2519 4377
0 0 0 0 1356
427 498 72 41 On
525 509 143 31 cover:
723 498 157 48 Wiley
907 498 261 41 handbook
1191 498 164 41 series.

425 554 185 42 Second
639 555 192 40 volume
858 556 238 47 prepared
1124 555 62 48 by
1213 565 28 30 a
1270 554 121 41 staff
1418 554 53 41 of
1499 555 277 48 specialists
1805 556 154 40 under
1988 555 84 42 the
2100 555 272 50 editorship

351 613 53 40 of
431 612 189 41 Harold
648 612 191 41 Pender
866 614 97 39 and
992 612 145 41 Knox
1165 612 271 41 McIlwain.

428 670 101 40 The
558 669 109 41 first
698 669 199 49 edition,
929 670 164 40 edited
1121 669 62 48 by
1214 669 191 41 Harold
1436 670 203 47 Pender,
1672 680 102 30 was
1804 670 258 49 published
2097 670 49 40 in
2178 670 116 41 1914
2324 670 51 41 in

356 736 88 33 one
486 727 190 40 volume
718 728 155 39 under
912 726 110 42 title:
1092 726 261 41 American
1394 726 259 42 handbook
1693 726 79 41 for
1816 727 248 41 electrical
2106 726 267 49 engineers.

356 784 100 40 The
488 785 177 40 second
697 783 199 46 edition,
927 783 163 41 edited
1121 783 62 47 by
1215 783 191 41 Harold
1437 783 190 41 Pender
1658 785 96 39 and
1786 784 220 40 William
2037 784 55 41 A.
2124 785 91 40 Del
2250 784 122 48 Mar,

357 851 99 30 was
478 840 260 48 published
761 841 51 40 in
835 839 116 41 1922
975 840 50 40 in
1049 851 89 30 one
1162 842 192 40 volume
1378 842 155 39 under
1559 840 110 41 title:
1723 841 276 41 Handbook
2022 841 79 41 for
2125 841 248 43 electrical

354 897 254 47 engineers.
677 899 63 46 cf.
765 897 131 41 Pref.
924 900 48 38 to
999 899 82 40 the
1107 898 60 41 3d
1195 898 72 42 ed.

425 954 202 42 Include
654 954 396 50 bibliographies.

704 1022 125 30 CONTENTS.—[v.
862 1009 41 54 1]
936 1012 212 42 Electric
1176 1022 305 39 power.—[v.
1513 1011 42 53 2]
1591 1012 211 43 Electric
1836 1013 407 42 communication
2277 1014 93 42 and

351 1069 300 42 electronics.

351 1154 43 29 v.
423 1144 38 47 1,
492 1139 52 53 ©
573 1143 103 41 Oct.
704 1143 69 48 10,
803 1141 142 48 1936;
975 1142 68 39 2c.
1075 1143 102 40 Oct.
1206 1143 83 47 15;
1323 1143 83 41 aff.
1437 1143 103 40 Oct.
1569 1144 82 47 14;
1684 1155 41 27 v.
1754 1145 41 47 2,
1825 1140 53 53 ©
1910 1145 129 48 Sept.
2069 1145 82 47 21;
2183 1145 67 39 2c.
2282 1143 95 42 and

422 1200 82 40 aff.
539 1201 129 47 Sept.
694 1200 57 40 24;
809 1201 41 39 A
878 1199 160 50 98917,
1068 1199 144 42 98603;
1273 1199 128 41 John
1433 1200 158 48 Wiley
1620 1201 37 40 &
1687 1211 127 35 sons,
1846 1201 91 41 inc.

433 1257 284 50 (36-20986)

352 1363 287 65 Philippe,
670 1364 65 66 of
756 1365 254 63 Novara,
1036 1363 136 54 13th
1200 1369 140 46 cent.

426 1452 1951 70 The wars' of Frederick II against the Ibelins in Syria and
356 1530 2021 151 Cyprus, by Philip de Novare. Translated, with notes and introduction, by John L. La Monte … with verse translation
355 1691 1997 147 of the poems by Merton Jerome Hubert … New York, Columbia university press, 1936.
429 1846 50 39 ix
518 1857 58 37 p.,
615 1845 28 39 2
706 1876 23 16 l.,
773 1844 179 50 [3]-230
988 1856 43 37 p.
1066 1845 111 41 incl.
1217 1845 129 40 illus.
1377 1844 187 51 (maps)
1610 1847 184 47 geneal.
1834 1846 97 40 tab.
1999 1845 166 48 front.,
2204 1846 170 49 plates.

357 1904 54 40 23½
445 1905 44 21 cm
495 1935 8 8 .
576 1901 304 50 (Half-title:
912 1901 215 42 Records
1161 1903 51 40 of
1245 1901 329 42 civilization;
1608 1913 196 31 sources
1835 1903 96 40 and
1965 1903 215 48 studies;
2216 1904 162 41 edited

359 1962 152 39 under
543 1960 82 39 the
660 1959 224 48 auspices
916 1959 51 39 of
998 1960 83 39 the
1112 1960 324 47 Department
1468 1960 51 40 of
1546 1960 204 48 history,
1785 1960 254 42 Columbia
2072 1960 298 51 university)

431 2019 130 38 “The
605 2018 107 39 text
755 2016 229 41 followed
1028 2016 42 41 is
1115 2018 111 40 that
1270 2016 301 42 established
1619 2017 61 49 by
1726 2017 205 43 Charles
1978 2019 185 41 Kohler
2206 2018 50 42 in
2301 2018 77 43 his

359 2074 258 41 Mémoires
639 2075 60 39 de
722 2073 225 49 Philippe
971 2075 59 40 de
1053 2074 207 49 Novare,
1286 2074 258 49 published
1568 2074 52 41 in
1645 2075 105 41 ‘Les
1774 2075 270 49 classiques
2067 2076 222 50 français
2313 2078 65 40 du

358 2142 171 38 moyen
564 2131 118 48 âge’,
713 2128 157 49 Paris,
902 2130 356 42 1913.”—Pref.

430 2187 1350 52 “Bibliography of works consulted”: p. [ 211]-217.
352 2258 54 54 ©
438 2262 130 48 Sept.
599 2263 71 47 14,
701 2260 118 42 1936;
874 2260 69 41 2c.
975 2261 97 40 and
1102 2261 82 39 aff.
1221 2262 129 48 Sept.
1381 2262 56 40 16;
1497 2263 41 39 A
1569 2261 145 42 98420;
1776 2263 254 42 Columbia
2063 2264 130 40 univ.
2224 2272 153 42 press.

435 2319 284 49 (36-21032)

352 2425 423 63 Poggendorff,
800 2424 237 53 Johann
1066 2423 326 66 Christian,
1424 2425 327 55 1796-1877.

423 2505 56 54 J.
532 2503 62 55 C.
643 2502 424 67 Poggendorffs
1112 2501 823 68 biographisch-literarisches
1983 2505 369 52 handwörter
353 2583 147 51 buch
535 2582 100 51 für
668 2579 396 69 mathematik,
1100 2581 362 67 astronomie,
1494 2579 213 70 physik
1739 2582 107 52 mit
1880 2582 336 68 geophysik,
355 2583 1997 140 Chemie,
528 2659 515 68 kristallographie
1086 2660 120 52 und
1249 2660 331 53 verwandte
1625 2660 453 68 Wissensgebiete.
2176 2662 92 52 bd.
2316 2665 30 49 6:

350 2738 2028 68 1923 bis 1931. Herausgegeben … von der Sächsischen akademie
354 2818 101 52 der
503 2817 472 54 Wissenschaften
1023 2835 69 34 zu
1138 2816 271 68 Leipzig;
1462 2816 277 68 redigiert
1788 2835 111 35 von
1947 2818 295 66 professor
2291 2819 83 53 dr.

354 2899 167 52 Hans
555 2895 229 56 Stobbe.
858 2901 45 49 1.
936 2894 118 56 teil.
1088 2895 164 54 A-E.
1330 2895 218 68 Berlin,
1583 2896 217 68 Verlag
1836 2894 251 70 Chemie,
2123 2901 151 50 1936.

443 2969 513 49 lxxii, 696 p. 26 ½ cm .
355 3024 2023 53 © Feb. 27, 1936; 1c. Sept. 14; A -Foreign 33055; Verlag Chemie, g. m.
425 3085 42 41 b.
503 3085 47 40 h.

358 3192 217 61 Pogue,
602 3188 178 54 Hilda
806 3190 67 54 B.

430 3266 124 53 The
580 3265 103 69 big
710 3270 130 63 top;
874 3265 143 54 tales
1050 3264 173 54 about
1254 3265 181 53 circus
1468 3264 261 69 animals,
1756 3263 77 70 by
1863 3262 185 56 Hilda
2081 3265 67 52 B.
2183 3266 196 67 Pogue

422 3341 1790 72 … Chicago, New York [etc.] B. H. Sanborn & co. [c1936]
432 3420 81 47 vii,
538 3419 86 40 125
649 3430 44 37 p.
746 3418 88 41 col.
860 3417 165 45 front.,
1051 3419 88 39 col.
1166 3417 129 40 illus.
1349 3417 56 40 20
1408 3420 44 21 cm
1458 3448 8 8 .

357 3472 52 53 ©
447 3477 128 47 Sept.
609 3476 39 49 1,
684 3474 142 49 1936;
862 3474 68 41 2c.
968 3475 127 48 Sept.
1130 3475 53 46 4;
1222 3474 81 40 aff.
1343 3474 129 48 Sept.
1507 3475 53 47 3;
1598 3475 40 38 A
1671 3474 171 47 97660;
1881 3473 140 48 Benj.
2057 3475 61 39 H.
2157 3474 221 40 Sanborn

428 3534 36 41 &
491 3545 67 30 co.
627 3531 284 51 (36-21497)

357 3639 174 64 Pope,
558 3640 211 61 Henry
792 3638 212 53 David.

433 3715 52 52 A
520 3715 138 68 lady
694 3716 112 52 and
845 3733 31 34 a
909 3715 157 53 Lone
1101 3718 119 49 star
1257 3714 131 68 flag,
1422 3713 77 68 by
1532 3714 205 66 Henry
1773 3713 193 53 David
2006 3716 173 64 Pope.
2258 3713 116 55 San

361 3793 1401 67 Antonio, Tex., The Naylor company [ c 1936]
432 3867 51 40 xi
508 3879 58 37 p.,
594 3868 25 39 1
669 3898 23 18 l.,
718 3867 58 41 62
802 3878 42 38 p.
904 3866 166 48 front.,
1099 3867 171 48 plates,
1300 3867 149 47 ports.
1509 3865 57 41 19
1568 3867 44 22 cm
1618 3897 8 9 .

433 3925 72 41 On
533 3934 142 32 cover:
730 3925 103 40 The
860 3926 136 46 story
1022 3924 51 41 of
1099 3924 193 40 Joanna
1318 3923 285 40 Troutman.

359 3979 52 53 ©
441 3984 118 46 Aug.
591 3983 69 48 17,
692 3983 114 40 1936;
867 3982 67 40 2c.
970 3983 128 46 Sept.
1129 3982 56 39 25;
1247 3981 80 40 aff.
1362 3981 128 49 Sept.
1523 3981 55 39 24;
1640 3981 39 38 A
1710 3978 143 42 98663;
1916 3979 61 39 H.
2012 3979 54 38 D.
2100 3978 141 47 Pope,
2280 3978 97 40 San

431 4040 195 47 Angelo,
663 4041 115 38 Tex.
854 4038 282 50 (36-20857)
