2519 4377
1039 4098 99 49 529

96 454 208 62 Adam,
330 451 245 54 Tassilo.

212 523 1875 70 … The art of batik in Java, by Tassilo Adam … New York,
97 609 151 49 1935.

165 679 24 39 4
218 689 42 38 p.
286 680 44 44 1.,
357 678 114 41 3-74
493 690 41 36 p.
591 677 128 41 illus.
774 678 145 39 25½cm.

166 734 63 40 At
255 734 124 40 head
407 733 53 41 of
482 733 108 41 title:
648 734 101 39 The
776 733 178 40 Needle
979 733 95 40 and
1099 730 175 43 bobbin
1300 731 123 41 club.

168 789 232 48 “Reprint
433 789 128 40 from
597 790 81 39 the
716 788 215 41 Bulletin
966 789 52 40 of
1055 790 79 39 the
1171 788 178 40 Needle
1385 789 95 39 and
1517 787 173 41 bobbin
1728 788 121 45 club,
1889 789 91 39 vol.
2017 787 68 47 18,

96 854 98 31 nos.
217 845 40 46 1,
286 845 40 48 2,
355 843 156 42 1934.”

165 900 347 49 Bibliography:
572 911 42 38 p.
646 900 157 41 73-74.

95 952 52 54 ©
170 958 109 40 Dec.
305 957 68 50 30,
400 957 112 41 1935;
566 956 66 42 2c.
659 958 110 39 Dec.
794 956 54 39 21;
904 955 81 43 aff.
1011 956 113 48 Apr.
1151 956 38 49 6,
1216 954 113 42 1936;
1382 956 40 40 A
1447 955 146 42 92798;
1646 957 177 41 Needle
1851 957 35 40 &
1911 954 175 43 bobbin

164 1015 122 46 club,
316 1016 116 38 New
460 1015 143 39 York.
673 1013 249 49 (36-9737)

94 1101 181 65 Agar,
303 1103 275 63 Herbert,
609 1102 170 53 1897-
989 1102 84 54 ed.

164 1178 150 54 Who
350 1197 154 36 owns
539 1178 300 54 America?
915 1178 55 53 A
1004 1196 122 36 new
1164 1178 348 54 declaration
1551 1178 64 54 of
1652 1179 436 67 independence,

95 1255 189 55 edited
323 1256 74 68 by
436 1256 252 54 Herbert
723 1256 163 68 Agar
923 1258 47 51 &
1008 1255 171 55 Allen
1221 1256 156 53 Tate.
1454 1257 233 67 Boston,
1727 1257 137 54 New
1909 1256 179 67 York,

95 1334 317 68 Houghton
439 1333 206 54 Mifflin
676 1351 296 50 company,
1006 1336 149 51 1936.

164 1419 45 35 x,
237 1408 86 40 342
351 1418 40 37 p.
452 1407 54 39 21½
540 1409 43 21 cm
588 1438 7 7 .

93 1456 53 56 ©
175 1465 112 47 Apr.
317 1464 69 45 28,
417 1463 114 40 1936;
588 1463 67 41 2c.
684 1465 113 46 May
826 1463 25 40 8;
911 1462 81 41 aff.
1024 1464 113 46 May
1168 1464 25 38 7;
1252 1463 39 38 A
1320 1461 144 42 94339;
1525 1463 262 47 Houghton
1820 1461 168 41 Mifflin
2019 1472 67 31 co.

171 1520 249 47 (36-9775)

93 1609 306 54 Alabama.
476 1613 176 51 Court
681 1610 62 66 of
768 1609 248 68 appeals.

94 1687 1993 146 Report of cases argued and determined … during the October terms, 1933, 1934, 1935. By Noble H. Seay, reporter of
94 1843 289 53 decisions,
456 1843 224 53 volume
714 1846 81 49 26.
870 1842 81 55 St.
989 1843 165 66 Paul,
1189 1844 201 66 Minn.,
1425 1846 158 52 West
1621 1842 332 69 publishing
1990 1863 98 47 co.,

95 1925 149 49 1936.

162 1993 96 47 xvi,
288 1994 83 39 776
402 2004 40 37 p.
499 1993 58 40 26½cm.

96 2047 52 52 ©
190 2051 112 47 Apr.
346 2050 39 46 6,
430 2049 112 40 1936;
612 2050 67 41 2c.
725 2051 112 46 May
881 2050 81 44 18;
1010 2049 81 39 aff.
1137 2050 111 46 May
1292 2049 82 42 20;
1420 2050 40 38 A
1504 2049 169 43 94523;
1722 2049 120 41 Bibb
1888 2050 198 49 Graves,

163 2117 234 37 governor
421 2106 52 39 of
493 2107 250 46 Alabama,
769 2106 77 40 for
870 2117 83 29 use
978 2105 53 41 of
1052 2106 104 40 said
1182 2108 140 44 state,
1347 2107 347 47 Montgomery,
1719 2107 105 40 Ala.

93 2181 166 65 Allis,
288 2181 384 65 Marguerite.

167 2255 1920 73 English prelude, by Marguerite Allis … with drawings by
97 2336 1680 69 the author. New York, G. P. Putnam’s sons [ c 1936]
165 2422 78 36 xv,
271 2410 85 41 323
383 2420 42 38 p.
456 2410 106 41 incl.
594 2409 162 49 front.,
785 2411 127 40 illus.
971 2409 114 40 22cm.

166 2469 137 47 Maps
333 2478 61 30 on
422 2466 360 49 lining-papers.

166 2523 371 49 Bibliography:
572 2535 42 37 p.
648 2523 215 42 307-308.

95 2576 52 53 ©
172 2581 112 48 Apr.
311 2581 67 41 17.
405 2580 112 40 1936;
573 2580 65 40 2c.
669 2580 94 40 and
789 2580 82 40 aff.
898 2580 112 48 Apr.
1037 2580 55 40 18;
1146 2580 41 39 A
1212 2579 146 40 94012;
1413 2580 62 40 M.
1502 2579 136 48 Allis,
1664 2577 257 49 Peekskill,
1949 2580 57 41 N.
2035 2580 51 38 Y.

172 2637 249 48 (36-9700)

95 2710 313 54 American
438 2710 244 54 medical
715 2709 374 55 association.
1166 2713 238 51 Council
1435 2730 73 34 on
1536 2711 259 65 physical
1826 2711 258 64 therapy.

165 2785 325 53 Handbook
527 2786 62 52 of
628 2785 259 69 physical
924 2787 270 66 therapy;
1238 2785 113 53 this
1392 2785 221 53 volume
1652 2785 254 53 contains
97 2784 1962 133 articles
242 2863 75 68 by
357 2862 226 55 various
624 2864 233 52 authors
895 2864 124 52 that
1058 2863 141 53 have
1237 2863 137 53 been
1414 2862 247 69 adopted
1702 2862 111 54 and
97 2863 1963 130 authorized
262 2940 93 53 for
396 2941 352 67 publication
789 2942 74 67 by
905 2942 94 51 the
1042 2938 237 56 Council
1321 2959 72 34 on
1434 2940 258 68 physical
1735 2941 242 67 therapy
2021 2940 63 52 of

98 3018 93 53 the
222 3016 303 54 American
557 3017 239 54 medical
831 3016 350 55 association.
1257 3017 71 52 2d
1363 3017 84 53 ed.
1480 3036 113 34 rev.
1671 3016 267 70 Chicago,
1974 3017 111 67 Ill.,

96 3093 1185 69 American medical association [ c 1936]
163 3163 88 41 436
284 3175 42 37 p.
387 3165 140 47 illus.,
566 3166 178 47 diagrs.
804 3165 56 39 22½
892 3168 43 20 cm
940 3197 9 8 .

95 3220 52 52 ©
178 3225 114 48 Apr.
323 3225 39 46 1,
392 3224 139 47 1936;
566 3224 66 41 2c.
666 3226 113 46 Apr.
812 3224 52 48 9;
901 3224 81 41 aff.
1015 3225 114 48 Apr.
1162 3226 51 45 8;
1249 3225 40 39 A
1322 3224 169 47 92871;
1526 3225 146 40 Amer.
1719 3224 204 41 medical
1958 3236 129 29 assn.

173 3281 249 48 (36-9613)

94 3355 314 54 American
450 3356 225 63 society
713 3357 62 52 of
815 3356 245 65 heating
1100 3358 114 52 and
1255 3356 357 65 ventilating
1650 3357 329 64 engineers.

165 3432 1923 69 Transactions … volumes 39-40 … New York, N. Y., The
98 3508 224 68 Society
351 3543 11 34 [
368 3516 18 21 c
393 3514 130 49 1936
530 3545 12 33 ]

164 3582 25 39 2
218 3595 42 27 v.
316 3583 159 39 fronts.
519 3584 197 47 (ports.)
754 3585 141 45 illus.,
925 3586 153 46 plans,
1108 3584 178 47 diagrs.
1345 3584 53 41 23
1402 3587 44 21 cm
1452 3617 8 8 .

440 3651 106 28 CONTENTS.—v.
595 3639 74 41 39.
718 3641 334 47 Thirty-ninth
1103 3642 181 38 annual
1335 3641 221 46 meeting,
1609 3638 290 48 Cincinnati,
1951 3641 136 46 Ohio,

95 3696 219 47 January
344 3696 156 47 23-25,
536 3695 115 41 1933;
713 3696 316 47 thirty-ninth
1065 3696 321 41 semi-annual
1421 3697 220 47 meeting.
1678 3696 206 45 Detroit,
97 3697 1973 101 Michigan.
230 3753 125 38 June
377 3752 156 40 22-24.
562 3753 234 40 1933.—v.
822 3752 71 41 40.
921 3753 220 40 Fortieth
1167 3755 181 38 annual
1375 3752 220 49 meeting,
1623 3753 115 39 New
1764 3754 143 46 York,
1936 3754 55 39 N.
2020 3754 68 45 Y.,

97 3808 247 47 February
373 3808 96 40 5-9.
501 3809 111 38 1934;
671 3810 205 39 fortieth
904 3810 324 39 semi-annual
1259 3809 220 47 meeting,
1512 3809 135 40 Buck
1677 3808 107 41 Hill
1811 3809 146 47 Falls,
1991 3811 96 45 Pa.,

96 3864 128 40 June
254 3863 156 46 19-22,
445 3864 126 41 1934.

99 3931 42 29 v.
173 3920 69 47 39,
275 3916 52 53 ©
360 3922 119 39 Mar.
514 3921 67 46 12,
614 3921 140 46 1936;
790 3922 66 39 2c.
890 3922 112 48 Apr.
1037 3922 52 45 9;
1128 3922 81 39 aff.
1244 3920 113 48 May
1390 3921 25 38 1;
1479 3933 42 27 v.
1554 3920 69 43 40.
1658 3917 52 52 ©
1744 3922 121 40 Mar.
1901 3920 53 40 12;
2020 3922 66 39 2c.

171 3977 111 47 Apr.
315 3977 80 44 10;
430 3977 79 39 aff.
543 3979 115 45 May
687 3979 22 37 1;
772 3979 38 37 A
843 3977 156 48 93983,
1033 3977 169 46 93984;
1237 3979 157 40 Amer.
1430 3988 91 29 soc.
1555 3977 51 40 of
1640 3977 197 48 heating
1871 3978 35 39 &
171 3976 1900 104 ventilating
350 4033 261 48 engineers,
636 4034 117 39 New
777 4035 144 41 York.
