2519 4377
1311 4125 101 51 480

436 526 164 40 “First
631 525 229 41 edition.”

435 583 229 41 Includes
697 582 367 43 “References”.

361 651 53 53 ©
439 656 115 47 Apr.
578 654 69 48 20,
677 655 114 40 1936;
847 655 66 40 2c.
942 657 96 38 and
1066 655 82 45 aff.
1177 656 114 47 Apr.
1319 656 56 40 25;
1433 658 39 38 A
1501 656 144 41 93810;
1704 659 300 48 Doubleday,
2035 661 165 38 Doran
2231 661 37 40 &
2293 671 84 38 co.,

431 712 91 40 inc.
586 712 253 48 (36-9283)

361 815 279 54 Uniform
675 816 137 54 laws
846 817 327 52 annotated,
1248 836 51 34 v.
1335 821 46 60 1,
1411 821 50 62 2,
1492 817 108 66 2A,
1632 821 153 50 3-10.
1865 822 133 52 1935
2031 819 345 55 cumulative

430 895 1920 147 annual pocket parts … Brooklyn, N. Y., Edward Thompson company [ c 1936 ]
430 1048 54 39 11
517 1060 40 27 V.
618 1048 57 38 22½c
725 1050 27 20 m
758 1081 8 6 .

431 1105 156 39 These
619 1105 276 49 pamphlets
927 1115 84 29 are
1043 1106 48 39 to
1123 1105 56 39 be
1212 1104 136 40 fitted
1379 1105 103 40 into
1515 1106 81 40 the
1628 1107 197 47 pockets
1858 1109 50 37 at
1941 1107 82 41 the
2056 1108 122 40 back
2210 1109 52 39 of
2296 1109 81 41 the

360 1164 217 38 volumes
603 1163 51 39 of
684 1163 80 39 the
794 1163 73 38 set
896 1164 48 37 to
973 1161 158 40 which
1162 1163 114 46 they
1306 1162 185 48 belong.

360 1229 53 53 ©
442 1235 122 38 Mar.
594 1234 41 46 3,
666 1233 141 46 1936;
839 1233 67 40 2c.
937 1234 117 38 each
1086 1234 94 38 and
1214 1232 81 41 aff.
1325 1233 115 48 Apr.
1469 1234 82 46 18;
1584 1233 40 39 A
1653 1232 172 49 94015;
1859 1235 213 40 Edward
2099 1234 278 48 Thompson

430 1301 68 30 co.

360 1397 71 53 U.
459 1397 57 53 S.
591 1397 186 64 Laws,
804 1401 258 61 statutes,
1088 1401 102 48 etc.

432 1473 216 56 United
692 1473 189 55 States
920 1474 170 54 Code.
1169 1474 276 67 Compact
1483 1474 84 52 ed.
1643 1474 203 52 March
1886 1478 152 63 1936,
2078 1476 299 67 pamphlet

359 1571 88 35 no.
488 1557 43 48 1.
608 1553 373 68 Comprising
1013 1552 96 53 the
1146 1553 138 52 laws
1321 1552 62 53 of
1422 1573 30 33 a
1490 1553 229 67 general
1757 1553 111 52 and
1906 1561 337 60 permanent
360 1573 1991 112 nature
515 1632 235 53 enacted

780 1632 154 53 from
961 1634 133 53 Jan.
1126 1636 48 61 3,
1202 1635 57 51 to
1288 1632 134 53 Feb.
1457 1636 81 62 14,
1570 1635 152 64 1936,
1752 1652 60 34 as
1840 1632 127 54 well
2000 1652 58 33 as
2088 1634 288 53 executive

359 1712 211 54 orders.
654 1710 104 68 [St.
792 1711 166 66 Paul,
989 1711 203 63 Minn.,
1223 1712 160 53 West
1414 1710 338 68 publishing
1784 1730 97 48 co.,
1914 1712 113 52 and
2061 1713 315 67 Brooklyn,

359 1792 68 51 N.
456 1791 91 64 Y.,
571 1789 257 53 Edward
853 1789 332 67 Thompson
1211 1807 98 49 co.,
1498 1823 11 33 c1936]

429 1864 55 40 19
516 1875 42 37 p.
619 1864 56 40 23½cm.

361 1931 53 53 ©
447 1936 121 38 Mar.
602 1935 40 47 5,
675 1933 117 41 1936;
851 1935 67 39 2c.
952 1934 115 48 Apr.
1100 1934 56 39 20;
1216 1934 83 40 aff.
1332 1934 114 47 Apr.
1481 1934 59 40 18;
1598 1934 40 39 A
1671 1933 149 40 94019;
1880 1935 135 40 West
2047 1936 110 46 pub.
2193 1947 52 29 co
2279 1937 97 39 and

430 1993 213 39 Edward
676 1992 277 47 Thompson
984 2001 68 31 co.

430 2096 219 55 [United
703 2096 188 55 States
942 2096 152 55 Code
1144 2096 325 52 annotated.
1556 2096 221 66 March,
1829 2100 152 63 1936,
2030 2096 344 53 cumulative

359 2175 316 68 pamphlet.
740 2174 353 67 Containing
1121 2180 115 47 acts
1264 2174 63 53 of
1354 2193 30 33 a
1412 2175 231 65 general
1670 2174 112 52 and
1810 2181 337 60 permanent
2172 2179 203 50 nature

361 2253 63 55 of
467 2255 95 52 the
605 2252 134 54 74th
786 2253 300 68 Congress,
1128 2253 204 54 second
1375 2252 230 64 session,
1648 2259 58 47 to
1751 2253 298 68 February
2095 2257 81 64 14,
2224 2257 150 65 1936,

361 2334 112 52 and
512 2332 289 53 executive
839 2333 213 64 orders,
1090 2331 140 53 with
1269 2331 382 66 annotations,
1689 2331 346 55 cumulative
2071 2334 151 53 table
2262 2335 112 51 and

359 2409 2015 70 index … St. Paul, Minn., West publishing co.; Brooklyn,
359 2494 69 52 N.
458 2492 90 62 Y.,
576 2490 256 52 Edward
859 2489 331 67 Thompson
1218 2508 77 34 co.
1332 2523 11 33 [
1349 2495 17 20 c
1374 2492 131 49 1936]

433 2564 88 40 223
548 2575 42 36 p.
652 2563 56 40 23½
742 2565 44 20 cm.

361 2622 53 53 ©
453 2628 120 38 Mar.
614 2627 69 41 11,
725 2626 140 45 1936;
904 2625 67 41 2c.
1012 2626 97 39 and
1149 2625 82 40 aff.
1272 2625 113 48 Apr.
1426 2626 81 40 18;
1550 2625 40 39 A
1630 2624 171 41 94018:
1844 2626 136 40 West
2020 2625 109 48 pub.
2170 2636 67 29 co.
2277 2628 97 38 and

430 2684 214 39 Edward
680 2684 275 46 Thompson
990 2694 68 30 co.

361 2786 128 53 Van
518 2787 211 63 Metre,
759 2785 305 54 Thurman
1094 2783 275 64 William,
1402 2790 170 50 1884-

432 2859 1938 69 Trains, tracks and travel, by T. W. Van Metre … New
367 2942 176 60 York,
582 2940 645 55 Simmons-Boardman
1265 2938 336 69 publishing
1637 2956 280 51 company
1957 2940 171 66 [1936]

435 3010 1473 50 3 p. l., 296 p. front., illus., plates (2 double) 24 cm .
433 3070 216 39 “Fourth
683 3067 227 42 edition.”

360 3126 52 53 ©
441 3132 121 38 Mar.
590 3129 69 45 12,
688 3128 139 43 1936;
858 3128 66 40 2c.
955 3130 122 38 Mar.
1106 3128 82 41 30;
1220 3128 82 40 aff.
1331 3128 114 47 Apr.
1476 3129 51 39 1;
1559 3128 40 39 A
1628 3128 171 46 92886;
1832 3127 541 40 Simmons-Boardman

429 3188 108 47 pub.
568 3198 65 29 co.
703 3185 281 49 (36-27217)

361 3290 270 64 Wallace,
663 3290 230 52 Doreen
925 3288 201 53 Eileen
1156 3289 245 63 Agnew,
1434 3290 170 53 1897-

433 3366 75 56 So
531 3366 138 68 long
695 3372 58 47 to
781 3366 176 67 learn,
982 3365 74 59 by
1083 3366 222 51 Doreen
1335 3364 270 54 Wallace.
1666 3365 258 58 London,
1953 3364 237 58 Collins,
2223 3367 147 49 1936.

430 3440 475 51 421, [1] p. 20½ cm .
362 3494 2010 54 © 1c. Apr. 8, 1936; A ad int. 21312; pubd. Mar. 5; Dora Eileen Agnew
431 3557 147 43 Rash,
611 3556 127 47 Diss,
772 3556 219 46 Norfolk,
1026 3556 235 45 England.
1334 3553 251 49 (36-9563)

362 3660 242 57 Warfel,
633 3661 201 61 Harry
862 3661 253 60 Redcay.

432 3736 162 51 Noah
651 3735 278 53 Webster,
987 3734 404 54 schoolmaster
1445 3738 59 48 to
1562 3731 286 69 America,
1905 3731 76 70 by
2042 3731 198 69 Harry
2299 3731 67 52 R.

361 3813 240 52 Warfel.
666 3814 139 52 New
833 3813 179 61 York,
1042 3813 121 52 The
1191 3809 335 56 Macmillan
1554 3828 299 51 company,
1884 3813 152 50 1936.

432 3883 1486 52 xiii p., 1 l., 460 p. front., 2 pl., ports., facsims. 22½cm.
433 3943 235 41 “Sources
698 3946 93 38 and
818 3944 367 48 bibliography”:
1244 3955 42 36 p.
1333 3940 235 52 [439]-449.

361 4000 52 53 ©
449 4005 113 46 Apr.
599 4004 71 41 25.
707 4004 139 42 1936;
884 4005 66 40 2c.
988 4005 94 39 and
1120 4004 81 40 aff.
1241 4004 113 47 Apr.
1391 4005 82 44 27;
1513 4004 40 38 A
1590 4003 171 46 93821;
1803 4003 281 39 Macmillan
2123 4015 67 27 co.

440 4061 252 48 (36-9179)
