2519 4377
1083 4119 101 55 307

121 471 378 63 Miniberger,
527 470 238 54 Václav.

254 546 1870 69 … Za z áří sonorské Tajopy. Chicago, Ill., The Challenge
121 626 334 66 publishing
482 643 279 49 company
815 628 151 63 [1936]

187 698 585 48 3 p. l., 3-244 p. 25cm.
122 764 54 53 ©
216 770 110 38 Jan.
366 769 69 47 24,
478 768 113 39 1936:
660 767 67 41 2c.
770 768 109 39 Jan.
920 766 82 46 29;
1047 766 81 40 aff.
1172 767 110 40 Feb.
1326 767 52 46 8;
1423 768 39 38 A
1503 766 171 47 91664;
1718 767 55 41 V.
1817 765 308 50 Miniberger,

191 826 236 47 Palatine,
464 827 74 38 Ill.

121 928 144 53 New
291 929 210 64 Jersey
529 927 425 54 miscellaneous
982 932 249 62 reports;
1262 926 334 69 containing
1623 945 149 36 cases
1802 928 235 53 decided
2065 926 60 55 in

192 1009 94 50 the
317 1007 180 54 Court
524 1008 61 51 of
615 1025 186 34 errors
830 1007 112 51 and
973 1006 250 66 appeals,
1254 1006 178 53 Court
1463 1006 63 51 of
1557 1007 294 66 chancery,
193 1009 1908 128 Prerogative

369 1086 111 51 and
510 1084 274 67 Supreme
811 1090 187 46 courts
1025 1084 186 51 which
1239 1102 93 33 are
1358 1087 97 48 not
1485 1085 264 66 reported
1776 1086 61 51 in
1863 1085 98 51 the
1987 1086 138 52 New

192 1164 201 65 Jersey
434 1164 109 51 law
588 1163 113 52 and
744 1163 193 65 equity
979 1167 237 62 reports.
1293 1162 141 52 Also
1476 1163 319 66 important
1837 1181 150 34 cases

193 1164 1908 129 decided
384 1240 59 52 in
470 1241 95 52 the
592 1242 139 51 New
759 1242 201 64 Jersey
989 1240 205 54 Courts
1225 1239 62 52 of
1314 1257 257 35 common
1599 1241 157 66 pleas
1785 1242 111 51 and
1925 1242 76 67 by
2029 1242 96 52 the

194 1323 340 62 surrogates,
563 1337 112 47 any
704 1318 242 66 changes
975 1317 59 53 in
1065 1322 131 48 1935
1226 1319 61 50 in
1314 1319 95 50 the
1437 1320 150 52 rules
1616 1318 63 53 of
1705 1320 96 51 the

1831 1320 138 52 New
193 1322 1908 140 Jersey
318 1396 273 66 Supreme
620 1400 178 61 court,
826 1396 137 51 New
991 1397 201 65 Jersey
1222 1395 179 55 Court
1428 1396 63 52 of
1519 1415 184 34 errors
1731 1397 112 52 and
1874 1398 253 67 appeals,

194 1475 137 52 New
363 1476 201 64 Jersey
600 1473 296 67 Chancery
931 1473 112 52 and
1077 1474 372 66 Prerogative
1486 1478 203 49 courts.
1768 1475 168 54 Cases
1974 1476 152 52 from

194 1554 263 65 January
530 1556 68 62 1st,
636 1554 153 64 1935,
826 1557 58 46 to
921 1553 262 66 January
1224 1556 100 64 1st,
1366 1555 148 50 1936.
1590 1553 290 67 Reported
1918 1554 76 68 by
2030 1555 99 52 the

194 1630 338 68 publishers’
554 1629 266 54 editorial
843 1627 149 55 staff.
1053 1630 241 54 Volume
1320 1634 79 49 13.
1459 1632 263 65 Newark,
1747 1633 67 52 N.
1841 1633 74 55 J.,
1940 1632 187 69 Soney

193 1713 45 49 &
265 1709 147 65 Sage
435 1727 97 46 co.,
559 1711 149 50 1936.

189 1783 65 45 xi,
282 1781 85 40 929
397 1792 42 37 p.
497 1781 146 40 23½cm.

124 1848 52 53 ©
206 1853 110 38 Feb.
342 1851 70 47 20,
442 1850 140 48 1936;
613 1850 68 40 2c.
712 1852 94 38 and
839 1849 81 42 aff.
954 1850 110 40 Feb.
1092 1849 83 48 24;
1208 1851 40 38 A
1278 1850 170 47 90891;
1485 1851 155 48 Soney
1671 1852 36 40 &
1740 1852 123 48 Sage
1893 1864 67 29 co.

123 1972 145 52 New
295 1971 210 62 Jersey
532 1973 323 60 taxpayers
884 1968 376 54 association.

258 2047 1697 68 … Facts about New Jersey and the cost of government,
127 2066 2000 129 compiled under the direction of A. R. Everson … Trenton, N. J.,
126 2205 121 52 The
273 2204 137 53 New
435 2205 199 65 Jersey
660 2207 305 63 taxpayers
992 2202 355 68 association,
1374 2207 172 51 c1935.

188 2277 69 48 95,
292 2278 53 49 [1]
375 2288 42 37 p.
474 2277 170 46 tables,
674 2276 179 47 diagrs.
910 2276 116 40 23cm.

126 2345 52 53 ©
210 2350 110 37 Dec.
353 2348 68 48 12,
455 2345 139 49 1935;
627 2347 68 39 2c.
729 2347 95 38 and
857 2346 82 40 aff.
972 2347 113 38 Dec.
1118 2346 81 47 16;
1235 2347 40 37 A
1305 2346 169 45 88712;
1510 2348 116 38 New
1660 2348 170 48 Jersey
1864 2350 266 47 taxpayers

196 2415 127 29 assn.

190 2505 1914 147 … New universal self-pronouncing dictionary with an encyclopedic
493 2581 1576 70 appendix. Handy ed. Edited by W. J. Pelo …
200 2663 270 68 Chicago,
497 2660 410 68 Philadelphia
940 2666 137 62 [etc.]
1110 2661 122 52 The
1258 2660 157 55 John
1444 2661 63 55 C.
1536 2662 266 54 Winston
1832 2680 298 52 company,

200 2743 150 51 1936.

199 2811 1646 51 3 p. l., 624 p. 13½cm. (Winston-universal dictionary series)
204 2870 72 41 On
326 2881 166 31 cover:
546 2869 261 42 Universal
856 2869 445 51 self-pronouncing
1349 2870 275 48 dictionary
1675 2872 145 40 based
1871 2883 126 38 upon
2051 2874 79 41 the

133 2929 286 40 foundation
446 2928 99 40 laid
573 2928 62 47 by
664 2928 136 40 Noah
829 2927 234 41 Webster.

128 2996 52 52 ©
207 3001 121 38 Mar.
352 2999 38 45 6,
418 2998 112 40 1936;
585 2998 67 40 2c.
681 2999 120 38 Mar.
830 2998 53 40 13:
941 2997 82 40 aff.
1050 2999 121 39 Mar.
1199 2998 55 38 14;
1310 2998 40 38 A
1376 2997 171 48 93159;
1578 2999 128 39 John
1736 2999 49 41 C.
1873 2998 163 41 Winston
2064 3011 66 30 co.

200 3057 279 48 [Copyright
505 3056 40 39 is
571 3056 205 38 claimed
803 3066 59 28 on
890 3054 246 40 additions
1164 3056 94 38 and
1286 3055 253 48 revisions]
1606 3055 250 48 (36-7853)

132 3158 257 65 Nichols,
417 3161 137 51 Mrs.
585 3157 187 54 Marie
801 3158 196 51 Leona
1029 3157 262 66 (Hobbs)
1329 3163 170 49 1880-

198 3237 148 54 Joab
385 3236 244 52 Powell:
668 3236 314 66 homespun
1020 3235 358 66 missionary,
1417 3234 75 67 by
1528 3234 79 52 M.
1648 3235 189 52 Leona
1880 3236 250 51 Nichols.

135 3314 296 66 Portland,
462 3313 121 66 Or.,
615 3313 414 67 Metropolitan
1062 3331 174 49 press,
1273 3316 149 49 1935.

200 3385 1382 50 6 p. l., 3-116 p. incl. front, (mounted port.) 21½cm.
201 3442 356 42 “Authorities”:
619 3454 42 36 p.
692 3442 213 40 115-116.

128 3508 52 54 ©
208 3514 111 39 Dec.
347 3512 68 47 20,
445 3512 139 48 1935;
615 3512 68 41 2c.
713 3513 94 39 and
838 3511 81 42 aff.
950 3512 108 39 Jan.
1087 3513 41 46 4,
1158 3511 141 48 1936;
1330 3511 41 40 A
1400 3510 171 48 90170;
1605 3510 346 50 Metropolitan
1982 3520 150 40 press.

211 3569 248 48 (36-7784)

135 3672 194 51 North
366 3676 256 49 western
659 3673 200 65 digest.
937 3676 132 48 1935
1106 3671 342 52 cumulative
1487 3673 211 51 annual
1733 3671 204 67 pocket
1972 3676 160 62 parts

268 3748 1859 67 … [for] vols. 1 -40 … St. Paul, West publishing co. [c1936]
200 3823 58 37 40
318 3854 7 7 v.
381 3821 116 41 25cm.

207 3878 155 38 These
390 3878 272 47 pamphlets
694 3889 83 28 are
807 3880 48 37 to
888 3878 59 39 be
974 3877 137 40 fitted
1144 3877 101 40 into
1279 3878 81 39 the
1392 3877 196 47 pockets
1621 3880 53 38 at
1703 3878 82 39 the
1815 3876 123 40 back
1968 3876 53 39 of
2052 3876 84 41 the

131 3935 214 38 volumes
374 3935 49 38 of
453 3935 84 43 the
560 3938 71 36 set
663 3937 48 37 to
740 3934 157 40 which
928 3935 115 46 they
1069 3934 184 46 belong.

137 3999 52 52 ©
251 4015 23 28 Jan
356 4004 69 42 30.
456 4005 138 40 1936:
627 4005 67 39 2c.
724 4004 119 39 each
874 4003 94 40 and
998 4003 83 41 aff.
1113 4004 111 40 Feb.
1254 4003 54 40 17;
1369 4004 41 37 A
1439 4002 171 47 90806;
1644 4004 134 39 West
1810 4003 109 48 pub.
1950 4011 67 30 co.
