2519 4377
1301 4073 135 53 1372

352 386 218 65 Oertel,
600 387 221 53 Ernest
849 387 275 63 Edward,
1156 388 172 54 1897-

426 475 250 54 Toward
707 495 31 33 a
770 495 123 34 new
921 475 350 69 philosophy
1299 477 60 51 in
1389 476 363 53 educational
1781 474 486 70 administration,
2296 476 76 68 by

359 553 1817 69 Ernest E. Oertel … Los Angeles, Murray & Gee, 1936.
428 640 948 50 1 p. l., iv p., 2 l., 182 p., 1 l. 22½ cm .
428 711 175 39 Thesis
631 711 108 48 (PH.
803 710 361 48 D.)—Columbia
1197 711 287 49 university,
1516 711 129 42 1936.

429 769 129 39 Vita.

428 824 382 49 Bibliography:
840 836 44 37 p.
914 825 218 41 174-182.

353 892 53 53 ©
435 897 115 46 May
579 897 39 46 5,
648 896 144 47 1936;
822 896 69 40 2c.
923 896 97 39 and
1052 896 81 41 aff.
1166 898 115 45 May
1310 897 83 47 11;
1426 897 42 39 A
1498 896 171 49 95113;
1704 898 54 40 E.
1789 898 53 39 E.
1877 898 180 48 Oertel,
2088 898 284 48 Alhambra,

424 954 146 42 Calif.
629 953 284 50 (36-21304)

354 1073 169 54 Ohio.
598 1075 185 63 Laws,
806 1080 258 58 stdtutes,
1089 1080 99 47 etc.

425 1165 202 66 Page’s
676 1165 154 55 Ohio
872 1164 347 54 cumulative
1263 1165 136 53 code
1445 1165 227 67 service,
1717 1165 335 67 containing
2095 1166 96 52 the
2232 1165 140 52 laws

355 1244 204 66 passed
584 1252 57 45 at
667 1244 96 52 the
788 1244 232 67 regular
1044 1244 114 53 and
1182 1243 212 68 special
1420 1243 238 54 sessions
1685 1244 63 53 of
1772 1245 96 51 the
1895 1244 247 54 General
355 1261 1994 128 assembly,
503 1322 155 51 from
690 1323 323 53 November
1044 1325 48 64 1,

1126 1325 152 64 1934,
1308 1327 58 49 to
1400 1323 246 54 October
1680 1327 46 61 5,
1761 1326 152 51 1936.
1944 1323 142 51 with
2118 1328 158 47 notes
2309 1321 63 54 of

356 1400 279 54 decisions
674 1401 64 53 of
776 1402 96 51 the
912 1406 190 47 courts
1143 1402 112 51 and
1295 1400 265 68 opinions
1601 1401 63 54 of
1701 1401 97 53 the
1839 1406 264 62 attorney
2143 1401 229 67 general

356 1478 1955 69 construing the statutes. Edited by George C. Trautwein …
354 1556 1994 146 annotations by Carl Louis Meier … number 18: 1936 … Cincinnati,
615 1638 122 53 The
761 1639 89 54 W.
878 1639 77 52 H.
982 1638 305 54 Anderson
1313 1656 283 48 company
1626 1672 12 32 [
1643 1644 19 21 c
1667 1641 134 49 1936
1807 1671 12 33 ]

424 1725 26 39 2
479 1736 43 37 p.
588 1757 8 15 l.,
622 1725 101 48 440,
753 1724 56 40 40
837 1735 44 37 p.
939 1724 56 40 26
998 1727 44 20 cm
1048 1754 8 8 .

356 1792 52 53 ©
439 1796 102 41 Oct.
572 1797 70 47 17,
672 1795 142 47 1936;
845 1796 70 40 2c.
945 1795 98 39 and
1072 1794 83 42 aff.
1187 1795 102 40 Oct.
1320 1794 82 49 19;
1436 1796 42 39 A
1507 1794 172 49 99406;
1712 1796 72 40 W.
1815 1796 61 39 H.
1908 1795 259 39 Anderson
2197 1804 68 31 co.

356 1918 129 63 Orr,
518 1916 323 56 Dorothea.

430 2007 259 54 Portrait
714 2005 65 55 of
804 2026 30 34 a
862 2007 230 69 people;
1124 2005 233 56 Croatia
1384 2007 194 67 today,
1604 2007 75 66 by
1706 2006 291 53 Dorothea
2030 2005 130 55 Orr.
2236 2006 138 53 New

366 2087 158 53 York
549 2086 114 53 and
691 2085 261 68 London,
981 2084 172 54 Funk
1178 2088 44 49 &
1248 2085 302 69 Wagnalls
1578 2102 300 50 company,
1907 2087 151 50 1936.

430 2175 64 46 ix,
524 2174 86 40 246
640 2185 43 36 p.
741 2173 165 41 front.,
937 2173 170 48 plates.
1167 2173 117 39 21cm.

357 2241 53 54 ©
439 2246 128 47 Sept.
595 2244 70 46 10,
692 2243 141 49 1936;
862 2244 68 41 2c.
961 2244 97 40 and
1086 2254 25 29 a
1117 2244 51 41 if.
1199 2244 129 48 Sept.
1356 2244 82 48 16;
1469 2244 41 40 A
1536 2242 172 49 97815;
1739 2243 141 40 Funk
1907 2244 36 41 &
1973 2242 254 49 Wagnalls
2253 2251 69 34 co.

437 2303 283 50 (36-21126)

356 2409 249 64 Osborn,
634 2409 208 63 Henry
871 2407 295 64 Fairfield,
1199 2409 327 54 1857-1935.

429 2499 400 52 Proboscidea.
896 2498 56 52 A
981 2498 361 68 monograph
1373 2497 63 53 of
1467 2498 95 52 the
1593 2498 315 68 discovery,
1936 2497 310 69 evolution,
359 2496 1994 152 migration
622 2579 113 52 and
767 2578 319 54 extinction
1112 2577 65 55 of
1205 2578 97 52 the
1329 2577 355 53 mastodonts
1715 2578 113 53 and
1859 2578 298 68 elephants
2189 2577 64 53 of
2283 2578 94 53 the

363 2654 2015 71 world, by Henry Fairfield Osborn … Edited by Mabel Rice
358 2739 199 64 Percy,
635 2738 227 51 volume
929 2780 9 9 I.
980 2739 67 50 M
1050 2734 433 55 ceritherioidea.
1560 2736 525 55 Deinotherioidea.
359 2739 1991 130 Mastodontoidae.
752 2816 140 52 New
925 2815 181 66 York,
1137 2816 144 53 Pub.
1315 2833 72 35 on
1418 2816 96 51 the
1543 2817 55 54 J.

1632 2814 280 69 Pierpont
1945 2817 247 67 Morgan
2226 2816 149 52 fund

360 2897 75 66 by
471 2896 94 52 the
605 2899 242 49 trustees
885 2893 64 55 of
986 2895 96 52 the
1120 2894 308 54 American
1467 2913 255 34 museum
1762 2894 63 53 of
1864 2895 232 53 natural
2135 2896 240 67 history,

358 2976 95 51 the
481 2975 310 52 American
816 2991 256 35 museum
1098 2991 175 48 press,
1302 2978 149 49 1936.

429 3049 64 48 xi,
531 3047 84 41 802
649 3057 45 37 p.
755 3046 86 42 col.
877 3045 165 50 front.,
1078 3046 128 40 illus.
1254 3045 134 51 (incl.
1424 3046 162 49 maps)
1630 3047 160 47 plates
1836 3047 138 48 (part
2008 3045 143 50 fold.)
2196 3046 180 49 diagrs.

362 3106 54 40 33½
465 3116 32 28 x
515 3104 56 40 29
572 3107 47 21 cm
623 3137 8 8 .

434 3162 141 47 Maps
602 3172 66 31 on
693 3160 369 49 lining-papers.

436 3218 147 40 “This
613 3217 211 48 original
855 3216 185 43 edition
1068 3216 189 49 (issued
1285 3215 191 49 August
1506 3216 69 46 15,
1606 3215 139 49 1936)
1785 3215 42 41 is
1855 3215 190 41 limited
2076 3218 49 39 to
2154 3217 76 40 six
364 3218 1995 98 hundred
507 3275 96 39 and
630 3274 315 48 seventy-five

969 3273 173 48 copies,
1170 3274 51 40 of
1246 3272 160 41 which
1432 3272 99 41 this
1559 3273 43 40 is
1626 3273 203 40 number
1852 3273 131 40 404.”

437 3331 381 48 “Bibliography
848 3331 53 41 of
925 3331 83 40 the
1036 3330 337 48 Prohoscidea,
1403 3329 291 40 1602-1935”
1714 3341 9 29 :
1757 3341 43 29 v.
1828 3330 40 48 1,
1897 3340 41 38 p.
1968 3330 217 41 761-802.

360 3397 52 53 ©
439 3402 120 47 Aug.
588 3402 70 48 15,
687 3400 142 48 1936;
858 3401 67 39 2c.
955 3400 96 40 and
1079 3400 82 40 aff.
1189 3401 120 47 Aug.
1337 3399 84 48 20;
1451 3400 42 39 A
1520 3399 172 48 97450;
1722 3400 160 41 Amer.
1912 3409 219 32 museum
2160 3401 52 41 of
433 3401 1927 97 natural
528 3457 205 49 history.
791 3457 282 49 (36-21138)

362 3562 251 64 Paxson,
642 3561 278 56 Frederic
946 3564 222 63 Logan,
1198 3565 170 52 1877—

433 3655 310 53 American
779 3655 333 65 democracy
1150 3653 113 52 and
1299 3654 94 50 the
1432 3653 181 53 world
1651 3672 118 33 war…
1936 3672 52 33 [v.
2029 3658 46 62 1]
2118 3655 257 50 Pre-war

362 3731 1987 146 years 1913-1917. [By] Frederic L. Paxson … Boston, Houghton Mifflin company, 1936.
433 3885 28 40 6
487 3895 41 37 p.
595 3917 7 16 l.,
629 3885 87 40 427
742 3894 43 38 p.
844 3883 164 48 front.,
1036 3883 151 49 ports.
1242 3882 55 40 22
1302 3885 44 21 cm
1352 3915 8 8 .

364 3951 52 53 ©
444 3956 127 47 Sept.
598 3955 69 48 15,
694 3954 142 48 1936;
864 3954 68 41 2c.
960 3954 95 39 and
1081 3954 83 40 aff.
1192 3954 128 47 Sept.
1347 3954 83 47 21;
1459 3953 42 39 A
1527 3952 170 47 97930;
1728 3953 50 40 F.
1807 3953 50 39 L.
1887 3953 208 46 Paxson,
2125 3949 250 49 Berkeley,

435 4012 145 41 Calif.
639 4011 283 49 (36-21132)
