<alto xmlns="http://www.loc.gov/standards/alto/ns-v3#" xmlns:xsi="http://www.w3.org/2001/XMLSchema-instance" xsi:schemaLocation="http://www.loc.gov/standards/alto/ns-v3# http://www.loc.gov/alto/v3/alto-3-0.xsd"><Description>
<MeasurementUnit>pixel</MeasurementUnit>
<sourceImageInformation>
<fileName>1936_v33_Part1.pdf</fileName>
</sourceImageInformation>
<OCRProcessing ID="IdOcr">
<ocrProcessingStep>
<processingDateTime>2019-01-18</processingDateTime>
<processingSoftware>
<softwareCreator>ABBYY</softwareCreator>
<softwareName>ABBYY Recognition Server</softwareName>
<softwareVersion>4.0</softwareVersion>
</processingSoftware>
</ocrProcessingStep>
</OCRProcessing>
</Description>
<Styles>
<ParagraphStyle ALIGN="Left" FIRSTLINE="0." ID="StyleId-FFFFFFFF-FFFF-FFFF-FFFF-FFFFFFFFFFFF-" LEFT="0." RIGHT="0." />
<ParagraphStyle ALIGN="Left" FIRSTLINE="0." ID="StyleId-51D50FAC-7A90-4D70-8A96-5EA9D46D1C8B-" LEFT="0." LINESPACE="7.699999809" RIGHT="0." />
<ParagraphStyle ALIGN="Block" FIRSTLINE="-17." ID="StyleId-6BC133E9-7DCB-43C3-8842-A67984A26405-" LEFT="0." LINESPACE="8.340000153" RIGHT="0." />
<ParagraphStyle ALIGN="Left" FIRSTLINE="-13." ID="StyleId-3C3FF860-43E7-46A2-8934-48F305F6F0D6-" LEFT="0." LINESPACE="11.06999969" RIGHT="0." />
<ParagraphStyle ALIGN="Block" FIRSTLINE="-13." ID="StyleId-19220C76-4F8A-4737-B38C-B5F5C17E6040-" LEFT="0." LINESPACE="11.06999969" RIGHT="0." />
<ParagraphStyle ALIGN="Left" FIRSTLINE="0." ID="StyleId-75A0D721-13ED-4F20-9002-B389EC48477D-" LEFT="0." LINESPACE="15.5" RIGHT="0." />
<ParagraphStyle ALIGN="Left" FIRSTLINE="0." ID="StyleId-8A414184-C7A5-4AC7-9B88-7DA4DDE75922-" LEFT="0." LINESPACE="9.399999619" RIGHT="0." />
<ParagraphStyle ALIGN="Left" FIRSTLINE="0." ID="StyleId-1A87970B-111C-4169-99A6-9412976F3C97-" LEFT="0." LINESPACE="10.5" RIGHT="0." />
<ParagraphStyle ALIGN="Block" FIRSTLINE="-17." ID="StyleId-72DB0571-5AE4-41FD-9E11-68C6AC4C437E-" LEFT="0." LINESPACE="8.340000153" RIGHT="0." />
<ParagraphStyle ALIGN="Center" FIRSTLINE="0." ID="StyleId-1AA43056-C388-4697-B10F-72FDAA38FAE1-" LEFT="0." LINESPACE="10.5" RIGHT="0." />
</Styles>
<Layout>
<Page HEIGHT="4377" ID="Page677" PHYSICAL_IMG_NR="677" WIDTH="2519">
<TopMargin HEIGHT="464" HPOS="0" VPOS="0" WIDTH="2519">
</TopMargin>
<LeftMargin HEIGHT="3722" HPOS="0" VPOS="464" WIDTH="124">
</LeftMargin>
<RightMargin HEIGHT="3722" HPOS="2144" VPOS="464" WIDTH="375">
</RightMargin>
<BottomMargin HEIGHT="191" HPOS="0" VPOS="4186" WIDTH="2519">
</BottomMargin>
<PrintSpace HEIGHT="3722" HPOS="124" VPOS="464" WIDTH="2020">
<TextBlock HEIGHT="76" HPOS="1070" ID="Page677_Block1" LANG="en-US" STYLEREFS="StyleId-B92D4341-5666-42D3-8127-0BEBEE363941-" VPOS="4110" WIDTH="120">
<TextLine HEIGHT="55" HPOS="1080" VPOS="4120" WIDTH="100">
<String CONTENT="677" HEIGHT="55" HPOS="1080" VPOS="4120" WIDTH="100" />
</TextLine>
</TextBlock>
<TextBlock CS="1" HEIGHT="3654" HPOS="124" ID="Page677_Block2" LANG="en-US" STYLEREFS="StyleId-BCF08D01-7FE0-4142-804F-3ED969C4700A-" VPOS="464" WIDTH="2020">
<TextLine CS="1" HEIGHT="66" HPOS="138" STYLEREFS="StyleId-0BC6B75C-E829-4D91-8553-A12777834E06-" VPOS="475" WIDTH="925">
<String CONTENT="New" HEIGHT="52" HPOS="138" VPOS="475" WIDTH="144" />
<SP HEIGHT="52" HPOS="283" VPOS="475" WIDTH="26" />
<String CONTENT="York" HEIGHT="51" HPOS="310" VPOS="475" WIDTH="159" />
<SP HEIGHT="65" HPOS="470" VPOS="475" WIDTH="32" />
<String CONTENT="(City)" CS="1" HEIGHT="65" HPOS="532" VPOS="476" WIDTH="162" />
<SP HEIGHT="66" HPOS="695" VPOS="475" WIDTH="85" />
<String CONTENT="Charters." HEIGHT="53" HPOS="781" VPOS="475" WIDTH="282" />
</TextLine>
<TextLine CS="1" HEIGHT="66" HPOS="209" STYLEREFS="StyleId-58AC3234-2389-4525-9600-0E3E47094478-" VPOS="552" WIDTH="1707">
<String CONTENT="Ten" HEIGHT="50" HPOS="209" VPOS="554" WIDTH="117" />
<SP HEIGHT="47" HPOS="327" VPOS="570" WIDTH="36" />
<String CONTENT="year" HEIGHT="47" HPOS="364" VPOS="570" WIDTH="134" />
<SP HEIGHT="34" HPOS="499" VPOS="571" WIDTH="36" />
<String CONTENT="cumulative" HEIGHT="53" HPOS="536" VPOS="552" WIDTH="342" />
<SP HEIGHT="35" HPOS="879" VPOS="570" WIDTH="36" />
<String CONTENT="annotated" HEIGHT="52" HPOS="916" VPOS="553" WIDTH="305" />
<SP HEIGHT="52" HPOS="1222" VPOS="553" WIDTH="35" />
<String CONTENT="supplement" HEIGHT="66" HPOS="1258" VPOS="552" WIDTH="360" />
<SP HEIGHT="48" HPOS="1619" VPOS="556" WIDTH="33" />
<String CONTENT="to" HEIGHT="51" HPOS="1653" VPOS="556" WIDTH="57" />
<SP HEIGHT="55" HPOS="1711" VPOS="552" WIDTH="37" />
<String CONTENT="Ash&#8217;s" HEIGHT="52" HPOS="1749" VPOS="552" WIDTH="167" />
</TextLine>
<TextLine CS="1" HEIGHT="127" HPOS="139" STYLEREFS="StyleId-58AC3234-2389-4525-9600-0E3E47094478-" VPOS="570" WIDTH="1992">
<String CONTENT="annotated" HEIGHT="111" HPOS="139" VPOS="570" WIDTH="1969" />
<SP HEIGHT="66" HPOS="295" VPOS="629" WIDTH="33" />
<String CONTENT="greater" HEIGHT="61" HPOS="329" VPOS="634" WIDTH="223" />
<SP HEIGHT="50" HPOS="553" VPOS="630" WIDTH="32" />
<String CONTENT="New" HEIGHT="50" HPOS="586" VPOS="630" WIDTH="137" />
<SP HEIGHT="50" HPOS="724" VPOS="631" WIDTH="38" />
<String CONTENT="York" HEIGHT="52" HPOS="763" VPOS="629" WIDTH="160" />
<SP HEIGHT="51" HPOS="924" VPOS="629" WIDTH="30" />
<String CONTENT="charter." HEIGHT="52" HPOS="955" VPOS="630" WIDTH="238" />
<SP HEIGHT="48" HPOS="1194" VPOS="634" WIDTH="73" />
<String CONTENT="5th" HEIGHT="50" HPOS="1268" VPOS="631" WIDTH="94" />
<SP HEIGHT="51" HPOS="1363" VPOS="631" WIDTH="34" />
<String CONTENT="ed.," HEIGHT="58" HPOS="1398" VPOS="629" WIDTH="102" />
<SP HEIGHT="39" HPOS="1501" VPOS="648" WIDTH="34" />
<String CONTENT="covering" HEIGHT="66" HPOS="1536" VPOS="630" WIDTH="265" />
<SP HEIGHT="61" HPOS="1802" VPOS="635" WIDTH="33" />
<String CONTENT="the" HEIGHT="52" HPOS="1836" VPOS="631" WIDTH="95" />
<SP HEIGHT="48" HPOS="1932" VPOS="649" WIDTH="34" />
<String CONTENT="years" HEIGHT="48" HPOS="1967" VPOS="649" WIDTH="164" />
</TextLine>
<TextLine HEIGHT="68" HPOS="145" STYLEREFS="StyleId-58AC3234-2389-4525-9600-0E3E47094478-" VPOS="706" WIDTH="1984">
<String CONTENT="1926-1936," HEIGHT="56" HPOS="145" VPOS="709" WIDTH="321" />
<SP HEIGHT="53" HPOS="467" VPOS="712" WIDTH="38" />
<String CONTENT="together" HEIGHT="65" HPOS="506" VPOS="707" WIDTH="258" />
<SP HEIGHT="32" HPOS="765" VPOS="725" WIDTH="38" />
<String CONTENT="with" HEIGHT="52" HPOS="804" VPOS="706" WIDTH="138" />
<SP HEIGHT="52" HPOS="943" VPOS="707" WIDTH="37" />
<String CONTENT="twenty" HEIGHT="63" HPOS="981" VPOS="710" WIDTH="214" />
<SP HEIGHT="48" HPOS="1196" VPOS="725" WIDTH="37" />
<String CONTENT="appendixes," HEIGHT="67" HPOS="1234" VPOS="707" WIDTH="365" />
<SP HEIGHT="66" HPOS="1600" VPOS="708" WIDTH="37" />
<String CONTENT="by" HEIGHT="66" HPOS="1638" VPOS="708" WIDTH="74" />
<SP HEIGHT="65" HPOS="1713" VPOS="709" WIDTH="37" />
<String CONTENT="John" HEIGHT="53" HPOS="1751" VPOS="709" WIDTH="155" />
<SP HEIGHT="50" HPOS="1907" VPOS="710" WIDTH="38" />
<String CONTENT="F." HEIGHT="52" HPOS="1946" LANG="fr" VPOS="710" WIDTH="64" />
<SP HEIGHT="54" HPOS="2011" VPOS="708" WIDTH="39" />
<String CONTENT="X." HEIGHT="54" HPOS="2051" VPOS="708" WIDTH="78" />
</TextLine>
<TextLine CS="1" HEIGHT="70" HPOS="140" STYLEREFS="StyleId-58AC3234-2389-4525-9600-0E3E47094478-" VPOS="782" WIDTH="1988">
<String CONTENT="Finn" HEIGHT="51" HPOS="140" VPOS="784" WIDTH="149" />
<SP HEIGHT="32" HPOS="290" VPOS="802" WIDTH="47" />
<String CONTENT="&#8230;" CS="1" />
<SP HEIGHT="33" HPOS="393" VPOS="802" WIDTH="48" />
<String CONTENT="and" HEIGHT="53" HPOS="442" VPOS="782" WIDTH="110" />
<SP HEIGHT="53" HPOS="553" VPOS="782" WIDTH="43" />
<String CONTENT="Paul" HEIGHT="51" HPOS="597" VPOS="784" WIDTH="146" />
<SP HEIGHT="52" HPOS="744" VPOS="784" WIDTH="40" />
<String CONTENT="B." HEIGHT="50" HPOS="785" VPOS="786" WIDTH="66" />
<SP HEIGHT="53" HPOS="852" VPOS="784" WIDTH="43" />
<String CONTENT="Carroll" HEIGHT="53" HPOS="896" VPOS="784" WIDTH="223" />
<SP HEIGHT="51" HPOS="1120" VPOS="784" WIDTH="48" />
<String CONTENT="&#8230;" CS="1" />
<SP HEIGHT="33" HPOS="1224" VPOS="803" WIDTH="47" />
<String CONTENT="with" HEIGHT="54" HPOS="1272" VPOS="783" WIDTH="138" />
<SP HEIGHT="51" HPOS="1411" VPOS="785" WIDTH="43" />
<String CONTENT="a" HEIGHT="33" HPOS="1455" VPOS="803" WIDTH="31" />
<SP HEIGHT="52" HPOS="1487" VPOS="785" WIDTH="41" />
<String CONTENT="foreword" HEIGHT="52" HPOS="1529" VPOS="785" WIDTH="284" />
<SP HEIGHT="53" HPOS="1814" VPOS="785" WIDTH="41" />
<String CONTENT="by" HEIGHT="66" HPOS="1856" VPOS="786" WIDTH="75" />
<SP HEIGHT="64" HPOS="1932" VPOS="788" WIDTH="40" />
<String CONTENT="John" HEIGHT="55" HPOS="1973" VPOS="786" WIDTH="155" />
</TextLine>
<TextLine CS="1" HEIGHT="69" HPOS="140" STYLEREFS="StyleId-58AC3234-2389-4525-9600-0E3E47094478-" VPOS="861" WIDTH="1990">
<String CONTENT="Godfrey" HEIGHT="54" HPOS="140" VPOS="861" WIDTH="260" />
<SP HEIGHT="54" HPOS="401" VPOS="861" WIDTH="39" />
<String CONTENT="Saxe" HEIGHT="54" HPOS="441" VPOS="861" WIDTH="145" />
<SP HEIGHT="33" HPOS="587" VPOS="880" WIDTH="41" />
<String CONTENT="&#8230;" CS="1" />
<SP HEIGHT="51" HPOS="685" VPOS="862" WIDTH="77" />
<String CONTENT="New" HEIGHT="51" HPOS="763" VPOS="862" WIDTH="138" />
<SP HEIGHT="51" HPOS="902" VPOS="862" WIDTH="35" />
<String CONTENT="York," HEIGHT="55" HPOS="938" VPOS="861" WIDTH="177" />
<SP HEIGHT="53" HPOS="1116" VPOS="863" WIDTH="39" />
<String CONTENT="Baker," HEIGHT="67" HPOS="1156" VPOS="861" WIDTH="205" />
<SP HEIGHT="65" HPOS="1362" VPOS="863" WIDTH="35" />
<String CONTENT="Voorhis" HEIGHT="54" HPOS="1398" VPOS="861" WIDTH="245" />
<SP HEIGHT="35" HPOS="1644" VPOS="880" WIDTH="38" />
<String CONTENT="and" HEIGHT="52" HPOS="1683" VPOS="863" WIDTH="111" />
<SP HEIGHT="52" HPOS="1795" VPOS="863" WIDTH="36" />
<String CONTENT="company," HEIGHT="50" HPOS="1832" VPOS="880" WIDTH="298" />
</TextLine>
<TextLine HEIGHT="50" HPOS="141" STYLEREFS="StyleId-58AC3234-2389-4525-9600-0E3E47094478-" VPOS="942" WIDTH="146">
<String CONTENT="1936." HEIGHT="50" HPOS="141" VPOS="942" WIDTH="146" />
</TextLine>
<TextLine CS="1" HEIGHT="49" HPOS="208" VPOS="1010" WIDTH="747">
<String CONTENT="xxi," HEIGHT="47" HPOS="208" VPOS="1011" WIDTH="98" />
<SP HEIGHT="46" HPOS="307" VPOS="1012" WIDTH="27" />
<String CONTENT="1284" CS="1" HEIGHT="39" HPOS="363" VPOS="1011" WIDTH="85" />
<SP HEIGHT="47" HPOS="449" VPOS="1012" WIDTH="26" />
<String CONTENT="p." HEIGHT="37" HPOS="476" VPOS="1022" WIDTH="42" />
<SP HEIGHT="39" HPOS="519" VPOS="1012" WIDTH="56" />
<String CONTENT="diagrs." HEIGHT="47" HPOS="576" VPOS="1011" WIDTH="179" />
<SP HEIGHT="41" HPOS="756" VPOS="1010" WIDTH="53" />
<String CONTENT="25&#189;" CS="1" HEIGHT="40" HPOS="810" VPOS="1010" WIDTH="59" />
<String CONTENT="cm" HEIGHT="21" HPOS="898" STYLE="superscript" VPOS="1012" WIDTH="45" />
<String CONTENT="." HEIGHT="9" HPOS="947" VPOS="1041" WIDTH="8" />
</TextLine>
<TextLine HEIGHT="54" HPOS="139" VPOS="1063" WIDTH="1991">
<String CONTENT="&#169;" HEIGHT="53" HPOS="139" VPOS="1063" WIDTH="52" />
<SP HEIGHT="53" HPOS="192" VPOS="1063" WIDTH="30" />
<String CONTENT="June" HEIGHT="39" HPOS="223" VPOS="1069" WIDTH="125" />
<SP HEIGHT="41" HPOS="349" VPOS="1067" WIDTH="31" />
<String CONTENT="11," HEIGHT="47" HPOS="381" VPOS="1067" WIDTH="69" />
<SP HEIGHT="45" HPOS="451" VPOS="1069" WIDTH="31" />
<String CONTENT="1936;" HEIGHT="42" HPOS="483" VPOS="1067" WIDTH="138" />
<SP HEIGHT="41" HPOS="622" VPOS="1068" WIDTH="31" />
<String CONTENT="2c." HEIGHT="39" HPOS="654" VPOS="1068" WIDTH="65" />
<SP HEIGHT="27" HPOS="720" VPOS="1079" WIDTH="32" />
<String CONTENT="and" HEIGHT="39" HPOS="753" VPOS="1068" WIDTH="95" />
<SP HEIGHT="39" HPOS="849" VPOS="1068" WIDTH="30" />
<String CONTENT="aff." HEIGHT="40" HPOS="880" VPOS="1067" WIDTH="82" />
<SP HEIGHT="40" HPOS="963" VPOS="1067" WIDTH="33" />
<String CONTENT="June" HEIGHT="40" HPOS="997" VPOS="1067" WIDTH="126" />
<SP HEIGHT="39" HPOS="1124" VPOS="1068" WIDTH="32" />
<String CONTENT="12;" HEIGHT="42" HPOS="1157" VPOS="1068" WIDTH="81" />
<SP HEIGHT="43" HPOS="1239" VPOS="1067" WIDTH="36" />
<String CONTENT="A" HEIGHT="40" HPOS="1276" VPOS="1067" WIDTH="40" />
<SP HEIGHT="40" HPOS="1317" VPOS="1067" WIDTH="30" />
<String CONTENT="94909;" HEIGHT="42" HPOS="1348" VPOS="1067" WIDTH="171" />
<SP HEIGHT="40" HPOS="1520" VPOS="1069" WIDTH="36" />
<String CONTENT="Rose" HEIGHT="40" HPOS="1557" VPOS="1069" WIDTH="125" />
<SP HEIGHT="40" HPOS="1683" VPOS="1069" WIDTH="31" />
<String CONTENT="Ash," HEIGHT="48" HPOS="1715" VPOS="1069" WIDTH="113" />
<SP HEIGHT="37" HPOS="1829" VPOS="1080" WIDTH="34" />
<String CONTENT="executrix," HEIGHT="50" HPOS="1864" VPOS="1067" WIDTH="266" />
</TextLine>
<TextLine HEIGHT="54" HPOS="208" VPOS="1123" WIDTH="1921">
<String CONTENT="estate" HEIGHT="39" HPOS="208" VPOS="1126" WIDTH="157" />
<SP HEIGHT="38" HPOS="366" VPOS="1126" WIDTH="25" />
<String CONTENT="Mark" HEIGHT="39" HPOS="392" VPOS="1125" WIDTH="141" />
<SP HEIGHT="38" HPOS="534" VPOS="1125" WIDTH="25" />
<String CONTENT="Ash," HEIGHT="47" HPOS="560" VPOS="1125" WIDTH="113" />
<SP HEIGHT="47" HPOS="674" VPOS="1125" WIDTH="28" />
<String CONTENT="New" HEIGHT="39" HPOS="703" VPOS="1125" WIDTH="116" />
<SP HEIGHT="37" HPOS="820" VPOS="1125" WIDTH="27" />
<String CONTENT="York." HEIGHT="39" HPOS="848" VPOS="1124" WIDTH="143" />
<SP HEIGHT="29" HPOS="992" VPOS="1144" WIDTH="59" />
<String CONTENT="[Copyright" HEIGHT="50" HPOS="1052" VPOS="1123" WIDTH="279" />
<SP HEIGHT="39" HPOS="1332" VPOS="1125" WIDTH="27" />
<String CONTENT="is" HEIGHT="40" HPOS="1360" VPOS="1125" WIDTH="41" />
<SP HEIGHT="28" HPOS="1402" VPOS="1137" WIDTH="28" />
<String CONTENT="claimed" HEIGHT="41" HPOS="1431" VPOS="1125" WIDTH="202" />
<SP HEIGHT="39" HPOS="1634" VPOS="1127" WIDTH="29" />
<String CONTENT="on" HEIGHT="28" HPOS="1664" VPOS="1137" WIDTH="57" />
<SP HEIGHT="28" HPOS="1722" VPOS="1137" WIDTH="29" />
<String CONTENT="new" HEIGHT="29" HPOS="1752" VPOS="1136" WIDTH="105" />
<SP HEIGHT="28" HPOS="1858" VPOS="1137" WIDTH="27" />
<String CONTENT="material]" HEIGHT="50" HPOS="1886" VPOS="1127" WIDTH="243" />
</TextLine>
<TextLine CS="1" HEIGHT="67" HPOS="137" STYLEREFS="StyleId-0BC6B75C-E829-4D91-8553-A12777834E06-" VPOS="1242" WIDTH="1205">
<String CONTENT="New" HEIGHT="52" HPOS="137" VPOS="1243" WIDTH="144" />
<SP HEIGHT="52" HPOS="282" VPOS="1243" WIDTH="24" />
<String CONTENT="York" HEIGHT="52" HPOS="307" VPOS="1243" WIDTH="159" />
<SP HEIGHT="64" HPOS="467" VPOS="1243" WIDTH="32" />
<String CONTENT="(State)" CS="1" HEIGHT="65" HPOS="500" VPOS="1243" WIDTH="217" />
<SP HEIGHT="66" HPOS="718" VPOS="1242" WIDTH="86" />
<String CONTENT="Court" HEIGHT="52" HPOS="805" VPOS="1242" WIDTH="176" />
<SP HEIGHT="47" HPOS="982" VPOS="1247" WIDTH="25" />
<String CONTENT="of" HEIGHT="65" HPOS="1008" VPOS="1243" WIDTH="63" />
<SP HEIGHT="65" HPOS="1072" VPOS="1243" WIDTH="21" />
<String CONTENT="appeals." HEIGHT="66" HPOS="1094" VPOS="1243" WIDTH="248" />
</TextLine>
<TextLine CS="1" HEIGHT="71" HPOS="210" STYLEREFS="StyleId-58AC3234-2389-4525-9600-0E3E47094478-" VPOS="1318" WIDTH="1923">
<String CONTENT="Reports" HEIGHT="65" HPOS="210" VPOS="1321" WIDTH="242" />
<SP HEIGHT="34" HPOS="453" VPOS="1338" WIDTH="39" />
<String CONTENT="of" HEIGHT="52" HPOS="493" VPOS="1320" WIDTH="61" />
<SP HEIGHT="53" HPOS="555" VPOS="1320" WIDTH="40" />
<String CONTENT="cases" HEIGHT="35" HPOS="596" VPOS="1338" WIDTH="148" />
<SP HEIGHT="52" HPOS="745" VPOS="1320" WIDTH="41" />
<String CONTENT="decided" HEIGHT="54" HPOS="787" VPOS="1318" WIDTH="233" />
<SP HEIGHT="52" HPOS="1021" VPOS="1320" WIDTH="45" />
<String CONTENT="&#8230;" CS="1" />
<SP HEIGHT="51" HPOS="1123" VPOS="1320" WIDTH="44" />
<String CONTENT="from" HEIGHT="52" HPOS="1168" VPOS="1320" WIDTH="152" />
<SP HEIGHT="34" HPOS="1321" VPOS="1338" WIDTH="40" />
<String CONTENT="and" HEIGHT="52" HPOS="1362" VPOS="1321" WIDTH="111" />
<SP HEIGHT="52" HPOS="1474" VPOS="1321" WIDTH="42" />
<String CONTENT="including" HEIGHT="69" HPOS="1517" VPOS="1320" WIDTH="296" />
<SP HEIGHT="67" HPOS="1814" VPOS="1322" WIDTH="39" />
<String CONTENT="decisions" HEIGHT="55" HPOS="1854" VPOS="1320" WIDTH="279" />
</TextLine>
<TextLine HEIGHT="70" HPOS="139" STYLEREFS="StyleId-58AC3234-2389-4525-9600-0E3E47094478-" VPOS="1396" WIDTH="1990">
<String CONTENT="of" HEIGHT="53" HPOS="139" VPOS="1397" WIDTH="61" />
<SP HEIGHT="54" HPOS="201" VPOS="1397" WIDTH="33" />
<String CONTENT="November" HEIGHT="53" HPOS="235" VPOS="1398" WIDTH="316" />
<SP HEIGHT="47" HPOS="552" VPOS="1402" WIDTH="34" />
<String CONTENT="19," HEIGHT="54" HPOS="587" VPOS="1401" WIDTH="80" />
<SP HEIGHT="54" HPOS="668" VPOS="1401" WIDTH="37" />
<String CONTENT="1935," HEIGHT="53" HPOS="706" VPOS="1401" WIDTH="149" />
<SP HEIGHT="53" HPOS="856" VPOS="1401" WIDTH="31" />
<String CONTENT="to" HEIGHT="50" HPOS="888" VPOS="1401" WIDTH="57" />
<SP HEIGHT="54" HPOS="946" VPOS="1397" WIDTH="33" />
<String CONTENT="decisions" HEIGHT="55" HPOS="980" VPOS="1396" WIDTH="275" />
<SP HEIGHT="36" HPOS="1256" VPOS="1415" WIDTH="31" />
<String CONTENT="of" HEIGHT="52" HPOS="1288" VPOS="1397" WIDTH="62" />
<SP HEIGHT="56" HPOS="1351" VPOS="1397" WIDTH="33" />
<String CONTENT="January" HEIGHT="64" HPOS="1385" VPOS="1400" WIDTH="261" />
<SP HEIGHT="62" HPOS="1647" VPOS="1402" WIDTH="33" />
<String CONTENT="21," HEIGHT="64" HPOS="1681" VPOS="1402" WIDTH="84" />
<SP HEIGHT="64" HPOS="1766" VPOS="1402" WIDTH="36" />
<String CONTENT="1936," HEIGHT="59" HPOS="1803" VPOS="1402" WIDTH="150" />
<SP HEIGHT="41" HPOS="1954" VPOS="1420" WIDTH="34" />
<String CONTENT="with" HEIGHT="53" HPOS="1989" VPOS="1401" WIDTH="140" />
</TextLine>
<TextLine CS="1" HEIGHT="147" HPOS="137" STYLEREFS="StyleId-58AC3234-2389-4525-9600-0E3E47094478-" VPOS="1474" WIDTH="1968">
<String CONTENT="notes," HEIGHT="51" HPOS="137" VPOS="1480" WIDTH="172" />
<SP HEIGHT="36" HPOS="310" VPOS="1495" WIDTH="46" />
<String CONTENT="references" HEIGHT="53" HPOS="357" VPOS="1475" WIDTH="311" />
<SP HEIGHT="34" HPOS="669" VPOS="1492" WIDTH="48" />
<String CONTENT="and" HEIGHT="52" HPOS="718" VPOS="1475" WIDTH="111" />
<SP HEIGHT="52" HPOS="830" VPOS="1475" WIDTH="47" />
<String CONTENT="index." HEIGHT="53" HPOS="878" VPOS="1474" WIDTH="186" />
<SP HEIGHT="51" HPOS="1065" VPOS="1476" WIDTH="73" />
<String CONTENT="Louis" HEIGHT="52" HPOS="1139" VPOS="1475" WIDTH="174" />
<SP HEIGHT="51" HPOS="1314" VPOS="1478" WIDTH="45" />
<String CONTENT="J." HEIGHT="51" HPOS="1360" VPOS="1478" WIDTH="55" />
<SP HEIGHT="50" HPOS="1416" VPOS="1478" WIDTH="48" />
<String CONTENT="Rezzemini," HEIGHT="70" HPOS="1465" VPOS="1474" WIDTH="339" />
<SP HEIGHT="47" HPOS="1805" VPOS="1497" WIDTH="47" />
<String CONTENT="state" HEIGHT="49" HPOS="1853" VPOS="1482" WIDTH="145" />
<SP HEIGHT="33" HPOS="1999" VPOS="1497" WIDTH="48" />
<String CONTENT="reporter." HEIGHT="123" HPOS="139" VPOS="1498" WIDTH="1966" />
</TextLine>
<TextLine HEIGHT="71" HPOS="422" STYLEREFS="StyleId-58AC3234-2389-4525-9600-0E3E47094478-" VPOS="1551" WIDTH="1636">
<String CONTENT="Volume" HEIGHT="52" HPOS="422" VPOS="1553" WIDTH="242" />
<SP HEIGHT="49" HPOS="665" VPOS="1555" WIDTH="33" />
<String CONTENT="269." HEIGHT="49" HPOS="699" VPOS="1555" WIDTH="116" />
<SP HEIGHT="53" HPOS="816" VPOS="1551" WIDTH="74" />
<String CONTENT="Albany," HEIGHT="68" HPOS="891" VPOS="1551" WIDTH="248" />
<SP HEIGHT="64" HPOS="1140" VPOS="1554" WIDTH="34" />
<String CONTENT="J." HEIGHT="53" HPOS="1175" LANG="fr" VPOS="1554" WIDTH="55" />
<SP HEIGHT="50" HPOS="1231" VPOS="1555" WIDTH="39" />
<String CONTENT="B." HEIGHT="51" HPOS="1271" VPOS="1555" WIDTH="65" />
<SP HEIGHT="51" HPOS="1337" VPOS="1555" WIDTH="39" />
<String CONTENT="Lyon" HEIGHT="65" HPOS="1377" VPOS="1555" WIDTH="160" />
<SP HEIGHT="33" HPOS="1538" VPOS="1572" WIDTH="34" />
<String CONTENT="company," HEIGHT="50" HPOS="1573" VPOS="1572" WIDTH="295" />
<SP HEIGHT="61" HPOS="1869" VPOS="1560" WIDTH="38" />
<String CONTENT="1936." HEIGHT="49" HPOS="1908" VPOS="1560" WIDTH="150" />
</TextLine>
<TextLine CS="1" HEIGHT="48" HPOS="208" STYLEREFS="StyleId-58AC3234-2389-4525-9600-0E3E47094478-" VPOS="1625" WIDTH="586">
<String CONTENT="xxxviii," HEIGHT="46" HPOS="208" VPOS="1626" WIDTH="202" />
<SP HEIGHT="46" HPOS="411" VPOS="1626" WIDTH="28" />
<String CONTENT="822" CS="1" HEIGHT="38" HPOS="468" VPOS="1626" WIDTH="55" />
<SP HEIGHT="46" HPOS="524" VPOS="1627" WIDTH="26" />
<String CONTENT="p." HEIGHT="37" HPOS="551" VPOS="1636" WIDTH="42" />
<SP HEIGHT="40" HPOS="594" VPOS="1625" WIDTH="53" />
<String CONTENT="23&#189;" CS="1" HEIGHT="41" HPOS="648" VPOS="1625" WIDTH="56" />
<String CONTENT="cm" HEIGHT="20" HPOS="737" STYLE="superscript" VPOS="1628" WIDTH="44" />
<String CONTENT="." HEIGHT="8" HPOS="786" VPOS="1657" WIDTH="8" />
</TextLine>
<TextLine CS="1" HEIGHT="54" HPOS="138" VPOS="1679" WIDTH="1612">
<String CONTENT="&#169;" HEIGHT="54" HPOS="138" VPOS="1679" WIDTH="52" />
<SP HEIGHT="54" HPOS="191" VPOS="1679" WIDTH="25" />
<String CONTENT="May" HEIGHT="46" HPOS="217" VPOS="1685" WIDTH="112" />
<SP HEIGHT="48" HPOS="330" VPOS="1683" WIDTH="23" />
<String CONTENT="22," HEIGHT="47" HPOS="354" VPOS="1683" WIDTH="70" />
<SP HEIGHT="46" HPOS="425" VPOS="1684" WIDTH="24" />
<String CONTENT="1936;" HEIGHT="47" HPOS="450" VPOS="1681" WIDTH="140" />
<SP HEIGHT="46" HPOS="591" VPOS="1682" WIDTH="27" />
<String CONTENT="2c." HEIGHT="40" HPOS="619" VPOS="1682" WIDTH="68" />
<SP HEIGHT="29" HPOS="688" VPOS="1693" WIDTH="26" />
<String CONTENT="and" HEIGHT="38" HPOS="715" VPOS="1684" WIDTH="93" />
<SP HEIGHT="38" HPOS="809" VPOS="1684" WIDTH="26" />
<String CONTENT="aff." HEIGHT="40" HPOS="836" VPOS="1682" WIDTH="81" />
<SP HEIGHT="39" HPOS="918" VPOS="1683" WIDTH="28" />
<String CONTENT="May" HEIGHT="46" HPOS="947" VPOS="1683" WIDTH="112" />
<SP HEIGHT="48" HPOS="1060" VPOS="1681" WIDTH="25" />
<String CONTENT="28;" HEIGHT="46" HPOS="1086" VPOS="1681" WIDTH="82" />
<SP HEIGHT="45" HPOS="1169" VPOS="1682" WIDTH="28" />
<String CONTENT="A" HEIGHT="39" HPOS="1198" VPOS="1682" WIDTH="39" />
<SP HEIGHT="40" HPOS="1238" VPOS="1681" WIDTH="25" />
<String CONTENT="94893;" HEIGHT="48" HPOS="1264" VPOS="1681" WIDTH="170" />
<SP HEIGHT="45" HPOS="1435" VPOS="1684" WIDTH="31" />
<String CONTENT="Edward" HEIGHT="39" HPOS="1467" VPOS="1684" WIDTH="209" />
<SP HEIGHT="39" HPOS="1677" VPOS="1684" WIDTH="29" />
<String CONTENT="J." HEIGHT="42" HPOS="1707" VPOS="1684" WIDTH="43" />
</TextLine>
<TextLine CS="1" HEIGHT="106" HPOS="208" VPOS="1684" WIDTH="1921">
<String CONTENT="Flynn," HEIGHT="48" HPOS="1781" VPOS="1684" WIDTH="169" />
<SP HEIGHT="34" HPOS="1951" VPOS="1697" WIDTH="30" />
<String CONTENT="secretary" HEIGHT="91" HPOS="208" VPOS="1696" WIDTH="1905" />
<SP HEIGHT="36" HPOS="319" VPOS="1751" WIDTH="21" />
<String CONTENT="of" HEIGHT="40" HPOS="341" VPOS="1740" WIDTH="51" />
<SP HEIGHT="40" HPOS="393" VPOS="1740" WIDTH="20" />
<String CONTENT="the" HEIGHT="40" HPOS="414" VPOS="1740" WIDTH="82" />
<SP HEIGHT="29" HPOS="497" VPOS="1750" WIDTH="19" />
<String CONTENT="state" HEIGHT="37" HPOS="517" VPOS="1742" WIDTH="128" />
<SP HEIGHT="29" HPOS="646" VPOS="1749" WIDTH="22" />
<String CONTENT="of" HEIGHT="39" HPOS="669" VPOS="1739" WIDTH="51" />
<SP HEIGHT="39" HPOS="721" VPOS="1739" WIDTH="20" />
<String CONTENT="New" HEIGHT="38" HPOS="742" VPOS="1740" WIDTH="120" />
<SP HEIGHT="38" HPOS="863" VPOS="1740" WIDTH="18" />
<String CONTENT="York," HEIGHT="49" HPOS="882" VPOS="1739" WIDTH="142" />
<SP HEIGHT="49" HPOS="1025" VPOS="1739" WIDTH="22" />
<String CONTENT="in" HEIGHT="38" HPOS="1048" VPOS="1739" WIDTH="48" />
<SP HEIGHT="39" HPOS="1097" VPOS="1740" WIDTH="23" />
<String CONTENT="trust" HEIGHT="39" HPOS="1121" VPOS="1740" WIDTH="127" />
<SP HEIGHT="40" HPOS="1249" VPOS="1739" WIDTH="21" />
<String CONTENT="for" HEIGHT="39" HPOS="1271" VPOS="1739" WIDTH="78" />
<SP HEIGHT="37" HPOS="1350" VPOS="1742" WIDTH="24" />
<String CONTENT="the" HEIGHT="40" HPOS="1375" VPOS="1740" WIDTH="81" />
<SP HEIGHT="37" HPOS="1457" VPOS="1751" WIDTH="22" />
<String CONTENT="people" HEIGHT="47" HPOS="1480" VPOS="1741" WIDTH="166" />
<SP HEIGHT="30" HPOS="1647" VPOS="1750" WIDTH="22" />
<String CONTENT="of" HEIGHT="39" HPOS="1670" VPOS="1741" WIDTH="52" />
<SP HEIGHT="40" HPOS="1723" VPOS="1741" WIDTH="23" />
<String CONTENT="the" HEIGHT="39" HPOS="1747" VPOS="1742" WIDTH="80" />
<SP HEIGHT="28" HPOS="1828" VPOS="1753" WIDTH="26" />
<String CONTENT="said" HEIGHT="40" HPOS="1855" VPOS="1742" WIDTH="105" />
<SP HEIGHT="38" HPOS="1961" VPOS="1744" WIDTH="26" />
<String CONTENT="state," HEIGHT="46" HPOS="1988" VPOS="1744" WIDTH="141" />
</TextLine>
<TextLine HEIGHT="47" HPOS="207" VPOS="1798" WIDTH="201">
<String CONTENT="Albany." HEIGHT="47" HPOS="207" VPOS="1798" WIDTH="201" />
</TextLine>
<TextLine CS="1" HEIGHT="64" HPOS="137" STYLEREFS="StyleId-40C4CD4A-2439-4947-A965-7D6D678BD98B-" VPOS="1886" WIDTH="537">
<String CONTENT="Omar" HEIGHT="53" HPOS="137" VPOS="1887" WIDTH="178" />
<SP HEIGHT="52" HPOS="316" VPOS="1887" WIDTH="22" />
<String CONTENT="Khayy&#257;m." CS="1" HEIGHT="64" HPOS="339" VPOS="1886" WIDTH="335" />
</TextLine>
<TextLine CS="1" HEIGHT="71" HPOS="207" STYLEREFS="StyleId-58AC3234-2389-4525-9600-0E3E47094478-" VPOS="1961" WIDTH="1668">
<String CONTENT="The" HEIGHT="54" HPOS="207" VPOS="1963" WIDTH="120" />
<SP HEIGHT="54" HPOS="328" VPOS="1963" WIDTH="47" />
<String CONTENT="Rubaiyat" HEIGHT="68" HPOS="376" VPOS="1963" WIDTH="293" />
<SP HEIGHT="47" HPOS="670" VPOS="1968" WIDTH="45" />
<String CONTENT="of" HEIGHT="53" HPOS="716" VPOS="1962" WIDTH="64" />
<SP HEIGHT="56" HPOS="781" VPOS="1961" WIDTH="46" />
<String CONTENT="Omar" HEIGHT="56" HPOS="828" VPOS="1961" WIDTH="179" />
<SP HEIGHT="53" HPOS="1008" VPOS="1962" WIDTH="47" />
<String CONTENT="Khayyam" HEIGHT="68" HPOS="1056" VPOS="1962" WIDTH="309" />
<SP HEIGHT="35" HPOS="1366" VPOS="1981" WIDTH="48" />
<String CONTENT="of" HEIGHT="54" HPOS="1415" VPOS="1962" WIDTH="65" />
<SP HEIGHT="54" HPOS="1481" VPOS="1962" WIDTH="48" />
<String CONTENT="Naishapur." HEIGHT="70" HPOS="1530" VPOS="1962" WIDTH="345" />
<SP />
<String CONTENT="[New" CS="1" />
</TextLine>
<TextLine HEIGHT="72" HPOS="140" STYLEREFS="StyleId-58AC3234-2389-4525-9600-0E3E47094478-" VPOS="2039" WIDTH="1991">
<String CONTENT="York]" HEIGHT="68" HPOS="140" VPOS="2041" WIDTH="178" />
<SP HEIGHT="67" HPOS="319" VPOS="2042" WIDTH="34" />
<String CONTENT="Printed" HEIGHT="54" HPOS="354" VPOS="2041" WIDTH="242" />
<SP HEIGHT="54" HPOS="597" VPOS="2040" WIDTH="33" />
<String CONTENT="for" HEIGHT="54" HPOS="631" VPOS="2040" WIDTH="94" />
<SP HEIGHT="47" HPOS="726" VPOS="2046" WIDTH="30" />
<String CONTENT="the" HEIGHT="53" HPOS="757" VPOS="2040" WIDTH="97" />
<SP HEIGHT="34" HPOS="855" VPOS="2059" WIDTH="28" />
<String CONTENT="members" HEIGHT="54" HPOS="884" VPOS="2040" WIDTH="275" />
<SP HEIGHT="36" HPOS="1160" VPOS="2058" WIDTH="31" />
<String CONTENT="of" HEIGHT="54" HPOS="1192" VPOS="2039" WIDTH="65" />
<SP HEIGHT="54" HPOS="1258" VPOS="2039" WIDTH="31" />
<String CONTENT="the" HEIGHT="53" HPOS="1290" VPOS="2040" WIDTH="96" />
<SP HEIGHT="52" HPOS="1387" VPOS="2041" WIDTH="31" />
<String CONTENT="Limited" HEIGHT="56" HPOS="1419" VPOS="2039" WIDTH="248" />
<SP HEIGHT="54" HPOS="1668" VPOS="2042" WIDTH="35" />
<String CONTENT="editions" HEIGHT="56" HPOS="1704" VPOS="2041" WIDTH="244" />
<SP HEIGHT="34" HPOS="1949" VPOS="2063" WIDTH="35" />
<String CONTENT="club," HEIGHT="68" HPOS="1985" VPOS="2043" WIDTH="146" />
</TextLine>
<TextLine HEIGHT="51" HPOS="140" STYLEREFS="StyleId-58AC3234-2389-4525-9600-0E3E47094478-" VPOS="2122" WIDTH="148">
<String CONTENT="1935." HEIGHT="51" HPOS="140" VPOS="2122" WIDTH="148" />
</TextLine>
<TextLine CS="1" HEIGHT="50" HPOS="205" VPOS="2190" WIDTH="1034">
<String CONTENT="80" HEIGHT="43" HPOS="205" VPOS="2191" WIDTH="59" />
<SP HEIGHT="42" HPOS="265" VPOS="2191" WIDTH="22" />
<String CONTENT="1." HEIGHT="39" HPOS="288" VPOS="2192" WIDTH="27" />
<SP HEIGHT="39" HPOS="316" VPOS="2192" WIDTH="27" />
<String CONTENT="incl." HEIGHT="39" HPOS="344" VPOS="2192" WIDTH="106" />
<SP HEIGHT="30" HPOS="451" VPOS="2202" WIDTH="25" />
<String CONTENT="col." HEIGHT="41" HPOS="477" VPOS="2191" WIDTH="83" />
<SP HEIGHT="40" HPOS="561" VPOS="2190" WIDTH="27" />
<String CONTENT="front.," HEIGHT="49" HPOS="589" VPOS="2190" WIDTH="163" />
<SP HEIGHT="37" HPOS="753" VPOS="2202" WIDTH="26" />
<String CONTENT="col." HEIGHT="41" HPOS="780" VPOS="2191" WIDTH="86" />
<SP HEIGHT="39" HPOS="867" VPOS="2201" WIDTH="23" />
<String CONTENT="plates." HEIGHT="48" HPOS="891" VPOS="2192" WIDTH="170" />
<SP HEIGHT="39" HPOS="1062" VPOS="2190" WIDTH="60" />
<String CONTENT="16c" CS="1" HEIGHT="41" HPOS="1123" VPOS="2190" WIDTH="58" />
<String CONTENT="m" HEIGHT="23" HPOS="1198" STYLE="superscript" VPOS="2191" WIDTH="28" />
<String CONTENT="." HEIGHT="10" HPOS="1229" VPOS="2222" WIDTH="10" />
</TextLine>
<TextLine HEIGHT="43" HPOS="205" VPOS="2247" WIDTH="897">
<String CONTENT="Text" HEIGHT="41" HPOS="205" VPOS="2249" WIDTH="125" />
<SP HEIGHT="40" HPOS="331" VPOS="2250" WIDTH="26" />
<String CONTENT="within" HEIGHT="41" HPOS="358" VPOS="2248" WIDTH="170" />
<SP HEIGHT="29" HPOS="529" VPOS="2259" WIDTH="30" />
<String CONTENT="ornamental" HEIGHT="40" HPOS="560" VPOS="2249" WIDTH="301" />
<SP HEIGHT="41" HPOS="862" VPOS="2248" WIDTH="28" />
<String CONTENT="borders." HEIGHT="42" HPOS="891" VPOS="2247" WIDTH="211" />
</TextLine>
<TextLine HEIGHT="51" HPOS="207" VPOS="2303" WIDTH="1239">
<String CONTENT="Printed" HEIGHT="42" HPOS="207" VPOS="2305" WIDTH="199" />
<SP HEIGHT="39" HPOS="407" VPOS="2307" WIDTH="24" />
<String CONTENT="on" HEIGHT="29" HPOS="432" VPOS="2316" WIDTH="59" />
<SP HEIGHT="29" HPOS="492" VPOS="2316" WIDTH="25" />
<String CONTENT="one" HEIGHT="31" HPOS="518" VPOS="2315" WIDTH="88" />
<SP HEIGHT="30" HPOS="607" VPOS="2316" WIDTH="23" />
<String CONTENT="side" HEIGHT="41" HPOS="631" VPOS="2305" WIDTH="102" />
<SP HEIGHT="30" HPOS="734" VPOS="2316" WIDTH="24" />
<String CONTENT="of" HEIGHT="41" HPOS="759" VPOS="2305" WIDTH="51" />
<SP HEIGHT="40" HPOS="811" VPOS="2305" WIDTH="23" />
<String CONTENT="leaf" HEIGHT="42" HPOS="835" VPOS="2304" WIDTH="101" />
<SP HEIGHT="41" HPOS="937" VPOS="2304" WIDTH="23" />
<String CONTENT="on" HEIGHT="31" HPOS="961" VPOS="2315" WIDTH="60" />
<SP HEIGHT="31" HPOS="1022" VPOS="2315" WIDTH="23" />
<String CONTENT="opposite" HEIGHT="50" HPOS="1046" VPOS="2303" WIDTH="217" />
<SP HEIGHT="39" HPOS="1264" VPOS="2315" WIDTH="24" />
<String CONTENT="pages." HEIGHT="40" HPOS="1289" VPOS="2314" WIDTH="157" />
</TextLine>
<TextLine CS="1" HEIGHT="49" HPOS="208" VPOS="2361" WIDTH="1920">
<String CONTENT="&#8220;Edward" HEIGHT="40" HPOS="208" VPOS="2363" WIDTH="235" />
<SP HEIGHT="40" HPOS="444" VPOS="2362" WIDTH="24" />
<String CONTENT="Fitzgerald&#8217;s" HEIGHT="49" HPOS="469" VPOS="2361" WIDTH="315" />
<SP HEIGHT="38" HPOS="785" VPOS="2364" WIDTH="23" />
<String CONTENT="translation" HEIGHT="41" HPOS="809" VPOS="2361" WIDTH="291" />
<SP HEIGHT="40" HPOS="1101" VPOS="2361" WIDTH="23" />
<String CONTENT="into" HEIGHT="40" HPOS="1125" VPOS="2361" WIDTH="101" />
<SP HEIGHT="39" HPOS="1227" VPOS="2362" WIDTH="22" />
<String CONTENT="English" HEIGHT="49" HPOS="1250" VPOS="2361" WIDTH="199" />
<SP HEIGHT="49" HPOS="1450" VPOS="2361" WIDTH="21" />
<String CONTENT="quatrains" HEIGHT="49" HPOS="1472" VPOS="2361" WIDTH="256" />
<SP HEIGHT="31" HPOS="1729" VPOS="2372" WIDTH="22" />
<String CONTENT="&#8230;" CS="1" />
<SP HEIGHT="30" HPOS="1802" VPOS="2374" WIDTH="26" />
<String CONTENT="a" HEIGHT="30" HPOS="1829" VPOS="2374" WIDTH="27" />
<SP HEIGHT="40" HPOS="1857" VPOS="2364" WIDTH="22" />
<String CONTENT="definitive" HEIGHT="43" HPOS="1880" VPOS="2363" WIDTH="248" />
</TextLine>
<TextLine CS="1" HEIGHT="51" HPOS="138" VPOS="2416" WIDTH="1573">
<String CONTENT="text" HEIGHT="39" HPOS="138" VPOS="2421" WIDTH="106" />
<SP HEIGHT="39" HPOS="245" VPOS="2421" WIDTH="19" />
<String CONTENT="carefully" HEIGHT="48" HPOS="265" VPOS="2419" WIDTH="237" />
<SP HEIGHT="37" HPOS="503" VPOS="2430" WIDTH="24" />
<String CONTENT="selected" HEIGHT="41" HPOS="528" VPOS="2418" WIDTH="206" />
<SP HEIGHT="40" HPOS="735" VPOS="2418" WIDTH="23" />
<String CONTENT="from" HEIGHT="40" HPOS="759" VPOS="2418" WIDTH="127" />
<SP HEIGHT="39" HPOS="887" VPOS="2418" WIDTH="26" />
<String CONTENT="his" HEIGHT="40" HPOS="914" VPOS="2418" WIDTH="75" />
<SP HEIGHT="41" HPOS="990" VPOS="2417" WIDTH="21" />
<String CONTENT="five" HEIGHT="40" HPOS="1012" VPOS="2417" WIDTH="93" />
<SP HEIGHT="40" HPOS="1106" VPOS="2418" WIDTH="23" />
<String CONTENT="differing" HEIGHT="51" HPOS="1130" VPOS="2416" WIDTH="228" />
<SP HEIGHT="39" HPOS="1359" VPOS="2428" WIDTH="23" />
<String CONTENT="versions" HEIGHT="41" HPOS="1383" VPOS="2418" WIDTH="218" />
<SP HEIGHT="30" HPOS="1602" VPOS="2429" WIDTH="29" />
<String CONTENT="&#8230;&#8221;" CS="1" HEIGHT="17" HPOS="1688" VPOS="2417" WIDTH="23" />
</TextLine>
<TextLine CS="1" HEIGHT="49" HPOS="207" VPOS="2474" WIDTH="1919">
<String CONTENT="&#8220;This" HEIGHT="41" HPOS="207" VPOS="2475" WIDTH="144" />
<SP HEIGHT="32" HPOS="352" VPOS="2484" WIDTH="27" />
<String CONTENT="edition" HEIGHT="40" HPOS="380" VPOS="2475" WIDTH="180" />
<SP HEIGHT="29" HPOS="561" VPOS="2486" WIDTH="30" />
<String CONTENT="&#8230;" CS="1" />
<SP HEIGHT="29" HPOS="641" VPOS="2486" WIDTH="30" />
<String CONTENT="was" HEIGHT="31" HPOS="672" VPOS="2484" WIDTH="101" />
<SP HEIGHT="39" HPOS="774" VPOS="2475" WIDTH="26" />
<String CONTENT="decorated," HEIGHT="47" HPOS="801" VPOS="2474" WIDTH="268" />
<SP HEIGHT="46" HPOS="1070" VPOS="2475" WIDTH="29" />
<String CONTENT="designed" HEIGHT="48" HPOS="1100" VPOS="2474" WIDTH="224" />
<SP HEIGHT="40" HPOS="1325" VPOS="2474" WIDTH="29" />
<String CONTENT="and" HEIGHT="39" HPOS="1355" VPOS="2475" WIDTH="95" />
<SP HEIGHT="40" HPOS="1451" VPOS="2474" WIDTH="29" />
<String CONTENT="illuminated" HEIGHT="42" HPOS="1481" VPOS="2474" WIDTH="305" />
<SP HEIGHT="40" HPOS="1787" VPOS="2476" WIDTH="29" />
<String CONTENT="by" HEIGHT="47" HPOS="1817" VPOS="2476" WIDTH="58" />
<SP HEIGHT="47" HPOS="1876" VPOS="2476" WIDTH="29" />
<String CONTENT="hand" HEIGHT="40" HPOS="1906" VPOS="2476" WIDTH="129" />
<SP HEIGHT="39" HPOS="2036" VPOS="2477" WIDTH="34" />
<String CONTENT="by" HEIGHT="45" HPOS="2071" VPOS="2478" WIDTH="55" />
</TextLine>
<TextLine CS="1" HEIGHT="99" HPOS="136" VPOS="2529" WIDTH="1973">
<String CONTENT="Valenti" HEIGHT="41" HPOS="136" VPOS="2531" WIDTH="192" />
<SP HEIGHT="39" HPOS="329" VPOS="2531" WIDTH="25" />
<String CONTENT="Angelo;" HEIGHT="47" HPOS="355" VPOS="2532" WIDTH="204" />
<SP HEIGHT="48" HPOS="560" VPOS="2531" WIDTH="27" />
<String CONTENT="fifteen" HEIGHT="41" HPOS="588" VPOS="2531" WIDTH="167" />
<SP HEIGHT="39" HPOS="756" VPOS="2531" WIDTH="24" />
<String CONTENT="hundred" HEIGHT="40" HPOS="781" VPOS="2531" WIDTH="219" />
<SP HEIGHT="40" HPOS="1001" VPOS="2531" WIDTH="25" />
<String CONTENT="copies" HEIGHT="48" HPOS="1027" VPOS="2531" WIDTH="159" />
<SP HEIGHT="30" HPOS="1187" VPOS="2541" WIDTH="22" />
<String CONTENT="were" HEIGHT="30" HPOS="1210" VPOS="2541" WIDTH="126" />
<SP HEIGHT="37" HPOS="1337" VPOS="2541" WIDTH="23" />
<String CONTENT="printed" HEIGHT="49" HPOS="1361" VPOS="2529" WIDTH="191" />
<SP HEIGHT="39" HPOS="1553" VPOS="2532" WIDTH="29" />
<String CONTENT="&#8230;" CS="1" />
<SP HEIGHT="38" HPOS="1632" VPOS="2534" WIDTH="30" />
<String CONTENT="this" HEIGHT="41" HPOS="1663" VPOS="2531" WIDTH="97" />
<SP HEIGHT="31" HPOS="1761" VPOS="2541" WIDTH="25" />
<String CONTENT="copy" HEIGHT="38" HPOS="1787" VPOS="2541" WIDTH="117" />
<SP HEIGHT="46" HPOS="1905" VPOS="2533" WIDTH="22" />
<String CONTENT="is" HEIGHT="39" HPOS="1928" VPOS="2533" WIDTH="42" />
<SP HEIGHT="29" HPOS="1971" VPOS="2543" WIDTH="28" />
<String CONTENT="number" HEIGHT="85" HPOS="137" VPOS="2543" WIDTH="1972" />
</TextLine>
<TextLine HEIGHT="51" HPOS="242" VPOS="2585" WIDTH="1192">
<String CONTENT="copyright" HEIGHT="48" HPOS="242" VPOS="2588" WIDTH="250" />
<SP HEIGHT="37" HPOS="493" VPOS="2591" WIDTH="26" />
<String CONTENT="and" HEIGHT="39" HPOS="520" VPOS="2589" WIDTH="94" />
<SP HEIGHT="39" HPOS="615" VPOS="2589" WIDTH="25" />
<String CONTENT="is" HEIGHT="39" HPOS="641" VPOS="2589" WIDTH="43" />
<SP HEIGHT="30" HPOS="685" VPOS="2598" WIDTH="24" />
<String CONTENT="signed" HEIGHT="48" HPOS="710" VPOS="2588" WIDTH="165" />
<SP HEIGHT="40" HPOS="876" VPOS="2588" WIDTH="27" />
<String CONTENT="by" HEIGHT="47" HPOS="904" VPOS="2588" WIDTH="60" />
<SP HEIGHT="47" HPOS="965" VPOS="2588" WIDTH="26" />
<String CONTENT="Valenti" HEIGHT="41" HPOS="992" VPOS="2587" WIDTH="192" />
<SP HEIGHT="40" HPOS="1185" VPOS="2587" WIDTH="26" />
<String CONTENT="Angelo.&#8221;" HEIGHT="50" HPOS="1212" VPOS="2585" WIDTH="222" />
</TextLine>
<TextLine HEIGHT="53" HPOS="137" VPOS="2641" WIDTH="1992">
<String CONTENT="&#169;" HEIGHT="53" HPOS="137" VPOS="2641" WIDTH="53" />
<SP HEIGHT="53" HPOS="191" VPOS="2641" WIDTH="31" />
<String CONTENT="Mar." HEIGHT="38" HPOS="223" VPOS="2647" WIDTH="120" />
<SP HEIGHT="39" HPOS="344" VPOS="2646" WIDTH="30" />
<String CONTENT="19," HEIGHT="46" HPOS="375" VPOS="2645" WIDTH="68" />
<SP HEIGHT="45" HPOS="444" VPOS="2646" WIDTH="31" />
<String CONTENT="1936;" HEIGHT="43" HPOS="476" VPOS="2644" WIDTH="138" />
<SP HEIGHT="42" HPOS="615" VPOS="2645" WIDTH="32" />
<String CONTENT="2c." HEIGHT="39" HPOS="648" VPOS="2645" WIDTH="67" />
<SP HEIGHT="28" HPOS="716" VPOS="2656" WIDTH="31" />
<String CONTENT="and" HEIGHT="38" HPOS="748" VPOS="2646" WIDTH="93" />
<SP HEIGHT="38" HPOS="842" VPOS="2646" WIDTH="31" />
<String CONTENT="aff." HEIGHT="40" HPOS="874" VPOS="2644" WIDTH="81" />
<SP HEIGHT="39" HPOS="956" VPOS="2645" WIDTH="31" />
<String CONTENT="May" HEIGHT="46" HPOS="988" VPOS="2645" WIDTH="112" />
<SP HEIGHT="47" HPOS="1101" VPOS="2644" WIDTH="28" />
<String CONTENT="11;" HEIGHT="45" HPOS="1130" VPOS="2644" WIDTH="81" />
<SP HEIGHT="44" HPOS="1212" VPOS="2645" WIDTH="32" />
<String CONTENT="A" HEIGHT="37" HPOS="1245" VPOS="2645" WIDTH="41" />
<SP HEIGHT="40" HPOS="1287" VPOS="2642" WIDTH="29" />
<String CONTENT="95148;" HEIGHT="48" HPOS="1317" VPOS="2642" WIDTH="170" />
<SP HEIGHT="46" HPOS="1488" VPOS="2644" WIDTH="35" />
<String CONTENT="Limited" HEIGHT="41" HPOS="1524" VPOS="2643" WIDTH="208" />
<SP HEIGHT="39" HPOS="1733" VPOS="2645" WIDTH="31" />
<String CONTENT="editions" HEIGHT="41" HPOS="1765" VPOS="2644" WIDTH="208" />
<SP HEIGHT="29" HPOS="1980" VPOS="2655" WIDTH="25" />
<String CONTENT="club," HEIGHT="48" HPOS="2006" VPOS="2645" WIDTH="123" />
</TextLine>
<TextLine CS="1" HEIGHT="106" HPOS="207" VPOS="2700" WIDTH="1906">
<String CONTENT="inc.," HEIGHT="48" HPOS="207" VPOS="2701" WIDTH="104" />
<SP HEIGHT="46" HPOS="312" VPOS="2703" WIDTH="26" />
<String CONTENT="New" HEIGHT="39" HPOS="339" VPOS="2703" WIDTH="115" />
<SP HEIGHT="38" HPOS="455" VPOS="2702" WIDTH="27" />
<String CONTENT="York." HEIGHT="39" HPOS="483" VPOS="2702" WIDTH="142" />
<SP HEIGHT="28" HPOS="626" VPOS="2721" WIDTH="59" />
<String CONTENT="[Copyright" HEIGHT="48" HPOS="686" VPOS="2701" WIDTH="279" />
<SP HEIGHT="40" HPOS="966" VPOS="2701" WIDTH="26" />
<String CONTENT="is" HEIGHT="40" HPOS="993" VPOS="2701" WIDTH="41" />
<SP HEIGHT="30" HPOS="1035" VPOS="2711" WIDTH="26" />
<String CONTENT="claimed" HEIGHT="40" HPOS="1062" VPOS="2700" WIDTH="206" />
<SP HEIGHT="38" HPOS="1269" VPOS="2702" WIDTH="26" />
<String CONTENT="on" HEIGHT="29" HPOS="1296" VPOS="2711" WIDTH="59" />
<SP HEIGHT="37" HPOS="1356" VPOS="2704" WIDTH="28" />
<String CONTENT="text" HEIGHT="38" HPOS="1385" VPOS="2703" WIDTH="106" />
<SP HEIGHT="37" HPOS="1492" VPOS="2703" WIDTH="23" />
<String CONTENT="selected" HEIGHT="40" HPOS="1516" VPOS="2701" WIDTH="208" />
<SP HEIGHT="40" HPOS="1725" VPOS="2701" WIDTH="26" />
<String CONTENT="from" HEIGHT="39" HPOS="1752" VPOS="2701" WIDTH="126" />
<SP HEIGHT="39" HPOS="1879" VPOS="2701" WIDTH="30" />
<String CONTENT="five" HEIGHT="41" HPOS="1910" VPOS="2701" WIDTH="94" />
<SP HEIGHT="28" HPOS="2005" VPOS="2714" WIDTH="24" />
<String CONTENT="versions," HEIGHT="94" HPOS="211" VPOS="2712" WIDTH="1902" />
</TextLine>
<TextLine HEIGHT="50" HPOS="378" VPOS="2756" WIDTH="1000">
<String CONTENT="illustrations" HEIGHT="40" HPOS="378" VPOS="2758" WIDTH="328" />
<SP HEIGHT="29" HPOS="707" VPOS="2769" WIDTH="23" />
<String CONTENT="and" HEIGHT="39" HPOS="731" VPOS="2759" WIDTH="96" />
<SP HEIGHT="39" HPOS="828" VPOS="2759" WIDTH="22" />
<String CONTENT="design]" HEIGHT="50" HPOS="851" VPOS="2756" WIDTH="181" />
<SP HEIGHT="47" HPOS="1033" VPOS="2759" WIDTH="64" />
<String CONTENT="(36-10914)" HEIGHT="49" HPOS="1098" VPOS="2756" WIDTH="280" />
</TextLine>
<TextLine HEIGHT="66" HPOS="137" STYLEREFS="StyleId-58AC3234-2389-4525-9600-0E3E47094478-" VPOS="2846" WIDTH="1101">
<String CONTENT="Osborne," HEIGHT="65" HPOS="137" VPOS="2847" WIDTH="280" />
<SP HEIGHT="64" HPOS="418" VPOS="2848" WIDTH="23" />
<String CONTENT="Joseph" HEIGHT="64" HPOS="442" VPOS="2848" WIDTH="220" />
<SP HEIGHT="52" HPOS="663" VPOS="2847" WIDTH="23" />
<String CONTENT="Alexander," HEIGHT="65" HPOS="687" VPOS="2846" WIDTH="352" />
<SP HEIGHT="58" HPOS="1040" VPOS="2853" WIDTH="27" />
<String CONTENT="1860-" HEIGHT="50" HPOS="1068" VPOS="2852" WIDTH="170" />
</TextLine>
<TextLine HEIGHT="72" HPOS="202" STYLEREFS="StyleId-58AC3234-2389-4525-9600-0E3E47094478-" VPOS="2920" WIDTH="1925">
<String CONTENT="Williamsburg" HEIGHT="70" HPOS="202" VPOS="2922" WIDTH="438" />
<SP HEIGHT="68" HPOS="641" VPOS="2924" WIDTH="24" />
<String CONTENT="in" HEIGHT="51" HPOS="666" VPOS="2924" WIDTH="59" />
<SP HEIGHT="33" HPOS="726" VPOS="2942" WIDTH="29" />
<String CONTENT="colonial" HEIGHT="53" HPOS="756" VPOS="2922" WIDTH="241" />
<SP HEIGHT="51" HPOS="998" VPOS="2923" WIDTH="26" />
<String CONTENT="times," HEIGHT="69" HPOS="1025" VPOS="2920" WIDTH="181" />
<SP HEIGHT="68" HPOS="1207" VPOS="2921" WIDTH="27" />
<String CONTENT="by" HEIGHT="69" HPOS="1235" VPOS="2921" WIDTH="74" />
<SP HEIGHT="68" HPOS="1310" VPOS="2922" WIDTH="28" />
<String CONTENT="J." HEIGHT="54" HPOS="1339" VPOS="2922" WIDTH="55" />
<SP HEIGHT="52" HPOS="1395" VPOS="2922" WIDTH="29" />
<String CONTENT="A." HEIGHT="53" HPOS="1425" VPOS="2922" WIDTH="71" />
<SP HEIGHT="56" HPOS="1497" VPOS="2921" WIDTH="31" />
<String CONTENT="Osborne;" HEIGHT="70" HPOS="1529" VPOS="2921" WIDTH="283" />
<SP HEIGHT="69" HPOS="1813" VPOS="2922" WIDTH="33" />
<String CONTENT="incidents" HEIGHT="54" HPOS="1847" VPOS="2922" WIDTH="280" />
</TextLine>
<TextLine HEIGHT="72" HPOS="137" STYLEREFS="StyleId-58AC3234-2389-4525-9600-0E3E47094478-" VPOS="2998" WIDTH="1990">
<String CONTENT="in" HEIGHT="51" HPOS="137" VPOS="3002" WIDTH="57" />
<SP HEIGHT="47" HPOS="195" VPOS="3007" WIDTH="19" />
<String CONTENT="the" HEIGHT="52" HPOS="215" VPOS="3002" WIDTH="95" />
<SP HEIGHT="51" HPOS="311" VPOS="3003" WIDTH="20" />
<String CONTENT="lives" HEIGHT="52" HPOS="332" VPOS="3002" WIDTH="138" />
<SP HEIGHT="34" HPOS="471" VPOS="3020" WIDTH="20" />
<String CONTENT="of" HEIGHT="54" HPOS="492" VPOS="3000" WIDTH="64" />
<SP HEIGHT="53" HPOS="557" VPOS="3000" WIDTH="20" />
<String CONTENT="the" HEIGHT="51" HPOS="578" VPOS="3002" WIDTH="96" />
<SP HEIGHT="52" HPOS="675" VPOS="3001" WIDTH="25" />
<String CONTENT="English" HEIGHT="69" HPOS="701" VPOS="3000" WIDTH="243" />
<SP HEIGHT="51" HPOS="945" VPOS="3001" WIDTH="22" />
<String CONTENT="colonists" HEIGHT="53" HPOS="968" VPOS="3000" WIDTH="264" />
<SP HEIGHT="54" HPOS="1233" VPOS="2999" WIDTH="21" />
<String CONTENT="in" HEIGHT="52" HPOS="1255" VPOS="2999" WIDTH="58" />
<SP HEIGHT="52" HPOS="1314" VPOS="3001" WIDTH="24" />
<String CONTENT="Virginia" HEIGHT="71" HPOS="1339" VPOS="2998" WIDTH="270" />
<SP HEIGHT="52" HPOS="1610" VPOS="3001" WIDTH="24" />
<String CONTENT="during" HEIGHT="70" HPOS="1635" VPOS="3000" WIDTH="213" />
<SP HEIGHT="64" HPOS="1849" VPOS="3006" WIDTH="22" />
<String CONTENT="the" HEIGHT="52" HPOS="1872" VPOS="3002" WIDTH="96" />
<SP HEIGHT="48" HPOS="1969" VPOS="3006" WIDTH="26" />
<String CONTENT="17th" HEIGHT="53" HPOS="1996" VPOS="3002" WIDTH="131" />
</TextLine>
<TextLine HEIGHT="69" HPOS="135" STYLEREFS="StyleId-58AC3234-2389-4525-9600-0E3E47094478-" VPOS="3077" WIDTH="1994">
<String CONTENT="and" HEIGHT="52" HPOS="135" VPOS="3081" WIDTH="112" />
<SP HEIGHT="52" HPOS="248" VPOS="3081" WIDTH="35" />
<String CONTENT="18th" HEIGHT="53" HPOS="284" VPOS="3080" WIDTH="130" />
<SP HEIGHT="52" HPOS="415" VPOS="3080" WIDTH="33" />
<String CONTENT="centuries," HEIGHT="67" HPOS="449" VPOS="3079" WIDTH="294" />
<SP HEIGHT="49" HPOS="744" VPOS="3097" WIDTH="33" />
<String CONTENT="as" HEIGHT="34" HPOS="778" VPOS="3097" WIDTH="58" />
<SP HEIGHT="34" HPOS="837" VPOS="3097" WIDTH="36" />
<String CONTENT="revealed" HEIGHT="52" HPOS="874" VPOS="3078" WIDTH="256" />
<SP HEIGHT="52" HPOS="1131" VPOS="3078" WIDTH="34" />
<String CONTENT="in" HEIGHT="51" HPOS="1166" VPOS="3078" WIDTH="59" />
<SP HEIGHT="35" HPOS="1226" VPOS="3095" WIDTH="34" />
<String CONTENT="old" HEIGHT="52" HPOS="1261" VPOS="3078" WIDTH="95" />
<SP HEIGHT="53" HPOS="1357" VPOS="3077" WIDTH="36" />
<String CONTENT="documents" HEIGHT="55" HPOS="1394" VPOS="3077" WIDTH="327" />
<SP HEIGHT="35" HPOS="1722" VPOS="3097" WIDTH="35" />
<String CONTENT="and" HEIGHT="52" HPOS="1758" VPOS="3080" WIDTH="112" />
<SP HEIGHT="53" HPOS="1871" VPOS="3079" WIDTH="34" />
<String CONTENT="files" HEIGHT="54" HPOS="1906" VPOS="3079" WIDTH="122" />
<SP HEIGHT="36" HPOS="2029" VPOS="3097" WIDTH="33" />
<String CONTENT="of" HEIGHT="55" HPOS="2063" VPOS="3078" WIDTH="66" />
</TextLine>
<TextLine HEIGHT="72" HPOS="136" STYLEREFS="StyleId-58AC3234-2389-4525-9600-0E3E47094478-" VPOS="3154" WIDTH="1987">
<String CONTENT="the" HEIGHT="54" HPOS="136" VPOS="3157" WIDTH="93" />
<SP HEIGHT="53" HPOS="230" VPOS="3159" WIDTH="25" />
<String CONTENT="Virginia" HEIGHT="68" HPOS="256" VPOS="3158" WIDTH="265" />
<SP HEIGHT="50" HPOS="522" VPOS="3175" WIDTH="24" />
<String CONTENT="gazette;" HEIGHT="64" HPOS="547" VPOS="3161" WIDTH="245" />
<SP HEIGHT="69" HPOS="793" VPOS="3154" WIDTH="30" />
<String CONTENT="introduction" HEIGHT="54" HPOS="824" VPOS="3154" WIDTH="388" />
<SP HEIGHT="52" HPOS="1213" VPOS="3155" WIDTH="21" />
<String CONTENT="by" HEIGHT="68" HPOS="1235" VPOS="3155" WIDTH="75" />
<SP HEIGHT="68" HPOS="1311" VPOS="3155" WIDTH="24" />
<String CONTENT="Rev." HEIGHT="55" HPOS="1336" VPOS="3155" WIDTH="137" />
<SP HEIGHT="55" HPOS="1474" VPOS="3155" WIDTH="25" />
<String CONTENT="W." HEIGHT="54" HPOS="1500" VPOS="3155" WIDTH="90" />
<SP HEIGHT="54" HPOS="1591" VPOS="3155" WIDTH="25" />
<String CONTENT="A." HEIGHT="54" HPOS="1617" VPOS="3155" WIDTH="72" />
<SP HEIGHT="53" HPOS="1690" VPOS="3156" WIDTH="27" />
<String CONTENT="R." HEIGHT="53" HPOS="1718" VPOS="3156" WIDTH="67" />
<SP HEIGHT="55" HPOS="1786" VPOS="3156" WIDTH="26" />
<String CONTENT="Goodwin;" HEIGHT="68" HPOS="1813" VPOS="3156" WIDTH="310" />
</TextLine>
<TextLine HEIGHT="71" HPOS="137" STYLEREFS="StyleId-58AC3234-2389-4525-9600-0E3E47094478-" VPOS="3232" WIDTH="1992">
<String CONTENT="illustrated" HEIGHT="55" HPOS="137" VPOS="3236" WIDTH="319" />
<SP HEIGHT="51" HPOS="457" VPOS="3237" WIDTH="34" />
<String CONTENT="by" HEIGHT="66" HPOS="492" VPOS="3237" WIDTH="73" />
<SP HEIGHT="67" HPOS="566" VPOS="3236" WIDTH="32" />
<String CONTENT="Elmo" HEIGHT="52" HPOS="599" VPOS="3236" WIDTH="169" />
<SP HEIGHT="53" HPOS="769" VPOS="3235" WIDTH="34" />
<String CONTENT="Jones." HEIGHT="53" HPOS="804" VPOS="3235" WIDTH="190" />
<SP HEIGHT="52" HPOS="995" VPOS="3234" WIDTH="67" />
<String CONTENT="Richmond," HEIGHT="70" HPOS="1063" VPOS="3232" WIDTH="341" />
<SP HEIGHT="68" HPOS="1405" VPOS="3234" WIDTH="31" />
<String CONTENT="Va.," HEIGHT="68" HPOS="1437" LANG="fr" VPOS="3234" WIDTH="126" />
<SP HEIGHT="67" HPOS="1564" VPOS="3235" WIDTH="31" />
<String CONTENT="The" HEIGHT="53" HPOS="1596" VPOS="3235" WIDTH="122" />
<SP HEIGHT="53" HPOS="1719" VPOS="3235" WIDTH="32" />
<String CONTENT="Dietz" HEIGHT="53" HPOS="1752" VPOS="3235" WIDTH="168" />
<SP HEIGHT="49" HPOS="1921" VPOS="3254" WIDTH="34" />
<String CONTENT="press," HEIGHT="49" HPOS="1956" VPOS="3254" WIDTH="173" />
</TextLine>
<TextLine HEIGHT="51" HPOS="138" STYLEREFS="StyleId-58AC3234-2389-4525-9600-0E3E47094478-" VPOS="3316" WIDTH="148">
<String CONTENT="1935." HEIGHT="51" HPOS="138" VPOS="3316" WIDTH="148" />
</TextLine>
<TextLine CS="1" HEIGHT="52" HPOS="206" VPOS="3382" WIDTH="1222">
<String CONTENT="xxii" HEIGHT="39" HPOS="206" VPOS="3387" WIDTH="102" />
<SP HEIGHT="47" HPOS="309" VPOS="3387" WIDTH="26" />
<String CONTENT="p.," HEIGHT="36" HPOS="336" LANG="fr" VPOS="3398" WIDTH="55" />
<SP HEIGHT="46" HPOS="392" VPOS="3388" WIDTH="25" />
<String CONTENT="1" HEIGHT="37" HPOS="418" VPOS="3388" WIDTH="24" />
<SP HEIGHT="39" HPOS="443" VPOS="3386" WIDTH="23" />
<String CONTENT="l.," CS="1" />
<SP HEIGHT="46" HPOS="509" VPOS="3387" WIDTH="25" />
<String CONTENT="166" HEIGHT="40" HPOS="535" VPOS="3385" WIDTH="85" />
<SP HEIGHT="47" HPOS="621" VPOS="3385" WIDTH="20" />
<String CONTENT="p." HEIGHT="37" HPOS="642" VPOS="3395" WIDTH="44" />
<SP HEIGHT="40" HPOS="687" VPOS="3385" WIDTH="25" />
<String CONTENT="inch" HEIGHT="41" HPOS="713" VPOS="3384" WIDTH="107" />
<SP HEIGHT="40" HPOS="821" VPOS="3384" WIDTH="24" />
<String CONTENT="front," HEIGHT="41" HPOS="846" VPOS="3384" WIDTH="148" />
<SP HEIGHT="38" HPOS="995" VPOS="3393" WIDTH="58" />
<String CONTENT="plates." HEIGHT="49" HPOS="1054" VPOS="3382" WIDTH="169" />
<SP HEIGHT="41" HPOS="1224" VPOS="3382" WIDTH="58" />
<String CONTENT="24&#189;cm." CS="1" HEIGHT="41" HPOS="1283" VPOS="3382" WIDTH="145" />
</TextLine>
<TextLine HEIGHT="47" HPOS="204" VPOS="3442" WIDTH="769">
<String CONTENT="Facsimiles" HEIGHT="41" HPOS="204" VPOS="3443" WIDTH="281" />
<SP HEIGHT="29" HPOS="486" VPOS="3454" WIDTH="34" />
<String CONTENT="on" HEIGHT="28" HPOS="521" VPOS="3454" WIDTH="58" />
<SP HEIGHT="39" HPOS="580" VPOS="3443" WIDTH="35" />
<String CONTENT="lining-papers." HEIGHT="47" HPOS="616" VPOS="3442" WIDTH="357" />
</TextLine>
<TextLine CS="1" HEIGHT="56" HPOS="138" VPOS="3497" WIDTH="1835">
<String CONTENT="&#169;" HEIGHT="54" HPOS="138" VPOS="3499" WIDTH="53" />
<SP HEIGHT="54" HPOS="192" VPOS="3499" WIDTH="20" />
<String CONTENT="Nov." HEIGHT="39" HPOS="213" VPOS="3504" WIDTH="115" />
<SP HEIGHT="39" HPOS="329" VPOS="3503" WIDTH="23" />
<String CONTENT="9," HEIGHT="42" HPOS="353" VPOS="3503" WIDTH="39" />
<SP HEIGHT="41" HPOS="393" VPOS="3504" WIDTH="23" />
<String CONTENT="1935;" CS="1" HEIGHT="40" HPOS="417" VPOS="3502" WIDTH="112" />
<SP HEIGHT="47" HPOS="557" VPOS="3502" WIDTH="25" />
<String CONTENT="2c." HEIGHT="39" HPOS="583" VPOS="3502" WIDTH="66" />
<SP HEIGHT="40" HPOS="650" VPOS="3501" WIDTH="26" />
<String CONTENT="Jan." HEIGHT="39" HPOS="677" VPOS="3501" WIDTH="108" />
<SP HEIGHT="40" HPOS="786" VPOS="3500" WIDTH="24" />
<String CONTENT="29," HEIGHT="48" HPOS="811" VPOS="3500" WIDTH="69" />
<SP HEIGHT="48" HPOS="881" VPOS="3500" WIDTH="23" />
<String CONTENT="1936;" CS="1" HEIGHT="39" HPOS="905" VPOS="3500" WIDTH="115" />
<SP HEIGHT="36" HPOS="1045" VPOS="3510" WIDTH="26" />
<String CONTENT="aff." HEIGHT="41" HPOS="1072" VPOS="3498" WIDTH="80" />
<SP HEIGHT="40" HPOS="1153" VPOS="3498" WIDTH="23" />
<String CONTENT="Apr." HEIGHT="49" HPOS="1177" VPOS="3498" WIDTH="113" />
<SP HEIGHT="42" HPOS="1291" VPOS="3497" WIDTH="23" />
<String CONTENT="9;" CS="1" HEIGHT="41" HPOS="1315" VPOS="3497" WIDTH="29" />
<SP HEIGHT="48" HPOS="1369" VPOS="3498" WIDTH="25" />
<String CONTENT="A" HEIGHT="40" HPOS="1395" VPOS="3498" WIDTH="42" />
<SP HEIGHT="40" HPOS="1438" VPOS="3498" WIDTH="20" />
<String CONTENT="94283;" CS="1" HEIGHT="40" HPOS="1459" VPOS="3499" WIDTH="143" />
<SP HEIGHT="46" HPOS="1631" VPOS="3501" WIDTH="26" />
<String CONTENT="Dietz" HEIGHT="40" HPOS="1658" VPOS="3500" WIDTH="141" />
<SP HEIGHT="37" HPOS="1800" VPOS="3512" WIDTH="23" />
<String CONTENT="press." HEIGHT="37" HPOS="1824" VPOS="3512" WIDTH="149" />
</TextLine>
<TextLine CS="1" HEIGHT="50" HPOS="219" VPOS="3559" WIDTH="277">
<String CONTENT="(36-11019)" CS="1" HEIGHT="50" HPOS="219" VPOS="3559" WIDTH="277" />
</TextLine>
<TextLine CS="1" HEIGHT="149" HPOS="139" STYLEREFS="StyleId-58AC3234-2389-4525-9600-0E3E47094478-" VPOS="3644" WIDTH="1987">
<String CONTENT="A" HEIGHT="51" HPOS="139" VPOS="3652" WIDTH="55" />
<SP HEIGHT="62" HPOS="195" VPOS="3652" WIDTH="28" />
<String CONTENT="pictorial" HEIGHT="64" HPOS="224" VPOS="3650" WIDTH="267" />
<SP HEIGHT="51" HPOS="492" VPOS="3650" WIDTH="32" />
<String CONTENT="tour" HEIGHT="46" HPOS="525" VPOS="3655" WIDTH="128" />
<SP HEIGHT="34" HPOS="654" VPOS="3667" WIDTH="33" />
<String CONTENT="of" HEIGHT="54" HPOS="688" VPOS="3647" WIDTH="61" />
<SP HEIGHT="52" HPOS="750" VPOS="3647" WIDTH="30" />
<String CONTENT="northern" HEIGHT="53" HPOS="781" VPOS="3646" WIDTH="273" />
<SP HEIGHT="55" HPOS="1055" VPOS="3646" WIDTH="34" />
<String CONTENT="California;" HEIGHT="68" HPOS="1090" VPOS="3644" WIDTH="350" />
<SP HEIGHT="66" HPOS="1441" VPOS="3646" WIDTH="36" />
<String CONTENT="being" HEIGHT="68" HPOS="1478" VPOS="3646" WIDTH="169" />
<SP HEIGHT="49" HPOS="1648" VPOS="3665" WIDTH="32" />
<String CONTENT="a" HEIGHT="34" HPOS="1681" VPOS="3666" WIDTH="30" />
<SP HEIGHT="34" HPOS="1712" VPOS="3666" WIDTH="31" />
<String CONTENT="series" HEIGHT="55" HPOS="1744" VPOS="3648" WIDTH="168" />
<SP HEIGHT="35" HPOS="1913" VPOS="3668" WIDTH="33" />
<String CONTENT="of" HEIGHT="52" HPOS="1947" VPOS="3651" WIDTH="63" />
<SP HEIGHT="52" HPOS="2011" VPOS="3651" WIDTH="32" />
<String CONTENT="reproductions" HEIGHT="124" HPOS="207" VPOS="3669" WIDTH="1895" />
<SP HEIGHT="54" HPOS="573" VPOS="3723" WIDTH="33" />
<String CONTENT="from" HEIGHT="51" HPOS="607" VPOS="3723" WIDTH="152" />
<SP HEIGHT="50" HPOS="760" VPOS="3740" WIDTH="32" />
<String CONTENT="photographs" HEIGHT="69" HPOS="793" VPOS="3721" WIDTH="392" />
<SP HEIGHT="35" HPOS="1186" VPOS="3738" WIDTH="32" />
<String CONTENT="of" HEIGHT="53" HPOS="1219" VPOS="3719" WIDTH="63" />
<SP HEIGHT="69" HPOS="1283" VPOS="3719" WIDTH="32" />
<String CONTENT="principal" HEIGHT="68" HPOS="1316" VPOS="3720" WIDTH="288" />
<SP HEIGHT="54" HPOS="1605" VPOS="3721" WIDTH="35" />
<String CONTENT="spots" HEIGHT="63" HPOS="1641" VPOS="3727" WIDTH="155" />
<SP HEIGHT="34" HPOS="1797" VPOS="3742" WIDTH="33" />
<String CONTENT="of" HEIGHT="53" HPOS="1831" VPOS="3723" WIDTH="64" />
<SP HEIGHT="54" HPOS="1896" VPOS="3723" WIDTH="30" />
<String CONTENT="scenic," HEIGHT="68" HPOS="1927" VPOS="3724" WIDTH="199" />
</TextLine>
<TextLine HEIGHT="60" HPOS="206" STYLEREFS="StyleId-58AC3234-2389-4525-9600-0E3E47094478-" VPOS="3798" WIDTH="1920">
<String CONTENT="romantic" HEIGHT="54" HPOS="206" VPOS="3801" WIDTH="275" />
<SP HEIGHT="34" HPOS="482" VPOS="3820" WIDTH="32" />
<String CONTENT="and" HEIGHT="51" HPOS="515" VPOS="3802" WIDTH="111" />
<SP HEIGHT="52" HPOS="627" VPOS="3801" WIDTH="33" />
<String CONTENT="historic" HEIGHT="54" HPOS="661" VPOS="3799" WIDTH="234" />
<SP HEIGHT="53" HPOS="896" VPOS="3799" WIDTH="30" />
<String CONTENT="interest" HEIGHT="52" HPOS="927" VPOS="3799" WIDTH="232" />
<SP HEIGHT="52" HPOS="1160" VPOS="3798" WIDTH="32" />
<String CONTENT="in" HEIGHT="51" HPOS="1193" VPOS="3798" WIDTH="60" />
<SP HEIGHT="33" HPOS="1254" VPOS="3816" WIDTH="29" />
<String CONTENT="northern" HEIGHT="52" HPOS="1284" VPOS="3798" WIDTH="274" />
<SP HEIGHT="54" HPOS="1559" VPOS="3798" WIDTH="34" />
<String CONTENT="California." HEIGHT="57" HPOS="1594" VPOS="3798" WIDTH="339" />
<SP HEIGHT="56" HPOS="1934" VPOS="3802" WIDTH="74" />
<String CONTENT="San" HEIGHT="56" HPOS="2009" VPOS="3802" WIDTH="117" />
</TextLine>
<TextLine HEIGHT="69" HPOS="206" STYLEREFS="StyleId-58AC3234-2389-4525-9600-0E3E47094478-" VPOS="3877" WIDTH="967">
<String CONTENT="Francisco," HEIGHT="65" HPOS="206" VPOS="3881" WIDTH="319" />
<SP HEIGHT="69" HPOS="526" VPOS="3877" WIDTH="32" />
<String CONTENT="Sunset" HEIGHT="55" HPOS="559" VPOS="3877" WIDTH="205" />
<SP HEIGHT="62" HPOS="765" VPOS="3883" WIDTH="30" />
<String CONTENT="press," HEIGHT="50" HPOS="796" VPOS="3895" WIDTH="173" />
<SP HEIGHT="62" HPOS="970" VPOS="3881" WIDTH="29" />
<String CONTENT="c" HEIGHT="22" HPOS="1000" STYLE="superscript" VPOS="3881" WIDTH="18" />
<String CONTENT="1936." HEIGHT="50" HPOS="1024" VPOS="3877" WIDTH="149" />
</TextLine>
<TextLine HEIGHT="53" HPOS="212" VPOS="3950" WIDTH="555">
<String CONTENT="[48]" HEIGHT="50" HPOS="212" VPOS="3953" WIDTH="83" />
<SP HEIGHT="39" HPOS="296" VPOS="3964" WIDTH="24" />
<String CONTENT="p." HEIGHT="37" HPOS="321" VPOS="3964" WIDTH="43" />
<SP HEIGHT="28" HPOS="365" VPOS="3965" WIDTH="24" />
<String CONTENT="of" HEIGHT="40" HPOS="390" VPOS="3953" WIDTH="51" />
<SP HEIGHT="38" HPOS="442" VPOS="3953" WIDTH="22" />
<String CONTENT="illus." HEIGHT="39" HPOS="465" VPOS="3952" WIDTH="126" />
<SP HEIGHT="39" HPOS="592" VPOS="3951" WIDTH="58" />
<String CONTENT="31" HEIGHT="40" HPOS="651" VPOS="3950" WIDTH="55" />
<String CONTENT="cm" HEIGHT="22" HPOS="710" STYLE="superscript" VPOS="3952" WIDTH="45" />
<String CONTENT="." HEIGHT="8" HPOS="758" VPOS="3981" WIDTH="9" />
</TextLine>
<TextLine CS="1" HEIGHT="59" HPOS="140" VPOS="4003" WIDTH="1642">
<String CONTENT="&#169;" HEIGHT="52" HPOS="140" VPOS="4010" WIDTH="53" />
<SP />
<String CONTENT="May" CS="1" />
<SP />
<String CONTENT="14," HEIGHT="44" HPOS="350" VPOS="4013" WIDTH="68" />
<SP HEIGHT="45" HPOS="419" VPOS="4012" WIDTH="22" />
<String CONTENT="1936;" HEIGHT="46" HPOS="442" VPOS="4010" WIDTH="138" />
<SP HEIGHT="47" HPOS="581" VPOS="4009" WIDTH="23" />
<String CONTENT="2c." HEIGHT="40" HPOS="605" VPOS="4009" WIDTH="67" />
<SP HEIGHT="29" HPOS="673" VPOS="4019" WIDTH="23" />
<String CONTENT="and" HEIGHT="39" HPOS="697" VPOS="4009" WIDTH="95" />
<SP HEIGHT="38" HPOS="793" VPOS="4009" WIDTH="22" />
<String CONTENT="aff." HEIGHT="39" HPOS="816" VPOS="4007" WIDTH="80" />
<SP HEIGHT="39" HPOS="897" VPOS="4007" WIDTH="25" />
<String CONTENT="May" HEIGHT="47" HPOS="923" VPOS="4007" WIDTH="113" />
<SP HEIGHT="49" HPOS="1037" VPOS="4005" WIDTH="22" />
<String CONTENT="25;" HEIGHT="47" HPOS="1060" VPOS="4005" WIDTH="83" />
<SP HEIGHT="47" HPOS="1144" VPOS="4005" WIDTH="24" />
<String CONTENT="A" HEIGHT="39" HPOS="1169" VPOS="4005" WIDTH="42" />
<SP HEIGHT="41" HPOS="1212" VPOS="4003" WIDTH="21" />
<String CONTENT="95379;" HEIGHT="50" HPOS="1234" VPOS="4003" WIDTH="169" />
<SP HEIGHT="47" HPOS="1404" VPOS="4006" WIDTH="28" />
<String CONTENT="Sunset" HEIGHT="41" HPOS="1433" VPOS="4006" WIDTH="178" />
<SP HEIGHT="47" HPOS="1612" VPOS="4009" WIDTH="20" />
<String CONTENT="press." HEIGHT="38" HPOS="1633" VPOS="4018" WIDTH="149" />
</TextLine>
<TextLine CS="1" HEIGHT="51" HPOS="220" VPOS="4067" WIDTH="277">
<String CONTENT="(36-11017)" CS="1" HEIGHT="51" HPOS="220" VPOS="4067" WIDTH="277" />
</TextLine>
</TextBlock>
</PrintSpace>
</Page>
</Layout>
</alto>