2519 4377
1315 4105 133 49 1300

426 485 99 49 xvi,
552 485 91 42 280
667 496 45 39 p.
771 485 61 42 26
831 488 46 22 cm
879 517 10 9 .

427 556 68 40 “A
518 556 192 41 revised
735 556 188 48 reprint
947 557 53 38 of
1021 557 83 41 the
1127 556 201 41 articles
1352 568 61 30 on
1436 558 83 40 the
1542 558 191 48 subject
1758 560 194 48 matter,

1977 558 263 50 originally
355 560 2004 93 published
537 612 51 40 in
616 614 81 39 the
723 614 244 41 Southern
992 613 276 42 California
1294 614 95 40 law
1413 613 565 44 review.”—Foreword.

429 670 179 40 “Table
637 670 53 41 of
715 668 166 42 cases”
900 681 10 30 :
937 680 45 39 p.
1008 669 221 42 257-268.

356 723 53 54 ©
442 728 117 47 July
589 727 71 48 22,
693 728 141 46 1936;
870 727 67 41 2c.
971 728 120 48 Aug.
1125 727 83 49 10;
1246 729 82 40 aff.
1365 729 129 47 Sept.
1528 729 54 47 2;
1617 729 42 40 A
1690 729 146 42 97778;
1898 730 52 41 L.
1985 731 53 40 T.
2073 730 175 49 David,
2283 732 93 39 Los

420 799 223 48 Angeles.
700 799 282 50 [Copyright
1005 800 43 39 is
1073 800 208 39 claimed
1304 811 61 29 on
1389 799 254 51 revisions,
1668 801 298 40 corrections
1992 802 97 39 and
2114 800 261 52 additions]

439 856 283 49 (36-20388)

357 960 197 65 Dazzi,
585 961 225 56 Manlio
835 962 321 65 Torquato,
1189 968 174 50 1891-

357 1039 1994 149 … Città, giorni di contumacia; romanzo. Milano, A. Mondadori [1936]
430 1192 775 50 4 p. l. , [11]-225 p., 1 l. 19 cm .
430 1250 65 42 At
521 1251 126 40 head
675 1250 54 41 of
755 1249 110 42 title
883 1261 9 30 :
922 1250 184 41 Manlio
1132 1249 167 44 Dazzi.

360 1317 2020 54 © Mar. 31, 1936; 1c. July 10; A-Foreign 32422; Casa éditrice A.
431 1379 306 41 Mondadori.
809 1379 283 48 (36-20361)

359 1482 278 66 Dickson,
665 1483 299 55 Winslow.

433 1560 234 71 Mighty
691 1561 257 69 muscles,
971 1560 76 71 by
1072 1559 281 56 Winslow
1378 1560 272 54 Dickson.
1713 1561 237 68 Boston,
1975 1560 243 54 Meador
360 1557 1998 154 publishing
611 1659 302 51 company,
951 1645 151 51 1936.

430 1716 631 51 3 p. l. , 9-146 p. 20½ cm .
434 1776 271 46 Argument
733 1774 111 40 that
872 1774 82 41 the
980 1776 199 46 present
1207 1774 396 48 unemployment
1630 1774 217 49 problem
1876 1773 48 40 in
1956 1773 84 41 the
2072 1774 54 41 U.
2159 1774 45 41 S.
2229 1773 43 41 is
2302 1773 82 43 the

362 1833 156 40 result
559 1832 52 39 of
652 1832 84 39 the
775 1830 285 49 imposition
1101 1842 62 29 on
1203 1831 84 40 the
1329 1831 245 40 railroads
1617 1831 62 48 by
1722 1831 84 41 the
1848 1832 317 47 government
2207 1831 53 41 of
2301 1831 84 41 the

364 1889 278 41 “Adamson
680 1888 109 41 act”
828 1888 53 41 of
917 1887 116 42 1916
1072 1888 98 41 and
1206 1888 83 40 the
1327 1887 443 49 “Transportation
1809 1887 109 41 act”
1959 1888 54 40 of
2049 1888 129 48 1920,
2220 1888 97 40 and
2355 1898 28 31 a

362 1947 199 40 further
587 1946 364 41 consideration
980 1946 52 40 of
1058 1944 340 41 communistic
1424 1956 54 29 or
1508 1945 216 41 “leftist”
1753 1944 281 42 tendencies
2062 1946 51 39 in
2140 1944 85 42 the
2252 1946 56 40 U.
2339 1944 45 41 S.

364 2015 53 53 ©
445 2019 127 47 Sept.
598 2019 39 47 3,
665 2017 114 41 1936;
834 2017 67 40 2c.
930 2017 128 48 Sept.
1084 2017 54 39 11;
1196 2016 82 41 aff.
1307 2016 130 48 Sept.
1463 2016 54 40 12;
1573 2017 40 39 A
1639 2016 144 41 97753;
1839 2016 215 39 Edward
2080 2016 60 41 K.
2169 2014 214 50 Meador,

435 2077 199 39 Boston.
710 2074 283 49 (36-20380)

361 2180 94 54 Du
485 2180 407 66 Puigaudeau,
923 2181 237 54 Odette.

500 2257 1882 69 … Pieds nus à travers la Mauritanie; préface du général
367 2338 294 56 Gouraud.
738 2338 157 54 Avec
928 2341 65 50 60
1026 2338 206 68 photos
1266 2339 68 53 de
1368 2337 261 66 l’auteur,
1662 2340 32 49 2
1729 2335 240 70 croquis,
2008 2340 26 49 1
2069 2342 150 47 carte
2254 2335 131 52 hors

366 2417 900 68 texte … Paris, Plon [1936]
437 2488 1717 52 3 p. l., ix, 286 p., 1 l. illus., plates, ports., fold. map. 201 cm .
366 2557 1875 54 © May 15, 1936: 1c. July 11; A- Foreign 32315; Librairie Plon.
448 2619 283 49 (36-20340)

367 2722 164 65 Eîlis,
562 2722 300 65 Ridsdale,
895 2728 172 50 1886-

441 2800 56 53 A
535 2800 237 54 treatise
811 2818 74 35 on
924 2800 99 52 the
1061 2800 110 52 law
1213 2798 65 53 of
1318 2803 203 64 patent
1560 2796 380 70 assignments
1981 2796 114 53 and
2137 2794 252 65 licenses,

368 2874 2019 76 by Ridsdale Ellis … New York, Baker, Yoorhis & co., 1936.
439 2955 101 49 lvii,
570 2956 84 40 561
684 2965 44 38 p.
789 2955 59 40 26
847 2957 45 21 cm
897 2986 9 9 .

442 3013 179 40 “Table
649 3013 53 39 of
728 3022 138 29 cases
894 3011 157 41 cited”
1071 3023 10 30 :
1110 3022 45 38 p.
1184 3009 267 41 xxxv-lvii.

370 3080 53 53 ©
457 3085 127 47 Sept.
615 3084 71 48 23,
719 3083 141 48 1936;
894 3083 68 41 2c.
996 3083 96 39 and
1123 3083 83 41 aff.
1243 3083 126 47 Sept.
1403 3082 83 47 24;
1521 3082 41 39 A
1593 3080 172 48 98606;
1801 3080 177 47 Baker,
2010 3078 208 42 Voorhis
2251 3079 37 40 &
2319 3087 68 31 co.

451 3141 283 49 (36-20389)

370 3247 363 64 Fernandez,
762 3248 250 53 Ramon.

504 3320 1648 68 … L’homme est-il humain? Paris, Gallimard [1936]
442 3397 100 49 270,
577 3397 55 51 [2]
665 3408 42 38 p.
769 3396 118 41 19cm.

370 3462 2019 56 © June 10, 1936; 1c. July 14; A- Foreign 32383; Librairie Gallimard.
453 3525 283 50 (36-20427)

374 3629 194 67 Ficke,
598 3629 236 55 Arthur
861 3628 283 64 Davison,
1173 3633 173 51 1883-

376 3699 1987 147 … The secret, and other poems. Garden City, N. Y., Doubleday, Doran & company, inc., 1936.
446 3856 64 42 ix,
538 3855 86 40 115
650 3864 44 40 p.
755 3855 55 39 21
814 3857 45 21 cm
863 3886 10 9 .

449 3912 162 40 “First
645 3910 229 43 edition.”

375 3981 53 52 ©
457 3986 118 46 Aug.
607 3986 40 46 7,
680 3979 117 45 1936;
855 3983 68 41 2c.
957 3983 97 44 and
1085 3983 83 41 aff.
1203 3983 129 48 Sept.
1364 3983 55 39 12;
1481 3982 42 40 A
1553 3981 147 42 98378;
1758 3980 55 41 A.
1846 3982 57 39 D.
1937 3979 161 49 Ficke,
2131 3976 257 49 Hillsdale,

495 4075 7 7 N.
534 4042 52 40 Y.
656 4041 283 57 (36-27411)
