2519 4377
1009 4103 132 50 1235

80 473 220 65 Bezzel,
329 474 304 52 Hermann
663 490 131 46 von,
811 473 341 54 1861-1917.

151 549 119 53 Das
311 548 163 69 gebet
513 550 140 54 Jesu
695 548 217 55 Christi
954 548 99 53 für
1093 548 92 54 die
1223 549 219 66 seinen;
1487 548 412 53 Bibelstunden
1942 548 138 53 über

79 627 101 53 das
213 627 81 54 17.
326 627 218 68 kapitel
578 628 96 52 des
706 627 722 68 Johannes-evangeliums,
1461 644 112 36 von
1605 628 300 52 Hermann
80 628 1972 145 Bezzel;
241 704 455 70 herausgegeben
742 724 109 35 von
896 706 293 54 Johannes
1235 706 352 67 Rupprecht.
1660 706 306 66 München,
2013 707 65 51 P.

78 785 212 53 Müller
349 789 131 49 [1936]

152 870 470 52 143, [1] p. 23 ½ m.
79 939 1721 54 © Mar. 15, 1936; 1c. June 3; A -Foreign 31951; Paul Müller.
159 1001 280 49 (36-19213)

78 1105 309 63 Blitzsten,
413 1107 138 53 Mrs.
577 1104 273 65 Dorothy
875 1105 69 57 R.

150 1181 476 69 Psychoanalysis
653 1180 323 69 explained,
1004 1181 76 68 by
1106 1181 265 68 Dorothy
1398 1182 68 53 R.
1496 1180 282 54 Blitzsten;
1836 1181 142 53 with
2008 1200 71 34 an

79 1258 1999 149 introduction by A. A. Brill, m. d. New York, Coward-McCann, inc. [c1936]
150 1424 721 52 ix, [1] p., 1 l., 66 p. 19 ½cm .
79 1492 53 53 ©
163 1497 119 47 Aug.
317 1497 68 47 14,
420 1495 117 42 1936;
595 1495 69 41 2c.
698 1496 96 40 and
828 1496 82 41 aff.
944 1496 119 47 Aug.
1097 1495 59 41 20;
1216 1496 40 39 A
1290 1495 142 42 98022;
1496 1497 58 41 D.
1590 1496 55 41 R.
1681 1495 253 47 Blitzsten,
149 1495 1913 106 Chicago.
347 1553 280 48 (36-19211)

78 1657 219 65 Bragg,
326 1658 235 54 Samuel
591 1657 318 63 Atherton,
944 1662 171 50 1849-

149 1734 122 52 The
316 1733 212 68 Gospel
574 1734 64 52 of
683 1733 82 56 St.
812 1734 173 68 John,
1031 1734 72 53 its
1146 1734 159 68 place
1352 1734 112 53 and
1511 1752 262 50 purpose,
1818 1734 75 68 by
1937 1736 138 52 Rev.

83 1811 227 56 Samuel
334 1814 72 51 A.
433 1815 212 67 Bragg.
723 1815 233 66 Boston,
977 1813 239 53 Meador
1242 1812 335 69 publishing
1603 1832 297 49 company,
1928 1818 150 50 1936.

150 1899 87 42 208
263 1909 45 39 p.
366 1898 118 41 2lcm.

81 1966 55 54 ©
175 1971 115 47 July
328 1969 69 50 29,
438 1970 114 41 1936;
620 1971 69 40 2c.
729 1970 120 47 Aug.
888 1970 83 47 21;
1015 1969 81 41 aff.
1136 1970 120 47 Aug.
1296 1969 84 48 24;
1421 1970 42 40 A
1501 1969 172 49 98062;
1719 1971 45 41 S.
1804 1971 56 41 A.
1901 1972 177 50 Bragg,

147 2028 235 48 Webster,
413 2029 146 39 Mass.
629 2026 280 50 (36-19209)

80 2132 252 64 Brewer,
358 2133 154 53 John
538 2133 224 61 Marks,
793 2138 169 50 1877-

82 2210 1972 225 Occupations; a textbook for the educational, civic, and vocational guidance of boys and girls, by John M. Brewer … Boston, New York [etc.] Ginn and company [c1936]
150 2440 114 44 xvii,
294 2441 85 39 622
407 2452 41 37 p.
479 2441 107 40 incl.
614 2441 163 46 front.,
809 2441 142 48 illus.,
982 2441 177 47 diagrs.
1219 2440 146 42 20½cm.

150 2511 40 40 A
217 2511 208 40 revision
452 2511 50 40 of
528 2511 80 40 the
636 2511 122 40 book
782 2511 51 40 of
859 2510 80 41 the
964 2521 134 30 same
1122 2511 109 41 title
1258 2512 58 47 by
1346 2511 161 41 Enoch
1536 2511 186 40 Burton
1753 2511 182 45 Gowin,
83 2512 1973 95 William
221 2568 178 40 Alonzo
426 2568 254 48 Wheatley
708 2569 94 39 and
830 2568 127 40 John
985 2569 59 38 M.
1076 2569 209 46 Brewer,
1316 2567 252 49 published
1598 2566 46 40 in
1674 2568 126 39 1923.

150 2624 317 41 “References
496 2624 77 40 for
603 2624 195 41 further
829 2623 228 50 reading”
1075 2635 9 30 :
1117 2634 41 38 p.
1191 2623 216 41 598-607.

82 2692 1976 107 CONTENTS. — pt. 1. Your education and your work. — pt. 2. Some important kinds of work.—pt. 3. Vocational and life adjustments.
81 2817 53 53 ©
168 2822 127 39 June
329 2822 68 48 11,
434 2822 117 40 1936;
612 2821 67 39 2c.
716 2822 96 38 and
849 2821 81 40 aff.
970 2823 128 46 Sept.
1134 2822 51 46 8;
1225 2822 41 38 A
1301 2819 171 49 97691;
1510 2821 44 41 J.
1593 2821 62 40 M.
1694 2821 210 47 Brewer,
150 2820 1910 107 Cambridge,
371 2880 147 40 Mass.
592 2878 281 51 [Copyright
913 2878 42 41 is
995 2878 207 41 claimed
1242 2889 61 29 on
1344 2876 228 50 revision,
1612 2888 106 30 new
1757 2878 178 40 matter
1981 2876 96 41 and

149 2936 344 50 illustrations]
562 2936 281 50 (36-19266)

78 3042 231 63 Brown,
338 3041 307 54 Elizabeth
673 3042 248 55 Carden.

246 3117 1587 70 … Dance as they desire. New York, Godwin, 1936.
150 3204 87 42 277
263 3214 44 39 p.
366 3202 146 44 19½cm.

81 3271 54 52 ©
156 3275 120 47 Aug.
300 3275 70 46 25,
394 3274 113 41 1936;
561 3275 66 39 2c.
654 3276 119 47 Aug.
797 3275 59 39 22;
910 3275 81 41 aff.
1018 3276 127 47 Sept.
1170 3275 58 40 16;
1279 3276 40 39 A
1344 3275 143 41 97841;
1544 3275 215 49 Godwin,
1785 3275 292 49 publishers.

160 3331 278 48 (36-19253)

79 3434 181 66 Buck,
288 3436 232 52 Arthur
548 3437 261 63 Eugene,
841 3442 171 50 1888-

82 3508 1992 151 Modernizing our state legislatures, by A. E. Buck … Philadelphia, The American academy of political and social science,
84 3666 149 52 1936.

156 3747 43 38 v,
239 3737 56 41 45
336 3748 44 38 p.
448 3737 146 42 23½cm.
676 3740 142 50 ([The
859 3740 258 42 American
1157 3741 230 48 academy
1431 3740 52 40 of
1522 3738 216 50 political
1787 3740 94 40 and
1928 3738 148 42 social

85 3791 199 52 science]
345 3794 254 48 Pamphlet
626 3796 163 49 series,
819 3808 75 32 no.
924 3797 52 50 4)

155 3861 439 50 “Bibliographical
621 3865 168 41 notes”
807 3877 9 29 :
845 3876 44 38 p.
919 3866 159 42 43-45.

83 3928 53 54 ©
159 3934 118 48 Aug.
303 3935 70 46 28,
400 3935 139 43 1936:
567 3936 68 41 2c.
663 3938 94 38 and
785 3940 81 39 aff.
892 3940 119 46 Aug.
1037 3940 55 40 31;
1147 3941 40 38 A
1215 3939 145 41 98183;
1414 3940 159 40 Amer.
1602 3938 231 48 academy
1860 3938 54 39 of
149 3938 1912 91 political
269 3992 95 39 and
389 3992 149 40 social
564 3994 199 43 science.
829 3995 281 50 (36-19386)
