2519 4377
1298 4152 133 51 1046

372 459 264 64 Mueller,
668 460 232 53 Gustav
929 460 172 54 Emil.

446 536 363 68 Philosophy
846 535 65 54 of
945 555 104 34 our
1086 535 436 70 uncertainties;
1565 557 31 34 a
1633 543 281 48 comment
1950 556 73 34 on
2060 538 98 53 the

377 557 1990 113 uncertainties
656 614 65 53 of
768 633 103 34 our
918 614 391 69 philosophies
1361 616 109 68 [by]
1522 615 223 55 Gustav
1789 617 66 52 E.
1902 616 261 55 Mueller.

375 618 1991 143 Norman,
555 690 340 72 University
925 693 64 53 of
1018 692 325 56 Oklahoma
1374 712 174 50 press,
1581 698 151 50 1936.

447 766 69 40 xii
543 778 56 37 p.,
624 768 23 38 1
716 799 8 16 l.,
750 767 99 49 236,
878 768 54 49 [2]
961 779 42 37 p.
1059 768 180 49 diagrs.
1294 768 55 41 23½
1383 771 44 20 cm
1432 800 8 9 .

450 823 162 41 “First
642 823 229 42 edition.”

374 876 52 53 ©
457 881 128 40 June
612 882 40 46 1,
684 881 141 47 1936;
856 881 68 43 2c.
956 882 94 38 and
1084 881 81 42 aff.
1200 883 126 39 June
1356 882 53 48 6;
1442 883 38 39 A
1512 882 171 48 95576;
1718 883 285 43 University
2034 885 52 38 of
2118 884 270 41 Oklahoma

443 948 150 38 press.
662 938 282 50 (36-17433)

372 1042 229 65 Nilson,
628 1044 235 54 Arthur
889 1043 307 67 Reinhold,
1227 1046 171 54 1897-

444 1122 186 55 Radio
660 1123 304 67 operating
990 1124 286 66 questions
1304 1124 111 52 and
1445 1141 263 51 answers,
1733 1124 75 67 by
1835 1124 228 53 Arthur
2088 1126 68 53 R.
2186 1124 202 55 Nilson

436 1201 1952 72 … and J. L. Hornung … 6th ed. New York and London,
373 1279 431 54 McGraw-Hill
831 1279 147 53 book
1006 1298 298 49 company,
1331 1279 127 68 inc.,
1488 1284 149 50 1936.

444 1352 96 47 xiv,
570 1351 85 42 427
685 1363 43 37 p.
761 1352 109 41 incl.
900 1352 164 50 front.,
1094 1352 144 49 illus.,
1271 1352 179 48 diagrs.
1511 1352 56 40 21
1571 1356 44 21 cm
1621 1385 8 8 .

444 1410 114 38 Two
587 1409 334 39 unnumbered
951 1410 162 39 leaves
1141 1411 85 39 not
1255 1409 226 40 included
1512 1410 51 39 in
1590 1410 289 47 pagination
1909 1410 168 48 facing
2104 1422 44 37 p.
2177 1410 85 42 268
2293 1411 96 41 and

369 1465 98 42 296.

445 1523 169 40 “Brief
638 1523 371 49 bibliography”
1040 1526 52 37 at
1121 1524 91 39 end
1242 1523 52 40 of
1324 1525 127 38 most
1480 1523 52 41 of
1560 1523 86 41 the
1671 1525 153 46 parts.

372 1577 52 54 ©
457 1583 113 46 May
602 1581 38 50 8,
675 1580 140 49 1936;
849 1580 68 43 2c.
951 1582 113 47 May
1096 1582 82 47 11;
1214 1580 83 42 aff.
1332 1582 113 46 May
1479 1580 82 49 12;
1596 1581 41 40 A
1668 1580 172 49 94394;
1877 1581 355 41 McGraw-Hill
2264 1580 125 42 book

444 1649 81 39 co.,
556 1639 91 39 inc.
717 1638 282 49 (36-27330)

372 1745 304 64 Oliphant,
699 1745 125 53 Jas.
850 1745 92 64 H.,
965 1744 52 53 &
1041 1761 84 38 co.

444 1822 331 67 Oliphant’s
828 1821 214 54 studies
1093 1822 60 51 in
1207 1820 307 68 securities,
1568 1824 150 50 1935.
1808 1822 97 52 9th
1959 1822 211 51 annual
2223 1821 161 55 issue.

375 1901 165 54 Some
575 1900 63 53 of
675 1901 94 52 the
803 1901 216 52 studies
1054 1900 63 52 of
1154 1899 396 67 considerably
1585 1918 132 34 over
1752 1918 31 34 a
1817 1900 265 53 hundred
2118 1899 271 54 different

373 1980 327 66 companies
743 1977 283 69 prepared
1072 1979 111 51 and
1229 1978 306 67 published
1580 1978 74 68 by
1699 1978 116 53 this
1859 1978 131 52 firm
2034 1977 213 69 during
2291 1979 97 54 the

374 2066 127 58 past
554 2055 249 55 thirteen
853 2057 479 67 years—selected
1387 2075 58 33 as
1497 2056 287 68 examples
1838 2055 63 54 of
1953 2056 198 53 varied
372 2062 1991 141 enterprise—past

776 2135 227 52 records
1049 2135 251 67 brought
1346 2134 123 53 into
1515 2135 245 52 relation
1808 2134 140 53 with
1998 2135 98 52 the
2141 2140 243 63 present.

372 2216 139 52 New
543 2214 180 67 York,
755 2212 272 69 Chicago,
1056 2215 55 54 J.
1144 2214 76 52 H.
1253 2211 288 71 Oliphant
1569 2217 45 51 &
1644 2231 77 37 co.
1761 2247 13 35 [
1780 2219 17 21 c
1803 2217 152 64 1935]

441 2289 100 47 viii,
572 2288 145 40 9-187
747 2298 44 37 p.
849 2287 55 39 21½
939 2290 14 20 cm
989 2320 7 8 .

372 2342 53 53 ©
456 2347 129 38 June
614 2346 69 46 25,
716 2344 141 47 1935;
892 2344 66 40 2c.
992 2344 116 47 July
1141 2343 81 48 16;
1258 2343 84 42 aff.
1373 2343 115 47 July
1521 2344 54 39 15;
1638 2344 40 38 A
1710 2342 144 42 97052;
1921 2344 102 40 Jas.
2059 2344 59 41 H.
2153 2342 235 49 Oliphant

442 2404 36 40 &
505 2413 67 30 co.

369 2506 188 65 Palyi,
585 2504 303 66 Melchior,
921 2510 172 50 1892-

439 2578 1944 73 Liquidity, by Dr. Melchior Palyi … Minneapolis, Minn.,
368 2660 324 54 Minnesota
730 2659 244 54 bankers
1011 2658 340 56 association
1393 2692 13 34 [
1409 2665 20 21 c
1434 2660 135 51 1936
1573 2691 14 35 ]

440 2733 435 50 22 p., 1 l. 23 cm .
442 2793 119 40 This
587 2792 250 48 pamphlet
864 2792 91 39 has
979 2801 166 38 grown
1170 2792 85 39 out
1279 2790 52 40 of
1356 2801 29 29 a
1413 2789 183 41 lecture
1624 2789 245 40 delivered
1898 2788 167 42 before
2093 2789 81 40 the

371 2787 1996 103 Minnesota
507 2849 225 42 bankers’
764 2848 295 41 association
1121 2847 62 48 cf.
1214 2847 130 42 Pref.

444 2909 87 40 “In
571 2921 27 29 a
643 2907 354 48 substantially
1036 2906 315 42 abbreviated
1393 2905 142 48 form,
1581 2904 99 41 this
1720 2914 150 38 paper
1913 2905 91 39 has
2049 2904 243 48 appeared
2335 2903 47 39 in

371 2966 223 49 England
622 2968 49 38 in
699 2967 82 40 the
807 2966 313 40 Manchester
1146 2964 243 49 guardian
1414 2961 544 42 commercial.”—Pref.

442 3023 348 50 “Suggestions
815 3023 80 40 for
916 3023 199 40 further
1138 3019 256 50 readings”:
1449 3019 103 41 leaf
1578 3021 53 40 at
1655 3020 108 40 end.

373 3081 52 53 ©
453 3086 114 47 Apr.
596 3085 70 46 24,
700 3083 141 47 1936;
873 3081 65 40 2c.
972 3083 113 45 May
1114 3081 83 47 14;
1228 3080 82 41 aff.
1343 3081 113 45 May
1487 3079 81 46 11;
1602 3079 38 39 A
1671 3077 171 49 95184;
1878 3079 61 38 M.
1973 3076 154 50 Palyi,
2160 3075 224 49 Chicago.

452 3142 282 48 (36-11517)

373 3246 317 64 Parkman,
718 3245 241 63 Sydney
983 3242 231 64 Miiller,
1246 3247 170 50 1895-

447 3321 419 70 Night-action,
907 3320 75 69 by
1028 3318 231 70 Sydney
1303 3317 308 53 Parkman.
1689 3315 137 53 New
1873 3314 163 53 York
2080 3313 112 53 and
373 3314 1987 152 London,

541 3399 234 67 Harper
811 3400 46 50 &
889 3398 281 67 brothers,
1207 3398 149 52 1936.

443 3468 567 51 3 p. l., 306 p. 19½ cm .
444 3528 163 41 “First
638 3525 229 44 edition.”

373 3585 52 53 ©
456 3590 119 45 Aug.
610 3588 38 49 6,
711 3587 112 47 1936;
857 3586 68 41 2c.
959 3587 118 46 Aug.
1112 3586 52 46 6;
1198 3584 82 41 aff.
1314 3585 120 46 Aug.
1468 3584 51 41 8:
1556 3584 40 38 A
1631 3582 170 47 97321;
1841 3582 44 40 S.
1921 3583 61 38 M.
2018 3580 261 44 Parkman,
2315 3577 66 42 St.

439 3644 475 47 Leonard’s-on-Sea,
950 3645 194 46 Sussex,
1180 3641 236 46 England.
1487 3639 282 47 (36-17475)

371 3750 172 64 Peck,
568 3747 313 57 Winifred.

443 3827 121 52 The
589 3825 147 54 skies
762 3843 94 35 are
882 3822 215 70 falling
1226 3855 12 34 [by]
1269 3820 295 55 Winifred
1590 3819 166 53 Peck.
1835 3818 133 52 New
2001 3815 176 66 York,
373 3813 1983 144 Frederick

564 3902 66 54 A.
673 3901 201 56 Stokes
910 3918 297 51 company,
1246 3900 148 52 1936.

444 3972 547 49 5 p. l., 298 p. 20 cm .
374 4030 52 53 ©
455 4036 117 40 Aug.
601 4034 38 47 6,
670 4033 140 47 1936;
840 4033 67 41 2c.
936 4032 95 39 and
1061 4031 81 40 aff.
1174 4031 120 44 Aug.
1366 4040 9 36 8;
1407 4031 39 37 A
1473 4027 172 44 97319;
1674 4028 70 39 W.
1776 4026 140 46 Peck,
1947 4025 212 39 London.

455 4089 281 49 (36-17472)
