2519 4377
1059 4111 97 52 173

182 544 81 48 vii,
292 545 85 41 216
404 556 44 38 p.
507 545 164 47 front.,
700 544 171 49 plates.
929 543 53 40 19½
1015 545 43 21 cm
1063 575 8 9 .
1140 544 127 48 (Her
1296 543 190 48 Melody
1514 544 109 40 lane
1650 544 214 47 mystery
1894 543 200 46 stories)

184 602 285 41 Illustrated
508 602 361 49 lining-papers.

110 669 53 53 ©
196 675 121 38 Mar.
349 673 40 47 2,
424 672 139 47 1936;
597 672 68 40 2c.
700 673 94 38 and
828 670 81 41 aff.
945 672 120 39 Mar.
1098 672 53 45 4;
1189 671 43 41 A,
1262 670 169 47 92058;
1470 670 199 40 Grosset
1700 670 37 40 &
1770 670 209 47 Dunlap,
2014 669 91 40 inc.

190 728 248 50 (36-5819)

113 833 241 63 Gerard,
384 833 231 55 Louise.

179 906 323 70 Following
533 906 294 69 footsteps,
858 906 75 69 by
966 905 204 53 Louise
1205 904 222 55 Gerard
1464 947 57 11 ...
1596 905 139 53 New
1770 903 180 70 York,
1982 904 123 53 The

109 986 832 68 Macaulay company [ c 1936]
180 1058 610 48 3 p. l., 9-314 p. 19½ cm .
109 1128 53 53 ©
190 1133 108 38 Feb.
324 1131 70 48 24,
422 1131 114 41 1936;
592 1131 68 41 2c.
692 1131 109 40 Feb.
829 1130 55 40 25;
942 1130 81 40 aff.
1053 1131 110 39 Feb.
1194 1130 59 40 28;
1308 1131 40 38 A
1377 1130 147 41 93038;
1582 1131 49 40 L.
1663 1130 199 49 Gerard,
1895 1130 211 41 London.

189 1188 250 49 (36-5927)

117 1291 297 66 [Graham,
444 1291 179 53 Louis
649 1291 177 66 Leon]
864 1295 169 50 1904-

181 1367 119 51 The
341 1384 260 34 romance
638 1365 65 53 of
741 1366 183 52 Texas
964 1364 95 68 oil,
1101 1364 73 69 by
1214 1364 312 68 Llewellyn
1566 1363 254 56 Graham
1884 1364 181 68 [pseud]

113 1442 1710 70 Fort Worth, Tex., Tariff publishing company [ c 1935]
179 1515 706 49 3 p. l ., 126 p. illus. 19 cm .
180 1574 71 40 On
283 1584 140 31 cover;
483 1572 288 43 Centennial
799 1574 196 41 edition.

110 1629 52 53 ©
190 1635 110 39 Dec.
327 1634 69 47 21,
427 1632 113 42 1935;
598 1633 68 40 2c.
695 1634 111 38 Dec.
837 1632 58 41 27;
950 1633 82 40 aff.
1061 1633 108 39 Jan.
1199 1632 41 49 9,
1271 1632 116 41 1936;
1442 1634 42 39 A
1510 1632 148 42 90276;
1713 1634 50 40 L.
1794 1634 50 40 L,
1878 1634 229 49 Graham,

178 1690 117 40 Fort
323 1692 185 39 Worth.
579 1689 252 49 (36-5770)

112 1794 228 64 Harris,
370 1794 156 54 Julia
553 1795 79 54 M.

187 1914 55 10 ...
272 1869 181 56 Visits
480 1869 131 53 here
639 1872 113 53 and
778 1869 158 54 there
966 1915 55 10 ...
1054 1870 74 68 by
1154 1870 161 55 Julia
1340 1871 81 52 M.
1448 1870 211 53 Harris
1690 1915 56 9 ...
1781 1871 322 54 illustrated

114 1948 74 68 by
224 1948 314 54 Constance
568 1947 393 56 Whittemore.
1038 1950 234 66 Boston,
1308 1949 138 53 New
1482 1948 163 53 York
1704 1954 119 63 [etc.]
111 1950 1971 129 Houghton

237 2026 742 68 Mifflin company [ c 1936]
184 2099 28 39 2
277 2130 9 9 v.
346 2099 86 40 col.
466 2099 127 39 illus.
653 2098 118 41 19cm.
841 2098 125 48 (The
998 2098 128 40 child
1161 2099 334 48 development
1528 2099 223 47 readers)

185 2156 286 40 Illustrated
501 2155 364 49 lining-papers.

185 2212 260 43 Published
474 2212 50 39 in
548 2211 116 42 1935
689 2212 50 40 in
765 2222 89 31 one
880 2213 205 40 volume.

109 2267 52 53 ©
191 2272 109 39 Jan.
330 2271 69 47 29,
430 2270 140 47 1936;
601 2271 68 40 2c.
701 2272 116 38 each
849 2271 110 41 Feb.
990 2271 54 38 15;
1102 2270 108 41 affs.
1243 2271 109 39 Feb.
1386 2272 81 45 14;
1500 2271 44 39 A
1570 2270 158 49 91767,
1761 2271 143 41 91768;
1966 2273 44 40 J.
2044 2274 63 39 M.

182 2328 189 44 Harris,
406 2328 265 40 Nashville.
739 2327 278 50 [Copyright
1051 2327 42 39 is
1128 2327 203 40 claimed
1366 2338 59 28 on
1460 2338 107 30 new
1599 2330 192 46 matter]
189 2385 249 48 (36-5947)

112 2489 381 63 Hawthorne,
526 2489 377 63 Hildegarde.

183 2564 121 52 The
336 2570 132 61 poet
499 2564 63 52 of
597 2563 231 69 Craigie
859 2565 200 66 house;
1097 2566 95 51 the
1222 2570 157 62 story
1410 2564 64 52 of
1505 2566 203 67 Henry
1740 2565 364 55 Wadsworth

114 2642 376 68 Longfellow,
521 2643 75 67 by
628 2642 359 68 Hildegarde
1018 2643 383 67 Hawthorne;
1437 2643 324 55 illustrated
1794 2643 75 68 by
1900 2644 91 54 W.
2025 2644 81 53 M.

116 2720 230 68 Berger.
420 2720 139 53 New
591 2721 179 67 York,
803 2721 256 67 London,
1092 2722 71 53 D.
1197 2721 579 68 Appleton-Century
1811 2739 297 50 company,

113 2798 416 68 incorporated,
561 2802 150 51 1936.

185 2870 104 50 xiii,
315 2871 87 41 238
427 2881 43 39 p.
497 2870 109 42 incl.
634 2869 164 50 front.,
827 2871 129 42 illus.
1015 2869 57 41 22½
1103 2872 44 22 cm
1151 2902 10 10 .

186 2929 286 40 Illustrated
505 2930 98 46 t.-p.
635 2929 96 40 and
761 2927 363 49 lining-papers.

111 2982 52 52 ©
207 2986 110 40 Feb.
358 2986 70 47 21,
468 2984 140 48 1936;
652 2985 68 41 2c.
764 2986 109 39 Feb.
918 2986 82 47 24;
1045 2985 82 41 aff.
1171 2986 109 39 Feb.
1322 2985 82 47 25;
1451 2987 42 37 A
1534 2984 169 48 91893;
1750 2987 56 40 D.
220 2987 1888 103 Appleton-Century
429 3053 81 36 co.,
547 3042 90 41 inc.
713 3042 224 48 (36-5650)

113 3145 364 64 Henderson,
504 3144 182 54 Louis
711 3145 64 55 T.

183 3219 207 53 Trains;
450 3238 30 33 a
507 3219 303 53 children’s
838 3219 220 68 picture
1084 3219 149 53 book
1261 3218 64 54 of
1351 3218 182 54 trains
1564 3224 112 48 and
1704 3219 199 54 stories
1935 3219 172 52 about

113 3296 171 69 them,
325 3297 75 67 by
440 3297 173 52 Louis
654 3297 66 53 T.
760 3297 355 53 Henderson.
1194 3296 270 69 Chicago,
1506 3297 139 53 New
1689 3297 181 71 York,
1909 3297 81 55 M.
2033 3298 72 52 A.

113 3372 275 55 Donohue
414 3377 45 49 &
485 3392 280 51 company
798 3377 192 64 [c1935]

189 3446 904 51 [40] p. front., illus. 31½ × 25½ cm .
113 3501 53 54 ©
191 3508 117 45 Aug.
333 3506 69 48 20,
429 3507 116 40 1935;
595 3506 67 41 2c.
689 3507 109 41 Feb.
825 3507 69 48 24,
919 3507 117 40 1936;
1086 3506 80 41 aff.
1193 3507 110 41 Feb.
1331 3507 55 41 20;
1441 3508 40 39 A
1505 3506 147 42 90938;
1703 3509 61 39 M.
1791 3508 54 42 A.
1874 3509 237 41 Donohue

183 3565 35 38 &
304 3597 8 7 co.
380 3564 249 50 (36-5774)

116 3664 246 63 Horton,
392 3666 130 63 Guy
550 3667 294 63 Bertram,
878 3669 167 53 1875-

185 3740 241 68 Making
461 3742 94 52 the
591 3741 121 52 best
744 3760 95 34 use
876 3742 62 52 of
972 3759 142 51 your
1151 3744 310 66 insurance,
1497 3743 74 67 by
1610 3740 130 71 Guy
1777 3742 66 53 B.
1882 3742 226 54 Horton

122 3860 55 9 ...
254 3817 359 67 Montpelier,
644 3819 116 67 Vt.,
794 3821 150 51 1936.

187 3887 84 40 169
298 3898 42 37 p.
399 3889 55 40 18½
486 3892 44 20 cm
535 3921 9 9 .

190 3943 117 40 This
333 3946 132 38 work
494 3946 257 47 completes
780 3958 28 28 a
835 3947 241 48 tetralogy
1103 3949 60 47 by
1193 3949 82 39 the
1302 3950 178 38 author
1508 3960 58 28 on
1596 3950 82 39 the
1706 3959 133 37 ways
1867 3949 52 40 of
119 3950 1971 96 applying
234 4001 254 41 insurance
523 4005 47 36 to
607 4004 82 39 the
722 4004 145 39 needs
903 4004 52 39 of
988 4005 177 40 others.
1225 4005 101 40 The
1362 4006 224 47 previous
1624 4006 159 41 works
1818 4017 84 31 are
1939 4007 169 40 “Some
