2519 4377
1072 4093 99 50 813

125 454 262 62 Sironen,
414 456 194 50 Marta
636 451 271 64 Katrina,
938 458 167 49 1902-

194 531 53 52 A
292 529 218 69 history
555 530 62 53 of
662 529 301 53 American
1013 528 303 67 furniture,
1361 528 74 67 by
1480 529 189 51 Marta
1716 528 73 53 K.
1838 526 270 61 Sironen;

123 603 1991 72 edited by N. L. Bienenstock … East Stroudsburg, Pa., and
125 687 136 51 New
291 685 178 64 York,
500 687 66 50 N.
601 687 89 62 Y.,
720 686 117 51 The
871 687 195 50 Towse
1101 684 330 66 publishing
1462 700 295 52 company,
1792 687 148 50 1936.

193 756 1360 51 8 p. l., 150 p. illus. (part col.) diagr. 31 × 23½cm.
197 815 466 47 “Commemorating
706 816 78 38 the
831 814 262 48 sixty-fifth
1140 813 317 48 anniversary
1503 813 51 40 of
1597 812 288 41 continuous
1932 812 180 48 weekly

127 872 292 48 publication
456 872 51 39 of
540 873 80 39 the
655 871 264 41 Furniture
954 872 150 40 world
1140 872 93 40 and
1269 870 247 41 furniture
1552 870 149 48 buyer
1735 866 47 44 &
1816 869 297 41 decorator."

127 940 1905 54 © May 15, 1936; 2c. Apr. 30; aff. June 15; A 96012; Towse pub. co.
205 1002 277 47 (36-13484)

125 1104 419 64 Strawbridge,
571 1104 191 54 Allan.

195 1179 263 68 Suspect;
487 1181 94 52 the
607 1199 116 33 war
748 1185 155 63 story
927 1179 63 55 of
1014 1199 29 33 a
1068 1198 191 50 young
1278 1179 164 54 artist
1464 1179 229 53 accused
1714 1176 62 55 of
1794 1178 320 68 espionage,

125 1258 72 69 by
221 1259 174 52 Allan
428 1257 405 69 Strawbridge.
909 1259 255 55 London,
1192 1261 266 54 Toronto,
1486 1259 89 52 W.
1604 1258 379 65 Heinemann,
2012 1257 102 53 ltd.

129 1341 171 64 [1936]

196 1410 27 39 4
250 1419 42 39 p.
355 1439 8 16 l.,
390 1409 85 40 374
504 1419 43 37 p.
602 1407 58 42 20½
690 1411 44 22 cm
739 1440 9 8 .

127 1462 1991 53 © 1c. June 4, 1936; A ad int. 21532; pubd. Apr. 6; A. Strawbridge,
195 1524 210 38 London.
474 1522 279 47 (36-13311)

125 1626 272 64 Strzelec,
423 1627 178 52 Karol
628 1626 372 64 Wladyslaw,
1032 1632 167 49 1869-

192 1702 148 53 Who
377 1701 146 54 shall
560 1702 160 52 teach
760 1720 103 35 our
899 1700 290 55 children?
1268 1700 54 53 A
1361 1700 311 55 discussion
1712 1700 63 55 of
1815 1701 94 53 the
123 1719 1966 113 parochial
304 1780 188 53 school
526 1779 274 68 question,

126 1777 1964 149 by Karol. Cleveland, O., Central publishing house [ c 1936]
193 1929 162 49 iii-xv,
383 1930 97 47 188,
514 1930 54 50 [4]
596 1940 43 38 p.
700 1929 53 40 21
759 1932 43 22 cm
808 1961 8 8 .

126 1985 52 53 ©
203 1989 111 49 Apr.
342 1990 39 46 1,
408 1988 139 46 1936;
575 1989 66 40 2c.
670 1990 113 46 May
809 1989 51 46 1;
891 1988 81 40 aff.
1000 1990 113 46 May
1139 1988 80 46 16;
1250 1988 39 39 A
1315 1987 171 47 95255;
1516 1989 59 39 K.
1603 1989 71 39 W.

1705 1989 222 45 Strzelec,
196 1988 1905 98 Cleveland.
391 2044 279 49 (36-13479)

125 2151 208 61 Swem,
361 2149 242 55 Charles
629 2150 134 54 Lee.

196 2224 1859 71 Gregg shorthand reporting course, by Charles Lee Swem …
126 2303 1914 69 and John Robert Gregg … New York, Chicago [etc.] c 1936.
198 2377 86 41 320
310 2388 42 38 p.
409 2378 125 39 illus.
563 2377 134 48 (incl.
725 2378 173 48 ports.)
962 2377 56 41 28½
1049 2379 44 22 cm
1098 2408 8 9 .

202 2434 305 41 “Shorthand
539 2436 157 46 plates
726 2434 193 41 written
950 2434 61 48 by
1042 2434 202 41 Charles
1274 2433 233 41 Zoubek.”

127 2488 53 52 ©
204 2493 125 41 June
352 2493 40 45 4,
418 2492 116 40 1936;
585 2492 66 40 2c.
680 2493 124 40 June
829 2492 81 43 13;
938 2492 82 40 aff.
1047 2493 125 39 June
1198 2493 81 45 11;
1309 2492 39 39 A
1374 2491 170 48 95696;
1574 2492 156 48 Gregg
1756 2493 108 46 pub.
1893 2502 81 37 co.,
2003 2493 117 38 New

196 2549 144 39 York.
405 2547 279 49 (36-13298)

125 2652 208 52 Texas.
409 2653 180 59 Laws,
613 2657 255 56 statutes,
894 2657 99 48 etc.

199 2727 275 53 Vernon’s
503 2728 182 52 Texas
714 2732 254 53 statutes,
997 2728 149 51 1936.
1213 2727 334 54 Centennial
1577 2727 83 53 ed.
1728 2726 286 70 Covering
2043 2728 77 54 all

129 2805 95 53 the
251 2806 137 53 laws
417 2805 63 53 of
510 2805 93 53 the
633 2810 144 50 state
807 2805 63 53 of
899 2808 183 50 Texas
1110 2804 62 53 of
1201 2825 30 33 a
1260 2805 228 69 general
1518 2805 112 53 and
1659 2812 335 62 permanent
129 2825 1967 112 nature
287 2882 59 54 in
383 2882 153 54 force
570 2883 262 68 January
870 2886 150 64 1936,

1056 2904 59 35 as
1150 2882 299 56 contained
1484 2884 58 53 in
1578 2883 97 54 the
1707 2884 242 55 Revised
1986 2884 134 55 civil

129 2962 113 52 and
267 2961 259 54 criminal
553 2966 237 49 statutes
815 2962 63 53 of
907 2965 131 49 1925
1061 2961 110 53 and
1199 2962 336 68 subsequent
1560 2962 209 55 session
1797 2964 154 66 laws,
1980 2965 138 53 with

131 3038 177 55 tables
350 3040 111 51 and
499 3040 185 52 index.
759 3041 225 52 Kansas
1020 3040 152 67 City,
1208 3041 133 65 Mo.,
1377 3042 229 52 Vernon
1645 3042 108 53 law
1791 3042 145 53 book
132 3062 1964 122 company
315 3149 12 34 [
332 3123 18 22 c
354 3119 152 64 1936]

202 3189 114 45 lxvi,
342 3190 114 41 2576
483 3201 41 37 p.
554 3190 107 41 incl.
689 3192 162 44 front.,
878 3189 215 43 facsims.
1146 3191 56 40 26
1205 3193 43 22 cm
1254 3223 8 7 .

205 3246 327 48 Frontispiece
562 3247 40 40 is
636 3249 80 38 the
748 3247 169 40 official
949 3247 264 41 certificate
1240 3248 52 40 of
1317 3249 83 40 the
1427 3250 245 47 secretary
1702 3249 52 41 of
1784 3252 141 39 state.

204 3302 69 40 On
301 3312 165 30 cover:
500 3303 203 40 Revised
731 3303 110 40 civil
870 3305 224 39 statutes.
1149 3305 148 39 Penal
1326 3305 128 40 code.
1510 3305 127 41 Code
1665 3306 51 40 of
1741 3306 221 41 criminal
1995 3319 125 37 proc.

130 3355 52 51 ©
216 3360 112 46 May
361 3360 68 47 14,
462 3360 139 45 1936;
637 3359 67 41 2c.
739 3361 94 39 and
868 3361 82 39 aff.
985 3361 126 39 June
1144 3361 80 45 15;
1261 3362 39 38 A
1334 3360 170 49 94975;
1541 3364 191 39 Vernon
1766 3366 96 38 law
1895 3366 122 38 book
2051 3376 68 30 co.

210 3415 277 47 (36-13292)

127 3504 352 65 Thompson,
504 3505 219 64 Joseph
748 3505 248 65 Wesley.

201 3580 323 54 Annotated
560 3581 178 54 forms
770 3582 93 53 for
892 3582 250 54 Indiana
1170 3583 272 70 pleading
1472 3585 113 52 and
1616 3586 248 67 practice
1893 3586 59 52 in
1986 3586 133 54 civil

133 3657 211 54 actions
394 3659 109 51 and
553 3657 209 69 special
813 3659 386 69 proceedings,
1247 3661 273 68 captions,
1569 3680 250 55 prayers,
132 3664 1963 137 verifications,
338 3737 354 67 complaints,
732 3737 335 66 demurrers,
1109 3757 260 49 answers,
1409 3739 223 68 replies,
1673 3742 447 68 counterclaims,

136 3812 259 66 verdicts,
447 3814 345 69 judgments,
845 3814 287 69 petitions,
1184 3815 260 69 motions,
1495 3817 229 68 notices,
1777 3819 211 67 orders,
133 3840 1964 117 remonstrances,

558 3897 218 63 reports
809 3893 111 52 and
951 3894 160 52 other
1141 3893 179 54 forms
1347 3895 136 52 used
1511 3895 60 53 in
1602 3897 214 53 actions
1846 3899 111 51 and
134 3917 1960 118 proceedings
440 3969 57 51 in
549 3975 187 47 courts
786 3970 110 52 and
946 3970 194 54 before
1189 3971 400 69 commissions,
1638 3973 75 69 by
1762 3974 215 69 Joseph
2029 3978 89 52 W.
