2519 4377
1324 4061 99 50 636

348 406 285 65 Cochran,
665 407 203 64 Grace,
898 413 171 49 1889-

420 484 170 53 Basic
623 485 227 52 French:
944 483 200 54 Avant
1177 485 68 52 de
1280 485 122 66 lire,
1440 484 61 55 Si
1536 503 141 34 nous
1711 485 216 67 lisions,
1961 485 285 68 Pierrille,
2282 486 74 68 by

348 562 2006 132 Grace Cochran … Helen M. Eddy … [and] Isabelle C. Red-field … illustrated
953 641 76 69 by
1057 641 171 55 Clara
1258 641 246 53 Atwood
1532 641 169 54 Fitts.
1766 643 235 67 Boston,
2027 643 140 53 New
2197 643 160 53 York

372 718 1225 70 [etc.] D. C. Heath and company [ c 1936]
419 803 27 39 2
472 816 44 38 p.
578 836 9 16 l.,
615 805 187 48 iii-xiv,
831 805 86 42 597
943 817 44 38 p.
1014 807 112 42 incl.
1153 806 151 41 front,
1334 806 159 49 (map)
1532 806 128 42 illus.
1718 806 55 42 19½
1806 808 44 22 cm
1854 838 9 9 .
1931 806 300 49 (Half-title:
2257 809 102 42 The
348 862 400 51 Heath-Chicago
787 863 186 42 French
1010 865 175 48 series)

424 935 38 39 A
492 935 190 42 revised
710 936 185 41 edition
924 937 50 40 in
1003 947 88 31 one
1120 936 190 42 volume
1341 936 51 43 of
1424 936 50 41 Si
1502 946 122 32 nous
1652 936 184 44 lisions,
1866 937 60 48 by
1956 936 154 43 Grace
2140 936 223 42 Cochran

351 993 96 39 and
473 993 157 41 Helen
656 993 64 40 M.
750 994 139 48 Eddy
916 995 96 39 and
1038 994 239 47 Pierrille,
1306 995 58 47 by
1391 993 138 43 Jules
1556 993 215 43 Claretie
1797 995 257 49 published
2081 996 279 49 separately

352 1050 49 39 in
431 1050 115 41 1929
575 1052 97 39 and
703 1051 114 40 1930
844 1053 96 39 and
972 1052 280 47 twenty-six
1282 1052 186 41 lessons
1498 1052 51 41 of
1578 1063 63 29 an
1669 1052 208 48 entirely
1908 1063 106 31 new
352 1053 2010 103 recognition-type

490 1117 263 40 grammar,
781 1109 163 41 Avant
971 1110 58 40 de
1056 1109 105 42 lire.
1218 1110 61 47 cf.
1308 1109 130 42 Pref.

424 1168 228 39 Includes
681 1178 145 38 songs
854 1167 120 41 with
1005 1168 167 42 music.

353 1239 53 53 ©
434 1244 115 47 Apr.
580 1244 69 46 24,
682 1244 141 42 1936:
856 1246 65 39 2c.
955 1246 96 38 and
1083 1244 82 41 aff.
1199 1246 114 46 May
1346 1245 81 42 16:
1463 1246 39 37 A
1534 1244 171 42 95220:
1741 1245 52 40 G.
1828 1245 222 40 Cbchran
2080 1246 95 38 and
2209 1245 154 38 Helen

425 1302 60 38 M.
517 1301 155 48 Eddy,
703 1303 130 38 Iowa
865 1301 124 49 City,
1052 1313 55 37 Ia.,
1140 1303 94 38 and
1268 1302 209 39 Isabelle
1505 1302 49 40 C.
1586 1301 232 48 Redfield,
1851 1301 224 48 Chicago.

433 1357 282 48 (36-10595)

354 1462 241 63 Cooper,
620 1462 204 54 James
849 1462 329 62 Fenimore,
1206 1463 327 55 1789-1851.

487 1536 1878 71 … Representative selections, with introduction, bibliography,
356 1615 2003 72 and notes, by Robert E. Spiller … New York, Cincinnati [etc.]
357 1696 305 54 American
692 1696 148 54 book
867 1715 280 50 company
1182 1731 13 33 [
1200 1704 18 21 c
1222 1700 136 49 1936
1363 1730 13 34 ]

427 1784 76 48 cii,
527 1784 87 42 350
636 1796 45 37 p.
733 1784 150 41 front,
913 1784 172 50 (port.)
1148 1784 55 41 18½
1236 1786 44 21 cm
1284 1815 9 9 .
1358 1782 300 50 (Half-title:
1682 1783 256 42 American
1964 1782 194 42 writers
2181 1784 175 48 series)

430 1856 249 43 “Selected
709 1856 395 50 bibliography”:
1136 1869 43 37 p.
1207 1856 284 41 lxxxix-cii.

357 1931 53 53 ©
440 1936 114 47 May
583 1935 70 47 13,
685 1935 140 47 1936;
857 1935 68 40 2c.
957 1936 96 39 and
1083 1935 81 40 aff.
1196 1936 114 47 May
1341 1935 82 46 18;
1456 1935 40 38 A
1526 1934 171 47 95259;
1731 1934 160 40 Amer.
1923 1934 125 40 book
2077 1944 68 30 co.

437 1992 283 47 (36-10603)

358 2096 244 64 Cottier,
628 2097 242 64 Joseph,
900 2102 170 50 1899-

430 2174 141 68 Map
622 2173 242 68 makers,
914 2174 76 68 by
1039 2175 219 67 Joseph
1310 2173 220 54 Cottier
1580 2173 112 53 and
1743 2174 196 67 Haym
1991 2172 181 66 Jaffe;
2228 2171 138 52 with

363 2251 379 58 illustrations
789 2252 76 70 by
914 2252 198 54 Frank
1158 2253 220 54 Butler.
1454 2253 234 67 Boston,
1735 2251 196 68 Little,
1979 2253 229 60 Brown,
2256 2251 109 53 and

358 2351 298 51 company,
691 2337 150 51 1936.

434 2420 100 48 viii,
562 2419 88 41 310
679 2430 43 38 p.
782 2419 164 44 front.,
977 2419 129 42 illus.
1165 2418 54 40 21½
1254 2420 43 22 cm
1304 2451 8 9 .

362 2495 53 53 ©
448 2500 113 47 Apr.
595 2498 70 41 22.
698 2498 141 45 1936;
874 2497 68 41 2c.
977 2499 97 38 and
1108 2497 81 40 aff.
1224 2497 114 48 Apr.
1373 2497 83 46 23;
1494 2497 39 38 A
1568 2496 170 47 93774;
1777 2497 44 39 J.
1857 2496 190 40 Cottier
2078 2496 95 39 and
2210 2495 162 47 Haym

433 2556 143 47 Jaffe,
609 2554 356 49 Philadelphia.
1036 2554 280 48 (36-10633)

363 2658 328 66 Cowardin,
718 2659 237 55 Samuel
980 2658 343 63 Pendleton,
1348 2658 72 64 jr.

365 2730 1982 153 The study of English literature, by Samuel Pendleton Cowardin, jr. …
805 2809 1568 67 and Paul Elmer More … New York, H. Holt
365 2894 660 68 and company [ c 1936]
434 2969 27 41 5
486 2980 45 38 p.
593 2999 8 17 l.,
627 2967 87 40 405
740 2978 44 38 p.
838 2966 57 41 20½
928 2969 43 21 cm
976 2999 9 8 .

435 3037 229 42 Includes
692 3038 155 41 music
878 3037 118 41 with
1027 3038 173 41 words.

367 3113 53 54 ©
453 3119 113 46 May
600 3117 40 47 6,
674 3116 141 46 1936;
850 3117 67 40 2c.
952 3118 94 38 and
1080 3116 81 39 aff.
1197 3117 78 38 May
1344 3116 81 45 16;
1460 3116 40 38 A
1534 3114 171 47 94464;
1743 3115 169 46 Henry
1946 3113 118 40 Holt
2099 3113 34 39 &
2167 3122 82 32 co.,
2282 3112 92 39 inc.

450 3173 283 50 (36-10598)

368 3279 215 64 Coxon,
623 3279 213 53 Muriel
869 3276 212 67 (Hine)
1128 3278 172 52 “Mrs.
1339 3275 221 64 Sidney
1598 3274 254 55 Coxon.”

438 3356 54 52 A
529 3355 270 54 different
834 3372 238 50 woman,
1110 3354 74 67 by
1220 3353 211 53 Muriel
1469 3352 171 54 Hine.
1716 3352 138 52 New
1896 3350 180 66 York,
2116 3350 257 65 London,
367 3434 71 53 D.
479 3433 581 69 Appleton-Century
1101 3450 298 50 company,
1441 3430 417 68 incorporated,
1902 3432 151 50 1936.

440 3519 28 41 5
492 3530 43 39 p.
597 3550 10 18 l.,
633 3517 148 43 3-360
806 3528 42 39 p.
910 3517 147 43 19½cm.

369 3587 54 54 ©
458 3593 113 39 May
605 3591 69 46 22,
709 3590 142 46 1936;
890 3590 66 40 2c.
995 3591 94 38 and
1128 3589 82 42 aff.
1248 3591 112 45 May
1397 3589 82 39 25:
1519 3589 39 38 A
1593 3586 171 46 95370;
1805 3587 55 38 D.
1899 3585 478 48 Appleton-Century

442 3660 82 36 co.,
554 3648 89 40 inc.
715 3645 280 50 (36-10529)

369 3750 201 64 Davis,
599 3751 309 62 Raymond
938 3748 157 64 Earl,
1127 3754 171 50 1885-

441 3828 370 66 Elementary
838 3827 169 67 plane
1036 3825 334 77 surveying;
1403 3831 120 46 text
1551 3824 113 52 and
1692 3823 249 57 manual,
1969 3822 75 67 by
2073 3818 303 70 Raymond

370 3897 2005 69 E. Davis … 1st ed. New York and London, McGraw-Hill
370 3984 145 52 Look
539 4002 299 51 company,
863 3983 124 66 inc.,
1015 3987 149 49 1936.
