2519 4377
1086 4139 134 54 1677

143 476 363 62 Macartney,
534 473 249 55 Wilfred
813 474 244 53 Francis
1085 475 439 62 Remmington,
1556 479 171 50 1899-

211 550 183 54 Walls
428 550 143 52 have
603 550 256 67 mouths;
895 569 31 34 a
963 550 194 52 record
1194 549 64 53 of
1291 556 94 47 ten
1419 548 182 69 years’
1636 549 168 68 penal
1841 548 305 69 servitude,

142 628 75 68 by
240 627 253 55 Wilfred
522 627 363 68 Macartney;
918 626 138 54 with
1088 628 290 67 prologue,
1407 626 264 69 epilogue
1696 627 113 53 and
1837 632 308 50 comments

143 711 60 47 at
234 706 96 52 the
360 705 108 52 end
502 704 63 54 of
597 704 96 53 the
724 704 276 69 majority
1034 704 63 54 of
1130 704 96 55 the
1260 704 264 67 chapters
1558 705 74 67 by
1669 704 285 68 Compton

141 704 1979 132 Mackenzie.
416 782 258 67 London,
703 784 69 52 V.
804 782 273 55 Gollancz
1108 783 121 52 ltd..
1260 785 150 50 1936.

211 855 89 41 440
329 867 41 37 p.
430 855 118 41 20cm.

144 921 1984 111 © 1c. Nov. 11, 1930; A ad int. 21988; pubd. Sept. 14; W. F. R. Macartney, London. (36-33938)
142 1088 288 64 Maxwell,
458 1088 246 54 Charles
727 1089 241 62 Robert,
998 1090 170 54 1878-

215 1164 1930 69 High school administration, by C. R. Maxwell … and L. R.
144 1240 2005 72 Kilzer … Garden City, N. Y., Doubleday, Doran & company,
143 1319 104 54 inc.
287 1353 12 35 [
304 1327 17 22 c
327 1323 133 50 1936
465 1354 12 34 ]

212 1394 601 48 xp,l l., 514 p. 21cm.
216 1450 190 41 “Under
435 1450 82 42 the
544 1452 197 47 general
771 1450 268 50 editorship
1065 1452 51 39 of
1146 1451 201 42 Charles
1377 1452 71 40 W.
1480 1450 276 42 Knudsen.”

214 1506 161 41 “First
407 1506 225 42 edition.”

215 1563 244 41 “Selected
488 1563 300 41 references”
817 1566 52 39 at
897 1565 91 42 end
1017 1565 50 39 of
1094 1564 117 40 each
1238 1564 212 49 chapter.

146 1628 54 54 ©
227 1633 101 41 Oct.
356 1632 41 49 8,
425 1633 141 48 1936;
595 1633 69 42 2c.
694 1635 94 39 and
816 1635 82 39 aff.
929 1634 101 41 Oct.
1061 1634 80 46 16;
1174 1636 38 38 A
1243 1633 200 48 100352;
1475 1633 298 49 Doubleday,
1802 1634 167 39 Doran
2001 1633 36 41 &
2065 1642 83 39 co.,

215 1689 91 42 inc.
374 1689 281 50 (36-31560)

144 1794 319 65 Michigan.
538 1797 184 65 Laws,
748 1802 257 61 statutes,
1031 1802 99 47 etc.

215 1872 296 67 Michigan
542 1878 240 48 statutes
814 1874 325 65 annotated,
1171 1872 333 68 containing
1533 1874 96 52 the
1660 1878 123 47 text
1811 1872 64 54 of
1907 1872 78 53 all
146 1890 1977 112 general

290 1951 139 52 laws
456 1951 63 52 of
549 1970 31 33 a
609 1957 336 60 permanent
972 1952 290 52 character
1289 1953 61 52 in
1380 1950 156 54 force
1564 1952 59 52 in
1652 1950 297 68 Michigan
1982 1951 165 53 down

146 2033 57 48 to
230 2031 151 51 June
409 2032 83 63 22,
523 2032 152 64 1935,
703 2029 280 67 compiled
1013 2030 110 52 and
1152 2029 188 53 edited
1370 2030 75 66 by
1471 2031 56 52 J.
1557 2030 78 52 M.
1665 2029 340 53 Henderson
2036 2029 112 54 and

146 2107 93 52 the
272 2106 337 66 publisher’s
645 2106 266 54 editorial
944 2108 150 52 staff,
1166 2109 222 51 volume
1424 2111 45 49 6.
1506 2106 300 54 Taxation.
1878 2107 272 69 Chicago,

149 2184 320 67 Callaghan
495 2186 110 51 and
632 2203 299 49 company,
957 2188 149 51 1936.

218 2257 825 51 2 p. l., iii-xxviii, 638 p. 25cm.
150 2324 53 53 ©
228 2329 116 39 Nov.
370 2328 69 43 25,
467 2328 140 45 1936;
635 2328 69 42 2c.
732 2331 111 38 Dec.
872 2329 17 39 1;
954 2329 82 40 aff.
1065 2330 111 40 Dec.
1204 2329 53 46 2;
1287 2331 39 37 A
1354 2327 199 49 100754;
1584 2328 271 47 Callaghan
1879 2329 36 40 &
1942 2338 69 32 co.

149 2475 279 53 National
460 2475 223 54 council
715 2476 64 52 of
809 2475 275 55 teachers
1114 2476 64 53 of
1211 2475 270 64 English.
1557 2477 338 53 Committee
1928 2495 74 35 on
216 2494 1912 112 correlation.

220 2630 55 52 A
305 2630 311 54 correlated
647 2630 374 68 curriculum;
1055 2651 35 34 a
1118 2635 197 63 report
1340 2630 63 53 of
1434 2631 97 53 the
1562 2629 340 56 Committee
1930 2649 72 35 on
152 2648 1979 112 correlation
425 2707 64 53 of
522 2708 97 54 the

650 2708 273 53 National
959 2707 218 54 council
1211 2707 64 54 of
1308 2708 256 54 teachers
1597 2707 63 55 of
1695 2708 265 69 English,
1996 2708 158 54 Ruth

151 2785 170 68 Mary
351 2785 221 69 Weeks,
603 2783 309 56 chairman.
987 2785 56 53 A
1075 2785 352 68 publication
1459 2785 64 54 of
1553 2786 98 53 the
1680 2787 273 53 National
151 2804 1978 112 council
254 2863 65 54 of
346 2864 254 54 teachers

628 2863 65 55 of
724 2863 262 70 English.
1062 2864 138 54 New
1231 2864 178 69 York,
1439 2864 260 69 London,
1728 2865 72 54 D.
155 2865 1998 145 Appleton-Century
435 2960 281 51 company
743 2944 398 67 incorporated
1177 2976 12 34 [
1191 2948 21 23 c
1217 2946 151 65 1936]

221 3027 76 34 xv,
325 3015 87 41 326
438 3026 42 37 p.
541 3016 55 40 23½cm.
757 3015 96 48 (On
879 3025 163 32 cover:
1069 3016 201 48 English
1299 3017 336 49 monographs,
1665 3028 73 31 no.
1767 3018 52 48 5)

222 3073 224 40 Includes
479 3072 390 49 bibliographies.

155 3130 53 53 ©
237 3134 100 42 Oct.
366 3137 40 39 9.
438 3134 140 47 1936;
608 3134 69 42 2c.
708 3135 96 39 and
831 3135 80 39 aff.
944 3136 101 39 Oct.
1078 3135 80 42 14;
1191 3136 37 38 A
1260 3134 171 48 99339;
1466 3135 129 40 Natl.
1628 3135 185 39 council
1848 3135 51 40 of
1929 3135 224 40 teachers

225 3190 50 39 of
313 3191 215 48 English,
568 3191 224 48 Chicago.
869 3190 281 50 (36-31561)

153 3281 268 64 Newton,
449 3282 267 52 Leonard
743 3281 276 55 Glaister.

224 3359 119 51 The
372 3359 340 52 vocalisator
742 3358 94 53 for
863 3359 309 67 secondary
1204 3359 110 52 and
1346 3360 212 52 central
1590 3360 218 52 schools
1941 3392 12 34 [by]
1989 3360 62 51 L.
2083 3358 68 56 G.

156 3437 253 52 Newton.
491 3436 274 67 [London,
792 3436 228 56 Stainer
1044 3440 45 50 &
1114 3436 145 68 Bell,
1282 3437 123 67 ltd.]
1437 3443 17 21 c
1461 3440 148 50 1936.

225 3509 27 38 4
281 3518 44 39 p.
384 3508 144 41 23½cm.

228 3565 206 48 Caption
465 3567 121 39 title.

158 3617 52 53 ©
241 3622 101 41 Oct.
372 3622 69 48 22,
473 3621 139 48 1936;
646 3624 38 37 A
717 3623 62 38 ad
810 3621 85 42 int.
927 3621 170 49 22230;
1131 3621 143 48 pubd.
1308 3622 101 41 Oct.
1444 3621 81 48 20;
1564 3621 194 41 Stainer
1790 3623 36 39 &
1859 3621 119 46 Bell,
2013 3620 84 40 ltd.

161 3740 199 65 [Oden,
389 3739 220 53 Alonzo
635 3740 150 65 Van]
823 3745 324 51 1863-1910.

227 3818 183 52 Texas
451 3816 250 67 ranger’s
741 3817 166 66 diary
948 3819 49 50 &
1037 3817 331 66 scrapbook,
1408 3817 187 52 edited
1637 3817 74 66 by
1750 3817 135 51 Ann
1925 3818 227 53 Jensen.

158 3895 215 53 Dallas.
400 3896 153 63 Tex.,
579 3894 121 53 The
725 3893 433 67 Kaleidograph
1184 3912 156 48 press
1372 3927 12 34 [
1390 3900 17 22 c
1414 3897 150 64 1936]

229 3965 868 49 81 p. front. (port.) illus. 20cm.
160 4018 1993 53 © July 10, 1936; 2c. Oct. 8: aff. Oct. 7; A 98822: Ann Jensen, Dallas.
240 4077 280 50 (36-31555)
