<alto xmlns="http://www.loc.gov/standards/alto/ns-v3#" xmlns:xlink="http://www.w3.org/1999/xlink" xmlns:xsi="http://www.w3.org/2001/XMLSchema-instance" xsi:schemaLocation="http://www.loc.gov/standards/alto/ns-v3# http://www.loc.gov/alto/v3/alto-3-0.xsd"><Description>
<MeasurementUnit>pixel</MeasurementUnit>
<sourceImageInformation>
<fileName>1936_v33_Part1.pdf</fileName>
</sourceImageInformation>
<OCRProcessing ID="IdOcr">
<ocrProcessingStep>
<processingDateTime>2019-01-18</processingDateTime>
<processingSoftware>
<softwareCreator>ABBYY</softwareCreator>
<softwareName>ABBYY Recognition Server</softwareName>
<softwareVersion>4.0</softwareVersion>
</processingSoftware>
</ocrProcessingStep>
</OCRProcessing>
</Description>
<Styles>
<ParagraphStyle ID="StyleId-FFFFFFFF-FFFF-FFFF-FFFF-FFFFFFFFFFFF-" ALIGN="Left" LEFT="0." RIGHT="0." FIRSTLINE="0."/>
<ParagraphStyle ID="StyleId-51D50FAC-7A90-4D70-8A96-5EA9D46D1C8B-" ALIGN="Left" LEFT="0." RIGHT="0." FIRSTLINE="0." LINESPACE="7.699999809"/>
<ParagraphStyle ID="StyleId-6BC133E9-7DCB-43C3-8842-A67984A26405-" ALIGN="Block" LEFT="0." RIGHT="0." FIRSTLINE="-17." LINESPACE="8.340000153"/>
<ParagraphStyle ID="StyleId-3C3FF860-43E7-46A2-8934-48F305F6F0D6-" ALIGN="Left" LEFT="0." RIGHT="0." FIRSTLINE="-13." LINESPACE="11.06999969"/>
<ParagraphStyle ID="StyleId-19220C76-4F8A-4737-B38C-B5F5C17E6040-" ALIGN="Block" LEFT="0." RIGHT="0." FIRSTLINE="-13." LINESPACE="11.06999969"/>
<ParagraphStyle ID="StyleId-75A0D721-13ED-4F20-9002-B389EC48477D-" ALIGN="Left" LEFT="0." RIGHT="0." FIRSTLINE="0." LINESPACE="15.5"/>
<ParagraphStyle ID="StyleId-8A414184-C7A5-4AC7-9B88-7DA4DDE75922-" ALIGN="Left" LEFT="0." RIGHT="0." FIRSTLINE="0." LINESPACE="9.399999619"/>
<ParagraphStyle ID="StyleId-1A87970B-111C-4169-99A6-9412976F3C97-" ALIGN="Left" LEFT="0." RIGHT="0." FIRSTLINE="0." LINESPACE="10.5"/>
<ParagraphStyle ID="StyleId-72DB0571-5AE4-41FD-9E11-68C6AC4C437E-" ALIGN="Block" LEFT="0." RIGHT="0." FIRSTLINE="-17." LINESPACE="8.340000153"/>
<ParagraphStyle ID="StyleId-1AA43056-C388-4697-B10F-72FDAA38FAE1-" ALIGN="Center" LEFT="0." RIGHT="0." FIRSTLINE="0." LINESPACE="10.5"/>
</Styles>
<Layout>
<Page ID="Page1242" PHYSICAL_IMG_NR="1242" HEIGHT="4377" WIDTH="2519">
<TopMargin HEIGHT="417" WIDTH="2519" VPOS="0" HPOS="0">
</TopMargin>
<LeftMargin HEIGHT="3729" WIDTH="310" VPOS="417" HPOS="0">
</LeftMargin>
<RightMargin HEIGHT="3729" WIDTH="155" VPOS="417" HPOS="2364">
</RightMargin>
<BottomMargin HEIGHT="231" WIDTH="2519" VPOS="4146" HPOS="0">
<TextBlock ID="Page1242_Block1" HEIGHT="134" WIDTH="307" VPOS="4161" HPOS="1149" LANG="en-US" STYLEREFS="StyleId-A7BED691-B59E-4E45-B54F-2148729679EE-">
<TextLine HEIGHT="51" WIDTH="135" VPOS="4167" HPOS="1262">
<String CONTENT="1242" HEIGHT="51" WIDTH="135" VPOS="4167" HPOS="1262"/>
</TextLine>
</TextBlock>
<GraphicalElement ID="Page1242_Block2" HEIGHT="146" WIDTH="13" VPOS="4146" HPOS="2506"/>
</BottomMargin>
<PrintSpace HEIGHT="3729" WIDTH="2054" VPOS="417" HPOS="310">
<TextBlock ID="Page1242_Block3" HEIGHT="3729" WIDTH="2054" VPOS="417" HPOS="310" LANG="en-US" CS="1" STYLEREFS="StyleId-E9182722-82E6-4ED1-AD77-95017DCEFBC7-">
<TextLine HEIGHT="66" WIDTH="634" VPOS="464" HPOS="327" STYLEREFS="StyleId-6BC8461E-6EC6-4274-952D-F14C94B2AABC-">
<String CONTENT="McMurray," HEIGHT="65" WIDTH="365" VPOS="465" HPOS="327"/>
<SP HEIGHT="66" WIDTH="25" VPOS="464" HPOS="693"/>
<String CONTENT="DeVon." HEIGHT="55" WIDTH="242" VPOS="464" HPOS="719"/>
</TextLine>
<TextLine HEIGHT="72" WIDTH="1955" VPOS="541" HPOS="398" STYLEREFS="StyleId-6BEC9269-A6F4-4D72-9B7F-31B2DD458554-">
<String CONTENT="A" HEIGHT="53" WIDTH="57" VPOS="542" HPOS="398"/>
<SP HEIGHT="53" WIDTH="25" VPOS="542" HPOS="456"/>
<String CONTENT="Hoosier" HEIGHT="55" WIDTH="251" VPOS="541" HPOS="482"/>
<SP HEIGHT="35" WIDTH="26" VPOS="561" HPOS="734"/>
<String CONTENT="schoolboy" HEIGHT="69" WIDTH="308" VPOS="541" HPOS="761"/>
<SP HEIGHT="51" WIDTH="29" VPOS="559" HPOS="1070"/>
<String CONTENT="on" HEIGHT="36" WIDTH="73" VPOS="560" HPOS="1100"/>
<SP HEIGHT="54" WIDTH="25" VPOS="542" HPOS="1174"/>
<String CONTENT="Hudson" HEIGHT="54" WIDTH="249" VPOS="542" HPOS="1200"/>
<SP HEIGHT="54" WIDTH="28" VPOS="543" HPOS="1450"/>
<String CONTENT="bay," HEIGHT="68" WIDTH="131" VPOS="543" HPOS="1479"/>
<SP HEIGHT="68" WIDTH="25" VPOS="543" HPOS="1611"/>
<String CONTENT="by" HEIGHT="69" WIDTH="75" VPOS="543" HPOS="1637"/>
<SP HEIGHT="68" WIDTH="29" VPOS="544" HPOS="1713"/>
<String CONTENT="DeVon" HEIGHT="54" WIDTH="221" VPOS="544" HPOS="1743"/>
<SP HEIGHT="53" WIDTH="30" VPOS="544" HPOS="1965"/>
<String CONTENT="McMurray." HEIGHT="69" WIDTH="357" VPOS="544" HPOS="1996"/>
</TextLine>
<TextLine HEIGHT="70" WIDTH="1381" VPOS="621" HPOS="334" STYLEREFS="StyleId-6BEC9269-A6F4-4D72-9B7F-31B2DD458554-">
<String CONTENT="Boston," HEIGHT="65" WIDTH="232" VPOS="623" HPOS="334"/>
<SP HEIGHT="67" WIDTH="26" VPOS="621" HPOS="567"/>
<String CONTENT="Little," HEIGHT="68" WIDTH="200" VPOS="621" HPOS="594"/>
<SP HEIGHT="67" WIDTH="26" VPOS="622" HPOS="795"/>
<String CONTENT="Brown," HEIGHT="68" WIDTH="234" VPOS="622" HPOS="822"/>
<SP HEIGHT="49" WIDTH="28" VPOS="641" HPOS="1057"/>
<String CONTENT="and" HEIGHT="55" WIDTH="114" VPOS="621" HPOS="1086"/>
<SP HEIGHT="55" WIDTH="29" VPOS="621" HPOS="1201"/>
<String CONTENT="company," HEIGHT="51" WIDTH="301" VPOS="640" HPOS="1231"/>
<SP HEIGHT="65" WIDTH="31" VPOS="626" HPOS="1533"/>
<String CONTENT="1936." HEIGHT="50" WIDTH="150" VPOS="626" HPOS="1565"/>
</TextLine>
<TextLine HEIGHT="52" WIDTH="1076" VPOS="694" HPOS="396" CS="1">
<String CONTENT="xii," HEIGHT="51" WIDTH="85" VPOS="694" HPOS="396"/>
<SP HEIGHT="49" WIDTH="33" VPOS="696" HPOS="482"/>
<String CONTENT="122" HEIGHT="40" WIDTH="88" VPOS="695" HPOS="516"/>
<SP HEIGHT="49" WIDTH="28" VPOS="695" HPOS="605"/>
<String CONTENT="p." HEIGHT="38" WIDTH="44" VPOS="706" HPOS="634"/>
<SP HEIGHT="40" WIDTH="60" VPOS="694" HPOS="679"/>
<String CS="1" CONTENT="front." HEIGHT="42" WIDTH="137" VPOS="694" HPOS="740"/>
<SP HEIGHT="49" WIDTH="28" VPOS="695" HPOS="890"/>
<String CONTENT="(port.)" HEIGHT="51" WIDTH="176" VPOS="695" HPOS="919"/>
<SP HEIGHT="51" WIDTH="38" VPOS="695" HPOS="1096"/>
<String CONTENT="illus." HEIGHT="41" WIDTH="129" VPOS="695" HPOS="1135"/>
<SP HEIGHT="40" WIDTH="58" VPOS="696" HPOS="1265"/>
<String CS="1" CONTENT="19&#189;" HEIGHT="40" WIDTH="57" VPOS="696" HPOS="1324"/>
<String STYLE="superscript" CONTENT="cm" HEIGHT="22" WIDTH="45" VPOS="698" HPOS="1414"/>
<String CONTENT="." HEIGHT="8" WIDTH="10" VPOS="728" HPOS="1462"/>
</TextLine>
<TextLine HEIGHT="55" WIDTH="2027" VPOS="748" HPOS="329" CS="1">
<String CONTENT="&#169;" HEIGHT="53" WIDTH="54" VPOS="748" HPOS="329"/>
<SP HEIGHT="53" WIDTH="36" VPOS="748" HPOS="384"/>
<String CONTENT="Sept." HEIGHT="48" WIDTH="130" VPOS="753" HPOS="421"/>
<SP HEIGHT="42" WIDTH="34" VPOS="752" HPOS="552"/>
<String CONTENT="11," HEIGHT="47" WIDTH="69" VPOS="752" HPOS="587"/>
<SP HEIGHT="47" WIDTH="38" VPOS="752" HPOS="657"/>
<String CS="1" CONTENT="1936;" HEIGHT="42" WIDTH="115" VPOS="751" HPOS="696"/>
<SP HEIGHT="47" WIDTH="28" VPOS="753" HPOS="839"/>
<String CS="1" CONTENT="2c." HEIGHT="8" WIDTH="8" VPOS="783" HPOS="936"/>
<SP HEIGHT="29" WIDTH="38" VPOS="763" HPOS="945"/>
<String CONTENT="and" HEIGHT="39" WIDTH="96" VPOS="753" HPOS="984"/>
<SP HEIGHT="39" WIDTH="37" VPOS="753" HPOS="1081"/>
<String CONTENT="aff." HEIGHT="41" WIDTH="84" VPOS="753" HPOS="1119"/>
<SP HEIGHT="41" WIDTH="36" VPOS="753" HPOS="1204"/>
<String CONTENT="Sept." HEIGHT="48" WIDTH="129" VPOS="753" HPOS="1241"/>
<SP HEIGHT="41" WIDTH="37" VPOS="753" HPOS="1371"/>
<String CS="1" CONTENT="12;" HEIGHT="41" WIDTH="58" VPOS="752" HPOS="1409"/>
<SP HEIGHT="47" WIDTH="38" VPOS="754" HPOS="1493"/>
<!-- cceid A3D20DE8-6E3A-1014-83DD-942C093A1DD9 --><String CONTENT="A" HEIGHT="39" WIDTH="41" VPOS="754" HPOS="1532"/>
<SP HEIGHT="40" WIDTH="35" VPOS="753" HPOS="1574"/>
<String CS="1" CONTENT="97761;" HEIGHT="41" WIDTH="144" VPOS="753" HPOS="1610"/>
<SP HEIGHT="47" WIDTH="38" VPOS="754" HPOS="1783"/>
<String CONTENT="Little," HEIGHT="51" WIDTH="165" VPOS="752" HPOS="1822"/>
<SP HEIGHT="49" WIDTH="37" VPOS="754" HPOS="1988"/>
<String CONTENT="Brown," HEIGHT="49" WIDTH="193" VPOS="754" HPOS="2026"/>
<SP HEIGHT="38" WIDTH="38" VPOS="765" HPOS="2220"/>
<String CONTENT="and" HEIGHT="41" WIDTH="97" VPOS="754" HPOS="2259"/>
</TextLine>
<TextLine HEIGHT="50" WIDTH="604" VPOS="808" HPOS="398">
<String CONTENT="company." HEIGHT="39" WIDTH="252" VPOS="819" HPOS="398"/>
<SP HEIGHT="50" WIDTH="66" VPOS="808" HPOS="651"/>
<String CONTENT="(36-19283)" HEIGHT="50" WIDTH="284" VPOS="808" HPOS="718"/>
</TextLine>
<TextLine HEIGHT="70" WIDTH="940" VPOS="913" HPOS="325" STYLEREFS="StyleId-6BC8461E-6EC6-4274-952D-F14C94B2AABC-">
<String CONTENT="Milne," HEIGHT="67" WIDTH="200" VPOS="913" HPOS="325"/>
<SP HEIGHT="64" WIDTH="28" VPOS="916" HPOS="526"/>
<String CONTENT="George" HEIGHT="66" WIDTH="234" VPOS="916" HPOS="555"/>
<SP HEIGHT="55" WIDTH="23" VPOS="916" HPOS="790"/>
<String CONTENT="Parker," HEIGHT="68" WIDTH="247" VPOS="915" HPOS="814"/>
<SP HEIGHT="61" WIDTH="28" VPOS="922" HPOS="1062"/>
<String CONTENT="1878-" HEIGHT="56" WIDTH="174" VPOS="917" HPOS="1091"/>
</TextLine>
<TextLine HEIGHT="72" WIDTH="1956" VPOS="994" HPOS="396" STYLEREFS="StyleId-6BEC9269-A6F4-4D72-9B7F-31B2DD458554-">
<String CONTENT="Rustlers&#8217;" HEIGHT="54" WIDTH="284" VPOS="994" HPOS="396"/>
<SP HEIGHT="52" WIDTH="35" VPOS="995" HPOS="681"/>
<String CONTENT="ranch," HEIGHT="69" WIDTH="198" VPOS="995" HPOS="717"/>
<SP HEIGHT="70" WIDTH="32" VPOS="994" HPOS="916"/>
<String CONTENT="by" HEIGHT="70" WIDTH="76" VPOS="994" HPOS="949"/>
<SP HEIGHT="68" WIDTH="35" VPOS="996" HPOS="1026"/>
<String LANG="fr" CONTENT="G." HEIGHT="56" WIDTH="71" VPOS="996" HPOS="1062"/>
<SP HEIGHT="53" WIDTH="34" VPOS="997" HPOS="1134"/>
<String CONTENT="P." HEIGHT="54" WIDTH="67" VPOS="997" HPOS="1169"/>
<SP HEIGHT="56" WIDTH="35" VPOS="995" HPOS="1237"/>
<String CONTENT="Milne." HEIGHT="55" WIDTH="201" VPOS="994" HPOS="1273"/>
<SP HEIGHT="55" WIDTH="72" VPOS="995" HPOS="1475"/>
<String CONTENT="New" HEIGHT="55" WIDTH="142" VPOS="995" HPOS="1548"/>
<SP HEIGHT="54" WIDTH="36" VPOS="996" HPOS="1691"/>
<String CONTENT="York," HEIGHT="69" WIDTH="183" VPOS="995" HPOS="1728"/>
<SP HEIGHT="67" WIDTH="35" VPOS="997" HPOS="1912"/>
<String CONTENT="E." HEIGHT="54" WIDTH="69" VPOS="997" HPOS="1948"/>
<SP HEIGHT="55" WIDTH="38" VPOS="998" HPOS="2018"/>
<String CONTENT="J." HEIGHT="55" WIDTH="57" VPOS="998" HPOS="2057"/>
<SP HEIGHT="56" WIDTH="41" VPOS="998" HPOS="2115"/>
<String CONTENT="Clode," HEIGHT="69" WIDTH="195" VPOS="997" HPOS="2157"/>
</TextLine>
<TextLine HEIGHT="70" WIDTH="344" VPOS="1074" HPOS="325" STYLEREFS="StyleId-6BEC9269-A6F4-4D72-9B7F-31B2DD458554-" CS="1">
<String CONTENT="inc." HEIGHT="54" WIDTH="109" VPOS="1074" HPOS="325"/>
<SP HEIGHT="34" WIDTH="36" VPOS="1110" HPOS="435"/>
<String CS="1" CONTENT="[c1936]" HEIGHT="67" WIDTH="197" VPOS="1077" HPOS="472"/>
</TextLine>
<TextLine HEIGHT="52" WIDTH="633" VPOS="1146" HPOS="397" CS="1">
<String LANG="en-US" CONTENT="4" HEIGHT="40" WIDTH="29" VPOS="1149" HPOS="397"/>
<SP/>
<String LANG="fr" CONTENT="p." HEIGHT="39" WIDTH="44" VPOS="1158" HPOS="453"/>
<SP/>
<String LANG="fr" CS="1" CONTENT="l.,"/>
<SP/>
<String LANG="en-US" CONTENT="3-247" HEIGHT="43" WIDTH="150" VPOS="1147" HPOS="600"/>
<SP HEIGHT="50" WIDTH="24" VPOS="1148" HPOS="751"/>
<String LANG="en-US" CONTENT="p." HEIGHT="40" WIDTH="45" VPOS="1158" HPOS="776"/>
<SP HEIGHT="44" WIDTH="59" VPOS="1147" HPOS="822"/>
<String LANG="en-US" CS="1" CONTENT="19&#189;cm." HEIGHT="44" WIDTH="148" VPOS="1146" HPOS="882"/>
</TextLine>
<TextLine HEIGHT="54" WIDTH="2027" VPOS="1202" HPOS="326">
<String CONTENT="&#169;" HEIGHT="53" WIDTH="54" VPOS="1202" HPOS="326"/>
<SP HEIGHT="53" WIDTH="29" VPOS="1202" HPOS="381"/>
<String CONTENT="June" HEIGHT="39" WIDTH="127" VPOS="1207" HPOS="411"/>
<SP HEIGHT="40" WIDTH="30" VPOS="1206" HPOS="539"/>
<String CONTENT="6," HEIGHT="49" WIDTH="40" VPOS="1206" HPOS="570"/>
<SP HEIGHT="49" WIDTH="31" VPOS="1206" HPOS="611"/>
<String CONTENT="1936;" HEIGHT="49" WIDTH="143" VPOS="1205" HPOS="643"/>
<SP HEIGHT="48" WIDTH="31" VPOS="1206" HPOS="787"/>
<String CONTENT="2c." HEIGHT="42" WIDTH="71" VPOS="1206" HPOS="819"/>
<SP HEIGHT="32" WIDTH="31" VPOS="1216" HPOS="891"/>
<String CONTENT="and" HEIGHT="40" WIDTH="97" VPOS="1206" HPOS="923"/>
<SP HEIGHT="40" WIDTH="30" VPOS="1206" HPOS="1021"/>
<String CONTENT="aff." HEIGHT="39" WIDTH="83" VPOS="1206" HPOS="1052"/>
<SP HEIGHT="40" WIDTH="35" VPOS="1207" HPOS="1136"/>
<String CONTENT="Sept." HEIGHT="47" WIDTH="130" VPOS="1207" HPOS="1172"/>
<SP HEIGHT="41" WIDTH="32" VPOS="1207" HPOS="1303"/>
<String CONTENT="18;" HEIGHT="48" WIDTH="83" VPOS="1206" HPOS="1336"/>
<SP HEIGHT="48" WIDTH="31" VPOS="1206" HPOS="1420"/>
<!-- cceid A3D26295-6E3A-1014-83DD-942C093A1DD9 --><String CONTENT="A" HEIGHT="40" WIDTH="43" VPOS="1206" HPOS="1452"/>
<SP HEIGHT="42" WIDTH="30" VPOS="1205" HPOS="1496"/>
<String CONTENT="97869;" HEIGHT="49" WIDTH="173" VPOS="1205" HPOS="1527"/>
<SP HEIGHT="46" WIDTH="36" VPOS="1208" HPOS="1701"/>
<String CONTENT="Edward" HEIGHT="40" WIDTH="215" VPOS="1207" HPOS="1738"/>
<SP HEIGHT="41" WIDTH="32" VPOS="1207" HPOS="1954"/>
<String CONTENT="J." HEIGHT="40" WIDTH="44" VPOS="1208" HPOS="1987"/>
<SP HEIGHT="41" WIDTH="34" VPOS="1208" HPOS="2032"/>
<String CONTENT="Clode," HEIGHT="48" WIDTH="161" VPOS="1208" HPOS="2067"/>
<SP HEIGHT="48" WIDTH="31" VPOS="1208" HPOS="2229"/>
<String CONTENT="inc." HEIGHT="41" WIDTH="92" VPOS="1208" HPOS="2261"/>
</TextLine>
<TextLine HEIGHT="50" WIDTH="285" VPOS="1263" HPOS="408">
<String CONTENT="(36-19255)" HEIGHT="50" WIDTH="285" VPOS="1263" HPOS="408"/>
</TextLine>
<TextLine HEIGHT="71" WIDTH="2030" VPOS="1353" HPOS="323" STYLEREFS="StyleId-6BEC9269-A6F4-4D72-9B7F-31B2DD458554-">
<String CONTENT="Mississippi" HEIGHT="66" WIDTH="365" VPOS="1353" HPOS="323"/>
<SP HEIGHT="53" WIDTH="34" VPOS="1355" HPOS="689"/>
<String CONTENT="digest," HEIGHT="69" WIDTH="205" VPOS="1353" HPOS="724"/>
<SP HEIGHT="64" WIDTH="38" VPOS="1358" HPOS="930"/>
<String CONTENT="1818" HEIGHT="50" WIDTH="135" VPOS="1357" HPOS="969"/>
<SP HEIGHT="49" WIDTH="34" VPOS="1358" HPOS="1105"/>
<String CONTENT="to" HEIGHT="49" WIDTH="59" VPOS="1358" HPOS="1140"/>
<SP HEIGHT="52" WIDTH="35" VPOS="1355" HPOS="1200"/>
<String CONTENT="date;" HEIGHT="67" WIDTH="160" VPOS="1355" HPOS="1236"/>
<SP HEIGHT="50" WIDTH="38" VPOS="1372" HPOS="1397"/>
<String CONTENT="covering" HEIGHT="69" WIDTH="272" VPOS="1353" HPOS="1436"/>
<SP HEIGHT="66" WIDTH="31" VPOS="1356" HPOS="1709"/>
<String CONTENT="Mississippi" HEIGHT="70" WIDTH="354" VPOS="1354" HPOS="1741"/>
<SP HEIGHT="54" WIDTH="34" VPOS="1354" HPOS="2096"/>
<String CONTENT="reports" HEIGHT="64" WIDTH="222" VPOS="1360" HPOS="2131"/>
</TextLine>
<TextLine HEIGHT="69" WIDTH="1958" VPOS="1432" HPOS="395" STYLEREFS="StyleId-6BEC9269-A6F4-4D72-9B7F-31B2DD458554-">
<String CONTENT="and" HEIGHT="53" WIDTH="113" VPOS="1433" HPOS="395"/>
<SP HEIGHT="56" WIDTH="39" VPOS="1432" HPOS="509"/>
<String CONTENT="Southern" HEIGHT="56" WIDTH="292" VPOS="1432" HPOS="549"/>
<SP HEIGHT="33" WIDTH="34" VPOS="1452" HPOS="842"/>
<String CONTENT="reporter" HEIGHT="64" WIDTH="260" VPOS="1436" HPOS="877"/>
<SP HEIGHT="34" WIDTH="35" VPOS="1451" HPOS="1138"/>
<String CONTENT="as" HEIGHT="35" WIDTH="60" VPOS="1450" HPOS="1174"/>
<SP HEIGHT="36" WIDTH="35" VPOS="1450" HPOS="1235"/>
<String CONTENT="well" HEIGHT="53" WIDTH="128" VPOS="1433" HPOS="1271"/>
<SP HEIGHT="52" WIDTH="38" VPOS="1433" HPOS="1400"/>
<String CONTENT="as" HEIGHT="35" WIDTH="59" VPOS="1451" HPOS="1439"/>
<SP HEIGHT="53" WIDTH="35" VPOS="1433" HPOS="1499"/>
<String CONTENT="Mississippi" HEIGHT="69" WIDTH="352" VPOS="1432" HPOS="1535"/>
<SP HEIGHT="53" WIDTH="38" VPOS="1433" HPOS="1888"/>
<String CONTENT="cases" HEIGHT="35" WIDTH="152" VPOS="1452" HPOS="1927"/>
<SP HEIGHT="53" WIDTH="35" VPOS="1435" HPOS="2080"/>
<String CONTENT="decided" HEIGHT="54" WIDTH="237" VPOS="1435" HPOS="2116"/>
</TextLine>
<TextLine HEIGHT="70" WIDTH="1959" VPOS="1510" HPOS="394" STYLEREFS="StyleId-6BEC9269-A6F4-4D72-9B7F-31B2DD458554-">
<String CONTENT="in" HEIGHT="52" WIDTH="60" VPOS="1512" HPOS="394"/>
<SP HEIGHT="47" WIDTH="34" VPOS="1518" HPOS="455"/>
<String CONTENT="the" HEIGHT="53" WIDTH="98" VPOS="1512" HPOS="490"/>
<SP HEIGHT="53" WIDTH="33" VPOS="1512" HPOS="589"/>
<String CONTENT="federal" HEIGHT="54" WIDTH="225" VPOS="1511" HPOS="623"/>
<SP HEIGHT="52" WIDTH="34" VPOS="1512" HPOS="849"/>
<String CONTENT="District" HEIGHT="55" WIDTH="248" VPOS="1510" HPOS="884"/>
<SP HEIGHT="50" WIDTH="35" VPOS="1515" HPOS="1133"/>
<String CONTENT="and" HEIGHT="54" WIDTH="114" VPOS="1511" HPOS="1169"/>
<SP HEIGHT="57" WIDTH="36" VPOS="1511" HPOS="1284"/>
<String CONTENT="Circuit" HEIGHT="58" WIDTH="223" VPOS="1510" HPOS="1321"/>
<SP HEIGHT="47" WIDTH="36" VPOS="1519" HPOS="1545"/>
<String CONTENT="courts," HEIGHT="63" WIDTH="207" VPOS="1517" HPOS="1582"/>
<SP HEIGHT="68" WIDTH="38" VPOS="1512" HPOS="1790"/>
<String CONTENT="Circuit" HEIGHT="56" WIDTH="225" VPOS="1512" HPOS="1829"/>
<SP HEIGHT="48" WIDTH="34" VPOS="1520" HPOS="2055"/>
<String CONTENT="court" HEIGHT="49" WIDTH="165" VPOS="1518" HPOS="2090"/>
<SP HEIGHT="50" WIDTH="32" VPOS="1518" HPOS="2256"/>
<String CONTENT="of" HEIGHT="53" WIDTH="64" VPOS="1515" HPOS="2289"/>
</TextLine>
<TextLine HEIGHT="70" WIDTH="1956" VPOS="1589" HPOS="396" STYLEREFS="StyleId-6BEC9269-A6F4-4D72-9B7F-31B2DD458554-">
<String CONTENT="appeals" HEIGHT="69" WIDTH="236" VPOS="1590" HPOS="396"/>
<SP HEIGHT="35" WIDTH="43" VPOS="1609" HPOS="633"/>
<String CONTENT="and" HEIGHT="54" WIDTH="114" VPOS="1591" HPOS="677"/>
<SP HEIGHT="57" WIDTH="41" VPOS="1589" HPOS="792"/>
<String CONTENT="Supreme" HEIGHT="69" WIDTH="279" VPOS="1589" HPOS="834"/>
<SP HEIGHT="35" WIDTH="40" VPOS="1609" HPOS="1114"/>
<String CONTENT="court" HEIGHT="50" WIDTH="164" VPOS="1594" HPOS="1155"/>
<SP HEIGHT="51" WIDTH="39" VPOS="1594" HPOS="1320"/>
<String CONTENT="of" HEIGHT="55" WIDTH="64" VPOS="1590" HPOS="1360"/>
<SP HEIGHT="54" WIDTH="38" VPOS="1590" HPOS="1425"/>
<String CONTENT="the" HEIGHT="53" WIDTH="98" VPOS="1591" HPOS="1464"/>
<SP HEIGHT="55" WIDTH="40" VPOS="1592" HPOS="1563"/>
<String CONTENT="United" HEIGHT="56" WIDTH="218" VPOS="1591" HPOS="1604"/>
<SP HEIGHT="56" WIDTH="46" VPOS="1591" HPOS="1823"/>
<String CONTENT="States" HEIGHT="56" WIDTH="190" VPOS="1591" HPOS="1870"/>
<SP HEIGHT="36" WIDTH="46" VPOS="1610" HPOS="2061"/>
<String CONTENT="..." HEIGHT="9" WIDTH="56" VPOS="1637" HPOS="2108"/>
<SP HEIGHT="34" WIDTH="43" VPOS="1612" HPOS="2165"/>
<String CONTENT="with" HEIGHT="54" WIDTH="143" VPOS="1593" HPOS="2209"/>
</TextLine>
<TextLine HEIGHT="74" WIDTH="1959" VPOS="1668" HPOS="393" STYLEREFS="StyleId-6BEC9269-A6F4-4D72-9B7F-31B2DD458554-">
<String CONTENT="current" HEIGHT="47" WIDTH="231" VPOS="1675" HPOS="393"/>
<SP HEIGHT="47" WIDTH="42" VPOS="1675" HPOS="625"/>
<String CONTENT="cumulative" HEIGHT="55" WIDTH="348" VPOS="1668" HPOS="668"/>
<SP HEIGHT="49" WIDTH="43" VPOS="1688" HPOS="1017"/>
<String CONTENT="pocket" HEIGHT="68" WIDTH="204" VPOS="1669" HPOS="1061"/>
<SP HEIGHT="48" WIDTH="42" VPOS="1676" HPOS="1266"/>
<String CONTENT="service," HEIGHT="55" WIDTH="229" VPOS="1669" HPOS="1309"/>
<SP HEIGHT="35" WIDTH="78" VPOS="1689" HPOS="1539"/>
<String CONTENT="volume" HEIGHT="55" WIDTH="227" VPOS="1670" HPOS="1618"/>
<SP HEIGHT="56" WIDTH="41" VPOS="1670" HPOS="1846"/>
<String CONTENT="7." HEIGHT="56" WIDTH="47" VPOS="1670" HPOS="1888"/>
<SP HEIGHT="52" WIDTH="46" VPOS="1672" HPOS="1936"/>
<String CONTENT="Exceptions," HEIGHT="70" WIDTH="369" VPOS="1672" HPOS="1983"/>
</TextLine>
<TextLine HEIGHT="71" WIDTH="1846" VPOS="1748" HPOS="394" STYLEREFS="StyleId-6BEC9269-A6F4-4D72-9B7F-31B2DD458554-">
<String CONTENT="Bill" HEIGHT="52" WIDTH="121" VPOS="1748" HPOS="394"/>
<SP HEIGHT="51" WIDTH="30" VPOS="1749" HPOS="516"/>
<String CONTENT="of Guaranty." HEIGHT="57" WIDTH="427" VPOS="1748" HPOS="547"/>
<SP HEIGHT="55" WIDTH="78" VPOS="1748" HPOS="975"/>
<String CONTENT="St." HEIGHT="55" WIDTH="83" VPOS="1748" HPOS="1054"/>
<SP HEIGHT="52" WIDTH="29" VPOS="1750" HPOS="1138"/>
<String CONTENT="Paul," HEIGHT="68" WIDTH="169" VPOS="1748" HPOS="1168"/>
<SP HEIGHT="67" WIDTH="27" VPOS="1749" HPOS="1338"/>
<String CONTENT="West" HEIGHT="55" WIDTH="161" VPOS="1749" HPOS="1366"/>
<SP HEIGHT="65" WIDTH="29" VPOS="1752" HPOS="1528"/>
<String CONTENT="publishing" HEIGHT="68" WIDTH="341" VPOS="1749" HPOS="1558"/>
<SP HEIGHT="50" WIDTH="27" VPOS="1767" HPOS="1900"/>
<String LANG="ru" CONTENT="co." HEIGHT="37" WIDTH="80" VPOS="1767" HPOS="1928"/>
<SP HEIGHT="33" WIDTH="36" VPOS="1785" HPOS="2009"/>
<String STYLE="subscript" CONTENT="[" HEIGHT="33" WIDTH="12" VPOS="1785" HPOS="2046"/>
<String STYLE="superscript" CONTENT="c" HEIGHT="21" WIDTH="18" VPOS="1757" HPOS="2064"/>
<String CONTENT="1936" HEIGHT="49" WIDTH="134" VPOS="1754" HPOS="2088"/>
<String STYLE="subscript" CONTENT="]" HEIGHT="33" WIDTH="12" VPOS="1786" HPOS="2228"/>
</TextLine>
<TextLine HEIGHT="50" WIDTH="479" VPOS="1821" HPOS="394" STYLEREFS="StyleId-6BEC9269-A6F4-4D72-9B7F-31B2DD458554-" CS="1">
<String CONTENT="viii," HEIGHT="50" WIDTH="102" VPOS="1821" HPOS="394"/>
<SP HEIGHT="49" WIDTH="31" VPOS="1822" HPOS="497"/>
<String CONTENT="504" HEIGHT="40" WIDTH="89" VPOS="1822" HPOS="529"/>
<SP HEIGHT="48" WIDTH="27" VPOS="1822" HPOS="619"/>
<String CONTENT="p." HEIGHT="38" WIDTH="45" VPOS="1832" HPOS="647"/>
<SP HEIGHT="41" WIDTH="60" VPOS="1822" HPOS="693"/>
<String CS="1" CONTENT="26cm." HEIGHT="40" WIDTH="119" VPOS="1821" HPOS="754"/>
</TextLine>
<TextLine HEIGHT="54" WIDTH="2024" VPOS="1875" HPOS="326" CS="1">
<String CONTENT="&#169;" HEIGHT="54" WIDTH="54" VPOS="1875" HPOS="326"/>
<SP HEIGHT="54" WIDTH="33" VPOS="1875" HPOS="381"/>
<String CONTENT="Aug." HEIGHT="48" WIDTH="121" VPOS="1880" HPOS="415"/>
<SP HEIGHT="40" WIDTH="35" VPOS="1881" HPOS="537"/>
<String CONTENT="19," HEIGHT="50" WIDTH="70" VPOS="1879" HPOS="573"/>
<SP HEIGHT="50" WIDTH="36" VPOS="1879" HPOS="644"/>
<String CS="1" CONTENT="1936;" HEIGHT="40" WIDTH="116" VPOS="1879" HPOS="681"/>
<SP HEIGHT="49" WIDTH="36" VPOS="1878" HPOS="824"/>
<String CONTENT="2c." HEIGHT="42" WIDTH="69" VPOS="1878" HPOS="861"/>
<SP HEIGHT="41" WIDTH="38" VPOS="1879" HPOS="931"/>
<String CONTENT="Sept." HEIGHT="48" WIDTH="130" VPOS="1879" HPOS="970"/>
<SP HEIGHT="41" WIDTH="33" VPOS="1878" HPOS="1101"/>
<String CS="1" CONTENT="21;" HEIGHT="39" WIDTH="56" VPOS="1878" HPOS="1135"/>
<SP HEIGHT="38" WIDTH="39" VPOS="1888" HPOS="1220"/>
<String CONTENT="aff." HEIGHT="41" WIDTH="82" VPOS="1878" HPOS="1260"/>
<SP HEIGHT="40" WIDTH="39" VPOS="1879" HPOS="1343"/>
<String CONTENT="Sept." HEIGHT="48" WIDTH="129" VPOS="1879" HPOS="1383"/>
<SP HEIGHT="41" WIDTH="36" VPOS="1879" HPOS="1513"/>
<String CS="1" CONTENT="17;" HEIGHT="41" WIDTH="57" VPOS="1879" HPOS="1550"/>
<SP HEIGHT="47" WIDTH="37" VPOS="1880" HPOS="1634"/>
<!-- cceid A3D2C2CF-6E3A-1014-83DD-942C093A1DD9 --><String CONTENT="A" HEIGHT="39" WIDTH="44" VPOS="1880" HPOS="1672"/>
<SP HEIGHT="41" WIDTH="32" VPOS="1879" HPOS="1717"/>
<String CS="1" CONTENT="98536;" HEIGHT="41" WIDTH="149" VPOS="1879" HPOS="1750"/>
<SP HEIGHT="47" WIDTH="38" VPOS="1881" HPOS="1923"/>
<String CONTENT="West" HEIGHT="41" WIDTH="139" VPOS="1881" HPOS="1962"/>
<SP HEIGHT="48" WIDTH="31" VPOS="1881" HPOS="2102"/>
<String CONTENT="pub." HEIGHT="48" WIDTH="112" VPOS="1881" HPOS="2134"/>
<SP HEIGHT="32" WIDTH="36" VPOS="1892" HPOS="2247"/>
<String LANG="ru" CONTENT="co." HEIGHT="31" WIDTH="66" VPOS="1892" HPOS="2284"/>
</TextLine>
<TextLine HEIGHT="56" WIDTH="1243" VPOS="1954" HPOS="328" STYLEREFS="StyleId-6BC8461E-6EC6-4274-952D-F14C94B2AABC-">
<String CONTENT="National" HEIGHT="53" WIDTH="280" VPOS="1956" HPOS="328"/>
<SP HEIGHT="54" WIDTH="27" VPOS="1955" HPOS="609"/>
<String CONTENT="industrial" HEIGHT="54" WIDTH="322" VPOS="1955" HPOS="637"/>
<SP HEIGHT="54" WIDTH="25" VPOS="1955" HPOS="960"/>
<String CONTENT="conference" HEIGHT="55" WIDTH="352" VPOS="1954" HPOS="986"/>
<SP HEIGHT="54" WIDTH="28" VPOS="1955" HPOS="1339"/>
<String CONTENT="board." HEIGHT="55" WIDTH="203" VPOS="1955" HPOS="1368"/>
</TextLine>
<TextLine HEIGHT="69" WIDTH="1953" VPOS="2029" HPOS="400" STYLEREFS="StyleId-6BEC9269-A6F4-4D72-9B7F-31B2DD458554-">
<String CONTENT="International" HEIGHT="55" WIDTH="423" VPOS="2032" HPOS="400"/>
<SP HEIGHT="53" WIDTH="41" VPOS="2034" HPOS="824"/>
<String CONTENT="transactions" HEIGHT="57" WIDTH="384" VPOS="2030" HPOS="866"/>
<SP HEIGHT="34" WIDTH="41" VPOS="2052" HPOS="1251"/>
<String CONTENT="of" HEIGHT="54" WIDTH="65" VPOS="2032" HPOS="1293"/>
<SP HEIGHT="54" WIDTH="40" VPOS="2032" HPOS="1359"/>
<String CONTENT="the" HEIGHT="54" WIDTH="96" VPOS="2032" HPOS="1400"/>
<SP HEIGHT="55" WIDTH="40" VPOS="2032" HPOS="1497"/>
<String CONTENT="United" HEIGHT="55" WIDTH="222" VPOS="2032" HPOS="1538"/>
<SP HEIGHT="56" WIDTH="44" VPOS="2032" HPOS="1761"/>
<String CONTENT="States;" HEIGHT="66" WIDTH="219" VPOS="2032" HPOS="1806"/>
<SP HEIGHT="49" WIDTH="45" VPOS="2049" HPOS="2026"/>
<String CONTENT="an" HEIGHT="35" WIDTH="72" VPOS="2049" HPOS="2072"/>
<SP HEIGHT="35" WIDTH="43" VPOS="2049" HPOS="2145"/>
<String CONTENT="audit" HEIGHT="55" WIDTH="164" VPOS="2029" HPOS="2189"/>
</TextLine>
<TextLine HEIGHT="72" WIDTH="2027" VPOS="2109" HPOS="324" STYLEREFS="StyleId-6BEC9269-A6F4-4D72-9B7F-31B2DD458554-">
<String CONTENT="and" HEIGHT="53" WIDTH="113" VPOS="2112" HPOS="324"/>
<SP HEIGHT="54" WIDTH="36" VPOS="2111" HPOS="438"/>
<String CONTENT="interpretation" HEIGHT="70" WIDTH="445" VPOS="2111" HPOS="475"/>
<SP HEIGHT="35" WIDTH="39" VPOS="2130" HPOS="921"/>
<String CONTENT="of" HEIGHT="55" WIDTH="65" VPOS="2110" HPOS="961"/>
<SP HEIGHT="54" WIDTH="35" VPOS="2110" HPOS="1027"/>
<String CONTENT="balance-of-payments" HEIGHT="70" WIDTH="661" VPOS="2110" HPOS="1063"/>
<SP HEIGHT="36" WIDTH="35" VPOS="2129" HPOS="1725"/>
<String CONTENT="estimates," HEIGHT="69" WIDTH="309" VPOS="2109" HPOS="1761"/>
<SP HEIGHT="68" WIDTH="36" VPOS="2110" HPOS="2071"/>
<String CONTENT="by" HEIGHT="69" WIDTH="75" VPOS="2110" HPOS="2108"/>
<SP HEIGHT="69" WIDTH="36" VPOS="2110" HPOS="2184"/>
<String CONTENT="Ray" HEIGHT="68" WIDTH="130" VPOS="2110" HPOS="2221"/>
</TextLine>
<TextLine HEIGHT="72" WIDTH="2027" VPOS="2188" HPOS="325" STYLEREFS="StyleId-6BEC9269-A6F4-4D72-9B7F-31B2DD458554-">
<String CONTENT="Ovid" HEIGHT="56" WIDTH="154" VPOS="2190" HPOS="325"/>
<SP HEIGHT="53" WIDTH="48" VPOS="2191" HPOS="480"/>
<String CONTENT="Hall," HEIGHT="70" WIDTH="161" VPOS="2190" HPOS="529"/>
<SP HEIGHT="70" WIDTH="44" VPOS="2190" HPOS="691"/>
<String CONTENT="Conference" HEIGHT="58" WIDTH="357" VPOS="2189" HPOS="736"/>
<SP HEIGHT="53" WIDTH="40" VPOS="2191" HPOS="1094"/>
<String CONTENT="board" HEIGHT="54" WIDTH="181" VPOS="2190" HPOS="1135"/>
<SP HEIGHT="53" WIDTH="44" VPOS="2190" HPOS="1317"/>
<String CONTENT="research" HEIGHT="54" WIDTH="260" VPOS="2190" HPOS="1362"/>
<SP HEIGHT="54" WIDTH="43" VPOS="2190" HPOS="1623"/>
<String CONTENT="staff" HEIGHT="56" WIDTH="136" VPOS="2188" HPOS="1667"/>
<SP HEIGHT="54" WIDTH="50" VPOS="2188" HPOS="1804"/>
<String CONTENT="..." HEIGHT="10" WIDTH="58" VPOS="2232" HPOS="1855"/>
<SP HEIGHT="53" WIDTH="84" VPOS="2189" HPOS="1914"/>
<String CONTENT="New" HEIGHT="53" WIDTH="140" VPOS="2189" HPOS="1999"/>
<SP HEIGHT="54" WIDTH="46" VPOS="2188" HPOS="2140"/>
<String CONTENT="York" HEIGHT="53" WIDTH="165" VPOS="2188" HPOS="2187"/>
</TextLine>
<TextLine HEIGHT="72" WIDTH="1781" VPOS="2269" HPOS="323" STYLEREFS="StyleId-6BEC9269-A6F4-4D72-9B7F-31B2DD458554-" CS="1">
<String CONTENT="city," HEIGHT="69" WIDTH="135" VPOS="2272" HPOS="323"/>
<SP HEIGHT="68" WIDTH="33" VPOS="2271" HPOS="459"/>
<String CONTENT="National" HEIGHT="55" WIDTH="279" VPOS="2270" HPOS="493"/>
<SP HEIGHT="55" WIDTH="30" VPOS="2270" HPOS="773"/>
<String CONTENT="industrial" HEIGHT="56" WIDTH="315" VPOS="2269" HPOS="804"/>
<SP HEIGHT="52" WIDTH="34" VPOS="2272" HPOS="1120"/>
<String CONTENT="conference" HEIGHT="54" WIDTH="335" VPOS="2270" HPOS="1155"/>
<SP HEIGHT="54" WIDTH="31" VPOS="2270" HPOS="1491"/>
<String CONTENT="board," HEIGHT="69" WIDTH="200" VPOS="2269" HPOS="1523"/>
<SP HEIGHT="67" WIDTH="32" VPOS="2271" HPOS="1724"/>
<String CONTENT="inc." HEIGHT="53" WIDTH="110" VPOS="2271" HPOS="1757"/>
<SP HEIGHT="34" WIDTH="39" VPOS="2303" HPOS="1868"/>
<String CS="1" CONTENT="["/>
<String STYLE="superscript" CONTENT="c" HEIGHT="21" WIDTH="18" VPOS="2275" HPOS="1926"/>
<String CONTENT="1936]" HEIGHT="64" WIDTH="155" VPOS="2272" HPOS="1949"/>
</TextLine>
<TextLine HEIGHT="52" WIDTH="889" VPOS="2342" HPOS="461" CS="1">
<String CS="1" CONTENT="xv," HEIGHT="17" WIDTH="10" VPOS="2377" HPOS="461"/>
<SP HEIGHT="49" WIDTH="28" VPOS="2345" HPOS="472"/>
<String CONTENT="230" HEIGHT="42" WIDTH="87" VPOS="2344" HPOS="501"/>
<SP HEIGHT="49" WIDTH="27" VPOS="2345" HPOS="589"/>
<String CONTENT="p." HEIGHT="38" WIDTH="46" VPOS="2356" HPOS="617"/>
<SP HEIGHT="40" WIDTH="58" VPOS="2345" HPOS="664"/>
<String CONTENT="tables" HEIGHT="42" WIDTH="159" VPOS="2344" HPOS="723"/>
<SP HEIGHT="49" WIDTH="27" VPOS="2344" HPOS="883"/>
<String CONTENT="(1" HEIGHT="49" WIDTH="50" VPOS="2344" HPOS="911"/>
<SP HEIGHT="41" WIDTH="27" VPOS="2344" HPOS="962"/>
<String CONTENT="fold.)" HEIGHT="50" WIDTH="145" VPOS="2344" HPOS="990"/>
<SP HEIGHT="50" WIDTH="65" VPOS="2344" HPOS="1136"/>
<String CS="1" CONTENT="23&#189;" HEIGHT="41" WIDTH="56" VPOS="2342" HPOS="1202"/>
<String STYLE="superscript" CONTENT="cm" HEIGHT="22" WIDTH="45" VPOS="2346" HPOS="1293"/>
<String CONTENT="." HEIGHT="9" WIDTH="9" VPOS="2376" HPOS="1341"/>
</TextLine>
<TextLine HEIGHT="51" WIDTH="1954" VPOS="2401" HPOS="394">
<String CONTENT="The" HEIGHT="41" WIDTH="102" VPOS="2404" HPOS="394"/>
<SP HEIGHT="38" WIDTH="32" VPOS="2414" HPOS="497"/>
<String CONTENT="present" HEIGHT="48" WIDTH="201" VPOS="2404" HPOS="530"/>
<SP HEIGHT="40" WIDTH="33" VPOS="2404" HPOS="732"/>
<String CONTENT="report" HEIGHT="48" WIDTH="167" VPOS="2404" HPOS="766"/>
<SP HEIGHT="40" WIDTH="32" VPOS="2404" HPOS="934"/>
<String CONTENT="was" HEIGHT="31" WIDTH="104" VPOS="2413" HPOS="967"/>
<SP HEIGHT="38" WIDTH="34" VPOS="2413" HPOS="1072"/>
<String CONTENT="prepared" HEIGHT="49" WIDTH="241" VPOS="2402" HPOS="1107"/>
<SP HEIGHT="41" WIDTH="33" VPOS="2402" HPOS="1349"/>
<String CONTENT="with" HEIGHT="41" WIDTH="121" VPOS="2402" HPOS="1383"/>
<SP HEIGHT="40" WIDTH="35" VPOS="2403" HPOS="1505"/>
<String CONTENT="the" HEIGHT="41" WIDTH="82" VPOS="2403" HPOS="1541"/>
<SP HEIGHT="31" WIDTH="34" VPOS="2413" HPOS="1624"/>
<String CONTENT="assistance" HEIGHT="41" WIDTH="273" VPOS="2403" HPOS="1659"/>
<SP HEIGHT="31" WIDTH="35" VPOS="2413" HPOS="1933"/>
<String CONTENT="of" HEIGHT="41" WIDTH="52" VPOS="2401" HPOS="1969"/>
<SP HEIGHT="40" WIDTH="36" VPOS="2401" HPOS="2022"/>
<String CONTENT="Miss" HEIGHT="41" WIDTH="120" VPOS="2401" HPOS="2059"/>
<SP HEIGHT="40" WIDTH="33" VPOS="2402" HPOS="2180"/>
<String CONTENT="Ruth" HEIGHT="42" WIDTH="134" VPOS="2402" HPOS="2214"/>
</TextLine>
<TextLine HEIGHT="107" WIDTH="2009" VPOS="2459" HPOS="323" CS="1">
<String CONTENT="Jackendoff" HEIGHT="43" WIDTH="295" VPOS="2459" HPOS="323"/>
<SP HEIGHT="42" WIDTH="23" VPOS="2460" HPOS="619"/>
<String CONTENT="of" HEIGHT="42" WIDTH="54" VPOS="2460" HPOS="643"/>
<SP HEIGHT="41" WIDTH="21" VPOS="2460" HPOS="698"/>
<String CONTENT="the" HEIGHT="41" WIDTH="84" VPOS="2461" HPOS="720"/>
<SP HEIGHT="43" WIDTH="24" VPOS="2459" HPOS="805"/>
<String CONTENT="Conference" HEIGHT="43" WIDTH="299" VPOS="2459" HPOS="830"/>
<SP HEIGHT="40" WIDTH="24" VPOS="2461" HPOS="1130"/>
<String CONTENT="board&#8217;s" HEIGHT="43" WIDTH="194" VPOS="2459" HPOS="1155"/>
<SP HEIGHT="30" WIDTH="25" VPOS="2471" HPOS="1350"/>
<String CONTENT="research" HEIGHT="41" WIDTH="229" VPOS="2461" HPOS="1376"/>
<SP HEIGHT="40" WIDTH="26" VPOS="2461" HPOS="1606"/>
<String CONTENT="staff" HEIGHT="41" WIDTH="119" VPOS="2460" HPOS="1633"/>
<SP HEIGHT="40" WIDTH="24" VPOS="2460" HPOS="1753"/>
<String CONTENT="and" HEIGHT="39" WIDTH="95" VPOS="2461" HPOS="1778"/>
<SP HEIGHT="40" WIDTH="26" VPOS="2461" HPOS="1874"/>
<String CONTENT="edited" HEIGHT="40" WIDTH="164" VPOS="2461" HPOS="1901"/>
<SP HEIGHT="41" WIDTH="26" VPOS="2459" HPOS="2066"/>
<String CONTENT="for" HEIGHT="41" WIDTH="80" VPOS="2459" HPOS="2093"/>
<SP HEIGHT="38" WIDTH="23" VPOS="2471" HPOS="2174"/>
<String CONTENT="publication" HEIGHT="101" WIDTH="2009" VPOS="2459" HPOS="323"/>
<SP HEIGHT="40" WIDTH="23" VPOS="2518" HPOS="488"/>
<String CONTENT="by" HEIGHT="48" WIDTH="61" VPOS="2518" HPOS="512"/>
</TextLine>
<TextLine HEIGHT="49" WIDTH="1748" VPOS="2517" HPOS="600">
<String CONTENT="Mr." HEIGHT="43" WIDTH="92" VPOS="2517" HPOS="600"/>
<SP HEIGHT="42" WIDTH="24" VPOS="2518" HPOS="693"/>
<String CONTENT="Yaso" HEIGHT="41" WIDTH="129" VPOS="2518" HPOS="718"/>
<SP HEIGHT="42" WIDTH="21" VPOS="2517" HPOS="848"/>
<String CONTENT="Trivanovitch," HEIGHT="49" WIDTH="368" VPOS="2517" HPOS="870"/>
<SP HEIGHT="38" WIDTH="26" VPOS="2528" HPOS="1239"/>
<String CONTENT="also" HEIGHT="43" WIDTH="105" VPOS="2517" HPOS="1266"/>
<SP HEIGHT="30" WIDTH="22" VPOS="2530" HPOS="1372"/>
<String CONTENT="of" HEIGHT="42" WIDTH="52" VPOS="2517" HPOS="1395"/>
<SP HEIGHT="42" WIDTH="22" VPOS="2517" HPOS="1448"/>
<String CONTENT="the" HEIGHT="41" WIDTH="82" VPOS="2519" HPOS="1471"/>
<SP HEIGHT="42" WIDTH="23" VPOS="2518" HPOS="1554"/>
<String CONTENT="board's" HEIGHT="41" WIDTH="193" VPOS="2518" HPOS="1578"/>
<SP HEIGHT="29" WIDTH="24" VPOS="2529" HPOS="1772"/>
<String CONTENT="spiff," HEIGHT="41" WIDTH="132" VPOS="2517" HPOS="1797"/>
<SP HEIGHT="29" WIDTH="53" VPOS="2528" HPOS="1930"/>
<String CONTENT="cf." HEIGHT="48" WIDTH="62" VPOS="2518" HPOS="1984"/>
<SP HEIGHT="41" WIDTH="25" VPOS="2518" HPOS="2047"/>
<String CONTENT="Foreword." HEIGHT="41" WIDTH="275" VPOS="2518" HPOS="2073"/>
</TextLine>
<TextLine HEIGHT="107" WIDTH="2009" VPOS="2575" HPOS="321" CS="1">
<String CONTENT="The" HEIGHT="42" WIDTH="103" VPOS="2575" HPOS="393"/>
<SP HEIGHT="37" WIDTH="36" VPOS="2587" HPOS="497"/>
<String CONTENT="present" HEIGHT="46" WIDTH="200" VPOS="2578" HPOS="534"/>
<SP HEIGHT="39" WIDTH="31" VPOS="2578" HPOS="735"/>
<String CONTENT="volume" HEIGHT="42" WIDTH="194" VPOS="2576" HPOS="767"/>
<SP HEIGHT="42" WIDTH="33" VPOS="2576" HPOS="962"/>
<String CONTENT="is" HEIGHT="41" WIDTH="43" VPOS="2576" HPOS="996"/>
<SP HEIGHT="31" WIDTH="34" VPOS="2587" HPOS="1040"/>
<String CONTENT="a" HEIGHT="31" WIDTH="30" VPOS="2587" HPOS="1075"/>
<SP HEIGHT="31" WIDTH="35" VPOS="2587" HPOS="1106"/>
<String CONTENT="review" HEIGHT="42" WIDTH="179" VPOS="2575" HPOS="1142"/>
<SP HEIGHT="31" WIDTH="35" VPOS="2586" HPOS="1322"/>
<String CONTENT="and" HEIGHT="40" WIDTH="96" VPOS="2577" HPOS="1358"/>
<SP HEIGHT="39" WIDTH="37" VPOS="2577" HPOS="1455"/>
<String CONTENT="revision" HEIGHT="41" WIDTH="212" VPOS="2576" HPOS="1493"/>
<SP HEIGHT="30" WIDTH="38" VPOS="2587" HPOS="1706"/>
<String CONTENT="of" HEIGHT="41" WIDTH="50" VPOS="2576" HPOS="1745"/>
<SP HEIGHT="40" WIDTH="37" VPOS="2576" HPOS="1796"/>
<String CONTENT="the" HEIGHT="40" WIDTH="80" VPOS="2577" HPOS="1834"/>
<SP HEIGHT="40" WIDTH="39" VPOS="2577" HPOS="1915"/>
<String CONTENT="basic" HEIGHT="41" WIDTH="132" VPOS="2575" HPOS="1955"/>
<SP HEIGHT="39" WIDTH="34" VPOS="2577" HPOS="2088"/>
<String CONTENT="data" HEIGHT="39" WIDTH="118" VPOS="2577" HPOS="2123"/>
<SP HEIGHT="30" WIDTH="36" VPOS="2586" HPOS="2242"/>
<String CONTENT="recorded" HEIGHT="89" WIDTH="2009" VPOS="2586" HPOS="321"/>
<SP HEIGHT="41" WIDTH="22" VPOS="2634" HPOS="500"/>
<String CONTENT="by" HEIGHT="48" WIDTH="60" VPOS="2634" HPOS="523"/>
<SP HEIGHT="47" WIDTH="22" VPOS="2635" HPOS="584"/>
<String CONTENT="the" HEIGHT="40" WIDTH="85" VPOS="2635" HPOS="607"/>
<SP HEIGHT="41" WIDTH="19" VPOS="2634" HPOS="693"/>
<String LANG="fr" CONTENT="U." HEIGHT="44" WIDTH="57" VPOS="2634" HPOS="713"/>
<SP HEIGHT="45" WIDTH="23" VPOS="2633" HPOS="771"/>
<String LANG="fr" CONTENT="S." HEIGHT="43" WIDTH="45" VPOS="2633" HPOS="795"/>
</TextLine>
<TextLine HEIGHT="52" WIDTH="1481" VPOS="2632" HPOS="865" CS="1">
<String LANG="fr" CS="1" CONTENT="Dept." HEIGHT="50" WIDTH="142" VPOS="2634" HPOS="865"/>
<SP HEIGHT="29" WIDTH="23" VPOS="2646" HPOS="1008"/>
<String CONTENT="of" HEIGHT="42" WIDTH="53" VPOS="2633" HPOS="1032"/>
<SP HEIGHT="42" WIDTH="19" VPOS="2633" HPOS="1086"/>
<String CONTENT="commerce" HEIGHT="31" WIDTH="267" VPOS="2644" HPOS="1106"/>
<SP HEIGHT="31" WIDTH="19" VPOS="2644" HPOS="1374"/>
<String CONTENT="and" HEIGHT="41" WIDTH="97" VPOS="2634" HPOS="1394"/>
<SP HEIGHT="40" WIDTH="23" VPOS="2634" HPOS="1492"/>
<String CONTENT="issued" HEIGHT="41" WIDTH="163" VPOS="2634" HPOS="1516"/>
<SP HEIGHT="40" WIDTH="23" VPOS="2634" HPOS="1680"/>
<String CONTENT="since" HEIGHT="41" WIDTH="132" VPOS="2634" HPOS="1704"/>
<SP HEIGHT="41" WIDTH="22" VPOS="2634" HPOS="1837"/>
<String CONTENT="1922" HEIGHT="42" WIDTH="116" VPOS="2632" HPOS="1860"/>
<SP HEIGHT="40" WIDTH="22" VPOS="2633" HPOS="1977"/>
<String CONTENT="in" HEIGHT="40" WIDTH="48" VPOS="2633" HPOS="2000"/>
<SP HEIGHT="40" WIDTH="25" VPOS="2633" HPOS="2049"/>
<String CONTENT="its" HEIGHT="41" WIDTH="66" VPOS="2633" HPOS="2075"/>
<SP HEIGHT="30" WIDTH="20" VPOS="2644" HPOS="2142"/>
<String CONTENT="annual" HEIGHT="41" WIDTH="183" VPOS="2633" HPOS="2163"/>
</TextLine>
<TextLine HEIGHT="51" WIDTH="2022" VPOS="2690" HPOS="324">
<String CONTENT="bulletins" HEIGHT="42" WIDTH="232" VPOS="2690" HPOS="324"/>
<SP HEIGHT="31" WIDTH="26" VPOS="2701" HPOS="557"/>
<String CONTENT="entitled" HEIGHT="42" WIDTH="207" VPOS="2691" HPOS="584"/>
<SP HEIGHT="41" WIDTH="29" VPOS="2691" HPOS="792"/>
<String CONTENT="&#8220;The" HEIGHT="42" WIDTH="130" VPOS="2691" HPOS="822"/>
<SP HEIGHT="42" WIDTH="28" VPOS="2691" HPOS="953"/>
<String CONTENT="International" HEIGHT="43" WIDTH="365" VPOS="2691" HPOS="982"/>
<SP HEIGHT="40" WIDTH="26" VPOS="2692" HPOS="1348"/>
<String CONTENT="balance" HEIGHT="41" WIDTH="204" VPOS="2692" HPOS="1375"/>
<SP HEIGHT="30" WIDTH="27" VPOS="2703" HPOS="1580"/>
<String CONTENT="of" HEIGHT="42" WIDTH="52" VPOS="2691" HPOS="1608"/>
<SP HEIGHT="50" WIDTH="26" VPOS="2691" HPOS="1661"/>
<String CONTENT="payments" HEIGHT="48" WIDTH="257" VPOS="2693" HPOS="1688"/>
<SP HEIGHT="30" WIDTH="29" VPOS="2703" HPOS="1946"/>
<String CONTENT="of" HEIGHT="42" WIDTH="51" VPOS="2691" HPOS="1976"/>
<SP HEIGHT="41" WIDTH="27" VPOS="2691" HPOS="2028"/>
<String CONTENT="the" HEIGHT="41" WIDTH="82" VPOS="2692" HPOS="2056"/>
<SP HEIGHT="42" WIDTH="28" VPOS="2691" HPOS="2139"/>
<String CONTENT="United" HEIGHT="42" WIDTH="178" VPOS="2691" HPOS="2168"/>
</TextLine>
<TextLine HEIGHT="50" WIDTH="649" VPOS="2747" HPOS="323">
<String CONTENT="States&#8221;," HEIGHT="44" WIDTH="209" VPOS="2747" HPOS="323"/>
<SP HEIGHT="30" WIDTH="62" VPOS="2760" HPOS="533"/>
<String CONTENT="cf." HEIGHT="49" WIDTH="63" VPOS="2748" HPOS="596"/>
<SP HEIGHT="41" WIDTH="34" VPOS="2749" HPOS="660"/>
<String CONTENT="Foreword." HEIGHT="42" WIDTH="277" VPOS="2749" HPOS="695"/>
</TextLine>
<TextLine HEIGHT="112" WIDTH="2005" VPOS="2802" HPOS="326" CS="1">
<String CONTENT="&#169;" HEIGHT="53" WIDTH="53" VPOS="2802" HPOS="326"/>
<SP HEIGHT="53" WIDTH="34" VPOS="2802" HPOS="380"/>
<String CONTENT="July" HEIGHT="47" WIDTH="118" VPOS="2807" HPOS="415"/>
<SP HEIGHT="47" WIDTH="34" VPOS="2807" HPOS="534"/>
<String CONTENT="28," HEIGHT="50" WIDTH="70" VPOS="2807" HPOS="569"/>
<SP HEIGHT="49" WIDTH="37" VPOS="2808" HPOS="640"/>
<String CONTENT="1936;" HEIGHT="48" WIDTH="141" VPOS="2806" HPOS="678"/>
<SP HEIGHT="48" WIDTH="39" VPOS="2806" HPOS="820"/>
<String CONTENT="2c." HEIGHT="43" WIDTH="68" VPOS="2806" HPOS="860"/>
<SP HEIGHT="32" WIDTH="36" VPOS="2817" HPOS="929"/>
<String CONTENT="and" HEIGHT="40" WIDTH="97" VPOS="2807" HPOS="966"/>
<SP HEIGHT="40" WIDTH="35" VPOS="2807" HPOS="1064"/>
<String CONTENT="aff." HEIGHT="41" WIDTH="84" VPOS="2807" HPOS="1100"/>
<SP HEIGHT="41" WIDTH="36" VPOS="2807" HPOS="1185"/>
<String CONTENT="Aug." HEIGHT="48" WIDTH="121" VPOS="2807" HPOS="1222"/>
<SP HEIGHT="41" WIDTH="36" VPOS="2807" HPOS="1344"/>
<String CONTENT="8;" HEIGHT="48" WIDTH="53" VPOS="2807" HPOS="1381"/>
<SP HEIGHT="48" WIDTH="38" VPOS="2807" HPOS="1435"/>
<!-- cceid A3D3186A-6E3A-1014-83DD-942C093A1DD9 --><String CONTENT="A" HEIGHT="39" WIDTH="41" VPOS="2807" HPOS="1474"/>
<SP HEIGHT="40" WIDTH="35" VPOS="2807" HPOS="1516"/>
<String CONTENT="97294;" HEIGHT="48" WIDTH="173" VPOS="2806" HPOS="1552"/>
<SP HEIGHT="47" WIDTH="39" VPOS="2807" HPOS="1726"/>
<String CONTENT="Natl." HEIGHT="41" WIDTH="131" VPOS="2806" HPOS="1766"/>
<SP HEIGHT="42" WIDTH="37" VPOS="2805" HPOS="1898"/>
<String CONTENT="industrial" HEIGHT="42" WIDTH="271" VPOS="2804" HPOS="1936"/>
<SP HEIGHT="39" WIDTH="33" VPOS="2806" HPOS="2208"/>
<String CONTENT="conference" HEIGHT="90" WIDTH="1937" VPOS="2815" HPOS="394"/>
<SP HEIGHT="41" WIDTH="29" VPOS="2864" HPOS="591"/>
<String CONTENT="board," HEIGHT="50" WIDTH="168" VPOS="2864" HPOS="621"/>
<SP HEIGHT="50" WIDTH="30" VPOS="2864" HPOS="790"/>
<String CONTENT="inc." HEIGHT="43" WIDTH="92" VPOS="2864" HPOS="821"/>
<SP HEIGHT="49" WIDTH="70" VPOS="2864" HPOS="914"/>
<String CONTENT="(36-19380)" HEIGHT="50" WIDTH="284" VPOS="2864" HPOS="985"/>
</TextLine>
<TextLine HEIGHT="68" WIDTH="1219" VPOS="2954" HPOS="318" STYLEREFS="StyleId-C0D1A940-B4C6-43D0-8EC2-F2CC5EDF6CFD-">
<String CONTENT="New" HEIGHT="54" WIDTH="148" VPOS="2954" HPOS="318"/>
<SP HEIGHT="54" WIDTH="24" VPOS="2954" HPOS="467"/>
<String CONTENT="York" HEIGHT="53" WIDTH="164" VPOS="2954" HPOS="492"/>
<SP HEIGHT="66" WIDTH="32" VPOS="2955" HPOS="657"/>
<String CONTENT="(State)" HEIGHT="66" WIDTH="220" VPOS="2956" HPOS="690"/>
<SP HEIGHT="66" WIDTH="87" VPOS="2956" HPOS="911"/>
<String CONTENT="Courts" HEIGHT="53" WIDTH="210" VPOS="2956" HPOS="999"/>
<SP HEIGHT="35" WIDTH="24" VPOS="2974" HPOS="1210"/>
<String CONTENT="of" HEIGHT="66" WIDTH="64" VPOS="2956" HPOS="1235"/>
<SP HEIGHT="66" WIDTH="20" VPOS="2956" HPOS="1300"/>
<String CONTENT="record." HEIGHT="52" WIDTH="216" VPOS="2956" HPOS="1321"/>
</TextLine>
<TextLine HEIGHT="69" WIDTH="1950" VPOS="3032" HPOS="398" STYLEREFS="StyleId-6BEC9269-A6F4-4D72-9B7F-31B2DD458554-">
<String CONTENT="..." HEIGHT="9" WIDTH="56" VPOS="3076" HPOS="398"/>
<SP HEIGHT="51" WIDTH="43" VPOS="3034" HPOS="455"/>
<String CONTENT="The" HEIGHT="53" WIDTH="121" VPOS="3033" HPOS="499"/>
<SP HEIGHT="34" WIDTH="39" VPOS="3052" HPOS="621"/>
<String CONTENT="miscellaneous" HEIGHT="54" WIDTH="432" VPOS="3033" HPOS="661"/>
<SP HEIGHT="34" WIDTH="37" VPOS="3052" HPOS="1094"/>
<String CONTENT="reports;" HEIGHT="63" WIDTH="253" VPOS="3038" HPOS="1132"/>
<SP HEIGHT="48" WIDTH="42" VPOS="3052" HPOS="1386"/>
<String CONTENT="cases" HEIGHT="34" WIDTH="150" VPOS="3052" HPOS="1429"/>
<SP HEIGHT="53" WIDTH="38" VPOS="3033" HPOS="1580"/>
<String CONTENT="decided" HEIGHT="53" WIDTH="237" VPOS="3033" HPOS="1619"/>
<SP HEIGHT="52" WIDTH="44" VPOS="3033" HPOS="1857"/>
<String CONTENT="..." HEIGHT="9" WIDTH="56" VPOS="3076" HPOS="1902"/>
<SP HEIGHT="34" WIDTH="43" VPOS="3051" HPOS="1959"/>
<String CONTENT="other" HEIGHT="53" WIDTH="163" VPOS="3033" HPOS="2003"/>
<SP HEIGHT="50" WIDTH="38" VPOS="3036" HPOS="2167"/>
<String CONTENT="than" HEIGHT="52" WIDTH="142" VPOS="3032" HPOS="2206"/>
</TextLine>
<TextLine HEIGHT="70" WIDTH="1877" VPOS="3110" HPOS="320" STYLEREFS="StyleId-6BEC9269-A6F4-4D72-9B7F-31B2DD458554-" CS="1">
<String CONTENT="the" HEIGHT="52" WIDTH="96" VPOS="3112" HPOS="320"/>
<SP HEIGHT="56" WIDTH="41" VPOS="3110" HPOS="417"/>
<String CONTENT="Court" HEIGHT="56" WIDTH="182" VPOS="3110" HPOS="459"/>
<SP HEIGHT="49" WIDTH="37" VPOS="3117" HPOS="642"/>
<String CONTENT="of" HEIGHT="54" WIDTH="64" VPOS="3112" HPOS="680"/>
<SP HEIGHT="53" WIDTH="39" VPOS="3112" HPOS="745"/>
<String CONTENT="appeals" HEIGHT="67" WIDTH="236" VPOS="3112" HPOS="785"/>
<SP HEIGHT="34" WIDTH="39" VPOS="3131" HPOS="1022"/>
<String CONTENT="and" HEIGHT="53" WIDTH="113" VPOS="3113" HPOS="1062"/>
<SP HEIGHT="53" WIDTH="39" VPOS="3113" HPOS="1176"/>
<String CONTENT="the" HEIGHT="53" WIDTH="95" VPOS="3112" HPOS="1216"/>
<SP HEIGHT="52" WIDTH="40" VPOS="3113" HPOS="1312"/>
<String CONTENT="Appellate" HEIGHT="68" WIDTH="313" VPOS="3112" HPOS="1353"/>
<SP HEIGHT="52" WIDTH="37" VPOS="3112" HPOS="1667"/>
<String CONTENT="division" HEIGHT="55" WIDTH="249" VPOS="3110" HPOS="1705"/>
<SP HEIGHT="34" WIDTH="40" VPOS="3130" HPOS="1955"/>
<String CONTENT="of" HEIGHT="53" WIDTH="64" VPOS="3111" HPOS="1996"/>
<SP HEIGHT="53" WIDTH="37" VPOS="3111" HPOS="2061"/>
<String CONTENT="the" HEIGHT="52" WIDTH="98" VPOS="3112" HPOS="2099"/>
</TextLine>
<TextLine HEIGHT="147" WIDTH="2024" VPOS="3111" HPOS="321" STYLEREFS="StyleId-6BEC9269-A6F4-4D72-9B7F-31B2DD458554-" CS="1">
<String CONTENT="Supreme" HEIGHT="145" WIDTH="1998" VPOS="3111" HPOS="321"/>
<SP HEIGHT="35" WIDTH="28" VPOS="3208" HPOS="515"/>
<String CONTENT="court." HEIGHT="48" WIDTH="178" VPOS="3195" HPOS="544"/>
<SP HEIGHT="53" WIDTH="82" VPOS="3190" HPOS="723"/>
<String CONTENT="Austin" HEIGHT="53" WIDTH="217" VPOS="3190" HPOS="806"/>
<SP HEIGHT="51" WIDTH="27" VPOS="3192" HPOS="1024"/>
<String CONTENT="B." HEIGHT="52" WIDTH="67" VPOS="3192" HPOS="1052"/>
<SP HEIGHT="55" WIDTH="31" VPOS="3190" HPOS="1120"/>
<String CONTENT="Griffin," HEIGHT="68" WIDTH="223" VPOS="3189" HPOS="1152"/>
<SP HEIGHT="47" WIDTH="28" VPOS="3210" HPOS="1376"/>
<String CONTENT="reporter." HEIGHT="62" WIDTH="274" VPOS="3196" HPOS="1405"/>
<SP HEIGHT="53" WIDTH="84" VPOS="3191" HPOS="1680"/>
<String CONTENT="Volume" HEIGHT="53" WIDTH="245" VPOS="3191" HPOS="1765"/>
<SP HEIGHT="48" WIDTH="32" VPOS="3194" HPOS="2011"/>
<String CONTENT="158," HEIGHT="63" WIDTH="116" VPOS="3193" HPOS="2044"/>
<SP HEIGHT="62" WIDTH="32" VPOS="3194" HPOS="2161"/>
<String CONTENT="1936." HEIGHT="51" WIDTH="151" VPOS="3192" HPOS="2194"/>
</TextLine>
<TextLine HEIGHT="73" WIDTH="1576" VPOS="3263" HPOS="326" STYLEREFS="StyleId-6BEC9269-A6F4-4D72-9B7F-31B2DD458554-" CS="1">
<String CONTENT="[Official" HEIGHT="67" WIDTH="241" VPOS="3268" HPOS="326"/>
<SP HEIGHT="53" WIDTH="24" VPOS="3268" HPOS="568"/>
<String CONTENT="ed.]" HEIGHT="67" WIDTH="105" VPOS="3269" HPOS="593"/>
<SP HEIGHT="67" WIDTH="78" VPOS="3269" HPOS="699"/>
<String CONTENT="Albany," HEIGHT="68" WIDTH="252" VPOS="3268" HPOS="778"/>
<SP HEIGHT="66" WIDTH="22" VPOS="3270" HPOS="1031"/>
<String CONTENT="J." HEIGHT="54" WIDTH="56" VPOS="3270" HPOS="1054"/>
<SP HEIGHT="59" WIDTH="26" VPOS="3263" HPOS="1111"/>
<String CS="1" CONTENT="B"/>
<String LANG="fr" CONTENT="." HEIGHT="10" WIDTH="10" VPOS="3312" HPOS="1195"/>
<SP HEIGHT="51" WIDTH="26" VPOS="3271" HPOS="1206"/>
<String CONTENT="Lyon" HEIGHT="65" WIDTH="164" VPOS="3271" HPOS="1233"/>
<SP HEIGHT="34" WIDTH="25" VPOS="3287" HPOS="1398"/>
<String CONTENT="company," HEIGHT="49" WIDTH="298" VPOS="3287" HPOS="1424"/>
<SP HEIGHT="64" WIDTH="27" VPOS="3272" HPOS="1723"/>
<String CONTENT="1936." HEIGHT="51" WIDTH="151" VPOS="3271" HPOS="1751"/>
</TextLine>
<TextLine HEIGHT="49" WIDTH="526" VPOS="3340" HPOS="394" STYLEREFS="StyleId-6BEC9269-A6F4-4D72-9B7F-31B2DD458554-" CS="1">
<String CONTENT="xiv," HEIGHT="47" WIDTH="96" VPOS="3341" HPOS="394"/>
<SP HEIGHT="45" WIDTH="31" VPOS="3343" HPOS="491"/>
<String CONTENT="1006" HEIGHT="40" WIDTH="117" VPOS="3341" HPOS="523"/>
<SP HEIGHT="48" WIDTH="27" VPOS="3341" HPOS="641"/>
<String CONTENT="p." HEIGHT="38" WIDTH="43" VPOS="3351" HPOS="669"/>
<SP HEIGHT="40" WIDTH="58" VPOS="3340" HPOS="713"/>
<String CS="1" CONTENT="23&#189;cm." HEIGHT="42" WIDTH="148" VPOS="3340" HPOS="772"/>
</TextLine>
<TextLine HEIGHT="50" WIDTH="1017" VPOS="3397" HPOS="395" CS="1">
<String CONTENT="On" HEIGHT="41" WIDTH="73" VPOS="3398" HPOS="395"/>
<SP HEIGHT="29" WIDTH="27" VPOS="3409" HPOS="469"/>
<String CS="1" CONTENT="cover;" HEIGHT="30" WIDTH="142" VPOS="3408" HPOS="497"/>
<SP HEIGHT="40" WIDTH="32" VPOS="3399" HPOS="668"/>
<String CONTENT="Jan.," HEIGHT="47" WIDTH="126" VPOS="3399" HPOS="701"/>
<SP HEIGHT="47" WIDTH="28" VPOS="3399" HPOS="828"/>
<String CONTENT="1936," HEIGHT="50" WIDTH="130" VPOS="3397" HPOS="857"/>
<SP HEIGHT="47" WIDTH="29" VPOS="3400" HPOS="988"/>
<String CONTENT="to" HEIGHT="39" WIDTH="49" VPOS="3400" HPOS="1018"/>
<SP HEIGHT="40" WIDTH="30" VPOS="3398" HPOS="1068"/>
<String CONTENT="April," HEIGHT="49" WIDTH="153" VPOS="3398" HPOS="1099"/>
<SP HEIGHT="49" WIDTH="29" VPOS="3398" HPOS="1253"/>
<String CONTENT="1936." HEIGHT="42" WIDTH="129" VPOS="3397" HPOS="1283"/>
</TextLine>
<TextLine HEIGHT="53" WIDTH="2017" VPOS="3451" HPOS="328">
<String CONTENT="&#169;" HEIGHT="53" WIDTH="53" VPOS="3451" HPOS="328"/>
<SP HEIGHT="53" WIDTH="45" VPOS="3451" HPOS="382"/>
<String CONTENT="Sept." HEIGHT="47" WIDTH="127" VPOS="3457" HPOS="428"/>
<SP HEIGHT="38" WIDTH="43" VPOS="3457" HPOS="556"/>
<String CONTENT="4," HEIGHT="46" WIDTH="41" VPOS="3457" HPOS="600"/>
<SP HEIGHT="47" WIDTH="43" VPOS="3456" HPOS="642"/>
<String CONTENT="1936;" HEIGHT="47" WIDTH="143" VPOS="3455" HPOS="686"/>
<SP HEIGHT="46" WIDTH="44" VPOS="3456" HPOS="830"/>
<String CONTENT="2c." HEIGHT="41" WIDTH="70" VPOS="3456" HPOS="875"/>
<SP HEIGHT="41" WIDTH="43" VPOS="3456" HPOS="946"/>
<String CONTENT="Sept." HEIGHT="48" WIDTH="129" VPOS="3456" HPOS="990"/>
<SP HEIGHT="41" WIDTH="46" VPOS="3456" HPOS="1120"/>
<String CONTENT="16;" HEIGHT="47" WIDTH="82" VPOS="3456" HPOS="1167"/>
<SP HEIGHT="38" WIDTH="46" VPOS="3465" HPOS="1250"/>
<String CONTENT="aff." HEIGHT="41" WIDTH="82" VPOS="3455" HPOS="1297"/>
<SP HEIGHT="41" WIDTH="48" VPOS="3455" HPOS="1380"/>
<String CONTENT="Sept." HEIGHT="48" WIDTH="130" VPOS="3455" HPOS="1429"/>
<SP HEIGHT="41" WIDTH="43" VPOS="3455" HPOS="1560"/>
<String CONTENT="14;" HEIGHT="47" WIDTH="84" VPOS="3455" HPOS="1604"/>
<SP HEIGHT="46" WIDTH="44" VPOS="3456" HPOS="1689"/>
<!-- cceid A3D36800-6E3A-1014-83DD-942C093A1DD9 --><String CONTENT="A" HEIGHT="38" WIDTH="42" VPOS="3456" HPOS="1734"/>
<SP HEIGHT="41" WIDTH="42" VPOS="3454" HPOS="1777"/>
<String CONTENT="98435;" HEIGHT="48" WIDTH="173" VPOS="3454" HPOS="1820"/>
<SP HEIGHT="47" WIDTH="46" VPOS="3455" HPOS="1994"/>
<String CONTENT="Edward" HEIGHT="40" WIDTH="214" VPOS="3453" HPOS="2041"/>
<SP HEIGHT="41" WIDTH="43" VPOS="3453" HPOS="2256"/>
<String CONTENT="J." HEIGHT="41" WIDTH="45" VPOS="3454" HPOS="2300"/>
</TextLine>
<TextLine HEIGHT="50" WIDTH="1468" VPOS="3512" HPOS="395">
<String CONTENT="Flynn," HEIGHT="48" WIDTH="173" VPOS="3513" HPOS="395"/>
<SP HEIGHT="38" WIDTH="25" VPOS="3523" HPOS="569"/>
<String CONTENT="secretary" HEIGHT="47" WIDTH="251" VPOS="3514" HPOS="595"/>
<SP HEIGHT="39" WIDTH="24" VPOS="3522" HPOS="847"/>
<String CONTENT="of" HEIGHT="41" WIDTH="53" VPOS="3512" HPOS="872"/>
<SP HEIGHT="41" WIDTH="22" VPOS="3512" HPOS="926"/>
<String CONTENT="state," HEIGHT="48" WIDTH="143" VPOS="3514" HPOS="949"/>
<SP HEIGHT="40" WIDTH="27" VPOS="3522" HPOS="1093"/>
<String CONTENT="state" HEIGHT="39" WIDTH="130" VPOS="3514" HPOS="1121"/>
<SP HEIGHT="31" WIDTH="24" VPOS="3522" HPOS="1252"/>
<String CONTENT="of" HEIGHT="41" WIDTH="52" VPOS="3512" HPOS="1277"/>
<SP HEIGHT="40" WIDTH="22" VPOS="3512" HPOS="1330"/>
<String CONTENT="New" HEIGHT="39" WIDTH="118" VPOS="3513" HPOS="1353"/>
<SP HEIGHT="39" WIDTH="23" VPOS="3513" HPOS="1472"/>
<String CONTENT="York," HEIGHT="48" WIDTH="146" VPOS="3513" HPOS="1496"/>
<SP HEIGHT="48" WIDTH="27" VPOS="3513" HPOS="1643"/>
<String CONTENT="Albany" HEIGHT="47" WIDTH="192" VPOS="3512" HPOS="1671"/>
</TextLine>
<TextLine HEIGHT="69" WIDTH="2021" VPOS="3602" HPOS="321">
<String CONTENT="New" HEIGHT="52" WIDTH="147" VPOS="3602" HPOS="321"/>
<SP HEIGHT="52" WIDTH="36" VPOS="3604" HPOS="469"/>
<String CONTENT="York" HEIGHT="52" WIDTH="164" VPOS="3604" HPOS="506"/>
<SP HEIGHT="53" WIDTH="40" VPOS="3604" HPOS="671"/>
<String CONTENT="supplement;" HEIGHT="67" WIDTH="391" VPOS="3604" HPOS="712"/>
<SP HEIGHT="47" WIDTH="44" VPOS="3622" HPOS="1104"/>
<String CONTENT="cases" HEIGHT="35" WIDTH="150" VPOS="3621" HPOS="1149"/>
<SP HEIGHT="34" WIDTH="41" VPOS="3622" HPOS="1300"/>
<String CONTENT="argued" HEIGHT="68" WIDTH="215" VPOS="3603" HPOS="1342"/>
<SP HEIGHT="53" WIDTH="40" VPOS="3603" HPOS="1558"/>
<String CONTENT="and" HEIGHT="52" WIDTH="113" VPOS="3604" HPOS="1599"/>
<SP HEIGHT="53" WIDTH="39" VPOS="3603" HPOS="1713"/>
<String CONTENT="determined" HEIGHT="53" WIDTH="353" VPOS="3602" HPOS="1753"/>
<SP HEIGHT="53" WIDTH="40" VPOS="3602" HPOS="2107"/>
<String CONTENT="in" HEIGHT="52" WIDTH="59" VPOS="3602" HPOS="2148"/>
<SP HEIGHT="48" WIDTH="39" VPOS="3606" HPOS="2208"/>
<String CONTENT="the" HEIGHT="53" WIDTH="94" VPOS="3602" HPOS="2248"/>
</TextLine>
<TextLine HEIGHT="68" WIDTH="1947" VPOS="3680" HPOS="395">
<String CONTENT="Court" HEIGHT="55" WIDTH="178" VPOS="3681" HPOS="395"/>
<SP HEIGHT="47" WIDTH="41" VPOS="3686" HPOS="574"/>
<String CONTENT="of" HEIGHT="52" WIDTH="64" VPOS="3682" HPOS="616"/>
<SP HEIGHT="52" WIDTH="39" VPOS="3682" HPOS="681"/>
<String CONTENT="appeals," HEIGHT="66" WIDTH="254" VPOS="3682" HPOS="721"/>
<SP HEIGHT="67" WIDTH="42" VPOS="3681" HPOS="976"/>
<String CONTENT="Supreme" HEIGHT="67" WIDTH="277" VPOS="3681" HPOS="1019"/>
<SP HEIGHT="34" WIDTH="41" VPOS="3700" HPOS="1297"/>
<String CONTENT="and" HEIGHT="53" WIDTH="113" VPOS="3681" HPOS="1339"/>
<SP HEIGHT="53" WIDTH="37" VPOS="3681" HPOS="1453"/>
<String CONTENT="lower" HEIGHT="53" WIDTH="174" VPOS="3681" HPOS="1491"/>
<SP HEIGHT="34" WIDTH="37" VPOS="3699" HPOS="1666"/>
<String CONTENT="courts" HEIGHT="47" WIDTH="190" VPOS="3687" HPOS="1704"/>
<SP HEIGHT="34" WIDTH="40" VPOS="3699" HPOS="1895"/>
<String CONTENT="of" HEIGHT="53" WIDTH="64" VPOS="3680" HPOS="1936"/>
<SP HEIGHT="52" WIDTH="38" VPOS="3680" HPOS="2001"/>
<String CONTENT="record" HEIGHT="53" WIDTH="197" VPOS="3680" HPOS="2040"/>
<SP HEIGHT="52" WIDTH="40" VPOS="3680" HPOS="2238"/>
<String CONTENT="of" HEIGHT="52" WIDTH="63" VPOS="3680" HPOS="2279"/>
</TextLine>
<TextLine HEIGHT="69" WIDTH="1948" VPOS="3757" HPOS="392">
<String CONTENT="New" HEIGHT="52" WIDTH="140" VPOS="3760" HPOS="392"/>
<SP HEIGHT="51" WIDTH="27" VPOS="3761" HPOS="533"/>
<String CONTENT="York" HEIGHT="53" WIDTH="165" VPOS="3759" HPOS="561"/>
<SP HEIGHT="52" WIDTH="26" VPOS="3759" HPOS="727"/>
<String CONTENT="state," HEIGHT="63" WIDTH="163" VPOS="3763" HPOS="754"/>
<SP HEIGHT="46" WIDTH="27" VPOS="3780" HPOS="918"/>
<String CONTENT="with" HEIGHT="53" WIDTH="142" VPOS="3760" HPOS="946"/>
<SP HEIGHT="52" WIDTH="25" VPOS="3759" HPOS="1089"/>
<String CONTENT="key" HEIGHT="67" WIDTH="110" VPOS="3759" HPOS="1115"/>
<SP HEIGHT="49" WIDTH="26" VPOS="3777" HPOS="1226"/>
<String CONTENT="number" HEIGHT="52" WIDTH="239" VPOS="3760" HPOS="1253"/>
<SP HEIGHT="34" WIDTH="27" VPOS="3778" HPOS="1493"/>
<String CONTENT="annotations," HEIGHT="55" WIDTH="381" VPOS="3757" HPOS="1521"/>
<SP HEIGHT="33" WIDTH="64" VPOS="3779" HPOS="1903"/>
<String CONTENT="volume" HEIGHT="52" WIDTH="226" VPOS="3759" HPOS="1968"/>
<SP HEIGHT="49" WIDTH="27" VPOS="3761" HPOS="2195"/>
<String CONTENT="286." HEIGHT="50" WIDTH="117" VPOS="3761" HPOS="2223"/>
</TextLine>
<TextLine HEIGHT="69" WIDTH="1949" VPOS="3836" HPOS="392">
<String CONTENT="April-May," HEIGHT="67" WIDTH="373" VPOS="3838" HPOS="392"/>
<SP HEIGHT="65" WIDTH="50" VPOS="3840" HPOS="766"/>
<String CONTENT="1936." HEIGHT="51" WIDTH="150" VPOS="3840" HPOS="817"/>
<SP HEIGHT="56" WIDTH="78" VPOS="3836" HPOS="968"/>
<String CONTENT="St." HEIGHT="56" WIDTH="82" VPOS="3836" HPOS="1047"/>
<SP HEIGHT="53" WIDTH="49" VPOS="3838" HPOS="1130"/>
<String CONTENT="Paul," HEIGHT="66" WIDTH="168" VPOS="3837" HPOS="1180"/>
<SP HEIGHT="64" WIDTH="47" VPOS="3839" HPOS="1349"/>
<String CONTENT="Minn.," HEIGHT="67" WIDTH="203" VPOS="3838" HPOS="1397"/>
<SP HEIGHT="65" WIDTH="44" VPOS="3840" HPOS="1601"/>
<String CONTENT="West" HEIGHT="52" WIDTH="159" VPOS="3840" HPOS="1646"/>
<SP HEIGHT="61" WIDTH="50" VPOS="3843" HPOS="1806"/>
<String CONTENT="publishing" HEIGHT="67" WIDTH="338" VPOS="3837" HPOS="1857"/>
<SP HEIGHT="49" WIDTH="48" VPOS="3855" HPOS="2196"/>
<String LANG="ru" CONTENT="co.," HEIGHT="47" WIDTH="96" VPOS="3855" HPOS="2245"/>
</TextLine>
<TextLine HEIGHT="49" WIDTH="574" VPOS="3987" HPOS="393" CS="1">
<String CONTENT="xxiii," HEIGHT="49" WIDTH="138" VPOS="3987" HPOS="393"/>
<SP HEIGHT="47" WIDTH="30" VPOS="3989" HPOS="532"/>
<String CONTENT="1023," HEIGHT="49" WIDTH="129" VPOS="3987" HPOS="563"/>
<SP HEIGHT="48" WIDTH="30" VPOS="3988" HPOS="693"/>
<String CONTENT="67" HEIGHT="41" WIDTH="56" VPOS="3988" HPOS="724"/>
<SP HEIGHT="47" WIDTH="27" VPOS="3989" HPOS="781"/>
<String CONTENT="p." HEIGHT="38" WIDTH="44" VPOS="3998" HPOS="809"/>
<SP HEIGHT="41" WIDTH="56" VPOS="3988" HPOS="854"/>
<String CS="1" CONTENT="23&#189;cm." HEIGHT="41" WIDTH="56" VPOS="3988" HPOS="911"/>
</TextLine>
<TextLine HEIGHT="54" WIDTH="2015" VPOS="4040" HPOS="326">
<String CONTENT="&#169;" HEIGHT="53" WIDTH="54" VPOS="4041" HPOS="326"/>
<SP HEIGHT="53" WIDTH="33" VPOS="4041" HPOS="381"/>
<String CONTENT="Aug." HEIGHT="46" WIDTH="121" VPOS="4046" HPOS="415"/>
<SP HEIGHT="41" WIDTH="33" VPOS="4045" HPOS="537"/>
<String CONTENT="21," HEIGHT="49" WIDTH="71" VPOS="4045" HPOS="571"/>
<SP HEIGHT="48" WIDTH="37" VPOS="4046" HPOS="643"/>
<String CONTENT="1936;" HEIGHT="49" WIDTH="142" VPOS="4044" HPOS="681"/>
<SP HEIGHT="48" WIDTH="33" VPOS="4045" HPOS="824"/>
<String CONTENT="2c." HEIGHT="42" WIDTH="69" VPOS="4045" HPOS="858"/>
<SP HEIGHT="41" WIDTH="39" VPOS="4046" HPOS="928"/>
<String CONTENT="Sept." HEIGHT="47" WIDTH="128" VPOS="4046" HPOS="968"/>
<SP HEIGHT="41" WIDTH="35" VPOS="4046" HPOS="1097"/>
<String CONTENT="19;" HEIGHT="49" WIDTH="83" VPOS="4044" HPOS="1133"/>
<SP HEIGHT="38" WIDTH="38" VPOS="4055" HPOS="1217"/>
<String CONTENT="aff." HEIGHT="42" WIDTH="82" VPOS="4045" HPOS="1256"/>
<SP HEIGHT="42" WIDTH="38" VPOS="4045" HPOS="1339"/>
<String CONTENT="Sept." HEIGHT="48" WIDTH="129" VPOS="4045" HPOS="1378"/>
<SP HEIGHT="46" WIDTH="35" VPOS="4040" HPOS="1508"/>
<String CONTENT="17;" HEIGHT="52" WIDTH="83" VPOS="4040" HPOS="1544"/>
<SP HEIGHT="47" WIDTH="37" VPOS="4045" HPOS="1628"/>
<!-- cceid A3D3B739-6E3A-1014-83DD-942C093A1DD9 --><String CONTENT="A" HEIGHT="39" WIDTH="41" VPOS="4045" HPOS="1666"/>
<SP HEIGHT="40" WIDTH="32" VPOS="4044" HPOS="1708"/>
<String CONTENT="98534;" HEIGHT="47" WIDTH="172" VPOS="4044" HPOS="1741"/>
<SP HEIGHT="46" WIDTH="39" VPOS="4045" HPOS="1914"/>
<String CONTENT="West" HEIGHT="40" WIDTH="137" VPOS="4045" HPOS="1954"/>
<SP HEIGHT="47" WIDTH="32" VPOS="4045" HPOS="2092"/>
<String CONTENT="pub." HEIGHT="49" WIDTH="110" VPOS="4043" HPOS="2125"/>
<SP HEIGHT="30" WIDTH="37" VPOS="4053" HPOS="2236"/>
<String LANG="ru" CONTENT="co." HEIGHT="31" WIDTH="67" VPOS="4053" HPOS="2274"/>
</TextLine>
</TextBlock>
</PrintSpace>
</Page>
</Layout>
</alto>