2519 4377
1295 4155 133 50 1112

370 459 219 64 Upton,
614 457 262 57 Richard
903 461 265 56 Francis.

443 548 460 72 Revolutionary
946 551 142 55 New
1131 552 385 71 Hampshire;
1565 575 73 34 an
1686 564 240 48 account
1969 558 66 54 of
2078 561 98 53 the
2218 561 173 58 social

374 628 115 53 and
515 628 262 70 political
806 630 186 55 forces
1017 630 352 72 underlying
1394 633 97 56 the
1516 635 313 54 transition
1853 636 155 56 from
2032 641 164 67 royal
371 655 1997 113 province
532 713 59 48 to
628 707 310 55 American
979 711 491 70 commonwealth,
1505 714 77 68 by
1619 714 257 55 Richard
1911 717 243 55 Francis
2189 720 202 69 Upton

434 786 1621 78 … Hanover, Dartmouth college publications, 1936.
442 871 33 30 x
501 872 57 38 p.,
585 861 26 41 3
637 862 46 45 1.,
710 861 87 41 276
823 872 43 38 p.
894 862 111 41 incl.
1030 862 137 42 front.
1218 864 242 52 (facsim.)
1495 866 129 41 illus.
1663 867 268 51 (facsims.)
2000 870 56 39 22½
2089 873 15 21 cm
2139 905 9 8 .

443 918 141 48 Maps
613 928 61 31 on
702 918 366 52 lining-papers.

445 975 296 42 “Published
770 978 155 40 under
953 978 82 41 the
1065 979 276 49 provisions
1369 981 54 40 of
1454 981 82 41 the
1568 982 251 49 Guernsey
1850 983 178 43 Center
2058 987 163 41 Moore
371 985 2000 94 foundation.”

442 1089 382 51 Bibliography:
856 1102 45 38 p.
948 1090 239 52 [251]-265.

370 1156 53 53 ©
449 1161 128 40 June
602 1161 70 47 11,
701 1160 143 48 1936;
872 1161 68 41 2c.
969 1163 117 47 July
1112 1163 83 48 31;
1226 1164 82 40 aff.
1337 1165 120 47 Aug.
1485 1166 83 45 17;
1595 1167 40 39 A
1663 1167 172 48 97389;
1866 1169 299 42 Dartmouth
2192 1173 196 51 college,

441 1218 248 48 Hanover,
712 1219 56 41 N.
793 1220 60 39 H.
926 1218 283 50 (36-18030)

365 1322 203 63 Webb,
595 1322 289 57 Barbara.

501 1412 1886 81 … Whippoorwill’s cry. Garden City, N. Y., Doubleday,
366 1492 199 53 Doran
592 1494 47 53 &
666 1511 302 51 company,
993 1493 129 69 inc.,
1153 1497 151 52 1936.

436 1564 618 54 5 p. l., 3-271 p. 19½ cm .
438 1624 163 42 “First
637 1624 231 43 edition.”

368 1691 53 53 ©
447 1696 121 48 Aug.
597 1697 38 47 7,
664 1695 143 49 1936;
836 1697 68 40 2c.
934 1696 96 41 and
1060 1697 82 42 aff.
1168 1698 120 48 Aug.
1318 1699 82 46 19;
1433 1698 39 41 A
1501 1698 172 48 97438;
1706 1700 302 51 Doubleday,
2040 1704 166 39 Doran
2237 1704 35 40 &
2302 1712 84 41 co.,

436 1752 93 41 inc.
601 1752 283 50 (36-18156)

364 1859 394 67 Wentworth,
785 1859 283 67 Patricia,
1094 1862 196 66 pseud.

437 1951 153 54 Hole
631 1952 115 53 and
789 1971 200 36 corner
1052 1952 79 71 [by]
1196 1952 259 56 Patricia
1497 1956 381 54 Wentworth.
1955 1956 431 71 Philadelphia,

364 2029 261 70 London,
653 2030 56 55 J.
739 2032 67 52 B.
834 2031 342 71 Lippincott
1204 2050 283 52 company
1519 2067 12 34 [
1535 2040 20 21 c
1560 2036 135 51 1936]

433 2104 88 42 320
551 2116 45 38 p.
658 2104 147 42 19½cm.

366 2172 54 53 ©
443 2177 119 47 Aug.
590 2175 39 49 5,
655 2176 119 41 1936;
826 2177 65 40 2c.
919 2176 96 40 and
1040 2176 82 41 aff.
1148 2177 120 47 Aug.
1295 2176 81 48 19;
1402 2178 40 39 A
1467 2176 172 46 97440;
1668 2179 44 40 J.
1738 2179 55 41 B.
1819 2178 282 50 Lippincott
2124 2189 68 32 co.

447 2233 284 50 (36-18154)

362 2339 218 63 White,
609 2339 179 54 Ethel
813 2339 168 57 Lina.

434 2431 124 54 The
587 2430 180 56 wheel
796 2430 189 70 spins;
1021 2450 32 36 a
1082 2433 167 52 novel
1279 2432 75 68 by
1385 2431 175 55 Ethel
1590 2431 149 53 Lina
1768 2432 213 56 White.
2048 2434 138 53 New
2222 2433 160 55 York

364 2510 112 52 and
505 2510 262 68 London,
796 2510 234 69 Harper
1057 2513 47 51 &
1131 2510 278 68 brothers,
1440 2513 153 51 1936.

433 2585 49 40 vi
509 2595 59 39 p.,
596 2585 26 40 1
672 2615 23 14 l.,
724 2583 87 42 286
837 2595 44 38 p.
943 2584 56 40 19½
1032 2586 45 24 cm
1080 2619 10 10 .

435 2641 163 42 “First
633 2641 231 42 edition.”

366 2708 52 54 ©
445 2713 121 48 Aug.
595 2712 69 48 17,
695 2712 142 48 1936;
867 2711 67 41 2c.
966 2713 120 49 Aug.
1113 2713 83 45 17;
1229 2712 83 41 aff.
1342 2712 121 48 Aug.
1495 2712 81 47 19;
1608 2713 42 39 A
1678 2711 174 49 96996;
1886 2713 51 40 E.
1972 2713 52 41 L.
2054 2713 178 49 White,
433 2710 1930 105 London.
612 2768 285 50 (36-18145)

359 2874 219 65 White,
605 2873 224 56 Robert
857 2873 230 58 Hiram.

434 2953 339 64 Tennessee;
819 2950 75 54 its
935 2951 228 69 growth
1206 2951 114 52 and
1364 2966 282 54 progress,
1689 2950 76 68 by
1806 2950 218 53 Robert
2065 2949 77 55 H.
2184 2949 195 55 White

426 3025 1265 71 … Nashville, Tenn., R. H. White, 1936.
433 3099 63 49 ix,
525 3099 86 41 709
637 3111 44 37 p.
743 3100 87 40 col.
858 3100 164 47 front.,
1050 3100 129 41 illus.
1219 3100 134 48 (incl.
1383 3098 175 52 ports.)
1597 3100 86 41 col.
1712 3100 171 49 plates,
1910 3109 140 38 maps
2089 3100 49 48 (1
2167 3097 199 50 double)

362 3157 179 47 diagrs.
606 3156 56 41 21½
696 3159 45 21 cm
745 3189 9 8 .

432 3213 264 42 Facsimile
727 3224 62 29 on
820 3223 143 31 verso
993 3212 54 43 of
1076 3213 334 48 frontispiece.

434 3269 242 43 “Written
706 3271 80 40 for
819 3268 461 44 children.”—Pref.

434 3327 249 43 “Selected
716 3325 303 42 references”
1052 3329 53 39 at
1135 3328 93 40 end
1259 3327 53 40 of
1341 3328 119 40 each
1492 3327 216 48 chapter.

363 3396 54 54 ©
440 3402 120 47 Aug.
587 3401 38 48 6,
654 3401 142 46 1936;
824 3401 67 41 2c.
918 3402 119 46 Aug.
1065 3401 82 48 19;
1176 3399 83 43 aff.
1286 3401 121 47 Aug.
1433 3399 83 49 20;
1542 3400 41 40 A
1608 3398 173 49 97431;
1811 3400 56 40 R.
1894 3399 61 42 H.
1983 3399 177 42 White.

443 3458 283 48 (36-18194)

362 3563 312 67 Whitlock,
699 3564 260 53 Herbert
985 3564 207 64 Percy,
1219 3568 174 50 1868-

432 3641 123 53 The
585 3645 159 63 story
773 3640 67 54 of
870 3641 96 54 the
997 3658 186 51 gems;
1217 3659 34 33 a
1282 3639 250 70 popular
1560 3638 326 68 handbook,
1916 3638 78 68 by
2024 3637 253 54 Herbert
2308 3637 64 54 P.

361 3715 1411 64 Whitlock … New York, L. Furman, 1936.
430 3783 1565 57 6 p. l., 3-206 p. col. double front., illus., plates. 23 cm .
429 3846 189 40 Double
660 3844 317 50 frontispiece
1021 3845 343 49 accompanied
1406 3846 62 48 by
1510 3846 155 48 guard
1709 3845 162 41 sheets
1912 3845 122 40 with
2077 3843 294 50 descriptive

358 3901 298 50 letterpress.

431 3960 134 40 “List
593 3958 52 42 of
673 3959 148 40 books
849 3970 59 29 on
937 3958 189 50 gems”:
1155 3969 44 39 p.
1229 3958 218 44 189-194.

362 4030 53 53 ©
441 4035 119 42 Aug.
587 4033 40 45 5,
654 4034 142 46 1936;
822 4034 67 40 2c.
917 4032 95 41 and
1038 4032 83 41 aff.
1150 4033 120 47 Aug.
1298 4033 53 47 6;
1380 4032 42 40 A
1446 4030 173 49 96795;
1651 4032 95 40 Lee
1771 4032 233 47 Furman,
2030 4030 92 42 inc.

441 4089 285 50 (36-18181)
