2519 4377
1013 4122 132 55 1737

95 467 223 67 Alanic,
347 468 303 65 Mathilde,
682 473 169 51 1864-

222 556 1418 69 … Féli, roman. [Paris] E. Flammarion [1936]
162 627 488 50 284 p., 1 l. 18½cm.
93 695 1893 54 © Oct. 15, 1936; 1c. Oct. 31; A-Foreign 33299; Ernest Flammarion.
173 755 280 50 (36-35597)

92 860 185 64 Allen,
303 861 253 54 William
584 863 146 63 Ray,
762 867 170 50 1885-

160 952 55 51 A
262 957 201 48 nature
511 951 369 67 sketchbook;
933 958 212 62 twenty
1193 952 149 53 talks
1389 973 71 35 on
1509 954 94 52 the
1651 953 283 68 everyday
1984 953 104 55 life

92 1030 384 66 roundabout;
521 1031 324 53 illustrated
892 1031 138 53 with
1072 1031 395 67 photographs
1508 1031 153 53 from
1701 1033 96 51 the
1837 1032 252 52 author’s

91 1108 1997 68 camera, by William Ray Allen … Lexington, Ky., Dept. of
91 1184 314 68 university
443 1186 308 56 extension.
788 1187 334 66 University
1161 1187 62 52 of
1263 1186 323 67 Kentucky,
1626 1189 148 50 1936.

161 1256 761 50 209 p. incl. front., illus. 23½cm.
163 1313 129 41 “The
327 1314 197 41 articles
559 1313 293 50 comprising
889 1315 98 39 this
1024 1315 192 40 volume
1250 1325 128 30 were
1413 1314 245 40 delivered
1694 1314 60 47 by
1792 1315 81 40 the
1910 1316 180 38 author

91 1382 54 27 as
179 1371 135 40 radio
348 1371 255 40 addresses
638 1372 215 45 through
882 1371 83 41 the
995 1371 265 40 Extension
1297 1371 188 40 studios
1519 1371 53 38 of
1604 1371 81 40 the
1722 1371 283 49 University
2040 1372 51 39 of

94 1428 254 46 Kentucky
372 1428 92 39 and
494 1429 80 38 the
599 1427 234 41 facilities
858 1428 51 39 of
933 1429 203 41 WHAS.
1162 1427 299 49 radiophone
1486 1428 50 39 of
1562 1427 82 41 the
1669 1428 417 46 Courier-journal

93 1485 91 39 and
216 1485 264 40 Louisville
510 1483 521 43 times.”—Foreword.

161 1541 374 50 Bibliography:
568 1552 42 37 p.
634 1541 215 40 187-191.

91 1607 53 55 ©
177 1612 115 48 July
320 1613 39 45 1,
391 1610 140 49 1936;
565 1612 67 41 2c.
667 1612 102 41 Oct.
801 1610 47 41 31;
918 1612 81 41 aff.
1034 1610 100 42 Oct.
1168 1612 81 46 15;
1284 1613 39 38 A
1355 1609 171 49 99699;
1566 1610 279 48 University
1880 1612 51 37 of
162 1610 1909 107 Kentucky,
347 1668 283 49 Lexington,
655 1670 92 46 Ky.
810 1668 280 50 (36-28240)

89 1770 310 65 Alshouse,
427 1772 262 52 Herman
716 1770 214 61 Smith,
960 1772 171 55 1879-

162 1845 1862 70 Builders of the Keystone state, by Herman S. Alshouse …
90 1924 377 55 illustrations
506 1926 74 66 by
621 1925 190 53 Alden
850 1926 239 51 Turner.
1171 1922 396 71 [Harrisburg,
1605 1922 120 69 Pa.,
1763 1924 122 53 The
87 1923 1973 147 Telegraph
311 2020 175 51 press,
517 2010 21 21 c
543 2005 133 50 1936
682 2035 12 34 ]

156 2073 85 40 187
276 2083 44 39 p.
380 2072 129 42 illus.
568 2072 58 42 20½
655 2075 47 22 cm
706 2105 9 9 .

160 2130 138 48 Maps
335 2140 61 30 on
428 2130 364 48 lining-papers.

89 2199 53 53 ©
168 2203 117 40 Nov.
314 2202 69 48 12,
410 2202 141 47 1936;
581 2202 66 40 2c.
677 2204 116 39 Nov.
823 2202 80 41 19:
935 2203 82 40 aff.
1045 2203 117 40 Nov.
1192 2202 82 47 17;
1306 2203 39 39 A
1374 2201 171 49 99914;
1577 2200 365 50 Pennsylvania
1962 2202 126 40 hook

159 2260 196 49 service,
385 2261 316 48 Harrisburg,
729 2262 82 39 Pa.
877 2259 280 51 (36-33687)

87 2365 329 62 Anderson,
444 2366 60 53 C.
532 2366 66 51 R.

156 2442 223 53 Helena
407 2441 401 68 earthquakes;
846 2461 29 33 a
907 2446 157 62 story
1095 2441 63 53 of
1188 2442 95 52 the
1316 2441 373 68 earthquakes
1720 2442 129 53 that
1879 2440 202 53 rocked

90 2520 237 66 Helena,
365 2520 295 66 Montana,
702 2520 111 52 and
852 2517 258 70 vicinity,
1150 2520 59 52 in
1249 2519 96 53 the
1382 2519 110 53 fall
1531 2519 64 54 of
1636 2523 151 63 1935,
1827 2519 258 68 together

90 2596 1993 147 with the attempts of science to explain it all, and a short history of the city. By C. R. Anderson … and M. P. Martinson
237 2753 257 67 [Helena,
536 2753 201 67 Mont,,
782 2753 240 54 Printed
1066 2753 76 67 by
1184 2752 398 69 Independent
1624 2751 337 71 publishing
2005 2771 77 36 co.

87 2831 62 53 of
176 2831 239 67 Helena]
447 2837 18 22 c
471 2835 149 50 1936.

158 2904 86 41 129
271 2916 42 37 p.
370 2905 143 47 illus.,
544 2904 154 49 diagr.
757 2905 56 39 24
816 2906 44 22 cm
865 2935 9 10 .
991 2903 130 49 $1.50

89 2969 53 53 ©
166 2974 120 39 Mar.
312 2973 68 49 11,
405 2972 140 43 1936;
570 2972 66 41 2c.
665 2975 120 38 Mar.
811 2972 82 47 30;
921 2973 82 40 aff.
1030 2974 122 40 Mar.
1177 2972 82 48 27;
1288 2974 40 38 A
1352 2971 171 49 97534;
1552 2972 50 42 C.
1629 2973 55 40 R.
1710 2972 251 40 Anderson
1991 2973 94 40 and

159 3032 62 39 M.
247 3031 48 39 P.
322 3030 286 49 Martinson,
635 3030 202 47 Helena,
865 3032 147 38 Mont.
1075 3028 281 51 (36-33440)

89 3133 298 65 Armfield,
416 3135 240 63 Eugene
684 3134 337 54 Morehead.

156 3209 205 53 Where
396 3210 95 52 the
527 3208 158 53 weak
718 3227 158 51 grow
912 3214 199 64 strong
1249 3241 12 35 [by]
1304 3209 234 69 Eugene
1573 3208 298 54 Armfield.
1943 3208 139 54 New

88 3286 177 69 York,
296 3286 431 55 Covici-Friede
946 3319 13 35 [c1936]

154 3357 85 43 395
269 3370 42 37 p.
372 3360 53 39 21
430 3362 44 21 cm
479 3392 8 8 .

89 3425 52 53 ©
168 3430 116 40 Nov.
313 3429 69 48 25,
411 3429 141 47 1936;
583 3429 67 41 2c.
680 3430 116 40 Nov.
828 3429 81 47 28;
942 3430 81 40 aff.
1052 3430 117 39 Nov.
1201 3429 81 48 27;
1316 3431 39 39 A
1381 3429 200 48 100722;
1614 3431 196 45 Eugene
1839 3431 246 47 Armfield,

158 3487 115 40 New
298 3486 144 40 York.
506 3485 281 48 (36-33712)

93 3587 577 68 lAubrey-Fletcher,
697 3590 206 64 Henry
927 3589 298 67 Lancelot]
1259 3593 170 53 1887-

155 3664 162 69 Bury
340 3664 120 53 him
486 3665 236 69 darkly;
751 3684 31 34 a
808 3665 276 53 detective
1109 3670 157 65 story
1293 3665 76 70 by
1396 3665 206 71 Henry
1626 3666 184 54 Wade
2063 3698 13 34 [pseud.]

91 3740 132 54 with
261 3761 33 34 a
330 3743 136 67 plan
505 3742 63 53 of
606 3743 94 52 the
738 3743 166 53 Bond
944 3748 169 48 street
1151 3743 142 68 shop
1333 3743 112 54 and
1484 3761 31 35 a
1556 3743 250 68 pull-out
1848 3762 131 49 map
2017 3743 62 53 of

143 3820 128 52 North
300 3820 254 53 London.
621 3820 259 67 London,
909 3819 305 56 Constable
1241 3820 45 50 &
1316 3837 98 51 co.,
1443 3819 222 55 limited
1860 3853 11 34 [1936]

155 3891 1461 52 4 p. l., 326, [1] p. 2 plans (1 fold.; incl. front.) 19cm.
90 3956 1992 58 © 1c. Dec. 1. 1936; A ad int. 22097; pubd. Oct. 3; H. L. Aubrey-Fletchcr,
160 4019 282 47 Aylesbury.
471 4021 172 46 Bucks,
675 4020 234 44 England.
977 4018 279 50 (36-34855)
