2519 4377
1020 4061 63 52 73

51 428 260 63 Aubrey,
338 426 206 54 Edwin
572 427 223 51 Ewart.

119 495 1869 75 Present theological tendencies, by Edwin Ewart Aubrey …
53 583 137 52 New
222 581 163 54 York
417 580 112 52 and
560 579 259 66 London,
850 578 233 67 Harper
1114 579 46 50 &
1189 576 278 66 brothers,
1502 578 150 49 1936.

158 702 9 16 x,
196 669 87 40 245
311 680 43 37 p.
412 666 56 41 20
470 669 45 20 cm
519 698 9 9 .

121 739 161 40 “First
312 736 226 42 edition.”

49 806 51 53 ©
127 810 109 39 Jan.
264 809 68 46 23,
361 808 113 40 1936;
529 807 67 40 2c.
622 807 110 39 Jan.
759 805 82 47 21;
873 804 81 40 aff.
984 805 109 39 Jan.
1121 804 82 46 25;
1233 803 42 39 A
1299 802 172 47 90473;
1503 803 192 47 Harper
1725 802 35 40 &
1787 802 125 39 bros.

126 865 249 50 (36-3817)

50 969 236 65 Balduf,
314 969 225 55 Walter
566 965 332 66 Valentine,
930 971 170 50 1889-

120 1047 122 53 The
263 1043 308 56 bionomics
597 1044 63 53 of
685 1041 485 69 entomophagous
1195 1041 337 66 Coleoptern
1536 1081 12 27 ,
1571 1039 75 69 by
1667 1039 220 54 Walter
51 1038 1973 140 Valentine

269 1116 1781 72 Balduf … St. Louis, Chicago [etc.] John S. Swift co.,
53 1204 122 67 inc.,
203 1210 16 21 c
225 1205 152 50 1935.

120 1283 867 56 2 p. l., 220 p. illus. 28 × 21 ½cm .
123 1356 441 51 “Planographed.”

124 1417 306 41 “Literature
457 1414 156 42 cited”;
670 1425 45 38 p.
744 1413 216 41 168-185.

48 1486 52 53 ©
128 1491 110 39 Dec.
266 1490 68 46 31,
363 1488 112 41 1935;
532 1488 67 40 2c.
629 1488 110 39 Jan.
766 1487 70 47 20,
864 1484 141 48 1936;
1036 1485 81 39 aff.
1148 1486 110 38 Jan.
1288 1485 81 45 17;
1400 1484 40 39 A
1468 1483 143 41 91393;
1668 1484 70 39 W.
1768 1484 53 39 V.
1852 1482 199 49 Balduf,

119 1548 210 46 Urbana,
366 1547 73 38 Ill.
513 1544 251 49 (30-3652)

51 1650 247 62 Barlow,
326 1650 241 54 Walter.

120 1726 163 55 With
317 1725 198 55 Christ
545 1731 59 48 to
636 1724 100 52 the
766 1741 178 48 cross;
981 1723 98 51 the
1110 1726 157 63 story
1302 1720 63 53 of
1399 1720 240 53 Passion
1676 1720 152 52 week
1861 1720 61 52 in
1955 1719 99 52 the

53 1805 106 53 life
195 1804 64 54 of
295 1804 124 55 Our
454 1804 174 67 Lord,
666 1803 76 68 by
778 1802 221 54 Walter
1038 1801 247 52 Barlow.
1361 1799 192 68 Ames,
1590 1799 104 68 la.,
1736 1797 318 71 Collegiate

52 1902 173 50 press,
251 1884 126 67 inc.,
406 1886 150 49 1936.

120 1960 589 53 4 p. l., 3-57 p. 19½ cm .
49 2031 53 54 ©
133 2036 107 39 Jan.
271 2034 69 48 17,
373 2032 141 47 1936;
549 2032 68 41 2c.
650 2033 96 39 and
780 2031 80 41 aff.
896 2032 109 39 Jan.
1038 2030 53 40 21;
1156 2031 40 38 A
1229 2030 171 47 90411;
1436 2031 72 39 W.
1542 2030 209 47 Barlow,
1786 2030 157 46 Ames,
2009 2039 42 32 Ia.

130 2090 249 50 (36-3814)

51 2196 243 63 Barton,
319 2194 201 56 Blake.

118 2269 300 54 Merchant
446 2270 371 52 adventurers;
878 2267 95 53 the
1003 2273 156 64 story
1192 2266 64 55 of
1286 2285 91 35 sea
1409 2284 325 51 commerce,
1758 2266 78 69 by
1866 2266 183 53 Blake

50 2344 1973 150 Barton; illustrated by Fred A. Mayer … New York, T. Nelson and sons, 1936.
121 2499 61 49 vi,
210 2500 116 41 7-68
353 2509 44 38 p.
427 2499 110 43 incl.
565 2498 164 48 front.,
760 2498 128 41 illus.
948 2497 56 40 19½
1036 2499 45 21 cm
1084 2528 9 8 .
1164 2495 126 50 (Our
1317 2496 241 49 changing
1584 2496 177 50 world)

125 2569 139 49 Maps
290 2580 60 29 on
376 2568 361 48 lining-papers.

51 2637 51 53 ©
135 2642 110 40 Feb.
278 2642 41 47 3,
353 2642 140 47 1936;
529 2642 67 40 2c.
631 2643 95 38 and
760 2641 82 40 aff.
879 2642 110 39 Feb.
1023 2642 54 46 4;
1113 2642 41 38 A
1187 2641 171 47 90670;
1395 2642 211 40 Thomas
1639 2643 179 40 Nelson
1853 2643 36 39 &
1925 2653 127 30 sons.

128 2698 249 49 (36-3998)

54 2800 197 66 Bazin,
282 2802 178 65 René,
493 2805 325 50 1853-1932.

181 2876 1869 71 … Stéphanette; abridged and edited, with introduction,
51 2956 1937 70 notes, exercises and vocabulary, by Florentine B. Jassogne …
54 3033 1993 71 and Mildred Severance … illustrations by Dorothy H. Rich.
53 3108 1288 73 New York, H. Holt and company [ c 1936]
122 3184 1059 51 xi, 186, xlv p. incl. front., illus. 17 ½cm .
54 3251 50 52 ©
129 3256 108 40 Jan.
264 3256 39 49 9,
330 3257 116 40 1936;
499 3256 67 41 2c.
593 3258 96 39 and
716 3257 81 40 aff.
824 3258 110 40 Feb.
960 3259 27 37 4;
1042 3258 40 39 A
1109 3257 147 41 90610;
1309 3259 168 48 Henry
1505 3260 122 40 Holt
1651 3260 36 39 &
1714 3270 81 30 co.,
1824 3261 91 39 inc.

130 3313 249 49 (36-3677)

57 3413 272 67 Bennett,
357 3416 208 53 Daniel
591 3416 209 66 Miller,
830 3421 170 49 1864-
1214 3436 177 49 comp.

125 3493 132 54 Life
282 3494 112 53 and
419 3494 157 54 work
601 3495 63 53 of
690 3497 135 52 Rev.
853 3496 155 55 John
1032 3495 324 68 McMillan,
1416 3538 10 12 D.
1490 3540 30 24 D.,
1544 3497 247 68 pioneer,
59 3499 1966 137 preacher,

155 3572 284 67 educator,
462 3573 235 67 patriot,
722 3574 62 52 of
809 3580 236 47 western
1070 3575 440 66 Pennsylvania.
1573 3577 305 66 Collected,
60 3596 1966 117 compiled

244 3651 110 51 and
388 3650 302 66 published
725 3652 74 54 by
831 3653 207 52 Daniel
1073 3654 78 51 M.
1189 3655 261 51 Bennett.
1523 3653 371 67 Bridgeville,
1930 3657 120 64 Pa.,

62 3729 145 51 1935.

123 3799 95 47 xvi,
247 3799 97 41 525.
377 3800 54 49 [3]
462 3812 41 36 p.
532 3800 111 40 incl.
671 3801 164 45 front.,
865 3801 141 47 illus.,
1037 3804 163 46 ports.,
1230 3812 123 37 map,
1383 3803 190 40 facsim.
1630 3803 56 39 24
1689 3805 43 21 cm
1737 3834 7 7 .

123 3869 157 40 Blank
312 3880 147 38 pages
488 3871 78 39 for
602 3870 423 40 “Memorandum”
1055 3872 82 49 ([3]
1172 3874 53 39 at
1257 3873 116 48 end)

59 3931 50 53 ©
141 3939 110 40 Dec.
288 3940 68 41 31,
394 3939 140 48 1935;
573 3942 67 39 2c.
680 3942 96 39 and
811 3942 82 38 aff.
932 3942 109 40 Jan.
1079 3943 40 41 2,
1158 3941 140 48 1936;
1339 3944 42 37 A
1416 3943 143 41 90123;
1628 3945 56 39 D.
1724 3946 62 38 M.
1827 3946 223 45 Bennett,

126 3995 305 50 Bridgeville,
470 3999 82 39 Pa.
630 3997 250 49 (36-3981)
