2519 4377
1349 4191 101 50 320

387 497 711 66 Haslund-Christensen,
1126 498 298 67 Henning,
1456 506 172 50 1896-

520 573 1317 71 … Zajagan. København, Gyldendal, 1935.
458 649 100 48 241,
589 650 53 49 [2]
670 660 43 37 p.
767 649 138 40 front.
948 649 174 49 (port.)
1158 650 129 40 illus.
1317 649 134 48 (incl.
1477 651 180 48 music)
1690 652 158 47 plates
1876 650 50 48 (1
1951 651 146 48 fold.)
2133 652 119 39 fold.
2280 662 124 38 map.

386 706 59 41 26
446 709 44 20 cm
494 740 9 8 .

384 771 2008 114 © Sept. 25, 1935; 1c. Jan. 8, 1936; A-Foreign 30161; Gyldendalske boghandel, Nordisk forlag. (36-7870)
389 938 297 66 Hauman,
714 940 248 66 George.

462 1014 267 70 Buttons,
761 1016 87 53 six
877 1035 113 50 gay
1021 1016 203 53 stories
1255 1017 139 52 with
1428 1016 269 69 pictures,
1729 1018 71 67 by
1836 1017 223 68 George
2091 1017 113 53 and
2235 1017 174 54 Doris

390 1092 288 55 Hauman.
755 1094 140 53 New
931 1094 182 67 York,
1147 1095 121 52 The
1304 1095 336 53 Macmillan
1675 1113 300 50 company,
2013 1098 150 51 1936.

462 1164 55 41 64
544 1175 44 38 p.
618 1165 111 41 incl.
758 1167 87 39 col.
874 1166 166 49 front.,
1070 1166 87 41 col.
1187 1166 129 40 illus.
1377 1167 146 42 21½cm.

459 1223 292 40 Illustrated
786 1223 367 48 lining-papers.

385 1292 53 53 ©
475 1298 122 39 Mar.
634 1298 71 47 31,
742 1297 141 47 1936;
922 1298 68 40 2c.
1028 1298 98 40 and
1161 1297 83 42 aff.
1280 1298 115 48 Apr.
1430 1299 56 46 1;
1526 1299 41 38 A
1603 1297 172 49 92662;
1816 1299 285 40 Macmillan
2137 1310 67 30 co.

468 1354 254 49 (36-7829)

388 1459 242 54 Illinois.
706 1462 186 65 Laws,
917 1466 259 61 statutes,
1203 1467 100 47 etc.

462 1538 394 54 Smith-Hurd
912 1537 230 55 Illinois
1201 1539 309 52 annotated
1567 1543 256 49 statutes.
1918 1541 349 52 Permanent
2321 1540 83 54 ed.

389 1619 284 66 January,
714 1621 151 64 1936,
903 1618 347 53 cumulative
1289 1618 314 68 pamphlet.
1679 1620 167 51 Laws
1886 1618 63 54 of
1989 1619 134 52 59th
2161 1619 246 54 General

391 1697 298 67 assembly,
721 1694 126 57 first
879 1696 211 68 special
1124 1695 228 68 session,
1385 1696 246 55 October
1664 1700 84 63 28,
1785 1700 152 64 1935,
1968 1703 60 47 to
2061 1699 266 66 January
2360 1702 48 64 8,

389 1774 1994 225 1936, with annotations, cumulative table and index … Chicago, Ill., B. Smith company; St. Paul, Minn., West publishing co. [ c 1936]
457 2004 441 50 1 p. l., 89 p. 23½cm.
386 2073 53 53 ©
468 2078 110 39 Jan.
609 2077 69 46 14,
707 2076 142 43 1936;
882 2076 67 40 2c.
980 2077 97 39 and
1106 2075 83 41 aff.
1221 2076 110 40 Feb.
1362 2076 81 42 17;
1477 2076 40 39 A
1547 2075 143 41 90832;
1752 2077 243 39 Burdette
2026 2076 158 42 Smith
2214 2088 68 29 co.
2313 2078 97 39 and

461 2135 135 40 West
622 2135 111 48 pub.
762 2145 66 29 co.

390 2238 225 64 Kelley,
641 2238 264 53 Truman
933 2237 136 64 Lee,
1098 2242 171 50 1884—

459 2316 290 55 Essential
780 2316 171 54 traits
982 2315 67 55 of
1080 2316 214 53 mental
1331 2315 134 67 life;
1502 2316 96 54 the
1635 2333 275 50 purposes
1947 2316 113 54 and
2099 2316 311 68 principles

389 2393 349 71 underlying
790 2395 98 54 the
940 2394 271 55 selection
1267 2394 113 53 and
1436 2401 414 47 measurement
1904 2394 63 53 of
2024 2395 388 68 independent

388 2473 2018 149 mental factors, together with computational tables, by Truman L. Kelley … Cambridge, Harvard university press, 1935.
457 2624 1953 53 4 p. l., 145 p. fold. plates, diagrs. 22 cm . (Half-title: Harvard studies
390 2683 637 49 in education … v. 26)
460 2740 476 50 “Bibliographies”:
972 2751 44 38 p.
1055 2740 248 51 [137]-143.

386 2809 52 53 ©
466 2814 119 40 Nov.
613 2813 71 47 21,
714 2812 114 41 1935;
886 2812 67 40 2c.
985 2813 122 39 Mar.
1136 2812 40 47 7,
1207 2810 142 48 1936;
1381 2810 83 41 aff.
1496 2810 111 40 Feb.
1636 2810 83 47 18;
1751 2810 41 39 A
1822 2809 172 48 92155;
2027 2808 257 42 President
2314 2810 97 40 and

457 2871 190 41 fellows
677 2871 51 40 of
758 2870 231 41 Harvard
1019 2869 194 48 college,
1245 2867 302 49 Cambridge,
1580 2868 147 40 Mass.
1797 2865 253 53 (36-7779)

392 2977 201 64 Kibre,
622 2975 191 57 Pearl.

462 3055 122 53 The
612 3054 225 66 library
866 3052 64 54 of
961 3052 139 54 Pico
1132 3052 150 53 della
1315 3052 349 65 Mirandola,
1695 3051 76 67 by
1801 3052 172 51 Pearl
2004 3050 198 54 Kibre.
2271 3052 138 53 New

395 3132 178 66 York,
605 3129 304 56 Columbia
939 3128 321 69 university
1290 3147 176 50 press,
1496 3130 151 51 1936.

464 3206 96 47 xiv,
591 3205 90 42 330
708 3216 58 37 p.,
797 3205 25 39 1
874 3236 8 8 l.
941 3204 118 41 22cm.

468 3263 129 39 “The
628 3262 260 46 inventory
925 3262 66 48 [of
1021 3261 84 39 the
1132 3260 188 47 library
1352 3259 52 41 of
1438 3256 241 44 Giovanni
1713 3257 113 41 Pico
1857 3258 128 39 della
2021 3257 277 41 Mirandola
2342 3258 68 49 (p.

397 3317 285 53 [115]-297)]
711 3318 42 39 is
775 3317 130 39 from
932 3328 27 29 a
987 3317 265 47 rotograph
1280 3316 52 41 of
1357 3317 82 39 the
1461 3313 307 49 manuscript
1791 3315 49 39 in
1865 3315 84 39 the
1975 3314 209 41 Vatican
2209 3314 200 49 library,

399 3376 204 40 Vatican
634 3374 147 41 Latin
810 3373 129 48 3436,
969 3374 114 39 16th
1113 3375 217 45 century,
1359 3371 147 41 folios
1535 3369 277 48 263r-296v,
1838 3370 238 49 formerly
2105 3374 112 46 part
2245 3372 53 39 of
2327 3374 83 39 the

395 3432 165 41 Orsini
585 3430 407 47 collection.”—p.
1024 3430 113 49 [117]

466 3484 463 43 “Abbreviations”:
961 3497 44 38 p.
1031 3484 170 41 xi-xiv.

393 3540 53 54 ©
479 3548 120 38 Mar.
632 3545 69 48 21,
734 3543 115 42 1936;
909 3542 68 42 2c.
1010 3543 95 40 and
1138 3541 83 41 aff.
1255 3542 122 40 Mar.
1410 3540 55 40 25;
1528 3541 40 39 A
1599 3539 173 48 92472;
1808 3540 253 42 Columbia
2096 3540 130 43 univ.
2259 3551 149 39 press,

473 3602 253 47 (36-7980)

395 3705 199 63 Latta,
622 3706 200 53 Frank
851 3706 264 53 Forrest.

394 3776 2014 152 California Indian folklore, as told to F. F. Latta, by Wahnom'-kot, Wah-hum'-chah, Lee'-mee [and others] … edited and
396 3939 302 68 published
727 3940 74 68 by
831 3939 65 52 F.
927 3939 64 52 F.
1022 3939 190 51 Latta.
1282 3935 258 69 Shatter,
1570 3934 196 70 Calif.,
1798 3939 150 49 1936.

474 4012 929 51 4 p. l., 209 p. plates, ports. 24 cm .
392 4067 52 53 ©
478 4073 120 38 Mar.
633 4071 69 43 20,
738 4071 140 41 1936;
913 4072 68 39 2c.
1016 4072 94 38 and
1147 4071 82 39 aff.
1264 4071 121 38 Mar.
1419 4068 83 43 30;
1540 4069 38 38 A
1612 4067 171 43 92620;
1823 4068 50 40 F.
1910 4068 49 39 F.
1997 4068 160 46 Latta,
2193 4066 213 46 Shafter,

466 4129 144 40 Calif.
690 4128 225 48 (36-7953)
