2519 4377
1310 4143 134 50 1122

373 447 308 65 Marshall,
710 448 282 55 Florence
1018 449 68 56 E.

444 539 119 53 Are
607 559 115 48 you
765 540 229 55 awake?
1041 542 76 67 by
1160 541 276 55 Florence
1480 545 68 52 E.
1594 544 299 53 Marshall.
1977 544 420 70 [Washington,

373 619 72 52 D.
476 618 80 67 C.,
586 622 155 64 1936]

448 690 57 42 96
534 701 45 39 p.
640 691 57 42 23
701 694 45 21 cm
750 724 9 9 .

378 757 52 54 ©
458 763 118 47 July
602 763 40 48 1,
673 762 142 49 1936;
845 763 69 41 2c.
945 764 96 39 and
1069 764 84 41 afe.
1184 764 117 48 July
1328 765 54 48 8;
1413 765 44 40 A
1482 764 174 50 95977;
1690 766 53 41 F.
1773 767 53 40 E.
1856 766 258 50 Marshall,
2144 764 238 50 Washing
445 821 98 40 ton.

374 924 131 54 Mar
510 927 156 64 ston,
693 924 233 67 Jeffery
952 926 278 66 Eardley,
1262 928 171 56 1887-

443 1015 1955 72 The rocket, by Jeffery Marston … New York, Dodd, Mead
370 1097 46 50 &
448 1112 301 52 company,
783 1098 151 51 1936.

441 1170 722 51 4 p. l., 3-329, [1] p. 20 ½ cm .
377 1237 53 53 ©
464 1242 122 48 Aug.
621 1241 71 49 20,
728 1241 142 48 1936;
910 1242 68 41 2c.
1015 1243 120 48 Aug.
1172 1243 56 40 25;
1295 1243 83 41 afe.
1415 1244 121 47 Aug.
1572 1243 83 48 22;
1695 1245 42 38 A
1772 1243 173 49 97523;
1986 1244 44 42 J.
2068 1245 53 40 E.
2159 1244 236 47 Marston,

447 1299 214 41 London.
730 1299 283 49 (36-18267)

373 1403 314 67 Mathews,
715 1404 164 54 Basil
905 1404 241 65 Joseph,
1177 1406 175 55 1879-

444 1494 269 71 Shaping
741 1496 98 53 the
869 1494 197 56 future;
1129 1515 32 35 a
1190 1497 174 69 study
1390 1498 62 53 in
1480 1497 183 53 world
1691 1497 357 69 perspective
2101 1497 93 69 [by]
2232 1497 162 54 Basil

374 1575 2020 71 Mathews. New York, Cincinnati [ etc.] The Abingdon press
376 1690 13 34 [
393 1663 20 22 c
417 1659 154 66 1936]

445 1729 88 42 166
563 1739 44 39 p.
669 1727 57 43 20
728 1730 45 23 cm
778 1761 10 10 .

446 1786 200 41 London
677 1786 187 41 edition
901 1785 236 48 (Student
1168 1787 253 41 Christian
1449 1789 275 39 movement
1752 1786 163 50 press)
1955 1787 90 40 has
2075 1787 109 40 title:

375 1788 2004 105 Shaping
483 1845 84 41 the
594 1845 185 48 future,
808 1855 28 31 a
864 1846 146 47 study
1039 1845 51 40 in
1116 1846 153 40 world
1298 1845 290 42 revolution.

375 1912 52 53 ©
454 1916 117 48 July
597 1917 69 48 27,
695 1917 142 46 1936;
867 1916 68 41 2c.
965 1917 97 40 and
1088 1917 82 40 afe.
1200 1917 117 47 July
1343 1916 56 41 30;
1457 1917 42 39 A
1524 1915 173 50 96689;
1730 1916 139 40 Basil
1896 1916 255 49 Mathews,
2181 1914 213 42 London.

456 1973 284 50 (36-18291)

372 2080 284 64 Mattem,
682 2079 223 56 James.

446 2153 1946 71 Cloud country … by Jimmie Mattern. [Chicago] The Pure
373 2234 624 70 oil company [ c 1936]
443 2304 26 41 3
499 2317 45 31 V.
604 2306 130 40 illus.
765 2306 134 49 (incl.
928 2307 165 49 ports.,
1125 2305 138 49 map)
1330 2306 57 41 18½
1420 2307 44 22 cm
1469 2337 8 9 .

445 2362 228 42 “Jimmie
702 2363 259 41 Mattern’s
984 2363 93 41 life
1102 2365 135 46 story
1264 2365 89 39 has
1380 2364 119 40 been
1527 2364 210 47 brought
1766 2366 49 38 to
1843 2373 94 37 you
1965 2364 51 38 in
2045 2363 98 40 this
2171 2362 131 41 form
2328 2363 63 49 by

373 2419 83 42 the
478 2421 129 39 Pure
631 2419 65 41 oil
721 2430 250 39 company,
996 2430 228 37 sponsors
1247 2420 51 40 of
1322 2421 83 39 the
1429 2421 139 39 radio
1591 2421 197 40 feature
1813 2420 114 39 ‘The
1950 2421 143 47 diary
2117 2419 51 42 of
2193 2419 199 43 Jimmie

373 2476 477 42 Mattern’.”—Book
883 2477 40 49 3,
958 2488 43 38 p.
1034 2476 70 42 58.

444 2535 132 40 Each
630 2535 194 40 volume
877 2534 220 41 includes
1152 2534 264 41 “Pictorial
1470 2535 191 47 history
1713 2533 52 42 of
1819 2535 147 40 north
2019 2535 220 40 Atlantic
2293 2532 97 44 and

373 2591 451 41 ’round-the-world
860 2590 212 50 flights”.

725 2646 191 45 CONTENTS.—book
966 2649 41 42 1.
1056 2649 169 48 Wings
1272 2649 52 40 of
1374 2646 359 51 youth.—book
1784 2647 44 42 2.
1877 2649 199 39 Hawaii
2125 2650 50 39 to
2223 2648 168 48 Holly-

371 2703 346 45 wood.—book
745 2706 42 43 3.
815 2707 119 40 Lost
962 2707 50 39 in
1043 2705 204 42 Siberia.

373 2775 54 54 ©
452 2781 123 40 Mar.
601 2781 70 48 13,
697 2780 116 41 1936;
867 2780 69 42 2c.
960 2778 120 41 each
1105 2779 98 40 and
1228 2778 108 41 affs.
1365 2780 122 38 Mar.
1514 2778 57 41 23;
1628 2780 41 38 A
1696 2777 325 42 93326-93328;
2077 2778 128 39 Pure
2230 2775 67 41 oil
2321 2784 70 32 co.

454 2836 283 50 (36-18240)

371 2944 244 65 Mekler,
642 2944 194 53 David
863 2944 199 64 Louis,
1091 2949 174 50 1891-

442 3022 241 53 Miracle
716 3039 157 49 men;
913 3022 141 52 tales
1089 3020 65 55 of
1189 3021 96 53 the
1324 3018 344 69 Chassidim,
1703 3020 77 67 by
1816 3020 194 53 David
2047 3021 65 52 L.
2151 3017 237 54 Mekler.

373 3101 137 52 New
537 3100 183 66 York,
749 3100 215 67 Covici,
989 3099 209 54 Friede
1231 3133 12 34 [
1249 3106 17 21 c
1271 3102 154 64 1936]

446 3174 26 39 2
499 3185 42 37 p.
605 3203 8 16 l.,
640 3171 176 42 iii-viii
843 3184 58 37 p.,
927 3173 26 39 1
1002 3205 22 16 l.,
1051 3172 145 41 9-312
1223 3183 43 38 p.
1321 3172 56 39 21
1381 3174 44 21 cm
1430 3203 9 9 .

374 3239 53 53 ©
463 3244 128 40 June
624 3244 71 47 23,
732 3242 142 49 1936;
912 3242 68 43 2c.
1018 3244 129 39 June
1181 3243 56 40 25;
1305 3242 82 41 aff.
1426 3243 127 39 June
1588 3242 84 47 24;
1711 3243 41 38 A
1788 3240 172 48 96149;
2002 3241 56 40 D.
2100 3240 50 40 L.
2189 3238 199 48 Mekler,

496 3295 1373 54 ℅ Jewish morning journal, New York. (36-18283)
372 3407 172 62 Mott,
573 3405 276 64 Edward,
880 3409 174 51 1866-

371 3479 1991 149 “The Christ of the eternities”, by Edward Mott … Portland, Ore., Loomis printing co. [ c 1936]
446 3634 86 41 159
566 3645 43 38 p.
675 3634 138 41 front.
856 3633 175 50 (port.)
1104 3633 59 42 19½
1193 3636 45 21 cm
1242 3665 10 9 .

374 3701 53 54 ©
457 3706 128 40 June
614 3705 70 48 27,
716 3705 142 48 1936;
894 3705 68 41 2c.
996 3705 97 39 and
1125 3704 82 41 aff.
1240 3704 117 47 July
1389 3704 52 46 2;
1477 3705 40 38 A
1550 3702 171 47 95902;
1760 3704 51 39 E.
1848 3702 138 48 Mott,
2021 3697 249 50 Portland,
2305 3697 82 42 Or.

455 3761 283 50 (36-18271)

373 3869 218 61 Myers,
619 3866 338 54 Alexander
981 3866 155 54 John
1164 3864 275 64 William,
1469 3865 171 55 1877-

447 3945 217 66 Living
717 3950 185 59 stone;
962 3965 31 33 a
1046 3944 198 52 record
1301 3942 112 53 and
1466 3940 445 67 interpretation
1965 3939 65 53 of
2081 3935 302 56 Riverside

372 4023 209 52 church
620 4022 392 66 explorations
1046 4021 140 54 with
1223 4022 138 66 boys
1396 4020 115 54 and
1546 4017 142 70 girls
1721 4019 133 52 nine
1889 4022 58 49 to
1985 4016 201 53 twelve
2221 4031 165 51 years
