2519 4377
1004 4112 133 51 1917

98 455 284 62 Usborne,
410 454 151 54 Cecil
587 453 233 64 Vivian,
849 458 169 50 1880-

167 533 182 53 Malta
402 531 176 66 fever,
631 531 74 65 by
758 528 431 55 Vice-Admiral
1245 529 60 56 C.
1362 530 66 52 V.
1487 529 272 55 Usborne.
1834 529 259 67 London,

95 610 239 53 Hodder
359 610 108 51 and
499 608 323 66 Stoughton
854 610 172 64 [1936]

162 680 86 41 304
276 692 43 38 p.
375 680 57 41 20
436 682 42 21 cm
483 712 8 8 .

97 722 1995 65 © 1c. Dec. 28. 1030: A ad int. 22278; pubd. Nov. 5; C. V. Upborne,
169 795 209 39 London.
442 793 221 47 (37-050)

96 900 309 62 Vaughan,
436 900 246 51 baronne
712 899 87 53 de.

251 974 1841 69 … Quelques souvenirs de ma vie, recueillis par Paul Faure.
99 1055 201 67 [Paris]
338 1055 64 52 E.
434 1054 390 52 Flammarion
861 1057 171 63 [1936]

167 1125 684 53 vii, [9]-244 p., 3 l. 18 ½ cm .
97 1180 1936 53 © Aug. 0, 1930; 1c. Aug. 21 ; A- Foreign 32924; Ernest Flammarion.
176 1239 250 49 (37-1056)

95 1340 280 66 Victoria,
402 1360 177 48 queen
603 1343 64 63 of
694 1342 173 53 GrecCt
892 1340 233 54 Britain
1129 1384 11 22 ,
1170 1343 322 52 1819-1901.

164 1417 193 63 Queen
405 1416 289 68 Victoria;
742 1419 91 52 ein
881 1417 27 52 f
913 1417 336 53 rauenleben
1295 1422 165 47 unter
1507 1416 100 53 der
1652 1416 204 68 krone;
91 1416 1977 149 eigenhändige
371 1495 182 56 briefe
583 1496 118 52 und
731 1495 511 69 tagebuchblätter,
1276 1497 328 66 1834-1901,
1635 1495 457 70 herausgegeben

92 1592 109 35 von
230 1575 83 53 dr.
343 1574 157 54 Kurt
525 1574 221 70 Jagow.
813 1573 216 68 Berlin,
1057 1573 72 54 K.
1162 1572 383 71 Siegismund,
1574 1576 152 51 1936.

162 1647 1734 51 xvi, 538, [1] p. col. front., plates, ports., facsim. on 2 l. 21½ cm .
95 1702 1854 54 © Oct. 10, 1930: 1c. Dec. 3: A- Foreign 33528: Karl Siegismund.
175 1762 221 48 (37-503)

92 1853 250 64 Walton,
371 1854 193 63 Izaak,
597 1858 323 50 1593-1683.

162 1931 118 52 The
322 1930 277 67 compleat
643 1931 216 66 angler,
900 1949 80 47 or,
1020 1930 119 52 The
1180 1929 439 67 contemplative
1659 1930 180 52 man’s
94 1948 1971 114 recreation.
297 2007 185 67 Being
512 2027 28 33 a
576 2007 284 54 discourse
893 2008 62 51 of
990 2008 105 51 fish
1129 2009 108 51 and
1272 2008 209 66 fishing
1514 2007 94 53 for
1640 2008 96 53 the
1767 2009 227 65 perusal
2029 2010 62 51 of

93 2086 240 66 anglers,
362 2086 74 65 by
467 2086 174 51 Izaak
671 2085 260 54 Walton;
966 2085 138 53 with
1137 2084 385 58 instructions,
1550 2085 129 52 how
1710 2091 58 47 to
1800 2087 165 66 angle
1997 2086 95 52 for

93 2182 28 34 a
149 2171 154 46 trout
330 2181 62 34 or
418 2163 270 66 grayling
714 2162 57 52 in
798 2182 28 33 a
854 2163 148 52 clear
1025 2169 226 59 stream,
1277 2163 74 65 by
1379 2162 235 54 Charles
1641 2162 236 68 Cotton;
92 2164 1975 145 drawings
245 2242 72 66 by
346 2242 211 53 Robert
589 2240 145 54 Ball.
798 2242 137 51 New
962 2240 177 59 York,
1166 2240 119 53 The
1313 2241 277 67 Heritage
1619 2259 183 49 press;
1832 2243 259 63 London,

92 2321 118 53 The
239 2320 294 53 Nonesuch
562 2337 157 47 press
749 2353 11 33 [
765 2326 19 21 c
791 2321 150 64 1936]

163 2390 740 51 xi, 241 p.. 1 l. illus. 27 cm .
164 2450 138 46 Maps
333 2460 59 28 on
428 2448 360 47 lining-papers.

93 2501 53 53 ©
172 2505 101 41 Oct.
299 2505 69 50 20,
393 2504 138 41 1930:
560 2504 67 41 2c.
655 2505 102 40 Oct.
784 2503 82 47 30;
896 2504 81 40 aff.
1004 2504 118 40 Nov.
1150 2503 81 47 19;
1261 2505 40 38 A
1327 2502 200 47 100603;
1557 2503 236 48 Heritage
1819 2514 150 38 press,
2000 2505 89 40 inc.

166 2561 279 51 [Copyright
476 2561 40 39 is
545 2561 206 39 claimed
780 2572 58 28 on
868 2559 344 50 illustrations]
1283 2559 281 49 (30-28587)

90 2653 190 63 Ware,
309 2652 265 55 Caroline
603 2653 67 53 E.

162 2730 118 52 The
321 2729 233 53 modern
597 2746 266 49 economy
904 2730 58 51 in
1004 2728 214 65 action;
1262 2749 29 33 a
1334 2728 171 66 guide
1548 2727 94 53 for
1679 2727 277 69 studying
1995 2730 94 54 the

91 2807 241 53 relation
363 2807 245 52 between
644 2825 103 33 our
780 2805 281 53 economic
1096 2805 271 67 thinking
1401 2807 111 52 and
1546 2812 227 47 current
1807 2805 283 55 economic

92 2883 1997 68 facts [by] Caroline E. Ware … Washington, D. C., American
91 2962 333 54 association
451 2964 61 51 of
541 2963 315 53 universitv
885 2979 231 37 women.
1149 2964 148 51 1936.

162 3034 55 40 55
245 3045 41 37 p.
344 3033 55 41 23
402 3037 43 20 cm
450 3066 8 9 .

93 3087 53 53 ©
176 3092 116 39 Nov.
325 3091 69 47 15,
427 3090 139 43 1930;
601 3092 67 39 2c.
702 3090 93 39 and
829 3091 81 38 aff.
942 3091 116 39 Nov.
1091 3089 81 43 23;
1209 3092 39 38 A
1283 3089 200 47 100632;
1520 3091 159 39 Amer.
1712 3100 128 31 assn,
1873 3091 53 39 of
1957 3091 130 40 univ.

164 3157 196 32 women.

91 3236 263 64 Warner,
378 3237 154 53 Juan
556 3235 157 64 José,
741 3237 324 55 1807-1895.

157 3312 95 52 An
302 3311 293 55 historical
646 3312 194 53 sketch
890 3312 63 54 of
1003 3312 111 54 Los
1164 3312 248 69 Angeles
1463 3317 226 64 county,
1741 3312 344 56 California.

88 3390 174 53 From
295 3390 94 53 the
422 3389 249 70 Spanish
705 3408 340 50 occupancy,
1077 3390 74 68 by
1183 3391 95 52 the
1311 3390 288 68 founding
1632 3390 63 53 of
1726 3391 97 52 the
1854 3391 232 53 mission

89 3466 114 56 San
247 3467 231 56 Gabriel
521 3467 345 69 Archangel,
910 3467 329 69 September
1280 3471 48 64 8,
1371 3468 150 68 1771,
1560 3473 60 48 to
1660 3468 142 68 July
1841 3472 49 62 4,
1934 3469 148 52 1876.

87 3545 291 69 Prepared
411 3547 73 67 by
515 3546 121 56 Col.
670 3547 55 53 J.
759 3547 55 54 J.
845 3547 260 67 Warner,
1136 3547 192 69 Judge
1360 3546 308 69 Benjamin
1697 3547 195 69 Hayes
1948 3547 131 67 [and]

86 3622 101 52 Dr.
215 3624 55 54 J.
299 3625 63 51 P.
389 3624 262 68 Widney.
729 3626 53 50 A
810 3624 222 69 reprint
1056 3624 62 53 of
1144 3625 96 53 the
1265 3624 247 69 original
1539 3625 216 53 edition
1781 3625 302 68 published

86 3700 1997 69 by Louis Lewin & co. … 1876, to which is added an invaluable
87 3778 385 54 introduction
502 3778 229 54 written
758 3780 75 68 by
860 3780 104 54 Dr.
991 3780 57 54 J.
1076 3781 64 51 P.
1169 3780 266 68 Widney,
1460 3780 97 54 the
1585 3779 299 70 surviving
86 3799 1973 109 member

216 3856 63 54 of
313 3857 94 53 the
440 3857 130 65 trio,
604 3857 144 69 July
779 3861 50 64 4,
866 3860 149 50 1936.
1090 3858 111 53 Los
1235 3857 266 69 Angeles,
1535 3857 195 68 Calif.,
1763 3858 317 68 Reprinted

85 3931 74 69 by
190 3933 65 55 O.
286 3934 90 54 W.
408 3933 208 67 Smith,
645 3938 151 52 1936.

156 4005 85 41 159
260 4017 42 38 p.
362 4006 148 41 front.
540 4006 48 48 (3
609 4009 149 47 port.)
828 4008 54 40 23½
916 4011 43 21 cm
964 4039 9 10 .
