2519 4377
1324 4133 100 50 754

420 533 1219 50 ix p., 1 l., 242 p. front., plates, port. 23½cm.
345 601 54 54 ©
426 606 115 46 May
568 605 40 44 4,
636 603 119 42 1936;
807 604 68 40 2c.
904 605 115 48 May
1047 605 30 41 8;
1132 605 82 40 aff.
1245 605 114 47 May
1387 604 30 41 9;
1470 604 42 40 A
1539 603 143 42 94372;
1744 604 199 41 Garrett
1973 605 38 40 &
2039 604 195 48 Massie,
2264 605 90 40 inc.

426 661 282 49 (36-12831)

345 765 186 65 Bond,
555 766 148 53 Paul
727 764 265 67 Stanley,
1020 766 172 55 1879-

421 843 124 52 The
568 842 196 69 junior
790 843 69 52 R.
889 841 68 56 O.
984 844 65 51 T.
1080 842 61 55 C.
1168 842 250 53 manual.
1493 842 99 53 4th
1620 840 84 56 ed.
1779 841 58 53 A
1862 843 276 67 complete
2166 860 195 37 course

353 920 93 55 for
471 920 142 71 high
644 920 191 56 school
864 921 274 55 students.
1214 920 175 70 Fully
1418 920 345 69 illustrated,
1787 921 142 54 with
1953 920 288 70 questions
2267 920 93 55 for

351 998 1986 150 self-test and examination. By Colonel P. S. Bond … Harrisburg, Pa., The Military service publishing co. [1936]
423 1151 970 52 2 p. l., 168 p. illus., diagrs. 23½cm.
427 1209 1937 49 “A … text, including under one cover all subjects prescribed by the
355 1268 117 41 War
499 1268 312 48 department
835 1266 80 41 for
940 1267 83 41 the
1051 1266 220 48 military
1298 1264 295 44 instruction
1616 1266 52 42 of
1694 1268 225 40 students
1946 1266 50 40 in
2028 1267 116 49 high
2174 1268 189 41 schools

353 1325 97 40 and
480 1326 324 46 preparatory
833 1322 529 43 schools.”—Author’s
1392 1323 123 49 pref.

428 1379 1612 50 “First edition, April, 1934 … Fourth edition, April, 1936.”
353 1447 54 54 ©
443 1452 114 49 Apr.
593 1451 72 48 25,
702 1451 119 41 1936;
883 1451 68 42 2c.
988 1451 115 49 Apr.
1141 1451 56 41 30;
1264 1451 83 40 aff.
1386 1452 115 47 May
1536 1452 24 39 1;
1629 1452 41 39 A
1706 1451 147 42 93924;
1919 1452 223 42 Military
2181 1453 185 42 service

427 1510 108 47 pub.
566 1520 68 29 co.
703 1506 282 50 (36-12827)

352 1614 185 65 Boyd,
564 1612 152 55 Linn
742 1613 175 64 John,
946 1619 171 50 1895-

428 1688 1825 71 A study of the simile in medicine, by Linn J. Boyd …
357 1767 429 70 Philadelphia,
818 1767 278 54 Boericke
1130 1768 114 53 and
1278 1767 190 69 Tafel,
1503 1770 149 52 1936.

425 1838 102 49 viii,
556 1839 86 40 421
675 1850 42 38 p.
778 1839 146 41 23½cm.

427 1897 181 40 Errata
643 1895 96 50 slip
771 1895 215 42 inserted
1018 1896 167 40 before
1219 1907 43 38 p.
1297 1906 42 31 v.

429 1952 131 42 “The
596 1953 146 48 study
776 1954 44 40 is
853 1954 266 40 addressed
1155 1955 49 39 to
1240 1953 82 42 the
1357 1954 163 40 Board
1556 1953 52 41 of
1646 1955 192 47 regents
1875 1954 53 41 of
1964 1956 83 40 the
2082 1955 283 48 University

356 2009 52 41 of
436 2011 248 47 Michigan
710 2011 52 40 at
789 2011 163 39 whose
978 2010 263 40 invitation
1268 2011 83 40 the
1379 2011 134 40 work
1540 2021 101 30 was
1668 2011 261 49 originally
1956 2011 410 44 undertaken.”—

359 2066 130 42 Pref.

430 2124 225 41 Includes
687 2122 365 42 “References”.

359 2194 54 54 ©
447 2198 112 41 Feb.
593 2199 39 48 5,
669 2197 118 42 1936;
846 2197 68 42 2c.
948 2199 96 39 and
1079 2197 81 40 aff.
1197 2199 115 47 May
1345 2199 54 46 4;
1435 2198 41 39 A
1509 2196 173 48 95195;
1720 2198 50 41 L.
1806 2199 44 41 J.
1886 2199 151 48 Boyd,
2072 2199 117 40 New
2224 2198 145 41 York.

441 2254 282 50 (36-12644)

358 2359 261 66 Brinley,
646 2363 139 51 Mrs.
816 2359 254 55 Gordon.

429 2436 1940 70 Away to Cape Breton, by Gordon Brinley … Illustrated
360 2516 76 68 by
478 2519 254 51 Putnam
776 2514 255 69 Brinley.
1130 2517 139 51 New
1312 2515 181 67 York,
1536 2516 191 67 Dodd,
1770 2516 172 53 Mead
1986 2518 45 50 &
2074 2534 297 49 company,

363 2599 150 50 1936.

465 2666 1234 51 x p., 1 l., 266, [2] p. col. front., plates. 22½cm.
363 2734 54 54 ©
443 2740 114 47 May
583 2737 69 49 27,
681 2736 140 48 1936;
851 2737 67 41 2c.
947 2738 96 39 and
1071 2737 83 40 aff.
1182 2738 127 41 June
1333 2737 23 39 1;
1414 2737 41 39 A
1482 2736 144 42 95483;
1686 2736 53 43 G.
1768 2735 215 49 Brinley,
2013 2736 115 40 New
2157 2736 216 48 Canaan,

436 2796 147 40 Conn.

362 2901 291 64 Brunton,
681 2898 166 57 Paul.

433 2970 1941 75 A search in secret Egypt, by Paul Brunton … New York,
365 3054 66 53 E.
459 3054 65 54 P.
551 3054 225 53 Dutton
803 3053 45 51 &
875 3072 99 51 co.,
1000 3053 108 54 inc.
1160 3055 177 64 [c1936]

435 3125 87 44 287
558 3139 43 37 p.
668 3127 163 48 front.,
872 3127 128 40 illus.
1030 3127 132 48 (incl.
1202 3125 215 49 facsim.)
1466 3124 158 49 plates
1653 3123 132 50 (incl.
1827 3124 175 48 ports.)
2079 3122 147 43 22½cm.

437 3185 165 41 “First
630 3184 230 42 edition.”

369 3255 53 53 ©
452 3260 130 40 June
609 3260 39 46 3,
681 3258 142 47 1936;
856 3258 67 40 2c.
955 3259 95 39 and
1075 3257 85 41 aff.
1193 3257 126 40 June
1350 3257 53 46 4;
1437 3256 41 39 A
1508 3255 171 47 95633;
1714 3255 51 40 E.
1800 3255 50 41 P.
1883 3256 187 39 Dutton
2103 3254 36 39 &
2170 3264 81 35 co.,
2286 3252 89 40 inc.

449 3315 282 49 (36-12687)

368 3418 294 65 Burkard,
692 3417 254 55 William
980 3416 226 63 Edwin,
1240 3422 170 50 1890-

369 3488 1986 237 … The body and health, by William E. Burkard … Raymond L. Chambers … [and] Frederick W. Maroney … Chicago, Dallas [etc.] Lyons & Carnahan [c1936]
441 3741 42 38 v,
512 3730 71 49 [1],
608 3730 86 41 313
719 3740 43 38 p.
815 3729 129 41 illus.
973 3728 138 50 (part
1134 3728 112 47 col.)
1281 3728 180 49 diagrs.
1515 3727 146 41 19½cm.
1725 3727 221 49 (Health,
1974 3723 276 51 happiness,
371 3733 1992 95 success
501 3787 152 41 series.
728 3786 138 50 [book
893 3786 70 50 6])

440 3844 289 40 Illustrated
762 3842 365 49 lining-papers.

443 3900 320 41 “Illustrated
787 3900 61 47 by
874 3899 207 41 Mildred
1109 3899 133 48 Lyon
1268 3896 372 50 Hetherington,
1666 3897 155 40 Helen
1847 3896 180 48 Bilger,
2055 3895 141 39 Irene
2220 3894 160 48 Dorcy

387 3958 111 48 [and]
531 3957 155 41 Grace
715 3956 54 41 G.
801 3954 261 43 Mitchell.”

374 4011 52 53 ©
454 4012 112 43 Feb.
593 4013 71 49 29,
694 4013 140 47 1936;
864 4012 67 42 2c.
961 4013 127 41 June
1116 4012 52 40 11;
1229 4012 82 40 aff.
1341 4012 127 41 June
1494 4011 23 39 1;
1577 4010 40 40 A
1644 4008 171 47 95649;
1848 4009 162 48 Lyons
2038 4008 36 40 &
2103 4006 276 43 Carnahan.

457 4070 283 50 (36-12511)
