<alto xmlns="http://www.loc.gov/standards/alto/ns-v3#" xmlns:xsi="http://www.w3.org/2001/XMLSchema-instance" xsi:schemaLocation="http://www.loc.gov/standards/alto/ns-v3# http://www.loc.gov/alto/v3/alto-3-0.xsd"><Description>
<MeasurementUnit>pixel</MeasurementUnit>
<sourceImageInformation>
<fileName>1936_v33_Part1.pdf</fileName>
</sourceImageInformation>
<OCRProcessing ID="IdOcr">
<ocrProcessingStep>
<processingDateTime>2019-01-18</processingDateTime>
<processingSoftware>
<softwareCreator>ABBYY</softwareCreator>
<softwareName>ABBYY Recognition Server</softwareName>
<softwareVersion>4.0</softwareVersion>
</processingSoftware>
</ocrProcessingStep>
</OCRProcessing>
</Description>
<Styles>
<ParagraphStyle ALIGN="Left" FIRSTLINE="0." ID="StyleId-FFFFFFFF-FFFF-FFFF-FFFF-FFFFFFFFFFFF-" LEFT="0." RIGHT="0." />
<ParagraphStyle ALIGN="Left" FIRSTLINE="0." ID="StyleId-51D50FAC-7A90-4D70-8A96-5EA9D46D1C8B-" LEFT="0." LINESPACE="7.699999809" RIGHT="0." />
<ParagraphStyle ALIGN="Block" FIRSTLINE="-17." ID="StyleId-6BC133E9-7DCB-43C3-8842-A67984A26405-" LEFT="0." LINESPACE="8.340000153" RIGHT="0." />
<ParagraphStyle ALIGN="Left" FIRSTLINE="-13." ID="StyleId-3C3FF860-43E7-46A2-8934-48F305F6F0D6-" LEFT="0." LINESPACE="11.06999969" RIGHT="0." />
<ParagraphStyle ALIGN="Block" FIRSTLINE="-13." ID="StyleId-19220C76-4F8A-4737-B38C-B5F5C17E6040-" LEFT="0." LINESPACE="11.06999969" RIGHT="0." />
<ParagraphStyle ALIGN="Left" FIRSTLINE="0." ID="StyleId-75A0D721-13ED-4F20-9002-B389EC48477D-" LEFT="0." LINESPACE="15.5" RIGHT="0." />
<ParagraphStyle ALIGN="Left" FIRSTLINE="0." ID="StyleId-8A414184-C7A5-4AC7-9B88-7DA4DDE75922-" LEFT="0." LINESPACE="9.399999619" RIGHT="0." />
<ParagraphStyle ALIGN="Left" FIRSTLINE="0." ID="StyleId-1A87970B-111C-4169-99A6-9412976F3C97-" LEFT="0." LINESPACE="10.5" RIGHT="0." />
<ParagraphStyle ALIGN="Block" FIRSTLINE="-17." ID="StyleId-72DB0571-5AE4-41FD-9E11-68C6AC4C437E-" LEFT="0." LINESPACE="8.340000153" RIGHT="0." />
<ParagraphStyle ALIGN="Center" FIRSTLINE="0." ID="StyleId-1AA43056-C388-4697-B10F-72FDAA38FAE1-" LEFT="0." LINESPACE="10.5" RIGHT="0." />
</Styles>
<Layout>
<Page HEIGHT="4377" ID="Page108" PHYSICAL_IMG_NR="108" WIDTH="2519">
<TopMargin HEIGHT="404" HPOS="0" VPOS="0" WIDTH="2519">
</TopMargin>
<LeftMargin HEIGHT="3758" HPOS="0" VPOS="404" WIDTH="410">
</LeftMargin>
<RightMargin HEIGHT="3758" HPOS="2454" VPOS="404" WIDTH="65">
</RightMargin>
<BottomMargin HEIGHT="215" HPOS="0" VPOS="4162" WIDTH="2519">
</BottomMargin>
<PrintSpace HEIGHT="3758" HPOS="410" VPOS="404" WIDTH="2044">
<TextBlock HEIGHT="72" HPOS="1382" ID="Page108_Block1" LANG="en-US" STYLEREFS="StyleId-54FB35D1-C7A2-4549-86BF-0C0E741A40B3-" VPOS="4090" WIDTH="116">
<TextLine HEIGHT="51" HPOS="1391" VPOS="4100" WIDTH="97">
<String CONTENT="108" HEIGHT="51" HPOS="1391" VPOS="4100" WIDTH="97" />
</TextLine>
</TextBlock>
<TextBlock CS="1" HEIGHT="3692" HPOS="410" ID="Page108_Block2" LANG="en-US" STYLEREFS="StyleId-4C7697A1-AE96-4D78-ACF9-C4FE4AFF6690-" VPOS="404" WIDTH="2044">
<TextLine CS="1" HEIGHT="49" HPOS="491" VPOS="491" WIDTH="447">
<String CONTENT="XXXV," HEIGHT="36" HPOS="491" VPOS="503" WIDTH="147" />
<SP HEIGHT="47" HPOS="639" VPOS="492" WIDTH="26" />
<String CONTENT="891" HEIGHT="41" HPOS="666" VPOS="491" WIDTH="85" />
<SP HEIGHT="48" HPOS="752" VPOS="492" WIDTH="26" />
<String CONTENT="p." HEIGHT="37" HPOS="779" VPOS="503" WIDTH="43" />
<SP HEIGHT="40" HPOS="823" VPOS="492" WIDTH="55" />
<String CONTENT="22&#189;cm." CS="1" HEIGHT="39" HPOS="879" VPOS="492" WIDTH="59" />
</TextLine>
<TextLine CS="1" HEIGHT="42" HPOS="495" VPOS="549" WIDTH="549">
<String CONTENT="On" HEIGHT="40" HPOS="495" VPOS="549" WIDTH="71" />
<SP HEIGHT="29" HPOS="567" VPOS="560" WIDTH="27" />
<String CONTENT="cover:" CS="1" HEIGHT="29" HPOS="595" VPOS="560" WIDTH="141" />
<SP HEIGHT="39" HPOS="764" VPOS="550" WIDTH="27" />
<String CONTENT="2d" HEIGHT="40" HPOS="792" VPOS="550" WIDTH="58" />
<SP HEIGHT="39" HPOS="851" VPOS="551" WIDTH="28" />
<String CONTENT="series." HEIGHT="42" HPOS="880" VPOS="549" WIDTH="164" />
</TextLine>
<TextLine CS="1" HEIGHT="54" HPOS="423" VPOS="615" WIDTH="2015">
<String CONTENT="&#169;" HEIGHT="53" HPOS="423" VPOS="615" WIDTH="54" />
<SP HEIGHT="53" HPOS="478" VPOS="615" WIDTH="20" />
<String CONTENT="Dec." HEIGHT="40" HPOS="499" VPOS="620" WIDTH="112" />
<SP HEIGHT="40" HPOS="612" VPOS="620" WIDTH="21" />
<String CONTENT="30," HEIGHT="49" HPOS="634" VPOS="620" WIDTH="71" />
<SP HEIGHT="48" HPOS="706" VPOS="621" WIDTH="23" />
<String CONTENT="1935;" CS="1" HEIGHT="40" HPOS="730" VPOS="620" WIDTH="114" />
<SP HEIGHT="47" HPOS="872" VPOS="620" WIDTH="24" />
<String CONTENT="2c." HEIGHT="41" HPOS="897" VPOS="620" WIDTH="67" />
<SP HEIGHT="30" HPOS="965" VPOS="632" WIDTH="24" />
<String CONTENT="and" HEIGHT="40" HPOS="990" VPOS="622" WIDTH="96" />
<SP HEIGHT="39" HPOS="1087" VPOS="622" WIDTH="23" />
<String CONTENT="aff." HEIGHT="41" HPOS="1111" VPOS="621" WIDTH="82" />
<SP HEIGHT="40" HPOS="1194" VPOS="622" WIDTH="24" />
<String CONTENT="Jan." HEIGHT="39" HPOS="1219" VPOS="622" WIDTH="109" />
<SP HEIGHT="38" HPOS="1329" VPOS="623" WIDTH="22" />
<String CONTENT="4." HEIGHT="40" HPOS="1352" VPOS="623" WIDTH="41" />
<SP HEIGHT="41" HPOS="1394" VPOS="622" WIDTH="24" />
<String CONTENT="1936;" CS="1" HEIGHT="40" HPOS="1419" VPOS="622" WIDTH="113" />
<SP HEIGHT="45" HPOS="1560" VPOS="623" WIDTH="27" />
<String CONTENT="A" HEIGHT="38" HPOS="1588" VPOS="623" WIDTH="40" />
<SP HEIGHT="39" HPOS="1629" VPOS="622" WIDTH="23" />
<String CONTENT="90157;" CS="1" HEIGHT="40" HPOS="1653" VPOS="622" WIDTH="144" />
<SP HEIGHT="45" HPOS="1825" VPOS="623" WIDTH="28" />
<String CONTENT="Bancroft-Whitney" CS="1" HEIGHT="42" HPOS="1854" VPOS="620" WIDTH="459" />
<SP HEIGHT="29" HPOS="2345" VPOS="633" WIDTH="24" />
<String CONTENT="co." HEIGHT="31" HPOS="2370" VPOS="631" WIDTH="68" />
</TextLine>
<TextLine HEIGHT="71" HPOS="427" STYLEREFS="StyleId-A3D19A4E-4E5E-4D5C-9761-1FB258042818-" VPOS="778" WIDTH="2012">
<String CONTENT="Callaghan&#8217;s" HEIGHT="66" HPOS="427" VPOS="778" WIDTH="381" />
<SP HEIGHT="52" HPOS="809" VPOS="782" WIDTH="26" />
<String CONTENT="Indiana" HEIGHT="52" HPOS="836" VPOS="782" WIDTH="250" />
<SP HEIGHT="52" HPOS="1087" VPOS="782" WIDTH="28" />
<String CONTENT="digest." HEIGHT="67" HPOS="1116" VPOS="781" WIDTH="202" />
<SP HEIGHT="48" HPOS="1319" VPOS="786" WIDTH="67" />
<String CONTENT="1935" HEIGHT="50" HPOS="1387" VPOS="785" WIDTH="133" />
<SP HEIGHT="47" HPOS="1521" VPOS="788" WIDTH="30" />
<String CONTENT="cumulative" HEIGHT="53" HPOS="1552" VPOS="782" WIDTH="345" />
<SP HEIGHT="35" HPOS="1898" VPOS="801" WIDTH="29" />
<String CONTENT="supplements," HEIGHT="67" HPOS="1928" VPOS="782" WIDTH="409" />
<SP HEIGHT="66" HPOS="2338" VPOS="782" WIDTH="25" />
<String CONTENT="by" HEIGHT="66" HPOS="2364" VPOS="782" WIDTH="75" />
</TextLine>
<TextLine CS="1" HEIGHT="149" HPOS="497" STYLEREFS="StyleId-A3D19A4E-4E5E-4D5C-9761-1FB258042818-" VPOS="857" WIDTH="1912">
<String CONTENT="publishers&#8217;" HEIGHT="67" HPOS="497" VPOS="857" WIDTH="342" />
<SP HEIGHT="54" HPOS="840" VPOS="858" WIDTH="44" />
<String CONTENT="editorial" HEIGHT="53" HPOS="885" VPOS="860" WIDTH="267" />
<SP HEIGHT="51" HPOS="1153" VPOS="862" WIDTH="43" />
<String CONTENT="staff" HEIGHT="55" HPOS="1197" VPOS="857" WIDTH="136" />
<SP HEIGHT="55" HPOS="1334" VPOS="857" WIDTH="51" />
<String CONTENT="&#8230;" CS="1" />
<SP HEIGHT="33" HPOS="1441" VPOS="894" WIDTH="56" />
<String CONTENT="[for]" HEIGHT="68" HPOS="1498" VPOS="860" WIDTH="131" />
<SP HEIGHT="50" HPOS="1630" VPOS="878" WIDTH="48" />
<String CONTENT="volumes" HEIGHT="54" HPOS="1679" VPOS="861" WIDTH="253" />
<SP HEIGHT="50" HPOS="1933" VPOS="865" WIDTH="47" />
<String CONTENT="1-17" HEIGHT="53" HPOS="1981" VPOS="860" WIDTH="135" />
<SP HEIGHT="54" HPOS="2117" VPOS="860" WIDTH="49" />
<String CONTENT="&#8230;" CS="1" />
<SP HEIGHT="55" HPOS="2224" VPOS="860" WIDTH="80" />
<String CONTENT="Chicago," HEIGHT="144" HPOS="497" VPOS="860" WIDTH="1912" />
<SP HEIGHT="60" HPOS="655" VPOS="936" WIDTH="26" />
<String CONTENT="Callaghan" HEIGHT="69" HPOS="682" VPOS="936" WIDTH="323" />
<SP HEIGHT="36" HPOS="1006" VPOS="956" WIDTH="24" />
<String CONTENT="and" HEIGHT="53" HPOS="1031" VPOS="938" WIDTH="113" />
<SP HEIGHT="53" HPOS="1145" VPOS="938" WIDTH="25" />
<String CONTENT="company," CS="1" HEIGHT="50" HPOS="1171" VPOS="956" WIDTH="297" />
<SP HEIGHT="63" HPOS="1469" VPOS="943" WIDTH="27" />
<String CONTENT="1935." HEIGHT="51" HPOS="1497" VPOS="942" WIDTH="149" />
</TextLine>
<TextLine CS="1" HEIGHT="40" HPOS="493" VPOS="1011" WIDTH="303">
<String CONTENT="17" HEIGHT="38" HPOS="493" VPOS="1012" WIDTH="58" />
<SP HEIGHT="39" HPOS="552" VPOS="1012" WIDTH="26" />
<String CONTENT="V." HEIGHT="28" HPOS="579" VPOS="1023" WIDTH="42" />
<SP HEIGHT="40" HPOS="622" VPOS="1011" WIDTH="58" />
<String CONTENT="25cm." CS="1" HEIGHT="40" HPOS="681" VPOS="1011" WIDTH="115" />
</TextLine>
<TextLine HEIGHT="50" HPOS="494" VPOS="1068" WIDTH="1948">
<String CONTENT="These" HEIGHT="40" HPOS="494" VPOS="1069" WIDTH="154" />
<SP HEIGHT="37" HPOS="649" VPOS="1080" WIDTH="32" />
<String CONTENT="pamphlets" HEIGHT="48" HPOS="682" VPOS="1069" WIDTH="278" />
<SP HEIGHT="30" HPOS="961" VPOS="1079" WIDTH="27" />
<String CONTENT="are" HEIGHT="29" HPOS="989" VPOS="1080" WIDTH="84" />
<SP HEIGHT="37" HPOS="1074" VPOS="1072" WIDTH="30" />
<String CONTENT="to" HEIGHT="37" HPOS="1105" VPOS="1072" WIDTH="48" />
<SP HEIGHT="40" HPOS="1154" VPOS="1069" WIDTH="27" />
<String CONTENT="bet" HEIGHT="40" HPOS="1182" VPOS="1069" WIDTH="61" />
<SP HEIGHT="40" HPOS="1244" VPOS="1069" WIDTH="24" />
<String CONTENT="fitted" HEIGHT="40" HPOS="1269" VPOS="1069" WIDTH="140" />
<SP HEIGHT="41" HPOS="1410" VPOS="1068" WIDTH="31" />
<String CONTENT="into" HEIGHT="41" HPOS="1442" VPOS="1068" WIDTH="104" />
<SP HEIGHT="37" HPOS="1547" VPOS="1074" WIDTH="31" />
<String CONTENT="the" HEIGHT="40" HPOS="1579" VPOS="1071" WIDTH="81" />
<SP HEIGHT="37" HPOS="1661" VPOS="1081" WIDTH="31" />
<String CONTENT="pockets" HEIGHT="47" HPOS="1693" VPOS="1071" WIDTH="197" />
<SP HEIGHT="31" HPOS="1891" VPOS="1079" WIDTH="32" />
<String CONTENT="at" HEIGHT="38" HPOS="1924" VPOS="1071" WIDTH="54" />
<SP HEIGHT="38" HPOS="1979" VPOS="1071" WIDTH="29" />
<String CONTENT="the" HEIGHT="42" HPOS="2009" VPOS="1069" WIDTH="80" />
<SP HEIGHT="42" HPOS="2090" VPOS="1069" WIDTH="31" />
<String CONTENT="back" HEIGHT="40" HPOS="2122" VPOS="1069" WIDTH="122" />
<SP HEIGHT="40" HPOS="2245" VPOS="1070" WIDTH="31" />
<String CONTENT="of" HEIGHT="40" HPOS="2277" VPOS="1070" WIDTH="52" />
<SP HEIGHT="40" HPOS="2330" VPOS="1070" WIDTH="30" />
<String CONTENT="the" HEIGHT="41" HPOS="2361" VPOS="1071" WIDTH="81" />
</TextLine>
<TextLine HEIGHT="47" HPOS="423" VPOS="1127" WIDTH="1131">
<String CONTENT="volumes" HEIGHT="39" HPOS="423" VPOS="1127" WIDTH="217" />
<SP HEIGHT="28" HPOS="641" VPOS="1138" WIDTH="28" />
<String CONTENT="of" HEIGHT="38" HPOS="670" VPOS="1127" WIDTH="53" />
<SP HEIGHT="39" HPOS="724" VPOS="1127" WIDTH="24" />
<String CONTENT="the" HEIGHT="39" HPOS="749" VPOS="1128" WIDTH="81" />
<SP HEIGHT="29" HPOS="831" VPOS="1138" WIDTH="27" />
<String CONTENT="set" HEIGHT="37" HPOS="859" VPOS="1129" WIDTH="75" />
<SP HEIGHT="38" HPOS="935" VPOS="1129" WIDTH="25" />
<String CONTENT="to" HEIGHT="38" HPOS="961" VPOS="1129" WIDTH="48" />
<SP HEIGHT="29" HPOS="1010" VPOS="1137" WIDTH="27" />
<String CONTENT="which" HEIGHT="39" HPOS="1038" VPOS="1127" WIDTH="160" />
<SP HEIGHT="39" HPOS="1199" VPOS="1127" WIDTH="27" />
<String CONTENT="they" HEIGHT="47" HPOS="1227" VPOS="1127" WIDTH="115" />
<SP HEIGHT="47" HPOS="1343" VPOS="1127" WIDTH="27" />
<String CONTENT="belong." HEIGHT="47" HPOS="1371" VPOS="1127" WIDTH="183" />
</TextLine>
<TextLine CS="1" HEIGHT="54" HPOS="424" VPOS="1192" WIDTH="1961">
<String CONTENT="&#169;" HEIGHT="54" HPOS="424" VPOS="1192" WIDTH="54" />
<SP HEIGHT="54" HPOS="479" VPOS="1192" WIDTH="26" />
<String CONTENT="Dec." HEIGHT="39" HPOS="506" VPOS="1198" WIDTH="110" />
<SP HEIGHT="39" HPOS="617" VPOS="1196" WIDTH="30" />
<String CONTENT="26," HEIGHT="49" HPOS="648" VPOS="1196" WIDTH="70" />
<SP HEIGHT="47" HPOS="719" VPOS="1198" WIDTH="29" />
<String CONTENT="1935;" CS="1" HEIGHT="41" HPOS="749" VPOS="1197" WIDTH="114" />
<SP HEIGHT="43" HPOS="891" VPOS="1196" WIDTH="31" />
<String CONTENT="2c." HEIGHT="42" HPOS="923" VPOS="1196" WIDTH="67" />
<SP HEIGHT="30" HPOS="991" VPOS="1208" WIDTH="30" />
<String CONTENT="each" HEIGHT="39" HPOS="1022" VPOS="1198" WIDTH="119" />
<SP HEIGHT="38" HPOS="1142" VPOS="1198" WIDTH="27" />
<String CONTENT="and" HEIGHT="38" HPOS="1170" VPOS="1199" WIDTH="94" />
<SP HEIGHT="38" HPOS="1265" VPOS="1199" WIDTH="30" />
<String CONTENT="aff." CS="1" HEIGHT="41" HPOS="1296" VPOS="1197" WIDTH="83" />
<SP HEIGHT="39" HPOS="1380" VPOS="1199" WIDTH="29" />
<String CONTENT="Dec." HEIGHT="39" HPOS="1410" VPOS="1199" WIDTH="112" />
<SP HEIGHT="40" HPOS="1523" VPOS="1198" WIDTH="28" />
<String CONTENT="31;" CS="1" HEIGHT="40" HPOS="1552" VPOS="1198" WIDTH="54" />
<SP HEIGHT="46" HPOS="1635" VPOS="1198" WIDTH="32" />
<String CONTENT="A" HEIGHT="39" HPOS="1668" VPOS="1198" WIDTH="41" />
<SP HEIGHT="40" HPOS="1710" VPOS="1197" WIDTH="27" />
<String CONTENT="90107;" CS="1" HEIGHT="41" HPOS="1738" VPOS="1197" WIDTH="145" />
<SP HEIGHT="47" HPOS="1911" VPOS="1197" WIDTH="35" />
<String CONTENT="Callaghan" HEIGHT="48" HPOS="1947" VPOS="1197" WIDTH="272" />
<SP HEIGHT="39" HPOS="2220" VPOS="1198" WIDTH="29" />
<String CONTENT="&amp;" HEIGHT="39" HPOS="2250" VPOS="1198" WIDTH="36" />
<SP HEIGHT="40" HPOS="2287" VPOS="1198" WIDTH="30" />
<String CONTENT="co." HEIGHT="30" HPOS="2318" VPOS="1208" WIDTH="67" />
</TextLine>
<TextLine HEIGHT="66" HPOS="429" STYLEREFS="StyleId-A3D19A4E-4E5E-4D5C-9761-1FB258042818-" VPOS="1316" WIDTH="1003">
<String CONTENT="Cheyney," HEIGHT="66" HPOS="429" VPOS="1316" WIDTH="299" />
<SP HEIGHT="64" HPOS="729" VPOS="1318" WIDTH="28" />
<String CONTENT="Edward" HEIGHT="52" HPOS="758" VPOS="1318" WIDTH="254" />
<SP HEIGHT="53" HPOS="1013" VPOS="1317" WIDTH="24" />
<String CONTENT="Potts," HEIGHT="63" HPOS="1038" VPOS="1317" WIDTH="192" />
<SP HEIGHT="59" HPOS="1231" VPOS="1321" WIDTH="28" />
<String CONTENT="1861-" HEIGHT="50" HPOS="1260" VPOS="1321" WIDTH="172" />
</TextLine>
<TextLine CS="1" HEIGHT="67" HPOS="562" STYLEREFS="StyleId-A3D19A4E-4E5E-4D5C-9761-1FB258042818-" VPOS="1395" WIDTH="1567">
<String CONTENT="&#8230;" CS="1" />
<SP HEIGHT="51" HPOS="562" VPOS="1397" WIDTH="35" />
<String CONTENT="The" HEIGHT="52" HPOS="598" VPOS="1396" WIDTH="121" />
<SP HEIGHT="53" HPOS="720" VPOS="1395" WIDTH="30" />
<String CONTENT="dawn" HEIGHT="53" HPOS="751" VPOS="1395" WIDTH="171" />
<SP HEIGHT="34" HPOS="923" VPOS="1414" WIDTH="25" />
<String CONTENT="of" HEIGHT="53" HPOS="949" VPOS="1395" WIDTH="63" />
<SP HEIGHT="52" HPOS="1013" VPOS="1395" WIDTH="29" />
<String CONTENT="a" HEIGHT="33" HPOS="1043" VPOS="1414" WIDTH="29" />
<SP HEIGHT="34" HPOS="1073" VPOS="1413" WIDTH="30" />
<String CONTENT="new" HEIGHT="35" HPOS="1104" VPOS="1413" WIDTH="123" />
<SP HEIGHT="33" HPOS="1228" VPOS="1414" WIDTH="30" />
<String CONTENT="era," HEIGHT="41" HPOS="1259" VPOS="1414" WIDTH="112" />
<SP HEIGHT="55" HPOS="1372" VPOS="1400" WIDTH="31" />
<String CONTENT="1250-1453," HEIGHT="51" HPOS="1404" VPOS="1398" WIDTH="328" />
<SP HEIGHT="53" HPOS="1733" VPOS="1396" WIDTH="30" />
<String CONTENT="by" HEIGHT="66" HPOS="1764" VPOS="1396" WIDTH="74" />
<SP HEIGHT="65" HPOS="1839" VPOS="1397" WIDTH="32" />
<String CONTENT="Edward" HEIGHT="53" HPOS="1872" VPOS="1395" WIDTH="257" />
</TextLine>
<TextLine CS="1" HEIGHT="146" HPOS="428" STYLEREFS="StyleId-A3D19A4E-4E5E-4D5C-9761-1FB258042818-" VPOS="1395" WIDTH="1989">
<String CONTENT="P." HEIGHT="51" HPOS="2160" VPOS="1397" WIDTH="66" />
<SP HEIGHT="54" HPOS="2227" VPOS="1395" WIDTH="31" />
<String CONTENT="Cheyney" HEIGHT="145" HPOS="428" VPOS="1395" WIDTH="1989" />
<SP HEIGHT="47" HPOS="538" VPOS="1493" WIDTH="32" />
<String CONTENT="&#8230;" CS="1" />
<SP HEIGHT="51" HPOS="628" VPOS="1475" WIDTH="79" />
<String CONTENT="New" HEIGHT="51" HPOS="708" VPOS="1475" WIDTH="139" />
<SP HEIGHT="51" HPOS="848" VPOS="1475" WIDTH="30" />
<String CONTENT="York" HEIGHT="53" HPOS="879" VPOS="1473" WIDTH="163" />
<SP HEIGHT="52" HPOS="1043" VPOS="1473" WIDTH="30" />
<String CONTENT="and" HEIGHT="52" HPOS="1074" VPOS="1474" WIDTH="112" />
<SP HEIGHT="52" HPOS="1187" VPOS="1474" WIDTH="29" />
<String CONTENT="London," HEIGHT="65" HPOS="1217" VPOS="1474" WIDTH="258" />
<SP HEIGHT="64" HPOS="1476" VPOS="1475" WIDTH="28" />
<String CONTENT="Harper" HEIGHT="66" HPOS="1505" VPOS="1475" WIDTH="234" />
<SP HEIGHT="50" HPOS="1740" VPOS="1477" WIDTH="28" />
<String CONTENT="&amp;" HEIGHT="50" HPOS="1769" VPOS="1477" WIDTH="46" />
<SP HEIGHT="53" HPOS="1816" VPOS="1474" WIDTH="27" />
<String CONTENT="brothers," HEIGHT="66" HPOS="1844" VPOS="1474" WIDTH="280" />
<SP HEIGHT="63" HPOS="2125" VPOS="1477" WIDTH="31" />
<String CONTENT="1936." HEIGHT="49" HPOS="2157" VPOS="1477" WIDTH="151" />
</TextLine>
<TextLine CS="1" HEIGHT="51" HPOS="494" VPOS="1545" WIDTH="1949">
<String CONTENT="x" HEIGHT="28" HPOS="494" VPOS="1558" WIDTH="31" />
<SP HEIGHT="39" HPOS="526" VPOS="1557" WIDTH="31" />
<String CONTENT="p.," HEIGHT="39" HPOS="558" VPOS="1557" WIDTH="58" />
<SP HEIGHT="47" HPOS="617" VPOS="1546" WIDTH="32" />
<String CONTENT="2" HEIGHT="39" HPOS="650" VPOS="1546" WIDTH="27" />
<SP />
<String CONTENT="l.," CS="1" />
<SP />
<String CONTENT="389" HEIGHT="42" HPOS="787" VPOS="1545" WIDTH="90" />
<SP HEIGHT="50" HPOS="878" VPOS="1545" WIDTH="28" />
<String CONTENT="p." HEIGHT="38" HPOS="907" VPOS="1557" WIDTH="43" />
<SP HEIGHT="40" HPOS="951" VPOS="1546" WIDTH="61" />
<String CONTENT="illus." HEIGHT="40" HPOS="1013" VPOS="1546" WIDTH="129" />
<SP HEIGHT="48" HPOS="1143" VPOS="1545" WIDTH="28" />
<String CONTENT="(2;" HEIGHT="48" HPOS="1172" VPOS="1545" WIDTH="53" />
<SP HEIGHT="31" HPOS="1226" VPOS="1554" WIDTH="29" />
<String CONTENT="maps)" HEIGHT="47" HPOS="1256" VPOS="1547" WIDTH="162" />
<SP HEIGHT="48" HPOS="1419" VPOS="1547" WIDTH="42" />
<String CONTENT="plates," HEIGHT="47" HPOS="1462" VPOS="1548" WIDTH="171" />
<SP HEIGHT="37" HPOS="1634" VPOS="1558" WIDTH="31" />
<String CONTENT="ports." HEIGHT="46" HPOS="1666" VPOS="1549" WIDTH="151" />
<SP HEIGHT="41" HPOS="1818" VPOS="1546" WIDTH="61" />
<String CONTENT="22&#189;cm." CS="1" HEIGHT="39" HPOS="1880" VPOS="1546" WIDTH="146" />
<SP HEIGHT="49" HPOS="2027" VPOS="1545" WIDTH="74" />
<String CONTENT="(The" HEIGHT="49" HPOS="2102" VPOS="1545" WIDTH="124" />
<SP HEIGHT="29" HPOS="2227" VPOS="1556" WIDTH="35" />
<String CONTENT="rise" HEIGHT="40" HPOS="2263" VPOS="1546" WIDTH="94" />
<SP HEIGHT="31" HPOS="2358" VPOS="1557" WIDTH="32" />
<String CONTENT="of" HEIGHT="41" HPOS="2391" VPOS="1547" WIDTH="52" />
</TextLine>
<TextLine CS="1" HEIGHT="50" HPOS="425" VPOS="1604" WIDTH="1176">
<String CONTENT="modern" HEIGHT="40" HPOS="425" LANG="en-US" VPOS="1605" WIDTH="203" />
<SP HEIGHT="39" HPOS="629" VPOS="1605" WIDTH="24" />
<String CONTENT="Europe," HEIGHT="48" HPOS="654" LANG="en-US" VPOS="1605" WIDTH="207" />
<SP HEIGHT="35" HPOS="862" VPOS="1616" WIDTH="28" />
<String CONTENT="ed." HEIGHT="40" HPOS="891" LANG="en-US" VPOS="1605" WIDTH="72" />
<SP HEIGHT="41" HPOS="964" VPOS="1604" WIDTH="26" />
<String CONTENT="by" HEIGHT="48" HPOS="991" LANG="en-US" VPOS="1604" WIDTH="62" />
<SP HEIGHT="47" HPOS="1054" VPOS="1605" WIDTH="27" />
<String CONTENT="W." HEIGHT="40" HPOS="1082" LANG="fr" VPOS="1605" WIDTH="70" />
<SP HEIGHT="41" HPOS="1153" VPOS="1604" WIDTH="28" />
<String CONTENT="L." HEIGHT="41" HPOS="1182" LANG="en-US" VPOS="1604" WIDTH="50" />
<SP HEIGHT="41" HPOS="1233" VPOS="1604" WIDTH="29" />
<String CONTENT="Langer," HEIGHT="49" HPOS="1263" LANG="de" VPOS="1604" WIDTH="201" />
<SP HEIGHT="29" HPOS="1465" VPOS="1625" WIDTH="62" />
<String CONTENT="[I])" CS="1" HEIGHT="50" HPOS="1528" LANG="en-US" VPOS="1604" WIDTH="73" />
</TextLine>
<TextLine HEIGHT="49" HPOS="500" VPOS="1662" WIDTH="622">
<String CONTENT="Maps" HEIGHT="47" HPOS="500" VPOS="1664" WIDTH="140" />
<SP HEIGHT="30" HPOS="641" VPOS="1673" WIDTH="27" />
<String CONTENT="on" HEIGHT="28" HPOS="669" VPOS="1673" WIDTH="60" />
<SP HEIGHT="37" HPOS="730" VPOS="1664" WIDTH="25" />
<String CONTENT="lining-papers." HEIGHT="48" HPOS="756" VPOS="1662" WIDTH="366" />
</TextLine>
<TextLine HEIGHT="42" HPOS="497" VPOS="1718" WIDTH="420">
<String CONTENT="&#8220;First" HEIGHT="41" HPOS="497" VPOS="1719" WIDTH="162" />
<SP HEIGHT="38" HPOS="660" VPOS="1722" WIDTH="29" />
<String CONTENT="edition.&#8221;" HEIGHT="42" HPOS="690" VPOS="1718" WIDTH="227" />
</TextLine>
<TextLine CS="1" HEIGHT="51" HPOS="498" VPOS="1775" WIDTH="1028">
<String CONTENT="&#8220;Bibliographical" HEIGHT="50" HPOS="498" VPOS="1776" WIDTH="444" />
<SP HEIGHT="37" HPOS="943" VPOS="1779" WIDTH="29" />
<String CONTENT="notes&quot;&#8217;:" CS="1" HEIGHT="41" HPOS="973" VPOS="1775" WIDTH="167" />
<SP HEIGHT="37" HPOS="1170" VPOS="1787" WIDTH="30" />
<String CONTENT="p." HEIGHT="37" HPOS="1201" VPOS="1787" WIDTH="43" />
<SP HEIGHT="29" HPOS="1245" VPOS="1796" WIDTH="32" />
<String CONTENT="[341]-378." HEIGHT="49" HPOS="1278" VPOS="1776" WIDTH="248" />
</TextLine>
<TextLine HEIGHT="54" HPOS="427" VPOS="1843" WIDTH="1875">
<String CONTENT="&#169;" HEIGHT="54" HPOS="427" VPOS="1843" WIDTH="53" />
<SP HEIGHT="54" HPOS="481" VPOS="1843" WIDTH="29" />
<String CONTENT="Feb." HEIGHT="40" HPOS="511" VPOS="1848" WIDTH="111" />
<SP HEIGHT="39" HPOS="623" VPOS="1849" WIDTH="29" />
<String CONTENT="7," HEIGHT="46" HPOS="653" VPOS="1849" WIDTH="41" />
<SP HEIGHT="47" HPOS="695" VPOS="1848" WIDTH="28" />
<String CONTENT="1936;" HEIGHT="47" HPOS="724" VPOS="1847" WIDTH="141" />
<SP HEIGHT="47" HPOS="866" VPOS="1847" WIDTH="32" />
<String CONTENT="2c." HEIGHT="41" HPOS="899" VPOS="1847" WIDTH="68" />
<SP HEIGHT="40" HPOS="968" VPOS="1847" WIDTH="30" />
<String CONTENT="Feb," HEIGHT="40" HPOS="999" VPOS="1847" WIDTH="110" />
<SP HEIGHT="40" HPOS="1110" VPOS="1847" WIDTH="32" />
<String CONTENT="6;" HEIGHT="46" HPOS="1143" VPOS="1847" WIDTH="52" />
<SP HEIGHT="35" HPOS="1196" VPOS="1858" WIDTH="34" />
<String CONTENT="aff." HEIGHT="40" HPOS="1231" VPOS="1847" WIDTH="81" />
<SP HEIGHT="39" HPOS="1313" VPOS="1847" WIDTH="31" />
<String CONTENT="Feb," HEIGHT="40" HPOS="1345" VPOS="1847" WIDTH="111" />
<SP HEIGHT="40" HPOS="1457" VPOS="1847" WIDTH="25" />
<String CONTENT="10;" HEIGHT="47" HPOS="1483" VPOS="1847" WIDTH="84" />
<SP HEIGHT="47" HPOS="1568" VPOS="1847" WIDTH="32" />
<String CONTENT="A" HEIGHT="39" HPOS="1601" VPOS="1847" WIDTH="40" />
<SP HEIGHT="41" HPOS="1642" VPOS="1846" WIDTH="30" />
<String CONTENT="91676;" HEIGHT="48" HPOS="1673" VPOS="1846" WIDTH="171" />
<SP HEIGHT="47" HPOS="1845" VPOS="1847" WIDTH="34" />
<String CONTENT="Harper" HEIGHT="47" HPOS="1880" VPOS="1847" WIDTH="198" />
<SP HEIGHT="40" HPOS="2079" VPOS="1847" WIDTH="29" />
<String CONTENT="&amp;" HEIGHT="40" HPOS="2109" VPOS="1847" WIDTH="37" />
<SP HEIGHT="40" HPOS="2147" VPOS="1847" WIDTH="29" />
<String CONTENT="bros." HEIGHT="39" HPOS="2177" VPOS="1847" WIDTH="125" />
</TextLine>
<TextLine HEIGHT="49" HPOS="506" VPOS="1904" WIDTH="253">
<String CONTENT="(36-3968)" HEIGHT="49" HPOS="506" VPOS="1904" WIDTH="253" />
</TextLine>
<TextLine CS="1" HEIGHT="67" HPOS="431" STYLEREFS="StyleId-A3D19A4E-4E5E-4D5C-9761-1FB258042818-" VPOS="2007" WIDTH="1651">
<String CONTENT="Cold" HEIGHT="56" HPOS="431" VPOS="2008" WIDTH="140" />
<SP HEIGHT="53" HPOS="572" VPOS="2010" WIDTH="28" />
<String CONTENT="Spring" HEIGHT="64" HPOS="601" VPOS="2009" WIDTH="219" />
<SP HEIGHT="63" HPOS="821" VPOS="2010" WIDTH="28" />
<String CONTENT="Harbor," HEIGHT="64" HPOS="850" VPOS="2009" WIDTH="254" />
<SP HEIGHT="65" HPOS="1105" VPOS="2008" WIDTH="27" />
<String CONTENT="N." HEIGHT="54" HPOS="1133" LANG="fi" VPOS="2008" WIDTH="73" />
<SP HEIGHT="54" HPOS="1207" VPOS="2008" WIDTH="29" />
<String CONTENT="Y." HEIGHT="52" HPOS="1237" VPOS="2008" WIDTH="70" />
<SP HEIGHT="50" HPOS="1308" VPOS="2010" WIDTH="73" />
<String CONTENT="Biological" HEIGHT="67" HPOS="1382" VPOS="2007" WIDTH="324" />
<SP HEIGHT="52" HPOS="1707" VPOS="2009" WIDTH="28" />
<String CONTENT="lab" CS="1" HEIGHT="53" HPOS="1736" LANG="fi" VPOS="2009" WIDTH="53" />
<String CONTENT="oratory." HEIGHT="59" HPOS="1834" VPOS="2015" WIDTH="248" />
</TextLine>
<TextLine HEIGHT="70" HPOS="503" STYLEREFS="StyleId-A3D19A4E-4E5E-4D5C-9761-1FB258042818-" VPOS="2084" WIDTH="1939">
<String CONTENT="Cold" HEIGHT="54" HPOS="503" VPOS="2088" WIDTH="144" />
<SP HEIGHT="55" HPOS="648" VPOS="2087" WIDTH="61" />
<String CONTENT="Spring" HEIGHT="67" HPOS="710" VPOS="2087" WIDTH="220" />
<SP HEIGHT="66" HPOS="931" VPOS="2088" WIDTH="55" />
<String CONTENT="Harbor" HEIGHT="52" HPOS="987" VPOS="2087" WIDTH="234" />
<SP HEIGHT="34" HPOS="1222" VPOS="2105" WIDTH="57" />
<String CONTENT="symposia" HEIGHT="67" HPOS="1280" VPOS="2086" WIDTH="287" />
<SP HEIGHT="34" HPOS="1568" VPOS="2104" WIDTH="56" />
<String CONTENT="on" HEIGHT="33" HPOS="1625" VPOS="2104" WIDTH="71" />
<SP HEIGHT="50" HPOS="1697" VPOS="2102" WIDTH="56" />
<String CONTENT="quantitative" HEIGHT="68" HPOS="1754" VPOS="2084" WIDTH="384" />
<SP HEIGHT="53" HPOS="2139" VPOS="2085" WIDTH="52" />
<String CONTENT="biology," HEIGHT="67" HPOS="2192" VPOS="2085" WIDTH="250" />
</TextLine>
<TextLine HEIGHT="69" HPOS="431" STYLEREFS="StyleId-A3D19A4E-4E5E-4D5C-9761-1FB258042818-" VPOS="2162" WIDTH="2010">
<String CONTENT="volume" HEIGHT="53" HPOS="431" VPOS="2166" WIDTH="224" />
<SP HEIGHT="49" HPOS="656" VPOS="2169" WIDTH="32" />
<String CONTENT="3." HEIGHT="49" HPOS="689" VPOS="2169" WIDTH="47" />
<SP HEIGHT="54" HPOS="737" VPOS="2166" WIDTH="72" />
<String CONTENT="Cold" HEIGHT="55" HPOS="810" VPOS="2165" WIDTH="145" />
<SP HEIGHT="54" HPOS="956" VPOS="2165" WIDTH="37" />
<String CONTENT="Spring" HEIGHT="66" HPOS="994" VPOS="2165" WIDTH="220" />
<SP HEIGHT="66" HPOS="1215" VPOS="2165" WIDTH="29" />
<String CONTENT="Harbor," HEIGHT="65" HPOS="1245" VPOS="2165" WIDTH="250" />
<SP HEIGHT="64" HPOS="1496" VPOS="2166" WIDTH="33" />
<String CONTENT="L." HEIGHT="51" HPOS="1530" LANG="fr" VPOS="2166" WIDTH="63" />
<SP HEIGHT="52" HPOS="1594" VPOS="2165" WIDTH="34" />
<String CONTENT="I.," HEIGHT="54" HPOS="1629" VPOS="2165" WIDTH="67" />
<SP HEIGHT="53" HPOS="1697" VPOS="2166" WIDTH="32" />
<String CONTENT="N." HEIGHT="51" HPOS="1730" LANG="fi" VPOS="2166" WIDTH="69" />
<SP HEIGHT="52" HPOS="1800" VPOS="2165" WIDTH="37" />
<String CONTENT="Y.," HEIGHT="64" HPOS="1838" VPOS="2165" WIDTH="91" />
<SP HEIGHT="63" HPOS="1930" VPOS="2166" WIDTH="31" />
<String CONTENT="The" HEIGHT="53" HPOS="1962" VPOS="2164" WIDTH="122" />
<SP HEIGHT="50" HPOS="2085" VPOS="2166" WIDTH="36" />
<String CONTENT="Biological" HEIGHT="69" HPOS="2122" VPOS="2162" WIDTH="319" />
</TextLine>
<TextLine HEIGHT="67" HPOS="430" STYLEREFS="StyleId-A3D19A4E-4E5E-4D5C-9761-1FB258042818-" VPOS="2244" WIDTH="531">
<String CONTENT="laboratory," HEIGHT="67" HPOS="430" VPOS="2244" WIDTH="350" />
<SP HEIGHT="63" HPOS="781" VPOS="2248" WIDTH="28" />
<String CONTENT="1935." HEIGHT="52" HPOS="810" VPOS="2247" WIDTH="151" />
</TextLine>
<TextLine CS="1" HEIGHT="51" HPOS="567" VPOS="2316" WIDTH="798">
<String CONTENT="xv," CS="1" HEIGHT="16" HPOS="567" VPOS="2350" WIDTH="8" />
<SP HEIGHT="47" HPOS="576" VPOS="2319" WIDTH="27" />
<String CONTENT="359." HEIGHT="42" HPOS="604" VPOS="2317" WIDTH="101" />
<SP HEIGHT="38" HPOS="706" VPOS="2329" WIDTH="27" />
<String CONTENT="p." HEIGHT="38" HPOS="734" VPOS="2329" WIDTH="43" />
<SP HEIGHT="41" HPOS="778" VPOS="2317" WIDTH="57" />
<String CONTENT="illus.," HEIGHT="49" HPOS="836" VPOS="2317" WIDTH="143" />
<SP HEIGHT="48" HPOS="980" VPOS="2318" WIDTH="29" />
<String CONTENT="diagrs." HEIGHT="49" HPOS="1010" VPOS="2316" WIDTH="181" />
<SP HEIGHT="41" HPOS="1192" VPOS="2316" WIDTH="56" />
<String CONTENT="28cm." CS="1" HEIGHT="41" HPOS="1249" VPOS="2316" WIDTH="116" />
</TextLine>
<TextLine HEIGHT="49" HPOS="499" VPOS="2374" WIDTH="652">
<String CONTENT="Includes" HEIGHT="40" HPOS="499" VPOS="2376" WIDTH="227" />
<SP HEIGHT="39" HPOS="727" VPOS="2376" WIDTH="29" />
<String CONTENT="bibliographies." HEIGHT="49" HPOS="757" VPOS="2374" WIDTH="394" />
</TextLine>
<TextLine CS="1" HEIGHT="54" HPOS="429" VPOS="2442" WIDTH="2016">
<String CONTENT="&#169;" HEIGHT="54" HPOS="429" VPOS="2442" WIDTH="52" />
<SP HEIGHT="54" HPOS="482" VPOS="2442" WIDTH="24" />
<String CONTENT="Nov." HEIGHT="39" HPOS="507" VPOS="2447" WIDTH="117" />
<SP HEIGHT="40" HPOS="625" VPOS="2446" WIDTH="26" />
<String CONTENT="29," HEIGHT="49" HPOS="652" VPOS="2445" WIDTH="70" />
<SP HEIGHT="48" HPOS="723" VPOS="2446" WIDTH="26" />
<String CONTENT="1935;" CS="1" HEIGHT="41" HPOS="750" VPOS="2445" WIDTH="115" />
<SP HEIGHT="48" HPOS="892" VPOS="2445" WIDTH="27" />
<String CONTENT="2c." HEIGHT="41" HPOS="920" VPOS="2445" WIDTH="68" />
<SP HEIGHT="39" HPOS="989" VPOS="2447" WIDTH="25" />
<String CONTENT="Dec." HEIGHT="39" HPOS="1015" VPOS="2447" WIDTH="112" />
<SP HEIGHT="41" HPOS="1128" VPOS="2445" WIDTH="24" />
<String CONTENT="4;" CS="1" HEIGHT="39" HPOS="1153" VPOS="2445" WIDTH="30" />
<SP HEIGHT="36" HPOS="1208" VPOS="2455" WIDTH="29" />
<String CONTENT="aff." HEIGHT="42" HPOS="1238" VPOS="2444" WIDTH="81" />
<SP HEIGHT="40" HPOS="1320" VPOS="2446" WIDTH="27" />
<String CONTENT="Dec." HEIGHT="38" HPOS="1348" VPOS="2446" WIDTH="111" />
<SP HEIGHT="39" HPOS="1460" VPOS="2445" WIDTH="26" />
<String CONTENT="23:" CS="1" HEIGHT="39" HPOS="1487" VPOS="2445" WIDTH="54" />
<SP HEIGHT="39" HPOS="1569" VPOS="2445" WIDTH="29" />
<String CONTENT="A" HEIGHT="38" HPOS="1599" VPOS="2445" WIDTH="40" />
<SP HEIGHT="40" HPOS="1640" VPOS="2444" WIDTH="25" />
<String CONTENT="88988:" CS="1" HEIGHT="40" HPOS="1666" VPOS="2444" WIDTH="84" />
<SP HEIGHT="39" HPOS="1837" VPOS="2445" WIDTH="29" />
<String CONTENT="Biological" HEIGHT="49" HPOS="1867" VPOS="2442" WIDTH="270" />
<SP HEIGHT="38" HPOS="2138" VPOS="2445" WIDTH="24" />
<String CONTENT="laboratory" HEIGHT="48" HPOS="2163" VPOS="2443" WIDTH="282" />
</TextLine>
<TextLine CS="1" HEIGHT="49" HPOS="500" VPOS="2502" WIDTH="1094">
<String CONTENT="of" HEIGHT="39" HPOS="500" VPOS="2504" WIDTH="52" />
<SP HEIGHT="40" HPOS="553" VPOS="2504" WIDTH="24" />
<String CONTENT="the" HEIGHT="41" HPOS="578" VPOS="2505" WIDTH="82" />
<SP HEIGHT="42" HPOS="661" VPOS="2504" WIDTH="26" />
<String CONTENT="Long" HEIGHT="47" HPOS="688" VPOS="2504" WIDTH="134" />
<SP HEIGHT="46" HPOS="823" VPOS="2505" WIDTH="26" />
<String CONTENT="Island" HEIGHT="39" HPOS="850" VPOS="2504" WIDTH="170" />
<SP HEIGHT="40" HPOS="1021" VPOS="2503" WIDTH="23" />
<String CONTENT="biological" HEIGHT="48" HPOS="1045" VPOS="2502" WIDTH="256" />
<SP HEIGHT="38" HPOS="1302" VPOS="2504" WIDTH="28" />
<String CONTENT="assn.," HEIGHT="37" HPOS="1331" VPOS="2513" WIDTH="142" />
<SP />
<String CONTENT="inc." HEIGHT="40" HPOS="1503" VPOS="2502" WIDTH="91" />
</TextLine>
<TextLine HEIGHT="67" HPOS="436" STYLEREFS="StyleId-A3D19A4E-4E5E-4D5C-9761-1FB258042818-" VPOS="2608" WIDTH="512">
<String CONTENT="[Conger," HEIGHT="65" HPOS="436" VPOS="2610" WIDTH="270" />
<SP HEIGHT="64" HPOS="707" VPOS="2609" WIDTH="23" />
<String CONTENT="Beach]" HEIGHT="67" HPOS="731" VPOS="2608" WIDTH="217" />
</TextLine>
<TextLine CS="1" HEIGHT="69" HPOS="500" STYLEREFS="StyleId-A3D19A4E-4E5E-4D5C-9761-1FB258042818-" VPOS="2683" WIDTH="1944">
<String CONTENT="World" HEIGHT="54" HPOS="500" VPOS="2688" WIDTH="206" />
<SP HEIGHT="52" HPOS="707" VPOS="2687" WIDTH="42" />
<String CONTENT="letters," HEIGHT="65" HPOS="750" VPOS="2687" WIDTH="213" />
<SP HEIGHT="66" HPOS="964" VPOS="2686" WIDTH="41" />
<String CONTENT="incorporated" HEIGHT="67" HPOS="1006" VPOS="2685" WIDTH="403" />
<SP HEIGHT="54" HPOS="1410" VPOS="2685" WIDTH="47" />
<String CONTENT="&#8230;" CS="1" />
<SP HEIGHT="55" HPOS="1515" VPOS="2684" WIDTH="48" />
<String CONTENT="Arequipa," HEIGHT="68" HPOS="1564" VPOS="2683" WIDTH="313" />
<SP HEIGHT="64" HPOS="1878" VPOS="2686" WIDTH="41" />
<String CONTENT="Peru," HEIGHT="64" HPOS="1920" VPOS="2686" WIDTH="171" />
<SP HEIGHT="64" HPOS="2092" VPOS="2686" WIDTH="42" />
<String CONTENT="December" HEIGHT="53" HPOS="2135" VPOS="2684" WIDTH="309" />
</TextLine>
<TextLine CS="1" HEIGHT="70" HPOS="434" STYLEREFS="StyleId-A3D19A4E-4E5E-4D5C-9761-1FB258042818-" VPOS="2762" WIDTH="1832">
<String CONTENT="5," HEIGHT="62" HPOS="434" VPOS="2770" WIDTH="48" />
<SP HEIGHT="63" HPOS="483" VPOS="2769" WIDTH="39" />
<String CONTENT="1935" HEIGHT="50" HPOS="523" VPOS="2768" WIDTH="133" />
<SP HEIGHT="37" HPOS="672" VPOS="2780" WIDTH="31" />
<String CONTENT="&#8230;" CS="1" />
<SP HEIGHT="34" HPOS="760" VPOS="2798" WIDTH="84" />
<String CONTENT="[Arequipa," HEIGHT="69" HPOS="845" VPOS="2763" WIDTH="332" />
<SP HEIGHT="53" HPOS="1178" VPOS="2766" WIDTH="37" />
<String CONTENT="Peru," HEIGHT="62" HPOS="1216" VPOS="2766" WIDTH="169" />
<SP HEIGHT="63" HPOS="1386" VPOS="2765" WIDTH="35" />
<String CONTENT="World" HEIGHT="56" HPOS="1422" VPOS="2763" WIDTH="204" />
<SP HEIGHT="52" HPOS="1627" VPOS="2763" WIDTH="38" />
<String CONTENT="letters," HEIGHT="55" HPOS="1666" VPOS="2763" WIDTH="213" />
<SP HEIGHT="56" HPOS="1880" VPOS="2762" WIDTH="36" />
<String CONTENT="inc.]" HEIGHT="66" HPOS="1917" VPOS="2762" WIDTH="128" />
<SP HEIGHT="60" HPOS="2046" VPOS="2768" WIDTH="44" />
<String CONTENT="c1935." HEIGHT="50" HPOS="2091" VPOS="2765" WIDTH="175" />
</TextLine>
<TextLine CS="1" HEIGHT="50" HPOS="499" STYLEREFS="StyleId-A3D19A4E-4E5E-4D5C-9761-1FB258042818-" VPOS="2837" WIDTH="585">
<String CONTENT="p." HEIGHT="37" HPOS="499" VPOS="2850" WIDTH="43" />
<SP HEIGHT="40" HPOS="543" VPOS="2839" WIDTH="25" />
<String CONTENT="49-52." HEIGHT="41" HPOS="569" VPOS="2837" WIDTH="159" />
<SP HEIGHT="39" HPOS="729" VPOS="2838" WIDTH="54" />
<String CONTENT="illus." HEIGHT="40" HPOS="784" VPOS="2838" WIDTH="128" />
<SP HEIGHT="39" HPOS="913" VPOS="2837" WIDTH="52" />
<String CONTENT="28cm." CS="1" HEIGHT="41" HPOS="966" VPOS="2837" WIDTH="118" />
</TextLine>
<TextLine HEIGHT="50" HPOS="499" VPOS="2894" WIDTH="471">
<String CONTENT="&#8220;Mimeographed.&#8221;" HEIGHT="50" HPOS="499" VPOS="2894" WIDTH="471" />
</TextLine>
<TextLine CS="1" HEIGHT="54" HPOS="430" VPOS="2962" WIDTH="2013">
<String CONTENT="&#169;" HEIGHT="52" HPOS="430" VPOS="2964" WIDTH="53" />
<SP />
<String CONTENT="1c." CS="1" />
<SP />
<String CONTENT="Jan." HEIGHT="40" HPOS="608" VPOS="2968" WIDTH="110" />
<SP HEIGHT="40" HPOS="719" VPOS="2968" WIDTH="28" />
<String CONTENT="29," HEIGHT="49" HPOS="748" VPOS="2966" WIDTH="69" />
<SP HEIGHT="47" HPOS="818" VPOS="2968" WIDTH="28" />
<String CONTENT="1936;" CS="1" />
<SP HEIGHT="46" HPOS="989" VPOS="2967" WIDTH="30" />
<String CONTENT="A" HEIGHT="38" HPOS="1020" VPOS="2967" WIDTH="41" />
<SP HEIGHT="38" HPOS="1062" VPOS="2967" WIDTH="26" />
<String CONTENT="ad" HEIGHT="39" HPOS="1089" VPOS="2967" WIDTH="63" />
<SP HEIGHT="40" HPOS="1153" VPOS="2966" WIDTH="27" />
<String CONTENT="int." HEIGHT="40" HPOS="1181" VPOS="2966" WIDTH="87" />
<SP HEIGHT="40" HPOS="1269" VPOS="2965" WIDTH="27" />
<String CONTENT="21063;" HEIGHT="46" HPOS="1297" VPOS="2965" WIDTH="171" />
<SP HEIGHT="38" HPOS="1469" VPOS="2975" WIDTH="30" />
<String CONTENT="pubd." HEIGHT="48" HPOS="1500" VPOS="2965" WIDTH="141" />
<SP HEIGHT="39" HPOS="1642" VPOS="2965" WIDTH="31" />
<String CONTENT="Dec." HEIGHT="40" HPOS="1674" VPOS="2965" WIDTH="111" />
<SP HEIGHT="41" HPOS="1786" VPOS="2964" WIDTH="28" />
<String CONTENT="5," HEIGHT="47" HPOS="1815" VPOS="2964" WIDTH="40" />
<SP HEIGHT="47" HPOS="1856" VPOS="2964" WIDTH="29" />
<String CONTENT="1935;" HEIGHT="44" HPOS="1886" VPOS="2962" WIDTH="142" />
<SP HEIGHT="42" HPOS="2029" VPOS="2964" WIDTH="31" />
<String CONTENT="World" HEIGHT="40" HPOS="2061" VPOS="2964" WIDTH="167" />
<SP HEIGHT="39" HPOS="2229" VPOS="2965" WIDTH="28" />
<String CONTENT="letters," HEIGHT="46" HPOS="2258" VPOS="2965" WIDTH="185" />
</TextLine>
<TextLine HEIGHT="49" HPOS="502" VPOS="3024" WIDTH="642">
<String CONTENT="inc.," HEIGHT="48" HPOS="502" VPOS="3025" WIDTH="105" />
<SP HEIGHT="47" HPOS="608" VPOS="3026" WIDTH="24" />
<String CONTENT="East" HEIGHT="40" HPOS="633" VPOS="3026" WIDTH="121" />
<SP HEIGHT="41" HPOS="755" VPOS="3025" WIDTH="22" />
<String CONTENT="Aurora," HEIGHT="46" HPOS="778" VPOS="3025" WIDTH="207" />
<SP HEIGHT="46" HPOS="986" VPOS="3025" WIDTH="23" />
<String CONTENT="N." HEIGHT="40" HPOS="1010" LANG="fi" VPOS="3025" WIDTH="55" />
<SP HEIGHT="41" HPOS="1066" VPOS="3024" WIDTH="24" />
<String CONTENT="Y." HEIGHT="39" HPOS="1091" VPOS="3024" WIDTH="53" />
</TextLine>
<TextLine CS="1" HEIGHT="69" HPOS="502" STYLEREFS="StyleId-A3D19A4E-4E5E-4D5C-9761-1FB258042818-" VPOS="3124" WIDTH="1943">
<String CONTENT="World" HEIGHT="56" HPOS="502" VPOS="3126" WIDTH="206" />
<SP HEIGHT="53" HPOS="709" VPOS="3127" WIDTH="39" />
<String CONTENT="letters," HEIGHT="65" HPOS="749" VPOS="3128" WIDTH="213" />
<SP HEIGHT="67" HPOS="963" VPOS="3126" WIDTH="38" />
<String CONTENT="incorporated" HEIGHT="67" HPOS="1002" VPOS="3126" WIDTH="402" />
<SP HEIGHT="52" HPOS="1405" VPOS="3126" WIDTH="46" />
<String CONTENT="&#8230;" CS="1" />
<SP HEIGHT="54" HPOS="1508" VPOS="3125" WIDTH="46" />
<String CONTENT="Cuzco;" HEIGHT="65" HPOS="1555" VPOS="3125" WIDTH="202" />
<SP HEIGHT="64" HPOS="1758" VPOS="3126" WIDTH="39" />
<String CONTENT="Peru," HEIGHT="55" HPOS="1798" VPOS="3126" WIDTH="169" />
<SP HEIGHT="55" HPOS="1968" VPOS="3126" WIDTH="41" />
<String CONTENT="December" HEIGHT="53" HPOS="2010" VPOS="3124" WIDTH="308" />
<SP HEIGHT="48" HPOS="2319" VPOS="3127" WIDTH="43" />
<String CONTENT="12," HEIGHT="62" HPOS="2363" VPOS="3127" WIDTH="82" />
</TextLine>
<TextLine CS="1" HEIGHT="70" HPOS="436" STYLEREFS="StyleId-A3D19A4E-4E5E-4D5C-9761-1FB258042818-" VPOS="3202" WIDTH="1593">
<String CONTENT="1935" HEIGHT="51" HPOS="436" VPOS="3209" WIDTH="133" />
<SP HEIGHT="48" HPOS="570" VPOS="3209" WIDTH="37" />
<String CONTENT="&#8230;" CS="1" />
<SP HEIGHT="32" HPOS="666" VPOS="3240" WIDTH="84" />
<String CONTENT="[Cuzco," HEIGHT="67" HPOS="751" VPOS="3205" WIDTH="223" />
<SP HEIGHT="64" HPOS="975" VPOS="3207" WIDTH="31" />
<String CONTENT="Peru," HEIGHT="54" HPOS="1007" VPOS="3207" WIDTH="170" />
<SP HEIGHT="55" HPOS="1178" VPOS="3206" WIDTH="30" />
<String CONTENT="World" HEIGHT="56" HPOS="1209" VPOS="3204" WIDTH="203" />
<SP HEIGHT="52" HPOS="1413" VPOS="3204" WIDTH="32" />
<String CONTENT="letters," HEIGHT="58" HPOS="1446" VPOS="3205" WIDTH="212" />
<SP HEIGHT="61" HPOS="1659" VPOS="3202" WIDTH="28" />
<String CONTENT="inc.]" HEIGHT="67" HPOS="1688" VPOS="3202" WIDTH="127" />
<SP HEIGHT="61" HPOS="1816" VPOS="3208" WIDTH="39" />
<String CONTENT="c1935." HEIGHT="50" HPOS="1856" VPOS="3205" WIDTH="173" />
</TextLine>
<TextLine CS="1" HEIGHT="49" HPOS="502" STYLEREFS="StyleId-A3D19A4E-4E5E-4D5C-9761-1FB258042818-" VPOS="3278" WIDTH="591">
<String CONTENT="p." HEIGHT="37" HPOS="502" VPOS="3290" WIDTH="43" />
<SP HEIGHT="39" HPOS="546" VPOS="3280" WIDTH="27" />
<String CONTENT="53-56." HEIGHT="40" HPOS="574" VPOS="3279" WIDTH="159" />
<SP HEIGHT="41" HPOS="734" VPOS="3278" WIDTH="55" />
<String CONTENT="illus." HEIGHT="40" HPOS="790" VPOS="3278" WIDTH="129" />
<SP HEIGHT="39" HPOS="920" VPOS="3279" WIDTH="55" />
<String CONTENT="28cm." CS="1" HEIGHT="41" HPOS="976" VPOS="3278" WIDTH="117" />
</TextLine>
<TextLine HEIGHT="50" HPOS="502" VPOS="3334" WIDTH="469">
<String CONTENT="&#8220;Mimeographed.&#8221;" HEIGHT="50" HPOS="502" VPOS="3334" WIDTH="469" />
</TextLine>
<TextLine CS="1" HEIGHT="53" HPOS="432" VPOS="3401" WIDTH="2012">
<String CONTENT="&#169;" HEIGHT="53" HPOS="432" VPOS="3401" WIDTH="53" />
<SP />
<String CONTENT="1c." CS="1" />
<SP />
<String CONTENT="Jan." HEIGHT="39" HPOS="604" VPOS="3406" WIDTH="109" />
<SP HEIGHT="38" HPOS="714" VPOS="3406" WIDTH="27" />
<String CONTENT="29," HEIGHT="45" HPOS="742" VPOS="3406" WIDTH="69" />
<SP HEIGHT="44" HPOS="812" VPOS="3407" WIDTH="27" />
<String CONTENT="1936;" CS="1" />
<SP HEIGHT="46" HPOS="981" VPOS="3406" WIDTH="29" />
<String CONTENT="A" HEIGHT="38" HPOS="1011" VPOS="3406" WIDTH="39" />
<SP HEIGHT="39" HPOS="1051" VPOS="3406" WIDTH="26" />
<String CONTENT="ad" HEIGHT="38" HPOS="1078" VPOS="3407" WIDTH="60" />
<SP HEIGHT="39" HPOS="1139" VPOS="3405" WIDTH="28" />
<String CONTENT="int." HEIGHT="40" HPOS="1168" VPOS="3405" WIDTH="85" />
<SP HEIGHT="38" HPOS="1254" VPOS="3406" WIDTH="27" />
<String CONTENT="21064:" HEIGHT="41" HPOS="1282" VPOS="3404" WIDTH="170" />
<SP HEIGHT="37" HPOS="1453" VPOS="3414" WIDTH="29" />
<String CONTENT="pubd." HEIGHT="47" HPOS="1483" VPOS="3404" WIDTH="141" />
<SP HEIGHT="38" HPOS="1625" VPOS="3404" WIDTH="30" />
<String CONTENT="Dec." HEIGHT="39" HPOS="1656" VPOS="3404" WIDTH="109" />
<SP HEIGHT="39" HPOS="1766" VPOS="3403" WIDTH="27" />
<String CONTENT="12," HEIGHT="49" HPOS="1794" VPOS="3401" WIDTH="68" />
<SP HEIGHT="48" HPOS="1863" VPOS="3402" WIDTH="27" />
<String CONTENT="1935:" HEIGHT="41" HPOS="1891" VPOS="3402" WIDTH="142" />
<SP HEIGHT="40" HPOS="2034" VPOS="3403" WIDTH="30" />
<String CONTENT="World" HEIGHT="40" HPOS="2065" VPOS="3403" WIDTH="165" />
<SP HEIGHT="40" HPOS="2231" VPOS="3403" WIDTH="27" />
<String CONTENT="letters," HEIGHT="47" HPOS="2259" VPOS="3403" WIDTH="185" />
</TextLine>
<TextLine HEIGHT="48" HPOS="502" VPOS="3463" WIDTH="654">
<String CONTENT="inc.," HEIGHT="48" HPOS="502" VPOS="3463" WIDTH="105" />
<SP HEIGHT="47" HPOS="608" VPOS="3464" WIDTH="26" />
<String CONTENT="East" HEIGHT="40" HPOS="635" VPOS="3464" WIDTH="124" />
<SP HEIGHT="40" HPOS="760" VPOS="3464" WIDTH="22" />
<String CONTENT="Aurora," HEIGHT="46" HPOS="783" VPOS="3464" WIDTH="206" />
<SP HEIGHT="47" HPOS="990" VPOS="3463" WIDTH="26" />
<String CONTENT="N." HEIGHT="40" HPOS="1017" LANG="fi" VPOS="3463" WIDTH="55" />
<SP HEIGHT="40" HPOS="1073" VPOS="3463" WIDTH="29" />
<String CONTENT="Y." HEIGHT="40" HPOS="1103" VPOS="3463" WIDTH="53" />
</TextLine>
<TextLine CS="1" HEIGHT="64" HPOS="435" STYLEREFS="StyleId-A3D19A4E-4E5E-4D5C-9761-1FB258042818-" VPOS="3567" WIDTH="805">
<String CONTENT="Cope," HEIGHT="62" HPOS="435" LANG="en-US" VPOS="3569" WIDTH="172" />
<SP HEIGHT="62" HPOS="608" VPOS="3568" WIDTH="29" />
<String CONTENT="Gertrude" HEIGHT="53" HPOS="638" LANG="en-US" VPOS="3568" WIDTH="295" />
<SP HEIGHT="54" HPOS="934" VPOS="3567" WIDTH="29" />
<String CONTENT="Venetta." CS="1" HEIGHT="55" HPOS="964" LANG="fi" VPOS="3567" WIDTH="276" />
</TextLine>
<TextLine CS="1" HEIGHT="151" HPOS="434" STYLEREFS="StyleId-A3D19A4E-4E5E-4D5C-9761-1FB258042818-" VPOS="3637" WIDTH="1989">
<String CONTENT="The" HEIGHT="52" HPOS="504" VPOS="3643" WIDTH="122" />
<SP HEIGHT="52" HPOS="627" VPOS="3643" WIDTH="27" />
<String CONTENT="heritage" HEIGHT="67" HPOS="655" VPOS="3643" WIDTH="256" />
<SP HEIGHT="35" HPOS="912" VPOS="3660" WIDTH="29" />
<String CONTENT="of" HEIGHT="53" HPOS="942" VPOS="3642" WIDTH="63" />
<SP HEIGHT="53" HPOS="1006" VPOS="3642" WIDTH="27" />
<String CONTENT="the" HEIGHT="53" HPOS="1034" VPOS="3642" WIDTH="95" />
<SP HEIGHT="50" HPOS="1130" VPOS="3659" WIDTH="27" />
<String CONTENT="quest," HEIGHT="62" HPOS="1158" VPOS="3647" WIDTH="176" />
<SP HEIGHT="68" HPOS="1335" VPOS="3640" WIDTH="31" />
<String CONTENT="by" HEIGHT="69" HPOS="1367" VPOS="3640" WIDTH="71" />
<SP HEIGHT="70" HPOS="1439" VPOS="3639" WIDTH="32" />
<String CONTENT="Gertrude" HEIGHT="55" HPOS="1472" VPOS="3638" WIDTH="281" />
<SP HEIGHT="54" HPOS="1754" VPOS="3638" WIDTH="30" />
<String CONTENT="Venetta" CS="1" HEIGHT="54" HPOS="1785" LANG="fi" VPOS="3638" WIDTH="203" />
<SP HEIGHT="55" HPOS="2025" VPOS="3637" WIDTH="36" />
<String CONTENT="Cope." HEIGHT="70" HPOS="2062" VPOS="3637" WIDTH="170" />
<SP HEIGHT="51" HPOS="2233" VPOS="3639" WIDTH="80" />
<String CONTENT="Boston," HEIGHT="149" HPOS="434" VPOS="3639" WIDTH="1989" />
<SP HEIGHT="68" HPOS="551" VPOS="3720" WIDTH="26" />
<String CONTENT="Marshall" HEIGHT="53" HPOS="578" VPOS="3720" WIDTH="277" />
<SP HEIGHT="53" HPOS="856" VPOS="3720" WIDTH="31" />
<String CONTENT="Jones" HEIGHT="53" HPOS="888" VPOS="3720" WIDTH="174" />
<SP HEIGHT="35" HPOS="1063" VPOS="3738" WIDTH="29" />
<String CONTENT="company," HEIGHT="50" HPOS="1093" VPOS="3738" WIDTH="293" />
<SP HEIGHT="64" HPOS="1387" VPOS="3722" WIDTH="32" />
<String CONTENT="1936." HEIGHT="50" HPOS="1420" VPOS="3721" WIDTH="148" />
</TextLine>
<TextLine CS="1" HEIGHT="49" HPOS="505" STYLEREFS="StyleId-A3D19A4E-4E5E-4D5C-9761-1FB258042818-" VPOS="3791" WIDTH="446">
<String CONTENT="vii," HEIGHT="48" HPOS="505" VPOS="3792" WIDTH="82" />
<SP HEIGHT="48" HPOS="588" VPOS="3792" WIDTH="26" />
<String CONTENT="154" HEIGHT="41" HPOS="615" VPOS="3791" WIDTH="87" />
<SP HEIGHT="48" HPOS="703" VPOS="3792" WIDTH="27" />
<String CONTENT="p." HEIGHT="38" HPOS="731" VPOS="3802" WIDTH="43" />
<SP HEIGHT="42" HPOS="775" VPOS="3791" WIDTH="58" />
<String CONTENT="24cm." CS="1" HEIGHT="41" HPOS="834" VPOS="3791" WIDTH="117" />
</TextLine>
<TextLine HEIGHT="41" HPOS="505" VPOS="3848" WIDTH="213">
<String CONTENT="Initials." HEIGHT="41" HPOS="505" VPOS="3848" WIDTH="213" />
</TextLine>
<TextLine HEIGHT="42" HPOS="506" VPOS="3904" WIDTH="424">
<String CONTENT="&#8220;First" HEIGHT="41" HPOS="506" VPOS="3905" WIDTH="167" />
<SP HEIGHT="39" HPOS="674" VPOS="3907" WIDTH="28" />
<String CONTENT="edition.&#8221;" HEIGHT="42" HPOS="703" VPOS="3904" WIDTH="227" />
</TextLine>
<TextLine CS="1" HEIGHT="54" HPOS="434" VPOS="3974" WIDTH="1815">
<String CONTENT="&#169;" HEIGHT="54" HPOS="434" VPOS="3974" WIDTH="53" />
<SP HEIGHT="54" HPOS="488" VPOS="3974" WIDTH="29" />
<String CONTENT="Feb." HEIGHT="40" HPOS="518" VPOS="3979" WIDTH="109" />
<SP HEIGHT="39" HPOS="628" VPOS="3980" WIDTH="26" />
<String CONTENT="3," HEIGHT="46" HPOS="655" VPOS="3980" WIDTH="42" />
<SP HEIGHT="46" HPOS="698" VPOS="3980" WIDTH="27" />
<String CONTENT="1936;" CS="1" HEIGHT="40" HPOS="726" VPOS="3979" WIDTH="117" />
<SP HEIGHT="47" HPOS="867" VPOS="3979" WIDTH="30" />
<String CONTENT="2c." HEIGHT="41" HPOS="898" VPOS="3979" WIDTH="66" />
<SP HEIGHT="28" HPOS="965" VPOS="3990" WIDTH="29" />
<String CONTENT="and" HEIGHT="38" HPOS="995" VPOS="3980" WIDTH="93" />
<SP HEIGHT="39" HPOS="1089" VPOS="3980" WIDTH="31" />
<String CONTENT="aff." HEIGHT="40" HPOS="1121" VPOS="3979" WIDTH="82" />
<SP HEIGHT="39" HPOS="1204" VPOS="3979" WIDTH="30" />
<String CONTENT="Feb." HEIGHT="41" HPOS="1235" VPOS="3979" WIDTH="110" />
<SP HEIGHT="40" HPOS="1346" VPOS="3980" WIDTH="28" />
<String CONTENT="4:" HEIGHT="39" HPOS="1375" VPOS="3980" WIDTH="52" />
<SP HEIGHT="40" HPOS="1428" VPOS="3979" WIDTH="32" />
<String CONTENT="A" HEIGHT="38" HPOS="1461" VPOS="3979" WIDTH="38" />
<SP HEIGHT="39" HPOS="1500" VPOS="3978" WIDTH="28" />
<String CONTENT="90615;" HEIGHT="42" HPOS="1529" VPOS="3977" WIDTH="171" />
<SP HEIGHT="41" HPOS="1701" VPOS="3978" WIDTH="33" />
<String CONTENT="Marshall" HEIGHT="40" HPOS="1735" VPOS="3977" WIDTH="238" />
<SP HEIGHT="39" HPOS="1974" VPOS="3977" WIDTH="30" />
<String CONTENT="Jones" HEIGHT="40" HPOS="2005" VPOS="3977" WIDTH="147" />
<SP HEIGHT="29" HPOS="2153" VPOS="3988" WIDTH="28" />
<String CONTENT="co." HEIGHT="29" HPOS="2182" VPOS="3988" WIDTH="67" />
</TextLine>
<TextLine HEIGHT="50" HPOS="515" VPOS="4035" WIDTH="253">
<String CONTENT="(36-4943)" HEIGHT="50" HPOS="515" VPOS="4035" WIDTH="253" />
</TextLine>
</TextBlock>
</PrintSpace>
</Page>
</Layout>
</alto>