2519 4377
1030 4095 131 51 1775

162 512 132 41 “List
324 512 52 39 of
405 509 330 43 references”:
769 521 41 38 p.
841 509 100 41 467.

93 564 52 53 ©
172 570 116 38 Nov.
317 567 68 47 13,
415 566 139 47 1936;
585 566 66 42 2c.
683 567 92 38 and
807 566 80 40 aff.
918 566 114 38 Nov.
1070 566 75 39 17:
1176 567 36 37 A
1248 563 194 40 100525:
1478 562 345 40 McGraw-Hill
1858 562 120 37 book
2008 573 53 26 co.,

167 625 87 38 inc.
325 623 279 48 (36-34119)

90 728 352 62 Thompson,
470 725 286 65 Reginald
781 724 273 55 William.

159 802 163 54 Land
362 802 64 52 of
463 808 356 59 to-morrow;
862 823 31 33 a
932 807 157 62 stoiy
1128 800 63 53 of
1232 801 182 56 South
1453 801 283 64 America,
1774 800 74 67 by
1889 801 66 52 R.
1999 800 87 53 W.

91 880 344 68 Thompson,
488 880 138 52 with
680 880 376 67 thirty-seven
1108 878 378 54 illustrations
1537 878 112 53 and
1701 878 158 53 three
1909 896 178 48 maps.

91 959 256 67 London,
376 958 353 55 Duckworth
766 961 171 65 [1936]

162 1033 88 40 459
280 1043 42 37 p.
382 1031 163 47 front.,
579 1032 171 46 plates,
784 1031 162 48 ports.,
977 1040 151 37 maps.
1190 1029 54 39 22
1247 1032 43 21 cm
1296 1063 9 9 .

93 1085 1998 55 © 1c. Nov. 21, 1936; A ad int. 22044; pubd. Sept. 24; R. W. Thompson,
165 1145 239 42 Oerrards
431 1145 157 43 Cross,
621 1142 486 49 Buckinghamshire.
1141 1143 234 45 England.
1447 1139 280 51 (36-35580)

91 1250 343 64 Townsend,
464 1248 211 65 Ralph,
708 1254 170 49 1900-

163 1325 138 54 Asia
337 1343 261 47 answers,
627 1325 75 66 by
734 1323 191 69 Ralph
959 1323 334 53 Townsend.
1368 1321 138 54 New
1541 1321 179 68 York,
1754 1320 68 56 G.
1854 1321 64 53 P.
94 1320 1972 136 Putnam’s
299 1420 145 48 sons,
477 1404 148 50 1936.

163 1472 672 49 xiv p., 1 l., 272 p. 22 cm .
94 1528 1999 53 © Nov. 16, 1936; 2c. Nov. 23: aff. Nov. 20: A 99950; R. Townsend.
167 1590 193 48 Fresno,
387 1588 143 42 Calif.
593 1586 282 51 (36-33961)

93 1691 261 63 Upshur,
380 1691 226 65 George
631 1689 328 65 Lyttleton,
989 1696 170 49 1856-

163 1768 85 54 As
286 1768 33 53 I
359 1768 170 54 recall
569 1768 182 66 them;
796 1768 296 53 memories
1129 1767 65 54 of
1234 1767 260 54 crowded
1536 1786 180 48 years,
1757 1768 75 66 by
1875 1766 219 68 George

96 1846 293 67 Lyttleton
432 1846 266 68 Upshur;
745 1845 389 54 introduction
1176 1846 74 66 by
1293 1845 191 53 Rufus
1526 1845 289 53 Rockwell
1855 1846 239 53 Wilson.

94 1924 137 53 New
258 1923 179 68 York,
462 1922 532 55 Wilson-Erickson
1023 1923 126 66 inc.,
1179 1926 149 50 1936.

162 1995 1164 51 xi p., 1 l., 271 p., 1 l. front., ports. 23½ cm .
165 2051 1927 50 “Of this limited edition … seven hundred and fifty copies have been
94 2108 1969 50 printed, and all have been signed by the author … This copy is no. 13."
95 2162 2001 53 © May 18. 1936; 2c. June 9: aff. Aug. 5: A 97268; Wilson-Erickson, inc.
177 2222 279 49 (36-33970)

96 2325 126 53 Van
249 2323 373 65 Biesbroeck,
649 2326 246 63 George,
924 2331 170 49 1880-

228 2401 1867 70 … Measurements of double stars, by George Van Biesbroeck.
99 2479 267 68 Chicago,
392 2480 113 65 Ill.,
529 2480 123 53 The
677 2477 335 70 University
1039 2479 66 55 of
1132 2479 254 69 Chicago
1412 2499 158 49 press
1622 2484 151 63 [1936]

164 2552 1930 50 2 p. l., 51 p. incl. tables, diagr. 30 x 23½ cm . (Publications of the Yerkes
95 2608 325 49 observatory,
481 2609 90 41 vol.
600 2620 106 35 vIII,
735 2613 65 45 pt.
878 2610 13 48 II)

166 2666 60 40 At
253 2665 124 41 head
405 2666 51 39 of
481 2665 133 41 title:
643 2666 103 41 The
773 2664 281 50 University
1084 2666 51 40 of
1162 2665 220 50 Chicago.

164 2721 348 49 Lithoprinted.

169 2778 127 40 “The
333 2781 192 45 present
562 2778 151 41 series
752 2778 52 41 of
841 2777 323 42 micrometric
1201 2788 247 31 measures
1489 2779 216 40 includes
1745 2780 78 38 ten
1864 2788 141 38 years
2046 2779 50 40 of

94 2831 1980 98 double star work carried out since 1925 … The previous series was published
276 2889 48 40 in
350 2887 114 42 1927
489 2899 56 31 as
566 2892 114 46 part
706 2901 19 29 i
751 2889 52 41 of
827 2890 189 41 volume
1043 2901 28 28 v
1096 2889 52 42 of
1174 2890 134 41 these
1336 2889 618 48 publications.”—Introd.

98 2942 52 53 ©
183 2949 127 45 Sept.
338 2946 69 44 30.
436 2946 140 48 1936;
608 2947 66 39 2c.
706 2948 94 39 and
832 2948 79 39 aff.
943 2949 116 39 Nov.
1090 2948 80 41 13:
1205 2951 38 37 A
1273 2948 170 41 99852:
1481 2948 280 48 University
1792 2950 51 37 of
1871 2949 227 47 Chicago,

169 3003 222 46 Chicago.
458 3003 282 49 (36-34135)

99 3105 474 65 Vanderwalker,
602 3108 150 53 Fred
779 3108 284 63 Norman,
1093 3114 170 50 1885-

169 3182 182 54 Wood
395 3182 292 71 finishing,
728 3184 159 68 plain
928 3186 111 53 and
1083 3185 347 67 decorative;
1476 3186 276 67 methods,
1793 3186 307 65 materials,

101 3261 109 52 and
246 3262 143 52 tools
423 3260 93 53 for
549 3263 247 65 natural,
830 3260 238 69 stained,
1103 3261 323 69 varnished,
1460 3264 215 65 waxed,
1711 3264 166 67 oiled,
100 3282 1975 121 enameled,
278 3339 112 52 and
431 3339 234 67 painted
705 3339 244 54 finishes.
1024 3340 311 68 Antiqued,
1375 3342 269 67 stippled,
1684 3342 257 53 streaked
1987 3343 109 51 and

105 3416 178 66 rough
327 3416 196 67 glazed
568 3416 245 54 finishes.
910 3417 162 56 Stain
1117 3419 234 67 making
1397 3419 294 53 formulas.
1785 3421 47 50 By
1920 3420 63 50 F.
2031 3420 67 51 N.

103 3492 1719 73 Vanderwalker … Chicago, F. J. Drake & co. [ c 1936]
168 3567 1598 51 1 p. l., 5-152, 152a, 153-361 p. inch illus., plates, diagr. 19 cm.
100 3618 1999 53 © Apr. 25, 1936; 2c. Oct. 23; aff. Oct. 19: A 99549: Frederick .J. Drake
171 3680 34 39 &
231 3690 67 30 co.
358 3680 275 48 [Copyright
666 3681 39 38 is
732 3682 204 38 claimed
964 3693 57 28 on
1051 3692 103 29 new
1183 3683 240 39 materiah
1492 3681 278 45 (36-34122)

102 3780 123 52 Von
255 3781 485 65 Mohrenschildt,
771 3783 239 53 Dimitri
1041 3786 55 53 S.

171 3859 200 52 Russia
407 3857 57 53 in
499 3859 91 52 the
627 3859 343 54 intellectual
1008 3862 103 51 life
1143 3863 62 50 of
1239 3863 588 67 eighteenth-century
1868 3866 230 62 France,

101 3935 71 65 by
202 3935 234 53 Dimitri
471 3936 55 53 S.
560 3939 126 50 Von
717 3939 467 52 Mohrenschildt.
1265 3941 134 51 New
1432 3941 178 62 York,
1643 3941 294 54 Columbia
103 3942 1965 137 university
347 4032 170 47 press.
553 4018 147 49 1936.
