2519 4377
987 4143 132 57 1265

67 492 260 66 Aldrich,
354 494 136 52 Mrs.
519 494 148 52 Bess
697 494 325 65 (Streeter)
1059 499 170 50 1881-

138 571 119 51 The
284 588 131 34 man
445 570 124 52 who
597 571 210 66 caught
832 571 94 50 the
954 571 263 66 weather,
1247 570 110 52 and
1387 570 160 52 other
1573 569 217 67 stories,
1819 570 73 66 by
1923 572 135 50 Bess

70 647 247 55 Streeter
352 647 258 53 Aldrich.
687 648 137 52 New
864 647 178 67 York,
1077 648 258 65 London,
1372 649 71 52 D.
1481 646 576 68 Appleton-Century

67 742 293 48 company,
389 725 416 66 incorporated,
836 727 148 51 1936.

138 794 632 51 3 p. l., 293, [1] p. 20 cm .
67 848 53 53 ©
156 853 126 47 Sept.
315 853 67 47 18,
413 851 113 41 1936;
587 853 68 40 2c.
691 853 95 39 and
818 852 80 40 aff.
936 853 127 47 Sept.
1097 853 57 39 19;
1213 854 41 38 A
1287 853 143 41 98487;
1496 854 56 40 D.
1585 852 475 48 Appleton-Century

136 918 82 38 co.,
244 908 89 40 inc.
401 909 280 48 (36-19830)

66 1011 314 55 American
408 1012 279 53 institute
718 1013 63 53 of
811 1013 137 53 food
979 1011 402 64 distribution,
1413 1012 111 54 inc.

140 1086 198 70 Group
365 1087 203 69 selling
591 1088 74 68 by
694 1090 219 65 100,000
939 1087 254 54 retailers;
1251 1089 96 52 the
1374 1087 288 54 evolution
1690 1087 63 53 of

1782 1087 138 53 food
67 1087 1966 130 distribution
380 1165 59 53 in
474 1163 346 55 voluntaries
855 1165 112 52 and
1003 1163 401 70 cooperatives,
1437 1165 75 68 by
1550 1164 234 54 Gordon
1821 1166 61 53 C.
67 1166 1966 143 Corbaley;

308 1260 30 34 a
386 1241 158 53 Food
591 1241 260 54 institute
898 1242 172 68 study
1118 1242 153 52 from
1318 1243 258 51 research
1622 1243 312 52 conducted
1982 1243 72 67 by

68 1318 228 53 Donald
321 1319 67 52 E.
416 1320 158 52 West
602 1319 112 52 and
743 1319 159 52 Ruth
929 1319 67 52 B.
1024 1318 302 68 Delclisur,
1353 1319 141 52 with
1520 1319 223 69 editing
1767 1320 74 67 by
1871 1319 185 54 Grant

67 1394 63 54 P.
163 1394 147 55 Gore
342 1396 111 52 and
482 1396 247 53 Thomas
760 1397 64 53 B.
857 1394 295 70 Corbaley.
1227 1395 138 52 New
1397 1397 163 51 York
1589 1396 132 68 city,
1751 1396 304 54 American

68 1472 257 54 institute
358 1473 63 52 of
453 1473 137 52 food
623 1471 388 69 distribution,
1045 1472 107 54 inc.
1191 1476 190 65 [c1936]

135 1543 65 46 xi,
233 1542 85 41 196
349 1554 42 37 p.
425 1544 109 40 incl.
569 1544 168 40 tables.
798 1543 145 41 23½cm.

65 1597 53 54 ©
144 1603 119 47 Aug.
292 1603 69 48 24,
391 1601 111 43 1936;
559 1601 67 43 2c.
655 1603 96 40 and
780 1601 82 43 aff.
889 1603 118 48 Aug.
1038 1603 59 41 26;
1152 1604 40 40 A
1218 1602 143 43 98102;
1419 1605 159 41 Amer.
1609 1604 230 41 institute
1866 1605 52 40 of
1944 1605 116 40 food

135 1659 327 47 distribution,
493 1660 90 40 inc.
652 1659 278 50 (36-19926)

63 1749 314 54 American
403 1751 110 51 law
538 1754 235 60 reports
798 1751 341 52 annotated.

135 1826 1641 69 Cumulative index … v. 101-103. Combining cases
1813 1829 111 52 and
63 1846 1970 111 annotations.
439 1905 322 65 Rochester,
798 1907 68 51 N.
907 1907 90 63 Y.,
1036 1906 121 52 The
1194 1907 266 64 Lawyers
1499 1905 380 67 co-operative

63 1906 1970 141 publishing
326 1999 305 49 company;
690 1982 115 55 San
856 1982 321 65 Francisco,
1229 1982 193 64 Calif.,
1475 1981 582 69 Bancroft-Whitney

63 2076 294 49 company,
383 2062 147 49 1936.

131 2129 85 41 239
244 2141 43 37 p.
343 2130 117 40 24cm.

136 2186 72 40 On
239 2196 140 29 cover:
441 2188 297 46 Temporary
767 2185 296 42 cumulative
1094 2187 324 47 index-digest
1449 2187 52 40 of
1530 2188 55 40 A.
1618 2187 52 41 L.
1704 2187 57 41 R.
1792 2187 118 39 vols.
1944 2187 117 40 101-

62 2242 98 42 103.

65 2295 54 54 ©
159 2301 127 47 Sept.
327 2301 68 47 18,
434 2299 115 41 1936;
612 2300 68 39 2c.
722 2301 128 47 Sept.
888 2301 58 39 25;
1012 2300 81 40 aff.
1136 2301 127 47 Sept.
1302 2301 55 40 23;
1426 2301 43 39 A
1505 2299 144 42 97969;
1718 2301 229 46 Lawyers
134 2310 1906 94 cooperative
405 2357 109 47 pub.
541 2366 66 30 co.
636 2357 95 39 and
757 2356 488 48 Bancroft-Whitney
1270 2366 67 30 co.

63 2444 313 53 American
409 2446 109 51 law
548 2451 224 60 reports
801 2445 322 53 annotated.
1194 2444 206 53 Editor
1432 2444 60 52 in
1524 2444 170 68 chief,
1726 2444 221 67 George
1979 2446 76 50 H.

133 2523 257 52 Parmele;
451 2521 324 68 consulting
803 2523 200 65 editor,
1032 2521 260 55 William
1323 2523 78 51 M.
1433 2522 329 67 McKinney;
132 2540 1901 126 managing

274 2599 229 67 editors,
547 2599 208 53 Edwin
802 2598 203 68 Stacey
1051 2599 202 68 Oakes,
1297 2600 214 52 Robert
1556 2601 66 51 E.
1667 2599 390 65 Heinselman,

134 2677 233 52 assisted
408 2678 74 64 by
523 2678 94 52 the
660 2678 415 65 exceptionally
1115 2676 366 68 experienced
1523 2676 265 53 editorial
132 2675 1900 131 organizations

388 2754 63 52 of
490 2755 96 52 the
626 2754 335 66 publishers,
1037 2773 50 34 v.
1135 2758 112 48 103.
1326 2755 322 65 Rochester,
1691 2755 68 52 N.
1806 2756 88 63 Y.,
1935 2755 120 51 The

132 2832 266 65 Lawyers
437 2833 380 65 co-operative
856 2831 334 67 publishing
1227 2850 306 48 company;
1578 2831 115 55 San
1735 2832 321 65 Francisco,

133 2908 193 66 Calif.,
354 2909 581 66 Bancroft-Whitney
963 2928 295 48 company,
1288 2913 149 50 1936.

132 2980 100 48 viii,
263 2980 113 41 1628
404 2991 43 37 p.
506 2981 55 40 25½cm.

66 3032 53 53 ©
160 3037 126 47 Sept.
325 3037 69 47 18,
431 3036 139 48 1936;
611 3037 67 39 2c.
721 3038 126 47 Sept.
886 3037 82 46 25;
1012 3037 82 39 aff.
1137 3038 127 47 Sept.
1304 3037 81 47 23;
1424 3038 41 39 A
1503 3034 170 49 97970;
1716 3036 229 47 Lawyers
134 3047 1905 93 cooperative
407 3093 109 47 pub.
544 3103 66 29 co.
640 3093 97 39 and
765 3092 487 48 Bancroft-Whitney
1282 3102 67 31 co.

62 3178 306 66 Andrews,
395 3180 162 54 Alice
585 3180 184 62 Ebba,
798 3185 168 49 1869-
1178 3182 83 53 ed.

137 3254 245 69 Seventy
412 3254 275 55 centuries
716 3256 63 52 of
807 3255 238 69 history,
1075 3275 60 34 as
1164 3255 123 54 told
1312 3256 75 67 by
1416 3256 95 53 the
1540 3259 163 64 great
1727 3254 327 68 historians,

65 3332 1766 69 compiled and edited by Alice E. Andrews … Boston,
66 3331 1963 130 Chapman
225 3412 51 50 &
309 3408 222 55 Grimes
584 3413 155 50 [c1936]

134 3479 766 50 2 p. l., iii-xiii, 500 p. 20cm.
135 3535 139 49 Maps
304 3547 60 29 on
393 3535 362 50 lining-papers.

65 3590 52 53 ©
148 3596 125 47 Sept.
303 3597 38 46 8,
371 3596 113 40 1936;
542 3596 66 39 2c.
636 3597 95 39 and
761 3597 82 40 aff.
877 3597 127 48 Sept.
1036 3597 56 39 14;
1149 3596 41 40 A
1219 3597 143 41 97789;
1422 3597 250 48 Chapman
1703 3597 35 39 &
1768 3595 201 42 Grimes.

143 3651 277 50 (36-19807)

63 3737 305 65 Andrews,
399 3740 302 63 Charlton,
733 3743 169 53 1878-

133 3817 120 51 The
301 3816 167 52 affair
516 3817 62 53 of
627 3818 95 51 the
770 3818 246 53 malacca
1067 3819 145 52 stick
1266 3819 109 67 [by]
1430 3817 277 56 Charlton
1757 3817 296 53 Andrews.

64 3892 137 52 New
229 3893 176 54 York.
433 3895 48 52 I.
510 3894 343 67 Washburn,
882 3894 105 55 inc.
1040 3899 175 63 [c1936]

134 3964 87 41 310
250 3975 43 39 p.
352 3964 116 43 20cm.

66 4016 52 53 ©
145 4022 126 47 Sept.
296 4023 68 46 18,
390 4021 114 41 1936;
556 4023 68 39 2c.
650 4023 95 38 and
774 4023 82 41 aff.
886 4024 126 48 Sept.
1039 4024 55 39 21;
1147 4025 43 39 A
1214 4023 146 46 97920;
1415 4024 49 44 C.
1491 4023 249 52 Andrews,
1766 4025 117 41 New
1909 4023 145 44 York,

145 4077 277 41 (36-19837)
