2519 4377
1082 4065 135 52 1535

232 480 206 39 “Names
467 478 53 41 of
550 477 185 41 officers
766 480 95 39 and
894 487 109 31 men
1035 478 107 39 who
1177 477 309 47 represented
1520 476 221 41 Dedham
1774 474 51 42 in
1857 476 83 41 the
161 477 1977 105 revolutionary
382 545 102 29 war
511 532 289 43 1775-1783“
818 543 11 30 :
857 544 42 38 p.
927 533 216 41 463-466.

232 591 203 40 “Roster
478 590 51 41 of
567 590 183 41 officers
791 590 94 39 and
925 599 105 30 men
1073 589 108 41 who
1221 589 308 47 represented
1571 588 221 41 Dedham
1831 588 49 40 in
1921 588 83 41 the
2044 587 112 42 civil

163 646 154 41 war”:
352 658 43 37 p.
427 645 218 42 488-492.

232 702 204 41 “Roster
468 702 51 41 of
547 702 184 40 officers
763 702 94 39 and
889 711 105 29 men
1028 701 95 40 and
1153 711 184 30 women
1369 700 108 40 who
1510 701 310 47 represented
1853 700 222 41 Dedham
2109 700 47 41 in

162 759 79 40 the
270 759 151 40 world
454 768 101 30 war
586 756 289 42 1917-1918”
893 768 10 29 :
939 768 41 37 p.
1011 756 217 41 510-514.

159 824 53 53 ©
242 829 126 47 Sept.
457 860 9 16 18,
495 828 140 41 1936:
667 828 67 40 2c.
764 828 102 39 Oct.
894 826 52 43 5;
978 827 80 41 aff.
1090 827 101 41 Oct.
1223 827 80 45 16;
1334 828 39 39 A
1403 825 200 49 100031;
1636 828 51 40 F.
1719 826 171 49 Smith,
1920 827 236 47 Dedham,

231 886 146 39 Mass.
445 884 281 49 (36-23569)

154 988 279 67 Snelling,
456 988 255 55 William
736 989 239 64 Joseph,
1004 993 325 51 1804-1848.

224 1065 262 56 William
515 1066 217 68 Joseph
766 1065 308 69 Snelling’s
1105 1066 166 53 Tales
1303 1065 63 54 of
1396 1066 96 52 the
1520 1066 356 67 Northwest;
1909 1067 142 53 with
2084 1085 70 35 an

157 1143 387 55 introduction
576 1144 76 68 by
685 1144 155 55 John
871 1146 66 53 T.
972 1144 317 68 Flanagan.
1363 1144 405 69 Minneapolis,
1799 1144 204 67 Minn.,
2035 1147 119 52 The

158 1222 336 69 University
522 1222 65 56 of
616 1222 324 55 Minnesota
970 1239 174 52 press,
1175 1227 149 49 1936.

226 1295 657 51 xxix, 254 p., 1 l. 22½cm.
231 1352 148 42 “This
415 1351 44 42 is
490 1362 119 39 copy
641 1362 77 32 no.
754 1352 84 41 98c
873 1352 53 42 of
960 1363 63 30 an
1059 1351 181 42 edition
1279 1352 188 42 limited
1506 1355 49 39 to
1591 1363 88 32 one
1715 1353 243 41 thousand
1998 1354 159 49 copies

161 1409 191 51 printed
394 1419 61 32 on
498 1409 131 42 satin
674 1420 210 38 gravure
927 1408 154 43 direct
1121 1409 130 41 from
1296 1409 53 41 11
1392 1410 136 48 point
1570 1410 216 50 linotype
1829 1411 188 41 Janson
2061 1414 94 39 and

158 1468 177 43 Casion
373 1467 239 50 (linotype
639 1468 96 40 and
766 1467 130 41 hand
928 1466 137 50 set)”

496 1557 9 9 CONTENTS.
520 1547 61 7 —
595 1524 104 41 The
750 1524 203 49 captive.
970 1547 59 6 —
1045 1524 103 40 The
1199 1524 215 48 Hohays.
1430 1547 59 6 —
1506 1524 101 41 The
1660 1525 216 40 devoted.
1893 1548 62 6 —
1968 1525 189 49 Payton

162 1581 410 44 Skah.—Charles
619 1581 307 43 Hess.—The
970 1581 116 42 Bois
1135 1582 663 42 Brule.—Weenokhenchah
159 1583 1983 98 Wandeeteekah.

272 1639 131 42 —La
439 1640 150 41 Butte
627 1641 87 40 des
750 1640 170 42 Morts.
921 1662 59 6 —
983 1639 230 42 Pinchon.
1215 1640 163 40 —The
1417 1638 175 42 lover’s
1630 1640 528 49 leap.—Notes.—Two

159 1706 175 41 poems,
365 1698 64 49 by
459 1696 218 43 William
707 1697 181 50 Joseph
923 1696 230 50 Snelling.

160 1764 53 53 ©
254 1768 128 48 Sept.
421 1767 70 48 21,
531 1767 142 47 1936;
715 1767 68 41 2c.
827 1769 126 46 Sept.
996 1767 52 48 5;
1092 1769 80 38 aff.
1215 1768 102 40 Oct.
1358 1767 54 42 8:
1455 1769 38 38 A
1533 1766 204 47 100030;
1782 1766 284 49 University
2108 1768 51 38 of

231 1824 287 49 Minnesota,
554 1825 337 47 Minneapolis.
961 1824 280 51 [Copyright
1280 1825 42 40 is
1357 1824 205 42 claimed
1600 1835 59 30 on
1696 1823 333 41 introduction
2063 1822 94 43 and

228 1885 152 47 notes]
453 1881 282 50 (36-24916)

158 1984 2001 146 South western digest of volumes 91-95 South western reporter, Second series. Table of cases digested … By the
228 2140 337 68 publisher’s
592 2141 263 54 editorial
884 2140 148 54 staff.
1112 2140 81 54 St.
1222 2140 164 54 Paul.
1412 2140 202 67 Minn.,
1635 2143 162 53 West
1823 2140 335 68 publishing

227 2238 97 40 co.,
354 2222 149 52 1936.

230 2292 84 41 602
345 2303 44 38 p.
447 2291 56 41 24
506 2295 43 22 cm
554 2324 9 9 .

160 2359 53 53 ©
239 2363 101 41 Oct.
365 2362 70 49 21,
460 2361 141 42 1936:
626 2361 69 42 2c.
722 2362 95 40 and
844 2363 82 40 aff.
952 2363 117 40 Nov.
1099 2361 54 40 16
1171 2373 9 36 ;
1208 2363 42 39 A
1273 2360 145 42 99867
1436 2373 9 36 ;
1475 2363 135 39 West
1636 2361 109 49 pub.
1773 2371 67 31 co.

158 2467 186 53 South
391 2469 255 51 western
696 2472 269 60 reporter.
1044 2466 218 54 Second
1307 2467 184 52 series.
1570 2466 168 55 Cases
1784 2468 216 66 argued
2047 2467 109 53 and

229 2544 348 54 determined
615 2545 59 53 in
710 2545 94 52 the
841 2551 188 46 courts
1065 2544 63 52 of
1162 2543 312 67 Arkansas,
1509 2544 324 68 Kentucky,
1869 2544 289 68 Missouri,

228 2625 327 63 Tennessee,
583 2623 201 56 Texas,
813 2622 139 52 with
982 2622 108 65 key
1117 2622 236 52 number
1385 2622 378 53 annotations,
1838 2622 223 54 volume
2093 2626 63 49 95

240 2699 127 66 (2d)
408 2699 428 68 July-August.
869 2703 149 49 1936.
1088 2698 82 55 St.
1204 2701 165 65 Paul,
1398 2699 202 66 Minn.,
1631 2700 161 54 West
1822 2700 337 68 publishing

227 2796 98 46 co.,
352 2779 150 52 1936.

231 2849 167 48 xxviii,
427 2848 114 41 1513
569 2860 42 37 p.
669 2848 58 41 26
728 2852 45 21 cm
778 2882 8 8 .

161 2916 52 53 ©
241 2920 101 41 Oct.
371 2919 38 50 6,
438 2919 141 48 1936;
609 2918 66 40 2c.
706 2919 95 40 and
830 2920 80 39 aff.
940 2921 117 38 Nov.
1087 2919 79 43 16;
1199 2922 37 37 A
1268 2919 170 40 99876:
1470 2921 135 39 West
1633 2919 109 49 pub.
1772 2929 67 31 co.

156 3023 408 64 Speckbaugh,
595 3023 146 53 Paul
771 3023 263 64 Francis,
1065 3029 172 49 1905-

292 3098 1865 69 … Some general canons of literary criticism determined
161 3175 1970 149 from an analysis of art … by Paul F. Speckbaugh … Washington,
407 3256 73 53 D.
516 3253 80 66 C.,
625 3256 121 52 The
781 3255 261 55 Catholic
1075 3255 317 68 university
1424 3254 65 54 of
1517 3256 284 67 America,
1835 3261 151 50 1936.

230 3329 97 48 xvi,
357 3328 84 42 193
470 3338 42 39 p.
573 3329 170 48 plates.
804 3329 56 40 23
863 3331 43 21 cm
912 3360 9 9 .

231 3385 171 40 Thesis
441 3384 109 49 (PH.
610 3384 328 48 D.)—Catholic
967 3384 270 48 university
1268 3385 51 40 of
1346 3386 237 48 America,
1615 3385 128 42 1936.

232 3442 131 40 Each
394 3442 131 48 plate
554 3442 339 48 accompanied
925 3443 61 47 by
1014 3444 153 48 guard
1198 3443 135 40 sheet
1363 3442 120 41 with
1512 3443 184 40 outline
1727 3443 232 45 drawing.

230 3500 127 41 Vita.

230 3557 375 49 Bibliography:
637 3569 43 37 p.
713 3558 216 41 173-187.

162 3611 52 53 ©
256 3616 128 39 June
425 3616 69 47 11,
539 3614 141 42 1936:
725 3617 67 38 2c.
838 3615 94 38 and
978 3615 81 41 aff.
1104 3616 114 45 July
1263 3615 53 41 3:
1364 3617 39 37 A
1447 3613 170 48 96298;
1666 3613 223 43 Catholic
1931 3614 129 40 univ.
2107 3614 51 40 of

230 3672 237 41 America.
530 3671 281 48 (36-23298)

156 3774 328 65 Stackpole,
510 3774 219 64 Joseph
756 3772 209 65 Lewis,
994 3777 169 52 1874-

227 3848 169 54 Kosie
433 3848 59 54 in
530 3850 419 67 squanderland
968 3870 11 48 ;
1020 3870 80 47 or,
1137 3850 247 54 Billions
1422 3849 95 53 for
1554 3855 174 62 votes,
1764 3849 74 67 by
1874 3851 55 54 J.
1968 3848 185 54 Lewis

161 3926 1816 70 Stackpole … New York, The Paisley press, inc., 1936.
231 3999 547 50 24 p. 1 illus. 28 cm .
