2519 4377
1316 4079 132 50 1408

377 401 278 66 Thomas,
682 402 244 53 Martha
950 403 295 65 Banning.

455 490 374 68 Stormalong
856 490 161 70 Gert,
1044 491 76 69 by
1149 492 238 54 Martha
1414 492 275 70 Banning
1716 494 268 54 Thomas.
2050 496 139 53 New
2219 497 182 69 York,

381 569 188 55 Green
602 570 170 53 circle
799 570 176 53 books
1011 604 12 33 [
1028 577 18 22 c
1052 573 134 50 1936
1192 604 12 34 ]

452 657 87 40 318
569 668 43 38 p.
676 657 57 40 20
736 659 43 21 cm
786 689 8 8 .

379 724 52 53 ©
461 728 127 48 Sept.
617 728 71 47 11,
714 728 142 47 1936;
886 729 66 39 2c.
983 730 95 39 and
1106 729 83 41 aff.
1221 731 128 47 Sept.
1379 731 82 46 12;
1491 731 40 39 A
1559 730 144 42 99272:
1762 732 93 40 Lee
1884 733 231 49 Furman,
2143 733 106 47 inc.,
2281 735 118 40 New

451 786 145 39 York.
655 786 283 48 (36-21688)

378 906 270 54 Utilities
673 906 389 66 engineering
1087 906 300 68 institute,
1416 908 269 67 Chicago.

379 999 1993 146 … Extension training in air conditioning. Section 1. [Chicago, c 1935]
449 1165 1198 49 cover-title, 392 p. illus., diagrs. 27 × 22 cm .
378 1233 53 53 ©
456 1238 112 39 Dec.
593 1238 40 47 3,
659 1237 142 47 1935;
829 1237 67 40 2c.
923 1237 96 39 and
1046 1237 82 40 aff.
1156 1238 119 47 Aug.
1303 1237 69 48 10,
1400 1236 141 49 1936;
1570 1238 40 39 A
1636 1237 172 48 96839;
1839 1237 221 42 Utilities
2087 1239 314 49 engineering

447 1294 245 42 institute.
750 1294 284 49 (36-21599)

377 1399 162 65 Vale,
569 1401 225 53 Robert
822 1400 87 64 B.,
942 1400 172 56 1872-

447 1491 224 68 Wings,
709 1492 101 52 fur
846 1496 45 50 &
927 1492 156 67 shot;
1125 1511 31 34 a
1192 1496 344 63 grass-roots
1574 1491 173 68 guide
1783 1497 59 48 to
1880 1492 309 54 American
380 1492 1994 147 hunting,
526 1571 75 68 by
631 1571 218 55 Robert
881 1572 67 53 B.
982 1571 173 68 Vale;
1192 1571 250 54 wherein
1472 1572 49 53 is
1550 1570 269 55 included
1853 1589 31 36 a
1917 1569 278 71 practical
2228 1571 170 68 study

377 1650 63 54 of
484 1649 139 54 wild
666 1650 107 53 life
817 1650 209 67 habits,
1070 1650 395 54 conservation
1513 1651 113 53 and
1669 1651 162 53 other
1877 1650 240 54 sensible
2162 1655 236 50 matters

377 1729 274 67 designed
705 1734 58 48 to
815 1729 167 53 make
1032 1728 250 69 hunting
1335 1749 32 34 a
1419 1735 226 62 greater
1697 1734 188 63 sport;
1942 1728 329 54 illustrated
2324 1730 74 68 by

377 1808 223 67 George
645 1810 81 51 M.
777 1806 226 56 Sutton.
1080 1809 141 52 New
1266 1808 182 67 York,
1493 1808 380 68 Harrisburg,
1920 1810 123 66 Pa.,
2090 1807 309 69 Stackpole

375 1904 147 49 sons,
552 1889 153 52 1936.

448 1971 89 41 199
559 1982 43 38 p.
666 1971 85 41 col.
780 1971 164 48 front.,
973 1971 128 42 illus.
1163 1971 57 40 24
1222 1973 46 23 cm
1273 2008 8 8 .

377 2040 53 54 ©
464 2045 129 48 Sept.
625 2045 69 42 14,
729 2044 141 48 1936;
904 2045 69 40 2c.
1009 2045 128 47 Sept.
1170 2045 53 42 3;
1259 2045 83 40 aff.
1379 2045 126 48 Sept.
1542 2046 82 45 17;
1660 2045 40 39 A
1733 2044 171 49 97879;
1940 2045 274 49 Telegraph
2245 2055 153 39 press,

448 2102 320 49 Harrisburg,
792 2103 83 38 Pa.
934 2101 282 49 (36-21587)

377 2206 292 67 Virginia.
744 2209 185 65 Laws,
956 2213 259 58 statutes,
1243 2214 101 49 etc.

448 2299 122 53 The
604 2298 156 56 Code
789 2296 64 56 of
883 2298 273 69 Virginia
1199 2298 304 70 (pleading
1535 2300 113 52 and
1682 2299 277 69 practice)
2038 2301 95 52 An
378 2300 1994 132 abridgment
559 2377 64 53 of
651 2378 96 53 the
776 2377 273 70 Virginia
1081 2379 154 55 Code
1265 2377 65 53 of
1360 2382 134 49 1936
1523 2377 95 54 for
1643 2379 96 53 the
1768 2379 232 53 student
2031 2378 63 53 of
2123 2379 272 69 Virginia

379 2456 1955 70 pleading and practice, selected by Charles P. Nash, jr. …
379 2537 486 68 Charlottesville,
896 2538 125 65 Va.,
1051 2537 122 53 The
1203 2536 213 54 Michie
1444 2555 299 50 company,
1776 2541 151 50 1936.

451 2623 585 52 1 p. l., [513] p. 27½cm.
451 2696 211 41 Various
691 2695 219 49 pagings.

378 2765 53 53 ©
457 2769 103 41 Oct.
587 2769 39 47 5,
651 2768 143 47 1936;
823 2768 67 40 2c.
918 2768 94 38 and
1039 2768 82 40 aff.
1150 2768 101 40 Oct.
1282 2768 52 47 8;
1364 2768 40 38 A
1430 2767 172 47 98812;
1633 2766 179 40 Michie
1838 2776 69 30 co.

459 2825 284 49 (36-21779)

377 2932 274 65 Wallace,
679 2933 231 52 Doreen
935 2931 202 53 Eileen
1163 2931 247 65 Agnew,
1439 2933 172 53 1897-

450 3011 193 66 Going
670 3015 58 49 to
751 3011 96 52 the
874 3029 118 48 sea;
1021 3011 158 51 three
1205 3011 218 65 stories,
1448 3010 75 67 by
1550 3011 226 51 Doreen
1801 3009 272 55 Wallace.
2137 3010 259 65 London,

379 3089 238 66 Collins,
646 3092 151 51 1936.

446 3176 87 41 314
552 3187 44 37 p.
658 3176 56 40 20
718 3179 44 20 cm
767 3209 8 7 .

449 3248 164 39 “First
640 3245 305 49 impression,
976 3247 192 47 August
1194 3245 142 48 1936;
1369 3246 176 39 second
1572 3245 305 48 impression,
1906 3246 192 46 August
2129 3244 156 41 1936.”

728 3319 197 39 CONTENTS.—First
951 3318 343 48 love.—Going
1314 3319 50 39 to
1388 3318 85 40 the
1494 3317 281 40 sea.—Last
1799 3317 119 41 love.

377 3385 2019 55 © 1c. Oct. 5, 1936; A ad int. 21889; pubd. Aug. 6; Doreen Eileen Agnew
495 3448 103 48 Rash,
625 3447 128 49 Diss,
779 3447 222 47 Norfolk,
1029 3446 236 45 England.
1331 3446 282 48 (36-23539)

377 3553 265 64 Warner,
671 3553 305 65 Langdon,
1007 3557 171 50 1881-

448 3641 120 53 The
610 3641 153 53 craft
806 3641 64 52 of
909 3642 94 52 the
1045 3641 286 69 Japanese
1372 3640 273 68 sculptor,
1686 3639 76 70 by
1802 3639 284 70 Langdon
2128 3638 262 53 Warner.

378 3718 138 53 New
547 3720 182 67 York,
757 3720 366 67 McFarlane,
1150 3719 233 68 Warde,
1413 3718 366 68 McFarlane,
1808 3718 114 53 and
1954 3717 195 69 Japan
2181 3717 211 68 society

377 3797 64 53 of
469 3797 140 54 New
637 3797 182 69 York,
850 3801 151 50 1936.

448 3884 939 49 9 p. l., 3-55 p., 86 1. 85 pl. 28½ cm .
377 3953 53 53 ©
456 3958 127 47 Sept.
608 3957 69 48 22,
703 3956 140 48 1936;
869 3958 67 40 2c.
963 3958 128 47 Sept.
1117 3958 82 46 26;
1227 3958 81 40 aff.
1338 3958 127 47 Sept.
1491 3957 82 43 25;
1602 3957 39 39 A
1665 3956 145 41 98666;
1868 3956 306 41 McFarlane.
2199 3954 191 42 Warde.

448 4015 306 49 McFarlane,
791 4014 88 39 inc.
952 4015 282 46 (36-21633)
