2519 4377
1038 4052 100 55 723

166 499 84 50 xii,
287 501 84 42 331
407 512 42 38 p.
511 499 140 49 illus.,
690 499 178 49 diagrs.
927 499 55 40 21
986 501 43 22 cm
1035 530 9 9 .
1114 498 298 49 (Half-title:
1450 495 343 43 McGraw-Hill
1834 495 251 41 euthenics

97 556 163 50 series,
286 557 155 40 Annie
467 557 51 40 L.
544 556 232 48 Macleod,
877 590 9 9 PH.
945 588 21 17 D.,
995 554 275 50 consulting
1294 553 182 47 editor)

168 613 345 42 “References”
542 615 52 39 at
618 614 92 40 end
738 612 54 41 of
817 613 117 42 each
961 613 214 49 chapter.

94 681 54 53 ©
179 686 112 47 May
321 684 69 48 29,
424 684 141 46 1936;
598 683 67 41 2c.
698 684 126 40 June
856 684 52 46 1;
943 683 82 41 aff.
1055 684 128 40 June
1212 683 53 47 4;
1302 683 41 39 A
1373 681 171 48 95532;
1580 679 348 42 McGraw-Hill
1963 681 123 40 book

164 752 81 37 co.,
275 741 89 40 inc.
429 740 280 49 (36-11898)

93 844 299 64 Bushnell,
418 843 219 53 Nelson
666 840 286 67 Sherwin,
978 843 85 53 ed.

162 919 265 69 Literary
454 922 237 51 masters
724 919 64 53 of
822 916 289 71 England,
1144 918 188 55 edited
1365 917 72 69 by
1471 915 210 55 Nelson
1716 915 56 56 S.
1811 915 272 55 Bushnell

153 996 1933 69 … Paul M. Fulcher and Warner Taylor … New York, Farrar
91 1079 46 50 &
164 1074 296 66 Rinehart,
488 1075 105 53 inc.
627 1108 12 33 [
644 1082 20 22 c
669 1078 133 50 1936
807 1108 13 34 ]

163 1148 103 50 xiii,
292 1149 114 42 1158
433 1160 43 38 p.
531 1148 128 42 illus.
688 1148 198 48 (ports.)
921 1148 172 41 double
1116 1158 124 38 map.
1296 1148 54 39 24
1354 1150 43 22 cm
1403 1179 7 9 .

165 1207 113 47 Map
305 1216 58 29 on
393 1205 361 49 lining-papers.

94 1272 54 53 ©
185 1276 129 40 June
347 1277 43 47 4,
429 1275 140 47 1936;
609 1275 69 41 2c.
718 1276 129 40 June
880 1275 52 46 6;
975 1274 81 41 aff.
1097 1276 129 40 June
1262 1275 53 47 5;
1357 1275 41 40 A
1437 1275 172 47 94777;
1650 1276 55 40 N.
1749 1276 44 40 S.
1835 1276 249 46 Bushnell,

166 1332 386 47 Williamstown,
583 1332 161 46 Mass.,
777 1332 122 39 Paul
929 1332 61 39 M.
1023 1331 209 41 Fulcher
1260 1333 95 39 and
1387 1333 204 39 Warner
1622 1332 193 48 Taylor,
1847 1332 237 46 Madison,

164 1388 114 41 Wis.
346 1388 279 48 (36-11936)

94 1492 310 64 Chandler,
428 1495 138 51 Mrs.
593 1491 317 65 Josephine
938 1492 247 56 Craven.

226 1566 1854 69 … Dr. Charles Chandler, his place in the American scene.
94 1645 90 63 By
229 1644 309 64 Josephine
584 1644 223 56 Craven
855 1644 303 55 Chandler.
1259 1643 369 65 [Springfield,
1674 1644 110 64 Ill.,
1831 1644 252 64 Phillips

94 1723 144 54 bros.
269 1722 193 69 print.,
490 1729 16 21 c
512 1725 151 64 1932]

163 1793 84 40 184
278 1804 44 37 p.
382 1793 169 48 plates,
582 1794 163 46 ports.,
777 1792 188 40 facsim.
1025 1792 55 41 23
1084 1794 42 22 cm
1133 1824 8 9 .

164 1849 72 41 On
268 1860 166 31 cover:
470 1850 72 47 By
577 1850 115 38 Mrs.
727 1848 49 41 G.
807 1850 55 40 B.
894 1849 244 41 Chandler
1180 1849 285 49 (Josephine
1499 1849 187 42 Craven
1721 1848 268 50 Chandler)

166 1905 254 49 “Printing
448 1905 52 40 of
529 1905 86 40 100
644 1905 332 49 presentation
1005 1904 187 48 copies”:
1253 1907 227 40 mounted
1513 1906 93 48 slip
1636 1917 60 30 on
1728 1909 97 46 t.-p.

168 1960 264 42 “Errata”:
462 1963 229 40 mounted
720 1962 96 48 slip
842 1972 59 30 on
928 1972 42 38 p.
1003 1962 55 49 [3]

93 2033 53 53 ©
180 2038 113 47 May
327 2036 68 48 15,
429 2036 141 46 1932;
605 2035 68 42 2c.
708 2034 95 41 and
837 2034 80 41 aff.
954 2035 113 48 Apr.
1101 2035 69 48 22,
1205 2034 140 48 1936;
1382 2035 40 40 A
1456 2035 170 48 94102;
1664 2036 43 41 J.
1744 2036 49 41 C.
1827 2036 259 47 Chandler,

163 2092 333 49 Washington.
560 2091 280 50 (36-11926)

115 2196 230 65 [Charol,
372 2194 268 69 Michael]
676 2200 170 50 1894-

224 2270 1861 70 … Das erbe Tschingis-Chans. Stuttgart [etc.] Deutsche ver
90 2350 364 70 lags-anstalt
508 2353 151 63 [1935]

163 2424 99 48 294,
291 2425 55 49 [1]
372 2434 44 38 p.
466 2424 164 49 front.,
656 2424 143 47 illus.,
826 2426 169 47 plates,
1022 2424 162 49 ports.,
1210 2424 26 39 2
1262 2424 172 40 double
1459 2434 149 38 maps,
1636 2423 118 42 fold,
1780 2425 183 48 geneal.
1989 2426 96 40 tab.

92 2481 28 40 21½
180 2483 45 21 cm
227 2510 10 10 .

163 2535 229 42 Author’s
420 2536 178 48 pseud.,
627 2534 209 43 Michael
863 2534 243 48 Prawdin,
1133 2538 55 39 at
1211 2536 123 41 head
1358 2536 54 41 of
1437 2535 123 43 title.

165 2590 333 43 “Literatur”:
530 2603 43 38 p.
601 2591 237 51 293-[295]

94 2658 1993 108 © Nov. 13, 1935; 1c. Mar. 19, 1936; A-Foreign 30955; Deutsche verlags-anstalt. (36-11561)
94 2821 241 65 Cleugh,
359 2824 137 51 Mrs.
523 2820 238 66 Sophia.

92 2895 1968 149 … Wind which moved a ship. Garden City, N. Y., Doubleday, Doran & company, inc., 1936.
164 3048 29 39 6
217 3058 43 38 p.
323 3079 9 18 l.,
358 3047 142 42 3-301
526 3058 44 37 p.
630 3048 146 41 19½cm.

164 3104 162 42 “First
350 3104 226 42 edition.”

95 3159 53 54 ©
180 3165 125 40 June
337 3164 38 49 5,
408 3164 116 41 1936;
583 3164 66 41 2c.
683 3165 97 40 and
811 3161 81 44 aff.
927 3165 125 40 June
1085 3164 81 47 11;
1201 3164 40 40 A
1273 3164 170 48 94884;
1482 3165 45 43 S.
1562 3166 195 48 Cleugh,
1792 3167 116 39 New
1940 3167 146 41 York.

175 3220 277 50 (36-11967)

94 3323 237 64 Cozens,
361 3322 314 55 Frederick
702 3324 265 62 Warren,
998 3329 169 50 1890-

164 3397 268 68 Physical
461 3398 298 53 education
786 3399 384 53 achievement
1198 3399 172 53 scales
1400 3397 92 55 for
1519 3398 139 70 boys
1686 3400 63 54 in
1774 3398 310 69 secondary

94 3474 1986 71 schools, by Frederick W. Cozens … Martin H. Trieb … and
95 3552 1964 149 N. P. Neilson … New York, A. S. Barnes and company, incorporated, 1936.
165 3703 62 48 vi,
254 3704 145 41 3-155
426 3715 42 38 p.
499 3704 108 41 incl.
635 3705 169 49 tables,
835 3706 178 47 diagrs.
1073 3704 146 42 23½cm.

167 3760 145 42 “This
346 3764 156 46 study,
537 3763 157 39 which
726 3764 41 39 is
800 3773 88 31 one
922 3763 53 41 of
1008 3773 26 29 a
1071 3762 149 41 series
1254 3762 52 39 of
1337 3760 104 47 five,
1475 3771 100 30 was
1612 3760 138 40 made
1783 3758 210 49 possible
2024 3758 62 48 by

97 3815 1989 53 the … cooperation of a large number of teachers in the junior and
97 3875 161 39 senior
279 3875 113 46 high
416 3876 186 40 schools
628 3876 52 40 of
702 3877 81 40 the
807 3877 99 46 city
929 3876 53 40 of
1007 3876 92 39 Los
1126 3873 437 49 Angeles.”—Pref.

99 3930 53 53 ©
174 3934 117 48 Apr.
323 3936 39 46 7,
394 3934 139 46 1936;
567 3936 66 39 2c.
666 3936 112 47 Apr.
810 3935 52 44 6;
897 3934 81 41 aff.
1011 3934 113 45 Apr.
1155 3934 83 45 22;
1272 3934 40 39 A
1344 3932 169 47 91107;
1548 3932 54 40 A.
1638 3931 44 42 S.
1716 3932 191 40 Barnesi
1934 3932 36 38 &
2004 3941 81 38 co.,

167 3990 90 41 inc.
324 3990 277 48 (36-12084)
