2519 4377
1020 4100 134 50 2053

76 460 277 62 Lasance,
384 456 244 54 Francis
655 453 238 64 Xavier,
925 456 169 50 1860-
1308 464 177 51 comp.

146 534 360 64 Remember;
533 530 275 67 thoughts
835 548 69 34 on
932 529 93 52 the
1049 528 109 53 end
1182 526 63 54 of
1270 542 149 46 man,
1445 525 96 51 the
1567 522 132 53 four
1724 522 111 53 last
1858 519 216 66 things,

76 615 93 52 the
206 612 227 68 passion
468 609 63 53 of
569 608 123 55 Our
727 607 174 67 Lord,
936 605 211 52 human
1186 600 295 70 suffering,
1517 597 270 70 humility
1823 597 112 53 and
77 615 1974 133 patience,
295 686 280 68 compiled
602 685 111 54 and
739 683 187 55 edited
952 684 74 66 by
1050 682 136 53 Rev.
1212 682 65 53 F.
1302 680 77 51 X.
1404 679 266 52 Lasance.
1730 676 139 52 New
1897 673 179 66 York,

80 766 325 57 Cincinnati
461 771 119 59 [etc.]
617 759 279 68 Benziger
924 759 276 64 brothers,
1232 760 149 50 1936.

149 832 852 55 xii. 281 p. front., 1 illus. 19cm.
79 893 1854 64 © Oct. 6 , 1936; 2c. Dec. 23; aff. Nov. 25; A 101481; Benziger bros.
158 961 253 51 (37-2091)

77 1066 192 64 Lebel,
301 1064 242 64 Roland,
577 1068 171 50 1893-

256 1128 1818 81 … Les voyageurs français du Maroc; l’exotisme marocain
83 1221 141 53 dans
254 1220 54 53 la
342 1218 323 54 littérature
699 1217 67 52 de
800 1232 233 52 voyage.
1110 1213 183 66 Paris,
1326 1212 227 67 Larose,
1589 1212 149 52 1936.

149 1291 87 41 406
264 1301 57 38 p.,
351 1291 25 39 1
430 1322 9 8 l.
555 1292 59 39 19cm.
685 1287 364 50 (Bibliothèque
1078 1287 57 40 de
1164 1285 192 41 culture
1383 1286 48 39 et
1461 1285 60 39 de
1550 1282 354 48 vulgarisation
80 1280 1997 115 nord-africaines,

394 1345 183 48 dirigée
613 1356 89 38 par
740 1346 53 39 E.
830 1342 429 50 Lévi-Provençal)

154 1406 175 40 “Table
365 1403 374 48 chronologique
771 1402 82 39 des
886 1409 237 39 ouvrages
1157 1399 147 41 cités”
1325 1410 8 28 :
1371 1409 41 37 p.
1453 1396 247 51 [395]-403.

83 1468 1520 61 © Sept. 1, 1936; 1c. Dec. 3: A- Foreign 33688; Larose.
164 1534 250 49 (37-1943)

85 1640 286 65 Legends,
408 1656 192 49 poems
636 1638 110 52 and
783 1637 199 53 stories
1018 1635 166 54 listed
1224 1653 59 34 as
1319 1633 259 69 required
1616 1633 240 67 reading
1890 1632 60 52 in
1989 1631 93 53 the

154 1716 231 56 seventh
415 1715 112 54 and
559 1714 196 69 eighth
784 1713 203 69 grades
1014 1715 57 51 in
1101 1730 192 35 course
1323 1711 63 53 of
1415 1710 129 52 study
1615 1708 95 54 for
1739 1708 306 53 elementary

156 1785 1929 76 schools of Nebraska. Boston, New York [etc.] Houghton
153 1872 204 54 Mifflin
388 1888 284 51 company
707 1872 193 65 [c1936]

156 1938 1291 57 viii p.. 3 l., [3]-374 p. col. front., plates. 19½cm.
88 2012 53 53 ©
168 2016 109 41 Dec.
300 2016 40 41 4.
368 2013 137 44 1936;
534 2012 67 39 2c.
628 2014 112 38 Dec.
770 2012 79 46 19;
878 2011 81 39 aff.
988 2012 110 37 Dec.
1129 2009 79 47 18;
1236 2011 38 37 A
1302 2006 198 46 101373;
1531 2007 263 48 Houghton
1824 2004 166 43 Mifflin
2019 2015 67 30 co.

160 2070 280 51 [Copyright
481 2069 41 40 is
563 2068 205 40 claimed
811 2078 60 30 on
910 2076 148 39 pages
1100 2066 147 40 v-viii
1289 2066 93 38 and
1423 2063 191 50 365-66,
1658 2065 58 48 by
1760 2065 222 40 Barbara
2025 2066 62 39 M.

164 2127 160 50 Hahn]
388 2124 250 49 (37-1808)

88 2229 336 66 Leishman,
452 2229 261 55 Thomas
740 2228 235 66 Linton,
1007 2232 170 52 1900-

158 2299 1930 78 The Bible handbook, by Thomas L. Leishman … and Arthur
89 2383 63 52 T.
180 2383 200 55 Lewis.
444 2381 271 72 Chicago,
740 2382 113 69 Ill.,
880 2381 333 54 Associated
1243 2380 233 56 authors
1509 2383 193 66 [c1936]

157 2454 87 42 272
273 2467 44 37 p.
378 2454 162 50 front.,
571 2455 217 41 facsims.
846 2454 118 42 22cm.

161 2510 140 51 Maps
329 2523 61 30 on
420 2511 362 50 lining-papers.

160 2567 346 50 Bibliography
525 2580 8 27 :
567 2579 45 38 p.
645 2566 217 43 259-262.

93 2623 52 53 ©
170 2627 109 41 Dec.
305 2627 68 47 14,
397 2624 140 44 1936;
564 2624 65 40 2c.
658 2625 92 39 and
778 2625 82 41 aff.
887 2627 110 39 Dec.
1025 2625 47 38 21;
1135 2626 38 38 A
1201 2622 198 48 102040;
1428 2623 284 42 Associated
1737 2625 218 39 authors.

174 2681 251 52 (37-1937)

91 2784 319 65 Lindevall,
440 2785 134 54 Carl
602 2785 259 64 August,
895 2790 169 50 1863-

161 2859 447 58 Reminiscences
634 2860 65 55 of
723 2879 71 36 an
819 2861 93 54 old
940 2861 345 70 clergyman,
1310 2861 112 54 and
1448 2862 161 54 other
1631 2862 319 55 narratives
1977 2861 112 56 and

92 2938 251 56 sketches
387 2939 197 54 drawn
630 2938 152 54 from
826 2940 116 52 real
987 2938 122 68 life,
1156 2939 117 54 also
1316 2939 319 56 narratives
1682 2939 64 54 of
1789 2955 301 37 numerous

97 3013 206 59 visions
325 3018 112 52 and
463 3016 161 54 other
649 3016 353 69 phenomena
1028 3015 151 55 from
1205 3017 93 53 the
1324 3015 277 56 “unseen”
1627 3017 200 69 world,
1850 3016 238 56 claimed

95 3094 74 69 by
198 3094 376 71 trustworthy
605 3111 232 52 persons
867 3100 56 47 to
956 3095 68 52 be
1055 3095 115 52 real
1206 3094 372 70 experiences,
1612 3094 321 71 indicating
1965 3093 127 54 that

95 3169 157 57 there
286 3172 46 53 is
366 3190 29 34 a
433 3170 269 69 spiritual
738 3172 112 54 and
886 3171 410 68 supersensible
1334 3172 198 69 world,
1568 3173 111 52 and
1714 3172 127 53 that
1878 3171 214 54 human

97 3249 348 70 personality
482 3248 255 55 survives
775 3248 197 70 bodily
1011 3249 188 69 death,
1238 3249 326 55 committed
1606 3256 57 49 to
1705 3249 234 71 writing
1980 3249 112 53 and

97 3317 1996 84 edited by C. A. Lindevall … [Rock Island, Ill., Augustana
98 3400 142 56 book
268 3421 254 37 concern.
551 3406 134 50 1936]

167 3473 82 43 231
277 3486 43 38 p.
379 3475 117 42 20cm.

102 3529 52 54 ©
182 3533 101 44 Oct.
312 3535 38 41 1.
379 3533 139 43 1936:
549 3534 67 41 2c.
646 3535 95 40 and
771 3533 80 43 aff.
880 3536 112 40 Dec.
1018 3535 53 41 9:
1102 3536 37 40 A
1170 3534 198 43 101208:
1401 3535 47 41 C.
1479 3536 51 39 A.
1561 3533 266 46 Lindevall.
1858 3534 239 46 Hamden.

172 3589 144 42 Conn.
378 3589 251 46 (37-1734)

103 3692 229 66 Lucius,
363 3694 217 54 Pierre.

260 3765 1835 80 … Déchéance des bourgeoisies d’argent. [ Paris] Flammarion
125 3852 174 64 [ c1936]
175 3912 1666 66 3 p. l., [5]-284. [2] p. 19cm. (Bibliothèque d’études sociales)
107 3963 1994 65 © Nov. 26, 1936; 1c. Dec. 16: A-Foreign 33862: Ernest Flammarion.
189 4030 248 45 (37-3527)
