<alto xmlns="http://www.loc.gov/standards/alto/ns-v3#" xmlns:xsi="http://www.w3.org/2001/XMLSchema-instance" xsi:schemaLocation="http://www.loc.gov/standards/alto/ns-v3# http://www.loc.gov/alto/v3/alto-3-0.xsd"><Description>
<MeasurementUnit>pixel</MeasurementUnit>
<sourceImageInformation>
<fileName>1936_v33_Part1.pdf</fileName>
</sourceImageInformation>
<OCRProcessing ID="IdOcr">
<ocrProcessingStep>
<processingDateTime>2019-01-18</processingDateTime>
<processingSoftware>
<softwareCreator>ABBYY</softwareCreator>
<softwareName>ABBYY Recognition Server</softwareName>
<softwareVersion>4.0</softwareVersion>
</processingSoftware>
</ocrProcessingStep>
</OCRProcessing>
</Description>
<Styles>
<ParagraphStyle ALIGN="Left" FIRSTLINE="0." ID="StyleId-FFFFFFFF-FFFF-FFFF-FFFF-FFFFFFFFFFFF-" LEFT="0." RIGHT="0." />
<ParagraphStyle ALIGN="Left" FIRSTLINE="0." ID="StyleId-51D50FAC-7A90-4D70-8A96-5EA9D46D1C8B-" LEFT="0." LINESPACE="7.699999809" RIGHT="0." />
<ParagraphStyle ALIGN="Block" FIRSTLINE="-17." ID="StyleId-6BC133E9-7DCB-43C3-8842-A67984A26405-" LEFT="0." LINESPACE="8.340000153" RIGHT="0." />
<ParagraphStyle ALIGN="Left" FIRSTLINE="-13." ID="StyleId-3C3FF860-43E7-46A2-8934-48F305F6F0D6-" LEFT="0." LINESPACE="11.06999969" RIGHT="0." />
<ParagraphStyle ALIGN="Block" FIRSTLINE="-13." ID="StyleId-19220C76-4F8A-4737-B38C-B5F5C17E6040-" LEFT="0." LINESPACE="11.06999969" RIGHT="0." />
<ParagraphStyle ALIGN="Left" FIRSTLINE="0." ID="StyleId-75A0D721-13ED-4F20-9002-B389EC48477D-" LEFT="0." LINESPACE="15.5" RIGHT="0." />
<ParagraphStyle ALIGN="Left" FIRSTLINE="0." ID="StyleId-8A414184-C7A5-4AC7-9B88-7DA4DDE75922-" LEFT="0." LINESPACE="9.399999619" RIGHT="0." />
<ParagraphStyle ALIGN="Left" FIRSTLINE="0." ID="StyleId-1A87970B-111C-4169-99A6-9412976F3C97-" LEFT="0." LINESPACE="10.5" RIGHT="0." />
<ParagraphStyle ALIGN="Block" FIRSTLINE="-17." ID="StyleId-72DB0571-5AE4-41FD-9E11-68C6AC4C437E-" LEFT="0." LINESPACE="8.340000153" RIGHT="0." />
<ParagraphStyle ALIGN="Center" FIRSTLINE="0." ID="StyleId-1AA43056-C388-4697-B10F-72FDAA38FAE1-" LEFT="0." LINESPACE="10.5" RIGHT="0." />
</Styles>
<Layout>
<Page HEIGHT="4377" ID="Page484" PHYSICAL_IMG_NR="484" WIDTH="2519">
<TopMargin HEIGHT="388" HPOS="0" VPOS="0" WIDTH="2519">
</TopMargin>
<LeftMargin HEIGHT="3792" HPOS="0" VPOS="388" WIDTH="384">
</LeftMargin>
<RightMargin HEIGHT="3792" HPOS="2428" VPOS="388" WIDTH="91">
</RightMargin>
<BottomMargin HEIGHT="197" HPOS="0" VPOS="4180" WIDTH="2519">
</BottomMargin>
<PrintSpace HEIGHT="3792" HPOS="384" VPOS="388" WIDTH="2044">
<TextBlock HEIGHT="70" HPOS="1346" ID="Page484_Block1" LANG="en-US" STYLEREFS="StyleId-0114F7AA-E4EC-43FC-966A-170C9060DF3B-" VPOS="4110" WIDTH="122">
<TextLine HEIGHT="50" HPOS="1356" VPOS="4120" WIDTH="101">
<String CONTENT="484" HEIGHT="50" HPOS="1356" VPOS="4120" WIDTH="101" />
</TextLine>
</TextBlock>
<TextBlock CS="1" HEIGHT="3726" HPOS="384" ID="Page484_Block2" STYLEREFS="StyleId-B3E5A114-04E1-4EE3-9E38-3B6EB89BEB05-" VPOS="388" WIDTH="2044">
<TextLine HEIGHT="65" HPOS="395" STYLEREFS="StyleId-405C7933-2433-4D49-9C7B-42647E4D94DE-" VPOS="437" WIDTH="842">
<String CONTENT="Clendening," HEIGHT="65" HPOS="395" LANG="de" VPOS="437" WIDTH="382" />
<SP HEIGHT="64" HPOS="778" VPOS="438" WIDTH="30" />
<String CONTENT="Logan," HEIGHT="64" HPOS="809" LANG="en-US" VPOS="438" WIDTH="223" />
<SP HEIGHT="58" HPOS="1033" VPOS="443" WIDTH="32" />
<String CONTENT="1884-" HEIGHT="50" HPOS="1066" LANG="en-US" VPOS="442" WIDTH="171" />
</TextLine>
<TextLine CS="1" HEIGHT="70" HPOS="466" LANG="en-US" STYLEREFS="StyleId-405C7933-2433-4D49-9C7B-42647E4D94DE-" VPOS="513" WIDTH="1940">
<String CONTENT="A" HEIGHT="53" HPOS="466" VPOS="514" WIDTH="56" />
<SP HEIGHT="53" HPOS="523" VPOS="514" WIDTH="43" />
<String CONTENT="handbook" HEIGHT="54" HPOS="567" VPOS="514" WIDTH="307" />
<SP HEIGHT="53" HPOS="875" VPOS="514" WIDTH="42" />
<String CONTENT="to" HEIGHT="50" HPOS="918" VPOS="519" WIDTH="59" />
<SP HEIGHT="54" HPOS="978" VPOS="515" WIDTH="44" />
<String CONTENT="Pickwick" HEIGHT="54" HPOS="1023" VPOS="513" WIDTH="294" />
<SP HEIGHT="68" HPOS="1318" VPOS="515" WIDTH="42" />
<String CONTENT="papers" HEIGHT="51" HPOS="1361" VPOS="532" WIDTH="208" />
<SP HEIGHT="49" HPOS="1570" VPOS="534" WIDTH="50" />
<String CONTENT="[by]" CS="1" HEIGHT="69" HPOS="1638" VPOS="514" WIDTH="75" />
<SP HEIGHT="66" HPOS="1732" VPOS="516" WIDTH="49" />
<String CONTENT="Logan" HEIGHT="67" HPOS="1782" VPOS="516" WIDTH="202" />
<SP HEIGHT="56" HPOS="1985" VPOS="515" WIDTH="46" />
<String CONTENT="Clendening." HEIGHT="67" HPOS="2032" VPOS="515" WIDTH="374" />
</TextLine>
<TextLine HEIGHT="69" HPOS="397" LANG="en-US" STYLEREFS="StyleId-405C7933-2433-4D49-9C7B-42647E4D94DE-" VPOS="592" WIDTH="1276">
<String CONTENT="New" HEIGHT="53" HPOS="397" VPOS="594" WIDTH="139" />
<SP HEIGHT="52" HPOS="537" VPOS="594" WIDTH="29" />
<String CONTENT="York," HEIGHT="67" HPOS="567" VPOS="592" WIDTH="180" />
<SP HEIGHT="65" HPOS="748" VPOS="594" WIDTH="26" />
<String CONTENT="London," HEIGHT="67" HPOS="775" VPOS="594" WIDTH="259" />
<SP HEIGHT="67" HPOS="1035" VPOS="594" WIDTH="29" />
<String CONTENT="A." HEIGHT="52" HPOS="1065" VPOS="594" WIDTH="71" />
<SP HEIGHT="52" HPOS="1137" VPOS="594" WIDTH="27" />
<String CONTENT="A." HEIGHT="53" HPOS="1165" VPOS="594" WIDTH="70" />
<SP HEIGHT="52" HPOS="1236" VPOS="595" WIDTH="29" />
<String CONTENT="Knopf," HEIGHT="69" HPOS="1266" VPOS="592" WIDTH="225" />
<SP HEIGHT="58" HPOS="1492" VPOS="598" WIDTH="31" />
<String CONTENT="1936." HEIGHT="50" HPOS="1524" VPOS="597" WIDTH="149" />
</TextLine>
<TextLine CS="1" HEIGHT="48" HPOS="506" LANG="en-US" VPOS="666" WIDTH="1353">
<String CONTENT="x," CS="1" HEIGHT="16" HPOS="506" VPOS="698" WIDTH="9" />
<SP HEIGHT="47" HPOS="516" VPOS="667" WIDTH="26" />
<String CONTENT="156" HEIGHT="41" HPOS="543" VPOS="666" WIDTH="87" />
<SP HEIGHT="48" HPOS="631" VPOS="666" WIDTH="23" />
<String CONTENT="p.," HEIGHT="37" HPOS="655" LANG="fr" VPOS="677" WIDTH="59" />
<SP HEIGHT="47" HPOS="715" VPOS="667" WIDTH="27" />
<String CONTENT="1" HEIGHT="39" HPOS="743" VPOS="667" WIDTH="23" />
<SP HEIGHT="39" HPOS="767" VPOS="667" WIDTH="26" />
<String CONTENT="1." HEIGHT="39" HPOS="794" VPOS="668" WIDTH="32" />
<SP HEIGHT="41" HPOS="827" VPOS="666" WIDTH="57" />
<String CONTENT="illus.," HEIGHT="48" HPOS="885" VPOS="666" WIDTH="144" />
<SP HEIGHT="37" HPOS="1030" VPOS="677" WIDTH="27" />
<String CONTENT="plates," HEIGHT="47" HPOS="1058" VPOS="667" WIDTH="172" />
<SP HEIGHT="35" HPOS="1231" VPOS="678" WIDTH="28" />
<String CONTENT="maps" HEIGHT="38" HPOS="1260" VPOS="676" WIDTH="137" />
<SP HEIGHT="46" HPOS="1398" VPOS="667" WIDTH="25" />
<String CONTENT="(1" HEIGHT="46" HPOS="1424" VPOS="667" WIDTH="50" />
<SP HEIGHT="40" HPOS="1475" VPOS="666" WIDTH="23" />
<String CONTENT="fold.)" HEIGHT="48" HPOS="1499" VPOS="666" WIDTH="146" />
<SP HEIGHT="48" HPOS="1646" VPOS="666" WIDTH="64" />
<String CONTENT="21&#189;" CS="1" HEIGHT="40" HPOS="1711" VPOS="666" WIDTH="55" />
<String CONTENT="cm" HEIGHT="21" HPOS="1800" STYLE="superscript" VPOS="669" WIDTH="44" />
<String CONTENT="." HEIGHT="10" HPOS="1849" VPOS="698" WIDTH="10" />
</TextLine>
<TextLine HEIGHT="49" HPOS="472" LANG="en-US" VPOS="723" WIDTH="1559">
<String CONTENT="&#8220;The" HEIGHT="41" HPOS="472" VPOS="724" WIDTH="131" />
<SP HEIGHT="42" HPOS="604" VPOS="723" WIDTH="30" />
<String CONTENT="first" HEIGHT="41" HPOS="635" VPOS="723" WIDTH="110" />
<SP HEIGHT="38" HPOS="746" VPOS="726" WIDTH="31" />
<String CONTENT="edition" HEIGHT="41" HPOS="778" VPOS="723" WIDTH="186" />
<SP HEIGHT="28" HPOS="965" VPOS="735" WIDTH="36" />
<String CONTENT="..." HEIGHT="9" HPOS="1002" VPOS="755" WIDTH="46" />
<SP HEIGHT="30" HPOS="1049" VPOS="734" WIDTH="37" />
<String CONTENT="consists" HEIGHT="41" HPOS="1087" VPOS="723" WIDTH="208" />
<SP HEIGHT="29" HPOS="1296" VPOS="735" WIDTH="35" />
<String CONTENT="of" HEIGHT="40" HPOS="1332" VPOS="724" WIDTH="51" />
<SP HEIGHT="39" HPOS="1384" VPOS="724" WIDTH="34" />
<String CONTENT="two" HEIGHT="39" HPOS="1419" VPOS="725" WIDTH="95" />
<SP HEIGHT="38" HPOS="1515" VPOS="726" WIDTH="34" />
<String CONTENT="thousand" HEIGHT="40" HPOS="1550" VPOS="724" WIDTH="247" />
<SP HEIGHT="40" HPOS="1798" VPOS="724" WIDTH="28" />
<String CONTENT="copies.&#8221;" HEIGHT="49" HPOS="1827" VPOS="723" WIDTH="204" />
</TextLine>
<TextLine CS="1" HEIGHT="49" HPOS="753" LANG="en-US" VPOS="780" WIDTH="1657">
<String CONTENT="CONTENTS.&#8212;The" CS="1" HEIGHT="40" HPOS="753" VPOS="781" WIDTH="161" />
<SP HEIGHT="29" HPOS="915" VPOS="792" WIDTH="43" />
<String CONTENT="centenary" HEIGHT="47" HPOS="959" VPOS="782" WIDTH="263" />
<SP HEIGHT="37" HPOS="1223" VPOS="792" WIDTH="45" />
<String CONTENT="of" HEIGHT="40" HPOS="1269" VPOS="781" WIDTH="51" />
<SP HEIGHT="40" HPOS="1321" VPOS="781" WIDTH="41" />
<String CONTENT="Pickwick.&#8212;The" HEIGHT="42" HPOS="1363" VPOS="780" WIDTH="424" />
<SP HEIGHT="41" HPOS="1788" VPOS="781" WIDTH="43" />
<String CONTENT="history" HEIGHT="48" HPOS="1832" VPOS="781" WIDTH="188" />
<SP HEIGHT="38" HPOS="2021" VPOS="791" WIDTH="45" />
<String CONTENT="of" HEIGHT="40" HPOS="2067" VPOS="781" WIDTH="52" />
<SP HEIGHT="40" HPOS="2120" VPOS="781" WIDTH="44" />
<String CONTENT="Pickwick" HEIGHT="40" HPOS="2165" VPOS="782" WIDTH="245" />
</TextLine>
<TextLine CS="1" HEIGHT="106" HPOS="400" LANG="en-US" VPOS="838" WIDTH="1992">
<String CONTENT="papers.&#8212;The" HEIGHT="49" HPOS="400" VPOS="838" WIDTH="354" />
<SP HEIGHT="38" HPOS="755" VPOS="841" WIDTH="23" />
<String CONTENT="topography" HEIGHT="48" HPOS="779" VPOS="838" WIDTH="302" />
<SP HEIGHT="37" HPOS="1082" VPOS="849" WIDTH="21" />
<String CONTENT="of" HEIGHT="41" HPOS="1104" VPOS="838" WIDTH="52" />
<SP HEIGHT="40" HPOS="1157" VPOS="838" WIDTH="24" />
<String CONTENT="Pickwick" HEIGHT="41" HPOS="1182" VPOS="838" WIDTH="245" />
<SP HEIGHT="48" HPOS="1428" VPOS="838" WIDTH="24" />
<String CONTENT="papers.&#8212;The" HEIGHT="47" HPOS="1453" VPOS="839" WIDTH="356" />
<SP HEIGHT="40" HPOS="1810" VPOS="839" WIDTH="21" />
<String CONTENT="bibliography" HEIGHT="49" HPOS="1832" VPOS="838" WIDTH="338" />
<SP HEIGHT="37" HPOS="2171" VPOS="850" WIDTH="26" />
<String CONTENT="of" HEIGHT="40" HPOS="2198" VPOS="839" WIDTH="51" />
<SP HEIGHT="40" HPOS="2250" VPOS="839" WIDTH="25" />
<String CONTENT="Pickwick" HEIGHT="96" HPOS="401" VPOS="839" WIDTH="1991" />
<SP HEIGHT="48" HPOS="525" VPOS="896" WIDTH="32" />
<String CONTENT="papers" HEIGHT="38" HPOS="558" VPOS="906" WIDTH="176" />
<SP HEIGHT="47" HPOS="735" VPOS="896" WIDTH="43" />
<String CONTENT="(p." HEIGHT="48" HPOS="779" VPOS="896" WIDTH="68" />
</TextLine>
<TextLine HEIGHT="49" HPOS="882" LANG="en-US" VPOS="894" WIDTH="1527">
<String CONTENT="137-149)&#8212;Summary" HEIGHT="49" HPOS="882" VPOS="894" WIDTH="561" />
<SP HEIGHT="36" HPOS="1444" VPOS="907" WIDTH="36" />
<String CONTENT="of" HEIGHT="42" HPOS="1481" VPOS="895" WIDTH="52" />
<SP HEIGHT="48" HPOS="1534" VPOS="895" WIDTH="30" />
<String CONTENT="places" HEIGHT="47" HPOS="1565" VPOS="896" WIDTH="163" />
<SP HEIGHT="29" HPOS="1729" VPOS="906" WIDTH="32" />
<String CONTENT="mentioned" HEIGHT="41" HPOS="1762" VPOS="895" WIDTH="277" />
<SP HEIGHT="41" HPOS="2040" VPOS="895" WIDTH="38" />
<String CONTENT="in" HEIGHT="41" HPOS="2079" VPOS="895" WIDTH="48" />
<SP HEIGHT="39" HPOS="2128" VPOS="897" WIDTH="37" />
<String CONTENT="Pickwick" HEIGHT="41" HPOS="2166" VPOS="896" WIDTH="243" />
</TextLine>
<TextLine HEIGHT="51" HPOS="400" LANG="en-US" VPOS="952" WIDTH="797">
<String CONTENT="papers" HEIGHT="40" HPOS="400" VPOS="963" WIDTH="174" />
<SP HEIGHT="32" HPOS="575" VPOS="963" WIDTH="30" />
<String CONTENT="or" HEIGHT="31" HPOS="606" VPOS="964" WIDTH="55" />
<SP HEIGHT="31" HPOS="662" VPOS="964" WIDTH="26" />
<String CONTENT="associated" HEIGHT="43" HPOS="689" VPOS="952" WIDTH="276" />
<SP HEIGHT="40" HPOS="966" VPOS="954" WIDTH="28" />
<String CONTENT="with" HEIGHT="41" HPOS="995" VPOS="953" WIDTH="120" />
<SP HEIGHT="40" HPOS="1116" VPOS="954" WIDTH="27" />
<String CONTENT="it." HEIGHT="40" HPOS="1144" VPOS="954" WIDTH="53" />
</TextLine>
<TextLine CS="1" HEIGHT="53" HPOS="399" LANG="en-US" VPOS="1022" WIDTH="2011">
<String CONTENT="&#169;" HEIGHT="53" HPOS="399" VPOS="1022" WIDTH="53" />
<SP HEIGHT="53" HPOS="453" VPOS="1022" WIDTH="31" />
<String CONTENT="Apr." HEIGHT="47" HPOS="485" VPOS="1027" WIDTH="112" />
<SP HEIGHT="39" HPOS="598" VPOS="1027" WIDTH="33" />
<String CONTENT="20," HEIGHT="44" HPOS="632" VPOS="1026" WIDTH="69" />
<SP HEIGHT="43" HPOS="702" VPOS="1027" WIDTH="34" />
<String CONTENT="1936;" CS="1" HEIGHT="40" HPOS="737" VPOS="1025" WIDTH="117" />
<SP HEIGHT="46" HPOS="878" VPOS="1026" WIDTH="33" />
<String CONTENT="2c." HEIGHT="41" HPOS="912" VPOS="1026" WIDTH="68" />
<SP HEIGHT="30" HPOS="981" VPOS="1037" WIDTH="34" />
<String CONTENT="and" HEIGHT="38" HPOS="1016" VPOS="1027" WIDTH="95" />
<SP HEIGHT="38" HPOS="1112" VPOS="1027" WIDTH="30" />
<String CONTENT="aff." HEIGHT="40" HPOS="1143" VPOS="1026" WIDTH="83" />
<SP HEIGHT="40" HPOS="1227" VPOS="1026" WIDTH="32" />
<String CONTENT="Apr." HEIGHT="48" HPOS="1260" VPOS="1026" WIDTH="114" />
<SP HEIGHT="40" HPOS="1375" VPOS="1026" WIDTH="32" />
<String CONTENT="23;" CS="1" HEIGHT="40" HPOS="1408" VPOS="1026" WIDTH="54" />
<SP HEIGHT="39" HPOS="1491" VPOS="1026" WIDTH="34" />
<String CONTENT="A" HEIGHT="38" HPOS="1526" VPOS="1026" WIDTH="40" />
<SP HEIGHT="39" HPOS="1567" VPOS="1025" WIDTH="33" />
<String CONTENT="93749;" CS="1" HEIGHT="41" HPOS="1601" VPOS="1025" WIDTH="143" />
<SP HEIGHT="45" HPOS="1772" VPOS="1026" WIDTH="34" />
<String CONTENT="Alfred" HEIGHT="42" HPOS="1807" VPOS="1025" WIDTH="172" />
<SP HEIGHT="39" HPOS="1980" VPOS="1027" WIDTH="34" />
<String CONTENT="A." HEIGHT="39" HPOS="2015" VPOS="1027" WIDTH="54" />
<SP HEIGHT="39" HPOS="2070" VPOS="1027" WIDTH="33" />
<String CONTENT="Knopf," HEIGHT="47" HPOS="2104" VPOS="1026" WIDTH="180" />
<SP HEIGHT="45" HPOS="2285" VPOS="1027" WIDTH="34" />
<String CONTENT="inc." HEIGHT="40" HPOS="2320" VPOS="1027" WIDTH="90" />
</TextLine>
<TextLine HEIGHT="49" HPOS="481" LANG="en-US" VPOS="1083" WIDTH="253">
<String CONTENT="(36-9284)" HEIGHT="49" HPOS="481" VPOS="1083" WIDTH="253" />
</TextLine>
<TextLine HEIGHT="66" HPOS="400" LANG="en-US" STYLEREFS="StyleId-405C7933-2433-4D49-9C7B-42647E4D94DE-" VPOS="1187" WIDTH="785">
<String CONTENT="Cleveland," HEIGHT="64" HPOS="400" VPOS="1189" WIDTH="333" />
<SP HEIGHT="64" HPOS="734" VPOS="1189" WIDTH="23" />
<String CONTENT="Roger" HEIGHT="64" HPOS="758" VPOS="1189" WIDTH="196" />
<SP HEIGHT="51" HPOS="955" VPOS="1189" WIDTH="22" />
<String CONTENT="Peeke." HEIGHT="54" HPOS="978" VPOS="1187" WIDTH="207" />
</TextLine>
<TextLine HEIGHT="70" HPOS="470" LANG="en-US" STYLEREFS="StyleId-405C7933-2433-4D49-9C7B-42647E4D94DE-" VPOS="1263" WIDTH="1940">
<String CONTENT="Up" HEIGHT="69" HPOS="470" VPOS="1264" WIDTH="96" />
<SP HEIGHT="63" HPOS="567" VPOS="1270" WIDTH="26" />
<String CONTENT="the" HEIGHT="52" HPOS="594" VPOS="1265" WIDTH="95" />
<SP HEIGHT="49" HPOS="690" VPOS="1268" WIDTH="26" />
<String CONTENT="trail," HEIGHT="67" HPOS="717" VPOS="1264" WIDTH="155" />
<SP HEIGHT="67" HPOS="873" VPOS="1264" WIDTH="26" />
<String CONTENT="by" HEIGHT="69" HPOS="900" VPOS="1264" WIDTH="75" />
<SP HEIGHT="69" HPOS="976" VPOS="1264" WIDTH="27" />
<String CONTENT="Roger" HEIGHT="69" HPOS="1004" VPOS="1264" WIDTH="191" />
<SP HEIGHT="51" HPOS="1196" VPOS="1265" WIDTH="25" />
<String CONTENT="Peeke" HEIGHT="53" HPOS="1222" VPOS="1263" WIDTH="182" />
<SP HEIGHT="54" HPOS="1405" VPOS="1263" WIDTH="27" />
<String CONTENT="Cleveland." HEIGHT="54" HPOS="1433" VPOS="1263" WIDTH="328" />
<SP HEIGHT="34" HPOS="1762" VPOS="1296" WIDTH="69" />
<String CONTENT="[Worcester," HEIGHT="66" HPOS="1832" VPOS="1264" WIDTH="357" />
<SP HEIGHT="63" HPOS="2190" VPOS="1264" WIDTH="28" />
<String CONTENT="Mass.," HEIGHT="67" HPOS="2219" VPOS="1264" WIDTH="191" />
</TextLine>
<TextLine HEIGHT="69" HPOS="399" LANG="en-US" STYLEREFS="StyleId-405C7933-2433-4D49-9C7B-42647E4D94DE-" VPOS="1342" WIDTH="868">
<String CONTENT="The" HEIGHT="53" HPOS="399" VPOS="1343" WIDTH="120" />
<SP HEIGHT="51" HPOS="520" VPOS="1345" WIDTH="24" />
<String CONTENT="Davis" HEIGHT="54" HPOS="545" VPOS="1342" WIDTH="183" />
<SP HEIGHT="50" HPOS="729" VPOS="1361" WIDTH="26" />
<String CONTENT="press," HEIGHT="50" HPOS="756" VPOS="1361" WIDTH="172" />
<SP HEIGHT="68" HPOS="929" VPOS="1342" WIDTH="26" />
<String CONTENT="inc.]" HEIGHT="68" HPOS="956" VPOS="1342" WIDTH="127" />
<SP HEIGHT="64" HPOS="1084" VPOS="1346" WIDTH="33" />
<String CONTENT="1936." HEIGHT="50" HPOS="1118" VPOS="1346" WIDTH="149" />
</TextLine>
<TextLine HEIGHT="49" HPOS="470" LANG="en-US" VPOS="1417" WIDTH="306">
<String CONTENT="46" HEIGHT="40" HPOS="470" VPOS="1417" WIDTH="57" />
<SP HEIGHT="49" HPOS="528" VPOS="1417" WIDTH="26" />
<String CONTENT="p." HEIGHT="38" HPOS="555" VPOS="1428" WIDTH="43" />
<SP HEIGHT="40" HPOS="599" VPOS="1418" WIDTH="62" />
<String CONTENT="17" HEIGHT="40" HPOS="662" VPOS="1417" WIDTH="53" />
<String CONTENT="cm" HEIGHT="20" HPOS="720" STYLE="superscript" VPOS="1420" WIDTH="44" />
<String CONTENT="." HEIGHT="8" HPOS="769" VPOS="1448" WIDTH="7" />
</TextLine>
<TextLine HEIGHT="49" HPOS="472" LANG="en-US" VPOS="1473" WIDTH="1940">
<String CONTENT="&#8220;This" HEIGHT="41" HPOS="472" VPOS="1474" WIDTH="146" />
<SP HEIGHT="29" HPOS="619" VPOS="1486" WIDTH="40" />
<String CONTENT="edition" HEIGHT="40" HPOS="660" VPOS="1475" WIDTH="184" />
<SP HEIGHT="41" HPOS="845" VPOS="1473" WIDTH="41" />
<String CONTENT="is" HEIGHT="41" HPOS="887" VPOS="1473" WIDTH="42" />
<SP HEIGHT="40" HPOS="930" VPOS="1474" WIDTH="41" />
<String CONTENT="limited" HEIGHT="41" HPOS="972" VPOS="1474" WIDTH="187" />
<SP HEIGHT="38" HPOS="1160" VPOS="1476" WIDTH="43" />
<String CONTENT="to" HEIGHT="38" HPOS="1204" VPOS="1476" WIDTH="47" />
<SP HEIGHT="40" HPOS="1252" VPOS="1474" WIDTH="42" />
<String CONTENT="100" HEIGHT="40" HPOS="1295" VPOS="1473" WIDTH="84" />
<SP HEIGHT="39" HPOS="1380" VPOS="1474" WIDTH="40" />
<String CONTENT="numbered" HEIGHT="41" HPOS="1421" VPOS="1473" WIDTH="263" />
<SP HEIGHT="39" HPOS="1685" VPOS="1475" WIDTH="41" />
<String CONTENT="copies.&#8221;" HEIGHT="48" HPOS="1727" VPOS="1473" WIDTH="201" />
<SP HEIGHT="39" HPOS="1929" VPOS="1473" WIDTH="72" />
<String CONTENT="This" HEIGHT="40" HPOS="2002" VPOS="1474" WIDTH="119" />
<SP HEIGHT="30" HPOS="2122" VPOS="1484" WIDTH="43" />
<String CONTENT="copy" HEIGHT="38" HPOS="2166" VPOS="1484" WIDTH="118" />
<SP HEIGHT="37" HPOS="2285" VPOS="1485" WIDTH="43" />
<String CONTENT="not" HEIGHT="38" HPOS="2329" VPOS="1477" WIDTH="83" />
</TextLine>
<TextLine HEIGHT="41" HPOS="400" LANG="en-US" VPOS="1532" WIDTH="277">
<String CONTENT="numbered." HEIGHT="41" HPOS="400" VPOS="1532" WIDTH="277" />
</TextLine>
<TextLine HEIGHT="43" HPOS="472" LANG="en-US" VPOS="1589" WIDTH="184">
<String CONTENT="Poems." HEIGHT="43" HPOS="472" VPOS="1589" WIDTH="184" />
</TextLine>
<TextLine CS="1" HEIGHT="53" HPOS="401" LANG="en-US" VPOS="1661" WIDTH="2011">
<String CONTENT="&#169;" HEIGHT="53" HPOS="401" VPOS="1661" WIDTH="53" />
<SP HEIGHT="53" HPOS="455" VPOS="1661" WIDTH="31" />
<String CONTENT="Apr." HEIGHT="48" HPOS="487" VPOS="1666" WIDTH="113" />
<SP HEIGHT="40" HPOS="601" VPOS="1665" WIDTH="33" />
<String CONTENT="10," HEIGHT="46" HPOS="635" VPOS="1665" WIDTH="69" />
<SP HEIGHT="46" HPOS="705" VPOS="1665" WIDTH="33" />
<String CONTENT="1936;" CS="1" HEIGHT="40" HPOS="739" VPOS="1664" WIDTH="117" />
<SP HEIGHT="47" HPOS="881" VPOS="1663" WIDTH="34" />
<String CONTENT="2c." HEIGHT="40" HPOS="916" VPOS="1663" WIDTH="66" />
<SP HEIGHT="38" HPOS="983" VPOS="1664" WIDTH="34" />
<String CONTENT="Apr." HEIGHT="47" HPOS="1018" VPOS="1664" WIDTH="114" />
<SP HEIGHT="39" HPOS="1133" VPOS="1664" WIDTH="32" />
<String CONTENT="13;" CS="1" HEIGHT="39" HPOS="1166" VPOS="1664" WIDTH="53" />
<SP />
<String CONTENT="aff." CS="1" />
<SP HEIGHT="38" HPOS="1367" VPOS="1664" WIDTH="35" />
<String CONTENT="Apr." HEIGHT="47" HPOS="1403" VPOS="1664" WIDTH="113" />
<SP HEIGHT="39" HPOS="1517" VPOS="1665" WIDTH="35" />
<String CONTENT="14;" CS="1" HEIGHT="38" HPOS="1553" VPOS="1665" WIDTH="55" />
<SP HEIGHT="40" HPOS="1636" VPOS="1665" WIDTH="35" />
<String CONTENT="A" HEIGHT="38" HPOS="1672" VPOS="1665" WIDTH="40" />
<SP HEIGHT="39" HPOS="1713" VPOS="1665" WIDTH="33" />
<String CONTENT="93660;" CS="1" HEIGHT="40" HPOS="1747" VPOS="1665" WIDTH="144" />
<SP HEIGHT="45" HPOS="1919" VPOS="1666" WIDTH="38" />
<String CONTENT="R." HEIGHT="39" HPOS="1958" LANG="fr" VPOS="1666" WIDTH="55" />
<SP HEIGHT="39" HPOS="2014" VPOS="1666" WIDTH="35" />
<String CONTENT="P." HEIGHT="41" HPOS="2050" VPOS="1666" WIDTH="50" />
<SP HEIGHT="41" HPOS="2101" VPOS="1666" WIDTH="35" />
<String CONTENT="Cleveland," HEIGHT="48" HPOS="2137" VPOS="1666" WIDTH="275" />
</TextLine>
<TextLine HEIGHT="48" HPOS="476" LANG="en-US" VPOS="1721" WIDTH="748">
<String CONTENT="Grafton," HEIGHT="47" HPOS="476" VPOS="1722" WIDTH="225" />
<SP HEIGHT="46" HPOS="702" VPOS="1723" WIDTH="42" />
<String CONTENT="Mass." HEIGHT="38" HPOS="745" VPOS="1723" WIDTH="147" />
<SP HEIGHT="47" HPOS="893" VPOS="1721" WIDTH="78" />
<String CONTENT="(36-9258)" HEIGHT="48" HPOS="972" VPOS="1721" WIDTH="252" />
</TextLine>
<TextLine HEIGHT="66" HPOS="400" LANG="en-US" STYLEREFS="StyleId-405C7933-2433-4D49-9C7B-42647E4D94DE-" VPOS="1823" WIDTH="988">
<String CONTENT="Collins," HEIGHT="62" HPOS="400" VPOS="1825" WIDTH="236" />
<SP HEIGHT="61" HPOS="637" VPOS="1826" WIDTH="28" />
<String CONTENT="Francis" HEIGHT="54" HPOS="666" VPOS="1825" WIDTH="249" />
<SP HEIGHT="54" HPOS="916" VPOS="1825" WIDTH="23" />
<String CONTENT="Arnold," HEIGHT="66" HPOS="940" VPOS="1823" WIDTH="243" />
<SP HEIGHT="58" HPOS="1184" VPOS="1831" WIDTH="31" />
<String CONTENT="1873-" HEIGHT="52" HPOS="1216" VPOS="1828" WIDTH="172" />
</TextLine>
<TextLine CS="1" HEIGHT="150" HPOS="397" LANG="en-US" STYLEREFS="StyleId-405C7933-2433-4D49-9C7B-42647E4D94DE-" VPOS="1900" WIDTH="1992">
<String CONTENT="The" HEIGHT="53" HPOS="469" VPOS="1902" WIDTH="122" />
<SP HEIGHT="53" HPOS="592" VPOS="1902" WIDTH="26" />
<String CONTENT="boys&#8217;" HEIGHT="72" HPOS="619" VPOS="1900" WIDTH="158" />
<SP HEIGHT="55" HPOS="778" VPOS="1900" WIDTH="27" />
<String CONTENT="book" HEIGHT="54" HPOS="806" VPOS="1901" WIDTH="148" />
<SP HEIGHT="54" HPOS="955" VPOS="1901" WIDTH="28" />
<String CONTENT="of" HEIGHT="54" HPOS="984" VPOS="1901" WIDTH="66" />
<SP HEIGHT="53" HPOS="1051" VPOS="1901" WIDTH="26" />
<String CONTENT="model" HEIGHT="53" HPOS="1078" VPOS="1902" WIDTH="189" />
<SP HEIGHT="52" HPOS="1268" VPOS="1902" WIDTH="29" />
<String CONTENT="aeroplanes," HEIGHT="69" HPOS="1298" VPOS="1901" WIDTH="351" />
<SP HEIGHT="69" HPOS="1650" VPOS="1901" WIDTH="28" />
<String CONTENT="illustrated" HEIGHT="56" HPOS="1679" VPOS="1901" WIDTH="328" />
<SP HEIGHT="54" HPOS="2008" VPOS="1903" WIDTH="30" />
<String CONTENT="with" HEIGHT="54" HPOS="2039" VPOS="1903" WIDTH="140" />
<SP HEIGHT="69" HPOS="2180" VPOS="1903" WIDTH="31" />
<String CONTENT="photographs" HEIGHT="147" HPOS="397" VPOS="1903" WIDTH="1992" />
</TextLine>
<TextLine HEIGHT="70" HPOS="639" LANG="en-US" STYLEREFS="StyleId-405C7933-2433-4D49-9C7B-42647E4D94DE-" VPOS="1980" WIDTH="1772">
<String CONTENT="and" HEIGHT="53" HPOS="639" VPOS="1981" WIDTH="115" />
<SP HEIGHT="53" HPOS="755" VPOS="1981" WIDTH="23" />
<String CONTENT="diagrams," HEIGHT="70" HPOS="779" VPOS="1980" WIDTH="311" />
<SP HEIGHT="69" HPOS="1091" VPOS="1980" WIDTH="21" />
<String CONTENT="by" HEIGHT="70" HPOS="1113" VPOS="1980" WIDTH="76" />
<SP HEIGHT="69" HPOS="1190" VPOS="1981" WIDTH="21" />
<String CONTENT="Francis" HEIGHT="54" HPOS="1212" VPOS="1980" WIDTH="242" />
<SP HEIGHT="54" HPOS="1455" VPOS="1980" WIDTH="22" />
<String CONTENT="A." HEIGHT="54" HPOS="1478" VPOS="1980" WIDTH="73" />
<SP HEIGHT="55" HPOS="1552" VPOS="1980" WIDTH="24" />
<String CONTENT="Collins." HEIGHT="55" HPOS="1577" VPOS="1980" WIDTH="237" />
<SP HEIGHT="52" HPOS="1815" VPOS="1982" WIDTH="59" />
<String CONTENT="New" HEIGHT="53" HPOS="1875" VPOS="1982" WIDTH="141" />
<SP HEIGHT="35" HPOS="2017" VPOS="2000" WIDTH="26" />
<String CONTENT="and" HEIGHT="53" HPOS="2044" VPOS="1983" WIDTH="115" />
<SP HEIGHT="53" HPOS="2160" VPOS="1983" WIDTH="25" />
<String CONTENT="rev." HEIGHT="35" HPOS="2186" VPOS="2001" WIDTH="115" />
<SP HEIGHT="36" HPOS="2302" VPOS="2001" WIDTH="23" />
<String CONTENT="ed." HEIGHT="55" HPOS="2326" VPOS="1982" WIDTH="85" />
</TextLine>
<TextLine CS="1" HEIGHT="73" HPOS="401" LANG="en-US" STYLEREFS="StyleId-405C7933-2433-4D49-9C7B-42647E4D94DE-" VPOS="2058" WIDTH="1715">
<String CONTENT="New" HEIGHT="54" HPOS="401" VPOS="2060" WIDTH="138" />
<SP HEIGHT="53" HPOS="540" VPOS="2061" WIDTH="35" />
<String CONTENT="York," HEIGHT="69" HPOS="576" VPOS="2059" WIDTH="183" />
<SP HEIGHT="69" HPOS="760" VPOS="2059" WIDTH="31" />
<String CONTENT="London," HEIGHT="70" HPOS="792" VPOS="2059" WIDTH="261" />
<SP HEIGHT="69" HPOS="1054" VPOS="2060" WIDTH="32" />
<String CONTENT="D." HEIGHT="52" HPOS="1087" VPOS="2060" WIDTH="72" />
<SP HEIGHT="53" HPOS="1160" VPOS="2059" WIDTH="37" />
<String CONTENT="Appleton-Century" HEIGHT="72" HPOS="1198" VPOS="2058" WIDTH="584" />
<SP HEIGHT="52" HPOS="1783" VPOS="2078" WIDTH="32" />
<String CONTENT="company," HEIGHT="53" HPOS="1816" VPOS="2078" WIDTH="300" />
</TextLine>
<TextLine CS="1" HEIGHT="146" HPOS="401" LANG="en-US" STYLEREFS="StyleId-405C7933-2433-4D49-9C7B-42647E4D94DE-" VPOS="2061" WIDTH="1988">
<String CONTENT="incorporated," HEIGHT="146" HPOS="401" VPOS="2061" WIDTH="1988" />
<SP HEIGHT="64" HPOS="580" VPOS="2143" WIDTH="32" />
<String CONTENT="1936." HEIGHT="51" HPOS="613" VPOS="2142" WIDTH="153" />
</TextLine>
<TextLine CS="1" HEIGHT="54" HPOS="473" LANG="en-US" VPOS="2212" WIDTH="1374">
<String CONTENT="vii," HEIGHT="53" HPOS="473" VPOS="2213" WIDTH="79" />
<SP HEIGHT="52" HPOS="553" VPOS="2214" WIDTH="21" />
<String CONTENT="262" HEIGHT="41" HPOS="575" VPOS="2213" WIDTH="87" />
<SP HEIGHT="49" HPOS="663" VPOS="2213" WIDTH="23" />
<String CONTENT="p." HEIGHT="38" HPOS="687" VPOS="2224" WIDTH="43" />
<SP HEIGHT="40" HPOS="731" VPOS="2213" WIDTH="26" />
<String CONTENT="incl." HEIGHT="40" HPOS="758" VPOS="2213" WIDTH="108" />
<SP HEIGHT="41" HPOS="867" VPOS="2212" WIDTH="26" />
<String CONTENT="illus.," HEIGHT="41" HPOS="894" VPOS="2212" WIDTH="143" />
<SP HEIGHT="39" HPOS="1038" VPOS="2223" WIDTH="23" />
<String CONTENT="plates," HEIGHT="48" HPOS="1062" VPOS="2214" WIDTH="170" />
<SP HEIGHT="45" HPOS="1233" VPOS="2215" WIDTH="27" />
<String CONTENT="diagrs." HEIGHT="49" HPOS="1261" VPOS="2213" WIDTH="179" />
<SP HEIGHT="39" HPOS="1441" VPOS="2212" WIDTH="53" />
<String CONTENT="front." HEIGHT="42" HPOS="1495" VPOS="2212" WIDTH="148" />
<SP HEIGHT="51" HPOS="1644" VPOS="2213" WIDTH="56" />
<String CONTENT="19&#189;cm" CS="1" />
<String CONTENT="." HEIGHT="10" HPOS="1837" LANG="ru" VPOS="2247" WIDTH="10" />
</TextLine>
<TextLine CS="1" HEIGHT="54" HPOS="403" LANG="en-US" VPOS="2286" WIDTH="2012">
<String CONTENT="&#169;" HEIGHT="54" HPOS="403" VPOS="2286" WIDTH="54" />
<SP HEIGHT="54" HPOS="458" VPOS="2286" WIDTH="33" />
<String CONTENT="Apr." HEIGHT="47" HPOS="492" VPOS="2291" WIDTH="113" />
<SP HEIGHT="39" HPOS="606" VPOS="2291" WIDTH="34" />
<String CONTENT="17," HEIGHT="44" HPOS="641" VPOS="2291" WIDTH="68" />
<SP HEIGHT="45" HPOS="710" VPOS="2290" WIDTH="37" />
<String CONTENT="1936;" CS="1" HEIGHT="40" HPOS="748" VPOS="2289" WIDTH="113" />
<SP HEIGHT="46" HPOS="889" VPOS="2289" WIDTH="36" />
<String CONTENT="2c." HEIGHT="40" HPOS="926" VPOS="2289" WIDTH="66" />
<SP HEIGHT="29" HPOS="993" VPOS="2300" WIDTH="37" />
<String CONTENT="and" HEIGHT="41" HPOS="1031" VPOS="2288" WIDTH="95" />
<SP HEIGHT="40" HPOS="1127" VPOS="2288" WIDTH="36" />
<String CONTENT="aff." HEIGHT="40" HPOS="1164" VPOS="2288" WIDTH="81" />
<SP HEIGHT="38" HPOS="1246" VPOS="2289" WIDTH="35" />
<String CONTENT="Apr." HEIGHT="47" HPOS="1282" VPOS="2289" WIDTH="114" />
<SP HEIGHT="40" HPOS="1397" VPOS="2289" WIDTH="36" />
<String CONTENT="18;" CS="1" HEIGHT="39" HPOS="1434" VPOS="2289" WIDTH="57" />
<SP HEIGHT="46" HPOS="1516" VPOS="2289" WIDTH="38" />
<String CONTENT="A" HEIGHT="39" HPOS="1555" VPOS="2289" WIDTH="40" />
<SP HEIGHT="40" HPOS="1596" VPOS="2288" WIDTH="35" />
<String CONTENT="93715;" CS="1" HEIGHT="42" HPOS="1632" VPOS="2288" WIDTH="144" />
<SP HEIGHT="44" HPOS="1804" VPOS="2292" WIDTH="38" />
<String CONTENT="D." HEIGHT="39" HPOS="1843" VPOS="2292" WIDTH="56" />
<SP HEIGHT="40" HPOS="1900" VPOS="2291" WIDTH="35" />
<String CONTENT="Appleton-Century" HEIGHT="48" HPOS="1936" VPOS="2291" WIDTH="479" />
</TextLine>
<TextLine HEIGHT="50" HPOS="474" VPOS="2345" WIDTH="518">
<String CONTENT="co.," HEIGHT="37" HPOS="474" LANG="ru" VPOS="2358" WIDTH="81" />
<SP HEIGHT="48" HPOS="556" VPOS="2347" WIDTH="26" />
<String CONTENT="inc." HEIGHT="40" HPOS="583" LANG="en-US" VPOS="2347" WIDTH="92" />
<SP HEIGHT="47" HPOS="676" VPOS="2347" WIDTH="64" />
<String CONTENT="(36-9358)" HEIGHT="49" HPOS="741" LANG="en-US" VPOS="2345" WIDTH="251" />
</TextLine>
<TextLine HEIGHT="64" HPOS="404" LANG="en-US" STYLEREFS="StyleId-405C7933-2433-4D49-9C7B-42647E4D94DE-" VPOS="2451" WIDTH="699">
<String CONTENT="Crow," HEIGHT="62" HPOS="404" VPOS="2453" WIDTH="186" />
<SP HEIGHT="64" HPOS="591" VPOS="2451" WIDTH="28" />
<String CONTENT="George" HEIGHT="64" HPOS="620" VPOS="2451" WIDTH="230" />
<SP HEIGHT="53" HPOS="851" VPOS="2451" WIDTH="26" />
<String CONTENT="Henry." HEIGHT="63" HPOS="878" VPOS="2451" WIDTH="225" />
</TextLine>
<TextLine HEIGHT="71" HPOS="474" LANG="en-US" STYLEREFS="StyleId-405C7933-2433-4D49-9C7B-42647E4D94DE-" VPOS="2526" WIDTH="1941">
<String CONTENT="My" HEIGHT="69" HPOS="474" VPOS="2528" WIDTH="103" />
<SP HEIGHT="50" HPOS="578" VPOS="2547" WIDTH="31" />
<String CONTENT="state&#8212;Ohio;" HEIGHT="69" HPOS="610" VPOS="2526" WIDTH="401" />
<SP HEIGHT="48" HPOS="1012" VPOS="2547" WIDTH="36" />
<String CONTENT="an" HEIGHT="34" HPOS="1049" VPOS="2546" WIDTH="72" />
<SP HEIGHT="33" HPOS="1122" VPOS="2546" WIDTH="30" />
<String CONTENT="authentic" HEIGHT="54" HPOS="1153" VPOS="2526" WIDTH="292" />
<SP HEIGHT="52" HPOS="1446" VPOS="2528" WIDTH="31" />
<String CONTENT="history" HEIGHT="69" HPOS="1478" VPOS="2526" WIDTH="221" />
<SP HEIGHT="49" HPOS="1700" VPOS="2546" WIDTH="33" />
<String CONTENT="of" HEIGHT="54" HPOS="1734" VPOS="2527" WIDTH="63" />
<SP HEIGHT="54" HPOS="1798" VPOS="2527" WIDTH="31" />
<String CONTENT="the" HEIGHT="52" HPOS="1830" VPOS="2529" WIDTH="95" />
<SP HEIGHT="49" HPOS="1926" VPOS="2532" WIDTH="30" />
<String CONTENT="Buckeye" HEIGHT="68" HPOS="1957" VPOS="2529" WIDTH="262" />
<SP HEIGHT="34" HPOS="2220" VPOS="2549" WIDTH="31" />
<String CONTENT="state," HEIGHT="60" HPOS="2252" VPOS="2536" WIDTH="163" />
</TextLine>
<TextLine HEIGHT="70" HPOS="404" LANG="en-US" STYLEREFS="StyleId-405C7933-2433-4D49-9C7B-42647E4D94DE-" VPOS="2605" WIDTH="2010">
<String CONTENT="by" HEIGHT="70" HPOS="404" VPOS="2605" WIDTH="74" />
<SP HEIGHT="70" HPOS="479" VPOS="2605" WIDTH="40" />
<String CONTENT="George" HEIGHT="69" HPOS="520" VPOS="2605" WIDTH="223" />
<SP HEIGHT="53" HPOS="744" VPOS="2607" WIDTH="35" />
<String CONTENT="H." HEIGHT="52" HPOS="780" VPOS="2607" WIDTH="77" />
<SP HEIGHT="54" HPOS="858" VPOS="2606" WIDTH="41" />
<String CONTENT="Crow" HEIGHT="54" HPOS="900" VPOS="2606" WIDTH="167" />
<SP HEIGHT="33" HPOS="1068" VPOS="2626" WIDTH="44" />
<String CONTENT="..." HEIGHT="8" HPOS="1113" VPOS="2651" WIDTH="56" />
<SP HEIGHT="35" HPOS="1170" VPOS="2624" WIDTH="44" />
<String CONTENT="and" HEIGHT="51" HPOS="1215" VPOS="2607" WIDTH="112" />
<SP HEIGHT="55" HPOS="1328" VPOS="2606" WIDTH="40" />
<String CONTENT="&#1057;." HEIGHT="55" HPOS="1369" LANG="ru" VPOS="2606" WIDTH="62" />
<SP HEIGHT="50" HPOS="1432" VPOS="2608" WIDTH="42" />
<String CONTENT="P." HEIGHT="52" HPOS="1475" VPOS="2608" WIDTH="64" />
<SP HEIGHT="56" HPOS="1540" VPOS="2605" WIDTH="41" />
<String CONTENT="Smith" HEIGHT="56" HPOS="1582" VPOS="2605" WIDTH="191" />
<SP HEIGHT="53" HPOS="1774" VPOS="2607" WIDTH="43" />
<String CONTENT="..." HEIGHT="9" HPOS="1818" VPOS="2651" WIDTH="56" />
<SP HEIGHT="55" HPOS="1875" VPOS="2607" WIDTH="79" />
<String CONTENT="Columbus," HEIGHT="68" HPOS="1955" VPOS="2607" WIDTH="329" />
<SP HEIGHT="67" HPOS="2285" VPOS="2608" WIDTH="40" />
<String CONTENT="O.," HEIGHT="67" HPOS="2326" VPOS="2608" WIDTH="88" />
</TextLine>
<TextLine CS="1" HEIGHT="69" HPOS="402" LANG="en-US" STYLEREFS="StyleId-405C7933-2433-4D49-9C7B-42647E4D94DE-" VPOS="2684" WIDTH="1269">
<String CONTENT="The" HEIGHT="53" HPOS="402" VPOS="2686" WIDTH="122" />
<SP HEIGHT="56" HPOS="525" VPOS="2685" WIDTH="29" />
<String CONTENT="Ohio" HEIGHT="56" HPOS="555" VPOS="2685" WIDTH="152" />
<SP HEIGHT="49" HPOS="708" VPOS="2690" WIDTH="27" />
<String CONTENT="teacher" HEIGHT="53" HPOS="736" VPOS="2685" WIDTH="226" />
<SP HEIGHT="34" HPOS="963" VPOS="2703" WIDTH="27" />
<String CONTENT="service" HEIGHT="53" HPOS="991" VPOS="2684" WIDTH="212" />
<SP HEIGHT="53" HPOS="1204" VPOS="2684" WIDTH="26" />
<String CONTENT="bureau" HEIGHT="53" HPOS="1231" VPOS="2684" WIDTH="212" />
<SP HEIGHT="46" HPOS="1444" VPOS="2704" WIDTH="34" />
<String CONTENT="[" CS="1" />
<String CONTENT="c" HEIGHT="21" HPOS="1497" STYLE="superscript" VPOS="2692" WIDTH="17" />
<String CONTENT="1935]" HEIGHT="65" HPOS="1520" VPOS="2688" WIDTH="151" />
</TextLine>
<TextLine CS="1" HEIGHT="50" HPOS="477" LANG="en-US" VPOS="2757" WIDTH="1137">
<String CONTENT="512" HEIGHT="40" HPOS="477" VPOS="2759" WIDTH="85" />
<SP HEIGHT="48" HPOS="563" VPOS="2759" WIDTH="30" />
<String CONTENT="p." HEIGHT="37" HPOS="594" VPOS="2770" WIDTH="42" />
<SP HEIGHT="42" HPOS="637" VPOS="2757" WIDTH="61" />
<String CONTENT="illus." HEIGHT="41" HPOS="699" VPOS="2757" WIDTH="127" />
<SP HEIGHT="49" HPOS="827" VPOS="2757" WIDTH="28" />
<String CONTENT="(incl." HEIGHT="49" HPOS="856" VPOS="2757" WIDTH="134" />
<SP HEIGHT="29" HPOS="991" VPOS="2769" WIDTH="32" />
<String CONTENT="maps)" HEIGHT="48" HPOS="1024" VPOS="2758" WIDTH="162" />
<SP HEIGHT="46" HPOS="1187" VPOS="2758" WIDTH="39" />
<String CONTENT="diagrs." HEIGHT="48" HPOS="1227" VPOS="2757" WIDTH="180" />
<SP HEIGHT="40" HPOS="1408" VPOS="2757" WIDTH="58" />
<String CONTENT="23&#189;" CS="1" HEIGHT="41" HPOS="1467" VPOS="2757" WIDTH="55" />
<String CONTENT="cm" CS="1" HEIGHT="21" HPOS="1556" STYLE="superscript" VPOS="2760" WIDTH="16" />
<String CONTENT="." HEIGHT="8" HPOS="1605" VPOS="2791" WIDTH="9" />
</TextLine>
<TextLine CS="1" HEIGHT="50" HPOS="478" LANG="en-US" VPOS="2813" WIDTH="1276">
<String CONTENT="&#8220;First" HEIGHT="40" HPOS="478" VPOS="2815" WIDTH="164" />
<SP HEIGHT="45" HPOS="643" VPOS="2817" WIDTH="31" />
<String CONTENT="printing," HEIGHT="48" HPOS="675" VPOS="2814" WIDTH="231" />
<SP HEIGHT="46" HPOS="907" VPOS="2815" WIDTH="33" />
<String CONTENT="1931;" CS="1" HEIGHT="41" HPOS="941" VPOS="2814" WIDTH="112" />
<SP HEIGHT="36" HPOS="1083" VPOS="2825" WIDTH="36" />
<String CONTENT="second" HEIGHT="39" HPOS="1120" VPOS="2815" WIDTH="173" />
<SP HEIGHT="48" HPOS="1294" VPOS="2815" WIDTH="34" />
<String CONTENT="printing," HEIGHT="50" HPOS="1329" VPOS="2813" WIDTH="231" />
<SP HEIGHT="47" HPOS="1561" VPOS="2816" WIDTH="34" />
<String CONTENT="1935.&#8221;" HEIGHT="41" HPOS="1596" VPOS="2815" WIDTH="158" />
</TextLine>
<TextLine CS="1" HEIGHT="50" HPOS="478" LANG="en-US" VPOS="2871" WIDTH="1191">
<String CONTENT="&#8220;Who&#8217;s" HEIGHT="42" HPOS="478" VPOS="2873" WIDTH="193" />
<SP HEIGHT="30" HPOS="672" VPOS="2884" WIDTH="23" />
<String CONTENT="who" HEIGHT="41" HPOS="696" VPOS="2873" WIDTH="107" />
<SP HEIGHT="41" HPOS="804" VPOS="2872" WIDTH="25" />
<String CONTENT="in" HEIGHT="40" HPOS="830" VPOS="2872" WIDTH="48" />
<SP HEIGHT="42" HPOS="879" VPOS="2872" WIDTH="28" />
<String CONTENT="Ohio" HEIGHT="42" HPOS="908" VPOS="2872" WIDTH="122" />
<SP HEIGHT="31" HPOS="1031" VPOS="2882" WIDTH="25" />
<String CONTENT="and" HEIGHT="41" HPOS="1057" VPOS="2873" WIDTH="95" />
<SP HEIGHT="41" HPOS="1153" VPOS="2873" WIDTH="28" />
<String CONTENT="why&#8221;;" CS="1" HEIGHT="50" HPOS="1182" VPOS="2871" WIDTH="138" />
<SP HEIGHT="39" HPOS="1350" VPOS="2882" WIDTH="27" />
<String CONTENT="p." HEIGHT="38" HPOS="1378" VPOS="2883" WIDTH="43" />
<SP HEIGHT="42" HPOS="1422" VPOS="2872" WIDTH="28" />
<String CONTENT="505-508." HEIGHT="42" HPOS="1451" VPOS="2872" WIDTH="218" />
</TextLine>
<TextLine CS="1" HEIGHT="53" HPOS="405" LANG="en-US" VPOS="2930" WIDTH="2009">
<String CONTENT="&#169;" HEIGHT="53" HPOS="405" VPOS="2930" WIDTH="53" />
<SP HEIGHT="53" HPOS="459" VPOS="2930" WIDTH="29" />
<String CONTENT="Oct." HEIGHT="40" HPOS="489" VPOS="2934" WIDTH="102" />
<SP HEIGHT="41" HPOS="592" VPOS="2932" WIDTH="28" />
<String CONTENT="24," HEIGHT="48" HPOS="621" VPOS="2932" WIDTH="70" />
<SP HEIGHT="47" HPOS="692" VPOS="2933" WIDTH="28" />
<String CONTENT="1935;" CS="1" HEIGHT="41" HPOS="721" VPOS="2931" WIDTH="113" />
<SP HEIGHT="46" HPOS="862" VPOS="2932" WIDTH="31" />
<String CONTENT="2c." HEIGHT="41" HPOS="894" VPOS="2932" WIDTH="67" />
<SP HEIGHT="41" HPOS="962" VPOS="2932" WIDTH="29" />
<String CONTENT="Dec." HEIGHT="39" HPOS="992" VPOS="2932" WIDTH="112" />
<SP HEIGHT="39" HPOS="1105" VPOS="2932" WIDTH="29" />
<String CONTENT="26;" HEIGHT="42" HPOS="1135" VPOS="2931" WIDTH="83" />
<SP HEIGHT="31" HPOS="1219" VPOS="2942" WIDTH="31" />
<String CONTENT="aff." HEIGHT="41" HPOS="1251" VPOS="2931" WIDTH="82" />
<SP HEIGHT="39" HPOS="1334" VPOS="2933" WIDTH="31" />
<String CONTENT="Mar." HEIGHT="38" HPOS="1366" VPOS="2933" WIDTH="121" />
<SP HEIGHT="39" HPOS="1488" VPOS="2932" WIDTH="30" />
<String CONTENT="28," HEIGHT="48" HPOS="1519" VPOS="2932" WIDTH="69" />
<SP HEIGHT="48" HPOS="1589" VPOS="2932" WIDTH="31" />
<String CONTENT="1936;" HEIGHT="48" HPOS="1621" VPOS="2931" WIDTH="140" />
<SP HEIGHT="46" HPOS="1762" VPOS="2933" WIDTH="32" />
<String CONTENT="A" HEIGHT="38" HPOS="1795" VPOS="2933" WIDTH="40" />
<SP HEIGHT="39" HPOS="1836" VPOS="2933" WIDTH="29" />
<String CONTENT="94157;" HEIGHT="46" HPOS="1866" VPOS="2933" WIDTH="172" />
<SP HEIGHT="45" HPOS="2039" VPOS="2934" WIDTH="33" />
<String CONTENT="Jessie" HEIGHT="41" HPOS="2073" VPOS="2932" WIDTH="157" />
<SP HEIGHT="40" HPOS="2231" VPOS="2934" WIDTH="30" />
<String CONTENT="Crow," HEIGHT="48" HPOS="2262" VPOS="2934" WIDTH="152" />
</TextLine>
<TextLine HEIGHT="50" HPOS="479" LANG="en-US" VPOS="2988" WIDTH="1938">
<String CONTENT="Athens," HEIGHT="46" HPOS="479" VPOS="2991" WIDTH="200" />
<SP HEIGHT="48" HPOS="680" VPOS="2989" WIDTH="24" />
<String CONTENT="O.," HEIGHT="44" HPOS="705" VPOS="2989" WIDTH="67" />
<SP HEIGHT="33" HPOS="773" VPOS="3000" WIDTH="23" />
<String CONTENT="and" HEIGHT="38" HPOS="797" VPOS="2990" WIDTH="96" />
<SP HEIGHT="40" HPOS="894" VPOS="2988" WIDTH="23" />
<String CONTENT="&#1057;." HEIGHT="40" HPOS="918" LANG="ru" VPOS="2988" WIDTH="47" />
<SP HEIGHT="38" HPOS="966" VPOS="2989" WIDTH="24" />
<String CONTENT="P." HEIGHT="39" HPOS="991" VPOS="2989" WIDTH="50" />
<SP HEIGHT="39" HPOS="1042" VPOS="2989" WIDTH="26" />
<String CONTENT="Smith," HEIGHT="46" HPOS="1069" VPOS="2988" WIDTH="172" />
<SP HEIGHT="45" HPOS="1242" VPOS="2989" WIDTH="21" />
<String CONTENT="Newark," HEIGHT="46" HPOS="1264" VPOS="2989" WIDTH="224" />
<SP HEIGHT="46" HPOS="1489" VPOS="2989" WIDTH="25" />
<String CONTENT="O." HEIGHT="39" HPOS="1515" VPOS="2989" WIDTH="51" />
<SP HEIGHT="29" HPOS="1567" VPOS="3009" WIDTH="56" />
<String CONTENT="[Copyright" HEIGHT="50" HPOS="1624" VPOS="2988" WIDTH="279" />
<SP HEIGHT="40" HPOS="1904" VPOS="2989" WIDTH="24" />
<String CONTENT="is" HEIGHT="40" HPOS="1929" VPOS="2989" WIDTH="41" />
<SP HEIGHT="29" HPOS="1971" VPOS="3001" WIDTH="24" />
<String CONTENT="claimed" HEIGHT="40" HPOS="1996" VPOS="2990" WIDTH="205" />
<SP HEIGHT="39" HPOS="2202" VPOS="2992" WIDTH="24" />
<String CONTENT="on" HEIGHT="29" HPOS="2227" VPOS="3002" WIDTH="59" />
<SP HEIGHT="28" HPOS="2287" VPOS="3002" WIDTH="22" />
<String CONTENT="new" HEIGHT="29" HPOS="2310" VPOS="3001" WIDTH="107" />
</TextLine>
<TextLine HEIGHT="51" HPOS="475" LANG="en-US" VPOS="3045" WIDTH="525">
<String CONTENT="matter]" HEIGHT="47" HPOS="475" VPOS="3049" WIDTH="196" />
<SP HEIGHT="49" HPOS="672" VPOS="3047" WIDTH="75" />
<String CONTENT="(36-9275)" HEIGHT="49" HPOS="748" VPOS="3045" WIDTH="252" />
</TextLine>
<TextLine HEIGHT="66" HPOS="404" STYLEREFS="StyleId-405C7933-2433-4D49-9C7B-42647E4D94DE-" VPOS="3149" WIDTH="665">
<String CONTENT="Daudet," HEIGHT="65" HPOS="404" LANG="fr" VPOS="3150" WIDTH="254" />
<SP HEIGHT="65" HPOS="659" VPOS="3150" WIDTH="28" />
<String CONTENT="L&#233;on," HEIGHT="65" HPOS="688" LANG="fr" VPOS="3149" WIDTH="178" />
<SP HEIGHT="59" HPOS="867" VPOS="3155" WIDTH="30" />
<String CONTENT="1867-" HEIGHT="56" HPOS="898" LANG="en-US" VPOS="3149" WIDTH="171" />
</TextLine>
<TextLine CS="1" HEIGHT="70" HPOS="479" LANG="fr" STYLEREFS="StyleId-405C7933-2433-4D49-9C7B-42647E4D94DE-" VPOS="3225" WIDTH="1365">
<String CONTENT="..." HEIGHT="10" HPOS="479" LANG="en-US" VPOS="3271" WIDTH="56" />
<SP HEIGHT="56" HPOS="536" VPOS="3226" WIDTH="36" />
<String CONTENT="Savoir" HEIGHT="56" HPOS="573" VPOS="3226" WIDTH="207" />
<SP HEIGHT="33" HPOS="781" VPOS="3246" WIDTH="26" />
<String CONTENT="r&#233;agir." HEIGHT="69" HPOS="808" VPOS="3226" WIDTH="205" />
<SP HEIGHT="52" HPOS="1014" VPOS="3227" WIDTH="75" />
<String CONTENT="Paris," HEIGHT="67" HPOS="1090" VPOS="3225" WIDTH="184" />
<SP HEIGHT="65" HPOS="1275" VPOS="3227" WIDTH="28" />
<String CONTENT="A." HEIGHT="53" HPOS="1304" VPOS="3227" WIDTH="71" />
<SP HEIGHT="52" HPOS="1376" VPOS="3228" WIDTH="27" />
<String CONTENT="Michel" HEIGHT="53" HPOS="1404" VPOS="3226" WIDTH="213" />
<SP HEIGHT="68" HPOS="1618" VPOS="3226" WIDTH="33" />
<String CONTENT="[" CS="1" />
<String CONTENT="c" HEIGHT="21" HPOS="1669" STYLE="superscript" VPOS="3233" WIDTH="18" />
<String CONTENT="1935]" HEIGHT="64" HPOS="1693" VPOS="3230" WIDTH="151" />
</TextLine>
<TextLine CS="1" HEIGHT="107" HPOS="406" LANG="fr" VPOS="3298" WIDTH="1992">
<String CONTENT="3" HEIGHT="39" HPOS="478" VPOS="3300" WIDTH="26" />
<SP HEIGHT="47" HPOS="505" VPOS="3300" WIDTH="35" />
<String CONTENT="p." HEIGHT="37" HPOS="541" VPOS="3310" WIDTH="43" />
<SP HEIGHT="41" HPOS="585" VPOS="3300" WIDTH="34" />
<String CONTENT="l.," CS="1" HEIGHT="17" HPOS="656" VPOS="3330" WIDTH="9" />
<SP HEIGHT="49" HPOS="666" VPOS="3298" WIDTH="34" />
<String CONTENT="9-187" HEIGHT="42" HPOS="701" VPOS="3298" WIDTH="145" />
<SP HEIGHT="45" HPOS="847" VPOS="3301" WIDTH="32" />
<String CONTENT="p.," HEIGHT="38" HPOS="880" VPOS="3309" WIDTH="56" />
<SP HEIGHT="48" HPOS="937" VPOS="3299" WIDTH="35" />
<String CONTENT="1" HEIGHT="39" HPOS="973" VPOS="3299" WIDTH="23" />
<SP HEIGHT="39" HPOS="997" VPOS="3299" WIDTH="34" />
<String CONTENT="l." CS="1" HEIGHT="8" HPOS="1053" VPOS="3331" WIDTH="8" />
<SP HEIGHT="40" HPOS="1062" VPOS="3299" WIDTH="59" />
<String CONTENT="15" HEIGHT="39" HPOS="1122" VPOS="3299" WIDTH="55" />
<String CONTENT="&#189;" CS="1" LANG="en-US" />
<String CONTENT="cm" HEIGHT="21" HPOS="1210" STYLE="superscript" VPOS="3301" WIDTH="45" />
<String CONTENT="." HEIGHT="9" HPOS="1261" VPOS="3332" WIDTH="7" />
<SP HEIGHT="48" HPOS="1269" VPOS="3299" WIDTH="70" />
<String CONTENT="(On" HEIGHT="48" HPOS="1340" LANG="en-US" VPOS="3299" WIDTH="96" />
<SP HEIGHT="30" HPOS="1437" VPOS="3309" WIDTH="35" />
<String CONTENT="cover" HEIGHT="30" HPOS="1473" LANG="en-US" VPOS="3309" WIDTH="141" />
<String CONTENT=";" CS="1" />
<SP HEIGHT="39" HPOS="1637" VPOS="3300" WIDTH="33" />
<String CONTENT="Les" HEIGHT="39" HPOS="1671" VPOS="3300" WIDTH="91" />
<SP HEIGHT="29" HPOS="1763" VPOS="3310" WIDTH="34" />
<String CONTENT="savoirs" HEIGHT="40" HPOS="1798" VPOS="3299" WIDTH="191" />
<SP HEIGHT="39" HPOS="1990" VPOS="3300" WIDTH="33" />
<String CONTENT="du" HEIGHT="39" HPOS="2024" VPOS="3300" WIDTH="63" />
<SP HEIGHT="39" HPOS="2088" VPOS="3301" WIDTH="34" />
<String CONTENT="temps" HEIGHT="47" HPOS="2123" VPOS="3301" WIDTH="154" />
<SP HEIGHT="39" HPOS="2278" VPOS="3310" WIDTH="35" />
<String CONTENT="pr&#233;sent)" HEIGHT="105" HPOS="406" VPOS="3300" WIDTH="1992" />
</TextLine>
<TextLine CS="1" HEIGHT="54" HPOS="406" LANG="fr" VPOS="3411" WIDTH="2009">
<String CONTENT="&#169;" HEIGHT="54" HPOS="406" VPOS="3411" WIDTH="53" />
<SP HEIGHT="54" HPOS="460" VPOS="3411" WIDTH="35" />
<String CONTENT="Nov." HEIGHT="39" HPOS="496" VPOS="3416" WIDTH="118" />
<SP HEIGHT="39" HPOS="615" VPOS="3416" WIDTH="35" />
<String CONTENT="23," HEIGHT="46" HPOS="651" VPOS="3416" WIDTH="72" />
<SP HEIGHT="47" HPOS="724" VPOS="3415" WIDTH="35" />
<String CONTENT="1935;" HEIGHT="47" HPOS="760" VPOS="3414" WIDTH="140" />
<SP HEIGHT="46" HPOS="901" VPOS="3415" WIDTH="38" />
<String CONTENT="1c." CS="1" HEIGHT="8" HPOS="998" VPOS="3447" WIDTH="9" />
<SP HEIGHT="40" HPOS="1008" VPOS="3415" WIDTH="37" />
<String CONTENT="Feb." CS="1" HEIGHT="39" HPOS="1046" VPOS="3415" WIDTH="109" />
<SP HEIGHT="39" HPOS="1156" VPOS="3415" WIDTH="37" />
<String CONTENT="17," HEIGHT="45" HPOS="1194" VPOS="3415" WIDTH="68" />
<SP HEIGHT="45" HPOS="1263" VPOS="3415" WIDTH="37" />
<String CONTENT="1936;" HEIGHT="48" HPOS="1301" VPOS="3413" WIDTH="140" />
<SP HEIGHT="46" HPOS="1442" VPOS="3415" WIDTH="39" />
<String CONTENT="A-" HEIGHT="38" HPOS="1482" VPOS="3415" WIDTH="102" />
<String CONTENT="Foreign" HEIGHT="48" HPOS="1587" LANG="en-US" VPOS="3414" WIDTH="206" />
<SP HEIGHT="40" HPOS="1794" VPOS="3415" WIDTH="33" />
<String CONTENT="30522;" HEIGHT="48" HPOS="1828" VPOS="3414" WIDTH="173" />
<SP HEIGHT="46" HPOS="2002" VPOS="3416" WIDTH="40" />
<String CONTENT="Albin" HEIGHT="41" HPOS="2043" VPOS="3413" WIDTH="142" />
<SP HEIGHT="37" HPOS="2186" VPOS="3417" WIDTH="39" />
<String CONTENT="Michel." HEIGHT="41" HPOS="2226" VPOS="3414" WIDTH="189" />
</TextLine>
<TextLine HEIGHT="48" HPOS="487" LANG="fr" VPOS="3471" WIDTH="253">
<String CONTENT="(36-9296)" HEIGHT="48" HPOS="487" VPOS="3471" WIDTH="253" />
</TextLine>
<TextLine HEIGHT="66" HPOS="405" LANG="fr" STYLEREFS="StyleId-405C7933-2433-4D49-9C7B-42647E4D94DE-" VPOS="3575" WIDTH="1053">
<String CONTENT="Daudet," HEIGHT="64" HPOS="405" VPOS="3577" WIDTH="254" />
<SP HEIGHT="63" HPOS="660" VPOS="3578" WIDTH="26" />
<String CONTENT="Lucien" HEIGHT="55" HPOS="687" VPOS="3575" WIDTH="219" />
<SP HEIGHT="53" HPOS="907" VPOS="3576" WIDTH="26" />
<String CONTENT="Alphonse," HEIGHT="65" HPOS="934" VPOS="3575" WIDTH="322" />
<SP HEIGHT="58" HPOS="1257" VPOS="3582" WIDTH="30" />
<String CONTENT="1883-" HEIGHT="50" HPOS="1288" VPOS="3581" WIDTH="170" />
</TextLine>
<TextLine HEIGHT="69" HPOS="482" LANG="fr" STYLEREFS="StyleId-405C7933-2433-4D49-9C7B-42647E4D94DE-" VPOS="3652" WIDTH="1932">
<String CONTENT="..." HEIGHT="10" HPOS="482" VPOS="3696" WIDTH="55" />
<SP HEIGHT="53" HPOS="538" VPOS="3653" WIDTH="41" />
<String CONTENT="Dans" HEIGHT="52" HPOS="580" VPOS="3653" WIDTH="161" />
<SP HEIGHT="51" HPOS="742" VPOS="3654" WIDTH="38" />
<String CONTENT="l&#8217;ombre" HEIGHT="53" HPOS="781" VPOS="3653" WIDTH="232" />
<SP HEIGHT="51" HPOS="1014" VPOS="3655" WIDTH="40" />
<String CONTENT="de" HEIGHT="51" HPOS="1055" VPOS="3655" WIDTH="67" />
<SP HEIGHT="51" HPOS="1123" VPOS="3653" WIDTH="37" />
<String CONTENT="l&#8217;imp&#233;ratrice" HEIGHT="67" HPOS="1161" VPOS="3652" WIDTH="404" />
<SP HEIGHT="50" HPOS="1566" VPOS="3655" WIDTH="41" />
<String CONTENT="Eug&#233;nie;" HEIGHT="69" HPOS="1608" VPOS="3652" WIDTH="283" />
<SP HEIGHT="65" HPOS="1892" VPOS="3654" WIDTH="43" />
<String CONTENT="lettres" HEIGHT="53" HPOS="1936" VPOS="3654" WIDTH="194" />
<SP HEIGHT="52" HPOS="2131" VPOS="3655" WIDTH="36" />
<String CONTENT="intimes," HEIGHT="66" HPOS="2168" VPOS="3653" WIDTH="246" />
</TextLine>
<TextLine HEIGHT="68" HPOS="405" LANG="fr" STYLEREFS="StyleId-405C7933-2433-4D49-9C7B-42647E4D94DE-" VPOS="3731" WIDTH="2007">
<String CONTENT="adress&#233;es" HEIGHT="54" HPOS="405" VPOS="3731" WIDTH="284" />
<SP HEIGHT="52" HPOS="690" VPOS="3732" WIDTH="57" />
<String CONTENT="&#224;" HEIGHT="51" HPOS="748" VPOS="3732" WIDTH="32" />
<SP HEIGHT="52" HPOS="781" VPOS="3732" WIDTH="58" />
<String CONTENT="madame" HEIGHT="52" HPOS="840" VPOS="3732" WIDTH="260" />
<SP HEIGHT="52" HPOS="1101" VPOS="3731" WIDTH="59" />
<String CONTENT="Alphonse" HEIGHT="68" HPOS="1161" VPOS="3731" WIDTH="297" />
<SP HEIGHT="52" HPOS="1459" VPOS="3733" WIDTH="59" />
<String CONTENT="Daudet." HEIGHT="51" HPOS="1519" VPOS="3733" WIDTH="246" />
<SP HEIGHT="51" HPOS="1766" VPOS="3734" WIDTH="75" />
<String CONTENT="Paris," HEIGHT="67" HPOS="1842" VPOS="3732" WIDTH="186" />
<SP HEIGHT="67" HPOS="2029" VPOS="3732" WIDTH="59" />
<String CONTENT="Gallimard" HEIGHT="56" HPOS="2089" VPOS="3731" WIDTH="323" />
</TextLine>
<TextLine CS="1" HEIGHT="64" HPOS="428" LANG="fr" STYLEREFS="StyleId-405C7933-2433-4D49-9C7B-42647E4D94DE-" VPOS="3814" WIDTH="176">
<String CONTENT="[" CS="1" />
<String CONTENT="c" HEIGHT="21" HPOS="428" STYLE="superscript" VPOS="3817" WIDTH="18" />
<String CONTENT="1935]" HEIGHT="64" HPOS="451" VPOS="3814" WIDTH="153" />
</TextLine>
<TextLine CS="1" HEIGHT="50" HPOS="478" LANG="fr" VPOS="3881" WIDTH="1288">
<String CONTENT="254" HEIGHT="40" HPOS="478" VPOS="3882" WIDTH="87" />
<SP HEIGHT="48" HPOS="566" VPOS="3883" WIDTH="25" />
<String CONTENT="p.," HEIGHT="38" HPOS="592" VPOS="3893" WIDTH="57" />
<SP HEIGHT="48" HPOS="650" VPOS="3883" WIDTH="26" />
<String CONTENT="1" HEIGHT="39" HPOS="677" VPOS="3883" WIDTH="23" />
<SP />
<String CONTENT="l" CS="1" LANG="en-US" />
<String CONTENT="." HEIGHT="8" HPOS="749" VPOS="3913" WIDTH="8" />
<SP HEIGHT="39" HPOS="758" VPOS="3883" WIDTH="58" />
<String CONTENT="4" HEIGHT="39" HPOS="817" VPOS="3883" WIDTH="28" />
<SP HEIGHT="47" HPOS="846" VPOS="3883" WIDTH="23" />
<String CONTENT="pl." HEIGHT="46" HPOS="870" VPOS="3884" WIDTH="62" />
<SP HEIGHT="48" HPOS="933" VPOS="3882" WIDTH="26" />
<String CONTENT="(front.," HEIGHT="49" HPOS="960" VPOS="3882" WIDTH="187" />
<SP HEIGHT="38" HPOS="1148" VPOS="3893" WIDTH="26" />
<String CONTENT="ports.," HEIGHT="46" HPOS="1175" VPOS="3884" WIDTH="163" />
<SP HEIGHT="48" HPOS="1339" VPOS="3882" WIDTH="25" />
<String CONTENT="facsim.)" HEIGHT="48" HPOS="1365" VPOS="3881" WIDTH="217" />
<SP HEIGHT="48" HPOS="1583" VPOS="3881" WIDTH="67" />
<String CONTENT="19" HEIGHT="40" HPOS="1651" VPOS="3882" WIDTH="55" />
<String CONTENT="cm" HEIGHT="21" HPOS="1709" STYLE="superscript" VPOS="3885" WIDTH="43" />
<String CONTENT="." HEIGHT="8" HPOS="1758" VPOS="3913" WIDTH="8" />
</TextLine>
<TextLine CS="1" HEIGHT="43" HPOS="476" VPOS="3939" WIDTH="934">
<String CONTENT="At" HEIGHT="41" HPOS="476" LANG="en-US" VPOS="3939" WIDTH="64" />
<SP HEIGHT="39" HPOS="541" VPOS="3941" WIDTH="25" />
<String CONTENT="head" HEIGHT="39" HPOS="567" LANG="en-US" VPOS="3941" WIDTH="126" />
<SP HEIGHT="39" HPOS="694" VPOS="3941" WIDTH="26" />
<String CONTENT="of" HEIGHT="40" HPOS="721" LANG="en-US" VPOS="3940" WIDTH="51" />
<SP HEIGHT="40" HPOS="773" VPOS="3940" WIDTH="24" />
<String CONTENT="title;" CS="1" HEIGHT="41" HPOS="798" LANG="en-US" VPOS="3939" WIDTH="108" />
<SP HEIGHT="40" HPOS="934" VPOS="3940" WIDTH="30" />
<String CONTENT="Lucien" HEIGHT="41" HPOS="965" LANG="fr" VPOS="3940" WIDTH="179" />
<SP HEIGHT="38" HPOS="1145" VPOS="3941" WIDTH="29" />
<String CONTENT="Daudet." HEIGHT="40" HPOS="1175" LANG="fr" VPOS="3941" WIDTH="208" />
<SP HEIGHT="9" HPOS="1384" VPOS="3973" WIDTH="22" />
<String CONTENT="." HEIGHT="5" HPOS="1407" LANG="fr" VPOS="3977" WIDTH="3" />
</TextLine>
<TextLine CS="1" HEIGHT="110" HPOS="407" LANG="fr" VPOS="3993" WIDTH="1990">
<String CONTENT="&#169;" HEIGHT="54" HPOS="407" VPOS="3993" WIDTH="53" />
<SP HEIGHT="54" HPOS="461" VPOS="3993" WIDTH="31" />
<String CONTENT="Dec." HEIGHT="39" HPOS="493" VPOS="3999" WIDTH="109" />
<SP HEIGHT="39" HPOS="603" VPOS="3998" WIDTH="33" />
<String CONTENT="12," HEIGHT="49" HPOS="637" VPOS="3997" WIDTH="69" />
<SP HEIGHT="47" HPOS="707" VPOS="3999" WIDTH="33" />
<String CONTENT="1935;" HEIGHT="46" HPOS="741" VPOS="3998" WIDTH="140" />
<SP HEIGHT="45" HPOS="882" VPOS="3999" WIDTH="34" />
<String CONTENT="1c." CS="1" HEIGHT="8" HPOS="975" VPOS="4030" WIDTH="7" />
<SP HEIGHT="40" HPOS="983" VPOS="3998" WIDTH="32" />
<String CONTENT="Feb." HEIGHT="41" HPOS="1016" VPOS="3998" WIDTH="110" />
<SP HEIGHT="41" HPOS="1127" VPOS="3998" WIDTH="31" />
<String CONTENT="20," HEIGHT="47" HPOS="1159" VPOS="3998" WIDTH="70" />
<SP HEIGHT="47" HPOS="1230" VPOS="3998" WIDTH="32" />
<String CONTENT="1936;" HEIGHT="46" HPOS="1263" VPOS="3997" WIDTH="140" />
<SP HEIGHT="45" HPOS="1404" VPOS="3998" WIDTH="35" />
<String CONTENT="A-" HEIGHT="38" HPOS="1440" VPOS="3998" WIDTH="100" />
<String CONTENT="Foreign" HEIGHT="47" HPOS="1544" LANG="en-US" VPOS="3997" WIDTH="207" />
<SP HEIGHT="40" HPOS="1752" VPOS="3998" WIDTH="30" />
<String CONTENT="30752;" HEIGHT="43" HPOS="1783" VPOS="3997" WIDTH="172" />
<SP HEIGHT="42" HPOS="1956" VPOS="3998" WIDTH="37" />
<String CONTENT="Librairie" HEIGHT="44" HPOS="1994" VPOS="3996" WIDTH="239" />
<SP HEIGHT="43" HPOS="2234" VPOS="3997" WIDTH="34" />
<String CONTENT="Gallimard." HEIGHT="101" HPOS="477" VPOS="3994" WIDTH="1920" />
<SP HEIGHT="48" HPOS="631" VPOS="4055" WIDTH="67" />
<String CONTENT="(36-9286)" HEIGHT="49" HPOS="699" VPOS="4054" WIDTH="252" />
</TextLine>
</TextBlock>
</PrintSpace>
</Page>
</Layout>
</alto>