<alto xmlns="http://www.loc.gov/standards/alto/ns-v3#" xmlns:xsi="http://www.w3.org/2001/XMLSchema-instance" xsi:schemaLocation="http://www.loc.gov/standards/alto/ns-v3# http://www.loc.gov/alto/v3/alto-3-0.xsd"><Description>
<MeasurementUnit>pixel</MeasurementUnit>
<sourceImageInformation>
<fileName>1936_v33_Part1.pdf</fileName>
</sourceImageInformation>
<OCRProcessing ID="IdOcr">
<ocrProcessingStep>
<processingDateTime>2019-01-18</processingDateTime>
<processingSoftware>
<softwareCreator>ABBYY</softwareCreator>
<softwareName>ABBYY Recognition Server</softwareName>
<softwareVersion>4.0</softwareVersion>
</processingSoftware>
</ocrProcessingStep>
</OCRProcessing>
</Description>
<Styles>
<ParagraphStyle ALIGN="Left" FIRSTLINE="0." ID="StyleId-FFFFFFFF-FFFF-FFFF-FFFF-FFFFFFFFFFFF-" LEFT="0." RIGHT="0." />
<ParagraphStyle ALIGN="Left" FIRSTLINE="0." ID="StyleId-51D50FAC-7A90-4D70-8A96-5EA9D46D1C8B-" LEFT="0." LINESPACE="7.699999809" RIGHT="0." />
<ParagraphStyle ALIGN="Block" FIRSTLINE="-17." ID="StyleId-6BC133E9-7DCB-43C3-8842-A67984A26405-" LEFT="0." LINESPACE="8.340000153" RIGHT="0." />
<ParagraphStyle ALIGN="Left" FIRSTLINE="-13." ID="StyleId-3C3FF860-43E7-46A2-8934-48F305F6F0D6-" LEFT="0." LINESPACE="11.06999969" RIGHT="0." />
<ParagraphStyle ALIGN="Block" FIRSTLINE="-13." ID="StyleId-19220C76-4F8A-4737-B38C-B5F5C17E6040-" LEFT="0." LINESPACE="11.06999969" RIGHT="0." />
<ParagraphStyle ALIGN="Left" FIRSTLINE="0." ID="StyleId-75A0D721-13ED-4F20-9002-B389EC48477D-" LEFT="0." LINESPACE="15.5" RIGHT="0." />
<ParagraphStyle ALIGN="Left" FIRSTLINE="0." ID="StyleId-8A414184-C7A5-4AC7-9B88-7DA4DDE75922-" LEFT="0." LINESPACE="9.399999619" RIGHT="0." />
<ParagraphStyle ALIGN="Left" FIRSTLINE="0." ID="StyleId-1A87970B-111C-4169-99A6-9412976F3C97-" LEFT="0." LINESPACE="10.5" RIGHT="0." />
<ParagraphStyle ALIGN="Block" FIRSTLINE="-17." ID="StyleId-72DB0571-5AE4-41FD-9E11-68C6AC4C437E-" LEFT="0." LINESPACE="8.340000153" RIGHT="0." />
<ParagraphStyle ALIGN="Center" FIRSTLINE="0." ID="StyleId-1AA43056-C388-4697-B10F-72FDAA38FAE1-" LEFT="0." LINESPACE="10.5" RIGHT="0." />
</Styles>
<Layout>
<Page HEIGHT="4377" ID="Page1428" PHYSICAL_IMG_NR="1428" WIDTH="2519">
<TopMargin HEIGHT="410" HPOS="0" VPOS="0" WIDTH="2519">
</TopMargin>
<LeftMargin HEIGHT="3650" HPOS="0" VPOS="410" WIDTH="406">
</LeftMargin>
<RightMargin HEIGHT="3650" HPOS="2468" VPOS="410" WIDTH="51">
</RightMargin>
<BottomMargin HEIGHT="317" HPOS="0" VPOS="4060" WIDTH="2519">
<TextBlock HEIGHT="70" HPOS="1372" ID="Page1428_Block1" LANG="en-US" STYLEREFS="StyleId-D57F3E93-9FC8-4E75-BCC0-B09CC6ABEC31-" VPOS="4096" WIDTH="152">
<TextLine HEIGHT="50" HPOS="1381" VPOS="4106" WIDTH="132">
<String CONTENT="1428" HEIGHT="50" HPOS="1381" VPOS="4106" WIDTH="132" />
</TextLine>
</TextBlock>
</BottomMargin>
<PrintSpace HEIGHT="3650" HPOS="406" VPOS="410" WIDTH="2062">
<TextBlock CS="1" HEIGHT="3650" HPOS="406" ID="Page1428_Block2" LANG="en-US" STYLEREFS="StyleId-1742C515-B7F3-4732-89A1-289C410FF5E4-" VPOS="410" WIDTH="2062">
<TextLine HEIGHT="66" HPOS="417" STYLEREFS="StyleId-48020E24-0E1E-49DD-85CC-A09E655B239E-" VPOS="421" WIDTH="980">
<String CONTENT="Carroll," HEIGHT="64" HPOS="417" VPOS="421" WIDTH="244" />
<SP HEIGHT="62" HPOS="662" VPOS="423" WIDTH="23" />
<String CONTENT="Patrick" HEIGHT="55" HPOS="686" VPOS="421" WIDTH="243" />
<SP HEIGHT="54" HPOS="930" VPOS="422" WIDTH="25" />
<String CONTENT="Joseph," HEIGHT="65" HPOS="956" VPOS="422" WIDTH="241" />
<SP HEIGHT="58" HPOS="1198" VPOS="429" WIDTH="28" />
<String CONTENT="1876-" HEIGHT="54" HPOS="1227" VPOS="424" WIDTH="170" />
</TextLine>
<TextLine CS="1" HEIGHT="70" HPOS="489" STYLEREFS="StyleId-45E75AD3-E0C4-4431-AAA7-F0E57041CCC4-" VPOS="511" WIDTH="1945">
<String CONTENT="Vagrant" HEIGHT="66" HPOS="489" VPOS="513" WIDTH="265" />
<SP HEIGHT="46" HPOS="755" VPOS="518" WIDTH="30" />
<String CONTENT="essays," HEIGHT="49" HPOS="786" VPOS="530" WIDTH="204" />
<SP HEIGHT="65" HPOS="991" VPOS="513" WIDTH="29" />
<String CONTENT="by" HEIGHT="66" HPOS="1021" VPOS="513" WIDTH="74" />
<SP HEIGHT="65" HPOS="1096" VPOS="514" WIDTH="28" />
<String CONTENT="Patrick" HEIGHT="55" HPOS="1125" VPOS="511" WIDTH="238" />
<SP HEIGHT="56" HPOS="1364" VPOS="512" WIDTH="27" />
<String CONTENT="J." HEIGHT="55" HPOS="1392" VPOS="513" WIDTH="55" />
<SP HEIGHT="55" HPOS="1448" VPOS="512" WIDTH="35" />
<String CONTENT="Carroll," HEIGHT="67" HPOS="1484" VPOS="512" WIDTH="244" />
<SP HEIGHT="48" HPOS="1729" VPOS="531" WIDTH="29" />
<String CONTENT="C." CS="1" HEIGHT="10" HPOS="1796" VPOS="556" WIDTH="10" />
<SP HEIGHT="35" HPOS="1807" VPOS="533" WIDTH="31" />
<String CONTENT="S." CS="1" HEIGHT="9" HPOS="1870" VPOS="558" WIDTH="9" />
<SP HEIGHT="35" HPOS="1880" VPOS="533" WIDTH="32" />
<String CONTENT="C." CS="1" HEIGHT="10" HPOS="1949" VPOS="557" WIDTH="10" />
<SP HEIGHT="52" HPOS="1960" VPOS="516" WIDTH="67" />
<String CONTENT="Notre" HEIGHT="52" HPOS="2028" VPOS="516" WIDTH="178" />
<SP HEIGHT="51" HPOS="2207" VPOS="517" WIDTH="27" />
<String CONTENT="Dame," HEIGHT="64" HPOS="2235" VPOS="517" WIDTH="199" />
</TextLine>
<TextLine HEIGHT="68" HPOS="418" STYLEREFS="StyleId-45E75AD3-E0C4-4431-AAA7-F0E57041CCC4-" VPOS="590" WIDTH="1072">
<String CONTENT="Ind.," HEIGHT="56" HPOS="418" VPOS="591" WIDTH="148" />
<SP HEIGHT="54" HPOS="567" VPOS="593" WIDTH="24" />
<String CONTENT="The" HEIGHT="53" HPOS="592" VPOS="591" WIDTH="121" />
<SP HEIGHT="53" HPOS="714" VPOS="590" WIDTH="26" />
<String CONTENT="Ave" HEIGHT="53" HPOS="741" VPOS="590" WIDTH="124" />
<SP HEIGHT="52" HPOS="866" VPOS="591" WIDTH="25" />
<String CONTENT="Maria" HEIGHT="53" HPOS="892" VPOS="591" WIDTH="190" />
<SP HEIGHT="47" HPOS="1083" VPOS="610" WIDTH="24" />
<String CONTENT="press" HEIGHT="49" HPOS="1108" VPOS="608" WIDTH="158" />
<SP HEIGHT="48" HPOS="1267" VPOS="609" WIDTH="30" />
<String CONTENT="[c1936]" HEIGHT="65" HPOS="1298" VPOS="593" WIDTH="192" />
</TextLine>
<TextLine HEIGHT="48" HPOS="488" VPOS="660" WIDTH="338">
<String CONTENT="222" HEIGHT="40" HPOS="488" VPOS="660" WIDTH="86" />
<SP HEIGHT="48" HPOS="575" VPOS="660" WIDTH="28" />
<String CONTENT="p." HEIGHT="37" HPOS="604" VPOS="671" WIDTH="42" />
<SP HEIGHT="41" HPOS="647" VPOS="660" WIDTH="61" />
<String CONTENT="17cm." HEIGHT="40" HPOS="709" VPOS="660" WIDTH="117" />
</TextLine>
<TextLine CS="1" HEIGHT="53" HPOS="418" VPOS="717" WIDTH="1698">
<String CONTENT="&#169;" HEIGHT="53" HPOS="418" VPOS="717" WIDTH="53" />
<SP HEIGHT="53" HPOS="472" VPOS="717" WIDTH="23" />
<String CONTENT="Oct." HEIGHT="39" HPOS="496" VPOS="722" WIDTH="100" />
<SP HEIGHT="39" HPOS="597" VPOS="721" WIDTH="27" />
<String CONTENT="1," HEIGHT="47" HPOS="625" VPOS="721" WIDTH="41" />
<SP HEIGHT="47" HPOS="667" VPOS="721" WIDTH="23" />
<String CONTENT="1936;" CS="1" HEIGHT="40" HPOS="691" VPOS="721" WIDTH="112" />
<SP HEIGHT="42" HPOS="832" VPOS="720" WIDTH="26" />
<String CONTENT="2c." HEIGHT="41" HPOS="859" VPOS="720" WIDTH="67" />
<SP HEIGHT="30" HPOS="927" VPOS="731" WIDTH="23" />
<String CONTENT="and" HEIGHT="39" HPOS="951" VPOS="720" WIDTH="95" />
<SP HEIGHT="39" HPOS="1047" VPOS="720" WIDTH="24" />
<String CONTENT="aff." HEIGHT="41" HPOS="1072" VPOS="720" WIDTH="82" />
<SP HEIGHT="40" HPOS="1155" VPOS="721" WIDTH="23" />
<String CONTENT="Oct." HEIGHT="40" HPOS="1179" VPOS="721" WIDTH="104" />
<SP HEIGHT="38" HPOS="1284" VPOS="722" WIDTH="24" />
<String CONTENT="5:" HEIGHT="39" HPOS="1309" VPOS="722" WIDTH="52" />
<SP HEIGHT="40" HPOS="1362" VPOS="721" WIDTH="26" />
<String CONTENT="A" HEIGHT="39" HPOS="1389" VPOS="721" WIDTH="40" />
<SP HEIGHT="41" HPOS="1430" VPOS="720" WIDTH="21" />
<String CONTENT="99135;" CS="1" HEIGHT="42" HPOS="1452" VPOS="720" WIDTH="145" />
<SP HEIGHT="46" HPOS="1626" VPOS="722" WIDTH="26" />
<String CONTENT="Ave" HEIGHT="39" HPOS="1653" VPOS="722" WIDTH="104" />
<SP HEIGHT="38" HPOS="1758" VPOS="723" WIDTH="21" />
<String CONTENT="Maria" HEIGHT="40" HPOS="1780" VPOS="721" WIDTH="161" />
<SP HEIGHT="37" HPOS="1942" VPOS="732" WIDTH="21" />
<String CONTENT="press." HEIGHT="37" HPOS="1964" VPOS="732" WIDTH="152" />
</TextLine>
<TextLine HEIGHT="47" HPOS="500" VPOS="778" WIDTH="283">
<String CONTENT="(36-22207)" HEIGHT="47" HPOS="500" VPOS="778" WIDTH="283" />
</TextLine>
<TextLine HEIGHT="64" HPOS="418" STYLEREFS="StyleId-48020E24-0E1E-49DD-85CC-A09E655B239E-" VPOS="882" WIDTH="518">
<String CONTENT="Carsow," HEIGHT="63" HPOS="418" VPOS="883" WIDTH="259" />
<SP HEIGHT="62" HPOS="678" VPOS="884" WIDTH="25" />
<String CONTENT="Michel." HEIGHT="56" HPOS="704" VPOS="882" WIDTH="232" />
</TextLine>
<TextLine CS="1" HEIGHT="71" HPOS="604" STYLEREFS="StyleId-45E75AD3-E0C4-4431-AAA7-F0E57041CCC4-" VPOS="958" WIDTH="1835">
<String CONTENT="&#8230;" CS="1" LANG="en-US" />
<SP />
<String CONTENT="Quelques" HEIGHT="69" HPOS="604" LANG="fr" VPOS="959" WIDTH="286" />
<SP HEIGHT="34" HPOS="891" VPOS="979" WIDTH="45" />
<String CONTENT="aspects" HEIGHT="66" HPOS="937" LANG="en-US" VPOS="963" WIDTH="218" />
<SP HEIGHT="54" HPOS="1156" VPOS="959" WIDTH="44" />
<String CONTENT="du" HEIGHT="54" HPOS="1201" LANG="fr" VPOS="959" WIDTH="76" />
<SP HEIGHT="35" HPOS="1278" VPOS="978" WIDTH="44" />
<String CONTENT="commerce" HEIGHT="35" HPOS="1323" LANG="en-US" VPOS="979" WIDTH="307" />
<SP HEIGHT="56" HPOS="1631" VPOS="958" WIDTH="41" />
<String CONTENT="imp&#233;rial" HEIGHT="71" HPOS="1673" LANG="fr" VPOS="958" WIDTH="267" />
<SP HEIGHT="54" HPOS="1941" VPOS="960" WIDTH="47" />
<String CONTENT="de" HEIGHT="54" HPOS="1989" LANG="fr" VPOS="960" WIDTH="67" />
<SP HEIGHT="55" HPOS="2057" VPOS="959" WIDTH="43" />
<String CONTENT="la" HEIGHT="55" HPOS="2101" LANG="en-US" VPOS="959" WIDTH="55" />
<SP HEIGHT="53" HPOS="2157" VPOS="961" WIDTH="43" />
<String CONTENT="France," HEIGHT="66" HPOS="2201" LANG="en-US" VPOS="961" WIDTH="238" />
</TextLine>
<TextLine CS="1" HEIGHT="71" HPOS="423" STYLEREFS="StyleId-45E75AD3-E0C4-4431-AAA7-F0E57041CCC4-" VPOS="1037" WIDTH="1875">
<String CONTENT="pr&#233;face" HEIGHT="68" HPOS="423" LANG="fr" VPOS="1039" WIDTH="229" />
<SP HEIGHT="49" HPOS="653" VPOS="1058" WIDTH="33" />
<String CONTENT="par:" HEIGHT="50" HPOS="687" VPOS="1057" WIDTH="136" />
<SP HEIGHT="52" HPOS="824" VPOS="1039" WIDTH="32" />
<String CONTENT="Edgard" HEIGHT="69" HPOS="857" VPOS="1039" WIDTH="243" />
<SP HEIGHT="54" HPOS="1101" VPOS="1038" WIDTH="33" />
<String CONTENT="Allix" HEIGHT="54" HPOS="1135" VPOS="1037" WIDTH="164" />
<SP />
<String CONTENT="&#8230;" CS="1" />
<SP HEIGHT="52" HPOS="1398" VPOS="1040" WIDTH="71" />
<String CONTENT="Paris," HEIGHT="64" HPOS="1470" VPOS="1040" WIDTH="186" />
<SP HEIGHT="64" HPOS="1657" VPOS="1040" WIDTH="32" />
<String CONTENT="P." HEIGHT="53" HPOS="1690" VPOS="1040" WIDTH="65" />
<SP HEIGHT="56" HPOS="1756" VPOS="1038" WIDTH="34" />
<String CONTENT="Geuthner" HEIGHT="56" HPOS="1791" VPOS="1038" WIDTH="296" />
<SP HEIGHT="48" HPOS="2088" VPOS="1058" WIDTH="36" />
<String CONTENT="[1935]" HEIGHT="64" HPOS="2125" VPOS="1042" WIDTH="173" />
</TextLine>
<TextLine CS="1" HEIGHT="50" HPOS="490" VPOS="1112" WIDTH="708">
<String CONTENT="2" HEIGHT="38" HPOS="490" VPOS="1113" WIDTH="26" />
<SP />
<String CONTENT="v." CS="1" HEIGHT="8" HPOS="582" VPOS="1144" WIDTH="8" />
<SP HEIGHT="28" HPOS="591" VPOS="1124" WIDTH="60" />
<String CONTENT="maps," HEIGHT="39" HPOS="652" VPOS="1123" WIDTH="152" />
<SP HEIGHT="43" HPOS="805" VPOS="1114" WIDTH="33" />
<String CONTENT="diagrs." HEIGHT="49" HPOS="839" VPOS="1113" WIDTH="181" />
<SP HEIGHT="40" HPOS="1021" VPOS="1112" WIDTH="59" />
<String CONTENT="24cm." HEIGHT="42" HPOS="1081" VPOS="1112" WIDTH="117" />
</TextLine>
<TextLine CS="1" HEIGHT="54" HPOS="420" VPOS="1167" WIDTH="2021">
<String CONTENT="&#169;" HEIGHT="54" HPOS="420" VPOS="1167" WIDTH="53" />
<SP HEIGHT="54" HPOS="474" VPOS="1167" WIDTH="34" />
<String CONTENT="Oct." HEIGHT="40" HPOS="509" VPOS="1172" WIDTH="102" />
<SP HEIGHT="40" HPOS="612" VPOS="1172" WIDTH="33" />
<String CONTENT="25," HEIGHT="46" HPOS="646" VPOS="1172" WIDTH="72" />
<SP HEIGHT="46" HPOS="719" VPOS="1172" WIDTH="33" />
<String CONTENT="1935;" HEIGHT="47" HPOS="753" VPOS="1170" WIDTH="141" />
<SP />
<String CONTENT="1c." CS="1" />
<SP />
<String CONTENT="each" HEIGHT="40" HPOS="1036" VPOS="1171" WIDTH="119" />
<SP HEIGHT="40" HPOS="1156" VPOS="1171" WIDTH="32" />
<String CONTENT="Mar." HEIGHT="38" HPOS="1189" VPOS="1173" WIDTH="123" />
<SP HEIGHT="40" HPOS="1313" VPOS="1170" WIDTH="34" />
<String CONTENT="21," HEIGHT="50" HPOS="1348" VPOS="1170" WIDTH="70" />
<SP HEIGHT="49" HPOS="1419" VPOS="1171" WIDTH="35" />
<String CONTENT="1936;" HEIGHT="47" HPOS="1455" VPOS="1171" WIDTH="141" />
<SP HEIGHT="46" HPOS="1597" VPOS="1172" WIDTH="37" />
<String CONTENT="A-Foreign" HEIGHT="47" HPOS="1635" VPOS="1171" WIDTH="311" />
<SP HEIGHT="40" HPOS="1947" VPOS="1171" WIDTH="37" />
<String CONTENT="30829;" HEIGHT="50" HPOS="1985" VPOS="1168" WIDTH="171" />
<SP HEIGHT="47" HPOS="2157" VPOS="1171" WIDTH="40" />
<String CONTENT="Librairie" HEIGHT="43" HPOS="2198" LANG="fr" VPOS="1169" WIDTH="243" />
</TextLine>
<TextLine HEIGHT="48" HPOS="491" VPOS="1228" WIDTH="1232">
<String CONTENT="orientaliste" HEIGHT="40" HPOS="491" LANG="fr" VPOS="1228" WIDTH="311" />
<SP HEIGHT="39" HPOS="803" VPOS="1229" WIDTH="23" />
<String CONTENT="Paul" HEIGHT="38" HPOS="827" LANG="en-US" VPOS="1229" WIDTH="120" />
<SP HEIGHT="40" HPOS="948" VPOS="1229" WIDTH="28" />
<String CONTENT="Geuthner," HEIGHT="47" HPOS="977" LANG="en-US" VPOS="1228" WIDTH="265" />
<SP HEIGHT="36" HPOS="1243" VPOS="1239" WIDTH="25" />
<String CONTENT="s." HEIGHT="30" HPOS="1269" LANG="en-US" VPOS="1239" WIDTH="35" />
<SP HEIGHT="31" HPOS="1305" VPOS="1238" WIDTH="27" />
<String CONTENT="a." HEIGHT="30" HPOS="1333" LANG="en-US" VPOS="1238" WIDTH="42" />
<SP HEIGHT="47" HPOS="1376" VPOS="1228" WIDTH="62" />
<String CONTENT="(36-22976)" HEIGHT="48" HPOS="1439" LANG="en-US" VPOS="1228" WIDTH="284" />
</TextLine>
<TextLine HEIGHT="65" HPOS="422" STYLEREFS="StyleId-48020E24-0E1E-49DD-85CC-A09E655B239E-" VPOS="1332" WIDTH="1153">
<String CONTENT="Chalmers," HEIGHT="65" HPOS="422" VPOS="1332" WIDTH="328" />
<SP HEIGHT="64" HPOS="751" VPOS="1333" WIDTH="26" />
<String CONTENT="Robert" HEIGHT="53" HPOS="778" VPOS="1333" WIDTH="224" />
<SP HEIGHT="54" HPOS="1003" VPOS="1333" WIDTH="25" />
<String CONTENT="Scott," HEIGHT="62" HPOS="1029" VPOS="1333" WIDTH="187" />
<SP HEIGHT="57" HPOS="1217" VPOS="1338" WIDTH="30" />
<String CONTENT="1882-1935." HEIGHT="50" HPOS="1248" VPOS="1338" WIDTH="327" />
</TextLine>
<TextLine CS="1" HEIGHT="71" HPOS="496" STYLEREFS="StyleId-45E75AD3-E0C4-4431-AAA7-F0E57041CCC4-" VPOS="1407" WIDTH="1854">
<String CONTENT="How" HEIGHT="52" HPOS="496" VPOS="1410" WIDTH="149" />
<SP HEIGHT="46" HPOS="646" VPOS="1417" WIDTH="27" />
<String CONTENT="the" HEIGHT="54" HPOS="674" VPOS="1409" WIDTH="94" />
<SP HEIGHT="34" HPOS="769" VPOS="1428" WIDTH="25" />
<String CONTENT="church" HEIGHT="53" HPOS="795" VPOS="1409" WIDTH="211" />
<SP HEIGHT="53" HPOS="1007" VPOS="1409" WIDTH="27" />
<String CONTENT="began" HEIGHT="69" HPOS="1035" VPOS="1409" WIDTH="181" />
<SP />
<String CONTENT="&#8230;" CS="1" />
<SP HEIGHT="53" HPOS="1307" VPOS="1409" WIDTH="30" />
<String CONTENT="by" HEIGHT="68" HPOS="1338" VPOS="1409" WIDTH="75" />
<SP HEIGHT="62" HPOS="1414" VPOS="1415" WIDTH="21" />
<String CONTENT="the" HEIGHT="51" HPOS="1436" VPOS="1410" WIDTH="95" />
<SP HEIGHT="51" HPOS="1532" VPOS="1410" WIDTH="26" />
<String CONTENT="Rev." HEIGHT="51" HPOS="1559" VPOS="1410" WIDTH="138" />
<SP HEIGHT="51" HPOS="1698" VPOS="1410" WIDTH="25" />
<String CONTENT="Robert" HEIGHT="53" HPOS="1724" VPOS="1408" WIDTH="216" />
<SP HEIGHT="56" HPOS="1941" VPOS="1407" WIDTH="26" />
<String CONTENT="S." HEIGHT="56" HPOS="1968" VPOS="1407" WIDTH="58" />
<SP HEIGHT="54" HPOS="2027" VPOS="1408" WIDTH="26" />
<String CONTENT="Chalmers" HEIGHT="54" HPOS="2054" VPOS="1408" WIDTH="296" />
<SP />
<String CONTENT="&#8230;" CS="1" />
</TextLine>
<TextLine HEIGHT="69" HPOS="427" STYLEREFS="StyleId-45E75AD3-E0C4-4431-AAA7-F0E57041CCC4-" VPOS="1487" WIDTH="1813">
<String CONTENT="New" HEIGHT="52" HPOS="427" VPOS="1489" WIDTH="137" />
<SP HEIGHT="51" HPOS="565" VPOS="1489" WIDTH="32" />
<String CONTENT="York," HEIGHT="57" HPOS="598" VPOS="1488" WIDTH="182" />
<SP HEIGHT="57" HPOS="781" VPOS="1488" WIDTH="31" />
<String CONTENT="Milwaukee," HEIGHT="66" HPOS="813" VPOS="1487" WIDTH="362" />
<SP HEIGHT="64" HPOS="1176" VPOS="1489" WIDTH="32" />
<String CONTENT="Morehouse" HEIGHT="55" HPOS="1209" VPOS="1487" WIDTH="340" />
<SP HEIGHT="48" HPOS="1550" VPOS="1507" WIDTH="30" />
<String CONTENT="publishing" HEIGHT="69" HPOS="1581" VPOS="1487" WIDTH="339" />
<SP HEIGHT="50" HPOS="1921" VPOS="1506" WIDTH="31" />
<String CONTENT="co.," HEIGHT="49" HPOS="1953" VPOS="1505" WIDTH="100" />
<SP HEIGHT="62" HPOS="2054" VPOS="1492" WIDTH="33" />
<String CONTENT="1936." HEIGHT="50" HPOS="2088" VPOS="1491" WIDTH="152" />
</TextLine>
<TextLine CS="1" HEIGHT="51" HPOS="501" STYLEREFS="StyleId-45E75AD3-E0C4-4431-AAA7-F0E57041CCC4-" VPOS="1561" WIDTH="1392">
<String CONTENT="vi," HEIGHT="48" HPOS="501" VPOS="1562" WIDTH="58" />
<SP HEIGHT="47" HPOS="560" VPOS="1563" WIDTH="28" />
<String CONTENT="244" HEIGHT="39" HPOS="589" VPOS="1563" WIDTH="86" />
<SP HEIGHT="48" HPOS="676" VPOS="1564" WIDTH="29" />
<String CONTENT="p." HEIGHT="39" HPOS="706" VPOS="1573" WIDTH="43" />
<SP HEIGHT="39" HPOS="750" VPOS="1563" WIDTH="56" />
<String CONTENT="19&#189;cm." CS="1" HEIGHT="40" HPOS="807" VPOS="1562" WIDTH="145" />
<SP HEIGHT="47" HPOS="953" VPOS="1562" WIDTH="68" />
<String CONTENT="(The" HEIGHT="47" HPOS="1022" VPOS="1562" WIDTH="125" />
<SP HEIGHT="39" HPOS="1148" VPOS="1573" WIDTH="26" />
<String CONTENT="pastoral" HEIGHT="49" HPOS="1175" VPOS="1563" WIDTH="218" />
<SP HEIGHT="39" HPOS="1394" VPOS="1563" WIDTH="29" />
<String CONTENT="series&#8212;course" HEIGHT="42" HPOS="1424" VPOS="1561" WIDTH="387" />
<SP HEIGHT="40" HPOS="1812" VPOS="1563" WIDTH="27" />
<String CONTENT="4)" HEIGHT="47" HPOS="1840" VPOS="1563" WIDTH="53" />
</TextLine>
<TextLine HEIGHT="49" HPOS="501" VPOS="1619" WIDTH="1217">
<String CONTENT="&#8220;Books" HEIGHT="39" HPOS="501" VPOS="1621" WIDTH="189" />
<SP HEIGHT="29" HPOS="691" VPOS="1631" WIDTH="32" />
<String CONTENT="recommended" HEIGHT="40" HPOS="724" VPOS="1621" WIDTH="365" />
<SP HEIGHT="41" HPOS="1090" VPOS="1620" WIDTH="31" />
<String CONTENT="for" HEIGHT="41" HPOS="1122" VPOS="1620" WIDTH="78" />
<SP HEIGHT="28" HPOS="1201" VPOS="1631" WIDTH="31" />
<String CONTENT="reference&#8221;" HEIGHT="41" HPOS="1233" VPOS="1619" WIDTH="275" />
<SP HEIGHT="41" HPOS="1509" VPOS="1619" WIDTH="18" />
<String CONTENT=":" HEIGHT="29" HPOS="1528" VPOS="1631" WIDTH="9" />
<SP HEIGHT="37" HPOS="1538" VPOS="1631" WIDTH="35" />
<String CONTENT="p." HEIGHT="37" HPOS="1574" VPOS="1631" WIDTH="42" />
<SP HEIGHT="39" HPOS="1617" VPOS="1621" WIDTH="30" />
<String CONTENT="19." HEIGHT="40" HPOS="1648" VPOS="1620" WIDTH="70" />
</TextLine>
<TextLine CS="1" HEIGHT="54" HPOS="425" VPOS="1673" WIDTH="1965">
<String CONTENT="&#169;" HEIGHT="54" HPOS="425" VPOS="1673" WIDTH="52" />
<SP HEIGHT="54" HPOS="478" VPOS="1673" WIDTH="24" />
<String CONTENT="Aug." HEIGHT="41" HPOS="503" VPOS="1678" WIDTH="119" />
<SP HEIGHT="40" HPOS="623" VPOS="1678" WIDTH="24" />
<String CONTENT="22," HEIGHT="42" HPOS="648" VPOS="1678" WIDTH="71" />
<SP HEIGHT="42" HPOS="720" VPOS="1678" WIDTH="25" />
<String CONTENT="1936;" CS="1" HEIGHT="40" HPOS="746" VPOS="1678" WIDTH="114" />
<SP HEIGHT="44" HPOS="888" VPOS="1679" WIDTH="26" />
<String CONTENT="2c." HEIGHT="38" HPOS="915" VPOS="1679" WIDTH="67" />
<SP HEIGHT="38" HPOS="983" VPOS="1679" WIDTH="28" />
<String CONTENT="Sept." HEIGHT="45" HPOS="1012" VPOS="1679" WIDTH="128" />
<SP HEIGHT="38" HPOS="1141" VPOS="1679" WIDTH="26" />
<String CONTENT="4" HEIGHT="38" HPOS="1168" VPOS="1679" WIDTH="26" />
<SP HEIGHT="38" HPOS="1195" VPOS="1679" WIDTH="17" />
<String CONTENT=":" HEIGHT="28" HPOS="1213" VPOS="1688" WIDTH="8" />
<SP HEIGHT="28" HPOS="1222" VPOS="1688" WIDTH="29" />
<String CONTENT="aff." HEIGHT="41" HPOS="1252" VPOS="1677" WIDTH="82" />
<SP HEIGHT="39" HPOS="1335" VPOS="1679" WIDTH="30" />
<String CONTENT="Sept." HEIGHT="46" HPOS="1366" VPOS="1679" WIDTH="126" />
<SP HEIGHT="40" HPOS="1493" VPOS="1677" WIDTH="27" />
<String CONTENT="2;" CS="1" HEIGHT="39" HPOS="1521" VPOS="1677" WIDTH="25" />
<SP HEIGHT="46" HPOS="1574" VPOS="1678" WIDTH="28" />
<String CONTENT="A" HEIGHT="39" HPOS="1603" VPOS="1678" WIDTH="39" />
<SP HEIGHT="40" HPOS="1643" VPOS="1678" WIDTH="24" />
<String CONTENT="98238;" CS="1" HEIGHT="41" HPOS="1668" VPOS="1677" WIDTH="145" />
<SP HEIGHT="46" HPOS="1840" VPOS="1678" WIDTH="29" />
<String CONTENT="Morehouse" HEIGHT="40" HPOS="1870" VPOS="1677" WIDTH="290" />
<SP HEIGHT="37" HPOS="2161" VPOS="1688" WIDTH="23" />
<String CONTENT="pub." HEIGHT="49" HPOS="2185" VPOS="1676" WIDTH="111" />
<SP HEIGHT="27" HPOS="2297" VPOS="1689" WIDTH="26" />
<String CONTENT="co." HEIGHT="29" HPOS="2324" VPOS="1688" WIDTH="66" />
</TextLine>
<TextLine HEIGHT="49" HPOS="506" VPOS="1734" WIDTH="1848">
<String CONTENT="(36-22374)9090" HEIGHT="49" HPOS="506" VPOS="1734" WIDTH="1848" />
</TextLine>
<TextLine HEIGHT="65" HPOS="426" STYLEREFS="StyleId-48020E24-0E1E-49DD-85CC-A09E655B239E-" VPOS="1839" WIDTH="1137">
<String CONTENT="Coatsworth," HEIGHT="64" HPOS="426" VPOS="1840" WIDTH="398" />
<SP HEIGHT="63" HPOS="825" VPOS="1841" WIDTH="27" />
<String CONTENT="Elizabeth" HEIGHT="54" HPOS="853" VPOS="1839" WIDTH="311" />
<SP HEIGHT="54" HPOS="1165" VPOS="1839" WIDTH="25" />
<String CONTENT="Jane," HEIGHT="64" HPOS="1191" VPOS="1839" WIDTH="168" />
<SP HEIGHT="56" HPOS="1360" VPOS="1847" WIDTH="29" />
<String CONTENT="1893-" HEIGHT="50" HPOS="1390" VPOS="1846" WIDTH="173" />
</TextLine>
<TextLine CS="1" HEIGHT="148" HPOS="430" STYLEREFS="StyleId-45E75AD3-E0C4-4431-AAA7-F0E57041CCC4-" VPOS="1915" WIDTH="2018">
<String CONTENT="Sword" HEIGHT="55" HPOS="501" VPOS="1917" WIDTH="205" />
<SP HEIGHT="53" HPOS="707" VPOS="1917" WIDTH="42" />
<String CONTENT="of" HEIGHT="53" HPOS="750" VPOS="1916" WIDTH="64" />
<SP HEIGHT="53" HPOS="815" VPOS="1916" WIDTH="39" />
<String CONTENT="the" HEIGHT="53" HPOS="855" VPOS="1916" WIDTH="98" />
<SP HEIGHT="34" HPOS="954" VPOS="1935" WIDTH="38" />
<String CONTENT="wilderness," HEIGHT="68" HPOS="993" VPOS="1916" WIDTH="348" />
<SP HEIGHT="68" HPOS="1342" VPOS="1916" WIDTH="41" />
<String CONTENT="by" HEIGHT="69" HPOS="1384" VPOS="1916" WIDTH="75" />
<SP HEIGHT="69" HPOS="1460" VPOS="1916" WIDTH="41" />
<String CONTENT="Elizabeth" HEIGHT="55" HPOS="1502" VPOS="1915" WIDTH="303" />
<SP HEIGHT="55" HPOS="1806" VPOS="1915" WIDTH="45" />
<String CONTENT="Coatsworth;" HEIGHT="69" HPOS="1852" VPOS="1915" WIDTH="392" />
<SP HEIGHT="69" HPOS="2245" VPOS="1915" WIDTH="43" />
<String CONTENT="illustrated" HEIGHT="134" HPOS="430" VPOS="1915" WIDTH="1992" />
<SP HEIGHT="53" HPOS="618" VPOS="1996" WIDTH="29" />
<String CONTENT="by" HEIGHT="66" HPOS="648" VPOS="1996" WIDTH="76" />
<SP HEIGHT="66" HPOS="725" VPOS="1996" WIDTH="29" />
<String CONTENT="Harv&#233;" HEIGHT="52" HPOS="755" LANG="fr" VPOS="1996" WIDTH="200" />
<SP HEIGHT="56" HPOS="956" VPOS="1994" WIDTH="33" />
<String CONTENT="Stein." HEIGHT="57" HPOS="990" VPOS="1993" WIDTH="177" />
<SP HEIGHT="53" HPOS="1168" VPOS="1995" WIDTH="70" />
<String CONTENT="New" HEIGHT="53" HPOS="1239" VPOS="1995" WIDTH="139" />
<SP HEIGHT="52" HPOS="1379" VPOS="1995" WIDTH="30" />
<String CONTENT="York," HEIGHT="67" HPOS="1410" VPOS="1994" WIDTH="181" />
<SP HEIGHT="65" HPOS="1592" VPOS="1996" WIDTH="32" />
<String CONTENT="The" HEIGHT="53" HPOS="1625" VPOS="1994" WIDTH="122" />
<SP HEIGHT="52" HPOS="1748" VPOS="1995" WIDTH="30" />
<String CONTENT="Macmillan" HEIGHT="54" HPOS="1779" VPOS="1994" WIDTH="338" />
<SP HEIGHT="34" HPOS="2118" VPOS="2014" WIDTH="30" />
<String CONTENT="company," HEIGHT="50" HPOS="2149" VPOS="2013" WIDTH="299" />
</TextLine>
<TextLine HEIGHT="50" HPOS="431" STYLEREFS="StyleId-45E75AD3-E0C4-4431-AAA7-F0E57041CCC4-" VPOS="2078" WIDTH="150">
<String CONTENT="1936." HEIGHT="50" HPOS="431" VPOS="2078" WIDTH="150" />
</TextLine>
<TextLine CS="1" HEIGHT="50" HPOS="503" VPOS="2147" WIDTH="1134">
<String CONTENT="xii" HEIGHT="40" HPOS="503" VPOS="2148" WIDTH="69" />
<SP HEIGHT="48" HPOS="573" VPOS="2149" WIDTH="28" />
<String CONTENT="p.," CS="1" HEIGHT="37" HPOS="602" LANG="fr" VPOS="2160" WIDTH="42" />
<SP HEIGHT="40" HPOS="660" VPOS="2149" WIDTH="30" />
<String CONTENT="1" HEIGHT="39" HPOS="691" VPOS="2149" WIDTH="22" />
<SP HEIGHT="39" HPOS="714" VPOS="2149" WIDTH="27" />
<String CONTENT="l.," CS="1" HEIGHT="8" HPOS="764" VPOS="2181" WIDTH="8" />
<SP HEIGHT="41" HPOS="787" VPOS="2148" WIDTH="29" />
<String CONTENT="160" HEIGHT="41" HPOS="817" VPOS="2148" WIDTH="88" />
<SP HEIGHT="49" HPOS="906" VPOS="2148" WIDTH="25" />
<String CONTENT="p." HEIGHT="38" HPOS="932" VPOS="2159" WIDTH="42" />
<SP HEIGHT="41" HPOS="975" VPOS="2148" WIDTH="26" />
<String CONTENT="incl." HEIGHT="41" HPOS="1002" VPOS="2148" WIDTH="111" />
<SP HEIGHT="40" HPOS="1114" VPOS="2149" WIDTH="24" />
<String CONTENT="front.," HEIGHT="48" HPOS="1139" VPOS="2149" WIDTH="167" />
<SP HEIGHT="49" HPOS="1307" VPOS="2148" WIDTH="28" />
<String CONTENT="illus." HEIGHT="40" HPOS="1336" VPOS="2148" WIDTH="129" />
<SP HEIGHT="41" HPOS="1466" VPOS="2147" WIDTH="53" />
<String CONTENT="21cm." HEIGHT="42" HPOS="1520" VPOS="2147" WIDTH="117" />
</TextLine>
<TextLine HEIGHT="49" HPOS="507" VPOS="2204" WIDTH="684">
<String CONTENT="Illustrated" HEIGHT="39" HPOS="507" VPOS="2207" WIDTH="286" />
<SP HEIGHT="39" HPOS="794" VPOS="2207" WIDTH="32" />
<String CONTENT="lining-papers." HEIGHT="49" HPOS="827" VPOS="2204" WIDTH="364" />
</TextLine>
<TextLine CS="1" HEIGHT="53" HPOS="429" VPOS="2260" WIDTH="1670">
<String CONTENT="&#169;" HEIGHT="53" HPOS="429" VPOS="2260" WIDTH="53" />
<SP HEIGHT="53" HPOS="483" VPOS="2260" WIDTH="22" />
<String CONTENT="Oct." HEIGHT="41" HPOS="506" VPOS="2264" WIDTH="103" />
<SP HEIGHT="39" HPOS="610" VPOS="2265" WIDTH="23" />
<String CONTENT="13." HEIGHT="41" HPOS="634" VPOS="2265" WIDTH="70" />
<SP HEIGHT="42" HPOS="705" VPOS="2264" WIDTH="23" />
<String CONTENT="1936;" CS="1" HEIGHT="40" HPOS="729" VPOS="2264" WIDTH="115" />
<SP HEIGHT="46" HPOS="871" VPOS="2265" WIDTH="25" />
<String CONTENT="2c." HEIGHT="39" HPOS="897" VPOS="2265" WIDTH="68" />
<SP HEIGHT="30" HPOS="966" VPOS="2274" WIDTH="23" />
<String CONTENT="and" HEIGHT="39" HPOS="990" VPOS="2263" WIDTH="96" />
<SP HEIGHT="39" HPOS="1087" VPOS="2263" WIDTH="22" />
<String CONTENT="aff." HEIGHT="41" HPOS="1110" VPOS="2263" WIDTH="81" />
<SP HEIGHT="41" HPOS="1192" VPOS="2263" WIDTH="26" />
<String CONTENT="Oct." HEIGHT="40" HPOS="1219" VPOS="2263" WIDTH="100" />
<SP HEIGHT="38" HPOS="1320" VPOS="2264" WIDTH="26" />
<String CONTENT="14;" CS="1" HEIGHT="38" HPOS="1347" VPOS="2264" WIDTH="54" />
<SP HEIGHT="41" HPOS="1429" VPOS="2264" WIDTH="26" />
<String CONTENT="A" HEIGHT="38" HPOS="1456" VPOS="2264" WIDTH="40" />
<SP HEIGHT="40" HPOS="1497" VPOS="2263" WIDTH="24" />
<String CONTENT="99357;" CS="1" HEIGHT="42" HPOS="1522" VPOS="2262" WIDTH="144" />
<SP HEIGHT="46" HPOS="1695" VPOS="2265" WIDTH="26" />
<String CONTENT="Macmillan" HEIGHT="41" HPOS="1722" VPOS="2262" WIDTH="284" />
<SP HEIGHT="28" HPOS="2007" VPOS="2275" WIDTH="25" />
<String CONTENT="co." HEIGHT="28" HPOS="2033" VPOS="2275" WIDTH="66" />
</TextLine>
<TextLine HEIGHT="48" HPOS="509" VPOS="2321" WIDTH="284">
<String CONTENT="(36-22190)" HEIGHT="48" HPOS="509" VPOS="2321" WIDTH="284" />
</TextLine>
<TextLine HEIGHT="65" HPOS="430" STYLEREFS="StyleId-48020E24-0E1E-49DD-85CC-A09E655B239E-" VPOS="2426" WIDTH="1066">
<String CONTENT="Coblentz," HEIGHT="62" HPOS="430" VPOS="2427" WIDTH="299" />
<SP HEIGHT="62" HPOS="730" VPOS="2427" WIDTH="30" />
<String CONTENT="Mrs." HEIGHT="52" HPOS="761" VPOS="2427" WIDTH="138" />
<SP HEIGHT="54" HPOS="900" VPOS="2427" WIDTH="33" />
<String CONTENT="Catherine" HEIGHT="55" HPOS="934" VPOS="2426" WIDTH="322" />
<SP HEIGHT="65" HPOS="1257" VPOS="2426" WIDTH="30" />
<String CONTENT="(Cate)" HEIGHT="65" HPOS="1288" VPOS="2426" WIDTH="208" />
</TextLine>
<TextLine CS="1" HEIGHT="148" HPOS="429" STYLEREFS="StyleId-45E75AD3-E0C4-4431-AAA7-F0E57041CCC4-" VPOS="2502" WIDTH="2017">
<String CONTENT="Animal" HEIGHT="53" HPOS="499" VPOS="2502" WIDTH="239" />
<SP HEIGHT="67" HPOS="739" VPOS="2504" WIDTH="39" />
<String CONTENT="pioneers," HEIGHT="68" HPOS="779" VPOS="2503" WIDTH="277" />
<SP HEIGHT="65" HPOS="1057" VPOS="2503" WIDTH="35" />
<String CONTENT="by" HEIGHT="68" HPOS="1093" VPOS="2503" WIDTH="75" />
<SP HEIGHT="69" HPOS="1169" VPOS="2502" WIDTH="39" />
<String CONTENT="Catherine" HEIGHT="55" HPOS="1209" VPOS="2502" WIDTH="310" />
<SP HEIGHT="55" HPOS="1520" VPOS="2504" WIDTH="41" />
<String CONTENT="C." HEIGHT="55" HPOS="1562" VPOS="2504" WIDTH="61" />
<SP HEIGHT="55" HPOS="1624" VPOS="2502" WIDTH="42" />
<String CONTENT="Coblentz;" HEIGHT="68" HPOS="1667" VPOS="2502" WIDTH="301" />
<SP HEIGHT="47" HPOS="1969" VPOS="2523" WIDTH="45" />
<String CONTENT="with" HEIGHT="53" HPOS="2015" VPOS="2503" WIDTH="139" />
<SP HEIGHT="52" HPOS="2155" VPOS="2504" WIDTH="43" />
<String CONTENT="illustrations" HEIGHT="132" HPOS="429" VPOS="2504" WIDTH="1991" />
<SP HEIGHT="54" HPOS="580" VPOS="2582" WIDTH="37" />
<String CONTENT="by" HEIGHT="68" HPOS="618" VPOS="2582" WIDTH="77" />
<SP HEIGHT="67" HPOS="696" VPOS="2583" WIDTH="36" />
<String CONTENT="Kurt" HEIGHT="55" HPOS="733" VPOS="2583" WIDTH="158" />
<SP HEIGHT="55" HPOS="892" VPOS="2583" WIDTH="33" />
<String CONTENT="Wiese." HEIGHT="56" HPOS="926" VPOS="2581" WIDTH="204" />
<SP HEIGHT="50" HPOS="1131" VPOS="2584" WIDTH="76" />
<String CONTENT="Boston," HEIGHT="65" HPOS="1208" VPOS="2584" WIDTH="235" />
<SP HEIGHT="67" HPOS="1444" VPOS="2582" WIDTH="38" />
<String CONTENT="Little," HEIGHT="66" HPOS="1483" VPOS="2582" WIDTH="197" />
<SP HEIGHT="65" HPOS="1681" VPOS="2583" WIDTH="38" />
<String CONTENT="Brown," HEIGHT="66" HPOS="1720" VPOS="2583" WIDTH="231" />
<SP HEIGHT="48" HPOS="1952" VPOS="2601" WIDTH="42" />
<String CONTENT="and" HEIGHT="52" HPOS="1995" VPOS="2583" WIDTH="112" />
<SP HEIGHT="52" HPOS="2108" VPOS="2583" WIDTH="40" />
<String CONTENT="company," HEIGHT="49" HPOS="2149" VPOS="2601" WIDTH="297" />
</TextLine>
<TextLine HEIGHT="50" HPOS="434" STYLEREFS="StyleId-45E75AD3-E0C4-4431-AAA7-F0E57041CCC4-" VPOS="2667" WIDTH="151">
<String CONTENT="1936." HEIGHT="50" HPOS="434" VPOS="2667" WIDTH="151" />
</TextLine>
<TextLine CS="1" HEIGHT="51" HPOS="506" VPOS="2733" WIDTH="1456">
<String CONTENT="xii" HEIGHT="40" HPOS="506" VPOS="2736" WIDTH="70" />
<SP HEIGHT="47" HPOS="577" VPOS="2736" WIDTH="30" />
<String CONTENT="p.," HEIGHT="37" HPOS="608" VPOS="2746" WIDTH="59" />
<SP HEIGHT="46" HPOS="668" VPOS="2736" WIDTH="31" />
<String CONTENT="2" HEIGHT="39" HPOS="700" VPOS="2736" WIDTH="26" />
<SP />
<String CONTENT="l.," CS="1" />
<SP HEIGHT="47" HPOS="804" VPOS="2736" WIDTH="31" />
<String CONTENT="3-241" HEIGHT="41" HPOS="836" VPOS="2735" WIDTH="144" />
<SP HEIGHT="48" HPOS="981" VPOS="2736" WIDTH="35" />
<String CONTENT="p." HEIGHT="38" HPOS="1017" VPOS="2746" WIDTH="42" />
<SP HEIGHT="40" HPOS="1060" VPOS="2735" WIDTH="31" />
<String CONTENT="incl." HEIGHT="40" HPOS="1092" VPOS="2735" WIDTH="110" />
<SP HEIGHT="41" HPOS="1203" VPOS="2734" WIDTH="33" />
<String CONTENT="front.," HEIGHT="48" HPOS="1237" VPOS="2734" WIDTH="164" />
<SP HEIGHT="49" HPOS="1402" VPOS="2733" WIDTH="32" />
<String CONTENT="illus.," HEIGHT="49" HPOS="1435" VPOS="2733" WIDTH="145" />
<SP HEIGHT="38" HPOS="1581" VPOS="2745" WIDTH="29" />
<String CONTENT="plates." HEIGHT="49" HPOS="1611" VPOS="2734" WIDTH="172" />
<SP HEIGHT="39" HPOS="1784" VPOS="2734" WIDTH="59" />
<String CONTENT="21cm." HEIGHT="40" HPOS="1844" VPOS="2734" WIDTH="118" />
</TextLine>
<TextLine HEIGHT="50" HPOS="506" VPOS="2791" WIDTH="1288">
<String CONTENT="&#8220;Where" HEIGHT="41" HPOS="506" VPOS="2795" WIDTH="207" />
<SP HEIGHT="38" HPOS="714" VPOS="2797" WIDTH="23" />
<String CONTENT="these" HEIGHT="41" HPOS="738" VPOS="2794" WIDTH="137" />
<SP HEIGHT="30" HPOS="876" VPOS="2804" WIDTH="28" />
<String CONTENT="stories" HEIGHT="40" HPOS="905" VPOS="2794" WIDTH="176" />
<SP HEIGHT="28" HPOS="1082" VPOS="2805" WIDTH="27" />
<String CONTENT="were" HEIGHT="29" HPOS="1110" VPOS="2804" WIDTH="127" />
<SP HEIGHT="41" HPOS="1238" VPOS="2792" WIDTH="25" />
<String CONTENT="found&#8221;" HEIGHT="42" HPOS="1264" VPOS="2791" WIDTH="183" />
<SP HEIGHT="42" HPOS="1448" VPOS="2791" WIDTH="17" />
<String CONTENT=":" HEIGHT="30" HPOS="1466" VPOS="2803" WIDTH="10" />
<SP HEIGHT="38" HPOS="1477" VPOS="2803" WIDTH="27" />
<String CONTENT="p." HEIGHT="38" HPOS="1505" VPOS="2803" WIDTH="43" />
<SP HEIGHT="41" HPOS="1549" VPOS="2792" WIDTH="25" />
<String CONTENT="237-241." HEIGHT="42" HPOS="1575" VPOS="2791" WIDTH="219" />
</TextLine>
<TextLine CS="1" HEIGHT="112" HPOS="431" VPOS="2847" WIDTH="2003">
<String CONTENT="&#169;" HEIGHT="55" HPOS="431" VPOS="2849" WIDTH="53" />
<SP HEIGHT="55" HPOS="485" VPOS="2849" WIDTH="27" />
<String CONTENT="Oct." HEIGHT="40" HPOS="513" VPOS="2854" WIDTH="102" />
<SP HEIGHT="40" HPOS="616" VPOS="2853" WIDTH="27" />
<String CONTENT="13," HEIGHT="48" HPOS="644" VPOS="2853" WIDTH="69" />
<SP HEIGHT="48" HPOS="714" VPOS="2853" WIDTH="27" />
<String CONTENT="1936;" HEIGHT="46" HPOS="742" VPOS="2852" WIDTH="141" />
<SP HEIGHT="46" HPOS="884" VPOS="2852" WIDTH="30" />
<String CONTENT="2c." HEIGHT="40" HPOS="915" VPOS="2852" WIDTH="67" />
<SP HEIGHT="28" HPOS="983" VPOS="2864" WIDTH="27" />
<String CONTENT="and" HEIGHT="40" HPOS="1011" VPOS="2851" WIDTH="96" />
<SP HEIGHT="39" HPOS="1108" VPOS="2851" WIDTH="27" />
<String CONTENT="aff." HEIGHT="42" HPOS="1136" VPOS="2851" WIDTH="82" />
<SP HEIGHT="43" HPOS="1219" VPOS="2850" WIDTH="28" />
<String CONTENT="Oct." HEIGHT="41" HPOS="1248" VPOS="2850" WIDTH="102" />
<SP HEIGHT="39" HPOS="1351" VPOS="2851" WIDTH="28" />
<String CONTENT="14;" HEIGHT="46" HPOS="1380" VPOS="2851" WIDTH="81" />
<SP HEIGHT="46" HPOS="1462" VPOS="2851" WIDTH="29" />
<String CONTENT="A" HEIGHT="38" HPOS="1492" VPOS="2851" WIDTH="39" />
<SP HEIGHT="40" HPOS="1532" VPOS="2850" WIDTH="26" />
<String CONTENT="99344;" HEIGHT="47" HPOS="1559" VPOS="2849" WIDTH="172" />
<SP HEIGHT="47" HPOS="1732" VPOS="2849" WIDTH="31" />
<String CONTENT="C." HEIGHT="41" HPOS="1764" LANG="fr" VPOS="2849" WIDTH="47" />
<SP HEIGHT="41" HPOS="1812" VPOS="2849" WIDTH="30" />
<String CONTENT="C." HEIGHT="41" HPOS="1843" VPOS="2849" WIDTH="48" />
<SP HEIGHT="40" HPOS="1892" VPOS="2850" WIDTH="29" />
<String CONTENT="Coblentz," HEIGHT="46" HPOS="1922" VPOS="2849" WIDTH="245" />
<SP HEIGHT="46" HPOS="2168" VPOS="2849" WIDTH="28" />
<String CONTENT="Washington." HEIGHT="105" HPOS="506" VPOS="2847" WIDTH="1928" />
<SP HEIGHT="48" HPOS="603" VPOS="2911" WIDTH="60" />
<String CONTENT="(36-22343)" HEIGHT="49" HPOS="664" VPOS="2910" WIDTH="282" />
</TextLine>
<TextLine HEIGHT="68" HPOS="435" STYLEREFS="StyleId-45E75AD3-E0C4-4431-AAA7-F0E57041CCC4-" VPOS="3013" WIDTH="1146">
<String CONTENT="Colegrove," HEIGHT="66" HPOS="435" VPOS="3015" WIDTH="340" />
<SP HEIGHT="65" HPOS="776" VPOS="3016" WIDTH="25" />
<String CONTENT="Kenneth" HEIGHT="53" HPOS="802" VPOS="3016" WIDTH="280" />
<SP HEIGHT="55" HPOS="1083" VPOS="3014" WIDTH="24" />
<String CONTENT="Wallace," HEIGHT="65" HPOS="1108" VPOS="3013" WIDTH="273" />
<SP HEIGHT="58" HPOS="1382" VPOS="3020" WIDTH="27" />
<String CONTENT="1886-" HEIGHT="51" HPOS="1410" VPOS="3018" WIDTH="171" />
</TextLine>
<TextLine CS="1" HEIGHT="73" HPOS="507" STYLEREFS="StyleId-45E75AD3-E0C4-4431-AAA7-F0E57041CCC4-" VPOS="3087" WIDTH="1947">
<String CONTENT="Militarism" HEIGHT="53" HPOS="507" VPOS="3093" WIDTH="338" />
<SP HEIGHT="52" HPOS="846" VPOS="3093" WIDTH="28" />
<String CONTENT="in" HEIGHT="52" HPOS="875" VPOS="3093" WIDTH="58" />
<SP HEIGHT="54" HPOS="934" VPOS="3092" WIDTH="30" />
<String CONTENT="Japan," HEIGHT="68" HPOS="965" VPOS="3092" WIDTH="215" />
<SP HEIGHT="67" HPOS="1181" VPOS="3091" WIDTH="27" />
<String CONTENT="by" HEIGHT="69" HPOS="1209" VPOS="3091" WIDTH="75" />
<SP HEIGHT="70" HPOS="1285" VPOS="3090" WIDTH="28" />
<String CONTENT="Kenneth" HEIGHT="52" HPOS="1314" VPOS="3090" WIDTH="269" />
<SP HEIGHT="54" HPOS="1584" VPOS="3089" WIDTH="30" />
<String CONTENT="W." HEIGHT="54" HPOS="1615" VPOS="3089" WIDTH="90" />
<SP HEIGHT="55" HPOS="1706" VPOS="3088" WIDTH="32" />
<String CONTENT="Colegrove" HEIGHT="70" HPOS="1739" VPOS="3087" WIDTH="315" />
<SP />
<String CONTENT="&#8230;" CS="1" />
<SP HEIGHT="52" HPOS="2148" VPOS="3088" WIDTH="71" />
<String CONTENT="Boston," HEIGHT="63" HPOS="2220" VPOS="3088" WIDTH="234" />
</TextLine>
<TextLine HEIGHT="72" HPOS="437" STYLEREFS="StyleId-45E75AD3-E0C4-4431-AAA7-F0E57041CCC4-" VPOS="3167" WIDTH="1366">
<String CONTENT="New" HEIGHT="52" HPOS="437" VPOS="3174" WIDTH="134" />
<SP HEIGHT="51" HPOS="572" VPOS="3174" WIDTH="30" />
<String CONTENT="York," HEIGHT="67" HPOS="603" VPOS="3172" WIDTH="182" />
<SP HEIGHT="66" HPOS="786" VPOS="3173" WIDTH="27" />
<String CONTENT="World" HEIGHT="53" HPOS="814" VPOS="3172" WIDTH="205" />
<SP HEIGHT="67" HPOS="1020" VPOS="3172" WIDTH="31" />
<String CONTENT="peace" HEIGHT="50" HPOS="1052" VPOS="3189" WIDTH="167" />
<SP HEIGHT="54" HPOS="1220" VPOS="3170" WIDTH="32" />
<String CONTENT="foundation," HEIGHT="68" HPOS="1253" VPOS="3167" WIDTH="365" />
<SP HEIGHT="63" HPOS="1619" VPOS="3172" WIDTH="32" />
<String CONTENT="1936." HEIGHT="51" HPOS="1652" VPOS="3171" WIDTH="151" />
</TextLine>
<TextLine CS="1" HEIGHT="56" HPOS="505" VPOS="3241" WIDTH="1603">
<String CONTENT="3" HEIGHT="39" HPOS="505" VPOS="3250" WIDTH="27" />
<SP />
<String CONTENT="p" CS="1" />
<String CONTENT="." HEIGHT="7" HPOS="595" LANG="el" VPOS="3282" WIDTH="8" />
<SP />
<String CONTENT="l.," CS="1" LANG="el" />
<SP HEIGHT="29" HPOS="677" VPOS="3268" WIDTH="30" />
<String CONTENT="[5]-77," HEIGHT="49" HPOS="708" VPOS="3248" WIDTH="162" />
<SP HEIGHT="30" HPOS="871" VPOS="3266" WIDTH="29" />
<String CONTENT="[1]" HEIGHT="48" HPOS="901" VPOS="3248" WIDTH="56" />
<SP HEIGHT="40" HPOS="958" VPOS="3256" WIDTH="29" />
<String CONTENT="p." HEIGHT="38" HPOS="988" VPOS="3256" WIDTH="41" />
<SP HEIGHT="39" HPOS="1030" VPOS="3247" WIDTH="56" />
<String CONTENT="20&#189;cm." CS="1" HEIGHT="41" HPOS="1087" VPOS="3245" WIDTH="148" />
<SP HEIGHT="48" HPOS="1236" VPOS="3245" WIDTH="67" />
<String CONTENT="(World" HEIGHT="49" HPOS="1304" VPOS="3244" WIDTH="190" />
<SP HEIGHT="39" HPOS="1495" VPOS="3244" WIDTH="29" />
<String CONTENT="affairs" HEIGHT="40" HPOS="1525" VPOS="3243" WIDTH="175" />
<SP HEIGHT="40" HPOS="1701" VPOS="3243" WIDTH="25" />
<String CONTENT="books," HEIGHT="48" HPOS="1727" VPOS="3242" WIDTH="164" />
<SP HEIGHT="37" HPOS="1892" VPOS="3253" WIDTH="29" />
<String CONTENT="no." HEIGHT="30" HPOS="1922" VPOS="3252" WIDTH="75" />
<SP HEIGHT="40" HPOS="1998" VPOS="3242" WIDTH="29" />
<String CONTENT="16)" HEIGHT="43" HPOS="2028" VPOS="3241" WIDTH="80" />
</TextLine>
<TextLine CS="1" HEIGHT="56" HPOS="509" VPOS="3297" WIDTH="1942">
<String CONTENT="Bibliographical" HEIGHT="49" HPOS="509" VPOS="3304" WIDTH="414" />
<SP HEIGHT="38" HPOS="924" VPOS="3305" WIDTH="33" />
<String CONTENT="references" HEIGHT="39" HPOS="958" VPOS="3304" WIDTH="274" />
<SP HEIGHT="40" HPOS="1233" VPOS="3302" WIDTH="29" />
<String CONTENT="in" HEIGHT="40" HPOS="1263" VPOS="3302" WIDTH="49" />
<SP HEIGHT="38" HPOS="1313" VPOS="3304" WIDTH="31" />
<String CONTENT="&#8220;Notes&#8221;" HEIGHT="40" HPOS="1345" VPOS="3301" WIDTH="206" />
<SP HEIGHT="49" HPOS="1552" VPOS="3301" WIDTH="41" />
<String CONTENT="(p." HEIGHT="48" HPOS="1594" VPOS="3302" WIDTH="66" />
<SP HEIGHT="31" HPOS="1661" VPOS="3320" WIDTH="29" />
<String CONTENT="[71]-77)" CS="1" HEIGHT="49" HPOS="1706" VPOS="3301" WIDTH="187" />
<SP HEIGHT="47" HPOS="1894" VPOS="3302" WIDTH="38" />
<String CONTENT="and" HEIGHT="38" HPOS="1933" VPOS="3300" WIDTH="95" />
<SP HEIGHT="39" HPOS="2029" VPOS="3299" WIDTH="30" />
<String CONTENT="in" HEIGHT="38" HPOS="2060" VPOS="3299" WIDTH="47" />
<SP HEIGHT="39" HPOS="2108" VPOS="3298" WIDTH="31" />
<String CONTENT="&#8220;Appendix&#8221;" HEIGHT="48" HPOS="2140" VPOS="3297" WIDTH="311" />
</TextLine>
<TextLine CS="1" HEIGHT="51" HPOS="443" VPOS="3363" WIDTH="217">
<String CONTENT="(p." CS="1" HEIGHT="42" HPOS="443" VPOS="3365" WIDTH="68" />
<SP HEIGHT="30" HPOS="512" VPOS="3384" WIDTH="35" />
<String CONTENT="[78])" HEIGHT="51" HPOS="548" VPOS="3363" WIDTH="112" />
</TextLine>
<TextLine CS="1" HEIGHT="113" HPOS="437" VPOS="3411" WIDTH="1995">
<String CONTENT="&#169;" HEIGHT="53" HPOS="437" VPOS="3418" WIDTH="52" />
<SP HEIGHT="53" HPOS="490" VPOS="3418" WIDTH="26" />
<String CONTENT="Sept." HEIGHT="47" HPOS="517" VPOS="3422" WIDTH="127" />
<SP HEIGHT="39" HPOS="645" VPOS="3422" WIDTH="28" />
<String CONTENT="10," HEIGHT="46" HPOS="674" VPOS="3421" WIDTH="68" />
<SP HEIGHT="45" HPOS="743" VPOS="3422" WIDTH="24" />
<String CONTENT="1936;" HEIGHT="47" HPOS="768" VPOS="3419" WIDTH="141" />
<SP HEIGHT="47" HPOS="910" VPOS="3419" WIDTH="24" />
<String CONTENT="2c." HEIGHT="40" HPOS="935" VPOS="3419" WIDTH="68" />
<SP HEIGHT="40" HPOS="1004" VPOS="3419" WIDTH="27" />
<String CONTENT="Sept." HEIGHT="47" HPOS="1032" VPOS="3419" WIDTH="129" />
<SP HEIGHT="41" HPOS="1162" VPOS="3417" WIDTH="24" />
<String CONTENT="28;" HEIGHT="47" HPOS="1187" VPOS="3417" WIDTH="83" />
<SP HEIGHT="36" HPOS="1271" VPOS="3428" WIDTH="28" />
<String CONTENT="aff." HEIGHT="41" HPOS="1300" VPOS="3416" WIDTH="81" />
<SP HEIGHT="39" HPOS="1382" VPOS="3417" WIDTH="29" />
<String CONTENT="Sept." HEIGHT="45" HPOS="1412" VPOS="3417" WIDTH="128" />
<SP HEIGHT="39" HPOS="1541" VPOS="3415" WIDTH="27" />
<String CONTENT="29;" HEIGHT="47" HPOS="1569" VPOS="3414" WIDTH="82" />
<SP HEIGHT="46" HPOS="1652" VPOS="3415" WIDTH="28" />
<String CONTENT="A" HEIGHT="39" HPOS="1681" VPOS="3415" WIDTH="40" />
<SP HEIGHT="40" HPOS="1722" VPOS="3414" WIDTH="24" />
<String CONTENT="99151;" HEIGHT="46" HPOS="1747" VPOS="3413" WIDTH="172" />
<SP HEIGHT="45" HPOS="1920" VPOS="3414" WIDTH="27" />
<String CONTENT="World" HEIGHT="40" HPOS="1948" VPOS="3412" WIDTH="169" />
<SP HEIGHT="48" HPOS="2118" VPOS="3412" WIDTH="25" />
<String CONTENT="peace" HEIGHT="39" HPOS="2144" VPOS="3421" WIDTH="146" />
<SP HEIGHT="40" HPOS="2291" VPOS="3411" WIDTH="25" />
<String CONTENT="foundation." HEIGHT="107" HPOS="508" VPOS="3411" WIDTH="1924" />
<SP HEIGHT="47" HPOS="692" VPOS="3477" WIDTH="58" />
<String CONTENT="(36-22346)" HEIGHT="48" HPOS="751" VPOS="3476" WIDTH="283" />
</TextLine>
<TextLine HEIGHT="65" HPOS="438" STYLEREFS="StyleId-48020E24-0E1E-49DD-85CC-A09E655B239E-" VPOS="3583" WIDTH="890">
<String CONTENT="Comins," HEIGHT="65" HPOS="438" VPOS="3583" WIDTH="259" />
<SP HEIGHT="64" HPOS="698" VPOS="3584" WIDTH="24" />
<String CONTENT="Harry" HEIGHT="63" HPOS="723" VPOS="3584" WIDTH="202" />
<SP HEIGHT="64" HPOS="926" VPOS="3583" WIDTH="23" />
<String CONTENT="Leon," HEIGHT="62" HPOS="950" VPOS="3583" WIDTH="178" />
<SP HEIGHT="57" HPOS="1129" VPOS="3588" WIDTH="30" />
<String CONTENT="1901-" HEIGHT="50" HPOS="1160" VPOS="3587" WIDTH="168" />
</TextLine>
<TextLine CS="1" HEIGHT="157" HPOS="442" STYLEREFS="StyleId-45E75AD3-E0C4-4431-AAA7-F0E57041CCC4-" VPOS="3649" WIDTH="2012">
<String CONTENT="The" HEIGHT="52" HPOS="512" VPOS="3661" WIDTH="120" />
<SP HEIGHT="54" HPOS="633" VPOS="3660" WIDTH="34" />
<String CONTENT="Jewish" HEIGHT="55" HPOS="668" VPOS="3659" WIDTH="217" />
<SP HEIGHT="68" HPOS="886" VPOS="3659" WIDTH="38" />
<String CONTENT="prophets," HEIGHT="70" HPOS="925" VPOS="3657" WIDTH="287" />
<SP HEIGHT="68" HPOS="1213" VPOS="3657" WIDTH="31" />
<String CONTENT="by" HEIGHT="68" HPOS="1245" VPOS="3657" WIDTH="75" />
<SP HEIGHT="69" HPOS="1321" VPOS="3656" WIDTH="32" />
<String CONTENT="Harry" HEIGHT="67" HPOS="1354" VPOS="3656" WIDTH="201" />
<SP HEIGHT="68" HPOS="1556" VPOS="3655" WIDTH="30" />
<String CONTENT="L." HEIGHT="51" HPOS="1587" VPOS="3655" WIDTH="64" />
<SP HEIGHT="55" HPOS="1652" VPOS="3653" WIDTH="36" />
<String CONTENT="Comins," HEIGHT="67" HPOS="1689" VPOS="3653" WIDTH="251" />
<SP HEIGHT="50" HPOS="1941" VPOS="3670" WIDTH="30" />
<String CONTENT="PH." CS="1" HEIGHT="9" HPOS="2061" VPOS="3694" WIDTH="9" />
<SP HEIGHT="33" HPOS="2071" VPOS="3670" WIDTH="34" />
<String CONTENT="D." CS="1" HEIGHT="8" HPOS="2144" VPOS="3695" WIDTH="9" />
<SP HEIGHT="54" HPOS="2154" VPOS="3651" WIDTH="72" />
<String CONTENT="Cincinnati," HEIGHT="148" HPOS="442" VPOS="3649" WIDTH="1987" />
<SP HEIGHT="58" HPOS="582" VPOS="3739" WIDTH="35" />
<String CONTENT="Dept." CS="1" HEIGHT="67" HPOS="618" VPOS="3739" WIDTH="161" />
<SP HEIGHT="35" HPOS="793" VPOS="3756" WIDTH="34" />
<String CONTENT="of" HEIGHT="53" HPOS="828" VPOS="3737" WIDTH="64" />
<SP HEIGHT="53" HPOS="893" VPOS="3737" WIDTH="34" />
<String CONTENT="synagogue" HEIGHT="52" HPOS="928" VPOS="3754" WIDTH="328" />
<SP HEIGHT="51" HPOS="1257" VPOS="3737" WIDTH="35" />
<String CONTENT="&amp;" HEIGHT="50" HPOS="1293" VPOS="3737" WIDTH="47" />
<SP HEIGHT="51" HPOS="1341" VPOS="3737" WIDTH="30" />
<String CONTENT="school" HEIGHT="55" HPOS="1372" VPOS="3733" WIDTH="191" />
<SP HEIGHT="53" HPOS="1564" VPOS="3733" WIDTH="35" />
<String CONTENT="extension" HEIGHT="55" HPOS="1600" VPOS="3731" WIDTH="292" />
<SP HEIGHT="36" HPOS="1893" VPOS="3748" WIDTH="33" />
<String CONTENT="of" HEIGHT="53" HPOS="1927" VPOS="3730" WIDTH="64" />
<SP HEIGHT="53" HPOS="1992" VPOS="3730" WIDTH="34" />
<String CONTENT="the" HEIGHT="53" HPOS="2027" VPOS="3730" WIDTH="95" />
<SP HEIGHT="54" HPOS="2123" VPOS="3730" WIDTH="35" />
<String CONTENT="Union" HEIGHT="54" HPOS="2159" VPOS="3730" WIDTH="196" />
<SP HEIGHT="35" HPOS="2356" VPOS="3746" WIDTH="33" />
<String CONTENT="of" HEIGHT="53" HPOS="2390" VPOS="3727" WIDTH="64" />
</TextLine>
<TextLine HEIGHT="73" HPOS="440" STYLEREFS="StyleId-45E75AD3-E0C4-4431-AAA7-F0E57041CCC4-" VPOS="3811" WIDTH="1259">
<String CONTENT="American" HEIGHT="53" HPOS="440" VPOS="3816" WIDTH="308" />
<SP HEIGHT="53" HPOS="749" VPOS="3816" WIDTH="30" />
<String CONTENT="Hebrew" HEIGHT="54" HPOS="780" VPOS="3815" WIDTH="248" />
<SP HEIGHT="35" HPOS="1029" VPOS="3833" WIDTH="29" />
<String CONTENT="congregations," HEIGHT="73" HPOS="1059" VPOS="3811" WIDTH="454" />
<SP HEIGHT="63" HPOS="1514" VPOS="3815" WIDTH="33" />
<String CONTENT="1936." HEIGHT="51" HPOS="1548" VPOS="3814" WIDTH="151" />
</TextLine>
<TextLine CS="1" HEIGHT="60" HPOS="517" VPOS="3878" WIDTH="1940">
<String CONTENT="xii," HEIGHT="48" HPOS="517" VPOS="3890" WIDTH="83" />
<SP HEIGHT="47" HPOS="601" VPOS="3891" WIDTH="32" />
<String CONTENT="287" HEIGHT="41" HPOS="634" VPOS="3890" WIDTH="87" />
<SP HEIGHT="47" HPOS="722" VPOS="3891" WIDTH="32" />
<String CONTENT="p." HEIGHT="37" HPOS="755" VPOS="3901" WIDTH="43" />
<SP HEIGHT="40" HPOS="799" VPOS="3890" WIDTH="57" />
<String CONTENT="21cm." CS="1" HEIGHT="38" HPOS="857" VPOS="3890" WIDTH="53" />
<SP HEIGHT="31" HPOS="974" VPOS="3907" WIDTH="65" />
<String CONTENT="[Commission" HEIGHT="52" HPOS="1040" VPOS="3886" WIDTH="337" />
<SP HEIGHT="29" HPOS="1378" VPOS="3898" WIDTH="31" />
<String CONTENT="on" HEIGHT="29" HPOS="1410" VPOS="3898" WIDTH="60" />
<SP HEIGHT="41" HPOS="1471" VPOS="3885" WIDTH="30" />
<String CONTENT="Jewish" HEIGHT="42" HPOS="1502" VPOS="3884" WIDTH="185" />
<SP HEIGHT="40" HPOS="1688" VPOS="3885" WIDTH="31" />
<String CONTENT="education" HEIGHT="43" HPOS="1720" VPOS="3882" WIDTH="261" />
<SP HEIGHT="31" HPOS="1982" VPOS="3891" WIDTH="29" />
<String CONTENT="of" HEIGHT="40" HPOS="2012" VPOS="3880" WIDTH="53" />
<SP HEIGHT="41" HPOS="2066" VPOS="3880" WIDTH="29" />
<String CONTENT="the" HEIGHT="40" HPOS="2096" VPOS="3881" WIDTH="82" />
<SP HEIGHT="40" HPOS="2179" VPOS="3880" WIDTH="31" />
<String CONTENT="Union" HEIGHT="42" HPOS="2211" VPOS="3878" WIDTH="158" />
<SP HEIGHT="30" HPOS="2370" VPOS="3891" WIDTH="34" />
<String CONTENT="of" HEIGHT="42" HPOS="2405" VPOS="3879" WIDTH="52" />
</TextLine>
<TextLine HEIGHT="57" HPOS="445" VPOS="3937" WIDTH="2009">
<String CONTENT="American" HEIGHT="40" HPOS="445" VPOS="3947" WIDTH="258" />
<SP HEIGHT="39" HPOS="704" VPOS="3947" WIDTH="24" />
<String CONTENT="Hebrew" HEIGHT="40" HPOS="729" VPOS="3946" WIDTH="209" />
<SP HEIGHT="29" HPOS="939" VPOS="3956" WIDTH="26" />
<String CONTENT="congregations" HEIGHT="50" HPOS="966" VPOS="3944" WIDTH="371" />
<SP HEIGHT="30" HPOS="1338" VPOS="3954" WIDTH="21" />
<String CONTENT="and" HEIGHT="40" HPOS="1360" VPOS="3944" WIDTH="94" />
<SP HEIGHT="39" HPOS="1455" VPOS="3944" WIDTH="26" />
<String CONTENT="the" HEIGHT="40" HPOS="1482" VPOS="3943" WIDTH="82" />
<SP HEIGHT="41" HPOS="1565" VPOS="3941" WIDTH="22" />
<String CONTENT="Central" HEIGHT="41" HPOS="1588" VPOS="3941" WIDTH="200" />
<SP HEIGHT="40" HPOS="1789" VPOS="3941" WIDTH="21" />
<String CONTENT="conference" HEIGHT="42" HPOS="1811" VPOS="3939" WIDTH="286" />
<SP HEIGHT="30" HPOS="2098" VPOS="3948" WIDTH="24" />
<String CONTENT="of" HEIGHT="41" HPOS="2123" VPOS="3937" WIDTH="51" />
<SP HEIGHT="39" HPOS="2175" VPOS="3937" WIDTH="23" />
<String CONTENT="American" HEIGHT="39" HPOS="2199" VPOS="3937" WIDTH="255" />
</TextLine>
<TextLine HEIGHT="51" HPOS="443" VPOS="3999" WIDTH="1328">
<String CONTENT="rabbis." HEIGHT="42" HPOS="443" VPOS="4003" WIDTH="178" />
<SP HEIGHT="41" HPOS="622" VPOS="4004" WIDTH="61" />
<String CONTENT="Union" HEIGHT="41" HPOS="684" VPOS="4003" WIDTH="159" />
<SP HEIGHT="32" HPOS="844" VPOS="4013" WIDTH="29" />
<String CONTENT="adult" HEIGHT="43" HPOS="874" VPOS="4003" WIDTH="140" />
<SP HEIGHT="42" HPOS="1015" VPOS="4003" WIDTH="26" />
<String CONTENT="series," HEIGHT="48" HPOS="1042" VPOS="4002" WIDTH="166" />
<SP HEIGHT="38" HPOS="1209" VPOS="4012" WIDTH="28" />
<String CONTENT="ed." HEIGHT="40" HPOS="1238" VPOS="4002" WIDTH="72" />
<SP HEIGHT="40" HPOS="1311" VPOS="4001" WIDTH="27" />
<String CONTENT="by" HEIGHT="47" HPOS="1339" VPOS="4001" WIDTH="61" />
<SP HEIGHT="47" HPOS="1401" VPOS="4001" WIDTH="28" />
<String CONTENT="E." HEIGHT="38" HPOS="1430" VPOS="4001" WIDTH="52" />
<SP HEIGHT="40" HPOS="1483" VPOS="3999" WIDTH="29" />
<String CONTENT="Gamoran]" HEIGHT="46" HPOS="1513" VPOS="3999" WIDTH="258" />
</TextLine>
</TextBlock>
</PrintSpace>
</Page>
</Layout>
</alto>