2519 4377
1178 4125 137 51 1456

246 421 130 65 Wu,
405 421 197 66 Yung.

320 500 122 53 The
482 499 171 68 flight
693 501 63 52 of
796 518 71 35 an
908 518 267 50 empress,
1214 501 124 53 told
1378 502 75 67 by
1489 504 115 53 Wu
1644 503 196 68 Yung,
1880 504 188 53 whose
2108 505 162 53 other

245 596 166 35 name
445 577 49 53 is
530 578 357 65 Yü-ch'uan;
924 579 358 54 transcribed
1317 580 76 67 by
1427 580 111 53 Lin
1575 580 185 68 K’un;
1797 583 320 53 translated
2155 584 114 53 and

247 655 191 54 edited
475 656 76 66 by
587 656 111 53 Ida
738 655 226 69 Pruitt;
1003 657 395 55 introduction
1435 659 77 68 by
1548 660 269 52 Kenneth
1859 659 161 56 Scott
247 661 1998 126 Latourette.

483 734 140 53 New
647 735 227 66 Haven,
901 735 147 54 Yale
1071 736 321 67 university
1417 754 175 50 press,
1620 741 151 51 1936.

319 805 140 50 xxiii,
491 806 89 40 222
608 817 43 38 p.
713 808 173 48 plates,
917 809 138 48 port.,
1084 818 126 38 map.
1271 809 118 42 21cm.

318 865 129 41 Title
477 876 61 30 on
569 867 97 38 two
694 865 179 48 leaves,
904 866 121 40 with
1054 867 226 47 portrait.

319 921 337 52 Head-pieces.

246 978 53 54 ©
331 983 129 48 Sept.
489 981 71 50 22,
591 982 117 41 1936;
768 982 67 39 2c.
868 983 95 39 and
994 983 82 39 aff.
1111 983 102 42 Oct.
1246 984 25 39 5;
1329 984 40 39 A
1399 983 144 42 99179;
1604 985 121 39 Yale
1757 984 130 41 univ.
1918 994 153 39 press.

327 1040 285 48 (36-22218)

243 1130 352 66 Youngken,
622 1130 201 53 Heber
851 1130 351 67 Wilkinson,
1235 1137 171 50 1885-

315 1206 1889 73 A text book of pharmacognosy, by Heber W. Youngken …
245 1286 101 53 4th
383 1286 84 54 ed.
505 1305 115 34 rev.
659 1286 115 54 and
811 1287 127 68 enl.,
979 1285 141 55 with
1156 1290 101 50 469
1296 1286 386 55 illustrations
1717 1286 338 71 containing
2094 1285 174 55 about

241 1366 137 51 1500
427 1364 228 70 figures.
744 1364 433 70 Philadelphia,
1228 1366 66 52 P.
1350 1363 353 56 Blakiston’s
1752 1383 100 36 son
1907 1367 46 51 &
2007 1384 99 50 co.,
2159 1365 108 54 inc.

0 0 0 0 [c1936]
315 1516 96 48 xiv,
438 1516 86 42 924
551 1528 42 38 p.
655 1517 131 42 illus.
847 1517 117 41 24cm.

317 1572 379 52 Bibliography:
725 1585 43 39 p.
798 1574 100 43 873.

244 1629 54 54 ©
328 1634 129 48 Sept.
485 1634 71 49 30,
586 1634 143 48 1936;
760 1635 68 41 2c.
858 1634 96 41 and
984 1634 82 41 aff.
1099 1635 101 40 Oct.
1232 1635 52 47 1;
1314 1636 40 39 A
1383 1635 173 48 99098;
1588 1636 52 39 P.
1671 1635 304 40 Blakiston’s
2005 1645 86 31 son
2120 1637 39 39 &
2184 1644 83 39 co.,

314 1691 92 41 inc.
481 1692 284 48 (36-21444)

243 1782 411 68 Zakrzewska,
682 1784 247 54 Helena.

378 1861 1678 70 … Le manoir enchanté; roman, adapté du polonais par
245 1850 1998 144 Élisabeth
422 1939 192 68 Julia;
662 1940 386 55 illustrations
1092 1941 69 54 de
1204 1942 221 67 Zophia
1468 1940 407 69 Piramowicz;
1922 1940 235 69 préface
2200 1941 70 53 de

244 2018 2018 70 Fortunat Strowski … Paris, Desclée, de Brouwer et cie [1936]
317 2091 1949 51 2 p. l., [7]-286 p., 1 l. incl. plates. 19 ×1 5cm. (On cover: Pour les
245 2150 158 42 moins
433 2151 59 40 de
520 2150 57 40 15
605 2161 104 30 ans.
774 2150 153 51 [Série
955 2152 73 48 A])

243 2205 2023 55 © July 3, 1936; 1c. Aug. 27; A- Foreign 32855; Desclée, de Brouwer
314 2269 48 38 et
392 2267 85 42 cie.
547 2267 284 49 (36-22213)

242 2357 307 65 Zedtwitz,
577 2359 193 53 Franz
798 2359 219 65 Xaver,
1046 2360 154 66 graf,
1231 2362 172 51 1906-

380 2434 1888 71 … Schwingen über feld und flur; bilder aus der heimischen
248 2515 318 69 vogelwelt,
604 2513 110 54 mit
749 2514 185 53 vielen
974 2512 419 71 ganzseittigen
1430 2512 542 56 tiefdruckbildern.
2050 2512 218 69 Berlin,

248 2593 429 69 Safari-verlag
710 2596 195 65 [c1934]

317 2668 100 40 284.
451 2669 54 49 [3]
536 2679 43 37 p.
607 2667 78 41 incl.
746 2669 174 47 plates.
974 2668 118 40 24cm.

318 2725 65 41 At
406 2725 127 40 head
560 2725 52 41 of
635 2724 111 41 title:
802 2724 161 41 Franz
987 2725 114 48 graf
1127 2723 250 42 Zedtwitz.

242 2777 2021 54 © Dec. 31, 1934; 1c. Aug. 18, 1936: A-Foreign 32687; Safari verlag,
315 2849 40 38 g.
385 2849 60 31 m.
473 2839 42 40 b.
543 2840 47 40 h.
658 2838 283 48 (36-21141)

378 2928 1888 70 … Wunderbare kleine Tvelt; ein buch von heimischem getier,
246 3009 105 59 mit
388 3008 183 54 vielen
612 3007 391 71 ganzseitigen
1041 3008 522 55 tiefdruckbildern
1598 3009 119 52 und
1755 3009 182 53 einem
1972 3008 295 53 nachwort

247 3107 111 33 von
383 3089 85 53 dr.
494 3087 141 55 Otto
662 3086 193 56 Gross.
917 3087 218 58 Berlin,
1164 3087 428 69 Safari-verlag
1640 3091 177 64 [c1934]

317 3162 99 48 313,
448 3182 54 30 [1]
533 3173 57 37 p.,
619 3162 25 39 1
693 3195 7 8 l.
731 3162 77 39 incl.
870 3162 173 48 plates.
1101 3162 118 41 24cm.

317 3219 66 40 At
409 3220 125 39 head
562 3219 53 40 of
640 3219 137 40 title:
811 3219 161 40 Franz
1000 3219 113 49 graf
1140 3219 250 40 Zedtwitz.

242 3271 2019 53 © Dec. 15. 1934: 1c. Aug. 18, 1936; A-Foreign 32686; Safari verlag,
313 3343 41 35 g.
385 3342 59 31 m.
473 3332 42 41 b.
545 3333 45 41 h.
661 3332 282 50 (36-21792)

243 3423 312 65 Zhītkova,
582 3424 71 53 A.
681 3425 58 53 S.

317 3498 166 57 Some
511 3500 263 55 methods
803 3499 95 55 for
923 3500 99 55 the
1050 3500 283 55 detection
1362 3501 114 54 and
1505 3500 326 56 estimation
1861 3498 64 56 of
1953 3500 308 70 poisonous

241 3596 161 51 gases
430 3580 114 53 and
575 3597 210 51 vapors
814 3580 58 52 in
901 3580 96 53 the
1027 3579 87 53 air;
1174 3599 30 34 a
1235 3579 279 69 practical
1543 3581 233 52 manual
1810 3578 95 55 for
1935 3580 96 53 the
244 3578 1990 132 industrial

406 3655 1640 72 hygienist, by A. S. Zhitkova … edited and with an
247 3657 2015 148 introduction by Professor S. I. Kaplun … translated under the
243 3812 1643 71 direction of Joseph B. Ficklen … [Hartford] 1936.
314 3886 104 45 xiii,
450 3887 86 42 198
567 3897 43 39 p.
672 3887 129 41 illus.
863 3887 55 42 23½cm.

316 3941 379 52 Bibliography:
725 3954 44 39 p.
797 3945 219 42 187-192.

242 3998 53 53 ©
318 4003 120 43 Aug.
464 4003 68 47 24,
558 4003 142 43 1936:
727 4004 68 40 2c.
822 4004 94 40 and
942 4004 81 41 aff.
1053 4005 128 47 Sept.
1208 4005 55 40 16:
1318 4005 40 39 A
1381 4003 145 43 97837;
1582 4004 180 48 Joseph
1788 4005 53 39 B.
1871 4003 213 48 Ficklen,
311 4002 1930 98 Hartford.
508 4061 284 49 (36-21430)
