2519 4377
1367 4113 98 49 146

415 434 265 66 [Mercer,
711 434 154 54 Cecil
891 435 276 68 William]
1203 442 172 49 1885-

487 554 56 9 ...
574 512 138 52 And
741 514 185 66 Berry
954 532 154 34 came
1136 520 94 47 too
1263 558 56 9 ...
1400 516 139 52 New
1570 516 180 59 York,
1779 516 68 55 G.
1878 518 65 51 P.
1975 516 297 54 Putnam’s
2300 536 129 35 sons

415 624 12 33 [
433 596 18 21 c
456 592 154 65 1936]

479 663 553 50 5 p. l., 243 p. 19½ cm .
483 721 68 39 “A
583 720 191 41 Minton
806 722 155 40 Balch
993 721 166 41 book.”

476 778 232 40 Author’s
741 780 180 47 pseud.,
954 779 251 40 Dornford
1237 779 163 46 Yates,
1433 782 53 38 at
1515 780 128 41 head
1674 781 52 40 of
1757 779 121 42 title.

407 830 53 54 ©
488 836 112 40 Feb.
628 834 69 51 19,
726 835 117 41 1936;
897 836 67 40 2c.
995 837 109 39 Feb.
1133 836 83 47 24;
1248 836 82 41 aff.
1361 838 121 39 Mar.
1512 837 83 48 25;
1625 838 41 39 A
1694 836 173 49 92564;
1897 837 49 42 C.
1977 838 71 41 W.
2080 839 201 47 Mercer,
2311 839 118 48 Pan,

477 893 202 41 France.

414 982 229 68 [Miller,
675 984 230 65 George
932 985 279 67 Herbert]

486 1061 244 68 [Textile
758 1062 202 68 digest.
1038 1063 273 67 Toronto,
1336 1065 149 53 Wm.
1515 1065 76 52 H.
1620 1064 215 67 Apted,
1866 1067 154 64 1935]

509 1135 429 41 x numb. 1. 28 cm .
407 1188 2022 55 © 1c. Jan. 15, 1936; A ad int. 21298; pubd. Dec. 3, 1935; G. H. Miller,
475 1251 230 41 Toronto.

408 1340 345 67 Montague,
785 1340 222 65 Joseph
1040 1339 305 66 Franklin,
1380 1345 172 51 1893-

477 1417 157 69 Why
667 1416 173 70 bring
872 1417 128 54 that
1035 1415 113 71 up?
1224 1417 55 52 A
1313 1417 175 68 guide
1522 1423 59 49 to
1618 1418 113 52 and
1769 1417 155 53 from
1957 1416 362 68 seasickness,
2357 1418 70 68 by

409 1497 102 53 Dr.
543 1497 56 54 J.
631 1497 68 54 F.
731 1496 318 69 Montague
1082 1539 56 10 ...
1210 1495 142 55 New
1383 1496 181 69 York,
1594 1497 123 53 The
1748 1497 188 53 Home
1964 1496 196 53 health
2191 1496 239 70 library,

407 1577 108 54 inc.
555 1609 13 36 [
572 1582 19 22 c
595 1578 156 66 1936]

479 1650 1391 51 5 p. l., 130 p., 1 1. front., illus. (2 mounted) 22 cm .
480 1708 141 50 Maps
652 1720 61 30 on
741 1708 368 50 lining-papers.

406 1764 53 53 ©
489 1768 111 40 Feb.
630 1768 40 48 6,
701 1767 142 47 1936;
874 1767 68 40 2c.
973 1768 98 39 and
1100 1767 82 41 aff.
1214 1768 111 39 Feb.
1357 1768 52 46 8;
1441 1768 40 39 A
1511 1766 172 49 90681;
1717 1768 155 39 Home
1902 1768 171 39 health
2104 1766 202 49 library,
2337 1766 91 42 inc.

487 1825 255 49 (36-5278)

408 1916 236 63 Mudge,
680 1915 241 54 Isadore
956 1914 248 61 Gilbert,
1241 1921 170 50 1875-

478 1990 190 55 Guide
694 1997 58 47 to
781 1990 289 55 reference
1098 1990 194 69 books,
1323 1992 72 69 by
1425 1991 236 53 Isadore
1691 1990 226 55 Gilbert
1949 1991 216 68 Mudge
2199 2033 57 10 ...
2327 1991 94 51 6th

407 2070 84 54 ed.
555 2069 274 69 Chicago,
853 2069 312 54 American
1190 2070 221 69 library
1438 2069 359 69 association,
1828 2072 153 50 1936.

509 2143 596 49 x p., 1 l., 504 p. 24½ cm .
478 2200 317 49 “Suggestive
824 2202 83 40 list
933 2202 51 40 of
1009 2201 85 41 100
1120 2202 246 41 reference
1391 2200 178 42 books”;
1626 2211 42 39 p.
1694 2200 220 42 426-430.

407 2258 53 53 ©
499 2262 111 41 Feb.
650 2262 69 49 12,
759 2261 141 48 1936;
941 2262 66 40 2c.
1047 2263 97 40 and
1184 2262 82 41 aff.
1306 2263 110 39 Feb.
1456 2263 82 46 15;
1580 2263 40 38 A
1659 2262 172 48 91783;
1872 2263 162 41 Amer,
2074 2264 185 54 library
2298 2273 130 31 assn.

486 2320 284 49 (36-27133)

407 2411 221 63 Myers,
658 2408 257 57 William
945 2411 191 63 Starr,
1169 2411 172 54 1877-

479 2489 121 52 The
649 2490 236 52 Hoover
935 2489 497 65 administration;
1486 2507 31 33 a
1567 2488 375 53 documented
1993 2488 310 66 narrative,
2351 2488 76 67 by

407 2566 263 56 William
720 2567 167 55 Starr
931 2568 194 65 Myers
1176 2610 56 8 ...
1284 2567 113 52 and
1440 2568 223 54 Walter
1708 2568 77 51 H.
1833 2568 245 53 Newton
2127 2609 56 10 ...
2286 2567 139 53 New

410 2646 180 63 York,
641 2647 61 54 C.
757 2645 313 56 Scribner’s
1116 2664 157 47 sons;
1325 2645 260 66 London,
1632 2645 62 55 C.
1746 2644 315 55 Scribner’s
2109 2664 147 49 sons,
2303 2645 123 67 ltd.,

410 2727 149 51 1936.

479 2795 1144 50 viii p., 2 l., 3-553 p. front. (port.) 24 cm .
405 2850 52 54 ©
486 2855 111 40 Jan.
626 2854 71 49 24,
726 2853 141 49 1936;
899 2854 68 40 2c.
998 2855 122 40 Mar.
1150 2854 82 48 18;
1267 2853 82 41 aff.
1381 2855 122 38 Mar.
1534 2853 81 46 10;
1649 2853 40 38 A
1719 2852 171 49 92343;
1921 2852 205 42 Charles
2160 2852 268 42 Scribner’s

477 2924 126 30 sons.
673 2912 283 49 (36-27108)

407 3003 264 65 Nesbitt,
700 3004 297 54 Ludovico
1024 3003 289 65 Mariano,
1346 3008 326 50 1891-1935.

481 3080 270 54 Desolate
794 3081 285 66 marches;
1123 3082 213 53 travels
1380 3081 59 53 in
1481 3081 97 53 the
1619 3079 249 56 Orinoco

1912 3080 183 54 llanos
2139 3080 64 53 of
412 3081 1986 146 Venezuela,
632 3160 78 66 by
755 3160 65 54 L.
866 3161 80 54 M.
993 3159 256 65 Nesbitt;
1299 3159 324 54 illustrated
1671 3157 153 55 from
1868 3158 294 69 drawings
2207 3159 74 65 by
2324 3160 94 52 the

412 3238 1936 68 author. New York, Harcourt, Brace and company [ c 1936]
481 3311 89 42 320
596 3322 42 38 p.
667 3312 112 40 incl.
807 3311 166 50 front.,
1000 3312 144 48 illus.,
1175 3322 127 38 map.
1361 3311 60 41 20½
1451 3314 44 21 cm
1500 3343 9 9 .

484 3369 102 39 The
630 3370 171 39 record
845 3369 53 40 of
939 3379 63 30 an
1046 3368 315 49 engineering
1402 3379 177 37 survey
1621 3367 81 42 for
1741 3378 61 30 an
1850 3367 259 42 American
2155 3369 268 47 petroleum

411 3436 251 39 company.

484 3483 164 42 “First
677 3482 261 42 American
969 3482 228 43 edition.”

406 3537 53 54 ©
497 3542 110 41 Jan.
645 3541 41 48 2,
722 3541 117 42 1936;
903 3541 66 41 2c.
1009 3542 111 40 Jan.
1159 3542 82 43 15;
1282 3541 81 41 aff.
1405 3542 109 41 Feb.
1552 3541 83 44 21;
1676 3541 40 39 A
1753 3539 144 42 91917;
1966 3541 263 49 Harcourt,
2270 3541 155 40 Brace

514 3599 596 49 & co., inc. (36-27115)
408 3683 302 65 Newdick,
737 3685 223 53 Robert
988 3685 308 64 Spangler.

481 3762 120 51 The
654 3759 124 56 first
826 3762 105 52 life
982 3763 112 51 and
1145 3765 194 51 letters
1390 3762 62 53 of
1507 3761 235 55 Charles
1791 3761 210 59 Lamb;
2055 3780 28 33 a
2136 3761 172 66 study
2360 3759 62 52 of

409 3840 251 53 Thomas
697 3841 165 52 Noon
897 3840 288 53 Talfourd
1225 3859 58 35 as
1320 3839 185 53 editor
1544 3840 112 52 and
1694 3839 365 66 biographer,
2096 3839 74 65 by
2208 3838 213 52 Robert

413 3918 54 53 S.
499 3917 275 52 Newdick
807 3961 54 8 ...
931 3917 329 56 Columbus,
1288 3918 86 56 O.,
1402 3919 121 52 The
1552 3918 151 54 Ohio
1730 3921 145 48 state
1903 3916 337 66 university,
2272 3920 149 48 1935.

406 3987 1998 111 4 p. l., 58 p. port. 28 cm . (On cover; [Ohio shite university] Contributions in English, no. 3)
