2519 4377
1009 4109 99 49 129

73 475 152 52 John
260 477 86 52 W.
382 477 247 61 Norton,
665 475 304 52 American
1006 474 243 66 painter,
1284 474 335 65 1876-1934;
1659 491 32 34 a
1723 472 151 54 brief
142 470 1902 149 biography

365 553 62 51 of
462 551 89 55 his
589 552 123 66 life,
749 552 75 66 by
861 552 246 52 Thomas
1148 553 65 50 E.
1255 550 365 67 Tallmadge;
1663 568 72 34 an
142 548 1901 135 appreciation
309 630 61 52 of

416 630 87 52 his
550 630 174 65 work,
769 630 75 65 by
890 631 142 50 Tom
1078 630 142 63 Lea;
1271 628 260 67 together
1577 627 141 52 with
141 626 1903 134 reproductions

326 708 63 52 of
425 708 307 65 drawings,
769 705 312 68 paintings,
1118 706 112 52 and
1266 706 185 51 mural
1488 705 370 52 decorations.
142 703 1901 149 Chicago,

341 785 121 52 The
503 784 279 53 Lakeside
824 801 175 50 press,
1042 782 157 55 Priv.
1243 783 175 67 print,
1463 783 95 52 for
1603 780 221 55 friends
1865 781 63 53 of
1970 782 97 52 the

142 862 184 65 artist,
356 865 149 49 1935.

140 932 1237 52 45 p., 2 l. front., plates (1 col.) ports. 31 cm .
143 992 288 39 Illustrated
468 989 361 48 lining-papers.

144 1047 129 41 “One
303 1047 219 39 hundred
553 1046 295 46 twenty-five
875 1044 159 48 copies
1063 1045 123 40 have
1216 1045 116 40 been
1365 1043 236 49 printed.”

69 1100 52 52 ©
148 1106 110 38 Dec.
284 1104 69 46 21,
380 1102 139 47 1935;
545 1103 68 39 2c.
640 1103 110 39 Jan.
777 1101 40 48 2,
846 1100 140 47 1936;
1016 1101 82 41 aff.
1127 1102 108 39 Jan.
1262 1101 82 46 29;
1374 1102 41 39 A
1442 1101 171 47 90551;

1645 1102 248 47 Margaret
140 1101 1912 99 Francis
232 1162 199 45 Norton,
457 1159 224 47 Chicago.
753 1156 250 50 (36-4975)

70 1262 281 65 Johnson,
382 1262 219 63 Joseph
633 1261 249 64 French,
916 1263 323 50 1853-1925.

145 1337 1924 67 Business and the man, by Joseph French Johnson … New
74 1417 176 67 York,
279 1416 328 53 Alexander
634 1416 305 53 Hamilton
968 1414 260 54 institute
1263 1450 12 32 [
1280 1422 19 20 c
1304 1419 133 49 1936
1442 1449 13 33 ]

144 1486 1925 51 2 p. l., vii-xxii, 330 p. 19 cm . (Added t.-p.: Modern business; a series
76 1543 1944 49 of texts prepared as part of the modern business course and service …
74 1603 275 40 Alexander
370 1601 254 41 Hamilton
643 1601 241 42 institute.
949 1621 56 30 [v.
1026 1600 69 51 1])

147 1658 1921 50 “The present edition … has been thoroly revised and brought down to
75 1716 113 40 date
214 1717 60 47 by
301 1717 85 40 Dr.
414 1715 216 42 Bedford
658 1716 58 39 K.
748 1714 537 41 Johnson.”—Editor’s
1312 1714 123 48 pref.

69 1770 52 52 ©
148 1774 110 39 Jan.
287 1774 68 46 11,
384 1772 140 48 1936;
555 1773 67 40 2c.
651 1774 110 39 Jan.
790 1773 82 45 14;
904 1773 81 38 aff.
1018 1773 109 39 Feb.
1158 1772 52 47 6;
1241 1773 44 38 A
1308 1772 171 47 90298;
1510 1773 279 39 Alexander
1816 1771 255 42 Hamilton

136 1830 239 41 institute.
439 1830 284 49 [Copyright
754 1831 40 38 is
828 1830 204 39 claimed
1067 1840 59 28 on
1160 1829 253 49 revisions]
1486 1829 251 50 (36-5081)

142 1931 360 68 Economics;
538 1932 96 52 the
666 1931 210 53 science
908 1931 64 53 of
1000 1931 271 68 business,
1303 1931 35 52 by
1411 1932 155 53 John
1598 1932 215 53 Roscoe
1844 1934 222 51 Turner

134 2009 1633 67 … New York, Alexander Hamilton institute [ c 1936 ]
143 2080 1927 50 2 p. l., vii-xxi, 372 p. 19 cm . (Added t.-p.: Modern business; a series of
74 2137 1979 107 texts prepared as part of the modern business course and service … Alexander Hamilton institute. [v. 2])
146 2251 146 42 “This
320 2252 104 41 text
455 2253 43 40 is
527 2251 125 42 built
686 2263 129 38 upon
845 2263 61 29 an
936 2252 178 40 earlier
1144 2253 191 41 volume
1368 2252 270 50 [published
1671 2252 49 40 in
1751 2252 130 51 1924]
1916 2254 153 40 under

75 2307 1995 52 the same title … by the late Joseph French Johnson. Many portions of
75 2365 80 40 the
180 2365 134 40 work
341 2366 123 39 have
488 2366 119 40 been
634 2366 251 40 rewritten
913 2367 96 40 and
1035 2367 164 40 others
1226 2366 188 41 revised
1441 2369 49 38 to
1517 2368 290 48 correspond
1838 2368 121 40 with
1987 2368 82 40 the

73 2422 194 44 general
294 2422 210 41 revision
530 2423 51 39 of
608 2424 83 39 the
717 2423 236 41 Institute
980 2423 367 42 texts.”—Pref.

68 2476 52 52 ©
156 2481 109 39 Jan.
301 2480 70 45 20,
408 2479 140 47 1936;
587 2481 65 39 2c.
693 2482 95 38 and
824 2480 82 40 aff.
944 2482 109 39 Jan.
1088 2481 83 47 22;
1209 2482 41 38 A
1288 2481 170 47 91344;
1499 2482 277 40 Alexander
1814 2480 255 42 Hamilton

141 2537 240 40 institute.
451 2537 251 48 (36-5082)

70 2639 194 63 Jones,
295 2641 260 53 Maurice
585 2641 249 55 Bethell.

138 2715 1930 69 Peter called the Great [by] Maurice Bethell Jones … New
71 2793 177 67 York,
278 2793 310 53 Frederick
611 2794 71 52 A.
716 2793 199 55 Stokes
944 2813 297 49 company,
1274 2797 150 50 1936.

140 2866 956 51 xii p., 1 l., 379 p. front., ports. 22½cm.
141 2923 197 40 London
364 2922 182 41 edition
574 2923 275 48 (Chapman
877 2924 37 40 &
937 2925 130 42 Hall,
1094 2924 111 48 ltd.)
1237 2925 90 40 has
1352 2924 136 41 title:
1518 2924 136 41 Czar.

69 2975 51 52 ©
148 2980 110 40 Feb.
286 2980 68 48 24,
383 2979 140 48 1936;
553 2980 68 40 2c.
649 2982 96 39 and
771 2980 82 41 aff.
882 2982 110 39 Feb.
1018 2980 82 42 26;
1131 2982 41 38 A
1200 2980 169 48 90979;
1402 2983 63 38 M.
1495 2982 53 40 B.
1579 2982 161 47 Jones,
1771 2981 212 40 London.

145 3036 249 48 (36-5108)

70 3136 290 65 Joscelyn,
393 3139 234 55 Archie.

139 3215 120 52 The
305 3215 161 67 King
511 3215 62 53 of
619 3216 275 54 Thunder
939 3216 204 67 valley,
1189 3216 76 67 by
1309 3216 213 53 Archie
1569 3218 282 66 Joscelyn.
1927 3218 138 52 New

72 3292 175 66 York,
277 3291 259 54 Phoenix
564 3311 157 48 press
758 3327 12 33 [
775 3300 18 21 c
799 3296 133 50 1936
937 3327 13 33 ]

139 3364 86 40 256
263 3375 42 37 p.
371 3364 147 41 19½cm.

70 3415 1997 55 © Feb. 1, 1936; 1c. Feb. 1; 1c. Feb. 3: aff. Feb. 25; A 91907; Phoenix
137 3488 147 36 press.
359 3478 249 48 (36-4985)

69 3567 245 65 Knight,
341 3569 292 53 Kathleen
662 3570 216 54 Moore.

141 3645 118 52 The
305 3646 121 51 clue
469 3644 64 53 of
575 3644 100 53 the
715 3663 141 49 poor
899 3644 178 54 man’s
1121 3644 255 70 shilling,
1420 3645 76 68 by
1537 3645 289 53 Kathleen
1869 3646 198 52 Moore

71 3721 242 70 Knight.
386 3722 232 55 Garden
655 3722 154 69 City,
844 3723 70 53 N.
954 3723 90 67 Y.,
1080 3724 144 52 Pub.
1263 3723 95 53 for
1394 3724 97 52 the
1528 3722 190 55 Crime
1754 3723 146 68 club,
1936 3725 130 66 inc.,

69 3799 71 68 by
169 3801 355 68 Doubleday,
553 3802 203 51 Doran
783 3803 45 50 &
857 3819 280 51 company
1167 3801 127 68 inc.,
1326 3804 151 50 1936.

137 3875 1320 49 4 p. l., vii-viii p., 1 l., 271 p. illus. (map) 20 cm .
140 3931 159 40 “First
330 3930 225 41 edition.”

67 3981 51 53 ©
144 3987 109 41 Feb.
282 3989 37 45 7,
347 3986 140 43 1936;
516 3988 68 40 2c.
613 3989 94 39 and
736 3988 81 40 aff.
847 3989 110 40 Feb.
984 3988 82 48 21;
1096 3989 41 39 A
1164 3988 170 47 90876;
1365 3989 59 39 K.
1454 3990 62 39 M.
1545 3987 200 49 Knight,
1774 3989 116 38 New
1915 3988 146 40 York.

143 4043 247 48 (36-4912)
