<alto xmlns="http://www.loc.gov/standards/alto/ns-v3#" xmlns:xlink="http://www.w3.org/1999/xlink" xmlns:xsi="http://www.w3.org/2001/XMLSchema-instance" xsi:schemaLocation="http://www.loc.gov/standards/alto/ns-v3# http://www.loc.gov/alto/v3/alto-3-0.xsd"><Description>
<MeasurementUnit>pixel</MeasurementUnit>
<sourceImageInformation>
<fileName>1936_v33_Part1.pdf</fileName>
</sourceImageInformation>
<OCRProcessing ID="IdOcr">
<ocrProcessingStep>
<processingDateTime>2019-01-18</processingDateTime>
<processingSoftware>
<softwareCreator>ABBYY</softwareCreator>
<softwareName>ABBYY Recognition Server</softwareName>
<softwareVersion>4.0</softwareVersion>
</processingSoftware>
</ocrProcessingStep>
</OCRProcessing>
</Description>
<Styles>
<ParagraphStyle ID="StyleId-FFFFFFFF-FFFF-FFFF-FFFF-FFFFFFFFFFFF-" ALIGN="Left" LEFT="0." RIGHT="0." FIRSTLINE="0."/>
<ParagraphStyle ID="StyleId-51D50FAC-7A90-4D70-8A96-5EA9D46D1C8B-" ALIGN="Left" LEFT="0." RIGHT="0." FIRSTLINE="0." LINESPACE="7.699999809"/>
<ParagraphStyle ID="StyleId-6BC133E9-7DCB-43C3-8842-A67984A26405-" ALIGN="Block" LEFT="0." RIGHT="0." FIRSTLINE="-17." LINESPACE="8.340000153"/>
<ParagraphStyle ID="StyleId-3C3FF860-43E7-46A2-8934-48F305F6F0D6-" ALIGN="Left" LEFT="0." RIGHT="0." FIRSTLINE="-13." LINESPACE="11.06999969"/>
<ParagraphStyle ID="StyleId-19220C76-4F8A-4737-B38C-B5F5C17E6040-" ALIGN="Block" LEFT="0." RIGHT="0." FIRSTLINE="-13." LINESPACE="11.06999969"/>
<ParagraphStyle ID="StyleId-75A0D721-13ED-4F20-9002-B389EC48477D-" ALIGN="Left" LEFT="0." RIGHT="0." FIRSTLINE="0." LINESPACE="15.5"/>
<ParagraphStyle ID="StyleId-8A414184-C7A5-4AC7-9B88-7DA4DDE75922-" ALIGN="Left" LEFT="0." RIGHT="0." FIRSTLINE="0." LINESPACE="9.399999619"/>
<ParagraphStyle ID="StyleId-1A87970B-111C-4169-99A6-9412976F3C97-" ALIGN="Left" LEFT="0." RIGHT="0." FIRSTLINE="0." LINESPACE="10.5"/>
<ParagraphStyle ID="StyleId-72DB0571-5AE4-41FD-9E11-68C6AC4C437E-" ALIGN="Block" LEFT="0." RIGHT="0." FIRSTLINE="-17." LINESPACE="8.340000153"/>
<ParagraphStyle ID="StyleId-1AA43056-C388-4697-B10F-72FDAA38FAE1-" ALIGN="Center" LEFT="0." RIGHT="0." FIRSTLINE="0." LINESPACE="10.5"/>
</Styles>
<Layout>
<Page ID="Page140" PHYSICAL_IMG_NR="140" HEIGHT="4377" WIDTH="2519">
<TopMargin HEIGHT="452" WIDTH="2519" VPOS="0" HPOS="0">
</TopMargin>
<LeftMargin HEIGHT="3676" WIDTH="408" VPOS="452" HPOS="0">
</LeftMargin>
<RightMargin HEIGHT="3676" WIDTH="69" VPOS="452" HPOS="2450">
</RightMargin>
<BottomMargin HEIGHT="249" WIDTH="2519" VPOS="4128" HPOS="0">
<GraphicalElement ID="Page140_Block1" HEIGHT="146" WIDTH="6" VPOS="4128" HPOS="2512"/>
</BottomMargin>
<PrintSpace HEIGHT="3676" WIDTH="2042" VPOS="452" HPOS="408">
<TextBlock ID="Page140_Block2" HEIGHT="3676" WIDTH="2042" VPOS="452" HPOS="408" LANG="en-US" CS="1" STYLEREFS="StyleId-2E04DF00-0ADC-448C-8187-9021C30A0F0B-">
<TextLine HEIGHT="0" WIDTH="0" VPOS="0" HPOS="0" STYLEREFS="StyleId-C0C7C401-0094-44B8-B691-0D5C0773316C-" CS="1">
<String CS="1" CONTENT="140"/>
</TextLine>
<TextLine HEIGHT="67" WIDTH="800" VPOS="463" HPOS="421" STYLEREFS="StyleId-C0C7C401-0094-44B8-B691-0D5C0773316C-" CS="1">
<String LANG="fi" CONTENT="Drachmann," HEIGHT="66" WIDTH="402" VPOS="463" HPOS="421"/>
<SP HEIGHT="63" WIDTH="29" VPOS="466" HPOS="824"/>
<String LANG="fi" CS="1" CONTENT="Povl," HEIGHT="64" WIDTH="161" VPOS="466" HPOS="854"/>
<SP HEIGHT="59" WIDTH="34" VPOS="471" HPOS="1016"/>
<String LANG="en-US" CONTENT="1887-" HEIGHT="54" WIDTH="170" VPOS="466" HPOS="1051"/>
</TextLine>
<TextLine HEIGHT="71" WIDTH="1825" VPOS="540" HPOS="609" STYLEREFS="StyleId-C0F169C7-A4CE-4DEB-8A1F-B4D7ED0706BB-" CS="1">
<String LANG="en-US" CS="1" CONTENT="&#8230;"/>
<SP/>
<String LANG="de" CONTENT="Intet" HEIGHT="54" WIDTH="159" VPOS="540" HPOS="609"/>
<SP HEIGHT="48" WIDTH="47" VPOS="546" HPOS="769"/>
<String LANG="en-US" CONTENT="vender" HEIGHT="52" WIDTH="210" VPOS="543" HPOS="817"/>
<SP HEIGHT="48" WIDTH="44" VPOS="546" HPOS="1028"/>
<String LANG="de" CONTENT="tilbage;" HEIGHT="69" WIDTH="243" VPOS="542" HPOS="1073"/>
<SP HEIGHT="47" WIDTH="50" VPOS="562" HPOS="1317"/>
<String LANG="en-US" CONTENT="roman." HEIGHT="34" WIDTH="215" VPOS="561" HPOS="1368"/>
<SP HEIGHT="52" WIDTH="74" VPOS="543" HPOS="1584"/>
<String LANG="de" CONTENT="K" HEIGHT="52" WIDTH="58" VPOS="543" HPOS="1659"/>
<String LANG="en-US" CS="1" CONTENT="&#248;"/>
<String LANG="de" CONTENT="benhavn," HEIGHT="67" WIDTH="283" VPOS="544" HPOS="1755"/>
<SP HEIGHT="66" WIDTH="48" VPOS="545" HPOS="2039"/>
<String LANG="de" CONTENT="Gyldendal," HEIGHT="67" WIDTH="346" VPOS="544" HPOS="2088"/>
</TextLine>
<TextLine HEIGHT="50" WIDTH="149" VPOS="624" HPOS="424" STYLEREFS="StyleId-C0F169C7-A4CE-4DEB-8A1F-B4D7ED0706BB-" LANG="de">
<String CONTENT="1935." HEIGHT="50" WIDTH="149" VPOS="624" HPOS="424"/>
</TextLine>
<TextLine HEIGHT="48" WIDTH="370" VPOS="694" HPOS="495" LANG="de" CS="1">
<String CONTENT="299" HEIGHT="40" WIDTH="86" VPOS="694" HPOS="495"/>
<SP HEIGHT="48" WIDTH="30" VPOS="694" HPOS="582"/>
<String CONTENT="p." HEIGHT="38" WIDTH="43" VPOS="704" HPOS="613"/>
<SP HEIGHT="41" WIDTH="60" VPOS="694" HPOS="657"/>
<String CONTENT="21" HEIGHT="39" WIDTH="55" VPOS="694" HPOS="718"/>
<String LANG="en-US" CS="1" CONTENT="&#189;"/>
<String CONTENT="cm." HEIGHT="39" WIDTH="58" VPOS="696" HPOS="807"/>
</TextLine>
<TextLine HEIGHT="54" WIDTH="2018" VPOS="753" HPOS="419" LANG="de" CS="1">
<String CONTENT="&#169;" HEIGHT="54" WIDTH="53" VPOS="753" HPOS="419"/>
<SP HEIGHT="54" WIDTH="38" VPOS="753" HPOS="473"/>
<String LANG="en-US" CONTENT="Nov." HEIGHT="39" WIDTH="118" VPOS="759" HPOS="512"/>
<SP HEIGHT="39" WIDTH="40" VPOS="759" HPOS="631"/>
<String CONTENT="30," HEIGHT="47" WIDTH="71" VPOS="758" HPOS="672"/>
<SP HEIGHT="46" WIDTH="39" VPOS="759" HPOS="744"/>
<String CONTENT="1935;" HEIGHT="42" WIDTH="140" VPOS="757" HPOS="784"/>
<SP/>
<String CS="1" CONTENT="1c."/>
<SP/>
<String CONTENT="Jan," HEIGHT="39" WIDTH="108" VPOS="758" HPOS="1078"/>
<SP HEIGHT="39" WIDTH="44" VPOS="759" HPOS="1187"/>
<String CS="1" CONTENT="8," HEIGHT="16" WIDTH="8" VPOS="790" HPOS="1263"/>
<SP HEIGHT="48" WIDTH="41" VPOS="758" HPOS="1272"/>
<String CONTENT="1936;" HEIGHT="47" WIDTH="141" VPOS="757" HPOS="1314"/>
<SP HEIGHT="46" WIDTH="44" VPOS="758" HPOS="1456"/>
<!-- cceid 9580BC6D-6E3A-1014-83DD-942C093A1DD9 --><String LANG="fr" CONTENT="A" HEIGHT="39" WIDTH="40" VPOS="758" HPOS="1501"/>
<String CONTENT="-Foreign" HEIGHT="49" WIDTH="271" VPOS="758" HPOS="1542"/>
<SP HEIGHT="40" WIDTH="41" VPOS="760" HPOS="1814"/>
<String CONTENT="30158;" HEIGHT="46" WIDTH="172" VPOS="759" HPOS="1856"/>
<SP HEIGHT="46" WIDTH="46" VPOS="759" HPOS="2029"/>
<String CONTENT="Gyldendalske" HEIGHT="48" WIDTH="361" VPOS="759" HPOS="2076"/>
</TextLine>
<TextLine HEIGHT="49" WIDTH="1063" VPOS="815" HPOS="492">
<String LANG="de" CONTENT="boghandel," HEIGHT="48" WIDTH="286" VPOS="816" HPOS="492"/>
<SP HEIGHT="48" WIDTH="32" VPOS="816" HPOS="779"/>
<String LANG="fi" CONTENT="Nordisk" HEIGHT="40" WIDTH="214" VPOS="815" HPOS="812"/>
<SP HEIGHT="38" WIDTH="27" VPOS="816" HPOS="1027"/>
<String LANG="de" CONTENT="forlag." HEIGHT="47" WIDTH="176" VPOS="816" HPOS="1055"/>
<SP HEIGHT="47" WIDTH="71" VPOS="816" HPOS="1232"/>
<String LANG="de" CONTENT="(36-4951)" HEIGHT="48" WIDTH="251" VPOS="815" HPOS="1304"/>
</TextLine>
<TextLine HEIGHT="67" WIDTH="489" VPOS="920" HPOS="421" STYLEREFS="StyleId-C0C7C401-0094-44B8-B691-0D5C0773316C-" LANG="de">
<String CONTENT="Duffield," HEIGHT="67" WIDTH="270" VPOS="920" HPOS="421"/>
<SP HEIGHT="66" WIDTH="26" VPOS="921" HPOS="692"/>
<String CONTENT="Anne." HEIGHT="54" WIDTH="191" VPOS="921" HPOS="719"/>
</TextLine>
<TextLine HEIGHT="67" WIDTH="1263" VPOS="1000" HPOS="492" STYLEREFS="StyleId-C0F169C7-A4CE-4DEB-8A1F-B4D7ED0706BB-">
<String CONTENT="The" HEIGHT="52" WIDTH="121" VPOS="1000" HPOS="492"/>
<SP HEIGHT="34" WIDTH="24" VPOS="1018" HPOS="614"/>
<String CONTENT="crescent" HEIGHT="46" WIDTH="248" VPOS="1007" HPOS="639"/>
<SP HEIGHT="46" WIDTH="26" VPOS="1007" HPOS="888"/>
<String CONTENT="moon." HEIGHT="34" WIDTH="185" VPOS="1019" HPOS="915"/>
<SP HEIGHT="33" WIDTH="79" VPOS="1033" HPOS="1101"/>
<String CONTENT="[Instalments" HEIGHT="65" WIDTH="390" VPOS="1001" HPOS="1181"/>
<SP HEIGHT="49" WIDTH="28" VPOS="1004" HPOS="1572"/>
<String LANG="de" CONTENT="9-10]" HEIGHT="63" WIDTH="154" VPOS="1004" HPOS="1601"/>
</TextLine>
<TextLine HEIGHT="53" WIDTH="1275" VPOS="1069" HPOS="523" CS="1">
<String LANG="de" CS="1" CONTENT="(In" HEIGHT="38" WIDTH="57" VPOS="1074" HPOS="523"/>
<SP HEIGHT="43" WIDTH="28" VPOS="1070" HPOS="581"/>
<String CONTENT="Woman" HEIGHT="43" WIDTH="211" VPOS="1070" HPOS="610"/>
<SP HEIGHT="28" WIDTH="28" VPOS="1084" HPOS="822"/>
<String CONTENT="and" HEIGHT="43" WIDTH="96" VPOS="1070" HPOS="851"/>
<SP HEIGHT="43" WIDTH="29" VPOS="1070" HPOS="948"/>
<String CONTENT="home," HEIGHT="51" WIDTH="158" VPOS="1070" HPOS="978"/>
<SP HEIGHT="52" WIDTH="29" VPOS="1069" HPOS="1137"/>
<String CONTENT="Dec.," HEIGHT="52" WIDTH="131" VPOS="1069" HPOS="1167"/>
<SP HEIGHT="49" WIDTH="30" VPOS="1072" HPOS="1299"/>
<String CONTENT="1935," HEIGHT="50" WIDTH="133" VPOS="1072" HPOS="1330"/>
<SP HEIGHT="52" WIDTH="28" VPOS="1070" HPOS="1464"/>
<String CONTENT="Jan.," HEIGHT="52" WIDTH="128" VPOS="1070" HPOS="1493"/>
<SP HEIGHT="49" WIDTH="31" VPOS="1073" HPOS="1622"/>
<String CONTENT="1936)" HEIGHT="50" WIDTH="144" VPOS="1071" HPOS="1654"/>
</TextLine>
<TextLine HEIGHT="54" WIDTH="2014" VPOS="1132" HPOS="421" CS="1">
<String CONTENT="&#169;" HEIGHT="53" WIDTH="53" VPOS="1132" HPOS="421"/>
<SP/>
<String CS="1" CONTENT="1c."/>
<SP/>
<String CONTENT="each" HEIGHT="39" WIDTH="118" VPOS="1138" HPOS="619"/>
<SP HEIGHT="39" WIDTH="39" VPOS="1137" HPOS="738"/>
<String CONTENT="Jan." HEIGHT="39" WIDTH="109" VPOS="1137" HPOS="778"/>
<SP HEIGHT="39" WIDTH="39" VPOS="1137" HPOS="888"/>
<String CONTENT="17," HEIGHT="46" WIDTH="68" VPOS="1137" HPOS="928"/>
<SP HEIGHT="46" WIDTH="39" VPOS="1137" HPOS="997"/>
<String CONTENT="1936;" HEIGHT="46" WIDTH="142" VPOS="1136" HPOS="1037"/>
<SP HEIGHT="45" WIDTH="41" VPOS="1137" HPOS="1180"/>
<!-- cceid 95817EA8-6E3A-1014-83DD-942C093A1DD9 --><String CONTENT="A" HEIGHT="38" WIDTH="40" VPOS="1137" HPOS="1222"/>
<SP HEIGHT="39" WIDTH="38" VPOS="1137" HPOS="1263"/>
<String CONTENT="ad" HEIGHT="38" WIDTH="60" VPOS="1138" HPOS="1302"/>
<SP HEIGHT="39" WIDTH="39" VPOS="1137" HPOS="1363"/>
<String CONTENT="int." HEIGHT="40" WIDTH="87" VPOS="1137" HPOS="1403"/>
<SP HEIGHT="39" WIDTH="38" VPOS="1138" HPOS="1491"/>
<String CONTENT="21032;" HEIGHT="47" WIDTH="171" VPOS="1137" HPOS="1530"/>
<SP HEIGHT="38" WIDTH="40" VPOS="1148" HPOS="1702"/>
<String CONTENT="pubd." HEIGHT="48" WIDTH="145" VPOS="1138" HPOS="1743"/>
<SP HEIGHT="40" WIDTH="38" VPOS="1138" HPOS="1889"/>
<String CONTENT="Nov." HEIGHT="39" WIDTH="120" VPOS="1138" HPOS="1928"/>
<SP HEIGHT="39" WIDTH="37" VPOS="1138" HPOS="2049"/>
<String CONTENT="20," HEIGHT="47" WIDTH="69" VPOS="1138" HPOS="2087"/>
<SP HEIGHT="46" WIDTH="41" VPOS="1139" HPOS="2157"/>
<String CONTENT="Dec." HEIGHT="39" WIDTH="112" VPOS="1139" HPOS="2199"/>
<SP HEIGHT="40" WIDTH="39" VPOS="1138" HPOS="2312"/>
<String CONTENT="20;" HEIGHT="48" WIDTH="83" VPOS="1137" HPOS="2352"/>
</TextLine>
<TextLine HEIGHT="49" WIDTH="1538" VPOS="1194" HPOS="491" CS="1">
<String CONTENT="Dorothy" HEIGHT="47" WIDTH="224" VPOS="1195" HPOS="491"/>
<SP HEIGHT="46" WIDTH="28" VPOS="1196" HPOS="716"/>
<String CS="1" CONTENT="Duer" HEIGHT="37" WIDTH="136" VPOS="1196" HPOS="745"/>
<SP HEIGHT="38" WIDTH="25" VPOS="1195" HPOS="882"/>
<String CONTENT="Driffield," HEIGHT="48" WIDTH="222" VPOS="1194" HPOS="908"/>
<SP HEIGHT="48" WIDTH="30" VPOS="1194" HPOS="1131"/>
<String CS="1" CONTENT="Aldbourne," HEIGHT="48" WIDTH="293" VPOS="1194" HPOS="1162"/>
<SP HEIGHT="47" WIDTH="32" VPOS="1195" HPOS="1456"/>
<String CONTENT="Wiltshire," HEIGHT="48" WIDTH="268" VPOS="1194" HPOS="1489"/>
<SP HEIGHT="46" WIDTH="33" VPOS="1196" HPOS="1758"/>
<String CONTENT="England." HEIGHT="48" WIDTH="237" VPOS="1195" HPOS="1792"/>
</TextLine>
<TextLine HEIGHT="67" WIDTH="891" VPOS="1299" HPOS="493" STYLEREFS="StyleId-C0F169C7-A4CE-4DEB-8A1F-B4D7ED0706BB-">
<String CONTENT="Paradise." HEIGHT="54" WIDTH="294" VPOS="1299" HPOS="493"/>
<SP HEIGHT="32" WIDTH="80" VPOS="1333" HPOS="788"/>
<String CONTENT="[Instalment" HEIGHT="66" WIDTH="365" VPOS="1299" HPOS="869"/>
<SP HEIGHT="50" WIDTH="24" VPOS="1303" HPOS="1235"/>
<String CONTENT="3," HEIGHT="61" WIDTH="48" VPOS="1303" HPOS="1260"/>
<SP HEIGHT="61" WIDTH="26" VPOS="1303" HPOS="1309"/>
<String CONTENT="4]" HEIGHT="63" WIDTH="48" VPOS="1303" HPOS="1336"/>
</TextLine>
<TextLine HEIGHT="53" WIDTH="1757" VPOS="1368" HPOS="524" CS="1">
<String CS="1" CONTENT="(In" HEIGHT="38" WIDTH="55" VPOS="1373" HPOS="524"/>
<SP HEIGHT="43" WIDTH="32" VPOS="1368" HPOS="580"/>
<String CONTENT="Good" HEIGHT="44" WIDTH="138" VPOS="1368" HPOS="613"/>
<SP HEIGHT="43" WIDTH="26" VPOS="1369" HPOS="752"/>
<String CONTENT="needlework" HEIGHT="44" WIDTH="315" VPOS="1368" HPOS="779"/>
<SP HEIGHT="43" WIDTH="27" VPOS="1368" HPOS="1095"/>
<String CONTENT="and" HEIGHT="43" WIDTH="97" VPOS="1369" HPOS="1123"/>
<SP HEIGHT="43" WIDTH="27" VPOS="1369" HPOS="1221"/>
<String CONTENT="knitting" HEIGHT="52" WIDTH="223" VPOS="1368" HPOS="1249"/>
<SP HEIGHT="38" WIDTH="30" VPOS="1382" HPOS="1473"/>
<String CONTENT="magazine," HEIGHT="53" WIDTH="278" VPOS="1368" HPOS="1504"/>
<SP HEIGHT="52" WIDTH="27" VPOS="1368" HPOS="1783"/>
<String CONTENT="Jan.," HEIGHT="52" WIDTH="128" VPOS="1368" HPOS="1811"/>
<SP HEIGHT="51" WIDTH="31" VPOS="1369" HPOS="1940"/>
<String CONTENT="Feb.," HEIGHT="50" WIDTH="132" VPOS="1369" HPOS="1972"/>
<SP HEIGHT="49" WIDTH="31" VPOS="1370" HPOS="2105"/>
<String CONTENT="1936)" HEIGHT="50" WIDTH="144" VPOS="1369" HPOS="2137"/>
</TextLine>
<TextLine HEIGHT="53" WIDTH="2016" VPOS="1425" HPOS="421" CS="1">
<String CONTENT="&#169;" HEIGHT="53" WIDTH="53" VPOS="1425" HPOS="421"/>
<SP/>
<String CS="1" CONTENT="1c."/>
<SP/>
<String CONTENT="each" HEIGHT="40" WIDTH="116" VPOS="1430" HPOS="604"/>
<SP HEIGHT="39" WIDTH="34" VPOS="1429" HPOS="721"/>
<String CONTENT="Feb." HEIGHT="41" WIDTH="109" VPOS="1429" HPOS="756"/>
<SP HEIGHT="41" WIDTH="32" VPOS="1429" HPOS="866"/>
<String CONTENT="6," HEIGHT="47" WIDTH="39" VPOS="1429" HPOS="899"/>
<SP HEIGHT="46" WIDTH="30" VPOS="1430" HPOS="939"/>
<String CS="1" CONTENT="1936;" HEIGHT="47" WIDTH="141" VPOS="1428" HPOS="970"/>
<SP HEIGHT="46" WIDTH="32" VPOS="1429" HPOS="1112"/>
<!-- cceid 95823703-6E3A-1014-83DD-942C093A1DD9 --><String CONTENT="A" HEIGHT="38" WIDTH="41" VPOS="1429" HPOS="1145"/>
<SP HEIGHT="38" WIDTH="30" VPOS="1429" HPOS="1187"/>
<String CONTENT="ad" HEIGHT="39" WIDTH="60" VPOS="1430" HPOS="1218"/>
<SP HEIGHT="41" WIDTH="32" VPOS="1428" HPOS="1279"/>
<String CONTENT="int." HEIGHT="40" WIDTH="85" VPOS="1428" HPOS="1312"/>
<SP HEIGHT="39" WIDTH="32" VPOS="1429" HPOS="1398"/>
<String CS="1" CONTENT="21092;" HEIGHT="42" WIDTH="171" VPOS="1429" HPOS="1431"/>
<SP HEIGHT="36" WIDTH="30" VPOS="1441" HPOS="1603"/>
<String CONTENT="pubd." HEIGHT="47" WIDTH="144" VPOS="1430" HPOS="1634"/>
<SP HEIGHT="39" WIDTH="31" VPOS="1431" HPOS="1779"/>
<String CONTENT="Dec." HEIGHT="38" WIDTH="112" VPOS="1431" HPOS="1811"/>
<SP HEIGHT="39" WIDTH="32" VPOS="1430" HPOS="1924"/>
<String CONTENT="10," HEIGHT="48" WIDTH="70" VPOS="1429" HPOS="1957"/>
<SP HEIGHT="48" WIDTH="33" VPOS="1429" HPOS="2028"/>
<String CONTENT="1935," HEIGHT="48" WIDTH="129" VPOS="1429" HPOS="2062"/>
<SP HEIGHT="47" WIDTH="32" VPOS="1430" HPOS="2192"/>
<String CONTENT="Jan." HEIGHT="40" WIDTH="110" VPOS="1430" HPOS="2225"/>
<SP HEIGHT="40" WIDTH="32" VPOS="1430" HPOS="2336"/>
<String CONTENT="10," HEIGHT="47" WIDTH="68" VPOS="1430" HPOS="2369"/>
</TextLine>
<TextLine HEIGHT="50" WIDTH="1707" VPOS="1486" HPOS="491" CS="1">
<String CS="1" CONTENT="1930;" HEIGHT="41" WIDTH="115" VPOS="1486" HPOS="491"/>
<SP HEIGHT="45" WIDTH="32" VPOS="1488" HPOS="634"/>
<String CONTENT="Dorothy" HEIGHT="46" WIDTH="222" VPOS="1488" HPOS="667"/>
<SP HEIGHT="47" WIDTH="28" VPOS="1487" HPOS="890"/>
<String CONTENT="Drier" HEIGHT="39" WIDTH="137" VPOS="1487" HPOS="919"/>
<SP HEIGHT="38" WIDTH="25" VPOS="1487" HPOS="1057"/>
<String CONTENT="Driffield," HEIGHT="49" WIDTH="221" VPOS="1486" HPOS="1083"/>
<SP HEIGHT="48" WIDTH="29" VPOS="1487" HPOS="1305"/>
<String CONTENT="Aldborirne," HEIGHT="49" WIDTH="293" VPOS="1487" HPOS="1335"/>
<SP HEIGHT="48" WIDTH="28" VPOS="1488" HPOS="1629"/>
<String CONTENT="Wiltshire," HEIGHT="48" WIDTH="269" VPOS="1486" HPOS="1658"/>
<SP HEIGHT="46" WIDTH="31" VPOS="1488" HPOS="1928"/>
<String CONTENT="England." HEIGHT="48" WIDTH="238" VPOS="1487" HPOS="1960"/>
</TextLine>
<TextLine HEIGHT="65" WIDTH="565" VPOS="1590" HPOS="423" STYLEREFS="StyleId-C0C7C401-0094-44B8-B691-0D5C0773316C-">
<String CONTENT="Durham," HEIGHT="65" WIDTH="290" VPOS="1590" HPOS="423"/>
<SP HEIGHT="64" WIDTH="26" VPOS="1591" HPOS="714"/>
<String CONTENT="Oren" HEIGHT="55" WIDTH="155" VPOS="1591" HPOS="741"/>
<SP HEIGHT="55" WIDTH="28" VPOS="1592" HPOS="897"/>
<String CONTENT="C." HEIGHT="55" WIDTH="62" VPOS="1592" HPOS="926"/>
</TextLine>
<TextLine HEIGHT="69" WIDTH="1939" VPOS="1668" HPOS="498" STYLEREFS="StyleId-C0F169C7-A4CE-4DEB-8A1F-B4D7ED0706BB-" CS="1">
<String CONTENT="Your" HEIGHT="52" WIDTH="163" VPOS="1669" HPOS="498"/>
<SP HEIGHT="52" WIDTH="20" VPOS="1668" HPOS="662"/>
<String CONTENT="hay" HEIGHT="69" WIDTH="116" VPOS="1668" HPOS="683"/>
<SP HEIGHT="69" WIDTH="23" VPOS="1668" HPOS="800"/>
<String CONTENT="fever," HEIGHT="68" WIDTH="178" VPOS="1668" HPOS="824"/>
<SP HEIGHT="67" WIDTH="23" VPOS="1669" HPOS="1003"/>
<String CONTENT="by" HEIGHT="68" WIDTH="75" VPOS="1669" HPOS="1027"/>
<SP HEIGHT="69" WIDTH="24" VPOS="1668" HPOS="1103"/>
<String CONTENT="Oren" HEIGHT="55" WIDTH="155" VPOS="1668" HPOS="1128"/>
<SP HEIGHT="56" WIDTH="24" VPOS="1669" HPOS="1284"/>
<String CONTENT="C." HEIGHT="56" WIDTH="63" VPOS="1669" HPOS="1309"/>
<SP HEIGHT="53" WIDTH="25" VPOS="1670" HPOS="1373"/>
<String CONTENT="Durham" HEIGHT="53" WIDTH="265" VPOS="1669" HPOS="1399"/>
<SP/>
<String CS="1" CONTENT="&#8230;"/>
<SP HEIGHT="35" WIDTH="28" VPOS="1688" HPOS="1752"/>
<String CONTENT="with" HEIGHT="53" WIDTH="142" VPOS="1669" HPOS="1781"/>
<SP HEIGHT="54" WIDTH="24" VPOS="1669" HPOS="1924"/>
<String CONTENT="an" HEIGHT="36" WIDTH="73" VPOS="1687" HPOS="1949"/>
<SP HEIGHT="52" WIDTH="21" VPOS="1670" HPOS="2023"/>
<String CONTENT="introduction" HEIGHT="54" WIDTH="392" VPOS="1668" HPOS="2045"/>
</TextLine>
<TextLine HEIGHT="71" WIDTH="2014" VPOS="1746" HPOS="424" STYLEREFS="StyleId-C0F169C7-A4CE-4DEB-8A1F-B4D7ED0706BB-">
<String CONTENT="by" HEIGHT="69" WIDTH="75" VPOS="1747" HPOS="424"/>
<SP HEIGHT="69" WIDTH="25" VPOS="1747" HPOS="500"/>
<String CONTENT="Morris" HEIGHT="55" WIDTH="215" VPOS="1747" HPOS="526"/>
<SP HEIGHT="54" WIDTH="28" VPOS="1748" HPOS="742"/>
<String CONTENT="Fishbein" HEIGHT="54" WIDTH="279" VPOS="1747" HPOS="771"/>
<SP HEIGHT="37" WIDTH="28" VPOS="1764" HPOS="1051"/>
<String CONTENT="and" HEIGHT="53" WIDTH="112" VPOS="1748" HPOS="1080"/>
<SP HEIGHT="54" WIDTH="30" VPOS="1748" HPOS="1193"/>
<String CONTENT="a" HEIGHT="34" WIDTH="31" VPOS="1768" HPOS="1224"/>
<SP HEIGHT="35" WIDTH="28" VPOS="1767" HPOS="1256"/>
<String CONTENT="chapter" HEIGHT="69" WIDTH="236" VPOS="1748" HPOS="1285"/>
<SP HEIGHT="34" WIDTH="27" VPOS="1768" HPOS="1522"/>
<String CONTENT="on" HEIGHT="35" WIDTH="73" VPOS="1767" HPOS="1550"/>
<SP HEIGHT="49" WIDTH="26" VPOS="1753" HPOS="1624"/>
<String CONTENT="treatment" HEIGHT="49" WIDTH="310" VPOS="1753" HPOS="1651"/>
<SP HEIGHT="53" WIDTH="25" VPOS="1748" HPOS="1962"/>
<String CONTENT="by" HEIGHT="68" WIDTH="76" VPOS="1748" HPOS="1988"/>
<SP HEIGHT="70" WIDTH="30" VPOS="1746" HPOS="2065"/>
<String CONTENT="Samuel" HEIGHT="57" WIDTH="230" VPOS="1746" HPOS="2096"/>
<SP HEIGHT="53" WIDTH="28" VPOS="1748" HPOS="2327"/>
<String CONTENT="M." HEIGHT="53" WIDTH="82" VPOS="1748" HPOS="2356"/>
</TextLine>
<TextLine HEIGHT="71" WIDTH="2013" VPOS="1825" HPOS="425" STYLEREFS="StyleId-C0F169C7-A4CE-4DEB-8A1F-B4D7ED0706BB-" CS="1">
<String LANG="de" CONTENT="Feinberg" HEIGHT="71" WIDTH="290" VPOS="1825" HPOS="425"/>
<SP/>
<String LANG="de" CS="1" CONTENT="&#8230;"/>
<SP HEIGHT="53" WIDTH="92" VPOS="1826" HPOS="827"/>
<String CONTENT="Indianapolis," HEIGHT="71" WIDTH="421" VPOS="1825" HPOS="920"/>
<SP HEIGHT="69" WIDTH="47" VPOS="1827" HPOS="1342"/>
<String CONTENT="New" HEIGHT="53" WIDTH="142" VPOS="1827" HPOS="1390"/>
<SP HEIGHT="53" WIDTH="50" VPOS="1827" HPOS="1533"/>
<String CONTENT="York," HEIGHT="67" WIDTH="182" VPOS="1827" HPOS="1584"/>
<SP HEIGHT="66" WIDTH="50" VPOS="1828" HPOS="1767"/>
<String CONTENT="The" HEIGHT="53" WIDTH="123" VPOS="1827" HPOS="1818"/>
<SP HEIGHT="53" WIDTH="51" VPOS="1827" HPOS="1942"/>
<String CONTENT="Bobbs-Merrill" HEIGHT="54" WIDTH="444" VPOS="1825" HPOS="1994"/>
</TextLine>
<TextLine HEIGHT="66" WIDTH="511" VPOS="1908" HPOS="424" STYLEREFS="StyleId-C0F169C7-A4CE-4DEB-8A1F-B4D7ED0706BB-">
<String CONTENT="company" HEIGHT="52" WIDTH="283" VPOS="1922" HPOS="424"/>
<SP HEIGHT="52" WIDTH="30" VPOS="1922" HPOS="708"/>
<String CONTENT="[c1936]" HEIGHT="65" WIDTH="196" VPOS="1908" HPOS="739"/>
</TextLine>
<TextLine HEIGHT="52" WIDTH="1377" VPOS="1978" HPOS="494" CS="1">
<String CONTENT="X" HEIGHT="29" WIDTH="32" VPOS="1990" HPOS="494"/>
<SP HEIGHT="39" WIDTH="20" VPOS="1990" HPOS="527"/>
<String LANG="fr" CONTENT="p.," HEIGHT="39" WIDTH="60" VPOS="1990" HPOS="548"/>
<SP HEIGHT="48" WIDTH="25" VPOS="1980" HPOS="609"/>
<String CONTENT="1" HEIGHT="40" WIDTH="27" VPOS="1980" HPOS="635"/>
<SP/>
<String CS="1" CONTENT="l.,"/>
<SP HEIGHT="50" WIDTH="23" VPOS="1979" HPOS="732"/>
<String CONTENT="13-264" HEIGHT="41" WIDTH="176" VPOS="1978" HPOS="756"/>
<SP HEIGHT="48" WIDTH="21" VPOS="1980" HPOS="933"/>
<String CONTENT="p." HEIGHT="37" WIDTH="45" VPOS="1991" HPOS="955"/>
<SP HEIGHT="40" WIDTH="52" VPOS="1980" HPOS="1001"/>
<String CONTENT="front.," HEIGHT="49" WIDTH="166" VPOS="1980" HPOS="1054"/>
<SP HEIGHT="50" WIDTH="24" VPOS="1979" HPOS="1221"/>
<String CONTENT="illus.," HEIGHT="49" WIDTH="143" VPOS="1979" HPOS="1246"/>
<SP HEIGHT="39" WIDTH="23" VPOS="1991" HPOS="1390"/>
<String CS="1" CONTENT="pl.," HEIGHT="39" WIDTH="78" VPOS="1991" HPOS="1414"/>
<SP HEIGHT="48" WIDTH="25" VPOS="1980" HPOS="1493"/>
<String CONTENT="diagrs." HEIGHT="50" WIDTH="181" VPOS="1980" HPOS="1519"/>
<SP HEIGHT="41" WIDTH="52" VPOS="1980" HPOS="1701"/>
<String CONTENT="21cm." HEIGHT="41" WIDTH="117" VPOS="1980" HPOS="1754"/>
</TextLine>
<TextLine HEIGHT="43" WIDTH="423" VPOS="2036" HPOS="495">
<String CONTENT="&#8220;First" HEIGHT="43" WIDTH="164" VPOS="2036" HPOS="495"/>
<SP HEIGHT="40" WIDTH="28" VPOS="2039" HPOS="660"/>
<String CONTENT="edition.&#8221;" HEIGHT="42" WIDTH="229" VPOS="2037" HPOS="689"/>
</TextLine>
<TextLine HEIGHT="53" WIDTH="1875" VPOS="2092" HPOS="421">
<String CONTENT="&#169;" HEIGHT="53" WIDTH="53" VPOS="2092" HPOS="421"/>
<SP HEIGHT="53" WIDTH="31" VPOS="2092" HPOS="475"/>
<String CONTENT="Mar." HEIGHT="38" WIDTH="122" VPOS="2098" HPOS="507"/>
<SP HEIGHT="39" WIDTH="32" VPOS="2097" HPOS="630"/>
<String CONTENT="4," HEIGHT="41" WIDTH="41" VPOS="2097" HPOS="663"/>
<SP HEIGHT="41" WIDTH="32" VPOS="2097" HPOS="705"/>
<String CONTENT="1936;" HEIGHT="47" WIDTH="142" VPOS="2096" HPOS="738"/>
<SP HEIGHT="47" WIDTH="33" VPOS="2096" HPOS="881"/>
<String CONTENT="2c." HEIGHT="40" WIDTH="68" VPOS="2096" HPOS="915"/>
<SP HEIGHT="29" WIDTH="33" VPOS="2107" HPOS="984"/>
<String CONTENT="and" HEIGHT="38" WIDTH="96" VPOS="2098" HPOS="1018"/>
<SP HEIGHT="38" WIDTH="33" VPOS="2098" HPOS="1115"/>
<String CONTENT="aff." HEIGHT="41" WIDTH="81" VPOS="2096" HPOS="1149"/>
<SP HEIGHT="40" WIDTH="35" VPOS="2097" HPOS="1231"/>
<String CONTENT="Mar." HEIGHT="40" WIDTH="122" VPOS="2097" HPOS="1267"/>
<SP HEIGHT="41" WIDTH="32" VPOS="2096" HPOS="1390"/>
<String CONTENT="11;" HEIGHT="47" WIDTH="81" VPOS="2096" HPOS="1423"/>
<SP HEIGHT="45" WIDTH="32" VPOS="2098" HPOS="1505"/>
<!-- cceid 9582F0F6-6E3A-1014-83DD-942C093A1DD9 --><String CONTENT="A" HEIGHT="37" WIDTH="41" VPOS="2098" HPOS="1538"/>
<SP HEIGHT="41" WIDTH="31" VPOS="2096" HPOS="1580"/>
<String CONTENT="92184;" HEIGHT="48" WIDTH="171" VPOS="2096" HPOS="1612"/>
<SP HEIGHT="46" WIDTH="37" VPOS="2098" HPOS="1784"/>
<String CONTENT="Bobbs-Merrill" HEIGHT="40" WIDTH="372" VPOS="2097" HPOS="1822"/>
<SP HEIGHT="39" WIDTH="33" VPOS="2099" HPOS="2195"/>
<String CONTENT="co." HEIGHT="29" WIDTH="67" VPOS="2109" HPOS="2229"/>
</TextLine>
<TextLine HEIGHT="48" WIDTH="283" VPOS="2154" HPOS="501">
<String CONTENT="(36-27371)" HEIGHT="48" WIDTH="283" VPOS="2154" HPOS="501"/>
</TextLine>
<TextLine HEIGHT="67" WIDTH="835" VPOS="2257" HPOS="423" STYLEREFS="StyleId-C0C7C401-0094-44B8-B691-0D5C0773316C-">
<String CONTENT="Dwyer," HEIGHT="67" WIDTH="237" VPOS="2257" HPOS="423"/>
<SP HEIGHT="65" WIDTH="33" VPOS="2259" HPOS="661"/>
<String CONTENT="Hugh" HEIGHT="64" WIDTH="182" VPOS="2259" HPOS="695"/>
<SP HEIGHT="53" WIDTH="32" VPOS="2259" HPOS="878"/>
<String CONTENT="Leo," HEIGHT="64" WIDTH="137" VPOS="2259" HPOS="911"/>
<SP HEIGHT="58" WIDTH="36" VPOS="2265" HPOS="1049"/>
<String CONTENT="1890-" HEIGHT="50" WIDTH="172" VPOS="2264" HPOS="1086"/>
</TextLine>
<TextLine HEIGHT="69" WIDTH="1845" VPOS="2335" HPOS="498" STYLEREFS="StyleId-C0F169C7-A4CE-4DEB-8A1F-B4D7ED0706BB-" CS="1">
<String CONTENT="Your" HEIGHT="53" WIDTH="163" VPOS="2335" HPOS="498"/>
<SP HEIGHT="34" WIDTH="29" VPOS="2354" HPOS="662"/>
<String CONTENT="child" HEIGHT="54" WIDTH="156" VPOS="2335" HPOS="692"/>
<SP HEIGHT="53" WIDTH="27" VPOS="2335" HPOS="849"/>
<String CONTENT="in" HEIGHT="53" WIDTH="61" VPOS="2335" HPOS="877"/>
<SP HEIGHT="53" WIDTH="27" VPOS="2335" HPOS="939"/>
<String CONTENT="health" HEIGHT="53" WIDTH="198" VPOS="2335" HPOS="967"/>
<SP HEIGHT="53" WIDTH="28" VPOS="2336" HPOS="1166"/>
<String CONTENT="and" HEIGHT="53" WIDTH="112" VPOS="2336" HPOS="1195"/>
<SP HEIGHT="52" WIDTH="26" VPOS="2336" HPOS="1308"/>
<String CONTENT="in" HEIGHT="52" WIDTH="61" VPOS="2336" HPOS="1335"/>
<SP HEIGHT="34" WIDTH="26" VPOS="2354" HPOS="1397"/>
<String CONTENT="sickness," HEIGHT="68" WIDTH="266" VPOS="2335" HPOS="1424"/>
<SP HEIGHT="68" WIDTH="25" VPOS="2335" HPOS="1691"/>
<String CONTENT="by" HEIGHT="69" WIDTH="76" VPOS="2335" HPOS="1717"/>
<SP HEIGHT="69" WIDTH="26" VPOS="2335" HPOS="1794"/>
<String CONTENT="Hugh" HEIGHT="69" WIDTH="184" VPOS="2335" HPOS="1821"/>
<SP HEIGHT="52" WIDTH="28" VPOS="2335" HPOS="2006"/>
<String CONTENT="L." HEIGHT="51" WIDTH="63" VPOS="2336" HPOS="2035"/>
<SP HEIGHT="51" WIDTH="31" VPOS="2336" HPOS="2099"/>
<String CONTENT="Dwyer" HEIGHT="68" WIDTH="212" VPOS="2336" HPOS="2131"/>
<SP/>
<String CS="1" CONTENT="&#8230;"/>
</TextLine>
<TextLine HEIGHT="70" WIDTH="1267" VPOS="2413" HPOS="427" STYLEREFS="StyleId-C0F169C7-A4CE-4DEB-8A1F-B4D7ED0706BB-">
<String CONTENT="New" HEIGHT="52" WIDTH="138" VPOS="2414" HPOS="427"/>
<SP HEIGHT="53" WIDTH="26" VPOS="2413" HPOS="566"/>
<String CONTENT="York," HEIGHT="69" WIDTH="181" VPOS="2413" HPOS="593"/>
<SP HEIGHT="68" WIDTH="23" VPOS="2414" HPOS="775"/>
<String CONTENT="London," HEIGHT="68" WIDTH="262" VPOS="2413" HPOS="799"/>
<SP HEIGHT="67" WIDTH="24" VPOS="2414" HPOS="1062"/>
<String CONTENT="A." HEIGHT="54" WIDTH="71" VPOS="2414" HPOS="1087"/>
<SP HEIGHT="54" WIDTH="28" VPOS="2414" HPOS="1159"/>
<String CONTENT="A." HEIGHT="54" WIDTH="71" VPOS="2414" HPOS="1188"/>
<SP HEIGHT="54" WIDTH="25" VPOS="2414" HPOS="1260"/>
<String CONTENT="Knopf," HEIGHT="69" WIDTH="227" VPOS="2414" HPOS="1286"/>
<SP HEIGHT="64" WIDTH="28" VPOS="2417" HPOS="1514"/>
<String CONTENT="1936." HEIGHT="51" WIDTH="151" VPOS="2417" HPOS="1543"/>
</TextLine>
<TextLine HEIGHT="52" WIDTH="1524" VPOS="2485" HPOS="500" CS="1">
<String CONTENT="xvi," HEIGHT="50" WIDTH="96" VPOS="2485" HPOS="500"/>
<SP HEIGHT="48" WIDTH="37" VPOS="2487" HPOS="597"/>
<String CONTENT="333," HEIGHT="48" WIDTH="100" VPOS="2487" HPOS="635"/>
<SP HEIGHT="37" WIDTH="38" VPOS="2498" HPOS="736"/>
<String CONTENT="xii" HEIGHT="40" WIDTH="72" VPOS="2487" HPOS="775"/>
<SP HEIGHT="49" WIDTH="33" VPOS="2487" HPOS="848"/>
<String LANG="fr" CONTENT="p.," HEIGHT="39" WIDTH="59" VPOS="2498" HPOS="882"/>
<SP HEIGHT="47" WIDTH="37" VPOS="2490" HPOS="942"/>
<String CONTENT="1" HEIGHT="38" WIDTH="24" VPOS="2490" HPOS="980"/>
<SP HEIGHT="38" WIDTH="37" VPOS="2490" HPOS="1005"/>
<String CS="1" CONTENT="l." HEIGHT="9" WIDTH="9" VPOS="2521" HPOS="1064"/>
<SP HEIGHT="42" WIDTH="57" VPOS="2488" HPOS="1074"/>
<String CONTENT="front.," HEIGHT="48" WIDTH="166" VPOS="2488" HPOS="1132"/>
<SP HEIGHT="47" WIDTH="37" VPOS="2489" HPOS="1299"/>
<String CONTENT="illus.," HEIGHT="47" WIDTH="143" VPOS="2489" HPOS="1337"/>
<SP HEIGHT="38" WIDTH="40" VPOS="2499" HPOS="1481"/>
<String CONTENT="plates," HEIGHT="49" WIDTH="170" VPOS="2488" HPOS="1522"/>
<SP HEIGHT="46" WIDTH="34" VPOS="2490" HPOS="1693"/>
<String CONTENT="diagrs." HEIGHT="49" WIDTH="182" VPOS="2488" HPOS="1728"/>
<SP HEIGHT="41" WIDTH="58" VPOS="2487" HPOS="1911"/>
<String CS="1" CONTENT="21cm." HEIGHT="40" WIDTH="54" VPOS="2487" HPOS="1970"/>
</TextLine>
<TextLine HEIGHT="42" WIDTH="423" VPOS="2545" HPOS="497">
<String CONTENT="&#8220;First" HEIGHT="41" WIDTH="163" VPOS="2545" HPOS="497"/>
<SP HEIGHT="40" WIDTH="30" VPOS="2547" HPOS="661"/>
<String CONTENT="edition.&#8221;" HEIGHT="41" WIDTH="228" VPOS="2546" HPOS="692"/>
</TextLine>
<TextLine HEIGHT="53" WIDTH="2016" VPOS="2600" HPOS="423" CS="1">
<String CONTENT="&#169;" HEIGHT="53" WIDTH="53" VPOS="2600" HPOS="423"/>
<SP HEIGHT="53" WIDTH="31" VPOS="2600" HPOS="477"/>
<String CONTENT="Feb." HEIGHT="40" WIDTH="111" VPOS="2605" HPOS="509"/>
<SP HEIGHT="40" WIDTH="32" VPOS="2605" HPOS="621"/>
<String CONTENT="10," HEIGHT="47" WIDTH="70" VPOS="2604" HPOS="654"/>
<SP HEIGHT="46" WIDTH="33" VPOS="2605" HPOS="725"/>
<String CS="1" CONTENT="1936;" HEIGHT="42" WIDTH="118" VPOS="2603" HPOS="759"/>
<SP HEIGHT="46" WIDTH="35" VPOS="2605" HPOS="901"/>
<String CONTENT="2c." HEIGHT="39" WIDTH="66" VPOS="2605" HPOS="937"/>
<SP HEIGHT="29" WIDTH="31" VPOS="2615" HPOS="1004"/>
<String CONTENT="and" HEIGHT="38" WIDTH="95" VPOS="2606" HPOS="1036"/>
<SP HEIGHT="38" WIDTH="33" VPOS="2606" HPOS="1132"/>
<String CONTENT="aff." HEIGHT="40" WIDTH="83" VPOS="2605" HPOS="1166"/>
<SP HEIGHT="40" WIDTH="34" VPOS="2605" HPOS="1250"/>
<String CONTENT="Feb." HEIGHT="40" WIDTH="111" VPOS="2605" HPOS="1285"/>
<SP HEIGHT="40" WIDTH="34" VPOS="2605" HPOS="1397"/>
<String CS="1" CONTENT="11;" HEIGHT="38" WIDTH="54" VPOS="2605" HPOS="1432"/>
<SP HEIGHT="42" WIDTH="36" VPOS="2605" HPOS="1514"/>
<!-- cceid 9583B318-6E3A-1014-83DD-942C093A1DD9 --><String CONTENT="A" HEIGHT="38" WIDTH="41" VPOS="2605" HPOS="1551"/>
<SP HEIGHT="39" WIDTH="30" VPOS="2605" HPOS="1593"/>
<String CS="1" CONTENT="90716;" HEIGHT="40" WIDTH="148" VPOS="2604" HPOS="1624"/>
<SP HEIGHT="46" WIDTH="36" VPOS="2605" HPOS="1795"/>
<String CONTENT="Alfred" HEIGHT="40" WIDTH="173" VPOS="2605" HPOS="1832"/>
<SP HEIGHT="39" WIDTH="35" VPOS="2605" HPOS="2006"/>
<String CONTENT="A." HEIGHT="39" WIDTH="52" VPOS="2605" HPOS="2042"/>
<SP HEIGHT="38" WIDTH="35" VPOS="2605" HPOS="2095"/>
<String CONTENT="Knopf," HEIGHT="47" WIDTH="180" VPOS="2605" HPOS="2131"/>
<SP HEIGHT="46" WIDTH="34" VPOS="2605" HPOS="2312"/>
<String CONTENT="inc." HEIGHT="41" WIDTH="92" VPOS="2605" HPOS="2347"/>
</TextLine>
<TextLine HEIGHT="50" WIDTH="254" VPOS="2660" HPOS="502">
<String CONTENT="(36-5280)" HEIGHT="50" WIDTH="254" VPOS="2660" HPOS="502"/>
</TextLine>
<TextLine HEIGHT="65" WIDTH="690" VPOS="2764" HPOS="427" STYLEREFS="StyleId-C0C7C401-0094-44B8-B691-0D5C0773316C-">
<String LANG="fi" CONTENT="Erskine," HEIGHT="65" WIDTH="274" VPOS="2764" HPOS="427"/>
<SP HEIGHT="63" WIDTH="30" VPOS="2766" HPOS="702"/>
<String LANG="en-US" CONTENT="John," HEIGHT="63" WIDTH="176" VPOS="2766" HPOS="733"/>
<SP HEIGHT="57" WIDTH="33" VPOS="2772" HPOS="910"/>
<String LANG="en-US" CONTENT="1879-" HEIGHT="54" WIDTH="173" VPOS="2767" HPOS="944"/>
</TextLine>
<TextLine HEIGHT="149" WIDTH="1989" VPOS="2841" HPOS="425" STYLEREFS="StyleId-C0F169C7-A4CE-4DEB-8A1F-B4D7ED0706BB-" CS="1">
<String CONTENT="The" HEIGHT="53" WIDTH="122" VPOS="2843" HPOS="496"/>
<SP HEIGHT="53" WIDTH="27" VPOS="2843" HPOS="619"/>
<String CONTENT="influence" HEIGHT="56" WIDTH="279" VPOS="2841" HPOS="647"/>
<SP HEIGHT="35" WIDTH="27" VPOS="2863" HPOS="927"/>
<String CONTENT="of" HEIGHT="55" WIDTH="64" VPOS="2843" HPOS="955"/>
<SP HEIGHT="53" WIDTH="27" VPOS="2843" HPOS="1020"/>
<String CONTENT="women" HEIGHT="34" WIDTH="218" VPOS="2862" HPOS="1048"/>
<SP HEIGHT="35" WIDTH="28" VPOS="2862" HPOS="1267"/>
<String CONTENT="and" HEIGHT="53" WIDTH="113" VPOS="2844" HPOS="1296"/>
<SP HEIGHT="53" WIDTH="29" VPOS="2843" HPOS="1410"/>
<String CONTENT="its" HEIGHT="55" WIDTH="74" VPOS="2843" HPOS="1440"/>
<SP HEIGHT="37" WIDTH="28" VPOS="2861" HPOS="1515"/>
<String CONTENT="cure," HEIGHT="48" WIDTH="147" VPOS="2861" HPOS="1544"/>
<SP HEIGHT="66" WIDTH="28" VPOS="2843" HPOS="1692"/>
<String CONTENT="by" HEIGHT="67" WIDTH="75" VPOS="2843" HPOS="1721"/>
<SP HEIGHT="65" WIDTH="26" VPOS="2845" HPOS="1797"/>
<String CONTENT="John" HEIGHT="56" WIDTH="158" VPOS="2843" HPOS="1824"/>
<SP HEIGHT="51" WIDTH="29" VPOS="2845" HPOS="1983"/>
<String LANG="fi" CONTENT="Erskine." HEIGHT="54" WIDTH="261" VPOS="2843" HPOS="2013"/>
<SP HEIGHT="51" WIDTH="66" VPOS="2846" HPOS="2275"/>
<String CONTENT="Indianapolis," HEIGHT="144" WIDTH="1989" VPOS="2846" HPOS="425"/>
<SP HEIGHT="66" WIDTH="36" VPOS="2923" HPOS="771"/>
<String CONTENT="New" HEIGHT="53" WIDTH="139" VPOS="2923" HPOS="808"/>
<SP HEIGHT="52" WIDTH="36" VPOS="2924" HPOS="948"/>
<String CONTENT="York," HEIGHT="65" WIDTH="182" VPOS="2923" HPOS="985"/>
<SP HEIGHT="64" WIDTH="35" VPOS="2924" HPOS="1168"/>
<String CONTENT="The" HEIGHT="52" WIDTH="121" VPOS="2923" HPOS="1204"/>
<SP HEIGHT="51" WIDTH="35" VPOS="2924" HPOS="1326"/>
<String CONTENT="Bobbs-Merrill" HEIGHT="54" WIDTH="442" VPOS="2922" HPOS="1362"/>
<SP HEIGHT="52" WIDTH="38" VPOS="2923" HPOS="1805"/>
<String CONTENT="company" HEIGHT="49" WIDTH="283" VPOS="2940" HPOS="1844"/>
<SP HEIGHT="47" WIDTH="40" VPOS="2942" HPOS="2128"/>
<String CS="1" CONTENT="[c1936]" HEIGHT="64" WIDTH="175" VPOS="2926" HPOS="2188"/>
</TextLine>
<TextLine HEIGHT="51" WIDTH="657" VPOS="2994" HPOS="495" CS="1">
<String CONTENT="4" HEIGHT="39" WIDTH="29" VPOS="2996" HPOS="495"/>
<SP HEIGHT="49" WIDTH="24" VPOS="2996" HPOS="525"/>
<String CONTENT="p." HEIGHT="39" WIDTH="44" VPOS="3006" HPOS="550"/>
<SP/>
<String CS="1" CONTENT="l.,"/>
<SP HEIGHT="50" WIDTH="27" VPOS="2995" HPOS="671"/>
<String CONTENT="11-151" HEIGHT="41" WIDTH="175" VPOS="2995" HPOS="699"/>
<SP HEIGHT="49" WIDTH="24" VPOS="2996" HPOS="875"/>
<String CONTENT="p." HEIGHT="39" WIDTH="44" VPOS="3006" HPOS="900"/>
<SP HEIGHT="41" WIDTH="58" VPOS="2994" HPOS="945"/>
<String CS="1" CONTENT="20&#189;cm." HEIGHT="44" WIDTH="148" VPOS="2994" HPOS="1004"/>
</TextLine>
<TextLine HEIGHT="42" WIDTH="430" VPOS="3052" HPOS="497">
<String CONTENT="&#8220;First" HEIGHT="42" WIDTH="166" VPOS="3052" HPOS="497"/>
<SP HEIGHT="39" WIDTH="33" VPOS="3055" HPOS="664"/>
<String CONTENT="edition.&#8221;" HEIGHT="42" WIDTH="229" VPOS="3052" HPOS="698"/>
</TextLine>
<TextLine HEIGHT="53" WIDTH="2016" VPOS="3107" HPOS="423" CS="1">
<String CONTENT="&#169;" HEIGHT="53" WIDTH="53" VPOS="3107" HPOS="423"/>
<SP HEIGHT="53" WIDTH="23" VPOS="3107" HPOS="477"/>
<String CONTENT="Jan." HEIGHT="40" WIDTH="109" VPOS="3112" HPOS="501"/>
<SP HEIGHT="39" WIDTH="24" VPOS="3112" HPOS="611"/>
<String CONTENT="29," HEIGHT="48" WIDTH="70" VPOS="3110" HPOS="636"/>
<SP HEIGHT="46" WIDTH="23" VPOS="3112" HPOS="707"/>
<String CONTENT="1936;" HEIGHT="49" WIDTH="142" VPOS="3110" HPOS="731"/>
<SP HEIGHT="49" WIDTH="24" VPOS="3110" HPOS="874"/>
<String CONTENT="2c." HEIGHT="42" WIDTH="67" VPOS="3110" HPOS="899"/>
<SP HEIGHT="40" WIDTH="25" VPOS="3112" HPOS="967"/>
<String CONTENT="Jan." HEIGHT="39" WIDTH="108" VPOS="3112" HPOS="993"/>
<SP HEIGHT="39" WIDTH="25" VPOS="3112" HPOS="1102"/>
<String CONTENT="31" HEIGHT="40" WIDTH="54" VPOS="3111" HPOS="1128"/>
<SP HEIGHT="41" WIDTH="18" VPOS="3111" HPOS="1183"/>
<String CONTENT=":" HEIGHT="30" WIDTH="8" VPOS="3122" HPOS="1202"/>
<SP HEIGHT="30" WIDTH="28" VPOS="3122" HPOS="1211"/>
<String CONTENT="aff." HEIGHT="42" WIDTH="81" VPOS="3110" HPOS="1240"/>
<SP HEIGHT="41" WIDTH="25" VPOS="3111" HPOS="1322"/>
<String CONTENT="Feb." HEIGHT="40" WIDTH="111" VPOS="3111" HPOS="1348"/>
<SP HEIGHT="40" WIDTH="24" VPOS="3111" HPOS="1460"/>
<String CS="1" CONTENT="1;" HEIGHT="38" WIDTH="24" VPOS="3111" HPOS="1485"/>
<SP HEIGHT="43" WIDTH="27" VPOS="3110" HPOS="1538"/>
<!-- cceid 95846EDF-6E3A-1014-83DD-942C093A1DD9 --><String CONTENT="A" HEIGHT="39" WIDTH="39" VPOS="3110" HPOS="1566"/>
<SP HEIGHT="40" WIDTH="25" VPOS="3110" HPOS="1606"/>
<String CS="1" CONTENT="90591;" HEIGHT="40" WIDTH="142" VPOS="3110" HPOS="1632"/>
<SP HEIGHT="46" WIDTH="28" VPOS="3110" HPOS="1803"/>
<String CONTENT="J." HEIGHT="40" WIDTH="42" VPOS="3110" HPOS="1832"/>
<SP HEIGHT="38" WIDTH="27" VPOS="3111" HPOS="1875"/>
<String LANG="fi" CONTENT="Erskine," HEIGHT="47" WIDTH="222" VPOS="3111" HPOS="1903"/>
<SP HEIGHT="46" WIDTH="23" VPOS="3112" HPOS="2126"/>
<String CONTENT="New" HEIGHT="38" WIDTH="117" VPOS="3112" HPOS="2150"/>
<SP HEIGHT="39" WIDTH="25" VPOS="3111" HPOS="2268"/>
<String CONTENT="York." HEIGHT="42" WIDTH="145" VPOS="3110" HPOS="2294"/>
</TextLine>
<TextLine HEIGHT="49" WIDTH="283" VPOS="3168" HPOS="503" CS="1">
<String CS="1" CONTENT="(36-27105)" HEIGHT="49" WIDTH="283" VPOS="3168" HPOS="503"/>
</TextLine>
<TextLine HEIGHT="67" WIDTH="919" VPOS="3270" HPOS="426" STYLEREFS="StyleId-C0C7C401-0094-44B8-B691-0D5C0773316C-">
<String CONTENT="Ewing," HEIGHT="67" WIDTH="230" VPOS="3270" HPOS="426"/>
<SP HEIGHT="64" WIDTH="31" VPOS="3273" HPOS="657"/>
<String CONTENT="Fayette" HEIGHT="64" WIDTH="253" VPOS="3273" HPOS="689"/>
<SP HEIGHT="53" WIDTH="32" VPOS="3274" HPOS="943"/>
<String CONTENT="Clay," HEIGHT="65" WIDTH="161" VPOS="3272" HPOS="976"/>
<SP HEIGHT="57" WIDTH="34" VPOS="3279" HPOS="1138"/>
<String CONTENT="1862-" HEIGHT="50" WIDTH="172" VPOS="3278" HPOS="1173"/>
</TextLine>
<TextLine HEIGHT="68" WIDTH="1943" VPOS="3347" HPOS="494" STYLEREFS="StyleId-C0F169C7-A4CE-4DEB-8A1F-B4D7ED0706BB-">
<String CONTENT="The" HEIGHT="52" WIDTH="121" VPOS="3348" HPOS="494"/>
<SP HEIGHT="54" WIDTH="26" VPOS="3347" HPOS="616"/>
<String CONTENT="book" HEIGHT="54" WIDTH="149" VPOS="3347" HPOS="643"/>
<SP HEIGHT="54" WIDTH="25" VPOS="3347" HPOS="793"/>
<String CONTENT="of" HEIGHT="54" WIDTH="64" VPOS="3347" HPOS="819"/>
<SP HEIGHT="53" WIDTH="24" VPOS="3347" HPOS="884"/>
<String CONTENT="the" HEIGHT="52" WIDTH="95" VPOS="3348" HPOS="909"/>
<SP HEIGHT="56" WIDTH="29" VPOS="3347" HPOS="1005"/>
<String CONTENT="Scottish" HEIGHT="56" WIDTH="252" VPOS="3347" HPOS="1035"/>
<SP HEIGHT="52" WIDTH="26" VPOS="3349" HPOS="1288"/>
<String CONTENT="terrier," HEIGHT="67" WIDTH="220" VPOS="3348" HPOS="1315"/>
<SP HEIGHT="48" WIDTH="29" VPOS="3367" HPOS="1536"/>
<String CONTENT="with" HEIGHT="52" WIDTH="138" VPOS="3347" HPOS="1566"/>
<SP HEIGHT="52" WIDTH="28" VPOS="3347" HPOS="1705"/>
<String CONTENT="chapters" HEIGHT="67" WIDTH="264" VPOS="3347" HPOS="1734"/>
<SP HEIGHT="34" WIDTH="27" VPOS="3366" HPOS="1999"/>
<String CONTENT="applicable" HEIGHT="68" WIDTH="322" VPOS="3347" HPOS="2027"/>
<SP HEIGHT="47" WIDTH="28" VPOS="3353" HPOS="2350"/>
<String CONTENT="to" HEIGHT="46" WIDTH="58" VPOS="3353" HPOS="2379"/>
</TextLine>
<TextLine HEIGHT="72" WIDTH="2011" VPOS="3424" HPOS="426" STYLEREFS="StyleId-C0F169C7-A4CE-4DEB-8A1F-B4D7ED0706BB-">
<String CONTENT="the" HEIGHT="53" WIDTH="92" VPOS="3427" HPOS="426"/>
<SP HEIGHT="52" WIDTH="47" VPOS="3427" HPOS="519"/>
<String CONTENT="hygienic" HEIGHT="69" WIDTH="270" VPOS="3427" HPOS="567"/>
<SP HEIGHT="33" WIDTH="48" VPOS="3446" HPOS="838"/>
<String CONTENT="care," HEIGHT="49" WIDTH="143" VPOS="3446" HPOS="887"/>
<SP HEIGHT="48" WIDTH="48" VPOS="3447" HPOS="1031"/>
<String CONTENT="rearing," HEIGHT="69" WIDTH="248" VPOS="3427" HPOS="1080"/>
<SP HEIGHT="49" WIDTH="51" VPOS="3446" HPOS="1329"/>
<String CONTENT="and" HEIGHT="52" WIDTH="113" VPOS="3427" HPOS="1381"/>
<SP HEIGHT="52" WIDTH="49" VPOS="3427" HPOS="1495"/>
<String CONTENT="treatment" HEIGHT="48" WIDTH="306" VPOS="3430" HPOS="1545"/>
<SP HEIGHT="47" WIDTH="48" VPOS="3431" HPOS="1852"/>
<String CONTENT="of" HEIGHT="54" WIDTH="65" VPOS="3424" HPOS="1901"/>
<SP HEIGHT="54" WIDTH="52" VPOS="3424" HPOS="1967"/>
<String CONTENT="all" HEIGHT="51" WIDTH="78" VPOS="3427" HPOS="2020"/>
<SP HEIGHT="53" WIDTH="52" VPOS="3426" HPOS="2099"/>
<String CONTENT="dogs," HEIGHT="69" WIDTH="158" VPOS="3426" HPOS="2152"/>
<SP HEIGHT="67" WIDTH="50" VPOS="3426" HPOS="2311"/>
<String CONTENT="by" HEIGHT="68" WIDTH="75" VPOS="3426" HPOS="2362"/>
</TextLine>
<TextLine HEIGHT="73" WIDTH="2010" VPOS="3503" HPOS="425" STYLEREFS="StyleId-C0F169C7-A4CE-4DEB-8A1F-B4D7ED0706BB-" CS="1">
<String CS="1" CONTENT="Fayette" HEIGHT="56" WIDTH="240" VPOS="3504" HPOS="425"/>
<SP HEIGHT="55" WIDTH="41" VPOS="3505" HPOS="666"/>
<String CONTENT="C." HEIGHT="55" WIDTH="62" VPOS="3505" HPOS="708"/>
<SP HEIGHT="52" WIDTH="39" VPOS="3506" HPOS="771"/>
<String CS="1" CONTENT="Ewing" HEIGHT="71" WIDTH="213" VPOS="3505" HPOS="811"/>
<SP/>
<String CS="1" CONTENT="&#8230;"/>
<SP HEIGHT="53" WIDTH="78" VPOS="3506" HPOS="1123"/>
<String CONTENT="Rev." HEIGHT="54" WIDTH="138" VPOS="3506" HPOS="1202"/>
<SP HEIGHT="36" WIDTH="41" VPOS="3524" HPOS="1341"/>
<String CONTENT="ed." HEIGHT="53" WIDTH="84" VPOS="3506" HPOS="1383"/>
<SP HEIGHT="54" WIDTH="73" VPOS="3505" HPOS="1468"/>
<String CONTENT="Introduction" HEIGHT="54" WIDTH="405" VPOS="3504" HPOS="1542"/>
<SP HEIGHT="54" WIDTH="38" VPOS="3504" HPOS="1948"/>
<String CONTENT="by" HEIGHT="70" WIDTH="77" VPOS="3504" HPOS="1987"/>
<SP HEIGHT="71" WIDTH="42" VPOS="3503" HPOS="2065"/>
<String LANG="fi" CONTENT="S." HEIGHT="57" WIDTH="56" VPOS="3503" HPOS="2108"/>
<SP HEIGHT="56" WIDTH="42" VPOS="3504" HPOS="2165"/>
<String CONTENT="S." HEIGHT="56" WIDTH="57" VPOS="3504" HPOS="2208"/>
<SP HEIGHT="54" WIDTH="40" VPOS="3505" HPOS="2266"/>
<String CONTENT="Van" HEIGHT="54" WIDTH="128" VPOS="3505" HPOS="2307"/>
</TextLine>
<TextLine HEIGHT="71" WIDTH="2013" VPOS="3583" HPOS="424" STYLEREFS="StyleId-C0F169C7-A4CE-4DEB-8A1F-B4D7ED0706BB-" CS="1">
<String CONTENT="Dine" HEIGHT="56" WIDTH="151" VPOS="3583" HPOS="424"/>
<SP/>
<String CS="1" CONTENT="&#8230;"/>
<SP HEIGHT="54" WIDTH="72" VPOS="3585" HPOS="673"/>
<String CONTENT="New" HEIGHT="54" WIDTH="139" VPOS="3585" HPOS="746"/>
<SP HEIGHT="53" WIDTH="36" VPOS="3585" HPOS="886"/>
<String CONTENT="York," HEIGHT="68" WIDTH="178" VPOS="3585" HPOS="923"/>
<SP HEIGHT="68" WIDTH="33" VPOS="3585" HPOS="1102"/>
<String CONTENT="Orange" HEIGHT="69" WIDTH="233" VPOS="3585" HPOS="1136"/>
<SP HEIGHT="54" WIDTH="32" VPOS="3585" HPOS="1370"/>
<String CONTENT="Judd" HEIGHT="54" WIDTH="162" VPOS="3585" HPOS="1403"/>
<SP HEIGHT="68" WIDTH="35" VPOS="3585" HPOS="1566"/>
<String CONTENT="publishing" HEIGHT="70" WIDTH="335" VPOS="3583" HPOS="1602"/>
<SP HEIGHT="51" WIDTH="36" VPOS="3602" HPOS="1938"/>
<String CONTENT="company," HEIGHT="52" WIDTH="299" VPOS="3601" HPOS="1975"/>
<SP HEIGHT="70" WIDTH="35" VPOS="3583" HPOS="2275"/>
<String CONTENT="inc.," HEIGHT="67" WIDTH="126" VPOS="3583" HPOS="2311"/>
</TextLine>
<TextLine HEIGHT="53" WIDTH="152" VPOS="3666" HPOS="426" STYLEREFS="StyleId-C0F169C7-A4CE-4DEB-8A1F-B4D7ED0706BB-">
<String CONTENT="1936." HEIGHT="53" WIDTH="152" VPOS="3666" HPOS="426"/>
</TextLine>
<TextLine HEIGHT="53" WIDTH="1745" VPOS="3733" HPOS="496" CS="1">
<String CONTENT="3" HEIGHT="40" WIDTH="26" VPOS="3738" HPOS="496"/>
<SP HEIGHT="48" WIDTH="22" VPOS="3738" HPOS="523"/>
<String CONTENT="p." HEIGHT="39" WIDTH="42" VPOS="3747" HPOS="546"/>
<SP/>
<String CS="1" CONTENT="l.,"/>
<SP HEIGHT="48" WIDTH="24" VPOS="3738" HPOS="661"/>
<String CONTENT="iii-xvi," HEIGHT="49" WIDTH="186" VPOS="3737" HPOS="686"/>
<SP HEIGHT="49" WIDTH="28" VPOS="3737" HPOS="873"/>
<String CONTENT="17-251" HEIGHT="41" WIDTH="174" VPOS="3737" HPOS="902"/>
<SP HEIGHT="48" WIDTH="23" VPOS="3738" HPOS="1077"/>
<String CONTENT="p." HEIGHT="38" WIDTH="43" VPOS="3748" HPOS="1101"/>
<SP HEIGHT="39" WIDTH="56" VPOS="3739" HPOS="1145"/>
<String CS="1" CONTENT="front."/>
<SP HEIGHT="48" WIDTH="29" VPOS="3737" HPOS="1352"/>
<String CONTENT="(port.)" HEIGHT="48" WIDTH="171" VPOS="3737" HPOS="1382"/>
<SP HEIGHT="48" WIDTH="34" VPOS="3737" HPOS="1554"/>
<String CONTENT="plates," HEIGHT="48" WIDTH="171" VPOS="3736" HPOS="1589"/>
<SP HEIGHT="49" WIDTH="28" VPOS="3735" HPOS="1761"/>
<String CONTENT="fold." HEIGHT="42" WIDTH="118" VPOS="3735" HPOS="1790"/>
<SP HEIGHT="40" WIDTH="28" VPOS="3737" HPOS="1909"/>
<String CONTENT="tab." HEIGHT="41" WIDTH="97" VPOS="3735" HPOS="1938"/>
<SP HEIGHT="38" WIDTH="57" VPOS="3736" HPOS="2036"/>
<String CS="1" CONTENT="20&#189;cm." HEIGHT="42" WIDTH="147" VPOS="3733" HPOS="2094"/>
</TextLine>
<TextLine HEIGHT="51" WIDTH="1940" VPOS="3792" HPOS="498">
<String CONTENT="&#8220;A" HEIGHT="40" WIDTH="69" VPOS="3793" HPOS="498"/>
<SP HEIGHT="39" WIDTH="27" VPOS="3794" HPOS="568"/>
<String CONTENT="half-century" HEIGHT="47" WIDTH="332" VPOS="3794" HPOS="596"/>
<SP HEIGHT="36" WIDTH="30" VPOS="3805" HPOS="929"/>
<String CONTENT="review" HEIGHT="41" WIDTH="176" VPOS="3795" HPOS="960"/>
<SP HEIGHT="28" WIDTH="28" VPOS="3807" HPOS="1137"/>
<String CONTENT="of" HEIGHT="39" WIDTH="53" VPOS="3796" HPOS="1166"/>
<SP HEIGHT="40" WIDTH="27" VPOS="3796" HPOS="1220"/>
<String CONTENT="the" HEIGHT="40" WIDTH="80" VPOS="3796" HPOS="1248"/>
<SP HEIGHT="37" WIDTH="28" VPOS="3806" HPOS="1329"/>
<String CONTENT="pedigrees" HEIGHT="48" WIDTH="251" VPOS="3795" HPOS="1358"/>
<SP HEIGHT="30" WIDTH="31" VPOS="3804" HPOS="1610"/>
<String CONTENT="of" HEIGHT="41" WIDTH="52" VPOS="3793" HPOS="1642"/>
<SP HEIGHT="41" WIDTH="27" VPOS="3793" HPOS="1695"/>
<String CONTENT="the" HEIGHT="39" WIDTH="82" VPOS="3795" HPOS="1723"/>
<SP HEIGHT="31" WIDTH="29" VPOS="3803" HPOS="1806"/>
<String CONTENT="most" HEIGHT="39" WIDTH="126" VPOS="3795" HPOS="1836"/>
<SP HEIGHT="41" WIDTH="31" VPOS="3793" HPOS="1963"/>
<String CONTENT="famous" HEIGHT="41" WIDTH="193" VPOS="3793" HPOS="1995"/>
<SP HEIGHT="42" WIDTH="34" VPOS="3792" HPOS="2189"/>
<String CONTENT="Scottish" HEIGHT="42" WIDTH="214" VPOS="3792" HPOS="2224"/>
</TextLine>
<TextLine HEIGHT="52" WIDTH="2010" VPOS="3849" HPOS="426">
<String CONTENT="terriers" HEIGHT="41" WIDTH="203" VPOS="3851" HPOS="426"/>
<SP HEIGHT="30" WIDTH="27" VPOS="3862" HPOS="630"/>
<String CONTENT="and" HEIGHT="39" WIDTH="94" VPOS="3853" HPOS="658"/>
<SP HEIGHT="39" WIDTH="25" VPOS="3853" HPOS="753"/>
<String CONTENT="their" HEIGHT="40" WIDTH="129" VPOS="3852" HPOS="779"/>
<SP HEIGHT="39" WIDTH="26" VPOS="3851" HPOS="909"/>
<String CONTENT="influence" HEIGHT="42" WIDTH="237" VPOS="3851" HPOS="936"/>
<SP HEIGHT="29" WIDTH="26" VPOS="3864" HPOS="1174"/>
<String CONTENT="upon" HEIGHT="38" WIDTH="126" VPOS="3863" HPOS="1201"/>
<SP HEIGHT="37" WIDTH="26" VPOS="3856" HPOS="1328"/>
<String CONTENT="the" HEIGHT="40" WIDTH="81" VPOS="3853" HPOS="1355"/>
<SP HEIGHT="41" WIDTH="25" VPOS="3851" HPOS="1437"/>
<String CONTENT="breed," HEIGHT="49" WIDTH="159" VPOS="3851" HPOS="1463"/>
<SP HEIGHT="49" WIDTH="29" VPOS="3851" HPOS="1623"/>
<String CONTENT="by" HEIGHT="47" WIDTH="61" VPOS="3851" HPOS="1653"/>
<SP HEIGHT="47" WIDTH="26" VPOS="3851" HPOS="1715"/>
<String CONTENT="Dorothy" HEIGHT="49" WIDTH="222" VPOS="3851" HPOS="1742"/>
<SP HEIGHT="50" WIDTH="28" VPOS="3850" HPOS="1965"/>
<String CONTENT="S." HEIGHT="45" WIDTH="46" VPOS="3850" HPOS="1994"/>
<SP HEIGHT="46" WIDTH="28" VPOS="3849" HPOS="2041"/>
<String CONTENT="Caspersz&#8221;" HEIGHT="50" WIDTH="264" VPOS="3849" HPOS="2070"/>
<SP HEIGHT="40" WIDTH="17" VPOS="3851" HPOS="2335"/>
<String CONTENT=":" HEIGHT="29" WIDTH="9" VPOS="3862" HPOS="2353"/>
<SP HEIGHT="38" WIDTH="27" VPOS="3860" HPOS="2363"/>
<String CONTENT="p." HEIGHT="38" WIDTH="45" VPOS="3860" HPOS="2391"/>
</TextLine>
<TextLine HEIGHT="52" WIDTH="2010" VPOS="3907" HPOS="425" CS="1">
<String CS="1" CONTENT="184-205;" HEIGHT="42" WIDTH="204" VPOS="3907" HPOS="425"/>
<SP HEIGHT="47" WIDTH="37" VPOS="3909" HPOS="659"/>
<String CONTENT="&#8220;The" HEIGHT="41" WIDTH="129" VPOS="3909" HPOS="697"/>
<SP HEIGHT="40" WIDTH="31" VPOS="3910" HPOS="827"/>
<String CONTENT="fathers" HEIGHT="40" WIDTH="192" VPOS="3910" HPOS="859"/>
<SP HEIGHT="29" WIDTH="32" VPOS="3921" HPOS="1052"/>
<String CONTENT="of" HEIGHT="38" WIDTH="52" VPOS="3911" HPOS="1085"/>
<SP HEIGHT="39" WIDTH="29" VPOS="3911" HPOS="1138"/>
<String CONTENT="the" HEIGHT="39" WIDTH="83" VPOS="3911" HPOS="1168"/>
<SP HEIGHT="40" WIDTH="31" VPOS="3910" HPOS="1252"/>
<String CONTENT="breed" HEIGHT="40" WIDTH="142" VPOS="3910" HPOS="1284"/>
<SP HEIGHT="38" WIDTH="37" VPOS="3911" HPOS="1427"/>
<String CONTENT="with" HEIGHT="39" WIDTH="119" VPOS="3910" HPOS="1465"/>
<SP HEIGHT="39" WIDTH="32" VPOS="3910" HPOS="1585"/>
<String CONTENT="comments" HEIGHT="39" WIDTH="264" VPOS="3911" HPOS="1618"/>
<SP HEIGHT="31" WIDTH="33" VPOS="3919" HPOS="1883"/>
<String CONTENT="on" HEIGHT="29" WIDTH="59" VPOS="3920" HPOS="1917"/>
<SP HEIGHT="38" WIDTH="38" VPOS="3911" HPOS="1977"/>
<String CONTENT="type" HEIGHT="48" WIDTH="110" VPOS="3911" HPOS="2016"/>
<SP HEIGHT="31" WIDTH="35" VPOS="3919" HPOS="2127"/>
<String CONTENT="and" HEIGHT="38" WIDTH="95" VPOS="3911" HPOS="2163"/>
<SP HEIGHT="38" WIDTH="33" VPOS="3911" HPOS="2259"/>
<String CONTENT="color," HEIGHT="48" WIDTH="142" VPOS="3909" HPOS="2293"/>
</TextLine>
<TextLine HEIGHT="51" WIDTH="930" VPOS="3964" HPOS="424">
<String CONTENT="by" HEIGHT="49" WIDTH="62" VPOS="3964" HPOS="424"/>
<SP HEIGHT="49" WIDTH="25" VPOS="3964" HPOS="487"/>
<String CONTENT="George" HEIGHT="50" WIDTH="186" VPOS="3964" HPOS="513"/>
<SP HEIGHT="41" WIDTH="25" VPOS="3966" HPOS="700"/>
<String CONTENT="Davidson&#8221;" HEIGHT="41" WIDTH="281" VPOS="3966" HPOS="726"/>
<SP HEIGHT="41" WIDTH="17" VPOS="3966" HPOS="1008"/>
<String CONTENT=":" HEIGHT="30" WIDTH="9" VPOS="3977" HPOS="1026"/>
<SP HEIGHT="38" WIDTH="29" VPOS="3977" HPOS="1036"/>
<String CONTENT="p." HEIGHT="38" WIDTH="43" VPOS="3977" HPOS="1066"/>
<SP HEIGHT="41" WIDTH="26" VPOS="3968" HPOS="1110"/>
<String CONTENT="206-218." HEIGHT="42" WIDTH="217" VPOS="3966" HPOS="1137"/>
</TextLine>
<TextLine HEIGHT="55" WIDTH="1980" VPOS="4020" HPOS="425" CS="1">
<String CONTENT="&#169;" HEIGHT="53" WIDTH="52" VPOS="4020" HPOS="425"/>
<SP HEIGHT="53" WIDTH="35" VPOS="4020" HPOS="478"/>
<String CONTENT="Feb." HEIGHT="40" WIDTH="109" VPOS="4025" HPOS="514"/>
<SP HEIGHT="40" WIDTH="35" VPOS="4025" HPOS="624"/>
<String CONTENT="5," HEIGHT="47" WIDTH="39" VPOS="4025" HPOS="660"/>
<SP HEIGHT="45" WIDTH="34" VPOS="4027" HPOS="700"/>
<String CS="1" CONTENT="1936:" HEIGHT="42" WIDTH="112" VPOS="4025" HPOS="763"/>
<SP HEIGHT="40" WIDTH="35" VPOS="4027" HPOS="876"/>
<String CONTENT="2c." HEIGHT="39" WIDTH="67" VPOS="4027" HPOS="912"/>
<SP HEIGHT="29" WIDTH="32" VPOS="4037" HPOS="980"/>
<String CONTENT="and" HEIGHT="38" WIDTH="94" VPOS="4028" HPOS="1013"/>
<SP HEIGHT="38" WIDTH="34" VPOS="4028" HPOS="1108"/>
<String CONTENT="aff." HEIGHT="40" WIDTH="81" VPOS="4026" HPOS="1143"/>
<SP HEIGHT="39" WIDTH="36" VPOS="4027" HPOS="1225"/>
<String CONTENT="Feb." HEIGHT="40" WIDTH="110" VPOS="4027" HPOS="1262"/>
<SP HEIGHT="40" WIDTH="37" VPOS="4027" HPOS="1373"/>
<String CONTENT="30:" HEIGHT="39" WIDTH="80" VPOS="4027" HPOS="1411"/>
<SP HEIGHT="39" WIDTH="38" VPOS="4027" HPOS="1492"/>
<!-- cceid 9585293D-6E3A-1014-83DD-942C093A1DD9 --><String CONTENT="A" HEIGHT="38" WIDTH="38" VPOS="4027" HPOS="1531"/>
<SP HEIGHT="40" WIDTH="33" VPOS="4026" HPOS="1570"/>
<String CONTENT="91683;" HEIGHT="42" WIDTH="170" VPOS="4026" HPOS="1604"/>
<SP HEIGHT="42" WIDTH="38" VPOS="4026" HPOS="1775"/>
<String CONTENT="Orange" HEIGHT="49" WIDTH="194" VPOS="4026" HPOS="1814"/>
<SP HEIGHT="40" WIDTH="32" VPOS="4027" HPOS="2009"/>
<String CONTENT="Judd" HEIGHT="40" WIDTH="131" VPOS="4027" HPOS="2042"/>
<SP HEIGHT="46" WIDTH="35" VPOS="4028" HPOS="2174"/>
<String CONTENT="pub." HEIGHT="46" WIDTH="108" VPOS="4028" HPOS="2210"/>
<SP HEIGHT="27" WIDTH="35" VPOS="4040" HPOS="2319"/>
<String CS="1" CONTENT="co.," HEIGHT="29" WIDTH="50" VPOS="4038" HPOS="2355"/>
</TextLine>
<TextLine HEIGHT="46" WIDTH="418" VPOS="4082" HPOS="496" CS="1">
<String CS="1" CONTENT="inc." HEIGHT="43" WIDTH="78" VPOS="4082" HPOS="496"/>
<SP HEIGHT="45" WIDTH="73" VPOS="4083" HPOS="588"/>
<String CONTENT="(36-5261)" HEIGHT="46" WIDTH="252" VPOS="4082" HPOS="662"/>
</TextLine>
</TextBlock>
</PrintSpace>
</Page>
</Layout>
</alto>