2519 4377
1331 4168 102 50 336

371 478 188 66 Jesse,
586 479 323 65 Fryniwyd
935 480 337 64 Tennyson.

555 555 1830 70 … Sabi pas; or, I don’t know. London, W. Heinemann,
375 638 152 50 1935.

442 708 535 50 4 p. l., 66 p. 18½cm.
445 765 63 41 At
532 766 127 41 head
687 766 53 41 of
763 767 137 40 title:
930 766 51 41 F.
1008 766 257 47 Tennyson
1292 765 151 43 Jesse.

445 822 291 42 Illustrated
764 825 99 48 t.-p.

448 878 185 43 Stories
663 881 51 40 of
742 882 83 40 the
852 882 121 48 dogs
999 882 96 39 and
1125 883 105 38 cats
1260 882 49 38 in
1338 883 82 39 the
1449 883 220 39 author’s
1699 881 265 48 Provençal
1995 883 279 40 household.

374 934 2014 55 © 1c. Feb. 8, 1936; A ad int. 21098; pubd. Dec. 12, 1935; Fryniwyd
445 997 259 48 Tennyson
729 997 139 40 Jesse
891 998 261 47 Harwood,
1180 998 107 45 Eze,
1314 997 52 40 A.
1394 998 77 46 M.,
1499 998 200 40 France.
1764 996 252 51 (36-8029)

372 1086 207 65 Johns,
607 1085 303 65 Rowland,
941 1091 173 50 1882-

443 1162 177 55 Jock:
660 1162 98 55 the
794 1162 209 68 King’s
1042 1181 172 50 pony,
1253 1163 74 68 by
1367 1161 283 54 Rowland
1690 1163 214 65 Johns;
1948 1162 327 54 illustrated
2315 1163 75 69 by

374 1242 147 52 Paul
567 1242 231 53 Brown.
879 1241 140 54 New
1064 1241 182 65 York,
1290 1243 67 53 E.
1400 1243 66 52 P.
1511 1243 226 51 Dutton
1782 1242 113 52 and
1938 1258 300 52 company,
2282 1240 106 56 inc.

378 1322 194 65 [c1936]

444 1394 949 50 3 p. l., 11-60 p. front., illus. 22cm.
446 1450 293 42 Illustrated
769 1453 99 47 t.-p.
898 1453 96 39 and
1024 1450 365 50 lining-papers.

445 1507 43 40 A
509 1509 136 46 story
674 1509 54 40 of
754 1509 83 39 the
863 1519 127 37 pony
1016 1509 54 40 of
1097 1508 184 48 George
1306 1520 41 36 v,
1376 1511 99 38 late
1498 1509 118 48 king
1639 1509 51 40 of
1718 1509 236 48 England.

447 1563 165 43 “First
651 1563 231 43 edition.”

374 1618 52 53 ©
457 1624 114 46 Apr.
604 1623 40 47 3,
679 1622 114 41 1936;
852 1623 67 41 2c.
953 1624 94 39 and
1083 1623 83 40 aff.
1201 1623 114 47 Apr.
1347 1624 26 37 4;
1436 1624 39 38 A
1509 1622 144 42 92876;
1718 1625 52 39 E.
1806 1624 50 40 P.
1891 1625 188 39 Dutton
2114 1624 36 40 &
2182 1635 83 37 co.,
2297 1623 93 42 inc.

452 1680 254 49 (36-8266)

373 1770 178 66 Jung,
581 1772 136 54 Carl
744 1772 250 62 Gustav,
1023 1772 173 55 1875-

534 1846 1852 71 … Die beziehungen zwischen dem ich und dem unbewussten.
372 1924 209 55 Zürich
629 1932 120 61 [etc.]
783 1926 252 53 Rascher
1061 1927 46 50 &
1133 1944 78 36 co.
1241 1945 48 34 a.
1315 1945 72 50 g.,
1416 1928 152 52 1935.

442 1999 730 51 7 p. l., 11-207, [1 ] p. 21cm.
441 2056 67 41 At
534 2059 127 39 head
689 2058 52 40 of
769 2058 109 41 title
896 2069 9 29 :
936 2057 49 41 C.
1017 2057 54 42 G.
1099 2058 143 48 Jung.

445 2113 183 42 Second
658 2116 199 40 edition.

372 2170 2019 57 © Aug. 13, 1935: 1c. Nov. 30; A-Foreign 30233; Rascher & cie., a.-g.,
445 2233 180 50 verlag.
694 2232 252 50 (36-7991)

374 2321 269 67 Kaledin,
672 2322 207 55 Victor
906 2323 92 65 K.,
1029 2325 172 54 1887-

447 2401 164 68 High
649 2406 255 63 treason;
943 2402 134 53 four
1113 2402 188 67 major
1334 2420 150 35 cases
1520 2402 62 52 of
1619 2403 96 52 the
1752 2403 82 55 St.
1870 2403 350 68 Petersburg
375 2404 1992 130 Personal
575 2483 164 50 court
773 2481 234 66 branch,
1043 2481 76 67 by
1157 2479 235 56 Colonel
1431 2480 202 54 Victor
1670 2481 74 53 K.
1783 2481 271 53 Kaledin.
2131 2481 260 65 London,

375 2561 191 52 Hurst
589 2563 46 50 &
660 2558 285 67 Blackett,
971 2559 104 54 ltd.
1129 2562 135 50 [1936]

441 2629 87 42 287
558 2641 43 38 p.
662 2630 137 41 front.
841 2630 173 49 (port.)
1082 2629 118 41 24cm.

444 2685 482 44 Contents.—1911.
962 2688 102 41 The
1104 2688 360 41 assassination
1505 2688 52 40 of
1597 2687 218 42 Premier
1858 2686 531 50 Stolypin.—1911-12.

374 2744 102 42 The
506 2746 130 42 theft
666 2747 52 39 of
749 2747 83 40 the
865 2746 258 41 Baronova
1156 2744 431 44 formula.—1912.
1618 2746 102 41 The
1752 2746 370 42 Brest-Litovsk
2155 2745 235 49 drainage

374 2800 530 46 contract.—1912-13.
933 2804 102 41 The
1062 2804 154 41 Black
1242 2814 131 31 mass
1401 2805 53 39 of
1480 2804 248 42 Hannula.

376 2860 2017 54 © 1c. Mar. 5, 1936; A ad int. 21155; pubd. Jan. 9; Victor; Konstantine
447 2922 128 40 Cecil
607 2923 138 39 Luke
773 2923 61 39 de
864 2923 339 39 Mordowtzeff
1235 2922 224 48 Kaledin,
1494 2924 134 38 West
1662 2924 167 46 Down,
1863 2924 157 39 North
2055 2925 181 45 Devon,
447 2924 1930 96 England.
647 2979 253 48 (36-8062)

376 3069 387 65 Knebworth,
795 3070 255 53 Edward
1083 3069 289 64 Anthony
1402 3070 203 53 James
1635 3069 244 64 Lytton,
1911 3070 279 67 viscount,
449 3072 1944 130 1903-1933.

448 3228 239 65 Antony
719 3227 305 61 (Viscount
1064 3226 386 67 Knebworth)
1534 3227 57 52 A
1629 3226 196 53 record
1868 3226 63 52 of
1968 3226 181 67 youth
2188 3227 76 66 by
2301 3225 89 53 his

381 3306 210 64 father,
623 3305 96 52 the
754 3306 140 51 Earl
930 3305 63 52 of
1025 3306 245 65 Lytton;
1307 3304 139 52 with
1484 3323 31 33 a
1549 3303 288 54 foreword
1868 3304 74 67 by
1979 3306 56 54 J.
2069 3304 79 53 M.
2186 3302 204 54 Barrie

519 3381 1123 67 … New York, C. Scribner’s sons, 1936.
446 3465 76 37 XV,
553 3454 85 40 368
671 3464 42 38 p.
774 3453 164 49 front.,
967 3453 171 49 plates,
1171 3454 149 47 ports.
1380 3452 118 43 22cm.

447 3512 119 41 This
596 3513 169 40 record
794 3512 209 41 consists
1030 3510 174 48 chiefly
1234 3511 52 41 of
1312 3511 170 41 letters
1510 3511 158 40 which
1700 3512 172 48 passed
1908 3510 214 42 between
2155 3509 233 43 Viscount

379 3569 298 41 Knebworth
706 3571 95 39 and
832 3570 77 41 his
935 3573 215 44 parents.

379 3625 52 53 ©
473 3631 121 39 Mar.
635 3629 69 48 10,
744 3629 140 47 1936;
927 3628 66 41 2c.
1033 3630 101 43 and,
1171 3628 80 40 aff.
1295 3630 120 39 Mar.
1457 3629 81 47 18;
1582 3630 39 38 A
1662 3628 170 49 92403;
1878 3630 203 39 Charles
2126 3629 264 41 Scribner’s

448 3698 125 29 sons.
638 3686 252 49 (36-8066)

379 3763 354 63 Larnaudie,
762 3763 213 63 Roger.

534 3835 1857 67 … La vie surhumaine de Samuel Hahnemann, fondateur de
383 3906 1777 78 l’homœopathie … Paris, Éditions du Parthenon [1935]
450 3990 665 50 3 p. l., [9]-276, [2] p. 22cm.
376 4043 2012 53 © Dec. 30. 1935; 1c. Jan. 23, 1936; A- Foreign 30239; R. Larnaudie,
454 4105 153 39 Paris.
674 4103 251 49 (36-8193)
