2519 4377
1380 4098 97 49 106

404 420 360 66 Anstensen,
798 421 253 65 Ansten,
1087 428 170 50 1899-

472 496 122 52 The
635 497 243 67 proverb
918 497 59 53 in
1019 497 195 68 Ibsen;
1257 497 322 69 proverbial
1621 496 229 70 sayings
1893 495 113 53 and
2050 495 262 54 citations
2354 515 60 34 as

404 573 2010 72 elements in his style, by Ansten Anstensen … New York,
406 650 300 58 Columbia
736 654 315 67 university
1079 672 172 50 press,
1285 657 149 50 1936.

472 724 65 46 xi,
582 723 87 41 255
714 735 57 37 p.,
815 725 25 39 1
906 758 9 9 l.
976 725 55 41 23½cm.
1193 726 299 51 (Half-title:
1538 727 251 41 Columbia
1836 725 272 48 university
2157 725 256 41 Germanic

403 780 201 48 studies,
631 782 72 39 ed.
730 782 61 47 by
819 782 55 43 R.
902 783 61 42 H.
993 782 124 41 Fife.
1178 784 117 38 New
1323 793 104 37 ser.,
1456 794 74 31 no.
1596 784 13 47 1)

475 839 172 40 Issued
679 840 105 39 also
816 850 55 29 as
904 840 153 40 thesis
1098 841 109 46 (PH.
1271 840 35 48 D.)
1350 841 250 41 Columbia
1638 840 284 47 university.

475 895 352 49 Bibliography:
882 907 43 37 p.
951 896 218 41 253-255.

402 951 53 55 ©
486 956 109 41 Feb.
627 957 40 48 1,
698 957 141 47 1936;
871 957 67 42 2c.
971 957 111 41 Feb.
1114 957 52 46 6;
1199 956 82 42 aff.
1315 957 110 41 Feb.
1457 957 53 47 5;
1544 957 40 39 A
1613 956 144 42 91622;
1816 955 253 43 Columbia
2104 955 129 43 univ.
2265 968 150 37 press.

484 1014 253 50 (36-4945)

406 1104 210 65 Arkin,
648 1105 280 56 Herbert.

474 1178 1878 71 Graphs; how to make and use them, by Herbert Arkin …
404 1258 2011 70 and Raymond R. Colton … New York and London, Harper &
404 1336 280 70 brothers,
717 1341 150 53 1936.

476 1411 1344 52 xvi p., 2 l., 224 p. incl. front., illus., diagrs. 24cm.
477 1468 164 42 “First
668 1469 228 41 edition.”

407 1524 53 53 ©
492 1529 111 40 Feb.
636 1529 41 47 3,
710 1528 141 47 1936;
887 1529 67 40 2c.
988 1529 111 40 Feb,
1134 1529 52 41 1:
1220 1529 82 40 aff.
1337 1529 110 40 Feb.
1481 1530 52 39 5:
1570 1530 40 38 A
1645 1529 170 46 91617;
1852 1529 198 48 Harper
2082 1529 38 40 &
2152 1529 124 40 bros.

490 1585 253 51 (36-4967)

414 1677 403 65 [Armstrong,
844 1677 250 56 Charles
1117 1678 224 66 Henry]

482 1755 390 67 Announcing
921 1756 95 52 the
1065 1774 123 35 new
1239 1757 49 51 I.
1336 1757 65 52 F.
1453 1756 61 55 C.
1567 1755 276 54 founders
1893 1755 140 68 plan
2084 1754 64 54 of
2196 1753 226 70 mining

411 1831 236 69 finance,
685 1851 60 37 so
783 1833 299 53 conceived
1119 1839 60 47 to
1218 1830 140 57 offer
1396 1838 225 63 greater
1660 1833 190 68 safety
1889 1834 114 52 and
2043 1834 378 68 opportunity

412 1912 95 53 for
542 1912 215 67 capital
790 1912 258 53 invested
1086 1911 56 52 in
1179 1911 224 68 mining
1436 1912 249 67 projects
1723 1910 113 55 and
1870 1917 57 49 to
1962 1910 296 69 definitely

411 1931 1985 112 protect
554 2010 31 34 a
614 1990 227 67 mining
871 1990 252 53 investor
1153 1990 154 53 from
1336 1991 215 53 unwise
1582 1991 111 52 and
1725 1990 313 67 foolhardy
2068 1991 355 67 speculation

412 2069 59 53 in
503 2069 405 67 inadequately
941 2066 256 55 financed
1231 2068 226 68 mining
1487 2072 278 50 ventures.
1840 2069 290 67 [Toronto,

412 2069 1986 131 International
619 2145 156 55 fiscal
802 2146 383 68 corporation,
1211 2147 123 67 ltd.]
1366 2150 173 51 c1936.

481 2223 25 39 7
536 2232 42 38 p.
746 2253 8 9 30cm.

411 2275 2013 53 © 1c. Mar. 11, 1936; A ad int. 21222; pubd. Feb. 29; Internati, fiscal
464 2336 326 49 corporation,
816 2337 89 39 ltd.

417 2427 169 53 Bank
617 2427 66 53 of
714 2427 103 53 the
849 2426 361 54 Manhattan
1243 2441 306 49 company,
1580 2427 140 51 New
1754 2427 177 52 York.

487 2503 285 68 Virginia,
800 2503 95 52 the
923 2500 116 56 Old
1067 2502 309 53 dominion.
1451 2501 134 51 New
1620 2499 176 71 York,
1824 2500 69 52 N.
1927 2500 91 69 Y.,
2047 2500 168 52 Bank
2243 2500 61 52 of
2332 2502 94 53 the

416 2582 684 68 Manhattan company [c1936]
486 2653 27 39 5
543 2664 43 38 p.
653 2684 11 16 l.,
694 2653 57 41 82
783 2664 42 37 p.
887 2654 53 39 13½cm.
1104 2653 98 48 (On
1234 2664 164 31 cover:
1428 2653 101 39 The
1563 2653 293 39 Manhattan
1888 2653 203 47 library,
2151 2664 44 33 v.
2228 2652 106 48 5-S)

414 2709 53 54 ©
496 2715 109 40 Jan.
634 2714 70 49 30,
734 2713 118 41 1936;
907 2714 66 38 2c.
1004 2714 96 40 and
1129 2713 82 40 aff.
1242 2713 109 39 Jan.
1381 2712 82 45 31;
1496 2712 40 39 A
1564 2711 171 48 91552;
1768 2712 141 40 Bank
1937 2713 53 39 of
2020 2714 81 39 the
2132 2714 295 39 Manhattan

485 2782 67 30 co.
617 2770 253 49 (36-4590)

417 2859 202 68 Bazin,
655 2860 181 67 René,
874 2863 327 53 1853-1932.

486 2934 1939 72 Les Oberlé, par René Bazin … adapted and edited by J.
416 3012 2011 73 Douglas Haygood … Boston, New York [etc.] D. C. Heath
418 3096 458 68 and company [c1936]
488 3169 27 39 2
551 3180 44 37 p.
671 3201 8 16 l.,
717 3168 190 53 iii-viii,
948 3168 85 41 164
1070 3179 43 37 p.
1183 3169 148 39 front,
1361 3166 158 49 (map)
1607 3165 88 40 illus.
1763 3164 55 41 19½cm.
1991 3163 299 49 (Half-title:
2329 3165 100 39 The

418 3225 400 49 Heath-Chicago
847 3226 190 41 French
1066 3226 175 46 series)

417 3282 54 53 ©
497 3287 109 40 Jan.
633 3286 71 49 30,
731 3286 114 40 1936;
900 3285 67 42 2c.
996 3287 97 39 and
1119 3285 82 41 aff.
1230 3285 112 41 Feb.
1369 3286 52 42 7;
1451 3285 39 38 A
1518 3284 143 40 91645:
1718 3284 58 39 D.
1806 3283 48 41 O.
1884 3284 163 39 Heath
2078 3283 37 40 &
2139 3294 67 29 co.
488 3283 1925 108 [Copyright
649 3344 43 39 is
722 3343 205 40 claimed
959 3354 60 29 on
1051 3342 269 41 Historical
1354 3345 124 38 note,
1511 3343 150 45 notes,
1692 3340 147 40 idiom
1870 3340 84 41 list
1990 3341 94 39 and
2118 3340 311 49 vocabulary]

498 3400 254 49 (36-4822)

420 3491 320 67 Bennison,
766 3492 144 56 Ben.

492 3570 209 55 Giants
729 3590 71 34 on
828 3571 230 67 parade.
1140 3575 106 63 [1st
1272 3570 348 66 instalment]

499 3644 85 48 (In
614 3641 203 42 London
849 3641 102 43 The
985 3641 195 51 People,
1213 3640 116 44 Dec.
1362 3641 71 49 29,
1469 3638 142 50 1935)

420 3695 2011 55 © 1c. Feb. 25, 1936; A ad int. 21124; pubd. Dec. 29, 1935; B. Bennison,
490 3758 213 40 London.

499 3847 226 67 [Giants
765 3867 71 34 on
878 3848 230 66 parade.
1184 3848 71 52 2d
1301 3845 346 66 instalment]
1729 3842 361 68 Carpenter’s
2133 3841 297 53 downfall.

501 3921 85 49 (In
615 3917 202 44 London
846 3919 102 42 The
979 3918 196 51 People,
1206 3917 112 43 Jan.
1349 3919 42 46 5,
1423 3916 143 50 1936)

420 3969 2013 59 © 1c. Mar. 2, 1936; A ad int. 21139; pubd. Jan. 5; B. Bennison, London.
