2519 4377
1351 4121 98 49 138

371 434 271 68 Bentley,
676 436 232 65 Phyllis
939 436 273 67 Eleanor,
1248 444 173 50 1894-

444 514 300 69 Freedom,
782 513 258 55 farewell!
1152 517 90 67 By
1276 515 229 70 Phyllis
1541 516 260 69 Bentley.
1878 518 141 53 New
2057 518 180 67 York,
2271 519 123 53 The

372 591 339 56 Macmillan
744 611 298 52 company,
1077 598 150 52 1936.

445 685 102 50 viii,
574 687 89 41 484
692 697 44 38 p.
796 687 148 42 20½cm.

370 762 54 54 ©
457 766 111 41 Feb.
602 766 72 44 25,
708 766 142 47 1936;
881 766 68 41 2c.
985 768 96 39 and
1115 767 82 41 aff.
1232 767 112 41 Feb.
1378 768 83 42 26;
1497 768 42 39 A
1571 767 172 42 90984:
1782 768 188 49 Phyllis
2006 769 221 48 Bentley,
439 770 1940 102 Halifax,
575 824 283 49 Yorkshire,
893 825 237 47 England.
1234 824 280 49 (36-27113)

373 927 255 68 Brande,
655 932 140 52 Mrs.
825 929 322 66 Dorothea,
1180 935 173 50 1893-

444 1008 182 54 Wake
682 1027 78 49 up
815 1009 112 53 and
979 1010 113 51 live!
1205 1010 89 65 By
1347 1010 293 52 Dorothea
1695 1010 248 53 Brande.
2021 1010 139 54 New
2215 1010 181 68 York,

377 1085 200 56 Simon
603 1088 114 52 and
745 1088 289 65 Schuster,
1063 1091 150 50 1936.

444 1180 892 49 3 p. l., 198 p., 1 l. 1 illus, 19cm.
373 1255 53 53 ©
451 1260 111 40 Feb.
589 1259 70 47 28,
683 1258 141 47 1936;
853 1259 65 40 2c.
947 1260 122 39 Mar.
1095 1258 26 41 9;
1178 1258 82 41 aff.
1290 1261 120 39 Mar.
1437 1260 52 40 6:
1518 1260 41 39 A
1583 1259 172 47 92198;
1786 1261 57 39 D,
1870 1259 210 49 Brande,
2107 1260 121 40 New
2252 1260 146 42 York.

376 1365 234 63 Brown,
640 1366 259 52 Forman
929 1365 249 64 George.

445 1439 250 55 Punch’s
725 1458 285 52 progress,
1031 1440 76 70 by
1136 1441 254 52 Forman
1421 1441 230 53 Brown.
1720 1440 140 54 New
1882 1439 184 69 York,
2087 1441 123 55 The
374 1441 2000 132 Macmillan
615 1538 301 51 company,
957 1523 151 50 1936.

448 1615 565 52 3 p. l., 250 p. 20½cm.
447 1695 310 42 Adventures
790 1696 52 40 of
870 1696 83 40 the
983 1697 180 39 author
1195 1697 120 39 with
1349 1706 27 30 a
1409 1698 173 46 troupe
1614 1696 52 41 of
1695 1695 336 42 marionettes.

376 1773 53 54 ©
461 1779 122 39 Mar.
615 1777 71 49 10,
717 1778 142 47 1936;
893 1777 68 41 2c.
994 1779 94 39 and
1122 1777 82 41 aff.
1236 1779 121 38 Mar.
1391 1778 82 46 11;
1508 1778 41 39 A
1579 1777 172 48 92180;
1788 1779 286 40 Macmillan
2105 1791 69 29 co.

457 1835 284 49 (36-27168)

379 1940 262 65 Bullard,
670 1941 224 53 Robert
924 1942 134 64 Lee,
1090 1947 173 48 1861-

380 2017 2022 134 American soldiers also fought, by Lieutenant General Robert Lee Bullard … in collaboration with Earl Reeves. New
383 2175 181 60 York,
590 2179 274 58 Toronto,
889 2178 349 65 Longmans,
1264 2176 187 55 Green
1478 2177 112 52 and
1617 2194 97 46 co.,
1742 2179 150 51 1936.

449 2272 66 48 ix,
546 2272 85 40 118
663 2282 44 38 p.
767 2270 148 42 19½m.

380 2347 53 53 ©
469 2353 121 38 Mar.
628 2351 69 48 11,
735 2350 141 43 1936;
916 2350 67 41 2c.
1022 2352 122 38 Mar.
1180 2350 83 47 24;
1304 2349 82 42 aff.
1425 2351 122 39 Mar.
1585 2349 82 47 25;
1708 2350 43 39 A
1785 2349 173 47 92546;
2000 2350 56 40 R.
2095 2350 49 39 L.
2183 2349 220 49 Bullard,

451 2410 117 39 New
593 2409 147 49 York,
768 2408 96 40 and
893 2409 117 39 Earl
1038 2409 198 47 Reeves,
1265 2407 309 49 Ridgewood,
1598 2407 57 40 N.
1683 2407 44 41 J.

384 2512 392 66 Buytendijk,
805 2512 285 54 Frederik
1115 2512 261 54 Jacobus
1399 2512 322 63 Johannes,
1751 2513 172 54 1887-

386 2585 1995 151 … The mind of the dog [by] F. J. J. Buytendijk … Boston and New York, Houghton Mifflin company, 1936.
456 2739 1414 50 2 p. l., 7-213 p. front., illus., plates, diagrs. 21cm.
457 2812 64 41 At
545 2813 128 40 head
697 2812 54 40 of
775 2812 110 40 title
903 2824 8 29 :
940 2811 295 41 Translated
1263 2812 61 46 by
1349 2811 162 40 Lilian
1538 2811 54 40 A.
1622 2811 156 41 Clare.

384 2891 1909 54 © Feb. 11 , 1936; 2c. and aff. Mar. 14; A 93173; Houghton Mifflin co.
464 2953 283 49 (36-27169)

388 3058 283 64 Christie,
702 3060 141 52 Mrs.
876 3056 248 66 Agatha
1153 3056 255 65 (Miller)

551 3130 1854 70 … The A. B. C. murders; a new Poirot mystery. New York,
388 3214 192 70 Dodd,
608 3213 175 55 Mead
812 3215 47 52 &
885 3230 300 51 company,
1216 3214 152 51 1936.

461 3286 663 52 viii p., 1 l., 306 p. 20cm.
461 3360 65 42 At
551 3360 128 41 head
705 3359 52 42 of
783 3358 110 42 title
911 3369 9 30 :
951 3359 190 49 Agatha
1173 3355 228 44 Christie.

387 3435 54 53 ©
475 3440 110 39 Feb.
622 3440 70 46 14,
729 3437 140 47 1936;
908 3438 66 40 2c.
1012 3437 111 40 Feb.
1161 3438 82 44 17;
1283 3437 82 39 aff.
1405 3436 110 40 Feb.
1554 3436 80 45 15;
1673 3434 43 39 A
1749 3433 172 47 90804;
1961 3434 192 48 Agatha
2195 3432 215 43 Christie

458 3498 278 47 Mallowan,
771 3496 230 46 Ashfield,
1038 3496 242 47 Torquay,
1315 3495 182 45 Devon,
1532 3493 236 47 England.
1843 3489 283 50 (36-27120)

392 3602 153 65 Cole,
572 3602 290 65 Cyrenus,
891 3606 172 50 1863-

463 3679 33 53 I
530 3678 329 67 remember,
894 3680 30 51 I
960 3677 338 59 remember;
1338 3697 31 33 a
1402 3676 149 54 book
1585 3675 64 55 of
1681 3673 406 68 recollections,
2120 3674 77 67 by
392 3674 1990 138 Cyrenus
526 3757 154 55 Cole.
756 3758 158 55 Iowa
943 3757 154 68 City,
1160 3776 66 48 Ia.,
1250 3756 122 53 The
1400 3756 161 55 State
1586 3753 295 54 historical
1905 3752 213 68 society
2144 3751 63 53 of
2233 3754 175 66 Iowa,

394 3841 151 52 1936.

467 3924 84 41 543
583 3934 43 38 p.
688 3922 146 40 24½cm.

390 3997 53 54 ©
473 4003 121 39 Mar.
623 4001 71 49 11,
724 4000 117 41 1930;
897 4000 68 40 2c.
996 4001 94 38 and
1122 3999 82 40 aff.
1237 4000 120 38 Mar.
1390 3999 81 42 13;
1504 3998 38 39 A
1572 3997 172 46 92251;
1780 3995 137 41 State
1948 3994 252 41 historical
2235 4004 92 30 soc.
2359 3993 52 41 of

464 4061 145 40 Iowa.
684 4057 283 53 (36-27737)
