2519 4377
1268 4152 105 55 790

395 553 155 39 These
581 552 275 48 pamphlets
888 561 86 31 are
1005 555 48 37 to
1084 552 57 40 be
1172 551 140 41 fitted
1342 551 103 42 into
1477 554 85 40 the
1590 554 197 47 pockets
1821 555 54 38 at
1904 553 82 40 the
2018 553 122 40 back
2170 554 52 39 of
2254 555 83 41 the

324 611 220 38 volumes
569 609 53 40 of
647 609 87 40 the
757 610 74 38 set
859 612 48 37 to
936 609 158 40 which
1126 609 118 48 they
1268 609 185 48 belong.

325 667 53 53 ©
413 672 131 39 June
573 670 70 48 10,
676 669 141 49 1936;
854 670 68 42 2c.
958 672 121 39 each
1111 671 130 40 June
1271 671 58 40 27;
1393 671 82 40 aff.
1512 672 129 40 June
1673 672 84 47 24;
1795 672 39 40 A
1869 671 144 42 96197;
396 673 1939 103 Bancroft-Whitney

655 738 68 30 co.
754 728 95 39 and
880 728 234 47 Lawyers
1140 727 326 49 co-operative
1495 729 109 47 pub.
1635 739 67 31 co.

322 829 233 65 Schinz,
583 829 231 67 Albert,
844 830 171 55 1870-
1228 832 85 53 ed.

395 907 1876 71 Nouvelle anthologie française, edited by Albert Schinz …
325 986 2007 70 Osmond T. Robert … [and] Pierre François Giroud. New
326 1066 180 69 York,
534 1067 312 67 Harcourt,
876 1068 182 52 Brace
1086 1067 114 53 and
1227 1084 298 51 company,
1557 1071 151 50 1936.

398 1139 102 50 viii,
529 1138 88 43 680
644 1149 45 38 p.
749 1138 129 42 illus.
906 1139 162 50 (map)
1137 1139 146 41 23½cm.

397 1196 131 40 Most
555 1194 54 42 of
635 1195 84 41 the
747 1195 259 42 selections
1035 1207 84 30 are
1149 1197 234 48 preceded
1415 1197 61 48 by
1506 1197 127 40 brief
1663 1196 333 52 biographical
2029 1197 223 40 sketches
2285 1199 50 39 of

326 1255 85 39 the
440 1254 219 41 authors.

324 1308 53 53 ©
407 1313 113 47 May
549 1311 70 49 26,
650 1311 141 48 1936;
822 1311 68 41 2c.
921 1313 97 39 and
1048 1311 82 40 aff.
1162 1312 127 40 June
1319 1311 54 40 12;
1434 1312 39 39 A
1503 1311 142 41 94911;
1708 1313 264 47 Harcourt,
2005 1313 154 40 Brace
2187 1313 37 39 &
2252 1320 82 40 co.,

398 1368 90 42 inc.
564 1368 283 50 (36-13062)

322 1472 227 66 Shultz,
574 1473 125 53 Birl
725 1473 159 65 Earl,
915 1479 171 49 1883-

393 1546 1941 73 Stock exchange procedure, by Birl E. Shultz … New York
321 1627 133 71 city,
482 1628 139 54 New
651 1628 166 56 York
839 1628 160 53 stock
1025 1629 291 69 exchange
1342 1627 277 70 institute,
1650 1630 151 52 1936.

393 1700 1416 51 x, 102 p. illus., fold. plates, plans (1 fold.) 27½cm.
395 1759 264 42 Published
692 1759 51 40 in
776 1759 116 40 1934
924 1760 155 40 under
1112 1759 106 41 title;
1282 1759 103 40 The
1418 1758 137 41 stock
1587 1758 249 48 exchange
1867 1758 80 40 for
1980 1756 271 49 beginners.

395 1815 296 43 “Collateral
718 1816 228 48 reading”
976 1818 52 39 at
1052 1818 93 39 end
1175 1816 52 40 of
1251 1817 119 40 each
1398 1816 213 47 chapter.

323 1872 53 53 ©
400 1877 115 47 Apr.
544 1875 69 49 28,
643 1874 115 42 1936;
815 1875 67 41 2c.
912 1876 114 47 May
1053 1874 28 41 9;
1139 1874 83 42 aff.
1252 1876 114 47 May
1394 1875 53 39 11;
1508 1875 41 39 A
1576 1873 145 42 95107;
1780 1876 53 39 B.
1865 1876 53 39 E.
1950 1874 185 48 Shultz,
393 1875 1926 106 Englewood,
576 1933 54 39 N.
665 1933 44 40 J.

772 1932 282 49 [Copyright
1085 1932 42 40 is
1158 1931 206 41 claimed
1398 1942 61 29 on
1492 1931 341 41 Introduction
1864 1932 96 39 and
1993 1930 227 49 revision]

403 1990 283 47 (36-13017)

321 2092 216 65 Smith,
561 2093 264 53 Thomas
847 2092 247 62 Vernor,
1125 2098 171 49 1890-

393 2166 1877 72 The promise of American politics, by T. V. Smith …
324 2248 270 69 Chicago,
627 2249 115 68 Ill.,
776 2249 121 53 The
930 2249 299 55 University
1304 2248 63 54 of
1402 2248 252 69 Chicago
1687 2266 158 51 press
1885 2249 173 67 [1936]

391 2323 104 50 xiii,
522 2323 99 49 289,
699 2343 10 30 [1]
735 2334 43 37 p.
835 2323 146 48 23½cm.

749 2376 1586 43 CONTENTS. — Individualism. — Liberalism. —Fascism.—Communism.—
322 2435 991 42 Parliamentarianism.—Americanism.

322 2489 53 55 ©
400 2495 114 48 Apr.
542 2495 38 47 7,
610 2493 115 41 1936;
781 2492 67 42 2c.
879 2494 114 47 May
1021 2492 25 41 8;
1103 2492 82 41 aff.
1215 2493 114 48 May
1356 2491 26 41 9;
1440 2493 40 38 A
1507 2491 144 41 94352;
1710 2490 287 49 University
2025 2491 50 44 of
2107 2490 225 48 Chicago,

393 2551 225 48 Chicago.
683 2549 282 49 (36-27244)

320 2655 237 62 Sutton,
582 2654 229 64 George
836 2653 252 65 Miksch,
1116 2659 172 50 1898-

396 2731 175 55 Birds
604 2731 64 52 in
699 2730 98 53 the
828 2729 357 67 wilderness;
1224 2730 340 53 adventures
1598 2728 64 53 of
1696 2748 71 34 an
1801 2727 425 70 ornithologist,
2259 2727 74 69 by

325 2809 222 69 George
583 2806 226 55 Miksch
845 2807 237 68 Sutton;
1115 2807 326 54 illustrated
1477 2808 75 68 by
1586 2808 95 52 the
1715 2807 223 68 author,
1974 2806 140 54 with
2147 2805 185 70 pencil

324 2888 292 69 drawings
639 2888 114 53 and
776 2886 416 55 field-sketches
1215 2888 60 53 in
1298 2887 152 55 color
1470 2887 165 53 made
1655 2886 154 54 from
1825 2885 188 70 living
2031 2905 63 35 or
2115 2885 219 69 freshly

320 2967 180 53 killed
523 2967 176 53 birds.
776 2968 139 53 New
939 2966 180 67 York,
1142 2966 121 52 The
1286 2966 334 53 Macmillan
1645 2983 298 51 company,
1968 2968 152 51 1936.

395 3041 83 40 xiv
506 3052 56 37 p.,
591 3042 24 37 1
682 3071 7 15 l.,
717 3041 88 40 200
830 3052 43 37 p.
929 3042 86 39 col.
1042 3041 164 46 front.,
1238 3041 156 47 plates
1423 3040 135 48 (part
1580 3041 113 47 col.)
1756 3041 147 47 22½cm.

323 3094 52 52 ©
408 3098 126 41 June
563 3098 69 47 16,
665 3096 141 48 1936;
837 3097 68 42 2c.
937 3099 95 39 and
1063 3097 83 41 aff.
1178 3098 126 40 June
1334 3099 54 39 17;
1449 3098 41 39 A
1521 3096 143 43 96023
1682 3108 10 37 ,
1726 3097 282 41 Macmillan
2040 3107 68 31 co.

401 3153 284 50 (36-12949)

319 3256 301 66 Sweeney,
645 3257 208 65 Henry
876 3257 355 66 Whitcomb,
1261 3263 170 51 1898-

382 3332 1946 72 Stabilized accounting, by Henry W. Sweeney … Foreword
323 3412 1983 146 by Roy B. Kester … New York and London, Harper & brothers, 1936.
395 3564 89 40 xiii
511 3575 57 39 p.,
593 3565 23 39 1
683 3596 8 17 l.,
719 3564 90 42 219
833 3576 42 38 p.
905 3565 109 41 incl.
1043 3566 169 41 forms.
1268 3566 116 40 24cm.

397 3621 163 41 “First
588 3620 230 43 edition.”

398 3677 379 49 “Bibliography
802 3678 51 41 of
877 3678 226 49 previous
1129 3678 325 48 publications
1477 3680 59 46 by
1562 3679 80 41 the
1668 3679 206 41 author”:
1930 3690 42 37 p.
1997 3680 99 40 204.

323 3729 52 53 ©
403 3734 126 41 June
557 3735 39 46 8,
626 3733 142 49 1936;
798 3735 68 41 2c.
896 3735 126 41 June
1051 3735 39 48 6,
1120 3735 82 41 aff.
1232 3736 129 41 June
1387 3736 82 47 10;
1501 3737 40 38 A
1568 3735 172 48 94842;
1774 3737 193 48 Harper
1998 3737 35 40 &
2065 3738 125 41 bros.

404 3790 282 50 (36-12944)

319 3894 227 52 Taliani
571 3896 57 51 di
653 3896 284 65 Marchio,
965 3897 328 53 Francesco
1316 3897 209 62 Maria,
1554 3900 170 53 1887-

451 3970 1624 71 … Pietrogrado 1917. Milano, A. Mondadori [ 1935]
394 4042 1170 56 5 p. l., [13]-308 p., 1 l. 19½cm. [Lo scrigno]
