<alto xmlns="http://www.loc.gov/standards/alto/ns-v3#" xmlns:xlink="http://www.w3.org/1999/xlink" xmlns:xsi="http://www.w3.org/2001/XMLSchema-instance" xsi:schemaLocation="http://www.loc.gov/standards/alto/ns-v3# http://www.loc.gov/alto/v3/alto-3-0.xsd"><Description>
<MeasurementUnit>pixel</MeasurementUnit>
<sourceImageInformation>
<fileName>1936_v33_Part1.pdf</fileName>
</sourceImageInformation>
<OCRProcessing ID="IdOcr">
<ocrProcessingStep>
<processingDateTime>2019-01-18</processingDateTime>
<processingSoftware>
<softwareCreator>ABBYY</softwareCreator>
<softwareName>ABBYY Recognition Server</softwareName>
<softwareVersion>4.0</softwareVersion>
</processingSoftware>
</ocrProcessingStep>
</OCRProcessing>
</Description>
<Styles>
<ParagraphStyle ID="StyleId-FFFFFFFF-FFFF-FFFF-FFFF-FFFFFFFFFFFF-" ALIGN="Left" LEFT="0." RIGHT="0." FIRSTLINE="0."/>
<ParagraphStyle ID="StyleId-51D50FAC-7A90-4D70-8A96-5EA9D46D1C8B-" ALIGN="Left" LEFT="0." RIGHT="0." FIRSTLINE="0." LINESPACE="7.699999809"/>
<ParagraphStyle ID="StyleId-6BC133E9-7DCB-43C3-8842-A67984A26405-" ALIGN="Block" LEFT="0." RIGHT="0." FIRSTLINE="-17." LINESPACE="8.340000153"/>
<ParagraphStyle ID="StyleId-3C3FF860-43E7-46A2-8934-48F305F6F0D6-" ALIGN="Left" LEFT="0." RIGHT="0." FIRSTLINE="-13." LINESPACE="11.06999969"/>
<ParagraphStyle ID="StyleId-19220C76-4F8A-4737-B38C-B5F5C17E6040-" ALIGN="Block" LEFT="0." RIGHT="0." FIRSTLINE="-13." LINESPACE="11.06999969"/>
<ParagraphStyle ID="StyleId-75A0D721-13ED-4F20-9002-B389EC48477D-" ALIGN="Left" LEFT="0." RIGHT="0." FIRSTLINE="0." LINESPACE="15.5"/>
<ParagraphStyle ID="StyleId-8A414184-C7A5-4AC7-9B88-7DA4DDE75922-" ALIGN="Left" LEFT="0." RIGHT="0." FIRSTLINE="0." LINESPACE="9.399999619"/>
<ParagraphStyle ID="StyleId-1A87970B-111C-4169-99A6-9412976F3C97-" ALIGN="Left" LEFT="0." RIGHT="0." FIRSTLINE="0." LINESPACE="10.5"/>
<ParagraphStyle ID="StyleId-72DB0571-5AE4-41FD-9E11-68C6AC4C437E-" ALIGN="Block" LEFT="0." RIGHT="0." FIRSTLINE="-17." LINESPACE="8.340000153"/>
<ParagraphStyle ID="StyleId-1AA43056-C388-4697-B10F-72FDAA38FAE1-" ALIGN="Center" LEFT="0." RIGHT="0." FIRSTLINE="0." LINESPACE="10.5"/>
</Styles>
<Layout>
<Page ID="Page1298" PHYSICAL_IMG_NR="1298" HEIGHT="4377" WIDTH="2519">
<TopMargin HEIGHT="408" WIDTH="2519" VPOS="0" HPOS="0">
</TopMargin>
<LeftMargin HEIGHT="3752" WIDTH="372" VPOS="408" HPOS="0">
</LeftMargin>
<RightMargin HEIGHT="3752" WIDTH="99" VPOS="408" HPOS="2420">
</RightMargin>
<BottomMargin HEIGHT="217" WIDTH="2519" VPOS="4160" HPOS="0">
</BottomMargin>
<PrintSpace HEIGHT="3752" WIDTH="2048" VPOS="408" HPOS="372">
<TextBlock ID="Page1298_Block1" HEIGHT="72" WIDTH="154" VPOS="4088" HPOS="1316" LANG="en-US" STYLEREFS="StyleId-55A3BFD8-8388-4E42-A7F0-A76FE3E7C241-">
<TextLine HEIGHT="53" WIDTH="133" VPOS="4098" HPOS="1327">
<String CONTENT="1298" HEIGHT="53" WIDTH="133" VPOS="4098" HPOS="1327"/>
</TextLine>
</TextBlock>
<TextBlock ID="Page1298_Block2" HEIGHT="3684" WIDTH="2048" VPOS="408" HPOS="372" CS="1" STYLEREFS="StyleId-0E730B76-5F5C-4DDC-AE67-2855BF2A9196-">
<TextLine HEIGHT="50" WIDTH="1145" VPOS="506" HPOS="456" LANG="en-US">
<String CONTENT="xii," HEIGHT="49" WIDTH="86" VPOS="506" HPOS="456"/>
<SP HEIGHT="48" WIDTH="29" VPOS="507" HPOS="543"/>
<String CONTENT="990," HEIGHT="48" WIDTH="101" VPOS="506" HPOS="573"/>
<SP HEIGHT="36" WIDTH="30" VPOS="518" HPOS="675"/>
<String CONTENT="xii" HEIGHT="40" WIDTH="70" VPOS="507" HPOS="706"/>
<SP HEIGHT="48" WIDTH="28" VPOS="507" HPOS="777"/>
<String CONTENT="p." HEIGHT="37" WIDTH="44" VPOS="518" HPOS="806"/>
<SP HEIGHT="42" WIDTH="59" VPOS="506" HPOS="851"/>
<String CONTENT="illus." HEIGHT="41" WIDTH="130" VPOS="506" HPOS="911"/>
<SP HEIGHT="49" WIDTH="28" VPOS="506" HPOS="1042"/>
<String CONTENT="(incl." HEIGHT="49" WIDTH="134" VPOS="506" HPOS="1071"/>
<SP HEIGHT="38" WIDTH="30" VPOS="518" HPOS="1206"/>
<String CONTENT="ports.)" HEIGHT="48" WIDTH="178" VPOS="508" HPOS="1237"/>
<SP HEIGHT="48" WIDTH="67" VPOS="508" HPOS="1416"/>
<String CONTENT="21" HEIGHT="40" WIDTH="57" VPOS="508" HPOS="1484"/>
<String STYLE="superscript" CONTENT="cm" HEIGHT="22" WIDTH="48" VPOS="511" HPOS="1543"/>
<String CONTENT="." HEIGHT="8" WIDTH="8" VPOS="540" HPOS="1593"/>
</TextLine>
<TextLine HEIGHT="56" WIDTH="2018" VPOS="573" HPOS="389" LANG="en-US" CS="1">
<String CONTENT="&#169;" HEIGHT="54" WIDTH="54" VPOS="573" HPOS="389"/>
<SP HEIGHT="54" WIDTH="34" VPOS="573" HPOS="444"/>
<String CONTENT="Aug." HEIGHT="47" WIDTH="122" VPOS="578" HPOS="479"/>
<SP HEIGHT="40" WIDTH="35" VPOS="579" HPOS="602"/>
<String CONTENT="7," HEIGHT="47" WIDTH="41" VPOS="579" HPOS="638"/>
<SP HEIGHT="47" WIDTH="36" VPOS="579" HPOS="680"/>
<String CS="1" CONTENT="1936;" HEIGHT="40" WIDTH="119" VPOS="578" HPOS="717"/>
<SP HEIGHT="47" WIDTH="37" VPOS="578" HPOS="861"/>
<String CONTENT="2c." HEIGHT="40" WIDTH="68" VPOS="578" HPOS="899"/>
<SP HEIGHT="41" WIDTH="40" VPOS="578" HPOS="968"/>
<String CONTENT="Sept." HEIGHT="49" WIDTH="129" VPOS="578" HPOS="1009"/>
<SP HEIGHT="41" WIDTH="34" VPOS="578" HPOS="1139"/>
<String CS="1" CONTENT="28;" HEIGHT="42" WIDTH="61" VPOS="578" HPOS="1174"/>
<SP HEIGHT="38" WIDTH="38" VPOS="589" HPOS="1259"/>
<String CONTENT="aff." HEIGHT="41" WIDTH="85" VPOS="579" HPOS="1298"/>
<SP HEIGHT="40" WIDTH="40" VPOS="580" HPOS="1384"/>
<String CONTENT="Sept." HEIGHT="47" WIDTH="130" VPOS="580" HPOS="1425"/>
<SP HEIGHT="43" WIDTH="35" VPOS="579" HPOS="1556"/>
<String CS="1" CONTENT="29;" HEIGHT="41" WIDTH="59" VPOS="579" HPOS="1592"/>
<SP HEIGHT="48" WIDTH="39" VPOS="580" HPOS="1676"/>
<!-- cceid A43E6E0B-6E3A-1014-83DD-942C093A1DD9 --><String CONTENT="A" HEIGHT="40" WIDTH="43" VPOS="580" HPOS="1716"/>
<SP HEIGHT="42" WIDTH="34" VPOS="579" HPOS="1760"/>
<String CS="1" CONTENT="98693;" HEIGHT="43" WIDTH="145" VPOS="579" HPOS="1795"/>
<SP HEIGHT="46" WIDTH="38" VPOS="582" HPOS="1969"/>
<String CONTENT="Boy" HEIGHT="47" WIDTH="105" VPOS="582" HPOS="2008"/>
<SP HEIGHT="38" WIDTH="36" VPOS="591" HPOS="2114"/>
<String CONTENT="scouts" HEIGHT="40" WIDTH="165" VPOS="581" HPOS="2151"/>
<SP HEIGHT="30" WIDTH="36" VPOS="591" HPOS="2317"/>
<String CONTENT="of" HEIGHT="40" WIDTH="53" VPOS="581" HPOS="2354"/>
</TextLine>
<TextLine HEIGHT="42" WIDTH="241" VPOS="634" HPOS="457" LANG="en-US">
<String CONTENT="America." HEIGHT="42" WIDTH="241" VPOS="634" HPOS="457"/>
</TextLine>
<TextLine HEIGHT="64" WIDTH="834" VPOS="740" HPOS="385" STYLEREFS="StyleId-7DC8A80B-3F0D-42BE-9BC2-9CDE3AFD8F32-" LANG="en-US">
<String CONTENT="Brauer," HEIGHT="64" WIDTH="247" VPOS="740" HPOS="385"/>
<SP HEIGHT="62" WIDTH="26" VPOS="742" HPOS="633"/>
<String CONTENT="William" HEIGHT="55" WIDTH="258" VPOS="740" HPOS="660"/>
<SP HEIGHT="54" WIDTH="24" VPOS="742" HPOS="919"/>
<String CONTENT="Wallace." HEIGHT="56" WIDTH="275" VPOS="740" HPOS="944"/>
</TextLine>
<TextLine HEIGHT="71" WIDTH="1885" VPOS="817" HPOS="460" STYLEREFS="StyleId-9AAEF693-C9C8-467E-9479-BC2C3DB1190B-" LANG="en-US" CS="1">
<String CONTENT="The" HEIGHT="54" WIDTH="121" VPOS="817" HPOS="460"/>
<SP HEIGHT="34" WIDTH="40" VPOS="837" HPOS="582"/>
<String CONTENT="worst" HEIGHT="47" WIDTH="177" VPOS="824" HPOS="623"/>
<SP HEIGHT="52" WIDTH="35" VPOS="818" HPOS="801"/>
<String CONTENT="is" HEIGHT="53" WIDTH="47" VPOS="818" HPOS="837"/>
<SP HEIGHT="50" WIDTH="37" VPOS="836" HPOS="885"/>
<String CONTENT="yet" HEIGHT="61" WIDTH="98" VPOS="825" HPOS="923"/>
<SP HEIGHT="49" WIDTH="33" VPOS="824" HPOS="1022"/>
<String CONTENT="to" HEIGHT="47" WIDTH="59" VPOS="824" HPOS="1056"/>
<SP HEIGHT="34" WIDTH="39" VPOS="837" HPOS="1116"/>
<String CONTENT="come," HEIGHT="51" WIDTH="171" VPOS="836" HPOS="1156"/>
<SP HEIGHT="69" WIDTH="38" VPOS="818" HPOS="1328"/>
<String CONTENT="by" HEIGHT="70" WIDTH="76" VPOS="818" HPOS="1367"/>
<SP HEIGHT="69" WIDTH="33" VPOS="819" HPOS="1444"/>
<String CONTENT="William" HEIGHT="54" WIDTH="265" VPOS="819" HPOS="1478"/>
<SP HEIGHT="54" WIDTH="34" VPOS="820" HPOS="1744"/>
<String CONTENT="Wallace" HEIGHT="54" WIDTH="258" VPOS="820" HPOS="1779"/>
<SP HEIGHT="53" WIDTH="40" VPOS="820" HPOS="2038"/>
<String CONTENT="Brauer" HEIGHT="52" WIDTH="222" VPOS="820" HPOS="2079"/>
<SP HEIGHT="33" WIDTH="43" VPOS="839" HPOS="2302"/>
<String CS="1" CONTENT="&#8230;"/>
</TextLine>
<TextLine HEIGHT="70" WIDTH="834" VPOS="896" HPOS="393" STYLEREFS="StyleId-9AAEF693-C9C8-467E-9479-BC2C3DB1190B-" LANG="en-US" CS="1">
<String CONTENT="[Washington," HEIGHT="69" WIDTH="424" VPOS="897" HPOS="393"/>
<SP HEIGHT="67" WIDTH="29" VPOS="898" HPOS="818"/>
<String CONTENT="D." HEIGHT="52" WIDTH="72" VPOS="898" HPOS="848"/>
<SP HEIGHT="56" WIDTH="34" VPOS="896" HPOS="921"/>
<String CONTENT="C.," HEIGHT="70" WIDTH="82" VPOS="896" HPOS="956"/>
<SP HEIGHT="62" WIDTH="29" VPOS="904" HPOS="1039"/>
<String STYLE="superscript" CONTENT="c" HEIGHT="21" WIDTH="19" VPOS="904" HPOS="1069"/>
<String CS="1" CONTENT="1936]" HEIGHT="51" WIDTH="135" VPOS="900" HPOS="1092"/>
</TextLine>
<TextLine HEIGHT="49" WIDTH="466" VPOS="973" HPOS="460" STYLEREFS="StyleId-9AAEF693-C9C8-467E-9479-BC2C3DB1190B-" LANG="en-US">
<String CONTENT="xiv," HEIGHT="49" WIDTH="96" VPOS="973" HPOS="460"/>
<SP HEIGHT="48" WIDTH="31" VPOS="974" HPOS="557"/>
<String CONTENT="108" HEIGHT="41" WIDTH="91" VPOS="973" HPOS="589"/>
<SP HEIGHT="47" WIDTH="21" VPOS="974" HPOS="681"/>
<String CONTENT="p." HEIGHT="37" WIDTH="46" VPOS="984" HPOS="703"/>
<SP HEIGHT="41" WIDTH="56" VPOS="974" HPOS="750"/>
<String CONTENT="23" HEIGHT="40" WIDTH="56" VPOS="974" HPOS="807"/>
<String STYLE="superscript" CONTENT="cm" HEIGHT="20" WIDTH="45" VPOS="976" HPOS="867"/>
<String CONTENT="." HEIGHT="8" WIDTH="9" VPOS="1006" HPOS="917"/>
</TextLine>
<TextLine HEIGHT="51" WIDTH="1945" VPOS="1043" HPOS="463" LANG="en-US">
<String CONTENT="&#8220;The" HEIGHT="40" WIDTH="130" VPOS="1043" HPOS="463"/>
<SP HEIGHT="29" WIDTH="32" VPOS="1054" HPOS="594"/>
<String CONTENT="steps" HEIGHT="45" WIDTH="135" VPOS="1047" HPOS="627"/>
<SP HEIGHT="37" WIDTH="34" VPOS="1047" HPOS="763"/>
<String CONTENT="to" HEIGHT="37" WIDTH="49" VPOS="1047" HPOS="798"/>
<SP HEIGHT="39" WIDTH="35" VPOS="1044" HPOS="848"/>
<String CONTENT="be" HEIGHT="39" WIDTH="57" VPOS="1044" HPOS="884"/>
<SP HEIGHT="38" WIDTH="34" VPOS="1045" HPOS="942"/>
<String CONTENT="taken" HEIGHT="40" WIDTH="151" VPOS="1044" HPOS="977"/>
<SP HEIGHT="39" WIDTH="34" VPOS="1046" HPOS="1129"/>
<String CONTENT="to" HEIGHT="39" WIDTH="49" VPOS="1046" HPOS="1164"/>
<SP HEIGHT="31" WIDTH="35" VPOS="1053" HPOS="1214"/>
<String CONTENT="establish" HEIGHT="40" WIDTH="241" VPOS="1044" HPOS="1250"/>
<SP HEIGHT="49" WIDTH="32" VPOS="1044" HPOS="1492"/>
<String CONTENT="parity" HEIGHT="50" WIDTH="167" VPOS="1043" HPOS="1525"/>
<SP HEIGHT="37" WIDTH="36" VPOS="1055" HPOS="1693"/>
<String CONTENT="of" HEIGHT="41" WIDTH="54" VPOS="1044" HPOS="1730"/>
<SP HEIGHT="50" WIDTH="30" VPOS="1044" HPOS="1785"/>
<String CONTENT="purchasing" HEIGHT="50" WIDTH="305" VPOS="1044" HPOS="1816"/>
<SP HEIGHT="39" WIDTH="32" VPOS="1054" HPOS="2122"/>
<String CONTENT="power" HEIGHT="39" WIDTH="163" VPOS="1054" HPOS="2155"/>
<SP HEIGHT="30" WIDTH="36" VPOS="1056" HPOS="2319"/>
<String CONTENT="of" HEIGHT="42" WIDTH="52" VPOS="1044" HPOS="2356"/>
</TextLine>
<TextLine HEIGHT="49" WIDTH="2017" VPOS="1100" HPOS="390" LANG="en-US">
<String CONTENT="farm," HEIGHT="49" WIDTH="145" VPOS="1100" HPOS="390"/>
<SP HEIGHT="48" WIDTH="27" VPOS="1101" HPOS="536"/>
<String CONTENT="labor" HEIGHT="40" WIDTH="136" VPOS="1101" HPOS="564"/>
<SP HEIGHT="29" WIDTH="25" VPOS="1111" HPOS="701"/>
<String CONTENT="and" HEIGHT="39" WIDTH="95" VPOS="1101" HPOS="727"/>
<SP HEIGHT="39" WIDTH="22" VPOS="1101" HPOS="823"/>
<String CONTENT="industry" HEIGHT="47" WIDTH="229" VPOS="1101" HPOS="846"/>
<SP HEIGHT="36" WIDTH="25" VPOS="1112" HPOS="1076"/>
<String CONTENT="and" HEIGHT="39" WIDTH="97" VPOS="1102" HPOS="1102"/>
<SP HEIGHT="40" WIDTH="22" VPOS="1101" HPOS="1200"/>
<String CONTENT="how" HEIGHT="40" WIDTH="110" VPOS="1101" HPOS="1223"/>
<SP HEIGHT="29" WIDTH="23" VPOS="1112" HPOS="1334"/>
<String CONTENT="our" HEIGHT="30" WIDTH="89" VPOS="1111" HPOS="1358"/>
<SP HEIGHT="29" WIDTH="21" VPOS="1112" HPOS="1448"/>
<String CONTENT="national" HEIGHT="41" WIDTH="223" VPOS="1101" HPOS="1470"/>
<SP HEIGHT="40" WIDTH="21" VPOS="1101" HPOS="1694"/>
<String CONTENT="income" HEIGHT="42" WIDTH="189" VPOS="1101" HPOS="1716"/>
<SP HEIGHT="32" WIDTH="23" VPOS="1111" HPOS="1906"/>
<String CONTENT="may" HEIGHT="38" WIDTH="113" VPOS="1111" HPOS="1930"/>
<SP HEIGHT="47" WIDTH="25" VPOS="1102" HPOS="2044"/>
<String CONTENT="be" HEIGHT="40" WIDTH="57" VPOS="1102" HPOS="2070"/>
<SP HEIGHT="41" WIDTH="24" VPOS="1101" HPOS="2128"/>
<String CONTENT="increased" HEIGHT="41" WIDTH="254" VPOS="1101" HPOS="2153"/>
</TextLine>
<TextLine HEIGHT="50" WIDTH="2017" VPOS="1157" HPOS="389" LANG="en-US">
<String CONTENT="by" HEIGHT="48" WIDTH="59" VPOS="1157" HPOS="389"/>
<SP HEIGHT="37" WIDTH="30" VPOS="1168" HPOS="449"/>
<String CONTENT="a" HEIGHT="28" WIDTH="28" VPOS="1169" HPOS="480"/>
<SP HEIGHT="38" WIDTH="26" VPOS="1168" HPOS="509"/>
<String CONTENT="properly" HEIGHT="48" WIDTH="228" VPOS="1158" HPOS="536"/>
<SP HEIGHT="47" WIDTH="30" VPOS="1158" HPOS="765"/>
<String CONTENT="developed" HEIGHT="48" WIDTH="263" VPOS="1158" HPOS="796"/>
<SP HEIGHT="48" WIDTH="28" VPOS="1158" HPOS="1060"/>
<String CONTENT="procedure" HEIGHT="48" WIDTH="270" VPOS="1158" HPOS="1089"/>
<SP HEIGHT="30" WIDTH="27" VPOS="1168" HPOS="1360"/>
<String CONTENT="of" HEIGHT="40" WIDTH="53" VPOS="1158" HPOS="1388"/>
<SP HEIGHT="39" WIDTH="25" VPOS="1158" HPOS="1442"/>
<String CONTENT="full" HEIGHT="39" WIDTH="95" VPOS="1159" HPOS="1468"/>
<SP HEIGHT="40" WIDTH="29" VPOS="1159" HPOS="1564"/>
<String CONTENT="time" HEIGHT="41" WIDTH="118" VPOS="1158" HPOS="1594"/>
<SP HEIGHT="38" WIDTH="27" VPOS="1169" HPOS="1713"/>
<String CONTENT="production" HEIGHT="49" WIDTH="293" VPOS="1158" HPOS="1741"/>
<SP HEIGHT="30" WIDTH="29" VPOS="1170" HPOS="2035"/>
<String CONTENT="of" HEIGHT="42" WIDTH="52" VPOS="1158" HPOS="2065"/>
<SP HEIGHT="40" WIDTH="27" VPOS="1158" HPOS="2118"/>
<String CONTENT="farm" HEIGHT="40" WIDTH="132" VPOS="1159" HPOS="2146"/>
<SP HEIGHT="29" WIDTH="31" VPOS="1169" HPOS="2279"/>
<String CONTENT="and" HEIGHT="40" WIDTH="95" VPOS="1159" HPOS="2311"/>
</TextLine>
<TextLine HEIGHT="49" WIDTH="2021" VPOS="1215" HPOS="389" LANG="en-US">
<String CONTENT="factory" HEIGHT="47" WIDTH="196" VPOS="1215" HPOS="389"/>
<SP HEIGHT="37" WIDTH="34" VPOS="1226" HPOS="586"/>
<String CONTENT="products" HEIGHT="48" WIDTH="235" VPOS="1215" HPOS="621"/>
<SP HEIGHT="30" WIDTH="36" VPOS="1225" HPOS="857"/>
<String CONTENT="and" HEIGHT="40" WIDTH="97" VPOS="1215" HPOS="894"/>
<SP HEIGHT="40" WIDTH="33" VPOS="1215" HPOS="992"/>
<String CONTENT="by" HEIGHT="48" WIDTH="63" VPOS="1215" HPOS="1026"/>
<SP HEIGHT="46" WIDTH="37" VPOS="1217" HPOS="1090"/>
<String CONTENT="the" HEIGHT="39" WIDTH="83" VPOS="1215" HPOS="1128"/>
<SP HEIGHT="29" WIDTH="35" VPOS="1225" HPOS="1212"/>
<String CONTENT="regular" HEIGHT="48" WIDTH="199" VPOS="1215" HPOS="1248"/>
<SP HEIGHT="30" WIDTH="36" VPOS="1225" HPOS="1448"/>
<String CONTENT="exportation" HEIGHT="48" WIDTH="312" VPOS="1215" HPOS="1485"/>
<SP HEIGHT="29" WIDTH="34" VPOS="1226" HPOS="1798"/>
<String CONTENT="of" HEIGHT="40" WIDTH="54" VPOS="1215" HPOS="1833"/>
<SP HEIGHT="40" WIDTH="34" VPOS="1215" HPOS="1888"/>
<String CONTENT="our" HEIGHT="30" WIDTH="89" VPOS="1225" HPOS="1923"/>
<SP HEIGHT="30" WIDTH="37" VPOS="1225" HPOS="2013"/>
<String CONTENT="surpluses.&#8221;&#8212;" HEIGHT="49" WIDTH="359" VPOS="1215" HPOS="2051"/>
</TextLine>
<TextLine HEIGHT="44" WIDTH="132" VPOS="1272" HPOS="388" LANG="en-US">
<String CONTENT="Pref." HEIGHT="44" WIDTH="132" VPOS="1272" HPOS="388"/>
</TextLine>
<TextLine HEIGHT="110" WIDTH="2002" VPOS="1338" HPOS="390" LANG="en-US" CS="1">
<String CONTENT="&#169;" HEIGHT="54" WIDTH="54" VPOS="1338" HPOS="390"/>
<SP HEIGHT="54" WIDTH="29" VPOS="1338" HPOS="445"/>
<String CONTENT="Sept." HEIGHT="47" WIDTH="128" VPOS="1343" HPOS="475"/>
<SP HEIGHT="39" WIDTH="29" VPOS="1344" HPOS="604"/>
<String CONTENT="17," HEIGHT="47" WIDTH="70" VPOS="1344" HPOS="634"/>
<SP HEIGHT="48" WIDTH="26" VPOS="1343" HPOS="705"/>
<String CONTENT="1936;" HEIGHT="48" WIDTH="141" VPOS="1342" HPOS="732"/>
<SP HEIGHT="48" WIDTH="30" VPOS="1342" HPOS="874"/>
<String CONTENT="2c." HEIGHT="41" WIDTH="67" VPOS="1342" HPOS="905"/>
<SP HEIGHT="31" WIDTH="30" VPOS="1352" HPOS="973"/>
<String CONTENT="and" HEIGHT="40" WIDTH="97" VPOS="1342" HPOS="1004"/>
<SP HEIGHT="40" WIDTH="28" VPOS="1342" HPOS="1102"/>
<String CONTENT="aff." HEIGHT="40" WIDTH="81" VPOS="1342" HPOS="1131"/>
<SP HEIGHT="40" WIDTH="33" VPOS="1343" HPOS="1213"/>
<String CONTENT="Sept." HEIGHT="47" WIDTH="127" VPOS="1343" HPOS="1247"/>
<SP HEIGHT="38" WIDTH="30" VPOS="1344" HPOS="1375"/>
<String CONTENT="18;" HEIGHT="48" WIDTH="82" VPOS="1342" HPOS="1406"/>
<SP HEIGHT="47" WIDTH="29" VPOS="1343" HPOS="1489"/>
<!-- cceid A43EC051-6E3A-1014-83DD-942C093A1DD9 --><String CONTENT="A" HEIGHT="39" WIDTH="42" VPOS="1343" HPOS="1519"/>
<SP HEIGHT="41" WIDTH="27" VPOS="1342" HPOS="1562"/>
<String CONTENT="97883;" HEIGHT="48" WIDTH="172" VPOS="1342" HPOS="1590"/>
<SP HEIGHT="47" WIDTH="30" VPOS="1343" HPOS="1763"/>
<String CONTENT="W." HEIGHT="41" WIDTH="73" VPOS="1343" HPOS="1794"/>
<SP HEIGHT="41" WIDTH="27" VPOS="1343" HPOS="1868"/>
<String CONTENT="W." HEIGHT="40" WIDTH="72" VPOS="1343" HPOS="1896"/>
<SP HEIGHT="38" WIDTH="31" VPOS="1344" HPOS="1969"/>
<String CONTENT="Brauer," HEIGHT="48" WIDTH="205" VPOS="1344" HPOS="2001"/>
<SP HEIGHT="49" WIDTH="29" VPOS="1343" HPOS="2207"/>
<String CONTENT="Washington." HEIGHT="105" WIDTH="1933" VPOS="1343" HPOS="459"/>
<SP HEIGHT="47" WIDTH="73" VPOS="1400" HPOS="643"/>
<String CONTENT="(36-20379)" HEIGHT="49" WIDTH="283" VPOS="1399" HPOS="717"/>
<SP HEIGHT="48" WIDTH="933" VPOS="1400" HPOS="1001"/>
</TextLine>
<TextLine HEIGHT="66" WIDTH="715" VPOS="1503" HPOS="386" STYLEREFS="StyleId-7DC8A80B-3F0D-42BE-9BC2-9CDE3AFD8F32-">
<String LANG="fr" CONTENT="Brillouin," HEIGHT="66" WIDTH="307" VPOS="1503" HPOS="386"/>
<SP HEIGHT="65" WIDTH="26" VPOS="1504" HPOS="694"/>
<String LANG="fr" CONTENT="L&#233;on," HEIGHT="64" WIDTH="179" VPOS="1504" HPOS="721"/>
<SP HEIGHT="58" WIDTH="28" VPOS="1510" HPOS="901"/>
<String LANG="en-US" CONTENT="1889-" HEIGHT="50" WIDTH="171" VPOS="1509" HPOS="930"/>
</TextLine>
<TextLine HEIGHT="71" WIDTH="1884" VPOS="1578" HPOS="522" STYLEREFS="StyleId-9AAEF693-C9C8-467E-9479-BC2C3DB1190B-" LANG="fr" CS="1">
<String LANG="en-US" CS="1" CONTENT="&#8230;"/>
<SP HEIGHT="55" WIDTH="35" VPOS="1580" HPOS="522"/>
<String LANG="en-US" CONTENT="Notions" HEIGHT="55" WIDTH="246" VPOS="1580" HPOS="558"/>
<SP HEIGHT="53" WIDTH="30" VPOS="1581" HPOS="805"/>
<String CONTENT="&#233;l&#233;mentaires" HEIGHT="55" WIDTH="391" VPOS="1579" HPOS="836"/>
<SP HEIGHT="54" WIDTH="33" VPOS="1580" HPOS="1228"/>
<String CONTENT="de" HEIGHT="54" WIDTH="68" VPOS="1580" HPOS="1262"/>
<SP HEIGHT="36" WIDTH="31" VPOS="1598" HPOS="1331"/>
<String CONTENT="math&#233;matiques" HEIGHT="71" WIDTH="475" VPOS="1578" HPOS="1363"/>
<SP HEIGHT="51" WIDTH="33" VPOS="1598" HPOS="1839"/>
<String CONTENT="pour" HEIGHT="51" WIDTH="150" VPOS="1598" HPOS="1873"/>
<SP HEIGHT="53" WIDTH="28" VPOS="1580" HPOS="2024"/>
<String CONTENT="les" HEIGHT="54" WIDTH="80" VPOS="1580" HPOS="2053"/>
<SP HEIGHT="36" WIDTH="29" VPOS="1598" HPOS="2134"/>
<String CONTENT="sciences" HEIGHT="56" WIDTH="242" VPOS="1578" HPOS="2164"/>
</TextLine>
<TextLine HEIGHT="72" WIDTH="2018" VPOS="1657" HPOS="389" STYLEREFS="StyleId-9AAEF693-C9C8-467E-9479-BC2C3DB1190B-" LANG="fr">
<String CONTENT="exp&#233;rimentales;" HEIGHT="68" WIDTH="503" VPOS="1659" HPOS="389"/>
<SP HEIGHT="67" WIDTH="40" VPOS="1660" HPOS="893"/>
<String CONTENT="&#224;" HEIGHT="51" WIDTH="31" VPOS="1660" HPOS="934"/>
<SP HEIGHT="51" WIDTH="33" VPOS="1660" HPOS="966"/>
<String CONTENT="l&#8217;usage" HEIGHT="70" WIDTH="215" VPOS="1659" HPOS="1000"/>
<SP HEIGHT="52" WIDTH="35" VPOS="1660" HPOS="1216"/>
<String CONTENT="des" HEIGHT="52" WIDTH="97" VPOS="1660" HPOS="1252"/>
<SP HEIGHT="34" WIDTH="36" VPOS="1678" HPOS="1350"/>
<String CONTENT="candidats" HEIGHT="55" WIDTH="301" VPOS="1658" HPOS="1387"/>
<SP HEIGHT="36" WIDTH="37" VPOS="1677" HPOS="1689"/>
<String CONTENT="au" HEIGHT="35" WIDTH="73" VPOS="1677" HPOS="1727"/>
<SP HEIGHT="36" WIDTH="36" VPOS="1676" HPOS="1801"/>
<String CONTENT="certificat" HEIGHT="55" WIDTH="278" VPOS="1657" HPOS="1838"/>
<SP HEIGHT="53" WIDTH="36" VPOS="1658" HPOS="2117"/>
<String CONTENT="d&#8217;&#233;tudes" HEIGHT="55" WIDTH="253" VPOS="1657" HPOS="2154"/>
</TextLine>
<TextLine HEIGHT="72" WIDTH="2016" VPOS="1736" HPOS="388" STYLEREFS="StyleId-9AAEF693-C9C8-467E-9479-BC2C3DB1190B-" LANG="fr">
<String CONTENT="physiques," HEIGHT="71" WIDTH="327" VPOS="1737" HPOS="388"/>
<SP HEIGHT="51" WIDTH="32" VPOS="1756" HPOS="716"/>
<String CONTENT="chimiques" HEIGHT="70" WIDTH="313" VPOS="1737" HPOS="749"/>
<SP HEIGHT="36" WIDTH="30" VPOS="1756" HPOS="1063"/>
<String CONTENT="et" HEIGHT="47" WIDTH="54" VPOS="1744" HPOS="1094"/>
<SP HEIGHT="53" WIDTH="31" VPOS="1738" HPOS="1149"/>
<String CONTENT="biologiques" HEIGHT="70" WIDTH="354" VPOS="1737" HPOS="1181"/>
<SP HEIGHT="35" WIDTH="32" VPOS="1756" HPOS="1536"/>
<String CONTENT="et" HEIGHT="48" WIDTH="56" VPOS="1743" HPOS="1569"/>
<SP HEIGHT="54" WIDTH="31" VPOS="1737" HPOS="1626"/>
<String CONTENT="&#224;" HEIGHT="52" WIDTH="31" VPOS="1737" HPOS="1658"/>
<SP HEIGHT="52" WIDTH="31" VPOS="1737" HPOS="1690"/>
<String CONTENT="la" HEIGHT="53" WIDTH="57" VPOS="1738" HPOS="1722"/>
<SP HEIGHT="53" WIDTH="32" VPOS="1738" HPOS="1780"/>
<String CONTENT="licence" HEIGHT="55" WIDTH="213" VPOS="1736" HPOS="1813"/>
<SP HEIGHT="54" WIDTH="28" VPOS="1737" HPOS="2027"/>
<String CONTENT="&#232;s" HEIGHT="55" WIDTH="57" VPOS="1737" HPOS="2056"/>
<SP HEIGHT="36" WIDTH="32" VPOS="1756" HPOS="2114"/>
<String CONTENT="sciences." HEIGHT="55" WIDTH="257" VPOS="1736" HPOS="2147"/>
</TextLine>
<TextLine HEIGHT="71" WIDTH="812" VPOS="1815" HPOS="387" STYLEREFS="StyleId-9AAEF693-C9C8-467E-9479-BC2C3DB1190B-" LANG="fr">
<String CONTENT="Paris," HEIGHT="71" WIDTH="188" VPOS="1815" HPOS="387"/>
<SP HEIGHT="69" WIDTH="24" VPOS="1817" HPOS="576"/>
<String CONTENT="Masson" HEIGHT="53" WIDTH="234" VPOS="1817" HPOS="601"/>
<SP HEIGHT="35" WIDTH="24" VPOS="1835" HPOS="836"/>
<String CONTENT="et" HEIGHT="48" WIDTH="53" VPOS="1822" HPOS="861"/>
<SP HEIGHT="48" WIDTH="21" VPOS="1822" HPOS="915"/>
<String CONTENT="c" HEIGHT="35" WIDTH="28" VPOS="1835" HPOS="937"/>
<String STYLE="superscript" CONTENT="ie" HEIGHT="30" WIDTH="35" VPOS="1815" HPOS="969"/>
<String CONTENT="," HEIGHT="28" WIDTH="15" VPOS="1857" HPOS="1007"/>
<SP HEIGHT="65" WIDTH="23" VPOS="1820" HPOS="1023"/>
<String CONTENT="1935." HEIGHT="51" WIDTH="152" VPOS="1820" HPOS="1047"/>
</TextLine>
<TextLine HEIGHT="54" WIDTH="1937" VPOS="1900" HPOS="462" LANG="fr">
<String CONTENT="viii," HEIGHT="48" WIDTH="100" VPOS="1902" HPOS="462"/>
<SP HEIGHT="47" WIDTH="25" VPOS="1903" HPOS="563"/>
<String CONTENT="251," HEIGHT="51" WIDTH="101" VPOS="1903" HPOS="589"/>
<SP HEIGHT="31" WIDTH="29" VPOS="1923" HPOS="691"/>
<String CONTENT="[1]" HEIGHT="50" WIDTH="57" VPOS="1904" HPOS="721"/>
<SP HEIGHT="40" WIDTH="26" VPOS="1914" HPOS="779"/>
<String CONTENT="p." HEIGHT="38" WIDTH="43" VPOS="1914" HPOS="806"/>
<SP HEIGHT="40" WIDTH="45" VPOS="1903" HPOS="850"/>
<String CONTENT="illus.," HEIGHT="49" WIDTH="144" VPOS="1903" HPOS="896"/>
<SP HEIGHT="46" WIDTH="26" VPOS="1906" HPOS="1041"/>
<String CONTENT="diagrs." HEIGHT="49" WIDTH="181" VPOS="1904" HPOS="1068"/>
<SP HEIGHT="42" WIDTH="45" VPOS="1903" HPOS="1250"/>
<String CONTENT="20" HEIGHT="41" WIDTH="57" VPOS="1903" HPOS="1296"/>
<String STYLE="superscript" CONTENT="cm" HEIGHT="23" WIDTH="45" VPOS="1904" HPOS="1356"/>
<String CONTENT="." HEIGHT="8" WIDTH="9" VPOS="1935" HPOS="1405"/>
<SP HEIGHT="50" WIDTH="57" VPOS="1903" HPOS="1415"/>
<String LANG="en-US" CONTENT="(On" HEIGHT="50" WIDTH="98" VPOS="1903" HPOS="1473"/>
<SP HEIGHT="30" WIDTH="23" VPOS="1914" HPOS="1572"/>
<String LANG="en-US" CONTENT="cover:" HEIGHT="31" WIDTH="165" VPOS="1914" HPOS="1596"/>
<SP HEIGHT="44" WIDTH="26" VPOS="1901" HPOS="1762"/>
<String CONTENT="Collection" HEIGHT="43" WIDTH="268" VPOS="1901" HPOS="1789"/>
<SP HEIGHT="40" WIDTH="26" VPOS="1903" HPOS="2058"/>
<String CONTENT="du" HEIGHT="40" WIDTH="65" VPOS="1903" HPOS="2085"/>
<SP HEIGHT="41" WIDTH="27" VPOS="1902" HPOS="2151"/>
<String CONTENT="P." HEIGHT="41" WIDTH="52" VPOS="1902" HPOS="2179"/>
<SP HEIGHT="43" WIDTH="16" VPOS="1900" HPOS="2232"/>
<String CONTENT="C." HEIGHT="43" WIDTH="50" VPOS="1900" HPOS="2249"/>
<SP HEIGHT="42" WIDTH="17" VPOS="1901" HPOS="2300"/>
<String CONTENT="B.)" HEIGHT="50" WIDTH="81" VPOS="1901" HPOS="2318"/>
</TextLine>
<TextLine HEIGHT="54" WIDTH="2017" VPOS="1972" HPOS="391" CS="1">
<String LANG="fr" CONTENT="&#169;" HEIGHT="54" WIDTH="53" VPOS="1972" HPOS="391"/>
<SP HEIGHT="54" WIDTH="35" VPOS="1972" HPOS="445"/>
<String LANG="fr" CONTENT="Nov." HEIGHT="39" WIDTH="119" VPOS="1977" HPOS="481"/>
<SP HEIGHT="39" WIDTH="37" VPOS="1976" HPOS="601"/>
<String LANG="fr" CONTENT="2," HEIGHT="48" WIDTH="42" VPOS="1976" HPOS="639"/>
<SP HEIGHT="47" WIDTH="36" VPOS="1977" HPOS="682"/>
<String LANG="fr" CONTENT="1935;" HEIGHT="48" WIDTH="142" VPOS="1976" HPOS="719"/>
<SP/>
<String LANG="fr" CS="1" CONTENT="1c."/>
<SP HEIGHT="40" WIDTH="36" VPOS="1977" HPOS="971"/>
<String LANG="en-US" CONTENT="Apr." HEIGHT="47" WIDTH="116" VPOS="1977" HPOS="1008"/>
<SP HEIGHT="40" WIDTH="37" VPOS="1977" HPOS="1125"/>
<String LANG="fr" CONTENT="3," HEIGHT="48" WIDTH="40" VPOS="1977" HPOS="1163"/>
<SP HEIGHT="48" WIDTH="37" VPOS="1977" HPOS="1204"/>
<String LANG="fr" CONTENT="1936;" HEIGHT="48" WIDTH="142" VPOS="1976" HPOS="1242"/>
<SP HEIGHT="48" WIDTH="38" VPOS="1976" HPOS="1385"/>
<!-- cceid A43F0B23-6E3A-1014-83DD-942C093A1DD9 --><String LANG="fr" CONTENT="A-" HEIGHT="40" WIDTH="104" VPOS="1976" HPOS="1424"/>
<String LANG="en-US" CONTENT="Foreign" HEIGHT="49" WIDTH="210" VPOS="1975" HPOS="1530"/>
<SP HEIGHT="40" WIDTH="37" VPOS="1977" HPOS="1741"/>
<String LANG="fr" CONTENT="31191;" HEIGHT="50" WIDTH="172" VPOS="1974" HPOS="1779"/>
<SP HEIGHT="47" WIDTH="42" VPOS="1977" HPOS="1952"/>
<String LANG="fr" CONTENT="Masson" HEIGHT="39" WIDTH="201" VPOS="1977" HPOS="1995"/>
<SP HEIGHT="31" WIDTH="36" VPOS="1985" HPOS="2197"/>
<String LANG="fr" CONTENT="et" HEIGHT="39" WIDTH="50" VPOS="1977" HPOS="2234"/>
<SP HEIGHT="39" WIDTH="35" VPOS="1977" HPOS="2285"/>
<String LANG="fr" CONTENT="cie." HEIGHT="42" WIDTH="87" VPOS="1975" HPOS="2321"/>
</TextLine>
<TextLine HEIGHT="50" WIDTH="284" VPOS="2033" HPOS="470" LANG="fr">
<String CONTENT="(36-20507)" HEIGHT="50" WIDTH="284" VPOS="2033" HPOS="470"/>
</TextLine>
<TextLine HEIGHT="68" WIDTH="771" VPOS="2136" HPOS="386" STYLEREFS="StyleId-7DC8A80B-3F0D-42BE-9BC2-9CDE3AFD8F32-" LANG="fr">
<String CONTENT="Brocchi," HEIGHT="65" WIDTH="269" VPOS="2138" HPOS="386"/>
<SP HEIGHT="64" WIDTH="26" VPOS="2139" HPOS="656"/>
<String CONTENT="Virgilio," HEIGHT="68" WIDTH="271" VPOS="2136" HPOS="683"/>
<SP HEIGHT="60" WIDTH="28" VPOS="2144" HPOS="955"/>
<String CONTENT="1876-" HEIGHT="56" WIDTH="173" VPOS="2139" HPOS="984"/>
</TextLine>
<TextLine HEIGHT="71" WIDTH="1880" VPOS="2215" HPOS="521" STYLEREFS="StyleId-9AAEF693-C9C8-467E-9479-BC2C3DB1190B-" LANG="fr" CS="1">
<String CS="1" CONTENT="&#8230;"/>
<SP HEIGHT="56" WIDTH="32" VPOS="2216" HPOS="521"/>
<String CONTENT="Gente" HEIGHT="56" WIDTH="185" VPOS="2216" HPOS="554"/>
<SP HEIGHT="36" WIDTH="25" VPOS="2235" HPOS="740"/>
<String CONTENT="simpatica," HEIGHT="70" WIDTH="322" VPOS="2216" HPOS="766"/>
<SP HEIGHT="47" WIDTH="25" VPOS="2238" HPOS="1089"/>
<String CONTENT="romanzo." HEIGHT="38" WIDTH="285" VPOS="2234" HPOS="1115"/>
<SP HEIGHT="54" WIDTH="74" VPOS="2217" HPOS="1401"/>
<String CONTENT="Milano," HEIGHT="69" WIDTH="240" VPOS="2216" HPOS="1476"/>
<SP HEIGHT="68" WIDTH="25" VPOS="2217" HPOS="1717"/>
<String CONTENT="A." HEIGHT="54" WIDTH="72" VPOS="2217" HPOS="1743"/>
<SP HEIGHT="55" WIDTH="27" VPOS="2216" HPOS="1816"/>
<String CONTENT="Mondadori" HEIGHT="55" WIDTH="350" VPOS="2215" HPOS="1844"/>
<SP HEIGHT="69" WIDTH="33" VPOS="2215" HPOS="2195"/>
<String STYLE="subscript" CONTENT="[" HEIGHT="34" WIDTH="12" VPOS="2250" HPOS="2229"/>
<String CONTENT="1936]" HEIGHT="66" WIDTH="152" VPOS="2218" HPOS="2249"/>
</TextLine>
<TextLine HEIGHT="52" WIDTH="878" VPOS="2290" HPOS="461" LANG="fr" CS="1">
<String CONTENT="5" HEIGHT="40" WIDTH="27" VPOS="2291" HPOS="461"/>
<SP HEIGHT="49" WIDTH="24" VPOS="2291" HPOS="489"/>
<String CONTENT="p." HEIGHT="38" WIDTH="45" VPOS="2302" HPOS="514"/>
<SP/>
<String CS="1" CONTENT="l.," HEIGHT="17" WIDTH="8" VPOS="2322" HPOS="623"/>
<SP HEIGHT="48" WIDTH="25" VPOS="2291" HPOS="632"/>
<String CONTENT="13-306," HEIGHT="49" WIDTH="188" VPOS="2290" HPOS="658"/>
<SP HEIGHT="30" WIDTH="30" VPOS="2311" HPOS="847"/>
<String CONTENT="[1]" HEIGHT="51" WIDTH="56" VPOS="2291" HPOS="878"/>
<SP HEIGHT="41" WIDTH="28" VPOS="2301" HPOS="935"/>
<String CONTENT="p.," HEIGHT="39" WIDTH="58" VPOS="2301" HPOS="964"/>
<SP HEIGHT="49" WIDTH="24" VPOS="2291" HPOS="1023"/>
<String CONTENT="2" HEIGHT="40" WIDTH="26" VPOS="2291" HPOS="1048"/>
<SP/>
<String CS="1" CONTENT="l."/>
<SP HEIGHT="42" WIDTH="58" VPOS="2291" HPOS="1134"/>
<String CONTENT="19" HEIGHT="41" WIDTH="56" VPOS="2290" HPOS="1193"/>
<String LANG="en-US" CS="1" CONTENT="&#189;c"/>
<String STYLE="superscript" CONTENT="m" HEIGHT="21" WIDTH="28" VPOS="2293" HPOS="1299"/>
<String CONTENT="." HEIGHT="10" WIDTH="9" VPOS="2321" HPOS="1330"/>
</TextLine>
<TextLine HEIGHT="49" WIDTH="374" VPOS="2348" HPOS="463" LANG="fr">
<String CONTENT="&#8220;1&#176;" HEIGHT="39" WIDTH="79" VPOS="2350" HPOS="463"/>
<SP HEIGHT="38" WIDTH="28" VPOS="2351" HPOS="543"/>
<String CONTENT="migliaio.&#8221;" HEIGHT="49" WIDTH="265" VPOS="2348" HPOS="572"/>
</TextLine>
<TextLine HEIGHT="52" WIDTH="1751" VPOS="2404" HPOS="462" LANG="fr">
<String CONTENT="&#8220;Colloquio" HEIGHT="49" WIDTH="282" VPOS="2405" HPOS="462"/>
<SP HEIGHT="39" WIDTH="29" VPOS="2417" HPOS="745"/>
<String CONTENT="[di" HEIGHT="52" WIDTH="64" VPOS="2404" HPOS="775"/>
<SP HEIGHT="42" WIDTH="27" VPOS="2404" HPOS="840"/>
<String CONTENT="Gino" HEIGHT="41" WIDTH="123" VPOS="2405" HPOS="868"/>
<SP HEIGHT="39" WIDTH="27" VPOS="2407" HPOS="992"/>
<String CONTENT="Marchiori]" HEIGHT="50" WIDTH="284" VPOS="2405" HPOS="1020"/>
<SP HEIGHT="39" WIDTH="28" VPOS="2416" HPOS="1305"/>
<String CONTENT="con" HEIGHT="31" WIDTH="87" VPOS="2415" HPOS="1334"/>
<SP HEIGHT="40" WIDTH="25" VPOS="2406" HPOS="1422"/>
<String CONTENT="Virgilio" HEIGHT="50" WIDTH="208" VPOS="2404" HPOS="1448"/>
<SP HEIGHT="40" WIDTH="27" VPOS="2406" HPOS="1657"/>
<String CONTENT="Brocchi&#8221;" HEIGHT="42" WIDTH="236" VPOS="2404" HPOS="1685"/>
<SP HEIGHT="41" WIDTH="18" VPOS="2404" HPOS="1922"/>
<String CONTENT=":" HEIGHT="30" WIDTH="10" VPOS="2415" HPOS="1941"/>
<SP HEIGHT="38" WIDTH="29" VPOS="2415" HPOS="1952"/>
<String CONTENT="p." HEIGHT="38" WIDTH="43" VPOS="2415" HPOS="1982"/>
<SP HEIGHT="40" WIDTH="28" VPOS="2405" HPOS="2026"/>
<String CONTENT="13-22." HEIGHT="41" WIDTH="158" VPOS="2404" HPOS="2055"/>
</TextLine>
<TextLine HEIGHT="53" WIDTH="2017" VPOS="2473" HPOS="391" CS="1">
<String LANG="fr" CONTENT="&#169;" HEIGHT="53" WIDTH="53" VPOS="2473" HPOS="391"/>
<SP HEIGHT="53" WIDTH="44" VPOS="2473" HPOS="445"/>
<String LANG="fr" CONTENT="Mar." HEIGHT="39" WIDTH="123" VPOS="2479" HPOS="490"/>
<SP HEIGHT="40" WIDTH="46" VPOS="2478" HPOS="614"/>
<String LANG="fr" CONTENT="6," HEIGHT="48" WIDTH="39" VPOS="2478" HPOS="661"/>
<SP HEIGHT="48" WIDTH="45" VPOS="2478" HPOS="701"/>
<String LANG="fr" CONTENT="1936;" HEIGHT="48" WIDTH="141" VPOS="2476" HPOS="747"/>
<SP/>
<String LANG="fr" CS="1" CONTENT="1c."/>
<SP HEIGHT="40" WIDTH="46" VPOS="2478" HPOS="1006"/>
<String LANG="en-US" CONTENT="July" HEIGHT="47" WIDTH="116" VPOS="2477" HPOS="1053"/>
<SP HEIGHT="46" WIDTH="44" VPOS="2478" HPOS="1170"/>
<String LANG="fr" CONTENT="10;" HEIGHT="47" WIDTH="82" VPOS="2477" HPOS="1215"/>
<SP HEIGHT="47" WIDTH="48" VPOS="2477" HPOS="1298"/>
<!-- cceid A43F560B-6E3A-1014-83DD-942C093A1DD9 --><String LANG="fr" CONTENT="A-" HEIGHT="39" WIDTH="103" VPOS="2477" HPOS="1347"/>
<String LANG="en-US" CONTENT="Foreign" HEIGHT="48" WIDTH="210" VPOS="2476" HPOS="1452"/>
<SP HEIGHT="40" WIDTH="42" VPOS="2477" HPOS="1663"/>
<String LANG="fr" CONTENT="32423;" HEIGHT="48" WIDTH="172" VPOS="2476" HPOS="1706"/>
<SP HEIGHT="47" WIDTH="48" VPOS="2477" HPOS="1879"/>
<String LANG="fr" CONTENT="Casa" HEIGHT="41" WIDTH="129" VPOS="2477" HPOS="1928"/>
<SP HEIGHT="31" WIDTH="45" VPOS="2486" HPOS="2058"/>
<String LANG="fr" CONTENT="&#233;ditrice" HEIGHT="42" WIDTH="204" VPOS="2475" HPOS="2104"/>
<SP HEIGHT="41" WIDTH="43" VPOS="2475" HPOS="2309"/>
<String LANG="fr" CONTENT="A." HEIGHT="39" WIDTH="55" VPOS="2475" HPOS="2353"/>
</TextLine>
<TextLine HEIGHT="48" WIDTH="656" VPOS="2534" HPOS="461" LANG="fr">
<String CONTENT="Mondadori." HEIGHT="42" WIDTH="307" VPOS="2534" HPOS="461"/>
<SP HEIGHT="48" WIDTH="64" VPOS="2534" HPOS="769"/>
<String CONTENT="(36-20363)" HEIGHT="48" WIDTH="283" VPOS="2534" HPOS="834"/>
</TextLine>
<TextLine HEIGHT="66" WIDTH="1146" VPOS="2638" HPOS="387" STYLEREFS="StyleId-7DC8A80B-3F0D-42BE-9BC2-9CDE3AFD8F32-">
<String LANG="en-US" CONTENT="Brown," HEIGHT="65" WIDTH="234" VPOS="2639" HPOS="387"/>
<SP HEIGHT="65" WIDTH="26" VPOS="2639" HPOS="622"/>
<String LANG="en-US" CONTENT="Burdette" HEIGHT="54" WIDTH="293" VPOS="2639" HPOS="649"/>
<SP HEIGHT="54" WIDTH="26" VPOS="2639" HPOS="943"/>
<String LANG="fr" CONTENT="Boardman," HEIGHT="66" WIDTH="359" VPOS="2638" HPOS="970"/>
<SP HEIGHT="59" WIDTH="29" VPOS="2645" HPOS="1330"/>
<String LANG="fr" CONTENT="1871-" HEIGHT="56" WIDTH="173" VPOS="2639" HPOS="1360"/>
</TextLine>
<TextLine HEIGHT="74" WIDTH="1943" VPOS="2711" HPOS="463" STYLEREFS="StyleId-9AAEF693-C9C8-467E-9479-BC2C3DB1190B-">
<String LANG="fr" CONTENT="Brown" HEIGHT="52" WIDTH="214" VPOS="2716" HPOS="463"/>
<SP HEIGHT="51" WIDTH="40" VPOS="2734" HPOS="678"/>
<String LANG="en-US" CONTENT="goes," HEIGHT="52" WIDTH="150" VPOS="2733" HPOS="719"/>
<SP HEIGHT="68" WIDTH="39" VPOS="2715" HPOS="870"/>
<String LANG="en-US" CONTENT="by" HEIGHT="69" WIDTH="76" VPOS="2715" HPOS="910"/>
<SP HEIGHT="68" WIDTH="40" VPOS="2716" HPOS="987"/>
<String LANG="en-US" CONTENT="Burdette" HEIGHT="53" WIDTH="280" VPOS="2715" HPOS="1028"/>
<SP HEIGHT="52" WIDTH="39" VPOS="2716" HPOS="1309"/>
<String LANG="fr" CONTENT="Boardman" HEIGHT="53" WIDTH="334" VPOS="2715" HPOS="1349"/>
<SP HEIGHT="52" WIDTH="42" VPOS="2715" HPOS="1684"/>
<String LANG="fr" CONTENT="Brown." HEIGHT="53" WIDTH="232" VPOS="2715" HPOS="1727"/>
<SP HEIGHT="55" WIDTH="78" VPOS="2713" HPOS="1960"/>
<String LANG="fr" CONTENT="New" HEIGHT="54" WIDTH="140" VPOS="2713" HPOS="2039"/>
<SP HEIGHT="54" WIDTH="43" VPOS="2712" HPOS="2180"/>
<String LANG="fr" CONTENT="York," HEIGHT="69" WIDTH="182" VPOS="2711" HPOS="2224"/>
</TextLine>
<TextLine HEIGHT="71" WIDTH="1578" VPOS="2792" HPOS="390" STYLEREFS="StyleId-9AAEF693-C9C8-467E-9479-BC2C3DB1190B-" LANG="fr" CS="1">
<String CONTENT="London" HEIGHT="54" WIDTH="242" VPOS="2792" HPOS="390"/>
<SP HEIGHT="48" WIDTH="33" VPOS="2813" HPOS="633"/>
<String CONTENT="[etc.]" HEIGHT="62" WIDTH="139" VPOS="2799" HPOS="667"/>
<SP HEIGHT="66" WIDTH="28" VPOS="2794" HPOS="807"/>
<String CONTENT="Fleming" HEIGHT="70" WIDTH="270" VPOS="2793" HPOS="836"/>
<SP HEIGHT="70" WIDTH="20" VPOS="2793" HPOS="1107"/>
<String CONTENT="H." HEIGHT="53" WIDTH="76" VPOS="2793" HPOS="1128"/>
<SP HEIGHT="53" WIDTH="28" VPOS="2793" HPOS="1205"/>
<String CONTENT="Revell" HEIGHT="53" WIDTH="196" VPOS="2793" HPOS="1234"/>
<SP HEIGHT="52" WIDTH="28" VPOS="2794" HPOS="1431"/>
<String CONTENT="company" HEIGHT="52" WIDTH="283" VPOS="2810" HPOS="1460"/>
<SP HEIGHT="51" WIDTH="28" VPOS="2811" HPOS="1744"/>
<String CS="1" CONTENT="["/>
<String STYLE="superscript" LANG="en-US" CONTENT="c" HEIGHT="22" WIDTH="18" VPOS="2798" HPOS="1792"/>
<String LANG="en-US" CONTENT="1936]" HEIGHT="65" WIDTH="153" VPOS="2794" HPOS="1815"/>
</TextLine>
<TextLine HEIGHT="50" WIDTH="753" VPOS="2866" HPOS="460" LANG="fr">
<String CONTENT="144" HEIGHT="41" WIDTH="86" VPOS="2866" HPOS="460"/>
<SP HEIGHT="50" WIDTH="31" VPOS="2866" HPOS="547"/>
<String CONTENT="p." HEIGHT="39" WIDTH="44" VPOS="2877" HPOS="579"/>
<SP HEIGHT="42" WIDTH="59" VPOS="2866" HPOS="624"/>
<String CONTENT="front.," HEIGHT="50" WIDTH="165" VPOS="2866" HPOS="684"/>
<SP HEIGHT="39" WIDTH="32" VPOS="2877" HPOS="850"/>
<String CONTENT="ports." HEIGHT="47" WIDTH="152" VPOS="2869" HPOS="883"/>
<SP HEIGHT="42" WIDTH="58" VPOS="2867" HPOS="1036"/>
<String CONTENT="21" HEIGHT="41" WIDTH="56" VPOS="2867" HPOS="1095"/>
<String STYLE="superscript" CONTENT="cm" HEIGHT="22" WIDTH="44" VPOS="2869" HPOS="1156"/>
<String CONTENT="." HEIGHT="10" WIDTH="9" VPOS="2899" HPOS="1204"/>
</TextLine>
<TextLine HEIGHT="49" WIDTH="416" VPOS="2924" HPOS="463" LANG="en-US">
<String CONTENT="Autobiography." HEIGHT="49" WIDTH="416" VPOS="2924" HPOS="463"/>
</TextLine>
<TextLine HEIGHT="54" WIDTH="2016" VPOS="2992" HPOS="391" LANG="fr" CS="1">
<String CONTENT="&#169;" HEIGHT="54" WIDTH="54" VPOS="2992" HPOS="391"/>
<SP HEIGHT="54" WIDTH="26" VPOS="2992" HPOS="446"/>
<String LANG="en-US" CONTENT="Aug." HEIGHT="48" WIDTH="121" VPOS="2997" HPOS="473"/>
<SP HEIGHT="40" WIDTH="28" VPOS="2997" HPOS="595"/>
<String CONTENT="28," HEIGHT="47" WIDTH="71" VPOS="2997" HPOS="624"/>
<SP HEIGHT="46" WIDTH="30" VPOS="2998" HPOS="696"/>
<String CS="1" CONTENT="1936;" HEIGHT="40" WIDTH="114" VPOS="2997" HPOS="727"/>
<SP HEIGHT="48" WIDTH="27" VPOS="2996" HPOS="869"/>
<String CONTENT="2c." HEIGHT="40" WIDTH="67" VPOS="2996" HPOS="897"/>
<SP HEIGHT="30" WIDTH="29" VPOS="3006" HPOS="965"/>
<String CONTENT="and" HEIGHT="40" WIDTH="98" VPOS="2996" HPOS="995"/>
<SP HEIGHT="40" WIDTH="26" VPOS="2996" HPOS="1094"/>
<String CONTENT="aff." HEIGHT="41" WIDTH="85" VPOS="2996" HPOS="1121"/>
<SP HEIGHT="40" WIDTH="31" VPOS="2997" HPOS="1207"/>
<String CONTENT="Sept." HEIGHT="47" WIDTH="128" VPOS="2997" HPOS="1239"/>
<SP HEIGHT="39" WIDTH="29" VPOS="2997" HPOS="1368"/>
<String CS="1" CONTENT="11;" HEIGHT="39" WIDTH="55" VPOS="2997" HPOS="1398"/>
<SP HEIGHT="48" WIDTH="31" VPOS="2996" HPOS="1482"/>
<!-- cceid A43FA272-6E3A-1014-83DD-942C093A1DD9 --><String CONTENT="A" HEIGHT="40" WIDTH="42" VPOS="2996" HPOS="1514"/>
<SP HEIGHT="41" WIDTH="27" VPOS="2995" HPOS="1557"/>
<String CS="1" CONTENT="98399;" HEIGHT="42" WIDTH="146" VPOS="2995" HPOS="1585"/>
<SP HEIGHT="48" WIDTH="33" VPOS="2996" HPOS="1759"/>
<String CONTENT="Fleming" HEIGHT="49" WIDTH="223" VPOS="2995" HPOS="1793"/>
<SP HEIGHT="47" WIDTH="27" VPOS="2997" HPOS="2017"/>
<String CONTENT="H." HEIGHT="39" WIDTH="60" VPOS="2997" HPOS="2045"/>
<SP HEIGHT="39" WIDTH="32" VPOS="2997" HPOS="2106"/>
<String CONTENT="Revell" HEIGHT="40" WIDTH="167" VPOS="2996" HPOS="2139"/>
<SP HEIGHT="40" WIDTH="31" VPOS="2996" HPOS="2307"/>
<String CONTENT="co." HEIGHT="30" WIDTH="68" VPOS="3006" HPOS="2339"/>
</TextLine>
<TextLine HEIGHT="48" WIDTH="283" VPOS="3054" HPOS="475" LANG="fr">
<String CONTENT="(36-20229)" HEIGHT="48" WIDTH="283" VPOS="3054" HPOS="475"/>
</TextLine>
<TextLine HEIGHT="66" WIDTH="973" VPOS="3157" HPOS="387" STYLEREFS="StyleId-7DC8A80B-3F0D-42BE-9BC2-9CDE3AFD8F32-">
<String LANG="en-US" CONTENT="Bullard," HEIGHT="65" WIDTH="263" VPOS="3157" HPOS="387"/>
<SP HEIGHT="63" WIDTH="24" VPOS="3159" HPOS="651"/>
<String LANG="fr" CONTENT="Mrs." HEIGHT="52" WIDTH="139" VPOS="3159" HPOS="676"/>
<SP HEIGHT="52" WIDTH="26" VPOS="3159" HPOS="816"/>
<String LANG="fr" CONTENT="Marion" HEIGHT="54" WIDTH="233" VPOS="3157" HPOS="843"/>
<SP HEIGHT="65" WIDTH="29" VPOS="3158" HPOS="1077"/>
<String LANG="fr" CONTENT="(Rorty)" HEIGHT="66" WIDTH="253" VPOS="3157" HPOS="1107"/>
</TextLine>
<TextLine HEIGHT="71" WIDTH="1941" VPOS="3233" HPOS="464" STYLEREFS="StyleId-9AAEF693-C9C8-467E-9479-BC2C3DB1190B-" LANG="en-US">
<String CONTENT="The" HEIGHT="52" WIDTH="122" VPOS="3235" HPOS="464"/>
<SP HEIGHT="52" WIDTH="47" VPOS="3236" HPOS="587"/>
<String CONTENT="hog" HEIGHT="67" WIDTH="117" VPOS="3236" HPOS="635"/>
<SP HEIGHT="50" WIDTH="47" VPOS="3254" HPOS="753"/>
<String CONTENT="goes" HEIGHT="50" WIDTH="133" VPOS="3254" HPOS="801"/>
<SP HEIGHT="54" WIDTH="49" VPOS="3235" HPOS="935"/>
<String CONTENT="downstream;" HEIGHT="65" WIDTH="411" VPOS="3235" HPOS="985"/>
<SP HEIGHT="60" WIDTH="53" VPOS="3240" HPOS="1397"/>
<String CONTENT="told" HEIGHT="53" WIDTH="121" VPOS="3235" HPOS="1451"/>
<SP HEIGHT="53" WIDTH="52" VPOS="3235" HPOS="1573"/>
<String CONTENT="and" HEIGHT="53" WIDTH="113" VPOS="3234" HPOS="1626"/>
<SP HEIGHT="54" WIDTH="52" VPOS="3234" HPOS="1740"/>
<String CONTENT="drawn" HEIGHT="53" WIDTH="201" VPOS="3235" HPOS="1793"/>
<SP HEIGHT="53" WIDTH="50" VPOS="3234" HPOS="1995"/>
<String CONTENT="by" HEIGHT="68" WIDTH="77" VPOS="3234" HPOS="2046"/>
<SP HEIGHT="68" WIDTH="48" VPOS="3234" HPOS="2124"/>
<String CONTENT="Marion" HEIGHT="54" WIDTH="232" VPOS="3233" HPOS="2173"/>
</TextLine>
<TextLine HEIGHT="68" WIDTH="1921" VPOS="3313" HPOS="390" STYLEREFS="StyleId-9AAEF693-C9C8-467E-9479-BC2C3DB1190B-" LANG="en-US" CS="1">
<String CONTENT="Bullard." HEIGHT="54" WIDTH="263" VPOS="3314" HPOS="390"/>
<SP HEIGHT="54" WIDTH="75" VPOS="3314" HPOS="654"/>
<String CONTENT="New" HEIGHT="53" WIDTH="140" VPOS="3314" HPOS="730"/>
<SP HEIGHT="52" WIDTH="31" VPOS="3315" HPOS="871"/>
<String CONTENT="York," HEIGHT="68" WIDTH="181" VPOS="3313" HPOS="903"/>
<SP HEIGHT="66" WIDTH="28" VPOS="3315" HPOS="1085"/>
<String LANG="fr" CONTENT="Harcourt," HEIGHT="65" WIDTH="312" VPOS="3315" HPOS="1114"/>
<SP HEIGHT="65" WIDTH="30" VPOS="3315" HPOS="1427"/>
<String CONTENT="Brace" HEIGHT="51" WIDTH="182" VPOS="3315" HPOS="1458"/>
<SP HEIGHT="35" WIDTH="29" VPOS="3331" HPOS="1641"/>
<String CONTENT="and" HEIGHT="53" WIDTH="114" VPOS="3315" HPOS="1671"/>
<SP HEIGHT="53" WIDTH="29" VPOS="3315" HPOS="1786"/>
<String CONTENT="company" HEIGHT="50" WIDTH="285" VPOS="3331" HPOS="1816"/>
<SP HEIGHT="49" WIDTH="34" VPOS="3332" HPOS="2102"/>
<String CONTENT="[" HEIGHT="34" WIDTH="13" VPOS="3347" HPOS="2137"/>
<String STYLE="superscript" CONTENT="c" HEIGHT="23" WIDTH="18" VPOS="3318" HPOS="2155"/>
<String CS="1" CONTENT="1936]" HEIGHT="49" WIDTH="133" VPOS="3317" HPOS="2178"/>
</TextLine>
<TextLine HEIGHT="52" WIDTH="1571" VPOS="3385" HPOS="464" LANG="en-US" CS="1">
<String CONTENT="5" HEIGHT="40" WIDTH="27" VPOS="3386" HPOS="464"/>
<SP HEIGHT="49" WIDTH="30" VPOS="3386" HPOS="492"/>
<String CONTENT="p." HEIGHT="38" WIDTH="43" VPOS="3397" HPOS="523"/>
<SP/>
<String CS="1" CONTENT="l.," HEIGHT="17" WIDTH="8" VPOS="3418" HPOS="635"/>
<SP HEIGHT="48" WIDTH="31" VPOS="3387" HPOS="644"/>
<String CONTENT="3-95," HEIGHT="48" WIDTH="130" VPOS="3386" HPOS="676"/>
<SP HEIGHT="30" WIDTH="35" VPOS="3406" HPOS="807"/>
<String CONTENT="[1]" HEIGHT="50" WIDTH="56" VPOS="3387" HPOS="843"/>
<SP HEIGHT="39" WIDTH="33" VPOS="3398" HPOS="900"/>
<String CONTENT="p." HEIGHT="38" WIDTH="43" VPOS="3398" HPOS="934"/>
<SP HEIGHT="41" WIDTH="31" VPOS="3387" HPOS="978"/>
<String CONTENT="incl." HEIGHT="41" WIDTH="111" VPOS="3387" HPOS="1010"/>
<SP HEIGHT="41" WIDTH="30" VPOS="3387" HPOS="1122"/>
<String CONTENT="front.," HEIGHT="47" WIDTH="166" VPOS="3387" HPOS="1153"/>
<SP HEIGHT="49" WIDTH="33" VPOS="3385" HPOS="1320"/>
<String CONTENT="illus.," HEIGHT="49" WIDTH="144" VPOS="3385" HPOS="1354"/>
<SP HEIGHT="38" WIDTH="32" VPOS="3397" HPOS="1499"/>
<String CONTENT="plates." HEIGHT="48" WIDTH="171" VPOS="3387" HPOS="1532"/>
<SP HEIGHT="42" WIDTH="59" VPOS="3386" HPOS="1704"/>
<String CONTENT="14" HEIGHT="40" WIDTH="55" VPOS="3386" HPOS="1764"/>
<SP HEIGHT="39" WIDTH="16" VPOS="3387" HPOS="1820"/>
<String CS="1" CONTENT="&#215;"/>
<SP HEIGHT="40" WIDTH="18" VPOS="3386" HPOS="1869"/>
<String CS="1" CONTENT="19&#189;" HEIGHT="41" WIDTH="55" VPOS="3386" HPOS="1888"/>
<String STYLE="superscript" CONTENT="cm" HEIGHT="21" WIDTH="43" VPOS="3388" HPOS="1977"/>
<String CONTENT="." HEIGHT="11" WIDTH="9" VPOS="3416" HPOS="2026"/>
</TextLine>
<TextLine HEIGHT="54" WIDTH="2018" VPOS="3454" HPOS="389" LANG="en-US" CS="1">
<String CONTENT="&#169;" HEIGHT="54" WIDTH="54" VPOS="3454" HPOS="389"/>
<SP HEIGHT="54" WIDTH="31" VPOS="3454" HPOS="444"/>
<String CONTENT="Sept." HEIGHT="47" WIDTH="128" VPOS="3459" HPOS="476"/>
<SP HEIGHT="39" WIDTH="29" VPOS="3460" HPOS="605"/>
<String CONTENT="10," HEIGHT="48" WIDTH="70" VPOS="3459" HPOS="635"/>
<SP HEIGHT="47" WIDTH="29" VPOS="3460" HPOS="706"/>
<String CS="1" CONTENT="1936;" HEIGHT="41" WIDTH="114" VPOS="3458" HPOS="736"/>
<SP HEIGHT="47" WIDTH="31" VPOS="3458" HPOS="878"/>
<String CONTENT="2c." HEIGHT="40" WIDTH="67" VPOS="3458" HPOS="910"/>
<SP HEIGHT="41" WIDTH="33" VPOS="3459" HPOS="978"/>
<String CONTENT="Sept." HEIGHT="48" WIDTH="129" VPOS="3459" HPOS="1012"/>
<SP HEIGHT="42" WIDTH="28" VPOS="3458" HPOS="1142"/>
<String CS="1" CONTENT="24;" HEIGHT="40" WIDTH="56" VPOS="3458" HPOS="1171"/>
<SP HEIGHT="36" WIDTH="32" VPOS="3469" HPOS="1254"/>
<String CONTENT="aff." HEIGHT="41" WIDTH="83" VPOS="3458" HPOS="1287"/>
<SP HEIGHT="41" WIDTH="31" VPOS="3458" HPOS="1371"/>
<String CONTENT="Sept." HEIGHT="47" WIDTH="129" VPOS="3458" HPOS="1403"/>
<SP HEIGHT="40" WIDTH="29" VPOS="3458" HPOS="1533"/>
<String CS="1" CONTENT="23;" HEIGHT="40" WIDTH="55" VPOS="3458" HPOS="1563"/>
<SP HEIGHT="46" WIDTH="31" VPOS="3458" HPOS="1647"/>
<!-- cceid A43FF68E-6E3A-1014-83DD-942C093A1DD9 --><String CONTENT="A" HEIGHT="39" WIDTH="41" VPOS="3458" HPOS="1679"/>
<SP HEIGHT="40" WIDTH="24" VPOS="3457" HPOS="1721"/>
<String CS="1" CONTENT="98621;" HEIGHT="41" WIDTH="144" VPOS="3456" HPOS="1746"/>
<SP HEIGHT="47" WIDTH="33" VPOS="3457" HPOS="1919"/>
<String LANG="fr" CONTENT="Harcourt," HEIGHT="47" WIDTH="266" VPOS="3456" HPOS="1953"/>
<SP HEIGHT="46" WIDTH="30" VPOS="3457" HPOS="2220"/>
<String CONTENT="Brace" HEIGHT="38" WIDTH="156" VPOS="3457" HPOS="2251"/>
</TextLine>
<TextLine HEIGHT="51" WIDTH="622" VPOS="3515" HPOS="461" LANG="en-US">
<String CONTENT="&amp;" HEIGHT="40" WIDTH="36" VPOS="3517" HPOS="461"/>
<SP HEIGHT="40" WIDTH="28" VPOS="3517" HPOS="498"/>
<String CONTENT="co.," HEIGHT="39" WIDTH="82" VPOS="3526" HPOS="527"/>
<SP HEIGHT="49" WIDTH="29" VPOS="3516" HPOS="610"/>
<String CONTENT="inc." HEIGHT="40" WIDTH="92" VPOS="3516" HPOS="640"/>
<SP HEIGHT="49" WIDTH="67" VPOS="3516" HPOS="733"/>
<String CONTENT="(36-20250)" HEIGHT="51" WIDTH="282" VPOS="3515" HPOS="801"/>
</TextLine>
<TextLine HEIGHT="67" WIDTH="838" VPOS="3619" HPOS="387" STYLEREFS="StyleId-7DC8A80B-3F0D-42BE-9BC2-9CDE3AFD8F32-" LANG="en-US">
<String CONTENT="Bush," HEIGHT="64" WIDTH="186" VPOS="3620" HPOS="387"/>
<SP HEIGHT="63" WIDTH="30" VPOS="3621" HPOS="574"/>
<String CONTENT="Christopher," HEIGHT="67" WIDTH="412" VPOS="3619" HPOS="605"/>
<SP HEIGHT="60" WIDTH="33" VPOS="3625" HPOS="1018"/>
<String CONTENT="1885-" HEIGHT="51" WIDTH="173" VPOS="3625" HPOS="1052"/>
</TextLine>
<TextLine HEIGHT="72" WIDTH="1944" VPOS="3694" HPOS="460" STYLEREFS="StyleId-9AAEF693-C9C8-467E-9479-BC2C3DB1190B-" LANG="en-US">
<String CONTENT="The" HEIGHT="55" WIDTH="123" VPOS="3697" HPOS="460"/>
<SP HEIGHT="55" WIDTH="25" VPOS="3697" HPOS="584"/>
<String CONTENT="body" HEIGHT="69" WIDTH="155" VPOS="3697" HPOS="610"/>
<SP HEIGHT="69" WIDTH="30" VPOS="3697" HPOS="766"/>
<String CONTENT="in" HEIGHT="53" WIDTH="61" VPOS="3697" HPOS="797"/>
<SP HEIGHT="48" WIDTH="28" VPOS="3702" HPOS="859"/>
<String CONTENT="the" HEIGHT="52" WIDTH="96" VPOS="3698" HPOS="888"/>
<SP HEIGHT="53" WIDTH="28" VPOS="3697" HPOS="985"/>
<String CONTENT="bonfire," HEIGHT="69" WIDTH="234" VPOS="3696" HPOS="1014"/>
<SP HEIGHT="68" WIDTH="30" VPOS="3697" HPOS="1249"/>
<String CONTENT="by" HEIGHT="69" WIDTH="76" VPOS="3697" HPOS="1280"/>
<SP HEIGHT="69" WIDTH="29" VPOS="3697" HPOS="1357"/>
<String CONTENT="Christopher" HEIGHT="68" WIDTH="380" VPOS="3696" HPOS="1387"/>
<SP HEIGHT="52" WIDTH="30" VPOS="3698" HPOS="1768"/>
<String CONTENT="Bush." HEIGHT="54" WIDTH="177" VPOS="3696" HPOS="1799"/>
<SP HEIGHT="53" WIDTH="73" VPOS="3696" HPOS="1977"/>
<String CONTENT="New" HEIGHT="53" WIDTH="141" VPOS="3696" HPOS="2051"/>
<SP HEIGHT="53" WIDTH="29" VPOS="3695" HPOS="2193"/>
<String CONTENT="York," HEIGHT="66" WIDTH="181" VPOS="3694" HPOS="2223"/>
</TextLine>
<TextLine HEIGHT="69" WIDTH="950" VPOS="3776" HPOS="389" STYLEREFS="StyleId-9AAEF693-C9C8-467E-9479-BC2C3DB1190B-" LANG="en-US">
<String CONTENT="H." HEIGHT="55" WIDTH="77" VPOS="3776" HPOS="389"/>
<SP HEIGHT="54" WIDTH="31" VPOS="3777" HPOS="467"/>
<String CONTENT="Holt" HEIGHT="54" WIDTH="147" VPOS="3776" HPOS="499"/>
<SP HEIGHT="48" WIDTH="31" VPOS="3782" HPOS="647"/>
<String CONTENT="and" HEIGHT="53" WIDTH="114" VPOS="3777" HPOS="679"/>
<SP HEIGHT="53" WIDTH="32" VPOS="3777" HPOS="794"/>
<String CONTENT="company" HEIGHT="50" WIDTH="282" VPOS="3794" HPOS="827"/>
<SP HEIGHT="51" WIDTH="34" VPOS="3794" HPOS="1110"/>
<String CONTENT="[" HEIGHT="34" WIDTH="13" VPOS="3811" HPOS="1145"/>
<String STYLE="superscript" CONTENT="c" HEIGHT="22" WIDTH="18" VPOS="3782" HPOS="1163"/>
<String CONTENT="1936]" HEIGHT="64" WIDTH="153" VPOS="3780" HPOS="1186"/>
</TextLine>
<TextLine HEIGHT="50" WIDTH="371" VPOS="3849" HPOS="462" LANG="en-US" CS="1">
<String CONTENT="278" HEIGHT="41" WIDTH="87" VPOS="3850" HPOS="462"/>
<SP HEIGHT="49" WIDTH="30" VPOS="3850" HPOS="550"/>
<String CONTENT="p." HEIGHT="39" WIDTH="43" VPOS="3860" HPOS="581"/>
<SP HEIGHT="43" WIDTH="59" VPOS="3849" HPOS="625"/>
<String CS="1" CONTENT="19&#189;cm." HEIGHT="42" WIDTH="148" VPOS="3849" HPOS="685"/>
</TextLine>
<TextLine HEIGHT="53" WIDTH="1938" VPOS="3914" HPOS="464" LANG="en-US">
<String CONTENT="&#8220;Published" HEIGHT="41" WIDTH="294" VPOS="3918" HPOS="464"/>
<SP HEIGHT="39" WIDTH="26" VPOS="3920" HPOS="759"/>
<String CONTENT="in" HEIGHT="39" WIDTH="48" VPOS="3920" HPOS="786"/>
<SP HEIGHT="39" WIDTH="26" VPOS="3920" HPOS="835"/>
<String CONTENT="England" HEIGHT="47" WIDTH="223" VPOS="3920" HPOS="862"/>
<SP HEIGHT="39" WIDTH="24" VPOS="3920" HPOS="1086"/>
<String CONTENT="under" HEIGHT="40" WIDTH="155" VPOS="3919" HPOS="1111"/>
<SP HEIGHT="39" WIDTH="23" VPOS="3919" HPOS="1267"/>
<String CONTENT="the" HEIGHT="40" WIDTH="82" VPOS="3919" HPOS="1291"/>
<SP HEIGHT="39" WIDTH="22" VPOS="3920" HPOS="1374"/>
<String CONTENT="title," HEIGHT="48" WIDTH="123" VPOS="3918" HPOS="1397"/>
<SP HEIGHT="48" WIDTH="26" VPOS="3918" HPOS="1521"/>
<String CONTENT="&#8216;The" HEIGHT="39" WIDTH="116" VPOS="3918" HPOS="1548"/>
<SP HEIGHT="31" WIDTH="24" VPOS="3927" HPOS="1665"/>
<String CONTENT="case" HEIGHT="31" WIDTH="110" VPOS="3927" HPOS="1690"/>
<SP HEIGHT="31" WIDTH="23" VPOS="3926" HPOS="1801"/>
<String CONTENT="of" HEIGHT="41" WIDTH="52" VPOS="3916" HPOS="1825"/>
<SP HEIGHT="41" WIDTH="26" VPOS="3916" HPOS="1878"/>
<String CONTENT="the" HEIGHT="40" WIDTH="83" VPOS="3917" HPOS="1905"/>
<SP HEIGHT="42" WIDTH="22" VPOS="3915" HPOS="1989"/>
<String CONTENT="bonfire" HEIGHT="41" WIDTH="183" VPOS="3915" HPOS="2012"/>
<SP HEIGHT="40" WIDTH="23" VPOS="3916" HPOS="2196"/>
<String CONTENT="body.&#8221;" HEIGHT="48" WIDTH="182" VPOS="3914" HPOS="2220"/>
</TextLine>
<TextLine HEIGHT="54" WIDTH="2010" VPOS="3972" HPOS="393" LANG="en-US">
<String CONTENT="&#169;" HEIGHT="53" WIDTH="53" VPOS="3972" HPOS="393"/>
<SP HEIGHT="53" WIDTH="41" VPOS="3972" HPOS="447"/>
<String CONTENT="Sept." HEIGHT="47" WIDTH="127" VPOS="3978" HPOS="489"/>
<SP HEIGHT="40" WIDTH="40" VPOS="3977" HPOS="617"/>
<String CONTENT="24," HEIGHT="47" WIDTH="69" VPOS="3977" HPOS="658"/>
<SP HEIGHT="46" WIDTH="37" VPOS="3978" HPOS="728"/>
<String CONTENT="1936;" HEIGHT="49" WIDTH="142" VPOS="3977" HPOS="766"/>
<SP HEIGHT="49" WIDTH="38" VPOS="3977" HPOS="909"/>
<String CONTENT="2c." HEIGHT="42" WIDTH="68" VPOS="3977" HPOS="948"/>
<SP HEIGHT="31" WIDTH="39" VPOS="3987" HPOS="1017"/>
<String CONTENT="and" HEIGHT="42" WIDTH="96" VPOS="3977" HPOS="1057"/>
<SP HEIGHT="41" WIDTH="38" VPOS="3977" HPOS="1154"/>
<String CONTENT="aff." HEIGHT="41" WIDTH="82" VPOS="3976" HPOS="1193"/>
<SP HEIGHT="41" WIDTH="42" VPOS="3977" HPOS="1276"/>
<String CONTENT="Sept." HEIGHT="47" WIDTH="128" VPOS="3977" HPOS="1319"/>
<SP HEIGHT="41" WIDTH="39" VPOS="3976" HPOS="1448"/>
<String CONTENT="26;" HEIGHT="47" WIDTH="82" VPOS="3976" HPOS="1488"/>
<SP HEIGHT="46" WIDTH="42" VPOS="3977" HPOS="1571"/>
<!-- cceid A44044E9-6E3A-1014-83DD-942C093A1DD9 --><String CONTENT="A" HEIGHT="38" WIDTH="41" VPOS="3977" HPOS="1614"/>
<SP HEIGHT="40" WIDTH="37" VPOS="3975" HPOS="1656"/>
<String CONTENT="98650;" HEIGHT="49" WIDTH="173" VPOS="3974" HPOS="1694"/>
<SP HEIGHT="49" WIDTH="40" VPOS="3974" HPOS="1868"/>
<String CONTENT="C." HEIGHT="42" WIDTH="49" VPOS="3974" HPOS="1909"/>
<SP HEIGHT="38" WIDTH="42" VPOS="3975" HPOS="1959"/>
<String CONTENT="Bush," HEIGHT="50" WIDTH="148" VPOS="3973" HPOS="2002"/>
<SP HEIGHT="49" WIDTH="41" VPOS="3974" HPOS="2151"/>
<String CONTENT="London." HEIGHT="40" WIDTH="210" VPOS="3972" HPOS="2193"/>
</TextLine>
<TextLine HEIGHT="49" WIDTH="283" VPOS="4033" HPOS="471" LANG="en-US">
<String CONTENT="(56-20243)" HEIGHT="49" WIDTH="283" VPOS="4033" HPOS="471"/>
</TextLine>
</TextBlock>
</PrintSpace>
</Page>
</Layout>
</alto>