2519 4377
1097 4163 132 51 1695

190 586 1125 59 7 p. l., 3-326 p. front., plates, ports. 23½ cm.
124 666 53 53 ©
209 669 100 41 Oct.
340 667 70 48 30,
442 666 140 47 1936;
616 666 68 40 2c.
719 666 115 38 Nov.
868 663 52 40 7:
956 662 81 40 aff.
1072 662 117 40 Nov.
1223 661 80 45 10;
1340 661 39 38 A
1411 658 172 47 99795;

1620 658 205 42 Charles
1861 655 267 42 Scribner’s

196 736 124 28 sons.
386 722 281 49 (36-31718)

125 829 254 62 Salmon,
408 826 232 54 Michel.

258 896 1607 67 … Artères des muscles de la tête et du cou. Paris,
1900 897 228 53 Masson

127 991 53 48 et
205 1003 28 35 ci
251 991 19 21 e
275 1026 11 24 ,
313 986 149 51 1936.

198 1053 575 52 229 p., 1 l. illus. 25½cm.
201 1111 225 41 “Travail
455 1112 63 39 du
545 1109 318 41 Laboratoire
890 1106 292 42 d’anatomie
1209 1107 57 40 de
1291 1108 48 38 la
1367 1104 203 42 Faculté
1597 1107 57 39 de
1681 1104 292 42 Marseille.”

131 1175 1722 58 © July 4, 1936; 1c. Oct. 22; A- Foreign 33221; Masson et cie.
211 1238 280 50 (36-33445)

132 1345 357 64 Seligmann,
514 1343 274 64 Jacques,
812 1341 52 53 &
887 1357 102 47 co.,
1014 1340 111 56 inc.

204 1420 246 67 Picasso,
483 1417 200 54 “blue”
720 1417 113 54 and
870 1415 192 54 “rose”
1098 1415 247 69 periods,
1383 1416 323 52 1901-1906.
1782 1414 160 54 Loan
134 1414 1977 152 exhibition,

379 1496 320 54 November
744 1493 390 54 2-November
1181 1495 84 66 26,
1315 1494 151 65 1936,
1513 1498 58 49 at
1616 1493 97 53 the
1760 1491 265 71 galleries
2072 1492 64 54 of

135 1570 1594 75 Jacques Seligmann & co., inc. New York [c1936 ]
205 1644 821 51 24 p., 1 l. front., plates. 27 cm.
206 1704 69 39 “A
300 1702 181 50 partial
509 1700 338 49 bibliography
872 1700 226 48 covering
1126 1701 81 39 the
1234 1700 193 47 periods
1452 1700 52 40 of
1531 1700 82 41 the
1639 1700 299 41 exhibition”:
1997 1711 43 38 p.
2067 1700 69 42 11.

138 1760 52 53 ©
216 1765 117 38 Nov.
358 1762 40 48 2,
424 1760 114 42 1936;
593 1760 68 41 2c.
690 1760 95 39 and
813 1760 80 39 aff.
921 1760 118 39 Nov.
1067 1759 25 38 7;
1149 1759 39 39 A
1217 1757 173 41 100330;
1446 1759 210 47 Jacques
1688 1758 278 47 Seligmann
1995 1761 36 39 &
2058 1770 83 38 co.,

208 1819 104 49 inc.,
341 1820 117 39 New
485 1818 145 40 York.
701 1815 281 50 (36-31521)

139 1925 373 62 Sturtevant,
540 1924 202 63 Edgar
768 1922 276 62 Howard,
1074 1922 171 54 1875-

210 2000 55 54 A
291 1998 219 57 Hittite
533 1998 287 70 glossary;
852 1998 187 53 words
1066 1996 65 54 of
1156 1997 210 54 known
1392 2016 63 34 or
1484 1997 361 69 conjectured
1874 2000 270 69 meaning

141 2079 140 54 with
312 2076 302 59 Sumerian
644 2077 113 53 and
789 2076 311 54 Akkadian
1126 2076 187 54 words
1344 2078 272 67 occuring
1641 2076 61 54 in
1730 2077 218 56 Hittite
1977 2084 165 53 texts,

142 2154 1977 137 by Edgar H. Sturtevant … 2d ed. … Philadelphia, Linguistic
246 2234 210 70 society
485 2232 65 56 of
577 2233 285 70 America,
891 2233 339 68 University
1257 2232 65 54 of
1350 2233 444 70 Pennsylvania,
1826 2240 152 50 1936.

216 2310 86 41 192
339 2320 43 38 p.
441 2308 59 41 26
500 2310 45 23 cm
549 2340 9 10 .
629 2307 242 49 (William
909 2306 199 49 Dwight
1145 2307 228 49 Whitney
1413 2307 251 49 linguistic
1700 2308 177 49 series)

221 2366 187 50 Special
443 2364 326 51 publications
805 2365 53 40 of
892 2365 81 41 the
1007 2363 273 50 Linguistic
1314 2364 182 49 society
1533 2365 52 41 of
1619 2365 239 44 America.

220 2423 292 42 “Published
550 2422 79 41 for
669 2423 120 39 Yale
828 2421 271 49 university
1138 2422 61 48 by
1238 2422 83 41 the
1360 2421 272 49 Linguistic
1670 2423 183 49 society
1894 2424 52 41 of
150 2426 1981 98 America.”—
329 2493 43 38 p.
408 2482 56 50 [1]

220 2539 189 40 “Books
438 2538 96 41 and
564 2536 321 50 periodicals”:
945 2547 43 39 p.
1019 2535 129 43 9-13.

150 2594 52 53 ©
245 2599 126 46 Sept.
410 2596 69 48 14,
518 2594 142 47 1936;
702 2594 67 41 2c.
810 2594 95 40 and
944 2594 82 40 aff.
1071 2595 126 47 Sept.
1237 2593 83 48 21;
1362 2594 40 39 A
1441 2593 172 49 99636;
1656 2594 272 49 Linguistic
1967 2605 93 31 soc.
2101 2596 52 39 of

224 2653 235 41 America.
522 2650 281 50 (36-31743)

151 2757 308 62 Swartley,
486 2754 248 65 Stanley
760 2753 291 66 Simpson,
1084 2760 171 50 1884-

220 2828 1928 74 Aids to good English, by Stanley S. Swartley … 2d ed.
150 2910 326 68 Meadville,
510 2910 102 52 Pa..
653 2909 139 67 [The
826 2908 252 53 Tribune
1113 2908 336 70 publishing
1482 2927 299 52 company]
1824 2914 151 50 1936.

222 2994 40 35 V,
291 2983 56 41 56
371 2993 44 38 p.
474 2982 56 41 18½cm.

220 3040 150 40 Table
400 3050 59 30 on
491 3038 121 41 back
644 3038 336 48 lining-paper.

157 3095 53 53 ©
243 3100 127 45 Sept.
402 3097 69 49 14,
502 3095 115 42 1936;
678 3095 64 40 2c.
776 3096 94 39 and
903 3096 82 41 aff.
1018 3096 101 41 Oct.
1154 3097 23 37 1;
1240 3097 39 39 A
1311 3096 174 41 106390;
1549 3099 45 41 S.
1629 3099 44 41 S.
1708 3099 253 50 Swartley,

230 3101 1909 99 Meadville,
382 3155 82 39 Pa.
530 3152 282 50 (36-31726)

156 3257 216 64 Tharp,
398 3256 204 54 James
624 3256 249 65 Burton,
902 3261 170 50 1892-

226 3332 155 53 Nous
411 3336 187 48 autres
628 3330 387 68 Américains;
1047 3330 247 69 premier
1323 3332 144 54 livre
1497 3334 68 53 de
1596 3334 228 70 lecture,
1853 3336 76 70 by
1961 3337 195 55 James

161 3408 1995 70 Burton Tharp … illustrations by Harold A. Mitts … New
161 3486 175 69 York,
365 3486 257 68 London,
649 3485 233 70 Harper
911 3488 44 50 &
984 3485 274 70 brothers,
1289 3488 149 52 1936.

229 3559 83 48 xii,
337 3559 86 41 220
444 3570 44 37 p.
547 3558 128 41 illus.
706 3559 133 48 (inch
863 3570 150 37 maps,
1041 3561 176 47 music)
1253 3560 26 39 2
1304 3561 117 41 fold.
1449 3561 97 43 tab.
1605 3563 116 41 24cm.

232 3616 194 40 “Under
453 3617 80 40 the
559 3615 270 49 editorship
855 3617 52 39 of
934 3616 217 41 Edmond
1181 3618 54 39 A.
1265 3617 205 41 Méras.”

231 3672 162 41 “First
429 3671 226 42 edition.”

167 3726 53 53 ©
247 3730 101 40 Oct.
378 3728 68 49 20,
475 3728 140 43 1936;
645 3728 66 40 2c.
742 3729 100 40 Oct.
871 3728 82 48 20;
985 3730 81 40 aff.
1097 3730 101 41 Oct.
1226 3729 83 44 22;
1341 3732 39 39 A
1408 3731 199 50 100038;
1638 3736 193 48 Harper
1860 3739 36 39 &
1924 3738 124 40 bros.

248 3785 280 48 (36-31532)

166 3889 300 64 Thurnau,
491 3889 201 63 Harry
718 3888 247 55 Conrad.

168 3961 1968 148 Complete German course for beginners; an elementary German grammar and reader, by H. C. Thurnau … with the
