2519 4377
1079 4086 100 54 657

199 524 518 50 7 p. l., 90 p. 22½cm.
199 581 160 41 “First
392 580 182 42 edition
603 579 88 42 300
723 580 200 49 copies.”

129 648 53 52 ©
207 652 118 39 Nov.
352 651 69 46 30,
451 650 139 47 1935;
620 651 67 39 2c.
718 652 115 47 May
863 651 68 47 11,
962 650 139 47 1936;
1134 651 82 40 aff.
1246 651 113 47 May
1388 651 82 46 18;
1501 651 43 38 A
1570 649 171 49 95282;
1774 652 52 39 E.
1858 650 49 41 C.
1938 648 179 49 Litsey,

199 708 236 49 Lebanon,
461 708 92 47 Ky.
623 707 278 48 (36-10878)

126 810 195 64 Lowy,
349 810 352 64 Alexander,
733 815 169 50 1889-

196 886 1862 69 An introduction to organic chemistry, by Alexander Lowy …
129 964 1991 70 and Benjamin Harrow … 4th ed. New York, J. Wiley &
127 1062 146 49 sons,
299 1044 107 54 inc.;
463 1044 259 67 London,
750 1043 297 69 Chapman
1077 1045 46 51 &
1149 1043 160 67 Hall,
1337 1043 240 68 limited,
1609 1046 148 50 1936.

195 1116 1923 50 xiv, 429 p. illus. (incl. ports.) double pl., diagrs. (part fold.) 23 ½cm .
127 1173 131 50 $3.00

198 1229 291 43 “Reference
518 1228 177 43 books”:
756 1241 44 38 p.
830 1229 201 41 401-413;
1095 1229 246 49 “Reading
1373 1227 297 43 references”
1703 1231 50 39 at
1786 1229 90 40 end
1909 1229 52 40 of
1995 1231 123 38 most

126 1286 53 41 of
209 1287 81 41 the
320 1287 238 49 chapters.

128 1352 53 53 ©
205 1357 114 47 May
341 1358 67 46 14,
433 1356 114 40 1936;
599 1355 66 41 2c.
692 1357 94 39 and
813 1356 80 39 aff.
921 1358 111 46 May
1058 1356 56 39 16;
1166 1357 39 38 A
1230 1354 147 41 94466;
1431 1357 54 41 A.
1512 1356 159 47 Lowy,
1698 1354 299 47 Pittsburgh,
2026 1354 94 40 and

198 1413 258 47 Benjamin
482 1414 221 46 Harrow,
729 1414 120 38 New
872 1413 143 39 York.
1086 1412 279 47 (36-10818)

128 1515 474 54 Massachusetts
626 1515 226 64 library
876 1515 374 54 association.

200 1591 187 54 Books
426 1612 80 33 we
542 1591 114 54 like;
723 1590 293 70 sixty-two
1056 1609 242 36 answers
1335 1596 59 49 to
1431 1591 94 54 the
1563 1590 255 69 question:
1889 1589 230 54 “Please

129 1669 214 68 choose,
367 1670 111 52 and
502 1670 130 69 give
655 1689 226 35 reasons
906 1670 94 53 for
1024 1689 144 50 your
1193 1670 204 67 choice,
1420 1676 93 47 ten
1538 1669 191 67 books,
1753 1668 281 54 exclusive
2059 1669 61 52 of

131 1748 95 52 the
271 1747 164 54 Bible
481 1748 110 52 and
641 1747 404 69 Shakespeare,
1091 1747 381 69 dictionaries,
1517 1748 446 68 encyclopedias,
2011 1748 105 52 and

130 1825 159 52 other
323 1824 273 70 ordinary
630 1825 286 54 reference
949 1826 190 68 books,
1172 1826 128 53 that
1332 1844 111 50 you
1478 1826 213 53 believe
1723 1825 203 53 should
1960 1826 67 52 be
2062 1825 57 52 in

129 1903 1993 69 every public library.” Preface by Edward Weeks … Boston,
131 1979 439 55 Massachusetts
596 1981 220 69 library
844 1981 355 68 association,
1223 1982 129 67 inc.,
1382 1984 151 52 1936.

197 2052 86 42 250
316 2065 44 37 p.
418 2052 118 43 21cm.

201 2109 162 42 “Book
392 2110 111 41 list”:
561 2123 44 37 p.
636 2111 128 42 9-27.

131 2176 52 52 ©
204 2182 113 46 May
339 2182 39 42 1,
403 2181 116 40 1936;
569 2181 67 42 2c.
663 2184 112 46 May
799 2183 59 40 25;
911 2182 81 42 aff.
1018 2184 113 47 May
1156 2183 54 40 23;
1264 2184 39 38 A
1328 2182 144 41 95334;
1527 2184 386 39 Massachusetts
1938 2183 185 43 library

200 2248 141 39 assn.,
372 2238 89 41 inc.
532 2238 281 50 (36-10884)

130 2341 278 64 Maurois,
436 2341 218 65 André,
687 2349 168 49 1885-

265 2416 1856 70 … Climats; abridged and edited with introduction, notes and
135 2493 1987 70 vocabulary by W. L. Wiley and R. W. Linker … New York,
133 2569 75 53 H.
238 2570 143 52 Holt
412 2571 111 52 and
554 2589 277 50 company
866 2574 190 65 [c1936]

202 2640 1233 52 xxvi p., 2 l., 3-225, L p. front, (port.) 17cm.
205 2697 188 39 “Books
424 2698 61 47 by
519 2697 246 40 Maurois”:
830 2710 43 37 p.
903 2698 274 41 xxiii-xxiv;
1240 2700 236 40 “Articles
1511 2702 60 46 by
1606 2701 244 40 Maurois”:
1916 2712 43 38 p.
1995 2712 127 29 xxv-

133 2753 131 40 xxvi.

133 2808 52 53 ©
211 2814 111 46 Apr.
349 2813 68 47 13,
445 2813 115 40 1936:
613 2812 68 42 2c.
709 2814 96 39 and
830 2812 82 43 aff.
941 2814 113 48 May
1081 2814 55 39 15;
1194 2815 40 38 A
1263 2814 146 41 95173;
1464 2815 169 48 Henry
1660 2816 119 39 Holt
1807 2816 36 40 &
1870 2826 81 36 co.,
1978 2816 91 39 inc.

216 2869 278 49 (36-10860)

132 2972 306 66 Meldrum,
464 2972 254 55 William
745 2973 182 64 Buell,
957 2976 170 54 1887-

203 3050 399 53 Introduction
653 3056 60 47 to
764 3050 330 53 theoretical
1147 3050 322 68 chemistry,
1519 3050 76 68 by
1646 3050 260 55 William
1958 3051 164 52 Buell

135 3126 1992 70 Meldrum … and Frank Thomson Gucker, jr. … New York,
136 3203 1288 70 Chicago [etc.] American book company [c1936]
204 3276 94 48 xiv,
320 3277 84 40 614
426 3288 45 38 p.
493 3277 107 41 incl.
622 3278 143 47 illus.,
789 3279 168 47 tables,
982 3278 175 48 diagrs.
1217 3277 164 50 front.,
1404 3290 63 30 xv
1490 3290 63 38 pl.
1582 3278 131 49 (incl.
1739 3279 172 48 ports.)
1980 3280 144 41 22½cm.

204 3333 344 50 Bibliography
580 3336 49 38 at
661 3335 90 40 end
782 3334 52 41 of
861 3334 116 41 each
1010 3334 210 48 chapter.

206 3390 381 40 “International
617 3390 178 40 atomic
823 3390 217 48 weights,
1071 3389 140 42 1936”
1242 3400 61 31 on
1331 3389 331 50 lining-paper.

137 3440 52 53 ©
215 3447 112 46 May
352 3445 41 46 9,
421 3445 115 41 1936;
591 3446 67 40 2c.
688 3448 95 38 and
812 3446 80 41 aff.
925 3448 114 46 May
1066 3448 54 38 15;
1179 3447 42 39 A
1245 3446 143 40 95192;
1447 3447 158 40 Amer.
1635 3448 123 39 book
1785 3458 67 28 co.

215 3502 278 48 (36-10780)

136 3607 219 63 Meyer,
381 3607 231 52 Arthur
638 3605 273 66 William,
940 3608 170 54 1873-

210 3682 92 51 An
344 3682 246 67 analysis
630 3682 64 52 of
732 3683 96 51 the
866 3682 87 52 De
990 3681 361 68 generatione
1391 3680 333 53 animalium
1765 3681 63 51 of
1867 3680 255 54 William

139 3756 1987 70 Harvey, by Arthur William Meyer … Stanford University,
142 3834 192 68 Calif.,
361 3835 279 54 Stanford
665 3834 317 68 university
1006 3852 184 50 press;
1217 3835 257 66 London,
1500 3835 75 53 H.
1603 3834 264 67 Milford,
1895 3833 229 54 Oxford

141 3911 313 67 university
487 3929 157 50 press
680 3914 190 64 [c1936]

281 4011 8 15 xx,
318 3981 85 41 167
427 3992 43 37 p.
526 3982 162 47 front.,
716 3983 169 46 plates,
914 3983 137 48 port.,
1078 3982 215 41 facsims.
1350 3982 115 41 21cm.
