2519 4377
1036 4088 100 49 459

84 450 277 63 Pierpont
387 451 246 62 Morgan
662 449 241 63 library,
930 451 138 50 New
1099 448 175 52 York.

155 525 119 52 The
338 523 315 55 Christmas
718 524 229 52 festival
1013 523 323 52 illustrated
1399 522 250 68 through
1713 520 359 54 illuminated

87 602 377 67 manuscripts
507 602 111 51 and
662 600 288 68 drawings
993 600 57 52 in
1091 600 95 52 the
1228 599 276 68 Pierpont
1545 599 246 68 Morgan
1835 599 237 67 library,

87 680 135 51 New
266 679 178 66 York,
485 678 308 53 December
837 680 80 64 16,
963 681 129 48 1935
1137 684 57 44 to
1238 677 260 67 January
1542 679 84 65 31,
1670 679 147 50 1936.
1933 675 137 52 [New

86 756 176 65 York,
291 763 17 20 c
314 758 149 64 1935]

157 826 84 49 [60]
271 836 42 38 p.
341 826 109 41 incl.
480 826 169 47 plates.
710 825 58 40 25½cm.

154 883 278 40 Half-title:
471 884 73 38 An
583 883 268 40 exhibition
891 883 51 38 of
982 882 303 40 illuminated
1327 884 325 46 manuscripts
1692 883 94 40 and
1826 884 245 45 drawings

83 940 304 48 illustrating
415 941 80 40 the
526 939 271 42 Christmas
825 939 211 41 festival.

85 996 52 53 ©
174 1001 110 39 Dec.
322 1000 68 48 16,
428 999 139 42 1935:
607 1000 69 40 2c.
716 1001 120 38 Mar.
873 997 69 49 23,
980 998 138 42 1936;
1160 999 81 38 aff.
1281 1000 113 46 Apr.
1433 1000 80 40 14:
1555 1000 40 38 A
1633 998 169 47 93335;
1845 999 231 46 Pierpont

153 1058 200 46 Morgan
381 1056 197 48 library.
645 1056 249 48 (36-9073)

82 1132 221 52 Punch.
418 1175 8 9 v.
457 1135 115 60 190,
598 1150 87 33 no.
712 1132 152 60 4947,
889 1132 144 50 Mar.
1065 1134 80 61 18,
1174 1134 148 49 1936.

85 1200 1991 52 © 1c. May 13, 1936; A ad int. 21428; pubd. Mar. 18; Herbert Heather,
155 1261 209 41 London.

83 1335 278 65 Ridpath,
394 1335 152 53 John
580 1334 193 63 Clark,
807 1340 324 49 1840-1900.

153 1411 305 67 Ridpath’s
503 1412 221 67 history
765 1411 63 52 of
873 1412 95 51 the
1011 1411 207 67 world;
1265 1410 170 68 being
1480 1429 70 33 an
1595 1416 235 47 account
1871 1409 64 53 of
1981 1411 92 50 the

86 1489 283 67 principal
415 1494 190 48 events
647 1492 61 49 in
752 1490 94 51 the
890 1507 187 34 career
1120 1488 63 54 of
1224 1489 94 52 the
1360 1489 213 52 human
1615 1507 124 33 race
1784 1488 151 52 from
1981 1489 92 51 the

83 1566 339 70 beginnings
458 1566 62 53 of
553 1566 350 54 civilization
936 1573 56 47 to
1027 1567 93 52 the
1153 1572 226 62 present
1412 1568 153 66 time,
1598 1565 349 69 comprising
1982 1567 93 52 the

84 1647 393 67 development
507 1646 63 52 of
601 1646 172 53 social
806 1645 353 54 institutions
1190 1648 109 51 and
1336 1647 93 50 the
1459 1651 155 62 story
1647 1645 63 52 of
1743 1645 77 52 all
1850 1647 226 52 nations

87 1723 1928 68 from recent and authentic sources, by John Clark Ridpath …
86 1801 294 68 profusely
405 1801 324 54 illustrated
754 1802 137 53 with
918 1802 222 52 colored
1166 1804 198 65 plates,
1391 1819 123 34 race
1541 1820 162 49 maps
1731 1803 111 51 and
1869 1803 207 66 charts,

84 1884 134 63 type
254 1880 263 67 pictures,
552 1880 252 53 sketches
838 1881 110 51 and
987 1880 305 67 diagrams.
1367 1880 241 54 Revised
1645 1879 214 53 edition
1896 1881 180 52 under

87 1956 1986 70 the editorial supervision of Henri F. Klein … assisted by a
85 2035 271 68 specially
405 2036 236 52 selected
695 2054 163 48 corps
910 2035 63 52 of
1026 2035 324 67 associates;
1406 2036 210 66 special
1667 2036 408 53 contributors:

85 2114 1763 67 W. T. Root … Harry E. Barnes … Geo. M. Churchill … [and
86 2191 205 67 others]
372 2190 346 65 Cincinnati,
749 2193 120 51 The
900 2191 258 67 Ridpath
1189 2191 294 52 historical
1515 2191 227 69 society,
1770 2192 125 67 inc.,
1928 2197 148 50 1936.

156 2267 26 39 9
208 2279 40 27 v.
301 2267 188 47 fronts.,
516 2266 142 46 illus.,
685 2267 156 47 plates
871 2266 132 47 (part
1032 2266 109 48 col.)
1177 2269 163 44 ports.,
1367 2276 136 38 maps
1531 2265 134 48 (part
1692 2266 196 49 double)
1926 2267 154 39 tables

94 2325 133 46 (part
260 2323 196 46 double)
525 2322 55 40 26½cm.

159 2379 158 47 Paged
348 2378 352 48 continuously.

435 2446 105 29 CONTENTS.—v.
573 2434 40 42 1.
664 2436 170 48 Egypt.
912 2434 260 41 Chaldaea.
1247 2433 215 49 Assyria.
1543 2436 174 38 Media.
1796 2436 283 47 Babylonia.

91 2491 180 41 Persia.
340 2491 215 40 Parthia.
625 2491 192 42 Greece.
833 2514 59 6 —
908 2503 44 29 v.
991 2490 42 41 2.
1073 2491 191 41 Greece.
1332 2493 297 39 Macedonia.
1697 2492 163 40 Rome.
1878 2515 59 5 —
1953 2503 45 30 v.
2039 2491 40 42 3.

90 2549 161 40 Rome.
313 2548 272 40 Barbarian
619 2548 309 47 ascendency.
993 2549 369 39 Mohammedan
1396 2550 312 47 ascendency.
1771 2549 101 39 The
1906 2559 88 38 age
2031 2550 50 39 of

90 2604 362 47 Charlemagne.
507 2605 100 39 The
635 2605 168 40 feudal
835 2606 308 46 ascendency.
1201 2605 100 39 The
1331 2606 352 40 crusades.—v.
1711 2605 44 40 4.
1785 2606 101 40 The
1914 2607 166 47 people

90 2662 94 38 and
214 2662 81 38 the
323 2660 155 48 kings.
533 2661 116 40 New
679 2662 150 39 world
857 2663 95 39 and
981 2661 333 43 reformation.
1373 2663 100 38 The
1502 2662 204 48 English
1736 2663 346 40 revolution.—

91 2728 43 29 v.
157 2715 44 42 5.
224 2718 100 39 The
346 2728 87 37 age
457 2719 51 38 of
530 2718 261 40 Frederick
813 2719 81 39 the
918 2718 162 41 Great.
1130 2719 101 40 The
1250 2729 89 37 age
1364 2719 51 39 of
1439 2719 284 41 revolution.
1777 2720 100 39 The
1902 2720 177 40 United

93 2774 283 41 States.—v.
413 2773 41 42 6.
491 2775 149 40 Great
674 2775 207 40 Britain.
949 2775 198 41 France.
1212 2775 256 49 Germany.
1535 2777 144 46 Italy.
1743 2778 208 38 Eastern
93 2778 1967 98 Europe.—v.
368 2831 41 41 7.
449 2831 158 39 Minor

649 2832 256 40 American
948 2834 167 38 states.
1185 2831 219 41 Oriental
1448 2832 208 41 nations.
1727 2832 138 41 Close
1908 2833 51 39 of
2001 2835 81 38 the

91 2887 279 40 nineteenth
400 2888 93 40 and
525 2890 141 39 dawn
698 2889 51 39 of
779 2889 80 40 the
891 2889 252 40 twentieth
1176 2891 324 47 century.—v.
1532 2888 44 43 8.
1606 2890 101 40 The
1737 2893 136 45 great
1907 2903 174 29 war.—

95 2954 41 30 v.
181 2941 41 43 9.
263 2945 101 40 The
405 2949 137 43 great
582 2956 116 32 war.
770 2947 228 46 Progress
1042 2948 94 38 and
1178 2947 81 39 the
1302 2957 105 30 new
1450 2948 202 47 Europe.
1726 2947 181 40 Africa.
1981 2949 99 38 The

92 3002 205 38 oriental
328 3002 208 40 nations.
597 3002 187 40 British
815 3002 283 44 dominions.
1159 3004 100 39 The
1288 3003 263 41 Americas.

91 3054 52 53 ©
167 3060 111 46 Apr.
305 3060 38 44 6,
371 3060 137 43 1936;
537 3059 65 40 2c.
631 3061 117 39 each
772 3061 111 46 Apr.
911 3060 53 38 22;
1022 3060 80 40 aff.
1129 3062 111 45 Apr.
1269 3061 82 42 21;
1380 3062 38 37 A
1445 3060 143 40 94095;
1646 3063 146 38 Jones
1820 3063 124 39 bros.
1973 3061 109 49 pub.

161 3126 82 32 co.,
281 3115 288 41 Cincinnati.
640 3117 278 48 [Copyright
957 3117 41 39 is
1037 3117 202 39 claimed
1279 3127 57 29 on
1376 3127 105 30 new
1519 3118 240 49 material]

169 3171 248 47 (36-9292)

92 3247 341 65 Rockwood,
460 3248 145 62 Roy,
634 3249 192 63 pseud.

94 3322 1990 148 Bomba, the jungle boy in the land of burning lava; or, Outwitting superstitious natives, by Roy Rockwood … New York,
94 3477 249 68 Cupples
370 3480 45 49 &
444 3479 153 51 Leon
626 3497 278 50 company
980 3482 150 65 [c1936]

164 3553 1292 48 2 p. l., 206 p. front. 19 cm . (His Bomba books)
95 3604 52 52 ©
172 3609 118 39 Mar.
318 3609 67 43 16,
414 3610 114 39 1936;
582 3609 66 41 2c.
676 3611 112 46 Apr.
816 3609 80 46 23;
927 3609 82 41 aff.
1036 3611 112 47 Apr.
1177 3610 82 42 22;
1290 3611 39 38 A
1358 3610 169 46 94114;
1559 3610 207 47 Cupples
1794 3610 35 40 &
1859 3611 127 38 Leon
2015 3621 67 30 co.

173 3665 247 46 (36-8976)

96 3733 186 62 Ryan,
310 3733 250 53 William
587 3735 235 51 Morris,

169 3807 311 55 Shamrock
521 3810 111 51 and
672 3814 214 59 cactus;
929 3809 94 53 the
1063 3814 156 61 story
1259 3808 63 53 of
1360 3809 95 51 the
1491 3808 259 54 Catholic
1789 3810 194 52 heroes
2023 3809 64 53 of

98 3885 181 53 Texas
332 3887 434 65 independence,
819 3887 72 67 by
947 3889 87 51 W.
1089 3887 78 50 M.
1220 3887 181 67 Ryan.
1494 3886 116 54 San
1664 3887 253 52 Antonio
1974 3888 111 52 and

99 3962 277 65 Houston,
409 3963 280 54 Southern
719 3964 236 67 literary
981 3964 278 67 institute,
1289 3967 147 50 1936.
