2519 4377
1080 4084 99 49 295

132 436 190 53 Texas
356 437 202 66 digest,
593 440 133 49 1840
759 439 57 49 to
848 437 147 64 date,
1027 436 267 66 covering
1326 439 181 50 Texas
1542 442 220 61 reports
1797 437 112 52 and
1946 436 184 55 South

203 519 236 48 western
470 519 273 61 reporter,
775 534 58 34 as
865 515 124 51 well
1020 533 59 33 as
1109 516 182 51 Texas
1322 532 149 34 cases
1502 514 234 53 decided
1766 514 60 52 in
1858 515 95 51 the
203 515 1902 129 Federal
347 592 202 52 circuit
577 592 112 51 and
719 591 241 53 District
990 596 204 60 courts,
1225 591 217 55 Circuit
1472 600 160 47 court
1661 592 62 52 of
1754 593 233 65 appeals
2018 593 110 52 and

202 668 1904 223 Supreme court of the United States … with current cumulative pocket service, volumes 8-10 … St. Paul, West publishing co. [ c 1936 ]
200 899 25 39 3
256 909 42 28 v.
357 898 54 39 26
415 900 43 20 cm
464 928 8 8 .

469 964 116 29 CONTENTS.—v.
625 951 43 43 8.
706 951 779 43 Oemeteries-Continuance.—v.
1526 952 41 42 9.
131 953 1984 99 Contracts-Corporations.

274 1035 60 4 —
335 1023 43 29 v.
413 1010 69 41 10.
552 1009 399 41 Costs-Creditors’
985 1008 112 42 suit.

134 1065 52 53 ©
217 1070 109 39 Jan.
357 1069 68 46 17,
458 1068 139 45 1936;
630 1067 67 40 2c.
729 1067 117 39 each
876 1066 94 40 and
1003 1066 107 40 affs.
1145 1065 109 42 Feb.
1288 1067 80 46 17;
1403 1067 39 38 A
1474 1066 347 47 90820-90822;
1856 1069 137 39 West
2023 1069 109 48 pub.

204 1136 67 30 co.

133 1229 315 64 Thatcher,
478 1227 199 53 Frank
704 1227 277 53 Herbert.

203 1307 203 51 Poems
447 1304 109 67 [by]
596 1302 198 53 Frank
827 1303 250 53 Herbert
1113 1302 302 54 Thatcher.
1484 1303 137 52 New
1661 1303 178 68 York,
132 1304 1977 133 Association
282 1401 174 50 press,
489 1384 150 50 1936.

203 1457 90 41 192
312 1467 44 38 p.
408 1455 59 42 20
467 1458 45 23 cm
517 1487 9 9 .

135 1511 52 53 ©
211 1516 113 38 Dec.
348 1514 69 48 26,
443 1512 112 40 1935
574 1523 8 35 ;
609 1511 67 41 2c.
704 1513 120 37 Mar.
850 1511 68 47 20,
946 1511 140 45 1936;
1115 1510 81 40 aff.
1225 1511 120 39 Mar.
1372 1511 81 45 19;
1481 1511 39 38 A
1546 1510 171 48 93266;
1749 1512 207 40 General
1982 1513 151 40 board

205 1571 53 39 of
283 1571 82 41 the
390 1571 53 38 Y.
472 1571 60 37 M.
563 1569 48 41 C.
639 1569 68 48 A.,
735 1569 116 38 New
876 1568 144 40 York.
1087 1567 250 49 (36-7651)

133 1675 265 64 Trilling,
425 1674 193 53 Mabel
644 1672 287 54 Barbara.

201 1746 1866 73 Art in home and clothing. Rev. By Mabel B. Trilling …
133 1824 2000 69 and Florence Williams … edited by B. R. Andrews … costume
131 1906 380 54 illustrations
542 1905 74 69 by
651 1903 172 56 Carol
852 1903 258 53 Howard
1143 1902 302 69 Spindler;
1482 1903 239 55 interior
1751 1903 379 56 illustrations

132 1984 77 70 by
242 1985 194 54 James
472 1982 273 56 Graham.
820 1980 271 70 Chicago,
1126 1980 428 70 Philadelphia,
1591 1983 56 54 J.
1690 1984 66 53 B.
1793 1982 337 70 Lippincott

133 2080 280 52 company
449 2096 12 34 [
467 2068 18 22 c
490 2064 151 64 1936]

201 2137 67 47 xi,
294 2137 86 40 450
404 2146 45 38 p.
509 2135 128 39 illus.
667 2134 131 48 (incl.
830 2134 163 48 plans)
1034 2133 84 41 col.
1150 2133 170 48 plates.
1380 2133 56 40 20
1440 2136 42 21 cm
1489 2166 8 9 .

205 2193 319 41 “References
554 2193 76 39 for
661 2192 192 40 further
882 2190 173 47 study”
1074 2201 9 29 :
1113 2201 42 37 p.
1182 2190 217 42 437-443.

136 2250 52 54 ©
218 2254 109 40 Feb.
357 2253 69 48 26,
456 2252 139 46 1936;
628 2252 68 40 2c.
728 2252 94 40 and
854 2251 81 40 aff.
966 2252 121 39 Mar.
1120 2252 52 46 7;
1206 2251 40 40 A
1276 2251 170 48 92195;
1482 2253 43 40 J.
1558 2254 53 40 B.
1645 2252 280 51 Lippincott
1953 2266 69 30 co.

216 2311 250 49 (36-7535)

135 2399 187 62 Udell,
348 2399 254 55 William
630 2399 71 53 D.

208 2472 1865 71 Sleepy hollow tales, and other poems, by William D. Udell …
139 2550 1558 71 Boston, The Christopher publishing house [ c 1936]
205 2627 82 47 vii,
316 2627 118 41 9-29
460 2637 43 37 p.
561 2625 56 40 19½c
666 2627 27 21 m
699 2657 8 8 .

136 2681 53 53 ©
216 2686 121 38 Mar.
364 2684 69 47 12,
462 2682 139 47 1936;
630 2682 66 40 2c.
726 2683 94 38 and
849 2680 81 41 aff.
959 2681 121 39 Mar.
1108 2679 82 48 19;
1221 2681 42 39 A
1288 2680 169 44 93254;
1488 2682 318 49 Christopher
1833 2686 109 47 pub.
1972 2687 162 41 house.

218 2739 248 50 (36-7648)

136 2831 413 63 Untermeyer,
576 2829 198 63 Louis,
804 2831 170 49 1885-
1185 2828 84 52 ed.

209 2908 243 53 Modem
493 2906 306 53 American
845 2909 219 64 poetry,
1108 2923 33 34 a
1184 2905 221 52 critical
1450 2906 330 71 anthology,
1827 2909 189 55 edited
2061 2911 73 68 by

137 2987 176 53 Louis
341 2987 393 66 Untermeyer.
801 2983 96 53 5th
930 3001 113 34 rev.
1077 2983 84 52 ed.
1227 2983 138 53 New
1399 2984 180 68 York,
1610 2985 311 71 Harcourt,
1954 2990 181 54 Brace

139 3066 665 67 and company [ c 1936]
309 3171 10 18 xxv,
347 3140 85 39 654
461 3150 44 36 p.
562 3137 54 41 23½
649 3140 45 20 cm
700 3169 8 8 .

210 3198 226 39 Includes
470 3195 124 40 brief
625 3192 332 49 biographical
986 3193 223 40 sketches
1241 3193 52 40 of
1326 3195 83 40 the
1438 3197 152 47 poets.

212 3254 296 40 “Reference
537 3252 82 39 list
651 3251 52 39 of
733 3251 140 39 other
903 3248 164 50 poets”
1086 3260 10 29 :
1129 3260 43 37 p.
1204 3250 218 42 643-644.

138 3307 52 53 ©
223 3312 122 38 Mar.
378 3311 39 46 7,
450 3308 140 47 1936;
627 3308 66 39 2c.
731 3308 121 38 Mar.
886 3306 81 47 19;
1005 3306 82 40 aff.
1123 3308 122 39 Mar.
1279 3307 82 47 20;
1398 3308 42 39 A
1473 3307 171 50 92369;
1682 3311 260 48 Harcourt,
1981 3315 156 41 Brace

207 3368 38 39 &
273 3378 81 36 co.,
385 3366 89 40 inc.
546 3364 250 48 (36-7692)

208 3455 242 52 Modern
477 3452 223 53 British
727 3456 220 62 poetry,
974 3469 31 33 a
1033 3450 221 52 critical
1282 3451 331 70 anthology,
1640 3455 188 54 edited
1858 3457 72 69 by
1959 3458 175 55 Louis

140 3534 391 66 Untermeyer.
605 3530 99 52 4th
744 3548 112 34 rev.
896 3529 84 53 ed.
1054 3529 139 53 New
1233 3529 181 69 York,
1451 3530 312 73 Harcourt,
1801 3536 180 54 Brace
2021 3539 111 53 and

139 3613 509 67 company [ c 1936]
211 3685 117 49 xxii,
357 3683 83 41 549
469 3695 42 38 p.
569 3684 53 40 23½
656 3686 44 20 cm
707 3716 8 7 .

217 3737 1857 61 “A companion volume to the … [editor’s] Modem American poetry.”-
143 3799 257 40 Foreword
427 3800 49 38 to
504 3798 82 41 the
611 3798 85 38 4th
726 3806 95 30 rev.
848 3795 73 41 ed.

213 3856 226 39 Includes
468 3854 126 39 brief
627 3851 329 49 biographical
989 3851 225 41 sketches
1242 3851 53 40 of
1326 3852 84 42 the
1438 3856 151 46 poets.

213 3912 293 39 “Reference
536 3910 83 40 list
650 3909 52 39 of
734 3909 138 39 other
903 3907 164 48 poets”
1086 3918 10 29 :
1128 3919 44 37 p.
1204 3908 217 42 537-538.

140 3963 53 53 ©
226 3969 121 38 Mar.
381 3968 39 46 5,
455 3967 139 45 1936;
630 3966 68 39 2c.
733 3967 120 38 Mar.
889 3963 81 48 19;
1007 3962 82 42 aff.
1125 3963 122 43 Mar.
1282 3964 82 48 20;
1400 3966 42 39 A
1472 3965 171 51 92370;
1680 3970 261 51 Harcourt,
1978 3975 156 43 Brace

210 4023 36 41 &
275 4033 81 39 co.,
385 4024 90 40 inc,
545 4020 251 50 (36-7693)
