2519 4377
1322 4148 99 52 848

366 444 197 64 Wells,
593 443 260 54 Herbert
884 443 247 63 George.

437 522 78 52 H.
541 521 69 55 G.
634 520 180 55 Wells
841 521 189 51 writes
1055 520 90 52 his
1168 539 126 34 own
1319 518 282 67 obituary.

449 596 78 48 (In
559 592 102 43 The
690 590 244 50 Listener,
963 604 43 30 v.
1036 590 72 51 16,
1135 603 79 29 no.
1243 591 103 49 362,
1374 588 118 53 July
1524 590 70 50 15,
1626 590 144 50 1936)

368 661 2010 53 © 1c. July 27, 1936; A ad int. 21687; pubd. July 15; H. G. Wells,
438 722 213 40 London.

366 825 252 64 Wesley,
643 824 148 53 Paul
815 824 278 54 Herbert.

438 900 128 54 Bits
595 899 65 54 of
687 898 335 71 driftwood,
1048 899 76 71 by
1154 899 147 53 Paul
1333 899 77 53 H.
1438 899 245 70 Wesley.
1752 903 82 49 1st
1865 899 83 53 ed.
2019 898 357 72 Charleston,

368 979 56 56 S.
456 979 81 70 C.,
563 978 254 70 Walker,
846 978 195 54 Evans
1068 981 47 50 &
1142 977 282 70 Cogswell
1452 996 299 51 company,
1782 981 150 51 1936.

439 1051 1410 52 10 p. l. , [25]-149 p., 3 l. incl. front., illus., pl. 22½cm.
441 1109 147 44 Short
620 1110 191 44 stories.

368 1178 53 54 ©
450 1183 130 40 June
604 1183 39 48 8,
674 1180 141 48 1936;
848 1182 67 40 2c.
949 1183 96 38 and
1076 1181 81 40 aff.
1189 1182 127 40 June
1346 1181 82 46 17;
1462 1181 40 40 A
1533 1181 171 47 96008;
1738 1182 48 39 P.
1821 1183 65 46 H,
1910 1182 209 48 Wesley,
2151 1182 231 41 Murrells

439 1241 143 46 Inlet,
614 1239 45 41 S.
691 1239 50 42 C.
809 1238 282 50 (36-15022)

368 1342 353 65 Westwood,
748 1344 139 52 Mrs.
916 1341 193 55 Annie
1137 1342 367 65 McDougall,
1536 1343 171 55 1887-

440 1421 84 51 To
551 1419 158 53 what
736 1418 282 69 purpose?
1098 1417 91 69 By
1219 1418 70 54 A.
1317 1419 81 53 M.
1428 1417 341 55 Westwood.
1843 1418 261 69 London,
2133 1420 55 54 J.
369 1421 1985 143 Murray
508 1499 173 65 [1936]

438 1568 87 41 374
561 1579 44 39 p.
666 1566 57 42 19
725 1569 45 23 cm
774 1600 10 9 .

441 1625 164 42 “First
636 1625 229 42 edition.”

368 1688 2012 54 © 1c. June 5, 1936; A ad int. 21545; pubd. Apr. 8; A. M. Westwood,
438 1750 212 40 London.
720 1748 281 49 (36-13698)

367 1850 217 67 White,
609 1854 140 52 Mrs.
777 1851 311 55 Elizabeth
1120 1852 383 67 (Nicholson)
1539 1856 171 53 1877-

435 1927 173 71 Mary
644 1929 276 68 Browne;
959 1929 100 54 the
1092 1934 128 48 true
1256 1928 109 54 life
1399 1930 113 53 and
1552 1929 166 55 times
1754 1929 65 55 of
1857 1931 98 54 the
1993 1931 283 70 daughter
2315 1931 63 54 of

363 2005 112 55 Mr.
506 2007 161 55 John
696 2008 264 69 Browne,
989 2013 172 65 gent.,
1192 2006 424 56 commissioner
1646 2008 65 54 of
1738 2009 99 53 the
1865 2009 219 55 United
2117 2009 263 55 Colonies

365 2085 66 54 of
455 2085 141 54 New
624 2086 302 69 England;
955 2087 96 53 the
1079 2086 136 54 wife
1244 2086 65 54 of
1336 2087 97 53 the
1457 2086 372 70 Worshipful
1856 2088 250 54 Thomas
2134 2088 245 69 Willett,

364 2165 315 69 merchant,
710 2164 231 69 captain
972 2166 114 53 and
1118 2165 329 70 governor’s
1477 2165 268 55 assistant
1778 2165 64 55 of
1873 2166 141 53 New
2047 2166 332 70 Plymouth,

366 2241 125 57 first
536 2243 250 71 English
828 2262 201 51 mayor
1075 2243 65 55 of
1183 2244 140 54 New
1369 2243 179 54 York.
1633 2244 123 55 The
1802 2243 319 73 beginning
2166 2244 64 56 of
2276 2264 104 35 our

366 2321 219 56 United
623 2322 189 56 States
847 2322 65 54 of
944 2321 268 55 America
1251 2324 113 52 and
1401 2324 97 52 the
1534 2324 319 68 important
1888 2329 136 64 part
2058 2325 210 69 played
2303 2324 76 70 by

366 2402 97 53 the
500 2402 340 54 merchants.
918 2400 221 71 Strung
1178 2402 261 68 together
1479 2400 153 54 from
1672 2401 266 55 histories
1979 2403 113 53 and
2135 2403 244 66 records,

366 2479 2010 71 by Elizabeth Nicholson White. [Providence, R . I., Priv.
365 2558 161 69 print.
569 2559 97 53 for
687 2559 96 53 the
809 2559 209 53 author
1040 2559 78 69 by
1141 2559 95 53 the
1319 2577 135 51 Roger
1478 2558 292 55 Williams
1798 2577 176 51 press,
2000 2559 68 53 E.
2095 2559 71 53 A.
364 2559 1988 132 Johnson
498 2656 300 51 company]
836 2640 151 51 1935.

433 2709 1182 52 5 p. l. , 3-266 p. incl. mounted front. 21½ cm .
435 2768 352 43 “References”:
850 2779 44 39 p.
930 2768 219 42 245-248.

367 2825 54 53 ©
459 2830 112 40 Dec.
607 2828 73 49 24,
715 2827 143 48 1935;
897 2828 67 41 2c.
1004 2829 97 40 and
1141 2828 83 41 aff.
1264 2828 129 42 June
1429 2827 69 50 10,
1537 2828 142 46 1936;
1721 2827 42 41 A
1801 2827 171 45 95632;
2014 2829 52 42 E.
2107 2829 55 39 N.
2202 2828 177 46 White,

439 2886 310 43 Providence.
817 2885 282 49 (36-15246)

367 2988 247 66 Wilgus,
638 2988 154 54 Alva
820 2988 220 67 Curtis,
1068 2990 172 55 1897-

498 3062 1878 72 … A caravan tour to Argentina and Brazil, by A. Curtis
364 3141 244 72 Wilgus.
680 3142 404 71 Washington,
1120 3143 71 53 D.
1230 3142 82 69 C.,
1349 3144 121 52 The
1506 3143 204 54 World
1747 3162 246 34 caravan
2030 3143 182 69 guild,
2250 3142 126 68 inc.,

369 3225 150 50 1936.

435 3294 564 51 3 p. l., 9-51 p. 25 cm .
439 3352 64 41 At
530 3353 123 40 head
682 3352 52 40 of
759 3352 136 41 title:
923 3353 101 41 The
1051 3352 168 41 World
1247 3362 213 31 caravan
1485 3352 147 47 guild.

368 3408 52 53 ©
454 3413 118 47 July
603 3413 69 46 13,
705 3411 141 47 1936;
882 3411 66 41 2c.
982 3412 95 40 and
1113 3411 81 41 aff.
1229 3412 116 47 July
1379 3412 54 40 13;
1497 3412 39 38 A
1570 3410 171 47 97019;
1781 3411 165 40 World
1982 3420 212 32 caravan
2229 3409 148 49 guild,

440 3468 90 41 inc.
602 3467 283 48 (36-15252)

367 3571 210 64 Wolfe,
606 3572 277 64 Thomas,
917 3577 170 49 1900-

440 3651 119 51 The
600 3655 158 60 story
798 3649 62 54 of
902 3670 26 33 a
972 3649 183 65 novel,
1196 3650 73 66 by
1311 3650 250 52 Thomas
1601 3649 210 54 Wolfe.
1909 3650 136 53 New
2090 3648 179 56 York.
2313 3650 60 54 C.

371 3728 313 52 Scribner's
715 3746 154 34 sons:
903 3728 259 56 London,
1193 3728 61 54 C.
1289 3727 311 55 Scribner’s
1630 3746 144 36 sons,
1804 3727 123 66 ltd.,
1960 3730 150 50 1936.

438 3800 545 49 4 p. l. , 93 p. 19½ cm .
441 3857 130 41 “The
598 3860 108 38 text
731 3858 52 40 of
811 3857 97 41 this
933 3858 136 48 book,
1098 3857 121 40 with
1249 3856 185 42 certain
1463 3856 370 48 modifications,
1863 3856 110 41 first
1999 3857 243 48 appeared
2268 3856 51 40 in
2349 3867 26 30 a

369 3915 150 39 series
549 3915 53 40 of
634 3916 138 40 three
803 3915 199 40 articles
1034 3915 48 38 in
1115 3915 82 40 the
1233 3914 246 48 Saturday
1513 3914 177 40 review
1725 3913 54 41 of
1809 3913 262 41 literature
2100 3912 51 40 in
368 3914 1990 104 December,
496 3970 157 42 1935.”

370 4023 52 54 ©
450 4028 111 47 Apr.
590 4028 70 42 21.
689 4026 141 49 1936;
861 4027 66 41 2c.
958 4029 127 39 June
1109 4026 82 48 20;
1222 4027 82 41 aff.
1334 4027 130 40 June
1490 4027 81 47 18;
1603 4027 43 39 A
1667 4025 175 48 96080;
1876 4026 204 42 Charles
2113 4023 265 43 Scribner’s

439 4095 126 32 sons.
637 4084 281 51 (36-27278)
