2519 4377
1313 4150 101 52 938

359 443 263 68 Luzzati,
652 445 195 65 Luigi,
877 446 325 54 1841-1927.

493 524 1879 69 … Memorie tratte dal carteggio e da altri documenti. v. 2
372 601 1386 72 (1876-1900) Bologna, N. Zanichelli [ c 1935]
432 676 857 48 3 p. l., 566 p., 3 l. ports. 25 cm .
433 732 178 40 Edited
638 732 62 47 by
729 733 153 38 Elena
911 732 148 41 Carli.

431 790 104 41 Vol.
564 791 24 38 1
617 789 92 39 has
741 789 135 41 title:
908 788 232 42 Memorie
1169 788 416 49 autobiografiche
1611 800 27 30 e
1663 791 231 49 carteggi.

363 843 1991 101 © Dec. 31, 1935; 1c. June 5, 1936; A-Foreign 32136; Casa ed. Zanichelli.
358 1001 295 65 McBride,
683 1002 139 52 Earl
849 1000 270 61 Duwain,
1148 1006 171 50 1892-

362 1078 1984 150 Disability evaluation; principles of treatment of compensable injuries, by Earl D. McBride … three hundred
363 1168 2007 219 seventy-four illustrations; art work by Herbert Chezam. Philadelphia, London [etc.] J. B. Lippincott company [ c 1936]
432 1392 98 48 xvi,
560 1391 83 41 623
673 1401 43 39 p.
778 1390 144 50 illus.,
951 1392 180 47 diagrs.
1159 1390 49 48 (1
1238 1390 144 47 fold.)
1452 1390 54 42 23½
1540 1393 44 22 cm
1590 1424 8 7 .

362 1446 53 54 ©
443 1451 127 39 June
596 1450 71 47 17,
694 1449 117 40 1936;
865 1449 67 41 2c.
962 1450 126 39 June
1115 1449 82 47 19;
1229 1449 81 40 aff.
1340 1449 116 47 July
1484 1451 52 45 1;
1567 1451 41 38 A
1636 1448 171 49 95891;
1840 1450 42 39 J.
1912 1450 54 41 B.
1997 1448 279 49 Lippincott
2306 1460 67 32 co.

441 1506 284 51 (36-15559)

359 1606 327 67 McDaniel,
713 1607 166 64 Ruel,
911 1612 171 50 1896-

491 1686 372 68 Vinegarroon;
905 1684 97 53 the
1039 1703 136 50 saga
1214 1684 64 52 of
1316 1684 192 69 Judge
1545 1684 127 68 Boy
1710 1685 179 66 Bean,
1926 1683 173 54 “Law
2138 1690 137 47 west
2312 1684 63 52 of

364 1766 96 53 the
498 1763 230 67 Pecos”,
764 1764 76 68 by
935 1763 90 52 Ruel
1066 1762 323 56 McDaniel.
1466 1761 346 70 Kingsport,
1849 1763 198 67 Tenn.,
2089 1762 286 56 Southern

362 1843 554 69 publishers [ c 1936]
434 1918 86 40 143
559 1928 43 37 p.
703 1916 25 40 19½
762 1919 44 21 cm
812 1949 8 8 .

361 1971 53 53 ©
441 1976 128 39 June
595 1974 70 49 16,
695 1973 140 47 1936;
866 1973 67 40 2c.
963 1974 126 39 June
1117 1973 82 42 30;
1232 1972 82 41 aff.
1345 1973 125 39 June
1498 1971 82 49 29;
1612 1974 43 38 A
1680 1972 171 48 95899;
1884 1973 56 42 R.
1972 1972 270 42 McDaniel.
2275 1974 98 42 San

431 2031 227 41 Antonio.
735 2029 283 50 (36-15677)

360 2130 209 65 Miller,
597 2131 153 55 Seba
777 2128 235 65 Havila,
1041 2130 172 55 1879-

435 2209 328 56 Comments
793 2227 72 34 on
894 2207 310 69 procedure
1234 2205 58 54 in
1324 2206 95 54 the
1453 2205 276 70 Supreme
1753 2210 162 49 court
1942 2206 64 53 of
2035 2206 169 69 Ohio,
2234 2206 139 54 with

364 2289 209 67 forms;
614 2287 382 69 particularly
1033 2285 248 70 relating
1316 2291 58 48 to
1408 2285 96 53 the
1541 2303 121 34 new
1700 2285 324 53 Procedure
2062 2292 89 47 act
2189 2286 185 52 which

362 2367 228 54 became
619 2366 258 53 effective
906 2365 265 68 January
1202 2369 48 64 1,
1280 2367 152 66 1936,
1460 2364 326 69 abolishing
1815 2383 158 35 error
2003 2364 372 70 proceedings

364 2447 114 52 and
508 2446 337 67 instituting
874 2443 371 70 proceedings
1275 2463 72 33 on
1378 2444 205 67 appeal
1611 2443 59 53 in
1701 2443 94 52 the
1829 2443 312 70 reviewing
2168 2450 207 51 courts.

363 2525 141 55 Also
530 2524 205 69 giving
760 2524 282 52 attention
1066 2529 59 48 to
1149 2523 97 54 the
1269 2523 150 52 rules
1444 2522 64 53 of
1528 2522 97 53 the
1651 2521 276 69 Supreme
1950 2528 163 48 court
364 2541 1984 131 governing
498 2603 95 55 the
627 2602 230 54 various
890 2601 181 56 forms
1105 2601 65 53 of
1202 2599 217 56 actions
1454 2600 185 53 which
1674 2620 93 34 may
1840 2601 67 53 be
1945 2603 333 67 prosecuted
2315 2602 59 54 in

365 2679 2003 70 that court under the constitution. By Seba H. Miller … [and]
363 2758 2011 64 Bichard C. Gerken … Columbus, O., The F. J. Heer printing
363 2859 100 48 co.,
491 2842 152 51 1936.

435 2914 56 41 98
528 2925 42 37 p.
633 2913 57 41 23½
724 2916 44 22 cm
773 2945 9 9 .

363 2967 53 53 ©
452 2972 127 40 June
614 2972 39 47 3,
692 2970 142 47 1936;
872 2971 67 40 2c.
978 2971 127 39 June
1140 2972 53 40 4;
1233 2970 83 40 aff.
1355 2969 116 47 July
1509 2971 52 46 8;
1601 2971 40 38 A
1678 2969 171 44 95979;
1893 2971 45 43 S.
1978 2971 60 40 H.
2079 2971 161 39 Miller
2277 2972 95 39 and

432 3027 216 41 Richard
676 3028 49 41 C.
754 3028 204 47 Gerken,
984 3027 277 48 Columbus,
1290 3026 51 42 O.
1408 3027 281 46 (36-15548)

360 3119 309 64 Mittasch,
701 3118 210 66 Alwin,
944 3124 171 50 1869-

494 3197 99 51 Über
627 3196 381 66 katalytische
1043 3195 430 68 verursachung
1506 3194 78 54 im
1619 3193 390 69 biologischen
2042 3194 330 68 geschehen,

365 3293 111 34 von
512 3273 197 53 Alwin
744 3273 291 53 Mittasch.
1111 3272 218 67 Berlin,
1365 3274 55 53 J.
1462 3272 297 69 Springer,
1800 3274 148 50 1935.

434 3355 45 37 x,
512 3345 87 40 126
628 3356 43 37 p.
705 3345 110 40 incl.
847 3344 164 48 front.,
1045 3345 152 48 diagr.
1258 3344 56 40 22
1317 3346 44 21 cm
1367 3377 8 7 .

433 3402 417 47 Bibliographical
879 3401 273 40 references
1180 3401 224 40 included
1434 3403 47 38 in
1512 3401 431 48 “Amnerkungen”
1983 3401 67 48 (p.
2080 3401 198 47 95-121)

362 3458 2008 53 © Dec. 31, 1935; 1c. Mar. 19, 1936; A-Foreign 31057; Julius Springer.
442 3518 283 50 (36-15925)

361 3611 219 63 Moore,
606 3610 167 53 Nelle
802 3611 66 52 E.

435 3686 151 54 Near
624 3687 96 53 the
759 3690 101 64 top
902 3686 63 52 of
1006 3687 95 51 the
1139 3685 210 67 world;
1393 3683 199 54 stories
1633 3683 63 53 of
1736 3683 269 68 Norway,
2047 3680 237 55 Sweden
2324 3682 45 49 &

364 3765 312 66 Denmark,
714 3764 74 68 by
829 3764 160 53 Nelle
1029 3763 66 54 E.
1134 3763 212 53 Moore.
1424 3760 138 54 New
1601 3761 180 66 York,
1821 3759 252 70 Chicago
2139 3763 120 63 [etc.]
2306 3759 61 54 C.

367 3842 313 56 Scribner’s
709 3860 128 35 sons
875 3876 10 34 [
892 3848 18 22 c
915 3844 133 51 1936
1054 3876 12 33 ]

433 3913 88 40 xiii
560 3924 55 37 p.,
648 3914 25 39 1
729 3945 21 16 l.,
783 3914 86 40 196
899 3925 42 37 p.
1003 3914 127 40 illus.
1192 3913 54 40 19
1250 3915 44 22 cm
1300 3946 8 8 .

437 3969 188 41 “Books
660 3973 48 38 to
743 3970 145 40 read”:
952 3981 43 37 p.
1029 3970 216 41 189-191.

362 4026 53 53 ©
444 4031 80 38 May
588 4030 39 47 6,
660 4030 139 46 1936;
832 4030 67 40 2c.
929 4031 128 39 June
1086 4029 82 48 20;
1202 4028 81 43 aff.
1315 4029 127 40 June
1473 4029 54 40 18;
1589 4029 38 38 A
1655 4026 140 45 96081;
1864 4026 205 41 Charles
2103 4024 265 42 Scribner’s

436 4097 125 30 sons.
633 4087 282 48 (36-15600)
