2519 4377
1158 4098 98 50 163

199 469 206 64 Miller,
437 471 136 51 Mrs.
606 468 185 53 Helen
823 468 324 65 (Topping)
1188 471 171 50 1884-

269 545 375 68 Whispering
684 545 168 67 river,
891 544 75 67 by
1007 545 186 52 Helen
1234 542 271 69 Topping
1544 543 209 54 Miller.
1828 544 139 52 New
2012 543 178 53 York.

200 622 256 68 London,
485 624 71 53 D.
587 621 579 68 Appleton-Century
1195 639 297 50 company,
1519 621 418 67 incorporated,
1970 625 150 49 1936.

271 694 466 50 3 p. l., 280 p. 19½cm.
197 762 52 53 ©
286 767 109 39 Jan.
431 767 70 46 31,
536 765 140 47 1936;
714 765 67 40 2c.
820 766 93 38 and
954 764 51 40 aff.
1075 764 110 39 Feb.
1222 764 53 46 3;
1316 764 39 39 A
1391 762 144 41 90963;
1604 764 60 40 H.
1703 764 50 38 T.
1795 763 173 49 Miller,
2008 764 186 41 Dallas.

277 823 249 48 (36-5257)

200 926 215 65 Moore,
445 925 208 54 Albert
684 926 246 61 Burton,
964 926 170 55 1887-

197 998 1971 150 History of Alabama, by Albert Burton Moore … University, Ala., University supply store [ c 1934 ]
269 1152 84 46 xii,
377 1152 86 41 834
487 1163 42 36 p.
589 1152 171 47 plates,
788 1152 28 40 8
838 1153 110 46 port.
986 1162 60 29 on
1072 1152 22 38 1
1145 1181 24 13 l.,
1195 1160 150 38 maps.
1405 1150 57 39 24
1465 1152 43 21 cm
1512 1181 9 9 .

277 1209 67 39 “A
384 1210 211 40 revision
637 1208 54 41 of
734 1210 95 49 [the
869 1208 234 50 author’s]
1148 1207 204 47 History
1395 1208 51 39 of
1488 1207 236 41 Alabama
1770 1208 95 40 and
1909 1208 65 40 its
2014 1208 181 47 people,

201 1265 253 48 published
481 1267 48 38 in
558 1265 115 41 1927
702 1266 64 49 [in
793 1267 136 39 three
956 1264 452 51 volumes]”—Pref.

270 1322 388 49 Bibliographies
686 1325 51 38 at
763 1324 91 39 end
880 1322 53 41 of
958 1324 126 39 most
1110 1323 51 39 of
1188 1323 81 40 the
1295 1323 238 47 chapters.

200 1391 52 53 ©
292 1397 110 38 Dec.
444 1396 38 45 1,
524 1395 141 46 1934;
708 1395 66 40 2c.
817 1396 95 38 and
954 1405 26 29 aff.
1079 1395 110 40 Feb.
1232 1396 69 46 17,
1342 1394 140 48 1936;
1526 1395 41 39 A
1608 1394 170 48 90834;
1823 1396 54 41 A.
1921 1397 55 39 B.
2020 1397 178 47 Moore,

268 1453 306 47 Tuscaloosa,
604 1453 105 39 Ala.
768 1451 279 50 [Copyright
1076 1452 41 39 is
1147 1451 205 40 claimed
1382 1462 60 29 on
1471 1462 106 30 new
1605 1455 180 37 matter
1816 1454 98 39 and
1943 1453 253 48 revisions]

278 1509 249 49 (36-5627)

201 1613 311 63 Morrison,
541 1612 311 55 Bakewell.

272 1687 336 54 Revelation
637 1689 112 53 and
776 1688 96 55 the
898 1688 234 53 modern
1160 1687 188 68 mind;
1380 1688 293 69 teachings
1699 1688 154 53 from
1877 1689 97 53 the
2001 1689 106 52 life
2135 1690 62 52 of

204 1766 1988 70 Christ, by Bakewell Morrison … New York, Milwaukee [etc.]
204 1844 1227 69 The Bruce publishing company [ c 1936]
273 1917 97 48 xvi,
394 1918 85 41 423
505 1930 43 37 p.
601 1918 155 49 diagr.
808 1917 57 40 22
869 1921 43 20 cm
917 1950 9 8 .
1012 1917 276 50 (Half-title:
1316 1917 194 43 Science
1535 1919 95 40 and
1655 1918 190 42 culture
1870 1921 156 47 texts)

273 1974 190 51 College
485 1975 203 50 religion
709 1976 164 41 series.

276 2032 249 50 “Reading
545 2033 83 40 list
652 2033 81 40 for
756 2033 250 41 students”:
1061 2044 43 38 p.
1127 2032 206 49 xv-xvi;
1361 2033 349 50 Bibliography
1732 2035 53 39 at
1808 2035 91 40 end
1925 2035 51 40 of
1999 2037 124 39 most
2149 2035 49 40 of

203 2091 82 40 the
317 2091 221 41 sections.

202 2158 53 52 ©
286 2162 107 39 Jan.
427 2162 69 47 31,
529 2162 117 39 1936;
704 2161 67 41 2c.
804 2162 111 40 Feb.
948 2162 52 47 8;
1034 2172 27 29 aff.
1150 2161 110 40 Feb.
1294 2162 52 46 7;
1382 2162 40 38 A
1453 2160 171 49 91642;
1662 2163 158 39 Bruce
1851 2163 109 48 pub.
1995 2172 67 30 co.

281 2218 249 49 (36-5493)

205 2321 144 51 New
377 2321 178 53 York.
630 2320 419 64 Metropolitan
1077 2337 270 37 museum
1376 2320 64 53 of
1468 2324 115 51 art.

335 2395 1863 70 … Francisco Goya; his paintings, drawings and prints.
204 2473 137 52 New
372 2473 178 68 York,
577 2473 264 70 January
868 2473 67 55 27
964 2479 61 48 to
1048 2474 203 53 March
1281 2477 49 65 8,
1362 2476 150 50 1936.
1601 2474 138 52 [New
1773 2474 178 70 York,
1980 2474 220 70 George

204 2549 201 72 Grady
431 2571 174 50 press,
634 2555 154 64 1936]

280 2626 80 46 vii,
391 2628 54 48 [1]
468 2636 58 38 p.,
553 2626 22 38 1
623 2657 23 15 l.,
672 2626 39 46 3,
743 2627 54 48 [1]
821 2636 57 38 p,
905 2625 26 39 2
977 2658 8 8 l.
1046 2625 56 40 50
1125 2635 62 37 pl.
1216 2624 132 49 (incl.
1374 2626 173 47 ports.)
1582 2636 61 30 on
1666 2624 56 41 25
1769 2656 8 9 l.
1837 2625 55 39 21½
1927 2628 42 21 cm
1975 2657 8 9 .

276 2684 64 39 At
365 2684 124 39 head
514 2683 52 40 of
590 2683 136 40 title:
753 2683 101 40 The
880 2682 344 48 Metropolitan
1251 2692 218 31 museum
1498 2683 52 40 of
1574 2685 91 38 art.

279 2739 155 48 “1,000
462 2739 158 48 copies
645 2750 126 29 were
799 2739 193 48 printed
1021 2739 234 48 January,
1283 2738 157 42 1936.”

205 2807 53 53 ©
280 2813 109 39 Jan.
412 2812 69 47 27,
503 2812 140 46 1936;
669 2811 66 40 2c.
761 2812 108 38 Jan.
894 2810 81 48 29;
1003 2811 82 40 aff.
1110 2811 109 40 Jan.
1243 2810 82 47 28;
1352 2812 43 38 A
1416 2810 169 49 90539;
1614 2812 346 49 Metropolitan
1986 2822 216 32 museum

275 2869 52 40 of
358 2872 90 37 art.
519 2868 251 50 (36-5498)

209 2973 144 52 New
392 2974 161 51 York
590 2975 387 64 supplement;
1020 2989 149 35 cases
1210 2973 214 66 argued
1465 2974 113 51 and
1619 2974 350 53 determined
2010 2975 58 53 in
2107 2976 95 52 the

281 3050 178 54 Court
499 3050 63 52 of
603 3049 250 68 appeals,
896 3049 273 67 Supreme
1211 3050 111 52 and
1363 3052 171 51 lower
1572 3057 188 49 courts
1800 3052 63 53 of
1903 3053 197 52 record
2140 3054 63 51 of

279 3130 137 50 New
444 3128 162 52 York
628 3132 162 61 state,
817 3128 138 51 with
979 3127 108 67 key
1113 3128 236 51 number
1375 3130 377 51 annotations.
1817 3131 241 52 Volume
2085 3133 116 50 281.

279 3205 530 66 August-October,
840 3209 149 48 1935.
1067 3203 82 55 St.
1181 3206 165 57 Paul,
1372 3208 159 52 West
1559 3206 335 67 publishing
1922 3225 98 49 co.,
2053 3211 148 50 1935.

277 3277 117 50 xxii,
423 3278 127 47 1023,
583 3279 130 48 [111],
742 3278 57 40 84
824 3288 42 37 p.
923 3276 56 40 24
981 3279 44 21 cm
1031 3308 7 8 .

207 3338 54 53 ©
289 3343 110 39 Dec.
429 3341 67 49 19,
526 3341 140 46 1935;
696 3340 67 41 2c.
790 3341 108 39 Jan.
929 3340 67 47 18,
1026 3338 116 41 1936;
1198 3350 24 29 aff.
1309 3340 108 39 Jan.
1448 3340 81 46 20;
1562 3341 40 38 A
1631 3340 169 47 91366;
1834 3342 134 39 West
1999 3343 109 47 pub.
2138 3353 67 32 co.

212 3445 259 63 Nichols,
501 3445 303 63 Beverley.

282 3520 1209 67 The fool hath said … [2d instalment]
313 3598 54 37 (In
402 3591 317 44 Nash’s-Pall
752 3591 117 42 mall
903 3590 274 51 magazine,
1211 3590 126 50 Jan.,
1375 3591 142 49 1936)

211 3649 53 52 ©
295 3654 67 39 1c.
395 3653 108 39 Feb.
538 3653 68 44 14,
639 3651 140 46 1936;
815 3652 42 37 A
888 3650 59 39 ad
982 3650 86 40 int.
1098 3649 169 47 21107;
1304 3650 141 47 pubd.
1480 3651 112 39 Dec.
1627 3651 68 47 17,
1730 3649 140 49 1935;
1907 3653 53 40 B.
1995 3652 211 48 Nichols,

284 3710 210 39 London.

215 3812 227 62 Norris,
476 3814 135 50 Mrs.
645 3809 294 53 Kathleen
970 3808 395 66 (Thompson)
1406 3813 170 50 1880-

346 3881 1858 73 … Secret marriage. Garden City, N. Y., Doubleday, Doran
215 3964 112 52 and
356 3981 294 49 company,
676 3962 127 67 inc.,
834 3963 150 51 1936.

285 4034 524 49 5 p. l., 320 p. 21 cm .
