2519 4377
1041 4058 100 56 721

103 421 302 65 Academy
425 422 64 53 of
511 421 255 64 political
788 421 244 65 science,
1054 423 139 52 New
1219 421 176 53 York.

233 494 1862 72 … Economic recovery and monetary stabilization; a series of
101 576 290 53 addresses
421 576 111 52 and
564 593 206 50 papers
801 576 297 67 presented
1130 580 61 48 at
1219 575 97 53 the
1344 574 377 54 semi-annual
1751 574 251 69 meeting
2033 573 63 54 of

104 654 94 52 the
242 653 290 69 Academy
578 652 66 54 of
688 653 257 68 political
991 653 229 67 science,
1266 653 173 68 April
1486 656 50 64 2,
1586 655 151 64 1936,
1784 652 188 53 edited
2021 653 73 67 by

102 732 217 52 Parker
346 731 247 54 Thomas
619 731 190 53 Moon.
898 732 137 52 [New
1066 731 179 67 York]
1277 731 124 53 The
1424 729 294 70 Academy
1745 730 63 52 of
1837 729 256 69 political

98 809 229 67 science,
361 808 299 55 Columbia
693 809 335 68 university,
1064 813 148 50 1936.

102 882 1991 108 iv, 1315 p. diagrs. 22 cm . (Its Proceedings … vol. XVII, no. 1, May, 1936)
509 996 166 42 CONTENTS.—Credit
714 998 185 40 control
937 998 95 40 and
1071 998 81 40 the
1191 1007 226 39 recovery
1455 1006 252 40 program;
1748 996 235 42 domestic
103 1008 1974 94 aspects.—Currency
604 1056 337 46 management

990 1054 97 40 and
1137 1054 81 42 the
1267 1055 108 47 gold
1427 1053 264 47 standard;
1743 1053 347 41 international

99 1109 521 49 aspects.—Economic
653 1119 226 40 recovery
910 1111 95 39 and
1039 1113 252 46 monetary
1321 1109 348 42 stabilization.

101 1163 54 54 ©
179 1168 113 47 May
316 1167 38 47 6,
381 1166 139 48 1936;
545 1167 65 40 2c.
637 1166 128 40 June
786 1166 82 48 11;
895 1166 82 40 aff.
1004 1167 126 40 June
1157 1166 81 47 10;
1266 1167 40 39 A
1331 1166 170 47 94888;
1530 1167 242 48 Academy
1799 1166 52 41 of
1875 1165 217 49 political

171 1223 197 41 science.
442 1222 280 50 (36-11709)

100 1322 289 55 Alabama
421 1324 200 67 digest,
660 1327 131 49 1820
824 1329 58 48 to
915 1324 158 66 date;
1110 1324 268 67 covering
1410 1324 281 53 Alabama
1726 1329 219 63 reports
1981 1324 111 52 and

172 1401 283 55 Southern
488 1406 273 63 reporter,
794 1420 60 34 as
886 1402 125 52 well
1046 1421 59 34 as
1138 1402 282 52 Alabama
1452 1420 148 35 cases
1634 1402 233 53 decided
1904 1400 58 54 in
1998 1402 95 53 the

170 1479 218 54 federal
418 1479 244 53 District
690 1480 112 52 and
836 1479 220 56 Circuit
1085 1484 204 62 courts,
1322 1478 222 56 Circuit
1572 1486 163 48 court
1762 1479 62 53 of
1857 1480 239 67 appeals

170 1557 1922 68 and Supreme court of the United States … with current
169 1636 341 54 cumulative
540 1635 202 67 pocket
772 1636 223 53 service.
1062 1635 267 55 Volumes
1361 1635 115 55 6-7.
1583 1636 80 55 St.
1697 1636 164 67 Paul,
1890 1634 202 68 Minn.,

168 1713 841 68 West publishing co. [ c 1936]
168 1786 28 39 2
222 1798 42 29 v.
318 1786 59 40 26½
406 1788 43 22 cm
455 1818 10 9 .

507 1852 44 29 CONTENTS.—v.
582 1840 41 42 6.
652 1841 236 42 Criminal
918 1843 106 47 law,
1055 1843 89 47 key
1172 1853 75 30 no.
1278 1843 24 39 1
1335 1844 49 39 to
1411 1842 206 41 904.—v.
1648 1841 41 41 7.
1719 1840 236 43 Criminal
1983 1844 109 49 law,

99 1899 91 48 key
215 1910 75 30 no.
315 1898 88 41 905
426 1902 48 37 to
501 1898 347 41 end-Detinue.

100 1951 52 53 ©
180 1956 113 47 May
319 1955 69 48 26,
418 1954 115 41 1936;
588 1955 66 40 2c.
684 1955 119 41 each
830 1956 95 39 and
955 1954 108 43 affs.
1092 1955 127 41 June
1246 1954 82 48 15;
1358 1954 41 41 A
1428 1954 158 49 94985,
1614 1954 171 47 94986;
1818 1955 136 41 West
1982 1956 110 47 pub.

167 2021 67 32 co.

96 2113 322 55 Baltimore
443 2114 186 53 urban
652 2114 226 64 league.

170 2190 121 53 The
323 2191 190 68 Negro
548 2190 349 68 community
930 2189 63 54 of
1028 2187 341 71 Baltimore;
1409 2208 32 33 a
1475 2206 288 52 summary
1798 2193 194 65 report
2027 2190 64 52 of

101 2287 31 33 a
183 2266 172 55 social
405 2268 170 67 study
627 2268 312 53 conducted
993 2267 93 54 for
1140 2268 94 52 the
1289 2267 315 53 Baltimore
1657 2268 182 52 urban
1891 2268 199 68 league

99 2345 252 68 through
387 2346 96 53 the
518 2345 379 68 Department
934 2345 64 53 of
1034 2345 274 67 research,
1345 2343 271 54 National
1654 2345 183 52 urban
1873 2345 216 69 league,

99 2421 74 68 by
214 2422 98 53 Ira
354 2422 85 53 De
479 2422 69 53 A.
590 2422 174 68 Reid;
809 2422 287 68 drawings
1138 2422 74 67 by
1254 2422 240 54 Wilmer
1534 2422 296 68 Jennings.
99 2422 1964 143 Baltimore,
302 2499 140 68 Md.,
475 2502 147 49 1935.

168 2568 821 49 46 p., 1 l. diagrs. 26½ × 22 cm .
99 2624 53 53 ©
186 2629 118 42 Nov.
341 2629 69 47 15,
446 2628 140 48 1935;
623 2629 69 40 2c.
729 2629 95 39 and
860 2628 81 41 aff.
978 2629 114 47 Apr.
1131 2630 39 46 7,
1207 2627 141 48 1936;
1387 2629 42 39 A
1465 2628 170 48 94541;
1675 2630 37 40 I.
1750 2631 74 39 De
1859 2630 54 40 A.
1952 2630 136 46 Reid,

169 2685 118 40 New
313 2685 142 39 York.
524 2684 279 49 (36-11730)

119 2785 218 65 [Bevan,
370 2786 389 64 Christopher
790 2786 199 66 Hugh]
1027 2793 170 49 1901-

165 2859 1922 73 Head office; a novel by Hugh Preston [pseud.] … London,
93 2937 364 56 Hutchinson
482 2940 46 50 &
555 2957 100 51 co.,
682 2941 103 54 ltd.
841 2943 152 64 [1936]

165 3010 87 42 287
274 3023 44 38 p.
378 3012 55 41 19½
466 3015 44 21 cm
513 3044 9 8 .
593 3013 158 47 (First
778 3014 138 39 novel
945 3013 197 47 library,
1171 3023 76 31 no.
1275 3012 80 45 52)

98 3066 1990 54 © 1c. May 1, 1936; A ad int. 21374; pubd. Mar. 5: C. H. Bevan, London.
177 3126 280 50 (36-12550)

96 3229 350 65 Blanchard,
471 3229 316 65 Benjamin
814 3231 213 53 Waite.

167 3304 163 53 Your
362 3304 293 68 America;
694 3305 72 54 its
804 3304 387 55 Constitution
1227 3305 112 54 and
1374 3305 74 54 its
1479 3306 156 68 laws,
1667 3305 78 70 by
1780 3305 308 71 Benjamin

98 3380 189 55 Waite
319 3382 359 67 Blanchard;
716 3382 139 53 with
894 3382 370 69 frontispiece
1298 3382 59 54 in
1394 3383 152 54 color
1584 3383 113 54 and

1733 3386 66 50 21
97 3383 1967 129 illustrations.
332 3457 407 70 Philadelphia
779 3460 112 53 and
931 3460 257 68 London,
1227 3460 53 54 J.
1323 3461 67 53 B.
1430 3459 339 70 Lippincott
1808 3479 280 51 company

119 3539 175 67 [ c 1936]
167 3609 84 41 275
279 3621 43 38 p.
383 3610 84 40 col.
497 3610 163 53 front.,
690 3611 157 47 plates
877 3611 132 48 (incl.
1037 3610 177 49 music)
1252 3612 163 46 ports.,
1445 3611 214 40 facsims.
1719 3610 55 41 19½
1807 3614 15 20 cm
1855 3642 9 8 .

98 3663 1940 55 © June 4, 1936; 2c. and aff. June 11; A 95635; B. W. Blanchard, ℅
168 3726 192 40 Russell
392 3727 184 46 Duane,
609 3726 352 49 Philadelphia.
1028 3725 278 49 (36-12072)

97 3826 179 63 Bono,
302 3827 213 53 Emilio
539 3829 87 63 de,
654 3833 172 50 1866-

229 3902 1862 71 … La guerra: come e dove l’ho vista e combattuta io. Milano,
97 3977 70 54 A.
197 3978 341 55 Mondadori
596 3983 151 65 [1935]
