2519 4377
999 4063 134 50 2011

85 402 196 62 Block,
312 402 142 52 Karl
483 403 267 63 Morgan,
784 407 169 50 1886-

154 478 120 53 The
310 479 183 52 sword
535 477 64 52 of
639 478 83 56 St.
761 478 275 67 Michael;
1079 477 272 55 informal
1392 496 278 50 messages
1710 479 63 53 of
1814 498 30 33 a
1886 485 194 60 pastor

84 561 58 48 to
173 557 88 54 his
296 556 215 67 people,
546 556 74 68 by
655 556 146 52 Karl
835 557 244 67 Morgan
1117 556 194 53 Block.
1389 555 82 56 St.
1509 556 191 67 Louis,
1733 558 132 55 Mo.,
1900 557 180 53 Men’s

84 633 126 53 club
242 632 63 53 of
335 634 92 53 the
463 633 228 55 Church
724 634 64 54 of
822 633 83 56 St.
938 634 244 52 Michael
1219 634 110 52 and
1366 634 83 55 St.
1485 634 237 67 George,
1758 638 149 49 1936.

154 706 70 41 xii
252 717 57 38 p.,
339 708 23 37 1
428 738 8 14 l.,
463 706 54 39 208
574 717 42 38 p.
677 705 56 41 20½
765 709 43 21 cm
814 740 8 8 .

156 763 129 40 “The
318 761 251 48 following
606 771 146 39 pages
790 764 239 46 appeared
1069 763 131 39 week
1238 763 60 48 by
1334 762 132 40 week
1505 762 48 39 in
1590 762 82 41 the
1708 762 188 40 ‘Parish
85 762 1979 100 bulletin’.”
216 820 334 41 —Foreword.

87 885 52 53 ©
166 890 117 40 Nov.
312 889 70 43 23.
413 889 139 47 1936;
585 889 66 40 2c.
684 890 94 39 and
809 889 81 41 aff.
922 890 110 39 Dec.
1064 889 82 48 34;
1180 890 38 39 A
1249 887 199 48 100949;
1482 888 59 42 K.
1573 890 62 38 M.
1664 888 163 48 Block,
1860 887 221 47 Clayton,

157 947 92 41 Mo.
314 944 250 51 (37-3132)

84 1051 217 63 Bogue,
329 1050 313 65 Winthrop
670 1052 73 53 N.

153 1128 137 51 New
317 1127 161 53 York
502 1132 141 47 state
668 1128 135 52 laws
829 1127 268 68 covering
1119 1127 348 54 conditional
1492 1127 143 53 sales
1661 1131 281 49 contracts
1967 1125 112 54 and

84 1206 204 53 chattel
323 1212 336 59 mortgages.
739 1204 179 55 South
950 1207 249 65 Dayton,
1228 1207 68 52 N.
1328 1207 89 65 Y.,
1443 1206 89 52 W.
1563 1205 69 52 N.
1664 1205 214 66 Bogue,
1906 1209 18 21 c
1930 1207 150 51 1936.

156 1276 867 49 cover-title. 1 p. l. . 0-57 p. 23 cm .
85 1329 52 53 ©
163 1333 100 42 Oct.
289 1333 39 42 5.
381 1333 111 42 1936;
519 1336 66 38 2c.
612 1334 101 40 Oct.
736 1334 27 38 7
780 1344 9 35 ;
818 1334 81 39 aff.
926 1333 101 41 Oct.
1100 1345 7 32 6;
1136 1335 36 37 A
1201 1332 170 40 100011
1390 1343 9 37 ;
1428 1334 70 39 W.
1525 1333 55 39 N.
1608 1333 177 44 Bogue.

106 1434 239 63 [Bohlen,
376 1434 242 55 Francis
645 1437 325 65 Hermann]
1006 1436 171 53 1878-
1388 1437 83 51 ed.

158 1514 74 65 [A
261 1514 157 51 short
453 1514 262 52 selection
751 1514 62 52 of
847 1531 149 35 cases
1030 1533 70 34 on
1134 1514 95 52 the
1262 1514 109 51 law
1406 1513 62 52 of
1503 1519 161 60 torts,
1696 1512 256 66 selected,
83 1511 1973 133 edited

229 1590 1852 68 and arranged by Francis H. Bohlen … assisted by Fowler
83 1669 69 52 V.
195 1670 250 66 Harper,
534 1670 390 65 Supplement.
1005 1671 201 53 Texas,
1250 1670 111 53 and
1406 1670 161 53 other
1610 1687 149 35 cases
1803 1687 69 34 on
1919 1672 162 63 torts,

83 1746 1971 146 selected, arranged and edited by Fowler V. Harper … Indianapolis, The Bobbs-Merrill company [ c 1935]
153 1896 44 39 iv,
244 1895 85 41 150
357 1907 41 37 p.
457 1895 56 41 25½
546 1899 43 21 cm
596 1929 7 8 .

155 1952 72 41 On
259 1962 167 30 cover:
461 1953 158 38 Texas
652 1952 304 48 supplement
990 1954 47 38 to
1072 1952 400 48 Bohlen-Harper
1505 1961 136 30 cases
1674 1962 60 29 on
1771 1952 138 49 torts,
1944 1952 138 40 short

82 2008 269 41 selections.

83 2060 53 54 ©
160 2066 118 45 Aug.
305 2064 70 49 20,
429 2064 112 42 1935:
571 2063 67 42 2c.
668 2066 109 38 Dec.
806 2065 41 47 7,
875 2063 139 47 1930;
1045 2064 81 41 aff.
1155 2066 115 38 Nov.
1300 2063 81 43 23:
1413 2066 37 38 A
1480 2063 199 48 100836;
1710 2063 368 41 Bobbs-Merrill

152 2130 67 31 co.

82 2224 181 63 Bond,
294 2225 144 52 Paul
467 2224 263 65 Stanley.

152 2302 118 53 The
299 2302 193 66 junior
521 2304 66 50 R.
620 2302 68 56 O.
720 2304 64 51 T.
818 2301 61 55 C.
910 2302 245 53 manual.
1220 2302 98 53 4th
1348 2303 82 52 ed.
1496 2304 55 52 A
1581 2303 275 68 complete
1885 2321 194 36 course

84 2379 92 53 for
222 2378 138 68 high
407 2379 189 53 school
643 2379 273 53 students.
998 2379 173 67 Fully
1218 2380 344 67 illustrated,
1607 2380 141 53 with
1794 2380 287 67 questions

83 2455 1972 147 for self-test and examination, by Colonel P. S. Bond … Harrisburg. Pa.. The Military service publishing co. [ c 1936]
153 2606 27 38 2
209 2617 43 38 p.
315 2638 8 16 l.,
353 2607 85 38 184
464 2617 43 37 p.
562 2606 145 47 illus.,
736 2606 179 46 diagrs.
972 2605 55 40 23½
1060 2608 43 21 cm
1108 2636 8 8 .

83 2658 1995 54 © June l. 1930; 2c. June 10; aff. June 11; A 95663; Military ser. pub.
151 2729 66 31 co.

82 2820 190 63 Brett,
298 2821 136 53 Mrs.
462 2821 205 63 Agnes
697 2819 325 65 (Baldwin)
1059 2824 171 52 1876-

149 2896 242 71 Victory
415 2897 174 57 issues
618 2896 64 56 of
710 2898 277 68 Syracuse
1012 2897 152 54 after
1191 2903 99 49 413
1316 2917 48 35 b.
1393 2916 64 50 c.,
1484 2898 76 69 by
1586 2901 194 67 Agnes
1810 2901 266 53 Baldwin

83 2977 180 54 Brett.
338 2977 137 53 New
507 2977 179 66 York,
718 2978 121 53 The
868 2975 304 54 American
1203 2975 363 55 numismatic
1596 2977 228 68 society,
1856 2983 151 50 1936.

152 3050 27 39 2
201 3061 41 37 p.
300 3081 8 16 l.,
333 3049 26 41 6
379 3060 43 37 p.
481 3048 163 48 front.,
668 3050 61 47 pl.
789 3051 55 38 17
848 3052 43 21 cm
896 3080 9 9 .
976 3048 299 49 (Half-title:
1296 3049 324 41 Numismatic
1640 3053 138 37 notes
1802 3052 93 39 and
81 3061 1980 94 monographs.

350 3116 74 32 [no.
454 3105 98 51 75])

84 3159 52 53 ©
163 3164 116 39 Nov.
308 3163 68 43 30.
405 3162 140 42 1930:
575 3164 66 39 2c.
671 3164 110 38 Dec.
811 3163 80 46 21;
920 3163 81 40 aff.
1031 3164 110 39 Dec.
1244 3173 8 31 18:
1283 3164 40 38 A
1351 3161 198 48 100990;
1581 3164 157 39 Amer.
1769 3163 314 42 numismatic

154 3230 90 28 soc.
312 3219 251 47 (37-3127)

83 3321 361 54 Brockhaus’
477 3321 735 54 konversations-lexikon.

153 3398 117 53 Der
317 3417 137 33 neue
503 3399 360 52 Brockhaus:
915 3399 224 52 allbuch
1189 3398 58 52 in
1296 3396 119 54 vier
1462 3398 221 53 bänden
1729 3400 118 53 und
1898 3401 179 51 einem

85 3475 1991 66 atlas. l. bd. A-E. Alit abbildungen und karten im text.
83 3554 253 66 Leipzig.
363 3556 63 52 F.
457 3555 68 52 A.
556 3554 333 53 Brockhaus
919 3557 171 64 [1936,

159 3625 26 38 2
218 3636 43 37 p.
331 3659 6 8 l..
373 3626 97 42 745.
522 3625 41 50 [3]
600 3637 42 36 p.
706 3626 127 40 illus.
863 3626 132 41 (incl.
1028 3628 174 46 ports.)
1245 3626 158 47 plates
1447 3626 135 47 (part
1618 3626 111 50 col.)
1776 3636 149 39 maps,
1962 3627 118 40 fold,

87 3681 141 41 table.
287 3682 55 38 25½c
392 3686 26 20 m
423 3715 8 9 .

86 3733 52 53 ©
168 3738 100 40 Oct.
298 3739 54 40 13,
424 3738 112 42 1930:
569 3739 65 40 1c.
667 3741 110 38 Dec.
810 3738 80 41 15:
924 3737 309 46 A-Foreign
1263 3737 171 48 33873;
1468 3739 51 39 F.
1554 3739 53 40 A.
1640 3739 297 39 Brockhaus.

83 3826 203 65 Bruce,
311 3827 135 54 Leo.

157 3899 140 57 Case
332 3903 93 52 for
457 3904 157 52 three
647 3902 321 68 detectives,
999 3902 76 68 by
1106 3902 115 53 Leo
1258 3902 198 54 Bruce.
1533 3903 258 71 London,
1823 3902 67 56 G.
1925 3901 153 66 Bles,

90 3979 146 53 1936.
