2519 4377
1347 4123 100 50 646

402 520 1987 145 art … [Woodbury, N. J., Printed by The Constitution company, c 1936]
477 671 28 41 96
563 683 42 37 p.
664 671 54 41 23
722 674 45 20 cm
772 703 8 9 .

404 724 52 54 ©
496 730 114 47 May
650 729 69 47 15,
759 727 141 46 1936;
940 727 68 42 2c.
1049 729 127 40 June
1215 729 51 46 5;
1310 727 81 40 aff.
1433 729 126 39 June
1598 729 53 47 6;
1694 729 41 39 A
1775 729 172 47 95557;
1991 729 52 42 F.
2083 730 60 41 H.
2188 730 224 48 Stewart,

475 786 293 47 Woodbury,
797 785 56 40 N.
883 785 43 40 J.

400 873 392 64 Studebaker,
819 874 155 55 John
1003 875 200 62 Ward,
1235 878 171 52 1887-

471 951 1942 71 Plain talk, by John W. Studebaker … foreword by Morse
402 1030 1982 149 A. Cartwright … Washington, National home library foundation, 1936.
472 1182 1692 52 ix, 166 p. 17 cm . (On cover : National home library, [ n o. 15 ])
475 1239 241 43 “Errata”
749 1240 96 50 slip
874 1239 102 42 laid
1008 1240 64 42 in.

475 1297 299 49 “Suggested
804 1296 304 42 references”
1137 1299 53 40 at
1217 1298 93 41 end
1337 1297 54 41 of
1416 1298 120 40 each
1564 1298 216 49 chapter.

745 1355 216 48 CONTENTS.—Steps
1002 1355 189 41 toward
1231 1354 585 42 freedom.—Discussion
1856 1358 96 40 and
1992 1356 334 41 education.—

405 1357 1991 95 Forums
570 1411 51 41 in
655 1411 655 49 democracy.—Liberalism
1346 1413 94 40 and
1476 1413 141 41 adult
1653 1413 122 41 civic
404 1412 1993 106 education.—Modernizing

512 1469 142 42 adult
681 1469 679 50 education.—Dictatorship
1386 1470 62 49 by
1479 1470 505 42 default.—Freedom
2017 1473 48 39 to
2094 1472 150 40 learn.

402 1524 52 53 ©
481 1529 113 47 Apr.
627 1528 69 47 15,
726 1527 141 47 1936;
898 1528 67 40 2c.
994 1528 114 48 Apr.
1138 1528 83 47 21;
1254 1528 82 41 aff.
1366 1529 114 48 Apr.
1508 1529 84 47 22;
1624 1530 40 38 A
1693 1528 171 48 94081;
1897 1530 117 40 Natl.
2059 1530 140 40 home
2229 1529 186 48 library

469 1585 308 42 foundation.
844 1585 282 49 (36-10658)

397 1675 228 64 Talbot,
652 1675 166 53 Nora
843 1673 344 66 Amaryllis,
1218 1680 171 51 1882-

468 1749 290 54 Practical
808 1750 287 70 problems
1144 1750 61 53 in
1253 1750 165 54 home
1468 1750 110 54 life
1626 1751 95 55 for
1768 1750 140 71 boys
1959 1752 116 53 and
2125 1751 160 70 girls,
2337 1751 75 69 by

398 1828 1950 71 Nora A. Talbot … Florence L. Lytle … Millie V. Pearson …
402 1908 2008 70 [ and] Anna May Johnson … arranged and edited by Millie V.
398 1986 281 70 Pearson;
712 1987 141 53 with
884 2006 72 35 an
988 1986 393 55 introduction
1413 1987 77 70 by
1520 1987 158 54 Nora
1708 1986 72 55 A.
1812 1986 239 69 Talbot;
2085 1985 326 55 illustrated

397 2064 77 72 by
510 2067 300 69 Margaret
848 2066 164 69 Holt,
1054 2066 211 53 Milton
1311 2065 247 70 Swatek,
1601 2066 114 53 and
1761 2066 206 53 others.
2047 2065 141 53 New
2229 2063 182 69 York,

396 2143 1535 70 Cincinnati [ etc. ] American book company [ c 1936]
500 2216 1046 54 x p., 1 l., 515 p. incl. front., illus. 20 cm .
467 2278 291 41 Illustrated
787 2277 365 48 lining-papers.

466 2335 190 42 “Based
686 2347 61 29 on
779 2334 361 49 Homemaking
1167 2335 80 39 for
1278 2334 117 49 boys
1428 2334 94 41 and
1558 2332 134 50 girls,
1723 2331 270 51 copyright,
2025 2329 159 45 1935.”

470 2393 350 41 “References”
848 2395 51 39 at
926 2394 91 40 end
1044 2393 52 40 of
1121 2393 118 40 each
1264 2393 201 47 chapter
1490 2393 169 46 except
1686 2392 202 47 chapter
2062 2422 10 9 XXXII.

399 2449 52 53 ©
480 2454 114 48 Apr.
626 2454 70 48 27,
729 2453 141 47 1936;
904 2452 68 41 2c.
1005 2453 97 39 and
1133 2452 82 41 aff.
1250 2450 114 50 May
1395 2452 52 46 8;
1482 2451 41 39 A
1554 2450 171 48 95108;
1761 2451 159 40 Amer.
1953 2451 126 40 book
2110 2462 68 29 co.

477 2510 283 49 (36-10672)

394 2599 248 65 Teilhet,
673 2598 241 55 Darwin
943 2600 83 64 L.,
1058 2604 173 50 1904-

467 2678 122 51 The
636 2676 226 55 feather
906 2677 165 53 cloak
1114 2676 287 67 murders;
1453 2676 95 53 the
1594 2676 204 53 second
1845 2675 313 55 adventure
2206 2674 63 52 of
2313 2676 97 51 the

399 2757 189 52 Baron
623 2773 111 35 von
767 2757 145 66 Kaz,
944 2756 75 68 by
1047 2755 243 54 Darwin
1320 2755 112 53 and
1466 2754 359 68 Hildegarde
1857 2753 241 54 Teilhet.
2175 2754 231 55 Garden

398 2833 153 72 City,
596 2834 71 53 N.
718 2834 90 67 Y.,
853 2833 145 54 Pub.
1046 2833 95 54 for
1187 2833 95 54 the
1330 2832 190 55 Crime
1566 2832 146 70 club,
1759 2833 125 68 inc.,
1929 2833 76 69 by
2051 2832 355 65 Doubleday,

396 2916 198 52 Doran
622 2918 47 51 &
698 2931 98 51 co.,
826 2913 127 68 inc.,
986 2918 151 50 1936.

468 2988 27 39 6
524 2999 42 37 p.
630 3019 8 16 l.,
669 2987 86 41 302
783 2998 43 37 p.
886 2986 59 41 20½c
992 2989 27 21 m
1025 3020 9 9 .

469 3045 163 40 “First
667 3042 226 43 edition.”

396 3099 53 53 ©
481 3105 79 38 May
624 3102 39 50 8,
694 3101 141 48 1936;
868 3101 67 41 2c.
967 3103 95 39 and
1094 3101 81 41 aff.
1208 3103 114 46 May
1352 3102 82 45 14;
1468 3101 40 39 A
1539 3100 171 47 94558;
1745 3102 57 40 D.
1835 3100 49 42 L.
1917 3099 204 47 Teilhet,
2157 3098 250 50 Stanford,

467 3160 143 41 Calif.
679 3158 281 48 (36-10526)

393 3235 209 53 Texas.
679 3236 278 65 Supreme
984 3239 175 48 court.

465 3310 1939 69 The Texas reports; cases adjudged … from February, 1935,
395 3397 57 46 to
505 3390 162 67 July,
721 3393 149 50 1935.
964 3389 291 67 Reported
1306 3390 75 66 by
1433 3391 64 51 L.
1551 3389 73 53 K.
1682 3388 214 55 Smoot.
1988 3388 245 54 Volume
2287 3392 114 51 125.

399 3467 248 68 [Austin,
675 3470 154 65 Tex.]
865 3467 161 55 State
1052 3468 62 52 of
1140 3470 201 64 Texas,
1371 3470 150 51 1936.

466 3540 149 46 xxvii,
645 3541 85 41 704
759 3553 43 37 p.
858 3541 55 41 23½c
964 3543 27 21 m
998 3573 8 9 .

396 3594 52 53 ©
476 3599 127 40 June
631 3598 40 49 1,
699 3598 117 41 1936
831 3609 8 35 ;
870 3598 67 40 2c.
968 3599 126 40 June
1123 3597 52 48 5;
1207 3597 82 40 aff.
1319 3598 129 39 June
1473 3597 54 46 4;
1558 3598 40 39 A
1627 3597 171 47 95555;
1832 3596 49 41 L.
1912 3597 60 40 K.
2005 3597 177 47 Smoot,
2213 3596 191 49 Austin,

465 3656 113 39 Tex.

393 3728 2007 69 Texas jurisprudence … a complete statement of the law and
467 3807 248 66 practice
757 3807 63 54 of
862 3808 95 52 the
999 3811 142 48 state
1185 3807 62 52 of
1289 3808 202 65 Texas,
1532 3808 74 66 by
1647 3807 263 54 William
1949 3808 80 53 M.
2071 3805 331 69 McKinney

465 3884 111 53 and
605 3886 163 52 other
796 3885 256 67 lawyers.
1117 3885 241 53 Volume
1387 3889 82 49 40.
1499 3885 287 53 Taxation
1812 3890 58 48 to
1899 3885 292 65 Theaters,
2220 3885 182 52 shows

464 3961 1937 70 and public resorts … San Francisco, Bancroft-Whitney
463 4059 298 49 company,
789 4045 148 50 1936.
