2519 4377
1330 4078 134 54 1772

388 386 245 64 Reeves,
659 384 258 56 William
943 385 324 57 Fullerton.

462 463 124 54 The
626 462 128 54 first
795 463 255 53 elevated
1093 462 284 56 railroads
1422 464 60 53 in
1525 464 348 54 Manhattan
1919 467 114 53 and
2075 467 98 53 the
2215 469 198 52 Bronx

391 540 65 54 of
486 541 99 54 the
616 541 119 69 city
766 540 66 55 of
862 540 142 55 New
1038 541 192 68 York;
1263 542 96 53 the
1390 547 160 63 story
1584 542 64 54 of
1680 541 152 55 their
1865 544 399 68 development
2300 548 113 52 and

393 617 2021 75 progress, by William Fullerton Reeves … New York, The
390 698 335 55 New-York
750 697 299 55 historical
1079 698 230 68 society,
1341 701 151 52 1936.

457 772 1954 51 3 p. l., 137 p. incl. illus. (port.) plates. 25 cm . (Half-title: The New-
389 830 132 40 York
544 828 257 42 historical
832 828 196 48 society.
1091 830 103 41 The
1223 829 131 41 John
1381 829 179 41 Divine
1589 830 147 41 Jones
1766 831 125 41 fund
1919 831 153 42 series
2102 831 52 42 of
2182 832 230 42 histories

387 887 98 41 and
513 884 242 43 memoirs,
880 890 15 47 IX)

459 956 229 44 “Edition
714 957 54 43 of
794 957 141 44 three
959 957 223 43 hundred
1210 954 204 54 copies.”

461 1014 1950 52 “Mr. William Fullerton Reeves’s story … appeared in the Quarterly
388 1073 206 40 bulletin
623 1073 53 40 of
703 1072 83 41 the
813 1072 272 41 New-York
1112 1071 257 42 historical
1396 1072 182 48 society
1607 1072 80 41 for
1718 1073 220 48 January
1973 1075 95 39 and
2099 1073 152 50 April,
2282 1073 129 47 1935,

390 1130 190 40 volume
603 1140 144 38 xviii,
772 1140 75 30 no.
874 1129 42 48 4,
943 1130 96 41 and
1066 1129 195 42 volume
1286 1139 102 38 xix,
1417 1140 75 31 no.
1518 1130 39 40 1.
1620 1130 48 41 It
1695 1130 90 40 has
1813 1130 117 40 been
1958 1130 190 41 revised
2178 1132 95 39 and
387 1142 2007 87 augmented.”

390 1247 53 53 ©
473 1252 113 40 Dec.
617 1250 72 52 24,
719 1250 143 48 1936;
895 1250 67 40 2c.
994 1251 117 47 July
1141 1249 40 50 8,
1214 1249 142 49 1936;
1391 1260 24 29 a
1423 1250 50 41 if.
1507 1250 116 47 July
1655 1251 53 47 7;
1743 1251 43 38 A
1813 1249 146 41 96333;
2022 1251 71 40 W.
2128 1251 51 39 F.
2213 1250 199 48 Reeves,

459 1309 119 39 New
604 1309 146 39 York.
821 1307 286 50 (36-34126)

388 1415 240 64 Remus,
653 1413 291 66 Adolphe.

385 1487 2001 151 … Vae victis; ou, Armhuirich le maudit … [Bordeaux] Imprimeries Delmas [1936]
455 1655 788 53 2 p. l., [7]-346 p., 2 l. 20½ cm .
388 1724 2023 54 © May 30, 1936; 1c. Oct. 22; A-Foreign 33213; A. Remus, Bordeaux,
460 1787 203 40 France.
730 1784 284 50 (36-35605)

386 1889 322 65 Robinson,
737 1889 212 54 Daniel
975 1890 289 61 Sommer,
1295 1894 173 50 1888-

458 1967 122 53 The
620 1966 317 70 principles
977 1965 65 55 of
1080 1966 334 69 reasoning;
1457 1985 73 34 an
1567 1966 397 54 introduction
2002 1972 59 48 to
2103 1966 150 69 logic
2295 1968 112 52 and

386 2045 2021 70 scientific method, by Daniel Sommer Robinson … 2d ed., rev.
387 2125 140 54 New
565 2124 182 71 York,
782 2125 261 68 London,
1077 2125 73 53 D.
1189 2124 587 68 Appleton-Century
1812 2142 301 50 company,
386 2123 1999 138 incorporated
586 2241 12 35 [
600 2213 21 22 c
627 2208 154 67 1936]

458 2277 940 52 xviii p., 1 l., 393 p. diagrs. 21 cm .
460 2351 382 48 Bibliography:
876 2361 43 38 p.
953 2349 220 42 379-385.

389 2420 53 53 ©
482 2425 120 40 Nov.
641 2422 70 49 19,
755 2421 141 48 1936;
939 2421 68 41 2c.
1049 2422 118 39 Nov.
1208 2419 84 48 23;
1337 2420 83 39 aff.
1463 2420 118 38 Nov.
1623 2418 84 48 25;
1752 2420 41 38 A
1834 2417 174 49 99999;
2054 2419 57 40 D.
2153 2418 260 48 Appleton-

461 2481 218 47 Century
705 2489 83 40 co.,
813 2479 92 41 inc.
969 2476 284 51 (36-33929)

386 2583 322 66 Robinson,
735 2582 278 66 Virginia
1037 2581 256 65 Pollard,
1323 2587 173 50 1883-

462 2662 378 68 Supervision
877 2661 61 53 in
972 2660 176 54 social
1185 2677 124 36 case
1347 2659 177 67 work,
1562 2681 31 34 a
1631 2658 260 68 problem
1927 2657 61 53 in
2027 2655 382 70 professional

387 2742 323 66 education,
745 2741 76 67 by
857 2739 274 68 Virginia
1167 2741 66 53 P.
1271 2737 312 56 Robinson.
1663 2736 220 68 Chapel
1919 2736 149 67 Hill,
2105 2736 124 54 The
389 2735 1997 152 University

630 2820 64 55 of
720 2820 189 54 North
936 2817 274 57 Carolina
1234 2835 177 49 press,
1437 2819 152 51 1936.

527 2939 9 17 XV,
571 2906 87 41 199
690 2918 43 37 p.
795 2906 57 39 22½cm.

389 2969 2022 58 © Nov. 4, 1936; 2c. Nov. 11; aff. Nov. 17; A 100514; University of North
462 3033 233 43 Carolina
721 3043 152 39 press.
941 3030 284 51 (36-34109)

387 3138 252 65 Russell,
669 3139 205 53 James
904 3137 58 55 S.

459 3218 338 51 Adventure
839 3217 62 52 in
945 3214 183 57 faith;
1178 3232 70 35 an
1295 3212 476 67 autobiographic
1816 3216 161 62 story
2021 3210 63 53 of
2130 3209 84 55 St.
2259 3208 151 55 Paul

387 3295 223 54 normal
652 3296 113 52 and
804 3293 311 54 industrial
1156 3293 208 65 school,
1403 3287 463 62 Lawrenceville,
1905 3286 288 70 Virginia.
2269 3288 141 54 New

390 3374 180 66 York,
598 3373 341 54 Morehouse
966 3369 339 70 publishing
1334 3388 98 49 co.,
1464 3372 151 51 1936.

459 3453 1116 56 xvi, 117 p. incl. front, (port.) pl. 19 cm .
389 3527 54 51 ©
470 3532 116 40 Nov.
618 3529 40 49 8,
688 3529 143 49 1936;
862 3528 68 42 2c.
960 3528 119 42 Nov.
1110 3526 82 50 14;
1224 3526 84 42 aff.
1339 3527 117 40 Nov.
1490 3524 82 49 13;
1605 3525 39 40 A
1674 3521 172 45 99818:
1881 3522 289 41 Morehouse
2200 3520 109 49 pub.
2340 3529 69 33 co.

394 3685 10 33 [
413 3652 311 65 Sampson,
751 3649 261 55 Richard
1043 3649 226 63 Henry]
1306 3652 172 50 1896-

461 3729 124 53 The
612 3728 170 68 ghost
810 3728 45 52 it
884 3745 134 48 was,
1046 3725 78 69 by
1154 3724 257 53 Richard
1444 3722 146 52 Hull
1646 3721 214 68 [pseud.]
1932 3718 261 67 London,
2223 3716 187 54 Faber

389 3811 47 50 &
468 3808 207 57 Faber,
711 3806 225 53 limited
979 3807 174 66 [1936]

460 3894 87 41 315
576 3904 45 39 p.
682 3892 57 41 19½cm.

386 3953 2022 62 © 1c. Dec. 2, 1936; A ad int. 22109; pubd. Oct. 8; R. H. Sampson, London.
472 4020 284 44 (36-35390)
