2519 4377
1013 4035 64 50 79

114 474 84 38 222
229 485 42 36 p.
330 474 147 39 front,
508 474 172 47 (port.)
743 474 56 39 20
800 476 46 20 cm
851 503 8 9 .

51 526 51 53 ©
132 531 111 39 Dec.
273 530 69 47 24,
374 530 140 47 1935;
547 529 67 41 2c.
646 531 97 39 and
773 529 82 41 aff.
888 530 110 40 Jan.
1029 529 41 50 2,
1102 528 141 48 1936;
1277 529 42 39 A
1348 528 171 48 90132;
1557 527 246 42 Standard
1834 529 110 48 pub.
1978 538 67 31 co.

128 585 248 50 (36-3979)

51 688 306 63 Harrison,
383 688 156 52 Bede
566 688 202 53 James
794 686 268 65 Michael,
1092 689 171 53 1887-

119 767 57 50 A
216 764 268 54 textbook
528 764 62 53 of
633 765 446 66 roentgenology;
1154 765 94 51 the
1292 766 296 65 Roentgen
1633 782 104 49 ray
1779 764 61 52 in
51 762 1971 133 diagnosis
235 843 112 53 and

51 840 1969 147 treatment, by Bede J. Michael Harrison … Baltimore, W. Wood & company, 1936.
116 992 927 48 xxvi. 826 p. illus., diagrs. 23 ½cm .
48 1046 51 52 ©
127 1050 110 39 Jan.
266 1050 68 47 15,
365 1048 139 47 1936;
536 1049 68 40 2c.
633 1050 97 39 and
759 1049 82 40 aff.
872 1049 109 40 Jan.
1011 1048 83 47 29;
1127 1049 40 38 A
1196 1048 170 47 91520;
1399 1048 242 40 Williams
1671 1047 37 40 &
1738 1046 213 41 Wilkinsi
1978 1057 68 31 co.

127 1106 249 48 (36-3641)

52 1208 256 64 Haynes,
341 1207 305 65 Williams,
682 1213 171 49 1886-

51 1283 1971 145 Men, money and molecules, by William Haynes … Garden City.
370 1360 69 53 N.
474 1360 88 68 Y.,
594 1360 351 67 Doubleday,
975 1359 194 53 Doran
1200 1361 44 49 &
1278 1376 293 50 company,
1600 1360 127 66 inc.,
1760 1359 151 52 1936.

118 1430 1075 50 viii p., 1 l., 186 p. illus., plates. 20 cm .
118 1488 303 48 Descriptive
451 1490 103 38 text
584 1499 60 29 on
674 1498 122 38 page
825 1488 257 48 preceding
1110 1489 120 39 each
1260 1488 145 48 plate.

120 1545 129 40 “The
276 1545 407 40 substance—but
712 1548 87 38 not
828 1546 83 39 the
941 1545 242 40 form—of
1214 1546 82 40 the
1326 1544 252 48 following
1610 1554 145 39 pages
1788 1545 41 39 is
1860 1545 186 47 largely

48 1601 124 40 from
215 1613 79 35 my
337 1601 245 42 Chemical
625 1603 268 39 economics
937 1601 249 49 published
1235 1603 47 39 in
1326 1601 718 48 1933.”—Acknowledgments.

47 1658 51 53 ©
121 1663 108 39 Jan.
253 1661 231 48 17,1936;
508 1663 68 40 2c.
599 1663 97 39 and
718 1661 82 41 aff.
825 1662 109 40 Jan.
958 1661 54 40 23;
1066 1662 40 38 A
1128 1660 171 48 91410;
1326 1662 71 40 W.
1422 1662 215 47 Haynes,
1664 1662 152 40 South
1843 1662 203 47 Orange,

116 1720 56 41 N.
204 1720 42 40 J.
317 1719 250 48 (36-3632)

50 1808 204 63 Hesse,
280 1809 139 51 Max
446 1807 178 56 René.

117 1883 213 54 Doctor
360 1882 248 68 Morath,
639 1882 75 68 by
746 1881 138 54 Max
915 1881 156 55 René
1103 1881 204 68 Hesse;
1343 1879 313 56 translated
1688 1880 75 70 by
1793 1880 254 54 Edward

51 1960 362 53 Crankshaw.
488 1960 232 67 Boston,
760 1958 136 54 New
939 1958 178 69 York,
1154 1959 317 67 Houghton
1509 1956 202 54 Mifflin
1752 1976 295 52 company,

52 2040 145 49 1936.

117 2106 613 51 2 p. l., [3]-414 p. 21 cm .
48 2163 51 53 ©
125 2168 110 40 Feb.
260 2168 68 47 11,
354 2166 113 42 1936;
520 2167 68 40 2c.
614 2168 111 39 Feb.
750 2167 55 40 15;
861 2166 82 40 aff.
970 2167 107 40 Feb.
1107 2168 80 45 14;
1214 2168 42 38 A
1280 2166 170 47 91770;
1478 2169 62 40 M.
1568 2168 55 40 R.
1650 2168 169 48 Hesse,
1844 2167 202 41 Vienna.

126 2223 250 51 (36-4029)

50 2312 339 64 Hitchcock,
420 2314 206 63 Henry
652 2313 252 64 Russell,
938 2319 168 49 1903-

178 2387 1864 56 … The architecture of H. H. Richardson and his times.
49 2466 135 52 New
214 2466 175 67 York,
413 2467 122 51 The
557 2465 260 54 Museum
842 2465 67 55 of
930 2466 238 53 modem
1193 2471 108 65 art,
1329 2469 152 51 1936.

117 2540 130 48 xxiv,
271 2539 85 41 311
378 2549 43 38 p.
473 2539 171 47 plates,
669 2540 153 47 plans.
878 2538 57 42 26
938 2541 44 22 cm
987 2574 8 7 .

117 2596 63 41 At
203 2597 124 41 head
354 2597 52 40 of
430 2597 109 41 title;
592 2596 381 48 Henry-Russeil
1002 2596 283 48 Hitchcock,
1311 2596 61 50 jr.

119 2653 129 42 “The
276 2652 270 43 exhibition
577 2654 53 40 of
658 2654 345 41 Richardson’s
1035 2654 327 41 architecture
1390 2656 53 40 at
1472 2655 81 41 the
1582 2654 222 42 Museum
1836 2655 52 41 of
49 2657 1978 93 modern
163 2714 77 37 art
266 2722 59 29 on
356 2712 81 39 the

464 2710 1580 50 fiftieth anniversary of his death and … this book … are
49 2765 226 43 intended
304 2771 50 38 to
382 2770 318 46 complement
728 2780 89 30 one
847 2768 440 46 another.”—Pref.

117 2824 348 48 Bibliography;
522 2836 42 38 p.
594 2825 216 42 305-306.

50 2878 52 54 ©
129 2884 107 40 Jan.
266 2885 68 47 15,
365 2885 116 41 1930;
536 2885 66 42 2c.
630 2886 96 40 and
755 2885 82 42 aff.
867 2887 108 40 Jan.
1007 2887 52 40 17;
1118 2887 42 39 A
1188 2886 171 48 91276;
1392 2888 221 40 Museum
1644 2888 51 41 of
1723 2889 198 40 modern
1953 2890 93 40 art.

127 2941 249 49 (36-3985)

53 3029 217 64 Hobbs,
296 3031 201 63 Harry
522 3031 54 57 J.

119 3105 281 68 Working
434 3104 139 54 with
609 3108 162 66 tools,
804 3106 75 69 by
915 3106 198 69 Harry
1149 3107 54 53 J.
1241 3106 214 54 Hobbs.
1529 3106 138 54 New
1705 3106 179 71 York,
52 3108 1971 128 Leisure
207 3183 194 67 league

433 3182 62 52 of
527 3182 282 63 America,
843 3186 150 50 1935.

119 3252 1928 54 2 p. l., 7-95 p. incl. front., illus. 20 cm . (Half-title; Leisure league
53 3308 124 40 little
204 3310 136 40 book.
398 3320 75 30 no.
502 3310 81 48 25)

119 3365 349 49 Bibliography;
530 3378 43 37 p.
607 3367 158 40 94-95.

52 3420 51 52 ©
129 3425 108 39 Jan.
265 3427 69 45 11,
361 3425 141 48 1936;
531 3426 67 41 2c.
627 3428 96 38 and
752 3426 80 40 aff.
864 3427 109 40 Jan.
1002 3428 82 46 15;
1113 3428 42 39 A
1183 3427 170 48 90303;
1384 3429 61 40 H.
1474 3429 44 41 J.
1546 3429 179 48 Hobbs,
1756 3430 116 40 New
1900 3429 146 41 York.

128 3482 248 48 (36-3633)

55 3570 215 65 Hooke,
295 3572 158 53 Nina
477 3574 267 53 Warner.

125 3645 1920 73 Close of play, by N. Warner Hooke … New York, E. P.
56 3722 216 54 Dutton
299 3726 44 49 &
368 3742 95 40 co.,
488 3725 123 67 inc.,
639 3728 150 50 1936.

119 3793 85 40 304
230 3806 42 36 p.
333 3794 56 40 19½
420 3797 44 22 cm
470 3827 8 8 .

122 3850 160 41 “First
319 3851 225 41 edition.”

55 3904 51 52 ©
134 3910 108 40 Feb.
272 3911 67 47 11,
369 3912 114 39 1936;
536 3912 66 39 2c.
633 3914 96 38 and
758 3912 82 40 aff.
870 3912 111 41 Feb.
1010 3912 82 48 12;
1123 3914 42 39 A
1192 3912 171 49 91740;
1396 3915 53 39 E.
1480 3915 51 40 P.
1562 3915 190 40 Dutton
1778 3915 38 40 &
1842 3924 82 38 co.,
1953 3913 92 42 inc.

132 3966 222 42 (36-4027
366 3968 13 39 )
