2519 4377
1298 4163 131 51 1028

347 464 306 65 Cooledge,
686 464 245 55 Charles
960 466 228 61 Edwin,
1221 472 173 49 1848-

418 542 124 52 The
587 540 261 69 triumph
895 541 64 53 of
1003 542 96 53 the
1145 540 223 70 passive
1414 542 218 53 virtues
1678 562 60 35 as
1784 542 327 56 illustrated
2158 545 59 52 in
2263 546 95 52 the

349 618 2011 73 Odyssey of Homer, by Rev. Charles E. Cooledge … Boston,
347 697 1217 69 Mass., The Stratford company [ c 1936]
419 767 761 50 3 p. l., vi p., 1 l., 81 p. 19½cm.
426 826 134 40 “List
599 825 52 40 of
691 825 274 41 references
1006 829 49 37 to
1098 827 81 40 the
1220 826 231 49 Odyssey,
1495 828 296 40 translation
1832 830 60 47 by
1936 830 214 40 William
2191 832 168 40 Cullen

351 881 216 49 Bryant”;
631 893 44 38 p.
705 882 70 41 81.

352 939 52 54 ©
446 942 111 43 Feb.
598 943 69 45 14,
709 941 141 44 1936;
894 941 67 42 2c.
1004 943 111 42 Feb.
1158 943 81 45 17;
1284 942 83 42 aff.
1411 943 109 40 Feb.
1560 942 83 50 26;
1687 944 41 41 A
1768 944 172 47 90952;
1988 945 251 42 Stratford
2280 956 83 37 co.,

419 1000 162 48 pubrs.
646 1000 283 48 (36-17375)

349 1104 277 65 Dechert,
652 1105 232 53 Burton
911 1103 245 65 Deford,
1187 1110 172 50 1906-

421 1184 122 52 The
578 1187 164 63 great
777 1183 151 53 flood
964 1183 63 54 of
1067 1186 163 64 1936;
1272 1202 31 34 a
1338 1183 269 68 pictorial
1644 1184 206 53 review
1887 1183 64 54 of
1988 1185 150 53 flood
351 1184 1989 132 conditions
539 1262 59 52 in

637 1261 296 54 Hartford
973 1262 112 52 and
1124 1263 143 51 East
1304 1262 314 67 Hartford,
1660 1263 179 55 Conn.
1913 1263 452 68 Photographed

353 1342 112 52 and
492 1340 191 53 edited
711 1340 75 66 by
814 1341 225 52 Burton
1068 1340 226 53 Deford
1322 1341 266 67 Dechert,
1614 1340 71 68 jr.
1757 1341 331 67 [Hartford]
2121 1347 18 22 c
2145 1344 149 50 1936.

423 1413 932 50 2 p. l., [76] p. of illus. 23½ × 31 cm .
354 1467 53 53 ©
434 1471 116 47 July
576 1472 69 46 23,
674 1469 141 48 1936;
845 1470 68 41 2c.
942 1470 96 40 and
1064 1471 80 38 aff.
1175 1471 116 46 July
1318 1471 83 46 27;
1433 1471 39 39 A
1500 1471 171 46 96633;
1703 1473 53 38 B.
1785 1472 56 38 D.
1871 1471 228 48 Dechert,
2127 1471 74 47 jr.,
2234 1473 131 39 West

424 1528 259 49 Hartford,
714 1527 147 41 Conn.
930 1527 281 47 (36-17333)

353 1634 255 63 DuBois,
635 1633 328 55 Theodora.

428 1708 1941 69 Armed with a new terror, by Theodora DuBois … Boston
358 1789 114 53 and
499 1788 141 53 New
670 1787 181 68 York,
879 1787 319 69 Houghton
1225 1785 204 55 Mifflin
1458 1805 299 51 company,
1788 1791 151 50 1936.

429 1861 581 51 3 p. l., 266 p. 19½ cm .
358 1916 53 54 ©
445 1921 121 45 Aug.
605 1921 40 47 3,
683 1919 142 47 1936;
864 1919 69 41 2c.
968 1919 121 48 Aug.
1128 1920 52 45 5;
1220 1918 82 41 aff.
1341 1919 119 47 Aug.
1498 1919 54 47 4;
1593 1919 40 40 A
1667 1918 172 48 97250;
1879 1920 52 41 T.
1972 1922 75 38 Du
2087 1920 129 49 Bois,
2253 1922 118 39 New

427 1978 188 40 Haven.
681 1976 281 48 (36-17321)

357 2082 303 65 Eberling,
687 2084 138 51 Mrs.
853 2081 258 64 Georgia
1133 2082 219 56 Moore.

431 2160 185 67 Songs
643 2159 64 53 of
735 2159 262 65 solitude,
1023 2159 76 66 by
1125 2158 250 68 Georgia
1403 2159 198 53 Moore
1628 2158 294 68 Eberling.
1990 2161 234 65 Boston,
2251 2161 123 52 The

359 2236 1164 70 Christopher publishing house [ c 1936]
428 2310 658 50 vi p 1 l., 9-32 p. 20½ cm
360 2366 53 55 ©
449 2370 116 41 July
597 2369 71 48 24.,
704 2367 141 47 1936;
882 2368 67 42 2c.
987 2368 120 47 Aug.
1143 2367 52 47 1;
1233 2366 82 42 aff.
1352 2366 116 48 July
1502 2366 83 47 31;
1624 2367 40 39 A
1697 2367 172 47 96711;
1907 2367 322 49 Christopher
2263 2378 110 38 pub.

431 2427 163 40 house.
659 2424 282 50 (36-17269)

360 2532 323 63 Farnham,
708 2529 265 56 Willard.

431 2609 122 53 The
589 2607 282 54 medieval
906 2606 259 68 heritage
1201 2605 64 55 of
1300 2604 379 54 Elizabethan
1715 2606 262 68 tragedy,
2013 2606 75 68 by
2124 2606 248 54 Willard

362 2678 2010 75 Farnham … Berkeley, University of California press, 1936.
432 2760 97 48 xiv,
558 2760 86 41 487
672 2771 44 38 p.
744 2759 110 40 incl.
882 2758 165 49 front.,
1076 2758 128 41 illus.
1261 2758 170 48 plates.
1489 2757 56 39 22½
1578 2760 44 21 cm
1627 2789 9 9 .

435 2818 240 42 “General
703 2814 404 52 bibliographical
1138 2815 140 42 note”;
1337 2826 44 38 p.
1409 2814 101 41 453.

365 2873 53 54 ©
454 2877 116 48 July
604 2876 70 47 15,
711 2874 140 48 1936;
890 2874 68 40 2c.
996 2874 116 47 July
1149 2874 82 46 15;
1271 2873 82 41 aff.
1391 2872 116 48 July
1545 2872 83 48 31;
1668 2872 41 40 A
1745 2871 171 48 96690;
1956 2873 214 48 Regents
2207 2873 53 40 of
2295 2873 84 41 the

436 2934 139 41 Univ.
607 2933 53 40 of
689 2931 289 48 California,
1008 2931 251 47 Berkeley,
1293 2929 145 42 Calif.
1509 2929 282 49 (36-17266)

364 3036 214 66 Fuller,
606 3036 215 53 Almon
849 3036 240 63 Homer,
1121 3035 171 55 1871-

435 3115 274 66 Analysis
740 3114 112 53 and
882 3112 199 68 design
1111 3113 62 53 of
1203 3112 137 53 steel
1369 3114 328 65 structures,
1724 3112 75 67 by
1827 3110 213 54 Almon
2069 3112 77 54 H.
2179 3110 198 54 Fuller

365 3189 1987 151 … and Frank Kerekes … New York, D. Van Nostrand company,
564 3272 127 64 inc.,
719 3273 151 50 1936.

437 3339 1504 53 xii p., 1 l., 627 p. illus., plans (2 fold.) diagrs. 231 cm .
443 3397 1933 50 “The book is an outgrowth of various mimeograph notes … and an
367 3459 234 41 informal
633 3457 185 41 edition
849 3456 55 41 of
935 3466 148 31 seven
1115 3455 223 40 hundred
1372 3454 160 49 copies
1567 3454 51 40 of
1650 3465 27 29 a
1711 3453 115 42 four
1859 3454 221 39 hundred
2115 3452 109 49 fifty
2260 3463 119 39 page

364 3516 123 42 book
517 3515 158 42 which
706 3524 103 31 was
838 3512 194 50 printed
1060 3510 51 43 in
1142 3510 354 43 1933.”—Pref.

439 3573 226 41 Includes
706 3569 393 50 bibliographies.

370 3627 52 53 ©
452 3632 129 39 June
610 3630 68 47 15,
710 3628 139 42 1936;
882 3627 66 40 2c.
980 3627 130 39 June
1135 3626 82 41 22;
1251 3625 82 40 aff.
1368 3624 114 47 .July
1514 3625 81 46 11;
1629 3625 39 38 A
1699 3623 144 41 96390;
1953 3656 8 8 D.
1995 3625 103 37 Van
2132 3623 246 39 Nostrand

440 3697 82 38 co.,
552 3686 91 40 inc.
708 3683 283 51 [Copyright
1022 3682 42 40 is
1095 3681 207 41 claimed
1334 3691 61 30 on
1428 3679 211 41 revision
1672 3680 96 40 and
1801 3689 104 29 new
1937 3679 242 49 material]

450 3741 283 50 (36-17344)

371 3834 176 63 Gard,
573 3833 246 62 Wayne.

444 3897 1934 77 Sam Bass, by Wayne Gard … Boston and New York,
371 3985 324 68 Houghton
723 3983 206 54 Mifflin
959 3999 299 52 company,
1289 3983 150 52 1936.

444 4051 1531 54 vi p., 2 l., 262 p. front., plates, ports., facsim. 21½ cm .
