2519 4377
1013 4105 100 50 345

79 475 303 52 Abraham
410 473 237 54 Lincoln
675 472 374 65 association,
1077 470 371 69 Springfield,
1473 472 95 53 III.

147 565 295 53 Abraham
488 563 237 54 Lincoln
773 563 333 54 association
1154 582 204 49 papers
1404 562 283 53 delivered
1735 562 193 52 before
1977 563 92 53 the

77 644 272 51 members
386 644 62 51 of
485 643 93 52 the
616 643 295 51 Abraham
949 640 238 54 Lincoln
1225 640 351 53 association.
1652 640 419 65 Introduction,

79 722 74 65 by
197 722 195 64 Logan
438 721 135 65 Hay
623 763 54 8 ...
764 721 238 51 Lincoln
1046 719 112 52 and
1202 720 94 51 the
1342 720 302 66 campaign
1690 718 62 51 of
1801 721 150 62 1864,
1996 719 74 66 by

78 799 173 66 Tyler
279 799 249 53 Dennett
563 841 54 9 ...
687 797 284 53 Lincoln’s
1001 797 231 51 humor:
1264 816 70 32 an
1366 796 264 67 analysis,
1660 796 73 67 by
1763 797 305 65 Benjamin

78 878 64 51 P.
182 876 245 52 Thomas
470 918 55 8 ...
568 879 55 48 at
666 872 368 70 Springfield,
1073 874 243 57 Illinois,
1353 893 70 33 on
1462 875 295 65 February
1798 878 80 54 12,
1920 879 148 48 1935.

81 952 367 69 Springfield,
488 954 110 58 Ill.,
636 953 294 52 Abraham
968 952 240 53 Lincoln
1246 950 353 67 association,
1641 956 148 49 1936.

147 1040 84 40 102
258 1051 42 37 p.
356 1040 54 40 23½
443 1043 44 20 cm
493 1073 8 8 .

141 1111 257 40 Published
424 1112 276 47 previously
722 1112 152 39 under
898 1111 106 40 title
1023 1121 8 28 :
1058 1111 181 46 Papers
1262 1110 242 40 delivered
1528 1111 164 41 before
1717 1112 81 40 the
1822 1113 249 38 members.

77 1178 52 53 ©
162 1183 108 39 Feb.
303 1182 69 47 12,
404 1181 138 46 1930;
577 1182 65 39 2c.
679 1182 109 41 Feb.
822 1182 81 45 17;
938 1179 82 42 aff.
1053 1181 107 39 Feb.
1196 1181 54 40 15;
1313 1181 39 38 A
1385 1181 142 40 90782;
1590 1181 245 39 Abraham
1872 1181 199 41 Lincoln

149 1250 128 31 assn.

77 1341 310 65 Agraives,
414 1342 147 54 Jean
589 1343 34 52 d'

155 1474 56 10 ...
258 1431 81 54 Le
379 1431 176 54 filleul
601 1432 71 53 de
712 1432 83 52 La
839 1432 272 64 Pérouse;
1162 1431 375 54 illustrations
1583 1432 67 54 de
1695 1433 56 53 J.
1799 1433 268 53 Touchet.

101 1509 183 67 [Paris]
316 1509 283 55 Hachette
647 1512 153 65 [1935]

141 1583 87 41 252
252 1593 57 38 p.,
337 1583 28 40 2
410 1614 8 8 l.
448 1582 77 42 incl.
583 1583 167 48 plates.
811 1581 59 43 18
870 1584 44 22 cm
918 1613 8 9 .

143 1640 133 40 First
302 1640 254 47 published
584 1640 48 38 in
664 1639 126 42 1928.

78 1706 1975 109 © July 24. 1935; 1c. Feb. 17, 1936; A- Foreign 30592: Librairie Hachette. (36-8289)
75 1869 313 54 American
415 1872 285 63 academy
723 1871 63 52 of
812 1874 355 60 optometry.

145 1961 218 67 Report
393 1961 64 53 of
484 1962 95 52 the
608 1961 377 53 transactions
1017 1962 62 52 of
1110 1962 95 53 the
1237 1960 311 55 thirteenth
1581 1963 207 52 annual
1823 1963 248 68 meeting

82 2081 54 9 ...
186 2039 130 52 held
363 2044 57 47 at
467 2038 325 67 Cleveland,
837 2039 167 67 Ohio,
1048 2040 325 53 December.
1421 2044 148 49 1934.
1651 2042 419 66 [Minneapolis,

76 2117 120 52 The
221 2118 61 54 C.
311 2118 65 51 E.
401 2117 286 55 Johnston
711 2117 262 67 printing
999 2136 97 47 co.,
1122 2124 17 20 c
1145 2120 132 50 1936]

144 2191 27 37 4
199 2200 41 37 p.
303 2221 9 15 l.,
340 2189 169 40 11-233
540 2200 42 37 p.
639 2190 143 47 illus.,
811 2192 155 46 plates
996 2190 47 46 (1
1071 2190 144 47 fold.)
1253 2191 179 48 diagrs.
1490 2190 59 40 23½
1578 2193 44 20 cm
1627 2221 9 9 .

146 2246 158 40 Blank
334 2257 145 38 pages
498 2259 8 27 :
537 2246 202 41 234-240
771 2250 55 38 at
853 2248 90 40 end
975 2246 52 41 of
1057 2247 203 41 volume.

78 2312 52 52 ©
165 2316 109 40 Feb.
309 2317 39 46 5,
383 2316 139 44 1936;
557 2317 66 40 2c.
662 2317 108 40 Feb.
807 2318 80 45 13;
926 2318 81 39 aff.
1045 2316 110 42 Feb.
1191 2317 81 47 12;
1310 2318 39 38 A
1386 2318 169 47 91738;
1594 2319 157 39 Amer,
1788 2318 196 48 journal
2019 2320 53 41 of

147 2376 283 46 optometry,
462 2373 336 48 Minneapolis.

76 2475 313 55 American
417 2479 109 50 law
555 2478 113 52 and
695 2478 323 66 procedure,
1084 2480 224 51 volume
1336 2482 44 49 6.
1446 2481 291 65 Prepared
1766 2481 180 52 under
1975 2481 95 52 the

147 2555 262 52 editorial
448 2555 355 67 supervision
840 2555 62 53 of
939 2557 192 52 James
1169 2556 218 52 Parker
1423 2557 143 52 Hall
1610 2600 55 9 ...
1743 2559 225 52 Estates
2007 2560 63 52 of

146 2632 312 65 decedents,
490 2633 75 66 by
597 2634 217 65 Joseph
846 2634 220 52 Walter
1100 2632 289 69 Bingham
1428 2677 55 9 ...
1558 2635 216 67 Equity
146 2636 1899 139 jurisdiction,
318 2710 74 66 by

425 2712 220 52 Walter
681 2709 261 55 Wheeler
981 2711 158 54 Cook
1181 2754 55 8 ...
1315 2714 201 52 Trusts
1555 2714 111 51 and
1705 2719 254 61 trustees,
1995 2716 75 65 by

143 2787 221 54 Walter
415 2788 262 53 Wheeler
730 2789 157 54 Cook
944 2831 54 9 ...
1083 2789 288 67 [Chicago,
1424 2791 112 65 Ill.,
1587 2792 250 54 Wallace
1891 2811 173 49 press]

148 2868 148 51 1935.

151 2938 657 49 1 p. l., xx , 492 p. 23½ cm .
78 3003 52 53 ©
155 3009 111 38 Dec.
292 3008 69 47 24,
415 3008 84 40 1935;
554 3008 66 40 2c.
649 3009 110 39 Feb.
788 3009 67 43 14.
883 3009 138 45 1936;
1051 3009 81 40 aff.
1162 3011 109 39 Feb.
1299 3011 52 39 13;
1410 3011 39 39 A
1476 3011 143 40 90761;
1678 3012 203 41 LaSalle
147 3015 1904 89 extension
291 3065 144 47 univ.,

474 3065 222 48 Chicago.
768 3066 282 49 [Copyright
1085 3066 41 40 is
1165 3067 204 40 claimed
1408 3078 59 29 on
1506 3079 106 28 new
1650 3071 179 38 matter
1868 3072 93 38 and
148 3081 1906 89 revision]

78 3223 326 64 Anderson,
434 3223 274 55 Clarence
734 3224 273 64 William,
1035 3231 170 50 1891-

147 3312 160 68 Billy
334 3313 112 52 and
475 3313 191 67 Blaze,
694 3313 75 68 by
798 3313 61 54 C.
889 3315 89 53 W.
1008 3314 317 55 Anderson.
1392 3316 137 52 New
1560 3316 180 67 York,
1766 3318 120 51 The
77 3318 1968 124 Macmillan

302 3408 295 50 company,
630 3394 151 50 1936.

152 3463 83 48 [56]
266 3474 43 37 p.
365 3463 128 41 illus.
548 3465 56 39 26
607 3467 43 21 cm
656 3496 9 9 .

149 3519 286 42 Illustrated
472 3522 97 47 t.-p.

81 3583 51 52 ©
167 3588 111 48 Apr.
314 3590 39 46 7,
387 3588 140 48 1936;
565 3591 67 40 2c.
670 3591 96 40 and
801 3591 81 40 aff.
919 3592 112 47 Apr.
1113 3603 8 34 8;
1162 3593 39 39 A
1237 3592 170 47 92813;
1449 3594 282 41 Macmillan
1766 3607 66 30 co.

159 3643 246 48 (36-8200)

83 3744 320 66 Armandy,
435 3749 219 64 André,
690 3755 170 49 1882-

155 3873 55 11 ...
238 3834 83 52 La
346 3836 308 67 quatrième
682 3839 182 66 corde,
887 3856 215 36 roman.
1164 3841 185 55 Paris,
1373 3841 70 54 A.
1470 3842 282 68 Lemerre,
1777 3847 149 49 1935.

154 3904 462 53 258, [2] p. 18 ½ cm .
82 3971 1987 67 © Nov. 9, 1935; 1c. Feb. 17, 1936; A- Foreign 30570; Librairie Lemerre.
162 4034 183 36 (36-821
358 4036 24 34 6)
