2519 4377
1014 4110 99 52 347

78 542 276 65 strength,
394 541 112 52 and
544 541 208 66 beauty
789 540 61 53 of
891 540 123 52 face
1054 540 112 52 and
1205 539 151 52 form
1402 581 55 9 ...
1542 540 287 65 [Toronto,
1868 541 88 51 W.
1999 542 67 50 B.

76 620 157 63 Bow]
263 625 17 20 c
286 621 148 50 1936.

145 688 1072 49 wall chart, 56 × 34 cm fold, to 34 × 12½ cm .
77 744 1781 53 © 1c. Mar. 9, 1936; A ad int. 21215; pubd. Feb. 24; W. B. Bow.
75 850 305 63 Brandeis,
404 853 137 51 Mrs.
567 849 309 55 Madeline.

143 927 179 53 Little
354 926 157 55 John
545 925 64 55 of
640 926 140 52 New
815 924 288 69 England,
1135 924 74 69 by
1241 923 291 57 Madeline
1566 924 296 54 Brandeis.
1929 926 137 52 New

76 1004 989 69 York, Grosset & Dunlap [ c 1936]
145 1080 87 40 156
262 1091 43 37 p.
339 1079 109 40 incl.
480 1079 163 47 front.,
674 1079 128 40 illus.
863 1079 56 39 22
920 1080 45 21 cm
971 1109 10 9 .
1051 1079 100 47 (On
1180 1087 162 31 cover:
1373 1078 102 40 The
1507 1077 218 41 children
1759 1077 51 41 of
1843 1077 222 42 America

73 1136 201 48 stories)

145 1194 138 46 Maps
309 1203 60 30 on
396 1190 362 49 lining-papers.

75 1245 53 53 ©
160 1251 112 46 Apr.
306 1250 40 45 4,
382 1248 113 40 1936;
557 1250 67 37 2c.
660 1249 94 37 and
789 1247 82 39 aff.
907 1247 111 46 Apr.
1056 1247 24 39 7;
1145 1247 39 38 A
1218 1247 143 39 93547
1380 1257 8 29 :
1429 1247 197 40 Grosset
1662 1247 37 40 &
1733 1247 208 49 Dunlap,
1977 1247 91 41 inc.

155 1306 248 48 (36-8202)

72 1411 182 63 Buck,
280 1410 169 53 Philo
473 1408 236 64 Melvin,
741 1409 170 54 1877-

144 1488 122 52 The
301 1486 225 54 world’s
561 1491 163 63 great
759 1502 130 51 age;
930 1485 96 53 the
1061 1490 155 62 story
1254 1484 63 54 of
1354 1504 30 33 a
1423 1485 282 68 century’s
1740 1487 193 53 search
1975 1486 91 53 for

76 1585 32 35 a
147 1565 344 69 philosophy
529 1564 65 53 of
631 1561 123 70 life,
791 1563 74 68 by
905 1563 171 54 Philo
1116 1563 79 53 M.
1238 1563 178 67 Buck,
1456 1562 70 69 jr.;
1600 1564 356 55 decorations
1994 1565 69 68 by

74 1644 256 53 Norman
365 1644 68 53 G.
467 1643 288 67 Rudolph.
851 1642 137 53 [New
1025 1641 177 67 York]
1244 1642 119 53 The
1401 1642 335 54 Macmillan
1770 1661 297 50 company,

75 1725 148 51 1936.

203 1792 1072 51 xv p., 1 l., 382 p. incl. front, illus. 22½ cm .
138 1852 286 40 Illustrated
451 1850 359 49 lining-papers.

141 1908 69 39 “A
237 1908 126 39 brief
392 1905 362 50 bibliography”
772 1916 10 30 :
816 1916 42 39 p.
887 1905 216 42 375-377.

73 1960 54 54 ©
160 1966 121 38 Mar.
314 1965 68 45 31,
417 1963 114 41 1936;
591 1964 68 39 2c.
694 1964 94 38 and
823 1962 82 40 aff.
938 1963 115 46 Apr.
1087 1962 23 38 1;
1175 1962 39 38 A
1249 1961 143 40 92664;
1457 1961 281 40 Macmillan
1772 1974 67 29 co.

154 2021 249 48 (36-8288)

73 2127 55 52 A
160 2126 108 54 call
300 2133 55 47 to
390 2125 258 57 Catholic
682 2125 213 65 action;
932 2144 28 33 a
994 2124 168 54 series
1193 2125 62 51 of
1288 2124 357 55 conferences
1677 2144 72 35 on
1780 2126 96 52 the
143 2124 1898 147 principles

355 2204 183 53 which
577 2203 204 55 should
819 2202 170 68 guide
1029 2203 288 54 Catholics
1355 2203 61 51 in
1453 2203 95 52 the
1583 2203 484 55 social-economic

142 2280 1903 67 crisis of to-day. volume 2. With general index to volumes I
145 2358 1920 64 and II . New York city, J. F. Wagner, inc.; London, B.
141 2438 447 65 Herder [ c 1935]
140 2509 615 49 3 p. l., 3-242 p. 23½ cm .
71 2564 53 53 ©
154 2568 109 39 Jan.
292 2567 69 48 21,
392 2566 140 46 1936;
566 2566 66 39 2c.
666 2567 95 39 and
791 2565 82 40 aff.
904 2567 122 38 Mar.
1057 2566 54 45 4;
1145 2566 43 38 A
1216 2564 171 47 92106;
1422 2566 181 47 Joseph
1635 2566 52 40 F.
1720 2567 222 47 Wagner,
1975 2567 91 41 inc.

72 2670 292 65 Carleton,
389 2669 260 56 Patrick.

143 2746 292 66 Saturday
458 2752 58 46 to
539 2745 274 68 Monday,
839 2746 72 65 by
932 2745 238 52 Patrick
1196 2744 285 56 Carleton.
1541 2745 139 53 New
1702 2747 179 66 York,
1906 2747 68 52 E.
2000 2749 67 53 P.

72 2826 223 52 Dutton
318 2826 45 51 &
388 2840 98 51 co.,
510 2825 108 52 inc.
650 2856 14 33 [
668 2831 18 20 c
691 2826 151 65 1936]

142 2897 552 51 5 p. l., 306 p. 19½ cm .
144 2956 162 39 “First
332 2954 226 42 edition.”

69 3009 55 52 ©
153 3014 112 46 Apr.
297 3014 40 46 3,
369 3012 115 41 1936;
541 3012 67 40 2c.
639 3013 101 40 and
768 3012 82 39 aff.
881 3013 112 46 Apr.
1026 3013 27 37 4;
1117 3013 38 38 A
1189 3011 146 41 92875;
1396 3014 51 39 E.
1481 3014 50 40 P.
1565 3014 187 40 Dutton
1787 3015 38 39 &
1856 3025 82 36 co.,
1974 3013 92 42 inc.

153 3070 248 48 (36-8262)

74 3159 240 65 Carroll,
345 3160 180 64 Ruth,
559 3164 172 50 1899-

145 3234 245 67 Chessie,
436 3235 74 67 by
555 3235 159 52 Ruth
764 3234 242 55 Carroll.
1115 3236 137 52 [New
1303 3235 179 68 York]
1534 3237 56 54 J.
1639 3237 270 67 Messner,
1957 3238 109 54 inc.

78 3345 13 34 [
96 3319 18 22 c
119 3315 152 65 1936]

148 3386 83 49 [48]
259 3398 43 37 p.
357 3387 128 40 illus.
514 3386 136 48 (part
676 3388 113 47 col.)
851 3388 56 40 26
909 3390 43 22 cm
958 3420 9 8 .

145 3441 366 50 Lining-papers
540 3444 281 40 illustrated
850 3444 49 39 in
928 3444 169 41 colors.

75 3494 52 53 ©
160 3499 112 48 Apr.
306 3501 38 39 4.
380 3499 139 42 1936;
555 3501 65 39 2c.
660 3502 121 39 Mar.
818 3501 80 40 23:
937 3500 81 41 aff.
1052 3501 112 48 Apr.
1201 3501 80 41 10:
1319 3502 40 38 A
1392 3502 169 46 92884;
1599 3502 133 40 Ruth
1769 3504 55 39 R.
1861 3504 204 47 Carroll,

142 3557 117 39 New
286 3558 142 39 York.
499 3558 250 47 (36-8267)

77 3645 228 66 Cattell,
335 3648 251 53 Edward
612 3648 219 64 James,
863 3654 171 50 1856-

146 3720 279 70 Fighting
470 3724 270 68 through,
786 3725 75 67 by
909 3724 254 53 Edward
1211 3726 194 53 James
1456 3724 225 56 Cattell.
77 3724 1963 142 Philadelphia,
258 3800 232 68 Dunlap
519 3799 262 70 printing
808 3820 296 50 company,
1133 3806 148 49 1936.

143 3868 1024 53 3 p. l., 416 p. front., pl., ports. 20 cm .
146 3925 406 50 Autobiography.

75 3980 52 52 ©
160 3986 119 40 Mar.
315 3988 66 47 11,
418 3988 138 45 1936;
593 3988 67 40 2c.
696 3990 96 39 and
827 3990 81 38 aff.
945 3990 122 39 Mar.
1103 3991 80 45 17;
1223 3991 39 38 A
1298 3990 169 49 93204;
1508 3993 52 40 E.
1595 3993 43 41 J.
1676 3992 193 49 Cattell,
143 3991 1905 99 Philadelphia.
414 4045 249 47 (36-8226)
