2597 4361
1411 4062 66 49 42

492 471 87 42 139
607 483 43 38 p.
682 472 109 41 incl.
820 472 143 47 illus.,
995 473 172 49 plates.
1229 474 55 39 24
1288 476 44 20 cm
1338 505 8 8 .

419 529 2026 54 © 1c. Dec. 27, 1935; A ad int. 21001; pubd. Oct. 28; Eleanor Theodora
492 591 138 47 Roby
655 592 194 39 Benson
876 592 97 39 and
1000 592 153 47 Betty
1177 593 140 38 Ellen
1344 591 240 49 Askwith,
1614 593 214 39 London.
1896 592 255 49 (36-2577)

421 694 353 67 Bernardin,
802 695 224 65 Joseph
1051 695 348 66 Buchanan,
1431 702 172 50 1899-

495 773 96 52 An
637 772 390 54 introduction
1073 780 59 47 to
1176 773 98 53 the
1321 771 310 70 Episcopal
1678 772 231 70 church,
1953 772 74 69 by
2072 772 213 69 Joseph
423 773 1997 133 Buchanan
685 850 343 55 Bernardin.
1105 850 138 54 New
1286 850 180 70 York,
1503 851 68 53 E.
1612 851 59 55 S.
1711 851 274 68 Gorham,
2024 851 126 69 inc.,
2190 855 149 49 1935.

494 923 532 49 5 p. l., 116 p. 19 cm .
495 994 191 41 “Books
717 994 80 41 for
826 995 198 40 further
1057 994 231 48 reading”
1322 999 52 37 at
1405 997 92 39 end
1530 996 51 40 of
1612 997 118 40 each
1765 997 216 48 chapter.
2049 997 69 39 “A
2149 996 182 50 partial
2362 999 85 40 list

422 1050 55 42 of
503 1052 253 41 Christian
787 1052 233 48 religious
1047 1052 259 41 classics”:
1336 1064 44 38 p.
1410 1053 99 41 116.

422 1122 53 53 ©
498 1127 113 40 Dec.
635 1127 39 49 6,
699 1126 140 48 1935;
864 1126 69 41 2c.
957 1127 111 41 Jan.
1094 1126 68 49 10,
1188 1126 142 47 1936;
1358 1126 82 41 aff.
1466 1128 110 40 Jan.
1602 1128 53 46 8;
1680 1128 41 39 A
1744 1126 174 49 90265-;
1947 1128 177 40 Edwin
2150 1129 43 41 S.
2220 1128 228 50 Gorham,

492 1183 93 42 inc.
654 1184 254 49 (36-1895)

424 1287 370 68 Birkenfeld,
828 1288 293 66 Günther,
1155 1292 174 50 1901-

495 1364 1948 71 Augustus; a novel by Günther Birkenfeld … translated
426 1443 155 54 from
621 1444 100 53 the
758 1443 253 56 German
1051 1444 77 69 by
1167 1443 300 56 Winifred
1508 1445 146 68 Ray.
1732 1445 141 53 New
1916 1444 184 70 York,
2142 1444 302 69 Liveright

424 1522 1778 71 publishing corp.; London, Constable & co., ltd. [ c 1936]
499 1598 102 48 viii,
630 1598 88 41 396
743 1608 43 38 p.
849 1598 55 40 19
909 1600 43 21 cm
958 1631 8 8 .

425 1669 54 53 ©
517 1674 111 39 Jan.
665 1673 69 47 27,
774 1671 141 48 1936;
952 1672 69 41 2c.
1060 1673 97 39 and
1195 1672 83 40 aff.
1317 1673 109 39 Jan.
1465 1672 83 47 29;
1590 1673 42 38 A
1667 1672 174 47 91522;
1882 1672 257 49 Liveright
2173 1673 109 48 pub.
2322 1683 128 39 corp.

506 1730 253 49 (36-1850)

428 1835 346 65 Bontemps,
803 1835 187 57 Ama.

499 1911 184 54 Black
714 1911 269 68 thunder,
1016 1911 76 70 by
1129 1912 162 52 Arna
1330 1911 332 69 Bontemps.
1736 1910 140 55 New
1916 1911 182 70 York,
2134 1911 122 54 The
426 1911 1998 132 Macmillan
660 2008 302 52 company,
991 1991 152 53 1936.

502 2063 593 51 5 p. l., 3-298 p. 20 cm .
428 2135 53 53 ©
514 2140 108 40 Jan.
659 2139 69 48 28,
763 2137 140 43 1936;
940 2137 67 41 2c.
1042 2139 94 39 and
1172 2138 80 40 aff.
1288 2139 110 39 Jan.
1434 2137 59 40 29;
1553 2138 43 39 A
1625 2136 173 48 91502;
1837 2138 284 40 Macmillan
2157 2149 66 30 co.

510 2197 252 48 (36-1853)

430 2298 261 68 Bowers,
721 2299 269 56 Clement
1020 2300 180 65 Gray,
1232 2305 171 51 1893-

504 2376 493 55 Rhododendrons
1040 2378 113 53 and
1197 2375 247 55 azaleas:
1490 2374 149 55 their
1682 2375 234 69 origins,
1960 2375 336 54 cultivation
2342 2375 107 54 and

432 2456 410 68 development,
881 2454 76 69 by
998 2453 257 56 Clement
1295 2453 158 69 Gray
1493 2454 258 66 Bowers;
1792 2453 142 53 with
1973 2453 382 54 illustrations
2394 2456 55 51 in

433 2533 153 54 color
618 2532 75 70 by
728 2533 229 53 Franck
988 2533 215 68 Taylor
1238 2533 232 52 Bowers
1505 2531 111 52 and
1652 2550 110 50 pen
1794 2532 291 68 drawings
2119 2532 74 69 by
2227 2532 94 52 the
431 2550 1996 114 author.
655 2611 136 53 New
831 2611 179 68 York,
1047 2612 122 52 The
1206 2608 335 57 Macmillan
1579 2626 297 53 company,
1916 2613 150 49 1936.

504 2683 84 40 xiv
620 2694 57 38 p.,
711 2684 23 39 1
790 2716 22 15 l.,
847 2682 87 42 549
966 2695 43 38 p.
1070 2685 86 39 col.
1190 2684 164 48 front.,
1389 2683 144 47 illus.,
1566 2684 158 48 plates
1751 2683 138 48 (part
1922 2683 113 47 col.)
2105 2684 57 39 26
2164 2686 42 21 cm
2213 2716 7 8 .

507 2741 140 48 Maps
684 2751 60 30 on
778 2740 368 50 lining-papers.

507 2801 377 50 Bibliography:
914 2813 43 38 p.
982 2801 217 42 503-511.

433 2867 53 54 ©
521 2873 111 40 Jan.
664 2872 69 48 21,
771 2872 142 48 1936;
951 2873 67 41 2c.
1055 2874 95 39 and
1187 2872 84 40 aff.
1308 2873 111 40 Jan.
1454 2870 83 48 22;
1575 2872 42 38 A
1651 2869 172 48 91392;
1863 2871 284 40 Macmillan
2185 2881 65 30 co.

514 2930 252 48 (36-2068)

435 3033 221 67 Bruno,
686 3035 201 53 Frank
915 3035 176 65 John,
1125 3038 171 52 1874-

506 3107 1949 73 The theory of social work, by Frank J. Bruno … Boston,
436 3187 138 54 New
611 3189 161 52 York
809 3196 120 62 [etc.]
990 3190 68 53 D.
1096 3189 63 55 C.
1192 3189 194 54 Heath
1420 3189 109 52 and
1565 3204 278 51 company
1882 3220 12 34 [
1899 3192 17 21 c
1924 3188 132 49 1936]

507 3261 65 46 xi,
607 3260 86 41 646
724 3272 42 38 p.
828 3261 56 39 22½
917 3264 44 21 cm
967 3293 8 7 .
1047 3261 98 47 (On
1179 3273 164 32 cover:
1377 3261 156 40 Social
1571 3259 233 41 relations
1839 3260 176 43 series)

786 3315 1665 49 CONTENTS. — Introduction. — The biological elements.— Psychological
435 3377 194 46 aspects
671 3376 52 39 of
762 3375 247 41 behavior.
1027 3400 58 5 —
1107 3376 157 42 Social
1309 3376 96 40 and
1446 3375 243 40 economic
1731 3373 724 47 environment.—Descriptive

435 3431 341 50 bibliography
817 3433 66 49 (p.
914 3433 231 48 593-623)

436 3502 53 53 ©
523 3507 108 39 Jan.
664 3506 40 46 2,
738 3506 114 41 1936;
915 3508 67 39 2c.
1016 3509 96 38 and
1147 3507 82 40 aff.
1263 3507 110 40 Jan.
1408 3506 80 45 13;
1526 3505 40 39 A
1598 3504 172 46 91151;
1809 3504 51 41 F.
1895 3505 43 39 J.
1975 3505 182 46 Bruno,
2191 3504 67 40 St.
2295 3500 160 41 Louis.

518 3563 252 48 (36-2060)

438 3667 205 66 Brust,
672 3669 242 55 Harold.

512 3744 68 53 “I
613 3745 257 65 guarded
900 3746 235 67 kings”;
1172 3746 96 53 the
1300 3742 264 56 memoirs
1596 3743 63 53 of
1690 3765 33 33 a
1753 3742 259 68 political
2044 3742 182 69 police
2256 3741 199 63 officer,

441 3819 2010 153 by ex-Detective Inspector Harold Brust … with an introduction by Sir Ian Macpherson. New York, Hillman-Curl, inc.
487 3985 135 49 [c1936]
