2519 4377
1304 4097 136 53 1952

446 443 1510 52 2 p. l., 3-290 p., 11. incl. front., illus. fold. map. 36 cm .
450 501 147 41 “This
627 502 195 41 volume
848 502 43 40 is
922 513 91 30 one
1040 502 54 42 of
1122 513 28 31 a
1182 502 110 43 first
1320 503 188 42 edition
1536 504 53 41 of
1616 514 91 32 one
1735 505 249 41 thousand
2017 504 203 49 copies.”
2280 506 120 41 This

376 568 119 40 copy
522 561 88 40 not
634 559 281 42 numbered.

450 616 354 49 Bibliography:
862 627 45 38 p.
932 616 102 43 290.

380 687 53 53 ©
463 692 114 40 Dec.
609 691 69 48 14,
711 690 142 49 1936;
886 690 69 43 2c.
986 693 113 39 Dec.
1130 691 83 49 28;
1246 692 84 40 aff.
1364 694 112 39 Dec.
1508 692 83 48 29;
1625 693 42 40 A
1698 692 201 50 102098;
1935 694 130 40 Buhl
2093 694 308 49 foundation,

451 748 305 48 Pittsburgh.
827 747 223 50 (37-390)

378 852 281 66 Tiltman,
687 854 239 54 Hubert
953 854 251 64 Hessell,
1238 857 171 54 1897-

448 932 1951 71 The Far East comes nearer, by H. Hessell Tiltman … 2d
379 1011 356 70 impression.
809 1012 263 70 London,
1108 1013 287 66 Jarrolds,
1433 1014 243 68 limited,
1717 1018 150 50 1936.

449 1086 66 50 ix,
545 1086 176 41 11-318
750 1097 44 38 p.
854 1087 164 48 front.,
1051 1088 172 49 plates,
1254 1090 150 46 ports.
1465 1088 59 40 22½
1555 1091 45 20 cm
1604 1120 7 8 .

448 1145 141 48 Maps
618 1154 62 30 on
708 1143 364 51 lining-papers.

379 1211 2024 54 © 1c. Dec. 23, 1936; A ad int. 22245; pubd. Oct. 29; H. H. Tiltman,
451 1273 215 42 London.
742 1272 223 49 (37-959)

377 1378 197 64 Vasel,
607 1378 214 66 Georg.

450 1458 302 52 Flammen
789 1458 60 52 in
889 1458 101 52 der
1028 1461 205 63 wüste;
1276 1456 302 55 erlebnisse
1620 1457 150 54 eines
1808 1458 309 53 deutschen

2156 1456 219 69 flugpio
377 1537 153 52 niers
571 1536 59 52 in
675 1536 355 63 Innerasien,
1070 1553 111 36 von
1225 1536 193 67 Georg
1460 1537 188 53 Vasel.
1728 1536 116 53 Mit
1886 1536 103 53 auf
1993 1537 245 52 nahmen
2282 1537 118 53 und

378 1616 154 54 einer
558 1616 181 54 karte.
805 1615 219 66 Berlin,
1052 1616 272 66 Ullstein,
1354 1618 150 52 1936.

451 1689 21 39 1
507 1700 48 30 v.

379 1756 1723 54 © June 4, 1936; 1c. Sept. 14; A- Foreign 33024; Ullstein a.-g.
377 1867 278 63 Wagner,
682 1866 254 56 Norton.

450 1940 322 71 Unveiling
808 1942 99 54 the
940 1941 263 55 universe:
1272 1942 187 55 where
1496 1962 82 35 we
1614 1961 99 34 are
1747 1942 115 53 and
1900 1942 156 53 what
2090 1962 82 34 we
2210 1961 94 37 are
2342 1961 60 36 as

379 2021 124 54 told
532 2021 77 69 by
639 2021 97 53 the
764 2020 280 69 telescope
1077 2022 114 53 and
1223 2025 420 64 spectroscope;
1679 2041 34 33 a
1742 2021 269 69 popular,
2041 2021 362 69 intelligible,

380 2101 114 54 and
521 2100 246 70 graphic
795 2099 352 70 description
1176 2100 65 54 of
1267 2100 96 54 the
1389 2119 124 49 sun,
1539 2119 188 49 moon,
1755 2100 182 66 earth,
1964 2100 246 69 planets,
2238 2106 165 61 stars,

377 2184 227 63 comets,
659 2178 342 68 meteorites,
1058 2180 253 68 eclipses,
1368 2179 196 55 zodiac
1618 2181 177 67 signs,
1850 2183 119 50 star
2022 2180 210 68 charts,
2289 2180 114 54 and

378 2260 246 55 theories
661 2259 66 55 of
759 2260 164 53 earth
958 2259 219 70 origin;
1214 2279 32 34 a
1281 2259 218 55 concise
1534 2278 293 50 summary
1859 2259 65 54 of
1957 2259 317 68 historical,
376 2261 2002 147 descriptive,
706 2340 115 53 and
856 2339 424 54 observational
1318 2344 348 64 astronomy,
1700 2358 60 35 so
1793 2339 331 54 illustrated
2159 2339 113 53 and
378 2340 1999 133 described
641 2419 132 53 that
811 2424 305 63 amateurs,
1155 2419 192 53 school
1389 2418 278 69 students,
1709 2419 114 53 and
1861 2419 98 68 lay
2001 2420 227 53 readers
2269 2439 134 49 may

378 2498 225 69 readily
638 2497 229 69 acquire
905 2516 34 34 a
974 2497 205 68 visual,
1214 2496 467 69 comprehensive
1715 2497 339 69 knowledge
2092 2499 65 53 of
2192 2498 210 55 earth’s

377 2577 345 69 companion
753 2577 226 68 planets
1010 2576 114 53 and
1154 2576 64 53 the
1283 2575 163 54 other
1476 2575 252 55 celestial
1755 2575 195 56 bodies
1981 2577 132 53 that
2141 2577 165 53 dwell
2340 2576 60 53 in

378 2673 105 37 our
527 2655 394 67 surrounding
965 2654 290 57 universe;
1306 2653 293 70 designed,
1642 2653 249 69 written,
1938 2655 302 69 compiled,
2287 2657 114 53 and

379 2735 288 69 arranged
708 2734 76 69 by
827 2733 224 54 Norton
1093 2734 271 68 Wagner.
1444 2732 303 69 Scranton,
1789 2734 122 68 Pa.,
1954 2735 122 52 The
2118 2735 281 53 Research

377 2813 343 70 publishers,
752 2819 19 22 c
776 2815 152 51 1936.

448 2888 86 42 135
559 2899 43 39 p.
660 2887 129 42 illus.
820 2887 139 50 (part
983 2886 115 50 col.)
1134 2886 154 50 diagr.
1343 2886 59 42 26
1404 2888 44 23 cm
1453 2918 9 9 .

449 2946 154 41 Front
625 2956 143 30 cover
793 2946 95 40 and
913 2945 124 41 back
1060 2944 328 49 lining-paper
1411 2943 229 42 included
1664 2944 49 39 in
1735 2944 205 49 paging;
1967 2945 108 40 text
2097 2956 118 29 runs
376 2948 2004 96 parallel
468 3003 121 40 with
617 3003 125 40 back
767 3002 52 41 of
847 3012 146 30 cover
1017 3003 172 46 except
1215 3012 60 29 on
1304 3011 148 38 pages
1497 3000 196 50 [60]-[61]
1724 3003 97 39 and
1848 3000 220 43 136-131.

378 3072 53 53 ©
454 3076 119 39 Nov.
596 3075 41 48 9,
661 3074 116 41 1936;
830 3073 68 41 2c.
922 3075 120 39 Nov.
1068 3072 56 41 10;
1178 3073 82 41 aff.
1286 3074 118 40 Nov.
1431 3073 54 39 11;
1540 3074 41 39 A
1605 3072 145 41 99801;
1805 3074 57 40 N.
1886 3075 228 49 Wagner,
2145 3076 252 49 Scranton,

452 3134 81 38 Pa.
602 3131 224 49 (37-374)

375 3237 274 66 Wallace,
686 3238 220 64 Edgar,
942 3238 328 54 1875-1932.

450 3316 322 67 Sanctuary
803 3317 208 64 island,
1042 3316 154 52 from
1227 3316 94 52 the
1353 3316 120 52 film
1503 3314 253 54 scenario
1787 3316 75 67 by
1894 3315 201 69 Edgar
2123 3317 273 64 Wallace,

375 3395 123 53 told
529 3395 75 66 by
637 3396 213 52 Robert
887 3394 211 55 Curtis.
1175 3393 260 68 London,
1466 3393 368 54 Hutchinson
1868 3398 44 50 &
1944 3413 99 49 co.,
2077 3395 102 52 ltd.
2238 3399 136 49 [1936]

447 3468 86 40 288
560 3479 44 37 p.
664 3467 56 41 19
721 3471 45 20 cm
772 3500 7 9 .

378 3522 2016 54 © 1c. Aug. 1, 1936; A ad int. 21720; pubd. July 5; Edgar Wallace, ltd.,
448 3583 215 41 London.

376 3688 458 64 Weatherhead,
861 3687 193 54 Leslie
1081 3687 213 65 Dixon,
1324 3693 172 50 1893-

447 3764 1887 69 It happened in Palestine, by Leslie D. Weatherhead …
375 3844 260 65 London,
666 3843 244 55 Hodder
939 3844 113 53 and
1082 3843 346 70 Stoughton,
1459 3845 152 53 1936.

446 3918 137 45 xviii,
611 3918 91 41 289
728 3930 43 37 p.
829 3918 166 48 front.,
1026 3920 172 47 plates.
1255 3918 58 40 20
1316 3920 43 21 cm
1366 3950 8 8 .

378 3971 2014 53 © 1c. Dec. 14, 1936; A ad int. 22255; pubd. Dec. 1; L. D. Weatherhead,
449 4032 213 40 London.
724 4032 223 49 (37-940)
