2519 4377
1345 4153 100 50 996

479 523 157 39 These
665 522 278 48 pamphlets
975 532 85 29 are
1086 523 50 38 to
1165 521 61 40 be
1254 521 141 41 fitted
1426 521 102 41 into
1559 522 84 39 the
1672 522 200 48 pockets
1904 523 50 39 at
1989 522 85 40 the
2101 522 123 40 back
2257 524 51 39 ot
2339 523 84 42 the

408 578 217 40 volumes
653 576 54 42 of
733 577 83 42 the
842 580 75 38 set
944 580 49 38 to
1021 576 160 41 which
1210 578 114 47 they
1352 576 185 50 belong.

409 632 53 53 ©
493 637 113 40 Dec.
638 635 71 48 30,
741 634 114 42 1935;
916 635 67 40 2c.
1016 634 119 41 each
1168 634 111 42 Jan.
1314 636 69 48 13,
1415 635 141 48 1930;
1593 635 109 41 affs.
1733 636 113 40 Jan.
1880 637 82 46 17;
1998 637 41 38 A
2070 634 323 42 91285-91296;

479 692 376 40 Bobbs-Merrill
877 702 68 31 co.

406 796 287 64 Johnson,
721 794 247 56 Harriet
994 795 244 65 Merrill,
1270 797 328 55 1867-1934.

484 873 208 55 School
718 872 199 69 begins
944 878 59 47 at
1029 879 113 48 two;
1201 891 30 34 a
1257 872 149 53 book
1432 872 95 52 for
1554 873 255 54 teachers
1837 872 113 53 and
1979 878 232 63 parents;
2270 872 152 55 from

412 951 96 55 the
548 951 386 69 manuscripts
973 950 63 55 of
1079 949 242 57 Harriet
1360 951 79 53 M.
1483 950 290 68 Johnson;
1816 950 191 54 edited
2047 951 75 69 by
2163 950 259 55 Barbara

411 1029 178 54 Biber
623 1029 97 53 for
753 1030 98 54 the
884 1029 232 54 Bureau
1151 1029 64 54 of
1251 1028 360 54 educational
1648 1030 400 68 experiments,
2086 1031 138 51 New
2261 1030 163 53 York

412 1107 132 69 city.
621 1108 139 53 New
792 1108 180 68 York,
1002 1107 138 54 New
1171 1107 275 69 republic,
1476 1107 127 69 inc.,
1633 1110 151 53 1936.

480 1179 100 48 xxi,
611 1179 88 40 224
729 1191 43 37 p.
834 1180 128 40 illus.
1023 1179 118 42 19cm.
1211 1179 100 49 (On
1340 1191 165 32 cover:
1536 1181 102 40 The
1667 1181 118 40 New
1820 1181 216 47 republic
2069 1181 176 47 series)

482 1235 393 42 “Publications”
927 1236 52 41 [of
1010 1236 195 50 author]:
1267 1247 44 38 p.
1342 1237 115 40 x-xi;
1521 1245 195 33 sources:
1780 1247 42 39 p.
1856 1236 219 43 223-224.

410 1292 53 53 ©
493 1297 129 39 June
651 1297 41 46 3,
723 1295 118 43 1936;
899 1296 68 42 2c.
1000 1297 127 40 June
1158 1296 53 49 6;
1243 1296 83 40 aff.
1363 1297 127 39 June
1523 1296 80 48 16;
1637 1297 46 43 A
1709 1295 146 42 95767;
1918 1298 119 38 New
2068 1297 231 48 republic,
2332 1297 91 42 inc.

489 1354 283 50 (36-17037)

406 1456 217 67 Roller,
652 1456 268 67 Ludwig,
951 1463 172 50 1891-

478 1534 497 69 Mikroskopische
1014 1535 305 53 methoden
1359 1533 59 54 in
1461 1536 99 52 der
1599 1534 421 55 mikrochemie.
2097 1536 169 54 Wien
2304 1537 118 52 und

407 1614 259 68 Leipzig,
693 1616 67 53 E.
787 1613 181 56 Haim
994 1618 46 51 &
1065 1634 98 47 co.,
1190 1618 151 51 1936.

478 1686 1947 50 vi, 134 p. incl. illus., tables, diagrs. XII pl. 24½cm. (Monographien aus
405 1745 107 39 dem
546 1744 379 48 gesamtgebiete
960 1744 85 39 der
1080 1744 358 39 mikrochemie.
1517 1745 83 48 [4.])

409 1797 2014 54 © Oct. 5, 1935; 1c. Apr. 30, 1936; A -Foreign 31643; Emil Haim & co.
406 1921 411 66 Kowarschik,
844 1921 189 64 Josef,
1064 1922 172 54 1876-

477 1998 649 68 Kurzwellentherapie.
1200 1997 187 68 Wien,
1422 1999 56 54 J.
1518 1997 298 68 Springer,
1855 2000 152 52 1936.

477 2071 101 49 viii,
611 2072 90 40 140
727 2082 45 38 p.
833 2071 144 49 illus.,
1011 2070 179 49 diagrs.
1250 2070 117 41 23cm.

409 2125 1750 54 © Jan. 6, 1936; 1c. Apr. 30; A -Foreign 31633; Julius Springer.
413 2233 342 69 [Lamburn,
780 2231 273 55 Richmal
1078 2231 343 68 Crompton]
1455 2236 172 52 1890-

479 2308 288 71 Caroline,
797 2308 77 71 by
906 2308 267 54 Richmal
1207 2307 319 70 Crompton
1588 2309 175 69 [pseud
1766 2350 11 12 .]
1868 2308 261 70 London,
406 2308 1990 134 Macmillan
530 2389 115 54 and
676 2406 101 51 co.,
802 2386 244 69 limited,
1079 2389 152 52 1936.

479 2460 573 53 2 p. l., 322 p. 19 ½ cm.
409 2516 2013 54 © 1c. July 22, 1936; A ad int. 21664; pubd. May 26; R. C. Lamburn,
476 2577 230 47 Bromley
733 2577 243 50 Common,
1004 2576 144 49 Kent,
1177 2575 237 48 England.
1482 2575 282 49 (36-17010)

405 2666 242 66 Leland,
676 2667 224 54 Roscoe
929 2667 268 64 Genung,
1229 2671 172 50 1885-

480 2744 395 54 Distribution
915 2742 64 53 of
1021 2742 328 70 physicians
1392 2744 58 53 in
1496 2744 96 53 the
1632 2742 218 55 United
1893 2742 206 55 States.
2177 2744 243 53 Revised

409 2820 2010 72 May, 1936. [By] R. G. Leland … Chicago [Bureau of medical
408 2902 331 67 economics,
769 2901 309 53 American
1109 2901 242 53 medical
1382 2898 358 70 association,
1771 2904 153 65 1936]

481 2973 1670 51 2 p. l., 83 p., 2 l. illus. (map) tables (1 fold.) diagrs. 25 ½ cm.
484 3033 129 39 “The
651 3035 197 45 present
888 3033 146 47 study
1071 3032 42 41 is
1150 3033 148 41 based
1335 3043 59 30 on
1431 3033 83 39 the
1552 3032 256 41 American
1846 3032 207 42 medical
2090 3033 244 50 directory
2369 3036 52 39 of

410 3088 409 42 1931.”—Introd.

406 3142 53 53 ©
483 3145 127 41 June
632 3146 70 48 26,
729 3146 113 40 1936;
897 3146 66 39 2c.
989 3145 117 47 July
1131 3146 54 40 17;
1240 3144 81 40 aff.
1348 3146 119 46 Aug.
1496 3145 53 39 12;
1605 3146 39 39 A
1670 3146 144 40 96525;
1870 3147 159 42 Amer.
2057 3147 203 40 medical
2289 3158 128 32 assn.

486 3203 283 48 (36-16711)

407 3293 251 64 Lenzen,
685 3293 167 52 Hans
878 3292 243 55 Lorenz.

540 3367 1660 71 … Die heimliche führte. Stuttgart, Franckh [1935]
478 3445 98 47 144,
607 3444 56 49 [1]
692 3455 57 37 p.,
779 3443 25 40 1
852 3474 7 8 l.
915 3442 117 42 20cm.

407 3496 2012 110 © Oct. 12, 1935; 1c. Dec. 18; A-Foreign 31917; Franekh’sche verlags-handlung, W. Keller & co. (36-17085)
406 3648 254 64 Leonov,
686 3648 222 54 Leonīd
933 3648 451 65 Maksīmovīch,
1415 3653 170 50 1899-

483 3722 412 71 Skutarevsky,
938 3723 78 70 by
1058 3723 221 54 Leonid
1324 3722 247 56 Leonov.
1653 3723 260 69 London,
1960 3724 64 54 L.
2072 3722 252 57 Dickson
2371 3728 47 51 &

407 3800 498 70 Thompson ltd. [1936]
476 3872 101 50 430,
612 3874 56 52 [1]
698 3883 58 40 p.,
787 3876 26 37 1
864 3905 9 9 l.
933 3873 57 43 20½cm.

478 3928 323 44 “Translated
831 3929 129 43 from
991 3932 83 40 the
1107 3930 217 42 Russian
1354 3930 61 49 by
1446 3931 115 41 Alec
1595 3931 220 41 Brown.”

405 3984 2010 53 © 1c. July 15, 1936; A ad int. 21649; pubd. May 18; Harcourt, Brace &
476 4055 80 37 co.,
587 4046 106 48 inc.,
724 4046 117 39 New
869 4046 145 41 York.
1083 4045 281 49 (36-17121)
