2519 4377
1306 4116 100 50 858

348 425 327 55 Middlesex
704 427 232 53 mutual
965 443 322 38 assurance
1318 443 307 50 company,
1655 428 398 68 Middletown,
2081 431 180 54 Conn.

422 504 358 66 Centennial,
826 507 327 52 1836-1936.
1232 506 57 53 A
1329 505 152 53 brief
1527 511 238 48 account
1804 506 65 54 of
1910 506 99 55 the
2049 525 155 37 more
348 506 1986 131 significant

619 587 193 49 events
844 582 60 52 in
937 583 96 53 the
1065 583 222 67 history
1321 583 63 53 of
1417 584 96 53 the
1546 589 210 62 county
1790 584 64 54 of
1887 582 323 57 Middlesex
2245 586 113 54 and

349 660 64 54 of
452 661 97 53 the
588 661 227 66 growth
855 660 63 54 of
959 660 95 53 the
1095 661 323 54 Middlesex
1457 663 224 51 mutual
1723 679 298 37 assurance
2061 682 297 50 company.

348 738 400 67 Middletown,
775 739 197 66 Conn.,
1000 742 150 51 1936.

422 809 1744 52 6 p. l., 72 p. illus., plates, 2 port. (incl. front.) facsims. 23 cm .
423 868 261 43 Foreword
715 868 197 49 signed:
943 869 58 40 N.
1029 870 53 40 E.
1112 869 168 48 Davis,
1311 869 263 48 president.

349 921 53 55 ©
434 926 130 42 June
591 925 40 50 2,
665 925 141 50 1936;
840 926 68 42 2c.
942 927 129 41 June
1101 927 53 48 5;
1191 926 82 43 aff.
1307 928 128 41 June
1466 927 82 48 15;
1585 929 40 39 A
1657 927 171 49 95710;
1866 927 272 43 Middlesex
2171 930 189 40 mutual

419 994 268 31 assurance
709 995 67 30 co.
838 984 282 50 (36-14313)

347 1087 219 65 Moore,
598 1087 181 64 Clyde
808 1088 86 62 B.,
926 1093 173 49 1886-

423 1162 1931 71 Our American citizenship, by Clyde B. Moore … New
352 1241 179 69 York,
565 1239 255 71 Ghicago
859 1247 139 62 [etc.]
1038 1242 61 55 C.
1136 1241 315 55 Scribner’s
1482 1261 130 35 sons
1650 1277 13 34 [
1669 1249 16 21 c
1691 1244 133 52 1936]

420 1324 77 36 xv,
526 1312 87 41 495
640 1325 44 37 p.
714 1312 110 41 incl.
853 1314 163 48 front.,
1047 1314 143 48 illus.,
1221 1315 181 48 diagrs.
1465 1314 58 41 20
1524 1317 44 21 cm
1573 1349 10 8 .

420 1369 295 42 References
743 1373 52 37 at
823 1372 91 39 end
943 1371 52 39 of
1024 1372 118 40 each
1171 1372 216 47 chapter.

350 1425 53 54 ©
430 1431 116 47 May
571 1429 70 49 25,
670 1429 142 49 1936;
842 1429 67 42 2c.
940 1431 129 40 June
1093 1430 83 48 20;
1207 1431 82 40 aff.
1320 1431 127 40 June
1476 1432 81 46 18;
1589 1432 40 39 A
1658 1432 170 48 96208;
1862 1432 203 41 Charles
2097 1431 266 42 Scribner’s

417 1497 127 31 sons.
606 1487 284 49 (36-14281)

349 1590 282 54 National
658 1590 225 55 council
906 1591 63 53 of
995 1591 274 55 teachers
1295 1591 64 54 of
1383 1591 441 57 mathematics.

482 1669 1878 69 … The eleventh yearbook. The place of mathematics in
348 1748 236 52 modern
627 1748 319 53 education.
1022 1749 138 51 New
1204 1748 163 53 York
1409 1748 134 68 city,
1587 1751 229 51 Bureau
1856 1748 65 54 of
1960 1748 402 69 publications,

349 1826 279 53 Teachers
659 1826 228 67 college,
919 1826 301 54 Columbia
1250 1826 335 68 university,
1618 1830 148 51 1936.

421 1898 1056 50 vi p., 2 l., 258 p. illus., diagrs. 23½ cm .
351 1951 2012 54 © July 2, 1936; 2c. July 13; aff. July 11; A 96408; Natl. council of
419 2014 223 39 teachers
676 2013 51 40 of
757 2014 357 47 mathematics,
1147 2013 118 40 New
1295 2013 146 40 York.

350 2116 283 53 National
668 2116 208 63 league
911 2117 63 51 of
1010 2115 254 65 nursing
1298 2116 330 53 education.
1705 2117 368 53 Curriculum
422 2116 1915 132 committee.

420 2275 56 51 A
504 2274 221 66 library
754 2273 305 53 handbook
1091 2273 94 52 for
1212 2273 221 53 schools
1464 2274 62 52 of
1557 2272 258 69 nursing,
1847 2273 282 68 prepared
2160 2274 76 67 by
2267 2274 96 53 the

350 2351 427 54 subcommittee
807 2370 72 34 on
908 2352 96 52 the
1034 2353 241 65 nursing
1303 2351 191 53 school
1525 2352 220 67 library
1774 2351 62 54 of
1867 2352 96 53 the
1997 2351 365 58 Curriculum

350 2429 338 57 committee,
722 2430 270 52 National
1028 2430 198 67 league
1259 2429 62 53 of
1353 2429 242 68 nursing
1627 2430 301 52 education
1959 2431 61 52 in
351 2430 1986 130 collaboration

514 2508 139 53 with
695 2509 96 52 the
834 2508 270 53 Bellevue
1144 2508 190 54 school
1378 2507 63 54 of
1482 2507 259 68 nursing,
1781 2508 272 53 Bellevue
2092 2507 271 69 hospital,

351 2589 139 51 New
516 2586 164 55 York
703 2588 131 65 city.
912 2587 138 53 New
1079 2586 178 66 York,
1283 2586 274 54 National
1582 2586 198 68 league
1808 2586 61 53 of
1896 2587 242 67 nursing
351 2587 1986 132 education
688 2699 11 32 [c1936]

422 2738 87 41 264
537 2749 42 38 p.
638 2737 56 42 23½c
745 2740 27 21 m
778 2771 8 9 .

425 2795 215 48 “Report
668 2795 52 40 of
746 2795 135 40 work
912 2795 51 39 of
993 2795 81 39 the
1104 2793 368 41 subcommittee
1502 2805 59 29 on
1592 2795 85 39 the
1705 2793 206 48 nursing
1939 2794 163 39 school
2133 2793 230 50 library”,

349 2852 168 49 signed:
581 2852 196 40 Marian
812 2852 234 40 Rottman
1082 2850 233 49 Fleming,
1350 2850 267 41 chairman.

704 2932 60 5 CONTENTS.—
767 2910 48 47 Pt.
883 2938 10 9 I.
920 2908 412 41 Administration
1359 2908 52 39 of
1434 2919 27 28 a
1488 2907 205 49 nursing
1719 2908 164 40 school
1910 2908 200 48 library.
2162 2908 41 39 A
2228 2908 140 40 short

354 2966 204 49 reading
593 2966 100 41 list.
759 2967 41 38 A
837 2967 85 39 list
961 2966 51 40 of
1050 2965 112 48 fifty
1201 2964 305 49 periodicals,
1546 2964 237 48 compiled
1821 2964 64 48 by
1922 2964 144 40 Ethel
2107 2964 256 48 Wigmore.

353 3023 131 41 Lists
507 3023 51 40 of
580 3033 196 31 sources
801 3022 51 41 of
873 3022 108 40 free
1002 3023 95 39 and
1122 3021 312 48 inexpensive
1456 3020 243 47 material,
1722 3020 237 48 compiled
1984 3021 62 48 by
2071 3020 143 41 Ethel
354 3018 1994 103 Wigmore.

571 3081 142 40 Some
748 3080 187 47 library
975 3079 175 48 supply
1188 3078 324 49 houses.—pt.
1595 3108 10 10 II.
1646 3077 108 41 List
1793 3077 51 40 of
1884 3076 190 49 subject
2114 3075 249 47 headings,

354 3139 230 41 Bellevue
613 3137 163 40 school
807 3136 53 40 of
886 3135 206 48 nursing
1119 3135 333 48 library.—pt.
1548 3164 13 10 III.
1590 3131 362 44 Glassification
1981 3133 198 46 outline,
353 3132 1995 102 Bellevue

472 3195 168 43 school
667 3194 51 39 of
748 3193 206 48 nursing
982 3192 201 47 library.

353 3245 2011 56 © June 15, 1936; 2c. and aff. June 24; A 96141; Natl. league of nursing
426 3307 272 41 education.
768 3305 282 48 (36-13712)

352 3405 296 64 Natonek,
677 3405 185 63 Hans,
893 3409 171 50 1892-

487 3477 1873 72 … Der Schlemihl, ein roman vom leben des Adelbert von
356 3562 313 55 Chamisso.
745 3561 386 66 Amsterdam,
1164 3561 68 51 A.
1270 3561 67 53 de
1369 3561 213 67 Lange,
1617 3562 149 50 1936.

427 3636 87 41 402
541 3646 58 38 p.,
629 3636 25 39 l
684 3635 31 40 l.
775 3633 56 42 19
833 3636 45 22 cm
883 3667 8 9 .

357 3688 2009 54 © Nov. 1, 1935; 1c. Apr. 28, 1936; A-Foreign 31507; Allert de Lange
427 3751 180 47 verlag.
675 3747 282 51 (36-14396)

355 3838 145 52 New
539 3838 212 65 Jersey
791 3839 185 66 digest
1017 3838 326 65 annotated,
1382 3837 267 66 covering
1688 3836 77 53 all
1807 3853 150 36 cases
1998 3833 263 69 reported
2304 3833 58 52 in

428 3918 136 51 New
617 3919 202 65 Jersey
874 3922 220 61 reports
1148 3917 110 52 and
1312 3915 260 52 Atlantic
1627 3918 270 63 reporter.
1987 3914 169 64 June,
2211 3915 151 54 1936,

427 3990 1933 72 cumulative pamphlet … with table of cases digested.
