2519 4377
1316 4126 98 49 592

450 515 293 41 Illustrated
773 514 364 51 lining-papers.

449 570 306 51 “Readings”
784 574 53 39 at
864 573 92 40 end
986 573 52 42 of
1062 574 120 40 each
1209 574 123 41 unit.

375 626 53 53 ©
453 631 114 48 Apr.
594 631 70 46 15,
692 629 141 48 1936;
860 630 67 41 2c.
954 631 96 40 and
1077 631 82 41 aff.
1186 631 114 48 Apr.
1328 632 83 46 24;
1441 632 41 39 A
1508 631 138 40 94161;
1709 633 159 40 Amer.
1896 634 124 39 book
2047 644 67 30 co.

459 687 283 48 (36-10077)

375 790 245 63 Witkin,
648 792 269 55 Bernard
947 793 239 64 Ernest,
1218 799 173 49 1904-

449 866 1943 72 Summary of California law, by B. E. Witkin … a concise
377 946 114 54 and
527 946 224 55 critical
785 948 235 53 manual
1054 946 65 55 of
1154 948 95 53 the
1287 948 111 52 law
1437 946 64 55 of
1539 946 344 57 California.
1958 948 97 54 5th
2094 949 104 69 ed.,
2237 951 151 51 1936.

376 1023 117 56 San
523 1026 326 69 Francisco,
876 1027 68 53 B.
974 1026 68 54 E.
1070 1024 229 57 Witkin
1353 1029 153 65 [1936]

448 1099 557 49 3 p. l., 1023 p. 27 cm .
444 1157 177 42 “Table
648 1159 53 39 of
726 1157 193 41 cases”:
948 1168 43 38 p.
1017 1157 219 42 949-996.

376 1214 53 53 ©
458 1219 115 47 May
604 1220 39 45 5,
677 1218 114 41 1936;
853 1217 66 40 2c.
954 1219 115 47 May
1102 1218 83 47 14;
1220 1217 82 41 aff.
1337 1217 117 49 May
1483 1218 81 46 13;
1600 1218 41 39 A
1671 1217 173 48 95159;
1881 1219 54 39 B.
1968 1219 54 39 E.
2056 1217 202 48 Witkin,
2295 1218 96 40 San

442 1276 276 40 Francisco.
777 1274 252 49 (36-9959)

373 1378 210 66 Wolfe,
613 1379 317 64 Humbert,
964 1384 172 50 1885-

444 1456 67 54 P.
542 1457 64 53 L.
633 1456 111 69 M.;
777 1457 249 68 peoples,
1054 1455 298 70 landfalls,
1381 1456 345 68 mountains,
1751 1455 77 69 by
1857 1455 292 55 Humbert
2176 1454 211 56 Wolfe.

374 1535 261 69 London,
667 1536 255 53 Toronto
959 1568 14 35 [
977 1540 120 63 etc.]
1136 1533 215 57 Cassell
1384 1537 46 51 &
1461 1552 300 51 company,
1793 1535 103 53 ltd.
1938 1537 174 66 [1936]

445 1608 724 51 3 p. l., 9-253, [1] p. 19½ cm .
372 1663 2015 53 © 1c. Apr. 11, 1936; A ad int. 21288; pubd. Feb. 13; H. Wolfe, London.
450 1725 253 48 (36-9701)

371 1828 199 65 Wood,
599 1829 239 54 Samuel
864 1828 278 65 Andrew,
1172 1834 172 50 1890-

444 1905 164 70 King
655 1905 322 70 vagabond,
1025 1905 78 69 by
1151 1904 253 54 Andrew
1452 1905 202 54 Wood.
1739 1904 262 67 London,
2050 1903 242 54 Hodder
2340 1907 46 51 &

373 1984 348 70 Stoughton,
750 1984 223 54 limited
1029 1986 155 65 [1936]

440 2059 85 41 311
579 2059 56 50 [1]
670 2069 44 38 p.
775 2058 58 41 19
835 2060 44 22 cm

369 2113 2015 53 © 1c. Apr. 25, 1936; A ad int. 21348; pubd. Feb. 27; S. A. Wood, Welwyn
439 2174 195 40 Garden
663 2173 124 49 City,
816 2175 164 45 Herts,
1011 2174 237 47 England.
1315 2172 282 48 (36-10122)

369 2265 121 54 The
518 2265 200 53 World
746 2264 147 54 book
919 2264 418 68 encyclopedia.
1402 2263 236 53 Annual
1668 2263 92 53 for
1790 2267 149 50 1935.
2004 2265 56 52 A
2086 2262 205 55 review
2321 2263 62 52 of

437 2341 1919 148 the events of the year. Editor, S. Edgar Farquhar. Chicago, W. F. Quarrie & company [ c 1936]
438 2496 87 40 160
553 2506 43 38 p.
655 2496 131 40 illus.
816 2495 132 48 (incl.
981 2498 164 45 ports.,
1177 2497 164 46 maps)
1368 2496 171 47 plates.
1600 2495 56 39 24½
1689 2497 44 21 cm
1738 2526 9 9 .

369 2549 52 53 ©
448 2555 122 39 Mar.
597 2554 71 47 20,
694 2554 114 40 1936;
866 2554 67 39 2c.
960 2554 113 47 Apr.
1101 2553 53 47 2;
1184 2553 83 40 aff.
1294 2554 114 46 Apr.
1436 2553 53 47 1;
1518 2553 40 39 A
1584 2552 171 47 92696;
1783 2553 72 41 W.
1883 2552 51 40 F.
1964 2550 208 49 Quarrie
2199 2552 36 40 &
2262 2563 68 29 co.

373 2701 215 66 [World
625 2701 342 53 committee
1002 2701 97 53 for
1131 2701 103 53 the
1269 2699 242 55 victims
1542 2701 65 53 of
1644 2700 257 55 German
1935 2699 269 68 fascism]

436 2777 122 53 The
594 2778 199 52 brown
830 2777 287 68 network;
1157 2778 96 53 the
1291 2777 284 55 activities
1611 2778 64 52 of
1710 2777 97 53 the
1844 2777 175 53 Nazis
2056 2776 62 53 in
2151 2776 229 69 foreign

366 2855 313 70 countries;
734 2856 395 56 introduction
1180 2857 76 69 by
1307 2857 263 56 William
1623 2855 240 55 Francis
1913 2856 180 68 Hare,
2147 2855 116 54 earl
2317 2854 64 54 of

364 2935 287 56 Listowel.
714 2937 343 53 Translated
1082 2936 154 54 from
1256 2937 96 54 the
1376 2936 280 68 German;
1684 2935 374 54 documented
2083 2935 113 54 and
366 2933 1988 135 illustrated.
638 3015 142 51 New
811 3014 181 69 York,
1016 3014 231 70 Knight
1278 3015 402 69 publications,
1708 3014 128 69 inc.,
1867 3020 153 47 1936.

437 3088 1615 51 2 p. l., 3-309 p. illus. (incl. maps, facsims.) diagrs. 24½ cm .
437 3145 248 41 Portraits
714 3156 59 29 on
804 3145 365 49 lining-papers.

440 3203 102 47 “By
573 3203 85 40 the
686 3203 180 39 author
898 3203 53 40 of
980 3204 103 39 The
1116 3203 167 41 brown
1317 3202 124 42 book
1474 3203 52 41 of
1559 3203 82 40 the
1675 3201 166 43 Hitler
1873 3200 418 44 terror.”—Verso
2327 3202 52 42 of

367 3260 74 39 1st
470 3259 173 48 prelim.
686 3260 118 40 leaf.

430 3315 294 42 Translated
744 3316 62 48 by
828 3315 220 42 Clement
1070 3315 275 50 Greenberg
1364 3316 129 40 from
1516 3316 83 41 the
1622 3316 225 47 German,
1869 3316 258 49 published
2149 3316 50 40 in
2222 3316 157 41 Paris.

365 3372 127 47 1935,
522 3374 154 39 under
704 3372 136 41 title:
871 3373 102 41 Das
1000 3372 186 42 braune
1213 3374 124 39 netz.

365 3426 52 52 ©
445 3431 121 39 Mar.
593 3430 70 47 23,
692 3430 140 47 1936;
861 3430 67 40 2c.
956 3431 122 39 Mar.
1105 3430 82 46 24;
1215 3430 81 40 aff.
1325 3431 112 47 Apr.
1467 3431 52 45 8;
1550 3431 40 39 A
1617 3430 170 47 93600;
1819 3430 188 49 Knight
2036 3429 338 50 publications,

434 3486 91 42 inc.
584 3488 253 48 (36-8806)

362 3577 336 66 Wyoming.
773 3581 278 65 Supreme
1081 3587 175 46 court.

432 3657 1940 69 Wyoming reports; cases decided … from March 13, 1934, to
364 3736 309 52 December
709 3738 81 63 10,
826 3740 149 49 1935.
1053 3737 288 66 Reported
1377 3738 73 66 by
1483 3737 259 54 William
1778 3739 66 52 E.
1877 3738 237 53 Mullen,
2185 3757 50 34 v.
362 3737 2013 129 47-48.
524 3812 233 68 Casper,
796 3815 149 56 Wv.,
988 3813 223 55 Prairie
1257 3814 334 69 publishing
1634 3833 280 51 company
1962 3849 13 33 [
1978 3822 20 21 c
2005 3819 325 63 1935-1936]

437 3885 26 39 2
491 3898 41 27 v.
589 3885 55 40 22½
677 3888 46 21 cm
728 3918 7 8 .

363 3954 41 28 v.
426 3943 70 47 47,
521 3939 52 53 ©
599 3943 127 48 Sept.
752 3944 39 40 9.
817 3943 113 41 1935;
984 3956 42 29 v.
1050 3945 70 48 48,
1145 3941 53 53 ©
1223 3946 120 40 Mar.
1369 3946 68 47 20,
1465 3946 140 42 1936;
1633 3946 67 40 2c.
1726 3946 116 40 each
1871 3947 115 47 May
2011 3946 54 40 27;
2121 3946 107 40 affs.
2259 3948 113 47 May

434 4000 82 46 25;
544 4002 39 37 A
606 4000 160 48 95400,
790 4000 136 41 95401;
990 4003 168 40 Lester
1184 4003 49 41 C.
1260 4004 151 46 Hunt,
1438 4006 247 45 secretary
1710 4003 52 40 of
1789 4006 141 44 state,
1956 4004 82 38 for
2061 4004 82 40 the
2169 4007 127 36 state
2320 4005 54 39 of

434 4058 267 48 Wyoming,
731 4059 268 47 Cheyenne,
1028 4061 103 47 Wy.
