2519 4377
1052 4038 101 53 725

118 406 353 64 Edmonson,
497 406 204 53 James
725 406 278 63 Bartlett,
1030 410 174 52 1882-

188 481 188 55 Civics
410 483 250 67 through
697 481 311 69 problems;
1045 500 30 34 a
1112 480 270 54 textbook
1416 481 60 51 in
1512 480 172 54 social
1723 481 112 53 and
119 498 1965 114 governmental

117 558 1968 133 civics, citizenship, and occupations, by James B. Edmonson …
475 637 1634 68 Arthur Dondineau … [and] W. R. Dixon … New
118 717 175 66 York,
329 717 122 52 The
485 716 333 59 Macmillan
855 734 297 51 company,
1192 719 149 50 1936.

186 791 114 46 xvii,
328 791 71 49 [1],
424 790 99 48 624,
546 791 69 40 lxi
639 802 44 37 p.
708 791 109 41 incl.
839 791 164 48 front.,
1028 792 128 39 illus.
1185 791 131 48 (incl.
1345 794 161 46 ports.,
1533 792 161 48 maps)
1729 790 178 49 diagrs.
1962 791 58 41 20½
2050 794 44 20 cm
2099 823 8 10 .

186 848 223 39 Includes
439 846 390 49 bibliographies.

115 911 53 54 ©
193 916 128 40 June
341 916 39 48 2,
407 916 139 47 1936;
574 916 67 41 2c.
667 918 94 39 and
787 916 80 41 aff.
895 917 126 39 June
1046 917 52 42 3;
1127 917 39 39 A
1193 916 170 48 94712;
1394 916 279 40 Macmillan
1701 926 67 32 co.
1826 914 280 52 [Copyright

186 974 44 40 is
251 973 203 41 claimed
480 984 61 29 on
565 984 105 29 new
696 974 240 49 material]
1003 973 279 48 (36-11705)

115 1076 222 65 Elliott,
366 1080 138 52 Mrs.
534 1078 186 53 Grace
752 1077 291 64 (Loucks)

183 1153 237 53 Women
462 1151 154 54 after
654 1152 187 69 forty;
884 1153 98 53 the
1019 1153 268 69 meaning
1324 1152 64 53 of
1428 1154 97 51 the
1562 1154 112 52 last
1712 1152 130 53 half
1882 1153 64 53 of
1986 1152 123 68 life,

115 1230 1991 70 by Grace Loucks Elliott … New York, H. Holt and company
117 1343 13 34 [
134 1316 18 21 c
159 1313 132 50 1936
296 1342 12 35 ]

182 1396 44 35 X,
255 1384 83 41 213
368 1395 42 37 p.
467 1382 144 44 19½cm.

188 1441 187 39 “Books
405 1441 115 40 used
549 1440 48 39 in
627 1439 98 42 this
754 1439 203 50 study”:
987 1451 41 37 p.
1060 1439 214 43 199-207.

114 1492 54 53 ©
196 1497 112 48 Apr.
338 1496 70 47 23,
439 1497 140 47 1936;
612 1497 68 40 2c.
711 1498 96 39 and
837 1497 81 40 aff.
953 1498 119 48 May;
1095 1498 53 39 15;
1209 1499 39 37 A
1279 1497 170 48 95175;
1484 1498 169 48 Henry
1683 1498 118 39 Holt
1831 1499 36 40 &
1900 1507 82 38 co.,
2016 1499 90 40 inc.

193 1553 279 49 (36-11708)

115 1657 284 64 Fanning,
427 1657 267 54 Leonard
720 1658 80 55 M.

183 1733 1921 71 The rise of American oil, by Leonard M. Fanning … New
117 1812 158 53 York
301 1813 112 52 and
439 1813 257 68 London,
723 1814 233 67 Harper
980 1817 45 50 &
1049 1813 277 68 brothers,
1355 1817 148 50 1936.

185 1885 64 47 ix,
277 1885 84 40 221
389 1896 44 37 p.
491 1884 58 40 22
550 1887 44 22 cm
597 1916 10 10 .

185 1942 286 40 Illustrated
500 1941 362 50 lining-papers.

114 1994 52 53 ©
194 1999 128 39 June
346 1999 40 46 3,
416 1998 140 49 1936;
587 1999 66 40 2c.
684 2000 125 40 June
837 2000 53 47 2;
923 1999 82 42 aff.
1036 2000 128 40 June
1190 2000 53 48 5;
1277 2000 40 39 A
1347 1999 171 48 94740;
1551 2000 192 49 Harper
1775 2001 36 40 &
1841 2001 125 43 bros.

195 2055 279 49 (36-11905)

115 2158 258 66 Fellows,
398 2160 223 52 Dexter
644 2158 274 64 William,
945 2162 171 54 1871-

181 2233 139 56 This
359 2253 125 51 way
520 2240 57 49 to
613 2236 94 53 the
744 2235 98 70 big
878 2235 183 68 show;
1104 2236 94 53 the
1236 2235 104 55 life
1376 2236 66 53 of
1478 2237 215 53 Dexter
1732 2237 261 69 Fellows,
2030 2237 73 70 by

110 2312 212 54 Dexter
354 2313 88 54 W.
478 2314 243 53 Fellows
755 2314 45 50 &
834 2314 251 53 Andrew
1119 2314 71 54 A.
1227 2315 294 53 Freeman.
1592 2315 138 53 New
1769 2315 178 68 York,
1983 2316 121 53 The

114 2390 216 70 Viking
361 2410 173 49 press,
568 2395 149 50 1936.

180 2463 27 41 6
231 2475 42 37 p.
335 2496 8 17 l.,
374 2464 173 51 [3]-362
574 2475 42 37 p.
677 2465 157 47 plates
862 2466 46 47 (1
936 2464 196 48 double)
1170 2467 146 45 ports.
1378 2463 54 41 23½
1466 2467 15 21 cm
1514 2497 9 9 .

112 2520 53 53 ©
192 2526 112 45 May
329 2524 69 47 29,
426 2523 140 48 1936;
594 2523 66 40 2c.
691 2525 112 46 May
830 2524 82 46 29;
942 2523 81 40 aff.
1053 2524 125 39 June
1202 2523 53 47 2;
1284 2524 40 38 A
1351 2522 170 47 95500;
1552 2525 57 39 D.
1637 2525 71 39 W.
1738 2524 219 48 Fellows,
1988 2525 117 40 New

182 2581 207 47 Britain,
428 2580 160 48 Conn.,
627 2581 98 39 and
761 2581 209 39 Andrew
1005 2581 54 39 A.
1100 2580 248 47 Freeman,
1388 2580 117 40 New
1542 2580 144 41 York.

195 2637 279 48 (36-12081)

110 2738 209 66 Foran,
346 2737 252 56 William
626 2739 240 64 Robert,
894 2744 168 50 1882-

181 2815 55 52 A
273 2815 207 53 cuckoo
515 2815 58 52 in
614 2815 231 69 Kenya;
886 2816 96 52 the
1019 2815 423 55 reminiscences
1479 2814 64 53 of
1582 2834 31 34 a
1652 2815 230 67 pioneer
1921 2815 180 68 police

112 2892 180 54 officer
330 2892 58 54 in
428 2894 221 53 British
692 2895 141 53 East
870 2892 225 69 Africa,
1133 2894 75 68 by
1245 2895 88 54 W.
1376 2894 212 53 Robert
1628 2895 219 64 Foran;
1891 2893 136 54 with
2071 2916 30 34 a

113 2972 283 55 foreword
434 2972 75 68 by
548 2973 154 53 Lord
742 2972 358 69 Cranworth,
1193 3014 10 10 M.
1278 2993 39 46 C.;
1360 2973 322 53 illustrated
1724 2973 138 52 with
112 2974 1966 145 photographs

356 3049 75 70 by
460 3052 95 51 the
587 3052 205 52 author
823 3052 112 52 and
968 3052 205 52 others.
1247 3052 257 67 London,
1533 3051 363 53 Hutchinson
1930 3056 46 49 &
2007 3071 96 45 co.,

112 3130 99 53 ltd.
248 3132 171 64 [1936]

182 3201 87 41 360
296 3211 43 38 p.
398 3201 163 48 front.,
591 3201 171 48 plates,
792 3203 148 47 ports.
1001 3201 55 40 24
1059 3203 44 22 cm
1108 3233 9 9 .

186 3259 138 46 Maps
354 3267 60 30 on
444 3258 362 49 lining-papers.

113 3310 1989 54 © 1c. May 15, 1936; A ad int. 21423; pubd. Mar. 19; W. R. Foran,
182 3372 278 48 Burghfield
501 3372 242 47 Common,
784 3383 71 30 nr.
895 3371 232 49 Reading,
1168 3372 167 49 Berks,
1377 3372 234 48 England.

195 3427 278 50 (36-12282)

112 3532 120 51 The
260 3531 398 65 Fortnightly,
733 3551 88 35 no.
854 3535 116 63 835,
998 3552 122 33 new
1148 3533 185 67 series,
1360 3532 160 69 July,
1552 3535 149 51 1936.

114 3601 1988 53 © 1c. July 7, 1936; A ad int. 21617; pubd. July 1; Fortnightly review,
182 3662 100 46 ltd.,
310 3661 209 40 London.

115 3763 224 64 Foster,
368 3763 305 53 Elizabeth
702 3764 252 53 Andros.

112 3838 1967 148 The elements of Spanish grammar, by Elizabeth Andros Foster … New York, W. W. Norton & company, inc. [ c 1936]
