2519 4377
1338 4140 133 50 1156

398 466 147 65 Gay,
569 468 288 64 Romney.

470 544 216 54 Peter’s
721 546 342 68 adventure;
1098 547 230 54 written
1361 549 112 53 and
1509 548 326 54 illustrated
1869 550 72 68 by
1977 553 258 66 Romney
2267 552 144 67 Gay.

399 623 231 69 Racine,
659 624 161 69 Wis.,
848 625 300 55 Whitman
1178 626 338 69 publishing
1544 646 97 49 co.,
1672 635 17 22 c
1694 632 150 50 1936.

474 710 85 51 [32]
599 721 44 39 p.
705 710 129 41 illus.
863 711 138 50 (part
1036 713 114 47 col.)
1218 713 54 40 21
1277 715 44 21 cm
1326 744 10 10 .

399 778 2016 56 © Aug. 4, 1936; 2c. Aug. 21; aff. Aug. 20; A 97551; Whitman pub. co.
479 839 283 48 (36-18542)

397 945 186 64 Hark,
612 945 157 55 Ann.

469 1023 122 53 The
636 1023 332 68 seminary’s
1014 1030 193 61 secret,
1252 1025 76 67 by
1372 1026 136 52 Ann
1554 1025 197 66 Hark;
1799 1025 386 54 illustrations
2228 1028 75 67 by
2347 1029 65 53 F.

400 1102 187 55 Sands
617 1103 283 53 Brunner.
967 1102 430 69 Philadelphia,
1424 1104 261 67 London,
1714 1106 55 54 J.
1802 1107 66 51 B.
1898 1103 340 69 Lippincott
398 1124 1993 123 company
586 1214 12 33 [
604 1186 18 21 c
627 1183 135 50 1936
768 1214 12 33 ]

466 1265 85 41 309
584 1276 44 38 p.
691 1266 86 40 col.
812 1266 164 49 front.,
1010 1267 173 48 plates.
1243 1266 56 41 21
1303 1269 44 21 cm
1352 1300 9 9 .

397 1333 2018 56 © Aug. 14, 1936; 2c. and aff. Aug. 25; A 98152; A. Hark, Philadelphia.
479 1395 284 51 (36-18558)

396 1500 175 64 Hart,
599 1498 259 56 William
886 1499 233 66 LeRoy,
1150 1505 173 50 1892-

469 1577 407 55 Introduction
906 1583 59 49 to
997 1578 98 54 the
1124 1578 401 55 mathematics
1555 1578 65 54 of
1650 1578 272 69 business,
1951 1579 77 68 by
2060 1579 261 56 William
2352 1580 64 52 L.

398 1657 2018 71 Hart … Boston, New York [etc.] D. C. Heath and company
404 1769 13 34 [
422 1743 18 22 c
445 1738 135 52 1936
585 1769 13 34 ]

462 1810 86 50 vii,
573 1811 102 48 321,
699 1811 71 48 20,
795 1811 58 41 80
876 1822 42 39 p.
945 1811 110 41 incl.
1083 1811 171 49 tables,
1281 1811 179 49 diagrs.
1520 1811 58 40 20
1581 1813 44 22 cm
1630 1844 9 9 .

470 1880 70 41 “A
565 1881 397 49 mimeographed
989 1881 196 41 version
1212 1882 51 41 of
1292 1882 83 41 the
1402 1884 104 39 text
1536 1892 100 30 was
1666 1883 117 40 used
1810 1882 77 40 for
1918 1882 137 41 three
2083 1893 142 37 years
2253 1883 48 39 in
2334 1883 82 41 the

399 1938 207 42 General
631 1939 179 48 college
832 1940 51 40 of
907 1939 82 42 the
1010 1938 285 50 University
1321 1939 51 41 of
1396 1937 513 43 Minnesota.”—Pref.

470 1996 257 42 “Answers
754 1999 49 39 to
830 1996 299 42 exercises”:
1157 1996 60 41 20
1241 2007 42 39 p.
1310 1996 250 49 following
1586 2008 45 38 p.
1657 1996 100 40 321.

398 2062 53 53 ©
482 2067 119 47 Aug.
634 2068 41 48 4,
708 2066 142 49 1936;
884 2067 68 40 2c.
986 2068 121 47 Aug.
1142 2067 83 48 10;
1261 2067 82 41 aff.
1378 2068 121 46 Aug.
1534 2067 51 47 8;
1621 2067 41 39 A
1695 2065 172 48 96823;
1904 2068 56 38 D.
1997 2066 48 41 C.
2081 2065 166 40 Heath
2278 2066 39 41 &
2347 2076 67 29 co.

480 2123 283 50 (36-18525)

397 2228 339 66 Hollander,
761 2228 261 56 Herbert
1049 2229 58 56 S.

473 2305 226 69 Spoils!
790 2307 93 67 By
930 2306 255 53 Herbert
1233 2304 58 57 S.
1337 2305 343 55 Hollander.
1761 2304 406 70 Washington,
2213 2305 72 52 D.
2335 2303 82 70 C.,

400 2385 87 54 W.
516 2385 241 54 Ullman
791 2418 13 34 [
808 2391 18 22 c1
866 2387 102 51 936
973 2418 13 34 ]

471 2458 81 49 vii,
590 2459 146 41 9-127
770 2470 44 38 p.
878 2458 58 41 20
938 2461 45 21 cm
987 2490 8 10 .

473 2529 250 41 “Selected
752 2528 398 50 bibliography”:
1181 2541 44 37 p.
1256 2528 218 43 120-122.

397 2595 53 53 ©
475 2601 119 47 Aug.
623 2601 71 47 11,
721 2600 143 48 1936;
893 2601 68 40 2c.
991 2600 97 40 and
1115 2600 83 41 aff.
1226 2601 121 47 Aug.
1375 2600 83 47 11;
1488 2601 42 38 A
1557 2599 173 49 97342;
1762 2600 218 41 William
2010 2601 210 41 Ullman.

478 2657 284 49 (36-18519)

393 2762 243 54 Illinois.
712 2766 185 64 Laws,
925 2770 258 59 statutes,
1213 2770 100 47 etc.

466 2842 175 54 Jones
700 2840 229 55 Illinois
984 2847 240 47 statutes
1282 2841 327 68 annotated,
1665 2841 329 69 embracing
2052 2840 78 53 all
2185 2840 229 70 general

396 2920 142 53 law's
577 2920 64 56 of
685 2922 95 52 the
823 2927 145 47 state
1011 2921 62 52 of
1118 2920 229 54 Illinois
1390 2922 61 51 in
1494 2920 157 53 force
1695 2921 246 54 October
1987 2924 46 63 1,
2079 2923 151 64 1934,
2273 2920 140 52 with

396 3000 279 67 complete
729 2998 382 69 annotations,
1162 2999 284 68 compiled
1499 3000 112 51 and
1661 2999 190 52 edited
1901 3000 76 66 by
2029 2999 158 52 Basil
2240 3000 175 53 Jones

400 3078 112 52 and
557 3078 199 52 Frank
798 3079 72 52 D.
916 3079 214 52 Moore.
1236 3097 51 34 [v.
1330 3077 86 67 27]
1469 3077 134 55 Seat
1648 3076 64 53 of
1755 3079 659 66 government-Torrens

399 3162 104 47 act.
581 3156 272 68 Chicago,
884 3156 325 68 Callaghan
1239 3156 111 53 and
1381 3174 298 49 company,
1713 3159 150 51 1936.

467 3230 25 40 3
523 3240 44 38 p.
599 3230 43 48 l.,
678 3229 85 40 501
796 3239 43 38 p.
900 3229 56 39 24½cm.

468 3299 177 40 “Table
680 3299 52 40 of
763 3298 251 40 contents”
1051 3310 60 30 on
1145 3299 135 39 front
1315 3298 338 48 lining-paper.

398 3366 52 53 ©
484 3371 120 47 Aug.
638 3371 69 48 17,
742 3370 141 47 1936;
916 3369 69 42 2c.
1019 3371 119 46 Aug.
1171 3369 56 39 22:
1293 3370 82 40 aff.
1410 3371 119 46 Aug.
1564 3369 83 47 24;
1684 3371 42 37 A
1758 3368 171 49 98071;
1968 3366 272 50 Callaghan
2275 3369 37 40 &
2345 3378 66 30 co.

397 3491 240 64 Jordan,
664 3490 145 55 Paul
835 3491 140 56 Roe.

471 3567 359 56 Ventilation
864 3566 233 54 manual
1134 3565 95 54 for
1262 3566 154 54 sheet
1450 3567 174 52 metal
1658 3570 367 49 contractors.
2094 3566 55 52 A
2181 3565 233 55 treatise

400 3665 70 35 on
509 3647 95 54 the
641 3653 137 61 type
815 3645 65 55 of
917 3645 344 54 ventilation
1300 3645 187 53 which
1525 3645 155 54 sheet
1716 3645 174 53 metal
1930 3649 350 49 contractors
2319 3663 95 36 are

399 3725 181 53 called
620 3742 156 50 upon
819 3731 59 48 to
916 3725 140 68 plan
1095 3725 112 53 and
1247 3724 215 53 install.
1535 3724 91 68 By
1663 3724 148 52 Paul
1850 3724 68 53 R.
1956 3723 243 54 Jordan.
2274 3725 139 52 New

406 3803 174 67 York,
607 3804 71 54 N.
711 3803 88 65 Y.,
829 3804 67 52 E.
925 3803 73 55 A.
1030 3802 178 69 Scott,
1241 3805 151 51 1936.

473 3878 83 47 xii,
585 3878 68 45 95,
684 3877 71 50 [2],
784 3877 188 43 96-165,
1017 3877 59 49 [2],
1104 3877 202 41 166-351
1335 3888 43 37 p.
1434 3876 143 48 illus.,
1603 3877 180 48 diagrs.
1838 3876 56 41 18½
1926 3877 43 22 cm
1976 3907 8 9 .

475 3947 139 41 Some
638 3949 52 39 of
717 3948 82 40 the
825 3949 138 47 parts
988 3948 232 48 preceded
1248 3948 62 47 by
1332 3947 264 41 half-titles
1622 3949 82 38 not
1730 3947 224 40 included
1983 3946 49 40 in
2058 3947 80 39 the
2164 3945 191 50 paging.

399 4013 52 53 ©
476 4019 119 46 Aug.
622 4019 41 47 3,
689 4017 141 49 1936;
857 4018 69 42 2c.
952 4019 120 47 Aug.
1099 4019 54 47 7;
1181 4017 82 42 aff.
1292 4019 118 47 Aug.
1438 4020 52 40 8;
1521 4019 39 38 A
1585 4017 172 48 97300;
1788 4017 173 40 Edwin
1988 4018 53 39 A.
2072 4017 148 41 Scott.

479 4074 283 51 (36-18507)
