2597 4361
1410 4080 67 51 48

499 477 82 49 vii,
613 477 57 40 69
698 487 43 39 p.
802 477 57 41 19½
893 479 45 22 cm
941 510 10 9 .

499 536 66 40 At
594 537 126 39 head
750 536 53 41 of
829 535 136 42 title:
998 536 280 41 1885-1935.

503 591 75 43 On
610 604 168 30 cover:
815 594 43 39 A
891 595 169 40 record
1097 595 52 39 of
1184 596 83 39 the
1304 595 297 48 conception,
1639 595 270 39 formation
1947 595 98 39 and
2080 594 374 41 establishment

430 650 54 40 of
528 651 243 41 Florida’s
820 652 160 41 oldest
1026 652 286 41 institution
1362 653 52 40 of
1460 654 176 47 higher
1685 652 275 46 education,
2012 653 256 47 presented
2318 664 55 30 as
2425 663 28 30 a

432 712 164 45 report
622 711 54 39 of
700 711 82 40 the
807 710 295 41 observance
1130 711 52 40 of
1205 712 83 39 the
1318 710 402 41 semicentennial
1749 710 337 47 anniversary.
2147 709 306 43 1885-1935.”

502 767 376 50 “Biographical
907 769 283 41 sketches”:
1222 777 43 41 p.
1299 768 190 51 [52]-59.

429 838 53 53 ©
508 844 113 39 Dec.
647 843 70 47 31,
742 842 116 41 1935;
913 843 68 41 2c.
1008 844 97 39 and
1132 842 83 41 aff.
1243 843 111 40 Jan.
1380 843 42 46 2,
1449 842 115 42 1936;
1621 845 39 38 A
1687 843 172 43 90130;
1890 844 54 40 A.
1972 844 44 40 J.
2042 844 194 48 Hanna,
2265 844 190 40 Winter

501 901 145 47 Park,
675 901 102 40 Fla.
845 901 255 48 (36-1688)

563 1002 1893 71 … The founding of Rollins college, by A. J. Hanna. Winter
428 1081 177 71 Park,
631 1083 145 68 Fla.,
802 1082 229 54 Rollins
1055 1100 179 51 press,
1261 1082 129 70 inc.,
1420 1084 152 53 1936.

501 1156 83 51 vii,
618 1159 71 49 [1],
721 1157 55 41 69
803 1167 43 38 p.
909 1156 131 42 illus.
1069 1157 134 49 (incl.
1232 1158 151 47 port.)
1456 1155 57 41 20½
1545 1158 44 22 cm
1595 1189 7 8 .

503 1215 65 41 At
595 1217 127 40 head
749 1216 53 39 of
825 1215 138 41 title:
994 1214 280 42 1885-1935.

504 1272 376 50 “Biographical
909 1273 282 41 sketches”:
1221 1283 44 39 p.
1315 1272 176 51 [52]-59.

431 1344 53 53 ©
517 1349 110 39 Jan.
664 1349 68 47 13,
768 1347 119 41 1936;
947 1347 68 41 2c.
1051 1349 98 39 and
1184 1347 82 40 aff.
1304 1348 111 39 Jan.
1452 1349 55 38 17;
1573 1349 41 38 A
1648 1346 172 42 91241:
1861 1349 54 39 A.
1952 1349 45 39 J.
2035 1348 193 47 Hanna,
2267 1345 190 43 Winter

501 1406 145 48 Park,
674 1407 101 39 Fla.
840 1405 254 50 (36-1686)

433 1509 277 67 Hannan,
741 1511 180 54 Janet
953 1509 332 66 Elizabeth,
1318 1516 172 50 1912-

504 1585 283 71 Congress
819 1587 374 69 investigates
1225 1587 106 68 tin,
1362 1586 78 70 by
1474 1586 56 55 J.
1565 1585 305 54 Elizabeth
1904 1586 274 54 Hannan.
432 1585 2000 150 Washington,
679 1666 72 54 D.
779 1665 84 68 C.,
887 1667 123 52 The
1036 1666 207 70 Digest
1269 1685 177 50 press,
1470 1665 312 54 American
1808 1665 323 70 university
2159 1663 296 56 Graduate

429 1745 212 69 school,
669 1753 19 20 c
692 1748 152 51 1936.

504 1819 740 50 1 p. l., 22 p. diagr. 27½ cm .
503 1878 263 41 Photostat
806 1877 258 51 (positive)

504 1935 145 42 From
681 1935 363 42 International
1072 1936 97 40 law
1197 1938 97 39 and
1323 1936 250 48 relations,
1602 1936 92 41 vol.
1725 1946 44 37 v,
1796 1946 77 31 no.
1899 1936 42 48 4,
1971 1936 223 48 January
2224 1936 70 49 13,
2324 1935 128 49 1936,

432 1993 259 48 published
729 1994 62 48 by
830 1995 82 40 the
951 1994 174 49 Digest
1160 2005 151 38 press,
1352 1995 259 40 American
1655 1993 287 49 university,
1986 1994 251 42 Graduate
2277 1994 177 42 school.

434 2051 336 49 Washington,
804 2052 58 41 D.
896 2052 49 45 C.

505 2109 227 42 Includes
763 2121 26 29 a
820 2110 276 41 discussion
1126 2111 53 40 of
1207 2112 81 39 the
1316 2110 351 48 investigation
1697 2111 142 41 made
1869 2110 62 47 by
1962 2111 81 41 the
2076 2109 288 44 Committee
2394 2121 63 31 on

436 2166 191 49 foreign
653 2168 174 41 affairs
854 2168 53 41 of
930 2169 83 40 the
1040 2169 170 41 House
1235 2169 52 40 of
1314 2169 425 47 representatives,
1765 2167 90 42 73d
1883 2167 254 51 Congress,
2165 2169 61 42 2d
2254 2169 202 49 session,

435 2227 49 38 to
514 2226 268 41 determine
814 2237 89 29 our
933 2226 215 48 position
1181 2226 49 40 in
1269 2226 172 48 regard
1474 2228 51 39 to
1558 2227 85 40 the
1673 2226 176 48 supply
1883 2226 53 41 of
1968 2227 73 41 tin
2073 2227 50 41 in
2156 2228 82 41 the
2273 2228 183 41 United

436 2281 328 51 States. cf. p. 1.
431 2353 56 53 ©
514 2358 109 39 Jan.
653 2358 69 47 13,
750 2356 143 48 1936;
923 2357 69 41 2c.
1022 2359 96 38 and
1147 2358 83 40 aff.
1259 2359 111 39 Jan.
1399 2358 82 47 15;
1513 2359 43 40 A
1582 2357 172 48 91205;
1787 2359 44 40 J.
1861 2360 53 39 E.
1944 2360 230 49 Hannan,
506 2360 1936 95 Washington.
674 2414 253 50 (36-2085)

436 2517 440 69 Harmsworth,
909 2520 299 65 Geoffrey,
1242 2525 172 50 1904-

506 2596 354 70 Abyssinian
906 2597 333 68 adventure,
1282 2597 77 70 by
1404 2596 269 71 Geoffrey
1719 2597 436 69 Harmsworth;
2203 2599 143 53 with
2389 2601 68 49 29

436 2676 398 55 illustrations.
911 2679 261 68 London,
1200 2676 371 55 Hutchinson
1602 2682 45 49 &
1676 2696 99 50 co.,
1804 2678 104 54 ltd.
1947 2682 172 64 [1935]

509 2749 118 49 xvii,
657 2749 87 41 306
772 2761 43 37 p.
876 2751 166 49 front.,
1076 2752 173 48 plates,
1280 2752 165 48 ports.,
1476 2750 105 40 fold.
1624 2761 126 38 map,
1778 2751 193 40 facsim.
2032 2750 57 40 22
2092 2753 44 20 cm
2142 2783 8 8 .

435 2819 2021 53 © 1c. Jan. 4, 1936; A ad int. 20990; pubd. Nov. 9, 1935; G. Harmsworth,
506 2881 214 40 London.
792 2880 254 50 (36-2369)

438 2987 253 63 Harper,
721 2986 160 54 Elsie
907 2988 72 55 D.

506 3063 58 52 A
587 3062 216 68 primer
828 3063 65 54 of
920 3065 343 66 economics;
1293 3063 218 54 certain
1538 3062 57 53 A
1622 3064 48 50 B
1702 3061 93 56 C’s
1819 3061 65 53 of
1905 3061 95 54 the
2028 3067 228 63 present
438 3061 1994 133 situation
592 3142 112 52 and
735 3141 156 53 what
919 3161 136 49 may
1084 3142 67 53 be
1179 3143 167 53 made
1377 3147 99 48 out
1505 3141 65 54 of
1599 3141 172 52 them.
1846 3141 165 54 With
2042 3140 288 69 questions
2363 3141 95 53 for

440 3221 316 53 discussion
794 3222 114 52 and
946 3238 32 37 a
1016 3221 113 54 few
1167 3222 306 69 suggested
1510 3219 285 70 readings.
1870 3222 90 66 By
1999 3219 157 55 Elsie
2193 3222 72 53 D.
442 3222 1991 145 Harper.
632 3299 139 52 New
801 3298 181 69 York,
1010 3299 123 54 The
1160 3300 275 54 Womans
1464 3316 175 51 press,
1669 3301 151 50 1935.

510 3371 85 40 102
623 3382 44 37 p.
729 3372 179 47 diagrs.
969 3372 57 40 20½
1060 3375 43 21 cm
1108 3405 10 9 .

510 3429 225 40 Includes
764 3429 394 49 bibliographies.

437 3484 53 53 ©
520 3489 109 39 Jan.
661 3489 40 40 3.
735 3489 141 47 1936;
913 3490 67 39 2c.
1014 3490 111 39 Jan.
1159 3491 83 46 11;
1278 3490 83 40 aff.
1394 3491 111 39 Jan.
1539 3489 80 47 10;
1656 3489 41 39 A
1730 3487 145 41 91137;
1938 3489 117 39 Natl.
2103 3489 150 40 board
2289 3490 53 39 of
2376 3491 83 40 the

507 3547 171 45 Young
707 3546 231 40 women’s.
965 3547 252 40 Christian
1250 3547 324 40 associations
1605 3546 50 39 of
1686 3547 81 39 the
1802 3545 179 40 United
2016 3546 163 40 States
2211 3546 51 39 of
508 3547 1931 98 America.
624 3604 117 39 New
769 3605 145 39 York.
985 3603 253 49 (36-2191)

440 3708 268 63 Hayden,
740 3708 169 53 Jesse
941 3709 83 64 F.,
1059 3710 174 54 1875-

510 3785 121 52 The
667 3790 88 46 art
788 3784 63 52 of
884 3785 313 68 marriage;
1236 3806 31 33 a
1302 3783 274 55 scientific
1609 3782 246 69 treatise,
1890 3783 73 67 by
1999 3783 55 53 J.
2091 3783 63 51 F.
2192 3782 264 69 Hayden,

477 3859 1978 71 B. SC. 3d ed., rev. and enl. … High Point, N. C., Book sales
442 3957 229 51 agency,
705 3947 17 21 c
728 3943 150 51 1936.

512 4010 86 41 279
628 4022 42 37 p.
732 4012 128 39 illus.
921 4011 56 40 22
980 4014 44 20 cm
