2519 4377
1296 4167 133 53 1172

426 533 353 49 Bibliography
810 534 226 40 included
1069 534 50 39 in
1151 533 211 49 preface.

359 591 2016 54 © Aug. 18, 1936; 1c. and aff. Aug. 19; 1c. Sept. 14; A 98002; Macmillan
428 662 67 31 co.
568 650 284 50 (36-18180)

355 755 225 64 Means,
607 756 141 52 Mrs.
779 752 281 56 Florence
1091 752 338 67 (Crannell)
1468 758 172 51 1891-

425 831 263 68 Tangled
740 835 233 64 waters;
1029 851 32 34 a
1111 830 228 69 Navajo
1391 835 159 64 story
1605 831 111 68 [by]
1772 831 276 55 Florence
2102 831 272 56 Crannell

356 911 226 67 Means;
627 910 143 54 with
810 909 387 54 illustrations
1238 909 76 69 by
1354 909 255 54 Herbert
1649 909 235 54 Morton
1929 910 226 68 Stoops.
354 912 1995 144 Boston,
493 989 324 67 Houghton
842 988 206 54 Mifflin
1075 1006 300 50 company,
1404 991 152 53 1936.

425 1060 1061 51 5 p. l., 212 p. col. front., illus. 21½cm.
359 1116 52 54 ©
433 1121 122 47 Aug.
579 1120 71 47 25,
675 1118 114 42 1936;
842 1119 68 41 2c.
938 1119 127 48 Sept.
1092 1119 26 38 2;
1171 1117 84 43 aff.
1278 1119 121 47 Aug.
1424 1119 55 40 31;
1534 1119 44 39 A
1600 1117 144 42 98223;
1801 1119 52 41 F.
1879 1119 50 41 C.
1956 1120 184 49 Means,
2167 1121 206 39 Denver.

436 1177 284 51 (36-18757)

356 1284 342 62 Montanye,
728 1280 277 56 Carleton
1032 1280 272 64 Stevens,
1335 1285 172 50 1892-

428 1360 204 52 Moons
661 1358 59 53 in
751 1358 137 70 gold
925 1357 110 69 [by]
1070 1355 64 57 C.
1166 1355 58 57 S.
1253 1357 332 69 Montanye.
1654 1357 432 69 Philadelphia,
2115 1357 261 67 London,

354 1437 892 69 J. B. Lippincott company [c1936]
425 1513 89 42 308
539 1523 44 39 p.
642 1512 150 42 19½cm.

358 1566 1999 111 © Aug. 25, 1936; 2c. and aff. Aug. 29; A 98181; C . S. Montanye, Westport,
583 1628 150 41 Conn.
806 1626 282 49 (36-18569)

377 1734 256 64 [Morton,
663 1732 135 65 Guy
823 1728 417 70 Mainwaring]
1275 1735 174 51 1896-

488 1806 1437 71 … Half mast. London, Grayson & Grayson [1936]
423 1881 710 53 2 p. l., 7-289, [1] p. 19cm.
427 1939 232 42 Author’s
684 1941 180 48 pseud.,
894 1940 146 39 Peter
1066 1937 171 49 Traill,
1263 1939 53 40 at
1343 1938 125 41 head
1495 1938 53 42 of
1576 1938 120 41 title.

358 1993 2016 54 © 1c. July 22, 1936; A ad int. 21791; pubd. May 28; G. M. Morton,
429 2055 212 41 London.
711 2053 283 51 (36-18977)

354 2162 215 62 Moses,
596 2160 207 53 Bessie
830 2157 235 67 Louise,
1096 2163 173 50 1893-

428 2236 453 70 Contraception
907 2254 60 37 as
997 2258 32 35 a
1058 2235 361 69 therapeutic
1446 2252 274 53 measure,
1751 2235 73 70 by
1852 2236 194 54 Bessie
2076 2238 65 53 L.
2172 2238 203 66 Moses,

354 2335 66 34 m.
451 2336 48 34 D.
570 2315 338 68 Baltimore,
942 2316 122 53 The
1096 2314 292 57 Williams
1420 2319 46 50 &
1496 2315 254 56 Wilkins
1785 2333 299 52 company,
2120 2321 150 50 1936.

427 2390 106 50 xiii,
559 2390 87 41 106
672 2400 44 38 p.
744 2389 111 42 incl.
883 2390 171 49 tables,
1080 2389 28 41 2
1138 2388 155 49 diagr.
1354 2388 117 41 19cm.

428 2448 41 40 A
501 2449 166 47 report
700 2447 52 40 of
783 2448 83 40 the
897 2447 182 41 results
1112 2447 52 40 of
1197 2448 82 39 the
1310 2447 137 40 work
1480 2447 121 40 done
1634 2447 59 48 by
1729 2448 79 39 the
1846 2448 195 39 Bureau
2075 2448 78 39 for
356 2450 1997 104 contraceptive
572 2505 172 41 advice
770 2505 51 40 in
848 2504 286 42 Baltimore,
1192 2504 61 49 cf.
1282 2503 277 43 Foreword.

427 2562 354 49 Bibliography
799 2572 10 30 :
841 2573 43 39 p.
917 2561 158 43 88-90.

357 2617 53 54 ©
445 2622 117 47 July
597 2621 70 48 16,
704 2620 115 42 1936;
884 2620 69 41 2c.
990 2620 98 40 and
1124 2620 83 41 aff.
1245 2620 117 47 July
1395 2621 56 40 17;
1518 2621 41 38 A
1595 2619 146 42 97064;
1806 2620 247 40 Williams
2089 2621 38 41 &
2163 2619 211 42 Wilkins

424 2688 66 31 co.
562 2678 284 49 (36-18651)

352 2770 316 64 Murphey,
697 2770 229 64 George
953 2771 260 53 Sumter.

354 2846 1994 148 Nuggets of gold from the Southland, by George S. Murphey … Macon, Ga., The J. W. Burke company, 1936.
426 2999 83 39 142
539 3009 44 38 p.
614 2998 109 39 incl.
754 2998 166 48 front.,
949 2998 145 51 illus.,
1124 2999 152 48 ports.
1336 2998 119 40 23cm.

359 3051 53 54 ©
451 3057 124 40 Mar.
614 3056 71 47 27,
722 3054 142 49 1936;
905 3055 69 42 2c.
1013 3056 115 48 Apr.
1165 3054 56 49 2;
1264 3054 83 42 aff.
1386 3055 113 48 Apr.
1540 3056 54 47 1;
1635 3056 41 39 A
1717 3053 172 51 92699;
1933 3056 53 41 G.
2031 3056 43 41 S.
2117 3056 254 48 Murphey,

425 3114 237 47 Augusta,
689 3112 86 41 Ga.

354 3203 278 63 Murphy,
663 3202 210 54 Albert
900 3203 175 56 John.

425 3280 301 52 Materials
766 3280 113 53 and
916 3280 260 53 methods
1216 3279 58 52 in
1314 3280 183 52 visual
1540 3280 330 53 education:
1910 3280 267 68 teaching
2216 3280 157 53 units

354 3358 58 52 in
451 3358 354 67 geography,
843 3357 240 68 history,
1123 3357 329 67 economics,
1492 3358 187 65 civics,
1718 3358 173 53 social
1932 3359 304 68 problems,
355 3358 1990 143 literature,
639 3435 268 67 cultures,
953 3441 107 61 art,
1104 3436 229 66 general
1380 3437 229 66 science,
1654 3435 352 68 agriculture
2052 3438 113 52 and
2209 3438 161 53 other

353 3514 248 66 subjects
634 3513 64 54 of
728 3513 98 54 the
858 3513 366 67 curriculum,
1257 3514 262 68 together
1553 3514 139 53 with
1726 3513 378 70 descriptions
2140 3516 113 54 and
357 3516 1987 128 indices
549 3592 270 66 covering
857 3592 96 53 the
995 3591 265 68 multiple
1302 3610 96 35 use
1440 3592 64 53 of
1544 3596 155 63 2,500
1740 3594 269 67 pictures,
2048 3595 76 67 by
2165 3595 205 52 Albert

353 3670 1992 146 John Murphy … and others. Cincinnati and New York, National pictures service, inc. [c1934]
429 3819 24 39 1
491 3829 43 31 V.
601 3818 147 42 27½cm.

423 3875 210 40 Various
671 3875 219 49 pagings.

426 3932 298 41 Cover-title.

426 3989 411 48 Mimeographed.

359 4041 52 53 ©
451 4045 101 41 Oct.
590 4046 70 49 15,
699 4044 115 42 1934;
880 4046 69 41 2c.
990 4046 97 40 and
1125 4046 82 42 aff.
1246 4047 111 41 Jan.
1395 4046 70 48 10,
1506 4047 142 48 1936;
1689 4049 41 38 A
1767 4047 172 49 91136;
1982 4048 115 41 Natl.
2151 4047 216 49 pictures

428 4102 199 50 service,
656 4101 92 41 inc.
