2519 4377
1261 4119 101 51 492

309 502 117 43 sists
465 505 51 40 of
555 504 91 40 five
688 505 222 39 hundred
948 504 265 41 numbered
1252 504 172 48 copies.
1495 504 48 41 It
1582 514 103 30 was
1727 504 376 41 manufactured
2144 504 51 40 in
2238 505 84 40 the

309 561 137 46 plant
479 562 51 38 of
562 562 82 40 the
678 561 115 41 Will
822 562 54 39 A.
909 561 188 41 Kistler
1130 572 236 38 company
1399 562 154 40 under
1586 563 80 40 the
1703 561 306 48 supervision
2044 562 51 40 of
2130 562 189 48 Lynton

310 617 200 49 Kistler,
538 619 133 40 after
694 619 195 48 designs
912 619 61 47 by
999 619 150 41 Merle
1175 618 417 49 Armitage.”—3d
1622 619 184 48 prelim,
1837 620 112 41 leaf.

311 674 52 53 ©
391 680 117 38 Nov.
540 679 68 47 15,
638 677 142 47 1935;
812 678 67 40 2c.
910 680 121 39 Mar.
1060 678 70 48 24,
1161 677 140 49 1836;
1333 679 82 41 aff.
1446 680 122 40 Mar.
1598 680 83 43 25;
1714 681 39 38 A
1782 679 171 47 92548;
1990 681 154 40 Merle
382 680 1923 102 Armitage,
532 736 92 39 Los
652 736 221 47 Angeles.
941 734 252 49 (36-9334)

310 825 284 66 Moulton,
621 825 223 53 Harold
875 824 205 64 Glenn,
1111 831 172 50 1883-

382 901 231 53 Income
644 900 375 53 distribution
1047 901 183 52 under
1258 901 353 70 capitalism;
1646 919 30 33 a
1707 901 295 70 challenge
2032 907 59 47 to
312 900 1986 133 American
464 979 254 53 business
743 999 145 49 men,
913 981 75 53 by
1014 981 76 51 H.
1120 980 65 54 G.

1213 981 280 53 Moulton.
1576 981 422 68 [Minneapolis]
2030 982 122 52 The
313 981 1984 145 University
557 1058 65 53 of
650 1058 328 53 Minnesota
1011 1077 158 50 press
1206 1092 12 34 [
1224 1066 17 20 c
1247 1062 151 64 1936]

380 1129 57 41 27
469 1140 42 38 p.
572 1128 56 41 23
632 1132 45 21 cm
682 1162 8 9 .
762 1131 301 48 (Half-title:
1095 1131 101 40 The
1228 1132 109 47 Day
1371 1133 95 39 and
1499 1133 124 39 hour
1655 1131 150 41 series
1838 1132 52 41 of
1920 1134 83 39 the
2038 1134 280 46 University

310 1186 54 41 of
392 1187 292 49 Minnesota,
715 1197 75 30 no.
821 1186 81 48 12)

384 1245 146 39 “This
563 1245 207 39 address
804 1245 246 40 delivered
1087 1246 49 38 in
1173 1245 248 48 Northrop
1456 1247 251 38 memorial
1746 1247 300 39 auditorium
2085 1258 60 28 on
310 1248 1992 93 October
429 1301 70 49 31,

538 1300 130 50 1935,
708 1303 220 46 presents
966 1301 171 48 briefly
1174 1303 83 39 the
1294 1303 178 40 results
1511 1303 51 39 of
1602 1314 24 29 a
1668 1304 150 39 series
1857 1304 50 39 of
1947 1304 372 48 investigations

310 1359 268 40 conducted
617 1359 62 47 by
720 1360 82 38 the
841 1358 273 48 Brookings
1154 1360 280 39 institution
1479 1361 47 38 in
1569 1359 335 49 Washington,
1947 1361 51 39 of
2038 1361 158 39 which
2239 1363 79 38 Dr.

313 1416 219 39 Moulton
566 1416 41 39 is
642 1415 400 48 president.”—p.
1096 1417 42 48 [4]

310 1473 52 52 ©
391 1477 110 39 Feb.
531 1477 39 46 3,
600 1475 115 41 1936;
773 1476 67 39 2c.
870 1477 94 38 and
995 1475 81 40 aff.
1107 1476 110 41 Feb.
1247 1475 82 47 24;
1362 1477 42 38 A
1431 1475 171 48 90945;
1637 1476 283 48 University
1949 1477 54 40 of
2034 1477 289 47 Minnesota,

382 1533 339 48 Minneapolis.
791 1532 253 49 (36-9212)

307 1625 282 52 National
616 1624 349 53 conference
990 1624 64 52 of
1080 1624 178 53 social
1284 1623 182 54 work.

379 1704 383 65 Proceedings
795 1702 62 51 of
888 1702 94 51 the
1013 1701 274 53 National
1318 1700 331 54 conference
1680 1701 63 53 of
1773 1700 171 55 social
1977 1701 159 54 work
308 1700 1990 146 formerly
524 1781 275 53 National
833 1780 331 53 conference
1200 1780 63 51 of

1297 1780 268 53 charities
1599 1780 113 52 and
1747 1780 350 67 correction>
2135 1785 60 48 at
2226 1780 99 53 the

308 1859 387 69 sixty-second
725 1860 212 51 annual
966 1860 211 50 session
1206 1859 134 51 held
1366 1861 60 51 in
1455 1858 306 67 Montreal,
1793 1858 254 67 Canada,
2075 1859 151 54 June
2257 1862 68 48 9-

312 1936 2010 68 15, 1935 … Chicago, Ill., Pub. for The National conference
310 2017 61 52 of
402 2016 172 54 social
605 2016 159 52 work
792 2016 76 66 by
898 2016 121 51 The
1048 2014 339 68 University
1417 2014 64 53 of
1513 2013 252 69 Chicago
1795 2033 158 49 press
1991 2049 11 33 [
2009 2021 17 20 c
2032 2018 151 65 1935]

380 2090 82 49 xii,
492 2091 85 40 748
605 2101 41 36 p.
703 2090 164 46 front.,
897 2091 150 45 ports.
1106 2087 55 40 22½
1195 2090 45 21 cm
1245 2120 8 8 .

310 2143 53 53 ©
397 2148 112 39 Dec.
543 2147 70 47 31,
648 2144 142 48 1935;
826 2145 68 42 2c.
931 2146 122 38 Mar.
1089 2145 69 45 23,
1195 2144 141 47 1936;
1375 2144 83 41 aff.
1493 2145 115 47 Apr.
1643 2145 82 46 18;
1764 2144 40 39 A
1839 2142 173 49 94059;
2051 2145 117 40 Natl.
378 2155 1929 89 conference

603 2203 50 41 of
684 2203 149 40 social
867 2203 147 47 work,
1047 2202 276 42 Columbus,
1357 2201 51 40 O.

307 2295 145 52 New
480 2294 272 64 England
780 2293 291 64 gladiolus
1097 2293 244 63 society.

307 2370 2015 148 The gladiolus, 1936. Boston, The New England gladiolus society, incorporated [ c 1936]
380 2525 63 46 ix,
472 2524 90 40 230
586 2535 41 37 p.
688 2525 157 46 plates
875 2523 133 48 (part
1038 2523 102 46 col.,
1168 2523 115 46 part
1310 2520 207 48 mount.)
1557 2522 179 47 diagrs.
1795 2521 147 39 20½cm.

381 2582 262 40 Published
689 2580 277 48 previously
1008 2580 155 38 under
1206 2578 135 40 title:
1386 2579 127 38 Year
1556 2579 123 38 book
1722 2578 51 39 of
1817 2579 85 38 the
1942 2578 117 38 New
2101 2579 224 46 England

307 2638 242 48 gladiolus
581 2637 197 48 society.

309 2692 53 52 ©
394 2696 110 39 Jan.
538 2696 38 45 6,
610 2694 141 42 1936;
786 2693 67 40 2c.
887 2693 95 40 and
1016 2692 82 42 aff.
1131 2693 113 46 Apr.
1279 2691 80 47 10;
1395 2692 40 38 A
1468 2690 171 47 92881;
1676 2692 116 38 New
1824 2692 223 47 England
2079 2691 243 49 gladiolus

381 2764 107 37 soc.,
517 2752 91 40 inc.

310 2844 142 62 Noe,
484 2843 241 64 Sydney
752 2839 213 65 Philip.

381 2920 120 52 The
550 2918 263 54 Thurian
860 2915 311 69 di-staters,
1216 2916 76 68 by
1339 2915 233 70 Sydney
1619 2916 66 52 P.
1732 2916 136 53 Noe.
1954 2915 142 54 New
2143 2915 178 65 York,

310 2999 121 53 The
458 2997 307 53 American
792 2994 367 54 numismatic
1186 2994 228 67 society,
1446 2997 150 50 1935.

382 3066 1938 54 2 p. l., 68 p. xi double pl. 16-½cm. (Half-title: Numismatic notes
309 3129 97 40 and
439 3129 341 48 monographs,
846 3137 88 40 [no.
954 3127 97 49 71])

310 3183 52 53 ©
396 3188 111 39 Dec.
540 3186 70 47 20,
644 3186 140 41 1935;
819 3184 67 41 2c.
921 3184 110 39 Feb.
1067 3184 39 44 5,
1141 3182 140 48 1836;
1318 3182 82 41 aff.
1435 3183 111 40 Feb.
1579 3183 54 46 4;
1670 3183 41 38 A
1740 3181 172 47 90619;
1947 3182 161 39 Amer.
379 3181 1924 103 numismatic
556 3254 93 29 soc.
718 3240 252 50 (36-9398)

308 3333 354 63 Nudelman,
691 3332 253 52 Edward
974 3331 70 53 A.

309 3405 2011 148 Israel in Canaan. Teacher’s guide. By Edward A. Nudelman … Cincinnati, Dept. of synagogue and school extension
310 3569 62 51 of
409 3569 94 51 the
540 3567 196 54 Union
774 3567 61 51 of
873 3565 306 52 American
1217 3565 246 51 Hebrew
1500 3562 452 68 congregations,
1994 3565 149 50 1935.

381 3641 79 43 vii,
491 3639 82 40 119
601 3651 42 36 p.
701 3639 55 39 20½c
807 3641 25 20 m
838 3671 8 9 .
905 3638 172 50 [Union
1107 3638 180 45 graded
1318 3636 164 43 series,
1511 3638 71 39 ed.
1611 3637 61 46 by
1701 3637 51 37 E.
1785 3636 259 47 Gamoran]

312 3693 52 53 ©
401 3698 101 39 Oct.
540 3697 68 43 14,
646 3695 140 46 1935;
824 3697 67 38 2c.
927 3696 114 46 Apr.
1079 3695 80 46 17;
1197 3694 82 39 aff.
1316 3694 113 47 Apr.
1468 3693 80 42 16;
1588 3694 41 38 A
1664 3692 171 41 93697:
1878 3691 157 40 Union
2075 3692 51 38 of
2161 3692 158 40 Amer.

381 3755 207 39 Hebrew
619 3752 384 48 congregations.

312 3845 148 62 Nye,
487 3843 291 62 Dorothy.

381 3918 138 53 New
558 3918 195 53 bodies
793 3918 94 52 for
925 3918 124 66 old;
1092 3918 149 68 why,
1279 3917 203 66 where,
1522 3915 112 53 and
1674 3915 127 52 how
1842 3919 57 48 to
1941 3914 242 53 exercise
2224 3912 93 53 for

312 3995 197 69 figure,
543 3997 209 69 beauty
792 3997 108 52 and
943 3997 213 66 health,
1191 3996 73 69 by
1303 3995 265 68 Dorothy
1608 3994 151 68 Nye;
1804 3993 290 69 drawings
2135 3993 74 68 by
2247 3992 68 51 It.
