2519 4377
1316 4115 133 54 1786

380 423 160 65 Holt,
566 424 232 54 Luther
824 424 289 59 Emmett,
1143 428 328 51 1855-1924.

451 500 192 55 Holt’s
686 499 263 55 Diseases
992 500 63 54 of
1097 499 241 70 infancy
1380 501 113 53 and
1536 500 339 68 childhood;
1922 522 30 34 a
1994 501 273 55 textbook
2305 501 96 56 for

379 580 97 53 the
511 598 98 36 use
645 578 65 56 of
745 578 262 56 students
1043 578 113 53 and
1194 577 423 70 practitioners,
1650 579 78 68 by
1764 580 96 54 the
1896 580 115 54 late
2044 580 66 53 L.
2145 580 255 56 Emmett

381 656 2021 71 Holt, M. D., and John Howland, M. D.; revised by L. Emmett
382 734 2020 72 Holt, jr. … and Rustin McIntosh … 10th ed. rev. New York,
378 815 260 67 London,
677 814 72 53 D.
789 813 588 70 Appleton-Century
1416 832 300 52 company,
1753 815 405 69 incorporated
2203 849 13 35 [
2221 822 18 22 c
2244 820 135 50 1936
2385 851 13 34 ]

449 889 100 50 xix,
580 887 117 42 1240
725 898 46 39 p.
831 886 131 42 illus.
1004 888 138 49 (part
1172 887 113 49 col.)
1326 898 31 29 v
1386 887 87 42 col.
1573 919 9 17 pl.,
1613 889 182 50 diagrs.
1856 888 148 42 25½cm.

451 944 353 44 “References”
831 947 53 40 at
910 946 93 42 end
1032 946 51 42 of
1108 947 127 40 most
1263 944 52 43 of
1340 945 83 43 the
1450 945 243 51 chapters.

381 1014 53 53 ©
476 1019 128 47 Sept.
642 1016 72 50 25,
754 1016 143 48 1936;
938 1015 68 42 2c.
1049 1017 128 47 Sept.
1218 1015 83 49 28;
1344 1016 81 39 aff.
1466 1017 120 39 Nov.
1625 1016 83 47 18;
1750 1018 42 39 A
1830 1017 173 42 99939:
2048 1020 56 39 D.
454 1020 1950 102 Appleton-Century
698 1084 83 39 co.,
808 1074 92 40 inc.
967 1071 284 51 (36-34587)

378 1180 239 62 Huddy,
642 1178 333 64 Xenophon
1001 1179 239 54 Pearce.

513 1255 1890 72 … 1937 fifth cumulative supplement 1931-1937 to Huddy
381 1335 2020 69 Encyclopedia of automobile law … volumes 1-18, General
378 1414 1998 147 index … Albany, N. Y., Matthew Bender & company, incorporated, 1937.
451 1567 57 40 19
534 1579 42 30 v.
603 1567 52 40 in
682 1566 71 42 10.
806 1566 57 41 230½
896 1569 47 21 cm
947 1599 8 8 .

453 1626 258 40 “Volumes
743 1624 159 49 19-20,
936 1625 84 40 the
1050 1625 98 39 last
1180 1624 52 41 of
1263 1624 83 40 the
1376 1625 74 38 set
1481 1634 178 38 proper
1691 1625 50 38 to
1775 1634 197 38 appear,
2005 1624 43 40 is
2082 1634 52 31 so
2166 1626 241 48 complete

380 1694 54 30 as
469 1685 51 39 to
551 1683 198 48 require
780 1693 62 29 no
876 1682 308 48 supplement
1217 1680 101 41 this
1351 1680 161 48 year.”
1575 1681 61 48 cf.
1673 1677 272 52 Title-page
1980 1682 52 39 of
2065 1681 116 41 1937
379 1684 2007 97 supplement
537 1742 49 39 to

614 1740 185 47 Huddy
825 1738 357 49 Encyclopedia
1211 1738 54 40 of
1288 1738 296 41 automobile
1611 1739 109 39 law.
1776 1739 219 39 volumes
2025 1739 158 42 19-20.

450 1798 159 40 These
636 1798 280 48 pamphlets
948 1806 85 30 are
1063 1799 50 38 to
1144 1796 57 40 be
1232 1795 144 41 fitted
1402 1796 104 39 into
1538 1796 83 40 the
1651 1796 199 48 pockets
1884 1798 50 37 at
1967 1796 85 40 the
2080 1796 126 40 back
2238 1798 53 40 of
2321 1799 84 39 the

378 1855 218 40 volumes
626 1855 53 40 of
705 1855 86 40 the
819 1857 74 38 set
921 1855 51 39 to
1002 1852 160 41 which
1193 1853 116 47 they
1338 1853 187 48 belong.

380 1922 52 52 ©
457 1926 113 39 Dec.
599 1925 71 48 11,
698 1923 142 48 1936;
870 1923 68 39 2c.
968 1923 96 39 and
1094 1922 82 41 aff.
1207 1923 113 39 Dec.
1349 1922 81 42 14:
1462 1923 42 39 A
1532 1921 201 49 100948;
1765 1923 240 40 Matthew
2034 1924 192 41 Bender
2255 1926 37 40 &
2321 1935 81 39 co.,

451 1983 89 39 inc.
601 1979 285 53 [Copyright
911 1980 42 40 is
980 1980 209 40 claimed
1216 1990 60 29 on
1304 1979 249 41 additions
1580 1980 97 40 and
1706 1980 226 51 changes]

376 2085 193 64 Illing,
596 2085 205 54 Oscar.

447 2165 125 51 Aus
621 2162 130 54 dem
800 2162 187 54 reiche
1036 2161 101 53 der
1186 2161 413 68 schattenweit,
1646 2159 274 57 kritische
1969 2162 432 68 plauderbriefe

381 2261 108 35 von
567 2241 181 57 Oscar
822 2239 213 70 Illing;
1116 2238 91 56 ein
1284 2239 453 69 planetarischer
1814 2260 216 37 roman.
2130 2240 272 71 Chicago,

378 2321 286 54 Deutsche
691 2320 356 54 literarische
1073 2319 371 68 gesellschaft
1475 2354 13 33 [
1494 2325 18 22 c
1517 2322 134 51 1936
1657 2354 12 34 ]

445 2392 595 52 3 p. l., 9-355 p. 20 ½c m .
379 2448 53 53 ©
465 2453 128 47 Sept.
625 2451 73 48 25,
729 2450 142 50 1936;
904 2450 68 41 2c.
1005 2451 103 41 Oct.
1139 2449 83 49 28;
1256 2450 83 40 aff.
1372 2451 118 38 Nov.
1522 2450 53 41 9:
1610 2451 41 39 A
1683 2449 172 42 99932:
1892 2451 51 40 O.
1981 2450 161 50 Illing,
2175 2452 226 48 Chicago.

459 2508 284 51 (36-34379)

377 2613 226 66 Israeli,
630 2612 268 66 Nathan,
929 2617 174 51 1906-

447 2688 1887 71 Abnormal personality and time … by Nathan Israeli …
379 2768 2017 69 with a foreword by Irving J. Sands … with an introduction
377 2847 1359 72 by Gardner Murphy … New York, 1936.
449 2925 27 40 7
502 2935 44 38 p.
611 2953 9 17 l.,
651 2922 178 50 [3]-123
858 2933 42 37 p.
961 2922 56 41 23½
1052 2925 45 22 cm
1100 2954 9 8 .

452 2980 148 41 “This
631 2980 137 40 work
798 2990 103 30 was
930 2979 193 41 carried
1151 2980 87 39 out
1269 2979 155 39 under
1455 2988 27 30 a
1514 2978 280 49 fellowship
1823 2979 52 39 of
1904 2979 83 40 the
2022 2979 158 41 Social
2211 2980 187 42 science

379 3040 228 39 research
639 3037 204 49 council,
877 3036 250 42 1932-33.”

449 3094 355 49 Bibliography
829 3096 53 39 at
905 3096 93 39 end
1025 3094 52 40 of
1102 3094 84 41 the
1211 3093 110 41 first
1346 3094 97 40 and
1466 3094 100 40 last
1591 3095 152 46 parts.

378 3150 2021 54 © Oct. 1, 1936; 1c. and aff. Oct. 16: 1c. Oct. 15; A 99727: N. Israeli,
450 3210 264 48 Brooklyn.
779 3208 283 50 (36-34792)

376 3312 280 67 Jürgens,
688 3313 212 65 Georg,
932 3314 173 55 1870-

376 3387 1996 151 Grundlagen der epidemiologie, von prof. dr. Georg Jürgens … Leipzig, J. A. Barth, 1936.
446 3542 64 52 ix,
540 3545 86 41 165
655 3556 43 37 p.
759 3545 57 41 23½
848 3547 47 23 cm
898 3577 8 8 .

379 3598 2018 53 © Mar. 13, 1936; 1c. July 17; A-Foreign 32475: Johann Ambrosius
449 3660 171 39 Barth.
689 3658 283 51 (36-36175)

377 3763 331 63 Kagemna.

449 3839 121 53 The
608 3839 186 53 oldest
826 3839 176 53 books
1040 3839 60 53 in
1134 3840 96 52 the
1266 3838 211 53 world:
1519 3856 72 35 an
1628 3842 239 50 account
1904 3838 64 52 of
2006 3838 95 53 the
2139 3836 256 67 wisdom,

379 3916 368 70 philosophy,
802 3916 195 67 ethics,
1055 3934 281 49 manners,
1392 3916 292 68 proverbs,
1741 3916 234 68 sayings
2030 3916 112 53 and
378 3913 1992 135 refinements
600 4013 60 36 as
697 4001 84 48 set
816 3995 163 53 forth
1019 3996 58 51 in
1113 3995 97 53 the

1247 3994 165 53 Book
1451 3995 63 52 of
1552 3995 302 68 Kagemna
1893 3993 149 54 circa
2082 3996 310 51 3998-3969
