2519 4377
1303 4145 137 48 2050

454 535 98 50 192,
587 536 55 51 [1]
672 545 31 39 p
778 535 116 42 19cm.

455 593 247 41 “Deutsch
745 604 92 29 von
879 593 168 40 Erwin
1088 593 190 48 Rieger.
1348 593 102 41 Der
1487 592 323 49 originaltitel
1855 594 84 40 des
1984 593 187 42 Werkes
2217 595 155 41 lautet;

381 649 350 42 Novantesimo
760 649 232 42 minuto.”

383 705 2021 53 © Apr. 23, 1936; 1c. Aug. 18; A -Foreign 32706; Paul Zsolnay verlag,
453 777 40 37 g.
524 776 58 30 m.
615 766 38 40 b.
685 766 45 40 h.
798 765 253 49 (37-1556)

382 872 258 64 Cleland,
673 872 282 55 Wendeil.

453 951 120 55 The
616 950 345 69 population
998 950 259 69 problem
1297 951 59 52 in
1398 951 230 68 Egypt;
1675 970 31 33 a
1745 951 173 67 study
1958 951 64 54 of
2061 951 342 69 population

383 1031 198 53 trends
610 1031 115 53 and
759 1029 322 54 conditions
1117 1029 59 52 in
1208 1030 237 53 modern
1479 1030 219 68 Egypt,
1730 1030 76 67 by
1842 1032 103 51 Dr.
1977 1031 265 54 Wendell
381 1031 1998 132 Cleland.

638 1108 192 68 [Cairo]
869 1112 151 51 1936.

455 1184 24 38 1
548 1216 8 7 v.

382 1235 2022 55 © Oct. 21, 1936; 2c. and aff. Dec. 5; A 100829; W. C leland, Cairo, Egypt.
381 1346 342 55 Commerce
753 1342 263 66 clearing
1042 1342 206 56 house.

451 1421 379 70 Regulations
868 1425 94 65 94;
1004 1420 142 54 with
1185 1421 388 68 explanation.
1685 1421 232 56 <Income
1953 1428 101 48 tax
2091 1423 182 53 under
2307 1423 96 52 the

379 1502 267 53 Revenue
682 1507 91 48 act
805 1501 64 55 of
905 1501 171 67 1936>
1151 1500 165 55 CCH
1348 1501 244 52 Federal
1626 1507 99 47 tax
1759 1501 214 54 service
2008 1502 390 68 supplement;

380 1580 95 54 the
505 1579 204 55 official
736 1585 139 63 text,
905 1579 142 55 with
1078 1581 246 68 changes
1353 1578 154 56 from
1538 1580 161 69 prior
1729 1580 356 70 regulations
2112 1580 290 56 indicated

381 1660 74 70 by
493 1658 208 69 italics,
739 1661 113 52 and
895 1660 142 54 with
1077 1659 374 69 explanation
1489 1660 65 53 of
1594 1660 291 69 principal
1925 1662 263 68 changes.
2264 1663 139 52 New

384 1740 178 69 York,
593 1740 256 69 Chicago
904 1745 121 64 [etc.]
1062 1740 329 56 Commerce
1419 1739 256 69 clearing
1701 1741 192 67 house,
1922 1739 129 68 inc.,
2077 1742 181 52 Loose
2283 1740 122 54 leaf

379 1818 214 56 service
629 1819 251 54 division
919 1819 64 54 of
1019 1820 97 52 the
1156 1818 387 69 Corporation
1581 1824 151 50 trust
1768 1838 284 49 company
2096 1853 12 34 [
2114 1826 17 21 c
2137 1824 152 64 1936]

451 1894 88 41 230
566 1905 43 38 p.
671 1892 149 44 22½cm.

381 1948 54 54 ©
469 1952 120 41 Nov.
626 1950 71 50 18,
734 1950 118 41 1936;
911 1949 68 41 2c.
1018 1950 96 40 and
1153 1950 82 41 aff.
1272 1951 119 39 Nov.
1428 1949 56 41 23;
1551 1950 41 39 A
1629 1948 175 42 100619;
1871 1950 282 42 Commerce
2187 1948 219 51 clearing

452 2009 166 48 house,
646 2008 92 40 inc.
804 2007 253 50 (37-1687)

382 2118 140 63 Cox,
552 2115 223 55 Mamie
800 2116 251 64 Wynne.

452 2196 120 51 The
603 2194 282 53 romantic
916 2195 143 67 flags
1091 2194 63 52 of
1185 2195 202 66 Texas,
1414 2194 75 68 by
1520 2193 215 54 Mamie
1763 2195 228 68 Wynne
2024 2196 136 54 Cox.
381 2195 1995 134 Foreword
579 2275 75 67 by

692 2274 195 67 Major
924 2274 157 55 John
1116 2275 91 53 W.
1247 2274 344 65 Thomason,
1628 2273 71 65 jr.
1773 2273 223 66 Dallas,
2035 2275 67 52 B.
2142 2274 260 64 Upshaw

380 2355 112 52 and
522 2372 302 48 company,
854 2355 151 50 1936.

451 2428 24 39 1
543 2459 7 9 v.

381 2480 53 54 ©
462 2485 118 39 Nov.
610 2483 71 48 11,
707 2481 116 41 1936;
879 2481 67 41 2c.
978 2481 96 40 and
1102 2481 83 41 aff.
1214 2482 114 40 Dec.
1355 2481 26 39 7;
1442 2481 40 40 A
1510 2480 175 41 101165;
1744 2481 168 40 Banks
1942 2479 218 51 Upshaw
2188 2482 37 41 &
2251 2491 68 32 co.

380 2647 206 64 Grock,
615 2645 288 57 Clement.

454 2765 57 11 ...
560 2722 337 55 Discourses
944 2741 72 34 on
1062 2741 169 51 grace
1276 2723 113 52 and
1436 2722 98 53 the
1579 2726 365 65 sacraments,
1991 2722 77 71 by
2114 2723 95 53 the
2259 2723 138 54 Rev.

379 2800 260 56 Clement
674 2800 188 56 Crock
900 2844 57 10 ...
1032 2801 140 54 New
1205 2800 166 54 York
1402 2799 135 71 city,
1572 2800 56 55 J.
1664 2801 67 53 F.
1765 2800 276 70 Wagner,
2076 2801 138 68 inc.;
378 2801 1996 150 London,
540 2881 68 54 B.

637 2880 462 68 Herder [ c 1936]
485 2986 8 16 x,
521 2954 87 42 293
634 2965 44 38 p.
740 2953 147 41 23½cm.

449 3012 354 48 Bibliography;
856 3021 44 38 p.
930 3012 123 41 v-vi.

377 3066 54 54 ©
452 3071 118 39 Nov.
594 3069 70 50 20,
688 3069 117 40 1936;
855 3068 66 41 2c.
948 3070 111 39 Dec.
1082 3068 28 40 9;
1164 3069 81 40 aff.
1269 3070 111 39 Dec.
1407 3068 26 41 8;
1485 3070 41 39 A
1549 3067 175 41 100892;
1777 3069 182 49 Joseph
1986 3070 52 41 F.
2062 3071 224 47 Wagner,
2310 3070 91 41 inc.

461 3126 255 51 (37-1733)

379 3232 307 65 Curwood,
715 3232 204 54 James
949 3231 217 67 Oliver,
1199 3233 328 55 1878-1927.

453 3350 56 10 ...
540 3308 177 53 Fleur
741 3309 77 52 du
843 3308 162 53 Nord
1042 3307 254 70 (Flower
1322 3308 65 54 of
1406 3309 95 53 the
1526 3308 216 69 North)
1814 3310 252 54 Traduit
2091 3329 107 50 par
2220 3309 176 54 Louis

376 3385 1006 70 Postif. [Paris] Hachette [ 1936]
447 3458 89 42 249
558 3470 58 38 p.,
645 3461 24 39 1
718 3491 9 8 l.
789 3459 115 42 19cm.
977 3459 98 49 (On
1100 3471 164 31 cover;
1292 3460 118 41 “Les
1438 3460 251 41 meilleurs
1714 3471 196 31 romans
1940 3461 307 49 étrangers”)

378 3514 1879 54 © July 23, 1936; 1c. Dec. 7; A- Foreign 33813; Librairie Hachette.
462 3574 255 50 (37-1558)

381 3673 285 65 [Delhaye
693 3676 70 52 de
791 3676 348 64 Marnyhac,
1168 3677 171 54 Mme.
1369 3677 127 67 Th.]
1531 3678 172 54 1875-

451 3794 56 11 ...
564 3751 182 69 Fred;
801 3771 89 51 ou,
940 3752 270 55 L’amour
1260 3760 54 48 et
1364 3774 83 35 ses
1496 3754 336 68 merveilles,
1882 3773 216 36 roman.
2181 3758 204 67 [Paris]

374 3829 67 54 E.
478 3831 397 55 Flammarion
935 3837 153 65 [1936]

445 3903 500 50 281 p., 2 1. 18 ½ cm.
447 3959 233 43 Author’s
708 3963 182 47 pseud.,
917 3963 53 42 T.
1000 3963 183 48 Trilby,
1213 3965 53 40 at
1293 3964 123 40 head
1447 3963 53 40 of
1527 3964 124 43 title.

375 4013 53 54 ©
460 4019 117 40 Nov.
609 4018 39 49 5,
682 4018 142 50 1936;
861 4019 65 44 1c.
959 4021 113 41 Dec.
1106 4020 81 44 10;
1223 4020 313 47 A-Foreign
1569 4019 172 50 33742;
1777 4022 178 40 Ernest
1990 4021 345 40 Flammarion.

456 4073 254 51 (37-1649)
