2519 4377
1295 4147 133 51 1182

415 541 27 41 3
469 551 44 38 p.
577 573 10 16 l.,
615 540 87 41 352
729 550 44 39 p.
829 540 56 41 21
889 543 15 21 cm
938 573 9 8 .

414 598 64 40 At
505 596 125 41 head
664 597 52 41 of
745 596 137 42 title:
915 596 171 42 Julian
1120 597 173 42 Green.

417 655 162 40 “First
612 652 229 43 edition.”

348 720 53 54 ©
438 725 120 48 Aug.
595 724 71 47 31,
705 723 142 49 1936;
885 723 67 41 2c.
993 725 130 48 Sept.
1161 725 52 47 1;
1256 724 82 41 aff.
1379 725 128 47 Sept.
1544 726 54 47 3;
1638 726 42 39 A
1716 724 172 49 97654;
1928 726 196 48 Harper
2163 726 37 40 &
2235 725 127 41 bros.

428 782 284 49 (36-18878)

346 886 242 64 Haines,
617 887 191 53 Donal
834 885 326 66 Hamilton,
1192 892 172 50 1886-

418 963 192 57 David
661 964 113 54 and
822 964 316 69 Jonathan,
1185 964 75 69 by
1308 964 192 55 Donal
1547 964 307 55 Hamilton
1901 964 236 55 Haines.
2223 964 138 54 New

351 1044 176 64 York,
553 1044 217 53 Farrar
794 1047 46 52 &
866 1043 301 60 Rinehart,
1192 1045 107 52 inc.
1331 1077 12 34 [
1349 1050 18 21 c
1372 1046 153 65 1936]

415 1115 28 38 4
474 1124 43 38 p.
586 1145 8 16 l.,
627 1112 148 42 3-298
807 1125 43 38 p.
910 1113 150 43 front.
1121 1114 147 42 19½cm.

350 1182 53 54 ©
446 1187 128 47 Sept.
614 1187 39 48 1,
695 1186 115 41 1936;
878 1186 68 41 2c.
989 1186 96 41 and
1122 1185 85 43 aff.
1251 1187 129 48 Sept.
1419 1188 54 46 3;
1515 1187 41 40 A
1596 1186 171 48 97629;
1812 1188 57 40 D.
1910 1188 59 38 H.
2013 1185 202 49 Haines,
2254 1187 110 40 Ann

416 1244 171 42 Arbor.
655 1243 284 49 (36-18964)

344 1347 167 64 Hale,
541 1349 258 54 Edward
829 1349 270 66 Everett,
1130 1354 328 53 1822-1909.

414 1423 122 54 The
562 1442 137 35 man
726 1424 244 55 without
999 1443 32 36 a
1059 1429 261 66 country,
1347 1425 78 70 by
1453 1425 257 54 Edward
1739 1425 239 53 Everett
2007 1424 181 69 Hale;
2221 1421 143 56 with

343 1519 72 36 an
451 1501 394 55 introduction
882 1503 77 70 by
994 1502 137 56 Carl
1167 1504 131 55 Van
1334 1504 196 53 Doren
1566 1503 114 54 and
1717 1501 384 56 illustrations
2134 1502 77 70 by
343 1502 1996 132 Edward
529 1580 72 55 A.
629 1579 243 57 Wilson.
937 1582 141 54 New
1109 1581 181 70 York,
1319 1582 122 54 The
1470 1581 253 55 Limited
1752 1581 247 55 editions
2030 1581 147 70 club,
2211 1583 151 52 1936.

414 1653 28 40 2
465 1665 44 39 p.
567 1686 10 18 l.,
608 1655 166 51 [vii]-x
796 1666 59 39 p.,
878 1655 27 40 2
965 1688 8 15 l.,
1001 1655 70 52 55,
1100 1657 55 51 [1]
1180 1666 44 39 p.
1250 1656 110 41 inch
1384 1657 87 40 col.
1496 1656 175 49 plates.
1730 1655 118 42 26cm.

417 1711 203 42 Colored
647 1712 307 43 illustration
981 1724 61 30 on
1066 1715 127 47 t.-p.;
1222 1714 193 41 colored
1440 1713 293 48 head-piece.

422 1767 231 43 “Printed
691 1771 53 39 at
776 1770 83 40 the
892 1769 331 41 Marchbanks
1256 1780 139 39 press
1432 1771 50 39 in
1516 1770 119 40 New
1669 1769 132 40 York
1836 1768 112 48 city.
2016 1769 197 41 Fifteen
351 1768 1999 97 hundred

504 1825 161 49 copies
700 1826 125 42 have
859 1826 120 41 been
1013 1828 140 40 made
1189 1828 80 39 for
1302 1828 83 41 the
1421 1826 239 42 members
1697 1827 53 40 of
1785 1828 84 42 the
1905 1825 211 42 Limited
2155 1826 212 41 editions

351 1880 121 47 club,
504 1883 83 40 the
614 1882 333 42 illustrations
974 1884 182 48 having
1183 1883 120 41 been
1332 1884 298 48 reproduced
1661 1884 212 47 through
1903 1883 199 42 stencils
2130 1883 62 47 by
2220 1883 146 45 hand.

350 1936 120 41 This
497 1948 119 39 copy
642 1939 43 40 is
710 1939 206 41 number
940 1939 266 49 Copyright
1235 1951 119 37 copy
1382 1940 169 49 signed
1578 1940 62 48 by
1667 1940 54 42 E.
1750 1940 54 40 A.
1834 1940 231 40 Wilson.”

346 1992 55 53 ©
431 1997 117 47 July
579 1999 69 47 17,
681 1998 142 48 1936;
857 1999 68 40 2c.
958 1999 95 39 and
1088 1999 81 40 aff.
1203 1999 120 47 Aug.
1356 1999 83 48 12;
1473 2000 42 38 A
1545 1998 173 48 96856;
1753 1998 212 41 Limited
1997 1998 212 41 editions
2241 1998 124 48 club,

418 2053 91 41 inc.
575 2054 286 49 [Copyright
891 2055 44 40 is
967 2055 211 42 claimed
1208 2066 61 29 on
1298 2055 349 49 introduction,
1682 2055 333 41 illustrations
2049 2056 97 41 and
2181 2052 184 52 design]

429 2111 284 52 (36-18845)

370 2214 350 69 [Hallstrom,
750 2215 137 57 Olof
915 2215 234 69 Alfred]
1184 2222 172 51 1890-

422 2293 197 53 Youth
666 2293 192 69 north,
902 2293 78 70 by
1027 2293 144 56 Olof
1216 2294 144 53 Hall
1434 2294 197 69 [pseud.]
1743 2293 299 69 Caldwell,
2089 2293 111 69 Id.,
2247 2292 124 54 The

347 2371 226 56 Caxton
607 2371 272 70 printers,
912 2373 124 68 ltd.,
1072 2376 151 51 1936.

417 2447 87 40 425
532 2457 43 39 p.
665 2446 29 42 19½
723 2450 46 21 cm
773 2479 10 9 .

350 2500 53 53 ©
437 2504 118 48 July
587 2504 69 48 25,
693 2504 142 48 1936;
872 2503 67 41 2c.
977 2504 95 40 and
1107 2504 82 42 aff.
1226 2505 121 47 Aug.
1383 2504 83 48 22;
1504 2506 42 38 A
1576 2504 172 49 97483;
1788 2505 192 41 Caxton
2014 2503 230 49 printers,
2280 2503 87 41 ltd.

431 2561 284 51 (36-18876)

349 2666 270 66 Hayden,
645 2667 223 64 Harry.

420 2742 1886 70 The story of the Wilmington rebellion, by Harry Hayden …
356 2821 422 69 [Wilmington,
804 2822 69 53 N.
908 2821 81 68 C.]
1022 2828 21 23 c
1049 2825 149 51 1936.

420 2895 284 48 cover-title,
738 2895 57 42 32
828 2907 43 38 p.
931 2895 147 42 23½cm.

352 2949 54 54 ©
428 2954 117 47 July
569 2954 68 47 15,
663 2953 142 48 1936;
833 2953 66 39 2c.
927 2954 117 46 July
1065 2953 83 48 20;
1177 2953 83 41 aff.
1286 2954 119 46 Aug.
1433 2953 54 48 6;
1514 2954 42 38 A
1580 2952 172 48 96802;
1781 2953 61 40 H.
1870 2952 223 48 Hayden,

422 2951 1930 107 Wilmington,
551 3012 56 39 N.
640 3011 51 41 C.
760 3009 283 51 (36-18982)

351 3116 204 64 Hines,
580 3116 141 55 Mrs.
746 3115 167 54 Nelle
944 3115 343 66 (Womack)
1320 3134 179 48 comp.

422 3193 55 52 A
527 3199 255 48 treasure
831 3192 194 54 album
1076 3192 65 54 of
1184 3190 418 70 Milledgeville
1655 3192 113 53 and
1822 3191 269 54 Baldwin
2144 3194 225 63 county,

351 3271 268 68 Georgia,
648 3272 284 67 compiled
965 3271 113 54 and
1109 3271 190 54 edited
1329 3271 76 67 by
1436 3270 161 55 Nelle
1628 3270 278 55 Womack
1937 3269 201 54 Hines.
356 3267 1989 151 [Milledgeville,
702 3349 125 68 Ga.]
862 3350 172 53 Press
1060 3348 66 55 of
1153 3349 95 54 the
1279 3349 55 55 J.
1367 3350 89 54 W.
1490 3348 196 55 Burke
1715 3367 300 49 company,
2049 3351 149 50 1936.

423 3424 56 40 52
511 3435 41 37 p.
614 3423 127 40 illus.
773 3422 131 48 (inch
937 3425 163 46 ports.,
1133 3423 128 49 plan,
1291 3421 215 49 facsim.)
1573 3422 58 41 32
1633 3425 45 21 cm
1683 3455 8 8 .

425 3481 129 40 “The
587 3479 209 50 original
830 3480 199 41 articles
1062 3480 242 49 appeared
1338 3490 60 30 on
1431 3479 83 41 the
1547 3478 227 42 editorial
1810 3489 121 38 page
1964 3478 52 40 of
2051 3478 80 40 the
2165 3478 201 40 Atlanta

351 3536 240 48 journal.”

355 3591 52 53 ©
436 3596 120 45 Aug.
587 3595 67 47 10,
687 3593 140 48 1936;
858 3594 67 41 2c.
958 3594 96 39 and
1084 3593 83 43 aff.
1197 3595 120 46 Aug.
1345 3594 82 47 13;
1459 3594 41 38 A
1529 3591 172 49 97359;
1734 3593 55 40 N.
1820 3593 71 40 W.
1922 3591 170 49 Hines,
425 3590 1927 110 Milledgeville,
584 3652 87 40 Ga.
738 3650 283 50 (36-18983)

355 3755 282 64 Hispanic
665 3755 228 65 society
918 3755 66 54 of
1010 3754 297 56 America.

428 3831 316 69 Catalogue
775 3832 64 52 of
870 3833 147 52 laces
1050 3833 113 52 and
1196 3829 402 55 embroideries
1631 3829 59 53 in
1723 3831 95 51 the
1850 3829 298 53 collection
2177 3827 65 54 of
2273 3828 97 52 the

359 3906 2009 73 Hispanic society of America, by Florence Lewis May … With
363 3991 95 49 120
488 3988 398 54 illustrations.
951 3990 139 52 New
1118 3988 181 67 York,
1328 3988 242 53 Printed
1597 3986 75 69 by
1701 3988 166 52 order
1895 3985 63 53 of
1989 3987 95 51 the
2111 3991 257 60 trustees,

360 4070 148 50 1936.
