2519 4377
1318 4153 101 50 202

373 461 262 66 [Bechtle,
667 462 270 55 Walther
967 462 340 69 Wolfgang]
1346 471 170 49 1892-

421 541 116 53 Kai
580 559 100 34 aus
722 540 100 53 der
860 539 176 65 kiste;
1079 540 123 54 eine
1241 560 145 48 ganz
1425 541 406 69 unglaubliche
1871 541 340 68 geschichte,
2253 561 109 37 von

347 616 167 54 Wolf
546 615 229 54 Durian
830 616 258 68 [pseud.];
1129 616 208 70 edited,
1376 618 140 53 with
1551 624 178 63 notes,
1767 617 307 70 questions,
2116 620 112 53 and

350 638 1988 205 vocabulary, by John L. Kind … New York, H. Holt and company [ c1 936]
421 846 952 49 vii, 103, lviii p. illus., 2 pl. 17 cm .
351 917 53 55 ©
437 921 110 40 Feb.
580 921 70 49 27,
684 919 141 42 1936:
861 920 68 41 2c.
962 922 96 39 and
1092 921 82 41 aff.
1209 923 120 39 Mar.
1362 923 54 46 4;
1452 924 38 38 A
1524 923 171 40 92062:
1732 924 169 48 Henry
1936 923 123 41 Holt
2090 924 36 39 &
2157 934 82 37 co.,
2273 924 93 42 inc.

431 979 253 48 (36-6637)

350 1082 244 65 Becker,
628 1082 243 66 Robert,
907 1088 172 50 1890-

422 1159 122 54 The
578 1159 115 68 dog
726 1158 164 69 book,
925 1157 74 71 by
1036 1158 124 54 Bob
1195 1158 228 55 Becker.
1525 1158 267 70 [Chicago]
1837 1159 253 69 Chicago
2127 1158 243 73 tribune,

352 1246 17 22 c
376 1241 151 50 1936.

421 1308 57 42 94
511 1320 44 38 p.
616 1309 130 42 illus.
807 1309 55 41 23
866 1311 44 21 cm
915 1339 9 9 .

352 1380 2015 55 © Jan. 10, 1936; 2c. and aff. Feb. 21; A 91879; Tribune co., Chicago.
433 1441 253 49 (36-6462)

351 1544 287 66 Beighey,
667 1546 70 54 D.
765 1544 199 65 Clyde,
994 1550 171 49 1890-

424 1622 157 54 First
630 1622 216 54 studies
897 1622 60 52 in
1009 1621 271 69 business,
1331 1621 137 54 with
1523 1622 316 53 correlated
1892 1621 346 70 arithmetic,
2291 1623 75 70 by

354 1700 2013 71 Clyde Beighey … and Elmer E. Spanabel … Boston, New
356 1780 163 54 York
662 1814 30 34 [etc.]
726 1779 158 56 Ginn
914 1780 114 53 and
1056 1797 282 52 company
1373 1813 14 35 [
1391 1786 18 22 c
1414 1782 136 51 1936
1553 1812 14 36 ]

426 1855 65 49 xi,
531 1855 86 41 522
659 1865 43 38 p.
746 1854 109 40 incl.
898 1854 165 48 front.,
1106 1854 143 46 illus.,
1293 1864 151 39 maps,
1485 1854 130 48 plan,
1659 1854 195 49 diagrs.,
1895 1854 169 41 forms.
2124 1854 55 40 21½
2215 1858 45 22 cm
2263 1888 10 10 .

354 1925 54 54 ©
435 1930 109 40 Jan.
573 1929 40 48 9,
641 1927 142 47 19316;
813 1928 68 40 2c.
911 1928 111 40 Feb.
1050 1926 82 47 19;
1163 1927 81 40 aff.
1274 1927 110 41 Feb.
1414 1928 82 46 17;
1526 1928 41 39 A
1593 1927 173 48 91810;
1839 1961 8 9 C.
1877 1929 229 49 Beighey,
2135 1930 235 49 Macomb,

427 1987 91 47 Ill.,
545 1987 95 39 and
670 1986 166 39 Elmer
860 1986 52 39 E.
945 1985 256 48 Spanabel,
1230 1984 347 49 Wilkinsburg,
1608 1986 84 39 Pa.
1760 1985 254 49 (36-6576)

354 2088 212 65 Belloc,
596 2088 247 67 Hilaire,
876 2089 174 55 1870-

426 2166 121 54 The
577 2166 178 53 battle
785 2164 242 69 ground,
1058 2166 73 67 by
1162 2164 226 54 Hilaire
1418 2162 212 70 Belloc,
1659 2164 141 55 with
1830 2181 103 38 one
1964 2164 261 54 coloured
2259 2165 112 53 and

356 2244 86 54 six
474 2244 115 55 line
620 2263 180 49 maps.
873 2242 239 55 London
1258 2277 28 34 [etc.]
1327 2241 211 56 Cassell
1572 2242 114 55 and
1719 2261 299 52 company,
2051 2243 102 56 ltd.
2356 2280 12 33 [1936]

425 2315 1227 51 7 p. l., 3-364 p. front., illus. (maps) 22½ cm .
357 2387 2015 54 © 1c. Feb. 14, 1936; A ad int. 21108; pubd. Jan. 30; H. Belloc, Shipley,
426 2449 262 47 Horsham,
720 2449 237 47 England.
1028 2446 251 50 (36-6970)

356 2554 319 65 Bennison,
704 2554 144 55 Ben.

435 2632 226 68 [Giants
701 2651 72 35 on
812 2631 232 68 parade.
1119 2631 98 51 4th
1257 2631 349 66 instalment]
1689 2630 121 53 The
1848 2630 228 69 mighty
2116 2635 153 49 atom
2309 2632 63 51 of

357 2711 231 68 boxing.

444 2786 82 47 (In
559 2780 204 44 London
790 2779 103 44 The
925 2779 197 52 People,
1153 2778 114 44 Jan.
1301 2779 71 50 19,
1407 2778 143 50 1936)

359 2851 2014 55 © 1c. Mar. 16, 1936; A ad int. 21192; pubd. Jan. 19; B. Bennison,
431 2914 212 40 London.

359 3017 299 64 Bertram,
688 3015 307 64 Anthony,
1030 3018 168 52 1897-

433 3092 140 56 Like
598 3092 96 55 the
720 3091 275 68 phoenix;
1026 3110 30 34 a
1084 3089 161 54 novel
1276 3089 70 68 by
1377 3088 272 68 Anthony
1678 3088 279 53 Bertram.
2029 3088 135 54 New
2203 3088 172 67 York,

361 3172 87 54 W.
476 3172 254 52 Morrow
756 3170 45 50 &
825 3187 100 47 co.,
951 3171 150 51 1936.

429 3241 599 50 4 p. l., 312 p. 20½ cm .
363 3313 53 53 ©
455 3318 121 40 Mar.
616 3317 39 48 5,
695 3315 118 40 1936;
878 3314 67 40 2c.
987 3315 96 41 and
1123 3313 82 40 aff.
1246 3315 122 39 Mar.
1410 3314 51 45 7;
1506 3313 38 38 A
1584 3310 171 49 93092;
1797 3313 54 40 A.
1894 3314 243 47 Bertram,
2178 3312 196 49 Bignor,

432 3373 326 48 Pulborough,
794 3372 194 47 Sussex,
1023 3371 235 47 England.
1331 3368 252 49 (36-6472)

361 3477 185 65 Bond,
572 3477 223 64 James,
825 3480 172 51 1900-

433 3549 1943 69 Birds of the West Indies, by James Bond … An account
364 3631 142 55 with
543 3632 116 53 full
697 3629 378 71 descriptions
1113 3629 64 55 of
1217 3630 77 52 all
1332 3629 96 53 the
1464 3628 160 53 birds
1661 3627 208 54 known
1908 3633 59 49 to
2008 3646 167 35 occur
2213 3647 63 34 or
2315 3633 59 48 to

364 3710 145 54 have
555 3710 269 54 occurred
872 3727 74 36 on
993 3708 94 54 the
1133 3709 162 54 West
1338 3706 214 53 Indian
1600 3705 233 54 islands.
1922 3704 449 71 [Philadelphia]

362 3788 124 54 The
524 3787 297 68 Academy
857 3786 64 55 of
958 3786 233 54 natural
1227 3783 241 56 sciences
1508 3784 63 53 of
1609 3783 431 69 Philadelphia,
2080 3787 152 50 1936.

434 3858 1091 52 xxiv, 456 p. col. front., illus., pl. 19 cm .
437 3917 115 50 Map
585 3929 62 31 on
677 3918 137 41 front
848 3917 351 50 lining-paper;
1234 3919 155 39 meter
1420 3915 113 41 inch
1567 3915 104 42 rule
1704 3926 60 30 on
1797 3915 123 40 back
1951 3914 339 50 lining-paper.

435 3975 379 50 Bibliography:
845 3987 44 38 p.
919 3975 139 43 xxiii.

366 4029 52 54 ©
450 4035 109 39 Jan.
592 4033 71 50 29,
695 4032 141 44 1936;
870 4034 66 40 2c.
970 4035 96 39 and
1098 4033 83 41 aff.
1215 4032 109 40 Feb.
1359 4031 81 47 10;
1475 4032 42 38 A
1547 4030 171 47 91681;
1754 4030 44 41 J.
1832 4029 151 48 Bond,
2019 4027 356 49 Philadelphia.

445 4091 254 49 (36-6616)
