2519 4377
999 4087 130 51 1893

146 501 63 47 ix,
237 501 86 42 485
348 512 41 37 p.
418 503 109 39 incl.
555 502 164 48 front.,
747 501 142 47 illus.,
918 502 179 47 diagrs.
1157 500 54 42 23½
1245 504 43 21 cm
1293 531 8 9 .

146 559 187 40 “Books
362 569 59 30 on
453 559 340 47 cyanidation”;
853 570 41 37 p.
926 559 217 41 453-454.

75 612 52 53 ©
155 617 115 38 Nov.
301 615 68 48 25,
398 616 140 43 1936;
569 615 66 39 2c.
670 618 107 38 Dec.
851 628 8 35 4;
893 617 80 40 aff.
1003 618 117 38 Nov.
1151 615 80 47 28;
1265 617 38 38 A
1335 614 198 48 100790;
1569 615 346 39 McGraw-Hill
1951 616 122 37 book

145 684 81 31 co.,
257 673 88 39 inc.
413 671 162 46 (37-7)

74 775 284 64 Dschung
380 776 154 61 Kue;
563 777 153 65 oder,
742 778 116 49 Der
881 776 316 64 bezwinger
1222 776 99 51 der
1345 776 194 52 teufel.
1604 777 281 51 Deutsche

144 775 1903 145 übertragung
413 854 140 52 nach
582 854 124 52 dein
732 854 380 52 chinesischen
1141 853 265 67 original,
1429 872 108 33 von
1565 854 216 54 Claude
1806 852 75 52 du
1910 854 159 50 Bois-

144 932 310 66 Reymond.
531 932 436 66 Durchgesehen
1035 950 105 35 von
1206 932 156 54 John
1425 931 227 54 Hefter.
1731 930 215 69 Berlin,
2014 930 55 57 S.

143 1009 231 54 Fischer
406 1013 171 64 [1936]

146 1085 14 36 1
233 1115 7 7 v.

74 1134 1997 54 © Apr. 30, 1936; 1c. Aug. 18; A -Foreign 32751; S. Fischer verlag, a.-g.
73 1257 245 64 Dudley,
344 1257 307 64 Adolphus
676 1256 326 66 Mansfield,
1033 1259 171 54 1877-

142 1332 355 70 Connecting
537 1333 295 53 induction
871 1339 241 63 motors;
1154 1335 95 54 the
1293 1333 273 69 practical
1609 1334 352 68 application
2007 1334 63 54 of

72 1431 30 33 a
131 1411 302 69 designing
462 1411 309 69 engineer’s
801 1412 327 67 experience
1157 1418 58 47 to
1245 1413 95 53 the
1367 1412 284 68 problems
1677 1412 64 53 of
1768 1416 304 64 operating

71 1489 308 69 engineers,
416 1494 288 49 armature
738 1489 244 55 winders
1019 1491 111 52 and
1168 1489 190 69 repair
1392 1509 143 34 men.
1610 1492 141 53 Also
1787 1492 95 52 the
71 1510 1975 111 presentation
359 1574 58 47 to

450 1568 258 54 students
742 1567 64 54 of
838 1568 274 68 practical
1147 1568 286 68 questions
1466 1568 219 69 arising
1719 1569 59 53 in
1810 1569 261 69 winding

71 1647 111 52 and
210 1648 336 67 connecting
574 1647 351 68 alternating
952 1653 228 47 current
1206 1654 228 48 motors.
1510 1649 89 66 By
1627 1648 71 53 A.
1729 1649 79 52 M.
1840 1649 230 67 Dudley

76 1768 56 10 ...
212 1725 70 53 3d
317 1723 83 54 ed.
475 1726 139 52 New
649 1726 164 53 York
844 1726 112 53 and
989 1726 257 66 London,
1281 1725 429 55 McGraw-Hill
1744 1726 145 53 book
71 1745 1975 127 company,
275 1803 124 68 inc.,
434 1808 149 49 1936.

211 1909 9 16 xv,
246 1876 86 42 464
359 1887 43 37 p.
462 1876 143 49 illus.,
636 1876 181 48 diagrs.
876 1875 55 41 23½
964 1878 44 21 cm
1013 1909 9 9 .

73 1930 52 53 ©
160 1936 110 38 Dec.
304 1935 40 46 4,
379 1933 139 44 1936;
555 1934 66 38 2c.
661 1935 109 39 Dec.
805 1933 53 47 8;
896 1934 81 39 aff.
1014 1935 110 37 Dec.
1160 1932 53 47 9;
1249 1934 39 38 A
1324 1931 199 49 101211;
1563 1932 346 40 McGraw-Hill
1952 1934 122 37 book

142 2002 81 36 co.,
253 1990 88 40 inc.
407 1989 192 49 (37-15)

72 2093 204 65 Duley,
306 2095 324 62 Margaret.

141 2172 119 51 The
286 2187 125 49 eyes
437 2171 62 50 of
525 2172 94 50 the
644 2170 141 68 gull,
811 2171 73 66 by
911 2171 293 66 Margaret
1232 2170 215 67 Duley;
1477 2170 139 53 with
1645 2170 160 52 wood
72 2185 1974 131 engravings
237 2249 73 55 by
350 2249 249 54 Gwenda
644 2249 261 67 Morgan.
983 2249 256 55 London,
1280 2250 69 52 A.
1395 2248 236 67 Barker,
1670 2248 102 52 ltd.
1822 2251 172 65 [1936]

141 2322 26 40 3
194 2333 40 37 p.
263 2323 40 42 l.,
331 2320 143 42 9-200
500 2333 42 36 p.
599 2321 54 38 19
658 2324 43 21 cm
706 2354 8 8 .

143 2378 330 48 Head-pieces.

72 2431 2000 53 © 1c. Dec. 14. 1936; A ad int. 22249; pubd. Oct. 18; Margaret Iris
144 2492 167 48 Duley,
342 2493 67 39 St.
437 2490 169 41 John’s
633 2491 405 39 Newfoundland.
1106 2490 221 48 (37-469)

71 2595 197 63 Foote,
297 2594 294 64 Clarence,
618 2599 171 49 1892-
1002 2611 178 49 comp.

138 2671 54 52 A
230 2671 292 54 memorial
562 2688 194 35 census
794 2669 93 54 for
926 2670 437 69 Duanesburgh,
1402 2670 137 53 with
1577 2671 360 67 supplement
1977 2669 92 52 for

68 2747 1978 146 the bordering towns. Compiled by Clarence Foote ... Delanson, N. Y., The author [ c 1935]
140 2898 85 42 159
244 2911 43 38 p.
348 2898 127 42 illus.
506 2899 158 50 (map)
723 2898 54 41 22
782 2902 43 22 cm
829 2932 9 9 .

140 2956 158 41 Blank
325 2967 121 40 page
474 2957 81 41 for
585 2957 204 41 “Notes”
831 2957 133 48 (156)

227 3017 1837 70 — Supplement to A memorial census for Duanesburgh ...
70 3095 299 70 Compiled
397 3097 73 67 by
499 3095 273 56 Clarence
800 3097 176 52 Foote
1009 3139 55 9 ...
1143 3096 306 67 Delanson,
1476 3096 71 52 N.
1578 3096 90 67 Y.,
1694 3096 121 53 The
1846 3097 222 67 author,

67 3180 18 22 c
91 3177 149 50 1935.

143 3246 233 51 [161]-244
395 3257 44 38 p.
497 3245 118 43 23cm.

143 3303 253 41 “Includes
426 3314 28 29 a
485 3314 173 31 census
689 3304 51 40 of
770 3305 82 40 the
884 3304 272 48 Espérance
1187 3307 253 44 cemetery,
1472 3304 253 48 recording
1754 3305 169 47 nearly
1954 3304 115 42 1800

71 3370 165 31 names
265 3360 48 40 in
341 3360 85 40 450
455 3360 229 41 families.
741 3361 126 49 Also,
898 3362 39 39 it
965 3360 108 41 lists
1102 3362 141 39 much
1274 3361 224 41 valuable
1528 3359 317 42 information
70 3362 1978 103 regarding

173 3420 239 44 cemetery
435 3418 194 40 records
653 3418 48 39 in
728 3418 83 41 the
834 3418 138 40 other
997 3420 154 38 towns
1176 3417 258 49 bordering
1458 3417 396 49 Duanesburgh.”

141 3473 346 50 Bibliography;
547 3485 43 38 p.
612 3473 100 42 232.

73 3527 52 54 ©
162 3533 110 39 Dec.
309 3531 68 43 27.
416 3530 112 41 1935;
593 3532 68 40 2c.
700 3533 109 38 Dec.
847 3530 82 42 30;
969 3531 82 39 aff.
1090 3532 107 39 Jan.
1238 3530 68 44 14.
1347 3529 112 42 1936;
1526 3532 37 38 A
1602 3528 170 51 91189;
1815 3531 48 42 C.
1906 3532 163 48 Foote,

144 3589 259 46 Delanson,
433 3590 54 38 N.
521 3589 52 40 Y.
643 3587 193 50 (37-68)

74 3684 231 63 Gaines,
336 3686 221 53 Carene
585 3684 366 55 Vandersall.

145 3758 219 55 Secrets
392 3760 63 52 of
482 3760 206 68 beauty
722 3760 111 52 and
867 3760 210 67 charm,
1108 3760 74 67 by
1218 3759 213 55 Carene
1464 3758 340 53 Vandersall
1841 3758 223 55 Gaines.

74 3836 1272 68 Lynn, Mass., The Concord press [ c 1936]
204 3907 27 39 116
263 3918 42 37 p.
365 3907 134 41 front.
542 3908 173 48 (port.)
758 3909 127 39 illus.
946 3909 54 40 23
1003 3911 44 21 cm
1053 3941 8 8 .

74 3961 1994 54 © Aug. 15, 1936; 2c. Nov. 4; aff. Dec. 10; A 101241; C . V. Gaines, Los
145 4023 216 41 Angeles.
425 4022 191 52 (37-18)
