<alto xmlns="http://www.loc.gov/standards/alto/ns-v3#" xmlns:xsi="http://www.w3.org/2001/XMLSchema-instance" xsi:schemaLocation="http://www.loc.gov/standards/alto/ns-v3# http://www.loc.gov/alto/v3/alto-3-0.xsd"><Description>
<MeasurementUnit>pixel</MeasurementUnit>
<sourceImageInformation>
<fileName>1936_v33_Part1.pdf</fileName>
</sourceImageInformation>
<OCRProcessing ID="IdOcr">
<ocrProcessingStep>
<processingDateTime>2019-01-18</processingDateTime>
<processingSoftware>
<softwareCreator>ABBYY</softwareCreator>
<softwareName>ABBYY Recognition Server</softwareName>
<softwareVersion>4.0</softwareVersion>
</processingSoftware>
</ocrProcessingStep>
</OCRProcessing>
</Description>
<Styles>
<ParagraphStyle ALIGN="Left" FIRSTLINE="0." ID="StyleId-FFFFFFFF-FFFF-FFFF-FFFF-FFFFFFFFFFFF-" LEFT="0." RIGHT="0." />
<ParagraphStyle ALIGN="Left" FIRSTLINE="0." ID="StyleId-51D50FAC-7A90-4D70-8A96-5EA9D46D1C8B-" LEFT="0." LINESPACE="7.699999809" RIGHT="0." />
<ParagraphStyle ALIGN="Block" FIRSTLINE="-17." ID="StyleId-6BC133E9-7DCB-43C3-8842-A67984A26405-" LEFT="0." LINESPACE="8.340000153" RIGHT="0." />
<ParagraphStyle ALIGN="Left" FIRSTLINE="-13." ID="StyleId-3C3FF860-43E7-46A2-8934-48F305F6F0D6-" LEFT="0." LINESPACE="11.06999969" RIGHT="0." />
<ParagraphStyle ALIGN="Block" FIRSTLINE="-13." ID="StyleId-19220C76-4F8A-4737-B38C-B5F5C17E6040-" LEFT="0." LINESPACE="11.06999969" RIGHT="0." />
<ParagraphStyle ALIGN="Left" FIRSTLINE="0." ID="StyleId-75A0D721-13ED-4F20-9002-B389EC48477D-" LEFT="0." LINESPACE="15.5" RIGHT="0." />
<ParagraphStyle ALIGN="Left" FIRSTLINE="0." ID="StyleId-8A414184-C7A5-4AC7-9B88-7DA4DDE75922-" LEFT="0." LINESPACE="9.399999619" RIGHT="0." />
<ParagraphStyle ALIGN="Left" FIRSTLINE="0." ID="StyleId-1A87970B-111C-4169-99A6-9412976F3C97-" LEFT="0." LINESPACE="10.5" RIGHT="0." />
<ParagraphStyle ALIGN="Block" FIRSTLINE="-17." ID="StyleId-72DB0571-5AE4-41FD-9E11-68C6AC4C437E-" LEFT="0." LINESPACE="8.340000153" RIGHT="0." />
<ParagraphStyle ALIGN="Center" FIRSTLINE="0." ID="StyleId-1AA43056-C388-4697-B10F-72FDAA38FAE1-" LEFT="0." LINESPACE="10.5" RIGHT="0." />
</Styles>
<Layout>
<Page HEIGHT="4377" ID="Page969" PHYSICAL_IMG_NR="969" WIDTH="2519">
<TopMargin HEIGHT="420" HPOS="0" VPOS="0" WIDTH="2519">
</TopMargin>
<LeftMargin HEIGHT="3625" HPOS="0" VPOS="420" WIDTH="104">
</LeftMargin>
<RightMargin HEIGHT="3625" HPOS="2122" VPOS="420" WIDTH="397">
</RightMargin>
<BottomMargin HEIGHT="332" HPOS="0" VPOS="4045" WIDTH="2519">
<TextBlock HEIGHT="208" HPOS="992" ID="Page969_Block1" LANG="en-US" STYLEREFS="StyleId-24EF46C9-1CF8-4D62-8CFE-CB14680F89D5-" VPOS="4045" WIDTH="365">
<TextLine HEIGHT="50" HPOS="1052" VPOS="4077" WIDTH="100">
<String CONTENT="969" HEIGHT="50" HPOS="1052" VPOS="4077" WIDTH="100" />
</TextLine>
</TextBlock>
</BottomMargin>
<PrintSpace HEIGHT="3625" HPOS="104" VPOS="420" WIDTH="2018">
<TextBlock CS="1" HEIGHT="3625" HPOS="104" ID="Page969_Block2" LANG="en-US" STYLEREFS="StyleId-AEF888E5-C9AD-444A-8C4C-954355734ED6-" VPOS="420" WIDTH="2018">
<TextLine HEIGHT="66" HPOS="118" LANG="fr" STYLEREFS="StyleId-AAD2B44B-6837-46BC-9FD3-627A9205BA75-" VPOS="431" WIDTH="834">
<String CONTENT="Hoffmann," HEIGHT="64" HPOS="118" VPOS="433" WIDTH="339" />
<SP HEIGHT="63" HPOS="458" VPOS="434" WIDTH="23" />
<String CONTENT="Walter" HEIGHT="52" HPOS="482" VPOS="434" WIDTH="223" />
<SP HEIGHT="54" HPOS="706" VPOS="432" WIDTH="24" />
<String CONTENT="Gailey." HEIGHT="64" HPOS="731" VPOS="431" WIDTH="221" />
</TextLine>
<TextLine HEIGHT="69" HPOS="185" LANG="fr" STYLEREFS="StyleId-55D3B97A-BAAD-4F31-91F3-F3DFCB3EABED-" VPOS="520" WIDTH="1919">
<String CONTENT="Pacific" HEIGHT="53" HPOS="185" VPOS="522" WIDTH="211" />
<SP HEIGHT="35" HPOS="397" VPOS="540" WIDTH="34" />
<String CONTENT="relations;" HEIGHT="68" HPOS="432" VPOS="521" WIDTH="297" />
<SP HEIGHT="63" HPOS="730" VPOS="526" WIDTH="36" />
<String CONTENT="the" HEIGHT="53" HPOS="767" LANG="en-US" VPOS="522" WIDTH="95" />
<SP HEIGHT="34" HPOS="863" VPOS="540" WIDTH="34" />
<String CONTENT="races" HEIGHT="36" HPOS="898" VPOS="538" WIDTH="152" />
<SP HEIGHT="34" HPOS="1051" VPOS="541" WIDTH="35" />
<String CONTENT="and" HEIGHT="53" HPOS="1087" VPOS="522" WIDTH="110" />
<SP HEIGHT="52" HPOS="1198" VPOS="522" WIDTH="36" />
<String CONTENT="nations" HEIGHT="53" HPOS="1235" VPOS="521" WIDTH="226" />
<SP HEIGHT="35" HPOS="1462" VPOS="539" WIDTH="34" />
<String CONTENT="of" HEIGHT="52" HPOS="1497" LANG="en-US" VPOS="520" WIDTH="64" />
<SP HEIGHT="53" HPOS="1562" VPOS="520" WIDTH="34" />
<String CONTENT="the" HEIGHT="52" HPOS="1597" LANG="en-US" VPOS="521" WIDTH="94" />
<SP HEIGHT="51" HPOS="1692" VPOS="522" WIDTH="34" />
<String CONTENT="Pacific" HEIGHT="54" HPOS="1727" VPOS="520" WIDTH="211" />
<SP HEIGHT="34" HPOS="1939" VPOS="540" WIDTH="36" />
<String CONTENT="area" HEIGHT="35" HPOS="1976" VPOS="539" WIDTH="128" />
</TextLine>
<TextLine CS="1" HEIGHT="70" HPOS="117" STYLEREFS="StyleId-55D3B97A-BAAD-4F31-91F3-F3DFCB3EABED-" VPOS="598" WIDTH="1988">
<String CONTENT="and" HEIGHT="51" HPOS="117" LANG="en-US" VPOS="602" WIDTH="111" />
<SP HEIGHT="51" HPOS="229" VPOS="602" WIDTH="33" />
<String CONTENT="their" HEIGHT="55" HPOS="263" LANG="en-US" VPOS="599" WIDTH="149" />
<SP HEIGHT="49" HPOS="413" VPOS="618" WIDTH="29" />
<String CONTENT="problems," HEIGHT="69" HPOS="443" LANG="en-US" VPOS="599" WIDTH="301" />
<SP HEIGHT="68" HPOS="745" VPOS="600" WIDTH="33" />
<String CONTENT="by" HEIGHT="67" HPOS="779" LANG="en-US" VPOS="600" WIDTH="75" />
<SP HEIGHT="66" HPOS="855" VPOS="601" WIDTH="32" />
<String CONTENT="Walter" HEIGHT="54" HPOS="888" LANG="fr" VPOS="600" WIDTH="221" />
<SP HEIGHT="55" HPOS="1110" VPOS="598" WIDTH="32" />
<String CONTENT="Gailey" HEIGHT="68" HPOS="1143" LANG="fr" VPOS="598" WIDTH="204" />
<SP HEIGHT="67" HPOS="1348" VPOS="599" WIDTH="31" />
<String CONTENT="Hoffmann" HEIGHT="54" HPOS="1380" LANG="fr" VPOS="598" WIDTH="319" />
<SP HEIGHT="35" HPOS="1700" VPOS="617" WIDTH="39" />
<String CONTENT="&#8230;" CS="1" LANG="fr" />
<SP HEIGHT="53" HPOS="1797" VPOS="601" WIDTH="75" />
<String CONTENT="With" HEIGHT="55" HPOS="1873" LANG="en-US" VPOS="599" WIDTH="164" />
<SP HEIGHT="54" HPOS="2038" VPOS="601" WIDTH="36" />
<String CONTENT="a" HEIGHT="34" HPOS="2075" LANG="fr" VPOS="621" WIDTH="30" />
</TextLine>
<TextLine CS="1" HEIGHT="148" HPOS="116" STYLEREFS="StyleId-55D3B97A-BAAD-4F31-91F3-F3DFCB3EABED-" VPOS="676" WIDTH="1966">
<String CONTENT="foreword" HEIGHT="53" HPOS="118" LANG="en-US" VPOS="678" WIDTH="282" />
<SP HEIGHT="53" HPOS="401" VPOS="678" WIDTH="23" />
<String CONTENT="by" HEIGHT="68" HPOS="425" LANG="en-US" VPOS="678" WIDTH="76" />
<SP HEIGHT="67" HPOS="502" VPOS="679" WIDTH="21" />
<String CONTENT="Rufus" HEIGHT="56" HPOS="524" LANG="en-US" VPOS="677" WIDTH="191" />
<SP HEIGHT="53" HPOS="716" VPOS="680" WIDTH="24" />
<String CONTENT="B." HEIGHT="50" HPOS="741" LANG="fr" VPOS="680" WIDTH="66" />
<SP HEIGHT="34" HPOS="808" VPOS="696" WIDTH="22" />
<String CONTENT="von" HEIGHT="35" HPOS="831" LANG="de" VPOS="695" WIDTH="111" />
<SP HEIGHT="52" HPOS="943" VPOS="677" WIDTH="21" />
<String CONTENT="Kleinsmid" HEIGHT="55" HPOS="965" LANG="fr" VPOS="676" WIDTH="342" />
<SP HEIGHT="53" HPOS="1308" VPOS="678" WIDTH="29" />
<String CONTENT="&#8230;" CS="1" LANG="fr" />
<SP HEIGHT="52" HPOS="1394" VPOS="678" WIDTH="79" />
<String CONTENT="New" HEIGHT="52" HPOS="1474" LANG="fr" VPOS="678" WIDTH="137" />
<SP HEIGHT="52" HPOS="1612" VPOS="678" WIDTH="23" />
<String CONTENT="York" HEIGHT="51" HPOS="1636" LANG="fr" VPOS="678" WIDTH="163" />
<SP HEIGHT="51" HPOS="1800" VPOS="678" WIDTH="22" />
<String CONTENT="and" HEIGHT="51" HPOS="1823" LANG="fr" VPOS="679" WIDTH="110" />
<SP HEIGHT="51" HPOS="1934" VPOS="679" WIDTH="24" />
<String CONTENT="London," HEIGHT="145" HPOS="116" LANG="fr" VPOS="679" WIDTH="1966" />
<SP HEIGHT="67" HPOS="246" VPOS="757" WIDTH="25" />
<String CONTENT="McGraw" HEIGHT="56" HPOS="272" LANG="fr" VPOS="754" WIDTH="272" />
<SP HEIGHT="52" HPOS="545" VPOS="757" WIDTH="26" />
<String CONTENT="Hill" HEIGHT="54" HPOS="572" LANG="en-US" VPOS="755" WIDTH="130" />
<SP HEIGHT="53" HPOS="703" VPOS="756" WIDTH="25" />
<String CONTENT="book" HEIGHT="53" HPOS="729" LANG="en-US" VPOS="756" WIDTH="146" />
<SP HEIGHT="52" HPOS="876" VPOS="756" WIDTH="25" />
<String CONTENT="company," HEIGHT="51" HPOS="902" LANG="fr" VPOS="772" WIDTH="296" />
<SP HEIGHT="67" HPOS="1199" VPOS="756" WIDTH="24" />
<String CONTENT="inc." HEIGHT="52" HPOS="1224" LANG="fr" VPOS="756" WIDTH="106" />
<SP HEIGHT="33" HPOS="1331" VPOS="790" WIDTH="34" />
<String CONTENT="[" HEIGHT="33" HPOS="1366" LANG="fr" STYLE="subscript" VPOS="790" WIDTH="12" />
<String CONTENT="c" HEIGHT="22" HPOS="1384" LANG="fr" STYLE="superscript" VPOS="761" WIDTH="17" />
<String CONTENT="1936]" HEIGHT="63" HPOS="1407" LANG="fr" VPOS="759" WIDTH="150" />
</TextLine>
<TextLine HEIGHT="51" HPOS="187" STYLEREFS="StyleId-55D3B97A-BAAD-4F31-91F3-F3DFCB3EABED-" VPOS="839" WIDTH="1203">
<String CONTENT="xix," HEIGHT="48" HPOS="187" LANG="fr" VPOS="842" WIDTH="98" />
<SP HEIGHT="49" HPOS="286" VPOS="841" WIDTH="30" />
<String CONTENT="539" HEIGHT="42" HPOS="317" LANG="fr" VPOS="840" WIDTH="83" />
<SP HEIGHT="49" HPOS="401" VPOS="840" WIDTH="29" />
<String CONTENT="p." HEIGHT="38" HPOS="431" LANG="fr" VPOS="851" WIDTH="43" />
<SP HEIGHT="41" HPOS="475" VPOS="841" WIDTH="57" />
<String CONTENT="illus." HEIGHT="40" HPOS="533" LANG="fr" VPOS="841" WIDTH="129" />
<SP HEIGHT="50" HPOS="663" VPOS="840" WIDTH="26" />
<String CONTENT="(incl." HEIGHT="50" HPOS="690" LANG="fr" VPOS="840" WIDTH="135" />
<SP HEIGHT="39" HPOS="826" VPOS="851" WIDTH="27" />
<String CONTENT="ports.," HEIGHT="47" HPOS="854" LANG="en-US" VPOS="843" WIDTH="162" />
<SP HEIGHT="39" HPOS="1017" VPOS="850" WIDTH="27" />
<String CONTENT="maps)" HEIGHT="49" HPOS="1045" LANG="en-US" VPOS="839" WIDTH="161" />
<SP HEIGHT="48" HPOS="1207" VPOS="839" WIDTH="66" />
<String CONTENT="21" HEIGHT="40" HPOS="1274" LANG="fr" VPOS="840" WIDTH="55" />
<String CONTENT="cm" HEIGHT="22" HPOS="1333" LANG="fr" STYLE="superscript" VPOS="842" WIDTH="44" />
<String CONTENT="." HEIGHT="10" HPOS="1382" LANG="fr" VPOS="871" WIDTH="8" />
</TextLine>
<TextLine HEIGHT="49" HPOS="190" VPOS="911" WIDTH="623">
<String CONTENT="Maps" HEIGHT="47" HPOS="190" VPOS="913" WIDTH="139" />
<SP HEIGHT="30" HPOS="330" VPOS="922" WIDTH="29" />
<String CONTENT="on" HEIGHT="30" HPOS="360" VPOS="922" WIDTH="60" />
<SP HEIGHT="38" HPOS="421" VPOS="913" WIDTH="29" />
<String CONTENT="lining-papers." HEIGHT="49" HPOS="451" VPOS="911" WIDTH="362" />
</TextLine>
<TextLine HEIGHT="51" HPOS="190" VPOS="966" WIDTH="1916">
<String CONTENT="&#8220;Selected" HEIGHT="41" HPOS="190" VPOS="969" WIDTH="246" />
<SP HEIGHT="39" HPOS="437" VPOS="970" WIDTH="35" />
<String CONTENT="reference" HEIGHT="41" HPOS="473" VPOS="968" WIDTH="247" />
<SP HEIGHT="30" HPOS="721" VPOS="979" WIDTH="32" />
<String CONTENT="and" HEIGHT="39" HPOS="754" VPOS="969" WIDTH="95" />
<SP HEIGHT="40" HPOS="850" VPOS="969" WIDTH="34" />
<String CONTENT="collateral" HEIGHT="41" HPOS="885" VPOS="968" WIDTH="250" />
<SP HEIGHT="39" HPOS="1136" VPOS="969" WIDTH="35" />
<String CONTENT="readings&#8221;" HEIGHT="50" HPOS="1172" VPOS="966" WIDTH="254" />
<SP HEIGHT="42" HPOS="1427" VPOS="966" WIDTH="33" />
<String CONTENT="at" HEIGHT="38" HPOS="1461" VPOS="970" WIDTH="52" />
<SP HEIGHT="38" HPOS="1514" VPOS="970" WIDTH="33" />
<String CONTENT="end" HEIGHT="39" HPOS="1548" VPOS="969" WIDTH="91" />
<SP HEIGHT="39" HPOS="1640" VPOS="969" WIDTH="34" />
<String CONTENT="of" HEIGHT="40" HPOS="1675" VPOS="968" WIDTH="52" />
<SP HEIGHT="40" HPOS="1728" VPOS="968" WIDTH="31" />
<String CONTENT="each" HEIGHT="40" HPOS="1760" VPOS="969" WIDTH="118" />
<SP HEIGHT="39" HPOS="1879" VPOS="969" WIDTH="35" />
<String CONTENT="&#8220;unit&#8221;" HEIGHT="41" HPOS="1915" VPOS="969" WIDTH="164" />
<SP HEIGHT="48" HPOS="2080" VPOS="969" WIDTH="16" />
<String CONTENT=";" HEIGHT="36" HPOS="2097" VPOS="981" WIDTH="9" />
</TextLine>
<TextLine HEIGHT="51" HPOS="120" VPOS="1025" WIDTH="693">
<String CONTENT="Bibliography:" HEIGHT="48" HPOS="120" VPOS="1026" WIDTH="373" />
<SP HEIGHT="39" HPOS="494" VPOS="1037" WIDTH="29" />
<String CONTENT="p." HEIGHT="38" HPOS="524" VPOS="1038" WIDTH="43" />
<SP HEIGHT="41" HPOS="568" VPOS="1026" WIDTH="26" />
<String CONTENT="497-504." HEIGHT="42" HPOS="595" VPOS="1025" WIDTH="218" />
</TextLine>
<TextLine HEIGHT="53" HPOS="116" VPOS="1093" WIDTH="1995">
<String CONTENT="&#169;" HEIGHT="53" HPOS="116" VPOS="1093" WIDTH="53" />
<SP HEIGHT="53" HPOS="170" VPOS="1093" WIDTH="27" />
<String CONTENT="July" HEIGHT="47" HPOS="198" VPOS="1097" WIDTH="115" />
<SP HEIGHT="48" HPOS="314" VPOS="1096" WIDTH="27" />
<String CONTENT="8," HEIGHT="50" HPOS="342" VPOS="1096" WIDTH="39" />
<SP HEIGHT="49" HPOS="382" VPOS="1097" WIDTH="31" />
<String CONTENT="1936" HEIGHT="41" HPOS="414" VPOS="1096" WIDTH="116" />
<SP HEIGHT="46" HPOS="531" VPOS="1098" WIDTH="13" />
<String CONTENT=";" HEIGHT="35" HPOS="545" VPOS="1109" WIDTH="8" />
<SP HEIGHT="47" HPOS="554" VPOS="1097" WIDTH="32" />
<String CONTENT="2c." HEIGHT="38" HPOS="587" VPOS="1097" WIDTH="66" />
<SP HEIGHT="39" HPOS="654" VPOS="1097" WIDTH="32" />
<String CONTENT="July" HEIGHT="47" HPOS="687" VPOS="1096" WIDTH="115" />
<SP HEIGHT="46" HPOS="803" VPOS="1097" WIDTH="29" />
<String CONTENT="14;" HEIGHT="46" HPOS="833" VPOS="1097" WIDTH="81" />
<SP HEIGHT="37" HPOS="915" VPOS="1106" WIDTH="33" />
<String CONTENT="aff." HEIGHT="40" HPOS="949" VPOS="1095" WIDTH="80" />
<SP HEIGHT="39" HPOS="1030" VPOS="1096" WIDTH="33" />
<String CONTENT="July" HEIGHT="47" HPOS="1064" VPOS="1095" WIDTH="114" />
<SP HEIGHT="45" HPOS="1179" VPOS="1097" WIDTH="30" />
<String CONTENT="15;" HEIGHT="47" HPOS="1210" VPOS="1096" WIDTH="80" />
<SP HEIGHT="46" HPOS="1291" VPOS="1097" WIDTH="34" />
<String CONTENT="A" HEIGHT="38" HPOS="1326" VPOS="1097" WIDTH="38" />
<SP HEIGHT="40" HPOS="1365" VPOS="1095" WIDTH="30" />
<String CONTENT="97048;" HEIGHT="48" HPOS="1396" VPOS="1095" WIDTH="170" />
<SP HEIGHT="46" HPOS="1567" VPOS="1097" WIDTH="36" />
<String CONTENT="McGraw-Hill" HEIGHT="40" HPOS="1604" VPOS="1096" WIDTH="348" />
<SP HEIGHT="39" HPOS="1953" VPOS="1097" WIDTH="34" />
<String CONTENT="book" HEIGHT="39" HPOS="1988" VPOS="1097" WIDTH="123" />
</TextLine>
<TextLine HEIGHT="50" HPOS="185" VPOS="1151" WIDTH="552">
<String CONTENT="co.," HEIGHT="37" HPOS="185" VPOS="1164" WIDTH="81" />
<SP HEIGHT="48" HPOS="267" VPOS="1153" WIDTH="30" />
<String CONTENT="inc." HEIGHT="40" HPOS="298" VPOS="1153" WIDTH="89" />
<SP HEIGHT="48" HPOS="388" VPOS="1153" WIDTH="69" />
<String CONTENT="(36-16013)" HEIGHT="50" HPOS="458" VPOS="1151" WIDTH="279" />
</TextLine>
<TextLine HEIGHT="65" HPOS="118" VPOS="1256" WIDTH="991">
<String CONTENT="Holland," HEIGHT="65" HPOS="118" VPOS="1256" WIDTH="265" />
<SP HEIGHT="63" HPOS="384" VPOS="1258" WIDTH="26" />
<String CONTENT="James" HEIGHT="53" HPOS="411" VPOS="1258" WIDTH="202" />
<SP HEIGHT="54" HPOS="614" VPOS="1257" WIDTH="25" />
<String CONTENT="Michael," HEIGHT="62" HPOS="640" VPOS="1256" WIDTH="269" />
<SP HEIGHT="56" HPOS="910" VPOS="1262" WIDTH="29" />
<String CONTENT="1859-" HEIGHT="49" HPOS="940" VPOS="1261" WIDTH="169" />
</TextLine>
<TextLine HEIGHT="69" HPOS="185" VPOS="1345" WIDTH="1926">
<String CONTENT="Tenures" HEIGHT="52" HPOS="185" VPOS="1348" WIDTH="248" />
<SP HEIGHT="34" HPOS="434" VPOS="1366" WIDTH="27" />
<String CONTENT="and" HEIGHT="52" HPOS="462" VPOS="1347" WIDTH="112" />
<SP HEIGHT="52" HPOS="575" VPOS="1347" WIDTH="24" />
<String CONTENT="titles," HEIGHT="68" HPOS="600" VPOS="1346" WIDTH="172" />
<SP HEIGHT="68" HPOS="773" VPOS="1346" WIDTH="26" />
<String CONTENT="by" HEIGHT="53" HPOS="800" VPOS="1346" WIDTH="77" />
<SP HEIGHT="54" HPOS="878" VPOS="1345" WIDTH="24" />
<String CONTENT="James" HEIGHT="54" HPOS="903" VPOS="1345" WIDTH="192" />
<SP HEIGHT="52" HPOS="1096" VPOS="1346" WIDTH="26" />
<String CONTENT="M." HEIGHT="51" HPOS="1123" VPOS="1346" WIDTH="79" />
<SP HEIGHT="52" HPOS="1203" VPOS="1345" WIDTH="27" />
<String CONTENT="Holland." HEIGHT="55" HPOS="1231" VPOS="1345" WIDTH="274" />
<SP HEIGHT="55" HPOS="1506" VPOS="1345" WIDTH="64" />
<String CONTENT="New" HEIGHT="54" HPOS="1571" VPOS="1345" WIDTH="137" />
<SP HEIGHT="52" HPOS="1709" VPOS="1346" WIDTH="28" />
<String CONTENT="York," HEIGHT="68" HPOS="1738" VPOS="1346" WIDTH="179" />
<SP HEIGHT="69" HPOS="1918" VPOS="1345" WIDTH="26" />
<String CONTENT="J." HEIGHT="55" HPOS="1945" VPOS="1345" WIDTH="57" />
<SP HEIGHT="54" HPOS="2003" VPOS="1346" WIDTH="27" />
<String CONTENT="M." HEIGHT="54" HPOS="2031" VPOS="1346" WIDTH="80" />
</TextLine>
<TextLine CS="1" HEIGHT="66" HPOS="116" VPOS="1426" WIDTH="466">
<String CONTENT="Holland" HEIGHT="52" HPOS="116" VPOS="1426" WIDTH="258" />
<SP HEIGHT="66" HPOS="375" VPOS="1426" WIDTH="32" />
<String CONTENT="[" CS="1" />
<String CONTENT="c" HEIGHT="23" HPOS="425" STYLE="superscript" VPOS="1434" WIDTH="19" />
<String CONTENT="1936]" CS="1" HEIGHT="50" HPOS="448" VPOS="1428" WIDTH="134" />
</TextLine>
<TextLine CS="1" HEIGHT="52" HPOS="185" VPOS="1510" WIDTH="483">
<String CONTENT="2" HEIGHT="40" HPOS="185" LANG="en-US" VPOS="1513" WIDTH="27" />
<SP HEIGHT="49" HPOS="213" VPOS="1513" WIDTH="23" />
<String CONTENT="p." HEIGHT="38" HPOS="237" LANG="fr" VPOS="1524" WIDTH="43" />
<SP />
<String CONTENT="l." CS="1" LANG="fr" />
<String CONTENT="," HEIGHT="17" HPOS="342" LANG="en-US" VPOS="1545" WIDTH="9" />
<SP HEIGHT="49" HPOS="352" VPOS="1513" WIDTH="23" />
<String CONTENT="39" HEIGHT="43" HPOS="376" LANG="en-US" VPOS="1510" WIDTH="58" />
<SP HEIGHT="51" HPOS="435" VPOS="1510" WIDTH="22" />
<String CONTENT="p." HEIGHT="39" HPOS="458" LANG="en-US" VPOS="1522" WIDTH="43" />
<SP HEIGHT="42" HPOS="502" VPOS="1511" WIDTH="49" />
<String CONTENT="23" HEIGHT="42" HPOS="552" LANG="en-US" VPOS="1511" WIDTH="55" />
<String CONTENT="cm" HEIGHT="21" HPOS="611" LANG="en-US" STYLE="superscript" VPOS="1514" WIDTH="44" />
<String CONTENT="." HEIGHT="10" HPOS="659" LANG="en-US" VPOS="1543" WIDTH="9" />
</TextLine>
<TextLine HEIGHT="51" HPOS="188" VPOS="1581" WIDTH="1279">
<String CONTENT="On" HEIGHT="41" HPOS="188" VPOS="1585" WIDTH="71" />
<SP HEIGHT="31" HPOS="260" VPOS="1595" WIDTH="25" />
<String CONTENT="cover:" HEIGHT="32" HPOS="286" VPOS="1594" WIDTH="166" />
<SP HEIGHT="41" HPOS="453" VPOS="1584" WIDTH="26" />
<String CONTENT="Torrens" HEIGHT="40" HPOS="480" VPOS="1584" WIDTH="211" />
<SP HEIGHT="31" HPOS="692" VPOS="1593" WIDTH="25" />
<String CONTENT="system" HEIGHT="48" HPOS="718" VPOS="1584" WIDTH="179" />
<SP HEIGHT="29" HPOS="898" VPOS="1594" WIDTH="28" />
<String CONTENT="of" HEIGHT="40" HPOS="927" VPOS="1583" WIDTH="52" />
<SP HEIGHT="40" HPOS="980" VPOS="1583" WIDTH="25" />
<String CONTENT="real" HEIGHT="40" HPOS="1006" VPOS="1583" WIDTH="100" />
<SP HEIGHT="40" HPOS="1107" VPOS="1583" WIDTH="28" />
<String CONTENT="estate" HEIGHT="41" HPOS="1136" VPOS="1584" WIDTH="157" />
<SP HEIGHT="40" HPOS="1294" VPOS="1585" WIDTH="27" />
<String CONTENT="titles." HEIGHT="43" HPOS="1322" VPOS="1581" WIDTH="145" />
</TextLine>
<TextLine HEIGHT="54" HPOS="116" VPOS="1651" WIDTH="1994">
<String CONTENT="&#169;" HEIGHT="53" HPOS="116" VPOS="1652" WIDTH="52" />
<SP HEIGHT="53" HPOS="169" VPOS="1652" WIDTH="24" />
<String CONTENT="Mar." HEIGHT="39" HPOS="194" VPOS="1657" WIDTH="121" />
<SP HEIGHT="41" HPOS="316" VPOS="1655" WIDTH="25" />
<String CONTENT="2," HEIGHT="48" HPOS="342" VPOS="1655" WIDTH="40" />
<SP HEIGHT="46" HPOS="383" VPOS="1657" WIDTH="27" />
<String CONTENT="1936;" HEIGHT="48" HPOS="411" VPOS="1654" WIDTH="138" />
<SP HEIGHT="48" HPOS="550" VPOS="1654" WIDTH="26" />
<String CONTENT="2c." HEIGHT="41" HPOS="577" VPOS="1654" WIDTH="66" />
<SP HEIGHT="31" HPOS="644" VPOS="1664" WIDTH="27" />
<String CONTENT="and" HEIGHT="39" HPOS="672" VPOS="1654" WIDTH="94" />
<SP HEIGHT="38" HPOS="767" VPOS="1654" WIDTH="26" />
<String CONTENT="aff." HEIGHT="42" HPOS="794" VPOS="1652" WIDTH="81" />
<SP HEIGHT="39" HPOS="876" VPOS="1655" WIDTH="29" />
<String CONTENT="Mar." HEIGHT="40" HPOS="906" VPOS="1655" WIDTH="120" />
<SP HEIGHT="41" HPOS="1027" VPOS="1654" WIDTH="26" />
<String CONTENT="5;" HEIGHT="46" HPOS="1054" VPOS="1654" WIDTH="52" />
<SP HEIGHT="46" HPOS="1107" VPOS="1654" WIDTH="28" />
<String CONTENT="A" HEIGHT="38" HPOS="1136" VPOS="1654" WIDTH="38" />
<SP HEIGHT="41" HPOS="1175" VPOS="1651" WIDTH="26" />
<String CONTENT="93019;" HEIGHT="49" HPOS="1202" VPOS="1651" WIDTH="170" />
<SP HEIGHT="46" HPOS="1373" VPOS="1654" WIDTH="30" />
<String CONTENT="J." HEIGHT="40" HPOS="1404" VPOS="1654" WIDTH="43" />
<SP HEIGHT="39" HPOS="1448" VPOS="1655" WIDTH="28" />
<String CONTENT="M." HEIGHT="40" HPOS="1477" VPOS="1655" WIDTH="62" />
<SP HEIGHT="40" HPOS="1540" VPOS="1655" WIDTH="26" />
<String CONTENT="Holland," HEIGHT="48" HPOS="1567" VPOS="1654" WIDTH="227" />
<SP HEIGHT="46" HPOS="1795" VPOS="1656" WIDTH="28" />
<String CONTENT="Northfield," HEIGHT="50" HPOS="1824" VPOS="1655" WIDTH="286" />
</TextLine>
<TextLine HEIGHT="50" HPOS="187" VPOS="1710" WIDTH="420">
<String CONTENT="Vt." HEIGHT="39" HPOS="187" VPOS="1714" WIDTH="74" />
<SP HEIGHT="47" HPOS="262" VPOS="1713" WIDTH="66" />
<String CONTENT="(36-16322)" HEIGHT="50" HPOS="329" VPOS="1710" WIDTH="278" />
</TextLine>
<TextLine HEIGHT="65" HPOS="116" STYLEREFS="StyleId-AAD2B44B-6837-46BC-9FD3-627A9205BA75-" VPOS="1814" WIDTH="1298">
<String CONTENT="Hudson," HEIGHT="65" HPOS="116" VPOS="1814" WIDTH="261" />
<SP HEIGHT="63" HPOS="378" VPOS="1816" WIDTH="26" />
<String CONTENT="Manley" HEIGHT="64" HPOS="405" VPOS="1814" WIDTH="237" />
<SP HEIGHT="64" HPOS="643" VPOS="1814" WIDTH="24" />
<String CONTENT="Ottmer," HEIGHT="63" HPOS="668" VPOS="1814" WIDTH="252" />
<SP HEIGHT="60" HPOS="921" VPOS="1817" WIDTH="29" />
<String CONTENT="1886-" HEIGHT="50" HPOS="951" VPOS="1816" WIDTH="169" />
<SP HEIGHT="35" HPOS="1121" VPOS="1830" WIDTH="210" />
<String CONTENT="ed." HEIGHT="52" HPOS="1332" VPOS="1814" WIDTH="82" />
</TextLine>
<TextLine CS="1" HEIGHT="149" HPOS="117" STYLEREFS="StyleId-55D3B97A-BAAD-4F31-91F3-F3DFCB3EABED-" VPOS="1902" WIDTH="1992">
<String CONTENT="International" HEIGHT="53" HPOS="186" VPOS="1905" WIDTH="418" />
<SP HEIGHT="50" HPOS="605" VPOS="1905" WIDTH="29" />
<String CONTENT="legislation;" HEIGHT="68" HPOS="635" VPOS="1903" WIDTH="352" />
<SP HEIGHT="48" HPOS="988" VPOS="1922" WIDTH="37" />
<String CONTENT="a" HEIGHT="33" HPOS="1026" VPOS="1925" WIDTH="30" />
<SP HEIGHT="36" HPOS="1057" VPOS="1922" WIDTH="32" />
<String CONTENT="collection" HEIGHT="54" HPOS="1090" VPOS="1902" WIDTH="292" />
<SP HEIGHT="33" HPOS="1383" VPOS="1921" WIDTH="34" />
<String CONTENT="of" HEIGHT="51" HPOS="1418" VPOS="1904" WIDTH="61" />
<SP HEIGHT="51" HPOS="1480" VPOS="1904" WIDTH="31" />
<String CONTENT="the" HEIGHT="51" HPOS="1512" VPOS="1905" WIDTH="94" />
<SP HEIGHT="47" HPOS="1607" VPOS="1909" WIDTH="33" />
<String CONTENT="texts" HEIGHT="48" HPOS="1641" VPOS="1909" WIDTH="146" />
<SP HEIGHT="35" HPOS="1788" VPOS="1923" WIDTH="32" />
<String CONTENT="of" HEIGHT="53" HPOS="1821" VPOS="1905" WIDTH="62" />
<SP HEIGHT="52" HPOS="1884" VPOS="1905" WIDTH="32" />
<String CONTENT="multipartite" HEIGHT="145" HPOS="117" VPOS="1906" WIDTH="1967" />
<SP HEIGHT="51" HPOS="327" VPOS="1983" WIDTH="45" />
<String CONTENT="international" HEIGHT="53" HPOS="373" VPOS="1982" WIDTH="406" />
<SP HEIGHT="52" HPOS="780" VPOS="1982" WIDTH="43" />
<String CONTENT="instruments" HEIGHT="52" HPOS="824" VPOS="1982" WIDTH="376" />
<SP HEIGHT="34" HPOS="1201" VPOS="1999" WIDTH="37" />
<String CONTENT="of" HEIGHT="51" HPOS="1239" VPOS="1981" WIDTH="62" />
<SP HEIGHT="67" HPOS="1302" VPOS="1981" WIDTH="44" />
<String CONTENT="general" HEIGHT="65" HPOS="1347" VPOS="1983" WIDTH="227" />
<SP HEIGHT="51" HPOS="1575" VPOS="1983" WIDTH="47" />
<String CONTENT="interest," HEIGHT="67" HPOS="1623" VPOS="1983" WIDTH="251" />
<SP HEIGHT="47" HPOS="1875" VPOS="2003" WIDTH="44" />
<String CONTENT="edited" HEIGHT="53" HPOS="1920" VPOS="1984" WIDTH="189" />
</TextLine>
<TextLine CS="1" HEIGHT="69" HPOS="117" STYLEREFS="StyleId-55D3B97A-BAAD-4F31-91F3-F3DFCB3EABED-" VPOS="2059" WIDTH="1991">
<String CONTENT="by" HEIGHT="65" HPOS="117" VPOS="2063" WIDTH="72" />
<SP HEIGHT="65" HPOS="190" VPOS="2063" WIDTH="35" />
<String CONTENT="Manley" HEIGHT="66" HPOS="226" VPOS="2061" WIDTH="232" />
<SP HEIGHT="67" HPOS="459" VPOS="2060" WIDTH="37" />
<String CONTENT="O." HEIGHT="55" HPOS="497" VPOS="2060" WIDTH="67" />
<SP HEIGHT="52" HPOS="565" VPOS="2061" WIDTH="37" />
<String CONTENT="Hudson" HEIGHT="52" HPOS="603" VPOS="2060" WIDTH="245" />
<SP HEIGHT="33" HPOS="849" VPOS="2077" WIDTH="40" />
<String CONTENT="&#8230;" CS="1" />
<SP HEIGHT="32" HPOS="946" VPOS="2078" WIDTH="39" />
<String CONTENT="with" HEIGHT="52" HPOS="986" VPOS="2059" WIDTH="140" />
<SP HEIGHT="50" HPOS="1127" VPOS="2060" WIDTH="36" />
<String CONTENT="the" HEIGHT="50" HPOS="1164" VPOS="2060" WIDTH="95" />
<SP HEIGHT="34" HPOS="1260" VPOS="2077" WIDTH="35" />
<String CONTENT="collaboration" HEIGHT="54" HPOS="1296" VPOS="2059" WIDTH="408" />
<SP HEIGHT="34" HPOS="1705" VPOS="2079" WIDTH="35" />
<String CONTENT="of" HEIGHT="52" HPOS="1741" VPOS="2061" WIDTH="62" />
<SP HEIGHT="53" HPOS="1804" VPOS="2061" WIDTH="37" />
<String CONTENT="Ruth" HEIGHT="52" HPOS="1842" VPOS="2062" WIDTH="158" />
<SP HEIGHT="53" HPOS="2001" VPOS="2063" WIDTH="40" />
<String CONTENT="E." HEIGHT="53" HPOS="2042" VPOS="2064" WIDTH="66" />
</TextLine>
<TextLine CS="1" HEIGHT="146" HPOS="116" STYLEREFS="StyleId-55D3B97A-BAAD-4F31-91F3-F3DFCB3EABED-" VPOS="2138" WIDTH="1971">
<String CONTENT="Bacon," HEIGHT="51" HPOS="117" VPOS="2141" WIDTH="207" />
<SP HEIGHT="35" HPOS="325" VPOS="2157" WIDTH="83" />
<String CONTENT="volume" HEIGHT="51" HPOS="409" VPOS="2138" WIDTH="222" />
<SP HEIGHT="49" HPOS="632" VPOS="2140" WIDTH="48" />
<String CONTENT="5." HEIGHT="50" HPOS="681" VPOS="2140" WIDTH="46" />
<SP HEIGHT="49" HPOS="728" VPOS="2141" WIDTH="50" />
<String CONTENT="1929-1931." HEIGHT="51" HPOS="779" VPOS="2139" WIDTH="323" />
<SP HEIGHT="35" HPOS="1103" VPOS="2155" WIDTH="49" />
<String CONTENT="numbers" HEIGHT="51" HPOS="1153" VPOS="2138" WIDTH="264" />
<SP HEIGHT="48" HPOS="1418" VPOS="2141" WIDTH="45" />
<String CONTENT="230-303." HEIGHT="51" HPOS="1464" VPOS="2141" WIDTH="258" />
<SP HEIGHT="54" HPOS="1723" VPOS="2141" WIDTH="81" />
<String CONTENT="Washington," HEIGHT="142" HPOS="116" VPOS="2141" WIDTH="1971" />
<SP HEIGHT="67" HPOS="231" VPOS="2216" WIDTH="32" />
<String CONTENT="Carnegie" HEIGHT="68" HPOS="264" VPOS="2215" WIDTH="276" />
<SP HEIGHT="35" HPOS="541" VPOS="2234" WIDTH="32" />
<String CONTENT="endowment" HEIGHT="55" HPOS="574" VPOS="2215" WIDTH="355" />
<SP HEIGHT="56" HPOS="930" VPOS="2214" WIDTH="29" />
<String CONTENT="for" HEIGHT="55" HPOS="960" VPOS="2214" WIDTH="94" />
<SP HEIGHT="52" HPOS="1055" VPOS="2215" WIDTH="32" />
<String CONTENT="international" HEIGHT="53" HPOS="1088" VPOS="2215" WIDTH="404" />
<SP HEIGHT="67" HPOS="1493" VPOS="2216" WIDTH="35" />
<String CONTENT="peace," HEIGHT="50" HPOS="1529" VPOS="2234" WIDTH="184" />
<SP HEIGHT="64" HPOS="1714" VPOS="2220" WIDTH="35" />
<String CONTENT="1936." HEIGHT="52" HPOS="1750" VPOS="2220" WIDTH="147" />
</TextLine>
<TextLine CS="1" HEIGHT="51" HPOS="186" VPOS="2300" WIDTH="1784">
<String CONTENT="xli," HEIGHT="48" HPOS="186" VPOS="2303" WIDTH="82" />
<SP HEIGHT="48" HPOS="269" VPOS="2303" WIDTH="27" />
<String CONTENT="1180" HEIGHT="40" HPOS="297" VPOS="2302" WIDTH="116" />
<SP HEIGHT="47" HPOS="414" VPOS="2302" WIDTH="20" />
<String CONTENT="p." HEIGHT="37" HPOS="435" VPOS="2312" WIDTH="43" />
<SP HEIGHT="40" HPOS="479" VPOS="2301" WIDTH="56" />
<String CONTENT="illus.," HEIGHT="48" HPOS="536" VPOS="2301" WIDTH="143" />
<SP HEIGHT="49" HPOS="680" VPOS="2300" WIDTH="26" />
<String CONTENT="diagrs." HEIGHT="48" HPOS="707" VPOS="2300" WIDTH="179" />
<SP HEIGHT="40" HPOS="887" VPOS="2300" WIDTH="54" />
<String CONTENT="25" HEIGHT="40" HPOS="942" VPOS="2300" WIDTH="55" />
<String CONTENT="cm" HEIGHT="21" HPOS="999" STYLE="superscript" VPOS="2302" WIDTH="44" />
<String CONTENT="." HEIGHT="9" HPOS="1050" VPOS="2331" WIDTH="8" />
<SP HEIGHT="49" HPOS="1059" VPOS="2301" WIDTH="63" />
<String CONTENT="(Half-title:" HEIGHT="49" HPOS="1123" VPOS="2301" WIDTH="298" />
<SP HEIGHT="39" HPOS="1422" VPOS="2302" WIDTH="26" />
<String CONTENT="Publications" HEIGHT="41" HPOS="1449" VPOS="2300" WIDTH="333" />
<SP HEIGHT="30" HPOS="1783" VPOS="2312" WIDTH="25" />
<String CONTENT="of" HEIGHT="40" HPOS="1809" VPOS="2302" WIDTH="52" />
<SP HEIGHT="40" HPOS="1862" VPOS="2302" WIDTH="25" />
<String CONTENT="the" HEIGHT="38" HPOS="1888" VPOS="2304" WIDTH="82" />
</TextLine>
<TextLine CS="1" HEIGHT="106" HPOS="115" VPOS="2303" WIDTH="1995">
<String CONTENT="Carnegie" HEIGHT="104" HPOS="115" VPOS="2303" WIDTH="1979" />
<SP HEIGHT="28" HPOS="253" VPOS="2370" WIDTH="26" />
<String CONTENT="endowment" HEIGHT="39" HPOS="280" VPOS="2358" WIDTH="301" />
<SP HEIGHT="39" HPOS="582" VPOS="2357" WIDTH="26" />
<String CONTENT="for" HEIGHT="39" HPOS="609" VPOS="2357" WIDTH="79" />
<SP HEIGHT="38" HPOS="689" VPOS="2357" WIDTH="27" />
<String CONTENT="international" HEIGHT="40" HPOS="717" VPOS="2356" WIDTH="350" />
<SP HEIGHT="47" HPOS="1068" VPOS="2357" WIDTH="29" />
<String CONTENT="peace," HEIGHT="39" HPOS="1098" VPOS="2365" WIDTH="157" />
<SP HEIGHT="46" HPOS="1256" VPOS="2358" WIDTH="30" />
<String CONTENT="Division" HEIGHT="40" HPOS="1287" VPOS="2357" WIDTH="223" />
<SP HEIGHT="31" HPOS="1511" VPOS="2369" WIDTH="29" />
<String CONTENT="of" HEIGHT="43" HPOS="1541" VPOS="2357" WIDTH="51" />
<SP HEIGHT="39" HPOS="1593" VPOS="2357" WIDTH="25" />
<String CONTENT="international" HEIGHT="40" HPOS="1619" VPOS="2358" WIDTH="349" />
<SP HEIGHT="38" HPOS="1969" VPOS="2360" WIDTH="33" />
<String CONTENT="law," HEIGHT="48" HPOS="2003" VPOS="2361" WIDTH="107" />
</TextLine>
<TextLine HEIGHT="48" HPOS="116" VPOS="2414" WIDTH="344">
<String CONTENT="Washington)" HEIGHT="48" HPOS="116" VPOS="2414" WIDTH="344" />
</TextLine>
<TextLine HEIGHT="53" HPOS="116" VPOS="2482" WIDTH="1994">
<String CONTENT="&#169;" HEIGHT="53" HPOS="116" VPOS="2482" WIDTH="52" />
<SP HEIGHT="53" HPOS="169" VPOS="2482" WIDTH="33" />
<String CONTENT="July" HEIGHT="45" HPOS="203" VPOS="2487" WIDTH="113" />
<SP HEIGHT="45" HPOS="317" VPOS="2487" WIDTH="34" />
<String CONTENT="15," HEIGHT="46" HPOS="352" VPOS="2487" WIDTH="67" />
<SP HEIGHT="46" HPOS="420" VPOS="2487" WIDTH="33" />
<String CONTENT="1936;" HEIGHT="48" HPOS="454" VPOS="2484" WIDTH="140" />
<SP HEIGHT="49" HPOS="595" VPOS="2483" WIDTH="35" />
<String CONTENT="2c." HEIGHT="42" HPOS="631" VPOS="2483" WIDTH="68" />
<SP HEIGHT="31" HPOS="700" VPOS="2494" WIDTH="34" />
<String CONTENT="and" HEIGHT="41" HPOS="735" VPOS="2483" WIDTH="94" />
<SP HEIGHT="39" HPOS="830" VPOS="2483" WIDTH="33" />
<String CONTENT="aff." HEIGHT="41" HPOS="864" VPOS="2483" WIDTH="83" />
<SP HEIGHT="40" HPOS="948" VPOS="2484" WIDTH="34" />
<String CONTENT="July" HEIGHT="47" HPOS="983" VPOS="2483" WIDTH="115" />
<SP HEIGHT="48" HPOS="1099" VPOS="2482" WIDTH="32" />
<String CONTENT="27" HEIGHT="42" HPOS="1132" VPOS="2482" WIDTH="58" />
<SP HEIGHT="46" HPOS="1191" VPOS="2485" WIDTH="14" />
<String CONTENT=";" HEIGHT="37" HPOS="1206" VPOS="2494" WIDTH="9" />
<SP HEIGHT="47" HPOS="1216" VPOS="2484" WIDTH="36" />
<String CONTENT="A" HEIGHT="39" HPOS="1253" VPOS="2484" WIDTH="40" />
<SP HEIGHT="41" HPOS="1294" VPOS="2482" WIDTH="32" />
<String CONTENT="96652;" HEIGHT="49" HPOS="1327" VPOS="2482" WIDTH="171" />
<SP HEIGHT="47" HPOS="1499" VPOS="2484" WIDTH="37" />
<String CONTENT="Carnegie" HEIGHT="48" HPOS="1537" VPOS="2484" WIDTH="234" />
<SP HEIGHT="29" HPOS="1772" VPOS="2495" WIDTH="34" />
<String CONTENT="endowment" HEIGHT="40" HPOS="1807" VPOS="2486" WIDTH="303" />
</TextLine>
<TextLine HEIGHT="48" HPOS="186" VPOS="2541" WIDTH="533">
<String CONTENT="for" HEIGHT="39" HPOS="186" VPOS="2542" WIDTH="76" />
<SP HEIGHT="38" HPOS="263" VPOS="2542" WIDTH="22" />
<String CONTENT="internatl." HEIGHT="41" HPOS="286" VPOS="2541" WIDTH="249" />
<SP HEIGHT="38" HPOS="536" VPOS="2551" WIDTH="21" />
<String CONTENT="peace." HEIGHT="39" HPOS="558" VPOS="2550" WIDTH="161" />
</TextLine>
<TextLine HEIGHT="63" HPOS="114" STYLEREFS="StyleId-AAD2B44B-6837-46BC-9FD3-627A9205BA75-" VPOS="2643" WIDTH="1239">
<String CONTENT="Joint" HEIGHT="53" HPOS="114" VPOS="2645" WIDTH="162" />
<SP HEIGHT="51" HPOS="277" VPOS="2648" WIDTH="27" />
<String CONTENT="committee" HEIGHT="55" HPOS="305" VPOS="2644" WIDTH="337" />
<SP HEIGHT="36" HPOS="643" VPOS="2660" WIDTH="27" />
<String CONTENT="of" HEIGHT="53" HPOS="671" VPOS="2643" WIDTH="62" />
<SP HEIGHT="52" HPOS="734" VPOS="2643" WIDTH="27" />
<String CONTENT="Hopewell" HEIGHT="63" HPOS="762" VPOS="2643" WIDTH="295" />
<SP HEIGHT="52" HPOS="1058" VPOS="2643" WIDTH="28" />
<String CONTENT="Friends." HEIGHT="56" HPOS="1087" VPOS="2643" WIDTH="266" />
</TextLine>
<TextLine CS="1" HEIGHT="149" HPOS="114" STYLEREFS="StyleId-55D3B97A-BAAD-4F31-91F3-F3DFCB3EABED-" VPOS="2732" WIDTH="1993">
<String CONTENT="Hopewell" HEIGHT="68" HPOS="185" VPOS="2734" WIDTH="299" />
<SP HEIGHT="52" HPOS="485" VPOS="2735" WIDTH="22" />
<String CONTENT="Friends" HEIGHT="53" HPOS="508" VPOS="2734" WIDTH="245" />
<SP HEIGHT="53" HPOS="754" VPOS="2733" WIDTH="21" />
<String CONTENT="history," HEIGHT="67" HPOS="776" VPOS="2733" WIDTH="238" />
<SP HEIGHT="61" HPOS="1015" VPOS="2738" WIDTH="25" />
<String CONTENT="1734-1934," HEIGHT="67" HPOS="1041" VPOS="2732" WIDTH="325" />
<SP HEIGHT="65" HPOS="1367" VPOS="2734" WIDTH="23" />
<String CONTENT="Frederick" HEIGHT="52" HPOS="1391" VPOS="2734" WIDTH="309" />
<SP HEIGHT="54" HPOS="1701" VPOS="2734" WIDTH="21" />
<String CONTENT="county," HEIGHT="62" HPOS="1723" VPOS="2740" WIDTH="225" />
<SP HEIGHT="66" HPOS="1949" VPOS="2736" WIDTH="25" />
<String CONTENT="Virginia;" HEIGHT="146" HPOS="114" VPOS="2735" WIDTH="1970" />
<SP HEIGHT="51" HPOS="300" VPOS="2830" WIDTH="43" />
<String CONTENT="records" HEIGHT="52" HPOS="344" VPOS="2812" WIDTH="224" />
<SP HEIGHT="36" HPOS="569" VPOS="2828" WIDTH="37" />
<String CONTENT="of" HEIGHT="54" HPOS="607" VPOS="2809" WIDTH="65" />
<SP HEIGHT="54" HPOS="673" VPOS="2809" WIDTH="36" />
<String CONTENT="Hopewell" HEIGHT="68" HPOS="710" VPOS="2810" WIDTH="299" />
<SP HEIGHT="52" HPOS="1010" VPOS="2810" WIDTH="38" />
<String CONTENT="Monthly" HEIGHT="69" HPOS="1049" VPOS="2810" WIDTH="269" />
<SP HEIGHT="50" HPOS="1319" VPOS="2829" WIDTH="38" />
<String CONTENT="meetings" HEIGHT="70" HPOS="1358" VPOS="2810" WIDTH="277" />
<SP HEIGHT="35" HPOS="1636" VPOS="2829" WIDTH="40" />
<String CONTENT="and" HEIGHT="53" HPOS="1677" VPOS="2812" WIDTH="114" />
<SP HEIGHT="53" HPOS="1792" VPOS="2812" WIDTH="39" />
<String CONTENT="meetings" HEIGHT="66" HPOS="1832" VPOS="2814" WIDTH="275" />
</TextLine>
<TextLine CS="1" HEIGHT="149" HPOS="117" STYLEREFS="StyleId-55D3B97A-BAAD-4F31-91F3-F3DFCB3EABED-" VPOS="2888" WIDTH="1991">
<String CONTENT="reporting" HEIGHT="70" HPOS="117" VPOS="2889" WIDTH="295" />
<SP HEIGHT="61" HPOS="413" VPOS="2898" WIDTH="22" />
<String CONTENT="to" HEIGHT="48" HPOS="436" VPOS="2898" WIDTH="58" />
<SP HEIGHT="57" HPOS="495" VPOS="2889" WIDTH="21" />
<String CONTENT="Hopewell," HEIGHT="69" HPOS="517" VPOS="2889" WIDTH="317" />
<SP HEIGHT="62" HPOS="835" VPOS="2894" WIDTH="22" />
<String CONTENT="two" HEIGHT="49" HPOS="858" VPOS="2894" WIDTH="112" />
<SP HEIGHT="54" HPOS="971" VPOS="2889" WIDTH="23" />
<String CONTENT="hundred" HEIGHT="55" HPOS="995" VPOS="2889" WIDTH="261" />
<SP HEIGHT="68" HPOS="1257" VPOS="2890" WIDTH="24" />
<String CONTENT="years" HEIGHT="50" HPOS="1282" VPOS="2908" WIDTH="162" />
<SP HEIGHT="34" HPOS="1445" VPOS="2909" WIDTH="25" />
<String CONTENT="of" HEIGHT="55" HPOS="1471" VPOS="2888" WIDTH="64" />
<SP HEIGHT="54" HPOS="1536" VPOS="2888" WIDTH="21" />
<String CONTENT="history" HEIGHT="69" HPOS="1558" VPOS="2889" WIDTH="221" />
<SP HEIGHT="48" HPOS="1780" VPOS="2910" WIDTH="24" />
<String CONTENT="and" HEIGHT="53" HPOS="1805" VPOS="2891" WIDTH="112" />
<SP HEIGHT="68" HPOS="1918" VPOS="2891" WIDTH="25" />
<String CONTENT="genealogy," HEIGHT="127" HPOS="117" VPOS="2910" WIDTH="1967" />
<SP HEIGHT="48" HPOS="303" VPOS="2988" WIDTH="27" />
<String CONTENT="compiled" HEIGHT="68" HPOS="331" VPOS="2967" WIDTH="280" />
<SP HEIGHT="54" HPOS="612" VPOS="2967" WIDTH="29" />
<String CONTENT="from" HEIGHT="55" HPOS="642" VPOS="2967" WIDTH="154" />
<SP HEIGHT="36" HPOS="797" VPOS="2985" WIDTH="26" />
<String CONTENT="official" HEIGHT="53" HPOS="824" VPOS="2967" WIDTH="197" />
<SP HEIGHT="51" HPOS="1022" VPOS="2968" WIDTH="30" />
<String CONTENT="records" HEIGHT="53" HPOS="1053" VPOS="2968" WIDTH="224" />
<SP HEIGHT="34" HPOS="1278" VPOS="2987" WIDTH="27" />
<String CONTENT="and" HEIGHT="52" HPOS="1306" VPOS="2969" WIDTH="111" />
<SP HEIGHT="66" HPOS="1418" VPOS="2969" WIDTH="30" />
<String CONTENT="published" HEIGHT="67" HPOS="1449" VPOS="2968" WIDTH="301" />
<SP HEIGHT="53" HPOS="1751" VPOS="2969" WIDTH="26" />
<String CONTENT="by" HEIGHT="67" HPOS="1778" VPOS="2969" WIDTH="75" />
<SP HEIGHT="48" HPOS="1854" VPOS="2988" WIDTH="29" />
<String CONTENT="a" HEIGHT="33" HPOS="1884" VPOS="2989" WIDTH="30" />
<SP HEIGHT="53" HPOS="1915" VPOS="2971" WIDTH="27" />
<String CONTENT="Joint" HEIGHT="55" HPOS="1943" VPOS="2969" WIDTH="165" />
</TextLine>
<TextLine HEIGHT="70" HPOS="116" STYLEREFS="StyleId-55D3B97A-BAAD-4F31-91F3-F3DFCB3EABED-" VPOS="3045" WIDTH="1990">
<String CONTENT="committee" HEIGHT="52" HPOS="116" VPOS="3048" WIDTH="316" />
<SP HEIGHT="34" HPOS="433" VPOS="3064" WIDTH="22" />
<String CONTENT="of" HEIGHT="52" HPOS="456" VPOS="3046" WIDTH="63" />
<SP HEIGHT="53" HPOS="520" VPOS="3046" WIDTH="22" />
<String CONTENT="Hopewell" HEIGHT="67" HPOS="543" VPOS="3047" WIDTH="299" />
<SP HEIGHT="52" HPOS="843" VPOS="3047" WIDTH="22" />
<String CONTENT="Friends," HEIGHT="67" HPOS="866" VPOS="3046" WIDTH="260" />
<SP HEIGHT="49" HPOS="1127" VPOS="3064" WIDTH="23" />
<String CONTENT="assisted" HEIGHT="54" HPOS="1151" VPOS="3045" WIDTH="235" />
<SP HEIGHT="53" HPOS="1387" VPOS="3046" WIDTH="20" />
<String CONTENT="by" HEIGHT="67" HPOS="1408" VPOS="3046" WIDTH="75" />
<SP HEIGHT="65" HPOS="1484" VPOS="3048" WIDTH="21" />
<String CONTENT="John" HEIGHT="55" HPOS="1506" VPOS="3046" WIDTH="155" />
<SP HEIGHT="55" HPOS="1662" VPOS="3047" WIDTH="22" />
<String CONTENT="W." HEIGHT="55" HPOS="1685" VPOS="3047" WIDTH="89" />
<SP HEIGHT="55" HPOS="1775" VPOS="3048" WIDTH="25" />
<String CONTENT="Wayiand." HEIGHT="67" HPOS="1801" VPOS="3048" WIDTH="305" />
</TextLine>
<TextLine HEIGHT="70" HPOS="119" STYLEREFS="StyleId-55D3B97A-BAAD-4F31-91F3-F3DFCB3EABED-" VPOS="3123" WIDTH="1987">
<String CONTENT="Strasburg," HEIGHT="68" HPOS="119" LANG="de" VPOS="3124" WIDTH="326" />
<SP HEIGHT="66" HPOS="446" VPOS="3126" WIDTH="27" />
<String CONTENT="Va.," HEIGHT="65" HPOS="474" LANG="fr" VPOS="3126" WIDTH="124" />
<SP HEIGHT="65" HPOS="599" VPOS="3126" WIDTH="27" />
<String CONTENT="Printed" HEIGHT="55" HPOS="627" LANG="en-US" VPOS="3123" WIDTH="242" />
<SP HEIGHT="55" HPOS="870" VPOS="3123" WIDTH="27" />
<String CONTENT="by" HEIGHT="68" HPOS="898" LANG="en-US" VPOS="3123" WIDTH="76" />
<SP HEIGHT="67" HPOS="975" VPOS="3124" WIDTH="30" />
<String CONTENT="Shenandoah" HEIGHT="55" HPOS="1006" LANG="en-US" VPOS="3124" WIDTH="381" />
<SP HEIGHT="66" HPOS="1388" VPOS="3125" WIDTH="29" />
<String CONTENT="publishing" HEIGHT="68" HPOS="1418" LANG="en-US" VPOS="3124" WIDTH="334" />
<SP HEIGHT="66" HPOS="1753" VPOS="3126" WIDTH="27" />
<String CONTENT="house," HEIGHT="67" HPOS="1781" LANG="en-US" VPOS="3126" WIDTH="188" />
<SP HEIGHT="66" HPOS="1970" VPOS="3127" WIDTH="29" />
<String CONTENT="inc." HEIGHT="54" HPOS="2000" LANG="en-US" VPOS="3127" WIDTH="106" />
</TextLine>
<TextLine HEIGHT="64" HPOS="121" STYLEREFS="StyleId-55D3B97A-BAAD-4F31-91F3-F3DFCB3EABED-" VPOS="3207" WIDTH="191">
<String CONTENT="[" HEIGHT="34" HPOS="121" STYLE="subscript" VPOS="3237" WIDTH="13" />
<String CONTENT="c" HEIGHT="22" HPOS="138" STYLE="superscript" VPOS="3210" WIDTH="19" />
<String CONTENT="1936" HEIGHT="50" HPOS="162" VPOS="3207" WIDTH="133" />
<String CONTENT="]" HEIGHT="34" HPOS="300" STYLE="subscript" VPOS="3237" WIDTH="12" />
</TextLine>
<TextLine CS="1" HEIGHT="52" HPOS="187" VPOS="3285" WIDTH="1920">
<String CONTENT="vi" HEIGHT="41" HPOS="187" VPOS="3288" WIDTH="49" />
<SP HEIGHT="48" HPOS="237" VPOS="3288" WIDTH="26" />
<String CONTENT="p.," HEIGHT="38" HPOS="264" VPOS="3298" WIDTH="57" />
<SP HEIGHT="49" HPOS="322" VPOS="3287" WIDTH="25" />
<String CONTENT="2" HEIGHT="40" HPOS="348" VPOS="3287" WIDTH="27" />
<SP />
<String CONTENT="l.," CS="1" HEIGHT="19" HPOS="435" VPOS="3318" WIDTH="11" />
<SP HEIGHT="30" HPOS="447" VPOS="3307" WIDTH="27" />
<String CONTENT="[3]-671" HEIGHT="50" HPOS="475" VPOS="3287" WIDTH="172" />
<SP HEIGHT="47" HPOS="648" VPOS="3288" WIDTH="28" />
<String CONTENT="p." HEIGHT="38" HPOS="677" VPOS="3297" WIDTH="42" />
<SP HEIGHT="42" HPOS="720" VPOS="3287" WIDTH="57" />
<String CONTENT="front.," HEIGHT="48" HPOS="778" VPOS="3287" WIDTH="164" />
<SP HEIGHT="49" HPOS="943" VPOS="3286" WIDTH="26" />
<String CONTENT="illus." HEIGHT="41" HPOS="970" VPOS="3286" WIDTH="127" />
<SP HEIGHT="49" HPOS="1098" VPOS="3285" WIDTH="26" />
<String CONTENT="(incl." HEIGHT="49" HPOS="1125" VPOS="3285" WIDTH="134" />
<SP HEIGHT="30" HPOS="1260" VPOS="3298" WIDTH="27" />
<String CONTENT="maps)" HEIGHT="48" HPOS="1288" VPOS="3289" WIDTH="162" />
<SP HEIGHT="48" HPOS="1451" VPOS="3289" WIDTH="36" />
<String CONTENT="plates," HEIGHT="47" HPOS="1488" VPOS="3289" WIDTH="169" />
<SP HEIGHT="48" HPOS="1658" VPOS="3288" WIDTH="26" />
<String CONTENT="facsims." HEIGHT="41" HPOS="1685" VPOS="3288" WIDTH="215" />
<SP HEIGHT="39" HPOS="1901" VPOS="3290" WIDTH="58" />
<String CONTENT="28&#189;" CS="1" HEIGHT="39" HPOS="1960" VPOS="3290" WIDTH="27" />
<String CONTENT="cm" HEIGHT="21" HPOS="2049" STYLE="superscript" VPOS="3294" WIDTH="44" />
<String CONTENT="." HEIGHT="10" HPOS="2098" VPOS="3325" WIDTH="9" />
</TextLine>
<TextLine HEIGHT="53" HPOS="116" VPOS="3356" WIDTH="1989">
<String CONTENT="&#169;" HEIGHT="53" HPOS="116" VPOS="3356" WIDTH="52" />
<SP HEIGHT="53" HPOS="169" VPOS="3356" WIDTH="28" />
<String CONTENT="June" HEIGHT="41" HPOS="198" VPOS="3360" WIDTH="129" />
<SP HEIGHT="38" HPOS="328" VPOS="3361" WIDTH="26" />
<String CONTENT="15," HEIGHT="48" HPOS="355" VPOS="3360" WIDTH="67" />
<SP HEIGHT="48" HPOS="423" VPOS="3360" WIDTH="30" />
<String CONTENT="1936;" HEIGHT="48" HPOS="454" VPOS="3359" WIDTH="138" />
<SP HEIGHT="48" HPOS="593" VPOS="3359" WIDTH="30" />
<String CONTENT="2c." HEIGHT="40" HPOS="624" VPOS="3359" WIDTH="69" />
<SP HEIGHT="30" HPOS="694" VPOS="3369" WIDTH="30" />
<String CONTENT="and" HEIGHT="40" HPOS="725" VPOS="3358" WIDTH="94" />
<SP HEIGHT="39" HPOS="820" VPOS="3358" WIDTH="30" />
<String CONTENT="aff." HEIGHT="40" HPOS="851" VPOS="3358" WIDTH="80" />
<SP HEIGHT="38" HPOS="932" VPOS="3360" WIDTH="33" />
<String CONTENT="June" HEIGHT="38" HPOS="966" VPOS="3360" WIDTH="125" />
<SP HEIGHT="40" HPOS="1092" VPOS="3358" WIDTH="27" />
<String CONTENT="27" HEIGHT="41" HPOS="1120" VPOS="3358" WIDTH="55" />
<SP HEIGHT="45" HPOS="1176" VPOS="3360" WIDTH="17" />
<String CONTENT=";" HEIGHT="35" HPOS="1194" VPOS="3370" WIDTH="8" />
<SP HEIGHT="46" HPOS="1203" VPOS="3359" WIDTH="33" />
<String CONTENT="A" HEIGHT="38" HPOS="1237" VPOS="3359" WIDTH="38" />
<SP HEIGHT="40" HPOS="1276" VPOS="3357" WIDTH="29" />
<String CONTENT="95844;" HEIGHT="48" HPOS="1306" VPOS="3357" WIDTH="170" />
<SP HEIGHT="45" HPOS="1477" VPOS="3360" WIDTH="33" />
<String CONTENT="Trustees" HEIGHT="39" HPOS="1511" VPOS="3360" WIDTH="230" />
<SP HEIGHT="28" HPOS="1742" VPOS="3371" WIDTH="31" />
<String CONTENT="of" HEIGHT="39" HPOS="1774" VPOS="3359" WIDTH="51" />
<SP HEIGHT="39" HPOS="1826" VPOS="3359" WIDTH="31" />
<String CONTENT="Hopewell" HEIGHT="46" HPOS="1858" VPOS="3360" WIDTH="247" />
</TextLine>
<TextLine HEIGHT="51" HPOS="187" VPOS="3414" WIDTH="1293">
<String CONTENT="monthly" HEIGHT="46" HPOS="187" VPOS="3417" WIDTH="215" />
<SP HEIGHT="37" HPOS="403" VPOS="3426" WIDTH="28" />
<String CONTENT="meetings," HEIGHT="49" HPOS="432" VPOS="3416" WIDTH="246" />
<SP HEIGHT="49" HPOS="679" VPOS="3416" WIDTH="28" />
<String CONTENT="Winchester," HEIGHT="47" HPOS="708" VPOS="3415" WIDTH="315" />
<SP HEIGHT="46" HPOS="1024" VPOS="3416" WIDTH="28" />
<String CONTENT="Va." HEIGHT="39" HPOS="1053" LANG="fr" VPOS="3416" WIDTH="84" />
<SP HEIGHT="47" HPOS="1138" VPOS="3415" WIDTH="63" />
<String CONTENT="(36-16372)" HEIGHT="49" HPOS="1202" VPOS="3414" WIDTH="278" />
</TextLine>
<TextLine CS="1" HEIGHT="68" HPOS="137" STYLEREFS="StyleId-AAD2B44B-6837-46BC-9FD3-627A9205BA75-" VPOS="3517" WIDTH="991">
<String CONTENT="[Kantor-Berg," CS="1" HEIGHT="66" HPOS="137" VPOS="3519" WIDTH="429" />
<SP HEIGHT="65" HPOS="567" VPOS="3520" WIDTH="30" />
<String CONTENT="Friedrich]" HEIGHT="68" HPOS="598" VPOS="3517" WIDTH="323" />
<SP HEIGHT="60" HPOS="922" VPOS="3525" WIDTH="35" />
<String CONTENT="1908-" HEIGHT="51" HPOS="958" VPOS="3524" WIDTH="170" />
</TextLine>
<TextLine CS="1" HEIGHT="70" HPOS="246" STYLEREFS="StyleId-55D3B97A-BAAD-4F31-91F3-F3DFCB3EABED-" VPOS="3608" WIDTH="1862">
<String CONTENT="&#8230;" CS="1" />
<SP HEIGHT="52" HPOS="246" VPOS="3610" WIDTH="54" />
<String CONTENT="Die" HEIGHT="52" HPOS="301" VPOS="3610" WIDTH="108" />
<SP HEIGHT="34" HPOS="410" VPOS="3628" WIDTH="47" />
<String CONTENT="mannschaft;" HEIGHT="68" HPOS="458" VPOS="3608" WIDTH="394" />
<SP HEIGHT="49" HPOS="853" VPOS="3627" WIDTH="53" />
<String CONTENT="roman" HEIGHT="35" HPOS="907" VPOS="3627" WIDTH="195" />
<SP HEIGHT="34" HPOS="1103" VPOS="3627" WIDTH="48" />
<String CONTENT="eines" HEIGHT="52" HPOS="1152" LANG="de" VPOS="3610" WIDTH="151" />
<SP HEIGHT="35" HPOS="1304" VPOS="3627" WIDTH="49" />
<String CONTENT="sport-lebens." HEIGHT="68" HPOS="1354" VPOS="3609" WIDTH="391" />
<SP HEIGHT="52" HPOS="1746" VPOS="3609" WIDTH="85" />
<String CONTENT="Leipzig-" HEIGHT="70" HPOS="1832" VPOS="3608" WIDTH="276" />
</TextLine>
<TextLine HEIGHT="70" HPOS="115" STYLEREFS="StyleId-55D3B97A-BAAD-4F31-91F3-F3DFCB3EABED-" VPOS="3685" WIDTH="1062">
<String CONTENT="M.-Ostrau," HEIGHT="65" HPOS="115" VPOS="3687" WIDTH="335" />
<SP HEIGHT="65" HPOS="451" VPOS="3687" WIDTH="26" />
<String CONTENT="J." HEIGHT="53" HPOS="478" VPOS="3687" WIDTH="56" />
<SP HEIGHT="53" HPOS="535" VPOS="3687" WIDTH="28" />
<String CONTENT="Kittls" HEIGHT="55" HPOS="564" VPOS="3685" WIDTH="184" />
<SP HEIGHT="35" HPOS="749" VPOS="3705" WIDTH="27" />
<String CONTENT="nachf." HEIGHT="54" HPOS="777" VPOS="3686" WIDTH="192" />
<SP HEIGHT="35" HPOS="970" VPOS="3720" WIDTH="34" />
<String CONTENT="[1935]" HEIGHT="66" HPOS="1005" VPOS="3689" WIDTH="172" />
</TextLine>
<TextLine CS="1" HEIGHT="51" HPOS="181" VPOS="3772" WIDTH="467">
<String CONTENT="604," HEIGHT="47" HPOS="181" VPOS="3774" WIDTH="98" />
<SP HEIGHT="30" HPOS="280" VPOS="3793" WIDTH="34" />
<String CONTENT="[4]" HEIGHT="49" HPOS="315" VPOS="3774" WIDTH="54" />
<SP HEIGHT="38" HPOS="370" VPOS="3784" WIDTH="30" />
<String CONTENT="p." HEIGHT="38" HPOS="401" VPOS="3784" WIDTH="41" />
<SP HEIGHT="41" HPOS="443" VPOS="3772" WIDTH="59" />
<String CONTENT="21&#189;" CS="1" HEIGHT="40" HPOS="503" VPOS="3772" WIDTH="55" />
<String CONTENT="cm" HEIGHT="21" HPOS="591" STYLE="superscript" VPOS="3775" WIDTH="44" />
<String CONTENT="." HEIGHT="10" HPOS="639" VPOS="3804" WIDTH="9" />
</TextLine>
<TextLine HEIGHT="50" HPOS="184" VPOS="3829" WIDTH="1505">
<String CONTENT="Author&#8217;s" HEIGHT="41" HPOS="184" VPOS="3829" WIDTH="228" />
<SP HEIGHT="38" HPOS="413" VPOS="3840" WIDTH="35" />
<String CONTENT="pseud.," HEIGHT="47" HPOS="449" VPOS="3831" WIDTH="179" />
<SP HEIGHT="47" HPOS="629" VPOS="3830" WIDTH="40" />
<String CONTENT="Friedrich" HEIGHT="40" HPOS="670" VPOS="3830" WIDTH="252" />
<SP HEIGHT="40" HPOS="923" VPOS="3830" WIDTH="37" />
<String CONTENT="Torberg," HEIGHT="49" HPOS="961" VPOS="3830" WIDTH="226" />
<SP HEIGHT="36" HPOS="1188" VPOS="3841" WIDTH="38" />
<String CONTENT="at" HEIGHT="38" HPOS="1227" VPOS="3832" WIDTH="54" />
<SP HEIGHT="39" HPOS="1282" VPOS="3831" WIDTH="33" />
<String CONTENT="head" HEIGHT="41" HPOS="1316" VPOS="3830" WIDTH="124" />
<SP HEIGHT="40" HPOS="1441" VPOS="3830" WIDTH="38" />
<String CONTENT="of" HEIGHT="41" HPOS="1480" VPOS="3829" WIDTH="50" />
<SP HEIGHT="41" HPOS="1531" VPOS="3829" WIDTH="35" />
<String CONTENT="title." HEIGHT="41" HPOS="1567" VPOS="3829" WIDTH="122" />
</TextLine>
<TextLine HEIGHT="42" HPOS="183" VPOS="3886" WIDTH="424">
<String CONTENT="&#8220;1.-3." HEIGHT="41" HPOS="183" LANG="en-US" VPOS="3886" WIDTH="140" />
<SP HEIGHT="38" HPOS="324" VPOS="3889" WIDTH="33" />
<String CONTENT="tausend.&#8221;" HEIGHT="41" HPOS="358" LANG="de" VPOS="3887" WIDTH="249" />
</TextLine>
<TextLine CS="1" HEIGHT="53" HPOS="114" VPOS="3952" WIDTH="1989">
<String CONTENT="&#169;" HEIGHT="52" HPOS="114" VPOS="3952" WIDTH="52" />
<SP HEIGHT="52" HPOS="167" VPOS="3952" WIDTH="31" />
<String CONTENT="Nov." HEIGHT="38" HPOS="199" VPOS="3957" WIDTH="116" />
<SP HEIGHT="40" HPOS="316" VPOS="3955" WIDTH="33" />
<String CONTENT="26," HEIGHT="48" HPOS="350" VPOS="3955" WIDTH="69" />
<SP HEIGHT="45" HPOS="420" VPOS="3958" WIDTH="32" />
<String CONTENT="1935;" HEIGHT="47" HPOS="453" VPOS="3956" WIDTH="139" />
<SP />
<String CONTENT="1c." CS="1" />
<SP HEIGHT="38" HPOS="696" VPOS="3958" WIDTH="37" />
<String CONTENT="Mar." HEIGHT="39" HPOS="734" VPOS="3958" WIDTH="120" />
<SP HEIGHT="38" HPOS="855" VPOS="3959" WIDTH="36" />
<String CONTENT="19," HEIGHT="47" HPOS="892" VPOS="3958" WIDTH="67" />
<SP HEIGHT="46" HPOS="960" VPOS="3959" WIDTH="35" />
<String CONTENT="1936;" HEIGHT="48" HPOS="996" VPOS="3956" WIDTH="138" />
<SP HEIGHT="46" HPOS="1135" VPOS="3958" WIDTH="39" />
<String CONTENT="A-Foreign" HEIGHT="48" HPOS="1175" VPOS="3956" WIDTH="308" />
<SP HEIGHT="40" HPOS="1484" VPOS="3957" WIDTH="32" />
<String CONTENT="30976;" HEIGHT="47" HPOS="1517" VPOS="3956" WIDTH="170" />
<SP HEIGHT="46" HPOS="1688" VPOS="3957" WIDTH="37" />
<String CONTENT="Verlag" HEIGHT="47" HPOS="1726" LANG="de" VPOS="3956" WIDTH="179" />
<SP HEIGHT="46" HPOS="1906" VPOS="3957" WIDTH="32" />
<String CONTENT="Julius" HEIGHT="40" HPOS="1939" VPOS="3956" WIDTH="164" />
</TextLine>
<TextLine CS="1" HEIGHT="32" HPOS="251" VPOS="4012" WIDTH="261">
<String CONTENT="Kittls" CS="1" HEIGHT="31" HPOS="251" VPOS="4013" WIDTH="86" />
<SP HEIGHT="22" HPOS="338" VPOS="4022" WIDTH="24" />
<String CONTENT="na" CS="1" HEIGHT="22" HPOS="363" LANG="fi" VPOS="4022" WIDTH="26" />
<String CONTENT="chf" CS="1" HEIGHT="32" HPOS="429" VPOS="4012" WIDTH="83" />
<SP />
<String CONTENT="(36-16476)" CS="1" />
</TextLine>
</TextBlock>
</PrintSpace>
</Page>
</Layout>
</alto>