2519 4377
1276 4121 133 49 1168

467 507 1886 74 … Heaton on Surrogates’ courts. 5th ed. (Myers) Index
333 585 1959 74 volume. Seven-year cumulative supplement, 1930-1936 …
334 664 252 67 Albany,
620 666 71 53 N.
726 667 71 52 Y.
835 667 113 52 and
982 668 139 52 New
1156 668 181 67 York,
1371 670 69 53 N.
1476 671 91 66 Y.,
1597 672 81 52 M.
1715 671 226 52 Bender
1977 675 45 50 &
2055 689 299 52 company,

332 743 424 68 incorporated,
782 748 151 50 1936.

406 816 59 40 46
492 826 43 38 p.
596 816 56 41 23½cm.

404 873 64 40 At
497 873 126 40 head
653 873 53 40 of
734 873 138 42 title:
902 874 130 42 1936.

408 930 119 40 This
549 930 253 50 pamphlet
826 930 43 42 is
893 933 52 39 to
965 931 59 41 be
1047 932 140 42 fitted
1210 932 104 42 into
1339 933 83 42 the
1445 934 174 49 pocket
1646 936 51 40 at
1722 935 83 42 the
1830 935 124 41 back
1979 935 53 40 of
2056 935 83 41 the
2164 937 191 41 volume

335 987 52 41 of
416 987 83 42 the
531 989 74 39 set
639 990 50 38 to
719 988 162 40 which
911 989 41 41 it
983 989 211 49 belongs.

338 1040 53 54 ©
420 1046 121 48 Aug.
572 1046 70 49 24,
675 1046 143 49 1936;
853 1046 68 40 2c.
949 1047 122 48 Aug.
1103 1046 83 49 26;
1222 1048 84 41 aff.
1338 1049 121 46 Aug.
1490 1049 56 40 25;
1610 1050 41 39 A
1682 1049 172 48 97546;
1891 1050 238 40 Matthew
2163 1050 193 40 Bender

407 1103 36 40 &
467 1113 83 38 co.,
576 1103 91 40 inc.

467 1208 1886 72 … Heaton on Surrogates’ courts. 5th ed. (Myers) v. 1-5.
337 1287 2018 73 Seven-year cumulative supplement, 1930-1936 … Albany,
335 1366 69 53 N.
447 1367 71 52 Y.
563 1367 113 52 and
715 1367 141 52 New
898 1367 181 67 York,
1118 1368 69 54 N.
1231 1369 91 66 Y.,
1360 1369 81 53 M.
1483 1369 227 52 Bender
1750 1372 47 50 &
1833 1387 300 50 company,
333 1369 1997 142 incorporated,
620 1448 151 51 1936.

405 1518 26 39 5
468 1528 43 30 v.
577 1517 56 41 23½cm.

404 1575 64 41 At
502 1574 128 42 head
666 1574 51 42 of
751 1575 138 42 title:
922 1574 130 44 1936.

406 1632 158 40 These
592 1633 280 48 pamphlets
901 1643 86 30 are
1018 1635 48 40 to
1097 1633 58 41 be
1184 1633 141 40 fitted
1355 1633 104 41 into
1491 1633 83 41 the
1604 1634 200 48 pockets
1836 1635 51 39 at
1920 1634 85 40 the
2034 1634 124 40 back
2189 1634 52 41 of
2272 1635 83 42 the

332 1690 219 40 volumes
580 1690 52 40 of
660 1690 84 40 the
772 1691 75 39 set
876 1692 50 39 to
954 1690 162 40 which
1145 1690 116 48 they
1291 1690 186 48 belong.

337 1743 53 53 ©
428 1748 121 47 Aug.
582 1747 71 48 24,
692 1747 142 48 1936;
874 1747 67 42 2c.
981 1747 121 40 each
1136 1748 122 47 Aug.
1296 1747 83 48 26;
1420 1747 83 41 aff.
1542 1748 121 47 Aug.
1701 1747 83 49 2’5;
1825 1749 41 38 A
1902 1747 172 49 97546;
2117 1748 238 40 Matthew

403 1805 193 39 Bender
618 1804 37 42 &
678 1814 82 40 co.,
784 1804 93 42 inc.

465 1907 1878 70 … Heaton on Surrogates’ courts. 5th ed. (Myers-Eager)
333 1986 2021 147 v. 7 … Cumulative supplement, 1934-1936 and index to subjects covered by this supplement … Albany, N. Y. and New
335 2144 181 66 York,
551 2145 69 52 N.
655 2146 92 65 Y.,
779 2146 81 53 M.
895 2145 229 53 Bender
1158 2148 46 50 &
1237 2162 300 50 company,
1569 2145 424 67 incorporated,
2029 2147 151 51 1936.

405 2218 59 40 12
488 2228 44 38 p.
590 2217 55 42 23½
681 2220 44 21 cm
730 2250 8 9 .

405 2276 63 39 At
496 2276 128 40 head
653 2275 53 40 of
734 2273 136 43 title:
902 2273 129 43 1936,

407 2333 119 39 This
549 2333 253 48 pamphlet
825 2332 43 39 is
892 2334 49 38 to
964 2332 58 39 be
1046 2331 139 41 fitted
1209 2331 104 40 into
1339 2331 82 41 the
1444 2332 175 48 pocket
1645 2333 51 38 at
1721 2332 86 41 the
1829 2332 125 39 back
1979 2331 53 39 of
2056 2331 82 40 the
2163 2331 191 41 volume

334 2390 52 41 of
415 2390 84 40 the
531 2391 74 39 set
642 2391 47 38 to
718 2388 162 40 which
911 2389 40 40 it
984 2389 211 48 belongs.

337 2443 53 53 ©
421 2447 120 48 Aug.
570 2447 70 47 24,
676 2446 142 48 1936;
852 2446 68 42 2c.
950 2446 122 48 Aug.
1105 2446 83 48 26;
1225 2446 82 40 aff.
1340 2446 119 46 Aug.
1492 2445 56 40 25;
1610 2445 41 40 A
1683 2444 171 48 97546;
1891 2444 239 40 Matthew
2163 2445 191 40 Bender

404 2505 36 40 &
466 2514 82 39 co.,
577 2503 93 43 inc.

467 2592 1825 69 … Heaton on Surrogates’ courts. 5th ed. Table of cases …
336 2671 2016 69 Cumulative supplement, 1933-1936 … Albany, N. Y. and
335 2753 139 53 New
510 2751 181 66 York,
725 2752 69 52 N.
831 2752 91 66 Y.,
955 2752 79 52 M.
1072 2749 227 54 Bender
1332 2754 46 49 &
1410 2767 299 50 company,
1741 2749 423 67 incorporated,
2201 2752 151 51 1936.

403 2825 61 40 26
487 2835 44 37 p.
590 2824 55 41 23½
681 2826 44 21 cm
731 2856 8 9 .

406 2884 63 39 At
506 2882 125 41 head
670 2881 53 41 of
759 2881 137 41 title:
936 2880 128 42 1936.

407 2940 119 40 This
549 2939 252 49 pamphlet
825 2938 42 41 is
892 2940 49 39 to
964 2938 58 40 be
1045 2938 141 40 fitted
1209 2937 103 40 into
1338 2937 83 40 the
1443 2937 175 48 pocket
1645 2938 50 38 at
1720 2936 87 41 the
1828 2936 125 40 back
1978 2935 52 40 of
2055 2935 82 40 the
2162 2935 191 40 volume

334 2998 53 40 of
416 2998 84 39 the
531 2998 74 39 set
639 2998 50 38 to
719 2995 161 40 which
911 2995 40 40 it
984 2995 210 47 belongs.

338 3051 53 53 ©
423 3055 121 47 Aug.
572 3054 70 48 24,
676 3052 141 48 1936;
851 3053 68 40 2c.
951 3052 120 48 Aug.
1104 3051 84 48 26;
1223 3050 82 42 aff.
1337 3051 121 47 Aug.
1491 3050 83 47 25;
1608 3051 41 38 A
1681 3049 172 48 97546;
1890 3049 239 40 Matthew
2161 3048 192 40 Bender

407 3112 37 40 &
467 3121 81 39 co.,
574 3110 93 42 inc.

336 3203 282 65 Herman,
645 3200 213 66 Lewis,
888 3205 174 51 1905-

409 3281 128 52 You
583 3298 134 50 may
763 3276 466 56 cross-examine!
1318 3277 92 68 By
1454 3275 184 53 Lewis
1686 3275 258 52 Herman
1992 3274 113 53 and
2150 3273 202 69 Mayer

336 3355 1877 72 Goldberg … New York, The Macmillan company, 1936.
403 3430 534 53 5 p. l., 194 p. 22 cm .
406 3490 162 40 “First
604 3488 263 51 printing.”

406 3548 178 42 “Table
613 3548 52 41 of
693 3546 194 43 cases”:
917 3558 44 38 p.
991 3546 100 41 187.

407 3605 377 49 Bibliography:
819 3616 42 38 p.
894 3603 219 42 183-185.

337 3659 53 53 ©
416 3665 120 46 Aug.
564 3663 68 48 18,
661 3662 141 48 1936;
832 3662 68 40 2c.
927 3661 98 40 and
1052 3661 81 39 aff.
1161 3661 120 47 Aug.
1310 3659 82 48 19;
1423 3660 40 39 A
1490 3658 171 48 98003;
1691 3657 283 40 Macmillan
2006 3666 65 30 co.

417 3720 283 49 (36-18770)

335 3811 260 63 Holmes,
623 3810 206 54 Urban
855 3807 238 66 Tigner.

406 3889 56 57 A
489 3887 224 67 history
743 3887 64 53 of
836 3888 95 52 the
964 3886 224 52 French
1217 3885 303 66 language,
1552 3885 75 65 by
1657 3884 200 53 Urban
1892 3884 63 50 T.
1989 3881 255 65 Holmes,
2276 3879 71 67 jr.

335 3957 1988 153 … and Alexander H. Schütz … Columbus, O., H. L. Hedrick [ c 1935]
