2519 4377
1364 4095 98 51 128

403 427 292 68 Gunther,
722 429 175 65 John,
926 435 171 49 1901-

474 507 199 53 Inside
706 508 251 67 Europe,
988 508 76 67 by
1097 508 158 56 John
1288 508 280 54 Gunther.
1639 508 139 53 New
1814 506 164 54 York
2013 506 113 53 and
2159 506 261 68 London,

403 587 235 66 Harper
664 588 46 51 &
732 585 281 68 brothers,
1041 589 152 52 1936.

480 658 636 50 x p., 1 l., 470 p. 22½ cm .
483 715 162 42 “First
673 715 230 42 edition.”

480 773 516 48 “Acknowledgments
1032 774 97 39 and
1164 772 368 50 bibliography”:
1600 784 44 37 p.
1680 772 219 41 460-463.

402 822 2018 57 © Feb. 7, 1936; 2c. Feb. 6; aff. Feb. 10; A 91675; J. Gunther, ℅ Chicago
472 887 135 50 daily
630 898 146 38 news,
800 888 214 40 London.
1086 886 282 49 (36-27092)

403 991 327 66 Hamilton,
761 993 221 64 Harry.

479 1069 191 69 Banjo
697 1088 76 34 on
793 1088 98 50 my
916 1069 159 65 knee,
1103 1087 34 34 a
1161 1069 167 52 novel
1352 1069 76 69 by
1454 1069 201 69 Harry
1680 1067 325 54 Hamilton.
407 1066 1994 150 Indianapolis,

530 1147 1330 69 New York, The Bobbs-Merrill company [c1936]
477 1223 88 42 320
592 1234 44 38 p.
694 1222 60 42 20
754 1225 45 21 cm
802 1253 9 10 .

477 1281 164 40 “First
673 1278 229 43 edition.”

403 1333 53 54 ©
587 1370 7 8 Feb.
621 1336 70 51 19,
715 1336 117 42 1936;
887 1336 66 41 2c.
983 1337 112 41 Feb.
1123 1337 83 47 21;
1235 1336 82 41 aff.
1348 1337 109 40 Feb.
1486 1337 82 47 24;
1599 1337 42 39 A
1667 1335 172 48 90927;
1870 1334 373 41 Bobbs-Merrill
2270 1345 68 31 co.

481 1394 253 49 (36-4916)

404 1497 138 64 Hill,
573 1499 142 53 Mrs.
750 1498 186 54 Grace
969 1497 417 66 (Livingston)
1430 1504 165 49 1865-

475 1574 176 70 April
685 1575 137 69 gold
956 1607 12 36 [by]
1005 1573 185 57 Grace
1221 1573 346 71 Livingston
1599 1574 147 57 Hill.
1814 1573 431 70 Philadelphia,

406 1574 1995 147 London,
564 1657 57 55 J.
651 1657 67 52 B.
747 1654 343 69 Lippincott
1117 1673 299 50 company,
1447 1658 151 51 1936.

475 1728 88 41 308
595 1739 42 38 p.
702 1727 58 41 19½cm.

403 1781 53 53 ©
485 1786 111 40 Feb.
626 1786 69 47 18,
724 1784 118 42 1936;
896 1785 68 42 2c.
993 1787 95 38 and
1117 1785 83 41 aff.
1230 1785 111 40 Feb,
1371 1785 82 46 25;
1483 1785 42 39 A
1553 1784 173 48 91903;
1760 1785 53 40 G.
1844 1785 52 41 L.
1926 1784 120 49 Hill,
2080 1785 344 49 Swarthmore,

474 1843 84 41 Pa.
633 1841 255 50 (36-4984)

405 1930 292 55 Horatius
725 1931 264 65 Flaccus,
1019 1931 277 63 Quintus.

476 2008 121 52 The
624 2006 152 57 Odes
803 2007 64 52 of
895 2006 251 63 Quintus
1173 2008 280 53 Horatius
1480 2008 266 67 Flaccus;
1776 2008 317 53 translated
2122 2007 119 54 into
405 2007 1999 132 English
556 2104 158 36 verse
754 2086 61 53 in
854 2084 290 55 Ploratian
1183 2090 203 49 meters
1425 2086 73 68 by
1539 2085 191 54 Justin
1774 2086 229 52 Loomis
2043 2086 129 52 Van
2213 2085 211 68 Gundy

564 2163 361 68 Monmouth,
966 2162 112 69 Ill.,
1118 2164 121 52 The
1280 2163 380 68 Department
1699 2163 62 52 of
1804 2164 240 67 classics,
2086 2164 338 53 Monmouth

406 2240 211 70 college
654 2277 13 34 [
671 2249 19 22 c
696 2244 133 50 1936
835 2277 12 33 ]

474 2314 617 49 xiv p., 1 l., 172 p. 19½cm.
476 2369 283 42 Half-title:
791 2372 103 39 The
924 2372 127 41 Odes
1081 2372 53 40 of
1163 2373 205 47 Horace,
1400 2373 121 39 with
1552 2373 81 39 the
1664 2373 200 40 Secular
1894 2375 163 45 hymn.
2118 2374 41 39 A
403 2374 2004 92 bimillennium
574 2427 255 41 memorial
866 2428 311 41 translation.

405 2483 53 53 ©
489 2488 110 40 Jan.
630 2488 70 49 30,
733 2487 142 49 1936;
905 2488 68 41 2c.
1006 2489 111 39 Feb.
1148 2489 53 47 3;
1234 2488 83 42 aff.
1348 2489 123 40 Mar.
1500 2488 84 48 25;
1616 2489 41 39 A
1688 2489 172 48 91590;
1894 2490 168 40 Justin
2095 2491 192 40 Loomis
2319 2491 106 40 Van

476 2544 189 50 Gundy,
700 2547 301 49 Monmouth,
1035 2547 76 39 Ill.
1184 2545 252 50 (36-5115)

405 2634 238 64 Huddy,
673 2635 329 65 Xenophon
1028 2636 239 54 Pearce.

540 2713 1884 71 … 1936 fourth cumulative supplement 1931-1936 to Huddy
407 2791 1903 69 Encyclopedia of automobile law … volumes 1-18, General
406 2797 1993 218 index … Albany, N. Y., Matthew Bender & company, incorporated, 1936.
477 3022 58 40 19
562 3033 42 29 v.
636 3021 51 40 in
717 3021 70 41 10.
847 3021 55 41 23½cm.

478 3079 234 40 “Volume
736 3077 159 51 19420,
924 3079 82 40 the
1031 3080 98 39 last
1157 3079 53 39 of
1236 3079 81 40 the
1344 3081 73 38 set
1447 3089 173 38 proper
1650 3080 52 39 to
1727 3089 196 38 appear,
1953 3079 42 40 is
2025 3091 51 29 so
2108 3083 234 45 complete
2369 3091 56 31 as

405 3137 48 38 to
478 3136 194 47 require
695 3146 60 29 no
779 3136 308 48 supplement
1108 3136 103 40 this
1233 3134 160 50 year.”
1448 3136 61 47 cf.
1534 3136 273 48 Title-page
1828 3137 55 39 of
1904 3135 120 42 1936
2046 3138 305 49 supplement
2377 3141 48 38 to

403 3193 181 48 Huddy
611 3193 357 48 Encyclopedia
998 3193 54 39 of
1078 3193 299 40 automobile
1404 3194 108 39 law.
1571 3194 219 39 volumes
1817 3192 159 42 19420.

476 3250 154 40 These
664 3251 279 47 pamphlets
970 3260 83 29 are
1086 3253 48 37 to
1166 3251 59 39 be
1254 3250 141 40 fitted
1426 3249 102 41 into
1562 3251 83 38 the
1673 3251 197 48 pockets
1903 3253 52 37 at
1990 3252 84 40 the
2105 3253 122 40 back
2260 3252 51 41 of
2344 3254 80 39 the

403 3307 217 40 volumes
649 3308 52 39 of
729 3308 85 39 the
840 3310 77 37 set
944 3309 48 38 to
1021 3307 162 40 which
1210 3309 117 46 they
1353 3308 185 46 belong.

404 3359 53 53 ©
486 3364 111 41 Jan.
626 3364 41 46 6,
694 3364 142 47 1936;
867 3364 68 40 2c.
966 3365 119 39 each
1116 3364 110 40 Jan.
1258 3365 52 46 8;
1344 3364 82 40 aff.
1458 3364 109 40 Jan.
1598 3365 53 45 7;
1685 3363 41 39 A
1755 3362 172 48 90255;
1961 3366 239 40 Matthew
2232 3367 191 39 Bender

475 3421 36 40 &
533 3432 82 35 co.,
640 3422 91 39 inc.
798 3420 283 50 [Copyright
1105 3422 41 39 is
1171 3421 206 40 claimed
1403 3432 60 28 on
1487 3420 251 41 additions
1760 3422 97 39 and
1881 3422 227 49 changes]

406 3508 236 67 Jersild,
674 3508 235 56 Arthur
938 3509 278 66 Thomas,
1250 3515 171 50 1902-

477 3585 418 69 Development
936 3586 65 53 of
1039 3586 236 69 rhythm
1314 3585 60 53 in
1416 3604 195 51 young
1649 3585 279 69 children,
1968 3586 77 70 by
2085 3588 227 52 Arthur
2354 3589 64 51 T.

406 3663 217 54 Jersild
667 3664 114 53 and
824 3662 202 70 Sylvia
1066 3665 65 52 F.
1175 3663 323 55 Bienstock.
1577 3664 138 53 New
1757 3664 164 53 York
1963 3664 135 71 city,
2141 3666 280 54 Teachers

406 3741 229 69 college,
671 3741 302 55 Columbia
1003 3742 337 70 university,
1376 3745 150 50 1935.

408 3814 1992 100 vi p., 2 l., 97 p. illus., 2 pl. on 1 1. 23½ cm . (Half-title: Child development
569 3875 341 47 monographs.
966 3876 302 48 Monograph
1299 3887 76 29 no.
1405 3875 81 42 22)

403 3927 54 53 ©
486 3933 111 38 Dec.
628 3931 70 47 16,
728 3931 140 46 1935;
900 3932 67 40 2c.
999 3933 108 39 Jan.
1139 3932 69 49 21,
1240 3933 141 47 1936;
1414 3932 81 41 aff.
1529 3933 108 39 Jan.
1670 3933 81 42 18;
1784 3934 41 38 A
1854 3932 173 49 90526;

2057 3935 242 40 Teachers
474 3937 1926 99 college,
623 3988 250 40 Columbia
909 3989 288 49 university.
1268 3989 252 48 (36-5136)
