2519 4377
1016 4108 99 46 117

94 471 260 64 [Oldfield,
388 470 215 54 Claude
636 470 323 63 Houghton]
1018 475 169 49 1889-

141 546 311 67 Christina,
474 547 75 67 by
573 545 220 54 Claude
814 544 315 69 Houghton
1163 546 211 66 [pseud.]
1458 543 258 66 London,
1740 545 88 53 W.
73 542 1969 150 Heinemann,
290 626 102 51 ltd.
429 628 170 63 [1936]

143 697 584 51 4 p. l., 3-290 p. 19 cm .
68 751 1996 53 © 1c. Feb. 12, 1936; A ad int. 21100; pubd. Jan. 13; Doubleday, Doran
137 813 35 39 &
196 822 81 37 co.,
302 812 104 46 inc.,
431 812 193 39 Garden
650 811 125 48 City,
800 812 56 40 N.
883 812 52 39 Y.
978 810 250 48 (36-4917)

69 914 239 65 Parker,
338 915 153 53 John
522 916 184 63 Scott,
741 918 170 50 1873-
1123 915 83 51 ed.

139 994 119 52 The
303 995 361 65 corporation
710 993 258 65 manual;
1015 997 286 63 statutory
1346 990 320 69 provisions
1713 990 247 68 relating
2006 994 58 50 to

69 1072 93 51 the
192 1071 411 67 organization,
634 1071 321 67 regulation
986 1071 111 51 and
1128 1069 258 53 taxation
1417 1070 62 52 of
1512 1068 269 54 domestic
1811 1069 255 53 business

70 1149 405 67 corporations,
505 1150 106 51 and
645 1154 58 47 to
733 1149 93 52 the
860 1147 325 67 admission,
1215 1147 322 68 regulation
1569 1148 112 51 and
1710 1147 260 53 taxation
2002 1146 64 53 of

70 1226 225 67 foreign
329 1227 251 52 business
617 1227 407 66 corporations,
1055 1229 61 52 in
1150 1227 97 51 the
1278 1226 214 52 several
1527 1230 190 58 states,
1750 1223 315 55 territories

71 1305 111 51 and
213 1304 252 54 districts
498 1304 62 52 of
592 1305 94 52 the
722 1303 215 55 United
975 1304 204 66 States,
1213 1304 281 67 arranged
1526 1304 182 51 under
1743 1322 31 33 a
1806 1304 259 52 uniform

70 1380 423 68 classification;
543 1383 94 51 the
687 1382 276 55 Uniform
1010 1382 157 52 stock
1214 1382 252 52 transfer
1515 1385 116 63 act;
1685 1381 218 53 federal
1952 1382 113 52 and

69 1464 144 49 state
235 1461 137 51 laws
396 1459 327 68 regulating
746 1460 94 52 the
864 1462 115 50 sale
1004 1460 62 51 of
1091 1465 296 62 corporate
1411 1460 184 53 stocks
1622 1460 112 52 and
1759 1459 307 67 securities,

71 1537 139 52 with
254 1537 181 53 forms
482 1538 111 51 and
639 1538 346 66 precedents,
1030 1538 188 52 edited
1263 1537 75 67 by
1383 1538 157 55 John
1587 1536 55 55 S.
1688 1537 219 54 Parker
1951 1538 113 52 and

70 1618 55 53 J.
166 1619 64 50 B.
272 1618 67 51 R.
382 1615 205 66 Smith,
629 1617 236 52 assisted
903 1617 74 66 by
1018 1635 30 33 a
1086 1616 178 52 board
1304 1616 62 52 of
1407 1616 307 53 associated
1754 1617 213 53 editors
2006 1617 58 52 in

70 1695 95 51 the
203 1694 214 52 several
459 1699 187 48 states.
724 1694 132 53 37th
896 1695 83 52 ed.
1059 1696 137 50 New
1237 1694 179 65 York,
1457 1695 216 54 United
1717 1694 186 55 States
69 1714 1972 125 corporation
361 1790 297 49 company,
689 1775 150 50 1936.

136 1856 76 36 xv,
241 1845 24 38 1
315 1876 22 15 l.,
364 1844 118 40 2758
506 1855 42 37 p.
604 1844 25 38 26
664 1847 43 20 cm
712 1877 8 7 .

68 1897 52 54 ©
156 1903 110 39 Dec.
302 1902 69 45 31,
407 1900 140 47 1935;
586 1901 67 40 2c.
692 1902 109 39 Jan.
840 1902 38 46 7,
917 1900 117 41 1936;
1098 1901 82 40 aff.
1217 1902 109 39 Jan.
1364 1902 53 46 4;
1456 1901 43 39 A
1534 1901 170 47 90188;
1746 1901 321 49 Corporation

137 1960 197 38 manual
361 1968 81 38 co.,
468 1958 118 40 New
611 1958 146 39 York.

68 2048 241 65 Parker,
338 2048 131 63 Roy
495 2048 290 55 Danford.

138 2123 268 68 Dappled
439 2127 192 64 water,
660 2124 75 67 by
763 2124 126 68 Roy
919 2124 269 52 Danford
1222 2124 245 61 Parker;
1502 2124 140 54 with
1676 2123 284 54 foreword
1994 2126 73 67 by

68 2202 176 52 Lucia
283 2203 178 50 Trent
497 2202 111 52 and
646 2202 194 68 Ralph
877 2201 283 70 Cheyney.
1233 2202 427 69 Philadelphia,
1697 2204 122 68 Pa.,
1854 2205 213 67 Poetry

70 2280 335 68 publishers,
435 2283 149 49 1936.

138 2353 59 40 48
222 2364 44 38 p.
320 2353 55 39 21½
408 2356 45 21 cm
456 2383 9 10 .

141 2410 183 41 Poems.

68 2461 51 53 ©
147 2466 110 40 Feb.
284 2467 39 46 1,
351 2465 139 47 1936;
520 2467 66 39 2c.
615 2468 96 38 and
738 2466 80 41 aff.
848 2468 110 40 Feb.
987 2468 52 46 8;
1069 2467 41 39 A
1136 2466 170 49 90682;
1385 2500 8 8 R.
1421 2470 56 38 D.
1507 2469 198 49 Parker,
1736 2468 331 50 Middletown,

136 2523 54 39 N.
222 2524 53 39 Y.
345 2523 249 47 (36-4437)

70 2612 205 64 Paton,
310 2613 173 64 John,
523 2619 170 49 1886-

139 2691 185 51 Never
366 2709 99 47 say
507 2690 117 59 die;
673 2709 67 33 an
787 2691 458 68 autobiography
1293 2692 109 67 [by]
1448 2693 158 55 John
1647 2695 203 52 Paton.
1926 2695 140 51 New

70 2764 177 63 York,
273 2765 343 68 Longmans,
645 2765 184 55 Green
857 2767 111 52 and
997 2785 97 49 co.,
1124 2770 150 50 1936.

139 2838 104 48 xiii,
268 2838 87 40 336
380 2848 44 37 p.
486 2838 54 38 21½
575 2841 43 20 cm
624 2873 6 6 .

141 2894 161 43 “First
332 2895 260 49 printing.”

142 2950 196 43 London
377 2953 183 40 edition
610 2954 76 48 (G.
731 2955 267 47 Routledge
1038 2956 35 39 &
1115 2966 125 37 sons,
1283 2956 110 48 ltd.)
1445 2958 89 38 has
1577 2957 136 41 title:
1757 2958 307 41 Proletarian

72 3007 294 50 pilgrimage.

69 3063 51 52 ©
147 3068 109 41 Feb.
281 3069 39 44 6,
346 3068 117 41 1936;
513 3069 67 40 2c.
607 3072 95 38 and
730 3070 81 40 aff.
840 3071 111 40 Feb.
978 3071 81 46 21;
1089 3072 39 39 A
1156 3072 169 47 91860;
1358 3074 42 39 J.
1429 3075 169 48 Paton,
1628 3076 216 48 Welwyn
1873 3077 192 40 Garden

138 3125 123 49 City,
293 3126 162 46 Herts,
485 3127 236 47 England.
790 3127 250 48 (36-1815)

71 3214 451 65 Pennsylvania.
598 3219 182 63 Laws,
809 3225 257 58 statutes,
1095 3227 99 47 etc.

139 3293 281 52 Purdon’s
462 3295 424 66 Pennsylvania
927 3299 253 52 statutes.
1261 3302 134 50 1936
1438 3299 277 67 Compact
1753 3301 85 53 ed.
71 3302 1969 134 Containing
330 3372 75 50 all
440 3372 93 52 the
567 3373 138 53 laws
740 3373 63 52 of
836 3374 95 53 the
964 3374 244 54 General
1244 3376 277 66 assembly
1556 3377 63 53 of
1652 3379 95 51 the
73 3397 1968 102 commonwealth
317 3448 63 52 of
422 3450 424 64 Pennsylvania
889 3450 63 53 of
992 3470 31 33 a
1065 3452 228 66 general
1337 3454 111 51 and
1489 3461 335 59 permanent
1863 3462 201 47 nature

73 3522 56 54 in
158 3524 156 54 force
342 3526 261 66 January
635 3531 46 62 1,
712 3530 151 64 1936,
892 3528 139 53 with
1061 3528 274 69 complete
1364 3531 188 68 index,
1581 3532 74 66 by
1684 3534 94 52 the
72 3532 1966 122 publishers
213 3603 263 53 editorial
513 3602 150 55 staff.
737 3606 426 66 Philadelphia,
1201 3610 120 64 Pa.,
1360 3609 222 66 George
1618 3612 64 52 T.
1724 3611 155 53 Bisel
75 3630 1964 115 company;
293 3679 81 54 St.
410 3682 164 64 Paul,
609 3682 202 64 Minn.,
844 3684 160 54 West
1037 3684 334 68 publishing
1406 3704 107 49 co.;
1558 3690 136 64 [etc.,
1730 3692 118 62 etc.,
1883 3695 17 20 c
1906 3691 152 64 1936]

142 3749 923 53 lv. 4295 p. front. (facsim.) 26 cm .,
146 3805 178 43 “Titles
354 3808 51 40 of
433 3808 236 41 Purdon’s
699 3810 357 49 Pennsylvania
1084 3814 224 47 statutes,
1340 3813 229 51 Compact
1597 3815 196 49 edition,
1824 3816 113 41 1936
1968 3819 95 39 and

77 3859 231 45 Purdon’s
338 3865 357 48 Pennsylvania
726 3869 211 40 statutes
968 3871 278 47 annotated,
1277 3871 292 42 Permanent
1597 3873 211 42 edition”
1840 3886 58 28 on
1928 3875 136 41 front

74 3917 330 52 lining-paper.

72 3971 51 52 ©
159 3978 107 38 Jan.
304 3979 66 40 14.
408 3978 139 47 1936;
587 3982 66 38 2c.
693 3983 94 38 and
824 3982 82 40 aff.
944 3983 109 40 Feb.
1092 3983 81 47 17;
1214 3985 40 38 A
1290 3984 170 49 90826;
1502 3986 186 49 George
1721 3989 52 39 T.
1812 3988 130 40 Bisel
1981 3999 83 36 co.,

143 4033 154 49 Soney
319 4035 36 40 &
381 4036 124 45 Sage
527 4048 65 28 co.
620 4039 97 38 and
741 4039 134 40 West
900 4040 108 46 pub.
1036 4050 66 30 co.
1168 4041 250 45 (36-4604)
