<alto xmlns="http://www.loc.gov/standards/alto/ns-v3#" xmlns:xsi="http://www.w3.org/2001/XMLSchema-instance" xsi:schemaLocation="http://www.loc.gov/standards/alto/ns-v3# http://www.loc.gov/alto/v3/alto-3-0.xsd"><Description>
<MeasurementUnit>pixel</MeasurementUnit>
<sourceImageInformation>
<fileName>1936_v33_Part1.pdf</fileName>
</sourceImageInformation>
<OCRProcessing ID="IdOcr">
<ocrProcessingStep>
<processingDateTime>2019-01-18</processingDateTime>
<processingSoftware>
<softwareCreator>ABBYY</softwareCreator>
<softwareName>ABBYY Recognition Server</softwareName>
<softwareVersion>4.0</softwareVersion>
</processingSoftware>
</ocrProcessingStep>
</OCRProcessing>
</Description>
<Styles>
<ParagraphStyle ALIGN="Left" FIRSTLINE="0." ID="StyleId-FFFFFFFF-FFFF-FFFF-FFFF-FFFFFFFFFFFF-" LEFT="0." RIGHT="0." />
<ParagraphStyle ALIGN="Left" FIRSTLINE="0." ID="StyleId-51D50FAC-7A90-4D70-8A96-5EA9D46D1C8B-" LEFT="0." LINESPACE="7.699999809" RIGHT="0." />
<ParagraphStyle ALIGN="Block" FIRSTLINE="-17." ID="StyleId-6BC133E9-7DCB-43C3-8842-A67984A26405-" LEFT="0." LINESPACE="8.340000153" RIGHT="0." />
<ParagraphStyle ALIGN="Left" FIRSTLINE="-13." ID="StyleId-3C3FF860-43E7-46A2-8934-48F305F6F0D6-" LEFT="0." LINESPACE="11.06999969" RIGHT="0." />
<ParagraphStyle ALIGN="Block" FIRSTLINE="-13." ID="StyleId-19220C76-4F8A-4737-B38C-B5F5C17E6040-" LEFT="0." LINESPACE="11.06999969" RIGHT="0." />
<ParagraphStyle ALIGN="Left" FIRSTLINE="0." ID="StyleId-75A0D721-13ED-4F20-9002-B389EC48477D-" LEFT="0." LINESPACE="15.5" RIGHT="0." />
<ParagraphStyle ALIGN="Left" FIRSTLINE="0." ID="StyleId-8A414184-C7A5-4AC7-9B88-7DA4DDE75922-" LEFT="0." LINESPACE="9.399999619" RIGHT="0." />
<ParagraphStyle ALIGN="Left" FIRSTLINE="0." ID="StyleId-1A87970B-111C-4169-99A6-9412976F3C97-" LEFT="0." LINESPACE="10.5" RIGHT="0." />
<ParagraphStyle ALIGN="Block" FIRSTLINE="-17." ID="StyleId-72DB0571-5AE4-41FD-9E11-68C6AC4C437E-" LEFT="0." LINESPACE="8.340000153" RIGHT="0." />
<ParagraphStyle ALIGN="Center" FIRSTLINE="0." ID="StyleId-1AA43056-C388-4697-B10F-72FDAA38FAE1-" LEFT="0." LINESPACE="10.5" RIGHT="0." />
</Styles>
<Layout>
<Page HEIGHT="4377" ID="Page237" PHYSICAL_IMG_NR="237" WIDTH="2519">
<TopMargin HEIGHT="464" HPOS="0" VPOS="0" WIDTH="2519">
</TopMargin>
<LeftMargin HEIGHT="3606" HPOS="0" VPOS="464" WIDTH="78">
</LeftMargin>
<RightMargin HEIGHT="3606" HPOS="2102" VPOS="464" WIDTH="417">
</RightMargin>
<BottomMargin HEIGHT="307" HPOS="0" VPOS="4070" WIDTH="2519">
<TextBlock HEIGHT="244" HPOS="960" ID="Page237_Block1" LANG="en-US" STYLEREFS="StyleId-50E60F62-6D03-4F99-8348-ED64B99D2BD7-" VPOS="4092" WIDTH="417">
<TextLine HEIGHT="54" HPOS="1033" VPOS="4122" WIDTH="103">
<String CONTENT="237" HEIGHT="54" HPOS="1033" VPOS="4122" WIDTH="103" />
</TextLine>
</TextBlock>
</BottomMargin>
<PrintSpace HEIGHT="3606" HPOS="78" VPOS="464" WIDTH="2024">
<TextBlock CS="1" HEIGHT="3606" HPOS="78" ID="Page237_Block2" LANG="en-US" STYLEREFS="StyleId-9FE33A5B-9070-4B05-B8D3-33FD005D0F34-" VPOS="464" WIDTH="2024">
<TextLine HEIGHT="65" HPOS="91" STYLEREFS="StyleId-B586CD16-2D6C-4AD2-9DCD-9113BF5B6872-" VPOS="475" WIDTH="865">
<String CONTENT="Curran," HEIGHT="61" HPOS="91" VPOS="479" WIDTH="245" />
<SP HEIGHT="64" HPOS="337" VPOS="476" WIDTH="27" />
<String CONTENT="George" HEIGHT="62" HPOS="365" VPOS="476" WIDTH="226" />
<SP HEIGHT="52" HPOS="592" VPOS="475" WIDTH="23" />
<String CONTENT="Leo," HEIGHT="63" HPOS="616" VPOS="475" WIDTH="135" />
<SP HEIGHT="45" HPOS="752" VPOS="493" WIDTH="25" />
<String CONTENT="comp." HEIGHT="47" HPOS="778" VPOS="493" WIDTH="178" />
</TextLine>
<TextLine CS="1" HEIGHT="71" HPOS="157" STYLEREFS="StyleId-5942F772-3983-44C9-A5C9-186CAEBFDBA3-" VPOS="547" WIDTH="1928">
<String CONTENT="World" HEIGHT="54" HPOS="157" VPOS="552" WIDTH="203" />
<SP HEIGHT="52" HPOS="361" VPOS="551" WIDTH="35" />
<String CONTENT="daylight" HEIGHT="69" HPOS="397" VPOS="549" WIDTH="266" />
<SP HEIGHT="48" HPOS="664" VPOS="555" WIDTH="34" />
<String CONTENT="saving" HEIGHT="69" HPOS="699" VPOS="549" WIDTH="202" />
<SP HEIGHT="63" HPOS="902" VPOS="555" WIDTH="33" />
<String CONTENT="time," HEIGHT="55" HPOS="936" VPOS="550" WIDTH="155" />
<SP HEIGHT="57" HPOS="1092" VPOS="548" WIDTH="32" />
<String CONTENT="by" HEIGHT="69" HPOS="1125" VPOS="548" WIDTH="75" />
<SP HEIGHT="69" HPOS="1201" VPOS="548" WIDTH="35" />
<String CONTENT="George" HEIGHT="68" HPOS="1237" VPOS="548" WIDTH="223" />
<SP HEIGHT="51" HPOS="1461" VPOS="548" WIDTH="30" />
<String CONTENT="Leo" HEIGHT="52" HPOS="1492" VPOS="548" WIDTH="114" />
<SP HEIGHT="54" HPOS="1607" VPOS="547" WIDTH="36" />
<String CONTENT="Curran," HEIGHT="68" HPOS="1644" VPOS="547" WIDTH="243" />
<SP HEIGHT="50" HPOS="1888" VPOS="565" WIDTH="31" />
<String CONTENT="PS." CS="1" HEIGHT="10" HPOS="1990" VPOS="590" WIDTH="9" />
<SP HEIGHT="34" HPOS="2000" VPOS="566" WIDTH="36" />
<String CONTENT="D." CS="1" HEIGHT="10" HPOS="2075" VPOS="590" WIDTH="10" />
</TextLine>
<TextLine CS="1" HEIGHT="151" HPOS="88" STYLEREFS="StyleId-5942F772-3983-44C9-A5C9-186CAEBFDBA3-" VPOS="625" WIDTH="1973">
<String CONTENT="and" HEIGHT="51" HPOS="88" VPOS="631" WIDTH="111" />
<SP HEIGHT="52" HPOS="200" VPOS="630" WIDTH="27" />
<String CONTENT="Irene" HEIGHT="51" HPOS="228" VPOS="630" WIDTH="166" />
<SP HEIGHT="53" HPOS="395" VPOS="628" WIDTH="25" />
<String CONTENT="Hume" HEIGHT="54" HPOS="421" VPOS="628" WIDTH="190" />
<SP HEIGHT="52" HPOS="612" VPOS="630" WIDTH="26" />
<String CONTENT="Taylor," HEIGHT="65" HPOS="639" VPOS="629" WIDTH="233" />
<SP HEIGHT="49" HPOS="873" VPOS="645" WIDTH="23" />
<String CONTENT="PH." CS="1" HEIGHT="8" HPOS="985" VPOS="671" WIDTH="9" />
<SP HEIGHT="33" HPOS="995" VPOS="646" WIDTH="28" />
<String CONTENT="B." CS="1" HEIGHT="8" HPOS="1062" VPOS="671" WIDTH="9" />
<SP HEIGHT="54" HPOS="1072" VPOS="627" WIDTH="65" />
<String CONTENT="Chicago," HEIGHT="69" HPOS="1138" VPOS="626" WIDTH="270" />
<SP HEIGHT="66" HPOS="1409" VPOS="627" WIDTH="24" />
<String CONTENT="Ill.," HEIGHT="67" HPOS="1434" VPOS="626" WIDTH="114" />
<SP HEIGHT="68" HPOS="1549" VPOS="625" WIDTH="28" />
<String CONTENT="Curran" HEIGHT="54" HPOS="1578" VPOS="625" WIDTH="224" />
<SP HEIGHT="49" HPOS="1803" VPOS="644" WIDTH="27" />
<String CONTENT="publishing" HEIGHT="151" HPOS="89" VPOS="625" WIDTH="1972" />
<SP HEIGHT="50" HPOS="189" VPOS="726" WIDTH="27" />
<String CONTENT="company" HEIGHT="49" HPOS="217" VPOS="724" WIDTH="279" />
<SP HEIGHT="49" HPOS="497" VPOS="724" WIDTH="33" />
<String CONTENT="[" CS="1" />
<String CONTENT="c" HEIGHT="21" HPOS="547" STYLE="superscript" VPOS="712" WIDTH="18" />
<String CONTENT="1935]" HEIGHT="62" HPOS="571" VPOS="709" WIDTH="152" />
</TextLine>
<TextLine CS="1" HEIGHT="50" HPOS="160" VPOS="780" WIDTH="659">
<String CONTENT="95," HEIGHT="47" HPOS="160" VPOS="781" WIDTH="68" />
<SP HEIGHT="30" HPOS="229" VPOS="800" WIDTH="26" />
<String CONTENT="[1]" HEIGHT="50" HPOS="256" VPOS="780" WIDTH="55" />
<SP HEIGHT="38" HPOS="312" VPOS="791" WIDTH="27" />
<String CONTENT="p." HEIGHT="37" HPOS="340" VPOS="791" WIDTH="42" />
<SP HEIGHT="40" HPOS="383" VPOS="781" WIDTH="55" />
<String CONTENT="l" CS="1" />
<SP HEIGHT="39" HPOS="463" VPOS="780" WIDTH="26" />
<String CONTENT="illus." HEIGHT="40" HPOS="490" VPOS="780" WIDTH="127" />
<SP HEIGHT="40" HPOS="618" VPOS="780" WIDTH="55" />
<String CONTENT="21&#189;" CS="1" HEIGHT="38" HPOS="674" VPOS="780" WIDTH="54" />
<String CONTENT="cm" HEIGHT="21" HPOS="762" STYLE="superscript" VPOS="781" WIDTH="45" />
<String CONTENT="." HEIGHT="8" HPOS="811" VPOS="811" WIDTH="8" />
</TextLine>
<TextLine HEIGHT="48" HPOS="161" VPOS="833" WIDTH="1869">
<String CONTENT="&#8220;Each" HEIGHT="39" HPOS="161" VPOS="837" WIDTH="160" />
<SP HEIGHT="40" HPOS="322" VPOS="836" WIDTH="28" />
<String CONTENT="book" HEIGHT="40" HPOS="351" VPOS="836" WIDTH="122" />
<SP HEIGHT="40" HPOS="474" VPOS="836" WIDTH="26" />
<String CONTENT="in" HEIGHT="39" HPOS="501" VPOS="836" WIDTH="49" />
<SP HEIGHT="38" HPOS="551" VPOS="838" WIDTH="22" />
<String CONTENT="this" HEIGHT="40" HPOS="574" VPOS="836" WIDTH="100" />
<SP HEIGHT="29" HPOS="675" VPOS="846" WIDTH="25" />
<String CONTENT="edition" HEIGHT="41" HPOS="701" VPOS="834" WIDTH="182" />
<SP HEIGHT="38" HPOS="884" VPOS="835" WIDTH="28" />
<String CONTENT="is" HEIGHT="40" HPOS="913" VPOS="835" WIDTH="41" />
<SP HEIGHT="29" HPOS="955" VPOS="846" WIDTH="28" />
<String CONTENT="numbered.&#8221;" HEIGHT="40" HPOS="984" VPOS="834" WIDTH="304" />
<SP HEIGHT="39" HPOS="1289" VPOS="834" WIDTH="58" />
<String CONTENT="This" HEIGHT="40" HPOS="1348" VPOS="833" WIDTH="117" />
<SP HEIGHT="29" HPOS="1466" VPOS="844" WIDTH="27" />
<String CONTENT="copy" HEIGHT="37" HPOS="1494" VPOS="844" WIDTH="118" />
<SP HEIGHT="37" HPOS="1613" VPOS="844" WIDTH="28" />
<String CONTENT="not" HEIGHT="38" HPOS="1642" VPOS="835" WIDTH="82" />
<SP HEIGHT="38" HPOS="1725" VPOS="835" WIDTH="27" />
<String CONTENT="numbered." HEIGHT="39" HPOS="1753" VPOS="834" WIDTH="277" />
</TextLine>
<TextLine CS="1" HEIGHT="105" HPOS="89" VPOS="891" WIDTH="1980">
<String CONTENT="&#8220;This" HEIGHT="39" HPOS="161" VPOS="893" WIDTH="145" />
<SP HEIGHT="39" HPOS="307" VPOS="893" WIDTH="21" />
<String CONTENT="book" HEIGHT="40" HPOS="329" VPOS="893" WIDTH="122" />
<SP HEIGHT="39" HPOS="452" VPOS="893" WIDTH="21" />
<String CONTENT="is" HEIGHT="39" HPOS="474" VPOS="893" WIDTH="41" />
<SP HEIGHT="29" HPOS="516" VPOS="903" WIDTH="21" />
<String CONTENT="a" HEIGHT="29" HPOS="538" VPOS="903" WIDTH="27" />
<SP HEIGHT="29" HPOS="566" VPOS="903" WIDTH="24" />
<String CONTENT="compilation" HEIGHT="47" HPOS="591" VPOS="891" WIDTH="312" />
<SP HEIGHT="29" HPOS="904" VPOS="903" WIDTH="22" />
<String CONTENT="of" HEIGHT="41" HPOS="927" VPOS="891" WIDTH="51" />
<SP HEIGHT="39" HPOS="979" VPOS="891" WIDTH="21" />
<String CONTENT="the" HEIGHT="39" HPOS="1001" VPOS="892" WIDTH="79" />
<SP HEIGHT="29" HPOS="1081" VPOS="902" WIDTH="19" />
<String CONTENT="various" HEIGHT="40" HPOS="1101" VPOS="891" WIDTH="198" />
<SP HEIGHT="37" HPOS="1300" VPOS="893" WIDTH="22" />
<String CONTENT="time" HEIGHT="39" HPOS="1323" VPOS="891" WIDTH="116" />
<SP HEIGHT="29" HPOS="1440" VPOS="901" WIDTH="20" />
<String CONTENT="changes" HEIGHT="47" HPOS="1461" VPOS="891" WIDTH="209" />
<SP HEIGHT="29" HPOS="1671" VPOS="901" WIDTH="22" />
<String CONTENT="made" HEIGHT="39" HPOS="1694" VPOS="891" WIDTH="140" />
<SP HEIGHT="39" HPOS="1835" VPOS="891" WIDTH="22" />
<String CONTENT="throughout" HEIGHT="99" HPOS="89" VPOS="891" WIDTH="1980" />
<SP HEIGHT="39" HPOS="174" VPOS="951" WIDTH="25" />
<String CONTENT="the" HEIGHT="40" HPOS="200" VPOS="950" WIDTH="80" />
<SP HEIGHT="30" HPOS="281" VPOS="960" WIDTH="25" />
<String CONTENT="world" HEIGHT="39" HPOS="307" VPOS="950" WIDTH="151" />
<SP HEIGHT="39" HPOS="459" VPOS="950" WIDTH="25" />
<String CONTENT="since" HEIGHT="41" HPOS="485" VPOS="949" WIDTH="130" />
<SP HEIGHT="38" HPOS="616" VPOS="952" WIDTH="25" />
<String CONTENT="the" HEIGHT="40" HPOS="642" VPOS="949" WIDTH="82" />
<SP HEIGHT="30" HPOS="725" VPOS="959" WIDTH="23" />
<String CONTENT="adoption" HEIGHT="49" HPOS="749" VPOS="947" WIDTH="230" />
<SP HEIGHT="29" HPOS="980" VPOS="959" WIDTH="24" />
<String CONTENT="of" HEIGHT="40" HPOS="1005" VPOS="948" WIDTH="52" />
<SP HEIGHT="40" HPOS="1058" VPOS="948" WIDTH="26" />
<String CONTENT="the" HEIGHT="40" HPOS="1085" VPOS="948" WIDTH="80" />
<SP HEIGHT="41" HPOS="1166" VPOS="947" WIDTH="25" />
<String CONTENT="Gregorian" HEIGHT="50" HPOS="1192" VPOS="946" WIDTH="267" />
<SP HEIGHT="29" HPOS="1460" VPOS="958" WIDTH="25" />
<String CONTENT="calendar.&#8221;&#8212;Pref." HEIGHT="42" HPOS="1486" VPOS="946" WIDTH="466" />
</TextLine>
<TextLine HEIGHT="50" HPOS="162" VPOS="1003" WIDTH="1925">
<String CONTENT="&#8220;Copyright," HEIGHT="47" HPOS="162" VPOS="1006" WIDTH="305" />
<SP HEIGHT="37" HPOS="468" VPOS="1016" WIDTH="25" />
<String CONTENT="pamphlet" HEIGHT="47" HPOS="494" VPOS="1006" WIDTH="247" />
<SP HEIGHT="38" HPOS="742" VPOS="1007" WIDTH="29" />
<String CONTENT="edition," HEIGHT="49" HPOS="772" VPOS="1004" WIDTH="195" />
<SP HEIGHT="44" HPOS="968" VPOS="1009" WIDTH="30" />
<String CONTENT="1931." HEIGHT="41" HPOS="999" VPOS="1004" WIDTH="127" />
<SP HEIGHT="41" HPOS="1127" VPOS="1004" WIDTH="59" />
<String CONTENT="Copyright," HEIGHT="48" HPOS="1187" VPOS="1004" WIDTH="278" />
<SP HEIGHT="45" HPOS="1466" VPOS="1005" WIDTH="31" />
<String CONTENT="1935," HEIGHT="47" HPOS="1498" VPOS="1004" WIDTH="127" />
<SP HEIGHT="36" HPOS="1626" VPOS="1015" WIDTH="29" />
<String CONTENT="second" HEIGHT="39" HPOS="1656" VPOS="1005" WIDTH="172" />
<SP HEIGHT="39" HPOS="1829" VPOS="1005" WIDTH="30" />
<String CONTENT="edition.&#8221;" HEIGHT="41" HPOS="1860" VPOS="1003" WIDTH="227" />
</TextLine>
<TextLine HEIGHT="50" HPOS="159" VPOS="1061" WIDTH="566">
<String CONTENT="Bibliography:" HEIGHT="47" HPOS="159" VPOS="1063" WIDTH="375" />
<SP HEIGHT="37" HPOS="535" VPOS="1073" WIDTH="30" />
<String CONTENT="p." HEIGHT="37" HPOS="566" VPOS="1073" WIDTH="43" />
<SP HEIGHT="30" HPOS="610" VPOS="1081" WIDTH="29" />
<String CONTENT="[96]" HEIGHT="50" HPOS="640" VPOS="1061" WIDTH="85" />
</TextLine>
<TextLine HEIGHT="52" HPOS="90" VPOS="1128" WIDTH="1997">
<String CONTENT="&#169;" HEIGHT="52" HPOS="90" VPOS="1128" WIDTH="52" />
<SP HEIGHT="43" HPOS="149" VPOS="1129" WIDTH="29" />
<String CONTENT="Sept." HEIGHT="47" HPOS="179" VPOS="1132" WIDTH="125" />
<SP HEIGHT="38" HPOS="305" VPOS="1132" WIDTH="34" />
<String CONTENT="1," HEIGHT="47" HPOS="340" VPOS="1132" WIDTH="38" />
<SP HEIGHT="46" HPOS="379" VPOS="1133" WIDTH="33" />
<String CONTENT="1935;" HEIGHT="41" HPOS="413" VPOS="1132" WIDTH="139" />
<SP HEIGHT="42" HPOS="553" VPOS="1131" WIDTH="33" />
<String CONTENT="2c." HEIGHT="40" HPOS="587" VPOS="1131" WIDTH="67" />
<SP HEIGHT="29" HPOS="655" VPOS="1142" WIDTH="35" />
<String CONTENT="and" HEIGHT="39" HPOS="691" VPOS="1132" WIDTH="96" />
<SP HEIGHT="39" HPOS="788" VPOS="1132" WIDTH="32" />
<String CONTENT="aff." HEIGHT="40" HPOS="821" VPOS="1131" WIDTH="82" />
<SP HEIGHT="40" HPOS="904" VPOS="1131" WIDTH="34" />
<String CONTENT="Jan." HEIGHT="39" HPOS="939" VPOS="1131" WIDTH="109" />
<SP HEIGHT="39" HPOS="1049" VPOS="1131" WIDTH="33" />
<String CONTENT="20," HEIGHT="48" HPOS="1083" VPOS="1130" WIDTH="70" />
<SP HEIGHT="47" HPOS="1154" VPOS="1131" WIDTH="32" />
<String CONTENT="1936;" HEIGHT="47" HPOS="1187" VPOS="1130" WIDTH="140" />
<SP HEIGHT="46" HPOS="1328" VPOS="1131" WIDTH="36" />
<String CONTENT="A" HEIGHT="38" HPOS="1365" VPOS="1131" WIDTH="41" />
<SP HEIGHT="39" HPOS="1407" VPOS="1130" WIDTH="31" />
<String CONTENT="91915;" HEIGHT="47" HPOS="1439" VPOS="1130" WIDTH="170" />
<SP HEIGHT="46" HPOS="1610" VPOS="1131" WIDTH="38" />
<String CONTENT="Curran" HEIGHT="40" HPOS="1649" VPOS="1131" WIDTH="191" />
<SP HEIGHT="37" HPOS="1841" VPOS="1142" WIDTH="32" />
<String CONTENT="pub." HEIGHT="48" HPOS="1874" VPOS="1131" WIDTH="108" />
<SP HEIGHT="29" HPOS="1983" VPOS="1142" WIDTH="35" />
<String CONTENT="co." HEIGHT="30" HPOS="2019" VPOS="1141" WIDTH="68" />
</TextLine>
<TextLine CS="1" HEIGHT="48" HPOS="169" VPOS="1188" WIDTH="249">
<String CONTENT="(36-7099)" HEIGHT="48" HPOS="169" VPOS="1188" WIDTH="249" />
<SP />
</TextLine>
<TextLine HEIGHT="66" HPOS="88" STYLEREFS="StyleId-B586CD16-2D6C-4AD2-9DCD-9113BF5B6872-" VPOS="1276" WIDTH="866">
<String CONTENT="Daley," HEIGHT="66" HPOS="88" VPOS="1276" WIDTH="203" />
<SP HEIGHT="65" HPOS="292" VPOS="1277" WIDTH="29" />
<String CONTENT="Joseph" HEIGHT="63" HPOS="322" VPOS="1277" WIDTH="220" />
<SP HEIGHT="53" HPOS="543" VPOS="1277" WIDTH="30" />
<String CONTENT="John," HEIGHT="64" HPOS="574" VPOS="1277" WIDTH="174" />
<SP HEIGHT="58" HPOS="749" VPOS="1283" WIDTH="33" />
<String CONTENT="1875-" HEIGHT="54" HPOS="783" VPOS="1277" WIDTH="171" />
</TextLine>
<TextLine CS="1" HEIGHT="68" HPOS="157" STYLEREFS="StyleId-5942F772-3983-44C9-A5C9-186CAEBFDBA3-" VPOS="1352" WIDTH="1928">
<String CONTENT="A" HEIGHT="51" HPOS="157" VPOS="1354" WIDTH="55" />
<SP HEIGHT="52" HPOS="213" VPOS="1354" WIDTH="27" />
<String CONTENT="saint" HEIGHT="53" HPOS="241" VPOS="1353" WIDTH="151" />
<SP HEIGHT="46" HPOS="393" VPOS="1359" WIDTH="27" />
<String CONTENT="of" HEIGHT="53" HPOS="421" VPOS="1352" WIDTH="63" />
<SP HEIGHT="51" HPOS="485" VPOS="1352" WIDTH="23" />
<String CONTENT="today;" HEIGHT="67" HPOS="509" VPOS="1353" WIDTH="202" />
<SP HEIGHT="67" HPOS="712" VPOS="1353" WIDTH="32" />
<String CONTENT="Teresian" HEIGHT="52" HPOS="745" VPOS="1352" WIDTH="268" />
<SP HEIGHT="48" HPOS="1014" VPOS="1371" WIDTH="27" />
<String CONTENT="pastels," HEIGHT="67" HPOS="1042" VPOS="1352" WIDTH="227" />
<SP HEIGHT="67" HPOS="1270" VPOS="1352" WIDTH="24" />
<String CONTENT="by" HEIGHT="68" HPOS="1295" VPOS="1352" WIDTH="76" />
<SP HEIGHT="67" HPOS="1372" VPOS="1353" WIDTH="28" />
<String CONTENT="Joseph" HEIGHT="68" HPOS="1401" VPOS="1352" WIDTH="216" />
<SP HEIGHT="53" HPOS="1618" VPOS="1352" WIDTH="27" />
<String CONTENT="J." HEIGHT="53" HPOS="1646" VPOS="1352" WIDTH="55" />
<SP HEIGHT="51" HPOS="1702" VPOS="1353" WIDTH="29" />
<String CONTENT="Daley," HEIGHT="67" HPOS="1732" VPOS="1353" WIDTH="203" />
<SP HEIGHT="50" HPOS="1936" VPOS="1370" WIDTH="29" />
<String CONTENT="S." CS="1" HEIGHT="10" HPOS="1999" VPOS="1394" WIDTH="9" />
<SP HEIGHT="34" HPOS="2009" VPOS="1371" WIDTH="29" />
<String CONTENT="J." CS="1" HEIGHT="10" HPOS="2075" VPOS="1395" WIDTH="10" />
</TextLine>
<TextLine CS="1" HEIGHT="68" HPOS="89" STYLEREFS="StyleId-5942F772-3983-44C9-A5C9-186CAEBFDBA3-" VPOS="1430" WIDTH="1456">
<String CONTENT="New" HEIGHT="52" HPOS="89" VPOS="1432" WIDTH="136" />
<SP HEIGHT="51" HPOS="226" VPOS="1432" WIDTH="29" />
<String CONTENT="York," HEIGHT="68" HPOS="256" VPOS="1430" WIDTH="178" />
<SP HEIGHT="67" HPOS="435" VPOS="1431" WIDTH="27" />
<String CONTENT="The" HEIGHT="52" HPOS="463" VPOS="1430" WIDTH="123" />
<SP HEIGHT="51" HPOS="587" VPOS="1431" WIDTH="19" />
<String CONTENT="Devin-Adair" HEIGHT="52" HPOS="607" VPOS="1430" WIDTH="402" />
<SP HEIGHT="34" HPOS="1010" VPOS="1450" WIDTH="27" />
<String CONTENT="company" HEIGHT="51" HPOS="1038" VPOS="1447" WIDTH="279" />
<SP HEIGHT="50" HPOS="1318" VPOS="1448" WIDTH="34" />
<String CONTENT="[" CS="1" />
<String CONTENT="c" HEIGHT="20" HPOS="1370" STYLE="superscript" VPOS="1436" WIDTH="18" />
<String CONTENT="1936]" HEIGHT="64" HPOS="1394" VPOS="1433" WIDTH="151" />
</TextLine>
<TextLine CS="1" HEIGHT="49" HPOS="159" STYLEREFS="StyleId-5942F772-3983-44C9-A5C9-186CAEBFDBA3-" VPOS="1504" WIDTH="655">
<String CONTENT="xiv" HEIGHT="39" HPOS="159" VPOS="1505" WIDTH="82" />
<SP HEIGHT="36" HPOS="242" VPOS="1516" WIDTH="18" />
<String CONTENT="p.," HEIGHT="36" HPOS="261" VPOS="1516" WIDTH="57" />
<SP HEIGHT="47" HPOS="319" VPOS="1505" WIDTH="26" />
<String CONTENT="2" HEIGHT="38" HPOS="346" VPOS="1505" WIDTH="25" />
<SP HEIGHT="38" HPOS="372" VPOS="1505" WIDTH="24" />
<String CONTENT="l.," CS="1" HEIGHT="14" HPOS="417" VPOS="1535" WIDTH="23" />
<SP HEIGHT="44" HPOS="441" VPOS="1505" WIDTH="24" />
<String CONTENT="265" HEIGHT="40" HPOS="466" VPOS="1504" WIDTH="86" />
<SP HEIGHT="48" HPOS="553" VPOS="1505" WIDTH="19" />
<String CONTENT="p." HEIGHT="37" HPOS="573" VPOS="1516" WIDTH="43" />
<SP HEIGHT="40" HPOS="617" VPOS="1505" WIDTH="51" />
<String CONTENT="19&#189;" CS="1" HEIGHT="39" HPOS="669" VPOS="1504" WIDTH="56" />
<String CONTENT="cm" HEIGHT="20" HPOS="757" STYLE="superscript" VPOS="1507" WIDTH="44" />
<String CONTENT="." HEIGHT="9" HPOS="805" VPOS="1536" WIDTH="9" />
</TextLine>
<TextLine HEIGHT="53" HPOS="90" VPOS="1557" WIDTH="1997">
<String CONTENT="&#169;" HEIGHT="53" HPOS="90" VPOS="1557" WIDTH="52" />
<SP HEIGHT="53" HPOS="143" VPOS="1557" WIDTH="34" />
<String CONTENT="Feb." HEIGHT="39" HPOS="178" VPOS="1562" WIDTH="109" />
<SP HEIGHT="40" HPOS="288" VPOS="1561" WIDTH="33" />
<String CONTENT="25," HEIGHT="47" HPOS="322" VPOS="1561" WIDTH="69" />
<SP HEIGHT="46" HPOS="392" VPOS="1562" WIDTH="36" />
<String CONTENT="1936;" HEIGHT="46" HPOS="429" VPOS="1561" WIDTH="138" />
<SP HEIGHT="46" HPOS="568" VPOS="1561" WIDTH="36" />
<String CONTENT="2c." HEIGHT="40" HPOS="605" VPOS="1561" WIDTH="67" />
<SP HEIGHT="40" HPOS="673" VPOS="1561" WIDTH="36" />
<String CONTENT="Feb." HEIGHT="40" HPOS="710" VPOS="1561" WIDTH="110" />
<SP HEIGHT="40" HPOS="821" VPOS="1561" WIDTH="35" />
<String CONTENT="28;" HEIGHT="47" HPOS="857" VPOS="1561" WIDTH="81" />
<SP HEIGHT="36" HPOS="939" VPOS="1572" WIDTH="38" />
<String CONTENT="aff." HEIGHT="40" HPOS="978" VPOS="1560" WIDTH="82" />
<SP HEIGHT="39" HPOS="1061" VPOS="1561" WIDTH="36" />
<String CONTENT="Feb." HEIGHT="41" HPOS="1098" VPOS="1560" WIDTH="109" />
<SP HEIGHT="41" HPOS="1208" VPOS="1560" WIDTH="35" />
<String CONTENT="29;" HEIGHT="48" HPOS="1244" VPOS="1559" WIDTH="82" />
<SP HEIGHT="45" HPOS="1327" VPOS="1562" WIDTH="37" />
<String CONTENT="A" HEIGHT="38" HPOS="1365" VPOS="1562" WIDTH="40" />
<SP HEIGHT="40" HPOS="1406" VPOS="1560" WIDTH="35" />
<String CONTENT="91973;" HEIGHT="48" HPOS="1442" VPOS="1560" WIDTH="171" />
<SP HEIGHT="46" HPOS="1614" VPOS="1562" WIDTH="39" />
<String CONTENT="Devin-Adair" HEIGHT="40" HPOS="1654" VPOS="1560" WIDTH="329" />
<SP HEIGHT="29" HPOS="1984" VPOS="1572" WIDTH="34" />
<String CONTENT="co." HEIGHT="30" HPOS="2019" VPOS="1572" WIDTH="68" />
</TextLine>
<TextLine HEIGHT="49" HPOS="169" VPOS="1618" WIDTH="250">
<String CONTENT="(36-7022)" HEIGHT="49" HPOS="169" VPOS="1618" WIDTH="250" />
</TextLine>
<TextLine HEIGHT="65" HPOS="89" STYLEREFS="StyleId-B586CD16-2D6C-4AD2-9DCD-9113BF5B6872-" VPOS="1708" WIDTH="1279">
<String CONTENT="Daniells," HEIGHT="65" HPOS="89" VPOS="1708" WIDTH="277" />
<SP HEIGHT="64" HPOS="367" VPOS="1709" WIDTH="29" />
<String CONTENT="Arthur" HEIGHT="53" HPOS="397" VPOS="1709" WIDTH="232" />
<SP HEIGHT="53" HPOS="630" VPOS="1709" WIDTH="30" />
<String CONTENT="Grosvenor," HEIGHT="63" HPOS="661" VPOS="1709" WIDTH="350" />
<SP HEIGHT="56" HPOS="1012" VPOS="1716" WIDTH="31" />
<String CONTENT="1858-1935." HEIGHT="49" HPOS="1044" VPOS="1714" WIDTH="324" />
</TextLine>
<TextLine CS="1" HEIGHT="147" HPOS="89" STYLEREFS="StyleId-5942F772-3983-44C9-A5C9-186CAEBFDBA3-" VPOS="1784" WIDTH="1998">
<String CONTENT="The" HEIGHT="52" HPOS="161" VPOS="1785" WIDTH="121" />
<SP HEIGHT="34" HPOS="283" VPOS="1803" WIDTH="37" />
<String CONTENT="abiding" HEIGHT="69" HPOS="321" VPOS="1784" WIDTH="238" />
<SP HEIGHT="49" HPOS="560" VPOS="1804" WIDTH="33" />
<String CONTENT="gift" HEIGHT="69" HPOS="594" VPOS="1784" WIDTH="119" />
<SP HEIGHT="47" HPOS="714" VPOS="1791" WIDTH="35" />
<String CONTENT="of" HEIGHT="53" HPOS="750" VPOS="1784" WIDTH="63" />
<SP HEIGHT="68" HPOS="814" VPOS="1784" WIDTH="34" />
<String CONTENT="prophecy," HEIGHT="67" HPOS="849" VPOS="1786" WIDTH="307" />
<SP HEIGHT="66" HPOS="1157" VPOS="1785" WIDTH="33" />
<String CONTENT="by" HEIGHT="68" HPOS="1191" VPOS="1785" WIDTH="76" />
<SP HEIGHT="67" HPOS="1268" VPOS="1786" WIDTH="36" />
<String CONTENT="Arthur" HEIGHT="51" HPOS="1305" VPOS="1786" WIDTH="226" />
<SP HEIGHT="54" HPOS="1532" VPOS="1786" WIDTH="33" />
<String CONTENT="Grosvenor" HEIGHT="54" HPOS="1566" VPOS="1786" WIDTH="325" />
<SP HEIGHT="52" HPOS="1892" VPOS="1787" WIDTH="36" />
<String CONTENT="Daniells." HEIGHT="130" HPOS="89" VPOS="1787" WIDTH="1972" />
<SP HEIGHT="55" HPOS="229" VPOS="1862" WIDTH="73" />
<String CONTENT="Mountain" HEIGHT="54" HPOS="303" VPOS="1862" WIDTH="304" />
<SP HEIGHT="53" HPOS="608" VPOS="1864" WIDTH="28" />
<String CONTENT="View," HEIGHT="68" HPOS="637" VPOS="1863" WIDTH="180" />
<SP HEIGHT="67" HPOS="818" VPOS="1864" WIDTH="30" />
<String CONTENT="Calif.," HEIGHT="69" HPOS="849" VPOS="1862" WIDTH="194" />
<SP HEIGHT="68" HPOS="1044" VPOS="1863" WIDTH="26" />
<String CONTENT="Omaha," HEIGHT="67" HPOS="1071" VPOS="1863" WIDTH="241" />
<SP HEIGHT="65" HPOS="1313" VPOS="1865" WIDTH="26" />
<String CONTENT="Neb." HEIGHT="54" HPOS="1340" VPOS="1863" WIDTH="139" />
<SP HEIGHT="33" HPOS="1480" VPOS="1898" WIDTH="36" />
<String CONTENT="[etc.]" CS="1" HEIGHT="61" HPOS="1535" VPOS="1870" WIDTH="119" />
<SP HEIGHT="65" HPOS="1655" VPOS="1866" WIDTH="32" />
<String CONTENT="Pacific" HEIGHT="54" HPOS="1688" VPOS="1863" WIDTH="212" />
<SP HEIGHT="49" HPOS="1901" VPOS="1882" WIDTH="28" />
<String CONTENT="press" HEIGHT="49" HPOS="1930" VPOS="1882" WIDTH="157" />
</TextLine>
<TextLine CS="1" HEIGHT="68" HPOS="90" STYLEREFS="StyleId-5942F772-3983-44C9-A5C9-186CAEBFDBA3-" VPOS="1941" WIDTH="933">
<String CONTENT="publishing" HEIGHT="68" HPOS="90" VPOS="1941" WIDTH="336" />
<SP HEIGHT="49" HPOS="427" VPOS="1960" WIDTH="30" />
<String CONTENT="association" HEIGHT="53" HPOS="458" VPOS="1942" WIDTH="336" />
<SP HEIGHT="50" HPOS="795" VPOS="1959" WIDTH="36" />
<String CONTENT="[" CS="1" />
<String CONTENT="c" HEIGHT="21" HPOS="848" STYLE="superscript" VPOS="1948" WIDTH="18" />
<String CONTENT="1936]" HEIGHT="64" HPOS="872" VPOS="1945" WIDTH="151" />
</TextLine>
<TextLine CS="1" HEIGHT="49" HPOS="162" VPOS="2013" WIDTH="782">
<String CONTENT="378" HEIGHT="41" HPOS="162" VPOS="2014" WIDTH="86" />
<SP HEIGHT="47" HPOS="249" VPOS="2015" WIDTH="28" />
<String CONTENT="p." HEIGHT="37" HPOS="278" VPOS="2025" WIDTH="41" />
<SP HEIGHT="38" HPOS="320" VPOS="2014" WIDTH="58" />
<String CONTENT="front." CS="1" HEIGHT="39" HPOS="379" VPOS="2014" WIDTH="136" />
<SP HEIGHT="49" HPOS="530" VPOS="2013" WIDTH="26" />
<String CONTENT="(port.)" HEIGHT="49" HPOS="557" VPOS="2013" WIDTH="173" />
<SP HEIGHT="48" HPOS="731" VPOS="2014" WIDTH="66" />
<String CONTENT="20&#189;" CS="1" HEIGHT="40" HPOS="798" VPOS="2014" WIDTH="58" />
<String CONTENT="cm" HEIGHT="21" HPOS="886" STYLE="superscript" VPOS="2016" WIDTH="44" />
<String CONTENT="." HEIGHT="9" HPOS="935" VPOS="2047" WIDTH="9" />
</TextLine>
<TextLine CS="1" HEIGHT="52" HPOS="90" VPOS="2068" WIDTH="1997">
<String CONTENT="&#169;" HEIGHT="52" HPOS="90" VPOS="2068" WIDTH="53" />
<SP HEIGHT="52" HPOS="144" VPOS="2068" WIDTH="26" />
<String CONTENT="Jan." HEIGHT="38" HPOS="171" VPOS="2073" WIDTH="108" />
<SP HEIGHT="38" HPOS="280" VPOS="2073" WIDTH="28" />
<String CONTENT="14," HEIGHT="45" HPOS="309" VPOS="2073" WIDTH="69" />
<SP HEIGHT="46" HPOS="379" VPOS="2072" WIDTH="28" />
<String CONTENT="1936;" CS="1" HEIGHT="40" HPOS="408" VPOS="2071" WIDTH="116" />
<SP HEIGHT="42" HPOS="548" VPOS="2071" WIDTH="28" />
<String CONTENT="2c." HEIGHT="40" HPOS="577" VPOS="2071" WIDTH="66" />
<SP HEIGHT="29" HPOS="644" VPOS="2082" WIDTH="31" />
<String CONTENT="and" HEIGHT="38" HPOS="676" VPOS="2073" WIDTH="97" />
<SP HEIGHT="38" HPOS="774" VPOS="2073" WIDTH="27" />
<String CONTENT="aff." HEIGHT="41" HPOS="802" VPOS="2071" WIDTH="81" />
<SP HEIGHT="40" HPOS="884" VPOS="2072" WIDTH="30" />
<String CONTENT="Jan." HEIGHT="40" HPOS="915" VPOS="2072" WIDTH="109" />
<SP HEIGHT="41" HPOS="1025" VPOS="2071" WIDTH="28" />
<String CONTENT="27;" HEIGHT="47" HPOS="1054" VPOS="2071" WIDTH="82" />
<SP HEIGHT="46" HPOS="1137" VPOS="2072" WIDTH="31" />
<String CONTENT="A" HEIGHT="38" HPOS="1169" VPOS="2072" WIDTH="41" />
<SP HEIGHT="40" HPOS="1211" VPOS="2070" WIDTH="26" />
<String CONTENT="91448;" HEIGHT="47" HPOS="1238" VPOS="2070" WIDTH="170" />
<SP HEIGHT="45" HPOS="1409" VPOS="2072" WIDTH="34" />
<String CONTENT="Pacific" HEIGHT="39" HPOS="1444" VPOS="2072" WIDTH="179" />
<SP HEIGHT="36" HPOS="1624" VPOS="2083" WIDTH="26" />
<String CONTENT="press" HEIGHT="37" HPOS="1651" VPOS="2082" WIDTH="135" />
<SP HEIGHT="36" HPOS="1787" VPOS="2083" WIDTH="30" />
<String CONTENT="pub." HEIGHT="47" HPOS="1818" VPOS="2072" WIDTH="108" />
<SP HEIGHT="29" HPOS="1927" VPOS="2083" WIDTH="29" />
<String CONTENT="assn." HEIGHT="30" HPOS="1957" VPOS="2081" WIDTH="130" />
</TextLine>
<TextLine HEIGHT="47" HPOS="171" VPOS="2129" WIDTH="248">
<String CONTENT="(36-7156)" HEIGHT="47" HPOS="171" VPOS="2129" WIDTH="248" />
</TextLine>
<TextLine CS="1" HEIGHT="147" HPOS="90" STYLEREFS="StyleId-B586CD16-2D6C-4AD2-9DCD-9113BF5B6872-" VPOS="2216" WIDTH="1973">
<String CONTENT="Daughters" HEIGHT="64" HPOS="90" VPOS="2218" WIDTH="343" />
<SP HEIGHT="36" HPOS="434" VPOS="2235" WIDTH="26" />
<String CONTENT="of" HEIGHT="53" HPOS="461" VPOS="2218" WIDTH="63" />
<SP HEIGHT="53" HPOS="525" VPOS="2218" WIDTH="27" />
<String CONTENT="the" HEIGHT="53" HPOS="553" VPOS="2218" WIDTH="102" />
<SP HEIGHT="53" HPOS="656" VPOS="2218" WIDTH="26" />
<String CONTENT="American" HEIGHT="55" HPOS="683" VPOS="2217" WIDTH="315" />
<SP HEIGHT="36" HPOS="999" VPOS="2234" WIDTH="26" />
<String CONTENT="revolution." HEIGHT="55" HPOS="1026" VPOS="2216" WIDTH="350" />
<SP HEIGHT="54" HPOS="1377" VPOS="2218" WIDTH="76" />
<String CONTENT="Georgia." HEIGHT="67" HPOS="1454" VPOS="2218" WIDTH="262" />
<SP HEIGHT="53" HPOS="1717" VPOS="2219" WIDTH="62" />
<String CONTENT="Hawkinsville" HEIGHT="130" HPOS="159" VPOS="2218" WIDTH="1904" />
<SP HEIGHT="33" HPOS="294" VPOS="2316" WIDTH="25" />
<String CONTENT="chapter." HEIGHT="66" HPOS="320" VPOS="2297" WIDTH="248" />
</TextLine>
<TextLine CS="1" HEIGHT="304" HPOS="92" STYLEREFS="StyleId-5942F772-3983-44C9-A5C9-186CAEBFDBA3-" VPOS="2372" WIDTH="1972">
<String CONTENT="History" HEIGHT="69" HPOS="161" VPOS="2372" WIDTH="245" />
<SP HEIGHT="50" HPOS="407" VPOS="2391" WIDTH="39" />
<String CONTENT="of" HEIGHT="52" HPOS="447" VPOS="2373" WIDTH="64" />
<SP HEIGHT="53" HPOS="512" VPOS="2373" WIDTH="36" />
<String CONTENT="Pulaski" HEIGHT="54" HPOS="549" VPOS="2372" WIDTH="238" />
<SP HEIGHT="53" HPOS="788" VPOS="2372" WIDTH="42" />
<String CONTENT="county," HEIGHT="60" HPOS="831" VPOS="2381" WIDTH="225" />
<SP HEIGHT="67" HPOS="1057" VPOS="2374" WIDTH="42" />
<String CONTENT="Georgia;" HEIGHT="69" HPOS="1100" VPOS="2372" WIDTH="274" />
<SP HEIGHT="48" HPOS="1375" VPOS="2393" WIDTH="46" />
<String CONTENT="official" HEIGHT="54" HPOS="1422" VPOS="2373" WIDTH="197" />
<SP HEIGHT="52" HPOS="1620" VPOS="2375" WIDTH="40" />
<String CONTENT="history," HEIGHT="65" HPOS="1661" VPOS="2375" WIDTH="238" />
<SP HEIGHT="47" HPOS="1900" VPOS="2393" WIDTH="41" />
<String CONTENT="compiled" HEIGHT="125" HPOS="93" VPOS="2393" WIDTH="1971" />
<SP HEIGHT="52" HPOS="249" VPOS="2452" WIDTH="33" />
<String CONTENT="by" HEIGHT="67" HPOS="283" VPOS="2452" WIDTH="74" />
<SP HEIGHT="61" HPOS="358" VPOS="2458" WIDTH="33" />
<String CONTENT="the" HEIGHT="53" HPOS="392" VPOS="2451" WIDTH="95" />
<SP HEIGHT="52" HPOS="488" VPOS="2452" WIDTH="34" />
<String CONTENT="Hawkinsville" HEIGHT="53" HPOS="523" VPOS="2451" WIDTH="421" />
<SP HEIGHT="35" HPOS="945" VPOS="2468" WIDTH="34" />
<String CONTENT="chapter," HEIGHT="67" HPOS="980" VPOS="2452" WIDTH="252" />
<SP HEIGHT="66" HPOS="1233" VPOS="2453" WIDTH="34" />
<String CONTENT="Daughters" HEIGHT="67" HPOS="1268" VPOS="2452" WIDTH="328" />
<SP HEIGHT="35" HPOS="1597" VPOS="2471" WIDTH="36" />
<String CONTENT="of" HEIGHT="51" HPOS="1634" VPOS="2453" WIDTH="63" />
<SP HEIGHT="52" HPOS="1698" VPOS="2453" WIDTH="33" />
<String CONTENT="the" HEIGHT="52" HPOS="1732" VPOS="2453" WIDTH="95" />
<SP HEIGHT="51" HPOS="1828" VPOS="2454" WIDTH="36" />
<String CONTENT="American" HEIGHT="129" HPOS="92" VPOS="2452" WIDTH="1969" />
<SP HEIGHT="34" HPOS="196" VPOS="2547" WIDTH="40" />
<String CONTENT="revolution." HEIGHT="54" HPOS="237" VPOS="2528" WIDTH="335" />
<SP HEIGHT="52" HPOS="573" VPOS="2529" WIDTH="73" />
<String CONTENT="Atlanta," HEIGHT="68" HPOS="647" VPOS="2529" WIDTH="259" />
<SP HEIGHT="67" HPOS="907" VPOS="2530" WIDTH="40" />
<String CONTENT="Ga.," HEIGHT="67" HPOS="948" VPOS="2530" WIDTH="124" />
<SP HEIGHT="64" HPOS="1073" VPOS="2533" WIDTH="41" />
<String CONTENT="Press" HEIGHT="50" HPOS="1115" VPOS="2533" WIDTH="168" />
<SP HEIGHT="35" HPOS="1284" VPOS="2548" WIDTH="39" />
<String CONTENT="of" HEIGHT="52" HPOS="1324" VPOS="2529" WIDTH="64" />
<SP HEIGHT="56" HPOS="1389" VPOS="2529" WIDTH="39" />
<String CONTENT="W." HEIGHT="54" HPOS="1429" VPOS="2531" WIDTH="89" />
<SP HEIGHT="53" HPOS="1519" VPOS="2532" WIDTH="42" />
<String CONTENT="W." HEIGHT="53" HPOS="1562" VPOS="2532" WIDTH="89" />
<SP HEIGHT="52" HPOS="1652" VPOS="2533" WIDTH="40" />
<String CONTENT="Brown" HEIGHT="50" HPOS="1693" VPOS="2533" WIDTH="210" />
<SP HEIGHT="45" HPOS="1904" VPOS="2549" WIDTH="44" />
<String CONTENT="publishing" HEIGHT="145" HPOS="92" VPOS="2531" WIDTH="1971" />
<SP HEIGHT="50" HPOS="308" VPOS="2626" WIDTH="27" />
<String CONTENT="company" HEIGHT="49" HPOS="336" VPOS="2626" WIDTH="280" />
<SP HEIGHT="49" HPOS="617" VPOS="2627" WIDTH="34" />
<String CONTENT="[" HEIGHT="33" HPOS="652" STYLE="subscript" VPOS="2643" WIDTH="13" />
<String CONTENT="c" HEIGHT="20" HPOS="669" STYLE="superscript" VPOS="2615" WIDTH="19" />
<String CONTENT="1935" HEIGHT="49" HPOS="694" VPOS="2612" WIDTH="132" />
<String CONTENT="]" HEIGHT="33" HPOS="832" STYLE="subscript" VPOS="2641" WIDTH="12" />
</TextLine>
<TextLine HEIGHT="52" HPOS="165" VPOS="2678" WIDTH="1527">
<String CONTENT="599," HEIGHT="50" HPOS="165" VPOS="2678" WIDTH="97" />
<SP HEIGHT="31" HPOS="263" VPOS="2699" WIDTH="33" />
<String CONTENT="[1]" HEIGHT="50" HPOS="297" VPOS="2680" WIDTH="55" />
<SP HEIGHT="39" HPOS="353" VPOS="2690" WIDTH="31" />
<String CONTENT="p." HEIGHT="37" HPOS="385" VPOS="2690" WIDTH="43" />
<SP HEIGHT="43" HPOS="429" VPOS="2679" WIDTH="58" />
<String CONTENT="illus." HEIGHT="40" HPOS="488" VPOS="2679" WIDTH="128" />
<SP HEIGHT="47" HPOS="617" VPOS="2681" WIDTH="27" />
<String CONTENT="(incl." HEIGHT="48" HPOS="645" VPOS="2680" WIDTH="135" />
<SP HEIGHT="37" HPOS="781" VPOS="2691" WIDTH="30" />
<String CONTENT="ports.," HEIGHT="44" HPOS="812" VPOS="2684" WIDTH="163" />
<SP HEIGHT="48" HPOS="976" VPOS="2680" WIDTH="32" />
<String CONTENT="facsim.)" HEIGHT="48" HPOS="1009" VPOS="2680" WIDTH="216" />
<SP HEIGHT="47" HPOS="1226" VPOS="2681" WIDTH="40" />
<String CONTENT="fold." HEIGHT="41" HPOS="1267" VPOS="2681" WIDTH="117" />
<SP HEIGHT="37" HPOS="1385" VPOS="2684" WIDTH="34" />
<String CONTENT="tab." HEIGHT="41" HPOS="1420" VPOS="2681" WIDTH="96" />
<SP HEIGHT="41" HPOS="1517" VPOS="2681" WIDTH="58" />
<String CONTENT="24" HEIGHT="39" HPOS="1576" VPOS="2681" WIDTH="55" />
<String CONTENT="cm" HEIGHT="22" HPOS="1634" STYLE="superscript" VPOS="2683" WIDTH="44" />
<String CONTENT="." HEIGHT="8" HPOS="1684" VPOS="2713" WIDTH="8" />
</TextLine>
<TextLine HEIGHT="48" HPOS="165" VPOS="2737" WIDTH="1147">
<String CONTENT="&#8220;Editor," HEIGHT="48" HPOS="165" VPOS="2737" WIDTH="212" />
<SP HEIGHT="47" HPOS="378" VPOS="2738" WIDTH="31" />
<String CONTENT="Mrs." HEIGHT="39" HPOS="410" VPOS="2738" WIDTH="115" />
<SP HEIGHT="39" HPOS="526" VPOS="2738" WIDTH="27" />
<String CONTENT="T." HEIGHT="39" HPOS="554" VPOS="2738" WIDTH="52" />
<SP HEIGHT="39" HPOS="607" VPOS="2738" WIDTH="29" />
<String CONTENT="H." HEIGHT="40" HPOS="637" VPOS="2738" WIDTH="60" />
<SP HEIGHT="40" HPOS="698" VPOS="2738" WIDTH="29" />
<String CONTENT="Bridges.&#8221;&#8212;Foreword." HEIGHT="48" HPOS="728" VPOS="2737" WIDTH="584" />
</TextLine>
<TextLine HEIGHT="51" HPOS="166" VPOS="2793" WIDTH="1037">
<String CONTENT="&#8220;Biographical" HEIGHT="49" HPOS="166" VPOS="2793" WIDTH="370" />
<SP HEIGHT="38" HPOS="537" VPOS="2795" WIDTH="29" />
<String CONTENT="sketches&#8221;:" HEIGHT="41" HPOS="567" VPOS="2794" WIDTH="279" />
<SP HEIGHT="39" HPOS="847" VPOS="2804" WIDTH="30" />
<String CONTENT="p." HEIGHT="38" HPOS="878" VPOS="2805" WIDTH="42" />
<SP HEIGHT="30" HPOS="921" VPOS="2814" WIDTH="33" />
<String CONTENT="[298]-444." HEIGHT="51" HPOS="955" VPOS="2793" WIDTH="248" />
</TextLine>
<TextLine HEIGHT="52" HPOS="167" VPOS="2850" WIDTH="1441">
<String CONTENT="&#8220;Marriage" HEIGHT="48" HPOS="167" VPOS="2850" WIDTH="274" />
<SP HEIGHT="29" HPOS="442" VPOS="2860" WIDTH="31" />
<String CONTENT="records" HEIGHT="39" HPOS="474" VPOS="2851" WIDTH="195" />
<SP HEIGHT="29" HPOS="670" VPOS="2861" WIDTH="26" />
<String CONTENT="of" HEIGHT="39" HPOS="697" VPOS="2851" WIDTH="52" />
<SP HEIGHT="39" HPOS="750" VPOS="2851" WIDTH="30" />
<String CONTENT="Pulaski" HEIGHT="41" HPOS="781" VPOS="2851" WIDTH="203" />
<SP HEIGHT="40" HPOS="985" VPOS="2852" WIDTH="29" />
<String CONTENT="county&#8221;:" HEIGHT="48" HPOS="1015" VPOS="2851" WIDTH="234" />
<SP HEIGHT="39" HPOS="1250" VPOS="2862" WIDTH="31" />
<String CONTENT="p." HEIGHT="38" HPOS="1282" VPOS="2863" WIDTH="44" />
<SP HEIGHT="31" HPOS="1327" VPOS="2871" WIDTH="31" />
<String CONTENT="[445]-588." HEIGHT="51" HPOS="1359" VPOS="2851" WIDTH="249" />
</TextLine>
<TextLine CS="1" HEIGHT="50" HPOS="164" VPOS="2908" WIDTH="882">
<String CONTENT="Bibliography" HEIGHT="48" HPOS="164" VPOS="2908" WIDTH="349" />
<SP HEIGHT="48" HPOS="514" VPOS="2909" WIDTH="38" />
<String CONTENT="(partial):" CS="1" HEIGHT="49" HPOS="553" VPOS="2908" WIDTH="230" />
<SP HEIGHT="38" HPOS="821" VPOS="2919" WIDTH="31" />
<String CONTENT="p." HEIGHT="38" HPOS="853" VPOS="2919" WIDTH="43" />
<SP HEIGHT="30" HPOS="897" VPOS="2928" WIDTH="34" />
<String CONTENT="[445]" HEIGHT="49" HPOS="932" VPOS="2909" WIDTH="114" />
</TextLine>
<TextLine CS="1" HEIGHT="53" HPOS="92" VPOS="2961" WIDTH="1999">
<String CONTENT="&#169;" HEIGHT="52" HPOS="92" VPOS="2961" WIDTH="53" />
<SP HEIGHT="52" HPOS="146" VPOS="2961" WIDTH="39" />
<String CONTENT="Dec." HEIGHT="38" HPOS="186" VPOS="2967" WIDTH="108" />
<SP HEIGHT="38" HPOS="295" VPOS="2967" WIDTH="42" />
<String CONTENT="12," HEIGHT="47" HPOS="338" VPOS="2966" WIDTH="68" />
<SP HEIGHT="46" HPOS="407" VPOS="2967" WIDTH="41" />
<String CONTENT="1935;" HEIGHT="46" HPOS="449" VPOS="2966" WIDTH="139" />
<SP HEIGHT="46" HPOS="589" VPOS="2966" WIDTH="41" />
<String CONTENT="2c." HEIGHT="40" HPOS="631" VPOS="2966" WIDTH="68" />
<SP HEIGHT="29" HPOS="700" VPOS="2977" WIDTH="41" />
<String CONTENT="and" HEIGHT="39" HPOS="742" VPOS="2967" WIDTH="95" />
<SP HEIGHT="38" HPOS="838" VPOS="2967" WIDTH="40" />
<String CONTENT="aff." HEIGHT="40" HPOS="879" VPOS="2966" WIDTH="82" />
<SP HEIGHT="38" HPOS="962" VPOS="2968" WIDTH="41" />
<String CONTENT="Mar." HEIGHT="38" HPOS="1004" VPOS="2968" WIDTH="121" />
<SP HEIGHT="39" HPOS="1126" VPOS="2967" WIDTH="42" />
<String CONTENT="5," HEIGHT="46" HPOS="1169" VPOS="2967" WIDTH="39" />
<SP HEIGHT="45" HPOS="1209" VPOS="2968" WIDTH="40" />
<String CONTENT="1936;" HEIGHT="47" HPOS="1250" VPOS="2966" WIDTH="140" />
<SP HEIGHT="45" HPOS="1391" VPOS="2968" WIDTH="43" />
<String CONTENT="A" HEIGHT="38" HPOS="1435" VPOS="2968" WIDTH="44" />
<SP HEIGHT="40" HPOS="1480" VPOS="2966" WIDTH="35" />
<String CONTENT="93022;" CS="1" HEIGHT="48" HPOS="1516" VPOS="2966" WIDTH="171" />
<SP HEIGHT="46" HPOS="1688" VPOS="2968" WIDTH="43" />
<String CONTENT="Hawkinsville" HEIGHT="41" HPOS="1732" VPOS="2967" WIDTH="359" />
</TextLine>
<TextLine HEIGHT="49" HPOS="162" VPOS="3023" WIDTH="1780">
<String CONTENT="chapter," HEIGHT="46" HPOS="162" VPOS="3023" WIDTH="212" />
<SP HEIGHT="46" HPOS="375" VPOS="3023" WIDTH="35" />
<String CONTENT="Daughters" HEIGHT="47" HPOS="411" VPOS="3023" WIDTH="279" />
<SP HEIGHT="29" HPOS="691" VPOS="3033" WIDTH="35" />
<String CONTENT="of" HEIGHT="38" HPOS="727" VPOS="3023" WIDTH="51" />
<SP HEIGHT="39" HPOS="779" VPOS="3023" WIDTH="33" />
<String CONTENT="the" HEIGHT="39" HPOS="813" VPOS="3023" WIDTH="81" />
<SP HEIGHT="38" HPOS="895" VPOS="3024" WIDTH="34" />
<String CONTENT="Amer." HEIGHT="37" HPOS="930" VPOS="3024" WIDTH="157" />
<SP HEIGHT="26" HPOS="1088" VPOS="3035" WIDTH="36" />
<String CONTENT="revolution," HEIGHT="47" HPOS="1125" VPOS="3024" WIDTH="286" />
<SP HEIGHT="47" HPOS="1412" VPOS="3024" WIDTH="36" />
<String CONTENT="Hawkinsville," HEIGHT="49" HPOS="1449" VPOS="3023" WIDTH="368" />
<SP HEIGHT="48" HPOS="1818" VPOS="3024" WIDTH="39" />
<String CONTENT="Ga." HEIGHT="41" HPOS="1858" VPOS="3024" WIDTH="84" />
</TextLine>
<TextLine HEIGHT="47" HPOS="176" VPOS="3079" WIDTH="248">
<String CONTENT="(36-7170)" HEIGHT="47" HPOS="176" VPOS="3079" WIDTH="248" />
</TextLine>
<TextLine HEIGHT="64" HPOS="93" STYLEREFS="StyleId-B586CD16-2D6C-4AD2-9DCD-9113BF5B6872-" VPOS="3168" WIDTH="613">
<String CONTENT="Downey," HEIGHT="64" HPOS="93" VPOS="3168" WIDTH="276" />
<SP HEIGHT="63" HPOS="370" VPOS="3169" WIDTH="26" />
<String CONTENT="Sheridan." HEIGHT="56" HPOS="397" VPOS="3168" WIDTH="309" />
</TextLine>
<TextLine HEIGHT="69" HPOS="162" STYLEREFS="StyleId-5942F772-3983-44C9-A5C9-186CAEBFDBA3-" VPOS="3245" WIDTH="1922">
<String CONTENT="Why" HEIGHT="66" HPOS="162" VPOS="3245" WIDTH="154" />
<SP HEIGHT="65" HPOS="317" VPOS="3246" WIDTH="25" />
<String CONTENT="I" HEIGHT="51" HPOS="343" VPOS="3246" WIDTH="31" />
<SP HEIGHT="51" HPOS="375" VPOS="3246" WIDTH="26" />
<String CONTENT="believe" HEIGHT="53" HPOS="402" VPOS="3245" WIDTH="211" />
<SP HEIGHT="51" HPOS="614" VPOS="3249" WIDTH="25" />
<String CONTENT="in" HEIGHT="51" HPOS="640" VPOS="3249" WIDTH="61" />
<SP HEIGHT="47" HPOS="702" VPOS="3251" WIDTH="26" />
<String CONTENT="the" HEIGHT="52" HPOS="729" VPOS="3246" WIDTH="95" />
<SP HEIGHT="50" HPOS="825" VPOS="3249" WIDTH="26" />
<String CONTENT="Townsend" HEIGHT="52" HPOS="852" VPOS="3247" WIDTH="317" />
<SP HEIGHT="66" HPOS="1170" VPOS="3247" WIDTH="26" />
<String CONTENT="plan," HEIGHT="67" HPOS="1197" VPOS="3246" WIDTH="156" />
<SP HEIGHT="67" HPOS="1354" VPOS="3246" WIDTH="25" />
<String CONTENT="by" HEIGHT="67" HPOS="1380" VPOS="3246" WIDTH="76" />
<SP HEIGHT="66" HPOS="1457" VPOS="3247" WIDTH="30" />
<String CONTENT="Sheridan" HEIGHT="54" HPOS="1488" VPOS="3247" WIDTH="283" />
<SP HEIGHT="52" HPOS="1772" VPOS="3248" WIDTH="27" />
<String CONTENT="Downey;" HEIGHT="66" HPOS="1800" VPOS="3248" WIDTH="284" />
</TextLine>
<TextLine HEIGHT="69" HPOS="95" STYLEREFS="StyleId-5942F772-3983-44C9-A5C9-186CAEBFDBA3-" VPOS="3322" WIDTH="1993">
<String CONTENT="introduction" HEIGHT="53" HPOS="95" VPOS="3322" WIDTH="385" />
<SP HEIGHT="52" HPOS="481" VPOS="3323" WIDTH="48" />
<String CONTENT="by" HEIGHT="66" HPOS="530" VPOS="3323" WIDTH="75" />
<SP HEIGHT="65" HPOS="606" VPOS="3324" WIDTH="47" />
<String CONTENT="Dr." HEIGHT="51" HPOS="654" VPOS="3324" WIDTH="103" />
<SP HEIGHT="50" HPOS="758" VPOS="3325" WIDTH="50" />
<String CONTENT="F." HEIGHT="51" HPOS="809" VPOS="3325" WIDTH="65" />
<SP HEIGHT="52" HPOS="875" VPOS="3324" WIDTH="51" />
<String CONTENT="E." HEIGHT="52" HPOS="927" VPOS="3324" WIDTH="68" />
<SP HEIGHT="51" HPOS="996" VPOS="3325" WIDTH="47" />
<String CONTENT="Townsend." HEIGHT="53" HPOS="1044" VPOS="3324" WIDTH="334" />
<SP HEIGHT="55" HPOS="1379" VPOS="3323" WIDTH="77" />
<String CONTENT="Sacramento," HEIGHT="68" HPOS="1457" VPOS="3323" WIDTH="384" />
<SP HEIGHT="67" HPOS="1842" VPOS="3324" WIDTH="50" />
<String CONTENT="Calif.," HEIGHT="63" HPOS="1893" VPOS="3324" WIDTH="195" />
</TextLine>
<TextLine HEIGHT="70" HPOS="97" STYLEREFS="StyleId-5942F772-3983-44C9-A5C9-186CAEBFDBA3-" VPOS="3398" WIDTH="1426">
<String CONTENT="Sheridan" HEIGHT="54" HPOS="97" VPOS="3398" WIDTH="282" />
<SP HEIGHT="51" HPOS="380" VPOS="3400" WIDTH="23" />
<String CONTENT="Downey" HEIGHT="66" HPOS="404" VPOS="3400" WIDTH="256" />
<SP HEIGHT="47" HPOS="661" VPOS="3419" WIDTH="26" />
<String CONTENT="publishing" HEIGHT="66" HPOS="688" VPOS="3401" WIDTH="333" />
<SP HEIGHT="48" HPOS="1022" VPOS="3419" WIDTH="25" />
<String CONTENT="company," HEIGHT="49" HPOS="1048" VPOS="3419" WIDTH="297" />
<SP HEIGHT="62" HPOS="1346" VPOS="3406" WIDTH="27" />
<String CONTENT="1936." HEIGHT="50" HPOS="1374" VPOS="3405" WIDTH="149" />
</TextLine>
<TextLine CS="1" HEIGHT="48" HPOS="167" VPOS="3470" WIDTH="359">
<String CONTENT="122" HEIGHT="40" HPOS="167" VPOS="3471" WIDTH="85" />
<SP HEIGHT="45" HPOS="253" VPOS="3473" WIDTH="25" />
<String CONTENT="p." HEIGHT="37" HPOS="279" VPOS="3481" WIDTH="43" />
<SP HEIGHT="40" HPOS="323" VPOS="3470" WIDTH="57" />
<String CONTENT="23&#189;cm." CS="1" HEIGHT="41" HPOS="381" VPOS="3470" WIDTH="145" />
</TextLine>
<TextLine HEIGHT="42" HPOS="169" VPOS="3527" WIDTH="415">
<String CONTENT="&#8220;First" HEIGHT="41" HPOS="169" VPOS="3527" WIDTH="161" />
<SP HEIGHT="38" HPOS="331" VPOS="3530" WIDTH="27" />
<String CONTENT="edition.&#8221;" HEIGHT="41" HPOS="359" VPOS="3528" WIDTH="225" />
</TextLine>
<TextLine CS="1" HEIGHT="97" HPOS="99" VPOS="3584" WIDTH="1992">
<String CONTENT="&#8220;Radio" HEIGHT="40" HPOS="170" VPOS="3584" WIDTH="183" />
<SP HEIGHT="29" HPOS="354" VPOS="3595" WIDTH="23" />
<String CONTENT="address" HEIGHT="39" HPOS="378" VPOS="3586" WIDTH="203" />
<SP HEIGHT="40" HPOS="582" VPOS="3586" WIDTH="22" />
<String CONTENT="by" HEIGHT="47" HPOS="605" VPOS="3586" WIDTH="61" />
<SP HEIGHT="47" HPOS="667" VPOS="3586" WIDTH="28" />
<String CONTENT="Stephen" HEIGHT="48" HPOS="696" VPOS="3586" WIDTH="208" />
<SP HEIGHT="40" HPOS="905" VPOS="3587" WIDTH="23" />
<String CONTENT="W." HEIGHT="41" HPOS="929" VPOS="3587" WIDTH="72" />
<SP HEIGHT="41" HPOS="1002" VPOS="3587" WIDTH="23" />
<String CONTENT="Downey," HEIGHT="48" HPOS="1026" VPOS="3587" WIDTH="229" />
<SP HEIGHT="47" HPOS="1256" VPOS="3588" WIDTH="26" />
<String CONTENT="delivered" HEIGHT="41" HPOS="1283" VPOS="3587" WIDTH="244" />
<SP HEIGHT="40" HPOS="1528" VPOS="3588" WIDTH="21" />
<String CONTENT="July," HEIGHT="48" HPOS="1550" VPOS="3588" WIDTH="129" />
<SP HEIGHT="47" HPOS="1680" VPOS="3589" WIDTH="26" />
<String CONTENT="1932&#8221;;" HEIGHT="41" HPOS="1707" VPOS="3588" WIDTH="172" />
<SP HEIGHT="38" HPOS="1880" VPOS="3599" WIDTH="26" />
<String CONTENT="p." HEIGHT="37" HPOS="1907" VPOS="3600" WIDTH="43" />
<SP HEIGHT="40" HPOS="1951" VPOS="3590" WIDTH="23" />
<String CONTENT="119-122." HEIGHT="93" HPOS="99" VPOS="3588" WIDTH="1992" />
</TextLine>
<TextLine CS="1" HEIGHT="110" HPOS="97" VPOS="3693" WIDTH="1972">
<String CONTENT="&#169;" HEIGHT="52" HPOS="97" VPOS="3693" WIDTH="52" />
<SP HEIGHT="52" HPOS="150" VPOS="3693" WIDTH="26" />
<String CONTENT="Jan." HEIGHT="39" HPOS="177" VPOS="3699" WIDTH="107" />
<SP HEIGHT="40" HPOS="285" VPOS="3698" WIDTH="27" />
<String CONTENT="29," HEIGHT="48" HPOS="313" VPOS="3698" WIDTH="68" />
<SP HEIGHT="46" HPOS="382" VPOS="3700" WIDTH="28" />
<String CONTENT="1936;" HEIGHT="46" HPOS="411" VPOS="3699" WIDTH="139" />
<SP HEIGHT="45" HPOS="551" VPOS="3700" WIDTH="30" />
<String CONTENT="2c." HEIGHT="40" HPOS="582" VPOS="3700" WIDTH="66" />
<SP HEIGHT="40" HPOS="649" VPOS="3700" WIDTH="30" />
<String CONTENT="Feb." HEIGHT="39" HPOS="680" VPOS="3700" WIDTH="110" />
<SP HEIGHT="39" HPOS="791" VPOS="3700" WIDTH="29" />
<String CONTENT="13;" HEIGHT="47" HPOS="821" VPOS="3700" WIDTH="80" />
<SP HEIGHT="36" HPOS="902" VPOS="3711" WIDTH="30" />
<String CONTENT="aff." HEIGHT="40" HPOS="933" VPOS="3701" WIDTH="82" />
<SP HEIGHT="39" HPOS="1016" VPOS="3702" WIDTH="29" />
<String CONTENT="Mar." HEIGHT="39" HPOS="1046" VPOS="3702" WIDTH="121" />
<SP HEIGHT="39" HPOS="1168" VPOS="3702" WIDTH="29" />
<String CONTENT="11;" CS="1" HEIGHT="38" HPOS="1198" VPOS="3702" WIDTH="51" />
<SP HEIGHT="41" HPOS="1279" VPOS="3702" WIDTH="29" />
<String CONTENT="A" HEIGHT="38" HPOS="1309" VPOS="3702" WIDTH="43" />
<SP HEIGHT="40" HPOS="1353" VPOS="3701" WIDTH="25" />
<String CONTENT="92207;" HEIGHT="47" HPOS="1379" VPOS="3701" WIDTH="171" />
<SP HEIGHT="46" HPOS="1551" VPOS="3702" WIDTH="34" />
<String CONTENT="S." HEIGHT="40" HPOS="1586" VPOS="3702" WIDTH="43" />
<SP HEIGHT="38" HPOS="1630" VPOS="3704" WIDTH="30" />
<String CONTENT="Downey," HEIGHT="45" HPOS="1661" VPOS="3704" WIDTH="228" />
<SP HEIGHT="46" HPOS="1890" VPOS="3703" WIDTH="32" />
<String CONTENT="Sacramento," HEIGHT="93" HPOS="166" VPOS="3703" WIDTH="1903" />
<SP HEIGHT="41" HPOS="339" VPOS="3755" WIDTH="37" />
<String CONTENT="Calif." HEIGHT="42" HPOS="377" VPOS="3755" WIDTH="143" />
<SP HEIGHT="47" HPOS="521" VPOS="3756" WIDTH="73" />
<String CONTENT="(36-7029)" HEIGHT="47" HPOS="595" VPOS="3756" WIDTH="250" />
</TextLine>
<TextLine HEIGHT="66" HPOS="99" STYLEREFS="StyleId-B586CD16-2D6C-4AD2-9DCD-9113BF5B6872-" VPOS="3842" WIDTH="699">
<String CONTENT="Ellis," HEIGHT="63" HPOS="99" VPOS="3842" WIDTH="158" />
<SP HEIGHT="60" HPOS="258" VPOS="3845" WIDTH="26" />
<String CONTENT="Havelock," HEIGHT="63" HPOS="285" VPOS="3845" WIDTH="314" />
<SP HEIGHT="55" HPOS="600" VPOS="3853" WIDTH="26" />
<String CONTENT="1859-" HEIGHT="49" HPOS="627" VPOS="3852" WIDTH="171" />
</TextLine>
<TextLine CS="1" HEIGHT="74" HPOS="171" STYLEREFS="StyleId-5942F772-3983-44C9-A5C9-186CAEBFDBA3-" VPOS="3918" WIDTH="1853">
<String CONTENT="Studies" HEIGHT="56" HPOS="171" VPOS="3918" WIDTH="227" />
<SP HEIGHT="54" HPOS="399" VPOS="3920" WIDTH="46" />
<String CONTENT="in" HEIGHT="54" HPOS="446" VPOS="3920" WIDTH="59" />
<SP HEIGHT="47" HPOS="506" VPOS="3928" WIDTH="46" />
<String CONTENT="the" HEIGHT="52" HPOS="553" VPOS="3923" WIDTH="96" />
<SP HEIGHT="49" HPOS="650" VPOS="3941" WIDTH="44" />
<String CONTENT="psychology" HEIGHT="68" HPOS="695" VPOS="3924" WIDTH="350" />
<SP HEIGHT="48" HPOS="1046" VPOS="3943" WIDTH="42" />
<String CONTENT="of" HEIGHT="53" HPOS="1089" VPOS="3924" WIDTH="64" />
<SP HEIGHT="53" HPOS="1154" VPOS="3924" WIDTH="42" />
<String CONTENT="sex," HEIGHT="49" HPOS="1197" VPOS="3943" WIDTH="113" />
<SP HEIGHT="66" HPOS="1311" VPOS="3926" WIDTH="43" />
<String CONTENT="by" HEIGHT="66" HPOS="1355" VPOS="3926" WIDTH="75" />
<SP HEIGHT="67" HPOS="1431" VPOS="3925" WIDTH="45" />
<String CONTENT="Havelock" HEIGHT="54" HPOS="1477" VPOS="3925" WIDTH="297" />
<SP HEIGHT="52" HPOS="1775" VPOS="3927" WIDTH="46" />
<String CONTENT="Ellis" HEIGHT="54" HPOS="1822" VPOS="3926" WIDTH="148" />
<SP HEIGHT="34" HPOS="1971" VPOS="3946" WIDTH="53" />
<String CONTENT="&#8230;" CS="1" />
</TextLine>
<TextLine CS="1" HEIGHT="74" HPOS="101" STYLEREFS="StyleId-5942F772-3983-44C9-A5C9-186CAEBFDBA3-" VPOS="3996" WIDTH="1052">
<String CONTENT="New" HEIGHT="54" HPOS="101" VPOS="3996" WIDTH="135" />
<SP HEIGHT="51" HPOS="237" VPOS="3999" WIDTH="27" />
<String CONTENT="York," HEIGHT="68" HPOS="265" VPOS="3999" WIDTH="177" />
<SP HEIGHT="66" HPOS="443" VPOS="4001" WIDTH="26" />
<String CONTENT="Bandom" HEIGHT="52" HPOS="470" VPOS="4001" WIDTH="262" />
<SP HEIGHT="50" HPOS="733" VPOS="4003" WIDTH="25" />
<String CONTENT="house" HEIGHT="51" HPOS="759" VPOS="4003" WIDTH="172" />
<SP HEIGHT="34" HPOS="932" VPOS="4020" WIDTH="29" />
<String CONTENT="[" CS="1" />
<String CONTENT="c" HEIGHT="21" HPOS="978" STYLE="superscript" VPOS="4009" WIDTH="18" />
<String CONTENT="1936]" HEIGHT="64" HPOS="1002" VPOS="4006" WIDTH="151" />
</TextLine>
</TextBlock>
</PrintSpace>
</Page>
</Layout>
</alto>