2519 4377
1030 4111 131 51 1273

91 476 347 65 Kilpatrick,
465 474 255 55 William
749 476 217 64 Heard,
997 476 172 55 1871-

161 549 1864 71 Remaking the curriculum, by William Heard Kilpatrick …
91 628 1611 69 New York and Chicago, Newson & company [ c 1936]
161 702 83 41 128
273 714 42 37 p.
375 703 55 39 17½
463 703 43 22 cm
510 734 9 9 .

163 757 247 43 “Consists
443 759 165 48 partly
638 758 53 41 of
722 769 143 30 seven
898 758 199 41 articles
1129 758 157 40 which
1320 758 240 49 appeared
1595 758 49 40 in
1678 758 81 41 the
1794 757 205 42 Journal
2035 759 51 40 of

93 816 80 41 the
216 815 230 41 National
489 816 258 40 education
790 814 294 41 association
1128 814 259 50 beginning
1428 815 50 40 in
1520 814 268 42 November
1831 814 113 41 1935
1990 816 93 40 and

89 873 177 49 ending
297 874 48 38 in
378 872 114 48 May
524 871 406 42 1936.”—Introd.

92 938 52 54 ©
173 942 115 48 July
315 943 38 48 1,
384 941 140 48 1936;
555 942 67 41 2c.
655 942 129 49 Sept.
813 942 53 48 2;
899 942 82 41 aff.
1012 942 118 48 Aug.
1162 941 83 48 29;
1277 942 41 40 A
1346 940 171 51 98191;
1551 942 206 40 Newson
1789 942 38 41 &
1855 951 82 40 co.,
1969 942 119 40 New

162 1000 143 40 York.
370 999 279 49 (36-19779)

91 1102 249 64 Kimble,
365 1102 190 63 Ralph
579 1102 71 55 A.

163 1177 148 53 How
345 1183 56 47 to
434 1178 198 54 collect
665 1182 243 63 stamps;
948 1195 30 33 a
1011 1176 154 54 basic
1199 1194 192 36 course
1423 1177 64 52 of
1521 1174 340 55 instruction
1897 1176 58 52 in
1990 1176 96 52 the

95 1252 1990 71 world’s most popular pastime, by Ralph A. Kimble … Rev.
95 1333 320 52 illustrated
451 1333 83 51 ed.
609 1331 139 53 New
784 1332 179 67 York,
998 1331 231 54 Grosset
1263 1333 45 49 &
1342 1332 234 67 Dunlap
1617 1365 13 33 [
1635 1339 17 20 c
1657 1333 132 49 1936]

163 1403 83 47 xii,
285 1402 85 41 206
407 1413 42 37 p.
508 1403 164 47 front.,
713 1403 169 49 plates,
920 1403 215 40 facsims.
1196 1404 55 39 21
1254 1406 45 21 cm
1304 1436 8 8 .

163 1460 287 40 Illustrated
482 1459 361 48 lining-papers.

164 1515 1921 51 “First printing, August, 1932 … Third revised and enlarged edition,
95 1572 199 48 August,
326 1571 156 42 1936.”

165 1629 375 48 “Bibliography
572 1630 98 39 and
703 1631 86 38 list
821 1630 52 39 of
904 1630 219 39 national
1159 1628 278 43 societies”:
1475 1642 43 37 p.
1551 1629 217 43 127-155.

94 1697 53 53 ©
181 1702 125 47 Sept.
338 1703 41 46 4,
410 1702 141 47 1936;
586 1701 66 40 2c.
684 1702 98 39 and
814 1702 80 39 aff.
932 1702 126 47 Sept.
1090 1701 52 48 9;
1177 1702 41 39 A
1249 1701 170 48 97707;
1455 1702 199 40 Grosset
1687 1703 35 39 &
1754 1702 210 48 Dunlap,
1998 1701 92 42 inc.

174 1758 278 48 (36-19923)

92 1861 237 65 Klages,
356 1861 264 65 Ludwig,
650 1863 173 54 1872-

164 1939 419 68 Grundlegung
621 1940 100 52 der
758 1938 394 54 Wissenschaft
1189 1957 130 34 vom
1360 1939 299 67 ausdruck,
1696 1957 111 35 von
1844 1937 246 69 Ludwig

96 2018 229 65 Klages.
390 2020 45 49 5.
466 2017 180 67 völlig
674 2017 287 67 umgearb.
995 2017 127 52 aufl.
1153 2034 111 35 von
1293 2016 649 69 Ausdrucksbewegung
1972 2017 117 53 und

95 2094 531 67 gestaltungskraft.
692 2093 113 53 Mit
837 2097 64 49 62
930 2094 235 68 figuren.
1231 2093 257 69 Leipzig,
1515 2096 56 54 J.
1601 2096 71 52 A.
1704 2096 203 65 Barth,
1939 2098 149 50 1936.

167 2165 995 50 xiii, 361 p. illus. (facsims.) 24 ½ cm .
168 2222 1172 51 “1. auflage 1913 … 3. und 4. auflage 1923.”
92 2290 2000 52 © Jan. 3, 1936; 1c. Apr. 30; A -Foreign 31657; Johann Ambrosius Barth.
178 2350 277 49 (36-19822)

96 2453 302 62 Kummer,
425 2452 276 55 Frederic
726 2452 242 65 Arnold,
999 2455 171 54 1873-

166 2531 215 65 Design
421 2530 95 53 for
553 2531 249 66 murder,
841 2549 30 34 a
908 2531 164 52 novel
1111 2531 75 67 by
1225 2530 268 54 Frederic
1530 2531 226 53 Arnold
1795 2532 295 52 Kummer.

97 2609 232 65 Boston,
357 2609 138 51 New
524 2608 180 68 York,
732 2609 276 67 Lothrop,
1036 2610 110 52 Lee
1174 2612 45 50 &
1248 2608 263 69 Shepard
1541 2625 297 51 company,
1869 2612 154 52 1936.

167 2679 87 41 246
285 2690 43 39 p.
387 2679 60 42 20½
475 2682 46 22 cm
525 2711 9 11 .

98 2746 52 52 ©
184 2751 126 47 Sept.
345 2750 67 48 16,
445 2751 140 46 1936;
619 2751 68 40 2c.
722 2752 127 47 Sept.
881 2753 82 46 17;
998 2752 81 40 aff.
1116 2752 128 48 Sept.
1274 2751 82 48 21;
1391 2753 41 38 A
1462 2750 171 49 98505;
1670 2752 51 39 F.
1755 2753 53 38 A.
1843 2752 251 49 Kummer,

168 2807 280 39 Baltimore.
511 2807 280 48 (36-19831)

99 2911 281 64 Learned,
408 2912 273 53 Edmund
706 2910 211 66 Philip.

170 2986 1917 69 Problems in marketing, by Edmund P. Learned … 1st ed.
104 3064 134 53 New
287 3064 160 52 York
494 3065 112 51 and
651 3064 259 67 London,
953 3062 429 55 McGraw-Hill
1428 3065 148 51 book
1622 3082 296 50 company,
1966 3064 126 68 inc.,

107 3143 143 50 1936.

169 3222 80 36 xx,
280 3210 84 41 669
391 3222 43 37 p.
465 3212 109 39 incl.
603 3212 144 47 illus.,
775 3212 169 49 tables,
974 3212 179 48 diagrs.
1213 3211 54 40 23½
1300 3214 44 22 cm
1350 3246 8 7 .

173 3266 67 40 “A
269 3276 246 31 successor
544 3270 48 38 to
621 3269 83 39 the
733 3268 170 40 fourth
932 3269 181 41 edition
1146 3269 51 40 of
1227 3269 254 41 Professor
1510 3269 180 41 Melvin
1721 3271 53 41 T.
1807 3269 284 49 Copeland’s

102 3322 120 40 book
250 3323 50 39 of
329 3324 82 40 the
437 3333 132 31 same
598 3323 346 42 title.”—Pref.

101 3377 52 53 ©
183 3383 117 44 Aug.
333 3383 69 47 28,
433 3382 139 47 1936;
605 3383 68 41 2c.
708 3383 127 48 Sept.
865 3384 52 46 1;
952 3383 81 42 aff.
1067 3383 128 48 Sept.
1225 3383 53 48 2;
1311 3384 41 39 A
1383 3382 170 50 98229;
1588 3383 348 41 McGraw-Hill
1973 3384 124 40 book

171 3448 53 29 co.
285 3439 90 40 inc.
444 3438 280 51 (36-19935)

102 3541 218 64 Logan,
345 3542 204 53 James
571 3542 278 54 Venable.

235 3617 1858 68 … The poetry and aesthetics of Erasmus Darwin, by James
109 3694 246 52 Venable
390 3695 213 61 Logan.
680 3693 325 67 Princeton,
1038 3694 307 54 Princeton
1380 3694 317 68 university
1734 3712 172 50 press,
1943 3696 149 52 1936.

175 3764 1918 51 4 p. l., 162 p, 1 l. 23 cm . ([Princeton university] Princeton studies
107 3819 46 39 in
183 3820 215 47 English,
427 3821 71 40 ed.
527 3821 62 47 by
618 3821 54 40 G.
702 3821 60 41 H.
795 3821 223 41 Gerould.
1078 3822 81 47 15)

177 3875 298 48 “Originally
511 3878 254 46 presented
802 3888 54 29 as
896 3889 27 29 a
961 3879 314 39 dissertation
1315 3882 48 37 to
1401 3880 81 39 the
1519 3879 189 46 faculty
1746 3879 52 40 of
1834 3878 258 41 Princeton

110 3931 264 48 university
405 3933 49 38 in
484 3933 265 47 candidacy
778 3933 80 40 for
887 3935 80 38 the
997 3935 170 47 degree
1196 3934 51 41 of
1277 3936 166 39 doctor
1473 3934 52 41 of
1555 3935 299 49 philosophy.
1914 3935 47 39 It
1992 3946 103 30 was

108 3988 1986 50 accepted … in June, 1932. It has since been revised, and much has
109 4043 114 39 been
256 4043 521 49 added.”—Prefatory
812 4047 125 39 note.
