2519 4377
1376 4136 98 43 114

424 441 203 64 Lloyd,
655 443 316 65 Llewelyn.

494 534 358 55 Correlative
884 535 275 69 English;
1193 556 31 34 a
1256 538 271 52 textbook
1555 538 94 53 for
1681 539 92 53 the
1802 539 206 52 second
2036 556 136 50 year
2201 539 64 53 of
2293 540 140 70 high

422 612 209 69 school,
663 612 77 69 by
768 613 290 70 Llewelyn
1091 615 205 69 Lloyd,
1327 635 66 34 m.
1426 635 51 36 a.
1548 616 83 56 St.
1664 618 193 67 Louis,
1886 618 117 52 Mo.
2033 619 113 52 and
2178 619 258 70 London,

425 691 64 51 B.
521 690 230 54 Herder
777 691 149 55 book
955 710 97 49 co.,
1080 697 151 50 1936.

495 765 84 47 xii,
612 766 87 40 303
732 777 42 37 p.
835 765 58 42 19½
923 769 44 21 cm
974 798 7 7 .

495 822 380 49 Bibliography:
906 834 42 37 p.
975 823 218 42 295-297.

421 888 53 54 ©
500 892 112 43 Feb.
637 895 42 47 4,
707 894 142 48 1936;
877 894 69 42 2c.
975 895 111 40 Feb.
1158 906 9 37 8;
1197 895 83 41 aff.
1310 897 111 40 Feb.
1448 898 52 46 7;
1531 898 43 39 A
1598 896 172 49 91663;
1802 899 55 40 B.
1886 898 192 41 Herder
2106 899 122 39 book
2256 909 68 30 co.

499 950 253 52 (36-4434)

422 1057 406 66 MacDougall,
858 1059 220 53 Ernest
1107 1057 211 67 David,
1351 1062 172 53 1878-

495 1147 1879 74 Speculation and gambling, by Ernest D. MacDougall …
423 1226 1459 72 Boston, Mass., The Stratford company [ c 1936]
492 1301 801 50 3 p. l., xi p., 1 l., 252 p. 21 cm .
493 1358 381 48 Bibliography:
901 1369 44 38 p.
972 1358 220 42 250-252.

419 1423 53 54 ©
504 1429 109 39 Feb.
647 1428 40 47 6,
720 1427 118 41 1936;
896 1428 68 40 2c.
998 1428 111 40 Feb.
1142 1428 83 48 10;
1259 1428 82 40 aff.
1376 1429 111 40 Feb.
1520 1430 81 47 13;
1636 1430 43 40 A
1737 1430 144 48 90759;
1920 1431 252 41 Stratford
2207 1443 82 36 co.,
488 1433 1930 93 publishers.
745 1485 252 49 (36-4899)

425 1588 371 69 [McKinney,
822 1587 257 58 William
1106 1589 192 68 Mark]
1332 1594 172 50 1865-
1717 1591 84 55 ed.

420 1682 2017 149 … New California digest. Supplement, 1935 for volumes 1-27 … San Francisco, Bancroft-Whitney company, 1935.
482 1835 56 40 27
571 1846 42 29 v.
675 1835 55 39 25
735 1837 43 20 cm
784 1867 7 7 .

488 1893 158 39 These
674 1892 275 48 pamphlets
983 1902 86 29 are
1097 1893 48 39 to
1178 1892 59 38 be
1264 1891 139 40 fitted
1436 1891 102 41 into
1572 1893 80 40 the
1685 1893 201 48 pockets
1915 1896 51 37 at
2000 1894 82 39 the
2115 1894 124 40 back
2269 1895 52 40 of
2354 1896 83 40 the

417 1951 217 39 volumes
663 1950 54 40 of
740 1950 81 40 the
851 1951 72 38 set
952 1951 48 38 to
1031 1948 159 41 which
1221 1950 114 46 they
1364 1950 183 47 belong.

412 2017 53 53 ©
489 2021 109 40 Jan.
622 2022 41 46 7,
687 2018 114 42 1936;
853 2020 68 40 2c.
945 2021 122 38 each
1088 2020 109 40 Jan.
1222 2020 82 46 16;
1331 2019 82 40 aff.
1439 2020 109 39 Jan.
1573 2020 81 47 13;
1681 2020 42 39 A
1744 2020 173 48 91245;
1944 2020 493 50 Bancroft-Whitney

487 2089 66 30 co.

419 2182 215 64 Major,
668 2181 191 64 Ralph
891 2181 281 64 Hermon,
1210 2186 168 50 1884-

489 2270 1941 71 Disease and destiny, by Ralph H. Major … preface by Logan
421 2350 378 69 Clendening,
833 2368 67 36 m.
936 2370 48 33 d.
1055 2350 138 53 New
1230 2350 180 68 York,
1445 2349 260 68 London,
1740 2350 71 53 D.
1849 2349 583 69 Appleton-Century

419 2447 300 52 company,
759 2429 421 68 incorporated,
1222 2431 151 50 1936.

491 2517 95 51 xiv,
617 2516 87 41 338
735 2526 44 38 p.
837 2516 164 47 front.,
1033 2516 144 48 illus.,
1208 2516 171 48 plates,
1413 2516 164 48 ports.,
1610 2515 228 48 facsims.,
1872 2515 156 48 diagr.
2091 2515 54 40 21
2149 2518 45 22 cm
2197 2548 10 9 .

418 2585 52 54 ©
499 2590 111 40 Jan.
639 2590 71 47 31,
740 2588 141 48 1936;
912 2589 68 40 2c.
1008 2590 95 39 and
1133 2588 83 41 aff.
1248 2589 112 40 Feb.
1390 2589 25 40 3;
1476 2589 40 38 A
1545 2587 171 44 91589;
1750 2590 57 38 D.
1840 2589 479 49 Appleton-Century
2349 2601 84 36 co.,

480 2647 88 40 inc.
632 2646 253 49 (36-4794)

419 2753 334 64 Maryland.
828 2755 184 63 Laios,
1038 2756 258 62 statutes,
1323 2758 101 48 etc.

493 2848 134 49 1935
668 2843 344 54 cumulative
1052 2844 362 69 supplement
1453 2853 58 46 to
1550 2844 121 52 The
1711 2843 309 53 annotated
2060 2843 135 53 code
2234 2843 63 52 of
2336 2844 97 52 the

421 2924 193 67 public
648 2924 230 67 general
914 2927 137 51 laws
1087 2923 64 54 of
1185 2924 330 66 Maryland,
1551 2923 188 52 edited
1777 2923 74 67 by
1884 2924 227 51 Horace
2149 2924 67 51 E.
2252 2923 180 52 Flack

482 3000 1950 69 … Containing the public general acts of Assembly of 1927,
424 3083 151 57 1929,
620 3084 152 61 1931,
816 3083 152 60 1933,
1012 3084 133 49 1933
1188 3079 210 68 special
1442 3080 211 53 session
1695 3080 113 52 and
1851 3082 153 64 1935,
2047 3079 113 53 and
420 3080 1984 132 amendments
645 3165 60 47 to
746 3160 95 52 the
885 3157 376 55 constitution
1304 3158 62 53 of
1409 3158 309 67 Maryland
1762 3155 228 56 ratified
2031 3158 63 52 in
2138 3161 137 50 1924
2318 3159 112 53 and

419 3239 342 66 subsequent
791 3238 219 51 thereto
1042 3237 110 52 and
1187 3237 308 52 submitted
1528 3236 58 52 in
1621 3240 152 64 1935,
1803 3240 58 48 to
1891 3237 67 52 be
1988 3236 166 53 voted
2185 3255 155 49 upon
2371 3238 59 53 in

423 3320 134 49 1936
591 3316 112 52 and
741 3319 150 61 1938,
925 3316 109 51 and
1071 3315 363 53 annotations
1467 3314 63 53 of
1564 3317 76 52 all
1673 3315 95 52 the
1802 3315 195 67 public
2028 3316 230 65 general
421 3318 1987 130 statutes
585 3394 62 54 of
689 3395 96 51 the
827 3398 145 49 state
1012 3393 111 52 and
1166 3391 64 53 of
1266 3393 96 53 the
1402 3392 372 54 constitution
1814 3393 63 53 of
1917 3394 330 66 Maryland,
2289 3394 140 52 with

421 3472 278 54 decisions
737 3472 63 54 of
836 3472 94 52 the
970 3471 177 55 Court
1186 3470 62 53 of
1285 3471 233 67 appeals
1556 3471 63 52 of
1654 3471 328 67 Maryland,
2018 3472 95 52 the
2153 3470 278 69 Supreme

421 3555 158 50 court
618 3552 63 53 of
718 3553 95 51 the
850 3551 217 55 United
1108 3551 206 58 States,
1351 3551 94 51 the
1486 3549 218 56 Circuit
1745 3557 159 47 court
1942 3550 64 53 of
2044 3552 233 66 appeals
2316 3552 112 52 and

421 3631 245 53 District
707 3635 189 48 courts
936 3628 63 54 of
1039 3629 93 53 the
1175 3628 218 54 United
1438 3628 205 66 States,
1684 3628 153 54 from
1882 3632 100 49 144
2021 3630 309 66 Maryland
2371 3635 57 47 to

426 3705 2002 69 167 Maryland, 263 U. S. to 292 U. S., 68 Law edition to 78
420 3788 139 52 Law
597 3785 235 67 edition,
871 3786 112 52 and
1020 3786 101 54 297
1157 3785 243 54 Federal
1437 3789 57 50 to
1531 3785 68 52 74
1636 3786 241 52 Federal
1911 3785 138 67 (2nd
2087 3785 226 67 series),
2351 3787 76 53 all

420 3864 291 54 inclusive.
788 3864 318 53 Baltimore
1146 3866 186 63 [Press
1364 3863 63 54 of
1461 3862 162 67 King
1656 3864 276 54 brothers,
1967 3862 126 68 inc.]
2137 3867 149 50 1935.

485 3936 762 50 3 p. l., 3-1447 p., 1 l. 26½ cm .
417 4003 53 53 ©
503 4009 112 39 Dec.
648 4007 70 47 20,
751 4005 141 48 1935;
924 4006 68 42 2c.
1026 4008 95 39 and
1155 4006 83 42 aff.
1271 4007 111 41 Jan.
1417 4006 39 43 6.
1491 4005 141 49 1936;
1668 4006 37 39 A
1741 4004 144 41 91035;
1950 4006 193 40 Horace
2176 4007 52 40 E.
2264 4005 163 47 Flack,

490 4064 283 41 Baltimore.
