2519 4377
1022 4119 98 49 855

86 465 133 65 Hill,
249 464 188 54 David
468 466 239 64 Spence,
740 467 170 53 1873-

154 544 120 52 The
306 542 261 53 libraries
603 542 62 52 of
699 542 408 67 Washington;
1148 561 31 34 a
1214 542 172 67 study
1419 542 62 53 of
1518 543 97 53 the
1647 544 425 66 governmental

85 620 111 53 and
237 620 567 66 non-governmental
846 619 259 53 libraries
1147 619 59 53 in
1246 620 95 53 the
1383 620 247 54 District
1668 620 64 54 of
1775 620 301 55 Columbia

88 697 57 52 in
184 696 241 54 relation
468 701 58 50 to
568 697 97 52 the
706 698 154 51 units
902 697 64 52 of
1008 702 369 62 government
1419 698 111 52 and
1577 698 161 54 other
84 699 1966 129 organizations
259 774 184 54 which
469 774 134 66 they
630 792 173 35 serve.
869 776 89 65 By
984 775 192 53 David
1208 774 214 68 Spence
1451 775 145 54 Hill.
1666 775 268 69 Chicago,
1962 777 113 65 Ill.,

86 851 299 55 American
408 851 220 66 library
652 852 352 66 association,
1033 855 148 51 1936.

155 929 96 49 xvi,
281 927 86 43 296
397 938 42 40 p.
498 927 116 42 26cm.

155 999 100 40 The
284 998 145 48 study
457 1009 101 30 was
584 999 266 41 conducted
877 999 151 39 under
1056 999 82 39 the
1166 999 221 48 auspices
1416 999 53 40 of
1495 1000 82 40 the
1603 999 257 42 American
1888 1004 184 39 council

85 1067 60 30 on
176 1055 271 41 education,
507 1056 61 48 cf.
601 1055 272 41 Foreword.

156 1111 334 42 “Publication
515 1112 53 41 of
591 1111 100 41 this
717 1112 302 49 manuscript
1042 1122 101 30 was
1169 1114 141 40 made
1336 1114 209 47 possible
1572 1114 51 40 in
1648 1116 113 47 part
1785 1115 62 49 by
1876 1126 27 30 a
1930 1123 137 41 grant

84 1169 127 41 from
238 1169 82 41 the
347 1168 235 49 Carnegie
608 1169 309 48 corporation
946 1169 51 40 of
1023 1170 118 41 New
1168 1169 174 43 York.”

155 1225 349 50 Photoprinted;
564 1227 99 48 t.-p.
694 1227 206 48 printed.

85 1292 52 53 ©
171 1297 129 39 June
332 1296 69 48 24,
438 1295 139 48 1936;
618 1297 66 39 2c.
723 1297 128 39 June
884 1296 82 48 29;
1006 1297 81 40 aff.
1125 1298 129 39 June
1287 1298 83 48 27;
1409 1298 44 40 A
1486 1298 171 49 96247;
1695 1299 159 42 Amer,
1892 1299 186 50 library

153 1363 126 30 assn.
347 1353 279 47 (36-14305)

144 1454 1931 69 … Histoire de la guerre mondiale. [ t. 4] Foch et la victoire
153 1533 93 52 des
287 1532 158 53 allies
487 1537 150 63 1918,
679 1552 104 48 par
821 1534 51 51 le
913 1533 244 54 Général
1199 1535 153 52 René
1393 1535 269 54 Tournés.
1737 1535 155 53 Avec
1934 1537 141 52 seize

151 1613 236 66 croquis.
462 1612 183 67 Paris,
676 1613 202 66 Payot,
907 1614 149 52 1936.

153 1689 1924 52 31 p. l., [9]-359 p. maps (part fold.) 23 cm . (Collection de mémoires,
85 1747 169 41 études
288 1751 53 38 et
378 1748 281 39 documents
699 1757 121 38 pour
861 1748 154 39 servir
1057 1747 28 40 à
1126 1746 239 42 l’histoire
1403 1749 61 40 de
1502 1749 46 39 la
1589 1758 175 38 guerre
1803 1749 267 50 mondiale)

83 1813 1556 53 © Feb. 20, 1936; 1c. May 11; A- Foreign 31724; Payot.
82 1921 256 63 Hodson,
363 1920 204 53 James
590 1918 310 64 Lansdale,
929 1925 171 50 1891-

215 1996 1855 67 … Our two Englands. A record of what I have seen and
84 2075 174 53 heard
303 2075 112 53 and
457 2074 64 53 of
563 2075 155 51 what
756 2075 202 67 people
998 2075 142 53 have
1182 2075 122 53 said
1346 2080 59 48 to
1444 2094 88 34 me
1577 2075 61 54 in
1678 2076 239 54 London
1963 2078 111 52 and

86 2154 180 52 round
301 2154 110 52 and
445 2154 174 51 about
650 2154 270 67 England;
985 2154 257 69 showing
1272 2154 129 53 that
1430 2155 158 52 there
1618 2175 48 33 is
1700 2174 72 34 an
1805 2156 268 69 England

85 2250 81 34 we
204 2230 167 54 know
410 2230 110 54 and
557 2248 69 35 an
666 2231 271 69 England
974 2231 245 54 wherein
1258 2238 145 49 most
1440 2233 64 52 of
1539 2252 65 35 us
1642 2252 94 35 are
1772 2238 303 67 strangers.

85 2309 256 68 London,
367 2309 79 53 M.
476 2309 234 68 Joseph,
737 2310 104 52 ltd.
1036 2344 12 33 [1936]

156 2383 699 50 5 p. l., 13-287, [1] p. 22½ cm.
83 2449 1991 55 © 1c. June 17, 1936; A ad int. 21555; pubd. Apr. 20; J. L. Hodson,
153 2510 210 40 London.
431 2509 280 48 (30-14755)

82 2611 250 65 Huxley,
360 2611 223 54 Aldous
610 2613 287 64 Leonard,
928 2618 170 49 1894-

153 2687 231 65 Eyeless
424 2689 59 52 in
527 2687 156 55 Gaza
829 2722 12 30 [by]
887 2688 221 53 Aldous
1151 2688 247 64 Huxley.
1474 2689 257 63 London,
1775 2690 211 54 Chatto
2028 2694 45 49 &

83 2765 260 67 Windus,
378 2767 148 51 1936.

153 2835 661 49 3 p. l., 619, [1] p. 21½ cm .
84 2902 1991 55 © 1c. June 18, 1936; A ad int. 21574; pubd. June 18; A. L. Huxley,
156 2964 187 46 Sanary
373 2963 103 47 Cap
505 2962 277 47 Gorguette,
810 2962 197 40 France.
1076 2962 279 49 (36-14619)

81 3064 284 65 Joachim,
392 3065 154 63 Ann,
571 3066 182 65 sister,
781 3068 170 49 1901-

154 3142 120 53 The
303 3140 396 55 constitutions
729 3141 65 54 of
819 3142 97 53 the
944 3141 217 54 United
1193 3141 187 55 States
1411 3143 110 52 and
1555 3141 376 56 Switzerland

85 3144 1967 144 historically analysed and compared, by Sister M. Ann Joachim …
91 3297 320 68 [Fribourg,
435 3297 241 53 Printed
703 3297 75 69 by
806 3297 227 70 Society
1060 3298 63 53 of
1151 3298 83 55 St.
1260 3299 165 68 Paul,
1455 3303 151 64 1936]

155 3371 545 48 4 p. l., 180 p. 23 cm .
157 3427 619 49 Inaug.-diss.—Fribourg.

156 3484 127 41 Vita.

156 3540 374 49 Bibliography:
564 3553 42 36 p.
646 3540 246 51 [160]-180.

86 3606 1992 59 © 1c. June 18, 1936; A ad int. 21536; pubd. Apr. 28; St. Joseph college
153 3669 94 38 and
275 3669 242 46 academy,
545 3667 201 47 Adrian,
774 3667 142 41 Mich.
984 3667 279 50 (36-14862)

82 3766 253 66 Jouglet,
363 3769 179 63 René,
572 3776 170 48 1884-

215 3844 1267 72 … Soleil levant. Paris, B. Grasset [1936]
157 3916 487 50 252 p., 1 l. 18½cm.
85 3990 1990 57 © Feb. 1, 1936; 1c. Apr. 18: A-Foreign 31409; Éditions Bernard
156 4051 211 41 Grasset.
434 4052 279 46 (36-14395)
