2519 4377
1043 4103 98 52 647

161 547 80 46 vii,
272 545 88 40 910
385 556 41 37 p.
486 544 58 39 25
545 546 43 21 cm
594 576 7 7 .

93 599 52 53 ©
180 604 113 46 May
326 601 69 47 22,
431 600 137 40 1936:
607 601 66 39 2c.
709 602 93 37 and
840 599 80 41 aff.
958 600 125 39 June
1119 599 51 40 5:
1209 600 39 38 A
1283 599 169 45 95572;
1492 596 487 49 Bancroft-Whitney
2015 608 68 30 co.

89 676 232 62 Tombs,
350 676 298 51 Laurence
680 673 321 64 Chalmers,
1036 680 167 47 1903-

158 749 418 53 International
622 748 392 69 organization
1062 748 58 52 in
1166 748 305 67 European
1518 746 86 54 air
1648 752 312 63 transport,
2008 747 72 69 by

91 824 1967 133 Laurence C. Tombs … with a foreword by Joseph P. Chamberlain
300 902 1506 70 … New York, Columbia university press, 1936.
227 977 1030 51 xx p., 1 l., 219 p. maps (1 fold.) 22½ cm .
161 1036 345 48 Bibliography
524 1045 8 29 :
570 1045 42 37 p.
669 1033 233 42 [205]-209.

93 1092 52 52 ©
176 1097 112 39 May
319 1096 37 46 1,
389 1094 138 47 1936;
560 1095 66 39 2c.
660 1095 93 38 and
786 1093 81 41 aff.
900 1094 115 47 May
1041 1093 53 46 4;
1127 1093 42 38 A
1197 1092 171 46 95000;
1403 1092 251 41 Columbia
1687 1090 128 42 univ.
1848 1103 151 38 press.

171 1151 278 49 (36-10547)

90 1241 302 62 Tratman,
422 1239 252 52 Edward
705 1240 217 50 Ernest
950 1237 250 64 Russell,
1230 1243 171 49 1863-

162 1313 426 70 Specifications
623 1314 113 52 and
771 1313 302 53 standards
1107 1312 93 53 for
1236 1312 195 69 public
1465 1312 184 54 works
1686 1312 396 71 engineering;

91 1392 274 53 abstracts
407 1391 65 54 of
513 1409 154 34 more
712 1392 138 52 than
897 1393 99 50 100
1038 1388 413 70 specifications
1496 1390 93 54 for
1633 1391 290 54 materials
1972 1391 114 53 and

91 1470 397 52 construction.
552 1468 446 69 Supplemented
1021 1468 76 69 by
1122 1469 274 52 standard
1422 1468 149 54 rules
1595 1470 114 52 and
1734 1469 351 69 regulations

89 1545 1971 134 … Prepared by E. E. Russell Tratman … with the cooperation
246 1627 64 53 of
346 1627 94 52 the
477 1624 266 55 editorial
779 1625 133 53 staff
950 1624 63 54 of
1052 1624 392 70 Engineering
1480 1627 391 52 news-record.
1946 1626 139 52 New

95 1705 176 68 York,
305 1706 69 52 N.
411 1705 90 67 Y.,
535 1703 430 54 McGraw-Hill
999 1702 334 69 publishing
1367 1720 296 52 company,
1700 1702 127 69 inc.,
1865 1705 150 50 1933.

166 1776 802 50 8 p. l. , 3-180 p. illus. 19½ cm .
162 1834 277 41 Half-title:
474 1833 166 41 Public
671 1833 159 40 works
862 1832 366 49 specifications.

94 1890 52 53 ©
174 1895 118 47 Aug.
321 1895 68 46 15,
419 1893 139 46 1933;
588 1892 65 40 2c.
683 1893 112 47 Apr.
825 1892 68 47 16,
922 1891 141 41 1936:
1095 1892 81 40 aff.
1208 1892 112 47 Apr.
1350 1893 82 45 27;
1464 1892 40 39 A
1533 1893 170 46 93853;
1736 1893 351 40 McGraw-Hill

165 1951 107 47 pub.
302 1962 81 36 co.,
414 1950 90 40 inc.
575 1949 278 46 (36-10676)

93 2038 231 63 Wager,
353 2036 243 56 Charles
622 2038 206 62 Henry
853 2036 242 64 Adams,
1127 2040 168 50 1869-

225 2114 1860 69 … To whom it may concern, by Charles H. A. Wager.
99 2228 12 33 [
117 2212 50 34 v.
190 2197 49 63 2]
321 2195 229 64 Boston,
574 2192 278 52 Marshall
876 2194 173 52 Jones
1074 2210 295 49 company,
1396 2196 149 50 1936.

165 2267 68 39 xii
260 2278 57 36 p.,
344 2267 24 38 1
429 2297 9 17 l.,
466 2266 86 39 196
576 2277 42 37 p.
673 2265 55 39 21
733 2268 43 20 cm
781 2297 8 8 .

166 2324 194 46 Essays.

165 2380 63 39 At
258 2380 125 38 head
414 2379 50 38 of
496 2377 134 41 title:
667 2376 182 41 Second
880 2377 163 40 series.

169 2435 159 40 “First
360 2433 225 42 edition.”

97 2487 52 53 ©
181 2492 124 40 June
335 2491 39 47 1,
407 2489 139 46 1936;
579 2490 67 39 2c.
681 2490 127 39 June
838 2489 53 45 2;
926 2488 82 42 aff.
1042 2489 127 39 June
1198 2489 53 46 4;
1287 2489 42 38 A
1360 2488 171 48 95549;
1568 2490 237 40 Marshall
1841 2492 147 39 Jones
2020 2504 67 28 co.

98 2607 204 64 Waitz,
337 2607 304 63 Sigmund,
676 2607 193 66 prince
905 2605 341 67 archbishop
1282 2607 62 64 of
1377 2606 302 67 Salzburg,
1717 2612 170 50 1864-

162 2683 124 52 The
308 2687 243 64 greatest
578 2681 213 69 calling
808 2700 11 49 ;
846 2680 365 54 meditations
1240 2700 71 34 on
1337 2682 95 52 the
1457 2682 348 68 priesthood,
1831 2685 255 66 pastoral

93 2778 144 48 care,
268 2760 112 53 and
411 2759 361 53 catechetical
804 2758 357 68 instruction,
1190 2758 76 69 by
1298 2759 96 53 the
1427 2759 155 54 Most
1613 2761 138 52 Rev.
1788 2761 55 55 S.
1877 2762 211 66 Waitz,

130 2879 10 8 D.
205 2880 30 27 D.,
259 2838 194 69 prince
480 2835 339 71 archbishop
847 2836 63 53 of
940 2836 308 70 Salzburg;
1280 2836 331 55 authorized
1642 2840 343 52 translation
2013 2839 74 70 by

96 2915 1966 148 Rev. Joseph Stang … Milwaukee, The Bruce publishing company [ c 1936]
197 3098 8 10 v.
235 3068 83 40 199
347 3077 43 37 p.
451 3066 54 39 19
509 3068 43 21 cm
557 3098 9 8 .

99 3121 53 53 ©
189 3128 113 45 May
340 3127 39 45 1,
419 3124 112 41 1936
550 3136 8 35 ;
597 3124 68 41 2c.
702 3127 94 37 and
835 3124 81 41 aff.
956 3126 113 47 May
1108 3126 24 38 7
1150 3135 9 36 ;
1200 3125 40 39 A
1279 3125 144 40 94304
1440 3136 9 36 ;
1491 3127 157 40 Bruce
1686 3128 109 47 pub.
1835 3138 65 30 co.

177 3182 278 48 (36-10585)

97 3254 331 63 Warbasse,
455 3255 203 52 James
683 3255 193 61 Peter,
909 3260 168 49 1866-

167 3326 373 70 Cooperative
567 3330 331 67 democracy
923 3329 249 69 through
1199 3330 307 69 voluntary
1532 3332 336 53 association
1900 3333 63 53 of
1992 3334 94 51 the

98 3406 198 68 people
338 3425 59 34 as
438 3424 347 49 consumers;
831 3425 31 34 a
906 3407 311 53 discussion
1261 3407 64 54 of
1366 3408 96 53 the
1503 3410 355 67 cooperative
98 3428 1968 123 movement,

299 3484 71 52 its
403 3483 363 71 philosophy,
795 3485 275 68 methods,
1102 3484 545 71 accomplishments,
1682 3489 112 52 and
98 3487 1965 144 possibilities,

267 3563 111 52 and
403 3563 72 52 its
502 3562 241 53 relation
765 3569 58 47 to
846 3564 98 52 the
967 3568 160 63 state,
1152 3569 59 48 to
1237 3564 230 70 science,
1494 3572 106 62 art,
1628 3567 112 52 and
1767 3585 322 49 commerce,

98 3639 110 52 and
259 3645 57 47 to
365 3640 159 52 other
574 3645 235 49 systems
860 3640 65 53 of
974 3641 281 54 economic
1307 3641 413 70 organization,
1769 3644 75 69 by
1895 3645 193 53 James

99 3715 1990 73 Peter Warbasse … 3d ed., completely rewritten. New York
99 3794 111 52 and
235 3795 256 66 London,
515 3794 233 69 Harper
773 3798 46 50 &
840 3796 276 68 brothers,
1142 3798 150 51 1936.

167 3865 103 49 xiii,
301 3866 84 42 285
419 3877 42 37 p.
521 3867 148 40 front.
729 3867 55 40 22
788 3871 43 21 cm
835 3900 8 8 .

166 3920 373 50 Bibliography:
571 3934 41 38 p.
643 3924 216 42 271-273.

103 3976 51 52 ©
184 3982 111 47 May
324 3982 68 46 20,
423 3982 115 41 1936
553 3994 8 34 ;
593 3984 66 39 2c.
691 3985 114 47 May
835 3983 80 49 19;
948 3985 80 40 aff.
1061 3986 114 48 May
1203 3986 82 47 22;
1312 3987 44 39 A
1383 3987 170 47 95311;
1589 3989 192 47 Harper
1812 3990 37 39 &
1877 3990 125 41 bros.

181 4037 277 49 (36-10539)
