2519 4377
1053 4109 131 49 1241

102 493 217 61 Laune,
346 490 201 54 Ferris
573 490 64 56 F.

175 611 55 10 ...
276 564 337 71 Predicting
651 562 379 70 criminality;
1073 562 350 69 forecasting
1460 561 271 53 behavior
1772 579 72 34 on
1884 561 214 68 parole,

101 646 72 68 by
203 644 193 54 Ferris
429 645 66 52 F.
527 644 195 52 Laune
761 685 57 11 ...
891 644 295 51 Evanston
1220 641 112 53 and
1366 639 271 69 Chicago,
1666 639 430 53 Northwestern

100 721 331 69 university,
467 723 150 53 1936.

168 786 1926 57 4 p. l., 163 p. diagrs. 23½ cm . (Northwestern university. Studies in
101 853 80 41 the
209 852 148 41 social
387 851 224 42 sciences,
669 862 76 30 no.
774 851 50 49 1)

171 919 348 50 Bibliography;
572 930 45 39 p.
644 919 217 41 153-158.

103 990 52 52 ©
190 994 126 39 June
351 994 69 46 12,
456 993 114 40 1936;
635 993 68 40 2c.
740 992 96 39 and
870 991 82 43 aff.
991 992 127 39 June
1152 991 83 47 22;
1275 991 40 39 A
1351 990 170 48 96101;
1561 990 370 40 Northwestern
1967 989 131 40 univ.

181 1049 278 49 (36-19381)

103 1153 249 64 Leonov,
379 1153 218 52 Leonid
623 1151 451 63 Maksimovich,
1104 1156 170 50 1899-

175 1227 406 70 Skutarevsky,
607 1228 77 69 by
714 1228 218 54 Leonid
962 1229 227 52 Leonov;
1250 1227 315 53 translated
1595 1227 74 67 by
1700 1227 139 52 Alec
1870 1228 228 51 Brown.

105 1307 137 52 New
273 1306 180 68 York,
485 1307 310 68 Harcourt,
826 1308 181 51 Brace
1038 1307 113 52 and
1183 1323 280 50 company
1502 1339 12 34 [
1519 1311 17 22 c
1543 1308 133 50 1936
1681 1339 12 33 ]

174 1379 593 50 3 p. l., 3-444 p. 21 cm .
177 1450 163 42 “First
367 1450 259 41 American
656 1448 230 44 edition.”

106 1517 52 53 ©
192 1522 127 47 Sept.
350 1522 40 47 3,
423 1520 116 42 1936;
596 1522 68 38 2c.
701 1521 127 47 Sept.
860 1522 56 38 14;
977 1521 82 41 aff.
1097 1521 128 47 Sept.
1255 1519 54 41 12;
1372 1521 42 39 A
1445 1519 145 42 97794;
1652 1520 261 47 Harcourt,
1948 1521 157 38 Brace

175 1578 35 41 &
239 1587 81 40 co.,
353 1577 89 42 inc.
512 1577 279 51 (36-19224)

108 1682 204 64 Leslie,
337 1684 138 52 Mrs.
503 1682 178 53 Doris
709 1681 426 66 (Oppenheim)

178 1756 137 54 Fair
344 1774 295 52 company,
668 1758 75 68 by
770 1758 173 53 Doris
971 1758 199 53 Leslie.
1245 1758 139 53 New
1414 1757 179 65 York,
1621 1759 121 52 The
1769 1757 334 54 Macmillan

107 1854 295 50 company,
433 1840 149 51 1936.

181 1908 586 50 6 p. l., 3-498 p. 21 cm .
182 1978 161 42 “First
373 1978 261 50 printing.”

109 2045 52 53 ©
197 2050 126 47 Sept.
355 2051 40 47 4,
430 2048 140 48 1936;
605 2049 68 41 2c.
708 2050 96 38 and
838 2049 81 41 aff.
954 2051 126 46 Sept.
1118 2050 52 47 5;
1206 2050 40 39 A
1279 2049 171 47 97826;
1488 2049 145 40 Doris
1668 2049 171 49 Leslie,
1878 2049 229 49 Shaldon,

180 2117 118 28 near
324 2105 335 49 Teignmouth,
688 2107 179 48 Devon,
896 2106 237 47 England.
1199 2106 279 49 (36-19226)

111 2210 237 53 Lincoln
374 2226 186 49 group
587 2210 63 53 of
677 2208 276 67 Chicago.

182 2287 239 53 Lincoln
451 2305 183 50 group
663 2306 234 49 papers;
929 2288 96 54 the
1059 2331 55 9 ...
1150 2287 289 54 addresses
1471 2287 285 54 delivered
1786 2287 196 54 before
2013 2288 94 52 the

109 2366 240 53 Lincoln
378 2384 184 48 group
591 2366 64 53 of
687 2365 270 68 Chicago,
990 2369 136 49 1934
1160 2408 55 10 ...
1251 2385 74 34 on
1353 2366 197 52 varied
1582 2372 216 61 aspects
1829 2366 63 53 of
109 2366 1975 129 Abraham

276 2443 284 53 Lincoln’s
596 2443 105 53 life
738 2444 112 52 and
884 2443 279 67 interests,
1200 2448 83 50 1st
1318 2462 102 35 ser.
1497 2443 270 68 Chicago,
1804 2444 181 52 Black
2020 2449 90 47 cat

110 2539 173 48 press,
309 2524 149 50 1936.

181 2593 755 48 3 p. l., 11-161 p., l l. 24 cm .
112 2663 172 40 Editor;
341 2665 76 39 1st
449 2664 150 39 series;
656 2663 129 48 1936,
817 2664 216 48 Douglas
1066 2664 49 41 C.
1148 2664 303 41 McMurtrie.

117 2729 52 53 ©
207 2734 126 48 Sept.
371 2734 38 48 1,
446 2733 140 48 1936;
623 2733 69 42 2c.
731 2735 127 47 Sept.
896 2734 51 47 8;
987 2733 81 40 aff.
1109 2734 128 48 Sept.
1272 2734 53 48 9;
1365 2735 42 39 A
1443 2733 143 42 97695;
1653 2735 155 39 Black
1843 2736 80 38 cat
1958 2744 152 38 press.

194 2789 279 51 (36-19281)

113 2891 319 57 Louisiana
476 2894 202 67 digest,
728 2897 132 50 1809
907 2901 58 48 to
1012 2894 157 68 date;
1220 2894 267 68 covering
1533 2894 308 55 Louisiana
1888 2899 228 64 reports

185 2973 111 52 and
330 2972 284 54 Southern
646 2978 256 61 reporter
931 2992 59 33 as
1021 2973 126 51 well
1179 2991 59 35 as
1266 2971 309 54 Louisiana
1606 2991 149 35 cases
1787 2973 235 54 decided
2050 2974 58 53 in

184 3051 95 50 the
310 3050 219 52 federal
561 3049 243 54 District
837 3051 111 52 and
983 3050 220 55 Circuit
1234 3056 205 61 courts,
1474 3051 219 54 Circuit
1727 3057 160 47 court
1919 3051 64 53 of
186 3070 1901 123 appeals

374 3128 112 52 and
522 3126 275 68 Supreme
830 3135 160 46 court
1023 3127 62 52 of
1117 3129 94 51 the
1244 3127 217 55 United
1496 3128 188 54 States
1722 3172 55 9 ...
1815 3129 140 52 with
186 3147 1903 110 current
363 3204 344 53 cumulative
760 3204 202 67 pocket
1013 3205 224 54 service.
1346 3227 49 33 v.
1454 3210 80 49 12.
1571 3207 541 67 Judgment-Liens.

190 3283 81 54 St.
299 3283 165 64 Paul,
487 3283 202 65 Minn.,
715 3284 158 53 West
901 3281 333 69 publishing
1262 3302 78 35 co.
1372 3317 12 34 [
1390 3290 18 21 c
1414 3287 150 63 1936]

188 3367 98 48 viii,
317 3368 83 39 641
427 3378 43 37 p.
527 3367 56 40 26
586 3371 45 20 cm
635 3401 8 8 .

122 3432 52 53 ©
209 3438 118 46 Aug.
363 3437 68 48 19,
467 3436 116 41 1936;
644 3436 68 41 2c.
751 3438 127 47 Sept.
915 3438 81 46 21;
1036 3437 82 43 aff.
1157 3438 127 48 Sept.
1324 3439 82 47 17;
1442 3440 42 38 A
1519 3439 170 48 98538;
1728 3440 135 39 West
1899 3440 111 48 pub.
2047 3449 67 32 co.

121 3556 181 64 Lyon,
330 3557 224 54 Walter
580 3556 312 65 Hastings,
924 3559 171 53 1876-

193 3631 120 53 The
352 3631 388 55 Constitution
781 3633 113 53 and
931 3633 98 52 the
1064 3651 128 34 men
1232 3632 126 54 who
1396 3633 165 53 made
1602 3632 74 69 it;
1716 3633 99 53 the
1853 3637 160 66 story
2051 3631 66 56 of

125 3709 93 52 the
253 3707 446 56 Constitutional
732 3710 356 68 convention,
1121 3709 153 69 1787,
1304 3710 76 70 by
1413 3709 283 70 Hastings
1726 3710 181 69 Lyon.

127 3711 1965 127 Boston
252 3787 110 52 and
392 3787 136 52 New
559 3786 180 67 York,
763 3786 319 70 Houghton
1109 3787 203 53 Mifflin
1340 3805 299 52 company,
1669 3790 151 51 1936.

198 3858 655 51 xii p. l l., 314 p. 21½ cm .
199 3914 216 41 “Partial
442 3915 363 48 bibliography”;
864 3926 44 38 p.
956 3915 233 51 [305]-306.

128 3981 52 53 ©
217 3987 125 47 Sept.
378 3987 38 47 8,
451 3986 140 47 1936;
627 3987 68 41 2c.
732 3988 95 39 and
861 3989 81 39 aff.
982 3989 126 47 Sept.
1142 3990 81 46 14;
1263 3989 40 39 A
1338 3988 170 47 98357;
1546 3990 238 47 Hastings
1820 3990 147 46 Lyon,
2002 3989 119 40 New

198 4043 142 40 York.
410 4043 280 48 (36-19383)
