2519 4377
1285 4187 103 51 290

330 498 292 66 Lysaght,
650 498 222 66 Sidney
898 501 215 63 Royse.

404 589 57 53 A
489 587 244 72 reading
760 588 67 55 of
853 588 123 69 life,
1003 589 76 69 by
1112 587 57 57 S.
1200 589 69 53 R.
1300 589 276 70 Lysaght.
1642 590 261 68 London,
1933 589 337 54 Macmillan
2299 592 47 52 &

334 686 99 50 co.,
463 669 123 68 ltd.,
619 671 152 52 1936.

403 769 42 36 v,
473 756 101 47 296,
605 757 55 50 [1]
692 768 43 38 p.
794 756 116 41 19cm.

331 824 2014 56 © 1c. Feb. 19, 1936; A ad int. 21113; pubd. Feb. 4; Macmillan co.,
402 886 117 40 New
550 886 146 39 York.
768 883 253 51 (36-7697)

331 1005 216 66 Malan,
576 1006 270 55 Clement
869 1005 301 64 Timothy.

401 1095 1944 71 Indiana school law, by Clement T. Malan … with Leading
331 1193 152 36 cases
513 1174 61 53 in
605 1174 193 55 school
826 1175 128 68 law,
986 1175 239 53 selected
1262 1176 112 52 and
1405 1174 190 55 edited
1624 1176 77 68 by
1733 1177 194 54 James
1959 1178 57 54 J.
2050 1177 291 54 Robinson

393 1252 1768 68 … Indianapolis, Ind., C. E. Pauley & co., inc. [ c 1935]
403 1340 99 50 xxi,
534 1340 86 42 721
652 1351 44 38 p.
756 1340 148 43 23½cm.

405 1410 246 49 “Leading
675 1421 137 30 cases
840 1410 48 41 in
916 1412 164 39 school
1106 1411 126 40 law”
1259 1411 91 40 has
1378 1412 181 47 special
1587 1415 98 45 t.-p.

404 1469 155 41 “How
584 1471 52 40 to
663 1468 99 41 find
790 1469 85 41 the
900 1468 153 41 law”:
1085 1479 43 38 p.
1158 1468 218 42 545-547.

330 1537 53 53 ©
412 1541 103 41 Oct.
545 1542 68 47 17,
643 1540 142 47 1935;
817 1541 66 39 2c.
914 1541 117 39 each
1062 1542 96 38 and
1186 1540 109 41 affs.
1327 1540 109 40 Feb.
1468 1540 70 49 27,
1569 1539 141 49 1936;
1743 1541 40 39 A
1814 1540 160 50 92052:,
2005 1540 172 49 92053;
2213 1541 47 41 C.
2292 1543 54 39 T.

399 1600 181 46 Malan,
614 1599 151 39 Terre
798 1599 180 47 Haute,
1013 1598 120 48 Ind.,
1169 1598 95 40 and
1298 1598 166 41 James
1499 1598 43 42 J.
1578 1597 261 48 Robinson,
1877 1599 356 49 Bloomington,
2270 1600 76 40 Ill.

409 1655 254 50 (36-7069)

329 1776 173 62 Mary
529 1775 338 63 Frederick,
893 1775 181 53 sister.

402 1865 269 69 Religion
700 1867 113 53 and
842 1866 289 53 evolution
1156 1866 151 55 since
1338 1871 161 62 1859;
1530 1884 151 35 some
1710 1866 192 53 effects
1929 1866 65 54 of
2022 1868 94 51 the
2144 1868 200 67 theory

331 1944 65 52 of
439 1944 290 54 evolution
772 1962 72 34 on
887 1945 97 54 the
1024 1944 349 69 philosophy
1415 1944 63 55 of
1522 1945 263 68 religion,
1828 1945 73 68 by
1948 1946 182 55 Sister
2175 1948 169 66 Mary

333 2023 327 68 Frederick,
693 2042 46 35 c.
774 2042 40 35 s.
851 2042 46 35 c.
976 2022 271 70 Chicago,
1280 2025 217 66 Loyola
1527 2024 321 68 university
1882 2043 175 49 press,
2100 2030 143 48 1935.

402 2114 53 38 ix
482 2123 58 38 p.,
569 2112 27 40 3
663 2142 9 17 l.,
703 2110 147 42 3-189
876 2122 43 37 p.
979 2110 119 43 23cm.

407 2183 173 40 Issued
613 2182 107 41 also
752 2191 55 30 as
842 2181 155 41 thesis
1043 2180 108 49 (PH.
1220 2181 33 48 D.)
1296 2181 284 49 University
1614 2181 52 42 of
1700 2182 152 40 Notre
1886 2183 170 41 Dame.

404 2240 381 50 Bibliography:
819 2250 42 39 p.
895 2239 218 42 187-189.

331 2310 52 53 ©
413 2315 121 47 Aug.
565 2314 71 46 28,
669 2312 116 41 1935;
843 2313 67 39 2c.
945 2313 110 39 Jan.
1086 2312 70 48 20,
1191 2311 140 47 1936;
1368 2311 81 41 aff.
1485 2312 110 40 Feb.
1630 2312 51 47 1;
1716 2312 40 39 A
1789 2311 172 48 90573;
1999 2313 181 48 Loyola
2215 2314 131 42 univ.

401 2382 150 37 press.
628 2370 253 49 (36-7660)

332 2488 495 64 Merezhkovskiĭ,
854 2486 223 55 Dmītriĭ
1126 2487 398 65 Sergi͡eevich,
1554 2492 172 50 1865-

402 2577 1943 71 Jesus manifest, by Dmitri Merejkowski … translated by
334 2656 2007 70 Edward Gellibrand … New York, C. Scribner’s sons, 1936.
403 2748 87 41 622
519 2758 43 38 p.
623 2745 119 43 21cm.

404 2818 42 40 A
477 2815 338 43 continuation
850 2816 53 40 of
936 2817 83 40 the
1050 2815 220 41 author’s
1304 2814 174 41 “Jesus
1512 2815 84 39 the
1630 2814 288 41 unknown”.

405 2874 237 43 “Notes”:
676 2885 43 39 p.
768 2873 236 51 [587]-622.

331 2944 53 54 ©
413 2949 110 39 Feb.
553 2948 69 47 18,
652 2947 141 46 1936;
825 2946 66 40 2c.
923 2947 121 39 Mar.
1073 2945 83 48 16;
1189 2944 82 41 aff.
1303 2946 121 39 Mar.
1456 2945 82 46 13;
1568 2944 41 39 A
1638 2944 172 47 92311;
1843 2944 207 41 Charles
2080 2943 267 42 Scribner's

403 3017 125 29 sons.
610 3003 252 50 (36-7659)

330 3104 1990 71 Michigan digest. 1935 cumulative annual pocket parts … [for]
402 3183 1663 69 vols. 1-15 … St. Paul, West publishing co. [ c 1936]
400 3262 58 39 15
486 3273 42 29 v.
586 3260 60 40 25
646 3262 45 21 cm
696 3292 9 8 .

403 3319 155 39 These
590 3317 276 48 pamphlets
898 3326 85 29 are
1014 3318 47 37 to
1093 3316 56 38 be
1180 3314 139 40 fitted
1352 3313 103 40 into
1488 3314 81 39 the
1601 3313 197 48 pockets
1827 3314 54 38 at
1911 3313 86 40 the
2026 3313 122 39 back
2180 3313 53 40 of
2264 3313 84 40 the

329 3377 216 38 volumes
575 3374 53 40 of
654 3375 82 39 the
765 3375 73 38 set
866 3376 48 37 to
944 3373 157 40 which
1135 3372 112 47 they
1275 3372 185 46 belong.

332 3441 53 53 ©
412 3445 110 42 Jan.
551 3445 69 47 30,
650 3444 118 40 1936;
822 3443 67 40 2c.
920 3443 117 42 each
1069 3442 110 40 Feb.
1210 3442 81 46 17;
1322 3442 43 38 A
1391 3439 172 47 90805;
1592 3440 139 40 West
1757 3440 110 48 pub.
1898 3450 67 30 co.

330 3549 301 64 Michigan
662 3550 204 66 digest,
897 3553 148 48 1935.
1122 3547 141 53 This
1292 3548 223 50 volume
1541 3543 388 69 supplements
1958 3546 97 51 the
2081 3542 262 55 material

402 3627 301 54 contained
747 3629 61 51 in
851 3626 298 67 Michigan
1193 3625 204 67 digest,
1444 3628 150 61 1934,
1638 3624 110 51 and
1793 3625 172 50 closes
2009 3622 138 53 with
2192 3639 150 36 cases

403 3707 265 66 reported
701 3706 90 52 in:
827 3705 186 53 North
1050 3710 236 46 western
1323 3706 273 64 reporter,
1628 3700 108 53 vol.
1773 3704 119 63 262,
1927 3700 298 68 Michigan
403 3719 1916 132 reports
603 3786 146 65 [Vol.]
790 3784 120 56 273,
944 3783 140 52 with
1118 3782 180 53 tables
1335 3780 62 53 of
1430 3783 239 50 statutes
1705 3779 302 52 construed
2045 3779 111 51 and
2193 3796 150 36 cases

403 3854 1942 75 digested … by the publisher’s editorial staff. St. Paul, West
404 3940 336 66 publishing
764 3958 78 34 co.
874 3973 11 33 [
892 3945 18 21 c
916 3942 152 64 1936]

406 4014 67 48 iii,
502 4012 143 42 5-192
675 4023 43 38 p.
774 4011 117 41 26cm.

335 4079 52 53 ©
447 4095 76 29 Jan.
549 4082 69 49 22,
646 4082 142 48 1936;
816 4082 67 41 2c.
911 4083 94 39 and
1032 4081 82 42 aff.
1144 4081 109 40 Feb.
1283 4081 81 47 17;
1391 4080 41 40 A
1457 4079 171 47 90816;
1659 4078 128 41 West
1819 4078 110 48 pub.
1956 4087 69 30 co.
