2519 4377
1055 4131 98 53 819

113 485 404 64 Christopher,
545 485 333 65 Frederick,
908 492 169 49 1889-

114 562 1962 131 Minor surgery, by Frederick Christopher … With a foreword
113 639 1965 132 by Allen B. Kanavel … 3d ed., reset. With 709 illustrations.
441 718 408 68 Philadelphia
874 720 110 52 and
1010 720 255 58 London,
1287 721 90 52 W.
1404 721 65 50 B.
1496 719 287 55 Saunders
1808 737 295 50 company,

113 799 149 51 1936.

181 882 115 41 1030
327 893 41 38 p.
429 882 127 41 illus.
617 881 56 40 24
676 884 44 22 cm
724 913 9 9 .

112 957 52 54 ©
194 961 126 40 June
349 960 40 50 2,
420 959 141 48 1936;
593 960 68 42 2c.
690 961 125 40 June
847 961 52 47 8;
933 960 82 42 aff.
1048 962 125 40 June
1204 961 52 48 9;
1290 961 41 40 A
1361 960 170 49 95584;
1565 962 72 41 W.
1668 962 54 41 B.
1759 962 249 42 Saunders
2035 973 67 31 co.

191 1024 256 49 (36-13822
457 1027 13 45 )

111 1127 177 53 Coast
312 1126 267 65 artillery
604 1126 253 65 journal.

110 1200 1969 149 The soldier’s handbook. (Coast artillery ed.) … Washington, D. C., The Coast artillery journal [ c 1935]
180 1351 63 49 ix,
273 1352 84 41 166
384 1363 44 37 p.
488 1351 141 49 illus.,
662 1352 177 48 diagrs.
901 1353 54 40 15
959 1354 44 23 cm
1007 1385 9 9 .

181 1409 339 48 “Reproduced
565 1409 50 40 in
659 1412 112 45 part
816 1410 60 49 by
920 1409 286 49 permission
1251 1409 52 41 of
1348 1410 82 41 the
1476 1409 229 48 Infantry
1752 1408 210 49 journal,
2013 1409 88 42 inc.

112 1464 141 41 Much
284 1467 52 39 of
367 1467 81 40 the
482 1466 226 41 material
741 1466 222 42 included
996 1468 50 39 in
1080 1467 84 40 the
1196 1466 164 41 initial
1392 1466 183 42 edition
1609 1467 90 41 has
1734 1467 117 40 been
1886 1468 215 47 changed

110 1523 93 39 and
228 1523 258 48 especially
513 1524 210 47 adapted
755 1526 46 38 to
831 1525 79 39 the
938 1523 217 49 training
1182 1524 93 40 and
1306 1523 291 41 instruction
1626 1523 53 41 of
1705 1522 147 43 Coast
1880 1524 220 47 artillery

108 1580 294 47 personnel.”

110 1657 52 54 ©
187 1662 114 48 Apr.
327 1662 68 48 12,
424 1660 139 48 1936;
591 1662 68 40 2c.
688 1663 121 39 Mar.
836 1662 52 46 5;
918 1661 82 41 aff.
1029 1663 121 38 Mar.
1178 1661 83 48 12,;
1287 1662 41 39 A
1355 1661 170 49 93196;
1558 1663 55 40 U.
1645 1663 43 41 S.
1718 1665 138 39 coast
1880 1661 226 48 artillery

179 1736 143 37 assn.,
357 1724 334 49 Washington.
764 1724 279 49 (36-13832)

110 1826 328 65 Cockefair,
464 1827 202 64 Edgar
688 1827 331 63 Augustus.

108 1900 1993 149 Health and achievement; a textbook of health with a physiological background, by Edgar A. Cockefair … and Ada
107 2055 1971 150 Milam Cockefair … Boston, New York [etc.] Ginn and company [ c 1936 ]
178 2208 63 49 ix,
268 2208 85 41 536
379 2218 43 39 p.
483 2208 85 40 col.
596 2208 163 47 front.,
789 2208 141 46 illus.,
960 2207 179 48 diagrs.
1198 2206 56 42 20½
1286 2209 44 22 cm
1336 2239 7 9 .

180 2266 292 48 “Suggested
503 2265 281 48 readings”:
818 2276 42 38 p.
892 2265 215 42 503-508.

110 2341 52 54 ©
196 2347 113 47 May
340 2346 41 47 4,
416 2345 115 41 1936;
591 2345 68 41 2c.
695 2346 125 40 June
856 2345 80 47 11;
975 2344 80 41 aff.
1088 2345 130 41 June
1251 2346 80 46 13;
1369 2345 39 40 A
1444 2345 170 48 94920;
1653 2347 51 39 E.
1740 2345 54 43 A.
1830 2345 273 47 Cockefair,

180 2410 367 48 Warrensburg,
586 2411 108 45 Mo.,
730 2408 96 41 and
863 2409 106 40 Ada
1009 2408 168 40 Milam
1218 2409 271 48 Cockefair,
1528 2407 238 50 Madison,
1805 2409 117 41 Wis.

189 2472 279 49 (36-14139)

111 2573 173 63 Cook,
310 2574 338 54 Sherburne
675 2574 233 63 Friend,
937 2579 169 50 1896-

179 2647 1860 72 Elementary human physiology, by Sherburne F. Cook …
111 2726 136 53 New
274 2726 161 54 York
459 2727 112 53 and
597 2727 258 66 London,
880 2727 231 69 Harper
1135 2729 45 50 &
1207 2726 275 68 brothers,
1514 2728 149 51 1936.

180 2799 49 39 xi
254 2810 58 38 p.,
337 2800 25 38 2
425 2831 8 16 l.,
462 2799 84 40 539
573 2810 41 37 p.
678 2800 140 41 illus..
844 2801 85 40 col.
957 2800 169 47 plates,
1154 2799 176 48 diagrs.
1392 2798 55 40 22
1451 2801 43 22 cm
1500 2831 8 8 .

179 2855 162 42 “First
372 2855 225 42 edition.”

111 2933 53 53 ©
193 2939 113 46 May
332 2938 71 47 20,
432 2936 140 48 1936;
602 2937 67 41 2c.
700 2939 115 47 May
842 2937 82 46 20;
957 2937 83 40 aff.
1070 2938 115 47 May
1215 2937 83 47 22;
1331 2937 41 40 A
1401 2936 170 47 95316;
1604 2938 194 47 Harper
1828 2937 36 40 &
1894 2938 126 39 bros.

190 3000 279 50 (36-14140)

112 3102 197 64 Cugle,
336 3102 245 55 Charles
604 3106 211 51 Hurst.

181 3176 223 70 Cugle’s
446 3179 274 67 practical
763 3179 352 69 navigation,
1160 3179 73 69 by
1278 3178 236 55 Charles
1559 3179 76 51 H.
1684 3176 196 70 Cugle.
1964 3177 136 52 New

109 3256 112 52 and
261 3256 106 52 enl.
409 3256 102 66 ed.,
552 3256 138 52 with
733 3258 273 67 complete
1048 3257 201 68 listing
1291 3255 63 54 of
1395 3255 337 69 navigation
1774 3254 327 54 definitions

109 3333 111 52 and
264 3333 343 68 accessories,
651 3334 297 69 including
992 3335 93 52 the
1130 3335 166 52 latest
1338 3333 258 54 methods
1640 3332 65 55 of
1748 3331 353 70 navigation,

109 3411 112 52 and
253 3411 283 68 questions
569 3412 113 53 and
715 3430 243 35 answers
990 3413 134 52 used
1160 3409 57 55 in
1251 3412 134 53 steel
1415 3411 124 53 hull
1572 3409 382 55 construction
1989 3409 110 53 and

109 3487 324 55 definitions
461 3490 134 52 used
628 3489 59 53 in
719 3490 129 68 ship
882 3489 273 70 stability.
1222 3490 137 51 New
1392 3488 180 69 York,
1602 3488 68 54 E.
1702 3488 66 52 P.
1799 3488 221 51 Dutton
2057 3488 46 50 &

108 3585 98 49 co.,
234 3567 107 54 inc.
375 3600 13 34 [
391 3574 19 22 c
417 3570 150 64 1936]

181 3639 102 50 xiii,
314 3640 84 41 546
426 3650 42 38 p.
528 3640 143 46 illus.,
701 3641 177 47 diagrs.
909 3641 134 49 (part
1073 3641 142 48 fold.)
1282 3640 56 41 23½
1370 3643 45 21 cm
1419 3671 8 9 .

178 3695 221 43 Consists
431 3697 183 48 mainly
644 3698 52 39 of
727 3698 252 47 problems.

182 3748 1807 54 “First printing, Nov., 1924 … New, revised edition, Feb., 1936.”
183 3809 85 40 “In
315 3810 97 41 this
460 3810 187 41 volume
694 3812 81 39 the
822 3810 219 42 author’s
1086 3810 227 48 previous
1359 3810 173 48 works,
1584 3807 193 49 ‘Simple
1826 3807 129 41 rules
2007 3807 95 40 and

110 3865 237 47 problems
377 3867 49 39 in
456 3866 296 48 navigation’
787 3869 90 38 and
914 3867 255 41 ‘Practical
1202 3867 247 41 advanced
1480 3863 313 50 navigation’,
1826 3865 123 40 have
1984 3862 117 41 been

111 3923 326 40 consolidated
467 3925 153 38 under
643 3935 88 31 one
758 3924 375 40 cover.”—Pref.
1162 3926 48 38 to
1238 3934 105 30 new
1372 3924 91 39 and
1495 3933 93 30 rev.
1617 3922 71 41 ed.

114 3998 52 53 ©
193 4003 111 47 Apr.
331 4002 69 44 28.
430 4003 138 44 1936;
598 4004 68 40 2c.
697 4004 95 39 and
821 4004 82 40 aff.
932 4004 112 49 Apr.
1073 4003 82 44 29;
1187 4005 41 38 A
1254 4003 170 46 93921;
1457 4005 51 39 E.
1539 4001 50 43 P.
1619 4004 188 40 Dutton
1837 4003 35 39 &
1901 4010 83 38 co.,
2013 4001 90 40 inc.

193 4064 279 49 (36-13833)
