2519 4377
1318 4122 101 50 540

367 434 562 66 Meyer-Eckhardt,
961 433 224 66 Victor,
1219 440 171 50 1889-

502 511 1878 71 … Das glückshündlein von Adana, eine erzählung aus dem
371 590 442 69 Morgenlande;
855 590 108 53 mit
1002 590 225 53 bildern
1266 610 110 35 von
1415 591 264 56 Walther
1720 595 221 51 Bösser.
2018 594 218 66 Berlin,
368 595 1986 143 Atlantis-verlag
989 704 12 34 [c1935]

443 742 98 48 137,
570 742 56 50 [1]
654 752 44 38 p.
726 742 110 43 incl.
864 744 86 41 col.
978 744 230 40 mounted
1234 744 171 47 plates.
1466 742 117 44 20cm.

368 810 2013 53 © Sept. 27, 1935; 1c. Feb. 6, 1936; A- Foreign 30378; Atlantis verlag,
437 882 41 37 g.
515 882 59 31 m.
609 871 41 40 b.
687 872 45 40 h.
809 870 282 49 (36-10001)

366 976 157 65 Moll,
551 977 221 53 Ernest
800 976 246 65 George,
1077 982 172 50 1900-

439 1053 146 53 Blue
607 1053 249 54 interval;
912 1070 193 51 poems
1132 1052 63 53 of
1216 1053 203 55 Crater
1445 1053 144 69 lake,
1610 1053 77 69 by
1712 1053 209 53 Ernest
1947 1052 70 55 G.
2040 1053 144 53 Moll;
2242 1052 140 54 with

365 1131 1991 147 illustrations by Karl J. Belser … Portland, Or., Metropolitan press, 1935.
437 1284 779 50 4 p. l., 7-41 p. illus. 24½ cm .
368 1352 52 53 ©
450 1357 125 39 June
608 1356 70 50 10,
712 1355 141 48 1935;
888 1357 66 39 2c.
990 1357 110 41 Jan.
1132 1357 69 48 15,
1236 1357 141 43 1936;
1413 1357 82 40 aff.
1530 1358 111 40 Jan.
1674 1358 82 47 14;
1790 1359 42 38 A
1865 1357 172 48 94219;
2074 1360 53 40 E.
2162 1358 52 41 G.
2251 1359 130 47 Moll,

439 1415 209 48 Eugene,
677 1414 79 40 Or.
821 1413 252 51 (36-9721)

367 1517 236 65 Mudge,
632 1517 194 65 Evlyn
851 1517 207 65 Leigh,
1089 1519 172 55 1879-

438 1593 135 54 Men
607 1593 128 54 who
770 1593 110 55 left
913 1614 31 34 a
978 1613 193 50 name;
1208 1594 205 70 giving
1446 1613 195 52 young
1675 1596 202 68 people
1913 1616 31 33 a
1978 1596 243 69 glimpse
2258 1597 121 52 into

370 1674 233 52 modern
653 1674 212 53 church
913 1675 224 68 history
1287 1708 12 34 [by]
1356 1676 67 54 E.
1472 1675 183 68 Leigh
1703 1677 233 67 Mudge.
2013 1677 139 52 New
2202 1677 179 66 York,

369 1752 332 54 Cincinnati
744 1758 138 63 [etc.]
926 1754 122 52 The
1082 1754 319 52 Methodist
1436 1754 149 53 book
1619 1772 238 35 concern
2084 1789 11 33 [c1936]

441 1826 83 40 124
557 1837 42 37 p.17½cm

367 1881 52 52 ©
450 1886 121 39 Mar.
600 1885 41 48 2,
672 1884 114 41 1936;
846 1884 67 41 2c.
944 1886 95 38 and
1070 1885 81 40 aff.
1185 1886 122 39 Mar.
1338 1884 55 40 26;
1454 1886 41 38 A
1523 1884 145 41 92669;
1729 1887 53 39 E.
1814 1886 50 40 L.
1897 1886 192 47 Mudge,
2122 1886 258 48 Edinboro,

440 1943 83 42 Pa.
585 1942 254 49 (36-9652)

368 2048 259 63 Mursell,
653 2048 205 54 James
887 2047 320 64 Lockhart,
1240 2054 170 49 1893-

371 2124 1982 148 Streamline your mind [by] James L. Mursell … Philadelphia, London, J. B. Lippincott company, 1936.
435 2277 99 49 253,
570 2278 55 51 [1]
659 2289 44 38 p.
765 2277 55 41 19½
853 2280 43 21 cm
902 2312 8 7 .

366 2332 52 53 ©
445 2337 114 48 Apr.
588 2336 39 47 6,
656 2335 115 41 1936;
827 2336 68 40 2c.
924 2337 96 39 and
1048 2336 83 42 aff.
1160 2337 114 47 Apr.
1303 2336 55 40 18;
1414 2336 41 39 A
1483 2335 144 41 94092;
1687 2337 42 39 J.
1759 2336 50 40 L.
1841 2336 217 46 Mursell,
2089 2336 116 38 New
2235 2336 144 40 York.

449 2393 252 48 (36-9764)

364 2497 307 65 Neuhaus,
700 2498 227 63 Eugen,
957 2500 171 53 1879-

434 2572 1948 70 World of art, by Eugen Neuhaus … New York, Harcourt,
367 2653 858 67 Brace and company [ c 1936]
436 2726 1091 49 xvii p., 1 l., 292 p. incl. front., illus. 22 cm.
438 2781 1941 52 “A revision of … [the author’s] earlier work entitled The appreciation
365 2839 54 42 of
455 2839 318 42 art.”—Pref.

437 2896 352 49 Bibliography:
848 2908 43 37 p.
919 2895 219 42 277-279.

366 2950 53 52 ©
449 2955 115 47 Apr.
594 2954 71 47 25,
697 2953 118 42 1936;
873 2954 66 40 2c.
971 2954 95 39 and
1099 2952 83 42 aff.
1214 2953 115 48 Apr.
1361 2953 56 41 30;
1479 2954 42 38 A
1550 2953 145 39 94202;
1759 2955 51 38 E.
1845 2954 247 48 Neuhaus,
2127 2955 251 47 Berkeley,

434 3011 145 41 Calif.
645 3011 281 50 [Copyright
961 3010 40 41 is
1032 3010 205 40 claimed
1272 3021 59 29 on
1366 3010 227 49 revision]
1668 3008 251 51 (36-9735)

363 3114 146 53 New
539 3115 162 52 York
737 3115 192 66 (City)
1018 3113 371 67 Ordinances,
1420 3120 100 46 etc.

500 3189 1876 69 … The Code of ordinances of the city of New York, with
367 3269 77 53 all
483 3270 388 52 amendments
906 3274 58 48 to
999 3269 265 68 January
1302 3273 102 60 1st,
1441 3272 153 57 1936,
1628 3268 301 69 including
1963 3269 98 52 the
2096 3266 282 70 Building

369 3348 152 66 code,
552 3349 97 52 the
681 3348 308 52 Electrical
1023 3348 153 66 code,
1208 3348 95 52 the
1338 3346 275 69 Sanitary
1645 3347 153 66 code,
1830 3346 112 53 and
1976 3347 94 52 the
2104 3346 274 52 amended

370 3426 281 69 Building
682 3445 135 34 zone
848 3425 330 69 resolution,
1208 3423 189 55 edited
1427 3426 75 67 by
1531 3424 262 55 William
1822 3425 257 53 Edward
2109 3424 268 53 Baldwin

522 3505 140 53 New
717 3505 179 68 York,
950 3504 331 69 Cleveland,
1333 3504 375 53 Banks-Bald
1715 3505 111 52 win
1880 3506 110 51 law
2044 3502 333 71 publishing

366 3602 280 50 company
870 3617 12 34 [c1936]

437 3656 1399 51 2 p. l., 3-745 (i. e. 792), 16 p. illus., diagrs. 22½ cm .
438 3715 62 40 At
529 3716 124 40 head
682 3715 52 41 of
760 3715 108 42 title:
928 3714 115 42 1936
1068 3715 199 42 edition.

440 3771 71 41 On
541 3783 141 31 cover;
742 3772 114 41 New
887 3773 129 40 York
1046 3769 127 44 Code
1201 3772 52 41 of
1279 3772 302 41 ordinances.

440 3829 153 41 Extra
624 3830 262 41 numbered
919 3840 146 39 pages
1096 3830 229 40 inserted.

443 3887 390 50 “Photographic
878 3887 342 50 reproduction
1267 3886 52 40 of
1361 3888 81 39 the
1487 3885 174 41 official
1704 3885 183 41 edition
1934 3884 51 40 of
2030 3885 80 39 the
2156 3883 126 42 Code
2326 3884 51 39 of

367 3945 332 41 ordinances.”

368 3998 52 53 ©
446 4004 114 46 Apr.
588 4003 39 46 1,
655 4002 115 40 1936;
826 4003 67 42 2c.
922 4003 96 39 and
1045 4001 81 40 aff.
1156 4002 113 48 Apr.
1298 4001 53 47 3;
1382 4002 38 38 A
1448 4000 171 43 92737;
1650 3999 216 40 William
1898 3999 210 39 Edward
2139 3997 236 44 Baldwin,

438 4059 276 41 Cleveland.
781 4057 252 51 (36-9793)
