2519 4377
1018 4069 131 51 1003

102 424 191 62 Clark,
324 424 224 62 George
575 424 64 53 B.

100 496 1992 148 Our masonic heritage, a glimpse of the historical background of freemasonry, by George B. Clark … [Denver,
102 653 237 53 Printed
369 654 75 67 by
475 653 179 54 Great
684 658 237 48 western
951 653 335 69 publishing
1314 669 297 52 company]
1669 655 152 51 c1936.

169 726 55 40 96
253 738 43 37 p.
354 726 162 48 front.,
547 725 128 42 illus.
704 726 133 48 (incl.
865 726 174 50 ports.)
1106 725 115 43 23cm.

173 780 1918 52 “Copyrighted … by the Grand lodge A. F. and A. M. of Colorado,
101 840 200 46 Denver,
337 838 279 43 Colorado.”

171 896 223 42 Includes
425 897 320 48 biographies.

172 952 127 43 “The
326 953 256 42 literature
611 953 52 42 of
689 952 361 49 freemasonry”
1070 964 10 31 :
1110 965 43 38 p.
1186 952 188 52 [85]-90.

100 1007 52 53 ©
185 1012 126 39 June
346 1012 67 41 15.
449 1010 112 41 1936;
624 1011 67 41 2c.
727 1012 114 46 July
876 1013 23 37 1;
966 1011 80 41 aff.
1082 1012 127 39 June
1240 1011 55 41 30;
1359 1012 40 38 A
1432 1011 144 40 96511;
1643 1012 126 38 Most
1805 1011 290 48 worshipful

169 1068 153 46 grand
351 1068 135 45 lodge
512 1068 53 38 of
588 1068 195 40 ancient
808 1068 105 39 free
939 1068 93 39 and
1060 1068 225 47 accepted
1314 1076 192 32 masons
1534 1067 51 40 of
1610 1067 250 49 Colorado,
1888 1069 207 39 Denver.

180 1124 278 48 (36-17023)

104 1214 252 65 [Collins,
385 1213 162 67 Dale]
582 1214 171 54 1897-

273 1288 1748 69 … Gulls against the sky. London, M. Joseph, ltd. [1936]
172 1363 98 46 287,
309 1364 54 48 [1]
401 1374 41 37 p.
505 1362 145 40 19½cm.

174 1419 227 40 Author’s
429 1421 177 45 pseud.,
636 1418 207 41 Michael
872 1417 258 49 Copeland,
1156 1420 52 39 at
1234 1419 123 39 head
1385 1417 52 41 of
1461 1418 121 41 title.

100 1472 1993 52 © 1c. June 18. 1936; A ad int. 21538; pubd. Apr. 20; D. Collins, London.
177 1532 278 48 (36-17403)

101 1624 243 63 Crabbe,
373 1625 218 52 Ernest
617 1624 74 55 H.

172 1697 1925 70 General business. 3d ed. By Ernest H. Crabbe … and Clay
103 1775 1994 70 D. Slinker … edited by Benjamin R. Haynes … Cincinnati,
102 1857 137 52 New
268 1855 161 52 York
479 1860 119 61 [etc.]
633 1853 449 55 South-western
1110 1854 335 69 publishing
1471 1873 279 51 company
1799 1859 157 49 [c1936]

209 1962 8 15 x,
247 1930 83 40 728
356 1940 41 36 p.
427 1928 108 40 incl.
564 1928 142 49 illus.,
738 1928 193 48 diagrs.,
959 1927 167 41 forms.
1182 1928 116 40 22cm.

175 1986 131 39 First
336 1985 252 48 published
620 1985 48 38 in
697 1985 113 40 1927
839 1986 153 38 under
1021 1985 106 39 title
1146 1995 9 29 :
1185 1985 206 39 General
1422 1985 221 40 business
1673 1986 228 49 training.

99 2038 52 53 ©
185 2044 110 46 Apr.
330 2044 39 42 7,
403 2041 111 40 1936;
577 2041 65 40 2c.
679 2042 94 38 and
806 2041 81 40 aff.
921 2041 114 47 July
1069 2041 54 40 27;
1186 2042 40 38 A
1255 2040 147 42 96637;
1466 2042 381 41 South-western
1881 2043 109 47 pub.
2027 2053 68 30 co.

179 2099 277 48 (36-17061)

99 2190 183 62 Dodd,
309 2189 201 53 James
537 2189 259 62 Harvey.

100 2265 1975 147 Introductory economics, by James Harvey Dodd … Cincinnati, New York [etc.] South-western publishing company [c1936]
173 2417 86 40 516
288 2428 41 37 p.
386 2417 141 45 illus.,
554 2416 179 48 diagrs.
788 2416 117 40 22cm.

176 2474 67 39 “A
271 2475 206 38 selected
506 2474 125 39 class
662 2472 239 48 library”:
936 2484 43 37 p.
1008 2472 51 48 9;
1094 2473 67 39 “A
1188 2473 207 40 selected
1424 2474 393 48 bibliography”:
1850 2485 43 37 p.
1924 2475 170 48 10-11;

106 2529 247 49 “Reading
378 2532 93 38 and
497 2529 301 40 references”
825 2531 52 38 at
902 2530 90 39 end
1018 2530 51 40 of
1093 2530 117 39 each
1234 2530 201 46 chapter
1460 2532 169 45 except
1655 2531 81 40 the
1762 2530 121 42 first.

101 2583 52 52 ©
184 2588 113 46 Apr.
333 2587 37 47 8,
405 2586 113 40 1936;
579 2587 66 39 2c.
677 2586 95 39 and
806 2586 81 41 aff.
921 2586 114 47 July
1066 2586 55 41 27;
1184 2587 44 40 A
1257 2586 144 40 96634;
1468 2587 381 41 South-western
1883 2589 110 47 pub.
2029 2598 66 30 co.

181 2643 278 48 (36-17055)

102 2735 260 63 Douglas
407 2734 114 52 and
570 2733 361 64 Clydesdale,
979 2733 261 63 Douglas
1286 2733 613 67 Douglas-Hamilton,
170 2753 1903 125 marquis
319 2812 79 65 of,
426 2814 170 50 1903-

103 2886 1994 149 The pilots’ book of Everest, by Squadron Leader the Marquess of Douglas and Clydesdale … and Flight Lieutenant
105 3046 69 53 D.
210 3044 65 53 F.
311 3043 311 69 M’Intyre;
663 3042 139 53 with
835 3063 31 33 a
901 3042 228 69 preface
1164 3044 74 68 by
1273 3043 242 55 Lt.-Col.
1551 3044 95 53 the
1681 3046 93 53 Rt.
1812 3046 153 53 Hon.
2003 3048 94 53 the

103 3121 1994 73 Lord Tweedsmuir … London, Edinburgh [etc.] W. Hodge &
105 3218 295 49 company,
428 3199 223 52 limited
686 3202 170 64 [1936]

175 3274 95 47 xvi,
310 3272 86 41 209
433 3284 40 37 p.
544 3274 163 44 front.,
748 3273 142 49 illus.,
931 3274 156 48 plates
1117 3273 134 48 (part
1290 3274 143 50 fold.)
1484 3277 162 46 ports.,
1691 3285 136 39 maps
1855 3276 49 48 (1
1944 3276 143 49 fold.)

105 3329 145 41 23½cm.

104 3382 1992 56 © 1c. June 20, 1936; A ad int. 21640; pubd. Apr. 27; Doubleday, Doran
171 3443 35 39 &
230 3453 80 35 co.,
336 3442 104 47 inc.,
468 3442 192 39 Garden
688 3442 122 49 City,
838 3443 53 38 N.
921 3443 51 40 Y.
1036 3442 278 48 (36-17439)

105 3530 183 66 Flaig,
320 3531 282 64 Walther,
636 3536 171 52 1893-

173 3607 301 53 Lawinen!
560 3607 323 54 Abenteuer
925 3609 118 52 und
1089 3607 337 71 erfahrung,
1472 3608 241 56 erlebnis
1760 3611 117 53 und
1922 3611 173 67 lehre,

107 3701 108 35 von
246 3684 262 54 Walther
540 3685 188 69 Flaig.
798 3685 114 53 Mit
948 3688 100 50 120
1082 3685 226 54 bildern
1343 3686 118 53 und
1497 3685 204 55 karten
1736 3686 167 55 sowie
1941 3686 154 54 einer

109 3760 401 54 lawinentafel.
569 3761 258 70 Leipzig,
852 3762 66 53 F.
945 3761 72 54 A.
1046 3761 351 68 Brockhaus,
1424 3766 151 51 1935.

171 3832 1233 52 173 p., 1 l. incl. front., illus., fold. tab. 23 ½c m.
175 3888 227 48 “Quellen
431 3892 95 38 und
557 3890 265 42 Schriften”
841 3902 8 30 :
880 3902 44 38 p.
952 3892 216 41 171-173.

106 3941 1989 57 © Oct. 15, 1935; 1c. Apr. 27, 1936; A -Foreign 31541; F. A. Brockhaus.
185 4003 277 49 (36-17113)
