2519 4377
1022 4117 130 57 1179

446 576 162 40 CONTENTS.—The
631 577 222 40 Catholic
874 577 288 48 philosophy
1185 577 52 40 of
1257 577 202 49 history,
1482 578 62 47 by
1569 577 181 48 Joseph
1776 577 329 42 Schrembs.—

110 633 101 40 The
244 633 140 39 “Two
416 632 166 40 cities”
615 633 54 39 of
698 634 116 40 Otto
844 634 53 39 of
928 632 222 49 Freising
1180 634 96 39 and
1308 633 64 41 its
1404 634 237 39 influence
1673 643 60 30 on
1766 633 81 41 the
1880 635 223 40 Catholic

108 689 286 48 philosophy
425 689 51 40 of
508 689 203 47 history,
741 690 61 46 by
835 689 138 39 Felix
1002 690 205 39 Fellner.
1210 688 279 49 —Aquinas
1522 689 95 40 and
1650 689 81 41 the
1764 689 203 48 missing
1999 690 104 40 link

108 746 50 39 in
186 746 81 39 the
293 745 287 48 philosophy
608 746 52 40 of
686 745 201 48 history,
915 746 61 46 by
1004 747 62 39 M.
1095 746 51 40 F.
1173 746 59 38 X.
1264 745 443 42 Millar.—Dante’s
1734 745 288 49 philosophy
2052 746 52 40 of

109 802 201 47 history,
349 802 60 47 by
448 803 51 39 G.
539 803 53 40 G.
631 801 495 41 Walsh.—Bossuet’s
1166 801 292 40 “Discourse
1493 802 50 39 in
1581 801 248 40 universal
1867 802 234 49 history”,

108 859 61 46 by
197 860 50 39 P.
274 860 41 39 J.
347 858 585 47 Barry.—Giambattista
960 857 130 50 Vico,
1121 857 588 49 philosopher-historian,
1738 858 61 47 by
1830 859 40 38 P.
1912 859 49 40 C.
106 860 1979 96 Perrotta.—Christian

595 913 1336 49 thought and economic policy, by C . E. McGuire.
108 981 52 54 ©
192 986 118 47 Aug.
343 987 68 47 13,
445 985 112 41 1936;
618 985 67 40 2c.
719 985 96 39 and
848 985 81 39 aff.
962 985 118 45 Aug.
1114 983 54 41 19;
1231 985 40 39 A
1303 984 144 41 98007;
1511 985 50 40 P.
1594 985 44 40 J.
1673 984 199 47 Kenedy
1902 985 37 39 &
1974 994 126 30 sons.

187 1042 279 49 (36-18860)

105 1160 620 64 Clément-Carpeaux,
755 1160 154 53 Mme
914 1202 10 10 .
956 1158 231 56 Louise.

108 1249 1993 148 … La vérité sur l’œuvre et la vie de J.-B. Carpeaux (1827-1875) avant-propos de Georges Lecomte … préface de Camille
103 1405 309 69 Mauclair;
450 1407 431 66 reproductions
915 1405 272 54 d’œuvres
1220 1405 256 54 inédites.
1546 1404 184 68 Paris,
1764 1406 245 53 Dousset
2044 1412 54 47 et

105 1483 299 69 Bigerelle,
437 1485 390 67 imprimeurs;
888 1491 119 60 [etc.,
1040 1490 120 62 etc.]
1201 1488 254 49 1934-35.

176 1568 1310 52 2 v. fronts., plates, ports., facsims. 28 × 22½cm.
177 1642 63 41 At
268 1643 124 40 head
419 1642 51 40 of
497 1642 108 41 title
624 1653 9 29 :
663 1642 174 41 Louise
869 1640 507 49 Clément-Carpeaux.

180 1697 1920 49 “Il a été tiré de cet ouvrage 500 exemplaires numérotés de 1 à 500
105 1765 84 31 sur
217 1755 168 49 papier
412 1755 126 42 hélio
567 1758 83 39 des
679 1755 272 49 papeteries
979 1755 256 40 Aussedat.
1297 1756 42 39 No
1387 1754 100 42 30.”

176 1811 1587 50 Vol. II has imprint : Nemours, Imprimerie A. Lesot, 1935.
105 1879 1995 111 © Sept. 28, 1935; 1c. each May 14, 1936; A- Foreign 32153; L. Clément-Carpeaux, Paris. (36-18663)
103 2043 226 65 Collier,
358 2043 252 55 William
639 2043 210 64 Miller,
882 2045 171 54 1867-

301 2131 1796 71 … Bankruptcy act (United States Code, title 11) as
105 2212 273 54 amended
410 2216 58 48 to
498 2212 150 54 June
683 2217 46 63 5,
764 2215 151 65 1936,
946 2211 308 55 annotated
1285 2210 140 54 with
1456 2229 149 36 cross
1637 2210 313 55 references
1986 2210 111 54 and

103 2296 173 62 notes,
308 2291 258 68 together
595 2290 140 53 with
764 2290 237 55 General
1038 2291 192 52 orders
1259 2291 58 52 in
1345 2290 361 69 bankruptcy
1735 2291 112 52 and
1878 2289 217 57 Official

105 2367 178 55 forms
323 2371 60 51 in
424 2369 378 68 bankruptcy,
843 2369 246 67 adopted
1130 2369 77 68 by
1242 2368 95 53 the
1382 2368 275 68 Supreme
1697 2374 161 48 court
1897 2370 64 53 of
2001 2370 96 53 the

106 2447 213 53 United
366 2446 206 68 States,
613 2466 59 33 as
716 2447 275 53 amended
1031 2454 58 47 to
1135 2448 130 52 date
1308 2446 139 53 with
1492 2448 362 54 annotations
1898 2453 58 48 to
2001 2448 96 54 the

103 2523 242 55 General
388 2525 193 53 orders
624 2526 112 52 and
780 2524 218 55 Official
1042 2525 196 55 forms.
1318 2527 134 50 1936
1494 2525 84 53 ed.;
1655 2526 260 54 indexed.
105 2527 1967 143 Albany,
299 2603 69 53 N.
402 2603 89 66 Y.,
522 2603 79 53 M.
631 2604 225 52 Bender
887 2606 45 49 &
962 2621 297 51 company,
1290 2603 420 69 incorporated,
1741 2607 151 50 1936.

173 2689 547 49 1 p. l., 397 p. 25cm.
173 2760 63 40 At
262 2761 123 39 head
413 2760 51 41 of
494 2759 107 41 title
619 2771 9 29 :
660 2760 178 41 Collier
865 2761 247 48 pamphlet
1139 2761 198 42 edition.

175 2816 302 40 “Twentieth
504 2815 259 50 printing.”

176 2871 367 50 “Comparative
579 2874 131 40 table
745 2873 50 41 of
829 2873 221 47 sections,
1087 2875 316 48 Bankruptcy
1437 2876 80 41 act
1550 2874 53 43 of
1635 2875 116 42 1898
1785 2877 96 40 and
1915 2876 179 43 United

106 2930 162 41 States
292 2930 139 47 Code,
456 2931 108 39 title
588 2930 68 49 11,
682 2930 344 48 Bankruptcy”
1045 2942 9 29 :
1082 2943 42 37 p.
1164 2932 40 49 [2]
1230 2932 51 40 of
1304 2942 154 32 cover.

100 2995 52 53 ©
180 3001 119 46 Aug.
331 3002 69 47 17,
432 3000 115 41 1936;
605 3002 68 40 2c.
705 3002 118 47 Aug.
855 3001 54 41 19;
972 3002 82 42 aff.
1085 3003 120 47 Aug.
1238 3004 56 40 18;
1352 3004 42 39 A
1425 3003 147 41 97426;
1631 3005 236 40 Matthew
1902 3005 193 40 Bender

170 3058 37 39 &
231 3067 81 39 co.,
340 3057 91 42 inc.
495 3058 279 49 (36-18932)

100 3162 232 67 Collins,
359 3164 162 54 Dale.

168 3253 148 53 Race
339 3254 94 52 the
457 3273 120 34 sun.
660 3256 359 66 [Instalment
1045 3262 47 62 5]

177 3339 83 48 (In
289 3336 217 50 Leisure,
537 3337 116 51 July
688 3339 70 49 28,
791 3340 142 49 1936)

99 3390 52 54 ©
204 3405 37 30 1c.
269 3396 127 47 Sept.
421 3396 68 45 23,
516 3396 139 47 1936;
685 3398 39 38 A
750 3398 61 38 ad
837 3398 86 40 int.
949 3398 170 48 21849;
1146 3399 142 48 pubd.
1317 3400 116 47 July
1457 3399 83 48 28;
1569 3401 56 39 D.
1654 3398 196 49 Collins,
1877 3399 213 40 London.

98 3513 160 65 Coté,
281 3513 254 56 William
561 3515 209 59 Loren.

169 3602 318 69 Municipal
515 3612 371 60 government
913 3606 64 53 of
1001 3606 238 70 villages
1267 3609 112 52 and
1405 3606 210 70 village
1640 3607 156 53 hand
1822 3607 146 53 book
1999 3607 93 53 for

99 3680 1991 74 incorporated villages of the state of New York … by William
98 3757 1992 75 L. Coté … Manhasset, N. Y., Village hand book company
0 0 0 0 [c1936]
168 3922 520 50 3 p. l., 196 p. 21cm.
97 3985 52 54 ©
182 3992 115 47 July
328 3993 70 48 25,
432 3993 116 41 1936;
607 3995 67 41 2c.
708 3997 119 47 Aug.
863 3998 52 48 1;
952 3999 81 40 aff.
1069 4000 115 46 July
1218 4000 82 49 30;
1336 4002 40 41 A
1410 4000 168 49 97213;
1616 4000 72 42 W.
1722 4000 50 43 L.
1808 3997 128 50 Coté,
1974 4000 117 39 New

166 4048 143 42 York.
369 4051 253 41 (36-18938)
