2519 4377
1027 4078 97 49 623

75 445 312 63 Trouncer,
411 444 138 53 Mrs.
574 445 325 62 Margaret.

147 533 57 54 A
240 538 295 49 courtesan
572 532 64 54 of
676 532 265 68 paradise;
1005 532 222 66 Louise,
1267 532 268 53 duchesse
1572 532 71 53 de
1677 532 86 53 La
1800 531 270 68 Vallière,

78 631 65 34 or
173 610 178 56 Sister
381 611 205 53 Louise
617 610 65 53 of
713 610 94 53 the
842 609 186 55 Order
1060 609 64 54 of
1155 615 201 48 mount
1390 609 242 67 Carmel,
1664 609 75 67 by
1774 610 297 67 Margaret

79 690 301 52 Trouncer.
455 688 257 67 London,
748 687 186 54 Faber
967 688 111 52 and
1115 687 202 67 Faber,
1353 684 221 56 limited
1635 690 152 64 [1936]

148 775 86 42 288
257 786 43 38 p.
326 773 108 42 incl.
461 774 146 40 front,
735 805 8 17 pl.,
773 774 147 48 ports.
980 772 58 40 22½
1067 774 45 23 cm
1115 802 9 10 .

79 841 1992 53 © 1c. May 4, 1936; A ad int. 21384; pubd. Mar. 12; Margaret Duncan
148 902 256 46 Trouncer,
430 902 208 38 London.
702 899 278 49 (36-11027)

75 1006 200 64 Tügel,
308 1005 262 64 Ludwig,
606 1010 170 49 1889-

152 1137 56 11 ...
245 1093 420 67 Pferdemusik,
699 1111 213 35 roman.
1015 1091 303 69 München,
1350 1093 70 53 A.
1454 1095 252 67 Langen,
1739 1093 67 55 G.
1841 1094 230 69 Müller,

79 1178 148 49 1935.

147 1258 587 51 325, [1] p., 1 1. 19 ½ cm .
78 1327 1994 52 © Oct. 3, 1935; 1c. Mar. 19, 1936; A- Foreign 31041; Albert Langen-
149 1387 156 48 Georg
338 1386 175 40 Müller
546 1387 180 46 verlag,
761 1396 41 37 g.
838 1396 59 28 m.
932 1385 42 39 b.
1010 1385 43 39 h.
1128 1384 279 48 (36-10880)

78 1491 69 54 U.
176 1490 56 54 S.
310 1489 404 54 Constitution.

148 1580 120 53 The
298 1579 107 70 key
434 1585 58 49 to
522 1579 96 54 the
650 1576 390 58 Constitution
1072 1577 63 54 of
1167 1578 95 54 the
1292 1578 216 55 United
1542 1578 203 56 States.
1819 1581 254 68 [Boston,

79 1660 142 52 Pub.
266 1660 74 67 by
382 1658 272 53 Institute
698 1657 63 53 of
805 1657 194 68 public
1042 1657 298 53 education
1384 1658 94 52 for
1520 1658 305 53 American
77 1661 1969 143 constitutionalists,
474 1742 18 22 c
498 1738 151 65 1936]

148 1811 55 40 50
235 1821 44 38 p.
338 1809 128 41 illus.
495 1808 133 49 (incl.
662 1810 174 48 ports.)
903 1807 147 43 20½cm.

148 1866 258 41 Foreword
438 1866 166 49 signed;
667 1866 202 41 Francis
902 1864 119 49 Clay
1052 1865 198 49 Harley.

80 1935 53 53 ©
171 1940 121 38 Mar.
330 1939 68 46 17,
438 1937 116 41 1936;
617 1937 68 41 2c.
726 1939 120 38 Mar.
887 1937 80 47 19;
1010 1937 81 40 aff.
1132 1938 119 39 Mar.
1293 1939 81 41 26;
1416 1939 40 38 A
1496 1939 170 47 92636;
1711 1939 201 41 Francis
1953 1942 83 39 Clay

149 1996 198 46 Harley,
384 1996 196 39 Boston.
655 1994 280 48 (36-10434)

84 2099 214 66 [Ward,
324 2098 232 54 Arthur
581 2097 296 67 Sarsfield]
911 2104 166 49 1883-

150 2186 299 55 President
493 2187 87 52 Fu
621 2187 270 66 Manchu,
932 2187 75 67 by
1050 2185 116 55 Sax
1209 2186 249 54 Rohmer

1526 2190 211 65 [pseud.]
1791 2232 56 10 ...
81 2190 1965 129 Garden
221 2264 152 69 City,
403 2265 69 53 N.
507 2265 88 67 Y.,
626 2264 142 53 Pub.
801 2265 94 52 for
923 2265 96 52 the
1051 2263 190 56 Crime
1273 2264 144 69 club,
1451 2266 125 67 inc.,
1607 2267 74 67 by
1714 2268 358 68 Doubleday,

80 2344 198 52 Doran
310 2344 45 49 &
387 2361 96 48 co.,
516 2342 124 64 inc.,
676 2343 147 51 1936.

148 2411 883 50 3 p. l., v-vi p., 1 l., 342 p. 20 cm .
153 2469 293 42 “Serialized
481 2470 153 38 under
672 2469 80 40 the
789 2469 120 47 title,
947 2469 101 40 The
1084 2468 224 42 invisible
1344 2470 288 48 president.”

151 2526 161 39 “First
349 2523 225 41 edition.”

81 2595 53 53 ©
164 2601 113 46 May
308 2598 68 48 22,
411 2597 112 41 1936;
585 2598 65 40 2c.
684 2598 95 39 and
812 2596 81 41 aff.
928 2598 113 47 May
1072 2598 54 40 23;
1189 2599 40 38 A
1261 2598 143 41 94548;
1471 2600 96 40 Sax
1601 2601 224 48 Rohmer,
1861 2603 212 40 London.

162 2654 277 50 (36-10492)

81 2757 287 66 Webster,
396 2757 252 53 Edward
674 2756 241 64 Harlan,
945 2757 170 54 1876-

149 2844 163 55 Good
367 2844 244 70 English
668 2844 249 69 through
972 2844 250 68 practice
1283 2887 55 9 ...
1401 2844 75 71 by
1533 2845 254 57 Edward
1843 2849 229 55 Harlan

79 2924 257 53 Webster
385 2966 55 10 ...
493 2923 139 52 with
678 2923 94 52 the
820 2923 362 67 cooperation
1229 2922 64 54 of
1339 2924 156 54 John
1544 2925 67 53 E.
1658 2926 299 56 Warriner
2011 2973 55 10 ...

83 3001 1842 71 Yonkers on Hudson, N. Y., World book company [ c 1936]
147 3076 27 40 3
236 3107 8 8 v.
307 3076 56 40 19½cm.

84 3145 53 53 ©
167 3150 120 39 Mar.
320 3149 68 46 17,
420 3148 140 45 1936;
594 3147 69 40 2c.
695 3148 118 39 each
843 3147 113 47 Apr.
989 3147 52 46 3;
1076 3147 106 39 affs.
1216 3147 115 47 Apr.
1363 3147 53 47 2;
1449 3148 43 40 A
1522 3148 320 43 93510-93512;
1908 3154 167 41 World

154 3206 120 39 book
312 3216 66 30 co.
453 3203 279 48 (36-10477)

83 3307 227 63 Weeks,
336 3308 173 62 Mary
533 3305 220 62 Elvira,
782 3310 169 50 1892-

152 3397 120 51 The
302 3396 292 67 discovery
624 3394 64 53 of
717 3395 98 52 the
843 3393 264 54 elements
1144 3437 56 9 ...
1235 3395 74 69 by
1339 3396 170 68 Mary
1540 3397 202 54 Elvira
1774 3400 203 55 Weeks
2014 3446 54 11 ...

87 3475 372 53 illustrations
492 3473 267 53 collected
789 3473 74 68 by
895 3473 66 51 F.
994 3474 66 51 B.
1093 3472 182 54 Dains
1312 3517 56 10 ...
1440 3475 71 52 3d
1544 3477 83 52 ed.
1658 3496 112 35 rev.
1840 3480 235 70 Easton,

86 3556 117 64 Pa.,
229 3554 170 51 Mack
426 3553 265 68 printing
717 3570 97 49 co.,
844 3555 149 49 1935.

155 3628 67 47 iii,
251 3628 83 40 371
365 3638 43 37 p.
466 3626 125 40 illus.
621 3626 133 48 (incl.
781 3625 174 49 ports.)
993 3625 180 49 diagrs.
1229 3626 56 41 23½
1318 3630 44 21 cm
1367 3660 9 9 .

157 3682 268 43 “Collected
455 3682 214 48 reprints
696 3682 52 41 of
774 3693 27 29 a
831 3681 154 42 series
1010 3682 53 40 of
1088 3682 198 42 articles
1314 3683 254 49 published
1597 3686 50 40 in
1678 3688 80 40 the
1787 3690 206 42 Journal
2022 3694 55 40 of

78 3740 229 41 chemical
342 3738 298 41 education.”

153 3797 161 39 “First
343 3794 252 50 published
628 3795 50 39 in
712 3796 127 46 May,
869 3792 157 43 1933.”

154 3852 305 40 “Literature
489 3851 153 40 cited”
673 3853 52 38 at
754 3852 94 39 end
876 3851 53 40 of
958 3851 121 40 each
1109 3851 214 49 chapter.

87 3917 53 52 ©
167 3922 111 38 Dec.
308 3921 68 45 16,
405 3919 139 46 1935;
577 3919 67 40 2c.
676 3915 100 44 and
800 3918 81 41 aff.
910 3919 115 48 Apr.
1055 3920 70 46 25,
1154 3918 141 49 1936;
1328 3922 40 38 A
1397 3921 169 49 93781;
1602 3925 204 42 Journal
1839 3930 50 39 of
156 3932 1899 85 chemical
275 3976 268 47 education,
573 3977 196 44 Easton,
799 3976 82 39 Pa.
947 3974 278 51 (36-16448)
