2519 4377
1022 4119 97 49 251

84 475 210 64 Burns,
322 478 136 51 Mrs.
488 474 240 53 Eveline
756 474 192 53 Mabel
978 473 427 65 (Richardson)
1444 480 171 50 1900-

153 565 243 53 Toward
432 565 172 52 social
640 564 275 67 security;
956 583 72 33 an
1064 563 367 68 explanation
1467 564 63 52 of
1565 565 95 52 the
1698 563 186 57 Social
83 582 1961 129 security
226 648 89 48 act
342 644 111 53 and

483 662 30 34 a
539 660 204 50 survey
770 642 64 55 of
859 643 95 52 the
980 644 189 66 larger
1194 642 192 68 issues,
1412 643 77 67 by
1514 643 238 53 Eveline
1777 644 79 51 M.
1887 646 186 49 Burns

144 720 1929 68 … New York, London, Whittlesey house, McGraw-Hill book
82 800 658 67 company, inc. [ c 1936]
151 886 104 48 xiii,
286 884 86 41 269
402 895 42 38 p.
504 884 54 39 21
563 886 42 22 cm
612 916 9 9 .

152 956 163 42 “First
343 955 225 43 edition.”

82 1024 53 53 ©
175 1030 119 38 Mar.
335 1028 69 47 16,
472 1028 110 44 1960;
625 1028 68 41 2c.
735 1028 120 39 Mar.
895 1027 80 43 19;
1019 1027 80 40 aff.
1143 1029 120 38 Mar.
1305 1027 80 42 20:
1430 1028 39 38 A
1510 1027 169 47 92371;
1725 1026 350 41 McGraw-Hill

151 1085 122 39 book
296 1096 81 37 co.,
403 1084 88 41 inc.
556 1084 251 48 (36-7322)

78 1187 367 64 Burroughs,
472 1188 201 63 Edgar
699 1186 155 65 Rice,
887 1187 168 55 1875-

152 1276 229 55 Swords
417 1275 64 54 of
511 1276 175 67 Mars,
721 1276 75 68 by
831 1275 199 69 Edgar
1064 1274 137 55 Rice
1238 1275 364 69 Burroughs;
1640 1274 324 55 illustrated
2001 1276 72 68 by

79 1355 56 53 J.
178 1354 172 52 Allen
398 1353 82 55 St.
525 1354 172 53 John.
779 1354 277 64 Tarzana,
1101 1352 195 67 Calif.,
1340 1353 67 52 E.
1453 1353 67 52 R.
1567 1354 355 67 Burroughs,
1966 1354 108 53 inc.

84 1466 12 33 [c
125 1435 133 49 1936
264 1465 11 34 ]

149 1519 86 40 315
265 1530 41 37 p.
364 1519 163 48 front.,
553 1520 170 47 plates.
783 1519 116 40 20cm.

152 1589 162 41 “First
343 1588 225 43 edition.”

80 1658 52 52 ©
161 1662 108 39 Feb.
299 1662 68 46 15,
397 1661 113 40 1936;
567 1661 67 40 2c.
666 1662 95 39 and
790 1661 82 40 aff.
903 1662 121 39 Mar.
1054 1661 81 44 23;
1165 1661 39 39 A
1234 1660 170 47 92414;
1438 1662 166 48 Edgar
1631 1662 115 40 Rice
1776 1662 298 47 Burroughs,

150 1718 89 41 inc.
303 1717 249 50 (36-7261)

80 1822 299 63 Callahan,
405 1822 287 53 Adalbert
717 1821 173 55 John.

149 1913 284 53 Medieval
470 1912 240 54 Francis
746 1912 59 52 in
842 1913 235 53 modern
1114 1912 294 67 America;
1448 1913 98 52 the
1582 1917 157 63 story
1779 1912 63 53 of
1878 1913 196 68 eighty

79 1989 1995 69 years, 1855-1935, by Adalbert Callahan, O. F. M. … with a
81 2068 230 69 preface
353 2069 76 67 by
473 2068 249 54 Michael
767 2066 302 56 Williams.
1162 2069 138 52 New
1348 2068 179 67 York,
1574 2069 123 53 The
1740 2069 334 54 Macmillan

80 2165 294 50 company,
405 2150 149 50 1936.

149 2232 1298 51 xiv p., 2 l., 3-494 p. front. plates, ports. 22 cm .
80 2300 53 53 ©
164 2304 111 41 Feb.
307 2305 67 44 18,
408 2303 139 42 1936;
582 2304 66 40 2c.
680 2306 94 38 and
808 2304 82 41 aff.
925 2304 108 39 Feb.
1069 2303 81 47 19;
1187 2304 41 39 A
1258 2304 170 47 91845;
1467 2304 280 40 Macmillan
1780 2315 67 30 co.

160 2361 249 48 (36-7208)

81 2466 259 63 Cannan,
369 2466 246 63 Joanna,
647 2470 170 50 1898-

149 2554 352 69 Frightened
528 2554 211 69 angels,
761 2553 75 70 by
862 2553 226 54 Joanna
1115 2552 256 55 Cannan.
1430 2553 140 53 New
1595 2553 165 53 York
1784 2553 112 53 and
79 2553 1969 147 London,
235 2632 233 68 Harper
494 2634 45 50 &
562 2631 278 68 brothers,
871 2635 150 49 1936.

149 2703 27 41 3
202 2715 44 38 p.
307 2737 9 17 l.,
344 2705 99 48 241,
474 2706 54 49 [1]
555 2715 43 38 p.
661 2705 54 41 19½cm

150 2761 164 42 “First
343 2762 226 42 edition.”

81 2830 52 53 ©
164 2836 121 39 Mar.
317 2834 67 49 19,
417 2835 140 46 1936;
590 2834 66 41 2c.
692 2836 120 38 Mar.
846 2836 80 41 19;
962 2835 80 40 aff.
1077 2836 120 38 Mar.
1227 2835 81 45 21;
1345 2836 38 38 A
1417 2835 169 44 93310;
1621 2836 192 40 Joanna
1847 2837 228 40 Maxwell

149 2892 498 49 Pullein-Thompson,
677 2892 510 48 Henley-on-Thames,
1220 2892 233 49 England.
1522 2891 250 49 (36-7371)

81 2996 225 63 Caples,
331 2997 173 54 John.

82 3085 1965 147 Advertising for immediate sales, by John Caples … foreword by
391 3166 183 51 Bruce
616 3167 235 50 Barton.
927 3165 138 53 New
1108 3165 162 53 York
1310 3167 111 52 and
1462 3167 257 66 London,
1757 3167 234 67 Harper
2029 3170 45 51 &

80 3242 275 67 brothers,
387 3246 149 50 1936.

153 3314 103 49 xiii,
285 3315 85 41 281
400 3326 44 37 p.
474 3315 109 40 incl.
613 3315 163 46 front.,
808 3315 127 40 illus.
996 3315 55 39 22
1055 3316 43 23 cm
1102 3347 10 8 .

156 3371 161 41 “First
346 3372 225 41 edition.”

82 3438 52 53 ©
167 3444 121 39 Mar.
321 3444 67 43 10,
424 3444 139 41 1936;
600 3444 67 40 2c.
704 3446 120 39 Mar.
860 3445 80 45 11;
977 3444 82 41 aff.
1095 3446 120 39 Mar.
1251 3445 81 41 12:
1370 3446 41 38 A
1444 3444 170 47 93122;
1650 3446 195 48 Harper
1878 3446 37 39 &
1947 3446 127 39 bros.

161 3499 248 49 (36-7323)

84 3604 259 64 Chidley,
371 3607 253 52 Howard
651 3606 220 64 James,
902 3609 171 54 1878-

153 3696 122 51 The
304 3695 148 54 feast
479 3696 64 53 of
569 3697 186 67 quails
784 3698 110 52 and
927 3698 162 52 other
1118 3716 266 35 sermons,
1412 3698 73 66 by
1517 3698 256 52 Howard
1807 3698 55 53 J.
84 3697 1964 142 Chidley;

235 3774 137 52 with
405 3793 70 33 an
508 3774 385 53 introduction
926 3776 75 66 by
1037 3775 54 55 S.
1126 3775 214 54 Parkes
1373 3775 273 55 Cadman.
1721 3775 138 53 New
1895 3775 179 66 York,

83 3849 238 54 London
378 3857 98 47 [etc.]
535 3852 267 68 Fleming
834 3853 77 52 H.
947 3853 197 52 Revell
1179 3872 279 48 company
1499 3886 11 33 [
1516 3859 17 22 c
1539 3856 150 64 1936]

154 3923 84 39 122
266 3934 41 38 p.
367 3924 55 40 19½
453 3927 43 21 cm
500 3956 9 7 .

85 3987 52 53 ©
167 3993 109 40 Feb.
307 3995 68 47 21,
404 3995 112 40 1936;
578 3996 65 39 2c.
679 3998 95 38 and
805 3997 82 40 aff.
920 3998 109 39 Feb.
1062 3996 82 48 26;
1180 3999 40 37 A
1252 3997 170 45 90982;
1460 3996 220 49 Fleming
1711 3998 60 40 H.
1805 3997 165 40 Revell
2006 4008 68 29 co.

163 4049 247 50 (36-7206)
