2519 4377
1067 4120 97 46 1909

111 455 208 52 Alfred
375 455 251 53 Edward
680 456 324 62 Housman,
1056 458 67 51 26
1172 455 202 53 March
1427 456 251 51 1859:30
1728 451 174 70 April
1955 456 151 51 1936.

179 532 382 68 Bromsgrove
593 531 209 68 school,
838 531 325 53 1870-1877.
1242 528 508 69 [Worcestershire,
1787 529 121 53 The
1945 528 163 53 Book

178 609 160 68 shop,
370 610 380 67 Bromsgrove
781 609 207 67 school,
1021 611 150 64 1936]

181 680 68 49 65,
283 682 54 50 [1]
367 692 43 37 p.
439 683 107 41 incl.
575 681 172 48 plates,
774 685 149 44 ports.
982 681 56 40 25
1042 684 44 21 cm
1090 712 8 9 .

181 738 145 41 “This
360 737 182 41 edition
577 738 41 39 is
652 737 188 41 limited
874 741 48 38 to
957 741 94 37 two
1086 738 220 40 hundred
1342 738 95 39 and
1474 736 110 49 fifty
1620 735 172 49 copies,
1831 735 159 41 which
2025 747 82 30 are

108 796 85 37 not
219 794 76 38 for
322 793 143 41 sale.”

461 852 306 45 CONTENTS.—Boyhood,
797 852 59 46 by
887 851 275 41 Katharine
1194 854 48 38 E.
1276 853 420 44 Symons.—Some
1727 850 382 50 reminiscences,

112 909 59 46 by
203 910 81 38 Dr.
321 911 52 37 A.
405 910 68 39 W.
508 907 597 49 Pollard.—“Shropshire
1140 908 106 39 lad”
1279 908 274 46 year—and
1589 908 143 48 after,
1767 908 60 46 by
1862 910 250 37 Laurence

111 966 367 40 Housman.—A
511 965 195 40 London
738 965 212 45 memoir,
983 965 59 48 by
1075 965 254 40 Professor
1361 966 52 38 R.
1445 966 71 41 AV.
1549 964 560 50 Chambers.—Scholar,

111 1023 59 47 by
199 1023 123 39 Alan
354 1023 481 45 Ker.—Cambridge,
865 1022 59 47 by
955 1024 52 38 A.
1041 1024 49 39 F.
1124 1024 42 39 S.
1200 1023 323 47 Cow.—Poet,
1554 1022 62 47 by
1648 1022 127 40 John
1810 1024 302 46 Sparrow.—

113 1080 236 39 Farewell
376 1084 47 34 to
449 1081 53 39 A.
530 1081 52 39 E.
610 1081 76 41 H.,
713 1080 59 46 by
843 1112 8 8 N.
882 1081 53 39 V.
1014 1111 8 7 H.
1055 1080 215 46 Symons.

111 1132 1999 54 © 1c. Dec. 22, 1936; A ad int. 22250; pubd. Oct. 26; David John
178 1194 225 40 Walters.
430 1194 332 44 Bromsgrove.
784 1193 422 42 Worcestershire,
1233 1192 236 46 England.
1533 1191 251 48 (37-1043)

108 1297 314 53 American
478 1297 244 53 medical
774 1296 375 54 association.
1242 1297 374 67 Cooperative
1669 1299 317 52 committee
2040 1315 73 33 on

179 1377 297 62 fractures.

180 1453 333 52 Illustrated
559 1453 209 66 primer
806 1472 69 32 on
918 1453 299 62 fractures,
1255 1453 280 67 prepared
1576 1453 74 67 by
1690 1453 94 52 the

110 1452 1974 132 Cooperative
273 1531 314 52 committee
637 1550 70 32 on
761 1531 298 57 fractures,
1111 1532 177 51 under
1338 1530 252 68 auspices
1643 1530 63 52 of
1759 1529 226 56 Section
2037 1550 73 33 on

108 1628 254 48 surgery,
408 1610 227 66 general
686 1610 106 52 and
845 1608 323 55 abdominal
1219 1612 109 51 and
1381 1608 225 56 Section
1655 1628 70 34 on
1775 1609 336 68 orthopedic

108 1706 254 48 surgery,
401 1689 54 50 in
493 1690 361 65 cooperation
895 1686 136 54 with
1071 1689 375 66 Department
1485 1687 62 53 of
1583 1687 270 54 scientific
1891 1688 220 53 exhibit

108 1766 63 52 of
200 1767 93 51 the
321 1767 300 52 American
654 1766 239 52 medical
922 1766 351 52 association.
1340 1767 69 51 3d
1439 1767 85 52 ed.
1589 1767 268 67 Chicago,
108 1767 1973 129 American
238 1844 237 53 medical
505 1844 354 65 association,
889 1848 148 49 1933.

180 1916 68 44 67,
281 1917 54 49 [1]
365 1927 41 37 p.
491 1916 127 39 illus.
678 1916 56 39 30
737 1919 46 21 cm
787 1950 8 7 .

184 1974 254 39 Alternate
471 1984 146 37 pages
651 1973 150 39 blank
837 1973 76 39 for
954 1972 218 41 “Notes”.

181 2031 161 39 “First
380 2030 195 42 edition.
619 2030 292 48 September,
951 2029 140 48 1930;
1132 2031 173 38 second
1345 2030 197 44 edition,
1583 2031 128 47 July,
1752 2029 140 48 1931;
1935 2031 177 40 second

109 2086 180 41 edition
322 2087 196 48 (second
538 2086 244 49 printing)
814 2087 281 47 November,
1120 2086 106 40 1931:
1286 2087 131 39 third
1442 2087 197 47 edition,
1664 2088 184 48 March,
1875 2085 157 43 1933.”

110 2140 1862 54 © Oct. 13, 1936; 2c. and aff. Oct. 26; A 99959; Amer. medical assn.
191 2200 280 49 (33-11475)

108 2293 240 64 Berger,
379 2293 250 63 Arthur,
665 2294 169 54 1871-

242 2367 1868 68 … Im zauberbann des Kilimandscharo; mit bildern von
111 2447 146 54 Karl
310 2447 269 68 Wagner.
669 2447 217 64 Berlin,
936 2446 370 69 Meidinger’s
1359 2446 498 69 jugendschriften
1914 2447 197 68 verlag

109 2525 391 68 g. m. b. h. [ c 1935]
181 2598 98 48 219,
309 2599 54 49 [1]
390 2609 42 38 p.
487 2600 86 38 col.
600 2599 228 40 mounted
854 2598 163 47 front.,
1044 2598 142 47 illus.,
1214 2598 87 40 col.
1327 2599 228 39 mounted
1582 2599 170 47 plates,
1780 2608 126 38 map.
1960 2596 57 41 23½
2050 2601 44 21 cm
2098 2631 9 9 .

182 2655 140 40 “1.-5.
350 2654 250 41 tausend.”

110 2706 2001 54 © Sept. 1, 1935; 1c. Mar. 19, 1936; A-Foreign 31002; Meidinger’s
183 2767 421 46 jugendschriften
637 2768 179 44 verlag,
849 2778 41 35 g.
924 2777 59 30 m.
1017 2768 40 38 b.
1092 2767 44 40 h.
1207 2767 252 46 (37-1155)

109 2856 227 65 Bidpaï.

181 2934 193 53 Ivalila
408 2946 49 42 et
492 2937 230 51 Dimna.
753 2941 190 48 contes
973 2942 52 46 et
1058 2938 306 65 apologues
1396 2937 67 52 de
1496 2936 234 68 Bidpai.
1763 2938 248 50 traduits
2042 2937 69 52 de

112 3012 204 54 Tarabe
355 3032 105 48 par
499 3016 62 50 P.
604 3013 210 63 Quilici
858 3016 135 52 Bev.
1071 3014 182 66 Paris,
1349 3014 212 53 Éditions
1599 3013 96 54 des
1735 3014 216 53 cahiers
1992 3016 118 66 gris

138 3094 148 63 [1936]

184 3162 772 50 5 p. l., [13]-299 p., 1 l. 19 cm .
111 3223 2000 53 © Feb. 25, 1936; 1c. Apr. 18; A-Foreign 31375; Editions des cahiers
181 3283 112 45 gris.

112 3374 214 64 Brand,
357 3376 155 53 Max.

183 3452 118 52 The
340 3452 159 66 King
544 3452 137 52 Bird
724 3452 165 55 rides,
929 3454 71 50 hv
1041 3455 137 50 Max
1220 3454 211 52 Brand.
1526 3454 138 52 New
1704 3453 177 55 York.
1920 3454 189 65 Dodd,

117 3529 162 53 Mead
309 3533 43 50 &
381 3549 297 46 company,
709 3534 147 49 1936.

184 3588 498 62 vi p., 1 l., 302 p. 19½cm.
114 3653 52 53 ©
190 3659 124 39 June
337 3658 69 41 30.
432 3658 139 42 1936;
597 3660 67 38 2c.
690 3660 115 46 July
830 3660 52 42 3;
911 3660 80 39 aff.
1020 3660 114 46 July
1157 3660 53 41 2:
1239 3662 37 37 A
1301 3659 170 41 95908:
1504 3660 151 45 Dodd,
1682 3660 140 40 Mead
1849 3661 35 39 &
1909 3672 84 30 co.,
2021 3660 87 40 inc.

194 3714 254 46 (36-14275)

115 3802 336 66 Buckstein,
483 3806 198 62 Jacob,
718 3809 170 49 1890-

117 3882 1993 135 Food. fitness and figure, by Jacob Buckstein … Introduction by Harlow Brooks … New York. Emerson books, inc.,
122 4038 143 49 1936.
