2519 4377
0 0 0 0 1163
91 496 170 64 Burr,
293 496 250 63 Allston,
579 502 170 49 1866-

162 587 93 54 Sir
288 587 219 53 Walter
546 585 176 55 Scott,
759 605 70 33 an
866 585 186 66 index,
1086 584 230 68 placing
1351 585 93 52 the
1481 586 155 52 short
1672 602 189 50 poems
1900 583 54 52 in
1995 584 85 51 his

90 665 191 52 novels
309 664 109 52 and
445 665 59 51 in
530 664 88 52 his
646 664 135 65 long
808 682 191 49 poems
1029 663 108 52 and
1167 663 244 64 dramas,
1441 663 278 67 arranged
1751 662 71 67 by
1853 662 226 51 Allston

92 745 164 50 Burr.
333 741 362 67 Cambridge,
727 742 271 52 Harvard
1033 738 315 70 university
1384 757 171 51 press,
1592 743 147 49 1936.

162 828 61 46 vi,
252 827 85 40 130
367 838 40 37 p.
468 827 54 40 17½
556 829 42 21 cm
604 858 9 9 .

95 896 53 52 ©
187 900 114 46 July
339 900 69 42 30.
478 899 110 41 1936;
630 899 68 40 2c.
739 900 118 45 Aug.
896 898 83 40 26:
1023 898 79 38 aff.
1143 898 119 47 Aug.
1303 898 53 46 7;
1397 898 41 38 A
1477 896 171 46 98127;
1691 896 255 40 President
1987 897 95 38 and

159 956 187 41 fellows
378 956 50 39 of
458 956 228 41 Harvard
716 955 191 48 college,
941 953 300 49 Cambridge,
1275 955 146 39 Mass.
1495 952 278 50 (36-18615)

90 1059 211 64 Chiles,
331 1061 205 62 Henry
563 1059 161 64 Clay,
755 1065 169 49 1886-

163 1150 171 51 From
361 1149 194 52 mouth
584 1156 57 46 to
669 1148 245 66 ear; the
939 1147 312 68 genealogy
1277 1146 63 54 of
1366 1165 104 33 our
1494 1144 271 55 Missouri
1791 1145 193 58 ritual,
2007 1146 76 68 by

93 1223 1991 71 Henry C. Chiles … [Fulton, Mo.] The Grand lodge,
91 1305 68 52 A.
189 1305 64 51 F.
282 1307 44 49 &
352 1304 69 54 A.
450 1305 79 52 M.
558 1303 63 53 of
647 1304 289 64 Missouri,
967 1306 149 49 1936.

162 1391 72 50 70.
250 1402 42 37 p.
356 1392 55 39 23½cm.

164 1461 66 38 “A
262 1462 145 45 study
436 1462 236 46 prepared
703 1461 77 39 for
812 1461 81 40 the
925 1460 217 41 Masonic
1174 1460 223 40 research
1426 1460 183 40 council
1645 1460 52 40 of
1726 1459 229 42 Missouri
1987 1462 94 39 and

93 1519 249 46 presented
375 1520 52 37 at
458 1517 63 40 its
556 1519 180 38 annual
768 1517 222 47 meeting.
1025 1517 141 40 Saint
1197 1517 193 48 Joseph,
1424 1517 243 42 Missouri.
1703 1517 278 49 September
2013 1519 69 46 23,

92 1573 157 42 1935.”

93 1641 52 52 ©
172 1646 113 46 Apr.
314 1645 66 47 10,
408 1646 139 39 1936:
576 1645 67 39 2c.
673 1645 94 39 and
794 1645 82 40 aff.
903 1646 113 46 Apr.
1044 1644 83 42 20:
1156 1646 40 38 A
1223 1644 170 48 94066;
1423 1646 61 40 H.
1514 1645 49 42 C.
1592 1645 175 51 Chiles,
1798 1646 284 49 Lexington,

162 1703 91 39 Mo.
321 1702 278 47 (36-18672)

89 1805 338 53 Commerce
454 1805 260 63 clearing
740 1805 201 54 house.

160 1895 274 52 Effective
467 1895 367 67 registration
865 1900 327 47 statements
1223 1895 180 52 under
1432 1896 96 51 the
1563 1895 303 56 Securities
1899 1902 88 46 act
2020 1896 62 53 of

91 1975 160 62 1933;
292 1991 27 33 a
358 1973 320 52 tabulation
717 1973 62 52 of
817 1972 367 68 registration
1222 1978 327 47 statements
1588 1973 186 53 which
1810 1974 143 52 have
89 1974 1970 129 become

280 2050 252 52 effective
572 2051 181 51 under
792 2051 96 52 the
931 2050 303 55 Securities
1276 2057 90 46 act
1405 2050 62 53 of
1512 2054 151 64 1933,
1702 2052 154 51 from
87 2057 1969 123 enactment
266 2134 57 46 to
350 2130 260 64 January

637 2132 46 52 1,
712 2132 147 49 1936.
935 2131 55 50 A
1015 2129 357 66 supplement
1398 2136 57 45 to
1482 2130 95 51 the
1606 2130 161 54 CCH
1793 2130 289 53 securities

87 2205 1996 71 law services. Chicago. New York [etc.] Commerce clearing
88 2285 188 53 house,
324 2285 87 51 inc.,
493 2287 175 50 Loose
712 2285 119 52 leaf
877 2285 208 51 service
1132 2284 245 53 division
1424 2285 62 52 of
1532 2286 120 52 The
1702 2286 380 68 Corporation

86 2367 147 47 trust
268 2381 278 47 company
583 2396 12 33 [
601 2369 17 20 c
625 2366 151 63 1936]

159 2448 57 39 55
243 2457 44 38 p.
348 2447 53 40 23
406 2450 42 20 cm
455 2479 7 8 .

91 2515 53 52 ©
168 2520 120 38 Mar.
313 2518 70 47 25,
407 2518 139 46 1936;
573 2518 67 38 2c.
667 2518 96 38 and
787 2518 82 40 aff.
894 2519 113 46 Apr.
1031 2519 54 45 4;
1114 2518 43 39 A
1180 2517 170 43 92750;
1377 2518 274 41 Commerce
1676 2518 217 48 clearing
1916 2519 165 48 house,

160 2575 89 40 inc.

90 2678 321 63 Cresswell,
437 2678 154 53 John
616 2677 306 64 Reginald.

161 2767 50 51 A
248 2767 172 68 study
456 2767 61 53 of
553 2765 213 54 certain
800 2766 206 69 logical
1042 2766 335 69 procedures
1515 2800 13 34 [by]
1568 2767 57 54 J.
1660 2767 69 52 R.
1767 2766 313 56 Cresswell.

94 2844 434 70 [Morgantown,
564 2846 87 51 W.
693 2845 104 52 Va.]
860 2846 379 68 Department
1276 2845 62 53 of
1376 2844 347 70 philosophy
1761 2845 112 52 and
90 2845 1968 146 phsychology
355 2924 55 65 [!]
445 2924 159 53 West
632 2923 270 68 Virginia
930 2923 316 68 university
1281 2957 12 34 [
1299 2930 17 21 c
1320 2928 152 63 1936]

156 2995 57 41 37
245 3008 43 36 p.
348 2995 55 40 23
407 2998 44 21 cm
455 3028 9 7 .

159 3052 412 49 Bibliographical
599 3053 276 41 foot-notes.

93 3119 53 53 ©
185 3125 117 46 Aug.
342 3125 39 46 3,
421 3123 139 41 1936:
603 3125 66 38 2c.
707 3126 120 39 Aug.
866 3126 51 39 8:
960 3122 83 42 aff.
1084 3125 119 46 Aug.
1242 3125 53 40 4;
1337 3126 40 37 A
1416 3124 171 47 96826;
1630 3125 43 41 J.
1714 3125 56 41 R.
1811 3125 271 48 Cresswell,

162 3182 348 46 Morgantown,
535 3183 70 38 W.
630 3182 87 39 Va.
780 3180 279 49 (36-18693)

89 3284 320 64 Dalgliesh,
439 3285 180 64 Alice,
650 3291 172 49 1893-

160 3375 118 52 The
321 3374 215 55 Smiths
575 3377 112 52 and
726 3376 201 65 Rusty,
965 3376 74 66 by
1074 3375 164 53 Alice
1273 3374 328 68 Dalgliesh;
1643 3374 325 55 illustrated
2007 3376 75 66 by

93 3454 171 50 Berta
319 3453 111 51 and
484 3453 195 51 Elmer
730 3453 215 52 Hader.
1021 3453 139 52 Rew
1213 3452 179 67 York,
1445 3452 61 55 C.
1561 3452 311 56 Scribner’s
1924 3470 153 45 sons;

92 3530 251 53 London,
369 3530 60 56 C.
459 3529 309 56 Scribner’s
794 3548 143 48 sons,
960 3529 123 68 ltd.,
1110 3533 149 53 1936.

161 3614 1210 49 5 p. l., 138 p. inch front., illus., plates. 21 cm .
91 3680 53 52 ©
172 3686 117 43 Aug.
320 3685 67 39 15.
419 3683 139 41 1936:
589 3684 67 40 2c.
688 3686 118 46 Aug.
835 3685 82 40 28:
950 3686 83 39 aff.
1066 3685 127 47 Sept.
1224 3687 51 44 1;
1310 3686 41 38 A
1381 3684 169 47 98210;
1582 3684 202 41 Charles
1818 3683 265 41 Scribner's

161 3750 124 30 sons.
352 3740 278 48 (36-18756)

90 3841 211 64 Diesel,
329 3844 223 63 Eugen,
583 3849 171 49 1889-

158 3928 224 70 Ringen
427 3949 95 33 um
569 3932 252 67 Europa,
864 3950 111 34 von
1023 3933 202 67 Eugen
1269 3932 207 53 Diesel.
1561 3928 258 72 Leipzig,
88 3928 1969 145 Bibliographisches
479 4008 230 53 institut
739 4028 87 49 ag.
864 4043 13 34 [
882 4016 17 21 c
905 4013 151 63 1935]

162 4078 54 41 91
242 4090 43 38 p.
344 4080 55 40 23½
434 4083 43 22 cm
481 4111 9 9 .
