<alto xmlns="http://www.loc.gov/standards/alto/ns-v3#" xmlns:xsi="http://www.w3.org/2001/XMLSchema-instance" xsi:schemaLocation="http://www.loc.gov/standards/alto/ns-v3# http://www.loc.gov/alto/v3/alto-3-0.xsd"><Description>
<MeasurementUnit>pixel</MeasurementUnit>
<sourceImageInformation>
<fileName>1936_v33_Part1.pdf</fileName>
</sourceImageInformation>
<OCRProcessing ID="IdOcr">
<ocrProcessingStep>
<processingDateTime>2019-01-18</processingDateTime>
<processingSoftware>
<softwareCreator>ABBYY</softwareCreator>
<softwareName>ABBYY Recognition Server</softwareName>
<softwareVersion>4.0</softwareVersion>
</processingSoftware>
</ocrProcessingStep>
</OCRProcessing>
</Description>
<Styles>
<ParagraphStyle ALIGN="Left" FIRSTLINE="0." ID="StyleId-FFFFFFFF-FFFF-FFFF-FFFF-FFFFFFFFFFFF-" LEFT="0." RIGHT="0." />
<ParagraphStyle ALIGN="Left" FIRSTLINE="0." ID="StyleId-51D50FAC-7A90-4D70-8A96-5EA9D46D1C8B-" LEFT="0." LINESPACE="7.699999809" RIGHT="0." />
<ParagraphStyle ALIGN="Block" FIRSTLINE="-17." ID="StyleId-6BC133E9-7DCB-43C3-8842-A67984A26405-" LEFT="0." LINESPACE="8.340000153" RIGHT="0." />
<ParagraphStyle ALIGN="Left" FIRSTLINE="-13." ID="StyleId-3C3FF860-43E7-46A2-8934-48F305F6F0D6-" LEFT="0." LINESPACE="11.06999969" RIGHT="0." />
<ParagraphStyle ALIGN="Block" FIRSTLINE="-13." ID="StyleId-19220C76-4F8A-4737-B38C-B5F5C17E6040-" LEFT="0." LINESPACE="11.06999969" RIGHT="0." />
<ParagraphStyle ALIGN="Left" FIRSTLINE="0." ID="StyleId-75A0D721-13ED-4F20-9002-B389EC48477D-" LEFT="0." LINESPACE="15.5" RIGHT="0." />
<ParagraphStyle ALIGN="Left" FIRSTLINE="0." ID="StyleId-8A414184-C7A5-4AC7-9B88-7DA4DDE75922-" LEFT="0." LINESPACE="9.399999619" RIGHT="0." />
<ParagraphStyle ALIGN="Left" FIRSTLINE="0." ID="StyleId-1A87970B-111C-4169-99A6-9412976F3C97-" LEFT="0." LINESPACE="10.5" RIGHT="0." />
<ParagraphStyle ALIGN="Block" FIRSTLINE="-17." ID="StyleId-72DB0571-5AE4-41FD-9E11-68C6AC4C437E-" LEFT="0." LINESPACE="8.340000153" RIGHT="0." />
<ParagraphStyle ALIGN="Center" FIRSTLINE="0." ID="StyleId-1AA43056-C388-4697-B10F-72FDAA38FAE1-" LEFT="0." LINESPACE="10.5" RIGHT="0." />
</Styles>
<Layout>
<Page HEIGHT="4377" ID="Page297" PHYSICAL_IMG_NR="297" WIDTH="2519">
<TopMargin HEIGHT="440" HPOS="0" VPOS="0" WIDTH="2519">
</TopMargin>
<LeftMargin HEIGHT="3620" HPOS="0" VPOS="440" WIDTH="50">
</LeftMargin>
<RightMargin HEIGHT="3620" HPOS="2105" VPOS="440" WIDTH="414">
</RightMargin>
<BottomMargin HEIGHT="317" HPOS="0" VPOS="4060" WIDTH="2519">
<TextBlock CS="1" HEIGHT="124" HPOS="911" ID="Page297_Block1" LANG="en-US" STYLEREFS="StyleId-A8894B29-CFB1-4348-9202-42D5270F60D4-" VPOS="4104" WIDTH="469">
<TextLine CS="1" HEIGHT="43" HPOS="1011" VPOS="4104" WIDTH="99">
<String CONTENT="297" CS="1" HEIGHT="43" HPOS="1011" VPOS="4104" WIDTH="99" />
</TextLine>
</TextBlock>
</BottomMargin>
<PrintSpace HEIGHT="3620" HPOS="50" VPOS="440" WIDTH="2055">
<TextBlock CS="1" HEIGHT="3620" HPOS="50" ID="Page297_Block2" LANG="en-US" STYLEREFS="StyleId-2D29CFCE-9F1B-4629-8280-AE9827E8B2D3-" VPOS="440" WIDTH="2055">
<TextLine HEIGHT="73" HPOS="62" VPOS="450" WIDTH="1993">
<String CONTENT="American" HEIGHT="55" HPOS="62" VPOS="455" WIDTH="313" />
<SP HEIGHT="51" HPOS="376" VPOS="458" WIDTH="29" />
<String CONTENT="law" HEIGHT="51" HPOS="406" VPOS="458" WIDTH="109" />
<SP HEIGHT="33" HPOS="516" VPOS="475" WIDTH="29" />
<String CONTENT="reports" HEIGHT="62" HPOS="546" VPOS="461" WIDTH="221" />
<SP HEIGHT="34" HPOS="768" VPOS="474" WIDTH="31" />
<String CONTENT="annotated." HEIGHT="52" HPOS="800" VPOS="454" WIDTH="321" />
<SP HEIGHT="51" HPOS="1122" VPOS="454" WIDTH="69" />
<String CONTENT="Editor" HEIGHT="53" HPOS="1192" VPOS="452" WIDTH="207" />
<SP HEIGHT="52" HPOS="1400" VPOS="453" WIDTH="30" />
<String CONTENT="in" HEIGHT="52" HPOS="1431" VPOS="453" WIDTH="59" />
<SP HEIGHT="34" HPOS="1491" VPOS="470" WIDTH="30" />
<String CONTENT="chief," HEIGHT="67" HPOS="1522" VPOS="450" WIDTH="171" />
<SP HEIGHT="67" HPOS="1694" VPOS="450" WIDTH="30" />
<String CONTENT="George" HEIGHT="67" HPOS="1725" VPOS="450" WIDTH="222" />
<SP HEIGHT="51" HPOS="1948" VPOS="451" WIDTH="30" />
<String CONTENT="H." HEIGHT="51" HPOS="1979" VPOS="451" WIDTH="76" />
</TextLine>
<TextLine CS="1" HEIGHT="150" HPOS="130" VPOS="529" WIDTH="1901">
<String CONTENT="Parmele;" HEIGHT="65" HPOS="130" VPOS="535" WIDTH="287" />
<SP HEIGHT="47" HPOS="418" VPOS="553" WIDTH="44" />
<String CONTENT="consulting" HEIGHT="66" HPOS="463" VPOS="533" WIDTH="323" />
<SP HEIGHT="48" HPOS="787" VPOS="551" WIDTH="42" />
<String CONTENT="editor," HEIGHT="67" HPOS="830" VPOS="531" WIDTH="200" />
<SP HEIGHT="65" HPOS="1031" VPOS="533" WIDTH="38" />
<String CONTENT="William" HEIGHT="55" HPOS="1070" VPOS="530" WIDTH="260" />
<SP HEIGHT="50" HPOS="1331" VPOS="531" WIDTH="41" />
<String CONTENT="M." HEIGHT="51" HPOS="1373" VPOS="531" WIDTH="77" />
<SP HEIGHT="51" HPOS="1451" VPOS="531" WIDTH="43" />
<String CONTENT="McKinney;" HEIGHT="64" HPOS="1495" VPOS="529" WIDTH="356" />
<SP HEIGHT="46" HPOS="1852" VPOS="547" WIDTH="46" />
<String CONTENT="managing" HEIGHT="133" HPOS="131" VPOS="546" WIDTH="1900" />
</TextLine>
<TextLine HEIGHT="71" HPOS="338" VPOS="606" WIDTH="1720">
<String CONTENT="editors," HEIGHT="66" HPOS="338" VPOS="611" WIDTH="228" />
<SP HEIGHT="65" HPOS="567" VPOS="612" WIDTH="33" />
<String CONTENT="Edwin" HEIGHT="52" HPOS="601" VPOS="611" WIDTH="208" />
<SP HEIGHT="54" HPOS="810" VPOS="609" WIDTH="34" />
<String CONTENT="Stacey" HEIGHT="66" HPOS="845" VPOS="609" WIDTH="201" />
<SP HEIGHT="66" HPOS="1047" VPOS="609" WIDTH="33" />
<String CONTENT="Oakes," HEIGHT="65" HPOS="1081" VPOS="608" WIDTH="204" />
<SP HEIGHT="63" HPOS="1286" VPOS="610" WIDTH="32" />
<String CONTENT="Robert" HEIGHT="53" HPOS="1319" VPOS="608" WIDTH="214" />
<SP HEIGHT="52" HPOS="1534" VPOS="609" WIDTH="32" />
<String CONTENT="E." HEIGHT="51" HPOS="1567" VPOS="609" WIDTH="65" />
<SP HEIGHT="52" HPOS="1633" VPOS="608" WIDTH="33" />
<String CONTENT="Heinselman," HEIGHT="65" HPOS="1667" VPOS="606" WIDTH="391" />
</TextLine>
<TextLine CS="1" HEIGHT="137" HPOS="131" VPOS="684" WIDTH="1894">
<String CONTENT="assisted" HEIGHT="53" HPOS="132" VPOS="690" WIDTH="233" />
<SP HEIGHT="51" HPOS="366" VPOS="690" WIDTH="39" />
<String CONTENT="by" HEIGHT="65" HPOS="406" VPOS="690" WIDTH="73" />
<SP HEIGHT="61" HPOS="480" VPOS="694" WIDTH="39" />
<String CONTENT="the" HEIGHT="52" HPOS="520" VPOS="689" WIDTH="95" />
<SP HEIGHT="33" HPOS="616" VPOS="708" WIDTH="38" />
<String CONTENT="exceptionally" HEIGHT="67" HPOS="655" VPOS="687" WIDTH="417" />
<SP HEIGHT="47" HPOS="1073" VPOS="706" WIDTH="39" />
<String CONTENT="experienced" HEIGHT="67" HPOS="1113" VPOS="685" WIDTH="367" />
<SP HEIGHT="52" HPOS="1481" VPOS="685" WIDTH="40" />
<String CONTENT="editorial" HEIGHT="53" HPOS="1522" VPOS="684" WIDTH="265" />
<SP HEIGHT="50" HPOS="1788" VPOS="686" WIDTH="41" />
<String CONTENT="organizations" HEIGHT="137" HPOS="131" VPOS="684" WIDTH="1894" />
</TextLine>
<TextLine HEIGHT="69" HPOS="388" VPOS="763" WIDTH="1667">
<String CONTENT="of" HEIGHT="52" HPOS="388" VPOS="768" WIDTH="63" />
<SP HEIGHT="51" HPOS="452" VPOS="768" WIDTH="41" />
<String CONTENT="the" HEIGHT="52" HPOS="494" VPOS="767" WIDTH="93" />
<SP HEIGHT="47" HPOS="588" VPOS="785" WIDTH="39" />
<String CONTENT="publishers," HEIGHT="66" HPOS="628" VPOS="766" WIDTH="337" />
<SP HEIGHT="34" HPOS="966" VPOS="783" WIDTH="74" />
<String CONTENT="v." HEIGHT="33" HPOS="1041" VPOS="783" WIDTH="51" />
<SP HEIGHT="48" HPOS="1093" VPOS="768" WIDTH="44" />
<String CONTENT="100." HEIGHT="49" HPOS="1138" VPOS="767" WIDTH="114" />
<SP HEIGHT="51" HPOS="1253" VPOS="765" WIDTH="73" />
<String CONTENT="Rochester," HEIGHT="64" HPOS="1327" VPOS="764" WIDTH="323" />
<SP HEIGHT="64" HPOS="1651" VPOS="764" WIDTH="39" />
<String CONTENT="N." HEIGHT="51" HPOS="1691" LANG="fi" VPOS="764" WIDTH="68" />
<SP HEIGHT="50" HPOS="1760" VPOS="764" WIDTH="44" />
<String CONTENT="Y.," HEIGHT="63" HPOS="1805" VPOS="764" WIDTH="90" />
<SP HEIGHT="63" HPOS="1896" VPOS="764" WIDTH="38" />
<String CONTENT="The" HEIGHT="51" HPOS="1935" VPOS="763" WIDTH="120" />
</TextLine>
<TextLine HEIGHT="71" HPOS="130" VPOS="840" WIDTH="1927">
<String CONTENT="Lawyers" HEIGHT="64" HPOS="130" VPOS="847" WIDTH="266" />
<SP HEIGHT="34" HPOS="397" VPOS="862" WIDTH="38" />
<String CONTENT="co-operative" HEIGHT="67" HPOS="436" VPOS="843" WIDTH="379" />
<SP HEIGHT="47" HPOS="816" VPOS="862" WIDTH="38" />
<String CONTENT="publishing" HEIGHT="67" HPOS="855" VPOS="842" WIDTH="334" />
<SP HEIGHT="48" HPOS="1190" VPOS="860" WIDTH="37" />
<String CONTENT="company;" HEIGHT="49" HPOS="1228" VPOS="859" WIDTH="307" />
<SP HEIGHT="67" HPOS="1536" VPOS="840" WIDTH="44" />
<String CONTENT="San" HEIGHT="55" HPOS="1581" VPOS="840" WIDTH="116" />
<SP HEIGHT="50" HPOS="1698" VPOS="842" WIDTH="37" />
<String CONTENT="Francisco," HEIGHT="66" HPOS="1736" VPOS="840" WIDTH="321" />
</TextLine>
<TextLine HEIGHT="66" HPOS="133" VPOS="922" WIDTH="1315">
<String CONTENT="Calif.," HEIGHT="64" HPOS="133" VPOS="922" WIDTH="191" />
<SP HEIGHT="62" HPOS="325" VPOS="924" WIDTH="30" />
<String CONTENT="Bancroft-Whitney" HEIGHT="66" HPOS="356" VPOS="922" WIDTH="581" />
<SP HEIGHT="49" HPOS="938" VPOS="939" WIDTH="30" />
<String CONTENT="company," HEIGHT="49" HPOS="969" VPOS="938" WIDTH="297" />
<SP HEIGHT="63" HPOS="1267" VPOS="923" WIDTH="31" />
<String CONTENT="1936." HEIGHT="51" HPOS="1299" VPOS="922" WIDTH="149" />
</TextLine>
<TextLine CS="1" HEIGHT="49" HPOS="126" VPOS="995" WIDTH="521">
<String CONTENT="viii," HEIGHT="48" HPOS="126" VPOS="996" WIDTH="99" />
<SP HEIGHT="48" HPOS="226" VPOS="996" WIDTH="30" />
<String CONTENT="1626" HEIGHT="40" HPOS="257" VPOS="996" WIDTH="116" />
<SP HEIGHT="48" HPOS="374" VPOS="996" WIDTH="25" />
<String CONTENT="p." HEIGHT="37" HPOS="400" VPOS="1007" WIDTH="42" />
<SP HEIGHT="38" HPOS="443" VPOS="995" WIDTH="59" />
<String CONTENT="25&#189;" CS="1" HEIGHT="39" HPOS="503" VPOS="995" WIDTH="54" />
<String CONTENT="cm" HEIGHT="21" HPOS="590" STYLE="superscript" VPOS="997" WIDTH="44" />
<String CONTENT="." HEIGHT="7" HPOS="639" VPOS="1027" WIDTH="8" />
</TextLine>
<TextLine HEIGHT="57" HPOS="62" STYLEREFS="StyleId-6E76EB4A-E8C9-43B8-9A91-ECFAEADAB01C-" VPOS="1059" WIDTH="1997">
<String CONTENT="&#169;" HEIGHT="53" HPOS="62" VPOS="1063" WIDTH="52" />
<SP HEIGHT="53" HPOS="115" VPOS="1063" WIDTH="28" />
<String CONTENT="Feb." HEIGHT="39" HPOS="144" VPOS="1067" WIDTH="111" />
<SP HEIGHT="40" HPOS="256" VPOS="1066" WIDTH="28" />
<String CONTENT="14," HEIGHT="46" HPOS="285" VPOS="1066" WIDTH="69" />
<SP HEIGHT="47" HPOS="355" VPOS="1065" WIDTH="30" />
<String CONTENT="1936" HEIGHT="40" HPOS="386" VPOS="1065" WIDTH="116" />
<SP HEIGHT="45" HPOS="503" VPOS="1066" WIDTH="13" />
<String CONTENT=";" HEIGHT="35" HPOS="517" VPOS="1076" WIDTH="8" />
<SP HEIGHT="46" HPOS="526" VPOS="1065" WIDTH="32" />
<String CONTENT="2c." HEIGHT="40" HPOS="559" VPOS="1065" WIDTH="66" />
<SP HEIGHT="40" HPOS="626" VPOS="1064" WIDTH="34" />
<String CONTENT="Feb." HEIGHT="40" HPOS="661" VPOS="1064" WIDTH="107" />
<SP HEIGHT="40" HPOS="769" VPOS="1064" WIDTH="31" />
<String CONTENT="18" HEIGHT="39" HPOS="801" VPOS="1064" WIDTH="57" />
<SP HEIGHT="44" HPOS="859" VPOS="1064" WIDTH="14" />
<String CONTENT=";" HEIGHT="34" HPOS="874" VPOS="1074" WIDTH="8" />
<SP HEIGHT="34" HPOS="883" VPOS="1074" WIDTH="33" />
<String CONTENT="aff." HEIGHT="40" HPOS="917" VPOS="1063" WIDTH="82" />
<SP HEIGHT="40" HPOS="1000" VPOS="1063" WIDTH="32" />
<String CONTENT="Feb." HEIGHT="40" HPOS="1033" VPOS="1063" WIDTH="109" />
<SP HEIGHT="38" HPOS="1143" VPOS="1063" WIDTH="32" />
<String CONTENT="19" HEIGHT="40" HPOS="1176" VPOS="1062" WIDTH="58" />
<SP HEIGHT="46" HPOS="1235" VPOS="1062" WIDTH="12" />
<String CONTENT=";" HEIGHT="35" HPOS="1248" VPOS="1073" WIDTH="9" />
<SP HEIGHT="46" HPOS="1258" VPOS="1062" WIDTH="34" />
<String CONTENT="A" HEIGHT="39" HPOS="1293" VPOS="1062" WIDTH="40" />
<SP HEIGHT="40" HPOS="1334" VPOS="1061" WIDTH="30" />
<String CONTENT="90852" HEIGHT="41" HPOS="1365" VPOS="1061" WIDTH="142" />
<SP HEIGHT="45" HPOS="1508" VPOS="1062" WIDTH="17" />
<String CONTENT=";" HEIGHT="35" HPOS="1526" VPOS="1072" WIDTH="9" />
<SP HEIGHT="45" HPOS="1536" VPOS="1062" WIDTH="33" />
<String CONTENT="Bancroft-Whitney" HEIGHT="49" HPOS="1570" VPOS="1059" WIDTH="489" />
</TextLine>
<TextLine HEIGHT="50" HPOS="129" STYLEREFS="StyleId-6E76EB4A-E8C9-43B8-9A91-ECFAEADAB01C-" VPOS="1120" WIDTH="1045">
<String CONTENT="co." HEIGHT="29" HPOS="129" VPOS="1134" WIDTH="66" />
<SP HEIGHT="28" HPOS="196" VPOS="1134" WIDTH="30" />
<String CONTENT="and" HEIGHT="40" HPOS="227" VPOS="1122" WIDTH="96" />
<SP HEIGHT="39" HPOS="324" VPOS="1122" WIDTH="28" />
<String CONTENT="Lawyers" HEIGHT="47" HPOS="353" VPOS="1123" WIDTH="227" />
<SP HEIGHT="28" HPOS="581" VPOS="1133" WIDTH="29" />
<String CONTENT="co-operative" HEIGHT="48" HPOS="611" VPOS="1121" WIDTH="322" />
<SP HEIGHT="37" HPOS="934" VPOS="1131" WIDTH="31" />
<String CONTENT="pub." HEIGHT="48" HPOS="966" VPOS="1120" WIDTH="108" />
<SP HEIGHT="30" HPOS="1075" VPOS="1130" WIDTH="31" />
<String CONTENT="co." HEIGHT="29" HPOS="1107" VPOS="1130" WIDTH="67" />
</TextLine>
<TextLine HEIGHT="66" HPOS="60" STYLEREFS="StyleId-24922E2C-A6CA-4007-B531-2ED0B38576C0-" VPOS="1223" WIDTH="1018">
<String CONTENT="Anderson," HEIGHT="63" HPOS="60" LANG="en-US" VPOS="1226" WIDTH="328" />
<SP HEIGHT="62" HPOS="389" VPOS="1227" WIDTH="26" />
<String CONTENT="Troyer" HEIGHT="61" HPOS="416" LANG="de" VPOS="1227" WIDTH="222" />
<SP HEIGHT="53" HPOS="639" VPOS="1225" WIDTH="27" />
<String CONTENT="Steele," HEIGHT="64" HPOS="667" LANG="en-US" VPOS="1223" WIDTH="209" />
<SP HEIGHT="57" HPOS="877" VPOS="1230" WIDTH="30" />
<String CONTENT="1900-" HEIGHT="49" HPOS="908" LANG="en-US" VPOS="1229" WIDTH="170" />
</TextLine>
<TextLine HEIGHT="69" HPOS="131" VPOS="1295" WIDTH="1926">
<String CONTENT="The" HEIGHT="52" HPOS="131" VPOS="1303" WIDTH="121" />
<SP HEIGHT="35" HPOS="253" VPOS="1320" WIDTH="34" />
<String CONTENT="command" HEIGHT="53" HPOS="288" VPOS="1301" WIDTH="297" />
<SP HEIGHT="52" HPOS="586" VPOS="1301" WIDTH="34" />
<String CONTENT="of" HEIGHT="53" HPOS="621" VPOS="1299" WIDTH="65" />
<SP HEIGHT="53" HPOS="687" VPOS="1299" WIDTH="33" />
<String CONTENT="the" HEIGHT="53" HPOS="721" VPOS="1300" WIDTH="97" />
<SP HEIGHT="55" HPOS="819" VPOS="1298" WIDTH="35" />
<String CONTENT="Howe" HEIGHT="54" HPOS="855" VPOS="1298" WIDTH="180" />
<SP HEIGHT="54" HPOS="1036" VPOS="1298" WIDTH="34" />
<String CONTENT="brothers" HEIGHT="53" HPOS="1071" VPOS="1298" WIDTH="261" />
<SP HEIGHT="53" HPOS="1333" VPOS="1298" WIDTH="35" />
<String CONTENT="during" HEIGHT="68" HPOS="1369" VPOS="1296" WIDTH="215" />
<SP HEIGHT="62" HPOS="1585" VPOS="1302" WIDTH="33" />
<String CONTENT="the" HEIGHT="52" HPOS="1619" VPOS="1297" WIDTH="96" />
<SP HEIGHT="52" HPOS="1716" VPOS="1297" WIDTH="36" />
<String CONTENT="American" HEIGHT="54" HPOS="1753" VPOS="1295" WIDTH="304" />
</TextLine>
<TextLine CS="1" HEIGHT="72" HPOS="63" VPOS="1373" WIDTH="1995">
<String CONTENT="revolution," HEIGHT="66" HPOS="63" VPOS="1379" WIDTH="336" />
<SP HEIGHT="66" HPOS="400" VPOS="1379" WIDTH="32" />
<String CONTENT="by" HEIGHT="66" HPOS="433" VPOS="1379" WIDTH="74" />
<SP HEIGHT="66" HPOS="508" VPOS="1379" WIDTH="36" />
<String CONTENT="Troyer" HEIGHT="66" HPOS="545" LANG="de" VPOS="1379" WIDTH="219" />
<SP HEIGHT="55" HPOS="765" VPOS="1376" WIDTH="35" />
<String CONTENT="Steele" HEIGHT="55" HPOS="801" VPOS="1376" WIDTH="186" />
<SP HEIGHT="54" HPOS="988" VPOS="1375" WIDTH="28" />
<String CONTENT="Anderson." HEIGHT="52" HPOS="1017" VPOS="1375" WIDTH="318" />
<SP HEIGHT="53" HPOS="1336" VPOS="1373" WIDTH="75" />
<String CONTENT="New" HEIGHT="54" HPOS="1412" VPOS="1373" WIDTH="137" />
<SP HEIGHT="52" HPOS="1550" VPOS="1374" WIDTH="37" />
<String CONTENT="York," HEIGHT="66" HPOS="1588" VPOS="1374" WIDTH="178" />
<SP HEIGHT="65" HPOS="1767" VPOS="1375" WIDTH="32" />
<String CONTENT="London," HEIGHT="65" HPOS="1800" VPOS="1374" WIDTH="258" />
</TextLine>
<TextLine HEIGHT="68" HPOS="64" VPOS="1454" WIDTH="969">
<String CONTENT="Oxford" HEIGHT="54" HPOS="64" VPOS="1455" WIDTH="228" />
<SP HEIGHT="52" HPOS="293" VPOS="1456" WIDTH="29" />
<String CONTENT="university" HEIGHT="68" HPOS="323" VPOS="1454" WIDTH="317" />
<SP HEIGHT="49" HPOS="641" VPOS="1473" WIDTH="34" />
<String CONTENT="press," HEIGHT="50" HPOS="676" VPOS="1472" WIDTH="173" />
<SP HEIGHT="63" HPOS="850" VPOS="1456" WIDTH="33" />
<String CONTENT="1936." HEIGHT="50" HPOS="884" VPOS="1456" WIDTH="149" />
</TextLine>
<TextLine CS="1" HEIGHT="52" HPOS="129" STYLEREFS="StyleId-6E76EB4A-E8C9-43B8-9A91-ECFAEADAB01C-" VPOS="1523" WIDTH="1618">
<String CONTENT="vii," HEIGHT="46" HPOS="129" VPOS="1527" WIDTH="81" />
<SP HEIGHT="30" HPOS="211" VPOS="1545" WIDTH="34" />
<String CONTENT="[1]" HEIGHT="49" HPOS="246" VPOS="1526" WIDTH="54" />
<SP HEIGHT="38" HPOS="301" VPOS="1537" WIDTH="31" />
<String CONTENT="p.," HEIGHT="37" HPOS="333" VPOS="1537" WIDTH="57" />
<SP HEIGHT="46" HPOS="391" VPOS="1526" WIDTH="29" />
<String CONTENT="3" HEIGHT="40" HPOS="421" VPOS="1526" WIDTH="26" />
<SP />
<String CONTENT="l.," CS="1" HEIGHT="17" HPOS="514" VPOS="1557" WIDTH="9" />
<SP HEIGHT="48" HPOS="524" VPOS="1526" WIDTH="29" />
<String CONTENT="368" HEIGHT="41" HPOS="554" VPOS="1525" WIDTH="88" />
<SP HEIGHT="48" HPOS="643" VPOS="1525" WIDTH="26" />
<String CONTENT="p." HEIGHT="37" HPOS="670" VPOS="1536" WIDTH="44" />
<SP HEIGHT="40" HPOS="715" VPOS="1525" WIDTH="57" />
<String CONTENT="front." HEIGHT="39" HPOS="773" VPOS="1525" WIDTH="150" />
<SP HEIGHT="49" HPOS="924" VPOS="1523" WIDTH="25" />
<String CONTENT="(2" HEIGHT="49" HPOS="950" VPOS="1523" WIDTH="51" />
<SP HEIGHT="49" HPOS="1002" VPOS="1524" WIDTH="29" />
<String CONTENT="port.)" HEIGHT="49" HPOS="1032" VPOS="1524" WIDTH="149" />
<SP HEIGHT="48" HPOS="1182" VPOS="1524" WIDTH="39" />
<String CONTENT="illus." HEIGHT="41" HPOS="1222" VPOS="1523" WIDTH="126" />
<SP HEIGHT="49" HPOS="1349" VPOS="1523" WIDTH="29" />
<String CONTENT="(maps)" HEIGHT="49" HPOS="1379" VPOS="1523" WIDTH="184" />
<SP HEIGHT="47" HPOS="1564" VPOS="1523" WIDTH="67" />
<String CONTENT="22" HEIGHT="40" HPOS="1632" VPOS="1523" WIDTH="55" />
<String CONTENT="cm" HEIGHT="21" HPOS="1690" STYLE="superscript" VPOS="1526" WIDTH="43" />
<String CONTENT="." HEIGHT="9" HPOS="1739" VPOS="1556" WIDTH="8" />
</TextLine>
<TextLine HEIGHT="43" HPOS="134" STYLEREFS="StyleId-6E76EB4A-E8C9-43B8-9A91-ECFAEADAB01C-" VPOS="1581" WIDTH="422">
<String CONTENT="&#8220;First" HEIGHT="42" HPOS="134" VPOS="1582" WIDTH="161" />
<SP HEIGHT="39" HPOS="296" VPOS="1585" WIDTH="33" />
<String CONTENT="edition.&#8221;" HEIGHT="43" HPOS="330" VPOS="1581" WIDTH="226" />
</TextLine>
<TextLine HEIGHT="50" HPOS="132" STYLEREFS="StyleId-6E76EB4A-E8C9-43B8-9A91-ECFAEADAB01C-" VPOS="1638" WIDTH="698">
<String CONTENT="Bibliography" HEIGHT="49" HPOS="132" VPOS="1639" WIDTH="349" />
<SP HEIGHT="37" HPOS="482" VPOS="1650" WIDTH="16" />
<String CONTENT=":" HEIGHT="29" HPOS="499" VPOS="1650" WIDTH="9" />
<SP HEIGHT="37" HPOS="509" VPOS="1650" WIDTH="29" />
<String CONTENT="p." HEIGHT="37" HPOS="539" VPOS="1650" WIDTH="42" />
<SP HEIGHT="41" HPOS="582" VPOS="1638" WIDTH="28" />
<String CONTENT="345-362." HEIGHT="41" HPOS="611" VPOS="1638" WIDTH="219" />
</TextLine>
<TextLine HEIGHT="53" HPOS="61" STYLEREFS="StyleId-6E76EB4A-E8C9-43B8-9A91-ECFAEADAB01C-" VPOS="1711" WIDTH="1999">
<String CONTENT="&#169;" HEIGHT="52" HPOS="61" VPOS="1711" WIDTH="52" />
<SP HEIGHT="52" HPOS="114" VPOS="1711" WIDTH="23" />
<String CONTENT="Mar." HEIGHT="40" HPOS="138" VPOS="1716" WIDTH="121" />
<SP HEIGHT="40" HPOS="260" VPOS="1716" WIDTH="23" />
<String CONTENT="19," HEIGHT="50" HPOS="284" VPOS="1714" WIDTH="68" />
<SP HEIGHT="48" HPOS="353" VPOS="1716" WIDTH="24" />
<String CONTENT="1936;" HEIGHT="45" HPOS="378" VPOS="1714" WIDTH="139" />
<SP HEIGHT="45" HPOS="518" VPOS="1714" WIDTH="26" />
<String CONTENT="2c." HEIGHT="39" HPOS="545" VPOS="1714" WIDTH="66" />
<SP HEIGHT="29" HPOS="612" VPOS="1724" WIDTH="26" />
<String CONTENT="and" HEIGHT="39" HPOS="639" VPOS="1714" WIDTH="95" />
<SP HEIGHT="39" HPOS="735" VPOS="1714" WIDTH="24" />
<String CONTENT="aff." HEIGHT="39" HPOS="760" VPOS="1713" WIDTH="82" />
<SP HEIGHT="38" HPOS="843" VPOS="1714" WIDTH="26" />
<String CONTENT="Mar." HEIGHT="39" HPOS="870" VPOS="1714" WIDTH="122" />
<SP HEIGHT="40" HPOS="993" VPOS="1713" WIDTH="23" />
<String CONTENT="26;" HEIGHT="45" HPOS="1017" VPOS="1713" WIDTH="82" />
<SP HEIGHT="46" HPOS="1100" VPOS="1712" WIDTH="27" />
<String CONTENT="A" HEIGHT="39" HPOS="1128" VPOS="1712" WIDTH="39" />
<SP HEIGHT="40" HPOS="1168" VPOS="1711" WIDTH="24" />
<String CONTENT="93373;" HEIGHT="48" HPOS="1193" VPOS="1711" WIDTH="170" />
<SP HEIGHT="47" HPOS="1364" VPOS="1712" WIDTH="29" />
<String CONTENT="Oxford" HEIGHT="40" HPOS="1394" VPOS="1712" WIDTH="187" />
<SP HEIGHT="39" HPOS="1582" VPOS="1713" WIDTH="26" />
<String CONTENT="univ." HEIGHT="41" HPOS="1609" VPOS="1711" WIDTH="128" />
<SP HEIGHT="37" HPOS="1738" VPOS="1724" WIDTH="25" />
<String CONTENT="press," HEIGHT="39" HPOS="1764" VPOS="1722" WIDTH="150" />
<SP HEIGHT="46" HPOS="1915" VPOS="1712" WIDTH="26" />
<String CONTENT="New" HEIGHT="40" HPOS="1942" VPOS="1712" WIDTH="118" />
</TextLine>
<TextLine HEIGHT="49" HPOS="130" STYLEREFS="StyleId-6E76EB4A-E8C9-43B8-9A91-ECFAEADAB01C-" VPOS="1770" WIDTH="587">
<String CONTENT="York," HEIGHT="45" HPOS="130" VPOS="1772" WIDTH="143" />
<SP HEIGHT="45" HPOS="274" VPOS="1772" WIDTH="31" />
<String CONTENT="inc." HEIGHT="41" HPOS="306" VPOS="1772" WIDTH="89" />
<SP HEIGHT="47" HPOS="396" VPOS="1772" WIDTH="70" />
<String CONTENT="(36-7753)" HEIGHT="49" HPOS="467" VPOS="1770" WIDTH="250" />
</TextLine>
<TextLine HEIGHT="66" HPOS="62" VPOS="1873" WIDTH="1005">
<String CONTENT="Andrews," HEIGHT="66" HPOS="62" VPOS="1873" WIDTH="305" />
<SP HEIGHT="65" HPOS="368" VPOS="1874" WIDTH="24" />
<String CONTENT="John" HEIGHT="54" HPOS="393" VPOS="1874" WIDTH="155" />
<SP HEIGHT="53" HPOS="549" VPOS="1874" WIDTH="22" />
<String CONTENT="Bertram," HEIGHT="62" HPOS="572" VPOS="1874" WIDTH="297" />
<SP HEIGHT="58" HPOS="870" VPOS="1878" WIDTH="25" />
<String CONTENT="1880-" HEIGHT="50" HPOS="896" VPOS="1878" WIDTH="171" />
</TextLine>
<TextLine CS="1" HEIGHT="133" HPOS="63" VPOS="1948" WIDTH="1969">
<String CONTENT="Administrative" HEIGHT="54" HPOS="130" VPOS="1950" WIDTH="480" />
<SP HEIGHT="51" HPOS="611" VPOS="1954" WIDTH="26" />
<String CONTENT="labor" HEIGHT="56" HPOS="638" VPOS="1949" WIDTH="161" />
<SP HEIGHT="53" HPOS="800" VPOS="1950" WIDTH="25" />
<String CONTENT="legislation" HEIGHT="68" HPOS="826" VPOS="1949" WIDTH="324" />
<SP HEIGHT="51" HPOS="1151" VPOS="1966" WIDTH="14" />
<String CONTENT=";" HEIGHT="47" HPOS="1166" VPOS="1970" WIDTH="12" />
<SP HEIGHT="48" HPOS="1179" VPOS="1969" WIDTH="30" />
<String CONTENT="a" HEIGHT="33" HPOS="1210" VPOS="1969" WIDTH="30" />
<SP HEIGHT="34" HPOS="1241" VPOS="1969" WIDTH="29" />
<String CONTENT="study" HEIGHT="67" HPOS="1271" VPOS="1950" WIDTH="171" />
<SP HEIGHT="50" HPOS="1443" VPOS="1967" WIDTH="23" />
<String CONTENT="of" HEIGHT="54" HPOS="1467" VPOS="1948" WIDTH="64" />
<SP HEIGHT="55" HPOS="1532" VPOS="1948" WIDTH="25" />
<String CONTENT="American" HEIGHT="54" HPOS="1558" VPOS="1949" WIDTH="307" />
<SP HEIGHT="33" HPOS="1866" VPOS="1969" WIDTH="25" />
<String CONTENT="experience" HEIGHT="113" HPOS="63" VPOS="1968" WIDTH="1969" />
</TextLine>
<TextLine CS="1" HEIGHT="71" HPOS="280" VPOS="2026" WIDTH="1623">
<String CONTENT="in" HEIGHT="53" HPOS="280" VPOS="2029" WIDTH="60" />
<SP HEIGHT="48" HPOS="341" VPOS="2034" WIDTH="28" />
<String CONTENT="the" HEIGHT="53" HPOS="370" VPOS="2029" WIDTH="96" />
<SP HEIGHT="53" HPOS="467" VPOS="2029" WIDTH="29" />
<String CONTENT="delegation" HEIGHT="69" HPOS="497" VPOS="2028" WIDTH="322" />
<SP HEIGHT="34" HPOS="820" VPOS="2047" WIDTH="31" />
<String CONTENT="of" HEIGHT="55" HPOS="852" VPOS="2026" WIDTH="64" />
<SP HEIGHT="53" HPOS="917" VPOS="2026" WIDTH="29" />
<String CONTENT="legislative" HEIGHT="69" HPOS="947" VPOS="2027" WIDTH="321" />
<SP HEIGHT="49" HPOS="1269" VPOS="2046" WIDTH="29" />
<String CONTENT="power," HEIGHT="50" HPOS="1299" VPOS="2045" WIDTH="208" />
<SP HEIGHT="68" HPOS="1508" VPOS="2027" WIDTH="29" />
<String CONTENT="by" HEIGHT="68" HPOS="1538" VPOS="2027" WIDTH="75" />
<SP HEIGHT="67" HPOS="1614" VPOS="2028" WIDTH="30" />
<String CONTENT="John" HEIGHT="54" HPOS="1645" VPOS="2028" WIDTH="157" />
<SP HEIGHT="51" HPOS="1803" VPOS="2029" WIDTH="31" />
<String CONTENT="B." HEIGHT="51" HPOS="1835" VPOS="2029" WIDTH="68" />
</TextLine>
<TextLine CS="1" HEIGHT="144" HPOS="64" VPOS="2029" WIDTH="1969">
<String CONTENT="Andrews" HEIGHT="131" HPOS="64" VPOS="2029" WIDTH="1969" />
<SP HEIGHT="34" HPOS="246" VPOS="2126" WIDTH="33" />
<String CONTENT="&#8230;" CS="1" />
<SP HEIGHT="53" HPOS="336" VPOS="2107" WIDTH="77" />
<String CONTENT="New" HEIGHT="52" HPOS="414" VPOS="2107" WIDTH="139" />
<SP HEIGHT="51" HPOS="554" VPOS="2108" WIDTH="28" />
<String CONTENT="York" HEIGHT="51" HPOS="583" VPOS="2108" WIDTH="165" />
<SP HEIGHT="51" HPOS="749" VPOS="2108" WIDTH="25" />
<String CONTENT="and" HEIGHT="52" HPOS="775" VPOS="2106" WIDTH="112" />
<SP HEIGHT="52" HPOS="888" VPOS="2106" WIDTH="25" />
<String CONTENT="London," HEIGHT="66" HPOS="914" VPOS="2107" WIDTH="257" />
<SP HEIGHT="66" HPOS="1172" VPOS="2107" WIDTH="27" />
<String CONTENT="Harper" HEIGHT="66" HPOS="1200" VPOS="2107" WIDTH="233" />
<SP HEIGHT="49" HPOS="1434" VPOS="2109" WIDTH="24" />
<String CONTENT="&amp;" HEIGHT="49" HPOS="1459" VPOS="2109" WIDTH="46" />
<SP HEIGHT="53" HPOS="1506" VPOS="2105" WIDTH="23" />
<String CONTENT="brothers," HEIGHT="67" HPOS="1530" VPOS="2105" WIDTH="278" />
<SP HEIGHT="61" HPOS="1809" VPOS="2111" WIDTH="27" />
<String CONTENT="1936." HEIGHT="49" HPOS="1837" VPOS="2111" WIDTH="151" />
</TextLine>
<TextLine HEIGHT="50" HPOS="133" VPOS="2178" WIDTH="720">
<String CONTENT="231" HEIGHT="41" HPOS="133" VPOS="2180" WIDTH="84" />
<SP HEIGHT="47" HPOS="218" VPOS="2181" WIDTH="29" />
<String CONTENT="p." HEIGHT="38" HPOS="248" VPOS="2190" WIDTH="42" />
<SP HEIGHT="41" HPOS="291" VPOS="2178" WIDTH="59" />
<String CONTENT="illus." HEIGHT="41" HPOS="351" VPOS="2178" WIDTH="129" />
<SP HEIGHT="48" HPOS="481" VPOS="2179" WIDTH="26" />
<String CONTENT="(map)" HEIGHT="49" HPOS="508" VPOS="2178" WIDTH="159" />
<SP HEIGHT="48" HPOS="668" VPOS="2178" WIDTH="67" />
<String CONTENT="22" HEIGHT="39" HPOS="736" VPOS="2179" WIDTH="55" />
<String CONTENT="cm" HEIGHT="21" HPOS="795" STYLE="superscript" VPOS="2182" WIDTH="43" />
<String CONTENT="." HEIGHT="9" HPOS="843" VPOS="2210" WIDTH="10" />
</TextLine>
<TextLine HEIGHT="42" HPOS="138" STYLEREFS="StyleId-6E76EB4A-E8C9-43B8-9A91-ECFAEADAB01C-" VPOS="2236" WIDTH="417">
<String CONTENT="&#8220;First" HEIGHT="41" HPOS="138" VPOS="2237" WIDTH="162" />
<SP HEIGHT="40" HPOS="301" VPOS="2238" WIDTH="27" />
<String CONTENT="edition.&#8221;" HEIGHT="41" HPOS="329" VPOS="2236" WIDTH="226" />
</TextLine>
<TextLine HEIGHT="53" HPOS="63" STYLEREFS="StyleId-6E76EB4A-E8C9-43B8-9A91-ECFAEADAB01C-" VPOS="2304" WIDTH="1996">
<String CONTENT="&#169;" HEIGHT="53" HPOS="63" VPOS="2304" WIDTH="52" />
<SP HEIGHT="53" HPOS="116" VPOS="2304" WIDTH="34" />
<String CONTENT="Feb." HEIGHT="39" HPOS="151" VPOS="2309" WIDTH="109" />
<SP HEIGHT="38" HPOS="261" VPOS="2309" WIDTH="32" />
<String CONTENT="20," HEIGHT="43" HPOS="294" VPOS="2308" WIDTH="69" />
<SP HEIGHT="42" HPOS="364" VPOS="2309" WIDTH="35" />
<String CONTENT="1936;" HEIGHT="47" HPOS="400" VPOS="2307" WIDTH="139" />
<SP HEIGHT="46" HPOS="540" VPOS="2308" WIDTH="35" />
<String CONTENT="2c." HEIGHT="39" HPOS="576" VPOS="2308" WIDTH="67" />
<SP HEIGHT="37" HPOS="644" VPOS="2309" WIDTH="38" />
<String CONTENT="Feb." HEIGHT="39" HPOS="683" VPOS="2308" WIDTH="108" />
<SP HEIGHT="38" HPOS="792" VPOS="2308" WIDTH="34" />
<String CONTENT="24;" HEIGHT="46" HPOS="827" VPOS="2308" WIDTH="82" />
<SP HEIGHT="36" HPOS="910" VPOS="2318" WIDTH="37" />
<String CONTENT="aff." HEIGHT="40" HPOS="948" VPOS="2307" WIDTH="82" />
<SP HEIGHT="38" HPOS="1031" VPOS="2309" WIDTH="36" />
<String CONTENT="Mar." HEIGHT="38" HPOS="1068" VPOS="2309" WIDTH="121" />
<SP HEIGHT="39" HPOS="1190" VPOS="2308" WIDTH="34" />
<String CONTENT="20;" HEIGHT="45" HPOS="1225" VPOS="2308" WIDTH="82" />
<SP HEIGHT="45" HPOS="1308" VPOS="2308" WIDTH="37" />
<String CONTENT="A" HEIGHT="38" HPOS="1346" VPOS="2308" WIDTH="41" />
<SP HEIGHT="40" HPOS="1388" VPOS="2307" WIDTH="34" />
<String CONTENT="93366;" HEIGHT="46" HPOS="1423" VPOS="2307" WIDTH="169" />
<SP HEIGHT="45" HPOS="1593" VPOS="2308" WIDTH="38" />
<String CONTENT="Harper" HEIGHT="47" HPOS="1632" VPOS="2308" WIDTH="193" />
<SP HEIGHT="40" HPOS="1826" VPOS="2307" WIDTH="35" />
<String CONTENT="&amp;" HEIGHT="40" HPOS="1862" VPOS="2307" WIDTH="36" />
<SP HEIGHT="40" HPOS="1899" VPOS="2307" WIDTH="33" />
<String CONTENT="bros." HEIGHT="39" HPOS="1933" VPOS="2308" WIDTH="126" />
</TextLine>
<TextLine HEIGHT="48" HPOS="140" STYLEREFS="StyleId-6E76EB4A-E8C9-43B8-9A91-ECFAEADAB01C-" VPOS="2365" WIDTH="250">
<String CONTENT="(36-7800)" HEIGHT="48" HPOS="140" VPOS="2365" WIDTH="250" />
</TextLine>
<TextLine HEIGHT="65" HPOS="62" STYLEREFS="StyleId-24922E2C-A6CA-4007-B531-2ED0B38576C0-" VPOS="2467" WIDTH="867">
<String CONTENT="Angell," HEIGHT="65" HPOS="62" VPOS="2467" WIDTH="230" />
<SP HEIGHT="61" HPOS="293" VPOS="2471" WIDTH="25" />
<String CONTENT="Sir" HEIGHT="54" HPOS="319" VPOS="2469" WIDTH="100" />
<SP HEIGHT="51" HPOS="420" VPOS="2469" WIDTH="23" />
<String CONTENT="Norman," HEIGHT="61" HPOS="444" VPOS="2469" WIDTH="284" />
<SP HEIGHT="56" HPOS="729" VPOS="2474" WIDTH="28" />
<String CONTENT="1874-" HEIGHT="54" HPOS="758" VPOS="2469" WIDTH="171" />
</TextLine>
<TextLine HEIGHT="72" HPOS="131" VPOS="2540" WIDTH="1926">
<String CONTENT="Raw" HEIGHT="53" HPOS="131" VPOS="2542" WIDTH="141" />
<SP HEIGHT="34" HPOS="273" VPOS="2561" WIDTH="21" />
<String CONTENT="materials," HEIGHT="69" HPOS="295" VPOS="2542" WIDTH="307" />
<SP HEIGHT="51" HPOS="603" VPOS="2561" WIDTH="24" />
<String CONTENT="population" HEIGHT="69" HPOS="628" VPOS="2543" WIDTH="340" />
<SP HEIGHT="50" HPOS="969" VPOS="2561" WIDTH="21" />
<String CONTENT="pressure" HEIGHT="50" HPOS="991" VPOS="2561" WIDTH="261" />
<SP HEIGHT="35" HPOS="1253" VPOS="2561" WIDTH="24" />
<String CONTENT="and" HEIGHT="54" HPOS="1278" VPOS="2542" WIDTH="113" />
<SP HEIGHT="54" HPOS="1392" VPOS="2542" WIDTH="25" />
<String CONTENT="war," HEIGHT="51" HPOS="1418" VPOS="2560" WIDTH="137" />
<SP HEIGHT="69" HPOS="1556" VPOS="2542" WIDTH="21" />
<String CONTENT="by" HEIGHT="70" HPOS="1578" VPOS="2542" WIDTH="75" />
<SP HEIGHT="72" HPOS="1654" VPOS="2540" WIDTH="25" />
<String CONTENT="Sir" HEIGHT="57" HPOS="1680" VPOS="2540" WIDTH="96" />
<SP HEIGHT="53" HPOS="1777" VPOS="2542" WIDTH="23" />
<String CONTENT="Norman" HEIGHT="53" HPOS="1801" VPOS="2542" WIDTH="256" />
</TextLine>
<TextLine CS="1" HEIGHT="70" HPOS="63" VPOS="2619" WIDTH="1995">
<String CONTENT="Angell" HEIGHT="70" HPOS="63" VPOS="2619" WIDTH="210" />
<SP HEIGHT="52" HPOS="274" VPOS="2621" WIDTH="32" />
<String CONTENT="&#8230;" CS="1" />
<SP HEIGHT="51" HPOS="364" VPOS="2621" WIDTH="69" />
<String CONTENT="Boston," HEIGHT="67" HPOS="434" VPOS="2621" WIDTH="234" />
<SP HEIGHT="67" HPOS="669" VPOS="2621" WIDTH="29" />
<String CONTENT="New" HEIGHT="53" HPOS="699" VPOS="2621" WIDTH="139" />
<SP HEIGHT="52" HPOS="839" VPOS="2621" WIDTH="30" />
<String CONTENT="York," HEIGHT="66" HPOS="870" VPOS="2621" WIDTH="179" />
<SP HEIGHT="67" HPOS="1050" VPOS="2620" WIDTH="29" />
<String CONTENT="World" HEIGHT="54" HPOS="1080" VPOS="2620" WIDTH="203" />
<SP HEIGHT="67" HPOS="1284" VPOS="2621" WIDTH="28" />
<String CONTENT="peace" HEIGHT="50" HPOS="1313" VPOS="2638" WIDTH="167" />
<SP HEIGHT="54" HPOS="1481" VPOS="2619" WIDTH="30" />
<String CONTENT="foundation," HEIGHT="70" HPOS="1512" VPOS="2619" WIDTH="362" />
<SP HEIGHT="64" HPOS="1875" VPOS="2625" WIDTH="32" />
<String CONTENT="1936." HEIGHT="49" HPOS="1908" VPOS="2623" WIDTH="150" />
</TextLine>
<TextLine CS="1" HEIGHT="51" HPOS="132" STYLEREFS="StyleId-6E76EB4A-E8C9-43B8-9A91-ECFAEADAB01C-" VPOS="2693" WIDTH="1497">
<String CONTENT="3" HEIGHT="40" HPOS="132" VPOS="2694" WIDTH="26" />
<SP HEIGHT="47" HPOS="159" VPOS="2694" WIDTH="23" />
<String CONTENT="p." HEIGHT="37" HPOS="183" VPOS="2704" WIDTH="43" />
<SP />
<String CONTENT="l.," CS="1" HEIGHT="16" HPOS="288" VPOS="2726" WIDTH="8" />
<SP HEIGHT="30" HPOS="297" VPOS="2714" WIDTH="28" />
<String CONTENT="[5]-46" CS="1" HEIGHT="51" HPOS="326" VPOS="2693" WIDTH="145" />
<SP HEIGHT="48" HPOS="472" VPOS="2693" WIDTH="21" />
<String CONTENT="p." HEIGHT="38" HPOS="494" VPOS="2703" WIDTH="44" />
<SP HEIGHT="41" HPOS="539" VPOS="2693" WIDTH="57" />
<String CONTENT="20&#189;" CS="1" HEIGHT="41" HPOS="597" VPOS="2693" WIDTH="56" />
<String CONTENT="cm" HEIGHT="20" HPOS="687" STYLE="superscript" VPOS="2697" WIDTH="43" />
<String CONTENT="." HEIGHT="8" HPOS="735" VPOS="2726" WIDTH="8" />
<SP HEIGHT="47" HPOS="744" VPOS="2695" WIDTH="70" />
<String CONTENT="(World" HEIGHT="48" HPOS="815" VPOS="2694" WIDTH="189" />
<SP HEIGHT="39" HPOS="1005" VPOS="2695" WIDTH="26" />
<String CONTENT="affairs" HEIGHT="40" HPOS="1032" VPOS="2693" WIDTH="173" />
<SP HEIGHT="39" HPOS="1206" VPOS="2694" WIDTH="25" />
<String CONTENT="books," HEIGHT="41" HPOS="1232" VPOS="2694" WIDTH="160" />
<SP HEIGHT="29" HPOS="1393" VPOS="2706" WIDTH="54" />
<String CONTENT="no." HEIGHT="30" HPOS="1448" VPOS="2704" WIDTH="74" />
<SP HEIGHT="38" HPOS="1523" VPOS="2695" WIDTH="24" />
<String CONTENT="14)" HEIGHT="47" HPOS="1548" VPOS="2694" WIDTH="81" />
</TextLine>
<TextLine CS="1" HEIGHT="109" HPOS="62" STYLEREFS="StyleId-6E76EB4A-E8C9-43B8-9A91-ECFAEADAB01C-" VPOS="2762" WIDTH="1979">
<String CONTENT="&#169;" HEIGHT="52" HPOS="62" VPOS="2762" WIDTH="52" />
<SP HEIGHT="52" HPOS="115" VPOS="2762" WIDTH="23" />
<String CONTENT="Feb." HEIGHT="41" HPOS="139" VPOS="2766" WIDTH="110" />
<SP HEIGHT="39" HPOS="250" VPOS="2768" WIDTH="24" />
<String CONTENT="14," HEIGHT="46" HPOS="275" VPOS="2768" WIDTH="68" />
<SP HEIGHT="46" HPOS="344" VPOS="2768" WIDTH="23" />
<String CONTENT="1936" HEIGHT="40" HPOS="368" VPOS="2767" WIDTH="114" />
<SP HEIGHT="46" HPOS="483" VPOS="2767" WIDTH="15" />
<String CONTENT=";" HEIGHT="35" HPOS="499" VPOS="2778" WIDTH="9" />
<SP HEIGHT="46" HPOS="509" VPOS="2767" WIDTH="25" />
<String CONTENT="2c." HEIGHT="40" HPOS="535" VPOS="2767" WIDTH="67" />
<SP HEIGHT="40" HPOS="603" VPOS="2767" WIDTH="25" />
<String CONTENT="Feb." HEIGHT="40" HPOS="629" VPOS="2767" WIDTH="110" />
<SP HEIGHT="40" HPOS="740" VPOS="2767" WIDTH="23" />
<String CONTENT="20" HEIGHT="39" HPOS="764" VPOS="2767" WIDTH="59" />
<SP HEIGHT="47" HPOS="824" VPOS="2767" WIDTH="13" />
<String CONTENT=";" HEIGHT="36" HPOS="838" VPOS="2778" WIDTH="8" />
<SP HEIGHT="36" HPOS="847" VPOS="2778" WIDTH="27" />
<String CONTENT="aff." HEIGHT="40" HPOS="875" VPOS="2767" WIDTH="81" />
<SP HEIGHT="39" HPOS="957" VPOS="2768" WIDTH="26" />
<String CONTENT="Feb." HEIGHT="39" HPOS="984" VPOS="2768" WIDTH="110" />
<SP HEIGHT="39" HPOS="1095" VPOS="2768" WIDTH="24" />
<String CONTENT="24" HEIGHT="38" HPOS="1120" VPOS="2768" WIDTH="55" />
<SP HEIGHT="45" HPOS="1176" VPOS="2768" WIDTH="16" />
<String CONTENT=";" HEIGHT="35" HPOS="1193" VPOS="2778" WIDTH="9" />
<SP HEIGHT="45" HPOS="1203" VPOS="2768" WIDTH="26" />
<String CONTENT="A" HEIGHT="38" HPOS="1230" VPOS="2768" WIDTH="40" />
<SP HEIGHT="39" HPOS="1271" VPOS="2767" WIDTH="23" />
<String CONTENT="90939" HEIGHT="41" HPOS="1295" VPOS="2766" WIDTH="143" />
<SP HEIGHT="47" HPOS="1439" VPOS="2766" WIDTH="17" />
<String CONTENT=";" HEIGHT="35" HPOS="1457" VPOS="2778" WIDTH="8" />
<SP HEIGHT="45" HPOS="1466" VPOS="2768" WIDTH="27" />
<String CONTENT="World" HEIGHT="39" HPOS="1494" VPOS="2768" WIDTH="167" />
<SP HEIGHT="46" HPOS="1662" VPOS="2769" WIDTH="24" />
<String CONTENT="peace" HEIGHT="37" HPOS="1687" VPOS="2778" WIDTH="144" />
<SP HEIGHT="40" HPOS="1832" VPOS="2768" WIDTH="23" />
<String CONTENT="foundation." HEIGHT="95" HPOS="136" VPOS="2768" WIDTH="1905" />
<SP HEIGHT="47" HPOS="253" VPOS="2824" WIDTH="68" />
<String CONTENT="(36-7710)" HEIGHT="47" HPOS="322" VPOS="2824" WIDTH="249" />
</TextLine>
<TextLine CS="1" HEIGHT="144" HPOS="127" VPOS="2927" WIDTH="1909">
<String CONTENT="&#8230;" CS="1" />
<SP HEIGHT="50" HPOS="127" VPOS="2929" WIDTH="40" />
<String CONTENT="The" HEIGHT="52" HPOS="168" VPOS="2928" WIDTH="118" />
<SP HEIGHT="53" HPOS="287" VPOS="2927" WIDTH="39" />
<String CONTENT="Bah&#225;'&#237;" CS="1" HEIGHT="52" HPOS="327" VPOS="2927" WIDTH="187" />
<SP HEIGHT="53" HPOS="540" VPOS="2927" WIDTH="37" />
<String CONTENT="world;" HEIGHT="63" HPOS="578" VPOS="2929" WIDTH="208" />
<SP HEIGHT="45" HPOS="787" VPOS="2947" WIDTH="42" />
<String CONTENT="a" HEIGHT="32" HPOS="830" VPOS="2948" WIDTH="28" />
<SP HEIGHT="51" HPOS="859" VPOS="2930" WIDTH="42" />
<String CONTENT="biennial" HEIGHT="54" HPOS="902" VPOS="2928" WIDTH="247" />
<SP HEIGHT="53" HPOS="1150" VPOS="2928" WIDTH="39" />
<String CONTENT="international" HEIGHT="53" HPOS="1190" VPOS="2928" WIDTH="408" />
<SP HEIGHT="50" HPOS="1599" VPOS="2931" WIDTH="37" />
<String CONTENT="record." HEIGHT="52" HPOS="1637" VPOS="2930" WIDTH="211" />
<SP HEIGHT="50" HPOS="1849" VPOS="2931" WIDTH="74" />
<String CONTENT="Prepared" HEIGHT="140" HPOS="137" VPOS="2931" WIDTH="1899" />
</TextLine>
<TextLine CS="1" HEIGHT="68" HPOS="354" VPOS="3005" WIDTH="1577">
<String CONTENT="under" HEIGHT="52" HPOS="354" VPOS="3006" WIDTH="179" />
<SP HEIGHT="46" HPOS="534" VPOS="3011" WIDTH="38" />
<String CONTENT="the" HEIGHT="51" HPOS="573" VPOS="3007" WIDTH="95" />
<SP HEIGHT="34" HPOS="669" VPOS="3025" WIDTH="40" />
<String CONTENT="supervision" HEIGHT="66" HPOS="710" VPOS="3006" WIDTH="354" />
<SP HEIGHT="33" HPOS="1065" VPOS="3026" WIDTH="41" />
<String CONTENT="of" HEIGHT="53" HPOS="1107" VPOS="3006" WIDTH="61" />
<SP HEIGHT="51" HPOS="1169" VPOS="3006" WIDTH="41" />
<String CONTENT="the" HEIGHT="52" HPOS="1211" VPOS="3007" WIDTH="96" />
<SP HEIGHT="51" HPOS="1308" VPOS="3008" WIDTH="39" />
<String CONTENT="National" HEIGHT="54" HPOS="1348" VPOS="3005" WIDTH="272" />
<SP HEIGHT="51" HPOS="1621" VPOS="3009" WIDTH="41" />
<String CONTENT="spiritual" HEIGHT="67" HPOS="1663" VPOS="3006" WIDTH="268" />
</TextLine>
<TextLine CS="1" HEIGHT="124" HPOS="135" VPOS="3025" WIDTH="1924">
<String CONTENT="assembly" HEIGHT="124" HPOS="135" VPOS="3025" WIDTH="1900" />
<SP HEIGHT="48" HPOS="349" VPOS="3101" WIDTH="24" />
<String CONTENT="of" HEIGHT="53" HPOS="374" VPOS="3082" WIDTH="63" />
<SP HEIGHT="53" HPOS="438" VPOS="3082" WIDTH="22" />
<String CONTENT="the" HEIGHT="51" HPOS="461" VPOS="3084" WIDTH="95" />
<SP HEIGHT="50" HPOS="557" VPOS="3085" WIDTH="26" />
<String CONTENT="Baha'is" HEIGHT="51" HPOS="584" VPOS="3085" WIDTH="232" />
<SP HEIGHT="33" HPOS="817" VPOS="3103" WIDTH="25" />
<String CONTENT="of" HEIGHT="52" HPOS="843" VPOS="3084" WIDTH="63" />
<SP HEIGHT="51" HPOS="907" VPOS="3084" WIDTH="24" />
<String CONTENT="the" HEIGHT="51" HPOS="932" VPOS="3085" WIDTH="95" />
<SP HEIGHT="52" HPOS="1028" VPOS="3086" WIDTH="25" />
<String CONTENT="United" HEIGHT="54" HPOS="1054" VPOS="3084" WIDTH="215" />
<SP HEIGHT="54" HPOS="1270" VPOS="3084" WIDTH="28" />
<String CONTENT="States" HEIGHT="54" HPOS="1299" VPOS="3084" WIDTH="186" />
<SP HEIGHT="32" HPOS="1486" VPOS="3104" WIDTH="28" />
<String CONTENT="and" HEIGHT="52" HPOS="1515" VPOS="3085" WIDTH="112" />
<SP HEIGHT="54" HPOS="1628" VPOS="3084" WIDTH="28" />
<String CONTENT="Canada" HEIGHT="54" HPOS="1657" VPOS="3084" WIDTH="234" />
<SP HEIGHT="34" HPOS="1892" VPOS="3103" WIDTH="25" />
<String CONTENT="with" HEIGHT="52" HPOS="1918" VPOS="3084" WIDTH="141" />
</TextLine>
<TextLine CS="1" HEIGHT="69" HPOS="134" VPOS="3159" WIDTH="1926">
<String CONTENT="the" HEIGHT="51" HPOS="134" VPOS="3160" WIDTH="95" />
<SP HEIGHT="34" HPOS="230" VPOS="3179" WIDTH="30" />
<String CONTENT="approval" HEIGHT="63" HPOS="261" VPOS="3164" WIDTH="277" />
<SP HEIGHT="49" HPOS="539" VPOS="3164" WIDTH="34" />
<String CONTENT="of" HEIGHT="52" HPOS="574" VPOS="3161" WIDTH="61" />
<SP HEIGHT="54" HPOS="636" VPOS="3161" WIDTH="37" />
<String CONTENT="Shoghi" HEIGHT="67" HPOS="674" VPOS="3161" WIDTH="219" />
<SP HEIGHT="52" HPOS="894" VPOS="3161" WIDTH="35" />
<String CONTENT="Effendi." HEIGHT="55" HPOS="930" VPOS="3159" WIDTH="247" />
<SP HEIGHT="51" HPOS="1178" VPOS="3163" WIDTH="74" />
<String CONTENT="Volume" HEIGHT="52" HPOS="1253" VPOS="3162" WIDTH="241" />
<SP HEIGHT="46" HPOS="1495" VPOS="3168" WIDTH="36" />
<String CONTENT="5." HEIGHT="46" HPOS="1532" VPOS="3168" WIDTH="44" />
<SP HEIGHT="48" HPOS="1577" VPOS="3166" WIDTH="72" />
<String CONTENT="89" HEIGHT="49" HPOS="1650" VPOS="3166" WIDTH="63" />
<SP HEIGHT="48" HPOS="1714" VPOS="3167" WIDTH="33" />
<String CONTENT="and" HEIGHT="50" HPOS="1748" VPOS="3164" WIDTH="111" />
<SP HEIGHT="50" HPOS="1860" VPOS="3164" WIDTH="35" />
<String CONTENT="90" HEIGHT="48" HPOS="1896" VPOS="3166" WIDTH="66" />
<SP HEIGHT="48" HPOS="1963" VPOS="3166" WIDTH="34" />
<String CONTENT="of" HEIGHT="51" HPOS="1998" VPOS="3163" WIDTH="62" />
</TextLine>
<TextLine CS="1" HEIGHT="69" HPOS="135" VPOS="3238" WIDTH="1925">
<String CONTENT="the" HEIGHT="53" HPOS="135" VPOS="3238" WIDTH="94" />
<SP HEIGHT="52" HPOS="230" VPOS="3239" WIDTH="45" />
<String CONTENT="Baha'i" HEIGHT="51" HPOS="276" VPOS="3239" WIDTH="204" />
<SP HEIGHT="50" HPOS="481" VPOS="3240" WIDTH="45" />
<String CONTENT="era." HEIGHT="34" HPOS="527" VPOS="3257" WIDTH="109" />
<SP HEIGHT="52" HPOS="637" VPOS="3239" WIDTH="82" />
<String CONTENT="April" HEIGHT="67" HPOS="720" VPOS="3239" WIDTH="172" />
<SP HEIGHT="50" HPOS="893" VPOS="3239" WIDTH="48" />
<String CONTENT="1932-1934" HEIGHT="49" HPOS="942" VPOS="3242" WIDTH="310" />
<SP HEIGHT="49" HPOS="1253" VPOS="3243" WIDTH="39" />
<String CONTENT="A." CS="1" HEIGHT="9" HPOS="1335" VPOS="3283" WIDTH="10" />
<SP HEIGHT="33" HPOS="1346" VPOS="3259" WIDTH="45" />
<String CONTENT="D." CS="1" HEIGHT="10" HPOS="1431" VPOS="3282" WIDTH="9" />
<SP HEIGHT="51" HPOS="1441" VPOS="3241" WIDTH="92" />
<String CONTENT="New" HEIGHT="52" HPOS="1534" VPOS="3241" WIDTH="138" />
<SP HEIGHT="52" HPOS="1673" VPOS="3241" WIDTH="45" />
<String CONTENT="York" HEIGHT="51" HPOS="1719" VPOS="3241" WIDTH="162" />
<SP HEIGHT="51" HPOS="1882" VPOS="3241" WIDTH="44" />
<String CONTENT="city," HEIGHT="67" HPOS="1927" VPOS="3240" WIDTH="133" />
</TextLine>
<TextLine HEIGHT="68" HPOS="136" VPOS="3315" WIDTH="1104">
<String CONTENT="Baha'i" HEIGHT="52" HPOS="136" VPOS="3315" WIDTH="203" />
<SP HEIGHT="65" HPOS="340" VPOS="3317" WIDTH="25" />
<String CONTENT="publishing" HEIGHT="67" HPOS="366" VPOS="3316" WIDTH="334" />
<SP HEIGHT="48" HPOS="701" VPOS="3335" WIDTH="25" />
<String CONTENT="committee," HEIGHT="66" HPOS="727" VPOS="3317" WIDTH="334" />
<SP HEIGHT="63" HPOS="1062" VPOS="3320" WIDTH="28" />
<String CONTENT="1936." HEIGHT="49" HPOS="1091" VPOS="3320" WIDTH="149" />
</TextLine>
<TextLine HEIGHT="50" HPOS="133" STYLEREFS="StyleId-6E76EB4A-E8C9-43B8-9A91-ECFAEADAB01C-" VPOS="3387" WIDTH="1927">
<String CONTENT="xix," HEIGHT="47" HPOS="133" VPOS="3387" WIDTH="98" />
<SP HEIGHT="46" HPOS="232" VPOS="3388" WIDTH="34" />
<String CONTENT="711" HEIGHT="39" HPOS="267" VPOS="3388" WIDTH="82" />
<SP HEIGHT="47" HPOS="350" VPOS="3388" WIDTH="34" />
<String CONTENT="p." HEIGHT="37" HPOS="385" VPOS="3398" WIDTH="42" />
<SP HEIGHT="39" HPOS="428" VPOS="3388" WIDTH="60" />
<String CONTENT="fronts.," HEIGHT="47" HPOS="489" VPOS="3388" WIDTH="190" />
<SP HEIGHT="46" HPOS="680" VPOS="3389" WIDTH="34" />
<String CONTENT="illus.," HEIGHT="47" HPOS="715" VPOS="3389" WIDTH="142" />
<SP HEIGHT="36" HPOS="858" VPOS="3400" WIDTH="35" />
<String CONTENT="ports.," HEIGHT="45" HPOS="894" VPOS="3391" WIDTH="163" />
<SP HEIGHT="35" HPOS="1058" VPOS="3400" WIDTH="34" />
<String CONTENT="maps," HEIGHT="38" HPOS="1093" VPOS="3399" WIDTH="150" />
<SP HEIGHT="47" HPOS="1244" VPOS="3390" WIDTH="34" />
<String CONTENT="facsims.," HEIGHT="48" HPOS="1279" VPOS="3389" WIDTH="230" />
<SP HEIGHT="48" HPOS="1510" VPOS="3389" WIDTH="34" />
<String CONTENT="fold," HEIGHT="40" HPOS="1545" VPOS="3389" WIDTH="116" />
<SP HEIGHT="29" HPOS="1662" VPOS="3400" WIDTH="36" />
<String CONTENT="charts." HEIGHT="41" HPOS="1699" VPOS="3389" WIDTH="179" />
<SP HEIGHT="39" HPOS="1879" VPOS="3391" WIDTH="63" />
<String CONTENT="25" HEIGHT="39" HPOS="1943" VPOS="3391" WIDTH="57" />
<String CONTENT="cm" HEIGHT="20" HPOS="2004" STYLE="superscript" VPOS="3393" WIDTH="43" />
<String CONTENT="." HEIGHT="8" HPOS="2052" VPOS="3422" WIDTH="8" />
</TextLine>
<TextLine HEIGHT="48" HPOS="133" STYLEREFS="StyleId-6E76EB4A-E8C9-43B8-9A91-ECFAEADAB01C-" VPOS="3444" WIDTH="1007">
<String CONTENT="Folded" HEIGHT="40" HPOS="133" VPOS="3444" WIDTH="180" />
<SP HEIGHT="38" HPOS="314" VPOS="3446" WIDTH="28" />
<String CONTENT="map" HEIGHT="38" HPOS="343" VPOS="3454" WIDTH="112" />
<SP HEIGHT="37" HPOS="456" VPOS="3455" WIDTH="28" />
<String CONTENT="mounted" HEIGHT="38" HPOS="485" VPOS="3447" WIDTH="227" />
<SP HEIGHT="37" HPOS="713" VPOS="3447" WIDTH="31" />
<String CONTENT="on" HEIGHT="28" HPOS="745" VPOS="3456" WIDTH="62" />
<SP HEIGHT="38" HPOS="808" VPOS="3446" WIDTH="26" />
<String CONTENT="back" HEIGHT="39" HPOS="835" VPOS="3446" WIDTH="122" />
<SP HEIGHT="39" HPOS="958" VPOS="3446" WIDTH="30" />
<String CONTENT="cover." HEIGHT="30" HPOS="989" VPOS="3455" WIDTH="151" />
</TextLine>
<TextLine HEIGHT="41" HPOS="132" STYLEREFS="StyleId-6E76EB4A-E8C9-43B8-9A91-ECFAEADAB01C-" VPOS="3500" WIDTH="427">
<String CONTENT="Contains" HEIGHT="40" HPOS="132" VPOS="3500" WIDTH="231" />
<SP HEIGHT="28" HPOS="364" VPOS="3512" WIDTH="27" />
<String CONTENT="music." HEIGHT="40" HPOS="392" VPOS="3501" WIDTH="167" />
</TextLine>
<TextLine HEIGHT="56" HPOS="67" STYLEREFS="StyleId-6E76EB4A-E8C9-43B8-9A91-ECFAEADAB01C-" VPOS="3565" WIDTH="1996">
<String CONTENT="&#169;" HEIGHT="53" HPOS="67" VPOS="3565" WIDTH="52" />
<SP HEIGHT="53" HPOS="120" VPOS="3565" WIDTH="28" />
<String CONTENT="Feb." HEIGHT="40" HPOS="149" VPOS="3570" WIDTH="109" />
<SP HEIGHT="38" HPOS="259" VPOS="3572" WIDTH="27" />
<String CONTENT="4," HEIGHT="45" HPOS="287" VPOS="3572" WIDTH="41" />
<SP HEIGHT="46" HPOS="329" VPOS="3571" WIDTH="29" />
<String CONTENT="1936" HEIGHT="40" HPOS="359" VPOS="3571" WIDTH="112" />
<SP HEIGHT="41" HPOS="472" VPOS="3571" WIDTH="17" />
<String CONTENT=":" HEIGHT="30" HPOS="490" VPOS="3582" WIDTH="8" />
<SP HEIGHT="41" HPOS="499" VPOS="3571" WIDTH="31" />
<String CONTENT="2c." HEIGHT="41" HPOS="531" VPOS="3571" WIDTH="66" />
<SP HEIGHT="29" HPOS="598" VPOS="3583" WIDTH="29" />
<String CONTENT="and" HEIGHT="38" HPOS="628" VPOS="3573" WIDTH="95" />
<SP HEIGHT="38" HPOS="724" VPOS="3573" WIDTH="29" />
<String CONTENT="aff." HEIGHT="40" HPOS="754" VPOS="3571" WIDTH="81" />
<SP HEIGHT="39" HPOS="836" VPOS="3572" WIDTH="31" />
<String CONTENT="Feb." HEIGHT="39" HPOS="868" VPOS="3572" WIDTH="109" />
<SP HEIGHT="38" HPOS="978" VPOS="3573" WIDTH="31" />
<String CONTENT="17" HEIGHT="39" HPOS="1010" VPOS="3573" WIDTH="54" />
<SP HEIGHT="45" HPOS="1065" VPOS="3573" WIDTH="15" />
<String CONTENT=";" HEIGHT="35" HPOS="1081" VPOS="3583" WIDTH="9" />
<SP HEIGHT="45" HPOS="1091" VPOS="3573" WIDTH="33" />
<String CONTENT="A" HEIGHT="38" HPOS="1125" VPOS="3573" WIDTH="39" />
<SP HEIGHT="41" HPOS="1165" VPOS="3571" WIDTH="27" />
<String CONTENT="91779;" HEIGHT="46" HPOS="1193" VPOS="3571" WIDTH="170" />
<SP HEIGHT="44" HPOS="1364" VPOS="3573" WIDTH="33" />
<String CONTENT="Natl." HEIGHT="39" HPOS="1398" VPOS="3573" WIDTH="129" />
<SP HEIGHT="29" HPOS="1528" VPOS="3583" WIDTH="32" />
<String CONTENT="spiritual" HEIGHT="48" HPOS="1561" VPOS="3572" WIDTH="228" />
<SP HEIGHT="38" HPOS="1790" VPOS="3574" WIDTH="31" />
<String CONTENT="assembly" HEIGHT="47" HPOS="1822" VPOS="3574" WIDTH="241" />
</TextLine>
<TextLine CS="1" HEIGHT="54" HPOS="136" STYLEREFS="StyleId-6E76EB4A-E8C9-43B8-9A91-ECFAEADAB01C-" VPOS="3623" WIDTH="1926">
<String CONTENT="of" HEIGHT="38" HPOS="136" VPOS="3627" WIDTH="52" />
<SP HEIGHT="40" HPOS="189" VPOS="3627" WIDTH="33" />
<String CONTENT="the" HEIGHT="39" HPOS="223" VPOS="3628" WIDTH="83" />
<SP HEIGHT="37" HPOS="307" VPOS="3629" WIDTH="33" />
<String CONTENT="Baha'is" HEIGHT="44" HPOS="341" VPOS="3623" WIDTH="198" />
<SP HEIGHT="29" HPOS="540" VPOS="3639" WIDTH="35" />
<String CONTENT="of" HEIGHT="40" HPOS="576" VPOS="3628" WIDTH="52" />
<SP HEIGHT="40" HPOS="629" VPOS="3628" WIDTH="36" />
<String CONTENT="the" HEIGHT="39" HPOS="666" VPOS="3629" WIDTH="79" />
<SP HEIGHT="38" HPOS="746" VPOS="3629" WIDTH="38" />
<String CONTENT="United" HEIGHT="40" HPOS="785" VPOS="3628" WIDTH="176" />
<SP HEIGHT="40" HPOS="962" VPOS="3629" WIDTH="39" />
<String CONTENT="States" HEIGHT="40" HPOS="1002" VPOS="3629" WIDTH="160" />
<SP HEIGHT="28" HPOS="1163" VPOS="3640" WIDTH="36" />
<String CONTENT="and" HEIGHT="38" HPOS="1200" VPOS="3630" WIDTH="94" />
<SP HEIGHT="40" HPOS="1295" VPOS="3629" WIDTH="36" />
<String CONTENT="Canada," HEIGHT="48" HPOS="1332" VPOS="3629" WIDTH="212" />
<SP HEIGHT="46" HPOS="1545" VPOS="3631" WIDTH="37" />
<String CONTENT="West" HEIGHT="39" HPOS="1583" VPOS="3631" WIDTH="135" />
<SP HEIGHT="39" HPOS="1719" VPOS="3631" WIDTH="37" />
<String CONTENT="Englewood," HEIGHT="47" HPOS="1757" VPOS="3630" WIDTH="305" />
</TextLine>
<TextLine HEIGHT="40" HPOS="138" STYLEREFS="StyleId-6E76EB4A-E8C9-43B8-9A91-ECFAEADAB01C-" VPOS="3683" WIDTH="123">
<String CONTENT="N." HEIGHT="38" HPOS="138" LANG="fi" VPOS="3683" WIDTH="54" />
<SP HEIGHT="39" HPOS="193" VPOS="3684" WIDTH="24" />
<String CONTENT="J." HEIGHT="39" HPOS="218" LANG="en-US" VPOS="3684" WIDTH="43" />
</TextLine>
<TextLine HEIGHT="66" HPOS="69" STYLEREFS="StyleId-24922E2C-A6CA-4007-B531-2ED0B38576C0-" VPOS="3783" WIDTH="573">
<String CONTENT="Beasley," HEIGHT="66" HPOS="69" VPOS="3783" WIDTH="264" />
<SP HEIGHT="62" HPOS="334" VPOS="3787" WIDTH="25" />
<String CONTENT="Norman." HEIGHT="53" HPOS="360" VPOS="3787" WIDTH="282" />
</TextLine>
<TextLine HEIGHT="71" HPOS="141" VPOS="3859" WIDTH="1921">
<String CONTENT="Frank" HEIGHT="53" HPOS="141" VPOS="3859" WIDTH="195" />
<SP HEIGHT="51" HPOS="337" VPOS="3861" WIDTH="45" />
<String CONTENT="Knox," HEIGHT="66" HPOS="383" VPOS="3861" WIDTH="188" />
<SP HEIGHT="66" HPOS="572" VPOS="3861" WIDTH="46" />
<String CONTENT="American;" HEIGHT="67" HPOS="619" VPOS="3861" WIDTH="333" />
<SP HEIGHT="47" HPOS="953" VPOS="3881" WIDTH="50" />
<String CONTENT="a" HEIGHT="33" HPOS="1004" VPOS="3881" WIDTH="32" />
<SP HEIGHT="34" HPOS="1037" VPOS="3880" WIDTH="48" />
<String CONTENT="short" HEIGHT="51" HPOS="1086" VPOS="3863" WIDTH="160" />
<SP HEIGHT="51" HPOS="1247" VPOS="3863" WIDTH="43" />
<String CONTENT="biography," HEIGHT="68" HPOS="1291" VPOS="3862" WIDTH="342" />
<SP HEIGHT="68" HPOS="1634" VPOS="3862" WIDTH="46" />
<String CONTENT="by" HEIGHT="68" HPOS="1681" VPOS="3862" WIDTH="76" />
<SP HEIGHT="69" HPOS="1758" VPOS="3861" WIDTH="48" />
<String CONTENT="Norman" HEIGHT="54" HPOS="1807" VPOS="3861" WIDTH="255" />
</TextLine>
<TextLine HEIGHT="75" HPOS="71" VPOS="3933" WIDTH="1991">
<String CONTENT="Beasley." HEIGHT="71" HPOS="71" VPOS="3933" WIDTH="250" />
<SP HEIGHT="54" HPOS="322" VPOS="3935" WIDTH="75" />
<String CONTENT="Garden" HEIGHT="55" HPOS="398" VPOS="3935" WIDTH="228" />
<SP HEIGHT="54" HPOS="627" VPOS="3938" WIDTH="33" />
<String CONTENT="City," HEIGHT="67" HPOS="661" VPOS="3938" WIDTH="151" />
<SP HEIGHT="66" HPOS="813" VPOS="3939" WIDTH="31" />
<String CONTENT="N." HEIGHT="52" HPOS="845" LANG="fi" VPOS="3939" WIDTH="66" />
<SP HEIGHT="52" HPOS="912" VPOS="3939" WIDTH="37" />
<String CONTENT="Y.," HEIGHT="67" HPOS="950" VPOS="3939" WIDTH="88" />
<SP HEIGHT="67" HPOS="1039" VPOS="3939" WIDTH="30" />
<String CONTENT="Doubleday," HEIGHT="69" HPOS="1070" VPOS="3939" WIDTH="356" />
<SP HEIGHT="66" HPOS="1427" VPOS="3940" WIDTH="29" />
<String CONTENT="Doran" HEIGHT="51" HPOS="1457" VPOS="3940" WIDTH="199" />
<SP HEIGHT="51" HPOS="1657" VPOS="3940" WIDTH="31" />
<String CONTENT="&amp;" HEIGHT="50" HPOS="1689" VPOS="3940" WIDTH="44" />
<SP HEIGHT="52" HPOS="1734" VPOS="3940" WIDTH="31" />
<String CONTENT="company," HEIGHT="51" HPOS="1766" VPOS="3957" WIDTH="296" />
</TextLine>
<TextLine CS="1" HEIGHT="49" HPOS="73" VPOS="4011" WIDTH="319">
<String CONTENT="inc.." HEIGHT="49" HPOS="73" LANG="en-US" VPOS="4011" WIDTH="121" />
<SP HEIGHT="39" HPOS="195" VPOS="4021" WIDTH="27" />
<String CONTENT="c" CS="1" LANG="en-US" />
<String CONTENT="1936." HEIGHT="44" HPOS="246" LANG="el" VPOS="4016" WIDTH="146" />
</TextLine>
</TextBlock>
</PrintSpace>
</Page>
</Layout>
</alto>