2519 4377
1321 4146 134 49 1206

457 528 86 40 224
578 540 44 38 p.
683 528 57 40 22½
772 531 44 22 cm
821 561 10 9 .

388 597 2014 60 © 1c. Aug. 21, 1936 ; A ad int. 21771 ; pubd. June 22 ; G. Gorer, London.
466 658 284 49 (36-19205)

385 763 416 64 Gramophone
828 764 167 64 shop,
1024 764 130 64 inc.,
1178 766 142 53 New
1350 766 178 54 York.

457 840 120 53 The
605 840 409 69 Gramophone
1042 841 144 69 shop
1212 842 404 69 encyclopedia
1643 842 65 54 of
1735 844 271 53 recorded
2033 843 197 69 music,
390 861 1990 127 compiled
572 919 74 70 by
677 920 68 54 R.
775 920 72 54 D.
877 920 251 70 Darrell,
1158 920 140 55 with
1329 940 31 36 a
1392 921 288 55 foreword
1708 923 77 69 by
1814 924 305 54 Lawrence
2151 922 252 57 Gilman.

390 1000 133 52 New
555 999 161 54 York
744 1000 136 69 city,
908 1001 121 53 The
1059 1000 408 70 Gramophone
1495 1003 162 68 shop,
1681 1004 130 66 inc.,
1842 1006 151 50 1936.

458 1076 15 38 1
513 1086 42 36 p.
617 1107 9 15 l.,
656 1074 82 42 xii.
767 1076 84 39 574
881 1085 42 38 p.
981 1075 56 41 25½
1070 1079 45 21 cm
1120 1109 9 9 .

387 1140 53 54 ©
469 1145 117 47 July
615 1146 70 47 15,
716 1144 143 50 1936;
890 1146 69 42 2c.
988 1146 98 40 and
1116 1146 83 42 aff.
1232 1146 117 48 July
1380 1146 55 41 18
1453 1157 10 38 ;
1496 1148 41 39 A
1567 1147 146 42 96537
1730 1158 9 38 ;
1773 1147 343 49 Gramophone
2145 1149 133 48 shop,
2310 1148 92 43 inc.

466 1202 284 49 (36-27366)

383 1308 231 64 Hague.
690 1308 306 64 Academy
1022 1308 64 53 of
1112 1308 427 55 international
1565 1308 130 57 law.

518 1384 1882 69 … Recueil des cours, t. 4, 1935. t. 54 de la collection.
385 1463 185 67 Paris,
595 1463 287 53 Librairie
908 1465 77 52 du
1012 1464 233 54 Recueil
1278 1467 173 65 [1936]

456 1535 975 52 3 p. l., [3]-638, [2] p. ports. 24 ½ cm .
454 1593 1419 43 At head of title: Académie de droit international …
385 1662 2018 53 © July 1, 1936; 1c. Aug. 27; A- Foreign 32869; Librairie du Recueil
460 1723 152 48 Sirey.

383 1827 254 65 Harrell,
665 1827 256 56 William
948 1827 144 66 Asa,
1121 1834 173 50 1903-

456 1906 1944 69 The associational Baptist training union manual [ by] W. A.
385 1984 254 65 Harrell,
669 1984 207 69 Henry
907 1985 64 56 C.
1003 1985 220 69 Rogers
1279 1984 132 70 [and]
1451 1985 56 55 J.
1542 1986 61 55 C.
1638 1986 270 67 Hockett,
1942 1985 72 68 jr.
2083 1986 316 68 Nashville,

386 2064 195 67 Tenn.,
612 2064 122 52 The
766 2062 239 70 Sunday
1035 2064 191 54 school
1257 2064 180 55 board
1467 2063 65 53 of
1560 2065 95 52 the
1688 2064 288 56 Southern
2009 2064 232 69 Baptist
387 2083 1989 114 convention
652 2178 12 33 [
670 2149 18 22 c
695 2146 152 65 1936]

455 2217 28 40 4
513 2227 43 39 p.
619 2248 9 17 l.,
659 2216 146 43 7-117
835 2226 43 40 p.
968 2215 28 43 19
997 2217 46 23 cm
1048 2249 9 10 .

386 2284 53 53 ©
469 2289 115 46 May
613 2288 39 49 5,
686 2287 119 41 1936
819 2299 9 36 ;
860 2288 67 41 2c.
960 2288 117 47 July
1108 2289 52 47 8;
1194 2288 83 40 aff.
1309 2288 116 47 July
1455 2287 53 49 9;
1542 2288 42 39 A
1613 2288 172 47 96338;
1823 2287 200 47 Sunday
2055 2287 162 40 school
2249 2286 154 41 board

454 2345 52 41 of
534 2346 81 39 the
644 2345 246 42 Southern
918 2345 198 48 Baptist
1143 2344 303 42 convention.
1516 2344 282 50 (36-19076)

383 2451 279 53 Harvard
689 2449 355 65 university.

456 2526 276 55 Harvard
792 2525 322 70 university
1169 2526 308 56 handbook
1493 2546 12 49 ;
1567 2545 72 35 an
1697 2525 200 54 official
1954 2526 175 68 guide
2186 2531 60 48 to
2304 2525 96 55 the

384 2605 272 69 grounds,
690 2604 313 70 buildings,
1036 2604 281 69 libraries,
1348 2623 302 49 museums,
1685 2607 112 52 and
1832 2604 392 67 laboratories,
2258 2604 140 53 with

386 2687 157 50 notes
574 2700 73 36 on
678 2684 96 53 the
804 2683 241 70 history,
1074 2684 399 68 development
1503 2685 112 53 and
1649 2683 284 54 activities
1966 2682 65 54 of
2061 2683 78 53 all
388 2684 1985 133 departments
603 2761 66 53 of
700 2763 96 53 the
829 2761 337 70 university.
1238 2761 365 70 Cambridge,
1638 2764 191 66 Mass.,
1864 2762 277 54 Harvard
384 2761 1992 150 university
528 2859 177 52 press,
736 2845 153 51 1936.

455 2914 98 49 xiv,
585 2914 88 43 262
705 2925 43 38 p.
810 2914 129 43 illus.
968 2914 191 50 (plans)
1200 2916 173 48 plates.
1433 2914 27 41 21½
1521 2917 44 22 cm
1571 2947 9 10 .

459 2973 140 48 Maps
629 2983 62 30 on
721 2972 367 50 lining-papers.

457 3029 207 42 Preface
695 3029 170 50 signed
884 3040 10 31 :
926 3031 72 41 W.
1027 3030 54 41 G.
1114 3030 151 41 Land.

387 3083 53 54 ©
478 3088 117 46 July
632 3087 70 49 29,
744 3087 141 48 1936;
926 3088 68 42 2c.
1036 3089 120 46 Aug.
1198 3088 83 47 26;
1325 3086 83 42 aff.
1450 3088 121 46 Aug.
1614 3088 52 46 7;
1710 3087 41 39 A
1791 3085 170 48 98125;
2006 3085 258 41 President
2305 3086 96 40 and

453 3145 191 39 fellows
673 3145 52 39 of
752 3145 233 40 Harvard
1013 3145 194 48 college,
1236 3143 305 49 Cambridge,
1572 3145 148 40 Mass.
1787 3142 283 50 (36-19065)

386 3250 268 63 Henriot,
683 3239 209 74 Émile,
920 3255 172 49 1889-

519 3324 1100 70 … Tout va finir. Paris, Plon [ 1936]
458 3400 685 50 4 p. l. , 245 p., 1 l. 19 cm .
459 3458 38 39 A
538 3459 155 40 novel.

386 3509 1862 55 © Apr. 6, 1936; 1c. July 11; A- Foreign 32304; Librairie Plon.
466 3572 283 48 (36-19236)

385 3673 280 66 Herring,
693 3675 255 54 Edward
973 3672 343 63 Pendleton,
1345 3679 171 49 1903-

457 3751 242 53 Federal
730 3751 480 67 commissioners;
1244 3770 31 34 a
1307 3752 173 67 study
1510 3750 64 52 of
1602 3749 150 55 their
1782 3767 218 37 careers
2031 3751 112 52 and
384 3747 1988 151 qualifications,
642 3830 76 68 by
741 3830 67 54 E.
833 3831 321 53 Pendleton
1177 3828 276 69 Herring.
1515 3828 364 69 Cambridge,
1905 3829 191 67 Mass.,
2120 3828 273 53 Harvard

387 3909 316 68 university
730 3926 175 50 press,
937 3913 149 50 1936.

457 3982 65 43 xi,
559 3981 82 39 151
680 3993 42 37 p.
783 3981 55 40 23½
872 3984 44 21 cm
922 4013 7 7 .
1001 3981 302 49 (Half-title:
1336 3981 229 39 Harvard
1602 3979 218 49 political
1858 3979 201 45 studies,
2096 3979 110 47 pub.
2244 3980 152 39 under

389 4039 81 39 the
498 4037 239 42 direction
764 4038 52 40 of
843 4039 82 40 the
951 4040 141 47 Dept.
1121 4038 52 41 of
1198 4038 316 49 government
1539 4037 56 44 in
1616 4038 231 40 Harvard
1876 4035 297 49 university)
