2519 4377
1050 4092 100 53 637

180 542 134 47 xviii,
347 542 85 38 424
463 552 41 36 p.
538 541 110 40 incl.
683 541 140 47 illus.,
857 542 168 45 tables,
1060 540 177 47 diagrs.
1301 540 172 40 double
1506 550 124 37 map.
1694 538 144 41 19½cm.

183 598 145 39 “This
350 598 121 39 book
493 598 287 46 supersedes
806 597 83 39 the
913 595 216 42 author’s
1158 597 212 38 ‘Manual
1398 596 50 39 of
1474 595 261 48 surveying
1760 595 78 39 for
1867 595 111 39 field
2004 596 97 39 and

108 653 157 44 office’,
300 654 106 40 first
441 654 255 47 published
734 654 49 37 in
819 651 348 42 1915.”—Pref.

181 709 344 41 “References”:
585 720 43 37 p.
660 708 215 41 291-292.

111 762 52 53 ©
192 768 112 46 May
333 767 66 46 16,
430 765 139 42 1936;
600 765 68 39 2c.
697 766 112 46 May
839 764 80 42 19;
953 764 81 41 aff.
1066 765 115 46 May
1210 763 80 46 21;
1324 763 39 39 A
1394 762 169 47 94502;
1599 761 347 41 McGraw-Hill
1979 762 121 39 book

180 833 81 36 co.,
285 823 89 39 inc.
437 821 249 49 (36-2729)

109 918 320 63 Dearborn,
457 917 127 53 Ned
613 916 283 64 Harland,
930 920 169 50 1893-

180 993 152 55 Once
373 994 57 51 in
469 1012 31 33 a
537 992 271 66 lifetime;
847 1011 31 34 a
913 990 173 69 guide
1119 996 58 48 to
1214 990 95 53 the
1347 989 148 55 CCC
1532 1008 182 49 camp,
1750 990 74 68 by
1862 989 123 53 Ned
2023 991 75 51 H.

108 1067 1967 149 Dearborn … New York, Chicago, Charles E. Merrill company [ c 1936]
180 1233 40 33 v,
244 1221 97 47 308,
367 1221 53 49 [6]
447 1232 41 36 p.
513 1221 107 40 incl.
645 1221 128 39 illus.
803 1219 159 49 (map)
993 1220 141 39 form,
1184 1219 163 46 front.,
1368 1221 152 47 ports.
1569 1219 55 41 19
1626 1221 45 22 cm
1676 1251 8 9 .

179 1278 158 39 Blank
365 1287 144 38 pages
536 1278 78 38 for
641 1276 205 41 “Notes”
883 1276 81 50 ([6]
997 1279 52 38 at
1075 1276 116 47 end)

180 1335 222 39 Includes
430 1333 390 47 bibliographies.

109 1386 52 53 ©
192 1392 119 38 Mar.
343 1390 67 47 18,
442 1390 138 41 1936;
613 1389 67 40 2c.
712 1391 121 40 Mar.
863 1388 82 48 27;
979 1388 81 40 aff.
1085 1390 119 46 May
1234 1389 51 46 1;
1320 1390 42 37 A
1388 1389 171 48 92550;
1594 1390 200 40 Charles
1826 1391 51 37 E.
1912 1390 187 40 Merrill

178 1457 65 29 co.
314 1446 281 49 [Copyright
631 1446 42 39 is
711 1445 203 40 claimed
954 1455 60 28 on
1053 1455 105 29 new
1197 1448 177 37 matter
1416 1446 95 39 and
1551 1447 224 48 changes]

189 1502 277 48 (36-10627)

108 1603 334 66 Denlinger,
473 1602 377 67 Sutherland,
884 1608 170 51 1900-

175 1680 140 54 War
351 1680 58 52 in
448 1680 94 53 the
581 1677 240 69 Pacific;
864 1698 29 34 a
936 1680 171 68 study
1145 1679 64 54 of
1246 1678 212 69 navies,
1499 1680 229 67 peoples
1769 1681 113 52 and
1921 1680 179 53 battle

107 1756 1929 72 problems [by] Sutherland Denlinger and Charles B. Gary …
108 1835 136 54 with
270 1855 161 49 maps
459 1837 112 52 and
599 1836 205 53 charts.
866 1836 138 52 New
1030 1834 180 69 York,
1235 1835 68 53 R.
1332 1835 80 54 M.
1441 1835 275 53 McBride
1744 1835 45 51 &
1816 1853 281 52 company

109 1917 192 65 [c1936]

176 1987 84 41 viii
285 1998 58 39 p.,
369 1989 27 38 2
455 2019 7 14 l.,
489 1985 146 42 3-338
658 1997 44 37 p.
726 1987 108 41 incl.
928 2020 8 17 pl.,
962 1996 150 38 maps,
1141 1985 177 48 diagrs.
1378 1984 58 41 22
1438 1988 44 22 cm
1485 2017 10 9 .

176 2045 162 41 “First
370 2044 225 41 edition.”

109 2100 52 52 ©
190 2106 113 45 May
331 2104 67 44 19,
428 2103 113 41 1936;
599 2103 68 40 2c.
697 2104 114 47 May
838 2102 54 41 23;
952 2102 82 41 aff.
1067 2104 117 46 May
1208 2102 60 39 20;
1323 2103 41 38 A
1394 2102 146 40 95366;
1599 2103 42 40 S.
1674 2102 276 48 Denlinger,
1983 2103 117 40 New

177 2161 143 39 York.
387 2160 279 48 (36-10574)

106 2262 296 65 Dunning,
432 2260 254 56 William
716 2260 222 65 Bailey,
970 2264 170 53 1874-

177 2340 54 51 A
256 2338 320 69 dictionary
602 2338 64 52 of
691 2339 193 53 dental
908 2338 210 53 science
1145 2338 111 52 and
1284 2343 106 61 art,
1418 2338 349 68 comprising
1791 2340 95 51 the
1913 2339 185 51 words

108 2419 112 52 and
263 2417 232 67 phrases
536 2435 209 49 proper
786 2422 58 47 to
885 2417 191 52 dental
1120 2418 313 65 literature,
1474 2418 138 51 with
1656 2416 150 52 their
107 2434 1965 113 pronunciation
343 2496 110 51 and
480 2494 337 68 derivation,
842 2495 76 67 by

108 2494 1988 146 William B. Dunning … and S. Ellsworth Davenport, jr. … with seventy-nine illustrations, twelve
107 2650 65 52 of
200 2650 184 52 which
415 2669 94 34 are
537 2651 57 52 in
627 2651 168 53 color.
870 2650 424 67 Philadelphia,
1321 2652 65 51 P.
1420 2650 346 54 Blakiston’s
1796 2669 97 37 son
1927 2656 45 49 &
2001 2671 96 34 co.,

108 2729 334 67 inc. [ c 1936]
179 2800 96 48 xiv,
306 2799 84 41 635
417 2810 43 38 p.
519 2800 129 42 illus.
678 2800 133 48 (part
840 2801 114 45 col.;
985 2800 111 40 incl.
1128 2799 173 49 ports.)
1369 2800 56 40 25
1426 2802 44 22 cm
1475 2831 9 8 .

109 2854 52 54 ©
189 2860 113 47 Apr.
330 2858 68 48 30,
427 2857 112 40 1936;
597 2857 66 41 2c.
694 2859 95 38 and
818 2857 80 40 aff.
932 2858 115 47 May
1074 2858 23 37 1;
1157 2858 42 38 A
1224 2856 142 41 94243;
1427 2858 50 40 P.
1508 2857 297 40 Blakiston’s
1835 2868 84 29 son
1951 2859 37 40 &
2016 2869 81 39 co.,

179 2915 89 41 inc.
337 2915 277 48 (36-30638)

109 3017 425 64 Encyclopedia
556 3018 63 53 of
642 3016 305 54 American
970 3018 337 66 biography.
1367 3018 138 51 New
1528 3017 184 54 series.
1778 3019 241 66 [Volume
2046 3023 46 63 5]

179 3096 196 53 Under
411 3096 94 51 the
541 3094 266 53 editorial
844 3093 275 54 direction
1159 3095 62 52 of
1260 3095 271 54 Winfield
1573 3095 159 54 Scott
1770 3098 230 64 Downs,
2038 3098 60 50 in

179 3172 332 54 association
544 3173 139 52 with
718 3191 30 33 a
779 3173 225 52 notable
1038 3172 265 67 advisory
1335 3173 192 52 board.
1597 3175 137 51 New
1767 3174 177 66 York,
1977 3176 121 51 The

178 3250 301 52 American
502 3251 292 51 historical
821 3250 225 66 society,
1069 3252 126 63 inc.,
1223 3253 148 51 1936.

178 3322 947 48 2 p. l. , 483 p. front., ports. 27½cm.
111 3374 52 53 ©
192 3379 108 42 Feb.
329 3379 38 45 1,
396 3377 112 41 1936;
565 3378 66 40 2c.
662 3379 95 39 and
786 3379 81 40 aff.
897 3379 128 39 June
1050 3379 27 38 4;
1134 3378 41 38 A
1202 3377 142 40 95551;
1400 3379 145 39 Amer.
1589 3378 251 40 historical
1871 3389 107 37 soc.,
2007 3380 91 39 inc.

1891 3434 119 42 4092

113 3534 1985 148 Encyklopädie der mathematischen Wissenschaften mit einschluss ihrer anwendungen. 4. bd. … Mechanik, redigiert
180 3691 1917 68 von Felix Klein … und Conrad Müller … Registerband,
179 3769 103 52 mit
322 3767 177 54 einem
540 3769 389 52 Schlussworte
968 3788 67 33 zu
1075 3770 125 51 dem
1241 3769 389 68 gesamtwerk,
1668 3787 109 33 von
1820 3770 60 54 C.
1923 3770 172 55 Cara-

180 3846 1356 68 théodory … Leipzig, B. G. Teubner, 1935.
185 3930 30 26 X
242 3929 56 36 p.,
327 3920 22 36 1
415 3903 10 62 l.;
451 3917 83 40 159
561 3930 42 36 p.
659 3918 145 41 26½cm.

113 3969 1983 53 © Sept. 20, 1935; 1c. Apr. 30. 1936; A -Foreign 31645; B. G. Teubner.
