2519 4377
1087 4087 97 50 685

127 453 286 69 [Meynell,
440 453 300 53 Laurence
766 452 241 67 Walter]
1041 458 168 50 1899-

188 529 238 54 Women
459 528 114 54 had
604 534 62 47 to
697 529 70 53 do
800 528 76 53 it!
951 530 89 67 By
1074 527 267 69 Geoffrey
1375 527 241 53 Ludlow
1717 527 138 53 [pseud.]
119 526 1970 146 London,
276 608 46 51 I.
348 606 310 53 Nicholson
684 607 112 52 and
820 607 256 68 Watson,
1101 605 240 69 limited,
1371 608 150 50 1936.

190 692 98 49 326,
322 694 54 49 [1]
406 702 42 38 p.
509 691 115 41 19cm.

123 761 1993 52 © 1c. June 1, 1936; A ad int. 21477; pubd. Apr. 2; L. W. Meynell,
192 823 118 39 East
344 821 224 48 Harting,
603 822 193 48 Sussex,
828 822 235 47 England.
1135 820 279 49 (36-11957)

122 926 253 63 Mourer,
403 925 247 55 Charles
676 924 220 65 Calvin,
928 930 171 50 1882-

190 1002 1812 68 Twelve Rheological [t]ornadoes, by Chas. C. Mourer …
127 1080 364 67 [Cincinnati,
516 1084 175 63 c1935]

194 1149 793 49 271 p. front. (port.) 19½cm.
194 1221 127 40 Title
349 1221 172 39 within
548 1221 132 39 lined
708 1221 173 39 border
908 1221 184 47 stating
1123 1223 81 37 the
1233 1222 242 39 doctrines
1505 1222 50 38 of
1585 1221 81 40 the
1695 1221 194 43 church.

124 1290 53 53 ©
203 1296 111 39 Dec.
343 1294 68 48 12,
439 1293 112 41 1935;
606 1293 69 41 2c.
702 1294 113 47 Apr.
843 1293 69 50 29,
942 1292 116 41 1936;
1114 1293 81 39 aff.
1225 1294 113 47 Apr.
1367 1292 59 41 28
1441 1304 8 31 :
1481 1294 40 38 A
1546 1292 147 42 94189;
1749 1294 49 40 C.
1829 1294 49 40 C.
1910 1294 208 46 Mourer,

198 1351 290 42 Cincinnati.
556 1349 280 49 (36-11119)

122 1453 288 63 Navarro,
434 1455 170 51 Mme.
628 1455 174 61 Mary
833 1453 371 64 (Anderson)
1237 1453 87 63 de,
1352 1458 170 49 1859-

194 1531 290 53 Incidents
529 1532 126 51 that
700 1532 142 52 have
886 1530 303 53 interested
1234 1549 115 48 me;
1396 1532 171 65 Mary
1610 1530 302 53 Anderson
125 1530 1968 132 (Madame
325 1609 68 53 de
431 1607 289 69 Navarro)
771 1607 333 70 continuing
1140 1609 101 52 her
1278 1607 441 69 reminiscences,
1757 1608 128 52 tells
1923 1607 64 54 of
2025 1608 95 53 the

124 1688 163 52 times
317 1689 94 51 she
440 1688 186 52 “came
655 1687 193 67 back,”
878 1688 111 52 and
1019 1688 61 52 of
1109 1688 95 52 the
1234 1687 282 68 planning
1544 1687 62 52 of
1634 1688 96 52 the
1761 1687 265 55 “Garden
2058 1688 62 51 of

125 1765 210 54 Allah”
361 1766 151 66 play.
593 1765 361 67 [Instalment
980 1770 48 62 3]

206 1839 81 47 (In
323 1835 134 43 Good
492 1834 385 53 housekeeping,
912 1836 134 51 May,
1081 1835 143 51 1936)

127 1904 1995 52 © 1c. June 26, 1936; A ad int. 21571; pubd. Apr. 30; M. A. de Navarro,
197 1965 286 47 Broadway,
520 1965 420 46 Worcestershire,
979 1966 236 46 England.

126 2065 356 65 Negligence
515 2067 110 52 and
660 2068 421 66 compensation
1112 2084 150 35 cases
1295 2067 305 52 annotated;
1662 2068 97 51 the
1790 2066 333 53 workmen’s

197 2143 438 68 compensation,
684 2144 330 68 employers’
1063 2143 250 69 liability
1362 2145 112 52 and
1521 2151 228 47 current
1796 2144 327 67 negligence

197 2240 150 37 cases
376 2223 232 53 decided
639 2222 59 53 in
729 2223 97 53 the
856 2222 217 54 federal
1106 2228 188 48 courts
1323 2223 62 54 of
1416 2223 95 52 the
1540 2222 217 56 United
1792 2223 205 67 States,
2030 2224 93 51 the

198 2306 186 47 courts
415 2301 61 53 of
509 2301 110 53 last
650 2306 180 48 resort
860 2301 62 52 of
955 2302 75 52 all
1063 2302 95 53 the
1189 2306 173 47 states
1393 2303 112 52 and
1537 2303 314 51 territories
1885 2301 112 53 and
2029 2303 95 51 the

200 2378 242 67 English
489 2380 109 51 and
646 2378 296 55 Canadian
989 2385 205 60 courts,
1238 2379 140 54 with
1423 2380 303 66 pleadings
1769 2380 111 51 and
1926 2380 196 53 forms.

200 2459 89 64 By
337 2457 94 51 the
479 2456 339 67 publishers’
866 2456 265 53 editorial
1180 2458 133 51 staff.
1414 2458 223 51 volume
1687 2461 80 49 38.
1855 2456 270 68 Chicago,

200 2533 318 67 Callaghan
548 2535 111 51 and
688 2552 294 50 company,
1011 2538 149 50 1936.

200 2607 203 48 xxxviii,
432 2606 83 40 812
544 2618 42 36 p.
644 2607 146 40 26½cm.

133 2672 52 53 ©
215 2677 128 38 June
371 2675 69 49 12,
472 2675 115 41 1936;
644 2675 66 41 2c.
744 2677 129 39 June
901 2676 81 47 15;
1018 2676 82 41 aff.
1134 2677 126 40 June
1292 2677 53 39 13;
1408 2677 40 39 A
1481 2676 171 48 94947;
1686 2677 270 47 Callaghan
1990 2677 36 40 &
2058 2687 67 29 co.

130 2793 144 52 New
307 2794 160 51 York
512 2794 216 66 (State)
813 2792 183 67 Laws,
1027 2798 256 63 statutes,
1315 2800 101 46 etc.

205 2871 234 54 Cahill’s
476 2873 137 51 New
651 2871 162 55 York
848 2871 132 53 civil
1017 2871 262 68 practice.
1354 2875 133 50 1936
1522 2872 343 54 cumulative
132 2872 1970 131 supplement.
330 2949 330 67 containing
687 2951 94 50 the
808 2951 138 51 laws
973 2951 230 51 enacted
1234 2953 58 49 at
1319 2951 93 52 the
1446 2954 150 63 1932,
1627 2954 151 62 1933,
1811 2954 149 62 1934,
1994 2954 131 49 1935

133 3028 234 52 sessions
415 3027 325 67 (including
772 3028 95 51 the
903 3028 436 67 extraordinary
1373 3028 263 67 sessions)
1685 3029 111 52 and
1833 3030 94 50 the
133 3047 1970 109 regular
271 3108 132 48 1936
451 3105 205 51 session
706 3104 63 52 of
816 3106 96 51 the
960 3106 355 65 Legislature
1367 3107 110 51 and
1527 3107 94 51 the
1672 3107 242 66 changes
1964 3107 163 52 made

134 3182 1886 69 by the courts in the rules. Edited by Austin B. Griffin …
137 3258 267 67 Chicago,
430 3259 319 66 Callaghan
776 3261 109 51 and
912 3279 295 48 company,
1237 3264 148 50 1936.

211 3331 280 41 cover-title,
519 3331 50 47 ii,
596 3331 90 41 408
710 3343 43 37 p.
809 3332 145 40 26½cm.

208 3388 117 39 This
363 3388 247 47 pamphlet
653 3388 41 40 is
736 3391 48 37 to
825 3389 55 38 be
922 3388 137 40 fitted
1100 3388 102 39 into
1244 3389 80 40 the
1366 3390 169 47 pocket
1578 3391 50 38 at
1671 3390 81 39 the
1792 3390 122 39 back
1955 3390 52 38 of
2049 3391 81 38 the

139 3445 187 42 volume
357 3445 51 38 of
437 3445 82 39 the
545 3447 79 37 set
652 3447 48 38 to
731 3444 156 40 which
918 3445 38 39 it
986 3445 208 47 belongs.

139 3509 53 53 ©
223 3514 125 41 June
379 3514 67 48 13,
479 3513 113 41 1936;
653 3514 66 40 2c.
752 3514 130 40 June
910 3515 53 39 17;
1025 3513 82 42 aff.
1141 3515 126 39 June
1298 3514 54 40 16;
1413 3515 40 39 A
1483 3513 148 43 95715;
1690 3514 269 49 Callaghan
1994 3514 37 41 &
2062 3524 68 30 co.

138 3632 212 62 North,
378 3632 171 64 John,
579 3638 171 48 1894-

211 3708 305 66 Gallipoli;
575 3709 96 52 the
723 3708 207 67 fading
984 3707 199 68 vision,
1239 3710 73 66 by
1368 3710 153 53 John
1579 3710 202 52 North.
1874 3708 258 67 London,

140 3786 184 51 Faber
348 3786 111 51 and
484 3786 201 65 Faber,
708 3786 220 52 limited
980 3790 151 62 [1936]

211 3857 87 41 390
324 3870 42 36 p.
423 3858 162 47 front.,
617 3859 170 46 plates,
817 3858 116 40 fold.
966 3868 149 37 maps.
1174 3857 146 42 22½cm.

145 3922 1971 107 © 1c. May 15, 1936; A ad int. 21425; pubd. Mar. 18; J. North, Beaconsfield,
370 3984 172 47 Bucks,
579 3983 234 47 England.
887 3982 278 47 (36-11176)
