2519 4377
1303 4123 138 54 1522

365 421 284 64 Baldwin,
676 419 259 58 William
965 420 276 61 Edward,
1269 424 174 51 1883-
1655 421 86 54 ed.

498 498 1629 70 … New York banking law, annotated, containing all
368 502 1991 132 amendments
580 578 255 70 through
872 578 248 70 August,
1156 582 152 64 1936,
1340 577 141 54 with
1515 577 367 56 annotations
1917 578 156 55 from
2106 579 279 55 decisions

366 657 65 53 of
467 658 98 53 the
602 662 191 51 courts
830 658 115 53 and
985 657 224 70 rulings
1248 657 65 53 of
1351 658 100 55 the
1488 661 267 65 attorney
1792 658 249 69 general,
2080 658 190 55 edited
2310 659 74 68 by

369 736 2013 70 William Edward Baldwin … New York, Cleveland, Banks-
374 816 263 55 Baldwin
665 817 113 54 law
805 816 340 70 publishing
1173 834 285 51 company
1674 851 13 34 [c1936]

437 890 863 51 3 p. l., 395 (i. e. 463) p. 23½ cm .
438 949 230 44 Includes
697 951 142 41 extra
870 948 266 46 numbered
1171 958 160 41 pages.

439 1009 64 41 At
528 1008 130 42 head
684 1007 55 42 of
764 1007 139 43 title:
929 1007 118 42 1936
1072 1008 200 42 edition.

369 1064 53 53 ©
461 1068 103 40 Oct.
603 1066 71 50 13,
712 1066 117 41 1936;
896 1065 68 42 2c.
1004 1067 103 41 Oct.
1147 1066 56 40 15;
1272 1065 82 41 aff.
1394 1066 119 41 Nov.
1550 1064 26 40 2;
1644 1066 42 39 A
1722 1064 147 42 99377;
1938 1067 73 39 W.
2053 1067 53 40 E.
2147 1065 239 46 Baldwin,

440 1124 278 42 Cleveland.
791 1122 283 50 (36-23850)

366 1229 288 65 Barbour,
682 1228 193 66 Ralph
905 1229 225 65 Henry,
1162 1229 173 56 1870-

438 1306 118 54 For
602 1305 223 70 safety!
904 1307 93 68 By
1041 1305 196 69 Ralph
1282 1306 206 69 Henry
1536 1306 266 54 Barbour;
1881 1305 384 55 illustrations
2311 1306 76 67 by

369 1386 256 54 Edward
688 1386 62 57 C.
813 1385 262 56 Caswell.
1168 1386 141 53 New
1371 1384 181 69 York,
1612 1386 261 66 London,
1932 1387 73 52 D.
367 1386 2018 148 Appleton-Century

660 1483 302 51 company,
994 1465 422 69 incorporated,
1453 1469 149 50 1936.

439 1538 961 52 4 p. l., 146 p. front., illus. 19½ cm .
369 1595 54 54 ©
458 1600 129 49 Sept.
619 1597 71 50 18,
724 1597 117 42 1936;
902 1597 68 42 2c.
1004 1598 96 42 and
1135 1599 81 39 aff.
1252 1598 127 47 Sept.
1416 1597 55 41 19;
1534 1598 40 40 A
1606 1596 147 42 98486;
1865 1631 8 8 D.
1908 1597 260 49 Appleton-Century

441 1668 82 37 co.,
555 1657 93 41 inc.
717 1656 284 49 (36-24910)

367 1763 141 65 Bell,
536 1763 159 54 John
725 1761 327 66 Cromwell,
1079 1762 74 65 jr.

438 1838 1949 71 New deal fairy tales, by John C. Bell, jr. … [Philadelphia,
368 1920 244 55 Printed
638 1918 79 70 by
748 1918 239 58 Chilton
1016 1938 99 49 co.,
1143 1927 20 22 c
1167 1922 154 65 1936]

440 1993 88 43 126
559 2004 45 40 p.
664 1993 150 42 22½cm.

442 2052 88 40 “In
567 2062 28 30 a
631 2049 154 44 series
821 2050 53 41 of
908 2050 139 42 short
1082 2049 253 51 questions
1372 2050 96 41 and
1507 2060 231 38 answers,
1776 2049 133 43 facts
1944 2049 152 42 about
2129 2050 261 41 Roosevelt

369 2111 97 40 and
494 2110 83 41 the
602 2120 112 32 new
738 2108 263 50 deal.”—p.
1047 2109 44 50 [3]

371 2165 52 53 ©
461 2169 128 48 Sept.
625 2167 72 48 23,
734 2167 142 41 1936:
913 2167 69 40 2c.
1017 2168 98 39 and
1152 2167 83 39 aff.
1272 2166 102 41 Oct.
1408 2166 28 38 1;
1503 2167 41 39 A
1576 2164 147 41 98741;
1787 2166 44 41 J.
1869 2166 49 41 C.
1956 2166 122 48 Bell,
2114 2165 77 48 jr.,
441 2163 1928 112 Philadelphia.
720 2223 284 52 (36-24920)

367 2331 335 66 Bradbury,
732 2330 240 56 Samuel
1001 2329 212 65 Leslie,
1245 2331 174 55 1879-

440 2404 1887 74 Hiram Harding of Hardscrabble, by S. L. Bradbury …
371 2487 293 69 drawings
694 2486 78 69 by
802 2486 91 55 W.
926 2486 64 54 L.
1023 2485 199 54 Davis.
1290 2484 278 69 Rutland,
1602 2486 116 65 Vt.,
1749 2485 123 55 The
1902 2485 198 54 Tuttle
373 2485 1992 151 publishing
499 2584 101 50 co.,
627 2564 109 56 inc.
773 2598 13 35 [
790 2571 19 23 c
815 2567 154 66 1936]

441 2638 874 52 5 p. l., 15-254 p. front., illus. 19½cm.
371 2693 52 53 ©
452 2698 102 40 Oct.
585 2696 71 49 10,
683 2695 117 42 1936;
857 2695 69 42 2c.
958 2696 96 39 and
1084 2696 81 40 aff.
1200 2696 101 40 Oct.
1332 2695 82 41 22:
1449 2696 40 39 A
1521 2694 174 41 100043;
1759 2695 46 42 S.
1836 2696 51 40 L.
1919 2695 276 48 Bradbury,
439 2695 1932 108 Meadville,
601 2755 84 39 Pa.
755 2752 284 50 (36-23521)

367 2861 204 65 Brent,
597 2861 239 65 Lynton
862 2859 262 67 Wright.

438 2936 211 57 Gittin’
677 2937 61 55 in
765 2939 97 53 the
888 2937 215 56 movies;
1162 2937 342 55 adventures
1533 2935 65 58 of
1626 2957 31 35 a
1684 2942 243 65 country
1952 2937 114 70 boy
2090 2938 61 54 in
374 2939 1988 146 Hollywood,

600 3017 80 70 by
731 3018 234 69 Lynton
1017 3016 239 71 Wright
1310 3018 182 53 Brent;
1577 3017 253 69 pitchers
1884 3018 77 68 by
2009 3018 98 53 the
2161 3018 224 55 author.

369 3095 1368 72 Hollywood, Moderncraft publishers [ c 1936]
438 3170 1299 49 3 p. l., 97 p. front. (port.) illus., plates. 21 cm .
369 3226 57 53 ©
454 3230 102 41 Oct.
587 3229 41 49 9,
660 3228 142 43 1936:
836 3229 67 41 2c.
938 3230 103 41 Oct.
1072 3228 83 44 15:
1189 3229 81 40 aff.
1305 3229 103 41 Oct.
1439 3228 56 40 14;
1555 3230 41 39 A
1626 3227 146 42 98919;
1831 3229 51 40 L.
1915 3230 72 39 W.

2020 3230 166 38 Brent.
448 3228 1920 108 Hollywood,
630 3285 146 44 Calif.
841 3286 284 49 (36-23294)

369 3393 180 65 Buck,
576 3393 220 66 Frank,
825 3399 173 51 1882-

440 3468 1945 72 On jungle trails, by Frank Buck … with Ferrin Fraser.
371 3549 655 70 Yonkers-on-Hudson,
1058 3551 69 54 N.
1162 3551 92 68 Y.,
1283 3551 207 54 World
1519 3550 149 54 book
1696 3567 284 52 company
2016 3582 13 35 [
2034 3557 18 22 c
2058 3551 152 66 1936]

439 3624 83 50 vii,
544 3625 90 43 280
654 3635 46 39 p.
752 3625 166 50 front.,
942 3625 131 42 illus.
1102 3626 135 49 (incl.
1264 3625 138 50 map)
1427 3626 175 48 plates,
1626 3627 152 47 ports.
1829 3625 150 42 20½cm.

437 3681 361 42 “Information
828 3683 151 41 about
1007 3683 190 42 Asiatic
1228 3681 226 53 animals,
1485 3682 151 47 birds,
1669 3682 96 41 and
1797 3681 261 50 reptiles”:
2089 3691 46 40 p.
2164 3678 220 46 263-280.

368 3737 53 52 ©
453 3741 129 48 Sept.
610 3739 73 50 30,
712 3739 116 41 1936;
885 3739 68 41 2c.
986 3741 103 41 Oct.
1118 3740 27 40 3;
1206 3740 81 40 aff.
1320 3740 103 41 Oct.
1455 3739 53 42 5:
1543 3740 39 40 A
1609 3738 148 42 99160;
1817 3740 52 41 F.
1903 3739 152 47 Buck,
2087 3737 296 49 Amityville,

438 3798 136 48 Long
596 3797 183 44 Island.
805 3798 56 39 N.
887 3799 54 38 Y.
1005 3796 283 50 (36-23248)

363 3886 243 64 Bullett,
634 3886 215 55 Gerald
876 3887 277 66 William,
1184 3893 173 51 1894-

436 3963 125 53 The
599 3982 166 35 snare
808 3963 65 52 of
915 3964 95 54 the
1055 3963 221 67 fowler,
1318 3964 77 68 by
1439 3963 216 56 Gerald
1701 3962 239 55 Bullett.
2021 3963 138 53 New
2205 3962 180 69 York,

363 4039 73 58 A.
466 4040 73 55 A.
567 4041 212 71 Knopf,
829 4045 135 58 1936.
