2519 4377
1318 4151 138 51 2040

391 456 296 66 Simpson,
718 457 263 54 Thomas
1011 456 308 65 Marshall,
1355 463 172 51 1881-

465 534 1888 70 Mathematics of finance, by Thomas Marshall Simpson …
394 612 1821 71 Zareh M. Pirenian … Bolling H. Crenshaw … Part II.
395 614 1996 147 Compound
645 690 256 70 interest,
951 691 304 69 annuities,
1308 692 113 53 and
1471 692 107 54 life
1629 693 316 53 insurance.
2041 691 139 55 New
2234 693 182 70 York,

395 770 458 68 Prentice-Hall,
891 772 126 68 inc.,
1056 773 151 51 1936.

469 843 1601 50 ix p., 1 l., 173-328, 126, vi p. incl. tables, diagrs. 23½ cm .
465 914 123 40 Part
646 944 9 18 I,
693 914 259 49 published
988 913 117 42 1935
1139 916 156 40 under
1332 917 83 40 the
1450 916 111 41 title
1597 916 322 42 Commercial
1956 915 214 51 algebra,
2205 917 90 40 has
2332 918 83 40 the

393 983 145 30 name
567 973 199 48 Bolling
796 972 62 41 H.
891 973 268 42 Crenshaw
1188 974 143 48 given
1362 974 110 41 first
1504 984 60 30 on
1596 975 82 40 the
1710 976 99 46 t.-p.

466 1030 73 42 On
571 1040 170 31 cover:
778 1030 186 46 Second
997 1031 200 48 edition,
1229 1032 190 40 revised
1454 1033 96 40 and
1582 1033 245 48 enlarged.

466 1087 317 42 “Answers”:
819 1099 43 38 p.
896 1088 98 41 i-vi
1028 1090 53 39 at
1114 1090 106 40 end.

394 1159 54 53 ©
471 1164 121 48 Aug.
617 1161 72 50 31,
715 1162 142 48 1936,
887 1162 67 40 2c.
982 1163 104 41 Oct.
1112 1162 53 49 5;
1192 1163 82 40 aff.
1302 1163 103 41 Oct.
1430 1162 55 49 9;
1511 1164 42 39 A
1576 1162 173 50 99242;
1778 1163 380 50 Prentice-Hall,
2185 1162 92 43 inc.

475 1220 254 50 (37-1419)

462 1323 1891 70 Mathematics of finance, by Thomas Marshall Simpson …
393 1402 2020 70 Zareh M. Pirenian … Bolling H. Crenshaw … 2d ed., rev.
395 1482 114 53 and
543 1482 109 53 enl.
729 1482 140 53 New
905 1482 181 68 York,
1122 1480 457 70 Prentice-Hall,
1611 1482 127 67 inc.,
1775 1484 150 52 1936.

464 1553 104 47 xiii,
607 1553 101 49 330,
748 1554 91 40 xiii
877 1565 44 37 p.
982 1554 181 49 diagrs.
1223 1553 57 42 23½
1313 1556 45 22 cm
1363 1586 9 9 .

464 1613 59 39 In
555 1613 84 40 the
667 1613 110 40 first
806 1613 186 41 edition
1024 1614 83 40 the
1137 1623 146 31 name
1313 1613 198 49 Bolling
1540 1613 62 43 H.
1636 1613 267 43 Crenshaw
1936 1615 245 47 appeared
2212 1613 110 42 first
2354 1624 60 32 on

393 1670 84 41 the
513 1672 98 47 t.-p.

464 1740 74 42 On
567 1751 170 31 cover:
772 1742 227 42 Without
1028 1742 172 42 tables.

464 1799 135 41 Each
633 1801 115 47 part
779 1800 105 41 also
916 1800 167 41 issued
1116 1800 294 49 separately.

466 1856 170 42 “Brief
662 1857 87 42 list
777 1857 52 41 of
856 1857 335 42 references”:
1220 1869 43 38 p.
1291 1857 219 42 160-161.

464 1914 317 42 “Answers”:
814 1925 44 39 p.
886 1914 142 41 i-xiii
1057 1918 53 39 at
1139 1917 107 41 end.

743 1973 1670 52 CONTENTS. — pt. I. Commercial algebra.—pt. ii. Compound interest,
392 2031 263 48 annuities,
692 2031 97 40 and
822 2030 90 41 life
945 2031 275 41 insurance.

392 2099 53 54 ©
468 2104 121 48 Aug.
614 2104 71 48 21,
710 2104 143 48 1936;
880 2103 68 41 2c.
976 2104 103 41 Oct.
1104 2103 52 45 5;
1185 2104 83 41 aff.
1296 2104 102 41 Oct.
1428 2103 53 49 9;
1509 2105 44 38 A
1576 2102 173 50 99243;
1779 2104 382 50 Prentice-Hall,
2187 2104 91 41 inc.

473 2160 256 50 (37-1417)

389 2265 286 67 Sullivan,
709 2267 303 66 Kathryn,
1050 2272 173 51 1905-

459 2343 318 70 Maryland
827 2344 115 53 and
994 2343 240 69 France,
1285 2341 333 71 1774-1789,
1667 2342 77 71 by
1794 2342 278 70 Kathryn
2129 2341 282 57 Sullivan.

389 2421 435 70 Philadelphia,
857 2421 343 70 University
1239 2421 65 55 of
1340 2421 430 70 Pennsylvania
1808 2439 188 51 press;
2034 2421 262 69 London,
2333 2420 80 54 H.

386 2499 272 71 Milford,
685 2499 233 57 Oxford
946 2499 323 70 university
1295 2517 177 52 press,
1503 2501 153 53 1936.

461 2574 64 47 xi,
556 2574 86 41 195
672 2584 43 38 p.
776 2573 57 41 23½
865 2576 46 22 cm
915 2605 9 10 .

462 2630 173 42 Issued
671 2631 107 40 also
807 2641 55 31 as
896 2629 155 43 thesis
1095 2631 14 49 (PH.
1270 2631 33 48 D.)
1345 2628 289 49 University
1664 2629 55 42 of
1750 2627 378 50 Pennsylvania.

461 2686 381 50 Bibliography:
874 2698 44 38 p.
956 2687 249 52 [149]-181.

392 2754 53 54 ©
473 2759 119 39 Nov.
625 2758 69 49 13,
726 2757 142 49 1936;
897 2757 67 41 2c.
997 2758 97 40 and
1123 2758 83 41 aff.
1238 2758 120 42 Nov.
1388 2756 83 50 23;
1503 2758 42 39 A
1575 2756 174 50 99986;
1783 2757 288 50 University
2103 2758 53 40 of

460 2757 1937 99 Pennsylvania
639 2826 153 38 press.
864 2814 254 50 (37-1587)

388 2919 328 65 Whitman,
742 2920 179 63 Walt,
950 2925 328 51 1819-1892.

461 2997 229 55 Letters
718 2998 234 53 written
977 2997 78 69 by
1081 2997 163 55 Walt
1270 2997 304 55 Whitman
1601 3002 58 49 to
1689 2995 90 56 his
1808 2997 244 69 mother,
2084 2998 331 68 1866-1872,

391 3075 142 53 with
579 3094 72 35 an
695 3075 402 70 introductory
1139 3081 132 50 note
1313 3076 76 68 by
1431 3075 171 55 Kollo
1646 3074 69 57 G.
1763 3074 206 56 Silver.
2049 3077 140 55 New
2233 3076 180 68 York,

390 3154 71 55 A.
490 3155 64 54 F.
584 3153 352 69 Goldsmith,
961 3154 82 54 At
1068 3154 97 54 the
1190 3155 131 68 sign
1348 3153 65 54 of
1436 3154 98 53 the
1562 3152 292 70 Sparrow,
1886 3157 151 51 1936.

459 3227 749 51 2 p. l., 71 p. front. 21½ cm .
462 3285 118 41 “325
609 3285 161 49 copies
802 3284 240 50 printed.”

392 3351 1544 54 © Oct. 30, 1936; 2c. Oct. 31; aff. Nov. 16: A 100845;
1974 3353 175 41 Alfred
2185 3355 51 39 F.
463 3354 1933 97 Goldsmith.
688 3411 284 50 [Copyright
1000 3411 42 39 is
1073 3411 208 40 claimed
1308 3421 60 30 on
1396 3410 341 47 introductory
1765 3412 116 39 note
1907 3411 61 47 by
1999 3411 141 40 Rollo
2170 3411 54 41 G.
2257 3410 158 43 Silver

467 3469 95 39 and
592 3468 321 48 frontispiece
939 3468 63 48 by
1031 3469 108 46 Ray
1168 3467 291 50 Goldsmith]
1527 3466 224 52 (37-951)

388 3575 369 63 Woodward,
792 3573 248 65 George,
1075 3578 175 51 1863-

461 3653 121 51 The
625 3652 429 66 Pennsylvania
1093 3651 314 67 legislator.
1622 3653 48 50 3.
1711 3650 273 55 Political
2026 3668 188 51 essays
389 3649 1998 134 written
520 3731 94 51 for
649 3731 278 52 members
961 3729 63 53 of
1059 3730 96 53 the
1190 3729 248 55 General
1472 3728 297 68 assembly,
1802 3726 308 70 published
2145 3747 169 49 every
2348 3746 60 37 so

390 3804 1994 150 often by George Woodward … Philadelphia, Harris & Partridge, inc., 1936.
462 3956 619 52 4 p. l., 3-228 p. 18½ cm .
393 4027 54 53 ©
477 4032 112 39 Dec.
625 4029 69 49 15,
727 4029 142 48 1936;
903 4029 67 41 2c.
1003 4029 96 39 and
1132 4029 82 41 aff.
1249 4030 112 39 Dec.
1394 4026 83 50 28;
1513 4028 39 40 A
1584 4025 202 49 101526;
1822 4026 54 41 G.
1908 4023 308 50 Woodward,
464 4023 1927 112 Philadelphia.
