2519 4377
1377 4086 64 50 88

413 418 210 66 Waite,
651 420 278 54 Carleton
959 422 336 55 Frederick.

544 497 1882 71 … Some elements of international military co-operation in
411 576 96 54 the
541 576 370 68 suppression
948 577 63 53 of
1046 578 95 53 the
1181 581 134 51 1900
1352 577 355 70 antiforeign
1742 579 185 67 rising
1963 578 61 53 in
2062 578 187 56 China
2285 579 141 54 with

410 654 1993 149 special reference to the forces of the Unitel States, by Carleton Frederick Waite … Los Angeles,
1794 736 122 53 The
1969 734 341 69 University
2363 738 64 52 of

413 813 288 56 Southern
734 813 328 55 California
1093 832 176 48 press,
1302 817 150 50 1935.

483 913 26 40 3
533 924 43 37 p.
635 944 8 17 l.,
668 911 57 41 52
748 922 43 38 p.
844 912 55 40 23
903 914 44 21 cm
952 944 9 9 .
1023 912 127 49 (The
1173 911 284 50 University
1482 912 52 42 of
1559 913 243 41 Southern
1828 910 290 44 California.
2176 913 171 42 School
2376 916 51 40 of

413 971 228 41 research
662 971 203 41 studies,
924 981 77 30 no.
1023 970 81 49 12)

486 1055 160 42 Social
673 1056 187 40 science
886 1055 167 41 series,
1107 1066 77 31 no.
1210 1054 70 42 15.

485 1111 327 50 “Containing
836 1113 247 47 approved
1104 1112 219 49 portions
1351 1113 52 39 of
1428 1123 28 30 a
1481 1112 320 41 dissertation
1824 1113 229 48 accepted
2081 1113 61 48 by
2166 1114 82 39 the
412 1114 1995 97 Council
506 1180 62 30 on
599 1171 243 47 graduate
870 1171 147 47 study
1048 1171 98 40 and
1177 1171 227 39 research
1439 1169 299 51 [University
1769 1169 52 40 of
1855 1170 245 41 Southern
2133 1169 290 52 California]

464 1226 1440 50 … for the degree of doctor of philosophy, June, 1935.”
484 1284 252 43 “Selected
756 1283 369 51 bibliography”:
1188 1295 45 38 p.
1257 1284 191 51 [47]-52.

407 1367 53 54 ©
501 1373 111 39 Dec.
656 1372 70 48 18,
766 1371 142 47 1935;
952 1371 66 40 2c.
1062 1371 97 39 and
1201 1369 83 41 aff.
1325 1371 110 39 Jan.
1478 1371 39 46 2,
1561 1369 140 44 1936;
1747 1371 40 38 A
1829 1370 173 48 90126;
2048 1370 284 48 University
2375 1372 53 40 of

480 1429 243 41 Southern
753 1428 289 47 California,
1072 1429 93 39 Los
1194 1428 221 48 Angeles.
1484 1427 252 48 (36-3969)

408 1533 200 65 Wead,
638 1533 202 53 Frank
866 1531 241 65 Wilber,
1140 1537 171 51 1895-

477 1607 124 57 Our
637 1614 250 64 greatest
925 1607 379 71 story-teller;
1344 1607 98 54 the
1479 1613 159 64 story
1676 1605 65 56 of
1776 1605 231 72 talking
2043 1606 268 70 pictures,
2345 1607 76 70 by

407 1686 2013 72 Frank W. Wead; illustrated by Paul Laune … New York, T.
406 1767 212 55 Nelson
645 1768 117 54 and
787 1785 148 49 sons,
963 1768 152 52 1936.

478 1871 60 47 vi,
563 1869 130 49 7-62,
722 1868 56 51 [1]
804 1878 43 38 p.
872 1867 111 41 incl.
1010 1867 165 50 front.,
1201 1866 129 43 illus.
1382 1866 57 41 19½
1471 1867 45 22 cm
1520 1898 9 8 .
1594 1864 128 51 (Our
1746 1865 244 50 changing
2015 1865 178 50 world)

476 1955 292 41 Illustrated
804 1953 364 49 lining-papers.

403 2039 53 53 ©
491 2043 111 41 Feb.
635 2043 42 47 3,
711 2042 142 48 1936;
889 2042 68 41 2c.
992 2043 97 39 and
1123 2040 84 42 aff.
1243 2041 111 42 Feb.
1388 2041 54 47 4;
1479 2041 42 39 A
1552 2039 172 49 90672;
1763 2041 213 40 Thomas
2012 2041 180 41 Nelson
2228 2041 36 41 &
2296 2051 126 30 sons.

484 2099 255 50 (36-3996)

406 2204 289 66 Wheeler,
721 2204 159 66 Udly
903 2203 200 56 Jones.

497 2282 183 54 These
727 2282 33 53 I
807 2282 148 52 have
1000 2280 184 54 found
1256 2280 92 67 [by]
1402 2280 160 68 Udly
1610 2279 176 54 Jones
1834 2278 282 56 Wheeler.
2201 2279 223 68 Dallas,

408 2360 1197 70 Tex., The Kaleidograph press [ c 1935]
476 2451 49 40 xi
553 2462 59 38 p.,
637 2449 26 40 2
726 2482 8 17 l.,
762 2449 147 41 17-84
933 2459 44 38 p.
1032 2448 119 41 20cm.

477 2537 186 41 Poems.

402 2618 53 54 ©
482 2624 112 39 Dec.
624 2623 40 47 7,
691 2621 141 47 1935;
864 2621 65 40 2c.
962 2621 111 40 Jan.
1102 2619 70 49 27,
1202 2618 141 48 1936;
1376 2617 81 41 aff.
1488 2618 110 40 Jan.
1629 2616 84 48 24;
1744 2617 43 39 A
1814 2615 174 49 91459;
2023 2617 55 41 U.
2109 2618 45 40 J.
2183 2617 237 47 Wheeler,

469 2680 217 46 Abilene,
717 2680 114 40 Tex.
899 2677 253 50 (36-3828)

405 2783 206 67 Willis,
637 2785 141 53 Mrs.
807 2782 203 56 Carrie
1042 2781 297 66 (Hunter)
1376 2785 172 51 1890-

473 2861 186 54 Those
695 2860 126 54 who
858 2859 204 67 dared;
1101 2859 200 54 stories
1339 2856 64 54 of
1439 2855 156 70 early
1634 2853 140 71 days
1811 2853 61 55 in
1909 2871 104 36 our
2050 2857 258 66 country,
2345 2853 73 70 by

405 2931 2015 73 Carrie Hunter Willis and Lucy S. Saunders … Chapel Hill,
403 3019 121 53 The
563 3017 336 68 University
936 3015 64 55 of
1036 3015 187 53 North
1263 3012 268 57 Carolina
1571 3029 154 51 press
1766 3045 13 34 [
1784 3018 18 20 c
1807 3013 133 50 1935
1948 3046 11 33 ]

473 3103 101 48 viii,
610 3102 88 40 314
733 3112 43 38 p.
837 3102 128 40 illus.
1026 3100 56 40 21
1086 3103 43 22 cm
1136 3132 8 9 .

477 3188 141 47 Maps
650 3197 61 30 on
744 3185 367 49 lining-papers.

474 3246 130 40 “The
631 3243 218 48 library”
879 3246 52 39 at
961 3245 93 40 end
1083 3243 53 40 of
1163 3243 119 41 each
1312 3243 124 48 part.

402 3329 52 53 ©
485 3335 112 38 Dec.
628 3332 70 48 23,
731 3332 140 46 1935;
906 3332 67 40 2c.
1005 3331 109 40 Jan.
1148 3330 70 47 30,
1250 3329 141 47 1936;
1426 3328 81 41 aff.
1542 3327 111 40 Feb.
1682 3327 52 46 6;
1770 3327 40 38 A
1842 3325 172 48 90620;
2051 3324 283 49 University
2368 3325 52 41 of

472 3392 155 38 North
663 3390 229 40 Carolina
927 3400 149 37 press.
1149 3385 252 50 (36-3790)

406 3494 173 66 Wolf,
611 3494 318 54 Frederick
960 3493 252 65 Adolph,
1246 3498 171 51 1885-

406 3564 1985 154 Tobacco diseases and decays, by Frederick A. Wolf … Durham, N. C., Duke university press, 1935.
477 3738 99 47 xix,
611 3737 87 39 454
736 3748 43 37 p.
816 3737 110 40 inch
961 3737 164 48 front.,
1161 3736 144 47 illus.,
1341 3734 180 48 diagrs.
1582 3733 54 40 23½
1670 3735 43 21 cm
1719 3763 9 9 .
1800 3729 301 51 (Half-title:
2137 3729 140 40 Duke
406 3729 1992 115 university
620 3794 353 50 publications)

477 3880 379 48 Bibliography;
889 3890 42 37 p.
962 3879 217 40 393-444.

403 3963 51 53 ©
490 3969 111 39 Dec.
638 3967 17 38 3
668 3966 39 47 5,
743 3965 141 41 1935:
921 3966 66 39 2c.
1026 3966 110 39 Dec.
1174 3965 81 46 17;
1295 3963 83 41 aff.
1415 3964 110 39 Jan.
1562 3962 39 49 6,
1639 3960 140 47 1936;
1819 3959 40 39 A
1894 3957 172 41 91088:
2107 3957 142 40 Duke
2285 3956 130 40 univ.

475 4036 150 37 press.
694 4023 251 49 (36-3005)
