<alto xmlns="http://www.loc.gov/standards/alto/ns-v3#" xmlns:xsi="http://www.w3.org/2001/XMLSchema-instance" xsi:schemaLocation="http://www.loc.gov/standards/alto/ns-v3# http://www.loc.gov/alto/v3/alto-3-0.xsd"><Description>
<MeasurementUnit>pixel</MeasurementUnit>
<sourceImageInformation>
<fileName>1936_v33_Part1.pdf</fileName>
</sourceImageInformation>
<OCRProcessing ID="IdOcr">
<ocrProcessingStep>
<processingDateTime>2019-01-18</processingDateTime>
<processingSoftware>
<softwareCreator>ABBYY</softwareCreator>
<softwareName>ABBYY Recognition Server</softwareName>
<softwareVersion>4.0</softwareVersion>
</processingSoftware>
</ocrProcessingStep>
</OCRProcessing>
</Description>
<Styles>
<ParagraphStyle ALIGN="Left" FIRSTLINE="0." ID="StyleId-FFFFFFFF-FFFF-FFFF-FFFF-FFFFFFFFFFFF-" LEFT="0." RIGHT="0." />
<ParagraphStyle ALIGN="Left" FIRSTLINE="0." ID="StyleId-51D50FAC-7A90-4D70-8A96-5EA9D46D1C8B-" LEFT="0." LINESPACE="7.699999809" RIGHT="0." />
<ParagraphStyle ALIGN="Block" FIRSTLINE="-17." ID="StyleId-6BC133E9-7DCB-43C3-8842-A67984A26405-" LEFT="0." LINESPACE="8.340000153" RIGHT="0." />
<ParagraphStyle ALIGN="Left" FIRSTLINE="-13." ID="StyleId-3C3FF860-43E7-46A2-8934-48F305F6F0D6-" LEFT="0." LINESPACE="11.06999969" RIGHT="0." />
<ParagraphStyle ALIGN="Block" FIRSTLINE="-13." ID="StyleId-19220C76-4F8A-4737-B38C-B5F5C17E6040-" LEFT="0." LINESPACE="11.06999969" RIGHT="0." />
<ParagraphStyle ALIGN="Left" FIRSTLINE="0." ID="StyleId-75A0D721-13ED-4F20-9002-B389EC48477D-" LEFT="0." LINESPACE="15.5" RIGHT="0." />
<ParagraphStyle ALIGN="Left" FIRSTLINE="0." ID="StyleId-8A414184-C7A5-4AC7-9B88-7DA4DDE75922-" LEFT="0." LINESPACE="9.399999619" RIGHT="0." />
<ParagraphStyle ALIGN="Left" FIRSTLINE="0." ID="StyleId-1A87970B-111C-4169-99A6-9412976F3C97-" LEFT="0." LINESPACE="10.5" RIGHT="0." />
<ParagraphStyle ALIGN="Block" FIRSTLINE="-17." ID="StyleId-72DB0571-5AE4-41FD-9E11-68C6AC4C437E-" LEFT="0." LINESPACE="8.340000153" RIGHT="0." />
<ParagraphStyle ALIGN="Center" FIRSTLINE="0." ID="StyleId-1AA43056-C388-4697-B10F-72FDAA38FAE1-" LEFT="0." LINESPACE="10.5" RIGHT="0." />
</Styles>
<Layout>
<Page HEIGHT="4377" ID="Page148" PHYSICAL_IMG_NR="148" WIDTH="2519">
<TopMargin HEIGHT="436" HPOS="0" VPOS="0" WIDTH="2519">
</TopMargin>
<LeftMargin HEIGHT="3734" HPOS="0" VPOS="436" WIDTH="398">
</LeftMargin>
<RightMargin HEIGHT="3734" HPOS="2442" VPOS="436" WIDTH="77">
</RightMargin>
<BottomMargin HEIGHT="207" HPOS="0" VPOS="4170" WIDTH="2519">
</BottomMargin>
<PrintSpace HEIGHT="3734" HPOS="398" VPOS="436" WIDTH="2044">
<TextBlock HEIGHT="74" HPOS="1356" ID="Page148_Block1" LANG="en-US" STYLEREFS="StyleId-A3BFA87C-D755-457B-BB7A-63DDE34BCE27-" VPOS="4096" WIDTH="120">
<TextLine HEIGHT="53" HPOS="1366" VPOS="4107" WIDTH="99">
<String CONTENT="148" HEIGHT="53" HPOS="1366" VPOS="4107" WIDTH="99" />
</TextLine>
</TextBlock>
<TextBlock CS="1" HEIGHT="3662" HPOS="398" ID="Page148_Block2" LANG="en-US" STYLEREFS="StyleId-5E7737ED-EF8D-40F4-BD75-C596D3FF1029-" VPOS="436" WIDTH="2044">
<TextLine HEIGHT="70" HPOS="413" STYLEREFS="StyleId-2687E5B0-221C-42FB-98B7-C1B0F08011AF-" VPOS="520" WIDTH="2011">
<String CONTENT="Margery" HEIGHT="69" HPOS="413" VPOS="520" WIDTH="276" />
<SP HEIGHT="67" HPOS="690" VPOS="521" WIDTH="43" />
<String CONTENT="Closey" HEIGHT="68" HPOS="734" VPOS="521" WIDTH="203" />
<SP HEIGHT="68" HPOS="938" VPOS="521" WIDTH="47" />
<String CONTENT="Quigley" HEIGHT="69" HPOS="986" VPOS="521" WIDTH="249" />
<SP HEIGHT="49" HPOS="1236" VPOS="541" WIDTH="49" />
<String CONTENT="..." HEIGHT="9" HPOS="1286" VPOS="566" WIDTH="55" />
<SP HEIGHT="33" HPOS="1342" VPOS="542" WIDTH="52" />
<String CONTENT="and" HEIGHT="52" HPOS="1395" VPOS="523" WIDTH="112" />
<SP HEIGHT="54" HPOS="1508" VPOS="523" WIDTH="43" />
<String CONTENT="William" HEIGHT="55" HPOS="1552" VPOS="522" WIDTH="264" />
<SP HEIGHT="52" HPOS="1817" VPOS="522" WIDTH="44" />
<String CONTENT="Elder" HEIGHT="54" HPOS="1862" VPOS="522" WIDTH="181" />
<SP HEIGHT="53" HPOS="2044" VPOS="523" WIDTH="40" />
<String CONTENT="Marcus" HEIGHT="54" HPOS="2085" VPOS="523" WIDTH="232" />
<SP HEIGHT="34" HPOS="2318" VPOS="543" WIDTH="50" />
<String CONTENT="..." HEIGHT="9" HPOS="2369" VPOS="568" WIDTH="55" />
</TextLine>
<TextLine CS="1" HEIGHT="72" HPOS="414" STYLEREFS="StyleId-2687E5B0-221C-42FB-98B7-C1B0F08011AF-" VPOS="598" WIDTH="1785">
<String CONTENT="New" HEIGHT="53" HPOS="414" VPOS="598" WIDTH="140" />
<SP HEIGHT="52" HPOS="555" VPOS="599" WIDTH="47" />
<String CONTENT="York," HEIGHT="67" HPOS="603" VPOS="599" WIDTH="181" />
<SP HEIGHT="67" HPOS="785" VPOS="599" WIDTH="47" />
<String CONTENT="London." HEIGHT="53" HPOS="833" VPOS="599" WIDTH="261" />
<SP HEIGHT="52" HPOS="1095" VPOS="600" WIDTH="46" />
<String CONTENT="D." HEIGHT="52" HPOS="1142" VPOS="600" WIDTH="71" />
<SP HEIGHT="51" HPOS="1214" VPOS="601" WIDTH="49" />
<String CONTENT="Appleton-Century" HEIGHT="69" HPOS="1264" VPOS="600" WIDTH="586" />
<SP HEIGHT="50" HPOS="1851" VPOS="619" WIDTH="46" />
<String CONTENT="company," HEIGHT="52" HPOS="1898" VPOS="618" WIDTH="301" />
</TextLine>
<TextLine CS="1" HEIGHT="145" HPOS="415" STYLEREFS="StyleId-2687E5B0-221C-42FB-98B7-C1B0F08011AF-" VPOS="600" WIDTH="1991">
<String CONTENT="incorporated" HEIGHT="144" HPOS="415" VPOS="600" WIDTH="1991" />
<SP HEIGHT="66" HPOS="656" VPOS="679" WIDTH="46" />
<String CONTENT="[" HEIGHT="34" HPOS="703" VPOS="711" WIDTH="12" />
<String CONTENT="c" HEIGHT="20" HPOS="718" STYLE="superscript" VPOS="685" WIDTH="20" />
<String CONTENT="1936]" HEIGHT="64" HPOS="745" VPOS="681" WIDTH="152" />
</TextLine>
<TextLine CS="1" HEIGHT="49" HPOS="485" VPOS="764" WIDTH="809">
<String CONTENT="xi," HEIGHT="48" HPOS="485" VPOS="764" WIDTH="65" />
<SP HEIGHT="47" HPOS="551" VPOS="765" WIDTH="27" />
<String CONTENT="190" HEIGHT="41" HPOS="579" VPOS="764" WIDTH="88" />
<SP HEIGHT="49" HPOS="668" VPOS="764" WIDTH="25" />
<String CONTENT="p.," HEIGHT="37" HPOS="694" LANG="fr" VPOS="776" WIDTH="57" />
<SP HEIGHT="48" HPOS="752" VPOS="765" WIDTH="27" />
<String CONTENT="1" HEIGHT="39" HPOS="780" VPOS="765" WIDTH="24" />
<SP HEIGHT="39" HPOS="805" VPOS="765" WIDTH="24" />
<String CONTENT="1." HEIGHT="39" HPOS="830" VPOS="766" WIDTH="30" />
<SP HEIGHT="38" HPOS="861" VPOS="775" WIDTH="57" />
<String CONTENT="plates." HEIGHT="48" HPOS="919" VPOS="765" WIDTH="172" />
<SP HEIGHT="40" HPOS="1092" VPOS="767" WIDTH="55" />
<String CONTENT="19&#189;" CS="1" HEIGHT="41" HPOS="1148" VPOS="765" WIDTH="58" />
<String CONTENT="cm" HEIGHT="22" HPOS="1235" STYLE="superscript" VPOS="768" WIDTH="46" />
<String CONTENT="." HEIGHT="9" HPOS="1285" VPOS="797" WIDTH="9" />
</TextLine>
<TextLine CS="1" HEIGHT="104" HPOS="415" VPOS="835" WIDTH="1998">
<String CONTENT="&#8220;The" HEIGHT="39" HPOS="489" VPOS="835" WIDTH="129" />
<SP HEIGHT="29" HPOS="619" VPOS="845" WIDTH="23" />
<String CONTENT="narrative" HEIGHT="40" HPOS="643" VPOS="835" WIDTH="255" />
<SP HEIGHT="29" HPOS="899" VPOS="845" WIDTH="23" />
<String CONTENT="which" HEIGHT="40" HPOS="923" VPOS="835" WIDTH="159" />
<SP HEIGHT="38" HPOS="1083" VPOS="836" WIDTH="22" />
<String CONTENT="follows" HEIGHT="40" HPOS="1106" VPOS="836" WIDTH="195" />
<SP HEIGHT="29" HPOS="1302" VPOS="847" WIDTH="24" />
<String CONTENT="of" HEIGHT="41" HPOS="1327" VPOS="835" WIDTH="51" />
<SP HEIGHT="40" HPOS="1379" VPOS="835" WIDTH="24" />
<String CONTENT="the" HEIGHT="40" HPOS="1404" VPOS="836" WIDTH="82" />
<SP HEIGHT="39" HPOS="1487" VPOS="837" WIDTH="25" />
<String CONTENT="Montclair," HEIGHT="50" HPOS="1513" VPOS="835" WIDTH="276" />
<SP HEIGHT="48" HPOS="1790" VPOS="837" WIDTH="23" />
<String CONTENT="New" HEIGHT="40" HPOS="1814" VPOS="837" WIDTH="118" />
<SP HEIGHT="41" HPOS="1933" VPOS="836" WIDTH="22" />
<String CONTENT="Jersey," HEIGHT="48" HPOS="1956" VPOS="836" WIDTH="186" />
<SP HEIGHT="47" HPOS="2143" VPOS="837" WIDTH="27" />
<String CONTENT="Free" HEIGHT="41" HPOS="2171" VPOS="837" WIDTH="124" />
<SP HEIGHT="40" HPOS="2296" VPOS="847" WIDTH="21" />
<String CONTENT="public" HEIGHT="93" HPOS="415" VPOS="838" WIDTH="1998" />
<SP HEIGHT="39" HPOS="479" VPOS="892" WIDTH="18" />
<String CONTENT="library" HEIGHT="49" HPOS="498" VPOS="890" WIDTH="188" />
<SP HEIGHT="47" HPOS="687" VPOS="892" WIDTH="20" />
<String CONTENT="is" HEIGHT="39" HPOS="708" VPOS="892" WIDTH="42" />
<SP HEIGHT="30" HPOS="751" VPOS="902" WIDTH="25" />
<String CONTENT="a" HEIGHT="30" HPOS="777" VPOS="902" WIDTH="27" />
</TextLine>
<TextLine HEIGHT="50" HPOS="831" VPOS="891" WIDTH="1600">
<String CONTENT="definite" HEIGHT="41" HPOS="831" VPOS="891" WIDTH="198" />
<SP HEIGHT="37" HPOS="1030" VPOS="902" WIDTH="25" />
<String CONTENT="picture" HEIGHT="48" HPOS="1056" VPOS="891" WIDTH="189" />
<SP HEIGHT="30" HPOS="1246" VPOS="902" WIDTH="23" />
<String CONTENT="of" HEIGHT="40" HPOS="1270" VPOS="892" WIDTH="51" />
<SP HEIGHT="40" HPOS="1322" VPOS="892" WIDTH="22" />
<String CONTENT="a" HEIGHT="29" HPOS="1345" VPOS="903" WIDTH="28" />
<SP HEIGHT="29" HPOS="1374" VPOS="903" WIDTH="25" />
<String CONTENT="single" HEIGHT="47" HPOS="1400" VPOS="893" WIDTH="154" />
<SP HEIGHT="29" HPOS="1555" VPOS="904" WIDTH="24" />
<String CONTENT="suburban" HEIGHT="40" HPOS="1580" VPOS="893" WIDTH="250" />
<SP HEIGHT="38" HPOS="1831" VPOS="895" WIDTH="22" />
<String CONTENT="library" HEIGHT="48" HPOS="1854" VPOS="893" WIDTH="189" />
<SP HEIGHT="48" HPOS="2044" VPOS="893" WIDTH="26" />
<String CONTENT="in" HEIGHT="40" HPOS="2071" VPOS="893" WIDTH="50" />
<SP HEIGHT="29" HPOS="2122" VPOS="904" WIDTH="22" />
<String CONTENT="relation" HEIGHT="41" HPOS="2145" VPOS="893" WIDTH="210" />
<SP HEIGHT="39" HPOS="2356" VPOS="897" WIDTH="24" />
<String CONTENT="to" HEIGHT="40" HPOS="2381" VPOS="897" WIDTH="50" />
</TextLine>
<TextLine HEIGHT="51" HPOS="413" VPOS="947" WIDTH="651">
<String CONTENT="its" HEIGHT="42" HPOS="413" VPOS="947" WIDTH="65" />
<SP HEIGHT="32" HPOS="479" VPOS="958" WIDTH="31" />
<String CONTENT="community.&#8221;&#8212;p." HEIGHT="51" HPOS="511" VPOS="947" WIDTH="451" />
<SP HEIGHT="43" HPOS="963" VPOS="948" WIDTH="29" />
<String CONTENT="23." HEIGHT="42" HPOS="993" VPOS="948" WIDTH="71" />
</TextLine>
<TextLine CS="1" HEIGHT="56" HPOS="412" VPOS="1029" WIDTH="2020">
<String CONTENT="&#169;" HEIGHT="53" HPOS="412" VPOS="1029" WIDTH="53" />
<SP HEIGHT="53" HPOS="466" VPOS="1029" WIDTH="33" />
<String CONTENT="Mar." HEIGHT="40" HPOS="500" VPOS="1034" WIDTH="122" />
<SP HEIGHT="39" HPOS="623" VPOS="1035" WIDTH="34" />
<String CONTENT="13," HEIGHT="47" HPOS="658" VPOS="1034" WIDTH="70" />
<SP HEIGHT="47" HPOS="729" VPOS="1034" WIDTH="32" />
<String CONTENT="1936;" HEIGHT="46" HPOS="762" VPOS="1033" WIDTH="142" />
<SP HEIGHT="46" HPOS="905" VPOS="1033" WIDTH="35" />
<String CONTENT="2c." HEIGHT="42" HPOS="941" VPOS="1033" WIDTH="67" />
<SP HEIGHT="31" HPOS="1009" VPOS="1044" WIDTH="34" />
<String CONTENT="and" HEIGHT="39" HPOS="1044" VPOS="1035" WIDTH="95" />
<SP HEIGHT="38" HPOS="1140" VPOS="1035" WIDTH="35" />
<String CONTENT="aff." HEIGHT="41" HPOS="1176" VPOS="1033" WIDTH="82" />
<SP HEIGHT="39" HPOS="1259" VPOS="1035" WIDTH="35" />
<String CONTENT="Mar." HEIGHT="39" HPOS="1295" VPOS="1035" WIDTH="121" />
<SP HEIGHT="39" HPOS="1417" VPOS="1035" WIDTH="35" />
<String CONTENT="16;" CS="1" HEIGHT="39" HPOS="1453" VPOS="1035" WIDTH="59" />
<SP HEIGHT="40" HPOS="1535" VPOS="1036" WIDTH="37" />
<String CONTENT="A" HEIGHT="38" HPOS="1573" VPOS="1036" WIDTH="40" />
<SP HEIGHT="41" HPOS="1614" VPOS="1034" WIDTH="34" />
<String CONTENT="92319;" CS="1" HEIGHT="41" HPOS="1649" VPOS="1034" WIDTH="144" />
<SP HEIGHT="40" HPOS="1821" VPOS="1037" WIDTH="36" />
<String CONTENT="D." HEIGHT="38" HPOS="1858" VPOS="1037" WIDTH="56" />
<SP HEIGHT="39" HPOS="1915" VPOS="1036" WIDTH="36" />
<String CONTENT="Appleton-Century" HEIGHT="49" HPOS="1952" VPOS="1036" WIDTH="480" />
</TextLine>
<TextLine HEIGHT="48" HPOS="483" VPOS="1091" WIDTH="556">
<String CONTENT="co.," HEIGHT="36" HPOS="483" LANG="ru" VPOS="1102" WIDTH="81" />
<SP HEIGHT="47" HPOS="565" VPOS="1091" WIDTH="30" />
<String CONTENT="inc." HEIGHT="40" HPOS="596" LANG="en-US" VPOS="1091" WIDTH="91" />
<SP HEIGHT="47" HPOS="688" VPOS="1092" WIDTH="68" />
<String CONTENT="(36-27185" HEIGHT="48" HPOS="757" LANG="en-US" VPOS="1091" WIDTH="256" />
<SP HEIGHT="46" HPOS="1014" VPOS="1092" WIDTH="12" />
<String CONTENT=")" HEIGHT="46" HPOS="1027" LANG="en-US" VPOS="1092" WIDTH="12" />
</TextLine>
<TextLine HEIGHT="66" HPOS="413" STYLEREFS="StyleId-7BB56AA7-617C-4EE3-AC22-E2A6014A6030-" VPOS="1194" WIDTH="1020">
<String CONTENT="Randers-Pehrson," HEIGHT="65" HPOS="413" VPOS="1195" WIDTH="585" />
<SP HEIGHT="64" HPOS="999" VPOS="1196" WIDTH="26" />
<String CONTENT="Nils" HEIGHT="54" HPOS="1026" VPOS="1194" WIDTH="134" />
<SP HEIGHT="52" HPOS="1161" VPOS="1196" WIDTH="23" />
<String CONTENT="Henrik." HEIGHT="56" HPOS="1185" VPOS="1195" WIDTH="248" />
</TextLine>
<TextLine HEIGHT="67" HPOS="484" STYLEREFS="StyleId-2687E5B0-221C-42FB-98B7-C1B0F08011AF-" VPOS="1273" WIDTH="1122">
<String CONTENT="A" HEIGHT="53" HPOS="484" VPOS="1273" WIDTH="55" />
<SP HEIGHT="53" HPOS="540" VPOS="1273" WIDTH="25" />
<String CONTENT="history" HEIGHT="66" HPOS="566" VPOS="1274" WIDTH="224" />
<SP HEIGHT="47" HPOS="791" VPOS="1293" WIDTH="29" />
<String CONTENT="of" HEIGHT="53" HPOS="821" VPOS="1273" WIDTH="62" />
<SP HEIGHT="52" HPOS="884" VPOS="1273" WIDTH="28" />
<String CONTENT="aeronautics," HEIGHT="52" HPOS="913" VPOS="1276" WIDTH="372" />
<SP HEIGHT="48" HPOS="1286" VPOS="1292" WIDTH="75" />
<String CONTENT="part" HEIGHT="59" HPOS="1362" VPOS="1281" WIDTH="130" />
<SP HEIGHT="49" HPOS="1493" VPOS="1279" WIDTH="33" />
<String CONTENT="11." HEIGHT="48" HPOS="1527" VPOS="1279" WIDTH="79" />
</TextLine>
<TextLine HEIGHT="54" HPOS="492" STYLEREFS="StyleId-6618D6A9-AA83-45E3-AEC2-E8E0F0FD3EB8-" VPOS="1356" WIDTH="1027">
<String CONTENT="(In" HEIGHT="49" HPOS="492" VPOS="1361" WIDTH="84" />
<SP HEIGHT="44" HPOS="577" VPOS="1357" WIDTH="31" />
<String CONTENT="Canadian" HEIGHT="45" HPOS="609" VPOS="1356" WIDTH="260" />
<SP HEIGHT="29" HPOS="870" VPOS="1370" WIDTH="34" />
<String CONTENT="aviation." HEIGHT="45" HPOS="905" VPOS="1356" WIDTH="237" />
<SP HEIGHT="44" HPOS="1143" VPOS="1357" WIDTH="63" />
<String CONTENT="Dec.," HEIGHT="50" HPOS="1207" VPOS="1357" WIDTH="130" />
<SP HEIGHT="48" HPOS="1338" VPOS="1359" WIDTH="37" />
<String CONTENT="1935)" HEIGHT="51" HPOS="1376" VPOS="1357" WIDTH="143" />
</TextLine>
<TextLine CS="1" HEIGHT="54" HPOS="412" VPOS="1441" WIDTH="2017">
<String CONTENT="&#169;" HEIGHT="54" HPOS="412" VPOS="1441" WIDTH="53" />
<SP />
<String CONTENT="1c." CS="1" />
<SP />
<String CONTENT="Jan." HEIGHT="40" HPOS="620" VPOS="1446" WIDTH="110" />
<SP HEIGHT="38" HPOS="731" VPOS="1446" WIDTH="43" />
<String CONTENT="14," HEIGHT="47" HPOS="775" VPOS="1446" WIDTH="68" />
<SP HEIGHT="47" HPOS="844" VPOS="1446" WIDTH="44" />
<String CONTENT="1836;" CS="1" HEIGHT="41" HPOS="889" VPOS="1444" WIDTH="118" />
<SP HEIGHT="41" HPOS="1031" VPOS="1446" WIDTH="43" />
<String CONTENT="A" HEIGHT="38" HPOS="1075" VPOS="1446" WIDTH="41" />
<SP HEIGHT="38" HPOS="1117" VPOS="1446" WIDTH="43" />
<String CONTENT="ad" HEIGHT="39" HPOS="1161" VPOS="1446" WIDTH="61" />
<SP HEIGHT="40" HPOS="1223" VPOS="1445" WIDTH="40" />
<String CONTENT="int." HEIGHT="40" HPOS="1264" VPOS="1445" WIDTH="87" />
<SP HEIGHT="40" HPOS="1352" VPOS="1445" WIDTH="42" />
<String CONTENT="21037;" HEIGHT="46" HPOS="1395" VPOS="1445" WIDTH="171" />
<SP HEIGHT="37" HPOS="1567" VPOS="1457" WIDTH="44" />
<String CONTENT="pubd." HEIGHT="48" HPOS="1612" VPOS="1446" WIDTH="144" />
<SP HEIGHT="40" HPOS="1757" VPOS="1446" WIDTH="42" />
<String CONTENT="Nov." HEIGHT="40" HPOS="1800" VPOS="1446" WIDTH="118" />
<SP HEIGHT="40" HPOS="1919" VPOS="1446" WIDTH="43" />
<String CONTENT="25," HEIGHT="48" HPOS="1963" VPOS="1446" WIDTH="71" />
<SP HEIGHT="47" HPOS="2035" VPOS="1447" WIDTH="44" />
<String CONTENT="1935;" CS="1" HEIGHT="41" HPOS="2080" VPOS="1446" WIDTH="113" />
<SP HEIGHT="41" HPOS="2221" VPOS="1447" WIDTH="45" />
<String CONTENT="N." HEIGHT="40" HPOS="2267" VPOS="1447" WIDTH="56" />
<SP HEIGHT="40" HPOS="2324" VPOS="1447" WIDTH="42" />
<String CONTENT="H." HEIGHT="41" HPOS="2367" VPOS="1447" WIDTH="62" />
</TextLine>
<TextLine HEIGHT="49" HPOS="483" VPOS="1502" WIDTH="1278">
<String CONTENT="Randers-Pehrson," HEIGHT="47" HPOS="483" VPOS="1503" WIDTH="476" />
<SP HEIGHT="47" HPOS="960" VPOS="1503" WIDTH="28" />
<String CONTENT="Brookmont" HEIGHT="39" HPOS="989" VPOS="1503" WIDTH="300" />
<SP HEIGHT="37" HPOS="1290" VPOS="1505" WIDTH="26" />
<String CONTENT="via" HEIGHT="41" HPOS="1317" VPOS="1502" WIDTH="78" />
<SP HEIGHT="40" HPOS="1396" VPOS="1503" WIDTH="28" />
<String CONTENT="Washington." HEIGHT="49" HPOS="1425" VPOS="1502" WIDTH="336" />
</TextLine>
<TextLine HEIGHT="67" HPOS="412" STYLEREFS="StyleId-7BB56AA7-617C-4EE3-AC22-E2A6014A6030-" VPOS="1607" WIDTH="844">
<String CONTENT="Realey," HEIGHT="67" HPOS="412" VPOS="1607" WIDTH="238" />
<SP HEIGHT="65" HPOS="651" VPOS="1609" WIDTH="27" />
<String CONTENT="Charles" HEIGHT="56" HPOS="679" VPOS="1607" WIDTH="246" />
<SP HEIGHT="54" HPOS="926" VPOS="1608" WIDTH="23" />
<String CONTENT="Rechdolt." HEIGHT="55" HPOS="950" VPOS="1607" WIDTH="306" />
</TextLine>
<TextLine HEIGHT="69" HPOS="484" STYLEREFS="StyleId-2687E5B0-221C-42FB-98B7-C1B0F08011AF-" VPOS="1686" WIDTH="1946">
<String CONTENT="The" HEIGHT="52" HPOS="484" VPOS="1687" WIDTH="121" />
<SP HEIGHT="51" HPOS="606" VPOS="1688" WIDTH="30" />
<String CONTENT="London" HEIGHT="53" HPOS="637" VPOS="1687" WIDTH="243" />
<SP HEIGHT="68" HPOS="881" VPOS="1686" WIDTH="32" />
<String CONTENT="journal" HEIGHT="68" HPOS="914" VPOS="1686" WIDTH="230" />
<SP HEIGHT="51" HPOS="1145" VPOS="1687" WIDTH="34" />
<String CONTENT="and" HEIGHT="51" HPOS="1180" VPOS="1687" WIDTH="111" />
<SP HEIGHT="52" HPOS="1292" VPOS="1686" WIDTH="32" />
<String CONTENT="its" HEIGHT="53" HPOS="1325" VPOS="1686" WIDTH="73" />
<SP HEIGHT="33" HPOS="1399" VPOS="1706" WIDTH="32" />
<String CONTENT="authors," HEIGHT="67" HPOS="1432" VPOS="1687" WIDTH="252" />
<SP HEIGHT="63" HPOS="1685" VPOS="1691" WIDTH="34" />
<String CONTENT="1720-1723," HEIGHT="60" HPOS="1720" VPOS="1686" WIDTH="328" />
<SP HEIGHT="58" HPOS="2049" VPOS="1688" WIDTH="32" />
<String CONTENT="by" HEIGHT="67" HPOS="2082" VPOS="1688" WIDTH="75" />
<SP HEIGHT="69" HPOS="2158" VPOS="1686" WIDTH="34" />
<String CONTENT="Charles" HEIGHT="55" HPOS="2193" VPOS="1686" WIDTH="237" />
</TextLine>
<TextLine HEIGHT="67" HPOS="414" STYLEREFS="StyleId-2687E5B0-221C-42FB-98B7-C1B0F08011AF-" VPOS="1765" WIDTH="2015">
<String CONTENT="Bechdolt" HEIGHT="53" HPOS="414" VPOS="1766" WIDTH="283" />
<SP HEIGHT="52" HPOS="698" VPOS="1767" WIDTH="37" />
<String CONTENT="Realey" HEIGHT="65" HPOS="736" VPOS="1767" WIDTH="214" />
<SP HEIGHT="48" HPOS="951" VPOS="1784" WIDTH="45" />
<String CONTENT="..." HEIGHT="8" HPOS="997" VPOS="1808" WIDTH="54" />
<SP HEIGHT="50" HPOS="1052" VPOS="1766" WIDTH="80" />
<String CONTENT="Lawrence," HEIGHT="66" HPOS="1133" VPOS="1766" WIDTH="322" />
<SP HEIGHT="66" HPOS="1456" VPOS="1766" WIDTH="37" />
<String CONTENT="Kan.," HEIGHT="55" HPOS="1494" VPOS="1766" WIDTH="169" />
<SP HEIGHT="54" HPOS="1664" VPOS="1767" WIDTH="38" />
<String CONTENT="University" HEIGHT="66" HPOS="1703" VPOS="1766" WIDTH="339" />
<SP HEIGHT="49" HPOS="2043" VPOS="1783" WIDTH="37" />
<String CONTENT="of" HEIGHT="53" HPOS="2081" VPOS="1765" WIDTH="63" />
<SP HEIGHT="52" HPOS="2145" VPOS="1765" WIDTH="40" />
<String CONTENT="Kansas," HEIGHT="64" HPOS="2186" VPOS="1767" WIDTH="243" />
</TextLine>
<TextLine HEIGHT="67" HPOS="412" STYLEREFS="StyleId-2687E5B0-221C-42FB-98B7-C1B0F08011AF-" VPOS="1844" WIDTH="1222">
<String CONTENT="Department" HEIGHT="66" HPOS="412" VPOS="1845" WIDTH="381" />
<SP HEIGHT="46" HPOS="794" VPOS="1851" WIDTH="26" />
<String CONTENT="of" HEIGHT="52" HPOS="821" VPOS="1844" WIDTH="63" />
<SP HEIGHT="67" HPOS="885" VPOS="1844" WIDTH="25" />
<String CONTENT="journalism" HEIGHT="67" HPOS="911" VPOS="1844" WIDTH="343" />
<SP HEIGHT="48" HPOS="1255" VPOS="1863" WIDTH="24" />
<String CONTENT="press," HEIGHT="48" HPOS="1280" VPOS="1863" WIDTH="175" />
<SP HEIGHT="62" HPOS="1456" VPOS="1848" WIDTH="29" />
<String CONTENT="1935." HEIGHT="49" HPOS="1486" VPOS="1848" WIDTH="148" />
</TextLine>
<TextLine CS="1" HEIGHT="50" HPOS="483" VPOS="1929" WIDTH="1946">
<String CONTENT="2" HEIGHT="38" HPOS="483" VPOS="1931" WIDTH="29" />
<SP HEIGHT="48" HPOS="513" VPOS="1931" WIDTH="30" />
<String CONTENT="p." HEIGHT="36" HPOS="544" LANG="fr" VPOS="1943" WIDTH="42" />
<SP />
<String CONTENT="l.," CS="1" LANG="fr" />
<SP />
<String CONTENT="38" HEIGHT="39" HPOS="706" VPOS="1931" WIDTH="59" />
<SP HEIGHT="47" HPOS="766" VPOS="1931" WIDTH="31" />
<String CONTENT="p." HEIGHT="37" HPOS="798" VPOS="1941" WIDTH="41" />
<SP HEIGHT="39" HPOS="840" VPOS="1930" WIDTH="64" />
<String CONTENT="23&#189;" CS="1" HEIGHT="40" HPOS="905" VPOS="1930" WIDTH="54" />
<String CONTENT="cm" HEIGHT="19" HPOS="994" STYLE="superscript" VPOS="1933" WIDTH="44" />
<String CONTENT="." HEIGHT="7" HPOS="1045" VPOS="1963" WIDTH="6" />
<SP HEIGHT="46" HPOS="1052" VPOS="1932" WIDTH="75" />
<String CONTENT="(On" HEIGHT="47" HPOS="1128" VPOS="1931" WIDTH="101" />
<SP HEIGHT="28" HPOS="1230" VPOS="1940" WIDTH="33" />
<String CONTENT="cover;" CS="1" HEIGHT="30" HPOS="1264" VPOS="1940" WIDTH="140" />
<SP HEIGHT="38" HPOS="1428" VPOS="1931" WIDTH="35" />
<String CONTENT="Bulletin" HEIGHT="41" HPOS="1464" VPOS="1929" WIDTH="217" />
<SP HEIGHT="30" HPOS="1682" VPOS="1941" WIDTH="35" />
<String CONTENT="of" HEIGHT="40" HPOS="1718" VPOS="1931" WIDTH="51" />
<SP HEIGHT="39" HPOS="1770" VPOS="1931" WIDTH="37" />
<String CONTENT="University" HEIGHT="48" HPOS="1808" VPOS="1930" WIDTH="284" />
<SP HEIGHT="37" HPOS="2093" VPOS="1941" WIDTH="37" />
<String CONTENT="of" HEIGHT="41" HPOS="2131" VPOS="1929" WIDTH="51" />
<SP HEIGHT="40" HPOS="2183" VPOS="1929" WIDTH="35" />
<String CONTENT="Kansas," HEIGHT="41" HPOS="2219" VPOS="1931" WIDTH="210" />
</TextLine>
<TextLine CS="1" HEIGHT="49" HPOS="410" VPOS="1987" WIDTH="1600">
<String CONTENT="vol." HEIGHT="39" HPOS="410" LANG="fr" VPOS="1991" WIDTH="91" />
<SP HEIGHT="29" HPOS="502" VPOS="2001" WIDTH="26" />
<String CONTENT="XXXVI" CS="1" LANG="fr" />
<String CONTENT="," HEIGHT="16" HPOS="690" VPOS="2020" WIDTH="8" />
<SP HEIGHT="37" HPOS="699" VPOS="1999" WIDTH="27" />
<String CONTENT="no." HEIGHT="29" HPOS="727" VPOS="1999" WIDTH="75" />
<SP HEIGHT="41" HPOS="803" VPOS="1987" WIDTH="25" />
<String CONTENT="23" HEIGHT="41" HPOS="829" VPOS="1987" WIDTH="60" />
<SP HEIGHT="39" HPOS="890" VPOS="1989" WIDTH="28" />
<String CONTENT="..." HEIGHT="9" HPOS="919" VPOS="2020" WIDTH="45" />
<SP HEIGHT="40" HPOS="965" VPOS="1989" WIDTH="59" />
<String CONTENT="Humanistic" HEIGHT="40" HPOS="1025" VPOS="1987" WIDTH="314" />
<SP HEIGHT="29" HPOS="1340" VPOS="1998" WIDTH="25" />
<String CONTENT="studies," HEIGHT="40" HPOS="1366" VPOS="1987" WIDTH="202" />
<SP HEIGHT="27" HPOS="1569" VPOS="2000" WIDTH="57" />
<String CONTENT="vol." HEIGHT="39" HPOS="1627" VPOS="1989" WIDTH="92" />
<SP HEIGHT="28" HPOS="1720" VPOS="2000" WIDTH="28" />
<String CONTENT="v," HEIGHT="36" HPOS="1749" VPOS="2000" WIDTH="42" />
<SP HEIGHT="37" HPOS="1792" VPOS="1999" WIDTH="25" />
<String CONTENT="no." HEIGHT="29" HPOS="1818" VPOS="1999" WIDTH="75" />
<SP HEIGHT="30" HPOS="1894" VPOS="1998" WIDTH="29" />
<String CONTENT="III)" CS="1" HEIGHT="46" HPOS="1996" VPOS="1988" WIDTH="14" />
</TextLine>
<TextLine CS="1" HEIGHT="51" HPOS="485" VPOS="2058" WIDTH="682">
<String CONTENT="Bibliography;" CS="1" HEIGHT="48" HPOS="485" VPOS="2060" WIDTH="354" />
<SP HEIGHT="38" HPOS="868" VPOS="2070" WIDTH="30" />
<String CONTENT="p." HEIGHT="38" HPOS="899" VPOS="2070" WIDTH="43" />
<SP HEIGHT="30" HPOS="943" VPOS="2079" WIDTH="35" />
<String CONTENT="[35]-38." CS="1" HEIGHT="51" HPOS="979" VPOS="2058" WIDTH="188" />
</TextLine>
<TextLine CS="1" HEIGHT="53" HPOS="411" VPOS="2141" WIDTH="2017">
<String CONTENT="&#169;" HEIGHT="53" HPOS="411" VPOS="2141" WIDTH="53" />
<SP HEIGHT="53" HPOS="465" VPOS="2141" WIDTH="38" />
<String CONTENT="Dec." HEIGHT="39" HPOS="504" VPOS="2147" WIDTH="113" />
<SP HEIGHT="42" HPOS="618" VPOS="2144" WIDTH="37" />
<String CONTENT="21," HEIGHT="48" HPOS="656" VPOS="2144" WIDTH="71" />
<SP HEIGHT="46" HPOS="728" VPOS="2146" WIDTH="41" />
<String CONTENT="1935;" HEIGHT="46" HPOS="770" VPOS="2145" WIDTH="141" />
<SP HEIGHT="46" HPOS="912" VPOS="2145" WIDTH="41" />
<String CONTENT="2c." CS="1" HEIGHT="39" HPOS="954" VPOS="2145" WIDTH="68" />
<SP HEIGHT="30" HPOS="1023" VPOS="2154" WIDTH="40" />
<String CONTENT="and" HEIGHT="38" HPOS="1064" VPOS="2145" WIDTH="95" />
<SP HEIGHT="38" HPOS="1160" VPOS="2145" WIDTH="39" />
<String CONTENT="aff." CS="1" HEIGHT="40" HPOS="1200" VPOS="2143" WIDTH="81" />
<SP HEIGHT="39" HPOS="1282" VPOS="2144" WIDTH="43" />
<String CONTENT="Jan." HEIGHT="39" HPOS="1326" VPOS="2144" WIDTH="110" />
<SP HEIGHT="40" HPOS="1437" VPOS="2143" WIDTH="40" />
<String CONTENT="6," HEIGHT="48" HPOS="1478" VPOS="2143" WIDTH="39" />
<SP HEIGHT="47" HPOS="1518" VPOS="2144" WIDTH="40" />
<String CONTENT="1886;" HEIGHT="48" HPOS="1559" VPOS="2142" WIDTH="141" />
<SP HEIGHT="46" HPOS="1701" VPOS="2144" WIDTH="41" />
<String CONTENT="A" HEIGHT="39" HPOS="1743" VPOS="2144" WIDTH="41" />
<SP HEIGHT="41" HPOS="1785" VPOS="2142" WIDTH="36" />
<String CONTENT="91048;" HEIGHT="49" HPOS="1822" VPOS="2142" WIDTH="174" />
<SP HEIGHT="47" HPOS="1997" VPOS="2144" WIDTH="43" />
<String CONTENT="C." HEIGHT="40" HPOS="2041" LANG="fr" VPOS="2144" WIDTH="48" />
<SP HEIGHT="38" HPOS="2090" VPOS="2144" WIDTH="43" />
<String CONTENT="B." HEIGHT="40" HPOS="2134" VPOS="2144" WIDTH="54" />
<SP HEIGHT="40" HPOS="2189" VPOS="2144" WIDTH="40" />
<String CONTENT="Realey," HEIGHT="47" HPOS="2230" VPOS="2144" WIDTH="198" />
</TextLine>
<TextLine HEIGHT="49" HPOS="481" VPOS="2201" WIDTH="784">
<String CONTENT="Lawrence," HEIGHT="46" HPOS="481" VPOS="2204" WIDTH="275" />
<SP HEIGHT="47" HPOS="757" VPOS="2203" WIDTH="29" />
<String CONTENT="Kan." HEIGHT="39" HPOS="787" VPOS="2203" WIDTH="126" />
<SP HEIGHT="43" HPOS="914" VPOS="2206" WIDTH="68" />
<String CONTENT="(36-27506)" HEIGHT="48" HPOS="983" VPOS="2201" WIDTH="282" />
</TextLine>
<TextLine HEIGHT="66" HPOS="412" STYLEREFS="StyleId-7BB56AA7-617C-4EE3-AC22-E2A6014A6030-" VPOS="2307" WIDTH="1087">
<String CONTENT="Robbins," HEIGHT="65" HPOS="412" VPOS="2308" WIDTH="281" />
<SP HEIGHT="63" HPOS="694" VPOS="2310" WIDTH="33" />
<String CONTENT="Wilfred" HEIGHT="55" HPOS="728" VPOS="2308" WIDTH="250" />
<SP HEIGHT="53" HPOS="979" VPOS="2309" WIDTH="33" />
<String CONTENT="William," HEIGHT="64" HPOS="1013" VPOS="2307" WIDTH="276" />
<SP HEIGHT="55" HPOS="1290" VPOS="2316" WIDTH="36" />
<String CONTENT="1884-" HEIGHT="48" HPOS="1327" VPOS="2314" WIDTH="172" />
</TextLine>
<TextLine HEIGHT="72" HPOS="483" STYLEREFS="StyleId-2687E5B0-221C-42FB-98B7-C1B0F08011AF-" VPOS="2383" WIDTH="1939">
<String CONTENT="Practical" HEIGHT="53" HPOS="483" VPOS="2386" WIDTH="290" />
<SP HEIGHT="67" HPOS="774" VPOS="2388" WIDTH="39" />
<String CONTENT="problems" HEIGHT="70" HPOS="814" VPOS="2385" WIDTH="287" />
<SP HEIGHT="52" HPOS="1102" VPOS="2386" WIDTH="38" />
<String CONTENT="in" HEIGHT="51" HPOS="1141" VPOS="2386" WIDTH="62" />
<SP HEIGHT="52" HPOS="1204" VPOS="2385" WIDTH="41" />
<String CONTENT="botany," HEIGHT="68" HPOS="1246" VPOS="2385" WIDTH="231" />
<SP HEIGHT="66" HPOS="1478" VPOS="2384" WIDTH="38" />
<String CONTENT="by" HEIGHT="68" HPOS="1517" VPOS="2384" WIDTH="76" />
<SP HEIGHT="68" HPOS="1594" VPOS="2384" WIDTH="38" />
<String CONTENT="Wilfred" HEIGHT="55" HPOS="1633" VPOS="2383" WIDTH="255" />
<SP HEIGHT="54" HPOS="1889" VPOS="2384" WIDTH="39" />
<String CONTENT="W." HEIGHT="54" HPOS="1929" VPOS="2384" WIDTH="91" />
<SP HEIGHT="51" HPOS="2021" VPOS="2385" WIDTH="41" />
<String CONTENT="Robbins" HEIGHT="53" HPOS="2063" VPOS="2383" WIDTH="257" />
<SP HEIGHT="34" HPOS="2321" VPOS="2402" WIDTH="44" />
<String CONTENT="..." HEIGHT="11" HPOS="2366" VPOS="2425" WIDTH="56" />
</TextLine>
<TextLine HEIGHT="71" HPOS="414" STYLEREFS="StyleId-2687E5B0-221C-42FB-98B7-C1B0F08011AF-" VPOS="2462" WIDTH="2010">
<String CONTENT="and" HEIGHT="53" HPOS="414" VPOS="2466" WIDTH="113" />
<SP HEIGHT="54" HPOS="528" VPOS="2466" WIDTH="29" />
<String CONTENT="Jerome" HEIGHT="54" HPOS="558" VPOS="2466" WIDTH="230" />
<SP HEIGHT="53" HPOS="789" VPOS="2466" WIDTH="30" />
<String CONTENT="Isenbarger" HEIGHT="69" HPOS="820" VPOS="2464" WIDTH="342" />
<SP HEIGHT="34" HPOS="1163" VPOS="2483" WIDTH="37" />
<String CONTENT="..." HEIGHT="10" HPOS="1201" VPOS="2507" WIDTH="57" />
<SP HEIGHT="53" HPOS="1259" VPOS="2463" WIDTH="70" />
<String CONTENT="New" HEIGHT="53" HPOS="1330" VPOS="2463" WIDTH="140" />
<SP HEIGHT="54" HPOS="1471" VPOS="2462" WIDTH="32" />
<String CONTENT="York," HEIGHT="68" HPOS="1504" VPOS="2462" WIDTH="181" />
<SP HEIGHT="68" HPOS="1686" VPOS="2462" WIDTH="29" />
<String CONTENT="J." HEIGHT="54" HPOS="1716" VPOS="2462" WIDTH="57" />
<SP HEIGHT="53" HPOS="1774" VPOS="2463" WIDTH="31" />
<String CONTENT="Wiley" HEIGHT="68" HPOS="1806" VPOS="2462" WIDTH="192" />
<SP HEIGHT="66" HPOS="1999" VPOS="2464" WIDTH="31" />
<String CONTENT="&amp;" HEIGHT="51" HPOS="2031" VPOS="2464" WIDTH="47" />
<SP HEIGHT="51" HPOS="2079" VPOS="2464" WIDTH="28" />
<String CONTENT="sons," HEIGHT="49" HPOS="2108" VPOS="2480" WIDTH="148" />
<SP HEIGHT="67" HPOS="2257" VPOS="2462" WIDTH="29" />
<String CONTENT="inc.;" HEIGHT="60" HPOS="2287" VPOS="2462" WIDTH="137" />
</TextLine>
<TextLine HEIGHT="72" HPOS="413" STYLEREFS="StyleId-2687E5B0-221C-42FB-98B7-C1B0F08011AF-" VPOS="2541" WIDTH="1304">
<String CONTENT="London," HEIGHT="67" HPOS="413" VPOS="2545" WIDTH="260" />
<SP HEIGHT="68" HPOS="674" VPOS="2544" WIDTH="27" />
<String CONTENT="Chapman" HEIGHT="69" HPOS="702" VPOS="2544" WIDTH="303" />
<SP HEIGHT="50" HPOS="1006" VPOS="2546" WIDTH="26" />
<String CONTENT="&amp;" HEIGHT="50" HPOS="1033" VPOS="2546" WIDTH="47" />
<SP HEIGHT="53" HPOS="1081" VPOS="2543" WIDTH="24" />
<String CONTENT="Hall," HEIGHT="67" HPOS="1106" VPOS="2543" WIDTH="161" />
<SP HEIGHT="66" HPOS="1268" VPOS="2544" WIDTH="25" />
<String CONTENT="limited," HEIGHT="68" HPOS="1294" VPOS="2541" WIDTH="243" />
<SP HEIGHT="63" HPOS="1538" VPOS="2546" WIDTH="27" />
<String CONTENT="1936." HEIGHT="50" HPOS="1566" VPOS="2545" WIDTH="151" />
</TextLine>
<TextLine HEIGHT="52" HPOS="482" STYLEREFS="StyleId-2687E5B0-221C-42FB-98B7-C1B0F08011AF-" VPOS="2630" WIDTH="879">
<String CONTENT="ix," HEIGHT="47" HPOS="482" VPOS="2635" WIDTH="66" />
<SP HEIGHT="48" HPOS="549" VPOS="2634" WIDTH="30" />
<String CONTENT="402" HEIGHT="42" HPOS="580" VPOS="2632" WIDTH="87" />
<SP HEIGHT="50" HPOS="668" VPOS="2632" WIDTH="31" />
<String CONTENT="p." HEIGHT="39" HPOS="700" VPOS="2643" WIDTH="43" />
<SP HEIGHT="41" HPOS="744" VPOS="2631" WIDTH="59" />
<String CONTENT="illus." HEIGHT="41" HPOS="804" VPOS="2631" WIDTH="128" />
<SP HEIGHT="41" HPOS="933" VPOS="2631" WIDTH="58" />
<String CONTENT="21" HEIGHT="40" HPOS="992" VPOS="2631" WIDTH="58" />
<String CONTENT="cm" HEIGHT="21" HPOS="1054" STYLE="superscript" VPOS="2633" WIDTH="44" />
<String CONTENT="." HEIGHT="10" HPOS="1102" VPOS="2663" WIDTH="10" />
<SP HEIGHT="49" HPOS="1113" VPOS="2630" WIDTH="115" />
<String CONTENT="$2.00" HEIGHT="49" HPOS="1229" VPOS="2630" WIDTH="132" />
</TextLine>
<TextLine CS="1" HEIGHT="53" HPOS="485" VPOS="2700" WIDTH="1703">
<String CONTENT="Bibliography" HEIGHT="51" HPOS="485" VPOS="2702" WIDTH="352" />
<SP HEIGHT="39" HPOS="838" VPOS="2713" WIDTH="36" />
<String CONTENT="at" HEIGHT="39" HPOS="875" VPOS="2705" WIDTH="52" />
<SP HEIGHT="39" HPOS="928" VPOS="2705" WIDTH="34" />
<String CONTENT="end" HEIGHT="41" HPOS="963" VPOS="2703" WIDTH="92" />
<SP HEIGHT="41" HPOS="1056" VPOS="2703" WIDTH="37" />
<String CONTENT="of" HEIGHT="42" HPOS="1094" VPOS="2702" WIDTH="52" />
<SP HEIGHT="41" HPOS="1147" VPOS="2702" WIDTH="33" />
<String CONTENT="each" HEIGHT="40" HPOS="1181" VPOS="2703" WIDTH="120" />
<SP HEIGHT="40" HPOS="1302" VPOS="2703" WIDTH="33" />
<String CONTENT="unit" HEIGHT="42" HPOS="1336" VPOS="2701" WIDTH="109" />
<SP HEIGHT="39" HPOS="1446" VPOS="2703" WIDTH="33" />
<String CONTENT="except" HEIGHT="47" HPOS="1480" VPOS="2703" WIDTH="172" />
<SP HEIGHT="38" HPOS="1653" VPOS="2703" WIDTH="34" />
<String CONTENT="units" HEIGHT="41" HPOS="1688" VPOS="2700" WIDTH="135" />
<SP HEIGHT="31" HPOS="1824" VPOS="2710" WIDTH="34" />
<String CONTENT="IV" CS="1" />
<SP HEIGHT="30" HPOS="1911" VPOS="2710" WIDTH="35" />
<String CONTENT="and" HEIGHT="40" HPOS="1947" VPOS="2700" WIDTH="98" />
<SP HEIGHT="40" HPOS="2046" VPOS="2700" WIDTH="36" />
<String CONTENT="VIII." CS="1" HEIGHT="9" HPOS="2179" VPOS="2732" WIDTH="9" />
</TextLine>
<TextLine CS="1" HEIGHT="55" HPOS="410" VPOS="2785" WIDTH="2016">
<String CONTENT="&#169;" HEIGHT="53" HPOS="410" VPOS="2787" WIDTH="53" />
<SP HEIGHT="53" HPOS="464" VPOS="2787" WIDTH="28" />
<String CONTENT="Jan." HEIGHT="39" HPOS="493" VPOS="2791" WIDTH="109" />
<SP HEIGHT="39" HPOS="603" VPOS="2790" WIDTH="30" />
<String CONTENT="24," HEIGHT="44" HPOS="634" VPOS="2790" WIDTH="72" />
<SP HEIGHT="44" HPOS="707" VPOS="2790" WIDTH="30" />
<String CONTENT="1936;" CS="1" HEIGHT="39" HPOS="738" VPOS="2790" WIDTH="118" />
<SP HEIGHT="46" HPOS="880" VPOS="2790" WIDTH="28" />
<String CONTENT="2c." HEIGHT="40" HPOS="909" VPOS="2790" WIDTH="67" />
<SP HEIGHT="30" HPOS="977" VPOS="2800" WIDTH="31" />
<String CONTENT="and" HEIGHT="38" HPOS="1009" VPOS="2791" WIDTH="95" />
<SP HEIGHT="38" HPOS="1105" VPOS="2791" WIDTH="29" />
<String CONTENT="aff." HEIGHT="40" HPOS="1135" VPOS="2788" WIDTH="83" />
<SP HEIGHT="39" HPOS="1219" VPOS="2789" WIDTH="31" />
<String CONTENT="Jan." HEIGHT="39" HPOS="1251" VPOS="2789" WIDTH="110" />
<SP HEIGHT="40" HPOS="1362" VPOS="2788" WIDTH="30" />
<String CONTENT="29;" CS="1" HEIGHT="40" HPOS="1393" VPOS="2787" WIDTH="59" />
<SP HEIGHT="41" HPOS="1476" VPOS="2788" WIDTH="33" />
<String CONTENT="A" HEIGHT="38" HPOS="1510" VPOS="2788" WIDTH="40" />
<SP HEIGHT="40" HPOS="1551" VPOS="2786" WIDTH="28" />
<String CONTENT="91488;" CS="1" HEIGHT="39" HPOS="1580" VPOS="2786" WIDTH="144" />
<SP HEIGHT="39" HPOS="1752" VPOS="2787" WIDTH="33" />
<String CONTENT="W." HEIGHT="39" HPOS="1786" VPOS="2787" WIDTH="72" />
<SP HEIGHT="39" HPOS="1859" VPOS="2787" WIDTH="32" />
<String CONTENT="W." HEIGHT="39" HPOS="1892" VPOS="2787" WIDTH="71" />
<SP HEIGHT="39" HPOS="1964" VPOS="2787" WIDTH="33" />
<String CONTENT="Robbins," HEIGHT="47" HPOS="1998" VPOS="2785" WIDTH="228" />
<SP HEIGHT="46" HPOS="2227" VPOS="2786" WIDTH="31" />
<String CONTENT="Davis." HEIGHT="41" HPOS="2259" VPOS="2785" WIDTH="167" />
</TextLine>
<TextLine HEIGHT="52" HPOS="483" VPOS="2843" WIDTH="1410">
<String CONTENT="Calif.," HEIGHT="48" HPOS="483" VPOS="2847" WIDTH="159" />
<SP HEIGHT="37" HPOS="643" VPOS="2858" WIDTH="28" />
<String CONTENT="and" HEIGHT="38" HPOS="672" VPOS="2849" WIDTH="95" />
<SP HEIGHT="39" HPOS="768" VPOS="2848" WIDTH="27" />
<String CONTENT="Jerome" HEIGHT="40" HPOS="796" VPOS="2848" WIDTH="193" />
<SP HEIGHT="40" HPOS="990" VPOS="2848" WIDTH="26" />
<String CONTENT="Isenbarger," HEIGHT="46" HPOS="1017" VPOS="2847" WIDTH="304" />
<SP HEIGHT="46" HPOS="1322" VPOS="2846" WIDTH="27" />
<String CONTENT="Chicago." HEIGHT="47" HPOS="1350" VPOS="2845" WIDTH="225" />
<SP HEIGHT="45" HPOS="1576" VPOS="2846" WIDTH="64" />
<String CONTENT="(36-5286)" HEIGHT="48" HPOS="1641" VPOS="2843" WIDTH="252" />
</TextLine>
<TextLine HEIGHT="66" HPOS="410" STYLEREFS="StyleId-7BB56AA7-617C-4EE3-AC22-E2A6014A6030-" VPOS="2952" WIDTH="865">
<String CONTENT="Robinson," HEIGHT="65" HPOS="410" VPOS="2953" WIDTH="322" />
<SP HEIGHT="64" HPOS="733" VPOS="2954" WIDTH="25" />
<String CONTENT="William" HEIGHT="55" HPOS="759" VPOS="2952" WIDTH="256" />
<SP HEIGHT="53" HPOS="1016" VPOS="2952" WIDTH="29" />
<String CONTENT="Albert." HEIGHT="54" HPOS="1046" VPOS="2952" WIDTH="229" />
</TextLine>
<TextLine HEIGHT="73" HPOS="488" STYLEREFS="StyleId-2687E5B0-221C-42FB-98B7-C1B0F08011AF-" VPOS="3025" WIDTH="1936">
<String CONTENT="..." HEIGHT="8" HPOS="488" VPOS="3075" WIDTH="55" />
<SP HEIGHT="52" HPOS="544" VPOS="3033" WIDTH="48" />
<String CONTENT="Voyage" HEIGHT="65" HPOS="593" VPOS="3033" WIDTH="237" />
<SP HEIGHT="49" HPOS="831" VPOS="3036" WIDTH="44" />
<String CONTENT="to" HEIGHT="47" HPOS="876" VPOS="3036" WIDTH="59" />
<SP HEIGHT="54" HPOS="936" VPOS="3030" WIDTH="46" />
<String CONTENT="Galapagos;" HEIGHT="67" HPOS="983" VPOS="3030" WIDTH="359" />
<SP HEIGHT="61" HPOS="1343" VPOS="3031" WIDTH="46" />
<String CONTENT="illustrated" HEIGHT="54" HPOS="1390" VPOS="3028" WIDTH="323" />
<SP HEIGHT="52" HPOS="1714" VPOS="3027" WIDTH="45" />
<String CONTENT="by" HEIGHT="66" HPOS="1760" VPOS="3027" WIDTH="75" />
<SP HEIGHT="65" HPOS="1836" VPOS="3028" WIDTH="43" />
<String CONTENT="Daniel" HEIGHT="58" HPOS="1880" VPOS="3025" WIDTH="211" />
<SP HEIGHT="53" HPOS="2092" VPOS="3026" WIDTH="45" />
<String CONTENT="T." HEIGHT="51" HPOS="2138" VPOS="3028" WIDTH="65" />
<SP HEIGHT="54" HPOS="2204" VPOS="3027" WIDTH="44" />
<String CONTENT="West." HEIGHT="54" HPOS="2249" VPOS="3027" WIDTH="175" />
</TextLine>
<TextLine HEIGHT="69" HPOS="412" STYLEREFS="StyleId-2687E5B0-221C-42FB-98B7-C1B0F08011AF-" VPOS="3107" WIDTH="1561">
<String CONTENT="New" HEIGHT="51" HPOS="412" LANG="en-US" VPOS="3112" WIDTH="139" />
<SP HEIGHT="51" HPOS="552" VPOS="3112" WIDTH="27" />
<String CONTENT="York," HEIGHT="65" HPOS="580" LANG="en-US" VPOS="3110" WIDTH="179" />
<SP HEIGHT="64" HPOS="760" VPOS="3111" WIDTH="24" />
<String CONTENT="Harcourt," HEIGHT="65" HPOS="785" LANG="fr" VPOS="3111" WIDTH="312" />
<SP HEIGHT="66" HPOS="1098" VPOS="3110" WIDTH="23" />
<String CONTENT="Brace" HEIGHT="51" HPOS="1122" LANG="en-US" VPOS="3110" WIDTH="181" />
<SP HEIGHT="34" HPOS="1304" VPOS="3126" WIDTH="25" />
<String CONTENT="and" HEIGHT="52" HPOS="1330" LANG="en-US" VPOS="3108" WIDTH="110" />
<SP HEIGHT="52" HPOS="1441" VPOS="3108" WIDTH="25" />
<String CONTENT="company" HEIGHT="49" HPOS="1467" LANG="en-US" VPOS="3124" WIDTH="280" />
<SP HEIGHT="49" HPOS="1748" VPOS="3124" WIDTH="30" />
<String CONTENT="[" HEIGHT="34" HPOS="1779" LANG="en-US" STYLE="subscript" VPOS="3138" WIDTH="12" />
<String CONTENT="c" HEIGHT="20" HPOS="1797" LANG="en-US" STYLE="superscript" VPOS="3111" WIDTH="17" />
<String CONTENT="1936" HEIGHT="50" HPOS="1820" LANG="en-US" VPOS="3107" WIDTH="133" />
<String CONTENT="]" HEIGHT="34" HPOS="1960" LANG="en-US" STYLE="subscript" VPOS="3137" WIDTH="13" />
</TextLine>
<TextLine CS="1" HEIGHT="55" HPOS="481" STYLEREFS="StyleId-2687E5B0-221C-42FB-98B7-C1B0F08011AF-" VPOS="3190" WIDTH="1493">
<String CONTENT="viii," HEIGHT="45" HPOS="481" VPOS="3197" WIDTH="100" />
<SP HEIGHT="45" HPOS="582" VPOS="3197" WIDTH="25" />
<String CONTENT="279," HEIGHT="48" HPOS="608" VPOS="3196" WIDTH="100" />
<SP HEIGHT="29" HPOS="709" VPOS="3216" WIDTH="31" />
<String CONTENT="[1]" HEIGHT="48" HPOS="741" VPOS="3197" WIDTH="54" />
<SP HEIGHT="38" HPOS="796" VPOS="3207" WIDTH="30" />
<String CONTENT="p." HEIGHT="37" HPOS="827" VPOS="3207" WIDTH="42" />
<SP HEIGHT="39" HPOS="870" VPOS="3196" WIDTH="29" />
<String CONTENT="incl." HEIGHT="39" HPOS="900" VPOS="3196" WIDTH="109" />
<SP HEIGHT="40" HPOS="1010" VPOS="3195" WIDTH="30" />
<String CONTENT="illus.," HEIGHT="49" HPOS="1041" VPOS="3195" WIDTH="142" />
<SP HEIGHT="38" HPOS="1184" VPOS="3206" WIDTH="29" />
<String CONTENT="plates," HEIGHT="47" HPOS="1214" VPOS="3196" WIDTH="171" />
<SP HEIGHT="37" HPOS="1386" VPOS="3205" WIDTH="29" />
<String CONTENT="maps," HEIGHT="37" HPOS="1416" VPOS="3204" WIDTH="151" />
<SP HEIGHT="37" HPOS="1568" VPOS="3203" WIDTH="58" />
<String CONTENT="plates." HEIGHT="47" HPOS="1627" VPOS="3193" WIDTH="170" />
<SP HEIGHT="40" HPOS="1798" VPOS="3190" WIDTH="57" />
<String CONTENT="21c" CS="1" HEIGHT="39" HPOS="1856" VPOS="3190" WIDTH="54" />
<String CONTENT="m" HEIGHT="20" HPOS="1932" STYLE="superscript" VPOS="3193" WIDTH="27" />
<String CONTENT="." HEIGHT="9" HPOS="1965" VPOS="3222" WIDTH="9" />
</TextLine>
<TextLine CS="1" HEIGHT="140" HPOS="409" VPOS="3234" WIDTH="2000">
<String CONTENT="&#169;" HEIGHT="53" HPOS="409" VPOS="3264" WIDTH="52" />
<SP HEIGHT="83" HPOS="462" VPOS="3234" WIDTH="29" />
<String CONTENT="F" CS="1" />
<String CONTENT="eb." HEIGHT="39" HPOS="537" LANG="fr" VPOS="3269" WIDTH="70" />
<SP HEIGHT="40" HPOS="608" VPOS="3268" WIDTH="31" />
<String CONTENT="27," HEIGHT="47" HPOS="640" VPOS="3268" WIDTH="71" />
<SP HEIGHT="47" HPOS="712" VPOS="3268" WIDTH="30" />
<String CONTENT="1936;" CS="1" HEIGHT="41" HPOS="743" VPOS="3266" WIDTH="117" />
<SP HEIGHT="41" HPOS="885" VPOS="3267" WIDTH="32" />
<String CONTENT="2c." HEIGHT="39" HPOS="918" VPOS="3267" WIDTH="69" />
<SP HEIGHT="29" HPOS="988" VPOS="3277" WIDTH="32" />
<String CONTENT="and" HEIGHT="39" HPOS="1021" VPOS="3267" WIDTH="96" />
<SP HEIGHT="72" HPOS="1118" VPOS="3234" WIDTH="29" />
<String CONTENT="aff." CS="1" HEIGHT="40" HPOS="1183" VPOS="3265" WIDTH="50" />
<SP HEIGHT="38" HPOS="1234" VPOS="3267" WIDTH="35" />
<String CONTENT="Mar." HEIGHT="38" HPOS="1270" VPOS="3267" WIDTH="122" />
<SP HEIGHT="40" HPOS="1393" VPOS="3265" WIDTH="32" />
<String CONTENT="4;" HEIGHT="41" HPOS="1426" VPOS="3265" WIDTH="53" />
<SP HEIGHT="41" HPOS="1480" VPOS="3265" WIDTH="36" />
<String CONTENT="A" HEIGHT="38" HPOS="1517" VPOS="3265" WIDTH="40" />
<SP HEIGHT="40" HPOS="1558" VPOS="3263" WIDTH="32" />
<String CONTENT="92072;" HEIGHT="49" HPOS="1591" VPOS="3261" WIDTH="171" />
<SP HEIGHT="47" HPOS="1763" VPOS="3263" WIDTH="35" />
<String CONTENT="W." HEIGHT="40" HPOS="1799" VPOS="3263" WIDTH="72" />
<SP HEIGHT="39" HPOS="1872" VPOS="3262" WIDTH="32" />
<String CONTENT="A." HEIGHT="40" HPOS="1905" VPOS="3262" WIDTH="54" />
<SP HEIGHT="40" HPOS="1960" VPOS="3262" WIDTH="36" />
<String CONTENT="Robinson," HEIGHT="49" HPOS="1997" VPOS="3259" WIDTH="261" />
<SP HEIGHT="48" HPOS="2259" VPOS="3260" WIDTH="35" />
<String CONTENT="Ofaipapa," HEIGHT="115" HPOS="481" VPOS="3259" WIDTH="1928" />
<SP HEIGHT="46" HPOS="623" VPOS="3326" WIDTH="23" />
<String CONTENT="Tahiti." HEIGHT="40" HPOS="647" VPOS="3325" WIDTH="183" />
</TextLine>
<TextLine HEIGHT="65" HPOS="412" STYLEREFS="StyleId-7BB56AA7-617C-4EE3-AC22-E2A6014A6030-" VPOS="3430" WIDTH="928">
<String CONTENT="Root," HEIGHT="65" HPOS="412" VPOS="3430" WIDTH="170" />
<SP HEIGHT="65" HPOS="583" VPOS="3430" WIDTH="28" />
<String CONTENT="Amos" HEIGHT="52" HPOS="612" VPOS="3430" WIDTH="188" />
<SP HEIGHT="52" HPOS="801" VPOS="3430" WIDTH="25" />
<String CONTENT="Ives," HEIGHT="63" HPOS="827" VPOS="3430" WIDTH="153" />
<SP HEIGHT="58" HPOS="981" VPOS="3435" WIDTH="30" />
<String CONTENT="1839-1923." HEIGHT="50" HPOS="1012" VPOS="3433" WIDTH="328" />
</TextLine>
<TextLine CS="1" HEIGHT="72" HPOS="480" STYLEREFS="StyleId-2687E5B0-221C-42FB-98B7-C1B0F08011AF-" VPOS="3498" WIDTH="1913">
<String CONTENT="The" HEIGHT="54" HPOS="480" VPOS="3506" WIDTH="123" />
<SP HEIGHT="55" HPOS="604" VPOS="3505" WIDTH="23" />
<String CONTENT="ABC" HEIGHT="56" HPOS="628" VPOS="3504" WIDTH="164" />
<SP HEIGHT="56" HPOS="793" VPOS="3504" WIDTH="24" />
<String CONTENT="and" HEIGHT="53" HPOS="818" VPOS="3505" WIDTH="113" />
<SP HEIGHT="54" HPOS="932" VPOS="3504" WIDTH="26" />
<String CONTENT="XYZ" HEIGHT="53" HPOS="959" VPOS="3504" WIDTH="167" />
<SP HEIGHT="53" HPOS="1127" VPOS="3504" WIDTH="24" />
<String CONTENT="of" HEIGHT="54" HPOS="1152" VPOS="3503" WIDTH="64" />
<SP HEIGHT="54" HPOS="1217" VPOS="3503" WIDTH="21" />
<String CONTENT="bee" HEIGHT="54" HPOS="1239" VPOS="3503" WIDTH="99" />
<SP HEIGHT="35" HPOS="1339" VPOS="3521" WIDTH="25" />
<String CONTENT="culture," HEIGHT="67" HPOS="1365" VPOS="3503" WIDTH="236" />
<SP HEIGHT="69" HPOS="1602" VPOS="3501" WIDTH="25" />
<String CONTENT="by" HEIGHT="69" HPOS="1628" VPOS="3501" WIDTH="75" />
<SP HEIGHT="70" HPOS="1704" VPOS="3500" WIDTH="23" />
<String CONTENT="A." HEIGHT="53" HPOS="1728" VPOS="3500" WIDTH="72" />
<SP HEIGHT="54" HPOS="1801" VPOS="3499" WIDTH="29" />
<String CONTENT="I." HEIGHT="54" HPOS="1831" VPOS="3499" WIDTH="46" />
<SP HEIGHT="36" HPOS="1878" VPOS="3517" WIDTH="27" />
<String CONTENT="and" HEIGHT="53" HPOS="1906" VPOS="3499" WIDTH="115" />
<SP HEIGHT="53" HPOS="2022" VPOS="3499" WIDTH="27" />
<String CONTENT="E." HEIGHT="53" HPOS="2050" LANG="fr" VPOS="3499" WIDTH="68" />
<SP HEIGHT="54" HPOS="2119" VPOS="3498" WIDTH="25" />
<String CONTENT="R." HEIGHT="54" HPOS="2145" VPOS="3498" WIDTH="69" />
<SP HEIGHT="54" HPOS="2215" VPOS="3498" WIDTH="27" />
<String CONTENT="Root;" CS="1" HEIGHT="53" HPOS="2243" VPOS="3498" WIDTH="150" />
</TextLine>
<TextLine CS="1" HEIGHT="139" HPOS="410" STYLEREFS="StyleId-2687E5B0-221C-42FB-98B7-C1B0F08011AF-" VPOS="3577" WIDTH="1989">
<String CONTENT="a" HEIGHT="33" HPOS="411" VPOS="3605" WIDTH="31" />
<SP HEIGHT="35" HPOS="443" VPOS="3604" WIDTH="22" />
<String CONTENT="cyclopedia" HEIGHT="70" HPOS="466" VPOS="3585" WIDTH="332" />
<SP HEIGHT="34" HPOS="799" VPOS="3604" WIDTH="26" />
<String CONTENT="of" HEIGHT="55" HPOS="826" VPOS="3583" WIDTH="65" />
<SP HEIGHT="54" HPOS="892" VPOS="3583" WIDTH="21" />
<String CONTENT="everything" HEIGHT="68" HPOS="914" VPOS="3584" WIDTH="343" />
<SP HEIGHT="51" HPOS="1258" VPOS="3601" WIDTH="21" />
<String CONTENT="pertaining" HEIGHT="70" HPOS="1280" VPOS="3581" WIDTH="332" />
<SP HEIGHT="64" HPOS="1613" VPOS="3586" WIDTH="26" />
<String CONTENT="to" HEIGHT="47" HPOS="1640" VPOS="3586" WIDTH="57" />
<SP HEIGHT="48" HPOS="1698" VPOS="3585" WIDTH="26" />
<String CONTENT="the" HEIGHT="52" HPOS="1725" VPOS="3580" WIDTH="94" />
<SP HEIGHT="34" HPOS="1820" VPOS="3597" WIDTH="27" />
<String CONTENT="care" HEIGHT="34" HPOS="1848" VPOS="3597" WIDTH="126" />
<SP HEIGHT="35" HPOS="1975" VPOS="3596" WIDTH="27" />
<String CONTENT="of" HEIGHT="53" HPOS="2003" VPOS="3577" WIDTH="65" />
<SP HEIGHT="53" HPOS="2069" VPOS="3577" WIDTH="23" />
<String CONTENT="the" HEIGHT="51" HPOS="2093" VPOS="3579" WIDTH="96" />
<SP HEIGHT="52" HPOS="2190" VPOS="3578" WIDTH="24" />
<String CONTENT="honeybee;" CS="1" HEIGHT="138" HPOS="410" VPOS="3578" WIDTH="1989" />
</TextLine>
<TextLine HEIGHT="76" HPOS="570" STYLEREFS="StyleId-2687E5B0-221C-42FB-98B7-C1B0F08011AF-" VPOS="3656" WIDTH="1854">
<String CONTENT="bees," HEIGHT="67" HPOS="570" VPOS="3665" WIDTH="143" />
<SP HEIGHT="68" HPOS="714" VPOS="3664" WIDTH="31" />
<String CONTENT="hives," HEIGHT="68" HPOS="746" VPOS="3663" WIDTH="177" />
<SP HEIGHT="68" HPOS="924" VPOS="3663" WIDTH="30" />
<String CONTENT="honey," HEIGHT="69" HPOS="955" VPOS="3663" WIDTH="204" />
<SP HEIGHT="48" HPOS="1160" VPOS="3682" WIDTH="30" />
<String CONTENT="selling" HEIGHT="69" HPOS="1191" VPOS="3661" WIDTH="209" />
<SP HEIGHT="69" HPOS="1401" VPOS="3661" WIDTH="29" />
<String CONTENT="honey," HEIGHT="68" HPOS="1431" VPOS="3661" WIDTH="202" />
<SP HEIGHT="67" HPOS="1634" VPOS="3659" WIDTH="31" />
<String CONTENT="implements," HEIGHT="69" HPOS="1666" VPOS="3657" WIDTH="380" />
<SP HEIGHT="50" HPOS="2047" VPOS="3674" WIDTH="34" />
<String CONTENT="etc." HEIGHT="46" HPOS="2082" VPOS="3662" WIDTH="100" />
<SP HEIGHT="52" HPOS="2183" VPOS="3656" WIDTH="69" />
<String CONTENT="Facts" HEIGHT="52" HPOS="2253" VPOS="3656" WIDTH="171" />
</TextLine>
<TextLine HEIGHT="80" HPOS="409" STYLEREFS="StyleId-2687E5B0-221C-42FB-98B7-C1B0F08011AF-" VPOS="3733" WIDTH="2013">
<String CONTENT="gleaned" HEIGHT="69" HPOS="409" VPOS="3744" WIDTH="241" />
<SP HEIGHT="53" HPOS="651" VPOS="3743" WIDTH="35" />
<String CONTENT="from" HEIGHT="52" HPOS="687" VPOS="3743" WIDTH="153" />
<SP HEIGHT="47" HPOS="841" VPOS="3747" WIDTH="34" />
<String CONTENT="the" HEIGHT="52" HPOS="876" VPOS="3743" WIDTH="97" />
<SP HEIGHT="35" HPOS="974" VPOS="3760" WIDTH="34" />
<String CONTENT="experience" HEIGHT="69" HPOS="1009" VPOS="3741" WIDTH="329" />
<SP HEIGHT="34" HPOS="1339" VPOS="3758" WIDTH="34" />
<String CONTENT="of" HEIGHT="53" HPOS="1374" VPOS="3739" WIDTH="63" />
<SP HEIGHT="52" HPOS="1438" VPOS="3739" WIDTH="34" />
<String CONTENT="thousands" HEIGHT="54" HPOS="1473" VPOS="3737" WIDTH="313" />
<SP HEIGHT="36" HPOS="1787" VPOS="3754" WIDTH="34" />
<String CONTENT="of" HEIGHT="53" HPOS="1822" VPOS="3735" WIDTH="64" />
<SP HEIGHT="53" HPOS="1887" VPOS="3735" WIDTH="34" />
<String CONTENT="beekeepers," HEIGHT="67" HPOS="1922" VPOS="3735" WIDTH="352" />
<SP HEIGHT="49" HPOS="2275" VPOS="3753" WIDTH="36" />
<String CONTENT="and" HEIGHT="52" HPOS="2312" VPOS="3733" WIDTH="110" />
</TextLine>
<TextLine HEIGHT="77" HPOS="411" STYLEREFS="StyleId-2687E5B0-221C-42FB-98B7-C1B0F08011AF-" VPOS="3812" WIDTH="2009">
<String CONTENT="afterward" HEIGHT="54" HPOS="411" VPOS="3821" WIDTH="317" />
<SP HEIGHT="52" HPOS="729" VPOS="3823" WIDTH="26" />
<String CONTENT="verified" HEIGHT="53" HPOS="756" VPOS="3821" WIDTH="234" />
<SP HEIGHT="52" HPOS="991" VPOS="3821" WIDTH="24" />
<String CONTENT="by" HEIGHT="68" HPOS="1016" VPOS="3821" WIDTH="76" />
<SP HEIGHT="64" HPOS="1093" VPOS="3825" WIDTH="25" />
<String CONTENT="the" HEIGHT="53" HPOS="1119" VPOS="3821" WIDTH="96" />
<SP HEIGHT="35" HPOS="1216" VPOS="3838" WIDTH="25" />
<String CONTENT="authors." HEIGHT="53" HPOS="1242" VPOS="3819" WIDTH="250" />
<SP HEIGHT="54" HPOS="1493" VPOS="3816" WIDTH="62" />
<String CONTENT="Medina," HEIGHT="68" HPOS="1556" VPOS="3814" WIDTH="254" />
<SP HEIGHT="68" HPOS="1811" VPOS="3814" WIDTH="24" />
<String CONTENT="O.," HEIGHT="66" HPOS="1836" VPOS="3814" WIDTH="88" />
<SP HEIGHT="65" HPOS="1925" VPOS="3815" WIDTH="24" />
<String CONTENT="The" HEIGHT="53" HPOS="1950" VPOS="3814" WIDTH="121" />
<SP HEIGHT="53" HPOS="2072" VPOS="3814" WIDTH="30" />
<String CONTENT="A." HEIGHT="52" HPOS="2103" VPOS="3814" WIDTH="69" />
<SP HEIGHT="53" HPOS="2173" VPOS="3813" WIDTH="25" />
<String CONTENT="I." HEIGHT="52" HPOS="2199" VPOS="3813" WIDTH="48" />
<SP HEIGHT="53" HPOS="2248" VPOS="3812" WIDTH="26" />
<String CONTENT="Root" HEIGHT="52" HPOS="2275" VPOS="3812" WIDTH="145" />
</TextLine>
<TextLine HEIGHT="68" HPOS="411" STYLEREFS="StyleId-2687E5B0-221C-42FB-98B7-C1B0F08011AF-" VPOS="3902" WIDTH="482">
<String CONTENT="company," HEIGHT="51" HPOS="411" VPOS="3919" WIDTH="300" />
<SP HEIGHT="65" HPOS="712" VPOS="3905" WIDTH="29" />
<String CONTENT="1935." HEIGHT="51" HPOS="742" VPOS="3902" WIDTH="151" />
</TextLine>
<TextLine CS="1" HEIGHT="61" HPOS="508" VPOS="3976" WIDTH="1915">
<String CONTENT="8" CS="1" LANG="fr" />
<SP HEIGHT="49" HPOS="508" VPOS="3988" WIDTH="31" />
<String CONTENT="p." HEIGHT="38" HPOS="540" LANG="fr" VPOS="3999" WIDTH="43" />
<SP />
<String CONTENT="l.," CS="1" LANG="fr" />
<SP />
<String CONTENT="815" HEIGHT="41" HPOS="702" VPOS="3988" WIDTH="85" />
<SP HEIGHT="48" HPOS="788" VPOS="3988" WIDTH="33" />
<String CONTENT="p." HEIGHT="38" HPOS="822" VPOS="3998" WIDTH="43" />
<SP HEIGHT="42" HPOS="866" VPOS="3987" WIDTH="64" />
<String CONTENT="illus." HEIGHT="41" HPOS="931" VPOS="3987" WIDTH="129" />
<SP HEIGHT="48" HPOS="1061" VPOS="3988" WIDTH="29" />
<String CONTENT="(incl." HEIGHT="50" HPOS="1091" VPOS="3986" WIDTH="132" />
<SP HEIGHT="39" HPOS="1224" VPOS="3995" WIDTH="37" />
<String CONTENT="ports.)" HEIGHT="49" HPOS="1262" VPOS="3985" WIDTH="175" />
<SP HEIGHT="49" HPOS="1438" VPOS="3983" WIDTH="75" />
<String CONTENT="diagrs." HEIGHT="48" HPOS="1514" VPOS="3983" WIDTH="180" />
<SP HEIGHT="42" HPOS="1695" VPOS="3980" WIDTH="65" />
<String CONTENT="23&#189;cm." CS="1" HEIGHT="41" HPOS="1761" VPOS="3980" WIDTH="146" />
<SP HEIGHT="47" HPOS="1908" VPOS="3981" WIDTH="78" />
<String CONTENT="(On" HEIGHT="50" HPOS="1987" VPOS="3978" WIDTH="96" />
<SP HEIGHT="32" HPOS="2084" VPOS="3987" WIDTH="38" />
<String CONTENT="cover;" CS="1" HEIGHT="32" HPOS="2123" VPOS="3987" WIDTH="140" />
<SP HEIGHT="42" HPOS="2286" VPOS="3976" WIDTH="34" />
<String CONTENT="The" HEIGHT="40" HPOS="2321" VPOS="3976" WIDTH="102" />
</TextLine>
<TextLine CS="1" HEIGHT="42" HPOS="413" VPOS="4047" WIDTH="409">
<String CONTENT="A." HEIGHT="39" HPOS="413" VPOS="4048" WIDTH="51" />
<SP HEIGHT="39" HPOS="465" VPOS="4048" WIDTH="32" />
<String CONTENT="I." CS="1" HEIGHT="8" HPOS="525" VPOS="4081" WIDTH="6" />
<SP HEIGHT="41" HPOS="532" VPOS="4048" WIDTH="31" />
<String CONTENT="Root" HEIGHT="40" HPOS="564" VPOS="4048" WIDTH="122" />
<SP HEIGHT="41" HPOS="687" VPOS="4047" WIDTH="24" />
<String CONTENT="bee" HEIGHT="41" HPOS="712" VPOS="4047" WIDTH="84" />
<SP HEIGHT="41" HPOS="797" VPOS="4047" WIDTH="25" />
<String CONTENT="library." CS="1" />
</TextLine>
</TextBlock>
</PrintSpace>
</Page>
</Layout>
</alto>