2519 4377
1287 4091 133 49 1322

349 399 267 63 Jenkins,
644 400 207 52 James
876 401 63 53 F.

419 477 1951 66 World letters … Fez, Morocco, September 6, 1936 … [Fez,
349 557 282 56 Morocco,
654 555 208 55 World
889 555 213 67 letters,
1126 557 128 65 inc.]
1289 562 17 20 c
1312 559 150 50 1936.

421 629 88 39 5-8
533 639 44 37 p.
635 628 130 40 illus.
825 628 56 40 18
882 630 46 21 cm
934 661 8 8 .

422 684 413 49 Mimeographed.

351 739 2020 53 © 1c. Oct. 10, 1936; A ad int. 21901: pubd. Sept. 6; World letters, inc.,
422 801 120 38 East
567 800 208 48 Aurora,
802 799 56 40 N.
882 800 55 38 Y.

348 889 199 63 Jones,
574 887 286 54 Franklin
886 890 150 63 Day,
1065 888 174 54 1879-
1452 890 85 51 ed.

421 966 313 69 Ingenious
781 966 376 55 mechanisms
1209 968 94 51 for
1353 966 291 68 designers
1695 968 113 52 and
1855 968 310 52 inventors,
348 966 1996 133 volume

511 1051 47 49 2.
596 1047 388 52 Mechanisms
1019 1047 111 51 and
1169 1047 350 51 mechanical
1555 1051 349 48 movements
1940 1046 240 52 selected
2219 1044 152 52 from

351 1125 311 54 automatic
706 1124 290 53 machines
1041 1125 114 52 and
1201 1124 231 53 various
1477 1125 162 53 other
1683 1124 183 53 forms
1913 1124 63 52 of
2020 1124 350 52 mechanical

349 1209 318 62 apparatus
710 1222 59 33 as
813 1201 380 69 outstanding
1234 1203 289 67 examples
1565 1203 63 52 of
1670 1201 302 69 ingenious
2016 1202 201 67 design
348 1220 1999 129 embodying

636 1283 158 52 ideas
829 1281 93 54 for
954 1281 314 68 principles
1301 1281 324 68 applicable
1656 1282 59 51 in
1747 1282 306 66 designing
2083 1282 287 52 machines

349 1380 63 34 or
446 1360 220 54 devices
697 1360 297 68 requiring
1027 1361 311 52 automatic
1369 1361 254 52 features
1655 1378 62 33 or
1749 1359 351 54 mechanical
2133 1360 236 52 control.

350 1438 2021 68 Edited by Franklin D. Jones … First edition. New York,
349 1520 120 51 The
504 1517 325 54 Industrial
860 1537 186 48 press;
1082 1518 261 66 London,
1376 1518 122 52 The
1529 1516 338 56 Machinery
1902 1516 339 69 publishing
2273 1535 98 49 co.,

348 1598 122 66 ltd.,
501 1601 150 50 1936.

420 1669 887 50 3 p. l., 538 p. illus., diagrs. 23½cm.
350 1725 52 53 ©
427 1729 102 40 Oct.
555 1728 69 48 15,
650 1727 142 47 1936;
820 1728 67 40 2c.
913 1727 97 39 and
1034 1726 83 41 aff.
1145 1727 101 40 Oct.
1273 1727 55 40 16;
1384 1728 41 38 A
1449 1725 171 49 98949;
1650 1725 276 41 Industrial
1949 1736 154 38 press.

349 1821 197 62 Jones,
575 1820 261 55 Neason.

420 1898 84 51 To
535 1916 32 34 a
599 1896 266 57 Catholic
896 1896 154 53 from
1080 1915 31 34 a
1140 1898 335 51 Protestant
1504 1895 60 53 in
1594 1895 234 54 defence
1859 1895 64 53 of
1952 1896 96 54 the
2079 1895 182 67 faith;
2298 1914 72 33 an

349 1994 147 50 open
523 1977 168 52 letter
720 1981 59 47 to
809 1976 96 53 the
936 1975 186 69 Right
1149 1975 378 54 Honourable
1551 1976 158 52 Lord
1739 1975 262 53 Howard
2032 1974 64 54 of
2126 1974 243 54 Penrith

411 2053 1957 69 … formerly Sir Esme Howard, British ambassador to the
353 2133 2016 68 United States, by Neason Jones … New York [etc.] Fleming
351 2214 76 54 H.
464 2213 201 55 Revell
702 2230 285 52 company
1025 2248 12 34 [
1043 2221 17 21 c
1065 2217 153 64 1936]

421 2287 54 42 93
509 2299 43 37 p.
613 2287 57 41 19½cm.

425 2345 269 48 Suggested
722 2344 62 48 by
812 2344 128 40 Lord
967 2343 258 42 Howard’s
1257 2344 206 41 account
1492 2343 50 41 of
1569 2344 77 40 his
1675 2344 283 39 conversion
1991 2346 49 39 to
2071 2345 80 38 the
2182 2344 187 41 Roman

351 2402 222 41 Catholic
598 2400 133 42 faith
759 2401 259 40 contained
1045 2403 50 39 in
1119 2412 65 29 an
1211 2400 175 42 article
1412 2401 306 40 contributed
1750 2403 56 46 by
1838 2402 96 38 him
1965 2405 48 36 to
2041 2403 81 39 the
2151 2402 218 41 Atlantic

353 2459 231 48 monthly,
631 2459 294 48 September,
966 2459 130 49 1935,
1136 2459 205 41 entitled
1387 2459 68 40 “A
1496 2459 188 40 Roman
1727 2459 296 48 courtship”,
2065 2461 95 39 and
2203 2459 48 41 in
2293 2460 75 40 his

350 2516 391 49 autobiography
773 2517 206 41 entitled
1013 2517 241 41 “Theatre
1283 2517 53 41 of
1364 2516 133 43 life”.

348 2571 53 53 ©
429 2575 121 45 Aug.
576 2575 71 48 28,
680 2574 117 41 1936;
853 2575 67 42 2c.
953 2575 97 39 and
1080 2574 81 40 aff.
1199 2576 128 47 Sept.
1360 2575 82 47 11;
1476 2576 41 38 A
1547 2573 171 49 98396;
1754 2574 223 49 Fleming
2007 2576 59 38 H.
2100 2574 170 40 Revell
2300 2584 67 30 co.

429 2632 283 50 (36-20423)

347 2722 242 63 Keelan,
617 2723 244 54 Patrick
889 2724 64 52 F.

422 2799 137 69 City
597 2805 377 63 government
1010 2799 64 54 of
1113 2800 323 68 Elizabeth,
1475 2800 140 53 New
1653 2800 220 68 Jersey,
1909 2799 79 69 by
2023 2799 240 54 Patrick
2301 2800 66 52 F.

352 2877 2018 71 Keelan … Elizabeth, N. J., Colby & McGowan, incorporated,
353 2961 151 50 1936.

422 3031 580 49 2 p. l., ii. 53 p. 22 cm .
424 3088 163 41 “First
630 3088 228 41 edition.”

350 3141 53 53 ©
444 3146 128 47 Sept.
611 3147 40 46 5,
690 3146 142 47 1936;
871 3146 69 40 2c.
982 3146 127 48 Sept.
1149 3147 82 47 15;
1274 3147 82 40 aff.
1401 3147 128 47 Sept.
1566 3147 84 48 22;
1692 3148 43 39 A
1769 3146 172 50 98569;
1985 3149 51 39 P.
2074 3148 51 41 F.
2166 3148 200 50 Keelan,

419 3202 270 50 Elizabeth,
724 3205 56 39 N.
817 3204 43 40 J.
934 3202 283 50 (36-20498)

348 3293 170 65 Kerr,
548 3294 155 53 John
735 3294 226 64 Henry,
993 3299 170 49 1858-

349 3371 1991 131 The New Testament as it stands, by John H. Kerr … foreword
527 3450 1838 70 by Rev. Edward A. Wicher … New York [etc.] Fleming
348 3529 77 54 H.
457 3528 201 54 Revell
692 3548 282 50 company
1194 3565 11 33 [c1936]

420 3602 87 41 160
537 3614 41 37 p.
639 3602 58 42 19½cm.

348 3656 2017 53 © Aug. 28, 1936; 2c. and aff. Sept. 11; A 98395; Fleming H Revell co.
429 3717 283 49 (36-20418)

352 3808 172 64 King,
553 3808 216 56 Rufus.

422 3884 119 52 The
582 3903 123 34 case
747 3884 64 53 of
850 3885 96 52 the
986 3890 261 48 constant
1289 3884 158 66 God;
1489 3885 345 54 Lieutenant
1878 3885 298 55 Valcour’s
2217 3889 146 49 most

350 3961 253 70 exciting
635 3981 141 50 case,
810 3962 75 70 by
918 3962 191 54 Rufus
1144 3963 178 70 King.
1395 3963 231 56 Garden
1666 3963 153 70 City,
1854 3965 69 53 N.
1963 3964 91 68 Y.,
2089 3964 143 54 Pub.
2269 3962 93 54 for
