<alto xmlns="http://www.loc.gov/standards/alto/ns-v3#" xmlns:xlink="http://www.w3.org/1999/xlink" xmlns:xsi="http://www.w3.org/2001/XMLSchema-instance" xsi:schemaLocation="http://www.loc.gov/standards/alto/ns-v3# http://www.loc.gov/alto/v3/alto-3-0.xsd"><Description>
<MeasurementUnit>pixel</MeasurementUnit>
<sourceImageInformation>
<fileName>1936_v33_Part1.pdf</fileName>
</sourceImageInformation>
<OCRProcessing ID="IdOcr">
<ocrProcessingStep>
<processingDateTime>2019-01-18</processingDateTime>
<processingSoftware>
<softwareCreator>ABBYY</softwareCreator>
<softwareName>ABBYY Recognition Server</softwareName>
<softwareVersion>4.0</softwareVersion>
</processingSoftware>
</ocrProcessingStep>
</OCRProcessing>
</Description>
<Styles>
<ParagraphStyle ID="StyleId-FFFFFFFF-FFFF-FFFF-FFFF-FFFFFFFFFFFF-" ALIGN="Left" LEFT="0." RIGHT="0." FIRSTLINE="0."/>
<ParagraphStyle ID="StyleId-51D50FAC-7A90-4D70-8A96-5EA9D46D1C8B-" ALIGN="Left" LEFT="0." RIGHT="0." FIRSTLINE="0." LINESPACE="7.699999809"/>
<ParagraphStyle ID="StyleId-6BC133E9-7DCB-43C3-8842-A67984A26405-" ALIGN="Block" LEFT="0." RIGHT="0." FIRSTLINE="-17." LINESPACE="8.340000153"/>
<ParagraphStyle ID="StyleId-3C3FF860-43E7-46A2-8934-48F305F6F0D6-" ALIGN="Left" LEFT="0." RIGHT="0." FIRSTLINE="-13." LINESPACE="11.06999969"/>
<ParagraphStyle ID="StyleId-19220C76-4F8A-4737-B38C-B5F5C17E6040-" ALIGN="Block" LEFT="0." RIGHT="0." FIRSTLINE="-13." LINESPACE="11.06999969"/>
<ParagraphStyle ID="StyleId-75A0D721-13ED-4F20-9002-B389EC48477D-" ALIGN="Left" LEFT="0." RIGHT="0." FIRSTLINE="0." LINESPACE="15.5"/>
<ParagraphStyle ID="StyleId-8A414184-C7A5-4AC7-9B88-7DA4DDE75922-" ALIGN="Left" LEFT="0." RIGHT="0." FIRSTLINE="0." LINESPACE="9.399999619"/>
<ParagraphStyle ID="StyleId-1A87970B-111C-4169-99A6-9412976F3C97-" ALIGN="Left" LEFT="0." RIGHT="0." FIRSTLINE="0." LINESPACE="10.5"/>
<ParagraphStyle ID="StyleId-72DB0571-5AE4-41FD-9E11-68C6AC4C437E-" ALIGN="Block" LEFT="0." RIGHT="0." FIRSTLINE="-17." LINESPACE="8.340000153"/>
<ParagraphStyle ID="StyleId-1AA43056-C388-4697-B10F-72FDAA38FAE1-" ALIGN="Center" LEFT="0." RIGHT="0." FIRSTLINE="0." LINESPACE="10.5"/>
</Styles>
<Layout>
<Page ID="Page7" PHYSICAL_IMG_NR="7" HEIGHT="4361" WIDTH="2597">
<TopMargin HEIGHT="449" WIDTH="2597" VPOS="0" HPOS="0">
</TopMargin>
<LeftMargin HEIGHT="3647" WIDTH="214" VPOS="449" HPOS="0">
</LeftMargin>
<RightMargin HEIGHT="3647" WIDTH="355" VPOS="449" HPOS="2242">
</RightMargin>
<BottomMargin HEIGHT="265" WIDTH="2597" VPOS="4096" HPOS="0">
<TextBlock ID="Page7_Block1" HEIGHT="74" WIDTH="52" VPOS="4096" HPOS="1194" LANG="en-US" STYLEREFS="StyleId-1AA43056-C388-4697-B10F-72FDAA38FAE1-">
<TextLine HEIGHT="54" WIDTH="31" VPOS="4107" HPOS="1205">
<String CONTENT="7" HEIGHT="54" WIDTH="31" VPOS="4107" HPOS="1205"/>
</TextLine>
</TextBlock>
</BottomMargin>
<PrintSpace HEIGHT="3647" WIDTH="2028" VPOS="449" HPOS="214">
<TextBlock ID="Page7_Block2" HEIGHT="3647" WIDTH="2028" VPOS="449" HPOS="214" LANG="en-US" CS="1" STYLEREFS="StyleId-72DB0571-5AE4-41FD-9E11-68C6AC4C437E-">
<TextLine HEIGHT="41" WIDTH="418" VPOS="532" HPOS="305" STYLEREFS="StyleId-3C3FF860-43E7-46A2-8934-48F305F6F0D6-">
<String CONTENT="&#8220;First" HEIGHT="40" WIDTH="161" VPOS="533" HPOS="305"/>
<SP HEIGHT="38" WIDTH="29" VPOS="535" HPOS="467"/>
<String CONTENT="edition.&#8221;" HEIGHT="40" WIDTH="226" VPOS="532" HPOS="497"/>
</TextLine>
<TextLine HEIGHT="53" WIDTH="1999" VPOS="600" HPOS="233">
<String CONTENT="&#169;" HEIGHT="53" WIDTH="53" VPOS="600" HPOS="233"/>
<SP HEIGHT="53" WIDTH="26" VPOS="600" HPOS="287"/>
<String LANG="de" CONTENT="Jan." HEIGHT="39" WIDTH="109" VPOS="605" HPOS="314"/>
<SP HEIGHT="41" WIDTH="27" VPOS="603" HPOS="424"/>
<String CONTENT="2," HEIGHT="44" WIDTH="39" VPOS="603" HPOS="452"/>
<SP HEIGHT="43" WIDTH="28" VPOS="604" HPOS="492"/>
<String CONTENT="1936;" HEIGHT="46" WIDTH="140" VPOS="603" HPOS="521"/>
<SP HEIGHT="47" WIDTH="29" VPOS="602" HPOS="662"/>
<String CONTENT="2c." HEIGHT="40" WIDTH="67" VPOS="602" HPOS="692"/>
<SP HEIGHT="38" WIDTH="27" VPOS="604" HPOS="760"/>
<String CONTENT="Dec." HEIGHT="38" WIDTH="113" VPOS="604" HPOS="788"/>
<SP HEIGHT="39" WIDTH="28" VPOS="603" HPOS="902"/>
<String CONTENT="31." HEIGHT="39" WIDTH="69" VPOS="603" HPOS="931"/>
<SP HEIGHT="40" WIDTH="28" VPOS="602" HPOS="1001"/>
<String CONTENT="1935;" HEIGHT="47" WIDTH="141" VPOS="600" HPOS="1030"/>
<SP HEIGHT="35" WIDTH="32" VPOS="612" HPOS="1172"/>
<String CONTENT="aff." HEIGHT="41" WIDTH="81" VPOS="600" HPOS="1205"/>
<SP HEIGHT="39" WIDTH="29" VPOS="602" HPOS="1287"/>
<String CONTENT="Jan." HEIGHT="40" WIDTH="109" VPOS="602" HPOS="1317"/>
<SP HEIGHT="40" WIDTH="27" VPOS="602" HPOS="1427"/>
<String CONTENT="4," HEIGHT="46" WIDTH="42" VPOS="602" HPOS="1455"/>
<SP HEIGHT="47" WIDTH="29" VPOS="601" HPOS="1498"/>
<String CONTENT="1936;" HEIGHT="47" WIDTH="141" VPOS="601" HPOS="1528"/>
<SP HEIGHT="46" WIDTH="29" VPOS="602" HPOS="1670"/>
<!-- cceid 933D369F-6E3A-1014-83DD-942C093A1DD9 --><String CONTENT="A" HEIGHT="38" WIDTH="43" VPOS="602" HPOS="1700"/>
<SP HEIGHT="39" WIDTH="25" VPOS="601" HPOS="1744"/>
<String CONTENT="90167;" HEIGHT="47" WIDTH="170" VPOS="601" HPOS="1770"/>
<SP HEIGHT="46" WIDTH="32" VPOS="602" HPOS="1941"/>
<String CONTENT="Harper" HEIGHT="47" WIDTH="192" VPOS="602" HPOS="1974"/>
<SP HEIGHT="39" WIDTH="28" VPOS="603" HPOS="2167"/>
<String CONTENT="&amp;" HEIGHT="39" WIDTH="36" VPOS="603" HPOS="2196"/>
</TextLine>
<TextLine HEIGHT="48" WIDTH="443" VPOS="660" HPOS="305">
<String CONTENT="bros." HEIGHT="39" WIDTH="126" VPOS="662" HPOS="305"/>
<SP HEIGHT="47" WIDTH="65" VPOS="661" HPOS="432"/>
<String CONTENT="(36-1072)" HEIGHT="48" WIDTH="250" VPOS="660" HPOS="498"/>
</TextLine>
<TextLine HEIGHT="64" WIDTH="648" VPOS="763" HPOS="230" STYLEREFS="StyleId-3C3FF860-43E7-46A2-8934-48F305F6F0D6-">
<String CONTENT="Dodge," HEIGHT="63" WIDTH="220" VPOS="764" HPOS="230"/>
<SP HEIGHT="63" WIDTH="27" VPOS="764" HPOS="451"/>
<String CONTENT="Alice" HEIGHT="54" WIDTH="164" VPOS="763" HPOS="479"/>
<SP HEIGHT="52" WIDTH="26" VPOS="764" HPOS="644"/>
<String CONTENT="Marie." HEIGHT="54" WIDTH="207" VPOS="763" HPOS="671"/>
</TextLine>
<TextLine HEIGHT="71" WIDTH="1928" VPOS="835" HPOS="302" STYLEREFS="StyleId-19220C76-4F8A-4737-B38C-B5F5C17E6040-">
<String CONTENT="Sunshine" HEIGHT="57" WIDTH="282" VPOS="837" HPOS="302"/>
<SP HEIGHT="35" WIDTH="27" VPOS="856" HPOS="585"/>
<String CONTENT="acres," HEIGHT="51" WIDTH="167" VPOS="855" HPOS="613"/>
<SP HEIGHT="69" WIDTH="24" VPOS="837" HPOS="781"/>
<String CONTENT="by" HEIGHT="69" WIDTH="74" VPOS="837" HPOS="806"/>
<SP HEIGHT="69" WIDTH="27" VPOS="837" HPOS="881"/>
<String CONTENT="Alice" HEIGHT="56" WIDTH="162" VPOS="836" HPOS="909"/>
<SP HEIGHT="55" WIDTH="28" VPOS="837" HPOS="1072"/>
<String CONTENT="Marie" HEIGHT="53" WIDTH="184" VPOS="837" HPOS="1101"/>
<SP HEIGHT="54" WIDTH="27" VPOS="836" HPOS="1286"/>
<String CONTENT="Dodge." HEIGHT="68" WIDTH="219" VPOS="836" HPOS="1314"/>
<SP HEIGHT="54" WIDTH="73" VPOS="836" HPOS="1534"/>
<String CONTENT="New" HEIGHT="52" WIDTH="135" VPOS="836" HPOS="1608"/>
<SP HEIGHT="51" WIDTH="32" VPOS="836" HPOS="1744"/>
<String CONTENT="York," HEIGHT="69" WIDTH="177" VPOS="835" HPOS="1777"/>
<SP HEIGHT="67" WIDTH="27" VPOS="837" HPOS="1955"/>
<String CONTENT="Arcadia" HEIGHT="54" WIDTH="247" VPOS="837" HPOS="1983"/>
</TextLine>
<TextLine HEIGHT="68" WIDTH="402" VPOS="917" HPOS="231" STYLEREFS="StyleId-19220C76-4F8A-4737-B38C-B5F5C17E6040-">
<String CONTENT="house" HEIGHT="53" WIDTH="170" VPOS="917" HPOS="231"/>
<SP HEIGHT="49" WIDTH="37" VPOS="936" HPOS="402"/>
<String STYLE="subscript" CONTENT="[" HEIGHT="34" WIDTH="13" VPOS="951" HPOS="440"/>
<String STYLE="superscript" CONTENT="c" HEIGHT="22" WIDTH="18" VPOS="924" HPOS="458"/>
<String CONTENT="1936" HEIGHT="50" WIDTH="133" VPOS="919" HPOS="481"/>
<String STYLE="subscript" CONTENT="]" HEIGHT="35" WIDTH="13" VPOS="949" HPOS="620"/>
</TextLine>
<TextLine HEIGHT="49" WIDTH="365" VPOS="1000" HPOS="299" CS="1">
<String LANG="en-US" CONTENT="288" HEIGHT="42" WIDTH="86" VPOS="1000" HPOS="299"/>
<SP HEIGHT="48" WIDTH="27" VPOS="1001" HPOS="386"/>
<String LANG="en-US" CONTENT="p." HEIGHT="38" WIDTH="44" VPOS="1011" HPOS="414"/>
<SP HEIGHT="41" WIDTH="57" VPOS="1000" HPOS="459"/>
<String LANG="ru" CS="1" CONTENT="19&#189;" HEIGHT="41" WIDTH="59" VPOS="1000" HPOS="517"/>
<String LANG="en-US" CS="1" CONTENT="cm"/>
<String LANG="ru" CONTENT="." HEIGHT="9" WIDTH="9" VPOS="1031" HPOS="655"/>
</TextLine>
<TextLine HEIGHT="109" WIDTH="1982" VPOS="1071" HPOS="233" CS="1">
<String CONTENT="&#169;" HEIGHT="52" WIDTH="53" VPOS="1072" HPOS="233"/>
<SP HEIGHT="52" WIDTH="28" VPOS="1072" HPOS="287"/>
<String CONTENT="Jan." HEIGHT="39" WIDTH="109" VPOS="1076" HPOS="316"/>
<SP HEIGHT="40" WIDTH="29" VPOS="1074" HPOS="426"/>
<String CONTENT="9," HEIGHT="49" WIDTH="39" VPOS="1074" HPOS="456"/>
<SP HEIGHT="48" WIDTH="27" VPOS="1075" HPOS="496"/>
<String CONTENT="1936;" HEIGHT="47" WIDTH="141" VPOS="1073" HPOS="524"/>
<SP HEIGHT="47" WIDTH="31" VPOS="1073" HPOS="666"/>
<String CONTENT="2c." HEIGHT="40" WIDTH="65" VPOS="1073" HPOS="698"/>
<SP HEIGHT="38" WIDTH="30" VPOS="1075" HPOS="764"/>
<String CONTENT="Jan." HEIGHT="38" WIDTH="109" VPOS="1075" HPOS="795"/>
<SP HEIGHT="39" WIDTH="29" VPOS="1074" HPOS="905"/>
<String CS="1" CONTENT="17;" HEIGHT="39" WIDTH="54" VPOS="1074" HPOS="935"/>
<SP HEIGHT="30" WIDTH="32" VPOS="1084" HPOS="1017"/>
<String CONTENT="aff." HEIGHT="40" WIDTH="79" VPOS="1072" HPOS="1050"/>
<SP HEIGHT="39" WIDTH="32" VPOS="1073" HPOS="1130"/>
<String CONTENT="Jan." HEIGHT="40" WIDTH="110" VPOS="1073" HPOS="1163"/>
<SP HEIGHT="40" WIDTH="29" VPOS="1073" HPOS="1274"/>
<String CS="1" CONTENT="18;" HEIGHT="40" WIDTH="59" VPOS="1073" HPOS="1304"/>
<SP HEIGHT="41" WIDTH="32" VPOS="1073" HPOS="1387"/>
<!-- cceid 933DDE3B-6E3A-1014-83DD-942C093A1DD9 --><String CONTENT="A" HEIGHT="38" WIDTH="44" VPOS="1073" HPOS="1420"/>
<SP HEIGHT="41" WIDTH="25" VPOS="1071" HPOS="1465"/>
<String CONTENT="90351;" HEIGHT="48" WIDTH="171" VPOS="1071" HPOS="1491"/>
<SP HEIGHT="46" WIDTH="32" VPOS="1073" HPOS="1663"/>
<String CONTENT="Arcadia" HEIGHT="41" WIDTH="209" VPOS="1072" HPOS="1696"/>
<SP HEIGHT="39" WIDTH="32" VPOS="1074" HPOS="1906"/>
<String CONTENT="house" HEIGHT="40" WIDTH="150" VPOS="1074" HPOS="1939"/>
<SP HEIGHT="39" WIDTH="30" VPOS="1082" HPOS="2090"/>
<String CONTENT="publications." HEIGHT="97" WIDTH="1913" VPOS="1075" HPOS="302"/>
<SP HEIGHT="49" WIDTH="72" VPOS="1131" HPOS="544"/>
<String CONTENT="(36-1043" HEIGHT="50" WIDTH="224" VPOS="1130" HPOS="617"/>
<SP HEIGHT="47" WIDTH="11" VPOS="1130" HPOS="842"/>
<String CONTENT=")" HEIGHT="47" WIDTH="13" VPOS="1130" HPOS="854"/>
</TextLine>
<TextLine HEIGHT="63" WIDTH="719" VPOS="1237" HPOS="229" STYLEREFS="StyleId-3C3FF860-43E7-46A2-8934-48F305F6F0D6-">
<String CONTENT="Doner," HEIGHT="63" WIDTH="213" VPOS="1237" HPOS="229"/>
<SP HEIGHT="62" WIDTH="27" VPOS="1238" HPOS="443"/>
<String CONTENT="Mary" HEIGHT="61" WIDTH="173" VPOS="1238" HPOS="471"/>
<SP HEIGHT="62" WIDTH="27" VPOS="1237" HPOS="645"/>
<String CONTENT="Frances." HEIGHT="52" WIDTH="275" VPOS="1237" HPOS="673"/>
</TextLine>
<TextLine HEIGHT="68" WIDTH="1869" VPOS="1311" HPOS="301" STYLEREFS="StyleId-19220C76-4F8A-4737-B38C-B5F5C17E6040-" CS="1">
<String CONTENT="Child" HEIGHT="54" WIDTH="172" VPOS="1314" HPOS="301"/>
<SP HEIGHT="52" WIDTH="34" VPOS="1314" HPOS="474"/>
<String CONTENT="of" HEIGHT="51" WIDTH="63" VPOS="1314" HPOS="509"/>
<SP HEIGHT="51" WIDTH="34" VPOS="1314" HPOS="573"/>
<String CONTENT="conflict;" HEIGHT="67" WIDTH="252" VPOS="1311" HPOS="608"/>
<SP HEIGHT="47" WIDTH="38" VPOS="1331" HPOS="861"/>
<String CONTENT="a" HEIGHT="33" WIDTH="29" VPOS="1331" HPOS="900"/>
<SP HEIGHT="51" WIDTH="34" VPOS="1313" HPOS="930"/>
<String CONTENT="love" HEIGHT="51" WIDTH="124" VPOS="1313" HPOS="965"/>
<SP HEIGHT="35" WIDTH="34" VPOS="1330" HPOS="1090"/>
<String CS="1" CONTENT="story," HEIGHT="51" WIDTH="175" VPOS="1317" HPOS="1125"/>
<SP HEIGHT="56" WIDTH="33" VPOS="1312" HPOS="1301"/>
<String CONTENT="by" HEIGHT="67" WIDTH="74" VPOS="1312" HPOS="1335"/>
<SP HEIGHT="67" WIDTH="33" VPOS="1312" HPOS="1410"/>
<String CS="1" CONTENT="Mary" HEIGHT="51" WIDTH="132" VPOS="1312" HPOS="1444"/>
<SP HEIGHT="54" WIDTH="33" VPOS="1312" HPOS="1617"/>
<String CONTENT="Frances" HEIGHT="52" WIDTH="246" VPOS="1312" HPOS="1651"/>
<SP HEIGHT="51" WIDTH="37" VPOS="1313" HPOS="1898"/>
<String CONTENT="Doner" HEIGHT="52" WIDTH="194" VPOS="1313" HPOS="1936"/>
<SP HEIGHT="32" WIDTH="39" VPOS="1333" HPOS="2131"/>
<String CS="1" CONTENT="&#8230;"/>
</TextLine>
<TextLine HEIGHT="68" WIDTH="1214" VPOS="1390" HPOS="229" STYLEREFS="StyleId-19220C76-4F8A-4737-B38C-B5F5C17E6040-" CS="1">
<String CONTENT="New" HEIGHT="51" WIDTH="139" VPOS="1394" HPOS="229"/>
<SP HEIGHT="50" WIDTH="24" VPOS="1394" HPOS="369"/>
<String CONTENT="York," HEIGHT="65" WIDTH="178" VPOS="1392" HPOS="394"/>
<SP HEIGHT="65" WIDTH="20" VPOS="1392" HPOS="573"/>
<String CONTENT="N." HEIGHT="52" WIDTH="69" VPOS="1392" HPOS="594"/>
<SP HEIGHT="51" WIDTH="26" VPOS="1393" HPOS="664"/>
<String CONTENT="Y.," HEIGHT="65" WIDTH="89" VPOS="1393" HPOS="691"/>
<SP HEIGHT="67" WIDTH="25" VPOS="1391" HPOS="781"/>
<String CONTENT="Chelsea" HEIGHT="54" WIDTH="234" VPOS="1391" HPOS="807"/>
<SP HEIGHT="52" WIDTH="22" VPOS="1390" HPOS="1042"/>
<String CONTENT="house" HEIGHT="55" WIDTH="173" VPOS="1390" HPOS="1065"/>
<SP/>
<String CS="1" CONTENT="[c1936]" HEIGHT="48" WIDTH="132" VPOS="1394" HPOS="1311"/>
</TextLine>
<TextLine HEIGHT="51" WIDTH="679" VPOS="1463" HPOS="301" CS="1">
<String CONTENT="4" HEIGHT="37" WIDTH="27" VPOS="1468" HPOS="301"/>
<SP HEIGHT="45" WIDTH="25" VPOS="1468" HPOS="329"/>
<String CONTENT="p." HEIGHT="36" WIDTH="42" VPOS="1477" HPOS="355"/>
<SP/>
<String CS="1" CONTENT="l.,"/>
<SP/>
<String CS="1" CONTENT="[11]-245" HEIGHT="49" WIDTH="207" VPOS="1465" HPOS="503"/>
<SP HEIGHT="47" WIDTH="21" VPOS="1465" HPOS="711"/>
<String CONTENT="p." HEIGHT="37" WIDTH="43" VPOS="1475" HPOS="733"/>
<SP HEIGHT="39" WIDTH="56" VPOS="1464" HPOS="777"/>
<String CS="1" CONTENT="19&#189;cm." HEIGHT="41" WIDTH="146" VPOS="1463" HPOS="834"/>
</TextLine>
<TextLine HEIGHT="109" WIDTH="1739" VPOS="1532" HPOS="233" CS="1">
<String CONTENT="&#169;" HEIGHT="52" WIDTH="52" VPOS="1533" HPOS="233"/>
<SP HEIGHT="52" WIDTH="31" VPOS="1533" HPOS="286"/>
<String CONTENT="Jan." HEIGHT="39" WIDTH="110" VPOS="1537" HPOS="318"/>
<SP HEIGHT="41" WIDTH="31" VPOS="1535" HPOS="429"/>
<String CONTENT="2," HEIGHT="48" WIDTH="39" VPOS="1535" HPOS="461"/>
<SP HEIGHT="47" WIDTH="32" VPOS="1536" HPOS="501"/>
<String CS="1" CONTENT="1936;" HEIGHT="40" WIDTH="117" VPOS="1535" HPOS="534"/>
<SP HEIGHT="47" WIDTH="32" VPOS="1534" HPOS="676"/>
<String CONTENT="2c." HEIGHT="41" WIDTH="67" VPOS="1534" HPOS="709"/>
<SP HEIGHT="31" WIDTH="31" VPOS="1544" HPOS="777"/>
<String CONTENT="and" HEIGHT="39" WIDTH="95" VPOS="1535" HPOS="809"/>
<SP HEIGHT="39" WIDTH="32" VPOS="1535" HPOS="905"/>
<String CONTENT="aff." HEIGHT="41" WIDTH="82" VPOS="1533" HPOS="938"/>
<SP HEIGHT="40" WIDTH="33" VPOS="1534" HPOS="1021"/>
<String CONTENT="Jan." HEIGHT="39" WIDTH="111" VPOS="1534" HPOS="1055"/>
<SP HEIGHT="39" WIDTH="30" VPOS="1534" HPOS="1167"/>
<String CONTENT="4;" HEIGHT="45" WIDTH="53" VPOS="1534" HPOS="1198"/>
<SP HEIGHT="46" WIDTH="36" VPOS="1533" HPOS="1252"/>
<!-- cceid 933E8E7C-6E3A-1014-83DD-942C093A1DD9 --><String CONTENT="A" HEIGHT="38" WIDTH="41" VPOS="1533" HPOS="1289"/>
<SP HEIGHT="39" WIDTH="30" VPOS="1532" HPOS="1331"/>
<String CS="1" CONTENT="91007;" HEIGHT="41" WIDTH="148" VPOS="1532" HPOS="1362"/>
<SP HEIGHT="47" WIDTH="36" VPOS="1532" HPOS="1535"/>
<String CONTENT="Chelsea" HEIGHT="41" WIDTH="204" VPOS="1532" HPOS="1572"/>
<SP HEIGHT="39" WIDTH="29" VPOS="1533" HPOS="1777"/>
<String CONTENT="house." HEIGHT="41" WIDTH="165" VPOS="1533" HPOS="1807"/>
<SP/>
<String CONTENT="(36-409)" HEIGHT="49" WIDTH="221" VPOS="1592" HPOS="312"/>
</TextLine>
<TextLine HEIGHT="67" WIDTH="939" VPOS="1694" HPOS="230" STYLEREFS="StyleId-3C3FF860-43E7-46A2-8934-48F305F6F0D6-">
<String CONTENT="Elson," HEIGHT="65" WIDTH="196" VPOS="1696" HPOS="230"/>
<SP HEIGHT="63" WIDTH="28" VPOS="1698" HPOS="427"/>
<String CONTENT="Henry" HEIGHT="63" WIDTH="206" VPOS="1698" HPOS="456"/>
<SP HEIGHT="64" WIDTH="27" VPOS="1697" HPOS="663"/>
<String CONTENT="William," HEIGHT="65" WIDTH="273" VPOS="1694" HPOS="691"/>
<SP HEIGHT="60" WIDTH="31" VPOS="1699" HPOS="965"/>
<String CONTENT="1857-" HEIGHT="52" WIDTH="172" VPOS="1697" HPOS="997"/>
</TextLine>
<TextLine HEIGHT="71" WIDTH="1863" VPOS="1770" HPOS="304" STYLEREFS="StyleId-19220C76-4F8A-4737-B38C-B5F5C17E6040-" CS="1">
<String CONTENT="United" HEIGHT="55" WIDTH="212" VPOS="1773" HPOS="304"/>
<SP HEIGHT="56" WIDTH="33" VPOS="1772" HPOS="517"/>
<String CONTENT="States," HEIGHT="69" WIDTH="206" VPOS="1772" HPOS="551"/>
<SP HEIGHT="69" WIDTH="30" VPOS="1772" HPOS="758"/>
<String CONTENT="its" HEIGHT="54" WIDTH="74" VPOS="1772" HPOS="789"/>
<SP HEIGHT="51" WIDTH="31" VPOS="1790" HPOS="864"/>
<String CONTENT="past" HEIGHT="64" WIDTH="132" VPOS="1777" HPOS="896"/>
<SP HEIGHT="48" WIDTH="30" VPOS="1777" HPOS="1029"/>
<String CONTENT="and" HEIGHT="53" WIDTH="114" VPOS="1771" HPOS="1060"/>
<SP HEIGHT="69" WIDTH="30" VPOS="1771" HPOS="1175"/>
<String CONTENT="present," HEIGHT="64" WIDTH="247" VPOS="1776" HPOS="1206"/>
<SP HEIGHT="68" WIDTH="29" VPOS="1770" HPOS="1454"/>
<String CONTENT="by" HEIGHT="69" WIDTH="77" VPOS="1770" HPOS="1484"/>
<SP HEIGHT="69" WIDTH="30" VPOS="1770" HPOS="1562"/>
<String CONTENT="Henry" HEIGHT="69" WIDTH="205" VPOS="1770" HPOS="1593"/>
<SP HEIGHT="68" WIDTH="27" VPOS="1771" HPOS="1799"/>
<String CONTENT="W." HEIGHT="54" WIDTH="90" VPOS="1771" HPOS="1827"/>
<SP HEIGHT="54" WIDTH="30" VPOS="1770" HPOS="1918"/>
<String CONTENT="Elson" HEIGHT="54" WIDTH="181" VPOS="1770" HPOS="1949"/>
<SP HEIGHT="35" WIDTH="36" VPOS="1789" HPOS="2131"/>
<String CS="1" CONTENT="&#8230;"/>
</TextLine>
<TextLine HEIGHT="70" WIDTH="1925" VPOS="1848" HPOS="230" STYLEREFS="StyleId-19220C76-4F8A-4737-B38C-B5F5C17E6040-" CS="1">
<String CONTENT="New" HEIGHT="53" WIDTH="137" VPOS="1852" HPOS="230"/>
<SP HEIGHT="53" WIDTH="26" VPOS="1852" HPOS="368"/>
<String CONTENT="York," HEIGHT="68" WIDTH="182" VPOS="1850" HPOS="395"/>
<SP HEIGHT="68" WIDTH="25" VPOS="1850" HPOS="578"/>
<String CONTENT="Cincinnati" HEIGHT="55" WIDTH="328" VPOS="1850" HPOS="604"/>
<SP HEIGHT="67" WIDTH="33" VPOS="1850" HPOS="933"/>
<String CS="1" CONTENT="[etc.]" HEIGHT="62" WIDTH="119" VPOS="1854" HPOS="986"/>
<SP HEIGHT="68" WIDTH="33" VPOS="1848" HPOS="1106"/>
<String CONTENT="American" HEIGHT="53" WIDTH="308" VPOS="1848" HPOS="1140"/>
<SP HEIGHT="52" WIDTH="23" VPOS="1849" HPOS="1449"/>
<String CONTENT="book" HEIGHT="53" WIDTH="149" VPOS="1848" HPOS="1473"/>
<SP HEIGHT="53" WIDTH="23" VPOS="1848" HPOS="1623"/>
<String CONTENT="company" HEIGHT="51" WIDTH="281" VPOS="1866" HPOS="1647"/>
<SP HEIGHT="50" WIDTH="32" VPOS="1867" HPOS="1929"/>
<String CS="1" CONTENT="["/>
<String STYLE="superscript" CONTENT="c" HEIGHT="21" WIDTH="17" VPOS="1854" HPOS="1980"/>
<String CONTENT="1936]" HEIGHT="65" WIDTH="154" VPOS="1851" HPOS="2001"/>
</TextLine>
<TextLine HEIGHT="51" WIDTH="1882" VPOS="1922" HPOS="336" CS="1">
<String CS="1" CONTENT="x," HEIGHT="17" WIDTH="9" VPOS="1956" HPOS="336"/>
<SP HEIGHT="47" WIDTH="24" VPOS="1926" HPOS="346"/>
<String CONTENT="558," HEIGHT="48" WIDTH="100" VPOS="1924" HPOS="371"/>
<SP HEIGHT="38" WIDTH="24" VPOS="1934" HPOS="472"/>
<String CONTENT="xi-xxxviii" HEIGHT="41" WIDTH="276" VPOS="1923" HPOS="497"/>
<SP HEIGHT="49" WIDTH="21" VPOS="1924" HPOS="774"/>
<String CONTENT="p." HEIGHT="39" WIDTH="45" VPOS="1934" HPOS="796"/>
<SP HEIGHT="31" WIDTH="54" VPOS="1933" HPOS="842"/>
<String CONTENT="col." HEIGHT="42" WIDTH="87" VPOS="1922" HPOS="897"/>
<SP HEIGHT="42" WIDTH="25" VPOS="1922" HPOS="985"/>
<String CONTENT="front.," HEIGHT="48" WIDTH="166" VPOS="1922" HPOS="1011"/>
<SP HEIGHT="47" WIDTH="27" VPOS="1923" HPOS="1178"/>
<String CONTENT="illus.," HEIGHT="48" WIDTH="143" VPOS="1922" HPOS="1206"/>
<SP HEIGHT="38" WIDTH="28" VPOS="1932" HPOS="1350"/>
<String CONTENT="col." HEIGHT="41" WIDTH="87" VPOS="1922" HPOS="1379"/>
<SP HEIGHT="38" WIDTH="24" VPOS="1934" HPOS="1467"/>
<String CONTENT="plates," HEIGHT="49" WIDTH="172" VPOS="1923" HPOS="1492"/>
<SP HEIGHT="36" WIDTH="27" VPOS="1933" HPOS="1665"/>
<String CONTENT="maps" HEIGHT="40" WIDTH="139" VPOS="1931" HPOS="1693"/>
<SP HEIGHT="47" WIDTH="27" VPOS="1923" HPOS="1833"/>
<String CONTENT="(part" HEIGHT="48" WIDTH="135" VPOS="1923" HPOS="1861"/>
<SP HEIGHT="40" WIDTH="24" VPOS="1923" HPOS="1997"/>
<String CONTENT="double)" HEIGHT="50" WIDTH="196" VPOS="1923" HPOS="2022"/>
</TextLine>
<TextLine HEIGHT="41" WIDTH="117" VPOS="1981" HPOS="228" CS="1">
<String LANG="ru" CONTENT="21" HEIGHT="41" WIDTH="57" VPOS="1981" HPOS="228"/>
<String LANG="en-US" CS="1" CONTENT="cm"/>
<String LANG="ru" CONTENT="." HEIGHT="9" WIDTH="10" VPOS="2013" HPOS="335"/>
</TextLine>
<TextLine HEIGHT="51" WIDTH="1158" VPOS="2035" HPOS="301">
<String CONTENT="&#8220;Further" HEIGHT="40" WIDTH="240" VPOS="2039" HPOS="301"/>
<SP HEIGHT="29" WIDTH="25" VPOS="2049" HPOS="542"/>
<String CONTENT="reading&#8221;" HEIGHT="50" WIDTH="229" VPOS="2036" HPOS="568"/>
<SP HEIGHT="41" WIDTH="25" VPOS="2036" HPOS="798"/>
<String CONTENT="at" HEIGHT="40" WIDTH="53" VPOS="2038" HPOS="824"/>
<SP HEIGHT="40" WIDTH="23" VPOS="2038" HPOS="878"/>
<String CONTENT="end" HEIGHT="40" WIDTH="93" VPOS="2037" HPOS="902"/>
<SP HEIGHT="41" WIDTH="25" VPOS="2037" HPOS="996"/>
<String CONTENT="of" HEIGHT="43" WIDTH="53" VPOS="2035" HPOS="1022"/>
<SP HEIGHT="42" WIDTH="22" VPOS="2035" HPOS="1076"/>
<String CONTENT="each" HEIGHT="40" WIDTH="117" VPOS="2037" HPOS="1099"/>
<SP HEIGHT="39" WIDTH="26" VPOS="2037" HPOS="1217"/>
<String CONTENT="chapter." HEIGHT="47" WIDTH="215" VPOS="2037" HPOS="1244"/>
</TextLine>
<TextLine HEIGHT="109" WIDTH="1981" VPOS="2106" HPOS="232" CS="1">
<String CONTENT="&#169;" HEIGHT="52" WIDTH="52" VPOS="2107" HPOS="232"/>
<SP HEIGHT="52" WIDTH="21" VPOS="2107" HPOS="285"/>
<String CONTENT="Jan." HEIGHT="38" WIDTH="110" VPOS="2112" HPOS="307"/>
<SP HEIGHT="39" WIDTH="21" VPOS="2111" HPOS="418"/>
<String CONTENT="8." HEIGHT="41" WIDTH="40" VPOS="2111" HPOS="440"/>
<SP HEIGHT="42" WIDTH="21" VPOS="2110" HPOS="481"/>
<String CS="1" CONTENT="1936;" HEIGHT="41" WIDTH="113" VPOS="2108" HPOS="503"/>
<SP HEIGHT="46" WIDTH="24" VPOS="2108" HPOS="644"/>
<String CONTENT="2c." HEIGHT="40" WIDTH="66" VPOS="2108" HPOS="669"/>
<SP HEIGHT="39" WIDTH="21" VPOS="2109" HPOS="736"/>
<String CONTENT="Jan." HEIGHT="39" WIDTH="109" VPOS="2109" HPOS="758"/>
<SP HEIGHT="40" WIDTH="24" VPOS="2108" HPOS="868"/>
<String CONTENT="15;" HEIGHT="46" WIDTH="81" VPOS="2108" HPOS="893"/>
<SP HEIGHT="37" WIDTH="26" VPOS="2117" HPOS="975"/>
<String CONTENT="aff." HEIGHT="40" WIDTH="83" VPOS="2107" HPOS="1002"/>
<SP HEIGHT="39" WIDTH="22" VPOS="2108" HPOS="1086"/>
<String CONTENT="Jan." HEIGHT="38" WIDTH="108" VPOS="2108" HPOS="1109"/>
<SP HEIGHT="37" WIDTH="24" VPOS="2108" HPOS="1218"/>
<String CONTENT="16;" HEIGHT="47" WIDTH="82" VPOS="2106" HPOS="1243"/>
<SP HEIGHT="46" WIDTH="24" VPOS="2107" HPOS="1326"/>
<String CONTENT="A" HEIGHT="38" WIDTH="43" VPOS="2107" HPOS="1351"/>
<SP HEIGHT="39" WIDTH="19" VPOS="2107" HPOS="1395"/>
<String CS="1" CONTENT="90811;" HEIGHT="40" WIDTH="143" VPOS="2106" HPOS="1415"/>
<SP HEIGHT="41" WIDTH="24" VPOS="2107" HPOS="1588"/>
<String LANG="fr" CONTENT="Amer," HEIGHT="40" WIDTH="159" VPOS="2107" HPOS="1613"/>
<SP HEIGHT="39" WIDTH="23" VPOS="2108" HPOS="1773"/>
<String CONTENT="book" HEIGHT="39" WIDTH="126" VPOS="2108" HPOS="1797"/>
<SP HEIGHT="40" WIDTH="19" VPOS="2108" HPOS="1924"/>
<String LANG="ru" CONTENT="co." HEIGHT="31" WIDTH="66" VPOS="2117" HPOS="1944"/>
<SP HEIGHT="29" WIDTH="57" VPOS="2128" HPOS="2011"/>
<String CONTENT="[Copyright" HEIGHT="107" WIDTH="1911" VPOS="2108" HPOS="302"/>
<SP HEIGHT="41" WIDTH="28" VPOS="2167" HPOS="433"/>
<String CONTENT="is" HEIGHT="39" WIDTH="41" VPOS="2167" HPOS="462"/>
</TextLine>
<TextLine HEIGHT="49" WIDTH="871" VPOS="2163" HPOS="532" CS="1">
<String CONTENT="claimed" HEIGHT="40" WIDTH="204" VPOS="2166" HPOS="532"/>
<SP HEIGHT="38" WIDTH="28" VPOS="2167" HPOS="737"/>
<String CONTENT="on" HEIGHT="29" WIDTH="60" VPOS="2176" HPOS="766"/>
<SP HEIGHT="28" WIDTH="28" VPOS="2176" HPOS="827"/>
<String CONTENT="changes]" HEIGHT="46" WIDTH="224" VPOS="2166" HPOS="856"/>
<SP HEIGHT="48" WIDTH="70" VPOS="2164" HPOS="1081"/>
<String CS="1" CONTENT="(36-1057" HEIGHT="48" WIDTH="227" VPOS="2163" HPOS="1152"/>
<SP HEIGHT="46" WIDTH="9" VPOS="2164" HPOS="1380"/>
<String CONTENT=")" HEIGHT="46" WIDTH="13" VPOS="2164" HPOS="1390"/>
</TextLine>
<TextLine HEIGHT="66" WIDTH="1000" VPOS="2267" HPOS="229" STYLEREFS="StyleId-19220C76-4F8A-4737-B38C-B5F5C17E6040-">
<String LANG="en-US" CONTENT="Emerson," HEIGHT="63" WIDTH="305" VPOS="2270" HPOS="229"/>
<SP HEIGHT="63" WIDTH="25" VPOS="2270" HPOS="535"/>
<String LANG="fr" CONTENT="Lucien" HEIGHT="56" WIDTH="219" VPOS="2267" HPOS="561"/>
<SP HEIGHT="53" WIDTH="22" VPOS="2269" HPOS="781"/>
<String LANG="en-US" CONTENT="Waldo," HEIGHT="66" WIDTH="223" VPOS="2267" HPOS="804"/>
<SP HEIGHT="62" WIDTH="28" VPOS="2271" HPOS="1028"/>
<String LANG="en-US" CONTENT="1902-" HEIGHT="51" WIDTH="172" VPOS="2270" HPOS="1057"/>
</TextLine>
<TextLine HEIGHT="71" WIDTH="1931" VPOS="2343" HPOS="298" STYLEREFS="StyleId-19220C76-4F8A-4737-B38C-B5F5C17E6040-">
<String CONTENT="Rawhide," HEIGHT="68" WIDTH="296" VPOS="2345" HPOS="298"/>
<SP HEIGHT="67" WIDTH="22" VPOS="2346" HPOS="595"/>
<String CONTENT="by" HEIGHT="68" WIDTH="77" VPOS="2346" HPOS="618"/>
<SP HEIGHT="69" WIDTH="23" VPOS="2345" HPOS="696"/>
<String CONTENT="L." HEIGHT="52" WIDTH="64" VPOS="2345" HPOS="720"/>
<SP HEIGHT="54" WIDTH="26" VPOS="2346" HPOS="785"/>
<String CONTENT="W." HEIGHT="54" WIDTH="91" VPOS="2346" HPOS="812"/>
<SP HEIGHT="53" WIDTH="25" VPOS="2345" HPOS="904"/>
<String CONTENT="Emerson." HEIGHT="53" WIDTH="295" VPOS="2345" HPOS="930"/>
<SP HEIGHT="55" WIDTH="61" VPOS="2343" HPOS="1226"/>
<String CONTENT="New" HEIGHT="54" WIDTH="141" VPOS="2343" HPOS="1288"/>
<SP HEIGHT="54" WIDTH="24" VPOS="2343" HPOS="1430"/>
<String CONTENT="York," HEIGHT="68" WIDTH="182" VPOS="2343" HPOS="1455"/>
<SP HEIGHT="66" WIDTH="22" VPOS="2345" HPOS="1638"/>
<String CONTENT="W." HEIGHT="55" WIDTH="93" VPOS="2345" HPOS="1661"/>
<SP HEIGHT="53" WIDTH="25" VPOS="2344" HPOS="1755"/>
<String CONTENT="Morrow" HEIGHT="54" WIDTH="252" VPOS="2344" HPOS="1781"/>
<SP HEIGHT="51" WIDTH="23" VPOS="2347" HPOS="2034"/>
<String CONTENT="&amp;" HEIGHT="51" WIDTH="47" VPOS="2347" HPOS="2058"/>
<SP HEIGHT="51" WIDTH="24" VPOS="2347" HPOS="2106"/>
<String LANG="ru" CONTENT="co.," HEIGHT="50" WIDTH="98" VPOS="2363" HPOS="2131"/>
</TextLine>
<TextLine HEIGHT="48" WIDTH="149" VPOS="2429" HPOS="231" STYLEREFS="StyleId-19220C76-4F8A-4737-B38C-B5F5C17E6040-">
<String CONTENT="1936." HEIGHT="48" WIDTH="149" VPOS="2429" HPOS="231"/>
</TextLine>
<TextLine HEIGHT="50" WIDTH="493" VPOS="2495" HPOS="297" CS="1">
<String CONTENT="viii," HEIGHT="48" WIDTH="102" VPOS="2497" HPOS="297"/>
<SP HEIGHT="49" WIDTH="27" VPOS="2496" HPOS="400"/>
<String CONTENT="263" HEIGHT="41" WIDTH="86" VPOS="2496" HPOS="428"/>
<SP HEIGHT="49" WIDTH="26" VPOS="2496" HPOS="515"/>
<String CONTENT="p." HEIGHT="38" WIDTH="43" VPOS="2507" HPOS="542"/>
<SP HEIGHT="40" WIDTH="59" VPOS="2496" HPOS="586"/>
<String CS="1" CONTENT="19&#189;" HEIGHT="41" WIDTH="56" VPOS="2495" HPOS="646"/>
<String STYLE="superscript" CONTENT="cm" HEIGHT="22" WIDTH="44" VPOS="2496" HPOS="733"/>
<String CONTENT="." HEIGHT="10" WIDTH="10" VPOS="2527" HPOS="780"/>
</TextLine>
<TextLine HEIGHT="54" WIDTH="1996" VPOS="2565" HPOS="232" CS="1">
<String CONTENT="&#169;" HEIGHT="53" WIDTH="52" VPOS="2566" HPOS="232"/>
<SP HEIGHT="53" WIDTH="25" VPOS="2566" HPOS="285"/>
<String CONTENT="Jan." HEIGHT="39" WIDTH="109" VPOS="2571" HPOS="311"/>
<SP HEIGHT="38" WIDTH="26" VPOS="2571" HPOS="421"/>
<String CONTENT="7," HEIGHT="46" WIDTH="38" VPOS="2571" HPOS="448"/>
<SP HEIGHT="48" WIDTH="25" VPOS="2569" HPOS="487"/>
<String CS="1" CONTENT="1936;" HEIGHT="40" WIDTH="117" VPOS="2568" HPOS="513"/>
<SP HEIGHT="47" WIDTH="26" VPOS="2567" HPOS="655"/>
<String CONTENT="2c." HEIGHT="41" WIDTH="67" VPOS="2567" HPOS="682"/>
<SP HEIGHT="41" WIDTH="26" VPOS="2567" HPOS="750"/>
<String CONTENT="Jan." HEIGHT="39" WIDTH="109" VPOS="2567" HPOS="777"/>
<SP HEIGHT="40" WIDTH="27" VPOS="2567" HPOS="887"/>
<String CONTENT="8;" HEIGHT="46" WIDTH="52" VPOS="2567" HPOS="915"/>
<SP HEIGHT="36" WIDTH="29" VPOS="2577" HPOS="968"/>
<String CONTENT="aff." HEIGHT="41" WIDTH="81" VPOS="2565" HPOS="998"/>
<SP HEIGHT="40" WIDTH="28" VPOS="2566" HPOS="1080"/>
<String CONTENT="Jan." HEIGHT="40" WIDTH="109" VPOS="2566" HPOS="1109"/>
<SP HEIGHT="40" WIDTH="27" VPOS="2565" HPOS="1219"/>
<String CONTENT="9;" HEIGHT="48" WIDTH="54" VPOS="2565" HPOS="1247"/>
<SP HEIGHT="47" WIDTH="25" VPOS="2566" HPOS="1302"/>
<!-- cceid 933FE468-6E3A-1014-83DD-942C093A1DD9 --><String CONTENT="A" HEIGHT="39" WIDTH="41" VPOS="2566" HPOS="1328"/>
<SP HEIGHT="40" WIDTH="25" VPOS="2565" HPOS="1370"/>
<String CONTENT="90261;" HEIGHT="47" WIDTH="172" VPOS="2565" HPOS="1396"/>
<SP HEIGHT="45" WIDTH="28" VPOS="2567" HPOS="1569"/>
<String CONTENT="William" HEIGHT="40" WIDTH="219" VPOS="2566" HPOS="1598"/>
<SP HEIGHT="37" WIDTH="25" VPOS="2568" HPOS="1818"/>
<String CONTENT="Morrow" HEIGHT="39" WIDTH="212" VPOS="2568" HPOS="1844"/>
<SP HEIGHT="40" WIDTH="26" VPOS="2568" HPOS="2057"/>
<String CONTENT="&amp;" HEIGHT="40" WIDTH="37" VPOS="2568" HPOS="2084"/>
<SP HEIGHT="40" WIDTH="23" VPOS="2568" HPOS="2122"/>
<String LANG="ru" CONTENT="co.," HEIGHT="41" WIDTH="82" VPOS="2576" HPOS="2146"/>
</TextLine>
<TextLine HEIGHT="49" WIDTH="405" VPOS="2625" HPOS="300">
<String CONTENT="inc." HEIGHT="40" WIDTH="91" VPOS="2627" HPOS="300"/>
<SP HEIGHT="48" WIDTH="61" VPOS="2626" HPOS="392"/>
<String CONTENT="(36-1005)" HEIGHT="49" WIDTH="251" VPOS="2625" HPOS="454"/>
</TextLine>
<TextLine HEIGHT="68" WIDTH="1093" VPOS="2727" HPOS="229" STYLEREFS="StyleId-19220C76-4F8A-4737-B38C-B5F5C17E6040-">
<String CONTENT="Fabricius," HEIGHT="67" WIDTH="324" VPOS="2728" HPOS="229"/>
<SP HEIGHT="66" WIDTH="26" VPOS="2729" HPOS="554"/>
<String CONTENT="Johan" HEIGHT="53" WIDTH="192" VPOS="2729" HPOS="581"/>
<SP HEIGHT="53" WIDTH="26" VPOS="2729" HPOS="774"/>
<String CONTENT="Wigmore," HEIGHT="65" WIDTH="318" VPOS="2727" HPOS="801"/>
<SP HEIGHT="59" WIDTH="28" VPOS="2733" HPOS="1120"/>
<String CONTENT="1900-" HEIGHT="50" WIDTH="173" VPOS="2731" HPOS="1149"/>
</TextLine>
<TextLine HEIGHT="71" WIDTH="1931" VPOS="2801" HPOS="297" STYLEREFS="StyleId-19220C76-4F8A-4737-B38C-B5F5C17E6040-">
<String CONTENT="The" HEIGHT="54" WIDTH="122" VPOS="2806" HPOS="297"/>
<SP HEIGHT="36" WIDTH="35" VPOS="2824" HPOS="420"/>
<String CONTENT="son" HEIGHT="35" WIDTH="98" VPOS="2823" HPOS="456"/>
<SP HEIGHT="34" WIDTH="36" VPOS="2823" HPOS="555"/>
<String CONTENT="of" HEIGHT="53" WIDTH="64" VPOS="2804" HPOS="592"/>
<SP HEIGHT="53" WIDTH="33" VPOS="2804" HPOS="657"/>
<String CONTENT="Marietta," HEIGHT="65" WIDTH="288" VPOS="2804" HPOS="691"/>
<SP HEIGHT="66" WIDTH="34" VPOS="2803" HPOS="980"/>
<String CONTENT="by" HEIGHT="69" WIDTH="76" VPOS="2803" HPOS="1015"/>
<SP HEIGHT="70" WIDTH="34" VPOS="2802" HPOS="1092"/>
<String CONTENT="Johan" HEIGHT="55" WIDTH="191" VPOS="2802" HPOS="1127"/>
<SP HEIGHT="54" WIDTH="36" VPOS="2802" HPOS="1319"/>
<String CONTENT="Fabricius;" HEIGHT="67" WIDTH="328" VPOS="2801" HPOS="1356"/>
<SP HEIGHT="60" WIDTH="36" VPOS="2808" HPOS="1685"/>
<String CONTENT="translated" HEIGHT="54" WIDTH="317" VPOS="2802" HPOS="1722"/>
<SP HEIGHT="55" WIDTH="36" VPOS="2801" HPOS="2040"/>
<String CONTENT="from" HEIGHT="55" WIDTH="151" VPOS="2801" HPOS="2077"/>
</TextLine>
<TextLine HEIGHT="72" WIDTH="1999" VPOS="2879" HPOS="229" STYLEREFS="StyleId-19220C76-4F8A-4737-B38C-B5F5C17E6040-" CS="1">
<String CONTENT="the" HEIGHT="54" WIDTH="93" VPOS="2884" HPOS="229"/>
<SP HEIGHT="53" WIDTH="41" VPOS="2883" HPOS="323"/>
<String CONTENT="Dutch" HEIGHT="54" WIDTH="194" VPOS="2883" HPOS="365"/>
<SP HEIGHT="54" WIDTH="41" VPOS="2882" HPOS="560"/>
<String CONTENT="by" HEIGHT="69" WIDTH="74" VPOS="2882" HPOS="602"/>
<SP HEIGHT="69" WIDTH="46" VPOS="2882" HPOS="677"/>
<String CONTENT="Irene" HEIGHT="53" WIDTH="162" VPOS="2882" HPOS="724"/>
<SP HEIGHT="56" WIDTH="45" VPOS="2880" HPOS="887"/>
<String CONTENT="Clephane" HEIGHT="69" WIDTH="289" VPOS="2880" HPOS="933"/>
<SP HEIGHT="35" WIDTH="44" VPOS="2898" HPOS="1223"/>
<String CONTENT="and" HEIGHT="53" WIDTH="112" VPOS="2880" HPOS="1268"/>
<SP HEIGHT="53" WIDTH="45" VPOS="2880" HPOS="1381"/>
<String CONTENT="David" HEIGHT="54" WIDTH="190" VPOS="2879" HPOS="1427"/>
<SP HEIGHT="53" WIDTH="45" VPOS="2879" HPOS="1618"/>
<String CONTENT="Hallett." HEIGHT="55" WIDTH="241" VPOS="2879" HPOS="1664"/>
<SP HEIGHT="53" WIDTH="89" VPOS="2880" HPOS="1906"/>
<String CONTENT="Boston," HEIGHT="69" WIDTH="232" VPOS="2880" HPOS="1996"/>
</TextLine>
<TextLine HEIGHT="69" WIDTH="1101" VPOS="2959" HPOS="227" STYLEREFS="StyleId-19220C76-4F8A-4737-B38C-B5F5C17E6040-">
<String CONTENT="Little," HEIGHT="66" WIDTH="194" VPOS="2962" HPOS="227"/>
<SP HEIGHT="68" WIDTH="27" VPOS="2960" HPOS="422"/>
<String CONTENT="Brown," HEIGHT="64" WIDTH="229" VPOS="2960" HPOS="450"/>
<SP HEIGHT="46" WIDTH="29" VPOS="2978" HPOS="680"/>
<String CONTENT="and" HEIGHT="53" WIDTH="111" VPOS="2959" HPOS="710"/>
<SP HEIGHT="52" WIDTH="30" VPOS="2959" HPOS="822"/>
<String CONTENT="company," HEIGHT="51" WIDTH="296" VPOS="2976" HPOS="853"/>
<SP HEIGHT="65" WIDTH="28" VPOS="2961" HPOS="1150"/>
<String CONTENT="1936." HEIGHT="49" WIDTH="149" VPOS="2961" HPOS="1179"/>
</TextLine>
<TextLine HEIGHT="50" WIDTH="618" VPOS="3030" HPOS="296">
<String CONTENT="ix," HEIGHT="47" WIDTH="65" VPOS="3033" HPOS="296"/>
<SP HEIGHT="48" WIDTH="28" VPOS="3032" HPOS="362"/>
<String CONTENT="813" HEIGHT="41" WIDTH="85" VPOS="3031" HPOS="391"/>
<SP HEIGHT="49" WIDTH="27" VPOS="3031" HPOS="477"/>
<String CONTENT="p." HEIGHT="38" WIDTH="40" VPOS="3042" HPOS="505"/>
<SP HEIGHT="40" WIDTH="61" VPOS="3031" HPOS="546"/>
<String CONTENT="illus." HEIGHT="40" WIDTH="128" VPOS="3031" HPOS="608"/>
<SP HEIGHT="41" WIDTH="58" VPOS="3030" HPOS="737"/>
<String CONTENT="22" HEIGHT="40" WIDTH="56" VPOS="3030" HPOS="796"/>
<String STYLE="superscript" CONTENT="cm" HEIGHT="22" WIDTH="45" VPOS="3032" HPOS="854"/>
<String CONTENT="." HEIGHT="10" WIDTH="10" VPOS="3061" HPOS="904"/>
</TextLine>
<TextLine HEIGHT="44" WIDTH="876" VPOS="3086" HPOS="297">
<String CONTENT="Title" HEIGHT="42" WIDTH="129" VPOS="3088" HPOS="297"/>
<SP HEIGHT="31" WIDTH="24" VPOS="3099" HPOS="427"/>
<String CONTENT="within" HEIGHT="42" WIDTH="174" VPOS="3087" HPOS="452"/>
<SP HEIGHT="30" WIDTH="23" VPOS="3097" HPOS="627"/>
<String CONTENT="ornamental" HEIGHT="40" WIDTH="305" VPOS="3087" HPOS="651"/>
<SP HEIGHT="40" WIDTH="27" VPOS="3087" HPOS="957"/>
<String CONTENT="border." HEIGHT="41" WIDTH="188" VPOS="3086" HPOS="985"/>
</TextLine>
<TextLine HEIGHT="50" WIDTH="1928" VPOS="3142" HPOS="296">
<String CONTENT="Translation" HEIGHT="40" WIDTH="315" VPOS="3145" HPOS="296"/>
<SP HEIGHT="30" WIDTH="26" VPOS="3154" HPOS="612"/>
<String CONTENT="of" HEIGHT="41" WIDTH="53" VPOS="3143" HPOS="639"/>
<SP HEIGHT="40" WIDTH="31" VPOS="3143" HPOS="693"/>
<String CONTENT="&#8220;Komedianten" HEIGHT="41" WIDTH="384" VPOS="3142" HPOS="725"/>
<SP HEIGHT="39" WIDTH="30" VPOS="3145" HPOS="1110"/>
<String CONTENT="trokken" HEIGHT="42" WIDTH="204" VPOS="3142" HPOS="1141"/>
<SP HEIGHT="30" WIDTH="28" VPOS="3155" HPOS="1346"/>
<String CONTENT="voorbij&#8221;," HEIGHT="49" WIDTH="235" VPOS="3143" HPOS="1375"/>
<SP HEIGHT="47" WIDTH="32" VPOS="3145" HPOS="1611"/>
<String LANG="de" CONTENT="&#8220;Melodie" HEIGHT="40" WIDTH="237" VPOS="3145" HPOS="1644"/>
<SP HEIGHT="38" WIDTH="29" VPOS="3147" HPOS="1882"/>
<String LANG="de" CONTENT="der" HEIGHT="38" WIDTH="85" VPOS="3147" HPOS="1912"/>
<SP HEIGHT="27" WIDTH="31" VPOS="3157" HPOS="1998"/>
<String CONTENT="verten&#8221;" HEIGHT="39" WIDTH="194" VPOS="3146" HPOS="2030"/>
</TextLine>
<TextLine HEIGHT="101" WIDTH="1982" VPOS="3198" HPOS="225" CS="1">
<String CONTENT="and" HEIGHT="40" WIDTH="95" VPOS="3202" HPOS="226"/>
<SP HEIGHT="41" WIDTH="30" VPOS="3201" HPOS="322"/>
<String LANG="fr" CONTENT="&#8220;De" HEIGHT="41" WIDTH="101" VPOS="3201" HPOS="353"/>
<SP HEIGHT="41" WIDTH="26" VPOS="3201" HPOS="455"/>
<String LANG="fr" CONTENT="dans" HEIGHT="41" WIDTH="123" VPOS="3201" HPOS="482"/>
<SP HEIGHT="30" WIDTH="29" VPOS="3210" HPOS="606"/>
<String CONTENT="om" HEIGHT="30" WIDTH="75" VPOS="3210" HPOS="636"/>
<SP HEIGHT="40" WIDTH="27" VPOS="3200" HPOS="712"/>
<String LANG="de" CONTENT="de" HEIGHT="41" WIDTH="61" VPOS="3200" HPOS="740"/>
<SP HEIGHT="38" WIDTH="26" VPOS="3210" HPOS="802"/>
<String CONTENT="galg&#8221;" HEIGHT="50" WIDTH="141" VPOS="3198" HPOS="829"/>
<SP HEIGHT="42" WIDTH="30" VPOS="3198" HPOS="971"/>
<String CONTENT="originally" HEIGHT="49" WIDTH="259" VPOS="3199" HPOS="1002"/>
<SP HEIGHT="37" WIDTH="29" VPOS="3211" HPOS="1262"/>
<String CONTENT="published" HEIGHT="50" WIDTH="255" VPOS="3198" HPOS="1292"/>
<SP HEIGHT="40" WIDTH="30" VPOS="3201" HPOS="1548"/>
<String CONTENT="separately" HEIGHT="50" WIDTH="278" VPOS="3200" HPOS="1579"/>
<SP HEIGHT="49" WIDTH="30" VPOS="3201" HPOS="1858"/>
<String CONTENT="in" HEIGHT="40" WIDTH="48" VPOS="3201" HPOS="1889"/>
<SP HEIGHT="36" WIDTH="32" VPOS="3207" HPOS="1938"/>
<String CONTENT="the" HEIGHT="40" WIDTH="80" VPOS="3203" HPOS="1971"/>
<SP HEIGHT="40" WIDTH="28" VPOS="3203" HPOS="2052"/>
<String CONTENT="Netherlands." HEIGHT="96" WIDTH="1982" VPOS="3203" HPOS="225"/>
</TextLine>
<TextLine HEIGHT="53" WIDTH="1994" VPOS="3328" HPOS="231">
<String CONTENT="&#169;" HEIGHT="53" WIDTH="52" VPOS="3328" HPOS="231"/>
<SP HEIGHT="53" WIDTH="26" VPOS="3328" HPOS="284"/>
<String CONTENT="Jan." HEIGHT="39" WIDTH="109" VPOS="3333" HPOS="311"/>
<SP HEIGHT="40" WIDTH="26" VPOS="3332" HPOS="421"/>
<String CONTENT="6," HEIGHT="47" WIDTH="39" VPOS="3332" HPOS="448"/>
<SP HEIGHT="46" WIDTH="27" VPOS="3333" HPOS="488"/>
<String CONTENT="1936;" HEIGHT="46" WIDTH="141" VPOS="3331" HPOS="516"/>
<SP HEIGHT="46" WIDTH="27" VPOS="3331" HPOS="658"/>
<String CONTENT="2c." HEIGHT="41" WIDTH="66" VPOS="3331" HPOS="686"/>
<SP HEIGHT="31" WIDTH="28" VPOS="3341" HPOS="753"/>
<String CONTENT="and" HEIGHT="39" WIDTH="95" VPOS="3331" HPOS="782"/>
<SP HEIGHT="38" WIDTH="26" VPOS="3331" HPOS="878"/>
<String CONTENT="aff." HEIGHT="40" WIDTH="81" VPOS="3329" HPOS="905"/>
<SP HEIGHT="39" WIDTH="29" VPOS="3330" HPOS="987"/>
<String CONTENT="Jan." HEIGHT="39" WIDTH="109" VPOS="3330" HPOS="1017"/>
<SP HEIGHT="39" WIDTH="27" VPOS="3330" HPOS="1127"/>
<String CONTENT="10;" HEIGHT="47" WIDTH="81" VPOS="3329" HPOS="1155"/>
<SP HEIGHT="46" WIDTH="26" VPOS="3330" HPOS="1237"/>
<!-- cceid 93409768-6E3A-1014-83DD-942C093A1DD9 --><String CONTENT="A" HEIGHT="38" WIDTH="41" VPOS="3330" HPOS="1264"/>
<SP HEIGHT="41" WIDTH="26" VPOS="3328" HPOS="1306"/>
<String CONTENT="91135;" HEIGHT="49" WIDTH="171" VPOS="3328" HPOS="1333"/>
<SP HEIGHT="46" WIDTH="31" VPOS="3331" HPOS="1505"/>
<String CONTENT="Johan" HEIGHT="39" WIDTH="161" VPOS="3331" HPOS="1537"/>
<SP HEIGHT="38" WIDTH="28" VPOS="3332" HPOS="1699"/>
<String CONTENT="Fabricius," HEIGHT="48" WIDTH="269" VPOS="3331" HPOS="1728"/>
<SP HEIGHT="47" WIDTH="28" VPOS="3332" HPOS="1998"/>
<String CONTENT="Bruges," HEIGHT="48" WIDTH="198" VPOS="3332" HPOS="2027"/>
</TextLine>
<TextLine HEIGHT="49" WIDTH="524" VPOS="3387" HPOS="304">
<String CONTENT="Belgium." HEIGHT="47" WIDTH="233" VPOS="3389" HPOS="304"/>
<SP HEIGHT="48" WIDTH="70" VPOS="3388" HPOS="538"/>
<String CONTENT="(36-711)" HEIGHT="49" WIDTH="219" VPOS="3387" HPOS="609"/>
</TextLine>
<TextLine HEIGHT="68" WIDTH="933" VPOS="3488" HPOS="228" STYLEREFS="StyleId-3C3FF860-43E7-46A2-8934-48F305F6F0D6-">
<String LANG="de" CONTENT="Falkner," HEIGHT="67" WIDTH="270" VPOS="3489" HPOS="228"/>
<SP HEIGHT="64" WIDTH="27" VPOS="3492" HPOS="499"/>
<String LANG="en-US" CONTENT="Thomas," HEIGHT="64" WIDTH="276" VPOS="3491" HPOS="527"/>
<SP HEIGHT="60" WIDTH="32" VPOS="3495" HPOS="804"/>
<String LANG="en-US" CONTENT="1707-1784." HEIGHT="56" WIDTH="324" VPOS="3488" HPOS="837"/>
</TextLine>
<TextLine HEIGHT="69" WIDTH="1927" VPOS="3566" HPOS="297" STYLEREFS="StyleId-19220C76-4F8A-4737-B38C-B5F5C17E6040-">
<String CONTENT="A" HEIGHT="47" WIDTH="57" VPOS="3574" HPOS="297"/>
<SP HEIGHT="54" WIDTH="19" VPOS="3567" HPOS="355"/>
<String CONTENT="description" HEIGHT="68" WIDTH="349" VPOS="3567" HPOS="375"/>
<SP HEIGHT="34" WIDTH="19" VPOS="3586" HPOS="725"/>
<String CONTENT="of" HEIGHT="54" WIDTH="65" VPOS="3566" HPOS="745"/>
<SP HEIGHT="54" WIDTH="21" VPOS="3566" HPOS="811"/>
<String CONTENT="Patagonia" HEIGHT="69" WIDTH="322" VPOS="3566" HPOS="833"/>
<SP HEIGHT="34" WIDTH="24" VPOS="3586" HPOS="1156"/>
<String CONTENT="and" HEIGHT="52" WIDTH="112" VPOS="3569" HPOS="1181"/>
<SP HEIGHT="52" WIDTH="22" VPOS="3569" HPOS="1294"/>
<String CONTENT="the" HEIGHT="53" WIDTH="95" VPOS="3568" HPOS="1317"/>
<SP HEIGHT="35" WIDTH="24" VPOS="3586" HPOS="1413"/>
<String CONTENT="adjoining" HEIGHT="69" WIDTH="303" VPOS="3566" HPOS="1438"/>
<SP HEIGHT="49" WIDTH="24" VPOS="3586" HPOS="1742"/>
<String CONTENT="parts" HEIGHT="61" WIDTH="160" VPOS="3574" HPOS="1767"/>
<SP HEIGHT="36" WIDTH="23" VPOS="3585" HPOS="1928"/>
<String CONTENT="of" HEIGHT="52" WIDTH="64" VPOS="3567" HPOS="1952"/>
<SP HEIGHT="56" WIDTH="25" VPOS="3567" HPOS="2017"/>
<String CONTENT="South" HEIGHT="55" WIDTH="181" VPOS="3568" HPOS="2043"/>
</TextLine>
<TextLine HEIGHT="71" WIDTH="1995" VPOS="3643" HPOS="229" STYLEREFS="StyleId-19220C76-4F8A-4737-B38C-B5F5C17E6040-">
<String CONTENT="America," HEIGHT="68" WIDTH="280" VPOS="3646" HPOS="229"/>
<SP HEIGHT="69" WIDTH="27" VPOS="3645" HPOS="510"/>
<String CONTENT="by" HEIGHT="69" WIDTH="78" VPOS="3645" HPOS="538"/>
<SP HEIGHT="68" WIDTH="26" VPOS="3646" HPOS="617"/>
<String CONTENT="Thomas" HEIGHT="53" WIDTH="248" VPOS="3645" HPOS="644"/>
<SP HEIGHT="53" WIDTH="30" VPOS="3645" HPOS="893"/>
<String LANG="de" CONTENT="Falkner," HEIGHT="68" WIDTH="269" VPOS="3643" HPOS="924"/>
<SP HEIGHT="49" WIDTH="31" VPOS="3662" HPOS="1194"/>
<String CONTENT="s." HEIGHT="35" WIDTH="40" VPOS="3662" HPOS="1226"/>
<SP HEIGHT="35" WIDTH="33" VPOS="3662" HPOS="1267"/>
<String CONTENT="j.;" HEIGHT="48" WIDTH="77" VPOS="3662" HPOS="1301"/>
<SP HEIGHT="47" WIDTH="31" VPOS="3663" HPOS="1379"/>
<String CONTENT="with" HEIGHT="53" WIDTH="141" VPOS="3644" HPOS="1411"/>
<SP HEIGHT="53" WIDTH="32" VPOS="3644" HPOS="1553"/>
<String CONTENT="an" HEIGHT="35" WIDTH="74" VPOS="3662" HPOS="1586"/>
<SP HEIGHT="51" WIDTH="25" VPOS="3646" HPOS="1661"/>
<String CONTENT="introduction" HEIGHT="54" WIDTH="391" VPOS="3644" HPOS="1687"/>
<SP HEIGHT="34" WIDTH="33" VPOS="3663" HPOS="2079"/>
<String CONTENT="and" HEIGHT="54" WIDTH="111" VPOS="3643" HPOS="2113"/>
</TextLine>
<TextLine HEIGHT="69" WIDTH="1993" VPOS="3723" HPOS="231" STYLEREFS="StyleId-19220C76-4F8A-4737-B38C-B5F5C17E6040-">
<String CONTENT="notes" HEIGHT="49" WIDTH="155" VPOS="3728" HPOS="231"/>
<SP HEIGHT="52" WIDTH="18" VPOS="3725" HPOS="387"/>
<String CONTENT="by" HEIGHT="67" WIDTH="76" VPOS="3725" HPOS="406"/>
<SP HEIGHT="67" WIDTH="17" VPOS="3725" HPOS="483"/>
<String CONTENT="Arthur" HEIGHT="52" WIDTH="225" VPOS="3725" HPOS="501"/>
<SP HEIGHT="51" WIDTH="19" VPOS="3724" HPOS="727"/>
<String CONTENT="E." HEIGHT="52" WIDTH="67" VPOS="3724" HPOS="747"/>
<SP HEIGHT="55" WIDTH="26" VPOS="3724" HPOS="815"/>
<String CONTENT="S." HEIGHT="55" WIDTH="56" VPOS="3724" HPOS="842"/>
<SP HEIGHT="52" WIDTH="22" VPOS="3725" HPOS="899"/>
<String CONTENT="Neumann." HEIGHT="52" WIDTH="316" VPOS="3725" HPOS="922"/>
<SP HEIGHT="54" WIDTH="60" VPOS="3724" HPOS="1239"/>
<String CONTENT="Chicago," HEIGHT="67" WIDTH="269" VPOS="3723" HPOS="1300"/>
<SP HEIGHT="63" WIDTH="20" VPOS="3725" HPOS="1570"/>
<String CONTENT="Armann" HEIGHT="51" WIDTH="263" VPOS="3725" HPOS="1591"/>
<SP HEIGHT="50" WIDTH="21" VPOS="3727" HPOS="1855"/>
<String CONTENT="&amp;" HEIGHT="50" WIDTH="46" VPOS="3727" HPOS="1877"/>
<SP HEIGHT="52" WIDTH="20" VPOS="3725" HPOS="1924"/>
<String CONTENT="Armann," HEIGHT="63" WIDTH="279" VPOS="3725" HPOS="1945"/>
</TextLine>
<TextLine HEIGHT="51" WIDTH="148" VPOS="3806" HPOS="231" STYLEREFS="StyleId-19220C76-4F8A-4737-B38C-B5F5C17E6040-">
<String CONTENT="1935." HEIGHT="51" WIDTH="148" VPOS="3806" HPOS="231"/>
</TextLine>
<TextLine HEIGHT="51" WIDTH="1481" VPOS="3872" HPOS="301" CS="1">
<String CONTENT="viii" HEIGHT="42" WIDTH="87" VPOS="3872" HPOS="301"/>
<SP HEIGHT="47" WIDTH="22" VPOS="3873" HPOS="389"/>
<String CONTENT="p.," HEIGHT="38" WIDTH="57" VPOS="3883" HPOS="412"/>
<SP HEIGHT="48" WIDTH="21" VPOS="3873" HPOS="470"/>
<String CONTENT="facsim." HEIGHT="40" WIDTH="191" VPOS="3873" HPOS="492"/>
<SP HEIGHT="48" WIDTH="28" VPOS="3872" HPOS="684"/>
<String CONTENT="(2" HEIGHT="48" WIDTH="50" VPOS="3872" HPOS="713"/>
<SP HEIGHT="49" WIDTH="21" VPOS="3873" HPOS="764"/>
<String CONTENT="p." HEIGHT="38" WIDTH="44" VPOS="3884" HPOS="786"/>
<SP/>
<String CS="1" CONTENT="l.,"/>
<SP/>
<String CONTENT="iv," HEIGHT="47" WIDTH="61" VPOS="3874" HPOS="927"/>
<SP HEIGHT="47" WIDTH="23" VPOS="3874" HPOS="989"/>
<String CONTENT="168" HEIGHT="42" WIDTH="87" VPOS="3873" HPOS="1013"/>
<SP HEIGHT="48" WIDTH="20" VPOS="3874" HPOS="1101"/>
<String CONTENT="p." HEIGHT="38" WIDTH="44" VPOS="3884" HPOS="1122"/>
<SP HEIGHT="42" WIDTH="51" VPOS="3873" HPOS="1167"/>
<String CONTENT="2" HEIGHT="40" WIDTH="28" VPOS="3873" HPOS="1219"/>
<SP HEIGHT="40" WIDTH="19" VPOS="3873" HPOS="1248"/>
<String CONTENT="fold," HEIGHT="40" WIDTH="120" VPOS="3873" HPOS="1268"/>
<SP HEIGHT="29" WIDTH="21" VPOS="3884" HPOS="1389"/>
<String CONTENT="maps)" HEIGHT="50" WIDTH="164" VPOS="3873" HPOS="1411"/>
<SP HEIGHT="48" WIDTH="58" VPOS="3873" HPOS="1576"/>
<String CS="1" CONTENT="27&#189;cm." HEIGHT="41" WIDTH="147" VPOS="3873" HPOS="1635"/>
</TextLine>
<TextLine HEIGHT="51" WIDTH="1923" VPOS="3929" HPOS="302">
<String CONTENT="&#8220;A" HEIGHT="40" WIDTH="70" VPOS="3930" HPOS="302"/>
<SP HEIGHT="40" WIDTH="22" VPOS="3930" HPOS="373"/>
<String CONTENT="full-size" HEIGHT="41" WIDTH="213" VPOS="3929" HPOS="396"/>
<SP HEIGHT="39" WIDTH="20" VPOS="3931" HPOS="610"/>
<String CONTENT="facsimile" HEIGHT="41" WIDTH="242" VPOS="3929" HPOS="631"/>
<SP HEIGHT="30" WIDTH="24" VPOS="3941" HPOS="874"/>
<String CONTENT="of" HEIGHT="40" WIDTH="52" VPOS="3931" HPOS="899"/>
<SP HEIGHT="40" WIDTH="24" VPOS="3931" HPOS="952"/>
<String CONTENT="the" HEIGHT="40" WIDTH="81" VPOS="3932" HPOS="977"/>
<SP HEIGHT="31" WIDTH="25" VPOS="3941" HPOS="1059"/>
<String CONTENT="original" HEIGHT="50" WIDTH="207" VPOS="3930" HPOS="1085"/>
<SP HEIGHT="40" WIDTH="24" VPOS="3931" HPOS="1293"/>
<String CONTENT="edition" HEIGHT="42" WIDTH="183" VPOS="3929" HPOS="1318"/>
<SP HEIGHT="38" WIDTH="27" VPOS="3942" HPOS="1502"/>
<String CONTENT="[Hereford," HEIGHT="50" WIDTH="274" VPOS="3930" HPOS="1530"/>
<SP HEIGHT="48" WIDTH="24" VPOS="3930" HPOS="1805"/>
<String CONTENT="1774]" HEIGHT="49" WIDTH="130" VPOS="3930" HPOS="1830"/>
<SP HEIGHT="39" WIDTH="29" VPOS="3940" HPOS="1961"/>
<String CONTENT="complete" HEIGHT="48" WIDTH="234" VPOS="3931" HPOS="1991"/>
</TextLine>
<TextLine HEIGHT="52" WIDTH="1997" VPOS="3986" HPOS="227">
<String CONTENT="from" HEIGHT="42" WIDTH="132" VPOS="3987" HPOS="227"/>
<SP HEIGHT="40" WIDTH="32" VPOS="3989" HPOS="360"/>
<String CONTENT="title-page" HEIGHT="50" WIDTH="252" VPOS="3987" HPOS="393"/>
<SP HEIGHT="38" WIDTH="33" VPOS="3991" HPOS="646"/>
<String CONTENT="to" HEIGHT="38" WIDTH="50" VPOS="3991" HPOS="680"/>
<SP HEIGHT="41" WIDTH="36" VPOS="3987" HPOS="731"/>
<String CONTENT="&#8216;The" HEIGHT="42" WIDTH="114" VPOS="3987" HPOS="768"/>
<SP HEIGHT="30" WIDTH="33" VPOS="3999" HPOS="883"/>
<String CONTENT="end&#8217;," HEIGHT="49" WIDTH="122" VPOS="3988" HPOS="917"/>
<SP HEIGHT="39" WIDTH="36" VPOS="3998" HPOS="1040"/>
<String CONTENT="and" HEIGHT="40" WIDTH="95" VPOS="3989" HPOS="1077"/>
<SP HEIGHT="40" WIDTH="36" VPOS="3988" HPOS="1173"/>
<String CONTENT="including" HEIGHT="51" WIDTH="250" VPOS="3987" HPOS="1210"/>
<SP HEIGHT="47" WIDTH="35" VPOS="3991" HPOS="1461"/>
<String CONTENT="the" HEIGHT="41" WIDTH="82" VPOS="3989" HPOS="1497"/>
<SP HEIGHT="31" WIDTH="34" VPOS="3999" HPOS="1580"/>
<String CONTENT="map" HEIGHT="39" WIDTH="113" VPOS="3998" HPOS="1615"/>
<SP HEIGHT="50" WIDTH="32" VPOS="3987" HPOS="1729"/>
<String CONTENT="in" HEIGHT="41" WIDTH="53" VPOS="3987" HPOS="1762"/>
<SP HEIGHT="40" WIDTH="33" VPOS="3989" HPOS="1816"/>
<String CONTENT="two" HEIGHT="40" WIDTH="99" VPOS="3989" HPOS="1850"/>
<SP HEIGHT="39" WIDTH="29" VPOS="3998" HPOS="1950"/>
<String CONTENT="parts.&#8221;&#8212;" HEIGHT="51" WIDTH="244" VPOS="3986" HPOS="1980"/>
</TextLine>
<TextLine HEIGHT="40" WIDTH="184" VPOS="4045" HPOS="231">
<String CONTENT="Introd." HEIGHT="40" WIDTH="184" VPOS="4045" HPOS="231"/>
</TextLine>
</TextBlock>
</PrintSpace>
</Page>
</Layout>
</alto>