<alto xmlns="http://www.loc.gov/standards/alto/ns-v3#" xmlns:xlink="http://www.w3.org/1999/xlink" xmlns:xsi="http://www.w3.org/2001/XMLSchema-instance" xsi:schemaLocation="http://www.loc.gov/standards/alto/ns-v3# http://www.loc.gov/alto/v3/alto-3-0.xsd"><Description>
<MeasurementUnit>pixel</MeasurementUnit>
<sourceImageInformation>
<fileName>1936_v33_Part1.pdf</fileName>
</sourceImageInformation>
<OCRProcessing ID="IdOcr">
<ocrProcessingStep>
<processingDateTime>2019-01-18</processingDateTime>
<processingSoftware>
<softwareCreator>ABBYY</softwareCreator>
<softwareName>ABBYY Recognition Server</softwareName>
<softwareVersion>4.0</softwareVersion>
</processingSoftware>
</ocrProcessingStep>
</OCRProcessing>
</Description>
<Styles>
<ParagraphStyle ID="StyleId-FFFFFFFF-FFFF-FFFF-FFFF-FFFFFFFFFFFF-" ALIGN="Left" LEFT="0." RIGHT="0." FIRSTLINE="0."/>
<ParagraphStyle ID="StyleId-51D50FAC-7A90-4D70-8A96-5EA9D46D1C8B-" ALIGN="Left" LEFT="0." RIGHT="0." FIRSTLINE="0." LINESPACE="7.699999809"/>
<ParagraphStyle ID="StyleId-6BC133E9-7DCB-43C3-8842-A67984A26405-" ALIGN="Block" LEFT="0." RIGHT="0." FIRSTLINE="-17." LINESPACE="8.340000153"/>
<ParagraphStyle ID="StyleId-3C3FF860-43E7-46A2-8934-48F305F6F0D6-" ALIGN="Left" LEFT="0." RIGHT="0." FIRSTLINE="-13." LINESPACE="11.06999969"/>
<ParagraphStyle ID="StyleId-19220C76-4F8A-4737-B38C-B5F5C17E6040-" ALIGN="Block" LEFT="0." RIGHT="0." FIRSTLINE="-13." LINESPACE="11.06999969"/>
<ParagraphStyle ID="StyleId-75A0D721-13ED-4F20-9002-B389EC48477D-" ALIGN="Left" LEFT="0." RIGHT="0." FIRSTLINE="0." LINESPACE="15.5"/>
<ParagraphStyle ID="StyleId-8A414184-C7A5-4AC7-9B88-7DA4DDE75922-" ALIGN="Left" LEFT="0." RIGHT="0." FIRSTLINE="0." LINESPACE="9.399999619"/>
<ParagraphStyle ID="StyleId-1A87970B-111C-4169-99A6-9412976F3C97-" ALIGN="Left" LEFT="0." RIGHT="0." FIRSTLINE="0." LINESPACE="10.5"/>
<ParagraphStyle ID="StyleId-72DB0571-5AE4-41FD-9E11-68C6AC4C437E-" ALIGN="Block" LEFT="0." RIGHT="0." FIRSTLINE="-17." LINESPACE="8.340000153"/>
<ParagraphStyle ID="StyleId-1AA43056-C388-4697-B10F-72FDAA38FAE1-" ALIGN="Center" LEFT="0." RIGHT="0." FIRSTLINE="0." LINESPACE="10.5"/>
</Styles>
<Layout>
<Page ID="Page245" PHYSICAL_IMG_NR="245" HEIGHT="4377" WIDTH="2519">
<TopMargin HEIGHT="445" WIDTH="2519" VPOS="0" HPOS="0">
</TopMargin>
<LeftMargin HEIGHT="3639" WIDTH="118" VPOS="445" HPOS="0">
</LeftMargin>
<RightMargin HEIGHT="3639" WIDTH="373" VPOS="445" HPOS="2146">
</RightMargin>
<BottomMargin HEIGHT="293" WIDTH="2519" VPOS="4084" HPOS="0">
<TextBlock ID="Page245_Block1" HEIGHT="110" WIDTH="359" VPOS="4094" HPOS="962" LANG="en-US" STYLEREFS="StyleId-42D92EA4-15AC-457D-BE87-864CA4B0910C-">
<TextLine HEIGHT="48" WIDTH="100" VPOS="4111" HPOS="1083">
<String CONTENT="245" HEIGHT="48" WIDTH="100" VPOS="4111" HPOS="1083"/>
</TextLine>
</TextBlock>
</BottomMargin>
<PrintSpace HEIGHT="3639" WIDTH="2028" VPOS="445" HPOS="118">
<TextBlock ID="Page245_Block2" HEIGHT="3639" WIDTH="2028" VPOS="445" HPOS="118" LANG="en-US" CS="1" STYLEREFS="StyleId-9A243E0C-ECBF-4E3A-9F10-74D78DAA9866-">
<TextLine HEIGHT="74" WIDTH="1192" VPOS="453" HPOS="133">
<String CONTENT="[Rutherford," HEIGHT="68" WIDTH="403" VPOS="459" HPOS="133"/>
<SP HEIGHT="63" WIDTH="29" VPOS="458" HPOS="537"/>
<String CONTENT="Joseph" HEIGHT="62" WIDTH="219" VPOS="457" HPOS="567"/>
<SP HEIGHT="51" WIDTH="29" VPOS="457" HPOS="787"/>
<String CONTENT="Franklin]" HEIGHT="68" WIDTH="300" VPOS="453" HPOS="817"/>
<SP HEIGHT="61" WIDTH="36" VPOS="460" HPOS="1118"/>
<String CONTENT="1869-" HEIGHT="48" WIDTH="170" VPOS="460" HPOS="1155"/>
</TextLine>
<TextLine HEIGHT="141" WIDTH="1968" VPOS="527" HPOS="129" CS="1">
<String CONTENT="Riches;" HEIGHT="64" WIDTH="232" VPOS="536" HPOS="197"/>
<SP HEIGHT="65" WIDTH="31" VPOS="535" HPOS="430"/>
<String CONTENT="information" HEIGHT="53" WIDTH="376" VPOS="534" HPOS="462"/>
<SP HEIGHT="33" WIDTH="29" VPOS="551" HPOS="839"/>
<String CONTENT="which" HEIGHT="52" WIDTH="184" VPOS="532" HPOS="869"/>
<SP HEIGHT="51" WIDTH="30" VPOS="532" HPOS="1054"/>
<String CONTENT="will" HEIGHT="52" WIDTH="117" VPOS="531" HPOS="1085"/>
<SP HEIGHT="52" WIDTH="31" VPOS="531" HPOS="1203"/>
<String CONTENT="enable" HEIGHT="52" WIDTH="194" VPOS="531" HPOS="1235"/>
<SP HEIGHT="33" WIDTH="28" VPOS="549" HPOS="1430"/>
<String CONTENT="every" HEIGHT="47" WIDTH="166" VPOS="548" HPOS="1459"/>
<SP HEIGHT="48" WIDTH="29" VPOS="548" HPOS="1626"/>
<String CONTENT="person" HEIGHT="49" WIDTH="202" VPOS="547" HPOS="1656"/>
<SP HEIGHT="48" WIDTH="30" VPOS="532" HPOS="1859"/>
<String CONTENT="to" HEIGHT="47" WIDTH="58" VPOS="532" HPOS="1890"/>
<SP HEIGHT="33" WIDTH="30" VPOS="546" HPOS="1949"/>
<String CONTENT="realize" HEIGHT="141" WIDTH="1968" VPOS="527" HPOS="129"/>
<SP HEIGHT="50" WIDTH="23" VPOS="618" HPOS="211"/>
<String CONTENT="in" HEIGHT="50" WIDTH="61" VPOS="618" HPOS="235"/>
</TextLine>
<TextLine HEIGHT="139" WIDTH="1968" VPOS="605" HPOS="128" CS="1">
<String CONTENT="fullness" HEIGHT="53" WIDTH="239" VPOS="612" HPOS="324"/>
<SP HEIGHT="47" WIDTH="25" VPOS="618" HPOS="564"/>
<String CONTENT="the" HEIGHT="51" WIDTH="95" VPOS="612" HPOS="590"/>
<SP HEIGHT="46" WIDTH="23" VPOS="630" HPOS="686"/>
<String CONTENT="greatest" HEIGHT="61" WIDTH="247" VPOS="615" HPOS="710"/>
<SP HEIGHT="52" WIDTH="26" VPOS="610" HPOS="958"/>
<String CONTENT="desire" HEIGHT="51" WIDTH="181" VPOS="610" HPOS="985"/>
<SP HEIGHT="34" WIDTH="26" VPOS="627" HPOS="1167"/>
<String CONTENT="and" HEIGHT="52" WIDTH="111" VPOS="608" HPOS="1194"/>
<SP HEIGHT="53" WIDTH="27" VPOS="607" HPOS="1306"/>
<String CONTENT="fondest" HEIGHT="53" WIDTH="228" VPOS="607" HPOS="1334"/>
<SP HEIGHT="53" WIDTH="27" VPOS="607" HPOS="1563"/>
<String CONTENT="hopes" HEIGHT="66" WIDTH="173" VPOS="607" HPOS="1591"/>
<SP HEIGHT="34" WIDTH="28" VPOS="624" HPOS="1765"/>
<String CONTENT="of" HEIGHT="53" WIDTH="62" VPOS="605" HPOS="1794"/>
<SP HEIGHT="52" WIDTH="24" VPOS="605" HPOS="1857"/>
<String CONTENT="humankind." HEIGHT="138" WIDTH="1968" VPOS="606" HPOS="128"/>
</TextLine>
<TextLine HEIGHT="73" WIDTH="1756" VPOS="682" HPOS="365" CS="1">
<String CONTENT="[Brooklyn," HEIGHT="67" WIDTH="329" VPOS="688" HPOS="365"/>
<SP HEIGHT="55" WIDTH="28" VPOS="690" HPOS="695"/>
<String CONTENT="N." HEIGHT="50" WIDTH="67" VPOS="690" HPOS="724"/>
<SP HEIGHT="52" WIDTH="29" VPOS="688" HPOS="792"/>
<String CONTENT="Y.," HEIGHT="65" WIDTH="91" VPOS="688" HPOS="822"/>
<SP HEIGHT="65" WIDTH="25" VPOS="688" HPOS="914"/>
<String CONTENT="Watch" HEIGHT="54" WIDTH="206" VPOS="687" HPOS="940"/>
<SP HEIGHT="51" WIDTH="28" VPOS="687" HPOS="1147"/>
<String CONTENT="tower" HEIGHT="47" WIDTH="175" VPOS="691" HPOS="1176"/>
<SP HEIGHT="50" WIDTH="29" VPOS="686" HPOS="1352"/>
<String CONTENT="Bible" HEIGHT="52" WIDTH="165" VPOS="684" HPOS="1382"/>
<SP HEIGHT="33" WIDTH="27" VPOS="703" HPOS="1548"/>
<String CONTENT="and" HEIGHT="53" WIDTH="110" VPOS="684" HPOS="1576"/>
<SP HEIGHT="53" WIDTH="29" VPOS="684" HPOS="1687"/>
<String CONTENT="tract" HEIGHT="48" WIDTH="148" VPOS="688" HPOS="1717"/>
<SP HEIGHT="47" WIDTH="26" VPOS="688" HPOS="1866"/>
<String CONTENT="society," HEIGHT="67" WIDTH="228" VPOS="682" HPOS="1893"/>
</TextLine>
<TextLine HEIGHT="66" WIDTH="1464" VPOS="763" HPOS="129">
<String CONTENT="International" HEIGHT="54" WIDTH="417" VPOS="767" HPOS="129"/>
<SP HEIGHT="51" WIDTH="28" VPOS="768" HPOS="547"/>
<String CONTENT="Bible" HEIGHT="54" WIDTH="165" VPOS="765" HPOS="576"/>
<SP HEIGHT="35" WIDTH="27" VPOS="784" HPOS="742"/>
<String CONTENT="students" HEIGHT="55" WIDTH="256" VPOS="765" HPOS="770"/>
<SP HEIGHT="38" WIDTH="28" VPOS="782" HPOS="1027"/>
<String CONTENT="association," HEIGHT="66" WIDTH="353" VPOS="763" HPOS="1056"/>
<SP HEIGHT="61" WIDTH="31" VPOS="768" HPOS="1410"/>
<String CONTENT="1936]" HEIGHT="63" WIDTH="151" VPOS="766" HPOS="1442"/>
</TextLine>
<TextLine HEIGHT="53" WIDTH="1178" VPOS="835" HPOS="201" STYLEREFS="StyleId-62A9292B-7F51-44AE-9497-C7B9169EF533-" CS="1">
<String CONTENT="379" HEIGHT="40" WIDTH="86" VPOS="841" HPOS="201"/>
<SP HEIGHT="47" WIDTH="24" VPOS="841" HPOS="288"/>
<String LANG="fr" CONTENT="p." HEIGHT="38" WIDTH="43" VPOS="850" HPOS="313"/>
<SP HEIGHT="40" WIDTH="26" VPOS="840" HPOS="357"/>
<String CONTENT="incl." HEIGHT="39" WIDTH="108" VPOS="840" HPOS="384"/>
<SP HEIGHT="37" WIDTH="28" VPOS="841" HPOS="493"/>
<String CONTENT="1" HEIGHT="37" WIDTH="23" VPOS="841" HPOS="522"/>
<SP HEIGHT="39" WIDTH="28" VPOS="839" HPOS="546"/>
<String CONTENT="illus.," HEIGHT="43" WIDTH="142" VPOS="839" HPOS="575"/>
<SP HEIGHT="36" WIDTH="25" VPOS="849" HPOS="718"/>
<String CONTENT="plates," HEIGHT="47" WIDTH="170" VPOS="838" HPOS="744"/>
<SP HEIGHT="29" WIDTH="59" VPOS="847" HPOS="915"/>
<String CONTENT="col." HEIGHT="40" WIDTH="85" VPOS="837" HPOS="975"/>
<SP HEIGHT="37" WIDTH="29" VPOS="846" HPOS="1061"/>
<String CONTENT="plates." HEIGHT="47" WIDTH="170" VPOS="836" HPOS="1091"/>
<SP HEIGHT="40" WIDTH="58" VPOS="835" HPOS="1262"/>
<String CS="1" CONTENT="18&#189;cm." HEIGHT="41" WIDTH="58" VPOS="835" HPOS="1321"/>
</TextLine>
<TextLine HEIGHT="50" WIDTH="897" VPOS="893" HPOS="202" STYLEREFS="StyleId-62A9292B-7F51-44AE-9497-C7B9169EF533-">
<String CONTENT="&#8220;First" HEIGHT="40" WIDTH="160" VPOS="896" HPOS="202"/>
<SP HEIGHT="44" WIDTH="29" VPOS="899" HPOS="363"/>
<String CONTENT="printing" HEIGHT="47" WIDTH="216" VPOS="896" HPOS="393"/>
<SP HEIGHT="48" WIDTH="26" VPOS="895" HPOS="610"/>
<String CONTENT="1,000,000" HEIGHT="49" WIDTH="233" VPOS="894" HPOS="637"/>
<SP HEIGHT="39" WIDTH="26" VPOS="894" HPOS="871"/>
<String CONTENT="copies.&#8221;" HEIGHT="49" WIDTH="201" VPOS="893" HPOS="898"/>
</TextLine>
<TextLine HEIGHT="111" WIDTH="1980" VPOS="961" HPOS="129" STYLEREFS="StyleId-62A9292B-7F51-44AE-9497-C7B9169EF533-" CS="1">
<String CONTENT="&#169;" HEIGHT="53" WIDTH="53" VPOS="964" HPOS="129"/>
<SP HEIGHT="53" WIDTH="27" VPOS="964" HPOS="183"/>
<String CONTENT="Feb." HEIGHT="39" WIDTH="110" VPOS="969" HPOS="211"/>
<SP HEIGHT="40" WIDTH="29" VPOS="968" HPOS="322"/>
<String CONTENT="1," HEIGHT="46" WIDTH="39" VPOS="968" HPOS="352"/>
<SP HEIGHT="46" WIDTH="30" VPOS="968" HPOS="392"/>
<String CONTENT="1936;" HEIGHT="43" WIDTH="139" VPOS="966" HPOS="423"/>
<SP HEIGHT="43" WIDTH="30" VPOS="966" HPOS="563"/>
<String CONTENT="2c." HEIGHT="40" WIDTH="68" VPOS="966" HPOS="594"/>
<SP HEIGHT="28" WIDTH="28" VPOS="978" HPOS="663"/>
<String CONTENT="and" HEIGHT="39" WIDTH="95" VPOS="966" HPOS="692"/>
<SP HEIGHT="39" WIDTH="28" VPOS="966" HPOS="788"/>
<String CONTENT="aff." HEIGHT="39" WIDTH="83" VPOS="965" HPOS="817"/>
<SP HEIGHT="39" WIDTH="31" VPOS="965" HPOS="901"/>
<String CONTENT="Feb." HEIGHT="39" WIDTH="109" VPOS="965" HPOS="933"/>
<SP HEIGHT="39" WIDTH="30" VPOS="965" HPOS="1043"/>
<String CS="1" CONTENT="5;" HEIGHT="39" WIDTH="29" VPOS="965" HPOS="1074"/>
<SP HEIGHT="39" WIDTH="33" VPOS="965" HPOS="1127"/>
<!-- cceid 9763193B-6E3A-1014-83DD-942C093A1DD9 --><String CONTENT="A" HEIGHT="38" WIDTH="39" VPOS="965" HPOS="1161"/>
<SP HEIGHT="39" WIDTH="30" VPOS="964" HPOS="1201"/>
<String CS="1" CONTENT="91637;" HEIGHT="40" WIDTH="143" VPOS="963" HPOS="1232"/>
<SP HEIGHT="40" WIDTH="34" VPOS="963" HPOS="1403"/>
<String LANG="fr" CONTENT="J." HEIGHT="40" WIDTH="42" VPOS="963" HPOS="1438"/>
<SP HEIGHT="41" WIDTH="34" VPOS="962" HPOS="1481"/>
<String CONTENT="F." HEIGHT="40" WIDTH="49" VPOS="962" HPOS="1516"/>
<SP HEIGHT="39" WIDTH="29" VPOS="963" HPOS="1566"/>
<String CONTENT="Rutherford," HEIGHT="48" WIDTH="316" VPOS="961" HPOS="1596"/>
<SP HEIGHT="46" WIDTH="33" VPOS="963" HPOS="1913"/>
<String CONTENT="Brooklyn." HEIGHT="111" WIDTH="1913" VPOS="961" HPOS="196"/>
<SP HEIGHT="47" WIDTH="66" VPOS="1024" HPOS="293"/>
<String CONTENT="(36-7153)" HEIGHT="47" WIDTH="250" VPOS="1024" HPOS="360"/>
</TextLine>
<TextLine HEIGHT="65" WIDTH="872" VPOS="1118" HPOS="129" STYLEREFS="StyleId-A1FF212C-FBB6-4338-9A12-87094A0516CC-">
<String CONTENT="Schenk," HEIGHT="64" WIDTH="248" VPOS="1119" HPOS="129"/>
<SP HEIGHT="62" WIDTH="26" VPOS="1121" HPOS="378"/>
<String CONTENT="Edward" HEIGHT="52" WIDTH="251" VPOS="1119" HPOS="405"/>
<SP HEIGHT="52" WIDTH="25" VPOS="1119" HPOS="657"/>
<String CONTENT="Theodore." HEIGHT="55" WIDTH="318" VPOS="1118" HPOS="683"/>
</TextLine>
<TextLine HEIGHT="148" WIDTH="1999" VPOS="1190" HPOS="128" CS="1">
<String CONTENT="Procedure" HEIGHT="53" WIDTH="319" VPOS="1195" HPOS="198"/>
<SP HEIGHT="53" WIDTH="39" VPOS="1194" HPOS="518"/>
<String CONTENT="in" HEIGHT="52" WIDTH="59" VPOS="1194" HPOS="558"/>
<SP HEIGHT="47" WIDTH="40" VPOS="1199" HPOS="618"/>
<String CONTENT="taxonomy," HEIGHT="61" WIDTH="324" VPOS="1199" HPOS="659"/>
<SP HEIGHT="66" WIDTH="36" VPOS="1194" HPOS="984"/>
<String CONTENT="including" HEIGHT="68" WIDTH="301" VPOS="1192" HPOS="1021"/>
<SP HEIGHT="49" WIDTH="38" VPOS="1211" HPOS="1323"/>
<String CONTENT="a" HEIGHT="33" WIDTH="31" VPOS="1211" HPOS="1362"/>
<SP HEIGHT="33" WIDTH="40" VPOS="1211" HPOS="1394"/>
<String CONTENT="reprint" HEIGHT="67" WIDTH="222" VPOS="1193" HPOS="1435"/>
<SP HEIGHT="47" WIDTH="39" VPOS="1197" HPOS="1658"/>
<String CONTENT="of" HEIGHT="53" WIDTH="64" VPOS="1190" HPOS="1698"/>
<SP HEIGHT="54" WIDTH="40" VPOS="1190" HPOS="1763"/>
<String CONTENT="the" HEIGHT="53" WIDTH="96" VPOS="1192" HPOS="1804"/>
<SP HEIGHT="54" WIDTH="36" VPOS="1191" HPOS="1901"/>
<String CONTENT="International" HEIGHT="135" WIDTH="1972" VPOS="1191" HPOS="128"/>
<SP HEIGHT="51" WIDTH="36" VPOS="1273" HPOS="385"/>
<String CONTENT="rules" HEIGHT="52" WIDTH="148" VPOS="1273" HPOS="422"/>
<SP HEIGHT="35" WIDTH="36" VPOS="1290" HPOS="571"/>
<String CONTENT="of" HEIGHT="52" WIDTH="64" VPOS="1272" HPOS="608"/>
<SP HEIGHT="51" WIDTH="33" VPOS="1272" HPOS="673"/>
<String CONTENT="zoological" HEIGHT="67" WIDTH="310" VPOS="1271" HPOS="707"/>
<SP HEIGHT="51" WIDTH="36" VPOS="1271" HPOS="1018"/>
<String CONTENT="nomenclature" HEIGHT="52" WIDTH="421" VPOS="1270" HPOS="1055"/>
<SP HEIGHT="34" WIDTH="37" VPOS="1288" HPOS="1477"/>
<String CONTENT="with" HEIGHT="52" WIDTH="140" VPOS="1270" HPOS="1515"/>
<SP HEIGHT="52" WIDTH="34" VPOS="1270" HPOS="1656"/>
<String CONTENT="summaries" HEIGHT="51" WIDTH="334" VPOS="1272" HPOS="1691"/>
<SP HEIGHT="34" WIDTH="36" VPOS="1289" HPOS="2026"/>
<String CONTENT="of" HEIGHT="53" WIDTH="64" VPOS="1269" HPOS="2063"/>
</TextLine>
<TextLine HEIGHT="70" WIDTH="1996" VPOS="1348" HPOS="129">
<String CONTENT="Opinions" HEIGHT="68" WIDTH="283" VPOS="1350" HPOS="129"/>
<SP HEIGHT="33" WIDTH="41" VPOS="1369" HPOS="413"/>
<String CONTENT="rendered" HEIGHT="52" WIDTH="272" VPOS="1350" HPOS="455"/>
<SP HEIGHT="52" WIDTH="43" VPOS="1350" HPOS="728"/>
<String CONTENT="to" HEIGHT="48" WIDTH="58" VPOS="1355" HPOS="772"/>
<SP HEIGHT="48" WIDTH="41" VPOS="1355" HPOS="831"/>
<String CONTENT="the" HEIGHT="51" WIDTH="95" VPOS="1350" HPOS="873"/>
<SP HEIGHT="49" WIDTH="41" VPOS="1367" HPOS="969"/>
<String CONTENT="present" HEIGHT="63" WIDTH="227" VPOS="1353" HPOS="1011"/>
<SP HEIGHT="52" WIDTH="41" VPOS="1348" HPOS="1239"/>
<String CONTENT="date;" HEIGHT="63" WIDTH="158" VPOS="1348" HPOS="1281"/>
<SP HEIGHT="44" WIDTH="45" VPOS="1367" HPOS="1440"/>
<String CONTENT="completely" HEIGHT="67" WIDTH="336" VPOS="1348" HPOS="1486"/>
<SP HEIGHT="66" WIDTH="41" VPOS="1348" HPOS="1823"/>
<String CONTENT="indexed." HEIGHT="53" WIDTH="260" VPOS="1348" HPOS="1865"/>
</TextLine>
<TextLine HEIGHT="71" WIDTH="1990" VPOS="1425" HPOS="134">
<String CONTENT="[By]" HEIGHT="67" WIDTH="126" VPOS="1429" HPOS="134"/>
<SP HEIGHT="67" WIDTH="41" VPOS="1428" HPOS="261"/>
<String CONTENT="Edward" HEIGHT="52" WIDTH="252" VPOS="1428" HPOS="303"/>
<SP HEIGHT="52" WIDTH="36" VPOS="1428" HPOS="556"/>
<String CONTENT="T." HEIGHT="50" WIDTH="65" VPOS="1429" HPOS="593"/>
<SP HEIGHT="55" WIDTH="37" VPOS="1426" HPOS="659"/>
<String CONTENT="Schenk" HEIGHT="55" WIDTH="224" VPOS="1426" HPOS="697"/>
<SP HEIGHT="52" WIDTH="36" VPOS="1427" HPOS="922"/>
<String CONTENT="and" HEIGHT="52" WIDTH="110" VPOS="1429" HPOS="959"/>
<SP HEIGHT="54" WIDTH="36" VPOS="1427" HPOS="1070"/>
<String CONTENT="John" HEIGHT="53" WIDTH="155" VPOS="1427" HPOS="1107"/>
<SP HEIGHT="52" WIDTH="33" VPOS="1426" HPOS="1263"/>
<String CONTENT="H." HEIGHT="52" WIDTH="78" VPOS="1426" HPOS="1297"/>
<SP HEIGHT="52" WIDTH="34" VPOS="1426" HPOS="1376"/>
<String CONTENT="McMasters." HEIGHT="53" WIDTH="357" VPOS="1426" HPOS="1411"/>
<SP HEIGHT="56" WIDTH="72" VPOS="1425" HPOS="1769"/>
<String CONTENT="Stanford" HEIGHT="56" WIDTH="282" VPOS="1425" HPOS="1842"/>
</TextLine>
<TextLine HEIGHT="145" WIDTH="1973" VPOS="1504" HPOS="129" CS="1">
<String CONTENT="University," HEIGHT="69" WIDTH="353" VPOS="1504" HPOS="129"/>
<SP HEIGHT="67" WIDTH="26" VPOS="1504" HPOS="483"/>
<String CONTENT="Calif.," HEIGHT="68" WIDTH="194" VPOS="1504" HPOS="510"/>
<SP HEIGHT="68" WIDTH="26" VPOS="1504" HPOS="705"/>
<String CONTENT="Stanford" HEIGHT="54" WIDTH="280" VPOS="1504" HPOS="732"/>
<SP HEIGHT="52" WIDTH="27" VPOS="1505" HPOS="1013"/>
<String CONTENT="university" HEIGHT="68" WIDTH="318" VPOS="1504" HPOS="1041"/>
<SP HEIGHT="50" WIDTH="25" VPOS="1522" HPOS="1360"/>
<String CONTENT="press;" HEIGHT="49" WIDTH="183" VPOS="1522" HPOS="1386"/>
<SP HEIGHT="63" WIDTH="30" VPOS="1504" HPOS="1570"/>
<String CONTENT="London," HEIGHT="57" WIDTH="258" VPOS="1504" HPOS="1601"/>
<SP HEIGHT="57" WIDTH="25" VPOS="1504" HPOS="1860"/>
<String CONTENT="H." HEIGHT="52" WIDTH="77" VPOS="1504" HPOS="1886"/>
<SP HEIGHT="52" WIDTH="27" VPOS="1504" HPOS="1964"/>
<String CONTENT="Milford," HEIGHT="145" WIDTH="1971" VPOS="1504" HPOS="131"/>
</TextLine>
<TextLine HEIGHT="69" WIDTH="983" VPOS="1582" HPOS="312">
<String CONTENT="Oxford" HEIGHT="55" WIDTH="230" VPOS="1583" HPOS="312"/>
<SP HEIGHT="52" WIDTH="25" VPOS="1584" HPOS="543"/>
<String CONTENT="university" HEIGHT="69" WIDTH="319" VPOS="1582" HPOS="569"/>
<SP HEIGHT="50" WIDTH="24" VPOS="1601" HPOS="889"/>
<String CONTENT="press" HEIGHT="50" WIDTH="156" VPOS="1601" HPOS="914"/>
<SP HEIGHT="46" WIDTH="32" VPOS="1604" HPOS="1071"/>
<String CONTENT="[" HEIGHT="33" WIDTH="12" VPOS="1617" HPOS="1104"/>
<String STYLE="superscript" CONTENT="c" HEIGHT="20" WIDTH="17" VPOS="1589" HPOS="1122"/>
<String CONTENT="1936]" HEIGHT="64" WIDTH="150" VPOS="1585" HPOS="1145"/>
</TextLine>
<TextLine HEIGHT="49" WIDTH="350" VPOS="1657" HPOS="201" CS="1">
<String CONTENT="vii," HEIGHT="47" WIDTH="81" VPOS="1657" HPOS="201"/>
<SP HEIGHT="45" WIDTH="27" VPOS="1659" HPOS="283"/>
<String CONTENT="72" HEIGHT="40" WIDTH="58" VPOS="1658" HPOS="311"/>
<SP HEIGHT="48" WIDTH="25" VPOS="1658" HPOS="370"/>
<String CONTENT="p." HEIGHT="37" WIDTH="43" VPOS="1669" HPOS="396"/>
<SP HEIGHT="42" WIDTH="55" VPOS="1657" HPOS="440"/>
<String CS="1" CONTENT="23&#189;cm." HEIGHT="40" WIDTH="55" VPOS="1657" HPOS="496"/>
</TextLine>
<TextLine HEIGHT="50" WIDTH="1925" VPOS="1711" HPOS="203" STYLEREFS="StyleId-62A9292B-7F51-44AE-9497-C7B9169EF533-">
<String CONTENT="Revised" HEIGHT="40" WIDTH="208" VPOS="1713" HPOS="203"/>
<SP HEIGHT="39" WIDTH="23" VPOS="1715" HPOS="412"/>
<String CONTENT="and" HEIGHT="39" WIDTH="96" VPOS="1715" HPOS="436"/>
<SP HEIGHT="39" WIDTH="23" VPOS="1715" HPOS="533"/>
<String CONTENT="enlarged" HEIGHT="47" WIDTH="229" VPOS="1714" HPOS="557"/>
<SP HEIGHT="38" WIDTH="23" VPOS="1715" HPOS="787"/>
<String CONTENT="edition" HEIGHT="41" WIDTH="183" VPOS="1713" HPOS="811"/>
<SP HEIGHT="29" WIDTH="19" VPOS="1724" HPOS="995"/>
<String CONTENT="of" HEIGHT="41" WIDTH="52" VPOS="1712" HPOS="1015"/>
<SP HEIGHT="41" WIDTH="22" VPOS="1712" HPOS="1068"/>
<String CONTENT="a" HEIGHT="29" WIDTH="28" VPOS="1724" HPOS="1091"/>
<SP HEIGHT="29" WIDTH="26" VPOS="1724" HPOS="1120"/>
<String CONTENT="report" HEIGHT="45" WIDTH="164" VPOS="1715" HPOS="1147"/>
<SP HEIGHT="45" WIDTH="20" VPOS="1715" HPOS="1312"/>
<String CONTENT="prepared" HEIGHT="47" WIDTH="236" VPOS="1713" HPOS="1333"/>
<SP HEIGHT="40" WIDTH="21" VPOS="1712" HPOS="1570"/>
<String CONTENT="in" HEIGHT="39" WIDTH="50" VPOS="1712" HPOS="1592"/>
<SP HEIGHT="39" WIDTH="22" VPOS="1712" HPOS="1643"/>
<String CONTENT="1932" HEIGHT="41" WIDTH="114" VPOS="1711" HPOS="1666"/>
<SP HEIGHT="40" WIDTH="22" VPOS="1712" HPOS="1781"/>
<String CONTENT="by" HEIGHT="46" WIDTH="59" VPOS="1713" HPOS="1804"/>
<SP HEIGHT="35" WIDTH="24" VPOS="1724" HPOS="1864"/>
<String CONTENT="graduate" HEIGHT="46" WIDTH="239" VPOS="1713" HPOS="1889"/>
</TextLine>
<TextLine HEIGHT="49" WIDTH="1996" VPOS="1768" HPOS="132" STYLEREFS="StyleId-62A9292B-7F51-44AE-9497-C7B9169EF533-">
<String CONTENT="students" HEIGHT="40" WIDTH="225" VPOS="1770" HPOS="132"/>
<SP HEIGHT="30" WIDTH="37" VPOS="1780" HPOS="358"/>
<String CONTENT="and" HEIGHT="38" WIDTH="96" VPOS="1771" HPOS="396"/>
<SP HEIGHT="45" WIDTH="39" VPOS="1771" HPOS="493"/>
<String CONTENT="professors" HEIGHT="46" WIDTH="273" VPOS="1770" HPOS="533"/>
<SP HEIGHT="29" WIDTH="37" VPOS="1781" HPOS="807"/>
<String CONTENT="of" HEIGHT="39" WIDTH="52" VPOS="1770" HPOS="845"/>
<SP HEIGHT="41" WIDTH="40" VPOS="1769" HPOS="898"/>
<String CONTENT="Stanford" HEIGHT="41" WIDTH="234" VPOS="1769" HPOS="939"/>
<SP HEIGHT="39" WIDTH="38" VPOS="1770" HPOS="1174"/>
<String CONTENT="university" HEIGHT="49" WIDTH="271" VPOS="1768" HPOS="1213"/>
<SP HEIGHT="37" WIDTH="41" VPOS="1780" HPOS="1485"/>
<String CONTENT="and" HEIGHT="38" WIDTH="96" VPOS="1770" HPOS="1527"/>
<SP HEIGHT="47" WIDTH="33" VPOS="1770" HPOS="1624"/>
<String CONTENT="published" HEIGHT="49" WIDTH="254" VPOS="1768" HPOS="1658"/>
<SP HEIGHT="41" WIDTH="43" VPOS="1769" HPOS="1913"/>
<String CONTENT="in" HEIGHT="40" WIDTH="48" VPOS="1769" HPOS="1957"/>
<SP HEIGHT="38" WIDTH="39" VPOS="1771" HPOS="2006"/>
<String CONTENT="the" HEIGHT="39" WIDTH="82" VPOS="1771" HPOS="2046"/>
</TextLine>
<TextLine HEIGHT="98" WIDTH="1980" VPOS="1824" HPOS="131" STYLEREFS="StyleId-62A9292B-7F51-44AE-9497-C7B9169EF533-" CS="1">
<String CONTENT="&#8220;Micropaleontology" HEIGHT="47" WIDTH="519" VPOS="1826" HPOS="134"/>
<SP HEIGHT="47" WIDTH="25" VPOS="1826" HPOS="654"/>
<String CONTENT="bulletin&#8221;" HEIGHT="41" WIDTH="234" VPOS="1824" HPOS="680"/>
<SP HEIGHT="42" WIDTH="26" VPOS="1824" HPOS="915"/>
<String CONTENT="under" HEIGHT="39" WIDTH="151" VPOS="1827" HPOS="942"/>
<SP HEIGHT="38" WIDTH="26" VPOS="1828" HPOS="1094"/>
<String CONTENT="title," HEIGHT="48" WIDTH="122" VPOS="1825" HPOS="1121"/>
<SP HEIGHT="47" WIDTH="27" VPOS="1826" HPOS="1244"/>
<String CONTENT="&#8220;Recommendations" HEIGHT="41" WIDTH="514" VPOS="1825" HPOS="1272"/>
<SP HEIGHT="40" WIDTH="22" VPOS="1826" HPOS="1787"/>
<String CONTENT="for" HEIGHT="39" WIDTH="80" VPOS="1826" HPOS="1810"/>
<SP HEIGHT="37" WIDTH="25" VPOS="1828" HPOS="1891"/>
<String CONTENT="the" HEIGHT="39" WIDTH="83" VPOS="1826" HPOS="1917"/>
<SP HEIGHT="38" WIDTH="23" VPOS="1837" HPOS="2001"/>
<String CONTENT="procedure" HEIGHT="85" WIDTH="1980" VPOS="1837" HPOS="131"/>
</TextLine>
<TextLine HEIGHT="49" WIDTH="1177" VPOS="1880" HPOS="330" STYLEREFS="StyleId-62A9292B-7F51-44AE-9497-C7B9169EF533-">
<String CONTENT="in" HEIGHT="39" WIDTH="50" VPOS="1882" HPOS="330"/>
<SP HEIGHT="38" WIDTH="22" VPOS="1883" HPOS="381"/>
<String CONTENT="the" HEIGHT="40" WIDTH="83" VPOS="1882" HPOS="404"/>
<SP HEIGHT="39" WIDTH="22" VPOS="1883" HPOS="488"/>
<String CONTENT="description" HEIGHT="47" WIDTH="295" VPOS="1881" HPOS="511"/>
<SP HEIGHT="29" WIDTH="22" VPOS="1893" HPOS="807"/>
<String CONTENT="of" HEIGHT="40" WIDTH="53" VPOS="1882" HPOS="830"/>
<SP HEIGHT="40" WIDTH="21" VPOS="1882" HPOS="884"/>
<String CONTENT="a" HEIGHT="30" WIDTH="30" VPOS="1892" HPOS="906"/>
<SP HEIGHT="30" WIDTH="23" VPOS="1892" HPOS="937"/>
<String CONTENT="new" HEIGHT="29" WIDTH="105" VPOS="1893" HPOS="961"/>
<SP HEIGHT="29" WIDTH="20" VPOS="1892" HPOS="1067"/>
<String CONTENT="species&#8221;.&#8212;Pref." HEIGHT="49" WIDTH="419" VPOS="1880" HPOS="1088"/>
</TextLine>
<TextLine HEIGHT="52" WIDTH="2001" VPOS="1935" HPOS="132" STYLEREFS="StyleId-62A9292B-7F51-44AE-9497-C7B9169EF533-" CS="1">
<String CONTENT="&#169;" HEIGHT="52" WIDTH="53" VPOS="1935" HPOS="132"/>
<SP HEIGHT="52" WIDTH="29" VPOS="1935" HPOS="186"/>
<String CONTENT="Feb." HEIGHT="39" WIDTH="108" VPOS="1939" HPOS="216"/>
<SP HEIGHT="38" WIDTH="31" VPOS="1939" HPOS="325"/>
<String CONTENT="26," HEIGHT="46" WIDTH="70" VPOS="1939" HPOS="357"/>
<SP HEIGHT="45" WIDTH="27" VPOS="1940" HPOS="428"/>
<String CS="1" CONTENT="1936;" HEIGHT="42" WIDTH="112" VPOS="1937" HPOS="456"/>
<SP HEIGHT="39" WIDTH="33" VPOS="1939" HPOS="596"/>
<String CONTENT="2c." HEIGHT="39" WIDTH="68" VPOS="1939" HPOS="630"/>
<SP HEIGHT="38" WIDTH="32" VPOS="1940" HPOS="699"/>
<String CONTENT="Mar." HEIGHT="38" WIDTH="120" VPOS="1940" HPOS="732"/>
<SP HEIGHT="39" WIDTH="32" VPOS="1939" HPOS="853"/>
<String CS="1" CONTENT="11;" HEIGHT="38" WIDTH="52" VPOS="1939" HPOS="886"/>
<SP HEIGHT="30" WIDTH="34" VPOS="1949" HPOS="968"/>
<String CONTENT="aff." HEIGHT="40" WIDTH="80" VPOS="1938" HPOS="1003"/>
<SP HEIGHT="37" WIDTH="34" VPOS="1940" HPOS="1084"/>
<String CONTENT="Mar." HEIGHT="38" WIDTH="121" VPOS="1940" HPOS="1119"/>
<SP HEIGHT="38" WIDTH="32" VPOS="1940" HPOS="1241"/>
<String CS="1" CONTENT="7;" HEIGHT="38" WIDTH="28" VPOS="1940" HPOS="1274"/>
<SP HEIGHT="39" WIDTH="34" VPOS="1940" HPOS="1325"/>
<!-- cceid 9763CF6F-6E3A-1014-83DD-942C093A1DD9 --><String CONTENT="A" HEIGHT="37" WIDTH="41" VPOS="1940" HPOS="1360"/>
<SP HEIGHT="39" WIDTH="29" VPOS="1939" HPOS="1402"/>
<String CS="1" CONTENT="92191;" HEIGHT="40" WIDTH="142" VPOS="1938" HPOS="1432"/>
<SP HEIGHT="45" WIDTH="34" VPOS="1940" HPOS="1603"/>
<String CONTENT="Board" HEIGHT="39" WIDTH="165" VPOS="1939" HPOS="1638"/>
<SP HEIGHT="40" WIDTH="27" VPOS="1939" HPOS="1804"/>
<String CONTENT="of" HEIGHT="39" WIDTH="52" VPOS="1940" HPOS="1832"/>
<SP HEIGHT="39" WIDTH="33" VPOS="1940" HPOS="1885"/>
<String CONTENT="trustees" HEIGHT="39" WIDTH="214" VPOS="1941" HPOS="1919"/>
</TextLine>
<TextLine HEIGHT="47" WIDTH="1924" VPOS="1994" HPOS="206" STYLEREFS="StyleId-62A9292B-7F51-44AE-9497-C7B9169EF533-">
<String CONTENT="of" HEIGHT="39" WIDTH="52" VPOS="1996" HPOS="206"/>
<SP HEIGHT="39" WIDTH="43" VPOS="1996" HPOS="259"/>
<String CONTENT="the" HEIGHT="39" WIDTH="80" VPOS="1996" HPOS="303"/>
<SP HEIGHT="38" WIDTH="45" VPOS="1996" HPOS="384"/>
<String CONTENT="Leland" HEIGHT="39" WIDTH="182" VPOS="1996" HPOS="430"/>
<SP HEIGHT="40" WIDTH="51" VPOS="1996" HPOS="613"/>
<String CONTENT="Stanford" HEIGHT="40" WIDTH="233" VPOS="1996" HPOS="665"/>
<SP HEIGHT="46" WIDTH="46" VPOS="1995" HPOS="899"/>
<String CONTENT="junior" HEIGHT="46" WIDTH="167" VPOS="1995" HPOS="946"/>
<SP HEIGHT="29" WIDTH="44" VPOS="2005" HPOS="1114"/>
<String CONTENT="univ.," HEIGHT="47" WIDTH="144" VPOS="1994" HPOS="1159"/>
<SP HEIGHT="45" WIDTH="49" VPOS="1996" HPOS="1304"/>
<String CONTENT="Stanford" HEIGHT="39" WIDTH="234" VPOS="1996" HPOS="1354"/>
<SP HEIGHT="40" WIDTH="49" VPOS="1996" HPOS="1589"/>
<String CONTENT="Universitv," HEIGHT="47" WIDTH="294" VPOS="1994" HPOS="1639"/>
<SP HEIGHT="45" WIDTH="51" VPOS="1996" HPOS="1934"/>
<String CONTENT="Calif." HEIGHT="40" WIDTH="144" VPOS="1996" HPOS="1986"/>
</TextLine>
<TextLine HEIGHT="47" WIDTH="249" VPOS="2052" HPOS="211" STYLEREFS="StyleId-62A9292B-7F51-44AE-9497-C7B9169EF533-">
<String CONTENT="(36-7100)" HEIGHT="47" WIDTH="249" VPOS="2052" HPOS="211"/>
</TextLine>
<TextLine HEIGHT="65" WIDTH="842" VPOS="2147" HPOS="132" STYLEREFS="StyleId-A1FF212C-FBB6-4338-9A12-87094A0516CC-">
<String CONTENT="Schwartz," HEIGHT="65" WIDTH="319" VPOS="2147" HPOS="132"/>
<SP HEIGHT="63" WIDTH="27" VPOS="2149" HPOS="452"/>
<String CONTENT="Jacob" HEIGHT="52" WIDTH="179" VPOS="2149" HPOS="480"/>
<SP HEIGHT="52" WIDTH="27" VPOS="2149" HPOS="660"/>
<String CONTENT="R.," HEIGHT="61" WIDTH="86" VPOS="2150" HPOS="688"/>
<SP HEIGHT="56" WIDTH="28" VPOS="2155" HPOS="775"/>
<String CONTENT="1889-" HEIGHT="48" WIDTH="170" VPOS="2154" HPOS="804"/>
</TextLine>
<TextLine HEIGHT="71" WIDTH="1926" VPOS="2223" HPOS="202">
<String CONTENT="Cavity" HEIGHT="69" WIDTH="208" VPOS="2224" HPOS="202"/>
<SP HEIGHT="50" WIDTH="43" VPOS="2244" HPOS="411"/>
<String CONTENT="preparation" HEIGHT="68" WIDTH="368" VPOS="2226" HPOS="455"/>
<SP HEIGHT="35" WIDTH="46" VPOS="2244" HPOS="824"/>
<String CONTENT="and" HEIGHT="53" WIDTH="112" VPOS="2226" HPOS="871"/>
<SP HEIGHT="53" WIDTH="47" VPOS="2226" HPOS="984"/>
<String CONTENT="abutment" HEIGHT="55" WIDTH="294" VPOS="2225" HPOS="1032"/>
<SP HEIGHT="49" WIDTH="44" VPOS="2230" HPOS="1327"/>
<String CONTENT="construction" HEIGHT="57" WIDTH="383" VPOS="2223" HPOS="1372"/>
<SP HEIGHT="54" WIDTH="43" VPOS="2225" HPOS="1756"/>
<String CONTENT="in" HEIGHT="54" WIDTH="60" VPOS="2225" HPOS="1800"/>
<SP HEIGHT="54" WIDTH="42" VPOS="2225" HPOS="1861"/>
<String CONTENT="bridge-" HEIGHT="69" WIDTH="224" VPOS="2225" HPOS="1904"/>
</TextLine>
<TextLine HEIGHT="132" WIDTH="1972" VPOS="2303" HPOS="131" CS="1">
<String CONTENT="work." HEIGHT="53" WIDTH="170" VPOS="2303" HPOS="132"/>
<SP HEIGHT="53" WIDTH="73" VPOS="2303" HPOS="303"/>
<String CONTENT="A" HEIGHT="53" WIDTH="56" VPOS="2303" HPOS="377"/>
<SP HEIGHT="54" WIDTH="25" VPOS="2303" HPOS="434"/>
<String CONTENT="treatise" HEIGHT="53" WIDTH="229" VPOS="2305" HPOS="460"/>
<SP HEIGHT="35" WIDTH="28" VPOS="2323" HPOS="690"/>
<String CONTENT="on" HEIGHT="34" WIDTH="70" VPOS="2323" HPOS="719"/>
<SP HEIGHT="46" WIDTH="28" VPOS="2311" HPOS="790"/>
<String CONTENT="the" HEIGHT="52" WIDTH="97" VPOS="2305" HPOS="819"/>
<SP HEIGHT="53" WIDTH="27" VPOS="2304" HPOS="917"/>
<String CONTENT="fundamental" HEIGHT="54" WIDTH="397" VPOS="2304" HPOS="945"/>
<SP HEIGHT="65" WIDTH="29" VPOS="2307" HPOS="1343"/>
<String CONTENT="principles" HEIGHT="67" WIDTH="309" VPOS="2305" HPOS="1373"/>
<SP HEIGHT="34" WIDTH="28" VPOS="2324" HPOS="1683"/>
<String CONTENT="and" HEIGHT="53" WIDTH="112" VPOS="2305" HPOS="1712"/>
<SP HEIGHT="54" WIDTH="28" VPOS="2305" HPOS="1825"/>
<String CONTENT="the" HEIGHT="53" WIDTH="96" VPOS="2306" HPOS="1854"/>
<SP HEIGHT="47" WIDTH="28" VPOS="2311" HPOS="1951"/>
<String CONTENT="technical" HEIGHT="130" WIDTH="1972" VPOS="2305" HPOS="131"/>
</TextLine>
<TextLine HEIGHT="71" WIDTH="1817" VPOS="2380" HPOS="312">
<String CONTENT="phases" HEIGHT="67" WIDTH="200" VPOS="2382" HPOS="312"/>
<SP HEIGHT="50" WIDTH="29" VPOS="2400" HPOS="513"/>
<String CONTENT="governing" HEIGHT="71" WIDTH="318" VPOS="2380" HPOS="543"/>
<SP HEIGHT="63" WIDTH="27" VPOS="2388" HPOS="862"/>
<String CONTENT="the" HEIGHT="53" WIDTH="95" VPOS="2383" HPOS="890"/>
<SP HEIGHT="35" WIDTH="31" VPOS="2401" HPOS="986"/>
<String CONTENT="cutting" HEIGHT="67" WIDTH="225" VPOS="2383" HPOS="1018"/>
<SP HEIGHT="49" WIDTH="29" VPOS="2401" HPOS="1244"/>
<String CONTENT="of" HEIGHT="54" WIDTH="64" VPOS="2382" HPOS="1274"/>
<SP HEIGHT="53" WIDTH="30" VPOS="2382" HPOS="1339"/>
<String CONTENT="cavities" HEIGHT="54" WIDTH="234" VPOS="2382" HPOS="1370"/>
<SP HEIGHT="35" WIDTH="29" VPOS="2401" HPOS="1605"/>
<String CONTENT="or" HEIGHT="35" WIDTH="65" VPOS="2401" HPOS="1635"/>
<SP HEIGHT="50" WIDTH="30" VPOS="2401" HPOS="1701"/>
<String CONTENT="preparations" HEIGHT="68" WIDTH="397" VPOS="2383" HPOS="1732"/>
</TextLine>
<TextLine HEIGHT="133" WIDTH="1971" VPOS="2458" HPOS="132" CS="1">
<String CONTENT="in" HEIGHT="54" WIDTH="57" VPOS="2458" HPOS="134"/>
<SP HEIGHT="34" WIDTH="29" VPOS="2478" HPOS="192"/>
<String CONTENT="natural" HEIGHT="53" WIDTH="229" VPOS="2461" HPOS="222"/>
<SP HEIGHT="51" WIDTH="31" VPOS="2461" HPOS="452"/>
<String CONTENT="teeth" HEIGHT="52" WIDTH="149" VPOS="2461" HPOS="484"/>
<SP HEIGHT="52" WIDTH="34" VPOS="2460" HPOS="634"/>
<String CONTENT="for" HEIGHT="53" WIDTH="94" VPOS="2460" HPOS="669"/>
<SP HEIGHT="49" WIDTH="28" VPOS="2479" HPOS="764"/>
<String CONTENT="purposes" HEIGHT="51" WIDTH="274" VPOS="2478" HPOS="793"/>
<SP HEIGHT="35" WIDTH="32" VPOS="2479" HPOS="1068"/>
<String CONTENT="of" HEIGHT="53" WIDTH="64" VPOS="2460" HPOS="1101"/>
<SP HEIGHT="54" WIDTH="32" VPOS="2460" HPOS="1166"/>
<String CONTENT="anchorage;" HEIGHT="68" WIDTH="344" VPOS="2461" HPOS="1199"/>
<SP HEIGHT="67" WIDTH="37" VPOS="2461" HPOS="1544"/>
<String CONTENT="impression" HEIGHT="68" WIDTH="336" VPOS="2461" HPOS="1582"/>
<SP HEIGHT="33" WIDTH="31" VPOS="2480" HPOS="1919"/>
<String CONTENT="methods" HEIGHT="128" WIDTH="1971" VPOS="2462" HPOS="132"/>
<SP HEIGHT="53" WIDTH="34" VPOS="2537" HPOS="234"/>
<String CONTENT="for" HEIGHT="54" WIDTH="93" VPOS="2537" HPOS="269"/>
</TextLine>
<TextLine HEIGHT="67" WIDTH="1731" VPOS="2539" HPOS="399">
<String CONTENT="accurate" HEIGHT="49" WIDTH="259" VPOS="2543" HPOS="399"/>
<SP HEIGHT="35" WIDTH="33" VPOS="2557" HPOS="659"/>
<String CONTENT="reproduction" HEIGHT="67" WIDTH="401" VPOS="2539" HPOS="693"/>
<SP HEIGHT="34" WIDTH="38" VPOS="2557" HPOS="1095"/>
<String CONTENT="and" HEIGHT="53" WIDTH="112" VPOS="2539" HPOS="1134"/>
<SP HEIGHT="53" WIDTH="36" VPOS="2539" HPOS="1247"/>
<String CONTENT="the" HEIGHT="53" WIDTH="96" VPOS="2539" HPOS="1284"/>
<SP HEIGHT="34" WIDTH="36" VPOS="2558" HPOS="1381"/>
<String CONTENT="construction" HEIGHT="53" WIDTH="384" VPOS="2539" HPOS="1418"/>
<SP HEIGHT="34" WIDTH="38" VPOS="2557" HPOS="1803"/>
<String CONTENT="of" HEIGHT="52" WIDTH="63" VPOS="2539" HPOS="1842"/>
<SP HEIGHT="52" WIDTH="38" VPOS="2539" HPOS="1906"/>
<String CONTENT="inlays" HEIGHT="66" WIDTH="185" VPOS="2540" HPOS="1945"/>
</TextLine>
<TextLine HEIGHT="70" WIDTH="1996" VPOS="2614" HPOS="133">
<String CONTENT="and" HEIGHT="52" WIDTH="111" VPOS="2616" HPOS="133"/>
<SP HEIGHT="52" WIDTH="38" VPOS="2616" HPOS="245"/>
<String CONTENT="abutments" HEIGHT="54" WIDTH="318" VPOS="2615" HPOS="284"/>
<SP HEIGHT="55" WIDTH="35" VPOS="2614" HPOS="603"/>
<String CONTENT="in" HEIGHT="55" WIDTH="61" VPOS="2614" HPOS="639"/>
<SP HEIGHT="34" WIDTH="35" VPOS="2635" HPOS="701"/>
<String CONTENT="accordance" HEIGHT="53" WIDTH="338" VPOS="2617" HPOS="737"/>
<SP HEIGHT="34" WIDTH="37" VPOS="2636" HPOS="1076"/>
<String CONTENT="with" HEIGHT="52" WIDTH="140" VPOS="2617" HPOS="1114"/>
<SP HEIGHT="52" WIDTH="35" VPOS="2617" HPOS="1255"/>
<String CONTENT="modern" HEIGHT="53" WIDTH="236" VPOS="2618" HPOS="1291"/>
<SP HEIGHT="34" WIDTH="36" VPOS="2637" HPOS="1528"/>
<String CONTENT="successful" HEIGHT="54" WIDTH="306" VPOS="2616" HPOS="1565"/>
<SP HEIGHT="52" WIDTH="37" VPOS="2618" HPOS="1872"/>
<String CONTENT="casting" HEIGHT="66" WIDTH="219" VPOS="2618" HPOS="1910"/>
</TextLine>
<TextLine HEIGHT="68" WIDTH="1994" VPOS="2693" HPOS="134">
<String CONTENT="procedures," HEIGHT="67" WIDTH="351" VPOS="2694" HPOS="134"/>
<SP HEIGHT="67" WIDTH="24" VPOS="2694" HPOS="486"/>
<String CONTENT="by" HEIGHT="67" WIDTH="76" VPOS="2694" HPOS="511"/>
<SP HEIGHT="67" WIDTH="22" VPOS="2694" HPOS="588"/>
<String CONTENT="Jacob" HEIGHT="54" WIDTH="179" VPOS="2694" HPOS="611"/>
<SP HEIGHT="53" WIDTH="27" VPOS="2694" HPOS="791"/>
<String CONTENT="R." HEIGHT="52" WIDTH="67" VPOS="2695" HPOS="819"/>
<SP HEIGHT="56" WIDTH="30" VPOS="2693" HPOS="887"/>
<String CONTENT="Schwartz" HEIGHT="56" WIDTH="291" VPOS="2693" HPOS="918"/>
<SP HEIGHT="34" WIDTH="32" VPOS="2713" HPOS="1210"/>
<String CONTENT="..." HEIGHT="10" WIDTH="57" VPOS="2737" HPOS="1243"/>
<SP HEIGHT="53" WIDTH="75" VPOS="2695" HPOS="1301"/>
<String CONTENT="With" HEIGHT="53" WIDTH="163" VPOS="2695" HPOS="1377"/>
<SP HEIGHT="53" WIDTH="26" VPOS="2694" HPOS="1541"/>
<String CONTENT="four" HEIGHT="54" WIDTH="133" VPOS="2694" HPOS="1568"/>
<SP HEIGHT="53" WIDTH="23" VPOS="2695" HPOS="1702"/>
<String CONTENT="hundred" HEIGHT="53" WIDTH="261" VPOS="2695" HPOS="1726"/>
<SP HEIGHT="54" WIDTH="30" VPOS="2696" HPOS="1988"/>
<String CONTENT="and" HEIGHT="55" WIDTH="109" VPOS="2695" HPOS="2019"/>
</TextLine>
<TextLine HEIGHT="70" WIDTH="1993" VPOS="2770" HPOS="134">
<String CONTENT="eighty-two" HEIGHT="69" WIDTH="333" VPOS="2770" HPOS="134"/>
<SP HEIGHT="34" WIDTH="23" VPOS="2790" HPOS="468"/>
<String CONTENT="original" HEIGHT="68" WIDTH="247" VPOS="2772" HPOS="492"/>
<SP HEIGHT="51" WIDTH="24" VPOS="2773" HPOS="740"/>
<String CONTENT="illustrations" HEIGHT="52" WIDTH="377" VPOS="2773" HPOS="765"/>
<SP HEIGHT="52" WIDTH="22" VPOS="2773" HPOS="1143"/>
<String CONTENT="by" HEIGHT="66" WIDTH="75" VPOS="2773" HPOS="1166"/>
<SP HEIGHT="61" WIDTH="23" VPOS="2778" HPOS="1242"/>
<String CONTENT="the" HEIGHT="52" WIDTH="96" VPOS="2773" HPOS="1266"/>
<SP HEIGHT="34" WIDTH="24" VPOS="2791" HPOS="1363"/>
<String CONTENT="author" HEIGHT="52" WIDTH="207" VPOS="2773" HPOS="1388"/>
<SP HEIGHT="35" WIDTH="22" VPOS="2791" HPOS="1596"/>
<String CONTENT="executed" HEIGHT="52" WIDTH="264" VPOS="2774" HPOS="1619"/>
<SP HEIGHT="52" WIDTH="24" VPOS="2774" HPOS="1884"/>
<String CONTENT="in" HEIGHT="51" WIDTH="58" VPOS="2774" HPOS="1909"/>
<SP HEIGHT="34" WIDTH="27" VPOS="2792" HPOS="1968"/>
<String CONTENT="such" HEIGHT="53" WIDTH="131" VPOS="2773" HPOS="1996"/>
</TextLine>
<TextLine HEIGHT="72" WIDTH="1999" VPOS="2847" HPOS="132">
<String CONTENT="medium" HEIGHT="56" WIDTH="248" VPOS="2847" HPOS="132"/>
<SP HEIGHT="35" WIDTH="31" VPOS="2867" HPOS="381"/>
<String CONTENT="and" HEIGHT="53" WIDTH="111" VPOS="2850" HPOS="413"/>
<SP HEIGHT="55" WIDTH="31" VPOS="2850" HPOS="525"/>
<String CONTENT="technic" HEIGHT="55" WIDTH="220" VPOS="2850" HPOS="557"/>
<SP HEIGHT="36" WIDTH="32" VPOS="2869" HPOS="778"/>
<String CONTENT="as" HEIGHT="35" WIDTH="59" VPOS="2870" HPOS="811"/>
<SP HEIGHT="49" WIDTH="31" VPOS="2856" HPOS="871"/>
<String CONTENT="to" HEIGHT="48" WIDTH="60" VPOS="2856" HPOS="903"/>
<SP HEIGHT="55" WIDTH="31" VPOS="2849" HPOS="964"/>
<String CONTENT="facilitate" HEIGHT="55" WIDTH="282" VPOS="2849" HPOS="996"/>
<SP HEIGHT="48" WIDTH="29" VPOS="2856" HPOS="1279"/>
<String CONTENT="the" HEIGHT="53" WIDTH="95" VPOS="2851" HPOS="1309"/>
<SP HEIGHT="50" WIDTH="33" VPOS="2869" HPOS="1405"/>
<String CONTENT="portrayal" HEIGHT="67" WIDTH="296" VPOS="2852" HPOS="1439"/>
<SP HEIGHT="53" WIDTH="33" VPOS="2852" HPOS="1736"/>
<String CONTENT="of" HEIGHT="55" WIDTH="64" VPOS="2850" HPOS="1770"/>
<SP HEIGHT="54" WIDTH="31" VPOS="2850" HPOS="1835"/>
<String CONTENT="intricate" HEIGHT="54" WIDTH="264" VPOS="2851" HPOS="1867"/>
</TextLine>
<TextLine HEIGHT="71" WIDTH="1997" VPOS="2927" HPOS="133">
<String CONTENT="mechanical" HEIGHT="54" WIDTH="345" VPOS="2927" HPOS="133"/>
<SP HEIGHT="52" WIDTH="32" VPOS="2929" HPOS="479"/>
<String CONTENT="details" HEIGHT="53" WIDTH="205" VPOS="2929" HPOS="512"/>
<SP HEIGHT="34" WIDTH="30" VPOS="2948" HPOS="718"/>
<String CONTENT="considered" HEIGHT="53" WIDTH="326" VPOS="2930" HPOS="749"/>
<SP HEIGHT="52" WIDTH="38" VPOS="2930" HPOS="1076"/>
<String CONTENT="essential" HEIGHT="52" WIDTH="261" VPOS="2930" HPOS="1115"/>
<SP HEIGHT="52" WIDTH="36" VPOS="2929" HPOS="1377"/>
<String CONTENT="for" HEIGHT="53" WIDTH="94" VPOS="2929" HPOS="1414"/>
<SP HEIGHT="47" WIDTH="34" VPOS="2936" HPOS="1509"/>
<String CONTENT="the" HEIGHT="52" WIDTH="95" VPOS="2931" HPOS="1544"/>
<SP HEIGHT="34" WIDTH="34" VPOS="2949" HPOS="1640"/>
<String CONTENT="comprehensive" HEIGHT="70" WIDTH="455" VPOS="2928" HPOS="1675"/>
</TextLine>
<TextLine HEIGHT="70" WIDTH="1997" VPOS="3005" HPOS="134">
<String CONTENT="study" HEIGHT="66" WIDTH="170" VPOS="3006" HPOS="134"/>
<SP HEIGHT="49" WIDTH="27" VPOS="3023" HPOS="305"/>
<String CONTENT="of" HEIGHT="53" WIDTH="64" VPOS="3005" HPOS="333"/>
<SP HEIGHT="53" WIDTH="26" VPOS="3005" HPOS="398"/>
<String CONTENT="this" HEIGHT="53" WIDTH="114" VPOS="3006" HPOS="425"/>
<SP HEIGHT="52" WIDTH="25" VPOS="3007" HPOS="540"/>
<String CONTENT="interesting" HEIGHT="69" WIDTH="338" VPOS="3006" HPOS="566"/>
<SP HEIGHT="51" WIDTH="26" VPOS="3024" HPOS="905"/>
<String CONTENT="subject," HEIGHT="68" WIDTH="233" VPOS="3006" HPOS="932"/>
<SP HEIGHT="66" WIDTH="27" VPOS="3007" HPOS="1166"/>
<String CONTENT="by" HEIGHT="67" WIDTH="75" VPOS="3007" HPOS="1194"/>
<SP HEIGHT="61" WIDTH="26" VPOS="3013" HPOS="1270"/>
<String CONTENT="the" HEIGHT="52" WIDTH="95" VPOS="3008" HPOS="1297"/>
<SP HEIGHT="34" WIDTH="28" VPOS="3026" HPOS="1393"/>
<String CONTENT="undergraduate" HEIGHT="67" WIDTH="462" VPOS="3008" HPOS="1422"/>
<SP HEIGHT="33" WIDTH="29" VPOS="3027" HPOS="1885"/>
<String CONTENT="as" HEIGHT="35" WIDTH="59" VPOS="3027" HPOS="1915"/>
<SP HEIGHT="35" WIDTH="30" VPOS="3027" HPOS="1975"/>
<String CONTENT="well" HEIGHT="51" WIDTH="125" VPOS="3009" HPOS="2006"/>
</TextLine>
<TextLine HEIGHT="70" WIDTH="1996" VPOS="3083" HPOS="135">
<String CONTENT="as" HEIGHT="35" WIDTH="61" VPOS="3101" HPOS="135"/>
<SP HEIGHT="48" WIDTH="21" VPOS="3088" HPOS="197"/>
<String CONTENT="the" HEIGHT="53" WIDTH="95" VPOS="3083" HPOS="219"/>
<SP HEIGHT="50" WIDTH="22" VPOS="3101" HPOS="315"/>
<String CONTENT="graduate" HEIGHT="66" WIDTH="275" VPOS="3085" HPOS="338"/>
<SP HEIGHT="52" WIDTH="24" VPOS="3085" HPOS="614"/>
<String CONTENT="dental" HEIGHT="53" WIDTH="194" VPOS="3085" HPOS="639"/>
<SP HEIGHT="52" WIDTH="22" VPOS="3086" HPOS="834"/>
<String CONTENT="student." HEIGHT="53" WIDTH="244" VPOS="3085" HPOS="857"/>
<SP HEIGHT="51" WIDTH="74" VPOS="3086" HPOS="1102"/>
<String CONTENT="Brooklyn," HEIGHT="67" WIDTH="312" VPOS="3085" HPOS="1177"/>
<SP HEIGHT="66" WIDTH="24" VPOS="3086" HPOS="1490"/>
<String CONTENT="N." HEIGHT="52" WIDTH="69" VPOS="3086" HPOS="1515"/>
<SP HEIGHT="52" WIDTH="27" VPOS="3086" HPOS="1585"/>
<String CONTENT="Y.," HEIGHT="67" WIDTH="91" VPOS="3086" HPOS="1613"/>
<SP HEIGHT="67" WIDTH="24" VPOS="3086" HPOS="1705"/>
<String CONTENT="Dental" HEIGHT="53" WIDTH="210" VPOS="3086" HPOS="1730"/>
<SP HEIGHT="52" WIDTH="26" VPOS="3087" HPOS="1941"/>
<String CONTENT="items" HEIGHT="52" WIDTH="163" VPOS="3087" HPOS="1968"/>
</TextLine>
<TextLine HEIGHT="71" WIDTH="1996" VPOS="3160" HPOS="135" CS="1">
<String CONTENT="of" HEIGHT="53" WIDTH="65" VPOS="3160" HPOS="135"/>
<SP HEIGHT="53" WIDTH="20" VPOS="3160" HPOS="201"/>
<String CONTENT="interest" HEIGHT="53" WIDTH="235" VPOS="3161" HPOS="222"/>
<SP HEIGHT="62" WIDTH="18" VPOS="3167" HPOS="458"/>
<String CONTENT="publishing" HEIGHT="68" WIDTH="336" VPOS="3162" HPOS="477"/>
<SP HEIGHT="50" WIDTH="22" VPOS="3180" HPOS="814"/>
<String LANG="ru" CONTENT="co.," HEIGHT="48" WIDTH="97" VPOS="3181" HPOS="837"/>
<SP HEIGHT="67" WIDTH="23" VPOS="3162" HPOS="935"/>
<String CS="1" CONTENT="inc.;" HEIGHT="53" WIDTH="106" VPOS="3162" HPOS="959"/>
<SP HEIGHT="48" WIDTH="34" VPOS="3182" HPOS="1096"/>
<String CONTENT="[London]" HEIGHT="68" WIDTH="274" VPOS="3162" HPOS="1131"/>
<SP HEIGHT="67" WIDTH="27" VPOS="3163" HPOS="1406"/>
<String CONTENT="H." HEIGHT="53" WIDTH="76" VPOS="3163" HPOS="1434"/>
<SP HEIGHT="53" WIDTH="24" VPOS="3163" HPOS="1511"/>
<String CONTENT="Kimpton&#8217;s" HEIGHT="68" WIDTH="328" VPOS="3163" HPOS="1536"/>
<SP HEIGHT="33" WIDTH="25" VPOS="3183" HPOS="1865"/>
<String CONTENT="medical" HEIGHT="53" WIDTH="240" VPOS="3164" HPOS="1891"/>
</TextLine>
<TextLine HEIGHT="68" WIDTH="733" VPOS="3238" HPOS="137">
<String CONTENT="publishing" HEIGHT="68" WIDTH="332" VPOS="3238" HPOS="137"/>
<SP HEIGHT="66" WIDTH="27" VPOS="3240" HPOS="470"/>
<String CONTENT="house," HEIGHT="66" WIDTH="190" VPOS="3240" HPOS="498"/>
<SP HEIGHT="62" WIDTH="32" VPOS="3244" HPOS="689"/>
<String CONTENT="1936." HEIGHT="50" WIDTH="148" VPOS="3243" HPOS="722"/>
</TextLine>
<TextLine HEIGHT="49" WIDTH="863" VPOS="3311" HPOS="204" STYLEREFS="StyleId-62A9292B-7F51-44AE-9497-C7B9169EF533-">
<String CONTENT="xiv," HEIGHT="46" WIDTH="94" VPOS="3311" HPOS="204"/>
<SP HEIGHT="45" WIDTH="27" VPOS="3312" HPOS="299"/>
<String CONTENT="354" HEIGHT="39" WIDTH="84" VPOS="3312" HPOS="327"/>
<SP HEIGHT="47" WIDTH="25" VPOS="3313" HPOS="412"/>
<String CONTENT="p." HEIGHT="37" WIDTH="41" VPOS="3323" HPOS="438"/>
<SP HEIGHT="40" WIDTH="58" VPOS="3311" HPOS="480"/>
<String CONTENT="illus.," HEIGHT="46" WIDTH="143" VPOS="3311" HPOS="539"/>
<SP HEIGHT="43" WIDTH="27" VPOS="3314" HPOS="683"/>
<String CONTENT="diagrs." HEIGHT="47" WIDTH="177" VPOS="3313" HPOS="711"/>
<SP HEIGHT="39" WIDTH="61" VPOS="3313" HPOS="889"/>
<String CONTENT="25" HEIGHT="40" WIDTH="56" VPOS="3313" HPOS="951"/>
<String STYLE="superscript" CONTENT="cm" HEIGHT="21" WIDTH="43" VPOS="3315" HPOS="1009"/>
<String CONTENT="." HEIGHT="9" WIDTH="9" VPOS="3345" HPOS="1058"/>
</TextLine>
<TextLine HEIGHT="49" WIDTH="684" VPOS="3367" HPOS="205" STYLEREFS="StyleId-62A9292B-7F51-44AE-9497-C7B9169EF533-" CS="1">
<String CS="1" CONTENT="Bibliography;" HEIGHT="49" WIDTH="344" VPOS="3367" HPOS="205"/>
<SP HEIGHT="37" WIDTH="26" VPOS="3379" HPOS="577"/>
<String CONTENT="p." HEIGHT="36" WIDTH="42" VPOS="3380" HPOS="604"/>
<SP HEIGHT="40" WIDTH="27" VPOS="3369" HPOS="647"/>
<String CONTENT="331-333." HEIGHT="41" WIDTH="214" VPOS="3369" HPOS="675"/>
</TextLine>
<TextLine HEIGHT="53" WIDTH="1995" VPOS="3419" HPOS="140" STYLEREFS="StyleId-62A9292B-7F51-44AE-9497-C7B9169EF533-" CS="1">
<String CONTENT="&#169;" HEIGHT="52" WIDTH="52" VPOS="3419" HPOS="140"/>
<SP HEIGHT="52" WIDTH="34" VPOS="3419" HPOS="193"/>
<String CONTENT="Mar." HEIGHT="38" WIDTH="120" VPOS="3425" HPOS="228"/>
<SP HEIGHT="37" WIDTH="34" VPOS="3426" HPOS="349"/>
<String CONTENT="4," HEIGHT="43" WIDTH="40" VPOS="3426" HPOS="384"/>
<SP HEIGHT="43" WIDTH="37" VPOS="3426" HPOS="425"/>
<String CS="1" CONTENT="1936;" HEIGHT="40" WIDTH="112" VPOS="3424" HPOS="463"/>
<SP HEIGHT="39" WIDTH="37" VPOS="3425" HPOS="602"/>
<String CONTENT="2c." HEIGHT="40" WIDTH="68" VPOS="3425" HPOS="640"/>
<SP HEIGHT="38" WIDTH="37" VPOS="3427" HPOS="709"/>
<String CONTENT="Mar." HEIGHT="37" WIDTH="120" VPOS="3427" HPOS="747"/>
<SP HEIGHT="38" WIDTH="37" VPOS="3426" HPOS="868"/>
<String CS="1" CONTENT="10;" HEIGHT="38" WIDTH="54" VPOS="3426" HPOS="906"/>
<SP HEIGHT="29" WIDTH="36" VPOS="3436" HPOS="988"/>
<String CONTENT="aff." HEIGHT="40" WIDTH="81" VPOS="3425" HPOS="1025"/>
<SP HEIGHT="37" WIDTH="38" VPOS="3427" HPOS="1107"/>
<String CONTENT="Mar." HEIGHT="38" WIDTH="120" VPOS="3427" HPOS="1146"/>
<SP HEIGHT="39" WIDTH="36" VPOS="3426" HPOS="1267"/>
<String CONTENT="6;" HEIGHT="44" WIDTH="52" VPOS="3426" HPOS="1304"/>
<SP HEIGHT="44" WIDTH="39" VPOS="3426" HPOS="1357"/>
<!-- cceid 97647C91-6E3A-1014-83DD-942C093A1DD9 --><String CONTENT="A" HEIGHT="38" WIDTH="40" VPOS="3426" HPOS="1397"/>
<SP HEIGHT="40" WIDTH="34" VPOS="3425" HPOS="1438"/>
<String CONTENT="93111;" HEIGHT="47" WIDTH="170" VPOS="3425" HPOS="1473"/>
<SP HEIGHT="45" WIDTH="40" VPOS="3427" HPOS="1644"/>
<String CONTENT="Dental" HEIGHT="39" WIDTH="176" VPOS="3427" HPOS="1685"/>
<SP HEIGHT="38" WIDTH="39" VPOS="3427" HPOS="1862"/>
<String CONTENT="items" HEIGHT="40" WIDTH="143" VPOS="3427" HPOS="1902"/>
<SP HEIGHT="29" WIDTH="36" VPOS="3438" HPOS="2046"/>
<String CONTENT="of" HEIGHT="40" WIDTH="52" VPOS="3427" HPOS="2083"/>
</TextLine>
<TextLine HEIGHT="48" WIDTH="895" VPOS="3480" HPOS="209" STYLEREFS="StyleId-62A9292B-7F51-44AE-9497-C7B9169EF533-">
<String CONTENT="interest" HEIGHT="40" WIDTH="203" VPOS="3480" HPOS="209"/>
<SP HEIGHT="45" WIDTH="28" VPOS="3483" HPOS="413"/>
<String CONTENT="pub." HEIGHT="46" WIDTH="108" VPOS="3482" HPOS="442"/>
<SP HEIGHT="28" WIDTH="30" VPOS="3493" HPOS="551"/>
<String LANG="ru" CONTENT="co.," HEIGHT="35" WIDTH="81" VPOS="3493" HPOS="582"/>
<SP HEIGHT="46" WIDTH="30" VPOS="3482" HPOS="664"/>
<String CONTENT="inc." HEIGHT="39" WIDTH="90" VPOS="3482" HPOS="695"/>
<SP HEIGHT="45" WIDTH="68" VPOS="3483" HPOS="786"/>
<String CONTENT="(36-7469)" HEIGHT="47" WIDTH="249" VPOS="3481" HPOS="855"/>
</TextLine>
<TextLine HEIGHT="63" WIDTH="455" VPOS="3569" HPOS="141" STYLEREFS="StyleId-A1FF212C-FBB6-4338-9A12-87094A0516CC-">
<String CONTENT="Scully," HEIGHT="63" WIDTH="210" VPOS="3569" HPOS="141"/>
<SP HEIGHT="61" WIDTH="28" VPOS="3571" HPOS="352"/>
<String CONTENT="Frank." HEIGHT="51" WIDTH="215" VPOS="3571" HPOS="381"/>
</TextLine>
<TextLine HEIGHT="71" WIDTH="1921" VPOS="3643" HPOS="211">
<String CONTENT="Bedside" HEIGHT="53" WIDTH="242" VPOS="3643" HPOS="211"/>
<SP HEIGHT="33" WIDTH="26" VPOS="3663" HPOS="454"/>
<String CONTENT="manna;" HEIGHT="39" WIDTH="238" VPOS="3662" HPOS="481"/>
<SP HEIGHT="50" WIDTH="31" VPOS="3651" HPOS="720"/>
<String CONTENT="the" HEIGHT="52" WIDTH="94" VPOS="3646" HPOS="752"/>
<SP HEIGHT="47" WIDTH="27" VPOS="3651" HPOS="847"/>
<String CONTENT="third" HEIGHT="53" WIDTH="157" VPOS="3645" HPOS="875"/>
<SP HEIGHT="53" WIDTH="28" VPOS="3645" HPOS="1033"/>
<String CONTENT="fun" HEIGHT="53" WIDTH="106" VPOS="3645" HPOS="1062"/>
<SP HEIGHT="52" WIDTH="27" VPOS="3645" HPOS="1169"/>
<String CONTENT="in" HEIGHT="53" WIDTH="59" VPOS="3645" HPOS="1197"/>
<SP HEIGHT="53" WIDTH="25" VPOS="3645" HPOS="1257"/>
<String CONTENT="bed" HEIGHT="53" WIDTH="105" VPOS="3645" HPOS="1283"/>
<SP HEIGHT="53" WIDTH="26" VPOS="3645" HPOS="1389"/>
<String CONTENT="book," HEIGHT="68" WIDTH="163" VPOS="3645" HPOS="1416"/>
<SP HEIGHT="48" WIDTH="29" VPOS="3665" HPOS="1580"/>
<String CONTENT="edited" HEIGHT="54" WIDTH="193" VPOS="3646" HPOS="1610"/>
<SP HEIGHT="55" WIDTH="23" VPOS="3645" HPOS="1804"/>
<String CONTENT="by" HEIGHT="69" WIDTH="75" VPOS="3645" HPOS="1828"/>
<SP HEIGHT="68" WIDTH="29" VPOS="3646" HPOS="1904"/>
<String CONTENT="Frank" HEIGHT="53" WIDTH="198" VPOS="3644" HPOS="1934"/>
</TextLine>
<TextLine HEIGHT="74" WIDTH="1989" VPOS="3717" HPOS="144">
<String CONTENT="Scully" HEIGHT="72" WIDTH="195" VPOS="3717" HPOS="144"/>
<SP HEIGHT="49" WIDTH="21" VPOS="3740" HPOS="340"/>
<String CONTENT="and" HEIGHT="51" WIDTH="110" VPOS="3723" HPOS="362"/>
<SP HEIGHT="51" WIDTH="24" VPOS="3723" HPOS="473"/>
<String CONTENT="an" HEIGHT="33" WIDTH="70" VPOS="3741" HPOS="498"/>
<SP HEIGHT="33" WIDTH="23" VPOS="3741" HPOS="569"/>
<String CONTENT="all-star" HEIGHT="52" WIDTH="225" VPOS="3723" HPOS="593"/>
<SP HEIGHT="34" WIDTH="20" VPOS="3742" HPOS="819"/>
<String CONTENT="cast" HEIGHT="47" WIDTH="117" VPOS="3729" HPOS="840"/>
<SP HEIGHT="46" WIDTH="25" VPOS="3729" HPOS="958"/>
<String CONTENT="..." HEIGHT="9" WIDTH="57" VPOS="3766" HPOS="984"/>
<SP HEIGHT="53" WIDTH="63" VPOS="3723" HPOS="1042"/>
<String CONTENT="New" HEIGHT="53" WIDTH="138" VPOS="3723" HPOS="1106"/>
<SP HEIGHT="52" WIDTH="25" VPOS="3723" HPOS="1245"/>
<String CONTENT="York," HEIGHT="68" WIDTH="180" VPOS="3723" HPOS="1271"/>
<SP HEIGHT="69" WIDTH="25" VPOS="3722" HPOS="1452"/>
<String CONTENT="Simon" HEIGHT="56" WIDTH="198" VPOS="3722" HPOS="1478"/>
<SP HEIGHT="34" WIDTH="25" VPOS="3742" HPOS="1677"/>
<String CONTENT="and" HEIGHT="52" WIDTH="112" VPOS="3725" HPOS="1703"/>
<SP HEIGHT="55" WIDTH="29" VPOS="3722" HPOS="1816"/>
<String CONTENT="Schuster," HEIGHT="69" WIDTH="287" VPOS="3722" HPOS="1846"/>
</TextLine>
<TextLine HEIGHT="68" WIDTH="301" VPOS="3796" HPOS="141">
<String CONTENT="inc.," HEIGHT="68" WIDTH="124" VPOS="3796" HPOS="141"/>
<SP HEIGHT="61" WIDTH="27" VPOS="3803" HPOS="266"/>
<String CONTENT="1936." HEIGHT="49" WIDTH="148" VPOS="3803" HPOS="294"/>
</TextLine>
<TextLine HEIGHT="53" WIDTH="845" VPOS="3868" HPOS="211" STYLEREFS="StyleId-62A9292B-7F51-44AE-9497-C7B9169EF533-">
<String CONTENT="202," HEIGHT="49" WIDTH="97" VPOS="3868" HPOS="211"/>
<SP HEIGHT="29" WIDTH="34" VPOS="3892" HPOS="309"/>
<String CONTENT="[1]" HEIGHT="48" WIDTH="54" VPOS="3873" HPOS="344"/>
<SP HEIGHT="39" WIDTH="27" VPOS="3882" HPOS="399"/>
<String CONTENT="p." HEIGHT="37" WIDTH="42" VPOS="3882" HPOS="427"/>
<SP HEIGHT="39" WIDTH="59" VPOS="3873" HPOS="470"/>
<String CONTENT="illus.," HEIGHT="41" WIDTH="141" VPOS="3873" HPOS="530"/>
<SP HEIGHT="39" WIDTH="31" VPOS="3875" HPOS="672"/>
<String CONTENT="diagrs." HEIGHT="48" WIDTH="177" VPOS="3873" HPOS="704"/>
<SP HEIGHT="42" WIDTH="57" VPOS="3873" HPOS="882"/>
<String CONTENT="26" HEIGHT="41" WIDTH="59" VPOS="3873" HPOS="940"/>
<String STYLE="superscript" CONTENT="cm" HEIGHT="21" WIDTH="44" VPOS="3876" HPOS="1000"/>
<String CONTENT="." HEIGHT="9" WIDTH="9" VPOS="3905" HPOS="1047"/>
</TextLine>
<TextLine HEIGHT="51" WIDTH="690" VPOS="3925" HPOS="214" STYLEREFS="StyleId-62A9292B-7F51-44AE-9497-C7B9169EF533-" CS="1">
<String CS="1" CONTENT="Bibliography;" HEIGHT="51" WIDTH="343" VPOS="3925" HPOS="214"/>
<SP HEIGHT="36" WIDTH="30" VPOS="3940" HPOS="584"/>
<String CONTENT="p." HEIGHT="36" WIDTH="43" VPOS="3940" HPOS="615"/>
<SP HEIGHT="38" WIDTH="31" VPOS="3930" HPOS="659"/>
<String CONTENT="198-202." HEIGHT="41" WIDTH="213" VPOS="3929" HPOS="691"/>
</TextLine>
<TextLine HEIGHT="59" WIDTH="1989" VPOS="3980" HPOS="145" STYLEREFS="StyleId-62A9292B-7F51-44AE-9497-C7B9169EF533-" CS="1">
<String CONTENT="&#169;" HEIGHT="52" WIDTH="52" VPOS="3980" HPOS="145"/>
<SP HEIGHT="52" WIDTH="27" VPOS="3980" HPOS="198"/>
<String CONTENT="Feb." HEIGHT="40" WIDTH="108" VPOS="3986" HPOS="226"/>
<SP HEIGHT="38" WIDTH="28" VPOS="3988" HPOS="335"/>
<String CONTENT="29." HEIGHT="40" WIDTH="68" VPOS="3988" HPOS="364"/>
<SP HEIGHT="39" WIDTH="29" VPOS="3989" HPOS="433"/>
<String CS="1" CONTENT="1936;" HEIGHT="39" WIDTH="112" VPOS="3988" HPOS="463"/>
<SP HEIGHT="39" WIDTH="30" VPOS="3989" HPOS="603"/>
<String CONTENT="2c." HEIGHT="39" WIDTH="67" VPOS="3989" HPOS="634"/>
<SP HEIGHT="38" WIDTH="30" VPOS="3990" HPOS="702"/>
<String CONTENT="Mar." HEIGHT="39" WIDTH="120" VPOS="3990" HPOS="733"/>
<SP HEIGHT="40" WIDTH="29" VPOS="3989" HPOS="854"/>
<String CS="1" CONTENT="9;" HEIGHT="39" WIDTH="25" VPOS="3989" HPOS="884"/>
<SP HEIGHT="36" WIDTH="28" VPOS="4000" HPOS="937"/>
<String CONTENT="aff." HEIGHT="40" WIDTH="80" VPOS="3989" HPOS="966"/>
<SP HEIGHT="38" WIDTH="32" VPOS="3991" HPOS="1047"/>
<String CONTENT="Mar." HEIGHT="39" WIDTH="120" VPOS="3991" HPOS="1080"/>
<SP HEIGHT="40" WIDTH="30" VPOS="3990" HPOS="1201"/>
<String CS="1" CONTENT="6;" HEIGHT="40" WIDTH="28" VPOS="3990" HPOS="1232"/>
<SP HEIGHT="45" WIDTH="30" VPOS="3991" HPOS="1285"/>
<!-- cceid 97652F6F-6E3A-1014-83DD-942C093A1DD9 --><String CONTENT="A" HEIGHT="38" WIDTH="41" VPOS="3991" HPOS="1316"/>
<SP HEIGHT="40" WIDTH="29" VPOS="3989" HPOS="1358"/>
<String CS="1" CONTENT="92151;" HEIGHT="41" WIDTH="142" VPOS="3989" HPOS="1388"/>
<SP HEIGHT="39" WIDTH="34" VPOS="3992" HPOS="1558"/>
<String CONTENT="F." HEIGHT="40" WIDTH="50" VPOS="3992" HPOS="1593"/>
<SP HEIGHT="39" WIDTH="33" VPOS="3993" HPOS="1644"/>
<String CS="1" CONTENT="Scully," HEIGHT="46" WIDTH="175" VPOS="3993" HPOS="1678"/>
<SP HEIGHT="47" WIDTH="31" VPOS="3992" HPOS="1854"/>
<String CONTENT="Burbank," HEIGHT="47" WIDTH="248" VPOS="3992" HPOS="1886"/>
</TextLine>
<TextLine HEIGHT="43" WIDTH="461" VPOS="4041" HPOS="213" STYLEREFS="StyleId-62A9292B-7F51-44AE-9497-C7B9169EF533-">
<String CONTENT="Calif." HEIGHT="41" WIDTH="142" VPOS="4041" HPOS="213"/>
<SP HEIGHT="39" WIDTH="68" VPOS="4045" HPOS="356"/>
<String CONTENT="(36-7132)" HEIGHT="40" WIDTH="249" VPOS="4044" HPOS="425"/>
</TextLine>
</TextBlock>
</PrintSpace>
</Page>
</Layout>
</alto>