2519 4377
1030 4094 130 48 1299

114 450 288 64 Caldwell,
429 451 211 62 Barry.

184 524 1920 69 Carnival is for lovers, by Barry Caldwell … New York,
112 603 261 68 Godwin,
405 607 149 51 1936.

182 676 84 40 291
299 687 41 38 p.
401 675 144 42 19½cm.

114 730 53 53 ©
201 734 126 47 Sept.
360 734 68 46 15,
463 732 114 41 1936;
636 732 67 39 2c.
740 733 127 46 Sept.
900 732 54 38 21;
1019 730 81 40 aff.
1138 732 127 46 Sept.
1297 731 59 40 26;
1415 732 40 39 A
1487 731 143 42 98673;
1695 730 214 49 Godwin,
1941 732 163 47 pubrs.

195 788 279 50 (36-20247)

113 877 235 65 Calzini,
373 877 283 65 Raffaele,
686 878 168 54 1887-

243 953 1857 70 … La commediante veneziana. Milano, A. Mondadori [ c 1935 ]
180 1026 1191 51 3 p. l. , [3]-387, [1] p. 19½cm. [“Lo scrigno”]
114 1081 1991 53 © Dec. 10, 1935; 1c. July 10, 1936; A-Foreign 32427; Casa éditrice
180 1143 54 39 A.
267 1141 300 40 Mondadori.
639 1140 280 50 (36-20360)

111 1229 374 66 Carpenetto,
512 1228 188 66 Daisy
726 1230 75 63 di,
831 1235 171 49 1903-

242 1306 1858 69 … Il figlio della città, romanzo. Milano, A. Mondadori
115 1389 172 64 [1936]

181 1456 716 50 3 p. l. , [9]-327, [1] p. 19cm.
112 1511 1991 53 © Feb. 22, 1936; 1c. July 14; A-Foreign 32426; Casa éditrice A.
180 1571 301 41 Mondadori.
551 1570 279 49 (36-20359)

109 1660 301 64 Charlton,
435 1660 154 53 John
616 1660 272 62 Edward,
917 1661 171 54 1878-

179 1734 134 54 Just
338 1754 103 34 one
468 1753 154 35 more
649 1741 157 63 story;
866 1734 332 54 six-minute
1225 1734 150 54 talks
1405 1733 94 55 for
1526 1733 137 70 boys
1694 1734 113 53 and
1836 1733 161 70 girls,
2027 1733 73 69 by

108 1810 156 54 John
299 1812 253 53 Edward
585 1811 295 55 Charlton.
947 1812 138 53 New
1120 1811 162 53 York
1336 1817 120 62 [etc.]
1493 1810 267 71 Fleming
1788 1812 78 53 H.
1901 1812 199 52 Revell

115 1907 272 51 company
421 1923 13 33 [
439 1896 16 21 c
463 1892 149 64 1936]

181 1962 84 41 128
290 1972 43 38 p.
394 1963 56 40 19½
482 1965 45 21 cm
530 1994 9 8 .

109 2015 53 53 ©
189 2020 120 47 Aug.
337 2020 70 47 28,
438 2020 113 40 1936;
609 2020 68 40 2c.
707 2020 92 39 and
831 2019 81 42 aff.
946 2021 128 47 Sept.
1105 2020 53 39 11;
1219 2020 41 39 A
1289 2019 145 42 98397;
1494 2019 221 49 Fleming
1744 2021 61 40 H.
1836 2020 168 40 Revell
2035 2030 68 31 co.

187 2077 279 48 (36-20234)

108 2165 182 66 Crew,
317 2168 138 51 Mrs.
485 2166 185 53 Helen
703 2164 233 66 (Coale)
972 2170 171 51 1866-

176 2242 120 53 The
334 2260 272 52 runaway
645 2243 249 67 cousins;
938 2262 31 34 a
1009 2244 114 53 tale
1163 2243 63 54 of
1266 2243 493 69 Czechoslovakia,
1798 2243 75 69 by
1912 2243 187 54 Helen

108 2320 172 56 Coale
319 2320 189 69 Crew;
553 2322 140 53 with
732 2321 380 54 illustrations
1150 2322 76 68 by
1267 2322 286 53 Kathleen
1590 2324 201 52 Voute.
1867 2325 233 61 Boston,

106 2398 194 68 Little,
329 2401 228 66 Brown,
587 2400 112 52 and
731 2418 294 49 company,
1056 2404 150 49 1936.

177 2470 1237 51 6 p. l. , 3-225, [1] p. incl. plates. front. 21cm.
178 2529 288 40 Illustrated
495 2528 362 49 lining-papers.

108 2580 53 53 ©
188 2585 126 48 Sept.
341 2586 69 46 25,
440 2584 140 42 1936:
609 2585 68 41 2c.
706 2586 94 40 and
830 2586 82 40 aff.
945 2586 126 47 Sept.
1099 2587 83 46 26;
1213 2587 40 38 A
1282 2586 171 47 98656;
1485 2587 60 38 H.
1576 2586 49 41 O.
1654 2586 150 49 Crew,
1836 2587 263 49 Evanston,

177 2642 74 40 Ill.
321 2642 279 49 (36-20253)

106 2731 318 65 Cushman,
452 2731 189 64 Ralph
671 2731 341 66 Spaulding,
1078 2751 73 47 bp.,
1181 2733 168 54 1879-

105 2805 1991 150 Practicing the presence; a quest for God [by] Ralph S. Cushman … New York, Cincinnati [etc.] The Abingdon press
128 2964 176 65 [ c 1936]
176 3032 84 41 202
287 3045 42 37 p.
391 3035 144 41 17½cm.

107 3087 53 53 ©
188 3092 124 47 Sept.
338 3093 68 46 14,
431 3093 140 47 1936;
597 3094 67 38 2c.
691 3094 94 38 and
813 3093 80 41 aff.
922 3095 127 46 Sept.
1076 3095 81 46 16;
1186 3095 40 38 A
1251 3094 169 47 97818;
1450 3095 55 39 R.
1535 3095 43 40 S.
1606 3095 260 47 Cushman,
1893 3095 206 41 Denver.

184 3147 278 51 (36-20232)

105 3224 358 65 Davenport,
493 3226 244 53 Charles
763 3225 298 67 Benedict,
1090 3232 171 50 1866-

176 3301 150 53 How
348 3320 81 35 we
452 3321 151 35 came
624 3303 76 67 by
724 3321 102 35 our
848 3303 210 67 bodies,
1081 3304 75 66 by
1182 3302 237 56 Charles
1443 3305 65 51 B.
1534 3304 351 66 Davenport.
1961 3304 134 51 New

111 3378 1125 70 York, H. Holt and company [ c 1936]
173 3450 83 45 xii,
286 3452 84 40 401
400 3463 40 37 p.
502 3453 141 48 illus.,
675 3454 176 45 diagrs.
911 3453 144 40 20½cm.

176 3508 407 49 Bibliographical
613 3511 136 39 notes
777 3512 50 39 at
856 3511 90 40 end
976 3510 51 41 of
1054 3510 116 41 each
1200 3510 212 48 chapter.

109 3559 53 53 ©
191 3565 127 47 Sept.
347 3566 67 46 10,
443 3565 139 47 1936;
612 3566 69 40 2c.
709 3566 96 39 and
833 3565 81 42 aff.
947 3567 126 47 Sept.
1104 3567 81 39 19:
1216 3568 41 38 A
1284 3566 170 48 97935;
1487 3567 168 46 Henry
1684 3566 118 39 Holt
1832 3566 38 40 &
1894 3575 83 37 co.,
2007 3566 90 38 inc.

185 3621 279 49 (36-27424)

106 3695 205 61 David,
337 3697 157 54 Leon
520 3698 277 53 Thomas.

176 3770 319 70 Municipal
542 3773 251 69 liability
841 3774 94 53 for
981 3775 242 53 tortious
1270 3780 119 48 acts
1437 3774 111 52 and
1595 3772 314 68 omissions,
1956 3770 140 54 with

106 3850 314 65 particular
451 3850 286 55 reference
767 3857 59 48 to
857 3853 95 53 the
985 3854 142 52 laws
1152 3852 65 54 of
1246 3853 98 53 the
1374 3858 145 48 state
1551 3851 65 54 of
1649 3850 343 68 California,
2023 3850 77 68 by

106 3926 1992 75 Leon Thomas David … Los Angeles, Calif., The Sterling
106 4022 171 52 press,
305 4010 149 50 1936.
