2519 4377
1101 4124 134 50 1449

149 469 460 63 Kellersberger,
633 469 138 51 Mrs.
799 466 155 54 Julia
981 467 159 52 Lake
1172 465 312 67 (Skinner)
1522 470 129 51 1897-

224 544 196 68 Congo
448 562 237 49 crosses;
716 562 32 34 a
775 543 131 54 study
974 542 63 52 of
1066 542 196 69 Congo
1290 540 390 68 womanhood,
1707 540 72 68 by
1807 539 162 56 Julia
1997 540 154 53 Lake

153 622 441 68 Kellersberger.
670 622 233 55 Boston,
938 621 191 67 Mass.,
1164 621 121 52 The
1323 619 233 55 Central
1594 618 319 55 committee
1948 636 74 35 on
2058 619 94 54 the

154 700 213 55 United
397 700 171 65 study
596 698 64 54 of
688 698 224 68 foreign
940 698 279 67 missions,
1249 700 149 50 1936.

223 773 84 39 222
336 784 41 37 p.
408 774 108 39 incl.
547 772 142 45 illus.,
719 774 169 45 plates,
944 772 164 47 front.,
1138 773 169 46 plates,
1337 780 137 37 maps
1502 770 48 48 (1
1578 770 144 48 fold.)
1759 769 190 42 facsim.
2006 770 56 41 18½
2094 772 43 22 cm
2141 801 8 10 .

225 829 348 48 Bibliography:
634 840 39 37 p.
703 828 216 40 213-214.

150 881 54 54 ©
229 886 106 40 Jan.
366 886 38 49 9,
433 886 140 46 1936;
603 885 68 40 2c.
702 885 126 47 Sept.
856 885 25 40 3;
939 885 82 41 aff.
1053 886 126 46 Sept.
1207 885 25 38 2;
1292 886 40 38 A
1358 883 171 48 97646;
1561 884 196 41 Central
1789 883 279 41 committee
2094 894 58 29 on

223 943 79 40 the
334 942 167 41 united
530 942 146 48 study
705 941 52 41 of
781 940 192 48 foreign
1001 940 241 43 missions.
1312 939 280 51 (36-22376)

151 1048 314 64 Kendrick,
493 1048 277 63 Baynard
797 1048 74 52 H.

277 1119 1798 70 … The eleven of diamonds. New York, Greenberg [ c 1936 1
214 1194 85 40 255
329 1205 41 38 p.
434 1194 54 40 19½
521 1197 44 21 cm
570 1228 8 8 .

151 1250 54 53 ©
233 1254 101 41 Oct.
363 1255 39 47 5,
431 1252 140 49 1936;
600 1254 69 40 2c.
700 1254 101 40 Oct.
830 1255 81 46 17;
943 1253 82 40 aff.
1057 1252 101 42 Oct.
1188 1253 81 48 16;
1300 1254 40 38 A
1367 1251 172 49 98954;
1572 1253 288 48 Greenberg,
1890 1250 265 51 publisher,

224 1311 88 40 inc.
385 1310 280 48 (36-22618)

152 1416 175 61 Kent,
352 1415 245 53 Juanita
622 1415 149 63 Ray.

218 1487 123 56 Our
373 1489 191 69 Negro
596 1488 335 69 neighbors;
966 1509 31 34 a
1032 1489 180 52 world
1247 1487 326 70 friendship
1609 1488 123 53 unit
1767 1487 94 53 for
1893 1487 260 70 primary

151 1564 2002 66 children, by Juanita Ray Kent … Nashville, Tenn., Cokesbury
154 1664 152 49 press
340 1678 13 35 [
359 1652 17 21 c
381 1647 152 65 1936]

221 1718 55 40 79
305 1728 43 38 p.
407 1718 57 40 22½
497 1720 45 22 cm
546 1751 7 7 .

222 1774 223 41 Includes
474 1775 168 41 music.

224 1830 199 41 “Issued
467 1830 61 47 by
571 1830 162 41 Board
780 1831 51 40 of
871 1829 252 42 Christian
1168 1831 258 41 education
1472 1833 94 39 and
1614 1831 159 41 Board
1820 1831 51 41 of
1914 1831 240 47 missions,

156 1886 264 42 Methodist
460 1887 256 48 Episcopal
754 1888 194 46 church,
990 1888 167 48 South,
1197 1888 263 47 Nashville,
1500 1888 284 48 Tennessee,
1825 1888 213 49 through
2079 1888 80 41 the

154 1942 134 41 Joint
315 1944 272 40 committee
612 1955 61 30 on
700 1945 324 47 co-operation
1052 1946 95 39 and
1175 1943 239 42 counsel.”

219 1998 375 50 Bibliography:
633 2011 44 38 p.
715 2000 158 42 77-79.

156 2054 53 54 ©
236 2059 115 47 July
382 2060 68 46 13,
480 2058 140 49 1936;
650 2060 69 40 2c.
746 2059 116 47 July
890 2060 82 47 27;
1002 2060 82 39 aff.
1116 2061 118 46 Aug.
1265 2062 24 37 5;
1349 2062 40 38 A
1417 2060 172 49 96754;
1622 2061 271 41 Whitmore
1921 2062 36 40 &
1989 2061 170 47 Smith,

226 2115 265 40 Nashville.
563 2115 282 49 (36-22481)

155 2219 177 65 King,
363 2220 269 54 Eleanor.

230 2298 127 52 You
394 2297 112 54 and
540 2315 144 49 your
717 2316 238 49 camera,
987 2298 73 67 by
1097 2298 248 52 Eleanor
1377 2297 162 69 King
1575 2300 111 51 and
1720 2299 274 54 Wellmer
158 2300 1978 128 Pessels.
357 2377 136 51 New
525 2375 163 52 York
720 2376 111 52 and
865 2376 257 66 London,
1153 2376 234 67 Harper
1420 2378 45 50 &
1495 2377 279 64 brothers,
1808 2380 150 51 1936.

232 2447 1147 49 2 p. l., 7-63 p. incl. front., illus. 22 × 19 cm .
160 2500 52 53 ©
238 2506 120 46 Aug.
385 2504 70 47 31,
482 2503 141 49 1936;
652 2503 68 42 2c.
751 2505 126 47 Sept.
907 2505 52 41 2:
991 2504 82 41 aff.
1104 2505 127 48 Sept.
1259 2506 53 47 3;
1344 2507 39 38 A
1411 2505 171 49 97656;
1614 2507 193 47 Harper
1833 2507 37 40 &
1898 2506 126 42 bros.

240 2559 280 50 (36-22499)

159 2664 219 65 Knopf,
406 2663 211 65 Sigard
644 2664 325 64 Adolphus,
999 2666 170 54 1857-

231 2739 187 54 Heart
459 2740 215 54 disease
717 2742 113 52 and
873 2740 399 68 tuberculosis;
1319 2741 196 54 efforts
1560 2742 300 68 including
1902 2744 260 52 methods

162 2817 1974 149 of diaphragmatic and costal respiration to lessen their prevalence [by] S. Adolphus Knopf … New York, N. Y., 1936.
236 2972 80 47 vii,
347 2971 86 41 108
462 2981 44 38 p.
565 2970 143 49 illus.,
741 2972 178 47 diagrs.
980 2970 57 41 20½
1068 2973 44 22 cm
1118 3004 8 9 .

239 3028 144 40 “This
414 3028 122 40 book
564 3027 165 41 issued
756 3028 60 48 by
848 3029 80 39 the
958 3028 215 48 patients
1204 3031 50 37 at
1285 3030 138 38 Potts
1454 3029 251 39 memorial
1736 3029 211 48 hospital
1979 3030 77 38 for
2086 3031 79 38 the

168 3085 366 40 rehabilitation
575 3085 52 39 of
665 3086 82 39 the
789 3085 325 41 tuberculous.
1184 3085 95 40 For
1319 3085 101 41 sale
1463 3086 57 48 by
1562 3086 82 40 the
1686 3085 284 49 Livingston
2017 3096 147 39 press,

169 3142 296 48 Livingston,
499 3142 252 41 Columbia
781 3145 191 45 county,
1004 3143 117 39 New
1153 3142 173 41 York.”

239 3198 236 42 “Revised
509 3198 126 41 from
672 3199 354 40 contributions
1062 3199 48 39 in
1147 3200 81 40 the
1264 3200 206 40 Medical
1507 3200 168 40 record
1712 3199 51 40 of
1799 3200 223 47 January
2058 3200 107 47 2nd,

168 3255 1314 49 April 17th and June 19th, 1935.”—Foot-note, p. l.
240 3312 376 42 “References”:
649 3324 44 37 p.
725 3313 158 41 73-74.

167 3366 53 53 ©
249 3372 114 46 May
390 3371 69 48 27,
490 3370 139 46 1936;
663 3371 67 40 2c.
762 3371 115 46 July
907 3370 82 46 27;
1023 3371 81 39 aff.
1137 3372 113 45 May
1281 3371 82 46 29;
1397 3372 40 38 A
1466 3368 172 49 95439;
1675 3370 45 41 S.
1751 3370 54 41 A.
1838 3369 180 48 Knopf,
2050 3370 117 39 New

239 3427 139 38 York.
442 3427 280 48 [Copyright
755 3428 40 37 is
823 3427 205 39 claimed
1059 3437 57 28 on
1153 3426 212 39 revision
1397 3426 95 40 and
1523 3436 106 30 new
1662 3428 193 48 matter]

247 3483 278 48 (36-22333)

168 3589 216 63 Leong,
410 3588 117 54 Gor
552 3588 154 55 Yun.

238 3660 341 56 Chinatown
612 3661 185 54 inside
828 3667 115 63 out,
974 3662 75 69 by
1080 3662 195 68 Leong
1311 3661 119 55 Gor
1466 3662 164 67 Yun;
1667 3661 322 53 illustrated
2026 3660 137 52 with

169 3739 390 69 photographs
582 3739 76 68 by
682 3739 314 69 Creighton
1020 3740 136 52 Peet
1181 3740 111 51 and
1320 3739 206 67 others,
1552 3740 110 52 and
1692 3737 138 55 with
1857 3739 93 52 old
169 3738 1969 146 wood-engravings.
589 3816 139 53 New
755 3816 180 68 York,
961 3818 65 52 B.
1055 3817 228 68 Mussey
1316 3850 12 33 [
1333 3822 18 22 c
1356 3819 151 65 1936]

238 3887 84 41 256
350 3899 42 38 p.
423 3889 108 41 incl.
561 3889 164 49 front.,
758 3889 128 41 illus.
944 3890 172 48 plates.
1176 3888 55 41 23½
1265 3891 43 22 cm
1312 3920 8 8 .

240 3944 126 41 Title
393 3947 48 38 in
468 3944 206 42 Chinese
699 3956 59 30 on
784 3956 140 30 cover
950 3947 94 39 and
1073 3956 59 30 on
1161 3945 251 41 half-title.

173 3998 53 53 ©
253 4003 102 41 Oct.
382 4003 38 42 8.
448 4002 139 41 1936:
617 4003 68 41 2c.
719 4004 126 47 Sept.
874 4003 81 47 24;
988 4003 80 41 aff.
1099 4004 99 39 Oct.
1229 4004 52 41 9;
1314 4006 37 37 A
1379 4003 171 47 99266;
1580 4005 229 37 Barrows
1838 4004 210 45 Mussey,
2078 4003 92 41 inc.

253 4058 278 49 (36-22486)
