<alto xmlns="http://www.loc.gov/standards/alto/ns-v3#" xmlns:xsi="http://www.w3.org/2001/XMLSchema-instance" xsi:schemaLocation="http://www.loc.gov/standards/alto/ns-v3# http://www.loc.gov/alto/v3/alto-3-0.xsd"><Description>
<MeasurementUnit>pixel</MeasurementUnit>
<sourceImageInformation>
<fileName>1936_v33_Part1.pdf</fileName>
</sourceImageInformation>
<OCRProcessing ID="IdOcr">
<ocrProcessingStep>
<processingDateTime>2019-01-18</processingDateTime>
<processingSoftware>
<softwareCreator>ABBYY</softwareCreator>
<softwareName>ABBYY Recognition Server</softwareName>
<softwareVersion>4.0</softwareVersion>
</processingSoftware>
</ocrProcessingStep>
</OCRProcessing>
</Description>
<Styles>
<ParagraphStyle ALIGN="Left" FIRSTLINE="0." ID="StyleId-FFFFFFFF-FFFF-FFFF-FFFF-FFFFFFFFFFFF-" LEFT="0." RIGHT="0." />
<ParagraphStyle ALIGN="Left" FIRSTLINE="0." ID="StyleId-51D50FAC-7A90-4D70-8A96-5EA9D46D1C8B-" LEFT="0." LINESPACE="7.699999809" RIGHT="0." />
<ParagraphStyle ALIGN="Block" FIRSTLINE="-17." ID="StyleId-6BC133E9-7DCB-43C3-8842-A67984A26405-" LEFT="0." LINESPACE="8.340000153" RIGHT="0." />
<ParagraphStyle ALIGN="Left" FIRSTLINE="-13." ID="StyleId-3C3FF860-43E7-46A2-8934-48F305F6F0D6-" LEFT="0." LINESPACE="11.06999969" RIGHT="0." />
<ParagraphStyle ALIGN="Block" FIRSTLINE="-13." ID="StyleId-19220C76-4F8A-4737-B38C-B5F5C17E6040-" LEFT="0." LINESPACE="11.06999969" RIGHT="0." />
<ParagraphStyle ALIGN="Left" FIRSTLINE="0." ID="StyleId-75A0D721-13ED-4F20-9002-B389EC48477D-" LEFT="0." LINESPACE="15.5" RIGHT="0." />
<ParagraphStyle ALIGN="Left" FIRSTLINE="0." ID="StyleId-8A414184-C7A5-4AC7-9B88-7DA4DDE75922-" LEFT="0." LINESPACE="9.399999619" RIGHT="0." />
<ParagraphStyle ALIGN="Left" FIRSTLINE="0." ID="StyleId-1A87970B-111C-4169-99A6-9412976F3C97-" LEFT="0." LINESPACE="10.5" RIGHT="0." />
<ParagraphStyle ALIGN="Block" FIRSTLINE="-17." ID="StyleId-72DB0571-5AE4-41FD-9E11-68C6AC4C437E-" LEFT="0." LINESPACE="8.340000153" RIGHT="0." />
<ParagraphStyle ALIGN="Center" FIRSTLINE="0." ID="StyleId-1AA43056-C388-4697-B10F-72FDAA38FAE1-" LEFT="0." LINESPACE="10.5" RIGHT="0." />
</Styles>
<Layout>
<Page HEIGHT="4377" ID="Page605" PHYSICAL_IMG_NR="605" WIDTH="2519">
<TopMargin HEIGHT="444" HPOS="0" VPOS="0" WIDTH="2519">
</TopMargin>
<LeftMargin HEIGHT="3758" HPOS="0" VPOS="444" WIDTH="76">
</LeftMargin>
<RightMargin HEIGHT="3758" HPOS="2104" VPOS="444" WIDTH="415">
</RightMargin>
<BottomMargin HEIGHT="175" HPOS="0" VPOS="4202" WIDTH="2519">
</BottomMargin>
<PrintSpace HEIGHT="3758" HPOS="76" VPOS="444" WIDTH="2028">
<TextBlock HEIGHT="123" HPOS="1016" ID="Page605_Block1" LANG="en-US" STYLEREFS="StyleId-88BEE410-2D98-4DB3-9567-FAC0D2E7D61E-" VPOS="4079" WIDTH="172">
<TextLine HEIGHT="49" HPOS="1044" VPOS="4099" WIDTH="97">
<String CONTENT="605" HEIGHT="49" HPOS="1044" VPOS="4099" WIDTH="97" />
</TextLine>
</TextBlock>
<TextBlock CS="1" HEIGHT="3649" HPOS="76" ID="Page605_Block2" STYLEREFS="StyleId-FEBC8FE6-5AB8-44BA-8BD5-FBF701753FB0-" VPOS="444" WIDTH="2028">
<TextLine HEIGHT="64" HPOS="89" LANG="de" STYLEREFS="StyleId-1D14B8F7-A41D-4A24-8191-0BE6E57D9A8D-" VPOS="455" WIDTH="861">
<String CONTENT="Potts," HEIGHT="61" HPOS="89" VPOS="458" WIDTH="187" />
<SP HEIGHT="63" HPOS="277" VPOS="456" WIDTH="24" />
<String CONTENT="James" HEIGHT="53" HPOS="302" VPOS="456" WIDTH="203" />
<SP HEIGHT="52" HPOS="506" VPOS="455" WIDTH="22" />
<String CONTENT="Henry," HEIGHT="63" HPOS="529" VPOS="455" WIDTH="222" />
<SP HEIGHT="60" HPOS="752" VPOS="458" WIDTH="27" />
<String CONTENT="1848-" HEIGHT="50" HPOS="780" VPOS="457" WIDTH="170" />
</TextLine>
<TextLine CS="1" HEIGHT="157" HPOS="88" LANG="de" STYLEREFS="StyleId-1D14B8F7-A41D-4A24-8191-0BE6E57D9A8D-" VPOS="522" WIDTH="1968">
<String CONTENT="All" HEIGHT="52" HPOS="158" VPOS="532" WIDTH="98" />
<SP HEIGHT="51" HPOS="257" VPOS="533" WIDTH="34" />
<String CONTENT="things" HEIGHT="66" HPOS="292" LANG="en-US" VPOS="532" WIDTH="193" />
<SP HEIGHT="35" HPOS="486" VPOS="548" WIDTH="33" />
<String CONTENT="new" HEIGHT="34" HPOS="520" VPOS="548" WIDTH="120" />
<SP HEIGHT="61" HPOS="641" VPOS="530" WIDTH="44" />
<String CONTENT="(Rev." HEIGHT="62" HPOS="686" VPOS="529" WIDTH="162" />
<SP HEIGHT="50" HPOS="849" VPOS="532" WIDTH="35" />
<String CONTENT="21:5)" HEIGHT="67" HPOS="885" VPOS="526" WIDTH="171" />
<SP HEIGHT="67" HPOS="1057" VPOS="526" WIDTH="49" />
<String CONTENT="[by]" CS="1" HEIGHT="66" HPOS="1126" VPOS="526" WIDTH="89" />
<SP HEIGHT="66" HPOS="1216" VPOS="526" WIDTH="39" />
<String CONTENT="James" HEIGHT="53" HPOS="1256" VPOS="526" WIDTH="192" />
<SP HEIGHT="53" HPOS="1449" VPOS="524" WIDTH="34" />
<String CONTENT="Henry" HEIGHT="67" HPOS="1484" VPOS="524" WIDTH="201" />
<SP HEIGHT="67" HPOS="1686" VPOS="524" WIDTH="35" />
<String CONTENT="Potts." HEIGHT="53" HPOS="1722" VPOS="524" WIDTH="180" />
<SP HEIGHT="53" HPOS="1903" VPOS="522" WIDTH="74" />
<String CONTENT="Algonac," HEIGHT="157" HPOS="88" VPOS="522" WIDTH="1968" />
<SP HEIGHT="66" HPOS="286" VPOS="610" WIDTH="26" />
<String CONTENT="Mich." HEIGHT="52" HPOS="313" VPOS="608" WIDTH="172" />
<SP HEIGHT="34" HPOS="486" VPOS="640" WIDTH="35" />
<String CONTENT="[c1936]" CS="1" HEIGHT="65" HPOS="595" VPOS="608" WIDTH="118" />
</TextLine>
<TextLine CS="1" HEIGHT="50" HPOS="159" LANG="de" VPOS="690" WIDTH="276">
<String CONTENT="140" HEIGHT="41" HPOS="159" VPOS="692" WIDTH="87" />
<SP HEIGHT="48" HPOS="247" VPOS="692" WIDTH="27" />
<String CONTENT="p." HEIGHT="38" HPOS="275" VPOS="702" WIDTH="44" />
<SP HEIGHT="40" HPOS="320" VPOS="691" WIDTH="57" />
<String CONTENT="19&#189;cm." CS="1" HEIGHT="41" HPOS="378" VPOS="690" WIDTH="57" />
</TextLine>
<TextLine HEIGHT="40" HPOS="158" VPOS="762" WIDTH="455">
<String CONTENT="Prose" HEIGHT="38" HPOS="158" LANG="en-US" VPOS="764" WIDTH="147" />
<SP HEIGHT="30" HPOS="306" VPOS="772" WIDTH="30" />
<String CONTENT="and" HEIGHT="40" HPOS="337" LANG="en-US" VPOS="762" WIDTH="94" />
<SP HEIGHT="39" HPOS="432" VPOS="762" WIDTH="30" />
<String CONTENT="verse." HEIGHT="31" HPOS="463" LANG="fr" VPOS="770" WIDTH="150" />
</TextLine>
<TextLine CS="1" HEIGHT="56" HPOS="89" VPOS="829" WIDTH="1995">
<String CONTENT="&#169;" HEIGHT="52" HPOS="89" LANG="de" VPOS="833" WIDTH="52" />
<SP HEIGHT="52" HPOS="142" VPOS="833" WIDTH="35" />
<String CONTENT="Apr." HEIGHT="48" HPOS="178" LANG="en-US" VPOS="836" WIDTH="111" />
<SP HEIGHT="39" HPOS="290" VPOS="835" WIDTH="38" />
<String CONTENT="6." HEIGHT="40" HPOS="329" LANG="de" VPOS="835" WIDTH="38" />
<SP HEIGHT="40" HPOS="368" VPOS="835" WIDTH="37" />
<String CONTENT="1936;" CS="1" LANG="de" />
<SP HEIGHT="41" HPOS="546" VPOS="834" WIDTH="38" />
<String CONTENT="2c." HEIGHT="39" HPOS="585" LANG="de" VPOS="834" WIDTH="67" />
<SP HEIGHT="28" HPOS="653" VPOS="844" WIDTH="39" />
<String CONTENT="and" HEIGHT="38" HPOS="693" LANG="en-US" VPOS="834" WIDTH="93" />
<SP HEIGHT="38" HPOS="787" VPOS="834" WIDTH="39" />
<String CONTENT="aff." HEIGHT="39" HPOS="827" LANG="de" VPOS="832" WIDTH="80" />
<SP HEIGHT="39" HPOS="908" VPOS="832" WIDTH="37" />
<String CONTENT="Apr." HEIGHT="47" HPOS="946" LANG="en-US" VPOS="832" WIDTH="114" />
<SP HEIGHT="39" HPOS="1061" VPOS="832" WIDTH="37" />
<String CONTENT="15;" HEIGHT="44" HPOS="1099" LANG="de" VPOS="831" WIDTH="80" />
<SP HEIGHT="44" HPOS="1180" VPOS="831" WIDTH="41" />
<String CONTENT="A" HEIGHT="39" HPOS="1222" LANG="en-US" VPOS="831" WIDTH="42" />
<SP HEIGHT="40" HPOS="1265" VPOS="830" WIDTH="34" />
<String CONTENT="93809;" HEIGHT="45" HPOS="1300" LANG="de" VPOS="830" WIDTH="170" />
<SP HEIGHT="44" HPOS="1471" VPOS="831" WIDTH="41" />
<String CONTENT="James" HEIGHT="39" HPOS="1513" LANG="de" VPOS="831" WIDTH="164" />
<SP HEIGHT="40" HPOS="1678" VPOS="830" WIDTH="38" />
<String CONTENT="Riston" HEIGHT="41" HPOS="1717" LANG="en-US" VPOS="829" WIDTH="173" />
<SP HEIGHT="37" HPOS="1891" VPOS="831" WIDTH="39" />
<String CONTENT="Potts," HEIGHT="46" HPOS="1931" LANG="de" VPOS="831" WIDTH="153" />
</TextLine>
<TextLine HEIGHT="51" HPOS="157" LANG="de" VPOS="889" WIDTH="746">
<String CONTENT="Algonac," HEIGHT="46" HPOS="157" VPOS="894" WIDTH="225" />
<SP HEIGHT="45" HPOS="383" VPOS="893" WIDTH="31" />
<String CONTENT="Mich." HEIGHT="39" HPOS="415" VPOS="891" WIDTH="142" />
<SP HEIGHT="46" HPOS="558" VPOS="890" WIDTH="64" />
<String CONTENT="(36-10176)" HEIGHT="47" HPOS="623" VPOS="889" WIDTH="280" />
</TextLine>
<TextLine HEIGHT="66" HPOS="88" LANG="de" STYLEREFS="StyleId-1D14B8F7-A41D-4A24-8191-0BE6E57D9A8D-" VPOS="991" WIDTH="871">
<String CONTENT="Reichenbach," HEIGHT="65" HPOS="88" VPOS="992" WIDTH="425" />
<SP HEIGHT="62" HPOS="514" VPOS="995" WIDTH="25" />
<String CONTENT="Erwin," HEIGHT="65" HPOS="540" VPOS="991" WIDTH="219" />
<SP HEIGHT="58" HPOS="760" VPOS="998" WIDTH="28" />
<String CONTENT="1897-" HEIGHT="53" HPOS="789" VPOS="993" WIDTH="170" />
</TextLine>
<TextLine CS="1" HEIGHT="72" HPOS="158" LANG="de" STYLEREFS="StyleId-1D14B8F7-A41D-4A24-8191-0BE6E57D9A8D-" VPOS="1064" WIDTH="1929">
<String CONTENT="Leitfaden" HEIGHT="53" HPOS="158" VPOS="1070" WIDTH="306" />
<SP HEIGHT="52" HPOS="465" VPOS="1070" WIDTH="27" />
<String CONTENT="der" HEIGHT="52" HPOS="493" VPOS="1070" WIDTH="99" />
<SP HEIGHT="52" HPOS="593" VPOS="1069" WIDTH="24" />
<String CONTENT="kieferbruchbehandlung," CS="1" HEIGHT="68" HPOS="618" VPOS="1068" WIDTH="755" />
<SP HEIGHT="47" HPOS="1374" VPOS="1087" WIDTH="26" />
<String CONTENT="von" HEIGHT="33" HPOS="1401" VPOS="1086" WIDTH="110" />
<SP HEIGHT="52" HPOS="1512" VPOS="1067" WIDTH="28" />
<String CONTENT="dr." HEIGHT="52" HPOS="1541" VPOS="1067" WIDTH="83" />
<SP HEIGHT="34" HPOS="1625" VPOS="1085" WIDTH="27" />
<String CONTENT="med." HEIGHT="53" HPOS="1653" VPOS="1066" WIDTH="145" />
<SP HEIGHT="52" HPOS="1799" VPOS="1067" WIDTH="28" />
<String CONTENT="dr." HEIGHT="52" HPOS="1828" VPOS="1067" WIDTH="83" />
<SP HEIGHT="33" HPOS="1912" VPOS="1085" WIDTH="29" />
<String CONTENT="med." HEIGHT="55" HPOS="1942" VPOS="1064" WIDTH="145" />
</TextLine>
<TextLine CS="1" HEIGHT="68" HPOS="89" STYLEREFS="StyleId-1D14B8F7-A41D-4A24-8191-0BE6E57D9A8D-" VPOS="1145" WIDTH="1997">
<String CONTENT="dent." HEIGHT="52" HPOS="89" LANG="en-US" VPOS="1150" WIDTH="149" />
<SP HEIGHT="51" HPOS="239" VPOS="1149" WIDTH="42" />
<String CONTENT="Erwin" HEIGHT="51" HPOS="282" LANG="de" VPOS="1149" WIDTH="197" />
<SP HEIGHT="51" HPOS="480" VPOS="1149" WIDTH="42" />
<String CONTENT="Reichenbach" HEIGHT="53" HPOS="523" LANG="de" VPOS="1147" WIDTH="393" />
<SP HEIGHT="51" HPOS="917" VPOS="1148" WIDTH="46" />
<String CONTENT="&#8230;" CS="1" LANG="de" />
<SP HEIGHT="52" HPOS="1020" VPOS="1147" WIDTH="81" />
<String CONTENT="Mit" HEIGHT="52" HPOS="1102" LANG="de" VPOS="1146" WIDTH="110" />
<SP HEIGHT="48" HPOS="1213" VPOS="1150" WIDTH="42" />
<String CONTENT="245" HEIGHT="48" HPOS="1256" LANG="de" VPOS="1150" WIDTH="101" />
<SP HEIGHT="47" HPOS="1358" VPOS="1151" WIDTH="41" />
<String CONTENT="abbildungen" HEIGHT="68" HPOS="1400" LANG="de" VPOS="1145" WIDTH="386" />
<SP HEIGHT="52" HPOS="1787" VPOS="1145" WIDTH="39" />
<String CONTENT="im" HEIGHT="52" HPOS="1827" LANG="de" VPOS="1145" WIDTH="79" />
<SP HEIGHT="46" HPOS="1907" VPOS="1151" WIDTH="40" />
<String CONTENT="text." HEIGHT="48" HPOS="1948" LANG="en-US" VPOS="1150" WIDTH="138" />
</TextLine>
<TextLine HEIGHT="72" HPOS="87" LANG="de" STYLEREFS="StyleId-1D14B8F7-A41D-4A24-8191-0BE6E57D9A8D-" VPOS="1224" WIDTH="841">
<String CONTENT="Leipzig," HEIGHT="72" HPOS="87" VPOS="1224" WIDTH="253" />
<SP HEIGHT="66" HPOS="341" VPOS="1227" WIDTH="27" />
<String CONTENT="H." HEIGHT="51" HPOS="369" VPOS="1227" WIDTH="76" />
<SP HEIGHT="51" HPOS="446" VPOS="1227" WIDTH="29" />
<String CONTENT="Meusser," HEIGHT="66" HPOS="476" VPOS="1227" WIDTH="270" />
<SP HEIGHT="63" HPOS="747" VPOS="1230" WIDTH="31" />
<String CONTENT="1935." HEIGHT="49" HPOS="779" VPOS="1229" WIDTH="149" />
</TextLine>
<TextLine CS="1" HEIGHT="51" HPOS="157" LANG="de" STYLEREFS="StyleId-1D14B8F7-A41D-4A24-8191-0BE6E57D9A8D-" VPOS="1300" WIDTH="810">
<String CONTENT="iv" HEIGHT="40" HPOS="157" VPOS="1302" WIDTH="49" />
<SP HEIGHT="38" HPOS="207" VPOS="1313" WIDTH="25" />
<String CONTENT="p.," HEIGHT="38" HPOS="233" LANG="fr" VPOS="1313" WIDTH="59" />
<SP HEIGHT="47" HPOS="293" VPOS="1302" WIDTH="28" />
<String CONTENT="1" HEIGHT="39" HPOS="322" VPOS="1302" WIDTH="24" />
<SP HEIGHT="39" HPOS="347" VPOS="1302" WIDTH="28" />
<String CONTENT="l.," CS="1" />
<SP HEIGHT="47" HPOS="420" VPOS="1301" WIDTH="29" />
<String CONTENT="133" HEIGHT="40" HPOS="450" VPOS="1301" WIDTH="83" />
<SP HEIGHT="47" HPOS="534" VPOS="1301" WIDTH="29" />
<String CONTENT="p." HEIGHT="36" HPOS="564" VPOS="1312" WIDTH="42" />
<SP HEIGHT="40" HPOS="607" VPOS="1300" WIDTH="57" />
<String CONTENT="illus." HEIGHT="41" HPOS="665" VPOS="1300" WIDTH="127" />
<SP HEIGHT="40" HPOS="793" VPOS="1300" WIDTH="56" />
<String CONTENT="24" HEIGHT="39" HPOS="850" VPOS="1300" WIDTH="56" />
<String CONTENT="cm" HEIGHT="21" HPOS="909" STYLE="superscript" VPOS="1302" WIDTH="44" />
<String CONTENT="." HEIGHT="9" HPOS="958" VPOS="1328" WIDTH="9" />
</TextLine>
<TextLine CS="1" HEIGHT="50" HPOS="155" LANG="de" VPOS="1370" WIDTH="738">
<String CONTENT="&#8220;Schrifttum&#8221;:" CS="1" HEIGHT="43" HPOS="155" VPOS="1370" WIDTH="349" />
<SP HEIGHT="37" HPOS="534" VPOS="1382" WIDTH="31" />
<String CONTENT="p." HEIGHT="37" HPOS="566" VPOS="1382" WIDTH="43" />
<SP HEIGHT="30" HPOS="610" VPOS="1390" WIDTH="34" />
<String CONTENT="[122]-131." HEIGHT="50" HPOS="645" VPOS="1370" WIDTH="248" />
</TextLine>
<TextLine CS="1" HEIGHT="52" HPOS="91" LANG="de" VPOS="1440" WIDTH="1997">
<String CONTENT="&#169;" HEIGHT="52" HPOS="91" VPOS="1440" WIDTH="52" />
<SP HEIGHT="52" HPOS="144" VPOS="1440" WIDTH="24" />
<String CONTENT="Sept." HEIGHT="47" HPOS="169" LANG="fr" VPOS="1444" WIDTH="127" />
<SP HEIGHT="39" HPOS="297" VPOS="1444" WIDTH="24" />
<String CONTENT="17," HEIGHT="46" HPOS="322" VPOS="1444" WIDTH="67" />
<SP HEIGHT="47" HPOS="390" VPOS="1443" WIDTH="24" />
<String CONTENT="1935;" CS="1" HEIGHT="40" HPOS="415" VPOS="1442" WIDTH="112" />
<SP />
<String CONTENT="1c." CS="1" />
<SP />
<String CONTENT="Feb." HEIGHT="39" HPOS="675" VPOS="1442" WIDTH="108" />
<SP HEIGHT="39" HPOS="784" VPOS="1442" WIDTH="23" />
<String CONTENT="6," HEIGHT="45" HPOS="808" VPOS="1442" WIDTH="39" />
<SP HEIGHT="45" HPOS="848" VPOS="1442" WIDTH="26" />
<String CONTENT="1936;" CS="1" HEIGHT="41" HPOS="875" VPOS="1440" WIDTH="112" />
<SP HEIGHT="45" HPOS="1015" VPOS="1442" WIDTH="26" />
<String CONTENT="A-" HEIGHT="39" HPOS="1042" VPOS="1442" WIDTH="98" />
<SP HEIGHT="38" HPOS="1141" VPOS="1441" WIDTH="4" />
<String CONTENT="Foreign" HEIGHT="48" HPOS="1146" VPOS="1440" WIDTH="205" />
<SP HEIGHT="39" HPOS="1352" VPOS="1442" WIDTH="22" />
<String CONTENT="30360;" CS="1" HEIGHT="40" HPOS="1375" VPOS="1441" WIDTH="145" />
<SP HEIGHT="45" HPOS="1547" VPOS="1442" WIDTH="28" />
<String CONTENT="Hermann" HEIGHT="39" HPOS="1576" VPOS="1442" WIDTH="251" />
<SP HEIGHT="38" HPOS="1828" VPOS="1442" WIDTH="26" />
<String CONTENT="Meusser." HEIGHT="42" HPOS="1855" VPOS="1442" WIDTH="233" />
</TextLine>
<TextLine HEIGHT="50" HPOS="170" LANG="de" VPOS="1498" WIDTH="278">
<String CONTENT="(36-10798)" HEIGHT="50" HPOS="170" VPOS="1498" WIDTH="278" />
</TextLine>
<TextLine HEIGHT="64" HPOS="91" LANG="de" STYLEREFS="StyleId-1D14B8F7-A41D-4A24-8191-0BE6E57D9A8D-" VPOS="1603" WIDTH="414">
<String CONTENT="Rodell," HEIGHT="64" HPOS="91" VPOS="1603" WIDTH="217" />
<SP HEIGHT="64" HPOS="309" VPOS="1603" WIDTH="26" />
<String CONTENT="Fred." HEIGHT="55" HPOS="336" VPOS="1603" WIDTH="169" />
</TextLine>
<TextLine CS="1" HEIGHT="71" HPOS="158" STYLEREFS="StyleId-1D14B8F7-A41D-4A24-8191-0BE6E57D9A8D-" VPOS="1676" WIDTH="1927">
<String CONTENT="Fifty-five" HEIGHT="70" HPOS="158" LANG="en-US" VPOS="1677" WIDTH="303" />
<SP HEIGHT="35" HPOS="462" VPOS="1696" WIDTH="28" />
<String CONTENT="men," HEIGHT="48" HPOS="491" LANG="en-US" VPOS="1696" WIDTH="146" />
<SP HEIGHT="67" HPOS="638" VPOS="1677" WIDTH="29" />
<String CONTENT="by" HEIGHT="70" HPOS="668" LANG="en-US" VPOS="1677" WIDTH="75" />
<SP HEIGHT="69" HPOS="744" VPOS="1678" WIDTH="29" />
<String CONTENT="Fred" HEIGHT="53" HPOS="774" LANG="de" VPOS="1677" WIDTH="151" />
<SP HEIGHT="53" HPOS="926" VPOS="1677" WIDTH="31" />
<String CONTENT="Rodell" HEIGHT="52" HPOS="958" LANG="de" VPOS="1677" WIDTH="203" />
<SP HEIGHT="52" HPOS="1162" VPOS="1677" WIDTH="36" />
<String CONTENT="&#8230;" CS="1" LANG="de" />
<SP HEIGHT="53" HPOS="1256" VPOS="1676" WIDTH="69" />
<String CONTENT="New" HEIGHT="53" HPOS="1326" LANG="de" VPOS="1676" WIDTH="139" />
<SP HEIGHT="53" HPOS="1466" VPOS="1676" WIDTH="29" />
<String CONTENT="York," HEIGHT="68" HPOS="1496" LANG="de" VPOS="1676" WIDTH="180" />
<SP HEIGHT="67" HPOS="1677" VPOS="1677" WIDTH="28" />
<String CONTENT="Harrisburg," HEIGHT="70" HPOS="1706" LANG="de" VPOS="1677" WIDTH="379" />
</TextLine>
<TextLine CS="1" HEIGHT="69" HPOS="88" LANG="de" STYLEREFS="StyleId-1D14B8F7-A41D-4A24-8191-0BE6E57D9A8D-" VPOS="1756" WIDTH="882">
<String CONTENT="The" HEIGHT="53" HPOS="88" VPOS="1756" WIDTH="120" />
<SP HEIGHT="52" HPOS="209" VPOS="1757" WIDTH="27" />
<String CONTENT="Telegraph" HEIGHT="69" HPOS="237" VPOS="1756" WIDTH="322" />
<SP HEIGHT="68" HPOS="560" VPOS="1756" WIDTH="25" />
<String CONTENT="press" HEIGHT="51" HPOS="586" VPOS="1773" WIDTH="156" />
<SP HEIGHT="49" HPOS="743" VPOS="1774" WIDTH="33" />
<String CONTENT="[c1936]" CS="1" HEIGHT="65" HPOS="850" VPOS="1757" WIDTH="120" />
</TextLine>
<TextLine HEIGHT="51" HPOS="160" LANG="de" VPOS="1828" WIDTH="333">
<String CONTENT="277" HEIGHT="42" HPOS="160" VPOS="1828" WIDTH="86" />
<SP HEIGHT="48" HPOS="247" VPOS="1831" WIDTH="24" />
<String CONTENT="p." HEIGHT="39" HPOS="272" VPOS="1840" WIDTH="46" />
<SP HEIGHT="41" HPOS="319" VPOS="1830" WIDTH="56" />
<String CONTENT="21" HEIGHT="40" HPOS="376" VPOS="1829" WIDTH="56" />
<String CONTENT="cm" HEIGHT="22" HPOS="435" STYLE="superscript" VPOS="1831" WIDTH="46" />
<String CONTENT="." HEIGHT="9" HPOS="484" VPOS="1862" WIDTH="9" />
</TextLine>
<TextLine HEIGHT="50" HPOS="160" LANG="en-US" VPOS="1898" WIDTH="1924">
<String CONTENT="&#8220;The" HEIGHT="41" HPOS="160" VPOS="1901" WIDTH="127" />
<SP HEIGHT="29" HPOS="288" VPOS="1913" WIDTH="34" />
<String CONTENT="story" HEIGHT="44" HPOS="323" VPOS="1903" WIDTH="133" />
<SP HEIGHT="36" HPOS="457" VPOS="1911" WIDTH="31" />
<String CONTENT="of" HEIGHT="41" HPOS="489" VPOS="1900" WIDTH="52" />
<SP HEIGHT="41" HPOS="542" VPOS="1900" WIDTH="30" />
<String CONTENT="the" HEIGHT="40" HPOS="573" VPOS="1901" WIDTH="82" />
<SP HEIGHT="42" HPOS="656" VPOS="1899" WIDTH="33" />
<String CONTENT="Constitutional" HEIGHT="41" HPOS="690" VPOS="1899" WIDTH="385" />
<SP HEIGHT="41" HPOS="1076" VPOS="1899" WIDTH="32" />
<String CONTENT="convention" HEIGHT="42" HPOS="1109" VPOS="1898" WIDTH="286" />
<SP HEIGHT="30" HPOS="1396" VPOS="1909" WIDTH="35" />
<String CONTENT="as" HEIGHT="30" HPOS="1432" VPOS="1909" WIDTH="55" />
<SP HEIGHT="39" HPOS="1488" VPOS="1901" WIDTH="36" />
<String CONTENT="told" HEIGHT="41" HPOS="1525" VPOS="1899" WIDTH="101" />
<SP HEIGHT="40" HPOS="1627" VPOS="1899" WIDTH="36" />
<String CONTENT="in" HEIGHT="40" HPOS="1664" VPOS="1899" WIDTH="48" />
<SP HEIGHT="39" HPOS="1713" VPOS="1901" WIDTH="36" />
<String CONTENT="these" HEIGHT="41" HPOS="1750" VPOS="1900" WIDTH="136" />
<SP HEIGHT="37" HPOS="1887" VPOS="1910" WIDTH="37" />
<String CONTENT="pages," HEIGHT="41" HPOS="1925" VPOS="1907" WIDTH="159" />
</TextLine>
<TextLine HEIGHT="50" HPOS="89" LANG="en-US" VPOS="1955" WIDTH="1998">
<String CONTENT="comes" HEIGHT="31" HPOS="89" VPOS="1968" WIDTH="156" />
<SP HEIGHT="29" HPOS="246" VPOS="1970" WIDTH="31" />
<String CONTENT="straight" HEIGHT="48" HPOS="278" VPOS="1957" WIDTH="211" />
<SP HEIGHT="40" HPOS="490" VPOS="1958" WIDTH="31" />
<String CONTENT="from" HEIGHT="40" HPOS="522" VPOS="1958" WIDTH="127" />
<SP HEIGHT="38" HPOS="650" VPOS="1960" WIDTH="32" />
<String CONTENT="the" HEIGHT="40" HPOS="683" VPOS="1958" WIDTH="83" />
<SP HEIGHT="40" HPOS="767" VPOS="1958" WIDTH="32" />
<String CONTENT="day-to-day" HEIGHT="47" HPOS="800" VPOS="1958" WIDTH="279" />
<SP HEIGHT="38" HPOS="1080" VPOS="1967" WIDTH="31" />
<String CONTENT="notes" HEIGHT="40" HPOS="1112" VPOS="1957" WIDTH="137" />
<SP HEIGHT="42" HPOS="1250" VPOS="1955" WIDTH="34" />
<String CONTENT="James" HEIGHT="41" HPOS="1285" VPOS="1955" WIDTH="165" />
<SP HEIGHT="40" HPOS="1451" VPOS="1956" WIDTH="32" />
<String CONTENT="Madison" HEIGHT="40" HPOS="1484" VPOS="1956" WIDTH="224" />
<SP HEIGHT="38" HPOS="1709" VPOS="1959" WIDTH="31" />
<String CONTENT="took" HEIGHT="40" HPOS="1741" VPOS="1957" WIDTH="114" />
<SP HEIGHT="40" HPOS="1856" VPOS="1957" WIDTH="35" />
<String CONTENT="at" HEIGHT="38" HPOS="1892" VPOS="1960" WIDTH="52" />
<SP HEIGHT="38" HPOS="1945" VPOS="1960" WIDTH="31" />
<String CONTENT="that" HEIGHT="40" HPOS="1977" VPOS="1958" WIDTH="110" />
</TextLine>
<TextLine HEIGHT="43" HPOS="88" LANG="en-US" VPOS="2014" WIDTH="664">
<String CONTENT="convention.&#8221;&#8212;Foreword." HEIGHT="43" HPOS="88" VPOS="2014" WIDTH="664" />
</TextLine>
<TextLine HEIGHT="49" HPOS="162" LANG="en-US" VPOS="2070" WIDTH="740">
<String CONTENT="&#8220;First" HEIGHT="40" HPOS="162" VPOS="2074" WIDTH="161" />
<SP HEIGHT="39" HPOS="324" VPOS="2075" WIDTH="24" />
<String CONTENT="edition;" HEIGHT="47" HPOS="349" VPOS="2072" WIDTH="209" />
<SP HEIGHT="47" HPOS="559" VPOS="2072" WIDTH="29" />
<String CONTENT="May," HEIGHT="47" HPOS="589" VPOS="2072" WIDTH="129" />
<SP HEIGHT="47" HPOS="719" VPOS="2072" WIDTH="24" />
<String CONTENT="1936.&#8221;" HEIGHT="41" HPOS="744" VPOS="2070" WIDTH="158" />
</TextLine>
<TextLine CS="1" HEIGHT="53" HPOS="93" LANG="en-US" VPOS="2143" WIDTH="1800">
<String CONTENT="&#169;" HEIGHT="53" HPOS="93" VPOS="2143" WIDTH="53" />
<SP HEIGHT="53" HPOS="147" VPOS="2143" WIDTH="24" />
<String CONTENT="May" HEIGHT="46" HPOS="172" VPOS="2148" WIDTH="113" />
<SP HEIGHT="47" HPOS="286" VPOS="2147" WIDTH="25" />
<String CONTENT="13," HEIGHT="45" HPOS="312" VPOS="2147" WIDTH="69" />
<SP HEIGHT="46" HPOS="382" VPOS="2146" WIDTH="29" />
<String CONTENT="1936;" CS="1" HEIGHT="40" HPOS="412" VPOS="2145" WIDTH="115" />
<SP HEIGHT="47" HPOS="552" VPOS="2145" WIDTH="29" />
<String CONTENT="2c." HEIGHT="39" HPOS="582" VPOS="2145" WIDTH="67" />
<SP HEIGHT="29" HPOS="650" VPOS="2155" WIDTH="29" />
<String CONTENT="and" HEIGHT="39" HPOS="680" VPOS="2145" WIDTH="95" />
<SP HEIGHT="39" HPOS="776" VPOS="2145" WIDTH="28" />
<String CONTENT="aff." HEIGHT="40" HPOS="805" VPOS="2143" WIDTH="81" />
<SP HEIGHT="38" HPOS="887" VPOS="2145" WIDTH="29" />
<String CONTENT="May" HEIGHT="46" HPOS="917" VPOS="2145" WIDTH="112" />
<SP HEIGHT="48" HPOS="1030" VPOS="2143" WIDTH="28" />
<String CONTENT="15;" CS="1" HEIGHT="39" HPOS="1059" VPOS="2143" WIDTH="57" />
<SP HEIGHT="46" HPOS="1141" VPOS="2143" WIDTH="30" />
<String CONTENT="A" HEIGHT="38" HPOS="1172" VPOS="2143" WIDTH="43" />
<SP HEIGHT="39" HPOS="1216" VPOS="2143" WIDTH="24" />
<String CONTENT="95197;" CS="1" HEIGHT="39" HPOS="1241" VPOS="2143" WIDTH="144" />
<SP HEIGHT="45" HPOS="1412" VPOS="2143" WIDTH="31" />
<String CONTENT="Telegraph" HEIGHT="48" HPOS="1444" VPOS="2143" WIDTH="269" />
<SP HEIGHT="48" HPOS="1714" VPOS="2144" WIDTH="30" />
<String CONTENT="press." HEIGHT="37" HPOS="1745" VPOS="2155" WIDTH="148" />
</TextLine>
<TextLine CS="1" HEIGHT="49" HPOS="172" LANG="en-US" VPOS="2203" WIDTH="279">
<String CONTENT="(36-10336)" HEIGHT="49" HPOS="172" VPOS="2203" WIDTH="279" />
<SP />
</TextLine>
<TextLine HEIGHT="67" HPOS="93" STYLEREFS="StyleId-E4420E39-9F3C-4A6C-861F-D39FBEBCBCD1-" VPOS="2306" WIDTH="574">
<String CONTENT="Rouen" HEIGHT="52" HPOS="93" LANG="en-US" VPOS="2308" WIDTH="201" />
<SP HEIGHT="65" HPOS="295" VPOS="2308" WIDTH="31" />
<String CONTENT="(" HEIGHT="65" HPOS="327" LANG="en-US" VPOS="2308" WIDTH="19" />
<String CONTENT="Bailliage" HEIGHT="66" HPOS="353" LANG="fr" VPOS="2306" WIDTH="286" />
<String CONTENT=")" HEIGHT="64" HPOS="648" LANG="en-US" VPOS="2307" WIDTH="19" />
</TextLine>
<TextLine HEIGHT="70" HPOS="161" LANG="en-US" STYLEREFS="StyleId-1D14B8F7-A41D-4A24-8191-0BE6E57D9A8D-" VPOS="2380" WIDTH="1927">
<String CONTENT="The" HEIGHT="53" HPOS="161" VPOS="2384" WIDTH="120" />
<SP HEIGHT="34" HPOS="282" VPOS="2402" WIDTH="23" />
<String CONTENT="royal" HEIGHT="67" HPOS="306" VPOS="2383" WIDTH="160" />
<SP HEIGHT="51" HPOS="467" VPOS="2383" WIDTH="25" />
<String CONTENT="domain" HEIGHT="53" HPOS="493" VPOS="2383" WIDTH="230" />
<SP HEIGHT="52" HPOS="724" VPOS="2383" WIDTH="23" />
<String CONTENT="in" HEIGHT="52" HPOS="748" VPOS="2383" WIDTH="61" />
<SP HEIGHT="46" HPOS="810" VPOS="2388" WIDTH="22" />
<String CONTENT="the" HEIGHT="53" HPOS="833" VPOS="2381" WIDTH="96" />
<SP HEIGHT="53" HPOS="930" VPOS="2381" WIDTH="22" />
<String CONTENT="bailliage" HEIGHT="69" HPOS="953" LANG="fr" VPOS="2380" WIDTH="270" />
<SP HEIGHT="35" HPOS="1224" VPOS="2399" WIDTH="20" />
<String CONTENT="of" HEIGHT="54" HPOS="1245" VPOS="2380" WIDTH="64" />
<SP HEIGHT="53" HPOS="1310" VPOS="2380" WIDTH="21" />
<String CONTENT="Rouen," HEIGHT="67" HPOS="1332" VPOS="2381" WIDTH="215" />
<SP HEIGHT="67" HPOS="1548" VPOS="2381" WIDTH="24" />
<String CONTENT="by" HEIGHT="67" HPOS="1573" VPOS="2381" WIDTH="75" />
<SP HEIGHT="66" HPOS="1649" VPOS="2382" WIDTH="24" />
<String CONTENT="Joseph" HEIGHT="68" HPOS="1674" VPOS="2381" WIDTH="217" />
<SP HEIGHT="53" HPOS="1892" VPOS="2381" WIDTH="25" />
<String CONTENT="Reese" HEIGHT="52" HPOS="1918" VPOS="2383" WIDTH="170" />
</TextLine>
<TextLine CS="1" HEIGHT="72" HPOS="95" LANG="en-US" STYLEREFS="StyleId-1D14B8F7-A41D-4A24-8191-0BE6E57D9A8D-" VPOS="2458" WIDTH="1797">
<String CONTENT="Strayer" HEIGHT="68" HPOS="95" VPOS="2462" WIDTH="234" />
<SP HEIGHT="33" HPOS="330" VPOS="2481" WIDTH="35" />
<String CONTENT="&#8230;" CS="1" />
<SP HEIGHT="51" HPOS="421" VPOS="2461" WIDTH="71" />
<String CONTENT="Princeton," HEIGHT="68" HPOS="493" VPOS="2459" WIDTH="325" />
<SP HEIGHT="66" HPOS="819" VPOS="2461" WIDTH="30" />
<String CONTENT="Princeton" HEIGHT="55" HPOS="850" VPOS="2458" WIDTH="306" />
<SP HEIGHT="34" HPOS="1157" VPOS="2477" WIDTH="29" />
<String CONTENT="university" HEIGHT="69" HPOS="1187" VPOS="2458" WIDTH="317" />
<SP HEIGHT="49" HPOS="1505" VPOS="2478" WIDTH="28" />
<String CONTENT="press," HEIGHT="49" HPOS="1534" VPOS="2478" WIDTH="175" />
<SP HEIGHT="63" HPOS="1710" VPOS="2464" WIDTH="31" />
<String CONTENT="1936." HEIGHT="50" HPOS="1742" VPOS="2463" WIDTH="150" />
</TextLine>
<TextLine CS="1" HEIGHT="50" HPOS="164" LANG="en-US" VPOS="2534" WIDTH="459">
<String CONTENT="5" HEIGHT="39" HPOS="164" VPOS="2537" WIDTH="28" />
<SP />
<String CONTENT="p." HEIGHT="37" HPOS="216" LANG="fr" VPOS="2547" WIDTH="43" />
<SP HEIGHT="39" HPOS="260" VPOS="2537" WIDTH="26" />
<String CONTENT="l.," CS="1" />
<SP HEIGHT="49" HPOS="333" VPOS="2535" WIDTH="23" />
<String CONTENT="275" HEIGHT="40" HPOS="357" VPOS="2535" WIDTH="85" />
<SP HEIGHT="47" HPOS="443" VPOS="2536" WIDTH="24" />
<String CONTENT="p." HEIGHT="37" HPOS="468" VPOS="2546" WIDTH="42" />
<SP HEIGHT="40" HPOS="511" VPOS="2534" WIDTH="56" />
<String CONTENT="23&#189;cm." CS="1" HEIGHT="40" HPOS="568" VPOS="2534" WIDTH="55" />
</TextLine>
<TextLine HEIGHT="50" HPOS="164" LANG="en-US" VPOS="2603" WIDTH="1928">
<String CONTENT="A" HEIGHT="39" HPOS="164" VPOS="2605" WIDTH="42" />
<SP HEIGHT="39" HPOS="207" VPOS="2605" WIDTH="24" />
<String CONTENT="transcription," HEIGHT="48" HPOS="232" VPOS="2603" WIDTH="362" />
<SP HEIGHT="34" HPOS="595" VPOS="2615" WIDTH="29" />
<String CONTENT="with" HEIGHT="40" HPOS="625" VPOS="2603" WIDTH="121" />
<SP HEIGHT="39" HPOS="747" VPOS="2604" WIDTH="25" />
<String CONTENT="annotations," HEIGHT="47" HPOS="773" VPOS="2603" WIDTH="326" />
<SP HEIGHT="36" HPOS="1100" VPOS="2614" WIDTH="25" />
<String CONTENT="of" HEIGHT="40" HPOS="1126" VPOS="2603" WIDTH="52" />
<SP HEIGHT="40" HPOS="1179" VPOS="2603" WIDTH="25" />
<String CONTENT="a" HEIGHT="30" HPOS="1205" VPOS="2613" WIDTH="30" />
<SP HEIGHT="38" HPOS="1236" VPOS="2605" WIDTH="24" />
<String CONTENT="thirteenth" HEIGHT="40" HPOS="1261" VPOS="2603" WIDTH="270" />
<SP HEIGHT="40" HPOS="1532" VPOS="2604" WIDTH="26" />
<String CONTENT="century" HEIGHT="46" HPOS="1559" VPOS="2605" WIDTH="203" />
<SP HEIGHT="36" HPOS="1763" VPOS="2615" WIDTH="25" />
<String CONTENT="manuscript" HEIGHT="47" HPOS="1789" VPOS="2606" WIDTH="303" />
</TextLine>
<TextLine CS="1" HEIGHT="104" HPOS="94" VPOS="2659" WIDTH="1982">
<String CONTENT="now" HEIGHT="31" HPOS="94" LANG="en-US" VPOS="2672" WIDTH="106" />
<SP HEIGHT="39" HPOS="201" VPOS="2661" WIDTH="27" />
<String CONTENT="in" HEIGHT="39" HPOS="229" LANG="en-US" VPOS="2661" WIDTH="49" />
<SP HEIGHT="37" HPOS="279" VPOS="2663" WIDTH="30" />
<String CONTENT="the" HEIGHT="39" HPOS="310" LANG="en-US" VPOS="2661" WIDTH="81" />
<SP HEIGHT="39" HPOS="392" VPOS="2661" WIDTH="29" />
<String CONTENT="Biblioth&#232;que" HEIGHT="47" HPOS="422" LANG="fr" VPOS="2660" WIDTH="338" />
<SP HEIGHT="29" HPOS="761" VPOS="2670" WIDTH="27" />
<String CONTENT="municipale" HEIGHT="48" HPOS="789" LANG="fr" VPOS="2659" WIDTH="291" />
<SP HEIGHT="30" HPOS="1081" VPOS="2670" WIDTH="28" />
<String CONTENT="of" HEIGHT="40" HPOS="1110" LANG="en-US" VPOS="2660" WIDTH="52" />
<SP HEIGHT="39" HPOS="1163" VPOS="2660" WIDTH="28" />
<String CONTENT="Rouen" HEIGHT="39" HPOS="1192" LANG="en-US" VPOS="2660" WIDTH="168" />
<SP HEIGHT="47" HPOS="1361" VPOS="2660" WIDTH="41" />
<String CONTENT="(ms." HEIGHT="47" HPOS="1403" LANG="en-US" VPOS="2660" WIDTH="109" />
<SP HEIGHT="39" HPOS="1513" VPOS="2660" WIDTH="29" />
<String CONTENT="2685," HEIGHT="45" HPOS="1543" LANG="en-US" VPOS="2660" WIDTH="129" />
<SP HEIGHT="44" HPOS="1673" VPOS="2661" WIDTH="28" />
<String CONTENT="formerly" HEIGHT="49" HPOS="1702" LANG="en-US" VPOS="2661" WIDTH="236" />
<SP HEIGHT="46" HPOS="1939" VPOS="2664" WIDTH="28" />
<String CONTENT="Martainville" HEIGHT="95" HPOS="96" LANG="en-US" VPOS="2664" WIDTH="1980" />
<SP HEIGHT="39" HPOS="317" VPOS="2718" WIDTH="28" />
<String CONTENT="Y" HEIGHT="38" HPOS="346" LANG="fr" VPOS="2718" WIDTH="40" />
<SP HEIGHT="39" HPOS="387" VPOS="2717" WIDTH="29" />
<String CONTENT="94)" HEIGHT="47" HPOS="417" LANG="en-US" VPOS="2716" WIDTH="79" />
</TextLine>
<TextLine HEIGHT="49" HPOS="561" LANG="en-US" VPOS="2716" WIDTH="1530">
<String CONTENT="It" HEIGHT="39" HPOS="561" VPOS="2718" WIDTH="45" />
<SP HEIGHT="41" HPOS="607" VPOS="2716" WIDTH="28" />
<String CONTENT="is" HEIGHT="40" HPOS="636" VPOS="2716" WIDTH="43" />
<SP HEIGHT="38" HPOS="680" VPOS="2718" WIDTH="29" />
<String CONTENT="described" HEIGHT="40" HPOS="710" VPOS="2716" WIDTH="248" />
<SP HEIGHT="39" HPOS="959" VPOS="2717" WIDTH="29" />
<String CONTENT="in" HEIGHT="38" HPOS="989" VPOS="2717" WIDTH="49" />
<SP HEIGHT="37" HPOS="1039" VPOS="2719" WIDTH="31" />
<String CONTENT="the" HEIGHT="38" HPOS="1071" VPOS="2718" WIDTH="81" />
<SP HEIGHT="29" HPOS="1153" VPOS="2727" WIDTH="27" />
<String CONTENT="official" HEIGHT="39" HPOS="1181" VPOS="2717" WIDTH="174" />
<SP HEIGHT="40" HPOS="1356" VPOS="2717" WIDTH="32" />
<String CONTENT="catalogue" HEIGHT="47" HPOS="1389" VPOS="2718" WIDTH="252" />
<SP HEIGHT="30" HPOS="1642" VPOS="2728" WIDTH="32" />
<String CONTENT="as" HEIGHT="29" HPOS="1675" VPOS="2729" WIDTH="54" />
<SP HEIGHT="29" HPOS="1730" VPOS="2729" WIDTH="29" />
<String CONTENT="an" HEIGHT="29" HPOS="1760" VPOS="2729" WIDTH="62" />
<SP HEIGHT="38" HPOS="1823" VPOS="2719" WIDTH="33" />
<String CONTENT="&#8220;&#201;tat" HEIGHT="40" HPOS="1857" LANG="fr" VPOS="2719" WIDTH="141" />
<SP HEIGHT="39" HPOS="1999" VPOS="2721" WIDTH="28" />
<String CONTENT="du" HEIGHT="39" HPOS="2028" LANG="fr" VPOS="2721" WIDTH="63" />
</TextLine>
<TextLine HEIGHT="53" HPOS="95" LANG="fr" VPOS="2772" WIDTH="1996">
<String CONTENT="domaine" HEIGHT="41" HPOS="95" VPOS="2774" WIDTH="222" />
<SP HEIGHT="30" HPOS="318" VPOS="2783" WIDTH="22" />
<String CONTENT="royal" HEIGHT="45" HPOS="341" LANG="en-US" VPOS="2775" WIDTH="136" />
<SP HEIGHT="38" HPOS="478" VPOS="2775" WIDTH="26" />
<String CONTENT="dans" HEIGHT="39" HPOS="505" VPOS="2775" WIDTH="121" />
<SP HEIGHT="39" HPOS="627" VPOS="2775" WIDTH="23" />
<String CONTENT="les" HEIGHT="38" HPOS="651" VPOS="2775" WIDTH="70" />
<SP HEIGHT="29" HPOS="722" VPOS="2784" WIDTH="23" />
<String CONTENT="vicomt&#233;s" HEIGHT="41" HPOS="746" VPOS="2772" WIDTH="229" />
<SP HEIGHT="38" HPOS="976" VPOS="2776" WIDTH="23" />
<String CONTENT="de" HEIGHT="38" HPOS="1000" VPOS="2776" WIDTH="57" />
<SP HEIGHT="39" HPOS="1058" VPOS="2774" WIDTH="24" />
<String CONTENT="Rouen," HEIGHT="46" HPOS="1083" VPOS="2774" WIDTH="180" />
<SP HEIGHT="45" HPOS="1264" VPOS="2775" WIDTH="25" />
<String CONTENT="du" HEIGHT="39" HPOS="1290" VPOS="2775" WIDTH="65" />
<SP HEIGHT="38" HPOS="1356" VPOS="2775" WIDTH="23" />
<String CONTENT="Pont-Audemer," HEIGHT="48" HPOS="1380" VPOS="2775" WIDTH="399" />
<SP HEIGHT="46" HPOS="1780" VPOS="2777" WIDTH="22" />
<String CONTENT="de" HEIGHT="40" HPOS="1803" VPOS="2777" WIDTH="60" />
<SP HEIGHT="40" HPOS="1864" VPOS="2777" WIDTH="18" />
<String CONTENT="Bernay," HEIGHT="48" HPOS="1883" VPOS="2777" WIDTH="208" />
</TextLine>
<TextLine CS="1" HEIGHT="100" HPOS="95" VPOS="2829" WIDTH="1979">
<String CONTENT="du" HEIGHT="38" HPOS="95" LANG="fr" VPOS="2832" WIDTH="65" />
<SP HEIGHT="38" HPOS="161" VPOS="2841" WIDTH="26" />
<String CONTENT="pays" HEIGHT="38" HPOS="188" LANG="fr" VPOS="2841" WIDTH="119" />
<SP HEIGHT="39" HPOS="308" VPOS="2831" WIDTH="28" />
<String CONTENT="d&#8217;Auge," HEIGHT="48" HPOS="337" LANG="fr" VPOS="2830" WIDTH="193" />
<SP HEIGHT="35" HPOS="531" VPOS="2841" WIDTH="27" />
<String CONTENT="et" HEIGHT="38" HPOS="559" LANG="fr" VPOS="2832" WIDTH="47" />
<SP HEIGHT="38" HPOS="607" VPOS="2831" WIDTH="28" />
<String CONTENT="du" HEIGHT="38" HPOS="636" LANG="fr" VPOS="2831" WIDTH="64" />
<SP HEIGHT="38" HPOS="701" VPOS="2831" WIDTH="28" />
<String CONTENT="Pont-de-1&#8217;Arche&#8221;." HEIGHT="41" HPOS="730" LANG="fr" VPOS="2829" WIDTH="456" />
<SP HEIGHT="39" HPOS="1187" VPOS="2831" WIDTH="56" />
<String CONTENT="The" HEIGHT="38" HPOS="1244" LANG="en-US" VPOS="2831" WIDTH="101" />
<SP HEIGHT="30" HPOS="1346" VPOS="2841" WIDTH="28" />
<String CONTENT="actual" HEIGHT="39" HPOS="1375" LANG="en-US" VPOS="2832" WIDTH="165" />
<SP HEIGHT="38" HPOS="1541" VPOS="2832" WIDTH="25" />
<String CONTENT="writer" HEIGHT="41" HPOS="1567" LANG="en-US" VPOS="2831" WIDTH="169" />
<SP HEIGHT="30" HPOS="1737" VPOS="2843" WIDTH="26" />
<String CONTENT="of" HEIGHT="41" HPOS="1764" LANG="en-US" VPOS="2832" WIDTH="51" />
<SP HEIGHT="40" HPOS="1816" VPOS="2832" WIDTH="25" />
<String CONTENT="the" HEIGHT="38" HPOS="1842" LANG="en-US" VPOS="2834" WIDTH="82" />
<SP HEIGHT="40" HPOS="1925" VPOS="2834" WIDTH="26" />
<String CONTENT="document" HEIGHT="95" HPOS="95" LANG="en-US" VPOS="2834" WIDTH="1979" />
<SP HEIGHT="40" HPOS="228" VPOS="2889" WIDTH="20" />
<String CONTENT="was" HEIGHT="31" HPOS="249" LANG="en-US" VPOS="2897" WIDTH="102" />
</TextLine>
<TextLine HEIGHT="53" HPOS="376" LANG="en-US" VPOS="2886" WIDTH="1714">
<String CONTENT="probably" HEIGHT="49" HPOS="376" VPOS="2886" WIDTH="232" />
<SP HEIGHT="38" HPOS="609" VPOS="2897" WIDTH="20" />
<String CONTENT="a" HEIGHT="30" HPOS="630" VPOS="2897" WIDTH="25" />
<SP HEIGHT="30" HPOS="656" VPOS="2897" WIDTH="27" />
<String CONTENT="clerk" HEIGHT="40" HPOS="684" VPOS="2887" WIDTH="131" />
<SP HEIGHT="41" HPOS="816" VPOS="2887" WIDTH="18" />
<String CONTENT="of" HEIGHT="41" HPOS="835" VPOS="2887" WIDTH="51" />
<SP HEIGHT="41" HPOS="887" VPOS="2887" WIDTH="22" />
<String CONTENT="the" HEIGHT="41" HPOS="910" VPOS="2887" WIDTH="83" />
<SP HEIGHT="31" HPOS="994" VPOS="2897" WIDTH="21" />
<String CONTENT="staff" HEIGHT="41" HPOS="1016" VPOS="2887" WIDTH="119" />
<SP HEIGHT="41" HPOS="1136" VPOS="2887" WIDTH="21" />
<String CONTENT="of" HEIGHT="41" HPOS="1158" VPOS="2887" WIDTH="53" />
<SP HEIGHT="41" HPOS="1212" VPOS="2887" WIDTH="22" />
<String CONTENT="the" HEIGHT="40" HPOS="1235" VPOS="2888" WIDTH="81" />
<SP HEIGHT="40" HPOS="1317" VPOS="2888" WIDTH="23" />
<String CONTENT="bailli" HEIGHT="41" HPOS="1341" LANG="fr" VPOS="2887" WIDTH="136" />
<SP HEIGHT="41" HPOS="1478" VPOS="2887" WIDTH="23" />
<String CONTENT="of" HEIGHT="40" HPOS="1502" VPOS="2888" WIDTH="54" />
<SP HEIGHT="40" HPOS="1557" VPOS="2888" WIDTH="19" />
<String CONTENT="Rouen," HEIGHT="42" HPOS="1577" VPOS="2888" WIDTH="184" />
<SP HEIGHT="30" HPOS="1762" VPOS="2901" WIDTH="55" />
<String CONTENT="cf." HEIGHT="48" HPOS="1818" VPOS="2891" WIDTH="61" />
<SP HEIGHT="39" HPOS="1880" VPOS="2891" WIDTH="26" />
<String CONTENT="Introd." HEIGHT="41" HPOS="1907" VPOS="2891" WIDTH="183" />
</TextLine>
<TextLine CS="1" HEIGHT="56" HPOS="96" LANG="en-US" VPOS="2954" WIDTH="1995">
<String CONTENT="&#169;" HEIGHT="52" HPOS="96" VPOS="2954" WIDTH="53" />
<SP HEIGHT="52" HPOS="150" VPOS="2954" WIDTH="30" />
<String CONTENT="Mar." HEIGHT="38" HPOS="181" VPOS="2960" WIDTH="119" />
<SP HEIGHT="40" HPOS="301" VPOS="2958" WIDTH="34" />
<String CONTENT="6," HEIGHT="47" HPOS="336" VPOS="2958" WIDTH="39" />
<SP HEIGHT="46" HPOS="376" VPOS="2959" WIDTH="32" />
<String CONTENT="1936;" CS="1" HEIGHT="40" HPOS="409" VPOS="2958" WIDTH="115" />
<SP HEIGHT="46" HPOS="549" VPOS="2958" WIDTH="33" />
<String CONTENT="2c." HEIGHT="40" HPOS="583" VPOS="2958" WIDTH="66" />
<SP HEIGHT="29" HPOS="650" VPOS="2969" WIDTH="34" />
<String CONTENT="and" HEIGHT="38" HPOS="685" VPOS="2960" WIDTH="94" />
<SP HEIGHT="37" HPOS="780" VPOS="2960" WIDTH="33" />
<String CONTENT="aff." HEIGHT="39" HPOS="814" VPOS="2959" WIDTH="81" />
<SP HEIGHT="39" HPOS="896" VPOS="2959" WIDTH="33" />
<String CONTENT="Mar." HEIGHT="38" HPOS="930" VPOS="2959" WIDTH="121" />
<SP HEIGHT="38" HPOS="1052" VPOS="2959" WIDTH="34" />
<String CONTENT="17;" CS="1" HEIGHT="38" HPOS="1087" VPOS="2959" WIDTH="54" />
<SP HEIGHT="44" HPOS="1168" VPOS="2960" WIDTH="35" />
<String CONTENT="A" HEIGHT="37" HPOS="1204" VPOS="2960" WIDTH="40" />
<SP HEIGHT="39" HPOS="1245" VPOS="2958" WIDTH="31" />
<String CONTENT="93195;" CS="1" HEIGHT="40" HPOS="1277" VPOS="2958" WIDTH="143" />
<SP HEIGHT="44" HPOS="1449" VPOS="2961" WIDTH="37" />
<String CONTENT="Princeton" HEIGHT="41" HPOS="1487" VPOS="2959" WIDTH="257" />
<SP HEIGHT="29" HPOS="1745" VPOS="2972" WIDTH="34" />
<String CONTENT="univ." HEIGHT="41" HPOS="1780" VPOS="2960" WIDTH="129" />
<SP HEIGHT="36" HPOS="1910" VPOS="2974" WIDTH="31" />
<String CONTENT="press." HEIGHT="37" HPOS="1942" VPOS="2973" WIDTH="149" />
</TextLine>
<TextLine HEIGHT="48" HPOS="179" LANG="en-US" VPOS="3014" WIDTH="278">
<String CONTENT="(36-10197)" HEIGHT="48" HPOS="179" VPOS="3014" WIDTH="278" />
</TextLine>
<TextLine HEIGHT="63" HPOS="95" LANG="en-US" STYLEREFS="StyleId-1D14B8F7-A41D-4A24-8191-0BE6E57D9A8D-" VPOS="3119" WIDTH="983">
<String CONTENT="Rowe," HEIGHT="63" HPOS="95" VPOS="3119" WIDTH="192" />
<SP HEIGHT="63" HPOS="288" VPOS="3119" WIDTH="26" />
<String CONTENT="John" HEIGHT="52" HPOS="315" VPOS="3119" WIDTH="154" />
<SP HEIGHT="51" HPOS="470" VPOS="3121" WIDTH="25" />
<String CONTENT="Wilkinson" HEIGHT="53" HPOS="496" VPOS="3119" WIDTH="326" />
<SP HEIGHT="51" HPOS="823" VPOS="3120" WIDTH="27" />
<String CONTENT="Foster." HEIGHT="55" HPOS="851" VPOS="3120" WIDTH="227" />
</TextLine>
<TextLine HEIGHT="67" HPOS="166" LANG="en-US" STYLEREFS="StyleId-1D14B8F7-A41D-4A24-8191-0BE6E57D9A8D-" VPOS="3196" WIDTH="1925">
<String CONTENT="Markets" HEIGHT="52" HPOS="166" VPOS="3196" WIDTH="255" />
<SP HEIGHT="33" HPOS="422" VPOS="3215" WIDTH="37" />
<String CONTENT="and" HEIGHT="51" HPOS="460" VPOS="3197" WIDTH="111" />
<SP HEIGHT="51" HPOS="572" VPOS="3197" WIDTH="37" />
<String CONTENT="men;" HEIGHT="45" HPOS="610" VPOS="3215" WIDTH="155" />
<SP HEIGHT="45" HPOS="766" VPOS="3215" WIDTH="41" />
<String CONTENT="a" HEIGHT="33" HPOS="808" VPOS="3215" WIDTH="31" />
<SP HEIGHT="34" HPOS="840" VPOS="3214" WIDTH="36" />
<String CONTENT="study" HEIGHT="66" HPOS="877" VPOS="3197" WIDTH="170" />
<SP HEIGHT="48" HPOS="1048" VPOS="3215" WIDTH="37" />
<String CONTENT="of" HEIGHT="51" HPOS="1086" VPOS="3197" WIDTH="62" />
<SP HEIGHT="51" HPOS="1149" VPOS="3197" WIDTH="36" />
<String CONTENT="artificial" HEIGHT="54" HPOS="1186" VPOS="3196" WIDTH="266" />
<SP HEIGHT="52" HPOS="1453" VPOS="3198" WIDTH="36" />
<String CONTENT="control" HEIGHT="52" HPOS="1490" VPOS="3199" WIDTH="218" />
<SP HEIGHT="52" HPOS="1709" VPOS="3199" WIDTH="37" />
<String CONTENT="schemes" HEIGHT="53" HPOS="1747" VPOS="3200" WIDTH="247" />
<SP HEIGHT="52" HPOS="1995" VPOS="3200" WIDTH="36" />
<String CONTENT="in" HEIGHT="53" HPOS="2032" VPOS="3200" WIDTH="59" />
</TextLine>
<TextLine CS="1" HEIGHT="73" HPOS="96" LANG="en-US" STYLEREFS="StyleId-1D14B8F7-A41D-4A24-8191-0BE6E57D9A8D-" VPOS="3274" WIDTH="1996">
<String CONTENT="some" HEIGHT="35" HPOS="96" VPOS="3291" WIDTH="149" />
<SP HEIGHT="47" HPOS="246" VPOS="3293" WIDTH="40" />
<String CONTENT="primary" HEIGHT="67" HPOS="287" VPOS="3274" WIDTH="256" />
<SP HEIGHT="67" HPOS="544" VPOS="3274" WIDTH="38" />
<String CONTENT="industries," HEIGHT="66" HPOS="583" VPOS="3274" WIDTH="323" />
<SP HEIGHT="65" HPOS="907" VPOS="3275" WIDTH="36" />
<String CONTENT="by" HEIGHT="67" HPOS="944" VPOS="3275" WIDTH="75" />
<SP HEIGHT="65" HPOS="1020" VPOS="3277" WIDTH="37" />
<String CONTENT="J." HEIGHT="52" HPOS="1058" LANG="fr" VPOS="3277" WIDTH="55" />
<SP HEIGHT="52" HPOS="1114" VPOS="3277" WIDTH="38" />
<String CONTENT="W." HEIGHT="52" HPOS="1153" VPOS="3277" WIDTH="91" />
<SP HEIGHT="51" HPOS="1245" VPOS="3277" WIDTH="37" />
<String CONTENT="F." HEIGHT="52" HPOS="1283" VPOS="3277" WIDTH="65" />
<SP HEIGHT="52" HPOS="1349" VPOS="3277" WIDTH="40" />
<String CONTENT="Rowe" HEIGHT="51" HPOS="1390" VPOS="3277" WIDTH="171" />
<SP HEIGHT="35" HPOS="1562" VPOS="3294" WIDTH="44" />
<String CONTENT="&#8230;" CS="1" />
<SP HEIGHT="54" HPOS="1663" VPOS="3277" WIDTH="83" />
<String CONTENT="Cambridge" HEIGHT="71" HPOS="1747" VPOS="3276" WIDTH="345" />
</TextLine>
<TextLine CS="1" HEIGHT="67" HPOS="121" LANG="en-US" STYLEREFS="StyleId-1D14B8F7-A41D-4A24-8191-0BE6E57D9A8D-" VPOS="3352" WIDTH="1051">
<String CONTENT="[Eng.]" CS="1" HEIGHT="65" HPOS="121" VPOS="3353" WIDTH="164" />
<SP HEIGHT="64" HPOS="286" VPOS="3353" WIDTH="31" />
<String CONTENT="The" HEIGHT="53" HPOS="318" VPOS="3352" WIDTH="120" />
<SP HEIGHT="53" HPOS="439" VPOS="3353" WIDTH="22" />
<String CONTENT="University" HEIGHT="67" HPOS="462" VPOS="3352" WIDTH="336" />
<SP HEIGHT="48" HPOS="799" VPOS="3371" WIDTH="21" />
<String CONTENT="press," HEIGHT="49" HPOS="821" VPOS="3370" WIDTH="173" />
<SP HEIGHT="63" HPOS="995" VPOS="3356" WIDTH="27" />
<String CONTENT="1936." HEIGHT="50" HPOS="1023" VPOS="3356" WIDTH="149" />
</TextLine>
<TextLine CS="1" HEIGHT="50" HPOS="167" LANG="en-US" STYLEREFS="StyleId-1D14B8F7-A41D-4A24-8191-0BE6E57D9A8D-" VPOS="3436" WIDTH="406">
<String CONTENT="ix," HEIGHT="47" HPOS="167" VPOS="3437" WIDTH="63" />
<SP HEIGHT="46" HPOS="231" VPOS="3438" WIDTH="27" />
<String CONTENT="259." HEIGHT="42" HPOS="259" VPOS="3436" WIDTH="97" />
<SP HEIGHT="28" HPOS="357" VPOS="3458" WIDTH="33" />
<String CONTENT="[1]" HEIGHT="48" HPOS="391" VPOS="3438" WIDTH="53" />
<SP HEIGHT="36" HPOS="445" VPOS="3449" WIDTH="30" />
<String CONTENT="p." HEIGHT="36" HPOS="476" VPOS="3449" WIDTH="41" />
<SP HEIGHT="38" HPOS="518" VPOS="3439" WIDTH="55" />
<String CONTENT="19&#189;cm." CS="1" />
</TextLine>
<TextLine CS="1" HEIGHT="56" HPOS="99" LANG="en-US" VPOS="3503" WIDTH="1995">
<String CONTENT="&#169;" HEIGHT="53" HPOS="99" VPOS="3503" WIDTH="53" />
<SP />
<String CONTENT="1c." CS="1" />
<SP />
<String CONTENT="Mar." HEIGHT="39" HPOS="272" VPOS="3508" WIDTH="119" />
<SP HEIGHT="40" HPOS="392" VPOS="3507" WIDTH="26" />
<String CONTENT="25," HEIGHT="47" HPOS="419" VPOS="3507" WIDTH="69" />
<SP HEIGHT="46" HPOS="489" VPOS="3508" WIDTH="25" />
<String CONTENT="1936;" CS="1" HEIGHT="42" HPOS="515" VPOS="3506" WIDTH="114" />
<SP HEIGHT="40" HPOS="654" VPOS="3509" WIDTH="27" />
<String CONTENT="A" HEIGHT="38" HPOS="682" VPOS="3509" WIDTH="39" />
<SP HEIGHT="39" HPOS="722" VPOS="3509" WIDTH="28" />
<String CONTENT="ad" HEIGHT="39" HPOS="751" VPOS="3509" WIDTH="60" />
<SP HEIGHT="40" HPOS="812" VPOS="3508" WIDTH="27" />
<String CONTENT="int." HEIGHT="41" HPOS="840" VPOS="3508" WIDTH="85" />
<SP HEIGHT="41" HPOS="926" VPOS="3507" WIDTH="25" />
<String CONTENT="21259;" CS="1" HEIGHT="41" HPOS="952" VPOS="3507" WIDTH="143" />
<SP HEIGHT="38" HPOS="1123" VPOS="3519" WIDTH="29" />
<String CONTENT="pubd." HEIGHT="48" HPOS="1153" VPOS="3509" WIDTH="140" />
<SP HEIGHT="39" HPOS="1294" VPOS="3510" WIDTH="28" />
<String CONTENT="Mar." HEIGHT="40" HPOS="1323" VPOS="3510" WIDTH="121" />
<SP HEIGHT="40" HPOS="1445" VPOS="3511" WIDTH="27" />
<String CONTENT="3;" CS="1" HEIGHT="40" HPOS="1473" VPOS="3511" WIDTH="25" />
<SP HEIGHT="46" HPOS="1526" VPOS="3511" WIDTH="31" />
<String CONTENT="Macmillan" HEIGHT="40" HPOS="1558" VPOS="3511" WIDTH="280" />
<SP HEIGHT="29" HPOS="1839" VPOS="3523" WIDTH="26" />
<String CONTENT="co.," HEIGHT="36" HPOS="1866" VPOS="3523" WIDTH="83" />
<SP HEIGHT="45" HPOS="1950" VPOS="3514" WIDTH="26" />
<String CONTENT="New" HEIGHT="39" HPOS="1977" VPOS="3514" WIDTH="117" />
</TextLine>
<TextLine HEIGHT="48" HPOS="168" LANG="en-US" VPOS="3564" WIDTH="488">
<String CONTENT="York." HEIGHT="39" HPOS="168" VPOS="3565" WIDTH="144" />
<SP HEIGHT="47" HPOS="313" VPOS="3565" WIDTH="65" />
<String CONTENT="(36-10991)" HEIGHT="48" HPOS="379" VPOS="3564" WIDTH="277" />
</TextLine>
<TextLine HEIGHT="67" HPOS="99" LANG="en-US" STYLEREFS="StyleId-1D14B8F7-A41D-4A24-8191-0BE6E57D9A8D-" VPOS="3665" WIDTH="856">
<String CONTENT="Schneider," HEIGHT="67" HPOS="99" VPOS="3665" WIDTH="334" />
<SP HEIGHT="64" HPOS="434" VPOS="3668" WIDTH="24" />
<String CONTENT="Manfred," HEIGHT="64" HPOS="459" VPOS="3668" WIDTH="295" />
<SP HEIGHT="57" HPOS="755" VPOS="3675" WIDTH="30" />
<String CONTENT="1884-" HEIGHT="50" HPOS="786" VPOS="3673" WIDTH="169" />
</TextLine>
<TextLine CS="1" HEIGHT="72" HPOS="232" STYLEREFS="StyleId-1D14B8F7-A41D-4A24-8191-0BE6E57D9A8D-" VPOS="3741" WIDTH="1858">
<String CONTENT="&#8230;" CS="1" LANG="en-US" />
<SP HEIGHT="52" HPOS="232" VPOS="3741" WIDTH="42" />
<String CONTENT="Don" HEIGHT="52" HPOS="275" LANG="en-US" VPOS="3741" WIDTH="130" />
<SP HEIGHT="51" HPOS="406" VPOS="3742" WIDTH="38" />
<String CONTENT="Francisco" HEIGHT="53" HPOS="445" LANG="en-US" VPOS="3742" WIDTH="303" />
<SP HEIGHT="52" HPOS="749" VPOS="3743" WIDTH="36" />
<String CONTENT="de" HEIGHT="53" HPOS="786" LANG="de" VPOS="3743" WIDTH="68" />
<SP HEIGHT="55" HPOS="855" VPOS="3742" WIDTH="41" />
<String CONTENT="Goya," HEIGHT="69" HPOS="897" LANG="de" VPOS="3742" WIDTH="179" />
<SP HEIGHT="47" HPOS="1077" VPOS="3763" WIDTH="34" />
<String CONTENT="ein" HEIGHT="53" HPOS="1112" LANG="de" VPOS="3743" WIDTH="90" />
<SP HEIGHT="51" HPOS="1203" VPOS="3744" WIDTH="37" />
<String CONTENT="leben" HEIGHT="52" HPOS="1241" LANG="de" VPOS="3744" WIDTH="160" />
<SP HEIGHT="34" HPOS="1402" VPOS="3762" WIDTH="35" />
<String CONTENT="unter" HEIGHT="47" HPOS="1438" LANG="de" VPOS="3749" WIDTH="167" />
<SP HEIGHT="33" HPOS="1606" VPOS="3763" WIDTH="37" />
<String CONTENT="Stierk&#228;mpfern" HEIGHT="69" HPOS="1644" LANG="de" VPOS="3744" WIDTH="446" />
</TextLine>
<TextLine CS="1" HEIGHT="70" HPOS="103" LANG="de" STYLEREFS="StyleId-1D14B8F7-A41D-4A24-8191-0BE6E57D9A8D-" VPOS="3818" WIDTH="1188">
<String CONTENT="und" HEIGHT="51" HPOS="103" VPOS="3818" WIDTH="116" />
<SP HEIGHT="51" HPOS="220" VPOS="3818" WIDTH="26" />
<String CONTENT="k&#246;nigen." HEIGHT="68" HPOS="247" VPOS="3818" WIDTH="261" />
<SP HEIGHT="51" HPOS="509" VPOS="3820" WIDTH="73" />
<String CONTENT="Leipzig," HEIGHT="69" HPOS="583" VPOS="3819" WIDTH="256" />
<SP HEIGHT="67" HPOS="840" VPOS="3820" WIDTH="27" />
<String CONTENT="P." HEIGHT="54" HPOS="868" VPOS="3820" WIDTH="64" />
<SP HEIGHT="53" HPOS="933" VPOS="3821" WIDTH="26" />
<String CONTENT="List" HEIGHT="53" HPOS="960" VPOS="3821" WIDTH="126" />
<SP />
<String CONTENT="[1935]" CS="1" HEIGHT="33" HPOS="1278" VPOS="3855" WIDTH="13" />
</TextLine>
<TextLine CS="1" HEIGHT="53" HPOS="172" VPOS="3900" WIDTH="1104">
<String CONTENT="393," HEIGHT="48" HPOS="172" LANG="de" VPOS="3900" WIDTH="98" />
<SP HEIGHT="30" HPOS="271" VPOS="3920" WIDTH="32" />
<String CONTENT="[1]" HEIGHT="48" HPOS="304" LANG="de" VPOS="3902" WIDTH="54" />
<SP HEIGHT="37" HPOS="359" VPOS="3913" WIDTH="28" />
<String CONTENT="p.," CS="1" LANG="de" />
<SP />
<String CONTENT="2" CS="1" LANG="de" />
<SP />
<String CONTENT="l." CS="1" LANG="de" />
<SP HEIGHT="39" HPOS="559" VPOS="3904" WIDTH="57" />
<String CONTENT="front.," HEIGHT="48" HPOS="617" LANG="en-US" VPOS="3904" WIDTH="164" />
<SP HEIGHT="37" HPOS="782" VPOS="3915" WIDTH="28" />
<String CONTENT="plates," HEIGHT="47" HPOS="811" LANG="en-US" VPOS="3906" WIDTH="170" />
<SP HEIGHT="37" HPOS="982" VPOS="3916" WIDTH="28" />
<String CONTENT="ports." HEIGHT="46" HPOS="1011" LANG="en-US" VPOS="3907" WIDTH="149" />
<SP HEIGHT="40" HPOS="1161" VPOS="3906" WIDTH="59" />
<String CONTENT="21&#189;cm." CS="1" HEIGHT="39" HPOS="1221" LANG="de" VPOS="3906" WIDTH="55" />
</TextLine>
<TextLine CS="1" HEIGHT="58" HPOS="103" LANG="de" VPOS="3969" WIDTH="1989">
<String CONTENT="&#169;" HEIGHT="52" HPOS="103" VPOS="3969" WIDTH="52" />
<SP HEIGHT="52" HPOS="156" VPOS="3969" WIDTH="24" />
<String CONTENT="Mar." HEIGHT="39" HPOS="181" VPOS="3975" WIDTH="119" />
<SP HEIGHT="40" HPOS="301" VPOS="3974" WIDTH="25" />
<String CONTENT="23," HEIGHT="47" HPOS="327" VPOS="3974" WIDTH="68" />
<SP HEIGHT="46" HPOS="396" VPOS="3975" WIDTH="24" />
<String CONTENT="1935;" CS="1" HEIGHT="41" HPOS="421" VPOS="3974" WIDTH="113" />
<SP HEIGHT="44" HPOS="562" VPOS="3977" WIDTH="27" />
<String CONTENT="1c." CS="1" HEIGHT="28" HPOS="619" VPOS="3988" WIDTH="37" />
<SP HEIGHT="38" HPOS="657" VPOS="3978" WIDTH="26" />
<String CONTENT="Mar." HEIGHT="38" HPOS="684" VPOS="3978" WIDTH="120" />
<SP HEIGHT="38" HPOS="805" VPOS="3978" WIDTH="25" />
<String CONTENT="19," HEIGHT="48" HPOS="831" VPOS="3976" WIDTH="67" />
<SP HEIGHT="47" HPOS="899" VPOS="3977" WIDTH="26" />
<String CONTENT="1936;" HEIGHT="48" HPOS="926" VPOS="3976" WIDTH="139" />
<SP HEIGHT="47" HPOS="1066" VPOS="3977" WIDTH="30" />
<String CONTENT="A" HEIGHT="39" HPOS="1097" LANG="en-US" VPOS="3977" WIDTH="41" />
<String CONTENT="-Foreign" HEIGHT="48" HPOS="1138" VPOS="3978" WIDTH="269" />
<SP HEIGHT="39" HPOS="1408" VPOS="3980" WIDTH="21" />
<String CONTENT="30897;" CS="1" HEIGHT="41" HPOS="1430" VPOS="3978" WIDTH="144" />
<SP HEIGHT="46" HPOS="1602" VPOS="3980" WIDTH="28" />
<String CONTENT="Paul" HEIGHT="39" HPOS="1631" VPOS="3980" WIDTH="120" />
<SP HEIGHT="38" HPOS="1752" VPOS="3981" WIDTH="27" />
<String CONTENT="List" HEIGHT="41" HPOS="1780" VPOS="3980" WIDTH="104" />
<SP HEIGHT="37" HPOS="1885" VPOS="3984" WIDTH="26" />
<String CONTENT="verlag." HEIGHT="45" HPOS="1912" VPOS="3982" WIDTH="180" />
</TextLine>
<TextLine HEIGHT="49" HPOS="181" LANG="de" VPOS="4029" WIDTH="277">
<String CONTENT="(36-10508)" HEIGHT="49" HPOS="181" VPOS="4029" WIDTH="277" />
</TextLine>
</TextBlock>
</PrintSpace>
</Page>
</Layout>
</alto>