<alto xmlns="http://www.loc.gov/standards/alto/ns-v3#" xmlns:xsi="http://www.w3.org/2001/XMLSchema-instance" xsi:schemaLocation="http://www.loc.gov/standards/alto/ns-v3# http://www.loc.gov/alto/v3/alto-3-0.xsd"><Description>
<MeasurementUnit>pixel</MeasurementUnit>
<sourceImageInformation>
<fileName>1936_v33_Part1.pdf</fileName>
</sourceImageInformation>
<OCRProcessing ID="IdOcr">
<ocrProcessingStep>
<processingDateTime>2019-01-18</processingDateTime>
<processingSoftware>
<softwareCreator>ABBYY</softwareCreator>
<softwareName>ABBYY Recognition Server</softwareName>
<softwareVersion>4.0</softwareVersion>
</processingSoftware>
</ocrProcessingStep>
</OCRProcessing>
</Description>
<Styles>
<ParagraphStyle ALIGN="Left" FIRSTLINE="0." ID="StyleId-FFFFFFFF-FFFF-FFFF-FFFF-FFFFFFFFFFFF-" LEFT="0." RIGHT="0." />
<ParagraphStyle ALIGN="Left" FIRSTLINE="0." ID="StyleId-51D50FAC-7A90-4D70-8A96-5EA9D46D1C8B-" LEFT="0." LINESPACE="7.699999809" RIGHT="0." />
<ParagraphStyle ALIGN="Block" FIRSTLINE="-17." ID="StyleId-6BC133E9-7DCB-43C3-8842-A67984A26405-" LEFT="0." LINESPACE="8.340000153" RIGHT="0." />
<ParagraphStyle ALIGN="Left" FIRSTLINE="-13." ID="StyleId-3C3FF860-43E7-46A2-8934-48F305F6F0D6-" LEFT="0." LINESPACE="11.06999969" RIGHT="0." />
<ParagraphStyle ALIGN="Block" FIRSTLINE="-13." ID="StyleId-19220C76-4F8A-4737-B38C-B5F5C17E6040-" LEFT="0." LINESPACE="11.06999969" RIGHT="0." />
<ParagraphStyle ALIGN="Left" FIRSTLINE="0." ID="StyleId-75A0D721-13ED-4F20-9002-B389EC48477D-" LEFT="0." LINESPACE="15.5" RIGHT="0." />
<ParagraphStyle ALIGN="Left" FIRSTLINE="0." ID="StyleId-8A414184-C7A5-4AC7-9B88-7DA4DDE75922-" LEFT="0." LINESPACE="9.399999619" RIGHT="0." />
<ParagraphStyle ALIGN="Left" FIRSTLINE="0." ID="StyleId-1A87970B-111C-4169-99A6-9412976F3C97-" LEFT="0." LINESPACE="10.5" RIGHT="0." />
<ParagraphStyle ALIGN="Block" FIRSTLINE="-17." ID="StyleId-72DB0571-5AE4-41FD-9E11-68C6AC4C437E-" LEFT="0." LINESPACE="8.340000153" RIGHT="0." />
<ParagraphStyle ALIGN="Center" FIRSTLINE="0." ID="StyleId-1AA43056-C388-4697-B10F-72FDAA38FAE1-" LEFT="0." LINESPACE="10.5" RIGHT="0." />
</Styles>
<Layout>
<Page HEIGHT="4377" ID="Page1072" PHYSICAL_IMG_NR="1072" WIDTH="2519">
<TopMargin HEIGHT="420" HPOS="0" VPOS="0" WIDTH="2519">
</TopMargin>
<LeftMargin HEIGHT="3651" HPOS="0" VPOS="420" WIDTH="348">
</LeftMargin>
<RightMargin HEIGHT="3651" HPOS="2396" VPOS="420" WIDTH="123">
</RightMargin>
<BottomMargin HEIGHT="306" HPOS="0" VPOS="4071" WIDTH="2519">
<TextBlock HEIGHT="209" HPOS="1096" ID="Page1072_Block1" LANG="en-US" STYLEREFS="StyleId-FF5E6CCE-80EE-4724-A289-F99146A550F4-" VPOS="4110" WIDTH="470">
<TextLine HEIGHT="52" HPOS="1289" VPOS="4110" WIDTH="134">
<String CONTENT="1072" HEIGHT="52" HPOS="1289" VPOS="4110" WIDTH="134" />
</TextLine>
</TextBlock>
</BottomMargin>
<PrintSpace HEIGHT="3651" HPOS="348" VPOS="420" WIDTH="2048">
<TextBlock CS="1" HEIGHT="3651" HPOS="348" ID="Page1072_Block2" LANG="en-US" STYLEREFS="StyleId-C3479BE6-9A8B-4C58-9FF2-41F86072D1D0-" VPOS="420" WIDTH="2048">
<TextLine HEIGHT="50" HPOS="438" STYLEREFS="StyleId-7E1CFC64-B393-4ECB-B005-F837EF8B2F6B-" VPOS="518" WIDTH="533">
<String CONTENT="180" HEIGHT="41" HPOS="438" VPOS="519" WIDTH="86" />
<SP HEIGHT="49" HPOS="525" VPOS="519" WIDTH="32" />
<String CONTENT="p." HEIGHT="38" HPOS="558" VPOS="530" WIDTH="44" />
<SP HEIGHT="42" HPOS="603" VPOS="518" WIDTH="60" />
<String CONTENT="illus." HEIGHT="42" HPOS="664" VPOS="518" WIDTH="129" />
<SP HEIGHT="41" HPOS="794" VPOS="519" WIDTH="59" />
<String CONTENT="26" HEIGHT="41" HPOS="854" VPOS="519" WIDTH="56" />
<String CONTENT="cm" HEIGHT="22" HPOS="913" STYLE="superscript" VPOS="521" WIDTH="46" />
<String CONTENT="." HEIGHT="8" HPOS="962" VPOS="552" WIDTH="9" />
</TextLine>
<TextLine HEIGHT="50" HPOS="439" VPOS="589" WIDTH="942">
<String CONTENT="Illustrated" HEIGHT="40" HPOS="439" VPOS="591" WIDTH="291" />
<SP HEIGHT="40" HPOS="731" VPOS="591" WIDTH="28" />
<String CONTENT="t.-p." HEIGHT="46" HPOS="760" VPOS="592" WIDTH="100" />
<SP HEIGHT="30" HPOS="861" VPOS="602" WIDTH="28" />
<String CONTENT="and" HEIGHT="41" HPOS="890" VPOS="591" WIDTH="95" />
<SP HEIGHT="41" HPOS="986" VPOS="590" WIDTH="28" />
<String CONTENT="lining-papers." HEIGHT="50" HPOS="1015" VPOS="589" WIDTH="366" />
</TextLine>
<TextLine HEIGHT="51" HPOS="440" VPOS="647" WIDTH="1493">
<String CONTENT="&#8220;First" HEIGHT="41" HPOS="440" VPOS="647" WIDTH="164" />
<SP HEIGHT="38" HPOS="605" VPOS="650" WIDTH="24" />
<String CONTENT="edition," HEIGHT="49" HPOS="630" VPOS="647" WIDTH="199" />
<SP HEIGHT="48" HPOS="830" VPOS="648" WIDTH="27" />
<String CONTENT="July" HEIGHT="48" HPOS="858" VPOS="648" WIDTH="120" />
<SP HEIGHT="47" HPOS="979" VPOS="649" WIDTH="22" />
<String CONTENT="1936;" HEIGHT="47" HPOS="1002" VPOS="648" WIDTH="143" />
<SP HEIGHT="37" HPOS="1146" VPOS="658" WIDTH="24" />
<String CONTENT="second" HEIGHT="40" HPOS="1171" VPOS="649" WIDTH="175" />
<SP HEIGHT="48" HPOS="1347" VPOS="649" WIDTH="25" />
<String CONTENT="printing," HEIGHT="50" HPOS="1373" VPOS="648" WIDTH="232" />
<SP HEIGHT="47" HPOS="1606" VPOS="649" WIDTH="27" />
<String CONTENT="July" HEIGHT="49" HPOS="1634" VPOS="649" WIDTH="119" />
<SP HEIGHT="48" HPOS="1754" VPOS="650" WIDTH="19" />
<String CONTENT="1936.&#8221;" HEIGHT="42" HPOS="1774" VPOS="649" WIDTH="159" />
</TextLine>
<TextLine HEIGHT="59" HPOS="359" VPOS="715" WIDTH="2022">
<String CONTENT="&#169;" HEIGHT="53" HPOS="359" VPOS="715" WIDTH="54" />
<SP HEIGHT="53" HPOS="414" VPOS="715" WIDTH="27" />
<String CONTENT="July" HEIGHT="46" HPOS="442" VPOS="720" WIDTH="116" />
<SP HEIGHT="47" HPOS="559" VPOS="719" WIDTH="27" />
<String CONTENT="20," HEIGHT="48" HPOS="587" VPOS="719" WIDTH="69" />
<SP HEIGHT="47" HPOS="657" VPOS="720" WIDTH="29" />
<String CONTENT="1936:" HEIGHT="41" HPOS="687" VPOS="719" WIDTH="141" />
<SP HEIGHT="38" HPOS="829" VPOS="720" WIDTH="31" />
<String CONTENT="2c." HEIGHT="39" HPOS="861" VPOS="720" WIDTH="67" />
<SP HEIGHT="29" HPOS="929" VPOS="730" WIDTH="30" />
<String CONTENT="and" HEIGHT="39" HPOS="960" VPOS="719" WIDTH="95" />
<SP HEIGHT="40" HPOS="1056" VPOS="719" WIDTH="25" />
<String CONTENT="aff." HEIGHT="41" HPOS="1082" VPOS="719" WIDTH="82" />
<SP HEIGHT="40" HPOS="1165" VPOS="720" WIDTH="28" />
<String CONTENT="July" HEIGHT="46" HPOS="1194" VPOS="720" WIDTH="117" />
<SP HEIGHT="46" HPOS="1312" VPOS="720" WIDTH="27" />
<String CONTENT="23;" HEIGHT="47" HPOS="1340" VPOS="720" WIDTH="82" />
<SP HEIGHT="46" HPOS="1423" VPOS="721" WIDTH="30" />
<String CONTENT="A" HEIGHT="39" HPOS="1454" VPOS="721" WIDTH="41" />
<SP HEIGHT="41" HPOS="1496" VPOS="719" WIDTH="26" />
<String CONTENT="96586;" HEIGHT="49" HPOS="1523" VPOS="719" WIDTH="173" />
<SP HEIGHT="45" HPOS="1697" VPOS="723" WIDTH="32" />
<String CONTENT="E." HEIGHT="39" HPOS="1730" LANG="fi" VPOS="723" WIDTH="51" />
<SP HEIGHT="39" HPOS="1782" VPOS="723" WIDTH="29" />
<String CONTENT="P." HEIGHT="40" HPOS="1812" VPOS="723" WIDTH="51" />
<SP HEIGHT="39" HPOS="1864" VPOS="724" WIDTH="29" />
<String CONTENT="Dutton" HEIGHT="40" HPOS="1894" VPOS="723" WIDTH="189" />
<SP HEIGHT="40" HPOS="2084" VPOS="724" WIDTH="29" />
<String CONTENT="&amp;" HEIGHT="40" HPOS="2114" VPOS="724" WIDTH="40" />
<SP HEIGHT="40" HPOS="2155" VPOS="724" WIDTH="21" />
<String CONTENT="co.," HEIGHT="40" HPOS="2177" VPOS="734" WIDTH="82" />
<SP HEIGHT="50" HPOS="2260" VPOS="724" WIDTH="28" />
<String CONTENT="inc." HEIGHT="42" HPOS="2289" VPOS="724" WIDTH="92" />
</TextLine>
<TextLine HEIGHT="48" HPOS="441" VPOS="777" WIDTH="283">
<String CONTENT="(36-17938)" HEIGHT="48" HPOS="441" VPOS="777" WIDTH="283" />
</TextLine>
<TextLine HEIGHT="66" HPOS="361" STYLEREFS="StyleId-7E1CFC64-B393-4ECB-B005-F837EF8B2F6B-" VPOS="880" WIDTH="968">
<String CONTENT="Wells," HEIGHT="64" HPOS="361" VPOS="880" WIDTH="198" />
<SP HEIGHT="62" HPOS="560" VPOS="882" WIDTH="26" />
<String CONTENT="Herbert" HEIGHT="53" HPOS="587" VPOS="882" WIDTH="260" />
<SP HEIGHT="54" HPOS="848" VPOS="881" WIDTH="28" />
<String CONTENT="George," HEIGHT="65" HPOS="877" VPOS="881" WIDTH="247" />
<SP HEIGHT="60" HPOS="1125" VPOS="886" WIDTH="30" />
<String CONTENT="1866-" HEIGHT="50" HPOS="1156" VPOS="886" WIDTH="173" />
</TextLine>
<TextLine CS="1" HEIGHT="72" HPOS="496" STYLEREFS="StyleId-2DF8D332-CEF4-4851-A7F2-0A927C3783B5-" VPOS="958" WIDTH="1886">
<String CONTENT="&#8230;" CS="1" />
<SP HEIGHT="52" HPOS="496" VPOS="960" WIDTH="37" />
<String CONTENT="The" HEIGHT="54" HPOS="534" VPOS="959" WIDTH="121" />
<SP HEIGHT="33" HPOS="656" VPOS="980" WIDTH="31" />
<String CONTENT="outline" HEIGHT="55" HPOS="688" VPOS="959" WIDTH="216" />
<SP HEIGHT="36" HPOS="905" VPOS="978" WIDTH="32" />
<String CONTENT="of" HEIGHT="53" HPOS="938" VPOS="958" WIDTH="63" />
<SP HEIGHT="53" HPOS="1002" VPOS="958" WIDTH="30" />
<String CONTENT="man&#8217;s" HEIGHT="55" HPOS="1033" VPOS="958" WIDTH="182" />
<SP HEIGHT="32" HPOS="1216" VPOS="979" WIDTH="28" />
<String CONTENT="work" HEIGHT="54" HPOS="1245" VPOS="959" WIDTH="158" />
<SP HEIGHT="54" HPOS="1404" VPOS="959" WIDTH="32" />
<String CONTENT="and" HEIGHT="53" HPOS="1437" VPOS="960" WIDTH="112" />
<SP HEIGHT="53" HPOS="1550" VPOS="960" WIDTH="33" />
<String CONTENT="wealth" HEIGHT="54" HPOS="1584" VPOS="959" WIDTH="206" />
<SP HEIGHT="54" HPOS="1791" VPOS="960" WIDTH="40" />
<String CONTENT="&#8230;" CS="1" />
<SP HEIGHT="56" HPOS="1889" VPOS="961" WIDTH="71" />
<String CONTENT="Garden" HEIGHT="56" HPOS="1961" VPOS="961" WIDTH="235" />
<SP HEIGHT="55" HPOS="2197" VPOS="964" WIDTH="32" />
<String CONTENT="City," HEIGHT="68" HPOS="2230" VPOS="962" WIDTH="152" />
</TextLine>
<TextLine HEIGHT="70" HPOS="363" STYLEREFS="StyleId-2DF8D332-CEF4-4851-A7F2-0A927C3783B5-" VPOS="1036" WIDTH="1469">
<String CONTENT="N." HEIGHT="51" HPOS="363" LANG="fi" VPOS="1041" WIDTH="69" />
<SP HEIGHT="52" HPOS="433" VPOS="1040" WIDTH="31" />
<String CONTENT="Y.," HEIGHT="64" HPOS="465" VPOS="1040" WIDTH="88" />
<SP HEIGHT="65" HPOS="554" VPOS="1039" WIDTH="25" />
<String CONTENT="Garden" HEIGHT="55" HPOS="580" VPOS="1039" WIDTH="235" />
<SP HEIGHT="54" HPOS="816" VPOS="1040" WIDTH="28" />
<String CONTENT="City" HEIGHT="68" HPOS="845" VPOS="1037" WIDTH="134" />
<SP HEIGHT="48" HPOS="980" VPOS="1058" WIDTH="25" />
<String CONTENT="publishing" HEIGHT="70" HPOS="1006" VPOS="1036" WIDTH="338" />
<SP HEIGHT="49" HPOS="1345" VPOS="1056" WIDTH="24" />
<String CONTENT="co.," HEIGHT="49" HPOS="1370" VPOS="1056" WIDTH="99" />
<SP HEIGHT="66" HPOS="1470" VPOS="1039" WIDTH="24" />
<String CONTENT="inc." HEIGHT="54" HPOS="1495" VPOS="1039" WIDTH="107" />
<SP HEIGHT="33" HPOS="1603" VPOS="1073" WIDTH="35" />
<String CONTENT="[" HEIGHT="33" HPOS="1639" VPOS="1073" WIDTH="10" />
<String CONTENT="c" HEIGHT="21" HPOS="1656" STYLE="superscript" VPOS="1045" WIDTH="19" />
<String CONTENT="1936]" HEIGHT="64" HPOS="1680" VPOS="1042" WIDTH="152" />
</TextLine>
<TextLine CS="1" HEIGHT="50" HPOS="426" VPOS="1125" WIDTH="1307">
<String CONTENT="XV" HEIGHT="28" HPOS="426" VPOS="1138" WIDTH="64" />
<SP HEIGHT="38" HPOS="491" VPOS="1137" WIDTH="25" />
<String CONTENT="p.," HEIGHT="38" HPOS="517" LANG="fr" VPOS="1137" WIDTH="59" />
<SP HEIGHT="48" HPOS="577" VPOS="1127" WIDTH="28" />
<String CONTENT="1" HEIGHT="40" HPOS="606" VPOS="1127" WIDTH="24" />
<SP />
<String CONTENT="l.," CS="1" HEIGHT="18" HPOS="696" VPOS="1157" WIDTH="9" />
<SP HEIGHT="47" HPOS="706" VPOS="1128" WIDTH="29" />
<String CONTENT="760" HEIGHT="40" HPOS="736" VPOS="1126" WIDTH="84" />
<SP HEIGHT="48" HPOS="821" VPOS="1126" WIDTH="26" />
<String CONTENT="p." HEIGHT="38" HPOS="848" VPOS="1136" WIDTH="44" />
<SP HEIGHT="40" HPOS="893" VPOS="1126" WIDTH="57" />
<String CONTENT="front.," HEIGHT="48" HPOS="951" VPOS="1126" WIDTH="165" />
<SP HEIGHT="38" HPOS="1117" VPOS="1136" WIDTH="28" />
<String CONTENT="plates," HEIGHT="48" HPOS="1146" VPOS="1126" WIDTH="172" />
<SP HEIGHT="49" HPOS="1319" VPOS="1125" WIDTH="26" />
<String CONTENT="diagrs." HEIGHT="48" HPOS="1346" VPOS="1125" WIDTH="181" />
<SP HEIGHT="39" HPOS="1528" VPOS="1126" WIDTH="57" />
<String CONTENT="21&#189;" CS="1" HEIGHT="39" HPOS="1586" VPOS="1126" WIDTH="54" />
<String CONTENT="cm" HEIGHT="21" HPOS="1674" STYLE="superscript" VPOS="1129" WIDTH="45" />
<String CONTENT="." HEIGHT="9" HPOS="1725" VPOS="1158" WIDTH="8" />
</TextLine>
<TextLine HEIGHT="42" HPOS="426" VPOS="1196" WIDTH="857">
<String CONTENT="At" HEIGHT="39" HPOS="426" VPOS="1199" WIDTH="63" />
<SP HEIGHT="40" HPOS="490" VPOS="1198" WIDTH="31" />
<String CONTENT="head" HEIGHT="39" HPOS="522" VPOS="1198" WIDTH="126" />
<SP HEIGHT="39" HPOS="649" VPOS="1198" WIDTH="31" />
<String CONTENT="of" HEIGHT="39" HPOS="681" VPOS="1197" WIDTH="51" />
<SP HEIGHT="39" HPOS="733" VPOS="1197" WIDTH="31" />
<String CONTENT="title:" HEIGHT="41" HPOS="765" VPOS="1196" WIDTH="136" />
<SP HEIGHT="39" HPOS="902" VPOS="1198" WIDTH="34" />
<String CONTENT="H." HEIGHT="39" HPOS="937" LANG="fi" VPOS="1198" WIDTH="61" />
<SP HEIGHT="40" HPOS="999" VPOS="1197" WIDTH="33" />
<String CONTENT="G." HEIGHT="40" HPOS="1033" VPOS="1197" WIDTH="52" />
<SP HEIGHT="40" HPOS="1086" VPOS="1197" WIDTH="33" />
<String CONTENT="Wells." HEIGHT="41" HPOS="1120" VPOS="1196" WIDTH="163" />
</TextLine>
<TextLine CS="1" HEIGHT="100" HPOS="357" VPOS="1253" WIDTH="2008">
<String CONTENT="Published" HEIGHT="41" HPOS="435" VPOS="1254" WIDTH="266" />
<SP HEIGHT="39" HPOS="702" VPOS="1254" WIDTH="27" />
<String CONTENT="1931" HEIGHT="40" HPOS="730" VPOS="1255" WIDTH="113" />
<SP HEIGHT="39" HPOS="844" VPOS="1255" WIDTH="28" />
<String CONTENT="under" HEIGHT="39" HPOS="873" VPOS="1254" WIDTH="155" />
<SP HEIGHT="38" HPOS="1029" VPOS="1255" WIDTH="28" />
<String CONTENT="title" HEIGHT="40" HPOS="1058" VPOS="1253" WIDTH="108" />
<SP HEIGHT="30" HPOS="1167" VPOS="1264" WIDTH="17" />
<String CONTENT=":" HEIGHT="30" HPOS="1185" VPOS="1264" WIDTH="9" />
<SP HEIGHT="39" HPOS="1195" VPOS="1255" WIDTH="29" />
<String CONTENT="The" HEIGHT="40" HPOS="1225" VPOS="1253" WIDTH="102" />
<SP HEIGHT="29" HPOS="1328" VPOS="1264" WIDTH="28" />
<String CONTENT="work," HEIGHT="47" HPOS="1357" VPOS="1254" WIDTH="148" />
<SP HEIGHT="36" HPOS="1506" VPOS="1265" WIDTH="32" />
<String CONTENT="wealth" HEIGHT="38" HPOS="1539" VPOS="1255" WIDTH="181" />
<SP HEIGHT="39" HPOS="1721" VPOS="1255" WIDTH="28" />
<String CONTENT="and" HEIGHT="39" HPOS="1750" VPOS="1255" WIDTH="96" />
<SP HEIGHT="39" HPOS="1847" VPOS="1255" WIDTH="27" />
<String CONTENT="happiness" HEIGHT="49" HPOS="1875" VPOS="1255" WIDTH="266" />
<SP HEIGHT="31" HPOS="2142" VPOS="1266" WIDTH="29" />
<String CONTENT="of" HEIGHT="41" HPOS="2172" VPOS="1256" WIDTH="51" />
<SP HEIGHT="40" HPOS="2224" VPOS="1256" WIDTH="29" />
<String CONTENT="mankind." HEIGHT="86" HPOS="357" VPOS="1267" WIDTH="2008" />
</TextLine>
<TextLine HEIGHT="53" HPOS="360" VPOS="1381" WIDTH="2022">
<String CONTENT="&#169;" HEIGHT="53" HPOS="360" VPOS="1381" WIDTH="53" />
<SP HEIGHT="53" HPOS="414" VPOS="1381" WIDTH="30" />
<String CONTENT="June" HEIGHT="39" HPOS="445" VPOS="1386" WIDTH="127" />
<SP HEIGHT="41" HPOS="573" VPOS="1383" WIDTH="30" />
<String CONTENT="15," HEIGHT="47" HPOS="604" VPOS="1383" WIDTH="70" />
<SP HEIGHT="47" HPOS="675" VPOS="1383" WIDTH="31" />
<String CONTENT="1936;" HEIGHT="45" HPOS="707" VPOS="1383" WIDTH="140" />
<SP HEIGHT="45" HPOS="848" VPOS="1383" WIDTH="34" />
<String CONTENT="2c." HEIGHT="39" HPOS="883" VPOS="1383" WIDTH="68" />
<SP HEIGHT="30" HPOS="952" VPOS="1392" WIDTH="31" />
<String CONTENT="and" HEIGHT="40" HPOS="984" VPOS="1381" WIDTH="95" />
<SP HEIGHT="40" HPOS="1080" VPOS="1381" WIDTH="32" />
<String CONTENT="aff." HEIGHT="40" HPOS="1113" VPOS="1381" WIDTH="81" />
<SP HEIGHT="39" HPOS="1195" VPOS="1382" WIDTH="33" />
<String CONTENT="June" HEIGHT="39" HPOS="1229" VPOS="1382" WIDTH="128" />
<SP HEIGHT="40" HPOS="1358" VPOS="1381" WIDTH="31" />
<String CONTENT="16;" HEIGHT="47" HPOS="1390" VPOS="1381" WIDTH="81" />
<SP HEIGHT="47" HPOS="1472" VPOS="1381" WIDTH="33" />
<String CONTENT="A" HEIGHT="40" HPOS="1506" VPOS="1381" WIDTH="40" />
<SP HEIGHT="40" HPOS="1547" VPOS="1381" WIDTH="30" />
<String CONTENT="94997;" HEIGHT="47" HPOS="1578" VPOS="1381" WIDTH="173" />
<SP HEIGHT="45" HPOS="1752" VPOS="1383" WIDTH="35" />
<String CONTENT="H." HEIGHT="40" HPOS="1788" LANG="fi" VPOS="1383" WIDTH="60" />
<SP HEIGHT="40" HPOS="1849" VPOS="1383" WIDTH="34" />
<String CONTENT="G." HEIGHT="42" HPOS="1884" VPOS="1383" WIDTH="53" />
<SP HEIGHT="41" HPOS="1938" VPOS="1384" WIDTH="31" />
<String CONTENT="Wells," HEIGHT="49" HPOS="1970" VPOS="1383" WIDTH="165" />
<SP HEIGHT="47" HPOS="2136" VPOS="1385" WIDTH="33" />
<String CONTENT="London." HEIGHT="41" HPOS="2170" VPOS="1384" WIDTH="212" />
</TextLine>
<TextLine HEIGHT="55" HPOS="435" VPOS="1437" WIDTH="1292">
<String CONTENT="[Copyright" HEIGHT="52" HPOS="435" VPOS="1440" WIDTH="285" />
<SP HEIGHT="41" HPOS="721" VPOS="1440" WIDTH="26" />
<String CONTENT="is" HEIGHT="39" HPOS="748" VPOS="1440" WIDTH="42" />
<SP HEIGHT="30" HPOS="791" VPOS="1449" WIDTH="26" />
<String CONTENT="claimed" HEIGHT="41" HPOS="818" VPOS="1438" WIDTH="207" />
<SP HEIGHT="39" HPOS="1026" VPOS="1439" WIDTH="26" />
<String CONTENT="on" HEIGHT="29" HPOS="1053" VPOS="1449" WIDTH="62" />
<SP HEIGHT="29" HPOS="1116" VPOS="1449" WIDTH="26" />
<String CONTENT="revision]" HEIGHT="51" HPOS="1143" VPOS="1437" WIDTH="229" />
<SP HEIGHT="51" HPOS="1373" VPOS="1437" WIDTH="70" />
<String CONTENT="(36-27308)" HEIGHT="51" HPOS="1444" VPOS="1437" WIDTH="283" />
</TextLine>
<TextLine HEIGHT="68" HPOS="363" STYLEREFS="StyleId-7E1CFC64-B393-4ECB-B005-F837EF8B2F6B-" VPOS="1542" WIDTH="1397">
<String CONTENT="Whalen," HEIGHT="65" HPOS="363" VPOS="1545" WIDTH="266" />
<SP HEIGHT="64" HPOS="630" VPOS="1546" WIDTH="24" />
<String CONTENT="Mary" HEIGHT="63" HPOS="655" VPOS="1546" WIDTH="176" />
<SP HEIGHT="64" HPOS="832" VPOS="1545" WIDTH="23" />
<String CONTENT="Rose" HEIGHT="53" HPOS="856" VPOS="1545" WIDTH="153" />
<SP HEIGHT="55" HPOS="1010" VPOS="1543" WIDTH="26" />
<String CONTENT="Gertrude," HEIGHT="65" HPOS="1037" VPOS="1543" WIDTH="314" />
<SP HEIGHT="46" HPOS="1352" VPOS="1562" WIDTH="23" />
<String CONTENT="sister," HEIGHT="67" HPOS="1376" VPOS="1542" WIDTH="183" />
<SP HEIGHT="63" HPOS="1560" VPOS="1546" WIDTH="26" />
<String CONTENT="1882-" HEIGHT="51" HPOS="1587" VPOS="1546" WIDTH="173" />
</TextLine>
<TextLine CS="1" HEIGHT="71" HPOS="437" STYLEREFS="StyleId-2DF8D332-CEF4-4851-A7F2-0A927C3783B5-" VPOS="1621" WIDTH="1949">
<String CONTENT="The" HEIGHT="54" HPOS="437" VPOS="1625" WIDTH="123" />
<SP HEIGHT="55" HPOS="561" VPOS="1624" WIDTH="44" />
<String CONTENT="influence" HEIGHT="54" HPOS="606" VPOS="1623" WIDTH="280" />
<SP HEIGHT="34" HPOS="887" VPOS="1641" WIDTH="45" />
<String CONTENT="of" HEIGHT="53" HPOS="933" VPOS="1623" WIDTH="65" />
<SP HEIGHT="55" HPOS="999" VPOS="1621" WIDTH="46" />
<String CONTENT="Orestes" HEIGHT="55" HPOS="1046" VPOS="1621" WIDTH="229" />
<SP HEIGHT="54" HPOS="1276" VPOS="1621" WIDTH="44" />
<String CONTENT="Augustus" HEIGHT="69" HPOS="1321" VPOS="1621" WIDTH="298" />
<SP HEIGHT="53" HPOS="1620" VPOS="1623" WIDTH="47" />
<String CONTENT="Brownson" HEIGHT="52" HPOS="1668" VPOS="1623" WIDTH="320" />
<SP HEIGHT="49" HPOS="1989" VPOS="1641" WIDTH="51" />
<String CONTENT="[by]" CS="1" HEIGHT="70" HPOS="2057" VPOS="1622" WIDTH="94" />
<SP HEIGHT="68" HPOS="2152" VPOS="1623" WIDTH="51" />
<String CONTENT="Sister" HEIGHT="56" HPOS="2204" VPOS="1622" WIDTH="182" />
</TextLine>
<TextLine CS="1" HEIGHT="73" HPOS="365" STYLEREFS="StyleId-2DF8D332-CEF4-4851-A7F2-0A927C3783B5-" VPOS="1700" WIDTH="2020">
<String CONTENT="Mary" HEIGHT="69" HPOS="365" VPOS="1704" WIDTH="173" />
<SP HEIGHT="70" HPOS="539" VPOS="1703" WIDTH="47" />
<String CONTENT="Rose" HEIGHT="53" HPOS="587" VPOS="1703" WIDTH="150" />
<SP HEIGHT="55" HPOS="738" VPOS="1701" WIDTH="49" />
<String CONTENT="Gertrude" HEIGHT="55" HPOS="788" VPOS="1701" WIDTH="288" />
<SP HEIGHT="54" HPOS="1077" VPOS="1701" WIDTH="50" />
<String CONTENT="Whalen" HEIGHT="55" HPOS="1128" VPOS="1700" WIDTH="248" />
<SP HEIGHT="34" HPOS="1377" VPOS="1719" WIDTH="58" />
<String CONTENT="&#8230;" CS="1" />
<SP HEIGHT="55" HPOS="1492" VPOS="1700" WIDTH="91" />
<String CONTENT="South" HEIGHT="55" HPOS="1584" VPOS="1700" WIDTH="184" />
<SP HEIGHT="53" HPOS="1769" VPOS="1700" WIDTH="53" />
<String CONTENT="Bend," HEIGHT="67" HPOS="1823" VPOS="1702" WIDTH="184" />
<SP HEIGHT="66" HPOS="2008" VPOS="1703" WIDTH="51" />
<String CONTENT="Ind.," HEIGHT="67" HPOS="2060" VPOS="1703" WIDTH="149" />
<SP HEIGHT="65" HPOS="2210" VPOS="1705" WIDTH="53" />
<String CONTENT="The" HEIGHT="53" HPOS="2264" VPOS="1704" WIDTH="121" />
</TextLine>
<TextLine HEIGHT="68" HPOS="366" STYLEREFS="StyleId-2DF8D332-CEF4-4851-A7F2-0A927C3783B5-" VPOS="1782" WIDTH="621">
<String CONTENT="Chimes" HEIGHT="56" HPOS="366" VPOS="1782" WIDTH="231" />
<SP HEIGHT="50" HPOS="598" VPOS="1800" WIDTH="29" />
<String CONTENT="press," HEIGHT="51" HPOS="628" VPOS="1799" WIDTH="178" />
<SP HEIGHT="66" HPOS="807" VPOS="1783" WIDTH="27" />
<String CONTENT="1936." HEIGHT="52" HPOS="835" VPOS="1783" WIDTH="152" />
</TextLine>
<TextLine CS="1" HEIGHT="52" HPOS="437" VPOS="1854" WIDTH="971">
<String CONTENT="2" HEIGHT="40" HPOS="437" VPOS="1858" WIDTH="28" />
<SP HEIGHT="48" HPOS="466" VPOS="1858" WIDTH="24" />
<String CONTENT="p." HEIGHT="37" HPOS="491" VPOS="1869" WIDTH="44" />
<SP />
<String CONTENT="l.," CS="1" HEIGHT="18" HPOS="597" VPOS="1888" WIDTH="9" />
<SP HEIGHT="50" HPOS="607" VPOS="1856" WIDTH="27" />
<String CONTENT="ix-xiii" HEIGHT="42" HPOS="635" VPOS="1854" WIDTH="175" />
<SP HEIGHT="49" HPOS="811" VPOS="1855" WIDTH="25" />
<String CONTENT="p.," HEIGHT="38" HPOS="837" LANG="fr" VPOS="1866" WIDTH="58" />
<SP HEIGHT="47" HPOS="896" VPOS="1855" WIDTH="25" />
<String CONTENT="1" HEIGHT="39" HPOS="922" VPOS="1855" WIDTH="25" />
<SP />
<String CONTENT="l.," CS="1" HEIGHT="18" HPOS="1011" VPOS="1886" WIDTH="8" />
<SP HEIGHT="49" HPOS="1020" VPOS="1855" WIDTH="27" />
<String CONTENT="138" HEIGHT="42" HPOS="1048" VPOS="1854" WIDTH="88" />
<SP HEIGHT="49" HPOS="1137" VPOS="1854" WIDTH="23" />
<String CONTENT="p." HEIGHT="37" HPOS="1161" VPOS="1866" WIDTH="43" />
<SP HEIGHT="40" HPOS="1205" VPOS="1855" WIDTH="53" />
<String CONTENT="20&#189;" CS="1" HEIGHT="41" HPOS="1259" VPOS="1854" WIDTH="61" />
<String CONTENT="cm" HEIGHT="22" HPOS="1349" STYLE="superscript" VPOS="1856" WIDTH="45" />
<String CONTENT="." HEIGHT="9" HPOS="1399" VPOS="1885" WIDTH="9" />
</TextLine>
<TextLine HEIGHT="49" HPOS="438" VPOS="1926" WIDTH="1946">
<String CONTENT="Issued" HEIGHT="41" HPOS="438" VPOS="1930" WIDTH="173" />
<SP HEIGHT="39" HPOS="612" VPOS="1930" WIDTH="36" />
<String CONTENT="also" HEIGHT="41" HPOS="649" VPOS="1928" WIDTH="106" />
<SP HEIGHT="31" HPOS="756" VPOS="1938" WIDTH="36" />
<String CONTENT="as" HEIGHT="31" HPOS="793" VPOS="1937" WIDTH="57" />
<SP HEIGHT="40" HPOS="851" VPOS="1928" WIDTH="32" />
<String CONTENT="thesis" HEIGHT="41" HPOS="884" VPOS="1927" WIDTH="155" />
<SP HEIGHT="30" HPOS="1040" VPOS="1938" WIDTH="34" />
<String CONTENT="under" HEIGHT="40" HPOS="1075" VPOS="1928" WIDTH="154" />
<SP HEIGHT="39" HPOS="1230" VPOS="1929" WIDTH="33" />
<String CONTENT="title" HEIGHT="42" HPOS="1264" VPOS="1926" WIDTH="110" />
<SP HEIGHT="32" HPOS="1375" VPOS="1937" WIDTH="16" />
<String CONTENT=":" HEIGHT="30" HPOS="1392" VPOS="1939" WIDTH="9" />
<SP HEIGHT="42" HPOS="1402" VPOS="1927" WIDTH="42" />
<String CONTENT="Some" HEIGHT="41" HPOS="1445" VPOS="1927" WIDTH="139" />
<SP HEIGHT="30" HPOS="1585" VPOS="1937" WIDTH="39" />
<String CONTENT="aspects" HEIGHT="47" HPOS="1625" VPOS="1928" WIDTH="192" />
<SP HEIGHT="31" HPOS="1818" VPOS="1938" WIDTH="34" />
<String CONTENT="of" HEIGHT="41" HPOS="1853" VPOS="1928" WIDTH="52" />
<SP HEIGHT="41" HPOS="1906" VPOS="1928" WIDTH="33" />
<String CONTENT="the" HEIGHT="40" HPOS="1940" VPOS="1929" WIDTH="84" />
<SP HEIGHT="41" HPOS="2025" VPOS="1928" WIDTH="31" />
<String CONTENT="influence" HEIGHT="43" HPOS="2057" VPOS="1928" WIDTH="239" />
<SP HEIGHT="31" HPOS="2297" VPOS="1941" WIDTH="34" />
<String CONTENT="of" HEIGHT="40" HPOS="2332" VPOS="1932" WIDTH="52" />
</TextLine>
<TextLine HEIGHT="48" HPOS="367" VPOS="1984" WIDTH="1229">
<String CONTENT="Orestes" HEIGHT="41" HPOS="367" VPOS="1989" WIDTH="199" />
<SP HEIGHT="41" HPOS="567" VPOS="1986" WIDTH="23" />
<String CONTENT="A." HEIGHT="41" HPOS="591" VPOS="1986" WIDTH="54" />
<SP HEIGHT="40" HPOS="646" VPOS="1987" WIDTH="32" />
<String CONTENT="Brownson" HEIGHT="38" HPOS="679" VPOS="1987" WIDTH="272" />
<SP HEIGHT="30" HPOS="952" VPOS="1995" WIDTH="22" />
<String CONTENT="on" HEIGHT="30" HPOS="975" VPOS="1995" WIDTH="61" />
<SP HEIGHT="39" HPOS="1037" VPOS="1985" WIDTH="26" />
<String CONTENT="his" HEIGHT="41" HPOS="1064" VPOS="1984" WIDTH="77" />
<SP HEIGHT="30" HPOS="1142" VPOS="1995" WIDTH="26" />
<String CONTENT="contemporaries." HEIGHT="48" HPOS="1169" VPOS="1984" WIDTH="427" />
</TextLine>
<TextLine HEIGHT="51" HPOS="439" VPOS="2040" WIDTH="1260">
<String CONTENT="&#8220;List" HEIGHT="40" HPOS="439" VPOS="2045" WIDTH="136" />
<SP HEIGHT="39" HPOS="576" VPOS="2046" WIDTH="27" />
<String CONTENT="of" HEIGHT="42" HPOS="604" VPOS="2043" WIDTH="54" />
<SP HEIGHT="41" HPOS="659" VPOS="2043" WIDTH="26" />
<String CONTENT="sources" HEIGHT="31" HPOS="686" VPOS="2053" WIDTH="197" />
<SP HEIGHT="30" HPOS="884" VPOS="2053" WIDTH="27" />
<String CONTENT="and" HEIGHT="40" HPOS="912" VPOS="2043" WIDTH="96" />
<SP HEIGHT="40" HPOS="1009" VPOS="2043" WIDTH="30" />
<String CONTENT="references&#8221;" HEIGHT="42" HPOS="1040" VPOS="2040" WIDTH="305" />
<SP HEIGHT="42" HPOS="1346" VPOS="2040" WIDTH="17" />
<String CONTENT=":" HEIGHT="29" HPOS="1364" VPOS="2053" WIDTH="9" />
<SP HEIGHT="39" HPOS="1374" VPOS="2052" WIDTH="31" />
<String CONTENT="p." HEIGHT="39" HPOS="1406" VPOS="2052" WIDTH="44" />
<SP HEIGHT="40" HPOS="1451" VPOS="2042" WIDTH="28" />
<String CONTENT="134-138." HEIGHT="42" HPOS="1480" VPOS="2042" WIDTH="219" />
</TextLine>
<TextLine HEIGHT="54" HPOS="363" VPOS="2112" WIDTH="2017">
<String CONTENT="&#169;" HEIGHT="54" HPOS="363" VPOS="2112" WIDTH="55" />
<SP HEIGHT="54" HPOS="419" VPOS="2112" WIDTH="27" />
<String CONTENT="June" HEIGHT="39" HPOS="447" VPOS="2117" WIDTH="127" />
<SP HEIGHT="39" HPOS="575" VPOS="2116" WIDTH="22" />
<String CONTENT="24," HEIGHT="47" HPOS="598" VPOS="2116" WIDTH="73" />
<SP HEIGHT="48" HPOS="672" VPOS="2115" WIDTH="28" />
<String CONTENT="1936" HEIGHT="41" HPOS="701" VPOS="2114" WIDTH="114" />
<SP HEIGHT="47" HPOS="816" VPOS="2114" WIDTH="17" />
<String CONTENT=";" HEIGHT="36" HPOS="834" VPOS="2125" WIDTH="8" />
<SP HEIGHT="48" HPOS="843" VPOS="2113" WIDTH="31" />
<String CONTENT="2c." HEIGHT="41" HPOS="875" VPOS="2113" WIDTH="67" />
<SP HEIGHT="39" HPOS="943" VPOS="2115" WIDTH="30" />
<String CONTENT="July" HEIGHT="47" HPOS="974" VPOS="2113" WIDTH="116" />
<SP HEIGHT="47" HPOS="1091" VPOS="2113" WIDTH="28" />
<String CONTENT="10" HEIGHT="40" HPOS="1120" VPOS="2113" WIDTH="54" />
<SP HEIGHT="45" HPOS="1175" VPOS="2113" WIDTH="17" />
<String CONTENT=";" HEIGHT="34" HPOS="1193" VPOS="2124" WIDTH="8" />
<SP HEIGHT="35" HPOS="1202" VPOS="2123" WIDTH="33" />
<String CONTENT="aff." HEIGHT="40" HPOS="1236" VPOS="2113" WIDTH="82" />
<SP HEIGHT="39" HPOS="1319" VPOS="2114" WIDTH="29" />
<String CONTENT="July" HEIGHT="47" HPOS="1349" VPOS="2113" WIDTH="117" />
<SP HEIGHT="46" HPOS="1467" VPOS="2114" WIDTH="29" />
<String CONTENT="16" HEIGHT="40" HPOS="1497" VPOS="2113" WIDTH="55" />
<SP HEIGHT="47" HPOS="1553" VPOS="2113" WIDTH="16" />
<String CONTENT=";" HEIGHT="36" HPOS="1570" VPOS="2124" WIDTH="9" />
<SP HEIGHT="46" HPOS="1580" VPOS="2114" WIDTH="34" />
<String CONTENT="A" HEIGHT="39" HPOS="1615" VPOS="2114" WIDTH="40" />
<SP HEIGHT="42" HPOS="1656" VPOS="2112" WIDTH="27" />
<String CONTENT="96503" HEIGHT="43" HPOS="1684" VPOS="2112" WIDTH="145" />
<SP HEIGHT="46" HPOS="1830" VPOS="2115" WIDTH="17" />
<String CONTENT=";" HEIGHT="36" HPOS="1848" VPOS="2125" WIDTH="8" />
<SP HEIGHT="44" HPOS="1857" VPOS="2117" WIDTH="33" />
<String CONTENT="M." HEIGHT="39" HPOS="1891" LANG="fi" VPOS="2117" WIDTH="63" />
<SP HEIGHT="39" HPOS="1955" VPOS="2117" WIDTH="32" />
<String CONTENT="R." HEIGHT="38" HPOS="1988" LANG="fr" VPOS="2117" WIDTH="54" />
<SP HEIGHT="41" HPOS="2043" VPOS="2116" WIDTH="32" />
<String CONTENT="G." HEIGHT="41" HPOS="2076" VPOS="2116" WIDTH="56" />
<SP HEIGHT="39" HPOS="2133" VPOS="2118" WIDTH="27" />
<String CONTENT="Whalen," HEIGHT="48" HPOS="2161" VPOS="2117" WIDTH="219" />
</TextLine>
<TextLine HEIGHT="50" HPOS="425" VPOS="2170" WIDTH="792">
<String CONTENT="Holy" HEIGHT="46" HPOS="425" VPOS="2174" WIDTH="129" />
<SP HEIGHT="47" HPOS="555" VPOS="2173" WIDTH="23" />
<String CONTENT="Cross," HEIGHT="46" HPOS="579" VPOS="2173" WIDTH="161" />
<SP HEIGHT="46" HPOS="741" VPOS="2173" WIDTH="24" />
<String CONTENT="Ind." HEIGHT="40" HPOS="766" VPOS="2171" WIDTH="104" />
<SP HEIGHT="48" HPOS="871" VPOS="2170" WIDTH="63" />
<String CONTENT="(36-17431)" HEIGHT="48" HPOS="935" VPOS="2170" WIDTH="282" />
</TextLine>
<TextLine HEIGHT="70" HPOS="361" STYLEREFS="StyleId-7E1CFC64-B393-4ECB-B005-F837EF8B2F6B-" VPOS="2273" WIDTH="1480">
<String CONTENT="Wheeler," HEIGHT="65" HPOS="361" VPOS="2278" WIDTH="290" />
<SP HEIGHT="66" HPOS="652" VPOS="2277" WIDTH="26" />
<String CONTENT="Harold" HEIGHT="55" HPOS="679" VPOS="2275" WIDTH="224" />
<SP HEIGHT="53" HPOS="904" VPOS="2277" WIDTH="26" />
<String CONTENT="Felix" HEIGHT="56" HPOS="931" VPOS="2273" WIDTH="165" />
<SP HEIGHT="54" HPOS="1097" VPOS="2274" WIDTH="24" />
<String CONTENT="Baker," HEIGHT="65" HPOS="1122" VPOS="2274" WIDTH="216" />
<SP HEIGHT="59" HPOS="1339" VPOS="2280" WIDTH="28" />
<String CONTENT="1877-" HEIGHT="53" HPOS="1368" VPOS="2276" WIDTH="173" />
<SP HEIGHT="35" HPOS="1542" VPOS="2294" WIDTH="212" />
<String CONTENT="ed." HEIGHT="54" HPOS="1755" VPOS="2276" WIDTH="86" />
</TextLine>
<TextLine HEIGHT="73" HPOS="430" STYLEREFS="StyleId-2DF8D332-CEF4-4851-A7F2-0A927C3783B5-" VPOS="2351" WIDTH="1950">
<String CONTENT="Peoples" HEIGHT="70" HPOS="430" VPOS="2354" WIDTH="243" />
<SP HEIGHT="36" HPOS="674" VPOS="2372" WIDTH="41" />
<String CONTENT="of" HEIGHT="55" HPOS="716" VPOS="2352" WIDTH="65" />
<SP HEIGHT="54" HPOS="782" VPOS="2352" WIDTH="38" />
<String CONTENT="the" HEIGHT="54" HPOS="821" VPOS="2353" WIDTH="98" />
<SP HEIGHT="36" HPOS="920" VPOS="2371" WIDTH="42" />
<String CONTENT="world" HEIGHT="54" HPOS="963" VPOS="2352" WIDTH="183" />
<SP HEIGHT="55" HPOS="1147" VPOS="2351" WIDTH="40" />
<String CONTENT="in" HEIGHT="54" HPOS="1188" VPOS="2351" WIDTH="63" />
<SP HEIGHT="51" HPOS="1252" VPOS="2370" WIDTH="37" />
<String CONTENT="pictures;" HEIGHT="70" HPOS="1290" VPOS="2351" WIDTH="280" />
<SP HEIGHT="52" HPOS="1571" VPOS="2370" WIDTH="43" />
<String CONTENT="general" HEIGHT="70" HPOS="1615" VPOS="2352" WIDTH="234" />
<SP HEIGHT="55" HPOS="1850" VPOS="2352" WIDTH="41" />
<String CONTENT="editor:" HEIGHT="55" HPOS="1892" VPOS="2353" WIDTH="216" />
<SP HEIGHT="53" HPOS="2109" VPOS="2355" WIDTH="41" />
<String CONTENT="Harold" HEIGHT="56" HPOS="2151" VPOS="2355" WIDTH="229" />
</TextLine>
<TextLine CS="1" HEIGHT="70" HPOS="358" STYLEREFS="StyleId-2DF8D332-CEF4-4851-A7F2-0A927C3783B5-" VPOS="2429" WIDTH="1489">
<String CONTENT="Wheeler" HEIGHT="56" HPOS="358" VPOS="2431" WIDTH="265" />
<SP HEIGHT="34" HPOS="624" VPOS="2452" WIDTH="29" />
<String CONTENT="&#8230;" CS="1" />
<SP HEIGHT="53" HPOS="712" VPOS="2431" WIDTH="63" />
<String CONTENT="London," HEIGHT="68" HPOS="776" VPOS="2431" WIDTH="261" />
<SP HEIGHT="70" HPOS="1038" VPOS="2429" WIDTH="24" />
<String CONTENT="Odhams" HEIGHT="57" HPOS="1063" VPOS="2429" WIDTH="260" />
<SP HEIGHT="51" HPOS="1324" VPOS="2448" WIDTH="24" />
<String CONTENT="press" HEIGHT="51" HPOS="1349" VPOS="2448" WIDTH="159" />
<SP HEIGHT="53" HPOS="1509" VPOS="2431" WIDTH="23" />
<String CONTENT="ltd." HEIGHT="54" HPOS="1533" VPOS="2430" WIDTH="103" />
<SP HEIGHT="35" HPOS="1637" VPOS="2463" WIDTH="31" />
<String CONTENT="[" HEIGHT="35" HPOS="1669" VPOS="2463" WIDTH="14" />
<String CONTENT="c" HEIGHT="23" HPOS="1687" STYLE="superscript" VPOS="2436" WIDTH="19" />
<String CONTENT="1936]" CS="1" HEIGHT="52" HPOS="1710" VPOS="2432" WIDTH="137" />
</TextLine>
<TextLine CS="1" HEIGHT="51" HPOS="430" STYLEREFS="StyleId-2DF8D332-CEF4-4851-A7F2-0A927C3783B5-" VPOS="2504" WIDTH="860">
<String CONTENT="512" HEIGHT="41" HPOS="430" VPOS="2505" WIDTH="86" />
<SP HEIGHT="49" HPOS="517" VPOS="2506" WIDTH="25" />
<String CONTENT="p." HEIGHT="38" HPOS="543" VPOS="2517" WIDTH="43" />
<SP HEIGHT="41" HPOS="587" VPOS="2506" WIDTH="27" />
<String CONTENT="incl." HEIGHT="41" HPOS="615" VPOS="2506" WIDTH="111" />
<SP HEIGHT="42" HPOS="727" VPOS="2505" WIDTH="28" />
<String CONTENT="front.," HEIGHT="47" HPOS="756" VPOS="2505" WIDTH="165" />
<SP HEIGHT="48" HPOS="922" VPOS="2504" WIDTH="28" />
<String CONTENT="illus." HEIGHT="42" HPOS="951" VPOS="2504" WIDTH="131" />
<SP HEIGHT="41" HPOS="1083" VPOS="2504" WIDTH="57" />
<String CONTENT="25&#189;" CS="1" HEIGHT="41" HPOS="1141" VPOS="2504" WIDTH="57" />
<String CONTENT="cm" HEIGHT="22" HPOS="1232" STYLE="superscript" VPOS="2506" WIDTH="45" />
<String CONTENT="." HEIGHT="10" HPOS="1280" VPOS="2536" WIDTH="10" />
</TextLine>
<TextLine HEIGHT="50" HPOS="433" VPOS="2574" WIDTH="935">
<String CONTENT="Illustrated" HEIGHT="43" HPOS="433" VPOS="2575" WIDTH="292" />
<SP HEIGHT="40" HPOS="726" VPOS="2577" WIDTH="26" />
<String CONTENT="t.-p." HEIGHT="47" HPOS="753" VPOS="2577" WIDTH="99" />
<SP HEIGHT="34" HPOS="853" VPOS="2586" WIDTH="24" />
<String CONTENT="and" HEIGHT="40" HPOS="878" VPOS="2576" WIDTH="97" />
<SP HEIGHT="41" HPOS="976" VPOS="2575" WIDTH="25" />
<String CONTENT="lining-papers." HEIGHT="50" HPOS="1002" VPOS="2574" WIDTH="366" />
</TextLine>
<TextLine CS="1" HEIGHT="53" HPOS="364" VPOS="2646" WIDTH="2016">
<String CONTENT="&#169;" HEIGHT="53" HPOS="364" VPOS="2646" WIDTH="53" />
<SP />
<String CONTENT="1c." CS="1" />
<SP HEIGHT="40" HPOS="512" VPOS="2651" WIDTH="29" />
<String CONTENT="June" HEIGHT="39" HPOS="542" VPOS="2651" WIDTH="128" />
<SP HEIGHT="39" HPOS="671" VPOS="2650" WIDTH="25" />
<String CONTENT="4," HEIGHT="48" HPOS="697" VPOS="2650" WIDTH="40" />
<SP HEIGHT="48" HPOS="738" VPOS="2650" WIDTH="29" />
<String CONTENT="1936;" HEIGHT="47" HPOS="768" VPOS="2648" WIDTH="142" />
<SP HEIGHT="46" HPOS="911" VPOS="2649" WIDTH="31" />
<String CONTENT="A" HEIGHT="39" HPOS="943" VPOS="2649" WIDTH="41" />
<SP HEIGHT="39" HPOS="985" VPOS="2649" WIDTH="27" />
<String CONTENT="ad" HEIGHT="39" HPOS="1013" VPOS="2648" WIDTH="62" />
<SP HEIGHT="40" HPOS="1076" VPOS="2647" WIDTH="27" />
<String CONTENT="int." HEIGHT="41" HPOS="1104" VPOS="2647" WIDTH="87" />
<SP HEIGHT="41" HPOS="1192" VPOS="2647" WIDTH="28" />
<String CONTENT="21610;" HEIGHT="47" HPOS="1221" VPOS="2647" WIDTH="172" />
<SP HEIGHT="37" HPOS="1394" VPOS="2658" WIDTH="30" />
<String CONTENT="pubd." HEIGHT="49" HPOS="1425" VPOS="2646" WIDTH="143" />
<SP HEIGHT="41" HPOS="1569" VPOS="2647" WIDTH="29" />
<String CONTENT="Apr." HEIGHT="49" HPOS="1599" VPOS="2647" WIDTH="114" />
<SP HEIGHT="40" HPOS="1714" VPOS="2647" WIDTH="28" />
<String CONTENT="27;" HEIGHT="49" HPOS="1743" VPOS="2647" WIDTH="84" />
<SP HEIGHT="48" HPOS="1828" VPOS="2648" WIDTH="32" />
<String CONTENT="Oldhams" HEIGHT="42" HPOS="1861" VPOS="2648" WIDTH="237" />
<SP HEIGHT="39" HPOS="2099" VPOS="2659" WIDTH="24" />
<String CONTENT="press" HEIGHT="39" HPOS="2124" VPOS="2659" WIDTH="139" />
<SP HEIGHT="38" HPOS="2264" VPOS="2651" WIDTH="30" />
<String CONTENT="ltd." HEIGHT="41" HPOS="2295" VPOS="2650" WIDTH="85" />
</TextLine>
<TextLine HEIGHT="48" HPOS="436" VPOS="2707" WIDTH="283">
<String CONTENT="(36-17805)" HEIGHT="48" HPOS="436" VPOS="2707" WIDTH="283" />
</TextLine>
<TextLine HEIGHT="66" HPOS="363" STYLEREFS="StyleId-7E1CFC64-B393-4ECB-B005-F837EF8B2F6B-" VPOS="2810" WIDTH="682">
<String CONTENT="Wheeler," HEIGHT="66" HPOS="363" VPOS="2810" WIDTH="287" />
<SP HEIGHT="65" HPOS="651" VPOS="2811" WIDTH="26" />
<String CONTENT="Post," HEIGHT="63" HPOS="678" VPOS="2811" WIDTH="162" />
<SP HEIGHT="58" HPOS="841" VPOS="2816" WIDTH="29" />
<String CONTENT="1869-" HEIGHT="51" HPOS="871" VPOS="2815" WIDTH="174" />
</TextLine>
<TextLine HEIGHT="73" HPOS="436" STYLEREFS="StyleId-2DF8D332-CEF4-4851-A7F2-0A927C3783B5-" VPOS="2884" WIDTH="1947">
<String CONTENT="The" HEIGHT="56" HPOS="436" VPOS="2888" WIDTH="122" />
<SP HEIGHT="49" HPOS="559" VPOS="2908" WIDTH="35" />
<String CONTENT="golden" HEIGHT="70" HPOS="595" VPOS="2887" WIDTH="210" />
<SP HEIGHT="53" HPOS="806" VPOS="2888" WIDTH="34" />
<String CONTENT="legend" HEIGHT="70" HPOS="841" VPOS="2887" WIDTH="206" />
<SP HEIGHT="54" HPOS="1048" VPOS="2887" WIDTH="36" />
<String CONTENT="of" HEIGHT="56" HPOS="1085" VPOS="2885" WIDTH="65" />
<SP HEIGHT="54" HPOS="1151" VPOS="2885" WIDTH="36" />
<String CONTENT="Ethiopia;" HEIGHT="72" HPOS="1188" VPOS="2884" WIDTH="308" />
<SP HEIGHT="62" HPOS="1497" VPOS="2892" WIDTH="37" />
<String CONTENT="the" HEIGHT="55" HPOS="1535" VPOS="2885" WIDTH="97" />
<SP HEIGHT="55" HPOS="1633" VPOS="2885" WIDTH="34" />
<String CONTENT="love-story" HEIGHT="71" HPOS="1668" VPOS="2885" WIDTH="314" />
<SP HEIGHT="51" HPOS="1983" VPOS="2905" WIDTH="33" />
<String CONTENT="of" HEIGHT="55" HPOS="2017" VPOS="2885" WIDTH="65" />
<SP HEIGHT="56" HPOS="2083" VPOS="2885" WIDTH="33" />
<String CONTENT="M&#226;qed&#226;," HEIGHT="70" HPOS="2117" LANG="fr" VPOS="2887" WIDTH="266" />
</TextLine>
<TextLine HEIGHT="73" HPOS="366" STYLEREFS="StyleId-2DF8D332-CEF4-4851-A7F2-0A927C3783B5-" VPOS="2964" WIDTH="2016">
<String CONTENT="virgin" HEIGHT="70" HPOS="366" VPOS="2967" WIDTH="193" />
<SP HEIGHT="50" HPOS="560" VPOS="2986" WIDTH="25" />
<String CONTENT="queen" HEIGHT="50" HPOS="586" VPOS="2986" WIDTH="179" />
<SP HEIGHT="34" HPOS="766" VPOS="2986" WIDTH="26" />
<String CONTENT="of" HEIGHT="54" HPOS="793" VPOS="2966" WIDTH="65" />
<SP HEIGHT="53" HPOS="859" VPOS="2966" WIDTH="24" />
<String CONTENT="Axum" HEIGHT="53" HPOS="884" VPOS="2966" WIDTH="196" />
<SP HEIGHT="50" HPOS="1081" VPOS="2969" WIDTH="25" />
<String CONTENT="&amp;" HEIGHT="50" HPOS="1107" VPOS="2969" WIDTH="51" />
<SP HEIGHT="55" HPOS="1159" VPOS="2965" WIDTH="30" />
<String CONTENT="Sh&#234;b&#226;," HEIGHT="69" HPOS="1190" LANG="fr" VPOS="2965" WIDTH="205" />
<SP HEIGHT="66" HPOS="1396" VPOS="2968" WIDTH="29" />
<String CONTENT="&amp;" HEIGHT="51" HPOS="1426" VPOS="2968" WIDTH="52" />
<SP HEIGHT="56" HPOS="1479" VPOS="2964" WIDTH="30" />
<String CONTENT="Solomon" HEIGHT="56" HPOS="1510" VPOS="2964" WIDTH="272" />
<SP HEIGHT="48" HPOS="1783" VPOS="2970" WIDTH="24" />
<String CONTENT="the" HEIGHT="53" HPOS="1808" VPOS="2965" WIDTH="97" />
<SP HEIGHT="52" HPOS="1906" VPOS="2983" WIDTH="25" />
<String CONTENT="great" HEIGHT="63" HPOS="1932" VPOS="2972" WIDTH="164" />
<SP HEIGHT="54" HPOS="2097" VPOS="2966" WIDTH="22" />
<String CONTENT="king," HEIGHT="70" HPOS="2120" VPOS="2966" WIDTH="159" />
<SP HEIGHT="67" HPOS="2280" VPOS="2967" WIDTH="27" />
<String CONTENT="by" HEIGHT="69" HPOS="2308" VPOS="2967" WIDTH="74" />
</TextLine>
<TextLine CS="1" HEIGHT="71" HPOS="366" STYLEREFS="StyleId-2DF8D332-CEF4-4851-A7F2-0A927C3783B5-" VPOS="3043" WIDTH="2016">
<String CONTENT="Post" HEIGHT="53" HPOS="366" VPOS="3047" WIDTH="140" />
<SP HEIGHT="54" HPOS="507" VPOS="3047" WIDTH="34" />
<String CONTENT="Wheeler" HEIGHT="55" HPOS="542" VPOS="3046" WIDTH="268" />
<SP HEIGHT="34" HPOS="811" VPOS="3067" WIDTH="41" />
<String CONTENT="&#8230;" CS="1" />
<SP HEIGHT="53" HPOS="910" VPOS="3045" WIDTH="76" />
<String CONTENT="New" HEIGHT="53" HPOS="987" VPOS="3045" WIDTH="139" />
<SP HEIGHT="52" HPOS="1127" VPOS="3045" WIDTH="40" />
<String CONTENT="York," HEIGHT="70" HPOS="1168" VPOS="3043" WIDTH="180" />
<SP HEIGHT="68" HPOS="1349" VPOS="3045" WIDTH="36" />
<String CONTENT="London," HEIGHT="69" HPOS="1386" VPOS="3044" WIDTH="260" />
<SP HEIGHT="68" HPOS="1647" VPOS="3045" WIDTH="37" />
<String CONTENT="D." HEIGHT="53" HPOS="1685" VPOS="3045" WIDTH="72" />
<SP HEIGHT="54" HPOS="1758" VPOS="3044" WIDTH="38" />
<String CONTENT="Appleton-Century" HEIGHT="70" HPOS="1797" VPOS="3044" WIDTH="585" />
</TextLine>
<TextLine HEIGHT="69" HPOS="364" STYLEREFS="StyleId-2DF8D332-CEF4-4851-A7F2-0A927C3783B5-" VPOS="3124" WIDTH="939">
<String CONTENT="company," HEIGHT="50" HPOS="364" VPOS="3143" WIDTH="302" />
<SP HEIGHT="67" HPOS="667" VPOS="3125" WIDTH="28" />
<String CONTENT="incorporated," HEIGHT="69" HPOS="696" VPOS="3124" WIDTH="422" />
<SP HEIGHT="64" HPOS="1119" VPOS="3128" WIDTH="32" />
<String CONTENT="1936." HEIGHT="50" HPOS="1152" VPOS="3127" WIDTH="151" />
</TextLine>
<TextLine CS="1" HEIGHT="51" HPOS="437" STYLEREFS="StyleId-2DF8D332-CEF4-4851-A7F2-0A927C3783B5-" VPOS="3198" WIDTH="897">
<String CONTENT="vi," HEIGHT="47" HPOS="437" VPOS="3198" WIDTH="62" />
<SP HEIGHT="46" HPOS="500" VPOS="3199" WIDTH="30" />
<String CONTENT="184," HEIGHT="49" HPOS="531" VPOS="3199" WIDTH="98" />
<SP HEIGHT="31" HPOS="630" VPOS="3218" WIDTH="33" />
<String CONTENT="[1]" HEIGHT="50" HPOS="664" VPOS="3199" WIDTH="55" />
<SP HEIGHT="39" HPOS="720" VPOS="3210" WIDTH="30" />
<String CONTENT="p." HEIGHT="38" HPOS="751" VPOS="3210" WIDTH="44" />
<SP HEIGHT="30" HPOS="796" VPOS="3210" WIDTH="60" />
<String CONTENT="col." HEIGHT="40" HPOS="857" VPOS="3200" WIDTH="87" />
<SP HEIGHT="41" HPOS="945" VPOS="3198" WIDTH="28" />
<String CONTENT="front." HEIGHT="41" HPOS="974" VPOS="3198" WIDTH="152" />
<SP HEIGHT="40" HPOS="1127" VPOS="3199" WIDTH="58" />
<String CONTENT="19&#189;" CS="1" HEIGHT="40" HPOS="1186" VPOS="3198" WIDTH="59" />
<String CONTENT="cm" HEIGHT="23" HPOS="1275" STYLE="superscript" VPOS="3200" WIDTH="45" />
<String CONTENT="." HEIGHT="9" HPOS="1324" VPOS="3230" WIDTH="10" />
</TextLine>
<TextLine HEIGHT="50" HPOS="437" VPOS="3267" WIDTH="689">
<String CONTENT="Illustrated" HEIGHT="41" HPOS="437" VPOS="3269" WIDTH="294" />
<SP HEIGHT="40" HPOS="732" VPOS="3269" WIDTH="28" />
<String CONTENT="lining-papers." HEIGHT="50" HPOS="761" VPOS="3267" WIDTH="365" />
</TextLine>
<TextLine HEIGHT="54" HPOS="360" VPOS="3322" WIDTH="2019">
<String CONTENT="&#169;" HEIGHT="53" HPOS="360" VPOS="3322" WIDTH="53" />
<SP HEIGHT="53" HPOS="414" VPOS="3322" WIDTH="26" />
<String CONTENT="July" HEIGHT="47" HPOS="441" VPOS="3326" WIDTH="117" />
<SP HEIGHT="46" HPOS="559" VPOS="3327" WIDTH="26" />
<String CONTENT="24," HEIGHT="47" HPOS="586" VPOS="3327" WIDTH="69" />
<SP HEIGHT="47" HPOS="656" VPOS="3327" WIDTH="29" />
<String CONTENT="1936;" HEIGHT="44" HPOS="686" VPOS="3325" WIDTH="140" />
<SP HEIGHT="44" HPOS="827" VPOS="3325" WIDTH="29" />
<String CONTENT="2c." HEIGHT="41" HPOS="857" VPOS="3325" WIDTH="67" />
<SP HEIGHT="30" HPOS="925" VPOS="3336" WIDTH="29" />
<String CONTENT="and" HEIGHT="39" HPOS="955" VPOS="3326" WIDTH="96" />
<SP HEIGHT="39" HPOS="1052" VPOS="3326" WIDTH="27" />
<String CONTENT="aff." HEIGHT="40" HPOS="1080" VPOS="3326" WIDTH="83" />
<SP HEIGHT="39" HPOS="1164" VPOS="3327" WIDTH="29" />
<String CONTENT="July" HEIGHT="47" HPOS="1194" VPOS="3325" WIDTH="115" />
<SP HEIGHT="46" HPOS="1310" VPOS="3326" WIDTH="28" />
<String CONTENT="25;" HEIGHT="46" HPOS="1339" VPOS="3326" WIDTH="82" />
<SP HEIGHT="46" HPOS="1422" VPOS="3326" WIDTH="31" />
<String CONTENT="A" HEIGHT="39" HPOS="1454" VPOS="3326" WIDTH="39" />
<SP HEIGHT="40" HPOS="1494" VPOS="3325" WIDTH="27" />
<String CONTENT="96632;" HEIGHT="48" HPOS="1522" VPOS="3325" WIDTH="172" />
<SP HEIGHT="46" HPOS="1695" VPOS="3327" WIDTH="31" />
<String CONTENT="P." HEIGHT="40" HPOS="1727" VPOS="3327" WIDTH="50" />
<SP HEIGHT="41" HPOS="1778" VPOS="3326" WIDTH="29" />
<String CONTENT="Wheeler," HEIGHT="50" HPOS="1808" VPOS="3326" WIDTH="238" />
<SP HEIGHT="49" HPOS="2047" VPOS="3327" WIDTH="29" />
<String CONTENT="Hollywood," HEIGHT="49" HPOS="2077" VPOS="3326" WIDTH="302" />
</TextLine>
<TextLine HEIGHT="49" HPOS="426" VPOS="3396" WIDTH="492">
<String CONTENT="Calif." HEIGHT="43" HPOS="426" VPOS="3396" WIDTH="146" />
<SP HEIGHT="47" HPOS="573" VPOS="3397" WIDTH="61" />
<String CONTENT="(36-17995)" HEIGHT="49" HPOS="635" VPOS="3396" WIDTH="283" />
</TextLine>
<TextLine HEIGHT="67" HPOS="362" STYLEREFS="StyleId-7E1CFC64-B393-4ECB-B005-F837EF8B2F6B-" VPOS="3501" WIDTH="755">
<String CONTENT="Wolfe," HEIGHT="67" HPOS="362" VPOS="3501" WIDTH="210" />
<SP HEIGHT="65" HPOS="573" VPOS="3503" WIDTH="25" />
<String CONTENT="Humbert," HEIGHT="67" HPOS="599" VPOS="3501" WIDTH="317" />
<SP HEIGHT="61" HPOS="917" VPOS="3507" WIDTH="27" />
<String CONTENT="1885-" HEIGHT="51" HPOS="945" VPOS="3507" WIDTH="172" />
</TextLine>
<TextLine HEIGHT="70" HPOS="434" STYLEREFS="StyleId-2DF8D332-CEF4-4851-A7F2-0A927C3783B5-" VPOS="3578" WIDTH="1942">
<String CONTENT="The" HEIGHT="52" HPOS="434" VPOS="3580" WIDTH="123" />
<SP HEIGHT="53" HPOS="558" VPOS="3579" WIDTH="33" />
<String CONTENT="fourth" HEIGHT="53" HPOS="592" VPOS="3579" WIDTH="203" />
<SP HEIGHT="52" HPOS="796" VPOS="3581" WIDTH="34" />
<String CONTENT="of" HEIGHT="54" HPOS="831" VPOS="3579" WIDTH="64" />
<SP HEIGHT="54" HPOS="896" VPOS="3578" WIDTH="33" />
<String CONTENT="August," HEIGHT="70" HPOS="930" VPOS="3578" WIDTH="249" />
<SP HEIGHT="67" HPOS="1180" VPOS="3579" WIDTH="34" />
<String CONTENT="by" HEIGHT="69" HPOS="1215" VPOS="3579" WIDTH="74" />
<SP HEIGHT="69" HPOS="1290" VPOS="3579" WIDTH="34" />
<String CONTENT="Humbert" HEIGHT="53" HPOS="1325" VPOS="3579" WIDTH="288" />
<SP HEIGHT="54" HPOS="1614" VPOS="3581" WIDTH="32" />
<String CONTENT="Wolfe." HEIGHT="56" HPOS="1647" VPOS="3579" WIDTH="210" />
<SP HEIGHT="53" HPOS="1858" VPOS="3579" WIDTH="69" />
<String CONTENT="London," HEIGHT="68" HPOS="1928" VPOS="3579" WIDTH="260" />
<SP HEIGHT="67" HPOS="2189" VPOS="3580" WIDTH="33" />
<String CONTENT="Eyre" HEIGHT="68" HPOS="2223" VPOS="3580" WIDTH="153" />
</TextLine>
<TextLine HEIGHT="70" HPOS="364" STYLEREFS="StyleId-2DF8D332-CEF4-4851-A7F2-0A927C3783B5-" VPOS="3657" WIDTH="767">
<String CONTENT="and" HEIGHT="53" HPOS="364" VPOS="3658" WIDTH="113" />
<SP HEIGHT="56" HPOS="478" VPOS="3657" WIDTH="28" />
<String CONTENT="Spottiswoode," HEIGHT="70" HPOS="507" VPOS="3657" WIDTH="441" />
<SP HEIGHT="65" HPOS="949" VPOS="3660" WIDTH="30" />
<String CONTENT="1935." HEIGHT="51" HPOS="980" VPOS="3660" WIDTH="151" />
</TextLine>
<TextLine CS="1" HEIGHT="50" HPOS="434" VPOS="3731" WIDTH="673">
<String CONTENT="3" HEIGHT="41" HPOS="434" VPOS="3731" WIDTH="26" />
<SP HEIGHT="50" HPOS="461" VPOS="3731" WIDTH="26" />
<String CONTENT="p." HEIGHT="38" HPOS="488" LANG="fr" VPOS="3743" WIDTH="44" />
<SP />
<String CONTENT="l." CS="1" LANG="fr" />
<String CONTENT="," HEIGHT="16" HPOS="595" VPOS="3764" WIDTH="8" />
<SP HEIGHT="48" HPOS="604" VPOS="3732" WIDTH="28" />
<String CONTENT="17" HEIGHT="39" HPOS="633" VPOS="3732" WIDTH="55" />
<SP HEIGHT="39" HPOS="689" VPOS="3732" WIDTH="25" />
<String CONTENT="numb." HEIGHT="41" HPOS="715" VPOS="3731" WIDTH="161" />
<SP />
<String CONTENT="l." CS="1" />
<SP HEIGHT="41" HPOS="934" VPOS="3731" WIDTH="55" />
<String CONTENT="26" HEIGHT="41" HPOS="990" VPOS="3731" WIDTH="56" />
<String CONTENT="cm" HEIGHT="21" HPOS="1049" STYLE="superscript" VPOS="3734" WIDTH="45" />
<String CONTENT="." HEIGHT="8" HPOS="1098" VPOS="3764" WIDTH="9" />
</TextLine>
<TextLine HEIGHT="43" HPOS="436" VPOS="3802" WIDTH="220">
<String CONTENT="Sonnets." HEIGHT="43" HPOS="436" VPOS="3802" WIDTH="220" />
</TextLine>
<TextLine HEIGHT="51" HPOS="434" VPOS="3859" WIDTH="1941">
<String CONTENT="725" HEIGHT="40" HPOS="434" VPOS="3860" WIDTH="86" />
<SP HEIGHT="39" HPOS="521" VPOS="3861" WIDTH="33" />
<String CONTENT="copies" HEIGHT="49" HPOS="555" VPOS="3859" WIDTH="161" />
<SP HEIGHT="37" HPOS="717" VPOS="3871" WIDTH="31" />
<String CONTENT="printed" HEIGHT="48" HPOS="749" VPOS="3860" WIDTH="195" />
<SP HEIGHT="47" HPOS="945" VPOS="3861" WIDTH="16" />
<String CONTENT=";" HEIGHT="37" HPOS="962" VPOS="3871" WIDTH="10" />
<SP HEIGHT="37" HPOS="973" VPOS="3871" WIDTH="35" />
<String CONTENT="one" HEIGHT="31" HPOS="1009" VPOS="3871" WIDTH="89" />
<SP HEIGHT="30" HPOS="1099" VPOS="3872" WIDTH="32" />
<String CONTENT="of" HEIGHT="40" HPOS="1132" VPOS="3861" WIDTH="51" />
<SP HEIGHT="39" HPOS="1184" VPOS="3861" WIDTH="32" />
<String CONTENT="700" HEIGHT="41" HPOS="1217" VPOS="3860" WIDTH="86" />
<SP HEIGHT="42" HPOS="1304" VPOS="3860" WIDTH="33" />
<String CONTENT="on" HEIGHT="30" HPOS="1338" VPOS="3872" WIDTH="60" />
<SP HEIGHT="30" HPOS="1399" VPOS="3871" WIDTH="33" />
<String CONTENT="antique" HEIGHT="49" HPOS="1433" VPOS="3860" WIDTH="200" />
<SP HEIGHT="39" HPOS="1634" VPOS="3871" WIDTH="31" />
<String CONTENT="paper" HEIGHT="39" HPOS="1666" VPOS="3871" WIDTH="153" />
<SP HEIGHT="29" HPOS="1820" VPOS="3871" WIDTH="30" />
<String CONTENT="numbered" HEIGHT="41" HPOS="1851" VPOS="3861" WIDTH="264" />
<SP HEIGHT="40" HPOS="2116" VPOS="3861" WIDTH="34" />
<String CONTENT="&#8220;not" HEIGHT="41" HPOS="2151" VPOS="3861" WIDTH="111" />
<SP HEIGHT="40" HPOS="2263" VPOS="3862" WIDTH="30" />
<String CONTENT="for" HEIGHT="41" HPOS="2294" VPOS="3862" WIDTH="81" />
</TextLine>
<TextLine HEIGHT="42" HPOS="363" VPOS="3917" WIDTH="145">
<String CONTENT="sale.&#8221;" HEIGHT="42" HPOS="363" VPOS="3917" WIDTH="145" />
</TextLine>
<TextLine CS="1" HEIGHT="53" HPOS="364" VPOS="3984" WIDTH="2010">
<String CONTENT="&#169;" HEIGHT="53" HPOS="364" VPOS="3984" WIDTH="53" />
<SP />
<String CONTENT="1c." CS="1" />
<SP HEIGHT="38" HPOS="511" VPOS="3990" WIDTH="30" />
<String CONTENT="Dec." HEIGHT="40" HPOS="542" VPOS="3990" WIDTH="111" />
<SP HEIGHT="40" HPOS="654" VPOS="3990" WIDTH="29" />
<String CONTENT="21," HEIGHT="47" HPOS="684" VPOS="3990" WIDTH="70" />
<SP HEIGHT="47" HPOS="755" VPOS="3990" WIDTH="29" />
<String CONTENT="1935;" HEIGHT="43" HPOS="785" VPOS="3990" WIDTH="140" />
<SP HEIGHT="43" HPOS="926" VPOS="3990" WIDTH="33" />
<String CONTENT="A" HEIGHT="39" HPOS="960" VPOS="3990" WIDTH="39" />
<SP HEIGHT="39" HPOS="1000" VPOS="3990" WIDTH="28" />
<String CONTENT="ad" HEIGHT="39" HPOS="1029" VPOS="3990" WIDTH="61" />
<SP HEIGHT="39" HPOS="1091" VPOS="3989" WIDTH="27" />
<String CONTENT="int." HEIGHT="41" HPOS="1119" VPOS="3989" WIDTH="87" />
<SP HEIGHT="40" HPOS="1207" VPOS="3990" WIDTH="29" />
<String CONTENT="20936;" HEIGHT="47" HPOS="1237" VPOS="3989" WIDTH="171" />
<SP HEIGHT="37" HPOS="1409" VPOS="4000" WIDTH="31" />
<String CONTENT="pubd." HEIGHT="48" HPOS="1441" VPOS="3989" WIDTH="141" />
<SP HEIGHT="41" HPOS="1583" VPOS="3989" WIDTH="32" />
<String CONTENT="Oct." HEIGHT="41" HPOS="1616" VPOS="3989" WIDTH="101" />
<SP HEIGHT="41" HPOS="1718" VPOS="3989" WIDTH="30" />
<String CONTENT="24;" HEIGHT="47" HPOS="1749" VPOS="3989" WIDTH="83" />
<SP HEIGHT="46" HPOS="1833" VPOS="3990" WIDTH="31" />
<String CONTENT="H." HEIGHT="40" HPOS="1865" VPOS="3990" WIDTH="60" />
<SP HEIGHT="40" HPOS="1926" VPOS="3990" WIDTH="29" />
<String CONTENT="Wolfe," HEIGHT="47" HPOS="1956" VPOS="3989" WIDTH="173" />
<SP HEIGHT="46" HPOS="2130" VPOS="3990" WIDTH="32" />
<String CONTENT="London." HEIGHT="40" HPOS="2163" VPOS="3988" WIDTH="211" />
<SP />
<String CONTENT="(36-17265)" CS="1" />
</TextLine>
</TextBlock>
</PrintSpace>
</Page>
</Layout>
</alto>