<alto xmlns="http://www.loc.gov/standards/alto/ns-v3#" xmlns:xlink="http://www.w3.org/1999/xlink" xmlns:xsi="http://www.w3.org/2001/XMLSchema-instance" xsi:schemaLocation="http://www.loc.gov/standards/alto/ns-v3# http://www.loc.gov/alto/v3/alto-3-0.xsd"><Description>
<MeasurementUnit>pixel</MeasurementUnit>
<sourceImageInformation>
<fileName>1936_v33_Part1.pdf</fileName>
</sourceImageInformation>
<OCRProcessing ID="IdOcr">
<ocrProcessingStep>
<processingDateTime>2019-01-18</processingDateTime>
<processingSoftware>
<softwareCreator>ABBYY</softwareCreator>
<softwareName>ABBYY Recognition Server</softwareName>
<softwareVersion>4.0</softwareVersion>
</processingSoftware>
</ocrProcessingStep>
</OCRProcessing>
</Description>
<Styles>
<ParagraphStyle ID="StyleId-FFFFFFFF-FFFF-FFFF-FFFF-FFFFFFFFFFFF-" ALIGN="Left" LEFT="0." RIGHT="0." FIRSTLINE="0."/>
<ParagraphStyle ID="StyleId-51D50FAC-7A90-4D70-8A96-5EA9D46D1C8B-" ALIGN="Left" LEFT="0." RIGHT="0." FIRSTLINE="0." LINESPACE="7.699999809"/>
<ParagraphStyle ID="StyleId-6BC133E9-7DCB-43C3-8842-A67984A26405-" ALIGN="Block" LEFT="0." RIGHT="0." FIRSTLINE="-17." LINESPACE="8.340000153"/>
<ParagraphStyle ID="StyleId-3C3FF860-43E7-46A2-8934-48F305F6F0D6-" ALIGN="Left" LEFT="0." RIGHT="0." FIRSTLINE="-13." LINESPACE="11.06999969"/>
<ParagraphStyle ID="StyleId-19220C76-4F8A-4737-B38C-B5F5C17E6040-" ALIGN="Block" LEFT="0." RIGHT="0." FIRSTLINE="-13." LINESPACE="11.06999969"/>
<ParagraphStyle ID="StyleId-75A0D721-13ED-4F20-9002-B389EC48477D-" ALIGN="Left" LEFT="0." RIGHT="0." FIRSTLINE="0." LINESPACE="15.5"/>
<ParagraphStyle ID="StyleId-8A414184-C7A5-4AC7-9B88-7DA4DDE75922-" ALIGN="Left" LEFT="0." RIGHT="0." FIRSTLINE="0." LINESPACE="9.399999619"/>
<ParagraphStyle ID="StyleId-1A87970B-111C-4169-99A6-9412976F3C97-" ALIGN="Left" LEFT="0." RIGHT="0." FIRSTLINE="0." LINESPACE="10.5"/>
<ParagraphStyle ID="StyleId-72DB0571-5AE4-41FD-9E11-68C6AC4C437E-" ALIGN="Block" LEFT="0." RIGHT="0." FIRSTLINE="-17." LINESPACE="8.340000153"/>
<ParagraphStyle ID="StyleId-1AA43056-C388-4697-B10F-72FDAA38FAE1-" ALIGN="Center" LEFT="0." RIGHT="0." FIRSTLINE="0." LINESPACE="10.5"/>
</Styles>
<Layout>
<Page ID="Page1352" PHYSICAL_IMG_NR="1352" HEIGHT="4377" WIDTH="2519">
<TopMargin HEIGHT="428" WIDTH="2519" VPOS="0" HPOS="0">
</TopMargin>
<LeftMargin HEIGHT="3778" WIDTH="400" VPOS="428" HPOS="0">
</LeftMargin>
<RightMargin HEIGHT="3778" WIDTH="69" VPOS="428" HPOS="2450">
</RightMargin>
<BottomMargin HEIGHT="171" WIDTH="2519" VPOS="4206" HPOS="0">
</BottomMargin>
<PrintSpace HEIGHT="3778" WIDTH="2050" VPOS="428" HPOS="400">
<TextBlock ID="Page1352_Block1" HEIGHT="72" WIDTH="154" VPOS="4134" HPOS="1348" LANG="en-US" STYLEREFS="StyleId-C3B59AE7-11E9-43CF-BBF7-3F5315FB0FEF-">
<TextLine HEIGHT="50" WIDTH="133" VPOS="4145" HPOS="1359">
<String CONTENT="1352" HEIGHT="50" WIDTH="133" VPOS="4145" HPOS="1359"/>
</TextLine>
</TextBlock>
<TextBlock ID="Page1352_Block2" HEIGHT="3714" WIDTH="2050" VPOS="428" HPOS="400" LANG="en-US" CS="1" STYLEREFS="StyleId-0AF933C6-197A-4681-8B9A-AC9667CF0532-">
<TextLine HEIGHT="50" WIDTH="804" VPOS="523" HPOS="489" CS="1">
<String CONTENT="vi" HEIGHT="39" WIDTH="47" VPOS="524" HPOS="489"/>
<SP HEIGHT="48" WIDTH="24" VPOS="524" HPOS="537"/>
<String CONTENT="p.," HEIGHT="38" WIDTH="58" VPOS="534" HPOS="562"/>
<SP HEIGHT="46" WIDTH="25" VPOS="526" HPOS="621"/>
<String CONTENT="1" HEIGHT="38" WIDTH="25" VPOS="526" HPOS="647"/>
<SP HEIGHT="39" WIDTH="25" VPOS="526" HPOS="673"/>
<String CS="1" CONTENT="l.," HEIGHT="17" WIDTH="23" VPOS="556" HPOS="720"/>
<SP HEIGHT="50" WIDTH="25" VPOS="523" HPOS="744"/>
<String CONTENT="98" HEIGHT="43" WIDTH="57" VPOS="523" HPOS="770"/>
<SP HEIGHT="48" WIDTH="22" VPOS="525" HPOS="828"/>
<String CONTENT="p." HEIGHT="38" WIDTH="44" VPOS="535" HPOS="851"/>
<SP HEIGHT="41" WIDTH="58" VPOS="525" HPOS="896"/>
<String CONTENT="illus." HEIGHT="42" WIDTH="129" VPOS="525" HPOS="955"/>
<SP HEIGHT="40" WIDTH="59" VPOS="527" HPOS="1085"/>
<String CS="1" CONTENT="20&#189;cm." HEIGHT="42" WIDTH="148" VPOS="525" HPOS="1145"/>
</TextLine>
<TextLine HEIGHT="58" WIDTH="2022" VPOS="591" HPOS="416" CS="1">
<String CONTENT="&#169;" HEIGHT="54" WIDTH="53" VPOS="591" HPOS="416"/>
<SP HEIGHT="54" WIDTH="38" VPOS="591" HPOS="470"/>
<String CONTENT="Jan." HEIGHT="40" WIDTH="111" VPOS="597" HPOS="509"/>
<SP HEIGHT="40" WIDTH="40" VPOS="597" HPOS="621"/>
<String CONTENT="31," HEIGHT="50" WIDTH="70" VPOS="597" HPOS="662"/>
<SP HEIGHT="50" WIDTH="40" VPOS="597" HPOS="733"/>
<String CONTENT="1936;" HEIGHT="49" WIDTH="143" VPOS="595" HPOS="774"/>
<SP/>
<String CS="1" CONTENT="1c."/>
<SP HEIGHT="40" WIDTH="40" VPOS="599" HPOS="1030"/>
<String CONTENT="June" HEIGHT="39" WIDTH="128" VPOS="599" HPOS="1071"/>
<SP HEIGHT="40" WIDTH="38" VPOS="599" HPOS="1200"/>
<String CONTENT="3;" HEIGHT="47" WIDTH="53" VPOS="599" HPOS="1239"/>
<SP HEIGHT="46" WIDTH="42" VPOS="600" HPOS="1293"/>
<!-- cceid A4A09116-6E3A-1014-83DD-942C093A1DD9 --><String CONTENT="A-Foreign" HEIGHT="48" WIDTH="315" VPOS="599" HPOS="1336"/>
<SP HEIGHT="40" WIDTH="38" VPOS="601" HPOS="1652"/>
<String CONTENT="32059;" HEIGHT="49" WIDTH="172" VPOS="600" HPOS="1691"/>
<SP HEIGHT="46" WIDTH="45" VPOS="603" HPOS="1864"/>
<String CONTENT="Johann" HEIGHT="39" WIDTH="197" VPOS="603" HPOS="1910"/>
<SP HEIGHT="39" WIDTH="41" VPOS="604" HPOS="2108"/>
<String LANG="de" CONTENT="Ambrosius" HEIGHT="43" WIDTH="288" VPOS="602" HPOS="2150"/>
</TextLine>
<TextLine HEIGHT="49" WIDTH="526" VPOS="653" HPOS="485">
<String CONTENT="Barth." HEIGHT="41" WIDTH="171" VPOS="653" HPOS="485"/>
<SP HEIGHT="48" WIDTH="70" VPOS="654" HPOS="657"/>
<String CONTENT="(36-21298)" HEIGHT="48" WIDTH="283" VPOS="654" HPOS="728"/>
</TextLine>
<TextLine HEIGHT="66" WIDTH="1023" VPOS="757" HPOS="413" STYLEREFS="StyleId-AF328C9D-3CCF-4077-AC1E-8E2081DBEF8B-" CS="1">
<String CONTENT="Jeanne" HEIGHT="54" WIDTH="225" VPOS="757" HPOS="413"/>
<SP HEIGHT="36" WIDTH="26" VPOS="775" HPOS="639"/>
<String CS="1" CONTENT="d'Arc," HEIGHT="65" WIDTH="139" VPOS="758" HPOS="724"/>
<SP HEIGHT="63" WIDTH="24" VPOS="760" HPOS="864"/>
<String CONTENT="Saint," HEIGHT="64" WIDTH="189" VPOS="759" HPOS="889"/>
<SP HEIGHT="60" WIDTH="29" VPOS="763" HPOS="1079"/>
<String CONTENT="1412-1431." HEIGHT="53" WIDTH="327" VPOS="762" HPOS="1109"/>
</TextLine>
<TextLine HEIGHT="71" WIDTH="1953" VPOS="836" HPOS="484" STYLEREFS="StyleId-EE531DD1-24E2-42F5-87D4-3DFB7D990222-">
<String CONTENT="Joan" HEIGHT="54" WIDTH="152" VPOS="836" HPOS="484"/>
<SP HEIGHT="35" WIDTH="46" VPOS="855" HPOS="637"/>
<String CONTENT="of" HEIGHT="54" WIDTH="64" VPOS="836" HPOS="684"/>
<SP HEIGHT="53" WIDTH="40" VPOS="836" HPOS="749"/>
<String CONTENT="Arc," HEIGHT="68" WIDTH="137" VPOS="836" HPOS="790"/>
<SP HEIGHT="49" WIDTH="43" VPOS="855" HPOS="928"/>
<String CONTENT="self" HEIGHT="52" WIDTH="113" VPOS="837" HPOS="972"/>
<SP HEIGHT="68" WIDTH="42" VPOS="837" HPOS="1086"/>
<String CONTENT="portrait;" HEIGHT="68" WIDTH="279" VPOS="838" HPOS="1129"/>
<SP HEIGHT="49" WIDTH="49" VPOS="857" HPOS="1409"/>
<String CONTENT="compiled" HEIGHT="68" WIDTH="283" VPOS="839" HPOS="1459"/>
<SP HEIGHT="52" WIDTH="47" VPOS="840" HPOS="1743"/>
<String CONTENT="and" HEIGHT="52" WIDTH="113" VPOS="841" HPOS="1791"/>
<SP HEIGHT="53" WIDTH="44" VPOS="841" HPOS="1905"/>
<String CONTENT="translated" HEIGHT="53" WIDTH="320" VPOS="842" HPOS="1950"/>
<SP HEIGHT="53" WIDTH="43" VPOS="842" HPOS="2271"/>
<String CONTENT="into" HEIGHT="53" WIDTH="122" VPOS="842" HPOS="2315"/>
</TextLine>
<TextLine HEIGHT="75" WIDTH="2019" VPOS="914" HPOS="416" STYLEREFS="StyleId-EE531DD1-24E2-42F5-87D4-3DFB7D990222-">
<String CONTENT="English" HEIGHT="69" WIDTH="247" VPOS="914" HPOS="416"/>
<SP HEIGHT="54" WIDTH="22" VPOS="914" HPOS="664"/>
<String CONTENT="from" HEIGHT="54" WIDTH="153" VPOS="914" HPOS="687"/>
<SP HEIGHT="48" WIDTH="21" VPOS="920" HPOS="841"/>
<String CONTENT="the" HEIGHT="53" WIDTH="96" VPOS="916" HPOS="863"/>
<SP HEIGHT="36" WIDTH="21" VPOS="933" HPOS="960"/>
<String CONTENT="original" HEIGHT="70" WIDTH="249" VPOS="914" HPOS="982"/>
<SP HEIGHT="54" WIDTH="21" VPOS="916" HPOS="1232"/>
<String CONTENT="Latin" HEIGHT="56" WIDTH="176" VPOS="915" HPOS="1254"/>
<SP HEIGHT="35" WIDTH="22" VPOS="936" HPOS="1431"/>
<String CONTENT="and" HEIGHT="55" WIDTH="113" VPOS="917" HPOS="1454"/>
<SP HEIGHT="55" WIDTH="21" VPOS="917" HPOS="1568"/>
<String CONTENT="French" HEIGHT="53" WIDTH="225" VPOS="919" HPOS="1590"/>
<SP HEIGHT="53" WIDTH="22" VPOS="919" HPOS="1816"/>
<String CONTENT="sources" HEIGHT="36" WIDTH="224" VPOS="938" HPOS="1839"/>
<SP HEIGHT="54" WIDTH="21" VPOS="920" HPOS="2064"/>
<String CONTENT="by" HEIGHT="69" WIDTH="75" VPOS="920" HPOS="2086"/>
<SP HEIGHT="67" WIDTH="20" VPOS="922" HPOS="2162"/>
<String CONTENT="Willard" HEIGHT="57" WIDTH="252" VPOS="920" HPOS="2183"/>
</TextLine>
<TextLine HEIGHT="71" WIDTH="1326" VPOS="994" HPOS="413" STYLEREFS="StyleId-EE531DD1-24E2-42F5-87D4-3DFB7D990222-" CS="1">
<String LANG="en-US" CONTENT="Trask." HEIGHT="52" WIDTH="200" VPOS="995" HPOS="413"/>
<SP HEIGHT="52" WIDTH="77" VPOS="995" HPOS="614"/>
<String LANG="en-US" CONTENT="New" HEIGHT="52" WIDTH="140" VPOS="995" HPOS="692"/>
<SP HEIGHT="51" WIDTH="24" VPOS="996" HPOS="833"/>
<String LANG="en-US" CONTENT="York," HEIGHT="68" WIDTH="181" VPOS="994" HPOS="858"/>
<SP HEIGHT="67" WIDTH="26" VPOS="995" HPOS="1040"/>
<String LANG="de" CONTENT="Stackpole" HEIGHT="69" WIDTH="309" VPOS="995" HPOS="1067"/>
<SP HEIGHT="34" WIDTH="23" VPOS="1015" HPOS="1377"/>
<String LANG="en-US" CONTENT="sons" HEIGHT="36" WIDTH="130" VPOS="1014" HPOS="1401"/>
<SP HEIGHT="49" WIDTH="30" VPOS="1016" HPOS="1532"/>
<String STYLE="subscript" LANG="en-US" CONTENT="[" HEIGHT="34" WIDTH="13" VPOS="1031" HPOS="1563"/>
<String STYLE="superscript" LANG="en-US" CONTENT="c" HEIGHT="22" WIDTH="18" VPOS="1003" HPOS="1580"/>
<String LANG="en-US" CS="1" CONTENT="1936]" HEIGHT="51" WIDTH="136" VPOS="1000" HPOS="1603"/>
</TextLine>
<TextLine HEIGHT="52" WIDTH="1296" VPOS="1066" HPOS="484" CS="1">
<String CONTENT="2" HEIGHT="40" WIDTH="27" VPOS="1066" HPOS="484"/>
<SP/>
<String CS="1" CONTENT="p."/>
<SP/>
<String CS="1" CONTENT="l.," HEIGHT="15" WIDTH="9" VPOS="1100" HPOS="645"/>
<SP HEIGHT="48" WIDTH="26" VPOS="1067" HPOS="655"/>
<String CONTENT="9-188" HEIGHT="42" WIDTH="146" VPOS="1066" HPOS="682"/>
<SP HEIGHT="50" WIDTH="25" VPOS="1066" HPOS="829"/>
<String CONTENT="p." HEIGHT="37" WIDTH="43" VPOS="1079" HPOS="855"/>
<SP HEIGHT="40" WIDTH="26" VPOS="1068" HPOS="899"/>
<String CONTENT="incl." HEIGHT="41" WIDTH="111" VPOS="1068" HPOS="926"/>
<SP HEIGHT="38" WIDTH="25" VPOS="1080" HPOS="1038"/>
<String CS="1" CONTENT="pl." HEIGHT="38" WIDTH="63" VPOS="1080" HPOS="1064"/>
<SP HEIGHT="40" WIDTH="55" VPOS="1069" HPOS="1128"/>
<String CONTENT="double" HEIGHT="42" WIDTH="175" VPOS="1069" HPOS="1184"/>
<SP HEIGHT="42" WIDTH="24" VPOS="1069" HPOS="1360"/>
<String CONTENT="facsim." HEIGHT="41" WIDTH="191" VPOS="1069" HPOS="1385"/>
<SP HEIGHT="39" WIDTH="55" VPOS="1072" HPOS="1577"/>
<String CS="1" CONTENT="19&#189;" HEIGHT="41" WIDTH="57" VPOS="1071" HPOS="1633"/>
<String STYLE="superscript" CONTENT="cm" HEIGHT="22" WIDTH="45" VPOS="1073" HPOS="1722"/>
<String CONTENT="." HEIGHT="8" WIDTH="8" VPOS="1104" HPOS="1772"/>
</TextLine>
<TextLine HEIGHT="54" WIDTH="1950" VPOS="1124" HPOS="488">
<String CONTENT="Compiled" HEIGHT="50" WIDTH="251" VPOS="1124" HPOS="488"/>
<SP HEIGHT="40" WIDTH="33" VPOS="1126" HPOS="740"/>
<String CONTENT="chiefly" HEIGHT="50" WIDTH="177" VPOS="1124" HPOS="774"/>
<SP HEIGHT="48" WIDTH="30" VPOS="1126" HPOS="952"/>
<String CONTENT="from" HEIGHT="41" WIDTH="130" VPOS="1126" HPOS="983"/>
<SP HEIGHT="39" WIDTH="33" VPOS="1128" HPOS="1114"/>
<String CONTENT="the" HEIGHT="41" WIDTH="84" VPOS="1127" HPOS="1148"/>
<SP HEIGHT="32" WIDTH="30" VPOS="1136" HPOS="1233"/>
<String CONTENT="accounts" HEIGHT="39" WIDTH="233" VPOS="1129" HPOS="1264"/>
<SP HEIGHT="30" WIDTH="35" VPOS="1138" HPOS="1498"/>
<String CONTENT="of" HEIGHT="40" WIDTH="51" VPOS="1128" HPOS="1534"/>
<SP HEIGHT="40" WIDTH="32" VPOS="1128" HPOS="1586"/>
<String CONTENT="her" HEIGHT="40" WIDTH="87" VPOS="1130" HPOS="1619"/>
<SP HEIGHT="39" WIDTH="33" VPOS="1131" HPOS="1707"/>
<String CONTENT="trial" HEIGHT="40" WIDTH="117" VPOS="1130" HPOS="1741"/>
<SP HEIGHT="41" WIDTH="34" VPOS="1128" HPOS="1859"/>
<String CONTENT="for" HEIGHT="42" WIDTH="81" VPOS="1128" HPOS="1894"/>
<SP HEIGHT="38" WIDTH="34" VPOS="1131" HPOS="1976"/>
<String CONTENT="heresy" HEIGHT="47" WIDTH="172" VPOS="1131" HPOS="2011"/>
<SP HEIGHT="37" WIDTH="34" VPOS="1141" HPOS="2184"/>
<String CONTENT="and" HEIGHT="39" WIDTH="97" VPOS="1133" HPOS="2219"/>
<SP HEIGHT="39" WIDTH="33" VPOS="1133" HPOS="2317"/>
<String CONTENT="her" HEIGHT="41" WIDTH="87" VPOS="1133" HPOS="2351"/>
</TextLine>
<TextLine HEIGHT="50" WIDTH="1045" VPOS="1183" HPOS="413" CS="1">
<String CONTENT="trial" HEIGHT="40" WIDTH="119" VPOS="1183" HPOS="413"/>
<SP HEIGHT="40" WIDTH="27" VPOS="1184" HPOS="533"/>
<String CONTENT="of" HEIGHT="41" WIDTH="51" VPOS="1183" HPOS="561"/>
<SP HEIGHT="39" WIDTH="27" VPOS="1183" HPOS="613"/>
<String CS="1" CONTENT="rehabilitation." HEIGHT="42" WIDTH="375" VPOS="1183" HPOS="641"/>
<SP HEIGHT="31" WIDTH="57" VPOS="1194" HPOS="1031"/>
<String CONTENT="cf." HEIGHT="49" WIDTH="63" VPOS="1184" HPOS="1089"/>
<SP HEIGHT="42" WIDTH="28" VPOS="1183" HPOS="1153"/>
<String CONTENT="Foreword." HEIGHT="44" WIDTH="276" VPOS="1183" HPOS="1182"/>
</TextLine>
<TextLine HEIGHT="58" WIDTH="2023" VPOS="1250" HPOS="414" CS="1">
<String CONTENT="&#169;" HEIGHT="53" WIDTH="55" VPOS="1250" HPOS="414"/>
<SP HEIGHT="53" WIDTH="29" VPOS="1250" HPOS="470"/>
<String CONTENT="Sept." HEIGHT="48" WIDTH="129" VPOS="1255" HPOS="500"/>
<SP HEIGHT="39" WIDTH="29" VPOS="1255" HPOS="630"/>
<String CONTENT="17," HEIGHT="48" WIDTH="70" VPOS="1255" HPOS="660"/>
<SP HEIGHT="49" WIDTH="26" VPOS="1254" HPOS="731"/>
<String CONTENT="1936;" HEIGHT="48" WIDTH="144" VPOS="1254" HPOS="758"/>
<SP HEIGHT="49" WIDTH="27" VPOS="1253" HPOS="903"/>
<String CONTENT="2c." HEIGHT="43" WIDTH="70" VPOS="1253" HPOS="931"/>
<SP HEIGHT="41" WIDTH="33" VPOS="1255" HPOS="1002"/>
<String CONTENT="Sept." HEIGHT="48" WIDTH="128" VPOS="1255" HPOS="1036"/>
<SP HEIGHT="41" WIDTH="27" VPOS="1255" HPOS="1165"/>
<String CONTENT="21;" HEIGHT="47" WIDTH="84" VPOS="1255" HPOS="1193"/>
<SP/>
<String CS="1" CONTENT="aff."/>
<SP HEIGHT="41" WIDTH="32" VPOS="1256" HPOS="1397"/>
<String CONTENT="Sept." HEIGHT="48" WIDTH="128" VPOS="1256" HPOS="1430"/>
<SP HEIGHT="39" WIDTH="28" VPOS="1257" HPOS="1559"/>
<String CONTENT="19;" HEIGHT="50" WIDTH="84" VPOS="1255" HPOS="1588"/>
<SP HEIGHT="48" WIDTH="30" VPOS="1257" HPOS="1673"/>
<!-- cceid A4A0E47F-6E3A-1014-83DD-942C093A1DD9 --><String CONTENT="A" HEIGHT="40" WIDTH="44" VPOS="1257" HPOS="1704"/>
<SP HEIGHT="41" WIDTH="23" VPOS="1256" HPOS="1749"/>
<String CONTENT="97893;" HEIGHT="49" WIDTH="173" VPOS="1256" HPOS="1773"/>
<SP HEIGHT="46" WIDTH="33" VPOS="1259" HPOS="1947"/>
<String CONTENT="Telegraph" HEIGHT="48" WIDTH="274" VPOS="1259" HPOS="1981"/>
<SP HEIGHT="48" WIDTH="26" VPOS="1259" HPOS="2256"/>
<String CONTENT="press," HEIGHT="40" WIDTH="154" VPOS="1268" HPOS="2283"/>
</TextLine>
<TextLine HEIGHT="51" WIDTH="788" VPOS="1311" HPOS="485">
<String CONTENT="Harrisburg," HEIGHT="49" WIDTH="321" VPOS="1311" HPOS="485"/>
<SP HEIGHT="46" WIDTH="28" VPOS="1313" HPOS="807"/>
<String CONTENT="Pa." HEIGHT="40" WIDTH="83" VPOS="1313" HPOS="836"/>
<SP HEIGHT="49" WIDTH="69" VPOS="1311" HPOS="920"/>
<String CONTENT="(36-20713)" HEIGHT="51" WIDTH="283" VPOS="1311" HPOS="990"/>
</TextLine>
<TextLine HEIGHT="67" WIDTH="856" VPOS="1414" HPOS="411" STYLEREFS="StyleId-AF328C9D-3CCF-4077-AC1E-8E2081DBEF8B-">
<String CONTENT="Jepson," HEIGHT="64" WIDTH="239" VPOS="1416" HPOS="411"/>
<SP HEIGHT="63" WIDTH="26" VPOS="1417" HPOS="651"/>
<String CONTENT="Willis" HEIGHT="56" WIDTH="191" VPOS="1414" HPOS="678"/>
<SP HEIGHT="52" WIDTH="21" VPOS="1417" HPOS="870"/>
<String CONTENT="Linn," HEIGHT="65" WIDTH="172" VPOS="1416" HPOS="892"/>
<SP HEIGHT="59" WIDTH="28" VPOS="1422" HPOS="1065"/>
<String CONTENT="1867-" HEIGHT="55" WIDTH="173" VPOS="1418" HPOS="1094"/>
</TextLine>
<TextLine HEIGHT="70" WIDTH="1955" VPOS="1494" HPOS="482" STYLEREFS="StyleId-EE531DD1-24E2-42F5-87D4-3DFB7D990222-" CS="1">
<String CONTENT="A" HEIGHT="52" WIDTH="56" VPOS="1495" HPOS="482"/>
<SP HEIGHT="53" WIDTH="31" VPOS="1494" HPOS="539"/>
<String CONTENT="flora" HEIGHT="53" WIDTH="143" VPOS="1494" HPOS="571"/>
<SP HEIGHT="33" WIDTH="33" VPOS="1514" HPOS="715"/>
<String CONTENT="of" HEIGHT="53" WIDTH="65" VPOS="1494" HPOS="749"/>
<SP HEIGHT="56" WIDTH="33" VPOS="1494" HPOS="815"/>
<String CONTENT="California," HEIGHT="68" WIDTH="346" VPOS="1494" HPOS="849"/>
<SP HEIGHT="66" WIDTH="32" VPOS="1496" HPOS="1196"/>
<String CONTENT="by" HEIGHT="66" WIDTH="76" VPOS="1496" HPOS="1229"/>
<SP HEIGHT="64" WIDTH="32" VPOS="1498" HPOS="1306"/>
<String CONTENT="Willis" HEIGHT="56" WIDTH="194" VPOS="1495" HPOS="1339"/>
<SP HEIGHT="51" WIDTH="34" VPOS="1498" HPOS="1534"/>
<String CONTENT="Linn" HEIGHT="52" WIDTH="152" VPOS="1496" HPOS="1569"/>
<SP HEIGHT="53" WIDTH="31" VPOS="1498" HPOS="1722"/>
<String CONTENT="Jepson" HEIGHT="66" WIDTH="218" VPOS="1498" HPOS="1754"/>
<SP HEIGHT="34" WIDTH="39" VPOS="1515" HPOS="1973"/>
<String CS="1" CONTENT="&#8230;"/>
<SP HEIGHT="32" WIDTH="75" VPOS="1517" HPOS="2069"/>
<String CONTENT="volume" HEIGHT="53" WIDTH="225" VPOS="1497" HPOS="2145"/>
<SP HEIGHT="48" WIDTH="33" VPOS="1501" HPOS="2371"/>
<String CONTENT="2" HEIGHT="48" WIDTH="32" VPOS="1501" HPOS="2405"/>
</TextLine>
<TextLine HEIGHT="150" WIDTH="1999" VPOS="1572" HPOS="413" STYLEREFS="StyleId-EE531DD1-24E2-42F5-87D4-3DFB7D990222-" CS="1">
<String CS="1" CONTENT="[pt." HEIGHT="64" WIDTH="81" VPOS="1576" HPOS="436"/>
<SP HEIGHT="51" WIDTH="34" VPOS="1576" HPOS="518"/>
<String CONTENT="1-3]" HEIGHT="65" WIDTH="118" VPOS="1576" HPOS="553"/>
<SP HEIGHT="69" WIDTH="37" VPOS="1572" HPOS="672"/>
<String CONTENT="Capparidaceae" HEIGHT="70" WIDTH="468" VPOS="1572" HPOS="710"/>
<SP HEIGHT="49" WIDTH="29" VPOS="1579" HPOS="1179"/>
<String CONTENT="to" HEIGHT="50" WIDTH="59" VPOS="1579" HPOS="1209"/>
<SP HEIGHT="56" WIDTH="31" VPOS="1574" HPOS="1269"/>
<String CONTENT="Cornaceae." HEIGHT="56" WIDTH="335" VPOS="1574" HPOS="1301"/>
<SP HEIGHT="51" WIDTH="70" VPOS="1577" HPOS="1637"/>
<String CONTENT="Berkeley," HEIGHT="69" WIDTH="298" VPOS="1575" HPOS="1708"/>
<SP HEIGHT="67" WIDTH="31" VPOS="1576" HPOS="2007"/>
<String CONTENT="Calif.," HEIGHT="71" WIDTH="196" VPOS="1573" HPOS="2039"/>
<SP HEIGHT="68" WIDTH="30" VPOS="1576" HPOS="2236"/>
<String CONTENT="Associated" HEIGHT="130" WIDTH="1999" VPOS="1576" HPOS="413"/>
<SP HEIGHT="52" WIDTH="32" VPOS="1654" HPOS="599"/>
<String CONTENT="students" HEIGHT="53" WIDTH="260" VPOS="1653" HPOS="632"/>
<SP HEIGHT="34" WIDTH="32" VPOS="1672" HPOS="893"/>
<String CONTENT="store," HEIGHT="63" WIDTH="167" VPOS="1657" HPOS="926"/>
<SP HEIGHT="65" WIDTH="31" VPOS="1655" HPOS="1094"/>
<String CONTENT="University" HEIGHT="67" WIDTH="340" VPOS="1654" HPOS="1126"/>
<SP HEIGHT="49" WIDTH="33" VPOS="1672" HPOS="1467"/>
<String CONTENT="of" HEIGHT="53" WIDTH="62" VPOS="1653" HPOS="1501"/>
<SP HEIGHT="56" WIDTH="34" VPOS="1653" HPOS="1564"/>
<String CONTENT="California" HEIGHT="56" WIDTH="327" VPOS="1653" HPOS="1599"/>
<SP HEIGHT="48" WIDTH="38" VPOS="1674" HPOS="1927"/>
<String CS="1" CONTENT="["/>
<String STYLE="superscript" CONTENT="c" HEIGHT="20" WIDTH="17" VPOS="1661" HPOS="1985"/>
<String CONTENT="1936]" HEIGHT="64" WIDTH="152" VPOS="1658" HPOS="2009"/>
</TextLine>
<TextLine HEIGHT="63" WIDTH="1132" VPOS="1713" HPOS="485" CS="1">
<String CONTENT="3" HEIGHT="40" WIDTH="25" VPOS="1726" HPOS="485"/>
<SP/>
<String CONTENT="v." HEIGHT="31" WIDTH="41" VPOS="1736" HPOS="544"/>
<SP HEIGHT="41" WIDTH="61" VPOS="1726" HPOS="586"/>
<String CS="1" CONTENT="front." HEIGHT="40" WIDTH="137" VPOS="1726" HPOS="648"/>
<SP HEIGHT="48" WIDTH="28" VPOS="1726" HPOS="800"/>
<String CONTENT="(pt." HEIGHT="48" WIDTH="89" VPOS="1726" HPOS="829"/>
<SP HEIGHT="41" WIDTH="32" VPOS="1726" HPOS="919"/>
<String CONTENT="1)," HEIGHT="50" WIDTH="73" VPOS="1726" HPOS="952"/>
<SP HEIGHT="50" WIDTH="32" VPOS="1726" HPOS="1026"/>
<String CONTENT="illus.," HEIGHT="49" WIDTH="145" VPOS="1726" HPOS="1059"/>
<SP HEIGHT="38" WIDTH="30" VPOS="1737" HPOS="1205"/>
<String CONTENT="plates." HEIGHT="49" WIDTH="174" VPOS="1726" HPOS="1236"/>
<SP HEIGHT="52" WIDTH="31" VPOS="1713" HPOS="1438"/>
<String CS="1" CONTENT="27&#189;" HEIGHT="41" WIDTH="57" VPOS="1726" HPOS="1470"/>
<String STYLE="superscript" CONTENT="cm" HEIGHT="21" WIDTH="45" VPOS="1729" HPOS="1560"/>
<String CONTENT="." HEIGHT="8" WIDTH="8" VPOS="1757" HPOS="1609"/>
</TextLine>
<TextLine HEIGHT="53" WIDTH="2021" VPOS="1780" HPOS="415">
<String CONTENT="&#169;" HEIGHT="53" WIDTH="54" VPOS="1780" HPOS="415"/>
<SP HEIGHT="53" WIDTH="32" VPOS="1780" HPOS="470"/>
<String CONTENT="Sept." HEIGHT="48" WIDTH="128" VPOS="1784" HPOS="503"/>
<SP HEIGHT="40" WIDTH="33" VPOS="1784" HPOS="632"/>
<String CONTENT="17," HEIGHT="48" WIDTH="69" VPOS="1784" HPOS="666"/>
<SP HEIGHT="47" WIDTH="34" VPOS="1785" HPOS="736"/>
<String CONTENT="1936;" HEIGHT="48" WIDTH="142" VPOS="1783" HPOS="771"/>
<SP HEIGHT="47" WIDTH="32" VPOS="1784" HPOS="914"/>
<String CONTENT="2c." HEIGHT="39" WIDTH="68" VPOS="1784" HPOS="947"/>
<SP HEIGHT="29" WIDTH="34" VPOS="1795" HPOS="1016"/>
<String CONTENT="each" HEIGHT="40" WIDTH="123" VPOS="1784" HPOS="1051"/>
<SP HEIGHT="39" WIDTH="29" VPOS="1784" HPOS="1175"/>
<String CONTENT="and" HEIGHT="40" WIDTH="96" VPOS="1783" HPOS="1205"/>
<SP HEIGHT="40" WIDTH="30" VPOS="1783" HPOS="1302"/>
<String LANG="de" CONTENT="aff." HEIGHT="42" WIDTH="83" VPOS="1783" HPOS="1333"/>
<SP HEIGHT="41" WIDTH="35" VPOS="1784" HPOS="1417"/>
<String CONTENT="Sept." HEIGHT="48" WIDTH="130" VPOS="1784" HPOS="1453"/>
<SP HEIGHT="41" WIDTH="31" VPOS="1784" HPOS="1584"/>
<String CONTENT="26;" HEIGHT="48" WIDTH="83" VPOS="1784" HPOS="1616"/>
<SP HEIGHT="47" WIDTH="35" VPOS="1785" HPOS="1700"/>
<!-- cceid A4A12B19-6E3A-1014-83DD-942C093A1DD9 --><String CONTENT="A" HEIGHT="39" WIDTH="41" VPOS="1785" HPOS="1736"/>
<SP HEIGHT="39" WIDTH="32" VPOS="1785" HPOS="1778"/>
<String CONTENT="100012;" HEIGHT="49" WIDTH="202" VPOS="1783" HPOS="1811"/>
<SP HEIGHT="47" WIDTH="35" VPOS="1785" HPOS="2014"/>
<String CONTENT="W." HEIGHT="40" WIDTH="71" VPOS="1785" HPOS="2050"/>
<SP HEIGHT="40" WIDTH="32" VPOS="1785" HPOS="2122"/>
<String CONTENT="L." HEIGHT="39" WIDTH="51" VPOS="1785" HPOS="2155"/>
<SP HEIGHT="40" WIDTH="34" VPOS="1784" HPOS="2207"/>
<String CONTENT="Jepson," HEIGHT="49" WIDTH="194" VPOS="1784" HPOS="2242"/>
</TextLine>
<TextLine HEIGHT="50" WIDTH="430" VPOS="1840" HPOS="486">
<String CONTENT="Berkeley," HEIGHT="49" WIDTH="255" VPOS="1841" HPOS="486"/>
<SP HEIGHT="49" WIDTH="27" VPOS="1841" HPOS="742"/>
<String CONTENT="Calif." HEIGHT="42" WIDTH="146" VPOS="1840" HPOS="770"/>
</TextLine>
<TextLine HEIGHT="68" WIDTH="1963" VPOS="1945" HPOS="412" STYLEREFS="StyleId-EE531DD1-24E2-42F5-87D4-3DFB7D990222-" CS="1">
<String CONTENT="Kentucky" HEIGHT="65" WIDTH="323" VPOS="1945" HPOS="412"/>
<SP HEIGHT="64" WIDTH="45" VPOS="1946" HPOS="736"/>
<String CONTENT="digest." HEIGHT="67" WIDTH="202" VPOS="1945" HPOS="782"/>
<SP HEIGHT="49" WIDTH="78" VPOS="1949" HPOS="985"/>
<String CONTENT="1936" HEIGHT="50" WIDTH="136" VPOS="1948" HPOS="1064"/>
<SP HEIGHT="49" WIDTH="47" VPOS="1949" HPOS="1201"/>
<String CONTENT="cumulative" HEIGHT="53" WIDTH="347" VPOS="1945" HPOS="1249"/>
<SP HEIGHT="34" WIDTH="47" VPOS="1964" HPOS="1597"/>
<String CONTENT="annual" HEIGHT="53" WIDTH="213" VPOS="1945" HPOS="1645"/>
<SP HEIGHT="67" WIDTH="45" VPOS="1945" HPOS="1859"/>
<String CONTENT="pocket" HEIGHT="67" WIDTH="206" VPOS="1945" HPOS="1905"/>
<SP HEIGHT="62" WIDTH="46" VPOS="1951" HPOS="2112"/>
<String CONTENT="parts" HEIGHT="61" WIDTH="162" VPOS="1952" HPOS="2159"/>
<SP HEIGHT="33" WIDTH="53" VPOS="1964" HPOS="2322"/>
<String CS="1" CONTENT="&#8230;"/>
</TextLine>
<TextLine HEIGHT="68" WIDTH="1945" VPOS="2023" HPOS="490" STYLEREFS="StyleId-EE531DD1-24E2-42F5-87D4-3DFB7D990222-" CS="1">
<String CS="1" CONTENT="[for]" HEIGHT="67" WIDTH="131" VPOS="2024" HPOS="490"/>
<SP HEIGHT="48" WIDTH="50" VPOS="2043" HPOS="622"/>
<String CONTENT="vols." HEIGHT="54" WIDTH="138" VPOS="2024" HPOS="673"/>
<SP HEIGHT="51" WIDTH="47" VPOS="2027" HPOS="812"/>
<String CONTENT="1-20" HEIGHT="51" WIDTH="136" VPOS="2027" HPOS="860"/>
<SP HEIGHT="49" WIDTH="48" VPOS="2029" HPOS="997"/>
<String CS="1" CONTENT="&#8230;"/>
<SP HEIGHT="56" WIDTH="81" VPOS="2023" HPOS="1103"/>
<String CONTENT="St." HEIGHT="56" WIDTH="83" VPOS="2023" HPOS="1185"/>
<SP HEIGHT="51" WIDTH="43" VPOS="2026" HPOS="1269"/>
<String CONTENT="Paul," HEIGHT="67" WIDTH="166" VPOS="2024" HPOS="1313"/>
<SP HEIGHT="65" WIDTH="41" VPOS="2026" HPOS="1480"/>
<String CONTENT="Minn.," HEIGHT="57" WIDTH="205" VPOS="2025" HPOS="1522"/>
<SP HEIGHT="57" WIDTH="40" VPOS="2025" HPOS="1728"/>
<String CONTENT="West" HEIGHT="53" WIDTH="160" VPOS="2025" HPOS="1769"/>
<SP HEIGHT="60" WIDTH="45" VPOS="2031" HPOS="1930"/>
<String CONTENT="publishing" HEIGHT="68" WIDTH="338" VPOS="2023" HPOS="1976"/>
<SP HEIGHT="49" WIDTH="41" VPOS="2042" HPOS="2315"/>
<String CONTENT="co." HEIGHT="35" WIDTH="78" VPOS="2042" HPOS="2357"/>
</TextLine>
<TextLine HEIGHT="63" WIDTH="178" VPOS="2107" HPOS="507" STYLEREFS="StyleId-EE531DD1-24E2-42F5-87D4-3DFB7D990222-" CS="1">
<String CS="1" CONTENT="["/>
<String STYLE="superscript" CONTENT="c" HEIGHT="20" WIDTH="17" VPOS="2110" HPOS="507"/>
<String CONTENT="1936]" HEIGHT="63" WIDTH="154" VPOS="2107" HPOS="531"/>
</TextLine>
<TextLine HEIGHT="42" WIDTH="311" VPOS="2175" HPOS="484">
<String CONTENT="20" HEIGHT="40" WIDTH="60" VPOS="2176" HPOS="484"/>
<SP HEIGHT="40" WIDTH="27" VPOS="2176" HPOS="545"/>
<String CONTENT="v." HEIGHT="30" WIDTH="42" VPOS="2187" HPOS="573"/>
<SP HEIGHT="42" WIDTH="61" VPOS="2175" HPOS="616"/>
<String CONTENT="25" HEIGHT="41" WIDTH="55" VPOS="2175" HPOS="678"/>
<String STYLE="superscript" CONTENT="cm" HEIGHT="20" WIDTH="45" VPOS="2179" HPOS="736"/>
<String CONTENT="." HEIGHT="8" WIDTH="8" VPOS="2209" HPOS="787"/>
</TextLine>
<TextLine HEIGHT="51" WIDTH="1953" VPOS="2231" HPOS="486">
<String CONTENT="These" HEIGHT="40" WIDTH="158" VPOS="2234" HPOS="486"/>
<SP HEIGHT="39" WIDTH="27" VPOS="2243" HPOS="645"/>
<String CONTENT="pamphlets" HEIGHT="49" WIDTH="280" VPOS="2233" HPOS="673"/>
<SP HEIGHT="30" WIDTH="29" VPOS="2243" HPOS="954"/>
<String CONTENT="are" HEIGHT="30" WIDTH="85" VPOS="2243" HPOS="984"/>
<SP HEIGHT="39" WIDTH="31" VPOS="2234" HPOS="1070"/>
<String CONTENT="to" HEIGHT="39" WIDTH="53" VPOS="2234" HPOS="1102"/>
<SP HEIGHT="41" WIDTH="24" VPOS="2232" HPOS="1156"/>
<String CONTENT="be" HEIGHT="42" WIDTH="59" VPOS="2232" HPOS="1181"/>
<SP HEIGHT="42" WIDTH="26" VPOS="2232" HPOS="1241"/>
<String CONTENT="fitted" HEIGHT="41" WIDTH="141" VPOS="2232" HPOS="1268"/>
<SP HEIGHT="41" WIDTH="29" VPOS="2232" HPOS="1410"/>
<String CONTENT="into" HEIGHT="41" WIDTH="104" VPOS="2232" HPOS="1440"/>
<SP HEIGHT="44" WIDTH="24" VPOS="2233" HPOS="1549"/>
<String CONTENT="the" HEIGHT="42" WIDTH="82" VPOS="2231" HPOS="1574"/>
<SP HEIGHT="40" WIDTH="28" VPOS="2242" HPOS="1657"/>
<String CONTENT="pockets" HEIGHT="50" WIDTH="201" VPOS="2232" HPOS="1686"/>
<SP HEIGHT="30" WIDTH="30" VPOS="2242" HPOS="1888"/>
<String CONTENT="at" HEIGHT="39" WIDTH="53" VPOS="2234" HPOS="1919"/>
<SP HEIGHT="39" WIDTH="29" VPOS="2234" HPOS="1973"/>
<String CONTENT="the" HEIGHT="41" WIDTH="84" VPOS="2232" HPOS="2003"/>
<SP HEIGHT="41" WIDTH="29" VPOS="2231" HPOS="2088"/>
<String CONTENT="back" HEIGHT="41" WIDTH="125" VPOS="2231" HPOS="2118"/>
<SP HEIGHT="41" WIDTH="28" VPOS="2231" HPOS="2244"/>
<String CONTENT="of" HEIGHT="41" WIDTH="52" VPOS="2231" HPOS="2273"/>
<SP HEIGHT="42" WIDTH="29" VPOS="2231" HPOS="2326"/>
<String CONTENT="the" HEIGHT="41" WIDTH="83" VPOS="2232" HPOS="2356"/>
</TextLine>
<TextLine HEIGHT="48" WIDTH="1147" VPOS="2290" HPOS="413">
<String CONTENT="volumes" HEIGHT="39" WIDTH="219" VPOS="2292" HPOS="413"/>
<SP HEIGHT="29" WIDTH="29" VPOS="2302" HPOS="633"/>
<String CONTENT="of" HEIGHT="39" WIDTH="52" VPOS="2292" HPOS="663"/>
<SP HEIGHT="39" WIDTH="26" VPOS="2292" HPOS="716"/>
<String CONTENT="the" HEIGHT="40" WIDTH="83" VPOS="2291" HPOS="743"/>
<SP HEIGHT="30" WIDTH="29" VPOS="2301" HPOS="827"/>
<String CONTENT="set" HEIGHT="38" WIDTH="75" VPOS="2293" HPOS="857"/>
<SP HEIGHT="38" WIDTH="26" VPOS="2293" HPOS="933"/>
<String CONTENT="to" HEIGHT="38" WIDTH="49" VPOS="2293" HPOS="960"/>
<SP HEIGHT="30" WIDTH="28" VPOS="2301" HPOS="1010"/>
<String CONTENT="which" HEIGHT="40" WIDTH="162" VPOS="2290" HPOS="1039"/>
<SP HEIGHT="38" WIDTH="24" VPOS="2291" HPOS="1202"/>
<String CONTENT="they" HEIGHT="47" WIDTH="117" VPOS="2290" HPOS="1227"/>
<SP HEIGHT="47" WIDTH="27" VPOS="2290" HPOS="1345"/>
<String CONTENT="belong." HEIGHT="48" WIDTH="187" VPOS="2290" HPOS="1373"/>
</TextLine>
<TextLine HEIGHT="54" WIDTH="2019" VPOS="2344" HPOS="417">
<String CONTENT="&#169;" HEIGHT="52" WIDTH="53" VPOS="2346" HPOS="417"/>
<SP HEIGHT="52" WIDTH="29" VPOS="2346" HPOS="471"/>
<String CONTENT="Sept." HEIGHT="48" WIDTH="128" VPOS="2349" HPOS="501"/>
<SP HEIGHT="41" WIDTH="27" VPOS="2348" HPOS="630"/>
<String CONTENT="21," HEIGHT="49" WIDTH="69" VPOS="2348" HPOS="658"/>
<SP HEIGHT="48" WIDTH="29" VPOS="2349" HPOS="728"/>
<String CONTENT="1936;" HEIGHT="49" WIDTH="141" VPOS="2347" HPOS="758"/>
<SP HEIGHT="48" WIDTH="30" VPOS="2348" HPOS="900"/>
<String CONTENT="2c." HEIGHT="39" WIDTH="67" VPOS="2348" HPOS="931"/>
<SP HEIGHT="29" WIDTH="30" VPOS="2359" HPOS="999"/>
<String CONTENT="each" HEIGHT="41" WIDTH="117" VPOS="2347" HPOS="1030"/>
<SP HEIGHT="41" WIDTH="30" VPOS="2347" HPOS="1148"/>
<String CONTENT="Oct." HEIGHT="42" WIDTH="103" VPOS="2347" HPOS="1179"/>
<SP HEIGHT="40" WIDTH="28" VPOS="2349" HPOS="1283"/>
<String CONTENT="15;" HEIGHT="46" WIDTH="81" VPOS="2348" HPOS="1312"/>
<SP HEIGHT="37" WIDTH="32" VPOS="2357" HPOS="1394"/>
<String CONTENT="aff." HEIGHT="41" WIDTH="82" VPOS="2346" HPOS="1427"/>
<SP HEIGHT="41" WIDTH="31" VPOS="2347" HPOS="1510"/>
<String CONTENT="Oct." HEIGHT="41" WIDTH="102" VPOS="2347" HPOS="1542"/>
<SP HEIGHT="41" WIDTH="29" VPOS="2346" HPOS="1645"/>
<String CONTENT="20;" HEIGHT="48" WIDTH="82" VPOS="2346" HPOS="1675"/>
<SP HEIGHT="47" WIDTH="31" VPOS="2347" HPOS="1758"/>
<!-- cceid A4A170B6-6E3A-1014-83DD-942C093A1DD9 --><String CONTENT="A" HEIGHT="39" WIDTH="40" VPOS="2347" HPOS="1790"/>
<SP HEIGHT="41" WIDTH="26" VPOS="2346" HPOS="1831"/>
<String CONTENT="99499;" HEIGHT="51" WIDTH="173" VPOS="2344" HPOS="1858"/>
<SP HEIGHT="48" WIDTH="32" VPOS="2347" HPOS="2032"/>
<String CONTENT="West" HEIGHT="39" WIDTH="135" VPOS="2347" HPOS="2065"/>
<SP HEIGHT="45" WIDTH="25" VPOS="2349" HPOS="2201"/>
<String CONTENT="pub." HEIGHT="49" WIDTH="111" VPOS="2345" HPOS="2227"/>
<SP HEIGHT="31" WIDTH="29" VPOS="2355" HPOS="2339"/>
<String CONTENT="co." HEIGHT="30" WIDTH="67" VPOS="2355" HPOS="2369"/>
</TextLine>
<TextLine HEIGHT="66" WIDTH="924" VPOS="2467" HPOS="414" STYLEREFS="StyleId-AF328C9D-3CCF-4077-AC1E-8E2081DBEF8B-">
<String CONTENT="Kinnavey," HEIGHT="64" WIDTH="335" VPOS="2469" HPOS="414"/>
<SP HEIGHT="64" WIDTH="25" VPOS="2469" HPOS="750"/>
<String CONTENT="Raymond" HEIGHT="65" WIDTH="312" VPOS="2468" HPOS="776"/>
<SP HEIGHT="55" WIDTH="25" VPOS="2467" HPOS="1089"/>
<String CONTENT="James." HEIGHT="56" WIDTH="223" VPOS="2467" HPOS="1115"/>
</TextLine>
<TextLine HEIGHT="72" WIDTH="1885" VPOS="2542" HPOS="552" STYLEREFS="StyleId-EE531DD1-24E2-42F5-87D4-3DFB7D990222-" CS="1">
<String CS="1" CONTENT="&#8230;"/>
<SP HEIGHT="54" WIDTH="44" VPOS="2546" HPOS="552"/>
<String CONTENT="The" HEIGHT="52" WIDTH="123" VPOS="2546" HPOS="597"/>
<SP HEIGHT="34" WIDTH="39" VPOS="2564" HPOS="721"/>
<String CONTENT="vocabulary" HEIGHT="69" WIDTH="349" VPOS="2545" HPOS="761"/>
<SP HEIGHT="51" WIDTH="38" VPOS="2563" HPOS="1111"/>
<String CONTENT="of" HEIGHT="54" WIDTH="65" VPOS="2543" HPOS="1150"/>
<SP HEIGHT="56" WIDTH="41" VPOS="2542" HPOS="1216"/>
<String CONTENT="St." HEIGHT="56" WIDTH="84" VPOS="2542" HPOS="1258"/>
<SP HEIGHT="54" WIDTH="38" VPOS="2543" HPOS="1343"/>
<String CONTENT="Hilary" HEIGHT="69" WIDTH="217" VPOS="2543" HPOS="1382"/>
<SP HEIGHT="50" WIDTH="39" VPOS="2562" HPOS="1600"/>
<String CONTENT="of" HEIGHT="54" WIDTH="65" VPOS="2542" HPOS="1640"/>
<SP HEIGHT="53" WIDTH="37" VPOS="2542" HPOS="1706"/>
<String CONTENT="Poitiers" HEIGHT="53" WIDTH="250" VPOS="2543" HPOS="1744"/>
<SP HEIGHT="35" WIDTH="39" VPOS="2561" HPOS="1995"/>
<String CONTENT="as" HEIGHT="35" WIDTH="60" VPOS="2561" HPOS="2035"/>
<SP HEIGHT="35" WIDTH="40" VPOS="2561" HPOS="2096"/>
<String CONTENT="contained" HEIGHT="54" WIDTH="300" VPOS="2542" HPOS="2137"/>
</TextLine>
<TextLine HEIGHT="69" WIDTH="2018" VPOS="2620" HPOS="420" STYLEREFS="StyleId-EE531DD1-24E2-42F5-87D4-3DFB7D990222-" CS="1">
<String CONTENT="in" HEIGHT="56" WIDTH="59" VPOS="2623" HPOS="420"/>
<SP HEIGHT="56" WIDTH="33" VPOS="2624" HPOS="480"/>
<String CONTENT="Commentarius" HEIGHT="58" WIDTH="462" VPOS="2622" HPOS="514"/>
<SP HEIGHT="53" WIDTH="32" VPOS="2624" HPOS="977"/>
<String CONTENT="in" HEIGHT="52" WIDTH="61" VPOS="2624" HPOS="1010"/>
<SP HEIGHT="53" WIDTH="31" VPOS="2623" HPOS="1072"/>
<String CONTENT="Matthaeum," HEIGHT="67" WIDTH="381" VPOS="2622" HPOS="1104"/>
<SP HEIGHT="66" WIDTH="31" VPOS="2623" HPOS="1486"/>
<String CONTENT="Liber" HEIGHT="55" WIDTH="173" VPOS="2621" HPOS="1518"/>
<SP HEIGHT="34" WIDTH="30" VPOS="2640" HPOS="1692"/>
<String CS="1" CONTENT="I"/>
<SP HEIGHT="34" WIDTH="30" VPOS="2640" HPOS="1746"/>
<String CONTENT="ad" HEIGHT="52" WIDTH="73" VPOS="2622" HPOS="1777"/>
<SP HEIGHT="56" WIDTH="33" VPOS="2620" HPOS="1851"/>
<String CONTENT="Constantium" HEIGHT="56" WIDTH="405" VPOS="2620" HPOS="1885"/>
<SP HEIGHT="35" WIDTH="33" VPOS="2640" HPOS="2291"/>
<String CONTENT="and" HEIGHT="54" WIDTH="113" VPOS="2622" HPOS="2325"/>
</TextLine>
<TextLine HEIGHT="71" WIDTH="2018" VPOS="2699" HPOS="419" STYLEREFS="StyleId-EE531DD1-24E2-42F5-87D4-3DFB7D990222-" CS="1">
<String LANG="de" CONTENT="De" HEIGHT="52" WIDTH="86" VPOS="2705" HPOS="419"/>
<SP HEIGHT="53" WIDTH="29" VPOS="2704" HPOS="506"/>
<String CONTENT="Trinitate;" HEIGHT="68" WIDTH="318" VPOS="2702" HPOS="536"/>
<SP HEIGHT="49" WIDTH="32" VPOS="2721" HPOS="855"/>
<String CONTENT="a" HEIGHT="34" WIDTH="32" VPOS="2722" HPOS="888"/>
<SP HEIGHT="35" WIDTH="26" VPOS="2721" HPOS="921"/>
<String CONTENT="morphological" HEIGHT="70" WIDTH="459" VPOS="2700" HPOS="948"/>
<SP HEIGHT="51" WIDTH="29" VPOS="2704" HPOS="1408"/>
<String CONTENT="and" HEIGHT="53" WIDTH="114" VPOS="2701" HPOS="1438"/>
<SP HEIGHT="55" WIDTH="29" VPOS="2701" HPOS="1553"/>
<String CONTENT="semasiological" HEIGHT="71" WIDTH="453" VPOS="2699" HPOS="1583"/>
<SP HEIGHT="54" WIDTH="27" VPOS="2700" HPOS="2037"/>
<String CONTENT="study" HEIGHT="69" WIDTH="172" VPOS="2701" HPOS="2065"/>
<SP HEIGHT="50" WIDTH="35" VPOS="2720" HPOS="2238"/>
<String CS="1" CONTENT="&#8230;"/>
<SP HEIGHT="53" WIDTH="31" VPOS="2701" HPOS="2331"/>
<String CONTENT="by" HEIGHT="69" WIDTH="74" VPOS="2701" HPOS="2363"/>
</TextLine>
<TextLine HEIGHT="150" WIDTH="1993" VPOS="2779" HPOS="420" STYLEREFS="StyleId-EE531DD1-24E2-42F5-87D4-3DFB7D990222-" CS="1">
<String CONTENT="Raymond" HEIGHT="68" WIDTH="305" VPOS="2783" HPOS="420"/>
<SP HEIGHT="55" WIDTH="25" VPOS="2782" HPOS="726"/>
<String CONTENT="James" HEIGHT="55" WIDTH="196" VPOS="2782" HPOS="752"/>
<SP HEIGHT="52" WIDTH="24" VPOS="2782" HPOS="949"/>
<String CONTENT="Kinnavey" HEIGHT="68" WIDTH="311" VPOS="2782" HPOS="974"/>
<SP HEIGHT="50" WIDTH="29" VPOS="2800" HPOS="1286"/>
<String CS="1" CONTENT="&#8230;"/>
<SP HEIGHT="53" WIDTH="66" VPOS="2782" HPOS="1373"/>
<String CONTENT="Washington," HEIGHT="69" WIDTH="404" VPOS="2780" HPOS="1440"/>
<SP HEIGHT="68" WIDTH="24" VPOS="2781" HPOS="1845"/>
<String CONTENT="D." HEIGHT="52" WIDTH="72" VPOS="2781" HPOS="1870"/>
<SP HEIGHT="56" WIDTH="26" VPOS="2779" HPOS="1943"/>
<String CONTENT="C.," HEIGHT="70" WIDTH="83" VPOS="2779" HPOS="1970"/>
<SP HEIGHT="68" WIDTH="25" VPOS="2781" HPOS="2054"/>
<String CONTENT="The" HEIGHT="53" WIDTH="121" VPOS="2780" HPOS="2080"/>
<SP HEIGHT="56" WIDTH="24" VPOS="2779" HPOS="2202"/>
<String CONTENT="Catholic" HEIGHT="138" WIDTH="1993" VPOS="2779" HPOS="420"/>
<SP HEIGHT="37" WIDTH="28" VPOS="2880" HPOS="493"/>
<String CONTENT="university" HEIGHT="68" WIDTH="324" VPOS="2861" HPOS="522"/>
<SP HEIGHT="51" WIDTH="28" VPOS="2878" HPOS="847"/>
<String CONTENT="of" HEIGHT="54" WIDTH="65" VPOS="2860" HPOS="876"/>
<SP HEIGHT="53" WIDTH="26" VPOS="2860" HPOS="942"/>
<String CONTENT="America," HEIGHT="68" WIDTH="287" VPOS="2860" HPOS="969"/>
<SP HEIGHT="63" WIDTH="29" VPOS="2865" HPOS="1257"/>
<String CONTENT="1935." HEIGHT="53" WIDTH="152" VPOS="2863" HPOS="1287"/>
</TextLine>
<TextLine HEIGHT="106" WIDTH="1998" VPOS="2934" HPOS="422" CS="1">
<String CONTENT="xv" HEIGHT="28" WIDTH="64" VPOS="2949" HPOS="492"/>
<SP HEIGHT="37" WIDTH="22" VPOS="2948" HPOS="557"/>
<String CS="1" CONTENT="p.," HEIGHT="37" WIDTH="30" VPOS="2948" HPOS="580"/>
<SP HEIGHT="41" WIDTH="27" VPOS="2937" HPOS="638"/>
<String CS="1" CONTENT="1"/>
<SP HEIGHT="39" WIDTH="24" VPOS="2937" HPOS="691"/>
<String CS="1" CONTENT="l.," HEIGHT="16" WIDTH="8" VPOS="2968" HPOS="753"/>
<SP HEIGHT="48" WIDTH="23" VPOS="2936" HPOS="762"/>
<String CONTENT="338" HEIGHT="41" WIDTH="89" VPOS="2935" HPOS="786"/>
<SP HEIGHT="49" WIDTH="21" VPOS="2935" HPOS="876"/>
<String CONTENT="p." HEIGHT="38" WIDTH="42" VPOS="2946" HPOS="898"/>
<SP HEIGHT="40" WIDTH="53" VPOS="2935" HPOS="941"/>
<String CONTENT="23" HEIGHT="41" WIDTH="55" VPOS="2935" HPOS="995"/>
<String STYLE="superscript" CONTENT="cm" HEIGHT="21" WIDTH="44" VPOS="2938" HPOS="1054"/>
<String CONTENT="." HEIGHT="8" WIDTH="9" VPOS="2968" HPOS="1103"/>
<SP HEIGHT="49" WIDTH="64" VPOS="2935" HPOS="1113"/>
<String CONTENT="(The" HEIGHT="49" WIDTH="126" VPOS="2935" HPOS="1178"/>
<SP HEIGHT="41" WIDTH="25" VPOS="2935" HPOS="1305"/>
<String CONTENT="Catholic" HEIGHT="42" WIDTH="224" VPOS="2934" HPOS="1331"/>
<SP HEIGHT="30" WIDTH="24" VPOS="2946" HPOS="1556"/>
<String CONTENT="university" HEIGHT="49" WIDTH="272" VPOS="2934" HPOS="1581"/>
<SP HEIGHT="36" WIDTH="26" VPOS="2947" HPOS="1854"/>
<String CONTENT="of" HEIGHT="42" WIDTH="53" VPOS="2934" HPOS="1881"/>
<SP HEIGHT="40" WIDTH="20" VPOS="2934" HPOS="1935"/>
<String CONTENT="America." HEIGHT="41" WIDTH="241" VPOS="2934" HPOS="1956"/>
<SP HEIGHT="40" WIDTH="56" VPOS="2935" HPOS="2198"/>
<String CONTENT="Patristic" HEIGHT="100" WIDTH="1998" VPOS="2935" HPOS="422"/>
<SP HEIGHT="29" WIDTH="33" VPOS="3005" HPOS="488"/>
<String CS="1" CONTENT="studies." HEIGHT="40" WIDTH="189" VPOS="2994" HPOS="522"/>
<SP HEIGHT="29" WIDTH="65" VPOS="3004" HPOS="727"/>
<String CONTENT="vol." HEIGHT="40" WIDTH="90" VPOS="2994" HPOS="793"/>
<SP HEIGHT="30" WIDTH="38" VPOS="3004" HPOS="884"/>
<String CS="1" CONTENT="XLVII)" HEIGHT="47" WIDTH="15" VPOS="2993" HPOS="1070"/>
</TextLine>
<TextLine HEIGHT="50" WIDTH="1534" VPOS="3048" HPOS="491" CS="1">
<String CONTENT="Thesis" HEIGHT="40" WIDTH="175" VPOS="3050" HPOS="491"/>
<SP HEIGHT="48" WIDTH="27" VPOS="3050" HPOS="667"/>
<String CS="1" CONTENT="(PH." HEIGHT="48" WIDTH="108" VPOS="3050" HPOS="695"/>
<SP HEIGHT="30" WIDTH="32" VPOS="3060" HPOS="804"/>
<String CS="1" CONTENT="D.)&#8212;Catholic" HEIGHT="48" WIDTH="331" VPOS="3048" HPOS="870"/>
<SP HEIGHT="31" WIDTH="30" VPOS="3059" HPOS="1202"/>
<String CONTENT="university" HEIGHT="49" WIDTH="274" VPOS="3048" HPOS="1233"/>
<SP HEIGHT="38" WIDTH="28" VPOS="3059" HPOS="1508"/>
<String CONTENT="of" HEIGHT="40" WIDTH="53" VPOS="3049" HPOS="1537"/>
<SP HEIGHT="40" WIDTH="30" VPOS="3048" HPOS="1591"/>
<String CONTENT="America," HEIGHT="49" WIDTH="238" VPOS="3048" HPOS="1622"/>
<SP HEIGHT="48" WIDTH="32" VPOS="3049" HPOS="1861"/>
<String CONTENT="1935." HEIGHT="41" WIDTH="131" VPOS="3048" HPOS="1894"/>
</TextLine>
<TextLine HEIGHT="50" WIDTH="684" VPOS="3105" HPOS="491">
<String CONTENT="Bibliography:" HEIGHT="49" WIDTH="382" VPOS="3106" HPOS="491"/>
<SP HEIGHT="37" WIDTH="28" VPOS="3117" HPOS="874"/>
<String CONTENT="p." HEIGHT="37" WIDTH="43" VPOS="3117" HPOS="903"/>
<SP HEIGHT="29" WIDTH="25" VPOS="3117" HPOS="947"/>
<String CONTENT="xiii-xv." HEIGHT="41" WIDTH="202" VPOS="3105" HPOS="973"/>
</TextLine>
<TextLine HEIGHT="53" WIDTH="2019" VPOS="3160" HPOS="419" CS="1">
<String CONTENT="&#169;" HEIGHT="53" WIDTH="54" VPOS="3160" HPOS="419"/>
<SP HEIGHT="53" WIDTH="41" VPOS="3160" HPOS="474"/>
<String CONTENT="Jan." HEIGHT="39" WIDTH="110" VPOS="3165" HPOS="516"/>
<SP HEIGHT="38" WIDTH="44" VPOS="3164" HPOS="627"/>
<String CONTENT="10," HEIGHT="48" WIDTH="68" VPOS="3163" HPOS="672"/>
<SP HEIGHT="47" WIDTH="42" VPOS="3164" HPOS="741"/>
<String CONTENT="1936;" HEIGHT="48" WIDTH="142" VPOS="3162" HPOS="784"/>
<SP HEIGHT="48" WIDTH="43" VPOS="3162" HPOS="927"/>
<String CONTENT="2c." HEIGHT="41" WIDTH="68" VPOS="3162" HPOS="971"/>
<SP HEIGHT="30" WIDTH="44" VPOS="3173" HPOS="1040"/>
<String CONTENT="and" HEIGHT="40" WIDTH="95" VPOS="3162" HPOS="1085"/>
<SP HEIGHT="39" WIDTH="44" VPOS="3162" HPOS="1181"/>
<String CONTENT="aff." HEIGHT="41" WIDTH="82" VPOS="3162" HPOS="1226"/>
<SP HEIGHT="40" WIDTH="43" VPOS="3163" HPOS="1309"/>
<String CONTENT="Jan." HEIGHT="40" WIDTH="109" VPOS="3163" HPOS="1353"/>
<SP HEIGHT="42" WIDTH="42" VPOS="3161" HPOS="1463"/>
<String CONTENT="21;" HEIGHT="48" WIDTH="83" VPOS="3161" HPOS="1506"/>
<SP HEIGHT="46" WIDTH="46" VPOS="3163" HPOS="1590"/>
<!-- cceid A4A1BE4D-6E3A-1014-83DD-942C093A1DD9 --><String CONTENT="A" HEIGHT="38" WIDTH="41" VPOS="3163" HPOS="1637"/>
<SP HEIGHT="41" WIDTH="43" VPOS="3162" HPOS="1679"/>
<String LANG="de" CS="1" CONTENT="90414;" HEIGHT="49" WIDTH="171" VPOS="3162" HPOS="1723"/>
<SP HEIGHT="49" WIDTH="46" VPOS="3162" HPOS="1895"/>
<String CONTENT="Catholic" HEIGHT="42" WIDTH="226" VPOS="3161" HPOS="1942"/>
<SP HEIGHT="31" WIDTH="39" VPOS="3172" HPOS="2169"/>
<String CONTENT="univ." HEIGHT="41" WIDTH="131" VPOS="3162" HPOS="2209"/>
<SP HEIGHT="30" WIDTH="43" VPOS="3174" HPOS="2341"/>
<String CONTENT="of" HEIGHT="40" WIDTH="53" VPOS="3164" HPOS="2385"/>
</TextLine>
<TextLine HEIGHT="49" WIDTH="587" VPOS="3220" HPOS="489" CS="1">
<String CONTENT="America." HEIGHT="40" WIDTH="240" VPOS="3221" HPOS="489"/>
<SP HEIGHT="49" WIDTH="61" VPOS="3220" HPOS="730"/>
<String CONTENT="(36-21044)" HEIGHT="49" WIDTH="284" VPOS="3220" HPOS="792"/>
<SP/>
</TextLine>
<TextLine HEIGHT="65" WIDTH="576" VPOS="3324" HPOS="418" STYLEREFS="StyleId-AF328C9D-3CCF-4077-AC1E-8E2081DBEF8B-">
<String CONTENT="Lange," HEIGHT="64" WIDTH="221" VPOS="3325" HPOS="418"/>
<SP HEIGHT="62" WIDTH="27" VPOS="3326" HPOS="640"/>
<String CONTENT="Mariluise." HEIGHT="55" WIDTH="326" VPOS="3324" HPOS="668"/>
</TextLine>
<TextLine HEIGHT="71" WIDTH="1881" VPOS="3399" HPOS="551" STYLEREFS="StyleId-EE531DD1-24E2-42F5-87D4-3DFB7D990222-" CS="1">
<String CS="1" CONTENT="&#8230;"/>
<SP HEIGHT="52" WIDTH="29" VPOS="3403" HPOS="551"/>
<String CONTENT="Tyras;" HEIGHT="67" WIDTH="213" VPOS="3403" HPOS="581"/>
<SP HEIGHT="50" WIDTH="27" VPOS="3420" HPOS="795"/>
<String CONTENT="with" HEIGHT="53" WIDTH="140" VPOS="3401" HPOS="823"/>
<SP HEIGHT="53" WIDTH="25" VPOS="3401" HPOS="964"/>
<String CONTENT="illustrations" HEIGHT="54" WIDTH="383" VPOS="3400" HPOS="990"/>
<SP HEIGHT="54" WIDTH="24" VPOS="3400" HPOS="1374"/>
<String CONTENT="by" HEIGHT="68" WIDTH="73" VPOS="3400" HPOS="1399"/>
<SP HEIGHT="67" WIDTH="25" VPOS="3401" HPOS="1473"/>
<String CONTENT="Gunter" HEIGHT="56" WIDTH="223" VPOS="3401" HPOS="1499"/>
<SP HEIGHT="52" WIDTH="25" VPOS="3403" HPOS="1723"/>
<String LANG="de" CONTENT="B&#246;hmer." HEIGHT="53" WIDTH="266" VPOS="3401" HPOS="1749"/>
<SP HEIGHT="51" WIDTH="75" VPOS="3403" HPOS="2016"/>
<String CONTENT="Translated" HEIGHT="55" WIDTH="340" VPOS="3399" HPOS="2092"/>
</TextLine>
<TextLine HEIGHT="70" WIDTH="2013" VPOS="3479" HPOS="422" STYLEREFS="StyleId-EE531DD1-24E2-42F5-87D4-3DFB7D990222-" CS="1">
<String CONTENT="from" HEIGHT="54" WIDTH="153" VPOS="3480" HPOS="422"/>
<SP HEIGHT="48" WIDTH="40" VPOS="3486" HPOS="576"/>
<String CONTENT="the" HEIGHT="52" WIDTH="98" VPOS="3480" HPOS="617"/>
<SP HEIGHT="56" WIDTH="39" VPOS="3479" HPOS="716"/>
<String CONTENT="German" HEIGHT="56" WIDTH="253" VPOS="3479" HPOS="756"/>
<SP HEIGHT="54" WIDTH="38" VPOS="3479" HPOS="1010"/>
<String CONTENT="by" HEIGHT="70" WIDTH="76" VPOS="3479" HPOS="1049"/>
<SP HEIGHT="69" WIDTH="42" VPOS="3480" HPOS="1126"/>
<String CONTENT="Ernest" HEIGHT="53" WIDTH="211" VPOS="3480" HPOS="1169"/>
<SP HEIGHT="51" WIDTH="44" VPOS="3481" HPOS="1381"/>
<String CONTENT="Boyd." HEIGHT="70" WIDTH="183" VPOS="3479" HPOS="1426"/>
<SP HEIGHT="51" WIDTH="75" VPOS="3481" HPOS="1610"/>
<String CONTENT="Boston," HEIGHT="66" WIDTH="234" VPOS="3481" HPOS="1686"/>
<SP HEIGHT="66" WIDTH="41" VPOS="3481" HPOS="1921"/>
<String CONTENT="Little," HEIGHT="68" WIDTH="198" VPOS="3479" HPOS="1963"/>
<SP HEIGHT="67" WIDTH="43" VPOS="3480" HPOS="2162"/>
<String CONTENT="Brown," HEIGHT="66" WIDTH="229" VPOS="3480" HPOS="2206"/>
</TextLine>
<TextLine HEIGHT="67" WIDTH="632" VPOS="3562" HPOS="418" STYLEREFS="StyleId-EE531DD1-24E2-42F5-87D4-3DFB7D990222-">
<String CONTENT="and" HEIGHT="53" WIDTH="114" VPOS="3562" HPOS="418"/>
<SP HEIGHT="53" WIDTH="30" VPOS="3562" HPOS="533"/>
<String CONTENT="company," HEIGHT="52" WIDTH="300" VPOS="3577" HPOS="564"/>
<SP HEIGHT="64" WIDTH="34" VPOS="3564" HPOS="865"/>
<String CONTENT="1936." HEIGHT="50" WIDTH="150" VPOS="3564" HPOS="900"/>
</TextLine>
<TextLine HEIGHT="53" WIDTH="1020" VPOS="3631" HPOS="490" CS="1">
<String CONTENT="4" HEIGHT="36" WIDTH="27" VPOS="3637" HPOS="490"/>
<SP/>
<String CS="1" CONTENT="p."/>
<SP/>
<String CS="1" CONTENT="l.," HEIGHT="15" WIDTH="10" VPOS="3665" HPOS="654"/>
<SP HEIGHT="31" WIDTH="32" VPOS="3653" HPOS="665"/>
<String CS="1" CONTENT="[3]-126" HEIGHT="51" WIDTH="166" VPOS="3632" HPOS="710"/>
<SP HEIGHT="50" WIDTH="26" VPOS="3632" HPOS="877"/>
<String CONTENT="p." HEIGHT="39" WIDTH="44" VPOS="3643" HPOS="904"/>
<SP HEIGHT="42" WIDTH="57" VPOS="3632" HPOS="949"/>
<String CONTENT="front.," HEIGHT="49" WIDTH="166" VPOS="3632" HPOS="1007"/>
<SP HEIGHT="49" WIDTH="27" VPOS="3632" HPOS="1174"/>
<String CONTENT="illus." HEIGHT="41" WIDTH="129" VPOS="3632" HPOS="1202"/>
<SP HEIGHT="40" WIDTH="59" VPOS="3631" HPOS="1332"/>
<String CONTENT="22" HEIGHT="41" WIDTH="56" VPOS="3631" HPOS="1392"/>
<String STYLE="superscript" CONTENT="cm" HEIGHT="22" WIDTH="45" VPOS="3634" HPOS="1451"/>
<String CONTENT="." HEIGHT="8" WIDTH="9" VPOS="3666" HPOS="1501"/>
</TextLine>
<TextLine HEIGHT="109" WIDTH="2017" VPOS="3687" HPOS="419" CS="1">
<String CONTENT="&#169;" HEIGHT="52" WIDTH="53" VPOS="3689" HPOS="419"/>
<SP HEIGHT="52" WIDTH="28" VPOS="3689" HPOS="473"/>
<String CONTENT="Sept." HEIGHT="47" WIDTH="128" VPOS="3693" HPOS="502"/>
<SP HEIGHT="40" WIDTH="30" VPOS="3693" HPOS="631"/>
<String CONTENT="25," HEIGHT="46" WIDTH="68" VPOS="3693" HPOS="662"/>
<SP HEIGHT="46" WIDTH="28" VPOS="3693" HPOS="731"/>
<String CONTENT="1936;" HEIGHT="48" WIDTH="141" VPOS="3690" HPOS="760"/>
<SP HEIGHT="47" WIDTH="28" VPOS="3691" HPOS="902"/>
<String CONTENT="2c." HEIGHT="40" WIDTH="68" VPOS="3691" HPOS="931"/>
<SP HEIGHT="30" WIDTH="27" VPOS="3701" HPOS="1000"/>
<String CONTENT="and" HEIGHT="39" WIDTH="96" VPOS="3691" HPOS="1028"/>
<SP HEIGHT="39" WIDTH="28" VPOS="3691" HPOS="1125"/>
<String CONTENT="aff." HEIGHT="40" WIDTH="81" VPOS="3690" HPOS="1154"/>
<SP HEIGHT="40" WIDTH="31" VPOS="3690" HPOS="1236"/>
<String CONTENT="Sept." HEIGHT="47" WIDTH="128" VPOS="3690" HPOS="1268"/>
<SP HEIGHT="38" WIDTH="27" VPOS="3690" HPOS="1397"/>
<String CONTENT="26:" HEIGHT="41" WIDTH="82" VPOS="3689" HPOS="1425"/>
<SP HEIGHT="39" WIDTH="29" VPOS="3691" HPOS="1508"/>
<!-- cceid A4A2034C-6E3A-1014-83DD-942C093A1DD9 --><String CONTENT="A" HEIGHT="38" WIDTH="40" VPOS="3691" HPOS="1538"/>
<SP HEIGHT="39" WIDTH="26" VPOS="3690" HPOS="1579"/>
<String CONTENT="98657;" HEIGHT="46" WIDTH="171" VPOS="3690" HPOS="1606"/>
<SP HEIGHT="45" WIDTH="31" VPOS="3691" HPOS="1778"/>
<String CONTENT="M." HEIGHT="38" WIDTH="62" VPOS="3691" HPOS="1810"/>
<SP HEIGHT="40" WIDTH="28" VPOS="3689" HPOS="1873"/>
<String CONTENT="Lange," HEIGHT="46" WIDTH="178" VPOS="3689" HPOS="1902"/>
<SP HEIGHT="48" WIDTH="28" VPOS="3687" HPOS="2081"/>
<String LANG="de" CONTENT="Oberbayern," HEIGHT="50" WIDTH="326" VPOS="3687" HPOS="2110"/>
<SP/>
<String CONTENT="Germany." HEIGHT="46" WIDTH="260" VPOS="3750" HPOS="492"/>
<SP HEIGHT="48" WIDTH="64" VPOS="3748" HPOS="753"/>
<String CONTENT="(36-21005)" HEIGHT="48" WIDTH="282" VPOS="3748" HPOS="818"/>
</TextLine>
<TextLine HEIGHT="66" WIDTH="997" VPOS="3851" HPOS="420" STYLEREFS="StyleId-AF328C9D-3CCF-4077-AC1E-8E2081DBEF8B-">
<String CONTENT="Lathrop," HEIGHT="64" WIDTH="285" VPOS="3853" HPOS="420"/>
<SP HEIGHT="64" WIDTH="23" VPOS="3853" HPOS="706"/>
<String CONTENT="John" HEIGHT="53" WIDTH="155" VPOS="3853" HPOS="730"/>
<SP HEIGHT="53" WIDTH="23" VPOS="3853" HPOS="886"/>
<String CONTENT="Howland," HEIGHT="65" WIDTH="307" VPOS="3851" HPOS="910"/>
<SP HEIGHT="58" WIDTH="26" VPOS="3858" HPOS="1218"/>
<String CONTENT="1880-" HEIGHT="50" WIDTH="172" VPOS="3857" HPOS="1245"/>
</TextLine>
<TextLine HEIGHT="73" WIDTH="1941" VPOS="3924" HPOS="495" STYLEREFS="StyleId-EE531DD1-24E2-42F5-87D4-3DFB7D990222-">
<String CONTENT="Toward" HEIGHT="52" WIDTH="249" VPOS="3930" HPOS="495"/>
<SP HEIGHT="53" WIDTH="33" VPOS="3929" HPOS="745"/>
<String CONTENT="discovering" HEIGHT="69" WIDTH="362" VPOS="3928" HPOS="779"/>
<SP HEIGHT="50" WIDTH="32" VPOS="3947" HPOS="1142"/>
<String CONTENT="a" HEIGHT="34" WIDTH="31" VPOS="3948" HPOS="1175"/>
<SP HEIGHT="35" WIDTH="33" VPOS="3947" HPOS="1207"/>
<String CONTENT="religion," HEIGHT="69" WIDTH="264" VPOS="3927" HPOS="1241"/>
<SP HEIGHT="68" WIDTH="30" VPOS="3927" HPOS="1506"/>
<String CONTENT="by" HEIGHT="68" WIDTH="75" VPOS="3927" HPOS="1537"/>
<SP HEIGHT="67" WIDTH="30" VPOS="3928" HPOS="1613"/>
<String CONTENT="John" HEIGHT="56" WIDTH="158" VPOS="3926" HPOS="1644"/>
<SP HEIGHT="53" WIDTH="32" VPOS="3926" HPOS="1803"/>
<String CONTENT="Howland" HEIGHT="54" WIDTH="291" VPOS="3925" HPOS="1836"/>
<SP HEIGHT="52" WIDTH="31" VPOS="3925" HPOS="2128"/>
<String CONTENT="Lathrop." HEIGHT="68" WIDTH="276" VPOS="3924" HPOS="2160"/>
</TextLine>
<TextLine HEIGHT="69" WIDTH="1583" VPOS="4005" HPOS="423" STYLEREFS="StyleId-EE531DD1-24E2-42F5-87D4-3DFB7D990222-">
<String CONTENT="New" HEIGHT="52" WIDTH="139" VPOS="4009" HPOS="423"/>
<SP HEIGHT="52" WIDTH="28" VPOS="4008" HPOS="563"/>
<String CONTENT="York" HEIGHT="53" WIDTH="164" VPOS="4007" HPOS="592"/>
<SP HEIGHT="53" WIDTH="26" VPOS="4007" HPOS="757"/>
<String CONTENT="and" HEIGHT="53" WIDTH="113" VPOS="4007" HPOS="784"/>
<SP HEIGHT="53" WIDTH="23" VPOS="4007" HPOS="898"/>
<String CONTENT="London," HEIGHT="67" WIDTH="262" VPOS="4007" HPOS="922"/>
<SP HEIGHT="67" WIDTH="24" VPOS="4007" HPOS="1185"/>
<String CONTENT="Harper" HEIGHT="67" WIDTH="235" VPOS="4007" HPOS="1210"/>
<SP HEIGHT="51" WIDTH="25" VPOS="4008" HPOS="1446"/>
<String CONTENT="&amp;" HEIGHT="51" WIDTH="46" VPOS="4008" HPOS="1472"/>
<SP HEIGHT="53" WIDTH="24" VPOS="4006" HPOS="1519"/>
<String CONTENT="brothers," HEIGHT="67" WIDTH="279" VPOS="4005" HPOS="1544"/>
<SP HEIGHT="64" WIDTH="30" VPOS="4008" HPOS="1824"/>
<String CONTENT="1936." HEIGHT="51" WIDTH="151" VPOS="4007" HPOS="1855"/>
</TextLine>
<TextLine HEIGHT="49" WIDTH="593" VPOS="4081" HPOS="496" CS="1">
<String CONTENT="6" HEIGHT="40" WIDTH="26" VPOS="4082" HPOS="496"/>
<SP HEIGHT="48" WIDTH="27" VPOS="4082" HPOS="523"/>
<String CS="1" CONTENT="p."/>
<SP/>
<String CS="1" CONTENT="l.," HEIGHT="16" WIDTH="8" VPOS="4114" HPOS="658"/>
<SP HEIGHT="48" WIDTH="28" VPOS="4082" HPOS="667"/>
<String CONTENT="3-108" HEIGHT="42" WIDTH="149" VPOS="4081" HPOS="696"/>
<SP HEIGHT="49" WIDTH="23" VPOS="4081" HPOS="846"/>
<String CONTENT="p." HEIGHT="38" WIDTH="44" VPOS="4092" HPOS="870"/>
<SP HEIGHT="40" WIDTH="55" VPOS="4081" HPOS="915"/>
<String CONTENT="19" HEIGHT="41" WIDTH="59" VPOS="4081" HPOS="971"/>
<String STYLE="superscript" CONTENT="cm" HEIGHT="21" WIDTH="45" VPOS="4083" HPOS="1030"/>
<String CONTENT="." HEIGHT="8" WIDTH="9" VPOS="4113" HPOS="1080"/>
</TextLine>
</TextBlock>
</PrintSpace>
</Page>
</Layout>
</alto>