<alto xmlns="http://www.loc.gov/standards/alto/ns-v3#" xmlns:xlink="http://www.w3.org/1999/xlink" xmlns:xsi="http://www.w3.org/2001/XMLSchema-instance" xsi:schemaLocation="http://www.loc.gov/standards/alto/ns-v3# http://www.loc.gov/alto/v3/alto-3-0.xsd"><Description>
<MeasurementUnit>pixel</MeasurementUnit>
<sourceImageInformation>
<fileName>1936_v33_Part1.pdf</fileName>
</sourceImageInformation>
<OCRProcessing ID="IdOcr">
<ocrProcessingStep>
<processingDateTime>2019-01-18</processingDateTime>
<processingSoftware>
<softwareCreator>ABBYY</softwareCreator>
<softwareName>ABBYY Recognition Server</softwareName>
<softwareVersion>4.0</softwareVersion>
</processingSoftware>
</ocrProcessingStep>
</OCRProcessing>
</Description>
<Styles>
<ParagraphStyle ID="StyleId-FFFFFFFF-FFFF-FFFF-FFFF-FFFFFFFFFFFF-" ALIGN="Left" LEFT="0." RIGHT="0." FIRSTLINE="0."/>
<ParagraphStyle ID="StyleId-51D50FAC-7A90-4D70-8A96-5EA9D46D1C8B-" ALIGN="Left" LEFT="0." RIGHT="0." FIRSTLINE="0." LINESPACE="7.699999809"/>
<ParagraphStyle ID="StyleId-6BC133E9-7DCB-43C3-8842-A67984A26405-" ALIGN="Block" LEFT="0." RIGHT="0." FIRSTLINE="-17." LINESPACE="8.340000153"/>
<ParagraphStyle ID="StyleId-3C3FF860-43E7-46A2-8934-48F305F6F0D6-" ALIGN="Left" LEFT="0." RIGHT="0." FIRSTLINE="-13." LINESPACE="11.06999969"/>
<ParagraphStyle ID="StyleId-19220C76-4F8A-4737-B38C-B5F5C17E6040-" ALIGN="Block" LEFT="0." RIGHT="0." FIRSTLINE="-13." LINESPACE="11.06999969"/>
<ParagraphStyle ID="StyleId-75A0D721-13ED-4F20-9002-B389EC48477D-" ALIGN="Left" LEFT="0." RIGHT="0." FIRSTLINE="0." LINESPACE="15.5"/>
<ParagraphStyle ID="StyleId-8A414184-C7A5-4AC7-9B88-7DA4DDE75922-" ALIGN="Left" LEFT="0." RIGHT="0." FIRSTLINE="0." LINESPACE="9.399999619"/>
<ParagraphStyle ID="StyleId-1A87970B-111C-4169-99A6-9412976F3C97-" ALIGN="Left" LEFT="0." RIGHT="0." FIRSTLINE="0." LINESPACE="10.5"/>
<ParagraphStyle ID="StyleId-72DB0571-5AE4-41FD-9E11-68C6AC4C437E-" ALIGN="Block" LEFT="0." RIGHT="0." FIRSTLINE="-17." LINESPACE="8.340000153"/>
<ParagraphStyle ID="StyleId-1AA43056-C388-4697-B10F-72FDAA38FAE1-" ALIGN="Center" LEFT="0." RIGHT="0." FIRSTLINE="0." LINESPACE="10.5"/>
</Styles>
<Layout>
<Page ID="Page369" PHYSICAL_IMG_NR="369" HEIGHT="4377" WIDTH="2519">
<TopMargin HEIGHT="432" WIDTH="2519" VPOS="0" HPOS="0">
</TopMargin>
<LeftMargin HEIGHT="3718" WIDTH="90" VPOS="432" HPOS="0">
</LeftMargin>
<RightMargin HEIGHT="3718" WIDTH="405" VPOS="432" HPOS="2114">
</RightMargin>
<BottomMargin HEIGHT="227" WIDTH="2519" VPOS="4150" HPOS="0">
</BottomMargin>
<PrintSpace HEIGHT="3718" WIDTH="2024" VPOS="432" HPOS="90">
<TextBlock ID="Page369_Block1" HEIGHT="70" WIDTH="120" VPOS="4080" HPOS="1030" LANG="en-US" STYLEREFS="StyleId-13EFCE77-3109-40E0-A5D2-C57297A986BD-">
<TextLine HEIGHT="50" WIDTH="99" VPOS="4090" HPOS="1040">
<String CONTENT="369" HEIGHT="50" WIDTH="99" VPOS="4090" HPOS="1040"/>
</TextLine>
</TextBlock>
<TextBlock ID="Page369_Block2" HEIGHT="3650" WIDTH="2024" VPOS="432" HPOS="90" LANG="en-US" CS="1" STYLEREFS="StyleId-FBC80582-DA56-4ACF-8B2B-543E4840609A-">
<TextLine HEIGHT="67" WIDTH="1991" VPOS="442" HPOS="111" STYLEREFS="StyleId-27D1F4A0-3FDB-4224-A0B3-DFC80D731E52-">
<String CONTENT="Hine," HEIGHT="64" WIDTH="169" VPOS="445" HPOS="111"/>
<SP HEIGHT="64" WIDTH="31" VPOS="445" HPOS="281"/>
<String CONTENT="Annabel" HEIGHT="53" WIDTH="268" VPOS="445" HPOS="313"/>
<SP HEIGHT="53" WIDTH="30" VPOS="446" HPOS="582"/>
<String CONTENT="Whitney" HEIGHT="64" WIDTH="283" VPOS="445" HPOS="613"/>
<SP HEIGHT="63" WIDTH="29" VPOS="446" HPOS="897"/>
<String CONTENT="(Baggaley)" HEIGHT="64" WIDTH="362" VPOS="445" HPOS="927"/>
<SP HEIGHT="64" WIDTH="39" VPOS="445" HPOS="1290"/>
<String CONTENT="&#8220;Mrs." HEIGHT="52" WIDTH="170" VPOS="446" HPOS="1330"/>
<SP HEIGHT="54" WIDTH="32" VPOS="445" HPOS="1501"/>
<String CONTENT="Walter" HEIGHT="55" WIDTH="224" VPOS="444" HPOS="1534"/>
<SP HEIGHT="52" WIDTH="31" VPOS="445" HPOS="1759"/>
<String CONTENT="R." HEIGHT="54" WIDTH="69" VPOS="445" HPOS="1791"/>
<SP HEIGHT="55" WIDTH="31" VPOS="444" HPOS="1861"/>
<String CONTENT="Hine,&#8221;" HEIGHT="64" WIDTH="209" VPOS="442" HPOS="1893"/>
</TextLine>
<TextLine HEIGHT="49" WIDTH="170" VPOS="528" HPOS="182" STYLEREFS="StyleId-27D1F4A0-3FDB-4224-A0B3-DFC80D731E52-">
<String CONTENT="1886-" HEIGHT="49" WIDTH="170" VPOS="528" HPOS="182"/>
</TextLine>
<TextLine HEIGHT="71" WIDTH="1920" VPOS="595" HPOS="182" STYLEREFS="StyleId-25A94E60-41D5-4601-975E-025E3AAD1122-" CS="1">
<String CONTENT="New" HEIGHT="52" WIDTH="138" VPOS="599" HPOS="182"/>
<SP HEIGHT="51" WIDTH="25" VPOS="598" HPOS="321"/>
<String CONTENT="flower" HEIGHT="52" WIDTH="190" VPOS="598" HPOS="347"/>
<SP HEIGHT="34" WIDTH="28" VPOS="615" HPOS="538"/>
<String CONTENT="arrangements," HEIGHT="62" WIDTH="441" VPOS="604" HPOS="567"/>
<SP HEIGHT="66" WIDTH="27" VPOS="598" HPOS="1009"/>
<String CONTENT="by" HEIGHT="67" WIDTH="75" VPOS="598" HPOS="1037"/>
<SP HEIGHT="67" WIDTH="25" VPOS="598" HPOS="1113"/>
<String CONTENT="Mrs." HEIGHT="51" WIDTH="137" VPOS="598" HPOS="1139"/>
<SP HEIGHT="53" WIDTH="30" VPOS="597" HPOS="1277"/>
<String CONTENT="Walter" HEIGHT="53" WIDTH="220" VPOS="597" HPOS="1308"/>
<SP HEIGHT="52" WIDTH="26" VPOS="597" HPOS="1529"/>
<String CONTENT="R." HEIGHT="52" WIDTH="67" VPOS="597" HPOS="1556"/>
<SP HEIGHT="53" WIDTH="30" VPOS="596" HPOS="1624"/>
<String CONTENT="Hine" HEIGHT="52" WIDTH="158" VPOS="596" HPOS="1655"/>
<SP HEIGHT="35" WIDTH="28" VPOS="614" HPOS="1814"/>
<String CS="1" CONTENT="&#8230;"/>
<SP HEIGHT="53" WIDTH="66" VPOS="595" HPOS="1900"/>
<String CONTENT="New" HEIGHT="51" WIDTH="135" VPOS="595" HPOS="1967"/>
</TextLine>
<TextLine HEIGHT="68" WIDTH="1984" VPOS="673" HPOS="114" STYLEREFS="StyleId-25A94E60-41D5-4601-975E-025E3AAD1122-">
<String CONTENT="York," HEIGHT="66" WIDTH="176" VPOS="675" HPOS="114"/>
<SP HEIGHT="68" WIDTH="18" VPOS="673" HPOS="291"/>
<String CONTENT="C." HEIGHT="54" WIDTH="60" VPOS="673" HPOS="310"/>
<SP HEIGHT="54" WIDTH="20" VPOS="674" HPOS="371"/>
<String CONTENT="Scribner&#8217;s" HEIGHT="54" WIDTH="312" VPOS="674" HPOS="392"/>
<SP HEIGHT="34" WIDTH="26" VPOS="693" HPOS="705"/>
<String CONTENT="sons;" HEIGHT="47" WIDTH="154" VPOS="693" HPOS="732"/>
<SP HEIGHT="64" WIDTH="28" VPOS="676" HPOS="887"/>
<String CONTENT="London," HEIGHT="67" WIDTH="256" VPOS="674" HPOS="916"/>
<SP HEIGHT="67" WIDTH="30" VPOS="674" HPOS="1173"/>
<String CONTENT="C." HEIGHT="55" WIDTH="60" VPOS="674" HPOS="1204"/>
<SP HEIGHT="55" WIDTH="31" VPOS="674" HPOS="1265"/>
<String CONTENT="Scribner&#8217;s" HEIGHT="56" WIDTH="311" VPOS="673" HPOS="1297"/>
<SP HEIGHT="34" WIDTH="23" VPOS="692" HPOS="1609"/>
<String CONTENT="sons," HEIGHT="50" WIDTH="145" VPOS="690" HPOS="1633"/>
<SP HEIGHT="67" WIDTH="25" VPOS="673" HPOS="1779"/>
<String CONTENT="ltd.," HEIGHT="65" WIDTH="123" VPOS="673" HPOS="1805"/>
<SP HEIGHT="60" WIDTH="21" VPOS="678" HPOS="1929"/>
<String CONTENT="1936." HEIGHT="51" WIDTH="147" VPOS="674" HPOS="1951"/>
</TextLine>
<TextLine HEIGHT="49" WIDTH="1360" VPOS="745" HPOS="179" CS="1">
<String CONTENT="xiii" HEIGHT="38" WIDTH="90" VPOS="746" HPOS="179"/>
<SP HEIGHT="46" WIDTH="23" VPOS="746" HPOS="270"/>
<String LANG="fr" CONTENT="p.," HEIGHT="36" WIDTH="57" VPOS="756" HPOS="294"/>
<SP HEIGHT="46" WIDTH="25" VPOS="746" HPOS="352"/>
<String CONTENT="1" HEIGHT="38" WIDTH="24" VPOS="746" HPOS="378"/>
<SP/>
<String CS="1" CONTENT="l.,"/>
<SP/>
<String CONTENT="159" HEIGHT="40" WIDTH="85" VPOS="745" HPOS="502"/>
<SP HEIGHT="48" WIDTH="24" VPOS="745" HPOS="588"/>
<String CONTENT="p." HEIGHT="37" WIDTH="43" VPOS="756" HPOS="613"/>
<SP HEIGHT="39" WIDTH="26" VPOS="747" HPOS="657"/>
<String CONTENT="incl." HEIGHT="39" WIDTH="108" VPOS="746" HPOS="684"/>
<SP HEIGHT="38" WIDTH="25" VPOS="747" HPOS="793"/>
<String CONTENT="front.," HEIGHT="44" WIDTH="163" VPOS="747" HPOS="819"/>
<SP HEIGHT="38" WIDTH="26" VPOS="756" HPOS="983"/>
<String CONTENT="plates," HEIGHT="47" WIDTH="170" VPOS="747" HPOS="1010"/>
<SP HEIGHT="47" WIDTH="28" VPOS="747" HPOS="1181"/>
<String CONTENT="diagr." HEIGHT="46" WIDTH="153" VPOS="746" HPOS="1210"/>
<SP HEIGHT="39" WIDTH="58" VPOS="746" HPOS="1364"/>
<String CONTENT="26cm." HEIGHT="41" WIDTH="116" VPOS="746" HPOS="1423"/>
</TextLine>
<TextLine HEIGHT="53" WIDTH="1994" VPOS="801" HPOS="109" CS="1">
<String CONTENT="&#169;" HEIGHT="53" WIDTH="53" VPOS="801" HPOS="109"/>
<SP HEIGHT="53" WIDTH="28" VPOS="801" HPOS="163"/>
<String CONTENT="Mar." HEIGHT="38" WIDTH="120" VPOS="807" HPOS="192"/>
<SP HEIGHT="40" WIDTH="27" VPOS="805" HPOS="313"/>
<String CONTENT="24," HEIGHT="47" WIDTH="69" VPOS="805" HPOS="341"/>
<SP HEIGHT="46" WIDTH="27" VPOS="806" HPOS="411"/>
<String CS="1" CONTENT="1936;" HEIGHT="41" WIDTH="113" VPOS="804" HPOS="439"/>
<SP HEIGHT="41" WIDTH="30" VPOS="805" HPOS="579"/>
<String CONTENT="2c." HEIGHT="40" WIDTH="67" VPOS="805" HPOS="610"/>
<SP HEIGHT="28" WIDTH="29" VPOS="816" HPOS="678"/>
<String CONTENT="and" HEIGHT="38" WIDTH="94" VPOS="806" HPOS="708"/>
<SP HEIGHT="38" WIDTH="29" VPOS="806" HPOS="803"/>
<String CONTENT="aff." HEIGHT="40" WIDTH="82" VPOS="804" HPOS="833"/>
<SP HEIGHT="38" WIDTH="28" VPOS="806" HPOS="916"/>
<String CONTENT="Apr." HEIGHT="46" WIDTH="113" VPOS="806" HPOS="945"/>
<SP HEIGHT="40" WIDTH="27" VPOS="805" HPOS="1059"/>
<String CS="1" CONTENT="3;" HEIGHT="39" WIDTH="25" VPOS="805" HPOS="1087"/>
<SP HEIGHT="44" WIDTH="30" VPOS="806" HPOS="1141"/>
<!-- cceid 9977DAA2-6E3A-1014-83DD-942C093A1DD9 --><String CONTENT="A" HEIGHT="37" WIDTH="39" VPOS="806" HPOS="1172"/>
<SP HEIGHT="39" WIDTH="29" VPOS="804" HPOS="1212"/>
<String CS="1" CONTENT="92720;" HEIGHT="40" WIDTH="145" VPOS="804" HPOS="1242"/>
<SP HEIGHT="46" WIDTH="32" VPOS="805" HPOS="1413"/>
<String CONTENT="Charles" HEIGHT="39" WIDTH="201" VPOS="805" HPOS="1446"/>
<SP HEIGHT="39" WIDTH="33" VPOS="805" HPOS="1648"/>
<String CONTENT="Scribner&#8217;s" HEIGHT="41" WIDTH="264" VPOS="803" HPOS="1682"/>
<SP HEIGHT="28" WIDTH="31" VPOS="816" HPOS="1947"/>
<String CONTENT="sons." HEIGHT="30" WIDTH="124" VPOS="814" HPOS="1979"/>
</TextLine>
<TextLine HEIGHT="48" WIDTH="249" VPOS="862" HPOS="189" CS="1">
<String CS="1" CONTENT="(36-8333)" HEIGHT="48" WIDTH="249" VPOS="862" HPOS="189"/>
</TextLine>
<TextLine HEIGHT="56" WIDTH="739" VPOS="936" HPOS="110" STYLEREFS="StyleId-27D1F4A0-3FDB-4224-A0B3-DFC80D731E52-">
<String CONTENT="Honolulu" HEIGHT="53" WIDTH="291" VPOS="938" HPOS="110"/>
<SP HEIGHT="37" WIDTH="26" VPOS="954" HPOS="402"/>
<String CONTENT="star-bulletin." HEIGHT="56" WIDTH="420" VPOS="936" HPOS="429"/>
</TextLine>
<TextLine HEIGHT="68" WIDTH="1927" VPOS="1012" HPOS="176" STYLEREFS="StyleId-25A94E60-41D5-4601-975E-025E3AAD1122-" CS="1">
<String CONTENT="All" HEIGHT="53" WIDTH="101" VPOS="1014" HPOS="176"/>
<SP HEIGHT="51" WIDTH="29" VPOS="1016" HPOS="278"/>
<String CONTENT="about" HEIGHT="52" WIDTH="173" VPOS="1013" HPOS="308"/>
<SP HEIGHT="52" WIDTH="22" VPOS="1014" HPOS="482"/>
<String CS="1" CONTENT="Hawaii;" HEIGHT="54" WIDTH="233" VPOS="1012" HPOS="505"/>
<SP HEIGHT="47" WIDTH="32" VPOS="1032" HPOS="767"/>
<String CONTENT="a" HEIGHT="33" WIDTH="30" VPOS="1033" HPOS="800"/>
<SP HEIGHT="33" WIDTH="25" VPOS="1033" HPOS="831"/>
<String CONTENT="standard" HEIGHT="54" WIDTH="274" VPOS="1012" HPOS="857"/>
<SP HEIGHT="53" WIDTH="27" VPOS="1012" HPOS="1132"/>
<String CONTENT="tourist" HEIGHT="53" WIDTH="207" VPOS="1012" HPOS="1160"/>
<SP HEIGHT="61" WIDTH="27" VPOS="1019" HPOS="1368"/>
<String CONTENT="guide," HEIGHT="67" WIDTH="188" VPOS="1013" HPOS="1396"/>
<SP HEIGHT="48" WIDTH="24" VPOS="1032" HPOS="1585"/>
<String CONTENT="what" HEIGHT="52" WIDTH="157" VPOS="1013" HPOS="1610"/>
<SP HEIGHT="48" WIDTH="22" VPOS="1017" HPOS="1768"/>
<String CONTENT="to" HEIGHT="48" WIDTH="57" VPOS="1017" HPOS="1791"/>
<SP HEIGHT="35" WIDTH="28" VPOS="1030" HPOS="1849"/>
<String CONTENT="see" HEIGHT="35" WIDTH="89" VPOS="1031" HPOS="1878"/>
<SP HEIGHT="35" WIDTH="22" VPOS="1031" HPOS="1968"/>
<String CONTENT="and" HEIGHT="54" WIDTH="112" VPOS="1012" HPOS="1991"/>
</TextLine>
<TextLine HEIGHT="68" WIDTH="1806" VPOS="1090" HPOS="109" STYLEREFS="StyleId-25A94E60-41D5-4601-975E-025E3AAD1122-" CS="1">
<String CONTENT="how" HEIGHT="52" WIDTH="126" VPOS="1092" HPOS="109"/>
<SP HEIGHT="46" WIDTH="23" VPOS="1098" HPOS="236"/>
<String CONTENT="to" HEIGHT="46" WIDTH="58" VPOS="1098" HPOS="260"/>
<SP HEIGHT="34" WIDTH="22" VPOS="1110" HPOS="319"/>
<String CONTENT="see" HEIGHT="34" WIDTH="85" VPOS="1110" HPOS="342"/>
<SP HEIGHT="52" WIDTH="25" VPOS="1092" HPOS="428"/>
<String CONTENT="it" HEIGHT="51" WIDTH="46" VPOS="1092" HPOS="454"/>
<SP HEIGHT="52" WIDTH="18" VPOS="1091" HPOS="501"/>
<String CONTENT="in" HEIGHT="52" WIDTH="59" VPOS="1091" HPOS="520"/>
<SP HEIGHT="48" WIDTH="24" VPOS="1096" HPOS="580"/>
<String CONTENT="the" HEIGHT="53" WIDTH="96" VPOS="1091" HPOS="605"/>
<SP HEIGHT="53" WIDTH="25" VPOS="1091" HPOS="702"/>
<String CONTENT="island" HEIGHT="53" WIDTH="187" VPOS="1091" HPOS="728"/>
<SP HEIGHT="54" WIDTH="24" VPOS="1091" HPOS="916"/>
<String CONTENT="territory" HEIGHT="67" WIDTH="272" VPOS="1091" HPOS="941"/>
<SP HEIGHT="48" WIDTH="26" VPOS="1110" HPOS="1214"/>
<String CONTENT="of" HEIGHT="53" WIDTH="63" VPOS="1090" HPOS="1241"/>
<SP HEIGHT="54" WIDTH="24" VPOS="1090" HPOS="1305"/>
<String CONTENT="the" HEIGHT="53" WIDTH="95" VPOS="1091" HPOS="1330"/>
<SP HEIGHT="52" WIDTH="25" VPOS="1092" HPOS="1426"/>
<String CONTENT="United" HEIGHT="53" WIDTH="217" VPOS="1091" HPOS="1452"/>
<SP HEIGHT="55" WIDTH="28" VPOS="1090" HPOS="1670"/>
<String CONTENT="States;" HEIGHT="68" WIDTH="216" VPOS="1090" HPOS="1699"/>
</TextLine>
<TextLine HEIGHT="149" WIDTH="1997" VPOS="1089" HPOS="107" STYLEREFS="StyleId-25A94E60-41D5-4601-975E-025E3AAD1122-" CS="1">
<String CONTENT="illustrated" HEIGHT="133" WIDTH="1973" VPOS="1089" HPOS="107"/>
<SP HEIGHT="52" WIDTH="51" VPOS="1170" HPOS="296"/>
<String CONTENT="with" HEIGHT="52" WIDTH="139" VPOS="1169" HPOS="348"/>
<SP HEIGHT="67" WIDTH="53" VPOS="1169" HPOS="488"/>
<String CONTENT="photos" HEIGHT="68" WIDTH="206" VPOS="1168" HPOS="542"/>
<SP HEIGHT="34" WIDTH="54" VPOS="1188" HPOS="749"/>
<String CONTENT="and" HEIGHT="53" WIDTH="111" VPOS="1169" HPOS="804"/>
<SP HEIGHT="52" WIDTH="53" VPOS="1169" HPOS="916"/>
<String CS="1" CONTENT="maps;" HEIGHT="49" WIDTH="162" VPOS="1187" HPOS="970"/>
<SP HEIGHT="67" WIDTH="56" VPOS="1170" HPOS="1160"/>
<String CONTENT="history," HEIGHT="70" WIDTH="238" VPOS="1167" HPOS="1217"/>
<SP HEIGHT="64" WIDTH="53" VPOS="1169" HPOS="1456"/>
<String CONTENT="legends," HEIGHT="71" WIDTH="250" VPOS="1167" HPOS="1510"/>
<SP HEIGHT="48" WIDTH="53" VPOS="1188" HPOS="1761"/>
<String CONTENT="statistics." HEIGHT="54" WIDTH="289" VPOS="1168" HPOS="1815"/>
</TextLine>
<TextLine HEIGHT="68" WIDTH="1823" VPOS="1247" HPOS="113" STYLEREFS="StyleId-25A94E60-41D5-4601-975E-025E3AAD1122-">
<String CONTENT="[Honolulu," HEIGHT="67" WIDTH="331" VPOS="1247" HPOS="113"/>
<SP HEIGHT="66" WIDTH="28" VPOS="1248" HPOS="445"/>
<String CONTENT="Printed" HEIGHT="52" WIDTH="242" VPOS="1247" HPOS="474"/>
<SP HEIGHT="52" WIDTH="27" VPOS="1247" HPOS="717"/>
<String CONTENT="by" HEIGHT="67" WIDTH="75" VPOS="1248" HPOS="745"/>
<SP HEIGHT="67" WIDTH="24" VPOS="1248" HPOS="821"/>
<String CONTENT="Honolulu" HEIGHT="52" WIDTH="295" VPOS="1248" HPOS="846"/>
<SP HEIGHT="34" WIDTH="29" VPOS="1266" HPOS="1142"/>
<String CONTENT="star-bulletin," HEIGHT="67" WIDTH="405" VPOS="1247" HPOS="1172"/>
<SP HEIGHT="66" WIDTH="24" VPOS="1248" HPOS="1578"/>
<String CONTENT="ltd.]" HEIGHT="66" WIDTH="124" VPOS="1248" HPOS="1603"/>
<SP HEIGHT="59" WIDTH="33" VPOS="1255" HPOS="1728"/>
<String CONTENT="c1936." HEIGHT="50" WIDTH="174" VPOS="1250" HPOS="1762"/>
</TextLine>
<TextLine HEIGHT="50" WIDTH="1376" VPOS="1320" HPOS="177" CS="1">
<String CONTENT="223" HEIGHT="41" WIDTH="87" VPOS="1320" HPOS="177"/>
<SP HEIGHT="49" WIDTH="21" VPOS="1321" HPOS="265"/>
<String CONTENT="p." HEIGHT="38" WIDTH="44" VPOS="1332" HPOS="287"/>
<SP HEIGHT="42" WIDTH="25" VPOS="1320" HPOS="332"/>
<String CONTENT="incl." HEIGHT="42" WIDTH="109" VPOS="1320" HPOS="358"/>
<SP HEIGHT="41" WIDTH="24" VPOS="1321" HPOS="468"/>
<String CONTENT="front.," HEIGHT="48" WIDTH="163" VPOS="1321" HPOS="493"/>
<SP HEIGHT="48" WIDTH="28" VPOS="1321" HPOS="657"/>
<String CONTENT="illus.," HEIGHT="47" WIDTH="142" VPOS="1321" HPOS="686"/>
<SP HEIGHT="38" WIDTH="26" VPOS="1332" HPOS="829"/>
<String CONTENT="ports," HEIGHT="47" WIDTH="150" VPOS="1323" HPOS="856"/>
<SP HEIGHT="39" WIDTH="53" VPOS="1323" HPOS="1007"/>
<String CONTENT="fold." HEIGHT="40" WIDTH="118" VPOS="1322" HPOS="1061"/>
<SP HEIGHT="30" WIDTH="24" VPOS="1332" HPOS="1180"/>
<String CONTENT="maps." HEIGHT="38" WIDTH="150" VPOS="1332" HPOS="1205"/>
<SP HEIGHT="40" WIDTH="50" VPOS="1322" HPOS="1356"/>
<String CS="1" CONTENT="17&#189;cm." HEIGHT="41" WIDTH="146" VPOS="1322" HPOS="1407"/>
</TextLine>
<TextLine HEIGHT="49" WIDTH="775" VPOS="1377" HPOS="179">
<String CONTENT="Includes" HEIGHT="40" WIDTH="226" VPOS="1377" HPOS="179"/>
<SP HEIGHT="29" WIDTH="28" VPOS="1388" HPOS="406"/>
<String CONTENT="advertising" HEIGHT="49" WIDTH="301" VPOS="1377" HPOS="435"/>
<SP HEIGHT="37" WIDTH="23" VPOS="1389" HPOS="737"/>
<String CONTENT="matter." HEIGHT="38" WIDTH="193" VPOS="1380" HPOS="761"/>
</TextLine>
<TextLine HEIGHT="49" WIDTH="903" VPOS="1432" HPOS="180">
<String CONTENT="&#8220;Third" HEIGHT="41" WIDTH="179" VPOS="1433" HPOS="180"/>
<SP HEIGHT="40" WIDTH="28" VPOS="1434" HPOS="360"/>
<String CONTENT="edition&#8212;February," HEIGHT="48" WIDTH="508" VPOS="1433" HPOS="389"/>
<SP HEIGHT="45" WIDTH="27" VPOS="1435" HPOS="898"/>
<String CONTENT="1936.&#8221;" HEIGHT="42" WIDTH="157" VPOS="1432" HPOS="926"/>
</TextLine>
<TextLine HEIGHT="54" WIDTH="1996" VPOS="1485" HPOS="107" CS="1">
<String CONTENT="&#169;" HEIGHT="52" WIDTH="53" VPOS="1485" HPOS="107"/>
<SP HEIGHT="52" WIDTH="29" VPOS="1485" HPOS="161"/>
<String CONTENT="Mar." HEIGHT="39" WIDTH="121" VPOS="1491" HPOS="191"/>
<SP HEIGHT="38" WIDTH="28" VPOS="1492" HPOS="313"/>
<String CONTENT="4," HEIGHT="40" WIDTH="40" VPOS="1492" HPOS="342"/>
<SP HEIGHT="40" WIDTH="32" VPOS="1492" HPOS="383"/>
<String CONTENT="1936:" HEIGHT="42" WIDTH="139" VPOS="1489" HPOS="416"/>
<SP HEIGHT="41" WIDTH="32" VPOS="1490" HPOS="556"/>
<String CONTENT="2c." HEIGHT="40" WIDTH="66" VPOS="1490" HPOS="589"/>
<SP HEIGHT="30" WIDTH="32" VPOS="1500" HPOS="656"/>
<String CONTENT="and" HEIGHT="38" WIDTH="93" VPOS="1492" HPOS="689"/>
<SP HEIGHT="38" WIDTH="31" VPOS="1492" HPOS="783"/>
<String CONTENT="aff." HEIGHT="40" WIDTH="82" VPOS="1490" HPOS="815"/>
<SP HEIGHT="39" WIDTH="31" VPOS="1491" HPOS="898"/>
<String CONTENT="Mar." HEIGHT="39" WIDTH="121" VPOS="1491" HPOS="930"/>
<SP HEIGHT="39" WIDTH="32" VPOS="1491" HPOS="1052"/>
<String CS="1" CONTENT="16;" HEIGHT="39" WIDTH="56" VPOS="1490" HPOS="1085"/>
<SP HEIGHT="46" WIDTH="32" VPOS="1491" HPOS="1167"/>
<!-- cceid 997883AB-6E3A-1014-83DD-942C093A1DD9 --><String CONTENT="A" HEIGHT="38" WIDTH="40" VPOS="1491" HPOS="1200"/>
<SP HEIGHT="39" WIDTH="31" VPOS="1490" HPOS="1241"/>
<String CS="1" CONTENT="92282;" HEIGHT="41" WIDTH="141" VPOS="1489" HPOS="1273"/>
<SP HEIGHT="46" WIDTH="34" VPOS="1491" HPOS="1443"/>
<String CONTENT="Honolulu" HEIGHT="39" WIDTH="246" VPOS="1491" HPOS="1478"/>
<SP HEIGHT="31" WIDTH="32" VPOS="1499" HPOS="1725"/>
<String CONTENT="star-bulletin," HEIGHT="48" WIDTH="345" VPOS="1491" HPOS="1758"/>
</TextLine>
<TextLine HEIGHT="47" WIDTH="406" VPOS="1547" HPOS="180">
<String CONTENT="ltd." HEIGHT="38" WIDTH="85" VPOS="1548" HPOS="180"/>
<SP HEIGHT="46" WIDTH="70" VPOS="1548" HPOS="266"/>
<String CONTENT="(36-8356)" HEIGHT="47" WIDTH="249" VPOS="1547" HPOS="337"/>
</TextLine>
<TextLine HEIGHT="66" WIDTH="741" VPOS="1623" HPOS="130" STYLEREFS="StyleId-27D1F4A0-3FDB-4224-A0B3-DFC80D731E52-" CS="1">
<String CS="1" CONTENT="[Horn," HEIGHT="64" WIDTH="182" VPOS="1623" HPOS="130"/>
<SP HEIGHT="63" WIDTH="28" VPOS="1624" HPOS="313"/>
<String CS="1" CONTENT="Holloway]" HEIGHT="64" WIDTH="304" VPOS="1623" HPOS="342"/>
<SP HEIGHT="60" WIDTH="34" VPOS="1629" HPOS="665"/>
<String CONTENT="1886-" HEIGHT="49" WIDTH="171" VPOS="1629" HPOS="700"/>
</TextLine>
<TextLine HEIGHT="70" WIDTH="1924" VPOS="1697" HPOS="175" STYLEREFS="StyleId-25A94E60-41D5-4601-975E-025E3AAD1122-" CS="1">
<String CONTENT="The" HEIGHT="52" WIDTH="119" VPOS="1698" HPOS="175"/>
<SP HEIGHT="34" WIDTH="26" VPOS="1716" HPOS="295"/>
<String CONTENT="experimental" HEIGHT="68" WIDTH="410" VPOS="1697" HPOS="322"/>
<SP HEIGHT="52" WIDTH="27" VPOS="1699" HPOS="733"/>
<String CONTENT="age," HEIGHT="51" WIDTH="120" VPOS="1716" HPOS="761"/>
<SP HEIGHT="67" WIDTH="25" VPOS="1699" HPOS="882"/>
<String CONTENT="by" HEIGHT="68" WIDTH="74" VPOS="1699" HPOS="908"/>
<SP HEIGHT="69" WIDTH="26" VPOS="1698" HPOS="983"/>
<String LANG="fi" CONTENT="H." HEIGHT="53" WIDTH="76" VPOS="1698" HPOS="1010"/>
<SP HEIGHT="53" WIDTH="26" VPOS="1698" HPOS="1087"/>
<String CONTENT="L." HEIGHT="52" WIDTH="64" VPOS="1698" HPOS="1114"/>
<SP HEIGHT="55" WIDTH="25" VPOS="1698" HPOS="1179"/>
<String CONTENT="Waghorn" HEIGHT="69" WIDTH="299" VPOS="1698" HPOS="1205"/>
<SP HEIGHT="49" WIDTH="34" VPOS="1716" HPOS="1505"/>
<String CS="1" CONTENT="[pseud.]" HEIGHT="67" WIDTH="213" VPOS="1698" HPOS="1557"/>
<SP HEIGHT="66" WIDTH="68" VPOS="1699" HPOS="1771"/>
<String CONTENT="London," HEIGHT="64" WIDTH="259" VPOS="1698" HPOS="1840"/>
</TextLine>
<TextLine HEIGHT="68" WIDTH="825" VPOS="1775" HPOS="105" STYLEREFS="StyleId-25A94E60-41D5-4601-975E-025E3AAD1122-">
<String CONTENT="H." HEIGHT="53" WIDTH="76" VPOS="1775" HPOS="105"/>
<SP HEIGHT="53" WIDTH="28" VPOS="1776" HPOS="182"/>
<String CONTENT="Jenkins," HEIGHT="67" WIDTH="258" VPOS="1776" HPOS="211"/>
<SP HEIGHT="66" WIDTH="28" VPOS="1777" HPOS="470"/>
<String CONTENT="limited" HEIGHT="54" WIDTH="222" VPOS="1775" HPOS="499"/>
<SP HEIGHT="67" WIDTH="35" VPOS="1776" HPOS="722"/>
<String CONTENT="c1935]" HEIGHT="64" WIDTH="172" VPOS="1779" HPOS="758"/>
</TextLine>
<TextLine HEIGHT="49" WIDTH="330" VPOS="1848" HPOS="174" CS="1">
<String CONTENT="280" HEIGHT="41" WIDTH="86" VPOS="1848" HPOS="174"/>
<SP HEIGHT="49" WIDTH="24" VPOS="1848" HPOS="261"/>
<String CONTENT="p." HEIGHT="37" WIDTH="42" VPOS="1860" HPOS="286"/>
<SP HEIGHT="39" WIDTH="60" VPOS="1850" HPOS="329"/>
<String CS="1" CONTENT="19cm." HEIGHT="41" WIDTH="114" VPOS="1848" HPOS="390"/>
</TextLine>
<TextLine HEIGHT="49" WIDTH="593" VPOS="1905" HPOS="176">
<String CONTENT="&#8220;First" HEIGHT="41" WIDTH="163" VPOS="1905" HPOS="176"/>
<SP HEIGHT="44" WIDTH="23" VPOS="1909" HPOS="340"/>
<String CONTENT="printing" HEIGHT="48" WIDTH="219" VPOS="1906" HPOS="364"/>
<SP HEIGHT="47" WIDTH="25" VPOS="1907" HPOS="584"/>
<String CONTENT="1935.&#8221;" HEIGHT="42" WIDTH="159" VPOS="1905" HPOS="610"/>
</TextLine>
<TextLine HEIGHT="111" WIDTH="1996" VPOS="1960" HPOS="108" CS="1">
<String CONTENT="&#169;" HEIGHT="53" WIDTH="52" VPOS="1960" HPOS="108"/>
<SP/>
<String CS="1" CONTENT="1c."/>
<SP/>
<String CONTENT="Jan." HEIGHT="41" WIDTH="108" VPOS="1966" HPOS="282"/>
<SP HEIGHT="41" WIDTH="27" VPOS="1966" HPOS="391"/>
<String CONTENT="7." HEIGHT="40" WIDTH="38" VPOS="1966" HPOS="419"/>
<SP HEIGHT="40" WIDTH="25" VPOS="1966" HPOS="458"/>
<String CONTENT="1936:" HEIGHT="41" WIDTH="139" VPOS="1964" HPOS="484"/>
<SP HEIGHT="38" WIDTH="28" VPOS="1967" HPOS="624"/>
<!-- cceid 99793384-6E3A-1014-83DD-942C093A1DD9 --><String CONTENT="A" HEIGHT="37" WIDTH="42" VPOS="1967" HPOS="653"/>
<SP HEIGHT="37" WIDTH="25" VPOS="1967" HPOS="696"/>
<String CONTENT="ad" HEIGHT="38" WIDTH="60" VPOS="1967" HPOS="722"/>
<SP HEIGHT="39" WIDTH="27" VPOS="1966" HPOS="783"/>
<String CONTENT="int." HEIGHT="39" WIDTH="86" VPOS="1966" HPOS="811"/>
<SP HEIGHT="40" WIDTH="26" VPOS="1965" HPOS="898"/>
<String CONTENT="21086;" HEIGHT="45" WIDTH="169" VPOS="1965" HPOS="925"/>
<SP HEIGHT="36" WIDTH="30" VPOS="1977" HPOS="1095"/>
<String CONTENT="pubd." HEIGHT="47" WIDTH="142" VPOS="1966" HPOS="1126"/>
<SP HEIGHT="40" WIDTH="26" VPOS="1966" HPOS="1269"/>
<String CS="1" CONTENT="Nov." HEIGHT="30" WIDTH="70" VPOS="1976" HPOS="1343"/>
<SP HEIGHT="40" WIDTH="28" VPOS="1966" HPOS="1414"/>
<String CONTENT="8," HEIGHT="43" WIDTH="40" VPOS="1966" HPOS="1443"/>
<SP HEIGHT="41" WIDTH="26" VPOS="1968" HPOS="1484"/>
<String CONTENT="1935;" HEIGHT="47" WIDTH="140" VPOS="1966" HPOS="1511"/>
<SP HEIGHT="46" WIDTH="30" VPOS="1967" HPOS="1652"/>
<String CONTENT="H." HEIGHT="40" WIDTH="60" VPOS="1967" HPOS="1683"/>
<SP HEIGHT="40" WIDTH="29" VPOS="1967" HPOS="1744"/>
<String CONTENT="Horn," HEIGHT="43" WIDTH="151" VPOS="1967" HPOS="1774"/>
<SP HEIGHT="42" WIDTH="28" VPOS="1968" HPOS="1926"/>
<String CONTENT="Hills-brook," HEIGHT="100" WIDTH="1925" VPOS="1966" HPOS="179"/>
<SP HEIGHT="43" WIDTH="29" VPOS="2023" HPOS="341"/>
<String CONTENT="Berkhampsted," HEIGHT="47" WIDTH="400" VPOS="2022" HPOS="371"/>
<SP HEIGHT="45" WIDTH="30" VPOS="2023" HPOS="772"/>
<String CONTENT="England." HEIGHT="46" WIDTH="235" VPOS="2023" HPOS="803"/>
<SP HEIGHT="47" WIDTH="69" VPOS="2023" HPOS="1039"/>
<String CONTENT="(36-8456)" HEIGHT="48" WIDTH="250" VPOS="2023" HPOS="1109"/>
</TextLine>
<TextLine HEIGHT="65" WIDTH="952" VPOS="2095" HPOS="105" STYLEREFS="StyleId-27D1F4A0-3FDB-4224-A0B3-DFC80D731E52-">
<String CONTENT="Horowitz," HEIGHT="64" WIDTH="316" VPOS="2095" HPOS="105"/>
<SP HEIGHT="62" WIDTH="25" VPOS="2097" HPOS="422"/>
<String CONTENT="Jacob" HEIGHT="53" WIDTH="179" VPOS="2097" HPOS="448"/>
<SP HEIGHT="52" WIDTH="25" VPOS="2097" HPOS="628"/>
<String CONTENT="Israel," HEIGHT="63" WIDTH="203" VPOS="2097" HPOS="654"/>
<SP HEIGHT="57" WIDTH="28" VPOS="2103" HPOS="858"/>
<String CONTENT="1888-" HEIGHT="50" WIDTH="170" VPOS="2102" HPOS="887"/>
</TextLine>
<TextLine HEIGHT="131" WIDTH="1972" VPOS="2171" HPOS="105" STYLEREFS="StyleId-25A94E60-41D5-4601-975E-025E3AAD1122-" CS="1">
<String CONTENT="Manual" HEIGHT="53" WIDTH="236" VPOS="2171" HPOS="174"/>
<SP HEIGHT="51" WIDTH="39" VPOS="2172" HPOS="411"/>
<String CONTENT="for" HEIGHT="52" WIDTH="95" VPOS="2172" HPOS="451"/>
<SP HEIGHT="51" WIDTH="35" VPOS="2173" HPOS="547"/>
<String CONTENT="lawyers" HEIGHT="66" WIDTH="241" VPOS="2173" HPOS="583"/>
<SP HEIGHT="35" WIDTH="37" VPOS="2190" HPOS="825"/>
<String CONTENT="and" HEIGHT="51" WIDTH="111" VPOS="2173" HPOS="863"/>
<SP HEIGHT="52" WIDTH="37" VPOS="2172" HPOS="975"/>
<String CONTENT="law" HEIGHT="52" WIDTH="111" VPOS="2172" HPOS="1013"/>
<SP HEIGHT="34" WIDTH="38" VPOS="2191" HPOS="1125"/>
<String CONTENT="clerks," HEIGHT="68" WIDTH="199" VPOS="2172" HPOS="1164"/>
<SP HEIGHT="48" WIDTH="36" VPOS="2192" HPOS="1364"/>
<String CONTENT="explaining" HEIGHT="69" WIDTH="336" VPOS="2171" HPOS="1401"/>
<SP HEIGHT="61" WIDTH="35" VPOS="2178" HPOS="1738"/>
<String CONTENT="the" HEIGHT="52" WIDTH="95" VPOS="2172" HPOS="1774"/>
<SP HEIGHT="50" WIDTH="39" VPOS="2190" HPOS="1870"/>
<String CONTENT="procedural" HEIGHT="112" WIDTH="1972" VPOS="2190" HPOS="105"/>
</TextLine>
<TextLine HEIGHT="71" WIDTH="1798" VPOS="2247" HPOS="303" STYLEREFS="StyleId-25A94E60-41D5-4601-975E-025E3AAD1122-">
<String CONTENT="and" HEIGHT="52" WIDTH="112" VPOS="2250" HPOS="303"/>
<SP HEIGHT="52" WIDTH="28" VPOS="2250" HPOS="416"/>
<String CONTENT="routine" HEIGHT="54" WIDTH="226" VPOS="2249" HPOS="445"/>
<SP HEIGHT="34" WIDTH="27" VPOS="2269" HPOS="672"/>
<String CONTENT="work" HEIGHT="53" WIDTH="159" VPOS="2250" HPOS="700"/>
<SP HEIGHT="54" WIDTH="26" VPOS="2249" HPOS="860"/>
<String CONTENT="incidental" HEIGHT="55" WIDTH="310" VPOS="2249" HPOS="887"/>
<SP HEIGHT="53" WIDTH="26" VPOS="2249" HPOS="1198"/>
<String CONTENT="to" HEIGHT="47" WIDTH="58" VPOS="2255" HPOS="1225"/>
<SP HEIGHT="35" WIDTH="32" VPOS="2269" HPOS="1284"/>
<String CONTENT="court" HEIGHT="47" WIDTH="160" VPOS="2257" HPOS="1317"/>
<SP HEIGHT="46" WIDTH="29" VPOS="2257" HPOS="1478"/>
<String CONTENT="and" HEIGHT="53" WIDTH="113" VPOS="2250" HPOS="1508"/>
<SP HEIGHT="52" WIDTH="30" VPOS="2250" HPOS="1622"/>
<String CONTENT="office" HEIGHT="56" WIDTH="147" VPOS="2247" HPOS="1653"/>
<SP HEIGHT="49" WIDTH="32" VPOS="2269" HPOS="1801"/>
<String CONTENT="practice," HEIGHT="68" WIDTH="267" VPOS="2250" HPOS="1834"/>
</TextLine>
<TextLine HEIGHT="70" WIDTH="1991" VPOS="2326" HPOS="108" STYLEREFS="StyleId-25A94E60-41D5-4601-975E-025E3AAD1122-">
<String CONTENT="including" HEIGHT="68" WIDTH="296" VPOS="2326" HPOS="108"/>
<SP HEIGHT="66" WIDTH="53" VPOS="2328" HPOS="405"/>
<String CONTENT="detailed" HEIGHT="54" WIDTH="248" VPOS="2326" HPOS="459"/>
<SP HEIGHT="52" WIDTH="52" VPOS="2328" HPOS="708"/>
<String CONTENT="instructions" HEIGHT="54" WIDTH="369" VPOS="2327" HPOS="761"/>
<SP HEIGHT="52" WIDTH="52" VPOS="2328" HPOS="1131"/>
<String CONTENT="for" HEIGHT="52" WIDTH="96" VPOS="2328" HPOS="1184"/>
<SP HEIGHT="34" WIDTH="52" VPOS="2347" HPOS="1281"/>
<String CONTENT="examining" HEIGHT="69" WIDTH="328" VPOS="2327" HPOS="1334"/>
<SP HEIGHT="49" WIDTH="53" VPOS="2347" HPOS="1663"/>
<String CONTENT="and" HEIGHT="52" WIDTH="111" VPOS="2328" HPOS="1717"/>
<SP HEIGHT="52" WIDTH="55" VPOS="2328" HPOS="1829"/>
<String CONTENT="closing" HEIGHT="68" WIDTH="214" VPOS="2328" HPOS="1885"/>
</TextLine>
<TextLine HEIGHT="70" WIDTH="1991" VPOS="2403" HPOS="106" STYLEREFS="StyleId-25A94E60-41D5-4601-975E-025E3AAD1122-" CS="1">
<String CONTENT="titles" HEIGHT="53" WIDTH="153" VPOS="2403" HPOS="106"/>
<SP HEIGHT="46" WIDTH="38" VPOS="2410" HPOS="260"/>
<String CONTENT="to" HEIGHT="46" WIDTH="58" VPOS="2410" HPOS="299"/>
<SP HEIGHT="33" WIDTH="38" VPOS="2423" HPOS="358"/>
<String CONTENT="real" HEIGHT="52" WIDTH="117" VPOS="2406" HPOS="397"/>
<SP HEIGHT="52" WIDTH="39" VPOS="2406" HPOS="515"/>
<String CONTENT="estate," HEIGHT="61" WIDTH="191" VPOS="2411" HPOS="555"/>
<SP HEIGHT="66" WIDTH="36" VPOS="2406" HPOS="747"/>
<String CONTENT="by" HEIGHT="67" WIDTH="76" VPOS="2406" HPOS="784"/>
<SP HEIGHT="68" WIDTH="39" VPOS="2405" HPOS="861"/>
<String CONTENT="Jacob" HEIGHT="53" WIDTH="177" VPOS="2405" HPOS="901"/>
<SP HEIGHT="51" WIDTH="38" VPOS="2406" HPOS="1079"/>
<String CONTENT="I." HEIGHT="52" WIDTH="48" VPOS="2406" HPOS="1118"/>
<SP HEIGHT="52" WIDTH="41" VPOS="2406" HPOS="1167"/>
<String CONTENT="Horowitz" HEIGHT="52" WIDTH="297" VPOS="2406" HPOS="1209"/>
<SP HEIGHT="34" WIDTH="47" VPOS="2425" HPOS="1507"/>
<String CS="1" CONTENT="&#8230;"/>
<SP HEIGHT="51" WIDTH="76" VPOS="2408" HPOS="1612"/>
<String CONTENT="2d" HEIGHT="51" WIDTH="72" VPOS="2406" HPOS="1689"/>
<SP HEIGHT="52" WIDTH="39" VPOS="2406" HPOS="1762"/>
<String CONTENT="ed." HEIGHT="51" WIDTH="84" VPOS="2407" HPOS="1802"/>
<SP HEIGHT="52" WIDTH="74" VPOS="2405" HPOS="1887"/>
<String CONTENT="New" HEIGHT="53" WIDTH="135" VPOS="2405" HPOS="1962"/>
</TextLine>
<TextLine HEIGHT="70" WIDTH="1113" VPOS="2481" HPOS="108" STYLEREFS="StyleId-25A94E60-41D5-4601-975E-025E3AAD1122-">
<String CONTENT="York," HEIGHT="66" WIDTH="176" VPOS="2481" HPOS="108"/>
<SP HEIGHT="66" WIDTH="28" VPOS="2481" HPOS="285"/>
<String CONTENT="Central" HEIGHT="54" WIDTH="229" VPOS="2481" HPOS="314"/>
<SP HEIGHT="51" WIDTH="28" VPOS="2483" HPOS="544"/>
<String CONTENT="book" HEIGHT="51" WIDTH="148" VPOS="2483" HPOS="573"/>
<SP HEIGHT="52" WIDTH="26" VPOS="2483" HPOS="722"/>
<String CONTENT="company," HEIGHT="50" WIDTH="294" VPOS="2501" HPOS="749"/>
<SP HEIGHT="63" WIDTH="27" VPOS="2488" HPOS="1044"/>
<String CONTENT="1936." HEIGHT="50" WIDTH="149" VPOS="2486" HPOS="1072"/>
</TextLine>
<TextLine HEIGHT="49" WIDTH="524" VPOS="2551" HPOS="173" STYLEREFS="StyleId-25A94E60-41D5-4601-975E-025E3AAD1122-" CS="1">
<String CONTENT="xxvi," HEIGHT="47" WIDTH="131" VPOS="2552" HPOS="173"/>
<SP HEIGHT="47" WIDTH="28" VPOS="2552" HPOS="305"/>
<String CONTENT="623" HEIGHT="41" WIDTH="84" VPOS="2551" HPOS="334"/>
<SP HEIGHT="49" WIDTH="27" VPOS="2551" HPOS="419"/>
<String CONTENT="p." HEIGHT="37" WIDTH="43" VPOS="2563" HPOS="447"/>
<SP HEIGHT="39" WIDTH="58" VPOS="2553" HPOS="491"/>
<String CS="1" CONTENT="23&#189;cm." HEIGHT="40" WIDTH="147" VPOS="2553" HPOS="550"/>
</TextLine>
<TextLine HEIGHT="52" WIDTH="1919" VPOS="2607" HPOS="175" CS="1">
<String CONTENT="First" HEIGHT="41" WIDTH="135" VPOS="2607" HPOS="175"/>
<SP HEIGHT="38" WIDTH="31" VPOS="2610" HPOS="311"/>
<String CONTENT="edition," HEIGHT="49" WIDTH="195" VPOS="2608" HPOS="343"/>
<SP HEIGHT="37" WIDTH="33" VPOS="2620" HPOS="539"/>
<String CONTENT="published" HEIGHT="47" WIDTH="256" VPOS="2610" HPOS="573"/>
<SP HEIGHT="40" WIDTH="31" VPOS="2611" HPOS="830"/>
<String CONTENT="1926," HEIGHT="48" WIDTH="128" VPOS="2611" HPOS="862"/>
<SP HEIGHT="46" WIDTH="34" VPOS="2613" HPOS="991"/>
<String CONTENT="has" HEIGHT="38" WIDTH="87" VPOS="2613" HPOS="1026"/>
<SP HEIGHT="38" WIDTH="35" VPOS="2614" HPOS="1114"/>
<String CS="1" CONTENT="title:" HEIGHT="40" WIDTH="109" VPOS="2612" HPOS="1150"/>
<SP HEIGHT="39" WIDTH="37" VPOS="2613" HPOS="1287"/>
<String CONTENT="Manual" HEIGHT="39" WIDTH="200" VPOS="2613" HPOS="1325"/>
<SP HEIGHT="38" WIDTH="33" VPOS="2613" HPOS="1526"/>
<String CONTENT="for" HEIGHT="39" WIDTH="79" VPOS="2613" HPOS="1560"/>
<SP HEIGHT="37" WIDTH="33" VPOS="2614" HPOS="1640"/>
<String CONTENT="law" HEIGHT="38" WIDTH="97" VPOS="2614" HPOS="1674"/>
<SP HEIGHT="28" WIDTH="34" VPOS="2624" HPOS="1772"/>
<String CONTENT="clerks" HEIGHT="39" WIDTH="156" VPOS="2613" HPOS="1807"/>
<SP HEIGHT="29" WIDTH="36" VPOS="2624" HPOS="1964"/>
<String CONTENT="and" HEIGHT="40" WIDTH="93" VPOS="2613" HPOS="2001"/>
</TextLine>
<TextLine HEIGHT="47" WIDTH="385" VPOS="2666" HPOS="106">
<String CONTENT="stenographers." HEIGHT="47" WIDTH="385" VPOS="2666" HPOS="106"/>
</TextLine>
<TextLine HEIGHT="55" WIDTH="1996" VPOS="2720" HPOS="105">
<String CONTENT="&#169;" HEIGHT="53" WIDTH="53" VPOS="2720" HPOS="105"/>
<SP HEIGHT="53" WIDTH="34" VPOS="2720" HPOS="159"/>
<String CONTENT="Mar." HEIGHT="38" WIDTH="121" VPOS="2727" HPOS="194"/>
<SP HEIGHT="39" WIDTH="31" VPOS="2726" HPOS="316"/>
<String CONTENT="30," HEIGHT="48" WIDTH="69" VPOS="2725" HPOS="348"/>
<SP HEIGHT="46" WIDTH="36" VPOS="2727" HPOS="418"/>
<String CONTENT="1936;" HEIGHT="47" WIDTH="140" VPOS="2725" HPOS="455"/>
<SP HEIGHT="46" WIDTH="36" VPOS="2726" HPOS="596"/>
<String CONTENT="2c." HEIGHT="40" WIDTH="68" VPOS="2726" HPOS="633"/>
<SP HEIGHT="28" WIDTH="37" VPOS="2737" HPOS="702"/>
<String CONTENT="and" HEIGHT="39" WIDTH="96" VPOS="2727" HPOS="740"/>
<SP HEIGHT="39" WIDTH="34" VPOS="2727" HPOS="837"/>
<String CONTENT="aff." HEIGHT="39" WIDTH="83" VPOS="2727" HPOS="872"/>
<SP HEIGHT="38" WIDTH="34" VPOS="2728" HPOS="956"/>
<String CONTENT="Apr." HEIGHT="46" WIDTH="114" VPOS="2728" HPOS="991"/>
<SP HEIGHT="40" WIDTH="35" VPOS="2727" HPOS="1106"/>
<String CONTENT="1;" HEIGHT="47" WIDTH="53" VPOS="2727" HPOS="1142"/>
<SP HEIGHT="46" WIDTH="37" VPOS="2728" HPOS="1196"/>
<!-- cceid 9979DB90-6E3A-1014-83DD-942C093A1DD9 --><String CONTENT="A" HEIGHT="38" WIDTH="44" VPOS="2728" HPOS="1234"/>
<SP HEIGHT="40" WIDTH="31" VPOS="2726" HPOS="1279"/>
<String CONTENT="92657;" HEIGHT="48" WIDTH="171" VPOS="2726" HPOS="1311"/>
<SP HEIGHT="46" WIDTH="38" VPOS="2728" HPOS="1483"/>
<String CONTENT="J." HEIGHT="40" WIDTH="43" VPOS="2728" HPOS="1522"/>
<SP HEIGHT="39" WIDTH="38" VPOS="2729" HPOS="1566"/>
<String CONTENT="I." HEIGHT="38" WIDTH="36" VPOS="2729" HPOS="1605"/>
<SP HEIGHT="37" WIDTH="37" VPOS="2729" HPOS="1642"/>
<String CONTENT="Horowitz," HEIGHT="47" WIDTH="264" VPOS="2728" HPOS="1680"/>
<SP HEIGHT="46" WIDTH="36" VPOS="2729" HPOS="1945"/>
<String CONTENT="New" HEIGHT="38" WIDTH="119" VPOS="2729" HPOS="1982"/>
</TextLine>
<TextLine HEIGHT="50" WIDTH="460" VPOS="2781" HPOS="174" CS="1">
<String CONTENT="York." HEIGHT="39" WIDTH="143" VPOS="2783" HPOS="174"/>
<SP HEIGHT="48" WIDTH="66" VPOS="2781" HPOS="318"/>
<String CS="1" CONTENT="(36-8421)" HEIGHT="50" WIDTH="249" VPOS="2781" HPOS="385"/>
</TextLine>
<TextLine HEIGHT="67" WIDTH="1137" VPOS="2855" HPOS="105" STYLEREFS="StyleId-27D1F4A0-3FDB-4224-A0B3-DFC80D731E52-">
<String CONTENT="Irving," HEIGHT="66" WIDTH="219" VPOS="2855" HPOS="105"/>
<SP HEIGHT="64" WIDTH="27" VPOS="2857" HPOS="325"/>
<String CONTENT="Frederick" HEIGHT="55" WIDTH="314" VPOS="2856" HPOS="353"/>
<SP HEIGHT="55" WIDTH="28" VPOS="2858" HPOS="668"/>
<String CONTENT="Carpenter," HEIGHT="63" WIDTH="343" VPOS="2859" HPOS="697"/>
<SP HEIGHT="57" WIDTH="29" VPOS="2865" HPOS="1041"/>
<String CONTENT="1883-" HEIGHT="51" WIDTH="171" VPOS="2864" HPOS="1071"/>
</TextLine>
<TextLine HEIGHT="69" WIDTH="1836" VPOS="2933" HPOS="262" STYLEREFS="StyleId-25A94E60-41D5-4601-975E-025E3AAD1122-">
<String CONTENT="textbook" HEIGHT="52" WIDTH="270" VPOS="2934" HPOS="262"/>
<SP HEIGHT="52" WIDTH="34" VPOS="2934" HPOS="533"/>
<String CONTENT="of" HEIGHT="52" WIDTH="63" VPOS="2934" HPOS="568"/>
<SP HEIGHT="52" WIDTH="35" VPOS="2934" HPOS="632"/>
<String CONTENT="obstetrics" HEIGHT="54" WIDTH="294" VPOS="2934" HPOS="668"/>
<SP HEIGHT="51" WIDTH="33" VPOS="2935" HPOS="963"/>
<String CONTENT="for" HEIGHT="51" WIDTH="95" VPOS="2935" HPOS="997"/>
<SP HEIGHT="34" WIDTH="32" VPOS="2954" HPOS="1093"/>
<String CONTENT="students" HEIGHT="53" WIDTH="257" VPOS="2935" HPOS="1126"/>
<SP HEIGHT="34" WIDTH="36" VPOS="2953" HPOS="1384"/>
<String CONTENT="and" HEIGHT="51" WIDTH="111" VPOS="2935" HPOS="1421"/>
<SP HEIGHT="67" WIDTH="36" VPOS="2935" HPOS="1533"/>
<String CONTENT="practitioners," HEIGHT="69" WIDTH="419" VPOS="2933" HPOS="1570"/>
<SP HEIGHT="65" WIDTH="33" VPOS="2935" HPOS="1990"/>
<String CONTENT="by" HEIGHT="67" WIDTH="74" VPOS="2935" HPOS="2024"/>
</TextLine>
<TextLine HEIGHT="70" WIDTH="1991" VPOS="3010" HPOS="107" STYLEREFS="StyleId-25A94E60-41D5-4601-975E-025E3AAD1122-" CS="1">
<String CONTENT="Frederick" HEIGHT="53" WIDTH="305" VPOS="3010" HPOS="107"/>
<SP HEIGHT="54" WIDTH="29" VPOS="3011" HPOS="413"/>
<String CONTENT="C." HEIGHT="54" WIDTH="59" VPOS="3011" HPOS="443"/>
<SP HEIGHT="54" WIDTH="33" VPOS="3010" HPOS="503"/>
<String CONTENT="Irving" HEIGHT="69" WIDTH="206" VPOS="3010" HPOS="537"/>
<SP HEIGHT="49" WIDTH="34" VPOS="3030" HPOS="744"/>
<String CS="1" CONTENT="&#8230;"/>
<SP HEIGHT="52" WIDTH="69" VPOS="3012" HPOS="834"/>
<String CONTENT="New" HEIGHT="52" WIDTH="137" VPOS="3012" HPOS="904"/>
<SP HEIGHT="52" WIDTH="33" VPOS="3011" HPOS="1042"/>
<String CONTENT="York," HEIGHT="67" WIDTH="178" VPOS="3011" HPOS="1076"/>
<SP HEIGHT="64" WIDTH="26" VPOS="3014" HPOS="1255"/>
<String CONTENT="The" HEIGHT="52" WIDTH="121" VPOS="3013" HPOS="1282"/>
<SP HEIGHT="52" WIDTH="29" VPOS="3013" HPOS="1404"/>
<String CONTENT="Macmillan" HEIGHT="52" WIDTH="334" VPOS="3012" HPOS="1434"/>
<SP HEIGHT="33" WIDTH="31" VPOS="3031" HPOS="1769"/>
<String CONTENT="company," HEIGHT="51" WIDTH="297" VPOS="3029" HPOS="1801"/>
</TextLine>
<TextLine HEIGHT="50" WIDTH="148" VPOS="3090" HPOS="105" STYLEREFS="StyleId-25A94E60-41D5-4601-975E-025E3AAD1122-">
<String CONTENT="1936." HEIGHT="50" WIDTH="148" VPOS="3090" HPOS="105"/>
</TextLine>
<TextLine HEIGHT="52" WIDTH="1620" VPOS="3157" HPOS="174" CS="1">
<String CONTENT="xxiv," HEIGHT="47" WIDTH="130" VPOS="3158" HPOS="174"/>
<SP HEIGHT="48" WIDTH="27" VPOS="3157" HPOS="305"/>
<String CONTENT="558" HEIGHT="40" WIDTH="84" VPOS="3157" HPOS="333"/>
<SP HEIGHT="48" WIDTH="26" VPOS="3157" HPOS="418"/>
<String CONTENT="p." HEIGHT="36" WIDTH="42" VPOS="3169" HPOS="445"/>
<SP HEIGHT="40" WIDTH="27" VPOS="3159" HPOS="488"/>
<String CONTENT="incl." HEIGHT="39" WIDTH="109" VPOS="3159" HPOS="516"/>
<SP HEIGHT="38" WIDTH="27" VPOS="3160" HPOS="626"/>
<String CONTENT="illus.," HEIGHT="48" WIDTH="143" VPOS="3159" HPOS="654"/>
<SP HEIGHT="37" WIDTH="26" VPOS="3171" HPOS="798"/>
<String CONTENT="plates," HEIGHT="48" WIDTH="170" VPOS="3160" HPOS="825"/>
<SP HEIGHT="46" WIDTH="29" VPOS="3162" HPOS="996"/>
<String CONTENT="diagrs." HEIGHT="47" WIDTH="178" VPOS="3161" HPOS="1026"/>
<SP HEIGHT="39" WIDTH="54" VPOS="3162" HPOS="1205"/>
<String CONTENT="2" HEIGHT="38" WIDTH="27" VPOS="3162" HPOS="1260"/>
<SP HEIGHT="40" WIDTH="26" VPOS="3161" HPOS="1288"/>
<String CONTENT="fold," HEIGHT="42" WIDTH="119" VPOS="3161" HPOS="1315"/>
<SP HEIGHT="40" WIDTH="29" VPOS="3163" HPOS="1435"/>
<String CONTENT="diagr." HEIGHT="48" WIDTH="152" VPOS="3161" HPOS="1465"/>
<SP HEIGHT="38" WIDTH="59" VPOS="3163" HPOS="1618"/>
<String CS="1" CONTENT="24cm." HEIGHT="40" WIDTH="116" VPOS="3163" HPOS="1678"/>
</TextLine>
<TextLine HEIGHT="50" WIDTH="1918" VPOS="3214" HPOS="176">
<String CONTENT="&#8220;This" HEIGHT="39" WIDTH="144" VPOS="3214" HPOS="176"/>
<SP HEIGHT="30" WIDTH="30" VPOS="3224" HPOS="321"/>
<String CONTENT="volume" HEIGHT="41" WIDTH="191" VPOS="3214" HPOS="352"/>
<SP HEIGHT="29" WIDTH="30" VPOS="3226" HPOS="544"/>
<String CONTENT="embodies" HEIGHT="40" WIDTH="241" VPOS="3216" HPOS="575"/>
<SP HEIGHT="37" WIDTH="33" VPOS="3218" HPOS="817"/>
<String CONTENT="in" HEIGHT="37" WIDTH="48" VPOS="3218" HPOS="851"/>
<SP HEIGHT="29" WIDTH="32" VPOS="3227" HPOS="900"/>
<String CONTENT="an" HEIGHT="29" WIDTH="61" VPOS="3227" HPOS="933"/>
<SP HEIGHT="29" WIDTH="32" VPOS="3228" HPOS="995"/>
<String CONTENT="amplified" HEIGHT="47" WIDTH="243" VPOS="3217" HPOS="1028"/>
<SP HEIGHT="39" WIDTH="32" VPOS="3218" HPOS="1272"/>
<String CONTENT="form" HEIGHT="39" WIDTH="127" VPOS="3218" HPOS="1305"/>
<SP HEIGHT="37" WIDTH="30" VPOS="3221" HPOS="1433"/>
<String CONTENT="the" HEIGHT="39" WIDTH="82" VPOS="3219" HPOS="1464"/>
<SP HEIGHT="29" WIDTH="31" VPOS="3228" HPOS="1547"/>
<String CONTENT="material" HEIGHT="40" WIDTH="226" VPOS="3218" HPOS="1579"/>
<SP HEIGHT="40" WIDTH="33" VPOS="3218" HPOS="1806"/>
<String CONTENT="contained" HEIGHT="40" WIDTH="254" VPOS="3218" HPOS="1840"/>
</TextLine>
<TextLine HEIGHT="45" WIDTH="1993" VPOS="3270" HPOS="103">
<String CONTENT="in" HEIGHT="39" WIDTH="49" VPOS="3270" HPOS="103"/>
<SP HEIGHT="37" WIDTH="25" VPOS="3273" HPOS="153"/>
<String CONTENT="the" HEIGHT="39" WIDTH="82" VPOS="3271" HPOS="179"/>
<SP HEIGHT="41" WIDTH="26" VPOS="3270" HPOS="262"/>
<String CONTENT="Outlines" HEIGHT="41" WIDTH="220" VPOS="3270" HPOS="289"/>
<SP HEIGHT="30" WIDTH="23" VPOS="3281" HPOS="510"/>
<String CONTENT="of" HEIGHT="39" WIDTH="54" VPOS="3271" HPOS="534"/>
<SP HEIGHT="39" WIDTH="20" VPOS="3271" HPOS="589"/>
<String CONTENT="normal" HEIGHT="38" WIDTH="188" VPOS="3273" HPOS="610"/>
<SP HEIGHT="39" WIDTH="26" VPOS="3273" HPOS="799"/>
<String CONTENT="and" HEIGHT="38" WIDTH="95" VPOS="3274" HPOS="826"/>
<SP HEIGHT="38" WIDTH="25" VPOS="3274" HPOS="922"/>
<String CONTENT="abnormal" HEIGHT="38" WIDTH="248" VPOS="3274" HPOS="948"/>
<SP HEIGHT="38" WIDTH="28" VPOS="3275" HPOS="1197"/>
<String CONTENT="obstetrics" HEIGHT="41" WIDTH="254" VPOS="3273" HPOS="1226"/>
<SP HEIGHT="29" WIDTH="27" VPOS="3285" HPOS="1481"/>
<String CONTENT="used" HEIGHT="39" WIDTH="118" VPOS="3275" HPOS="1509"/>
<SP HEIGHT="39" WIDTH="25" VPOS="3275" HPOS="1628"/>
<String CONTENT="for" HEIGHT="39" WIDTH="78" VPOS="3275" HPOS="1654"/>
<SP HEIGHT="30" WIDTH="26" VPOS="3285" HPOS="1733"/>
<String CONTENT="a" HEIGHT="30" WIDTH="28" VPOS="3285" HPOS="1760"/>
<SP HEIGHT="30" WIDTH="26" VPOS="3285" HPOS="1789"/>
<String CONTENT="number" HEIGHT="39" WIDTH="203" VPOS="3275" HPOS="1816"/>
<SP HEIGHT="29" WIDTH="24" VPOS="3285" HPOS="2020"/>
<String CONTENT="of" HEIGHT="39" WIDTH="51" VPOS="3276" HPOS="2045"/>
</TextLine>
<TextLine HEIGHT="51" WIDTH="1988" VPOS="3327" HPOS="103">
<String CONTENT="years" HEIGHT="36" WIDTH="140" VPOS="3336" HPOS="103"/>
<SP HEIGHT="38" WIDTH="34" VPOS="3328" HPOS="244"/>
<String CONTENT="in" HEIGHT="38" WIDTH="49" VPOS="3328" HPOS="279"/>
<SP HEIGHT="38" WIDTH="36" VPOS="3329" HPOS="329"/>
<String CONTENT="teaching" HEIGHT="48" WIDTH="226" VPOS="3327" HPOS="366"/>
<SP HEIGHT="37" WIDTH="33" VPOS="3338" HPOS="593"/>
<String CONTENT="second," HEIGHT="47" WIDTH="187" VPOS="3329" HPOS="627"/>
<SP HEIGHT="44" WIDTH="37" VPOS="3332" HPOS="815"/>
<String CONTENT="third" HEIGHT="39" WIDTH="131" VPOS="3330" HPOS="853"/>
<SP HEIGHT="38" WIDTH="35" VPOS="3331" HPOS="985"/>
<String CONTENT="and" HEIGHT="38" WIDTH="96" VPOS="3331" HPOS="1021"/>
<SP HEIGHT="39" WIDTH="35" VPOS="3330" HPOS="1118"/>
<String CONTENT="fourth" HEIGHT="39" WIDTH="171" VPOS="3330" HPOS="1154"/>
<SP HEIGHT="47" WIDTH="34" VPOS="3331" HPOS="1326"/>
<String CONTENT="year" HEIGHT="36" WIDTH="115" VPOS="3342" HPOS="1361"/>
<SP HEIGHT="29" WIDTH="37" VPOS="3342" HPOS="1477"/>
<String CONTENT="students" HEIGHT="40" WIDTH="223" VPOS="3331" HPOS="1515"/>
<SP HEIGHT="38" WIDTH="37" VPOS="3332" HPOS="1739"/>
<String CONTENT="in" HEIGHT="38" WIDTH="49" VPOS="3332" HPOS="1777"/>
<SP HEIGHT="38" WIDTH="37" VPOS="3332" HPOS="1827"/>
<String CONTENT="Harvard" HEIGHT="39" WIDTH="226" VPOS="3332" HPOS="1865"/>
</TextLine>
<TextLine HEIGHT="41" WIDTH="683" VPOS="3383" HPOS="103">
<String CONTENT="medical" HEIGHT="39" WIDTH="201" VPOS="3384" HPOS="103"/>
<SP HEIGHT="39" WIDTH="28" VPOS="3384" HPOS="305"/>
<String CONTENT="school.&#8221;&#8212;Introd." HEIGHT="41" WIDTH="452" VPOS="3383" HPOS="334"/>
</TextLine>
<TextLine HEIGHT="50" WIDTH="1009" VPOS="3438" HPOS="174">
<String CONTENT="&#8220;References&#8221;" HEIGHT="41" WIDTH="346" VPOS="3438" HPOS="174"/>
<SP HEIGHT="40" WIDTH="26" VPOS="3439" HPOS="521"/>
<String CONTENT="at" HEIGHT="37" WIDTH="52" VPOS="3443" HPOS="548"/>
<SP HEIGHT="37" WIDTH="25" VPOS="3443" HPOS="601"/>
<String CONTENT="end" HEIGHT="38" WIDTH="91" VPOS="3442" HPOS="627"/>
<SP HEIGHT="38" WIDTH="27" VPOS="3442" HPOS="719"/>
<String CONTENT="of" HEIGHT="39" WIDTH="51" VPOS="3441" HPOS="747"/>
<SP HEIGHT="40" WIDTH="24" VPOS="3441" HPOS="799"/>
<String CONTENT="each" HEIGHT="39" WIDTH="118" VPOS="3442" HPOS="824"/>
<SP HEIGHT="39" WIDTH="25" VPOS="3442" HPOS="943"/>
<String CONTENT="chapter." HEIGHT="46" WIDTH="214" VPOS="3442" HPOS="969"/>
</TextLine>
<TextLine HEIGHT="54" WIDTH="1794" VPOS="3495" HPOS="104" CS="1">
<String CONTENT="&#169;" HEIGHT="53" WIDTH="52" VPOS="3495" HPOS="104"/>
<SP HEIGHT="53" WIDTH="32" VPOS="3495" HPOS="157"/>
<String CONTENT="Feb." HEIGHT="40" WIDTH="109" VPOS="3499" HPOS="190"/>
<SP HEIGHT="38" WIDTH="33" VPOS="3501" HPOS="300"/>
<String CS="1" CONTENT="18." HEIGHT="8" WIDTH="8" VPOS="3533" HPOS="393"/>
<SP HEIGHT="41" WIDTH="34" VPOS="3500" HPOS="402"/>
<String CONTENT="1936:" HEIGHT="41" WIDTH="139" VPOS="3499" HPOS="437"/>
<SP HEIGHT="41" WIDTH="34" VPOS="3499" HPOS="577"/>
<String CONTENT="2c." HEIGHT="40" WIDTH="68" VPOS="3499" HPOS="612"/>
<SP HEIGHT="29" WIDTH="34" VPOS="3510" HPOS="681"/>
<String CONTENT="and" HEIGHT="38" WIDTH="95" VPOS="3501" HPOS="716"/>
<SP HEIGHT="38" WIDTH="33" VPOS="3501" HPOS="812"/>
<String CONTENT="aff." HEIGHT="39" WIDTH="81" VPOS="3500" HPOS="846"/>
<SP HEIGHT="38" WIDTH="35" VPOS="3500" HPOS="928"/>
<String CONTENT="Feb." HEIGHT="40" WIDTH="110" VPOS="3500" HPOS="964"/>
<SP HEIGHT="38" WIDTH="34" VPOS="3502" HPOS="1075"/>
<String CONTENT="19:" HEIGHT="40" WIDTH="80" VPOS="3500" HPOS="1110"/>
<SP HEIGHT="38" WIDTH="37" VPOS="3502" HPOS="1191"/>
<!-- cceid 997A86C0-6E3A-1014-83DD-942C093A1DD9 --><String CONTENT="A" HEIGHT="37" WIDTH="40" VPOS="3502" HPOS="1229"/>
<SP HEIGHT="40" WIDTH="33" VPOS="3500" HPOS="1270"/>
<String CONTENT="91846;" HEIGHT="49" WIDTH="170" VPOS="3500" HPOS="1304"/>
<SP HEIGHT="47" WIDTH="37" VPOS="3502" HPOS="1475"/>
<String CONTENT="Macmillan" HEIGHT="40" WIDTH="281" VPOS="3501" HPOS="1513"/>
<SP HEIGHT="30" WIDTH="33" VPOS="3512" HPOS="1795"/>
<String CONTENT="co." HEIGHT="30" WIDTH="69" VPOS="3512" HPOS="1829"/>
</TextLine>
<TextLine HEIGHT="46" WIDTH="248" VPOS="3557" HPOS="183">
<String CONTENT="(36-8330)" HEIGHT="46" WIDTH="248" VPOS="3557" HPOS="183"/>
</TextLine>
<TextLine HEIGHT="64" WIDTH="659" VPOS="3631" HPOS="100" STYLEREFS="StyleId-27D1F4A0-3FDB-4224-A0B3-DFC80D731E52-">
<String CONTENT="Jackson," HEIGHT="64" WIDTH="272" VPOS="3631" HPOS="100"/>
<SP HEIGHT="62" WIDTH="25" VPOS="3633" HPOS="373"/>
<String CONTENT="Percival" HEIGHT="53" WIDTH="265" VPOS="3632" HPOS="399"/>
<SP HEIGHT="52" WIDTH="26" VPOS="3633" HPOS="665"/>
<String CONTENT="E." HEIGHT="53" WIDTH="67" VPOS="3634" HPOS="692"/>
</TextLine>
<TextLine HEIGHT="69" WIDTH="1920" VPOS="3707" HPOS="172" STYLEREFS="StyleId-25A94E60-41D5-4601-975E-025E3AAD1122-">
<String CONTENT="The" HEIGHT="52" WIDTH="120" VPOS="3707" HPOS="172"/>
<SP HEIGHT="52" WIDTH="39" VPOS="3707" HPOS="293"/>
<String CONTENT="law" HEIGHT="52" WIDTH="109" VPOS="3707" HPOS="333"/>
<SP HEIGHT="33" WIDTH="40" VPOS="3726" HPOS="443"/>
<String CONTENT="of" HEIGHT="52" WIDTH="63" VPOS="3707" HPOS="484"/>
<SP HEIGHT="52" WIDTH="40" VPOS="3707" HPOS="548"/>
<String CONTENT="cadavers" HEIGHT="53" WIDTH="268" VPOS="3707" HPOS="589"/>
<SP HEIGHT="34" WIDTH="41" VPOS="3726" HPOS="858"/>
<String CONTENT="and" HEIGHT="52" WIDTH="112" VPOS="3708" HPOS="900"/>
<SP HEIGHT="52" WIDTH="39" VPOS="3708" HPOS="1013"/>
<String CONTENT="of" HEIGHT="52" WIDTH="64" VPOS="3708" HPOS="1053"/>
<SP HEIGHT="52" WIDTH="38" VPOS="3708" HPOS="1118"/>
<String CONTENT="burial" HEIGHT="53" WIDTH="187" VPOS="3707" HPOS="1157"/>
<SP HEIGHT="51" WIDTH="43" VPOS="3709" HPOS="1345"/>
<String CONTENT="and" HEIGHT="49" WIDTH="113" VPOS="3711" HPOS="1389"/>
<SP HEIGHT="51" WIDTH="38" VPOS="3709" HPOS="1503"/>
<String CONTENT="burial" HEIGHT="52" WIDTH="188" VPOS="3708" HPOS="1542"/>
<SP HEIGHT="67" WIDTH="42" VPOS="3709" HPOS="1731"/>
<String CONTENT="places," HEIGHT="69" WIDTH="204" VPOS="3707" HPOS="1774"/>
<SP HEIGHT="66" WIDTH="39" VPOS="3708" HPOS="1979"/>
<String CONTENT="by" HEIGHT="68" WIDTH="73" VPOS="3708" HPOS="2019"/>
</TextLine>
<TextLine HEIGHT="71" WIDTH="1989" VPOS="3781" HPOS="101" STYLEREFS="StyleId-25A94E60-41D5-4601-975E-025E3AAD1122-" CS="1">
<String CONTENT="Percival" HEIGHT="55" WIDTH="256" VPOS="3781" HPOS="101"/>
<SP HEIGHT="50" WIDTH="35" VPOS="3785" HPOS="358"/>
<String CONTENT="E." HEIGHT="51" WIDTH="65" VPOS="3785" HPOS="394"/>
<SP HEIGHT="52" WIDTH="34" VPOS="3785" HPOS="460"/>
<String CONTENT="Jackson" HEIGHT="52" WIDTH="249" VPOS="3785" HPOS="495"/>
<SP HEIGHT="36" WIDTH="35" VPOS="3802" HPOS="745"/>
<String CS="1" CONTENT="&#8230;"/>
<SP HEIGHT="53" WIDTH="76" VPOS="3784" HPOS="838"/>
<String CONTENT="New" HEIGHT="53" WIDTH="137" VPOS="3784" HPOS="915"/>
<SP HEIGHT="50" WIDTH="33" VPOS="3785" HPOS="1053"/>
<String CONTENT="York," HEIGHT="65" WIDTH="179" VPOS="3785" HPOS="1087"/>
<SP HEIGHT="65" WIDTH="28" VPOS="3785" HPOS="1267"/>
<String CONTENT="Prentice-Hall," HEIGHT="69" WIDTH="449" VPOS="3783" HPOS="1296"/>
<SP HEIGHT="66" WIDTH="34" VPOS="3786" HPOS="1746"/>
<String CONTENT="inc.," HEIGHT="66" WIDTH="124" VPOS="3786" HPOS="1781"/>
<SP HEIGHT="64" WIDTH="34" VPOS="3788" HPOS="1906"/>
<String CONTENT="1936." HEIGHT="50" WIDTH="149" VPOS="3788" HPOS="1941"/>
</TextLine>
<TextLine HEIGHT="48" WIDTH="497" VPOS="3854" HPOS="168" CS="1">
<String CONTENT="lxxv," HEIGHT="47" WIDTH="130" VPOS="3854" HPOS="168"/>
<SP HEIGHT="46" WIDTH="31" VPOS="3855" HPOS="299"/>
<String CONTENT="734" HEIGHT="39" WIDTH="84" VPOS="3854" HPOS="331"/>
<SP HEIGHT="47" WIDTH="30" VPOS="3855" HPOS="416"/>
<String CONTENT="p." HEIGHT="37" WIDTH="42" VPOS="3865" HPOS="447"/>
<SP HEIGHT="40" WIDTH="58" VPOS="3854" HPOS="490"/>
<String CS="1" CONTENT="24cm." HEIGHT="39" WIDTH="116" VPOS="3854" HPOS="549"/>
</TextLine>
<TextLine HEIGHT="49" WIDTH="878" VPOS="3910" HPOS="170" CS="1">
<String CONTENT="&#8220;Table" HEIGHT="40" WIDTH="176" VPOS="3910" HPOS="170"/>
<SP HEIGHT="29" WIDTH="30" VPOS="3920" HPOS="347"/>
<String CONTENT="of" HEIGHT="38" WIDTH="50" VPOS="3911" HPOS="378"/>
<SP HEIGHT="39" WIDTH="28" VPOS="3911" HPOS="429"/>
<String CS="1" CONTENT="cases&#8221;:" HEIGHT="40" WIDTH="162" VPOS="3910" HPOS="458"/>
<SP HEIGHT="38" WIDTH="32" VPOS="3921" HPOS="650"/>
<String CONTENT="p." HEIGHT="37" WIDTH="42" VPOS="3922" HPOS="683"/>
<SP HEIGHT="30" WIDTH="32" VPOS="3922" HPOS="726"/>
<String CONTENT="xxix-lxxii." HEIGHT="41" WIDTH="289" VPOS="3911" HPOS="759"/>
</TextLine>
<TextLine HEIGHT="52" WIDTH="1989" VPOS="3964" HPOS="101" CS="1">
<String CONTENT="&#169;" HEIGHT="52" WIDTH="52" VPOS="3964" HPOS="101"/>
<SP HEIGHT="52" WIDTH="24" VPOS="3964" HPOS="154"/>
<String CONTENT="Mar." HEIGHT="40" WIDTH="120" VPOS="3969" HPOS="179"/>
<SP HEIGHT="39" WIDTH="23" VPOS="3970" HPOS="300"/>
<String CONTENT="10." HEIGHT="39" WIDTH="68" VPOS="3969" HPOS="324"/>
<SP HEIGHT="38" WIDTH="27" VPOS="3970" HPOS="393"/>
<String CONTENT="1936:" HEIGHT="41" WIDTH="139" VPOS="3968" HPOS="421"/>
<SP HEIGHT="40" WIDTH="28" VPOS="3969" HPOS="561"/>
<String CONTENT="2c." HEIGHT="40" WIDTH="66" VPOS="3969" HPOS="590"/>
<SP HEIGHT="38" WIDTH="30" VPOS="3971" HPOS="657"/>
<String CONTENT="Mar." HEIGHT="39" WIDTH="120" VPOS="3971" HPOS="688"/>
<SP HEIGHT="40" WIDTH="26" VPOS="3970" HPOS="809"/>
<String CS="1" CONTENT="25:" HEIGHT="38" WIDTH="58" VPOS="3970" HPOS="836"/>
<SP HEIGHT="29" WIDTH="29" VPOS="3981" HPOS="919"/>
<String CONTENT="aff." HEIGHT="41" WIDTH="82" VPOS="3969" HPOS="949"/>
<SP HEIGHT="39" WIDTH="27" VPOS="3971" HPOS="1032"/>
<String CONTENT="Mar." HEIGHT="40" WIDTH="122" VPOS="3971" HPOS="1060"/>
<SP HEIGHT="40" WIDTH="26" VPOS="3971" HPOS="1183"/>
<String CS="1" CONTENT="27;" HEIGHT="39" WIDTH="55" VPOS="3971" HPOS="1210"/>
<SP HEIGHT="44" WIDTH="29" VPOS="3972" HPOS="1293"/>
<!-- cceid 997B3223-6E3A-1014-83DD-942C093A1DD9 --><String CONTENT="A" HEIGHT="37" WIDTH="41" VPOS="3972" HPOS="1323"/>
<SP HEIGHT="39" WIDTH="26" VPOS="3971" HPOS="1365"/>
<String CS="1" CONTENT="92578:" HEIGHT="41" WIDTH="114" VPOS="3970" HPOS="1392"/>
<SP HEIGHT="40" WIDTH="31" VPOS="3971" HPOS="1562"/>
<String CONTENT="Prentice-Hall." HEIGHT="43" WIDTH="374" VPOS="3971" HPOS="1594"/>
<SP HEIGHT="41" WIDTH="28" VPOS="3973" HPOS="1969"/>
<String CONTENT="inc." HEIGHT="38" WIDTH="92" VPOS="3973" HPOS="1998"/>
</TextLine>
<TextLine HEIGHT="46" WIDTH="247" VPOS="4026" HPOS="179" CS="1">
<String CS="1" CONTENT="(36-8417)" HEIGHT="46" WIDTH="247" VPOS="4026" HPOS="179"/>
</TextLine>
</TextBlock>
</PrintSpace>
</Page>
</Layout>
</alto>