2519 4377
1324 4081 102 53 784

421 504 27 41 3
477 516 43 38 p.
585 536 9 17 l.,
622 503 59 42 89
705 514 44 39 p.
804 502 148 43 21½cm.

354 572 54 53 ©
438 576 129 40 June
593 575 40 48 8,
666 575 142 47 1936;
840 573 69 43 2c.
942 576 96 39 and
1072 574 81 41 aff.
1187 575 130 39 June
1347 574 82 47 11;
1464 575 41 39 A
1536 574 172 48 95667;
1744 574 231 41 Author’s
2009 575 108 48 pub.
2152 585 68 30 co.

435 632 283 48 (36-13161)

353 736 338 64 Hagedorn,
721 736 325 64 Hermann,
1081 740 171 51 1882-

426 813 120 67 We,
572 812 98 53 the
697 812 230 68 people;
957 830 72 35 an
1059 819 236 46 account
1319 811 65 54 of
1408 812 96 53 the
1530 817 96 48 ten
1652 812 222 53 dreams
1902 810 64 54 of
1994 811 147 53 Zach
2168 812 197 54 Peters

359 892 112 53 and
502 890 127 54 how
659 890 136 69 they
825 890 92 53 led
950 890 121 53 him
1096 890 250 69 through
1376 890 95 54 the
1503 890 392 55 Constitution
1927 890 65 53 of
2023 891 95 52 the
2148 889 218 56 United

360 970 206 65 States,
596 970 78 68 by
702 970 300 53 Hermann
1030 969 347 70 Hagedorn;
1409 969 329 54 illustrated
1767 970 75 68 by
1873 970 200 53 Frank
2103 969 262 55 Godwin.

359 1047 430 69 Philadelphia,
831 1047 253 70 Chicago
1147 1053 119 62 [etc.]
1314 1048 122 52 The
1476 1048 157 55 John
1676 1049 61 54 C.
1777 1048 269 56 Winston
2087 1066 281 52 company

363 1161 12 33 [
380 1135 18 21 c
405 1131 132 49 1936
544 1161 11 34 ]

430 1216 87 40 viii
544 1227 57 39 p.,
626 1216 27 40 2
715 1248 8 15 l.,
750 1215 83 42 171
859 1227 42 38 p.
930 1215 109 42 incl.
1066 1215 144 46 illus.,
1237 1218 170 46 plates,
1464 1217 85 40 col.
1575 1216 149 41 front.
1780 1216 54 40 21
1839 1218 45 21 cm
1890 1248 6 8 .

432 1287 292 41 Illustrated
751 1286 366 49 lining-papers.

433 1343 162 42 “First
620 1342 258 50 published
900 1344 50 39 in
974 1343 113 42 1927
1110 1344 154 40 under
1287 1345 81 40 the
1386 1344 108 41 title
1517 1345 101 39 The
1641 1346 81 39 ten
1745 1346 194 39 dreams
1962 1345 51 40 of
2036 1346 127 40 Zach
2187 1347 181 45 Peters,

360 1402 97 40 and
485 1402 108 39 how
621 1401 118 48 they
763 1402 77 39 led
867 1400 101 40 him
995 1402 212 47 through
1237 1402 80 39 the
1344 1401 332 42 Constitution
1706 1402 50 41 of
1783 1403 81 40 the
1891 1402 181 41 United
360 1403 2010 97 States.”—Foreword.

359 1526 53 53 ©
448 1531 118 47 May
597 1530 40 47 6,
674 1528 141 49 1936;
854 1529 67 41 2c.
960 1530 96 40 and
1094 1529 81 40 aff.
1214 1530 127 40 June
1377 1530 81 47 10;
1498 1531 43 39 A
1574 1530 172 49 94849;
1787 1532 130 40 John
1953 1532 51 43 Cl
2040 1533 225 41 Winston
2301 1543 68 34 co.

432 1586 283 52 [Copyright
761 1587 40 41 is
847 1586 205 42 claimed
1098 1597 60 30 on
1203 1585 238 44 revisions
1486 1588 96 41 and
1627 1588 263 52 additions]

438 1644 283 49 (36-12941)

358 1748 178 63 Hare,
565 1747 138 55 Eric
730 1748 68 55 B.

430 1821 203 56 Clever
665 1822 224 69 Queen;
925 1842 31 34 a
986 1823 113 52 tale
1132 1822 64 53 of
1227 1823 98 53 the
1353 1822 199 70 jungle
1583 1824 112 52 and
1730 1822 64 55 of
1826 1824 153 53 devil
2011 1823 359 70 worshipers,

357 1899 2011 72 by Eric B. Hare … Mountain View, Calif., Omaha, Neb.
365 1978 1557 70 [ etc.] Pacific press publishing association [ c 1936]
433 2067 56 40 96
516 2078 43 38 p.
621 2067 129 40 illus.
812 2065 145 42 19½cm.

362 2135 53 53 ©
446 2140 114 47 May
590 2141 39 45 4,
663 2137 141 49 1936;
837 2139 68 40 2c.
937 2140 95 39 and
1065 2138 82 41 aff.
1181 2139 113 48 May
1326 2139 83 46 11;
1443 2139 41 38 A
1514 2137 172 49 95103;
1721 2139 178 40 Pacific
1931 2149 137 38 press
2102 2140 109 47 pub.
2244 2148 130 32 assn.

443 2195 283 49 (36-13081)

361 2302 311 63 Harrison,
700 2301 265 55 Juanita.

432 2381 103 67 My
572 2386 180 62 great,
787 2380 163 67 wide,
985 2379 288 53 beautiful
1311 2379 199 66 world,
1545 2380 73 67 by
1655 2380 242 54 Juanita
1933 2379 317 66 Harrison;
363 2397 1988 130 arranged
626 2459 114 52 and

783 2458 273 69 prefaced
1100 2458 76 68 by
1218 2457 256 54 Mildred
1518 2457 226 54 Morris.
1846 2459 140 51 New
2030 2457 180 69 York,
2255 2456 120 53 The

362 2538 337 54 Macmillan
725 2554 297 51 company,
1050 2540 150 51 1936.

435 2626 70 39 xii
532 2636 57 38 p„
618 2625 25 39 1
708 2656 8 15 l.,
743 2624 89 41 318
856 2634 42 38 p.
953 2623 148 42 20½cm.

439 2695 312 41 “Condensed
790 2694 194 41 version
1022 2694 108 40 first
1170 2695 242 47 appeared
1450 2694 51 39 in
1540 2695 81 39 the
1663 2694 114 40 1935
1816 2696 206 38 autumn
2059 2694 227 40 numbers
2325 2694 85 39 of-

365 2754 82 40 the
474 2752 221 41 Atlantic
724 2750 459 50 monthly.”—Pref.

367 2818 53 54 ©
454 2823 114 47 May
602 2822 70 47 12,
707 2820 140 48 1936;
884 2821 68 41 2c.
987 2822 96 39 and
1118 2820 82 41 aff.
1236 2821 116 47 May
1385 2821 80 46 13;
1505 2821 41 38 A
1578 2819 172 48 95138;
1789 2820 283 40 Macmillan
2105 2828 66 32 co.

451 2878 282 51 (36-27252)

366 2986 222 62 Hause,
615 2984 176 53 Alvin
821 2984 247 64 George,
1098 2987 172 51 1892-

435 3061 56 51 A
525 3060 214 53 church
772 3065 57 47 at
866 3058 176 68 work,
1072 3058 77 70 by
1182 3058 182 53 Alvin
1400 3056 68 56 G.
1504 3057 212 53 Hause.
1789 3056 227 55 Kansas
2054 3055 152 72 City,
2242 3056 134 66 Mo.,

366 3138 261 54 Western
660 3136 232 70 Baptist
922 3136 337 69 publishing
1289 3154 299 51 company,
1622 3138 150 51 1936.

441 3224 86 42 135
550 3236 43 38 p.
654 3224 149 41 20½cm.

444 3297 120 40 Plan
588 3297 52 39 of
662 3296 182 40 church
869 3296 135 40 work
1028 3295 52 40 of
1102 3296 82 40 the
1209 3294 146 41 Bales
1379 3294 197 47 Baptist
1601 3294 194 48 church,
1823 3293 197 41 Kansas
2049 3293 123 48 City,
2202 3293 91 40 Mo.

373 3359 1955 59 © Apr. 28, 1936; 2c. May 1; aff. Apr. 30; A 95307; A. G. Hause, ℅
443 3427 144 39 Bales
618 3424 195 50 Baptist
843 3426 194 46 church,
1068 3425 195 39 Kansas
1293 3423 123 48 City,
1448 3424 91 38 Mo.
1608 3422 280 47 (36-13071)

373 3529 302 65 Highland
711 3529 176 65 Park,
922 3527 176 55 Mich.
1174 3527 302 66 Highland
1512 3526 158 54 Park
1705 3526 145 66 high
1888 3526 216 57 school.

444 3607 122 52 The
597 3606 306 69 fledgling;
938 3625 32 34 a
1000 3606 148 53 book
1177 3605 64 52 of
1271 3624 165 49 prose
1467 3606 112 53 and
1611 3624 156 34 verse
1798 3605 73 68 by
1902 3605 259 53 students
2191 3602 65 55 of
2286 3604 95 53 the

374 3684 304 69 Highland
711 3683 157 54 Park
896 3684 141 68 high
1070 3684 207 59 school,
1305 3683 304 68 Highland
1641 3684 174 59 Park,
1845 3683 316 68 Michigan,
2191 3682 187 53 edited

376 3765 74 67 by
480 3763 301 53 Elizabeth
815 3765 136 51 Ann
983 3763 183 52 Hunt.
1249 3762 321 69 [Highland
1603 3761 174 67 Park,
1808 3761 195 65 Mich.,
2033 3769 17 21 c
2057 3765 150 64 1936]

449 3851 83 41 187
565 3861 42 38 p.
639 3849 110 41 incl.
778 3849 151 41 front.
989 3849 146 49 23½cm.

376 3917 53 53 ©
471 3923 121 38 June
626 3922 39 45 1,
701 3920 140 45 1936;
878 3920 67 40 2c.
982 3921 95 39 and
1112 3919 82 42 aff.
1230 3920 129 39 June
1392 3918 81 46 10;
1512 3920 39 38 A
1585 3918 172 47 94836;
1796 3918 253 40 Elizabeth
2085 3919 109 38 Ann
2231 3917 151 47 Hunt,

449 3978 248 47 Highland
724 3978 144 47 Park,
893 3977 142 40 Mich.
1101 3975 280 49 (36-13057)
