2519 4377
1289 4160 104 50 226

331 567 181 49 ments
544 564 112 52 and
688 567 363 51 annotations
1081 569 59 48 to
1168 565 95 52 the
1296 564 390 55 Constitution
1718 564 62 54 of
1811 565 95 52 the
1935 568 145 49 state

331 562 2012 148 of Missouri, by John F. Gillespie and Claudio Delitala … St. Louis,
329 718 135 67 Mo.,
489 719 250 53 Thomas
763 722 110 50 law
898 720 147 52 book
1069 737 298 50 company,
1394 724 149 51 1935.

401 792 60 48 vi,
495 792 118 40 1062
640 803 30 37 p.
745 793 117 40 25cm.

331 844 55 54 ©
416 849 102 41 Oct.
548 849 72 48 24,
653 848 141 44 1935;
829 849 67 40 2c.
932 849 102 40 Oct.
1067 848 83 47 26;
1185 848 83 41 aff.
1302 849 110 39 Jan.
1445 850 70 47 11,
1547 849 141 44 1936;
1721 849 38 39 A
1795 847 172 48 91427;
2003 847 215 41 Thomas
2247 849 97 40 law

401 907 123 40 hook
555 918 67 29 co.

330 1011 281 65 Morison,
639 1012 240 54 Samuel
910 1010 175 65 Eliot,
1119 1012 171 54 1887-

400 1086 278 55 Harvard
703 1087 213 69 college
942 1087 60 52 in
1026 1087 98 52 the
1150 1087 363 53 seventeenth
1542 1091 254 64 century,
1821 1085 78 69 by
1929 1083 232 56 Samuel
2183 1083 160 54 Eliot

329 1164 2012 70 Morison … Cambridge, Mass., Harvard university press, 1936.
401 1239 28 40 2
457 1251 43 30 v.
560 1240 165 45 front.,
755 1239 129 41 illus.
913 1239 133 48 (incl.
1076 1241 136 39 coats
1241 1239 52 41 of
1318 1240 156 48 arms)
1511 1240 162 48 plates
1699 1239 50 49 (1
1775 1237 201 49 double)
2013 1240 164 45 ports.,
2209 1247 137 40 maps

342 1297 50 49 (2
430 1298 199 48 double)
676 1297 156 49 plans,
870 1297 217 41 facsims.
1151 1296 147 41 24½cm.
1377 1297 301 50 (Half-title:
1715 1296 103 42 The
1858 1295 354 42 tercentennial
331 1295 1997 108 history
468 1356 53 40 of
545 1355 232 41 Harvard
804 1354 178 49 college
1009 1356 96 39 and
1135 1355 286 49 university,
1450 1354 289 51 1636-1936)

401 1411 162 50 Paged
591 1412 358 47 continuously.

400 1469 142 50 Maps
573 1481 61 30 on
664 1470 365 49 lining-papers.

404 1528 102 41 “An
534 1528 182 42 earlier
743 1529 192 40 volume
966 1529 51 39 of
1044 1529 100 40 this
1175 1528 164 43 series.
1373 1529 114 41 ‘The
1518 1528 241 49 founding
1788 1529 53 40 of
1872 1528 231 41 Harvard
2137 1528 206 48 college’,

331 1584 2012 53 broke ground; the present volume picks up the story in 1650 … and
331 1644 184 41 carries
547 1645 40 41 it
616 1645 212 48 through
859 1646 83 39 the
975 1646 315 41 seventeenth
1321 1647 203 48 century
1556 1647 96 40 and
1682 1648 49 39 to
1764 1645 354 43 1708.”—Pref.

402 1701 417 49 Bibliographical
851 1702 278 43 foot-notes.

332 1758 53 53 ©
417 1763 121 39 Mar.
570 1762 40 48 2,
644 1761 116 42 1936;
821 1762 67 41 2c.
922 1764 119 38 each
1071 1764 120 38 Mar.
1224 1764 27 38 4;
1314 1763 82 42 aff.
1432 1765 122 40 Mar.
1588 1764 25 39 5;
1677 1765 40 38 A
1750 1763 145 41 93054;
1959 1763 256 42 President
2249 1765 98 39 and

403 1820 190 40 fellows
624 1819 53 41 of
708 1820 231 40 Harvard
971 1819 193 49 college,
1199 1819 302 49 Cambridge,
1536 1822 148 40 Mass.
1755 1820 254 52 (36-6926)

357 1925 266 64 [Mortier,
667 1927 170 51 Mme.
882 1922 240 55 Aurélie
1155 1925 99 65 (de
1299 1925 501 68 Faucamberge)]
1850 1931 173 50 1882-

430 2045 33 9 ..
495 2001 163 52 L’art
682 2002 69 52 de
778 2000 130 69 joie.
972 2002 186 68 Paris,
1186 1991 269 64 Éditions
1483 2004 70 52 de
1579 2003 285 53 l’Institut
1893 2003 239 52 Pelman
2169 2007 173 64 [1935]

402 2075 384 49 219 p. 18 ½ cm.
404 2132 232 42 Author’s
663 2134 181 46 pseud.,
870 2132 164 47 Aurel,
1063 2134 54 39 at
1139 2133 123 39 head
1291 2132 53 41 of
1371 2132 122 42 title.

334 2186 2015 53 © Oct. 15, 1935; 1c. Oct. 16; A-Foreign 29513; Aurélie de Faucamberge
405 2246 218 50 Mortier,
651 2246 157 42 Paris.
877 2246 252 49 (36-7025)

332 2338 221 64 Myers,
580 2338 116 64 Jay
722 2338 254 63 Arthur,
1004 2343 172 50 1888-

464 2412 1881 72 … Diseases of the chest, by J. Arthur Myers … edited by
332 2491 2015 70 Morris Fishbein … New York, N. Y., National medical book
331 2587 300 55 company,
662 2573 127 69 inc.,
820 2575 151 52 1935.

403 2647 104 48 xiii,
546 2647 86 41 385
673 2657 44 38 p.
784 2647 173 48 plates,
995 2656 125 39 map,
1163 2646 180 47 diagrs.
1414 2645 146 41 19½cm.
1641 2645 256 49 (National
1941 2646 206 40 medical
331 2656 1997 97 monographs)

405 2762 350 42 “References”
784 2765 51 38 at
861 2764 92 39 end
979 2763 53 39 of
1056 2764 120 39 each
1203 2763 213 47 chapter.

335 2818 2012 55 © Aug. 23, 1935; 2c. and aff. Mar. 3, 1936; A 93004; Doubleday, Doran
405 2880 37 41 &
467 2891 81 38 co.,
578 2880 106 48 inc.,
715 2879 197 42 Garden
938 2880 125 50 City,
1091 2880 57 42 N.
1177 2880 54 42 Y.
1297 2879 252 49 (36-6988)

334 2970 172 63 Nabl,
536 2971 211 65 Franz,
778 2976 171 50 1883-

467 3044 1877 71 … Das meteor, erzählungen. Bremen, C. Schünemann
339 3128 195 65 [c1935]

405 3199 99 49 126,
540 3199 54 51 [1]
623 3209 45 38 p.
729 3198 55 41 19½cm.

407 3256 198 41 “Erstes
632 3256 76 41 bis
733 3257 198 41 zehntes
960 3256 253 42 tausend.”

337 3312 2010 53 © Oct. 37, 1935; 1c. Feb. 6, 1936; A-Foreign 30316; Carl Schünemann.
417 3373 253 48 (36-7140)

336 3463 348 55 Oklahoma.
758 3466 185 63 Laws,
973 3470 258 60 statutes,
1261 3470 99 48 etc.

411 3540 226 56 Session
672 3545 138 52 laws
845 3542 63 54 of
947 3546 151 59 1935,
1132 3542 227 53 enacted
1400 3541 74 67 by
1511 3541 94 52 the
1641 3540 228 68 regular
1903 3540 211 54 session
2152 3541 63 53 of
2250 3540 97 53 the

338 3618 265 55 fifteenth
633 3620 359 67 Legislature
1024 3620 62 52 of
1118 3621 94 52 the
1245 3625 144 48 state
1421 3619 63 52 of
1516 3618 341 66 Oklahoma,
1887 3619 286 53 convened

336 3620 1985 145 January 8th, 1935, adjourned April 30th, 1935. Official …
339 3696 1982 134 Edited
482 3777 75 65 by
585 3776 60 55 C.
677 3778 88 52 W.
795 3777 129 53 Van
954 3778 204 51 Eaton.
1225 3775 318 55 Oklahoma
1576 3774 151 67 City,
1757 3774 150 60 Old.,
1936 3774 241 53 Harlow
337 3774 1984 146 publishing
578 3855 383 65 corporation,
992 3858 149 50 1935.

409 3927 97 43 xiv,
538 3927 86 39 452
659 3938 41 37 p.
763 3927 57 39 24½cm.

409 3984 72 40 On
510 3983 227 48 binding:
773 3983 194 41 Session
997 3983 122 40 laws
1148 3983 51 39 of
1230 3982 283 44 Oklahoma,
1546 3979 126 41 1935.

339 4036 53 53 ©
420 4041 120 45 Aug.
571 4040 69 47 10,
672 4039 116 41 1935;
845 4039 67 41 2c.
944 4040 110 40 Jan.
1083 4039 71 48 27,
1185 4038 140 43 1936;
1359 4038 82 42 aff.
1473 4039 109 39 Jan.
1615 4038 81 40 25:
1728 4038 39 38 A
1798 4036 170 41 90518:
2005 4036 201 38 Harlow
2237 4034 108 47 pub.

408 4096 323 49 corporation.
