2519 4377
1006 4063 124 49 1779

80 409 176 64 Asch,
281 408 256 64 Shalom,
565 413 168 50 1880-

215 481 1856 71 … The calf of paper, a novel by Sholem Asch. London,
79 562 66 53 V.
181 562 287 65 Gollancz,
500 561 120 66 ltd.,
656 563 147 51 1936.

147 632 85 40 590
263 642 43 38 p.
365 630 57 41 20½cm.

147 690 63 40 At
243 689 123 40 head
401 688 51 40 of
484 688 134 41 title:
651 688 293 40 Translated
977 688 60 47 by
1071 688 170 39 Edwin
1275 688 95 39 and
1404 688 146 40 Willa
1585 689 143 40 Muir.

150 745 255 40 American
442 743 182 41 edition
670 744 141 47 (New
844 743 143 49 York,
1026 743 53 41 G.
1115 744 50 40 P.
1202 743 250 41 Putnam’s
1488 743 136 48 sons)
1668 744 89 41 has
1795 745 134 40 title:
1968 745 103 40 The

77 811 101 30 war
207 811 112 38 goes
349 811 74 31 on.

78 870 1994 54 © 1c. Oct. 10, 1930: A ad int. 21909; pubd. Sept. 28; Sholem Asch. Nice,
151 932 197 40 France.
411 928 280 51 (30-36218)

76 1036 265 63 Atwood,
370 1034 251 55 Wallace
651 1033 242 65 Walter,
925 1037 171 51 1872-

207 1111 1865 67 … The Americas, by Wallace W. Atwood and Helen Goss
79 1189 1986 71 Thomas … Boston, New York [etc.] Ginn and company [ c 1936]
147 1265 80 47 vii,
251 1263 85 41 316
360 1275 42 37 p.
455 1263 84 40 col.
564 1263 163 47 front.,
754 1263 141 46 illus.,
923 1272 148 38 maps.
1125 1261 56 41 26½cm.
1334 1262 227 49 (Atwood
1586 1263 275 48 geography
1890 1265 175 48 series)

146 1323 65 39 At
235 1321 123 40 head
386 1321 52 38 of
465 1320 134 40 title:
630 1320 102 40 The
759 1319 138 41 earth
928 1319 96 39 and
1051 1319 67 40 its
1144 1319 179 48 people,
1352 1318 123 40 book
1503 1321 108 38 two.

149 1380 65 38 “A
246 1378 80 38 list
358 1377 51 38 of
437 1377 146 38 hooks
613 1376 78 38 for
721 1375 189 41 outside
940 1375 229 48 reading”:
1229 1386 43 37 p.
1303 1374 98 41 306.

78 1445 1995 53 © Sept. 23. 1936; 2c. Dec. 5: aff. Dec. 7; A 101170; W. W. Atwood,
149 1506 284 46 Worcester,
463 1505 159 39 Mass.,
651 1503 93 39 and
774 1503 153 40 Helen
956 1503 120 40 Goss
1102 1502 224 46 Thomas,
1356 1503 201 47 Waban,
1587 1505 146 39 Mass.
1793 1503 278 49 [Copyright

148 1561 40 39 is
211 1561 202 40 claimed
441 1572 56 28 on
524 1566 102 33 new
653 1563 122 43 cuts,
800 1569 135 37 maps
961 1559 95 39 and
1082 1561 116 46 text]

206 1663 1865 68 … Our state and continent, by Wallace W. Atwood and
75 1744 184 53 Helen
288 1743 144 55 Goss
460 1744 265 64 Thomas,
755 1742 138 52 with
924 1743 93 52 the
1047 1741 408 54 collaboration
1486 1742 63 53 of
1578 1744 228 52 Marion
1835 1747 70 51 B.

72 1746 1978 142 Forsythe. Boston, New York [etc.] Ginn and company [c1936]
147 1894 79 47 vii,
248 1893 87 41 330
357 1905 42 37 p.
453 1894 85 39 col.
564 1894 162 48 front.,
752 1893 142 48 illus.,
922 1903 150 37 maps.
1125 1891 56 41 26½cm.
1335 1892 228 48 (Atwood
1587 1893 275 47 geography
1889 1894 175 51 series)

147 1953 62 38 At
234 1950 126 41 head
387 1950 52 40 of
464 1950 134 40 title:
629 1950 101 39 The
756 1950 141 39 earth
927 1949 94 40 and
1049 1949 65 40 its
1140 1949 182 48 people,
1352 1949 123 41 book
1503 1950 109 39 two.

147 2008 128 39 "The
300 2009 105 38 text
429 2006 226 45 covering
679 2006 82 40 the
786 2006 177 40 United
992 2006 163 41 States
1180 2006 95 39 and
1301 2006 80 40 the
1406 2005 139 42 other
1570 2005 246 42 countries
1842 2007 50 38 of
1916 2008 156 39 North

78 2062 1997 47 America is from ‘The Americas’ … a special section on New York state
77 2121 89 41 has
195 2121 116 40 been
341 2119 278 50 prepared.”

149 2179 66 38 "A
243 2177 84 41 list
356 2177 51 40 of
434 2176 147 41 books
612 2176 77 38 for
720 2175 189 41 outside
942 2174 228 48 reading”:
1231 2187 42 35 p.
1304 2174 97 42 313.

77 2244 53 54 ©
170 2248 99 41 Oct.
311 2247 40 49 7,
392 2246 139 48 1936;
574 2247 67 41 2c.
684 2248 112 40 Dec.
836 2246 53 41 4:
930 2246 83 41 aff.
1055 2246 110 40 Dec.
1209 2246 51 46 7;
1304 2246 39 40 A
1384 2245 199 49 101169;
1630 2248 70 41 W.
1742 2248 71 40 W.
1854 2248 218 48 Atwood,

147 2306 285 46 Worcester,
474 2305 93 38 and
612 2304 155 40 Helen
809 2304 122 40 Goss
970 2304 225 47 Thomas,
1239 2303 200 50 Waban,
1486 2305 146 39 Mass.
1708 2304 280 49 [Copyright
2032 2305 42 39 is

147 2362 203 39 claimed
381 2371 61 29 on
475 2371 141 36 many
648 2360 309 50 corrections]

76 2465 210 62 Ayres,
314 2464 173 64 Ruby
512 2463 268 65 Mildred,
812 2469 167 50 1883-

149 2539 318 68 Somebody
504 2540 109 53 else
658 2539 90 69 [by
754 2573 13 34 3
810 2539 169 68 Ruby
1016 2539 79 53 M.
1133 2539 201 68 Ayres.
1410 2539 231 55 Garden
1682 2540 152 68 City,
1875 2541 66 52 X.
1988 2541 49 51 Y.,

81 2617 350 67 Doubleday,
458 2617 198 53 Doran
684 2619 45 50 &
758 2635 297 49 company,
1085 2617 125 67 inc.,
1240 2620 149 50 1936.

145 2690 521 49 4 p. l., 263 p. 20 cm .
147 2747 163 40 “First
341 2745 226 42 edition.”

77 2812 53 53 ©
156 2817 116 39 Nov.
301 2815 70 48 20,
399 2816 141 47 1936;
569 2815 67 42 2c.
668 2816 94 39 and
789 2816 82 40 aff.
902 2817 111 39 Dec.
1042 2815 26 38 4;
1128 2817 41 38 A
1198 2815 199 48 101071;
1429 2816 139 48 Ruby
1598 2819 61 37 M.
1691 2818 154 46 Ayres
1874 2819 198 46 Pocock,

148 2871 299 51 Weybridge,
473 2873 193 47 Surrey,
693 2872 233 48 England.
991 2871 281 52 (36-34396)

76 2976 211 65 Bacon,
314 2976 286 63 Leonard,
630 2978 172 54 1887-

145 3054 220 66 Rhyme
398 3054 111 52 and
540 3054 384 66 punishment,
952 3055 77 66 by
1061 3054 261 53 Leonard
1356 3058 219 63 Bacon;
1612 3056 354 53 decorations
2001 3058 70 66 by

77 3130 1995 146 Charles Child … New York, Farrar & Rinehart, incorporated [c1936]
144 3281 83 48 xii,
255 3280 98 49 143,
384 3282 55 49 [1]
468 3292 43 38 p.
566 3281 129 42 illus.
749 3281 56 40 22
810 3284 43 21 cm
857 3314 10 8 .

78 3346 1996 56 © Nov. 20, 1936; 2c. Nov. 23; aff. Nov. 21: A 99945; L. Bacon, Ponce
151 3407 133 47 Dale,
313 3407 53 41 R.
396 3409 35 38 I.
498 3408 280 49 (36-34369)

78 3508 210 66 Baehr,
314 3510 201 65 Harry
538 3511 273 67 William,
841 3516 170 53 1907-

148 3585 119 55 The
309 3586 137 53 New
486 3588 163 52 York
688 3590 226 53 tribune
953 3590 149 55 since
1141 3591 94 53 the
1277 3590 132 55 civil
1455 3611 134 49 war,
1629 3593 74 67 by
1743 3594 199 66 Harry
1984 3596 88 52 W.

81 3663 1992 73 Baehr, jr.; with a foreword b.y Royal Cortissoz … New York,
78 3739 187 68 Dodd,
293 3740 170 54 Mead
492 3744 45 50 &
565 3761 297 51 company,
894 3748 149 50 1936.

148 3812 102 44 xiii,
278 3813 88 41 420
392 3824 42 38 p.
492 3815 162 46 front.,
684 3817 155 47 plates.
883 3820 148 46 ports.
1088 3818 55 39 22
1147 3821 43 21 cm
1196 3851 8 8 .

150 3869 150 41 “Note
331 3879 60 30 on
421 3871 221 40 sources”:
707 3884 41 36 p.
780 3872 216 41 397-401.

80 3931 52 53 ©
165 3937 117 40 Nov.
323 3936 64 44 18.
425 3938 140 46 1936;
605 3939 67 41 2c.
711 3941 117 41 Nov.
864 3941 81 42 23;
986 3943 81 40 aff.
1106 3944 117 41 Nov.
1259 3943 83 48 20;
1383 3945 36 39 A
1457 3944 171 49 99957;
1668 3946 152 41 Dodd.
1860 3947 141 39 Mead
2039 3947 36 39 &

149 4003 79 32 on.,
254 3993 87 42 inc.
407 3995 280 48 (36-34595)
