2519 4377
0 0 0 0 2021
147 411 224 62 Perret,
400 409 273 63 Jacques.

278 480 1337 71 … Roucou, roman. Paris, Gallimard [1936]
218 553 768 55 2 p. l.. [7]-317 p.. 1 l. 18 ½ cm .
150 607 1861 61 © Oct. l. 1936: 1c. Dec. 7: A- Foreign 33796; Librairie Gallimard.
230 670 250 49 (37-1258)

151 754 265 60 Poulsen,
449 752 300 53 Frederik.

150 825 1974 152 Fra stille aftener. af Frederik Poulsen. K ø benhavn, Gyldendal, 1936.
222 983 25 36 1
281 991 42 31 v.

152 1030 1997 61 © Mar. 7, 1936; 1c. Oct. 22: A- Foreign 33258; Gyldendalske bogliandel,
222 1093 213 42 Nordisk
459 1093 173 45 forlag.

152 1175 318 64 Poydenot,
499 1175 223 63 Henry.

282 1248 1724 74 … La prière au bout du wharf … Paris, Plon [1936]
223 1323 651 52 4 p. l., 243 p., 1 l. 19 cm .
221 1383 65 40 At
315 1382 124 39 head
467 1381 52 40 of
546 1381 110 40 title
673 1391 11 29 :
715 1379 154 41 Henri
901 1381 261 47 Poydenot.

153 1433 1772 59 © July 23, 1936: 1c. Dec. 3; A-Foreign 33670; Librairie Plon.
237 1495 251 49 (37-1254)

153 1576 364 66 Preininger,
545 1578 325 64 Margaret.

222 1654 284 69 Japanese
547 1654 190 53 flower
778 1661 399 60 arrangement
1219 1653 93 54 for
1353 1655 234 53 modern
1631 1655 209 70 homes,
1883 1657 73 68 by
151 1655 1980 152 Margaret
377 1733 357 68 Preininger.
836 1733 234 66 Boston,
1136 1732 195 67 Little,
1398 1734 230 67 Brown,
1696 1735 113 54 and
1876 1754 280 52 company

155 1846 12 33 [
172 1820 17 20 c
196 1814 150 66 1936]

225 1886 112 51 [131]
370 1896 43 38 p.
444 1885 109 40 incl.
582 1884 145 48 illus.,
758 1884 186 41 facsim.
1004 1883 53 40 31
1063 1885 44 22 cm
1111 1915 8 8 .

155 1938 53 54 ©
231 1944 110 38 Dec.
427 1940 140 42 l.1936:
593 1941 66 37 2c.
685 1940 94 40 and
802 1940 80 40 aff.
908 1941 111 39 Dec.
1043 1938 25 39 2;
1122 1941 39 37 A
1184 1938 172 42 101064;
1410 1942 61 39 M.
1495 1940 300 51 Preininger,
1819 1943 93 40 Los
1936 1945 221 42 Angeles.

238 1998 250 49 (37-1077)

155 2072 318 63 Radziwill,
502 2072 186 53 Marie
720 2071 299 53 Dorothea
1052 2072 307 53 Elisabeth
1391 2073 100 64 (de
1523 2075 362 65 Castellane)
1923 2080 234 64 fiirstin.

228 2154 321 50 1840-1915.

157 2224 1976 152 … Briefe vom deutschen kaiserhof, 1889-1915. Mit 31 abbildungen.
563 2304 709 69 Berlin, Olstein [ c 1936]
228 2375 1161 56 376, [1] p., 1 l. front., plates, ports. 22 cm .
231 2438 63 39 At
322 2436 126 39 head
476 2435 54 38 of
556 2435 136 40 title:
725 2433 202 41 Fiirstin
956 2434 160 39 Marie
1142 2433 274 41 Radziwill.

229 2493 240 45 Abridged
495 2493 94 38 and
615 2490 274 43 translated
914 2491 62 46 by
1002 2491 119 39 Paul
1147 2491 210 48 Wiegler
1383 2491 124 39 from
1538 2493 191 41 Lettres
1757 2494 59 41 de
1842 2497 42 38 la
1912 2499 250 47 princesse

160 2548 252 43 Radziwill
445 2559 61 29 au
536 2546 194 47 général
762 2548 58 39 de
849 2547 244 41 Robilant.
1125 2545 274 43 1889-1914.
1468 2549 254 49 (Bologna,
1752 2551 217 45 1933-34.
2028 2556 27 38 4
2086 2559 66 46 v.)

159 2601 1752 60 © Sept. 10, 1936 : 1c. Dec. 3; A- Foreign 33503; Ullstein, a.-g.
240 2662 251 50 (37-2983)

160 2740 176 63 Read,
366 2739 256 53 Herbert
654 2737 272 63 Edward,
957 2742 172 50 1893-
1340 2739 84 54 ed.

234 2814 370 66 Surrealism;
643 2812 189 55 edited
869 2814 140 52 with
1044 2832 71 34 an
1150 2813 390 55 introduction
1576 2816 75 68 by
1685 2818 249 55 Herbert
1970 2823 188 67 Read;

164 2891 412 58 contributions
626 2893 75 67 by
749 2892 198 53 André
995 2892 233 66 Breton,
1276 2892 181 70 Hugh
1509 2893 180 69 Sykes
1737 2897 229 69 Davies,
2014 2904 146 53 Paul

163 2961 240 77 Éluard,
438 2970 249 68 Georges
725 2971 253 67 Hugnet.
1050 2970 258 67 London,
1346 2972 186 54 Faber
1568 2975 113 52 and
1716 2976 185 54 Faber
1939 2980 224 55 limited

167 3052 173 66 [1936]

233 3119 991 54 2 p. l. , 7-251 p. 96 pl. on 48 l. 21 cm .
164 3172 1997 67 © 1c. Dec. 27. 1936; A ad int. 22280; pubd. Nov. 5; Herbert Read,
238 3236 210 40 London.
509 3233 251 49 (37-1497)

162 3311 121 53 The
308 3308 595 57 Reconstructionist.

232 3388 121 53 The
379 3386 216 54 Jewish
622 3383 546 56 Reconstructionist
1200 3403 222 51 papers,
1448 3388 187 55 edited
1663 3391 74 67 by
1763 3393 290 58 Mordecai
2083 3399 77 52 M.

163 3465 251 69 Kaplan.
509 3464 107 52 [vol.
654 3467 48 62 1]
834 3480 80 36 New
953 3463 179 68 York,
1168 3464 336 55 Behrman’s
1537 3468 216 54 Jewish
1791 3473 145 52 book
1973 3476 190 58 house,

167 3547 147 52 1936.

238 3617 101 44 xiii,
367 3615 86 40 269
482 3626 43 36 p.
581 3613 116 39 24cm.

236 3673 128 39 “The
400 3671 180 41 editors
617 3670 50 41 of
705 3670 79 41 the
819 3669 468 43 Reconstructionist
1323 3672 124 40 have
1483 3675 195 41 decided
1718 3680 47 38 to
1804 3681 192 46 publish
2036 3685 122 40 from

168 3728 113 42 time
315 3731 48 38 to
394 3729 117 39 time
542 3727 47 39 in
622 3727 121 39 book
777 3727 126 38 form
937 3726 136 41 those
1103 3727 52 40 of
1187 3727 63 40 its
1282 3728 196 42 articles
1513 3732 93 39 and
1641 3733 222 42 editorial
1900 3744 262 37 comments

167 3782 155 44 which
351 3784 48 40 in
427 3784 125 41 their
581 3782 192 50 opinion
804 3793 84 30 are
915 3783 105 41 best
1049 3783 269 42 calculated
1349 3787 48 38 to
1425 3786 142 41 make
1593 3787 129 42 clear
1750 3790 81 42 the
1860 3795 224 50 meaning
2112 3800 52 39 of

168 3838 470 43 reconstructionism
675 3839 94 40 and
804 3842 47 37 to
884 3838 212 41 indicate
1129 3839 62 41 its
1224 3838 189 51 specific
1446 3843 294 47 application
1775 3849 47 39 to
1857 3849 183 42 Jewish
2076 3854 87 41 life

168 3896 91 40 and
295 3894 438 48 thought.”—Pref.

170 3947 1994 60 © Sept. 15, 1936: 2c. and aff. Dec. 28; A 101514; Behrman’s Jewish book
234 4009 163 40 house.
457 4006 223 49 (37-962)
