2519 4377
1075 4085 98 52 373

125 436 375 65 Mississippi.
574 438 277 63 Supreme
880 439 173 49 court.

198 510 1922 70 Cases argued and decided … at the March term, 1935, and
128 592 329 66 September
481 596 160 49 term,
669 594 148 49 1935.
877 610 50 32 v.
955 589 114 53 173.
1146 590 287 65 Reported
1457 589 73 66 by
1555 589 173 52 Louis
1751 589 78 51 M.
1857 587 261 67 Jiggitts.

128 668 316 66 Columbia,
475 670 133 60 Mo.,
642 670 67 50 E.
740 670 88 53 W.
867 667 277 66 Stephens
1175 666 335 67 publishing
1541 685 97 47 co.,
1672 668 149 50 1936.

196 742 83 48 xii,
310 741 118 39 1012
451 752 42 36 p.
550 740 59 41 23
608 743 43 20 cm
658 772 8 7 .

127 780 1995 67 © Mar. 6, 1936; 2c. Mar. 9; aff. Mar. 21; A 93278; Central states book
196 865 81 36 co.,
305 854 263 44 Columbia,
597 854 92 39 Mo.

125 954 296 54 Missouri.
495 956 278 66 Supreme
803 959 174 48 court.

197 1030 1925 70 Reports of cases determined … between November 16, 1934,
127 1111 112 54 and
262 1112 151 53 June
436 1114 83 61 26,
547 1115 149 48 1935.
769 1110 156 54 John
950 1111 222 50 Turner
1196 1109 209 65 White,
1429 1115 256 60 reporter.
1760 1125 50 35 v.
1837 1111 116 49 336.
126 1108 1971 137 Columbia,
385 1190 133 62 Mo.,
545 1189 65 51 E.
639 1189 89 52 W.
761 1187 277 66 Stephens
1065 1186 335 66 publishing
1425 1205 96 46 co.,
1553 1189 148 50 1936.

197 1271 80 37 xx,
305 1260 127 47 1361,
459 1271 66 28 xx
552 1270 43 37 p.
652 1259 56 39 24
711 1262 14 20 cm
760 1289 7 8 .

128 1313 52 53 ©
210 1317 110 41 Feb.
349 1317 39 47 5,
419 1316 139 47 1936;
589 1316 67 40 2c.
689 1316 110 40 Feb.
830 1317 52 45 8;
915 1315 83 40 aff.
1026 1316 121 39 Mar.
1177 1316 81 45 18;
1292 1315 40 39 A
1361 1314 171 48 92404;
1568 1316 134 46 Eppa
1735 1313 185 49 Elliott,
200 1314 1907 100 Jefferson
320 1373 125 48 City,
477 1374 92 41 Mo.

126 1473 281 65 Mitchell,
435 1475 251 64 Ulysses
713 1474 206 64 Grant,
952 1475 170 55 1872-

196 1551 1923 70 Algebra; a way of thinking, by U. G. Mitchell … and Helen
126 1630 1992 67 M. Walker. New York, Harcourt, Brace and company [ c 1936]
199 1703 96 48 xvi,
324 1702 88 41 400
441 1714 43 37 p.
544 1703 143 47 illus.,
718 1704 177 47 diagrs.
957 1702 57 40 20½
1044 1704 44 22 cm
1094 1733 9 10 .

200 1760 230 40 “Answer
460 1759 149 49 key”:
640 1771 44 37 p.
711 1759 218 43 378-394.

128 1814 52 52 ©
212 1819 122 40 Mar.
366 1816 68 49 19,
467 1816 140 48 1936;
640 1817 68 40 2c.
740 1818 120 39 Mar.
890 1816 82 46 26;
1007 1816 82 41 aff.
1123 1818 121 39 Mar.
1276 1818 83 45 27;
1394 1816 40 39 A
1468 1816 170 47 92558;
1673 1817 261 43 Harcourt,
1972 1818 153 39 Brace

198 1875 36 40 &
269 1886 81 36 co.,
386 1874 90 40 inc.
550 1874 251 48 (36-8404)

127 1977 289 63 Navarre,
445 1977 235 55 Claude.

127 2050 1995 149 … L’ame volée, roman. Paris, Librairie des Champs-Élysées [1935]
196 2203 774 50 2 p. l., [7]-251 p., 1 l. 18½ cm .
130 2259 1995 53 © Nov. 20, 1935; 1c. Feb. 17, 1936; A-Foreign 30566; Librairie des
199 2328 441 48 Champs-Élysées.
718 2327 251 49 (36-8374)

127 2428 145 52 New
297 2429 161 52 York
492 2432 216 64 (State)
795 2430 178 52 Court
1002 2431 62 65 of
1089 2429 249 67 appeals.

198 2506 1926 68 Reports of cases decided … from and including decisions of
128 2585 140 64 May
301 2587 84 63 28,
422 2588 150 63 1935,
606 2589 58 48 to
701 2584 274 55 decisions
1010 2585 63 53 of
1109 2585 317 52 November
1466 2588 80 63 19,
1585 2588 151 62 1935,
1773 2586 139 51 with
1950 2591 175 61 notes,

123 2661 312 54 references
457 2664 111 50 and
591 2662 187 53 index.
854 2663 172 53 Louis
1049 2665 55 53 J.
1128 2663 341 63 Rezzemini,
1492 2667 143 49 state
1658 2669 271 61 reporter.
129 2665 1971 128 Volume
278 2742 116 50 268.
453 2741 248 65 Albany,
726 2743 55 52 J.
809 2743 65 50 B.
901 2742 161 65 Lyon
1088 2759 296 48 company,
1413 2745 148 49 1935.

202 2813 96 46 xlv,
327 2812 84 40 890
439 2824 41 36 p.
538 2813 54 40 23½
626 2816 44 20 cm
676 2845 8 8 .

131 2864 52 54 ©
214 2869 109 40 Feb.
354 2868 69 48 19,
451 2868 139 47 1936;
624 2870 68 40 2c.
725 2870 109 40 Feb.
866 2869 82 47 28;
982 2869 82 41 aff.
1098 2869 110 41 Feb.
1239 2869 82 47 21;
1356 2870 40 39 A
1428 2868 170 48 92007;
1634 2869 210 41 Edward
1877 2870 43 42 J.
1954 2870 170 49 Flynn,

201 2928 246 46 secretary
481 2927 54 38 of
566 2928 83 39 the
684 2929 126 38 state
847 2927 50 39 of
932 2928 118 38 New
1084 2927 144 47 York,
1264 2926 50 40 in
1350 2929 128 38 trust
1513 2927 79 40 for
1630 2927 81 40 the
1746 2926 177 41 benefit
1957 2927 53 39 of
2045 2927 82 41 the

201 2984 169 47 people
399 2983 51 39 of
483 2984 80 39 the
597 2986 142 45 state,
773 2983 202 48 Albany.

130 3071 258 65 Nichols,
417 3072 304 64 Beverley.

199 3148 1401 68 The fool hath said … [4th-5th instalments]
210 3219 77 48 (In
319 3218 317 43 Nash’s-Pall
669 3219 116 41 mall
817 3218 275 52 magazine,
1121 3218 300 53 Mar.-Apr.,
1454 3219 143 51 1936)

132 3273 1990 54 © 1c. each Apr. 10, 1936; A ad int. 21308; pubd. Feb. 18, Mar. 17;
201 3334 54 40 B.
279 3333 210 48 Nichols,
514 3335 211 40 London.

132 3421 166 54 Ohio.
375 3424 219 53 Courts.

202 3498 148 57 Ohio
381 3500 278 68 opinions.
736 3503 244 66 Reports
1011 3504 62 52 of
1106 3521 149 35 cases
1289 3503 213 67 argued
1535 3503 111 53 and
1680 3503 350 53 determined
2063 3504 59 52 in

133 3578 93 52 the
257 3578 272 66 Supreme
556 3586 158 46 court
743 3580 62 51 of
835 3579 167 66 Ohio,
1030 3581 96 52 the
1156 3581 205 54 Courts
1390 3581 63 53 of
1483 3583 231 64 appeals
1741 3581 63 52 of
1834 3581 168 64 Ohio,
2030 3582 96 51 the

133 3654 108 54 nisi
278 3656 159 66 prius
473 3664 188 46 courts
696 3658 61 51 of
797 3657 149 54 Ohio
983 3659 111 51 and
1131 3658 238 53 selected
1405 3677 148 34 cases
1590 3658 237 67 bearing
1864 3679 71 33 on
1975 3659 149 53 Ohio

134 3732 135 66 law;
311 3733 139 51 with
491 3735 360 53 annotations
887 3740 57 47 to
983 3734 77 53 all
1096 3737 203 51 earlier
1338 3754 148 34 cases
1522 3736 61 51 in
1622 3735 162 68 point
1823 3736 59 52 in
1921 3736 202 67 Page’s

135 3808 147 55 Ohio
319 3811 200 65 digest,
555 3811 270 54 Lifetime
860 3812 231 53 edition.
1165 3813 241 53 Volume
1440 3819 48 47 4.
1524 3814 333 66 November,
1895 3818 133 48 1935
2065 3819 58 47 to

134 3886 310 67 February,
474 3891 148 49 1936.
700 3888 343 66 Cincinnati,
1070 3891 120 52 The
1219 3890 149 54 Ohio
1393 3891 110 51 law
1531 3896 255 62 reporter
1813 3909 306 49 company;

137 3964 343 66 Cincinnati,
513 3966 119 51 The
666 3968 88 51 W.
790 3968 76 51 H.
902 3967 301 53 Anderson
1238 3986 238 49 company
1629 3973 117 62 [1936]
