2519 4377
0 0 0 0 1036
366 449 429 66 Shakespeare,
825 448 275 67 William,
1132 455 328 50 1564-1616.

371 538 1987 148 … Twelfth night; or, What you will, by William Shakespeare.
662 616 1723 69 New ed. Edited by Clarence Stratton … Boston,
372 695 138 53 New
545 696 163 52 York
872 728 12 34 [etc.]
924 695 322 68 Houghton
1281 693 206 55 Mifflin
1521 713 280 51 company
2025 729 12 34 [c1936]

440 767 80 48 vii,
559 767 71 49 [1],
667 767 98 47 103,
804 767 56 49 [1]
896 778 42 37 p.
1000 767 56 40 18
1059 769 44 21 cm
1108 800 9 7 .
1188 767 127 47 (The
1349 768 257 41 Riverside
1640 769 261 40 literature
1934 769 176 48 series)

369 836 52 52 ©
456 840 117 47 July
606 841 71 48 27,
714 840 141 47 1936;
893 839 67 42 2c.
998 840 96 39 and
1130 840 81 41 aff.
1252 840 115 47 July
1402 841 83 46 31;
1523 841 44 39 A
1599 839 172 49 96698;
1809 841 266 48 Houghton
2112 840 169 40 Mifflin
2317 850 69 30 co.

441 896 280 50 [Copyright
755 898 43 39 is
829 896 206 41 claimed
1069 908 61 29 on
1161 897 228 40 editorial
1423 897 293 50 equipment]
1791 898 283 48 (36-17374)

367 1002 370 64 Slaymaker,
766 1002 193 65 Philip
988 1003 232 65 Kuhns,
1252 1004 170 54 1877-

439 1094 1944 68 Elementary mechanism, by Philip K. Slaymaker … New
372 1173 178 66 York,
576 1175 72 52 D.
676 1174 131 54 Van
832 1173 293 54 Nostrand
1153 1191 298 49 company,
1479 1175 126 65 inc.,
1632 1176 150 51 1936.

442 1246 952 50 vi p., 1 l., 181 p. illus., diagrs. 23½cm.
370 1314 52 52 ©
455 1318 126 39 June
614 1317 69 49 10,
717 1317 141 47 1936;
890 1317 67 40 2c.
992 1317 116 47 July
1142 1317 51 48 6;
1230 1317 83 41 aff.
1348 1318 127 39 June
1507 1317 82 47 13;
1626 1318 43 41 A
1698 1316 171 47 95926;
1906 1318 57 39 D.
1998 1318 107 39 Van
2137 1316 249 40 Nostrand

439 1385 82 38 co.,
551 1375 91 40 inc.
712 1374 283 49 (36-17345)

373 1479 234 67 [Smith,
635 1477 309 55 Charlotte
971 1477 206 67 Helen]
1212 1483 171 50 1905-

440 1552 1949 73 Inky & Pinky, by Charims [pseud.] … New York, Grosset
369 1638 45 50 &
441 1636 259 67 Dunlap,
726 1632 127 70 inc.]
888 1641 18 22 c
912 1637 152 51 1936.

446 1710 82 49 [28]
564 1721 43 37 p.
670 1709 130 40 illus.
829 1709 136 48 (part
997 1709 114 46 col.)
1178 1708 56 41 20½
1283 1720 31 28 x
1332 1708 56 40 20
1390 1710 46 21 cm
1441 1740 8 8 .

444 1767 292 39 Illustrated
776 1768 98 46 t.-p.

370 1833 52 52 ©
454 1837 120 45 Aug.
609 1838 38 46 1,
684 1836 142 48 1936;
862 1836 66 41 2c.
966 1836 94 39 and
1098 1835 80 40 aff.
1214 1837 120 46 Aug.
1367 1836 53 47 5;
1458 1837 41 39 A
1530 1834 173 49 96740;
1743 1836 201 40 Grosset
1980 1837 35 39 &
2049 1836 211 48 Dunlap,
2294 1837 93 40 inc.

448 1894 282 47 (36-17314)

367 1999 251 62 Sowers,
644 2000 139 52 Mrs.
811 1997 228 65 Phyllis
1071 1998 224 66 (Ayer)

442 2075 124 55 Our
590 2074 153 54 little
767 2074 339 69 Mongolian
1132 2077 212 65 cousin,
1369 2075 75 69 by
1468 2074 228 70 Phyllis
1721 2074 157 69 Ayer
1906 2074 222 55 Sowers;
2186 2074 140 54 with
2354 2094 28 35 a

372 2152 2011 71 foreword by Dr. Tehyi Hsieh … illustrated from photographs.
373 2234 234 65 Boston,
637 2233 64 53 L.
733 2230 62 57 C.
825 2232 157 69 Page
1011 2234 46 51 &
1084 2250 282 51 company
1587 2266 12 35 [c1936]

442 2307 1315 50 viii p., 2 l., 122 p. front., illus. (map) plates. 19½cm.
445 2365 162 40 “First
634 2364 304 47 impression,
968 2364 128 49 July,
1129 2363 157 41 1936.”

369 2431 54 53 ©
446 2435 115 47 July
585 2435 69 46 25,
680 2434 114 41 1936;
847 2436 66 38 2c.
940 2435 97 39 and
1057 2435 82 40 aff.
1164 2436 119 47 Aug.
1308 2437 26 38 3;
1388 2436 41 38 A
1452 2434 145 42 96726;
1654 2437 48 39 L,
1729 2436 49 41 C.
1804 2437 129 47 Page
1957 2437 37 40 &
2018 2446 81 39 co.,
2128 2437 90 40 inc.

449 2492 282 50 (36-17326)

368 2598 263 64 Stamey,
663 2598 202 52 Enoch
893 2597 343 65 Lafayette,
1268 2603 171 49 1860-

438 2673 1947 71 Re-echoes of faith, by Enoch L. Stamey … Nashville, Tenu.,
368 2753 348 69 Publishing
740 2753 174 53 house
938 2752 318 54 Methodist
1279 2753 314 68 Episcopal
1619 2754 231 66 church,
1878 2753 201 67 South,
2107 2757 150 49 1936.

439 2827 85 41 128
558 2839 41 37 p.
664 2827 55 40 19½cm.

440 2884 148 43 Prose
617 2885 97 41 and
744 2886 185 49 poetry.

371 2952 54 54 ©
452 2958 115 47 Apr.
595 2957 69 42 30,
698 2955 141 47 1936;
872 2955 65 40 2c.
972 2957 95 39 and
1099 2956 82 42 aff.
1215 2957 126 39 June
1373 2956 81 48 12;
1490 2958 38 37 A
1560 2955 172 49 95972;
1768 2958 52 39 E.
1853 2957 51 41 L.
1940 2957 211 48 Stamey,
441 2956 1927 106 Greensboro,
597 3015 55 40 N.
682 3016 49 38 C.
797 3014 282 49 (36-17263)

456 3116 1930 70 … Standard Pennsylvania practice. [Cumulative supplement
440 3195 1945 69 to] volumes 1-5 … 1936 supplement. Rochester, New York,
440 3275 120 52 The
592 3276 269 65 Lawyers
891 3274 383 68 co-operative
1308 3273 335 69 publishing
1675 3291 298 50 company,
2007 3275 149 52 1936.

464 3347 187 39 5 v. 22½cm.
442 3405 157 38 These
627 3404 277 47 pamphlets
936 3413 85 29 are
1051 3406 49 37 to
1131 3404 56 39 be
1218 3403 139 39 fitted
1390 3403 102 39 into
1523 3403 86 39 the
1634 3403 199 47 pockets
1865 3405 52 37 at
1948 3401 85 40 the
2064 3401 124 40 back
2220 3401 51 38 of
2302 3399 84 41 the

367 3463 217 37 volumes
612 3462 53 38 of
693 3460 83 40 the
804 3463 72 37 set
908 3463 47 37 to
984 3460 159 39 which
1173 3460 114 46 they
1316 3459 182 47 belong.

372 3528 52 55 ©
453 3533 120 48 Aug.
604 3532 68 49 10,
704 3531 141 49 1936;
877 3532 66 40 2c.
976 3532 119 39 each
1127 3532 118 45 Aug.
1278 3531 81 41 13;
1396 3530 80 41 aff.
1510 3531 118 46 Aug.
1658 3531 81 42 12;
1775 3531 35 38 A
1845 3529 172 47 96900;
2054 3530 229 44 Lawyers
442 3535 1925 103 cooperative
722 3589 110 48 pub.
863 3599 68 30 co.

368 3695 211 53 Texas.
655 3696 184 63 Laws,
867 3700 256 52 statutes,
1151 3699 100 47 etc.

444 3772 277 54 Vernon's
756 3772 307 52 annotated
1099 3770 177 54 Penal
1315 3770 134 52 code
1483 3770 63 51 of
1581 3770 94 50 the
1710 3774 145 46 state
1889 3767 62 52 of
1988 3768 211 56 Texas;
371 3765 1985 137 revision

525 3850 62 51 of
624 3854 148 52 1925,
803 3849 300 66 including
1134 3850 336 65 subsequent
1502 3847 138 52 laws
1671 3846 63 52 of
1766 3846 226 67 general
2029 3843 353 69 application

371 3929 250 65 through
651 3929 96 51 the
778 3929 200 52 second
1009 3928 181 51 called
1218 3927 205 51 session
1458 3925 61 52 of
1549 3926 94 51 the
1671 3926 129 50 44th
1836 3923 374 67 Legislature,
2242 3921 138 53 with

371 4006 290 53 historical
695 4012 156 47 notes
878 4006 110 52 and
1020 4013 155 45 notes
1204 4005 61 51 of
1292 4004 291 52 decisions.
1661 4003 153 62 Kept
1846 4010 56 44 to
1931 4003 130 51 date
2090 4001 71 66 by
