2519 4377
1258 4128 133 50 1118

299 437 274 67 Georgia.
647 437 375 66 University.

375 523 1946 74 Survey of the humanities … prepared by the humanities
303 606 268 54 faculties
609 606 65 54 of
710 607 98 54 the
843 605 322 70 university
1204 610 211 65 system
1452 606 64 53 of
1556 605 265 68 Georgia.
1901 605 260 68 [Athens,
2198 604 124 67 Ga.,

302 684 269 54 Division
606 684 66 54 of
706 683 404 71 publications,
1145 685 97 54 the
1277 683 342 70 University
1654 684 64 53 of
1754 683 269 69 Georgia,
2060 685 258 65 1935-36]

371 768 829 50 2 v. illus., diagrs. 27 × 21 cm .
372 840 338 49 Autographic
744 841 345 48 reproduction
1123 840 52 42 of
1208 842 334 48 type-written
1577 852 133 38 copy.

374 897 131 41 “The
533 898 212 41 lectures
776 899 280 48 composing
1088 899 83 41 the
1203 897 219 50 syllabus
1456 909 84 31 are
1571 898 358 42 contributions
1960 899 129 40 from
2123 898 199 43 various

303 954 273 50 professors
608 965 61 31 on
703 955 82 42 the
818 954 618 44 faculties.”—Foreword.

373 1012 382 50 Bibliography:
790 1025 44 29 v.
867 1015 41 46 1,
941 1024 44 38 p.
1019 1014 219 41 160-161.

302 1097 43 30 v.
378 1087 41 48 1,
450 1082 55 54 ©
540 1087 130 48 Sept.
703 1088 69 47 18,
806 1086 142 49 1935;
983 1087 68 40 2c.
1087 1087 97 40 and
1217 1087 83 41 aff.
1338 1088 128 48 Sept.
1500 1088 84 47 23;
1619 1098 43 29 v.
1697 1088 41 47 2,
1772 1084 53 53 ©
1861 1089 111 39 Jan.
2005 1089 40 46 4,
2079 1087 143 46 1936;
2255 1087 70 41 2c.

374 1144 112 40 Feb.
514 1145 82 46 14;
627 1145 84 40 aff.
741 1145 111 40 Feb.
883 1145 82 47 13;
994 1145 41 39 A
1063 1144 160 50 89875,
1251 1144 172 49 93050;
1456 1145 285 47 University
1767 1145 53 39 of
1847 1144 223 47 Georgia,
2100 1142 226 43 Division

373 1201 53 39 of
450 1200 346 50 publications.
862 1200 284 52 (36-17091)

302 1305 274 64 Gerould,
604 1306 237 54 Gordon
866 1306 155 64 Hall,
1049 1307 172 56 1877-
1436 1307 84 54 ed.

439 1397 1888 69 … Old English and medieval literature, selected and edited
306 1476 2019 69 by Gordon Hall Gerould … Rev. and enl. New York, T.
306 1557 214 53 Nelson
552 1557 116 53 and
698 1575 147 50 sons,
877 1559 152 53 1935.

376 1646 82 40 vii.
492 1646 71 50 [1],
596 1644 180 52 [9]-487
803 1656 43 38 p.
907 1645 59 41 19
967 1648 44 21 cm
1016 1678 9 8 .
1096 1644 247 50 (Nelson’s
1374 1645 205 48 English
1610 1646 228 48 readings.
1913 1656 42 30 v.
1989 1645 51 48 1)

379 1715 283 42 Half-title:
690 1715 223 41 Nelson’s
940 1716 203 47 English
1171 1716 179 48 series.;
1379 1717 198 48 general
1606 1715 402 43 editor—Ernest
2034 1716 293 42 Bernbaum.

378 1771 302 42 Publisher’s
716 1773 260 49 lettering:
1016 1773 101 41 The
1150 1784 108 30 new
1292 1772 223 42 Nelson’s
1552 1773 205 49 English
1797 1774 244 48 readings.
2104 1773 226 42 Beowulf

309 1832 50 39 to
384 1829 354 49 Shakespeare.

379 1887 136 41 With
544 1887 99 41 this
672 1887 41 41 is
742 1888 190 41 bound:
964 1888 227 47 Gerould,
1221 1888 54 41 G.
1302 1889 76 45 H.,
1405 1888 72 41 ed.
1535 1888 260 41 Sixteenth
1820 1890 205 48 century
2052 1888 274 43 literature.

309 1945 118 40 New
457 1944 146 48 York,
637 1943 130 43 1935.

307 2012 53 53 ©
392 2018 116 46 May
538 2017 69 49 22,
641 2015 143 49 1936;
817 2016 69 40 2c.
920 2018 131 40 June
1081 2018 53 47 1;
1169 2017 83 41 aff.
1286 2019 115 46 May
1429 2017 84 49 26;
1549 2019 41 39 A
1623 2017 172 49 96568;
1831 2019 214 41 Thomas
2076 2019 182 40 Nelson
2294 2019 38 41 &

378 2083 125 31 sons.
570 2074 285 49 (36-18213)

306 2178 1997 150 … Sixteenth century literature, selected and edited by Gordon Hall Gerould … New York, T. Nelson and sons, 1935.
379 2345 64 48 xi,
476 2345 179 41 13-533
679 2355 43 39 p.
783 2345 55 41 19
839 2348 47 21 cm
891 2378 9 8 .
970 2345 245 50 (Nelson’s
1247 2344 204 50 English
1480 2346 229 48 readings.
1784 2356 42 30 v.
1857 2345 52 48 2)

380 2416 283 42 Half-title:
690 2417 224 40 Nelson’s
940 2417 207 48 English
1173 2417 152 40 series;
1383 2418 198 48 general
1607 2418 402 40 editor—Ernest
2037 2417 294 43 Bernbaum.

379 2474 216 40 “Fourth
631 2472 234 51 printing,
903 2475 207 49 August,
1149 2474 159 41 1935.”

382 2532 134 40 With
546 2531 228 49 Gerould,
806 2532 53 41 G.
889 2533 75 47 H.,
996 2531 71 41 ed.
1129 2531 92 41 Old
1249 2530 205 49 English
1485 2531 97 40 and
1610 2531 241 40 medieval
1881 2531 274 40 literature.
2212 2530 119 42 New

307 2589 145 49 York,
490 2587 130 43 1935.

312 2656 53 53 ©
403 2661 116 46 May
553 2660 70 49 22,
663 2659 142 48 1936;
843 2659 68 42 2c.
952 2661 129 39 June
1117 2660 53 47 1;
1211 2659 83 41 aff.
1334 2660 115 46 May
1485 2659 84 47 26;
1609 2660 41 38 A
1684 2659 172 47 96568;
1898 2658 213 41 Thomas
2149 2659 182 40 Nelson

381 2717 37 41 &
443 2727 128 31 sons.
638 2716 284 51 (36-18212)

311 2821 282 65 Graham,
618 2820 259 56 William
906 2820 347 66 Creighton,
1283 2823 172 54 1887-

381 2912 242 56 Culture
654 2914 115 52 and
802 2913 348 65 conscience;
1188 2930 72 35 an
1293 2911 451 68 archaeological
1776 2911 173 68 study
1983 2910 64 53 of
2077 2911 97 52 the
2206 2927 124 37 new

312 2987 1993 227 religious past in ancient Palestine, by William Creighton Graham … and Herbert Gordon May … Chicago, Ill., The University of Chicago press [ c 1936]
386 3233 171 48 xxviii,
603 3233 89 40 356
733 3243 44 38 p.
850 3233 137 40 front.
1031 3232 160 50 (map)
1245 3232 129 41 illus.
1403 3231 135 50 (incl.
1583 3231 166 50 plans)
1830 3231 57 40 20
1888 3233 46 22 cm
1938 3262 9 9 .
2032 3230 302 50 (Half-title:

316 3292 101 39 The
454 3289 286 49 University
773 3289 53 41 of
861 3289 211 48 Chicago
1108 3289 327 48 publications
1474 3290 51 39 in
1558 3288 231 49 religious
1826 3288 274 41 education.
317 3288 1999 102 Handbooks
495 3347 52 40 of
575 3346 157 42 ethics
760 3348 96 39 and
887 3346 230 49 religion)

389 3405 141 47 Maps
560 3415 61 29 on
649 3402 366 50 lining-papers.

314 3470 54 53 ©
399 3475 117 47 July
546 3476 40 46 7,
615 3473 142 49 1936;
791 3474 68 40 2c.
892 3474 116 47 July
1040 3473 82 47 25;
1158 3473 82 41 aff.
1274 3474 116 46 July
1422 3473 82 48 24;
1539 3475 42 38 A
1612 3472 171 49 96645;
1819 3472 285 48 University
2138 3472 53 41 of
385 3471 1929 110 Chicago,
544 3531 227 49 Chicago.
836 3530 283 50 (36-18281)

317 3636 198 65 Greig,
542 3636 250 65 Maysie,
821 3640 174 51 1902-

385 3727 338 69 Workaday
764 3727 138 68 lady
966 3726 94 70 [by]
1109 3725 224 69 Maysie
1376 3723 196 72 Greig.
1652 3724 234 56 Garden
1929 3724 155 69 City,
2128 3724 70 53 N.
2243 3723 91 68 Y.,

314 3806 360 68 Doubleday,
707 3806 201 53 Doran
939 3806 116 53 and
1087 3823 99 50 co.,
1218 3805 127 68 inc.,
1381 3808 151 50 1936.

385 3882 27 38 4
439 3892 44 37 p.
545 3913 8 17 l.,
581 3880 90 42 278
694 3891 45 37 p.
793 3880 26 39 20
853 3883 44 21 cm
902 3913 9 9 .

388 3938 165 39 “First
580 3935 229 43 edition.”

323 4004 56 53 ©
414 4008 120 48 Aug.
573 4008 70 48 21,
685 4007 141 48 1936;
867 4007 66 40 2c.
977 4007 95 40 and
1114 4007 80 39 aff.
1236 4007 118 46 Aug.
1394 4007 83 48 25;
1520 4008 39 38 A
1598 4006 171 48 98116;
1814 4007 62 39 M.
1919 4004 159 51 Greig,
2121 4004 212 40 London.

402 4065 282 43 (36-18263)
