<alto xmlns="http://www.loc.gov/standards/alto/ns-v3#" xmlns:xsi="http://www.w3.org/2001/XMLSchema-instance" xsi:schemaLocation="http://www.loc.gov/standards/alto/ns-v3# http://www.loc.gov/alto/v3/alto-3-0.xsd"><Description>
<MeasurementUnit>pixel</MeasurementUnit>
<sourceImageInformation>
<fileName>1936_v33_Part1.pdf</fileName>
</sourceImageInformation>
<OCRProcessing ID="IdOcr">
<ocrProcessingStep>
<processingDateTime>2019-01-18</processingDateTime>
<processingSoftware>
<softwareCreator>ABBYY</softwareCreator>
<softwareName>ABBYY Recognition Server</softwareName>
<softwareVersion>4.0</softwareVersion>
</processingSoftware>
</ocrProcessingStep>
</OCRProcessing>
</Description>
<Styles>
<ParagraphStyle ALIGN="Left" FIRSTLINE="0." ID="StyleId-FFFFFFFF-FFFF-FFFF-FFFF-FFFFFFFFFFFF-" LEFT="0." RIGHT="0." />
<ParagraphStyle ALIGN="Left" FIRSTLINE="0." ID="StyleId-51D50FAC-7A90-4D70-8A96-5EA9D46D1C8B-" LEFT="0." LINESPACE="7.699999809" RIGHT="0." />
<ParagraphStyle ALIGN="Block" FIRSTLINE="-17." ID="StyleId-6BC133E9-7DCB-43C3-8842-A67984A26405-" LEFT="0." LINESPACE="8.340000153" RIGHT="0." />
<ParagraphStyle ALIGN="Left" FIRSTLINE="-13." ID="StyleId-3C3FF860-43E7-46A2-8934-48F305F6F0D6-" LEFT="0." LINESPACE="11.06999969" RIGHT="0." />
<ParagraphStyle ALIGN="Block" FIRSTLINE="-13." ID="StyleId-19220C76-4F8A-4737-B38C-B5F5C17E6040-" LEFT="0." LINESPACE="11.06999969" RIGHT="0." />
<ParagraphStyle ALIGN="Left" FIRSTLINE="0." ID="StyleId-75A0D721-13ED-4F20-9002-B389EC48477D-" LEFT="0." LINESPACE="15.5" RIGHT="0." />
<ParagraphStyle ALIGN="Left" FIRSTLINE="0." ID="StyleId-8A414184-C7A5-4AC7-9B88-7DA4DDE75922-" LEFT="0." LINESPACE="9.399999619" RIGHT="0." />
<ParagraphStyle ALIGN="Left" FIRSTLINE="0." ID="StyleId-1A87970B-111C-4169-99A6-9412976F3C97-" LEFT="0." LINESPACE="10.5" RIGHT="0." />
<ParagraphStyle ALIGN="Block" FIRSTLINE="-17." ID="StyleId-72DB0571-5AE4-41FD-9E11-68C6AC4C437E-" LEFT="0." LINESPACE="8.340000153" RIGHT="0." />
<ParagraphStyle ALIGN="Center" FIRSTLINE="0." ID="StyleId-1AA43056-C388-4697-B10F-72FDAA38FAE1-" LEFT="0." LINESPACE="10.5" RIGHT="0." />
</Styles>
<Layout>
<Page HEIGHT="4377" ID="Page1279" PHYSICAL_IMG_NR="1279" WIDTH="2519">
<TopMargin HEIGHT="482" HPOS="0" VPOS="0" WIDTH="2519">
</TopMargin>
<LeftMargin HEIGHT="3720" HPOS="0" VPOS="482" WIDTH="88">
</LeftMargin>
<RightMargin HEIGHT="3720" HPOS="2112" VPOS="482" WIDTH="407">
</RightMargin>
<BottomMargin HEIGHT="175" HPOS="0" VPOS="4202" WIDTH="2519">
</BottomMargin>
<PrintSpace HEIGHT="3720" HPOS="88" VPOS="482" WIDTH="2024">
<TextBlock HEIGHT="74" HPOS="1020" ID="Page1279_Block1" LANG="en-US" STYLEREFS="StyleId-657D4A0E-8D4F-44F8-9D88-753D137F41C8-" VPOS="4128" WIDTH="152">
<TextLine HEIGHT="53" HPOS="1031" VPOS="4138" WIDTH="131">
<String CONTENT="1279" HEIGHT="53" HPOS="1031" VPOS="4138" WIDTH="131" />
</TextLine>
</TextBlock>
<TextBlock CS="1" HEIGHT="3652" HPOS="88" ID="Page1279_Block2" LANG="en-US" STYLEREFS="StyleId-146B269A-4641-4649-A5C8-7095EF85C5B8-" VPOS="482" WIDTH="2024">
<TextLine CS="1" HEIGHT="53" HPOS="171" VPOS="576" WIDTH="1154">
<String CONTENT="ix," HEIGHT="45" HPOS="171" VPOS="582" WIDTH="63" />
<SP HEIGHT="45" HPOS="235" VPOS="582" WIDTH="28" />
<String CONTENT="580" HEIGHT="40" HPOS="264" VPOS="581" WIDTH="85" />
<SP HEIGHT="48" HPOS="350" VPOS="581" WIDTH="24" />
<String CONTENT="p." HEIGHT="38" HPOS="375" VPOS="591" WIDTH="42" />
<SP HEIGHT="40" HPOS="418" VPOS="579" WIDTH="58" />
<String CONTENT="illus." HEIGHT="40" HPOS="477" VPOS="579" WIDTH="125" />
<SP HEIGHT="47" HPOS="603" VPOS="578" WIDTH="28" />
<String CONTENT="(part" HEIGHT="49" HPOS="632" VPOS="578" WIDTH="134" />
<SP HEIGHT="38" HPOS="767" VPOS="581" WIDTH="27" />
<String CONTENT="col.)" HEIGHT="48" HPOS="795" VPOS="578" WIDTH="112" />
<SP HEIGHT="48" HPOS="908" VPOS="578" WIDTH="36" />
<String CONTENT="diagrs." HEIGHT="49" HPOS="945" VPOS="577" WIDTH="175" />
<SP HEIGHT="39" HPOS="1121" VPOS="577" WIDTH="59" />
<String CONTENT="23&#189;" CS="1" HEIGHT="41" HPOS="1181" VPOS="576" WIDTH="56" />
<String CONTENT="cm" HEIGHT="22" HPOS="1269" STYLE="superscript" VPOS="579" WIDTH="43" />
<String CONTENT="." HEIGHT="7" HPOS="1317" VPOS="608" WIDTH="8" />
</TextLine>
<TextLine HEIGHT="50" HPOS="173" VPOS="633" WIDTH="846">
<String CONTENT="&#8220;References" HEIGHT="40" HPOS="173" VPOS="637" WIDTH="315" />
<SP HEIGHT="31" HPOS="489" VPOS="645" WIDTH="25" />
<String CONTENT="cited&#8221;:" HEIGHT="42" HPOS="515" VPOS="634" WIDTH="184" />
<SP HEIGHT="37" HPOS="700" VPOS="646" WIDTH="31" />
<String CONTENT="p." HEIGHT="37" HPOS="732" VPOS="646" WIDTH="41" />
<SP HEIGHT="40" HPOS="774" VPOS="634" WIDTH="30" />
<String CONTENT="557-566." HEIGHT="41" HPOS="805" VPOS="633" WIDTH="214" />
</TextLine>
<TextLine HEIGHT="56" HPOS="102" VPOS="700" WIDTH="1995">
<String CONTENT="&#169;" HEIGHT="53" HPOS="102" VPOS="703" WIDTH="52" />
<SP HEIGHT="53" HPOS="155" VPOS="703" WIDTH="27" />
<String CONTENT="July" HEIGHT="47" HPOS="183" VPOS="707" WIDTH="114" />
<SP HEIGHT="47" HPOS="298" VPOS="707" WIDTH="26" />
<String CONTENT="16," HEIGHT="46" HPOS="325" VPOS="707" WIDTH="69" />
<SP HEIGHT="46" HPOS="395" VPOS="707" WIDTH="27" />
<String CONTENT="1936;" HEIGHT="46" HPOS="423" VPOS="705" WIDTH="140" />
<SP HEIGHT="46" HPOS="564" VPOS="705" WIDTH="29" />
<String CONTENT="2c." HEIGHT="40" HPOS="594" VPOS="705" WIDTH="68" />
<SP HEIGHT="40" HPOS="663" VPOS="705" WIDTH="27" />
<String CONTENT="July" HEIGHT="47" HPOS="691" VPOS="704" WIDTH="115" />
<SP HEIGHT="47" HPOS="807" VPOS="704" WIDTH="28" />
<String CONTENT="17;" HEIGHT="47" HPOS="836" VPOS="704" WIDTH="81" />
<SP HEIGHT="38" HPOS="918" VPOS="713" WIDTH="30" />
<String CONTENT="aff." HEIGHT="40" HPOS="949" VPOS="703" WIDTH="81" />
<SP HEIGHT="40" HPOS="1031" VPOS="703" WIDTH="28" />
<String CONTENT="Aug." HEIGHT="47" HPOS="1060" VPOS="703" WIDTH="119" />
<SP HEIGHT="39" HPOS="1180" VPOS="703" WIDTH="30" />
<String CONTENT="12;" HEIGHT="47" HPOS="1211" VPOS="702" WIDTH="82" />
<SP HEIGHT="46" HPOS="1294" VPOS="703" WIDTH="29" />
<String CONTENT="A" HEIGHT="38" HPOS="1324" VPOS="703" WIDTH="41" />
<SP HEIGHT="40" HPOS="1366" VPOS="702" WIDTH="26" />
<String CONTENT="98247;" HEIGHT="47" HPOS="1393" VPOS="702" WIDTH="171" />
<SP HEIGHT="47" HPOS="1565" VPOS="702" WIDTH="31" />
<String CONTENT="P." HEIGHT="40" HPOS="1597" VPOS="702" WIDTH="51" />
<SP HEIGHT="40" HPOS="1649" VPOS="702" WIDTH="29" />
<String CONTENT="Blakiston&#8217;s" HEIGHT="40" HPOS="1679" VPOS="700" WIDTH="300" />
<SP HEIGHT="30" HPOS="1980" VPOS="710" WIDTH="30" />
<String CONTENT="son" HEIGHT="30" HPOS="2011" VPOS="710" WIDTH="86" />
</TextLine>
<TextLine HEIGHT="51" HPOS="170" VPOS="760" WIDTH="606">
<String CONTENT="&amp;" HEIGHT="40" HPOS="170" VPOS="764" WIDTH="37" />
<SP HEIGHT="40" HPOS="208" VPOS="764" WIDTH="24" />
<String CONTENT="co.," HEIGHT="38" HPOS="233" VPOS="773" WIDTH="81" />
<SP HEIGHT="48" HPOS="315" VPOS="763" WIDTH="23" />
<String CONTENT="inc." HEIGHT="39" HPOS="339" VPOS="763" WIDTH="90" />
<SP HEIGHT="47" HPOS="430" VPOS="762" WIDTH="66" />
<String CONTENT="(36-19951)" HEIGHT="49" HPOS="497" VPOS="760" WIDTH="279" />
</TextLine>
<TextLine HEIGHT="67" HPOS="99" STYLEREFS="StyleId-1FE7C20E-1D07-428E-BB38-0D8261D45A04-" VPOS="864" WIDTH="796">
<String CONTENT="Stone," HEIGHT="62" HPOS="99" VPOS="869" WIDTH="197" />
<SP HEIGHT="64" HPOS="297" VPOS="867" WIDTH="26" />
<String CONTENT="Amy" HEIGHT="63" HPOS="324" VPOS="867" WIDTH="158" />
<SP HEIGHT="63" HPOS="483" VPOS="867" WIDTH="22" />
<String CONTENT="Wentworth." HEIGHT="57" HPOS="506" VPOS="864" WIDTH="389" />
</TextLine>
<TextLine CS="1" HEIGHT="74" HPOS="170" STYLEREFS="StyleId-B7252A00-BB1B-4D12-9A9F-13ECCB689D04-" VPOS="949" WIDTH="1922">
<String CONTENT="Treasure" HEIGHT="53" HPOS="170" VPOS="955" WIDTH="279" />
<SP HEIGHT="54" HPOS="450" VPOS="953" WIDTH="23" />
<String CONTENT="for" HEIGHT="54" HPOS="474" VPOS="953" WIDTH="93" />
<SP HEIGHT="52" HPOS="568" VPOS="954" WIDTH="23" />
<String CONTENT="Debby" HEIGHT="70" HPOS="592" VPOS="953" WIDTH="202" />
<SP HEIGHT="51" HPOS="795" VPOS="972" WIDTH="30" />
<String CONTENT="[by]" CS="1" HEIGHT="70" HPOS="843" VPOS="952" WIDTH="92" />
<SP HEIGHT="68" HPOS="936" VPOS="952" WIDTH="29" />
<String CONTENT="Amy" HEIGHT="69" HPOS="966" VPOS="952" WIDTH="153" />
<SP HEIGHT="70" HPOS="1120" VPOS="951" WIDTH="23" />
<String CONTENT="Wentworth" HEIGHT="54" HPOS="1144" VPOS="951" WIDTH="358" />
<SP HEIGHT="57" HPOS="1503" VPOS="949" WIDTH="31" />
<String CONTENT="Stone;" HEIGHT="70" HPOS="1535" VPOS="949" WIDTH="202" />
<SP HEIGHT="70" HPOS="1738" VPOS="949" WIDTH="29" />
<String CONTENT="illustrated" HEIGHT="54" HPOS="1768" VPOS="949" WIDTH="324" />
</TextLine>
<TextLine CS="1" HEIGHT="74" HPOS="101" STYLEREFS="StyleId-B7252A00-BB1B-4D12-9A9F-13ECCB689D04-" VPOS="1028" WIDTH="1990">
<String CONTENT="by" HEIGHT="70" HPOS="101" VPOS="1031" WIDTH="75" />
<SP HEIGHT="68" HPOS="177" VPOS="1033" WIDTH="41" />
<String CONTENT="Margaret" HEIGHT="69" HPOS="219" VPOS="1033" WIDTH="294" />
<SP HEIGHT="53" HPOS="514" VPOS="1032" WIDTH="40" />
<String CONTENT="Ayer." HEIGHT="68" HPOS="555" VPOS="1032" WIDTH="174" />
<SP HEIGHT="51" HPOS="730" VPOS="1033" WIDTH="81" />
<String CONTENT="Boston," HEIGHT="65" HPOS="812" VPOS="1033" WIDTH="233" />
<SP HEIGHT="68" HPOS="1046" VPOS="1030" WIDTH="44" />
<String CONTENT="New" HEIGHT="53" HPOS="1091" VPOS="1030" WIDTH="137" />
<SP HEIGHT="51" HPOS="1229" VPOS="1030" WIDTH="45" />
<String CONTENT="York," HEIGHT="67" HPOS="1275" VPOS="1029" WIDTH="180" />
<SP HEIGHT="67" HPOS="1456" VPOS="1029" WIDTH="43" />
<String CONTENT="Lothrop," HEIGHT="68" HPOS="1500" VPOS="1029" WIDTH="277" />
<SP HEIGHT="67" HPOS="1778" VPOS="1029" WIDTH="42" />
<String CONTENT="Lee" HEIGHT="53" HPOS="1821" VPOS="1029" WIDTH="110" />
<SP HEIGHT="36" HPOS="1932" VPOS="1046" WIDTH="48" />
<String CONTENT="and" HEIGHT="53" HPOS="1981" VPOS="1028" WIDTH="110" />
</TextLine>
<TextLine HEIGHT="69" HPOS="103" STYLEREFS="StyleId-B7252A00-BB1B-4D12-9A9F-13ECCB689D04-" VPOS="1109" WIDTH="766">
<String CONTENT="Shepard" HEIGHT="68" HPOS="103" VPOS="1109" WIDTH="261" />
<SP HEIGHT="52" HPOS="365" VPOS="1111" WIDTH="27" />
<String CONTENT="company," HEIGHT="50" HPOS="393" VPOS="1128" WIDTH="297" />
<SP HEIGHT="65" HPOS="691" VPOS="1113" WIDTH="28" />
<String CONTENT="1936." HEIGHT="51" HPOS="720" VPOS="1111" WIDTH="149" />
</TextLine>
<TextLine CS="1" HEIGHT="50" HPOS="171" VPOS="1180" WIDTH="847">
<String CONTENT="247" HEIGHT="40" HPOS="171" VPOS="1182" WIDTH="86" />
<SP HEIGHT="47" HPOS="258" VPOS="1183" WIDTH="23" />
<String CONTENT="p." HEIGHT="37" HPOS="282" VPOS="1193" WIDTH="44" />
<SP HEIGHT="40" HPOS="327" VPOS="1183" WIDTH="29" />
<String CONTENT="incl." HEIGHT="41" HPOS="357" VPOS="1182" WIDTH="107" />
<SP HEIGHT="40" HPOS="465" VPOS="1182" WIDTH="27" />
<String CONTENT="front.," HEIGHT="46" HPOS="493" VPOS="1182" WIDTH="162" />
<SP HEIGHT="46" HPOS="656" VPOS="1182" WIDTH="28" />
<String CONTENT="illus." HEIGHT="41" HPOS="685" VPOS="1181" WIDTH="127" />
<SP HEIGHT="41" HPOS="813" VPOS="1181" WIDTH="58" />
<String CONTENT="20&#189;cm." CS="1" HEIGHT="41" HPOS="872" VPOS="1180" WIDTH="146" />
</TextLine>
<TextLine HEIGHT="53" HPOS="103" VPOS="1250" WIDTH="1996">
<String CONTENT="&#169;" HEIGHT="53" HPOS="103" VPOS="1250" WIDTH="53" />
<SP HEIGHT="53" HPOS="157" VPOS="1250" WIDTH="38" />
<String CONTENT="Sept." HEIGHT="47" HPOS="196" VPOS="1255" WIDTH="126" />
<SP HEIGHT="39" HPOS="323" VPOS="1255" WIDTH="35" />
<String CONTENT="16," HEIGHT="47" HPOS="359" VPOS="1254" WIDTH="67" />
<SP HEIGHT="47" HPOS="427" VPOS="1254" WIDTH="36" />
<String CONTENT="1936;" HEIGHT="46" HPOS="464" VPOS="1253" WIDTH="140" />
<SP HEIGHT="45" HPOS="605" VPOS="1254" WIDTH="37" />
<String CONTENT="2c." HEIGHT="40" HPOS="643" VPOS="1254" WIDTH="68" />
<SP HEIGHT="41" HPOS="712" VPOS="1253" WIDTH="38" />
<String CONTENT="Sept." HEIGHT="47" HPOS="751" VPOS="1253" WIDTH="127" />
<SP HEIGHT="38" HPOS="879" VPOS="1253" WIDTH="36" />
<String CONTENT="17;" HEIGHT="45" HPOS="916" VPOS="1253" WIDTH="81" />
<SP HEIGHT="36" HPOS="998" VPOS="1262" WIDTH="39" />
<String CONTENT="aff." HEIGHT="40" HPOS="1038" VPOS="1252" WIDTH="82" />
<SP HEIGHT="41" HPOS="1121" VPOS="1251" WIDTH="37" />
<String CONTENT="Sept." HEIGHT="48" HPOS="1159" VPOS="1251" WIDTH="127" />
<SP HEIGHT="38" HPOS="1287" VPOS="1252" WIDTH="37" />
<String CONTENT="21;" HEIGHT="46" HPOS="1325" VPOS="1252" WIDTH="82" />
<SP HEIGHT="46" HPOS="1408" VPOS="1252" WIDTH="39" />
<String CONTENT="A" HEIGHT="38" HPOS="1448" VPOS="1252" WIDTH="40" />
<SP HEIGHT="41" HPOS="1489" VPOS="1250" WIDTH="35" />
<String CONTENT="98506;" HEIGHT="48" HPOS="1525" VPOS="1250" WIDTH="170" />
<SP HEIGHT="46" HPOS="1696" VPOS="1252" WIDTH="40" />
<String CONTENT="Lothrop," HEIGHT="48" HPOS="1737" VPOS="1251" WIDTH="227" />
<SP HEIGHT="47" HPOS="1965" VPOS="1252" WIDTH="39" />
<String CONTENT="Lee" HEIGHT="38" HPOS="2005" VPOS="1252" WIDTH="94" />
</TextLine>
<TextLine HEIGHT="50" HPOS="169" VPOS="1308" WIDTH="732">
<String CONTENT="&amp;" HEIGHT="41" HPOS="169" VPOS="1311" WIDTH="38" />
<SP HEIGHT="41" HPOS="208" VPOS="1311" WIDTH="29" />
<String CONTENT="Shepard" HEIGHT="48" HPOS="238" VPOS="1310" WIDTH="218" />
<SP HEIGHT="39" HPOS="457" VPOS="1310" WIDTH="27" />
<String CONTENT="co." HEIGHT="30" HPOS="485" VPOS="1320" WIDTH="67" />
<SP HEIGHT="47" HPOS="553" VPOS="1309" WIDTH="67" />
<String CONTENT="(36-19989" HEIGHT="48" HPOS="621" VPOS="1308" WIDTH="254" />
<SP HEIGHT="48" HPOS="876" VPOS="1308" WIDTH="10" />
<String CONTENT=")" HEIGHT="47" HPOS="887" VPOS="1309" WIDTH="14" />
</TextLine>
<TextLine HEIGHT="69" HPOS="99" STYLEREFS="StyleId-B7252A00-BB1B-4D12-9A9F-13ECCB689D04-" VPOS="1409" WIDTH="1997">
<String CONTENT="Texas" HEIGHT="53" HPOS="99" VPOS="1412" WIDTH="193" />
<SP HEIGHT="52" HPOS="293" VPOS="1413" WIDTH="28" />
<String CONTENT="digest," HEIGHT="67" HPOS="322" VPOS="1411" WIDTH="201" />
<SP HEIGHT="62" HPOS="524" VPOS="1416" WIDTH="33" />
<String CONTENT="1840" HEIGHT="50" HPOS="558" VPOS="1415" WIDTH="133" />
<SP HEIGHT="49" HPOS="692" VPOS="1416" WIDTH="28" />
<String CONTENT="to" HEIGHT="46" HPOS="721" VPOS="1419" WIDTH="58" />
<SP HEIGHT="54" HPOS="780" VPOS="1411" WIDTH="30" />
<String CONTENT="date," HEIGHT="66" HPOS="811" VPOS="1411" WIDTH="148" />
<SP HEIGHT="47" HPOS="960" VPOS="1430" WIDTH="31" />
<String CONTENT="covering" HEIGHT="66" HPOS="992" VPOS="1411" WIDTH="268" />
<SP HEIGHT="66" HPOS="1261" VPOS="1411" WIDTH="30" />
<String CONTENT="Texas" HEIGHT="51" HPOS="1292" VPOS="1411" WIDTH="182" />
<SP HEIGHT="34" HPOS="1475" VPOS="1428" WIDTH="32" />
<String CONTENT="reports" HEIGHT="61" HPOS="1508" VPOS="1416" WIDTH="221" />
<SP HEIGHT="33" HPOS="1730" VPOS="1429" WIDTH="33" />
<String CONTENT="and" HEIGHT="52" HPOS="1764" VPOS="1411" WIDTH="112" />
<SP HEIGHT="55" HPOS="1877" VPOS="1409" WIDTH="35" />
<String CONTENT="South" HEIGHT="55" HPOS="1913" VPOS="1409" WIDTH="183" />
</TextLine>
<TextLine CS="1" HEIGHT="147" HPOS="169" STYLEREFS="StyleId-B7252A00-BB1B-4D12-9A9F-13ECCB689D04-" VPOS="1487" WIDTH="1928">
<String CONTENT="western" HEIGHT="48" HPOS="169" VPOS="1495" WIDTH="237" />
<SP HEIGHT="33" HPOS="407" VPOS="1509" WIDTH="29" />
<String CONTENT="reporter," HEIGHT="59" HPOS="437" VPOS="1496" WIDTH="273" />
<SP HEIGHT="35" HPOS="711" VPOS="1509" WIDTH="32" />
<String CONTENT="as" HEIGHT="34" HPOS="744" VPOS="1508" WIDTH="59" />
<SP HEIGHT="32" HPOS="804" VPOS="1508" WIDTH="31" />
<String CONTENT="well" HEIGHT="52" HPOS="836" VPOS="1489" WIDTH="126" />
<SP HEIGHT="51" HPOS="963" VPOS="1490" WIDTH="32" />
<String CONTENT="as" HEIGHT="33" HPOS="996" VPOS="1508" WIDTH="58" />
<SP HEIGHT="50" HPOS="1055" VPOS="1491" WIDTH="32" />
<String CONTENT="Texas" HEIGHT="50" HPOS="1088" VPOS="1491" WIDTH="182" />
<SP HEIGHT="34" HPOS="1271" VPOS="1506" WIDTH="31" />
<String CONTENT="cases" HEIGHT="35" HPOS="1303" VPOS="1505" WIDTH="148" />
<SP HEIGHT="52" HPOS="1452" VPOS="1489" WIDTH="31" />
<String CONTENT="decided" HEIGHT="54" HPOS="1484" VPOS="1487" WIDTH="233" />
<SP HEIGHT="51" HPOS="1718" VPOS="1489" WIDTH="33" />
<String CONTENT="in" HEIGHT="51" HPOS="1752" VPOS="1489" WIDTH="58" />
<SP HEIGHT="46" HPOS="1811" VPOS="1493" WIDTH="32" />
<String CONTENT="the" HEIGHT="52" HPOS="1844" VPOS="1489" WIDTH="95" />
<SP HEIGHT="53" HPOS="1940" VPOS="1488" WIDTH="34" />
<String CONTENT="federal" HEIGHT="133" HPOS="170" VPOS="1488" WIDTH="1902" />
<SP HEIGHT="55" HPOS="285" VPOS="1567" WIDTH="45" />
<String CONTENT="Circuit" HEIGHT="55" HPOS="331" VPOS="1567" WIDTH="220" />
<SP HEIGHT="48" HPOS="552" VPOS="1572" WIDTH="42" />
<String CONTENT="and" HEIGHT="53" HPOS="595" VPOS="1567" WIDTH="112" />
<SP HEIGHT="53" HPOS="708" VPOS="1567" WIDTH="43" />
<String CONTENT="District" HEIGHT="55" HPOS="752" VPOS="1565" WIDTH="241" />
<SP HEIGHT="48" HPOS="994" VPOS="1570" WIDTH="43" />
<String CONTENT="courts," HEIGHT="61" HPOS="1038" VPOS="1570" WIDTH="203" />
<SP HEIGHT="66" HPOS="1242" VPOS="1565" WIDTH="43" />
<String CONTENT="Circuit" HEIGHT="55" HPOS="1286" VPOS="1565" WIDTH="221" />
<SP HEIGHT="48" HPOS="1508" VPOS="1570" WIDTH="41" />
<String CONTENT="court" HEIGHT="48" HPOS="1550" VPOS="1571" WIDTH="161" />
<SP HEIGHT="48" HPOS="1712" VPOS="1571" WIDTH="41" />
<String CONTENT="of" HEIGHT="53" HPOS="1754" VPOS="1566" WIDTH="62" />
<SP HEIGHT="53" HPOS="1817" VPOS="1566" WIDTH="46" />
<String CONTENT="appeals" HEIGHT="68" HPOS="1864" VPOS="1566" WIDTH="233" />
</TextLine>
<TextLine CS="1" HEIGHT="68" HPOS="171" STYLEREFS="StyleId-B7252A00-BB1B-4D12-9A9F-13ECCB689D04-" VPOS="1643" WIDTH="1925">
<String CONTENT="and" HEIGHT="52" HPOS="171" VPOS="1646" WIDTH="111" />
<SP HEIGHT="55" HPOS="283" VPOS="1645" WIDTH="44" />
<String CONTENT="Supreme" HEIGHT="66" HPOS="328" VPOS="1645" WIDTH="275" />
<SP HEIGHT="34" HPOS="604" VPOS="1664" WIDTH="40" />
<String CONTENT="court" HEIGHT="47" HPOS="645" VPOS="1650" WIDTH="162" />
<SP HEIGHT="47" HPOS="808" VPOS="1650" WIDTH="39" />
<String CONTENT="of" HEIGHT="52" HPOS="848" VPOS="1645" WIDTH="62" />
<SP HEIGHT="52" HPOS="911" VPOS="1645" WIDTH="39" />
<String CONTENT="the" HEIGHT="52" HPOS="951" VPOS="1645" WIDTH="94" />
<SP HEIGHT="52" HPOS="1046" VPOS="1646" WIDTH="40" />
<String CONTENT="United" HEIGHT="54" HPOS="1087" VPOS="1644" WIDTH="217" />
<SP HEIGHT="55" HPOS="1305" VPOS="1643" WIDTH="43" />
<String CONTENT="States" HEIGHT="55" HPOS="1349" VPOS="1643" WIDTH="187" />
<SP HEIGHT="32" HPOS="1537" VPOS="1664" WIDTH="46" />
<String CONTENT="&#8230;" CS="1" />
<SP HEIGHT="32" HPOS="1640" VPOS="1664" WIDTH="44" />
<String CONTENT="with" HEIGHT="53" HPOS="1685" VPOS="1643" WIDTH="140" />
<SP HEIGHT="51" HPOS="1826" VPOS="1645" WIDTH="42" />
<String CONTENT="current" HEIGHT="47" HPOS="1869" VPOS="1651" WIDTH="227" />
</TextLine>
<TextLine CS="1" HEIGHT="68" HPOS="169" STYLEREFS="StyleId-B7252A00-BB1B-4D12-9A9F-13ECCB689D04-" VPOS="1721" WIDTH="1926">
<String CONTENT="cumulative" HEIGHT="53" HPOS="169" VPOS="1722" WIDTH="343" />
<SP HEIGHT="48" HPOS="513" VPOS="1741" WIDTH="35" />
<String CONTENT="pocket" HEIGHT="67" HPOS="549" VPOS="1722" WIDTH="202" />
<SP HEIGHT="48" HPOS="752" VPOS="1726" WIDTH="37" />
<String CONTENT="service." CS="1" HEIGHT="53" HPOS="790" VPOS="1721" WIDTH="207" />
<SP HEIGHT="33" HPOS="1015" VPOS="1741" WIDTH="71" />
<String CONTENT="volume" HEIGHT="51" HPOS="1087" VPOS="1723" WIDTH="223" />
<SP HEIGHT="49" HPOS="1311" VPOS="1725" WIDTH="36" />
<String CONTENT="25." HEIGHT="49" HPOS="1348" VPOS="1725" WIDTH="81" />
<SP HEIGHT="53" HPOS="1430" VPOS="1724" WIDTH="39" />
<String CONTENT="Jury-Licenses." CS="1" HEIGHT="54" HPOS="1470" VPOS="1723" WIDTH="463" />
<SP HEIGHT="54" HPOS="1934" VPOS="1722" WIDTH="80" />
<String CONTENT="St." HEIGHT="54" HPOS="2015" VPOS="1722" WIDTH="80" />
</TextLine>
<TextLine CS="1" HEIGHT="67" HPOS="168" STYLEREFS="StyleId-B7252A00-BB1B-4D12-9A9F-13ECCB689D04-" VPOS="1799" WIDTH="1028">
<String CONTENT="Paul." HEIGHT="52" HPOS="168" VPOS="1801" WIDTH="165" />
<SP HEIGHT="53" HPOS="334" VPOS="1801" WIDTH="20" />
<String CONTENT="West" HEIGHT="53" HPOS="355" VPOS="1801" WIDTH="160" />
<SP HEIGHT="60" HPOS="516" VPOS="1806" WIDTH="18" />
<String CONTENT="publishing" HEIGHT="67" HPOS="535" VPOS="1799" WIDTH="336" />
<SP HEIGHT="48" HPOS="872" VPOS="1818" WIDTH="22" />
<String CONTENT="co." HEIGHT="35" HPOS="895" VPOS="1818" WIDTH="77" />
<SP HEIGHT="33" HPOS="973" VPOS="1833" WIDTH="31" />
<String CONTENT="[" CS="1" />
<String CONTENT="c" HEIGHT="20" HPOS="1023" STYLE="superscript" VPOS="1806" WIDTH="18" />
<String CONTENT="1936]" HEIGHT="62" HPOS="1046" VPOS="1803" WIDTH="150" />
</TextLine>
<TextLine CS="1" HEIGHT="50" HPOS="170" STYLEREFS="StyleId-B7252A00-BB1B-4D12-9A9F-13ECCB689D04-" VPOS="1871" WIDTH="492">
<String CONTENT="viii," HEIGHT="49" HPOS="170" VPOS="1872" WIDTH="99" />
<SP HEIGHT="48" HPOS="270" VPOS="1873" WIDTH="30" />
<String CONTENT="875" HEIGHT="40" HPOS="301" VPOS="1873" WIDTH="87" />
<SP HEIGHT="46" HPOS="389" VPOS="1873" WIDTH="23" />
<String CONTENT="p." HEIGHT="37" HPOS="413" VPOS="1882" WIDTH="45" />
<SP HEIGHT="41" HPOS="459" VPOS="1871" WIDTH="55" />
<String CONTENT="26&#189;" CS="1" HEIGHT="41" HPOS="515" VPOS="1871" WIDTH="57" />
<String CONTENT="cm" HEIGHT="21" HPOS="604" STYLE="superscript" VPOS="1874" WIDTH="44" />
<String CONTENT="." HEIGHT="8" HPOS="653" VPOS="1904" WIDTH="9" />
</TextLine>
<TextLine CS="1" HEIGHT="53" HPOS="103" VPOS="1939" WIDTH="1995">
<String CONTENT="&#169;" HEIGHT="53" HPOS="103" VPOS="1939" WIDTH="53" />
<SP HEIGHT="53" HPOS="157" VPOS="1939" WIDTH="31" />
<String CONTENT="Aug." HEIGHT="48" HPOS="189" VPOS="1942" WIDTH="119" />
<SP HEIGHT="39" HPOS="309" VPOS="1942" WIDTH="34" />
<String CONTENT="19," HEIGHT="49" HPOS="344" VPOS="1942" WIDTH="69" />
<SP HEIGHT="49" HPOS="414" VPOS="1942" WIDTH="34" />
<String CONTENT="1936;" CS="1" HEIGHT="41" HPOS="449" VPOS="1941" WIDTH="114" />
<SP HEIGHT="47" HPOS="590" VPOS="1942" WIDTH="36" />
<String CONTENT="2c." HEIGHT="39" HPOS="627" VPOS="1942" WIDTH="68" />
<SP HEIGHT="41" HPOS="696" VPOS="1942" WIDTH="38" />
<String CONTENT="Sept." HEIGHT="47" HPOS="735" VPOS="1942" WIDTH="128" />
<SP HEIGHT="41" HPOS="864" VPOS="1942" WIDTH="33" />
<String CONTENT="21;" HEIGHT="47" HPOS="898" VPOS="1942" WIDTH="83" />
<SP HEIGHT="38" HPOS="982" VPOS="1951" WIDTH="36" />
<String CONTENT="aff." HEIGHT="39" HPOS="1019" VPOS="1942" WIDTH="82" />
<SP HEIGHT="41" HPOS="1102" VPOS="1941" WIDTH="39" />
<String CONTENT="Sept." HEIGHT="48" HPOS="1142" VPOS="1941" WIDTH="128" />
<SP HEIGHT="41" HPOS="1271" VPOS="1942" WIDTH="32" />
<String CONTENT="17;" HEIGHT="46" HPOS="1304" VPOS="1942" WIDTH="82" />
<SP HEIGHT="46" HPOS="1387" VPOS="1942" WIDTH="38" />
<String CONTENT="A" HEIGHT="39" HPOS="1426" VPOS="1942" WIDTH="40" />
<SP HEIGHT="40" HPOS="1467" VPOS="1941" WIDTH="33" />
<String CONTENT="98540;" HEIGHT="49" HPOS="1501" VPOS="1941" WIDTH="171" />
<SP HEIGHT="47" HPOS="1673" VPOS="1943" WIDTH="36" />
<String CONTENT="West" HEIGHT="40" HPOS="1710" VPOS="1943" WIDTH="135" />
<SP HEIGHT="46" HPOS="1846" VPOS="1944" WIDTH="36" />
<String CONTENT="pub." HEIGHT="47" HPOS="1883" VPOS="1943" WIDTH="109" />
<SP HEIGHT="29" HPOS="1993" VPOS="1952" WIDTH="37" />
<String CONTENT="co." HEIGHT="30" HPOS="2031" VPOS="1952" WIDTH="67" />
</TextLine>
<TextLine HEIGHT="68" HPOS="102" STYLEREFS="StyleId-1FE7C20E-1D07-428E-BB38-0D8261D45A04-" VPOS="2100" WIDTH="1923">
<String CONTENT="United" HEIGHT="54" HPOS="102" VPOS="2103" WIDTH="216" />
<SP HEIGHT="52" HPOS="319" VPOS="2103" WIDTH="29" />
<String CONTENT="Lutheran" HEIGHT="52" HPOS="349" VPOS="2103" WIDTH="305" />
<SP HEIGHT="36" HPOS="655" VPOS="2119" WIDTH="30" />
<String CONTENT="church" HEIGHT="54" HPOS="686" VPOS="2101" WIDTH="220" />
<SP HEIGHT="52" HPOS="907" VPOS="2101" WIDTH="29" />
<String CONTENT="in" HEIGHT="53" HPOS="937" VPOS="2101" WIDTH="58" />
<SP HEIGHT="53" HPOS="996" VPOS="2101" WIDTH="29" />
<String CONTENT="America." HEIGHT="55" HPOS="1026" VPOS="2100" WIDTH="293" />
<SP HEIGHT="51" HPOS="1320" VPOS="2104" WIDTH="73" />
<String CONTENT="Board" HEIGHT="53" HPOS="1394" VPOS="2102" WIDTH="194" />
<SP HEIGHT="53" HPOS="1589" VPOS="2102" WIDTH="29" />
<String CONTENT="of" HEIGHT="64" HPOS="1619" VPOS="2104" WIDTH="63" />
<SP HEIGHT="64" HPOS="1683" VPOS="2104" WIDTH="26" />
<String CONTENT="education." HEIGHT="51" HPOS="1710" VPOS="2104" WIDTH="315" />
</TextLine>
<TextLine HEIGHT="72" HPOS="171" STYLEREFS="StyleId-B7252A00-BB1B-4D12-9A9F-13ECCB689D04-" VPOS="2190" WIDTH="1925">
<String CONTENT="Going" HEIGHT="71" HPOS="171" VPOS="2191" WIDTH="191" />
<SP HEIGHT="64" HPOS="363" VPOS="2198" WIDTH="32" />
<String CONTENT="to" HEIGHT="47" HPOS="396" VPOS="2198" WIDTH="58" />
<SP HEIGHT="35" HPOS="455" VPOS="2210" WIDTH="36" />
<String CONTENT="college," HEIGHT="69" HPOS="492" VPOS="2192" WIDTH="227" />
<SP HEIGHT="67" HPOS="720" VPOS="2191" WIDTH="34" />
<String CONTENT="by" HEIGHT="69" HPOS="755" VPOS="2191" WIDTH="75" />
<SP HEIGHT="62" HPOS="831" VPOS="2198" WIDTH="33" />
<String CONTENT="the" HEIGHT="53" HPOS="865" VPOS="2191" WIDTH="95" />
<SP HEIGHT="35" HPOS="961" VPOS="2210" WIDTH="34" />
<String CONTENT="staff," HEIGHT="70" HPOS="996" VPOS="2190" WIDTH="151" />
<SP HEIGHT="63" HPOS="1148" VPOS="2197" WIDTH="33" />
<String CONTENT="the" HEIGHT="52" HPOS="1182" VPOS="2192" WIDTH="96" />
<SP HEIGHT="52" HPOS="1279" VPOS="2192" WIDTH="34" />
<String CONTENT="Board" HEIGHT="52" HPOS="1314" VPOS="2191" WIDTH="195" />
<SP HEIGHT="53" HPOS="1510" VPOS="2191" WIDTH="35" />
<String CONTENT="of" HEIGHT="53" HPOS="1546" VPOS="2191" WIDTH="64" />
<SP HEIGHT="53" HPOS="1611" VPOS="2191" WIDTH="36" />
<String CONTENT="education," HEIGHT="69" HPOS="1648" VPOS="2191" WIDTH="317" />
<SP HEIGHT="63" HPOS="1966" VPOS="2197" WIDTH="35" />
<String CONTENT="the" HEIGHT="52" HPOS="2002" VPOS="2193" WIDTH="94" />
</TextLine>
<TextLine HEIGHT="72" HPOS="102" STYLEREFS="StyleId-B7252A00-BB1B-4D12-9A9F-13ECCB689D04-" VPOS="2268" WIDTH="1995">
<String CONTENT="United" HEIGHT="55" HPOS="102" VPOS="2270" WIDTH="214" />
<SP HEIGHT="53" HPOS="317" VPOS="2270" WIDTH="31" />
<String CONTENT="Lutheran" HEIGHT="52" HPOS="349" VPOS="2270" WIDTH="290" />
<SP HEIGHT="33" HPOS="640" VPOS="2289" WIDTH="34" />
<String CONTENT="church" HEIGHT="53" HPOS="675" VPOS="2270" WIDTH="210" />
<SP HEIGHT="54" HPOS="886" VPOS="2268" WIDTH="31" />
<String CONTENT="in" HEIGHT="52" HPOS="918" VPOS="2268" WIDTH="58" />
<SP HEIGHT="52" HPOS="977" VPOS="2269" WIDTH="30" />
<String CONTENT="America." HEIGHT="53" HPOS="1008" VPOS="2269" WIDTH="282" />
<SP HEIGHT="51" HPOS="1291" VPOS="2271" WIDTH="73" />
<String CONTENT="Philadelphia," HEIGHT="69" HPOS="1365" VPOS="2270" WIDTH="425" />
<SP HEIGHT="67" HPOS="1791" VPOS="2272" WIDTH="32" />
<String CONTENT="Pa.," HEIGHT="68" HPOS="1824" VPOS="2272" WIDTH="120" />
<SP HEIGHT="67" HPOS="1945" VPOS="2273" WIDTH="31" />
<String CONTENT="The" HEIGHT="51" HPOS="1977" VPOS="2273" WIDTH="120" />
</TextLine>
<TextLine HEIGHT="71" HPOS="103" STYLEREFS="StyleId-B7252A00-BB1B-4D12-9A9F-13ECCB689D04-" VPOS="2345" WIDTH="1319">
<String CONTENT="United" HEIGHT="55" HPOS="103" VPOS="2348" WIDTH="215" />
<SP HEIGHT="53" HPOS="319" VPOS="2348" WIDTH="28" />
<String CONTENT="Lutheran" HEIGHT="53" HPOS="348" VPOS="2347" WIDTH="290" />
<SP HEIGHT="50" HPOS="639" VPOS="2366" WIDTH="29" />
<String CONTENT="publication" HEIGHT="71" HPOS="669" VPOS="2345" WIDTH="353" />
<SP HEIGHT="54" HPOS="1023" VPOS="2347" WIDTH="26" />
<String CONTENT="house," HEIGHT="68" HPOS="1050" VPOS="2347" WIDTH="190" />
<SP HEIGHT="64" HPOS="1241" VPOS="2351" WIDTH="30" />
<String CONTENT="1936." HEIGHT="51" HPOS="1272" VPOS="2351" WIDTH="150" />
</TextLine>
<TextLine HEIGHT="51" HPOS="169" VPOS="2420" WIDTH="309">
<String CONTENT="96" HEIGHT="41" HPOS="169" VPOS="2421" WIDTH="58" />
<SP HEIGHT="50" HPOS="228" VPOS="2421" WIDTH="28" />
<String CONTENT="p." HEIGHT="39" HPOS="257" VPOS="2432" WIDTH="43" />
<SP HEIGHT="39" HPOS="301" VPOS="2422" WIDTH="61" />
<String CONTENT="19" HEIGHT="41" HPOS="363" VPOS="2420" WIDTH="55" />
<String CONTENT="cm" HEIGHT="21" HPOS="422" STYLE="superscript" VPOS="2423" WIDTH="43" />
<String CONTENT="." HEIGHT="9" HPOS="469" VPOS="2452" WIDTH="9" />
</TextLine>
<TextLine HEIGHT="49" HPOS="172" VPOS="2477" WIDTH="915">
<String CONTENT="Foreword" HEIGHT="42" HPOS="172" VPOS="2477" WIDTH="257" />
<SP HEIGHT="39" HPOS="430" VPOS="2478" WIDTH="30" />
<String CONTENT="signed:" HEIGHT="49" HPOS="461" VPOS="2477" WIDTH="193" />
<SP HEIGHT="41" HPOS="655" VPOS="2477" WIDTH="33" />
<String CONTENT="Gould" HEIGHT="42" HPOS="689" VPOS="2477" WIDTH="155" />
<SP HEIGHT="39" HPOS="845" VPOS="2479" WIDTH="29" />
<String CONTENT="Wickey." HEIGHT="48" HPOS="875" VPOS="2478" WIDTH="212" />
</TextLine>
<TextLine HEIGHT="50" HPOS="173" VPOS="2534" WIDTH="1124">
<String CONTENT="&#8220;Books" HEIGHT="41" HPOS="173" VPOS="2534" WIDTH="188" />
<SP HEIGHT="31" HPOS="362" VPOS="2544" WIDTH="25" />
<String CONTENT="students" HEIGHT="40" HPOS="388" VPOS="2535" WIDTH="223" />
<SP HEIGHT="29" HPOS="612" VPOS="2545" WIDTH="26" />
<String CONTENT="should" HEIGHT="41" HPOS="639" VPOS="2535" WIDTH="174" />
<SP HEIGHT="40" HPOS="814" VPOS="2535" WIDTH="25" />
<String CONTENT="know&#8221;:" HEIGHT="41" HPOS="840" VPOS="2534" WIDTH="197" />
<SP HEIGHT="38" HPOS="1038" VPOS="2546" WIDTH="27" />
<String CONTENT="p." HEIGHT="38" HPOS="1066" VPOS="2546" WIDTH="45" />
<SP HEIGHT="41" HPOS="1112" VPOS="2534" WIDTH="25" />
<String CONTENT="94-96." HEIGHT="42" HPOS="1138" VPOS="2534" WIDTH="159" />
</TextLine>
<TextLine HEIGHT="53" HPOS="103" VPOS="2599" WIDTH="1998">
<String CONTENT="&#169;" HEIGHT="53" HPOS="103" VPOS="2599" WIDTH="53" />
<SP HEIGHT="53" HPOS="157" VPOS="2599" WIDTH="28" />
<String CONTENT="Aug." HEIGHT="46" HPOS="186" VPOS="2604" WIDTH="118" />
<SP HEIGHT="39" HPOS="305" VPOS="2605" WIDTH="30" />
<String CONTENT="31," HEIGHT="47" HPOS="336" VPOS="2604" WIDTH="69" />
<SP HEIGHT="46" HPOS="406" VPOS="2605" WIDTH="30" />
<String CONTENT="1936;" HEIGHT="47" HPOS="437" VPOS="2604" WIDTH="139" />
<SP HEIGHT="47" HPOS="577" VPOS="2604" WIDTH="32" />
<String CONTENT="2c." HEIGHT="41" HPOS="610" VPOS="2604" WIDTH="68" />
<SP HEIGHT="30" HPOS="679" VPOS="2615" WIDTH="32" />
<String CONTENT="and" HEIGHT="40" HPOS="712" VPOS="2604" WIDTH="95" />
<SP HEIGHT="39" HPOS="808" VPOS="2604" WIDTH="30" />
<String CONTENT="aff." HEIGHT="39" HPOS="839" VPOS="2605" WIDTH="81" />
<SP HEIGHT="41" HPOS="921" VPOS="2605" WIDTH="34" />
<String CONTENT="Sept." HEIGHT="47" HPOS="956" VPOS="2605" WIDTH="127" />
<SP HEIGHT="40" HPOS="1084" VPOS="2605" WIDTH="30" />
<String CONTENT="2;" HEIGHT="47" HPOS="1115" VPOS="2605" WIDTH="54" />
<SP HEIGHT="47" HPOS="1170" VPOS="2605" WIDTH="29" />
<String CONTENT="A" HEIGHT="39" HPOS="1200" VPOS="2605" WIDTH="42" />
<SP HEIGHT="41" HPOS="1243" VPOS="2604" WIDTH="27" />
<String CONTENT="97648;" HEIGHT="48" HPOS="1271" VPOS="2604" WIDTH="171" />
<SP HEIGHT="45" HPOS="1443" VPOS="2607" WIDTH="34" />
<String CONTENT="Board" HEIGHT="40" HPOS="1478" VPOS="2605" WIDTH="163" />
<SP HEIGHT="40" HPOS="1642" VPOS="2605" WIDTH="30" />
<String CONTENT="of" HEIGHT="39" HPOS="1673" VPOS="2605" WIDTH="53" />
<SP HEIGHT="40" HPOS="1727" VPOS="2605" WIDTH="29" />
<String CONTENT="education" HEIGHT="41" HPOS="1757" VPOS="2605" WIDTH="259" />
<SP HEIGHT="30" HPOS="2017" VPOS="2616" WIDTH="30" />
<String CONTENT="of" HEIGHT="39" HPOS="2048" VPOS="2606" WIDTH="53" />
</TextLine>
<TextLine CS="1" HEIGHT="50" HPOS="173" VPOS="2660" WIDTH="1528">
<String CONTENT="the" HEIGHT="40" HPOS="173" VPOS="2660" WIDTH="84" />
<SP HEIGHT="39" HPOS="258" VPOS="2661" WIDTH="31" />
<String CONTENT="United" HEIGHT="40" HPOS="290" VPOS="2660" WIDTH="179" />
<SP HEIGHT="39" HPOS="470" VPOS="2660" WIDTH="33" />
<String CONTENT="Lutheran" HEIGHT="39" HPOS="504" VPOS="2661" WIDTH="249" />
<SP HEIGHT="29" HPOS="754" VPOS="2671" WIDTH="33" />
<String CONTENT="church" HEIGHT="39" HPOS="788" VPOS="2661" WIDTH="185" />
<SP HEIGHT="39" HPOS="974" VPOS="2660" WIDTH="29" />
<String CONTENT="in" HEIGHT="40" HPOS="1004" VPOS="2660" WIDTH="52" />
<SP HEIGHT="38" HPOS="1057" VPOS="2662" WIDTH="32" />
<String CONTENT="America," HEIGHT="50" HPOS="1090" VPOS="2660" WIDTH="237" />
<SP HEIGHT="48" HPOS="1328" VPOS="2662" WIDTH="36" />
<String CONTENT="Washington." HEIGHT="48" HPOS="1365" VPOS="2661" WIDTH="336" />
</TextLine>
<TextLine HEIGHT="48" HPOS="183" VPOS="2716" WIDTH="278">
<String CONTENT="(36-19776)" HEIGHT="48" HPOS="183" VPOS="2716" WIDTH="278" />
</TextLine>
<TextLine HEIGHT="66" HPOS="100" STYLEREFS="StyleId-F2D751B9-CB04-4D33-AD20-5E558E445DE9-" VPOS="2820" WIDTH="819">
<String CONTENT="U." HEIGHT="55" HPOS="100" VPOS="2820" WIDTH="71" />
<SP HEIGHT="54" HPOS="172" VPOS="2821" WIDTH="26" />
<String CONTENT="S." HEIGHT="53" HPOS="199" VPOS="2821" WIDTH="57" />
<SP HEIGHT="51" HPOS="257" VPOS="2822" WIDTH="72" />
<String CONTENT="Laws," HEIGHT="64" HPOS="330" VPOS="2822" WIDTH="183" />
<SP HEIGHT="46" HPOS="514" VPOS="2840" WIDTH="24" />
<String CONTENT="statutes," HEIGHT="51" HPOS="539" VPOS="2826" WIDTH="254" />
<SP HEIGHT="37" HPOS="794" VPOS="2840" WIDTH="26" />
<String CONTENT="etc." HEIGHT="46" HPOS="821" VPOS="2827" WIDTH="98" />
</TextLine>
<TextLine HEIGHT="70" HPOS="170" STYLEREFS="StyleId-B7252A00-BB1B-4D12-9A9F-13ECCB689D04-" VPOS="2910" WIDTH="1926">
<String CONTENT="United" HEIGHT="55" HPOS="170" VPOS="2910" WIDTH="217" />
<SP HEIGHT="54" HPOS="388" VPOS="2911" WIDTH="32" />
<String CONTENT="States" HEIGHT="54" HPOS="421" VPOS="2911" WIDTH="187" />
<SP HEIGHT="54" HPOS="609" VPOS="2911" WIDTH="31" />
<String CONTENT="Code." HEIGHT="54" HPOS="641" VPOS="2911" WIDTH="169" />
<SP HEIGHT="54" HPOS="811" VPOS="2912" WIDTH="69" />
<String CONTENT="Compact" HEIGHT="66" HPOS="881" VPOS="2912" WIDTH="273" />
<SP HEIGHT="46" HPOS="1155" VPOS="2919" WIDTH="30" />
<String CONTENT="ed." HEIGHT="53" HPOS="1186" VPOS="2912" WIDTH="83" />
<SP HEIGHT="53" HPOS="1270" VPOS="2912" WIDTH="67" />
<String CONTENT="August," HEIGHT="67" HPOS="1338" VPOS="2912" WIDTH="246" />
<SP HEIGHT="62" HPOS="1585" VPOS="2917" WIDTH="32" />
<String CONTENT="1936," HEIGHT="63" HPOS="1618" VPOS="2917" WIDTH="150" />
<SP HEIGHT="47" HPOS="1769" VPOS="2933" WIDTH="31" />
<String CONTENT="pamphlet" HEIGHT="66" HPOS="1801" VPOS="2914" WIDTH="295" />
</TextLine>
<TextLine HEIGHT="69" HPOS="101" STYLEREFS="StyleId-B7252A00-BB1B-4D12-9A9F-13ECCB689D04-" VPOS="2988" WIDTH="1996">
<String CONTENT="no." HEIGHT="35" HPOS="101" VPOS="3006" WIDTH="88" />
<SP HEIGHT="49" HPOS="190" VPOS="2992" WIDTH="27" />
<String CONTENT="2." HEIGHT="49" HPOS="218" VPOS="2992" WIDTH="47" />
<SP HEIGHT="54" HPOS="266" VPOS="2989" WIDTH="63" />
<String CONTENT="Comprising" HEIGHT="67" HPOS="330" VPOS="2988" WIDTH="367" />
<SP HEIGHT="60" HPOS="698" VPOS="2995" WIDTH="24" />
<String CONTENT="the" HEIGHT="51" HPOS="723" VPOS="2990" WIDTH="94" />
<SP HEIGHT="33" HPOS="818" VPOS="3008" WIDTH="27" />
<String CONTENT="acts" HEIGHT="46" HPOS="846" VPOS="2996" WIDTH="116" />
<SP HEIGHT="35" HPOS="963" VPOS="3008" WIDTH="24" />
<String CONTENT="of" HEIGHT="53" HPOS="988" VPOS="2990" WIDTH="62" />
<SP HEIGHT="55" HPOS="1051" VPOS="2990" WIDTH="27" />
<String CONTENT="a" HEIGHT="33" HPOS="1079" VPOS="3012" WIDTH="30" />
<SP HEIGHT="47" HPOS="1110" VPOS="3009" WIDTH="25" />
<String CONTENT="general" HEIGHT="65" HPOS="1136" VPOS="2991" WIDTH="227" />
<SP HEIGHT="52" HPOS="1364" VPOS="2991" WIDTH="29" />
<String CONTENT="and" HEIGHT="52" HPOS="1394" VPOS="2991" WIDTH="112" />
<SP HEIGHT="66" HPOS="1507" VPOS="2991" WIDTH="26" />
<String CONTENT="permanent" HEIGHT="60" HPOS="1534" VPOS="2997" WIDTH="333" />
<SP HEIGHT="46" HPOS="1868" VPOS="2997" WIDTH="26" />
<String CONTENT="nature" HEIGHT="48" HPOS="1895" VPOS="2996" WIDTH="202" />
</TextLine>
<TextLine HEIGHT="68" HPOS="101" STYLEREFS="StyleId-B7252A00-BB1B-4D12-9A9F-13ECCB689D04-" VPOS="3066" WIDTH="1996">
<String CONTENT="enacted" HEIGHT="52" HPOS="101" VPOS="3067" WIDTH="233" />
<SP HEIGHT="52" HPOS="335" VPOS="3066" WIDTH="27" />
<String CONTENT="from" HEIGHT="51" HPOS="363" VPOS="3066" WIDTH="151" />
<SP HEIGHT="50" HPOS="515" VPOS="3068" WIDTH="30" />
<String CONTENT="Feb." HEIGHT="52" HPOS="546" VPOS="3067" WIDTH="134" />
<SP HEIGHT="48" HPOS="681" VPOS="3071" WIDTH="33" />
<String CONTENT="15," HEIGHT="61" HPOS="715" VPOS="3071" WIDTH="81" />
<SP HEIGHT="62" HPOS="797" VPOS="3070" WIDTH="28" />
<String CONTENT="to" HEIGHT="49" HPOS="826" VPOS="3070" WIDTH="58" />
<SP HEIGHT="52" HPOS="885" VPOS="3069" WIDTH="28" />
<String CONTENT="July" HEIGHT="66" HPOS="914" VPOS="3067" WIDTH="143" />
<SP HEIGHT="62" HPOS="1058" VPOS="3071" WIDTH="31" />
<String CONTENT="13," HEIGHT="61" HPOS="1090" VPOS="3071" WIDTH="81" />
<SP HEIGHT="61" HPOS="1172" VPOS="3071" WIDTH="32" />
<String CONTENT="1936," HEIGHT="63" HPOS="1205" VPOS="3071" WIDTH="151" />
<SP HEIGHT="47" HPOS="1357" VPOS="3087" WIDTH="29" />
<String CONTENT="end" HEIGHT="52" HPOS="1387" VPOS="3068" WIDTH="108" />
<SP HEIGHT="52" HPOS="1496" VPOS="3068" WIDTH="30" />
<String CONTENT="of" HEIGHT="51" HPOS="1527" VPOS="3069" WIDTH="62" />
<SP HEIGHT="52" HPOS="1590" VPOS="3069" WIDTH="30" />
<String CONTENT="session," HEIGHT="61" HPOS="1621" VPOS="3067" WIDTH="227" />
<SP HEIGHT="40" HPOS="1849" VPOS="3088" WIDTH="31" />
<String CONTENT="as" HEIGHT="33" HPOS="1881" VPOS="3088" WIDTH="57" />
<SP HEIGHT="33" HPOS="1939" VPOS="3088" WIDTH="30" />
<String CONTENT="well" HEIGHT="52" HPOS="1970" VPOS="3069" WIDTH="127" />
</TextLine>
<TextLine CS="1" HEIGHT="69" HPOS="104" STYLEREFS="StyleId-B7252A00-BB1B-4D12-9A9F-13ECCB689D04-" VPOS="3144" WIDTH="1994">
<String CONTENT="as" HEIGHT="34" HPOS="104" VPOS="3161" WIDTH="59" />
<SP HEIGHT="34" HPOS="164" VPOS="3161" WIDTH="36" />
<String CONTENT="executive" HEIGHT="52" HPOS="201" VPOS="3144" WIDTH="283" />
<SP HEIGHT="34" HPOS="485" VPOS="3162" WIDTH="38" />
<String CONTENT="orders," HEIGHT="65" HPOS="524" VPOS="3144" WIDTH="211" />
<SP HEIGHT="47" HPOS="736" VPOS="3162" WIDTH="36" />
<String CONTENT="and" HEIGHT="52" HPOS="773" VPOS="3144" WIDTH="111" />
<SP HEIGHT="66" HPOS="885" VPOS="3144" WIDTH="37" />
<String CONTENT="proclamations" HEIGHT="66" HPOS="923" VPOS="3144" WIDTH="441" />
<SP HEIGHT="34" HPOS="1365" VPOS="3163" WIDTH="44" />
<String CONTENT="&#8230;" CS="1" />
<SP HEIGHT="33" HPOS="1466" VPOS="3179" WIDTH="84" />
<String CONTENT="[St." HEIGHT="67" HPOS="1551" VPOS="3145" WIDTH="102" />
<SP HEIGHT="51" HPOS="1654" VPOS="3148" WIDTH="37" />
<String CONTENT="Paul," HEIGHT="66" HPOS="1692" VPOS="3147" WIDTH="166" />
<SP HEIGHT="65" HPOS="1859" VPOS="3148" WIDTH="36" />
<String CONTENT="Minn.," HEIGHT="64" HPOS="1896" VPOS="3147" WIDTH="202" />
</TextLine>
<TextLine CS="1" HEIGHT="71" HPOS="101" STYLEREFS="StyleId-B7252A00-BB1B-4D12-9A9F-13ECCB689D04-" VPOS="3219" WIDTH="1997">
<String CONTENT="West" HEIGHT="53" HPOS="101" VPOS="3220" WIDTH="159" />
<SP HEIGHT="61" HPOS="261" VPOS="3224" WIDTH="29" />
<String CONTENT="publishing" HEIGHT="67" HPOS="291" VPOS="3219" WIDTH="334" />
<SP HEIGHT="47" HPOS="626" VPOS="3239" WIDTH="32" />
<String CONTENT="co.;" HEIGHT="45" HPOS="659" VPOS="3240" WIDTH="106" />
<SP HEIGHT="62" HPOS="766" VPOS="3223" WIDTH="37" />
<String CONTENT="Brooklyn," CS="1" HEIGHT="58" HPOS="804" VPOS="3221" WIDTH="311" />
<SP HEIGHT="55" HPOS="1116" VPOS="3224" WIDTH="34" />
<String CONTENT="Edward" HEIGHT="53" HPOS="1151" VPOS="3222" WIDTH="252" />
<SP HEIGHT="52" HPOS="1404" VPOS="3223" WIDTH="34" />
<String CONTENT="Thompson" HEIGHT="66" HPOS="1439" VPOS="3223" WIDTH="327" />
<SP HEIGHT="33" HPOS="1767" VPOS="3242" WIDTH="34" />
<String CONTENT="company," HEIGHT="53" HPOS="1802" VPOS="3237" WIDTH="296" />
</TextLine>
<TextLine HEIGHT="63" HPOS="105" STYLEREFS="StyleId-B7252A00-BB1B-4D12-9A9F-13ECCB689D04-" VPOS="3300" WIDTH="151">
<String CONTENT="1936]" HEIGHT="63" HPOS="105" VPOS="3300" WIDTH="151" />
</TextLine>
<TextLine CS="1" HEIGHT="48" HPOS="171" VPOS="3368" WIDTH="363">
<String CONTENT="428" HEIGHT="41" HPOS="171" VPOS="3368" WIDTH="89" />
<SP HEIGHT="47" HPOS="261" VPOS="3369" WIDTH="26" />
<String CONTENT="p." HEIGHT="37" HPOS="288" VPOS="3379" WIDTH="43" />
<SP HEIGHT="40" HPOS="332" VPOS="3369" WIDTH="56" />
<String CONTENT="23&#189;" CS="1" HEIGHT="40" HPOS="389" VPOS="3369" WIDTH="55" />
<String CONTENT="cm" HEIGHT="20" HPOS="477" STYLE="superscript" VPOS="3372" WIDTH="44" />
<String CONTENT="." HEIGHT="8" HPOS="526" VPOS="3402" WIDTH="8" />
</TextLine>
<TextLine CS="1" HEIGHT="57" HPOS="106" VPOS="3432" WIDTH="1991">
<String CONTENT="&#169;" HEIGHT="54" HPOS="106" VPOS="3432" WIDTH="54" />
<SP HEIGHT="54" HPOS="161" VPOS="3432" WIDTH="32" />
<String CONTENT="Aug." HEIGHT="47" HPOS="194" VPOS="3438" WIDTH="117" />
<SP HEIGHT="39" HPOS="312" VPOS="3437" WIDTH="35" />
<String CONTENT="21," HEIGHT="48" HPOS="348" VPOS="3437" WIDTH="69" />
<SP HEIGHT="47" HPOS="418" VPOS="3438" WIDTH="34" />
<String CONTENT="1936;" HEIGHT="46" HPOS="453" VPOS="3438" WIDTH="140" />
<SP HEIGHT="47" HPOS="594" VPOS="3437" WIDTH="35" />
<String CONTENT="2c." HEIGHT="43" HPOS="630" VPOS="3437" WIDTH="68" />
<SP HEIGHT="41" HPOS="699" VPOS="3439" WIDTH="38" />
<String CONTENT="Sept." HEIGHT="47" HPOS="738" VPOS="3439" WIDTH="126" />
<SP HEIGHT="38" HPOS="865" VPOS="3440" WIDTH="35" />
<String CONTENT="19;" HEIGHT="48" HPOS="901" VPOS="3438" WIDTH="82" />
<SP HEIGHT="37" HPOS="984" VPOS="3449" WIDTH="36" />
<String CONTENT="aff." HEIGHT="41" HPOS="1021" VPOS="3439" WIDTH="82" />
<SP HEIGHT="40" HPOS="1104" VPOS="3440" WIDTH="38" />
<String CONTENT="Sept." HEIGHT="47" HPOS="1143" VPOS="3440" WIDTH="127" />
<SP HEIGHT="39" HPOS="1271" VPOS="3441" WIDTH="36" />
<String CONTENT="17;" HEIGHT="47" HPOS="1308" VPOS="3441" WIDTH="81" />
<SP HEIGHT="47" HPOS="1390" VPOS="3441" WIDTH="34" />
<String CONTENT="A" HEIGHT="39" HPOS="1425" VPOS="3441" WIDTH="43" />
<SP HEIGHT="41" HPOS="1469" VPOS="3440" WIDTH="32" />
<String CONTENT="98525;" CS="1" HEIGHT="42" HPOS="1502" VPOS="3440" WIDTH="143" />
<SP HEIGHT="46" HPOS="1673" VPOS="3442" WIDTH="37" />
<String CONTENT="West" HEIGHT="39" HPOS="1711" VPOS="3442" WIDTH="135" />
<SP HEIGHT="46" HPOS="1847" VPOS="3443" WIDTH="33" />
<String CONTENT="pub." HEIGHT="48" HPOS="1881" VPOS="3441" WIDTH="109" />
<SP HEIGHT="29" HPOS="1991" VPOS="3451" WIDTH="37" />
<String CONTENT="co." HEIGHT="30" HPOS="2029" VPOS="3451" WIDTH="68" />
</TextLine>
<TextLine CS="1" HEIGHT="48" HPOS="175" VPOS="3494" WIDTH="1832">
<String CONTENT="and" HEIGHT="39" HPOS="175" VPOS="3494" WIDTH="95" />
<SP HEIGHT="39" HPOS="271" VPOS="3494" WIDTH="25" />
<String CONTENT="Edward" HEIGHT="39" HPOS="297" VPOS="3494" WIDTH="209" />
<SP HEIGHT="39" HPOS="507" VPOS="3494" WIDTH="25" />
<String CONTENT="Thompson" HEIGHT="48" HPOS="533" VPOS="3494" WIDTH="274" />
<SP HEIGHT="29" HPOS="808" VPOS="3504" WIDTH="24" />
<String CONTENT="co." HEIGHT="31" HPOS="833" VPOS="3504" WIDTH="67" />
<SP />
<String CONTENT="8156" HEIGHT="42" HPOS="1888" VPOS="3496" WIDTH="119" />
</TextLine>
<TextLine HEIGHT="64" HPOS="106" STYLEREFS="StyleId-1FE7C20E-1D07-428E-BB38-0D8261D45A04-" VPOS="3597" WIDTH="826">
<String CONTENT="Warden," HEIGHT="64" HPOS="106" VPOS="3597" WIDTH="270" />
<SP HEIGHT="63" HPOS="377" VPOS="3598" WIDTH="25" />
<String CONTENT="Carl" HEIGHT="53" HPOS="403" VPOS="3598" WIDTH="135" />
<SP HEIGHT="52" HPOS="539" VPOS="3598" WIDTH="20" />
<String CONTENT="John," HEIGHT="62" HPOS="560" VPOS="3598" WIDTH="174" />
<SP HEIGHT="56" HPOS="735" VPOS="3604" WIDTH="25" />
<String CONTENT="1890-" HEIGHT="50" HPOS="761" VPOS="3603" WIDTH="171" />
</TextLine>
<TextLine CS="1" HEIGHT="70" HPOS="173" STYLEREFS="StyleId-B7252A00-BB1B-4D12-9A9F-13ECCB689D04-" VPOS="3686" WIDTH="1860">
<String CONTENT="The" HEIGHT="52" HPOS="173" VPOS="3686" WIDTH="124" />
<SP HEIGHT="34" HPOS="298" VPOS="3704" WIDTH="38" />
<String CONTENT="emergence" HEIGHT="48" HPOS="337" VPOS="3704" WIDTH="322" />
<SP HEIGHT="34" HPOS="660" VPOS="3705" WIDTH="37" />
<String CONTENT="of" HEIGHT="53" HPOS="698" VPOS="3686" WIDTH="65" />
<SP HEIGHT="53" HPOS="764" VPOS="3686" WIDTH="37" />
<String CONTENT="human" HEIGHT="54" HPOS="802" VPOS="3687" WIDTH="214" />
<SP HEIGHT="34" HPOS="1017" VPOS="3707" WIDTH="42" />
<String CONTENT="culture," HEIGHT="69" HPOS="1060" VPOS="3687" WIDTH="236" />
<SP HEIGHT="67" HPOS="1297" VPOS="3689" WIDTH="39" />
<String CONTENT="by" HEIGHT="67" HPOS="1337" VPOS="3689" WIDTH="75" />
<SP HEIGHT="69" HPOS="1413" VPOS="3687" WIDTH="43" />
<String CONTENT="Carl" HEIGHT="55" HPOS="1457" VPOS="3687" WIDTH="136" />
<SP HEIGHT="55" HPOS="1594" VPOS="3689" WIDTH="39" />
<String CONTENT="J." HEIGHT="54" HPOS="1634" VPOS="3690" WIDTH="55" />
<SP HEIGHT="53" HPOS="1690" VPOS="3689" WIDTH="41" />
<String CONTENT="Warden" HEIGHT="52" HPOS="1732" VPOS="3689" WIDTH="253" />
<SP HEIGHT="35" HPOS="1986" VPOS="3709" WIDTH="47" />
<String CONTENT="&#8230;" CS="1" />
</TextLine>
<TextLine HEIGHT="71" HPOS="107" STYLEREFS="StyleId-B7252A00-BB1B-4D12-9A9F-13ECCB689D04-" VPOS="3762" WIDTH="1353">
<String CONTENT="New" HEIGHT="53" HPOS="107" VPOS="3762" WIDTH="137" />
<SP HEIGHT="51" HPOS="245" VPOS="3762" WIDTH="27" />
<String CONTENT="York," HEIGHT="57" HPOS="273" VPOS="3762" WIDTH="178" />
<SP HEIGHT="55" HPOS="452" VPOS="3764" WIDTH="26" />
<String CONTENT="The" HEIGHT="51" HPOS="479" VPOS="3764" WIDTH="119" />
<SP HEIGHT="51" HPOS="599" VPOS="3764" WIDTH="27" />
<String CONTENT="Macmillan" HEIGHT="53" HPOS="627" VPOS="3764" WIDTH="334" />
<SP HEIGHT="34" HPOS="962" VPOS="3783" WIDTH="25" />
<String CONTENT="company," HEIGHT="51" HPOS="988" VPOS="3782" WIDTH="296" />
<SP HEIGHT="63" HPOS="1285" VPOS="3768" WIDTH="26" />
<String CONTENT="1936." HEIGHT="50" HPOS="1312" VPOS="3768" WIDTH="148" />
</TextLine>
<TextLine CS="1" HEIGHT="51" HPOS="177" VPOS="3831" WIDTH="964">
<String CONTENT="5" HEIGHT="40" HPOS="177" VPOS="3831" WIDTH="26" />
<SP />
<String CONTENT="p." CS="1" />
<SP />
<String CONTENT="l.," CS="1" HEIGHT="16" HPOS="338" VPOS="3864" WIDTH="9" />
<SP HEIGHT="47" HPOS="348" VPOS="3833" WIDTH="27" />
<String CONTENT="189" HEIGHT="41" HPOS="376" VPOS="3832" WIDTH="84" />
<SP HEIGHT="48" HPOS="461" VPOS="3832" WIDTH="27" />
<String CONTENT="p." HEIGHT="36" HPOS="489" VPOS="3844" WIDTH="43" />
<SP HEIGHT="38" HPOS="533" VPOS="3835" WIDTH="59" />
<String CONTENT="illus.," HEIGHT="46" HPOS="593" VPOS="3835" WIDTH="143" />
<SP HEIGHT="37" HPOS="737" VPOS="3845" WIDTH="27" />
<String CONTENT="plates." HEIGHT="47" HPOS="765" VPOS="3835" WIDTH="170" />
<SP HEIGHT="41" HPOS="936" VPOS="3835" WIDTH="58" />
<String CONTENT="20&#189;" CS="1" HEIGHT="40" HPOS="995" VPOS="3835" WIDTH="57" />
<String CONTENT="cm" HEIGHT="21" HPOS="1083" STYLE="superscript" VPOS="3838" WIDTH="45" />
<String CONTENT="." HEIGHT="9" HPOS="1132" VPOS="3867" WIDTH="9" />
</TextLine>
<TextLine HEIGHT="49" HPOS="177" VPOS="3888" WIDTH="461">
<String CONTENT="&#8220;First" HEIGHT="41" HPOS="177" VPOS="3888" WIDTH="163" />
<SP HEIGHT="46" HPOS="341" VPOS="3890" WIDTH="39" />
<String CONTENT="printing.&#8221;" HEIGHT="48" HPOS="381" VPOS="3889" WIDTH="257" />
</TextLine>
<TextLine HEIGHT="50" HPOS="175" VPOS="3943" WIDTH="706">
<String CONTENT="Bibliography:" HEIGHT="49" HPOS="175" VPOS="3943" WIDTH="375" />
<SP HEIGHT="37" HPOS="551" VPOS="3956" WIDTH="35" />
<String CONTENT="p." HEIGHT="37" HPOS="587" VPOS="3956" WIDTH="42" />
<SP HEIGHT="40" HPOS="630" VPOS="3946" WIDTH="35" />
<String CONTENT="177-181." HEIGHT="41" HPOS="666" VPOS="3946" WIDTH="215" />
</TextLine>
<TextLine HEIGHT="58" HPOS="108" VPOS="4011" WIDTH="1763">
<String CONTENT="&#169;" HEIGHT="53" HPOS="108" VPOS="4011" WIDTH="53" />
<SP HEIGHT="53" HPOS="162" VPOS="4011" WIDTH="26" />
<String CONTENT="Aug." HEIGHT="48" HPOS="189" VPOS="4016" WIDTH="121" />
<SP HEIGHT="39" HPOS="311" VPOS="4018" WIDTH="27" />
<String CONTENT="18," HEIGHT="47" HPOS="339" VPOS="4017" WIDTH="70" />
<SP HEIGHT="46" HPOS="410" VPOS="4018" WIDTH="28" />
<String CONTENT="1936;" HEIGHT="49" HPOS="439" VPOS="4016" WIDTH="140" />
<SP HEIGHT="46" HPOS="580" VPOS="4019" WIDTH="31" />
<String CONTENT="2c." HEIGHT="38" HPOS="612" VPOS="4019" WIDTH="68" />
<SP HEIGHT="30" HPOS="681" VPOS="4028" WIDTH="28" />
<String CONTENT="and" HEIGHT="39" HPOS="710" VPOS="4019" WIDTH="94" />
<SP HEIGHT="39" HPOS="805" VPOS="4019" WIDTH="30" />
<String CONTENT="aff." HEIGHT="41" HPOS="836" VPOS="4019" WIDTH="81" />
<SP HEIGHT="39" HPOS="918" VPOS="4021" WIDTH="31" />
<String CONTENT="Aug." HEIGHT="47" HPOS="950" VPOS="4021" WIDTH="119" />
<SP HEIGHT="40" HPOS="1070" VPOS="4022" WIDTH="28" />
<String CONTENT="19;" HEIGHT="48" HPOS="1099" VPOS="4020" WIDTH="82" />
<SP HEIGHT="45" HPOS="1182" VPOS="4023" WIDTH="33" />
<String CONTENT="A" HEIGHT="38" HPOS="1216" VPOS="4023" WIDTH="40" />
<SP HEIGHT="40" HPOS="1257" VPOS="4021" WIDTH="28" />
<String CONTENT="98001;" HEIGHT="48" HPOS="1286" VPOS="4021" WIDTH="171" />
<SP HEIGHT="46" HPOS="1458" VPOS="4023" WIDTH="33" />
<String CONTENT="Macmillan" HEIGHT="40" HPOS="1492" VPOS="4023" WIDTH="281" />
<SP HEIGHT="29" HPOS="1774" VPOS="4034" WIDTH="30" />
<String CONTENT="co." HEIGHT="31" HPOS="1805" VPOS="4034" WIDTH="66" />
</TextLine>
<TextLine HEIGHT="52" HPOS="186" VPOS="4071" WIDTH="278">
<String CONTENT="(36-19932)" HEIGHT="52" HPOS="186" VPOS="4071" WIDTH="278" />
</TextLine>
</TextBlock>
</PrintSpace>
</Page>
</Layout>
</alto>