2597 4361
1098 4057 67 50 47

484 480 93 33 CONTENTS.—I.
603 474 142 40 From
768 473 82 41 the
871 473 281 48 patriarchs
1173 475 50 38 to
1245 473 83 41 the
1350 473 147 40 death
1521 472 52 41 of
1595 471 157 42 Judas
176 472 1959 99 Maccabeus.—II.
212 531 144 41 From
382 530 250 42 Jonathan
657 531 95 40 and
779 530 164 41 Simon
966 532 52 39 to
1041 530 82 41 the
1148 530 148 41 death
1322 529 53 42 of
1400 529 459 42 Mohammed.—III.
1886 531 143 40 From
2056 532 80 41 the

134 590 171 47 gaonic
328 590 167 47 period
521 591 50 38 to
593 589 130 47 Pope
744 588 219 41 Clement
1080 610 144 17 VIII.—IV.
1249 587 144 40 From
1418 588 83 39 the
1526 586 106 42 first
1658 587 185 41 Jewish
1868 589 197 40 settlers
2089 589 51 40 in

134 646 308 40 Amsterdam
469 648 50 38 to
549 646 83 41 the
661 644 206 41 Balfour
898 643 317 42 declaration.

132 700 52 53 ©
214 705 110 39 Dec.
355 705 69 46 18,
454 703 118 40 1935;
625 702 67 41 2c.
720 703 120 40 each
871 703 110 39 Jan.
1011 703 69 46 23,
1112 701 117 41 1936;
1287 701 82 41 aff.
1399 702 110 40 Jan.
1540 701 83 48 22;
1657 702 43 39 A
1727 700 172 50 91400;
1932 702 207 40 Hebrew

205 762 107 47 pub.
344 772 67 29 co.
479 760 250 49 (36-1871)

135 849 357 64 Greenberg,
520 848 166 66 Jack,
717 854 171 49 1882-

206 921 1933 71 Off the emery wheel, by Jack Greenberg … [Hollywood,
136 1002 191 68 Calif.,
356 1002 121 52 The
507 1001 241 55 Cloister
778 1018 173 52 press,
979 1008 18 21 c
1002 1003 153 66 1935]

207 1073 56 41 58
293 1084 42 37 p.
395 1073 59 40 20½
484 1075 44 21 cm
533 1106 9 8 .

199 1134 172 40 Poems

131 1188 2011 52 © Dec. 26, 1935; 2c. and aff. Jan. 21, 1936; A 90405; J. Greenberg, Los
202 1249 218 47 Angeles.
489 1247 250 48 (36-1722)

135 1338 243 63 Greene,
409 1339 202 62 Harry
639 1337 274 62 Andrew,
946 1342 171 49 1889-

202 1414 121 52 The
347 1431 95 35 use
469 1414 113 52 and
607 1412 442 69 interpretation
1076 1410 64 54 of
1166 1411 142 70 high
1335 1411 191 54 school
1554 1416 154 63 tests,
1733 1411 76 69 by
1834 1411 201 70 Harry
2063 1412 70 51 A.

130 1489 1982 150 Greene … and Albert N. Jorgensen … New York [etc.] Longmans, Green and co., 1936.
203 1644 131 46 xxvi,
368 1643 86 41 614
486 1653 44 38 p.
591 1642 142 48 illus.,
771 1643 178 48 diagrs.
1009 1642 56 39 22
1070 1645 42 20 cm
1118 1675 9 8 .
1192 1641 301 50 [Longmans’
1530 1641 259 42 education
1825 1641 165 51 series]

205 1700 242 41 “Editor’s
470 1699 360 41 introduction”
859 1701 196 47 signed:
1084 1700 52 41 F.
1165 1700 53 39 B.
1246 1699 203 48 Knight.

202 1758 43 38 A
277 1758 210 41 revision
519 1759 96 39 and
644 1758 267 48 expansion
943 1758 52 40 of
1024 1758 83 41 the
1139 1759 266 39 treatment
1434 1757 53 41 of
1517 1758 83 40 the
1628 1756 243 49 problems
1903 1757 53 41 of
135 1767 1985 89 measurement
379 1816 51 39 of
453 1815 292 40 instruction
770 1816 50 39 in
842 1817 82 39 the
949 1815 165 48 junior
1140 1817 96 38 and
1264 1815 162 40 senior
1448 1815 117 48 high
1590 1815 163 40 school
1777 1816 175 47 grades
1978 1814 159 41 which

135 1882 100 31 was
269 1873 255 47 published
561 1873 49 39 in
643 1873 116 40 1929
790 1874 51 39 in
877 1874 83 40 the
994 1874 219 39 authors’
1251 1873 130 40 “The
1415 1884 87 30 use
1537 1874 96 40 and
1670 1871 378 50 interpretation
2086 1871 53 41 of

133 1930 309 41 educational
486 1929 164 41 tests”.
722 1930 101 41 The
862 1930 215 48 problem
1120 1931 52 39 of
1215 1932 358 39 measurement
1618 1932 53 40 at
1714 1932 82 39 the
1838 1930 298 48 elementary

133 1987 162 40 school
319 1987 118 41 level
462 1998 102 29 was
585 1987 255 48 published
866 1988 49 40 in
940 1987 115 41 1935
1081 1988 49 40 in
1152 1998 27 30 a
1205 1989 227 47 separate
1453 1988 191 41 volume
1669 1988 204 41 entitled
1898 1988 129 41 “The
2052 1997 84 31 use

135 2044 95 39 and
263 2045 377 47 interpretation
672 2045 52 40 of
755 2046 298 47 elementary
1085 2046 161 39 school
1280 2045 167 41 tests”,
1509 2046 62 47 cf.
1604 2045 130 42 Pref.

209 2101 163 41 “First
399 2102 227 40 edition.”

206 2157 246 42 “Selected
486 2159 297 41 references”
816 2161 52 40 at
897 2161 93 41 end
1022 2161 51 39 of
1105 2161 119 41 each
1256 2161 201 48 chapter
1486 2163 172 47 except
1688 2162 202 48 chapter
1919 2171 130 32 xxiv.

206 2214 134 40 “List
368 2215 52 39 of
448 2217 308 39 educational
787 2218 122 39 tests
936 2218 276 40 mentioned
1245 2219 47 38 in
1327 2219 96 39 this
1452 2219 248 40 volume”:
1733 2231 43 37 p.
1807 2219 215 41 586-595.

132 2271 52 52 ©
214 2275 108 41 Jan.
354 2276 68 47 15,
453 2276 117 39 1936;
625 2276 67 39 2c.
723 2277 96 39 and
848 2275 83 41 aff.
962 2277 110 39 Jan.
1103 2278 81 40 17;
1218 2278 43 37 A
1289 2276 148 41 91273;
1493 2279 288 47 Longmans.
1816 2279 155 40 Green
2001 2279 38 40 &
2068 2289 69 30 co.

211 2333 251 47 (36-2083)

134 2421 322 64 Hamilton,
486 2423 196 62 Cicely
707 2424 190 61 Mary,
927 2425 171 52 1875-

205 2497 131 54 Life
366 2503 193 48 errant
595 2498 93 68 [by]
740 2497 196 70 Cicely
965 2497 332 69 Hamilton;
1330 2500 142 54 with
1499 2505 356 64 twenty-two
135 2501 1976 127 illustrations.
361 2576 259 68 London,
644 2577 56 53 J.
727 2576 77 54 M.
831 2577 156 53 Dent
1010 2580 47 50 &
1080 2595 146 50 sons,
1250 2577 106 55 ltd.
1389 2581 173 64 [1935]

205 2661 45 37 x,
278 2649 87 41 300
393 2661 45 38 p.
496 2649 165 50 front.,
687 2652 172 48 plates,
889 2653 150 47 ports.
1098 2650 118 42 22cm.

204 2707 412 50 Autobiography.

209 2763 259 42 “Extracts
513 2764 129 41 from
687 2766 81 40 the
814 2764 252 51 following
1110 2775 148 40 pages
1301 2767 125 41 have
1471 2767 244 49 appeared
1760 2766 53 42 in
1856 2767 137 44 Time
2037 2768 98 42 and

138 2820 246 50 tide.”—p.
417 2821 116 51 [viii]

133 2875 52 53 ©
210 2881 65 38 1c.
303 2880 109 40 Jan.
439 2880 40 48 2,
507 2879 116 41 1936;
676 2881 39 38 A
740 2882 60 38 ad
828 2880 86 40 int.
942 2880 139 40 21021;
1143 2882 142 47 pubd.
1358 2892 72 28 Nov.
1459 2883 40 41 1.
1526 2881 116 41 1935;
1699 2883 50 40 C.
1778 2884 61 38 M.
1869 2882 267 48 Hamilton,

204 2938 207 39 London.
482 2937 249 48 (36-3119)

135 3012 519 66 Hammerslough,
680 3014 137 52 Mrs.
847 3014 192 53 Freda
1063 3015 183 55 Haas.

207 3087 367 55 Connecticut
621 3092 204 65 portal,
871 3089 76 69 by
994 3089 187 54 Freda
1227 3090 161 53 Haas
1436 3089 508 67 Hammerslough;
1995 3094 145 48 state

137 3166 2000 225 photographs by the courtesy of George S. Goddard … photography by Wykoff Mills; illustrations by Yanetta H. Warren and Clare Thompson; photographic illustrations by the
138 3398 218 53 author.
430 3399 138 52 New
605 3398 160 53 York
800 3398 131 70 city.
967 3400 123 55 The
1123 3400 168 54 Poets
1327 3418 155 50 press
1566 3404 151 65 [c1935]

205 3468 88 40 136
318 3480 44 38 p.
391 3470 109 41 incl.
529 3470 164 47 front.,
723 3470 141 49 illus.,
894 3473 171 47 plates,
1096 3474 135 46 ports.
1305 3474 171 46 plates.
1537 3473 55 40 23½
1625 3476 43 21 cm
1675 3506 7 8 .

207 3525 41 39 A
275 3527 251 39 narrative
555 3537 151 37 poem.

207 3581 163 41 “First
396 3583 227 41 edition.”

136 3637 52 52 ©
221 3643 108 39 Dec.
367 3642 68 43 19.
467 3642 140 48 1935;
643 3643 66 40 2c.
743 3644 101 39 and
874 3643 82 41 aff.
990 3645 110 39 Jan.
1136 3645 68 40 16.
1240 3644 141 47 1936;
1418 3647 40 37 A
1493 3645 171 43 90309;
1702 3647 51 40 F.
1790 3647 58 38 H.
206 3647 1913 99 Hammerslough.
428 3701 257 39 Hartford.
760 3699 251 49 (36-1719)

139 3772 229 63 Hanna,
399 3774 209 55 Alfred
639 3776 274 64 Jackson,
946 3782 170 50 1893-

267 3850 1866 72 … The founding of Rollins college. by A. J. Hanna. Winter
138 3926 172 66 Park,
340 3929 141 65 Fla.,
510 3928 223 55 Rollins
763 3931 210 69 college
1010 3964 12 34 [
1027 3937 18 21 c
1050 3934 152 64 1935]
