2519 4377
1053 4104 131 50 1065

127 459 183 61 Hunt,
338 458 205 52 Duane
575 455 301 65 Garrison,
907 461 170 50 1884-

127 531 1995 148 … The people, the clergy and the church; an answer to accusations against the Catholic church made by a Mormon writer
126 689 1971 146 of Utah, by Monsignor D. G. Hunt … New York, The Paulist press [ c 1936]
197 851 41 38 v,
270 840 84 41 111
383 851 44 37 p.
486 839 58 41 19
545 842 44 22 cm
593 871 10 10 .

199 910 62 41 At
289 911 124 40 head
440 910 52 40 of
517 910 108 41 title:
682 910 55 41 A.
764 911 63 40 M.
854 911 57 40 D.
942 910 53 41 G.

199 968 40 39 A
264 966 135 50 reply
425 969 50 39 to
500 968 308 40 accusations
833 968 143 40 made
999 966 60 49 by
1086 966 257 42 Professor
1368 966 166 42 James
1561 966 52 42 L.
1640 968 202 41 Barker,
1903 969 61 48 cf.
1994 969 127 41 Pref.

128 1035 52 53 ©
212 1040 126 39 June
370 1039 69 47 30,
474 1038 112 41 1936;
649 1039 68 41 2c.
753 1039 94 39 and
882 1037 82 42 aff.
998 1038 116 47 July
1147 1038 52 47 2;
1239 1040 39 37 A
1311 1038 170 48 95901;
1520 1039 191 40 Paulist
1744 1049 151 37 press.

207 1096 279 49 (36-17865)
1914 1094 119 43 6831

125 1201 177 63 Imbs,
331 1200 239 64 Bravig,
604 1205 170 49 1904-

199 1275 366 56 Confessions
599 1275 66 53 of
699 1276 237 52 another
969 1294 194 50 young
1194 1294 151 49 man,
1380 1275 73 69 by
1487 1276 221 68 Bravig
1742 1276 173 53 Imbs.
1989 1277 136 53 New

131 1353 178 68 York,
343 1354 68 53 N.
448 1352 89 67 Y.,
570 1353 122 53 The
725 1352 248 53 Henkle-
981 1353 270 53 Yewdale
1281 1353 190 67 house,
1505 1351 105 56 inc.
1656 1387 12 34 [
1673 1360 18 21 c
1697 1357 151 64 1936]

199 1429 85 40 302
313 1439 44 38 p.
416 1427 103 49 20p
521 1430 27 21 m
553 1459 9 9 .

541 1483 41 40 CONTENTS.—1.
607 1485 101 40 The
735 1486 148 39 sweet
908 1485 96 40 and
1029 1483 182 42 violent
1241 1484 182 49 George
1446 1483 319 42 Antheil.—2.
1792 1486 57 38 In
1874 1485 107 40 love
2005 1485 120 41 with

130 1542 168 49 genius:
358 1540 239 42 Gertrude
625 1540 150 42 Stein.

127 1609 52 53 ©
204 1615 114 45 May
341 1613 69 46 20,
437 1612 117 41 1936;
603 1613 68 40 2c.
698 1612 95 39 and
819 1612 81 41 aff.
928 1614 113 45 May
1066 1613 56 40 27;
1177 1613 41 39 A
1243 1612 144 41 94932;
1443 1614 53 40 B.
1526 1613 143 49 Imbs,
1695 1614 154 39 Paris.

207 1669 280 50 (36-17990)

126 1775 197 64 Jacob,
353 1775 214 52 Naomi
596 1774 320 64 Ellington,
947 1780 170 50 1889-

198 1853 219 52 Barren
443 1852 190 68 metal,
660 1852 76 68 by
763 1851 206 54 Naomi
997 1851 196 56 Jacob.
1268 1852 138 53 New
1436 1852 178 66 York,
1642 1853 122 52 The
1790 1853 335 53 Macmillan

126 1949 295 50 company,
454 1934 148 51 1936.

199 2003 87 41 320
314 2015 43 38 p.
418 2002 58 41 20½c
522 2006 28 21 m
553 2035 10 9 .

132 2071 52 53 ©
210 2076 117 46 Aug.
359 2076 68 44 11,
457 2074 140 47 1936;
629 2074 70 42 2c.
730 2075 95 39 and
856 2074 81 42 aff.
968 2075 119 47 Aug.
1121 2074 81 48 12;
1234 2076 40 38 A
1304 2073 171 49 96871;
1512 2075 173 39 Naomi
1716 2074 163 51 Jacob,
1913 2075 211 42 London.

208 2131 279 49 (36-17721)

128 2236 173 63 Judd,
332 2236 260 54 Frances
617 2236 75 57 K.

261 2310 1862 70 … The green cameo mystery, by Frances K. Judd … New
134 2390 175 57 York,
343 2388 252 70 Cupples
625 2390 46 50 &
701 2388 155 53 Leon
888 2405 279 52 company
1207 2421 12 34 [
1225 2394 17 22 c
1247 2389 151 66 1936]

200 2461 61 47 iv,
295 2460 83 39 211
414 2471 43 37 p.
516 2460 150 40 front.
729 2458 116 43 20cm.
916 2459 128 49 (Her
1074 2460 110 47 Kay
1218 2461 184 46 Tracey
1434 2462 215 46 mystery
1684 2461 199 43 stories)

130 2529 52 52 ©
210 2534 112 46 May
347 2533 69 47 22,
446 2531 139 48 1936;
614 2532 68 41 2c.
710 2533 115 46 July
852 2532 81 44 29;
964 2529 81 44 aff.
1075 2533 119 46 Aug.
1222 2533 54 39 13;
1335 2533 39 38 A
1400 2531 143 41 96911;
1604 2532 208 48 Cupples
1837 2533 37 39 &
1902 2533 130 39 Leon
2059 2542 67 30 co.

210 2589 278 48 (36-17704)

264 2690 1801 69 … The six fingered glove mystery, by Frances K. Judd …
133 2770 137 52 New
304 2768 180 68 York,
519 2767 252 69 Cupples
803 2769 45 50 &
877 2768 155 53 Leon
1066 2783 279 52 company
1425 2769 151 65 [c1936]

202 2839 60 48 iv,
293 2839 84 40 203
405 2849 44 38 p.
507 2839 151 41 front.
718 2837 57 41 20
776 2841 45 21 cm
824 2869 10 9 .
905 2839 127 48 (Her
1060 2839 110 48 Kay
1201 2840 183 46 Tracey
1415 2841 215 45 mystery
1661 2840 200 47 stories)

132 2910 52 52 ©
209 2915 112 45 May
348 2913 69 46 15,
443 2912 140 43 1936;
612 2912 68 41 2c.
708 2912 115 47 July
850 2912 81 42 29;
962 2912 82 40 aff.
1074 2913 117 46 Aug.
1220 2913 81 45 13;
1331 2913 39 38 A
1400 2911 170 44 96910;
1601 2912 208 48 Cupples
1838 2913 36 40 &
1902 2913 129 38 Leon
2059 2922 68 31 co.

211 2970 279 48 (36-17713)

131 3073 133 64 Kik,
294 3073 179 53 Jacob
502 3072 331 65 Marcellus,
868 3078 170 49 1903-

203 3150 120 52 The
351 3167 224 35 narrow
604 3149 113 53 and
745 3149 95 52 the
866 3149 177 52 broad
1074 3167 142 49 way,
1244 3148 112 54 and
1384 3149 161 51 other
1576 3166 250 36 sermons
1854 3149 64 53 of
135 3150 1969 144 salvation,
298 3227 75 68 by
398 3227 54 53 J.
480 3226 305 53 Marcellus

811 3225 1318 69 Kik … Grand Rapids, Mich., Zondervan
136 3305 332 67 publishing
494 3305 189 67 house,
716 3306 150 51 1934.

205 3380 27 38 4
260 3390 40 37 p.
328 3380 45 46 1.,
401 3378 67 48 iii,
500 3377 206 50 [13]-106
730 3388 42 37 p.
828 3377 55 40 20½
915 3380 45 20 cm
964 3409 9 9 .

132 3446 53 53 ©
209 3451 124 39 June
357 3451 65 46 15,
449 3450 113 39 1934;
613 3449 68 41 2c.
706 3449 109 40 Feb.
841 3450 68 47 18,
934 3450 139 47 1936;
1101 3449 80 41 aff.
1208 3449 108 39 Feb.
1343 3449 54 40 19;
1450 3451 40 38 A
1514 3450 143 40 93043;
1711 3450 284 39 Zondervan
2018 3451 110 47 pub.

204 3507 162 41 house.
430 3506 279 49 (36-17787)

135 3610 204 64 Laing,
365 3609 335 54 Alexander
724 3609 255 65 Kinnan,
1009 3615 171 51 1903-

207 3687 101 51 Dr.
347 3685 272 67 Scarlett;
659 3705 31 34 a
723 3685 289 56 narrative
1047 3685 64 53 of
1142 3685 89 55 his
1265 3686 337 68 mysterious
1634 3686 273 53 behavior
1942 3685 60 52 in
2034 3687 94 53 the

140 3764 156 65 East,
336 3764 74 67 by
448 3763 327 53 Alexander
814 3763 203 69 Laing.
1092 3764 138 53 New
1274 3763 179 69 York,
1493 3764 215 52 Farrar
1747 3766 45 49 &
1831 3763 299 69 Rinehart,

139 3841 397 67 incorporated
570 3873 12 33 [
585 3847 20 21 c
610 3844 152 63 1936]

210 3926 45 36 x,
293 3915 88 40 338
419 3925 44 38 p.
521 3914 117 42 20cm.

140 3979 52 52 ©
221 3985 118 45 Aug.
367 3984 67 47 13,
466 3984 112 39 1936;
635 3984 69 40 2c.
735 3985 118 46 Aug.
884 3985 54 39 15;
999 3984 81 42 aff.
1112 3985 119 46 Aug.
1264 3986 53 38 14;
1378 3986 38 37 A
1446 3984 143 40 96932;
1653 3985 276 39 Alexander
1960 3985 167 49 Laing,

208 4041 240 47 Hanover,
473 4040 54 39 N.
553 4041 59 38 H.
675 4039 278 49 (36-17947)
