2519 4377
1061 4138 133 54 1277

170 553 1921 56 “There are seven ways to make a living … The producers are the
102 622 199 46 worker,
331 620 82 39 the
440 619 220 41 scientist
688 618 96 40 and
812 619 82 39 the
920 616 173 47 artist;
1125 615 144 40 while
1298 616 82 40 the
1407 612 265 50 politician,
1703 613 84 39 the
1815 609 276 50 prostitute,

102 678 81 41 the
208 678 172 46 mystic
408 676 95 39 and
530 675 81 40 the
637 674 226 48 profiteer
890 673 97 40 live
1013 673 60 46 by
1102 673 81 39 the
1210 672 161 39 labors
1401 671 51 39 of
1480 666 404 44 others.”—Book
1913 667 178 49 jacket.

103 732 52 55 ©
191 737 126 47 Sept.
351 736 68 46 11,
455 733 138 48 1936;
630 734 68 40 2c.
733 732 94 39 and
858 732 81 39 aff.
977 731 128 48 Sept.
1139 731 81 45 14;
1257 731 42 37 A
1330 727 169 49 98356;
1539 725 250 48 Liveright
1822 724 108 49 pub.
1967 731 128 40 corp.

183 791 278 50 (36-19931)

103 893 248 64 Rankin,
383 892 259 54 Rebecca
671 888 336 66 Browning,
1042 890 170 52 1887-
1423 886 83 55 ed.

173 971 138 52 New
353 968 162 54 York
557 966 350 71 advancing;
954 984 31 35 a
1028 962 272 57 scientific
1344 961 292 70 approach
1676 965 59 50 to
1780 957 315 72 municipal

104 1051 396 64 government:
531 1063 72 36 an
632 1044 342 68 accounting
1001 1048 57 48 to
1091 1043 95 52 the
1215 1041 231 53 citizens
1476 1041 74 68 by
1581 1040 96 53 the
1708 1038 389 68 departments

107 1124 110 54 and
249 1123 286 69 boroughs
571 1122 63 53 of
669 1123 94 52 the
797 1122 115 68 city
947 1120 64 54 of
1044 1120 138 52 New
1218 1118 180 68 York,
1436 1119 327 65 1934-1935,
1797 1117 67 53 F.
1898 1115 79 54 H.
2013 1115 83 53 La

106 1199 276 71 Guardia,
407 1217 214 52 mayor.
687 1197 212 55 Edited
927 1198 75 69 by
1030 1197 249 54 Rebecca
1310 1197 67 53 B.
1406 1193 248 56 Rankin.
1742 1194 139 53 [New
1910 1192 182 68 York]

109 1280 149 55 1936.

179 1343 1920 59 xiii, [1], 367, [1] p. incl. front., illus., diagrs. fold. tab., 2 fold. diagr.
108 1404 57 42 24½cm.

111 1460 53 56 ©
201 1466 127 47 Sept.
364 1464 40 49 9,
441 1464 140 46 1936;
617 1463 68 40 2c.
724 1463 95 39 and
856 1463 83 40 aff.
978 1462 127 49 Sept.
1141 1462 81 42 11;
1260 1462 42 39 A
1337 1461 171 48 98341;
1550 1460 265 48 Municipal
1853 1458 252 43 reference

179 1521 198 48 library,
410 1522 118 39 New
559 1520 145 43 York.
776 1518 280 51 (36-19835)

109 1626 252 64 Rhodes,
388 1625 227 54 Bertha
640 1624 269 55 Marilda.

181 1695 1924 74 Little American books … by Bertha M. Rhodes; pictures
111 1773 1994 74 by Eleanore M. Hubbard … Chicago, A. Whitman & co.,
116 1858 148 52 1936.

182 1925 26 40 6
236 1936 43 30 v.
340 1926 128 40 illus.
496 1924 136 50 (part
663 1924 114 48 col.)
843 1924 56 41 19½cm.

185 1981 204 41 “Junior
423 1992 133 38 press
591 1980 192 42 books.”

462 2050 123 31 CONTENTS.—[v.
625 2038 41 52 1]
707 2038 112 41 Just
859 2037 256 42 Tom.—[v.
1155 2037 42 52 2]
1238 2039 150 47 Eagle
1426 2038 290 50 ranch.—[v.
1755 2037 41 51 3]
1842 2038 266 49 Signals.—

119 2113 59 31 [v.
206 2095 43 52 4]
284 2095 199 47 Spotted
511 2094 153 42 deer’s
693 2096 283 46 party.—[v.
1006 2094 42 52 5]
1082 2094 185 47 Engine
1298 2103 248 40 company,
1577 2105 75 30 no.
1684 2094 196 42 25.—[v.
1912 2095 26 41 6]
1989 2094 119 46 Flag

115 2152 49 40 to
195 2152 81 40 the
304 2151 149 40 front.

117 2205 54 56 ©
198 2210 126 40 June
353 2211 68 46 24,
453 2209 139 48 1936;
624 2209 68 41 2c.
724 2210 119 38 each
871 2209 116 48 July
1013 2209 81 49 13;
1128 2209 108 41 affs.
1267 2210 118 48 Aug.
1417 2210 53 47 6;
1504 2210 40 39 A
1574 2209 158 50 98252,
1763 2208 157 53 98254,
1953 2208 157 51 98257,

188 2267 156 47 98256,
384 2267 157 48 98253,
583 2266 170 44 98255;
795 2267 169 39 Albert
1002 2266 250 41 Whitman
1292 2267 36 39 &
1367 2277 66 30 co.
1506 2267 279 49 [Copyright
1825 2267 42 40 is
1906 2267 207 41 claimed

188 2335 59 29 on
276 2334 106 29 new
411 2324 91 39 end
530 2333 189 40 papers,
751 2323 61 47 by
841 2322 210 42 Eleanor
1082 2323 197 47 Mussey
1309 2323 184 50 Young]

198 2380 279 48 (36-19093)

118 2484 136 65 Roe,
282 2484 218 63 Joseph
528 2484 247 64 Hyram,
807 2488 171 50 1892-

190 2560 319 68 Principles
554 2560 64 53 of
664 2560 331 67 chemistry;
1047 2579 70 34 an
1164 2557 396 71 introductory
1606 2561 267 52 textbook
1921 2561 64 54 of
122 2562 1967 144 inorganic,
408 2637 232 69 organic
680 2638 112 53 and
832 2636 415 70 physiological
1284 2637 306 69 chemistry
1631 2638 94 53 for
1765 2657 194 37 nurses
2004 2641 105 52 and

123 2711 1993 152 students of home economics and applied chemistry, with laboratory experiments, by Joseph H. Roe … 4th ed. St. Louis.
125 2872 121 55 The
274 2871 61 55 C.
363 2872 70 54 V.
461 2870 204 69 Mosby
693 2888 296 51 company,
1018 2873 149 52 1936.

195 2942 1270 53 2 p. l., 475 p. illus., col. plates, diagrs. 22½ cm .
197 2997 1544 53 Most of the alternate pages of part II blank for “Notes”.
126 3051 52 55 ©
209 3058 119 46 Aug.
361 3057 69 42 25.
463 3056 139 48 1936;
637 3056 69 41 2c.
738 3058 119 46 Aug.
890 3056 55 40 29;
1010 3057 81 41 aff.
1124 3058 120 45 Aug.
1277 3058 82 46 31;
1394 3058 42 38 A
1467 3056 171 50 98174;
1717 3088 7 9 C.
1760 3059 53 40 V.
1850 3057 170 49 Mosby
2052 3067 68 32 co.

207 3112 279 50 (36-19946)

127 3215 166 63 Ross,
319 3214 212 56 Ishbel.

198 3289 208 53 Ladies
440 3289 63 53 of
539 3289 95 54 the
670 3307 186 50 press;
894 3289 96 54 the
1028 3295 158 59 story
1221 3290 65 53 of
1319 3307 215 37 women
1573 3292 58 52 in
1669 3290 341 69 journalism
2045 3293 76 68 by

133 3383 71 37 an
241 3367 230 56 insider,
509 3366 192 54 Ishbel
739 3366 158 53 Ross.
972 3365 138 55 New
1151 3367 161 52 York
1352 3369 111 51 and
1501 3369 257 68 London,
1797 3369 233 70 Harper
2071 3374 50 50 &

131 3442 274 68 brothers,
436 3446 148 50 1936.

202 3514 68 40 xii
302 3524 56 38 p.,
391 3514 24 40 1
468 3546 22 16 l.,
521 3512 84 42 622
635 3524 43 38 p.
738 3513 135 41 front.
916 3513 171 50 (port.)
1154 3514 56 41 22½
1242 3517 45 22 cm
1292 3548 9 9 .

201 3570 149 47 Forty
380 3570 234 48 portraits
644 3581 60 29 on
734 3570 361 49 lining-papers.

204 3626 162 40 “First
398 3625 225 43 edition.”

135 3680 53 55 ©
218 3686 125 47 Sept.
374 3686 68 46 17,
470 3685 139 47 1936;
639 3685 68 40 2c.
738 3686 129 47 Sept.
896 3686 80 47 16;
1008 3685 82 42 aff.
1121 3687 128 47 Sept.
1279 3687 81 47 19;
1390 3689 40 38 A
1458 3687 171 51 98479;
1663 3690 161 40 Ishbel
1856 3691 124 40 Ross
2009 3693 115 46 Rae,

201 3741 120 40 New
348 3742 145 42 York.
560 3740 281 52 (36-19813)

134 3830 369 64 Schinnerer,
532 3830 144 53 Otto
702 3830 163 63 Paul,
895 3834 172 52 1890-

138 3899 1962 229 Continuing German, by Otto P. Schinnerer … with illustrations by Fritzi Loew … New York, The Macmillan company, 1936.
