<alto xmlns="http://www.loc.gov/standards/alto/ns-v3#" xmlns:xsi="http://www.w3.org/2001/XMLSchema-instance" xsi:schemaLocation="http://www.loc.gov/standards/alto/ns-v3# http://www.loc.gov/alto/v3/alto-3-0.xsd"><Description>
<MeasurementUnit>pixel</MeasurementUnit>
<sourceImageInformation>
<fileName>1936_v33_Part1.pdf</fileName>
</sourceImageInformation>
<OCRProcessing ID="IdOcr">
<ocrProcessingStep>
<processingDateTime>2019-01-18</processingDateTime>
<processingSoftware>
<softwareCreator>ABBYY</softwareCreator>
<softwareName>ABBYY Recognition Server</softwareName>
<softwareVersion>4.0</softwareVersion>
</processingSoftware>
</ocrProcessingStep>
</OCRProcessing>
</Description>
<Styles>
<ParagraphStyle ALIGN="Left" FIRSTLINE="0." ID="StyleId-FFFFFFFF-FFFF-FFFF-FFFF-FFFFFFFFFFFF-" LEFT="0." RIGHT="0." />
<ParagraphStyle ALIGN="Left" FIRSTLINE="0." ID="StyleId-51D50FAC-7A90-4D70-8A96-5EA9D46D1C8B-" LEFT="0." LINESPACE="7.699999809" RIGHT="0." />
<ParagraphStyle ALIGN="Block" FIRSTLINE="-17." ID="StyleId-6BC133E9-7DCB-43C3-8842-A67984A26405-" LEFT="0." LINESPACE="8.340000153" RIGHT="0." />
<ParagraphStyle ALIGN="Left" FIRSTLINE="-13." ID="StyleId-3C3FF860-43E7-46A2-8934-48F305F6F0D6-" LEFT="0." LINESPACE="11.06999969" RIGHT="0." />
<ParagraphStyle ALIGN="Block" FIRSTLINE="-13." ID="StyleId-19220C76-4F8A-4737-B38C-B5F5C17E6040-" LEFT="0." LINESPACE="11.06999969" RIGHT="0." />
<ParagraphStyle ALIGN="Left" FIRSTLINE="0." ID="StyleId-75A0D721-13ED-4F20-9002-B389EC48477D-" LEFT="0." LINESPACE="15.5" RIGHT="0." />
<ParagraphStyle ALIGN="Left" FIRSTLINE="0." ID="StyleId-8A414184-C7A5-4AC7-9B88-7DA4DDE75922-" LEFT="0." LINESPACE="9.399999619" RIGHT="0." />
<ParagraphStyle ALIGN="Left" FIRSTLINE="0." ID="StyleId-1A87970B-111C-4169-99A6-9412976F3C97-" LEFT="0." LINESPACE="10.5" RIGHT="0." />
<ParagraphStyle ALIGN="Block" FIRSTLINE="-17." ID="StyleId-72DB0571-5AE4-41FD-9E11-68C6AC4C437E-" LEFT="0." LINESPACE="8.340000153" RIGHT="0." />
<ParagraphStyle ALIGN="Center" FIRSTLINE="0." ID="StyleId-1AA43056-C388-4697-B10F-72FDAA38FAE1-" LEFT="0." LINESPACE="10.5" RIGHT="0." />
</Styles>
<Layout>
<Page HEIGHT="4361" ID="Page44" PHYSICAL_IMG_NR="44" WIDTH="2597">
<TopMargin HEIGHT="376" HPOS="0" VPOS="0" WIDTH="2597">
</TopMargin>
<LeftMargin HEIGHT="3754" HPOS="0" VPOS="376" WIDTH="382">
</LeftMargin>
<RightMargin HEIGHT="3754" HPOS="2436" VPOS="376" WIDTH="161">
</RightMargin>
<BottomMargin HEIGHT="231" HPOS="0" VPOS="4130" WIDTH="2597">
</BottomMargin>
<PrintSpace HEIGHT="3754" HPOS="382" VPOS="376" WIDTH="2054">
<TextBlock HEIGHT="70" HPOS="1362" ID="Page44_Block1" LANG="en-US" STYLEREFS="StyleId-B00F1447-5C0B-497D-84AE-13635B4FB7D2-" VPOS="4060" WIDTH="88">
<TextLine HEIGHT="48" HPOS="1373" VPOS="4071" WIDTH="67">
<String CONTENT="44" HEIGHT="48" HPOS="1373" VPOS="4071" WIDTH="67" />
</TextLine>
</TextBlock>
<TextBlock CS="1" HEIGHT="3692" HPOS="382" ID="Page44_Block2" LANG="en-US" STYLEREFS="StyleId-C9A4C346-1335-4120-B31E-8826D124B2E5-" VPOS="376" WIDTH="2054">
<TextLine HEIGHT="71" HPOS="393" STYLEREFS="StyleId-525637DB-1774-4086-8050-B8FAC49ED21E-" VPOS="466" WIDTH="2027">
<String CONTENT="cago," HEIGHT="53" HPOS="393" VPOS="484" WIDTH="159" />
<SP HEIGHT="68" HPOS="553" VPOS="468" WIDTH="42" />
<String CONTENT="New" HEIGHT="54" HPOS="596" VPOS="468" WIDTH="140" />
<SP HEIGHT="52" HPOS="737" VPOS="469" WIDTH="42" />
<String CONTENT="York," HEIGHT="69" HPOS="780" VPOS="467" WIDTH="182" />
<SP HEIGHT="70" HPOS="963" VPOS="466" WIDTH="43" />
<String CONTENT="Commerce" HEIGHT="55" HPOS="1007" VPOS="466" WIDTH="328" />
<SP HEIGHT="35" HPOS="1336" VPOS="486" WIDTH="42" />
<String CONTENT="clearing" HEIGHT="69" HPOS="1379" VPOS="467" WIDTH="256" />
<SP HEIGHT="68" HPOS="1636" VPOS="468" WIDTH="38" />
<String CONTENT="house," HEIGHT="67" HPOS="1675" VPOS="468" WIDTH="193" />
<SP HEIGHT="68" HPOS="1869" VPOS="467" WIDTH="40" />
<String CONTENT="inc.," HEIGHT="67" HPOS="1910" VPOS="467" WIDTH="127" />
<SP HEIGHT="65" HPOS="2038" VPOS="469" WIDTH="40" />
<String CONTENT="Loose" HEIGHT="53" HPOS="2079" VPOS="469" WIDTH="178" />
<SP HEIGHT="51" HPOS="2258" VPOS="469" WIDTH="42" />
<String CONTENT="leaf" HEIGHT="53" HPOS="2301" VPOS="468" WIDTH="119" />
</TextLine>
<TextLine HEIGHT="71" HPOS="394" STYLEREFS="StyleId-525637DB-1774-4086-8050-B8FAC49ED21E-" VPOS="544" WIDTH="1878">
<String CONTENT="service" HEIGHT="55" HPOS="394" VPOS="545" WIDTH="216" />
<SP HEIGHT="53" HPOS="611" VPOS="547" WIDTH="29" />
<String CONTENT="division" HEIGHT="56" HPOS="641" VPOS="544" WIDTH="252" />
<SP HEIGHT="35" HPOS="894" VPOS="564" WIDTH="30" />
<String CONTENT="of" HEIGHT="54" HPOS="925" VPOS="545" WIDTH="65" />
<SP HEIGHT="54" HPOS="991" VPOS="545" WIDTH="29" />
<String CONTENT="the" HEIGHT="53" HPOS="1021" VPOS="546" WIDTH="97" />
<SP HEIGHT="55" HPOS="1119" VPOS="546" WIDTH="33" />
<String CONTENT="Corporation" HEIGHT="69" HPOS="1153" VPOS="545" WIDTH="388" />
<SP HEIGHT="47" HPOS="1542" VPOS="552" WIDTH="30" />
<String CONTENT="trust" HEIGHT="48" HPOS="1573" VPOS="552" WIDTH="154" />
<SP HEIGHT="48" HPOS="1728" VPOS="552" WIDTH="31" />
<String CONTENT="company," HEIGHT="50" HPOS="1760" VPOS="565" WIDTH="303" />
<SP HEIGHT="62" HPOS="2064" VPOS="552" WIDTH="31" />
<String CONTENT="c" HEIGHT="22" HPOS="2096" STYLE="superscript" VPOS="552" WIDTH="18" />
<String CONTENT="1936]" HEIGHT="64" HPOS="2119" VPOS="551" WIDTH="153" />
</TextLine>
<TextLine CS="1" HEIGHT="51" HPOS="466" VPOS="618" WIDTH="591">
<String CONTENT="235" HEIGHT="43" HPOS="466" VPOS="619" WIDTH="87" />
<SP HEIGHT="50" HPOS="554" VPOS="619" WIDTH="28" />
<String CONTENT="p." HEIGHT="38" HPOS="583" VPOS="631" WIDTH="45" />
<SP HEIGHT="42" HPOS="629" VPOS="620" WIDTH="59" />
<String CONTENT="23" HEIGHT="41" HPOS="689" VPOS="620" WIDTH="54" />
<String CONTENT="cm" HEIGHT="21" HPOS="747" STYLE="superscript" VPOS="623" WIDTH="43" />
<String CONTENT="." HEIGHT="9" HPOS="797" VPOS="652" WIDTH="8" />
<SP />
<String CONTENT="$1.00" HEIGHT="50" HPOS="924" VPOS="618" WIDTH="133" />
</TextLine>
<TextLine CS="1" HEIGHT="54" HPOS="391" VPOS="675" WIDTH="2034">
<String CONTENT="&#169;" HEIGHT="54" HPOS="391" VPOS="675" WIDTH="54" />
<SP HEIGHT="54" HPOS="446" VPOS="675" WIDTH="39" />
<String CONTENT="Jan." HEIGHT="40" HPOS="486" VPOS="680" WIDTH="110" />
<SP HEIGHT="40" HPOS="597" VPOS="680" WIDTH="39" />
<String CONTENT="14," HEIGHT="48" HPOS="637" VPOS="680" WIDTH="69" />
<SP HEIGHT="49" HPOS="707" VPOS="679" WIDTH="39" />
<String CONTENT="1936;" HEIGHT="49" HPOS="747" VPOS="677" WIDTH="143" />
<SP HEIGHT="47" HPOS="891" VPOS="679" WIDTH="40" />
<String CONTENT="2c." HEIGHT="41" HPOS="932" VPOS="679" WIDTH="68" />
<SP HEIGHT="31" HPOS="1001" VPOS="689" WIDTH="41" />
<String CONTENT="and" HEIGHT="38" HPOS="1043" VPOS="680" WIDTH="97" />
<SP HEIGHT="38" HPOS="1141" VPOS="680" WIDTH="40" />
<String CONTENT="aff." CS="1" HEIGHT="29" HPOS="1182" VPOS="690" WIDTH="82" />
<SP HEIGHT="40" HPOS="1265" VPOS="679" WIDTH="43" />
<String CONTENT="Jan." HEIGHT="39" HPOS="1309" VPOS="679" WIDTH="110" />
<SP HEIGHT="39" HPOS="1420" VPOS="679" WIDTH="39" />
<String CONTENT="20;" CS="1" HEIGHT="40" HPOS="1460" VPOS="678" WIDTH="56" />
<SP HEIGHT="47" HPOS="1544" VPOS="679" WIDTH="42" />
<String CONTENT="A" HEIGHT="39" HPOS="1587" VPOS="679" WIDTH="41" />
<SP HEIGHT="40" HPOS="1629" VPOS="678" WIDTH="38" />
<String CONTENT="91320;" HEIGHT="47" HPOS="1668" VPOS="678" WIDTH="173" />
<SP HEIGHT="47" HPOS="1842" VPOS="678" WIDTH="44" />
<String CONTENT="Commerce" HEIGHT="41" HPOS="1887" VPOS="678" WIDTH="282" />
<SP HEIGHT="31" HPOS="2170" VPOS="689" WIDTH="36" />
<String CONTENT="clearing" HEIGHT="50" HPOS="2207" VPOS="679" WIDTH="218" />
</TextLine>
<TextLine HEIGHT="49" HPOS="462" VPOS="736" WIDTH="626">
<String CONTENT="house," HEIGHT="47" HPOS="462" VPOS="738" WIDTH="166" />
<SP HEIGHT="47" HPOS="629" VPOS="738" WIDTH="35" />
<String CONTENT="inc." HEIGHT="39" HPOS="665" VPOS="738" WIDTH="89" />
<SP HEIGHT="49" HPOS="755" VPOS="736" WIDTH="77" />
<String CONTENT="(36-1672)" HEIGHT="49" HPOS="833" VPOS="736" WIDTH="255" />
</TextLine>
<TextLine HEIGHT="65" HPOS="396" STYLEREFS="StyleId-525637DB-1774-4086-8050-B8FAC49ED21E-" VPOS="840" WIDTH="1059">
<String CONTENT="Cotterill," HEIGHT="65" HPOS="396" VPOS="840" WIDTH="290" />
<SP HEIGHT="63" HPOS="687" VPOS="842" WIDTH="27" />
<String CONTENT="Robert" HEIGHT="55" HPOS="715" VPOS="841" WIDTH="226" />
<SP HEIGHT="55" HPOS="942" VPOS="841" WIDTH="29" />
<String CONTENT="Spencer," HEIGHT="63" HPOS="972" VPOS="841" WIDTH="277" />
<SP HEIGHT="57" HPOS="1250" VPOS="847" WIDTH="32" />
<String CONTENT="1884-" HEIGHT="50" HPOS="1283" VPOS="846" WIDTH="172" />
</TextLine>
<TextLine HEIGHT="71" HPOS="468" STYLEREFS="StyleId-525637DB-1774-4086-8050-B8FAC49ED21E-" VPOS="917" WIDTH="1954">
<String CONTENT="The" HEIGHT="54" HPOS="468" VPOS="919" WIDTH="124" />
<SP HEIGHT="36" HPOS="593" VPOS="937" WIDTH="36" />
<String CONTENT="old" HEIGHT="53" HPOS="630" VPOS="920" WIDTH="97" />
<SP HEIGHT="56" HPOS="728" VPOS="918" WIDTH="39" />
<String CONTENT="South;" HEIGHT="69" HPOS="768" VPOS="918" WIDTH="215" />
<SP HEIGHT="64" HPOS="984" VPOS="923" WIDTH="40" />
<String CONTENT="the" HEIGHT="55" HPOS="1025" VPOS="918" WIDTH="100" />
<SP HEIGHT="52" HPOS="1126" VPOS="936" WIDTH="34" />
<String CONTENT="geographic," HEIGHT="71" HPOS="1161" VPOS="917" WIDTH="370" />
<SP HEIGHT="49" HPOS="1532" VPOS="938" WIDTH="35" />
<String CONTENT="economic," HEIGHT="69" HPOS="1568" VPOS="918" WIDTH="305" />
<SP HEIGHT="49" HPOS="1874" VPOS="938" WIDTH="37" />
<String CONTENT="social," HEIGHT="66" HPOS="1912" VPOS="919" WIDTH="193" />
<SP HEIGHT="50" HPOS="2106" VPOS="938" WIDTH="37" />
<String CONTENT="political," HEIGHT="68" HPOS="2144" VPOS="920" WIDTH="278" />
</TextLine>
<TextLine CS="1" HEIGHT="71" HPOS="397" STYLEREFS="StyleId-525637DB-1774-4086-8050-B8FAC49ED21E-" VPOS="996" WIDTH="2023">
<String CONTENT="and" HEIGHT="52" HPOS="397" VPOS="1000" WIDTH="115" />
<SP HEIGHT="52" HPOS="513" VPOS="1000" WIDTH="43" />
<String CONTENT="cultural" HEIGHT="53" HPOS="557" VPOS="999" WIDTH="248" />
<SP HEIGHT="53" HPOS="806" VPOS="999" WIDTH="41" />
<String CONTENT="expansion," HEIGHT="70" HPOS="848" VPOS="997" WIDTH="335" />
<SP HEIGHT="69" HPOS="1184" VPOS="997" WIDTH="39" />
<String CONTENT="institutions," HEIGHT="68" HPOS="1224" VPOS="997" WIDTH="378" />
<SP HEIGHT="46" HPOS="1603" VPOS="1019" WIDTH="45" />
<String CONTENT="and" HEIGHT="54" HPOS="1649" VPOS="999" WIDTH="111" />
<SP HEIGHT="53" HPOS="1761" VPOS="999" WIDTH="44" />
<String CONTENT="nationalism" HEIGHT="57" HPOS="1806" VPOS="996" WIDTH="372" />
<SP HEIGHT="35" HPOS="2179" VPOS="1018" WIDTH="40" />
<String CONTENT="of" CS="1" HEIGHT="34" HPOS="2220" VPOS="1019" WIDTH="31" />
<SP HEIGHT="47" HPOS="2285" VPOS="1006" WIDTH="39" />
<String CONTENT="the" HEIGHT="54" HPOS="2325" VPOS="1000" WIDTH="95" />
</TextLine>
<TextLine CS="1" HEIGHT="70" HPOS="398" STYLEREFS="StyleId-525637DB-1774-4086-8050-B8FAC49ED21E-" VPOS="1076" WIDTH="2023">
<String CONTENT="ante-bellum" HEIGHT="55" HPOS="398" VPOS="1078" WIDTH="370" />
<SP HEIGHT="56" HPOS="769" VPOS="1077" WIDTH="28" />
<String CONTENT="South," HEIGHT="69" HPOS="798" VPOS="1077" WIDTH="204" />
<SP HEIGHT="69" HPOS="1003" VPOS="1077" WIDTH="23" />
<String CONTENT="by" HEIGHT="69" HPOS="1027" VPOS="1077" WIDTH="78" />
<SP HEIGHT="69" HPOS="1106" VPOS="1077" WIDTH="23" />
<String CONTENT="R." HEIGHT="54" HPOS="1130" VPOS="1077" WIDTH="69" />
<SP HEIGHT="57" HPOS="1200" VPOS="1076" WIDTH="29" />
<String CONTENT="S." HEIGHT="57" HPOS="1230" VPOS="1076" WIDTH="56" />
<SP HEIGHT="56" HPOS="1287" VPOS="1076" WIDTH="29" />
<String CONTENT="Cotterill" HEIGHT="56" HPOS="1317" VPOS="1076" WIDTH="267" />
<SP HEIGHT="52" HPOS="1585" VPOS="1079" WIDTH="31" />
<String CONTENT="&#8230;" CS="1" />
<SP HEIGHT="56" HPOS="1673" VPOS="1077" WIDTH="80" />
<String CONTENT="Glendale," HEIGHT="69" HPOS="1754" VPOS="1077" WIDTH="300" />
<SP HEIGHT="68" HPOS="2055" VPOS="1078" WIDTH="25" />
<String CONTENT="Calif.," HEIGHT="68" HPOS="2081" VPOS="1078" WIDTH="195" />
<SP HEIGHT="66" HPOS="2277" VPOS="1080" WIDTH="24" />
<String CONTENT="The" HEIGHT="53" HPOS="2302" VPOS="1079" WIDTH="119" />
</TextLine>
<TextLine HEIGHT="69" HPOS="397" STYLEREFS="StyleId-525637DB-1774-4086-8050-B8FAC49ED21E-" VPOS="1156" WIDTH="1065">
<String CONTENT="Arthur" HEIGHT="54" HPOS="397" VPOS="1157" WIDTH="229" />
<SP HEIGHT="53" HPOS="627" VPOS="1157" WIDTH="28" />
<String CONTENT="H." HEIGHT="53" HPOS="656" VPOS="1157" WIDTH="77" />
<SP HEIGHT="56" HPOS="734" VPOS="1156" WIDTH="31" />
<String CONTENT="Clark" HEIGHT="56" HPOS="766" VPOS="1156" WIDTH="181" />
<SP HEIGHT="55" HPOS="948" VPOS="1156" WIDTH="25" />
<String CONTENT="company," HEIGHT="51" HPOS="974" VPOS="1174" WIDTH="303" />
<SP HEIGHT="64" HPOS="1278" VPOS="1161" WIDTH="30" />
<String CONTENT="1936." HEIGHT="51" HPOS="1309" VPOS="1160" WIDTH="153" />
</TextLine>
<TextLine CS="1" HEIGHT="50" HPOS="467" VPOS="1231" WIDTH="696">
<String CONTENT="354" HEIGHT="41" HPOS="467" VPOS="1233" WIDTH="87" />
<SP HEIGHT="48" HPOS="555" VPOS="1233" WIDTH="30" />
<String CONTENT="p." HEIGHT="38" HPOS="586" VPOS="1243" WIDTH="42" />
<SP HEIGHT="40" HPOS="629" VPOS="1231" WIDTH="31" />
<String CONTENT="incl." HEIGHT="41" HPOS="661" VPOS="1231" WIDTH="107" />
<SP HEIGHT="29" HPOS="769" VPOS="1242" WIDTH="31" />
<String CONTENT="maps." HEIGHT="39" HPOS="801" VPOS="1241" WIDTH="152" />
<SP HEIGHT="40" HPOS="954" VPOS="1231" WIDTH="59" />
<String CONTENT="24&#189;" CS="1" HEIGHT="40" HPOS="1014" VPOS="1231" WIDTH="58" />
<String CONTENT="cm" HEIGHT="22" HPOS="1104" STYLE="superscript" VPOS="1233" WIDTH="45" />
<String CONTENT="." HEIGHT="9" HPOS="1154" VPOS="1264" WIDTH="9" />
</TextLine>
<TextLine HEIGHT="50" HPOS="472" VPOS="1288" WIDTH="1946">
<String CONTENT="&#8220;Two" HEIGHT="40" HPOS="472" VPOS="1290" WIDTH="143" />
<SP HEIGHT="40" HPOS="616" VPOS="1290" WIDTH="33" />
<String CONTENT="hundred" HEIGHT="40" HPOS="650" VPOS="1289" WIDTH="222" />
<SP HEIGHT="40" HPOS="873" VPOS="1289" WIDTH="34" />
<String CONTENT="and" HEIGHT="40" HPOS="908" VPOS="1289" WIDTH="95" />
<SP HEIGHT="41" HPOS="1004" VPOS="1288" WIDTH="32" />
<String CONTENT="fifty" HEIGHT="49" HPOS="1037" VPOS="1288" WIDTH="114" />
<SP HEIGHT="39" HPOS="1152" VPOS="1298" WIDTH="29" />
<String CONTENT="copies" HEIGHT="49" HPOS="1182" VPOS="1288" WIDTH="161" />
<SP HEIGHT="38" HPOS="1344" VPOS="1299" WIDTH="31" />
<String CONTENT="printed" HEIGHT="49" HPOS="1376" VPOS="1288" WIDTH="195" />
<SP HEIGHT="40" HPOS="1572" VPOS="1290" WIDTH="31" />
<String CONTENT="on" HEIGHT="30" HPOS="1604" VPOS="1300" WIDTH="61" />
<SP HEIGHT="42" HPOS="1666" VPOS="1288" WIDTH="34" />
<String CONTENT="Covenant" HEIGHT="42" HPOS="1701" VPOS="1288" WIDTH="250" />
<SP HEIGHT="38" HPOS="1952" VPOS="1290" WIDTH="34" />
<String CONTENT="rag" HEIGHT="39" HPOS="1987" VPOS="1299" WIDTH="88" />
<SP HEIGHT="38" HPOS="2076" VPOS="1300" WIDTH="31" />
<String CONTENT="paper," HEIGHT="38" HPOS="2108" VPOS="1300" WIDTH="163" />
<SP HEIGHT="33" HPOS="2272" VPOS="1300" WIDTH="30" />
<String CONTENT="each" HEIGHT="40" HPOS="2303" VPOS="1291" WIDTH="115" />
</TextLine>
<TextLine CS="1" HEIGHT="50" HPOS="396" VPOS="1345" WIDTH="1135">
<String CONTENT="numbered," HEIGHT="48" HPOS="396" VPOS="1346" WIDTH="279" />
<SP HEIGHT="45" HPOS="676" VPOS="1349" WIDTH="24" />
<String CONTENT="this" HEIGHT="42" HPOS="701" VPOS="1345" WIDTH="99" />
<SP HEIGHT="40" HPOS="801" VPOS="1347" WIDTH="24" />
<String CONTENT="being" HEIGHT="50" HPOS="826" VPOS="1345" WIDTH="145" />
<SP HEIGHT="38" HPOS="972" VPOS="1357" WIDTH="23" />
<String CONTENT="&#8230;" CS="1" />
<SP HEIGHT="42" HPOS="1046" VPOS="1346" WIDTH="28" />
<String CONTENT="Copyright" HEIGHT="49" HPOS="1075" VPOS="1346" WIDTH="267" />
<SP HEIGHT="39" HPOS="1343" VPOS="1348" WIDTH="25" />
<String CONTENT="copy.&#8221;" HEIGHT="50" HPOS="1369" VPOS="1345" WIDTH="162" />
</TextLine>
<TextLine CS="1" HEIGHT="51" HPOS="471" VPOS="1403" WIDTH="735">
<String CONTENT="Bibliography:" HEIGHT="50" HPOS="471" VPOS="1403" WIDTH="377" />
<SP HEIGHT="37" HPOS="849" VPOS="1416" WIDTH="28" />
<String CONTENT="p." HEIGHT="37" HPOS="878" VPOS="1416" WIDTH="44" />
<SP HEIGHT="30" HPOS="923" VPOS="1424" WIDTH="33" />
<String CONTENT="[333]-344." CS="1" HEIGHT="50" HPOS="969" VPOS="1403" WIDTH="237" />
</TextLine>
<TextLine CS="1" HEIGHT="54" HPOS="395" VPOS="1457" WIDTH="2030">
<String CONTENT="&#169;" HEIGHT="54" HPOS="395" VPOS="1457" WIDTH="53" />
<SP HEIGHT="54" HPOS="449" VPOS="1457" WIDTH="26" />
<String CONTENT="Jan." HEIGHT="40" HPOS="476" VPOS="1463" WIDTH="111" />
<SP HEIGHT="41" HPOS="588" VPOS="1462" WIDTH="25" />
<String CONTENT="24," HEIGHT="48" HPOS="614" VPOS="1462" WIDTH="70" />
<SP HEIGHT="47" HPOS="685" VPOS="1463" WIDTH="24" />
<String CONTENT="1936;" HEIGHT="41" HPOS="710" VPOS="1462" WIDTH="141" />
<SP HEIGHT="42" HPOS="852" VPOS="1461" WIDTH="28" />
<String CONTENT="2c." HEIGHT="41" HPOS="881" VPOS="1461" WIDTH="67" />
<SP HEIGHT="40" HPOS="949" VPOS="1462" WIDTH="28" />
<String CONTENT="Jan." HEIGHT="39" HPOS="978" VPOS="1462" WIDTH="110" />
<SP HEIGHT="39" HPOS="1089" VPOS="1461" WIDTH="28" />
<String CONTENT="29;" HEIGHT="42" HPOS="1118" VPOS="1461" WIDTH="83" />
<SP HEIGHT="31" HPOS="1202" VPOS="1472" WIDTH="29" />
<String CONTENT="aff." CS="1" HEIGHT="29" HPOS="1232" VPOS="1473" WIDTH="82" />
<SP HEIGHT="41" HPOS="1315" VPOS="1461" WIDTH="28" />
<String CONTENT="Jan." HEIGHT="41" HPOS="1344" VPOS="1461" WIDTH="111" />
<SP HEIGHT="41" HPOS="1456" VPOS="1461" WIDTH="26" />
<String CONTENT="28;" CS="1" HEIGHT="41" HPOS="1483" VPOS="1461" WIDTH="56" />
<SP HEIGHT="41" HPOS="1567" VPOS="1462" WIDTH="30" />
<String CONTENT="A" HEIGHT="38" HPOS="1598" VPOS="1462" WIDTH="40" />
<SP HEIGHT="41" HPOS="1639" VPOS="1459" WIDTH="26" />
<String CONTENT="90538;" HEIGHT="49" HPOS="1666" VPOS="1459" WIDTH="173" />
<SP HEIGHT="47" HPOS="1840" VPOS="1461" WIDTH="29" />
<String CONTENT="Arthur" HEIGHT="40" HPOS="1870" VPOS="1461" WIDTH="190" />
<SP HEIGHT="39" HPOS="2061" VPOS="1461" WIDTH="26" />
<String CONTENT="H." HEIGHT="40" HPOS="2088" VPOS="1461" WIDTH="62" />
<SP HEIGHT="41" HPOS="2151" VPOS="1461" WIDTH="28" />
<String CONTENT="Clark" HEIGHT="42" HPOS="2180" VPOS="1460" WIDTH="149" />
<SP HEIGHT="40" HPOS="2330" VPOS="1462" WIDTH="24" />
<String CONTENT="co." HEIGHT="31" HPOS="2355" VPOS="1471" WIDTH="70" />
</TextLine>
<TextLine HEIGHT="49" HPOS="479" VPOS="1519" WIDTH="253">
<String CONTENT="(36-2362)" HEIGHT="49" HPOS="479" VPOS="1519" WIDTH="253" />
</TextLine>
<TextLine HEIGHT="65" HPOS="398" STYLEREFS="StyleId-86CAB4DD-544C-42A8-87F9-A9B40AC7D5DB-" VPOS="1624" WIDTH="1311">
<String CONTENT="Cudworth," HEIGHT="65" HPOS="398" VPOS="1624" WIDTH="344" />
<SP HEIGHT="65" HPOS="743" VPOS="1624" WIDTH="26" />
<String CONTENT="Addison" HEIGHT="53" HPOS="770" VPOS="1624" WIDTH="270" />
<SP HEIGHT="53" HPOS="1041" VPOS="1624" WIDTH="28" />
<String CONTENT="Edward," HEIGHT="63" HPOS="1070" VPOS="1624" WIDTH="277" />
<SP HEIGHT="58" HPOS="1348" VPOS="1629" WIDTH="30" />
<String CONTENT="1852-1933." HEIGHT="51" HPOS="1379" VPOS="1628" WIDTH="330" />
</TextLine>
<TextLine HEIGHT="71" HPOS="470" STYLEREFS="StyleId-525637DB-1774-4086-8050-B8FAC49ED21E-" VPOS="1700" WIDTH="1953">
<String CONTENT="The" HEIGHT="54" HPOS="470" VPOS="1703" WIDTH="125" />
<SP HEIGHT="55" HPOS="596" VPOS="1702" WIDTH="31" />
<String CONTENT="history" HEIGHT="70" HPOS="628" VPOS="1701" WIDTH="225" />
<SP HEIGHT="50" HPOS="854" VPOS="1721" WIDTH="33" />
<String CONTENT="with" HEIGHT="54" HPOS="888" VPOS="1702" WIDTH="142" />
<SP HEIGHT="69" HPOS="1031" VPOS="1702" WIDTH="34" />
<String CONTENT="genealogical" HEIGHT="70" HPOS="1066" VPOS="1701" WIDTH="392" />
<SP HEIGHT="53" HPOS="1459" VPOS="1703" WIDTH="31" />
<String CONTENT="sketches" HEIGHT="55" HPOS="1491" VPOS="1701" WIDTH="255" />
<SP HEIGHT="35" HPOS="1747" VPOS="1720" WIDTH="31" />
<String CONTENT="of" HEIGHT="55" HPOS="1779" VPOS="1700" WIDTH="66" />
<SP HEIGHT="54" HPOS="1846" VPOS="1700" WIDTH="32" />
<String CONTENT="Londonderry," HEIGHT="68" HPOS="1879" VPOS="1701" WIDTH="437" />
<SP HEIGHT="54" HPOS="2317" VPOS="1700" WIDTH="30" />
<String CONTENT="by" HEIGHT="69" HPOS="2348" VPOS="1700" WIDTH="75" />
</TextLine>
<TextLine CS="1" HEIGHT="150" HPOS="396" STYLEREFS="StyleId-525637DB-1774-4086-8050-B8FAC49ED21E-" VPOS="1780" WIDTH="2000">
<String CONTENT="Addison" HEIGHT="55" HPOS="397" VPOS="1781" WIDTH="267" />
<SP HEIGHT="53" HPOS="665" VPOS="1782" WIDTH="45" />
<String CONTENT="E." HEIGHT="52" HPOS="711" VPOS="1782" WIDTH="66" />
<SP HEIGHT="57" HPOS="778" VPOS="1780" WIDTH="46" />
<String CONTENT="Cudworth." HEIGHT="57" HPOS="825" VPOS="1780" WIDTH="337" />
<SP HEIGHT="53" HPOS="1163" VPOS="1781" WIDTH="73" />
<String CONTENT="Montpelier," HEIGHT="68" HPOS="1237" VPOS="1781" WIDTH="369" />
<SP HEIGHT="66" HPOS="1607" VPOS="1782" WIDTH="43" />
<String CONTENT="Vt.," HEIGHT="67" HPOS="1651" VPOS="1782" WIDTH="118" />
<SP HEIGHT="68" HPOS="1770" VPOS="1781" WIDTH="42" />
<String CONTENT="The" HEIGHT="54" HPOS="1813" VPOS="1780" WIDTH="126" />
<SP HEIGHT="54" HPOS="1940" VPOS="1781" WIDTH="41" />
<String CONTENT="Vermont" HEIGHT="54" HPOS="1982" VPOS="1781" WIDTH="280" />
<SP HEIGHT="52" HPOS="2263" VPOS="1781" WIDTH="43" />
<String CONTENT="historical" HEIGHT="135" HPOS="396" VPOS="1780" WIDTH="2000" />
<SP HEIGHT="51" HPOS="603" VPOS="1863" WIDTH="29" />
<String CONTENT="society," HEIGHT="72" HPOS="633" VPOS="1858" WIDTH="230" />
<SP HEIGHT="66" HPOS="864" VPOS="1864" WIDTH="30" />
<String CONTENT="1936." HEIGHT="52" HPOS="895" VPOS="1863" WIDTH="152" />
</TextLine>
<TextLine CS="1" HEIGHT="49" HPOS="469" VPOS="1935" WIDTH="790">
<String CONTENT="228" HEIGHT="41" HPOS="469" VPOS="1936" WIDTH="89" />
<SP HEIGHT="48" HPOS="559" VPOS="1936" WIDTH="27" />
<String CONTENT="p." HEIGHT="38" HPOS="587" VPOS="1946" WIDTH="43" />
<SP HEIGHT="39" HPOS="631" VPOS="1936" WIDTH="61" />
<String CONTENT="front." CS="1" HEIGHT="40" HPOS="693" VPOS="1936" WIDTH="135" />
<SP HEIGHT="49" HPOS="842" VPOS="1935" WIDTH="28" />
<String CONTENT="(port.)" HEIGHT="49" HPOS="871" VPOS="1935" WIDTH="173" />
<SP HEIGHT="48" HPOS="1045" VPOS="1935" WIDTH="67" />
<String CONTENT="23&#189;" CS="1" HEIGHT="41" HPOS="1113" VPOS="1935" WIDTH="56" />
<String CONTENT="cm" HEIGHT="22" HPOS="1202" STYLE="superscript" VPOS="1937" WIDTH="45" />
<String CONTENT="." HEIGHT="8" HPOS="1251" VPOS="1966" WIDTH="8" />
</TextLine>
<TextLine CS="1" HEIGHT="53" HPOS="395" VPOS="1989" WIDTH="2029">
<String CONTENT="&#169;" HEIGHT="53" HPOS="395" VPOS="1989" WIDTH="53" />
<SP HEIGHT="53" HPOS="449" VPOS="1989" WIDTH="26" />
<String CONTENT="Dec." HEIGHT="40" HPOS="476" VPOS="1995" WIDTH="113" />
<SP HEIGHT="40" HPOS="590" VPOS="1994" WIDTH="29" />
<String CONTENT="27," HEIGHT="46" HPOS="620" VPOS="1994" WIDTH="70" />
<SP HEIGHT="46" HPOS="691" VPOS="1994" WIDTH="29" />
<String CONTENT="1935;" CS="1" HEIGHT="41" HPOS="721" VPOS="1993" WIDTH="115" />
<SP HEIGHT="47" HPOS="864" VPOS="1993" WIDTH="30" />
<String CONTENT="2c." HEIGHT="41" HPOS="895" VPOS="1993" WIDTH="68" />
<SP HEIGHT="30" HPOS="964" VPOS="2004" WIDTH="29" />
<String CONTENT="and" HEIGHT="39" HPOS="994" VPOS="1995" WIDTH="96" />
<SP HEIGHT="39" HPOS="1091" VPOS="1995" WIDTH="29" />
<String CONTENT="aff." HEIGHT="42" HPOS="1121" VPOS="1992" WIDTH="83" />
<SP HEIGHT="41" HPOS="1205" VPOS="1993" WIDTH="30" />
<String CONTENT="Jan." HEIGHT="40" HPOS="1236" VPOS="1993" WIDTH="110" />
<SP HEIGHT="41" HPOS="1347" VPOS="1992" WIDTH="29" />
<String CONTENT="2," HEIGHT="48" HPOS="1377" VPOS="1992" WIDTH="41" />
<SP HEIGHT="48" HPOS="1419" VPOS="1992" WIDTH="29" />
<String CONTENT="1936;" CS="1" HEIGHT="41" HPOS="1449" VPOS="1992" WIDTH="114" />
<SP HEIGHT="45" HPOS="1592" VPOS="1993" WIDTH="31" />
<String CONTENT="A" HEIGHT="38" HPOS="1624" VPOS="1993" WIDTH="40" />
<SP HEIGHT="41" HPOS="1665" VPOS="1991" WIDTH="29" />
<String CONTENT="90158;" HEIGHT="48" HPOS="1695" VPOS="1991" WIDTH="173" />
<SP HEIGHT="46" HPOS="1869" VPOS="1993" WIDTH="33" />
<String CONTENT="Vermont" HEIGHT="39" HPOS="1903" VPOS="1993" WIDTH="237" />
<SP HEIGHT="39" HPOS="2141" VPOS="1993" WIDTH="25" />
<String CONTENT="historical" HEIGHT="41" HPOS="2167" VPOS="1991" WIDTH="257" />
</TextLine>
<TextLine HEIGHT="48" HPOS="463" VPOS="2051" WIDTH="423">
<String CONTENT="soc." HEIGHT="30" HPOS="463" VPOS="2062" WIDTH="95" />
<SP HEIGHT="48" HPOS="559" VPOS="2051" WIDTH="72" />
<String CONTENT="(36-2359)" HEIGHT="48" HPOS="632" VPOS="2051" WIDTH="254" />
</TextLine>
<TextLine HEIGHT="66" HPOS="397" STYLEREFS="StyleId-86CAB4DD-544C-42A8-87F9-A9B40AC7D5DB-" VPOS="2155" WIDTH="546">
<String CONTENT="Day," HEIGHT="65" HPOS="397" VPOS="2155" WIDTH="152" />
<SP HEIGHT="64" HPOS="550" VPOS="2156" WIDTH="24" />
<String CONTENT="R." HEIGHT="57" HPOS="575" VPOS="2156" WIDTH="68" />
<SP HEIGHT="57" HPOS="644" VPOS="2156" WIDTH="26" />
<String CONTENT="L.," HEIGHT="65" HPOS="671" VPOS="2156" WIDTH="84" />
<SP HEIGHT="65" HPOS="756" VPOS="2156" WIDTH="25" />
<String CONTENT="&amp;" HEIGHT="54" HPOS="782" VPOS="2156" WIDTH="52" />
<SP HEIGHT="54" HPOS="835" VPOS="2156" WIDTH="24" />
<String CONTENT="co." HEIGHT="38" HPOS="860" VPOS="2173" WIDTH="83" />
</TextLine>
<TextLine CS="1" HEIGHT="72" HPOS="469" STYLEREFS="StyleId-525637DB-1774-4086-8050-B8FAC49ED21E-" VPOS="2231" WIDTH="1955">
<String CONTENT="Legally" CS="1" HEIGHT="70" HPOS="469" VPOS="2233" WIDTH="245" />
<SP HEIGHT="68" HPOS="715" VPOS="2235" WIDTH="28" />
<String CONTENT="authorized" HEIGHT="54" HPOS="744" VPOS="2234" WIDTH="337" />
<SP HEIGHT="54" HPOS="1082" VPOS="2234" WIDTH="32" />
<String CONTENT="investments" HEIGHT="54" HPOS="1115" VPOS="2234" WIDTH="371" />
<SP HEIGHT="55" HPOS="1487" VPOS="2233" WIDTH="31" />
<String CONTENT="for" HEIGHT="55" HPOS="1519" VPOS="2233" WIDTH="94" />
<SP HEIGHT="34" HPOS="1614" VPOS="2254" WIDTH="31" />
<String CONTENT="savings" HEIGHT="71" HPOS="1646" VPOS="2231" WIDTH="233" />
<SP HEIGHT="54" HPOS="1880" VPOS="2233" WIDTH="27" />
<String CONTENT="banks" HEIGHT="54" HPOS="1908" VPOS="2233" WIDTH="183" />
<SP HEIGHT="34" HPOS="2092" VPOS="2253" WIDTH="34" />
<String CONTENT="and" HEIGHT="53" HPOS="2127" VPOS="2235" WIDTH="113" />
<SP HEIGHT="53" HPOS="2241" VPOS="2235" WIDTH="30" />
<String CONTENT="trust" HEIGHT="48" HPOS="2272" VPOS="2238" WIDTH="152" />
</TextLine>
<TextLine CS="1" HEIGHT="148" HPOS="400" STYLEREFS="StyleId-525637DB-1774-4086-8050-B8FAC49ED21E-" VPOS="2311" WIDTH="2022">
<String CONTENT="funds" HEIGHT="55" HPOS="402" VPOS="2311" WIDTH="177" />
<SP HEIGHT="55" HPOS="580" VPOS="2311" WIDTH="28" />
<String CONTENT="in" HEIGHT="53" HPOS="609" VPOS="2311" WIDTH="61" />
<SP HEIGHT="48" HPOS="671" VPOS="2318" WIDTH="27" />
<String CONTENT="the" HEIGHT="55" HPOS="699" VPOS="2313" WIDTH="97" />
<SP HEIGHT="35" HPOS="797" VPOS="2333" WIDTH="28" />
<String CONTENT="state" HEIGHT="49" HPOS="826" VPOS="2318" WIDTH="147" />
<SP HEIGHT="35" HPOS="974" VPOS="2331" WIDTH="28" />
<String CONTENT="of" HEIGHT="53" HPOS="1003" VPOS="2313" WIDTH="65" />
<SP HEIGHT="55" HPOS="1069" VPOS="2313" WIDTH="29" />
<String CONTENT="New" HEIGHT="54" HPOS="1099" VPOS="2314" WIDTH="140" />
<SP HEIGHT="52" HPOS="1240" VPOS="2314" WIDTH="30" />
<String CONTENT="York" HEIGHT="52" HPOS="1271" VPOS="2314" WIDTH="164" />
<SP HEIGHT="52" HPOS="1436" VPOS="2314" WIDTH="28" />
<String CONTENT="as" HEIGHT="34" HPOS="1465" VPOS="2332" WIDTH="60" />
<SP HEIGHT="35" HPOS="1526" VPOS="2331" WIDTH="30" />
<String CONTENT="of" HEIGHT="54" HPOS="1557" VPOS="2312" WIDTH="65" />
<SP HEIGHT="54" HPOS="1623" VPOS="2312" WIDTH="27" />
<String CONTENT="December" HEIGHT="53" HPOS="1651" VPOS="2313" WIDTH="312" />
<SP HEIGHT="48" HPOS="1964" VPOS="2317" WIDTH="30" />
<String CONTENT="2," HEIGHT="63" HPOS="1995" VPOS="2317" WIDTH="49" />
<SP HEIGHT="62" HPOS="2045" VPOS="2318" WIDTH="32" />
<String CONTENT="1935;" HEIGHT="61" HPOS="2078" VPOS="2317" WIDTH="161" />
<SP HEIGHT="45" HPOS="2240" VPOS="2333" WIDTH="36" />
<String CONTENT="a" HEIGHT="33" HPOS="2277" VPOS="2334" WIDTH="31" />
<SP HEIGHT="35" HPOS="2309" VPOS="2332" WIDTH="29" />
<String CONTENT="reprint" HEIGHT="127" HPOS="400" VPOS="2331" WIDTH="1998" />
<SP HEIGHT="47" HPOS="564" VPOS="2397" WIDTH="38" />
<String CONTENT="of" HEIGHT="53" HPOS="603" VPOS="2391" WIDTH="63" />
<SP HEIGHT="53" HPOS="667" VPOS="2391" WIDTH="36" />
<String CONTENT="the" HEIGHT="55" HPOS="704" VPOS="2392" WIDTH="97" />
<SP HEIGHT="54" HPOS="802" VPOS="2393" WIDTH="38" />
<String CONTENT="New" HEIGHT="53" HPOS="841" VPOS="2393" WIDTH="140" />
<SP HEIGHT="52" HPOS="982" VPOS="2394" WIDTH="43" />
<String CONTENT="York" HEIGHT="53" HPOS="1026" VPOS="2393" WIDTH="165" />
<SP HEIGHT="54" HPOS="1192" VPOS="2393" WIDTH="38" />
<String CONTENT="statutes" HEIGHT="49" HPOS="1231" VPOS="2398" WIDTH="241" />
<SP HEIGHT="34" HPOS="1473" VPOS="2412" WIDTH="37" />
<String CONTENT="making" HEIGHT="69" HPOS="1511" VPOS="2390" WIDTH="239" />
<SP HEIGHT="49" HPOS="1751" VPOS="2410" WIDTH="40" />
<String CONTENT="certain" HEIGHT="55" HPOS="1792" VPOS="2390" WIDTH="218" />
<SP HEIGHT="54" HPOS="2011" VPOS="2391" WIDTH="38" />
<String CONTENT="investments" HEIGHT="55" HPOS="2050" VPOS="2391" WIDTH="372" />
</TextLine>
<TextLine HEIGHT="71" HPOS="401" STYLEREFS="StyleId-525637DB-1774-4086-8050-B8FAC49ED21E-" VPOS="2468" WIDTH="2021">
<String CONTENT="legal" HEIGHT="69" HPOS="401" VPOS="2469" WIDTH="151" />
<SP HEIGHT="52" HPOS="553" VPOS="2469" WIDTH="31" />
<String CONTENT="for" HEIGHT="56" HPOS="585" VPOS="2469" WIDTH="96" />
<SP HEIGHT="35" HPOS="682" VPOS="2490" WIDTH="28" />
<String CONTENT="savings" HEIGHT="71" HPOS="711" VPOS="2468" WIDTH="233" />
<SP HEIGHT="53" HPOS="945" VPOS="2471" WIDTH="28" />
<String CONTENT="banks" HEIGHT="54" HPOS="974" VPOS="2471" WIDTH="183" />
<SP HEIGHT="35" HPOS="1158" VPOS="2490" WIDTH="29" />
<String CONTENT="and" HEIGHT="53" HPOS="1188" VPOS="2471" WIDTH="113" />
<SP HEIGHT="53" HPOS="1302" VPOS="2471" WIDTH="30" />
<String CONTENT="trust" HEIGHT="48" HPOS="1333" VPOS="2476" WIDTH="151" />
<SP HEIGHT="54" HPOS="1485" VPOS="2469" WIDTH="30" />
<String CONTENT="funds" HEIGHT="54" HPOS="1516" VPOS="2469" WIDTH="177" />
<SP HEIGHT="54" HPOS="1694" VPOS="2469" WIDTH="29" />
<String CONTENT="in" HEIGHT="54" HPOS="1724" VPOS="2469" WIDTH="62" />
<SP HEIGHT="49" HPOS="1787" VPOS="2474" WIDTH="29" />
<String CONTENT="this" HEIGHT="55" HPOS="1817" VPOS="2468" WIDTH="116" />
<SP HEIGHT="33" HPOS="1934" VPOS="2490" WIDTH="29" />
<String CONTENT="state," HEIGHT="62" HPOS="1964" VPOS="2476" WIDTH="164" />
<SP HEIGHT="61" HPOS="2129" VPOS="2477" WIDTH="31" />
<String CONTENT="together" HEIGHT="67" HPOS="2161" VPOS="2472" WIDTH="261" />
</TextLine>
<TextLine HEIGHT="72" HPOS="401" STYLEREFS="StyleId-525637DB-1774-4086-8050-B8FAC49ED21E-" VPOS="2546" WIDTH="2021">
<String CONTENT="with" HEIGHT="56" HPOS="401" VPOS="2546" WIDTH="142" />
<SP HEIGHT="53" HPOS="544" VPOS="2549" WIDTH="46" />
<String CONTENT="a" HEIGHT="34" HPOS="591" VPOS="2568" WIDTH="33" />
<SP HEIGHT="35" HPOS="625" VPOS="2568" WIDTH="46" />
<String CONTENT="copy" HEIGHT="50" HPOS="672" VPOS="2567" WIDTH="146" />
<SP HEIGHT="50" HPOS="819" VPOS="2567" WIDTH="46" />
<String CONTENT="of" HEIGHT="52" HPOS="866" VPOS="2550" WIDTH="65" />
<SP HEIGHT="53" HPOS="932" VPOS="2550" WIDTH="43" />
<String CONTENT="the" HEIGHT="53" HPOS="976" VPOS="2550" WIDTH="98" />
<SP HEIGHT="34" HPOS="1075" VPOS="2569" WIDTH="47" />
<String CONTENT="official" HEIGHT="54" HPOS="1123" VPOS="2549" WIDTH="202" />
<SP HEIGHT="52" HPOS="1326" VPOS="2549" WIDTH="48" />
<String CONTENT="list" HEIGHT="54" HPOS="1375" VPOS="2548" WIDTH="100" />
<SP HEIGHT="48" HPOS="1476" VPOS="2554" WIDTH="46" />
<String CONTENT="of" HEIGHT="54" HPOS="1523" VPOS="2547" WIDTH="65" />
<SP HEIGHT="57" HPOS="1589" VPOS="2547" WIDTH="43" />
<String CONTENT="state," HEIGHT="62" HPOS="1633" VPOS="2554" WIDTH="164" />
<SP HEIGHT="47" HPOS="1798" VPOS="2569" WIDTH="46" />
<String CONTENT="municipal," HEIGHT="68" HPOS="1845" VPOS="2549" WIDTH="336" />
<SP HEIGHT="49" HPOS="2182" VPOS="2569" WIDTH="45" />
<String CONTENT="public" HEIGHT="69" HPOS="2228" VPOS="2549" WIDTH="194" />
</TextLine>
<TextLine HEIGHT="71" HPOS="402" STYLEREFS="StyleId-525637DB-1774-4086-8050-B8FAC49ED21E-" VPOS="2626" WIDTH="2021">
<String CONTENT="utility" HEIGHT="70" HPOS="402" VPOS="2627" WIDTH="202" />
<SP HEIGHT="50" HPOS="605" VPOS="2647" WIDTH="49" />
<String CONTENT="and" HEIGHT="53" HPOS="655" VPOS="2630" WIDTH="113" />
<SP HEIGHT="53" HPOS="769" VPOS="2630" WIDTH="51" />
<String CONTENT="railroad" HEIGHT="54" HPOS="821" VPOS="2629" WIDTH="257" />
<SP HEIGHT="54" HPOS="1079" VPOS="2629" WIDTH="48" />
<String CONTENT="bonds" HEIGHT="53" HPOS="1128" VPOS="2629" WIDTH="183" />
<SP HEIGHT="33" HPOS="1312" VPOS="2649" WIDTH="49" />
<String CONTENT="which" HEIGHT="54" HPOS="1362" VPOS="2627" WIDTH="188" />
<SP HEIGHT="55" HPOS="1551" VPOS="2626" WIDTH="48" />
<String CONTENT="in" HEIGHT="55" HPOS="1600" VPOS="2626" WIDTH="60" />
<SP HEIGHT="48" HPOS="1661" VPOS="2633" WIDTH="48" />
<String CONTENT="the" HEIGHT="52" HPOS="1710" VPOS="2628" WIDTH="95" />
<SP HEIGHT="67" HPOS="1806" VPOS="2628" WIDTH="49" />
<String CONTENT="judgment" HEIGHT="69" HPOS="1856" VPOS="2628" WIDTH="306" />
<SP HEIGHT="47" HPOS="2163" VPOS="2635" WIDTH="47" />
<String CONTENT="of" HEIGHT="53" HPOS="2211" VPOS="2629" WIDTH="65" />
<SP HEIGHT="52" HPOS="2277" VPOS="2629" WIDTH="48" />
<String CONTENT="the" HEIGHT="52" HPOS="2326" VPOS="2630" WIDTH="97" />
</TextLine>
<TextLine HEIGHT="69" HPOS="404" STYLEREFS="StyleId-525637DB-1774-4086-8050-B8FAC49ED21E-" VPOS="2705" WIDTH="2008">
<String CONTENT="superintendent" HEIGHT="68" HPOS="404" VPOS="2705" WIDTH="475" />
<SP HEIGHT="47" HPOS="880" VPOS="2714" WIDTH="51" />
<String CONTENT="of" HEIGHT="53" HPOS="932" VPOS="2707" WIDTH="64" />
<SP HEIGHT="54" HPOS="997" VPOS="2707" WIDTH="48" />
<String CONTENT="banks," HEIGHT="57" HPOS="1046" VPOS="2708" WIDTH="201" />
<SP HEIGHT="38" HPOS="1248" VPOS="2727" WIDTH="49" />
<String CONTENT="meet" HEIGHT="48" HPOS="1298" VPOS="2712" WIDTH="144" />
<SP HEIGHT="48" HPOS="1443" VPOS="2712" WIDTH="51" />
<String CONTENT="the" HEIGHT="52" HPOS="1495" VPOS="2708" WIDTH="96" />
<SP HEIGHT="34" HPOS="1592" VPOS="2726" WIDTH="51" />
<String CONTENT="statutory" HEIGHT="60" HPOS="1644" VPOS="2712" WIDTH="290" />
<SP HEIGHT="46" HPOS="1935" VPOS="2726" WIDTH="51" />
<String CONTENT="requirements." HEIGHT="66" HPOS="1987" VPOS="2708" WIDTH="425" />
</TextLine>
<TextLine CS="1" HEIGHT="70" HPOS="403" STYLEREFS="StyleId-525637DB-1774-4086-8050-B8FAC49ED21E-" VPOS="2786" WIDTH="1583">
<String CONTENT="Boston," HEIGHT="68" HPOS="403" VPOS="2787" WIDTH="237" />
<SP HEIGHT="69" HPOS="641" VPOS="2786" WIDTH="32" />
<String CONTENT="New" HEIGHT="53" HPOS="674" VPOS="2786" WIDTH="140" />
<SP HEIGHT="52" HPOS="815" VPOS="2788" WIDTH="35" />
<String CONTENT="York" HEIGHT="52" HPOS="851" VPOS="2788" WIDTH="165" />
<SP HEIGHT="68" HPOS="1017" VPOS="2788" WIDTH="38" />
<String CONTENT="[etc.]" CS="1" HEIGHT="63" HPOS="1074" VPOS="2792" WIDTH="121" />
<SP HEIGHT="67" HPOS="1196" VPOS="2788" WIDTH="39" />
<String CONTENT="R." HEIGHT="52" HPOS="1236" VPOS="2788" WIDTH="69" />
<SP HEIGHT="52" HPOS="1306" VPOS="2788" WIDTH="32" />
<String CONTENT="L." HEIGHT="52" HPOS="1339" VPOS="2788" WIDTH="65" />
<SP HEIGHT="52" HPOS="1405" VPOS="2788" WIDTH="34" />
<String CONTENT="Dav" HEIGHT="52" HPOS="1440" VPOS="2788" WIDTH="133" />
<SP HEIGHT="51" HPOS="1574" VPOS="2789" WIDTH="33" />
<String CONTENT="&amp;" HEIGHT="50" HPOS="1608" VPOS="2789" WIDTH="45" />
<SP HEIGHT="50" HPOS="1654" VPOS="2789" WIDTH="34" />
<String CONTENT="co." HEIGHT="36" HPOS="1689" VPOS="2804" WIDTH="78" />
<SP HEIGHT="33" HPOS="1768" VPOS="2820" WIDTH="41" />
<String CONTENT="[" CS="1" />
<String CONTENT="c" HEIGHT="21" HPOS="1828" STYLE="superscript" VPOS="2792" WIDTH="18" />
<String CONTENT="1935]" CS="1" HEIGHT="49" HPOS="1852" VPOS="2790" WIDTH="134" />
</TextLine>
<TextLine CS="1" HEIGHT="50" HPOS="473" STYLEREFS="StyleId-525637DB-1774-4086-8050-B8FAC49ED21E-" VPOS="2859" WIDTH="337">
<String CONTENT="53" HEIGHT="41" HPOS="473" VPOS="2860" WIDTH="57" />
<SP HEIGHT="48" HPOS="531" VPOS="2861" WIDTH="26" />
<String CONTENT="p." HEIGHT="38" HPOS="558" VPOS="2871" WIDTH="44" />
<SP HEIGHT="43" HPOS="603" VPOS="2859" WIDTH="59" />
<String CONTENT="25&#189;" CS="1" HEIGHT="41" HPOS="663" VPOS="2859" WIDTH="57" />
<String CONTENT="cm" HEIGHT="21" HPOS="751" STYLE="superscript" VPOS="2863" WIDTH="45" />
<String CONTENT="." HEIGHT="9" HPOS="801" VPOS="2894" WIDTH="9" />
</TextLine>
<TextLine HEIGHT="53" HPOS="398" VPOS="2914" WIDTH="1854">
<String CONTENT="&#169;" HEIGHT="53" HPOS="398" VPOS="2914" WIDTH="54" />
<SP HEIGHT="53" HPOS="453" VPOS="2914" WIDTH="29" />
<String CONTENT="Dec." HEIGHT="40" HPOS="483" VPOS="2919" WIDTH="113" />
<SP HEIGHT="41" HPOS="597" VPOS="2918" WIDTH="25" />
<String CONTENT="20," HEIGHT="47" HPOS="623" VPOS="2918" WIDTH="71" />
<SP HEIGHT="46" HPOS="695" VPOS="2919" WIDTH="31" />
<String CONTENT="1935;" HEIGHT="47" HPOS="727" VPOS="2918" WIDTH="142" />
<SP HEIGHT="46" HPOS="870" VPOS="2919" WIDTH="32" />
<String CONTENT="2c." HEIGHT="40" HPOS="903" VPOS="2919" WIDTH="68" />
<SP HEIGHT="30" HPOS="972" VPOS="2929" WIDTH="32" />
<String CONTENT="and" HEIGHT="38" HPOS="1005" VPOS="2921" WIDTH="96" />
<SP HEIGHT="38" HPOS="1102" VPOS="2921" WIDTH="31" />
<String CONTENT="aff." HEIGHT="41" HPOS="1134" VPOS="2919" WIDTH="84" />
<SP HEIGHT="40" HPOS="1219" VPOS="2920" WIDTH="32" />
<String CONTENT="Dec." HEIGHT="38" HPOS="1252" VPOS="2920" WIDTH="113" />
<SP HEIGHT="40" HPOS="1366" VPOS="2918" WIDTH="31" />
<String CONTENT="26;" HEIGHT="46" HPOS="1398" VPOS="2918" WIDTH="83" />
<SP HEIGHT="46" HPOS="1482" VPOS="2918" WIDTH="32" />
<String CONTENT="A" HEIGHT="39" HPOS="1515" VPOS="2918" WIDTH="41" />
<SP HEIGHT="40" HPOS="1557" VPOS="2917" WIDTH="30" />
<String CONTENT="90169;" HEIGHT="47" HPOS="1588" VPOS="2917" WIDTH="173" />
<SP HEIGHT="47" HPOS="1762" VPOS="2917" WIDTH="34" />
<String CONTENT="R." HEIGHT="39" HPOS="1797" VPOS="2917" WIDTH="55" />
<SP HEIGHT="39" HPOS="1853" VPOS="2917" WIDTH="34" />
<String CONTENT="L." HEIGHT="40" HPOS="1888" VPOS="2917" WIDTH="50" />
<SP HEIGHT="39" HPOS="1939" VPOS="2918" WIDTH="32" />
<String CONTENT="Day" HEIGHT="47" HPOS="1972" VPOS="2918" WIDTH="113" />
<SP HEIGHT="48" HPOS="2086" VPOS="2917" WIDTH="29" />
<String CONTENT="&amp;" HEIGHT="40" HPOS="2116" VPOS="2917" WIDTH="37" />
<SP HEIGHT="41" HPOS="2154" VPOS="2917" WIDTH="30" />
<String CONTENT="co." HEIGHT="30" HPOS="2185" VPOS="2928" WIDTH="67" />
</TextLine>
<TextLine HEIGHT="48" HPOS="479" VPOS="2975" WIDTH="253">
<String CONTENT="(36-1831)" HEIGHT="48" HPOS="479" VPOS="2975" WIDTH="253" />
</TextLine>
<TextLine HEIGHT="69" HPOS="399" STYLEREFS="StyleId-86CAB4DD-544C-42A8-87F9-A9B40AC7D5DB-" VPOS="3061" WIDTH="926">
<String CONTENT="Dow," HEIGHT="68" HPOS="399" VPOS="3061" WIDTH="163" />
<SP HEIGHT="65" HPOS="563" VPOS="3064" WIDTH="30" />
<String CONTENT="George" HEIGHT="66" HPOS="594" VPOS="3064" WIDTH="230" />
<SP HEIGHT="53" HPOS="825" VPOS="3066" WIDTH="28" />
<String CONTENT="Francis," HEIGHT="65" HPOS="854" VPOS="3065" WIDTH="266" />
<SP HEIGHT="60" HPOS="1121" VPOS="3070" WIDTH="30" />
<String CONTENT="1868-" HEIGHT="50" HPOS="1152" VPOS="3070" WIDTH="173" />
</TextLine>
<TextLine HEIGHT="73" HPOS="470" STYLEREFS="StyleId-525637DB-1774-4086-8050-B8FAC49ED21E-" VPOS="3138" WIDTH="1952">
<String CONTENT="Every" HEIGHT="70" HPOS="470" VPOS="3140" WIDTH="194" />
<SP HEIGHT="69" HPOS="665" VPOS="3141" WIDTH="29" />
<String CONTENT="day" HEIGHT="70" HPOS="695" VPOS="3141" WIDTH="113" />
<SP HEIGHT="70" HPOS="809" VPOS="3141" WIDTH="29" />
<String CONTENT="life" HEIGHT="54" HPOS="839" VPOS="3141" WIDTH="107" />
<SP HEIGHT="53" HPOS="947" VPOS="3142" WIDTH="30" />
<String CONTENT="in" HEIGHT="53" HPOS="978" VPOS="3142" WIDTH="61" />
<SP HEIGHT="47" HPOS="1040" VPOS="3148" WIDTH="30" />
<String CONTENT="the" HEIGHT="53" HPOS="1071" VPOS="3142" WIDTH="98" />
<SP HEIGHT="54" HPOS="1170" VPOS="3141" WIDTH="33" />
<String CONTENT="Massachusetts" HEIGHT="54" HPOS="1204" VPOS="3141" WIDTH="449" />
<SP HEIGHT="56" HPOS="1654" VPOS="3138" WIDTH="29" />
<String CONTENT="bay" HEIGHT="71" HPOS="1684" VPOS="3138" WIDTH="112" />
<SP HEIGHT="51" HPOS="1797" VPOS="3158" WIDTH="33" />
<String CONTENT="colony," HEIGHT="70" HPOS="1831" VPOS="3140" WIDTH="221" />
<SP HEIGHT="69" HPOS="2053" VPOS="3140" WIDTH="32" />
<String CONTENT="by" HEIGHT="70" HPOS="2086" VPOS="3140" WIDTH="76" />
<SP HEIGHT="71" HPOS="2163" VPOS="3139" WIDTH="35" />
<String CONTENT="George" HEIGHT="71" HPOS="2199" VPOS="3139" WIDTH="223" />
</TextLine>
<TextLine CS="1" HEIGHT="72" HPOS="398" STYLEREFS="StyleId-525637DB-1774-4086-8050-B8FAC49ED21E-" VPOS="3217" WIDTH="2023">
<String CONTENT="Francis" HEIGHT="56" HPOS="398" VPOS="3217" WIDTH="242" />
<SP HEIGHT="53" HPOS="641" VPOS="3220" WIDTH="39" />
<String CONTENT="Dow." HEIGHT="53" HPOS="681" VPOS="3220" WIDTH="162" />
<SP HEIGHT="51" HPOS="844" VPOS="3222" WIDTH="78" />
<String CONTENT="Boston," HEIGHT="67" HPOS="923" VPOS="3222" WIDTH="238" />
<SP HEIGHT="67" HPOS="1162" VPOS="3222" WIDTH="40" />
<String CONTENT="The" HEIGHT="53" HPOS="1203" VPOS="3221" WIDTH="123" />
<SP HEIGHT="56" HPOS="1327" VPOS="3219" WIDTH="43" />
<String CONTENT="Society" HEIGHT="70" HPOS="1371" VPOS="3219" WIDTH="230" />
<SP HEIGHT="72" HPOS="1602" VPOS="3217" WIDTH="41" />
<String CONTENT="for" HEIGHT="54" HPOS="1644" VPOS="3217" WIDTH="95" />
<SP HEIGHT="48" HPOS="1740" VPOS="3223" WIDTH="38" />
<String CONTENT="the" HEIGHT="54" HPOS="1779" VPOS="3219" WIDTH="96" />
<SP HEIGHT="50" HPOS="1876" VPOS="3237" WIDTH="41" />
<String CONTENT="preservation" HEIGHT="67" HPOS="1918" VPOS="3220" WIDTH="392" />
<SP HEIGHT="37" HPOS="2311" VPOS="3236" WIDTH="45" />
<String CONTENT="of" HEIGHT="53" HPOS="2357" VPOS="3219" WIDTH="64" />
</TextLine>
<TextLine HEIGHT="73" HPOS="396" STYLEREFS="StyleId-525637DB-1774-4086-8050-B8FAC49ED21E-" VPOS="3296" WIDTH="1017">
<String CONTENT="New" HEIGHT="54" HPOS="396" VPOS="3296" WIDTH="141" />
<SP HEIGHT="52" HPOS="538" VPOS="3299" WIDTH="30" />
<String CONTENT="England" HEIGHT="69" HPOS="569" VPOS="3299" WIDTH="274" />
<SP HEIGHT="52" HPOS="844" VPOS="3300" WIDTH="30" />
<String CONTENT="antiquities," HEIGHT="70" HPOS="875" VPOS="3299" WIDTH="352" />
<SP HEIGHT="62" HPOS="1228" VPOS="3305" WIDTH="31" />
<String CONTENT="1935." HEIGHT="50" HPOS="1260" VPOS="3302" WIDTH="153" />
</TextLine>
<TextLine CS="1" HEIGHT="52" HPOS="470" VPOS="3370" WIDTH="1639">
<String CONTENT="xii," HEIGHT="48" HPOS="470" VPOS="3370" WIDTH="85" />
<SP HEIGHT="45" HPOS="556" VPOS="3373" WIDTH="30" />
<String CONTENT="293" HEIGHT="40" HPOS="587" VPOS="3373" WIDTH="86" />
<SP HEIGHT="48" HPOS="674" VPOS="3373" WIDTH="27" />
<String CONTENT="p.," HEIGHT="38" HPOS="702" VPOS="3383" WIDTH="57" />
<SP HEIGHT="47" HPOS="760" VPOS="3373" WIDTH="28" />
<String CONTENT="1" HEIGHT="39" HPOS="789" VPOS="3373" WIDTH="24" />
<SP HEIGHT="39" HPOS="814" VPOS="3373" WIDTH="32" />
<String CONTENT="l." CS="1" HEIGHT="8" HPOS="867" VPOS="3405" WIDTH="9" />
<SP HEIGHT="39" HPOS="877" VPOS="3374" WIDTH="58" />
<String CONTENT="front.," HEIGHT="48" HPOS="936" VPOS="3374" WIDTH="165" />
<SP HEIGHT="48" HPOS="1102" VPOS="3374" WIDTH="32" />
<String CONTENT="illus.," HEIGHT="48" HPOS="1135" VPOS="3374" WIDTH="144" />
<SP HEIGHT="39" HPOS="1280" VPOS="3383" WIDTH="31" />
<String CONTENT="plates," HEIGHT="48" HPOS="1312" VPOS="3373" WIDTH="172" />
<SP HEIGHT="38" HPOS="1485" VPOS="3382" WIDTH="28" />
<String CONTENT="ports.," HEIGHT="47" HPOS="1514" VPOS="3373" WIDTH="165" />
<SP HEIGHT="48" HPOS="1680" VPOS="3372" WIDTH="32" />
<String CONTENT="facsims." HEIGHT="42" HPOS="1713" VPOS="3371" WIDTH="218" />
<SP HEIGHT="42" HPOS="1932" VPOS="3371" WIDTH="59" />
<String CONTENT="26" HEIGHT="41" HPOS="1992" VPOS="3371" WIDTH="57" />
<String CONTENT="cm" HEIGHT="21" HPOS="2052" STYLE="superscript" VPOS="3374" WIDTH="44" />
<String CONTENT="." HEIGHT="8" HPOS="2100" VPOS="3403" WIDTH="9" />
</TextLine>
<TextLine HEIGHT="51" HPOS="474" VPOS="3428" WIDTH="1947">
<String CONTENT="Maps" HEIGHT="50" HPOS="474" VPOS="3428" WIDTH="140" />
<SP HEIGHT="29" HPOS="615" VPOS="3442" WIDTH="31" />
<String CONTENT="on" HEIGHT="29" HPOS="647" VPOS="3442" WIDTH="61" />
<SP HEIGHT="40" HPOS="709" VPOS="3431" WIDTH="30" />
<String CONTENT="lining-papers;" HEIGHT="49" HPOS="740" VPOS="3430" WIDTH="379" />
<SP HEIGHT="43" HPOS="1120" VPOS="3431" WIDTH="33" />
<String CONTENT="Massachusetts" HEIGHT="41" HPOS="1154" VPOS="3431" WIDTH="392" />
<SP HEIGHT="39" HPOS="1547" VPOS="3430" WIDTH="32" />
<String CONTENT="bay" HEIGHT="46" HPOS="1580" VPOS="3430" WIDTH="95" />
<SP HEIGHT="37" HPOS="1676" VPOS="3439" WIDTH="31" />
<String CONTENT="colony" HEIGHT="47" HPOS="1708" VPOS="3429" WIDTH="170" />
<SP HEIGHT="36" HPOS="1879" VPOS="3440" WIDTH="34" />
<String CONTENT="seal," HEIGHT="47" HPOS="1914" VPOS="3430" WIDTH="115" />
<SP HEIGHT="47" HPOS="2030" VPOS="3430" WIDTH="32" />
<String CONTENT="1675." HEIGHT="42" HPOS="2063" VPOS="3429" WIDTH="129" />
<SP HEIGHT="31" HPOS="2193" VPOS="3440" WIDTH="33" />
<String CONTENT="on" HEIGHT="30" HPOS="2227" VPOS="3440" WIDTH="61" />
<SP HEIGHT="39" HPOS="2289" VPOS="3432" WIDTH="33" />
<String CONTENT="t.-p." HEIGHT="46" HPOS="2323" VPOS="3432" WIDTH="98" />
</TextLine>
<TextLine CS="1" HEIGHT="51" HPOS="473" VPOS="3486" WIDTH="1947">
<String CONTENT="&#8220;One" HEIGHT="42" HPOS="473" VPOS="3486" WIDTH="130" />
<SP HEIGHT="39" HPOS="604" VPOS="3490" WIDTH="29" />
<String CONTENT="thousand" HEIGHT="40" HPOS="634" VPOS="3489" WIDTH="245" />
<SP HEIGHT="39" HPOS="880" VPOS="3490" WIDTH="29" />
<String CONTENT="copies" HEIGHT="49" HPOS="910" VPOS="3488" WIDTH="162" />
<SP HEIGHT="37" HPOS="1073" VPOS="3500" WIDTH="28" />
<String CONTENT="printed" HEIGHT="47" HPOS="1102" VPOS="3490" WIDTH="196" />
<SP HEIGHT="39" HPOS="1299" VPOS="3491" WIDTH="31" />
<String CONTENT="&#8230;" CS="1" />
<SP HEIGHT="29" HPOS="1378" VPOS="3499" WIDTH="33" />
<String CONTENT="on" HEIGHT="29" HPOS="1412" VPOS="3499" WIDTH="59" />
<SP HEIGHT="40" HPOS="1472" VPOS="3488" WIDTH="30" />
<String CONTENT="Warren's" HEIGHT="41" HPOS="1503" VPOS="3486" WIDTH="249" />
<SP HEIGHT="29" HPOS="1753" VPOS="3498" WIDTH="26" />
<String CONTENT="olde" HEIGHT="40" HPOS="1780" VPOS="3488" WIDTH="107" />
<SP HEIGHT="30" HPOS="1888" VPOS="3498" WIDTH="31" />
<String CONTENT="style" HEIGHT="46" HPOS="1920" VPOS="3488" WIDTH="127" />
<SP HEIGHT="38" HPOS="2048" VPOS="3498" WIDTH="29" />
<String CONTENT="paper" HEIGHT="38" HPOS="2078" VPOS="3498" WIDTH="150" />
<SP HEIGHT="30" HPOS="2229" VPOS="3499" WIDTH="27" />
<String CONTENT="at" HEIGHT="38" HPOS="2257" VPOS="3491" WIDTH="52" />
<SP HEIGHT="38" HPOS="2310" VPOS="3491" WIDTH="31" />
<String CONTENT="the" HEIGHT="40" HPOS="2342" VPOS="3488" WIDTH="78" />
</TextLine>
<TextLine HEIGHT="54" HPOS="401" VPOS="3541" WIDTH="1171">
<String CONTENT="Wayside" HEIGHT="51" HPOS="401" VPOS="3541" WIDTH="230" />
<SP HEIGHT="37" HPOS="632" VPOS="3556" WIDTH="30" />
<String CONTENT="press," HEIGHT="37" HPOS="663" VPOS="3556" WIDTH="149" />
<SP HEIGHT="46" HPOS="813" VPOS="3547" WIDTH="32" />
<String CONTENT="Topsfield," HEIGHT="49" HPOS="846" VPOS="3546" WIDTH="258" />
<SP HEIGHT="46" HPOS="1105" VPOS="3547" WIDTH="30" />
<String CONTENT="Massachusetts.&#8221;" HEIGHT="44" HPOS="1136" VPOS="3544" WIDTH="436" />
</TextLine>
<TextLine CS="1" HEIGHT="55" HPOS="398" VPOS="3599" WIDTH="2023">
<String CONTENT="&#169;" HEIGHT="54" HPOS="398" VPOS="3599" WIDTH="54" />
<SP HEIGHT="54" HPOS="453" VPOS="3599" WIDTH="25" />
<String CONTENT="Nov." HEIGHT="41" HPOS="479" VPOS="3604" WIDTH="121" />
<SP HEIGHT="39" HPOS="601" VPOS="3606" WIDTH="30" />
<String CONTENT="26," HEIGHT="48" HPOS="632" VPOS="3606" WIDTH="71" />
<SP HEIGHT="47" HPOS="704" VPOS="3607" WIDTH="31" />
<String CONTENT="1935;" HEIGHT="48" HPOS="736" VPOS="3605" WIDTH="142" />
<SP HEIGHT="45" HPOS="879" VPOS="3608" WIDTH="33" />
<String CONTENT="2c." HEIGHT="39" HPOS="913" VPOS="3608" WIDTH="66" />
<SP HEIGHT="39" HPOS="980" VPOS="3608" WIDTH="34" />
<String CONTENT="Jan." HEIGHT="40" HPOS="1015" VPOS="3608" WIDTH="110" />
<SP HEIGHT="41" HPOS="1126" VPOS="3607" WIDTH="33" />
<String CONTENT="17," HEIGHT="45" HPOS="1160" VPOS="3607" WIDTH="70" />
<SP HEIGHT="45" HPOS="1231" VPOS="3607" WIDTH="33" />
<String CONTENT="1936;" HEIGHT="46" HPOS="1265" VPOS="3606" WIDTH="140" />
<SP HEIGHT="35" HPOS="1406" VPOS="3617" WIDTH="36" />
<String CONTENT="aff." HEIGHT="41" HPOS="1443" VPOS="3605" WIDTH="82" />
<SP HEIGHT="41" HPOS="1526" VPOS="3605" WIDTH="33" />
<String CONTENT="Jan." HEIGHT="40" HPOS="1560" VPOS="3605" WIDTH="111" />
<SP HEIGHT="40" HPOS="1672" VPOS="3605" WIDTH="33" />
<String CONTENT="16;" CS="1" HEIGHT="40" HPOS="1706" VPOS="3605" WIDTH="55" />
<SP HEIGHT="46" HPOS="1790" VPOS="3606" WIDTH="34" />
<String CONTENT="A" HEIGHT="38" HPOS="1825" VPOS="3606" WIDTH="41" />
<SP HEIGHT="41" HPOS="1867" VPOS="3604" WIDTH="30" />
<String CONTENT="90349;" HEIGHT="44" HPOS="1898" VPOS="3604" WIDTH="174" />
<SP HEIGHT="42" HPOS="2073" VPOS="3606" WIDTH="37" />
<String CONTENT="G." HEIGHT="41" HPOS="2111" VPOS="3606" WIDTH="51" />
<SP HEIGHT="39" HPOS="2163" VPOS="3607" WIDTH="35" />
<String CONTENT="F." HEIGHT="40" HPOS="2199" VPOS="3607" WIDTH="52" />
<SP HEIGHT="40" HPOS="2252" VPOS="3607" WIDTH="33" />
<String CONTENT="Dow." HEIGHT="41" HPOS="2286" VPOS="3607" WIDTH="135" />
</TextLine>
<TextLine HEIGHT="50" HPOS="471" VPOS="3662" WIDTH="525">
<String CONTENT="Boston." HEIGHT="41" HPOS="471" VPOS="3662" WIDTH="199" />
<SP HEIGHT="46" HPOS="671" VPOS="3664" WIDTH="70" />
<String CONTENT="(36-1841)" HEIGHT="48" HPOS="742" VPOS="3664" WIDTH="254" />
</TextLine>
<TextLine HEIGHT="68" HPOS="399" STYLEREFS="StyleId-86CAB4DD-544C-42A8-87F9-A9B40AC7D5DB-" VPOS="3750" WIDTH="702">
<String CONTENT="Engelsman," HEIGHT="68" HPOS="399" VPOS="3750" WIDTH="384" />
<SP HEIGHT="64" HPOS="784" VPOS="3754" WIDTH="26" />
<String CONTENT="Ralph" HEIGHT="64" HPOS="811" VPOS="3753" WIDTH="193" />
<SP HEIGHT="54" HPOS="1005" VPOS="3753" WIDTH="28" />
<String CONTENT="G." HEIGHT="55" HPOS="1034" VPOS="3753" WIDTH="67" />
</TextLine>
<TextLine CS="1" HEIGHT="74" HPOS="472" STYLEREFS="StyleId-525637DB-1774-4086-8050-B8FAC49ED21E-" VPOS="3825" WIDTH="1883">
<String CONTENT="Getting" HEIGHT="72" HPOS="472" VPOS="3825" WIDTH="245" />
<SP HEIGHT="50" HPOS="718" VPOS="3847" WIDTH="26" />
<String CONTENT="ahead" HEIGHT="54" HPOS="745" VPOS="3829" WIDTH="182" />
<SP HEIGHT="53" HPOS="928" VPOS="3830" WIDTH="32" />
<String CONTENT="in" HEIGHT="53" HPOS="961" VPOS="3830" WIDTH="60" />
<SP HEIGHT="51" HPOS="1022" VPOS="3833" WIDTH="28" />
<String CONTENT="life" HEIGHT="54" HPOS="1051" VPOS="3830" WIDTH="108" />
<SP HEIGHT="53" HPOS="1160" VPOS="3831" WIDTH="27" />
<String CONTENT="insurance," HEIGHT="67" HPOS="1188" VPOS="3831" WIDTH="318" />
<SP HEIGHT="67" HPOS="1507" VPOS="3831" WIDTH="27" />
<String CONTENT="by" HEIGHT="67" HPOS="1535" VPOS="3831" WIDTH="76" />
<SP HEIGHT="67" HPOS="1612" VPOS="3831" WIDTH="28" />
<String CONTENT="Ralph" HEIGHT="68" HPOS="1641" VPOS="3829" WIDTH="194" />
<SP HEIGHT="55" HPOS="1836" VPOS="3830" WIDTH="30" />
<String CONTENT="G." HEIGHT="55" HPOS="1867" VPOS="3830" WIDTH="69" />
<SP HEIGHT="52" HPOS="1937" VPOS="3832" WIDTH="30" />
<String CONTENT="Engelsman" HEIGHT="68" HPOS="1968" VPOS="3831" WIDTH="351" />
<SP HEIGHT="36" HPOS="2320" VPOS="3849" WIDTH="35" />
<String CONTENT="&#8230;" CS="1" />
</TextLine>
<TextLine HEIGHT="71" HPOS="406" STYLEREFS="StyleId-525637DB-1774-4086-8050-B8FAC49ED21E-" VPOS="3906" WIDTH="2011">
<String CONTENT="1st" HEIGHT="49" HPOS="406" VPOS="3911" WIDTH="81" />
<SP HEIGHT="48" HPOS="488" VPOS="3911" WIDTH="28" />
<String CONTENT="ed." HEIGHT="54" HPOS="517" VPOS="3906" WIDTH="85" />
<SP HEIGHT="53" HPOS="603" VPOS="3908" WIDTH="64" />
<String CONTENT="New" HEIGHT="53" HPOS="668" VPOS="3908" WIDTH="140" />
<SP HEIGHT="53" HPOS="809" VPOS="3909" WIDTH="29" />
<String CONTENT="York" HEIGHT="53" HPOS="839" VPOS="3909" WIDTH="167" />
<SP HEIGHT="52" HPOS="1007" VPOS="3909" WIDTH="29" />
<String CONTENT="and" HEIGHT="52" HPOS="1037" VPOS="3911" WIDTH="112" />
<SP HEIGHT="52" HPOS="1150" VPOS="3911" WIDTH="34" />
<String CONTENT="London," HEIGHT="66" HPOS="1185" VPOS="3909" WIDTH="260" />
<SP HEIGHT="66" HPOS="1446" VPOS="3909" WIDTH="29" />
<String CONTENT="McGraw-Hill" HEIGHT="56" HPOS="1476" VPOS="3907" WIDTH="434" />
<SP HEIGHT="53" HPOS="1911" VPOS="3909" WIDTH="28" />
<String CONTENT="book" HEIGHT="53" HPOS="1940" VPOS="3909" WIDTH="149" />
<SP HEIGHT="53" HPOS="2090" VPOS="3910" WIDTH="30" />
<String CONTENT="company," HEIGHT="50" HPOS="2121" VPOS="3927" WIDTH="296" />
</TextLine>
<TextLine CS="1" HEIGHT="61" HPOS="401" STYLEREFS="StyleId-525637DB-1774-4086-8050-B8FAC49ED21E-" VPOS="3984" WIDTH="309">
<String CONTENT="inc.," CS="1" HEIGHT="58" HPOS="401" VPOS="3984" WIDTH="104" />
<SP HEIGHT="52" HPOS="526" VPOS="3993" WIDTH="39" />
<String CONTENT="1936." HEIGHT="55" HPOS="566" VPOS="3990" WIDTH="144" />
</TextLine>
</TextBlock>
</PrintSpace>
</Page>
</Layout>
</alto>