2519 4377
1002 4050 101 55 407

66 426 171 62 Hart,
265 424 170 54 Alan.

138 540 56 10 ...
222 499 120 53 The
363 499 331 53 undaunted
723 540 55 11 ...
843 499 137 52 New
1007 497 180 69 York,
1208 498 91 54 W.
1324 498 90 54 W.
1439 497 221 53 Norton
1683 497 46 51 &
1754 513 298 53 company,

63 577 128 67 inc.,
218 578 149 51 1936.

133 647 85 41 310
249 660 43 37 p.
351 648 54 39 19½
439 650 44 21 cm
486 679 8 9 .

135 705 161 41 “First
325 704 226 42 edition.”

67 771 52 53 ©
144 777 119 39 Mar.
285 776 68 45 27,
379 774 139 48 1936;
543 776 66 40 2c.
635 777 113 47 Apr.
772 776 82 46 20;
882 776 81 41 aff.
990 777 120 38 Mar.
1135 776 82 47 30;
1244 777 39 38 A
1309 776 169 47 94009;
1507 779 70 39 W.
1604 778 70 40 W.
1701 778 184 39 Norton
1912 778 35 39 &
1973 787 82 38 co.,

135 832 88 40 inc.
296 832 249 48 (36-8690)

63 936 250 63 Heaton,
340 936 188 54 Willis
554 937 217 63 Edgar.

139 1055 55 10 ...
228 1014 120 51 The
375 1014 310 65 procedure
715 1014 111 51 and
857 1012 108 53 law
996 1013 61 52 of
1091 1013 354 67 Surrogates’
1474 1019 187 47 courts
1691 1014 62 52 of
1785 1015 94 51 the
1910 1019 144 47 state

63 1090 62 54 of
146 1091 137 52 New
307 1091 176 66 York,
504 1090 74 67 by
598 1091 193 54 Willis
813 1091 65 52 E.
902 1092 244 51 Heaton.
1214 1091 95 51 5th
1332 1091 83 53 ed.
1483 1092 221 51 volume
1727 1095 45 49 8.
1813 1093 240 50 Descent

65 1168 111 52 and
215 1167 386 66 distribution,
640 1168 297 66 including
975 1170 187 51 charts
1201 1169 111 51 and
1352 1169 194 65 tables,
1585 1169 74 66 by
1699 1168 227 55 Samuel
1963 1171 89 53 W.

65 1246 187 65 Eager
287 1287 55 9 ...
420 1245 248 66 Albany,
697 1246 68 52 N.
797 1247 89 64 Y.,
917 1246 110 51 and
1056 1247 137 51 New
1224 1246 178 66 York,
1431 1247 69 51 N.
1530 1248 90 64 Y.,
1648 1247 77 51 M.
1756 1246 225 52 Bender
2010 1250 44 49 &

64 1340 293 48 company,
385 1323 415 65 incorporated,
831 1326 148 50 1936.

135 1395 101 41 xiii,
267 1394 85 40 289
383 1405 41 36 p.
485 1394 116 40 fold,
634 1395 143 40 table.
835 1393 116 41 25cm.

65 1459 52 52 ©
147 1465 121 37 Mar.
299 1463 68 48 25,
399 1461 139 48 1936;
571 1463 67 40 2c.
672 1463 119 40 Mar.
824 1463 81 46 28;
940 1461 81 42 aff.
1052 1464 119 38 Mar.
1205 1464 81 46 27;
1320 1464 39 38 A
1390 1462 171 47 92612;
1597 1464 235 39 Matthew
1865 1464 190 39 Bender

134 1520 35 39 &
195 1530 81 37 co.,
303 1519 89 40 inc.

62 1621 279 64 Hichens,
370 1623 219 52 Robert
619 1621 269 64 Smythe,
922 1628 168 49 1864-

140 1741 55 10 ...
231 1698 121 53 The
382 1697 297 70 pyramid;
712 1716 32 35 a
775 1699 181 52 novel.
1025 1698 230 54 Garden
1286 1699 155 68 City,
1472 1699 70 53 N.
1578 1699 89 63 Y.,
1700 1699 354 68 Doubleday,

64 1777 199 52 Doran
288 1779 46 50 &
360 1793 296 51 company,
682 1775 126 69 inc.,
838 1777 150 52 1936.

132 1849 554 49 5 p. l., 466 p. 20½ cm .
133 1907 62 40 At
220 1907 124 41 head
372 1907 52 40 of
447 1906 110 42 title;
612 1907 183 41 Robert
820 1907 229 40 Hichens.

133 1963 160 41 “First
329 1963 225 42 edition.”

136 2019 194 42 London
353 2020 183 41 edition
570 2019 210 50 (Cassell
803 2021 96 40 and
922 2030 248 39 company,
1194 2019 110 48 ltd.)
1336 2020 90 40 has
1448 2020 108 41 title;
1611 2020 236 42 "Susie’s”
1872 2032 180 31 career.

63 2074 52 52 ©
137 2080 112 46 Apr.
272 2079 40 45 3,
336 2077 138 47 1936;
500 2077 66 41 2c.
589 2079 96 39 and
709 2078 82 39 aff.
815 2078 112 47 Apr.
952 2078 51 45 8;
1030 2078 39 38 A
1093 2076 142 41 93671;
1290 2077 55 39 R.
1374 2078 44 40 S.
1444 2076 227 50 Hichens,
1697 2076 158 47 Cairo,
1882 2077 172 49 Egypt.

146 2135 250 47 (36-8542)

64 2237 134 65 Hill,
226 2238 204 65 Henry
458 2238 209 63 Chase,
696 2255 179 50 comp.

134 2315 120 53 The
287 2334 122 34 new
440 2314 253 55 Wonder
726 2313 146 53 book
904 2315 62 51 of
1000 2314 359 68 knowledge;
1396 2314 95 52 the
1524 2319 243 48 marvels
1801 2315 63 50 of
63 2314 1967 130 modern

194 2393 264 68 industry
492 2392 111 52 and
634 2393 312 65 invention,
978 2393 95 52 the
1105 2392 336 67 interesting
1472 2393 197 51 stories
1702 2392 63 53 of
1798 2411 256 33 common

63 2470 212 68 things,
313 2470 95 53 the
446 2468 338 70 mysterious
823 2487 280 51 processes
1143 2469 63 53 of
1242 2474 202 48 nature
1483 2470 211 68 simply
1733 2470 319 68 explained.

66 2548 298 68 Compiled
408 2548 111 53 and
564 2548 281 68 arranged
887 2548 75 68 by
1005 2547 202 68 Henry
1251 2547 183 55 Chase
1475 2548 128 52 Hill
1648 2547 138 54 with
1830 2549 94 52 the
64 2567 1966 126 cooperation

399 2626 63 52 of
502 2631 226 63 experts
768 2625 391 68 representing
1197 2626 136 52 each
1372 2625 295 68 industry;
1710 2626 188 53 edited
1941 2628 111 52 and

64 2704 218 52 revised
321 2704 75 68 by
433 2704 143 54 Will
617 2704 77 52 H.
737 2703 283 54 Johnston
1065 2746 56 10 ...
1165 2703 324 53 illustrated
1532 2703 138 54 with
1711 2704 102 53 700

64 2705 1965 144 photographs
309 2782 110 52 and
452 2780 305 70 drawings.
825 2779 424 70 Philadelphia,
1281 2781 252 68 Chicago
1588 2786 121 55 [etc.]
1745 2782 121 53 The
1897 2783 156 53 John

65 2859 61 55 C.
156 2859 265 56 Winston
448 2877 279 51 company
760 2892 13 36 [
776 2866 20 21 c
801 2862 151 65 1936]

133 2932 1278 51 1 p. l., 600 p. col. front., illus., diagrs. 23 ½cm .
64 2987 52 52 ©
147 2993 120 39 Mar.
297 2991 40 46 3,
368 2989 138 47 1936;
539 2990 67 40 2c.
639 2992 122 39 Mar.
792 2991 80 46 13;
907 2990 81 40 aff.
1021 2991 120 39 Mar.
1174 2991 80 44 14;
1286 2991 39 38 A
1356 2989 171 47 93168;
1561 2990 117 40 Will
1707 2991 58 38 H.
1800 2992 250 45 Johnston,

133 3047 351 48 Philadelphia.
547 3047 280 49 [Copyright
858 3046 41 41 is
930 3046 204 40 claimed
1166 3057 59 28 on
1257 3045 236 41 revisions
1525 3048 94 38 and
1652 3047 261 48 additions]

143 3104 248 48 (36-8536)

65 3205 300 64 Howland,
392 3208 137 51 Mrs.
555 3205 285 54 Ivalclare
863 3205 220 64 Sprow.

136 3282 121 53 The
278 3282 265 67 teaching
562 3281 65 55 of
647 3282 152 67 body
821 3282 318 53 mechanics
1160 3282 59 52 in
1242 3282 343 67 elementary
1611 3283 110 52 and
1746 3283 306 67 secondary

67 3359 234 68 schools,
332 3359 75 68 by
444 3360 283 52 Ivalclare
762 3358 201 68 Sprow
1001 3359 288 53 Howland
1335 3402 55 9 ...
1486 3360 137 52 New
1664 3360 179 66 York,
1881 3360 71 53 A.
1996 3359 55 55 S.

70 3438 212 52 Barnes
312 3437 111 53 and
454 3455 297 49 company,
783 3437 414 66 incorporated,
1230 3439 148 50 1936.

133 3508 82 46 xii,
246 3509 83 41 203
359 3521 41 37 p.
460 3509 162 48 front.,
649 3509 129 43 illus.
837 3509 146 43 23½cm.

136 3566 341 48 Bibliography;
536 3577 43 37 p.
611 3566 214 41 199-203.

67 3618 53 52 ©
146 3624 118 38 Mar.
291 3623 67 47 11,
385 3623 138 45 1936;
553 3623 66 40 2c.
647 3624 121 39 Mar.
796 3623 80 42 16;
906 3622 82 40 aff.
1015 3623 121 41 Mar.
1162 3622 83 46 23;
1273 3623 40 38 A
1339 3621 170 47 92420;
1539 3623 55 39 A.
1624 3623 42 40 S.
1697 3623 184 40 Barnes
1909 3624 35 39 &
1972 3632 82 38 co.,

139 3677 90 42 inc.
299 3679 222 47 (36-8505
533 3679 13 47 )

69 3779 260 65 Hughes,
359 3782 128 62 Ray
515 3781 250 64 Osgood,
798 3782 170 54 1879-

138 3854 303 54 Economic
484 3855 353 68 citizenship,
877 3856 76 67 by
994 3855 68 53 R.
1108 3854 66 54 O.
1218 3855 241 68 Hughes
1506 3899 55 10 ...
1637 3855 234 66 Boston,
1915 3856 135 54 New

69 3930 161 53 York
264 3938 136 60 [etc.]
434 3933 178 67 Allyn
644 3933 110 52 and
786 3932 193 53 Bacon
1014 3966 13 34 [
1031 3939 19 21 c
1056 3935 130 49 1936]
