2519 4377
1003 4126 130 48 1139

160 574 64 46 ix,
260 573 69 49 [1],
359 572 87 41 388
475 584 43 38 p.
548 573 112 40 incl.
690 573 164 49 front.,
886 573 142 48 illus.,
1057 583 150 40 maps,
1240 575 179 49 diagrs.
1478 574 56 41 26½
1567 576 43 22 cm
1614 606 9 8 .
1692 574 224 50 (Atwood
88 587 1980 92 geography
273 630 173 48 series)

91 697 53 52 ©
171 702 127 39 June
323 702 40 48 4,
392 700 113 41 1936;
563 702 66 40 2c.
659 702 96 38 and
784 701 81 42 aff.
896 702 115 46 July
1040 702 53 40 13;
1152 703 40 38 A
1221 701 144 41 97022;
1423 703 71 40 W.
1523 703 70 40 W.
1625 703 215 47 Atwood,
162 703 1906 101 Worcester,

287 759 161 41 Mass.,
485 758 95 39 and
617 758 154 39 Helen
810 758 120 40 Goss
967 758 224 47 Thomas,
1228 758 201 47 Waban,
1469 760 146 38 Mass.
171 814 278 48 (36-18402)

85 931 220 67 Avery,
329 933 185 64 Royal
540 932 71 55 A.

159 1007 177 53 Plane
365 1014 304 62 geometry.
735 1008 138 53 New
902 1008 83 54 ed.
1050 1008 90 67 By
1170 1008 187 68 Royal
1388 1008 70 53 A.
1489 1008 195 68 Avery
1721 1050 56 10 ...
1847 1007 234 67 Boston,

86 1084 1291 70 New York [etc.] Allyn and Bacon [ c 1936]
223 1201 9 16 xv,
267 1169 70 49 [1],
366 1169 99 48 454,
497 1170 25 39 6
551 1180 43 37 p.
651 1170 164 48 front.,
846 1171 141 46 illus.,
1019 1171 178 46 diagrs.
1255 1170 146 40 19½cm.

89 1237 53 53 ©
171 1243 118 46 Aug.
319 1243 39 47 3,
389 1243 113 40 1936;
563 1243 66 40 2c.
662 1243 119 47 Aug.
812 1245 25 38 7;
898 1242 81 41 aff.
1011 1243 118 47 Aug.
1162 1243 29 40 6;
1247 1243 40 39 A
1317 1242 143 41 97274;
1522 1243 145 48 Allyn
1696 1244 37 40 &
1765 1245 175 37 Bacon.

169 1298 277 49 (36-18318)

83 1417 170 64 Bare,
280 1417 269 65 Virginia
577 1419 301 63 McCarty.

156 1492 170 56 Come
355 1512 262 49 summer,
646 1494 76 68 by
751 1493 269 69 Virginia
1050 1492 280 70 McCarty
1360 1494 165 52 Bare.
1591 1493 140 54 New
1762 1491 179 55 York.
85 1493 1972 148 Toronto,
295 1573 344 69 Longmans,
670 1572 185 56 Green
887 1573 112 53 and
1031 1590 97 52 co.,
1162 1574 148 52 1936.

152 1660 838 50 viii p., 1 l., 214 p. illus. 20 cm .
150 1732 289 40 Illustrated
471 1731 361 49 lining-papers.

153 1788 160 40 “First
345 1786 224 42 edition.”

87 1854 52 53 ©
167 1859 119 46 Aug.
316 1857 67 49 12,
413 1857 140 47 1936;
585 1858 66 40 2c.
682 1858 120 48 Aug.
831 1858 55 40 25;
946 1857 81 40 aff.
1061 1857 128 48 Sept.
1222 1857 81 46 10;
1335 1858 41 39 A
1405 1857 171 47 97516;
1610 1858 53 40 V.
1695 1859 62 39 M.
1789 1858 141 47 Bare,
1963 1858 115 46 Rye,

156 1916 55 37 N.
246 1916 53 38 Y.
370 1915 279 49 (36-27385)

81 2033 292 64 Barrows,
401 2033 224 53 Harlan
655 2035 92 62 H.,
780 2034 170 55 1877-

156 2166 56 10 ...
241 2124 286 55 Southern
548 2123 184 69 lands,
755 2123 75 68 by
852 2124 227 52 Harlan
1102 2123 76 52 H.
1201 2124 268 52 Barrows
1498 2165 56 10 ...
1616 2121 184 54 Edith
1823 2123 250 52 Putnam

81 2202 217 53 Parker
329 2244 56 9 ...
441 2202 130 67 [and]
602 2201 296 70 Margaret
922 2202 219 52 Terrell
1167 2200 219 53 Parker
1418 2243 56 11 ...
1539 2200 141 54 New
1706 2200 180 69 York,

82 2201 1970 133 Newark
235 2286 119 61 [etc.]
389 2280 187 55 Silver
603 2281 249 53 Burdett
878 2297 296 51 company,
1201 2286 18 21 c
1224 2284 151 50 1936.

151 2353 68 47 iii,
251 2355 71 49 [1],
349 2353 84 41 264
458 2365 44 37 p.
556 2353 129 42 illus.
715 2354 132 48 (incl.
872 2356 161 47 maps)
1069 2354 180 49 diagrs.
1304 2354 56 40 26½
1393 2356 44 21 cm
1441 2385 10 9 .

151 2425 65 40 At
251 2425 123 40 head
411 2424 51 41 of
498 2425 107 41 title;
672 2425 100 41 The
808 2423 433 42 Barrows-Parker
1278 2425 275 48 geography
1590 2423 164 42 series.

152 2481 100 42 The
279 2482 274 48 geography
582 2482 52 41 of
663 2482 145 40 Latin
834 2482 237 47 America,
1101 2481 169 41 Africa
1298 2482 95 39 and
1422 2481 268 41 Australia.

149 2539 284 47 Previously
466 2539 254 48 published
754 2539 152 40 under
940 2539 108 41 title;
1114 2538 299 49 Geography,
1448 2539 233 40 southern
1715 2539 156 40 lands.

151 2595 187 42 “Books
366 2597 255 49 suggested
648 2596 80 40 for
755 2598 139 39 extra
924 2595 229 50 reading”;
1210 2607 44 38 p.
1282 2594 98 44 260.

85 2662 52 53 ©
174 2667 115 47 July
327 2667 69 46 20,
435 2665 139 46 1936;
614 2667 67 40 2c.
723 2666 96 40 and
856 2667 82 39 aff.
978 2666 115 47 July
1132 2666 81 46 24;
1255 2666 40 39 A
1334 2666 170 46 97429;
1548 2665 169 48 Silver,
1759 2666 208 40 Burdett
2006 2676 68 32 co.

154 2722 278 50 [Copyright
464 2724 41 38 is
535 2723 207 39 claimed
774 2734 59 29 on
865 2723 233 47 complete
1132 2721 224 50 revision]
1429 2721 279 48 (36-18404)

78 2840 278 65 Bartlett,
383 2841 198 53 Frank
608 2840 273 67 William,
912 2847 170 49 1856-

151 2933 389 68 Engineering
563 2932 341 69 descriptive
928 2940 288 61 geometry
1242 2932 112 53 and
1379 2932 262 68 drawing;
1695 2950 31 34 a
1747 2930 231 55 treatise
2001 2949 72 35 on

79 3010 114 53 line
240 3010 278 69 drawing,
559 3009 342 69 descriptive
943 3016 307 64 geometry,
1293 3009 114 54 and
1448 3010 366 69 engineering
1856 3028 63 34 or
81 3028 1967 113 mechanical

378 3088 277 69 drawing,
696 3088 93 53 for
828 3089 96 54 the
963 3108 95 35 use
1098 3088 64 53 of
1199 3087 382 69 midshipmen
1623 3094 59 47 at
1719 3089 94 51 the
1854 3088 215 55 United

84 3164 186 57 States
299 3166 185 55 Naval
515 3167 285 67 academy,
825 3168 74 67 by
925 3167 199 53 Frank
1147 3168 87 53 W.
1266 3166 254 55 Bartlett
1548 3210 55 9 ...
1637 3167 111 52 and
1778 3167 295 53 Theodore

80 3243 87 54 W.
209 3244 259 54 Johnson
512 3288 54 9 ...
646 3245 138 52 New
826 3245 178 65 York,
1044 3246 54 53 J.
1137 3244 190 69 Wiley
1368 3247 45 51 &
1451 3262 145 51 sons,
1633 3245 137 67 inc.;
1815 3246 256 66 London,

81 3319 298 70 Chapman
408 3324 45 51 &
479 3323 160 67 Hall,
668 3323 239 69 limited,
936 3326 150 50 1936.

150 3409 1301 50 3 pt. in 1 v. illus., XIV fold, pl., diagrs. 23 ½cm .
151 3479 1922 51 Part II has special t.-p.; Engineering descriptive geometry; a treatise
79 3545 60 30 on
169 3535 289 49 descriptive
491 3538 244 46 geometry
766 3548 53 30 as
847 3538 82 41 the
958 3537 131 42 basis
1120 3538 50 41 of
1199 3538 297 42 mechanical
1528 3537 233 50 drawing,
1791 3539 281 49 explaining

80 3593 359 47 geometrically
474 3594 80 39 the
589 3594 277 47 operations
900 3597 279 45 customary
1209 3596 49 39 in
1293 3596 81 40 the
1408 3595 221 49 drafting
1664 3605 144 36 room,
1841 3597 60 47 by
81 3596 1969 92 Commodore

314 3649 163 39 Frank
518 3651 69 38 W.
630 3651 216 41 Bartlett
889 3681 48 10 ...
979 3655 94 39 and
1115 3651 207 48 Captain
1361 3652 248 41 Theodore
1653 3653 70 40 W.
1762 3653 218 40 Johnson
2021 3684 47 9 ...

80 3705 1972 102 Part III has special t.-p.; Engineering drawing; a treatise on orthographic
314 3761 267 47 projection
617 3773 54 30 as
709 3764 191 47 applied
938 3767 48 38 to
1023 3764 310 48 engineering
1367 3765 233 48 drawing,
1638 3765 119 40 with
1793 3767 82 39 the
82 3777 1972 79 recognized
246 3818 332 40 conventional

612 3819 360 41 abbreviations
1000 3822 118 39 used
1146 3822 49 38 in
1225 3821 224 48 practice,
1480 3822 61 48 by
1569 3822 248 40 Theodore
1847 3823 223 48 Woolsey

80 3871 216 42 Johnson
329 3905 47 8 ...

79 3936 52 53 ©
157 3943 117 47 Aug.
302 3945 39 46 7,
371 3943 112 41 1936;
540 3944 66 40 2c.
634 3947 118 45 Aug.
783 3948 53 37 14;
896 3946 81 41 aff.
1006 3948 119 45 Aug.
1156 3948 53 38 12;
1268 3949 39 38 A
1337 3947 143 41 96918;
1539 3949 248 41 Theodore
1816 3951 72 39 W.
149 3949 1901 96 Johnson,
285 4001 279 47 Annapolis.
628 4002 281 49 [Copyright
947 4004 41 38 is
1027 4002 205 42 claimed
1270 4015 59 29 on
1369 4005 226 50 revision]
158 4054 220 47 (36-18511)
