2597 4361
1341 4041 66 50 28

434 450 351 49 Bibliography
812 453 53 38 at
892 451 94 41 end
1016 450 52 42 of
1095 453 127 38 most
1250 450 52 40 of
1329 450 83 41 the
1438 450 243 49 chapters.

357 506 53 54 ©
444 512 112 39 Dec.
593 510 70 47 30,
699 509 113 41 1935
831 520 9 36 ;
878 509 68 41 2c.
983 510 96 39 and
1115 509 82 40 ail.
1235 509 111 40 Jan.
1383 509 39 47 6,
1461 509 114 40 1936
1594 519 8 30 ;
1641 509 41 39 A
1717 507 173 46 90186;
1931 507 48 40 C.
2017 506 54 40 Y.
2110 507 170 48 Mosby
2314 518 67 30 co.

438 567 254 50 (36-1111)

360 671 239 67 Dublin,
626 672 183 55 Louis
834 672 206 65 Israel,
1070 677 174 50 1882-

430 749 232 71 Length.
687 749 65 53 of
778 749 107 53 life
901 768 13 50 ;
947 768 32 34 a
1009 749 172 68 study
1210 747 66 54 of
1305 747 97 54 the
1428 746 107 55 life
1566 746 172 69 table,
1766 746 76 70 by
1873 744 177 54 Louis
2079 745 50 53 I.
2162 744 220 55 Dublin

359 825 2002 153 … and Alfred J. Lotka … New York, The Ronald press company [ c 1936]
431 982 119 48 xxii,
574 981 87 41 400
685 991 44 38 p.
753 981 112 42 incl.
892 980 129 41 illus.
1051 980 187 49 (maps)
1274 979 172 49 tables,
1474 980 181 47 diagrs.
1711 977 56 41 22
1771 980 45 22 cm
1820 1010 10 10 .

432 1037 379 49 Bibliography:
845 1047 44 39 p.
923 1036 233 49 379-385;
1194 1036 352 42 “References”
1580 1040 52 38 at
1667 1038 92 40 end
1792 1037 52 40 of
1877 1037 203 47 chapter
2113 1035 40 41 9.

358 1093 53 54 ©
444 1099 111 40 Jan.
587 1099 40 47 2,
661 1097 141 48 1936;
836 1097 68 41 2c.
939 1098 110 39 Jan.
1082 1098 54 46 4;
1172 1097 82 41 aff.
1290 1098 110 40 Jan.
1435 1097 53 42 6:
1524 1098 42 38 A
1598 1097 172 47 91058;
1808 1098 193 40 Ronald
2036 1107 136 39 press
2205 1108 69 30 co.

442 1156 253 49 (36-1417)

363 1246 277 65 Duggan,
668 1246 264 65 Stephen
959 1244 205 55 Pierce
1192 1246 272 65 Hayden,
1495 1247 172 54 1870-

432 1322 56 52 A
515 1321 277 56 student’s
820 1322 273 53 textbook
1118 1322 59 52 in
1205 1322 97 52 the
1328 1321 223 71 history
1580 1321 65 54 of
1673 1321 323 69 education,
2024 1321 77 70 by
2129 1320 256 70 Stephen

361 1400 2023 71 Duggan … Rev. and enl. ed. New York, London, D. Apple-
362 1480 386 69 ton-Century
776 1498 302 51 company,
1104 1480 406 68 incorporated
1544 1513 14 34 [
1562 1486 19 22 c
1586 1482 136 51 1936
1727 1513 12 35 ]

438 1555 82 40 xxi
545 1566 58 38 p.,
631 1555 26 39 2
684 1557 43 43 h,
754 1554 161 48 3-485,
942 1555 56 49 [1]
1025 1565 43 38 p.
1131 1555 129 40 illus.
1321 1553 56 41 19½
1410 1555 45 22 cm
1459 1585 9 8 .

437 1612 227 42 Includes
694 1612 395 48 bibliographies.

363 1669 2025 55 © Jan. 2, 1936 ; 2c. and aff. Jan. 6; A 91044; D. Appleton-Century co.,
432 1731 91 40 inc.
591 1729 253 51 (36-1693)

367 1821 331 66 Eberhard,
726 1821 300 56 Florence.

437 1897 1949 70 The love barrier, by Florence Eberhard … New York, G. H.
366 1981 181 66 Watt,
574 1979 108 53 inc.
717 2013 13 33 [
734 1984 18 22 c
758 1982 153 63 1935]

469 2051 667 50 v p., 1 l., 9-253 p. 19½ cm .
362 2107 53 54 ©
451 2112 121 47 Aug.
606 2110 41 47 9,
683 2110 114 41 1935
815 2121 9 34 ;
862 2110 68 39 2c.
966 2110 111 40 Jan.
1114 2109 70 48 25,
1222 2108 114 41 1936
1355 2119 8 32 ;
1402 2109 81 40 aff.
1522 2109 112 41 Jan.
1670 2109 55 41 27
1744 2120 10 35 ;
1793 2110 44 39 A
1868 2108 147 42 91482
2033 2121 9 30 ;
2081 2111 52 40 G.
2172 2111 218 41 Howard

433 2170 151 47 Watt,
615 2169 90 40 inc.
772 2168 254 47 (36-1546)

368 2259 331 64 Eberhard,
728 2257 319 55 Frederick
1077 2257 249 65 George,
1359 2263 172 50 1889-

439 2332 1945 72 The microbe murders, by Frederick G. Eberhard … New
369 2413 180 69 York,
581 2414 121 52 The
730 2413 307 69 Macaulay
1066 2428 285 53 company
1386 2446 13 33 [
1404 2418 18 23 c
1427 2415 135 49 1935
1567 2445 14 34 ]

439 2486 86 41 255
555 2497 42 38 p.
659 2485 57 42 19½
747 2488 44 21 cm
796 2519 10 8 .

367 2541 53 54 ©
450 2547 122 39 Mar.
598 2545 71 48 22,
697 2545 114 41 1935
829 2556 9 37 ;
870 2545 67 41 2c.
968 2546 111 40 Jan.
1108 2545 71 48 25,
1209 2545 118 41 1936
1342 2556 8 36 ;
1383 2545 83 40 aff.
1497 2546 109 39 Jan.
1637 2545 56 40 24
1712 2556 8 36 ;
1753 2547 43 38 A
1823 2545 148 41 91452
1986 2557 9 35 ;
2029 2548 262 42 Macaulay
2321 2558 69 31 co.

448 2602 253 49 (36-1426)

370 2692 189 65 Eddy,
586 2696 140 51 Mrs.
753 2695 176 63 Mary
964 2693 258 66 (Baker)
1260 2698 328 51 1821-1910.

441 2769 185 57 Seven
652 2789 280 51 messages
961 2776 59 48 to
1049 2771 96 53 the
1174 2771 224 52 mother
1427 2770 231 67 church,
1687 2769 77 70 by
1791 2770 173 69 Mary
1994 2770 192 54 Baker
2216 2771 174 69 Eddy

433 2845 1958 74 … Boston, Trustees under the will of Mary Baker G. Eddy
375 2963 14 34 [
393 2935 19 22 c
417 2932 135 50 1935
557 2963 13 34 ]

438 3006 28 39 4
492 3016 45 37 p.
601 3037 8 16 l.,
644 3005 175 50 [3]-118
847 3016 41 37 p.
948 3004 55 41 19½
1036 3008 16 21 cm
1086 3038 9 8 .

444 3062 73 42 On
545 3072 140 31 verso
713 3062 51 41 of
791 3065 98 46 t.-p.
909 3074 8 28 :
948 3062 302 41 Authorized
1277 3062 261 41 literature
1566 3061 51 41 of
1642 3062 82 43 the
1753 3061 136 42 First
1916 3063 183 40 church
2127 3063 53 42 of
2207 3062 183 51 Christ,

367 3120 248 46 Scientist,
649 3120 50 39 in
732 3121 199 46 Boston,
965 3121 404 40 Massachusetts.

366 3173 55 54 ©
450 3177 102 41 Oct.
582 3177 70 42 29.
684 3177 140 43 1935;
856 3179 67 39 2c.
954 3179 119 39 Nov.
1104 3179 53 46 4;
1191 3177 81 41 aff.
1306 3178 110 39 Jan.
1448 3177 40 47 7,
1519 3176 141 47 1936;
1694 3177 41 39 A
1764 3175 173 45 91080;
1972 3178 232 41 Trustees
2236 3180 155 39 under

439 3236 82 39 the
545 3236 103 39 will
671 3235 52 41 of
747 3237 141 46 Mary
916 3236 162 39 Baker
1106 3235 53 42 G.
1188 3236 150 47 Eddy.
1406 3234 253 48 (36-1150)

372 3323 327 68 Edmunds,
728 3325 263 65 Murrell,
1024 3331 173 50 1898-

504 3400 1882 72 … Sojourn among shadows. Caldwell, Id., The Caxton
368 3480 272 68 printers,
671 3481 122 68 ltd.,
826 3485 151 50 1936.

439 3555 87 39 144
554 3566 44 37 p.
659 3554 59 41 19½
747 3558 44 21 cm
797 3588 9 9 .

366 3607 2019 55 © Jan. 15, 1936; 2c. Jan. 28; aff. Jan. 27; A 91485; Caxton printers, ltd.
448 3668 253 50 (36-1742)

371 3757 308 68 Edwards,
706 3759 217 66 Tryon,
956 3765 328 60 1809-1894,
1315 3779 179 46 comp.

441 3834 123 54 The
595 3853 124 34 new
748 3834 325 70 dictionary
1107 3837 65 53 of
1204 3836 295 68 thoughts,
1534 3855 30 33 a
1597 3836 331 68 cyclopedia
1963 3837 65 52 of
2060 3838 328 68 quotations

372 3914 152 54 from
559 3913 97 54 the
686 3913 123 54 best
839 3914 235 54 authors
1106 3915 64 54 of
1201 3916 94 53 the
1328 3915 199 67 world,
1558 3915 138 52 both
1730 3916 223 52 ancient
1988 3917 113 52 and
2133 3918 254 67 modern,
