2519 4377
1286 4068 135 49 1954

345 368 150 64 Day,
526 367 264 65 Stephen
821 367 91 64 A.,
946 372 173 50 1882-

417 443 124 53 The
590 443 533 68 constitutionalist,
1168 444 76 67 by
1297 442 255 69 Stephen
1602 443 73 52 A.
1724 443 149 67 Day.
1959 444 237 66 Boston,
2246 443 123 54 The

347 520 1183 70 Christopher publishing house [ c 1936]
417 597 57 40 92
509 608 42 38 p.
612 596 150 42 20½cm.

348 656 54 54 ©
442 661 118 39 Nov.
603 660 70 50 16,
716 659 141 47 1936;
902 658 68 42 2c.
1012 660 95 39 and
1152 660 82 41 aff.
1274 660 117 39 Nov.
1434 658 84 49 25;
1563 660 41 39 A
1645 657 202 50 101052;
1893 658 322 49 Christopher
2256 659 112 49 pub.

421 718 166 40 house.
652 716 225 51 (37-444)

410 821 1956 69 … The desk Standard dictionary of the English language;
420 901 274 71 designed
731 907 59 47 to
828 901 131 71 give
994 901 97 52 the
1127 900 419 70 orthography,
1584 899 464 70 pronunciation,
2085 898 288 70 meaning,

421 983 114 52 and
577 983 333 68 etymology
950 981 65 53 of
1056 981 173 53 about
1273 984 190 63 83,000
1504 982 189 52 words
1736 981 113 52 and
1893 981 236 68 phrases
2172 980 59 53 in
2275 981 96 53 the

420 1062 202 68 speech
653 1062 115 53 and
796 1061 303 53 literature
1123 1061 66 53 of
1216 1061 95 52 the
1342 1060 558 70 English-speaking
1929 1061 259 68 peoples;
2220 1063 153 65 1,200

420 1142 271 68 pictorial
723 1141 411 67 illustrations;
1169 1140 280 71 abridged
1481 1140 154 53 from
1665 1141 99 55 the
1793 1141 173 52 Funk
1997 1143 45 50 &
2069 1140 304 70 Wagnalls

420 1240 125 34 new
576 1220 297 56 Standard
904 1219 328 70 dictionary
1261 1220 64 54 of
1351 1221 101 53 the
1479 1220 247 70 English
1756 1221 288 69 language
2071 1221 77 69 by
2178 1221 195 55 James

424 1299 1950 71 C. Fernald … A new ed., augm. and carefully rev. by Frank
421 1381 1953 68 H. Vizetelly … New York and London, Funk & Wagnalls
421 1479 302 51 company,
756 1460 150 55 1937.

424 1536 102 48 viii,
554 1535 88 41 894
668 1546 45 38 p.
770 1535 130 43 illus.
956 1534 58 42 23
1016 1538 45 21 cm
1066 1568 8 8 .

422 1595 64 40 At
520 1593 128 41 head
681 1593 52 41 of
765 1592 137 43 title:
939 1592 442 49 Ready-reference
1414 1591 199 43 edition.

424 1652 73 42 On
525 1661 171 30 cover:
725 1651 142 39 Funk
894 1651 37 41 &
957 1651 256 48 Wagnalls
1242 1651 120 40 desk
1392 1650 249 42 Standard
1671 1650 290 48 dictionary.

353 1712 53 54 ©
437 1717 114 39 Dec.
585 1715 40 48 7,
661 1714 142 48 1936;
839 1714 68 41 2c.
942 1714 96 39 and
1072 1714 82 39 aff.
1188 1715 113 41 Dec.
1336 1714 82 47 11;
1454 1715 42 39 A
1530 1713 201 49 100925;
1770 1714 142 40 Funk
1947 1715 38 41 &
2017 1716 254 47 Wagnalls
2306 1726 67 31 co.

426 1772 286 51 [Copyright
740 1772 43 40 is
813 1771 209 41 claimed
1052 1781 61 29 on
1145 1770 229 51 revision]
1447 1770 224 49 (37-486)

351 1879 251 64 DeSoto,
634 1878 237 56 Clinton
900 1878 68 56 B.

423 1956 143 53 Two
593 1954 268 54 hundred
888 1960 207 49 meters
1126 1955 113 53 and
1270 1955 195 67 down;
1499 1955 96 54 the
1624 1960 159 64 story
1813 1954 66 55 of
1907 1960 258 49 amateur
2193 1954 182 70 radio,

346 2032 2030 71 by Clinton B. DeSoto … West Hartford, Conn., The American
352 2114 164 54 radio
545 2113 161 55 relay
728 2113 220 69 league,
975 2113 127 68 inc.,
1133 2116 151 50 1936.

423 2187 536 50 6 p. l., 184 p. 25 cm .
426 2244 147 43 “This
604 2245 137 42 work
770 2245 43 41 is
843 2244 303 50 publication
1176 2255 75 31 no.
1280 2244 55 41 13
1367 2244 52 42 of
1449 2245 82 41 the
1561 2244 142 43 radio
1731 2244 268 43 amateur’s
2028 2245 199 50 library,
353 2247 2002 98 published
540 2304 62 48 by
631 2305 85 39 the
743 2302 452 48 League.’’—Verso
1222 2302 53 41 of
1300 2304 100 48 t.-p.

426 2361 164 40 “First
625 2360 231 41 edition.”

354 2414 53 54 ©
435 2418 102 41 Oct.
567 2417 41 48 8,
636 2416 143 47 1936;
808 2416 69 41 2c.
907 2416 95 40 and
1031 2416 82 41 aff.
1142 2418 112 39 Dec.
1282 2416 52 47 4;
1366 2417 40 39 A
1433 2415 200 49 101114;
1665 2417 161 41 Amer.
1855 2418 141 39 radio
2027 2419 101 40 relay
2191 2419 184 49 league,

425 2476 91 41 inc.
587 2474 225 49 (37-376)

353 2580 190 65 Dietz,
570 2581 215 64 David,
816 2582 173 54 1897-

425 2656 1950 72 The story of science, by David Dietz … 4th ed., new and
354 2736 1630 70 rev. … New York, Dodd, Mead & company, 1936.
424 2812 117 49 xvii,
568 2812 86 42 387
681 2824 43 37 p.
779 2812 165 47 front.,
971 2811 144 49 illus.,
1142 2813 173 47 plates,
1342 2814 165 47 ports.,
1533 2812 180 48 diagrs.
1768 2812 56 40 22½
1857 2814 44 22 cm
1906 2843 10 10 .

425 2869 382 49 Bibliography:
832 2880 43 38 p.
900 2868 232 49 355-359;
1161 2869 264 41 “Addenda
1450 2871 49 39 to
1524 2870 84 42 the
1630 2868 343 51 bibliography
1995 2869 80 43 for
2099 2869 81 42 the
2204 2870 171 42 fourth

353 2926 243 43 edition”;
630 2937 45 39 p.
705 2926 101 42 360.

708 2984 165 40 CONTENTS.—The
900 2985 136 47 story
1066 2984 51 41 of
1146 2984 83 40 the
1258 2982 409 42 universe.—The
1694 2985 136 48 story
1860 2983 54 42 of
1941 2985 87 41 the
2054 2986 321 41 earth.—The

353 3042 137 47 story
516 3041 53 40 of
595 3041 85 41 the
708 3040 313 41 atom.—The
1049 3041 136 47 story
1214 3040 52 41 of
1294 3040 102 41 life.

356 3094 53 54 ©
441 3099 112 39 Dec.
585 3097 40 49 3,
659 3097 142 47 1936;
835 3096 68 42 2c.
933 3098 111 38 Dec.
1079 3098 52 46 7;
1164 3097 85 42 aff.
1283 3098 112 39 Dec.
1428 3097 83 47 17;
1546 3098 42 39 A
1619 3096 202 49 101369;
1857 3099 156 48 Dodd,
2049 3099 144 40 Mead
2224 3100 41 41 &
2292 3109 54 31 co.,

427 3154 91 42 inc.
583 3153 225 51 (37-373)

354 3260 210 64 Essad,
633 3277 83 48 bey.

425 3336 275 56 Nicholas
790 3380 12 23 II,
839 3338 262 66 prisoner
1141 3337 63 54 of
1244 3338 94 52 the
1379 3338 225 67 purple,
1643 3338 75 67 by
1755 3339 371 54 Mohammed
354 3339 2018 143 Essad-Bey;
537 3415 318 54 translated
882 3416 76 66 by
985 3416 148 53 Paul
1161 3416 266 53 Maerker
1456 3416 274 53 Branden
1759 3418 112 52 and
1902 3417 138 53 Elsa
2070 3418 300 66 Branden;

354 3492 139 56 with
535 3494 63 54 17
634 3493 401 55 illustrations.
1111 3494 260 67 London,
1407 3495 369 53 Hutchinson
1813 3499 45 50 &
1895 3512 80 36 co.
2020 3498 172 66 [1936]

426 3566 86 41 292
540 3578 44 37 p.
643 3567 166 49 front.,
839 3568 175 48 plates,
1044 3569 150 47 ports.
1255 3567 58 39 24
1313 3570 47 21 cm
1364 3600 9 8 .

357 3620 2020 54 © 1c. May 26, 1936; A ad int. 21462; pubd. Apr. 2; Paul Maerker
428 3682 244 48 Branden,
699 3682 117 39 New
841 3682 146 41 York.

355 3784 192 65 Guild,
574 3788 140 52 Mrs.
742 3787 154 53 June
928 3786 290 65 (Purcell)
1257 3788 172 55 1887-

424 3863 183 53 Black
642 3864 141 54 laws
819 3863 65 54 of
919 3863 301 69 Virginia;
1263 3886 29 35 a
1332 3882 292 50 summary
1662 3863 64 55 of
1762 3863 98 55 the
1896 3861 320 72 legislative
2257 3868 118 48 acts

353 3939 64 53 of
463 3942 272 68 Virginia
784 3941 344 70 concerning
1175 3943 255 68 Negroes
1478 3941 152 55 from
1680 3943 230 53 earliest
1955 3943 165 53 times
2170 3949 57 46 to
2277 3943 94 51 the
