<alto xmlns="http://www.loc.gov/standards/alto/ns-v3#" xmlns:xlink="http://www.w3.org/1999/xlink" xmlns:xsi="http://www.w3.org/2001/XMLSchema-instance" xsi:schemaLocation="http://www.loc.gov/standards/alto/ns-v3# http://www.loc.gov/alto/v3/alto-3-0.xsd"><Description>
<MeasurementUnit>pixel</MeasurementUnit>
<sourceImageInformation>
<fileName>1936_v33_Part1.pdf</fileName>
</sourceImageInformation>
<OCRProcessing ID="IdOcr">
<ocrProcessingStep>
<processingDateTime>2019-01-18</processingDateTime>
<processingSoftware>
<softwareCreator>ABBYY</softwareCreator>
<softwareName>ABBYY Recognition Server</softwareName>
<softwareVersion>4.0</softwareVersion>
</processingSoftware>
</ocrProcessingStep>
</OCRProcessing>
</Description>
<Styles>
<ParagraphStyle ID="StyleId-FFFFFFFF-FFFF-FFFF-FFFF-FFFFFFFFFFFF-" ALIGN="Left" LEFT="0." RIGHT="0." FIRSTLINE="0."/>
<ParagraphStyle ID="StyleId-51D50FAC-7A90-4D70-8A96-5EA9D46D1C8B-" ALIGN="Left" LEFT="0." RIGHT="0." FIRSTLINE="0." LINESPACE="7.699999809"/>
<ParagraphStyle ID="StyleId-6BC133E9-7DCB-43C3-8842-A67984A26405-" ALIGN="Block" LEFT="0." RIGHT="0." FIRSTLINE="-17." LINESPACE="8.340000153"/>
<ParagraphStyle ID="StyleId-3C3FF860-43E7-46A2-8934-48F305F6F0D6-" ALIGN="Left" LEFT="0." RIGHT="0." FIRSTLINE="-13." LINESPACE="11.06999969"/>
<ParagraphStyle ID="StyleId-19220C76-4F8A-4737-B38C-B5F5C17E6040-" ALIGN="Block" LEFT="0." RIGHT="0." FIRSTLINE="-13." LINESPACE="11.06999969"/>
<ParagraphStyle ID="StyleId-75A0D721-13ED-4F20-9002-B389EC48477D-" ALIGN="Left" LEFT="0." RIGHT="0." FIRSTLINE="0." LINESPACE="15.5"/>
<ParagraphStyle ID="StyleId-8A414184-C7A5-4AC7-9B88-7DA4DDE75922-" ALIGN="Left" LEFT="0." RIGHT="0." FIRSTLINE="0." LINESPACE="9.399999619"/>
<ParagraphStyle ID="StyleId-1A87970B-111C-4169-99A6-9412976F3C97-" ALIGN="Left" LEFT="0." RIGHT="0." FIRSTLINE="0." LINESPACE="10.5"/>
<ParagraphStyle ID="StyleId-72DB0571-5AE4-41FD-9E11-68C6AC4C437E-" ALIGN="Block" LEFT="0." RIGHT="0." FIRSTLINE="-17." LINESPACE="8.340000153"/>
<ParagraphStyle ID="StyleId-1AA43056-C388-4697-B10F-72FDAA38FAE1-" ALIGN="Center" LEFT="0." RIGHT="0." FIRSTLINE="0." LINESPACE="10.5"/>
</Styles>
<Layout>
<Page ID="Page372" PHYSICAL_IMG_NR="372" HEIGHT="4377" WIDTH="2519">
<TopMargin HEIGHT="476" WIDTH="2519" VPOS="0" HPOS="0">
</TopMargin>
<LeftMargin HEIGHT="3656" WIDTH="352" VPOS="476" HPOS="0">
</LeftMargin>
<RightMargin HEIGHT="3656" WIDTH="125" VPOS="476" HPOS="2394">
</RightMargin>
<BottomMargin HEIGHT="245" WIDTH="2519" VPOS="4132" HPOS="0">
<TextBlock ID="Page372_Block1" HEIGHT="76" WIDTH="124" VPOS="4166" HPOS="1304" LANG="en-US" STYLEREFS="StyleId-43B6B042-EF8E-491A-9B22-22044A727D96-">
<TextLine HEIGHT="55" WIDTH="102" VPOS="4176" HPOS="1315">
<String CONTENT="372" HEIGHT="55" WIDTH="102" VPOS="4176" HPOS="1315"/>
</TextLine>
</TextBlock>
</BottomMargin>
<PrintSpace HEIGHT="3656" WIDTH="2042" VPOS="476" HPOS="352">
<TextBlock ID="Page372_Block2" HEIGHT="3656" WIDTH="2042" VPOS="476" HPOS="352" LANG="en-US" CS="1" STYLEREFS="StyleId-E43D785B-4543-4A97-AC6C-CEAE5EA730EA-">
<TextLine HEIGHT="65" WIDTH="890" VPOS="486" HPOS="370" STYLEREFS="StyleId-30BDB5E1-3A60-4D39-8D74-73E18DE4C0CF-">
<String CONTENT="Macnamara," HEIGHT="65" WIDTH="402" VPOS="486" HPOS="370"/>
<SP HEIGHT="63" WIDTH="24" VPOS="488" HPOS="773"/>
<String CONTENT="Rachel" HEIGHT="54" WIDTH="222" VPOS="487" HPOS="798"/>
<SP HEIGHT="55" WIDTH="25" VPOS="487" HPOS="1021"/>
<String CONTENT="Swete." HEIGHT="56" WIDTH="213" VPOS="487" HPOS="1047"/>
</TextLine>
<TextLine HEIGHT="71" WIDTH="1943" VPOS="562" HPOS="440" CS="1">
<String CONTENT="The" HEIGHT="53" WIDTH="124" VPOS="563" HPOS="440"/>
<SP HEIGHT="53" WIDTH="23" VPOS="563" HPOS="565"/>
<String CONTENT="lovely" HEIGHT="70" WIDTH="194" VPOS="563" HPOS="589"/>
<SP HEIGHT="51" WIDTH="27" VPOS="582" HPOS="784"/>
<String CONTENT="ghost," HEIGHT="71" WIDTH="186" VPOS="562" HPOS="812"/>
<SP HEIGHT="68" WIDTH="26" VPOS="564" HPOS="999"/>
<String CONTENT="by" HEIGHT="68" WIDTH="77" VPOS="564" HPOS="1026"/>
<SP HEIGHT="68" WIDTH="24" VPOS="564" HPOS="1104"/>
<String CONTENT="Rachel" HEIGHT="53" WIDTH="216" VPOS="564" HPOS="1129"/>
<SP HEIGHT="56" WIDTH="31" VPOS="564" HPOS="1346"/>
<String CONTENT="Swete" HEIGHT="56" WIDTH="184" VPOS="564" HPOS="1378"/>
<SP HEIGHT="54" WIDTH="26" VPOS="565" HPOS="1563"/>
<String CONTENT="Macnamara" HEIGHT="55" WIDTH="371" VPOS="565" HPOS="1590"/>
<SP HEIGHT="35" WIDTH="35" VPOS="585" HPOS="1962"/>
<String CS="1" CONTENT="&#8230;"/>
<SP HEIGHT="52" WIDTH="67" VPOS="567" HPOS="2055"/>
<String CONTENT="London," HEIGHT="66" WIDTH="260" VPOS="567" HPOS="2123"/>
</TextLine>
<TextLine HEIGHT="70" WIDTH="908" VPOS="641" HPOS="372">
<String CONTENT="Hurst" HEIGHT="54" WIDTH="187" VPOS="641" HPOS="372"/>
<SP HEIGHT="51" WIDTH="22" VPOS="644" HPOS="560"/>
<String CONTENT="&amp;" HEIGHT="51" WIDTH="48" VPOS="644" HPOS="583"/>
<SP HEIGHT="53" WIDTH="22" VPOS="642" HPOS="632"/>
<String CONTENT="Blackett," HEIGHT="70" WIDTH="285" VPOS="641" HPOS="655"/>
<SP HEIGHT="68" WIDTH="25" VPOS="643" HPOS="941"/>
<String CONTENT="ltd." HEIGHT="54" WIDTH="105" VPOS="642" HPOS="967"/>
<SP HEIGHT="34" WIDTH="31" VPOS="676" HPOS="1073"/>
<String CONTENT="[1936]" HEIGHT="65" WIDTH="175" VPOS="645" HPOS="1105"/>
</TextLine>
<TextLine HEIGHT="51" WIDTH="698" VPOS="714" HPOS="439" CS="1">
<String CONTENT="x" HEIGHT="28" WIDTH="32" VPOS="728" HPOS="439"/>
<SP HEIGHT="38" WIDTH="24" VPOS="727" HPOS="472"/>
<String CONTENT="p.," HEIGHT="38" WIDTH="60" VPOS="727" HPOS="497"/>
<SP HEIGHT="48" WIDTH="26" VPOS="716" HPOS="558"/>
<String CONTENT="1" HEIGHT="39" WIDTH="26" VPOS="716" HPOS="585"/>
<SP HEIGHT="40" WIDTH="26" VPOS="716" HPOS="612"/>
<String CS="1" CONTENT="l.," HEIGHT="15" WIDTH="24" VPOS="748" HPOS="661"/>
<SP HEIGHT="47" WIDTH="26" VPOS="716" HPOS="686"/>
<String CONTENT="13-320" HEIGHT="43" WIDTH="177" VPOS="714" HPOS="713"/>
<SP HEIGHT="49" WIDTH="22" VPOS="716" HPOS="891"/>
<String CONTENT="p." HEIGHT="38" WIDTH="45" VPOS="727" HPOS="914"/>
<SP HEIGHT="39" WIDTH="60" VPOS="717" HPOS="960"/>
<String CONTENT="19" HEIGHT="41" WIDTH="56" VPOS="717" HPOS="1021"/>
<String STYLE="superscript" CONTENT="cm" HEIGHT="22" WIDTH="44" VPOS="719" HPOS="1080"/>
<String CONTENT="." HEIGHT="9" WIDTH="9" VPOS="749" HPOS="1128"/>
</TextLine>
<TextLine HEIGHT="57" WIDTH="2014" VPOS="781" HPOS="369" STYLEREFS="StyleId-FEE5BD19-EC83-4A72-A733-C5FAE7000E2B-" CS="1">
<String CONTENT="&#169;" HEIGHT="53" WIDTH="53" VPOS="781" HPOS="369"/>
<SP/>
<String CS="1" CONTENT="1c."/>
<SP HEIGHT="40" WIDTH="28" VPOS="787" HPOS="518"/>
<String CONTENT="Mar." HEIGHT="40" WIDTH="124" VPOS="787" HPOS="547"/>
<SP HEIGHT="39" WIDTH="28" VPOS="788" HPOS="672"/>
<String CONTENT="17," HEIGHT="46" WIDTH="68" VPOS="788" HPOS="701"/>
<SP HEIGHT="46" WIDTH="28" VPOS="788" HPOS="770"/>
<String CS="1" CONTENT="1936;" HEIGHT="41" WIDTH="114" VPOS="786" HPOS="799"/>
<SP HEIGHT="47" WIDTH="31" VPOS="787" HPOS="941"/>
<!-- cceid 99846C2D-6E3A-1014-83DD-942C093A1DD9 --><String CONTENT="A" HEIGHT="39" WIDTH="43" VPOS="787" HPOS="973"/>
<SP HEIGHT="40" WIDTH="22" VPOS="787" HPOS="1017"/>
<String CONTENT="ad" HEIGHT="39" WIDTH="62" VPOS="788" HPOS="1040"/>
<SP HEIGHT="41" WIDTH="27" VPOS="786" HPOS="1103"/>
<String CONTENT="int." HEIGHT="41" WIDTH="87" VPOS="786" HPOS="1131"/>
<SP HEIGHT="40" WIDTH="28" VPOS="787" HPOS="1219"/>
<String CONTENT="21205;" HEIGHT="47" WIDTH="172" VPOS="787" HPOS="1248"/>
<SP HEIGHT="38" WIDTH="30" VPOS="798" HPOS="1421"/>
<String CONTENT="pubd." HEIGHT="48" WIDTH="144" VPOS="788" HPOS="1452"/>
<SP HEIGHT="41" WIDTH="29" VPOS="788" HPOS="1597"/>
<String CONTENT="Jan." HEIGHT="40" WIDTH="110" VPOS="788" HPOS="1627"/>
<SP HEIGHT="40" WIDTH="29" VPOS="788" HPOS="1738"/>
<String CS="1" CONTENT="23;" HEIGHT="40" WIDTH="55" VPOS="788" HPOS="1768"/>
<SP HEIGHT="46" WIDTH="33" VPOS="788" HPOS="1851"/>
<String LANG="fr" CONTENT="R." HEIGHT="40" WIDTH="55" VPOS="788" HPOS="1885"/>
<SP HEIGHT="40" WIDTH="34" VPOS="789" HPOS="1941"/>
<String CONTENT="S." HEIGHT="40" WIDTH="45" VPOS="789" HPOS="1976"/>
<SP HEIGHT="40" WIDTH="30" VPOS="789" HPOS="2022"/>
<String CONTENT="Macnamara," HEIGHT="49" WIDTH="330" VPOS="789" HPOS="2053"/>
</TextLine>
<TextLine HEIGHT="48" WIDTH="1110" VPOS="844" HPOS="444" STYLEREFS="StyleId-FEE5BD19-EC83-4A72-A733-C5FAE7000E2B-">
<String CONTENT="New" HEIGHT="39" WIDTH="117" VPOS="844" HPOS="444"/>
<SP HEIGHT="38" WIDTH="22" VPOS="845" HPOS="562"/>
<String CONTENT="Milton," HEIGHT="48" WIDTH="191" VPOS="844" HPOS="585"/>
<SP HEIGHT="47" WIDTH="22" VPOS="845" HPOS="777"/>
<String CONTENT="Hants," HEIGHT="47" WIDTH="176" VPOS="845" HPOS="800"/>
<SP HEIGHT="46" WIDTH="24" VPOS="846" HPOS="977"/>
<String CONTENT="England." HEIGHT="47" WIDTH="237" VPOS="845" HPOS="1002"/>
<SP HEIGHT="48" WIDTH="62" VPOS="844" HPOS="1240"/>
<String CONTENT="(36-8337)" HEIGHT="48" WIDTH="251" VPOS="844" HPOS="1303"/>
</TextLine>
<TextLine HEIGHT="69" WIDTH="1255" VPOS="946" HPOS="368">
<String CONTENT="MacPherson," HEIGHT="67" WIDTH="422" VPOS="946" HPOS="368"/>
<SP HEIGHT="65" WIDTH="28" VPOS="948" HPOS="791"/>
<String CONTENT="Harriet" HEIGHT="57" WIDTH="247" VPOS="946" HPOS="820"/>
<SP HEIGHT="55" WIDTH="26" VPOS="948" HPOS="1068"/>
<String CONTENT="Dorothea," HEIGHT="68" WIDTH="323" VPOS="947" HPOS="1095"/>
<SP HEIGHT="61" WIDTH="30" VPOS="954" HPOS="1419"/>
<String CONTENT="1892-" HEIGHT="52" WIDTH="173" VPOS="954" HPOS="1450"/>
</TextLine>
<TextLine HEIGHT="72" WIDTH="1941" VPOS="1024" HPOS="440">
<String CONTENT="Some" HEIGHT="57" WIDTH="170" VPOS="1024" HPOS="440"/>
<SP HEIGHT="50" WIDTH="24" VPOS="1045" HPOS="611"/>
<String CONTENT="practical" HEIGHT="69" WIDTH="279" VPOS="1026" HPOS="636"/>
<SP HEIGHT="68" WIDTH="26" VPOS="1027" HPOS="916"/>
<String CONTENT="problems" HEIGHT="69" WIDTH="286" VPOS="1026" HPOS="943"/>
<SP HEIGHT="52" WIDTH="26" VPOS="1029" HPOS="1230"/>
<String CONTENT="in" HEIGHT="52" WIDTH="60" VPOS="1029" HPOS="1257"/>
<SP HEIGHT="35" WIDTH="27" VPOS="1046" HPOS="1318"/>
<String CONTENT="cataloging," HEIGHT="69" WIDTH="346" VPOS="1027" HPOS="1346"/>
<SP HEIGHT="69" WIDTH="26" VPOS="1027" HPOS="1693"/>
<String CONTENT="by" HEIGHT="69" WIDTH="75" VPOS="1027" HPOS="1720"/>
<SP HEIGHT="67" WIDTH="22" VPOS="1029" HPOS="1796"/>
<String CONTENT="Harriet" HEIGHT="53" WIDTH="243" VPOS="1028" HPOS="1819"/>
<SP HEIGHT="52" WIDTH="25" VPOS="1030" HPOS="2063"/>
<String CONTENT="Dorothea" HEIGHT="53" WIDTH="292" VPOS="1029" HPOS="2089"/>
</TextLine>
<TextLine HEIGHT="72" WIDTH="2012" VPOS="1103" HPOS="368" CS="1">
<String CONTENT="MacPherson," HEIGHT="70" WIDTH="412" VPOS="1103" HPOS="368"/>
<SP HEIGHT="50" WIDTH="51" VPOS="1123" HPOS="781"/>
<String CS="1" CONTENT="PH." HEIGHT="10" WIDTH="9" VPOS="1147" HPOS="923"/>
<SP HEIGHT="33" WIDTH="50" VPOS="1125" HPOS="933"/>
<String CS="1" CONTENT="D.," HEIGHT="25" WIDTH="28" VPOS="1149" HPOS="1024"/>
<SP HEIGHT="50" WIDTH="53" VPOS="1124" HPOS="1053"/>
<String CONTENT="with" HEIGHT="54" WIDTH="141" VPOS="1105" HPOS="1107"/>
<SP HEIGHT="53" WIDTH="54" VPOS="1106" HPOS="1249"/>
<String CONTENT="an" HEIGHT="36" WIDTH="72" VPOS="1123" HPOS="1304"/>
<SP HEIGHT="52" WIDTH="52" VPOS="1106" HPOS="1377"/>
<String CONTENT="introduction" HEIGHT="53" WIDTH="392" VPOS="1106" HPOS="1430"/>
<SP HEIGHT="53" WIDTH="51" VPOS="1107" HPOS="1823"/>
<String CONTENT="by" HEIGHT="68" WIDTH="76" VPOS="1107" HPOS="1875"/>
<SP HEIGHT="68" WIDTH="52" VPOS="1107" HPOS="1952"/>
<String CONTENT="Isabella" HEIGHT="53" WIDTH="248" VPOS="1107" HPOS="2005"/>
<SP HEIGHT="53" WIDTH="52" VPOS="1107" HPOS="2254"/>
<String CONTENT="K." HEIGHT="54" WIDTH="73" VPOS="1107" HPOS="2307"/>
</TextLine>
<TextLine HEIGHT="72" WIDTH="2013" VPOS="1181" HPOS="369" CS="1">
<String CONTENT="Rhodes," HEIGHT="71" WIDTH="247" VPOS="1181" HPOS="369"/>
<SP HEIGHT="51" WIDTH="33" VPOS="1201" HPOS="617"/>
<String CS="1" CONTENT="M." HEIGHT="10" WIDTH="10" VPOS="1226" HPOS="709"/>
<SP HEIGHT="35" WIDTH="34" VPOS="1201" HPOS="720"/>
<String CS="1" CONTENT="L." HEIGHT="10" WIDTH="10" VPOS="1228" HPOS="794"/>
<SP HEIGHT="36" WIDTH="36" VPOS="1202" HPOS="805"/>
<String CS="1" CONTENT="S." HEIGHT="9" WIDTH="10" VPOS="1227" HPOS="873"/>
<SP HEIGHT="55" WIDTH="76" VPOS="1183" HPOS="884"/>
<String CONTENT="Chicago," HEIGHT="70" WIDTH="272" VPOS="1183" HPOS="961"/>
<SP HEIGHT="66" WIDTH="35" VPOS="1186" HPOS="1234"/>
<String CONTENT="Ill.," HEIGHT="66" WIDTH="114" VPOS="1185" HPOS="1270"/>
<SP HEIGHT="65" WIDTH="34" VPOS="1186" HPOS="1385"/>
<String CONTENT="American" HEIGHT="54" WIDTH="308" VPOS="1184" HPOS="1420"/>
<SP HEIGHT="51" WIDTH="38" VPOS="1186" HPOS="1729"/>
<String CONTENT="library" HEIGHT="58" WIDTH="220" VPOS="1185" HPOS="1768"/>
<SP HEIGHT="39" WIDTH="37" VPOS="1204" HPOS="1989"/>
<String CONTENT="association," HEIGHT="65" WIDTH="355" VPOS="1186" HPOS="2027"/>
</TextLine>
<TextLine HEIGHT="49" WIDTH="151" VPOS="1267" HPOS="369">
<String CONTENT="1936." HEIGHT="49" WIDTH="151" VPOS="1267" HPOS="369"/>
</TextLine>
<TextLine HEIGHT="50" WIDTH="661" VPOS="1334" HPOS="440" STYLEREFS="StyleId-1081648F-5149-45B8-B0B8-33B928BDEF25-" CS="1">
<String CONTENT="xi," HEIGHT="49" WIDTH="66" VPOS="1335" HPOS="440"/>
<SP HEIGHT="48" WIDTH="32" VPOS="1336" HPOS="507"/>
<String CONTENT="131" HEIGHT="41" WIDTH="85" VPOS="1336" HPOS="540"/>
<SP HEIGHT="48" WIDTH="31" VPOS="1336" HPOS="626"/>
<String CONTENT="p." HEIGHT="38" WIDTH="43" VPOS="1346" HPOS="658"/>
<SP HEIGHT="42" WIDTH="59" VPOS="1334" HPOS="702"/>
<String CONTENT="illus." HEIGHT="44" WIDTH="131" VPOS="1334" HPOS="762"/>
<SP HEIGHT="42" WIDTH="58" VPOS="1336" HPOS="894"/>
<String CS="1" CONTENT="23&#189;" HEIGHT="41" WIDTH="56" VPOS="1336" HPOS="953"/>
<String STYLE="superscript" CONTENT="cm" HEIGHT="23" WIDTH="45" VPOS="1338" HPOS="1042"/>
<String CONTENT="." HEIGHT="10" WIDTH="9" VPOS="1369" HPOS="1092"/>
</TextLine>
<TextLine HEIGHT="51" WIDTH="1249" VPOS="1392" HPOS="441" STYLEREFS="StyleId-FEE5BD19-EC83-4A72-A733-C5FAE7000E2B-">
<String CONTENT="&#8220;Suggested" HEIGHT="49" WIDTH="300" VPOS="1393" HPOS="441"/>
<SP HEIGHT="39" WIDTH="28" VPOS="1394" HPOS="742"/>
<String CONTENT="readings&#8221;" HEIGHT="50" WIDTH="257" VPOS="1392" HPOS="771"/>
<SP HEIGHT="42" WIDTH="22" VPOS="1393" HPOS="1029"/>
<String CONTENT="at" HEIGHT="39" WIDTH="56" VPOS="1396" HPOS="1052"/>
<SP HEIGHT="39" WIDTH="23" VPOS="1396" HPOS="1109"/>
<String CONTENT="end" HEIGHT="39" WIDTH="92" VPOS="1395" HPOS="1133"/>
<SP HEIGHT="39" WIDTH="26" VPOS="1395" HPOS="1226"/>
<String CONTENT="of" HEIGHT="40" WIDTH="51" VPOS="1393" HPOS="1253"/>
<SP HEIGHT="41" WIDTH="23" VPOS="1393" HPOS="1305"/>
<String CONTENT="each" HEIGHT="39" WIDTH="119" VPOS="1395" HPOS="1329"/>
<SP HEIGHT="39" WIDTH="24" VPOS="1395" HPOS="1449"/>
<String CONTENT="chapter." HEIGHT="48" WIDTH="216" VPOS="1395" HPOS="1474"/>
</TextLine>
<TextLine HEIGHT="54" WIDTH="2015" VPOS="1461" HPOS="367" STYLEREFS="StyleId-FEE5BD19-EC83-4A72-A733-C5FAE7000E2B-" CS="1">
<String CONTENT="&#169;" HEIGHT="52" WIDTH="53" VPOS="1461" HPOS="367"/>
<SP HEIGHT="52" WIDTH="29" VPOS="1461" HPOS="421"/>
<String CONTENT="Mar." HEIGHT="39" WIDTH="123" VPOS="1466" HPOS="451"/>
<SP HEIGHT="40" WIDTH="28" VPOS="1465" HPOS="575"/>
<String CONTENT="30," HEIGHT="48" WIDTH="71" VPOS="1465" HPOS="604"/>
<SP HEIGHT="47" WIDTH="30" VPOS="1466" HPOS="676"/>
<String CONTENT="1936;" HEIGHT="48" WIDTH="142" VPOS="1465" HPOS="707"/>
<SP HEIGHT="47" WIDTH="32" VPOS="1466" HPOS="850"/>
<String CONTENT="2c." HEIGHT="40" WIDTH="67" VPOS="1466" HPOS="883"/>
<SP HEIGHT="40" WIDTH="31" VPOS="1466" HPOS="951"/>
<String CONTENT="Apr." HEIGHT="48" WIDTH="115" VPOS="1466" HPOS="983"/>
<SP HEIGHT="40" WIDTH="30" VPOS="1466" HPOS="1099"/>
<String CONTENT="6;" HEIGHT="42" WIDTH="53" VPOS="1466" HPOS="1130"/>
<SP HEIGHT="31" WIDTH="32" VPOS="1477" HPOS="1184"/>
<String CONTENT="aff." HEIGHT="41" WIDTH="82" VPOS="1465" HPOS="1217"/>
<SP HEIGHT="40" WIDTH="31" VPOS="1466" HPOS="1300"/>
<String CONTENT="Apr." HEIGHT="49" WIDTH="114" VPOS="1466" HPOS="1332"/>
<SP HEIGHT="40" WIDTH="30" VPOS="1467" HPOS="1447"/>
<String CONTENT="2;" HEIGHT="46" WIDTH="53" VPOS="1467" HPOS="1478"/>
<SP HEIGHT="46" WIDTH="30" VPOS="1467" HPOS="1532"/>
<!-- cceid 99851CA3-6E3A-1014-83DD-942C093A1DD9 --><String CONTENT="A" HEIGHT="38" WIDTH="41" VPOS="1467" HPOS="1563"/>
<SP HEIGHT="40" WIDTH="28" VPOS="1466" HPOS="1605"/>
<String CONTENT="92766;" HEIGHT="47" WIDTH="173" VPOS="1466" HPOS="1634"/>
<SP HEIGHT="46" WIDTH="32" VPOS="1467" HPOS="1808"/>
<String LANG="fr" CS="1" CONTENT="Amer." HEIGHT="39" WIDTH="146" VPOS="1467" HPOS="1841"/>
<SP HEIGHT="39" WIDTH="31" VPOS="1468" HPOS="2003"/>
<String CONTENT="library" HEIGHT="41" WIDTH="186" VPOS="1467" HPOS="2035"/>
<SP HEIGHT="30" WIDTH="30" VPOS="1478" HPOS="2222"/>
<String CONTENT="assn." HEIGHT="30" WIDTH="129" VPOS="1477" HPOS="2253"/>
</TextLine>
<TextLine HEIGHT="49" WIDTH="253" VPOS="1522" HPOS="448" STYLEREFS="StyleId-FEE5BD19-EC83-4A72-A733-C5FAE7000E2B-">
<String CONTENT="(36-8346)" HEIGHT="49" WIDTH="253" VPOS="1522" HPOS="448"/>
</TextLine>
<TextLine HEIGHT="65" WIDTH="877" VPOS="1626" HPOS="364" STYLEREFS="StyleId-30BDB5E1-3A60-4D39-8D74-73E18DE4C0CF-">
<String CONTENT="Mendelssohn," HEIGHT="65" WIDTH="441" VPOS="1626" HPOS="364"/>
<SP HEIGHT="64" WIDTH="29" VPOS="1627" HPOS="806"/>
<String CONTENT="Peter," HEIGHT="64" WIDTH="198" VPOS="1627" HPOS="836"/>
<SP HEIGHT="57" WIDTH="32" VPOS="1634" HPOS="1035"/>
<String CONTENT="1908-" HEIGHT="50" WIDTH="173" VPOS="1633" HPOS="1068"/>
</TextLine>
<TextLine HEIGHT="71" WIDTH="1942" VPOS="1702" HPOS="437">
<String CONTENT="The" HEIGHT="53" WIDTH="123" VPOS="1704" HPOS="437"/>
<SP HEIGHT="53" WIDTH="36" VPOS="1704" HPOS="561"/>
<String CONTENT="house" HEIGHT="54" WIDTH="176" VPOS="1704" HPOS="598"/>
<SP HEIGHT="36" WIDTH="38" VPOS="1723" HPOS="775"/>
<String CONTENT="of" HEIGHT="55" WIDTH="65" VPOS="1704" HPOS="814"/>
<SP HEIGHT="58" WIDTH="39" VPOS="1702" HPOS="880"/>
<String CONTENT="Cosinsky," HEIGHT="71" WIDTH="302" VPOS="1702" HPOS="920"/>
<SP HEIGHT="66" WIDTH="36" VPOS="1705" HPOS="1223"/>
<String CONTENT="by" HEIGHT="68" WIDTH="76" VPOS="1705" HPOS="1260"/>
<SP HEIGHT="68" WIDTH="38" VPOS="1705" HPOS="1337"/>
<String CONTENT="Peter" HEIGHT="53" WIDTH="170" VPOS="1705" HPOS="1376"/>
<SP HEIGHT="54" WIDTH="37" VPOS="1704" HPOS="1547"/>
<String CONTENT="Mendelssohn;" HEIGHT="67" WIDTH="435" VPOS="1704" HPOS="1585"/>
<SP HEIGHT="61" WIDTH="42" VPOS="1710" HPOS="2021"/>
<String CONTENT="translated" HEIGHT="54" WIDTH="315" VPOS="1704" HPOS="2064"/>
</TextLine>
<TextLine HEIGHT="147" WIDTH="1989" VPOS="1782" HPOS="365" CS="1">
<String CONTENT="from" HEIGHT="52" WIDTH="154" VPOS="1783" HPOS="368"/>
<SP HEIGHT="48" WIDTH="25" VPOS="1788" HPOS="523"/>
<String CONTENT="the" HEIGHT="54" WIDTH="98" VPOS="1783" HPOS="549"/>
<SP HEIGHT="56" WIDTH="27" VPOS="1782" HPOS="648"/>
<String CONTENT="German" HEIGHT="56" WIDTH="254" VPOS="1782" HPOS="676"/>
<SP HEIGHT="53" WIDTH="25" VPOS="1783" HPOS="931"/>
<String CONTENT="by" HEIGHT="69" WIDTH="76" VPOS="1783" HPOS="957"/>
<SP HEIGHT="69" WIDTH="25" VPOS="1783" HPOS="1034"/>
<String CONTENT="Dr." HEIGHT="53" WIDTH="103" VPOS="1783" HPOS="1060"/>
<SP HEIGHT="52" WIDTH="30" VPOS="1784" HPOS="1164"/>
<String CONTENT="Barnard" HEIGHT="53" WIDTH="268" VPOS="1783" HPOS="1195"/>
<SP HEIGHT="53" WIDTH="28" VPOS="1783" HPOS="1464"/>
<String CONTENT="Balogh." HEIGHT="68" WIDTH="245" VPOS="1784" HPOS="1493"/>
<SP HEIGHT="53" WIDTH="64" VPOS="1783" HPOS="1739"/>
<String CONTENT="London," HEIGHT="66" WIDTH="260" VPOS="1783" HPOS="1804"/>
<SP HEIGHT="66" WIDTH="28" VPOS="1783" HPOS="2065"/>
<String CONTENT="Hutchinson" HEIGHT="133" WIDTH="1989" VPOS="1782" HPOS="365"/>
<SP HEIGHT="50" WIDTH="26" VPOS="1864" HPOS="467"/>
<String CONTENT="&amp;" HEIGHT="50" WIDTH="46" VPOS="1864" HPOS="494"/>
<SP HEIGHT="50" WIDTH="24" VPOS="1864" HPOS="541"/>
<String CONTENT="co.," HEIGHT="47" WIDTH="100" VPOS="1880" HPOS="566"/>
<SP HEIGHT="64" WIDTH="24" VPOS="1863" HPOS="667"/>
<String CONTENT="ltd." HEIGHT="55" WIDTH="104" VPOS="1860" HPOS="692"/>
<SP HEIGHT="34" WIDTH="32" VPOS="1895" HPOS="797"/>
<String CONTENT="[1936]" HEIGHT="65" WIDTH="174" VPOS="1864" HPOS="830"/>
</TextLine>
<TextLine HEIGHT="50" WIDTH="693" VPOS="1934" HPOS="437" CS="1">
<String CONTENT="v" HEIGHT="29" WIDTH="28" VPOS="1947" HPOS="437"/>
<SP HEIGHT="37" WIDTH="26" VPOS="1947" HPOS="466"/>
<String LANG="fr" CONTENT="p.," HEIGHT="37" WIDTH="57" VPOS="1947" HPOS="493"/>
<SP HEIGHT="47" WIDTH="28" VPOS="1936" HPOS="551"/>
<String CONTENT="1" HEIGHT="39" WIDTH="25" VPOS="1936" HPOS="580"/>
<SP HEIGHT="40" WIDTH="26" VPOS="1935" HPOS="606"/>
<String CS="1" CONTENT="l.," HEIGHT="17" WIDTH="26" VPOS="1966" HPOS="653"/>
<SP HEIGHT="49" WIDTH="26" VPOS="1934" HPOS="680"/>
<String CONTENT="9-317" HEIGHT="42" WIDTH="145" VPOS="1934" HPOS="707"/>
<SP HEIGHT="48" WIDTH="24" VPOS="1936" HPOS="853"/>
<String CONTENT="p." HEIGHT="38" WIDTH="44" VPOS="1946" HPOS="878"/>
<SP HEIGHT="39" WIDTH="60" VPOS="1937" HPOS="923"/>
<String CS="1" CONTENT="19&#189;" HEIGHT="41" WIDTH="57" VPOS="1935" HPOS="984"/>
<String STYLE="superscript" CONTENT="cm" HEIGHT="22" WIDTH="45" VPOS="1938" HPOS="1073"/>
<String CONTENT="." HEIGHT="9" WIDTH="8" VPOS="1968" HPOS="1122"/>
</TextLine>
<TextLine HEIGHT="53" WIDTH="2014" VPOS="2002" HPOS="366" STYLEREFS="StyleId-FEE5BD19-EC83-4A72-A733-C5FAE7000E2B-" CS="1">
<String CONTENT="&#169;" HEIGHT="53" WIDTH="53" VPOS="2002" HPOS="366"/>
<SP/>
<String CS="1" CONTENT="1c."/>
<SP HEIGHT="42" WIDTH="35" VPOS="2007" HPOS="523"/>
<String CONTENT="Feb." HEIGHT="40" WIDTH="112" VPOS="2007" HPOS="559"/>
<SP HEIGHT="41" WIDTH="35" VPOS="2006" HPOS="672"/>
<String CONTENT="27," HEIGHT="49" WIDTH="70" VPOS="2006" HPOS="708"/>
<SP HEIGHT="47" WIDTH="35" VPOS="2008" HPOS="779"/>
<String CS="1" CONTENT="1936;" HEIGHT="41" WIDTH="115" VPOS="2006" HPOS="815"/>
<SP HEIGHT="40" WIDTH="35" VPOS="2008" HPOS="958"/>
<!-- cceid 9985BF2E-6E3A-1014-83DD-942C093A1DD9 --><String CONTENT="A" HEIGHT="38" WIDTH="41" VPOS="2008" HPOS="994"/>
<SP HEIGHT="39" WIDTH="34" VPOS="2008" HPOS="1036"/>
<String CONTENT="ad" HEIGHT="39" WIDTH="63" VPOS="2008" HPOS="1071"/>
<SP HEIGHT="40" WIDTH="35" VPOS="2007" HPOS="1135"/>
<String CONTENT="int." HEIGHT="40" WIDTH="87" VPOS="2007" HPOS="1171"/>
<SP HEIGHT="41" WIDTH="35" VPOS="2006" HPOS="1259"/>
<String CONTENT="21136;" HEIGHT="48" WIDTH="170" VPOS="2006" HPOS="1295"/>
<SP HEIGHT="37" WIDTH="39" VPOS="2018" HPOS="1466"/>
<String CONTENT="pubd." HEIGHT="48" WIDTH="143" VPOS="2007" HPOS="1506"/>
<SP HEIGHT="40" WIDTH="38" VPOS="2007" HPOS="1650"/>
<String CONTENT="Jan." HEIGHT="40" WIDTH="110" VPOS="2007" HPOS="1689"/>
<SP HEIGHT="41" WIDTH="36" VPOS="2006" HPOS="1800"/>
<String CONTENT="2;" HEIGHT="48" WIDTH="53" VPOS="2006" HPOS="1837"/>
<SP HEIGHT="47" WIDTH="40" VPOS="2007" HPOS="1891"/>
<String CONTENT="P." HEIGHT="40" WIDTH="51" VPOS="2007" HPOS="1932"/>
<SP HEIGHT="39" WIDTH="39" VPOS="2008" HPOS="1984"/>
<String CONTENT="Mendelssohn," HEIGHT="47" WIDTH="356" VPOS="2007" HPOS="2024"/>
</TextLine>
<TextLine HEIGHT="51" WIDTH="997" VPOS="2063" HPOS="436" STYLEREFS="StyleId-FEE5BD19-EC83-4A72-A733-C5FAE7000E2B-">
<String CONTENT="Brixlegg," HEIGHT="47" WIDTH="246" VPOS="2065" HPOS="436"/>
<SP HEIGHT="47" WIDTH="30" VPOS="2065" HPOS="683"/>
<String CONTENT="Tirol," HEIGHT="48" WIDTH="148" VPOS="2064" HPOS="714"/>
<SP HEIGHT="47" WIDTH="28" VPOS="2065" HPOS="863"/>
<String CONTENT="Austria." HEIGHT="41" WIDTH="218" VPOS="2064" HPOS="892"/>
<SP HEIGHT="47" WIDTH="68" VPOS="2065" HPOS="1111"/>
<String CONTENT="(36-8390)" HEIGHT="51" WIDTH="253" VPOS="2063" HPOS="1180"/>
</TextLine>
<TextLine HEIGHT="149" WIDTH="2016" VPOS="2167" HPOS="363" CS="1">
<String CONTENT="Michie&#8217;s" HEIGHT="55" WIDTH="270" VPOS="2167" HPOS="363"/>
<SP HEIGHT="52" WIDTH="34" VPOS="2170" HPOS="634"/>
<String CONTENT="digest" HEIGHT="68" WIDTH="187" VPOS="2169" HPOS="669"/>
<SP HEIGHT="46" WIDTH="32" VPOS="2177" HPOS="857"/>
<String CONTENT="of" HEIGHT="54" WIDTH="63" VPOS="2169" HPOS="890"/>
<SP HEIGHT="53" WIDTH="35" VPOS="2169" HPOS="954"/>
<String CONTENT="Tennessee" HEIGHT="51" WIDTH="311" VPOS="2171" HPOS="990"/>
<SP HEIGHT="33" WIDTH="34" VPOS="2188" HPOS="1302"/>
<String CONTENT="reports;" HEIGHT="62" WIDTH="251" VPOS="2174" HPOS="1337"/>
<SP HEIGHT="66" WIDTH="36" VPOS="2169" HPOS="1589"/>
<String CONTENT="being" HEIGHT="68" WIDTH="172" VPOS="2169" HPOS="1626"/>
<SP HEIGHT="49" WIDTH="35" VPOS="2188" HPOS="1799"/>
<String CONTENT="a" HEIGHT="34" WIDTH="28" VPOS="2188" HPOS="1835"/>
<SP HEIGHT="34" WIDTH="38" VPOS="2188" HPOS="1864"/>
<String CONTENT="complete" HEIGHT="66" WIDTH="277" VPOS="2171" HPOS="1903"/>
<SP HEIGHT="35" WIDTH="34" VPOS="2187" HPOS="2181"/>
<String CONTENT="encyclopedia" HEIGHT="129" WIDTH="1921" VPOS="2187" HPOS="435"/>
<SP HEIGHT="34" WIDTH="26" VPOS="2268" HPOS="696"/>
<String CONTENT="and" HEIGHT="53" WIDTH="113" VPOS="2249" HPOS="723"/>
<SP HEIGHT="53" WIDTH="26" VPOS="2249" HPOS="837"/>
<String CONTENT="digest" HEIGHT="68" WIDTH="188" VPOS="2248" HPOS="864"/>
<SP HEIGHT="48" WIDTH="25" VPOS="2253" HPOS="1053"/>
<String CONTENT="of" HEIGHT="52" WIDTH="62" VPOS="2248" HPOS="1079"/>
<SP HEIGHT="53" WIDTH="25" VPOS="2248" HPOS="1142"/>
<String CONTENT="all" HEIGHT="52" WIDTH="76" VPOS="2249" HPOS="1168"/>
<SP HEIGHT="51" WIDTH="24" VPOS="2250" HPOS="1245"/>
<String CONTENT="the" HEIGHT="53" WIDTH="94" VPOS="2248" HPOS="1270"/>
<SP HEIGHT="51" WIDTH="26" VPOS="2250" HPOS="1365"/>
<String CONTENT="Tennessee" HEIGHT="51" WIDTH="310" VPOS="2250" HPOS="1392"/>
<SP HEIGHT="34" WIDTH="26" VPOS="2267" HPOS="1703"/>
<String CONTENT="case" HEIGHT="34" WIDTH="121" VPOS="2267" HPOS="1730"/>
<SP HEIGHT="53" WIDTH="25" VPOS="2248" HPOS="1852"/>
<String CONTENT="law" HEIGHT="53" WIDTH="111" VPOS="2248" HPOS="1878"/>
<SP HEIGHT="33" WIDTH="28" VPOS="2268" HPOS="1990"/>
<String CONTENT="and" HEIGHT="53" WIDTH="111" VPOS="2248" HPOS="2019"/>
<SP HEIGHT="53" WIDTH="26" VPOS="2248" HPOS="2131"/>
<String CONTENT="federal" HEIGHT="54" WIDTH="221" VPOS="2248" HPOS="2158"/>
</TextLine>
<TextLine HEIGHT="147" WIDTH="1944" VPOS="2327" HPOS="434" CS="1">
<String CONTENT="decisions" HEIGHT="54" WIDTH="280" VPOS="2328" HPOS="435"/>
<SP HEIGHT="35" WIDTH="34" VPOS="2347" HPOS="716"/>
<String CONTENT="relating" HEIGHT="68" WIDTH="250" VPOS="2328" HPOS="751"/>
<SP HEIGHT="63" WIDTH="31" VPOS="2333" HPOS="1002"/>
<String CONTENT="to" HEIGHT="46" WIDTH="58" VPOS="2333" HPOS="1034"/>
<SP HEIGHT="47" WIDTH="33" VPOS="2332" HPOS="1093"/>
<String CONTENT="the" HEIGHT="52" WIDTH="94" VPOS="2328" HPOS="1127"/>
<SP HEIGHT="53" WIDTH="35" VPOS="2327" HPOS="1222"/>
<String CONTENT="laws" HEIGHT="55" WIDTH="137" VPOS="2327" HPOS="1258"/>
<SP HEIGHT="36" WIDTH="33" VPOS="2346" HPOS="1396"/>
<String CONTENT="of" HEIGHT="52" WIDTH="63" VPOS="2327" HPOS="1430"/>
<SP HEIGHT="52" WIDTH="32" VPOS="2327" HPOS="1494"/>
<String CONTENT="the" HEIGHT="51" WIDTH="96" VPOS="2328" HPOS="1527"/>
<SP HEIGHT="34" WIDTH="31" VPOS="2346" HPOS="1624"/>
<String CONTENT="state." HEIGHT="48" WIDTH="162" VPOS="2332" HPOS="1656"/>
<SP HEIGHT="53" WIDTH="75" VPOS="2329" HPOS="1819"/>
<String CONTENT="Under" HEIGHT="54" WIDTH="201" VPOS="2328" HPOS="1895"/>
<SP HEIGHT="47" WIDTH="34" VPOS="2333" HPOS="2097"/>
<String CONTENT="the" HEIGHT="52" WIDTH="95" VPOS="2328" HPOS="2132"/>
<SP HEIGHT="35" WIDTH="35" VPOS="2345" HPOS="2228"/>
<String CONTENT="editorial" HEIGHT="132" WIDTH="1921" VPOS="2327" HPOS="434"/>
<SP HEIGHT="52" WIDTH="39" VPOS="2407" HPOS="606"/>
<String CONTENT="supervision" HEIGHT="68" WIDTH="359" VPOS="2406" HPOS="646"/>
<SP HEIGHT="33" WIDTH="37" VPOS="2425" HPOS="1006"/>
<String CONTENT="of" HEIGHT="52" WIDTH="63" VPOS="2407" HPOS="1044"/>
<SP HEIGHT="53" WIDTH="36" VPOS="2406" HPOS="1108"/>
<String CONTENT="A." HEIGHT="52" WIDTH="71" VPOS="2406" HPOS="1145"/>
<SP HEIGHT="51" WIDTH="39" VPOS="2407" HPOS="1217"/>
<String CONTENT="Hewson" HEIGHT="51" WIDTH="251" VPOS="2407" HPOS="1257"/>
<SP HEIGHT="50" WIDTH="34" VPOS="2408" HPOS="1509"/>
<String CONTENT="Michie," HEIGHT="59" WIDTH="232" VPOS="2406" HPOS="1544"/>
<SP HEIGHT="58" WIDTH="38" VPOS="2407" HPOS="1777"/>
<String LANG="fr" CONTENT="Chas." HEIGHT="54" WIDTH="167" VPOS="2407" HPOS="1816"/>
<SP HEIGHT="52" WIDTH="36" VPOS="2409" HPOS="1984"/>
<String LANG="fr" CS="1" CONTENT="W"/>
<String CONTENT="." HEIGHT="10" WIDTH="9" VPOS="2449" HPOS="2101"/>
<SP HEIGHT="55" WIDTH="41" VPOS="2405" HPOS="2111"/>
<String CONTENT="Sublett" HEIGHT="55" WIDTH="225" VPOS="2405" HPOS="2153"/>
</TextLine>
<TextLine HEIGHT="62" WIDTH="1942" VPOS="2484" HPOS="435">
<String CONTENT="and" HEIGHT="52" WIDTH="112" VPOS="2486" HPOS="435"/>
<SP HEIGHT="52" WIDTH="35" VPOS="2486" HPOS="548"/>
<String CONTENT="Beirne" HEIGHT="53" WIDTH="209" VPOS="2484" HPOS="584"/>
<SP HEIGHT="55" WIDTH="35" VPOS="2485" HPOS="794"/>
<String CONTENT="Stedman," HEIGHT="61" WIDTH="293" VPOS="2485" HPOS="830"/>
<SP HEIGHT="42" WIDTH="33" VPOS="2504" HPOS="1124"/>
<String CONTENT="with" HEIGHT="53" WIDTH="140" VPOS="2484" HPOS="1158"/>
<SP HEIGHT="51" WIDTH="31" VPOS="2485" HPOS="1299"/>
<String CONTENT="the" HEIGHT="52" WIDTH="98" VPOS="2485" HPOS="1331"/>
<SP HEIGHT="34" WIDTH="30" VPOS="2503" HPOS="1430"/>
<String CONTENT="collaboration" HEIGHT="52" WIDTH="412" VPOS="2485" HPOS="1461"/>
<SP HEIGHT="33" WIDTH="32" VPOS="2504" HPOS="1874"/>
<String CONTENT="of" HEIGHT="52" WIDTH="63" VPOS="2485" HPOS="1907"/>
<SP HEIGHT="55" WIDTH="33" VPOS="2485" HPOS="1971"/>
<String CONTENT="William" HEIGHT="56" WIDTH="261" VPOS="2484" HPOS="2005"/>
<SP HEIGHT="52" WIDTH="32" VPOS="2486" HPOS="2267"/>
<String CONTENT="H." HEIGHT="52" WIDTH="77" VPOS="2486" HPOS="2300"/>
</TextLine>
<TextLine HEIGHT="69" WIDTH="1945" VPOS="2561" HPOS="432" CS="1">
<String CONTENT="Wicker" HEIGHT="56" WIDTH="234" VPOS="2563" HPOS="432"/>
<SP HEIGHT="32" WIDTH="56" VPOS="2583" HPOS="667"/>
<String CS="1" CONTENT="&#8230;"/>
<SP HEIGHT="53" WIDTH="90" VPOS="2565" HPOS="780"/>
<String CONTENT="Volume" HEIGHT="54" WIDTH="245" VPOS="2564" HPOS="871"/>
<SP HEIGHT="47" WIDTH="50" VPOS="2568" HPOS="1117"/>
<String CONTENT="4." HEIGHT="48" WIDTH="48" VPOS="2568" HPOS="1168"/>
<SP HEIGHT="33" WIDTH="58" VPOS="2597" HPOS="1217"/>
<String CONTENT="[Cemeteries" HEIGHT="69" WIDTH="358" VPOS="2561" HPOS="1276"/>
<SP HEIGHT="46" WIDTH="51" VPOS="2569" HPOS="1635"/>
<String CONTENT="to" HEIGHT="47" WIDTH="58" VPOS="2569" HPOS="1687"/>
<SP HEIGHT="54" WIDTH="54" VPOS="2564" HPOS="1746"/>
<String CONTENT="Contracts]" HEIGHT="66" WIDTH="319" VPOS="2564" HPOS="1801"/>
<SP HEIGHT="65" WIDTH="91" VPOS="2565" HPOS="2121"/>
<String CONTENT="With" HEIGHT="54" WIDTH="164" VPOS="2564" HPOS="2213"/>
</TextLine>
<TextLine HEIGHT="69" WIDTH="1943" VPOS="2641" HPOS="434">
<String CONTENT="cumulative" HEIGHT="53" WIDTH="347" VPOS="2642" HPOS="434"/>
<SP HEIGHT="49" WIDTH="42" VPOS="2660" HPOS="782"/>
<String CONTENT="pocket" HEIGHT="67" WIDTH="203" VPOS="2642" HPOS="825"/>
<SP HEIGHT="62" WIDTH="42" VPOS="2648" HPOS="1029"/>
<String CONTENT="part" HEIGHT="63" WIDTH="133" VPOS="2647" HPOS="1072"/>
<SP HEIGHT="47" WIDTH="43" VPOS="2647" HPOS="1206"/>
<String CONTENT="service." HEIGHT="53" WIDTH="227" VPOS="2642" HPOS="1250"/>
<SP HEIGHT="54" WIDTH="83" VPOS="2641" HPOS="1478"/>
<String CONTENT="Charlottesville," HEIGHT="69" WIDTH="482" VPOS="2641" HPOS="1562"/>
<SP HEIGHT="67" WIDTH="42" VPOS="2643" HPOS="2045"/>
<String LANG="fr" CONTENT="Va.," HEIGHT="67" WIDTH="125" VPOS="2643" HPOS="2088"/>
<SP HEIGHT="67" WIDTH="41" VPOS="2643" HPOS="2214"/>
<String CONTENT="The" HEIGHT="51" WIDTH="121" VPOS="2643" HPOS="2256"/>
</TextLine>
<TextLine HEIGHT="67" WIDTH="719" VPOS="2721" HPOS="433">
<String CONTENT="Michie" HEIGHT="53" WIDTH="213" VPOS="2721" HPOS="433"/>
<SP HEIGHT="35" WIDTH="26" VPOS="2738" HPOS="647"/>
<String CONTENT="company," HEIGHT="50" WIDTH="299" VPOS="2738" HPOS="674"/>
<SP HEIGHT="63" WIDTH="26" VPOS="2725" HPOS="974"/>
<String CONTENT="1936." HEIGHT="50" WIDTH="151" VPOS="2724" HPOS="1001"/>
</TextLine>
<TextLine HEIGHT="48" WIDTH="527" VPOS="2794" HPOS="436" STYLEREFS="StyleId-FEE5BD19-EC83-4A72-A733-C5FAE7000E2B-" CS="1">
<String LANG="en-US" CONTENT="3" HEIGHT="39" WIDTH="25" VPOS="2795" HPOS="436"/>
<SP HEIGHT="47" WIDTH="28" VPOS="2795" HPOS="462"/>
<String LANG="fr" CS="1" CONTENT="p."/>
<SP/>
<String LANG="fr" CS="1" CONTENT="l."/>
<String LANG="en-US" CONTENT="," HEIGHT="16" WIDTH="8" VPOS="2826" HPOS="597"/>
<SP HEIGHT="47" WIDTH="26" VPOS="2795" HPOS="606"/>
<String LANG="en-US" CONTENT="574" HEIGHT="39" WIDTH="86" VPOS="2795" HPOS="633"/>
<SP HEIGHT="47" WIDTH="26" VPOS="2795" HPOS="720"/>
<String LANG="en-US" CONTENT="p." HEIGHT="37" WIDTH="42" VPOS="2805" HPOS="747"/>
<SP HEIGHT="40" WIDTH="54" VPOS="2794" HPOS="790"/>
<String LANG="en-US" CONTENT="26" HEIGHT="39" WIDTH="56" VPOS="2794" HPOS="845"/>
<String STYLE="superscript" LANG="en-US" CONTENT="cm" HEIGHT="20" WIDTH="43" VPOS="2796" HPOS="905"/>
<String LANG="en-US" CONTENT="." HEIGHT="8" WIDTH="8" VPOS="2826" HPOS="955"/>
</TextLine>
<TextLine HEIGHT="54" WIDTH="1728" VPOS="2847" HPOS="364" STYLEREFS="StyleId-FEE5BD19-EC83-4A72-A733-C5FAE7000E2B-" CS="1">
<String CONTENT="&#169;" HEIGHT="54" WIDTH="53" VPOS="2847" HPOS="364"/>
<SP HEIGHT="54" WIDTH="21" VPOS="2847" HPOS="418"/>
<String CONTENT="Mar." HEIGHT="40" WIDTH="122" VPOS="2853" HPOS="440"/>
<SP HEIGHT="41" WIDTH="22" VPOS="2852" HPOS="563"/>
<String CONTENT="11," HEIGHT="46" WIDTH="70" VPOS="2852" HPOS="586"/>
<SP HEIGHT="46" WIDTH="22" VPOS="2852" HPOS="657"/>
<String CS="1" CONTENT="1936;" HEIGHT="41" WIDTH="118" VPOS="2850" HPOS="680"/>
<SP HEIGHT="46" WIDTH="23" VPOS="2851" HPOS="822"/>
<String CONTENT="2c." HEIGHT="40" WIDTH="66" VPOS="2851" HPOS="846"/>
<SP HEIGHT="38" WIDTH="24" VPOS="2852" HPOS="913"/>
<String CONTENT="Mar." HEIGHT="39" WIDTH="123" VPOS="2852" HPOS="938"/>
<SP HEIGHT="40" WIDTH="22" VPOS="2851" HPOS="1062"/>
<String CS="1" CONTENT="12;" HEIGHT="39" WIDTH="54" VPOS="2850" HPOS="1085"/>
<SP HEIGHT="36" WIDTH="26" VPOS="2861" HPOS="1168"/>
<String CONTENT="aff." HEIGHT="41" WIDTH="81" VPOS="2849" HPOS="1195"/>
<SP HEIGHT="39" WIDTH="24" VPOS="2851" HPOS="1277"/>
<String CONTENT="Mar." HEIGHT="38" WIDTH="121" VPOS="2851" HPOS="1302"/>
<SP HEIGHT="38" WIDTH="24" VPOS="2851" HPOS="1424"/>
<String CS="1" CONTENT="18;" HEIGHT="39" WIDTH="55" VPOS="2850" HPOS="1449"/>
<SP HEIGHT="46" WIDTH="25" VPOS="2850" HPOS="1532"/>
<!-- cceid 99866AA7-6E3A-1014-83DD-942C093A1DD9 --><String CONTENT="A" HEIGHT="39" WIDTH="40" VPOS="2850" HPOS="1558"/>
<SP HEIGHT="39" WIDTH="23" VPOS="2850" HPOS="1599"/>
<String CS="1" CONTENT="92395;" HEIGHT="42" WIDTH="147" VPOS="2848" HPOS="1623"/>
<SP HEIGHT="46" WIDTH="26" VPOS="2851" HPOS="1795"/>
<String CONTENT="Michie" HEIGHT="40" WIDTH="178" VPOS="2849" HPOS="1822"/>
<SP HEIGHT="32" WIDTH="23" VPOS="2858" HPOS="2001"/>
<String CONTENT="co." HEIGHT="31" WIDTH="67" VPOS="2859" HPOS="2025"/>
</TextLine>
<TextLine HEIGHT="67" WIDTH="1212" VPOS="2953" HPOS="364" STYLEREFS="StyleId-30BDB5E1-3A60-4D39-8D74-73E18DE4C0CF-">
<String LANG="en-US" CONTENT="Miller," HEIGHT="65" WIDTH="208" VPOS="2955" HPOS="364"/>
<SP HEIGHT="63" WIDTH="26" VPOS="2957" HPOS="573"/>
<String LANG="en-US" CONTENT="Mrs." HEIGHT="52" WIDTH="139" VPOS="2957" HPOS="600"/>
<SP HEIGHT="53" WIDTH="28" VPOS="2955" HPOS="740"/>
<String LANG="en-US" CONTENT="Olive" HEIGHT="53" WIDTH="165" VPOS="2955" HPOS="769"/>
<SP HEIGHT="53" WIDTH="27" VPOS="2955" HPOS="935"/>
<String LANG="en-US" CONTENT="Kennon" HEIGHT="52" WIDTH="251" VPOS="2955" HPOS="963"/>
<SP HEIGHT="64" WIDTH="30" VPOS="2956" HPOS="1215"/>
<String LANG="fr" CONTENT="(Beaupr&#233;)" HEIGHT="67" WIDTH="330" VPOS="2953" HPOS="1246"/>
</TextLine>
<TextLine HEIGHT="71" WIDTH="1945" VPOS="3029" HPOS="431">
<String CONTENT="A" HEIGHT="52" WIDTH="57" VPOS="3031" HPOS="431"/>
<SP HEIGHT="68" WIDTH="40" VPOS="3031" HPOS="489"/>
<String CONTENT="picturesque" HEIGHT="70" WIDTH="360" VPOS="3030" HPOS="530"/>
<SP HEIGHT="47" WIDTH="41" VPOS="3037" HPOS="891"/>
<String CONTENT="tale" HEIGHT="53" WIDTH="115" VPOS="3031" HPOS="933"/>
<SP HEIGHT="36" WIDTH="38" VPOS="3049" HPOS="1049"/>
<String CONTENT="of" HEIGHT="56" WIDTH="66" VPOS="3029" HPOS="1088"/>
<SP HEIGHT="70" WIDTH="40" VPOS="3029" HPOS="1155"/>
<String CONTENT="progress," HEIGHT="52" WIDTH="283" VPOS="3048" HPOS="1196"/>
<SP HEIGHT="70" WIDTH="39" VPOS="3029" HPOS="1480"/>
<String CONTENT="by" HEIGHT="71" WIDTH="75" VPOS="3029" HPOS="1520"/>
<SP HEIGHT="71" WIDTH="44" VPOS="3029" HPOS="1596"/>
<String CONTENT="Olive" HEIGHT="55" WIDTH="168" VPOS="3029" HPOS="1641"/>
<SP HEIGHT="51" WIDTH="43" VPOS="3031" HPOS="1810"/>
<String LANG="fr" CONTENT="Beaupr&#233;" HEIGHT="68" WIDTH="265" VPOS="3030" HPOS="1854"/>
<SP HEIGHT="53" WIDTH="42" VPOS="3029" HPOS="2120"/>
<String CONTENT="Miller," HEIGHT="66" WIDTH="213" VPOS="3029" HPOS="2163"/>
</TextLine>
<TextLine HEIGHT="72" WIDTH="2014" VPOS="3107" HPOS="363" CS="1">
<String CONTENT="assisted" HEIGHT="54" WIDTH="236" VPOS="3109" HPOS="363"/>
<SP HEIGHT="54" WIDTH="33" VPOS="3109" HPOS="600"/>
<String CONTENT="by" HEIGHT="70" WIDTH="79" VPOS="3109" HPOS="634"/>
<SP HEIGHT="70" WIDTH="31" VPOS="3109" HPOS="714"/>
<String CONTENT="Harry" HEIGHT="70" WIDTH="201" VPOS="3109" HPOS="746"/>
<SP HEIGHT="69" WIDTH="35" VPOS="3110" HPOS="948"/>
<String CONTENT="Neal" HEIGHT="53" WIDTH="145" VPOS="3110" HPOS="984"/>
<SP HEIGHT="52" WIDTH="36" VPOS="3110" HPOS="1130"/>
<String CONTENT="Baum" HEIGHT="52" WIDTH="185" VPOS="3110" HPOS="1167"/>
<SP HEIGHT="34" WIDTH="43" VPOS="3128" HPOS="1353"/>
<String CS="1" CONTENT="&#8230;"/>
<SP HEIGHT="56" WIDTH="78" VPOS="3107" HPOS="1455"/>
<String CONTENT="Chicago," HEIGHT="71" WIDTH="272" VPOS="3107" HPOS="1534"/>
<SP HEIGHT="69" WIDTH="34" VPOS="3109" HPOS="1807"/>
<String CONTENT="The" HEIGHT="53" WIDTH="124" VPOS="3109" HPOS="1842"/>
<SP HEIGHT="52" WIDTH="35" VPOS="3110" HPOS="1967"/>
<String CONTENT="Book" HEIGHT="53" WIDTH="165" VPOS="3109" HPOS="2003"/>
<SP HEIGHT="53" WIDTH="33" VPOS="3108" HPOS="2169"/>
<String CONTENT="house" HEIGHT="53" WIDTH="174" VPOS="3108" HPOS="2203"/>
</TextLine>
<TextLine HEIGHT="67" WIDTH="611" VPOS="3190" HPOS="363">
<String CONTENT="for" HEIGHT="52" WIDTH="94" VPOS="3190" HPOS="363"/>
<SP HEIGHT="33" WIDTH="26" VPOS="3210" HPOS="458"/>
<String CONTENT="children" HEIGHT="53" WIDTH="261" VPOS="3191" HPOS="485"/>
<SP HEIGHT="46" WIDTH="33" VPOS="3211" HPOS="747"/>
<String CONTENT="[" HEIGHT="33" WIDTH="13" VPOS="3224" HPOS="781"/>
<String STYLE="superscript" CONTENT="c" HEIGHT="21" WIDTH="20" VPOS="3197" HPOS="797"/>
<String CONTENT="1935]" HEIGHT="64" WIDTH="151" VPOS="3193" HPOS="823"/>
</TextLine>
<TextLine HEIGHT="49" WIDTH="1126" VPOS="3262" HPOS="435" STYLEREFS="StyleId-FEE5BD19-EC83-4A72-A733-C5FAE7000E2B-">
<String CONTENT="8" HEIGHT="40" WIDTH="27" VPOS="3264" HPOS="435"/>
<SP HEIGHT="40" WIDTH="27" VPOS="3264" HPOS="463"/>
<String CONTENT="v." HEIGHT="29" WIDTH="42" VPOS="3276" HPOS="491"/>
<SP HEIGHT="41" WIDTH="58" VPOS="3264" HPOS="534"/>
<String CONTENT="illus." HEIGHT="40" WIDTH="130" VPOS="3264" HPOS="593"/>
<SP HEIGHT="48" WIDTH="27" VPOS="3263" HPOS="724"/>
<String CONTENT="(incl." HEIGHT="48" WIDTH="134" VPOS="3263" HPOS="752"/>
<SP HEIGHT="30" WIDTH="31" VPOS="3274" HPOS="887"/>
<String CONTENT="maps;" HEIGHT="37" WIDTH="164" VPOS="3274" HPOS="919"/>
<SP HEIGHT="37" WIDTH="33" VPOS="3274" HPOS="1084"/>
<String CONTENT="part" HEIGHT="46" WIDTH="114" VPOS="3265" HPOS="1118"/>
<SP HEIGHT="39" WIDTH="28" VPOS="3265" HPOS="1233"/>
<String CONTENT="col.)" HEIGHT="46" WIDTH="111" VPOS="3263" HPOS="1262"/>
<SP HEIGHT="47" WIDTH="68" VPOS="3262" HPOS="1374"/>
<String CONTENT="24" HEIGHT="40" WIDTH="57" VPOS="3262" HPOS="1443"/>
<String STYLE="superscript" CONTENT="cm" HEIGHT="21" WIDTH="44" VPOS="3265" HPOS="1502"/>
<String CONTENT="." HEIGHT="9" WIDTH="9" VPOS="3295" HPOS="1552"/>
</TextLine>
<TextLine HEIGHT="48" WIDTH="1375" VPOS="3318" HPOS="433" STYLEREFS="StyleId-FEE5BD19-EC83-4A72-A733-C5FAE7000E2B-" CS="1">
<String CONTENT="Published" HEIGHT="41" WIDTH="265" VPOS="3318" HPOS="433"/>
<SP HEIGHT="41" WIDTH="21" VPOS="3318" HPOS="699"/>
<String CONTENT="in" HEIGHT="40" WIDTH="49" VPOS="3318" HPOS="721"/>
<SP HEIGHT="39" WIDTH="22" VPOS="3319" HPOS="771"/>
<String CONTENT="1929" HEIGHT="41" WIDTH="116" VPOS="3318" HPOS="794"/>
<SP HEIGHT="40" WIDTH="23" VPOS="3318" HPOS="911"/>
<String CONTENT="under" HEIGHT="39" WIDTH="155" VPOS="3320" HPOS="935"/>
<SP HEIGHT="36" WIDTH="21" VPOS="3323" HPOS="1091"/>
<String CS="1" CONTENT="title:" HEIGHT="40" WIDTH="107" VPOS="3319" HPOS="1113"/>
<SP HEIGHT="40" WIDTH="27" VPOS="3319" HPOS="1248"/>
<String CONTENT="My" HEIGHT="46" WIDTH="81" VPOS="3319" HPOS="1276"/>
<SP HEIGHT="47" WIDTH="23" VPOS="3318" HPOS="1358"/>
<String CONTENT="book" HEIGHT="40" WIDTH="124" VPOS="3318" HPOS="1382"/>
<SP HEIGHT="40" WIDTH="20" VPOS="3318" HPOS="1507"/>
<String CONTENT="of" HEIGHT="40" WIDTH="54" VPOS="3318" HPOS="1528"/>
<SP HEIGHT="39" WIDTH="20" VPOS="3318" HPOS="1583"/>
<String CONTENT="history." HEIGHT="48" WIDTH="204" VPOS="3318" HPOS="1604"/>
</TextLine>
<TextLine HEIGHT="53" WIDTH="2013" VPOS="3374" HPOS="363" STYLEREFS="StyleId-FEE5BD19-EC83-4A72-A733-C5FAE7000E2B-" CS="1">
<String CONTENT="&#169;" HEIGHT="53" WIDTH="53" VPOS="3374" HPOS="363"/>
<SP HEIGHT="53" WIDTH="31" VPOS="3374" HPOS="417"/>
<String CONTENT="June" HEIGHT="39" WIDTH="125" VPOS="3379" HPOS="449"/>
<SP HEIGHT="38" WIDTH="31" VPOS="3379" HPOS="575"/>
<String CONTENT="15," HEIGHT="47" WIDTH="70" VPOS="3379" HPOS="607"/>
<SP HEIGHT="47" WIDTH="32" VPOS="3379" HPOS="678"/>
<String CS="1" CONTENT="1935;" HEIGHT="41" WIDTH="113" VPOS="3377" HPOS="711"/>
<SP HEIGHT="47" WIDTH="33" VPOS="3378" HPOS="853"/>
<String CONTENT="2c." HEIGHT="40" WIDTH="67" VPOS="3378" HPOS="887"/>
<SP HEIGHT="29" WIDTH="30" VPOS="3389" HPOS="955"/>
<String CONTENT="each" HEIGHT="38" WIDTH="121" VPOS="3380" HPOS="986"/>
<SP HEIGHT="39" WIDTH="33" VPOS="3378" HPOS="1108"/>
<String CONTENT="Feb." HEIGHT="41" WIDTH="110" VPOS="3378" HPOS="1142"/>
<SP HEIGHT="42" WIDTH="32" VPOS="3377" HPOS="1253"/>
<String CONTENT="29," HEIGHT="49" WIDTH="69" VPOS="3377" HPOS="1286"/>
<SP HEIGHT="47" WIDTH="32" VPOS="3379" HPOS="1356"/>
<String CS="1" CONTENT="1936;" HEIGHT="40" WIDTH="118" VPOS="3378" HPOS="1389"/>
<SP HEIGHT="35" WIDTH="35" VPOS="3389" HPOS="1531"/>
<String CONTENT="aff." HEIGHT="41" WIDTH="81" VPOS="3377" HPOS="1567"/>
<SP HEIGHT="40" WIDTH="35" VPOS="3378" HPOS="1649"/>
<String CONTENT="Mar." HEIGHT="40" WIDTH="121" VPOS="3378" HPOS="1685"/>
<SP HEIGHT="40" WIDTH="33" VPOS="3378" HPOS="1807"/>
<String CS="1" CONTENT="30;" HEIGHT="40" WIDTH="59" VPOS="3377" HPOS="1841"/>
<SP HEIGHT="45" WIDTH="32" VPOS="3379" HPOS="1925"/>
<!-- cceid 998716CD-6E3A-1014-83DD-942C093A1DD9 --><String CONTENT="A" HEIGHT="43" WIDTH="47" VPOS="3379" HPOS="1958"/>
<SP HEIGHT="45" WIDTH="26" VPOS="3377" HPOS="2006"/>
<String CS="1" CONTENT="92689;" HEIGHT="42" WIDTH="148" VPOS="3376" HPOS="2033"/>
<SP HEIGHT="46" WIDTH="34" VPOS="3379" HPOS="2206"/>
<String CONTENT="Book" HEIGHT="39" WIDTH="135" VPOS="3379" HPOS="2241"/>
</TextLine>
<TextLine HEIGHT="50" WIDTH="1940" VPOS="3434" HPOS="434" STYLEREFS="StyleId-FEE5BD19-EC83-4A72-A733-C5FAE7000E2B-">
<String CONTENT="house" HEIGHT="39" WIDTH="151" VPOS="3436" HPOS="434"/>
<SP HEIGHT="39" WIDTH="35" VPOS="3436" HPOS="586"/>
<String CONTENT="for" HEIGHT="38" WIDTH="80" VPOS="3436" HPOS="622"/>
<SP HEIGHT="30" WIDTH="36" VPOS="3446" HPOS="703"/>
<String CONTENT="children." HEIGHT="42" WIDTH="232" VPOS="3434" HPOS="740"/>
<SP HEIGHT="29" WIDTH="71" VPOS="3455" HPOS="973"/>
<String CONTENT="[Copyright" HEIGHT="49" WIDTH="281" VPOS="3435" HPOS="1045"/>
<SP HEIGHT="40" WIDTH="37" VPOS="3435" HPOS="1327"/>
<String CONTENT="is" HEIGHT="39" WIDTH="41" VPOS="3435" HPOS="1365"/>
<SP HEIGHT="29" WIDTH="37" VPOS="3446" HPOS="1407"/>
<String CONTENT="claimed" HEIGHT="40" WIDTH="204" VPOS="3435" HPOS="1445"/>
<SP HEIGHT="39" WIDTH="39" VPOS="3436" HPOS="1650"/>
<String CONTENT="on" HEIGHT="29" WIDTH="59" VPOS="3445" HPOS="1690"/>
<SP HEIGHT="29" WIDTH="37" VPOS="3446" HPOS="1750"/>
<String CONTENT="editing," HEIGHT="49" WIDTH="200" VPOS="3434" HPOS="1788"/>
<SP HEIGHT="37" WIDTH="35" VPOS="3446" HPOS="1989"/>
<String CONTENT="pictures" HEIGHT="49" WIDTH="215" VPOS="3434" HPOS="2025"/>
<SP HEIGHT="30" WIDTH="36" VPOS="3445" HPOS="2241"/>
<String CONTENT="and" HEIGHT="39" WIDTH="96" VPOS="3436" HPOS="2278"/>
</TextLine>
<TextLine HEIGHT="50" WIDTH="662" VPOS="3492" HPOS="434" STYLEREFS="StyleId-FEE5BD19-EC83-4A72-A733-C5FAE7000E2B-">
<String CONTENT="new" HEIGHT="30" WIDTH="106" VPOS="3503" HPOS="434"/>
<SP HEIGHT="41" WIDTH="22" VPOS="3492" HPOS="541"/>
<String CONTENT="indexes]" HEIGHT="50" WIDTH="216" VPOS="3492" HPOS="564"/>
<SP HEIGHT="50" WIDTH="63" VPOS="3492" HPOS="781"/>
<String CONTENT="(36-8303)" HEIGHT="48" WIDTH="251" VPOS="3492" HPOS="845"/>
</TextLine>
<TextLine HEIGHT="68" WIDTH="916" VPOS="3596" HPOS="361" STYLEREFS="StyleId-72355F42-AFCB-4712-AB27-2BCC25556B7F-">
<String CONTENT="Minnesota." HEIGHT="55" WIDTH="356" VPOS="3596" HPOS="361"/>
<SP HEIGHT="52" WIDTH="73" VPOS="3599" HPOS="718"/>
<String CONTENT="Supreme" HEIGHT="65" WIDTH="280" VPOS="3599" HPOS="792"/>
<SP HEIGHT="33" WIDTH="28" VPOS="3616" HPOS="1073"/>
<String CONTENT="court." HEIGHT="47" WIDTH="175" VPOS="3603" HPOS="1102"/>
</TextLine>
<TextLine HEIGHT="68" WIDTH="1881" VPOS="3674" HPOS="431" CS="1">
<String CONTENT="Minnesota" HEIGHT="54" WIDTH="328" VPOS="3675" HPOS="431"/>
<SP HEIGHT="34" WIDTH="25" VPOS="3694" HPOS="760"/>
<String CS="1" CONTENT="reports." HEIGHT="62" WIDTH="223" VPOS="3680" HPOS="786"/>
<SP HEIGHT="36" WIDTH="63" VPOS="3692" HPOS="1026"/>
<String CONTENT="v." HEIGHT="36" WIDTH="50" VPOS="3692" HPOS="1090"/>
<SP HEIGHT="50" WIDTH="29" VPOS="3678" HPOS="1141"/>
<String CONTENT="192." HEIGHT="50" WIDTH="115" VPOS="3678" HPOS="1171"/>
<SP HEIGHT="55" WIDTH="62" VPOS="3674" HPOS="1287"/>
<String CONTENT="Cases" HEIGHT="55" WIDTH="169" VPOS="3674" HPOS="1350"/>
<SP HEIGHT="34" WIDTH="25" VPOS="3694" HPOS="1520"/>
<String CONTENT="argued" HEIGHT="67" WIDTH="214" VPOS="3674" HPOS="1546"/>
<SP HEIGHT="52" WIDTH="26" VPOS="3674" HPOS="1761"/>
<String CONTENT="and" HEIGHT="51" WIDTH="112" VPOS="3675" HPOS="1788"/>
<SP HEIGHT="52" WIDTH="25" VPOS="3674" HPOS="1901"/>
<String CONTENT="determined" HEIGHT="53" WIDTH="352" VPOS="3674" HPOS="1927"/>
<SP HEIGHT="52" WIDTH="32" VPOS="3674" HPOS="2280"/>
<String CS="1" CONTENT="&#8230;"/>
</TextLine>
<TextLine HEIGHT="68" WIDTH="2007" VPOS="3751" HPOS="363">
<String CONTENT="June" HEIGHT="52" WIDTH="151" VPOS="3754" HPOS="363"/>
<SP HEIGHT="48" WIDTH="40" VPOS="3757" HPOS="515"/>
<String CONTENT="1-November" HEIGHT="52" WIDTH="389" VPOS="3754" HPOS="556"/>
<SP HEIGHT="47" WIDTH="35" VPOS="3758" HPOS="946"/>
<String CONTENT="30," HEIGHT="57" WIDTH="83" VPOS="3756" HPOS="982"/>
<SP HEIGHT="55" WIDTH="38" VPOS="3758" HPOS="1066"/>
<String CONTENT="1934." HEIGHT="49" WIDTH="151" VPOS="3756" HPOS="1105"/>
<SP HEIGHT="52" WIDTH="75" VPOS="3753" HPOS="1257"/>
<String CONTENT="Ethel" HEIGHT="53" WIDTH="171" VPOS="3753" HPOS="1333"/>
<SP HEIGHT="52" WIDTH="38" VPOS="3754" HPOS="1505"/>
<String CONTENT="M." HEIGHT="52" WIDTH="78" VPOS="3754" HPOS="1544"/>
<SP HEIGHT="54" WIDTH="39" VPOS="3752" HPOS="1623"/>
<String CONTENT="Martin," HEIGHT="57" WIDTH="237" VPOS="3752" HPOS="1663"/>
<SP HEIGHT="38" WIDTH="36" VPOS="3771" HPOS="1901"/>
<String CONTENT="reporter." HEIGHT="61" WIDTH="272" VPOS="3758" HPOS="1938"/>
<SP HEIGHT="55" WIDTH="77" VPOS="3751" HPOS="2211"/>
<String CONTENT="St." HEIGHT="55" WIDTH="81" VPOS="3751" HPOS="2289"/>
</TextLine>
<TextLine HEIGHT="68" WIDTH="1513" VPOS="3830" HPOS="363">
<String CONTENT="Paul," HEIGHT="60" WIDTH="166" VPOS="3830" HPOS="363"/>
<SP HEIGHT="57" WIDTH="23" VPOS="3833" HPOS="530"/>
<String CONTENT="Minn.," HEIGHT="59" WIDTH="203" VPOS="3830" HPOS="554"/>
<SP HEIGHT="57" WIDTH="24" VPOS="3832" HPOS="758"/>
<String CONTENT="Review" HEIGHT="54" WIDTH="230" VPOS="3830" HPOS="783"/>
<SP HEIGHT="48" WIDTH="24" VPOS="3850" HPOS="1014"/>
<String CONTENT="publishing" HEIGHT="68" WIDTH="337" VPOS="3830" HPOS="1039"/>
<SP HEIGHT="49" WIDTH="25" VPOS="3849" HPOS="1377"/>
<String CONTENT="company," HEIGHT="48" WIDTH="297" VPOS="3849" HPOS="1403"/>
<SP HEIGHT="53" WIDTH="27" VPOS="3835" HPOS="1701"/>
<String CONTENT="1934." HEIGHT="49" WIDTH="147" VPOS="3834" HPOS="1729"/>
</TextLine>
<TextLine HEIGHT="49" WIDTH="505" VPOS="3903" HPOS="434" CS="1">
<String CONTENT="xlvi," HEIGHT="46" WIDTH="116" VPOS="3905" HPOS="434"/>
<SP HEIGHT="47" WIDTH="27" VPOS="3904" HPOS="551"/>
<String CONTENT="682" HEIGHT="41" WIDTH="84" VPOS="3903" HPOS="579"/>
<SP HEIGHT="49" WIDTH="27" VPOS="3903" HPOS="664"/>
<String CONTENT="p." HEIGHT="37" WIDTH="43" VPOS="3915" HPOS="692"/>
<SP HEIGHT="41" WIDTH="55" VPOS="3903" HPOS="736"/>
<String CS="1" CONTENT="22&#189;" HEIGHT="40" WIDTH="55" VPOS="3903" HPOS="792"/>
<String STYLE="superscript" CONTENT="cm" HEIGHT="21" WIDTH="43" VPOS="3907" HPOS="881"/>
<String CONTENT="." HEIGHT="7" WIDTH="7" VPOS="3937" HPOS="932"/>
</TextLine>
<TextLine HEIGHT="53" WIDTH="2007" VPOS="3956" HPOS="364" STYLEREFS="StyleId-FEE5BD19-EC83-4A72-A733-C5FAE7000E2B-" CS="1">
<String CONTENT="&#169;" HEIGHT="53" WIDTH="53" VPOS="3956" HPOS="364"/>
<SP HEIGHT="53" WIDTH="30" VPOS="3956" HPOS="418"/>
<String CONTENT="Apr." HEIGHT="46" WIDTH="114" VPOS="3962" HPOS="449"/>
<SP HEIGHT="42" WIDTH="33" VPOS="3961" HPOS="564"/>
<String LANG="fr" CONTENT="29," HEIGHT="47" WIDTH="71" VPOS="3960" HPOS="598"/>
<SP HEIGHT="45" WIDTH="35" VPOS="3962" HPOS="670"/>
<String CONTENT="1935;" HEIGHT="47" WIDTH="140" VPOS="3959" HPOS="706"/>
<SP HEIGHT="45" WIDTH="36" VPOS="3961" HPOS="847"/>
<String CONTENT="2c." HEIGHT="40" WIDTH="67" VPOS="3961" HPOS="884"/>
<SP HEIGHT="39" WIDTH="38" VPOS="3962" HPOS="952"/>
<String CONTENT="May" HEIGHT="47" WIDTH="113" VPOS="3962" HPOS="991"/>
<SP HEIGHT="48" WIDTH="33" VPOS="3961" HPOS="1105"/>
<String CS="1" CONTENT="2;" HEIGHT="38" WIDTH="25" VPOS="3961" HPOS="1139"/>
<SP HEIGHT="31" WIDTH="38" VPOS="3971" HPOS="1193"/>
<String CONTENT="aff." HEIGHT="40" WIDTH="81" VPOS="3960" HPOS="1232"/>
<SP HEIGHT="39" WIDTH="37" VPOS="3961" HPOS="1314"/>
<String CONTENT="Jan." HEIGHT="39" WIDTH="110" VPOS="3961" HPOS="1352"/>
<SP HEIGHT="40" WIDTH="34" VPOS="3960" HPOS="1463"/>
<String CONTENT="4," HEIGHT="47" WIDTH="40" VPOS="3960" HPOS="1498"/>
<SP HEIGHT="47" WIDTH="36" VPOS="3960" HPOS="1539"/>
<String CS="1" CONTENT="1936;" HEIGHT="40" WIDTH="117" VPOS="3959" HPOS="1576"/>
<SP HEIGHT="42" WIDTH="39" VPOS="3959" HPOS="1717"/>
<!-- cceid 9987C473-6E3A-1014-83DD-942C093A1DD9 --><String CONTENT="A" HEIGHT="39" WIDTH="39" VPOS="3959" HPOS="1757"/>
<SP HEIGHT="40" WIDTH="35" VPOS="3958" HPOS="1797"/>
<String CS="1" CONTENT="90172;" HEIGHT="41" WIDTH="144" VPOS="3958" HPOS="1833"/>
<SP HEIGHT="39" WIDTH="42" VPOS="3960" HPOS="2005"/>
<String CONTENT="Mike" HEIGHT="41" WIDTH="128" VPOS="3958" HPOS="2048"/>
<SP HEIGHT="39" WIDTH="35" VPOS="3960" HPOS="2177"/>
<String CONTENT="Holm," HEIGHT="47" WIDTH="158" VPOS="3959" HPOS="2213"/>
</TextLine>
<TextLine HEIGHT="50" WIDTH="1936" VPOS="4015" HPOS="438" STYLEREFS="StyleId-FEE5BD19-EC83-4A72-A733-C5FAE7000E2B-">
<String CONTENT="secretary" HEIGHT="46" WIDTH="251" VPOS="4019" HPOS="438"/>
<SP HEIGHT="37" WIDTH="32" VPOS="4028" HPOS="690"/>
<String CONTENT="of" HEIGHT="39" WIDTH="52" VPOS="4017" HPOS="723"/>
<SP HEIGHT="40" WIDTH="33" VPOS="4017" HPOS="776"/>
<String CONTENT="the" HEIGHT="38" WIDTH="82" VPOS="4019" HPOS="810"/>
<SP HEIGHT="30" WIDTH="33" VPOS="4027" HPOS="893"/>
<String CONTENT="state" HEIGHT="38" WIDTH="130" VPOS="4020" HPOS="927"/>
<SP HEIGHT="30" WIDTH="33" VPOS="4028" HPOS="1058"/>
<String CONTENT="of" HEIGHT="39" WIDTH="53" VPOS="4018" HPOS="1092"/>
<SP HEIGHT="38" WIDTH="31" VPOS="4018" HPOS="1146"/>
<String CONTENT="Minnesota," HEIGHT="47" WIDTH="290" VPOS="4017" HPOS="1178"/>
<SP HEIGHT="47" WIDTH="35" VPOS="4017" HPOS="1469"/>
<String CONTENT="in" HEIGHT="38" WIDTH="48" VPOS="4017" HPOS="1505"/>
<SP HEIGHT="37" WIDTH="36" VPOS="4019" HPOS="1554"/>
<String CONTENT="trust" HEIGHT="37" WIDTH="129" VPOS="4019" HPOS="1591"/>
<SP HEIGHT="40" WIDTH="34" VPOS="4016" HPOS="1721"/>
<String CONTENT="for" HEIGHT="39" WIDTH="79" VPOS="4016" HPOS="1756"/>
<SP HEIGHT="37" WIDTH="35" VPOS="4018" HPOS="1836"/>
<String CONTENT="the" HEIGHT="39" WIDTH="80" VPOS="4016" HPOS="1872"/>
<SP HEIGHT="38" WIDTH="36" VPOS="4017" HPOS="1953"/>
<String CONTENT="benefit" HEIGHT="39" WIDTH="175" VPOS="4016" HPOS="1990"/>
<SP HEIGHT="37" WIDTH="36" VPOS="4018" HPOS="2166"/>
<String CONTENT="of" HEIGHT="39" WIDTH="52" VPOS="4015" HPOS="2203"/>
<SP HEIGHT="40" WIDTH="33" VPOS="4015" HPOS="2256"/>
<String CONTENT="the" HEIGHT="39" WIDTH="84" VPOS="4016" HPOS="2290"/>
</TextLine>
<TextLine HEIGHT="48" WIDTH="815" VPOS="4074" HPOS="434" STYLEREFS="StyleId-FEE5BD19-EC83-4A72-A733-C5FAE7000E2B-">
<String CONTENT="people" HEIGHT="46" WIDTH="166" VPOS="4076" HPOS="434"/>
<SP HEIGHT="30" WIDTH="27" VPOS="4085" HPOS="601"/>
<String CONTENT="of" HEIGHT="41" WIDTH="52" VPOS="4074" HPOS="629"/>
<SP HEIGHT="39" WIDTH="25" VPOS="4074" HPOS="682"/>
<String CONTENT="said" HEIGHT="40" WIDTH="107" VPOS="4074" HPOS="708"/>
<SP HEIGHT="40" WIDTH="26" VPOS="4075" HPOS="816"/>
<String CONTENT="state," HEIGHT="43" WIDTH="142" VPOS="4076" HPOS="843"/>
<SP HEIGHT="45" WIDTH="29" VPOS="4074" HPOS="986"/>
<String CONTENT="St." HEIGHT="41" WIDTH="68" VPOS="4074" HPOS="1016"/>
<SP HEIGHT="40" WIDTH="27" VPOS="4075" HPOS="1085"/>
<String CONTENT="Paul." HEIGHT="40" WIDTH="136" VPOS="4075" HPOS="1113"/>
</TextLine>
</TextBlock>
</PrintSpace>
</Page>
</Layout>
</alto>