2519 4377
1359 4145 133 50 1352

489 524 47 39 vi
562 534 58 38 p.,
647 526 25 38 1
720 556 23 17 l.,
770 523 57 43 98
851 535 44 38 p.
955 525 129 42 illus.
1145 525 148 42 20½cm.

416 591 2022 58 © Jan. 31, 1936; 1c. June 3; A-Foreign 32059; Johann Ambrosius
485 653 171 41 Barth.
728 654 283 48 (36-21298)

413 757 225 54 Jeanne
724 758 139 65 d'Arc,
889 759 189 64 Saint,
1109 762 327 53 1412-1431.

484 836 152 54 Joan
684 836 64 54 of
790 836 137 68 Arc,
972 837 113 52 self
1129 838 279 68 portrait;
1459 839 283 68 compiled
1791 841 113 52 and
1950 842 320 53 translated
2315 842 122 53 into

416 914 247 69 English
687 914 153 54 from
863 916 96 53 the
982 914 249 70 original
1254 915 176 56 Latin
1454 917 113 55 and
1590 919 225 53 French
1839 938 224 36 sources
2086 920 75 69 by
2183 920 252 57 Willard

413 995 200 52 Trask.
692 995 140 52 New
858 994 181 68 York,
1067 995 309 69 Stackpole
1401 1014 130 36 sons
1563 1031 13 34 [
1580 1003 18 22 c
1603 1000 136 51 1936]

484 1066 1296 52 2 p. l., 9-188 p. incl. pl. double facsim. 19½ cm .
488 1124 251 50 Compiled
774 1124 177 50 chiefly
983 1126 130 41 from
1148 1127 84 41 the
1264 1129 233 39 accounts
1534 1128 51 40 of
1619 1130 87 40 her
1741 1130 117 40 trial
1894 1128 81 42 for
2011 1131 172 47 heresy
2219 1133 97 39 and
2351 1133 87 41 her

413 1183 119 40 trial
561 1183 51 41 of
641 1183 375 42 rehabilitation.
1089 1184 63 49 cf.
1182 1183 276 44 Foreword.

414 1250 2023 58 © Sept. 17, 1936; 2c. Sept. 21; aff. Sept. 19; A 97893; Telegraph press,
485 1311 321 49 Harrisburg,
836 1313 83 40 Pa.
990 1311 283 51 (36-20713)

411 1416 239 64 Jepson,
678 1414 191 56 Willis
892 1416 172 65 Linn,
1094 1418 173 55 1867-

482 1494 1955 70 A flora of California, by Willis Linn Jepson … volume 2
413 1572 1999 150 [pt. 1-3] Capparidaceae to Cornaceae. Berkeley, Calif., Associated students store, University of California [ c 1936]
485 1726 25 40 3
544 1736 41 31 v.
648 1726 137 40 front.
829 1726 89 48 (pt.
952 1726 73 50 1),
1059 1726 145 49 illus.,
1236 1726 174 49 plates.
1470 1726 57 41 27½
1560 1729 45 21 cm
1609 1757 8 8 .

415 1780 54 53 ©
503 1784 128 48 Sept.
666 1784 69 48 17,
771 1783 142 48 1936;
947 1784 68 39 2c.
1051 1784 123 40 each
1205 1783 96 40 and
1333 1783 83 42 aff.
1453 1784 130 48 Sept.
1616 1784 83 48 26;
1736 1785 41 39 A
1811 1783 202 49 100012;
2050 1785 71 40 W.
2155 1785 51 39 L.
2242 1784 194 49 Jepson,

486 1841 255 49 Berkeley,
770 1840 146 42 Calif.

412 1945 1963 68 Kentucky digest. 1936 cumulative annual pocket parts …
490 2023 1945 68 [for] vols. 1-20 … St. Paul, Minn., West publishing co.
507 2107 178 63 [ c 1936]
484 2176 60 40 20
573 2187 42 30 v.
678 2175 55 41 25
736 2179 45 20 cm
787 2209 8 8 .

486 2234 158 40 These
673 2233 280 49 pamphlets
984 2243 85 30 are
1102 2234 53 39 to
1181 2232 59 42 be
1268 2232 141 41 fitted
1440 2232 104 41 into
1574 2231 82 42 the
1686 2232 201 50 pockets
1919 2234 53 39 at
2003 2232 84 41 the
2118 2231 125 41 back
2273 2231 52 41 of
2356 2232 83 41 the

413 2292 219 39 volumes
663 2292 52 39 of
743 2291 83 40 the
857 2293 75 38 set
960 2293 49 38 to
1039 2290 162 40 which
1227 2290 117 47 they
1373 2290 187 48 belong.

417 2346 53 52 ©
501 2349 128 48 Sept.
658 2348 69 49 21,
758 2347 141 49 1936;
931 2348 67 39 2c.
1030 2347 117 41 each
1179 2347 103 42 Oct.
1312 2348 81 46 15;
1427 2346 82 41 aff.
1542 2347 102 41 Oct.
1675 2346 82 48 20;
1790 2347 40 39 A
1858 2344 173 51 99499;
2065 2347 135 39 West
2227 2345 111 49 pub.
2369 2355 67 30 co.

414 2469 335 64 Kinnavey,
776 2468 312 65 Raymond
1115 2467 223 56 James.

552 2542 1885 72 … The vocabulary of St. Hilary of Poitiers as contained
420 2620 2018 69 in Commentarius in Matthaeum, Liber I ad Constantium and
419 2699 2018 71 De Trinitate; a morphological and semasiological study … by
420 2779 1993 150 Raymond James Kinnavey … Washington, D. C., The Catholic university of America, 1935.
422 2934 1998 106 xv p., 1 l., 338 p. 23 cm . (The Catholic university of America. Patristic studies. vol. XLVII)
491 3050 175 40 Thesis
695 3050 108 48 (PH.
870 3048 331 48 D.)—Catholic
1233 3048 274 49 university
1537 3049 53 40 of
1622 3048 238 49 America,
1894 3048 131 41 1935.

491 3106 382 49 Bibliography:
903 3117 43 37 p.
973 3105 202 41 xiii-xv.

419 3160 54 53 ©
516 3165 110 39 Jan.
672 3163 68 48 10,
784 3162 142 48 1936;
971 3162 68 41 2c.
1085 3162 95 40 and
1226 3162 82 41 aff.
1353 3163 109 40 Jan.
1506 3161 83 48 21;
1637 3163 41 38 A
1723 3162 171 49 90414;
1942 3161 226 42 Catholic
2209 3162 131 41 univ.
2385 3164 53 40 of

489 3221 240 40 America.
792 3220 284 49 (36-21044)

418 3325 221 64 Lange,
668 3324 326 55 Mariluise.

551 3399 1881 71 … Tyras; with illustrations by Gunter Böhmer. Translated
422 3480 153 54 from
617 3480 98 52 the
756 3479 253 56 German
1049 3479 76 70 by
1169 3480 211 53 Ernest
1426 3479 183 70 Boyd.
1686 3481 234 66 Boston,
1963 3479 198 68 Little,
2206 3480 229 66 Brown,

418 3562 114 53 and
564 3577 300 52 company,
900 3564 150 50 1936.

490 3631 1020 53 4 p. l., [3]-126 p. front., illus. 22 cm .
419 3689 53 52 ©
502 3693 128 47 Sept.
662 3693 68 46 25,
760 3690 141 48 1936;
931 3691 68 40 2c.
1028 3691 96 39 and
1154 3690 81 40 aff.
1268 3690 128 47 Sept.
1425 3689 82 41 26:
1538 3691 40 38 A
1606 3690 171 46 98657;
1810 3691 62 38 M.
1902 3689 178 46 Lange,
2110 3687 326 50 Oberbayern,
492 3750 260 46 Germany.
818 3748 282 48 (36-21005)

420 3853 285 64 Lathrop,
730 3853 155 53 John
910 3851 307 65 Howland,
1245 3857 172 50 1880-

495 3930 249 52 Toward
779 3928 362 69 discovering
1175 3948 31 34 a
1241 3927 264 69 religion,
1537 3927 75 68 by
1644 3926 158 56 John
1836 3925 291 54 Howland
2160 3924 276 68 Lathrop.

423 4009 139 52 New
592 4007 164 53 York
784 4007 113 53 and
922 4007 262 67 London,
1210 4007 235 67 Harper
1472 4008 46 51 &
1544 4005 279 67 brothers,
1855 4007 151 51 1936.

496 4081 593 49 6 p. l., 3-108 p. 19 cm .
