2519 4377
1074 4043 138 59 1527

224 468 578 51 3 p. l., 9-62 p. 19½cm.
157 535 53 53 ©
240 540 126 47 Sept.
392 539 70 48 25,
491 539 114 40 1936;
663 538 68 42 2c.
756 539 97 40 and
883 539 80 39 aff.
994 539 100 41 Oct.
1125 538 56 40 19;
1237 540 39 39 A
1304 537 144 41 98974;
1508 537 189 40 Prairie
1725 548 150 38 press.

240 595 279 49 (30-24654)

154 700 256 63 Holmes,
436 701 248 61 Burton,
715 700 171 53 1870-
1096 700 85 53 ed.

225 776 53 51 A
310 774 118 69 trip
462 774 219 53 around
712 775 95 54 the
840 773 181 53 world
1053 774 252 68 through
1336 774 96 53 the
1465 772 406 56 telebinocular
1900 773 61 53 in
1993 774 158 53 three

155 852 314 53 dimension
499 852 268 68 pictures,
792 850 238 55 selected
1059 850 111 53 and
1199 849 191 56 edited
1415 850 75 68 by
1518 850 226 53 Burton
1772 850 238 54 Holmes
2038 851 109 52 and

154 930 162 53 other
356 927 421 71 distinguished
815 926 337 57 authorities
1191 927 94 55 for
1321 928 98 54 the
1453 927 292 70 Keystone
1783 927 182 55 travel
2005 926 145 56 club.

156 1006 325 68 Meadville,
517 1005 119 69 Pa.,
669 1006 293 67 Keystone
998 1003 142 56 view
1178 1023 278 52 company
1499 1040 13 35 [
1516 1013 19 22 c
1540 1008 132 52 1936
1679 1040 12 34 ]

223 1077 86 41 185
343 1088 42 39 p.
445 1078 25 39 1
508 1077 127 41 illus.
699 1075 56 43 19½
786 1079 45 22 cm
836 1109 9 10 .

156 1146 52 54 ©
235 1151 109 40 Jan.
373 1150 69 48 30,
471 1149 113 41 1936;
640 1149 69 41 2c.
739 1150 95 40 and
857 1151 86 41 aff.
975 1151 127 47 Sept.
1131 1149 57 40 26;
1246 1153 39 37 A
1312 1149 172 44 99058:
1519 1152 244 46 Keystone
1794 1151 120 39 view
1946 1161 68 32 co.

236 1206 280 50 (36-23515)

155 1312 320 65 Housman,
503 1312 320 62 Laurence,
855 1315 171 51 1865-

153 1386 1932 146 The unexpected years, by Laurence Housman … Indianapolis,
303 1463 1281 71 New York, The Bobbs-Merrill company [c1936]
222 1536 1306 51 vii p., 3 l., 15-338 p. front., plates, ports. 24 cm .
156 1605 52 55 ©
239 1609 101 43 Oct.
371 1609 67 50 16,
470 1607 115 42 1936;
645 1607 68 43 2c.
743 1608 95 41 and
869 1608 83 43 aff.
985 1608 102 42 Oct.
1119 1607 50 40 21;
1235 1610 36 39 A
1305 1607 144 41 99473;
1512 1610 49 41 L.
1595 1609 266 49 Housman,
1898 1612 257 45 Somerset,

226 1667 235 48 England.
533 1664 283 53 (36-24660)

151 1772 263 62 Hudson,
440 1771 234 53 Arthur
695 1769 253 56 Palmer.

220 1846 319 70 Folksongs
576 1846 64 54 of
674 1845 351 70 Mississippi
1060 1847 113 54 and
1207 1845 151 54 their
1392 1846 387 70 background,
1813 1847 76 69 by
1925 1850 227 52 Arthur

153 1923 1999 71 Palmer Hudson … Chapel Hill, The University of North
152 2004 270 57 Carolina
453 2022 174 51 press,
660 2007 152 52 1936.

223 2078 84 48 xii,
336 2078 84 41 321
451 2088 42 37 p.
553 2077 56 41 23½cm.

225 2134 225 41 Portions
480 2133 52 40 of
562 2134 82 41 the
677 2132 227 42 material
937 2134 124 40 have
1094 2134 242 47 appeared
1370 2133 49 41 in
1452 2134 80 40 the
1568 2133 218 41 author’s
1822 2135 202 41 Ballads
2058 2137 94 40 and

152 2202 145 38 songs
325 2191 128 40 from
484 2189 310 51 Mississippi,
825 2189 255 51 published
1111 2191 49 39 in
1192 2191 82 39 the
1304 2190 205 41 Journal
1541 2190 52 41 of
1624 2190 255 42 American
1909 2191 241 49 folk-lore,

155 2261 42 32 v.
227 2248 70 50 39,
326 2258 75 32 no.
431 2247 98 51 152,
560 2247 128 50 1926,
718 2248 95 41 and
844 2246 51 42 in
924 2247 78 42 his
1036 2247 276 50 Specimens
1340 2247 53 43 of
1423 2247 295 51 Mississippi
1751 2248 241 51 folk-lore,
2023 2248 130 44 1928.

154 2309 62 48 cf.
249 2308 185 41 Introd.

221 2365 224 41 Without
474 2364 168 43 music.

153 2432 54 54 ©
243 2437 121 47 Aug.
405 2435 69 47 22,
513 2434 116 42 1936;
697 2434 68 42 2c.
806 2435 120 48 Aug.
965 2434 57 40 24;
1091 2435 83 41 aff.
1218 2434 127 49 Sept.
1386 2434 26 39 2;
1482 2436 40 38 A
1562 2433 145 41 98232;
1780 2433 282 48 University
2103 2435 52 39 of

224 2494 155 39 North
405 2493 229 42 Carolina
659 2502 151 39 press.
874 2490 281 51 (36-23296)

149 2597 346 65 Jagendorf,
522 2596 214 54 Moritz
762 2594 198 66 Adolf,
989 2601 171 50 1888-

223 2674 74 53 In
336 2673 96 53 the
469 2672 140 69 days
648 2674 66 52 of
752 2672 96 53 the
887 2673 155 67 Han,
1081 2672 71 68 by
1194 2672 81 53 M.
1315 2671 328 69 Jagendorf;
1714 2669 326 57 illustrated
2077 2672 74 69 by

153 2747 1974 150 Erwin R. F. Neumann. Los Angeles, New York [etc .] Suttonhouse, ltd., 1936.
225 2901 1614 50 5 p. l., 168 p. illus., plates (part col.; part double) 23½cm.
226 2959 287 40 Illustrated
541 2958 107 41 title
676 2968 61 30 on
767 2961 94 38 two
888 2959 161 39 leaves;
1105 2957 279 41 illustrated
1415 2956 347 51 lining-papers
1791 2957 50 40 in
1869 2957 170 43 colors.

153 3024 53 53 ©
232 3028 129 48 Sept.
390 3027 69 49 15,
485 3026 115 41 1936;
658 3026 67 42 2c.
758 3028 126 47 Sept.
914 3026 55 39 22;
1029 3026 81 41 aff.
1142 3027 101 40 Ocr.
1274 3027 54 39 13;
1387 3028 39 38 A
1458 3026 172 41 100020;
1692 3027 343 48 Suttonliouse,
2067 3028 83 39 ltd.

232 3083 280 50 (36-23523)

148 3187 230 65 Jaloux,
412 3188 287 64 Edmond,
735 3189 170 54 1878-

285 3262 1200 68 … La chute d ’Icare. Paris, Plon [1936]
223 3336 664 50 4 p. l., 275 p., 1 l. 19cm.
155 3402 1851 53 © Apr. 17, 1936; 1c. July 11; A-Foreign 32308: Librairie Plon.
232 3462 280 50 (36-25262)

149 3569 219 64 James,
398 3567 151 65 Will,
583 3573 172 50 1892-

225 3643 297 69 Scorpion,
557 3663 31 34 a
623 3644 147 68 good
806 3643 112 54 bad
953 3644 181 67 horse,
1168 3643 74 69 by
1276 3642 141 55 Will
1454 3643 195 53 James;
1713 3642 326 53 illustrated
2074 3641 73 69 by

153 3722 96 53 the
277 3721 221 56 author.
566 3721 139 53 New
733 3720 180 69 York,
945 3719 62 57 C.
1042 3719 311 57 Scribner’s
1384 3738 128 36 sons;
1573 3719 257 67 London,
1863 3718 63 57 C.
153 3718 1971 135 Scribner’s
335 3816 146 49 sons,
516 3797 122 67 ltd.,
678 3800 149 52 1936.

224 3871 100 47 viii,
351 3871 84 40 312
462 3882 42 36 p.
532 3871 110 40 incl.
667 3871 86 41 col.
779 3871 164 47 front.,
970 3871 142 45 illus.,
1141 3872 171 47 plates.
1367 3870 54 40 21½
1455 3873 44 21 cm
1504 3902 9 9 .

155 3923 53 53 ©
240 3927 102 41 Oct.
374 3927 68 43 16.
473 3926 114 41 1936;
646 3926 69 42 2c.
749 3927 101 42 Oct.
882 3927 49 39 21;
999 3928 81 40 aff.
1115 3927 101 41 Oct.
1248 3928 82 39 20:
1365 3929 38 37 A
1437 3925 144 39 98995;
1644 3927 204 41 Charles
1883 3925 266 42 Scribner’s

223 3993 126 34 sons.
416 3982 282 51 (36-23527)
