<alto xmlns="http://www.loc.gov/standards/alto/ns-v3#" xmlns:xsi="http://www.w3.org/2001/XMLSchema-instance" xsi:schemaLocation="http://www.loc.gov/standards/alto/ns-v3# http://www.loc.gov/alto/v3/alto-3-0.xsd"><Description>
<MeasurementUnit>pixel</MeasurementUnit>
<sourceImageInformation>
<fileName>1936_v33_Part1.pdf</fileName>
</sourceImageInformation>
<OCRProcessing ID="IdOcr">
<ocrProcessingStep>
<processingDateTime>2019-01-18</processingDateTime>
<processingSoftware>
<softwareCreator>ABBYY</softwareCreator>
<softwareName>ABBYY Recognition Server</softwareName>
<softwareVersion>4.0</softwareVersion>
</processingSoftware>
</ocrProcessingStep>
</OCRProcessing>
</Description>
<Styles>
<ParagraphStyle ALIGN="Left" FIRSTLINE="0." ID="StyleId-FFFFFFFF-FFFF-FFFF-FFFF-FFFFFFFFFFFF-" LEFT="0." RIGHT="0." />
<ParagraphStyle ALIGN="Left" FIRSTLINE="0." ID="StyleId-51D50FAC-7A90-4D70-8A96-5EA9D46D1C8B-" LEFT="0." LINESPACE="7.699999809" RIGHT="0." />
<ParagraphStyle ALIGN="Block" FIRSTLINE="-17." ID="StyleId-6BC133E9-7DCB-43C3-8842-A67984A26405-" LEFT="0." LINESPACE="8.340000153" RIGHT="0." />
<ParagraphStyle ALIGN="Left" FIRSTLINE="-13." ID="StyleId-3C3FF860-43E7-46A2-8934-48F305F6F0D6-" LEFT="0." LINESPACE="11.06999969" RIGHT="0." />
<ParagraphStyle ALIGN="Block" FIRSTLINE="-13." ID="StyleId-19220C76-4F8A-4737-B38C-B5F5C17E6040-" LEFT="0." LINESPACE="11.06999969" RIGHT="0." />
<ParagraphStyle ALIGN="Left" FIRSTLINE="0." ID="StyleId-75A0D721-13ED-4F20-9002-B389EC48477D-" LEFT="0." LINESPACE="15.5" RIGHT="0." />
<ParagraphStyle ALIGN="Left" FIRSTLINE="0." ID="StyleId-8A414184-C7A5-4AC7-9B88-7DA4DDE75922-" LEFT="0." LINESPACE="9.399999619" RIGHT="0." />
<ParagraphStyle ALIGN="Left" FIRSTLINE="0." ID="StyleId-1A87970B-111C-4169-99A6-9412976F3C97-" LEFT="0." LINESPACE="10.5" RIGHT="0." />
<ParagraphStyle ALIGN="Block" FIRSTLINE="-17." ID="StyleId-72DB0571-5AE4-41FD-9E11-68C6AC4C437E-" LEFT="0." LINESPACE="8.340000153" RIGHT="0." />
<ParagraphStyle ALIGN="Center" FIRSTLINE="0." ID="StyleId-1AA43056-C388-4697-B10F-72FDAA38FAE1-" LEFT="0." LINESPACE="10.5" RIGHT="0." />
</Styles>
<Layout>
<Page HEIGHT="4377" ID="Page327" PHYSICAL_IMG_NR="327" WIDTH="2519">
<TopMargin HEIGHT="454" HPOS="0" VPOS="0" WIDTH="2519">
</TopMargin>
<LeftMargin HEIGHT="3612" HPOS="0" VPOS="454" WIDTH="66">
</LeftMargin>
<RightMargin HEIGHT="3612" HPOS="2096" VPOS="454" WIDTH="423">
</RightMargin>
<BottomMargin HEIGHT="311" HPOS="0" VPOS="4066" WIDTH="2519">
<TextBlock HEIGHT="72" HPOS="1026" ID="Page327_Block1" LANG="en-US" STYLEREFS="StyleId-B5E20469-1974-4C60-AAEC-34E138A92142-" VPOS="4102" WIDTH="120">
<TextLine HEIGHT="53" HPOS="1036" VPOS="4111" WIDTH="100">
<String CONTENT="327" HEIGHT="53" HPOS="1036" VPOS="4111" WIDTH="100" />
</TextLine>
</TextBlock>
</BottomMargin>
<PrintSpace HEIGHT="3612" HPOS="66" VPOS="454" WIDTH="2030">
<TextBlock CS="1" HEIGHT="3612" HPOS="66" ID="Page327_Block2" LANG="en-US" STYLEREFS="StyleId-6B467D10-3A8C-45EA-A0E1-FFE30DC99986-" VPOS="454" WIDTH="2030">
<TextLine CS="1" HEIGHT="48" HPOS="142" LANG="de" VPOS="539" WIDTH="638">
<String CONTENT="xiv," HEIGHT="47" HPOS="142" VPOS="539" WIDTH="97" />
<SP />
<String CONTENT="1181" HEIGHT="40" HPOS="268" VPOS="540" WIDTH="112" />
<SP HEIGHT="47" HPOS="381" VPOS="540" WIDTH="29" />
<String CONTENT="p." HEIGHT="37" HPOS="411" VPOS="550" WIDTH="43" />
<SP HEIGHT="39" HPOS="455" VPOS="540" WIDTH="55" />
<String CONTENT="30" HEIGHT="40" HPOS="511" VPOS="539" WIDTH="59" />
<SP />
<String CONTENT="x" HEIGHT="28" HPOS="584" VPOS="550" WIDTH="31" />
<SP />
<String CONTENT="23" HEIGHT="39" HPOS="633" VPOS="539" WIDTH="55" />
<String CONTENT="&#189;" CS="1" LANG="en-US" />
<String CONTENT="cm" CS="1" HEIGHT="21" HPOS="723" STYLE="superscript" VPOS="541" WIDTH="14" />
<String CONTENT="." HEIGHT="8" HPOS="772" VPOS="570" WIDTH="8" />
</TextLine>
<TextLine HEIGHT="49" HPOS="149" VPOS="593" WIDTH="1787">
<String CONTENT="&#8220;Four" HEIGHT="39" HPOS="149" VPOS="596" WIDTH="159" />
<SP HEIGHT="38" HPOS="309" VPOS="596" WIDTH="24" />
<String CONTENT="hundred" HEIGHT="39" HPOS="334" VPOS="596" WIDTH="220" />
<SP HEIGHT="38" HPOS="555" VPOS="597" WIDTH="28" />
<String CONTENT="and" HEIGHT="39" HPOS="584" VPOS="596" WIDTH="96" />
<SP HEIGHT="40" HPOS="681" VPOS="596" WIDTH="28" />
<String CONTENT="twenty-five" HEIGHT="48" HPOS="710" VPOS="594" WIDTH="295" />
<SP HEIGHT="29" HPOS="1006" VPOS="605" WIDTH="25" />
<String CONTENT="copies" HEIGHT="49" HPOS="1032" VPOS="593" WIDTH="158" />
<SP HEIGHT="36" HPOS="1191" VPOS="606" WIDTH="29" />
<String CONTENT="printed." HEIGHT="47" HPOS="1221" VPOS="595" WIDTH="205" />
<SP HEIGHT="38" HPOS="1427" VPOS="595" WIDTH="57" />
<String CONTENT="This" HEIGHT="41" HPOS="1485" VPOS="593" WIDTH="121" />
<SP HEIGHT="41" HPOS="1607" VPOS="593" WIDTH="24" />
<String CONTENT="is" HEIGHT="41" HPOS="1632" VPOS="593" WIDTH="42" />
<SP HEIGHT="29" HPOS="1675" VPOS="605" WIDTH="29" />
<String CONTENT="no." HEIGHT="29" HPOS="1705" VPOS="605" WIDTH="74" />
<SP HEIGHT="39" HPOS="1780" VPOS="595" WIDTH="27" />
<String CONTENT="125.&#8220;" HEIGHT="41" HPOS="1808" VPOS="593" WIDTH="128" />
</TextLine>
<TextLine HEIGHT="53" HPOS="80" VPOS="648" WIDTH="1996">
<String CONTENT="&#169;" HEIGHT="53" HPOS="80" VPOS="648" WIDTH="53" />
<SP HEIGHT="53" HPOS="134" VPOS="648" WIDTH="39" />
<String CONTENT="Jan." HEIGHT="38" HPOS="174" VPOS="654" WIDTH="107" />
<SP HEIGHT="38" HPOS="282" VPOS="654" WIDTH="40" />
<String CONTENT="31" HEIGHT="39" HPOS="323" VPOS="653" WIDTH="53" />
<SP HEIGHT="38" HPOS="377" VPOS="653" WIDTH="55" />
<String CONTENT="1936;" HEIGHT="45" HPOS="433" VPOS="652" WIDTH="139" />
<SP HEIGHT="45" HPOS="573" VPOS="652" WIDTH="41" />
<String CONTENT="2c." HEIGHT="40" HPOS="615" VPOS="652" WIDTH="69" />
<SP HEIGHT="40" HPOS="685" VPOS="652" WIDTH="41" />
<String CONTENT="Feb." HEIGHT="39" HPOS="727" VPOS="652" WIDTH="110" />
<SP HEIGHT="39" HPOS="838" VPOS="652" WIDTH="39" />
<String CONTENT="28;" HEIGHT="45" HPOS="878" VPOS="652" WIDTH="82" />
<SP HEIGHT="36" HPOS="961" VPOS="661" WIDTH="42" />
<String CONTENT="aff." HEIGHT="40" HPOS="1004" VPOS="651" WIDTH="83" />
<SP HEIGHT="40" HPOS="1088" VPOS="651" WIDTH="42" />
<String CONTENT="Feb." HEIGHT="39" HPOS="1131" VPOS="651" WIDTH="110" />
<SP HEIGHT="38" HPOS="1242" VPOS="652" WIDTH="42" />
<String CONTENT="10;" HEIGHT="45" HPOS="1285" VPOS="652" WIDTH="81" />
<SP HEIGHT="45" HPOS="1367" VPOS="652" WIDTH="42" />
<String CONTENT="A" HEIGHT="38" HPOS="1410" VPOS="652" WIDTH="41" />
<SP HEIGHT="40" HPOS="1452" VPOS="650" WIDTH="39" />
<String CONTENT="92008;" HEIGHT="47" HPOS="1492" VPOS="650" WIDTH="170" />
<SP HEIGHT="45" HPOS="1663" VPOS="652" WIDTH="45" />
<String CONTENT="E." HEIGHT="39" HPOS="1709" VPOS="652" WIDTH="53" />
<SP HEIGHT="41" HPOS="1763" VPOS="650" WIDTH="43" />
<String CONTENT="G." HEIGHT="40" HPOS="1807" VPOS="650" WIDTH="52" />
<SP HEIGHT="39" HPOS="1860" VPOS="652" WIDTH="45" />
<String CONTENT="Swem," HEIGHT="46" HPOS="1906" VPOS="652" WIDTH="170" />
</TextLine>
<TextLine HEIGHT="48" HPOS="147" VPOS="709" WIDTH="491">
<String CONTENT="Williamsburg," HEIGHT="48" HPOS="147" VPOS="709" WIDTH="379" />
<SP HEIGHT="46" HPOS="527" VPOS="709" WIDTH="25" />
<String CONTENT="Va." HEIGHT="40" HPOS="553" VPOS="709" WIDTH="85" />
</TextLine>
<TextLine HEIGHT="64" HPOS="76" STYLEREFS="StyleId-919A0B7C-7D08-4F44-9052-6BDCA3D0C585-" VPOS="812" WIDTH="923">
<String CONTENT="Taylor," HEIGHT="63" HPOS="76" VPOS="813" WIDTH="232" />
<SP HEIGHT="61" HPOS="309" VPOS="814" WIDTH="24" />
<String CONTENT="Walter" HEIGHT="53" HPOS="334" VPOS="813" WIDTH="224" />
<SP HEIGHT="52" HPOS="559" VPOS="813" WIDTH="26" />
<String CONTENT="Fuller," HEIGHT="60" HPOS="586" VPOS="812" WIDTH="212" />
<SP HEIGHT="54" HPOS="799" VPOS="818" WIDTH="29" />
<String CONTENT="1900-" HEIGHT="49" HPOS="829" VPOS="817" WIDTH="170" />
</TextLine>
<TextLine CS="1" HEIGHT="68" HPOS="147" STYLEREFS="StyleId-F995C4E7-2B63-4A18-83B4-D8C659584411-" VPOS="886" WIDTH="1868">
<String CONTENT="A" HEIGHT="51" HPOS="147" VPOS="890" WIDTH="55" />
<SP HEIGHT="52" HPOS="203" VPOS="889" WIDTH="32" />
<String CONTENT="history" HEIGHT="65" HPOS="236" VPOS="889" WIDTH="220" />
<SP HEIGHT="47" HPOS="457" VPOS="907" WIDTH="32" />
<String CONTENT="of" HEIGHT="51" HPOS="490" VPOS="888" WIDTH="63" />
<SP HEIGHT="51" HPOS="554" VPOS="888" WIDTH="29" />
<String CONTENT="American" HEIGHT="55" HPOS="584" VPOS="886" WIDTH="304" />
<SP HEIGHT="52" HPOS="889" VPOS="887" WIDTH="35" />
<String CONTENT="letters," HEIGHT="52" HPOS="925" VPOS="887" WIDTH="210" />
<SP HEIGHT="53" HPOS="1136" VPOS="886" WIDTH="33" />
<String CONTENT="by" HEIGHT="68" HPOS="1170" VPOS="886" WIDTH="74" />
<SP HEIGHT="66" HPOS="1245" VPOS="888" WIDTH="32" />
<String CONTENT="Walter" HEIGHT="54" HPOS="1278" VPOS="886" WIDTH="220" />
<SP HEIGHT="51" HPOS="1499" VPOS="887" WIDTH="33" />
<String CONTENT="Fuller" HEIGHT="53" HPOS="1533" VPOS="886" WIDTH="197" />
<SP HEIGHT="52" HPOS="1731" VPOS="887" WIDTH="28" />
<String CONTENT="Taylor" HEIGHT="68" HPOS="1760" VPOS="886" WIDTH="216" />
<SP HEIGHT="32" HPOS="1977" VPOS="906" WIDTH="38" />
<String CONTENT="&#8230;" CS="1" />
</TextLine>
<TextLine CS="1" HEIGHT="70" HPOS="79" STYLEREFS="StyleId-F995C4E7-2B63-4A18-83B4-D8C659584411-" VPOS="964" WIDTH="1994">
<String CONTENT="with" HEIGHT="52" HPOS="79" VPOS="969" WIDTH="138" />
<SP HEIGHT="52" HPOS="218" VPOS="968" WIDTH="21" />
<String CONTENT="bibliographies" HEIGHT="69" HPOS="240" VPOS="965" WIDTH="449" />
<SP HEIGHT="53" HPOS="690" VPOS="966" WIDTH="22" />
<String CONTENT="by" HEIGHT="68" HPOS="713" VPOS="966" WIDTH="73" />
<SP HEIGHT="68" HPOS="787" VPOS="966" WIDTH="21" />
<String CONTENT="Harry" HEIGHT="68" HPOS="809" VPOS="966" WIDTH="198" />
<SP HEIGHT="68" HPOS="1008" VPOS="966" WIDTH="20" />
<String CONTENT="Hartwick." HEIGHT="54" HPOS="1029" VPOS="964" WIDTH="317" />
<SP HEIGHT="51" HPOS="1347" VPOS="966" WIDTH="60" />
<String CONTENT="Boston," HEIGHT="65" HPOS="1408" VPOS="966" WIDTH="232" />
<SP HEIGHT="66" HPOS="1641" VPOS="965" WIDTH="23" />
<String CONTENT="Atlanta" HEIGHT="53" HPOS="1665" VPOS="965" WIDTH="242" />
<SP />
<String CONTENT="[etc.]" CS="1" HEIGHT="34" HPOS="2044" VPOS="998" WIDTH="29" />
</TextLine>
<TextLine CS="1" HEIGHT="66" HPOS="77" STYLEREFS="StyleId-F995C4E7-2B63-4A18-83B4-D8C659584411-" VPOS="1045" WIDTH="1012">
<String CONTENT="American" HEIGHT="53" HPOS="77" VPOS="1046" WIDTH="303" />
<SP HEIGHT="52" HPOS="381" VPOS="1045" WIDTH="29" />
<String CONTENT="book" HEIGHT="52" HPOS="411" VPOS="1045" WIDTH="146" />
<SP HEIGHT="51" HPOS="558" VPOS="1045" WIDTH="26" />
<String CONTENT="company" HEIGHT="50" HPOS="585" VPOS="1061" WIDTH="280" />
<SP />
<String CONTENT="[c1936]" CS="1" HEIGHT="33" HPOS="1078" VPOS="1077" WIDTH="11" />
</TextLine>
<TextLine CS="1" HEIGHT="50" HPOS="148" VPOS="1117" WIDTH="1930">
<String CONTENT="xv," HEIGHT="36" HPOS="148" VPOS="1131" WIDTH="77" />
<SP />
<String CONTENT="678" HEIGHT="40" HPOS="253" VPOS="1119" WIDTH="87" />
<SP HEIGHT="48" HPOS="341" VPOS="1119" WIDTH="19" />
<String CONTENT="p." HEIGHT="37" HPOS="361" VPOS="1130" WIDTH="41" />
<SP HEIGHT="41" HPOS="403" VPOS="1119" WIDTH="52" />
<String CONTENT="23" HEIGHT="40" HPOS="456" VPOS="1119" WIDTH="54" />
<String CONTENT="cm." CS="1" STYLE="superscript" />
<SP HEIGHT="48" HPOS="572" VPOS="1118" WIDTH="65" />
<String CONTENT="(Half-title:" HEIGHT="48" HPOS="638" VPOS="1118" WIDTH="300" />
<SP HEIGHT="40" HPOS="939" VPOS="1118" WIDTH="22" />
<String CONTENT="American" HEIGHT="41" HPOS="962" VPOS="1117" WIDTH="255" />
<SP HEIGHT="38" HPOS="1218" VPOS="1119" WIDTH="25" />
<String CONTENT="literature" HEIGHT="41" HPOS="1244" VPOS="1117" WIDTH="258" />
<SP HEIGHT="29" HPOS="1503" VPOS="1129" WIDTH="26" />
<String CONTENT="series;" HEIGHT="46" HPOS="1530" VPOS="1117" WIDTH="177" />
<SP HEIGHT="46" HPOS="1708" VPOS="1117" WIDTH="28" />
<String CONTENT="H." HEIGHT="39" HPOS="1737" VPOS="1117" WIDTH="61" />
<SP HEIGHT="39" HPOS="1799" VPOS="1117" WIDTH="27" />
<String CONTENT="H." HEIGHT="40" HPOS="1827" VPOS="1117" WIDTH="61" />
<SP HEIGHT="41" HPOS="1889" VPOS="1117" WIDTH="24" />
<String CONTENT="Olark," HEIGHT="47" HPOS="1914" VPOS="1117" WIDTH="164" />
</TextLine>
<TextLine HEIGHT="48" HPOS="77" VPOS="1175" WIDTH="407">
<String CONTENT="general" HEIGHT="46" HPOS="77" VPOS="1177" WIDTH="197" />
<SP HEIGHT="39" HPOS="275" VPOS="1177" WIDTH="26" />
<String CONTENT="editor)" HEIGHT="46" HPOS="302" VPOS="1175" WIDTH="182" />
</TextLine>
<TextLine CS="1" HEIGHT="50" HPOS="150" VPOS="1230" WIDTH="833">
<String CONTENT="&#8220;Bibliographies&#8220;:" CS="1" HEIGHT="50" HPOS="150" VPOS="1230" WIDTH="445" />
<SP HEIGHT="38" HPOS="624" VPOS="1242" WIDTH="33" />
<String CONTENT="p." HEIGHT="38" HPOS="658" VPOS="1242" WIDTH="42" />
<SP HEIGHT="30" HPOS="701" VPOS="1250" WIDTH="34" />
<String CONTENT="[447]-664." CS="1" HEIGHT="49" HPOS="749" VPOS="1230" WIDTH="234" />
</TextLine>
<TextLine HEIGHT="53" HPOS="78" VPOS="1285" WIDTH="1803">
<String CONTENT="&#169;" HEIGHT="53" HPOS="78" VPOS="1285" WIDTH="53" />
<SP HEIGHT="53" HPOS="132" VPOS="1285" WIDTH="28" />
<String CONTENT="Mar." HEIGHT="38" HPOS="161" VPOS="1291" WIDTH="122" />
<SP HEIGHT="38" HPOS="284" VPOS="1291" WIDTH="28" />
<String CONTENT="23," HEIGHT="46" HPOS="313" VPOS="1290" WIDTH="69" />
<SP HEIGHT="46" HPOS="383" VPOS="1290" WIDTH="29" />
<String CONTENT="1936;" HEIGHT="44" HPOS="413" VPOS="1289" WIDTH="140" />
<SP HEIGHT="44" HPOS="554" VPOS="1289" WIDTH="32" />
<String CONTENT="2c." HEIGHT="39" HPOS="587" VPOS="1289" WIDTH="67" />
<SP HEIGHT="29" HPOS="655" VPOS="1299" WIDTH="28" />
<String CONTENT="and" HEIGHT="38" HPOS="684" VPOS="1289" WIDTH="94" />
<SP HEIGHT="38" HPOS="779" VPOS="1289" WIDTH="32" />
<String CONTENT="aff." HEIGHT="40" HPOS="812" VPOS="1287" WIDTH="80" />
<SP HEIGHT="38" HPOS="893" VPOS="1289" WIDTH="32" />
<String CONTENT="Mar." HEIGHT="38" HPOS="926" VPOS="1289" WIDTH="121" />
<SP HEIGHT="39" HPOS="1048" VPOS="1288" WIDTH="29" />
<String CONTENT="27;" HEIGHT="46" HPOS="1078" VPOS="1287" WIDTH="82" />
<SP HEIGHT="46" HPOS="1161" VPOS="1287" WIDTH="33" />
<String CONTENT="A" HEIGHT="39" HPOS="1195" VPOS="1287" WIDTH="40" />
<SP HEIGHT="40" HPOS="1236" VPOS="1286" WIDTH="27" />
<String CONTENT="92597:" HEIGHT="41" HPOS="1264" VPOS="1286" WIDTH="171" />
<SP HEIGHT="40" HPOS="1436" VPOS="1287" WIDTH="34" />
<String CONTENT="Amer." HEIGHT="40" HPOS="1471" VPOS="1287" WIDTH="159" />
<SP HEIGHT="39" HPOS="1631" VPOS="1288" WIDTH="28" />
<String CONTENT="book" HEIGHT="40" HPOS="1660" VPOS="1287" WIDTH="121" />
<SP HEIGHT="40" HPOS="1782" VPOS="1287" WIDTH="29" />
<String CONTENT="co." HEIGHT="29" HPOS="1812" VPOS="1298" WIDTH="69" />
</TextLine>
<TextLine HEIGHT="48" HPOS="154" VPOS="1345" WIDTH="250">
<String CONTENT="(36-7856)" HEIGHT="48" HPOS="154" VPOS="1345" WIDTH="250" />
</TextLine>
<TextLine HEIGHT="65" HPOS="77" STYLEREFS="StyleId-919A0B7C-7D08-4F44-9052-6BDCA3D0C585-" VPOS="1435" WIDTH="1081">
<String CONTENT="Thompson," HEIGHT="64" HPOS="77" VPOS="1436" WIDTH="355" />
<SP HEIGHT="62" HPOS="433" VPOS="1437" WIDTH="27" />
<String CONTENT="Daniel" HEIGHT="53" HPOS="461" VPOS="1435" WIDTH="207" />
<SP HEIGHT="53" HPOS="669" VPOS="1435" WIDTH="27" />
<String CONTENT="Varney," HEIGHT="64" HPOS="697" VPOS="1435" WIDTH="257" />
<SP HEIGHT="57" HPOS="955" VPOS="1441" WIDTH="31" />
<String CONTENT="1902-" HEIGHT="50" HPOS="987" VPOS="1440" WIDTH="171" />
</TextLine>
<TextLine HEIGHT="71" HPOS="149" STYLEREFS="StyleId-F995C4E7-2B63-4A18-83B4-D8C659584411-" VPOS="1509" WIDTH="1932">
<String CONTENT="The" HEIGHT="52" HPOS="149" VPOS="1513" WIDTH="122" />
<SP HEIGHT="49" HPOS="272" VPOS="1531" WIDTH="30" />
<String CONTENT="practice" HEIGHT="67" HPOS="303" VPOS="1513" WIDTH="248" />
<SP HEIGHT="34" HPOS="552" VPOS="1530" WIDTH="27" />
<String CONTENT="of" HEIGHT="53" HPOS="580" VPOS="1511" WIDTH="64" />
<SP HEIGHT="52" HPOS="645" VPOS="1511" WIDTH="31" />
<String CONTENT="tempera" HEIGHT="62" HPOS="677" VPOS="1516" WIDTH="252" />
<SP HEIGHT="49" HPOS="930" VPOS="1529" WIDTH="32" />
<String CONTENT="painting," HEIGHT="70" HPOS="963" VPOS="1509" WIDTH="285" />
<SP HEIGHT="68" HPOS="1249" VPOS="1510" WIDTH="30" />
<String CONTENT="by" HEIGHT="68" HPOS="1280" VPOS="1510" WIDTH="73" />
<SP HEIGHT="67" HPOS="1354" VPOS="1511" WIDTH="31" />
<String CONTENT="Daniel" HEIGHT="53" HPOS="1386" VPOS="1510" WIDTH="210" />
<SP HEIGHT="54" HPOS="1597" VPOS="1510" WIDTH="28" />
<String CONTENT="V." HEIGHT="53" HPOS="1626" VPOS="1511" WIDTH="71" />
<SP HEIGHT="52" HPOS="1698" VPOS="1511" WIDTH="32" />
<String CONTENT="Thompson," HEIGHT="69" HPOS="1731" VPOS="1510" WIDTH="350" />
</TextLine>
<TextLine CS="1" HEIGHT="70" HPOS="79" STYLEREFS="StyleId-F995C4E7-2B63-4A18-83B4-D8C659584411-" VPOS="1590" WIDTH="1846">
<String CONTENT="jr." HEIGHT="68" HPOS="79" VPOS="1592" WIDTH="71" />
<SP HEIGHT="11" HPOS="151" VPOS="1636" WIDTH="30" />
<String CONTENT="&#8230;" CS="1" />
<SP HEIGHT="52" HPOS="240" VPOS="1593" WIDTH="30" />
<String CONTENT="illustrated" HEIGHT="55" HPOS="271" VPOS="1591" WIDTH="325" />
<SP HEIGHT="53" HPOS="597" VPOS="1591" WIDTH="25" />
<String CONTENT="by" HEIGHT="68" HPOS="623" VPOS="1591" WIDTH="75" />
<SP HEIGHT="67" HPOS="699" VPOS="1592" WIDTH="26" />
<String CONTENT="Lewis" HEIGHT="55" HPOS="726" VPOS="1590" WIDTH="183" />
<SP HEIGHT="53" HPOS="910" VPOS="1592" WIDTH="28" />
<String CONTENT="E." HEIGHT="52" HPOS="939" VPOS="1592" WIDTH="66" />
<SP HEIGHT="52" HPOS="1006" VPOS="1592" WIDTH="30" />
<String CONTENT="York" HEIGHT="54" HPOS="1037" VPOS="1590" WIDTH="162" />
<SP HEIGHT="52" HPOS="1200" VPOS="1590" WIDTH="31" />
<String CONTENT="&#8230;" CS="1" />
<SP HEIGHT="52" HPOS="1289" VPOS="1591" WIDTH="68" />
<String CONTENT="New" HEIGHT="53" HPOS="1358" VPOS="1591" WIDTH="138" />
<SP HEIGHT="53" HPOS="1497" VPOS="1591" WIDTH="26" />
<String CONTENT="Haven," HEIGHT="65" HPOS="1524" VPOS="1591" WIDTH="226" />
<SP HEIGHT="64" HPOS="1751" VPOS="1592" WIDTH="27" />
<String CONTENT="Yale" HEIGHT="54" HPOS="1779" VPOS="1591" WIDTH="146" />
</TextLine>
<TextLine CS="1" HEIGHT="146" HPOS="81" STYLEREFS="StyleId-F995C4E7-2B63-4A18-83B4-D8C659584411-" VPOS="1591" WIDTH="2000">
<String CONTENT="university" HEIGHT="146" HPOS="81" VPOS="1591" WIDTH="1972" />
<SP HEIGHT="50" HPOS="293" VPOS="1687" WIDTH="36" />
<String CONTENT="press;" HEIGHT="50" HPOS="330" VPOS="1687" WIDTH="183" />
<SP HEIGHT="67" HPOS="514" VPOS="1668" WIDTH="37" />
<String CONTENT="London," HEIGHT="69" HPOS="552" VPOS="1668" WIDTH="258" />
<SP HEIGHT="68" HPOS="811" VPOS="1669" WIDTH="38" />
<String CONTENT="H." HEIGHT="52" HPOS="850" VPOS="1669" WIDTH="77" />
<SP HEIGHT="53" HPOS="928" VPOS="1668" WIDTH="39" />
<String CONTENT="Milford," HEIGHT="68" HPOS="968" VPOS="1667" WIDTH="267" />
<SP HEIGHT="69" HPOS="1236" VPOS="1666" WIDTH="39" />
<String CONTENT="Oxford" HEIGHT="56" HPOS="1276" VPOS="1666" WIDTH="230" />
<SP HEIGHT="52" HPOS="1507" VPOS="1668" WIDTH="38" />
<String CONTENT="university" HEIGHT="69" HPOS="1546" VPOS="1667" WIDTH="318" />
<SP HEIGHT="48" HPOS="1865" VPOS="1688" WIDTH="40" />
<String CONTENT="press," HEIGHT="48" HPOS="1906" VPOS="1688" WIDTH="175" />
</TextLine>
<TextLine HEIGHT="50" HPOS="81" STYLEREFS="StyleId-F995C4E7-2B63-4A18-83B4-D8C659584411-" VPOS="1752" WIDTH="150">
<String CONTENT="1936." HEIGHT="50" HPOS="81" VPOS="1752" WIDTH="150" />
</TextLine>
<TextLine CS="1" HEIGHT="50" HPOS="150" VPOS="1820" WIDTH="1187">
<String CONTENT="x" HEIGHT="29" HPOS="150" VPOS="1833" WIDTH="33" />
<SP HEIGHT="37" HPOS="184" VPOS="1833" WIDTH="21" />
<String CONTENT="p.," HEIGHT="37" HPOS="206" VPOS="1833" WIDTH="57" />
<SP HEIGHT="47" HPOS="264" VPOS="1822" WIDTH="24" />
<String CONTENT="1" HEIGHT="38" HPOS="289" VPOS="1822" WIDTH="25" />
<SP HEIGHT="38" HPOS="315" VPOS="1822" WIDTH="21" />
<String CONTENT="l.," CS="1" />
<SP HEIGHT="48" HPOS="383" VPOS="1821" WIDTH="25" />
<String CONTENT="141" HEIGHT="40" HPOS="409" VPOS="1820" WIDTH="84" />
<SP HEIGHT="48" HPOS="494" VPOS="1820" WIDTH="24" />
<String CONTENT="p." HEIGHT="37" HPOS="519" VPOS="1831" WIDTH="43" />
<SP HEIGHT="41" HPOS="563" VPOS="1820" WIDTH="52" />
<String CONTENT="illus.," HEIGHT="49" HPOS="616" VPOS="1820" WIDTH="144" />
<SP HEIGHT="37" HPOS="761" VPOS="1832" WIDTH="25" />
<String CONTENT="plates," HEIGHT="49" HPOS="787" VPOS="1820" WIDTH="172" />
<SP HEIGHT="48" HPOS="960" VPOS="1821" WIDTH="25" />
<String CONTENT="diagrs." HEIGHT="48" HPOS="986" VPOS="1820" WIDTH="178" />
<SP HEIGHT="40" HPOS="1165" VPOS="1820" WIDTH="53" />
<String CONTENT="24" HEIGHT="40" HPOS="1219" VPOS="1820" WIDTH="57" />
<String CONTENT="cm" HEIGHT="22" HPOS="1279" STYLE="superscript" VPOS="1822" WIDTH="44" />
<String CONTENT="." HEIGHT="8" HPOS="1328" VPOS="1852" WIDTH="9" />
</TextLine>
<TextLine HEIGHT="48" HPOS="153" VPOS="1876" WIDTH="1927">
<String CONTENT="&#8220;The" HEIGHT="39" HPOS="153" VPOS="1879" WIDTH="131" />
<SP HEIGHT="41" HPOS="285" VPOS="1877" WIDTH="27" />
<String CONTENT="basis" HEIGHT="41" HPOS="313" VPOS="1876" WIDTH="131" />
<SP HEIGHT="30" HPOS="445" VPOS="1887" WIDTH="26" />
<String CONTENT="of" HEIGHT="39" HPOS="472" VPOS="1877" WIDTH="54" />
<SP HEIGHT="39" HPOS="527" VPOS="1877" WIDTH="29" />
<String CONTENT="the" HEIGHT="39" HPOS="557" VPOS="1878" WIDTH="80" />
<SP HEIGHT="30" HPOS="638" VPOS="1887" WIDTH="32" />
<String CONTENT="method" HEIGHT="39" HPOS="671" VPOS="1878" WIDTH="194" />
<SP HEIGHT="39" HPOS="866" VPOS="1878" WIDTH="25" />
<String CONTENT="that" HEIGHT="40" HPOS="892" VPOS="1878" WIDTH="110" />
<SP HEIGHT="38" HPOS="1003" VPOS="1879" WIDTH="29" />
<String CONTENT="this" HEIGHT="40" HPOS="1033" VPOS="1877" WIDTH="99" />
<SP HEIGHT="40" HPOS="1133" VPOS="1877" WIDTH="31" />
<String CONTENT="book" HEIGHT="40" HPOS="1165" VPOS="1877" WIDTH="123" />
<SP HEIGHT="40" HPOS="1289" VPOS="1877" WIDTH="29" />
<String CONTENT="endeavors" HEIGHT="40" HPOS="1319" VPOS="1877" WIDTH="267" />
<SP HEIGHT="39" HPOS="1587" VPOS="1877" WIDTH="30" />
<String CONTENT="to" HEIGHT="39" HPOS="1618" VPOS="1877" WIDTH="48" />
<SP HEIGHT="29" HPOS="1667" VPOS="1887" WIDTH="28" />
<String CONTENT="explain" HEIGHT="48" HPOS="1696" VPOS="1876" WIDTH="195" />
<SP HEIGHT="39" HPOS="1892" VPOS="1877" WIDTH="30" />
<String CONTENT="is" HEIGHT="39" HPOS="1923" VPOS="1877" WIDTH="41" />
<SP HEIGHT="38" HPOS="1965" VPOS="1879" WIDTH="33" />
<String CONTENT="the" HEIGHT="38" HPOS="1999" VPOS="1879" WIDTH="81" />
</TextLine>
<TextLine CS="1" HEIGHT="99" HPOS="81" VPOS="1932" WIDTH="1980">
<String CONTENT="account" HEIGHT="40" HPOS="81" VPOS="1935" WIDTH="206" />
<SP HEIGHT="39" HPOS="288" VPOS="1935" WIDTH="22" />
<String CONTENT="of" HEIGHT="40" HPOS="311" VPOS="1934" WIDTH="52" />
<SP HEIGHT="41" HPOS="364" VPOS="1933" WIDTH="26" />
<String CONTENT="Giottesque" HEIGHT="49" HPOS="391" VPOS="1932" WIDTH="281" />
<SP HEIGHT="39" HPOS="673" VPOS="1935" WIDTH="27" />
<String CONTENT="tempera" HEIGHT="46" HPOS="701" VPOS="1935" WIDTH="213" />
<SP HEIGHT="37" HPOS="915" VPOS="1944" WIDTH="28" />
<String CONTENT="painting" HEIGHT="48" HPOS="944" VPOS="1933" WIDTH="222" />
<SP HEIGHT="37" HPOS="1167" VPOS="1944" WIDTH="25" />
<String CONTENT="given" HEIGHT="48" HPOS="1193" VPOS="1933" WIDTH="139" />
<SP HEIGHT="39" HPOS="1333" VPOS="1933" WIDTH="26" />
<String CONTENT="by" HEIGHT="47" HPOS="1360" VPOS="1933" WIDTH="62" />
<SP HEIGHT="48" HPOS="1423" VPOS="1932" WIDTH="27" />
<String CONTENT="Cennino" HEIGHT="41" HPOS="1451" VPOS="1932" WIDTH="215" />
<SP HEIGHT="39" HPOS="1667" VPOS="1934" WIDTH="26" />
<String CONTENT="d&#8217;Andrea" HEIGHT="41" HPOS="1694" VPOS="1932" WIDTH="241" />
<SP HEIGHT="40" HPOS="1936" VPOS="1934" WIDTH="29" />
<String CONTENT="Cennini" HEIGHT="97" HPOS="81" VPOS="1934" WIDTH="1980" />
</TextLine>
<TextLine HEIGHT="43" HPOS="210" VPOS="1988" WIDTH="846">
<String CONTENT="in" HEIGHT="39" HPOS="210" LANG="en-US" VPOS="1991" WIDTH="50" />
<SP HEIGHT="39" HPOS="261" VPOS="1991" WIDTH="21" />
<String CONTENT="his" HEIGHT="41" HPOS="283" LANG="en-US" VPOS="1990" WIDTH="78" />
<SP HEIGHT="41" HPOS="362" VPOS="1990" WIDTH="24" />
<String CONTENT="&#8216;Libro" HEIGHT="42" HPOS="387" LANG="de" VPOS="1988" WIDTH="157" />
<SP HEIGHT="40" HPOS="545" VPOS="1990" WIDTH="22" />
<String CONTENT="dell&#8217;" HEIGHT="42" HPOS="568" LANG="en-US" VPOS="1988" WIDTH="111" />
<SP HEIGHT="41" HPOS="680" VPOS="1988" WIDTH="17" />
<String CONTENT="arte&#8217;.&#8220;&#8212;Pref." HEIGHT="42" HPOS="698" LANG="en-US" VPOS="1988" WIDTH="358" />
</TextLine>
<TextLine HEIGHT="51" HPOS="154" VPOS="2044" WIDTH="1927">
<String CONTENT="&#8220;Appendix." HEIGHT="50" HPOS="154" VPOS="2045" WIDTH="295" />
<SP HEIGHT="40" HPOS="450" VPOS="2046" WIDTH="60" />
<String CONTENT="Tempera" HEIGHT="47" HPOS="511" VPOS="2046" WIDTH="237" />
<SP HEIGHT="39" HPOS="749" VPOS="2055" WIDTH="33" />
<String CONTENT="practice" HEIGHT="49" HPOS="783" VPOS="2045" WIDTH="213" />
<SP HEIGHT="39" HPOS="997" VPOS="2045" WIDTH="33" />
<String CONTENT="in" HEIGHT="39" HPOS="1031" VPOS="2045" WIDTH="49" />
<SP HEIGHT="39" HPOS="1081" VPOS="2046" WIDTH="33" />
<String CONTENT="the" HEIGHT="40" HPOS="1115" VPOS="2045" WIDTH="82" />
<SP HEIGHT="40" HPOS="1198" VPOS="2045" WIDTH="27" />
<String CONTENT="Yale" HEIGHT="41" HPOS="1226" VPOS="2044" WIDTH="120" />
<SP HEIGHT="30" HPOS="1347" VPOS="2055" WIDTH="34" />
<String CONTENT="art" HEIGHT="39" HPOS="1382" VPOS="2045" WIDTH="79" />
<SP HEIGHT="39" HPOS="1462" VPOS="2045" WIDTH="33" />
<String CONTENT="school" HEIGHT="40" HPOS="1496" VPOS="2045" WIDTH="161" />
<SP HEIGHT="48" HPOS="1658" VPOS="2046" WIDTH="37" />
<String CONTENT="[by]" HEIGHT="49" HPOS="1696" VPOS="2045" WIDTH="90" />
<SP HEIGHT="48" HPOS="1787" VPOS="2046" WIDTH="38" />
<String CONTENT="Professor" HEIGHT="40" HPOS="1826" VPOS="2046" WIDTH="255" />
</TextLine>
<TextLine CS="1" HEIGHT="51" HPOS="81" VPOS="2100" WIDTH="803">
<String CONTENT="Lewis" HEIGHT="41" HPOS="81" VPOS="2102" WIDTH="157" />
<SP HEIGHT="39" HPOS="239" VPOS="2104" WIDTH="24" />
<String CONTENT="E." HEIGHT="39" HPOS="264" VPOS="2104" WIDTH="54" />
<SP HEIGHT="41" HPOS="319" VPOS="2102" WIDTH="26" />
<String CONTENT="York&#8220;:" HEIGHT="43" HPOS="346" VPOS="2100" WIDTH="186" />
<SP HEIGHT="37" HPOS="533" VPOS="2112" WIDTH="28" />
<String CONTENT="p." HEIGHT="36" HPOS="562" VPOS="2113" WIDTH="42" />
<SP HEIGHT="31" HPOS="605" VPOS="2120" WIDTH="30" />
<String CONTENT="[132]-138." CS="1" HEIGHT="50" HPOS="649" VPOS="2100" WIDTH="235" />
</TextLine>
<TextLine HEIGHT="53" HPOS="81" VPOS="2156" WIDTH="1999">
<String CONTENT="&#169;" HEIGHT="53" HPOS="81" VPOS="2156" WIDTH="53" />
<SP HEIGHT="53" HPOS="135" VPOS="2156" WIDTH="29" />
<String CONTENT="Mar." HEIGHT="38" HPOS="165" VPOS="2161" WIDTH="121" />
<SP HEIGHT="39" HPOS="287" VPOS="2160" WIDTH="29" />
<String CONTENT="10," HEIGHT="47" HPOS="317" VPOS="2159" WIDTH="68" />
<SP HEIGHT="46" HPOS="386" VPOS="2160" WIDTH="30" />
<String CONTENT="1936;" HEIGHT="46" HPOS="417" VPOS="2159" WIDTH="140" />
<SP HEIGHT="45" HPOS="558" VPOS="2160" WIDTH="31" />
<String CONTENT="2c." HEIGHT="38" HPOS="590" VPOS="2160" WIDTH="66" />
<SP HEIGHT="39" HPOS="657" VPOS="2159" WIDTH="32" />
<String CONTENT="Mar." HEIGHT="39" HPOS="690" VPOS="2159" WIDTH="121" />
<SP HEIGHT="38" HPOS="812" VPOS="2158" WIDTH="29" />
<String CONTENT="18;" HEIGHT="46" HPOS="842" VPOS="2158" WIDTH="82" />
<SP HEIGHT="36" HPOS="925" VPOS="2168" WIDTH="32" />
<String CONTENT="aff." HEIGHT="40" HPOS="958" VPOS="2157" WIDTH="83" />
<SP HEIGHT="39" HPOS="1042" VPOS="2158" WIDTH="28" />
<String CONTENT="Mar." HEIGHT="39" HPOS="1071" VPOS="2158" WIDTH="122" />
<SP HEIGHT="39" HPOS="1194" VPOS="2158" WIDTH="31" />
<String CONTENT="17;" HEIGHT="46" HPOS="1226" VPOS="2158" WIDTH="81" />
<SP HEIGHT="46" HPOS="1308" VPOS="2158" WIDTH="32" />
<String CONTENT="A" HEIGHT="38" HPOS="1341" VPOS="2158" WIDTH="41" />
<SP HEIGHT="40" HPOS="1383" VPOS="2156" WIDTH="28" />
<String CONTENT="93236;" HEIGHT="48" HPOS="1412" VPOS="2156" WIDTH="171" />
<SP HEIGHT="45" HPOS="1584" VPOS="2159" WIDTH="32" />
<String CONTENT="Yale" HEIGHT="40" HPOS="1617" VPOS="2159" WIDTH="120" />
<SP HEIGHT="30" HPOS="1738" VPOS="2169" WIDTH="29" />
<String CONTENT="univ." HEIGHT="40" HPOS="1768" VPOS="2159" WIDTH="128" />
<SP HEIGHT="35" HPOS="1897" VPOS="2172" WIDTH="33" />
<String CONTENT="press." HEIGHT="39" HPOS="1931" VPOS="2168" WIDTH="149" />
</TextLine>
<TextLine HEIGHT="50" HPOS="159" VPOS="2215" WIDTH="250">
<String CONTENT="(36-7972)" HEIGHT="50" HPOS="159" VPOS="2215" WIDTH="250" />
</TextLine>
<TextLine HEIGHT="67" HPOS="81" STYLEREFS="StyleId-F995C4E7-2B63-4A18-83B4-D8C659584411-" VPOS="2303" WIDTH="979">
<String CONTENT="Tirala," HEIGHT="66" HPOS="81" LANG="en-US" VPOS="2304" WIDTH="214" />
<SP HEIGHT="64" HPOS="296" VPOS="2306" WIDTH="27" />
<String CONTENT="Lothar" HEIGHT="53" HPOS="324" LANG="de" VPOS="2305" WIDTH="225" />
<SP HEIGHT="53" HPOS="550" VPOS="2305" WIDTH="28" />
<String CONTENT="Gottlieb," HEIGHT="65" HPOS="579" LANG="en-US" VPOS="2303" WIDTH="277" />
<SP HEIGHT="57" HPOS="857" VPOS="2311" WIDTH="31" />
<String CONTENT="1886-" HEIGHT="49" HPOS="889" LANG="en-US" VPOS="2310" WIDTH="171" />
</TextLine>
<TextLine HEIGHT="71" HPOS="151" STYLEREFS="StyleId-F995C4E7-2B63-4A18-83B4-D8C659584411-" VPOS="2378" WIDTH="1929">
<String CONTENT="Rasse," HEIGHT="67" HPOS="151" LANG="en-US" VPOS="2381" WIDTH="191" />
<SP HEIGHT="49" HPOS="343" VPOS="2400" WIDTH="28" />
<String CONTENT="geist" HEIGHT="68" HPOS="372" LANG="en-US" VPOS="2381" WIDTH="145" />
<SP HEIGHT="46" HPOS="518" VPOS="2387" WIDTH="25" />
<String CONTENT="und" HEIGHT="52" HPOS="544" LANG="de" VPOS="2381" WIDTH="120" />
<SP HEIGHT="52" HPOS="665" VPOS="2381" WIDTH="28" />
<String CONTENT="seele," HEIGHT="67" HPOS="694" LANG="en-US" VPOS="2380" WIDTH="157" />
<SP HEIGHT="48" HPOS="852" VPOS="2399" WIDTH="29" />
<String CONTENT="von" HEIGHT="34" HPOS="882" LANG="en-US" VPOS="2398" WIDTH="110" />
<SP HEIGHT="52" HPOS="993" VPOS="2380" WIDTH="30" />
<String CONTENT="dr." HEIGHT="52" HPOS="1024" LANG="en-US" VPOS="2380" WIDTH="83" />
<SP HEIGHT="49" HPOS="1108" VPOS="2398" WIDTH="34" />
<String CONTENT="phil." HEIGHT="69" HPOS="1143" LANG="en-US" VPOS="2378" WIDTH="138" />
<SP HEIGHT="34" HPOS="1282" VPOS="2398" WIDTH="33" />
<String CONTENT="et" HEIGHT="47" HPOS="1316" LANG="de" VPOS="2385" WIDTH="53" />
<SP HEIGHT="47" HPOS="1370" VPOS="2385" WIDTH="29" />
<String CONTENT="med." HEIGHT="53" HPOS="1400" LANG="en-US" VPOS="2379" WIDTH="143" />
<SP HEIGHT="52" HPOS="1544" VPOS="2380" WIDTH="31" />
<String CONTENT="Lothar" HEIGHT="52" HPOS="1576" LANG="de" VPOS="2380" WIDTH="219" />
<SP HEIGHT="54" HPOS="1796" VPOS="2379" WIDTH="30" />
<String CONTENT="Gottlieb" HEIGHT="55" HPOS="1827" LANG="en-US" VPOS="2378" WIDTH="253" />
</TextLine>
<TextLine CS="1" HEIGHT="68" HPOS="84" STYLEREFS="StyleId-F995C4E7-2B63-4A18-83B4-D8C659584411-" VPOS="2457" WIDTH="1995">
<String CONTENT="Tirala" HEIGHT="53" HPOS="84" LANG="en-US" VPOS="2458" WIDTH="195" />
<SP HEIGHT="33" HPOS="280" VPOS="2478" WIDTH="33" />
<String CONTENT="&#8230;" CS="1" LANG="en-US" />
<SP HEIGHT="53" HPOS="370" VPOS="2458" WIDTH="76" />
<String CONTENT="Mit" HEIGHT="52" HPOS="447" LANG="de" VPOS="2458" WIDTH="114" />
<SP HEIGHT="48" HPOS="562" VPOS="2462" WIDTH="25" />
<String CONTENT="24" HEIGHT="48" HPOS="588" LANG="en-US" VPOS="2462" WIDTH="67" />
<SP HEIGHT="49" HPOS="656" VPOS="2462" WIDTH="25" />
<String CONTENT="abbildungen" HEIGHT="68" HPOS="682" LANG="en-US" VPOS="2457" WIDTH="386" />
<SP HEIGHT="33" HPOS="1069" VPOS="2476" WIDTH="26" />
<String CONTENT="auf" HEIGHT="52" HPOS="1096" LANG="de" VPOS="2457" WIDTH="103" />
<SP HEIGHT="53" HPOS="1200" VPOS="2457" WIDTH="29" />
<String CONTENT="16" HEIGHT="49" HPOS="1230" LANG="en-US" VPOS="2461" WIDTH="63" />
<SP HEIGHT="49" HPOS="1294" VPOS="2461" WIDTH="25" />
<String CONTENT="tafeln." HEIGHT="52" HPOS="1320" LANG="de" VPOS="2457" WIDTH="201" />
<SP HEIGHT="52" HPOS="1522" VPOS="2457" WIDTH="73" />
<String CONTENT="M&#252;nchen," HEIGHT="68" HPOS="1596" LANG="de" VPOS="2457" WIDTH="306" />
<SP HEIGHT="66" HPOS="1903" VPOS="2459" WIDTH="26" />
<String CONTENT="J." HEIGHT="53" HPOS="1930" LANG="en-US" VPOS="2459" WIDTH="54" />
<SP HEIGHT="51" HPOS="1985" VPOS="2459" WIDTH="30" />
<String CONTENT="F." HEIGHT="51" HPOS="2016" LANG="en-US" VPOS="2459" WIDTH="63" />
</TextLine>
<TextLine HEIGHT="66" HPOS="82" STYLEREFS="StyleId-F995C4E7-2B63-4A18-83B4-D8C659584411-" VPOS="2536" WIDTH="488">
<String CONTENT="Lehmann," HEIGHT="66" HPOS="82" VPOS="2536" WIDTH="312" />
<SP HEIGHT="63" HPOS="395" VPOS="2539" WIDTH="26" />
<String CONTENT="1935." HEIGHT="49" HPOS="422" VPOS="2539" WIDTH="148" />
</TextLine>
<TextLine CS="1" HEIGHT="49" HPOS="156" VPOS="2606" WIDTH="757">
<String CONTENT="256" HEIGHT="41" HPOS="156" VPOS="2606" WIDTH="87" />
<SP HEIGHT="48" HPOS="244" VPOS="2607" WIDTH="22" />
<String CONTENT="p." HEIGHT="38" HPOS="267" VPOS="2617" WIDTH="44" />
<SP HEIGHT="40" HPOS="312" VPOS="2607" WIDTH="57" />
<String CONTENT="16" HEIGHT="40" HPOS="370" VPOS="2607" WIDTH="56" />
<SP HEIGHT="48" HPOS="427" VPOS="2607" WIDTH="25" />
<String CONTENT="pl.," CS="1" HEIGHT="37" HPOS="453" VPOS="2618" WIDTH="76" />
<SP HEIGHT="46" HPOS="530" VPOS="2608" WIDTH="26" />
<String CONTENT="diagrs." HEIGHT="48" HPOS="557" VPOS="2606" WIDTH="179" />
<SP HEIGHT="38" HPOS="737" VPOS="2607" WIDTH="58" />
<String CONTENT="23" HEIGHT="40" HPOS="796" VPOS="2606" WIDTH="56" />
<String CONTENT="cm" HEIGHT="21" HPOS="855" STYLE="superscript" VPOS="2608" WIDTH="44" />
<String CONTENT="." HEIGHT="8" HPOS="904" VPOS="2638" WIDTH="9" />
</TextLine>
<TextLine CS="1" HEIGHT="51" HPOS="156" VPOS="2662" WIDTH="1057">
<String CONTENT="&#8220;Schrifttumsverzeichnis&#8220;:" CS="1" HEIGHT="42" HPOS="156" LANG="de" VPOS="2662" WIDTH="677" />
<SP HEIGHT="37" HPOS="863" VPOS="2674" WIDTH="28" />
<String CONTENT="p." HEIGHT="36" HPOS="892" LANG="en-US" VPOS="2675" WIDTH="43" />
<SP HEIGHT="29" HPOS="936" VPOS="2683" WIDTH="30" />
<String CONTENT="[241]-251." HEIGHT="50" HPOS="967" LANG="en-US" VPOS="2663" WIDTH="246" />
</TextLine>
<TextLine CS="1" HEIGHT="53" HPOS="83" VPOS="2719" WIDTH="2000">
<String CONTENT="&#169;" HEIGHT="53" HPOS="83" VPOS="2719" WIDTH="53" />
<SP HEIGHT="53" HPOS="137" VPOS="2719" WIDTH="28" />
<String CONTENT="Sept." HEIGHT="47" HPOS="166" VPOS="2724" WIDTH="126" />
<SP HEIGHT="39" HPOS="293" VPOS="2724" WIDTH="27" />
<String CONTENT="18," HEIGHT="46" HPOS="321" VPOS="2724" WIDTH="69" />
<SP HEIGHT="46" HPOS="391" VPOS="2724" WIDTH="25" />
<String CONTENT="1935;" HEIGHT="47" HPOS="417" VPOS="2722" WIDTH="140" />
<SP />
<String CONTENT="1c." CS="1" />
<SP />
<String CONTENT="Dec." HEIGHT="38" HPOS="683" VPOS="2724" WIDTH="110" />
<SP HEIGHT="38" HPOS="794" VPOS="2724" WIDTH="28" />
<String CONTENT="7;" HEIGHT="43" HPOS="823" VPOS="2724" WIDTH="52" />
<SP HEIGHT="44" HPOS="876" VPOS="2723" WIDTH="27" />
<String CONTENT="A-Foreign" HEIGHT="49" HPOS="904" VPOS="2721" WIDTH="309" />
<SP HEIGHT="39" HPOS="1214" VPOS="2724" WIDTH="25" />
<String CONTENT="30215;" HEIGHT="46" HPOS="1240" VPOS="2723" WIDTH="172" />
<SP HEIGHT="45" HPOS="1413" VPOS="2724" WIDTH="30" />
<String CONTENT="J." HEIGHT="40" HPOS="1444" VPOS="2724" WIDTH="42" />
<SP HEIGHT="41" HPOS="1487" VPOS="2723" WIDTH="29" />
<String CONTENT="F." HEIGHT="40" HPOS="1517" VPOS="2723" WIDTH="52" />
<SP HEIGHT="39" HPOS="1570" VPOS="2724" WIDTH="28" />
<String CONTENT="Lehmanns" HEIGHT="41" HPOS="1599" VPOS="2723" WIDTH="274" />
<SP HEIGHT="29" HPOS="1874" VPOS="2735" WIDTH="26" />
<String CONTENT="verlag." HEIGHT="45" HPOS="1901" VPOS="2725" WIDTH="182" />
</TextLine>
<TextLine HEIGHT="48" HPOS="167" VPOS="2779" WIDTH="249">
<String CONTENT="(36-7819)" HEIGHT="48" HPOS="167" VPOS="2779" WIDTH="249" />
</TextLine>
<TextLine HEIGHT="65" HPOS="84" STYLEREFS="StyleId-919A0B7C-7D08-4F44-9052-6BDCA3D0C585-" VPOS="2870" WIDTH="1038">
<String CONTENT="Udall," HEIGHT="65" HPOS="84" VPOS="2870" WIDTH="189" />
<SP HEIGHT="64" HPOS="274" VPOS="2871" WIDTH="24" />
<String CONTENT="Denney" HEIGHT="64" HPOS="299" VPOS="2871" WIDTH="243" />
<SP HEIGHT="63" HPOS="543" VPOS="2872" WIDTH="25" />
<String CONTENT="Hammond," HEIGHT="64" HPOS="569" VPOS="2871" WIDTH="353" />
<SP HEIGHT="58" HPOS="923" VPOS="2877" WIDTH="29" />
<String CONTENT="1874-" HEIGHT="51" HPOS="953" VPOS="2875" WIDTH="169" />
</TextLine>
<TextLine CS="1" HEIGHT="69" HPOS="155" STYLEREFS="StyleId-F995C4E7-2B63-4A18-83B4-D8C659584411-" VPOS="2946" WIDTH="1865">
<String CONTENT="The" HEIGHT="52" HPOS="155" VPOS="2948" WIDTH="121" />
<SP HEIGHT="49" HPOS="277" VPOS="2966" WIDTH="43" />
<String CONTENT="practice" HEIGHT="67" HPOS="321" VPOS="2948" WIDTH="246" />
<SP HEIGHT="33" HPOS="568" VPOS="2965" WIDTH="43" />
<String CONTENT="of" HEIGHT="50" HPOS="612" VPOS="2948" WIDTH="64" />
<SP HEIGHT="51" HPOS="677" VPOS="2948" WIDTH="43" />
<String CONTENT="veterinary" HEIGHT="68" HPOS="721" VPOS="2946" WIDTH="322" />
<SP HEIGHT="48" HPOS="1044" VPOS="2966" WIDTH="45" />
<String CONTENT="medicine," HEIGHT="66" HPOS="1090" VPOS="2946" WIDTH="294" />
<SP HEIGHT="65" HPOS="1385" VPOS="2947" WIDTH="45" />
<String CONTENT="by" HEIGHT="66" HPOS="1431" VPOS="2947" WIDTH="72" />
<SP HEIGHT="66" HPOS="1504" VPOS="2947" WIDTH="45" />
<String CONTENT="D." HEIGHT="52" HPOS="1550" VPOS="2947" WIDTH="71" />
<SP HEIGHT="52" HPOS="1622" VPOS="2947" WIDTH="43" />
<String CONTENT="H." HEIGHT="52" HPOS="1666" VPOS="2947" WIDTH="77" />
<SP HEIGHT="53" HPOS="1744" VPOS="2947" WIDTH="44" />
<String CONTENT="Udall" HEIGHT="53" HPOS="1789" VPOS="2947" WIDTH="178" />
<SP HEIGHT="51" HPOS="1968" VPOS="2948" WIDTH="52" />
<String CONTENT="&#8230;" CS="1" />
</TextLine>
<TextLine CS="1" HEIGHT="143" HPOS="85" STYLEREFS="StyleId-F995C4E7-2B63-4A18-83B4-D8C659584411-" VPOS="3023" WIDTH="1974">
<String CONTENT="with" HEIGHT="52" HPOS="86" VPOS="3024" WIDTH="142" />
<SP HEIGHT="52" HPOS="229" VPOS="3025" WIDTH="29" />
<String CONTENT="eighty-one" HEIGHT="62" HPOS="259" VPOS="3024" WIDTH="326" />
<SP HEIGHT="53" HPOS="586" VPOS="3024" WIDTH="32" />
<String CONTENT="illustrations." HEIGHT="53" HPOS="619" VPOS="3023" WIDTH="392" />
<SP HEIGHT="50" HPOS="1012" VPOS="3026" WIDTH="72" />
<String CONTENT="2d" HEIGHT="51" HPOS="1085" VPOS="3024" WIDTH="73" />
<SP HEIGHT="52" HPOS="1159" VPOS="3024" WIDTH="32" />
<String CONTENT="ed." HEIGHT="52" HPOS="1192" VPOS="3024" WIDTH="83" />
<SP HEIGHT="52" HPOS="1276" VPOS="3024" WIDTH="75" />
<String CONTENT="Ithaca," HEIGHT="62" HPOS="1352" VPOS="3024" WIDTH="220" />
<SP HEIGHT="62" HPOS="1573" VPOS="3024" WIDTH="29" />
<String CONTENT="N." HEIGHT="54" HPOS="1603" VPOS="3024" WIDTH="69" />
<SP HEIGHT="54" HPOS="1673" VPOS="3024" WIDTH="35" />
<String CONTENT="Y.," HEIGHT="62" HPOS="1709" VPOS="3024" WIDTH="89" />
<SP HEIGHT="60" HPOS="1799" VPOS="3026" WIDTH="31" />
<String CONTENT="The" HEIGHT="53" HPOS="1831" VPOS="3025" WIDTH="121" />
<SP HEIGHT="36" HPOS="1953" VPOS="3042" WIDTH="34" />
<String CONTENT="author," HEIGHT="124" HPOS="85" VPOS="3042" WIDTH="1974" />
<SP HEIGHT="61" HPOS="235" VPOS="3105" WIDTH="27" />
<String CONTENT="1936." HEIGHT="50" HPOS="263" VPOS="3104" WIDTH="148" />
</TextLine>
<TextLine CS="1" HEIGHT="49" HPOS="156" VPOS="3171" WIDTH="568">
<String CONTENT="273," HEIGHT="48" HPOS="156" VPOS="3171" WIDTH="98" />
<SP HEIGHT="29" HPOS="255" VPOS="3191" WIDTH="33" />
<String CONTENT="[7]" HEIGHT="47" HPOS="289" VPOS="3173" WIDTH="54" />
<SP HEIGHT="37" HPOS="344" VPOS="3183" WIDTH="32" />
<String CONTENT="p." HEIGHT="36" HPOS="377" VPOS="3183" WIDTH="42" />
<SP HEIGHT="38" HPOS="420" VPOS="3172" WIDTH="59" />
<String CONTENT="illus." HEIGHT="39" HPOS="480" VPOS="3172" WIDTH="127" />
<SP HEIGHT="39" HPOS="608" VPOS="3172" WIDTH="60" />
<String CONTENT="28" HEIGHT="40" HPOS="669" VPOS="3172" WIDTH="55" />
<String CONTENT="cm." CS="1" STYLE="superscript" />
</TextLine>
<TextLine HEIGHT="48" HPOS="156" VPOS="3228" WIDTH="1926">
<String CONTENT="&#8220;Descriptions" HEIGHT="48" HPOS="156" VPOS="3228" WIDTH="361" />
<SP HEIGHT="29" HPOS="518" VPOS="3239" WIDTH="26" />
<String CONTENT="of" HEIGHT="39" HPOS="545" VPOS="3229" WIDTH="50" />
<SP HEIGHT="39" HPOS="596" VPOS="3229" WIDTH="29" />
<String CONTENT="the" HEIGHT="38" HPOS="626" VPOS="3230" WIDTH="81" />
<SP HEIGHT="28" HPOS="708" VPOS="3240" WIDTH="29" />
<String CONTENT="various" HEIGHT="39" HPOS="738" VPOS="3230" WIDTH="194" />
<SP HEIGHT="39" HPOS="933" VPOS="3230" WIDTH="30" />
<String CONTENT="internal" HEIGHT="39" HPOS="964" VPOS="3230" WIDTH="212" />
<SP HEIGHT="40" HPOS="1177" VPOS="3230" WIDTH="27" />
<String CONTENT="diseases" HEIGHT="41" HPOS="1205" VPOS="3230" WIDTH="215" />
<SP HEIGHT="29" HPOS="1421" VPOS="3241" WIDTH="27" />
<String CONTENT="of" HEIGHT="40" HPOS="1449" VPOS="3230" WIDTH="52" />
<SP HEIGHT="40" HPOS="1502" VPOS="3230" WIDTH="24" />
<String CONTENT="herbivorous" HEIGHT="40" HPOS="1527" VPOS="3231" WIDTH="317" />
<SP HEIGHT="30" HPOS="1845" VPOS="3242" WIDTH="27" />
<String CONTENT="animals" HEIGHT="40" HPOS="1873" VPOS="3232" WIDTH="209" />
</TextLine>
<TextLine HEIGHT="40" HPOS="88" VPOS="3285" WIDTH="508">
<String CONTENT="and" HEIGHT="40" HPOS="88" VPOS="3285" WIDTH="95" />
<SP HEIGHT="40" HPOS="184" VPOS="3285" WIDTH="28" />
<String CONTENT="swine.&#8220;&#8212;Pref." HEIGHT="40" HPOS="213" VPOS="3285" WIDTH="383" />
</TextLine>
<TextLine HEIGHT="54" HPOS="88" VPOS="3341" WIDTH="1996">
<String CONTENT="&#169;" HEIGHT="52" HPOS="88" VPOS="3341" WIDTH="53" />
<SP HEIGHT="52" HPOS="142" VPOS="3341" WIDTH="25" />
<String CONTENT="Feb." HEIGHT="40" HPOS="168" VPOS="3345" WIDTH="110" />
<SP HEIGHT="38" HPOS="279" VPOS="3347" WIDTH="23" />
<String CONTENT="4." HEIGHT="38" HPOS="303" VPOS="3347" WIDTH="40" />
<SP HEIGHT="40" HPOS="344" VPOS="3345" WIDTH="26" />
<String CONTENT="1936;" HEIGHT="45" HPOS="371" VPOS="3345" WIDTH="140" />
<SP HEIGHT="45" HPOS="512" VPOS="3345" WIDTH="28" />
<String CONTENT="2c." HEIGHT="39" HPOS="541" VPOS="3345" WIDTH="66" />
<SP HEIGHT="39" HPOS="608" VPOS="3345" WIDTH="29" />
<String CONTENT="Feb." HEIGHT="40" HPOS="638" VPOS="3345" WIDTH="111" />
<SP HEIGHT="39" HPOS="750" VPOS="3346" WIDTH="26" />
<String CONTENT="19;" HEIGHT="42" HPOS="777" VPOS="3344" WIDTH="81" />
<SP HEIGHT="31" HPOS="859" VPOS="3355" WIDTH="29" />
<String CONTENT="aff." HEIGHT="40" HPOS="889" VPOS="3345" WIDTH="82" />
<SP HEIGHT="39" HPOS="972" VPOS="3346" WIDTH="25" />
<String CONTENT="Mar." HEIGHT="39" HPOS="998" VPOS="3346" WIDTH="121" />
<SP HEIGHT="40" HPOS="1120" VPOS="3345" WIDTH="28" />
<String CONTENT="11;" HEIGHT="46" HPOS="1149" VPOS="3345" WIDTH="81" />
<SP HEIGHT="45" HPOS="1231" VPOS="3346" WIDTH="28" />
<String CONTENT="A" HEIGHT="38" HPOS="1260" VPOS="3346" WIDTH="41" />
<SP HEIGHT="40" HPOS="1302" VPOS="3345" WIDTH="25" />
<String CONTENT="93201;" HEIGHT="47" HPOS="1328" VPOS="3345" WIDTH="170" />
<SP HEIGHT="45" HPOS="1499" VPOS="3347" WIDTH="29" />
<String CONTENT="D." HEIGHT="39" HPOS="1529" VPOS="3347" WIDTH="57" />
<SP HEIGHT="39" HPOS="1587" VPOS="3347" WIDTH="27" />
<String CONTENT="H." HEIGHT="40" HPOS="1615" VPOS="3347" WIDTH="61" />
<SP HEIGHT="39" HPOS="1677" VPOS="3348" WIDTH="29" />
<String CONTENT="Udall," HEIGHT="47" HPOS="1707" VPOS="3348" WIDTH="158" />
<SP HEIGHT="46" HPOS="1866" VPOS="3349" WIDTH="29" />
<String CONTENT="Ithaca," HEIGHT="46" HPOS="1896" VPOS="3349" WIDTH="188" />
</TextLine>
<TextLine HEIGHT="49" HPOS="158" VPOS="3400" WIDTH="452">
<String CONTENT="N." HEIGHT="39" HPOS="158" VPOS="3402" WIDTH="56" />
<SP HEIGHT="39" HPOS="215" VPOS="3402" WIDTH="26" />
<String CONTENT="Y." HEIGHT="38" HPOS="242" VPOS="3402" WIDTH="52" />
<SP HEIGHT="48" HPOS="295" VPOS="3401" WIDTH="65" />
<String CONTENT="(36-7937)" HEIGHT="49" HPOS="361" VPOS="3400" WIDTH="249" />
</TextLine>
<TextLine HEIGHT="65" HPOS="91" STYLEREFS="StyleId-919A0B7C-7D08-4F44-9052-6BDCA3D0C585-" VPOS="3488" WIDTH="942">
<String CONTENT="Ulieh," HEIGHT="65" HPOS="91" VPOS="3488" WIDTH="186" />
<SP HEIGHT="62" HPOS="278" VPOS="3491" WIDTH="22" />
<String CONTENT="Robert," HEIGHT="63" HPOS="301" VPOS="3490" WIDTH="238" />
<SP HEIGHT="58" HPOS="540" VPOS="3495" WIDTH="27" />
<String CONTENT="1890-" HEIGHT="49" HPOS="568" VPOS="3494" WIDTH="171" />
<SP HEIGHT="35" HPOS="740" VPOS="3510" WIDTH="209" />
<String CONTENT="ed." HEIGHT="53" HPOS="950" VPOS="3492" WIDTH="83" />
</TextLine>
<TextLine CS="1" HEIGHT="72" HPOS="159" STYLEREFS="StyleId-F995C4E7-2B63-4A18-83B4-D8C659584411-" VPOS="3566" WIDTH="1672">
<String CONTENT="A" HEIGHT="52" HPOS="159" VPOS="3569" WIDTH="56" />
<SP HEIGHT="52" HPOS="216" VPOS="3569" WIDTH="27" />
<String CONTENT="sequence" HEIGHT="49" HPOS="244" VPOS="3585" WIDTH="265" />
<SP HEIGHT="32" HPOS="510" VPOS="3588" WIDTH="29" />
<String CONTENT="of" HEIGHT="50" HPOS="540" VPOS="3569" WIDTH="62" />
<SP HEIGHT="51" HPOS="603" VPOS="3569" WIDTH="29" />
<String CONTENT="educational" HEIGHT="53" HPOS="633" VPOS="3568" WIDTH="358" />
<SP HEIGHT="53" HPOS="992" VPOS="3568" WIDTH="30" />
<String CONTENT="influences" HEIGHT="57" HPOS="1023" VPOS="3566" WIDTH="301" />
<SP HEIGHT="47" HPOS="1325" VPOS="3576" WIDTH="32" />
<String CONTENT="traced" HEIGHT="53" HPOS="1358" VPOS="3570" WIDTH="192" />
<SP HEIGHT="52" HPOS="1551" VPOS="3570" WIDTH="29" />
<String CONTENT="through" HEIGHT="68" HPOS="1581" VPOS="3570" WIDTH="250" />
</TextLine>
<TextLine CS="1" HEIGHT="144" HPOS="90" STYLEREFS="StyleId-F995C4E7-2B63-4A18-83B4-D8C659584411-" VPOS="3571" WIDTH="1996">
<String CONTENT="unpublished" HEIGHT="127" HPOS="90" LANG="en-US" VPOS="3571" WIDTH="1970" />
<SP HEIGHT="52" HPOS="272" VPOS="3644" WIDTH="55" />
<String CONTENT="writings" HEIGHT="67" HPOS="328" LANG="en-US" VPOS="3645" WIDTH="261" />
<SP HEIGHT="33" HPOS="590" VPOS="3663" WIDTH="55" />
<String CONTENT="of" HEIGHT="52" HPOS="646" LANG="en-US" VPOS="3644" WIDTH="64" />
<SP HEIGHT="52" HPOS="711" VPOS="3644" WIDTH="55" />
<String CONTENT="Pestalozzi," HEIGHT="68" HPOS="767" LANG="de" VPOS="3643" WIDTH="333" />
<SP HEIGHT="65" HPOS="1101" VPOS="3646" WIDTH="54" />
<String CONTENT="Fr&#246;bel," HEIGHT="66" HPOS="1156" LANG="de" VPOS="3645" WIDTH="225" />
<SP HEIGHT="65" HPOS="1382" VPOS="3646" WIDTH="52" />
<String CONTENT="Diesterweg," HEIGHT="69" HPOS="1435" LANG="de" VPOS="3646" WIDTH="368" />
<SP HEIGHT="65" HPOS="1804" VPOS="3647" WIDTH="54" />
<String CONTENT="Horace" HEIGHT="54" HPOS="1859" LANG="en-US" VPOS="3647" WIDTH="227" />
</TextLine>
<TextLine HEIGHT="71" HPOS="91" STYLEREFS="StyleId-F995C4E7-2B63-4A18-83B4-D8C659584411-" VPOS="3720" WIDTH="1994">
<String CONTENT="Mann," HEIGHT="67" HPOS="91" VPOS="3720" WIDTH="195" />
<SP HEIGHT="47" HPOS="287" VPOS="3740" WIDTH="31" />
<String CONTENT="and" HEIGHT="53" HPOS="319" VPOS="3720" WIDTH="111" />
<SP HEIGHT="53" HPOS="431" VPOS="3720" WIDTH="31" />
<String CONTENT="Henry" HEIGHT="67" HPOS="463" VPOS="3722" WIDTH="203" />
<SP HEIGHT="65" HPOS="667" VPOS="3724" WIDTH="34" />
<String CONTENT="Barnard;" HEIGHT="61" HPOS="702" VPOS="3723" WIDTH="290" />
<SP HEIGHT="43" HPOS="993" VPOS="3741" WIDTH="35" />
<String CONTENT="with" HEIGHT="53" HPOS="1029" VPOS="3722" WIDTH="141" />
<SP HEIGHT="52" HPOS="1171" VPOS="3723" WIDTH="27" />
<String CONTENT="translations," HEIGHT="68" HPOS="1199" VPOS="3723" WIDTH="388" />
<SP HEIGHT="49" HPOS="1588" VPOS="3742" WIDTH="25" />
<String CONTENT="comments," HEIGHT="61" HPOS="1614" VPOS="3730" WIDTH="325" />
<SP HEIGHT="45" HPOS="1940" VPOS="3746" WIDTH="32" />
<String CONTENT="and" HEIGHT="54" HPOS="1973" VPOS="3725" WIDTH="112" />
</TextLine>
<TextLine CS="1" HEIGHT="146" HPOS="93" STYLEREFS="StyleId-F995C4E7-2B63-4A18-83B4-D8C659584411-" VPOS="3798" WIDTH="1968">
<String CONTENT="explanations" HEIGHT="67" HPOS="93" VPOS="3798" WIDTH="393" />
<SP HEIGHT="52" HPOS="487" VPOS="3800" WIDTH="37" />
<String CONTENT="by" HEIGHT="67" HPOS="525" VPOS="3800" WIDTH="72" />
<SP HEIGHT="67" HPOS="598" VPOS="3800" WIDTH="40" />
<String CONTENT="Robert" HEIGHT="53" HPOS="639" VPOS="3800" WIDTH="214" />
<SP HEIGHT="53" HPOS="854" VPOS="3801" WIDTH="37" />
<String CONTENT="Ulich" HEIGHT="53" HPOS="892" VPOS="3801" WIDTH="174" />
<SP HEIGHT="51" HPOS="1067" VPOS="3801" WIDTH="42" />
<String CONTENT="&#8230;" CS="1" />
<SP HEIGHT="54" HPOS="1167" VPOS="3800" WIDTH="78" />
<String CONTENT="Cambridge," HEIGHT="69" HPOS="1246" VPOS="3800" WIDTH="363" />
<SP HEIGHT="66" HPOS="1610" VPOS="3803" WIDTH="36" />
<String CONTENT="Harvard" HEIGHT="53" HPOS="1647" VPOS="3803" WIDTH="275" />
<SP HEIGHT="52" HPOS="1923" VPOS="3803" WIDTH="37" />
<String CONTENT="university" HEIGHT="141" HPOS="95" VPOS="3802" WIDTH="1966" />
<SP HEIGHT="50" HPOS="306" VPOS="3894" WIDTH="24" />
<String CONTENT="press," HEIGHT="50" HPOS="331" VPOS="3894" WIDTH="174" />
<SP HEIGHT="61" HPOS="506" VPOS="3881" WIDTH="28" />
<String CONTENT="1935." HEIGHT="50" HPOS="535" VPOS="3880" WIDTH="150" />
</TextLine>
<TextLine CS="1" HEIGHT="106" HPOS="95" VPOS="3950" WIDTH="1972">
<String CONTENT="x" HEIGHT="28" HPOS="164" VPOS="3959" WIDTH="32" />
<SP HEIGHT="37" HPOS="197" VPOS="3959" WIDTH="31" />
<String CONTENT="p.," HEIGHT="36" HPOS="229" VPOS="3960" WIDTH="57" />
<SP HEIGHT="44" HPOS="287" VPOS="3951" WIDTH="34" />
<String CONTENT="1" HEIGHT="37" HPOS="322" VPOS="3951" WIDTH="24" />
<SP HEIGHT="38" HPOS="347" VPOS="3951" WIDTH="29" />
<String CONTENT="l.," CS="1" />
<SP HEIGHT="45" HPOS="421" VPOS="3950" WIDTH="34" />
<String CONTENT="91" HEIGHT="40" HPOS="456" VPOS="3950" WIDTH="55" />
<SP HEIGHT="46" HPOS="512" VPOS="3952" WIDTH="33" />
<String CONTENT="p." HEIGHT="37" HPOS="546" VPOS="3961" WIDTH="43" />
<SP HEIGHT="36" HPOS="590" VPOS="3961" WIDTH="63" />
<String CONTENT="ports.," HEIGHT="45" HPOS="654" VPOS="3952" WIDTH="162" />
<SP HEIGHT="45" HPOS="817" VPOS="3951" WIDTH="32" />
<String CONTENT="facsims." HEIGHT="40" HPOS="850" VPOS="3951" WIDTH="216" />
<SP HEIGHT="40" HPOS="1067" VPOS="3951" WIDTH="63" />
<String CONTENT="22&#189;" CS="1" HEIGHT="40" HPOS="1131" VPOS="3951" WIDTH="58" />
<String CONTENT="cm" HEIGHT="22" HPOS="1219" STYLE="superscript" VPOS="3953" WIDTH="45" />
<String CONTENT="." HEIGHT="9" HPOS="1267" VPOS="3983" WIDTH="9" />
<SP />
<String CONTENT="(Half-title:" HEIGHT="50" HPOS="1352" VPOS="3951" WIDTH="299" />
<SP HEIGHT="40" HPOS="1652" VPOS="3953" WIDTH="30" />
<String CONTENT="Harvard" HEIGHT="40" HPOS="1683" VPOS="3953" WIDTH="228" />
<SP HEIGHT="40" HPOS="1912" VPOS="3954" WIDTH="34" />
<String CONTENT="documents" HEIGHT="90" HPOS="95" VPOS="3954" WIDTH="1972" />
<SP HEIGHT="39" HPOS="251" VPOS="4005" WIDTH="23" />
<String CONTENT="in" HEIGHT="39" HPOS="275" VPOS="4005" WIDTH="49" />
<SP HEIGHT="38" HPOS="325" VPOS="4007" WIDTH="23" />
<String CONTENT="the" HEIGHT="40" HPOS="349" VPOS="4006" WIDTH="82" />
<SP HEIGHT="39" HPOS="432" VPOS="4007" WIDTH="22" />
<String CONTENT="history" HEIGHT="48" HPOS="455" VPOS="4006" WIDTH="187" />
<SP HEIGHT="36" HPOS="643" VPOS="4018" WIDTH="25" />
<String CONTENT="of" HEIGHT="40" HPOS="669" VPOS="4007" WIDTH="52" />
<SP HEIGHT="40" HPOS="722" VPOS="4007" WIDTH="21" />
<String CONTENT="education" HEIGHT="41" HPOS="744" VPOS="4007" WIDTH="257" />
<SP HEIGHT="28" HPOS="1002" VPOS="4018" WIDTH="26" />
<String CONTENT="&#8230;" CS="1" />
<SP HEIGHT="28" HPOS="1078" VPOS="4019" WIDTH="52" />
<String CONTENT="v." HEIGHT="29" HPOS="1131" VPOS="4019" WIDTH="44" />
<SP HEIGHT="41" HPOS="1176" VPOS="4008" WIDTH="22" />
<String CONTENT="3)" HEIGHT="49" HPOS="1199" VPOS="4007" WIDTH="52" />
</TextLine>
</TextBlock>
</PrintSpace>
</Page>
</Layout>
</alto>