2519 4377
1289 4123 134 49 1900

344 418 147 53 New
516 417 165 53 York
716 418 219 65 (State)
1020 417 186 67 Laws,
1232 421 257 63 statutes,
1517 423 100 48 etc.

415 494 142 55 New
594 495 168 53 York
795 494 137 54 civil
966 495 252 68 practice
1252 496 252 68 manual,
1539 495 77 69 by
1650 496 229 53 Harold
1918 497 70 53 R.
2026 496 236 54 Medina
2306 542 56 9 ...

345 573 258 55 Edward
637 573 69 64 Q.
741 573 147 56 Carr
926 619 56 10 ...
1046 573 131 70 [and]
1216 574 158 55 John
1407 576 66 53 F.
1507 574 78 53 X.
1620 575 155 53 Finn
1812 619 57 11 ...
1951 579 136 50 1936
2119 577 86 53 ed.
2282 576 84 56 St.

343 653 1301 69 Paul, Minn., West publishing co. [ c 1936]
417 728 103 48 viii,
550 726 89 42 719
670 738 45 38 p.
774 727 149 42 23½cm.

419 784 132 40 “The
576 785 200 48 present
801 784 137 41 work
961 785 278 47 represents
1266 795 27 30 a
1321 783 330 42 combination
1678 784 52 40 of
1756 785 227 39 manuals
2010 785 144 47 along
2178 784 192 41 similar

345 842 128 40 lines
501 841 283 50 previously
810 841 259 50 published
1100 851 55 32 as
1185 841 239 42 Medina’s
1452 842 119 40 New
1601 842 133 40 York
1764 841 114 41 civil
1908 841 216 49 practice
2155 843 213 48 manual,

348 910 56 31 as
433 898 307 50 Loughran’s
772 899 249 42 Students’
1050 900 201 39 manual
1282 899 52 41 of
1362 900 119 39 New
1510 900 133 39 York
1670 899 114 41 civil
1812 899 230 49 practice,
2073 900 97 39 and
2201 909 54 30 as
2286 900 83 40 the

348 956 235 50 Compact
618 957 201 41 manual
858 957 52 41 of
944 958 119 41 New
1100 957 134 41 York
1271 956 115 43 civil
1424 956 216 50 practice
1678 959 227 47 statutes,
1945 957 164 42 edited
2147 957 62 49 by
2247 956 122 43 Carr

347 1017 97 40 and
475 1016 368 42 Finn.”—Pref.

420 1074 407 41 “Miscellaneous
857 1071 349 45 constitutions
1235 1074 97 39 and
1359 1071 244 42 statutes”;
1659 1083 44 38 p.
1732 1072 103 42 viii.

347 1129 53 53 ©
427 1133 117 40 Nov.
575 1131 40 52 2,
645 1130 118 42 1936;
819 1130 68 42 2c.
918 1131 96 39 and
1042 1130 83 42 aff.
1156 1133 111 38 Dec.
1299 1130 56 39 14;
1412 1131 41 39 A
1480 1129 176 42 101339;
1714 1131 137 40 West
1879 1130 112 48 pub.
2024 1139 66 30 co.
428 1189 164 50 (37-6)

346 1281 308 63 Newman,
683 1280 290 65 Bernard,
1006 1280 174 55 1897-

415 1356 123 54 The
567 1355 307 55 Mussolini
905 1356 235 54 murder
1169 1355 142 70 plot,
1340 1355 78 70 by
1450 1356 263 53 Bernard
1744 1355 295 54 Newman.
2106 1354 261 67 London,

344 1433 372 55 Hutchinson
741 1436 47 52 &
814 1452 99 52 co.,
941 1434 105 54 ltd.
1081 1435 175 68 [1936]

416 1506 89 43 288
531 1519 44 38 p.
637 1508 58 41 19
698 1510 45 21 cm
747 1541 8 8 .

345 1564 2025 54 © 1c. Dec. 22. 1936; A ad int. 22263; pubd. Oct. 29; B. Newman, Harrow-
419 1625 306 50 on-the-Hill,
748 1625 287 50 Middlesex,
1061 1626 239 47 England.
1364 1623 224 50 (37-538)

345 1714 186 65 Nicol,
556 1715 178 65 John,
762 1716 49 53 b.
841 1714 151 56 1755.

416 1794 123 52 The
574 1792 108 54 life
718 1793 46 51 &
801 1792 345 53 adventures
1183 1792 64 54 of
1286 1793 158 54 John
1482 1791 184 69 Nicol,
1705 1792 280 67 mariner;
2025 1791 90 54 his
2154 1790 213 55 service

348 1872 59 53 in
441 1870 188 70 king’s
666 1868 160 71 ships
861 1871 61 53 in
953 1889 121 34 war
1109 1872 45 50 &
1189 1888 188 51 peace,
1410 1870 91 54 his
1537 1870 211 53 travels
1783 1871 45 50 &
1864 1869 395 69 explorations
2292 1869 76 68 by

346 1967 92 36 sea
493 1955 59 48 to
609 1952 214 50 remote
878 1950 45 50 &
979 1949 292 52 unknown
1328 1947 286 56 countries
1672 1948 60 53 in
1788 1948 299 54 merchant
2145 1948 223 68 vessels,

347 2027 260 68 whalers,
641 2027 114 53 and
792 2027 164 53 other
990 2026 219 68 sundry
1245 2026 181 69 craft;
1464 2027 262 68 together
1760 2025 142 54 with
1939 2026 236 69 copious
2208 2031 160 48 notes

344 2106 46 50 &
427 2110 311 48 comments
777 2124 73 34 on
888 2104 179 70 ships,
1104 2106 98 53 the
1241 2103 210 55 officers
1490 2104 112 54 and
1642 2103 314 70 shipmates
1997 2102 143 56 with
2179 2104 187 52 whom

346 2183 69 53 he
452 2183 219 69 served,
704 2184 97 53 the
838 2188 247 48 customs
1119 2184 45 50 &
1200 2181 310 56 traditions
1544 2182 64 53 of
1643 2183 95 54 the
1774 2201 91 35 sea
1903 2182 113 53 and
2053 2181 65 55 of
2151 2182 97 54 the
345 2181 1998 135 inhabitants

689 2262 65 53 of
802 2262 220 56 distant
1069 2262 167 53 lands
1281 2262 137 52 both
1469 2279 207 51 savage
1726 2262 113 52 and
1888 2259 282 71 civilized,
2215 2259 154 55 their

346 2339 292 69 religions,
682 2340 240 67 culture,
964 2341 45 50 &
1052 2338 328 69 industries,
1424 2345 120 61 etc.,
1585 2344 120 62 etc.,
1748 2345 101 48 etc.;
1926 2358 61 35 as
2030 2339 218 54 related
2290 2339 76 69 by

345 2418 238 53 himself
634 2419 46 50 &
732 2417 369 54 embellished
1152 2418 143 53 with
1347 2436 306 35 numerous
1705 2416 249 70 original
2010 2417 230 69 designs
2290 2417 76 69 by

346 2495 239 56 Gordon
619 2495 216 68 Grant;
868 2496 141 52 with
1043 2516 32 35 a
1108 2496 290 53 foreword
1431 2496 114 54 and
1578 2496 319 54 afterword
1928 2497 76 67 by
2036 2495 330 54 Alexander

345 2573 203 69 Laing.
626 2575 140 52 New
797 2574 181 68 York,
1008 2574 274 68 Toronto,
1313 2575 218 52 Farrar
1558 2575 46 50 &
1632 2573 301 70 Rinehart,
1961 2573 405 70 incorporated

351 2687 12 33 [
370 2659 17 22 c
392 2655 133 50 1936
532 2686 12 34 ]

416 2722 1492 51 vi p., 2 l., 214 p. incl. front. (port.) illus. 28½ × 21 cm .
416 2780 43 40 A
489 2781 188 40 reissue
706 2780 52 40 of
789 2782 85 39 the
901 2782 186 39 edition
1117 2781 55 41 of
1200 2781 116 41 1822
1346 2782 163 40 edited
1538 2783 62 46 by
1631 2782 129 40 John
1790 2782 206 41 Howell.

346 2836 54 54 ©
426 2841 119 40 Nov.
575 2840 40 44 6.
645 2840 116 40 1936;
818 2840 68 41 2c.
916 2841 119 41 Nov.
1062 2840 28 41 9;
1150 2841 81 39 aff.
1261 2841 117 39 Nov.
1409 2839 56 40 24;
1525 2842 40 38 A
1596 2840 173 41 100668;
1831 2842 186 39 Farrar
2047 2842 39 40 &
2111 2840 255 47 Rinehart,

416 2898 93 41 inc.
572 2897 284 52 [Copyright
887 2898 41 40 is
961 2897 208 41 claimed
1200 2909 60 29 on
1290 2897 245 40 foreword
1567 2898 94 39 and
1696 2897 267 43 afterword
1997 2899 60 48 by
2090 2897 279 43 Alexander

420 2956 170 50 Laing]
662 2955 284 50 (36-37507)

345 3038 462 55 Northwestern
868 3037 355 67 university,
1284 3041 316 65 Evanston,
1658 3042 94 50 Ill.
1848 3039 251 55 Medical
2159 3040 208 67 school,

418 3118 269 66 Chicago.
769 3119 282 52 Women’s
1074 3118 228 66 faculty
1327 3118 144 54 club.

414 3192 154 56 Dine
599 3211 145 52 your
780 3195 251 68 friends;
1071 3196 305 67 published
1411 3196 76 68 by
1520 3196 97 54 the
1652 3196 287 55 Women’s
1978 3195 224 70 faculty
2236 3197 128 54 club

345 3272 64 53 of
447 3273 436 54 Northwestern
921 3274 322 69 university
1280 3274 243 54 medical
1561 3276 190 53 school
1792 3275 95 53 for
1924 3277 98 52 the
2057 3276 209 53 benefit
2302 3276 63 53 of

344 3352 96 53 the
474 3353 407 69 Montgomery
913 3354 182 54 Ward
1129 3353 224 65 clinics;
1393 3356 292 66 drawings
1718 3353 363 55 contributed
2113 3354 76 68 by
2221 3355 143 54 Miss

347 3431 309 55 Catherine
690 3431 253 57 O’Brien
982 3477 55 9 ...
1125 3432 291 69 [Chicago]
1457 3437 150 51 1936.

417 3505 816 51 2 p. l., 3-141 p. illus. 23½ cm .
417 3563 319 49 Advertising
767 3566 182 39 matter;
1011 3576 43 37 p.
1090 3565 267 50 [133]-[135]

347 3619 54 53 ©
433 3625 112 38 Dec.
578 3622 39 50 2,
652 3622 143 49 1936;
829 3622 68 42 2c.
932 3623 96 39 and
1062 3623 81 41 aff.
1178 3625 111 39 Dec.
1325 3623 81 46 12;
1443 3624 39 39 A
1516 3622 201 49 101244;
1756 3622 242 41 Women's
2033 3623 187 47 faculty
2257 3622 109 40 club

419 3680 52 39 of
499 3681 372 39 Northwestern
902 3679 131 42 univ.
1064 3679 203 41 medical
1301 3680 178 48 school,
1511 3679 224 47 Chicago.
1808 3679 164 48 (37-9)

347 3761 334 56 Oklahoma
704 3771 227 46 current
957 3763 214 69 digest;
1202 3784 28 32 a
1259 3765 187 67 digest
1470 3766 62 52 of
1557 3765 94 51 the
1676 3764 277 53 decisions
1979 3765 63 52 of
2067 3766 96 51 the
417 3764 1919 131 Oklahoma
622 3842 278 68 Supreme
932 3850 159 47 court
1126 3843 112 52 and
1271 3842 279 55 Criminal
1588 3849 159 46 court
1780 3844 62 51 of
1877 3844 234 67 appeals
2144 3844 95 53 for
2269 3844 96 52 the

417 3939 136 48 year
594 3924 152 63 1936,
783 3921 336 67 containing
1156 3922 150 52 table
1345 3921 63 53 of
1447 3926 240 48 statutes
1725 3923 301 51 construed
2066 3923 112 52 and
418 3941 1921 125 complete
612 3999 155 55 table
809 3999 64 54 of
916 4017 166 36 cases.
1169 4002 242 66 [Volume
1456 4003 82 65 12,
1581 4019 116 35 nos.
1743 4004 120 63 2-3]
1919 4047 55 8 ...
2061 4001 301 68 Compiled
