2519 4377
1016 4055 67 54 75

130 486 186 42 “Select
346 486 364 48 bibliography”;
771 495 42 40 p.
845 485 217 41 336-346.

61 542 52 53 ©
143 547 109 39 Jan.
283 546 68 47 15,
383 545 140 48 1936;
554 546 69 40 2c.
654 546 98 40 and
777 544 83 42 aff.
893 546 108 39 Jan.
1107 556 8 36 18;
1149 546 40 38 A
1219 544 144 41 90867;
1425 545 52 41 F.
1513 546 43 40 S.
1589 545 171 41 Croftsl
1787 545 36 40 &
1853 556 81 37 co.,
1966 546 92 40 inc.

138 602 249 49 (36-3935)

63 706 172 62 Cave,
262 706 130 63 Roy
421 704 252 64 Clinton,
704 705 83 53 ed.

130 782 56 53 A
225 800 194 35 source
457 781 147 53 book
645 782 95 52 for
780 780 280 55 medieval
1102 780 283 54 economic
1425 779 240 68 history,
1704 780 76 67 by
1821 782 127 65 Roy
1993 781 64 55 C.

62 854 1994 70 Cave … and Herbert H. Coulson … Milwaukee, New York
64 939 135 63 [etc.]
231 935 122 53 The
376 935 185 53 Bruce
587 934 337 71 publishing
950 952 281 52 company
1261 968 13 34 [
1276 939 21 23 c
1301 936 153 66 1936]

198 1007 1808 51 xx, 467 p. 22 cm . ([Half-title; Science and culture texts, J. Husslein …
59 1066 195 46 general
281 1066 180 48 editor)

131 1122 347 49 Bibliography;
535 1132 44 38 p.
609 1122 218 41 435-445.

59 1177 51 54 ©
138 1182 109 40 Jan.
335 1214 8 11 18,
373 1181 139 48 1936;
542 1182 67 40 2c.
639 1182 108 40 Jan.
776 1182 82 47 24;
889 1182 82 40 aff.
1001 1183 110 39 Jan.
1140 1182 82 47 25;
1254 1182 41 39 A
1324 1182 170 47 90466;
1527 1184 159 39 Bruce
1712 1184 109 47 pub.
1851 1194 68 29 co.

138 1238 248 49 (36-3938)

62 1342 258 63 Chaffee,
349 1342 187 55 Allen.

126 1417 121 52 The
281 1416 349 55 Wilderness
662 1416 165 68 trail;
862 1417 95 53 the
990 1421 158 65 story
1183 1415 65 55 of
1281 1415 209 55 Daniel
1527 1418 212 68 Boone,
1771 1417 75 69 by
1881 1416 170 54 Allen

57 1493 1969 134 Chaffee; illustrated by Earl B. Winslow … New York, T. Nelson
184 1574 113 53 and
322 1592 146 50 sons,
496 1576 151 51 1936.

129 1646 61 50 vi,
218 1648 115 39 7-72
356 1657 43 38 p.
427 1648 110 40 incl.
563 1647 164 52 front.,
754 1648 127 40 illus.
937 1646 55 41 19½
1026 1649 43 22 cm
1072 1678 10 9 .
1151 1645 127 50 (Our
1305 1646 241 50 changing
1571 1647 178 49 world)

126 1703 140 49 Maps
291 1715 59 30 on
377 1704 360 48 lining-papers.

58 1760 51 52 ©
143 1764 110 40 Feb.
286 1765 40 46 3,
360 1764 117 40 1936;
537 1764 66 40 2c.
639 1765 97 39 and
770 1764 81 41 aff.
888 1764 110 41 Feb.
1031 1765 28 38 4;
1122 1764 40 39 A
1195 1764 142 40 90665;
1402 1765 215 40 Thomas
1646 1766 179 39 Nelson
1861 1766 37 39 &
1930 1776 127 30 sons.

137 1820 249 49 (36-3999)

60 1909 295 66 Cheyney,
383 1910 252 54 Edward
663 1910 191 64 Potts,
885 1916 171 50 1861-

59 1987 1973 146 … The dawn of a new era, 1250-1453, by Edward P. Cheyney
260 2065 1691 67 … New York and London, Harper & brothers, 1936.
165 2136 1891 51 x p., 2 l., 389 p. illus. (2 maps) plates, ports. 22½cm. (The rise of
61 2195 198 39 modern
283 2195 204 48 Europe,
513 2195 72 41 ed.
609 2194 63 48 by
695 2195 73 43 W.
792 2194 52 43 L.
868 2194 204 50 Langer,
1128 2213 47 31 [I]
1188 2193 15 49 )

130 2251 141 49 Maps
291 2262 60 30 on
370 2250 364 51 lining-papers.

130 2309 163 41 “First
312 2309 227 41 edition.”

132 2365 440 48 “Bibliographical
593 2364 168 42 notes”;
822 2377 44 38 p.
890 2366 249 50 [341]-378.

57 2419 52 53 ©
138 2424 106 39 Jan.
276 2423 69 49 23,
378 2423 116 41 1936;
550 2424 65 39 2c.
648 2424 109 39 Jan.
789 2423 82 47 21;
905 2423 82 41 aff.
1019 2424 109 39 Jan.
1160 2423 82 47 25;
1277 2423 40 40 A
1348 2423 171 48 90476;
1554 2425 194 48 Harper
1779 2425 37 41 &
1847 2426 125 40 bros.

135 2479 250 49 (36-3968)

60 2568 254 66 Coulter,
344 2569 181 53 Merle
556 2570 220 60 Crowe,
808 2574 170 50 1894-

128 2643 1863 71 The story of the plant kingdom, by Merle C. Coulter …
60 2723 269 69 Chicago,
365 2724 114 66 Ill.,
514 2723 122 53 The
672 2723 338 69 University
1045 2723 63 53 of
1145 2723 253 69 Chicago
1432 2742 157 50 press
1652 2726 153 64 [1935]

127 2798 65 45 ix,
220 2797 88 41 270
337 2808 43 37 p.
439 2797 143 48 illus.,
614 2797 178 48 diagrs.
852 2797 56 40 23½
942 2799 44 21 cm
991 2828 8 8 .

57 2850 51 53 ©
140 2854 101 41 Oct.
273 2854 39 49 5,
343 2854 112 40 1935;
515 2853 67 41 2c.
615 2855 113 39 Dec.
760 2855 54 39 23;
877 2854 82 40 aff.
992 2855 108 39 Jan.
1134 2855 68 49 18,
1234 2853 118 42 1936;
1408 2854 44 44 A
1480 2853 149 41 90340;
1688 2854 286 50 University
2003 2856 55 42 of

125 2912 221 49 Chicago,
378 2912 222 48 Chicago.
669 2911 251 48 (36-3289)

59 3000 366 66 Culbertson,
454 3001 128 64 Ely,
614 3004 169 50 1891-
996 3001 83 53 ed.

126 3077 122 52 The
282 3076 401 69 encyclopedia
721 3075 64 54 of
818 3075 220 69 bridge,
1073 3074 190 54 edited
1299 3075 77 68 by
1411 3075 114 69 Ely
1562 3073 335 56 Culbertson
1940 3076 109 52 and

57 3152 1932 71 Albert H. Morehead, Lloyd E. Smith, Clifford A. Bender …
79 3232 112 53 [and
218 3233 206 66 others]
492 3231 183 56 Cover
704 3232 198 69 design
926 3232 76 68 by
1031 3232 55 54 J.
1116 3231 283 53 Franklin
1427 3231 319 68 Whitman,
1772 3232 72 70 jr.
1911 3233 138 53 New

57 3308 1172 71 York, The Bridge world, inc. [ c 1935]
123 3382 27 41 3
176 3394 43 37 p.
247 3384 14 38 1.,
315 3384 88 39 477
428 3393 44 37 p.
532 3383 128 40 illus.
720 3383 145 40 25½cm.

57 3433 52 58 ©
133 3443 115 48 July
275 3442 69 48 19,
372 3442 140 47 1935;
542 3442 67 41 2c.
638 3444 97 38 and
762 3442 81 41 aff.
874 3443 109 40 Jan.
1013 3442 68 48 14,
1112 3441 140 48 1936;
1284 3443 40 38 A
1354 3441 170 49 90299;
1556 3441 180 50 Bridge
1764 3444 167 43 world,
1961 3444 91 40 inc.

134 3498 249 51 (36-3941)

58 3587 316 66 Davidson,
405 3588 236 64 Sidney.

129 3663 224 67 Ceiling
386 3681 141 49 zero,
559 3663 74 68 by
670 3662 214 69 Sidney
918 3662 311 68 Davidson,
1263 3662 151 53 from
1450 3662 95 55 the
1578 3662 136 68 play
1749 3662 72 68 by
1858 3661 196 54 Frank

59 3739 203 67 Wead;
300 3740 377 53 illustrations
714 3741 150 51 from
900 3741 94 51 the
1031 3739 311 68 photoplay
1379 3739 284 69 produced
1701 3739 74 68 by
1812 3739 243 53 Warner

59 3814 1993 70 brothers … N[eW] Y[ork] c[ity] Lynn publishing co., inc.
64 3926 12 33 [
78 3900 21 22 c
103 3896 150 65 1936]

127 3963 994 50 3 p. l., 11-124 p. front., illus. 19 cm .
