2519 4377
1019 4077 100 52 479

67 448 165 61 Tate,
259 444 187 64 Allen,
477 450 169 49 1899-

141 517 1860 72 Reactionary essays on poetry and ideas, by Allen Tate …
71 601 136 53 New
235 599 177 66 York,
440 600 60 54 C.
530 598 311 55 Scribner’s
869 616 155 45 sons;
1053 596 257 64 London,
1339 596 61 54 C.
1432 593 311 54 Scribner’s
1770 611 144 46 sons,
1941 592 122 65 ltd.,

74 683 146 49 1936.

141 750 70 41 xii
239 760 57 37 p.,
326 749 26 38 2
399 781 7 8 l.,
449 747 145 40 3-240
622 759 42 36 p.
725 748 52 38 21
783 750 43 21 cm
832 779 8 8 .

71 804 52 52 ©
152 809 120 38 Mar.
300 807 68 44 20,
400 805 111 40 1936;
570 806 66 39 2c.
668 806 94 39 and
792 804 81 40 aff.
903 804 112 47 Apr.
1045 804 25 39 3;
1132 803 39 38 A
1202 802 143 39 92951;
1406 802 202 40 Charles
1642 798 264 43 Scribner's
1939 811 126 29 sons.

149 862 249 49 (36-9280)

69 966 231 64 Taylor,
333 965 207 55 Grant.

143 1041 325 56 Gunsmoke
500 1041 302 65 hacienda;
839 1060 32 35 a
902 1040 166 53 novel
1123 1039 92 67 [by]
1255 1038 187 55 Grant
1472 1038 228 67 Taylor.
74 1036 1967 151 Philadelphia,

257 1120 257 66 London,
546 1120 55 54 J.
637 1120 68 51 B.
738 1117 338 68 Lippincott
1107 1134 279 50 company
1605 1148 12 34 [c1936]

140 1194 82 40 301
254 1204 42 37 p.
356 1192 56 40 19½c
461 1195 26 20 m
491 1223 9 8 .

145 1249 304 48 “Copyright,
480 1248 126 47 1935,
638 1247 128 46 1936,
798 1247 60 47 by
888 1247 204 40 Warner
1125 1243 337 50 publications,
1494 1243 89 40 inc.
1619 1243 151 40 under
1805 1240 105 42 title
71 1242 1976 104 “Hacienda
266 1304 196 41 moon’.”

72 1358 53 53 ©
153 1363 111 47 Apr.
295 1362 38 45 6,
364 1360 139 47 1936;
535 1361 66 39 2c.
631 1359 95 40 and
757 1359 81 40 aff.
867 1359 113 47 Apr.
1010 1359 81 45 18;
1124 1358 39 38 A
1193 1357 143 40 93885;
1396 1357 43 39 J.
1469 1357 53 40 B.
1554 1354 275 49 Lippincott
1861 1364 67 30 co.

149 1417 249 49 (36-9237)

71 1505 192 52 Texas
294 1505 201 66 digest,
529 1507 133 49 1840
693 1508 58 47 to
785 1503 147 65 date,
966 1501 266 67 covering
1265 1502 183 51 Texas
1484 1506 217 61 reports
1734 1501 110 51 and
1883 1499 182 54 South

142 1586 237 50 western
409 1586 272 63 reporter,
713 1600 57 35 as
803 1579 125 54 well
959 1599 58 36 as
1047 1582 182 51 Texas
1260 1597 149 37 cases
1440 1578 234 53 decided
1705 1579 60 52 in
1794 1578 95 53 the
142 1577 1899 149 Federal,

320 1660 214 56 Circuit
578 1660 111 52 and
733 1658 243 55 District
1017 1662 205 63 courts,
1264 1657 220 55 Circuit
1526 1664 160 46 court
1729 1656 61 52 of
1833 1657 233 66 appeals

144 1734 1922 71 and Supreme court of the United States … with current
143 1812 1924 69 cumulative pocket service. Volumes 11-13 … St. Paul,
141 1894 160 52 West
325 1892 331 67 publishing
679 1911 78 34 co.
789 1926 11 33 [
807 1899 16 20 c
830 1895 133 49 1936
969 1925 11 32 ]

140 1968 26 39 3
197 1978 42 30 v.
297 1965 60 40 26
356 1968 43 21 cm
405 1995 7 8 .

419 2032 105 29 CONTENTS.—v.
565 2019 69 41 11.
674 2020 235 42 Criminal
950 2019 420 41 law—1-572.—v.
1413 2017 70 42 12.
1523 2017 235 42 Criminal
1798 2020 274 38 law—573-

71 2079 205 39 904.—v.
311 2076 69 42 13.
414 2078 234 39 Criminal
682 2076 240 41 law—905
957 2079 47 37 to
1038 2078 104 38 end.

73 2131 52 52 ©
153 2134 120 41 Mar.
303 2135 69 46 30,
403 2134 139 45 1936;
575 2134 65 40 2c.
673 2134 117 39 each
821 2135 95 38 and
947 2133 107 40 affs.
1085 2133 113 48 Apr.
1230 2133 80 45 18;
1344 2133 40 38 A
1412 2131 348 46 94046-94048;
1794 2132 132 39 West
1959 2132 109 47 pub.

142 2203 67 28 co.

71 2279 209 53 Texas.
353 2279 395 54 Reclamation
774 2279 151 65 dept.

206 2353 1861 69 … Practical aspects of flood control and reclamation of
75 2431 332 56 overflowed
442 2433 180 67 lands,
655 2433 75 68 by
764 2432 215 68 Ashley
1015 2432 184 55 Green
1236 2432 249 66 Classen,
1521 2437 144 48 state
1700 2433 362 52 reclamation

75 2510 1966 145 engineer of Texas … State of Texas, Reclamation department. Austin, c 1935.
147 2660 101 49 viii,
275 2660 57 41 80
356 2670 42 38 p.
428 2660 109 40 incl.
564 2660 142 48 illus.,
735 2662 126 47 plan,
890 2659 177 49 diagrs.
1130 2660 169 48 plates,
1326 2661 117 39 fold,
1473 2670 150 38 maps,
1650 2660 118 40 fold.
1796 2662 94 39 tab.
1953 2662 54 41 23
2011 2665 42 21 cm
2060 2695 8 7 .

87 2718 240 47 (Bulletin
355 2727 77 33 no.
462 2717 80 47 27)

147 2773 65 40 At
257 2773 124 40 head
429 2773 52 39 of
527 2773 107 40 title:
710 2775 100 39 The
857 2776 128 38 state
1033 2773 52 40 of
1130 2774 171 40 Texas.
1363 2774 335 42 Reclamation
1746 2776 322 47 department,

77 2831 188 40 Austin.

148 2887 375 49 Bibliography:
556 2898 42 38 p.
627 2887 158 42 79-80.

78 2941 51 52 ©
165 2946 109 40 Feb.
309 2947 39 44 3,
384 2945 111 41 1936;
559 2946 66 39 2c.
663 2947 95 39 and
793 2946 81 40 aff.
911 2947 121 39 Mar.
1068 2947 52 44 3;
1159 2946 41 39 A
1234 2945 170 47 93016;
1443 2946 181 48 Ashley
1661 2946 155 40 Green
1853 2948 215 46 Classen,

146 3003 60 39 El.
226 3003 137 39 Paso.
427 3002 279 47 (36-27677)

75 3089 300 66 Thamiry,
405 3080 295 75 Édouard,
732 3093 169 53 1871-

209 3166 1855 70 … Morale individuelle, par Edouard Thamiry … [Paris]
79 3244 187 52 Bloud
297 3247 45 49 &
370 3244 128 67 Gay
532 3248 172 63 [1935]

147 3316 1911 53 204 p. 19 cm . (Bibliothèque catholique des sciences religieuses. [ 71])
153 3372 92 42 “Le
279 3374 194 47 présent
507 3385 211 38 ouvrage
752 3375 95 40 fait
882 3375 125 41 suite
1043 3376 28 39 à
1106 3377 138 39 notre
1277 3376 143 41 étude
1453 3377 84 40 des
1572 3376 322 41 Fondements
1929 3378 58 40 de
2023 3377 44 40 la

78 3430 329 48 morale.”—p.
461 3432 25 39 [5]

81 3482 1989 56 © Oct. 17. 1935; 1c. Feb. 17, 1936; A- Foreign 30507; Bloud et Gay.
157 3542 247 48 (36-9165)

78 3630 216 64 Thrall,
323 3632 252 53 William
606 3632 176 66 Flint,
815 3640 169 49 1880-

152 3706 55 52 A
243 3707 301 54 handbook
584 3715 56 46 to
680 3709 311 68 literature,
1030 3711 139 53 with
1210 3730 67 34 an
1322 3711 216 53 outline
1576 3711 63 53 of
1679 3712 236 68 literary
84 3712 1960 137 history,

257 3785 1809 70 English and American, by William Flint Thrall … and
83 3859 1984 76 Addison Hibbard … Garden City, N. Y., Doubleday, Doran
83 3940 43 50 &
155 3956 292 51 company,
474 3941 107 52 inc.
796 3977 11 33 [c1936]

155 4009 64 49 xi,
248 4011 85 40 579
360 4023 42 37 p.
462 4013 152 48 diagr.
674 4014 55 39 21
732 4016 44 22 cm
780 4046 10 9 .
