2519 4377
1326 4141 101 51 258

384 463 264 64 Horgan,
676 464 164 56 Paul.

453 551 167 54 Main
651 553 118 54 line
802 559 154 64 west,
988 554 76 70 by
1098 556 149 52 Paul
1282 555 262 70 Horgan.
1614 557 139 53 New
1789 556 166 53 York
1988 558 114 53 and
2137 556 261 71 London,

383 629 235 71 Harper
645 632 46 50 &
719 632 280 70 brothers,
1031 636 153 52 1936.

453 705 549 49 ix, 306 p., 1 l. 21 cm .
455 762 164 42 “First
650 763 231 41 edition.”

385 830 53 53 ©
471 836 122 40 Mar.
626 836 69 48 19;
731 836 140 48 1936;
907 837 68 40 2c.
1012 838 122 41 Mar.
1169 836 82 49 19;
1290 837 82 42 aff.
1408 839 123 42 Mar.
1565 839 83 49 21;
1686 841 43 39 A
1759 839 173 49 93316;
1972 841 194 47 Harper
2201 842 36 39 &
2272 842 124 39 bros.

465 893 254 49 (36-7370)

383 997 252 65 Houser,
662 998 225 54 Martin
913 998 247 57 Luther.

452 1073 298 55 Abraham
783 1073 289 55 Lincoln’s
1105 1074 252 55 favorite
1386 1094 192 50 poem:
1612 1076 74 54 its
1721 1077 207 53 author
1964 1077 114 52 and
2110 1076 90 53 his
2232 1077 164 69 book,

383 1151 73 68 by
489 1151 79 54 M.
603 1152 65 53 L.
702 1151 243 54 Houser.
1022 1150 225 71 Peoria,
1283 1152 112 70 Ill.,
1430 1155 67 54 E.
1532 1155 89 54 W.
1657 1153 308 69 Meredith,
2004 1158 148 50 1935.

453 1221 25 40 1
507 1233 44 38 p.
614 1254 9 18 l.,
653 1222 117 42 5-30
797 1235 43 37 p.
869 1225 111 40 incl.
1008 1225 217 41 facsims.
1285 1225 57 40 22c
1361 1228 28 21 m
1394 1258 9 9 .

452 1280 309 48 Descriptive
785 1280 287 48 letterpress
1095 1292 63 29 on
1183 1291 167 31 versos
1376 1283 167 49 facing
1568 1284 283 40 facsimiles.

454 1337 70 39 “A
557 1347 153 39 paper
744 1339 118 39 read
897 1349 60 29 on
995 1338 102 41 Oct.
1135 1340 69 48 17,
1241 1339 128 49 1935,
1406 1340 166 41 before
1608 1343 82 38 the
1726 1341 200 40 Lincoln
1964 1352 166 38 group,
2170 1342 223 50 Chicago,

382 1393 105 43 Ill.”

382 1465 53 53 ©
464 1470 111 41 Dec.
603 1470 72 48 24,
704 1469 114 42 1935;
876 1471 68 39 2c.
976 1471 109 40 Jan.
1116 1470 38 48 6,
1182 1469 142 49 1936;
1355 1471 82 40 aff.
1469 1473 121 38 Mar.
1622 1473 81 46 14;
1735 1473 41 38 A
1806 1471 172 49 92322;
2012 1475 62 39 M.
2106 1474 51 40 L.
2188 1474 207 48 Houser,

452 1527 188 48 Peoria,
666 1529 76 39 Ill.
805 1528 251 49 (36-7386)

378 1630 253 67 Husted,
662 1632 256 55 William
947 1633 255 57 Hardee.

452 1711 156 65 Bott,
648 1711 97 53 the
784 1716 158 62 story
981 1710 63 53 of
1083 1733 30 33 a
1155 1711 420 68 schoolmaster,
1615 1712 74 68 by
1727 1712 265 55 William
2031 1713 77 53 H.
2148 1711 243 54 Husted.

379 1788 139 52 New
545 1789 180 66 York,
752 1789 555 68 Coward-McCann,
1333 1789 125 68 inc.,
1487 1794 150 50 1936.

451 1862 64 47 xi,
542 1862 86 40 307
655 1872 44 38 p.
756 1862 165 48 front.,
948 1865 151 46 ports.
1156 1863 55 38 21
1215 1865 16 20 cm
1265 1895 9 8 .

381 1927 53 53 ©
465 1933 122 40 Mar.
619 1933 70 47 18,
724 1932 141 47 1936;
901 1931 67 42 2c.
1004 1933 96 39 and
1133 1932 82 41 aff.
1250 1934 122 40 Mar.
1406 1932 82 48 20;
1525 1934 41 38 A
1599 1932 171 48 93273;
1808 1933 460 48 Coward-McCann,
2302 1932 91 42 inc.

378 2050 241 55 Illinois.
694 2054 185 66 Laws,
905 2056 258 63 statutes,
1189 2059 100 47 etc.

451 2130 394 55 Smith-Hurd
901 2131 229 52 Illinois
1187 2131 309 52 annotated
1553 2136 256 48 statutes.
1902 2132 351 51 Permanent
2306 2130 84 54 ed.

382 2208 372 70 Comprising
792 2209 95 53 the
927 2210 137 54 laws
1107 2209 63 54 of
1212 2229 30 33 a
1285 2211 229 67 general
1557 2209 113 54 and
1711 2214 338 64 permanent
2087 2215 204 47 nature
2329 2209 65 54 in

380 2289 159 52 force
574 2294 55 47 at
667 2289 95 51 the
798 2289 109 52 end
943 2288 63 55 of
1042 2289 95 52 the
1173 2287 364 69 fifty-eighth
1572 2289 248 54 General
1857 2287 298 69 assembly,
2190 2288 202 53 fourth

377 2367 212 68 special
620 2369 231 66 session,
885 2368 319 53 November
1238 2371 84 60 23,
1357 2370 149 50 1934.
1582 2368 161 67 Kept
1773 2374 59 46 to
1865 2368 133 52 date
2031 2368 75 67 by
376 2367 1989 132 cumulative
522 2447 214 51 annual
764 2446 203 68 pocket

997 2452 180 62 parts,
1207 2445 140 54 with
1379 2445 363 53 annotations
1774 2446 155 52 from
1957 2447 96 52 the
2083 2464 150 36 cases
377 2464 1991 128 construing
654 2543 64 34 or
768 2524 285 68 applying
1101 2525 95 52 the
1245 2526 156 65 laws,
1452 2525 112 51 and
1614 2525 142 51 with
1804 2525 182 53 tables
2039 2525 113 52 and
2199 2525 190 54 index.

380 2603 255 68 Chapter
673 2607 81 49 38.
794 2603 283 54 Criminal
1113 2603 134 53 code
1288 2604 61 66 §§
1376 2605 184 50 1-580.
1635 2605 90 65 By
1763 2603 95 52 the
1896 2603 340 67 publishers’
377 2603 1987 132 editorial
605 2679 151 56 staff.
852 2681 270 68 Chicago,
1178 2681 113 67 Ill.,
1349 2681 278 53 Burdette
1687 2680 188 56 Smith
1934 2699 309 51 company;
2306 2683 81 56 St.

378 2761 166 66 Paul,
579 2762 203 64 Minn.,
817 2762 158 52 West
1012 2759 337 68 publishing
1385 2778 108 37 co.:
1533 2760 225 53 Kansas
1797 2759 153 69 City,
1987 2761 134 67 Mo.,
2157 2761 233 54 Vernon

375 2839 814 68 law book company [ c 1935]
451 2926 45 35 x,
525 2913 84 41 789
637 2924 43 37 p.
736 2912 57 39 24
796 2915 44 20 cm
844 2943 8 8 .

378 2980 53 53 ©
474 2985 107 39 Dec.
621 2984 71 47 21,
732 2981 141 48 1935;
914 2983 66 39 2c.
1022 2983 109 39 Jan.
1171 2982 69 48 18,
1280 2981 141 42 1936;
1465 2981 81 40 aff.
1587 2982 110 40 Jan.
1734 2981 85 47 20;
1858 2983 40 38 A
1936 2980 173 49 91498;
2153 2983 236 41 Burdette

451 3041 157 40 Smith
638 3052 82 36 co.,
749 3041 193 39 Vernon
971 3041 96 39 law
1092 3039 123 41 book
1243 3050 83 32 co.,
1354 3040 95 38 and
1479 3040 138 39 West.
1643 3038 107 48 pub.
1781 3049 67 29 co.

374 3147 199 62 Jones,
601 3146 198 53 Rufus
826 3145 309 63 Matthew,
1166 3150 171 49 1863-

448 3219 1938 72 Spiritual energies in daily life, by Rufus M. Jones … New
378 3302 111 52 and
528 3320 114 35 rev.
680 3301 85 53 ed.
837 3300 141 52 New
1016 3299 181 68 York,
1233 3299 121 55 The
1389 3299 338 53 Macmillan
1760 3315 299 52 company,
2097 3302 151 49 1936.

447 3388 79 35 xx,
558 3374 85 41 196
671 3386 43 38 p.
776 3373 55 41 19½
865 3375 44 22 cm
912 3406 10 9 .

377 3444 53 53 ©
461 3449 121 38 Mar.
612 3446 69 48 10;
712 3445 115 41 1936;
887 3445 66 42 2c.
987 3445 94 39 and
1115 3444 82 41 aff.
1230 3446 121 39 Mar.
1385 3445 81 41 11;
1501 3445 42 38 A
1572 3443 169 48 92182;
1779 3443 282 40 Macmillan
2094 3455 68 30 co.

457 3504 252 50 (36-7291)

374 3611 198 63 Jones,
600 3610 248 63 Rupert.

446 3681 1879 71 Lessons and exercises in printing, by Rupert Jones …
380 3765 239 67 [Akron,
648 3763 89 67 O.,
764 3770 21 20 c
791 3766 152 64 1936]

446 3840 28 38 2
499 3851 42 28 v.
599 3838 129 41 illus.
782 3837 55 40 23
841 3839 44 21 cm
891 3869 8 8 .

790 3887 1595 50 CONTENTS.—v. l. First term, second term, third term.—v. 2. Advanced
374 3962 185 31 course.

378 4018 52 52 ©
465 4022 107 39 Feb.
607 4021 70 48 28,
711 4021 141 47 1936;
887 4020 67 41 2c.
988 4021 116 39 each
1140 4021 95 39 and
1269 4019 82 41 aff.
1387 4020 121 39 Mar.
1543 4018 81 42 10;
1662 4020 38 38 A
1734 4017 143 41 93107.
1926 4017 172 41 93108;
2136 4018 54 38 R.
2223 4017 161 45 Jones,

448 4080 179 47 Akron,
659 4078 51 42 O.
778 4077 252 49 (36-7249)
