2519 4377
1282 4176 134 54 1730

340 484 226 65 Bower,
593 480 258 58 William
880 480 272 67 Clayton,
1182 481 173 55 1878-
1569 481 85 54 ed.

409 573 124 54 The
563 571 288 70 Disciples
884 572 113 52 and
1027 570 275 70 religious
1334 569 333 70 education;
1703 590 32 34 a
1768 571 227 53 volume
2027 570 62 53 in
341 571 1999 134 celebration

494 651 65 54 of
589 651 98 53 the
716 649 387 69 twenty-fifth
1135 648 376 69 anniversary
1543 648 64 55 of
1637 649 97 53 the
1766 649 386 69 Department
2183 648 65 55 of
341 668 1999 130 religious

591 728 306 54 education
938 728 65 53 of
1043 728 97 53 the
1179 727 288 68 Disciples
1508 726 64 55 of
1614 726 216 69 Christ,
1870 725 192 56 edited
2100 727 77 69 by
341 727 1997 135 William

514 807 252 69 Clayton
795 807 207 52 Bower
1034 805 114 54 and
1179 806 128 68 Roy
1341 805 66 55 G.
1442 805 162 54 Ross.
1681 804 435 56 Contributors:
2149 807 217 53 Robert

344 882 1958 72 M. Hopkins, Ida Mae Irvin, Hazel A. Lewis [and others] …
343 964 82 56 St.
461 963 197 68 Louis,
692 964 136 67 Mo.,
867 961 299 58 Christian
1200 961 183 55 board
1418 961 65 55 of
1520 959 359 73 publication
1921 965 194 67 [c1936]

409 1050 88 41 234
529 1060 45 38 p.
633 1049 120 42 21cm.

342 1121 53 53 ©
426 1125 102 40 Oct.
559 1123 72 48 20,
662 1122 143 48 1936;
838 1122 67 42 2c.
939 1123 93 39 and
1067 1123 82 41 aff.
1180 1124 118 39 Nov.
1330 1122 54 48 2;
1419 1123 40 39 A
1490 1121 173 50 99696;
1699 1122 256 42 Christian
1986 1124 152 40 board
2172 1125 52 39 of
414 1126 1935 97 publication.
694 1180 284 49 (36-33121)

341 1300 200 67 Boyle,
566 1301 154 65 Kay,
749 1303 174 51 1903-
1138 1299 85 55 ed.

412 1396 100 50 365
552 1393 159 68 days,
751 1392 191 55 edited
980 1393 76 68 by
1094 1393 135 68 Kay
1268 1392 199 69 Boyle,
1506 1394 291 52 Laurence
1835 1393 137 56 Vail
2037 1396 131 67 [and]
2213 1396 153 54 Nina

341 1472 307 57 Conarain.
726 1473 262 68 London,
1019 1474 58 55 J.
1113 1473 158 68 Cape
1306 1476 174 65 [1936]

412 1559 541 53 2 p. l., 7-449 p. 20½cm.
417 1631 1949 54 “A record in fiction form not only of … nationally or internationally
344 1692 270 49 important
644 1691 170 40 events
865 1690 52 40 [of
948 1689 132 51 1934]
1114 1689 87 42 but
1234 1700 55 30 as
1321 1690 110 40 well
1464 1689 52 41 of
1548 1691 83 39 the
1662 1690 234 50 ordinary
1929 1691 319 43 individual’s
2279 1693 89 41 life

343 1760 56 30 as
433 1750 40 40 it
508 1758 103 32 was
645 1749 146 48 being
822 1748 131 41 lived
985 1758 61 30 on
1078 1748 83 40 the
1193 1747 93 41 five
1319 1747 278 42 continents
1632 1749 303 48 throughout
1967 1750 114 41 that
2112 1750 168 49 period
2317 1751 51 42 of

342 1806 360 45 time.”—Pref.

342 1876 2027 54 © 1c. Nov. 17, 1936; A ad int. 22069; pubd. Sept. 25; Harcourt, Brace
414 1939 36 40 &
475 1948 82 38 co.,
584 1937 93 40 inc.
744 1935 284 50 (36-34619)

342 2042 304 67 Briffault,
675 2042 244 65 Robert,
951 2043 173 55 1876-

474 2130 1891 72 … Europe (Europa) traduit de l’anglais par Paul Genty.
341 2211 185 71 Paris,
555 2211 72 56 A.
660 2210 216 56 Michel
914 2211 173 69 [1936]

411 2299 687 52 2 p. l., [7]-405, [1] p. 20½cm.
343 2370 1772 53 © July 20, 1936; 1c. Oct. 22; A- Foreign 33202; Albin Michel.
423 2429 285 50 (36-34842)

343 2534 247 65 Brooks,
619 2533 260 56 William
910 2533 195 65 Allan,
1138 2539 174 51 1894-

414 2625 123 53 The
577 2623 778 70 secretary-stenographer’s
1394 2623 139 54 desk
1569 2624 166 69 book,
1774 2624 76 69 by
1887 2623 264 57 William
2188 2625 178 55 Allan

351 2700 2013 71 Brooks … with an introduction by André Maurois. New
349 2781 177 69 York,
556 2781 276 53 National
863 2780 223 69 library
1116 2797 159 52 press
1308 2781 193 67 [c1936]

413 2867 64 49 ix,
514 2866 178 42 11-160
726 2877 44 40 p.
834 2866 119 42 21cm.

343 2937 53 54 ©
421 2942 122 48 Aug.
571 2943 39 47 7,
637 2941 144 45 1936;
811 2940 66 41 2c.
908 2942 119 41 Nov.
1055 2940 82 49 16;
1167 2942 82 40 aff.
1279 2942 116 39 Nov.
1426 2942 56 38 17;
1536 2943 40 38 A
1606 2941 144 41 100498;
1836 2943 131 42 Natl.
2000 2943 186 47 library
2215 2953 152 39 press.

424 2998 286 50 (36-32882)

344 3104 309 65 Carnegie,
683 3104 164 65 Dale,
881 3109 173 52 1888-

412 3194 151 53 ILow
591 3200 59 49 to
678 3194 116 54 win
823 3194 223 56 friends
1075 3195 113 53 and
1217 3194 279 55 influence
1525 3197 204 68 people
1762 3196 111 69 [by]
1908 3196 148 54 Dale
2085 3197 281 70 Carnegie

402 3272 1289 70 … New York, Simon and Schuster, 1936.
447 3392 8 17 x,
483 3359 102 50 337,
632 3360 43 51 [5]
702 3370 45 40 p.
803 3359 118 42 21cm.

413 3431 161 40 Blank
601 3442 150 39 pages
778 3431 80 42 for
888 3431 110 50 “My
1025 3431 313 50 experiences
1366 3444 50 29 m
1445 3432 234 50 applying
1705 3433 83 41 the
1815 3432 265 50 principles
2109 3434 176 49 taught
2314 3434 49 39 in

339 3490 100 41 this
469 3489 153 42 book”
664 3489 83 50 ([5]
779 3491 54 40 at
859 3490 119 49 end)

342 3559 53 53 ©
423 3564 118 40 Nov.
570 3563 41 50 4,
642 3563 144 42 1936:
818 3564 66 40 2c.
916 3565 119 40 Nov.
1069 3563 56 40 10;
1185 3564 82 41 aff.
1299 3565 118 39 Nov.
1450 3564 26 39 7;
1536 3565 40 38 A
1607 3563 147 40 99796;
1813 3565 56 38 D.
1906 3563 252 48 Carnegie,
2193 3565 174 39 Forest

415 3620 144 50 Hills,
588 3621 50 41 L.
668 3623 53 46 I.,
750 3622 54 38 N.
835 3623 52 37 Y.
955 3620 284 49 (36-32917)

341 3724 344 69 Chompret,
712 3728 243 64 Joseph,
987 3733 170 51 1869-

473 3818 1649 71 … Technique chirurgicale bucco-dentaire, par les drs
341 3819 1998 146 Chompret,
523 3897 330 56 Dcchaume
893 3905 56 47 et
989 3898 274 54 Richard.
1339 3898 186 68 Paris,
1566 3900 233 52 Masson
1842 3904 55 47 et
1939 3897 83 67 cie,
2063 3901 152 51 1935.

413 3983 1940 51 xviii, 283, [1] p. illus. 23cm. (La pratique stomatologique … III)
340 4051 2021 54 © Nov. 28, 1935: 1c. Feb. 17, 1936; A-Foreign 30785; Masson et cie.
420 4112 285 52 (36-34797)
