2519 4377
1274 4089 138 52 1532

337 391 259 65 Popular
620 392 233 55 science
879 392 293 63 monthly.

409 467 345 56 Decorative
784 469 174 53 metal
992 469 188 68 work;
1217 488 31 34 a
1281 468 279 69 practical
1592 469 309 54 handbook
1932 469 99 54 for
2062 470 99 55 the
2191 470 165 54 home

339 546 335 54 craftsman.
749 543 154 57 How
936 551 59 49 to
1030 546 165 56 make
1230 564 174 51 many
1441 546 193 54 useful
1671 547 115 54 and
1822 549 360 54 ornamental
339 548 1994 130 articles

478 624 154 54 from
659 625 179 68 easily
866 623 272 55 obtained
1163 624 220 70 metals,
1410 624 173 70 using
1608 625 206 69 simple
1842 625 148 55 tools
2018 625 116 56 and
339 627 1993 143 equipment,

567 702 287 70 prepared
906 702 77 69 by
1040 703 96 53 the
1192 701 270 56 editorial
1517 703 136 54 staff
1709 703 65 53 of
1828 703 261 70 Popular
2144 703 213 56 science

336 780 282 69 monthly.
694 779 140 56 New
882 780 180 70 York,
1107 779 261 72 Popular
1414 779 213 57 science
1672 780 340 72 publishing
2057 799 300 54 company,

344 859 106 55 inc.
489 892 14 35 [
505 865 21 23 c
530 860 155 67 1936]

406 929 88 42 252
526 940 44 40 p.
631 930 132 44 illus.
793 931 182 49 diagrs.
1036 930 58 43 19½
1125 934 46 22 cm
1174 963 10 13 ,

340 1001 52 53 ©
420 1005 103 41 Oct.
552 1004 68 49 14,
648 1004 144 49 1936;
819 1004 69 42 2c.
917 1005 104 42 Oct.
1049 1005 83 49 22;
1163 1006 82 40 aff.
1276 1007 104 41 Oct.
1407 1006 82 48 21;
1521 1007 40 39 A
1588 1005 172 50 99536;
1789 1008 216 48 Popular
2034 1007 190 43 science
2248 1008 111 50 pub.

413 1073 81 39 co.,
524 1062 93 43 inc.
685 1061 285 52 (36-25237)

412 1166 187 55 Wood
658 1167 240 69 carving
954 1167 115 54 and
1125 1166 324 70 whittling;
1510 1187 31 33 a
1600 1168 276 69 practical
1933 1167 309 54 handbook
2295 1168 66 53 of

342 1244 293 70 drawings
679 1245 114 54 and
834 1243 252 56 detailed
1129 1245 375 54 instructions
1545 1246 129 54 that
1715 1244 120 54 will
1879 1247 157 53 show
2075 1263 116 52 you
2229 1246 131 53 how

343 1329 57 47 to
435 1326 146 51 start
614 1324 115 53 and
760 1329 60 49 to
856 1322 229 70 acquire
1116 1323 135 54 skill
1283 1324 62 53 in
1377 1324 97 53 the
1507 1322 356 71 fascinating
1892 1323 193 71 hobby
2120 1324 115 55 and
2269 1329 93 49 art

340 1401 65 54 of
441 1401 166 55 wood
644 1400 259 71 carving,
941 1401 287 70 prepared
1264 1402 76 69 by
1378 1402 98 53 the
1515 1402 269 54 editorial
1821 1402 138 55 staff
1996 1402 65 54 of
2100 1401 260 71 Popular

340 1480 215 55 science
579 1480 282 69 monthly.
938 1479 139 54 New
1108 1480 181 68 York,
1318 1479 260 71 Popular
1603 1479 215 56 science
1847 1480 340 71 publishing
340 1498 1995 131 company,
545 1558 108 57 inc.
691 1592 14 36 [
707 1564 22 24 c
732 1560 153 68 1936]

409 1630 89 43 270
528 1641 46 40 p.
633 1631 146 49 illus.,
813 1631 182 49 diagrs.
1054 1630 60 42 19½
1144 1633 45 22 cm
1193 1662 9 10 .

341 1701 52 54 ©
421 1705 102 42 Oct.
551 1705 69 50 14,
647 1704 144 49 1936;
821 1704 67 41 2c.
918 1706 102 41 Oct.
1049 1704 82 50 22;
1163 1705 82 40 aff.
1275 1705 101 41 Oct.
1406 1705 82 49 21;
1520 1707 41 39 A
1587 1705 173 48 99538;
1789 1707 214 48 Popular
2035 1705 189 42 science
2249 1707 111 48 pub.

412 1773 82 40 co.,
525 1764 92 41 inc.
689 1761 285 51 (36-25238)

334 1869 197 65 Prost,
557 1868 241 57 Yvette.

472 1944 1715 69 … Le temps des promesses. Paris, J. Tallandier [1936]
410 2017 624 53 2 p. l. , [7]-255 p. 19cm.
342 2085 2020 54 © June 27, 1936; 1c. Aug. 27 ; A-Foreign 32847; Société d’éditions et
409 2147 59 40 de
497 2146 344 50 publications,
875 2146 157 41 Paris.
1107 2145 283 50 (36-25261)

337 2254 225 54 Punch.
637 2273 52 36 V.
717 2257 118 64 191,
858 2272 89 36 no.
973 2252 156 60 4975,
1157 2253 155 68 Sept,
1340 2257 260 63 23,1936.

340 2336 2018 55 © 1c. Nov. 20, 1936; A ad int. 22035; pubd. Sept. 23; Herbert Heather,
410 2398 214 41 London.

336 2505 244 62 Ramuz,
608 2502 251 56 Charles
881 2502 358 65 Ferdinand,
1269 2506 172 54 1878-

472 2578 1433 70 … Derborerice; récit. Paris, B. Grasset [ 1936]
410 2653 477 52 258 p., 3 l. 19 cm .
410 2713 66 40 At
503 2713 126 40 head
659 2712 53 41 of
740 2711 109 41 title
867 2723 10 29 :
909 2711 126 42 C.-F.
1065 2711 203 41 Ramuz.

338 2777 2020 64 © Mar. 30, 1936 ; 1c. June 4 ; A-Foreign 32107 ; Éditions Bernard
412 2848 216 41 Grasset.
698 2845 284 50 (36-25264)

335 2954 188 65 Rapp,
550 2953 323 56 Catherine
897 2954 240 64 Teresa,
1162 2953 181 54 sister.

471 3026 1885 73 … Burgher and peasant in the works of Thomasin von
337 3104 2020 74 Zirclaria, Freidank, and Hugo von Trimberg … by Sister
338 3183 2017 74 Catherine Teresa Rapp … Washington, D. C., The Catholic
336 3268 320 70 university
686 3267 66 57 of
781 3267 286 69 America,
1100 3272 150 50 1936.

410 3341 98 50 xvi,
542 3341 87 41 144
665 3351 43 39 p.
769 3340 118 42 23cm.
958 3339 127 50 (The
1121 3339 223 43 Catholic
1379 3339 273 49 university
1687 3338 52 41 of
1773 3337 240 42 America.
2076 3336 198 43 Studies
2306 3336 51 42 in

339 3402 226 41 German,
625 3399 95 43 vol.
834 3398 15 50 VII)

408 3457 175 42 Thesis
620 3456 111 50 (PH.
789 3455 331 51 D.)—Catholic
1147 3454 274 49 university
1449 3455 52 40 of
1526 3453 240 49 America,
1793 3453 129 43 1936.

410 3515 382 50 Bibliography:
824 3526 44 40 p.
899 3513 219 43 131-144.

341 3572 53 53 ©
429 3576 129 40 June
588 3574 42 49 9,
666 3573 142 48 1936;
844 3572 68 42 2c.
949 3574 129 39 June
1110 3572 53 48 9;
1201 3573 82 40 aff.
1320 3572 116 46 July
1471 3570 82 43 27;
1594 3571 38 39 A
1668 3568 171 48 95602;
1879 3565 223 43 Catholic
2137 3566 132 43 univ.
2306 3564 53 42 of

409 3631 240 43 America.
717 3629 284 52 (36-23300)

335 3740 273 63 Rawson,
635 3740 141 53 Mrs.
802 3737 233 54 Marion
1067 3734 293 67 (Nicholl)

475 3802 1880 79 … Handwrought ancestors; the story of early American
338 3881 1988 137 shops and those who worked therein. Illustrated by the author. [New York] E. P. Dutton & company, inc. [ c 1936]
