2519 4377
1268 4210 133 50 1688

335 572 221 55 federal
591 573 117 54 and
744 577 148 50 state
927 572 304 67 tribunals,
1268 574 262 67 together
1566 574 142 54 with
1748 575 368 54 annotations
2155 575 65 54 of
333 595 2001 111 uncodified
609 652 142 53 laws
784 652 114 53 and
934 652 248 53 treaties.
1258 650 267 57 William
1555 653 78 53 H.
1668 653 223 68 Mason,
2002 694 10 11 LL.
2088 696 30 26 B.,

334 654 2025 145 editor-in-chief,
636 730 160 56 John
839 730 56 56 S.
942 730 272 69 O’Brien,
1255 731 218 54 Archie
1509 731 281 69 McGray,
1833 733 273 53 assistant
2148 734 212 53 editors

330 810 2022 150 and the publishers’ editorial staff … v. 1-2. Perpetual revision plan. Indianapolis, The Bobbs-Merrill company [ c 1936]
402 962 27 40 2
459 974 43 31 v.
560 961 58 43 26
620 965 47 22 cm
669 994 9 9 .

335 1039 41 30 v.
407 1028 40 48 1,
478 1024 53 54 ©
562 1028 102 41 Oct.
696 1027 70 50 12,
800 1027 142 48 1936;
972 1027 68 42 2c.
1073 1028 98 40 and
1201 1027 81 40 aff.
1314 1029 118 39 Nov.
1465 1027 53 49 2;
1552 1039 43 31 v.
1627 1027 40 52 2,
1701 1024 53 54 ©
1785 1029 120 41 Nov.
1938 1028 83 49 18;
2053 1029 68 39 2c.
2155 1032 113 39 Dec.
2301 1030 27 40 2;

404 1085 84 42 aff.
516 1087 119 39 Nov.
665 1084 84 49 23;
780 1086 42 40 A
850 1085 190 49 100194,
1071 1084 201 48 100838;
1305 1085 218 41 William
1553 1087 62 40 H.
1646 1087 187 47 Mason,
1868 1087 68 42 St.
1967 1087 138 39 Paul.

414 1149 286 50 (36-29857)

332 1262 212 64 Vaulx,
571 1263 272 53 Bernard
872 1263 90 55 de.

464 1337 1891 72 … Monsieur de Sougy avant le phylloxera … Paris, A.
330 1418 235 68 Fayard
595 1419 46 51 &
672 1435 27 35 cie
772 1420 175 65 [1935]

398 1489 751 53 3 p. l., [9]-254 p., 1 l. 19cm.
681 1548 314 41 CONTENTS.—Monsieur
1021 1549 59 40 de
1109 1547 162 49 Sougy
1299 1550 153 39 avant
1478 1548 44 41 le
1547 1548 555 49 phylloxera.—Quinze
2130 1551 131 46 août,
2291 1561 61 30 ou

329 1604 91 43 Les
451 1604 102 43 vies
583 1605 279 50 paralleles.

331 1661 2025 54 © May 31, 1935; 1c. Feb. 17, 1936; A-Foreign 30582; A. Fayard et eie.
413 1722 286 51 (36-31730)

331 1829 278 65 Vollmer,
640 1828 264 66 August,
936 1829 173 56 1876-

465 1905 1888 70 … The police and modern society, by August Vollmer.
335 1986 294 67 Berkeley,
660 1985 198 63 Calif.,
888 1986 343 66 University
1261 1986 63 54 of
1358 1985 328 57 California
1715 2004 177 48 press,
1926 1990 153 51 1936.

332 2058 2004 107 5 p. l., 253 p. 22cm. (Publications of the Bureau of public administration, University of California)
401 2174 383 47 Bibliography:
816 2184 44 37 p.
888 2171 222 41 238-241.

331 2228 53 54 ©
413 2233 126 47 Sept.
565 2230 69 50 30,
662 2229 143 49 1936;
834 2229 68 42 2c.
929 2230 103 42 Oct.
1058 2228 57 42 19;
1172 2228 82 42 aff.
1281 2229 118 40 Nov.
1426 2228 55 44 9;
1509 2229 40 41 A
1575 2228 174 49 99749;
1778 2230 215 48 Regents
2021 2230 55 40 of
2100 2230 84 42 the
2211 2230 142 44 Univ.

402 2290 53 39 of
488 2287 293 50 California,
819 2288 254 47 Berkeley,
1114 2287 144 41 Calif.
1336 2286 284 48 (36-27477)

327 2381 334 66 Wheatley,
686 2380 246 56 Dennis.

400 2459 391 55 Contraband.
874 2459 391 67 [Instalments
1295 2460 191 64 24-29]

410 2535 83 47 (In
520 2529 206 44 London
755 2527 150 54 Daily
935 2528 136 52 mail,
1102 2529 110 44 Oct.
1245 2529 166 51 21-24,
1441 2529 73 50 26,
1547 2529 72 50 27,
1652 2528 145 50 1936)

331 2584 2023 56 © 1c. each Dec. 17, 1936; A ad int. 22219; pubd. Oct. 21, 22, 23, 24,
401 2648 69 48 26,
502 2647 84 49 27;
619 2649 59 40 D.
708 2646 273 48 Wheatley,
1013 2646 214 41 London.

327 2738 219 65 White,
570 2741 142 51 Mrs.
737 2739 175 53 Alma
945 2737 337 67 (Bridwell)
1318 2743 174 49 1862-

400 2819 123 52 The
551 2821 161 63 story
742 2817 64 53 of
833 2836 98 47 my
959 2815 107 55 life
1097 2817 113 51 and
1242 2817 96 51 the
1368 2814 188 55 Pillar
1586 2814 64 53 of
1678 2816 121 66 fire,
1826 2815 77 68 by
1931 2816 176 52 Alma
2137 2814 197 57 White.

328 2894 2024 69 v. 3. (Including former volumes V and VI) Zarephath, N. J.,
328 2976 187 53 Pillar
539 2976 63 54 of
626 2976 121 65 fire,
775 2978 151 50 1936.

400 3049 65 47 ix,
499 3048 71 50 [1],
603 3048 177 40 11-416
810 3058 44 38 p.
914 3047 149 40 front,
1095 3045 173 51 (port.)
1308 3046 144 50 illus.,
1485 3046 174 49 plates.
1718 3045 119 43 22cm.

403 3105 292 48 “Drawings
722 3105 62 48 by
812 3104 250 40 Branford
1092 3104 191 48 Clarke,
1314 3103 156 40 Pillar
1498 3103 52 40 of
1577 3103 90 41 fire
1694 3102 192 41 artist.”

330 3159 53 53 ©
408 3163 119 42 Nov.
552 3162 70 47 23,
649 3162 143 43 1936;
820 3162 67 39 2c.
914 3162 97 39 and
1037 3162 82 40 aff.
1146 3163 113 38 Dec.
1283 3161 53 47 9;
1367 3162 42 39 A
1433 3160 202 48 101203;
1665 3160 156 40 Pillar
1846 3160 54 42 of
1924 3161 102 49 fire,
2057 3159 293 51 Zarephath,

400 3222 56 40 N.
479 3221 44 40 J.
578 3219 285 51 [Copyright
888 3219 41 39 is
954 3219 209 40 claimed
1186 3229 60 29 on
1271 3218 215 40 revision
1510 3218 97 40 and
1630 3227 109 30 new
1761 3217 246 51 material]

330 3311 239 66 Wilson,
593 3312 330 64 Margaret,
951 3316 172 51 1882-

460 3386 1891 70 … The law and the McLaughlins. Garden City, New York,
329 3467 358 68 Doubleday,
713 3467 201 53 Doran
942 3469 46 51 &
1016 3484 299 51 company,
1343 3463 128 71 inc.,
1500 3468 151 51 1936.

398 3540 532 52 5 p. l., 308 p. 21cm.
399 3598 162 42 “First
590 3597 227 44 edition.”

331 3652 52 54 ©
409 3657 102 40 Oct.
537 3655 69 47 23,
632 3655 144 47 1936;
803 3654 66 40 2c.
898 3655 96 39 and
1020 3655 82 40 aff.
1128 3655 118 41 Nov.
1270 3653 83 43 30;
1382 3654 40 40 A
1448 3652 201 49 101035;
1677 3652 302 49 Doubleday,
2009 3654 168 38 Doran
2203 3654 38 39 &
2265 3662 83 39 co.,

402 3713 90 40 inc.
562 3711 284 50 (36-28559)

327 3805 199 63 Wons,
552 3803 308 64 Anthony,
888 3822 179 47 comp.

399 3880 212 68 Tony’s
636 3898 166 49 scrap
829 3881 164 53 book.
1059 3880 241 53 1936-37
1326 3880 84 53 ed.
1477 3882 90 64 By
1595 3879 278 67 Anthony
1896 3881 181 53 Wons
2114 3878 220 68 (Tony)

330 3958 1178 67 Chicago, The Reilly & Lee co. [ c 1936]
400 4029 1044 51 4 p. l., 13-123 p. front. (port.) 22cm.
330 4084 53 53 ©
411 4088 119 41 Nov.
559 4087 70 49 27,
661 4087 142 48 1936;
836 4087 67 42 2c.
937 4089 112 39 Dec.
1080 4088 53 47 4;
1166 4087 81 40 aff.
1280 4089 113 39 Dec.
1424 4086 53 48 2;
1511 4088 41 38 A
1582 4084 201 50 100812;
1818 4087 53 40 A.
1903 4087 163 48 Wons,
2099 4085 243 46 Kenosha,

405 4145 117 42 Wis.
