2519 4377
1299 4115 140 53 1586

344 406 153 63 Cole,
527 404 258 57 William
816 406 161 63 Earl,
1009 411 174 51 1904-

419 481 1946 71 Sociology for schools, by William E. Cole … and Charles
347 561 2017 70 S. Montgomery … Boston, New York [etc.] Allyn and Bacon
368 642 156 51 [ c 1936]
416 711 81 47 vii,
531 710 72 51 [2],
632 710 88 41 344
750 721 59 39 p.,
837 711 25 39 1
928 742 9 17 l.,
968 711 26 41 8
1024 722 44 39 p.
1128 711 166 43 front.,
1325 712 145 50 illus.,
1501 712 183 49 diagrs.
1743 712 148 42 19½cm.

418 768 251 41 “Selected
701 767 305 42 references”
1038 771 51 39 at
1121 770 92 40 end
1245 769 52 40 of
1327 770 121 40 each
1476 770 219 49 chapter.

348 825 53 53 ©
433 829 102 40 Oct.
566 827 71 43 21.
670 827 143 49 1936;
846 827 69 41 2c.
947 828 104 42 Oct.
1082 827 84 49 30;
1202 828 81 40 aff.
1319 828 102 41 Oct.
1455 828 83 49 31;
1573 829 41 40 A
1644 827 174 50 99685;
1853 829 147 48 Allyn
2034 830 39 41 &
2102 831 180 39 Bacon.

429 884 284 49 (36-29278)

345 992 182 64 Conn,
555 991 225 54 Harold
806 991 146 65 Joel,
982 997 173 51 1886-

417 1067 325 71 Biological
772 1067 209 71 stains;
1014 1088 32 34 a
1075 1069 309 54 handbook
1412 1088 74 36 on
1516 1070 97 54 the
1641 1074 206 50 nature
1877 1072 116 54 and
2020 1089 126 36 uses
2175 1069 65 55 of
2271 1071 96 53 the

348 1148 137 68 dyes
525 1145 302 73 employed
869 1147 61 54 in
971 1148 97 55 the
1108 1147 309 71 biological
1456 1149 351 70 laboratory,
1847 1149 78 69 by
1965 1150 79 55 H.
2084 1151 58 55 J.
2187 1149 181 68 Conn,

349 1228 139 53 New
532 1226 169 55 York
742 1227 380 71 agricultural
1169 1228 355 69 experiment
1566 1228 233 69 station,
1841 1229 316 68 chairman,
348 1229 1996 132 Commission
611 1325 76 35 on
715 1307 500 55 standardization

1243 1307 65 55 of
1335 1307 309 71 biological
1672 1309 208 68 stains;
1912 1309 285 68 prepared
2228 1307 140 56 with

347 1387 95 53 the
464 1386 416 55 collaboration
901 1387 65 54 of
988 1389 55 55 J.
1068 1389 72 53 A.
1162 1388 256 68 Ambler,
1441 1389 68 53 R.
1533 1389 90 55 W.
1646 1388 243 67 French,
1910 1389 91 53 W.
2027 1388 62 56 C.
2114 1388 256 67 Holmes,

351 1465 56 57 S.
443 1467 48 53 I.
528 1466 395 70 Kornhauser,
957 1468 65 53 F.
1060 1468 68 54 B.
1166 1467 254 69 Mallory
1482 1468 113 53 [and]
1654 1469 66 53 L.
1755 1468 91 55 W.
1888 1467 210 68 Sharp.
2174 1468 72 53 3d
2284 1468 84 53 ed.

350 1544 247 55 Revised
644 1545 143 55 with
831 1545 97 56 the
973 1545 308 55 assistance
1326 1545 65 53 of
1435 1547 56 55 J.
1539 1548 65 53 T.
1654 1545 249 57 Scanlan
1948 1547 115 53 and
2109 1547 148 53 Anis
2303 1548 64 53 P.

354 1627 319 54 Bradshaw
714 1628 113 54 and
871 1626 279 56 members
1194 1626 66 56 of
1301 1628 96 56 the
1440 1626 315 55 Executive
1800 1626 325 56 committee
2167 1626 65 54 of
2274 1628 96 53 the

351 1704 400 58 Commission.
827 1705 251 70 Geneva,
1117 1707 70 54 N.
1230 1707 93 67 Y.,
1364 1707 123 53 The
1527 1705 401 68 Commission,
1968 1710 152 51 1936.

420 1781 90 41 276
535 1792 45 39 p.
639 1780 28 42 1
695 1779 148 51 illus.,
872 1781 182 48 diagrs.
1114 1780 118 41 21cm.

423 1839 383 49 Bibliography:
837 1850 44 39 p.
910 1838 221 43 251-266.

352 1894 53 53 ©
434 1898 102 42 Oct.
565 1898 40 49 1,
630 1896 147 49 1936;
806 1897 68 41 2c.
904 1897 102 42 Oct.
1036 1897 54 48 5;
1121 1897 82 41 aff.
1232 1897 120 41 Nov.
1380 1896 83 47 17;
1494 1897 40 39 A
1562 1894 173 50 98786;
1767 1893 324 45 Commission
2119 1904 61 31 on
425 1893 1931 104 standardization
731 1955 55 39 of

810 1954 260 49 biological
1099 1953 172 50 stains,
1300 1954 213 48 Geneva,
1540 1954 57 42 N.
1627 1953 54 39 Y.
1753 1950 284 50 (36-29000)

351 2046 277 65 Denison,
654 2048 141 53 Mrs.
822 2044 214 56 Muriel
1068 2044 297 67 (Goggin)

423 2123 335 70 Susannah;
797 2143 31 34 a
864 2122 153 57 little
1048 2122 115 70 girl
1199 2122 142 54 with
1372 2122 97 53 the
1500 2120 308 68 Mounties,
1840 2121 78 69 by
1949 2121 213 54 Muriel
350 2121 1994 151 Denison;
538 2201 329 56 illustrated
921 2202 76 70 by

1050 2201 358 72 Marguerite
1461 2204 216 67 Bryan.
1753 2201 141 54 New
1948 2200 183 69 York,
2181 2200 193 67 Dodd,
353 2285 171 54 Mead
554 2288 47 51 &
632 2302 303 51 company,
968 2288 152 50 1936.

425 2357 65 50 ix,
517 2357 89 43 299
633 2368 46 40 p.
709 2357 111 43 incl.
848 2357 166 49 front.,
1044 2357 146 49 illus.,
1219 2357 173 49 plates.
1453 2355 118 42 21cm.

425 2416 294 42 Illustrated
748 2414 370 51 lining-papers.

355 2471 54 53 ©
438 2474 103 42 Oct.
570 2474 70 49 28,
671 2473 143 49 1936;
845 2473 68 43 2c.
943 2474 97 40 and
1071 2473 82 41 aff.
1186 2473 103 40 Oct.
1318 2472 50 40 31;
1435 2472 40 40 A
1506 2470 200 48 100168;
1740 2469 156 49 Dodd,
1928 2469 145 41 Mead
2104 2469 36 41 &
2169 2478 84 37 co.,
2283 2467 94 40 inc.

436 2530 285 51 (36-29007)

353 2623 234 65 Duddy,
615 2623 258 54 Edward
900 2622 326 71 Augustin,
1257 2627 173 50 1884-

426 2699 155 55 Writ
585 2705 96 49 ten
713 2697 481 56 communication
1225 2697 61 54 in
1316 2694 258 56 business
1610 2695 93 70 [by]
1759 2692 260 56 Edward
2049 2691 72 56 A.
2156 2690 220 70 Duddy

419 2769 1951 72 … and Martin J. Freeman … New York, Cincinnati [etc.]
356 2855 310 56 American
695 2855 150 55 book
876 2872 282 52 company
1195 2855 194 68 [c1936]

425 2927 103 50 viii,
573 2927 88 43 527
701 2938 44 39 p.
788 2928 111 41 incl.
944 2928 145 46 illus.,
1134 2926 196 49 diagrs.,
1375 2925 171 42 forms,
1622 2924 172 50 plates.
1870 2922 119 42 23cm.
2074 2921 302 52 (Half-title:

359 2986 257 41 American
643 2985 272 41 economics
941 2985 97 40 and
1065 2984 224 41 business
1318 2983 178 48 series;
1528 2983 131 41 Leon
1687 2981 50 42 C.
1767 2980 257 48 Marshall,
2052 2980 198 49 general
358 2979 1999 112 editor)

429 3100 255 48 “Heading
710 3098 304 42 references”
1045 3100 52 39 at
1127 3099 91 40 end
1249 3096 53 42 of
1330 3098 128 40 most
1485 3096 54 41 of
1566 3096 83 42 the
1675 3095 243 48 chapters.

360 3157 53 53 ©
440 3158 102 44 Oct.
570 3159 71 49 13,
670 3158 141 49 1936;
842 3157 67 44 2c.
939 3158 95 40 and
1061 3157 83 41 aff.
1175 3157 100 41 Oct.
1304 3155 84 48 20;
1418 3156 40 39 A
1485 3153 174 50 99479;
1688 3155 162 39 Amer.
1878 3153 125 40 book
2031 3162 67 31 co.

440 3216 285 51 (36-29284)

356 3308 177 66 Eliot,
561 3310 140 53 Mrs.
732 3306 177 55 Ethel
941 3305 222 68 (Cook)
1203 3310 172 51 1890-

427 3385 240 71 Angels’
702 3385 200 70 mirth,
934 3384 78 70 by
1049 3383 174 54 Ethel
1261 3381 160 57 Cook
1457 3381 177 54 Eliot.
1709 3380 140 54 New
1888 3379 183 66 York,
2109 3378 181 57 Sheed
2333 3380 43 51 &

357 3465 201 69 Ward,
591 3469 153 52 1936.

430 3540 29 42 2
488 3551 45 40 p.
598 3571 11 19 l.,
638 3537 90 45 299
757 3550 43 40 p.
861 3538 119 45 20cm.

432 3597 166 43 “First
625 3596 234 45 edition.”

361 3653 53 53 ©
443 3657 102 41 Oct.
573 3655 71 50 28,
674 3655 141 48 1936;
846 3655 67 41 2c.
944 3656 101 41 Oct.
1074 3653 84 44 30;
1191 3653 81 40 aff.
1302 3653 119 40 Nov.
1449 3650 54 42 3:
1535 3651 40 39 A
1604 3647 202 48 100252;
1841 3645 157 44 Sheed
2027 3645 37 41 &
2091 3643 168 48 Ward,
2288 3642 92 42 inc.

442 3712 285 50 (36-29003)

358 3801 417 66 Encyclopedia
798 3804 243 52 italiana
1066 3803 58 52 di
1150 3802 234 64 scienze,
1407 3799 200 53 lettere
1628 3797 68 53 ed
1722 3794 131 68 arti,
1877 3791 333 72 pubblicata
2233 3791 148 51 sotto

432 3881 159 57 l’alto
630 3887 309 62 patronato
978 3882 59 52 di
1081 3881 56 55 S.
1178 3881 79 52 M.
1296 3880 43 52 il
1379 3880 83 51 Re
1501 3873 252 56 d’ltalia.
2015 3915 10 9 [XXXI.
2070 3867 289 58 Scar-Soc]

430 3961 201 60 Roma,
670 3961 235 53 Istituto
942 3961 153 53 della
1132 3955 408 70 Enciclopedia
1577 3954 243 53 italiana
1855 3950 245 53 fondata

2135 3947 74 53 da
424 3946 1933 150 Giovanni
630 4040 294 74 Treccani,
949 4043 153 53 1936.
