2519 4377
1286 4123 99 50 698

413 510 1941 56 3 p. l. , [9]-239, [1] p. illus. (incl. maps) 48 pl. (incl. ports.) on 24 l.
341 567 59 40 22½
430 570 45 21 cm
479 600 10 8 .
558 567 367 50 (Bibliothèque
954 570 330 51 scientifique)

415 625 226 41 Includes
668 624 395 52 bibliographies.

344 690 1824 62 © Oct. 22, 1935; 1c. Feb. 17, 1936; A-Foreign 30499; Payot.
423 752 283 52 (36-11243)

339 857 438 66 Montgomery,
805 859 164 65 Lucy
993 862 198 52 Maud.

409 935 122 54 The
557 955 134 35 man
718 937 128 54 who
873 938 276 55 wouldn’t
1174 939 138 55 talk.

444 1010 63 39 (In
531 1007 251 44 Montreal
811 1009 196 53 Family
1033 1010 174 43 herald
1235 1011 96 42 and
1359 1010 189 54 weekly
1576 1016 124 48 star,
1728 1012 119 52 May
1875 1014 42 50 6,
1947 1013 145 51 1936)

340 1074 2014 60 © 1c. June 19, 1936; A ad int. 21587; pubd. May 6; Frederick A. Stokes
411 1147 82 38 co.,
519 1138 119 40 New
663 1139 144 40 York.

409 1241 123 53 The
556 1243 270 67 wedding
852 1247 58 49 at
935 1244 220 67 Poplar
1176 1245 190 53 Point.

442 1316 61 39 (In
533 1313 252 43 Montreal
815 1314 197 52 Family
1046 1314 173 43 herald
1252 1315 96 43 and
1382 1315 189 53 weekly
1603 1321 124 46 star,
1760 1317 118 52 May
1913 1318 72 50 13,
2021 1318 144 50 1936)

338 1380 2014 58 © 1c. June 19, 1936; A ad int. 21588; pubd. May 13; Frederick A. Stokes
408 1453 82 37 co.,
525 1444 118 41 New
678 1445 146 40 York.

336 1549 220 63 Moore,
581 1549 259 56 William
866 1551 182 65 Dyer.

409 1624 429 56 Southwestern
878 1628 197 69 nights
1118 1629 113 52 and
1274 1646 263 36 romance
1601 1629 94 70 [by]
1743 1629 150 55 Wm.
1937 1630 159 70 Dyer
2136 1630 213 53 Moore.

337 1703 218 69 Dallas,
579 1706 157 66 Tex.,
759 1706 199 66 Tardy
985 1706 338 66 publishing
1347 1724 99 48 co.,
1475 1707 152 53 1936.

459 1779 504 50 5 p. l., 155 p. 19½cm.
686 1837 583 42 CONTENTS.—Poems.—Historical
1305 1840 172 39 drama:
1540 1839 42 39 A
1618 1837 173 49 knight
1827 1838 52 41 of
1911 1839 119 40 New
2066 1840 199 39 France.

337 1898 53 53 ©
415 1904 113 47 May
551 1902 39 48 9,
616 1903 116 41 1936;
786 1904 67 40 2c.
880 1905 114 46 May
1018 1902 54 41 19;
1129 1904 81 40 aff.
1237 1906 114 46 May
1378 1904 58 40 18;
1488 1905 40 38 A
1552 1904 143 41 95281;
1755 1906 72 41 W.
1853 1906 57 40 D.
1938 1906 178 49 Moore,
2143 1906 208 48 Denton,

405 1961 114 40 Tex.
591 1961 282 48 (36-11263)

335 2063 287 65 Moravia,
649 2064 268 65 Alberto,
948 2065 172 56 1907-

467 2139 1879 71 … Le ambizioni sbagliate; romanzo. Milano, A. Mondadori
339 2250 13 35 [
357 2223 18 22 c
382 2221 151 67 1935]

402 2293 658 52 3 p. l. , [9]-522 p. 19½ cm .
336 2350 2012 53 © July 13, 1935; 1c. Mar. 18, 1936; A-Foreign 30841; Casa editrice
408 2412 54 39 A.
502 2412 304 40 Mondadori.
879 2411 281 49 (36-11104)

333 2516 147 52 New
507 2516 163 52 York
709 2517 218 66 (State)
1012 2517 185 66 Laws,
1223 2521 257 62 statutes,
1507 2521 100 48 etc.

407 2594 237 55 Cahill’s
677 2595 139 52 New
846 2594 163 53 York
1039 2595 136 52 code
1206 2594 62 52 of
1298 2593 262 53 criminal
1592 2594 327 67 procedure.
1991 2596 133 50 1936
332 2611 1989 115 cumulative
545 2672 378 68 supplement.
998 2672 352 68 Containing
1386 2673 96 52 the
1519 2672 138 52 laws
1693 2671 232 53 enacted
1965 2677 60 47 at
2061 2673 97 51 the
2194 2675 152 65 1929,

333 2750 2011 226 1930, 1931, 1932, 1933, 1931, 1935 sessions (including the extraordinary sessions) and the regular 1936 session of the Legislature. Edited by Austin B. Griffin … Chicago, Callaghan
335 2989 110 51 and
473 3005 299 50 company,
800 2990 149 51 1936.

406 3060 626 49 1 p. l. , ii, 128 p. 26½ cm .
406 3118 118 39 This
565 3118 249 48 pamphlet
856 3116 42 41 is
940 3120 47 37 to
1030 3118 60 39 be
1126 3117 139 40 fitted
1307 3116 104 41 into
1454 3117 81 39 the
1576 3117 176 48 pocket
1789 3119 51 37 at
1883 3117 80 40 the
2006 3116 122 40 back
2169 3117 55 39 of
2263 3116 83 42 the

333 3177 191 38 volume
552 3175 50 39 of
632 3176 82 38 the
743 3176 72 38 set
847 3177 47 37 to
924 3174 158 40 which
1113 3174 37 39 it
1181 3175 208 46 belongs.

335 3228 53 53 ©
417 3233 129 39 June
573 3232 68 48 15,
670 3231 118 40 1936;
845 3231 66 40 2c.
944 3232 95 38 and
1071 3230 82 43 aff.
1186 3231 130 39 June
1344 3231 53 40 17;
1459 3231 40 38 A
1530 3230 171 48 96014;
1737 3230 270 48 Callaghan
2041 3230 36 40 &
2108 3240 68 31 co.

332 3352 146 52 New
504 3351 182 53 York.
761 3349 421 64 Metropolitan
1208 3364 272 39 museum
1508 3350 65 53 of
1598 3352 114 53 art.

464 3423 1875 70 … An exhibition of the work of John La Farge. New
336 3505 176 69 York,
551 3505 203 53 March
792 3506 67 51 23
897 3508 57 49 to
992 3503 174 69 April
1206 3505 84 65 26,
1332 3505 151 52 1936.
1585 3503 139 53 [New
1764 3501 180 69 York,
1984 3501 241 54 Printed
2266 3500 72 71 by

333 3585 91 53 the
451 3585 332 53 Blanchard
808 3602 174 50 press,
1010 3583 126 67 inc.,
1165 3585 153 64 1936]

404 3658 86 40 viii
515 3669 58 39 p.,
600 3659 24 39 1
673 3689 23 17 l.,
721 3656 56 41 16
799 3667 56 37 p.,
881 3656 26 39 2
955 3689 8 8 l.
1022 3656 173 48 plates.
1255 3655 57 39 22
1314 3657 17 22 em
1363 3686 9 9 .

405 3716 62 40 At
497 3717 125 40 head
655 3716 52 40 of
740 3715 136 41 title;
910 3715 101 40 The
1043 3712 345 48 Metropolitan
1424 3722 217 31 museum
1676 3711 53 41 of
1761 3712 92 40 art.

405 3772 71 41 On
502 3784 144 30 cover;
696 3772 130 40 John
849 3772 69 40 La
947 3772 156 47 Farge
1128 3769 286 43 exhibition.

405 3829 93 40 “Of
530 3831 99 40 this
661 3830 123 40 book
816 3828 130 49 1,000
981 3829 159 47 copies
1175 3838 127 30 were
1336 3825 210 50 printed,
1582 3825 185 46 March,
1804 3823 158 43 1936.”

405 3886 202 42 Preface
634 3889 168 45 signed;
859 3886 60 40 H.
946 3886 53 40 E.
1025 3884 235 49 Winlock,
1289 3883 225 42 director.

404 3943 156 42 “John
588 3944 65 41 La
685 3943 200 49 Farge”,
910 3943 60 47 by
999 3943 150 48 Royal
1181 3942 246 42 Cortissoz;
1482 3951 42 38 p.
1551 3939 129 41 1-16.

333 3999 53 53 ©
418 4005 120 39 Mar.
570 4004 69 44 21,
672 4004 141 44 1936;
846 4003 67 41 2c.
947 4004 95 39 and
1074 4002 82 40 aff.
1191 4003 122 40 Mar.
1345 4001 82 47 28;
1463 4002 39 38 A
1534 3998 171 48 93426;
1741 3998 347 48 Metropolitan
2122 4006 218 31 museum

406 4061 50 39 of
492 4063 92 38 art.
656 4060 256 48 (36-11442)
