2519 4377
970 4096 131 50 1035

125 538 298 47 “Originally
455 537 256 48 published
746 548 53 29 as
833 536 214 40 Technik
1082 537 82 38 der
1198 536 410 48 psychoanalyse:
1645 534 189 39 volume
1870 544 51 30 n.
1957 532 91 41 Die

54 594 302 48 analytische
383 593 251 47 reaktion;
667 594 191 39 volume
950 625 8 8 III.
989 592 89 40 Die
1110 593 199 45 analyse
1337 592 82 39 des
1450 589 346 48 analytikers.”

126 651 273 47 “Complete
426 650 83 39 list
537 650 51 39 of
613 648 259 49 published
898 648 160 39 works
1086 648 51 39 of
1165 649 82 38 Dr.
1280 648 113 40 Otto
1424 646 169 40 Rank”:
1652 657 43 37 p.
1725 644 234 51 291-[292]

55 717 52 53 ©
139 721 114 46 July
285 720 68 46 13,
386 718 139 47 1936;
560 717 66 42 2c.
664 718 93 39 and
791 718 80 39 aff.
906 718 115 46 July
1054 718 54 38 15;
1169 718 36 38 A
1241 716 169 47 97040;
1447 716 171 39 Alfred
1653 717 53 39 A.
1741 715 178 47 Knopf,
1954 715 92 40 inc.

135 775 277 50 (36-17394)

52 880 240 62 Reeves,
321 879 96 52 Ira
442 877 196 64 Louis,
669 879 168 53 1872-

123 966 1861 69 Is all well on the Potomac? By Colonel Ira L. Reeves …
54 1048 267 66 Chicago,
355 1047 113 66 Ill.,
504 1045 305 55 American
846 1046 193 51 forum
1072 1044 334 68 publishing
1440 1063 78 35 co.
1561 1047 172 64 [1936]

121 1121 84 41 173
234 1132 44 38 p.
333 1120 59 40 20½cm.

123 1177 162 42 “First
311 1175 229 51 printing,
572 1176 169 40 March
774 1173 157 42 1936.”

54 1243 52 53 ©
129 1248 113 46 Apr.
268 1248 38 46 1,
329 1246 139 46 1936;
496 1246 65 40 2c.
587 1247 113 45 May
725 1244 81 43 20;
836 1244 81 40 aff.
946 1245 111 45 May
1083 1244 81 46 25;
1193 1244 39 38 A
1257 1244 170 46 95358;
1459 1245 35 39 I.
1522 1244 49 39 L.
1599 1243 196 45 Reeves,
1823 1241 224 47 Chicago.

133 1303 277 49 (36-17334)

53 1407 186 52 Rinek
266 1407 248 62 cordage
541 1420 304 48 company,
871 1405 235 62 Easton,
1132 1406 99 51 Pa.

123 1497 119 52 The
288 1513 259 35 romance
594 1494 64 53 of
705 1512 149 49 rope.
931 1495 232 65 Easton,
1210 1496 121 64 Pa.,
1378 1494 187 52 Rinek
1611 1493 242 68 cordage
54 1512 1969 131 company
237 1576 190 66 [c1936]

127 1649 83 48 [43]
243 1659 41 37 p.
344 1647 129 41 illus.
532 1646 56 39 24½
621 1648 45 22 cm
671 1680 9 9 .

127 1705 145 40 Short
301 1702 174 42 stories
508 1703 96 40 and
635 1702 236 40 sketches.

129 1761 160 40 “First
316 1758 227 42 edition.”

55 1826 51 52 ©
133 1831 125 38 June
284 1830 68 46 23,
379 1829 140 45 1936;
549 1828 65 39 2c.
645 1828 94 39 and
769 1827 81 40 aff.
879 1827 115 46 July
1023 1829 50 42 1;
1105 1828 41 38 A
1167 1825 143 41 96265;
1370 1826 155 40 Rinek
1554 1827 206 47 cordage
1788 1836 66 30 co.

134 1884 277 49 (36-17349)

52 1990 137 62 Roe,
219 1988 178 52 Alton
424 1987 219 65 James,
677 1991 168 50 1884-

125 2077 256 53 Beneath
411 2077 95 53 the
535 2075 254 68 surface;
822 2093 26 34 a
880 2074 153 53 brief
1062 2074 171 68 study
1263 2075 64 52 of
1358 2074 347 69 underlying
1732 2074 100 53 fire
57 2077 1966 131 insurance

232 2154 148 53 facts
420 2154 113 52 and
573 2171 150 35 some
764 2151 387 54 observations
1191 2152 94 52 for
1324 2153 96 52 the
1462 2151 461 69 discriminating
54 2154 1969 132 insurance

311 2232 177 68 buyer
516 2266 13 34 [by]
654 2231 72 54 A.
751 2231 54 55 J.
833 2229 132 54 Roe.
1044 2229 229 69 Seattle,
1296 2230 214 68 Wash.,
1534 2229 228 54 Mutual
1786 2231 259 53 research

55 2311 230 66 bureau,
322 2313 148 50 1936.

121 2381 57 39 45
207 2392 41 36 p.
309 2380 26 39 2
362 2380 118 41 fold,
510 2380 110 46 tab.,
651 2380 178 46 diagrs.
889 2378 56 40 23
948 2381 44 22 cm
997 2410 8 9 .

55 2449 52 53 ©
134 2454 114 46 July
277 2455 37 46 7,
343 2452 139 48 1936;
514 2453 66 39 2c.
610 2452 97 39 and
735 2451 80 41 aff.
844 2451 116 47 July
988 2452 82 47 13;
1100 2453 38 37 A
1168 2451 170 49 97006;
1372 2453 189 39 Mutual
1594 2455 225 37 research
1849 2454 198 40 bureau.

131 2510 277 48 (36-17300)

53 2613 290 63 Scacheri,
372 2612 206 54 Mario.

123 2700 240 53 Indians
397 2700 194 68 today,
624 2700 76 68 by
733 2698 190 54 Mario
959 2699 113 53 and
1105 2699 192 53 Mabel
1334 2698 282 57 Scacheri.
1687 2701 138 54 New
1864 2701 181 69 York,

53 2776 307 70 Harcourt,
390 2777 182 53 Brace
601 2777 113 53 and
743 2794 280 51 company
1060 2778 192 66 [c1936]

124 2848 814 53 4 p. l., 182, [1] p. illus. 24 cm .
126 2907 131 40 Each
280 2917 120 38 page
424 2906 52 41 of
498 2908 82 42 the
603 2908 107 39 text
731 2907 42 40 is
797 2905 141 43 faced
963 2907 60 47 by
1046 2918 28 30 a
1099 2907 234 48 full-page
1355 2908 316 48 photograph.

127 2964 39 37 A
190 2966 132 45 story
349 2963 149 41 about
519 2964 81 40 the
624 2963 180 41 Pueblo
831 2965 96 40 and
951 2964 203 40 Navaho
1182 2964 216 44 Indians.

54 3029 52 53 ©
135 3034 113 46 July
277 3035 67 46 16,
374 3034 139 47 1936;
544 3034 67 39 2c.
641 3034 115 46 July
783 3034 81 43 24;
897 3034 81 40 aff.
1008 3035 114 46 July
1150 3035 82 48 25;
1264 3036 41 38 A
1333 3034 169 50 97129;
1536 3038 261 46 Harcourt,
1828 3039 155 38 Brace
2010 3039 37 39 &

125 3101 81 38 co.,
230 3090 90 41 inc.
381 3090 277 48 (36-17257)

53 3194 407 63 Schauweker,
488 3195 146 53 Sara
664 3192 325 55 Elizabeth.

54 3282 1967 131 An idle dream; a book of poems, by Sara Elizabeth Schauweker. [New
503 3360 180 64 York]
718 3360 114 54 Old
861 3361 199 63 colony
1088 3380 173 44 press,
1289 3366 150 49 1936.

141 3433 69 50 [60]
247 3444 43 38 p.
351 3432 54 41 19
409 3435 42 21 cm
456 3464 8 8 .

56 3498 52 54 ©
142 3503 125 39 June
300 3504 67 48 13,
403 3504 139 46 1936;
579 3503 65 40 2c.
681 3504 114 48 July
828 3506 82 45 13;
949 3505 80 42 aff.
1064 3506 115 48 July
1213 3506 52 48 9;
1304 3508 37 38 A
1377 3506 170 47 96415;
1589 3508 43 41 S.
1670 3510 50 38 E.
1761 3509 42 41 S.
1842 3509 202 47 Renton,

125 3561 339 46 Youngstown,
493 3561 51 41 O.
612 3560 279 49 (36-17261)

55 3662 305 63 Schlauch,
391 3661 252 55 William
673 3664 194 64 Storb,
897 3667 169 54 1873-

128 3737 239 54 General
399 3740 391 54 mathematics
826 3740 94 52 for
954 3742 256 53 students
1245 3744 63 50 of
1343 3741 253 54 business
1636 3744 109 67 [by]
1784 3743 257 54 William

60 3814 1710 73 S. Schlauch … New York, F. S. Crofts & co., 1936.
126 3897 62 47 ix,
224 3898 83 40 393
343 3909 43 37 p.
445 3899 141 48 illus.,
624 3902 179 46 diagrs.
862 3903 55 39 23½cm.

59 3965 51 52 ©
140 3971 123 39 June
294 3972 68 46 15,
393 3971 138 48 1936;
565 3974 67 40 2c.
664 3975 96 38 and
790 3975 81 41 aff.
903 3976 114 46 July
1048 3977 52 46 7;
1133 3977 41 38 A
1204 3975 141 41 96323;
1408 3977 50 40 F.
1495 3978 44 40 S.
1573 3979 165 39 Crofts
1771 3979 35 40 &
1837 3989 81 37 co.,
1953 3979 91 39 inc.

129 4025 275 47 [Copyright
430 4029 40 38 is
495 4029 204 39 claimed
725 4041 60 29 on
810 4040 106 29 new
945 4031 99 38 matter]
1204 4032 253 40 (36-17299)
