2519 4377
1304 4116 99 50 958

359 495 2012 73 of the Editorial board of the University society … New
359 572 180 70 York,
567 574 125 53 The
716 573 339 71 University
1080 574 229 71 society,
1332 576 406 68 incorporated
1774 609 13 35 [
1790 582 20 23 c
1815 578 153 67 1936]

430 646 1713 56 vi, 128 p., 1 l. 20½ cm . (Personal engineering series. [Vol. IV])
361 715 52 53 ©
437 720 127 39 June
587 720 69 46 18,
681 719 114 40 1936
814 730 8 36 ;
849 720 66 39 2c.
941 720 128 40 June
1092 720 82 47 18;
1202 720 81 39 aff.
1312 721 126 39 June
1462 721 56 40 19
1536 731 9 38 ;
1570 721 42 40 A
1635 720 145 42 96052
1799 733 9 36 ;
1838 722 284 41 University
2149 734 107 37 soc.,
2281 723 91 40 inc.

440 776 282 48 (36-15900)

356 878 332 65 Tresckow,
716 878 228 55 Walter
969 895 133 37 von.

425 954 332 55 Merchants
797 954 65 55 of
904 955 160 69 debt;
1111 975 31 34 a
1185 956 171 70 study
1397 955 61 54 in
1499 956 98 55 the
1638 956 293 72 changing
1973 958 293 55 character
2306 959 64 55 of

357 1032 310 56 American
714 1034 261 71 banking
1020 1035 114 53 and
1183 1035 74 53 its
1305 1034 163 55 effect
1517 1053 73 36 on
1637 1034 308 71 securities,
1995 1037 75 69 by
2118 1038 90 54 W.
2260 1056 110 36 von

358 1111 1734 73 Tresckow … New York, Young & Ottley, inc. [ c 1936]
428 1186 712 50 54 p., 1 l. diagrs. 28½ cm .
359 1256 53 53 ©
445 1261 127 39 June
604 1260 72 47 12,
709 1259 141 47 1936;
885 1259 67 39 2c.
988 1259 96 39 and
1118 1258 82 42 aff.
1237 1259 117 47 July
1388 1259 82 48 15;
1506 1260 41 38 A
1580 1258 171 49 97025;
1789 1260 171 48 Young
1995 1261 37 40 &
2067 1261 177 48 Ottley,
2280 1260 92 43 inc.

440 1316 282 48 (36-15901)

354 1420 195 66 Tyler,
574 1420 189 66 Alsup
790 1421 151 65 Vail,
968 1422 54 53 d.
1051 1423 150 52 1928.

425 1497 316 54 Damascus
777 1515 230 49 manor;
1048 1516 74 34 an
1153 1497 163 69 early
1350 1496 225 70 history
1612 1495 66 55 of
1710 1497 98 54 the
1844 1515 189 51 upper
2068 1498 303 53 Delaware

354 1574 1989 151 valley, by Alsup Vail Tyler. Narrowsburg, N. Y., The Delaware valley news [ c 1936]
424 1728 533 50 3 p. l. , 24 p. 22½ cm .
425 1786 262 42 Foreword
715 1786 168 49 signed
901 1796 9 30 :
942 1786 203 41 Watson
1172 1786 51 40 L.
1252 1785 158 48 Tyler.

357 1856 53 52 ©
442 1861 122 39 Mar.
599 1860 39 46 1,
673 1859 141 47 1936;
849 1858 68 41 2c.
952 1858 95 40 and
1082 1858 81 41 aff.
1200 1860 123 39 Mar.
1358 1858 81 47 12;
1475 1858 41 39 A
1548 1856 173 49 93119;
1757 1859 204 39 Watson
1997 1859 51 39 L.
2082 1858 159 47 Tyler,
426 1859 1928 105 Damascus,
658 1917 82 39 Pa.
804 1915 283 49 (36-16182)

355 2022 130 53 Van
511 2020 251 64 Winkle,
788 2019 257 55 William
1072 2018 284 65 Mitchell,
1387 2024 172 50 1885-

427 2099 206 67 Henry
674 2097 263 55 William
979 2096 252 53 Herbert
1270 2096 237 53 <Frank
1546 2096 266 52 Forester>
1890 2114 31 34 a
1960 2095 411 71 bibliography

357 2177 64 53 of
449 2176 89 55 his
568 2176 285 69 writings,
881 2178 329 65 1832-1858,
1240 2174 283 68 compiled
1551 2174 76 69 by
1655 2173 262 56 William
1947 2175 262 53 Mitchell
2239 2177 133 53 Van

356 2255 251 69 Winkle,
639 2255 142 55 with
812 2254 98 55 the
938 2253 485 70 bibliographical
1457 2252 304 56 assistance
1793 2252 64 56 of
1886 2254 198 53 David
2114 2254 71 53 A.
354 2255 1992 134 Randall.

558 2333 303 67 Portland,
894 2334 131 68 Me.,
1056 2334 121 52 The
1208 2331 772 56 Southworth-Anthoensen
2013 2352 174 50 press,
2220 2337 148 53 1936.

427 2408 137 48 xviii,
592 2408 88 41 189
705 2419 42 38 p.
802 2408 150 40 front,
982 2406 174 50 (port.)
1190 2408 172 48 plates,
1388 2406 216 41 facsims.
1658 2407 58 40 24
1718 2410 45 21 cm
1767 2440 9 9 .

428 2466 129 41 Title
605 2465 232 49 vignette.

356 2532 53 53 ©
445 2538 113 44 May
593 2536 70 48 23,
700 2534 140 47 1936;
878 2534 68 41 2c.
982 2534 97 40 and
1115 2533 82 41 aff.
1236 2535 128 39 June
1398 2534 82 48 30;
1519 2535 41 39 A
1596 2534 170 48 95871;
1806 2536 71 40 W.
1916 2537 64 39 M.
2016 2537 108 39 Van
2161 2536 206 51 Winkle,

423 2594 118 39 New
568 2593 147 39 York.
784 2590 282 50 (36-15959)

353 2695 131 54 Van
507 2695 261 65 Woeart,
793 2693 325 66 Alphaeus.

421 2770 279 53 Paradise
733 2769 220 69 aflame,
982 2769 77 70 by
1087 2768 299 70 Alphaeus
1418 2770 130 55 Van
1581 2769 252 55 Woeart.
1903 2771 237 69 Boston,
351 2770 1987 133 Chapman
522 2849 46 52 &
603 2847 228 57 Grimes
874 2881 13 35 [
890 2853 20 22 c
915 2849 154 66 1936]

422 2921 606 53 4 p. l. , [7]-77 p. 20 cm .
425 2980 291 43 Illustrated
747 2982 99 46 t.-p.

424 3038 184 41 Poems.

355 3106 52 52 ©
444 3110 128 40 June
607 3110 71 47 30,
716 3109 140 41 1936:
897 3109 67 41 2c.
1003 3108 97 40 and
1135 3108 82 41 aff.
1256 3109 116 47 July
1410 3108 53 48 9;
1505 3108 40 40 A
1582 3108 171 48 96369;
1796 3109 252 48 Chapman
2087 3111 35 39 &
2163 3109 203 41 Grimes.

434 3165 284 49 (36-15985)

354 3267 232 66 Verrill,
613 3268 271 65 Alpheus
909 3270 213 65 Hyatt,
1152 3270 171 55 1871-

424 3343 247 71 Strange
711 3363 90 35 sea
841 3345 171 54 shells
1052 3345 114 54 and
1206 3344 151 54 their
1398 3344 216 55 stories.
1692 3344 153 54 How
1885 3344 139 70 they
2065 3364 93 34 are
2198 3345 167 54 made

353 3423 112 52 and
497 3441 176 52 grow.
743 3423 151 52 How
926 3424 135 69 they
1096 3442 95 34 are
1226 3423 225 54 colored
1487 3423 114 54 and
1635 3423 99 53 the
1763 3426 259 65 patterns
2056 3423 305 68 produced.

354 3501 151 55 Rare
547 3501 187 55 shells.
817 3500 187 57 Shells
1048 3502 129 53 that
1215 3500 163 55 build
1424 3520 32 35 a
1501 3499 138 56 raft.
1724 3499 187 58 Shells
1954 3501 128 53 that
2126 3500 135 55 bore
2304 3498 60 57 in

354 3582 176 52 rocks.
600 3580 181 55 Giant
812 3581 186 53 shells.
1068 3581 124 52 The
1222 3581 142 53 shell
1395 3580 129 53 that
1552 3578 156 55 sinks
1739 3579 177 69 ships,
1947 3584 120 64 etc.,
2099 3584 100 49 etc.
2271 3579 91 69 By

351 3656 2009 73 A. Hyatt Verrill … Illustrated by the author. Boston, L. C.
352 3737 155 69 Page
535 3740 46 51 &
605 3755 284 51 company
942 3739 153 65 [1936]

422 3807 1119 53 xvi, 206 p. col. front., illus., v pl. 23 cm .
424 3868 334 48 Frontispiece
787 3867 342 48 accompanied
1157 3867 62 47 by
1245 3867 155 47 guard
1427 3866 136 40 sheet
1592 3865 120 41 with
1742 3863 294 49 descriptive
2063 3864 296 46 letterpress.

423 3925 163 42 “First
614 3925 303 48 impression,
944 3925 139 47 June,
1112 3923 158 42 1936.”

354 3992 53 53 ©
433 3997 114 39 July
573 3998 39 46 3,
641 3997 141 46 1936;
809 3998 67 38 2c.
905 3996 115 47 July
1047 3996 82 47 13;
1158 3996 83 40 aff.
1266 3995 115 47 July
1409 3994 81 46 14;
1520 3994 40 39 A
1587 3993 170 47 96414;
1788 3993 49 39 L.
1868 3993 49 41 C.
1944 3994 129 46 Page
2101 3993 35 39 &
2161 4001 82 33 co.,
2270 3990 90 39 inc.

434 4052 281 44 (36-16170)
