2519 4377
1310 4142 103 44 446

355 464 190 55 South
570 467 259 50 western
858 469 273 63 reporter.
1199 464 219 55 Second
1446 464 184 54 series.
1695 465 170 55 Cases
1892 466 217 68 argued
2137 466 112 53 and
426 466 1919 131 determined
754 542 61 53 in
862 543 95 52 the
1004 548 188 47 courts
1240 542 62 53 of
1348 542 313 65 Arkansas,
1708 544 326 67 Kentucky,
2081 543 290 69 Missouri,

427 622 330 63 Tennessee,
819 623 202 64 Texas,
1084 620 139 53 with
1285 621 109 67 key
1455 621 238 53 number
1757 620 380 56 annotations.
427 623 1919 129 Volume
603 703 66 49 88
702 698 128 68 (2d)
924 700 620 66 January-February,
1594 703 149 50 1936.
1823 699 82 55 St.
1954 701 167 66 Paul,
2169 701 203 69 Minn.,

425 780 160 53 West
611 778 339 67 publishing
975 795 98 50 co.,
1102 781 150 50 1936.

425 864 120 48 xxii,
575 863 119 42 1223
720 875 42 37 p.
822 864 61 39 26
882 865 44 22 cm
932 896 7 8 .

357 938 53 55 ©
434 944 123 40 Mar.
585 943 69 49 17,
682 940 142 49 1936;
854 941 67 43 2c.
948 943 96 39 and
1072 941 83 44 aff.
1184 942 112 48 Apr.
1326 942 81 47 18;
1438 942 40 41 A
1504 941 173 48 94029;
1708 943 134 41 West
1872 943 109 48 pub.
2011 954 67 30 co.

355 1046 346 67 Spaulding,
731 1048 254 53 Edward
1014 1046 271 67 Gleason,
1316 1051 172 53 1873-

361 1124 1986 227 A world of chance; or, Whence, whither and why? By Edward Gleason Spaulding … New York, The Macmillan company, 1936.
427 1367 160 40 xxxiii
616 1378 59 38 p.,
704 1368 24 39 1
779 1399 22 16 l.,
831 1367 85 41 293
945 1378 43 37 p.
1052 1367 55 41 21
1111 1370 45 22 cm
1161 1399 9 9 .

429 1439 1168 51 Bibliography at end of chapter VI (p. 183)
357 1511 54 54 ©
440 1517 122 39 Mar.
590 1516 71 47 31,
691 1516 115 40 1936;
865 1515 66 41 2c.
962 1516 96 39 and
1089 1515 82 41 aff.
1202 1515 114 49 Apr.
1346 1515 53 48 1;
1432 1515 40 40 A
1502 1515 171 47 92663;
1708 1517 284 40 Macmillan
2023 1529 68 30 co.

440 1572 254 49 (36-8845)

355 1678 223 66 Staley,
607 1680 264 63 Eugene.

358 1755 1990 149 Foreign investment and war [by] Eugene Staley … Chicago, Ill., The University of Chicago press [1935]
427 1921 69 49 iii,
524 1923 72 47 23,
627 1921 57 51 [1]
713 1932 42 38 p.
816 1921 145 41 19½cm.
1032 1919 193 51 (Public
1254 1919 157 50 policy
1439 1920 251 49 pamphlet
1721 1931 71 30 no.
1822 1921 83 48 18;
1936 1922 60 39 H.
2030 1922 55 41 D.
2118 1922 252 49 Gideonse,

357 1979 181 49 editor)

433 2049 345 50 “Suggestions
808 2049 78 42 for
915 2049 196 42 further
1142 2047 258 51 reading”:
1431 2060 41 38 p.
1522 2049 71 54 [24]

356 2117 53 54 ©
436 2122 118 40 Nov.
582 2121 70 48 29,
683 2120 141 47 1935;
855 2120 68 42 2c.
952 2121 113 40 Dec.
1094 2121 82 41 23;
1208 2120 83 40 aff.
1321 2121 111 40 Jan.
1462 2120 69 48 18,
1560 2120 141 46 1936;
1733 2119 40 40 A
1803 2120 172 47 90336;
2010 2119 281 49 University
2321 2120 52 40 of

426 2179 225 48 Chicago,
679 2178 225 48 Chicago.
979 2178 253 49 (36-8884)

354 2284 322 66 Stannard,
702 2284 117 65 Jay
846 2283 164 66 Ellis,
1043 2286 171 53 1877-

490 2359 1878 71 … Chemistry, by J. Ellis Stannard … Rev. and enl. ed.
368 2438 1591 71 (1936) New York, Oxford book company [ c 1936]
427 2529 63 46 iv,
517 2525 101 49 300,
649 2525 86 51 [16]
763 2537 43 38 p.
863 2525 129 42 illus.
1049 2526 55 40 19
1108 2528 43 21 cm
1156 2557 9 9 .
1231 2524 212 49 (Oxford
1471 2526 177 41 review
1675 2526 175 47 series)

428 2599 258 41 “Answers
713 2601 52 39 to
789 2596 299 52 problems”:
1119 2609 44 38 p.
1190 2596 220 43 293-295.

429 2656 213 43 “Recent
679 2655 336 42 examination
1054 2665 176 39 papers
1279 2655 140 48 (New
1457 2655 131 41 York
1625 2657 129 40 state
1793 2655 162 41 Board
1996 2655 49 43 of
2083 2656 284 50 regents)”:

359 2714 85 52 [16]
474 2726 44 39 p.
547 2716 55 39 at
628 2715 108 41 end.

356 2782 54 54 ©
431 2788 124 39 Mar.
577 2785 72 48 24,
673 2784 141 48 1936;
839 2785 68 40 2c.
932 2785 121 40 Mar.
1077 2784 83 48 28;
1187 2783 82 42 aff.
1294 2785 122 41 Mar.
1440 2783 83 48 27;
1548 2783 42 41 A
1612 2783 172 49 92611;
1813 2783 188 42 Oxford
2027 2785 121 40 book
2173 2795 81 37 co.,
2281 2785 90 42 inc.

438 2843 253 49 (36-8825)

355 2950 255 65 Stowell,
638 2949 201 64 Ellery
867 2950 173 62 Cory,
1072 2949 171 54 1875-

430 3029 120 52 The
584 3028 149 67 legal
769 3026 227 54 adviser
1027 3025 65 54 of
1125 3025 94 53 the
1254 3026 383 67 Department
1668 3024 64 54 of
1766 3030 162 63 state,
1963 3025 76 69 by
2074 3026 197 66 Ellery
2306 3026 61 54 C.

361 3101 2006 72 Stowell … Washington, D. C., The Digest press, American
359 3184 337 68 university,
727 3182 296 57 Graduate
1047 3182 213 68 school,
1292 3185 149 51 1936.

427 3267 1941 53 1 p. l., 53 p. illus. (port.) 28½ cm . [His Studies of the Department of
356 3331 141 40 state,
558 3337 75 32 no.
662 3327 31 41 2]

429 3400 261 39 Photostat
716 3395 254 50 (positive)

357 3464 53 53 ©
438 3469 111 40 Feb.
575 3468 70 50 26,
675 3468 118 40 1936;
847 3467 67 41 2c.
943 3469 107 37 Mar
1094 3467 51 46 5;
1177 3466 81 41 aff.
1288 3468 122 40 Mar.
1439 3467 53 46 6;
1524 3467 39 39 A
1591 3467 172 47 92136;
1794 3468 53 39 E.
1877 3466 49 42 C.
1960 3467 211 44 Stowell,
428 3466 1923 108 Washington.
682 3525 253 48 (36-8885)

357 3631 311 63 Strachey,
693 3631 279 54 Richard.

357 3705 1988 150 … The golden heart. New York, Harconrt, Brace and company [ c 1936]
429 3871 591 51 5 p. l., 3-295 p. 19cm.
430 3941 164 42 “First
628 3941 259 42 American
920 3941 229 42 edition.”

359 4008 52 54 ©
440 4013 112 47 Apr.
583 4013 68 46 16,
683 4012 117 41 1936;
855 4013 67 42 2c.
951 4013 113 49 Apr.
1094 4013 83 47 23;
1210 4013 81 41 aff.
1322 4014 113 48 Apr.
1464 4012 83 48 24;
1581 4013 39 40 A
1648 4012 172 49 94164;
1853 4014 263 48 Harcourt,
2148 4015 157 40 Brace
2333 4014 35 41 &

432 4081 82 33 co.,
549 4069 88 41 inc.
714 4070 251 44 (36-8970)
