2519 4377
1097 4071 134 50 1601

155 414 285 53 Horatius
463 414 263 62 Flaccus,
753 412 274 63 Quintus.

224 490 254 52 Horace:
511 489 169 68 Odes,
715 490 227 67 Epodes
976 491 112 52 and
1119 492 113 51 Art
1262 490 64 54 of
1360 497 217 61 poetry,
1610 490 59 52 in
1702 490 244 68 English
1980 508 172 49 verse,

153 567 140 53 with
328 568 390 53 introduction
755 570 111 53 and
903 573 158 48 notes
1095 568 75 68 by
1207 568 156 54 John
1399 570 66 51 B.
1505 568 213 68 Quinn,
1754 568 285 54 foreword
2076 568 74 68 by

151 647 103 53 Dr.
288 646 222 55 Walter
541 645 224 68 Miller;
800 645 140 54 with
973 652 28 47 5
1034 646 380 55 illustrations
1449 648 111 52 and
1596 648 177 52 chart.
1844 646 82 56 St.
1959 646 191 68 Louis,

152 725 309 53 Blackwell
492 724 309 68 Wielandy
831 742 296 50 company,
1159 728 149 50 1936.

224 797 135 47 xlvii,
393 796 87 42 179
510 807 43 39 p.
612 795 151 42 front,
791 796 173 49 (port.)
1006 797 170 48 plates,
1208 796 206 49 facsim.,
1445 797 119 41 fold.
1596 798 97 39 tab.
1753 796 56 41 18½
1841 799 44 22 cm
1890 829 9 9 .

227 852 1925 51 “This edition … limited to three hundred copies of which this copy
154 912 43 40 is
224 911 203 42 number
455 910 128 43 175.”

154 966 53 54 ©
243 972 121 38 Mar.
400 969 68 43 25.
506 969 140 47 1936;
684 969 66 40 2c.
788 969 93 40 and
920 969 81 39 aff.
1043 970 127 47 Sept.
1207 968 82 42 24:
1330 970 39 38 A
1404 968 171 47 97959;
1616 969 127 40 John
1779 970 53 39 B.
1871 965 176 51 Quinn,
2088 969 68 41 St.

227 1027 158 41 Louis.
450 1025 281 49 (36-29548)

154 1130 264 64 Hughes,
444 1131 131 62 Ray
598 1129 251 65 Osgood,
879 1133 170 52 1879-

228 1202 1927 70 Fundamentals of economics, by R. O. Hughes … Boston,
157 1283 135 54 New
325 1282 163 53 York
543 1288 120 62 [etc.]
698 1282 180 67 Allyn
911 1282 112 52 and
1054 1282 191 52 Bacon
1282 1315 12 34 [
1300 1289 18 21 c
1324 1283 132 51 1936]

226 1353 82 39 xvi
340 1363 56 38 p.,
427 1353 26 39 1
521 1384 9 17 l.,
563 1352 85 41 507
682 1363 42 37 p.
784 1352 164 48 front.,
982 1353 143 49 illus.,
1157 1354 178 47 diagrs.
1396 1353 55 40 19½
1484 1355 44 22 cm
1534 1385 8 7 .

230 1410 293 40 “Reference
559 1408 177 42 books”
755 1420 9 29 :
804 1421 43 37 p.
881 1409 218 41 495-498.

157 1465 54 53 ©
250 1469 101 41 Oct.
391 1470 39 47 1,
472 1468 140 48 1936;
654 1468 68 40 2c.
765 1469 102 40 Oct.
907 1467 82 42 30:
1034 1467 81 41 aff.
1157 1468 102 40 Oct.
1299 1467 82 41 31:
1425 1470 39 37 A
1504 1467 170 41 99688:
1717 1468 143 46 Allyn
1901 1469 37 39 &
1979 1469 177 39 Bacon.

231 1525 279 51 [Copyright
537 1525 41 40 is
604 1525 206 39 claimed
838 1535 59 29 on
921 1524 229 50 changes]
1218 1523 281 48 (36-29563)

156 1631 251 64 Huxley,
436 1631 226 53 Aldous
686 1631 288 52 Leonard.

227 1710 403 66 Propaganda,
666 1707 271 68 religious
974 1709 110 51 and
1122 1707 231 53 secular.
1436 1708 388 67 [Instalments
1864 1711 96 50 1-2]

238 1783 77 47 (In
349 1779 101 42 The
485 1779 279 51 Spectator,
797 1778 125 43 Nov.
954 1780 40 48 6,
1025 1780 71 48 13,
1130 1778 142 50 1936)

158 1834 2002 53 © 1c. each Dec. 5, 1936: A ad int. 22129; pubd. Nov. 6, 13; Aldous
230 1895 206 47 Huxley,
465 1895 184 46 Senary
684 1894 148 50 (Var)
867 1895 199 39 France.

157 1999 311 62 Juergens,
495 1998 210 56 Isabel.

227 2073 284 68 Wigwam
543 2073 111 53 and
688 2074 292 68 warpath;
1014 2072 218 53 minute
1264 2070 201 56 stories
1499 2073 62 51 of
1593 2072 95 53 the
1720 2071 309 53 American
160 2071 1973 147 Indian,
343 2151 76 68 by
449 2151 185 52 Isabel
668 2153 307 66 Juergens;
1014 2149 324 54 illustrated
1368 2150 75 67 by
1477 2149 197 54 Justin
1705 2147 238 55 Lichtie.
2020 2147 137 54 New

162 2228 178 67 York,
373 2228 230 56 Grosset
631 2229 45 51 &
707 2228 254 69 Dunlap,
993 2229 125 66 inc.,
1147 2235 18 22 c
1170 2229 148 52 1936.

230 2299 54 41 91
315 2310 43 38 p.
389 2300 108 41 incl.
528 2300 164 48 front.,
724 2301 142 48 illus.,
898 2302 149 47 ports.
1106 2300 55 40 31
1166 2303 43 21 cm
1213 2334 9 8 .

233 2357 115 47 Map
379 2366 59 30 on
469 2356 364 48 lining-papers.

161 2412 53 53 ©
245 2417 102 40 Oct.
377 2415 68 50 28,
477 2415 115 41 1936
608 2427 9 36 ;
650 2415 67 40 2c.
749 2416 96 39 and
874 2415 80 40 aff.
987 2416 118 38 Nov.
1137 2415 26 40 5
1180 2426 9 36 ;
1224 2417 39 37 A
1295 2414 172 40 100272
1486 2427 8 34 ;
1530 2415 199 40 Grosset
1761 2416 37 40 &
1828 2414 210 49 Dunlap,
2070 2414 92 40 inc.

242 2472 281 50 (36-29827)

162 2575 226 65 Keeler,
414 2576 200 64 Harry
637 2575 280 65 Stephen,
947 2581 171 50 1890-

227 2650 122 53 The
372 2650 325 53 wonderful
721 2651 218 53 scheme
962 2650 64 53 of
1048 2650 111 53 Mr.
1189 2649 377 69 Christopher
1592 2650 247 67 Thorne,
1862 2648 76 69 by
1957 2648 202 70 Harry

161 2727 1999 63 Stephen Keeler … New York, E. P. Dutton and company,
159 2805 104 53 inc.
299 2839 12 34 [
316 2812 18 22 c
339 2809 152 64 1936]

230 2877 84 42 503
343 2888 44 40 p.
447 2878 26 41 21½c
553 2881 27 22 m
583 2911 9 9 .

229 2934 71 42 On
332 2940 97 44 t.-p.
447 2947 9 29 :
489 2936 189 41 Dutton
709 2936 104 41 clue
847 2938 228 46 mystery.

231 2992 161 41 “First
426 2992 225 41 edition.”

166 3046 53 53 ©
247 3051 116 38 Nov.
392 3050 40 44 2.
463 3049 140 44 1936:
635 3050 69 41 2c.
732 3051 96 39 and
858 3051 82 40 aff.
970 3052 118 39 Nov.
1118 3050 27 40 3
1163 3062 8 29 :
1206 3052 37 38 A
1275 3050 172 40 100373
1466 3062 9 36 ;
1510 3053 50 38 E.
1593 3052 50 39 P.
1675 3052 187 39 Dutton
1893 3052 35 39 &
1958 3061 84 37 co.,
2072 3051 92 39 inc.

247 3106 279 50 (36-29610)

167 3210 235 64 Kohler,
428 3211 138 51 Max
591 3211 221 64 James,
841 3213 325 53 1871-1934.

238 3285 401 69 Immigration
688 3286 111 53 and
844 3286 177 53 aliens
1068 3287 59 53 in
1172 3288 95 53 the
1311 3287 217 54 United
1574 3285 216 68 States;
1838 3285 216 54 studies
2100 3285 63 53 of

169 3363 303 53 American
509 3363 390 68 immigration
936 3365 137 52 laws
1110 3364 113 52 and
1259 3364 94 53 the
1390 3364 149 68 legal
1577 3369 181 48 status
1794 3364 63 52 of
1893 3363 176 53 aliens
2105 3361 60 53 in

170 3440 93 53 the
306 3440 216 55 United
568 3440 206 67 States,
815 3441 73 67 by
933 3442 138 52 Max
1115 3442 54 53 J.
1213 3440 238 66 Kohler,
1495 3438 141 56 with
1681 3460 31 34 a
1758 3440 287 54 foreword
2088 3440 75 69 by

170 3516 1996 71 Honorable Irving Lehman … New York, Bloch publishing
170 3612 295 50 company,
501 3598 148 50 1936.

239 3664 26 39 2
292 3675 42 38 p.
363 3654 189 58 l.,'iii-x
579 3676 57 38 p.,
666 3666 25 40 1
755 3698 8 16 l.,
791 3667 88 40 459
904 3677 43 37 p.
1007 3667 56 40 24
1066 3669 44 22 cm
1115 3698 10 8 .

240 3720 1505 52 “Errata slip” mounted on leaf between pages x and l.
240 3777 1924 53 “Thirty-four papers and addresses … which I have prepared during
172 3834 80 40 the
291 3834 97 40 last
428 3835 155 47 thirty
624 3845 143 37 years
806 3845 59 31 on
907 3836 239 48 problems
1186 3836 52 40 of
1280 3837 81 40 the
1402 3837 154 40 aliens
1597 3837 49 41 in
1687 3836 476 49 America.”—Pref.,

171 3889 166 49 signed
355 3903 8 29 :
400 3892 114 39 Max
547 3892 43 41 J.
624 3891 197 42 Kohler.

172 3945 53 53 ©
253 3949 101 41 Oct.
381 3948 69 43 22.
481 3949 139 46 1936;
649 3950 67 40 2c.
745 3950 101 41 Oct.
875 3950 82 42 30:
989 3951 82 40 aff.
1101 3951 102 40 Oct.
1231 3950 82 46 29;
1344 3953 39 37 A
1413 3950 199 46 100132;
1644 3951 149 40 Bloch
1822 3951 108 48 pub.
1960 3961 84 36 co.,
2072 3951 91 39 inc.
2167 3978 7 18 v

252 4004 278 40 (36-29558)
