2519 4377
1048 4055 132 51 1607

213 468 114 45 xvii,
356 468 83 40 664
468 479 41 38 p.
570 468 162 48 front.,
762 469 140 48 illus.,
932 471 170 47 plates,
1132 474 161 45 ports.,
1320 472 213 41 facsims.
1594 473 55 39 24
1652 475 15 21 cm
1700 504 8 8 .

217 524 99 41 One
345 525 52 39 of
424 535 26 30 a
481 524 187 42 limited
697 524 179 42 edition
907 528 74 38 set
1010 526 51 41 of
1092 526 134 42 three
1258 527 212 42 volumes
1498 528 51 40 of
1579 529 81 40 the
1690 529 224 41 memoirs
1944 531 51 39 of
145 531 1977 90 Sanford

288 582 51 37 B.
374 581 117 39 Dole
525 582 92 39 and
653 580 172 41 Lorrin
857 582 52 39 A.
942 583 243 40 Thurston
1219 583 253 47 published
1506 585 61 45 by
1602 585 79 41 the
1715 585 281 42 Advertiser
145 586 1978 98 publishing
352 647 81 39 co.,
467 637 84 41 ltd.
611 637 117 40 This
758 641 75 38 set
863 637 41 41 is
937 639 258 40 numbered
1226 638 98 41 303.
1385 640 60 48 cf.
1482 640 103 49 Slip
1617 642 226 41 mounted
1878 653 58 30 on
144 640 1996 100 lining-paper.

214 748 269 49 Originally
513 749 195 40 written
738 750 78 39 for
846 749 127 47 joint
1000 751 144 40 serial
1177 750 295 49 publication
1502 751 116 41 with
1654 752 208 41 Sanford
1896 754 52 39 B.
1983 753 156 41 Dole’s

142 805 224 41 memoirs
394 805 48 40 in
474 806 79 39 the
583 805 243 41 Honolulu
858 805 284 42 advertiser,
1203 806 59 48 cf.
1295 807 127 40 Pref.

146 870 53 54 ©
227 877 127 45 Sept.
381 875 40 43 3,
451 874 138 44 1936:
619 874 67 41 2c.
718 878 125 45 Sept.
872 876 81 42 24;
985 876 80 39 aff.
1096 878 100 38 Oct.
1226 877 82 41 26:
1339 879 36 37 A
1405 876 171 43 99599:
1608 877 283 41 Advertiser
1921 878 109 47 pub.
2059 889 81 35 co.,

217 931 83 43 ltd.
363 931 280 48 (36-29579)

212 1036 284 67 Writings
522 1035 64 54 of
614 1036 207 52 Lorrin
852 1037 69 51 A.
950 1037 289 53 Thurston
1256 1056 11 47 ;
1298 1038 187 53 edited
1514 1038 74 66 by
1619 1038 250 54 Andrew
1901 1040 235 53 Farrell.

144 1114 311 54 Honolulu,
484 1113 336 54 Advertiser
847 1114 333 68 publishing
1208 1133 96 35 co.,
1335 1116 119 65 ltd.,
1486 1119 148 50 1936.

211 1187 79 46 vii,
321 1186 57 40 168
436 1198 40 36 p.
536 1186 163 47 front.,
731 1186 139 47 illus.,
902 1188 169 48 plates,
1101 1190 147 46 ports.
1309 1188 55 40 23½
1396 1191 43 21 cm
1445 1220 7 7 .

212 1244 99 40 One
340 1243 51 40 of
419 1254 24 29 a
476 1243 187 41 limited
693 1243 178 41 edition
903 1245 74 39 set
1006 1243 51 41 of
1087 1244 137 41 three
1252 1245 214 40 volumes
1494 1245 51 41 of
1575 1245 83 41 the
1687 1246 224 40 memoirs
1941 1247 50 40 of
142 1247 1976 93 Sanford
283 1301 51 38 B.
370 1300 118 39 Dole
520 1301 94 39 and
649 1298 171 41 Lorrin
853 1300 51 39 A.
939 1300 244 39 Thurston
1216 1300 252 48 published
1504 1303 60 44 by
1599 1302 80 41 the
1713 1301 281 43 Advertiser
140 1302 1980 99 publishing
349 1365 81 39 co.,
462 1356 84 40 ltd.
607 1356 119 40 This
756 1360 74 37 set
861 1355 42 42 is
934 1356 258 40 numbered
1223 1356 99 41 303.
1383 1358 60 48 cf.
1480 1357 103 49 Slip
1616 1359 227 40 mounted
1877 1369 57 30 on
1970 1356 168 51 lining-

139 1422 159 38 paper.

211 1469 142 40 “This
380 1469 202 47 volume,
611 1469 81 40 the
721 1467 128 42 third
880 1468 52 40 of
956 1468 81 41 the
1061 1468 388 42 Thurston-Dole
1477 1472 85 44 set,
1592 1469 221 41 contains
1841 1469 217 49 portions
2090 1471 48 40 of

142 1526 79 40 the
258 1523 205 50 original
502 1525 128 47 joint
667 1524 298 50 manuscript
984 1536 9 29 :
1035 1526 86 39 Mr.
1164 1525 285 41 Thurston’s
1488 1536 130 30 more
1658 1527 221 47 personal
139 1527 1982 99 reminiscences,
349 1583 91 39 and
477 1582 246 42 therefore
755 1581 224 42 unsuited
1015 1584 46 39 to
1094 1581 75 41 his
1204 1583 225 40 Memoirs
1463 1583 49 40 of
1547 1583 81 40 the
1661 1582 259 42 Hawaiian
140 1584 1978 95 revolution.
314 1640 67 38 To
418 1639 127 41 them
582 1640 22 39 I
639 1640 125 41 have
800 1640 154 39 added
993 1640 83 41 the
1111 1640 199 47 chapter
1347 1650 59 30 on
1444 1640 122 41 Jack
1605 1640 210 46 London,
1852 1640 156 40 which
2049 1641 86 38 Mr.

138 1696 243 40 Thurston
409 1695 82 41 did
520 1699 85 38 not
634 1696 193 41 include
854 1696 48 40 in
932 1695 76 41 his
1038 1696 239 47 memoirs,
1310 1697 93 39 and
1436 1706 131 31 some
1596 1697 205 40 selected
1835 1695 221 50 writings
2088 1697 48 39 in

139 1752 80 41 the
250 1752 246 41 Honolulu
527 1751 505 43 advertiser.”—Pref.

140 1818 53 54 ©
230 1823 127 47 Sept.
393 1822 39 48 3,
468 1822 141 43 1936:
646 1822 69 41 2c.
755 1823 127 47 Sept.
917 1823 55 38 24
991 1834 8 31 ;
1038 1823 82 39 aff.
1158 1822 101 41 Oct.
1297 1821 56 41 26
1370 1833 9 36 ;
1419 1824 39 38 A
1494 1821 145 41 99598
1656 1832 9 37 ;
1703 1820 287 42 Advertiser
2027 1821 109 48 pub.

210 1889 81 34 co.,
318 1880 84 39 ltd.
465 1878 282 49 (36-29581)

136 1982 243 64 Tinney,
407 1981 223 65 Calvin,
660 1988 170 49 1908-

208 2058 60 52 Is
309 2058 43 52 it
392 2064 126 47 true
559 2059 155 51 what
755 2059 133 66 they
930 2076 99 49 say
1074 2058 170 52 about
1286 2057 273 53 Landon?
1639 2057 53 52 A
1734 2056 398 69 non-partisan

138 2133 1971 149 portrait, by Cal Tinney. New York, The Wise-Parslow company [ c 1936]
235 2285 723 49 x p., 1 l., 204 p., 1 l. 19 ½ cm .
137 2354 53 53 ©
222 2360 127 45 Sept.
381 2359 67 40 10.
481 2357 140 43 1936:
654 2359 67 39 2c.
755 2358 101 41 Oct.
888 2358 25 39 5
932 2370 7 29 :
975 2359 80 40 aff.
1090 2359 100 40 Oct.
1222 2357 26 41 3
1267 2370 7 29 :
1310 2360 39 38 A
1380 2357 144 41 98785
1542 2369 9 35 ;
1585 2357 131 41 Wise
1748 2358 123 40 book
1902 2367 84 36 co.,
2018 2359 116 39 New

208 2415 141 39 York.
416 2413 282 49 (36-29825)

130 2518 350 64 TruIIinger,
507 2520 137 52 Mrs.
676 2518 276 54 Florence
981 2517 311 56 Wildman.

202 2596 128 65 Dog
361 2595 141 67 days
518 2614 11 46 ;
562 2595 94 53 the
690 2596 339 52 adventures
1060 2596 61 52 of
1154 2595 170 53 Nicki
1356 2596 111 52 and
1500 2595 220 66 Angus,
1751 2595 75 67 by
1859 2594 270 54 Florence

133 2673 289 54 Wildman
472 2670 333 69 TruIIinger
855 2674 111 52 and
1018 2672 172 53 Doris
1239 2675 146 65 Day.
1462 2674 138 52 New
1651 2672 180 67 York,
1880 2673 248 53 Thomas

133 2750 844 67 Y. Crowell company [ c 1936]
202 2820 112 51 [128]
348 2832 41 36 p.
419 2821 108 40 incl.
557 2821 163 48 front.,
750 2821 128 41 illus.
939 2821 55 40 22
998 2823 43 22 cm
1046 2853 8 8 .

132 2887 54 54 ©
214 2892 100 42 Oct.
339 2892 68 41 29.
435 2891 139 48 1936;
602 2891 69 44 2c.
696 2893 117 42 Nov.
840 2892 52 42 5:
922 2892 80 40 aff.
1030 2893 116 40 Nov.
1173 2892 52 42 4:
1255 2894 36 39 A
1322 2892 164 41 100261
1512 2905 8 31 ;
1552 2894 51 40 F.
1631 2893 70 41 W.
1729 2892 279 46 Trullinger
2034 2894 94 39 and

206 2950 141 38 Doris
376 2952 120 46 Day,
525 2951 117 38 New
672 2950 145 41 York.
885 2949 280 48 (36-29310)

127 3053 186 64 Tully,
341 3053 136 55 Jim.

198 3130 1905 69 The bruiser, by Jim Tully. New York, Greenberg [c 1936]
193 3202 25 38 4
246 3211 42 37 p.
337 3233 7 7 l.,
384 3200 144 42 3-248
552 3211 44 38 p.
686 3201 26 39 19½
745 3204 44 21 cm
794 3234 8 8 .

131 3255 53 53 ©
221 3259 100 38 Oct.
360 3259 69 42 22.
468 3258 139 47 1936;
647 3259 68 40 2c.
754 3260 114 38 Nov.
908 3259 52 41 6:
1002 3260 79 39 aff.
1122 3261 115 38 Nov.
1277 3259 52 42 3:
1371 3262 38 38 A
1448 3258 200 49 100299;
1690 3261 43 40 J.
1771 3260 157 43 Tully,
1970 3260 154 40 North

203 3315 297 47 Hollywood,
531 3315 144 42 Calif.
744 3314 279 49 (36-29308)

127 3418 124 52 Van
280 3419 175 55 Loon,
481 3418 267 53 Hendrik
773 3417 247 64 Willem,
1048 3425 169 50 1882-

194 3496 118 53 The
359 3502 155 61 story
561 3494 63 55 of
671 3496 95 54 the
811 3496 190 64 Bible;
1054 3498 225 52 written
1329 3498 109 52 and
1490 3498 196 52 drawn
1735 3497 73 68 by
1857 3497 266 56 Hendrik

126 3572 224 55 Willem
392 3576 125 50 Van
558 3575 175 52 Loon.
828 3574 230 55 Garden
1101 3575 151 67 City,
1293 3576 67 51 N.
1405 3577 90 66 Y.,
1535 3575 230 55 Garden
1807 3575 133 67 City
125 3577 1973 141 publishing
368 3670 297 49 company,
697 3650 106 56 inc.
844 3686 13 34 [
862 3659 18 22 c
886 3656 149 64 1936]

192 3723 26 38 3
246 3736 40 36 p.
349 3754 8 10 l..
385 3724 159 49 v-xxi,
567 3723 85 42 452
682 3736 40 37 p.
783 3726 163 45 front.,
974 3726 142 46 illus.,
1144 3726 84 39 col.
1259 3727 167 48 plates.
1487 3727 54 39 24
1545 3729 44 21 cm
1594 3759 9 8 .

194 3782 67 37 “A
299 3780 202 40 Biblical
543 3781 199 47 reading
780 3783 82 39 list
901 3782 77 39 for
1016 3782 230 46 children,
1286 3783 206 41 selected
1531 3784 60 47 by
1632 3783 212 40 Leonore
1887 3783 64 40 St.
1991 3783 125 39 John

126 3836 191 41 Power”
337 3847 8 28 :
381 3848 41 36 p.
450 3836 217 41 440-446.

125 3888 53 53 ©
212 3896 126 44 Sept.
373 3893 66 41 14.
472 3892 139 43 1936;
645 3892 68 41 2c.
745 3893 94 39 and
874 3894 81 39 aff.
1060 3898 31 35 Oct.
1123 3894 82 40 24:
1243 3896 36 37 A
1313 3893 171 42 99565:
1521 3893 194 41 Garden
1751 3893 108 47 City
1892 3893 108 47 pub.
2036 3903 80 30 co.,

195 3947 89 41 inc.
344 3948 278 50 [Copyright
649 3949 42 39 is
716 3949 203 40 claimed
948 3960 59 29 on
1037 3960 104 28 new
1171 3950 240 50 material]
1480 3949 279 49 (36-29249)
