2519 4377
1345 4124 100 50 448

469 523 76 41 An
581 523 304 42 elaboration
926 524 52 40 of
1015 525 82 40 the
1136 524 219 41 author’s
1393 524 332 41 introduction
1764 526 49 41 to
1852 525 132 42 “The
2020 525 108 42 first
2168 527 142 42 wife”
2350 528 60 49 by

402 580 140 42 Pearl
576 581 43 41 S.
653 582 150 40 Buck.

469 637 204 49 Signed:
703 639 56 40 R.
787 639 44 41 J.
859 639 70 40 W.
976 640 26 39 [i.
1031 651 37 29 e.
1096 639 215 41 Richard
1340 641 128 40 John
1497 639 185 51 Walsh]

468 695 378 49 Bibliography:
882 707 43 37 p.
960 695 155 43 25-28.

399 766 53 53 ©
480 772 120 38 Mar.
629 770 42 47 2,
698 769 114 41 1936;
869 769 66 41 2c.
963 770 115 48 Apr.
1107 770 52 47 6;
1191 770 81 39 aff.
1301 771 113 48 Apr.
1442 772 54 46 4;
1527 772 41 39 A
1594 771 172 48 93536;
1797 774 128 39 John
1955 775 108 48 Day
2094 786 81 37 co.,
2205 775 91 41 inc.

480 826 253 49 (36-8867)

397 933 280 62 Wanous,
703 930 239 58 Samuel
966 932 54 55 J.

471 1011 123 52 The
619 1009 330 69 secretary’s
978 1009 175 69 book;
1188 1029 31 34 a
1251 1011 279 68 complete
1560 1010 285 56 reference
1879 1016 249 64 manual,
2157 1015 73 66 by
2264 1015 55 55 S.
2352 1017 56 53 J.

399 1087 1987 72 Wanous … New York, The Ronald press company [ c 1936]
468 1175 131 50 xxiv,
636 1176 87 42 334
760 1187 43 38 p.
864 1175 143 50 illus.,
1045 1176 179 49 diagrs.
1285 1177 54 39 21
1343 1178 45 22 cm
1392 1207 9 9 .

470 1250 294 40 “Reference
795 1248 205 42 books”:
1031 1259 43 38 p.
1107 1247 216 43 310-312.

397 1319 53 52 ©
478 1324 121 38 Mar.
629 1322 68 49 12,
726 1321 117 41 1936;
896 1321 67 41 2c.
993 1323 121 38 Mar.
1143 1321 81 47 18;
1255 1321 82 40 aff.
1366 1323 123 39 Mar.
1518 1322 81 45 14;
1630 1322 40 39 A
1698 1322 170 47 92333;
1900 1324 190 40 Ronald
2121 1335 135 37 press
2284 1334 68 31 co.

478 1378 253 49 (36-8889)

399 1483 192 64 Wells,
620 1481 392 66 Harrington,
1043 1487 171 50 1900-

469 1561 119 54 The
619 1559 269 71 teaching
917 1559 63 55 of
1009 1564 203 49 nature
1240 1560 173 70 study
1443 1559 113 55 and
1586 1560 96 54 the
1711 1559 304 72 biological
2047 1561 258 62 sciences,
2335 1562 74 70 by

401 1639 2008 72 Harrington Wells … Boston, The Christopher publishing
398 1720 171 54 house
612 1753 12 34 [
629 1726 18 21 c
653 1722 154 64 1936]

468 1806 86 42 333
582 1819 44 37 p.
656 1807 112 41 incl.
796 1806 165 48 front.,
991 1806 128 41 illus.
1177 1806 56 39 24
1236 1808 16 22 cm
1286 1838 8 9 .
1363 1804 297 51 (California
1692 1808 128 40 state
1850 1806 152 42 series
2032 1807 49 40 in
2109 1807 297 51 elementary

393 1866 211 49 science)

469 1938 227 41 Includes
727 1935 393 51 bibliographies.

397 2008 53 53 ©
477 2013 123 40 Mar.
627 2011 71 46 12,
725 2010 114 40 1936;
895 2009 68 41 2c.
990 2010 95 39 and
1114 2008 82 41 aff.
1226 2010 121 39 Mar.
1376 2008 81 47 19;
1488 2009 39 39 A
1556 2009 170 46 93258;
1758 2007 320 50 Christopher
2106 2010 108 48 pub.
2244 2011 164 40 house.

478 2067 253 50 (36-8823)

394 2174 185 64 West,
605 2170 192 56 Willis
822 2172 228 60 Mason,
1079 2170 326 55 1857-1931.

464 2249 207 57 West’s
701 2247 174 70 Story
898 2247 63 54 of
991 2246 181 55 world
1202 2266 280 50 progress.
1551 2245 300 56 Canadian
1876 2247 85 54 ed.
2031 2249 89 68 By
2151 2246 56 57 S.
2238 2247 172 54 Mack

395 2326 2007 68 Eastman … Boston, New York [etc.] Allyn and Bacon [ c 1936]
466 2411 64 45 ix,
558 2411 71 49 [1],
653 2409 100 47 879,
774 2408 58 41 38
852 2419 43 37 p.
946 2408 87 40 col.
1056 2407 165 46 front.,
1242 2407 142 47 illus.,
1407 2408 86 39 col.
1517 2408 171 47 plates,
1712 2418 137 37 maps
1878 2407 138 48 (part
2039 2407 197 47 double)
2291 2408 53 39 21
2349 2410 15 21 cm.

469 2482 291 41 Illustrated
787 2479 365 48 lining-papers.

467 2541 74 46 By
573 2537 214 42 revision
820 2538 95 39 and
948 2536 222 41 addition
1201 2536 82 40 the
1317 2535 121 41 book
1470 2536 90 39 has
1593 2536 117 39 been
1741 2535 211 49 brought
1985 2546 67 38 up
2083 2536 49 40 to
2166 2537 112 39 date
2311 2537 96 40 and

394 2597 214 48 adapted
634 2597 50 38 to
712 2595 82 40 the
819 2595 149 39 needs
990 2594 52 40 of
1068 2592 253 43 Canadian
1348 2593 188 40 schools.
1606 2592 61 48 cf.
1693 2594 132 39 Pref.

469 2654 67 40 “A
563 2652 84 41 list
670 2652 51 40 of
746 2652 148 40 books
919 2662 60 29 on
1004 2651 154 40 world
1182 2650 190 48 history
1397 2649 212 42 suitable
1633 2650 80 40 for
1738 2651 162 40 school
1928 2650 284 42 libraries”:
2238 2662 42 37 p.
2307 2651 98 50 1-6,

395 2713 54 40 at
479 2711 108 41 end.

397 2779 53 53 ©
473 2784 122 38 Mar.
618 2781 70 42 20,
714 2780 116 40 1936;
879 2779 66 40 2c.
971 2779 113 49 Apr.
1108 2778 53 44 9;
1188 2779 82 39 aff.
1295 2758 117 68 Apr.
1435 2780 27 39 8;
1513 2779 41 39 A
1577 2779 144 40 92852;
1775 2780 144 47 Allyn
1945 2781 38 39 &
2007 2781 176 39 Bacon.
469 2782 1920 106 [Copyright
629 2838 41 40 is
697 2838 205 40 claimed
933 2848 63 29 on
1023 2837 209 47 changes
1263 2837 96 39 and
1388 2847 105 28 new
1523 2837 194 48 matter]
1794 2836 252 49 (36-8805)

400 2942 312 64 Williston,
740 2940 255 66 Samuel,
1026 2945 172 51 1886-

468 3017 1874 68 A treatise on the law of contracts, by Samuel Williston …
401 3095 1940 72 Rev. ed., by Samuel Williston and George J. Thompson …
395 3198 51 34 v.
481 3180 115 51 1-2.
674 3178 139 52 New
846 3176 181 66 York,
1057 3176 207 52 Baker.
1298 3175 247 55 Voorhis
1580 3180 44 49 &
1655 3196 98 46 co.,
1786 3180 150 50 1936.

465 3253 29 38 2
519 3264 41 28 v.
622 3251 56 40 25
682 3253 44 21 cm
732 3284 8 8 .

468 3320 132 42 First
626 3320 185 42 edition
840 3321 89 39 has
957 3320 136 41 title:
1121 3320 100 40 The
1250 3320 93 39 law
1373 3319 50 41 of
1450 3321 260 39 contracts.

396 3390 52 53 ©
478 3395 112 47 Apr.
622 3394 70 46 20,
725 3392 140 43 1936;
898 3393 67 40 2c.
997 3393 117 39 each
1146 3392 114 47 Apr.
1291 3391 82 47 23;
1406 3392 83 40 aff.
1520 3392 114 48 Apr.
1666 3392 82 46 22;
1783 3392 40 39 A
1853 3391 173 47 94124;
2064 3392 44 40 S.
2142 3389 261 49 Williston,

468 3451 303 47 Cambridge.
803 3452 146 37 Mass.
1021 3448 251 48 (36-8993)

395 3550 1981 148 Year book and almanac of the Holy Land … 1936 ed. Chicago, Ill., Holy Land almanac, inc. [ c 1936]
464 3706 84 39 144
580 3717 42 37 p.
685 3706 143 45 illus.,
863 3716 150 36 maps.
1074 3704 54 40 29
1131 3708 45 23 cm
1183 3738 7 7 .

396 3776 198 40 Editor:
622 3775 129 48 1936,
779 3776 54 39 A.
863 3776 49 39 P.
943 3776 242 47 Anthony.

466 3833 228 40 Includes
722 3831 306 50 advertising
1053 3833 194 40 matter.

466 3889 352 48 Bibliography
846 3888 224 42 included
1101 3889 47 40 in
1180 3888 113 41 1936
1323 3887 197 41 edition.

394 3956 53 53 ©
475 3962 121 38 Mar.
625 3961 40 46 4,
695 3959 141 48 1936;
867 3960 66 42 2c.
963 3961 96 39 and
1089 3959 80 41 aff.
1202 3961 120 38 Mar.
1353 3959 81 48 23;
1467 3960 38 38 A
1535 3957 170 49 92460;
1740 3959 127 47 Holy
1896 3960 115 39 land
2042 3961 236 40 almanac,
2310 3959 89 41 inc.

477 4017 251 46 (36-8733)
