2519 4377
1340 4116 98 50 978

450 492 68 39 “A
553 491 189 40 limited
777 491 183 40 edition
996 491 51 39 of
1083 491 75 39 six
1193 492 223 39 hundred
1454 490 229 49 sixty-six
1717 492 160 48 copies
1912 492 91 40 has
2039 493 118 39 been
2192 493 193 49 printed

375 548 53 39 of
455 548 160 39 which
646 548 100 39 this
777 548 41 39 is
849 548 202 39 number
1080 547 342 41 Presentation
1453 547 162 49 copy.”

451 605 68 39 “A
549 604 287 48 companion
868 605 193 39 volume
1092 606 49 38 to
1175 605 175 39 ‘Dutch
1384 605 176 40 houses
1592 605 50 40 in
1676 606 83 39 the
1792 606 204 40 Hudson
2030 607 158 47 valley
2221 607 166 39 before

378 659 1991 107 1776’ … prepared under the auspices of this committee by Helen Wilkinson Reynolds …
864 718 94 40 and
993 718 253 47 published
1282 717 50 40 in
1366 717 261 40 1929.”—A
1660 719 134 39 word
1830 718 126 40 from
1994 720 82 39 the
2110 720 123 39 book
377 729 1992 87 committee.

449 831 367 49 “Genealogical
852 830 174 41 index”:
1090 842 43 37 p.
1170 831 249 50 [485]-612.

449 889 352 48 Bibliography:
862 899 43 38 p.
937 889 217 41 583-584.

381 956 52 54 ©
466 961 127 40 June
624 960 71 48 24,
731 959 141 48 1936;
907 959 67 40 2c.
1009 958 94 41 and
1138 958 79 40 aff.
1253 960 126 39 June
1413 959 82 46 26;
1532 960 40 39 A
1605 959 171 48 95854;
1814 959 215 40 Holland
2060 969 93 30 soc.
2188 958 52 40 of
2273 960 117 39 New

451 1018 143 46 York,
625 1019 118 39 New
771 1017 145 39 York.
984 1015 281 50 (36-17444)

381 1123 213 63 Baker,
621 1124 253 52 Newton
901 1121 191 65 Diehl,
1122 1121 171 55 1871-
1508 1122 84 54 ed.

456 1201 120 52 The
625 1199 311 54 American
985 1218 154 49 way;
1192 1219 31 34 a
1272 1200 173 67 study
1490 1199 64 53 of
1599 1200 215 52 human
1861 1199 272 55 relations
2182 1218 203 50 among

385 1281 378 66 Protestants,
814 1278 308 69 Catholics,
1172 1279 112 53 and
1336 1279 171 68 Jews,
1559 1277 188 55 edited
1797 1278 77 68 by
1922 1279 244 53 Newton
2215 1279 173 54 Diehl

385 1357 207 69 Baker,
639 1357 240 55 Carlton
924 1359 55 54 J.
1027 1358 78 52 H.
1149 1357 196 69 Hayes
1415 1359 130 66 [and]
1597 1358 191 67 Roger
1831 1356 290 55 Williams
2171 1358 216 55 Straus.

386 1436 270 69 Chicago,
689 1436 138 53 New
862 1436 179 66 York,
1072 1436 246 68 Willett,
1352 1435 177 55 Clark
1559 1440 44 50 &
1635 1454 298 50 company,
1969 1440 149 50 1936.

458 1511 62 45 ix,
549 1510 87 41 165
664 1521 43 38 p.
768 1509 58 41 19½
857 1513 14 21 cm
906 1544 9 9 .

460 1568 128 40 “The
625 1567 228 40 material
890 1567 43 39 is
968 1568 147 39 based
1153 1577 126 38 upon
1318 1568 81 39 the
1438 1566 377 41 Williamstown
1853 1566 235 41 Institute
2126 1568 51 39 of
2212 1569 180 40 human

389 1624 247 49 relations,
673 1625 112 41 held
820 1625 155 40 under
1009 1626 82 40 the
1127 1625 222 49 auspices
1383 1624 52 43 of
1470 1626 82 40 the
1585 1625 233 41 National
1855 1625 284 41 conference
2176 1626 51 40 of
2264 1628 129 40 Jews

387 1684 96 40 and
516 1682 294 50 Christians,
845 1684 53 40 at
928 1682 244 42 Williams
1205 1683 193 48 college,
1433 1683 204 49 August,
1670 1682 409 43 1935.”—Introd.

386 1752 52 53 ©
477 1756 110 39 Feb.
625 1756 70 46 15,
730 1755 140 41 1936:
910 1754 67 41 2c.
1016 1756 127 39 June
1179 1755 83 46 26;
1303 1754 82 41 aff.
1424 1756 127 39 June
1589 1754 81 48 19;
1711 1756 40 38 A
1788 1754 171 48 96178;
2003 1755 203 46 Willett,
2246 1756 150 41 Clark

456 1814 36 39 &
517 1823 67 29 co.
651 1811 281 50 (36-16693)

385 1918 263 64 Barrett,
678 1918 169 53 Edna
872 1916 354 65 Dueringer.

458 1995 138 53 Mrs.
629 1992 255 70 Colletti,
915 1993 112 54 and
1057 1993 163 55 other
1249 2011 211 51 poems,
1489 1993 75 69 by
1592 1993 170 53 Edna
1791 1991 325 71 Dueringer
2145 1995 249 53 Barrett.

387 2074 110 52 Los
532 2073 268 69 Angeles,
833 2073 141 53 New
1008 2071 165 55 York
1212 2076 137 63 [etc.]
1392 2071 387 56 Suttonhouse
1812 2072 105 54 ltd.
1959 2106 13 34 [
1977 2079 18 22 c
2001 2076 151 64 1936]

457 2145 839 51 4 p. l. , 3-79, [1] p. illus. 22 cm .
459 2204 291 42 Illustrated
782 2206 99 48 t.-p.

465 2262 1930 52 “500 copies … printed and bound by Plantin press, Los Angeles,
389 2320 308 42 decorations
729 2320 61 48 by
822 2320 169 48 Henry
1026 2318 184 44 Shire.”

389 2388 52 53 ©
468 2393 114 46 May
608 2392 70 47 25,
708 2391 140 46 1936;
877 2391 68 40 2c.
974 2391 95 39 and
1098 2390 81 41 aff.
1210 2391 127 39 June
1365 2391 52 46 8;
1448 2391 40 38 A
1513 2389 171 48 94804;
1719 2391 342 47 Suttonhouse,
2093 2393 84 39 ltd.

469 2449 281 48 (36-16573)

389 2555 178 64 Bary,
593 2554 166 57 Paul.

523 2627 1810 71 … Le caoutchouc, par P. Bary … Preface de G. Urbain …
389 2711 47 51 2.
469 2709 84 53 éd.
629 2707 187 69 Paris,
846 2708 232 68 Dunod,
1109 2710 151 51 1936.

460 2779 1900 51 xi, 346 p., 1 l. illus., diagrs. 25 cm . (Les colloïdes dans l’industrie)
461 2839 253 49 “Ouvrage
751 2839 181 41 honoré
965 2838 142 41 d’une
1143 2837 227 42 médaille
1407 2837 103 41 d’or
1546 2839 58 39 de
1638 2837 47 41 la
1725 2836 189 43 Société
1948 2837 452 49 d’encouragement

389 2908 120 37 pour
538 2897 278 42 l’industrie
842 2895 294 43 nationale.”

391 2968 1532 54 © Jan. 2, 1936; 1c. Apr. 18; A- Foreign 31426; Dunod.
472 3029 282 48 (36-16550)

393 3134 318 64 Berkman,
739 3132 208 65 Irving
969 3132 275 56 William.

467 3207 1871 70 Outline of New York practice, by Irving W. Berkman …
397 3286 1874 64 5th rev. ed. Brooklyn, N. Y., Academy publications [ c 1936]
468 3361 533 49 xviii, 319 p. 23 ½cm .
471 3420 179 41 “Table
679 3419 52 41 of
755 3418 164 41 cases”:
975 3429 44 38 p.
1045 3416 184 43 vi-xiii.

471 3476 179 41 “Table
676 3476 53 41 of
752 3474 241 42 statutes”:
1049 3486 44 38 p.
1118 3473 253 43 xiv-xviii.

397 3545 53 53 ©
482 3550 113 46 May
626 3549 69 47 15,
726 3547 140 48 1936;
898 3547 67 41 2c.
998 3549 126 38 June
1153 3547 82 46 10;
1267 3547 81 40 aff.
1381 3547 115 47 July
1528 3547 81 47 18;
1643 3547 39 39 A
1714 3546 170 43 95619;
1918 3547 243 46 Academy
466 3545 1919 100 publications.

680 3604 280 48 (36-12067)

403 3709 181 65 [Best,
613 3711 139 53 Mrs.
782 3708 210 54 Aliéna
1022 3706 399 68 (Champlin)]
1458 3713 172 50 1892-

472 3785 335 56 Sunhelmet
832 3786 129 66 Sue,
982 3786 77 68 by
1081 3785 178 53 Erick
1280 3787 185 67 Berry
1512 3785 213 68 [pseud.]
1805 3787 233 63 Boston,
2062 3786 136 52 New
2225 3784 177 65 York,

401 3865 276 68 Lothrop,
705 3866 111 51 Lee
843 3868 45 50 &
920 3863 263 69 Shepard
1211 3881 296 51 company,
1538 3868 150 50 1936.

470 3936 1078 50 239 p. inch front., illus., plates. 20 ½ cm .
401 3991 52 53 ©
488 3996 114 46 July
638 3995 70 46 20,
745 3994 140 47 1936;
920 3994 67 42 2c.
1024 3995 115 47 July
1175 3995 82 47 21;
1293 3994 84 40 iff.
1416 3995 115 47 July
1566 3994 83 46 30;
1689 3995 39 39 A
1765 3993 170 47 97189;
1978 3994 226 47 Lothrop,
2244 3994 90 38 Lee
2369 3993 37 39 &

473 4051 220 49 Shepard
721 4062 65 29 co.
856 4051 280 49 (36-16931)
