2519 4377
1388 4131 32 38 662

372 434 250 65 Surplus
646 436 293 68 prophets,
963 438 59 52 in
1047 437 150 54 their
1221 457 125 34 own
1372 438 202 54 words.
1651 439 139 54 New
1815 440 181 68 York,
2020 441 122 53 The
2165 440 221 67 Viking

441 532 176 50 press,
651 516 151 50 1936.

444 589 57 40 63
529 599 43 38 p.
630 588 131 43 illus.
819 588 56 40 21½
907 591 45 21 cm
958 621 8 9 .

442 644 263 50 Diagrams
736 654 59 30 on
826 645 365 50 lining-papers.

375 698 53 53 ©
454 704 113 46 May
595 702 70 48 22,
693 701 141 48 1936;
864 702 67 41 2c.
956 705 95 38 and
1080 703 82 41 aff.
1191 705 114 46 May
1331 703 82 48 23;
1444 704 41 39 A
1510 704 172 47 94564;
1713 703 181 51 Viking
1920 715 150 39 press,
2099 704 90 42 inc.

456 760 282 47 (36-10784)

372 848 237 54 Tactics
649 850 114 52 and
804 849 299 68 technique
1144 849 63 54 of
1249 848 282 69 infantry.
1630 869 51 35 [v.
1744 884 101 34 I-II]
1895 852 184 53 Basic.
2159 853 97 52 5th
2297 851 84 55 ed.

442 928 56 53 A
528 931 120 50 text
678 928 112 53 and
822 928 286 54 reference
1138 928 146 54 book
1314 928 63 54 of
1408 928 266 69 infantry
1701 929 258 69 training
1992 930 282 67 (includes
2306 931 76 53 all

443 1006 279 53 technical
774 1007 244 68 changes
1070 1013 58 48 to
1180 1009 169 64 June,
1403 1008 161 67 1935)
1662 1008 378 68 Harrisburg,
2091 1012 121 65 Pa.,
2262 1011 120 53 The

442 1083 1191 70 Military service publishing co. [ c 1936]
442 1158 25 39 2
499 1170 41 30 v.
571 1159 46 38 in
650 1159 39 38 1.
751 1158 128 41 illus.
910 1157 132 49 (incl.
1074 1158 163 49 maps)
1265 1158 180 49 diagrs.
1505 1159 146 41 24½cm.

374 1211 53 52 ©
460 1216 126 39 June
620 1216 40 47 1,
696 1214 114 42 1936;
870 1216 68 40 2c.
974 1216 127 40 June
1135 1215 83 48 10;
1256 1214 83 42 aff.
1375 1217 129 39 June
1536 1216 82 47 11;
1657 1217 39 39 A
1730 1216 172 48 95664;
1941 1216 222 50 Military
2199 1217 187 43 service

443 1273 109 47 pub.
579 1284 67 28 co.

369 1362 251 65 Talcott,
651 1362 233 65 Dudley
911 1361 173 66 Vaill,
1117 1368 172 50 1899-

503 1439 1878 70 … Report of the company, illustrated with photographs and
371 1517 292 71 drawings
696 1519 78 68 by
806 1519 96 53 the
939 1519 222 53 author.
1238 1520 140 52 New
1414 1519 180 67 York,
1630 1520 265 53 Random
1930 1520 192 66 house,
2160 1525 150 51 1936.

443 1592 87 42 347
557 1590 54 50 (i.
641 1603 39 31 e.
705 1591 112 49 343)
851 1602 43 39 p.
923 1592 111 42 incl.
1062 1593 170 48 plates,
1261 1594 164 48 ports.,
1456 1601 151 41 maps,
1668 1592 151 43 front.
1878 1592 147 43 23½cm.

443 1650 151 41 Error
621 1650 50 40 in
701 1650 205 49 paging:
936 1651 229 40 numbers
1191 1651 205 41 339-342
1424 1652 218 40 omitted.

445 1707 217 42 “Second
689 1707 220 50 printing
947 1708 191 48 (before
1168 1709 349 48 publication),
1547 1710 153 48 April,
1731 1708 158 42 1936.”

371 1762 52 53 ©
448 1767 114 48 May
583 1767 42 47 4,
649 1767 142 46 1936;
818 1767 69 41 2c.
912 1768 115 47 May
1052 1769 52 46 7;
1132 1767 82 41 aff.
1241 1769 114 47 May
1379 1768 51 46 5;
1458 1768 43 39 A
1524 1768 171 47 94323;
1722 1769 57 40 D.
1806 1768 55 41 V.
1887 1768 207 48 Talcott,
2122 1768 258 42 Hartford.

452 1823 282 49 (36-10952)

367 1899 277 67 Thomas,
669 1900 155 53 John
850 1900 86 64 B.,
964 1899 172 55 1878-
1352 1918 178 50 comp.

443 1975 258 56 Selected
729 1976 218 68 stories,
974 1976 327 69 quotations
1330 1977 113 52 and
1472 1975 348 70 aphorisms;
1853 1996 30 33 a
1914 1975 372 71 compilation
2315 1977 65 53 of

370 2054 311 53 humorous
713 2054 216 68 stories,
962 2054 326 68 quotations
1321 2054 115 53 and
1469 2054 322 68 aphorisms
1826 2054 94 53 for
1953 2055 231 67 general
371 2055 1983 145 reading
499 2132 114 53 and
642 2132 459 67 entertainment,
1132 2132 113 52 and
1276 2132 94 53 for
1400 2132 264 68 speakers
1692 2132 324 68 especially,
2045 2132 74 69 by
2148 2133 131 54 Jno.
2310 2133 65 54 B.

368 2209 1902 70 Thomas … Kingsport, Tenn., Southern publishers [ c 1936]
443 2281 534 50 2 p. l., 306 p. 21 cm .
370 2338 1993 111 © May 9, 1936; 2c. May 25; aff. May 18; A 95360; J. B. Thomas, Midland, Tex. (36-10859)
366 2475 322 64 Thurston,
720 2475 135 55 Carl
883 2475 335 53 Hammond
1249 2474 336 65 Philander,
1619 2476 133 54 1887

439 2552 385 55 Wildflowers
869 2552 65 53 of
982 2551 288 56 Southern
1316 2551 354 67 California;
1723 2570 71 35 an
1841 2569 131 50 easy
2021 2551 108 68 key
2177 2557 57 48 to
2285 2552 95 53 the

368 2650 192 36 names
599 2630 66 54 of
701 2631 237 67 flowers,
980 2630 161 57 ferns
1177 2632 48 51 &
1263 2635 172 61 trees;
1479 2629 140 53 with
1663 2629 99 54 547
1803 2627 381 57 illustrations
2225 2629 155 54 from

368 2709 395 70 photographs
798 2709 77 69 by
910 2709 99 53 the
1043 2709 222 53 author.
1358 2709 92 67 By
1488 2707 136 56 Carl
1663 2708 307 54 Thurston.
2063 2709 317 67 Pasadena,

370 2788 195 69 Calif.,
595 2789 141 53 Esto
767 2787 338 69 publishing
1134 2805 298 50 company,
1463 2789 150 51 1936.

438 2861 1070 50 1 p. l., v-xii, 412 p. incl. plates. 23½ cm .
367 2917 53 53 ©
442 2922 114 48 Apr.
580 2921 70 47 20,
676 2919 140 47 1936;
842 2919 66 41 2c.
935 2920 113 47 Apr.
1073 2920 82 45 28;
1183 2918 80 41 aff.
1292 2920 114 47 May
1430 2919 82 47 15;
1540 2918 41 40 A
1603 2919 171 46 94534;
1803 2918 114 41 Carl
1942 2918 263 48 Thurston,
439 2919 1919 107 Pasadena,
606 2978 145 40 Calif.
823 2976 281 49 (36-10778)

389 3051 342 66 [Tompkins,
757 3051 222 67 Lionel]

439 3128 183 53 Black
658 3128 175 53 bread
873 3128 112 52 and
1023 3127 248 68 cabbage
1307 3145 160 50 soup,
1503 3127 74 67 by
1617 3126 289 53 Brownell
1946 3123 146 56 Carr
2157 3144 159 49 [pseuc.]

374 3205 369 56 [Cincinnati.
768 3205 243 54 Printed
1035 3205 74 68 by
1138 3205 214 52 Powell
1378 3206 45 49 &
1446 3204 214 63 White,
1683 3210 18 21 c
1706 3206 151 64 1936]

437 3276 88 41 320
544 3287 43 38 p.
649 3277 128 39 illus.
838 3277 55 40 23½
927 3279 44 21 cm
976 3310 9 9 .

368 3333 53 53 ©
454 3337 111 40 Feb,
597 3337 70 47 15,
700 3335 140 46 1936;
875 3336 67 40 2c.
977 3337 115 47 May
1121 3336 52 46 5;
1209 3334 82 43 aff.
1327 3336 112 47 May
1473 3335 82 46 18;
1592 3335 39 39 A
1663 3333 172 48 94497;
1872 3334 51 41 L.
1957 3333 278 49 Tompkins,
437 3334 1922 99 Cincinnati.
709 3393 281 47 (36-10972)

364 3467 284 65 Trollope,
681 3467 306 64 Anthony,
1020 3472 326 52 1815-1882.

437 3545 122 53 The
593 3543 249 67 warden,
877 3543 112 53 and
1023 3543 338 54 Barchester
1396 3555 220 54 towers,
1651 3542 72 69 by
1760 3541 275 69 Anthony
2071 3540 299 70 Trollope;

372 3621 133 53 with
540 3641 71 34 an
641 3621 390 55 introduction
1061 3621 73 66 by
1165 3622 69 52 A.
1266 3621 255 52 Edward
1552 3621 255 52 Newton.
1875 3620 136 53 New
2045 3619 179 66 York,
2250 3619 121 53 The

370 3699 750 67 Modern library [ c 1936]
439 3770 95 48 xiv,
564 3770 85 40 746
676 3782 43 37 p.
780 3771 116 40 17cm.
968 3770 299 49 (Half-title:
1291 3770 102 40 The
1420 3771 198 39 modern
1646 3770 185 47 library
1858 3769 52 41 of
1936 3771 82 40 the
2048 3769 191 41 world’s
2267 3770 105 40 best

370 3825 172 49 books)

440 3883 163 40 “First
635 3884 200 41 Modern
867 3883 184 48 library
1082 3882 227 41 edition.”

368 3939 53 53 ©
458 3945 111 46 May
605 3944 70 47 25,
713 3942 114 40 1936;
891 3942 67 41 2c.
995 3944 96 38 and
1128 3942 81 40 aff.
1249 3943 113 46 May
1397 3942 59 39 26;
1520 3941 39 39 A
1597 3940 170 46 94602;
1808 3940 222 41 Random
2066 3942 161 40 house,
2266 3940 106 47 inc.,

439 4001 115 37 New
591 4001 141 39 York.
812 3999 266 48 [Copyright
1111 3999 41 40 is
1183 3998 205 41 claimed
1422 4009 58 29 on
1515 3997 345 50 introduction]

449 4056 280 49 (36-10756)
