2519 4377
1301 4136 133 51 1208

350 422 227 66 Kallen,
609 424 230 54 Horace
869 425 223 64 Meyer,
1123 431 171 50 1882-

421 500 122 55 The
576 500 220 55 decline
829 502 112 53 and
977 504 109 53 rise
1117 503 64 54 of
1212 505 97 53 the
1341 523 323 50 consumer;
1699 525 29 34 a
1764 506 347 70 philosophy
2145 508 63 52 of
349 527 1994 106 consumer

350 580 1993 142 cooperation, by Horace M. Kallen … New York, London,
522 659 71 53 D.
637 658 588 73 Appleton-Century
1267 680 299 52 company,
1607 663 422 70 incorporated.
2075 670 150 49 1936.

419 742 81 39 XX,
531 732 86 41 484
646 745 44 38 p.
748 732 56 42 21½
838 736 46 22 cm
888 767 9 9 .

422 804 380 51 Bibliography:
835 817 44 39 p.
910 806 220 43 460-465.

350 872 54 53 ©
435 876 120 48 Aug.
591 877 72 48 28,
699 876 114 42 1936
832 889 8 36 ;
877 878 68 40 2c.
983 878 96 40 and
1114 879 83 40 aff.
1233 880 121 46 Aug.
1389 879 60 40 29
1464 891 8 37 ;
1511 881 41 39 A
1585 880 145 42 97594
1748 892 10 36 ;
1797 883 58 40 D.
1890 882 482 50 Appleton-Century

422 943 81 39 co.,
535 934 91 40 inc.
697 935 282 49 (36-27358)

373 1039 207 66 [Karig,
614 1041 226 54 Walter]
898 1047 171 50 1898-

487 1118 1882 71 … The mystery of the ivory charm, by Carolyn Keene
359 1197 2013 72 [pseud.] … illustrated by Russell H. Tandy. New York,
354 1275 822 70 Grosset & Dunlap [ c 1936]
423 1351 62 46 iv,
509 1350 86 40 216
620 1361 41 38 p.
723 1350 150 42 front.
934 1351 57 41 19½
1021 1353 46 22 cm
1069 1383 11 9 .
1150 1350 117 50 (His
1291 1352 169 49 Nancy
1486 1352 146 41 Drew
1654 1354 215 48 mystery
1895 1353 188 41 stories.
2150 1364 86 39 [no.
2264 1354 98 50 13])

424 1422 290 40 Illustrated
747 1421 364 51 lining-papers.

352 1487 54 54 ©
440 1492 129 48 Sept.
600 1493 40 45 4,
675 1490 115 42 1936
808 1503 9 37 ;
850 1492 69 40 2c.
952 1492 97 40 and
1081 1492 82 40 aff.
1200 1493 128 48 Sept.
1362 1493 26 40 9
1406 1504 8 36 ;
1450 1490 46 44 A;
1523 1492 147 42 97704
1686 1503 9 37 ;
1732 1493 202 41 Grosset
1968 1494 39 40 &
2036 1494 210 48 Dunlap,
2281 1494 92 41 inc.

434 1549 285 50 (36-19025)

353 1655 248 65 Kerner,
629 1655 225 55 Robert
881 1654 241 67 Joseph,
1154 1656 172 56 1887-

427 1732 123 54 The
579 1732 230 52 Balkan
838 1731 362 55 conferences
1230 1732 114 53 and
1374 1733 96 52 the
1502 1731 226 54 Balkan
1758 1737 243 62 entente,
2034 1734 307 51 1930-1935
2359 1751 11 49 ;

357 1809 2016 148 a study in the recent history of the Balkan and Near Eastern peoples, by Robert Joseph Kerner … and Harry Nicholas
357 1965 2018 71 Howard … Berkeley, Calif., University of California press,
359 2048 147 51 1936.

426 2128 45 37 X,
504 2117 83 42 271
622 2128 44 38 p.
727 2117 165 49 front.,
927 2119 164 47 ports.,
1125 2126 153 39 maps.
1338 2118 55 40 23½
1428 2120 44 21 cm
1478 2150 8 8 .

428 2186 208 43 “Notes”
666 2189 52 40 at
747 2189 94 40 end
870 2189 54 40 of
953 2188 120 42 each
1103 2189 215 48 chapter.
1381 2189 350 51 Bibliography
1751 2201 9 29 :
1796 2202 41 36 p.
1870 2189 218 41 239-263.

355 2259 53 53 ©
445 2264 116 46 July
595 2263 72 48 20,
703 2263 142 48 1936;
883 2264 68 40 2c.
988 2264 116 47 July
1141 2264 83 47 31;
1263 2264 83 39 aff.
1384 2264 119 47 Aug.
1542 2263 83 48 10;
1663 2264 44 39 A
1740 2263 172 48 96838;
1953 2265 214 47 Regents
2204 2263 52 41 of
2292 2262 83 40 the

428 2318 141 43 Univ.
599 2321 52 40 of
680 2320 289 50 California,
1000 2321 252 48 Berkeley,
1284 2320 146 42 Calif.
1500 2321 282 49 (36-19187)

355 2424 355 66 Kilpatrick,
736 2429 140 51 Mrs.
903 2425 280 55 Florence
1210 2424 373 65 Antoinette,
1614 2431 171 50 1888-

429 2502 124 55 Our
579 2502 307 55 Elizabeth
912 2503 61 53 in
999 2503 296 68 America;
1325 2523 31 34 a
1380 2505 246 53 humour
1649 2503 166 53 novel
1842 2503 93 52 for
1962 2505 95 51 the
2083 2503 290 54 husbands

356 2580 66 53 of
457 2582 148 69 good
642 2581 191 70 wives,
869 2581 77 70 by
982 2583 276 53 Florence
1294 2583 71 54 A.
1402 2581 353 69 Kilpatrick.
1830 2583 260 66 London,
2127 2583 64 53 T.
355 2584 1994 146 Butterworth,
680 2662 104 54 ltd.
846 2665 153 65 [1936]

430 2747 100 51 252,
562 2748 57 51 [1]
649 2759 44 39 p.
721 2746 111 43 incl.
858 2747 165 50 front.,
1050 2747 131 42 illus.
1242 2746 56 42 19½
1330 2749 45 22 cm
1379 2779 10 9 .

357 2816 2019 53 © 1c. Aug. 29, 1936; A ad int. 21809; pubd. July 13; Thornton Butter-
430 2877 171 49 worth,
629 2877 86 40 ltd.
782 2876 283 50 (36-19566)

358 2982 375 65 Klinefelter,
760 2981 245 56 Walter.

429 3059 171 68 Maps
630 3058 61 53 in
718 3059 311 54 miniature
1046 3079 11 48 ;
1088 3064 159 49 notes
1277 3058 222 53 critical
1528 3059 114 53 and
1671 3058 296 54 historical
1999 3077 72 34 on
2099 3058 150 53 their
2279 3078 96 34 use

360 3156 72 35 on
471 3143 238 64 postage
746 3143 235 63 stamps,
1016 3138 76 69 by
1126 3138 223 54 Walter
1386 3137 381 68 Klinefelter;
1809 3137 141 53 with
1990 3156 31 33 a
2060 3137 313 54 check-list.

361 3217 332 67 Windham,
724 3218 198 67 Conn.,
949 3218 328 53 Hawthorn
1304 3218 173 52 house
1555 3221 151 64 [c1936]

431 3290 1435 50 48 p., 1 l. inc. front, (mounted stamp) plates. 17 cm .
364 3358 52 54 ©
453 3363 119 47 Aug.
611 3364 39 47 7,
688 3361 142 46 1936;
871 3362 68 40 2c.
975 3361 97 41 and
1110 3362 82 40 aff.
1231 3362 119 46 Aug.
1387 3361 82 43 10;
1510 3362 39 38 A
1584 3360 171 48 96850;
1795 3361 71 40 W.
1906 3359 310 48 Klinefelter,
2257 3358 120 41 Glen

429 3420 146 47 Rock,
602 3421 83 38 Pa.
750 3419 282 49 (36-19143)

362 3521 374 68 Kluckhohn,
762 3521 166 66 Paul,
958 3527 171 51 1886-

436 3600 284 55 Deutsche
754 3600 449 69 Vergangenheit
1237 3600 116 52 und
1388 3598 298 54 deutscher
1721 3603 168 62 Staat,
1922 3597 312 53 bearbeitet
2268 3616 108 33 von

365 3678 667 69 Universitätsprofessor
1057 3678 85 53 dr.
1169 3679 148 52 Paul
1343 3677 368 54 Kluckhohn.
1769 3676 260 69 Leipzig,
2054 3677 64 53 P.
2145 3676 233 53 Reclam

363 3758 139 69 jun.,
541 3761 152 50 1935.

436 3827 1943 53 305 p. port. 21½ ×1 6 cm . ( Added t.-p.: Deutsche literatur: Sammlung
368 3886 2008 48 literarischer kunst- und kulturdenkmäler in entwiekhmgsreiheu … hrsg.
369 3943 1641 51 von dr. H. Kindermann. Reihe [17] : Romantik … bd. 10)
362 4011 2013 54 © Dec. 11, 1935; 1c. July 17, 1936; A -Foreign 32566; Philipp Reclam
434 4073 101 47 jun.
602 4072 283 50 (36-19229)
