<alto xmlns="http://www.loc.gov/standards/alto/ns-v3#" xmlns:xsi="http://www.w3.org/2001/XMLSchema-instance" xsi:schemaLocation="http://www.loc.gov/standards/alto/ns-v3# http://www.loc.gov/alto/v3/alto-3-0.xsd"><Description>
<MeasurementUnit>pixel</MeasurementUnit>
<sourceImageInformation>
<fileName>1936_v33_Part1.pdf</fileName>
</sourceImageInformation>
<OCRProcessing ID="IdOcr">
<ocrProcessingStep>
<processingDateTime>2019-01-18</processingDateTime>
<processingSoftware>
<softwareCreator>ABBYY</softwareCreator>
<softwareName>ABBYY Recognition Server</softwareName>
<softwareVersion>4.0</softwareVersion>
</processingSoftware>
</ocrProcessingStep>
</OCRProcessing>
</Description>
<Styles>
<ParagraphStyle ALIGN="Left" FIRSTLINE="0." ID="StyleId-FFFFFFFF-FFFF-FFFF-FFFF-FFFFFFFFFFFF-" LEFT="0." RIGHT="0." />
<ParagraphStyle ALIGN="Left" FIRSTLINE="0." ID="StyleId-51D50FAC-7A90-4D70-8A96-5EA9D46D1C8B-" LEFT="0." LINESPACE="7.699999809" RIGHT="0." />
<ParagraphStyle ALIGN="Block" FIRSTLINE="-17." ID="StyleId-6BC133E9-7DCB-43C3-8842-A67984A26405-" LEFT="0." LINESPACE="8.340000153" RIGHT="0." />
<ParagraphStyle ALIGN="Left" FIRSTLINE="-13." ID="StyleId-3C3FF860-43E7-46A2-8934-48F305F6F0D6-" LEFT="0." LINESPACE="11.06999969" RIGHT="0." />
<ParagraphStyle ALIGN="Block" FIRSTLINE="-13." ID="StyleId-19220C76-4F8A-4737-B38C-B5F5C17E6040-" LEFT="0." LINESPACE="11.06999969" RIGHT="0." />
<ParagraphStyle ALIGN="Left" FIRSTLINE="0." ID="StyleId-75A0D721-13ED-4F20-9002-B389EC48477D-" LEFT="0." LINESPACE="15.5" RIGHT="0." />
<ParagraphStyle ALIGN="Left" FIRSTLINE="0." ID="StyleId-8A414184-C7A5-4AC7-9B88-7DA4DDE75922-" LEFT="0." LINESPACE="9.399999619" RIGHT="0." />
<ParagraphStyle ALIGN="Left" FIRSTLINE="0." ID="StyleId-1A87970B-111C-4169-99A6-9412976F3C97-" LEFT="0." LINESPACE="10.5" RIGHT="0." />
<ParagraphStyle ALIGN="Block" FIRSTLINE="-17." ID="StyleId-72DB0571-5AE4-41FD-9E11-68C6AC4C437E-" LEFT="0." LINESPACE="8.340000153" RIGHT="0." />
<ParagraphStyle ALIGN="Center" FIRSTLINE="0." ID="StyleId-1AA43056-C388-4697-B10F-72FDAA38FAE1-" LEFT="0." LINESPACE="10.5" RIGHT="0." />
</Styles>
<Layout>
<Page HEIGHT="4377" ID="Page186" PHYSICAL_IMG_NR="186" WIDTH="2519">
<TopMargin HEIGHT="460" HPOS="0" VPOS="0" WIDTH="2519">
</TopMargin>
<LeftMargin HEIGHT="3754" HPOS="0" VPOS="460" WIDTH="370">
</LeftMargin>
<RightMargin HEIGHT="3754" HPOS="2418" VPOS="460" WIDTH="101">
</RightMargin>
<BottomMargin HEIGHT="163" HPOS="0" VPOS="4214" WIDTH="2519">
</BottomMargin>
<PrintSpace HEIGHT="3754" HPOS="370" VPOS="460" WIDTH="2048">
<TextBlock HEIGHT="72" HPOS="1342" ID="Page186_Block1" LANG="en-US" STYLEREFS="StyleId-FDCA2135-E0F7-42A0-ADE0-CC31B94B7F98-" VPOS="4142" WIDTH="120">
<TextLine HEIGHT="51" HPOS="1353" VPOS="4153" WIDTH="98">
<String CONTENT="186" HEIGHT="51" HPOS="1353" VPOS="4153" WIDTH="98" />
</TextLine>
</TextBlock>
<TextBlock CS="1" HEIGHT="3690" HPOS="370" ID="Page186_Block2" LANG="en-US" STYLEREFS="StyleId-EA81E047-9FB4-425D-B599-5FBC01E22F2E-" VPOS="460" WIDTH="2048">
<Shape>
<Polygon POINTS="370,460 2418,460 2418,4090 894,4090 894,4150 370,4150 370,460" />
</Shape>
<TextLine HEIGHT="67" HPOS="381" STYLEREFS="StyleId-6E6B1E8F-AAEE-4833-B049-CF6D9EC09DDE-" VPOS="470" WIDTH="802">
<String CONTENT="Deeding," HEIGHT="65" HPOS="381" VPOS="472" WIDTH="282" />
<SP HEIGHT="62" HPOS="664" VPOS="473" WIDTH="27" />
<String CONTENT="Francis," HEIGHT="66" HPOS="692" VPOS="470" WIDTH="266" />
<SP HEIGHT="47" HPOS="959" VPOS="490" WIDTH="28" />
<String CONTENT="pseud." HEIGHT="65" HPOS="988" VPOS="472" WIDTH="195" />
</TextLine>
<TextLine HEIGHT="71" HPOS="453" STYLEREFS="StyleId-3CBF367A-21C1-4413-927C-1C560751A8CA-" VPOS="545" WIDTH="1943">
<String CONTENT="The" HEIGHT="56" HPOS="453" VPOS="548" WIDTH="120" />
<SP HEIGHT="36" HPOS="574" VPOS="568" WIDTH="36" />
<String CONTENT="eight" HEIGHT="69" HPOS="611" VPOS="547" WIDTH="160" />
<SP HEIGHT="47" HPOS="772" VPOS="554" WIDTH="37" />
<String CONTENT="crooked" HEIGHT="54" HPOS="810" VPOS="546" WIDTH="240" />
<SP HEIGHT="52" HPOS="1051" VPOS="548" WIDTH="36" />
<String CONTENT="trenches," HEIGHT="68" HPOS="1088" VPOS="547" WIDTH="274" />
<SP HEIGHT="67" HPOS="1363" VPOS="548" WIDTH="40" />
<String CONTENT="by" HEIGHT="68" HPOS="1404" VPOS="548" WIDTH="70" />
<SP HEIGHT="68" HPOS="1475" VPOS="548" WIDTH="39" />
<String CONTENT="Francis" HEIGHT="54" HPOS="1515" VPOS="548" WIDTH="236" />
<SP HEIGHT="53" HPOS="1752" VPOS="547" WIDTH="39" />
<String CONTENT="Beeding." HEIGHT="70" HPOS="1792" VPOS="545" WIDTH="273" />
<SP HEIGHT="52" HPOS="2066" VPOS="547" WIDTH="75" />
<String CONTENT="London," HEIGHT="67" HPOS="2142" VPOS="547" WIDTH="254" />
</TextLine>
<TextLine HEIGHT="69" HPOS="383" STYLEREFS="StyleId-3CBF367A-21C1-4413-927C-1C560751A8CA-" VPOS="624" WIDTH="1130">
<String CONTENT="Hodder" HEIGHT="55" HPOS="383" VPOS="625" WIDTH="238" />
<SP HEIGHT="50" HPOS="622" VPOS="627" WIDTH="26" />
<String CONTENT="&amp;" HEIGHT="50" HPOS="649" VPOS="627" WIDTH="46" />
<SP HEIGHT="55" HPOS="696" VPOS="624" WIDTH="28" />
<String CONTENT="Stoughton," HEIGHT="69" HPOS="725" VPOS="624" WIDTH="341" />
<SP HEIGHT="62" HPOS="1067" VPOS="630" WIDTH="26" />
<String CONTENT="limited," HEIGHT="62" HPOS="1094" VPOS="625" WIDTH="241" />
<SP HEIGHT="58" HPOS="1336" VPOS="629" WIDTH="28" />
<String CONTENT="1936." HEIGHT="49" HPOS="1365" VPOS="628" WIDTH="148" />
</TextLine>
<TextLine CS="1" HEIGHT="49" HPOS="454" VPOS="697" WIDTH="1143">
<String CONTENT="7" HEIGHT="39" HPOS="454" VPOS="698" WIDTH="26" />
<SP HEIGHT="48" HPOS="481" VPOS="698" WIDTH="24" />
<String CONTENT="p." HEIGHT="38" HPOS="506" LANG="la" VPOS="708" WIDTH="43" />
<SP />
<String CONTENT="l." CS="1" LANG="la" />
<String CONTENT="," HEIGHT="17" HPOS="610" VPOS="728" WIDTH="9" />
<SP HEIGHT="47" HPOS="620" VPOS="698" WIDTH="25" />
<String CONTENT="7-312" HEIGHT="41" HPOS="646" VPOS="697" WIDTH="145" />
<SP HEIGHT="47" HPOS="792" VPOS="697" WIDTH="25" />
<String CONTENT="p." HEIGHT="36" HPOS="818" VPOS="708" WIDTH="42" />
<SP HEIGHT="40" HPOS="861" VPOS="697" WIDTH="27" />
<String CONTENT="incl." HEIGHT="41" HPOS="889" VPOS="697" WIDTH="111" />
<SP HEIGHT="41" HPOS="1001" VPOS="697" WIDTH="25" />
<String CONTENT="front.," HEIGHT="42" HPOS="1027" VPOS="697" WIDTH="164" />
<SP HEIGHT="37" HPOS="1192" VPOS="708" WIDTH="27" />
<String CONTENT="plates." HEIGHT="48" HPOS="1220" VPOS="697" WIDTH="171" />
<SP HEIGHT="40" HPOS="1392" VPOS="698" WIDTH="59" />
<String CONTENT="19&#189;" CS="1" HEIGHT="40" HPOS="1452" VPOS="698" WIDTH="56" />
<String CONTENT="cm" HEIGHT="22" HPOS="1539" STYLE="superscript" VPOS="701" WIDTH="44" />
<String CONTENT="." HEIGHT="7" HPOS="1589" VPOS="731" WIDTH="8" />
</TextLine>
<TextLine CS="1" HEIGHT="53" HPOS="382" VPOS="754" WIDTH="2014">
<String CONTENT="&#169;" HEIGHT="53" HPOS="382" VPOS="754" WIDTH="53" />
<SP />
<String CONTENT="1c." CS="1" />
<SP HEIGHT="42" HPOS="537" VPOS="757" WIDTH="35" />
<String CONTENT="Feb." HEIGHT="41" HPOS="573" VPOS="757" WIDTH="110" />
<SP HEIGHT="39" HPOS="684" VPOS="758" WIDTH="35" />
<String CONTENT="19," HEIGHT="47" HPOS="720" VPOS="757" WIDTH="69" />
<SP HEIGHT="46" HPOS="790" VPOS="758" WIDTH="33" />
<String CONTENT="1936;" HEIGHT="46" HPOS="824" VPOS="757" WIDTH="141" />
<SP HEIGHT="46" HPOS="966" VPOS="757" WIDTH="36" />
<String CONTENT="A" HEIGHT="39" HPOS="1003" VPOS="757" WIDTH="41" />
<SP HEIGHT="39" HPOS="1045" VPOS="757" WIDTH="34" />
<String CONTENT="ad" HEIGHT="39" HPOS="1080" VPOS="758" WIDTH="63" />
<SP HEIGHT="40" HPOS="1144" VPOS="757" WIDTH="31" />
<String CONTENT="int." HEIGHT="40" HPOS="1176" VPOS="757" WIDTH="87" />
<SP HEIGHT="39" HPOS="1264" VPOS="758" WIDTH="33" />
<String CONTENT="21111;" HEIGHT="46" HPOS="1298" VPOS="758" WIDTH="171" />
<SP HEIGHT="38" HPOS="1470" VPOS="768" WIDTH="37" />
<String CONTENT="pubd." HEIGHT="47" HPOS="1508" VPOS="759" WIDTH="141" />
<SP HEIGHT="39" HPOS="1650" VPOS="759" WIDTH="36" />
<String CONTENT="Jan." HEIGHT="39" HPOS="1687" VPOS="759" WIDTH="110" />
<SP HEIGHT="40" HPOS="1798" VPOS="758" WIDTH="33" />
<String CONTENT="23;" HEIGHT="47" HPOS="1832" VPOS="758" WIDTH="83" />
<SP HEIGHT="47" HPOS="1916" VPOS="758" WIDTH="39" />
<String CONTENT="Harper" HEIGHT="49" HPOS="1956" VPOS="758" WIDTH="195" />
<SP HEIGHT="40" HPOS="2152" VPOS="759" WIDTH="30" />
<String CONTENT="&amp;" HEIGHT="40" HPOS="2183" VPOS="759" WIDTH="37" />
<SP HEIGHT="40" HPOS="2221" VPOS="759" WIDTH="34" />
<String CONTENT="bros.," HEIGHT="47" HPOS="2256" VPOS="759" WIDTH="140" />
</TextLine>
<TextLine HEIGHT="49" HPOS="451" VPOS="813" WIDTH="614">
<String CONTENT="New" HEIGHT="39" HPOS="451" VPOS="816" WIDTH="117" />
<SP HEIGHT="39" HPOS="569" VPOS="816" WIDTH="28" />
<String CONTENT="York." HEIGHT="39" HPOS="598" VPOS="815" WIDTH="145" />
<SP HEIGHT="48" HPOS="744" VPOS="814" WIDTH="67" />
<String CONTENT="(36-6481)" HEIGHT="49" HPOS="812" VPOS="813" WIDTH="253" />
</TextLine>
<TextLine HEIGHT="67" HPOS="382" STYLEREFS="StyleId-6E6B1E8F-AAEE-4833-B049-CF6D9EC09DDE-" VPOS="918" WIDTH="1128">
<String CONTENT="Berry," HEIGHT="66" HPOS="382" VPOS="919" WIDTH="208" />
<SP HEIGHT="66" HPOS="591" VPOS="919" WIDTH="28" />
<String CONTENT="Lawrence" HEIGHT="55" HPOS="620" VPOS="919" WIDTH="319" />
<SP HEIGHT="54" HPOS="940" VPOS="919" WIDTH="29" />
<String CONTENT="Frederick," HEIGHT="67" HPOS="970" VPOS="918" WIDTH="336" />
<SP HEIGHT="60" HPOS="1307" VPOS="925" WIDTH="32" />
<String CONTENT="1891&#8212;" HEIGHT="51" HPOS="1340" VPOS="925" WIDTH="170" />
</TextLine>
<TextLine CS="1" HEIGHT="148" HPOS="382" STYLEREFS="StyleId-3CBF367A-21C1-4413-927C-1C560751A8CA-" VPOS="996" WIDTH="2015">
<String CONTENT="&#8220;Greenwood" HEIGHT="56" HPOS="453" VPOS="997" WIDTH="389" />
<SP HEIGHT="52" HPOS="843" VPOS="998" WIDTH="28" />
<String CONTENT="memorial" HEIGHT="56" HPOS="872" VPOS="996" WIDTH="297" />
<SP HEIGHT="51" HPOS="1170" VPOS="1001" WIDTH="29" />
<String CONTENT="church&#8221;" HEIGHT="53" HPOS="1200" VPOS="997" WIDTH="247" />
<SP HEIGHT="69" HPOS="1448" VPOS="997" WIDTH="40" />
<String CONTENT="(Methodist" HEIGHT="68" HPOS="1489" VPOS="998" WIDTH="346" />
<SP HEIGHT="52" HPOS="1836" VPOS="999" WIDTH="31" />
<String CONTENT="Episcopal)" HEIGHT="68" HPOS="1868" VPOS="998" WIDTH="340" />
<SP HEIGHT="68" HPOS="2209" VPOS="998" WIDTH="39" />
<String CONTENT="Dorchester," HEIGHT="143" HPOS="382" VPOS="1000" WIDTH="1991" />
<SP HEIGHT="66" HPOS="618" VPOS="1077" WIDTH="55" />
<String CONTENT="Massachusetts;" HEIGHT="66" HPOS="674" VPOS="1077" WIDTH="475" />
<SP HEIGHT="67" HPOS="1150" VPOS="1076" WIDTH="57" />
<String CONTENT="its" HEIGHT="53" HPOS="1208" VPOS="1076" WIDTH="72" />
<SP HEIGHT="34" HPOS="1281" VPOS="1095" WIDTH="55" />
<String CONTENT="ancestry" HEIGHT="62" HPOS="1337" VPOS="1082" WIDTH="259" />
<SP HEIGHT="48" HPOS="1597" VPOS="1096" WIDTH="56" />
<String CONTENT="and" HEIGHT="53" HPOS="1654" VPOS="1076" WIDTH="112" />
<SP HEIGHT="68" HPOS="1767" VPOS="1076" WIDTH="54" />
<String CONTENT="growth" HEIGHT="67" HPOS="1822" VPOS="1077" WIDTH="227" />
<SP HEIGHT="52" HPOS="2050" VPOS="1077" WIDTH="54" />
<String CONTENT="with" HEIGHT="53" HPOS="2105" VPOS="1076" WIDTH="141" />
<SP HEIGHT="52" HPOS="2247" VPOS="1077" WIDTH="53" />
<String CONTENT="the" HEIGHT="52" HPOS="2301" VPOS="1077" WIDTH="96" />
</TextLine>
<TextLine CS="1" HEIGHT="69" HPOS="384" STYLEREFS="StyleId-3CBF367A-21C1-4413-927C-1C560751A8CA-" VPOS="1154" WIDTH="2014">
<String CONTENT="neighborhood," HEIGHT="69" HPOS="384" VPOS="1154" WIDTH="450" />
<SP HEIGHT="67" HPOS="835" VPOS="1154" WIDTH="30" />
<String CONTENT="by" HEIGHT="67" HPOS="866" VPOS="1154" WIDTH="76" />
<SP HEIGHT="66" HPOS="943" VPOS="1155" WIDTH="32" />
<String CONTENT="Lawrence" HEIGHT="53" HPOS="976" VPOS="1155" WIDTH="303" />
<SP HEIGHT="51" HPOS="1280" VPOS="1157" WIDTH="33" />
<String CONTENT="F." HEIGHT="51" HPOS="1314" VPOS="1157" WIDTH="63" />
<SP HEIGHT="51" HPOS="1378" VPOS="1157" WIDTH="36" />
<String CONTENT="Berry," HEIGHT="66" HPOS="1415" VPOS="1157" WIDTH="202" />
<SP HEIGHT="48" HPOS="1618" VPOS="1174" WIDTH="33" />
<String CONTENT="B." CS="1" HEIGHT="10" HPOS="1690" VPOS="1198" WIDTH="9" />
<SP HEIGHT="35" HPOS="1700" VPOS="1174" WIDTH="36" />
<String CONTENT="S." CS="1" HEIGHT="10" HPOS="1769" VPOS="1198" WIDTH="9" />
<SP HEIGHT="33" HPOS="1779" VPOS="1189" WIDTH="80" />
<String CONTENT="[Roxbury," CS="1" HEIGHT="67" HPOS="1879" VPOS="1155" WIDTH="294" />
<SP HEIGHT="66" HPOS="2174" VPOS="1156" WIDTH="31" />
<String CONTENT="Mass.," HEIGHT="59" HPOS="2206" VPOS="1156" WIDTH="192" />
</TextLine>
<TextLine HEIGHT="66" HPOS="383" STYLEREFS="StyleId-3CBF367A-21C1-4413-927C-1C560751A8CA-" VPOS="1235" WIDTH="799">
<String CONTENT="The" HEIGHT="52" HPOS="383" VPOS="1235" WIDTH="122" />
<SP HEIGHT="54" HPOS="506" VPOS="1235" WIDTH="23" />
<String CONTENT="Warren" HEIGHT="54" HPOS="530" VPOS="1235" WIDTH="245" />
<SP HEIGHT="49" HPOS="776" VPOS="1251" WIDTH="27" />
<String CONTENT="press," HEIGHT="49" HPOS="804" VPOS="1251" WIDTH="175" />
<SP HEIGHT="59" HPOS="980" VPOS="1240" WIDTH="26" />
<String CONTENT="c" HEIGHT="21" HPOS="1007" STYLE="superscript" VPOS="1240" WIDTH="18" />
<String CONTENT="1936]" HEIGHT="65" HPOS="1031" VPOS="1236" WIDTH="151" />
</TextLine>
<TextLine CS="1" HEIGHT="51" HPOS="455" VPOS="1305" WIDTH="773">
<String CONTENT="120" HEIGHT="42" HPOS="455" VPOS="1306" WIDTH="86" />
<SP HEIGHT="50" HPOS="542" VPOS="1306" WIDTH="24" />
<String CONTENT="p." HEIGHT="38" HPOS="567" VPOS="1318" WIDTH="44" />
<SP HEIGHT="39" HPOS="612" VPOS="1317" WIDTH="59" />
<String CONTENT="plates," HEIGHT="50" HPOS="672" VPOS="1306" WIDTH="173" />
<SP HEIGHT="38" HPOS="846" VPOS="1317" WIDTH="27" />
<String CONTENT="ports." HEIGHT="48" HPOS="874" VPOS="1307" WIDTH="150" />
<SP HEIGHT="41" HPOS="1025" VPOS="1305" WIDTH="55" />
<String CONTENT="22&#189;" CS="1" HEIGHT="40" HPOS="1081" VPOS="1305" WIDTH="55" />
<String CONTENT="cm" CS="1" HEIGHT="21" HPOS="1170" STYLE="superscript" VPOS="1308" WIDTH="15" />
<String CONTENT="." HEIGHT="9" HPOS="1218" VPOS="1338" WIDTH="10" />
</TextLine>
<TextLine HEIGHT="43" HPOS="456" VPOS="1363" WIDTH="427">
<String CONTENT="&#8220;First" HEIGHT="41" HPOS="456" VPOS="1364" WIDTH="163" />
<SP HEIGHT="41" HPOS="620" VPOS="1365" WIDTH="30" />
<String CONTENT="edition.&#8221;" HEIGHT="43" HPOS="651" VPOS="1363" WIDTH="232" />
</TextLine>
<TextLine HEIGHT="50" HPOS="456" VPOS="1421" WIDTH="972">
<String CONTENT="Blank" HEIGHT="42" HPOS="456" VPOS="1421" WIDTH="160" />
<SP HEIGHT="49" HPOS="617" VPOS="1422" WIDTH="25" />
<String CONTENT="pages" HEIGHT="41" HPOS="643" VPOS="1430" WIDTH="149" />
<SP HEIGHT="41" HPOS="793" VPOS="1422" WIDTH="26" />
<String CONTENT="for" HEIGHT="40" HPOS="820" VPOS="1422" WIDTH="81" />
<SP HEIGHT="40" HPOS="902" VPOS="1421" WIDTH="28" />
<String CONTENT="&#8220;Notes&#8221;" HEIGHT="42" HPOS="931" VPOS="1421" WIDTH="205" />
<SP HEIGHT="49" HPOS="1137" VPOS="1421" WIDTH="39" />
<String CONTENT="(118-120)" HEIGHT="49" HPOS="1177" VPOS="1421" WIDTH="251" />
</TextLine>
<TextLine CS="1" HEIGHT="53" HPOS="384" VPOS="1477" WIDTH="2015">
<String CONTENT="&#169;" HEIGHT="53" HPOS="384" VPOS="1477" WIDTH="54" />
<SP HEIGHT="53" HPOS="439" VPOS="1477" WIDTH="32" />
<String CONTENT="Jan." HEIGHT="40" HPOS="472" VPOS="1482" WIDTH="110" />
<SP HEIGHT="40" HPOS="583" VPOS="1481" WIDTH="33" />
<String CONTENT="29," HEIGHT="48" HPOS="617" VPOS="1481" WIDTH="71" />
<SP HEIGHT="48" HPOS="689" VPOS="1481" WIDTH="32" />
<String CONTENT="1936;" CS="1" HEIGHT="41" HPOS="722" VPOS="1480" WIDTH="118" />
<SP HEIGHT="46" HPOS="864" VPOS="1480" WIDTH="36" />
<String CONTENT="2c." HEIGHT="41" HPOS="901" VPOS="1480" WIDTH="68" />
<SP HEIGHT="30" HPOS="970" VPOS="1491" WIDTH="35" />
<String CONTENT="and" HEIGHT="39" HPOS="1006" VPOS="1481" WIDTH="95" />
<SP HEIGHT="39" HPOS="1102" VPOS="1481" WIDTH="35" />
<String CONTENT="aff." HEIGHT="40" HPOS="1138" VPOS="1480" WIDTH="82" />
<SP HEIGHT="39" HPOS="1221" VPOS="1481" WIDTH="35" />
<String CONTENT="Jan." HEIGHT="39" HPOS="1257" VPOS="1481" WIDTH="110" />
<SP HEIGHT="39" HPOS="1368" VPOS="1482" WIDTH="35" />
<String CONTENT="30;" HEIGHT="43" HPOS="1404" VPOS="1481" WIDTH="82" />
<SP HEIGHT="43" HPOS="1487" VPOS="1481" WIDTH="38" />
<String CONTENT="A" HEIGHT="39" HPOS="1526" VPOS="1481" WIDTH="41" />
<SP HEIGHT="39" HPOS="1568" VPOS="1481" WIDTH="33" />
<String CONTENT="90545;" CS="1" HEIGHT="40" HPOS="1602" VPOS="1480" WIDTH="144" />
<SP HEIGHT="45" HPOS="1774" VPOS="1481" WIDTH="40" />
<String CONTENT="D." HEIGHT="39" HPOS="1815" VPOS="1481" WIDTH="49" />
<SP HEIGHT="40" HPOS="1865" VPOS="1480" WIDTH="38" />
<String CONTENT="F." HEIGHT="40" HPOS="1904" VPOS="1480" WIDTH="51" />
<SP HEIGHT="39" HPOS="1956" VPOS="1481" WIDTH="36" />
<String CONTENT="Berry," HEIGHT="47" HPOS="1993" VPOS="1481" WIDTH="169" />
<SP HEIGHT="47" HPOS="2163" VPOS="1481" WIDTH="37" />
<String CONTENT="Boston." HEIGHT="39" HPOS="2201" VPOS="1481" WIDTH="198" />
</TextLine>
<TextLine HEIGHT="49" HPOS="463" VPOS="1538" WIDTH="254">
<String CONTENT="(36-6094)" HEIGHT="49" HPOS="463" VPOS="1538" WIDTH="254" />
</TextLine>
<TextLine HEIGHT="67" HPOS="385" STYLEREFS="StyleId-6E6B1E8F-AAEE-4833-B049-CF6D9EC09DDE-" VPOS="1642" WIDTH="773">
<String CONTENT="Bindloss," HEIGHT="67" HPOS="385" VPOS="1642" WIDTH="294" />
<SP HEIGHT="64" HPOS="680" VPOS="1645" WIDTH="28" />
<String CONTENT="Harold," HEIGHT="66" HPOS="709" VPOS="1642" WIDTH="243" />
<SP HEIGHT="59" HPOS="953" VPOS="1649" WIDTH="32" />
<String CONTENT="1866-" HEIGHT="50" HPOS="986" VPOS="1648" WIDTH="172" />
</TextLine>
<TextLine HEIGHT="69" HPOS="457" STYLEREFS="StyleId-3CBF367A-21C1-4413-927C-1C560751A8CA-" VPOS="1719" WIDTH="1942">
<String CONTENT="The" HEIGHT="52" HPOS="457" VPOS="1722" WIDTH="121" />
<SP HEIGHT="53" HPOS="579" VPOS="1721" WIDTH="52" />
<String CONTENT="forbidden" HEIGHT="53" HPOS="632" VPOS="1721" WIDTH="311" />
<SP HEIGHT="34" HPOS="944" VPOS="1739" WIDTH="54" />
<String CONTENT="river," HEIGHT="66" HPOS="999" VPOS="1721" WIDTH="169" />
<SP HEIGHT="66" HPOS="1169" VPOS="1721" WIDTH="50" />
<String CONTENT="by" HEIGHT="67" HPOS="1220" VPOS="1721" WIDTH="74" />
<SP HEIGHT="66" HPOS="1295" VPOS="1722" WIDTH="49" />
<String CONTENT="Harold" HEIGHT="54" HPOS="1345" VPOS="1720" WIDTH="227" />
<SP HEIGHT="53" HPOS="1573" VPOS="1720" WIDTH="53" />
<String CONTENT="Bindloss." HEIGHT="55" HPOS="1627" VPOS="1719" WIDTH="285" />
<SP HEIGHT="53" HPOS="1913" VPOS="1721" WIDTH="76" />
<String CONTENT="London" HEIGHT="55" HPOS="1990" VPOS="1720" WIDTH="242" />
<SP HEIGHT="35" HPOS="2233" VPOS="1739" WIDTH="52" />
<String CONTENT="and" HEIGHT="53" HPOS="2286" VPOS="1721" WIDTH="113" />
</TextLine>
<TextLine CS="1" HEIGHT="69" HPOS="385" STYLEREFS="StyleId-3CBF367A-21C1-4413-927C-1C560751A8CA-" VPOS="1797" WIDTH="1418">
<String CONTENT="Melbourne," HEIGHT="64" HPOS="385" VPOS="1800" WIDTH="354" />
<SP HEIGHT="64" HPOS="740" VPOS="1800" WIDTH="23" />
<String CONTENT="Ward," HEIGHT="67" HPOS="764" VPOS="1799" WIDTH="202" />
<SP HEIGHT="66" HPOS="967" VPOS="1800" WIDTH="24" />
<String CONTENT="Lock" HEIGHT="53" HPOS="992" VPOS="1799" WIDTH="157" />
<SP HEIGHT="54" HPOS="1150" VPOS="1799" WIDTH="24" />
<String CONTENT="&amp;" HEIGHT="51" HPOS="1175" VPOS="1802" WIDTH="45" />
<SP HEIGHT="51" HPOS="1221" VPOS="1802" WIDTH="26" />
<String CONTENT="co.," HEIGHT="49" HPOS="1248" VPOS="1817" WIDTH="97" />
<SP HEIGHT="65" HPOS="1346" VPOS="1801" WIDTH="25" />
<String CONTENT="limited" HEIGHT="56" HPOS="1372" VPOS="1797" WIDTH="223" />
<SP HEIGHT="67" HPOS="1596" VPOS="1799" WIDTH="32" />
<String CONTENT="[1936]" CS="1" HEIGHT="64" HPOS="1650" VPOS="1802" WIDTH="153" />
</TextLine>
<TextLine HEIGHT="50" HPOS="456" VPOS="1870" WIDTH="342">
<String CONTENT="314" HEIGHT="42" HPOS="456" VPOS="1870" WIDTH="87" />
<SP HEIGHT="49" HPOS="544" VPOS="1871" WIDTH="29" />
<String CONTENT="p." HEIGHT="38" HPOS="574" VPOS="1882" WIDTH="46" />
<SP HEIGHT="42" HPOS="621" VPOS="1871" WIDTH="58" />
<String CONTENT="19" HEIGHT="41" HPOS="680" VPOS="1871" WIDTH="59" />
<String CONTENT="cm" HEIGHT="23" HPOS="740" STYLE="superscript" VPOS="1872" WIDTH="46" />
<String CONTENT="." HEIGHT="10" HPOS="789" VPOS="1903" WIDTH="9" />
</TextLine>
<TextLine CS="1" HEIGHT="54" HPOS="386" VPOS="1928" WIDTH="2016">
<String CONTENT="&#169;" HEIGHT="54" HPOS="386" VPOS="1928" WIDTH="53" />
<SP />
<String CONTENT="1c." CS="1" />
<SP HEIGHT="41" HPOS="533" VPOS="1932" WIDTH="29" />
<String CONTENT="Feb." HEIGHT="40" HPOS="563" VPOS="1932" WIDTH="109" />
<SP HEIGHT="39" HPOS="673" VPOS="1932" WIDTH="28" />
<String CONTENT="11," HEIGHT="48" HPOS="702" VPOS="1931" WIDTH="68" />
<SP HEIGHT="48" HPOS="771" VPOS="1931" WIDTH="28" />
<String CONTENT="1936;" HEIGHT="46" HPOS="800" VPOS="1930" WIDTH="141" />
<SP HEIGHT="46" HPOS="942" VPOS="1930" WIDTH="29" />
<String CONTENT="A" HEIGHT="39" HPOS="972" VPOS="1930" WIDTH="41" />
<SP HEIGHT="40" HPOS="1014" VPOS="1930" WIDTH="26" />
<String CONTENT="ad" HEIGHT="39" HPOS="1041" VPOS="1931" WIDTH="62" />
<SP HEIGHT="40" HPOS="1104" VPOS="1930" WIDTH="27" />
<String CONTENT="int." HEIGHT="40" HPOS="1132" VPOS="1930" WIDTH="86" />
<SP HEIGHT="40" HPOS="1219" VPOS="1930" WIDTH="26" />
<String CONTENT="21093;" HEIGHT="44" HPOS="1246" VPOS="1928" WIDTH="171" />
<SP HEIGHT="37" HPOS="1418" VPOS="1940" WIDTH="30" />
<String CONTENT="pubd." HEIGHT="47" HPOS="1449" VPOS="1930" WIDTH="141" />
<SP HEIGHT="40" HPOS="1591" VPOS="1930" WIDTH="30" />
<String CONTENT="Jan." HEIGHT="40" HPOS="1622" VPOS="1930" WIDTH="109" />
<SP HEIGHT="39" HPOS="1732" VPOS="1931" WIDTH="29" />
<String CONTENT="3;" HEIGHT="46" HPOS="1762" VPOS="1931" WIDTH="53" />
<SP HEIGHT="47" HPOS="1816" VPOS="1930" WIDTH="31" />
<String CONTENT="Frederick" HEIGHT="40" HPOS="1848" VPOS="1930" WIDTH="264" />
<SP HEIGHT="40" HPOS="2113" VPOS="1930" WIDTH="27" />
<String CONTENT="A." HEIGHT="39" HPOS="2141" VPOS="1931" WIDTH="55" />
<SP HEIGHT="40" HPOS="2197" VPOS="1931" WIDTH="32" />
<String CONTENT="Stokes" HEIGHT="40" HPOS="2230" VPOS="1931" WIDTH="172" />
</TextLine>
<TextLine HEIGHT="50" HPOS="456" VPOS="1987" WIDTH="724">
<String CONTENT="co.," HEIGHT="37" HPOS="456" VPOS="2000" WIDTH="82" />
<SP HEIGHT="48" HPOS="539" VPOS="1989" WIDTH="26" />
<String CONTENT="New" HEIGHT="40" HPOS="566" VPOS="1989" WIDTH="120" />
<SP HEIGHT="40" HPOS="687" VPOS="1989" WIDTH="26" />
<String CONTENT="York." HEIGHT="41" HPOS="714" VPOS="1988" WIDTH="145" />
<SP HEIGHT="49" HPOS="860" VPOS="1987" WIDTH="66" />
<String CONTENT="(36-6315)" HEIGHT="49" HPOS="927" VPOS="1987" WIDTH="253" />
</TextLine>
<TextLine HEIGHT="66" HPOS="390" STYLEREFS="StyleId-6E6B1E8F-AAEE-4833-B049-CF6D9EC09DDE-" VPOS="2093" WIDTH="567">
<String CONTENT="Bradley," HEIGHT="65" HPOS="390" VPOS="2094" WIDTH="272" />
<SP HEIGHT="65" HPOS="663" VPOS="2094" WIDTH="25" />
<String CONTENT="Phillips." HEIGHT="65" HPOS="689" VPOS="2093" WIDTH="268" />
</TextLine>
<TextLine CS="1" HEIGHT="71" HPOS="461" STYLEREFS="StyleId-3CBF367A-21C1-4413-927C-1C560751A8CA-" VPOS="2168" WIDTH="1940">
<String CONTENT="Can" HEIGHT="56" HPOS="461" VPOS="2170" WIDTH="124" />
<SP HEIGHT="34" HPOS="586" VPOS="2190" WIDTH="34" />
<String CONTENT="we" HEIGHT="35" HPOS="621" VPOS="2190" WIDTH="84" />
<SP HEIGHT="35" HPOS="706" VPOS="2190" WIDTH="32" />
<String CONTENT="stay" HEIGHT="63" HPOS="739" VPOS="2176" WIDTH="128" />
<SP HEIGHT="50" HPOS="868" VPOS="2189" WIDTH="34" />
<String CONTENT="out" HEIGHT="48" HPOS="903" VPOS="2176" WIDTH="99" />
<SP HEIGHT="48" HPOS="1003" VPOS="2176" WIDTH="32" />
<String CONTENT="of" HEIGHT="53" HPOS="1036" VPOS="2170" WIDTH="65" />
<SP HEIGHT="53" HPOS="1102" VPOS="2170" WIDTH="32" />
<String CONTENT="war?" HEIGHT="53" HPOS="1135" VPOS="2169" WIDTH="152" />
<SP HEIGHT="68" HPOS="1288" VPOS="2169" WIDTH="83" />
<String CONTENT="[By]" CS="1" HEIGHT="67" HPOS="1393" VPOS="2171" WIDTH="89" />
<SP HEIGHT="66" HPOS="1500" VPOS="2171" WIDTH="39" />
<String CONTENT="Phillips" HEIGHT="70" HPOS="1540" VPOS="2168" WIDTH="254" />
<SP HEIGHT="52" HPOS="1795" VPOS="2172" WIDTH="36" />
<String CONTENT="Bradley" HEIGHT="69" HPOS="1832" VPOS="2169" WIDTH="255" />
<SP HEIGHT="49" HPOS="2088" VPOS="2189" WIDTH="38" />
<String CONTENT="&#8230;" CS="1" />
<SP HEIGHT="52" HPOS="2183" VPOS="2171" WIDTH="79" />
<String CONTENT="New" HEIGHT="52" HPOS="2263" VPOS="2171" WIDTH="138" />
</TextLine>
<TextLine CS="1" HEIGHT="69" HPOS="392" STYLEREFS="StyleId-3CBF367A-21C1-4413-927C-1C560751A8CA-" VPOS="2249" WIDTH="1404">
<String CONTENT="York," HEIGHT="68" HPOS="392" VPOS="2250" WIDTH="179" />
<SP HEIGHT="66" HPOS="572" VPOS="2252" WIDTH="22" />
<String CONTENT="W." HEIGHT="55" HPOS="595" LANG="la" VPOS="2252" WIDTH="91" />
<SP HEIGHT="56" HPOS="687" VPOS="2251" WIDTH="27" />
<String CONTENT="W." HEIGHT="56" HPOS="715" VPOS="2251" WIDTH="91" />
<SP HEIGHT="54" HPOS="807" VPOS="2251" WIDTH="26" />
<String CONTENT="Norton" HEIGHT="54" HPOS="834" VPOS="2251" WIDTH="222" />
<SP HEIGHT="52" HPOS="1057" VPOS="2253" WIDTH="26" />
<String CONTENT="&amp;" HEIGHT="52" HPOS="1084" VPOS="2253" WIDTH="46" />
<SP HEIGHT="52" HPOS="1131" VPOS="2253" WIDTH="22" />
<String CONTENT="company," HEIGHT="50" HPOS="1154" VPOS="2268" WIDTH="299" />
<SP HEIGHT="63" HPOS="1454" VPOS="2249" WIDTH="25" />
<String CONTENT="inc." HEIGHT="55" HPOS="1480" VPOS="2249" WIDTH="106" />
<SP HEIGHT="34" HPOS="1587" VPOS="2284" WIDTH="32" />
<String CONTENT="[" CS="1" />
<String CONTENT="c" HEIGHT="22" HPOS="1637" STYLE="superscript" VPOS="2255" WIDTH="18" />
<String CONTENT="1936]" CS="1" HEIGHT="52" HPOS="1660" VPOS="2252" WIDTH="136" />
</TextLine>
<TextLine CS="1" HEIGHT="51" HPOS="461" VPOS="2322" WIDTH="1943">
<String CONTENT="xiii" HEIGHT="43" HPOS="461" VPOS="2323" WIDTH="92" />
<SP HEIGHT="48" HPOS="554" VPOS="2325" WIDTH="29" />
<String CONTENT="p.," HEIGHT="39" HPOS="584" LANG="la" VPOS="2334" WIDTH="59" />
<SP HEIGHT="47" HPOS="644" VPOS="2326" WIDTH="32" />
<String CONTENT="1" HEIGHT="39" HPOS="677" VPOS="2326" WIDTH="26" />
<SP />
<String CONTENT="l.," CS="1" HEIGHT="17" HPOS="770" VPOS="2356" WIDTH="9" />
<SP HEIGHT="48" HPOS="780" VPOS="2325" WIDTH="29" />
<String CONTENT="17-288" HEIGHT="43" HPOS="810" VPOS="2323" WIDTH="176" />
<SP HEIGHT="49" HPOS="987" VPOS="2324" WIDTH="28" />
<String CONTENT="p." HEIGHT="39" HPOS="1016" VPOS="2334" WIDTH="44" />
<SP HEIGHT="42" HPOS="1061" VPOS="2323" WIDTH="58" />
<String CONTENT="21" HEIGHT="40" HPOS="1120" VPOS="2323" WIDTH="53" />
<String CONTENT="cm" HEIGHT="21" HPOS="1178" STYLE="superscript" VPOS="2326" WIDTH="45" />
<String CONTENT="." HEIGHT="10" HPOS="1228" VPOS="2355" WIDTH="9" />
<SP HEIGHT="48" HPOS="1238" VPOS="2322" WIDTH="68" />
<String CONTENT="(Half-title:" HEIGHT="50" HPOS="1307" VPOS="2322" WIDTH="302" />
<SP HEIGHT="42" HPOS="1610" VPOS="2323" WIDTH="35" />
<String CONTENT="Social" HEIGHT="42" HPOS="1646" VPOS="2323" WIDTH="158" />
<SP HEIGHT="40" HPOS="1805" VPOS="2324" WIDTH="32" />
<String CONTENT="action" HEIGHT="42" HPOS="1838" VPOS="2322" WIDTH="163" />
<SP HEIGHT="40" HPOS="2002" VPOS="2323" WIDTH="35" />
<String CONTENT="books," HEIGHT="48" HPOS="2038" VPOS="2323" WIDTH="162" />
<SP HEIGHT="37" HPOS="2201" VPOS="2334" WIDTH="34" />
<String CONTENT="ed." HEIGHT="40" HPOS="2236" VPOS="2324" WIDTH="72" />
<SP HEIGHT="40" HPOS="2309" VPOS="2325" WIDTH="32" />
<String CONTENT="by" HEIGHT="47" HPOS="2342" VPOS="2325" WIDTH="62" />
</TextLine>
<TextLine HEIGHT="48" HPOS="391" VPOS="2382" WIDTH="420">
<String CONTENT="Alvin" HEIGHT="40" HPOS="391" VPOS="2384" WIDTH="144" />
<SP HEIGHT="41" HPOS="536" VPOS="2383" WIDTH="28" />
<String CONTENT="Johnson)" HEIGHT="48" HPOS="565" VPOS="2382" WIDTH="246" />
</TextLine>
<TextLine HEIGHT="43" HPOS="463" VPOS="2439" WIDTH="424">
<String CONTENT="&#8220;First" HEIGHT="41" HPOS="463" VPOS="2440" WIDTH="164" />
<SP HEIGHT="39" HPOS="628" VPOS="2442" WIDTH="27" />
<String CONTENT="edition.&#8221;" HEIGHT="43" HPOS="656" VPOS="2439" WIDTH="231" />
</TextLine>
<TextLine CS="1" HEIGHT="51" HPOS="463" VPOS="2495" WIDTH="1321">
<String CONTENT="Bibliography" HEIGHT="49" HPOS="463" VPOS="2497" WIDTH="352" />
<SP HEIGHT="38" HPOS="816" VPOS="2508" WIDTH="16" />
<String CONTENT=":" HEIGHT="30" HPOS="833" VPOS="2508" WIDTH="9" />
<SP HEIGHT="39" HPOS="843" VPOS="2507" WIDTH="30" />
<String CONTENT="p." HEIGHT="39" HPOS="874" VPOS="2507" WIDTH="43" />
<SP HEIGHT="41" HPOS="918" VPOS="2497" WIDTH="27" />
<String CONTENT="241-243." HEIGHT="42" HPOS="946" VPOS="2496" WIDTH="220" />
<SP HEIGHT="41" HPOS="1167" VPOS="2496" WIDTH="59" />
<String CONTENT="&#8220;Notes&#8221;;" CS="1" HEIGHT="41" HPOS="1227" VPOS="2495" WIDTH="207" />
<SP HEIGHT="38" HPOS="1463" VPOS="2506" WIDTH="30" />
<String CONTENT="p." HEIGHT="37" HPOS="1494" VPOS="2507" WIDTH="43" />
<SP HEIGHT="41" HPOS="1538" VPOS="2495" WIDTH="28" />
<String CONTENT="278-285." HEIGHT="42" HPOS="1567" VPOS="2495" WIDTH="217" />
</TextLine>
<TextLine CS="1" HEIGHT="53" HPOS="389" VPOS="2553" WIDTH="2013">
<String CONTENT="&#169;" HEIGHT="53" HPOS="389" VPOS="2553" WIDTH="54" />
<SP HEIGHT="53" HPOS="444" VPOS="2553" WIDTH="26" />
<String CONTENT="Jan." HEIGHT="40" HPOS="471" VPOS="2557" WIDTH="110" />
<SP HEIGHT="40" HPOS="582" VPOS="2557" WIDTH="28" />
<String CONTENT="28," HEIGHT="48" HPOS="611" VPOS="2557" WIDTH="71" />
<SP HEIGHT="48" HPOS="683" VPOS="2557" WIDTH="30" />
<String CONTENT="1936;" CS="1" HEIGHT="41" HPOS="714" VPOS="2556" WIDTH="113" />
<SP HEIGHT="46" HPOS="855" VPOS="2556" WIDTH="30" />
<String CONTENT="2c." HEIGHT="40" HPOS="886" VPOS="2556" WIDTH="68" />
<SP HEIGHT="40" HPOS="955" VPOS="2556" WIDTH="29" />
<String CONTENT="Feb." HEIGHT="39" HPOS="985" VPOS="2556" WIDTH="111" />
<SP HEIGHT="39" HPOS="1097" VPOS="2556" WIDTH="29" />
<String CONTENT="3;" CS="1" HEIGHT="39" HPOS="1127" VPOS="2556" WIDTH="25" />
<SP HEIGHT="35" HPOS="1181" VPOS="2566" WIDTH="32" />
<String CONTENT="aff." HEIGHT="41" HPOS="1214" VPOS="2554" WIDTH="81" />
<SP HEIGHT="39" HPOS="1296" VPOS="2555" WIDTH="31" />
<String CONTENT="Feb." HEIGHT="40" HPOS="1328" VPOS="2555" WIDTH="110" />
<SP HEIGHT="39" HPOS="1439" VPOS="2555" WIDTH="28" />
<String CONTENT="6;" HEIGHT="46" HPOS="1468" VPOS="2555" WIDTH="52" />
<SP HEIGHT="46" HPOS="1521" VPOS="2555" WIDTH="33" />
<String CONTENT="A" HEIGHT="38" HPOS="1555" VPOS="2555" WIDTH="39" />
<SP HEIGHT="40" HPOS="1595" VPOS="2554" WIDTH="29" />
<String CONTENT="90633;" HEIGHT="47" HPOS="1625" VPOS="2554" WIDTH="170" />
<SP HEIGHT="46" HPOS="1796" VPOS="2555" WIDTH="32" />
<String CONTENT="W." HEIGHT="40" HPOS="1829" LANG="la" VPOS="2555" WIDTH="71" />
<SP HEIGHT="40" HPOS="1901" VPOS="2555" WIDTH="30" />
<String CONTENT="W." HEIGHT="40" HPOS="1932" VPOS="2555" WIDTH="73" />
<SP HEIGHT="40" HPOS="2006" VPOS="2555" WIDTH="30" />
<String CONTENT="Norton" HEIGHT="40" HPOS="2037" VPOS="2555" WIDTH="186" />
<SP HEIGHT="40" HPOS="2224" VPOS="2555" WIDTH="30" />
<String CONTENT="&amp;" HEIGHT="40" HPOS="2255" VPOS="2555" WIDTH="36" />
<SP HEIGHT="40" HPOS="2292" VPOS="2555" WIDTH="27" />
<String CONTENT="co.," HEIGHT="39" HPOS="2320" VPOS="2564" WIDTH="82" />
</TextLine>
<TextLine HEIGHT="49" HPOS="458" VPOS="2613" WIDTH="415">
<String CONTENT="inc." HEIGHT="41" HPOS="458" VPOS="2614" WIDTH="90" />
<SP HEIGHT="48" HPOS="549" VPOS="2614" WIDTH="70" />
<String CONTENT="(36-6058)" HEIGHT="49" HPOS="620" VPOS="2613" WIDTH="253" />
</TextLine>
<TextLine HEIGHT="65" HPOS="391" STYLEREFS="StyleId-6E6B1E8F-AAEE-4833-B049-CF6D9EC09DDE-" VPOS="2704" WIDTH="584">
<String CONTENT="Buckley," HEIGHT="64" HPOS="391" VPOS="2705" WIDTH="280" />
<SP HEIGHT="62" HPOS="672" VPOS="2707" WIDTH="28" />
<String CONTENT="Earle" HEIGHT="54" HPOS="701" VPOS="2705" WIDTH="176" />
<SP HEIGHT="55" HPOS="878" VPOS="2704" WIDTH="25" />
<String CONTENT="A." HEIGHT="55" HPOS="904" VPOS="2704" WIDTH="71" />
</TextLine>
<TextLine CS="1" HEIGHT="150" HPOS="391" STYLEREFS="StyleId-3CBF367A-21C1-4413-927C-1C560751A8CA-" VPOS="2780" WIDTH="2010">
<String CONTENT="How" HEIGHT="53" HPOS="463" VPOS="2782" WIDTH="150" />
<SP HEIGHT="47" HPOS="614" VPOS="2788" WIDTH="38" />
<String CONTENT="to" HEIGHT="47" HPOS="653" VPOS="2788" WIDTH="60" />
<SP HEIGHT="35" HPOS="714" VPOS="2800" WIDTH="39" />
<String CONTENT="write" HEIGHT="54" HPOS="754" VPOS="2781" WIDTH="164" />
<SP HEIGHT="54" HPOS="919" VPOS="2781" WIDTH="35" />
<String CONTENT="better" HEIGHT="53" HPOS="955" VPOS="2781" WIDTH="183" />
<SP HEIGHT="53" HPOS="1139" VPOS="2780" WIDTH="38" />
<String CONTENT="business" HEIGHT="54" HPOS="1178" VPOS="2780" WIDTH="254" />
<SP HEIGHT="53" HPOS="1433" VPOS="2781" WIDTH="38" />
<String CONTENT="letters;" HEIGHT="67" HPOS="1472" VPOS="2781" WIDTH="223" />
<SP HEIGHT="49" HPOS="1696" VPOS="2799" WIDTH="42" />
<String CONTENT="a" HEIGHT="34" HPOS="1739" VPOS="2799" WIDTH="31" />
<SP HEIGHT="49" HPOS="1771" VPOS="2799" WIDTH="39" />
<String CONTENT="practical," HEIGHT="68" HPOS="1811" VPOS="2780" WIDTH="297" />
<SP HEIGHT="47" HPOS="2109" VPOS="2801" WIDTH="41" />
<String CONTENT="step-by-step" HEIGHT="149" HPOS="391" VPOS="2781" WIDTH="2010" />
<SP HEIGHT="69" HPOS="517" VPOS="2861" WIDTH="38" />
<String CONTENT="discussion" HEIGHT="55" HPOS="556" VPOS="2860" WIDTH="315" />
</TextLine>
<TextLine HEIGHT="71" HPOS="910" STYLEREFS="StyleId-3CBF367A-21C1-4413-927C-1C560751A8CA-" VPOS="2858" WIDTH="1494">
<String CONTENT="of" HEIGHT="57" HPOS="910" VPOS="2859" WIDTH="64" />
<SP HEIGHT="55" HPOS="975" VPOS="2859" WIDTH="37" />
<String CONTENT="the" HEIGHT="54" HPOS="1013" VPOS="2861" WIDTH="96" />
<SP HEIGHT="51" HPOS="1110" VPOS="2878" WIDTH="36" />
<String CONTENT="principles" HEIGHT="70" HPOS="1147" VPOS="2859" WIDTH="312" />
<SP HEIGHT="56" HPOS="1460" VPOS="2858" WIDTH="37" />
<String CONTENT="involved" HEIGHT="56" HPOS="1498" VPOS="2858" WIDTH="266" />
<SP HEIGHT="54" HPOS="1765" VPOS="2860" WIDTH="37" />
<String CONTENT="and" HEIGHT="54" HPOS="1803" VPOS="2860" WIDTH="113" />
<SP HEIGHT="54" HPOS="1917" VPOS="2860" WIDTH="39" />
<String CONTENT="the" HEIGHT="54" HPOS="1957" VPOS="2861" WIDTH="97" />
<SP HEIGHT="51" HPOS="2055" VPOS="2878" WIDTH="35" />
<String CONTENT="procedure" HEIGHT="68" HPOS="2091" VPOS="2861" WIDTH="313" />
</TextLine>
<TextLine CS="1" HEIGHT="149" HPOS="393" STYLEREFS="StyleId-3CBF367A-21C1-4413-927C-1C560751A8CA-" VPOS="2939" WIDTH="2012">
<String CONTENT="to" HEIGHT="48" HPOS="394" VPOS="2945" WIDTH="58" />
<SP HEIGHT="53" HPOS="453" VPOS="2941" WIDTH="37" />
<String CONTENT="be" HEIGHT="53" HPOS="491" VPOS="2941" WIDTH="67" />
<SP HEIGHT="53" HPOS="559" VPOS="2940" WIDTH="39" />
<String CONTENT="followed" HEIGHT="55" HPOS="599" VPOS="2940" WIDTH="270" />
<SP HEIGHT="54" HPOS="870" VPOS="2940" WIDTH="41" />
<String CONTENT="in" HEIGHT="53" HPOS="912" VPOS="2940" WIDTH="60" />
<SP HEIGHT="46" HPOS="973" VPOS="2946" WIDTH="38" />
<String CONTENT="the" HEIGHT="54" HPOS="1012" VPOS="2940" WIDTH="95" />
<SP HEIGHT="50" HPOS="1108" VPOS="2957" WIDTH="39" />
<String CONTENT="preparation" HEIGHT="68" HPOS="1148" VPOS="2939" WIDTH="367" />
<SP HEIGHT="33" HPOS="1516" VPOS="2958" WIDTH="44" />
<String CONTENT="and" HEIGHT="52" HPOS="1561" VPOS="2940" WIDTH="113" />
<SP HEIGHT="52" HPOS="1675" VPOS="2940" WIDTH="38" />
<String CONTENT="the" HEIGHT="53" HPOS="1714" VPOS="2939" WIDTH="96" />
<SP HEIGHT="53" HPOS="1811" VPOS="2940" WIDTH="41" />
<String CONTENT="dictation" HEIGHT="55" HPOS="1853" VPOS="2939" WIDTH="281" />
<SP HEIGHT="34" HPOS="2135" VPOS="2959" WIDTH="39" />
<String CONTENT="of" HEIGHT="54" HPOS="2175" VPOS="2939" WIDTH="65" />
<SP HEIGHT="54" HPOS="2241" VPOS="2939" WIDTH="40" />
<String CONTENT="successful" HEIGHT="113" HPOS="393" VPOS="2960" WIDTH="1984" />
<SP HEIGHT="54" HPOS="604" VPOS="3019" WIDTH="37" />
<String CONTENT="letters," HEIGHT="69" HPOS="642" VPOS="3019" WIDTH="214" />
<SP HEIGHT="68" HPOS="857" VPOS="3020" WIDTH="36" />
<String CONTENT="by" HEIGHT="68" HPOS="894" VPOS="3020" WIDTH="76" />
<SP HEIGHT="68" HPOS="971" VPOS="3020" WIDTH="39" />
<String CONTENT="Earle" HEIGHT="53" HPOS="1011" VPOS="3019" WIDTH="173" />
<SP HEIGHT="53" HPOS="1185" VPOS="3019" WIDTH="38" />
<String CONTENT="A." HEIGHT="53" HPOS="1224" VPOS="3019" WIDTH="69" />
<SP HEIGHT="53" HPOS="1294" VPOS="3019" WIDTH="40" />
<String CONTENT="Buckley" HEIGHT="69" HPOS="1335" VPOS="3017" WIDTH="255" />
<SP HEIGHT="49" HPOS="1591" VPOS="3037" WIDTH="43" />
<String CONTENT="&#8230;" CS="1" />
<SP HEIGHT="49" HPOS="1692" VPOS="3022" WIDTH="81" />
<String CONTENT="1st" HEIGHT="50" HPOS="1774" VPOS="3022" WIDTH="85" />
<SP HEIGHT="49" HPOS="1860" VPOS="3023" WIDTH="38" />
<String CONTENT="ed." HEIGHT="53" HPOS="1899" VPOS="3019" WIDTH="85" />
<SP HEIGHT="52" HPOS="1985" VPOS="3020" WIDTH="75" />
<String CONTENT="New" HEIGHT="52" HPOS="2061" VPOS="3020" WIDTH="137" />
<SP HEIGHT="51" HPOS="2199" VPOS="3021" WIDTH="42" />
<String CONTENT="York" HEIGHT="53" HPOS="2242" VPOS="3020" WIDTH="163" />
</TextLine>
<TextLine HEIGHT="71" HPOS="394" STYLEREFS="StyleId-3CBF367A-21C1-4413-927C-1C560751A8CA-" VPOS="3096" WIDTH="1705">
<String CONTENT="and" HEIGHT="53" HPOS="394" VPOS="3101" WIDTH="112" />
<SP HEIGHT="56" HPOS="507" VPOS="3098" WIDTH="31" />
<String CONTENT="London," HEIGHT="69" HPOS="539" VPOS="3098" WIDTH="260" />
<SP HEIGHT="69" HPOS="800" VPOS="3098" WIDTH="26" />
<String CONTENT="McGraw-Hill" HEIGHT="56" HPOS="827" VPOS="3096" WIDTH="432" />
<SP HEIGHT="54" HPOS="1260" VPOS="3097" WIDTH="27" />
<String CONTENT="book" HEIGHT="52" HPOS="1288" VPOS="3097" WIDTH="147" />
<SP HEIGHT="52" HPOS="1436" VPOS="3097" WIDTH="27" />
<String CONTENT="company," HEIGHT="50" HPOS="1464" VPOS="3114" WIDTH="297" />
<SP HEIGHT="58" HPOS="1762" VPOS="3096" WIDTH="29" />
<String CONTENT="inc.," HEIGHT="58" HPOS="1792" VPOS="3096" WIDTH="125" />
<SP HEIGHT="51" HPOS="1918" VPOS="3103" WIDTH="30" />
<String CONTENT="1936." HEIGHT="50" HPOS="1949" VPOS="3101" WIDTH="150" />
</TextLine>
<TextLine CS="1" HEIGHT="100" HPOS="396" VPOS="3169" WIDTH="1991">
<String CONTENT="viii," HEIGHT="49" HPOS="465" VPOS="3171" WIDTH="102" />
<SP HEIGHT="50" HPOS="568" VPOS="3170" WIDTH="34" />
<String CONTENT="185" HEIGHT="41" HPOS="603" VPOS="3170" WIDTH="88" />
<SP HEIGHT="49" HPOS="692" VPOS="3170" WIDTH="31" />
<String CONTENT="p." HEIGHT="38" HPOS="724" VPOS="3181" WIDTH="41" />
<SP HEIGHT="41" HPOS="766" VPOS="3171" WIDTH="36" />
<String CONTENT="incl." HEIGHT="41" HPOS="803" VPOS="3171" WIDTH="110" />
<SP HEIGHT="42" HPOS="914" VPOS="3170" WIDTH="36" />
<String CONTENT="illus.," HEIGHT="47" HPOS="951" VPOS="3170" WIDTH="143" />
<SP HEIGHT="46" HPOS="1095" VPOS="3171" WIDTH="33" />
<String CONTENT="forms." HEIGHT="41" HPOS="1129" VPOS="3171" WIDTH="169" />
<SP HEIGHT="42" HPOS="1299" VPOS="3169" WIDTH="59" />
<String CONTENT="21" HEIGHT="40" HPOS="1359" VPOS="3169" WIDTH="52" />
<String CONTENT="cm" HEIGHT="22" HPOS="1416" STYLE="superscript" VPOS="3172" WIDTH="44" />
<String CONTENT="." HEIGHT="9" HPOS="1466" VPOS="3198" WIDTH="8" />
<SP HEIGHT="47" HPOS="1475" VPOS="3170" WIDTH="70" />
<String CONTENT="(Half-title:" HEIGHT="48" HPOS="1546" VPOS="3170" WIDTH="301" />
<SP HEIGHT="40" HPOS="1848" VPOS="3171" WIDTH="33" />
<String CONTENT="McGraw-Hill" HEIGHT="41" HPOS="1882" VPOS="3170" WIDTH="354" />
<SP HEIGHT="47" HPOS="2237" VPOS="3172" WIDTH="35" />
<String CONTENT="practical" HEIGHT="87" HPOS="396" VPOS="3182" WIDTH="1991" />
</TextLine>
<TextLine HEIGHT="49" HPOS="538" VPOS="3227" WIDTH="1528">
<String CONTENT="business" HEIGHT="42" HPOS="538" VPOS="3227" WIDTH="225" />
<SP HEIGHT="30" HPOS="764" VPOS="3239" WIDTH="25" />
<String CONTENT="manuals;" HEIGHT="42" HPOS="790" VPOS="3229" WIDTH="253" />
<SP HEIGHT="32" HPOS="1044" VPOS="3239" WIDTH="27" />
<String CONTENT="consulting" HEIGHT="49" HPOS="1072" VPOS="3227" WIDTH="277" />
<SP HEIGHT="39" HPOS="1350" VPOS="3237" WIDTH="23" />
<String CONTENT="editor," HEIGHT="48" HPOS="1374" VPOS="3227" WIDTH="171" />
<SP HEIGHT="48" HPOS="1546" VPOS="3227" WIDTH="27" />
<String CONTENT="Norman" HEIGHT="40" HPOS="1574" VPOS="3227" WIDTH="213" />
<SP HEIGHT="41" HPOS="1788" VPOS="3227" WIDTH="28" />
<String CONTENT="C." HEIGHT="41" HPOS="1817" VPOS="3227" WIDTH="49" />
<SP HEIGHT="39" HPOS="1867" VPOS="3228" WIDTH="31" />
<String CONTENT="Firth)" HEIGHT="40" HPOS="1899" VPOS="3228" WIDTH="167" />
</TextLine>
<TextLine CS="1" HEIGHT="54" HPOS="393" VPOS="3283" WIDTH="2013">
<String CONTENT="&#169;" HEIGHT="54" HPOS="393" VPOS="3283" WIDTH="53" />
<SP HEIGHT="54" HPOS="447" VPOS="3283" WIDTH="32" />
<String CONTENT="Feb." HEIGHT="40" HPOS="480" VPOS="3288" WIDTH="110" />
<SP HEIGHT="39" HPOS="591" VPOS="3289" WIDTH="33" />
<String CONTENT="7," HEIGHT="44" HPOS="625" VPOS="3289" WIDTH="40" />
<SP HEIGHT="45" HPOS="666" VPOS="3288" WIDTH="33" />
<String CONTENT="1936;" CS="1" HEIGHT="41" HPOS="700" VPOS="3286" WIDTH="117" />
<SP HEIGHT="47" HPOS="842" VPOS="3287" WIDTH="34" />
<String CONTENT="2c." HEIGHT="40" HPOS="877" VPOS="3287" WIDTH="67" />
<SP HEIGHT="30" HPOS="945" VPOS="3297" WIDTH="33" />
<String CONTENT="and" HEIGHT="39" HPOS="979" VPOS="3287" WIDTH="95" />
<SP HEIGHT="39" HPOS="1075" VPOS="3287" WIDTH="33" />
<String CONTENT="aff." HEIGHT="41" HPOS="1109" VPOS="3286" WIDTH="82" />
<SP HEIGHT="40" HPOS="1192" VPOS="3287" WIDTH="35" />
<String CONTENT="Feb." HEIGHT="39" HPOS="1228" VPOS="3287" WIDTH="109" />
<SP HEIGHT="39" HPOS="1338" VPOS="3287" WIDTH="35" />
<String CONTENT="11;" HEIGHT="46" HPOS="1374" VPOS="3286" WIDTH="81" />
<SP HEIGHT="46" HPOS="1456" VPOS="3286" WIDTH="36" />
<String CONTENT="A" HEIGHT="39" HPOS="1493" VPOS="3286" WIDTH="41" />
<SP HEIGHT="40" HPOS="1535" VPOS="3285" WIDTH="29" />
<String CONTENT="90712;" CS="1" HEIGHT="42" HPOS="1565" VPOS="3284" WIDTH="143" />
<SP HEIGHT="45" HPOS="1737" VPOS="3287" WIDTH="38" />
<String CONTENT="McGraw-Hill" HEIGHT="41" HPOS="1776" VPOS="3285" WIDTH="352" />
<SP HEIGHT="39" HPOS="2129" VPOS="3287" WIDTH="35" />
<String CONTENT="book" HEIGHT="39" HPOS="2165" VPOS="3287" WIDTH="122" />
<SP HEIGHT="41" HPOS="2288" VPOS="3287" WIDTH="34" />
<String CONTENT="co.," HEIGHT="39" HPOS="2323" VPOS="3296" WIDTH="83" />
</TextLine>
<TextLine CS="1" HEIGHT="49" HPOS="460" VPOS="3344" WIDTH="415">
<String CONTENT="inc." HEIGHT="41" HPOS="460" VPOS="3344" WIDTH="91" />
<SP HEIGHT="48" HPOS="552" VPOS="3344" WIDTH="70" />
<String CONTENT="(36-6059)" CS="1" HEIGHT="49" HPOS="623" VPOS="3344" WIDTH="252" />
</TextLine>
<TextLine HEIGHT="65" HPOS="393" STYLEREFS="StyleId-6E6B1E8F-AAEE-4833-B049-CF6D9EC09DDE-" VPOS="3432" WIDTH="832">
<String CONTENT="Burke," HEIGHT="65" HPOS="393" VPOS="3432" WIDTH="218" />
<SP HEIGHT="62" HPOS="612" VPOS="3435" WIDTH="24" />
<String CONTENT="Mrs." HEIGHT="52" HPOS="637" VPOS="3435" WIDTH="140" />
<SP HEIGHT="53" HPOS="778" VPOS="3433" WIDTH="26" />
<String CONTENT="Jane" HEIGHT="53" HPOS="805" VPOS="3433" WIDTH="149" />
<SP HEIGHT="52" HPOS="955" VPOS="3434" WIDTH="25" />
<String CONTENT="Revere." HEIGHT="53" HPOS="981" VPOS="3434" WIDTH="244" />
</TextLine>
<TextLine HEIGHT="71" HPOS="465" STYLEREFS="StyleId-3CBF367A-21C1-4413-927C-1C560751A8CA-" VPOS="3506" WIDTH="1941">
<String CONTENT="The" HEIGHT="54" HPOS="465" VPOS="3508" WIDTH="122" />
<SP HEIGHT="54" HPOS="588" VPOS="3508" WIDTH="32" />
<String CONTENT="immutable" HEIGHT="55" HPOS="621" VPOS="3508" WIDTH="338" />
<SP HEIGHT="54" HPOS="960" VPOS="3509" WIDTH="29" />
<String CONTENT="law;" HEIGHT="68" HPOS="990" VPOS="3509" WIDTH="138" />
<SP HEIGHT="69" HPOS="1129" VPOS="3508" WIDTH="37" />
<String CONTENT="being" HEIGHT="71" HPOS="1167" VPOS="3506" WIDTH="170" />
<SP HEIGHT="50" HPOS="1338" VPOS="3527" WIDTH="28" />
<String CONTENT="messages" HEIGHT="52" HPOS="1367" VPOS="3525" WIDTH="279" />
<SP HEIGHT="36" HPOS="1647" VPOS="3526" WIDTH="32" />
<String CONTENT="on" HEIGHT="35" HPOS="1680" VPOS="3526" WIDTH="72" />
<SP HEIGHT="49" HPOS="1753" VPOS="3512" WIDTH="32" />
<String CONTENT="thought" HEIGHT="70" HPOS="1786" VPOS="3507" WIDTH="252" />
<SP HEIGHT="64" HPOS="2039" VPOS="3513" WIDTH="30" />
<String CONTENT="projection," HEIGHT="69" HPOS="2070" VPOS="3508" WIDTH="336" />
</TextLine>
<TextLine CS="1" HEIGHT="134" HPOS="393" STYLEREFS="StyleId-3CBF367A-21C1-4413-927C-1C560751A8CA-" VPOS="3586" WIDTH="1989">
<String CONTENT="mental" HEIGHT="53" HPOS="393" VPOS="3587" WIDTH="213" />
<SP HEIGHT="53" HPOS="607" VPOS="3587" WIDTH="29" />
<String CONTENT="control" HEIGHT="52" HPOS="637" VPOS="3588" WIDTH="222" />
<SP HEIGHT="52" HPOS="860" VPOS="3588" WIDTH="31" />
<String CONTENT="and" HEIGHT="52" HPOS="892" VPOS="3589" WIDTH="113" />
<SP HEIGHT="53" HPOS="1006" VPOS="3589" WIDTH="30" />
<String CONTENT="the" HEIGHT="54" HPOS="1037" VPOS="3588" WIDTH="97" />
<SP HEIGHT="48" HPOS="1135" VPOS="3607" WIDTH="29" />
<String CONTENT="present" HEIGHT="62" HPOS="1165" VPOS="3593" WIDTH="227" />
<SP HEIGHT="47" HPOS="1393" VPOS="3593" WIDTH="31" />
<String CONTENT="crisis" HEIGHT="53" HPOS="1425" VPOS="3587" WIDTH="162" />
<SP HEIGHT="54" HPOS="1588" VPOS="3586" WIDTH="24" />
<String CONTENT="in" HEIGHT="54" HPOS="1613" VPOS="3586" WIDTH="61" />
<SP HEIGHT="53" HPOS="1675" VPOS="3587" WIDTH="29" />
<String CONTENT="human" HEIGHT="53" HPOS="1705" VPOS="3587" WIDTH="213" />
<SP HEIGHT="33" HPOS="1919" VPOS="3606" WIDTH="33" />
<String CONTENT="affairs," HEIGHT="68" HPOS="1953" VPOS="3587" WIDTH="217" />
<SP HEIGHT="48" HPOS="2171" VPOS="3607" WIDTH="29" />
<String CONTENT="understood" HEIGHT="130" HPOS="394" VPOS="3589" WIDTH="1988" />
<SP HEIGHT="52" HPOS="558" VPOS="3667" WIDTH="28" />
<String CONTENT="to" HEIGHT="48" HPOS="587" VPOS="3670" WIDTH="61" />
<SP HEIGHT="53" HPOS="649" VPOS="3665" WIDTH="30" />
<String CONTENT="be" HEIGHT="54" HPOS="680" VPOS="3665" WIDTH="69" />
<SP HEIGHT="53" HPOS="750" VPOS="3666" WIDTH="29" />
<String CONTENT="dictated" HEIGHT="54" HPOS="780" VPOS="3666" WIDTH="253" />
</TextLine>
<TextLine CS="1" HEIGHT="69" HPOS="1065" STYLEREFS="StyleId-3CBF367A-21C1-4413-927C-1C560751A8CA-" VPOS="3666" WIDTH="1343">
<String CONTENT="by" HEIGHT="68" HPOS="1065" VPOS="3667" WIDTH="75" />
<SP HEIGHT="68" HPOS="1141" VPOS="3667" WIDTH="31" />
<String CONTENT="Thomas" HEIGHT="53" HPOS="1173" VPOS="3666" WIDTH="249" />
<SP HEIGHT="52" HPOS="1423" VPOS="3666" WIDTH="31" />
<String CONTENT="Troward" HEIGHT="52" HPOS="1455" VPOS="3666" WIDTH="278" />
<SP HEIGHT="52" HPOS="1734" VPOS="3666" WIDTH="37" />
<String CONTENT="&#8230;" CS="1" />
<SP HEIGHT="33" HPOS="1829" VPOS="3687" WIDTH="36" />
<String CONTENT="received" HEIGHT="54" HPOS="1866" VPOS="3666" WIDTH="254" />
<SP HEIGHT="53" HPOS="2121" VPOS="3666" WIDTH="29" />
<String CONTENT="by" HEIGHT="68" HPOS="2151" VPOS="3666" WIDTH="75" />
<SP HEIGHT="67" HPOS="2227" VPOS="3667" WIDTH="30" />
<String CONTENT="Jane" HEIGHT="53" HPOS="2258" VPOS="3667" WIDTH="150" />
</TextLine>
<TextLine HEIGHT="69" HPOS="395" STYLEREFS="StyleId-3CBF367A-21C1-4413-927C-1C560751A8CA-" VPOS="3743" WIDTH="2009">
<String CONTENT="Revere" HEIGHT="55" HPOS="395" VPOS="3743" WIDTH="218" />
<SP HEIGHT="53" HPOS="614" VPOS="3745" WIDTH="47" />
<String CONTENT="Burke;" HEIGHT="66" HPOS="662" VPOS="3743" WIDTH="221" />
<SP HEIGHT="46" HPOS="884" VPOS="3763" WIDTH="51" />
<String CONTENT="with" HEIGHT="53" HPOS="936" VPOS="3744" WIDTH="139" />
<SP HEIGHT="53" HPOS="1076" VPOS="3744" WIDTH="47" />
<String CONTENT="introductory" HEIGHT="68" HPOS="1124" VPOS="3744" WIDTH="397" />
<SP HEIGHT="50" HPOS="1522" VPOS="3762" WIDTH="44" />
<String CONTENT="notes" HEIGHT="49" HPOS="1567" VPOS="3748" WIDTH="158" />
<SP HEIGHT="54" HPOS="1726" VPOS="3743" WIDTH="44" />
<String CONTENT="by" HEIGHT="69" HPOS="1771" VPOS="3743" WIDTH="76" />
<SP HEIGHT="68" HPOS="1848" VPOS="3744" WIDTH="43" />
<String CONTENT="Mrs." HEIGHT="53" HPOS="1892" VPOS="3744" WIDTH="141" />
<SP HEIGHT="52" HPOS="2034" VPOS="3745" WIDTH="46" />
<String CONTENT="Burke," HEIGHT="68" HPOS="2081" VPOS="3744" WIDTH="211" />
<SP HEIGHT="67" HPOS="2293" VPOS="3745" WIDTH="46" />
<String CONTENT="F." HEIGHT="52" HPOS="2340" VPOS="3745" WIDTH="64" />
</TextLine>
<TextLine CS="1" HEIGHT="147" HPOS="396" STYLEREFS="StyleId-3CBF367A-21C1-4413-927C-1C560751A8CA-" VPOS="3821" WIDTH="1987">
<String CONTENT="Bligh" HEIGHT="68" HPOS="398" VPOS="3822" WIDTH="177" />
<SP HEIGHT="52" HPOS="576" VPOS="3822" WIDTH="37" />
<String CONTENT="Bond" HEIGHT="53" HPOS="614" VPOS="3822" WIDTH="166" />
<SP HEIGHT="52" HPOS="781" VPOS="3823" WIDTH="32" />
<String CONTENT="and" HEIGHT="52" HPOS="814" VPOS="3823" WIDTH="113" />
<SP HEIGHT="53" HPOS="928" VPOS="3823" WIDTH="38" />
<String CONTENT="Edward" HEIGHT="53" HPOS="967" VPOS="3823" WIDTH="254" />
<SP HEIGHT="56" HPOS="1222" VPOS="3821" WIDTH="37" />
<String CONTENT="S." HEIGHT="56" HPOS="1260" VPOS="3821" WIDTH="55" />
<SP HEIGHT="53" HPOS="1316" VPOS="3822" WIDTH="36" />
<String CONTENT="Martin." HEIGHT="54" HPOS="1353" VPOS="3821" WIDTH="238" />
<SP HEIGHT="53" HPOS="1592" VPOS="3822" WIDTH="71" />
<String CONTENT="New" HEIGHT="53" HPOS="1664" VPOS="3822" WIDTH="139" />
<SP HEIGHT="52" HPOS="1804" VPOS="3822" WIDTH="33" />
<String CONTENT="York," HEIGHT="67" HPOS="1838" VPOS="3822" WIDTH="182" />
<SP HEIGHT="67" HPOS="2021" VPOS="3822" WIDTH="34" />
<String CONTENT="E." HEIGHT="52" HPOS="2056" LANG="la" VPOS="3822" WIDTH="66" />
<SP HEIGHT="52" HPOS="2123" VPOS="3823" WIDTH="34" />
<String CONTENT="P." HEIGHT="52" HPOS="2158" VPOS="3823" WIDTH="65" />
<SP HEIGHT="52" HPOS="2224" VPOS="3823" WIDTH="35" />
<String CONTENT="Dutton" HEIGHT="130" HPOS="396" VPOS="3823" WIDTH="1987" />
<SP HEIGHT="52" HPOS="497" VPOS="3901" WIDTH="27" />
<String CONTENT="&amp;" HEIGHT="51" HPOS="525" VPOS="3901" WIDTH="47" />
<SP HEIGHT="52" HPOS="573" VPOS="3901" WIDTH="28" />
<String CONTENT="company," HEIGHT="50" HPOS="602" VPOS="3918" WIDTH="301" />
<SP HEIGHT="63" HPOS="904" VPOS="3904" WIDTH="32" />
<String CONTENT="1936." HEIGHT="51" HPOS="937" VPOS="3903" WIDTH="151" />
</TextLine>
<TextLine CS="1" HEIGHT="50" HPOS="468" VPOS="3973" WIDTH="1023">
<String CONTENT="2" HEIGHT="39" HPOS="468" LANG="en-US" VPOS="3973" WIDTH="29" />
<SP HEIGHT="48" HPOS="498" VPOS="3973" WIDTH="20" />
<String CONTENT="p." HEIGHT="38" HPOS="519" LANG="la" VPOS="3983" WIDTH="43" />
<SP />
<String CONTENT="l." CS="1" LANG="la" />
<String CONTENT="," HEIGHT="18" HPOS="625" LANG="en-US" VPOS="4003" WIDTH="10" />
<SP HEIGHT="37" HPOS="636" VPOS="3984" WIDTH="26" />
<String CONTENT="vii-xii" HEIGHT="41" HPOS="663" LANG="la" VPOS="3973" WIDTH="171" />
<SP HEIGHT="49" HPOS="835" VPOS="3974" WIDTH="26" />
<String CONTENT="p.," HEIGHT="38" HPOS="862" LANG="la" VPOS="3985" WIDTH="56" />
<SP HEIGHT="47" HPOS="919" VPOS="3975" WIDTH="27" />
<String CONTENT="1" HEIGHT="39" HPOS="947" LANG="en-US" VPOS="3975" WIDTH="23" />
<SP />
<String CONTENT="l.," CS="1" HEIGHT="16" HPOS="1035" LANG="en-US" VPOS="4006" WIDTH="8" />
<SP HEIGHT="46" HPOS="1044" VPOS="3976" WIDTH="27" />
<String CONTENT="7-118" HEIGHT="41" HPOS="1072" LANG="en-US" VPOS="3974" WIDTH="145" />
<SP HEIGHT="48" HPOS="1218" VPOS="3975" WIDTH="24" />
<String CONTENT="p." HEIGHT="38" HPOS="1243" LANG="en-US" VPOS="3985" WIDTH="43" />
<SP HEIGHT="40" HPOS="1287" VPOS="3975" WIDTH="59" />
<String CONTENT="19&#189;" CS="1" HEIGHT="38" HPOS="1347" LANG="en-US" VPOS="3975" WIDTH="57" />
<String CONTENT="cm" HEIGHT="22" HPOS="1435" LANG="en-US" STYLE="superscript" VPOS="3975" WIDTH="43" />
<String CONTENT="." HEIGHT="9" HPOS="1484" LANG="en-US" VPOS="4005" WIDTH="7" />
</TextLine>
<TextLine HEIGHT="55" HPOS="397" VPOS="4026" WIDTH="2010">
<String CONTENT="&#169;" HEIGHT="53" HPOS="397" VPOS="4026" WIDTH="53" />
<SP HEIGHT="53" HPOS="451" VPOS="4026" WIDTH="29" />
<String CONTENT="Feb." HEIGHT="41" HPOS="481" VPOS="4030" WIDTH="107" />
<SP HEIGHT="39" HPOS="589" VPOS="4031" WIDTH="29" />
<String CONTENT="17," HEIGHT="47" HPOS="619" VPOS="4031" WIDTH="69" />
<SP HEIGHT="46" HPOS="689" VPOS="4032" WIDTH="28" />
<String CONTENT="1936;" HEIGHT="51" HPOS="718" VPOS="4030" WIDTH="141" />
<SP HEIGHT="49" HPOS="860" VPOS="4032" WIDTH="29" />
<String CONTENT="2c." HEIGHT="41" HPOS="890" VPOS="4032" WIDTH="67" />
<SP HEIGHT="30" HPOS="958" VPOS="4043" WIDTH="28" />
<String CONTENT="and" HEIGHT="39" HPOS="987" VPOS="4033" WIDTH="94" />
<SP HEIGHT="39" HPOS="1082" VPOS="4033" WIDTH="30" />
<String CONTENT="aff." HEIGHT="40" HPOS="1113" VPOS="4032" WIDTH="82" />
<SP HEIGHT="40" HPOS="1196" VPOS="4032" WIDTH="30" />
<String CONTENT="Feb." HEIGHT="40" HPOS="1227" VPOS="4032" WIDTH="110" />
<SP HEIGHT="40" HPOS="1338" VPOS="4031" WIDTH="29" />
<String CONTENT="18;" HEIGHT="46" HPOS="1368" VPOS="4031" WIDTH="81" />
<SP HEIGHT="45" HPOS="1450" VPOS="4032" WIDTH="29" />
<String CONTENT="A" HEIGHT="38" HPOS="1480" VPOS="4032" WIDTH="40" />
<SP HEIGHT="39" HPOS="1521" VPOS="4032" WIDTH="28" />
<String CONTENT="90848;" HEIGHT="47" HPOS="1550" VPOS="4031" WIDTH="171" />
<SP HEIGHT="46" HPOS="1722" VPOS="4032" WIDTH="32" />
<String CONTENT="E." HEIGHT="39" HPOS="1755" LANG="la" VPOS="4032" WIDTH="52" />
<SP HEIGHT="39" HPOS="1808" VPOS="4032" WIDTH="29" />
<String CONTENT="P." HEIGHT="39" HPOS="1838" VPOS="4032" WIDTH="51" />
<SP HEIGHT="39" HPOS="1890" VPOS="4032" WIDTH="30" />
<String CONTENT="Dutton" HEIGHT="39" HPOS="1921" VPOS="4032" WIDTH="187" />
<SP HEIGHT="40" HPOS="2109" VPOS="4031" WIDTH="29" />
<String CONTENT="&amp;" HEIGHT="40" HPOS="2139" VPOS="4031" WIDTH="38" />
<SP HEIGHT="40" HPOS="2178" VPOS="4031" WIDTH="25" />
<String CONTENT="co.," HEIGHT="33" HPOS="2204" VPOS="4041" WIDTH="82" />
<SP HEIGHT="43" HPOS="2287" VPOS="4031" WIDTH="29" />
<String CONTENT="inc." HEIGHT="41" HPOS="2317" VPOS="4031" WIDTH="90" />
</TextLine>
<TextLine HEIGHT="52" HPOS="480" VPOS="4087" WIDTH="252">
<String CONTENT="(36-6356)" HEIGHT="52" HPOS="480" VPOS="4087" WIDTH="252" />
</TextLine>
</TextBlock>
</PrintSpace>
</Page>
</Layout>
</alto>