2519 4377
1264 4175 135 51 1230

327 472 217 65 Smith,
571 473 168 66 Lady
766 472 255 53 Eleanor
1047 472 339 65 Furneaux,
1417 478 174 49 1902-

399 562 264 55 Portrait
700 563 63 53 of
804 584 31 33 a
874 563 157 68 lady,
1069 564 76 66 by
1186 563 252 54 Eleanor
1480 562 207 56 Smith.
1763 564 262 68 London,
327 566 2001 130 Hutchinson
453 647 46 49 &
522 662 99 47 co.,
642 642 107 54 ltd.
781 645 173 65 [1936]

399 714 366 50 320 p. 19 ½ cm.
331 782 2022 54 © 1c. Sept. 10, 1936; A ad int. 21830; pubd. July 16; Eleanor Smith,
400 844 214 40 London.
682 843 285 49 (36-20445)

326 947 219 66 Smith,
569 948 224 66 Joseph
820 946 254 68 Russell,
1104 949 175 57 1874-

397 1026 1956 72 World folks, by J. Russell Smith … Philadelphia, Chicago
474 1104 1276 71 [etc.] The John C. Winston company [c1936]
398 1181 62 49 vi,
487 1180 87 42 336
600 1192 44 38 p.
700 1179 87 42 col.
814 1179 166 49 front.,
1008 1180 130 41 illus.
1167 1179 136 48 (incl.
1328 1181 164 48 maps)
1528 1180 182 50 diagrs.
1764 1180 118 42 25cm.

330 1235 54 54 ©
420 1240 117 46 July
574 1239 41 48 1,
650 1238 144 48 1936;
833 1238 67 40 2c.
939 1238 97 41 and
1073 1238 83 42 aff.
1194 1238 118 48 July
1348 1238 83 48 25;
1473 1239 42 39 A
1550 1237 173 49 97154;
1765 1237 130 43 John
1931 1239 53 41 C.
2022 1239 227 41 Winston
2285 1250 68 32 co.

402 1295 286 51 [Copyright
721 1295 43 41 is
796 1295 210 41 claimed
1039 1306 61 29 on
1134 1294 242 41 revisions
1409 1295 99 40 and
1543 1295 264 51 additions]

413 1352 284 50 (36-19116)

325 1457 218 64 Smith,
571 1459 59 55 S.
656 1458 60 56 S.

400 1535 122 53 The
557 1534 197 54 falcon
782 1538 286 65 mystery;
1106 1553 33 34 a
1171 1531 159 72 boys’
1363 1539 159 63 story
1556 1533 65 54 of
1655 1534 97 54 the
1784 1532 352 70 Hungarian
2171 1534 180 69 plain,

328 1614 75 69 by
437 1614 57 55 S.
530 1613 56 56 S.
621 1613 221 69 Smith;
877 1613 330 54 illustrated
1236 1613 75 68 by
1343 1612 198 56 James
1573 1612 165 55 Reid.
1814 1613 141 54 New
1988 1614 181 67 York,

329 1614 2000 146 Harcourt,
546 1692 184 54 Brace
768 1692 116 53 and
922 1710 284 51 company
1269 1694 175 66 [c1936]

397 1762 1442 52 xii p., 2 l., 3-326 p. incl. front., illus., plates. 22cm.
400 1822 292 40 Illustrated
729 1821 368 49 lining-papers.

327 1877 54 54 ©
415 1882 128 48 Sept.
575 1882 41 48 3,
649 1881 120 41 1936;
826 1882 70 40 2c.
933 1882 129 48 Sept.
1096 1881 56 40 14;
1214 1881 83 42 aff.
1334 1881 129 48 Sept.
1497 1880 55 41 12;
1615 1882 42 39 A
1688 1881 149 42 97799;
1897 1883 266 47 Harcourt,
2195 1883 158 40 Brace

399 1940 39 40 &
464 1949 84 38 co.,
578 1938 94 43 inc.
741 1938 284 49 (36-19166)

324 2043 250 65 Snyder,
600 2042 185 56 Louis
807 2044 136 65 Leo,
973 2045 173 54 1907-

393 2120 1896 71 Mastery units in modern history, by Louis L. Snyder …
324 2201 140 53 New
492 2201 182 66 York,
702 2200 265 55 Colonial
994 2200 150 55 book
1168 2219 282 50 company
1484 2204 176 65 [c1936]

396 2274 82 49 vii,
505 2275 100 49 301,
636 2275 71 50 [7],
735 2273 134 40 ix-xi
894 2285 44 38 p.
994 2274 130 40 illus.
1154 2273 135 49 (incl.
1317 2274 164 49 maps)
1518 2274 182 49 diagrs.
1756 2273 117 42 19cm.
1940 2273 246 51 (Colonial
323 2275 2011 98 functional
510 2331 327 49 study-texts)

397 2390 127 39 Text
550 2399 60 30 on
639 2399 46 38 p.
730 2388 41 50 [2]
803 2388 97 41 and
932 2389 38 50 [3]
1020 2388 52 41 of
1098 2398 157 32 cover.

426 2447 213 47 "Regents
668 2445 338 41 examination
1032 2445 52 41 in
1112 2445 201 39 modern
1340 2445 221 48 history”:
1623 2446 55 49 [7]
1708 2455 46 39 p.
1782 2447 53 39 at
1861 2445 106 40 end.

397 2503 250 42 “Selected
683 2503 96 40 and
811 2502 247 41 classified
1092 2501 372 49 bibliography”:
1529 2513 44 37 p.
1608 2502 219 42 300-301.

326 2557 54 53 ©
409 2562 121 47 Aug.
562 2561 69 48 14,
664 2560 143 47 1936;
839 2560 69 42 2c.
940 2560 97 40 and
1067 2558 82 42 aff.
1184 2560 121 47 Aug.
1336 2559 84 48 20;
1454 2561 41 38 A
1526 2560 173 48 97454;
1735 2559 222 42 Colonial
1987 2559 126 40 book
2142 2569 82 40 co.,
2256 2559 92 40 inc.

407 2618 285 50 (36-18889)

323 2723 278 64 Starkey,
626 2723 234 53 Marion
886 2722 180 56 Lena.

395 2800 125 53 The
554 2799 130 54 first
719 2797 356 72 plantation;
1118 2818 31 35 a
1185 2798 225 69 history
1448 2799 64 54 of
1551 2798 302 69 Hampton
1892 2798 114 53 and
2045 2798 301 54 Elizabeth

324 2878 140 71 City
511 2884 230 65 county,
788 2875 291 74 Virginia,
1130 2877 329 55 1607-1887.
1546 2879 93 68 By
1685 2877 232 54 Marion
1966 2877 64 54 L.
2082 2877 263 71 Starkey.

329 2958 341 70 [Hampton,
696 2959 126 66 Va.,
850 2958 268 54 Houston
1146 2958 267 69 printing
1441 2957 114 54 and
1582 2955 338 71 publishing
1946 2958 192 66 house]
2173 2961 172 49 c1936.

393 3032 56 41 95
479 3043 44 38 p.
580 3032 130 40 illus.
740 3032 161 49 (map)
967 3032 118 41 23cm.

396 3089 353 49 Bibliography:
811 3101 44 38 p.
886 3089 147 41 90-92;
1095 3089 340 49 bibliography
1467 3090 105 40 also
1601 3092 53 38 at
1685 3089 92 41 end
1810 3089 52 41 of
1892 3090 118 39 each
2043 3090 216 48 chapter.

326 3143 53 53 ©
408 3148 122 47 Aug.
561 3148 39 48 1,
630 3147 116 41 1936;
805 3148 69 40 2c.
907 3147 97 40 and
1033 3147 84 41 aff.
1148 3148 121 47 Aug.
1301 3148 56 39 21;
1420 3148 42 40 A
1491 3147 149 42 98038;
1699 3148 64 41 M.
1794 3147 52 41 L.
1882 3147 225 48 Starkey,
2143 3148 204 47 Saugus,

396 3205 148 39 Mass.
614 3204 284 50 (36-19106)

321 3309 317 66 Stoddard,
665 3311 140 52 Mrs.
830 3310 172 53 Anne
1037 3308 210 67 (Glen)
1279 3310 85 54 ed.

396 3386 382 69 Discovering
816 3405 96 50 my
950 3386 114 69 job,
1100 3386 190 54 edited
1330 3387 73 68 by
1440 3387 168 53 Anne
1651 3386 323 68 Stoddard;
2016 3387 327 54 illustrated

325 3465 75 69 by
432 3465 253 55 Eleanor
715 3466 193 52 Barté.
974 3467 141 53 New
1146 3466 181 67 York,
1358 3468 66 53 T.
1455 3466 213 54 Nelson
1698 3466 115 53 and
1843 3484 148 49 sons,
2026 3470 151 49 1936.

396 3539 86 42 173
515 3551 41 38 p.
619 3539 131 42 illus.
809 3538 119 43 20cm.

398 3598 198 48 Essays.

327 3650 54 55 ©
411 3656 121 47 Aug.
564 3655 71 48 24,
669 3654 143 49 1936;
847 3656 68 42 2c.
948 3656 120 48 Aug.
1102 3656 83 46 26;
1224 3656 82 39 aff.
1342 3656 101 41 Oct.
1478 3657 54 46 3;
1568 3656 40 40 A
1642 3655 172 48 98139;
1849 3655 214 40 Thomas
2095 3656 181 39 Nelson
2309 3656 37 40 &

398 3722 127 31 sons.
596 3712 284 50 (36-19142)

322 3815 200 64 Stone,
553 3816 281 55 Clarence
860 3817 243 64 Robert,
1133 3823 174 50 1882-

394 3894 200 54 Better
631 3895 262 67 primary
930 3894 269 69 reading;
1238 3896 130 53 how
1405 3903 58 48 to
1504 3896 179 67 adapt
1720 3895 244 68 reading
1999 3893 342 54 instruction

323 3971 1958 71 to the varying needs of the children, by Clarence R. Stone …
326 4050 1501 70 St. Louis, Mo., Webster publishing company [c1936]
