2597 4361
1420 4081 68 50 24

524 477 28 41 3
578 487 44 38 p.
686 508 9 17 l.,
722 478 146 41 3-306
893 489 43 38 p.
997 478 57 41 19½
1087 482 45 21 cm
1135 513 10 8 .

460 531 53 54 ©
548 537 112 41 Jan.
698 538 39 47 2,
776 536 116 42 1936
910 549 8 36 ;
958 538 68 41 2c.
1066 539 111 40 Jan.
1217 539 52 47 8;
1311 539 83 40 aff.
1435 539 107 40 Jan.
1582 538 54 48 9;
1677 540 44 39 A
1757 539 172 47 90262;
1971 539 56 41 R.
2066 540 55 39 A.
2162 540 41 39 J.
2245 539 227 50 Walling,

521 594 241 49 Plymton,
792 596 183 48 Devon,
1005 597 239 47 England.
1312 595 224 49 (36-478)

454 698 437 68 Weatherwax,
922 701 192 57 Clara.

455 777 1992 147 … Marching! Marching! New York, The John Day company [ c 1935]
524 929 88 42 256
642 940 43 39 p.
744 929 58 42 20
805 932 46 22 cm
853 961 11 10 .

527 987 272 42 “Awarded
835 989 83 41 the
955 989 133 48 prize
1124 989 51 39 in
1214 989 84 41 the
1337 988 115 41 New
1492 999 185 31 masses
1714 991 190 39 contest
1940 988 80 41 for
2057 998 29 31 a
2128 991 135 38 novel
2306 1001 58 29 on
2406 1003 59 27 an

454 1045 261 41 American
739 1045 305 50 proletarian
1072 1044 204 43 theme.”

458 1099 54 54 ©
540 1105 110 39 Dec.
680 1104 70 47 28,
779 1103 114 41 1935
911 1115 9 35 ;
952 1104 67 40 2c.
1049 1105 94 38 and
1175 1103 82 40 aff.
1288 1104 109 39 Jan.
1428 1104 40 48 2,
1498 1103 118 41 1936
1631 1115 8 29 :
1672 1105 41 38 A
1742 1103 147 41 90127
1905 1114 9 36 ;
1949 1104 145 41 Clara
2127 1105 346 39 Weatherwax

533 1162 192 47 Strang,
755 1161 94 40 Los
878 1162 221 47 Angeles.
1165 1160 224 50 (36-373)

453 1265 292 66 Webster,
775 1266 253 65 Hutton,
1062 1266 173 53 1875-

525 1342 1946 71 History of Latin America, by Hutton Webster … 2d ed.,
456 1422 2014 70 rev. and augm. by Roland Dennis Hussey … Boston, New
456 1502 1437 69 York [etc.] D. C. Heath and company [ c 1936]
527 1575 105 48 xiii,
662 1575 71 51 [1],
760 1575 87 41 278
874 1586 43 38 p.
972 1576 129 41 illus.
1132 1576 135 48 (incl.
1294 1576 176 48 ports.)
1505 1576 172 48 plates,
1705 1586 153 38 maps.
1913 1575 149 41 20½cm.

528 1632 445 50 “Bibliographical
1002 1633 142 41 note”
1163 1644 10 30 :
1204 1645 42 37 p.
1280 1633 189 41 ix-xiii.

458 1688 1817 53 © Jan. 8, 1936 ; 2c. and aff. Jan. 13 ; A 91149 ; D. C, Heath & co.
537 1749 223 50 (36-758)

455 1839 182 67 Wills,
666 1840 201 55 Elbert
899 1840 318 65 Vaughan.

525 1917 122 54 The
683 1917 226 70 growth
947 1917 64 55 of
1046 1916 311 55 American
1394 1917 207 69 higher
1635 1915 322 70 education,
1992 1916 220 69 liberal,
453 1916 1991 133 professional
671 1996 113 53 and
813 1995 302 70 technical,
1144 1996 77 69 by
1251 1996 206 54 Elbert
1485 1996 290 68 Vaughan
1804 1995 190 68 Wills,
2023 2013 100 35 PH.
2154 2013 48 35 D.
454 1995 1992 143 Philadelphia,
733 2075 295 53 Dorrance
1054 2077 47 51 &
1127 2091 283 47 company
1443 2108 12 30 [
1461 2077 177 61 c1936]

523 2148 87 41 225
638 2159 45 39 p.
772 2148 29 41 19½
833 2150 44 22 cm
880 2179 11 10 .

526 2205 69 40 “A
621 2206 209 42 selected
858 2205 370 50 bibliography”
1247 2217 9 29 :
1286 2217 43 38 p.
1358 2204 219 41 223-225.

458 2260 53 53 ©
539 2265 112 39 Dec.
680 2264 69 47 12,
777 2263 118 41 1935
910 2275 9 36 ;
950 2263 67 42 2c.
1047 2264 110 40 Jan.
1187 2263 40 48 2,
1257 2263 114 41 1936
1390 2275 8 28 :
1431 2263 80 40 aff.
1545 2263 110 40 Jan.
1682 2264 25 39 6
1726 2274 8 31 ;
1767 2264 41 38 A
1835 2262 145 41 91023
1999 2274 9 24 :
2041 2265 249 39 Dorrance
2321 2265 36 39 &
2386 2275 82 35 co.,

519 2322 92 41 inc.
683 2321 253 49 (36-1067)

454 2412 276 65 Winsloe,
758 2412 262 55 Christa.

525 2487 131 56 Girl
699 2490 180 67 alone,
917 2488 77 69 by
1034 2485 234 58 Christa
1307 2487 285 66 Winsloe;
1634 2487 319 54 translated
1996 2487 155 53 from
2191 2487 95 54 the
453 2487 1991 133 German
614 2568 76 69 by
716 2567 195 70 Agnes
937 2567 156 53 Neill
1121 2566 177 56 Scott.
1362 2566 140 53 New
1531 2565 181 68 York,
1740 2566 217 52 Farrar
1984 2569 47 50 &
2056 2567 301 66 Rinehart,
454 2568 1985 147 incorporated
828 2680 12 34 [
846 2648 177 64 c1936]

523 2721 28 39 4
578 2732 43 38 p.
684 2752 9 17 l.,
720 2719 145 43 3-305
893 2732 44 38 p.
997 2720 57 42 20
1057 2722 43 21 cm
1104 2752 10 9 .

526 2777 198 42 London
751 2778 185 41 edition
975 2776 276 51 (Chapman
1279 2778 37 40 &
1344 2777 130 42 Hall,
1502 2777 111 47 ltd.)
1651 2778 89 39 has
1769 2776 136 42 title:
1935 2776 108 41 Life
2069 2777 181 49 begins.

457 2832 54 54 ©
538 2837 110 40 Jan.
676 2836 68 41 20.
774 2837 141 42 1936;
943 2836 65 41 2c.
1040 2837 110 40 Jan.
1180 2835 82 48 22;
1293 2835 82 41 aff.
1407 2836 109 39 Jan.
1546 2835 82 40 21:
1659 2835 42 39 A
1728 2834 172 47 90418;
1932 2835 187 39 Farrar
2147 2835 38 40 &
2212 2835 255 49 Rinehart,

529 2894 91 41 inc.
687 2894 251 48 (36-1117)

454 2983 386 64 Wodehouse,
871 2983 245 54 Pelham
1149 2983 315 62 Grenville,
1498 2986 172 50 1881-

586 3056 1876 69 … The luck of the Bodkins. Boston, Little, Brown, and
451 3155 301 53 company,
780 3141 152 51 1936.

523 3212 649 51 3 p. l. , [3]—298 p. 19½cm.
524 3270 63 39 At
614 3271 122 40 head
767 3270 53 39 of
846 3271 133 40 title:
1011 3270 52 44 P.
1093 3270 53 41 G.
1174 3270 317 40 Wodehonse.

458 3324 53 54 ©
539 3330 108 39 Jan.
675 3331 41 44 3,
744 3329 141 42 1936:
914 3329 68 41 2c.
1012 3331 93 38 and
1136 3329 83 41 aff.
1248 3329 109 40 Jan.
1388 3329 52 40 8:
1469 3329 39 38 A
1536 3327 171 40 91091:
1740 3328 50 40 P.
1821 3328 53 40 G.
1904 3329 318 40 Wodehouse.
2254 3330 210 40 London.

539 3387 221 44 (36-483)

452 3474 267 66 Yelland,
748 3478 169 52 Edna
946 3477 282 63 Holroyd.

524 3552 193 70 Going
749 3559 58 47 to
839 3554 339 66 Jerusalem,
1211 3553 75 68 by
1318 3553 167 52 Edna
1520 3552 266 68 Holroyd
1821 3552 280 58 Yelland;
2138 3552 321 54 illustrated

453 3632 74 67 by
562 3633 303 67 Raymond
907 3633 267 53 Yelland.
1247 3632 297 69 Berkeley,
1579 3631 265 65 Lederer,
1882 3631 188 56 Street
2106 3634 47 51 &
2188 3633 139 52 Zeus
2366 3650 98 42 co.,

454 3711 125 56 inc.,
611 3714 151 50 1935.

523 3785 26 40 2
575 3797 44 37 p.
684 3817 8 15 l.,
722 3785 70 44 21.
825 3806 8 28 [1]
911 3797 42 37 p.
1014 3785 165 44 front.,
1209 3787 128 40 illus.
1395 3786 54 39 27½
1484 3788 14 21 cm
1532 3817 9 8 .

527 3843 129 42 “The
690 3842 253 50 following
976 3845 40 39 is
1054 3855 62 29 an
1151 3847 192 38 extract
1380 3844 127 39 from
1544 3854 61 29 an
1641 3845 207 39 account
1882 3843 52 41 of
1968 3853 27 30 a
2032 3844 208 47 journey
2274 3844 187 41 around

453 3901 82 41 the
565 3900 409 42 world.”—Verso
1007 3902 52 40 of
1089 3900 57 42 2d
1179 3901 185 50 prelim,
1398 3902 112 41 leaf.

456 3955 53 54 ©
551 3961 106 38 Dec.
696 3959 65 45 13,
798 3958 114 40 1935
931 3970 8 29 :
978 3961 66 39 2c.
1082 3961 95 38 and
1212 3960 81 40 aff.
1331 3961 109 39 Jan.
1479 3959 69 42 20.
1587 3959 139 40 1936:
1769 3959 39 38 A
1842 3958 172 42 91309:
2054 3960 52 37 E.
2145 3959 59 39 H.
2242 3958 217 40 Yelland..

530 4017 251 47 Berkeley,
813 4016 145 40 Calif.
1059 4016 252 48 (36-1278)
