2519 4377
1321 4174 101 51 252

364 487 187 65 Clare,
580 486 277 66 Virginia
883 485 347 65 Pettigrew.

364 575 1992 150 Harp of the South, by Virginia Pettigrew Clare … Oglethorpe
600 656 359 69 University,
989 656 125 62 Ga.,
1146 655 354 69 Oglethorpe
1531 654 320 69 university
1882 673 176 50 press,
2093 659 150 49 1936.

435 747 28 39 4
491 756 44 38 p.
599 776 10 17 l.,
638 743 180 52 [ll]-96
843 754 44 37 p.
947 744 173 47 plates,
1151 744 137 47 port.,
1316 741 191 43 facsim.
1567 742 58 41 20½c
1673 745 28 21 m
1705 773 9 10 .

441 816 131 40 “The
602 825 210 39 purpose
846 814 52 41 of
929 814 100 40 this
1059 814 125 42 book
1214 813 41 41 is
1288 816 49 39 to
1368 814 204 48 compile
1605 815 84 39 the
1720 814 246 40 scattered
1998 813 132 42 facts
367 824 1996 99 concerning
478 875 82 40 the
585 873 89 41 life
700 873 53 40 of
779 871 439 44 Timrod.”—Pref.

365 942 53 55 ©
451 948 122 40 Mar.
605 946 70 48 10,
709 945 142 48 1936;
886 945 68 41 2c.
989 946 122 40 Mar.
1146 945 81 47 16;
1263 944 82 42 aff.
1380 946 121 39 Mar.
1536 944 55 41 12;
1655 944 40 41 A
1728 943 172 49 92286;
1934 945 55 42 V.
2023 945 51 40 P.
2110 944 156 49 Clare,
435 944 1933 102 Atlanta.
660 1004 251 49 (36-7266)

366 1122 195 65 Clark,
588 1123 224 53 Harold
839 1121 257 64 Florian,
1125 1126 172 51 1899-

437 1212 95 52 An
582 1212 395 52 introduction
1027 1217 57 47 to
1136 1210 287 54 economic
1474 1209 288 70 problems
1811 1209 95 52 for
1957 1209 262 54 students
2271 1209 112 52 and

367 1286 2015 73 teachers, by Harold F. Clark … New York, The Macmillan
367 1387 301 51 company,
696 1370 150 51 1936.

436 1466 78 34 xv,
550 1455 78 40 271
670 1466 41 37 p.
773 1455 59 40 20½c
879 1457 28 21 m
912 1487 8 8 .
985 1455 217 49 [Modern
1236 1455 236 41 teachers’
1508 1456 165 48 series,
1710 1454 294 43 editor—W.
2040 1455 51 43 C.
2125 1455 200 50 Bagley]

439 1526 393 48 Bibliographies
861 1528 51 37 at
944 1526 92 40 end
1068 1525 51 41 of
1149 1526 118 40 each
1298 1527 216 47 chapter.

367 1597 53 54 ©
452 1603 122 39 Mar.
606 1602 69 50 10,
708 1600 141 43 1936;
880 1600 67 42 2c.
980 1602 95 39 and
1108 1600 82 41 aff.
1224 1601 121 40 Mar.
1378 1600 81 48 11;
1494 1601 40 39 A
1565 1600 172 44 92177;
1773 1599 284 43 Macmillan
2091 1613 68 29 co.

448 1660 253 49 (36-7234)

368 1764 254 66 Clinton,
650 1765 152 65 Guy,
832 1766 171 54 1867-

439 1857 121 52 The
599 1855 266 56 Clintons
901 1854 322 70 appearing
1258 1854 61 53 in
1353 1855 96 53 the
1487 1853 159 69 early
1682 1852 309 55 American
2028 1854 245 67 records,
2311 1855 72 68 by

370 1934 132 69 Guy
531 1934 251 55 Clinton.
865 1933 275 68 [Takoma
1167 1932 175 69 Park,
1368 1932 140 68 Md.]
1538 1940 21 22 c
1563 1935 150 51 1936.

438 2018 734 51 2 p. l., 2-60 numb. l. 29 cm .
439 2090 72 41 On
547 2100 170 31 cover;
753 2089 260 41 American
1050 2091 195 40 records
1277 2090 53 40 of
1366 2091 82 40 the
1485 2091 196 41 Clinton
1717 2091 230 42 families.

437 2148 368 48 Type-written.

368 2218 53 55 ©
458 2223 110 40 Feb.
605 2222 72 50 29,
717 2222 118 42 1936;
898 2222 68 41 2c.
1006 2222 95 40 and
1138 2221 81 41 aff.
1260 2221 111 42 Feb.
1408 2220 83 49 29;
1532 2221 41 40 A
1611 2220 172 50 93208;
1823 2222 52 42 G.
1917 2222 210 51 Clinton,
2167 2223 218 42 Takoma

439 2282 144 48 Park,
614 2283 97 39 Md.
780 2280 252 49 (36-7385)

368 2385 237 65 Collins,
630 2386 141 54 Mrs.
799 2385 177 53 Anna
1006 2383 301 67 (Church)
1342 2389 170 50 1881-

442 2475 262 69 Country
743 2475 173 69 lyrics
975 2475 94 69 [by]
1115 2475 167 53 Anne
1323 2476 229 55 Church
1594 2475 235 55 Collins.
1907 2475 255 69 Califon,
2201 2478 68 54 N.
2309 2480 75 64 J.,

367 2563 19 22 c
391 2560 151 50 1935.

445 2642 86 50 [20]
562 2652 43 38 p.
669 2640 57 41 19
726 2642 45 22 cm
776 2672 8 9 .

369 2710 53 53 ©
452 2715 110 39 Dec.
594 2714 71 46 10,
696 2712 140 47 1935;
866 2713 67 39 2c.
965 2713 112 39 Dec.
1109 2712 54 40 13;
1225 2711 82 41 aff.
1339 2713 122 39 Mar.
1492 2712 40 47 6,
1564 2711 141 48 1936;
1739 2713 43 39 A
1810 2713 145 41 93087;
2018 2714 54 40 A.
2104 2714 50 41 C.
2186 2714 199 50 Collins,

441 2771 209 48 Califon,
682 2771 56 39 N.
768 2771 43 39 J.
879 2769 253 48 (36-7267)

368 2874 238 65 Collins,
632 2875 156 54 Ross
812 2873 275 64 William,
1119 2878 171 51 1892-

370 2963 1989 149 A history of medieval civilization in Europe, by Ross William Collins … Boston,
1204 3044 141 52 New
1379 3043 165 53 York
1581 3048 139 63 [etc.]
1760 3043 157 56 Ginn
1953 3046 109 52 and
2103 3064 279 52 company

373 3158 14 35 [
391 3131 19 23 c
416 3128 153 63 1936]

440 3198 65 49 ix,
537 3198 87 41 800
653 3208 46 39 p.
732 3196 110 42 incl.
874 3196 129 41 illus.
1033 3196 134 49 (incl.
1199 3207 153 38 maps,
1383 3198 140 48 plan)
1563 3198 184 49 geneal.
1780 3198 171 42 tables,
2013 3199 164 48 front.,
2210 3201 171 49 plates.

367 3256 148 42 21½cm.

442 3312 352 43 “References”
823 3315 54 39 at
905 3313 92 41 end
1027 3312 51 42 of
1105 3313 119 40 each
1254 3313 229 49 chapter;
1517 3312 351 51 Bibliography
1896 3317 51 38 at
1978 3316 91 39 end
2098 3315 52 42 of
2177 3318 124 39 most
2333 3317 51 40 of

368 3373 82 42 the
483 3374 243 48 chapters.

370 3439 53 53 ©
455 3444 111 39 Feb.
598 3444 40 45 4,
673 3443 113 40 1936;
848 3443 68 40 2c.
949 3443 110 40 Feb.
1091 3442 83 48 27;
1209 3443 83 40 aff.
1326 3443 109 39 Feb.
1470 3442 83 47 26;
1585 3443 43 38 A
1657 3441 172 49 92217;
1865 3443 56 41 R.
1956 3444 71 40 W.
2062 3444 198 48 Collins,
437 3446 1930 102 Edmonton,
685 3501 216 48 Alberta,

937 3500 214 41 Canada.
1224 3498 252 50 (36-7284)

372 3605 269 65 [Conger,
669 3606 216 67 Beach]

437 3695 1942 68 World letters, incorporated … Rio de Janeiro, United
372 3773 2008 69 States of Brazil, February 27, 1936 … [Rio de Janeiro,
367 3851 218 55 United
629 3851 190 55 States
859 3852 63 52 of
964 3852 214 66 Brazil,
1215 3852 205 55 World
1461 3853 212 63 letters,
1714 3852 127 67 inc.]
1888 3858 17 22 c
1912 3856 151 49 1936.

438 3936 43 37 p.
511 3923 160 42 93-96.
728 3924 129 41 illus.
917 3925 29 39 28
976 3927 44 21 cm
1026 3958 8 8 .

438 3981 411 48 Mimeographed.

367 4046 54 53 ©
449 4052 64 38 1c.
543 4052 122 38 Mar.
693 4051 70 48 21,
792 4050 141 47 1936;
964 4052 40 38 A
1032 4053 60 39 ad
1120 4051 87 41 int.
1235 4052 172 47 21214;
1438 4051 143 49 pubd.
1611 4051 109 40 Feb.
1749 4051 55 41 27;
1864 4051 169 42 World
2058 4052 188 46 letters,
2275 4051 105 48 inc.,

444 4109 123 41 East
590 4108 207 52 Aurora,
822 4109 55 38 N.
908 4109 53 40 Y.
