2519 4377
1051 4078 100 54 703

181 514 345 49 Bibliography;
591 526 40 37 p.
653 516 100 40 268.

109 584 52 53 ©
200 590 113 46 May
348 589 67 43 15,
455 588 139 44 1936;
634 588 68 40 2c.
744 590 115 46 May
895 588 82 46 27;
1018 588 82 40 aff.
1140 589 114 47 May
1290 588 83 47 25;
1413 589 40 38 A
1491 587 171 48 95399;
1703 589 51 40 T.
1795 589 53 38 B.
1888 589 212 47 Walker,

178 645 344 47 Thermopolis,
566 646 104 46 Wy.
744 644 278 47 (36-11201)

111 747 240 63 Walser,
378 749 321 62 Hermann,
730 753 170 49 1891-

179 824 108 53 Die
328 824 237 67 königin
607 842 111 34 von
759 842 147 33 neun
950 830 167 62 tagen
1171 822 127 67 (das
1339 821 275 55 Schicksal
1656 823 99 52 der
1796 824 162 66 Lady
112 824 1964 129 Johanna
327 901 180 69 Grey)
583 905 32 47 4
645 900 617 70 kunstdruckbeilagen
1291 902 116 52 und
1439 900 368 54 Stammtafel.
1876 901 225 69 Zürich,

111 979 1696 70 Leipzig, Morgarten-verlag aktiengesellschaft [ c 1935]
177 1053 1358 50 3 p. l., 9-208 p. ports., double geneal. tab. 19½ cm .
109 1120 52 53 ©
203 1125 116 40 Nov.
364 1125 67 47 18,
476 1125 138 42 1935;
660 1126 66 38 1c.
771 1127 121 37 Mar.
936 1123 68 49 19,
1048 1123 140 49 1936;
1233 1125 40 39 A
1275 1125 268 48 -Foreign
1586 1125 170 47 31027;
177 1127 1908 102 Morgartenverlag,
379 1192 103 37 a.-g.
547 1181 278 48 (36-11175)

109 1285 261 61 Watson,
401 1285 245 53 Charles
674 1285 222 63 Henry,
929 1285 169 55 1876-

177 1359 120 53 The
325 1359 245 68 promise
599 1359 64 53 of
690 1360 97 52 the
814 1360 241 66 Father;
1087 1359 154 53 what
1271 1359 44 53 it
1344 1377 194 36 means
1561 1365 59 48 to
1650 1378 82 50 us,
1757 1359 75 70 by
1864 1359 238 56 Charles

108 1435 76 55 H.
229 1437 237 54 Watson
516 1480 55 9 ...
658 1437 303 53 Mountain
1008 1437 180 69 View,
1236 1436 194 69 Calif.,
1477 1437 241 69 Omaha,
1763 1438 139 54 Neb.
1976 1443 119 62 [etc.]

106 1515 211 54 Pacific
345 1534 155 50 press
526 1515 335 69 publishing
886 1514 335 54 association
1254 1548 13 33 [
1272 1521 18 21 c
1296 1517 133 50 1936
1434 1548 13 34 ]

175 1589 85 41 125
288 1600 44 38 p.
391 1590 133 40 front.
569 1589 170 49 (port.)
808 1588 57 42 20½
897 1591 44 22 cm
946 1621 8 10 .

181 1660 100 40 “An
309 1661 374 48 interpretation
712 1661 52 40 of
790 1662 80 39 the
901 1660 274 48 Scriptures
1201 1659 288 49 concerning
1517 1661 80 40 the
1625 1660 134 40 work
1786 1661 51 40 of
1864 1661 81 41 the
1974 1660 126 48 Holy

110 1716 531 49 Spirit.”—Foreword.

109 1787 53 53 ©
191 1792 112 48 Apr.
334 1792 39 48 9,
406 1791 113 40 1936;
577 1790 67 41 2c.
678 1792 94 39 and
805 1790 81 42 aff.
918 1791 111 48 Apr.
1062 1790 55 41 18;
1178 1791 40 38 A
1249 1790 143 41 93728;
1455 1790 178 41 Pacific
1664 1802 134 36 press
1832 1792 107 47 pub.
1975 1801 126 30 assn.

173 1848 279 48 (36-11049)

109 1952 234 63 Wedge,
370 1951 226 64 George
621 1951 222 54 Anson.

181 2028 121 51 The
325 2027 114 67 gist
462 2026 63 51 of
548 2026 178 52 music;
781 2045 31 33 a
835 2025 175 67 ready
1034 2025 106 66 key
1166 2030 56 47 to
1247 2024 234 53 musical
1508 2024 455 68 understanding
1989 2034 112 44 and

113 2104 342 68 enjoyment,
494 2104 73 67 by
610 2102 219 69 George
869 2102 69 54 A.
978 2102 231 68 Wedge.
1285 2102 137 52 New
1469 2102 175 68 York,
1684 2102 65 54 G.
1794 2102 307 67 Schirmer,

112 2181 106 53 inc.
256 2215 13 34 [
274 2188 17 20 c
296 2184 131 50 1936]

181 2249 1231 52 ix p., 1 l., 123 p. illus. (music) diagrs. 27 cm .
181 2323 130 39 “The
339 2322 237 47 layman’s
608 2322 154 39 music
795 2322 134 46 book,
965 2323 59 47 by
1061 2323 140 39 Mme.
1238 2322 116 47 Olga
1395 2322 534 42 Samaroif-Stokowski
1970 2355 50 9 ...
2059 2327 40 37 is

113 2380 359 39 recommended
504 2389 53 30 as
589 2389 25 29 a
647 2377 284 48 companion
965 2377 483 41 text.”—Foreword.

110 2449 52 52 ©
191 2453 112 47 Apr.
335 2453 68 45 16,
437 2451 112 41 1936;
612 2451 67 40 2c.
714 2453 112 45 May
859 2451 80 46 11;
976 2450 81 40 aff.
1092 2451 113 47 May
1237 2450 81 47 12;
1354 2451 41 38 A
1426 2450 170 47 94406;
1634 2452 51 39 G.
1722 2451 256 47 Schirmer,
2012 2451 90 41 inc.

190 2509 278 47 (36-11222)

109 2614 193 62 Wells,
330 2613 255 52 Herbert
613 2612 241 63 George.

177 2691 174 53 What
378 2691 167 52 next?
624 2708 88 34 no.
740 2688 286 55 iv.—Will
1056 2707 117 32 war
1201 2706 151 34 come
1381 2693 57 47 to
1468 2690 262 65 Europe?

190 2765 80 48 (In
301 2761 197 42 London
528 2759 233 51 Morning
792 2763 127 47 post,
948 2758 127 43 June
1108 2760 68 48 11,
1210 2758 141 49 1936)

111 2829 1992 55 © 1c. June 26, 1936; A ad int. 21569; pubd. June 11; H. G. Wells,
181 2892 209 39 London.

110 2995 196 54 White
357 2995 199 51 House
609 2993 344 52 conference
1003 3008 73 35 on
1128 2990 154 54 child
1332 2990 205 52 health
1586 2992 114 52 and
1753 2992 349 63 protection.

179 3074 147 52 Sect.
355 3091 70 32 in;
483 3070 326 53 Education
836 3069 113 53 and
980 3069 269 65 training.
1318 3068 334 53 Committee
1682 3087 74 34 on
1784 3070 92 53 the
1906 3072 94 65 infarct

179 3151 113 52 and
317 3150 292 66 preschool
633 3148 170 53 child.

180 3226 121 54 The
337 3242 191 51 young
567 3224 156 52 child
758 3224 59 51 in
856 3223 96 52 the
986 3222 191 67 home;
1220 3241 31 34 a
1288 3239 205 51 survey
1529 3220 64 54 of
1627 3222 158 53 three
1819 3223 283 55 thousand

111 3304 304 52 American
444 3302 248 52 families;
752 3303 196 65 report
973 3300 62 52 of
1062 3301 95 52 the
1185 3298 336 55 Committee
1548 3318 70 34 on
1647 3301 94 52 the
1767 3301 195 54 infant
1990 3304 111 52 and

115 3381 286 68 preschool
443 3380 171 66 child,
655 3379 155 51 John
847 3378 67 53 E.
955 3378 320 66 Anderson,
1403 3420 10 10 PH.
1493 3420 28 25 D.,
1559 3378 311 69 chairman,
1911 3382 192 54 White

112 3461 191 51 House
334 3456 328 54 conference
693 3474 70 34 on
795 3456 154 53 child
980 3455 192 52 health
1206 3456 111 51 and
1351 3456 330 66 protection.
1753 3458 83 52 New
1929 3460 174 68 York,

112 3538 254 63 London,
394 3537 71 52 D.
495 3533 578 68 Appleton-Century
1101 3551 280 51 company
1413 3567 14 34 [
1431 3540 18 23 c
1454 3537 152 65 1936]

182 3611 98 46 xxi,
301 3611 85 40 415
411 3621 42 37 p.
506 3611 24 38 1
557 3610 143 46 illus.,
726 3608 178 48 diagrs.
961 3608 56 41 23½
1050 3610 44 22 cm
1099 3640 8 9 .

183 3674 287 40 Illustrated
501 3671 361 48 lining-papers.

185 3730 221 42 “Section
442 3726 393 41 in—Education
872 3729 95 38 and
1000 3725 228 48 training,
1263 3726 52 40 F.
1352 3726 43 40 J.
1432 3727 157 48 Kelly,
1702 3759 9 8 PH.
1777 3760 22 15 D.,
1837 3731 265 43 chairman.

114 3785 284 44 Committee
425 3796 61 29 on
517 3785 80 39 the
626 3782 163 41 infant
818 3784 95 38 and
946 3782 250 48 preschool
1226 3782 142 48 child,
1401 3783 127 40 John
1558 3785 53 39 E.
1641 3785 265 48 Anderson,
2008 3820 10 8 PH.
2079 3821 23 18 D.,

112 3840 400 48 chairman.”—p.
549 3840 83 49 [iii]

114 3909 52 52 ©
193 3914 112 45 Apr.
333 3913 67 44 16,
430 3910 112 39 1936;
598 3910 53 37 2c
694 3909 95 39 and
817 3907 80 40 aff.
924 3908 112 46 Apr.
1066 3907 81 46 18;
1180 3908 38 37 A
1249 3907 145 40 93717;
1451 3910 162 41 White
1642 3912 148 42 house
1820 3915 285 44 conference

185 3980 58 28 on
281 3967 127 41 child
446 3967 162 39 health
649 3966 36 38 &
721 3962 282 50 protection,
1042 3963 107 47 Ray
1184 3963 183 48 Lyman
1408 3965 202 41 Wilbur,
1695 4000 8 8 M.
1774 4001 22 15 D.,
1836 3971 265 49 chairman,

188 4025 331 46 Washington.
590 4020 279 48 (36-11071)
