2519 4377
1092 4112 100 50 859

207 542 262 66 Newark,
509 543 69 51 N.
619 544 75 64 J.,
738 541 187 67 Soney
965 545 45 50 &
1053 540 147 69 Sage
1242 558 305 50 company;
1594 540 82 55 St.
1718 539 166 67 Paul,
1924 538 202 69 Minn.,

204 621 159 53 West
387 618 333 68 publishing
744 637 77 35 co.
854 653 12 33 [
872 625 17 21 c
895 621 131 50 1936
1033 652 11 34 ]

208 692 85 41 121
322 703 42 38 p.
424 692 145 41 24½cm.

139 757 53 53 ©
221 762 127 40 June
374 762 69 46 17,
473 760 117 41 1936;
645 759 68 41 2c.
743 761 117 47 July
889 760 81 47 13;
1003 759 81 40 aff.
1118 759 116 48 July
1264 759 81 47 15.;
1375 759 42 39 A
1446 757 171 48 96449;
1653 758 154 47 Soney
1838 758 36 39 &
1907 758 125 47 Sage
2061 768 66 31 co.

208 819 93 38 and
333 817 136 41 West
498 817 108 47 pub.
639 826 68 33 co.

136 920 144 54 New
305 920 160 53 York
498 921 217 65 (State)
798 920 183 65 Laws,
1006 924 256 59 statutes,
1289 926 98 48 etc.

269 993 1704 72 … Parsons’ practice manual of the state of New York,
139 1010 1967 135 containing
398 1076 96 52 the
526 1074 200 54 official
761 1074 214 53 edition
1014 1074 63 53 of
1111 1075 97 53 the
1243 1072 153 56 Civil
1432 1073 250 69 practice
1716 1079 107 63 act,
1858 1072 173 54 Rules
2068 1072 64 52 of

139 1154 133 53 civil
302 1153 265 69 practice,
599 1152 356 69 Surrogate’s
988 1158 158 47 court
1180 1156 106 64 act,
1317 1152 138 53 New
1488 1151 164 53 York
1683 1151 116 69 city
1831 1156 164 49 court
2025 1156 107 61 act,

139 1233 139 53 New
309 1232 164 53 York
499 1231 115 69 city
643 1230 321 69 Municipal
996 1236 162 48 court
1186 1232 152 66 code,
1369 1231 217 54 Justice
1619 1235 163 49 court
1812 1234 106 64 act,
1952 1229 182 56 Court

139 1311 66 53 of
242 1311 196 52 claims
479 1315 88 48 act
608 1311 111 51 and
763 1309 304 69 Judiciary
1108 1309 199 53 article
1346 1309 64 52 of
1451 1309 94 53 the
1587 1306 390 71 constitution,
2019 1308 112 53 and

138 1395 162 47 court
329 1390 148 51 rules
510 1387 63 54 of
607 1387 181 55 Court
819 1387 63 53 of
918 1388 250 67 appeals,
1202 1388 286 68 appellate
1519 1387 293 69 divisions,
1847 1388 287 68 appellate

140 1473 188 62 terms,
362 1466 272 69 Supreme
668 1470 176 64 court,
878 1464 357 70 Surrogates’
1267 1471 205 63 courts,
1505 1466 112 52 and
1650 1466 138 53 New
1821 1466 164 53 York
2018 1465 114 70 city

140 1551 161 47 court
345 1545 112 53 and
503 1545 321 68 Municipal
871 1548 178 64 court,
1095 1563 62 34 as
1201 1544 274 53 amended
1525 1550 57 48 to
1628 1546 96 52 the
1771 1546 108 52 end
1927 1545 66 53 of
2038 1545 98 54 the

140 1624 320 70 legislative
484 1624 211 53 session
722 1622 64 54 of
814 1626 152 65 1936,
993 1623 140 52 with
1160 1628 158 48 notes
1344 1623 63 53 of
1434 1642 150 35 cases
1613 1625 152 52 since
1792 1624 152 55 Civil
141 1643 1968 113 practice
287 1709 91 46 act
414 1703 59 51 in
513 1701 165 55 effect
716 1720 73 34 on
828 1701 245 55 October
1115 1706 46 63 1,
1204 1705 149 49 1921.
1434 1703 129 51 13th
1604 1704 82 52 ed.
1767 1704 212 53 Edited
2021 1704 111 53 and

141 1779 1969 133 annotated by Joseph R. Clevenger … New York, Baker, Voorhis
267 1862 47 50 &
351 1877 299 50 company,
688 1859 139 52 New
868 1858 164 53 York
1070 1859 113 51 and
1223 1859 249 69 Albany,
1513 1860 80 52 M.
1635 1861 226 52 Bender
1901 1863 46 51 &
141 1880 1969 126 company,
343 1937 417 68 incorporated,
795 1939 149 50 1936.

209 2012 84 47 xii,
328 2011 141 51 [2078]
497 2022 43 37 p.
599 2011 117 40 25cm.

213 2069 64 40 At
305 2069 125 39 head
461 2068 53 40 of
543 2066 136 42 title:
714 2067 244 41 Standard
988 2066 198 41 edition.

213 2123 208 42 Various
449 2123 216 50 pagings.

217 2181 178 40 “Table
432 2181 53 39 of
522 2179 250 41 contents”
812 2181 95 39 and
948 2180 179 39 “Table
1164 2180 52 39 of
1255 2180 335 41 amendments
1627 2181 50 39 in
1715 2180 142 42 1936”
1898 2193 60 30 on
1999 2183 135 41 front

140 2237 335 50 lining-paper.

144 2304 52 53 ©
219 2309 126 40 June
365 2307 68 49 30,
456 2307 141 48 1936;
622 2306 68 41 2c.
715 2307 117 47 July
853 2306 25 39 2;
930 2306 82 41 aff.
1037 2306 115 48 July
1178 2307 52 47 1;
1255 2307 45 39 A
1319 2306 171 48 96274;
1517 2308 236 41 Matthew
1778 2309 192 40 Bender
1993 2310 38 40 &
2053 2320 81 38 co.,

214 2365 104 48 inc.,
344 2364 96 40 and
465 2364 162 40 Baker
651 2363 206 41 Voorhis
884 2363 36 40 &
944 2371 81 41 co.,
1053 2363 90 40 inc.
1208 2362 279 48 (36-14466)

142 2464 1933 71 North western digest. June, 1936, cumulative pamphlet …
216 2543 81 55 St.
323 2544 164 66 Paul,
512 2544 201 66 Minn.,
736 2544 161 54 West
922 2541 334 69 publishing
1282 2561 76 34 co.
1393 2576 12 34 [
1410 2549 18 21 c
1434 2546 133 49 1936
1573 2577 12 33 ]

214 2616 85 41 205
328 2627 42 37 p.
426 2616 117 41 24cm.

145 2681 53 54 ©
228 2686 124 40 June
377 2685 41 49 2,
447 2684 140 49 1936;
620 2684 66 41 2c.
718 2684 118 49 July
863 2684 82 47 13;
977 2683 82 42 aff.
1092 2683 114 49 July
1236 2684 82 47 15;
1350 2685 42 38 A
1419 2683 171 49 96453;
1624 2686 136 40 West
1789 2686 107 48 pub.
1928 2696 70 31 co.

145 2804 166 54 Ohio.
388 2804 220 53 Courts.

216 2881 149 56 Ohio
413 2881 276 68 opinions.
772 2881 246 67 Reports
1064 2879 61 52 of
1171 2896 150 37 cases
1366 2880 214 68 argued
1627 2881 111 53 and
1786 2881 350 54 determined

147 2962 58 51 in
235 2961 93 51 the
362 2960 273 66 Supreme
666 2963 161 47 court
857 2958 61 52 of
953 2958 167 67 Ohio,
1150 2958 95 51 the
1278 2958 206 54 Courts
1515 2958 63 53 of
1610 2959 232 68 appeals
1873 2960 63 52 of
1970 2960 168 68 Ohio,

146 3039 94 52 the
263 3037 109 53 nisi
396 3036 157 68 prius
577 3042 187 47 courts
790 3036 63 51 of
879 3035 149 54 Ohio
1055 3036 111 52 and
1193 3036 236 52 selected
1454 3053 150 35 cases
1628 3037 235 68 bearing
1888 3057 70 34 on
1988 3039 149 54 Ohio

148 3116 136 64 law;
327 3116 139 51 with
504 3112 360 54 annotations
902 3118 57 47 to
999 3113 76 52 all
1115 3113 202 52 earlier
1354 3130 149 36 cases
1541 3114 58 51 in
1638 3115 163 67 point
1838 3115 58 52 in
1937 3117 201 67 Page’s

150 3193 149 55 Ohio
346 3192 201 68 digest,
593 3191 273 53 Lifetime
913 3190 230 53 edition.
1244 3191 243 53 Volume
1536 3197 47 48 5.
1631 3192 219 69 March,
1900 3197 135 49 1936
2080 3203 58 47 to

147 3274 167 62 June,
369 3274 147 49 1936.
594 3267 345 67 Cincinnati,
990 3269 121 51 The
1163 3267 149 54 Ohio
1363 3268 109 54 law
1522 3274 256 63 reporter
1827 3289 308 51 company;

151 3348 342 64 Cincinnati,
517 3347 120 52 The
664 3349 88 52 W.
780 3347 76 51 H.
884 3346 300 52 Anderson
1212 3363 278 51 company
1522 3380 12 33 [
1540 3353 17 21 c
1562 3349 151 65 1936]

218 3420 83 48 xii,
329 3420 97 47 623,
458 3421 69 48 [1],
553 3420 51 39 iv
629 3430 44 37 p.
728 3418 148 41 front,
906 3418 171 48 (port.)
1140 3417 144 40 24½cm.

219 3477 239 40 “Parallel
490 3474 257 42 citations”
781 3475 229 40 mounted
1042 3485 60 29 on
1134 3474 139 41 front
1302 3473 336 51 lining-paper.

151 3543 53 54 ©
235 3548 115 48 July
381 3547 68 48 11,
479 3545 115 41 1936;
652 3545 68 40 2c.
753 3545 98 40 and
880 3543 82 42 aff.
997 3543 115 49 July
1145 3543 81 50 13;
1261 3543 41 40 A
1333 3541 171 51 97014;
1541 3545 125 42 Ohio
1693 3547 97 41 law
1821 3550 219 46 reporter
2072 3558 69 35 co.

220 3605 95 39 and
343 3604 71 41 W.
443 3604 61 40 H.
532 3603 252 39 Anderson
814 3611 67 31 co.

150 3705 210 54 Pacific
391 3706 183 65 digest
601 3703 64 54 of
692 3704 249 52 volumes
970 3707 169 49 51-55
1167 3701 210 54 Pacific
1406 3708 271 64 reporter,
1707 3704 217 55 Second
1955 3708 186 66 series,

221 3780 1918 67 with table of cases digested … By the publisher’s editorial
219 3862 149 52 staff.
446 3859 83 55 St.
565 3859 164 56 Paul,
763 3858 202 65 Minn.,
995 3859 158 53 West
1187 3856 335 69 publishing
1554 3876 97 49 co.,
1688 3862 148 51 1936.

221 3934 86 40 515
334 3945 42 36 p.
432 3933 117 40 24cm.

155 3994 52 52 ©
239 3998 128 39 June
394 3995 69 46 10,
494 3994 140 47 1936;
669 3994 66 40 2c.
764 3993 116 48 July
911 3992 82 47 13;
1027 3991 82 42 aff.
1143 3992 115 47 July
1288 3991 82 47 15;
1405 3992 42 38 A
1475 3990 171 50 96454;
1682 3994 136 41 West
1847 3997 109 47 pub.
1990 4007 66 30 co.
