<alto xmlns="http://www.loc.gov/standards/alto/ns-v3#" xmlns:xlink="http://www.w3.org/1999/xlink" xmlns:xsi="http://www.w3.org/2001/XMLSchema-instance" xsi:schemaLocation="http://www.loc.gov/standards/alto/ns-v3# http://www.loc.gov/alto/v3/alto-3-0.xsd"><Description>
<MeasurementUnit>pixel</MeasurementUnit>
<sourceImageInformation>
<fileName>1936_v33_Part1.pdf</fileName>
</sourceImageInformation>
<OCRProcessing ID="IdOcr">
<ocrProcessingStep>
<processingDateTime>2019-01-18</processingDateTime>
<processingSoftware>
<softwareCreator>ABBYY</softwareCreator>
<softwareName>ABBYY Recognition Server</softwareName>
<softwareVersion>4.0</softwareVersion>
</processingSoftware>
</ocrProcessingStep>
</OCRProcessing>
</Description>
<Styles>
<ParagraphStyle ID="StyleId-FFFFFFFF-FFFF-FFFF-FFFF-FFFFFFFFFFFF-" ALIGN="Left" LEFT="0." RIGHT="0." FIRSTLINE="0."/>
<ParagraphStyle ID="StyleId-51D50FAC-7A90-4D70-8A96-5EA9D46D1C8B-" ALIGN="Left" LEFT="0." RIGHT="0." FIRSTLINE="0." LINESPACE="7.699999809"/>
<ParagraphStyle ID="StyleId-6BC133E9-7DCB-43C3-8842-A67984A26405-" ALIGN="Block" LEFT="0." RIGHT="0." FIRSTLINE="-17." LINESPACE="8.340000153"/>
<ParagraphStyle ID="StyleId-3C3FF860-43E7-46A2-8934-48F305F6F0D6-" ALIGN="Left" LEFT="0." RIGHT="0." FIRSTLINE="-13." LINESPACE="11.06999969"/>
<ParagraphStyle ID="StyleId-19220C76-4F8A-4737-B38C-B5F5C17E6040-" ALIGN="Block" LEFT="0." RIGHT="0." FIRSTLINE="-13." LINESPACE="11.06999969"/>
<ParagraphStyle ID="StyleId-75A0D721-13ED-4F20-9002-B389EC48477D-" ALIGN="Left" LEFT="0." RIGHT="0." FIRSTLINE="0." LINESPACE="15.5"/>
<ParagraphStyle ID="StyleId-8A414184-C7A5-4AC7-9B88-7DA4DDE75922-" ALIGN="Left" LEFT="0." RIGHT="0." FIRSTLINE="0." LINESPACE="9.399999619"/>
<ParagraphStyle ID="StyleId-1A87970B-111C-4169-99A6-9412976F3C97-" ALIGN="Left" LEFT="0." RIGHT="0." FIRSTLINE="0." LINESPACE="10.5"/>
<ParagraphStyle ID="StyleId-72DB0571-5AE4-41FD-9E11-68C6AC4C437E-" ALIGN="Block" LEFT="0." RIGHT="0." FIRSTLINE="-17." LINESPACE="8.340000153"/>
<ParagraphStyle ID="StyleId-1AA43056-C388-4697-B10F-72FDAA38FAE1-" ALIGN="Center" LEFT="0." RIGHT="0." FIRSTLINE="0." LINESPACE="10.5"/>
</Styles>
<Layout>
<Page ID="Page1900" PHYSICAL_IMG_NR="1900" HEIGHT="4377" WIDTH="2519">
<TopMargin HEIGHT="378" WIDTH="2519" VPOS="0" HPOS="0">
</TopMargin>
<LeftMargin HEIGHT="3804" WIDTH="332" VPOS="378" HPOS="0">
</LeftMargin>
<RightMargin HEIGHT="3804" WIDTH="139" VPOS="378" HPOS="2380">
</RightMargin>
<BottomMargin HEIGHT="195" WIDTH="2519" VPOS="4182" HPOS="0">
</BottomMargin>
<PrintSpace HEIGHT="3804" WIDTH="2048" VPOS="378" HPOS="332">
<TextBlock ID="Page1900_Block1" HEIGHT="70" WIDTH="154" VPOS="4112" HPOS="1280" LANG="en-US" STYLEREFS="StyleId-E17796CE-238C-4E89-B063-8021F2F63F1B-">
<TextLine HEIGHT="49" WIDTH="134" VPOS="4123" HPOS="1289">
<String CONTENT="1900" HEIGHT="49" WIDTH="134" VPOS="4123" HPOS="1289"/>
</TextLine>
</TextBlock>
<TextBlock ID="Page1900_Block2" HEIGHT="3702" WIDTH="2048" VPOS="378" HPOS="332" LANG="en-US" CS="1" STYLEREFS="StyleId-9BCA20E6-DF77-431B-B80C-F5E835421F7D-">
<TextLine HEIGHT="67" WIDTH="1273" VPOS="417" HPOS="344" STYLEREFS="StyleId-9D227180-CEC6-44A0-A36E-09613DDD6DD0-">
<String CONTENT="New" HEIGHT="53" WIDTH="147" VPOS="418" HPOS="344"/>
<SP HEIGHT="54" WIDTH="23" VPOS="417" HPOS="492"/>
<String CONTENT="York" HEIGHT="53" WIDTH="165" VPOS="417" HPOS="516"/>
<SP HEIGHT="66" WIDTH="33" VPOS="417" HPOS="682"/>
<String CONTENT="(State)" HEIGHT="65" WIDTH="219" VPOS="418" HPOS="716"/>
<SP HEIGHT="66" WIDTH="83" VPOS="417" HPOS="936"/>
<String CONTENT="Laws," HEIGHT="67" WIDTH="186" VPOS="417" HPOS="1020"/>
<SP HEIGHT="50" WIDTH="24" VPOS="434" HPOS="1207"/>
<String CONTENT="statutes," HEIGHT="63" WIDTH="257" VPOS="421" HPOS="1232"/>
<SP HEIGHT="48" WIDTH="26" VPOS="436" HPOS="1490"/>
<String CONTENT="etc." HEIGHT="48" WIDTH="100" VPOS="423" HPOS="1517"/>
</TextLine>
<TextLine HEIGHT="70" WIDTH="1947" VPOS="494" HPOS="415">
<String CONTENT="New" HEIGHT="55" WIDTH="142" VPOS="494" HPOS="415"/>
<SP HEIGHT="53" WIDTH="35" VPOS="496" HPOS="558"/>
<String CONTENT="York" HEIGHT="53" WIDTH="168" VPOS="495" HPOS="594"/>
<SP HEIGHT="53" WIDTH="31" VPOS="495" HPOS="763"/>
<String CONTENT="civil" HEIGHT="54" WIDTH="137" VPOS="494" HPOS="795"/>
<SP HEIGHT="68" WIDTH="32" VPOS="495" HPOS="933"/>
<String CONTENT="practice" HEIGHT="68" WIDTH="252" VPOS="495" HPOS="966"/>
<SP HEIGHT="35" WIDTH="32" VPOS="514" HPOS="1219"/>
<String CONTENT="manual," HEIGHT="68" WIDTH="252" VPOS="496" HPOS="1252"/>
<SP HEIGHT="69" WIDTH="33" VPOS="495" HPOS="1505"/>
<String CONTENT="by" HEIGHT="69" WIDTH="77" VPOS="495" HPOS="1539"/>
<SP HEIGHT="68" WIDTH="32" VPOS="496" HPOS="1617"/>
<String CONTENT="Harold" HEIGHT="53" WIDTH="229" VPOS="496" HPOS="1650"/>
<SP HEIGHT="54" WIDTH="37" VPOS="496" HPOS="1880"/>
<String CONTENT="R." HEIGHT="53" WIDTH="70" VPOS="497" HPOS="1918"/>
<SP HEIGHT="53" WIDTH="36" VPOS="497" HPOS="1989"/>
<String CONTENT="Medina" HEIGHT="54" WIDTH="236" VPOS="496" HPOS="2026"/>
<SP HEIGHT="35" WIDTH="42" VPOS="516" HPOS="2263"/>
<String CONTENT="..." HEIGHT="9" WIDTH="56" VPOS="542" HPOS="2306"/>
</TextLine>
<TextLine HEIGHT="70" WIDTH="2021" VPOS="573" HPOS="345" CS="1">
<String CONTENT="Edward" HEIGHT="55" WIDTH="258" VPOS="573" HPOS="345"/>
<SP HEIGHT="64" WIDTH="32" VPOS="573" HPOS="604"/>
<String CONTENT="Q." HEIGHT="64" WIDTH="69" VPOS="573" HPOS="637"/>
<SP HEIGHT="56" WIDTH="33" VPOS="573" HPOS="707"/>
<String CONTENT="Carr" HEIGHT="56" WIDTH="147" VPOS="573" HPOS="741"/>
<SP HEIGHT="33" WIDTH="36" VPOS="596" HPOS="889"/>
<String CONTENT="..." HEIGHT="10" WIDTH="56" VPOS="619" HPOS="926"/>
<SP HEIGHT="33" WIDTH="43" VPOS="609" HPOS="983"/>
<String CS="1" CONTENT="[and]" HEIGHT="70" WIDTH="131" VPOS="573" HPOS="1046"/>
<SP HEIGHT="68" WIDTH="37" VPOS="575" HPOS="1178"/>
<String CONTENT="John" HEIGHT="55" WIDTH="158" VPOS="574" HPOS="1216"/>
<SP HEIGHT="52" WIDTH="31" VPOS="576" HPOS="1375"/>
<String LANG="fr" CONTENT="F." HEIGHT="53" WIDTH="66" VPOS="576" HPOS="1407"/>
<SP HEIGHT="55" WIDTH="32" VPOS="574" HPOS="1474"/>
<String CONTENT="X." HEIGHT="53" WIDTH="78" VPOS="574" HPOS="1507"/>
<SP HEIGHT="51" WIDTH="33" VPOS="577" HPOS="1586"/>
<String CONTENT="Finn" HEIGHT="53" WIDTH="155" VPOS="575" HPOS="1620"/>
<SP HEIGHT="36" WIDTH="35" VPOS="593" HPOS="1776"/>
<String CONTENT="..." HEIGHT="11" WIDTH="57" VPOS="619" HPOS="1812"/>
<SP HEIGHT="51" WIDTH="80" VPOS="579" HPOS="1870"/>
<String CONTENT="1936" HEIGHT="50" WIDTH="136" VPOS="579" HPOS="1951"/>
<SP HEIGHT="51" WIDTH="30" VPOS="579" HPOS="2088"/>
<String CONTENT="ed." HEIGHT="53" WIDTH="86" VPOS="577" HPOS="2119"/>
<SP HEIGHT="56" WIDTH="75" VPOS="576" HPOS="2206"/>
<String CONTENT="St." HEIGHT="56" WIDTH="84" VPOS="576" HPOS="2282"/>
</TextLine>
<TextLine HEIGHT="69" WIDTH="1301" VPOS="653" HPOS="343" CS="1">
<String CONTENT="Paul," HEIGHT="69" WIDTH="168" VPOS="653" HPOS="343"/>
<SP HEIGHT="69" WIDTH="26" VPOS="653" HPOS="512"/>
<String CONTENT="Minn.," HEIGHT="69" WIDTH="206" VPOS="653" HPOS="539"/>
<SP HEIGHT="68" WIDTH="25" VPOS="654" HPOS="746"/>
<String CONTENT="West" HEIGHT="55" WIDTH="163" VPOS="654" HPOS="772"/>
<SP HEIGHT="63" WIDTH="28" VPOS="659" HPOS="936"/>
<String CONTENT="publishing" HEIGHT="69" WIDTH="340" VPOS="653" HPOS="965"/>
<SP HEIGHT="50" WIDTH="25" VPOS="672" HPOS="1306"/>
<String LANG="ru" CONTENT="co." HEIGHT="36" WIDTH="79" VPOS="672" HPOS="1332"/>
<SP HEIGHT="33" WIDTH="37" VPOS="689" HPOS="1412"/>
<String LANG="ru" CS="1" CONTENT="["/>
<String STYLE="superscript" CONTENT="c" HEIGHT="22" WIDTH="20" VPOS="662" HPOS="1466"/>
<String CONTENT="1936]" HEIGHT="64" WIDTH="153" VPOS="658" HPOS="1491"/>
</TextLine>
<TextLine HEIGHT="50" WIDTH="506" VPOS="726" HPOS="417" CS="1">
<String CONTENT="viii," HEIGHT="48" WIDTH="103" VPOS="728" HPOS="417"/>
<SP HEIGHT="47" WIDTH="28" VPOS="729" HPOS="521"/>
<String CONTENT="719" HEIGHT="42" WIDTH="89" VPOS="726" HPOS="550"/>
<SP HEIGHT="50" WIDTH="29" VPOS="726" HPOS="640"/>
<String CONTENT="p." HEIGHT="38" WIDTH="45" VPOS="738" HPOS="670"/>
<SP HEIGHT="41" WIDTH="57" VPOS="727" HPOS="716"/>
<String CS="1" CONTENT="23&#189;cm." HEIGHT="42" WIDTH="149" VPOS="727" HPOS="774"/>
</TextLine>
<TextLine HEIGHT="50" WIDTH="1951" VPOS="783" HPOS="419" STYLEREFS="StyleId-D13E441B-B8B8-45B1-9516-31690D63F930-">
<String CONTENT="&#8220;The" HEIGHT="40" WIDTH="132" VPOS="784" HPOS="419"/>
<SP HEIGHT="39" WIDTH="23" VPOS="794" HPOS="552"/>
<String CONTENT="present" HEIGHT="48" WIDTH="200" VPOS="785" HPOS="576"/>
<SP HEIGHT="40" WIDTH="23" VPOS="785" HPOS="777"/>
<String CONTENT="work" HEIGHT="41" WIDTH="137" VPOS="784" HPOS="801"/>
<SP HEIGHT="41" WIDTH="21" VPOS="784" HPOS="939"/>
<String CONTENT="represents" HEIGHT="47" WIDTH="278" VPOS="785" HPOS="961"/>
<SP HEIGHT="31" WIDTH="25" VPOS="795" HPOS="1240"/>
<String CONTENT="a" HEIGHT="30" WIDTH="27" VPOS="795" HPOS="1266"/>
<SP HEIGHT="30" WIDTH="26" VPOS="795" HPOS="1294"/>
<String CONTENT="combination" HEIGHT="42" WIDTH="330" VPOS="783" HPOS="1321"/>
<SP HEIGHT="30" WIDTH="25" VPOS="794" HPOS="1652"/>
<String CONTENT="of" HEIGHT="40" WIDTH="52" VPOS="784" HPOS="1678"/>
<SP HEIGHT="40" WIDTH="24" VPOS="784" HPOS="1731"/>
<String CONTENT="manuals" HEIGHT="39" WIDTH="227" VPOS="785" HPOS="1756"/>
<SP HEIGHT="30" WIDTH="25" VPOS="794" HPOS="1984"/>
<String CONTENT="along" HEIGHT="47" WIDTH="144" VPOS="785" HPOS="2010"/>
<SP HEIGHT="37" WIDTH="22" VPOS="795" HPOS="2155"/>
<String CONTENT="similar" HEIGHT="41" WIDTH="192" VPOS="784" HPOS="2178"/>
</TextLine>
<TextLine HEIGHT="50" WIDTH="2023" VPOS="841" HPOS="345" STYLEREFS="StyleId-D13E441B-B8B8-45B1-9516-31690D63F930-">
<String CONTENT="lines" HEIGHT="40" WIDTH="128" VPOS="842" HPOS="345"/>
<SP HEIGHT="39" WIDTH="26" VPOS="852" HPOS="474"/>
<String CONTENT="previously" HEIGHT="50" WIDTH="283" VPOS="841" HPOS="501"/>
<SP HEIGHT="38" WIDTH="24" VPOS="853" HPOS="785"/>
<String CONTENT="published" HEIGHT="50" WIDTH="259" VPOS="841" HPOS="810"/>
<SP HEIGHT="40" WIDTH="29" VPOS="843" HPOS="1070"/>
<String CONTENT="as" HEIGHT="32" WIDTH="55" VPOS="851" HPOS="1100"/>
<SP HEIGHT="40" WIDTH="28" VPOS="842" HPOS="1156"/>
<String CONTENT="Medina&#8217;s" HEIGHT="42" WIDTH="239" VPOS="841" HPOS="1185"/>
<SP HEIGHT="41" WIDTH="26" VPOS="842" HPOS="1425"/>
<String CONTENT="New" HEIGHT="40" WIDTH="119" VPOS="842" HPOS="1452"/>
<SP HEIGHT="39" WIDTH="28" VPOS="843" HPOS="1572"/>
<String CONTENT="York" HEIGHT="40" WIDTH="133" VPOS="842" HPOS="1601"/>
<SP HEIGHT="40" WIDTH="28" VPOS="842" HPOS="1735"/>
<String CONTENT="civil" HEIGHT="41" WIDTH="114" VPOS="841" HPOS="1764"/>
<SP HEIGHT="47" WIDTH="28" VPOS="843" HPOS="1879"/>
<String CONTENT="practice" HEIGHT="49" WIDTH="216" VPOS="841" HPOS="1908"/>
<SP HEIGHT="30" WIDTH="29" VPOS="852" HPOS="2125"/>
<String CONTENT="manual," HEIGHT="48" WIDTH="213" VPOS="843" HPOS="2155"/>
</TextLine>
<TextLine HEIGHT="50" WIDTH="2021" VPOS="898" HPOS="348" STYLEREFS="StyleId-D13E441B-B8B8-45B1-9516-31690D63F930-">
<String CONTENT="as" HEIGHT="31" WIDTH="56" VPOS="910" HPOS="348"/>
<SP HEIGHT="41" WIDTH="27" VPOS="900" HPOS="405"/>
<String CONTENT="Loughran&#8217;s" HEIGHT="50" WIDTH="307" VPOS="898" HPOS="433"/>
<SP HEIGHT="41" WIDTH="30" VPOS="900" HPOS="741"/>
<String CONTENT="Students&#8217;" HEIGHT="42" WIDTH="249" VPOS="899" HPOS="772"/>
<SP HEIGHT="40" WIDTH="27" VPOS="899" HPOS="1022"/>
<String CONTENT="manual" HEIGHT="39" WIDTH="201" VPOS="900" HPOS="1050"/>
<SP HEIGHT="40" WIDTH="29" VPOS="900" HPOS="1252"/>
<String CONTENT="of" HEIGHT="41" WIDTH="52" VPOS="899" HPOS="1282"/>
<SP HEIGHT="40" WIDTH="26" VPOS="899" HPOS="1335"/>
<String CONTENT="New" HEIGHT="39" WIDTH="119" VPOS="900" HPOS="1362"/>
<SP HEIGHT="39" WIDTH="27" VPOS="900" HPOS="1482"/>
<String CONTENT="York" HEIGHT="39" WIDTH="133" VPOS="900" HPOS="1510"/>
<SP HEIGHT="40" WIDTH="25" VPOS="900" HPOS="1644"/>
<String CONTENT="civil" HEIGHT="41" WIDTH="114" VPOS="899" HPOS="1670"/>
<SP HEIGHT="47" WIDTH="26" VPOS="901" HPOS="1785"/>
<String CONTENT="practice," HEIGHT="49" WIDTH="230" VPOS="899" HPOS="1812"/>
<SP HEIGHT="36" WIDTH="29" VPOS="909" HPOS="2043"/>
<String CONTENT="and" HEIGHT="39" WIDTH="97" VPOS="900" HPOS="2073"/>
<SP HEIGHT="39" WIDTH="29" VPOS="900" HPOS="2171"/>
<String CONTENT="as" HEIGHT="30" WIDTH="54" VPOS="909" HPOS="2201"/>
<SP HEIGHT="38" WIDTH="29" VPOS="902" HPOS="2256"/>
<String CONTENT="the" HEIGHT="40" WIDTH="83" VPOS="900" HPOS="2286"/>
</TextLine>
<TextLine HEIGHT="50" WIDTH="2021" VPOS="956" HPOS="348" STYLEREFS="StyleId-D13E441B-B8B8-45B1-9516-31690D63F930-">
<String CONTENT="Compact" HEIGHT="50" WIDTH="235" VPOS="956" HPOS="348"/>
<SP HEIGHT="39" WIDTH="33" VPOS="959" HPOS="584"/>
<String CONTENT="manual" HEIGHT="41" WIDTH="201" VPOS="957" HPOS="618"/>
<SP HEIGHT="41" WIDTH="37" VPOS="957" HPOS="820"/>
<String CONTENT="of" HEIGHT="41" WIDTH="52" VPOS="957" HPOS="858"/>
<SP HEIGHT="41" WIDTH="32" VPOS="957" HPOS="911"/>
<String CONTENT="New" HEIGHT="41" WIDTH="119" VPOS="958" HPOS="944"/>
<SP HEIGHT="42" WIDTH="35" VPOS="957" HPOS="1064"/>
<String CONTENT="York" HEIGHT="41" WIDTH="134" VPOS="957" HPOS="1100"/>
<SP HEIGHT="42" WIDTH="35" VPOS="957" HPOS="1235"/>
<String CONTENT="civil" HEIGHT="43" WIDTH="115" VPOS="956" HPOS="1271"/>
<SP HEIGHT="48" WIDTH="36" VPOS="958" HPOS="1387"/>
<String CONTENT="practice" HEIGHT="50" WIDTH="216" VPOS="956" HPOS="1424"/>
<SP HEIGHT="31" WIDTH="36" VPOS="968" HPOS="1641"/>
<String CONTENT="statutes," HEIGHT="47" WIDTH="227" VPOS="959" HPOS="1678"/>
<SP HEIGHT="38" WIDTH="38" VPOS="968" HPOS="1906"/>
<String CONTENT="edited" HEIGHT="42" WIDTH="164" VPOS="957" HPOS="1945"/>
<SP HEIGHT="42" WIDTH="36" VPOS="957" HPOS="2110"/>
<String CONTENT="by" HEIGHT="49" WIDTH="62" VPOS="957" HPOS="2147"/>
<SP HEIGHT="50" WIDTH="36" VPOS="956" HPOS="2210"/>
<String CONTENT="Carr" HEIGHT="43" WIDTH="122" VPOS="956" HPOS="2247"/>
</TextLine>
<TextLine HEIGHT="42" WIDTH="496" VPOS="1016" HPOS="347" STYLEREFS="StyleId-D13E441B-B8B8-45B1-9516-31690D63F930-">
<String CONTENT="and" HEIGHT="40" WIDTH="97" VPOS="1017" HPOS="347"/>
<SP HEIGHT="41" WIDTH="29" VPOS="1016" HPOS="445"/>
<String CONTENT="Finn.&#8221;&#8212;Pref." HEIGHT="42" WIDTH="368" VPOS="1016" HPOS="475"/>
</TextLine>
<TextLine HEIGHT="50" WIDTH="1415" VPOS="1071" HPOS="420" STYLEREFS="StyleId-D13E441B-B8B8-45B1-9516-31690D63F930-" CS="1">
<String CONTENT="&#8220;Miscellaneous" HEIGHT="41" WIDTH="407" VPOS="1074" HPOS="420"/>
<SP HEIGHT="33" WIDTH="28" VPOS="1083" HPOS="828"/>
<String CONTENT="constitutions" HEIGHT="45" WIDTH="349" VPOS="1071" HPOS="857"/>
<SP HEIGHT="30" WIDTH="27" VPOS="1083" HPOS="1207"/>
<String CONTENT="and" HEIGHT="39" WIDTH="97" VPOS="1074" HPOS="1235"/>
<SP HEIGHT="39" WIDTH="25" VPOS="1074" HPOS="1333"/>
<String CS="1" CONTENT="statutes&#8221;;" HEIGHT="42" WIDTH="244" VPOS="1071" HPOS="1359"/>
<SP HEIGHT="38" WIDTH="25" VPOS="1083" HPOS="1633"/>
<String CONTENT="p." HEIGHT="38" WIDTH="44" VPOS="1083" HPOS="1659"/>
<SP HEIGHT="30" WIDTH="27" VPOS="1084" HPOS="1704"/>
<String CONTENT="viii." HEIGHT="42" WIDTH="103" VPOS="1072" HPOS="1732"/>
</TextLine>
<TextLine HEIGHT="110" WIDTH="1743" VPOS="1129" HPOS="347" STYLEREFS="StyleId-D13E441B-B8B8-45B1-9516-31690D63F930-" CS="1">
<String CONTENT="&#169;" HEIGHT="53" WIDTH="53" VPOS="1129" HPOS="347"/>
<SP HEIGHT="53" WIDTH="25" VPOS="1129" HPOS="401"/>
<String CONTENT="Nov." HEIGHT="40" WIDTH="117" VPOS="1133" HPOS="427"/>
<SP HEIGHT="42" WIDTH="29" VPOS="1131" HPOS="545"/>
<String CONTENT="2," HEIGHT="52" WIDTH="40" VPOS="1131" HPOS="575"/>
<SP HEIGHT="51" WIDTH="28" VPOS="1132" HPOS="616"/>
<String CS="1" CONTENT="1936;" HEIGHT="42" WIDTH="118" VPOS="1130" HPOS="645"/>
<SP HEIGHT="49" WIDTH="28" VPOS="1130" HPOS="790"/>
<String CONTENT="2c." HEIGHT="42" WIDTH="68" VPOS="1130" HPOS="819"/>
<SP HEIGHT="30" WIDTH="29" VPOS="1142" HPOS="888"/>
<String CONTENT="and" HEIGHT="39" WIDTH="96" VPOS="1131" HPOS="918"/>
<SP HEIGHT="39" WIDTH="26" VPOS="1131" HPOS="1015"/>
<String CONTENT="aff." HEIGHT="42" WIDTH="83" VPOS="1130" HPOS="1042"/>
<SP HEIGHT="39" WIDTH="29" VPOS="1133" HPOS="1126"/>
<String CONTENT="Dec." HEIGHT="38" WIDTH="111" VPOS="1133" HPOS="1156"/>
<SP HEIGHT="40" WIDTH="30" VPOS="1131" HPOS="1268"/>
<String CS="1" CONTENT="14;" HEIGHT="39" WIDTH="56" VPOS="1130" HPOS="1299"/>
<SP HEIGHT="47" WIDTH="30" VPOS="1131" HPOS="1381"/>
<!-- cceid A70E2655-6E3A-1014-83DD-942C093A1DD9 --><String CONTENT="A" HEIGHT="39" WIDTH="41" VPOS="1131" HPOS="1412"/>
<SP HEIGHT="39" WIDTH="25" VPOS="1131" HPOS="1454"/>
<String CS="1" CONTENT="101339;" HEIGHT="42" WIDTH="176" VPOS="1129" HPOS="1480"/>
<SP HEIGHT="41" WIDTH="30" VPOS="1131" HPOS="1683"/>
<String CONTENT="West" HEIGHT="40" WIDTH="137" VPOS="1131" HPOS="1714"/>
<SP HEIGHT="47" WIDTH="26" VPOS="1131" HPOS="1852"/>
<String CONTENT="pub." HEIGHT="48" WIDTH="112" VPOS="1130" HPOS="1879"/>
<SP HEIGHT="30" WIDTH="31" VPOS="1140" HPOS="1992"/>
<String LANG="ru" CONTENT="co." HEIGHT="30" WIDTH="66" VPOS="1139" HPOS="2024"/>
<SP/>
<String CONTENT="(37-6)" HEIGHT="50" WIDTH="164" VPOS="1189" HPOS="428"/>
</TextLine>
<TextLine HEIGHT="65" WIDTH="834" VPOS="1280" HPOS="346">
<String CONTENT="Newman," HEIGHT="63" WIDTH="308" VPOS="1281" HPOS="346"/>
<SP HEIGHT="64" WIDTH="27" VPOS="1280" HPOS="655"/>
<String CONTENT="Bernard," HEIGHT="65" WIDTH="290" VPOS="1280" HPOS="683"/>
<SP HEIGHT="60" WIDTH="31" VPOS="1285" HPOS="974"/>
<String CONTENT="1897-" HEIGHT="55" WIDTH="174" VPOS="1280" HPOS="1006"/>
</TextLine>
<TextLine HEIGHT="71" WIDTH="1952" VPOS="1354" HPOS="415" CS="1">
<String CONTENT="The" HEIGHT="54" WIDTH="123" VPOS="1356" HPOS="415"/>
<SP HEIGHT="55" WIDTH="27" VPOS="1355" HPOS="539"/>
<String CONTENT="Mussolini" HEIGHT="55" WIDTH="307" VPOS="1355" HPOS="567"/>
<SP HEIGHT="54" WIDTH="29" VPOS="1355" HPOS="875"/>
<String CONTENT="murder" HEIGHT="54" WIDTH="235" VPOS="1356" HPOS="905"/>
<SP HEIGHT="51" WIDTH="27" VPOS="1374" HPOS="1141"/>
<String CONTENT="plot," HEIGHT="70" WIDTH="142" VPOS="1355" HPOS="1169"/>
<SP HEIGHT="69" WIDTH="27" VPOS="1355" HPOS="1312"/>
<String CONTENT="by" HEIGHT="70" WIDTH="78" VPOS="1355" HPOS="1340"/>
<SP HEIGHT="69" WIDTH="30" VPOS="1356" HPOS="1419"/>
<String CONTENT="Bernard" HEIGHT="53" WIDTH="263" VPOS="1356" HPOS="1450"/>
<SP HEIGHT="54" WIDTH="29" VPOS="1355" HPOS="1714"/>
<String CONTENT="Newman." HEIGHT="54" WIDTH="295" VPOS="1355" HPOS="1744"/>
<SP HEIGHT="53" WIDTH="65" VPOS="1355" HPOS="2040"/>
<String CONTENT="London," HEIGHT="67" WIDTH="261" VPOS="1354" HPOS="2106"/>
</TextLine>
<TextLine HEIGHT="71" WIDTH="912" VPOS="1433" HPOS="344">
<String CONTENT="Hutchinson" HEIGHT="55" WIDTH="372" VPOS="1433" HPOS="344"/>
<SP HEIGHT="52" WIDTH="23" VPOS="1436" HPOS="717"/>
<String CONTENT="&amp;" HEIGHT="52" WIDTH="47" VPOS="1436" HPOS="741"/>
<SP HEIGHT="52" WIDTH="24" VPOS="1436" HPOS="789"/>
<String LANG="ru" CONTENT="co.," HEIGHT="52" WIDTH="99" VPOS="1452" HPOS="814"/>
<SP HEIGHT="69" WIDTH="26" VPOS="1435" HPOS="914"/>
<String CONTENT="ltd." HEIGHT="54" WIDTH="105" VPOS="1434" HPOS="941"/>
<SP HEIGHT="36" WIDTH="33" VPOS="1467" HPOS="1047"/>
<String CONTENT="[1936]" HEIGHT="68" WIDTH="175" VPOS="1435" HPOS="1081"/>
</TextLine>
<TextLine HEIGHT="51" WIDTH="339" VPOS="1506" HPOS="416" STYLEREFS="StyleId-D13E441B-B8B8-45B1-9516-31690D63F930-">
<String CONTENT="288" HEIGHT="43" WIDTH="89" VPOS="1506" HPOS="416"/>
<SP HEIGHT="48" WIDTH="24" VPOS="1509" HPOS="506"/>
<String CONTENT="p." HEIGHT="38" WIDTH="44" VPOS="1519" HPOS="531"/>
<SP HEIGHT="40" WIDTH="60" VPOS="1508" HPOS="576"/>
<String CONTENT="19" HEIGHT="41" WIDTH="58" VPOS="1508" HPOS="637"/>
<String STYLE="superscript" CONTENT="cm" HEIGHT="21" WIDTH="45" VPOS="1510" HPOS="698"/>
<String CONTENT="." HEIGHT="8" WIDTH="8" VPOS="1541" HPOS="747"/>
</TextLine>
<TextLine HEIGHT="54" WIDTH="2025" VPOS="1564" HPOS="345" STYLEREFS="StyleId-D13E441B-B8B8-45B1-9516-31690D63F930-" CS="1">
<String CONTENT="&#169;" HEIGHT="54" WIDTH="55" VPOS="1564" HPOS="345"/>
<SP/>
<String CS="1" CONTENT="1c."/>
<SP/>
<String CONTENT="Dec." HEIGHT="38" WIDTH="111" VPOS="1569" HPOS="517"/>
<SP HEIGHT="39" WIDTH="22" VPOS="1567" HPOS="629"/>
<String CONTENT="22." HEIGHT="42" WIDTH="72" VPOS="1567" HPOS="652"/>
<SP HEIGHT="42" WIDTH="22" VPOS="1567" HPOS="725"/>
<String CS="1" CONTENT="1936;" HEIGHT="41" WIDTH="115" VPOS="1566" HPOS="748"/>
<SP HEIGHT="47" WIDTH="25" VPOS="1568" HPOS="890"/>
<!-- cceid A70E39F0-6E3A-1014-83DD-942C093A1DD9 --><String CONTENT="A" HEIGHT="38" WIDTH="41" VPOS="1568" HPOS="916"/>
<SP HEIGHT="38" WIDTH="21" VPOS="1568" HPOS="958"/>
<String CONTENT="ad" HEIGHT="40" WIDTH="64" VPOS="1566" HPOS="980"/>
<SP HEIGHT="40" WIDTH="21" VPOS="1566" HPOS="1045"/>
<String CONTENT="int." HEIGHT="39" WIDTH="86" VPOS="1567" HPOS="1067"/>
<SP HEIGHT="39" WIDTH="23" VPOS="1566" HPOS="1154"/>
<String CS="1" CONTENT="22263;" HEIGHT="41" WIDTH="146" VPOS="1566" HPOS="1178"/>
<SP HEIGHT="38" WIDTH="25" VPOS="1577" HPOS="1351"/>
<String CONTENT="pubd." HEIGHT="49" WIDTH="142" VPOS="1566" HPOS="1377"/>
<SP HEIGHT="40" WIDTH="26" VPOS="1567" HPOS="1520"/>
<String CONTENT="Oct." HEIGHT="40" WIDTH="101" VPOS="1567" HPOS="1547"/>
<SP HEIGHT="41" WIDTH="24" VPOS="1565" HPOS="1649"/>
<String CS="1" CONTENT="29;" HEIGHT="41" WIDTH="57" VPOS="1565" HPOS="1674"/>
<SP HEIGHT="47" WIDTH="27" VPOS="1568" HPOS="1758"/>
<String CONTENT="B." HEIGHT="39" WIDTH="54" VPOS="1568" HPOS="1786"/>
<SP HEIGHT="40" WIDTH="23" VPOS="1567" HPOS="1841"/>
<String CONTENT="Newman," HEIGHT="48" WIDTH="251" VPOS="1567" HPOS="1865"/>
<SP HEIGHT="49" WIDTH="22" VPOS="1566" HPOS="2117"/>
<String CONTENT="Harrow-" HEIGHT="39" WIDTH="230" VPOS="1566" HPOS="2140"/>
</TextLine>
<TextLine HEIGHT="52" WIDTH="1169" VPOS="1623" HPOS="419" STYLEREFS="StyleId-D13E441B-B8B8-45B1-9516-31690D63F930-">
<String CONTENT="on-the-Hill," HEIGHT="50" WIDTH="306" VPOS="1625" HPOS="419"/>
<SP HEIGHT="48" WIDTH="21" VPOS="1627" HPOS="726"/>
<String CONTENT="Middlesex," HEIGHT="50" WIDTH="287" VPOS="1625" HPOS="748"/>
<SP HEIGHT="48" WIDTH="24" VPOS="1627" HPOS="1036"/>
<String CONTENT="England." HEIGHT="47" WIDTH="239" VPOS="1626" HPOS="1061"/>
<SP HEIGHT="48" WIDTH="62" VPOS="1624" HPOS="1301"/>
<String CONTENT="(37-538)" HEIGHT="50" WIDTH="224" VPOS="1623" HPOS="1364"/>
</TextLine>
<TextLine HEIGHT="66" WIDTH="647" VPOS="1714" HPOS="345">
<String CONTENT="Nicol," HEIGHT="65" WIDTH="186" VPOS="1714" HPOS="345"/>
<SP HEIGHT="63" WIDTH="23" VPOS="1716" HPOS="532"/>
<String CONTENT="John," HEIGHT="65" WIDTH="178" VPOS="1715" HPOS="556"/>
<SP HEIGHT="64" WIDTH="26" VPOS="1716" HPOS="735"/>
<String CONTENT="b." HEIGHT="53" WIDTH="49" VPOS="1716" HPOS="762"/>
<SP HEIGHT="50" WIDTH="28" VPOS="1720" HPOS="812"/>
<String CONTENT="1755." HEIGHT="56" WIDTH="151" VPOS="1714" HPOS="841"/>
</TextLine>
<TextLine HEIGHT="70" WIDTH="1951" VPOS="1790" HPOS="416">
<String CONTENT="The" HEIGHT="52" WIDTH="123" VPOS="1794" HPOS="416"/>
<SP HEIGHT="53" WIDTH="33" VPOS="1793" HPOS="540"/>
<String CONTENT="life" HEIGHT="54" WIDTH="108" VPOS="1792" HPOS="574"/>
<SP HEIGHT="53" WIDTH="34" VPOS="1793" HPOS="683"/>
<String CONTENT="&amp;" HEIGHT="51" WIDTH="46" VPOS="1793" HPOS="718"/>
<SP HEIGHT="51" WIDTH="35" VPOS="1793" HPOS="765"/>
<String CONTENT="adventures" HEIGHT="53" WIDTH="345" VPOS="1792" HPOS="801"/>
<SP HEIGHT="35" WIDTH="35" VPOS="1811" HPOS="1147"/>
<String CONTENT="of" HEIGHT="54" WIDTH="64" VPOS="1792" HPOS="1183"/>
<SP HEIGHT="55" WIDTH="37" VPOS="1792" HPOS="1248"/>
<String CONTENT="John" HEIGHT="54" WIDTH="158" VPOS="1793" HPOS="1286"/>
<SP HEIGHT="53" WIDTH="36" VPOS="1792" HPOS="1445"/>
<String CONTENT="Nicol," HEIGHT="69" WIDTH="184" VPOS="1791" HPOS="1482"/>
<SP HEIGHT="49" WIDTH="37" VPOS="1811" HPOS="1667"/>
<String CONTENT="mariner;" HEIGHT="67" WIDTH="280" VPOS="1792" HPOS="1705"/>
<SP HEIGHT="67" WIDTH="38" VPOS="1792" HPOS="1986"/>
<String CONTENT="his" HEIGHT="54" WIDTH="90" VPOS="1791" HPOS="2025"/>
<SP HEIGHT="35" WIDTH="37" VPOS="1810" HPOS="2116"/>
<String CONTENT="service" HEIGHT="55" WIDTH="213" VPOS="1790" HPOS="2154"/>
</TextLine>
<TextLine HEIGHT="72" WIDTH="2020" VPOS="1868" HPOS="348">
<String CONTENT="in" HEIGHT="53" WIDTH="59" VPOS="1872" HPOS="348"/>
<SP HEIGHT="54" WIDTH="32" VPOS="1871" HPOS="408"/>
<String CONTENT="king&#8217;s" HEIGHT="70" WIDTH="188" VPOS="1870" HPOS="441"/>
<SP HEIGHT="35" WIDTH="35" VPOS="1889" HPOS="630"/>
<String CONTENT="ships" HEIGHT="71" WIDTH="160" VPOS="1868" HPOS="666"/>
<SP HEIGHT="53" WIDTH="33" VPOS="1871" HPOS="827"/>
<String CONTENT="in" HEIGHT="53" WIDTH="61" VPOS="1871" HPOS="861"/>
<SP HEIGHT="34" WIDTH="29" VPOS="1889" HPOS="923"/>
<String CONTENT="war" HEIGHT="34" WIDTH="121" VPOS="1889" HPOS="953"/>
<SP HEIGHT="51" WIDTH="33" VPOS="1872" HPOS="1075"/>
<String CONTENT="&amp;" HEIGHT="50" WIDTH="45" VPOS="1872" HPOS="1109"/>
<SP HEIGHT="67" WIDTH="33" VPOS="1872" HPOS="1155"/>
<String CONTENT="peace," HEIGHT="51" WIDTH="188" VPOS="1888" HPOS="1189"/>
<SP HEIGHT="68" WIDTH="31" VPOS="1871" HPOS="1378"/>
<String CONTENT="his" HEIGHT="54" WIDTH="91" VPOS="1870" HPOS="1410"/>
<SP HEIGHT="49" WIDTH="34" VPOS="1875" HPOS="1502"/>
<String CONTENT="travels" HEIGHT="53" WIDTH="211" VPOS="1870" HPOS="1537"/>
<SP HEIGHT="52" WIDTH="33" VPOS="1871" HPOS="1749"/>
<String CONTENT="&amp;" HEIGHT="50" WIDTH="45" VPOS="1871" HPOS="1783"/>
<SP HEIGHT="53" WIDTH="34" VPOS="1871" HPOS="1829"/>
<String CONTENT="explorations" HEIGHT="69" WIDTH="395" VPOS="1869" HPOS="1864"/>
<SP HEIGHT="55" WIDTH="31" VPOS="1869" HPOS="2260"/>
<String CONTENT="by" HEIGHT="68" WIDTH="76" VPOS="1869" HPOS="2292"/>
</TextLine>
<TextLine HEIGHT="69" WIDTH="2022" VPOS="1947" HPOS="346">
<String CONTENT="sea" HEIGHT="36" WIDTH="92" VPOS="1967" HPOS="346"/>
<SP HEIGHT="48" WIDTH="53" VPOS="1955" HPOS="439"/>
<String CONTENT="to" HEIGHT="48" WIDTH="59" VPOS="1955" HPOS="493"/>
<SP HEIGHT="36" WIDTH="55" VPOS="1967" HPOS="553"/>
<String CONTENT="remote" HEIGHT="50" WIDTH="214" VPOS="1952" HPOS="609"/>
<SP HEIGHT="52" WIDTH="53" VPOS="1950" HPOS="824"/>
<String CONTENT="&amp;" HEIGHT="50" WIDTH="45" VPOS="1950" HPOS="878"/>
<SP HEIGHT="51" WIDTH="54" VPOS="1950" HPOS="924"/>
<String CONTENT="unknown" HEIGHT="52" WIDTH="292" VPOS="1949" HPOS="979"/>
<SP HEIGHT="34" WIDTH="55" VPOS="1968" HPOS="1272"/>
<String CONTENT="countries" HEIGHT="56" WIDTH="286" VPOS="1947" HPOS="1328"/>
<SP HEIGHT="55" WIDTH="56" VPOS="1948" HPOS="1615"/>
<String CONTENT="in" HEIGHT="53" WIDTH="60" VPOS="1948" HPOS="1672"/>
<SP HEIGHT="35" WIDTH="54" VPOS="1967" HPOS="1733"/>
<String CONTENT="merchant" HEIGHT="54" WIDTH="299" VPOS="1948" HPOS="1788"/>
<SP HEIGHT="48" WIDTH="56" VPOS="1953" HPOS="2088"/>
<String CONTENT="vessels," HEIGHT="68" WIDTH="223" VPOS="1948" HPOS="2145"/>
</TextLine>
<TextLine HEIGHT="70" WIDTH="2021" VPOS="2025" HPOS="347">
<String CONTENT="whalers," HEIGHT="68" WIDTH="260" VPOS="2027" HPOS="347"/>
<SP HEIGHT="50" WIDTH="32" VPOS="2045" HPOS="608"/>
<String CONTENT="and" HEIGHT="53" WIDTH="114" VPOS="2027" HPOS="641"/>
<SP HEIGHT="53" WIDTH="35" VPOS="2027" HPOS="756"/>
<String CONTENT="other" HEIGHT="53" WIDTH="164" VPOS="2027" HPOS="792"/>
<SP HEIGHT="36" WIDTH="32" VPOS="2044" HPOS="957"/>
<String CONTENT="sundry" HEIGHT="68" WIDTH="219" VPOS="2026" HPOS="990"/>
<SP HEIGHT="48" WIDTH="34" VPOS="2046" HPOS="1210"/>
<String CONTENT="craft;" HEIGHT="69" WIDTH="181" VPOS="2026" HPOS="1245"/>
<SP HEIGHT="63" WIDTH="36" VPOS="2032" HPOS="1427"/>
<String CONTENT="together" HEIGHT="68" WIDTH="262" VPOS="2027" HPOS="1464"/>
<SP HEIGHT="34" WIDTH="32" VPOS="2045" HPOS="1727"/>
<String CONTENT="with" HEIGHT="54" WIDTH="142" VPOS="2025" HPOS="1760"/>
<SP HEIGHT="52" WIDTH="35" VPOS="2027" HPOS="1903"/>
<String CONTENT="copious" HEIGHT="69" WIDTH="236" VPOS="2026" HPOS="1939"/>
<SP HEIGHT="37" WIDTH="31" VPOS="2043" HPOS="2176"/>
<String CONTENT="notes" HEIGHT="48" WIDTH="160" VPOS="2031" HPOS="2208"/>
</TextLine>
<TextLine HEIGHT="72" WIDTH="2022" VPOS="2102" HPOS="344">
<String CONTENT="&amp;" HEIGHT="50" WIDTH="46" VPOS="2106" HPOS="344"/>
<SP HEIGHT="52" WIDTH="35" VPOS="2106" HPOS="391"/>
<String CONTENT="comments" HEIGHT="48" WIDTH="311" VPOS="2110" HPOS="427"/>
<SP HEIGHT="35" WIDTH="37" VPOS="2123" HPOS="739"/>
<String CONTENT="on" HEIGHT="34" WIDTH="73" VPOS="2124" HPOS="777"/>
<SP HEIGHT="35" WIDTH="36" VPOS="2124" HPOS="851"/>
<String CONTENT="ships," HEIGHT="70" WIDTH="179" VPOS="2104" HPOS="888"/>
<SP HEIGHT="61" WIDTH="35" VPOS="2112" HPOS="1068"/>
<String CONTENT="the" HEIGHT="53" WIDTH="98" VPOS="2106" HPOS="1104"/>
<SP HEIGHT="35" WIDTH="37" VPOS="2123" HPOS="1203"/>
<String CONTENT="officers" HEIGHT="55" WIDTH="210" VPOS="2103" HPOS="1241"/>
<SP HEIGHT="35" WIDTH="37" VPOS="2123" HPOS="1452"/>
<String CONTENT="and" HEIGHT="54" WIDTH="112" VPOS="2104" HPOS="1490"/>
<SP HEIGHT="53" WIDTH="38" VPOS="2104" HPOS="1603"/>
<String CONTENT="shipmates" HEIGHT="70" WIDTH="314" VPOS="2103" HPOS="1642"/>
<SP HEIGHT="34" WIDTH="39" VPOS="2122" HPOS="1957"/>
<String CONTENT="with" HEIGHT="56" WIDTH="143" VPOS="2102" HPOS="1997"/>
<SP HEIGHT="52" WIDTH="37" VPOS="2104" HPOS="2141"/>
<String CONTENT="whom" HEIGHT="52" WIDTH="187" VPOS="2104" HPOS="2179"/>
</TextLine>
<TextLine HEIGHT="135" WIDTH="1998" VPOS="2181" HPOS="345" CS="1">
<String CONTENT="he" HEIGHT="53" WIDTH="69" VPOS="2183" HPOS="346"/>
<SP HEIGHT="34" WIDTH="35" VPOS="2202" HPOS="416"/>
<String CONTENT="served," HEIGHT="69" WIDTH="219" VPOS="2183" HPOS="452"/>
<SP HEIGHT="63" WIDTH="31" VPOS="2189" HPOS="672"/>
<String CONTENT="the" HEIGHT="53" WIDTH="97" VPOS="2184" HPOS="704"/>
<SP HEIGHT="35" WIDTH="35" VPOS="2202" HPOS="802"/>
<String CONTENT="customs" HEIGHT="48" WIDTH="247" VPOS="2188" HPOS="838"/>
<SP HEIGHT="52" WIDTH="32" VPOS="2184" HPOS="1086"/>
<String CONTENT="&amp;" HEIGHT="50" WIDTH="45" VPOS="2184" HPOS="1119"/>
<SP HEIGHT="51" WIDTH="34" VPOS="2184" HPOS="1165"/>
<String CONTENT="traditions" HEIGHT="56" WIDTH="310" VPOS="2181" HPOS="1200"/>
<SP HEIGHT="35" WIDTH="32" VPOS="2201" HPOS="1511"/>
<String CONTENT="of" HEIGHT="53" WIDTH="64" VPOS="2182" HPOS="1544"/>
<SP HEIGHT="55" WIDTH="33" VPOS="2182" HPOS="1609"/>
<String CONTENT="the" HEIGHT="54" WIDTH="95" VPOS="2183" HPOS="1643"/>
<SP HEIGHT="35" WIDTH="34" VPOS="2201" HPOS="1739"/>
<String CONTENT="sea" HEIGHT="35" WIDTH="91" VPOS="2201" HPOS="1774"/>
<SP HEIGHT="36" WIDTH="36" VPOS="2200" HPOS="1866"/>
<String CONTENT="and" HEIGHT="53" WIDTH="113" VPOS="2182" HPOS="1903"/>
<SP HEIGHT="54" WIDTH="35" VPOS="2182" HPOS="2017"/>
<String CONTENT="of" HEIGHT="55" WIDTH="65" VPOS="2181" HPOS="2053"/>
<SP HEIGHT="53" WIDTH="31" VPOS="2181" HPOS="2119"/>
<String CONTENT="the" HEIGHT="54" WIDTH="97" VPOS="2182" HPOS="2151"/>
<SP HEIGHT="55" WIDTH="32" VPOS="2181" HPOS="2249"/>
<String CONTENT="inhabitants" HEIGHT="135" WIDTH="1998" VPOS="2181" HPOS="345"/>
</TextLine>
<TextLine HEIGHT="71" WIDTH="1680" VPOS="2259" HPOS="689">
<String CONTENT="of" HEIGHT="53" WIDTH="65" VPOS="2262" HPOS="689"/>
<SP HEIGHT="53" WIDTH="46" VPOS="2262" HPOS="755"/>
<String CONTENT="distant" HEIGHT="56" WIDTH="220" VPOS="2262" HPOS="802"/>
<SP HEIGHT="56" WIDTH="45" VPOS="2262" HPOS="1023"/>
<String CONTENT="lands" HEIGHT="53" WIDTH="167" VPOS="2262" HPOS="1069"/>
<SP HEIGHT="53" WIDTH="43" VPOS="2262" HPOS="1237"/>
<String CONTENT="both" HEIGHT="52" WIDTH="137" VPOS="2262" HPOS="1281"/>
<SP HEIGHT="52" WIDTH="49" VPOS="2262" HPOS="1419"/>
<String CONTENT="savage" HEIGHT="51" WIDTH="207" VPOS="2279" HPOS="1469"/>
<SP HEIGHT="35" WIDTH="48" VPOS="2280" HPOS="1677"/>
<String CONTENT="and" HEIGHT="52" WIDTH="113" VPOS="2262" HPOS="1726"/>
<SP HEIGHT="53" WIDTH="47" VPOS="2262" HPOS="1840"/>
<String CONTENT="civilized," HEIGHT="71" WIDTH="282" VPOS="2259" HPOS="1888"/>
<SP HEIGHT="64" WIDTH="43" VPOS="2266" HPOS="2171"/>
<String CONTENT="their" HEIGHT="55" WIDTH="154" VPOS="2259" HPOS="2215"/>
</TextLine>
<TextLine HEIGHT="70" WIDTH="2020" VPOS="2338" HPOS="346" CS="1">
<String CONTENT="religions," HEIGHT="69" WIDTH="292" VPOS="2339" HPOS="346"/>
<SP HEIGHT="49" WIDTH="42" VPOS="2359" HPOS="639"/>
<String CONTENT="culture," HEIGHT="67" WIDTH="240" VPOS="2340" HPOS="682"/>
<SP HEIGHT="66" WIDTH="40" VPOS="2341" HPOS="923"/>
<String CONTENT="&amp;" HEIGHT="50" WIDTH="45" VPOS="2341" HPOS="964"/>
<SP HEIGHT="53" WIDTH="41" VPOS="2341" HPOS="1010"/>
<String CONTENT="industries," HEIGHT="69" WIDTH="328" VPOS="2338" HPOS="1052"/>
<SP HEIGHT="48" WIDTH="42" VPOS="2359" HPOS="1381"/>
<String CONTENT="etc.," HEIGHT="61" WIDTH="120" VPOS="2345" HPOS="1424"/>
<SP HEIGHT="48" WIDTH="39" VPOS="2358" HPOS="1545"/>
<String CONTENT="etc.," HEIGHT="62" WIDTH="120" VPOS="2344" HPOS="1585"/>
<SP HEIGHT="47" WIDTH="41" VPOS="2359" HPOS="1706"/>
<String CS="1" CONTENT="etc.;" HEIGHT="48" WIDTH="101" VPOS="2345" HPOS="1748"/>
<SP HEIGHT="48" WIDTH="45" VPOS="2359" HPOS="1880"/>
<String CONTENT="as" HEIGHT="35" WIDTH="61" VPOS="2358" HPOS="1926"/>
<SP HEIGHT="35" WIDTH="41" VPOS="2358" HPOS="1988"/>
<String CONTENT="related" HEIGHT="54" WIDTH="218" VPOS="2339" HPOS="2030"/>
<SP HEIGHT="53" WIDTH="40" VPOS="2339" HPOS="2249"/>
<String CONTENT="by" HEIGHT="69" WIDTH="76" VPOS="2339" HPOS="2290"/>
</TextLine>
<TextLine HEIGHT="70" WIDTH="2021" VPOS="2416" HPOS="345">
<String CONTENT="himself" HEIGHT="53" WIDTH="238" VPOS="2418" HPOS="345"/>
<SP HEIGHT="52" WIDTH="49" VPOS="2418" HPOS="584"/>
<String CONTENT="&amp;" HEIGHT="50" WIDTH="46" VPOS="2419" HPOS="634"/>
<SP HEIGHT="52" WIDTH="50" VPOS="2419" HPOS="681"/>
<String CONTENT="embellished" HEIGHT="54" WIDTH="369" VPOS="2417" HPOS="732"/>
<SP HEIGHT="53" WIDTH="49" VPOS="2418" HPOS="1102"/>
<String CONTENT="with" HEIGHT="53" WIDTH="143" VPOS="2418" HPOS="1152"/>
<SP HEIGHT="52" WIDTH="50" VPOS="2418" HPOS="1296"/>
<String CONTENT="numerous" HEIGHT="35" WIDTH="306" VPOS="2436" HPOS="1347"/>
<SP HEIGHT="34" WIDTH="50" VPOS="2436" HPOS="1654"/>
<String CONTENT="original" HEIGHT="70" WIDTH="249" VPOS="2416" HPOS="1705"/>
<SP HEIGHT="52" WIDTH="54" VPOS="2418" HPOS="1955"/>
<String CONTENT="designs" HEIGHT="69" WIDTH="230" VPOS="2417" HPOS="2010"/>
<SP HEIGHT="54" WIDTH="48" VPOS="2417" HPOS="2241"/>
<String CONTENT="by" HEIGHT="69" WIDTH="76" VPOS="2417" HPOS="2290"/>
</TextLine>
<TextLine HEIGHT="69" WIDTH="2020" VPOS="2495" HPOS="346">
<String CONTENT="Gordon" HEIGHT="56" WIDTH="239" VPOS="2495" HPOS="346"/>
<SP HEIGHT="55" WIDTH="32" VPOS="2495" HPOS="586"/>
<String CONTENT="Grant;" HEIGHT="68" WIDTH="216" VPOS="2495" HPOS="619"/>
<SP HEIGHT="48" WIDTH="31" VPOS="2515" HPOS="836"/>
<String CONTENT="with" HEIGHT="52" WIDTH="141" VPOS="2496" HPOS="868"/>
<SP HEIGHT="54" WIDTH="32" VPOS="2497" HPOS="1010"/>
<String CONTENT="a" HEIGHT="35" WIDTH="32" VPOS="2516" HPOS="1043"/>
<SP HEIGHT="55" WIDTH="31" VPOS="2496" HPOS="1076"/>
<String CONTENT="foreword" HEIGHT="53" WIDTH="290" VPOS="2496" HPOS="1108"/>
<SP HEIGHT="54" WIDTH="31" VPOS="2496" HPOS="1399"/>
<String CONTENT="and" HEIGHT="54" WIDTH="114" VPOS="2496" HPOS="1431"/>
<SP HEIGHT="54" WIDTH="31" VPOS="2496" HPOS="1546"/>
<String CONTENT="afterword" HEIGHT="54" WIDTH="319" VPOS="2496" HPOS="1578"/>
<SP HEIGHT="53" WIDTH="29" VPOS="2496" HPOS="1898"/>
<String CONTENT="by" HEIGHT="67" WIDTH="76" VPOS="2497" HPOS="1928"/>
<SP HEIGHT="68" WIDTH="30" VPOS="2496" HPOS="2005"/>
<String CONTENT="Alexander" HEIGHT="54" WIDTH="330" VPOS="2495" HPOS="2036"/>
</TextLine>
<TextLine HEIGHT="70" WIDTH="2021" VPOS="2573" HPOS="345">
<String CONTENT="Laing." HEIGHT="69" WIDTH="203" VPOS="2573" HPOS="345"/>
<SP HEIGHT="52" WIDTH="76" VPOS="2575" HPOS="549"/>
<String CONTENT="New" HEIGHT="52" WIDTH="140" VPOS="2575" HPOS="626"/>
<SP HEIGHT="51" WIDTH="29" VPOS="2575" HPOS="767"/>
<String CONTENT="York," HEIGHT="68" WIDTH="181" VPOS="2574" HPOS="797"/>
<SP HEIGHT="68" WIDTH="28" VPOS="2574" HPOS="979"/>
<String CONTENT="Toronto," HEIGHT="68" WIDTH="274" VPOS="2574" HPOS="1008"/>
<SP HEIGHT="67" WIDTH="29" VPOS="2575" HPOS="1283"/>
<String CONTENT="Farrar" HEIGHT="52" WIDTH="218" VPOS="2575" HPOS="1313"/>
<SP HEIGHT="51" WIDTH="25" VPOS="2575" HPOS="1532"/>
<String CONTENT="&amp;" HEIGHT="50" WIDTH="46" VPOS="2575" HPOS="1558"/>
<SP HEIGHT="53" WIDTH="26" VPOS="2574" HPOS="1605"/>
<String CONTENT="Rinehart," HEIGHT="70" WIDTH="301" VPOS="2573" HPOS="1632"/>
<SP HEIGHT="69" WIDTH="26" VPOS="2574" HPOS="1934"/>
<String CONTENT="incorporated" HEIGHT="70" WIDTH="405" VPOS="2573" HPOS="1961"/>
</TextLine>
<TextLine HEIGHT="65" WIDTH="193" VPOS="2655" HPOS="351">
<String STYLE="subscript" CONTENT="[" HEIGHT="33" WIDTH="12" VPOS="2687" HPOS="351"/>
<String STYLE="superscript" CONTENT="c" HEIGHT="22" WIDTH="17" VPOS="2659" HPOS="370"/>
<String CONTENT="1936" HEIGHT="50" WIDTH="133" VPOS="2655" HPOS="392"/>
<String STYLE="subscript" CONTENT="]" HEIGHT="34" WIDTH="12" VPOS="2686" HPOS="532"/>
</TextLine>
<TextLine HEIGHT="51" WIDTH="1492" VPOS="2722" HPOS="416" STYLEREFS="StyleId-D13E441B-B8B8-45B1-9516-31690D63F930-" CS="1">
<String CONTENT="vi" HEIGHT="41" WIDTH="49" VPOS="2722" HPOS="416"/>
<SP HEIGHT="50" WIDTH="29" VPOS="2722" HPOS="466"/>
<String CONTENT="p.," HEIGHT="38" WIDTH="58" VPOS="2734" HPOS="496"/>
<SP HEIGHT="46" WIDTH="30" VPOS="2724" HPOS="555"/>
<String CONTENT="2" HEIGHT="38" WIDTH="26" VPOS="2724" HPOS="586"/>
<SP HEIGHT="39" WIDTH="28" VPOS="2724" HPOS="613"/>
<String CS="1" CONTENT="l.," HEIGHT="16" WIDTH="22" VPOS="2754" HPOS="666"/>
<SP HEIGHT="46" WIDTH="31" VPOS="2724" HPOS="689"/>
<String CONTENT="214" HEIGHT="40" WIDTH="87" VPOS="2723" HPOS="721"/>
<SP HEIGHT="48" WIDTH="28" VPOS="2724" HPOS="809"/>
<String CONTENT="p." HEIGHT="38" WIDTH="43" VPOS="2734" HPOS="838"/>
<SP HEIGHT="40" WIDTH="29" VPOS="2724" HPOS="882"/>
<String CONTENT="incl." HEIGHT="41" WIDTH="110" VPOS="2723" HPOS="912"/>
<SP HEIGHT="41" WIDTH="28" VPOS="2723" HPOS="1023"/>
<String CS="1" CONTENT="front." HEIGHT="40" WIDTH="137" VPOS="2723" HPOS="1052"/>
<SP HEIGHT="49" WIDTH="26" VPOS="2723" HPOS="1205"/>
<String CONTENT="(port.)" HEIGHT="49" WIDTH="175" VPOS="2723" HPOS="1232"/>
<SP HEIGHT="47" WIDTH="39" VPOS="2724" HPOS="1408"/>
<String CONTENT="illus." HEIGHT="41" WIDTH="128" VPOS="2724" HPOS="1448"/>
<SP HEIGHT="39" WIDTH="59" VPOS="2725" HPOS="1577"/>
<String CS="1" CONTENT="28&#189;" HEIGHT="41" WIDTH="57" VPOS="2724" HPOS="1637"/>
<SP HEIGHT="49" WIDTH="18" VPOS="2724" HPOS="1724"/>
<String CS="1" CONTENT="&#215;"/>
<SP HEIGHT="40" WIDTH="16" VPOS="2725" HPOS="1775"/>
<String CONTENT="21" HEIGHT="42" WIDTH="55" VPOS="2723" HPOS="1792"/>
<String STYLE="superscript" CONTENT="cm" HEIGHT="21" WIDTH="44" VPOS="2727" HPOS="1851"/>
<String CONTENT="." HEIGHT="9" WIDTH="8" VPOS="2756" HPOS="1900"/>
</TextLine>
<TextLine HEIGHT="49" WIDTH="1580" VPOS="2780" HPOS="416" STYLEREFS="StyleId-D13E441B-B8B8-45B1-9516-31690D63F930-">
<String CONTENT="A" HEIGHT="40" WIDTH="43" VPOS="2780" HPOS="416"/>
<SP HEIGHT="40" WIDTH="28" VPOS="2780" HPOS="460"/>
<String CONTENT="reissue" HEIGHT="40" WIDTH="188" VPOS="2781" HPOS="489"/>
<SP HEIGHT="30" WIDTH="27" VPOS="2791" HPOS="678"/>
<String CONTENT="of" HEIGHT="40" WIDTH="52" VPOS="2780" HPOS="706"/>
<SP HEIGHT="41" WIDTH="29" VPOS="2780" HPOS="759"/>
<String CONTENT="the" HEIGHT="39" WIDTH="85" VPOS="2782" HPOS="789"/>
<SP HEIGHT="31" WIDTH="25" VPOS="2790" HPOS="875"/>
<String CONTENT="edition" HEIGHT="39" WIDTH="186" VPOS="2782" HPOS="901"/>
<SP HEIGHT="30" WIDTH="28" VPOS="2792" HPOS="1088"/>
<String CONTENT="of" HEIGHT="41" WIDTH="55" VPOS="2781" HPOS="1117"/>
<SP HEIGHT="40" WIDTH="26" VPOS="2781" HPOS="1173"/>
<String CONTENT="1822" HEIGHT="41" WIDTH="116" VPOS="2781" HPOS="1200"/>
<SP HEIGHT="40" WIDTH="28" VPOS="2782" HPOS="1317"/>
<String CONTENT="edited" HEIGHT="40" WIDTH="163" VPOS="2782" HPOS="1346"/>
<SP HEIGHT="40" WIDTH="27" VPOS="2783" HPOS="1510"/>
<String CONTENT="by" HEIGHT="46" WIDTH="62" VPOS="2783" HPOS="1538"/>
<SP HEIGHT="47" WIDTH="29" VPOS="2782" HPOS="1601"/>
<String CONTENT="John" HEIGHT="40" WIDTH="129" VPOS="2782" HPOS="1631"/>
<SP HEIGHT="39" WIDTH="28" VPOS="2782" HPOS="1761"/>
<String CONTENT="Howell." HEIGHT="41" WIDTH="206" VPOS="2782" HPOS="1790"/>
</TextLine>
<TextLine HEIGHT="54" WIDTH="2020" VPOS="2836" HPOS="346" STYLEREFS="StyleId-D13E441B-B8B8-45B1-9516-31690D63F930-" CS="1">
<String CONTENT="&#169;" HEIGHT="54" WIDTH="54" VPOS="2836" HPOS="346"/>
<SP HEIGHT="54" WIDTH="24" VPOS="2836" HPOS="401"/>
<String CONTENT="Nov." HEIGHT="40" WIDTH="119" VPOS="2841" HPOS="426"/>
<SP HEIGHT="41" WIDTH="28" VPOS="2840" HPOS="546"/>
<String CONTENT="6." HEIGHT="44" WIDTH="40" VPOS="2840" HPOS="575"/>
<SP HEIGHT="42" WIDTH="28" VPOS="2842" HPOS="616"/>
<String CS="1" CONTENT="1936;" HEIGHT="40" WIDTH="116" VPOS="2840" HPOS="645"/>
<SP HEIGHT="48" WIDTH="29" VPOS="2840" HPOS="788"/>
<String CONTENT="2c." HEIGHT="41" WIDTH="68" VPOS="2840" HPOS="818"/>
<SP HEIGHT="40" WIDTH="28" VPOS="2841" HPOS="887"/>
<String CONTENT="Nov." HEIGHT="41" WIDTH="119" VPOS="2841" HPOS="916"/>
<SP HEIGHT="42" WIDTH="25" VPOS="2840" HPOS="1036"/>
<String CS="1" CONTENT="9;" HEIGHT="41" WIDTH="28" VPOS="2840" HPOS="1062"/>
<SP HEIGHT="38" WIDTH="32" VPOS="2850" HPOS="1117"/>
<String CONTENT="aff." HEIGHT="39" WIDTH="81" VPOS="2841" HPOS="1150"/>
<SP HEIGHT="39" WIDTH="28" VPOS="2841" HPOS="1232"/>
<String CONTENT="Nov." HEIGHT="39" WIDTH="117" VPOS="2841" HPOS="1261"/>
<SP HEIGHT="40" WIDTH="29" VPOS="2839" HPOS="1379"/>
<String CS="1" CONTENT="24;" HEIGHT="40" WIDTH="56" VPOS="2839" HPOS="1409"/>
<SP HEIGHT="40" WIDTH="31" VPOS="2842" HPOS="1493"/>
<!-- cceid A70E4DC2-6E3A-1014-83DD-942C093A1DD9 --><String CONTENT="A" HEIGHT="38" WIDTH="40" VPOS="2842" HPOS="1525"/>
<SP HEIGHT="39" WIDTH="29" VPOS="2841" HPOS="1566"/>
<String CS="1" CONTENT="100668;" HEIGHT="41" WIDTH="173" VPOS="2840" HPOS="1596"/>
<SP HEIGHT="46" WIDTH="33" VPOS="2842" HPOS="1797"/>
<String CONTENT="Farrar" HEIGHT="39" WIDTH="186" VPOS="2842" HPOS="1831"/>
<SP HEIGHT="40" WIDTH="28" VPOS="2842" HPOS="2018"/>
<String CONTENT="&amp;" HEIGHT="40" WIDTH="39" VPOS="2842" HPOS="2047"/>
<SP HEIGHT="40" WIDTH="23" VPOS="2842" HPOS="2087"/>
<String CONTENT="Rinehart," HEIGHT="47" WIDTH="255" VPOS="2840" HPOS="2111"/>
</TextLine>
<TextLine HEIGHT="52" WIDTH="1953" VPOS="2897" HPOS="416" STYLEREFS="StyleId-D13E441B-B8B8-45B1-9516-31690D63F930-">
<String CONTENT="inc." HEIGHT="41" WIDTH="93" VPOS="2898" HPOS="416"/>
<SP HEIGHT="30" WIDTH="61" VPOS="2919" HPOS="510"/>
<String CONTENT="[Copyright" HEIGHT="52" WIDTH="284" VPOS="2897" HPOS="572"/>
<SP HEIGHT="40" WIDTH="29" VPOS="2898" HPOS="857"/>
<String CONTENT="is" HEIGHT="40" WIDTH="41" VPOS="2898" HPOS="887"/>
<SP HEIGHT="29" WIDTH="31" VPOS="2909" HPOS="929"/>
<String CONTENT="claimed" HEIGHT="41" WIDTH="208" VPOS="2897" HPOS="961"/>
<SP HEIGHT="41" WIDTH="29" VPOS="2897" HPOS="1170"/>
<String CONTENT="on" HEIGHT="29" WIDTH="60" VPOS="2909" HPOS="1200"/>
<SP HEIGHT="40" WIDTH="28" VPOS="2897" HPOS="1261"/>
<String CONTENT="foreword" HEIGHT="40" WIDTH="245" VPOS="2897" HPOS="1290"/>
<SP HEIGHT="39" WIDTH="30" VPOS="2898" HPOS="1536"/>
<String CONTENT="and" HEIGHT="39" WIDTH="94" VPOS="2898" HPOS="1567"/>
<SP HEIGHT="40" WIDTH="33" VPOS="2898" HPOS="1662"/>
<String CONTENT="afterword" HEIGHT="43" WIDTH="267" VPOS="2897" HPOS="1696"/>
<SP HEIGHT="39" WIDTH="32" VPOS="2899" HPOS="1964"/>
<String CONTENT="by" HEIGHT="48" WIDTH="60" VPOS="2899" HPOS="1997"/>
<SP HEIGHT="48" WIDTH="31" VPOS="2899" HPOS="2058"/>
<String CONTENT="Alexander" HEIGHT="43" WIDTH="279" VPOS="2897" HPOS="2090"/>
</TextLine>
<TextLine HEIGHT="51" WIDTH="526" VPOS="2955" HPOS="420" STYLEREFS="StyleId-D13E441B-B8B8-45B1-9516-31690D63F930-">
<String CONTENT="Laing]" HEIGHT="50" WIDTH="170" VPOS="2956" HPOS="420"/>
<SP HEIGHT="50" WIDTH="70" VPOS="2956" HPOS="591"/>
<String CONTENT="(36-37507)" HEIGHT="50" WIDTH="284" VPOS="2955" HPOS="662"/>
</TextLine>
<TextLine HEIGHT="70" WIDTH="2022" VPOS="3037" HPOS="345" STYLEREFS="StyleId-9D227180-CEC6-44A0-A36E-09613DDD6DD0-" CS="1">
<String CONTENT="Northwestern" HEIGHT="55" WIDTH="462" VPOS="3038" HPOS="345"/>
<SP HEIGHT="37" WIDTH="59" VPOS="3055" HPOS="808"/>
<String CONTENT="university," HEIGHT="67" WIDTH="355" VPOS="3037" HPOS="868"/>
<SP HEIGHT="63" WIDTH="59" VPOS="3041" HPOS="1224"/>
<String CONTENT="Evanston," HEIGHT="65" WIDTH="316" VPOS="3041" HPOS="1284"/>
<SP HEIGHT="64" WIDTH="56" VPOS="3042" HPOS="1601"/>
<String CS="1" CONTENT="Ill." HEIGHT="50" WIDTH="94" VPOS="3042" HPOS="1658"/>
<SP HEIGHT="51" WIDTH="94" VPOS="3042" HPOS="1753"/>
<String CONTENT="Medical" HEIGHT="55" WIDTH="251" VPOS="3039" HPOS="1848"/>
<SP HEIGHT="52" WIDTH="58" VPOS="3041" HPOS="2100"/>
<String CONTENT="school," HEIGHT="67" WIDTH="208" VPOS="3040" HPOS="2159"/>
</TextLine>
<TextLine HEIGHT="66" WIDTH="1053" VPOS="3118" HPOS="418" STYLEREFS="StyleId-9D227180-CEC6-44A0-A36E-09613DDD6DD0-">
<String CONTENT="Chicago." HEIGHT="66" WIDTH="269" VPOS="3118" HPOS="418"/>
<SP HEIGHT="52" WIDTH="80" VPOS="3119" HPOS="688"/>
<String CONTENT="Women&#8217;s" HEIGHT="52" WIDTH="282" VPOS="3119" HPOS="769"/>
<SP HEIGHT="66" WIDTH="21" VPOS="3118" HPOS="1052"/>
<String CONTENT="faculty" HEIGHT="66" WIDTH="228" VPOS="3118" HPOS="1074"/>
<SP HEIGHT="48" WIDTH="23" VPOS="3136" HPOS="1303"/>
<String CONTENT="club." HEIGHT="54" WIDTH="144" VPOS="3118" HPOS="1327"/>
</TextLine>
<TextLine HEIGHT="73" WIDTH="1950" VPOS="3192" HPOS="414">
<String CONTENT="Dine" HEIGHT="56" WIDTH="154" VPOS="3192" HPOS="414"/>
<SP HEIGHT="50" WIDTH="29" VPOS="3213" HPOS="569"/>
<String CONTENT="your" HEIGHT="52" WIDTH="145" VPOS="3211" HPOS="599"/>
<SP HEIGHT="53" WIDTH="34" VPOS="3195" HPOS="745"/>
<String CONTENT="friends;" HEIGHT="68" WIDTH="251" VPOS="3195" HPOS="780"/>
<SP HEIGHT="49" WIDTH="38" VPOS="3214" HPOS="1032"/>
<String CONTENT="published" HEIGHT="67" WIDTH="305" VPOS="3196" HPOS="1071"/>
<SP HEIGHT="53" WIDTH="33" VPOS="3196" HPOS="1377"/>
<String CONTENT="by" HEIGHT="68" WIDTH="76" VPOS="3196" HPOS="1411"/>
<SP HEIGHT="61" WIDTH="31" VPOS="3203" HPOS="1488"/>
<String CONTENT="the" HEIGHT="54" WIDTH="97" VPOS="3196" HPOS="1520"/>
<SP HEIGHT="54" WIDTH="33" VPOS="3197" HPOS="1618"/>
<String CONTENT="Women&#8217;s" HEIGHT="55" WIDTH="287" VPOS="3196" HPOS="1652"/>
<SP HEIGHT="55" WIDTH="37" VPOS="3195" HPOS="1940"/>
<String CONTENT="faculty" HEIGHT="70" WIDTH="224" VPOS="3195" HPOS="1978"/>
<SP HEIGHT="49" WIDTH="32" VPOS="3216" HPOS="2203"/>
<String CONTENT="club" HEIGHT="54" WIDTH="128" VPOS="3197" HPOS="2236"/>
</TextLine>
<TextLine HEIGHT="71" WIDTH="2020" VPOS="3272" HPOS="345">
<String CONTENT="of" HEIGHT="53" WIDTH="64" VPOS="3272" HPOS="345"/>
<SP HEIGHT="55" WIDTH="36" VPOS="3272" HPOS="410"/>
<String CONTENT="Northwestern" HEIGHT="54" WIDTH="436" VPOS="3273" HPOS="447"/>
<SP HEIGHT="35" WIDTH="36" VPOS="3292" HPOS="884"/>
<String CONTENT="university" HEIGHT="69" WIDTH="322" VPOS="3274" HPOS="921"/>
<SP HEIGHT="49" WIDTH="35" VPOS="3294" HPOS="1244"/>
<String CONTENT="medical" HEIGHT="54" WIDTH="243" VPOS="3274" HPOS="1280"/>
<SP HEIGHT="52" WIDTH="36" VPOS="3276" HPOS="1524"/>
<String CONTENT="school" HEIGHT="53" WIDTH="190" VPOS="3276" HPOS="1561"/>
<SP HEIGHT="52" WIDTH="39" VPOS="3275" HPOS="1752"/>
<String CONTENT="for" HEIGHT="53" WIDTH="95" VPOS="3275" HPOS="1792"/>
<SP HEIGHT="48" WIDTH="35" VPOS="3280" HPOS="1888"/>
<String CONTENT="the" HEIGHT="52" WIDTH="98" VPOS="3277" HPOS="1924"/>
<SP HEIGHT="53" WIDTH="33" VPOS="3276" HPOS="2023"/>
<String CONTENT="benefit" HEIGHT="53" WIDTH="209" VPOS="3276" HPOS="2057"/>
<SP HEIGHT="46" WIDTH="34" VPOS="3283" HPOS="2267"/>
<String CONTENT="of" HEIGHT="53" WIDTH="63" VPOS="3276" HPOS="2302"/>
</TextLine>
<TextLine HEIGHT="70" WIDTH="2020" VPOS="3352" HPOS="344">
<String CONTENT="the" HEIGHT="53" WIDTH="96" VPOS="3352" HPOS="344"/>
<SP HEIGHT="52" WIDTH="32" VPOS="3353" HPOS="441"/>
<String CONTENT="Montgomery" HEIGHT="69" WIDTH="407" VPOS="3353" HPOS="474"/>
<SP HEIGHT="68" WIDTH="30" VPOS="3354" HPOS="882"/>
<String CONTENT="Ward" HEIGHT="54" WIDTH="182" VPOS="3354" HPOS="913"/>
<SP HEIGHT="52" WIDTH="32" VPOS="3355" HPOS="1096"/>
<String CONTENT="clinics;" HEIGHT="65" WIDTH="224" VPOS="3353" HPOS="1129"/>
<SP HEIGHT="62" WIDTH="38" VPOS="3356" HPOS="1354"/>
<String CONTENT="drawings" HEIGHT="66" WIDTH="292" VPOS="3356" HPOS="1393"/>
<SP HEIGHT="35" WIDTH="31" VPOS="3373" HPOS="1686"/>
<String CONTENT="contributed" HEIGHT="55" WIDTH="363" VPOS="3353" HPOS="1718"/>
<SP HEIGHT="54" WIDTH="30" VPOS="3354" HPOS="2082"/>
<String CONTENT="by" HEIGHT="68" WIDTH="76" VPOS="3354" HPOS="2113"/>
<SP HEIGHT="66" WIDTH="30" VPOS="3356" HPOS="2190"/>
<String CONTENT="Miss" HEIGHT="54" WIDTH="143" VPOS="3355" HPOS="2221"/>
</TextLine>
<TextLine HEIGHT="70" WIDTH="1260" VPOS="3431" HPOS="347">
<String CONTENT="Catherine" HEIGHT="55" WIDTH="309" VPOS="3431" HPOS="347"/>
<SP HEIGHT="56" WIDTH="32" VPOS="3432" HPOS="657"/>
<String CONTENT="O&#8217;Brien" HEIGHT="57" WIDTH="253" VPOS="3431" HPOS="690"/>
<SP HEIGHT="34" WIDTH="37" VPOS="3451" HPOS="944"/>
<String CONTENT="..." HEIGHT="9" WIDTH="55" VPOS="3477" HPOS="982"/>
<SP HEIGHT="33" WIDTH="86" VPOS="3467" HPOS="1038"/>
<String CONTENT="[Chicago]" HEIGHT="69" WIDTH="291" VPOS="3432" HPOS="1125"/>
<SP HEIGHT="63" WIDTH="39" VPOS="3438" HPOS="1417"/>
<String CONTENT="1936." HEIGHT="51" WIDTH="150" VPOS="3437" HPOS="1457"/>
</TextLine>
<TextLine HEIGHT="51" WIDTH="816" VPOS="3505" HPOS="417" STYLEREFS="StyleId-D13E441B-B8B8-45B1-9516-31690D63F930-" CS="1">
<String CONTENT="2" HEIGHT="40" WIDTH="28" VPOS="3507" HPOS="417"/>
<SP HEIGHT="48" WIDTH="26" VPOS="3507" HPOS="446"/>
<String LANG="fr" CONTENT="p." HEIGHT="38" WIDTH="43" VPOS="3517" HPOS="473"/>
<SP/>
<String LANG="fr" CS="1" CONTENT="l.,"/>
<SP/>
<String CONTENT="3-141" HEIGHT="43" WIDTH="145" VPOS="3505" HPOS="617"/>
<SP HEIGHT="50" WIDTH="26" VPOS="3506" HPOS="763"/>
<String CONTENT="p." HEIGHT="39" WIDTH="43" VPOS="3517" HPOS="790"/>
<SP HEIGHT="43" WIDTH="59" VPOS="3506" HPOS="834"/>
<String CONTENT="illus." HEIGHT="42" WIDTH="129" VPOS="3506" HPOS="894"/>
<SP HEIGHT="41" WIDTH="61" VPOS="3506" HPOS="1024"/>
<String CS="1" CONTENT="23&#189;" HEIGHT="42" WIDTH="55" VPOS="3506" HPOS="1086"/>
<String STYLE="superscript" CONTENT="cm" HEIGHT="22" WIDTH="45" VPOS="3508" HPOS="1174"/>
<String CONTENT="." HEIGHT="10" WIDTH="9" VPOS="3538" HPOS="1224"/>
</TextLine>
<TextLine HEIGHT="52" WIDTH="940" VPOS="3563" HPOS="417" STYLEREFS="StyleId-D13E441B-B8B8-45B1-9516-31690D63F930-" CS="1">
<String CONTENT="Advertising" HEIGHT="49" WIDTH="319" VPOS="3563" HPOS="417"/>
<SP HEIGHT="37" WIDTH="29" VPOS="3575" HPOS="737"/>
<String CS="1" CONTENT="matter;" HEIGHT="39" WIDTH="182" VPOS="3566" HPOS="767"/>
<SP HEIGHT="37" WIDTH="34" VPOS="3576" HPOS="976"/>
<String CONTENT="p." HEIGHT="37" WIDTH="43" VPOS="3576" HPOS="1011"/>
<SP HEIGHT="30" WIDTH="34" VPOS="3585" HPOS="1055"/>
<String CONTENT="[133]-[135]" HEIGHT="50" WIDTH="267" VPOS="3565" HPOS="1090"/>
</TextLine>
<TextLine HEIGHT="53" WIDTH="2019" VPOS="3619" HPOS="347" STYLEREFS="StyleId-D13E441B-B8B8-45B1-9516-31690D63F930-">
<String CONTENT="&#169;" HEIGHT="53" WIDTH="54" VPOS="3619" HPOS="347"/>
<SP HEIGHT="53" WIDTH="30" VPOS="3619" HPOS="402"/>
<String CONTENT="Dec." HEIGHT="38" WIDTH="112" VPOS="3625" HPOS="433"/>
<SP HEIGHT="41" WIDTH="31" VPOS="3622" HPOS="546"/>
<String CONTENT="2," HEIGHT="50" WIDTH="39" VPOS="3622" HPOS="578"/>
<SP HEIGHT="49" WIDTH="33" VPOS="3623" HPOS="618"/>
<String CONTENT="1936;" HEIGHT="49" WIDTH="143" VPOS="3622" HPOS="652"/>
<SP HEIGHT="49" WIDTH="32" VPOS="3622" HPOS="796"/>
<String CONTENT="2c." HEIGHT="42" WIDTH="68" VPOS="3622" HPOS="829"/>
<SP HEIGHT="30" WIDTH="33" VPOS="3634" HPOS="898"/>
<String CONTENT="and" HEIGHT="39" WIDTH="96" VPOS="3623" HPOS="932"/>
<SP HEIGHT="39" WIDTH="32" VPOS="3623" HPOS="1029"/>
<String CONTENT="aff." HEIGHT="41" WIDTH="81" VPOS="3623" HPOS="1062"/>
<SP HEIGHT="39" WIDTH="33" VPOS="3625" HPOS="1144"/>
<String CONTENT="Dec." HEIGHT="39" WIDTH="111" VPOS="3625" HPOS="1178"/>
<SP HEIGHT="40" WIDTH="34" VPOS="3624" HPOS="1290"/>
<String CONTENT="12;" HEIGHT="46" WIDTH="81" VPOS="3623" HPOS="1325"/>
<SP HEIGHT="45" WIDTH="35" VPOS="3624" HPOS="1407"/>
<!-- cceid A70E619F-6E3A-1014-83DD-942C093A1DD9 --><String CONTENT="A" HEIGHT="39" WIDTH="39" VPOS="3624" HPOS="1443"/>
<SP HEIGHT="39" WIDTH="32" VPOS="3624" HPOS="1483"/>
<String CONTENT="101244;" HEIGHT="49" WIDTH="201" VPOS="3622" HPOS="1516"/>
<SP HEIGHT="47" WIDTH="37" VPOS="3624" HPOS="1718"/>
<String CONTENT="Women's" HEIGHT="41" WIDTH="242" VPOS="3622" HPOS="1756"/>
<SP HEIGHT="38" WIDTH="33" VPOS="3623" HPOS="1999"/>
<String CONTENT="faculty" HEIGHT="47" WIDTH="187" VPOS="3623" HPOS="2033"/>
<SP HEIGHT="37" WIDTH="35" VPOS="3633" HPOS="2221"/>
<String CONTENT="club" HEIGHT="40" WIDTH="109" VPOS="3622" HPOS="2257"/>
</TextLine>
<TextLine HEIGHT="49" WIDTH="1553" VPOS="3679" HPOS="419" STYLEREFS="StyleId-D13E441B-B8B8-45B1-9516-31690D63F930-">
<String CONTENT="of" HEIGHT="39" WIDTH="52" VPOS="3680" HPOS="419"/>
<SP HEIGHT="40" WIDTH="26" VPOS="3680" HPOS="472"/>
<String CONTENT="Northwestern" HEIGHT="39" WIDTH="372" VPOS="3681" HPOS="499"/>
<SP HEIGHT="29" WIDTH="29" VPOS="3691" HPOS="872"/>
<String CONTENT="univ." HEIGHT="42" WIDTH="131" VPOS="3679" HPOS="902"/>
<SP HEIGHT="29" WIDTH="29" VPOS="3692" HPOS="1034"/>
<String CONTENT="medical" HEIGHT="41" WIDTH="203" VPOS="3679" HPOS="1064"/>
<SP HEIGHT="37" WIDTH="32" VPOS="3681" HPOS="1268"/>
<String CONTENT="school," HEIGHT="48" WIDTH="178" VPOS="3680" HPOS="1301"/>
<SP HEIGHT="48" WIDTH="30" VPOS="3680" HPOS="1480"/>
<String CONTENT="Chicago." HEIGHT="47" WIDTH="224" VPOS="3679" HPOS="1511"/>
<SP HEIGHT="47" WIDTH="71" VPOS="3679" HPOS="1736"/>
<String CONTENT="(37-9)" HEIGHT="48" WIDTH="164" VPOS="3679" HPOS="1808"/>
</TextLine>
<TextLine HEIGHT="150" WIDTH="2018" VPOS="3761" HPOS="347" CS="1">
<String CONTENT="Oklahoma" HEIGHT="56" WIDTH="334" VPOS="3761" HPOS="347"/>
<SP HEIGHT="36" WIDTH="21" VPOS="3781" HPOS="682"/>
<String CONTENT="current" HEIGHT="46" WIDTH="227" VPOS="3771" HPOS="704"/>
<SP HEIGHT="53" WIDTH="24" VPOS="3764" HPOS="932"/>
<String CONTENT="digest;" HEIGHT="69" WIDTH="214" VPOS="3763" HPOS="957"/>
<SP HEIGHT="37" WIDTH="29" VPOS="3783" HPOS="1172"/>
<String CONTENT="a" HEIGHT="32" WIDTH="28" VPOS="3784" HPOS="1202"/>
<SP HEIGHT="51" WIDTH="27" VPOS="3765" HPOS="1231"/>
<String CONTENT="digest" HEIGHT="67" WIDTH="187" VPOS="3765" HPOS="1259"/>
<SP HEIGHT="47" WIDTH="22" VPOS="3770" HPOS="1447"/>
<String CONTENT="of" HEIGHT="52" WIDTH="62" VPOS="3766" HPOS="1470"/>
<SP HEIGHT="52" WIDTH="23" VPOS="3766" HPOS="1533"/>
<String CONTENT="the" HEIGHT="51" WIDTH="94" VPOS="3765" HPOS="1557"/>
<SP HEIGHT="52" WIDTH="23" VPOS="3764" HPOS="1652"/>
<String CONTENT="decisions" HEIGHT="53" WIDTH="277" VPOS="3764" HPOS="1676"/>
<SP HEIGHT="33" WIDTH="24" VPOS="3784" HPOS="1954"/>
<String CONTENT="of" HEIGHT="52" WIDTH="63" VPOS="3765" HPOS="1979"/>
<SP HEIGHT="52" WIDTH="23" VPOS="3765" HPOS="2043"/>
<String CONTENT="the" HEIGHT="51" WIDTH="96" VPOS="3766" HPOS="2067"/>
<SP HEIGHT="56" WIDTH="23" VPOS="3764" HPOS="2164"/>
<String CONTENT="Oklahoma" HEIGHT="131" WIDTH="1919" VPOS="3764" HPOS="417"/>
<SP HEIGHT="55" WIDTH="37" VPOS="3842" HPOS="584"/>
<String CONTENT="Supreme" HEIGHT="68" WIDTH="278" VPOS="3842" HPOS="622"/>
<SP HEIGHT="35" WIDTH="30" VPOS="3861" HPOS="901"/>
<String CONTENT="court" HEIGHT="47" WIDTH="159" VPOS="3850" HPOS="932"/>
<SP HEIGHT="47" WIDTH="33" VPOS="3850" HPOS="1092"/>
<String CONTENT="and" HEIGHT="52" WIDTH="112" VPOS="3843" HPOS="1126"/>
<SP HEIGHT="54" WIDTH="31" VPOS="3843" HPOS="1239"/>
<String CONTENT="Criminal" HEIGHT="55" WIDTH="279" VPOS="3842" HPOS="1271"/>
<SP HEIGHT="51" WIDTH="36" VPOS="3843" HPOS="1551"/>
<String CONTENT="court" HEIGHT="46" WIDTH="159" VPOS="3849" HPOS="1588"/>
<SP HEIGHT="46" WIDTH="31" VPOS="3849" HPOS="1748"/>
<String CONTENT="of" HEIGHT="51" WIDTH="62" VPOS="3844" HPOS="1780"/>
<SP HEIGHT="51" WIDTH="33" VPOS="3844" HPOS="1843"/>
<String CONTENT="appeals" HEIGHT="67" WIDTH="234" VPOS="3844" HPOS="1877"/>
<SP HEIGHT="52" WIDTH="31" VPOS="3844" HPOS="2112"/>
<String CONTENT="for" HEIGHT="53" WIDTH="95" VPOS="3844" HPOS="2144"/>
<SP HEIGHT="50" WIDTH="28" VPOS="3847" HPOS="2240"/>
<String CONTENT="the" HEIGHT="52" WIDTH="96" VPOS="3844" HPOS="2269"/>
</TextLine>
<TextLine HEIGHT="148" WIDTH="1945" VPOS="3921" HPOS="417" CS="1">
<String CONTENT="year" HEIGHT="48" WIDTH="136" VPOS="3939" HPOS="417"/>
<SP HEIGHT="49" WIDTH="39" VPOS="3925" HPOS="554"/>
<String CONTENT="1936," HEIGHT="63" WIDTH="152" VPOS="3924" HPOS="594"/>
<SP HEIGHT="47" WIDTH="35" VPOS="3940" HPOS="747"/>
<String CONTENT="containing" HEIGHT="67" WIDTH="336" VPOS="3921" HPOS="783"/>
<SP HEIGHT="61" WIDTH="35" VPOS="3927" HPOS="1120"/>
<String CONTENT="table" HEIGHT="52" WIDTH="150" VPOS="3922" HPOS="1156"/>
<SP HEIGHT="33" WIDTH="37" VPOS="3941" HPOS="1307"/>
<String CONTENT="of" HEIGHT="53" WIDTH="63" VPOS="3921" HPOS="1345"/>
<SP HEIGHT="53" WIDTH="37" VPOS="3921" HPOS="1409"/>
<String CONTENT="statutes" HEIGHT="48" WIDTH="240" VPOS="3926" HPOS="1447"/>
<SP HEIGHT="34" WIDTH="36" VPOS="3940" HPOS="1688"/>
<String CONTENT="construed" HEIGHT="51" WIDTH="301" VPOS="3923" HPOS="1725"/>
<SP HEIGHT="52" WIDTH="38" VPOS="3923" HPOS="2027"/>
<String CONTENT="and" HEIGHT="52" WIDTH="112" VPOS="3923" HPOS="2066"/>
<SP HEIGHT="52" WIDTH="37" VPOS="3923" HPOS="2179"/>
<String CONTENT="complete" HEIGHT="125" WIDTH="1921" VPOS="3941" HPOS="418"/>
<SP HEIGHT="47" WIDTH="39" VPOS="4006" HPOS="572"/>
<String CONTENT="table" HEIGHT="55" WIDTH="155" VPOS="3999" HPOS="612"/>
<SP HEIGHT="35" WIDTH="40" VPOS="4019" HPOS="768"/>
<String CONTENT="of" HEIGHT="54" WIDTH="64" VPOS="3999" HPOS="809"/>
<SP HEIGHT="54" WIDTH="41" VPOS="3999" HPOS="874"/>
<String CONTENT="cases." HEIGHT="36" WIDTH="166" VPOS="4017" HPOS="916"/>
<SP HEIGHT="34" WIDTH="85" VPOS="4034" HPOS="1083"/>
<String CONTENT="[Volume" HEIGHT="66" WIDTH="242" VPOS="4002" HPOS="1169"/>
<SP HEIGHT="50" WIDTH="43" VPOS="4003" HPOS="1412"/>
<String CONTENT="12," HEIGHT="65" WIDTH="82" VPOS="4003" HPOS="1456"/>
<SP HEIGHT="49" WIDTH="41" VPOS="4019" HPOS="1539"/>
<String CONTENT="nos." HEIGHT="35" WIDTH="116" VPOS="4019" HPOS="1581"/>
<SP HEIGHT="50" WIDTH="44" VPOS="4004" HPOS="1698"/>
<String CONTENT="2-3]" HEIGHT="63" WIDTH="120" VPOS="4004" HPOS="1743"/>
<SP HEIGHT="33" WIDTH="54" VPOS="4034" HPOS="1864"/>
<String CONTENT="..." HEIGHT="8" WIDTH="55" VPOS="4047" HPOS="1919"/>
<SP HEIGHT="55" WIDTH="85" VPOS="4001" HPOS="1975"/>
<String CONTENT="Compiled" HEIGHT="68" WIDTH="301" VPOS="4001" HPOS="2061"/>
</TextLine>
</TextBlock>
</PrintSpace>
</Page>
</Layout>
</alto>