2519 4377
1294 4119 101 49 984

426 499 27 40 5
476 509 43 37 p.
582 530 8 16 l.,
618 498 148 40 3-280
789 509 44 37 p.
887 498 151 41 front,
1068 497 175 49 (port.)
1306 497 56 41 19½
1395 500 44 21 cm
1444 530 9 8 .

426 555 140 48 Maps
594 566 60 29 on
681 554 363 49 lining-papers.

351 608 2011 53 © 1c. Mar. 19, 1936; A ad int. 21202; pubd. Jan. 23; G. A. Hill, Col maws
421 669 179 50 Hatch,
636 669 195 50 Sussex,
866 668 237 48 England.
1177 668 281 48 (36-16866)

349 759 292 53 Horatius
667 759 263 64 Flaccus,
959 757 278 63 Quintus.

422 837 120 52 The
575 837 277 67 complete
884 837 185 51 works
1102 837 63 51 of
1197 837 244 66 Horace,
1472 836 190 53 edited
1693 836 142 53 with
1869 856 71 33 an
1972 836 390 54 introduction

350 915 75 67 by
465 915 217 68 Casper
718 917 55 54 J.
814 916 297 67 Kraemer,
1149 915 69 68 jr.
1312 916 138 53 New
1488 916 180 67 York,
1706 916 120 53 The
1864 917 243 53 Modern
2143 916 220 69 library

355 1028 13 33 [c
397 997 134 50 1936
536 1027 12 34 ]

422 1077 79 38 xx,
530 1067 86 39 412
645 1077 44 37 p.
747 1067 55 40 17
805 1069 44 20 cm
855 1099 8 8 .
932 1066 301 48 (Half-title:
1264 1067 102 39 The
1396 1067 199 39 modern
1625 1067 183 48 library
1839 1068 52 40 of
1922 1068 82 39 the
2036 1068 193 40 world’s
2260 1069 105 39 best
348 1124 174 48 books)

420 1181 162 39 “First
621 1180 202 40 Modern
862 1180 187 47 library
1088 1179 226 41 edition.”

353 1234 52 53 ©
438 1239 126 39 June
594 1237 71 48 25,
697 1238 141 46 1936;
873 1237 27 39 2
934 1247 37 31 c.
1005 1237 96 39 and
1132 1237 83 41 aff.
1250 1238 129 39 June
1408 1237 55 40 26;
1527 1238 43 40 A
1595 1236 172 49 96183;
1804 1238 219 38 Random
2061 1238 165 48 house,
2259 1237 106 47 inc.,

421 1296 118 38 New
566 1295 146 40 York.
774 1293 282 51 [Copyright
1084 1292 42 41 is
1154 1293 205 41 claimed
1390 1305 59 29 on
1479 1293 348 49 introduction]

434 1351 283 51 (36-16874)

352 1428 237 64 Hough,
617 1429 210 63 Henry
851 1427 223 57 Beetle.

421 1504 282 55 Martha’s
750 1504 317 69 Vineyard,
1115 1522 248 34 summer
1410 1509 199 64 resort,
1660 1507 330 64 1835-1935,
2037 1504 76 69 by
2163 1504 203 69 Henry

352 1581 1991 151 Beetle Hough … Rutland, Vt., The Tuttle publishing company, inc. [ c 1936]
422 1736 89 42 276
539 1748 43 38 p.
643 1736 166 50 front.,
839 1737 173 50 plates,
1042 1738 156 49 plans.
1255 1736 58 41 24
1315 1739 44 22 cm
1364 1769 9 10 .

353 1792 53 53 ©
444 1796 117 47 July
599 1795 70 46 23,
710 1795 141 42 1936;
892 1795 67 39 2c.
1001 1795 116 47 July
1156 1795 83 47 27;
1283 1794 80 39 aff.
1405 1795 115 47 July
1559 1795 84 47 24;
1686 1796 41 38 A
1766 1793 143 42 96639;
1980 1796 60 39 H.
2081 1796 53 39 B.
2175 1794 191 49 Hough,

423 1853 313 48 Edgartown,
765 1853 148 38 Mass.
979 1850 281 50 (36-16899)

350 1929 269 64 Hughes,
647 1929 135 64 Ray
810 1929 254 64 Osgood,
1098 1930 172 55 1879-

425 2004 1943 71 The making of today’s world, by R. O. Hughes … Boston,
353 2085 140 54 New
524 2084 165 53 York
741 2088 121 63 [etc.]
895 2083 183 69 Allyn
1109 2085 113 53 and
1253 2085 197 52 Bacon
1486 2116 13 34 [
1503 2090 18 22 c
1526 2086 153 65 1936]

426 2158 99 48 viii,
564 2158 71 50 [2],
672 2158 98 50 807,
806 2159 57 40 25
895 2169 43 38 p.
1001 2159 86 40 col.
1119 2158 165 47 front.,
1319 2158 143 49 illus.,
1496 2158 87 41 col.
1617 2158 172 48 plates,
1824 2168 137 38 maps
1990 2157 137 49 (part
2160 2159 199 49 double)

354 2216 55 41 21
413 2217 44 22 cm
463 2248 8 9 .

426 2274 292 40 Illustrated
747 2272 365 49 lining-papers.

428 2331 198 39 “Places
652 2330 81 40 for
758 2331 198 39 further
981 2330 230 48 reading”
1241 2332 52 38 at
1319 2331 93 39 end
1439 2330 51 40 of
1515 2330 120 40 each
1663 2330 121 41 unit.

353 2384 53 53 ©
442 2389 113 46 May
589 2387 71 48 21,
695 2386 140 48 1936;
872 2388 67 40 2c.
977 2388 116 46 July
1129 2387 82 47 23;
1250 2387 82 41 aff.
1370 2388 116 46 July
1524 2388 81 42 22;
1646 2389 40 37 A
1720 2387 172 49 97117;
1933 2389 146 47 Allyn
2116 2390 38 40 &
2188 2390 176 38 Bacon.

425 2444 284 50 [Copyright
742 2445 43 39 is
817 2444 208 39 claimed
1060 2454 60 29 on
1154 2444 225 49 changes,]
1456 2444 282 49 (36-16864)

352 2521 157 64 Hull,
535 2521 240 57 Morris.

427 2594 270 72 Cannery
735 2595 189 71 Anne,
962 2595 78 71 by
1077 2595 216 55 Morris
1336 2595 165 55 Hull.
1580 2597 218 53 Boston
1843 2597 114 54 and
2002 2597 139 55 New
2185 2597 182 70 York,

351 2674 324 71 Houghton
701 2672 206 55 Mifflin
933 2692 301 52 company,
1263 2676 152 53 1936.

422 2747 27 41 6
473 2759 44 37 p.
581 2779 9 17 l.,
624 2768 10 31 [
636 2747 165 51 3]-267
829 2758 44 39 p.
933 2747 57 42 20
994 2750 45 22 cm
1041 2779 9 10 .

353 2802 53 53 ©
434 2807 117 47 July
580 2806 70 48 21,
685 2806 140 48 1936;
860 2806 67 41 2c.
961 2807 96 38 and
1090 2807 82 41 aff.
1206 2807 117 47 July
1354 2807 83 42 31;
1472 2808 41 38 A
1545 2806 171 49 96700;
1755 2809 62 40 M.
1851 2808 135 47 Hull,
2018 2808 160 42 Weed,
2211 2809 56 38 N.
2302 2811 63 37 M.

434 2863 283 50 (36-17124)

351 2939 355 65 Hutchison,
735 2941 263 54 Graham
1025 2942 199 64 Seton,
1256 2947 172 49 1890-

428 3018 138 55 Scar
620 3019 85 66 77,
756 3019 75 67 by
885 3018 256 55 Graham
1197 3018 173 54 Seton
1437 3018 383 67 (Lt.-Colonel
1876 3020 256 55 Graham
2189 3019 174 55 Seton

352 3098 325 52 Hutchison
782 3098 16 65 …)
884 3098 259 65 London,
1169 3096 145 53 Rich
1341 3101 45 49 &
1415 3096 230 68 Cowan,
1671 3097 103 55 ltd.
1831 3101 151 64 [1936]

421 3171 27 38 4
474 3180 42 37 p.
579 3202 8 16 l.,
615 3170 83 40 311
727 3179 44 38 p.
827 3168 55 41 19½
903 3172 27 20 m
935 3202 8 8 .

355 3223 2009 53 © 1c. July 18, 1936: A ad int. 21665; pubd. May 22; G. S. Hutchison,
425 3283 293 49 Hylesbury,
751 3283 175 48 Bucks,
956 3283 237 47 England.
1262 3282 281 49 (36-17012)

356 3360 303 65 [Infantry
692 3358 256 66 journal]

422 3436 122 53 The
581 3435 227 54 officers’
846 3435 188 69 guide.
1106 3435 73 53 2d
1218 3435 83 53 ed.
1375 3435 55 52 A
1468 3436 175 67 ready
1682 3434 288 54 reference
2011 3454 72 34 on
2122 3439 245 50 customs

352 3514 65 55 of
449 3515 97 54 the
579 3515 215 54 service
825 3515 113 53 and
973 3519 217 49 correct
1221 3515 315 68 procedure
1569 3514 59 54 in
1666 3513 77 55 all
1780 3514 323 70 situations,
2140 3514 94 55 for
2269 3514 96 55 the

354 3614 94 34 use
491 3595 63 52 of
597 3596 78 52 all
719 3594 209 54 officers
972 3593 65 53 of
1079 3594 97 52 the
1219 3595 230 68 regular
1493 3613 180 51 army,
1717 3595 260 53 national
2021 3596 185 68 guard
2251 3595 113 53 and

352 3674 309 69 organized
711 3692 263 35 reserves.
1062 3673 379 69 Harrisburg,
1492 3675 120 67 Pa.,
1662 3674 120 53 The
1835 3674 269 69 Military
2153 3674 214 54 service

355 3753 337 69 publishing
720 3771 78 35 co.
839 3786 12 34 [
856 3760 18 21 c
880 3756 152 64 1936]

421 3827 85 50 xii,
533 3827 87 41 401
645 3839 44 37 p.
720 3827 96 41 incl
844 3827 144 49 illus.,
1019 3828 194 48 diagrs.,
1244 3827 168 41 forms.
1470 3827 56 39 24½
1559 3831 15 20 cm
1609 3860 8 9 .

425 3883 1635 50 “1st edition, June, 1930 … 2nd edition, revised May, 1936.”
426 3941 251 48 “Reading
707 3951 170 30 course
908 3941 79 40 for
1017 3940 243 41 officers”;
1295 3952 43 37 p.
1374 3940 216 42 385-388.

354 3993 53 53 ©
440 3999 127 38 June
599 3998 39 47 4,
675 3997 140 46 1936;
852 3997 66 39 2c.
955 3998 126 39 June
1117 3998 80 46 10;
1238 3997 79 39 aff.
1357 3998 126 39 June
1518 3997 81 46 11;
1637 3998 39 38 A
1710 3997 143 39 95665;
1920 3996 221 47 Military
2179 3995 183 40 service

423 4053 108 48 pub.
561 4063 67 31 co.
697 4052 255 43 (36-16917)
