2519 4377
1029 4067 132 49 1319

106 426 205 63 Franz,
340 425 131 53 Carl
499 425 239 63 August
766 424 158 63 Otto,
953 425 172 54 1870-

173 514 1778 68 Lehrbuch der kriegschirurgie, von dr. Carl Franz … 2.
105 533 1969 127 umgearb.
321 592 129 53 aufl.
477 591 106 54 mit
610 595 97 48 121
738 591 400 68 abbildungen.
1201 591 216 68 Berlin,
1444 592 55 53 J.
1530 591 297 68 Springer,
1856 595 150 48 1936.

174 674 81 47 vii,
283 673 85 38 424
394 684 44 38 p.
495 673 126 40 illus.
680 672 56 40 26
739 675 44 20 cm
787 704 9 9 .

104 739 1884 53 © Jan. 14, 1936; 1c. July 17; A-Foreign 32577; Julius Springer.
183 799 278 48 (36-20673)

106 903 228 65 Fraser,
365 903 237 63 Robert,
635 907 171 49 1906-

174 992 380 69 Overcoming
576 993 300 67 obstacles;
906 993 96 52 the
1025 992 457 69 autobiography
1507 992 64 53 of
1595 1012 31 33 a
1650 992 162 54 blind
107 995 1967 129 evangelist
212 1071 108 68 [by]
357 1071 96 52 the
479 1072 136 52 Rev.
647 1071 214 53 Robert
892 1073 222 51 Fraser.
1195 1070 482 68 [Conshohocken,
1707 1073 120 65 Pa.,
1857 1072 242 53 Printed

103 1150 73 67 by
205 1150 94 51 the
329 1149 283 53 Recorder
640 1149 337 68 publishing
1007 1167 297 50 company,
1335 1156 17 21 c
1358 1153 150 64 1936]

177 1222 83 41 175
291 1233 43 37 p.
394 1222 127 40 illus.
551 1221 134 48 (incl.
718 1224 163 46 ports.,
913 1221 178 48 music)
1159 1222 56 40 16
1218 1225 43 21 cm
1266 1255 9 8 .

105 1288 51 53 ©
183 1293 126 47 Sept.
335 1293 67 46 14,
428 1293 112 40 1936;
593 1292 66 39 2c.
686 1293 94 38 and
806 1293 82 40 aff.
917 1293 126 47 Sept.
1069 1293 81 47 15;
1178 1294 40 38 A
1245 1293 169 46 98411;
1442 1293 56 40 R.
1525 1293 191 47 Fraser,
1744 1291 357 49 Philadelphia.

183 1349 278 48 (36-20422)

104 1452 268 64 Georgia.
447 1455 182 62 Laws,
662 1459 255 56 statutes,
949 1460 100 46 etc.

177 1541 152 55 Code
358 1542 62 53 of
446 1542 248 70 Georgia
723 1542 336 66 annotated;
1091 1541 298 69 including
1416 1542 96 52 the
1544 1540 152 56 Code
1727 1541 64 53 of
1824 1545 131 49 1933
1989 1541 112 53 and

104 1622 75 52 all
208 1622 136 53 laws
373 1621 63 54 of
464 1623 230 68 general
723 1621 353 69 application
1106 1621 399 69 subsequently
1534 1622 251 66 enacted,
1815 1621 141 53 with
107 1622 1967 131 editorial
309 1706 157 47 notes
502 1701 112 52 and
649 1701 276 67 complete
961 1700 364 53 annotations
1361 1699 64 54 of
1461 1700 94 53 the
1592 1698 277 55 decisions
1906 1699 64 53 of
2005 1700 99 53 the

108 1778 272 69 Supreme
409 1785 163 47 court
597 1780 113 52 and
740 1778 178 55 Court
945 1779 64 53 of
1037 1780 233 67 appeals
1298 1778 63 54 of
1386 1778 249 70 Georgia
1665 1780 112 52 and
1808 1779 64 52 of
1900 1779 77 52 all
2006 1778 96 55 the

111 1857 212 54 federal
359 1863 187 47 courts
581 1858 334 69 construing
950 1857 249 70 Georgia
1236 1859 153 53 laws.
1462 1858 292 69 Prepared
1791 1859 183 53 under
2007 1859 96 53 the

105 1937 263 52 editorial
402 1936 356 69 supervision
793 1936 64 54 of
891 1936 222 56 Orville
1146 1938 70 52 A.
1252 1936 174 69 Park,
1458 1937 201 70 Harry
1693 1938 67 52 B.
1798 1935 305 69 Skillman,

103 2016 1996 69 and Harry S. Strozier … books 1-8, 10. Atlanta, Ga., The
102 2095 283 51 Harrison
414 2113 281 48 company
728 2098 190 63 [c1936]

169 2166 29 40 9
227 2177 43 28 v.
329 2166 55 40 24
388 2169 15 20 cm
438 2199 8 7 .

174 2223 304 41 “Annotated
509 2222 226 43 edition.”

175 2280 155 48 “Kept
357 2290 63 38 up
449 2282 47 38 to
525 2280 113 39 date
665 2280 62 47 by
753 2280 297 40 cumulative
1076 2281 172 47 pocket
1275 2280 181 49 parts.”

103 2351 100 39 bks.
241 2351 96 41 1-3.
373 2347 52 53 ©
459 2352 119 45 Aug.
614 2352 69 47 14,
720 2350 113 41 1936;
897 2350 66 40 2c.
1000 2352 116 38 each
1155 2352 94 39 and
1285 2352 82 40 aff.
1404 2353 119 46 Aug.
1560 2352 54 39 17;
1679 2352 103 40 bks.
1817 2354 42 46 4,
1894 2354 40 45 5,
1973 2355 38 47 7,
2048 2349 53 52 ©

178 2408 127 47 Sept.
334 2409 53 38 15;
448 2408 66 41 2c.
547 2408 120 38 each
702 2408 126 47 Sept.
860 2409 80 41 17;
975 2408 101 40 bks.
1109 2409 38 47 6,
1180 2409 38 46 8,
1253 2408 67 49 10,
1353 2404 52 53 ©
1438 2408 101 41 Oct.
1572 2409 25 40 6;
1658 2409 65 39 2c.
1758 2409 119 39 each
1910 2408 102 42 Oct.
2045 2411 53 47 8;

175 2464 80 40 aff.
292 2465 101 40 Oct.
430 2466 51 45 7;
519 2466 39 37 A
592 2464 157 42 96935.
786 2463 157 48 98447,
980 2464 143 41 98810;
1189 2464 240 41 Harrison
1466 2475 67 30 co.

182 2521 278 47 (36-20383)

105 2624 249 65 Gernon,
380 2624 204 53 Blaine
607 2624 247 55 Brooks.

173 2712 239 53 Lincoln
451 2710 59 54 in
549 2713 93 53 the
683 2712 255 68 political
977 2712 209 67 circus;
1226 2713 170 67 being
1432 2730 26 34 a
1500 2713 171 67 study
1712 2714 58 51 in
1807 2730 288 51 summary

105 2790 110 52 and
246 2790 215 52 outline
493 2790 63 52 of
584 2789 297 53 Abraham
910 2789 288 53 Lincoln’s
1228 2789 257 69 political
1519 2789 405 69 relationships
1955 2791 142 53 with

103 2868 87 52 his
232 2867 403 68 constituency,
676 2867 299 69 including
1015 2868 95 53 the
1150 2867 370 69 background
1564 2867 63 55 of
1670 2867 241 70 slavery,
1953 2886 143 51 men,

106 2944 261 67 factions,
406 2946 45 49 &
491 2945 230 68 parties,
759 2946 261 67 together
1060 2944 140 54 with
1237 2944 251 54 hitherto
1528 2946 383 68 unpublished
1952 2952 144 48 state

105 3022 235 53 election
368 3022 178 54 tables
577 3022 113 53 and
720 3042 30 33 a
781 3021 276 54 classified
1084 3022 425 69 bibliography,
1538 3024 74 67 by
1640 3023 205 54 Blaine
1875 3024 222 53 Brooks

107 3099 242 53 Gernon.
427 3097 269 70 Chicago,
729 3100 120 52 The
886 3100 181 52 Black
1101 3104 88 48 cat
1224 3118 174 49 press,
1434 3103 148 50 1936.

176 3170 1920 51 4 p. l., 13-258 p., 1 l. incl. map, facsim., diagr. front. (port.) 24 cm .
175 3226 1257 50 “The first edition … consists of 1000 copies.”
173 3283 346 47 Bibliography:
581 3294 41 37 p.
654 3283 216 42 230-247.

105 3350 52 52 ©
186 3355 126 47 Sept.
340 3356 68 46 11,
434 3356 139 47 1936;
605 3357 68 39 2c.
702 3356 96 39 and
824 3357 80 39 aff.
934 3356 127 48 Sept.
1089 3357 82 47 21;
1200 3358 40 38 A
1268 3357 170 47 98508;
1469 3358 154 39 Black
1649 3359 80 39 cat
1754 3368 151 38 press.

184 3411 277 49 (36-20432)

105 3513 276 65 Graham,
413 3516 256 52 Andrew
698 3516 71 64 J.,
801 3522 125 48 1854-

174 3603 552 70 Autobiographical
761 3610 175 63 notes,
974 3624 183 35 verses
1197 3607 112 52 and
1347 3606 162 53 other
1546 3605 279 69 writings,
1864 3606 74 68 by
107 3606 1963 125 Andrew
290 3682 54 53 J.
382 3681 272 69 Graham,
728 3727 9 9 C.
805 3727 10 9 S.
891 3725 11 10 B.
974 3683 236 54 Charles
1244 3683 194 68 River,
1472 3684 191 67 Mass.,
1702 3684 120 52 The

107 3684 1964 126 Runnymede
296 3777 295 49 company,
627 3763 151 50 1936.

177 3830 112 43 xvii,
316 3831 85 39 267
426 3842 43 37 p.
558 3832 26 39 19½
617 3835 45 20 cm
666 3868 9 8 .

108 3896 52 52 ©
195 3902 114 47 July
346 3903 68 47 22,
453 3902 139 49 1936;
632 3903 68 40 2c.
739 3905 118 47 Aug.
895 3905 82 46 14;
1019 3904 81 41 aff.
1139 3906 128 46 Sept.
1306 3906 52 46 8;
1399 3906 39 39 A
1478 3904 171 48 97688;
1689 3906 53 40 A.
1783 3907 42 40 J.
1867 3906 229 44 Graham.

175 3958 200 40 Charles
404 3960 160 47 River,
593 3962 147 39 Mass.
808 3961 277 48 (36-20222)
