2519 4377
1035 4051 132 48 2047

156 488 284 42 Additional
475 488 155 41 tables
665 487 79 41 for
778 487 109 42 blue
923 487 95 40 and
1055 486 147 41 white
1238 484 208 42 sections
1481 484 100 40 will
1615 484 55 40 be
1705 483 162 41 issued
1902 483 82 41 for
88 482 1979 107 insertion
300 546 49 40 in
381 545 129 41 their
540 545 140 49 given
713 544 161 49 places
905 544 96 41 and
1033 554 61 29 an
1127 544 181 39 annual
1340 542 247 48 pamphlet
1617 540 302 49 supplement
1952 542 50 38 to
2032 540 56 41 be

86 604 213 41 inserted
332 605 51 39 in
411 603 171 48 pocket
614 602 52 40 of
699 602 120 40 back
850 611 154 32 cover.

258 721 55 9 —...
344 677 187 54 North
558 680 220 49 eastern
803 676 129 53 blue
959 679 46 49 &
1031 675 173 54 white
1228 673 146 54 book
1407 715 54 10 ...

185 754 1142 68 [St. Paul] West publishing co. [ 1936]
164 845 18 38 3
253 874 8 8 v.
320 841 56 41 26
379 845 42 20 cm
428 875 8 7 .

159 913 64 41 At
248 913 124 41 head
401 912 51 41 of
479 912 108 40 title;
644 910 179 41 Focket
849 912 125 48 part.

159 969 321 43 Cumulative.

94 1036 52 54 ©
174 1041 101 41 Oct.
303 1040 67 42 16.
398 1039 114 40 1936;
568 1039 66 41 2c.
666 1040 117 38 Nov.
814 1038 80 48 16;
924 1038 82 41 aff.
1034 1040 110 39 Dec.
1174 1038 53 38 17;
1286 1039 38 38 A
1353 1036 200 48 101451;
1586 1038 134 38 West
1748 1037 108 47 pub.
1886 1047 67 30 co.

175 1096 221 50 (37-875)

92 1200 267 63 Povlsen,
386 1200 171 52 Hans
582 1200 61 53 P.
672 1200 65 53 B.

163 1276 265 53 Himlens
476 1276 155 66 fugle
678 1276 105 52 har
831 1276 176 64 reder,
1055 1275 61 52 af
1164 1277 164 50 Hans
1374 1275 259 52 Povlsen.
1717 1275 378 68 København,

94 1355 345 64 Gvldendal,
471 1357 148 50 1936.

167 1442 25 37 1
256 1471 8 8 v.

98 1506 1984 109 © Sept. 9, 1936; 1c. Oct. 22; A-Foreign 33252; Gyldendalske boghandel, Nordisk forlag.
96 1670 267 65 Prévost,
393 1671 166 54 Jean.

168 1749 79 51 La
285 1754 147 47 terre
469 1754 83 46 est
590 1765 108 35 aux
736 1748 267 57 hommes,
1041 1766 103 47 par
1180 1749 146 51 Jean
1364 1747 253 55 Prévost.
1692 1747 184 68 Paris,
97 1748 1975 130 Gallimard
296 1829 172 63 [1936]

171 1913 16 37 1
258 1945 9 9 v.

101 1977 55 54 ©
181 1982 101 41 Oct.
341 2014 8 14 8,
380 1981 114 41 1936;
551 1983 65 40 1c.
646 1984 111 37 Dec.
786 1982 52 46 7;
869 1982 100 39 A-
972 1981 205 42 Foreign
1206 1980 171 48 33704;
1407 1980 243 41 Librairie
1677 1982 285 41 Gallimard.

99 2101 251 64 Rankin,
381 2101 132 54 Carl
547 2102 65 55 E.

171 2179 119 52 The
383 2180 277 64 University
694 2180 62 50 of
790 2180 184 51 North
1011 2179 269 54 Carolina
1316 2180 109 51 and
1461 2180 94 52 the
1590 2181 284 65 problems
1910 2181 64 52 of
2008 2182 93 52 the

103 2261 188 48 cotton
324 2258 119 51 mill
481 2258 306 66 employee,
819 2258 72 66 by
926 2257 133 55 Carl
1098 2259 65 51 E.
1199 2258 246 52 Rankin.
1515 2260 365 67 Morganton,
1914 2262 70 52 N.
2023 2262 81 66 C.,

104 2336 60 54 С.
196 2336 65 52 E.
290 2335 249 56 Rankin,
570 2339 150 51 1936.

173 2421 27 39 4
226 2432 42 37 p.
297 2422 42 42 1..
365 2421 143 39 7-212
569 2454 8 7 p.
633 2420 55 40 23
692 2424 42 21 cm
740 2451 9 9 .

106 2487 53 54 ©
185 2493 111 46 May
325 2492 38 47 7,
393 2492 113 39 1936
563 2492 67 40 2c.
660 2492 96 39 and
786 2493 81 41 aff.
900 2494 113 45 May
1041 2491 52 48 9;
1125 2494 39 38 A
1192 2491 171 48 95072;
1396 2494 48 40 С.
1477 2495 52 39 E.
1561 2493 208 50 Rankin,
1802 2496 304 48 Morgnnron,

177 2548 53 40 N.
261 2549 47 40 C.

105 2651 285 66 Riecroft,
419 2652 263 54 Charles.

176 2731 121 51 The
329 2730 190 53 divine
550 2729 256 67 impress,
839 2731 72 66 by
946 2730 237 55 Charles
1212 2729 261 55 Riecroft
1505 2733 111 52 and
1652 2733 179 55 Oscar
1861 2735 245 55 Weland

108 2809 192 52 Brent.
377 2809 256 53 London.
665 2808 64 52 E.
766 2808 188 54 Stock.
990 2812 147 50 1936.

180 2887 17 38 1
270 2920 7 7 v.

111 2954 1982 108 © 1c. Dec. 2, 1936; A ad int. 22148; pubd. Nov. 18; C. Riecroft, Huntingdon, Hunts, England.
109 3117 290 66 Simpson,
429 3118 258 53 Thomas
718 3119 304 62 Marshall,
1058 3125 170 49 1881-

181 3195 400 53 Mathematics
623 3195 64 51 of
726 3194 233 67 finance,
1002 3195 74 68 by
1116 3196 251 53 Thomas
1408 3196 281 55 Marshall
1731 3197 269 72 Simpson
2047 3247 56 10 ...

114 3273 177 53 Zareh
331 3274 78 51 M.
449 3273 272 52 Pirenian
766 3316 55 9 ...
862 3272 239 70 Bolling
1136 3273 76 53 H.
1255 3273 308 55 Crenshaw
1605 3318 58 11 ...
1740 3278 72 52 2d
1851 3279 104 68 ed.,
1995 3299 112 37 rev.

115 3351 111 52 and
266 3352 105 52 enl.
447 3350 136 53 New
626 3351 179 67 York,
845 3350 450 69 Prentice-Hall,
1335 3352 125 66 inc.,
1501 3355 148 52 1936.

183 3428 103 44 xiii,
315 3427 98 43 330,
444 3428 98 47 126,
572 3429 88 38 xiii
693 3439 41 38 p.
768 3428 108 41 incl.
908 3429 168 48 tables,
1108 3430 179 48 diagrs.
1347 3431 55 40 23½
1435 3433 43 22 cm
1485 3464 8 8 .

185 3500 55 38 In
274 3500 82 39 the
385 3499 108 41 first
522 3500 182 39 edition
739 3500 82 40 the
851 3510 142 30 name
1023 3500 194 50 Bolling
1247 3501 61 40 H.
1343 3502 263 41 Crenshaw
1637 3509 241 45 appeared
1910 3508 108 45 first
2047 3521 61 31 on

117 3556 80 41 the
224 3558 97 47 t.-p.

190 3614 167 40 Issued
392 3614 103 40 also
527 3615 209 39 without
769 3614 154 40 tables;
985 3616 137 47 parts
1154 3627 18 29 i
1203 3617 96 39 and
1329 3627 40 30 n
1401 3618 102 39 also
1535 3619 162 41 issued
1731 3625 290 46 separately.

189 3670 167 41 “Brief
388 3671 84 40 list
505 3670 52 40 of
589 3669 300 42 references”;
954 3682 43 38 p.
1032 3671 215 41 160-161.

189 3726 282 41 “Answers”;
533 3738 43 38 p.
610 3727 139 40 i-xiii
779 3730 54 39 at
861 3729 106 40 end.

462 3799 1648 60 CONTENTS. — pt. I. Commercial algebra.—pt. II. Compound interest,
119 3856 257 44 annuities,
409 3857 95 39 and
533 3855 89 41 life
656 3855 522 41 insurance.—Tables.

121 3924 52 54 ©
196 3931 118 42 Aug.
342 3930 67 43 17,
439 3929 109 39 1936;
603 3930 66 40 2c.
697 3930 101 40 Oct.
823 3928 26 37 5;
904 3929 79 38 aff.
1012 3930 102 39 Oct.
1138 3929 26 39 9;
1220 3931 40 37 A
1284 3931 172 48 99244;
1484 3933 375 47 Frentice-Hall.
1888 3939 89 40 inc.

201 3985 247 49 (37-1418)
