2519 4377
1069 4141 101 54 877

200 576 43 30 x,
277 564 85 41 482
396 574 43 38 p.
500 563 127 40 illus.
658 562 132 48 (incl.
826 565 161 47 maps)
1057 562 84 41 204
1161 573 30 28 x
1211 563 56 39 16½
1296 564 43 21 cm
1344 593 9 8 .
1429 562 298 47 (Half-title:
1763 563 113 39 Man
1913 562 96 39 and
2044 560 78 41 his

124 620 239 48 changing
386 619 194 47 society.
631 619 103 40 The
756 620 139 46 Rugg
918 618 148 40 social
1093 618 187 40 science
1303 618 165 41 series,
1521 629 43 29 v.
1587 620 28 38 4
1640 618 52 39 of
1715 618 82 40 the
1822 618 298 48 elementary

124 678 160 39 school
314 676 193 48 course)

196 733 187 40 “Books
411 743 92 37 you
533 732 158 39 would
721 730 99 41 like
844 732 50 39 to
923 731 142 40 read”
1096 733 53 39 at
1177 731 91 40 end
1297 731 52 38 of
1377 730 118 40 each
1524 730 202 48 chapter
1755 731 170 47 except
1954 731 165 39 eleven

123 790 94 39 and
249 790 304 46 twenty-one.

125 843 52 53 ©
203 848 113 45 May
345 847 67 46 18,
443 845 138 40 1936:
614 845 67 40 2c.
711 846 127 39 June
866 845 81 39 11:
981 844 81 40 aff.
1093 845 126 38 June
1249 844 53 39 13;
1362 844 41 38 A
1431 843 170 46 94922;
1636 842 188 40 Harold
1855 843 140 47 Rugg
2022 842 98 40 and

196 903 172 42 Louise
393 903 233 47 Krueger,
651 902 117 38 New
793 901 142 39 York.
1000 898 280 49 (36-14409)

124 1003 247 65 Russell,
398 1004 154 54 John
580 1004 163 63 Dale,
773 1009 169 50 1895-

254 1078 1860 70 … Administration, by John Dale Russell [and] Floyd W.
124 1156 225 54 Reeves.
417 1156 270 69 Chicago,
714 1157 113 65 Ill.,
856 1157 121 52 The
1006 1155 337 70 University
1370 1155 65 54 of
1465 1155 251 69 Chicago
1747 1174 157 50 press
2099 1187 14 35 [1936]

191 1240 78 38 xx,
307 1231 85 40 285
429 1240 41 38 p.
537 1230 178 47 diagrs.
781 1230 58 40 19½
870 1233 43 21 cin
918 1261 7 8 .
1003 1229 123 49 (The
1164 1228 281 42 evaluation
1484 1229 53 40 of
1573 1230 171 46 higher
1781 1228 335 47 institutions;

123 1298 27 30 a
188 1287 149 41 series
374 1287 52 40 of
461 1289 322 46 monographs
822 1288 147 40 based
1007 1298 59 29 on
1105 1288 80 40 the
1224 1286 346 48 investigation
1612 1287 267 40 conducted
1918 1286 79 40 for
2035 1286 82 41 the

123 1342 285 43 Committee
438 1355 60 29 on
531 1344 210 40 revision
773 1345 51 38 of
853 1345 276 48 standards,
1162 1342 319 42 Commission
1514 1354 59 30 on
1607 1343 170 47 higher
1810 1343 309 41 institutions

122 1398 53 40 of
202 1401 79 41 the
311 1401 155 40 North
495 1402 187 40 central
711 1401 294 41 association
1037 1401 52 40 of
1118 1401 202 47 colleges
1352 1401 95 40 and
1477 1402 264 44 secondary
1772 1400 202 41 schools,
2034 1400 74 48 vi)

124 1456 52 53 ©
205 1462 121 38 Mar.
356 1461 67 46 17,
454 1459 139 48 1936;
624 1459 68 41 2c.
723 1460 95 39 and
848 1459 80 40 aff.
960 1461 121 38 Mar.
1111 1459 81 46 23;
1227 1460 40 39 A
1295 1457 171 49 92451;
1500 1458 283 48 University
1813 1459 52 40 of
1895 1457 226 50 Chicago,

195 1516 225 48 Chicago.
487 1516 281 48 (36-14568)

253 1617 1863 70 … Finance, by John Dale Russell [and] Floyd W. Reeves.
125 1693 268 72 Chicago,
420 1696 113 67 Ill.,
561 1696 123 52 The
708 1696 339 68 University
1076 1694 64 54 of
1169 1695 252 69 Chicago
1448 1714 156 49 press
1799 1728 13 34 [1935]

193 1768 115 49 xvii,
343 1769 83 41 133
460 1779 42 37 p.
564 1769 179 47 diagrs.
804 1768 56 41 19½cm.
1020 1769 125 49 (The
1178 1768 279 41 evaluation
1493 1768 52 40 of
1575 1767 173 49 higher
1781 1768 335 47 institutions;

124 1835 27 30 a
190 1826 150 41 series
376 1826 53 40 of
465 1827 322 46 monographs
822 1826 148 41 based
1010 1837 60 29 on
1106 1827 86 40 the
1228 1825 347 48 investigation
1615 1826 266 40 conducted
1917 1826 80 40 for
2037 1826 82 41 the

123 1880 285 44 Committee
438 1894 59 29 on
529 1882 211 41 revision
772 1882 54 41 of
856 1883 275 46 standards,
1165 1881 319 42 Commission
1515 1892 61 30 on
1608 1882 173 48 higher
1809 1882 310 41 institutions

123 1939 52 40 of
201 1939 80 42 the
307 1941 156 39 North
488 1940 187 40 central
700 1940 295 40 association
1023 1939 54 41 of
1102 1939 202 48 colleges
1335 1940 96 39 and
1461 1941 265 46 secondary
1752 1940 201 40 schools,
2014 1940 95 47 VI)

123 1995 52 53 ©
205 2000 117 39 Nov.
353 1999 69 48 26,
453 1999 139 47 1935;
624 1998 69 40 2c.
724 1999 96 39 and
851 1998 81 40 aff.
964 1999 110 38 Dec.
1106 1998 82 47 16;
1222 1999 41 38 A
1294 1997 170 47 89884;
1496 1997 283 48 University
1811 1998 51 41 of
1894 1995 226 52 Chicago,

195 2055 222 49 Chicago.
491 2055 280 48 (36-14566)

124 2159 85 53 St.
238 2156 241 66 Martin,
507 2157 332 66 Thaddeus,
871 2164 170 49 1886-

255 2234 1864 69 … Madame Toussaint’s wedding day. Boston, Little,
125 2317 226 63 Brown,
379 2314 112 53 and
517 2332 295 49 company,
842 2316 149 50 1936.

194 2385 989 50 5 p. l., [3]-281 p. front., illus. 20 cm .
124 2440 52 52 ©
202 2444 116 46 July
344 2444 68 47 17,
440 2442 140 46 1936;
609 2443 68 39 2c.
704 2442 96 40 and
827 2443 69 39 aff
896 2439 4 20 1
902 2475 7 8 .
939 2443 114 46 July
1080 2443 81 46 18;
1192 2443 42 39 A
1258 2441 171 48 96547;
1460 2441 163 50 Little,
1653 2444 191 47 Brown,
1876 2444 96 39 and
193 2453 1910 94 company.

123 2603 273 64 Sassoon,
423 2602 296 64 Siegfried
746 2603 302 55 Lorraine.

194 2680 249 53 Further
478 2678 356 68 experiences
870 2679 63 53 of
968 2680 222 66 George
1229 2679 288 55 Sherston.
1596 2680 359 67 [Instalment
1997 2683 47 64 1]

204 2752 80 47 (In
316 2749 182 43 Nash’s
529 2749 109 43 Pall
669 2749 117 42 mall
816 2748 276 53 magazine,
1123 2749 142 51 June,
1302 2750 142 49 1936)

125 2804 1994 52 © 1c. July 15, 1936; A ad int. 21723; pubd. May 19; S. L. Sassoon,
195 2864 265 49 Wiltshire,
496 2865 235 49 England.

123 2969 229 64 Scherf,
379 2969 209 58 David.

193 3045 208 53 Klinik
454 3047 119 52 und
628 3046 258 68 therapie
943 3048 100 51 der
1098 3046 541 67 herzkrankheiten;
1697 3049 267 66 vorträge
2022 3044 100 55 für

125 3124 1995 69 praktische ärzte, von privatdozent dr. D. Scherf … 2. verb,
124 3203 117 52 und
273 3221 170 35 verm.
478 3203 128 52 aufl.
676 3201 111 55 Mit
823 3207 63 49 10
917 3204 526 69 textabbildungen.
1509 3204 187 68 Wien,
1729 3205 55 54 J.
1822 3203 299 70 Springer,

128 3284 148 49 1935.

198 3354 62 47 vi,
287 3354 84 41 232
399 3366 42 37 p.
498 3354 142 49 illus.,
670 3356 178 48 diagrs.
904 3355 56 41 20½cm.

126 3406 1993 56 © May 11, 1935; 1c. Apr. 30, 1936; A -Foreign 31631; Julius Springer.
205 3467 278 48 (36-14456)

124 3569 190 64 Sealy,
341 3570 224 53 Donald
594 3570 378 66 Farrington,
1002 3573 171 56 1897-

195 3646 136 52 Law
363 3645 65 53 of
456 3665 232 49 persons
721 3649 111 51 and
865 3649 272 53 domestic
1167 3649 286 54 relations.
1532 3649 99 69 (2d
1664 3649 113 69 ed.)

129 3651 1966 144 By Professor Donald Farrington Sealy … New York, 1936.
195 3797 117 48 xxii,
342 3797 84 41 217
455 3808 43 38 p.
556 3799 55 40 23½
644 3801 45 21 cm
694 3831 9 9 .

198 3854 177 40 “Table
404 3854 53 39 of
486 3854 162 41 cases”:
710 3866 44 37 p.
789 3856 270 49 [xiii]-xxii.

196 3909 134 40 First
374 3909 182 41 edition
600 3911 255 49 published
899 3912 117 41 1929
1059 3914 153 40 under
1259 3913 133 41 title:
1440 3914 195 40 Outline
1680 3915 53 39 of
1777 3925 204 38 persons
2024 3917 94 40 and

126 3965 231 41 domestic
388 3966 247 41 relations.

128 4016 53 54 ©
209 4021 127 40 June
360 4022 70 47 17,
457 4021 140 49 1936;
626 4023 68 40 2c.
724 4024 94 39 and
849 4024 80 40 aff.
960 4025 126 39 June
1113 4024 83 48 27;
1227 4026 43 38 A
1296 4025 169 48 96217;
1497 4027 57 39 D.
1586 4026 51 41 F.
1670 4026 155 49 Sealy,
1856 4027 263 47 Brooklyn.

206 4076 279 50 (36-14465)
