2519 4377
1056 4060 100 55 741

119 425 119 52 The
285 423 444 64 Encyclopædia
775 425 336 52 britannica.
1189 424 130 52 14th
1367 423 83 54 ed.
1525 424 56 53 A
1626 442 123 36 new
1793 440 206 50 survey
2046 423 63 53 of

192 499 1756 71 universal knowledge … London, The Encyclopædia
191 501 1893 130 britannica
460 595 296 52 company,
797 580 132 67 ltd.;
977 581 138 52 New
1158 578 162 54 York
1363 579 113 53 and
1521 578 269 68 Chicago,

191 579 1894 145 Encyclopædia
400 656 338 69 britannica,
765 657 107 54 inc.;
954 662 119 62 [etc.,
1101 661 119 63 etc.,
1244 660 176 65 c1936]

191 730 56 39 24
321 757 8 9 v.
390 728 142 48 illus.,
575 729 158 47 plates
760 728 135 49 (part
938 729 112 48 col.)
1102 730 161 47 ports.,
1308 738 135 39 maps
1471 728 135 49 (part
1648 728 198 44 double)
1895 728 213 42 facsims.

129 785 468 51 (1 col.) diagrs. 28½cm.
192 843 226 41 Includes
445 842 167 44 music.

194 899 227 40 “Printed
453 898 49 40 in
533 899 81 40 the
646 899 56 42 U.
738 899 43 41 S.
816 898 53 42 A.
898 899 60 48 by
990 899 54 41 R.
1078 900 54 40 R.
1165 900 263 47 Donnelley
1461 899 37 41 &
1529 909 111 30 sons
1675 898 96 43 eo.”

193 955 241 42 “Editor’s
462 955 224 50 preface”
716 954 166 50 signed:
945 956 233 41 Franklin
1212 957 60 42 H.
1306 957 206 50 Hooper.

121 1023 53 53 ©
212 1028 127 39 June
377 1027 39 48 9,
457 1026 139 47 1936;
637 1027 68 40 2c.
747 1029 116 40 each
905 1029 94 38 and
1040 1027 82 41 aff.
1164 1029 124 38 June
1329 1028 58 39 101;
1454 1029 39 38 A
1533 1027 170 48 94820;
1746 1026 362 51 Encyclopædia

190 1084 287 46 britannica,
519 1084 89 42 inc.
683 1083 276 49 [Copyright
1002 1083 39 40 is
1083 1083 204 40 claimed
1330 1095 58 28 on
1430 1085 222 47 changes]

199 1140 280 47 (36-12204)

119 1240 232 53 Florida
398 1241 200 66 digest,
646 1244 133 49 1846
824 1245 57 48 to
928 1241 156 66 date;
1133 1242 266 66 covering
1446 1240 236 54 Florida
1730 1247 221 62 reports
1998 1241 111 52 and

189 1317 284 55 Southern
511 1323 273 63 reporter,
822 1336 60 34 as
919 1319 126 52 well
1083 1336 59 35 as
1181 1319 237 53 Florida
1456 1337 148 34 cases
1642 1320 234 52 decided
1915 1320 61 51 in
2015 1320 95 52 the

188 1395 216 55 federal
437 1395 241 54 District
709 1397 112 51 and
853 1396 220 54 Circuit
1103 1400 205 62 courts,
1341 1396 218 55 Circuit
1589 1402 161 47 court
1780 1396 62 52 of
1878 1397 233 67 appeals

189 1473 110 52 and
327 1472 273 68 Supreme
626 1479 160 47 court
813 1473 61 52 of
901 1475 93 51 the
1021 1474 215 53 United
1268 1473 203 68 States,
1498 1474 139 53 with
1665 1481 227 47 current

187 1492 1897 111 cumulative
417 1550 201 69 pocket
676 1551 223 53 service.
974 1551 240 53 Volume
1271 1554 48 50 4.
1381 1551 729 69 Corporations-Criminal

186 1629 1426 68 law. St. Paul, Minn., West publishing co. [c1936]
188 1703 99 46 viii,
316 1702 83 39 682
427 1712 42 37 p.
525 1700 58 41 26½cm.

119 1766 1700 53 © May 26, 1936; 2c. and aff. June 15; A 94988; West pub. co.
118 1873 236 64 Givens,
381 1873 245 54 Charles
650 1872 68 56 G.

120 1948 1965 145 The jig-time murders, by Charles G. Givens … Indianapolis,
231 2027 138 53 New
399 2026 177 69 York,
603 2027 122 53 The
750 2026 442 55 Bobbs-Merrill
1220 2045 280 51 company
1551 2030 157 50 [c1936]

188 2099 638 51 6 p. l., 11-315 p. 1 9 ½cm .
188 2157 161 41 “First
379 2157 225 42 edition.”

118 2222 1902 55 © June 10, 1936; 2c. and aff. June 15; A 94944; Bobbs-Merrill co.
195 2284 278 49 (36-32115)

117 2387 278 65 Graham,
423 2386 232 54 Palmer
683 2388 318 65 Hampton,
1032 2392 168 52 1887-

186 2465 93 52 Ad
288 2465 208 53 vanced
533 2465 248 67 algebra,
817 2465 73 67 by
929 2467 228 51 Palmer
1194 2467 76 52 H.
1309 2465 254 55 Graham
1603 2466 111 52 and
1753 2466 64 53 F.
1855 2464 255 56 Wallace

115 2541 1822 68 John … Rev. ed. New York, Prentice-Hall, inc., 1936.
185 2613 1181 50 xiv p., 1 l., 262 p. incl. tables, diagrs. 23½cm.
186 2668 1921 51 “First edition. First printing, September, 1929 … Revised edition.
117 2726 131 41 First
277 2727 229 48 printing,
536 2727 183 46 March,
750 2726 156 42 1936.”

118 2793 1990 53 © Mar. 31, 1936; 2c. Apr. 9; aff. Apr. 8; A 92849; Prentice-Hall, inc.
197 2854 278 51 (36-32370)

117 2957 287 63 Grayson,
430 2957 262 65 Charles,
723 2964 168 49 1905-

184 3031 121 53 The
350 3032 153 53 show
550 3050 141 51 case,
736 3032 76 71 by
859 3032 236 55 Charles
1140 3032 281 71 Grayson.
1503 3032 140 55 New
1693 3032 180 70 York,
1920 3029 190 57 Green

115 3108 170 54 circle
309 3110 173 55 books
532 3113 175 65 [c1936]

183 3182 87 41 256
298 3193 42 39 p.
428 3183 27 40 19½cm.

118 3237 1991 53 © June 15, 1936; 2c. and aff. June 18; A 95745; Lee Furman, inc., New
189 3299 142 40 York.
399 3298 279 48 (36-12545)

118 3399 94 53 Gt.
238 3400 149 55 Brit.
465 3402 149 52 Gold
639 3402 115 51 and
776 3401 173 52 silver
975 3400 370 54 commission.

186 3478 119 52 The
346 3481 293 64 monetary
680 3478 283 68 problem;
1007 3478 135 68 gold
1184 3478 111 52 and
1337 3478 186 53 silver.
1598 3477 170 52 Final
1809 3480 196 65 report
2045 3474 63 53 of

117 3556 92 52 the
256 3557 181 66 Royal
484 3556 356 52 commission
888 3557 309 67 appointed
1244 3564 57 45 to
1347 3555 220 69 inquire
1611 3557 121 51 into
1779 3556 93 52 the
1921 3560 187 47 recent

118 3634 240 65 changes
405 3634 58 51 in
511 3634 93 52 the
652 3634 233 52 relative
931 3635 191 52 values
1169 3634 62 51 of
1278 3634 95 52 the
1420 3633 257 69 precious
1720 3632 215 58 metals,
116 3650 1966 113 presented

338 3719 57 45 to
425 3711 135 52 both
589 3712 202 51 houses
819 3711 61 52 of
911 3712 370 63 Parliament,
1315 3714 147 50 1888.
1529 3710 316 68 Reprinted
1876 3710 73 68 by
118 3727 1966 112 permission

379 3787 1667 69 of the British government, edited by Ralph Robey …
119 3865 137 51 with
288 3883 28 34 a
349 3865 282 53 foreword
660 3866 74 67 by
762 3865 268 55 Nicholas
1058 3867 240 67 Murray
1330 3866 216 53 Butler.

1622 3866 137 53 New
1790 3865 178 69 York,
119 3866 1963 128 Columbia
361 3942 313 67 university
702 3962 171 48 press,
937 3947 115 50 1936.
