2519 4377
1331 4119 101 55 174

363 525 124 48 legal
515 529 193 45 aspects
737 526 51 40 of
813 526 91 41 life
930 525 260 42 insurance
1218 528 198 47 trusts”,
1448 528 138 41 “Life
1615 531 259 38 insurance
1904 528 184 41 trusts”
2118 530 96 40 and
2245 530 132 39 “The

363 593 162 38 power
555 583 52 40 of
637 593 63 30 an
732 583 200 40 insured
964 586 49 38 to
1043 585 186 39 control
1263 585 83 41 the
1379 587 227 47 proceeds
1640 587 52 40 of
1725 586 75 40 his
1835 584 242 50 policies”,
2138 587 62 49 cf.
363 587 1995 94 Foreword.

361 696 53 53 ©
449 701 110 40 Jan.
592 701 71 48 25,
700 700 114 41 1936;
879 700 68 40 2c.
985 701 96 39 and
1117 700 82 41 aff.
1235 701 110 40 Jan.
1379 701 83 43 30;
1503 703 39 38 A
1578 701 171 48 90559;
1791 702 52 41 G.
1884 703 54 40 B.
1976 702 204 48 Horton,
431 703 1931 103 Montpelier,
671 760 32 39 Vt.
770 756 252 49 (36-5902)

362 862 238 64 Hough,
631 862 173 64 Lynn
834 862 243 64 Harold,
1112 864 172 54 1877-

434 938 122 56 The
587 944 165 65 great
784 940 237 69 evangel
1061 938 111 70 [by]
1209 938 168 70 Lynn
1412 940 228 54 Harold
1675 940 217 69 Hough
1931 983 57 10 ...
2061 938 316 70 Nashville,

364 1017 990 70 Tenn., Cokesbury press [ c 1936]
436 1091 99 49 167,
569 1092 55 50 [1]
654 1103 45 38 p.
760 1092 57 41 19½
849 1094 45 21 cm
897 1124 9 9 .
974 1092 278 50 (Half-title;
1301 1093 101 42 The
1432 1093 113 41 Sam
1573 1094 51 41 P.
1653 1093 148 43 Jones
1830 1094 211 40 lectures
2069 1104 60 30 on
363 1094 1993 94 evangelism

483 1150 247 41 delivered
757 1152 53 39 at
839 1150 179 48 Emory
1045 1150 288 48 university,
1363 1149 237 52 January,
1632 1150 138 49 1935)

361 1203 53 54 ©
449 1209 109 40 Jan.
591 1209 38 48 1,
665 1208 141 48 1936;
841 1208 68 42 2c.
941 1209 110 40 Jan.
1087 1208 81 46 27;
1203 1209 82 39 aff.
1318 1209 111 41 Feb.
1463 1212 51 44 1;
1551 1210 41 39 A
1623 1209 172 46 91719;
1830 1208 275 41 Whitmore
2133 1209 39 40 &
2205 1208 171 50 Smith,

432 1266 266 40 Nashville.
770 1266 252 48 (36-5673)

364 1355 186 66 Hunt,
580 1357 267 56 Francis.

441 1476 56 9 ...
545 1434 123 52 The
712 1439 177 48 secret
930 1434 63 53 of
1036 1435 96 52 the
1174 1435 241 68 missing
1457 1438 199 64 clown,
1697 1435 74 67 by
1816 1434 242 54 Francis
2098 1434 169 53 Hunt
2316 1475 57 11 ...

365 1513 139 53 New
531 1512 181 65 York,
738 1511 234 56 Grosset
998 1516 45 50 &
1067 1513 237 67 Dunlap
1338 1516 193 64 [c1936]

436 1584 1939 52 2 p. l., 178 p. front., plates. 19½ ст . (His Mary and Jerry mystery
364 1644 201 49 stories)

436 1701 293 42 Illustrated
765 1701 366 50 lining-papers.

363 1755 52 53 ©
450 1761 123 39 Mar.
605 1759 40 50 2,
679 1758 119 42 1936;
855 1760 68 40 2c.
958 1761 98 39 and
1090 1759 81 40 aff.
1207 1761 122 39 Mar.
1361 1760 27 39 4;
1450 1760 41 39 A
1525 1758 148 41 92060;
1735 1760 204 40 Grosset
1970 1760 37 40 &
2042 1760 211 48 Dunlap,
2287 1760 92 42 inc.

443 1817 254 49 (36-5818)

365 1906 254 65 Hunter,
647 1907 222 53 Estelle
896 1906 178 65 Belle,
1104 1913 171 49 1885-

435 1983 243 54 Modern
724 1982 165 69 filing
931 1986 249 66 manual,
1226 1983 72 68 by
1344 1983 212 55 Estelle
1604 1983 64 50 B.
1716 1983 228 52 Hunter
1998 2026 55 10 ...
2151 1984 96 50 5th
2293 1982 86 52 ed.

367 2061 323 68 Rochester,
721 2060 68 56 N.
824 2061 89 69 Y.,
946 2061 279 54 Yawman
1256 2063 114 52 and
1403 2061 150 53 Erbe
1584 2060 472 69 manufacturing
2087 2078 295 51 company,

369 2143 149 48 1936.

439 2210 1942 50 1 p. l., v-xviii, 254 p. incl. illus., diagrs., forms, v col. pl. 23½ cm .
365 2269 52 53 ©
443 2273 110 41 Feb.
579 2272 70 48 24,
676 2272 141 48 1936;
846 2273 68 40 2c.
942 2274 95 39 and
1064 2272 82 41 aff.
1177 2272 110 40 Feb.
1312 2272 60 40 27;
1424 2273 43 39 A
1489 2271 142 40 91951;
1691 2273 235 39 Yawman
1955 2272 38 40 &
2018 2273 128 42 Erbe
2168 2272 117 48 mfg.
2312 2281 70 32 co.

444 2330 253 49 (36-5903)

367 2420 246 65 Hurley,
639 2420 227 59 Victor.

439 2498 137 52 Men
622 2497 63 53 in
729 2515 105 35 sun
880 2497 257 67 helmets,
1183 2497 74 68 by
1304 2497 107 53 Vic
1457 2496 243 69 Hurley.
1784 2496 139 53 New
1973 2495 181 68 York,
2200 2496 68 55 E.
2316 2496 67 53 P.

368 2577 225 54 Dutton
624 2578 47 51 &
701 2595 98 47 co.,
829 2577 127 67 inc.,
989 2579 150 50 1936.

439 2652 86 40 252
556 2663 43 37 p.
659 2651 147 41 21½cm.

439 2708 336 49 Head-pieces.

441 2767 104 39 The
568 2766 221 41 author’s
816 2767 206 38 account
1047 2764 52 40 of
1124 2764 75 41 his
1227 2763 309 50 experiences
1564 2764 96 39 and
1687 2764 52 40 of
1764 2763 91 42 life
1880 2765 49 39 in
1956 2765 82 40 the
2066 2762 317 52 Philippines.

441 2823 163 41 “First
637 2822 229 41 edition.”

368 2877 53 54 ©
450 2881 111 41 Feb.
651 2912 9 15 10,
694 2879 140 49 1936;
865 2879 67 41 2c.
961 2879 100 42 and,
1085 2878 82 42 aff.
1199 2879 110 42 Feb.
1340 2878 53 40 11;
1454 2879 39 39 A
1521 2877 172 49 91741;
1726 2879 52 41 E.
1811 2879 48 39 P.
1892 2880 192 40 Dutton
2112 2879 38 42 &
2178 2889 83 39 co.,
2292 2879 91 41 inc.

447 2938 252 49 (36-5807)

371 3029 253 64 Huxley,
658 3029 260 53 Thomas
949 3029 225 63 Henry,
1210 3032 327 51 1825-1895.

440 3106 66 52 T.
530 3105 78 52 H.
632 3103 281 69 Huxley’s
938 3103 187 69 Diary
1150 3102 65 55 of
1240 3103 95 52 the
1359 3121 218 51 voyage
1604 3102 64 52 of
1693 3102 78 53 H.
1796 3102 80 53 M.
1907 3101 58 56 S.
1994 3101 387 55 Rattlesnake.

375 3182 209 54 Edited
614 3182 155 53 from
796 3183 97 52 the
920 3181 385 70 unpublished
1334 3200 100 35 ms.
1466 3181 76 70 by
1570 3180 203 55 Julian
1804 3182 254 70 Huxley.
2122 3181 260 68 London,

371 3260 211 56 Chatto
613 3262 114 53 and
755 3261 266 69 Windus,
1052 3263 152 53 1935.

440 3333 1932 52 viii, 371, [1] p. col. front., illus. (incl. facsim.) 12 pl. (incl. ports.)
375 3393 111 41 fold.
519 3403 125 38 map.
705 3392 56 39 24½
795 3395 44 21 cm
843 3425 8 8 .

444 3450 233 41 Extracts
725 3450 128 39 from
904 3451 82 39 the
1034 3450 196 47 journal
1295 3449 138 50 (May
1483 3448 286 49 1849-April
1819 3449 139 50 1850)
2021 3450 53 41 of
2120 3450 260 41 Henrietta

376 3507 252 42 Heatliorn
668 3507 138 46 (Mrs.
834 3508 51 40 T.
915 3508 60 42 H.
1003 3507 221 49 Huxley);
1288 3517 43 39 p.
1360 3506 217 43 268-316.

372 3564 2013 54 © 1c. Jan. 3, 1936; A ad int. 21045; pubd. Nov. 11, 1935; Doubleday,
444 3627 164 38 Doran
642 3626 39 40 &
708 3637 82 36 co.,
820 3625 105 47 inc.,
960 3625 192 40 Garden
1185 3624 124 48 City,
1340 3626 56 39 N.
1428 3626 51 38 Y.
1550 3625 252 48 (36-5764)

374 3715 300 65 Jameson,
702 3715 218 65 Storm,
951 3716 172 54 1897-

453 3836 55 8 ...
546 3793 71 51 In
647 3793 97 52 the
775 3793 203 53 second
1009 3810 151 49 year.
1237 3793 239 52 London
1514 3826 12 34 [
1532 3797 119 62 etc.]
1691 3791 216 55 Cassell
1941 3793 113 52 and
2088 3810 298 51 company,

378 3871 221 52 limited
652 3873 153 64 [1936]

446 3942 87 42 300
564 3954 44 38 p.
670 3942 58 41 19½
759 3945 44 21 cm
807 3975 9 9 .

375 3997 2011 53 © 1c. Feb. 5, 1936; A ad int. 21081; pubd. Jan. 30; Macmillan co.,
447 4059 115 38 New
594 4059 143 39 York.
808 4058 252 44 (36-5823)
