2519 4377
1067 4093 98 49 1081

89 466 299 66 Hellpach,
414 465 175 64 Willy
615 466 191 63 Hugo,
838 466 169 54 1877-

161 542 356 69 Geopsyche;
565 541 91 53 die
701 539 440 54 menschenseeie
1187 542 224 49 unterm
1455 538 226 54 einfluss
1730 556 111 35 von
1884 540 197 50 wetter

93 622 114 52 und
238 619 195 68 klima,
464 619 185 52 boden
676 619 117 52 und
824 615 348 69 landschaft,
1204 635 109 34 von
1346 616 84 54 dr.
1465 615 83 53 dr.
1581 613 181 69 Willy
1794 614 287 69 Hellpach

89 693 1966 152 … 4., vollig neu bearb. aufl. der “Geopsychischen erscheinungen”.
310 772 257 71 Leipzig,
593 774 89 55 W.
715 773 378 70 Engeimann,
1123 775 149 52 1935.

161 849 95 48 xvi,
283 849 84 40 317
396 859 42 37 p.
492 848 55 40 23½
581 850 43 21 cm
629 878 9 10 .

164 905 412 47 “Anmerkungen,
609 903 340 40 insbesonclere
976 901 522 48 quelldnnachweise”:
1533 912 44 37 p.
1612 901 246 49 [256]-302.

87 958 1975 109 © Nov. 29, 1935; 1c. Mar. 21, 1936 ; A-Foreign 31076; Wilhelm Engelmann. (36-17790)
91 1124 180 63 Horn,
299 1122 202 53 James
527 1121 248 64 Marion,
808 1126 171 49 1890-

161 1198 422 68 Familyscope;
622 1196 358 68 Carruthers,
1017 1195 326 69 Chambers,
1376 1196 256 67 Headen,
1671 1196 186 67 Horn,
1890 1194 196 70 Little,

93 1273 1994 70 McDonald, Rowland, Rucker, Sanders, Turk, etc. … compiled,
94 1352 1992 70 printed, published … by James Marion Horn. Houston, Tex.,
94 1435 149 53 1936.

164 1503 1760 50 3 p. l. , 469 (i e. 502) p., 2 l. maps, plan, 2 coats of arms. 29cm.
166 1563 119 38 Part
308 1560 51 40 of
385 1561 81 39 the
489 1570 146 38 pages
665 1571 83 29 are
775 1560 261 41 numbered
1061 1571 55 30 as
1141 1562 175 40 leaves.

167 1618 405 49 Mimeographed.

167 1675 319 40 “References
515 1675 96 40 and
638 1673 279 42 sketches”:
947 1685 42 37 p.
1018 1674 218 41 415-421.

167 1732 155 39 Ruled
351 1732 164 39 leaves
539 1730 79 41 for
648 1729 372 41 “Memoranda”
1059 1731 49 48 (2
1138 1732 55 39 at
1218 1730 117 49 end)

95 1784 51 52 ©
173 1788 113 47 July
310 1788 39 47 1,
377 1786 139 48 1936;
543 1787 68 41 2c.
638 1787 97 39 and
761 1787 81 41 aff.
871 1787 115 47 July
1012 1787 51 47 6;
1093 1788 40 39 A
1159 1787 171 48 95918;
1361 1789 44 40 J.
1433 1790 61 39 M.
1526 1790 149 47 Horn,
1706 1790 235 47 Houston,
1972 1790 114 40 Tex.

170 1843 279 50 (36-17961)

94 1948 265 64 Hougen,
387 1946 137 55 Olaf
551 1948 290 64 Andreas,
873 1952 170 50 1893-

163 2025 318 53 Industrial
509 2023 270 55 chemical
808 2025 396 67 calculations;
1236 2026 94 53 the
1360 2028 351 65 application
1739 2027 62 53 of
94 2027 1970 130 physicochemical
389 2103 310 67 principles
726 2102 112 53 and
864 2102 136 53 data
1025 2109 58 47 to
1109 2103 283 67 problems
1420 2103 62 54 of
1508 2105 284 67 industry,
1818 2105 74 68 by
1920 2104 68 56 O.
2016 2106 72 54 A.

97 2180 1990 71 Hougen … and K. M. Watson … 2d ed. New York, J.
96 2260 187 67 Wiley
309 2263 44 50 &
379 2277 145 49 sons,
550 2261 137 65 inc.;
719 2259 256 67 London,
1005 2259 300 68 Chapman
1333 2264 47 50 &
1407 2261 161 66 Hall,
1596 2260 241 69 limited,
1868 2264 150 51 1936.

165 2332 27 39 2
218 2343 41 38 p.
322 2365 9 16 l.,
358 2330 152 50 iii-ix,
533 2331 88 41 487
647 2342 42 38 p.
747 2331 177 49 diagrs.
953 2331 50 48 (1
1031 2332 195 49 double)
1291 2332 57 40 24
1350 2334 43 22 cm
1397 2363 9 9 .
1523 2332 128 48 $4.50

93 2385 54 52 ©
175 2389 113 46 July
317 2389 69 47 31,
414 2388 139 47 1936;
584 2388 65 39 2c.
680 2389 118 46 Aug.
828 2390 52 45 7;
911 2388 81 41 aff.
1021 2389 120 46 Aug.
1169 2390 53 46 4;
1254 2390 41 37 A
1323 2387 143 43 96805
1484 2400 9 36 ;
1526 2389 51 41 O.
1606 2390 55 41 A.
1691 2390 218 47 Hougen,
169 2391 1904 99 Madison,
297 2445 130 48 Wis.,
458 2445 96 38 and
585 2445 227 39 Kenneth
843 2446 60 38 M.
935 2446 217 46 Watson,
1184 2444 224 48 Chicago.
1478 2445 279 50 (36-18081)

97 2551 321 63 Housman,
446 2549 318 57 Laurence.

167 2627 120 51 The
312 2626 159 52 catch
497 2626 62 52 of
585 2626 95 52 the
704 2626 223 53 cherub.

171 2700 82 49 (In
282 2695 182 44 Nash’s
496 2694 108 44 Pall
636 2695 119 43 mall
787 2694 276 53 magazine,
1094 2695 131 52 July,
1260 2696 143 49 1936)

99 2752 1994 53 © 1c. Aug. 12, 1936; A ad int. 21758; pubd. June 17; L. Housman,
164 2813 254 48 Somerset,
444 2811 235 48 England.

101 2916 309 63 Huizinga,
439 2916 210 60 Johan,
680 2917 170 54 1872-

173 2994 69 50 In
283 2993 93 53 the
414 2992 231 55 shadow
686 2991 63 54 of
787 2997 357 61 to-morrow;
1188 3011 31 34 a
1260 2990 288 70 diagnosis
1588 2992 63 53 of
1689 2992 95 53 the
1824 2992 267 68 spiritual

102 3073 306 65 distemper
447 3070 62 52 of
549 3089 101 34 our
691 3070 153 67 time,
882 3071 73 67 by
995 3072 55 53 J.
1088 3070 323 68 Huizinga;
1454 3071 314 53 translated
1808 3070 154 53 from
1999 3071 96 53 the

105 3148 189 53 Dutch
325 3148 74 68 by
430 3148 55 53 J.
518 3147 76 54 H.
626 3146 310 69 Huizinga.
1003 3147 258 66 London,
1292 3148 269 66 Toronto,
1592 3148 88 54 W.
1716 3148 379 66 Heinemann,

104 3227 99 53 ltd.
238 3230 171 63 [1936]

173 3299 63 48 ix,
266 3298 84 41 218
379 3309 43 38 p.
481 3298 54 40 19½
567 3300 44 21 cm
616 3330 8 9 .

102 3352 1995 52 © 1c. July 2, 1936; A ad int. 21669; pubd. May 29; W. W. Norton & co.,
172 3412 104 47 inc.,
305 3413 115 38 New
450 3412 142 40 York.
662 3410 279 49 (36-18011)

106 3513 268 65 Hulbert,
400 3514 228 54 Archer
652 3514 225 66 Butler,
907 3514 325 68 1873-1933,
1258 3515 83 54 ed.

108 3592 1986 145 … Marcus Whitman, crusader. Part l. 1802 to 1839. Edited by Archer Butler Hulbert and Dorothy Printup Hulbert;
110 3748 135 51 with
276 3765 159 48 maps
466 3747 111 52 and
604 3746 393 55 illustrations.
1070 3747 300 67 [Colorado
1402 3747 262 67 Springs]
1700 3749 121 51 The
1852 3747 248 55 Stewart

109 3825 353 52 commission
488 3824 62 52 of
579 3824 281 54 Colorado
886 3825 209 66 college
1123 3825 110 51 and
1266 3826 260 66 [Denver]
1558 3825 121 52 The
1705 3826 226 51 Denver
110 3825 1963 128 public
206 3901 217 66 library
456 3935 11 33 [
473 3908 18 20 c
496 3905 133 48 1936]

179 3973 67 38 xii
275 3984 57 37 p.,
363 3975 23 37 1
451 4005 9 16 l.,
489 3974 82 39 341
602 3983 41 37 p.
704 3973 162 48 front.,
894 3974 171 49 plates,
1098 3973 116 40 fold.
1246 3983 150 37 maps.
1454 3973 56 40 25
1513 3975 43 21 cm
1562 4005 9 9 .
1639 3973 268 48 (Overland
1937 3977 51 37 to
2018 3974 84 41 the

174 4030 188 40 Pacific,
421 4040 41 30 v.
495 4030 50 46 6)
