2519 4377
1285 4145 102 56 876

407 514 147 40 “This
585 515 124 39 book
742 525 101 30 was
877 516 238 47 prepared
1150 517 61 47 by
1244 527 28 29 a
1305 518 277 40 committee
1614 518 52 40 of
1698 519 272 47 employees
2005 519 51 41 of
2089 519 83 41 the
331 521 1995 99 Wyomissing

567 572 268 40 industries
867 573 50 39 in
949 573 156 40 honor
1136 573 52 40 of
1221 574 281 40 Ferdinand
1533 576 141 39 Thun
1709 577 96 39 and
1837 576 170 48 Henry
2041 577 210 40 Janssen
2285 586 59 31 on

332 630 83 40 the
446 630 224 40 occasion
704 629 51 39 of
788 630 129 39 their
950 629 274 41 seventieth
1260 631 269 48 birthdays,
1566 632 266 50 February,
1866 632 158 43 1936.”

329 698 55 54 ©
417 702 112 41 Feb.
560 702 70 49 26,
665 701 141 48 1936;
841 701 68 41 2c.
940 703 128 39 June
1100 703 55 40 17;
1219 702 82 42 aff.
1336 704 128 39 June
1496 704 55 40 23;
1614 705 44 39 A
1689 704 171 50 95797;
1897 706 194 39 Textile
2125 706 224 40 machine

403 760 175 46 works,
606 760 209 38 Narrow
845 759 160 39 fabric
1034 769 84 38 co.,
1148 760 96 39 and
1274 760 268 39 Berkshire
1574 760 217 49 knitting
1820 761 144 51 mills,
1997 762 235 50 Reading,
2265 763 82 39 Pa.

411 817 284 50 (36-14431)

329 917 237 67 Phelps,
596 918 234 67 Dudley
858 920 312 66 Maynard,
1204 922 173 56 1897-

398 996 323 70 Migration
756 996 65 53 of
854 997 268 69 industry
1157 1002 60 49 to
1256 996 185 56 South
1477 997 291 71 America,
1797 998 77 71 by
1910 999 231 70 Dudley
326 998 1993 130 Maynard

328 1075 2014 132 Phelps … 1st ed. New York and London, McGraw-Hill
487 1154 148 54 book
665 1172 301 51 company,
994 1155 128 69 inc.,
1154 1157 152 54 1936.

401 1237 45 45 x,
477 1228 86 41 335
589 1239 45 38 p.
696 1228 155 48 diagr.
910 1228 57 41 23½
1001 1231 44 21 cm
1049 1260 8 9 .

331 1298 53 53 ©
417 1303 128 39 June
574 1303 40 48 1,
649 1302 142 48 1936;
827 1302 68 42 2c.
931 1303 127 39 June
1090 1303 53 48 3;
1180 1303 83 41 aff.
1299 1303 129 39 June
1460 1304 26 39 5;
1552 1304 41 39 A
1626 1302 173 49 94743;
1837 1303 354 41 McGraw-Hill
2226 1303 123 40 book

402 1369 83 39 co.,
509 1359 92 42 inc.
666 1359 283 50 (36-14435)

328 1465 148 63 Reh,
504 1464 220 57 Frank.

402 1540 354 69 Astronomy
802 1541 95 52 for
940 1542 97 53 the
1080 1541 250 69 layman,
1371 1541 78 69 by
1493 1542 200 52 Frank
1735 1541 154 69 Reh;
1938 1540 290 54 foreword
2270 1541 72 69 by

335 1618 2011 71 Clyde Fisher … drawings by the author. New York, London,
333 1699 69 53 D.
436 1697 585 70 Appleton-Century
1056 1715 300 52 company,
1389 1697 422 70 incorporated,
1846 1700 152 51 1936.

403 1757 1692 64 xvii p., 2 l., 3-308 p. front., illus., plates, map, diagrs. 21 cm .
403 1826 291 41 Illustrated
724 1826 366 49 lining-papers.

331 1895 53 54 ©
418 1901 127 39 June
578 1901 68 47 18,
683 1899 141 48 1936;
858 1899 69 41 2c.
963 1900 95 39 and
1095 1900 81 41 aff.
1212 1901 127 39 June
1373 1900 82 45 20;
1492 1902 43 39 A
1566 1899 171 50 95770;
1776 1902 57 41 D.
1869 1900 479 49 Appleton-Century

402 1966 81 39 co.,
510 1957 92 41 inc.
667 1957 282 50 (36-14416)

329 2061 311 66 Richards,
669 2062 230 64 Leyton
927 2063 188 62 Price,
1147 2064 172 55 1879-

400 2137 277 54 Realistic
723 2138 288 69 pacifism;
1058 2139 99 53 the
1199 2139 179 54 ethics
1425 2139 65 53 of
1535 2157 119 35 war
1700 2139 114 53 and
1861 2139 98 53 the
2006 2138 228 69 politics
2281 2138 63 54 of

330 2235 185 53 peace,
562 2216 77 71 by
688 2217 221 71 Leyton
961 2217 302 54 Richards.
1353 2216 272 72 Chicago,
1675 2217 140 55 New
1867 2217 183 69 York,
2100 2214 245 72 Willett,

327 2294 180 56 Clark
537 2299 52 51 &
622 2315 301 51 company,
958 2299 151 52 1935.

400 2370 98 50 xiv,
527 2371 87 41 258
643 2381 42 37 p.
747 2371 56 40 19½
836 2373 44 21 cm
884 2401 9 9 .

403 2427 148 42 “This
581 2429 124 40 book
736 2428 243 41 combines
1012 2428 102 41 into
1146 2439 28 30 a
1206 2428 154 48 single
1393 2428 190 41 volume
1616 2431 96 37 two
1746 2429 227 47 separate
2005 2427 150 41 books
2188 2427 158 39 which

331 2496 128 31 were
483 2486 260 48 published
769 2486 50 39 in
843 2485 239 49 England,
1109 2487 83 39 the
1216 2496 88 31 one
1332 2485 49 40 in
1410 2484 115 41 1929
1554 2486 95 40 and
1675 2485 83 41 the
1784 2485 141 41 other
1950 2484 50 40 in
2029 2484 127 43 1935.
2213 2484 132 48 They

331 2541 113 46 bore
482 2545 84 40 the
604 2544 137 41 titles
783 2543 332 49 respectively,
1160 2543 115 41 ‘The
1319 2541 294 43 Christian’s
1656 2541 296 43 alternative
1997 2545 48 38 to
2087 2541 117 41 war’
2248 2540 95 42 and

330 2601 116 41 ‘The
475 2601 295 41 Christian’s
799 2601 330 40 contribution
1160 2603 49 38 to
1239 2599 400 50 peace’.”—Pref.

331 2657 53 53 ©
423 2662 128 47 Sept.
587 2660 71 48 30,
696 2660 141 46 1935;
876 2659 68 40 2c.
983 2661 128 39 June
1146 2660 70 48 26,
1255 2658 141 48 1936;
1438 2659 81 39 aff.
1560 2660 128 40 June
1728 2659 82 45 19;
1850 2660 42 38 A
1928 2658 173 48 95837;
2143 2657 204 48 Willett,

401 2718 151 41 Clark
582 2718 36 41 &
649 2727 68 31 co.
788 2717 283 49 (36-14554)

334 2820 243 69 [Rivett,
605 2822 185 53 Edith
818 2821 289 67 Caroline]
1142 2827 173 50 1894-

400 2902 143 53 Post
581 2899 155 55 after
773 2904 414 65 post-mortem,
1224 2899 77 70 by
1338 2899 68 54 E.
1446 2897 64 57 C.
1547 2899 69 53 R.
1656 2898 185 54 Lorac
1900 2897 198 70 [pseud.]

329 2897 1989 150 London,
487 2979 145 55 Pub.
662 2978 94 53 for
782 2979 95 53 the
905 2978 193 56 Crime
1125 2978 129 54 club
1280 2978 75 69 by
1383 2977 221 56 Collins
1638 3011 12 34 [
1656 2985 18 21 c
1680 2980 152 65 1936]

399 3053 87 41 288
519 3064 44 38 p.
625 3052 59 42 19
686 3055 45 22 cm
734 3086 9 9 .

328 3106 2015 54 © 1c. June 30, 1936; A ad int. 21601; pubd. May 4; E. C. Rivett, London.
411 3167 284 50 (36-15374)

331 3271 200 64 Roule,
561 3271 199 66 Louis,
794 3278 171 49 1861-

401 3351 107 52 Les
541 3350 256 67 poissons
827 3356 55 47 et
911 3351 50 51 le
995 3351 204 51 monde
1232 3349 199 53 vivant
1464 3350 96 52 des
1591 3366 172 49 eaux;
1799 3348 195 53 études
332 3346 1986 150 ichthyologiques

567 3426 1775 70 et philosophiques, par le d r Louis Roule … t. 9. La
331 3504 2011 70 culture des eaux et l’économie aquicole … Paris, Delagrave,
333 3589 149 51 1936.

403 3659 88 41 348
516 3670 42 37 p.
616 3659 87 41 col.
732 3659 164 46 front.,
924 3658 142 48 illus.,
1095 3659 87 41 col.
1210 3658 172 48 plates.
1440 3657 55 41 25½cm.

332 3711 2011 54 © May 8, 1936; 1c. July 11; A- Foreign 32297; Librairie Delagrave.
332 3835 193 64 Rugg,
556 3834 223 54 Harold
811 3835 274 63 Ordway,
1119 3840 171 50 1886-

404 3907 1936 73 Peoples and countries, by Harold Rugg … and Louise
333 3987 2007 71 Krueger … Boston, New York [etc.] Ginn and company
339 4103 12 33 [
357 4075 18 21 c
382 4072 133 50 1936
521 4103 11 33 ]
