2519 4377
1086 4118 131 50 1685

146 548 1998 68 B. Allen … Boston, New York [etc.] Ginn and company
149 634 192 64 [c1936]

215 703 62 47 iv,
310 702 68 51 [2],
409 701 216 48 137-258,
654 711 66 28 xx
744 711 43 38 p.
848 700 142 49 illus.,
1021 709 149 39 maps,
1201 698 178 47 diagrs.
1438 698 55 39 23½
1527 701 43 21 cm
1576 730 7 7 .

218 760 71 40 On
319 768 141 31 cover:
520 757 162 41 Grade
709 756 83 41 SB.

147 812 52 53 ©
235 816 101 41 Oct.
373 815 68 47 15,
479 813 139 47 1936;
658 813 68 41 2c.
763 814 111 40 Dec.
910 813 53 47 4;
1001 813 83 39 aff.
1125 814 95 37 Dec
1272 812 52 46 7;
1363 813 41 38 A
1442 811 198 47 101135;
1682 812 69 39 W.
1790 812 199 46 Jansen,
2031 812 115 38 New

217 872 144 47 York,
393 871 95 40 and
522 870 156 41 Nellie
712 872 53 39 B.
800 870 153 46 Allen,
990 869 129 40 Luke
1155 868 186 47 Worth,
1378 868 102 40 Fla.
1547 867 281 51 [Copyright
1863 867 43 39 is
1941 866 206 41 claimed

219 940 58 29 on
305 928 225 50 changes]

147 1032 199 64 Levin,
373 1033 184 53 Oscar
580 1032 199 62 Louis,
808 1036 170 50 1888-

218 1109 156 68 Keep
404 1128 143 50 your
574 1108 130 54 hair
732 1125 72 37 on;
863 1107 96 54 the
988 1126 126 35 care
1143 1106 63 54 of
1234 1107 96 53 the
1358 1105 130 53 hair
1515 1105 113 53 and
1657 1106 176 69 scalp,
1860 1105 76 69 by
1968 1104 178 56 Oscar

145 1184 1869 69 L. Levin … New York, R. M. McBride & company [ c 1936]
214 1260 100 49 viii,
346 1259 85 41 178
459 1270 43 38 p.
562 1258 57 41 19½
652 1261 45 21 cm
700 1291 10 9 .

216 1316 162 41 “First
405 1316 226 42 edition.”

149 1370 52 53 ©
237 1375 99 39 Oct.
373 1372 39 42 S.
449 1372 140 42 1936;
627 1372 68 42 2c.
731 1374 116 38 Nov.
886 1373 46 38 11;
1006 1372 80 38 aff.
1124 1372 116 38 Nov.
1277 1373 53 45 6;
1370 1373 38 37 A
1441 1370 171 49 99755;
1654 1373 51 39 O.
1744 1372 48 40 L.
1832 1370 163 50 Levin,
2033 1371 117 39 New

217 1431 143 40 York.
426 1428 281 50 (36-28527)

146 1535 179 53 Libro
346 1535 70 52 de
439 1534 325 64 Apollonio.

218 1613 120 52 The
378 1612 147 53 book
564 1610 69 56 of
667 1612 363 63 Apollonius,
1071 1610 315 55 translated
1427 1612 121 52 into
1592 1609 244 67 English
1879 1628 157 37 verse
2075 1612 73 65 by

147 1689 2003 68 Raymond L. Grismer and Elizabeth Atkins … Minneapolis,
147 1770 121 53 The
291 1768 337 66 University
652 1768 64 53 of
739 1766 323 55 Minnesota
1089 1784 172 50 press,
1289 1770 149 51 1936.

216 1852 79 37 xx,
327 1840 83 41 113
439 1852 43 38 p.
540 1839 55 41 21½
630 1842 44 22 cm
678 1872 10 9 .

219 1894 1929 46 “The critical edition of Charles C. Marden … has been used as the
147 1954 130 41 basis
308 1954 52 41 of
388 1955 81 40 the
499 1952 381 51 accompanying
909 1952 485 43 version.”—Introd.

218 2009 246 44 “Selected
496 2010 367 50 bibliography”:
924 2021 45 38 p.
1001 2010 198 40 xix-xx.

151 2069 54 53 ©
234 2075 119 40 Aug.
380 2072 71 48 31,
483 2072 140 48 1936;
655 2072 69 42 2c.
756 2072 95 39 and
882 2071 82 40 aff.
996 2073 118 40 Nov.
1146 2071 56 38 25;
1265 2073 36 37 A
1336 2071 171 39 100674;
1573 2071 281 48 University
1886 2072 53 40 of
222 2072 1916 101 Minnesota.
369 2129 337 48 Minneapolis.
768 2127 281 50 (36-28320)

149 2234 242 64 Martin,
416 2233 153 54 John
596 2233 241 65 Joseph,
865 2238 171 50 1893-

218 2309 265 55 America
522 2308 276 71 dancing;
836 2309 96 54 the
967 2309 369 69 background
1374 2309 114 53 and
1524 2310 394 68 personalities
1955 2310 64 54 of
2055 2310 97 53 the

150 2388 234 53 modem
417 2388 193 68 dance,
641 2388 77 69 by
749 2388 159 54 John
939 2387 250 67 Martin;
1223 2387 327 54 illustrated
1584 2387 140 54 with
1757 2387 394 71 photographs

151 2466 73 68 by
249 2466 248 54 Thomas
524 2465 323 53 Bouchard.
909 2466 140 52 New
1075 2465 179 57 York,
1280 2465 203 69 Dodge
1508 2464 338 70 publishing
1872 2484 280 51 company

153 2577 12 34 [
171 2550 18 22 c
195 2547 151 64 1936]

220 2617 61 47 vi,
311 2616 86 41 320
425 2627 44 39 p.
528 2616 172 49 plates.
760 2614 57 41 22½
849 2619 44 22 cm
898 2649 9 10 .

221 2673 162 41 “First
409 2673 228 42 edition.”

153 2727 53 53 ©
241 2731 102 41 Oct.
383 2730 70 50 21,
491 2729 140 47 1936;
672 2729 67 40 2c.
779 2731 117 39 Nov.
938 2729 53 39 19;
1060 2729 82 42 aff.
1182 2730 116 39 Nov.
1341 2730 79 48 11;
1463 2732 41 37 A
1544 2729 197 49 100529;
1784 2730 128 40 John
1952 2730 199 46 Martin,

224 2788 116 39 New
361 2787 144 39 York.
569 2786 282 49 (36-28530)

152 2890 287 64 Meersch,
463 2891 283 53 Maxence
772 2906 115 37 van
914 2891 120 65 der,
1063 2891 171 55 1907-

283 2967 1766 71 … L’empreinte du dieu, roman. Paris, A. Michel [1936]
225 3040 773 51 2 p. l. , [7]-254 p., 1 l. 18½ cm .
155 3094 1747 53 © July 20, 1936; 1c. Oct. 22; A-Foreign 33197; Albin Michel.
234 3154 279 48 (36-31741)

154 3258 266 65 Meriam,
447 3259 209 63 Lewis,
688 3265 168 49 1883-

222 3333 203 54 Public
475 3334 211 53 service
737 3335 112 52 and
899 3333 210 69 special
1159 3334 275 69 training,
1486 3333 133 54 four
1670 3333 193 70 public
1913 3335 239 53 lectures

153 3410 282 54 delivered
470 3418 57 46 at
559 3412 94 52 the
689 3411 338 70 University
1060 3411 64 54 of
1158 3411 270 70 Chicago,
1463 3412 173 68 April
1674 3415 152 66 1936,
1856 3413 78 69 by
1966 3412 185 53 Lewis

153 3487 1998 73 Meriam … Chicago, Ill., The University of Chicago press
158 3598 12 34 [
174 3572 19 21 c
199 3569 151 64 1936]

229 3639 62 47 ix,
318 3639 54 41 83
399 3650 42 37 p.
498 3639 56 40 22
558 3642 44 21 cm
606 3676 9 8 .
684 3640 299 49 (Half-title:
1011 3640 198 42 Studies
1234 3641 49 39 in
1310 3641 162 48 public
1500 3641 397 41 administration.
1970 3641 91 39 vol.
2130 3642 14 47 V)

157 3691 54 54 ©
241 3697 100 40 Oct.
374 3698 66 42 13.
474 3697 140 47 1936;
647 3697 67 41 2c.
747 3698 94 39 and
874 3699 82 41 aff.
988 3699 117 40 Nov.
1138 3699 81 46 13;
1254 3701 38 37 A
1324 3698 170 47 99839;
1532 3699 281 47 University
1846 3700 52 38 of
1930 3698 222 46 Chicago.

231 3754 223 45 Chicago.
517 3753 281 50 (36-28524)

158 3842 226 64 Munro,
408 3844 162 53 Jock.

231 3921 152 64 Busy
411 3921 113 53 bee.
551 3921 73 66 by
652 3921 147 54 Jock
827 3922 237 58 Munro;
1098 3921 323 54 illustrated
1449 3922 75 67 by
1553 3923 181 53 Grace
1763 3923 187 66 Floyd
1981 3921 169 54 Hick.

159 3997 135 50 New
319 3997 177 55 York.
520 3999 215 51 Farrar
758 4002 45 49 &
826 3999 296 53 Rinehart,
1146 4000 106 52 inc.
1284 4033 12 34 [
1301 4006 19 21 c
1326 4003 149 63 1936]
