2519 4377
1292 4107 100 51 506

341 426 222 63 Meyer,
591 425 313 66 Fulgence,
932 426 197 67 father
1133 468 12 25 ,
1174 428 172 54 1876-

414 502 1881 73 Conferences for married men, by Rev. Fulgence Meyer …
343 581 83 53 St.
455 582 193 66 Louis,
676 581 136 68 Mo.,
840 582 111 52 and
977 582 261 66 London,
1266 584 67 53 B.
1363 583 227 53 Herder
1617 584 148 53 book
1792 602 99 44 co.,
1918 588 152 49 1936.

414 655 63 48 ix,
512 655 86 41 196
630 667 43 37 p.
734 656 103 48 19½
839 659 28 20 cm
872 687 8 8 .

344 708 54 53 ©
434 714 114 47 Apr.
584 715 70 43 11,
693 712 141 49 1936;
873 713 69 42 2c.
981 715 96 40 and
1115 714 83 43 aff.
1237 715 115 48 Apr.
1390 716 83 47 15;
1513 716 40 39 A
1592 715 172 49 92936;
1804 718 55 40 B.
1898 718 195 40 Herder
2128 718 122 41 book
2288 730 67 30 co.

423 770 254 52 (36-9454)

342 873 232 67 Michel,
604 875 294 66 Wilhelm,
931 877 172 55 1877-

476 953 1879 69 … Das herz im alltag; vom leben mit uns selbst und den
341 1030 426 56 mitmenschen.
837 1033 264 68 Bremen,
1134 1032 63 56 C.
1233 1032 402 56 Schünemann
1715 1035 152 66 [c1935]

413 1105 99 49 119,
546 1107 54 50 [1]
630 1117 44 38 p.
730 1105 56 41 20
790 1108 44 21 cm
838 1138 10 9 .

414 1163 197 41 “Erstes
642 1163 74 41 bis
745 1164 198 42 zehntes
973 1164 252 42 tausend.”

339 1218 2019 53 © Oct. 17, 1935 ; 1c. Feb. 6, 1936 ; A -Foreign 30820 ; Carl Schünemann.
421 1278 254 51 (36-9635)

338 1382 358 55 Minnesota.
770 1384 280 66 Supreme
1077 1390 175 47 court.

408 1461 1885 68 Minnesota reports, v. 193. Cases argued and determined …
339 1541 311 52 December
681 1541 49 65 7,
764 1541 377 52 1934-March
1177 1544 47 62 8,
1260 1543 150 51 1935.
1488 1541 173 53 Ethel
1694 1541 79 53 M.
1808 1541 240 67 Martin,
2081 1546 273 63 reporter.

343 1621 83 55 St.
461 1620 166 60 Paul,
660 1621 202 53 Minn..
897 1621 229 52 Review
1159 1620 338 67 publishing
1528 1638 299 50 company,
1862 1624 151 50 1935.

518 1726 7 15 xxx,
557 1693 84 40 705
673 1704 43 38 p.
780 1693 56 39 22½
870 1695 43 21 cm
920 1728 8 8 .

339 1746 53 53 ©
424 1751 127 47 Sept.
581 1750 70 49 20,
682 1749 114 42 1935
814 1761 9 36 ;
854 1750 69 41 2c.
953 1751 97 39 and
1079 1749 81 41 aff.
1191 1751 113 47 May
1335 1751 38 45 7,
1404 1749 114 41 1936
1536 1760 10 37 ;
1578 1751 40 38 A
1646 1748 147 42 94334
1810 1760 9 37 ;
1853 1749 131 40 Mike
2014 1750 159 48 Holm,
412 1761 1927 95 secretary
555 1808 53 40 of
638 1809 82 39 the
749 1810 129 37 state
912 1808 50 39 of
996 1807 274 39 Minnesota
1307 1807 48 38 in
1388 1809 130 38 trust
1552 1807 78 39 for
1665 1808 81 39 the
1779 1806 176 41 benefit
1990 1807 50 40 of
2074 1809 82 38 the
2189 1809 168 47 people

412 1865 51 40 of
493 1865 107 40 said
631 1867 143 46 state,
809 1865 66 41 St.
907 1865 138 40 Paul.

341 1967 362 65 Mississippi
740 1968 204 67 digest,
981 1971 133 49 1818
1150 1972 58 49 to
1246 1967 158 66 date;
1443 1965 269 68 covering
1745 1966 354 69 Mississippi
2134 1971 221 64 reports

408 2045 113 52 and
559 2043 289 56 Southern
880 2048 276 64 reporter,
1192 2062 59 34 as
1286 2044 127 52 well
1450 2062 60 34 as
1544 2041 352 71 Mississippi
1930 2062 152 35 cases
2117 2043 235 54 decided

410 2122 59 53 in
506 2124 95 52 the
639 2123 221 53 federal
897 2122 246 53 District
1178 2122 113 53 and
1328 2121 223 55 Circuit
1587 2126 208 65 courts,
1835 2121 225 56 Circuit
2092 2129 163 48 court
2291 2121 64 55 of

410 2203 235 68 appeals
678 2202 114 52 and
826 2200 279 70 Supreme
1138 2205 163 48 court
1333 2200 65 54 of
1429 2200 95 54 the
1556 2200 220 55 United
1813 2200 207 71 States,
2055 2202 140 55 with
409 2220 1921 117 current
574 2283 351 53 cumulative
958 2283 204 68 pocket
1200 2282 227 55 service.
1505 2284 242 54 Volume
1784 2287 49 50 2.
1872 2284 484 55 Abandonment-

409 2364 238 52 Assault
683 2363 113 53 and
831 2363 242 66 battery.
1152 2360 83 55 St.
1273 2361 165 68 Paul,
1472 2363 203 65 Minn.,
1707 2364 160 54 West
1902 2361 338 71 publishing
2275 2383 78 35 co.

416 2476 11 32 [
433 2448 17 21 c
457 2444 133 50 1936
597 2475 12 32 ]

406 2515 84 47 xii,
520 2515 87 40 479
635 2526 43 37 p.
737 2514 56 40 26
796 2516 44 21 cm
847 2547 7 8 .

412 2570 134 47 “Key
574 2569 207 40 number
806 2567 226 49 system.”

339 2625 53 53 ©
424 2631 122 39 Mar.
579 2630 69 46 18,
679 2628 114 41 1936
812 2639 8 36 ;
854 2628 68 43 2c.
955 2628 97 43 and
1083 2626 83 42 aff.
1199 2627 114 48 Apr.
1346 2627 83 47 18;
1464 2628 40 38 A
1536 2626 173 49 94039;
1745 2629 134 39 West
1912 2629 111 48 pub.
2055 2640 68 30 co.

421 2685 252 51 (36-9374)

338 2776 270 64 Morgan,
641 2775 230 64 George
901 2773 319 66 Campbell,
1255 2779 171 50 1863-

410 2853 123 53 The
573 2869 247 51 purpose
861 2851 63 54 of
964 2852 96 55 the
1100 2852 214 69 gospel,
1352 2850 75 70 by
1465 2849 69 56 G.
1574 2849 300 70 Campbell
1913 2851 266 71 Morgan,
2219 2872 46 34 d.
2306 2872 47 35 d.

338 2930 1829 69 Grand Rapids, Mich., Zondervan publishing house [ c 1934]
411 3006 87 41 118
531 3017 43 38 p.
636 3005 57 41 20
694 3008 46 24 cm
746 3038 9 9 .

340 3059 53 53 ©
427 3065 112 39 Dec.
574 3064 69 48 18,
679 3061 114 41 1934
811 3073 9 36 ;
857 3061 67 40 2c.
960 3062 114 47 Apr.
1109 3061 70 49 10,
1216 3061 117 41 1936
1348 3072 9 36 ;
1396 3061 83 42 aff.
1515 3062 114 47 Apr.
1665 3062 54 40 13
1738 3072 9 37 ;
1783 3063 44 38 A
1858 3061 145 41 92931
2023 3073 9 37 ;
2068 3063 286 42 Zondervan

410 3121 109 47 pub.
552 3121 165 39 house.
788 3118 254 49 (36-9458)

337 3212 239 62 Mowat,
603 3210 223 53 Robert
853 3208 290 67 Balmain,
1175 3214 170 51 1883-

410 3287 248 67 Gibbon,
689 3287 75 65 by
795 3286 67 52 R.
894 3286 66 52 B.
993 3285 231 53 Mowat.
1295 3285 258 67 London,
1585 3286 70 52 A.
1691 3285 237 67 Barker,
1962 3286 103 54 ltd.
2105 3289 155 64 [1936]

411 3361 61 47 vi,
503 3361 85 41 282
618 3372 44 37 p.
720 3361 149 39 front,
900 3360 174 49 (port.)
1140 3360 54 39 22
1198 3362 43 21 cm
1248 3391 7 8 .

341 3415 53 53 ©
434 3420 66 39 1c.
540 3420 113 46 Apr.
694 3420 42 46 7,
777 3418 114 40 1936
910 3428 8 36 ;
962 3418 40 38 A
1044 3419 62 38 ad
1147 3417 87 41 int.
1276 3415 145 42 21296
1439 3427 8 36 ;
1492 3417 142 49 pubd.
1679 3417 112 41 Feb.
1834 3417 58 40 10
1906 3429 10 33 ;
1960 3418 56 41 R.
2059 3419 54 40 B.
2157 3419 194 48 Mowat,

410 3477 199 47 Bristol,
648 3476 239 48 England.
964 3473 253 49 (36-9720)

339 3567 230 64 Munro,
599 3565 255 55 William
883 3566 278 62 Bennett,
1194 3566 170 54 1875-

411 3643 121 53 The
568 3647 375 65 government
978 3641 63 53 of
1079 3641 97 53 the
1211 3641 217 54 United
1468 3640 218 67 States;
1724 3640 276 64 national,
2038 3646 162 62 state,
2238 3640 111 52 and

340 3719 2008 70 local, by William Bennett Munro … 4th ed. New York, The
341 3799 336 53 Macmillan
710 3816 298 51 company,
1047 3801 151 51 1936.

413 3872 85 41 viii
527 3884 58 37 p.,
614 3874 23 38 1
702 3905 8 14 l.,
739 3871 88 41 810
851 3883 43 38 p.
952 3872 181 50 diagrs.
1189 3870 56 40 22½
1278 3873 44 22 cm
1327 3903 9 9 .

414 3929 349 41 “References”
793 3932 52 38 at
872 3931 90 40 end
994 3930 52 40 of
1072 3930 119 40 each
1220 3929 214 48 chapter.

341 3983 52 54 ©
425 3989 113 47 Apr.
569 3987 70 48 25,
673 3987 118 41 1936
805 3999 10 36 ;
848 3988 68 41 2c.
949 3989 96 39 and
1078 3987 81 41 aff.
1194 3988 112 48 Apr.
1340 3985 55 42 27
1414 3997 9 32 ;
1460 3986 39 39 A
1532 3984 144 42 93827
1694 3997 8 30 ;
1741 3984 282 41 Macmillan
2056 3995 66 30 co.

422 4043 252 49 (36-9479)
