2519 4377
1314 4152 134 56 1746

379 458 392 65 McCormick,
797 458 130 53 Dell
952 458 54 54 J.

449 547 149 54 Paul
629 549 250 67 Bunyan
909 550 213 67 swings
1149 548 90 54 his
1270 566 120 51 axe,
1416 549 76 69 by
1518 550 133 53 Dell
1680 551 54 54 J.
1764 549 387 55 McCormick.
381 551 1992 146 Caldwell,
554 629 110 67 Id.,
691 628 123 53 The
843 627 226 57 Caxton
1097 628 269 68 printers,
1394 628 132 69 ltd.,.
1547 633 150 50 1936.

452 701 85 40 Ill
568 713 43 37 p.
638 700 111 41 incl.
780 702 88 40 col.
896 701 166 49 front.,
1090 702 132 41 illus.
1282 701 56 41 23½
1372 703 44 22 cm
1421 733 8 9 .

453 759 293 41 Illustrated
777 758 367 49 lining-papers.

456 817 184 40 “These
685 815 177 41 stories
907 816 53 41 of
1004 815 268 40 America’s
1318 826 106 30 own
1469 817 172 47 legend
1684 826 83 31 are
1813 817 199 40 written
2057 816 80 41 for
2181 818 219 40 children

382 872 128 41 from
543 873 83 41 the
658 873 256 42 authentic
945 874 125 40 tales
1105 883 55 31 as
1192 874 102 40 told
1328 873 51 40 in
1411 874 189 40 lumber
1633 883 166 39 camps
1831 874 129 39 from
1996 873 165 42 Maine
2192 877 49 38 to
379 875 2005 107 California.”—p.
727 932 41 42 7.

381 1000 53 54 ©
455 1005 121 40 Nov.
600 1003 212 49 15,1936;
864 1003 68 40 2c.
955 1005 118 39 Nov.
1099 1002 56 41 23;
1211 1003 82 41 aff.
1318 1004 120 41 Nov.
1462 1002 57 41 21;
1574 1004 40 39 A
1638 1002 147 41 99973;
1840 1003 192 42 Caxton
2058 1001 228 50 printers,
2315 1003 86 42 ltd.

462 1060 285 51 (36-33409)

377 1166 329 65 McKenna,
733 1165 284 66 Stephen,
1048 1172 173 50 1888-

446 1255 168 71 Lady
647 1255 256 71 Cynthia
939 1255 312 56 Clandon’s
1282 1255 293 69 husband;
1611 1275 31 34 a
1676 1256 167 52 novel
1878 1256 76 69 by
1990 1254 254 70 Stephen
377 1256 1998 133 McKenna.

665 1335 262 68 London,
954 1334 371 54 Hutchinson
1352 1336 47 52 &
1424 1353 99 50 co.,
1550 1334 105 54 ltd.
1712 1336 153 66 [1936]

448 1407 736 50 vii p., 1 l., 11-480 p. 19 cm .
379 1478 2004 111 © 1c. Nov. 24, 1936; A ad int. 22088; pubd. Sept. 28; S. McKenna, London. (36-34852)
376 1645 282 65 Mahony,
685 1645 229 53 Bertha
941 1645 87 66 E.,
1055 1662 179 49 comp.

448 1738 145 51 Five
625 1754 166 49 years
828 1736 62 52 of
925 1735 306 54 children’s
1266 1735 203 67 books;
1508 1755 31 34 a
1576 1737 364 67 supplement
1974 1743 58 50 to
2068 1738 232 52 Realms
2336 1737 62 52 of

377 1816 155 67 gold,
575 1815 286 67 compiled
903 1815 74 66 by
1023 1815 218 52 Bertha
1287 1816 66 52 E.
1399 1815 258 68 Mahony
1700 1816 112 52 and
1858 1816 206 52 Elinor
2105 1817 292 66 Whitney.

378 1895 237 53 Garden
645 1894 153 67 City,
828 1895 71 53 N.
932 1896 90 64 Y.,
1053 1894 362 66 Doubleday,
1445 1895 201 52 Doran
1675 1897 46 51 &
1753 1912 300 49 company,
2085 1894 126 67 inc.,
2246 1898 150 50 1936.

448 1967 64 49 xi,
543 1967 86 40 599
658 1977 43 38 p.
759 1967 89 41 col.
878 1967 166 44 front.,
1074 1966 130 41 illus.
1261 1965 58 41 23½cm.

448 2025 298 48 Annotated,
772 2024 168 49 priced
970 2024 86 39 list
1085 2024 245 47 arranged
1358 2024 155 39 under
1544 2023 231 50 subjects,
1804 2023 123 40 with
1955 2024 180 39 author
2166 2024 95 40 and
2290 2024 111 41 title

376 2083 159 40 index.

449 2141 164 40 “First
638 2138 231 44 edition.”

377 2208 53 55 ©
456 2214 112 38 Dec.
596 2211 40 50 4,
664 2210 117 41 1936;
835 2209 68 43 2c.
933 2210 97 40 and
1056 2210 83 41 aff.
1168 2212 112 38 Dec.
1312 2209 55 41 12;
1424 2210 41 39 A
1492 2209 174 41 100923;
1725 2211 54 41 B.
1809 2212 53 40 E.
1893 2210 228 51 Mahony,
2150 2209 249 42 Ashburn-

447 2271 130 48 ham,
603 2272 164 49 Mass.,
793 2269 97 41 and
914 2269 171 40 Elinor
1109 2269 245 48 Whitney,
1379 2268 190 49 Milton,
1596 2270 147 38 Mass.
1810 2268 283 51 (36-28563)

375 2376 270 65 Matisse,
674 2377 296 54 Maarten.

444 2465 324 55 Wanderer
811 2464 157 54 from
1007 2483 93 36 sea
1141 2469 60 51 to
1245 2483 110 48 sea,
1396 2464 99 54 the
1534 2464 150 54 book
1726 2464 64 54 of
1830 2464 268 54 Maarten
2141 2464 253 55 Matisse.

373 2543 1570 70 New York, Harcourt, Brace and company [ c 1936]
443 2616 1026 51 5 p. l., 3-321 p. front. (port.) 21 cm .
445 2675 325 41 “Translated
796 2674 63 49 by
887 2675 142 41 Irene
1058 2673 246 50 Clephane
1332 2675 97 40 and
1456 2673 163 42 David
1647 2673 236 43 Hallett.”

443 2731 165 43 “First
640 2731 233 42 edition.”

377 2801 53 53 ©
461 2805 102 41 Oct.
593 2804 71 50 29,
696 2803 142 49 1936;
871 2803 68 42 2c.
972 2804 96 40 and
1100 2804 82 41 aff.
1214 2805 119 40 Nov.
1365 2803 52 49 5;
1450 2805 42 39 A
1524 2803 175 41 100257;
1761 2806 264 41 Harcourt.
2060 2806 157 39 Brace
2248 2806 37 40 &
2313 2814 83 32 co.,

446 2862 91 42 inc.
596 2861 286 52 (36-33703)

374 2970 314 63 Maynard,
715 2969 323 64 Theodore,
1071 2974 172 51 1890-

443 3059 122 53 The
603 3059 262 70 Odyssey
902 3059 64 55 of
1002 3059 242 53 Francis
1279 3060 240 67 Xavier,
1557 3060 74 69 by
1667 3060 297 53 Theodore
2001 3060 289 69 Maynard
2333 3103 56 10 ...

373 3138 261 69 London,
671 3138 141 53 New
850 3138 165 52 York
1075 3142 121 63 [etc.]
1238 3138 348 68 Longmans,
1624 3138 187 56 Green
1849 3139 113 52 and
2001 3157 97 49 co.,
2138 3142 152 50 1936.

444 3210 856 54 vii, [1] p., 1 l., 364 p., 1 l. 21 cm .
444 3268 142 51 Maps
618 3281 61 30 on
713 3269 366 50 lining-papers.

447 3326 232 42 “Printed
708 3326 49 40 in
786 3327 84 41 the
898 3326 182 42 United
1112 3326 164 42 States
1305 3326 52 42 of
1384 3325 270 43 America.”

445 3384 165 41 “First
645 3383 231 43 edition.”

446 3441 353 50 Bibliography;
858 3453 44 38 p.
934 3440 221 43 349-355.

376 3509 53 55 ©
457 3514 103 42 Oct.
587 3513 71 49 26,
686 3512 142 49 1936;
858 3512 68 44 2c.
955 3513 97 40 and
1083 3513 81 40 aff.
1192 3514 118 40 Nov.
1339 3511 83 50 14;
1453 3513 40 40 A
1522 3511 200 45 100470;
1755 3513 289 49 Longmans,
2077 3512 155 41 Green
2261 3513 37 41 &
2325 3522 67 33 co.

458 3571 283 50 (36-33730)

374 3675 307 66 Melchett,
707 3676 208 64 Henry
939 3675 251 65 Ludwig
1214 3676 197 64 Mond,
1438 3676 195 63 baron,
1660 3679 170 48 1898-

446 3754 130 67 Thy
620 3752 339 70 neighbour,
1000 3753 76 68 by
1117 3752 158 54 Lord
1316 3752 304 65 Melchett;
1666 3749 142 55 with
1851 3758 113 48 two
2011 3750 381 54 illustrations

378 3831 113 53 and
526 3836 113 47 two
676 3850 178 49 maps.
931 3830 261 69 London,
1227 3831 65 52 F.
1327 3829 232 69 Muller,
1592 3829 103 53 ltd.
1738 3832 171 66 [1936]

446 3901 99 47 283,
585 3902 56 50 [1]
678 3913 43 38 p.
782 3902 172 48 plates.
1016 3900 56 42 19½
1104 3904 45 22 cm
1153 3935 9 9 .

450 3959 141 47 Maps
621 3968 59 30 on
714 3959 302 48 end-papers.

377 4028 2014 54 © 1c. Oct. 15, 1936; A ad int. 22038; pubd. Sept. 24; Frederick Muller,
448 4089 84 37 ltd.
591 4089 285 37 (36-35180)
