<alto xmlns="http://www.loc.gov/standards/alto/ns-v3#" xmlns:xlink="http://www.w3.org/1999/xlink" xmlns:xsi="http://www.w3.org/2001/XMLSchema-instance" xsi:schemaLocation="http://www.loc.gov/standards/alto/ns-v3# http://www.loc.gov/alto/v3/alto-3-0.xsd"><Description>
<MeasurementUnit>pixel</MeasurementUnit>
<sourceImageInformation>
<fileName>1936_v33_Part1.pdf</fileName>
</sourceImageInformation>
<OCRProcessing ID="IdOcr">
<ocrProcessingStep>
<processingDateTime>2019-01-18</processingDateTime>
<processingSoftware>
<softwareCreator>ABBYY</softwareCreator>
<softwareName>ABBYY Recognition Server</softwareName>
<softwareVersion>4.0</softwareVersion>
</processingSoftware>
</ocrProcessingStep>
</OCRProcessing>
</Description>
<Styles>
<ParagraphStyle ID="StyleId-FFFFFFFF-FFFF-FFFF-FFFF-FFFFFFFFFFFF-" ALIGN="Left" LEFT="0." RIGHT="0." FIRSTLINE="0."/>
<ParagraphStyle ID="StyleId-51D50FAC-7A90-4D70-8A96-5EA9D46D1C8B-" ALIGN="Left" LEFT="0." RIGHT="0." FIRSTLINE="0." LINESPACE="7.699999809"/>
<ParagraphStyle ID="StyleId-6BC133E9-7DCB-43C3-8842-A67984A26405-" ALIGN="Block" LEFT="0." RIGHT="0." FIRSTLINE="-17." LINESPACE="8.340000153"/>
<ParagraphStyle ID="StyleId-3C3FF860-43E7-46A2-8934-48F305F6F0D6-" ALIGN="Left" LEFT="0." RIGHT="0." FIRSTLINE="-13." LINESPACE="11.06999969"/>
<ParagraphStyle ID="StyleId-19220C76-4F8A-4737-B38C-B5F5C17E6040-" ALIGN="Block" LEFT="0." RIGHT="0." FIRSTLINE="-13." LINESPACE="11.06999969"/>
<ParagraphStyle ID="StyleId-75A0D721-13ED-4F20-9002-B389EC48477D-" ALIGN="Left" LEFT="0." RIGHT="0." FIRSTLINE="0." LINESPACE="15.5"/>
<ParagraphStyle ID="StyleId-8A414184-C7A5-4AC7-9B88-7DA4DDE75922-" ALIGN="Left" LEFT="0." RIGHT="0." FIRSTLINE="0." LINESPACE="9.399999619"/>
<ParagraphStyle ID="StyleId-1A87970B-111C-4169-99A6-9412976F3C97-" ALIGN="Left" LEFT="0." RIGHT="0." FIRSTLINE="0." LINESPACE="10.5"/>
<ParagraphStyle ID="StyleId-72DB0571-5AE4-41FD-9E11-68C6AC4C437E-" ALIGN="Block" LEFT="0." RIGHT="0." FIRSTLINE="-17." LINESPACE="8.340000153"/>
<ParagraphStyle ID="StyleId-1AA43056-C388-4697-B10F-72FDAA38FAE1-" ALIGN="Center" LEFT="0." RIGHT="0." FIRSTLINE="0." LINESPACE="10.5"/>
</Styles>
<Layout>
<Page ID="Page108" PHYSICAL_IMG_NR="108" HEIGHT="4377" WIDTH="2519">
<TopMargin HEIGHT="404" WIDTH="2519" VPOS="0" HPOS="0">
</TopMargin>
<LeftMargin HEIGHT="3758" WIDTH="410" VPOS="404" HPOS="0">
</LeftMargin>
<RightMargin HEIGHT="3758" WIDTH="65" VPOS="404" HPOS="2454">
</RightMargin>
<BottomMargin HEIGHT="215" WIDTH="2519" VPOS="4162" HPOS="0">
</BottomMargin>
<PrintSpace HEIGHT="3758" WIDTH="2044" VPOS="404" HPOS="410">
<TextBlock ID="Page108_Block1" HEIGHT="72" WIDTH="116" VPOS="4090" HPOS="1382" LANG="en-US" STYLEREFS="StyleId-54FB35D1-C7A2-4549-86BF-0C0E741A40B3-">
<TextLine HEIGHT="51" WIDTH="97" VPOS="4100" HPOS="1391">
<String CONTENT="108" HEIGHT="51" WIDTH="97" VPOS="4100" HPOS="1391"/>
</TextLine>
</TextBlock>
<TextBlock ID="Page108_Block2" HEIGHT="3692" WIDTH="2044" VPOS="404" HPOS="410" LANG="en-US" CS="1" STYLEREFS="StyleId-4C7697A1-AE96-4D78-ACF9-C4FE4AFF6690-">
<TextLine HEIGHT="49" WIDTH="447" VPOS="491" HPOS="491" CS="1">
<String CONTENT="XXXV," HEIGHT="36" WIDTH="147" VPOS="503" HPOS="491"/>
<SP HEIGHT="47" WIDTH="26" VPOS="492" HPOS="639"/>
<String CONTENT="891" HEIGHT="41" WIDTH="85" VPOS="491" HPOS="666"/>
<SP HEIGHT="48" WIDTH="26" VPOS="492" HPOS="752"/>
<String CONTENT="p." HEIGHT="37" WIDTH="43" VPOS="503" HPOS="779"/>
<SP HEIGHT="40" WIDTH="55" VPOS="492" HPOS="823"/>
<String CS="1" CONTENT="22&#189;cm." HEIGHT="39" WIDTH="59" VPOS="492" HPOS="879"/>
</TextLine>
<TextLine HEIGHT="42" WIDTH="549" VPOS="549" HPOS="495" CS="1">
<String CONTENT="On" HEIGHT="40" WIDTH="71" VPOS="549" HPOS="495"/>
<SP HEIGHT="29" WIDTH="27" VPOS="560" HPOS="567"/>
<String CS="1" CONTENT="cover:" HEIGHT="29" WIDTH="141" VPOS="560" HPOS="595"/>
<SP HEIGHT="39" WIDTH="27" VPOS="550" HPOS="764"/>
<String CONTENT="2d" HEIGHT="40" WIDTH="58" VPOS="550" HPOS="792"/>
<SP HEIGHT="39" WIDTH="28" VPOS="551" HPOS="851"/>
<String CONTENT="series." HEIGHT="42" WIDTH="164" VPOS="549" HPOS="880"/>
</TextLine>
<TextLine HEIGHT="54" WIDTH="2015" VPOS="615" HPOS="423" CS="1">
<String CONTENT="&#169;" HEIGHT="53" WIDTH="54" VPOS="615" HPOS="423"/>
<SP HEIGHT="53" WIDTH="20" VPOS="615" HPOS="478"/>
<String CONTENT="Dec." HEIGHT="40" WIDTH="112" VPOS="620" HPOS="499"/>
<SP HEIGHT="40" WIDTH="21" VPOS="620" HPOS="612"/>
<String CONTENT="30," HEIGHT="49" WIDTH="71" VPOS="620" HPOS="634"/>
<SP HEIGHT="48" WIDTH="23" VPOS="621" HPOS="706"/>
<String CS="1" CONTENT="1935;" HEIGHT="40" WIDTH="114" VPOS="620" HPOS="730"/>
<SP HEIGHT="47" WIDTH="24" VPOS="620" HPOS="872"/>
<String CONTENT="2c." HEIGHT="41" WIDTH="67" VPOS="620" HPOS="897"/>
<SP HEIGHT="30" WIDTH="24" VPOS="632" HPOS="965"/>
<String CONTENT="and" HEIGHT="40" WIDTH="96" VPOS="622" HPOS="990"/>
<SP HEIGHT="39" WIDTH="23" VPOS="622" HPOS="1087"/>
<String CONTENT="aff." HEIGHT="41" WIDTH="82" VPOS="621" HPOS="1111"/>
<SP HEIGHT="40" WIDTH="24" VPOS="622" HPOS="1194"/>
<String CONTENT="Jan." HEIGHT="39" WIDTH="109" VPOS="622" HPOS="1219"/>
<SP HEIGHT="38" WIDTH="22" VPOS="623" HPOS="1329"/>
<String CONTENT="4." HEIGHT="40" WIDTH="41" VPOS="623" HPOS="1352"/>
<SP HEIGHT="41" WIDTH="24" VPOS="622" HPOS="1394"/>
<String CS="1" CONTENT="1936;" HEIGHT="40" WIDTH="113" VPOS="622" HPOS="1419"/>
<SP HEIGHT="45" WIDTH="27" VPOS="623" HPOS="1560"/>
<!-- cceid 94ECE3C6-6E3A-1014-83DD-942C093A1DD9 --><String CONTENT="A" HEIGHT="38" WIDTH="40" VPOS="623" HPOS="1588"/>
<SP HEIGHT="39" WIDTH="23" VPOS="622" HPOS="1629"/>
<String CS="1" CONTENT="90157;" HEIGHT="40" WIDTH="144" VPOS="622" HPOS="1653"/>
<SP HEIGHT="45" WIDTH="28" VPOS="623" HPOS="1825"/>
<String CS="1" CONTENT="Bancroft-Whitney" HEIGHT="42" WIDTH="459" VPOS="620" HPOS="1854"/>
<SP HEIGHT="29" WIDTH="24" VPOS="633" HPOS="2345"/>
<String CONTENT="co." HEIGHT="31" WIDTH="68" VPOS="631" HPOS="2370"/>
</TextLine>
<TextLine HEIGHT="71" WIDTH="2012" VPOS="778" HPOS="427" STYLEREFS="StyleId-A3D19A4E-4E5E-4D5C-9761-1FB258042818-">
<String CONTENT="Callaghan&#8217;s" HEIGHT="66" WIDTH="381" VPOS="778" HPOS="427"/>
<SP HEIGHT="52" WIDTH="26" VPOS="782" HPOS="809"/>
<String CONTENT="Indiana" HEIGHT="52" WIDTH="250" VPOS="782" HPOS="836"/>
<SP HEIGHT="52" WIDTH="28" VPOS="782" HPOS="1087"/>
<String CONTENT="digest." HEIGHT="67" WIDTH="202" VPOS="781" HPOS="1116"/>
<SP HEIGHT="48" WIDTH="67" VPOS="786" HPOS="1319"/>
<String CONTENT="1935" HEIGHT="50" WIDTH="133" VPOS="785" HPOS="1387"/>
<SP HEIGHT="47" WIDTH="30" VPOS="788" HPOS="1521"/>
<String CONTENT="cumulative" HEIGHT="53" WIDTH="345" VPOS="782" HPOS="1552"/>
<SP HEIGHT="35" WIDTH="29" VPOS="801" HPOS="1898"/>
<String CONTENT="supplements," HEIGHT="67" WIDTH="409" VPOS="782" HPOS="1928"/>
<SP HEIGHT="66" WIDTH="25" VPOS="782" HPOS="2338"/>
<String CONTENT="by" HEIGHT="66" WIDTH="75" VPOS="782" HPOS="2364"/>
</TextLine>
<TextLine HEIGHT="149" WIDTH="1912" VPOS="857" HPOS="497" STYLEREFS="StyleId-A3D19A4E-4E5E-4D5C-9761-1FB258042818-" CS="1">
<String CONTENT="publishers&#8217;" HEIGHT="67" WIDTH="342" VPOS="857" HPOS="497"/>
<SP HEIGHT="54" WIDTH="44" VPOS="858" HPOS="840"/>
<String CONTENT="editorial" HEIGHT="53" WIDTH="267" VPOS="860" HPOS="885"/>
<SP HEIGHT="51" WIDTH="43" VPOS="862" HPOS="1153"/>
<String CONTENT="staff" HEIGHT="55" WIDTH="136" VPOS="857" HPOS="1197"/>
<SP HEIGHT="55" WIDTH="51" VPOS="857" HPOS="1334"/>
<String CS="1" CONTENT="&#8230;"/>
<SP HEIGHT="33" WIDTH="56" VPOS="894" HPOS="1441"/>
<String CONTENT="[for]" HEIGHT="68" WIDTH="131" VPOS="860" HPOS="1498"/>
<SP HEIGHT="50" WIDTH="48" VPOS="878" HPOS="1630"/>
<String CONTENT="volumes" HEIGHT="54" WIDTH="253" VPOS="861" HPOS="1679"/>
<SP HEIGHT="50" WIDTH="47" VPOS="865" HPOS="1933"/>
<String CONTENT="1-17" HEIGHT="53" WIDTH="135" VPOS="860" HPOS="1981"/>
<SP HEIGHT="54" WIDTH="49" VPOS="860" HPOS="2117"/>
<String CS="1" CONTENT="&#8230;"/>
<SP HEIGHT="55" WIDTH="80" VPOS="860" HPOS="2224"/>
<String CONTENT="Chicago," HEIGHT="144" WIDTH="1912" VPOS="860" HPOS="497"/>
<SP HEIGHT="60" WIDTH="26" VPOS="936" HPOS="655"/>
<String CONTENT="Callaghan" HEIGHT="69" WIDTH="323" VPOS="936" HPOS="682"/>
<SP HEIGHT="36" WIDTH="24" VPOS="956" HPOS="1006"/>
<String CONTENT="and" HEIGHT="53" WIDTH="113" VPOS="938" HPOS="1031"/>
<SP HEIGHT="53" WIDTH="25" VPOS="938" HPOS="1145"/>
<String CS="1" CONTENT="company," HEIGHT="50" WIDTH="297" VPOS="956" HPOS="1171"/>
<SP HEIGHT="63" WIDTH="27" VPOS="943" HPOS="1469"/>
<String CONTENT="1935." HEIGHT="51" WIDTH="149" VPOS="942" HPOS="1497"/>
</TextLine>
<TextLine HEIGHT="40" WIDTH="303" VPOS="1011" HPOS="493" CS="1">
<String CONTENT="17" HEIGHT="38" WIDTH="58" VPOS="1012" HPOS="493"/>
<SP HEIGHT="39" WIDTH="26" VPOS="1012" HPOS="552"/>
<String CONTENT="V." HEIGHT="28" WIDTH="42" VPOS="1023" HPOS="579"/>
<SP HEIGHT="40" WIDTH="58" VPOS="1011" HPOS="622"/>
<String CS="1" CONTENT="25cm." HEIGHT="40" WIDTH="115" VPOS="1011" HPOS="681"/>
</TextLine>
<TextLine HEIGHT="50" WIDTH="1948" VPOS="1068" HPOS="494">
<String CONTENT="These" HEIGHT="40" WIDTH="154" VPOS="1069" HPOS="494"/>
<SP HEIGHT="37" WIDTH="32" VPOS="1080" HPOS="649"/>
<String CONTENT="pamphlets" HEIGHT="48" WIDTH="278" VPOS="1069" HPOS="682"/>
<SP HEIGHT="30" WIDTH="27" VPOS="1079" HPOS="961"/>
<String CONTENT="are" HEIGHT="29" WIDTH="84" VPOS="1080" HPOS="989"/>
<SP HEIGHT="37" WIDTH="30" VPOS="1072" HPOS="1074"/>
<String CONTENT="to" HEIGHT="37" WIDTH="48" VPOS="1072" HPOS="1105"/>
<SP HEIGHT="40" WIDTH="27" VPOS="1069" HPOS="1154"/>
<String CONTENT="bet" HEIGHT="40" WIDTH="61" VPOS="1069" HPOS="1182"/>
<SP HEIGHT="40" WIDTH="24" VPOS="1069" HPOS="1244"/>
<String CONTENT="fitted" HEIGHT="40" WIDTH="140" VPOS="1069" HPOS="1269"/>
<SP HEIGHT="41" WIDTH="31" VPOS="1068" HPOS="1410"/>
<String CONTENT="into" HEIGHT="41" WIDTH="104" VPOS="1068" HPOS="1442"/>
<SP HEIGHT="37" WIDTH="31" VPOS="1074" HPOS="1547"/>
<String CONTENT="the" HEIGHT="40" WIDTH="81" VPOS="1071" HPOS="1579"/>
<SP HEIGHT="37" WIDTH="31" VPOS="1081" HPOS="1661"/>
<String CONTENT="pockets" HEIGHT="47" WIDTH="197" VPOS="1071" HPOS="1693"/>
<SP HEIGHT="31" WIDTH="32" VPOS="1079" HPOS="1891"/>
<String CONTENT="at" HEIGHT="38" WIDTH="54" VPOS="1071" HPOS="1924"/>
<SP HEIGHT="38" WIDTH="29" VPOS="1071" HPOS="1979"/>
<String CONTENT="the" HEIGHT="42" WIDTH="80" VPOS="1069" HPOS="2009"/>
<SP HEIGHT="42" WIDTH="31" VPOS="1069" HPOS="2090"/>
<String CONTENT="back" HEIGHT="40" WIDTH="122" VPOS="1069" HPOS="2122"/>
<SP HEIGHT="40" WIDTH="31" VPOS="1070" HPOS="2245"/>
<String CONTENT="of" HEIGHT="40" WIDTH="52" VPOS="1070" HPOS="2277"/>
<SP HEIGHT="40" WIDTH="30" VPOS="1070" HPOS="2330"/>
<String CONTENT="the" HEIGHT="41" WIDTH="81" VPOS="1071" HPOS="2361"/>
</TextLine>
<TextLine HEIGHT="47" WIDTH="1131" VPOS="1127" HPOS="423">
<String CONTENT="volumes" HEIGHT="39" WIDTH="217" VPOS="1127" HPOS="423"/>
<SP HEIGHT="28" WIDTH="28" VPOS="1138" HPOS="641"/>
<String CONTENT="of" HEIGHT="38" WIDTH="53" VPOS="1127" HPOS="670"/>
<SP HEIGHT="39" WIDTH="24" VPOS="1127" HPOS="724"/>
<String CONTENT="the" HEIGHT="39" WIDTH="81" VPOS="1128" HPOS="749"/>
<SP HEIGHT="29" WIDTH="27" VPOS="1138" HPOS="831"/>
<String CONTENT="set" HEIGHT="37" WIDTH="75" VPOS="1129" HPOS="859"/>
<SP HEIGHT="38" WIDTH="25" VPOS="1129" HPOS="935"/>
<String CONTENT="to" HEIGHT="38" WIDTH="48" VPOS="1129" HPOS="961"/>
<SP HEIGHT="29" WIDTH="27" VPOS="1137" HPOS="1010"/>
<String CONTENT="which" HEIGHT="39" WIDTH="160" VPOS="1127" HPOS="1038"/>
<SP HEIGHT="39" WIDTH="27" VPOS="1127" HPOS="1199"/>
<String CONTENT="they" HEIGHT="47" WIDTH="115" VPOS="1127" HPOS="1227"/>
<SP HEIGHT="47" WIDTH="27" VPOS="1127" HPOS="1343"/>
<String CONTENT="belong." HEIGHT="47" WIDTH="183" VPOS="1127" HPOS="1371"/>
</TextLine>
<TextLine HEIGHT="54" WIDTH="1961" VPOS="1192" HPOS="424" CS="1">
<String CONTENT="&#169;" HEIGHT="54" WIDTH="54" VPOS="1192" HPOS="424"/>
<SP HEIGHT="54" WIDTH="26" VPOS="1192" HPOS="479"/>
<String CONTENT="Dec." HEIGHT="39" WIDTH="110" VPOS="1198" HPOS="506"/>
<SP HEIGHT="39" WIDTH="30" VPOS="1196" HPOS="617"/>
<String CONTENT="26," HEIGHT="49" WIDTH="70" VPOS="1196" HPOS="648"/>
<SP HEIGHT="47" WIDTH="29" VPOS="1198" HPOS="719"/>
<String CS="1" CONTENT="1935;" HEIGHT="41" WIDTH="114" VPOS="1197" HPOS="749"/>
<SP HEIGHT="43" WIDTH="31" VPOS="1196" HPOS="891"/>
<String CONTENT="2c." HEIGHT="42" WIDTH="67" VPOS="1196" HPOS="923"/>
<SP HEIGHT="30" WIDTH="30" VPOS="1208" HPOS="991"/>
<String CONTENT="each" HEIGHT="39" WIDTH="119" VPOS="1198" HPOS="1022"/>
<SP HEIGHT="38" WIDTH="27" VPOS="1198" HPOS="1142"/>
<String CONTENT="and" HEIGHT="38" WIDTH="94" VPOS="1199" HPOS="1170"/>
<SP HEIGHT="38" WIDTH="30" VPOS="1199" HPOS="1265"/>
<String CS="1" CONTENT="aff." HEIGHT="41" WIDTH="83" VPOS="1197" HPOS="1296"/>
<SP HEIGHT="39" WIDTH="29" VPOS="1199" HPOS="1380"/>
<String CONTENT="Dec." HEIGHT="39" WIDTH="112" VPOS="1199" HPOS="1410"/>
<SP HEIGHT="40" WIDTH="28" VPOS="1198" HPOS="1523"/>
<String CS="1" CONTENT="31;" HEIGHT="40" WIDTH="54" VPOS="1198" HPOS="1552"/>
<SP HEIGHT="46" WIDTH="32" VPOS="1198" HPOS="1635"/>
<!-- cceid 94EDA57F-6E3A-1014-83DD-942C093A1DD9 --><String CONTENT="A" HEIGHT="39" WIDTH="41" VPOS="1198" HPOS="1668"/>
<SP HEIGHT="40" WIDTH="27" VPOS="1197" HPOS="1710"/>
<String CS="1" CONTENT="90107;" HEIGHT="41" WIDTH="145" VPOS="1197" HPOS="1738"/>
<SP HEIGHT="47" WIDTH="35" VPOS="1197" HPOS="1911"/>
<String CONTENT="Callaghan" HEIGHT="48" WIDTH="272" VPOS="1197" HPOS="1947"/>
<SP HEIGHT="39" WIDTH="29" VPOS="1198" HPOS="2220"/>
<String CONTENT="&amp;" HEIGHT="39" WIDTH="36" VPOS="1198" HPOS="2250"/>
<SP HEIGHT="40" WIDTH="30" VPOS="1198" HPOS="2287"/>
<String CONTENT="co." HEIGHT="30" WIDTH="67" VPOS="1208" HPOS="2318"/>
</TextLine>
<TextLine HEIGHT="66" WIDTH="1003" VPOS="1316" HPOS="429" STYLEREFS="StyleId-A3D19A4E-4E5E-4D5C-9761-1FB258042818-">
<String CONTENT="Cheyney," HEIGHT="66" WIDTH="299" VPOS="1316" HPOS="429"/>
<SP HEIGHT="64" WIDTH="28" VPOS="1318" HPOS="729"/>
<String CONTENT="Edward" HEIGHT="52" WIDTH="254" VPOS="1318" HPOS="758"/>
<SP HEIGHT="53" WIDTH="24" VPOS="1317" HPOS="1013"/>
<String CONTENT="Potts," HEIGHT="63" WIDTH="192" VPOS="1317" HPOS="1038"/>
<SP HEIGHT="59" WIDTH="28" VPOS="1321" HPOS="1231"/>
<String CONTENT="1861-" HEIGHT="50" WIDTH="172" VPOS="1321" HPOS="1260"/>
</TextLine>
<TextLine HEIGHT="67" WIDTH="1567" VPOS="1395" HPOS="562" STYLEREFS="StyleId-A3D19A4E-4E5E-4D5C-9761-1FB258042818-" CS="1">
<String CS="1" CONTENT="&#8230;"/>
<SP HEIGHT="51" WIDTH="35" VPOS="1397" HPOS="562"/>
<String CONTENT="The" HEIGHT="52" WIDTH="121" VPOS="1396" HPOS="598"/>
<SP HEIGHT="53" WIDTH="30" VPOS="1395" HPOS="720"/>
<String CONTENT="dawn" HEIGHT="53" WIDTH="171" VPOS="1395" HPOS="751"/>
<SP HEIGHT="34" WIDTH="25" VPOS="1414" HPOS="923"/>
<String CONTENT="of" HEIGHT="53" WIDTH="63" VPOS="1395" HPOS="949"/>
<SP HEIGHT="52" WIDTH="29" VPOS="1395" HPOS="1013"/>
<String CONTENT="a" HEIGHT="33" WIDTH="29" VPOS="1414" HPOS="1043"/>
<SP HEIGHT="34" WIDTH="30" VPOS="1413" HPOS="1073"/>
<String CONTENT="new" HEIGHT="35" WIDTH="123" VPOS="1413" HPOS="1104"/>
<SP HEIGHT="33" WIDTH="30" VPOS="1414" HPOS="1228"/>
<String CONTENT="era," HEIGHT="41" WIDTH="112" VPOS="1414" HPOS="1259"/>
<SP HEIGHT="55" WIDTH="31" VPOS="1400" HPOS="1372"/>
<String CONTENT="1250-1453," HEIGHT="51" WIDTH="328" VPOS="1398" HPOS="1404"/>
<SP HEIGHT="53" WIDTH="30" VPOS="1396" HPOS="1733"/>
<String CONTENT="by" HEIGHT="66" WIDTH="74" VPOS="1396" HPOS="1764"/>
<SP HEIGHT="65" WIDTH="32" VPOS="1397" HPOS="1839"/>
<String CONTENT="Edward" HEIGHT="53" WIDTH="257" VPOS="1395" HPOS="1872"/>
</TextLine>
<TextLine HEIGHT="146" WIDTH="1989" VPOS="1395" HPOS="428" STYLEREFS="StyleId-A3D19A4E-4E5E-4D5C-9761-1FB258042818-" CS="1">
<String CONTENT="P." HEIGHT="51" WIDTH="66" VPOS="1397" HPOS="2160"/>
<SP HEIGHT="54" WIDTH="31" VPOS="1395" HPOS="2227"/>
<String CONTENT="Cheyney" HEIGHT="145" WIDTH="1989" VPOS="1395" HPOS="428"/>
<SP HEIGHT="47" WIDTH="32" VPOS="1493" HPOS="538"/>
<String CS="1" CONTENT="&#8230;"/>
<SP HEIGHT="51" WIDTH="79" VPOS="1475" HPOS="628"/>
<String CONTENT="New" HEIGHT="51" WIDTH="139" VPOS="1475" HPOS="708"/>
<SP HEIGHT="51" WIDTH="30" VPOS="1475" HPOS="848"/>
<String CONTENT="York" HEIGHT="53" WIDTH="163" VPOS="1473" HPOS="879"/>
<SP HEIGHT="52" WIDTH="30" VPOS="1473" HPOS="1043"/>
<String CONTENT="and" HEIGHT="52" WIDTH="112" VPOS="1474" HPOS="1074"/>
<SP HEIGHT="52" WIDTH="29" VPOS="1474" HPOS="1187"/>
<String CONTENT="London," HEIGHT="65" WIDTH="258" VPOS="1474" HPOS="1217"/>
<SP HEIGHT="64" WIDTH="28" VPOS="1475" HPOS="1476"/>
<String CONTENT="Harper" HEIGHT="66" WIDTH="234" VPOS="1475" HPOS="1505"/>
<SP HEIGHT="50" WIDTH="28" VPOS="1477" HPOS="1740"/>
<String CONTENT="&amp;" HEIGHT="50" WIDTH="46" VPOS="1477" HPOS="1769"/>
<SP HEIGHT="53" WIDTH="27" VPOS="1474" HPOS="1816"/>
<String CONTENT="brothers," HEIGHT="66" WIDTH="280" VPOS="1474" HPOS="1844"/>
<SP HEIGHT="63" WIDTH="31" VPOS="1477" HPOS="2125"/>
<String CONTENT="1936." HEIGHT="49" WIDTH="151" VPOS="1477" HPOS="2157"/>
</TextLine>
<TextLine HEIGHT="51" WIDTH="1949" VPOS="1545" HPOS="494" CS="1">
<String CONTENT="x" HEIGHT="28" WIDTH="31" VPOS="1558" HPOS="494"/>
<SP HEIGHT="39" WIDTH="31" VPOS="1557" HPOS="526"/>
<String CONTENT="p.," HEIGHT="39" WIDTH="58" VPOS="1557" HPOS="558"/>
<SP HEIGHT="47" WIDTH="32" VPOS="1546" HPOS="617"/>
<String CONTENT="2" HEIGHT="39" WIDTH="27" VPOS="1546" HPOS="650"/>
<SP/>
<String CS="1" CONTENT="l.,"/>
<SP/>
<String CONTENT="389" HEIGHT="42" WIDTH="90" VPOS="1545" HPOS="787"/>
<SP HEIGHT="50" WIDTH="28" VPOS="1545" HPOS="878"/>
<String CONTENT="p." HEIGHT="38" WIDTH="43" VPOS="1557" HPOS="907"/>
<SP HEIGHT="40" WIDTH="61" VPOS="1546" HPOS="951"/>
<String CONTENT="illus." HEIGHT="40" WIDTH="129" VPOS="1546" HPOS="1013"/>
<SP HEIGHT="48" WIDTH="28" VPOS="1545" HPOS="1143"/>
<String CONTENT="(2;" HEIGHT="48" WIDTH="53" VPOS="1545" HPOS="1172"/>
<SP HEIGHT="31" WIDTH="29" VPOS="1554" HPOS="1226"/>
<String CONTENT="maps)" HEIGHT="47" WIDTH="162" VPOS="1547" HPOS="1256"/>
<SP HEIGHT="48" WIDTH="42" VPOS="1547" HPOS="1419"/>
<String CONTENT="plates," HEIGHT="47" WIDTH="171" VPOS="1548" HPOS="1462"/>
<SP HEIGHT="37" WIDTH="31" VPOS="1558" HPOS="1634"/>
<String CONTENT="ports." HEIGHT="46" WIDTH="151" VPOS="1549" HPOS="1666"/>
<SP HEIGHT="41" WIDTH="61" VPOS="1546" HPOS="1818"/>
<String CS="1" CONTENT="22&#189;cm." HEIGHT="39" WIDTH="146" VPOS="1546" HPOS="1880"/>
<SP HEIGHT="49" WIDTH="74" VPOS="1545" HPOS="2027"/>
<String CONTENT="(The" HEIGHT="49" WIDTH="124" VPOS="1545" HPOS="2102"/>
<SP HEIGHT="29" WIDTH="35" VPOS="1556" HPOS="2227"/>
<String CONTENT="rise" HEIGHT="40" WIDTH="94" VPOS="1546" HPOS="2263"/>
<SP HEIGHT="31" WIDTH="32" VPOS="1557" HPOS="2358"/>
<String CONTENT="of" HEIGHT="41" WIDTH="52" VPOS="1547" HPOS="2391"/>
</TextLine>
<TextLine HEIGHT="50" WIDTH="1176" VPOS="1604" HPOS="425" CS="1">
<String LANG="en-US" CONTENT="modern" HEIGHT="40" WIDTH="203" VPOS="1605" HPOS="425"/>
<SP HEIGHT="39" WIDTH="24" VPOS="1605" HPOS="629"/>
<String LANG="en-US" CONTENT="Europe," HEIGHT="48" WIDTH="207" VPOS="1605" HPOS="654"/>
<SP HEIGHT="35" WIDTH="28" VPOS="1616" HPOS="862"/>
<String LANG="en-US" CONTENT="ed." HEIGHT="40" WIDTH="72" VPOS="1605" HPOS="891"/>
<SP HEIGHT="41" WIDTH="26" VPOS="1604" HPOS="964"/>
<String LANG="en-US" CONTENT="by" HEIGHT="48" WIDTH="62" VPOS="1604" HPOS="991"/>
<SP HEIGHT="47" WIDTH="27" VPOS="1605" HPOS="1054"/>
<String LANG="fr" CONTENT="W." HEIGHT="40" WIDTH="70" VPOS="1605" HPOS="1082"/>
<SP HEIGHT="41" WIDTH="28" VPOS="1604" HPOS="1153"/>
<String LANG="en-US" CONTENT="L." HEIGHT="41" WIDTH="50" VPOS="1604" HPOS="1182"/>
<SP HEIGHT="41" WIDTH="29" VPOS="1604" HPOS="1233"/>
<String LANG="de" CONTENT="Langer," HEIGHT="49" WIDTH="201" VPOS="1604" HPOS="1263"/>
<SP HEIGHT="29" WIDTH="62" VPOS="1625" HPOS="1465"/>
<String LANG="en-US" CS="1" CONTENT="[I])" HEIGHT="50" WIDTH="73" VPOS="1604" HPOS="1528"/>
</TextLine>
<TextLine HEIGHT="49" WIDTH="622" VPOS="1662" HPOS="500">
<String CONTENT="Maps" HEIGHT="47" WIDTH="140" VPOS="1664" HPOS="500"/>
<SP HEIGHT="30" WIDTH="27" VPOS="1673" HPOS="641"/>
<String CONTENT="on" HEIGHT="28" WIDTH="60" VPOS="1673" HPOS="669"/>
<SP HEIGHT="37" WIDTH="25" VPOS="1664" HPOS="730"/>
<String CONTENT="lining-papers." HEIGHT="48" WIDTH="366" VPOS="1662" HPOS="756"/>
</TextLine>
<TextLine HEIGHT="42" WIDTH="420" VPOS="1718" HPOS="497">
<String CONTENT="&#8220;First" HEIGHT="41" WIDTH="162" VPOS="1719" HPOS="497"/>
<SP HEIGHT="38" WIDTH="29" VPOS="1722" HPOS="660"/>
<String CONTENT="edition.&#8221;" HEIGHT="42" WIDTH="227" VPOS="1718" HPOS="690"/>
</TextLine>
<TextLine HEIGHT="51" WIDTH="1028" VPOS="1775" HPOS="498" CS="1">
<String CONTENT="&#8220;Bibliographical" HEIGHT="50" WIDTH="444" VPOS="1776" HPOS="498"/>
<SP HEIGHT="37" WIDTH="29" VPOS="1779" HPOS="943"/>
<String CS="1" CONTENT="notes&quot;&#8217;:" HEIGHT="41" WIDTH="167" VPOS="1775" HPOS="973"/>
<SP HEIGHT="37" WIDTH="30" VPOS="1787" HPOS="1170"/>
<String CONTENT="p." HEIGHT="37" WIDTH="43" VPOS="1787" HPOS="1201"/>
<SP HEIGHT="29" WIDTH="32" VPOS="1796" HPOS="1245"/>
<String CONTENT="[341]-378." HEIGHT="49" WIDTH="248" VPOS="1776" HPOS="1278"/>
</TextLine>
<TextLine HEIGHT="54" WIDTH="1875" VPOS="1843" HPOS="427">
<String CONTENT="&#169;" HEIGHT="54" WIDTH="53" VPOS="1843" HPOS="427"/>
<SP HEIGHT="54" WIDTH="29" VPOS="1843" HPOS="481"/>
<String CONTENT="Feb." HEIGHT="40" WIDTH="111" VPOS="1848" HPOS="511"/>
<SP HEIGHT="39" WIDTH="29" VPOS="1849" HPOS="623"/>
<String CONTENT="7," HEIGHT="46" WIDTH="41" VPOS="1849" HPOS="653"/>
<SP HEIGHT="47" WIDTH="28" VPOS="1848" HPOS="695"/>
<String CONTENT="1936;" HEIGHT="47" WIDTH="141" VPOS="1847" HPOS="724"/>
<SP HEIGHT="47" WIDTH="32" VPOS="1847" HPOS="866"/>
<String CONTENT="2c." HEIGHT="41" WIDTH="68" VPOS="1847" HPOS="899"/>
<SP HEIGHT="40" WIDTH="30" VPOS="1847" HPOS="968"/>
<String CONTENT="Feb," HEIGHT="40" WIDTH="110" VPOS="1847" HPOS="999"/>
<SP HEIGHT="40" WIDTH="32" VPOS="1847" HPOS="1110"/>
<String CONTENT="6;" HEIGHT="46" WIDTH="52" VPOS="1847" HPOS="1143"/>
<SP HEIGHT="35" WIDTH="34" VPOS="1858" HPOS="1196"/>
<String CONTENT="aff." HEIGHT="40" WIDTH="81" VPOS="1847" HPOS="1231"/>
<SP HEIGHT="39" WIDTH="31" VPOS="1847" HPOS="1313"/>
<String CONTENT="Feb," HEIGHT="40" WIDTH="111" VPOS="1847" HPOS="1345"/>
<SP HEIGHT="40" WIDTH="25" VPOS="1847" HPOS="1457"/>
<String CONTENT="10;" HEIGHT="47" WIDTH="84" VPOS="1847" HPOS="1483"/>
<SP HEIGHT="47" WIDTH="32" VPOS="1847" HPOS="1568"/>
<!-- cceid 94EE71C1-6E3A-1014-83DD-942C093A1DD9 --><String CONTENT="A" HEIGHT="39" WIDTH="40" VPOS="1847" HPOS="1601"/>
<SP HEIGHT="41" WIDTH="30" VPOS="1846" HPOS="1642"/>
<String CONTENT="91676;" HEIGHT="48" WIDTH="171" VPOS="1846" HPOS="1673"/>
<SP HEIGHT="47" WIDTH="34" VPOS="1847" HPOS="1845"/>
<String CONTENT="Harper" HEIGHT="47" WIDTH="198" VPOS="1847" HPOS="1880"/>
<SP HEIGHT="40" WIDTH="29" VPOS="1847" HPOS="2079"/>
<String CONTENT="&amp;" HEIGHT="40" WIDTH="37" VPOS="1847" HPOS="2109"/>
<SP HEIGHT="40" WIDTH="29" VPOS="1847" HPOS="2147"/>
<String CONTENT="bros." HEIGHT="39" WIDTH="125" VPOS="1847" HPOS="2177"/>
</TextLine>
<TextLine HEIGHT="49" WIDTH="253" VPOS="1904" HPOS="506">
<String CONTENT="(36-3968)" HEIGHT="49" WIDTH="253" VPOS="1904" HPOS="506"/>
</TextLine>
<TextLine HEIGHT="67" WIDTH="1651" VPOS="2007" HPOS="431" STYLEREFS="StyleId-A3D19A4E-4E5E-4D5C-9761-1FB258042818-" CS="1">
<String CONTENT="Cold" HEIGHT="56" WIDTH="140" VPOS="2008" HPOS="431"/>
<SP HEIGHT="53" WIDTH="28" VPOS="2010" HPOS="572"/>
<String CONTENT="Spring" HEIGHT="64" WIDTH="219" VPOS="2009" HPOS="601"/>
<SP HEIGHT="63" WIDTH="28" VPOS="2010" HPOS="821"/>
<String CONTENT="Harbor," HEIGHT="64" WIDTH="254" VPOS="2009" HPOS="850"/>
<SP HEIGHT="65" WIDTH="27" VPOS="2008" HPOS="1105"/>
<String LANG="fi" CONTENT="N." HEIGHT="54" WIDTH="73" VPOS="2008" HPOS="1133"/>
<SP HEIGHT="54" WIDTH="29" VPOS="2008" HPOS="1207"/>
<String CONTENT="Y." HEIGHT="52" WIDTH="70" VPOS="2008" HPOS="1237"/>
<SP HEIGHT="50" WIDTH="73" VPOS="2010" HPOS="1308"/>
<String CONTENT="Biological" HEIGHT="67" WIDTH="324" VPOS="2007" HPOS="1382"/>
<SP HEIGHT="52" WIDTH="28" VPOS="2009" HPOS="1707"/>
<String LANG="fi" CS="1" CONTENT="lab" HEIGHT="53" WIDTH="53" VPOS="2009" HPOS="1736"/>
<String CONTENT="oratory." HEIGHT="59" WIDTH="248" VPOS="2015" HPOS="1834"/>
</TextLine>
<TextLine HEIGHT="70" WIDTH="1939" VPOS="2084" HPOS="503" STYLEREFS="StyleId-A3D19A4E-4E5E-4D5C-9761-1FB258042818-">
<String CONTENT="Cold" HEIGHT="54" WIDTH="144" VPOS="2088" HPOS="503"/>
<SP HEIGHT="55" WIDTH="61" VPOS="2087" HPOS="648"/>
<String CONTENT="Spring" HEIGHT="67" WIDTH="220" VPOS="2087" HPOS="710"/>
<SP HEIGHT="66" WIDTH="55" VPOS="2088" HPOS="931"/>
<String CONTENT="Harbor" HEIGHT="52" WIDTH="234" VPOS="2087" HPOS="987"/>
<SP HEIGHT="34" WIDTH="57" VPOS="2105" HPOS="1222"/>
<String CONTENT="symposia" HEIGHT="67" WIDTH="287" VPOS="2086" HPOS="1280"/>
<SP HEIGHT="34" WIDTH="56" VPOS="2104" HPOS="1568"/>
<String CONTENT="on" HEIGHT="33" WIDTH="71" VPOS="2104" HPOS="1625"/>
<SP HEIGHT="50" WIDTH="56" VPOS="2102" HPOS="1697"/>
<String CONTENT="quantitative" HEIGHT="68" WIDTH="384" VPOS="2084" HPOS="1754"/>
<SP HEIGHT="53" WIDTH="52" VPOS="2085" HPOS="2139"/>
<String CONTENT="biology," HEIGHT="67" WIDTH="250" VPOS="2085" HPOS="2192"/>
</TextLine>
<TextLine HEIGHT="69" WIDTH="2010" VPOS="2162" HPOS="431" STYLEREFS="StyleId-A3D19A4E-4E5E-4D5C-9761-1FB258042818-">
<String CONTENT="volume" HEIGHT="53" WIDTH="224" VPOS="2166" HPOS="431"/>
<SP HEIGHT="49" WIDTH="32" VPOS="2169" HPOS="656"/>
<String CONTENT="3." HEIGHT="49" WIDTH="47" VPOS="2169" HPOS="689"/>
<SP HEIGHT="54" WIDTH="72" VPOS="2166" HPOS="737"/>
<String CONTENT="Cold" HEIGHT="55" WIDTH="145" VPOS="2165" HPOS="810"/>
<SP HEIGHT="54" WIDTH="37" VPOS="2165" HPOS="956"/>
<String CONTENT="Spring" HEIGHT="66" WIDTH="220" VPOS="2165" HPOS="994"/>
<SP HEIGHT="66" WIDTH="29" VPOS="2165" HPOS="1215"/>
<String CONTENT="Harbor," HEIGHT="65" WIDTH="250" VPOS="2165" HPOS="1245"/>
<SP HEIGHT="64" WIDTH="33" VPOS="2166" HPOS="1496"/>
<String LANG="fr" CONTENT="L." HEIGHT="51" WIDTH="63" VPOS="2166" HPOS="1530"/>
<SP HEIGHT="52" WIDTH="34" VPOS="2165" HPOS="1594"/>
<String CONTENT="I.," HEIGHT="54" WIDTH="67" VPOS="2165" HPOS="1629"/>
<SP HEIGHT="53" WIDTH="32" VPOS="2166" HPOS="1697"/>
<String LANG="fi" CONTENT="N." HEIGHT="51" WIDTH="69" VPOS="2166" HPOS="1730"/>
<SP HEIGHT="52" WIDTH="37" VPOS="2165" HPOS="1800"/>
<String CONTENT="Y.," HEIGHT="64" WIDTH="91" VPOS="2165" HPOS="1838"/>
<SP HEIGHT="63" WIDTH="31" VPOS="2166" HPOS="1930"/>
<String CONTENT="The" HEIGHT="53" WIDTH="122" VPOS="2164" HPOS="1962"/>
<SP HEIGHT="50" WIDTH="36" VPOS="2166" HPOS="2085"/>
<String CONTENT="Biological" HEIGHT="69" WIDTH="319" VPOS="2162" HPOS="2122"/>
</TextLine>
<TextLine HEIGHT="67" WIDTH="531" VPOS="2244" HPOS="430" STYLEREFS="StyleId-A3D19A4E-4E5E-4D5C-9761-1FB258042818-">
<String CONTENT="laboratory," HEIGHT="67" WIDTH="350" VPOS="2244" HPOS="430"/>
<SP HEIGHT="63" WIDTH="28" VPOS="2248" HPOS="781"/>
<String CONTENT="1935." HEIGHT="52" WIDTH="151" VPOS="2247" HPOS="810"/>
</TextLine>
<TextLine HEIGHT="51" WIDTH="798" VPOS="2316" HPOS="567" CS="1">
<String CS="1" CONTENT="xv," HEIGHT="16" WIDTH="8" VPOS="2350" HPOS="567"/>
<SP HEIGHT="47" WIDTH="27" VPOS="2319" HPOS="576"/>
<String CONTENT="359." HEIGHT="42" WIDTH="101" VPOS="2317" HPOS="604"/>
<SP HEIGHT="38" WIDTH="27" VPOS="2329" HPOS="706"/>
<String CONTENT="p." HEIGHT="38" WIDTH="43" VPOS="2329" HPOS="734"/>
<SP HEIGHT="41" WIDTH="57" VPOS="2317" HPOS="778"/>
<String CONTENT="illus.," HEIGHT="49" WIDTH="143" VPOS="2317" HPOS="836"/>
<SP HEIGHT="48" WIDTH="29" VPOS="2318" HPOS="980"/>
<String CONTENT="diagrs." HEIGHT="49" WIDTH="181" VPOS="2316" HPOS="1010"/>
<SP HEIGHT="41" WIDTH="56" VPOS="2316" HPOS="1192"/>
<String CS="1" CONTENT="28cm." HEIGHT="41" WIDTH="116" VPOS="2316" HPOS="1249"/>
</TextLine>
<TextLine HEIGHT="49" WIDTH="652" VPOS="2374" HPOS="499">
<String CONTENT="Includes" HEIGHT="40" WIDTH="227" VPOS="2376" HPOS="499"/>
<SP HEIGHT="39" WIDTH="29" VPOS="2376" HPOS="727"/>
<String CONTENT="bibliographies." HEIGHT="49" WIDTH="394" VPOS="2374" HPOS="757"/>
</TextLine>
<TextLine HEIGHT="54" WIDTH="2016" VPOS="2442" HPOS="429" CS="1">
<String CONTENT="&#169;" HEIGHT="54" WIDTH="52" VPOS="2442" HPOS="429"/>
<SP HEIGHT="54" WIDTH="24" VPOS="2442" HPOS="482"/>
<String CONTENT="Nov." HEIGHT="39" WIDTH="117" VPOS="2447" HPOS="507"/>
<SP HEIGHT="40" WIDTH="26" VPOS="2446" HPOS="625"/>
<String CONTENT="29," HEIGHT="49" WIDTH="70" VPOS="2445" HPOS="652"/>
<SP HEIGHT="48" WIDTH="26" VPOS="2446" HPOS="723"/>
<String CS="1" CONTENT="1935;" HEIGHT="41" WIDTH="115" VPOS="2445" HPOS="750"/>
<SP HEIGHT="48" WIDTH="27" VPOS="2445" HPOS="892"/>
<String CONTENT="2c." HEIGHT="41" WIDTH="68" VPOS="2445" HPOS="920"/>
<SP HEIGHT="39" WIDTH="25" VPOS="2447" HPOS="989"/>
<String CONTENT="Dec." HEIGHT="39" WIDTH="112" VPOS="2447" HPOS="1015"/>
<SP HEIGHT="41" WIDTH="24" VPOS="2445" HPOS="1128"/>
<String CS="1" CONTENT="4;" HEIGHT="39" WIDTH="30" VPOS="2445" HPOS="1153"/>
<SP HEIGHT="36" WIDTH="29" VPOS="2455" HPOS="1208"/>
<String CONTENT="aff." HEIGHT="42" WIDTH="81" VPOS="2444" HPOS="1238"/>
<SP HEIGHT="40" WIDTH="27" VPOS="2446" HPOS="1320"/>
<String CONTENT="Dec." HEIGHT="38" WIDTH="111" VPOS="2446" HPOS="1348"/>
<SP HEIGHT="39" WIDTH="26" VPOS="2445" HPOS="1460"/>
<String CS="1" CONTENT="23:" HEIGHT="39" WIDTH="54" VPOS="2445" HPOS="1487"/>
<SP HEIGHT="39" WIDTH="29" VPOS="2445" HPOS="1569"/>
<!-- cceid 94EF2E48-6E3A-1014-83DD-942C093A1DD9 --><String CONTENT="A" HEIGHT="38" WIDTH="40" VPOS="2445" HPOS="1599"/>
<SP HEIGHT="40" WIDTH="25" VPOS="2444" HPOS="1640"/>
<String CS="1" CONTENT="88988:" HEIGHT="40" WIDTH="84" VPOS="2444" HPOS="1666"/>
<SP HEIGHT="39" WIDTH="29" VPOS="2445" HPOS="1837"/>
<String CONTENT="Biological" HEIGHT="49" WIDTH="270" VPOS="2442" HPOS="1867"/>
<SP HEIGHT="38" WIDTH="24" VPOS="2445" HPOS="2138"/>
<String CONTENT="laboratory" HEIGHT="48" WIDTH="282" VPOS="2443" HPOS="2163"/>
</TextLine>
<TextLine HEIGHT="49" WIDTH="1094" VPOS="2502" HPOS="500" CS="1">
<String CONTENT="of" HEIGHT="39" WIDTH="52" VPOS="2504" HPOS="500"/>
<SP HEIGHT="40" WIDTH="24" VPOS="2504" HPOS="553"/>
<String CONTENT="the" HEIGHT="41" WIDTH="82" VPOS="2505" HPOS="578"/>
<SP HEIGHT="42" WIDTH="26" VPOS="2504" HPOS="661"/>
<String CONTENT="Long" HEIGHT="47" WIDTH="134" VPOS="2504" HPOS="688"/>
<SP HEIGHT="46" WIDTH="26" VPOS="2505" HPOS="823"/>
<String CONTENT="Island" HEIGHT="39" WIDTH="170" VPOS="2504" HPOS="850"/>
<SP HEIGHT="40" WIDTH="23" VPOS="2503" HPOS="1021"/>
<String CONTENT="biological" HEIGHT="48" WIDTH="256" VPOS="2502" HPOS="1045"/>
<SP HEIGHT="38" WIDTH="28" VPOS="2504" HPOS="1302"/>
<String CONTENT="assn.," HEIGHT="37" WIDTH="142" VPOS="2513" HPOS="1331"/>
<SP/>
<String CONTENT="inc." HEIGHT="40" WIDTH="91" VPOS="2502" HPOS="1503"/>
</TextLine>
<TextLine HEIGHT="67" WIDTH="512" VPOS="2608" HPOS="436" STYLEREFS="StyleId-A3D19A4E-4E5E-4D5C-9761-1FB258042818-">
<String CONTENT="[Conger," HEIGHT="65" WIDTH="270" VPOS="2610" HPOS="436"/>
<SP HEIGHT="64" WIDTH="23" VPOS="2609" HPOS="707"/>
<String CONTENT="Beach]" HEIGHT="67" WIDTH="217" VPOS="2608" HPOS="731"/>
</TextLine>
<TextLine HEIGHT="69" WIDTH="1944" VPOS="2683" HPOS="500" STYLEREFS="StyleId-A3D19A4E-4E5E-4D5C-9761-1FB258042818-" CS="1">
<String CONTENT="World" HEIGHT="54" WIDTH="206" VPOS="2688" HPOS="500"/>
<SP HEIGHT="52" WIDTH="42" VPOS="2687" HPOS="707"/>
<String CONTENT="letters," HEIGHT="65" WIDTH="213" VPOS="2687" HPOS="750"/>
<SP HEIGHT="66" WIDTH="41" VPOS="2686" HPOS="964"/>
<String CONTENT="incorporated" HEIGHT="67" WIDTH="403" VPOS="2685" HPOS="1006"/>
<SP HEIGHT="54" WIDTH="47" VPOS="2685" HPOS="1410"/>
<String CS="1" CONTENT="&#8230;"/>
<SP HEIGHT="55" WIDTH="48" VPOS="2684" HPOS="1515"/>
<String CONTENT="Arequipa," HEIGHT="68" WIDTH="313" VPOS="2683" HPOS="1564"/>
<SP HEIGHT="64" WIDTH="41" VPOS="2686" HPOS="1878"/>
<String CONTENT="Peru," HEIGHT="64" WIDTH="171" VPOS="2686" HPOS="1920"/>
<SP HEIGHT="64" WIDTH="42" VPOS="2686" HPOS="2092"/>
<String CONTENT="December" HEIGHT="53" WIDTH="309" VPOS="2684" HPOS="2135"/>
</TextLine>
<TextLine HEIGHT="70" WIDTH="1832" VPOS="2762" HPOS="434" STYLEREFS="StyleId-A3D19A4E-4E5E-4D5C-9761-1FB258042818-" CS="1">
<String CONTENT="5," HEIGHT="62" WIDTH="48" VPOS="2770" HPOS="434"/>
<SP HEIGHT="63" WIDTH="39" VPOS="2769" HPOS="483"/>
<String CONTENT="1935" HEIGHT="50" WIDTH="133" VPOS="2768" HPOS="523"/>
<SP HEIGHT="37" WIDTH="31" VPOS="2780" HPOS="672"/>
<String CS="1" CONTENT="&#8230;"/>
<SP HEIGHT="34" WIDTH="84" VPOS="2798" HPOS="760"/>
<String CONTENT="[Arequipa," HEIGHT="69" WIDTH="332" VPOS="2763" HPOS="845"/>
<SP HEIGHT="53" WIDTH="37" VPOS="2766" HPOS="1178"/>
<String CONTENT="Peru," HEIGHT="62" WIDTH="169" VPOS="2766" HPOS="1216"/>
<SP HEIGHT="63" WIDTH="35" VPOS="2765" HPOS="1386"/>
<String CONTENT="World" HEIGHT="56" WIDTH="204" VPOS="2763" HPOS="1422"/>
<SP HEIGHT="52" WIDTH="38" VPOS="2763" HPOS="1627"/>
<String CONTENT="letters," HEIGHT="55" WIDTH="213" VPOS="2763" HPOS="1666"/>
<SP HEIGHT="56" WIDTH="36" VPOS="2762" HPOS="1880"/>
<String CONTENT="inc.]" HEIGHT="66" WIDTH="128" VPOS="2762" HPOS="1917"/>
<SP HEIGHT="60" WIDTH="44" VPOS="2768" HPOS="2046"/>
<String CONTENT="c1935." HEIGHT="50" WIDTH="175" VPOS="2765" HPOS="2091"/>
</TextLine>
<TextLine HEIGHT="50" WIDTH="585" VPOS="2837" HPOS="499" STYLEREFS="StyleId-A3D19A4E-4E5E-4D5C-9761-1FB258042818-" CS="1">
<String CONTENT="p." HEIGHT="37" WIDTH="43" VPOS="2850" HPOS="499"/>
<SP HEIGHT="40" WIDTH="25" VPOS="2839" HPOS="543"/>
<String CONTENT="49-52." HEIGHT="41" WIDTH="159" VPOS="2837" HPOS="569"/>
<SP HEIGHT="39" WIDTH="54" VPOS="2838" HPOS="729"/>
<String CONTENT="illus." HEIGHT="40" WIDTH="128" VPOS="2838" HPOS="784"/>
<SP HEIGHT="39" WIDTH="52" VPOS="2837" HPOS="913"/>
<String CS="1" CONTENT="28cm." HEIGHT="41" WIDTH="118" VPOS="2837" HPOS="966"/>
</TextLine>
<TextLine HEIGHT="50" WIDTH="471" VPOS="2894" HPOS="499">
<String CONTENT="&#8220;Mimeographed.&#8221;" HEIGHT="50" WIDTH="471" VPOS="2894" HPOS="499"/>
</TextLine>
<TextLine HEIGHT="54" WIDTH="2013" VPOS="2962" HPOS="430" CS="1">
<String CONTENT="&#169;" HEIGHT="52" WIDTH="53" VPOS="2964" HPOS="430"/>
<SP/>
<String CS="1" CONTENT="1c."/>
<SP/>
<String CONTENT="Jan." HEIGHT="40" WIDTH="110" VPOS="2968" HPOS="608"/>
<SP HEIGHT="40" WIDTH="28" VPOS="2968" HPOS="719"/>
<String CONTENT="29," HEIGHT="49" WIDTH="69" VPOS="2966" HPOS="748"/>
<SP HEIGHT="47" WIDTH="28" VPOS="2968" HPOS="818"/>
<String CS="1" CONTENT="1936;"/>
<SP HEIGHT="46" WIDTH="30" VPOS="2967" HPOS="989"/>
<!-- cceid 94EFF38A-6E3A-1014-83DD-942C093A1DD9 --><String CONTENT="A" HEIGHT="38" WIDTH="41" VPOS="2967" HPOS="1020"/>
<SP HEIGHT="38" WIDTH="26" VPOS="2967" HPOS="1062"/>
<String CONTENT="ad" HEIGHT="39" WIDTH="63" VPOS="2967" HPOS="1089"/>
<SP HEIGHT="40" WIDTH="27" VPOS="2966" HPOS="1153"/>
<String CONTENT="int." HEIGHT="40" WIDTH="87" VPOS="2966" HPOS="1181"/>
<SP HEIGHT="40" WIDTH="27" VPOS="2965" HPOS="1269"/>
<String CONTENT="21063;" HEIGHT="46" WIDTH="171" VPOS="2965" HPOS="1297"/>
<SP HEIGHT="38" WIDTH="30" VPOS="2975" HPOS="1469"/>
<String CONTENT="pubd." HEIGHT="48" WIDTH="141" VPOS="2965" HPOS="1500"/>
<SP HEIGHT="39" WIDTH="31" VPOS="2965" HPOS="1642"/>
<String CONTENT="Dec." HEIGHT="40" WIDTH="111" VPOS="2965" HPOS="1674"/>
<SP HEIGHT="41" WIDTH="28" VPOS="2964" HPOS="1786"/>
<String CONTENT="5," HEIGHT="47" WIDTH="40" VPOS="2964" HPOS="1815"/>
<SP HEIGHT="47" WIDTH="29" VPOS="2964" HPOS="1856"/>
<String CONTENT="1935;" HEIGHT="44" WIDTH="142" VPOS="2962" HPOS="1886"/>
<SP HEIGHT="42" WIDTH="31" VPOS="2964" HPOS="2029"/>
<String CONTENT="World" HEIGHT="40" WIDTH="167" VPOS="2964" HPOS="2061"/>
<SP HEIGHT="39" WIDTH="28" VPOS="2965" HPOS="2229"/>
<String CONTENT="letters," HEIGHT="46" WIDTH="185" VPOS="2965" HPOS="2258"/>
</TextLine>
<TextLine HEIGHT="49" WIDTH="642" VPOS="3024" HPOS="502">
<String CONTENT="inc.," HEIGHT="48" WIDTH="105" VPOS="3025" HPOS="502"/>
<SP HEIGHT="47" WIDTH="24" VPOS="3026" HPOS="608"/>
<String CONTENT="East" HEIGHT="40" WIDTH="121" VPOS="3026" HPOS="633"/>
<SP HEIGHT="41" WIDTH="22" VPOS="3025" HPOS="755"/>
<String CONTENT="Aurora," HEIGHT="46" WIDTH="207" VPOS="3025" HPOS="778"/>
<SP HEIGHT="46" WIDTH="23" VPOS="3025" HPOS="986"/>
<String LANG="fi" CONTENT="N." HEIGHT="40" WIDTH="55" VPOS="3025" HPOS="1010"/>
<SP HEIGHT="41" WIDTH="24" VPOS="3024" HPOS="1066"/>
<String CONTENT="Y." HEIGHT="39" WIDTH="53" VPOS="3024" HPOS="1091"/>
</TextLine>
<TextLine HEIGHT="69" WIDTH="1943" VPOS="3124" HPOS="502" STYLEREFS="StyleId-A3D19A4E-4E5E-4D5C-9761-1FB258042818-" CS="1">
<String CONTENT="World" HEIGHT="56" WIDTH="206" VPOS="3126" HPOS="502"/>
<SP HEIGHT="53" WIDTH="39" VPOS="3127" HPOS="709"/>
<String CONTENT="letters," HEIGHT="65" WIDTH="213" VPOS="3128" HPOS="749"/>
<SP HEIGHT="67" WIDTH="38" VPOS="3126" HPOS="963"/>
<String CONTENT="incorporated" HEIGHT="67" WIDTH="402" VPOS="3126" HPOS="1002"/>
<SP HEIGHT="52" WIDTH="46" VPOS="3126" HPOS="1405"/>
<String CS="1" CONTENT="&#8230;"/>
<SP HEIGHT="54" WIDTH="46" VPOS="3125" HPOS="1508"/>
<String CONTENT="Cuzco;" HEIGHT="65" WIDTH="202" VPOS="3125" HPOS="1555"/>
<SP HEIGHT="64" WIDTH="39" VPOS="3126" HPOS="1758"/>
<String CONTENT="Peru," HEIGHT="55" WIDTH="169" VPOS="3126" HPOS="1798"/>
<SP HEIGHT="55" WIDTH="41" VPOS="3126" HPOS="1968"/>
<String CONTENT="December" HEIGHT="53" WIDTH="308" VPOS="3124" HPOS="2010"/>
<SP HEIGHT="48" WIDTH="43" VPOS="3127" HPOS="2319"/>
<String CONTENT="12," HEIGHT="62" WIDTH="82" VPOS="3127" HPOS="2363"/>
</TextLine>
<TextLine HEIGHT="70" WIDTH="1593" VPOS="3202" HPOS="436" STYLEREFS="StyleId-A3D19A4E-4E5E-4D5C-9761-1FB258042818-" CS="1">
<String CONTENT="1935" HEIGHT="51" WIDTH="133" VPOS="3209" HPOS="436"/>
<SP HEIGHT="48" WIDTH="37" VPOS="3209" HPOS="570"/>
<String CS="1" CONTENT="&#8230;"/>
<SP HEIGHT="32" WIDTH="84" VPOS="3240" HPOS="666"/>
<String CONTENT="[Cuzco," HEIGHT="67" WIDTH="223" VPOS="3205" HPOS="751"/>
<SP HEIGHT="64" WIDTH="31" VPOS="3207" HPOS="975"/>
<String CONTENT="Peru," HEIGHT="54" WIDTH="170" VPOS="3207" HPOS="1007"/>
<SP HEIGHT="55" WIDTH="30" VPOS="3206" HPOS="1178"/>
<String CONTENT="World" HEIGHT="56" WIDTH="203" VPOS="3204" HPOS="1209"/>
<SP HEIGHT="52" WIDTH="32" VPOS="3204" HPOS="1413"/>
<String CONTENT="letters," HEIGHT="58" WIDTH="212" VPOS="3205" HPOS="1446"/>
<SP HEIGHT="61" WIDTH="28" VPOS="3202" HPOS="1659"/>
<String CONTENT="inc.]" HEIGHT="67" WIDTH="127" VPOS="3202" HPOS="1688"/>
<SP HEIGHT="61" WIDTH="39" VPOS="3208" HPOS="1816"/>
<String CONTENT="c1935." HEIGHT="50" WIDTH="173" VPOS="3205" HPOS="1856"/>
</TextLine>
<TextLine HEIGHT="49" WIDTH="591" VPOS="3278" HPOS="502" STYLEREFS="StyleId-A3D19A4E-4E5E-4D5C-9761-1FB258042818-" CS="1">
<String CONTENT="p." HEIGHT="37" WIDTH="43" VPOS="3290" HPOS="502"/>
<SP HEIGHT="39" WIDTH="27" VPOS="3280" HPOS="546"/>
<String CONTENT="53-56." HEIGHT="40" WIDTH="159" VPOS="3279" HPOS="574"/>
<SP HEIGHT="41" WIDTH="55" VPOS="3278" HPOS="734"/>
<String CONTENT="illus." HEIGHT="40" WIDTH="129" VPOS="3278" HPOS="790"/>
<SP HEIGHT="39" WIDTH="55" VPOS="3279" HPOS="920"/>
<String CS="1" CONTENT="28cm." HEIGHT="41" WIDTH="117" VPOS="3278" HPOS="976"/>
</TextLine>
<TextLine HEIGHT="50" WIDTH="469" VPOS="3334" HPOS="502">
<String CONTENT="&#8220;Mimeographed.&#8221;" HEIGHT="50" WIDTH="469" VPOS="3334" HPOS="502"/>
</TextLine>
<TextLine HEIGHT="53" WIDTH="2012" VPOS="3401" HPOS="432" CS="1">
<String CONTENT="&#169;" HEIGHT="53" WIDTH="53" VPOS="3401" HPOS="432"/>
<SP/>
<String CS="1" CONTENT="1c."/>
<SP/>
<String CONTENT="Jan." HEIGHT="39" WIDTH="109" VPOS="3406" HPOS="604"/>
<SP HEIGHT="38" WIDTH="27" VPOS="3406" HPOS="714"/>
<String CONTENT="29," HEIGHT="45" WIDTH="69" VPOS="3406" HPOS="742"/>
<SP HEIGHT="44" WIDTH="27" VPOS="3407" HPOS="812"/>
<String CS="1" CONTENT="1936;"/>
<SP HEIGHT="46" WIDTH="29" VPOS="3406" HPOS="981"/>
<!-- cceid 94F0B00B-6E3A-1014-83DD-942C093A1DD9 --><String CONTENT="A" HEIGHT="38" WIDTH="39" VPOS="3406" HPOS="1011"/>
<SP HEIGHT="39" WIDTH="26" VPOS="3406" HPOS="1051"/>
<String CONTENT="ad" HEIGHT="38" WIDTH="60" VPOS="3407" HPOS="1078"/>
<SP HEIGHT="39" WIDTH="28" VPOS="3405" HPOS="1139"/>
<String CONTENT="int." HEIGHT="40" WIDTH="85" VPOS="3405" HPOS="1168"/>
<SP HEIGHT="38" WIDTH="27" VPOS="3406" HPOS="1254"/>
<String CONTENT="21064:" HEIGHT="41" WIDTH="170" VPOS="3404" HPOS="1282"/>
<SP HEIGHT="37" WIDTH="29" VPOS="3414" HPOS="1453"/>
<String CONTENT="pubd." HEIGHT="47" WIDTH="141" VPOS="3404" HPOS="1483"/>
<SP HEIGHT="38" WIDTH="30" VPOS="3404" HPOS="1625"/>
<String CONTENT="Dec." HEIGHT="39" WIDTH="109" VPOS="3404" HPOS="1656"/>
<SP HEIGHT="39" WIDTH="27" VPOS="3403" HPOS="1766"/>
<String CONTENT="12," HEIGHT="49" WIDTH="68" VPOS="3401" HPOS="1794"/>
<SP HEIGHT="48" WIDTH="27" VPOS="3402" HPOS="1863"/>
<String CONTENT="1935:" HEIGHT="41" WIDTH="142" VPOS="3402" HPOS="1891"/>
<SP HEIGHT="40" WIDTH="30" VPOS="3403" HPOS="2034"/>
<String CONTENT="World" HEIGHT="40" WIDTH="165" VPOS="3403" HPOS="2065"/>
<SP HEIGHT="40" WIDTH="27" VPOS="3403" HPOS="2231"/>
<String CONTENT="letters," HEIGHT="47" WIDTH="185" VPOS="3403" HPOS="2259"/>
</TextLine>
<TextLine HEIGHT="48" WIDTH="654" VPOS="3463" HPOS="502">
<String CONTENT="inc.," HEIGHT="48" WIDTH="105" VPOS="3463" HPOS="502"/>
<SP HEIGHT="47" WIDTH="26" VPOS="3464" HPOS="608"/>
<String CONTENT="East" HEIGHT="40" WIDTH="124" VPOS="3464" HPOS="635"/>
<SP HEIGHT="40" WIDTH="22" VPOS="3464" HPOS="760"/>
<String CONTENT="Aurora," HEIGHT="46" WIDTH="206" VPOS="3464" HPOS="783"/>
<SP HEIGHT="47" WIDTH="26" VPOS="3463" HPOS="990"/>
<String LANG="fi" CONTENT="N." HEIGHT="40" WIDTH="55" VPOS="3463" HPOS="1017"/>
<SP HEIGHT="40" WIDTH="29" VPOS="3463" HPOS="1073"/>
<String CONTENT="Y." HEIGHT="40" WIDTH="53" VPOS="3463" HPOS="1103"/>
</TextLine>
<TextLine HEIGHT="64" WIDTH="805" VPOS="3567" HPOS="435" STYLEREFS="StyleId-A3D19A4E-4E5E-4D5C-9761-1FB258042818-" CS="1">
<String LANG="en-US" CONTENT="Cope," HEIGHT="62" WIDTH="172" VPOS="3569" HPOS="435"/>
<SP HEIGHT="62" WIDTH="29" VPOS="3568" HPOS="608"/>
<String LANG="en-US" CONTENT="Gertrude" HEIGHT="53" WIDTH="295" VPOS="3568" HPOS="638"/>
<SP HEIGHT="54" WIDTH="29" VPOS="3567" HPOS="934"/>
<String LANG="fi" CS="1" CONTENT="Venetta." HEIGHT="55" WIDTH="276" VPOS="3567" HPOS="964"/>
</TextLine>
<TextLine HEIGHT="151" WIDTH="1989" VPOS="3637" HPOS="434" STYLEREFS="StyleId-A3D19A4E-4E5E-4D5C-9761-1FB258042818-" CS="1">
<String CONTENT="The" HEIGHT="52" WIDTH="122" VPOS="3643" HPOS="504"/>
<SP HEIGHT="52" WIDTH="27" VPOS="3643" HPOS="627"/>
<String CONTENT="heritage" HEIGHT="67" WIDTH="256" VPOS="3643" HPOS="655"/>
<SP HEIGHT="35" WIDTH="29" VPOS="3660" HPOS="912"/>
<String CONTENT="of" HEIGHT="53" WIDTH="63" VPOS="3642" HPOS="942"/>
<SP HEIGHT="53" WIDTH="27" VPOS="3642" HPOS="1006"/>
<String CONTENT="the" HEIGHT="53" WIDTH="95" VPOS="3642" HPOS="1034"/>
<SP HEIGHT="50" WIDTH="27" VPOS="3659" HPOS="1130"/>
<String CONTENT="quest," HEIGHT="62" WIDTH="176" VPOS="3647" HPOS="1158"/>
<SP HEIGHT="68" WIDTH="31" VPOS="3640" HPOS="1335"/>
<String CONTENT="by" HEIGHT="69" WIDTH="71" VPOS="3640" HPOS="1367"/>
<SP HEIGHT="70" WIDTH="32" VPOS="3639" HPOS="1439"/>
<String CONTENT="Gertrude" HEIGHT="55" WIDTH="281" VPOS="3638" HPOS="1472"/>
<SP HEIGHT="54" WIDTH="30" VPOS="3638" HPOS="1754"/>
<String LANG="fi" CS="1" CONTENT="Venetta" HEIGHT="54" WIDTH="203" VPOS="3638" HPOS="1785"/>
<SP HEIGHT="55" WIDTH="36" VPOS="3637" HPOS="2025"/>
<String CONTENT="Cope." HEIGHT="70" WIDTH="170" VPOS="3637" HPOS="2062"/>
<SP HEIGHT="51" WIDTH="80" VPOS="3639" HPOS="2233"/>
<String CONTENT="Boston," HEIGHT="149" WIDTH="1989" VPOS="3639" HPOS="434"/>
<SP HEIGHT="68" WIDTH="26" VPOS="3720" HPOS="551"/>
<String CONTENT="Marshall" HEIGHT="53" WIDTH="277" VPOS="3720" HPOS="578"/>
<SP HEIGHT="53" WIDTH="31" VPOS="3720" HPOS="856"/>
<String CONTENT="Jones" HEIGHT="53" WIDTH="174" VPOS="3720" HPOS="888"/>
<SP HEIGHT="35" WIDTH="29" VPOS="3738" HPOS="1063"/>
<String CONTENT="company," HEIGHT="50" WIDTH="293" VPOS="3738" HPOS="1093"/>
<SP HEIGHT="64" WIDTH="32" VPOS="3722" HPOS="1387"/>
<String CONTENT="1936." HEIGHT="50" WIDTH="148" VPOS="3721" HPOS="1420"/>
</TextLine>
<TextLine HEIGHT="49" WIDTH="446" VPOS="3791" HPOS="505" STYLEREFS="StyleId-A3D19A4E-4E5E-4D5C-9761-1FB258042818-" CS="1">
<String CONTENT="vii," HEIGHT="48" WIDTH="82" VPOS="3792" HPOS="505"/>
<SP HEIGHT="48" WIDTH="26" VPOS="3792" HPOS="588"/>
<String CONTENT="154" HEIGHT="41" WIDTH="87" VPOS="3791" HPOS="615"/>
<SP HEIGHT="48" WIDTH="27" VPOS="3792" HPOS="703"/>
<String CONTENT="p." HEIGHT="38" WIDTH="43" VPOS="3802" HPOS="731"/>
<SP HEIGHT="42" WIDTH="58" VPOS="3791" HPOS="775"/>
<String CS="1" CONTENT="24cm." HEIGHT="41" WIDTH="117" VPOS="3791" HPOS="834"/>
</TextLine>
<TextLine HEIGHT="41" WIDTH="213" VPOS="3848" HPOS="505">
<String CONTENT="Initials." HEIGHT="41" WIDTH="213" VPOS="3848" HPOS="505"/>
</TextLine>
<TextLine HEIGHT="42" WIDTH="424" VPOS="3904" HPOS="506">
<String CONTENT="&#8220;First" HEIGHT="41" WIDTH="167" VPOS="3905" HPOS="506"/>
<SP HEIGHT="39" WIDTH="28" VPOS="3907" HPOS="674"/>
<String CONTENT="edition.&#8221;" HEIGHT="42" WIDTH="227" VPOS="3904" HPOS="703"/>
</TextLine>
<TextLine HEIGHT="54" WIDTH="1815" VPOS="3974" HPOS="434" CS="1">
<String CONTENT="&#169;" HEIGHT="54" WIDTH="53" VPOS="3974" HPOS="434"/>
<SP HEIGHT="54" WIDTH="29" VPOS="3974" HPOS="488"/>
<String CONTENT="Feb." HEIGHT="40" WIDTH="109" VPOS="3979" HPOS="518"/>
<SP HEIGHT="39" WIDTH="26" VPOS="3980" HPOS="628"/>
<String CONTENT="3," HEIGHT="46" WIDTH="42" VPOS="3980" HPOS="655"/>
<SP HEIGHT="46" WIDTH="27" VPOS="3980" HPOS="698"/>
<String CS="1" CONTENT="1936;" HEIGHT="40" WIDTH="117" VPOS="3979" HPOS="726"/>
<SP HEIGHT="47" WIDTH="30" VPOS="3979" HPOS="867"/>
<String CONTENT="2c." HEIGHT="41" WIDTH="66" VPOS="3979" HPOS="898"/>
<SP HEIGHT="28" WIDTH="29" VPOS="3990" HPOS="965"/>
<String CONTENT="and" HEIGHT="38" WIDTH="93" VPOS="3980" HPOS="995"/>
<SP HEIGHT="39" WIDTH="31" VPOS="3980" HPOS="1089"/>
<String CONTENT="aff." HEIGHT="40" WIDTH="82" VPOS="3979" HPOS="1121"/>
<SP HEIGHT="39" WIDTH="30" VPOS="3979" HPOS="1204"/>
<String CONTENT="Feb." HEIGHT="41" WIDTH="110" VPOS="3979" HPOS="1235"/>
<SP HEIGHT="40" WIDTH="28" VPOS="3980" HPOS="1346"/>
<String CONTENT="4:" HEIGHT="39" WIDTH="52" VPOS="3980" HPOS="1375"/>
<SP HEIGHT="40" WIDTH="32" VPOS="3979" HPOS="1428"/>
<!-- cceid 94F16DFF-6E3A-1014-83DD-942C093A1DD9 --><String CONTENT="A" HEIGHT="38" WIDTH="38" VPOS="3979" HPOS="1461"/>
<SP HEIGHT="39" WIDTH="28" VPOS="3978" HPOS="1500"/>
<String CONTENT="90615;" HEIGHT="42" WIDTH="171" VPOS="3977" HPOS="1529"/>
<SP HEIGHT="41" WIDTH="33" VPOS="3978" HPOS="1701"/>
<String CONTENT="Marshall" HEIGHT="40" WIDTH="238" VPOS="3977" HPOS="1735"/>
<SP HEIGHT="39" WIDTH="30" VPOS="3977" HPOS="1974"/>
<String CONTENT="Jones" HEIGHT="40" WIDTH="147" VPOS="3977" HPOS="2005"/>
<SP HEIGHT="29" WIDTH="28" VPOS="3988" HPOS="2153"/>
<String CONTENT="co." HEIGHT="29" WIDTH="67" VPOS="3988" HPOS="2182"/>
</TextLine>
<TextLine HEIGHT="50" WIDTH="253" VPOS="4035" HPOS="515">
<String CONTENT="(36-4943)" HEIGHT="50" WIDTH="253" VPOS="4035" HPOS="515"/>
</TextLine>
</TextBlock>
</PrintSpace>
</Page>
</Layout>
</alto>