2519 4377
1353 4121 99 49 598

379 437 237 55 Florida
666 440 203 67 digest,
918 442 134 50 1846
1099 444 58 48 to
1207 440 148 66 date,
1403 440 269 67 covering
1717 440 239 53 Florida
2005 445 227 64 reports
2277 441 112 52 and

452 518 288 55 Southern
777 521 277 65 reporter,
1092 537 59 34 as
1189 518 127 52 well
1359 536 59 34 as
1456 518 242 53 Florida
1734 536 154 35 cases
1923 519 235 53 decided
2196 519 61 52 in
2295 520 95 52 the

449 596 222 54 federal
703 595 247 54 District
979 597 112 52 and
1125 596 222 55 Circuit
1378 602 206 61 courts,
1619 596 221 55 Circuit
1871 602 165 47 court
2063 597 63 53 of
2158 597 234 69 appeals

450 673 1942 69 and Supreme court of the United States … with current
450 752 348 54 cumulative
839 753 204 67 pocket
1083 751 214 54 service.
1393 753 225 54 volume
1660 757 47 50 3.
1754 753 470 56 Bail-Coroners.
2308 755 82 55 St.

450 832 165 65 Paul,
639 831 203 68 Minn.,
864 833 161 54 West
1048 830 339 70 publishing
1410 849 78 36 co.
1522 866 13 33 [
1539 837 18 22 c
1563 834 134 51 1936
1703 866 12 33 ]

452 905 100 46 viii,
579 905 88 41 704
690 916 43 37 p.
789 904 117 41 26cm.

382 972 53 53 ©
461 977 114 48 Apr.
603 975 70 48 28,
701 975 142 48 1936;
874 976 68 40 2c.
972 977 115 47 May
1114 975 82 48 18;
1227 975 82 43 aff.
1338 977 113 47 May
1479 975 82 48 20;
1592 977 41 38 A
1660 975 145 41 94624;
1864 977 135 41 West
2029 978 108 47 pub.
2167 988 68 31 co.

381 1079 262 66 Forster,
672 1080 256 54 Edward
953 1080 270 64 Morgan,
1252 1082 171 53 1879-

453 1155 261 70 Abinger
748 1156 249 68 harvest,
1030 1156 76 68 by
1141 1156 67 55 E.
1246 1156 79 53 M.
1366 1155 248 54 Forster.
1691 1156 138 53 New
1867 1156 180 68 York,
2084 1158 310 68 Harcourt,

380 1234 184 54 Brace
595 1234 114 53 and
737 1251 282 51 company
1053 1267 13 34 [
1070 1240 19 21 c
1094 1235 133 52 1936
1234 1269 12 33 ]

453 1316 45 36 x,
531 1305 86 41 363
650 1316 44 38 p.
755 1305 118 41 22cm.

454 1362 253 49 “Articles,
745 1372 181 38 essays,
965 1362 205 40 reviews
1210 1363 125 49 [and]
1375 1361 534 51 poems.”—Prefatory
1945 1367 128 39 note.

458 1419 163 41 “First
654 1419 261 40 American
948 1418 229 41 edition.”

383 1475 53 54 ©
459 1480 113 48 Apr.
597 1479 71 49 30,
693 1478 142 47 1936;
862 1479 69 40 2c.
958 1480 115 47 May
1099 1479 82 47 11;
1210 1478 82 41 aff.
1321 1480 113 46 May
1461 1479 83 47 12;
1572 1480 41 38 A
1639 1478 172 50 94396;
1840 1481 52 40 E.
1921 1481 63 40 M.
2013 1481 213 47 Forster,
453 1480 1927 106 Abinger
564 1538 250 45 Hammer,
840 1535 234 49 Dorking,
1102 1537 237 47 England.
1406 1535 282 51 (36-10167)

383 1626 304 67 Franklin,
716 1625 339 68 Benjamin,
1086 1628 329 55 1706-1790.

386 1701 2008 149 … Representative selections, with introduction, bibliography, and notes, by Frank Luther Mott … and Chester E.
386 1858 2011 70 Jorgenson … New York, Cincinnati [etc.] American book
386 1955 282 51 company
710 1971 13 34 [
726 1943 19 21 c
750 1938 153 66 1936]

456 2008 252 48 clxxxviii,
739 2007 86 41 544
853 2019 43 38 p.
956 2007 137 40 front.
1137 2008 172 49 (port.)
1347 2008 25 40 1
1402 2008 129 41 illus.
1591 2009 147 41 18½cm.
1809 2010 301 51 (Half-title:
2138 2012 259 43 American

387 2066 193 40 writers
611 2066 179 47 series;
822 2065 62 42 H.
917 2065 61 41 H.
1012 2065 163 49 Clark,
1210 2066 197 47 general
1438 2065 184 48 editor)

458 2122 228 41 Includes
717 2132 63 30 an
812 2123 144 39 exact
983 2120 245 43 facsimile
1261 2121 51 41 of
1347 2121 153 41 “Poor
1531 2122 258 42 Richard’s
1822 2124 286 40 almanack”
2142 2125 79 41 for
2253 2126 114 42 1753;

387 2190 43 38 p.
460 2178 221 41 225-260.

458 2236 229 42 Includes
718 2236 155 41 music
905 2236 123 41 with
1058 2235 175 43 words.

460 2294 250 41 “Selected
741 2292 397 49 bibliography”;
1175 2304 43 37 p.
1254 2293 346 41 cli-clxxxviii.

388 2350 53 54 ©
467 2356 114 47 May
605 2354 40 47 9,
671 2353 141 47 1936;
839 2352 67 43 2c.
931 2354 97 38 and
1052 2352 83 40 aff.
1162 2353 113 46 May
1302 2352 81 47 15;
1413 2353 39 38 A
1478 2351 171 48 95191;
1677 2353 160 41 Amer.
1863 2353 124 41 book
2012 2365 67 29 co.

469 2411 283 48 (36-10175)

387 2501 326 66 Friedrich,
744 2503 189 64 Hans,
966 2506 174 51 1884-

520 2574 1880 74 … Dismas Roller der schafer, roman. Braunschweig, F.
443 2657 180 69 Vieweg
649 2658 46 51 &
721 2655 142 54 sohn
898 2688 14 35 [
915 2661 19 22 c
939 2658 153 65 1935]

457 2728 88 43 339
573 2741 43 38 p.
679 2729 128 40 illus.
868 2728 118 45 20cm.

390 2786 1997 110 © Sept. 15, 1935; 1c. Mar. 19, 1936; A-Foreign 30989; Friedrich Vieweg & sohn, a.-g. (36-10744)
390 2938 195 64 Frost,
611 2935 232 67 Lesley,
870 2936 84 53 ed.

465 3011 174 56 Come
690 3012 347 67 Christmas;
1093 3030 31 34 a
1173 3010 268 54 selection
1490 3009 64 53 of
1605 3009 319 55 Christmas
1974 3016 220 64 poetry,
2244 3029 157 52 song,

393 3092 201 52 drama
633 3090 115 53 and
784 3107 183 51 prose,
1005 3087 191 55 edited
1232 3088 75 68 by
1343 3088 201 68 Lesley
1583 3088 185 53 Frost.
1845 3088 140 53 New
2025 3089 179 68 York,
2243 3090 156 55 Cow-

395 3166 777 68 ard-McCann, inc. [ c 1935]
464 3240 83 39 xiv
577 3250 56 37 p.,
663 3241 24 39 1
740 3270 22 17 l.,
790 3238 101 46 430,
924 3238 55 49 [2]
1010 3248 44 37 p.
1114 3238 137 39 front.
1293 3236 215 49 (facsim.
1539 3248 59 30 on
1629 3238 26 39 2
1706 3239 34 48 l.)
1779 3238 128 41 illus.
1968 3239 148 40 19½cm.

466 3296 236 41 Contains
732 3305 143 37 songs
908 3294 121 40 with
1059 3294 168 41 music.

394 3352 53 53 ©
485 3357 118 39 Nov.
639 3355 72 49 25,
750 3353 140 48 1935;
932 3354 67 40 2c.
1039 3354 114 47 Apr.
1192 3353 69 43 25,
1303 3352 141 47 1936;
1487 3352 82 41 aff.
1609 3353 113 49 Apr.
1763 3353 83 47 24;
1889 3354 39 38 A
1968 3352 172 49 94424;

467 3354 1939 108 Coward-McCann,
724 3412 90 40 inc.
874 3410 280 51 [Copyright
1181 3410 41 39 is
1247 3410 205 40 claimed
1479 3420 58 29 on
1565 3410 161 39 “Good
1754 3410 169 39 relief”
1949 3411 62 47 by
2037 3411 184 40 Robert
2245 3411 158 49 Frost]

477 3468 282 50 (36-10169)

395 3560 187 64 Gann,
611 3558 256 55 William
897 3559 89 64 D.,
1017 3559 171 54 1878-

464 3634 138 54 New
635 3634 159 54 stock
827 3635 167 52 trend
1029 3634 279 66 detector;
1344 3652 32 33 a
1414 3633 205 53 review
1656 3632 65 54 of
1756 3633 95 52 the
1890 3635 311 51 1929-1932
2234 3634 170 67 panic

395 3713 112 52 and
540 3714 94 52 the
669 3715 309 50 1932-1935
1008 3711 122 54 bull
1159 3710 241 68 market,
1433 3711 140 52 with
1605 3728 122 35 new
1760 3711 150 53 rules
1941 3711 114 53 and
2089 3712 189 53 charts
2310 3710 94 53 for

395 3791 291 70 detecting
720 3792 167 52 trend
925 3790 64 53 of
1023 3789 203 68 stocks,
1264 3789 74 69 by
1373 3786 263 56 William
1674 3789 71 53 D.
1783 3787 186 56 Gann.
2046 3789 138 53 New
2223 3788 182 67 York,

397 3866 1321 72 Financial guardian publishing co. [ c 1936]
468 3941 63 49 ix,
565 3945 71 49 [1],
667 3942 83 41 191
780 3953 42 37 p.
883 3941 135 41 front.
1061 3942 172 49 (port.)
1271 3942 180 46 diagrs.
1511 3938 148 43 23½cm.

400 3998 53 52 ©
482 4003 120 39 Mar.
632 4002 70 47 26,
732 4000 141 49 1936;
904 4000 66 41 2c.
999 4001 95 39 and
1125 4000 82 41 aff.
1238 4001 112 47 Apr.
1381 3999 52 47 6;
1466 4000 41 38 A
1535 3997 172 49 92793;
1739 3999 71 40 W.
1842 3999 55 38 D.
1931 3998 153 47 Gann,
2116 3997 117 41 New
2262 3996 145 41 York.

480 4058 282 48 (36-10329)
