2519 4377
1041 4107 133 52 1117

104 482 330 65 Euripides.

175 572 121 52 The
334 570 244 55 Alcestis
617 570 65 53 of
720 568 337 68 Euripides;
1099 588 72 33 an
1210 567 244 69 English
1493 565 223 54 version
1752 566 75 68 by
1866 566 230 68 Dudley

108 650 149 53 Fitts
298 649 112 52 and
450 648 215 53 Robert
707 646 358 69 Fitzgerald;
1110 645 139 54 with
1290 645 353 54 decorations
1682 644 74 68 by
1798 644 298 53 Elizabeth

109 726 221 68 Ewing.
400 725 138 53 New
573 724 180 69 York,
786 725 309 66 Harcourt,
1127 724 181 53 Brace
1340 723 113 53 and
1484 740 280 51 company
1801 755 13 34 [
1818 729 18 22 c
1842 726 151 64 1936]

178 809 900 51 6 p. l. , 3-91 p., 1 l. illus. 22½ cm .
180 881 161 40 “First
372 880 226 42 edition.”

107 945 52 54 ©
190 950 118 48 Aug.
343 950 68 48 13,
446 950 112 40 1936;
619 948 69 43 2c.
720 951 119 47 Aug.
874 950 81 47 15;
990 949 80 42 aff.
1104 951 119 47 Aug.
1255 949 81 48 19;
1371 951 41 39 A
1443 948 170 49 96988;
1648 950 260 49 Harcourt,
1944 950 158 40 Brace

176 1008 35 39 &
232 1016 80 40 co.,
339 1007 88 40 inc.
489 1006 279 48 (36-18218)

105 1111 210 63 Fargo,
345 1109 196 55 Lucile
571 1112 230 63 Foster,
831 1115 170 50 1880-

171 1199 509 68 Marian-Martha,
710 1199 76 69 by
817 1199 196 53 Lucile
1044 1199 64 53 F.
1143 1199 191 69 Fargo;
1399 1198 384 54 illustrations
1810 1199 77 69 by
104 1199 1973 131 Dorothea
264 1277 258 54 Warren.
591 1278 139 53 New
764 1277 180 67 York,
973 1278 191 68 Dodd,
1196 1278 172 53 Mead
1401 1280 45 50 &
1478 1294 298 52 company,
1810 1280 150 50 1936.

175 1363 103 49 xiii,
306 1363 84 41 257
418 1374 43 37 p.
487 1363 108 39 incl.
626 1363 163 49 front.,
818 1363 143 49 illus.,
991 1363 158 49 plates.
1220 1374 63 38 pl.
1340 1364 55 40 21
1399 1367 44 21 cm
1447 1396 10 10 .

107 1430 52 53 ©
188 1435 119 45 Aug.
334 1434 69 48 20,
433 1433 140 47 1936;
603 1434 68 40 2c.
698 1435 120 47 Aug.
846 1434 82 48 25;
960 1433 81 40 aff.
1073 1434 120 47 Aug.
1222 1433 83 48 22;
1338 1435 42 39 A
1408 1433 171 48 97522;
1614 1434 51 40 L.
1697 1434 52 41 F.
1780 1434 172 47 Fargo,
1984 1434 117 40 New

178 1491 143 39 York.
392 1490 279 49 (36-27388)

105 1594 233 64 Farma,
363 1592 253 56 William
642 1593 239 67 Joseph,
906 1593 83 55 ed.

175 1686 191 65 Prose,
413 1690 200 62 poetry
662 1685 113 53 and
822 1685 199 53 drama
1071 1685 93 53 for
1212 1685 122 52 oral
1380 1683 469 70 interpretation;
1896 1684 206 53 second

104 1762 1998 68 series, selected and arranged by William J. Farma … New
108 1840 160 53 York
291 1840 111 52 and
426 1840 258 67 London,
707 1840 232 68 Harper
963 1844 46 50 &
1030 1840 276 68 brothers,
1334 1843 149 52 1936.

180 1924 122 39 xxiii
328 1935 58 38 p.,
415 1925 26 38 2
491 1954 23 20 l.,
544 1924 148 41 3-529
715 1936 45 38 p.
815 1924 56 41 21½
904 1928 44 21 cm
953 1957 9 10 .

179 1995 160 40 “First
370 1995 225 42 edition.”

180 2050 346 49 Bibliography:
586 2062 44 38 p.
663 2053 215 40 514-523.

110 2118 52 53 ©
196 2124 127 38 June
351 2122 68 46 23,
454 2122 139 48 1936;
629 2122 68 43 2c.
731 2123 126 40 June
889 2122 84 49 23;
1010 2121 82 42 aff.
1128 2122 125 40 June
1287 2121 82 49 25;
1404 2122 42 39 A
1476 2120 169 49 95832;
1683 2123 194 47 Harper
1909 2121 36 40 &
1977 2121 126 40 bros.

109 2241 166 64 Finn,
299 2241 319 66 Jonathan,
645 2258 179 50 comp.

178 2332 203 53 Prison
425 2331 200 68 voices,
668 2330 140 54 with
851 2350 73 34 an
963 2330 391 55 introduction
1395 2331 75 67 by
1511 2330 254 56 Warden
1806 2332 184 53 Lewis
2035 2333 68 52 E.

108 2411 196 52 Lawes
340 2409 64 53 of
444 2410 143 66 Sing
625 2409 146 67 Sing
807 2407 211 70 prison.
1097 2408 299 69 Compiled
1436 2409 113 53 and
1587 2409 190 54 edited
1812 2410 75 67 by
109 2411 1969 129 Jonathan
287 2486 165 54 Finn.
527 2488 139 51 New
705 2486 178 68 York,
921 2486 421 53 International
1377 2487 172 52 crime
1587 2486 334 68 prevention
1960 2505 145 51 exp.,

108 2566 125 65 inc.,
259 2566 150 53 1936.

178 2637 59 40 40
264 2647 44 38 p.
368 2635 55 41 25
427 2639 14 20 cm
476 2669 8 7 .

112 2702 53 53 ©
190 2708 113 46 May
326 2706 70 49 26,
422 2706 140 48 1936;
592 2705 69 41 2c.
689 2705 97 40 and
814 2706 81 39 aff.
924 2707 114 46 May
1064 2704 56 41 29;
1179 2707 41 38 A
1245 2704 171 49 95705;
1447 2706 257 41 Internatl.
1734 2706 148 40 crime
181 2715 1905 87 prevention
310 2762 285 48 exposition,
623 2763 91 39 inc.

110 2866 272 65 Forman,
409 2866 205 64 Henry
640 2865 220 64 James,
890 2868 173 54 1879-

180 2957 121 52 The
340 2964 155 59 story
533 2956 63 53 of
634 2956 290 67 prophecy
959 2956 61 52 in
1057 2956 97 54 the
1191 2955 105 54 life
1335 2956 63 53 of
1437 2955 276 54 mankind
1753 2956 153 55 from
1946 2955 157 69 early

112 3034 1992 67 times to the present day, by Henry James Forman … New
115 3110 1812 69 York, Toronto, Farrar & Rinehart, incorporated [ c 1936]
186 3183 86 40 viii
298 3193 57 38 p.,
384 3182 27 41 3
437 3183 44 46 1.,
508 3183 144 40 3-347
684 3193 43 38 p.
781 3182 164 49 front.,
974 3183 170 48 plates,
1171 3185 164 47 ports.,
1361 3183 205 49 facsim.,
1594 3184 154 47 diagr.
1801 3182 55 40 22
1860 3185 43 22 cm
1908 3214 9 9 .

185 3239 374 48 Bibliography:
591 3249 43 38 p.
664 3239 217 41 335-338.

114 3304 53 52 ©
200 3309 119 47 Aug.
354 3308 68 49 10,
459 3307 140 48 1936;
635 3307 68 42 2c.
740 3308 97 40 and
872 3308 82 41 aff.
986 3309 120 48 Aug.
1142 3310 81 47 12;
1261 3311 41 38 A
1336 3308 171 49 96852;
1547 3311 60 39 H.
1645 3310 43 41 J.
1725 3310 224 48 Forman,
1990 3311 118 39 New

183 3365 143 40 York.
393 3364 280 49 (36-18269)

114 3468 268 64 Georgia.
457 3468 367 64 University.

186 3559 1921 69 Studies in social progress … volume 2. Prepared by the
114 3637 169 52 social
325 3637 209 52 science
578 3637 266 52 faculties
884 3637 62 52 of
985 3639 96 52 the
1123 3637 318 67 university
1480 3641 209 63 system
1732 3638 63 52 of
1838 3635 267 70 Georgia,

115 3714 1966 145 under the supervision of Merritt B. Pound … Athens, Division of publications, The University of Georgia [ c 1935]
187 3862 1137 50 4 p. l. , 245, [1] p. illus. (map) 27×21c m .
183 3918 330 48 Autographic
550 3919 338 46 reproduction
926 3919 51 39 of
1010 3918 330 48 type-written
1377 3928 133 39 copy.

119 3983 52 53 ©
194 3988 108 40 Jan.
324 3990 40 46 4,
390 3987 138 47 1936;
554 3988 67 40 2c.
646 3988 111 41 Feb.
782 3989 54 39 14;
891 3988 80 42 aff.
998 3988 109 40 Feb.
1133 3989 54 40 13;
1240 3989 42 39 A
1304 3987 170 49 93049;
1503 3988 282 47 University
1808 3988 53 39 of
1886 3988 219 49 Georgia,

189 4043 220 40 Division
436 4044 51 38 of
510 4042 339 49 publications.
