2519 4377
1046 4178 134 55 1707

120 504 321 63 Chapman,
469 504 141 52 Paul
638 501 238 65 Wilber,
906 508 170 50 1891-

189 595 300 52 Livestock
515 594 272 66 farming,
813 594 73 66 by
911 594 145 53 Pani
1083 596 86 53 W.
1199 594 296 66 Chapman
1529 636 55 10 ...
1616 594 111 52 and
1754 595 62 51 L.
1843 593 78 53 M.
122 592 1972 133 Sheffer
253 716 54 8 ...
386 672 260 65 Atlanta,

687 671 123 65 Ga.,
850 673 65 51 T.
959 673 66 51 E.
1069 670 188 56 Smith
1300 672 109 52 and
1452 689 297 49 company,
1793 673 149 51 1936.

187 755 1032 52 ix p., 2 l., 720 p. illus., diagrs. 20 cm .
190 828 318 50 Biographies
536 828 51 41 of
615 829 191 40 leaders
835 829 49 39 in
913 829 82 41 the
1024 828 235 41 livestock
1289 828 228 47 industry;
1575 839 41 38 p.
1665 827 234 50 [646]-704.

190 886 282 41 “Livestock
514 884 321 50 periodicals”;
908 896 43 37 p.
997 884 235 50 [711]-712;
1303 884 336 50 bibliography
1683 887 52 38 at
1776 885 91 41 end
1909 885 51 41 of
2002 887 116 40 each

115 944 214 49 chapter.

120 1010 52 54 ©
201 1016 119 41 Aug.
350 1014 69 44 27.
449 1014 140 46 1936;
621 1013 68 40 2c.
720 1016 127 45 Sept.
877 1013 81 47 16;
991 1014 82 39 aff.
1106 1013 100 40 Oct.
1238 1013 55 38 21;
1355 1014 38 38 A
1423 1011 172 41 100243;
1654 1014 191 38 Turner
1877 1014 51 39 E.
1962 1012 155 41 Smith

189 1072 35 39 &
249 1082 65 28 co.
380 1069 281 50 (36-32318)

119 1172 363 67 Chichester,
511 1174 247 53 Francis
783 1173 263 63 Charles,
1074 1179 171 49 1901-

189 1266 148 53 Ride
373 1284 71 35 on
483 1266 97 53 the
616 1265 174 68 wind,
826 1264 77 68 by
938 1264 238 54 Francis
1218 1263 330 56 Chichester
1592 1307 56 10 ...
1744 1265 259 67 London,
2043 1264 76 53 H.

118 1345 300 51 Hamilton
477 1346 151 65 [1936]

187 1417 84 40 285
300 1427 43 37 p.
403 1415 147 40 front,
581 1415 170 49 (port.)
790 1416 171 48 plates,
992 1425 137 38 maps
1156 1415 46 49 (1
1233 1415 144 47 fold.)
1444 1416 58 39 22½
1534 1418 43 21 cm
1582 1446 9 9 .

187 1475 213 39 Account
427 1473 50 40 of
503 1473 80 41 the
608 1472 219 42 author’s
853 1472 139 49 flight
1018 1472 127 39 from
1174 1471 192 49 Sydney
1393 1476 48 37 to
1466 1473 233 39 Katsura.

118 1539 2001 54 © 1c. Nov. 7, 1936; A ad int. 21964; pubd. Sept. 17; F. G. Chichester,
193 1601 231 48 Dawlisli,
457 1601 169 40 Lower
658 1601 140 47 Hutt,
830 1601 117 40 New
980 1599 225 42 Zealand.
1277 1597 282 52 (36-34124)

118 1706 314 64 Conquest,
458 1705 169 55 Joan.

186 1795 197 54 Love’s
431 1812 174 49 curse,
651 1794 75 68 by
773 1796 152 55 Joan
978 1795 299 67 Conquest.
1352 1793 259 68 London,
1659 1794 284 67 Jarrolds,
117 1793 1976 134 limited
265 1876 172 64 [1936]

187 1945 85 40 286
304 1956 41 38 p.
406 1945 56 41 19
463 1947 44 22 cm
513 1977 9 9 .

118 2011 2004 54 © 1c. Nov. 20. 1936; A ad int. 22033; pubd. Sept. 24; Mary Eliza Louise
190 2072 204 47 Gripper
422 2072 170 48 Cooke,
622 2071 439 43 Irton-Holmrook,
1089 2070 339 49 Cumberland,
1457 2071 236 47 England.
201 2128 280 49 (36-34174)

118 2234 270 64 D’Alton,
413 2234 180 54 Louis
617 2233 225 65 Lynch.

186 2326 189 52 Death
416 2325 47 52 is
502 2342 59 36 so
602 2323 136 69 fair,
777 2325 75 67 by
891 2323 175 55 Louis
1104 2325 198 66 Lynch
1344 2324 272 54 D’Alton.
1710 2323 259 69 London,
117 2324 1978 144 Toronto,
323 2406 87 52 W.
437 2403 380 66 Heinemann,
842 2403 103 54 ltd.
1000 2405 151 64 [1936]

187 2475 528 49 4 p. l., 272 p. 20 cm .
119 2540 1950 56 © 1c. Nov 3, 1936; A ad int. 22039; pubd. Sept. 7; L. L. D'Alton, ℅
187 2605 115 38 Mrs.
332 2604 54 39 D.
417 2603 205 47 Palmer,
652 2601 269 47 Celbridge,
948 2601 80 41 Co.
1058 2600 219 48 Kildare,
1307 2600 129 40 Irish
1466 2601 102 41 free
1599 2604 140 37 state.
198 2658 280 50 (36-34173)

113 2763 243 54 Federal
379 2769 271 61 reporter.
715 2762 218 54 Second
955 2764 184 52 series.
1202 2763 168 55 Cases
1394 2764 213 66 argued
1633 2763 112 54 and
1768 2763 350 54 determined

187 2840 58 53 in
271 2843 94 51 the
391 2842 214 54 United
638 2844 188 53 States
854 2841 218 55 Circuit
1100 2847 188 47 courts
1315 2840 62 51 of
1406 2842 251 67 appeals,
1685 2842 216 54 United
1931 2841 189 55 States

189 2920 174 54 Court
392 2920 61 52 of
482 2922 235 65 appeals
743 2919 92 53 for
860 2921 96 51 the
981 2919 240 54 District
1250 2919 62 52 of
1340 2919 317 66 Columbia,
1682 2920 217 54 United
1930 2920 189 56 States

189 3000 177 52 Court
391 2998 62 53 of
479 3006 243 45 customs
748 2998 111 51 and
886 3002 196 61 patent
1109 2997 251 67 appeals,
1387 2998 138 53 with
1551 2998 108 66 key
1682 2999 237 53 number
187 3017 1906 112 annotations.

494 3075 238 53 Volume
770 3078 65 49 84
867 3074 126 67 (2d)
1039 3074 532 69 July-September,
1609 3078 149 51 1936.
1833 3075 81 57 St.
1951 3077 169 68 Paul,
187 3154 199 53 Minn..
412 3155 162 51 West
597 3153 336 66 publishing
961 3171 97 39 co.,
1089 3156 148 50 1936.

293 3225 61 49 xxxvi,
385 3224 113 41 1118
528 3237 42 36 p.
600 3225 111 41 incl.
741 3225 149 41 front,
920 3224 159 49 (map)
1120 3225 177 46 diagrs.
1358 3224 56 41 26
1416 3228 45 21 cm
1467 3258 7 8 .

120 3291 53 54 ©
195 3297 117 40 Nov.
335 3295 69 48 20,
430 3294 114 41 1936;
597 3294 68 42 2c.
692 3295 95 39 and
811 3294 81 41 aff.
919 3296 111 38 Dec.
1058 3295 51 39 14;
1166 3297 38 37 A
1230 3294 174 40 101348;
1460 3297 134 38 West
1620 3296 108 48 pub.
1755 3306 67 30 co.

120 3399 291 64 Fleischig
438 3399 218 64 Joseph
687 3399 73 54 H.

186 3489 121 54 The
352 3488 168 57 Saint
562 3488 262 53 Bernard;
901 3509 32 34 a
977 3489 383 69 presentation
1407 3489 62 53 of
1512 3491 94 52 the
1648 3490 207 70 origin,
1898 3492 220 69 history

118 3568 111 52 and
265 3568 396 68 development
695 3568 62 52 of
790 3568 115 53 this
937 3568 166 53 noble
1135 3569 188 66 breed,
1358 3569 170 69 along
1563 3569 139 53 with
1738 3589 31 34 a
1803 3570 311 54 discussion

119 3646 62 54 of
220 3646 71 53 its
327 3664 141 41 care,
504 3646 276 67 showing,
817 3647 257 68 physical
1112 3647 337 68 perfection,
1484 3648 323 68 kenneling,
1844 3648 274 68 training,

119 3742 122 35 uses
268 3725 111 53 and
406 3723 358 67 disposition,
789 3725 74 65 by
887 3726 215 65 Joseph
1131 3727 75 52 H.
1235 3725 270 54 Fleischli
1538 3770 55 9 ...
1662 3726 269 68 Chicago,
1956 3728 162 66 Judy

120 3801 333 67 publishing
478 3820 297 48 company,
804 3804 149 52 1936.

225 3906 8 14 x,
263 3873 175 41 11-110
464 3885 43 37 p.
567 3873 129 42 illus.
721 3859 8 9 '
756 3872 146 43 22½cm.

189 3930 161 42 “First
377 3930 226 42 edition.”

189 3987 313 49 Advertising
528 3990 181 38 matter;
764 3999 45 37 p.
838 3986 214 43 108-110.

124 4051 51 53 ©
202 4057 99 41 Oct.
329 4058 69 43 15.
426 4058 140 47 1936;
595 4058 69 42 2c.
694 4059 94 40 and
816 4060 82 39 aff.
925 4061 117 40 Nov.
1072 4059 81 43 10;
1184 4062 36 37 A
1252 4059 197 42 100410;
1481 4061 130 39 Judv
1638 4061 108 47 pub.
1775 4070 67 32 co.
207 4113 279 51 (36-32320)
