<alto xmlns="http://www.loc.gov/standards/alto/ns-v3#" xmlns:xlink="http://www.w3.org/1999/xlink" xmlns:xsi="http://www.w3.org/2001/XMLSchema-instance" xsi:schemaLocation="http://www.loc.gov/standards/alto/ns-v3# http://www.loc.gov/alto/v3/alto-3-0.xsd"><Description>
<MeasurementUnit>pixel</MeasurementUnit>
<sourceImageInformation>
<fileName>1936_v33_Part1.pdf</fileName>
</sourceImageInformation>
<OCRProcessing ID="IdOcr">
<ocrProcessingStep>
<processingDateTime>2019-01-18</processingDateTime>
<processingSoftware>
<softwareCreator>ABBYY</softwareCreator>
<softwareName>ABBYY Recognition Server</softwareName>
<softwareVersion>4.0</softwareVersion>
</processingSoftware>
</ocrProcessingStep>
</OCRProcessing>
</Description>
<Styles>
<ParagraphStyle ID="StyleId-FFFFFFFF-FFFF-FFFF-FFFF-FFFFFFFFFFFF-" ALIGN="Left" LEFT="0." RIGHT="0." FIRSTLINE="0."/>
<ParagraphStyle ID="StyleId-51D50FAC-7A90-4D70-8A96-5EA9D46D1C8B-" ALIGN="Left" LEFT="0." RIGHT="0." FIRSTLINE="0." LINESPACE="7.699999809"/>
<ParagraphStyle ID="StyleId-6BC133E9-7DCB-43C3-8842-A67984A26405-" ALIGN="Block" LEFT="0." RIGHT="0." FIRSTLINE="-17." LINESPACE="8.340000153"/>
<ParagraphStyle ID="StyleId-3C3FF860-43E7-46A2-8934-48F305F6F0D6-" ALIGN="Left" LEFT="0." RIGHT="0." FIRSTLINE="-13." LINESPACE="11.06999969"/>
<ParagraphStyle ID="StyleId-19220C76-4F8A-4737-B38C-B5F5C17E6040-" ALIGN="Block" LEFT="0." RIGHT="0." FIRSTLINE="-13." LINESPACE="11.06999969"/>
<ParagraphStyle ID="StyleId-75A0D721-13ED-4F20-9002-B389EC48477D-" ALIGN="Left" LEFT="0." RIGHT="0." FIRSTLINE="0." LINESPACE="15.5"/>
<ParagraphStyle ID="StyleId-8A414184-C7A5-4AC7-9B88-7DA4DDE75922-" ALIGN="Left" LEFT="0." RIGHT="0." FIRSTLINE="0." LINESPACE="9.399999619"/>
<ParagraphStyle ID="StyleId-1A87970B-111C-4169-99A6-9412976F3C97-" ALIGN="Left" LEFT="0." RIGHT="0." FIRSTLINE="0." LINESPACE="10.5"/>
<ParagraphStyle ID="StyleId-72DB0571-5AE4-41FD-9E11-68C6AC4C437E-" ALIGN="Block" LEFT="0." RIGHT="0." FIRSTLINE="-17." LINESPACE="8.340000153"/>
<ParagraphStyle ID="StyleId-1AA43056-C388-4697-B10F-72FDAA38FAE1-" ALIGN="Center" LEFT="0." RIGHT="0." FIRSTLINE="0." LINESPACE="10.5"/>
</Styles>
<Layout>
<Page ID="Page1781" PHYSICAL_IMG_NR="1781" HEIGHT="4377" WIDTH="2519">
<TopMargin HEIGHT="414" WIDTH="2519" VPOS="0" HPOS="0">
</TopMargin>
<LeftMargin HEIGHT="3813" WIDTH="52" VPOS="414" HPOS="0">
</LeftMargin>
<RightMargin HEIGHT="3813" WIDTH="421" VPOS="414" HPOS="2098">
</RightMargin>
<BottomMargin HEIGHT="150" WIDTH="2519" VPOS="4227" HPOS="0">
</BottomMargin>
<PrintSpace HEIGHT="3813" WIDTH="2046" VPOS="414" HPOS="52">
<TextBlock ID="Page1781_Block1" HEIGHT="176" WIDTH="306" VPOS="4051" HPOS="992" LANG="en-US" STYLEREFS="StyleId-74AA3C37-BD1D-4811-A141-4091E454D90E-">
<TextLine HEIGHT="50" WIDTH="129" VPOS="4075" HPOS="1015">
<String CONTENT="1781" HEIGHT="50" WIDTH="129" VPOS="4075" HPOS="1015"/>
</TextLine>
</TextBlock>
<TextBlock ID="Page1781_Block2" HEIGHT="3670" WIDTH="2046" VPOS="414" HPOS="52" LANG="en-US" CS="1" STYLEREFS="StyleId-89D5B5F2-49AF-4159-8FE2-3B3AC6B1354C-">
<Shape>
<Polygon POINTS="52,414 2098,414 2098,4012 842,4012 842,4084 52,4084 52,414"/>
</Shape>
<TextLine HEIGHT="48" WIDTH="470" VPOS="511" HPOS="161" CS="1">
<String CONTENT="xv," HEIGHT="35" WIDTH="76" VPOS="522" HPOS="161"/>
<SP HEIGHT="44" WIDTH="28" VPOS="513" HPOS="238"/>
<String CONTENT="414" HEIGHT="38" WIDTH="86" VPOS="513" HPOS="267"/>
<SP HEIGHT="46" WIDTH="29" VPOS="513" HPOS="354"/>
<String CONTENT="p." HEIGHT="37" WIDTH="41" VPOS="522" HPOS="384"/>
<SP HEIGHT="42" WIDTH="59" VPOS="511" HPOS="426"/>
<String CS="1" CONTENT="22&#189;cm." HEIGHT="41" WIDTH="145" VPOS="511" HPOS="486"/>
</TextLine>
<TextLine HEIGHT="50" WIDTH="1920" VPOS="580" HPOS="163" CS="1">
<String CONTENT="&#8220;A" HEIGHT="40" WIDTH="68" VPOS="581" HPOS="163"/>
<SP HEIGHT="39" WIDTH="30" VPOS="582" HPOS="232"/>
<String CONTENT="record" HEIGHT="39" WIDTH="165" VPOS="582" HPOS="263"/>
<SP HEIGHT="40" WIDTH="30" VPOS="581" HPOS="429"/>
<String CONTENT="in" HEIGHT="38" WIDTH="47" VPOS="581" HPOS="460"/>
<SP HEIGHT="39" WIDTH="28" VPOS="580" HPOS="508"/>
<String CONTENT="fiction" HEIGHT="41" WIDTH="164" VPOS="580" HPOS="537"/>
<SP HEIGHT="40" WIDTH="28" VPOS="581" HPOS="702"/>
<String CONTENT="form" HEIGHT="39" WIDTH="126" VPOS="581" HPOS="731"/>
<SP HEIGHT="28" WIDTH="26" VPOS="592" HPOS="858"/>
<String CONTENT="not" HEIGHT="37" WIDTH="83" VPOS="584" HPOS="885"/>
<SP HEIGHT="37" WIDTH="28" VPOS="584" HPOS="969"/>
<String CONTENT="only" HEIGHT="48" WIDTH="111" VPOS="581" HPOS="998"/>
<SP HEIGHT="38" WIDTH="26" VPOS="591" HPOS="1110"/>
<String CONTENT="of" HEIGHT="40" WIDTH="52" VPOS="581" HPOS="1137"/>
<SP HEIGHT="40" WIDTH="28" VPOS="581" HPOS="1190"/>
<String CS="1" CONTENT="&#8230;"/>
<SP HEIGHT="29" WIDTH="30" VPOS="592" HPOS="1266"/>
<String CONTENT="nationally" HEIGHT="48" WIDTH="271" VPOS="581" HPOS="1297"/>
<SP HEIGHT="37" WIDTH="30" VPOS="592" HPOS="1569"/>
<String CONTENT="or" HEIGHT="28" WIDTH="53" VPOS="592" HPOS="1600"/>
<SP HEIGHT="38" WIDTH="30" VPOS="583" HPOS="1654"/>
<String CONTENT="internationally" HEIGHT="50" WIDTH="398" VPOS="580" HPOS="1685"/>
</TextLine>
<TextLine HEIGHT="51" WIDTH="1993" VPOS="637" HPOS="93" CS="1">
<String CONTENT="important" HEIGHT="48" WIDTH="265" VPOS="638" HPOS="93"/>
<SP HEIGHT="36" WIDTH="31" VPOS="642" HPOS="359"/>
<String CONTENT="events" HEIGHT="37" WIDTH="166" VPOS="640" HPOS="391"/>
<SP HEIGHT="41" WIDTH="31" VPOS="647" HPOS="558"/>
<String CS="1" CONTENT="[of" HEIGHT="40" WIDTH="51" VPOS="637" HPOS="605"/>
<SP HEIGHT="40" WIDTH="28" VPOS="637" HPOS="657"/>
<String CONTENT="1934]" HEIGHT="50" WIDTH="129" VPOS="637" HPOS="686"/>
<SP HEIGHT="49" WIDTH="31" VPOS="638" HPOS="816"/>
<String CONTENT="but" HEIGHT="39" WIDTH="87" VPOS="638" HPOS="848"/>
<SP HEIGHT="38" WIDTH="28" VPOS="639" HPOS="936"/>
<String CONTENT="as" HEIGHT="29" WIDTH="54" VPOS="648" HPOS="965"/>
<SP HEIGHT="29" WIDTH="29" VPOS="648" HPOS="1020"/>
<String CONTENT="well" HEIGHT="39" WIDTH="108" VPOS="639" HPOS="1050"/>
<SP HEIGHT="37" WIDTH="30" VPOS="640" HPOS="1159"/>
<String CONTENT="of" HEIGHT="39" WIDTH="52" VPOS="638" HPOS="1190"/>
<SP HEIGHT="40" WIDTH="29" VPOS="638" HPOS="1243"/>
<String CONTENT="the" HEIGHT="39" WIDTH="81" VPOS="639" HPOS="1273"/>
<SP HEIGHT="30" WIDTH="32" VPOS="648" HPOS="1355"/>
<String CONTENT="ordinary" HEIGHT="48" WIDTH="230" VPOS="638" HPOS="1388"/>
<SP HEIGHT="47" WIDTH="32" VPOS="639" HPOS="1619"/>
<String CONTENT="individual&#8217;s" HEIGHT="40" WIDTH="313" VPOS="638" HPOS="1652"/>
<SP HEIGHT="36" WIDTH="34" VPOS="641" HPOS="1966"/>
<String CONTENT="life" HEIGHT="41" WIDTH="85" VPOS="638" HPOS="2001"/>
</TextLine>
<TextLine HEIGHT="49" WIDTH="1991" VPOS="694" HPOS="91">
<String CONTENT="as" HEIGHT="29" WIDTH="55" VPOS="704" HPOS="91"/>
<SP HEIGHT="38" WIDTH="38" VPOS="695" HPOS="147"/>
<String CONTENT="it" HEIGHT="39" WIDTH="40" VPOS="695" HPOS="186"/>
<SP HEIGHT="38" WIDTH="38" VPOS="696" HPOS="227"/>
<String CONTENT="was" HEIGHT="30" WIDTH="99" VPOS="704" HPOS="266"/>
<SP HEIGHT="40" WIDTH="39" VPOS="694" HPOS="366"/>
<String CONTENT="being" HEIGHT="49" WIDTH="141" VPOS="694" HPOS="406"/>
<SP HEIGHT="48" WIDTH="37" VPOS="695" HPOS="548"/>
<String CONTENT="lived" HEIGHT="41" WIDTH="129" VPOS="694" HPOS="586"/>
<SP HEIGHT="40" WIDTH="41" VPOS="695" HPOS="716"/>
<String CONTENT="on" HEIGHT="30" WIDTH="59" VPOS="705" HPOS="758"/>
<SP HEIGHT="38" WIDTH="42" VPOS="697" HPOS="818"/>
<String CONTENT="the" HEIGHT="39" WIDTH="81" VPOS="696" HPOS="861"/>
<SP HEIGHT="40" WIDTH="39" VPOS="695" HPOS="943"/>
<String CONTENT="five" HEIGHT="40" WIDTH="90" VPOS="695" HPOS="983"/>
<SP HEIGHT="31" WIDTH="38" VPOS="705" HPOS="1074"/>
<String CONTENT="continents" HEIGHT="42" WIDTH="274" VPOS="694" HPOS="1113"/>
<SP HEIGHT="37" WIDTH="41" VPOS="698" HPOS="1388"/>
<String CONTENT="throughout" HEIGHT="47" WIDTH="296" VPOS="696" HPOS="1430"/>
<SP HEIGHT="38" WIDTH="40" VPOS="697" HPOS="1727"/>
<String CONTENT="that" HEIGHT="39" WIDTH="107" VPOS="696" HPOS="1768"/>
<SP HEIGHT="45" WIDTH="42" VPOS="698" HPOS="1876"/>
<String CONTENT="period" HEIGHT="48" WIDTH="163" VPOS="695" HPOS="1919"/>
</TextLine>
<TextLine HEIGHT="42" WIDTH="431" VPOS="750" HPOS="91">
<String CONTENT="of" HEIGHT="39" WIDTH="50" VPOS="752" HPOS="91"/>
<SP HEIGHT="39" WIDTH="28" VPOS="752" HPOS="142"/>
<String CONTENT="time.&#8221;&#8212;Pref." HEIGHT="42" WIDTH="351" VPOS="750" HPOS="171"/>
</TextLine>
<TextLine HEIGHT="42" WIDTH="707" VPOS="807" HPOS="162">
<String CONTENT="&#8220;First" HEIGHT="41" WIDTH="160" VPOS="808" HPOS="162"/>
<SP HEIGHT="39" WIDTH="30" VPOS="809" HPOS="323"/>
<String CONTENT="American" HEIGHT="42" WIDTH="256" VPOS="807" HPOS="354"/>
<SP HEIGHT="31" WIDTH="29" VPOS="818" HPOS="611"/>
<String CONTENT="edition.&#8221;" HEIGHT="41" WIDTH="228" VPOS="808" HPOS="641"/>
</TextLine>
<TextLine HEIGHT="54" WIDTH="1997" VPOS="874" HPOS="91" CS="1">
<String CONTENT="&#169;" HEIGHT="54" WIDTH="53" VPOS="874" HPOS="91"/>
<SP HEIGHT="54" WIDTH="27" VPOS="874" HPOS="145"/>
<String CONTENT="Nov." HEIGHT="39" WIDTH="117" VPOS="880" HPOS="173"/>
<SP HEIGHT="38" WIDTH="30" VPOS="881" HPOS="291"/>
<String CONTENT="11." HEIGHT="41" WIDTH="67" VPOS="881" HPOS="322"/>
<SP HEIGHT="42" WIDTH="32" VPOS="880" HPOS="390"/>
<String CS="1" CONTENT="1936:" HEIGHT="41" WIDTH="137" VPOS="878" HPOS="423"/>
<SP HEIGHT="41" WIDTH="31" VPOS="878" HPOS="561"/>
<String CONTENT="2c." HEIGHT="39" WIDTH="67" VPOS="878" HPOS="593"/>
<SP HEIGHT="38" WIDTH="31" VPOS="879" HPOS="661"/>
<String CONTENT="Nov." HEIGHT="41" WIDTH="116" VPOS="879" HPOS="693"/>
<SP HEIGHT="41" WIDTH="31" VPOS="879" HPOS="810"/>
<String CONTENT="19;" HEIGHT="45" WIDTH="80" VPOS="879" HPOS="842"/>
<SP HEIGHT="35" WIDTH="32" VPOS="889" HPOS="923"/>
<String CONTENT="aff." HEIGHT="40" WIDTH="80" VPOS="878" HPOS="956"/>
<SP HEIGHT="39" WIDTH="31" VPOS="879" HPOS="1037"/>
<String CONTENT="Nov." HEIGHT="40" WIDTH="118" VPOS="879" HPOS="1069"/>
<SP HEIGHT="39" WIDTH="32" VPOS="880" HPOS="1188"/>
<String CS="1" CONTENT="18;" HEIGHT="35" WIDTH="8" VPOS="890" HPOS="1292"/>
<SP HEIGHT="45" WIDTH="30" VPOS="880" HPOS="1301"/>
<!-- cceid A6C13AC5-6E3A-1014-83DD-942C093A1DD9 --><String CONTENT="A" HEIGHT="37" WIDTH="41" VPOS="880" HPOS="1332"/>
<SP HEIGHT="39" WIDTH="29" VPOS="878" HPOS="1374"/>
<String CS="1" CONTENT="101054;" HEIGHT="39" WIDTH="172" VPOS="878" HPOS="1404"/>
<SP HEIGHT="40" WIDTH="35" VPOS="879" HPOS="1603"/>
<String CS="1" CONTENT="Harcourt." HEIGHT="40" WIDTH="260" VPOS="879" HPOS="1639"/>
<SP HEIGHT="40" WIDTH="32" VPOS="879" HPOS="1900"/>
<String CONTENT="Brace" HEIGHT="36" WIDTH="155" VPOS="879" HPOS="1933"/>
</TextLine>
<TextLine HEIGHT="50" WIDTH="603" VPOS="934" HPOS="161" CS="1">
<String CONTENT="&amp;" HEIGHT="40" WIDTH="34" VPOS="936" HPOS="161"/>
<SP HEIGHT="40" WIDTH="23" VPOS="936" HPOS="196"/>
<String CS="1" CONTENT="co.," HEIGHT="33" WIDTH="53" VPOS="946" HPOS="247"/>
<SP HEIGHT="44" WIDTH="26" VPOS="935" HPOS="301"/>
<String CS="1" CONTENT="inc." HEIGHT="40" WIDTH="89" VPOS="935" HPOS="328"/>
<SP HEIGHT="46" WIDTH="64" VPOS="937" HPOS="418"/>
<String CS="1" CONTENT="(36-34618)" HEIGHT="50" WIDTH="281" VPOS="934" HPOS="483"/>
</TextLine>
<TextLine HEIGHT="64" WIDTH="1192" VPOS="1053" HPOS="89" STYLEREFS="StyleId-2FB170E9-C7A0-49A0-9FC3-348A1168A02C-">
<String CONTENT="Brennemann," HEIGHT="62" WIDTH="429" VPOS="1054" HPOS="89"/>
<SP HEIGHT="62" WIDTH="27" VPOS="1054" HPOS="519"/>
<String CONTENT="Joseph," HEIGHT="64" WIDTH="238" VPOS="1053" HPOS="547"/>
<SP HEIGHT="58" WIDTH="29" VPOS="1058" HPOS="786"/>
<String CONTENT="1872-" HEIGHT="54" WIDTH="170" VPOS="1053" HPOS="816"/>
<SP HEIGHT="36" WIDTH="209" VPOS="1070" HPOS="987"/>
<String CONTENT="ed." HEIGHT="53" WIDTH="84" VPOS="1054" HPOS="1197"/>
</TextLine>
<TextLine HEIGHT="71" WIDTH="1924" VPOS="1141" HPOS="158" STYLEREFS="StyleId-74AA3C37-BD1D-4811-A141-4091E454D90E-">
<String CONTENT="Practice" HEIGHT="52" WIDTH="257" VPOS="1144" HPOS="158"/>
<SP HEIGHT="36" WIDTH="28" VPOS="1162" HPOS="416"/>
<String CONTENT="of" HEIGHT="54" WIDTH="62" VPOS="1144" HPOS="445"/>
<SP HEIGHT="68" WIDTH="29" VPOS="1144" HPOS="508"/>
<String CONTENT="pediatrics," HEIGHT="71" WIDTH="326" VPOS="1141" HPOS="538"/>
<SP HEIGHT="67" WIDTH="27" VPOS="1144" HPOS="865"/>
<String CONTENT="by" HEIGHT="68" WIDTH="75" VPOS="1144" HPOS="893"/>
<SP HEIGHT="49" WIDTH="27" VPOS="1163" HPOS="969"/>
<String CONTENT="various" HEIGHT="53" WIDTH="226" VPOS="1144" HPOS="997"/>
<SP HEIGHT="35" WIDTH="29" VPOS="1162" HPOS="1224"/>
<String CONTENT="authors;" HEIGHT="66" WIDTH="261" VPOS="1144" HPOS="1254"/>
<SP HEIGHT="48" WIDTH="30" VPOS="1162" HPOS="1516"/>
<String CONTENT="edited" HEIGHT="53" WIDTH="186" VPOS="1143" HPOS="1547"/>
<SP HEIGHT="53" WIDTH="31" VPOS="1143" HPOS="1734"/>
<String CONTENT="by" HEIGHT="68" WIDTH="73" VPOS="1143" HPOS="1766"/>
<SP HEIGHT="67" WIDTH="28" VPOS="1144" HPOS="1840"/>
<String CONTENT="Joseph" HEIGHT="68" WIDTH="213" VPOS="1144" HPOS="1869"/>
</TextLine>
<TextLine HEIGHT="69" WIDTH="1998" VPOS="1220" HPOS="87" STYLEREFS="StyleId-74AA3C37-BD1D-4811-A141-4091E454D90E-" CS="1">
<String CONTENT="Brennemann" HEIGHT="52" WIDTH="398" VPOS="1222" HPOS="87"/>
<SP HEIGHT="33" WIDTH="31" VPOS="1240" HPOS="486"/>
<String CS="1" CONTENT="&#8230;"/>
<SP HEIGHT="53" WIDTH="64" VPOS="1221" HPOS="574"/>
<String CONTENT="Hagerstown," HEIGHT="68" WIDTH="401" VPOS="1221" HPOS="639"/>
<SP HEIGHT="68" WIDTH="24" VPOS="1221" HPOS="1041"/>
<String CONTENT="Md.," HEIGHT="68" WIDTH="138" VPOS="1221" HPOS="1066"/>
<SP HEIGHT="67" WIDTH="24" VPOS="1222" HPOS="1205"/>
<String CONTENT="W." HEIGHT="53" WIDTH="90" VPOS="1222" HPOS="1230"/>
<SP HEIGHT="52" WIDTH="24" VPOS="1222" HPOS="1321"/>
<String CONTENT="F." HEIGHT="52" WIDTH="65" VPOS="1222" HPOS="1346"/>
<SP HEIGHT="52" WIDTH="27" VPOS="1222" HPOS="1412"/>
<String CONTENT="Prior" HEIGHT="54" WIDTH="169" VPOS="1220" HPOS="1440"/>
<SP HEIGHT="34" WIDTH="24" VPOS="1239" HPOS="1610"/>
<String CONTENT="company," HEIGHT="50" WIDTH="297" VPOS="1239" HPOS="1635"/>
<SP HEIGHT="67" WIDTH="23" VPOS="1221" HPOS="1933"/>
<String CONTENT="inc.," HEIGHT="68" WIDTH="128" VPOS="1221" HPOS="1957"/>
</TextLine>
<TextLine HEIGHT="54" WIDTH="149" VPOS="1299" HPOS="88" STYLEREFS="StyleId-74AA3C37-BD1D-4811-A141-4091E454D90E-">
<String CONTENT="1937." HEIGHT="54" WIDTH="149" VPOS="1299" HPOS="88"/>
</TextLine>
<TextLine HEIGHT="51" WIDTH="1031" VPOS="1383" HPOS="155" CS="1">
<String CONTENT="4" HEIGHT="38" WIDTH="26" VPOS="1385" HPOS="155"/>
<SP HEIGHT="39" WIDTH="28" VPOS="1385" HPOS="182"/>
<String CONTENT="v." HEIGHT="29" WIDTH="42" VPOS="1396" HPOS="211"/>
<SP HEIGHT="42" WIDTH="59" VPOS="1383" HPOS="254"/>
<String CONTENT="illus.," HEIGHT="47" WIDTH="140" VPOS="1383" HPOS="314"/>
<SP HEIGHT="36" WIDTH="28" VPOS="1394" HPOS="455"/>
<String CONTENT="col." HEIGHT="40" WIDTH="85" VPOS="1384" HPOS="484"/>
<SP HEIGHT="38" WIDTH="27" VPOS="1395" HPOS="570"/>
<String CONTENT="plates," HEIGHT="50" WIDTH="172" VPOS="1383" HPOS="598"/>
<SP HEIGHT="48" WIDTH="29" VPOS="1385" HPOS="771"/>
<String CONTENT="diagrs." HEIGHT="50" WIDTH="179" VPOS="1384" HPOS="801"/>
<SP HEIGHT="41" WIDTH="58" VPOS="1383" HPOS="981"/>
<String CS="1" CONTENT="25&#189;cm." HEIGHT="41" WIDTH="146" VPOS="1383" HPOS="1040"/>
</TextLine>
<TextLine HEIGHT="50" WIDTH="1180" VPOS="1454" HPOS="158">
<String CONTENT="Loose-leaf;" HEIGHT="48" WIDTH="295" VPOS="1454" HPOS="158"/>
<SP HEIGHT="36" WIDTH="29" VPOS="1466" HPOS="454"/>
<String CONTENT="each" HEIGHT="40" WIDTH="118" VPOS="1456" HPOS="484"/>
<SP HEIGHT="40" WIDTH="29" VPOS="1456" HPOS="603"/>
<String CONTENT="chapter" HEIGHT="48" WIDTH="204" VPOS="1456" HPOS="633"/>
<SP HEIGHT="29" WIDTH="26" VPOS="1466" HPOS="838"/>
<String CONTENT="separately" HEIGHT="49" WIDTH="276" VPOS="1455" HPOS="865"/>
<SP HEIGHT="39" WIDTH="27" VPOS="1465" HPOS="1142"/>
<String CONTENT="paged." HEIGHT="49" WIDTH="168" VPOS="1455" HPOS="1170"/>
</TextLine>
<TextLine HEIGHT="50" WIDTH="647" VPOS="1512" HPOS="157">
<String CONTENT="Includes" HEIGHT="41" WIDTH="223" VPOS="1512" HPOS="157"/>
<SP HEIGHT="39" WIDTH="31" VPOS="1513" HPOS="381"/>
<String CONTENT="bibliographies." HEIGHT="50" WIDTH="391" VPOS="1512" HPOS="413"/>
</TextLine>
<TextLine HEIGHT="54" WIDTH="1997" VPOS="1578" HPOS="89" CS="1">
<String CONTENT="&#169;" HEIGHT="54" WIDTH="52" VPOS="1578" HPOS="89"/>
<SP HEIGHT="54" WIDTH="27" VPOS="1578" HPOS="142"/>
<String CONTENT="Nov." HEIGHT="39" WIDTH="115" VPOS="1583" HPOS="170"/>
<SP HEIGHT="39" WIDTH="26" VPOS="1583" HPOS="286"/>
<String CONTENT="19," HEIGHT="46" WIDTH="68" VPOS="1582" HPOS="313"/>
<SP HEIGHT="45" WIDTH="28" VPOS="1583" HPOS="382"/>
<String CS="1" CONTENT="1936;" HEIGHT="48" WIDTH="140" VPOS="1582" HPOS="411"/>
<SP HEIGHT="49" WIDTH="29" VPOS="1581" HPOS="552"/>
<String CONTENT="2c." HEIGHT="43" WIDTH="67" VPOS="1581" HPOS="582"/>
<SP HEIGHT="30" WIDTH="28" VPOS="1594" HPOS="650"/>
<String CONTENT="each" HEIGHT="41" WIDTH="116" VPOS="1583" HPOS="679"/>
<SP HEIGHT="39" WIDTH="28" VPOS="1583" HPOS="796"/>
<String CONTENT="Nov." HEIGHT="41" WIDTH="118" VPOS="1583" HPOS="825"/>
<SP HEIGHT="42" WIDTH="27" VPOS="1582" HPOS="944"/>
<String CONTENT="23;" HEIGHT="42" WIDTH="82" VPOS="1582" HPOS="972"/>
<SP HEIGHT="32" WIDTH="30" VPOS="1592" HPOS="1055"/>
<String CONTENT="aff." HEIGHT="41" WIDTH="82" VPOS="1581" HPOS="1086"/>
<SP HEIGHT="40" WIDTH="27" VPOS="1582" HPOS="1169"/>
<String CONTENT="Nov." HEIGHT="40" WIDTH="117" VPOS="1582" HPOS="1197"/>
<SP HEIGHT="42" WIDTH="29" VPOS="1580" HPOS="1315"/>
<String CONTENT="21;" HEIGHT="43" WIDTH="82" VPOS="1580" HPOS="1345"/>
<SP HEIGHT="40" WIDTH="32" VPOS="1583" HPOS="1428"/>
<!-- cceid A6C1597D-6E3A-1014-83DD-942C093A1DD9 --><String CONTENT="A" HEIGHT="38" WIDTH="36" VPOS="1583" HPOS="1461"/>
<SP HEIGHT="39" WIDTH="30" VPOS="1582" HPOS="1498"/>
<String CONTENT="101040;" HEIGHT="49" WIDTH="199" VPOS="1581" HPOS="1529"/>
<SP HEIGHT="46" WIDTH="32" VPOS="1584" HPOS="1729"/>
<String CONTENT="W." HEIGHT="40" WIDTH="69" VPOS="1584" HPOS="1762"/>
<SP HEIGHT="41" WIDTH="33" VPOS="1583" HPOS="1832"/>
<String CONTENT="F." HEIGHT="39" WIDTH="47" VPOS="1583" HPOS="1866"/>
<SP HEIGHT="39" WIDTH="32" VPOS="1583" HPOS="1914"/>
<String CONTENT="Prior" HEIGHT="38" WIDTH="139" VPOS="1583" HPOS="1947"/>
</TextLine>
<TextLine HEIGHT="50" WIDTH="540" VPOS="1639" HPOS="159" CS="1">
<String CONTENT="co.," HEIGHT="36" WIDTH="81" VPOS="1651" HPOS="159"/>
<SP HEIGHT="47" WIDTH="25" VPOS="1640" HPOS="241"/>
<String CONTENT="inc." HEIGHT="41" WIDTH="88" VPOS="1640" HPOS="267"/>
<SP HEIGHT="49" WIDTH="61" VPOS="1640" HPOS="356"/>
<String CS="1" CONTENT="(36-34581)" HEIGHT="50" WIDTH="281" VPOS="1639" HPOS="418"/>
</TextLine>
<TextLine HEIGHT="65" WIDTH="723" VPOS="1756" HPOS="87" STYLEREFS="StyleId-2FB170E9-C7A0-49A0-9FC3-348A1168A02C-">
<String CONTENT="Brown," HEIGHT="64" WIDTH="229" VPOS="1757" HPOS="87"/>
<SP HEIGHT="62" WIDTH="27" VPOS="1759" HPOS="317"/>
<String CONTENT="Esther" HEIGHT="54" WIDTH="222" VPOS="1758" HPOS="345"/>
<SP HEIGHT="52" WIDTH="24" VPOS="1759" HPOS="568"/>
<String CONTENT="Lucile." HEIGHT="59" WIDTH="217" VPOS="1756" HPOS="593"/>
</TextLine>
<TextLine HEIGHT="70" WIDTH="1926" VPOS="1846" HPOS="155" STYLEREFS="StyleId-74AA3C37-BD1D-4811-A141-4091E454D90E-" CS="1">
<String CONTENT="Nursing" HEIGHT="70" WIDTH="257" VPOS="1846" HPOS="155"/>
<SP HEIGHT="50" WIDTH="32" VPOS="1866" HPOS="413"/>
<String CONTENT="as" HEIGHT="35" WIDTH="59" VPOS="1866" HPOS="446"/>
<SP HEIGHT="34" WIDTH="33" VPOS="1867" HPOS="506"/>
<String CONTENT="a" HEIGHT="34" WIDTH="30" VPOS="1867" HPOS="540"/>
<SP HEIGHT="50" WIDTH="31" VPOS="1865" HPOS="571"/>
<String CONTENT="profession," HEIGHT="69" WIDTH="341" VPOS="1847" HPOS="603"/>
<SP HEIGHT="68" WIDTH="32" VPOS="1848" HPOS="945"/>
<String CONTENT="by" HEIGHT="67" WIDTH="73" VPOS="1848" HPOS="978"/>
<SP HEIGHT="66" WIDTH="35" VPOS="1849" HPOS="1052"/>
<String CONTENT="Esther" HEIGHT="52" WIDTH="208" VPOS="1849" HPOS="1088"/>
<SP HEIGHT="51" WIDTH="32" VPOS="1850" HPOS="1297"/>
<String CONTENT="Lucile" HEIGHT="52" WIDTH="195" VPOS="1848" HPOS="1330"/>
<SP HEIGHT="50" WIDTH="31" VPOS="1851" HPOS="1526"/>
<String CONTENT="Brown" HEIGHT="50" WIDTH="209" VPOS="1851" HPOS="1558"/>
<SP HEIGHT="35" WIDTH="40" VPOS="1867" HPOS="1768"/>
<String CS="1" CONTENT="&#8230;"/>
<SP HEIGHT="52" WIDTH="79" VPOS="1850" HPOS="1865"/>
<String CONTENT="New" HEIGHT="53" WIDTH="136" VPOS="1850" HPOS="1945"/>
</TextLine>
<TextLine HEIGHT="70" WIDTH="1181" VPOS="1925" HPOS="89" STYLEREFS="StyleId-74AA3C37-BD1D-4811-A141-4091E454D90E-">
<String CONTENT="York," HEIGHT="68" WIDTH="175" VPOS="1925" HPOS="89"/>
<SP HEIGHT="65" WIDTH="26" VPOS="1928" HPOS="265"/>
<String CONTENT="Bussell" HEIGHT="53" WIDTH="222" VPOS="1926" HPOS="292"/>
<SP HEIGHT="56" WIDTH="33" VPOS="1926" HPOS="515"/>
<String CONTENT="Sage" HEIGHT="69" WIDTH="151" VPOS="1926" HPOS="549"/>
<SP HEIGHT="55" WIDTH="25" VPOS="1926" HPOS="701"/>
<String CONTENT="foundation," HEIGHT="66" WIDTH="360" VPOS="1926" HPOS="727"/>
<SP HEIGHT="61" WIDTH="32" VPOS="1931" HPOS="1088"/>
<String CONTENT="1936." HEIGHT="52" WIDTH="149" VPOS="1930" HPOS="1121"/>
</TextLine>
<TextLine HEIGHT="50" WIDTH="883" VPOS="2011" HPOS="158" CS="1">
<String CONTENT="2" HEIGHT="39" WIDTH="26" VPOS="2014" HPOS="158"/>
<SP HEIGHT="47" WIDTH="25" VPOS="2014" HPOS="185"/>
<String CONTENT="p." HEIGHT="37" WIDTH="43" VPOS="2024" HPOS="211"/>
<SP/>
<String CS="1" CONTENT="l.," HEIGHT="15" WIDTH="8" VPOS="2045" HPOS="314"/>
<SP HEIGHT="46" WIDTH="27" VPOS="2014" HPOS="323"/>
<String CONTENT="120" HEIGHT="39" WIDTH="85" VPOS="2013" HPOS="351"/>
<SP HEIGHT="48" WIDTH="23" VPOS="2013" HPOS="437"/>
<String CONTENT="p." HEIGHT="38" WIDTH="42" VPOS="2023" HPOS="461"/>
<SP HEIGHT="42" WIDTH="24" VPOS="2012" HPOS="504"/>
<String CONTENT="incl." HEIGHT="41" WIDTH="109" VPOS="2012" HPOS="529"/>
<SP HEIGHT="39" WIDTH="25" VPOS="2014" HPOS="639"/>
<String CONTENT="tables." HEIGHT="40" WIDTH="171" VPOS="2013" HPOS="665"/>
<SP HEIGHT="40" WIDTH="58" VPOS="2013" HPOS="837"/>
<String CS="1" CONTENT="20&#189;cm." HEIGHT="42" WIDTH="145" VPOS="2011" HPOS="896"/>
</TextLine>
<TextLine HEIGHT="49" WIDTH="1922" VPOS="2082" HPOS="161">
<String CONTENT="&#8220;This" HEIGHT="41" WIDTH="145" VPOS="2082" HPOS="161"/>
<SP HEIGHT="29" WIDTH="34" VPOS="2093" HPOS="307"/>
<String CONTENT="monograph" HEIGHT="45" WIDTH="295" VPOS="2085" HPOS="342"/>
<SP HEIGHT="40" WIDTH="32" VPOS="2084" HPOS="638"/>
<String CONTENT="is" HEIGHT="39" WIDTH="42" VPOS="2084" HPOS="671"/>
<SP HEIGHT="30" WIDTH="29" VPOS="2093" HPOS="714"/>
<String CONTENT="one" HEIGHT="31" WIDTH="88" VPOS="2093" HPOS="744"/>
<SP HEIGHT="31" WIDTH="33" VPOS="2093" HPOS="833"/>
<String CONTENT="of" HEIGHT="40" WIDTH="52" VPOS="2083" HPOS="867"/>
<SP HEIGHT="40" WIDTH="29" VPOS="2083" HPOS="920"/>
<String CONTENT="a" HEIGHT="29" WIDTH="26" VPOS="2094" HPOS="950"/>
<SP HEIGHT="31" WIDTH="36" VPOS="2092" HPOS="977"/>
<String CONTENT="series" HEIGHT="40" WIDTH="151" VPOS="2082" HPOS="1014"/>
<SP HEIGHT="39" WIDTH="33" VPOS="2083" HPOS="1166"/>
<String CONTENT="dealing" HEIGHT="48" WIDTH="195" VPOS="2083" HPOS="1200"/>
<SP HEIGHT="37" WIDTH="28" VPOS="2094" HPOS="1396"/>
<String CONTENT="with" HEIGHT="40" WIDTH="120" VPOS="2083" HPOS="1425"/>
<SP HEIGHT="39" WIDTH="33" VPOS="2083" HPOS="1546"/>
<String CONTENT="the" HEIGHT="39" WIDTH="80" VPOS="2083" HPOS="1580"/>
<SP HEIGHT="37" WIDTH="32" VPOS="2093" HPOS="1661"/>
<String CONTENT="present" HEIGHT="45" WIDTH="193" VPOS="2085" HPOS="1694"/>
<SP HEIGHT="38" WIDTH="34" VPOS="2085" HPOS="1888"/>
<String CONTENT="status" HEIGHT="37" WIDTH="160" VPOS="2086" HPOS="1923"/>
</TextLine>
<TextLine HEIGHT="51" WIDTH="1997" VPOS="2137" HPOS="89">
<String CONTENT="of" HEIGHT="40" WIDTH="51" VPOS="2139" HPOS="89"/>
<SP HEIGHT="41" WIDTH="29" VPOS="2139" HPOS="141"/>
<String CONTENT="certain" HEIGHT="43" WIDTH="185" VPOS="2137" HPOS="171"/>
<SP HEIGHT="29" WIDTH="29" VPOS="2150" HPOS="357"/>
<String CONTENT="established" HEIGHT="42" WIDTH="297" VPOS="2139" HPOS="387"/>
<SP HEIGHT="40" WIDTH="30" VPOS="2141" HPOS="685"/>
<String CONTENT="or" HEIGHT="30" WIDTH="55" VPOS="2150" HPOS="716"/>
<SP HEIGHT="30" WIDTH="28" VPOS="2150" HPOS="772"/>
<String CONTENT="emerging" HEIGHT="48" WIDTH="247" VPOS="2140" HPOS="801"/>
<SP HEIGHT="38" WIDTH="28" VPOS="2150" HPOS="1049"/>
<String CONTENT="professions" HEIGHT="49" WIDTH="300" VPOS="2139" HPOS="1078"/>
<SP HEIGHT="40" WIDTH="30" VPOS="2140" HPOS="1379"/>
<String CONTENT="in" HEIGHT="39" WIDTH="48" VPOS="2140" HPOS="1410"/>
<SP HEIGHT="38" WIDTH="33" VPOS="2141" HPOS="1459"/>
<String CONTENT="the" HEIGHT="40" WIDTH="80" VPOS="2140" HPOS="1493"/>
<SP HEIGHT="40" WIDTH="32" VPOS="2140" HPOS="1574"/>
<String CONTENT="United" HEIGHT="40" WIDTH="178" VPOS="2140" HPOS="1607"/>
<SP HEIGHT="40" WIDTH="33" VPOS="2140" HPOS="1786"/>
<String CONTENT="States.&#8221;&#8212;" HEIGHT="40" WIDTH="266" VPOS="2140" HPOS="1820"/>
</TextLine>
<TextLine HEIGHT="41" WIDTH="127" VPOS="2197" HPOS="90">
<String CONTENT="Pref." HEIGHT="41" WIDTH="127" VPOS="2197" HPOS="90"/>
</TextLine>
<TextLine HEIGHT="53" WIDTH="1768" VPOS="2265" HPOS="88" CS="1">
<String CONTENT="&#169;" HEIGHT="53" WIDTH="52" VPOS="2265" HPOS="88"/>
<SP HEIGHT="53" WIDTH="26" VPOS="2265" HPOS="141"/>
<String CONTENT="Oct." HEIGHT="40" WIDTH="100" VPOS="2270" HPOS="168"/>
<SP HEIGHT="39" WIDTH="26" VPOS="2270" HPOS="269"/>
<String CONTENT="10." HEIGHT="41" WIDTH="67" VPOS="2270" HPOS="296"/>
<SP HEIGHT="40" WIDTH="26" VPOS="2271" HPOS="364"/>
<String CONTENT="1936;" HEIGHT="42" WIDTH="139" VPOS="2268" HPOS="391"/>
<SP HEIGHT="42" WIDTH="26" VPOS="2268" HPOS="531"/>
<String CONTENT="2c." HEIGHT="40" WIDTH="66" VPOS="2268" HPOS="558"/>
<SP HEIGHT="41" WIDTH="27" VPOS="2269" HPOS="625"/>
<String CONTENT="Oct." HEIGHT="41" WIDTH="102" VPOS="2269" HPOS="653"/>
<SP HEIGHT="37" WIDTH="26" VPOS="2270" HPOS="756"/>
<String CONTENT="19;" HEIGHT="43" WIDTH="81" VPOS="2268" HPOS="783"/>
<SP HEIGHT="32" WIDTH="28" VPOS="2279" HPOS="865"/>
<String CONTENT="aff." HEIGHT="41" WIDTH="81" VPOS="2268" HPOS="894"/>
<SP HEIGHT="40" WIDTH="27" VPOS="2269" HPOS="976"/>
<String CONTENT="Oct." HEIGHT="40" WIDTH="102" VPOS="2269" HPOS="1004"/>
<SP HEIGHT="40" WIDTH="25" VPOS="2268" HPOS="1107"/>
<String CS="1" CONTENT="28;" HEIGHT="47" WIDTH="85" VPOS="2268" HPOS="1133"/>
<SP HEIGHT="45" WIDTH="24" VPOS="2270" HPOS="1219"/>
<!-- cceid A6C17BF4-6E3A-1014-83DD-942C093A1DD9 --><String CONTENT="A" HEIGHT="37" WIDTH="38" VPOS="2270" HPOS="1244"/>
<SP HEIGHT="40" WIDTH="25" VPOS="2267" HPOS="1283"/>
<String CONTENT="99635:" HEIGHT="41" WIDTH="170" VPOS="2267" HPOS="1309"/>
<SP HEIGHT="40" WIDTH="31" VPOS="2268" HPOS="1480"/>
<String CONTENT="Russell" HEIGHT="38" WIDTH="188" VPOS="2268" HPOS="1512"/>
<SP HEIGHT="39" WIDTH="32" VPOS="2268" HPOS="1701"/>
<String CONTENT="Sage" HEIGHT="43" WIDTH="122" VPOS="2270" HPOS="1734"/>
</TextLine>
<TextLine HEIGHT="107" WIDTH="1909" VPOS="2267" HPOS="159" CS="1">
<String CONTENT="foundation." HEIGHT="100" WIDTH="1909" VPOS="2267" HPOS="159"/>
<SP HEIGHT="47" WIDTH="65" VPOS="2327" HPOS="273"/>
<String CS="1" CONTENT="(36-34796)" HEIGHT="50" WIDTH="280" VPOS="2324" HPOS="339"/>
</TextLine>
<TextLine HEIGHT="62" WIDTH="709" VPOS="2429" HPOS="86" STYLEREFS="StyleId-2FB170E9-C7A0-49A0-9FC3-348A1168A02C-">
<String CONTENT="Brown," HEIGHT="62" WIDTH="230" VPOS="2429" HPOS="86"/>
<SP HEIGHT="60" WIDTH="23" VPOS="2431" HPOS="317"/>
<String CONTENT="William" HEIGHT="54" WIDTH="253" VPOS="2429" HPOS="341"/>
<SP HEIGHT="53" WIDTH="24" VPOS="2430" HPOS="595"/>
<String CONTENT="John." HEIGHT="54" WIDTH="175" VPOS="2429" HPOS="620"/>
</TextLine>
<TextLine HEIGHT="149" WIDTH="1974" VPOS="2517" HPOS="87" STYLEREFS="StyleId-74AA3C37-BD1D-4811-A141-4091E454D90E-" CS="1">
<String CONTENT="The" HEIGHT="53" WIDTH="121" VPOS="2519" HPOS="158"/>
<SP HEIGHT="51" WIDTH="33" VPOS="2537" HPOS="280"/>
<String CONTENT="gods" HEIGHT="69" WIDTH="144" VPOS="2519" HPOS="314"/>
<SP HEIGHT="53" WIDTH="33" VPOS="2519" HPOS="459"/>
<String CONTENT="had" HEIGHT="53" WIDTH="113" VPOS="2519" HPOS="493"/>
<SP HEIGHT="53" WIDTH="36" VPOS="2519" HPOS="607"/>
<String CONTENT="wings," HEIGHT="69" WIDTH="201" VPOS="2518" HPOS="644"/>
<SP HEIGHT="33" WIDTH="35" VPOS="2537" HPOS="846"/>
<String CONTENT="written" HEIGHT="52" WIDTH="229" VPOS="2518" HPOS="882"/>
<SP HEIGHT="53" WIDTH="36" VPOS="2517" HPOS="1112"/>
<String CONTENT="by" HEIGHT="69" WIDTH="75" VPOS="2517" HPOS="1149"/>
<SP HEIGHT="69" WIDTH="33" VPOS="2517" HPOS="1225"/>
<String CONTENT="W." HEIGHT="54" WIDTH="90" VPOS="2517" HPOS="1259"/>
<SP HEIGHT="54" WIDTH="36" VPOS="2517" HPOS="1350"/>
<String CONTENT="J." HEIGHT="54" WIDTH="55" VPOS="2517" HPOS="1387"/>
<SP HEIGHT="50" WIDTH="39" VPOS="2519" HPOS="1443"/>
<String CONTENT="Brown" HEIGHT="51" WIDTH="211" VPOS="2519" HPOS="1483"/>
<SP HEIGHT="34" WIDTH="43" VPOS="2536" HPOS="1695"/>
<String CS="1" CONTENT="&#8230;"/>
<SP HEIGHT="51" WIDTH="40" VPOS="2517" HPOS="1795"/>
<String CONTENT="illustrations" HEIGHT="133" WIDTH="1974" VPOS="2517" HPOS="87"/>
<SP HEIGHT="34" WIDTH="24" VPOS="2616" HPOS="238"/>
<String CONTENT="engraved" HEIGHT="68" WIDTH="284" VPOS="2598" HPOS="263"/>
</TextLine>
<TextLine HEIGHT="71" WIDTH="1510" VPOS="2594" HPOS="575" STYLEREFS="StyleId-74AA3C37-BD1D-4811-A141-4091E454D90E-">
<String CONTENT="in" HEIGHT="52" WIDTH="60" VPOS="2597" HPOS="575"/>
<SP HEIGHT="33" WIDTH="26" VPOS="2616" HPOS="636"/>
<String CONTENT="wood" HEIGHT="53" WIDTH="161" VPOS="2597" HPOS="663"/>
<SP HEIGHT="53" WIDTH="26" VPOS="2597" HPOS="825"/>
<String CONTENT="by" HEIGHT="68" WIDTH="73" VPOS="2597" HPOS="852"/>
<SP HEIGHT="68" WIDTH="25" VPOS="2597" HPOS="926"/>
<String CONTENT="John" HEIGHT="53" WIDTH="156" VPOS="2597" HPOS="952"/>
<SP HEIGHT="52" WIDTH="29" VPOS="2597" HPOS="1109"/>
<String CONTENT="Farleigh." HEIGHT="69" WIDTH="289" VPOS="2596" HPOS="1139"/>
<SP HEIGHT="52" WIDTH="62" VPOS="2596" HPOS="1429"/>
<String CONTENT="London," HEIGHT="65" WIDTH="259" VPOS="2596" HPOS="1492"/>
<SP HEIGHT="66" WIDTH="28" VPOS="2595" HPOS="1752"/>
<String CONTENT="Constable" HEIGHT="56" WIDTH="304" VPOS="2594" HPOS="1781"/>
</TextLine>
<TextLine HEIGHT="65" WIDTH="374" VPOS="2678" HPOS="87" STYLEREFS="StyleId-74AA3C37-BD1D-4811-A141-4091E454D90E-">
<String CONTENT="&amp;" HEIGHT="50" WIDTH="46" VPOS="2678" HPOS="87"/>
<SP HEIGHT="51" WIDTH="37" VPOS="2678" HPOS="134"/>
<String CONTENT="co.," HEIGHT="49" WIDTH="98" VPOS="2694" HPOS="172"/>
<SP HEIGHT="62" WIDTH="41" VPOS="2681" HPOS="271"/>
<String CONTENT="1936." HEIGHT="51" WIDTH="148" VPOS="2679" HPOS="313"/>
</TextLine>
<TextLine HEIGHT="51" WIDTH="923" VPOS="2761" HPOS="157" CS="1">
<String CONTENT="3" HEIGHT="41" WIDTH="29" VPOS="2763" HPOS="157"/>
<SP HEIGHT="48" WIDTH="23" VPOS="2763" HPOS="187"/>
<String CONTENT="p." HEIGHT="37" WIDTH="44" VPOS="2774" HPOS="211"/>
<SP/>
<String CS="1" CONTENT="l.," HEIGHT="17" WIDTH="9" VPOS="2794" HPOS="318"/>
<SP HEIGHT="49" WIDTH="24" VPOS="2762" HPOS="328"/>
<String CONTENT="315," HEIGHT="50" WIDTH="99" VPOS="2762" HPOS="353"/>
<SP HEIGHT="30" WIDTH="31" VPOS="2782" HPOS="453"/>
<String CONTENT="[1]" HEIGHT="50" WIDTH="55" VPOS="2762" HPOS="485"/>
<SP HEIGHT="39" WIDTH="27" VPOS="2773" HPOS="541"/>
<String CONTENT="p." HEIGHT="38" WIDTH="44" VPOS="2773" HPOS="569"/>
<SP HEIGHT="41" WIDTH="55" VPOS="2763" HPOS="614"/>
<String CONTENT="illus.," HEIGHT="47" WIDTH="143" VPOS="2763" HPOS="670"/>
<SP/>
<String CS="1" CONTENT="pl."/>
<SP HEIGHT="42" WIDTH="56" VPOS="2762" HPOS="905"/>
<String CS="1" CONTENT="19cm." HEIGHT="42" WIDTH="118" VPOS="2761" HPOS="962"/>
</TextLine>
<TextLine HEIGHT="52" WIDTH="721" VPOS="2831" HPOS="158">
<String CONTENT="Bibliography:" HEIGHT="49" WIDTH="376" VPOS="2832" HPOS="158"/>
<SP HEIGHT="37" WIDTH="31" VPOS="2843" HPOS="535"/>
<String CONTENT="p." HEIGHT="37" WIDTH="43" VPOS="2843" HPOS="567"/>
<SP HEIGHT="41" WIDTH="30" VPOS="2832" HPOS="611"/>
<String CONTENT="315-[316]" HEIGHT="52" WIDTH="237" VPOS="2831" HPOS="642"/>
</TextLine>
<TextLine HEIGHT="53" WIDTH="1995" VPOS="2902" HPOS="89" CS="1">
<String CONTENT="&#169;" HEIGHT="53" WIDTH="53" VPOS="2902" HPOS="89"/>
<SP/>
<String CS="1" CONTENT="1c."/>
<SP HEIGHT="39" WIDTH="31" VPOS="2906" HPOS="238"/>
<String CONTENT="Nov." HEIGHT="40" WIDTH="118" VPOS="2906" HPOS="270"/>
<SP HEIGHT="41" WIDTH="25" VPOS="2905" HPOS="389"/>
<String CONTENT="21." HEIGHT="42" WIDTH="70" VPOS="2905" HPOS="415"/>
<SP HEIGHT="42" WIDTH="31" VPOS="2905" HPOS="486"/>
<String CONTENT="1936:" HEIGHT="40" WIDTH="141" VPOS="2904" HPOS="518"/>
<SP HEIGHT="38" WIDTH="33" VPOS="2906" HPOS="660"/>
<!-- cceid A6C19B64-6E3A-1014-83DD-942C093A1DD9 --><String CONTENT="A" HEIGHT="37" WIDTH="39" VPOS="2906" HPOS="694"/>
<SP HEIGHT="37" WIDTH="31" VPOS="2906" HPOS="734"/>
<String CONTENT="ad" HEIGHT="39" WIDTH="61" VPOS="2904" HPOS="766"/>
<SP HEIGHT="39" WIDTH="30" VPOS="2904" HPOS="828"/>
<String CONTENT="int." HEIGHT="38" WIDTH="84" VPOS="2905" HPOS="859"/>
<SP HEIGHT="39" WIDTH="32" VPOS="2903" HPOS="944"/>
<String CONTENT="22041:" HEIGHT="41" WIDTH="171" VPOS="2903" HPOS="977"/>
<SP HEIGHT="37" WIDTH="33" VPOS="2914" HPOS="1149"/>
<String CONTENT="pubd." HEIGHT="48" WIDTH="141" VPOS="2903" HPOS="1183"/>
<SP HEIGHT="38" WIDTH="36" VPOS="2905" HPOS="1325"/>
<String CONTENT="Sept." HEIGHT="46" WIDTH="126" VPOS="2905" HPOS="1362"/>
<SP HEIGHT="39" WIDTH="32" VPOS="2903" HPOS="1489"/>
<String CONTENT="24;" HEIGHT="42" WIDTH="82" VPOS="2903" HPOS="1522"/>
<SP HEIGHT="40" WIDTH="36" VPOS="2905" HPOS="1605"/>
<String CONTENT="Constable" HEIGHT="40" WIDTH="259" VPOS="2904" HPOS="1642"/>
<SP HEIGHT="39" WIDTH="30" VPOS="2905" HPOS="1902"/>
<String CONTENT="&amp;" HEIGHT="39" WIDTH="35" VPOS="2905" HPOS="1933"/>
<SP HEIGHT="39" WIDTH="33" VPOS="2905" HPOS="1969"/>
<String CONTENT="co.," HEIGHT="32" WIDTH="81" VPOS="2915" HPOS="2003"/>
</TextLine>
<TextLine HEIGHT="48" WIDTH="427" VPOS="2960" HPOS="159" CS="1">
<String CONTENT="ltd." HEIGHT="40" WIDTH="83" VPOS="2962" HPOS="159"/>
<SP HEIGHT="46" WIDTH="62" VPOS="2962" HPOS="243"/>
<String CS="1" CONTENT="(36-35769)" HEIGHT="48" WIDTH="280" VPOS="2960" HPOS="306"/>
</TextLine>
<TextLine HEIGHT="65" WIDTH="699" VPOS="3064" HPOS="88" STYLEREFS="StyleId-2FB170E9-C7A0-49A0-9FC3-348A1168A02C-">
<String CONTENT="Chaffee," HEIGHT="63" WIDTH="259" VPOS="3066" HPOS="88"/>
<SP HEIGHT="63" WIDTH="26" VPOS="3066" HPOS="348"/>
<String CONTENT="Alney" HEIGHT="62" WIDTH="193" VPOS="3066" HPOS="375"/>
<SP HEIGHT="62" WIDTH="24" VPOS="3066" HPOS="569"/>
<String CONTENT="Earle." HEIGHT="54" WIDTH="193" VPOS="3064" HPOS="594"/>
</TextLine>
<TextLine HEIGHT="69" WIDTH="1921" VPOS="3154" HPOS="161" STYLEREFS="StyleId-74AA3C37-BD1D-4811-A141-4091E454D90E-">
<String CONTENT="Summary" HEIGHT="64" WIDTH="302" VPOS="3158" HPOS="161"/>
<SP HEIGHT="46" WIDTH="28" VPOS="3176" HPOS="464"/>
<String CONTENT="of" HEIGHT="54" WIDTH="63" VPOS="3155" HPOS="493"/>
<SP HEIGHT="51" WIDTH="28" VPOS="3155" HPOS="557"/>
<String CONTENT="the" HEIGHT="52" WIDTH="94" VPOS="3157" HPOS="586"/>
<SP HEIGHT="49" WIDTH="28" VPOS="3174" HPOS="681"/>
<String CONTENT="general" HEIGHT="67" WIDTH="227" VPOS="3156" HPOS="710"/>
<SP HEIGHT="52" WIDTH="32" VPOS="3156" HPOS="938"/>
<String CONTENT="election" HEIGHT="52" WIDTH="232" VPOS="3156" HPOS="971"/>
<SP HEIGHT="50" WIDTH="32" VPOS="3156" HPOS="1204"/>
<String CONTENT="laws" HEIGHT="51" WIDTH="137" VPOS="3156" HPOS="1237"/>
<SP HEIGHT="32" WIDTH="31" VPOS="3174" HPOS="1375"/>
<String CONTENT="of" HEIGHT="51" WIDTH="61" VPOS="3155" HPOS="1407"/>
<SP HEIGHT="53" WIDTH="31" VPOS="3155" HPOS="1469"/>
<String CONTENT="the" HEIGHT="52" WIDTH="93" VPOS="3156" HPOS="1501"/>
<SP HEIGHT="52" WIDTH="31" VPOS="3157" HPOS="1595"/>
<String CONTENT="United" HEIGHT="53" WIDTH="217" VPOS="3156" HPOS="1627"/>
<SP HEIGHT="56" WIDTH="32" VPOS="3154" HPOS="1845"/>
<String CONTENT="States." HEIGHT="56" WIDTH="204" VPOS="3154" HPOS="1878"/>
</TextLine>
<TextLine HEIGHT="67" WIDTH="1994" VPOS="3233" HPOS="91" STYLEREFS="StyleId-74AA3C37-BD1D-4811-A141-4091E454D90E-">
<String CONTENT="1936" HEIGHT="49" WIDTH="130" VPOS="3238" HPOS="91"/>
<SP HEIGHT="49" WIDTH="29" VPOS="3238" HPOS="222"/>
<String CONTENT="ed." HEIGHT="52" WIDTH="82" VPOS="3235" HPOS="252"/>
<SP HEIGHT="51" WIDTH="74" VPOS="3236" HPOS="335"/>
<String CONTENT="Alney" HEIGHT="66" WIDTH="186" VPOS="3234" HPOS="410"/>
<SP HEIGHT="64" WIDTH="32" VPOS="3236" HPOS="597"/>
<String CONTENT="Earle" HEIGHT="53" WIDTH="170" VPOS="3234" HPOS="630"/>
<SP HEIGHT="53" WIDTH="32" VPOS="3235" HPOS="801"/>
<String CONTENT="Chaffee," HEIGHT="55" WIDTH="248" VPOS="3233" HPOS="834"/>
<SP HEIGHT="35" WIDTH="20" VPOS="3253" HPOS="1083"/>
<String CONTENT="compiler." HEIGHT="66" WIDTH="286" VPOS="3234" HPOS="1104"/>
<SP HEIGHT="34" WIDTH="80" VPOS="3266" HPOS="1391"/>
<String CONTENT="[Washington," HEIGHT="66" WIDTH="414" VPOS="3234" HPOS="1472"/>
<SP HEIGHT="52" WIDTH="20" VPOS="3235" HPOS="1887"/>
<String CONTENT="D." HEIGHT="51" WIDTH="71" VPOS="3235" HPOS="1908"/>
<SP HEIGHT="54" WIDTH="24" VPOS="3234" HPOS="1980"/>
<String CONTENT="C.." HEIGHT="54" WIDTH="80" VPOS="3234" HPOS="2005"/>
</TextLine>
<TextLine HEIGHT="62" WIDTH="173" VPOS="3317" HPOS="87" STYLEREFS="StyleId-74AA3C37-BD1D-4811-A141-4091E454D90E-">
<String STYLE="superscript" CONTENT="c" HEIGHT="20" WIDTH="16" VPOS="3320" HPOS="87"/>
<String CONTENT="1936]" HEIGHT="62" WIDTH="148" VPOS="3317" HPOS="112"/>
</TextLine>
<TextLine HEIGHT="39" WIDTH="97" VPOS="3400" HPOS="159" STYLEREFS="StyleId-975A8839-BCB2-44AC-9897-3580F1DB085F-">
<String CONTENT="1" HEIGHT="37" WIDTH="22" VPOS="3400" HPOS="159"/>
<SP HEIGHT="37" WIDTH="32" VPOS="3400" HPOS="182"/>
<String CONTENT="v." HEIGHT="29" WIDTH="41" VPOS="3410" HPOS="215"/>
</TextLine>
<TextLine HEIGHT="52" WIDTH="1993" VPOS="3465" HPOS="90" CS="1">
<String CONTENT="&#169;" HEIGHT="52" WIDTH="52" VPOS="3465" HPOS="90"/>
<SP HEIGHT="52" WIDTH="33" VPOS="3465" HPOS="143"/>
<String CONTENT="Aug." HEIGHT="43" WIDTH="119" VPOS="3471" HPOS="177"/>
<SP HEIGHT="40" WIDTH="34" VPOS="3469" HPOS="297"/>
<String CONTENT="3," HEIGHT="46" WIDTH="40" VPOS="3469" HPOS="332"/>
<SP HEIGHT="46" WIDTH="38" VPOS="3469" HPOS="373"/>
<String CS="1" CONTENT="1936;" HEIGHT="46" WIDTH="139" VPOS="3468" HPOS="412"/>
<SP HEIGHT="47" WIDTH="35" VPOS="3467" HPOS="552"/>
<String CONTENT="2c." HEIGHT="41" WIDTH="66" VPOS="3467" HPOS="588"/>
<SP HEIGHT="40" WIDTH="41" VPOS="3468" HPOS="655"/>
<String CONTENT="Sept." HEIGHT="47" WIDTH="125" VPOS="3468" HPOS="697"/>
<SP HEIGHT="38" WIDTH="38" VPOS="3468" HPOS="823"/>
<String CONTENT="12;" HEIGHT="47" WIDTH="81" VPOS="3467" HPOS="862"/>
<SP HEIGHT="37" WIDTH="38" VPOS="3477" HPOS="944"/>
<String CONTENT="aff." HEIGHT="40" WIDTH="82" VPOS="3467" HPOS="983"/>
<SP HEIGHT="40" WIDTH="40" VPOS="3467" HPOS="1066"/>
<String CONTENT="Sept." HEIGHT="47" WIDTH="127" VPOS="3467" HPOS="1107"/>
<SP HEIGHT="40" WIDTH="39" VPOS="3468" HPOS="1235"/>
<String CONTENT="14:" HEIGHT="40" WIDTH="79" VPOS="3467" HPOS="1275"/>
<SP HEIGHT="39" WIDTH="41" VPOS="3468" HPOS="1355"/>
<!-- cceid A6C1BA53-6E3A-1014-83DD-942C093A1DD9 --><String CONTENT="A" HEIGHT="37" WIDTH="36" VPOS="3468" HPOS="1397"/>
<SP HEIGHT="39" WIDTH="38" VPOS="3466" HPOS="1434"/>
<String CONTENT="97804:" HEIGHT="42" WIDTH="171" VPOS="3465" HPOS="1473"/>
<SP HEIGHT="39" WIDTH="40" VPOS="3468" HPOS="1645"/>
<String CONTENT="A." HEIGHT="38" WIDTH="52" VPOS="3468" HPOS="1686"/>
<SP HEIGHT="38" WIDTH="39" VPOS="3468" HPOS="1739"/>
<String CONTENT="E." HEIGHT="39" WIDTH="51" VPOS="3468" HPOS="1779"/>
<SP HEIGHT="40" WIDTH="39" VPOS="3467" HPOS="1831"/>
<String CONTENT="Chaffee." HEIGHT="42" WIDTH="212" VPOS="3467" HPOS="1871"/>
</TextLine>
<TextLine HEIGHT="49" WIDTH="330" VPOS="3525" HPOS="160">
<String CONTENT="Washington." HEIGHT="49" WIDTH="330" VPOS="3525" HPOS="160"/>
</TextLine>
<TextLine HEIGHT="63" WIDTH="1055" VPOS="3628" HPOS="90" STYLEREFS="StyleId-2FB170E9-C7A0-49A0-9FC3-348A1168A02C-">
<String CONTENT="Coblentz," HEIGHT="63" WIDTH="292" VPOS="3628" HPOS="90"/>
<SP HEIGHT="61" WIDTH="29" VPOS="3630" HPOS="383"/>
<String CONTENT="Stanton" HEIGHT="53" WIDTH="251" VPOS="3630" HPOS="413"/>
<SP HEIGHT="51" WIDTH="30" VPOS="3629" HPOS="665"/>
<String CONTENT="Arthur," HEIGHT="63" WIDTH="247" VPOS="3628" HPOS="696"/>
<SP HEIGHT="56" WIDTH="33" VPOS="3635" HPOS="944"/>
<String CONTENT="1896-" HEIGHT="48" WIDTH="167" VPOS="3634" HPOS="978"/>
</TextLine>
<TextLine HEIGHT="69" WIDTH="1921" VPOS="3718" HPOS="159" STYLEREFS="StyleId-74AA3C37-BD1D-4811-A141-4091E454D90E-">
<String CONTENT="The" HEIGHT="51" WIDTH="117" VPOS="3722" HPOS="159"/>
<SP HEIGHT="33" WIDTH="32" VPOS="3740" HPOS="277"/>
<String CONTENT="merry" HEIGHT="47" WIDTH="186" VPOS="3739" HPOS="310"/>
<SP HEIGHT="64" WIDTH="31" VPOS="3722" HPOS="497"/>
<String CONTENT="hunt," HEIGHT="53" WIDTH="161" VPOS="3722" HPOS="529"/>
<SP HEIGHT="36" WIDTH="32" VPOS="3739" HPOS="691"/>
<String CONTENT="and" HEIGHT="51" WIDTH="110" VPOS="3721" HPOS="724"/>
<SP HEIGHT="51" WIDTH="33" VPOS="3721" HPOS="835"/>
<String CONTENT="other" HEIGHT="52" WIDTH="160" VPOS="3721" HPOS="869"/>
<SP HEIGHT="48" WIDTH="32" VPOS="3739" HPOS="1030"/>
<String CONTENT="poems," HEIGHT="49" WIDTH="207" VPOS="3738" HPOS="1063"/>
<SP HEIGHT="52" WIDTH="30" VPOS="3720" HPOS="1271"/>
<String CONTENT="by" HEIGHT="65" WIDTH="73" VPOS="3720" HPOS="1302"/>
<SP HEIGHT="67" WIDTH="34" VPOS="3718" HPOS="1376"/>
<String CONTENT="Stanton" HEIGHT="53" WIDTH="242" VPOS="3718" HPOS="1411"/>
<SP HEIGHT="49" WIDTH="36" VPOS="3722" HPOS="1654"/>
<String CONTENT="A." HEIGHT="49" WIDTH="65" VPOS="3722" HPOS="1691"/>
<SP HEIGHT="54" WIDTH="35" VPOS="3719" HPOS="1757"/>
<String CONTENT="Coblentz." HEIGHT="54" WIDTH="287" VPOS="3719" HPOS="1793"/>
</TextLine>
<TextLine HEIGHT="66" WIDTH="1065" VPOS="3799" HPOS="90" STYLEREFS="StyleId-74AA3C37-BD1D-4811-A141-4091E454D90E-">
<String CONTENT="Boston," HEIGHT="54" WIDTH="230" VPOS="3800" HPOS="90"/>
<SP HEIGHT="52" WIDTH="28" VPOS="3802" HPOS="321"/>
<String CONTENT="B." HEIGHT="50" WIDTH="64" VPOS="3802" HPOS="350"/>
<SP HEIGHT="52" WIDTH="25" VPOS="3800" HPOS="415"/>
<String CONTENT="Humphries," HEIGHT="65" WIDTH="373" VPOS="3799" HPOS="441"/>
<SP HEIGHT="51" WIDTH="27" VPOS="3800" HPOS="815"/>
<String CONTENT="inc." HEIGHT="50" WIDTH="104" VPOS="3800" HPOS="843"/>
<SP HEIGHT="33" WIDTH="37" VPOS="3832" HPOS="948"/>
<String CONTENT="[1934]" HEIGHT="64" WIDTH="169" VPOS="3801" HPOS="986"/>
</TextLine>
<TextLine HEIGHT="51" WIDTH="794" VPOS="3884" HPOS="161" STYLEREFS="StyleId-74AA3C37-BD1D-4811-A141-4091E454D90E-" CS="1">
<String CONTENT="vii." HEIGHT="43" WIDTH="79" VPOS="3885" HPOS="161"/>
<SP HEIGHT="30" WIDTH="29" VPOS="3905" HPOS="241"/>
<String CS="1" CONTENT="[1]" HEIGHT="48" WIDTH="31" VPOS="3887" HPOS="271"/>
<SP HEIGHT="38" WIDTH="27" VPOS="3896" HPOS="327"/>
<String CONTENT="p.." HEIGHT="37" WIDTH="58" VPOS="3896" HPOS="355"/>
<SP HEIGHT="40" WIDTH="28" VPOS="3887" HPOS="414"/>
<String CONTENT="1" HEIGHT="37" WIDTH="22" VPOS="3887" HPOS="443"/>
<SP/>
<String CS="1" CONTENT="l.." HEIGHT="8" WIDTH="6" VPOS="3918" HPOS="532"/>
<SP HEIGHT="40" WIDTH="28" VPOS="3886" HPOS="539"/>
<String CONTENT="11-96" HEIGHT="41" WIDTH="145" VPOS="3884" HPOS="568"/>
<SP HEIGHT="48" WIDTH="25" VPOS="3884" HPOS="714"/>
<String CONTENT="p." HEIGHT="36" WIDTH="43" VPOS="3896" HPOS="740"/>
<SP HEIGHT="42" WIDTH="54" VPOS="3884" HPOS="784"/>
<String CONTENT="21" HEIGHT="39" WIDTH="51" VPOS="3884" HPOS="839"/>
<String STYLE="superscript" CONTENT="cm" HEIGHT="21" WIDTH="43" VPOS="3887" HPOS="898"/>
<String CONTENT="." HEIGHT="8" WIDTH="7" VPOS="3917" HPOS="948"/>
</TextLine>
<TextLine HEIGHT="109" WIDTH="1971" VPOS="3950" HPOS="91" CS="1">
<String CONTENT="&#169;" HEIGHT="52" WIDTH="52" VPOS="3950" HPOS="91"/>
<SP HEIGHT="52" WIDTH="24" VPOS="3950" HPOS="144"/>
<String CONTENT="Nov." HEIGHT="38" WIDTH="116" VPOS="3956" HPOS="169"/>
<SP HEIGHT="40" WIDTH="28" VPOS="3955" HPOS="286"/>
<String CONTENT="3," HEIGHT="45" WIDTH="39" VPOS="3955" HPOS="315"/>
<SP HEIGHT="44" WIDTH="30" VPOS="3956" HPOS="355"/>
<String CONTENT="1934:" HEIGHT="42" WIDTH="139" VPOS="3954" HPOS="386"/>
<SP HEIGHT="41" WIDTH="30" VPOS="3955" HPOS="526"/>
<String CONTENT="2c." HEIGHT="40" WIDTH="66" VPOS="3955" HPOS="557"/>
<SP HEIGHT="38" WIDTH="29" VPOS="3957" HPOS="624"/>
<String CONTENT="Nov." HEIGHT="38" WIDTH="117" VPOS="3957" HPOS="654"/>
<SP HEIGHT="39" WIDTH="30" VPOS="3955" HPOS="772"/>
<String CS="1" CONTENT="16." HEIGHT="42" WIDTH="69" VPOS="3955" HPOS="803"/>
<SP HEIGHT="41" WIDTH="31" VPOS="3956" HPOS="873"/>
<String CS="1" CONTENT="1936:" HEIGHT="41" WIDTH="139" VPOS="3954" HPOS="905"/>
<SP HEIGHT="29" WIDTH="32" VPOS="3966" HPOS="1045"/>
<String CONTENT="aff." HEIGHT="40" WIDTH="81" VPOS="3955" HPOS="1078"/>
<SP HEIGHT="41" WIDTH="31" VPOS="3954" HPOS="1160"/>
<String CONTENT="Oct." HEIGHT="39" WIDTH="100" VPOS="3954" HPOS="1192"/>
<SP HEIGHT="40" WIDTH="31" VPOS="3953" HPOS="1293"/>
<String CONTENT="30;" HEIGHT="41" WIDTH="81" VPOS="3953" HPOS="1325"/>
<SP HEIGHT="39" WIDTH="33" VPOS="3955" HPOS="1407"/>
<!-- cceid A6C1DE7F-6E3A-1014-83DD-942C093A1DD9 --><String CONTENT="A" HEIGHT="37" WIDTH="35" VPOS="3955" HPOS="1441"/>
<SP HEIGHT="38" WIDTH="33" VPOS="3954" HPOS="1477"/>
<String CS="1" CONTENT="100462:" HEIGHT="42" WIDTH="198" VPOS="3951" HPOS="1511"/>
<SP HEIGHT="40" WIDTH="34" VPOS="3953" HPOS="1710"/>
<String CONTENT="Bruce" HEIGHT="38" WIDTH="155" VPOS="3953" HPOS="1745"/>
<SP HEIGHT="39" WIDTH="33" VPOS="3952" HPOS="1901"/>
<String CONTENT="Humphries." HEIGHT="106" WIDTH="1901" VPOS="3952" HPOS="161"/>
<SP HEIGHT="42" WIDTH="21" VPOS="4012" HPOS="338"/>
<String CONTENT="inc." HEIGHT="40" WIDTH="89" VPOS="4012" HPOS="360"/>
<SP HEIGHT="47" WIDTH="62" VPOS="4012" HPOS="450"/>
<String CONTENT="(36-16687)" HEIGHT="49" WIDTH="280" VPOS="4010" HPOS="513"/>
</TextLine>
</TextBlock>
</PrintSpace>
</Page>
</Layout>
</alto>