2519 4377
1004 4066 98 50 633

63 445 229 64 Agniel,
321 444 383 64 Marguerite.

135 520 160 53 Your
329 520 179 68 figure
565 520 74 68 [by]
701 520 351 67 Marguerite
1090 520 226 67 Agniel.
1391 520 228 55 Garden
1662 521 150 66 City,
1851 523 67 51 N.
1960 524 89 62 Y.,

66 598 350 67 Doubleday,
447 600 197 51 Doran
675 602 45 49 &
749 617 294 49 company,
1075 600 124 65 inc.,
1232 603 148 48 1936.

135 681 1062 51 5 p. l. , 228 p., 1 l. front., plates. 25cm.
137 753 160 40 “First
329 752 224 41 edition.”

65 820 52 53 ©
156 825 111 48 Apr.
305 825 40 47 3,
383 823 139 47 1936;
562 824 66 40 2c.
669 825 94 38 and
802 823 81 41 aff.
922 825 113 46 Apr.
1074 824 51 46 9;
1167 825 40 37 A
1242 823 170 47 92872;
1455 825 60 38 M.
1557 824 184 48 Agniel,
1782 824 267 49 Wingdale,

135 881 54 39 N.
217 882 53 39 Y.
336 880 276 49 (36-16416)

60 983 376 66 Armstrong,
463 983 184 54 Noble
673 984 181 63 Boyd,
884 989 169 50 1900-

131 1060 613 68 Teacher-accounting
778 1061 195 52 record
1010 1060 177 53 forms
1226 1059 92 53 for
1354 1061 157 67 large
1546 1060 175 66 cities,
1756 1061 73 66 by
1868 1063 180 52 Noble

62 1138 1961 147 Boyd Armstrong … Nashville, Tenn., George Peabody college for teachers, 1935.
65 1286 1984 101 4 p. l. , xi-xv p., 1 l., 124 p. illus. (map) fold. form. 23 cm . (Half-title: Contribution
585 1347 48 38 to
661 1345 269 48 education,
956 1344 107 49 pub.
1092 1346 152 40 under
1274 1346 79 39 the
1381 1345 235 42 direction
1646 1346 51 40 of
1724 1346 182 49 George
62 1349 1969 101 Peabody
215 1403 177 47 college
422 1402 79 39 for
531 1403 235 40 teachers,
824 1412 76 33 no.
929 1401 110 48 168)

132 1471 170 41 Thesis
343 1471 107 48 (PH.
513 1471 289 48 D.)—George
832 1472 223 47 Peabody
1086 1472 178 48 college
1294 1471 79 41 for
1402 1473 234 48 teachers,
1667 1473 127 41 7932.

133 1528 373 49 Bibliography:
539 1539 43 38 p.
611 1527 217 42 121-124.

62 1595 1957 55 © Dec. 23, 1935-; 1c. Apr. 27, 1936; 1c. May 27; aff. Apr. 28; A 95742;
134 1657 181 47 George
346 1658 221 46 Peabody
597 1657 177 48 college
804 1656 77 39 for
912 1658 233 38 teachers.
1215 1656 278 49 (36-10665)

58 1758 212 65 Bâche,
302 1758 177 64 René,
511 1764 324 51 1861-1933.

126 1833 175 69 Dogs,
337 1839 116 47 cats
488 1834 112 53 and
632 1833 291 70 monkeys,
954 1833 76 69 by
1066 1833 155 53 René
1256 1834 218 67 Bâche;
1516 1834 199 54 edited,
1743 1835 72 70 by
1856 1835 192 55 Violet

58 1911 1703 70 Biddle. Philadelphia, Dorrance and company [ c 1936]
128 1984 57 40 97
209 1996 42 37 p.
311 1985 147 40 front,
488 1984 170 48 (port.)
695 1985 169 47 plates.
927 1984 57 41 19½
1016 1986 45 22 cm
1064 2017 9 8 .

61 2053 1987 53 © May l. 1936; 2c. 1 May 9; aff. May 11; A 95102:; Dorrance & co., inc.
139 2113 278 48 (36-10681)

57 2214 262 66 Baitsell,
348 2214 226 66 George
600 2212 230 66 Alfred,
861 2219 170 51 1885-

126 2288 1918 72 Manual of biology, by George Alfred Baitsell … 5th ed.
57 2367 137 53 New
219 2368 178 56 York.
423 2368 122 53 The
567 2367 333 53 Macmillan
927 2383 297 54 company,
1252 2370 149 51 1936.

127 2442 65 53 xi,
222 2442 86 40 434
336 2452 42 38 p.
439 2441 127 40 illus.
629 2440 56 40 22
689 2443 44 21 cm
736 2474 9 8 .

128 2512 233 41 “General
386 2511 299 41 references”
712 2513 52 39 at
786 2512 91 42 end
901 2511 52 39 of
975 2513 127 39 most
1127 2510 53 41 of
1204 2511 80 40 the
1312 2511 238 47 chapters.

60 2582 52 52 ©
146 2587 117 39 May
292 2584 68 48 19,
391 2584 139 47 1936;
567 2585 66 39 2c.
669 2585 96 39 and
797 2584 83 40 aff.
916 2585 113 46 May
1061 2583 82 47 20;
1181 2584 42 39 A
1253 2582 170 48 95275;
1461 2583 281 42 Macmillan
1779 2595 65 31 co.

142 2642 278 48 (36-10678)

57 2745 243 65 Barker,
329 2746 240 63 Eugene
597 2744 315 63 Campbell,
943 2745 170 55 1874-

127 2820 119 52 The
284 2825 156 63 story
479 2819 65 53 of
584 2819 227 53 earliest
849 2819 181 65 times,
1072 2818 75 69 by
1188 2819 232 68 Eugene
1468 2817 62 55 C.
1573 2818 238 68 Barker,
1854 2819 191 54 Mabel

59 2898 320 54 Rockwood
438 2895 225 58 Grimm
724 2897 113 53 and
895 2896 248 54 Matilda
1202 2896 241 70 Hughes;
1533 2896 379 55 illustrations
1974 2896 73 71 by

58 2976 168 70 Mary
260 2976 165 53 Alice
458 2975 291 55 Stoddard
787 2976 112 52 and
934 2976 205 52 others.
1210 2974 314 68 Evanston,
1559 2974 114 69 Ill.,
1709 2975 136 52 New
1885 2975 163 52 York

56 3054 115 69 city
219 3061 118 60 [etc.]
367 3054 158 67 Row,
552 3054 271 52 Peterson
849 3054 112 52 and
990 3070 279 50 company
1303 3085 12 33 [
1320 3058 18 21 c
1343 3055 151 64 1936]

126 3129 98 47 viii,
249 3129 85 41 360
359 3138 43 38 p.
462 3128 126 39 illus.
618 3126 132 48 (incl.
780 3137 136 37 map;
945 3127 112 47 part
1086 3125 110 49 col.)
1261 3125 53 38 21
1320 3127 44 22 cm
1368 3158 8 8 .

128 3199 223 41 Includes
382 3197 391 48 bibliographies.

59 3270 52 52 ©
137 3274 113 46 Apr.
276 3273 40 47 3,
346 3271 115 41 1936;
515 3270 66 40 2c.
609 3271 112 46 Apr.
751 3269 52 39 11;
863 3269 82 39 aff.
974 3269 113 47 Apr.
1116 3268 57 39 10;
1227 3268 44 38 A
1296 3266 142 41 92894;
1495 3268 130 48 Row,
1656 3269 231 39 Peterson
1915 3270 36 38 &
1981 3281 66 28 co.

139 3327 276 50 (36-10475)

56 3432 283 54 Beowulf.

127 3506 265 55 Beowulf
421 3505 111 53 and
559 3504 123 53 The
708 3503 145 69 fight
881 3509 60 49 at
967 3502 356 69 Finnsburg;
1355 3499 206 69 edited,
1590 3500 140 54 with
60 3501 1963 152 introduction,
243 3583 425 68 bibliography,
713 3586 175 62 notes,
938 3580 274 68 glossary,
1262 3579 112 53 and
1423 3579 357 67 appendices,
1826 3580 74 64 by
1951 3580 95 54 Fr.

60 3662 260 53 Klaeber.
396 3660 71 52 3d
504 3659 83 53 ed.
663 3658 233 66 Boston,
934 3657 140 52 New
1112 3657 163 52 York
1333 3660 121 62 [etc.]
1493 3656 70 53 D.
1604 3655 61 54 C.
1703 3655 195 53 Heath
1935 3657 113 52 and

60 3757 275 50 company
374 3771 12 33 [
391 3743 18 22 c
414 3739 131 50 1936
551 3769 13 33 ]

127 3809 226 46 clxxxvii,
393 3808 69 48 [2],
497 3807 85 38 444
615 3817 44 37 p.
718 3805 135 40 front.
896 3803 241 49 (facsim.)
1206 3805 55 39 20½
1293 3806 43 22 cm
1341 3837 9 9 .

131 3878 371 48 Bibliography:
534 3886 44 37 p.
613 3872 395 52 [cxxv]-clxxxiii;
1088 3872 232 50 [239]-243.

60 3951 52 53 ©
143 3956 113 38 May
286 3955 37 40 7,
355 3951 139 41 1936:
524 3949 66 40 2c.
623 3949 95 38 and
750 3947 83 40 aff.
865 3947 114 49 May
1012 3947 60 39 16;
1131 3946 39 38 A
1200 3944 143 41 95223;
1404 3945 57 39 D.
1495 3944 49 41 C.
1578 3945 164 40 Heath
1775 3947 35 39 &
1841 3958 66 29 co.

141 4008 276 51 (36-10502)
