2519 4377
999 4094 92 50 1879

148 522 376 49 “Bibliography
550 522 52 40 of
628 532 195 31 sources
851 521 155 42 cited”;
1064 533 42 38 p.
1136 520 215 42 140-142.

79 589 52 53 ©
159 594 115 38 Nov.
304 593 68 41 25.
404 592 138 43 1936;
573 592 65 38 2c.
671 592 92 39 and
794 592 81 40 aff.
906 593 116 39 Nov.

1052 591 81 43 28;
1167 593 38 38 A
1235 590 199 48 101053;
1468 591 151 40 Bloch
1648 590 109 48 pub.
1789 601 81 36 co.,
1902 590 92 42 inc.

158 649 221 48 (37-773)

78 752 199 66 Collin,
307 752 297 63 Nicholas,
638 754 325 55 1746-1831.

145 828 123 53 The
302 828 228 69 journal
569 828 115 53 and
718 827 325 70 biography
1080 827 64 54 of
1183 826 272 54 Nicholas
1494 824 210 70 Collin,
1747 825 330 68 1746-1831,

75 904 95 54 the
201 905 228 69 journal
462 906 315 52 translated
813 905 154 53 from
999 906 97 52 the
1125 903 248 71 original
1410 902 258 57 Swedish
1700 902 375 71 manuscript,

76 983 73 69 by
193 984 299 53 Amandus
538 983 288 68 Johnson;
878 983 140 53 with
1067 1002 71 34 an
1187 980 390 56 introduction
1625 982 75 69 by
1748 982 199 53 Frank
1995 981 78 54 H.

79 1059 260 56 Stewart.
413 1061 427 68 Philadelphia,
876 1062 121 52 The
1035 1061 138 53 New
1212 1061 200 68 Jersey
1448 1060 211 69 society
1699 1059 64 54 of
77 1058 1975 150 Pennsylvania,
291 1141 150 51 1936.

147 1213 1643 54 xiii, [1] p.. 1 l., [17]—368 p. front., plates, port., facsims. 24½ cm.
148 1286 126 41 “The
302 1286 209 48 journal,
542 1286 275 47 1770-1786,
847 1287 61 47 by
938 1286 231 41 Nicholas
1199 1285 185 42 Collin”;
1443 1296 44 38 p.
1521 1284 246 53 [203]-296.

148 1343 203 40 “Parish
380 1343 206 48 register
609 1344 54 39 of
687 1353 179 37 names,
896 1343 129 48 1786,
1051 1344 62 47 by
1140 1344 230 40 Nicholas
1396 1341 185 43 Collin”;
1639 1353 44 37 p.
1716 1341 247 51 [297]-346.

146 1398 348 50 Bibliography;
549 1410 43 38 p.
623 1399 247 52 [347]-353.

77 1468 53 53 ©
157 1474 110 38 Dec.
295 1473 67 41 17.
393 1472 137 43 1936;
559 1473 67 40 2c.
654 1474 110 38 Dec.
792 1471 55 41 28;
905 1473 80 40 aff.
1015 1473 109 38 Dec.
1153 1472 82 47 24;
1267 1474 39 38 A
1333 1472 199 47 101510;
1563 1472 250 40 Amandus
1843 1472 232 48 Johnson,

148 1528 353 49 Philadelphia.
570 1528 223 50 (37-615)

77 1634 244 64 Coriola,
351 1636 192 64 pseud.

147 1713 79 50 La
273 1712 273 52 revanche
590 1712 66 52 de
703 1712 181 53 desert;
963 1730 196 34 roman
1205 1731 104 48 par
1355 1711 245 56 Coriola.
1680 1711 394 54 Illustrations

75 1789 239 53 d'Henri
357 1789 221 52 Delval.
658 1790 266 52 Bellevue
958 1788 85 68 (S.
1084 1793 44 50 &
1169 1790 97 66 O.)
1317 1791 105 52 Les
1462 1789 301 53 Ecrivains
1805 1788 270 69 français,

79 1871 147 49 1936.

148 1941 22 37 1
203 1951 41 29 v.
318 1940 284 48 (Collection
639 1940 61 39 du
735 1939 255 49 Dauphin)

75 2007 1985 116 © Oct. 30, 1935; 1c. Feb. 17, 1936; A-Foreign 30723; Écrivains français.
75 2178 192 64 Coyle,
293 2177 189 54 David
511 2179 320 63 Cushman,
862 2181 169 53 1887-

145 2255 221 68 Waste;
396 2255 94 54 the
517 2257 150 67 fight
687 2264 59 47 to
772 2275 130 36 save
928 2255 283 68 America,
1239 2257 73 68 by
1338 2257 194 53 David
1561 2254 288 57 Cushman
1881 2257 192 68 Coyle.

76 2333 418 68 Indianapolis,
528 2334 139 53 New
702 2334 180 68 York,
917 2335 121 53 The
1074 2334 442 53 Bobbs-Merrill
1554 2352 281 51 company
2057 2367 12 36 [c1936]

145 2407 56 41 96
231 2419 41 37 p.
334 2408 55 40 17
392 2410 43 21 cm
441 2439 8 9 .

147 2477 161 41 “First
336 2477 226 41 edition.”

76 2542 53 53 ©
158 2548 119 45 Aug.
306 2547 69 46 20,
409 2547 114 40 1936;
582 2547 65 39 2c.
682 2549 117 44 Aug.
831 2547 56 41 26;
947 2547 81 41 aff.
1062 2549 117 44 Aug.
1212 2547 82 47 27;
1328 2550 39 37 A
1398 2547 172 48 97577;
1605 2547 368 41 Bobbs-Merrill
2007 2559 66 30 co.

157 2603 221 49 (37-696)

77 2707 248 65 Craigie,
357 2712 99 49 Sir
479 2709 254 53 William
764 2709 353 66 Alexander,
1150 2711 171 52 1867-
1532 2711 83 52 ed.

144 2788 53 50 A
233 2785 320 67 dictionary
589 2788 61 51 of
687 2786 302 54 American
1028 2787 245 68 English
1310 2807 69 34 on
1415 2786 293 54 historical
1744 2787 329 69 principles,

76 2863 1996 70 edited by Sir William Craigie … with the collaboration of
76 2943 1997 69 James R. Hulbert … Part 1, A-Baggage. George Watson,
77 3020 264 53 associate
385 3020 199 55 editor.
627 3021 249 54 Mitford
920 3023 75 51 M.
1040 3022 296 65 Mathews,
1379 3021 264 54 assistant
1687 3022 183 54 editor
1938 3025 129 66 [and]

76 3098 169 52 Allen
276 3098 234 53 Walker
545 3099 176 55 Read,
757 3099 261 52 assistant
1053 3099 199 53 editor.
1326 3099 268 67 Chicago,
1626 3100 112 63 Ill.,
1773 3101 118 53 The

79 3103 1965 125 University
317 3176 62 52 of
412 3175 251 67 Chicago
693 3194 156 49 press
885 3179 171 64 [1936]

148 3247 440 50 x, [2]. 116 p. 30 cm.
152 3317 169 40 Issued
349 3317 49 39 in
428 3322 151 43 parts.

79 3382 52 53 ©
164 3387 127 48 Sept.
321 3387 39 48 8,
390 3387 114 39 1936;
563 3389 67 39 2c.
664 3388 93 43 and
791 3389 79 39 aff.
904 3389 116 39 Nov.
1054 3387 54 40 13;
1170 3390 40 37 A
1241 3386 171 44 99847;
1449 3387 282 49 University
1764 3390 51 38 of
1849 3388 224 49 Chicago,

149 3443 221 45 Chicago.
437 3444 280 47 (36-21500)

78 3547 407 66 Daniel-Rops,
516 3552 223 61 Henry,
775 3556 169 49 1901-

208 3625 1863 69 … Rimbaud; le drame spirituel. Paris. Librairie Plon
84 3706 169 63 [1936]

151 3774 85 39 253
263 3786 58 36 p..
355 3777 12 37 1
425 3809 8 8 l.
492 3776 54 40 19
549 3779 43 21 cm
599 3809 8 8 .

150 3845 59 38 At
238 3845 121 39 head
391 3846 51 38 of
470 3847 108 39 title;
638 3847 338 47 Daniel-Rops.

149 3900 408 50 Bibliographical
594 3904 275 40 foot-notes.

80 3964 1701 54 © May 26. 1936; 1c. Dec. 3; A-Foreign 33693; Librairie Plon.
160 4028 60 38 (A
241 4028 33 38 C
294 4027 226 44 36-4531)
