2519 4377
1304 4047 32 48 54

298 441 197 54 committee
537 448 60 47 to
643 442 344 71 investigate
1031 445 354 68 guaranteed
1432 449 346 65 mortgages,
1826 445 114 53 and
1989 461 332 53 emergency

297 525 305 66 mortgage
637 522 157 53 laws.
878 523 157 66 [New
1077 522 181 69 York]
1304 523 122 53 The
1466 523 141 54 New
1649 523 166 53 York
1851 528 152 48 trust
2040 540 279 53 company

379 602 120 66 [c1935]

370 674 85 40 179
485 685 44 38 p.
589 675 56 40 23½cm.

297 728 54 54 ©
387 734 130 40 June
550 735 41 47 5,
628 734 143 47 1935;
809 735 68 40 2c.
914 735 111 41 Jan.
1062 736 70 46 24,
1170 734 141 47 1936;
1352 735 83 41 aff.
1473 736 109 39 Jan.
1621 736 83 47 28;
1744 736 41 39 A
1822 735 173 47 90456;
2035 737 119 40 New
2191 737 132 40 York

368 793 132 39 trust
527 803 67 29 co.
663 791 252 50 (36-2342)

300 892 285 68 Ochsner,
614 897 258 53 Edward
901 897 285 64 Herman,
1219 900 172 50 1868-

359 972 1960 71 Social security, by Edward H. Ochsner … Chicago, Ill., The
302 1052 192 56 Social
521 1052 250 70 security
797 1070 157 51 press
988 1088 12 33 [
1006 1060 17 21 c
1029 1058 153 63 1936]

374 1126 27 39 2
430 1137 44 38 p.
538 1157 8 18 l.,
575 1126 166 49 ix-xx,
771 1127 84 40 231
885 1138 42 37 p.
989 1127 59 40 20½
1079 1129 45 21 cm
1129 1158 9 9 .

376 1185 191 40 “Social
612 1184 219 48 security
876 1184 42 40 is
965 1184 236 48 abridged
1244 1183 130 40 from
1422 1183 158 42 Social
1624 1185 263 40 insurance
1933 1184 98 40 and
2078 1187 244 40 economic

302 1241 512 49 security.”—Introd.

373 1299 184 43 “Third
587 1299 263 48 printing.”

297 1353 53 53 ©
377 1358 111 39 Jan.
517 1357 70 48 10,
617 1357 141 47 1936;
790 1357 67 40 2c.
888 1358 94 39 and
1013 1357 81 40 aff.
1126 1358 109 39 Jan.
1265 1357 83 47 24;
1380 1358 42 39 A
1449 1357 172 48 91418;
1655 1359 52 40 E.
1739 1359 61 39 H.
1832 1357 233 48 Ochsner,
2095 1357 225 49 Chicago.

370 1415 288 49 [Copyright
679 1416 42 39 is
748 1414 208 41 claimed
982 1426 60 28 on
1067 1415 226 48 changes]
1361 1414 253 49 (36-1826)

298 1517 379 66 O’Flaherty,
705 1517 190 65 Liam,
926 1518 174 55 1897-

366 1593 353 71 Hollywood
759 1598 309 67 cemetery;
1112 1613 32 34 a
1184 1594 168 53 novel
1389 1594 79 71 by
1504 1593 170 55 Liam
1716 1592 373 73 O’Flaherty.
296 1593 2000 149 London,
517 1717 11 10 V.

555 1673 296 69 Gollancz,
877 1674 124 69 ltd.,
1031 1676 153 51 1935.

371 1746 218 50 288 p. 19cm.
295 1804 2025 53 © 1c. Jan. 16, 1936; A ad int. 21029; pubd. Nov. 18, 1935; L. O’Flaherty,
364 1865 257 48 Kilronan,
649 1866 136 39 Aran
815 1865 201 48 islands,
1047 1868 179 45 county
1257 1865 217 48 Galway,
1506 1866 213 39 Ireland.
1789 1864 255 49 (36-1859)

298 1970 281 65 Overton,
606 1972 141 52 Mrs.
778 1972 187 53 Grace
993 1970 196 57 Sloan.

370 2048 121 52 The
528 2048 167 53 home
728 2047 62 52 in
825 2067 32 34 a
893 2047 292 70 changing
1221 2048 238 67 culture,
1493 2048 78 66 by
1605 2047 186 56 Grace
1827 2047 180 56 Sloan
2043 2046 273 57 Overton.

299 2126 140 54 New
468 2126 165 53 York
775 2161 30 34 [etc.]
839 2125 270 69 Fleming
1138 2127 77 54 H.
1247 2127 199 53 Revell
1474 2145 282 49 company
1790 2160 13 34 [
1808 2132 17 21 c
1831 2130 154 63 1935]

371 2200 88 42 158
485 2211 45 38 p.
590 2200 57 41 19½cm.

373 2259 162 39 Blank
568 2268 124 38 page
722 2259 80 40 for
835 2259 116 41 “We
981 2259 145 39 make
1157 2257 142 41 note”
1333 2261 52 37 at
1417 2258 93 40 end
1543 2257 53 41 of
1627 2250 122 48 each
1780 2257 218 48 chapter.

372 2316 354 48 Bibliography
753 2319 53 38 at
833 2317 91 39 end
955 2316 53 40 of
1032 2318 118 39 each
1178 2317 216 46 chapter.

296 2370 2023 54 © Dec. 21, 1935; 2c. and aff. Jan. 8, 1936; A 91065; Fleming H. Revell
366 2444 65 28 co.
503 2432 253 48 (36-1836)

296 2533 209 67 Patch,
533 2536 261 53 Howard
822 2535 212 63 Rollin,
1064 2538 172 51 1889-

367 2612 122 52 The
534 2612 281 53 tradition
860 2611 64 53 of
971 2610 304 66 Boethius;
1325 2629 31 33 a
1401 2607 171 71 study
1618 2607 64 54 of
1723 2605 91 57 his
1857 2608 356 68 importance
2255 2606 62 55 in

295 2686 1881 73 medieval culture, by Howard Rollin Patch … New York,
298 2685 1998 138 Oxford
464 2768 316 69 university
815 2787 172 49 press,
1022 2771 150 50 1935.

367 2840 1060 49 viii p., 3 l., 200 p. front., 6 pl. 22 cm .
367 2898 165 41 “First
559 2897 230 43 edition.”

371 2957 380 47 Bibliography:
794 2967 43 38 p.
878 2956 219 41 171-191.

295 3011 2021 56 © Dec. 26, 1935; 2c. and aff. Jan. 4, 1936; A 91008; Oxford univ. press,
365 3076 118 39 New
511 3075 147 46 York,
686 3074 92 40 inc.
847 3073 252 49 (36-1884)

297 3177 279 65 Pearson,
606 3179 277 52 Edmund
912 3178 231 64 Lester,
1176 3181 171 50 1880-

370 3256 162 53 More
567 3254 215 55 studies
817 3255 59 55 in
912 3254 250 66 murder,
1195 3256 77 67 by
1310 3254 273 53 Edmund
1617 3255 268 51 Pearson.
1958 3252 140 51 New
2133 3251 182 65 York,

297 3336 78 52 H.
408 3334 190 57 Smith
627 3338 46 50 &
700 3335 69 52 R.
799 3335 181 66 Haas,
1012 3339 150 49 1936.

372 3409 86 40 317
491 3420 43 37 p.
595 3408 56 39 22
655 3411 44 20 cm
705 3442 8 8 .

372 3458 1942 54 “Acknowledgments … Principal newspapers, books and articles
300 3523 160 41 which
489 3523 125 40 have
639 3522 119 41 been
787 3521 310 43 consulted”;
1125 3533 42 38 p.
1196 3521 218 42 316-317.

295 3575 2018 56 © Jan. 27. 1936; 2c. Jan. 28: aff. Jan. 29: A 91517; Edmund Pearson,
364 3640 118 38 New
511 3640 147 39 York.
731 3638 252 47 (36-1828)

296 3729 242 65 Phibbs,
568 3731 203 62 Harry
803 3730 61 54 C.

365 3807 209 68 Hodge
601 3807 215 68 podge;
848 3825 30 32 a
906 3806 297 52 collection
1232 3804 65 53 of
1323 3804 242 53 random
1590 3802 114 53 and
1731 3799 292 69 rambling
2049 3795 264 71 writings

357 3879 1951 75 … [by] Harry C. Phibbs. [Chicago, The Faithorn company]
297 3969 149 49 1935.
