2519 4377
1357 4132 32 39 192

330 435 328 67 Lehmann,
689 435 195 56 Julius
916 436 325 65 Friedrich,
1275 441 328 52 1864-1935.

404 514 273 68 Verleger
709 517 56 53 J.
800 516 67 53 F.
898 515 327 65 Lehmann;
1262 515 92 52 ein
1387 514 161 53 leben
1581 514 79 54 im
1690 513 211 68 kampf
1935 513 101 53 für
330 513 1993 133 Deutschland
485 612 11 48 ;
564 593 324 54 lebenslauf
951 593 119 52 und
1132 591 203 69 briefe,
1398 593 459 67 herausgegeben
1921 610 114 35 von
2098 591 249 54 Melanie

333 673 325 65 Lehmann;
694 671 110 53 mit
835 674 65 49 12
931 671 243 53 bildern.
1250 671 308 68 München,
1589 673 56 54 J.
1679 673 65 52 F.
1778 671 317 66 Lehmann,
2130 672 151 52 1935.

401 742 85 42 288
515 754 44 38 p.
619 744 166 48 front.,
820 743 144 47 illus.,
999 744 150 46 ports.
1213 741 54 40 21
1272 744 46 22 cm
1321 774 10 9 .

332 812 2017 54 © Oct. 14, 1935; 1c. Dec. T; A -Foreign 30212; J. F. Lehmanns vertag.
412 874 253 51 (36-6303)

331 979 233 64 Lexow,
592 978 188 53 Einar
803 979 201 54 Jacob.

401 1058 259 53 Verdens
693 1055 432 56 kunsthistorie.
1203 1056 128 67 [bd.]
1372 1059 46 50 6.
1460 1055 263 56 Gammel
1755 1056 174 53 kunst
1962 1055 236 54 utenfor
333 1056 1995 147 Europa.
568 1135 158 68 Oslo,
754 1137 78 52 H.
863 1135 348 67 Aschehoug
1240 1138 46 50 &
1317 1153 77 35 co.
1430 1136 115 66 (W.
1577 1135 308 68 Nygaard)
1929 1138 151 50 1935.

430 1211 25 38 5
485 1221 42 37 p.
594 1240 8 17 l.,
633 1208 91 41 235
750 1219 44 38 p.
855 1208 144 50 illus.,
1029 1209 174 47 plates.
1262 1207 55 41 26
1320 1211 46 20 cm
1370 1241 9 8 .

402 1268 165 39 Plates
602 1267 198 47 printed
833 1276 59 29 on
928 1266 117 40 both
1079 1265 144 41 sides.

335 1319 2019 54 © Sept. 28, 1935; 1c. Feb. 5, 1936; A- Foreign 30276; H. Aschehoug
405 1381 37 40 &
483 1392 66 29 co.
604 1380 96 49 (W.
743 1379 258 49 Nygaard)

332 1485 185 65 Long,
547 1487 222 52 Ernest
795 1485 237 55 Laurie.

405 1562 209 69 Flynn,
641 1561 71 54 A.
740 1560 87 70 B.,
854 1560 73 69 by
953 1560 67 54 E.
1050 1560 208 53 Laurie
1285 1560 165 68 Long…
1595 1559 239 51 London
1863 1562 113 52 and
2004 1557 348 70 Melbourne,

334 1639 197 69 Ward,
567 1640 155 52 Lock
758 1641 46 50 &
839 1658 97 51 co.,
971 1640 224 53 limited
1236 1641 173 67 [1936]

402 1710 88 41 320
518 1722 43 38 p.
621 1711 57 40 19
682 1714 44 21 cm
731 1744 9 8 .

335 1769 2016 53 © 1c. Feb. 27, 1936; A ad int. 21125; pubd. Jan. 3; E. L. Long, Gridea
404 1830 145 48 Park,
583 1831 169 47 Essex,
788 1830 238 47 England.
1100 1827 253 50 (36--6479)

333 1933 340 55 Louisiana.
748 1937 167 50 Laws
923 1977 11 24 ,
961 1940 240 48 statutes
1208 1976 11 24 ,
1248 1940 100 46 etc.

467 2010 1881 57 … Civil code of the state of Louisiana. Revision of 1870.
335 2089 2014 69 Edited by Benjamin Wall Dart … annotated by George A.
332 2164 2018 71 Wilson … assisted by the publisher’s editorial staff. [1935
334 2247 350 55 cumulative
742 2248 212 52 annual
1013 2246 203 69 pocket
1274 2245 378 70 supplement.
1749 2246 420 69 Indianapolis,
2230 2247 121 53 The

333 2327 446 55 Bobbs-Merrill
812 2344 300 49 company]
1148 2332 18 21 c
1172 2329 149 51 1935.

406 2402 25 39 1
460 2412 42 37 p,
531 2402 45 48 l.,
605 2400 91 40 142
719 2411 44 37 p.
818 2399 60 40 25½
907 2401 46 21 cm
957 2431 9 9 .

407 2458 118 40 This
550 2458 255 47 pamphlet
825 2456 46 41 is
891 2459 50 37 to
965 2457 56 39 be
1046 2456 140 39 fitted
1212 2455 102 40 into
1341 2456 81 40 the
1446 2455 171 47 pocket
1643 2457 51 38 at
1721 2456 85 39 the
1826 2456 123 40 back
1976 2455 52 40 of
2053 2457 83 39 the
2160 2456 193 41 volume

334 2516 52 38 of
425 2516 85 39 the
545 2517 78 37 set
660 2517 52 37 to
748 2512 159 41 which
947 2513 42 40 it
1026 2513 211 46 belongs.

335 2567 2016 54 © Dec. 20, 1935 ; 2c. Jan. 13, 1936 ; aff. Jan. 17 ; A 91282 ; Bobbs-Merrill
408 2640 66 30 co.

467 2727 1582 71 … Combined general indexes and tables, Louisiana
334 2730 1991 146 constitution,
501 2810 164 55 codes
694 2810 113 52 and
834 2812 257 49 statutes,
1154 2808 224 52 volume
1405 2811 47 48 4.
1516 2807 214 52 Edited
1756 2807 76 67 by
1859 2807 310 68 Benjamin
2194 2810 157 53 Wall

335 2885 2015 70 Dart … annotated by George A. Wilson … assisted by the
334 2967 342 68 publisher’s
726 2966 267 53 editorial
1042 2962 150 56 staff.
1285 2999 12 33 c
1306 2968 133 49 1935
1488 2964 346 53 cumulative
1883 2968 215 51 annual
2147 2967 203 67 pocket

334 3045 379 68 supplement.
775 3044 421 67 Indianapolis,
1222 3044 121 51 The
1371 3043 445 53 Bobbs-Merrill
1842 3062 300 50 company]
2198 3048 150 49 c1935.

406 3120 25 39 1
459 3130 43 37 p.
529 3120 45 46 1,
604 3118 85 39 143
718 3129 43 36 p.
820 3117 54 39 25½
908 3119 43 21 cm
959 3149 7 8 .

408 3176 118 38 This
551 3175 254 47 pamphlet
826 3174 41 40 is
893 3176 48 37 to
966 3174 56 39 be
1047 3173 138 40 fitted
1212 3173 101 41 into
1341 3174 83 40 the
1447 3172 170 48 pocket
1643 3174 55 38 at
1721 3173 84 39 the
1826 3173 123 39 back
1975 3173 51 39 of
2052 3175 81 39 the
2158 3173 192 42 volume

334 3233 52 37 of
426 3233 85 39 the
545 3234 78 38 set
660 3235 49 37 to
748 3230 159 40 which
947 3231 42 39 it
1026 3231 211 45 belongs.

337 3285 52 53 ©
415 3291 111 38 Dec.
555 3289 69 47 20,
654 3288 142 47 1935;
827 3288 67 39 2c.
926 3288 109 39 Jan.
1065 3287 69 47 13,
1165 3286 141 47 1936;
1339 3284 81 42 aff.
1450 3286 109 39 Jan.
1590 3285 82 48 17;
1703 3285 41 39 A
1774 3284 143 42 91280
1936 3297 9 37 ;
1979 3287 370 39 Bobbs-Merrill

405 3357 66 28 co.

334 3444 1989 149 … Constitutions of the state of Louisiana. Edited by Benjamin
541 3523 1806 68 Wall Dart … annotated by George A. Wilson … assisted
334 3605 74 67 by
455 3605 95 52 the
597 3603 341 68 publisher’s
987 3603 267 52 editorial
1300 3599 150 57 staff.
1562 3606 131 49 [1935
1741 3603 346 53 cumulative
2136 3605 212 51 annual

334 3682 202 68 pocket
589 3682 378 67 supplement.
1057 3680 418 68 Indianapolis,
1527 3682 121 51 The
1701 3681 447 53 Bobbs-Merrill
334 3700 1989 128 company]
540 3766 18 21 c
564 3763 151 50 1935.

408 3835 23 38 l
460 3845 43 36 p.
531 3834 44 46 l.,
604 3834 55 39 71
689 3843 43 37 p.
790 3832 55 40 25½
878 3834 44 21 cm
926 3863 8 8 .

408 3890 117 39 This
550 3890 255 47 pamphlet
825 3889 46 39 is
892 3891 48 38 to
965 3890 59 39 be
1045 3889 139 39 fitted
1210 3889 101 40 into
1339 3890 80 40 the
1444 3888 171 48 pocket
1641 3890 55 38 at
1719 3889 81 39 the
1823 3888 123 39 back
1972 3888 51 39 of
2050 3889 81 40 the
2156 3888 190 42 volume

334 3946 53 39 of
425 3947 85 39 the
544 3949 75 37 set
659 3949 52 37 to
747 3944 158 41 which
946 3946 42 40 it
1024 3946 211 44 belongs.

335 3999 53 52 ©
416 4004 113 39 Dec.
558 4002 70 48 20,
659 4002 141 47 1935;
831 4003 67 39 2c.
928 4003 109 39 Jan.
1069 4003 67 48 13,
1163 4001 140 48 1936;
1337 4001 81 41 aff.
1449 4002 109 39 Jan.
1589 4002 81 42 17;
1703 4001 40 38 A
1771 4001 170 41 91281;
1977 3999 368 41 Bobbs-Merrill
