<alto xmlns="http://www.loc.gov/standards/alto/ns-v3#" xmlns:xlink="http://www.w3.org/1999/xlink" xmlns:xsi="http://www.w3.org/2001/XMLSchema-instance" xsi:schemaLocation="http://www.loc.gov/standards/alto/ns-v3# http://www.loc.gov/alto/v3/alto-3-0.xsd"><Description>
<MeasurementUnit>pixel</MeasurementUnit>
<sourceImageInformation>
<fileName>1936_v33_Part1.pdf</fileName>
</sourceImageInformation>
<OCRProcessing ID="IdOcr">
<ocrProcessingStep>
<processingDateTime>2019-01-18</processingDateTime>
<processingSoftware>
<softwareCreator>ABBYY</softwareCreator>
<softwareName>ABBYY Recognition Server</softwareName>
<softwareVersion>4.0</softwareVersion>
</processingSoftware>
</ocrProcessingStep>
</OCRProcessing>
</Description>
<Styles>
<ParagraphStyle ID="StyleId-FFFFFFFF-FFFF-FFFF-FFFF-FFFFFFFFFFFF-" ALIGN="Left" LEFT="0." RIGHT="0." FIRSTLINE="0."/>
<ParagraphStyle ID="StyleId-51D50FAC-7A90-4D70-8A96-5EA9D46D1C8B-" ALIGN="Left" LEFT="0." RIGHT="0." FIRSTLINE="0." LINESPACE="7.699999809"/>
<ParagraphStyle ID="StyleId-6BC133E9-7DCB-43C3-8842-A67984A26405-" ALIGN="Block" LEFT="0." RIGHT="0." FIRSTLINE="-17." LINESPACE="8.340000153"/>
<ParagraphStyle ID="StyleId-3C3FF860-43E7-46A2-8934-48F305F6F0D6-" ALIGN="Left" LEFT="0." RIGHT="0." FIRSTLINE="-13." LINESPACE="11.06999969"/>
<ParagraphStyle ID="StyleId-19220C76-4F8A-4737-B38C-B5F5C17E6040-" ALIGN="Block" LEFT="0." RIGHT="0." FIRSTLINE="-13." LINESPACE="11.06999969"/>
<ParagraphStyle ID="StyleId-75A0D721-13ED-4F20-9002-B389EC48477D-" ALIGN="Left" LEFT="0." RIGHT="0." FIRSTLINE="0." LINESPACE="15.5"/>
<ParagraphStyle ID="StyleId-8A414184-C7A5-4AC7-9B88-7DA4DDE75922-" ALIGN="Left" LEFT="0." RIGHT="0." FIRSTLINE="0." LINESPACE="9.399999619"/>
<ParagraphStyle ID="StyleId-1A87970B-111C-4169-99A6-9412976F3C97-" ALIGN="Left" LEFT="0." RIGHT="0." FIRSTLINE="0." LINESPACE="10.5"/>
<ParagraphStyle ID="StyleId-72DB0571-5AE4-41FD-9E11-68C6AC4C437E-" ALIGN="Block" LEFT="0." RIGHT="0." FIRSTLINE="-17." LINESPACE="8.340000153"/>
<ParagraphStyle ID="StyleId-1AA43056-C388-4697-B10F-72FDAA38FAE1-" ALIGN="Center" LEFT="0." RIGHT="0." FIRSTLINE="0." LINESPACE="10.5"/>
</Styles>
<Layout>
<Page ID="Page190" PHYSICAL_IMG_NR="190" HEIGHT="4377" WIDTH="2519">
<TopMargin HEIGHT="456" WIDTH="2519" VPOS="0" HPOS="0">
</TopMargin>
<LeftMargin HEIGHT="3686" WIDTH="284" VPOS="456" HPOS="0">
</LeftMargin>
<RightMargin HEIGHT="3686" WIDTH="133" VPOS="456" HPOS="2386">
</RightMargin>
<BottomMargin HEIGHT="235" WIDTH="2519" VPOS="4142" HPOS="0">
<TextBlock ID="Page190_Block1" HEIGHT="163" WIDTH="228" VPOS="4162" HPOS="1279" LANG="en-US" STYLEREFS="StyleId-FDCA2135-E0F7-42A0-ADE0-CC31B94B7F98-">
<TextLine HEIGHT="47" WIDTH="99" VPOS="4162" HPOS="1320">
<String CONTENT="190" HEIGHT="47" WIDTH="99" VPOS="4162" HPOS="1320"/>
</TextLine>
</TextBlock>
</BottomMargin>
<PrintSpace HEIGHT="3686" WIDTH="2102" VPOS="456" HPOS="284">
<TextBlock ID="Page190_Block2" HEIGHT="3686" WIDTH="2102" VPOS="456" HPOS="284" LANG="en-US" CS="1" STYLEREFS="StyleId-3CBF367A-21C1-4413-927C-1C560751A8CA-">
<TextLine HEIGHT="66" WIDTH="1097" VPOS="466" HPOS="343" STYLEREFS="StyleId-6E6B1E8F-AAEE-4833-B049-CF6D9EC09DDE-">
<String LANG="la" CONTENT="Hertzler," HEIGHT="66" WIDTH="293" VPOS="466" HPOS="343"/>
<SP HEIGHT="66" WIDTH="29" VPOS="466" HPOS="637"/>
<String LANG="en-US" CONTENT="Arthur" HEIGHT="54" WIDTH="236" VPOS="466" HPOS="667"/>
<SP HEIGHT="52" WIDTH="26" VPOS="467" HPOS="904"/>
<String LANG="en-US" CONTENT="Emanuel," HEIGHT="64" WIDTH="306" VPOS="466" HPOS="931"/>
<SP HEIGHT="57" WIDTH="30" VPOS="473" HPOS="1238"/>
<String LANG="en-US" CONTENT="1870-" HEIGHT="53" WIDTH="171" VPOS="470" HPOS="1269"/>
</TextLine>
<TextLine HEIGHT="147" WIDTH="2016" VPOS="542" HPOS="342" CS="1">
<String CS="1" CONTENT="&#8230;"/>
<SP HEIGHT="55" WIDTH="39" VPOS="542" HPOS="477"/>
<String CONTENT="Surgical" HEIGHT="69" WIDTH="266" VPOS="542" HPOS="517"/>
<SP HEIGHT="66" WIDTH="31" VPOS="544" HPOS="784"/>
<String CONTENT="pathology" HEIGHT="70" WIDTH="317" VPOS="542" HPOS="816"/>
<SP HEIGHT="51" WIDTH="34" VPOS="561" HPOS="1134"/>
<String CONTENT="of" HEIGHT="54" WIDTH="64" VPOS="542" HPOS="1169"/>
<SP HEIGHT="53" WIDTH="31" VPOS="542" HPOS="1234"/>
<String CONTENT="the" HEIGHT="52" WIDTH="95" VPOS="544" HPOS="1266"/>
<SP HEIGHT="50" WIDTH="31" VPOS="561" HPOS="1362"/>
<String CONTENT="gastro-intestinal" HEIGHT="69" WIDTH="513" VPOS="542" HPOS="1394"/>
<SP HEIGHT="55" WIDTH="34" VPOS="542" HPOS="1908"/>
<String CONTENT="tract," HEIGHT="63" WIDTH="165" VPOS="549" HPOS="1943"/>
<SP HEIGHT="69" WIDTH="31" VPOS="543" HPOS="2109"/>
<String CONTENT="by" HEIGHT="69" WIDTH="74" VPOS="543" HPOS="2141"/>
<SP HEIGHT="69" WIDTH="34" VPOS="543" HPOS="2216"/>
<String CONTENT="Arthur" HEIGHT="131" WIDTH="1991" VPOS="543" HPOS="342"/>
<SP HEIGHT="52" WIDTH="41" VPOS="621" HPOS="480"/>
<String CONTENT="E." HEIGHT="52" WIDTH="68" VPOS="621" HPOS="522"/>
<SP HEIGHT="52" WIDTH="42" VPOS="621" HPOS="591"/>
<String CONTENT="Hertzler" HEIGHT="54" WIDTH="270" VPOS="621" HPOS="634"/>
<SP HEIGHT="35" WIDTH="47" VPOS="639" HPOS="905"/>
<String CS="1" CONTENT="&#8230;"/>
<SP HEIGHT="51" WIDTH="78" VPOS="623" HPOS="1009"/>
<String CONTENT="242" HEIGHT="48" WIDTH="101" VPOS="623" HPOS="1088"/>
<SP HEIGHT="52" WIDTH="42" VPOS="622" HPOS="1190"/>
<String CONTENT="illustrations." HEIGHT="56" WIDTH="394" VPOS="619" HPOS="1233"/>
<SP HEIGHT="53" WIDTH="73" VPOS="622" HPOS="1628"/>
<String CONTENT="Philadelphia," HEIGHT="70" WIDTH="425" VPOS="619" HPOS="1702"/>
<SP HEIGHT="67" WIDTH="42" VPOS="622" HPOS="2128"/>
<String CONTENT="Mont" HEIGHT="54" WIDTH="167" VPOS="622" HPOS="2171"/>
<HYP CONTENT="&#173;"/>
</TextLine>
<TextLine HEIGHT="71" WIDTH="1383" VPOS="698" HPOS="343" CS="1">
<String CONTENT="real" HEIGHT="52" WIDTH="118" VPOS="700" HPOS="343"/>
<SP HEIGHT="67" WIDTH="34" VPOS="700" HPOS="462"/>
<String CONTENT="[etc.]" HEIGHT="63" WIDTH="139" VPOS="704" HPOS="497"/>
<SP HEIGHT="68" WIDTH="36" VPOS="699" HPOS="637"/>
<String CONTENT="J." HEIGHT="54" WIDTH="55" VPOS="699" HPOS="674"/>
<SP HEIGHT="53" WIDTH="29" VPOS="700" HPOS="730"/>
<String CONTENT="B." HEIGHT="52" WIDTH="68" VPOS="700" HPOS="760"/>
<SP HEIGHT="53" WIDTH="31" VPOS="699" HPOS="829"/>
<String CONTENT="Lippincott" HEIGHT="70" WIDTH="343" VPOS="698" HPOS="861"/>
<SP HEIGHT="48" WIDTH="28" VPOS="704" HPOS="1205"/>
<String CONTENT="company" HEIGHT="51" WIDTH="281" VPOS="717" HPOS="1234"/>
<SP HEIGHT="50" WIDTH="35" VPOS="719" HPOS="1516"/>
<String CS="1" CONTENT="["/>
<String STYLE="superscript" CONTENT="c" HEIGHT="21" WIDTH="17" VPOS="708" HPOS="1570"/>
<String CS="1" CONTENT="1936]" HEIGHT="50" WIDTH="134" VPOS="703" HPOS="1592"/>
</TextLine>
<TextLine HEIGHT="106" WIDTH="2000" VPOS="770" HPOS="343" STYLEREFS="StyleId-EA81E047-9FB4-425D-B599-5FBC01E22F2E-" CS="1">
<String CONTENT="xviii," HEIGHT="49" WIDTH="137" VPOS="770" HPOS="416"/>
<SP HEIGHT="48" WIDTH="35" VPOS="771" HPOS="554"/>
<String CONTENT="311" HEIGHT="41" WIDTH="86" VPOS="771" HPOS="590"/>
<SP HEIGHT="48" WIDTH="38" VPOS="772" HPOS="677"/>
<String CONTENT="p." HEIGHT="38" WIDTH="43" VPOS="782" HPOS="716"/>
<SP HEIGHT="41" WIDTH="59" VPOS="771" HPOS="760"/>
<String CONTENT="illus." HEIGHT="40" WIDTH="130" VPOS="771" HPOS="820"/>
<SP HEIGHT="41" WIDTH="57" VPOS="770" HPOS="951"/>
<String CS="1" CONTENT="24&#189;" HEIGHT="41" WIDTH="58" VPOS="770" HPOS="1009"/>
<String STYLE="superscript" CONTENT="cm" HEIGHT="21" WIDTH="45" VPOS="773" HPOS="1099"/>
<String CONTENT="." HEIGHT="9" WIDTH="9" VPOS="802" HPOS="1148"/>
<SP HEIGHT="49" WIDTH="75" VPOS="772" HPOS="1158"/>
<String CONTENT="(Hertzler&#8217;s" HEIGHT="49" WIDTH="291" VPOS="772" HPOS="1234"/>
<SP HEIGHT="30" WIDTH="37" VPOS="784" HPOS="1526"/>
<String CONTENT="monographs" HEIGHT="49" WIDTH="327" VPOS="773" HPOS="1564"/>
<SP HEIGHT="30" WIDTH="35" VPOS="784" HPOS="1892"/>
<String CONTENT="on" HEIGHT="30" WIDTH="62" VPOS="784" HPOS="1928"/>
<SP HEIGHT="30" WIDTH="36" VPOS="785" HPOS="1991"/>
<String CONTENT="surgical" HEIGHT="48" WIDTH="214" VPOS="774" HPOS="2028"/>
<SP HEIGHT="50" WIDTH="37" VPOS="774" HPOS="2243"/>
<String CONTENT="pathology)" HEIGHT="91" WIDTH="2000" VPOS="785" HPOS="343"/>
</TextLine>
<TextLine HEIGHT="50" WIDTH="1029" VPOS="884" HPOS="419" STYLEREFS="StyleId-EA81E047-9FB4-425D-B599-5FBC01E22F2E-">
<String CONTENT="&#8220;Literature&#8221;" HEIGHT="42" WIDTH="339" VPOS="884" HPOS="419"/>
<SP HEIGHT="43" WIDTH="31" VPOS="884" HPOS="759"/>
<String CONTENT="at" HEIGHT="39" WIDTH="52" VPOS="888" HPOS="791"/>
<SP HEIGHT="38" WIDTH="30" VPOS="888" HPOS="844"/>
<String CONTENT="end" HEIGHT="40" WIDTH="92" VPOS="886" HPOS="875"/>
<SP HEIGHT="40" WIDTH="30" VPOS="886" HPOS="968"/>
<String CONTENT="of" HEIGHT="41" WIDTH="53" VPOS="885" HPOS="999"/>
<SP HEIGHT="40" WIDTH="28" VPOS="885" HPOS="1053"/>
<String CONTENT="each" HEIGHT="40" WIDTH="120" VPOS="886" HPOS="1082"/>
<SP HEIGHT="41" WIDTH="28" VPOS="886" HPOS="1203"/>
<String CONTENT="chapter." HEIGHT="47" WIDTH="216" VPOS="887" HPOS="1232"/>
</TextLine>
<TextLine HEIGHT="55" WIDTH="1861" VPOS="957" HPOS="347" STYLEREFS="StyleId-EA81E047-9FB4-425D-B599-5FBC01E22F2E-" CS="1">
<String CONTENT="&#169;" HEIGHT="53" WIDTH="52" VPOS="957" HPOS="347"/>
<SP HEIGHT="53" WIDTH="35" VPOS="957" HPOS="400"/>
<String CONTENT="Jan." HEIGHT="41" WIDTH="110" VPOS="961" HPOS="436"/>
<SP HEIGHT="42" WIDTH="34" VPOS="960" HPOS="547"/>
<String CONTENT="27," HEIGHT="49" WIDTH="70" VPOS="960" HPOS="582"/>
<SP HEIGHT="48" WIDTH="35" VPOS="961" HPOS="653"/>
<String CONTENT="1936;" HEIGHT="47" WIDTH="143" VPOS="960" HPOS="689"/>
<SP HEIGHT="48" WIDTH="34" VPOS="959" HPOS="833"/>
<String CONTENT="2c." HEIGHT="42" WIDTH="68" VPOS="959" HPOS="868"/>
<SP HEIGHT="29" WIDTH="36" VPOS="971" HPOS="937"/>
<String CONTENT="and" HEIGHT="41" WIDTH="95" VPOS="959" HPOS="974"/>
<SP HEIGHT="41" WIDTH="35" VPOS="959" HPOS="1070"/>
<String CS="1" CONTENT="aff." HEIGHT="42" WIDTH="83" VPOS="959" HPOS="1106"/>
<SP HEIGHT="41" WIDTH="36" VPOS="960" HPOS="1190"/>
<String CONTENT="Jan." HEIGHT="42" WIDTH="109" VPOS="960" HPOS="1227"/>
<SP HEIGHT="41" WIDTH="35" VPOS="961" HPOS="1337"/>
<String CONTENT="31;" HEIGHT="48" WIDTH="82" VPOS="961" HPOS="1373"/>
<SP HEIGHT="47" WIDTH="38" VPOS="962" HPOS="1456"/>
<!-- cceid 96681963-6E3A-1014-83DD-942C093A1DD9 --><String CONTENT="A" HEIGHT="39" WIDTH="40" VPOS="962" HPOS="1495"/>
<SP HEIGHT="41" WIDTH="35" VPOS="961" HPOS="1536"/>
<String CONTENT="91556;" HEIGHT="48" WIDTH="171" VPOS="961" HPOS="1572"/>
<SP HEIGHT="47" WIDTH="38" VPOS="962" HPOS="1744"/>
<String CONTENT="A." HEIGHT="41" WIDTH="53" VPOS="962" HPOS="1783"/>
<SP HEIGHT="40" WIDTH="38" VPOS="963" HPOS="1837"/>
<String CONTENT="E." HEIGHT="41" WIDTH="52" VPOS="963" HPOS="1876"/>
<SP HEIGHT="42" WIDTH="37" VPOS="962" HPOS="1929"/>
<String CONTENT="Hertzler," HEIGHT="50" WIDTH="241" VPOS="962" HPOS="1967"/>
</TextLine>
<TextLine HEIGHT="106" WIDTH="1924" VPOS="962" HPOS="420" STYLEREFS="StyleId-EA81E047-9FB4-425D-B599-5FBC01E22F2E-" CS="1">
<String CONTENT="Halstead," HEIGHT="106" WIDTH="1924" VPOS="962" HPOS="420"/>
<SP HEIGHT="49" WIDTH="32" VPOS="1019" HPOS="574"/>
<String CONTENT="Kan." HEIGHT="40" WIDTH="126" VPOS="1019" HPOS="607"/>
<SP HEIGHT="49" WIDTH="71" VPOS="1017" HPOS="734"/>
<String CONTENT="(36-6469)" HEIGHT="50" WIDTH="253" VPOS="1016" HPOS="806"/>
</TextLine>
<TextLine HEIGHT="64" WIDTH="973" VPOS="1123" HPOS="344" STYLEREFS="StyleId-6E6B1E8F-AAEE-4833-B049-CF6D9EC09DDE-">
<String CONTENT="Hockenbury," HEIGHT="64" WIDTH="421" VPOS="1123" HPOS="344"/>
<SP HEIGHT="64" WIDTH="26" VPOS="1123" HPOS="766"/>
<String CONTENT="Myron" HEIGHT="63" WIDTH="213" VPOS="1123" HPOS="793"/>
<SP HEIGHT="52" WIDTH="28" VPOS="1123" HPOS="1007"/>
<String CONTENT="Downey." HEIGHT="64" WIDTH="281" VPOS="1123" HPOS="1036"/>
</TextLine>
<TextLine HEIGHT="72" WIDTH="1945" VPOS="1198" HPOS="416">
<String CONTENT="Make" HEIGHT="53" WIDTH="171" VPOS="1199" HPOS="416"/>
<SP HEIGHT="49" WIDTH="36" VPOS="1217" HPOS="588"/>
<String CONTENT="yourself" HEIGHT="68" WIDTH="263" VPOS="1198" HPOS="625"/>
<SP HEIGHT="54" WIDTH="36" VPOS="1198" HPOS="889"/>
<String CONTENT="a" HEIGHT="35" WIDTH="33" VPOS="1217" HPOS="926"/>
<SP HEIGHT="68" WIDTH="35" VPOS="1199" HPOS="960"/>
<String CONTENT="job;" HEIGHT="68" WIDTH="126" VPOS="1199" HPOS="996"/>
<SP HEIGHT="46" WIDTH="43" VPOS="1218" HPOS="1123"/>
<String CONTENT="a" HEIGHT="34" WIDTH="31" VPOS="1219" HPOS="1167"/>
<SP HEIGHT="35" WIDTH="38" VPOS="1219" HPOS="1199"/>
<String CONTENT="student" HEIGHT="54" WIDTH="228" VPOS="1200" HPOS="1238"/>
<SP HEIGHT="48" WIDTH="35" VPOS="1206" HPOS="1467"/>
<String CONTENT="employment" HEIGHT="69" WIDTH="389" VPOS="1200" HPOS="1503"/>
<SP HEIGHT="53" WIDTH="36" VPOS="1201" HPOS="1893"/>
<String CONTENT="handbook," HEIGHT="67" WIDTH="324" VPOS="1201" HPOS="1930"/>
<SP HEIGHT="66" WIDTH="32" VPOS="1202" HPOS="2255"/>
<String CONTENT="by" HEIGHT="68" WIDTH="73" VPOS="1202" HPOS="2288"/>
</TextLine>
<TextLine HEIGHT="72" WIDTH="2016" VPOS="1278" HPOS="347" CS="1">
<String CONTENT="Myron" HEIGHT="68" WIDTH="209" VPOS="1279" HPOS="347"/>
<SP HEIGHT="53" WIDTH="43" VPOS="1278" HPOS="557"/>
<String CONTENT="Downey" HEIGHT="67" WIDTH="260" VPOS="1278" HPOS="601"/>
<SP HEIGHT="67" WIDTH="40" VPOS="1278" HPOS="862"/>
<String CONTENT="Hockenbury," HEIGHT="67" WIDTH="409" VPOS="1278" HPOS="903"/>
<SP HEIGHT="47" WIDTH="40" VPOS="1298" HPOS="1313"/>
<String CS="1" CONTENT="A." HEIGHT="10" WIDTH="9" VPOS="1323" HPOS="1397"/>
<SP HEIGHT="34" WIDTH="43" VPOS="1299" HPOS="1407"/>
<String CS="1" CONTENT="B.," HEIGHT="25" WIDTH="29" VPOS="1322" HPOS="1489"/>
<SP HEIGHT="49" WIDTH="40" VPOS="1298" HPOS="1519"/>
<String CS="1" CONTENT="LL." HEIGHT="10" WIDTH="10" VPOS="1324" HPOS="1634"/>
<SP HEIGHT="35" WIDTH="44" VPOS="1299" HPOS="1645"/>
<String CS="1" CONTENT="B." HEIGHT="9" WIDTH="8" VPOS="1324" HPOS="1728"/>
<SP HEIGHT="53" WIDTH="80" VPOS="1280" HPOS="1737"/>
<String CONTENT="Harrisburg," HEIGHT="71" WIDTH="381" VPOS="1279" HPOS="1818"/>
<SP HEIGHT="62" WIDTH="42" VPOS="1282" HPOS="2200"/>
<String CONTENT="Pa.," HEIGHT="67" WIDTH="120" VPOS="1282" HPOS="2243"/>
</TextLine>
<TextLine HEIGHT="70" WIDTH="1158" VPOS="1356" HPOS="347">
<String CONTENT="Dauphin" HEIGHT="68" WIDTH="278" VPOS="1357" HPOS="347"/>
<SP HEIGHT="49" WIDTH="28" VPOS="1376" HPOS="626"/>
<String CONTENT="publishing" HEIGHT="69" WIDTH="341" VPOS="1356" HPOS="655"/>
<SP HEIGHT="49" WIDTH="25" VPOS="1376" HPOS="997"/>
<String CONTENT="company," HEIGHT="50" WIDTH="300" VPOS="1376" HPOS="1023"/>
<SP HEIGHT="57" WIDTH="31" VPOS="1364" HPOS="1324"/>
<String CONTENT="1936." HEIGHT="51" WIDTH="149" VPOS="1361" HPOS="1356"/>
</TextLine>
<TextLine HEIGHT="49" WIDTH="577" VPOS="1432" HPOS="417" STYLEREFS="StyleId-EA81E047-9FB4-425D-B599-5FBC01E22F2E-" CS="1">
<String CONTENT="160" HEIGHT="40" WIDTH="88" VPOS="1432" HPOS="417"/>
<SP HEIGHT="49" WIDTH="26" VPOS="1432" HPOS="506"/>
<String CONTENT="p." HEIGHT="38" WIDTH="42" VPOS="1443" HPOS="533"/>
<SP HEIGHT="39" WIDTH="57" VPOS="1433" HPOS="576"/>
<String CONTENT="diagr." HEIGHT="47" WIDTH="156" VPOS="1432" HPOS="634"/>
<SP HEIGHT="40" WIDTH="55" VPOS="1433" HPOS="791"/>
<String CS="1" CONTENT="20&#189;" HEIGHT="40" WIDTH="59" VPOS="1432" HPOS="847"/>
<String STYLE="superscript" CONTENT="cm" HEIGHT="21" WIDTH="45" VPOS="1435" HPOS="936"/>
<String CONTENT="." HEIGHT="8" WIDTH="8" VPOS="1464" HPOS="986"/>
</TextLine>
<TextLine HEIGHT="50" WIDTH="998" VPOS="1488" HPOS="420" STYLEREFS="StyleId-EA81E047-9FB4-425D-B599-5FBC01E22F2E-">
<String CONTENT="&#8220;Selected" HEIGHT="42" WIDTH="251" VPOS="1488" HPOS="420"/>
<SP HEIGHT="40" WIDTH="29" VPOS="1489" HPOS="672"/>
<String CONTENT="bibliography&#8221;:" HEIGHT="48" WIDTH="398" VPOS="1489" HPOS="702"/>
<SP HEIGHT="37" WIDTH="32" VPOS="1501" HPOS="1101"/>
<String CONTENT="p." HEIGHT="37" WIDTH="42" VPOS="1501" HPOS="1134"/>
<SP HEIGHT="39" WIDTH="25" VPOS="1491" HPOS="1177"/>
<String CONTENT="159-160." HEIGHT="40" WIDTH="215" VPOS="1489" HPOS="1203"/>
</TextLine>
<TextLine HEIGHT="59" WIDTH="2017" VPOS="1555" HPOS="349" STYLEREFS="StyleId-EA81E047-9FB4-425D-B599-5FBC01E22F2E-" CS="1">
<String CONTENT="&#169;" HEIGHT="54" WIDTH="53" VPOS="1555" HPOS="349"/>
<SP HEIGHT="54" WIDTH="25" VPOS="1555" HPOS="403"/>
<String CONTENT="Jan." HEIGHT="40" WIDTH="111" VPOS="1560" HPOS="429"/>
<SP HEIGHT="39" WIDTH="28" VPOS="1561" HPOS="541"/>
<String CONTENT="10," HEIGHT="47" WIDTH="69" VPOS="1560" HPOS="570"/>
<SP HEIGHT="45" WIDTH="29" VPOS="1562" HPOS="640"/>
<String CS="1" CONTENT="1936;" HEIGHT="41" WIDTH="119" VPOS="1560" HPOS="670"/>
<SP HEIGHT="48" WIDTH="28" VPOS="1559" HPOS="813"/>
<String CONTENT="2c." HEIGHT="41" WIDTH="67" VPOS="1559" HPOS="842"/>
<SP HEIGHT="39" WIDTH="30" VPOS="1561" HPOS="910"/>
<String CONTENT="Jan." HEIGHT="39" WIDTH="109" VPOS="1561" HPOS="941"/>
<SP HEIGHT="38" WIDTH="29" VPOS="1561" HPOS="1051"/>
<String CONTENT="15;" HEIGHT="46" WIDTH="82" VPOS="1561" HPOS="1081"/>
<SP HEIGHT="36" WIDTH="31" VPOS="1571" HPOS="1164"/>
<String CONTENT="aff." HEIGHT="41" WIDTH="81" VPOS="1560" HPOS="1196"/>
<SP HEIGHT="40" WIDTH="32" VPOS="1561" HPOS="1278"/>
<String CONTENT="Feb." HEIGHT="40" WIDTH="109" VPOS="1561" HPOS="1311"/>
<SP HEIGHT="40" WIDTH="29" VPOS="1561" HPOS="1421"/>
<String CONTENT="14;" HEIGHT="47" WIDTH="81" VPOS="1561" HPOS="1451"/>
<SP HEIGHT="46" WIDTH="31" VPOS="1562" HPOS="1533"/>
<!-- cceid 9668CAC8-6E3A-1014-83DD-942C093A1DD9 --><String CONTENT="A" HEIGHT="40" WIDTH="44" VPOS="1562" HPOS="1565"/>
<SP HEIGHT="42" WIDTH="22" VPOS="1560" HPOS="1610"/>
<String CS="1" CONTENT="90803;" HEIGHT="42" WIDTH="145" VPOS="1560" HPOS="1633"/>
<SP HEIGHT="45" WIDTH="32" VPOS="1563" HPOS="1806"/>
<String CONTENT="M." HEIGHT="39" WIDTH="63" VPOS="1563" HPOS="1839"/>
<SP HEIGHT="39" WIDTH="31" VPOS="1563" HPOS="1903"/>
<String CONTENT="D." HEIGHT="40" WIDTH="57" VPOS="1563" HPOS="1935"/>
<SP HEIGHT="41" WIDTH="30" VPOS="1562" HPOS="1993"/>
<String CONTENT="Hockenbury," HEIGHT="52" WIDTH="342" VPOS="1562" HPOS="2024"/>
</TextLine>
<TextLine HEIGHT="49" WIDTH="750" VPOS="1618" HPOS="420" STYLEREFS="StyleId-EA81E047-9FB4-425D-B599-5FBC01E22F2E-">
<String CONTENT="Harrisburg," HEIGHT="49" WIDTH="320" VPOS="1618" HPOS="420"/>
<SP HEIGHT="47" WIDTH="25" VPOS="1619" HPOS="741"/>
<String CONTENT="Pa." HEIGHT="40" WIDTH="84" VPOS="1619" HPOS="767"/>
<SP HEIGHT="47" WIDTH="63" VPOS="1619" HPOS="852"/>
<String CONTENT="(36-6075)" HEIGHT="49" WIDTH="254" VPOS="1618" HPOS="916"/>
</TextLine>
<TextLine HEIGHT="66" WIDTH="730" VPOS="1722" HPOS="348" STYLEREFS="StyleId-6E6B1E8F-AAEE-4833-B049-CF6D9EC09DDE-">
<String CONTENT="Horler," HEIGHT="66" WIDTH="232" VPOS="1722" HPOS="348"/>
<SP HEIGHT="65" WIDTH="29" VPOS="1723" HPOS="581"/>
<String CONTENT="Sydney," HEIGHT="65" WIDTH="260" VPOS="1723" HPOS="611"/>
<SP HEIGHT="58" WIDTH="33" VPOS="1730" HPOS="872"/>
<String CONTENT="1888-" HEIGHT="50" WIDTH="172" VPOS="1728" HPOS="906"/>
</TextLine>
<TextLine HEIGHT="146" WIDTH="2012" VPOS="1800" HPOS="349" CS="1">
<String CONTENT="The" HEIGHT="52" WIDTH="122" VPOS="1801" HPOS="420"/>
<SP HEIGHT="47" WIDTH="27" VPOS="1806" HPOS="543"/>
<String CONTENT="traitor," HEIGHT="65" WIDTH="226" VPOS="1802" HPOS="571"/>
<SP HEIGHT="66" WIDTH="27" VPOS="1801" HPOS="798"/>
<String CONTENT="by" HEIGHT="66" WIDTH="74" VPOS="1801" HPOS="826"/>
<SP HEIGHT="67" WIDTH="30" VPOS="1800" HPOS="901"/>
<String CONTENT="Sydney" HEIGHT="68" WIDTH="233" VPOS="1800" HPOS="932"/>
<SP HEIGHT="67" WIDTH="26" VPOS="1801" HPOS="1166"/>
<String CONTENT="Horler." HEIGHT="53" WIDTH="230" VPOS="1801" HPOS="1193"/>
<SP HEIGHT="51" WIDTH="75" VPOS="1803" HPOS="1424"/>
<String CONTENT="Boston," HEIGHT="64" WIDTH="236" VPOS="1803" HPOS="1500"/>
<SP HEIGHT="63" WIDTH="26" VPOS="1804" HPOS="1737"/>
<String CONTENT="Little," HEIGHT="66" WIDTH="197" VPOS="1802" HPOS="1764"/>
<SP HEIGHT="65" WIDTH="28" VPOS="1803" HPOS="1962"/>
<String CONTENT="Brown," HEIGHT="64" WIDTH="231" VPOS="1803" HPOS="1991"/>
<SP HEIGHT="46" WIDTH="28" VPOS="1821" HPOS="2223"/>
<String CONTENT="and" HEIGHT="53" WIDTH="109" VPOS="1802" HPOS="2252"/>
<SP/>
<String CONTENT="company," HEIGHT="49" WIDTH="300" VPOS="1897" HPOS="349"/>
<SP HEIGHT="64" WIDTH="31" VPOS="1882" HPOS="650"/>
<String CONTENT="1936." HEIGHT="50" WIDTH="151" VPOS="1882" HPOS="682"/>
</TextLine>
<TextLine HEIGHT="49" WIDTH="368" VPOS="1949" HPOS="419" CS="1">
<String CONTENT="vi," HEIGHT="48" WIDTH="63" VPOS="1950" HPOS="419"/>
<SP HEIGHT="49" WIDTH="26" VPOS="1949" HPOS="483"/>
<String CONTENT="313" HEIGHT="42" WIDTH="86" VPOS="1949" HPOS="510"/>
<SP HEIGHT="48" WIDTH="26" VPOS="1950" HPOS="597"/>
<String CONTENT="p." HEIGHT="38" WIDTH="44" VPOS="1960" HPOS="624"/>
<SP HEIGHT="39" WIDTH="60" VPOS="1951" HPOS="669"/>
<String CS="1" CONTENT="19&#189;cm." HEIGHT="41" WIDTH="57" VPOS="1949" HPOS="730"/>
</TextLine>
<TextLine HEIGHT="57" WIDTH="1848" VPOS="2020" HPOS="352" STYLEREFS="StyleId-EA81E047-9FB4-425D-B599-5FBC01E22F2E-" CS="1">
<String CONTENT="&#169;" HEIGHT="57" WIDTH="53" VPOS="2020" HPOS="352"/>
<SP HEIGHT="57" WIDTH="27" VPOS="2020" HPOS="406"/>
<String CONTENT="Mar." HEIGHT="40" WIDTH="122" VPOS="2025" HPOS="434"/>
<SP HEIGHT="41" WIDTH="29" VPOS="2024" HPOS="557"/>
<String CONTENT="8," HEIGHT="48" WIDTH="39" VPOS="2024" HPOS="587"/>
<SP HEIGHT="47" WIDTH="30" VPOS="2025" HPOS="627"/>
<String CONTENT="1936;" HEIGHT="48" WIDTH="141" VPOS="2023" HPOS="658"/>
<SP HEIGHT="47" WIDTH="31" VPOS="2024" HPOS="800"/>
<String CONTENT="2c." HEIGHT="40" WIDTH="67" VPOS="2024" HPOS="832"/>
<SP HEIGHT="30" WIDTH="31" VPOS="2034" HPOS="900"/>
<String CONTENT="and" HEIGHT="39" WIDTH="96" VPOS="2025" HPOS="932"/>
<SP HEIGHT="39" WIDTH="26" VPOS="2025" HPOS="1029"/>
<String CONTENT="aff." HEIGHT="42" WIDTH="82" VPOS="2023" HPOS="1056"/>
<SP HEIGHT="40" WIDTH="30" VPOS="2025" HPOS="1139"/>
<String CONTENT="Mar." HEIGHT="39" WIDTH="122" VPOS="2025" HPOS="1170"/>
<SP HEIGHT="39" WIDTH="29" VPOS="2025" HPOS="1293"/>
<String CONTENT="7;" HEIGHT="45" WIDTH="51" VPOS="2025" HPOS="1323"/>
<SP HEIGHT="46" WIDTH="32" VPOS="2024" HPOS="1375"/>
<!-- cceid 96697F69-6E3A-1014-83DD-942C093A1DD9 --><String CONTENT="A" HEIGHT="39" WIDTH="39" VPOS="2024" HPOS="1408"/>
<SP HEIGHT="40" WIDTH="28" VPOS="2023" HPOS="1448"/>
<String CS="1" CONTENT="93093;" HEIGHT="41" WIDTH="144" VPOS="2023" HPOS="1477"/>
<SP HEIGHT="48" WIDTH="34" VPOS="2024" HPOS="1650"/>
<String CONTENT="S." HEIGHT="41" WIDTH="43" VPOS="2024" HPOS="1685"/>
<SP HEIGHT="40" WIDTH="32" VPOS="2025" HPOS="1729"/>
<String CONTENT="Horler," HEIGHT="49" WIDTH="192" VPOS="2025" HPOS="1762"/>
<SP HEIGHT="49" WIDTH="31" VPOS="2025" HPOS="1955"/>
<String CONTENT="London." HEIGHT="41" WIDTH="213" VPOS="2025" HPOS="1987"/>
</TextLine>
<TextLine HEIGHT="50" WIDTH="254" VPOS="2080" HPOS="429" STYLEREFS="StyleId-EA81E047-9FB4-425D-B599-5FBC01E22F2E-">
<String CONTENT="(36-6319)" HEIGHT="50" WIDTH="254" VPOS="2080" HPOS="429"/>
</TextLine>
<TextLine HEIGHT="64" WIDTH="494" VPOS="2187" HPOS="351" STYLEREFS="StyleId-6E6B1E8F-AAEE-4833-B049-CF6D9EC09DDE-">
<String CONTENT="Hurley," HEIGHT="64" WIDTH="246" VPOS="2187" HPOS="351"/>
<SP HEIGHT="64" WIDTH="25" VPOS="2187" HPOS="598"/>
<String CONTENT="Duran." HEIGHT="55" WIDTH="221" VPOS="2187" HPOS="624"/>
</TextLine>
<TextLine HEIGHT="72" WIDTH="1950" VPOS="2260" HPOS="421">
<String CONTENT="Monsignor," HEIGHT="69" WIDTH="355" VPOS="2263" HPOS="421"/>
<SP HEIGHT="50" WIDTH="31" VPOS="2281" HPOS="777"/>
<String CONTENT="a" HEIGHT="33" WIDTH="31" VPOS="2281" HPOS="809"/>
<SP HEIGHT="33" WIDTH="32" VPOS="2281" HPOS="841"/>
<String CONTENT="novel" HEIGHT="53" WIDTH="163" VPOS="2262" HPOS="874"/>
<SP HEIGHT="52" WIDTH="28" VPOS="2262" HPOS="1038"/>
<String CONTENT="by" HEIGHT="69" WIDTH="73" VPOS="2263" HPOS="1067"/>
<SP HEIGHT="70" WIDTH="30" VPOS="2262" HPOS="1141"/>
<String CONTENT="Doran" HEIGHT="53" WIDTH="196" VPOS="2262" HPOS="1172"/>
<SP HEIGHT="53" WIDTH="32" VPOS="2262" HPOS="1369"/>
<String CONTENT="Hurley." HEIGHT="68" WIDTH="240" VPOS="2262" HPOS="1402"/>
<SP HEIGHT="54" WIDTH="73" VPOS="2261" HPOS="1643"/>
<String CONTENT="New" HEIGHT="52" WIDTH="136" VPOS="2261" HPOS="1717"/>
<SP HEIGHT="52" WIDTH="35" VPOS="2261" HPOS="1854"/>
<String CONTENT="York," HEIGHT="70" WIDTH="179" VPOS="2260" HPOS="1890"/>
<SP HEIGHT="68" WIDTH="30" VPOS="2262" HPOS="2070"/>
<String CONTENT="Toronto," HEIGHT="68" WIDTH="270" VPOS="2262" HPOS="2101"/>
</TextLine>
<TextLine HEIGHT="70" WIDTH="1030" VPOS="2341" HPOS="351">
<String CONTENT="Longmans," HEIGHT="69" WIDTH="344" VPOS="2342" HPOS="351"/>
<SP HEIGHT="68" WIDTH="33" VPOS="2341" HPOS="696"/>
<String CONTENT="Green" HEIGHT="55" WIDTH="186" VPOS="2341" HPOS="730"/>
<SP HEIGHT="35" WIDTH="33" VPOS="2360" HPOS="917"/>
<String CONTENT="and" HEIGHT="52" WIDTH="111" VPOS="2341" HPOS="951"/>
<SP HEIGHT="53" WIDTH="35" VPOS="2341" HPOS="1063"/>
<String CONTENT="co.," HEIGHT="49" WIDTH="97" VPOS="2360" HPOS="1099"/>
<SP HEIGHT="65" WIDTH="34" VPOS="2344" HPOS="1197"/>
<String CONTENT="1936." HEIGHT="51" WIDTH="149" VPOS="2343" HPOS="1232"/>
</TextLine>
<TextLine HEIGHT="49" WIDTH="541" VPOS="2413" HPOS="423" STYLEREFS="StyleId-EA81E047-9FB4-425D-B599-5FBC01E22F2E-" CS="1">
<String LANG="en-US" CONTENT="5" HEIGHT="40" WIDTH="26" VPOS="2413" HPOS="423"/>
<SP/>
<String LANG="la" CONTENT="p." HEIGHT="38" WIDTH="44" VPOS="2424" HPOS="478"/>
<SP/>
<String LANG="la" CS="1" CONTENT="l."/>
<String LANG="en-US" CONTENT="," HEIGHT="16" WIDTH="7" VPOS="2446" HPOS="588"/>
<SP HEIGHT="48" WIDTH="29" VPOS="2414" HPOS="596"/>
<String LANG="en-US" CONTENT="305" HEIGHT="41" WIDTH="88" VPOS="2413" HPOS="626"/>
<SP HEIGHT="48" WIDTH="27" VPOS="2413" HPOS="715"/>
<String LANG="en-US" CONTENT="p." HEIGHT="37" WIDTH="44" VPOS="2424" HPOS="743"/>
<SP HEIGHT="41" WIDTH="59" VPOS="2413" HPOS="788"/>
<String LANG="en-US" CONTENT="19" HEIGHT="40" WIDTH="55" VPOS="2413" HPOS="848"/>
<String STYLE="superscript" LANG="en-US" CONTENT="cm" HEIGHT="21" WIDTH="44" VPOS="2415" HPOS="907"/>
<String LANG="en-US" CONTENT="." HEIGHT="8" WIDTH="8" VPOS="2445" HPOS="956"/>
</TextLine>
<TextLine HEIGHT="41" WIDTH="427" VPOS="2470" HPOS="424" STYLEREFS="StyleId-EA81E047-9FB4-425D-B599-5FBC01E22F2E-">
<String CONTENT="&#8220;First" HEIGHT="39" WIDTH="163" VPOS="2472" HPOS="424"/>
<SP HEIGHT="37" WIDTH="32" VPOS="2474" HPOS="588"/>
<String CONTENT="edition.&#8221;" HEIGHT="41" WIDTH="230" VPOS="2470" HPOS="621"/>
</TextLine>
<TextLine HEIGHT="54" WIDTH="2015" VPOS="2528" HPOS="355" STYLEREFS="StyleId-EA81E047-9FB4-425D-B599-5FBC01E22F2E-">
<String CONTENT="&#169;" HEIGHT="54" WIDTH="53" VPOS="2528" HPOS="355"/>
<SP HEIGHT="54" WIDTH="29" VPOS="2528" HPOS="409"/>
<String CONTENT="Feb." HEIGHT="39" WIDTH="111" VPOS="2533" HPOS="439"/>
<SP HEIGHT="40" WIDTH="28" VPOS="2532" HPOS="551"/>
<String CONTENT="10," HEIGHT="49" WIDTH="68" VPOS="2531" HPOS="580"/>
<SP HEIGHT="48" WIDTH="32" VPOS="2532" HPOS="649"/>
<String CONTENT="1936;" HEIGHT="48" WIDTH="142" VPOS="2531" HPOS="682"/>
<SP HEIGHT="48" WIDTH="32" VPOS="2531" HPOS="825"/>
<String CONTENT="2c." HEIGHT="41" WIDTH="68" VPOS="2531" HPOS="858"/>
<SP HEIGHT="31" WIDTH="32" VPOS="2541" HPOS="927"/>
<String CONTENT="and" HEIGHT="38" WIDTH="94" VPOS="2532" HPOS="960"/>
<SP HEIGHT="38" WIDTH="32" VPOS="2532" HPOS="1055"/>
<String CONTENT="aff." HEIGHT="40" WIDTH="83" VPOS="2530" HPOS="1088"/>
<SP HEIGHT="39" WIDTH="33" VPOS="2530" HPOS="1172"/>
<String CONTENT="Feb." HEIGHT="40" WIDTH="111" VPOS="2530" HPOS="1206"/>
<SP HEIGHT="41" WIDTH="31" VPOS="2529" HPOS="1318"/>
<String CONTENT="21;" HEIGHT="47" WIDTH="82" VPOS="2529" HPOS="1350"/>
<SP HEIGHT="46" WIDTH="34" VPOS="2530" HPOS="1433"/>
<!-- cceid 966A428C-6E3A-1014-83DD-942C093A1DD9 --><String CONTENT="A" HEIGHT="38" WIDTH="39" VPOS="2530" HPOS="1468"/>
<SP HEIGHT="40" WIDTH="30" VPOS="2528" HPOS="1508"/>
<String CONTENT="91863;" HEIGHT="48" WIDTH="171" VPOS="2528" HPOS="1539"/>
<SP HEIGHT="46" WIDTH="35" VPOS="2530" HPOS="1711"/>
<String CONTENT="D." HEIGHT="40" WIDTH="56" VPOS="2530" HPOS="1747"/>
<SP HEIGHT="40" WIDTH="33" VPOS="2530" HPOS="1804"/>
<String CONTENT="Hurley," HEIGHT="49" WIDTH="204" VPOS="2530" HPOS="1838"/>
<SP HEIGHT="49" WIDTH="32" VPOS="2530" HPOS="2043"/>
<String CONTENT="New" HEIGHT="39" WIDTH="118" VPOS="2530" HPOS="2076"/>
<SP HEIGHT="39" WIDTH="29" VPOS="2530" HPOS="2195"/>
<String CONTENT="York." HEIGHT="40" WIDTH="145" VPOS="2530" HPOS="2225"/>
</TextLine>
<TextLine HEIGHT="50" WIDTH="253" VPOS="2588" HPOS="434" STYLEREFS="StyleId-EA81E047-9FB4-425D-B599-5FBC01E22F2E-">
<String CONTENT="(36-6126)" HEIGHT="50" WIDTH="253" VPOS="2588" HPOS="434"/>
</TextLine>
<TextLine HEIGHT="66" WIDTH="909" VPOS="2692" HPOS="353" STYLEREFS="StyleId-295443F7-4798-4839-9708-AB334910BC6A-">
<String CONTENT="Illinois." HEIGHT="54" WIDTH="243" VPOS="2692" HPOS="353"/>
<SP HEIGHT="51" WIDTH="73" VPOS="2695" HPOS="597"/>
<String CONTENT="Laws," HEIGHT="63" WIDTH="185" VPOS="2695" HPOS="671"/>
<SP HEIGHT="47" WIDTH="22" VPOS="2711" HPOS="857"/>
<String CONTENT="statutes," HEIGHT="59" WIDTH="259" VPOS="2698" HPOS="880"/>
<SP HEIGHT="47" WIDTH="21" VPOS="2710" HPOS="1140"/>
<String CONTENT="etc." HEIGHT="46" WIDTH="100" VPOS="2698" HPOS="1162"/>
</TextLine>
<TextLine HEIGHT="58" WIDTH="1943" VPOS="2768" HPOS="428">
<String CONTENT="Smith-Hurd" HEIGHT="56" WIDTH="393" VPOS="2770" HPOS="428"/>
<SP HEIGHT="52" WIDTH="57" VPOS="2771" HPOS="822"/>
<String CONTENT="Illinois" HEIGHT="53" WIDTH="227" VPOS="2769" HPOS="880"/>
<SP HEIGHT="34" WIDTH="57" VPOS="2788" HPOS="1108"/>
<String CONTENT="annotated" HEIGHT="53" WIDTH="308" VPOS="2768" HPOS="1166"/>
<SP HEIGHT="52" WIDTH="54" VPOS="2768" HPOS="1475"/>
<String CONTENT="statutes." HEIGHT="48" WIDTH="256" VPOS="2772" HPOS="1530"/>
<SP HEIGHT="51" WIDTH="93" VPOS="2770" HPOS="1787"/>
<String CONTENT="Permanent" HEIGHT="51" WIDTH="348" VPOS="2770" HPOS="1881"/>
<SP HEIGHT="47" WIDTH="54" VPOS="2773" HPOS="2230"/>
<String CONTENT="ed." HEIGHT="52" WIDTH="86" VPOS="2768" HPOS="2285"/>
</TextLine>
<TextLine HEIGHT="72" WIDTH="2012" VPOS="2846" HPOS="359">
<String CONTENT="Comprising" HEIGHT="68" WIDTH="372" VPOS="2850" HPOS="359"/>
<SP HEIGHT="63" WIDTH="38" VPOS="2855" HPOS="732"/>
<String CONTENT="the" HEIGHT="53" WIDTH="96" VPOS="2850" HPOS="771"/>
<SP HEIGHT="53" WIDTH="38" VPOS="2849" HPOS="868"/>
<String CONTENT="laws" HEIGHT="53" WIDTH="139" VPOS="2849" HPOS="907"/>
<SP HEIGHT="36" WIDTH="39" VPOS="2866" HPOS="1047"/>
<String CONTENT="of" HEIGHT="53" WIDTH="62" VPOS="2848" HPOS="1087"/>
<SP HEIGHT="53" WIDTH="40" VPOS="2848" HPOS="1150"/>
<String CONTENT="a" HEIGHT="34" WIDTH="31" VPOS="2867" HPOS="1191"/>
<SP HEIGHT="49" WIDTH="38" VPOS="2866" HPOS="1223"/>
<String CONTENT="general" HEIGHT="65" WIDTH="230" VPOS="2850" HPOS="1262"/>
<SP HEIGHT="51" WIDTH="40" VPOS="2850" HPOS="1493"/>
<String CONTENT="and" HEIGHT="51" WIDTH="111" VPOS="2847" HPOS="1534"/>
<SP HEIGHT="67" WIDTH="40" VPOS="2847" HPOS="1646"/>
<String CONTENT="permanent" HEIGHT="60" WIDTH="338" VPOS="2854" HPOS="1687"/>
<SP HEIGHT="48" WIDTH="39" VPOS="2854" HPOS="2026"/>
<String CONTENT="nature" HEIGHT="48" WIDTH="203" VPOS="2851" HPOS="2066"/>
<SP HEIGHT="53" WIDTH="38" VPOS="2846" HPOS="2270"/>
<String CONTENT="in" HEIGHT="52" WIDTH="62" VPOS="2846" HPOS="2309"/>
</TextLine>
<TextLine HEIGHT="68" WIDTH="2015" VPOS="2925" HPOS="356">
<String CONTENT="force" HEIGHT="51" WIDTH="157" VPOS="2930" HPOS="356"/>
<SP HEIGHT="34" WIDTH="36" VPOS="2948" HPOS="514"/>
<String CONTENT="at" HEIGHT="49" WIDTH="58" VPOS="2933" HPOS="551"/>
<SP HEIGHT="48" WIDTH="32" VPOS="2933" HPOS="610"/>
<String CONTENT="the" HEIGHT="52" WIDTH="99" VPOS="2930" HPOS="643"/>
<SP HEIGHT="34" WIDTH="33" VPOS="2948" HPOS="743"/>
<String CONTENT="end" HEIGHT="52" WIDTH="107" VPOS="2929" HPOS="777"/>
<SP HEIGHT="52" WIDTH="35" VPOS="2929" HPOS="885"/>
<String CONTENT="of" HEIGHT="53" WIDTH="64" VPOS="2928" HPOS="921"/>
<SP HEIGHT="51" WIDTH="34" VPOS="2928" HPOS="986"/>
<String CONTENT="the" HEIGHT="51" WIDTH="96" VPOS="2928" HPOS="1021"/>
<SP HEIGHT="54" WIDTH="32" VPOS="2925" HPOS="1118"/>
<String CONTENT="fifty-eighth" HEIGHT="68" WIDTH="362" VPOS="2925" HPOS="1151"/>
<SP HEIGHT="54" WIDTH="37" VPOS="2925" HPOS="1514"/>
<String CONTENT="General" HEIGHT="54" WIDTH="246" VPOS="2925" HPOS="1552"/>
<SP HEIGHT="50" WIDTH="35" VPOS="2928" HPOS="1799"/>
<String CONTENT="assembly," HEIGHT="66" WIDTH="299" VPOS="2927" HPOS="1835"/>
<SP HEIGHT="66" WIDTH="33" VPOS="2926" HPOS="2135"/>
<String CONTENT="fourth" HEIGHT="52" WIDTH="202" VPOS="2926" HPOS="2169"/>
</TextLine>
<TextLine HEIGHT="148" WIDTH="2015" VPOS="3004" HPOS="357" CS="1">
<String CONTENT="special" HEIGHT="67" WIDTH="212" VPOS="3008" HPOS="357"/>
<SP HEIGHT="52" WIDTH="38" VPOS="3008" HPOS="570"/>
<String CONTENT="session," HEIGHT="57" WIDTH="230" VPOS="3009" HPOS="609"/>
<SP HEIGHT="58" WIDTH="39" VPOS="3008" HPOS="840"/>
<String CONTENT="November" HEIGHT="53" WIDTH="320" VPOS="3006" HPOS="880"/>
<SP HEIGHT="48" WIDTH="39" VPOS="3009" HPOS="1201"/>
<String CONTENT="23," HEIGHT="63" WIDTH="84" VPOS="3009" HPOS="1241"/>
<SP HEIGHT="63" WIDTH="41" VPOS="3009" HPOS="1326"/>
<String CONTENT="1934." HEIGHT="49" WIDTH="150" VPOS="3008" HPOS="1368"/>
<SP HEIGHT="53" WIDTH="73" VPOS="3004" HPOS="1519"/>
<String CONTENT="Kept" HEIGHT="67" WIDTH="159" VPOS="3004" HPOS="1593"/>
<SP HEIGHT="47" WIDTH="38" VPOS="3010" HPOS="1753"/>
<String CONTENT="to" HEIGHT="47" WIDTH="58" VPOS="3010" HPOS="1792"/>
<SP HEIGHT="52" WIDTH="40" VPOS="3005" HPOS="1851"/>
<String CONTENT="date" HEIGHT="52" WIDTH="136" VPOS="3005" HPOS="1892"/>
<SP HEIGHT="53" WIDTH="34" VPOS="3004" HPOS="2029"/>
<String CONTENT="by" HEIGHT="67" WIDTH="79" VPOS="3004" HPOS="2064"/>
<SP HEIGHT="49" WIDTH="35" VPOS="3022" HPOS="2144"/>
<String CONTENT="cumulative" HEIGHT="117" WIDTH="1990" VPOS="3022" HPOS="357"/>
<SP HEIGHT="33" WIDTH="42" VPOS="3105" HPOS="533"/>
<String CONTENT="annual" HEIGHT="51" WIDTH="212" VPOS="3088" HPOS="576"/>
<SP HEIGHT="64" WIDTH="41" VPOS="3088" HPOS="789"/>
<String CONTENT="pocket" HEIGHT="67" WIDTH="199" VPOS="3085" HPOS="831"/>
<SP HEIGHT="62" WIDTH="43" VPOS="3090" HPOS="1031"/>
<String CONTENT="parts," HEIGHT="64" WIDTH="178" VPOS="3088" HPOS="1075"/>
<SP HEIGHT="47" WIDTH="41" VPOS="3103" HPOS="1254"/>
<String CONTENT="with" HEIGHT="53" WIDTH="138" VPOS="3082" HPOS="1296"/>
<SP HEIGHT="50" WIDTH="42" VPOS="3084" HPOS="1435"/>
<String CONTENT="annotations" HEIGHT="53" WIDTH="364" VPOS="3081" HPOS="1478"/>
<SP HEIGHT="52" WIDTH="42" VPOS="3082" HPOS="1843"/>
<String CONTENT="from" HEIGHT="53" WIDTH="155" VPOS="3082" HPOS="1886"/>
<SP HEIGHT="47" WIDTH="40" VPOS="3088" HPOS="2042"/>
<String CONTENT="the" HEIGHT="52" WIDTH="97" VPOS="3083" HPOS="2083"/>
<SP HEIGHT="34" WIDTH="40" VPOS="3101" HPOS="2181"/>
<String CONTENT="cases" HEIGHT="34" WIDTH="150" VPOS="3101" HPOS="2222"/>
</TextLine>
<TextLine HEIGHT="72" WIDTH="2012" VPOS="3159" HPOS="358">
<String CONTENT="construing" HEIGHT="67" WIDTH="336" VPOS="3164" HPOS="358"/>
<SP HEIGHT="49" WIDTH="35" VPOS="3182" HPOS="695"/>
<String CONTENT="or" HEIGHT="33" WIDTH="63" VPOS="3182" HPOS="731"/>
<SP HEIGHT="33" WIDTH="38" VPOS="3183" HPOS="795"/>
<String CONTENT="applying" HEIGHT="68" WIDTH="282" VPOS="3162" HPOS="834"/>
<SP HEIGHT="61" WIDTH="34" VPOS="3169" HPOS="1117"/>
<String CONTENT="the" HEIGHT="51" WIDTH="94" VPOS="3163" HPOS="1152"/>
<SP HEIGHT="52" WIDTH="37" VPOS="3161" HPOS="1247"/>
<String CONTENT="laws," HEIGHT="66" WIDTH="155" VPOS="3161" HPOS="1285"/>
<SP HEIGHT="47" WIDTH="37" VPOS="3180" HPOS="1441"/>
<String CONTENT="and" HEIGHT="52" WIDTH="111" VPOS="3161" HPOS="1479"/>
<SP HEIGHT="51" WIDTH="38" VPOS="3161" HPOS="1591"/>
<String CONTENT="with" HEIGHT="53" WIDTH="139" VPOS="3159" HPOS="1630"/>
<SP HEIGHT="51" WIDTH="38" VPOS="3161" HPOS="1770"/>
<String CONTENT="tables" HEIGHT="53" WIDTH="182" VPOS="3161" HPOS="1809"/>
<SP HEIGHT="33" WIDTH="38" VPOS="3181" HPOS="1992"/>
<String CONTENT="and" HEIGHT="52" WIDTH="111" VPOS="3162" HPOS="2031"/>
<SP HEIGHT="53" WIDTH="38" VPOS="3161" HPOS="2143"/>
<String CONTENT="index." HEIGHT="53" WIDTH="188" VPOS="3161" HPOS="2182"/>
</TextLine>
<TextLine HEIGHT="72" WIDTH="2012" VPOS="3239" HPOS="361">
<String CONTENT="Chapter" HEIGHT="67" WIDTH="254" VPOS="3244" HPOS="361"/>
<SP HEIGHT="48" WIDTH="28" VPOS="3247" HPOS="616"/>
<String CONTENT="38." HEIGHT="49" WIDTH="82" VPOS="3246" HPOS="645"/>
<SP HEIGHT="55" WIDTH="67" VPOS="3241" HPOS="728"/>
<String CONTENT="Criminal" HEIGHT="55" WIDTH="284" VPOS="3241" HPOS="796"/>
<SP HEIGHT="50" WIDTH="28" VPOS="3243" HPOS="1081"/>
<String CONTENT="code." HEIGHT="52" WIDTH="152" VPOS="3241" HPOS="1110"/>
<SP HEIGHT="64" WIDTH="65" VPOS="3242" HPOS="1263"/>
<String CONTENT="&#167;" HEIGHT="64" WIDTH="26" VPOS="3242" HPOS="1329"/>
<SP HEIGHT="64" WIDTH="23" VPOS="3242" HPOS="1356"/>
<String CONTENT="581" HEIGHT="48" WIDTH="99" VPOS="3243" HPOS="1380"/>
<SP HEIGHT="48" WIDTH="29" VPOS="3243" HPOS="1480"/>
<String CONTENT="to" HEIGHT="48" WIDTH="57" VPOS="3243" HPOS="1510"/>
<SP HEIGHT="35" WIDTH="28" VPOS="3257" HPOS="1568"/>
<String CONTENT="end." HEIGHT="53" WIDTH="126" VPOS="3239" HPOS="1597"/>
<SP HEIGHT="51" WIDTH="65" VPOS="3241" HPOS="1724"/>
<String CONTENT="By" HEIGHT="64" WIDTH="90" VPOS="3241" HPOS="1790"/>
<SP HEIGHT="60" WIDTH="25" VPOS="3245" HPOS="1881"/>
<String CONTENT="the" HEIGHT="52" WIDTH="97" VPOS="3240" HPOS="1907"/>
<SP HEIGHT="48" WIDTH="26" VPOS="3258" HPOS="2005"/>
<String CONTENT="publishers&#8217;" HEIGHT="67" WIDTH="341" VPOS="3239" HPOS="2032"/>
</TextLine>
<TextLine HEIGHT="70" WIDTH="2012" VPOS="3316" HPOS="359">
<String CONTENT="editorial" HEIGHT="51" WIDTH="267" VPOS="3323" HPOS="359"/>
<SP HEIGHT="50" WIDTH="43" VPOS="3324" HPOS="627"/>
<String CONTENT="staff." HEIGHT="56" WIDTH="150" VPOS="3317" HPOS="671"/>
<SP HEIGHT="54" WIDTH="78" VPOS="3319" HPOS="822"/>
<String CONTENT="Chicago," HEIGHT="67" WIDTH="270" VPOS="3319" HPOS="901"/>
<SP HEIGHT="58" WIDTH="42" VPOS="3319" HPOS="1172"/>
<String CONTENT="Ill.," HEIGHT="60" WIDTH="114" VPOS="3318" HPOS="1215"/>
<SP HEIGHT="59" WIDTH="41" VPOS="3319" HPOS="1330"/>
<String CONTENT="Burdette" HEIGHT="51" WIDTH="279" VPOS="3318" HPOS="1372"/>
<SP HEIGHT="55" WIDTH="43" VPOS="3316" HPOS="1652"/>
<String CONTENT="Smith" HEIGHT="55" WIDTH="190" VPOS="3316" HPOS="1696"/>
<SP HEIGHT="51" WIDTH="42" VPOS="3318" HPOS="1887"/>
<String CONTENT="company;" HEIGHT="50" WIDTH="310" VPOS="3335" HPOS="1930"/>
<SP HEIGHT="63" WIDTH="47" VPOS="3316" HPOS="2241"/>
<String CONTENT="St." HEIGHT="55" WIDTH="82" VPOS="3316" HPOS="2289"/>
</TextLine>
<TextLine HEIGHT="69" WIDTH="2012" VPOS="3396" HPOS="360">
<String CONTENT="Paul," HEIGHT="65" WIDTH="166" VPOS="3400" HPOS="360"/>
<SP HEIGHT="64" WIDTH="33" VPOS="3401" HPOS="527"/>
<String CONTENT="Minn.," HEIGHT="58" WIDTH="203" VPOS="3400" HPOS="561"/>
<SP HEIGHT="58" WIDTH="31" VPOS="3400" HPOS="765"/>
<String CONTENT="West" HEIGHT="54" WIDTH="161" VPOS="3400" HPOS="797"/>
<SP HEIGHT="59" WIDTH="35" VPOS="3405" HPOS="959"/>
<String CONTENT="publishing" HEIGHT="68" WIDTH="338" VPOS="3396" HPOS="995"/>
<SP HEIGHT="50" WIDTH="32" VPOS="3413" HPOS="1334"/>
<String CONTENT="co.;" HEIGHT="41" WIDTH="107" VPOS="3413" HPOS="1367"/>
<SP HEIGHT="58" WIDTH="40" VPOS="3396" HPOS="1475"/>
<String CONTENT="Kansas" HEIGHT="52" WIDTH="226" VPOS="3396" HPOS="1516"/>
<SP HEIGHT="54" WIDTH="36" VPOS="3396" HPOS="1743"/>
<String CONTENT="City," HEIGHT="66" WIDTH="152" VPOS="3396" HPOS="1780"/>
<SP HEIGHT="65" WIDTH="34" VPOS="3396" HPOS="1933"/>
<String CONTENT="Mo.," HEIGHT="57" WIDTH="136" VPOS="3396" HPOS="1968"/>
<SP HEIGHT="56" WIDTH="33" VPOS="3397" HPOS="2105"/>
<String CONTENT="Vernon" HEIGHT="53" WIDTH="233" VPOS="3397" HPOS="2139"/>
</TextLine>
<TextLine HEIGHT="65" WIDTH="795" VPOS="3478" HPOS="360" CS="1">
<String CONTENT="law" HEIGHT="51" WIDTH="108" VPOS="3480" HPOS="360"/>
<SP HEIGHT="51" WIDTH="25" VPOS="3479" HPOS="469"/>
<String CONTENT="book" HEIGHT="52" WIDTH="148" VPOS="3478" HPOS="495"/>
<SP HEIGHT="51" WIDTH="24" VPOS="3478" HPOS="644"/>
<String CONTENT="company" HEIGHT="48" WIDTH="281" VPOS="3495" HPOS="669"/>
<SP HEIGHT="46" WIDTH="29" VPOS="3497" HPOS="951"/>
<String STYLE="subscript" CONTENT="[" HEIGHT="33" WIDTH="11" VPOS="3510" HPOS="981"/>
<String STYLE="superscript" CONTENT="c" HEIGHT="20" WIDTH="17" VPOS="3483" HPOS="999"/>
<String CS="1" CONTENT="1935]" HEIGHT="49" WIDTH="132" VPOS="3479" HPOS="1023"/>
</TextLine>
<TextLine HEIGHT="48" WIDTH="440" VPOS="3551" HPOS="430" CS="1">
<String CONTENT="x," HEIGHT="35" WIDTH="45" VPOS="3564" HPOS="430"/>
<SP HEIGHT="46" WIDTH="28" VPOS="3553" HPOS="476"/>
<String CONTENT="503" HEIGHT="41" WIDTH="89" VPOS="3551" HPOS="505"/>
<SP HEIGHT="46" WIDTH="25" VPOS="3553" HPOS="595"/>
<String CONTENT="p." HEIGHT="36" WIDTH="43" VPOS="3563" HPOS="621"/>
<SP HEIGHT="40" WIDTH="59" VPOS="3551" HPOS="665"/>
<String CS="1" CONTENT="24&#189;" HEIGHT="38" WIDTH="55" VPOS="3551" HPOS="725"/>
<String STYLE="superscript" CONTENT="cm" HEIGHT="20" WIDTH="44" VPOS="3553" HPOS="813"/>
<String CONTENT="." HEIGHT="7" WIDTH="7" VPOS="3581" HPOS="863"/>
</TextLine>
<TextLine HEIGHT="56" WIDTH="2013" VPOS="3602" HPOS="362" STYLEREFS="StyleId-EA81E047-9FB4-425D-B599-5FBC01E22F2E-">
<String CONTENT="&#169;" HEIGHT="53" WIDTH="52" VPOS="3605" HPOS="362"/>
<SP HEIGHT="53" WIDTH="37" VPOS="3605" HPOS="415"/>
<String CONTENT="Dec." HEIGHT="38" WIDTH="110" VPOS="3611" HPOS="453"/>
<SP HEIGHT="38" WIDTH="39" VPOS="3609" HPOS="564"/>
<String CONTENT="21," HEIGHT="46" WIDTH="71" VPOS="3609" HPOS="604"/>
<SP HEIGHT="46" WIDTH="37" VPOS="3609" HPOS="676"/>
<String CONTENT="1935;" HEIGHT="46" WIDTH="140" VPOS="3607" HPOS="714"/>
<SP HEIGHT="46" WIDTH="39" VPOS="3607" HPOS="855"/>
<String CONTENT="2c." HEIGHT="40" WIDTH="68" VPOS="3607" HPOS="895"/>
<SP HEIGHT="40" WIDTH="39" VPOS="3607" HPOS="964"/>
<String CONTENT="Jan." HEIGHT="38" WIDTH="109" VPOS="3607" HPOS="1004"/>
<SP HEIGHT="40" WIDTH="40" VPOS="3605" HPOS="1114"/>
<String CONTENT="18.," HEIGHT="46" WIDTH="68" VPOS="3605" HPOS="1155"/>
<SP HEIGHT="46" WIDTH="39" VPOS="3605" HPOS="1224"/>
<String CONTENT="1936;" HEIGHT="47" WIDTH="141" VPOS="3603" HPOS="1264"/>
<SP HEIGHT="36" WIDTH="41" VPOS="3614" HPOS="1406"/>
<String CONTENT="aff." HEIGHT="41" WIDTH="82" VPOS="3603" HPOS="1448"/>
<SP HEIGHT="40" WIDTH="38" VPOS="3604" HPOS="1531"/>
<String CONTENT="Jan." HEIGHT="39" WIDTH="109" VPOS="3604" HPOS="1570"/>
<SP HEIGHT="41" WIDTH="38" VPOS="3602" HPOS="1680"/>
<String CONTENT="20:" HEIGHT="41" WIDTH="82" VPOS="3602" HPOS="1719"/>
<SP HEIGHT="40" WIDTH="39" VPOS="3603" HPOS="1802"/>
<!-- cceid 966AEBF0-6E3A-1014-83DD-942C093A1DD9 --><String CONTENT="A" HEIGHT="38" WIDTH="37" VPOS="3603" HPOS="1842"/>
<SP HEIGHT="40" WIDTH="40" VPOS="3602" HPOS="1880"/>
<String CONTENT="91356;" HEIGHT="48" WIDTH="172" VPOS="3602" HPOS="1921"/>
<SP HEIGHT="47" WIDTH="41" VPOS="3603" HPOS="2094"/>
<String CONTENT="Burdette" HEIGHT="40" WIDTH="239" VPOS="3603" HPOS="2136"/>
</TextLine>
<TextLine HEIGHT="53" WIDTH="1374" VPOS="3660" HPOS="437" STYLEREFS="StyleId-EA81E047-9FB4-425D-B599-5FBC01E22F2E-">
<String CONTENT="Smith" HEIGHT="40" WIDTH="155" VPOS="3666" HPOS="437"/>
<SP HEIGHT="38" WIDTH="25" VPOS="3666" HPOS="593"/>
<String CONTENT="co.," HEIGHT="36" WIDTH="82" VPOS="3677" HPOS="619"/>
<SP HEIGHT="48" WIDTH="25" VPOS="3665" HPOS="702"/>
<String CONTENT="Vernon" HEIGHT="39" WIDTH="192" VPOS="3665" HPOS="728"/>
<SP HEIGHT="37" WIDTH="25" VPOS="3665" HPOS="921"/>
<String CONTENT="law" HEIGHT="38" WIDTH="95" VPOS="3665" HPOS="947"/>
<SP HEIGHT="39" WIDTH="26" VPOS="3664" HPOS="1043"/>
<String CONTENT="book" HEIGHT="39" WIDTH="120" VPOS="3663" HPOS="1070"/>
<SP HEIGHT="38" WIDTH="25" VPOS="3663" HPOS="1191"/>
<String CONTENT="co.," HEIGHT="31" WIDTH="82" VPOS="3673" HPOS="1217"/>
<SP HEIGHT="33" WIDTH="25" VPOS="3671" HPOS="1300"/>
<String CONTENT="and" HEIGHT="38" WIDTH="94" VPOS="3662" HPOS="1326"/>
<SP HEIGHT="39" WIDTH="27" VPOS="3661" HPOS="1421"/>
<String CONTENT="West" HEIGHT="40" WIDTH="134" VPOS="3661" HPOS="1449"/>
<SP HEIGHT="44" WIDTH="24" VPOS="3664" HPOS="1584"/>
<String CONTENT="pub." HEIGHT="48" WIDTH="108" VPOS="3660" HPOS="1609"/>
<SP HEIGHT="29" WIDTH="25" VPOS="3671" HPOS="1718"/>
<String CONTENT="co." HEIGHT="29" WIDTH="67" VPOS="3671" HPOS="1744"/>
</TextLine>
<TextLine HEIGHT="62" WIDTH="626" VPOS="3767" HPOS="362" STYLEREFS="StyleId-6E6B1E8F-AAEE-4833-B049-CF6D9EC09DDE-">
<String CONTENT="Jansson," HEIGHT="59" WIDTH="277" VPOS="3770" HPOS="362"/>
<SP HEIGHT="60" WIDTH="26" VPOS="3769" HPOS="640"/>
<String CONTENT="Martin" HEIGHT="53" WIDTH="224" VPOS="3767" HPOS="667"/>
<SP HEIGHT="52" WIDTH="27" VPOS="3768" HPOS="892"/>
<String CONTENT="E." HEIGHT="54" WIDTH="68" VPOS="3768" HPOS="920"/>
</TextLine>
<TextLine HEIGHT="73" WIDTH="1877" VPOS="3838" HPOS="435" CS="1">
<String CONTENT="Handbook" HEIGHT="55" WIDTH="328" VPOS="3843" HPOS="435"/>
<SP HEIGHT="51" WIDTH="24" VPOS="3845" HPOS="764"/>
<String CONTENT="of" HEIGHT="52" WIDTH="64" VPOS="3844" HPOS="789"/>
<SP HEIGHT="52" WIDTH="25" VPOS="3844" HPOS="854"/>
<String CONTENT="applied" HEIGHT="67" WIDTH="233" VPOS="3844" HPOS="880"/>
<SP HEIGHT="51" WIDTH="27" VPOS="3844" HPOS="1114"/>
<String CONTENT="mathematics," HEIGHT="65" WIDTH="413" VPOS="3841" HPOS="1142"/>
<SP HEIGHT="65" WIDTH="26" VPOS="3841" HPOS="1556"/>
<String CONTENT="by" HEIGHT="66" WIDTH="73" VPOS="3841" HPOS="1583"/>
<SP HEIGHT="66" WIDTH="26" VPOS="3841" HPOS="1657"/>
<String CONTENT="Martin" HEIGHT="53" WIDTH="219" VPOS="3838" HPOS="1684"/>
<SP HEIGHT="51" WIDTH="31" VPOS="3839" HPOS="1904"/>
<String CONTENT="E." HEIGHT="51" WIDTH="66" VPOS="3839" HPOS="1936"/>
<SP HEIGHT="53" WIDTH="27" VPOS="3839" HPOS="2003"/>
<String CONTENT="Jansson" HEIGHT="53" WIDTH="248" VPOS="3839" HPOS="2031"/>
<SP HEIGHT="35" WIDTH="32" VPOS="3855" HPOS="2280"/>
<String CS="1" CONTENT="&#8230;"/>
</TextLine>
<TextLine HEIGHT="73" WIDTH="2006" VPOS="3915" HPOS="365" CS="1">
<String CONTENT="2d" HEIGHT="52" WIDTH="70" VPOS="3924" HPOS="365"/>
<SP HEIGHT="52" WIDTH="39" VPOS="3924" HPOS="436"/>
<String CONTENT="ed." HEIGHT="52" WIDTH="83" VPOS="3922" HPOS="476"/>
<SP HEIGHT="51" WIDTH="75" VPOS="3923" HPOS="560"/>
<String CONTENT="Rev." HEIGHT="52" WIDTH="139" VPOS="3923" HPOS="636"/>
<SP HEIGHT="35" WIDTH="38" VPOS="3940" HPOS="776"/>
<String CONTENT="and" HEIGHT="52" WIDTH="112" VPOS="3923" HPOS="815"/>
<SP HEIGHT="52" WIDTH="38" VPOS="3923" HPOS="928"/>
<String CONTENT="enl." HEIGHT="51" WIDTH="105" VPOS="3924" HPOS="967"/>
<SP HEIGHT="54" WIDTH="39" VPOS="3921" HPOS="1073"/>
<String CONTENT="by" HEIGHT="67" WIDTH="74" VPOS="3921" HPOS="1113"/>
<SP HEIGHT="68" WIDTH="38" VPOS="3920" HPOS="1188"/>
<String CONTENT="Herbert" HEIGHT="53" WIDTH="251" VPOS="3919" HPOS="1227"/>
<SP HEIGHT="51" WIDTH="36" VPOS="3920" HPOS="1479"/>
<String CS="1" CONTENT="Druery" HEIGHT="51" WIDTH="190" VPOS="3920" HPOS="1516"/>
<SP HEIGHT="53" WIDTH="38" VPOS="3917" HPOS="1746"/>
<String CONTENT="Harper" HEIGHT="66" WIDTH="235" VPOS="3917" HPOS="1785"/>
<SP HEIGHT="34" WIDTH="40" VPOS="3935" HPOS="2021"/>
<String CS="1" CONTENT="&#8230;"/>
<SP HEIGHT="34" WIDTH="40" VPOS="3935" HPOS="2119"/>
<String CONTENT="with" HEIGHT="53" WIDTH="140" VPOS="3915" HPOS="2160"/>
<SP HEIGHT="51" WIDTH="39" VPOS="3916" HPOS="2301"/>
<String CONTENT="a" HEIGHT="34" WIDTH="30" VPOS="3933" HPOS="2341"/>
</TextLine>
<TextLine HEIGHT="71" WIDTH="2007" VPOS="3994" HPOS="365" CS="1">
<String CONTENT="section" HEIGHT="53" WIDTH="209" VPOS="4000" HPOS="365"/>
<SP HEIGHT="35" WIDTH="34" VPOS="4019" HPOS="575"/>
<String CONTENT="on" HEIGHT="35" WIDTH="70" VPOS="4019" HPOS="610"/>
<SP HEIGHT="52" WIDTH="31" VPOS="4000" HPOS="681"/>
<String CONTENT="business" HEIGHT="54" WIDTH="255" VPOS="4000" HPOS="713"/>
<SP HEIGHT="33" WIDTH="31" VPOS="4020" HPOS="969"/>
<String CONTENT="mathematics" HEIGHT="55" WIDTH="394" VPOS="3998" HPOS="1001"/>
<SP HEIGHT="54" WIDTH="30" VPOS="3997" HPOS="1396"/>
<String CONTENT="by" HEIGHT="68" WIDTH="75" VPOS="3997" HPOS="1427"/>
<SP HEIGHT="67" WIDTH="32" VPOS="3998" HPOS="1503"/>
<String CONTENT="Peter" HEIGHT="52" WIDTH="169" VPOS="3998" HPOS="1536"/>
<SP HEIGHT="51" WIDTH="32" VPOS="3997" HPOS="1706"/>
<String CONTENT="L." HEIGHT="52" WIDTH="62" VPOS="3997" HPOS="1739"/>
<SP HEIGHT="52" WIDTH="36" VPOS="3997" HPOS="1802"/>
<String CONTENT="Agnew" HEIGHT="65" WIDTH="220" VPOS="3997" HPOS="1839"/>
<SP HEIGHT="34" WIDTH="37" VPOS="4013" HPOS="2060"/>
<String CS="1" CONTENT="&#8230;"/>
<SP HEIGHT="52" WIDTH="78" VPOS="3994" HPOS="2154"/>
<String CONTENT="New" HEIGHT="52" WIDTH="139" VPOS="3994" HPOS="2233"/>
</TextLine>
<TextLine HEIGHT="66" WIDTH="1452" VPOS="4076" HPOS="369" CS="1">
<String CONTENT="York," HEIGHT="63" WIDTH="177" VPOS="4079" HPOS="369"/>
<SP HEIGHT="61" WIDTH="25" VPOS="4081" HPOS="547"/>
<String CONTENT="D." HEIGHT="52" WIDTH="72" VPOS="4081" HPOS="573"/>
<SP HEIGHT="53" WIDTH="31" VPOS="4081" HPOS="646"/>
<String CONTENT="Van" HEIGHT="53" WIDTH="129" VPOS="4081" HPOS="678"/>
<SP HEIGHT="50" WIDTH="28" VPOS="4080" HPOS="808"/>
<String CONTENT="Nostrand" HEIGHT="53" WIDTH="293" VPOS="4079" HPOS="837"/>
<SP HEIGHT="53" WIDTH="27" VPOS="4079" HPOS="1131"/>
<String CONTENT="company," HEIGHT="47" WIDTH="299" VPOS="4095" HPOS="1159"/>
<SP HEIGHT="66" WIDTH="27" VPOS="4076" HPOS="1459"/>
<String CONTENT="inc." HEIGHT="53" WIDTH="106" VPOS="4076" HPOS="1487"/>
<SP HEIGHT="33" WIDTH="33" VPOS="4109" HPOS="1594"/>
<String CS="1" CONTENT="["/>
<String STYLE="superscript" CONTENT="c" HEIGHT="21" WIDTH="19" VPOS="4083" HPOS="1645"/>
<String CONTENT="1936]" HEIGHT="63" WIDTH="151" VPOS="4078" HPOS="1670"/>
</TextLine>
</TextBlock>
</PrintSpace>
</Page>
</Layout>
</alto>