2519 4377
1320 4101 64 45 1938

350 397 186 65 Nath,
566 397 184 64 Lucy.

423 490 92 51 Im
555 490 133 52 dom
724 507 68 33 zu
832 488 358 67 Naumburg,
1229 506 112 34 von
1380 489 160 66 Lucy
1580 488 173 52 Nath.
1830 486 115 54 Mit
1985 486 390 69 abbildungen

350 568 146 53 nach
533 567 354 53 aufnahmen
920 584 111 35 von
1065 565 436 54 Rolf-Dietrich
1535 567 156 52 Nath
1725 566 121 52 und
1877 566 286 53 Helmuth
2196 566 175 54 Nath.

351 646 260 68 Leipzig,
638 647 56 54 J.
724 647 55 54 J.
808 645 225 67 Weber,
1064 649 151 51 1936.

425 732 55 41 64
505 743 45 38 p.
605 732 112 40 incl.
743 732 174 48 plates,
947 730 154 50 diagr.
1158 729 57 42 18c
1234 733 28 20 m
1268 763 8 8 .
1343 730 472 48 (Weberschiffchen
1842 730 245 41 bücherei.
2144 729 82 47 22)

353 800 1707 54 © Aug. 14, 1936; 1c. Oct. 22; A-Foreign 33384; J. J. Weber.
351 908 285 55 National
675 908 285 65 advisory
997 906 225 55 council
1259 924 73 36 on
1369 906 170 54 radio
1576 907 60 53 in
1673 906 335 55 education.
2084 907 290 68 Advisory
425 989 321 53 committee
776 1006 72 36 on
876 987 372 67 engineering
1276 987 444 67 developments.

486 1076 1891 70 … Present and impending applications to education of radio
355 1159 115 53 and
509 1156 177 55 allied
723 1161 148 63 arts;
910 1163 198 61 report
1144 1156 65 54 of
1246 1156 97 53 the
1383 1156 343 55 Committee
1763 1175 73 34 on
1871 1156 375 69 engineering
355 1157 1997 147 developments.
791 1235 100 53 4th
919 1235 182 53 revise
1129 1235 161 68 July,

1318 1237 153 53 1936.
1537 1233 273 70 Chicago,
1838 1235 115 67 Ill.,
1982 1235 121 53 The
352 1235 2001 149 University
500 1313 66 55 of
598 1313 257 69 Chicago
887 1332 159 49 press
1084 1346 13 35 [
1102 1319 18 23 c
1126 1315 153 65 1936]

424 1402 82 48 vii,
536 1403 70 48 87,
642 1403 56 49 [1]
731 1412 43 38 p.
836 1401 180 48 diagrs.
1078 1400 56 41 19
1137 1402 45 22 cm
1186 1433 10 9 .
1267 1400 277 50 ([National
1574 1400 233 50 advisory
1837 1400 192 42 council
2061 1412 61 30 on
2155 1401 140 42 radio
2327 1402 49 41 in

352 1459 276 50 education]
693 1458 333 41 Information
1057 1458 167 41 series,
1285 1468 75 30 no.
1392 1457 51 49 5)

408 1530 55 41 A.
496 1530 56 40 N.
588 1528 292 46 Goldsmith,
912 1527 271 42 chairman.

355 1597 52 54 ©
441 1602 127 48 Sept.
601 1600 70 50 22,
701 1599 143 50 1936;
876 1599 68 42 2c.
975 1600 97 40 and
1103 1598 81 42 aff.
1216 1599 120 42 Nov.
1366 1598 84 49 13;
1482 1599 42 41 A
1553 1598 173 51 99837;
1760 1601 118 40 Natl.
1926 1600 231 50 advisory
2188 1600 190 42 council

427 1670 60 29 on
515 1659 139 40 radio
685 1658 52 40 in
767 1658 276 51 education,
1076 1657 107 48 inc.,
1215 1658 118 39 New
1363 1657 148 41 York.
1584 1656 223 51 (37-199)

353 1777 283 54 National
668 1776 321 66 municipal
1019 1776 229 64 league.

422 1867 1953 72 A new deal in local government … broadcasts … presented
353 1948 73 68 by
457 1948 97 52 the
588 1947 342 56 Committee
962 1965 72 35 on
1066 1947 144 53 civic
1242 1947 302 54 education
1574 1949 78 68 by
1681 1949 164 53 radio
1878 1949 64 53 of
1973 1951 97 53 the
2099 1951 276 55 National

354 2026 272 70 advisory
676 2026 224 56 council
949 2044 74 36 on
1071 2027 166 54 radio
1288 2027 62 53 in
1399 2028 305 53 education
1753 2029 114 53 and
1917 2030 98 52 the
2065 2030 309 54 American

351 2107 262 69 political
647 2107 215 55 science
899 2105 359 69 association,
1292 2106 62 53 in
1389 2107 368 68 cooperation
1792 2109 142 52 with
1966 2109 97 55 the
2099 2109 276 54 National

350 2186 319 69 municipal
697 2186 217 69 league.
991 2187 140 53 New
1163 2186 166 53 York
1358 2186 134 69 city,
1522 2186 276 55 National
1827 2187 319 70 municipal
2177 2189 199 69 league

397 2272 153 65 [c1936]

429 2341 113 51 [102]
576 2351 44 38 p.
681 2340 57 40 24½
771 2343 45 21 cm
821 2372 9 8 .
901 2339 129 49 (You
1062 2341 97 40 and
1189 2350 123 38 your
1342 2343 331 44 government,
1734 2351 91 30 ser.
1960 2341 14 47 VIII)

423 2399 212 42 Various
667 2399 218 48 pagings.

427 2457 289 40 “Delivered
753 2456 128 40 June
914 2455 376 49 26-September
1323 2455 70 48 25,
1429 2455 129 49 1934,
1592 2466 115 30 over
1742 2466 27 30 a
1805 2456 319 41 nation-wide
2156 2458 220 40 network

352 2515 53 41 of
434 2516 83 41 the
545 2514 237 42 National
811 2513 351 50 broadcasting
1188 2512 281 50 company.”

355 2582 55 54 ©
435 2587 127 40 June
585 2585 42 49 9,
651 2585 144 48 1936;
822 2585 67 39 2c.
918 2585 96 40 and
1040 2584 83 41 aff.
1150 2585 128 40 June
1378 2596 8 36 18;
1415 2585 41 38 A
1480 2583 173 49 95758;
1683 2585 131 41 Natl.
1840 2584 268 49 municipal
2135 2586 184 46 league.

435 2642 225 51 (37-168)

421 2745 1953 71 Planning … broadcasts … presented by the Committee on
351 2824 145 55 civic
533 2825 305 54 education
872 2826 76 68 by
984 2825 164 54 radio
1187 2824 66 54 of
1287 2825 96 53 the
1421 2825 276 53 National
1735 2826 271 68 advisory
2043 2827 222 53 council
2302 2845 72 35 on

351 2905 165 55 radio
557 2905 64 53 in
666 2905 302 53 education
1014 2906 115 53 and
1170 2904 96 54 the
1308 2904 310 55 American
1662 2905 261 69 political
1968 2905 215 55 science
352 2924 1997 130 association,
628 2984 62 53 in
733 2984 370 69 cooperation
1146 2984 142 55 with

1335 2986 96 51 the
1475 2984 276 54 National
1794 2984 319 69 municipal
2158 2987 214 66 league.

352 3064 1664 69 New York city, National municipal league [ c 1936]
430 3139 114 50 [146]
580 3150 44 38 p.
686 3138 56 40 24
745 3141 45 21 cm
795 3170 8 9 .
876 3139 128 48 (You
1039 3139 96 39 and
1168 3148 122 38 your
1321 3139 329 47 government,
1713 3147 92 31 ser.
1922 3136 14 49 XII)

424 3197 213 42 Various
670 3196 219 50 pagings.

428 3254 290 41 “Delivered
751 3253 207 42 October
990 3254 39 48 1,
1060 3252 375 48 1935-January
1464 3252 71 48 28,
1568 3252 128 48 1936,
1726 3262 115 30 over
1871 3262 27 30 a
1927 3251 318 42 nation-wide
355 3253 2002 100 network

517 3312 52 41 of
597 3312 83 40 the
709 3311 234 41 National
974 3309 348 49 broadcasting
1351 3309 281 49 company.”

428 3369 171 41 “Brief
627 3370 88 40 list
744 3369 52 40 of
826 3367 306 41 references”
1165 3370 51 38 at
1247 3369 92 39 end
1368 3367 52 40 of
1450 3368 119 39 each
1599 3368 276 40 broadcast.

356 3437 52 53 ©
437 3442 129 39 June
593 3441 42 46 9,
664 3440 142 48 1936;
839 3440 68 41 2c.
938 3440 95 38 and
1066 3439 79 39 aff.
1178 3440 127 38 June
1409 3450 8 31 18;
1451 3439 40 39 A
1522 3437 172 48 95762;
1729 3438 131 40 Natl.
1892 3437 265 48 municipal
2191 3438 183 46 league.

437 3498 226 51 (37-169)

424 3600 1948 70 Taxation for prosperity … broadcasts … presented by the
356 3681 343 55 Committee
730 3699 74 37 on
836 3680 145 54 civic
1012 3680 304 53 education
1346 3680 76 68 by
1453 3679 165 54 radio
1649 3678 65 54 of
1747 3680 95 51 the
1876 3679 276 54 National
354 3679 1994 149 advisory
492 3760 223 53 council
751 3777 71 35 on
855 3759 165 53 radio
1055 3758 61 53 in
1150 3759 303 54 education
1488 3760 114 52 and
1636 3759 96 52 the
1767 3758 311 53 American
2113 3757 258 68 political

353 3838 215 55 science
596 3837 360 68 association,
985 3838 59 52 in
1071 3837 368 68 cooperation
1464 3837 140 53 with
1630 3838 99 52 the
1752 3836 276 54 National
2057 3836 312 67 municipal

356 3918 213 69 league.
646 3918 142 53 New
820 3918 165 53 York
1017 3917 134 68 city,
1185 3917 275 53 National
1490 3915 317 68 municipal
1839 3917 201 66 league
2075 3949 12 34 [
2092 3921 17 21 c
2116 3918 134 50 1936]

431 3990 1385 53 [126] p. 24 cm . (You and your government, ser. XI)
