<alto xmlns="http://www.loc.gov/standards/alto/ns-v3#" xmlns:xsi="http://www.w3.org/2001/XMLSchema-instance" xsi:schemaLocation="http://www.loc.gov/standards/alto/ns-v3# http://www.loc.gov/alto/v3/alto-3-0.xsd"><Description>
<MeasurementUnit>pixel</MeasurementUnit>
<sourceImageInformation>
<fileName>1936_v33_Part1.pdf</fileName>
</sourceImageInformation>
<OCRProcessing ID="IdOcr">
<ocrProcessingStep>
<processingDateTime>2019-01-18</processingDateTime>
<processingSoftware>
<softwareCreator>ABBYY</softwareCreator>
<softwareName>ABBYY Recognition Server</softwareName>
<softwareVersion>4.0</softwareVersion>
</processingSoftware>
</ocrProcessingStep>
</OCRProcessing>
</Description>
<Styles>
<ParagraphStyle ALIGN="Left" FIRSTLINE="0." ID="StyleId-FFFFFFFF-FFFF-FFFF-FFFF-FFFFFFFFFFFF-" LEFT="0." RIGHT="0." />
<ParagraphStyle ALIGN="Left" FIRSTLINE="0." ID="StyleId-51D50FAC-7A90-4D70-8A96-5EA9D46D1C8B-" LEFT="0." LINESPACE="7.699999809" RIGHT="0." />
<ParagraphStyle ALIGN="Block" FIRSTLINE="-17." ID="StyleId-6BC133E9-7DCB-43C3-8842-A67984A26405-" LEFT="0." LINESPACE="8.340000153" RIGHT="0." />
<ParagraphStyle ALIGN="Left" FIRSTLINE="-13." ID="StyleId-3C3FF860-43E7-46A2-8934-48F305F6F0D6-" LEFT="0." LINESPACE="11.06999969" RIGHT="0." />
<ParagraphStyle ALIGN="Block" FIRSTLINE="-13." ID="StyleId-19220C76-4F8A-4737-B38C-B5F5C17E6040-" LEFT="0." LINESPACE="11.06999969" RIGHT="0." />
<ParagraphStyle ALIGN="Left" FIRSTLINE="0." ID="StyleId-75A0D721-13ED-4F20-9002-B389EC48477D-" LEFT="0." LINESPACE="15.5" RIGHT="0." />
<ParagraphStyle ALIGN="Left" FIRSTLINE="0." ID="StyleId-8A414184-C7A5-4AC7-9B88-7DA4DDE75922-" LEFT="0." LINESPACE="9.399999619" RIGHT="0." />
<ParagraphStyle ALIGN="Left" FIRSTLINE="0." ID="StyleId-1A87970B-111C-4169-99A6-9412976F3C97-" LEFT="0." LINESPACE="10.5" RIGHT="0." />
<ParagraphStyle ALIGN="Block" FIRSTLINE="-17." ID="StyleId-72DB0571-5AE4-41FD-9E11-68C6AC4C437E-" LEFT="0." LINESPACE="8.340000153" RIGHT="0." />
<ParagraphStyle ALIGN="Center" FIRSTLINE="0." ID="StyleId-1AA43056-C388-4697-B10F-72FDAA38FAE1-" LEFT="0." LINESPACE="10.5" RIGHT="0." />
</Styles>
<Layout>
<Page HEIGHT="4377" ID="Page1646" PHYSICAL_IMG_NR="1646" WIDTH="2519">
<TopMargin HEIGHT="490" HPOS="0" VPOS="0" WIDTH="2519">
</TopMargin>
<LeftMargin HEIGHT="3772" HPOS="0" VPOS="490" WIDTH="326">
</LeftMargin>
<RightMargin HEIGHT="3772" HPOS="2376" VPOS="490" WIDTH="143">
</RightMargin>
<BottomMargin HEIGHT="115" HPOS="0" VPOS="4262" WIDTH="2519">
</BottomMargin>
<PrintSpace HEIGHT="3772" HPOS="326" VPOS="490" WIDTH="2050">
<TextBlock HEIGHT="70" HPOS="1268" ID="Page1646_Block1" LANG="en-US" STYLEREFS="StyleId-A1F51357-9986-4386-A677-9997D1BF78D5-" VPOS="4192" WIDTH="154">
<TextLine HEIGHT="49" HPOS="1279" VPOS="4203" WIDTH="133">
<String CONTENT="1646" HEIGHT="49" HPOS="1279" VPOS="4203" WIDTH="133" />
</TextLine>
</TextBlock>
<TextBlock CS="1" HEIGHT="3664" HPOS="326" ID="Page1646_Block2" LANG="en-US" STYLEREFS="StyleId-1DAAFB53-DBC4-4CD1-A6D6-879087734DF9-" VPOS="490" WIDTH="2050">
<TextLine HEIGHT="70" HPOS="349" STYLEREFS="StyleId-F83677DF-4EC7-425F-B9F7-759614086E8F-" VPOS="500" WIDTH="1156">
<String CONTENT="[Richards," HEIGHT="67" HPOS="349" VPOS="500" WIDTH="331" />
<SP HEIGHT="64" HPOS="681" VPOS="503" WIDTH="24" />
<String CONTENT="Mrs." HEIGHT="53" HPOS="706" VPOS="503" WIDTH="139" />
<SP HEIGHT="54" HPOS="846" VPOS="502" WIDTH="25" />
<String CONTENT="Lela" HEIGHT="55" HPOS="872" LANG="fi" VPOS="501" WIDTH="140" />
<SP HEIGHT="65" HPOS="1013" VPOS="504" WIDTH="30" />
<String CONTENT="(Horn)]" HEIGHT="67" HPOS="1044" VPOS="503" WIDTH="254" />
<SP HEIGHT="60" HPOS="1299" VPOS="510" WIDTH="32" />
<String CONTENT="1870-" HEIGHT="56" HPOS="1332" VPOS="504" WIDTH="173" />
</TextLine>
<TextLine HEIGHT="72" HPOS="415" STYLEREFS="StyleId-F83677DF-4EC7-425F-B9F7-759614086E8F-" VPOS="595" WIDTH="1948">
<String CONTENT="Poplars" HEIGHT="66" HPOS="415" VPOS="595" WIDTH="248" />
<SP HEIGHT="36" HPOS="664" VPOS="612" WIDTH="33" />
<String CONTENT="across" HEIGHT="35" HPOS="698" VPOS="613" WIDTH="188" />
<SP HEIGHT="48" HPOS="887" VPOS="600" WIDTH="32" />
<String CONTENT="the" HEIGHT="53" HPOS="920" VPOS="595" WIDTH="97" />
<SP HEIGHT="35" HPOS="1018" VPOS="613" WIDTH="30" />
<String CONTENT="moon;" HEIGHT="50" HPOS="1049" VPOS="612" WIDTH="198" />
<SP HEIGHT="61" HPOS="1248" VPOS="601" WIDTH="36" />
<String CONTENT="the" HEIGHT="53" HPOS="1285" VPOS="596" WIDTH="97" />
<SP HEIGHT="35" HPOS="1383" VPOS="614" WIDTH="33" />
<String CONTENT="story" HEIGHT="64" HPOS="1417" VPOS="600" WIDTH="160" />
<SP HEIGHT="48" HPOS="1578" VPOS="616" WIDTH="33" />
<String CONTENT="of" HEIGHT="53" HPOS="1612" VPOS="597" WIDTH="63" />
<SP HEIGHT="54" HPOS="1676" VPOS="597" WIDTH="33" />
<String CONTENT="Tula" HEIGHT="54" HPOS="1710" VPOS="597" WIDTH="150" />
<SP HEIGHT="52" HPOS="1861" VPOS="599" WIDTH="33" />
<String CONTENT="Kruso," HEIGHT="67" HPOS="1895" VPOS="599" WIDTH="213" />
<SP HEIGHT="67" HPOS="2109" VPOS="599" WIDTH="31" />
<String CONTENT="by" HEIGHT="68" HPOS="2141" VPOS="599" WIDTH="76" />
<SP HEIGHT="67" HPOS="2218" VPOS="600" WIDTH="33" />
<String CONTENT="Lee" HEIGHT="54" HPOS="2252" VPOS="600" WIDTH="111" />
</TextLine>
<TextLine CS="1" HEIGHT="70" HPOS="346" STYLEREFS="StyleId-F83677DF-4EC7-425F-B9F7-759614086E8F-" VPOS="674" WIDTH="2015">
<String CONTENT="Neville" HEIGHT="53" HPOS="346" LANG="fi" VPOS="674" WIDTH="224" />
<SP HEIGHT="48" HPOS="571" VPOS="693" WIDTH="50" />
<String CONTENT="[pseud.]" CS="1" HEIGHT="66" HPOS="622" VPOS="675" WIDTH="215" />
<SP HEIGHT="66" HPOS="858" VPOS="675" WIDTH="79" />
<String CONTENT="Frontispiece" HEIGHT="67" HPOS="938" VPOS="674" WIDTH="395" />
<SP HEIGHT="35" HPOS="1334" VPOS="693" WIDTH="46" />
<String CONTENT="and" HEIGHT="53" HPOS="1381" VPOS="675" WIDTH="113" />
<SP HEIGHT="67" HPOS="1495" VPOS="675" WIDTH="44" />
<String CONTENT="jacket" HEIGHT="67" HPOS="1540" VPOS="675" WIDTH="190" />
<SP HEIGHT="53" HPOS="1731" VPOS="676" WIDTH="40" />
<String CONTENT="by" HEIGHT="67" HPOS="1772" VPOS="676" WIDTH="77" />
<SP HEIGHT="66" HPOS="1850" VPOS="677" WIDTH="43" />
<String CONTENT="Mary" HEIGHT="67" HPOS="1894" VPOS="677" WIDTH="174" />
<SP HEIGHT="66" HPOS="2069" VPOS="678" WIDTH="42" />
<String CONTENT="Hoover." HEIGHT="54" HPOS="2112" VPOS="678" WIDTH="249" />
</TextLine>
<TextLine CS="1" HEIGHT="69" HPOS="348" STYLEREFS="StyleId-F83677DF-4EC7-425F-B9F7-759614086E8F-" VPOS="752" WIDTH="1210">
<String CONTENT="Boston," HEIGHT="64" HPOS="348" VPOS="754" WIDTH="232" />
<SP HEIGHT="65" HPOS="581" VPOS="753" WIDTH="22" />
<String CONTENT="L." HEIGHT="53" HPOS="604" VPOS="753" WIDTH="66" />
<SP HEIGHT="56" HPOS="671" VPOS="752" WIDTH="29" />
<String CONTENT="C." HEIGHT="56" HPOS="701" VPOS="752" WIDTH="61" />
<SP HEIGHT="53" HPOS="763" VPOS="753" WIDTH="28" />
<String CONTENT="Page" HEIGHT="66" HPOS="792" VPOS="753" WIDTH="158" />
<SP HEIGHT="51" HPOS="951" VPOS="756" WIDTH="25" />
<String CONTENT="&amp;" HEIGHT="51" HPOS="977" VPOS="756" WIDTH="46" />
<SP HEIGHT="51" HPOS="1024" VPOS="756" WIDTH="23" />
<String CONTENT="company" HEIGHT="48" HPOS="1048" VPOS="771" WIDTH="282" />
<SP HEIGHT="49" HPOS="1331" VPOS="772" WIDTH="31" />
<String CONTENT="[" CS="1" />
<String CONTENT="c" HEIGHT="22" HPOS="1381" STYLE="superscript" VPOS="759" WIDTH="18" />
<String CONTENT="1936]" HEIGHT="64" HPOS="1404" VPOS="757" WIDTH="154" />
</TextLine>
<TextLine CS="1" HEIGHT="50" HPOS="405" VPOS="836" WIDTH="779">
<String CONTENT="4" HEIGHT="39" HPOS="405" VPOS="838" WIDTH="28" />
<SP HEIGHT="48" HPOS="434" VPOS="838" WIDTH="26" />
<String CONTENT="p." HEIGHT="38" HPOS="461" VPOS="848" WIDTH="43" />
<SP />
<String CONTENT="l.," CS="1" HEIGHT="17" HPOS="570" VPOS="868" WIDTH="9" />
<SP HEIGHT="47" HPOS="580" VPOS="838" WIDTH="25" />
<String CONTENT="346" HEIGHT="43" HPOS="606" VPOS="836" WIDTH="89" />
<SP HEIGHT="50" HPOS="696" VPOS="836" WIDTH="23" />
<String CONTENT="p." HEIGHT="39" HPOS="720" VPOS="847" WIDTH="44" />
<SP HEIGHT="40" HPOS="765" VPOS="837" WIDTH="58" />
<String CONTENT="front." HEIGHT="42" HPOS="824" VPOS="837" WIDTH="150" />
<SP HEIGHT="42" HPOS="975" VPOS="836" WIDTH="59" />
<String CONTENT="20&#189;" CS="1" HEIGHT="43" HPOS="1035" VPOS="836" WIDTH="58" />
<String CONTENT="cm" HEIGHT="22" HPOS="1126" STYLE="superscript" VPOS="840" WIDTH="44" />
<String CONTENT="." HEIGHT="9" HPOS="1175" VPOS="870" WIDTH="9" />
</TextLine>
<TextLine HEIGHT="50" HPOS="407" VPOS="907" WIDTH="1026">
<String CONTENT="&#8220;First" HEIGHT="43" HPOS="407" VPOS="908" WIDTH="165" />
<SP HEIGHT="41" HPOS="573" VPOS="910" WIDTH="29" />
<String CONTENT="impression," HEIGHT="48" HPOS="603" VPOS="909" WIDTH="305" />
<SP HEIGHT="49" HPOS="909" VPOS="907" WIDTH="35" />
<String CONTENT="September," HEIGHT="50" HPOS="945" VPOS="907" WIDTH="293" />
<SP HEIGHT="48" HPOS="1239" VPOS="909" WIDTH="33" />
<String CONTENT="1936.&#8221;" HEIGHT="42" HPOS="1273" VPOS="908" WIDTH="160" />
</TextLine>
<TextLine HEIGHT="54" HPOS="345" VPOS="979" WIDTH="2018">
<String CONTENT="&#169;" HEIGHT="53" HPOS="345" VPOS="979" WIDTH="52" />
<SP HEIGHT="53" HPOS="398" VPOS="979" WIDTH="25" />
<String CONTENT="Oct." HEIGHT="41" HPOS="424" VPOS="983" WIDTH="102" />
<SP HEIGHT="39" HPOS="527" VPOS="983" WIDTH="25" />
<String CONTENT="10," HEIGHT="48" HPOS="553" VPOS="982" WIDTH="69" />
<SP HEIGHT="48" HPOS="623" VPOS="982" WIDTH="22" />
<String CONTENT="1936:" HEIGHT="42" HPOS="646" VPOS="982" WIDTH="144" />
<SP HEIGHT="42" HPOS="791" VPOS="982" WIDTH="26" />
<String CONTENT="2c." HEIGHT="42" HPOS="818" VPOS="982" WIDTH="69" />
<SP HEIGHT="41" HPOS="888" VPOS="983" WIDTH="26" />
<String CONTENT="Oct." HEIGHT="41" HPOS="915" VPOS="983" WIDTH="102" />
<SP HEIGHT="41" HPOS="1018" VPOS="982" WIDTH="25" />
<String CONTENT="31;" HEIGHT="48" HPOS="1044" VPOS="982" WIDTH="83" />
<SP HEIGHT="36" HPOS="1128" VPOS="994" WIDTH="29" />
<String CONTENT="aff." HEIGHT="41" HPOS="1158" VPOS="983" WIDTH="81" />
<SP HEIGHT="40" HPOS="1240" VPOS="984" WIDTH="29" />
<String CONTENT="Oct." HEIGHT="40" HPOS="1270" VPOS="984" WIDTH="101" />
<SP HEIGHT="41" HPOS="1372" VPOS="983" WIDTH="27" />
<String CONTENT="12;" HEIGHT="49" HPOS="1400" VPOS="983" WIDTH="82" />
<SP HEIGHT="47" HPOS="1483" VPOS="985" WIDTH="30" />
<String CONTENT="A" HEIGHT="38" HPOS="1514" VPOS="985" WIDTH="40" />
<SP HEIGHT="41" HPOS="1555" VPOS="983" WIDTH="23" />
<String CONTENT="99676;" HEIGHT="48" HPOS="1579" VPOS="983" WIDTH="173" />
<SP HEIGHT="46" HPOS="1753" VPOS="985" WIDTH="29" />
<String CONTENT="L." HEIGHT="40" HPOS="1783" VPOS="985" WIDTH="51" />
<SP HEIGHT="41" HPOS="1835" VPOS="985" WIDTH="28" />
<String CONTENT="C." HEIGHT="42" HPOS="1864" VPOS="985" WIDTH="49" />
<SP HEIGHT="41" HPOS="1914" VPOS="986" WIDTH="28" />
<String CONTENT="Page" HEIGHT="46" HPOS="1943" VPOS="986" WIDTH="130" />
<SP HEIGHT="40" HPOS="2074" VPOS="987" WIDTH="25" />
<String CONTENT="&amp;" HEIGHT="40" HPOS="2100" VPOS="987" WIDTH="36" />
<SP HEIGHT="40" HPOS="2137" VPOS="987" WIDTH="24" />
<String CONTENT="co.," HEIGHT="37" HPOS="2162" VPOS="996" WIDTH="83" />
<SP HEIGHT="45" HPOS="2246" VPOS="988" WIDTH="27" />
<String CONTENT="inc." HEIGHT="39" HPOS="2274" VPOS="988" WIDTH="89" />
</TextLine>
<TextLine HEIGHT="50" HPOS="425" VPOS="1039" WIDTH="285">
<String CONTENT="(36-30701)" HEIGHT="50" HPOS="425" VPOS="1039" WIDTH="285" />
</TextLine>
<TextLine HEIGHT="61" HPOS="343" STYLEREFS="StyleId-7511DE66-814F-46A6-9365-C179667F37E6-" VPOS="1145" WIDTH="591">
<String CONTENT="Rowntree," HEIGHT="59" HPOS="343" VPOS="1147" WIDTH="335" />
<SP HEIGHT="61" HPOS="679" VPOS="1145" WIDTH="22" />
<String CONTENT="Lester." HEIGHT="56" HPOS="702" VPOS="1145" WIDTH="232" />
</TextLine>
<TextLine HEIGHT="74" HPOS="415" STYLEREFS="StyleId-F83677DF-4EC7-425F-B9F7-759614086E8F-" VPOS="1234" WIDTH="1950">
<String CONTENT="Hardy" HEIGHT="68" HPOS="415" VPOS="1236" WIDTH="211" />
<SP HEIGHT="70" HPOS="627" VPOS="1234" WIDTH="38" />
<String CONTENT="Californians," HEIGHT="70" HPOS="666" VPOS="1234" WIDTH="418" />
<SP HEIGHT="68" HPOS="1085" VPOS="1236" WIDTH="37" />
<String CONTENT="by" HEIGHT="68" HPOS="1123" VPOS="1236" WIDTH="76" />
<SP HEIGHT="68" HPOS="1200" VPOS="1236" WIDTH="37" />
<String CONTENT="Lester" HEIGHT="53" HPOS="1238" VPOS="1236" WIDTH="198" />
<SP HEIGHT="52" HPOS="1437" VPOS="1237" WIDTH="36" />
<String CONTENT="Rowntree;" HEIGHT="67" HPOS="1474" VPOS="1237" WIDTH="334" />
<SP HEIGHT="49" HPOS="1809" VPOS="1255" WIDTH="41" />
<String CONTENT="all" HEIGHT="53" HPOS="1851" VPOS="1237" WIDTH="78" />
<SP HEIGHT="68" HPOS="1930" VPOS="1238" WIDTH="34" />
<String CONTENT="photographs" HEIGHT="70" HPOS="1965" VPOS="1238" WIDTH="400" />
</TextLine>
<TextLine HEIGHT="71" HPOS="343" STYLEREFS="StyleId-F83677DF-4EC7-425F-B9F7-759614086E8F-" VPOS="1313" WIDTH="1787">
<String CONTENT="by" HEIGHT="69" HPOS="343" VPOS="1315" WIDTH="75" />
<SP HEIGHT="50" HPOS="419" VPOS="1334" WIDTH="26" />
<String CONTENT="author." HEIGHT="54" HPOS="446" VPOS="1314" WIDTH="225" />
<SP HEIGHT="54" HPOS="672" VPOS="1313" WIDTH="65" />
<String CONTENT="New" HEIGHT="54" HPOS="738" VPOS="1313" WIDTH="141" />
<SP HEIGHT="53" HPOS="880" VPOS="1313" WIDTH="30" />
<String CONTENT="York," HEIGHT="70" HPOS="911" VPOS="1313" WIDTH="181" />
<SP HEIGHT="68" HPOS="1093" VPOS="1315" WIDTH="31" />
<String CONTENT="The" HEIGHT="54" HPOS="1125" VPOS="1314" WIDTH="123" />
<SP HEIGHT="53" HPOS="1249" VPOS="1315" WIDTH="26" />
<String CONTENT="Macmillan" HEIGHT="55" HPOS="1276" VPOS="1314" WIDTH="340" />
<SP HEIGHT="35" HPOS="1617" VPOS="1334" WIDTH="27" />
<String CONTENT="company," HEIGHT="51" HPOS="1645" VPOS="1333" WIDTH="301" />
<SP HEIGHT="64" HPOS="1947" VPOS="1320" WIDTH="31" />
<String CONTENT="1936." HEIGHT="51" HPOS="1979" VPOS="1320" WIDTH="151" />
</TextLine>
<TextLine CS="1" HEIGHT="50" HPOS="414" STYLEREFS="StyleId-F83677DF-4EC7-425F-B9F7-759614086E8F-" VPOS="1401" WIDTH="888">
<String CONTENT="xiv" HEIGHT="40" HPOS="414" VPOS="1403" WIDTH="85" />
<SP HEIGHT="37" HPOS="500" VPOS="1414" WIDTH="25" />
<String CONTENT="p.," HEIGHT="37" HPOS="526" LANG="fr" VPOS="1414" WIDTH="58" />
<SP HEIGHT="49" HPOS="585" VPOS="1402" WIDTH="26" />
<String CONTENT="1" HEIGHT="39" HPOS="612" VPOS="1402" WIDTH="28" />
<SP />
<String CONTENT="l.," CS="1" HEIGHT="17" HPOS="703" VPOS="1433" WIDTH="9" />
<SP HEIGHT="49" HPOS="713" VPOS="1401" WIDTH="24" />
<String CONTENT="255" HEIGHT="41" HPOS="738" VPOS="1401" WIDTH="89" />
<SP HEIGHT="50" HPOS="828" VPOS="1401" WIDTH="25" />
<String CONTENT="p." HEIGHT="38" HPOS="854" VPOS="1413" WIDTH="43" />
<SP HEIGHT="38" HPOS="898" VPOS="1412" WIDTH="56" />
<String CONTENT="plates." HEIGHT="48" HPOS="955" VPOS="1402" WIDTH="173" />
<SP HEIGHT="41" HPOS="1129" VPOS="1402" WIDTH="53" />
<String CONTENT="22" HEIGHT="40" HPOS="1183" VPOS="1402" WIDTH="57" />
<String CONTENT="cm" HEIGHT="22" HPOS="1244" STYLE="superscript" VPOS="1404" WIDTH="44" />
<String CONTENT="." HEIGHT="9" HPOS="1293" VPOS="1434" WIDTH="9" />
</TextLine>
<TextLine HEIGHT="51" HPOS="415" VPOS="1471" WIDTH="635">
<String CONTENT="Maps" HEIGHT="47" HPOS="415" VPOS="1475" WIDTH="142" />
<SP HEIGHT="30" HPOS="558" VPOS="1484" WIDTH="30" />
<String CONTENT="on" HEIGHT="30" HPOS="589" VPOS="1484" WIDTH="60" />
<SP HEIGHT="39" HPOS="650" VPOS="1473" WIDTH="31" />
<String CONTENT="lining-papers." HEIGHT="50" HPOS="682" VPOS="1471" WIDTH="368" />
</TextLine>
<TextLine CS="1" HEIGHT="51" HPOS="416" VPOS="1528" WIDTH="1947">
<String CONTENT="&#8220;What" HEIGHT="40" HPOS="416" VPOS="1531" WIDTH="180" />
<SP HEIGHT="40" HPOS="597" VPOS="1530" WIDTH="26" />
<String CONTENT="I" HEIGHT="39" HPOS="624" VPOS="1530" WIDTH="24" />
<SP HEIGHT="40" HPOS="649" VPOS="1529" WIDTH="27" />
<String CONTENT="have" HEIGHT="40" HPOS="677" VPOS="1529" WIDTH="129" />
<SP HEIGHT="38" HPOS="807" VPOS="1531" WIDTH="26" />
<String CONTENT="tried" HEIGHT="40" HPOS="834" VPOS="1529" WIDTH="129" />
<SP HEIGHT="39" HPOS="964" VPOS="1530" WIDTH="28" />
<String CONTENT="to" HEIGHT="38" HPOS="993" VPOS="1531" WIDTH="48" />
<SP HEIGHT="39" HPOS="1042" VPOS="1530" WIDTH="27" />
<String CONTENT="do" HEIGHT="40" HPOS="1070" VPOS="1530" WIDTH="60" />
<SP HEIGHT="42" HPOS="1131" VPOS="1528" WIDTH="28" />
<String CONTENT="is" HEIGHT="41" HPOS="1160" VPOS="1528" WIDTH="41" />
<SP HEIGHT="39" HPOS="1202" VPOS="1530" WIDTH="29" />
<String CONTENT="to" HEIGHT="39" HPOS="1232" VPOS="1530" WIDTH="48" />
<SP HEIGHT="30" HPOS="1281" VPOS="1539" WIDTH="29" />
<String CONTENT="convey" HEIGHT="39" HPOS="1311" VPOS="1538" WIDTH="182" />
<SP HEIGHT="37" HPOS="1494" VPOS="1540" WIDTH="31" />
<String CONTENT="&#8230;" CS="1" />
<SP HEIGHT="30" HPOS="1573" VPOS="1540" WIDTH="32" />
<String CONTENT="something" HEIGHT="50" HPOS="1606" VPOS="1529" WIDTH="277" />
<SP HEIGHT="38" HPOS="1884" VPOS="1541" WIDTH="27" />
<String CONTENT="of" HEIGHT="41" HPOS="1912" VPOS="1530" WIDTH="51" />
<SP HEIGHT="41" HPOS="1964" VPOS="1530" WIDTH="29" />
<String CONTENT="the" HEIGHT="39" HPOS="1994" VPOS="1532" WIDTH="82" />
<SP HEIGHT="39" HPOS="2077" VPOS="1532" WIDTH="25" />
<String CONTENT="loveliness" HEIGHT="43" HPOS="2103" VPOS="1531" WIDTH="260" />
</TextLine>
<TextLine HEIGHT="53" HPOS="344" VPOS="1585" WIDTH="2019">
<String CONTENT="and" HEIGHT="40" HPOS="344" VPOS="1589" WIDTH="95" />
<SP HEIGHT="39" HPOS="440" VPOS="1589" WIDTH="29" />
<String CONTENT="the" HEIGHT="40" HPOS="470" VPOS="1588" WIDTH="82" />
<SP HEIGHT="39" HPOS="553" VPOS="1597" WIDTH="27" />
<String CONTENT="garden" HEIGHT="49" HPOS="581" VPOS="1587" WIDTH="185" />
<SP HEIGHT="38" HPOS="767" VPOS="1597" WIDTH="24" />
<String CONTENT="possibilities" HEIGHT="50" HPOS="792" VPOS="1585" WIDTH="319" />
<SP HEIGHT="31" HPOS="1112" VPOS="1596" WIDTH="28" />
<String CONTENT="of" HEIGHT="42" HPOS="1141" VPOS="1585" WIDTH="52" />
<SP HEIGHT="42" HPOS="1194" VPOS="1585" WIDTH="25" />
<String CONTENT="certain" HEIGHT="42" HPOS="1220" VPOS="1585" WIDTH="189" />
<SP HEIGHT="39" HPOS="1410" VPOS="1587" WIDTH="26" />
<String CONTENT="less" HEIGHT="41" HPOS="1437" VPOS="1587" WIDTH="97" />
<SP HEIGHT="42" HPOS="1535" VPOS="1586" WIDTH="26" />
<String CONTENT="familiar" HEIGHT="42" HPOS="1562" VPOS="1586" WIDTH="224" />
<SP HEIGHT="41" HPOS="1787" VPOS="1587" WIDTH="27" />
<String CONTENT="hardy" HEIGHT="50" HPOS="1815" VPOS="1587" WIDTH="160" />
<SP HEIGHT="39" HPOS="1976" VPOS="1598" WIDTH="26" />
<String CONTENT="native" HEIGHT="43" HPOS="2003" VPOS="1587" WIDTH="166" />
<SP HEIGHT="39" HPOS="2170" VPOS="1599" WIDTH="28" />
<String CONTENT="plants" HEIGHT="48" HPOS="2199" VPOS="1590" WIDTH="164" />
</TextLine>
<TextLine HEIGHT="43" HPOS="342" VPOS="1643" WIDTH="603">
<String CONTENT="of" HEIGHT="38" HPOS="342" VPOS="1646" WIDTH="51" />
<SP HEIGHT="41" HPOS="394" VPOS="1645" WIDTH="31" />
<String CONTENT="California.&#8221;&#8212;Pref." HEIGHT="43" HPOS="426" VPOS="1643" WIDTH="519" />
</TextLine>
<TextLine HEIGHT="53" HPOS="343" VPOS="1711" WIDTH="1738">
<String CONTENT="&#169;" HEIGHT="53" HPOS="343" VPOS="1711" WIDTH="52" />
<SP HEIGHT="53" HPOS="396" VPOS="1711" WIDTH="29" />
<String CONTENT="Oct." HEIGHT="40" HPOS="426" VPOS="1716" WIDTH="102" />
<SP HEIGHT="41" HPOS="529" VPOS="1714" WIDTH="27" />
<String CONTENT="27," HEIGHT="48" HPOS="557" VPOS="1714" WIDTH="70" />
<SP HEIGHT="48" HPOS="628" VPOS="1714" WIDTH="32" />
<String CONTENT="1936" HEIGHT="41" HPOS="661" VPOS="1713" WIDTH="116" />
<SP HEIGHT="48" HPOS="778" VPOS="1713" WIDTH="15" />
<String CONTENT=";" HEIGHT="35" HPOS="794" VPOS="1726" WIDTH="10" />
<SP HEIGHT="48" HPOS="805" VPOS="1713" WIDTH="29" />
<String CONTENT="2c." HEIGHT="40" HPOS="835" VPOS="1713" WIDTH="67" />
<SP HEIGHT="30" HPOS="903" VPOS="1723" WIDTH="30" />
<String CONTENT="and" HEIGHT="40" HPOS="934" VPOS="1713" WIDTH="96" />
<SP HEIGHT="39" HPOS="1031" VPOS="1713" WIDTH="27" />
<String CONTENT="aff." HEIGHT="40" HPOS="1059" VPOS="1713" WIDTH="83" />
<SP HEIGHT="41" HPOS="1143" VPOS="1713" WIDTH="31" />
<String CONTENT="Oct." HEIGHT="41" HPOS="1175" VPOS="1713" WIDTH="102" />
<SP HEIGHT="42" HPOS="1278" VPOS="1712" WIDTH="29" />
<String CONTENT="28" HEIGHT="41" HPOS="1308" VPOS="1712" WIDTH="57" />
<SP HEIGHT="48" HPOS="1366" VPOS="1712" WIDTH="15" />
<String CONTENT=";" HEIGHT="37" HPOS="1382" VPOS="1723" WIDTH="10" />
<SP HEIGHT="46" HPOS="1393" VPOS="1714" WIDTH="29" />
<String CONTENT="A" HEIGHT="39" HPOS="1423" VPOS="1714" WIDTH="44" />
<SP HEIGHT="41" HPOS="1468" VPOS="1712" WIDTH="22" />
<String CONTENT="99621" HEIGHT="42" HPOS="1491" VPOS="1712" WIDTH="145" />
<SP HEIGHT="49" HPOS="1637" VPOS="1713" WIDTH="18" />
<String CONTENT=";" HEIGHT="37" HPOS="1656" VPOS="1725" WIDTH="8" />
<SP HEIGHT="47" HPOS="1665" VPOS="1715" WIDTH="32" />
<String CONTENT="Macmillan" HEIGHT="41" HPOS="1698" VPOS="1714" WIDTH="285" />
<SP HEIGHT="30" HPOS="1984" VPOS="1725" WIDTH="29" />
<String CONTENT="co." HEIGHT="33" HPOS="2014" VPOS="1725" WIDTH="67" />
</TextLine>
<TextLine HEIGHT="50" HPOS="424" VPOS="1771" WIDTH="285">
<String CONTENT="(36-29875)" HEIGHT="50" HPOS="424" VPOS="1771" WIDTH="285" />
</TextLine>
<TextLine HEIGHT="66" HPOS="343" STYLEREFS="StyleId-7511DE66-814F-46A6-9365-C179667F37E6-" VPOS="1875" WIDTH="949">
<String CONTENT="Rugg," HEIGHT="63" HPOS="343" VPOS="1878" WIDTH="193" />
<SP HEIGHT="64" HPOS="537" VPOS="1877" WIDTH="24" />
<String CONTENT="Harold" HEIGHT="54" HPOS="562" VPOS="1875" WIDTH="224" />
<SP HEIGHT="55" HPOS="787" VPOS="1875" WIDTH="26" />
<String CONTENT="Ordway," HEIGHT="64" HPOS="814" VPOS="1875" WIDTH="277" />
<SP HEIGHT="58" HPOS="1092" VPOS="1881" WIDTH="26" />
<String CONTENT="1886-" HEIGHT="51" HPOS="1119" VPOS="1880" WIDTH="173" />
</TextLine>
<TextLine HEIGHT="72" HPOS="409" STYLEREFS="StyleId-F83677DF-4EC7-425F-B9F7-759614086E8F-" VPOS="1964" WIDTH="1951">
<String CONTENT="American" HEIGHT="54" HPOS="409" VPOS="1966" WIDTH="310" />
<SP HEIGHT="53" HPOS="720" VPOS="1966" WIDTH="25" />
<String CONTENT="life" HEIGHT="55" HPOS="746" VPOS="1964" WIDTH="110" />
<SP HEIGHT="34" HPOS="857" VPOS="1985" WIDTH="26" />
<String CONTENT="and" HEIGHT="54" HPOS="884" VPOS="1966" WIDTH="115" />
<SP HEIGHT="54" HPOS="1000" VPOS="1966" WIDTH="28" />
<String CONTENT="the" HEIGHT="53" HPOS="1029" VPOS="1966" WIDTH="97" />
<SP HEIGHT="35" HPOS="1127" VPOS="1984" WIDTH="25" />
<String CONTENT="school" HEIGHT="54" HPOS="1153" VPOS="1965" WIDTH="194" />
<SP HEIGHT="53" HPOS="1348" VPOS="1966" WIDTH="27" />
<String CONTENT="curriculum" HEIGHT="54" HPOS="1376" VPOS="1965" WIDTH="351" />
<SP HEIGHT="50" HPOS="1728" VPOS="1984" WIDTH="13" />
<String CONTENT=";" HEIGHT="49" HPOS="1742" VPOS="1985" WIDTH="12" />
<SP HEIGHT="49" HPOS="1755" VPOS="1985" WIDTH="32" />
<String CONTENT="next" HEIGHT="49" HPOS="1788" VPOS="1971" WIDTH="138" />
<SP HEIGHT="51" HPOS="1927" VPOS="1971" WIDTH="26" />
<String CONTENT="steps" HEIGHT="65" HPOS="1954" VPOS="1971" WIDTH="153" />
<SP HEIGHT="51" HPOS="2108" VPOS="1971" WIDTH="28" />
<String CONTENT="toward" HEIGHT="54" HPOS="2137" VPOS="1967" WIDTH="223" />
</TextLine>
<TextLine CS="1" HEIGHT="72" HPOS="337" STYLEREFS="StyleId-F83677DF-4EC7-425F-B9F7-759614086E8F-" VPOS="2043" WIDTH="2017">
<String CONTENT="schools" HEIGHT="53" HPOS="337" VPOS="2046" WIDTH="219" />
<SP HEIGHT="35" HPOS="557" VPOS="2064" WIDTH="23" />
<String CONTENT="of" HEIGHT="55" HPOS="581" VPOS="2044" WIDTH="66" />
<SP HEIGHT="54" HPOS="648" VPOS="2044" WIDTH="23" />
<String CONTENT="living," HEIGHT="70" HPOS="672" VPOS="2044" WIDTH="205" />
<SP HEIGHT="70" HPOS="878" VPOS="2043" WIDTH="21" />
<String CONTENT="by" HEIGHT="71" HPOS="900" VPOS="2043" WIDTH="78" />
<SP HEIGHT="70" HPOS="979" VPOS="2044" WIDTH="21" />
<String CONTENT="Harold" HEIGHT="54" HPOS="1001" VPOS="2044" WIDTH="231" />
<SP HEIGHT="54" HPOS="1233" VPOS="2044" WIDTH="23" />
<String CONTENT="Rugg" HEIGHT="70" HPOS="1257" VPOS="2044" WIDTH="177" />
<SP HEIGHT="52" HPOS="1435" VPOS="2062" WIDTH="28" />
<String CONTENT="&#8230;" CS="1" />
<SP HEIGHT="52" HPOS="1522" VPOS="2045" WIDTH="67" />
<String CONTENT="Boston," HEIGHT="68" HPOS="1590" VPOS="2045" WIDTH="237" />
<SP HEIGHT="68" HPOS="1828" VPOS="2045" WIDTH="24" />
<String CONTENT="New" HEIGHT="54" HPOS="1853" VPOS="2045" WIDTH="142" />
<SP HEIGHT="54" HPOS="1996" VPOS="2045" WIDTH="22" />
<String CONTENT="York" HEIGHT="54" HPOS="2019" VPOS="2045" WIDTH="167" />
<SP HEIGHT="69" HPOS="2187" VPOS="2046" WIDTH="27" />
<String CONTENT="[etc.]" CS="1" HEIGHT="63" HPOS="2233" VPOS="2051" WIDTH="121" />
</TextLine>
<TextLine CS="1" HEIGHT="72" HPOS="337" STYLEREFS="StyleId-F83677DF-4EC7-425F-B9F7-759614086E8F-" VPOS="2121" WIDTH="868">
<String CONTENT="Ginn" HEIGHT="57" HPOS="337" VPOS="2121" WIDTH="158" />
<SP HEIGHT="35" HPOS="496" VPOS="2143" WIDTH="34" />
<String CONTENT="and" HEIGHT="54" HPOS="531" VPOS="2124" WIDTH="115" />
<SP HEIGHT="54" HPOS="647" VPOS="2124" WIDTH="35" />
<String CONTENT="company" HEIGHT="52" HPOS="683" VPOS="2141" WIDTH="284" />
<SP HEIGHT="51" HPOS="968" VPOS="2142" WIDTH="41" />
<String CONTENT="[" CS="1" />
<String CONTENT="c" HEIGHT="22" HPOS="1026" STYLE="superscript" VPOS="2129" WIDTH="21" />
<String CONTENT="1936]" HEIGHT="65" HPOS="1051" VPOS="2125" WIDTH="154" />
</TextLine>
<TextLine CS="1" HEIGHT="51" HPOS="408" STYLEREFS="StyleId-F83677DF-4EC7-425F-B9F7-759614086E8F-" VPOS="2210" WIDTH="481">
<String CONTENT="xii," HEIGHT="49" HPOS="408" VPOS="2211" WIDTH="84" />
<SP HEIGHT="49" HPOS="493" VPOS="2211" WIDTH="28" />
<String CONTENT="471" HEIGHT="41" HPOS="522" VPOS="2211" WIDTH="86" />
<SP HEIGHT="49" HPOS="609" VPOS="2212" WIDTH="26" />
<String CONTENT="p." HEIGHT="40" HPOS="636" VPOS="2221" WIDTH="44" />
<SP HEIGHT="41" HPOS="681" VPOS="2210" WIDTH="59" />
<String CONTENT="21&#189;" CS="1" HEIGHT="41" HPOS="741" VPOS="2210" WIDTH="57" />
<String CONTENT="cm" HEIGHT="22" HPOS="832" STYLE="superscript" VPOS="2213" WIDTH="45" />
<String CONTENT="." HEIGHT="8" HPOS="880" VPOS="2244" WIDTH="9" />
</TextLine>
<TextLine HEIGHT="50" HPOS="408" VPOS="2282" WIDTH="797">
<String CONTENT="&#8220;What" HEIGHT="41" HPOS="408" VPOS="2284" WIDTH="179" />
<SP HEIGHT="40" HPOS="588" VPOS="2285" WIDTH="28" />
<String CONTENT="to" HEIGHT="40" HPOS="617" VPOS="2285" WIDTH="50" />
<SP HEIGHT="31" HPOS="668" VPOS="2294" WIDTH="32" />
<String CONTENT="read&#8221;:" HEIGHT="42" HPOS="701" VPOS="2282" WIDTH="175" />
<SP HEIGHT="39" HPOS="877" VPOS="2293" WIDTH="30" />
<String CONTENT="p." HEIGHT="39" HPOS="908" VPOS="2293" WIDTH="44" />
<SP HEIGHT="41" HPOS="953" VPOS="2282" WIDTH="32" />
<String CONTENT="458-464." HEIGHT="42" HPOS="986" VPOS="2282" WIDTH="219" />
</TextLine>
<TextLine HEIGHT="53" HPOS="343" VPOS="2355" WIDTH="2021">
<String CONTENT="&#169;" HEIGHT="53" HPOS="343" VPOS="2355" WIDTH="52" />
<SP HEIGHT="53" HPOS="396" VPOS="2355" WIDTH="27" />
<String CONTENT="Sept." HEIGHT="46" HPOS="424" VPOS="2360" WIDTH="128" />
<SP HEIGHT="41" HPOS="553" VPOS="2358" WIDTH="23" />
<String CONTENT="19," HEIGHT="48" HPOS="577" VPOS="2357" WIDTH="69" />
<SP HEIGHT="48" HPOS="647" VPOS="2357" WIDTH="26" />
<String CONTENT="1936" HEIGHT="41" HPOS="674" VPOS="2357" WIDTH="117" />
<SP HEIGHT="47" HPOS="792" VPOS="2357" WIDTH="15" />
<String CONTENT=";" HEIGHT="36" HPOS="808" VPOS="2368" WIDTH="9" />
<SP HEIGHT="47" HPOS="818" VPOS="2357" WIDTH="27" />
<String CONTENT="2c." HEIGHT="40" HPOS="846" VPOS="2357" WIDTH="68" />
<SP HEIGHT="41" HPOS="915" VPOS="2357" WIDTH="27" />
<String CONTENT="Oct." HEIGHT="41" HPOS="943" VPOS="2357" WIDTH="102" />
<SP HEIGHT="39" HPOS="1046" VPOS="2357" WIDTH="27" />
<String CONTENT="17" HEIGHT="39" HPOS="1074" VPOS="2357" WIDTH="55" />
<SP HEIGHT="46" HPOS="1130" VPOS="2357" WIDTH="16" />
<String CONTENT=";" HEIGHT="36" HPOS="1147" VPOS="2367" WIDTH="8" />
<SP HEIGHT="36" HPOS="1156" VPOS="2367" WIDTH="30" />
<String CONTENT="aff." HEIGHT="40" HPOS="1187" VPOS="2356" WIDTH="81" />
<SP HEIGHT="40" HPOS="1269" VPOS="2357" WIDTH="28" />
<String CONTENT="Oct." HEIGHT="41" HPOS="1298" VPOS="2357" WIDTH="102" />
<SP HEIGHT="41" HPOS="1401" VPOS="2357" WIDTH="30" />
<String CONTENT="14" HEIGHT="39" HPOS="1432" VPOS="2356" WIDTH="54" />
<SP HEIGHT="47" HPOS="1487" VPOS="2356" WIDTH="17" />
<String CONTENT=";" HEIGHT="35" HPOS="1505" VPOS="2368" WIDTH="8" />
<SP HEIGHT="46" HPOS="1514" VPOS="2357" WIDTH="28" />
<String CONTENT="A" HEIGHT="39" HPOS="1543" VPOS="2357" WIDTH="42" />
<SP HEIGHT="39" HPOS="1586" VPOS="2357" WIDTH="24" />
<String CONTENT="160071" HEIGHT="41" HPOS="1611" VPOS="2356" WIDTH="173" />
<SP HEIGHT="49" HPOS="1785" VPOS="2356" WIDTH="17" />
<String CONTENT=";" HEIGHT="37" HPOS="1803" VPOS="2368" WIDTH="8" />
<SP HEIGHT="47" HPOS="1812" VPOS="2358" WIDTH="30" />
<String CONTENT="Harold" HEIGHT="40" HPOS="1843" VPOS="2358" WIDTH="191" />
<SP HEIGHT="40" HPOS="2035" VPOS="2358" WIDTH="28" />
<String CONTENT="Rugg," HEIGHT="48" HPOS="2064" VPOS="2359" WIDTH="152" />
<SP HEIGHT="47" HPOS="2217" VPOS="2360" WIDTH="28" />
<String CONTENT="New" HEIGHT="39" HPOS="2246" VPOS="2360" WIDTH="118" />
</TextLine>
<TextLine HEIGHT="50" HPOS="414" VPOS="2413" WIDTH="494">
<String CONTENT="York." HEIGHT="41" HPOS="414" VPOS="2416" WIDTH="144" />
<SP HEIGHT="48" HPOS="559" VPOS="2415" WIDTH="63" />
<String CONTENT="(36-30653)" HEIGHT="50" HPOS="623" VPOS="2413" WIDTH="285" />
</TextLine>
<TextLine HEIGHT="65" HPOS="341" STYLEREFS="StyleId-7511DE66-814F-46A6-9365-C179667F37E6-" VPOS="2519" WIDTH="419">
<String CONTENT="Rush," HEIGHT="64" HPOS="341" VPOS="2520" WIDTH="186" />
<SP HEIGHT="65" HPOS="528" VPOS="2519" WIDTH="25" />
<String CONTENT="Oscar." HEIGHT="57" HPOS="554" VPOS="2519" WIDTH="206" />
</TextLine>
<TextLine HEIGHT="71" HPOS="413" STYLEREFS="StyleId-F83677DF-4EC7-425F-B9F7-759614086E8F-" VPOS="2594" WIDTH="1950">
<String CONTENT="The" HEIGHT="53" HPOS="413" VPOS="2598" WIDTH="122" />
<SP HEIGHT="36" HPOS="536" VPOS="2615" WIDTH="32" />
<String CONTENT="open" HEIGHT="50" HPOS="569" VPOS="2615" WIDTH="147" />
<SP HEIGHT="34" HPOS="717" VPOS="2615" WIDTH="33" />
<String CONTENT="range," HEIGHT="50" HPOS="751" VPOS="2614" WIDTH="195" />
<SP HEIGHT="68" HPOS="947" VPOS="2596" WIDTH="31" />
<String CONTENT="by" HEIGHT="68" HPOS="979" VPOS="2596" WIDTH="76" />
<SP HEIGHT="70" HPOS="1056" VPOS="2594" WIDTH="34" />
<String CONTENT="Oscar" HEIGHT="56" HPOS="1091" VPOS="2594" WIDTH="180" />
<SP HEIGHT="52" HPOS="1272" VPOS="2596" WIDTH="32" />
<String CONTENT="Rush;" HEIGHT="68" HPOS="1305" VPOS="2595" WIDTH="190" />
<SP HEIGHT="68" HPOS="1496" VPOS="2595" WIDTH="32" />
<String CONTENT="illustrated" HEIGHT="54" HPOS="1529" VPOS="2595" WIDTH="330" />
<SP HEIGHT="53" HPOS="1860" VPOS="2596" WIDTH="30" />
<String CONTENT="with" HEIGHT="53" HPOS="1891" VPOS="2596" WIDTH="143" />
<SP HEIGHT="53" HPOS="2035" VPOS="2597" WIDTH="34" />
<String CONTENT="authentic" HEIGHT="56" HPOS="2070" VPOS="2595" WIDTH="293" />
</TextLine>
<TextLine CS="1" HEIGHT="148" HPOS="345" STYLEREFS="StyleId-F83677DF-4EC7-425F-B9F7-759614086E8F-" VPOS="2673" WIDTH="1992">
<String CONTENT="photographs" HEIGHT="68" HPOS="346" VPOS="2675" WIDTH="395" />
<SP HEIGHT="34" HPOS="742" VPOS="2695" WIDTH="30" />
<String CONTENT="and" HEIGHT="53" HPOS="773" VPOS="2675" WIDTH="113" />
<SP HEIGHT="67" HPOS="887" VPOS="2675" WIDTH="28" />
<String CONTENT="pen-and-ink" HEIGHT="69" HPOS="916" VPOS="2673" WIDTH="385" />
<SP HEIGHT="52" HPOS="1302" VPOS="2674" WIDTH="27" />
<String CONTENT="drawings" HEIGHT="69" HPOS="1330" VPOS="2673" WIDTH="293" />
<SP HEIGHT="55" HPOS="1624" VPOS="2673" WIDTH="25" />
<String CONTENT="by" HEIGHT="69" HPOS="1650" VPOS="2673" WIDTH="77" />
<SP HEIGHT="68" HPOS="1728" VPOS="2674" WIDTH="27" />
<String CONTENT="R." HEIGHT="52" HPOS="1756" LANG="fr" VPOS="2674" WIDTH="68" />
<SP HEIGHT="52" HPOS="1825" VPOS="2674" WIDTH="28" />
<String CONTENT="H." HEIGHT="52" HPOS="1854" VPOS="2674" WIDTH="77" />
<SP HEIGHT="52" HPOS="1932" VPOS="2674" WIDTH="29" />
<String CONTENT="Hall." HEIGHT="54" HPOS="1962" VPOS="2674" WIDTH="161" />
<SP HEIGHT="55" HPOS="2124" VPOS="2674" WIDTH="65" />
<String CONTENT="Caldwell," HEIGHT="147" HPOS="345" VPOS="2674" WIDTH="1992" />
<SP HEIGHT="66" HPOS="489" VPOS="2755" WIDTH="26" />
<String CONTENT="Id.," HEIGHT="67" HPOS="516" VPOS="2754" WIDTH="110" />
<SP HEIGHT="67" HPOS="627" VPOS="2754" WIDTH="25" />
<String CONTENT="The" HEIGHT="52" HPOS="653" VPOS="2754" WIDTH="124" />
<SP HEIGHT="56" HPOS="778" VPOS="2751" WIDTH="27" />
<String CONTENT="Caxton" HEIGHT="56" HPOS="806" VPOS="2751" WIDTH="227" />
<SP HEIGHT="50" HPOS="1034" VPOS="2771" WIDTH="26" />
<String CONTENT="printers," HEIGHT="68" HPOS="1061" VPOS="2753" WIDTH="270" />
<SP HEIGHT="66" HPOS="1332" VPOS="2753" WIDTH="26" />
<String CONTENT="ltd.," HEIGHT="67" HPOS="1359" VPOS="2752" WIDTH="124" />
<SP HEIGHT="64" HPOS="1484" VPOS="2755" WIDTH="29" />
<String CONTENT="1936." HEIGHT="51" HPOS="1514" VPOS="2755" WIDTH="152" />
</TextLine>
<TextLine CS="1" HEIGHT="53" HPOS="413" VPOS="2839" WIDTH="1416">
<String CONTENT="5" HEIGHT="40" HPOS="413" VPOS="2843" WIDTH="25" />
<SP HEIGHT="48" HPOS="439" VPOS="2843" WIDTH="26" />
<String CONTENT="p." HEIGHT="37" HPOS="466" VPOS="2854" WIDTH="41" />
<SP />
<String CONTENT="l.," CS="1" HEIGHT="17" HPOS="570" VPOS="2874" WIDTH="9" />
<SP HEIGHT="31" HPOS="580" VPOS="2861" WIDTH="29" />
<String CONTENT="[13]-263" HEIGHT="52" HPOS="610" VPOS="2840" WIDTH="207" />
<SP HEIGHT="49" HPOS="818" VPOS="2841" WIDTH="25" />
<String CONTENT="p." HEIGHT="38" HPOS="844" VPOS="2852" WIDTH="42" />
<SP HEIGHT="30" HPOS="887" VPOS="2852" WIDTH="55" />
<String CONTENT="col." HEIGHT="39" HPOS="943" VPOS="2842" WIDTH="88" />
<SP HEIGHT="39" HPOS="1032" VPOS="2841" WIDTH="21" />
<String CONTENT="front.," HEIGHT="48" HPOS="1054" VPOS="2841" WIDTH="166" />
<SP HEIGHT="38" HPOS="1221" VPOS="2852" WIDTH="25" />
<String CONTENT="plates," HEIGHT="49" HPOS="1247" VPOS="2841" WIDTH="173" />
<SP HEIGHT="47" HPOS="1421" VPOS="2840" WIDTH="24" />
<String CONTENT="2" HEIGHT="40" HPOS="1446" VPOS="2840" WIDTH="28" />
<SP HEIGHT="49" HPOS="1475" VPOS="2840" WIDTH="25" />
<String CONTENT="port." HEIGHT="48" HPOS="1501" VPOS="2841" WIDTH="124" />
<SP HEIGHT="41" HPOS="1626" VPOS="2840" WIDTH="54" />
<String CONTENT="19&#189;" CS="1" HEIGHT="42" HPOS="1681" VPOS="2839" WIDTH="59" />
<String CONTENT="cm" HEIGHT="22" HPOS="1770" STYLE="superscript" VPOS="2842" WIDTH="44" />
<String CONTENT="." HEIGHT="9" HPOS="1820" VPOS="2872" WIDTH="9" />
</TextLine>
<TextLine HEIGHT="49" HPOS="414" VPOS="2911" WIDTH="687">
<String CONTENT="Illustrated" HEIGHT="39" HPOS="414" VPOS="2914" WIDTH="291" />
<SP HEIGHT="40" HPOS="706" VPOS="2912" WIDTH="27" />
<String CONTENT="lining-papers." HEIGHT="49" HPOS="734" VPOS="2911" WIDTH="367" />
</TextLine>
<TextLine HEIGHT="50" HPOS="416" VPOS="2966" WIDTH="1944">
<String CONTENT="Includes" HEIGHT="40" HPOS="416" VPOS="2970" WIDTH="226" />
<SP HEIGHT="30" HPOS="643" VPOS="2979" WIDTH="27" />
<String CONTENT="some" HEIGHT="30" HPOS="671" VPOS="2979" WIDTH="132" />
<SP HEIGHT="29" HPOS="804" VPOS="2979" WIDTH="25" />
<String CONTENT="chapters" HEIGHT="47" HPOS="830" VPOS="2969" WIDTH="228" />
<SP HEIGHT="40" HPOS="1059" VPOS="2968" WIDTH="25" />
<String CONTENT="from" HEIGHT="39" HPOS="1085" VPOS="2968" WIDTH="129" />
<SP HEIGHT="38" HPOS="1215" VPOS="2969" WIDTH="26" />
<String CONTENT="the" HEIGHT="39" HPOS="1242" VPOS="2968" WIDTH="81" />
<SP HEIGHT="29" HPOS="1324" VPOS="2978" WIDTH="26" />
<String CONTENT="author&#8217;s" HEIGHT="41" HPOS="1351" VPOS="2966" WIDTH="220" />
<SP HEIGHT="41" HPOS="1572" VPOS="2966" WIDTH="27" />
<String CONTENT="&#8220;The" HEIGHT="41" HPOS="1600" VPOS="2966" WIDTH="129" />
<SP HEIGHT="30" HPOS="1730" VPOS="2977" WIDTH="24" />
<String CONTENT="open" HEIGHT="39" HPOS="1755" VPOS="2977" WIDTH="124" />
<SP HEIGHT="29" HPOS="1880" VPOS="2978" WIDTH="24" />
<String CONTENT="range" HEIGHT="39" HPOS="1905" VPOS="2977" WIDTH="151" />
<SP HEIGHT="30" HPOS="2057" VPOS="2978" WIDTH="27" />
<String CONTENT="and" HEIGHT="39" HPOS="2085" VPOS="2970" WIDTH="97" />
<SP HEIGHT="40" HPOS="2183" VPOS="2969" WIDTH="26" />
<String CONTENT="bunk-" HEIGHT="40" HPOS="2210" VPOS="2969" WIDTH="150" />
</TextLine>
<TextLine CS="1" HEIGHT="52" HPOS="345" VPOS="3022" WIDTH="1905">
<String CONTENT="house" HEIGHT="39" HPOS="345" VPOS="3028" WIDTH="148" />
<SP HEIGHT="37" HPOS="494" VPOS="3037" WIDTH="28" />
<String CONTENT="philosophy&#8221;," HEIGHT="50" HPOS="523" VPOS="3024" WIDTH="335" />
<SP HEIGHT="37" HPOS="859" VPOS="3036" WIDTH="29" />
<String CONTENT="privately" HEIGHT="49" HPOS="889" VPOS="3024" WIDTH="244" />
<SP HEIGHT="37" HPOS="1134" VPOS="3035" WIDTH="27" />
<String CONTENT="printed" HEIGHT="48" HPOS="1162" VPOS="3024" WIDTH="196" />
<SP HEIGHT="40" HPOS="1359" VPOS="3024" WIDTH="26" />
<String CONTENT="in" HEIGHT="39" HPOS="1386" VPOS="3024" WIDTH="49" />
<SP HEIGHT="39" HPOS="1436" VPOS="3024" WIDTH="28" />
<String CONTENT="1930." HEIGHT="42" HPOS="1465" VPOS="3022" WIDTH="130" />
<SP HEIGHT="30" HPOS="1596" VPOS="3034" WIDTH="58" />
<String CONTENT="cf." HEIGHT="48" HPOS="1655" VPOS="3024" WIDTH="62" />
<SP HEIGHT="41" HPOS="1718" VPOS="3023" WIDTH="27" />
<String CONTENT="Acknowledgments." HEIGHT="50" HPOS="1746" VPOS="3023" WIDTH="504" />
</TextLine>
<TextLine HEIGHT="54" HPOS="342" VPOS="3092" WIDTH="2017">
<String CONTENT="&#169;" HEIGHT="53" HPOS="342" VPOS="3093" WIDTH="53" />
<SP HEIGHT="53" HPOS="396" VPOS="3093" WIDTH="29" />
<String CONTENT="Oct." HEIGHT="40" HPOS="426" VPOS="3097" WIDTH="102" />
<SP HEIGHT="40" HPOS="529" VPOS="3096" WIDTH="30" />
<String CONTENT="1," HEIGHT="47" HPOS="560" VPOS="3096" WIDTH="40" />
<SP HEIGHT="47" HPOS="601" VPOS="3096" WIDTH="28" />
<String CONTENT="1936" HEIGHT="40" HPOS="630" VPOS="3095" WIDTH="117" />
<SP HEIGHT="47" HPOS="748" VPOS="3095" WIDTH="15" />
<String CONTENT=";" HEIGHT="36" HPOS="764" VPOS="3106" WIDTH="8" />
<SP HEIGHT="47" HPOS="773" VPOS="3095" WIDTH="33" />
<String CONTENT="2c." HEIGHT="40" HPOS="807" VPOS="3095" WIDTH="68" />
<SP HEIGHT="40" HPOS="876" VPOS="3095" WIDTH="31" />
<String CONTENT="Oct." HEIGHT="40" HPOS="908" VPOS="3095" WIDTH="102" />
<SP HEIGHT="40" HPOS="1011" VPOS="3094" WIDTH="30" />
<String CONTENT="7" HEIGHT="39" HPOS="1042" VPOS="3094" WIDTH="26" />
<SP HEIGHT="46" HPOS="1069" VPOS="3094" WIDTH="17" />
<String CONTENT=";" HEIGHT="35" HPOS="1087" VPOS="3105" WIDTH="7" />
<SP HEIGHT="35" HPOS="1095" VPOS="3105" WIDTH="33" />
<String CONTENT="aff." HEIGHT="40" HPOS="1129" VPOS="3094" WIDTH="82" />
<SP HEIGHT="39" HPOS="1212" VPOS="3095" WIDTH="31" />
<String CONTENT="Nov." HEIGHT="38" HPOS="1244" VPOS="3095" WIDTH="117" />
<SP HEIGHT="40" HPOS="1362" VPOS="3093" WIDTH="31" />
<String CONTENT="2" HEIGHT="39" HPOS="1394" VPOS="3093" WIDTH="25" />
<SP HEIGHT="48" HPOS="1420" VPOS="3093" WIDTH="17" />
<String CONTENT=";" HEIGHT="37" HPOS="1438" VPOS="3104" WIDTH="9" />
<SP HEIGHT="47" HPOS="1448" VPOS="3094" WIDTH="33" />
<String CONTENT="A" HEIGHT="39" HPOS="1482" VPOS="3094" WIDTH="40" />
<SP HEIGHT="39" HPOS="1523" VPOS="3094" WIDTH="26" />
<String CONTENT="100190" HEIGHT="41" HPOS="1550" VPOS="3092" WIDTH="177" />
<SP HEIGHT="48" HPOS="1728" VPOS="3093" WIDTH="14" />
<String CONTENT=";" HEIGHT="36" HPOS="1743" VPOS="3105" WIDTH="9" />
<SP HEIGHT="47" HPOS="1753" VPOS="3094" WIDTH="33" />
<String CONTENT="Caxton" HEIGHT="41" HPOS="1787" VPOS="3094" WIDTH="191" />
<SP HEIGHT="38" HPOS="1979" VPOS="3105" WIDTH="29" />
<String CONTENT="printers," HEIGHT="49" HPOS="2009" VPOS="3094" WIDTH="230" />
<SP HEIGHT="47" HPOS="2240" VPOS="3096" WIDTH="33" />
<String CONTENT="ltd." HEIGHT="41" HPOS="2274" VPOS="3095" WIDTH="85" />
</TextLine>
<TextLine HEIGHT="50" HPOS="423" VPOS="3151" WIDTH="284">
<String CONTENT="(36-29873)" HEIGHT="50" HPOS="423" VPOS="3151" WIDTH="284" />
</TextLine>
<TextLine HEIGHT="67" HPOS="340" STYLEREFS="StyleId-F83677DF-4EC7-425F-B9F7-759614086E8F-" VPOS="3255" WIDTH="1221">
<String CONTENT="Rutledge," HEIGHT="65" HPOS="340" VPOS="3257" WIDTH="312" />
<SP HEIGHT="65" HPOS="653" VPOS="3257" WIDTH="26" />
<String CONTENT="Archibald" HEIGHT="55" HPOS="680" VPOS="3255" WIDTH="325" />
<SP HEIGHT="52" HPOS="1006" VPOS="3257" WIDTH="25" />
<String CONTENT="Hamilton," HEIGHT="65" HPOS="1032" VPOS="3255" WIDTH="326" />
<SP HEIGHT="59" HPOS="1359" VPOS="3261" WIDTH="28" />
<String CONTENT="1883-" HEIGHT="50" HPOS="1388" VPOS="3261" WIDTH="173" />
</TextLine>
<TextLine CS="1" HEIGHT="72" HPOS="469" STYLEREFS="StyleId-F83677DF-4EC7-425F-B9F7-759614086E8F-" VPOS="3330" WIDTH="1713">
<String CONTENT="&#8230;" CS="1" />
<SP HEIGHT="51" HPOS="469" VPOS="3335" WIDTH="35" />
<String CONTENT="Brimming" HEIGHT="70" HPOS="505" VPOS="3332" WIDTH="333" />
<SP HEIGHT="51" HPOS="839" VPOS="3351" WIDTH="27" />
<String CONTENT="chalice." HEIGHT="53" HPOS="867" VPOS="3332" WIDTH="230" />
<SP HEIGHT="53" HPOS="1098" VPOS="3332" WIDTH="73" />
<String CONTENT="New" HEIGHT="53" HPOS="1172" VPOS="3332" WIDTH="141" />
<SP HEIGHT="54" HPOS="1314" VPOS="3331" WIDTH="28" />
<String CONTENT="York," HEIGHT="70" HPOS="1343" VPOS="3330" WIDTH="184" />
<SP HEIGHT="69" HPOS="1528" VPOS="3331" WIDTH="24" />
<String CONTENT="H." HEIGHT="54" HPOS="1553" VPOS="3331" WIDTH="79" />
<SP HEIGHT="54" HPOS="1633" VPOS="3331" WIDTH="29" />
<String CONTENT="Harrison" HEIGHT="55" HPOS="1663" VPOS="3330" WIDTH="288" />
<SP HEIGHT="49" HPOS="1952" VPOS="3350" WIDTH="36" />
<String CONTENT="[" HEIGHT="35" HPOS="1989" VPOS="3364" WIDTH="13" />
<String CONTENT="c" HEIGHT="23" HPOS="2006" STYLE="superscript" VPOS="3337" WIDTH="18" />
<String CONTENT="1936]" HEIGHT="66" HPOS="2029" VPOS="3334" WIDTH="153" />
</TextLine>
<TextLine CS="1" HEIGHT="50" HPOS="403" VPOS="3419" WIDTH="308">
<String CONTENT="95" HEIGHT="41" HPOS="403" VPOS="3420" WIDTH="57" />
<SP HEIGHT="49" HPOS="461" VPOS="3420" WIDTH="27" />
<String CONTENT="p." HEIGHT="38" HPOS="489" VPOS="3431" WIDTH="44" />
<SP HEIGHT="42" HPOS="534" VPOS="3420" WIDTH="58" />
<String CONTENT="22" HEIGHT="41" HPOS="593" VPOS="3419" WIDTH="56" />
<String CONTENT="cm" CS="1" HEIGHT="22" HPOS="654" STYLE="superscript" VPOS="3422" WIDTH="16" />
<String CONTENT="." HEIGHT="8" HPOS="702" VPOS="3451" WIDTH="9" />
</TextLine>
<TextLine HEIGHT="49" HPOS="405" VPOS="3489" WIDTH="1323">
<String CONTENT="At" HEIGHT="41" HPOS="405" VPOS="3490" WIDTH="63" />
<SP HEIGHT="39" HPOS="469" VPOS="3492" WIDTH="23" />
<String CONTENT="head" HEIGHT="40" HPOS="493" VPOS="3492" WIDTH="125" />
<SP HEIGHT="40" HPOS="619" VPOS="3492" WIDTH="25" />
<String CONTENT="of" HEIGHT="40" HPOS="645" VPOS="3491" WIDTH="53" />
<SP HEIGHT="40" HPOS="699" VPOS="3491" WIDTH="23" />
<String CONTENT="title" HEIGHT="41" HPOS="723" VPOS="3490" WIDTH="109" />
<SP HEIGHT="30" HPOS="833" VPOS="3501" WIDTH="16" />
<String CONTENT=":" HEIGHT="30" HPOS="850" VPOS="3501" WIDTH="9" />
<SP HEIGHT="41" HPOS="860" VPOS="3490" WIDTH="31" />
<String CONTENT="Poems" HEIGHT="41" HPOS="892" VPOS="3490" WIDTH="170" />
<SP HEIGHT="41" HPOS="1063" VPOS="3490" WIDTH="27" />
<String CONTENT="by" HEIGHT="47" HPOS="1091" VPOS="3490" WIDTH="61" />
<SP HEIGHT="47" HPOS="1153" VPOS="3490" WIDTH="26" />
<String CONTENT="Archibald" HEIGHT="42" HPOS="1180" VPOS="3489" WIDTH="266" />
<SP HEIGHT="41" HPOS="1447" VPOS="3489" WIDTH="25" />
<String CONTENT="Rutledge." HEIGHT="49" HPOS="1473" VPOS="3489" WIDTH="255" />
</TextLine>
<TextLine HEIGHT="53" HPOS="342" VPOS="3560" WIDTH="1929">
<String CONTENT="&#169;" HEIGHT="53" HPOS="342" VPOS="3560" WIDTH="53" />
<SP HEIGHT="53" HPOS="396" VPOS="3560" WIDTH="27" />
<String CONTENT="Apr." HEIGHT="47" HPOS="424" VPOS="3565" WIDTH="114" />
<SP HEIGHT="40" HPOS="539" VPOS="3565" WIDTH="28" />
<String CONTENT="1," HEIGHT="45" HPOS="568" VPOS="3565" WIDTH="37" />
<SP HEIGHT="45" HPOS="606" VPOS="3565" WIDTH="31" />
<String CONTENT="1936;" HEIGHT="47" HPOS="638" VPOS="3564" WIDTH="142" />
<SP HEIGHT="47" HPOS="781" VPOS="3564" WIDTH="32" />
<String CONTENT="2c." HEIGHT="40" HPOS="814" VPOS="3564" WIDTH="67" />
<SP HEIGHT="39" HPOS="882" VPOS="3565" WIDTH="30" />
<String CONTENT="Nov." HEIGHT="39" HPOS="913" VPOS="3565" WIDTH="118" />
<SP HEIGHT="39" HPOS="1032" VPOS="3563" WIDTH="30" />
<String CONTENT="4;" HEIGHT="47" HPOS="1063" VPOS="3563" WIDTH="53" />
<SP HEIGHT="36" HPOS="1117" VPOS="3574" WIDTH="33" />
<String CONTENT="aff." HEIGHT="41" HPOS="1151" VPOS="3563" WIDTH="81" />
<SP HEIGHT="40" HPOS="1233" VPOS="3564" WIDTH="31" />
<String CONTENT="Nov." HEIGHT="41" HPOS="1265" VPOS="3564" WIDTH="117" />
<SP HEIGHT="42" HPOS="1383" VPOS="3563" WIDTH="33" />
<String CONTENT="5;" HEIGHT="47" HPOS="1417" VPOS="3563" WIDTH="53" />
<SP HEIGHT="46" HPOS="1471" VPOS="3564" WIDTH="31" />
<String CONTENT="A" HEIGHT="39" HPOS="1503" VPOS="3564" WIDTH="40" />
<SP HEIGHT="39" HPOS="1544" VPOS="3564" WIDTH="31" />
<String CONTENT="100275;" HEIGHT="49" HPOS="1576" VPOS="3562" WIDTH="200" />
<SP HEIGHT="47" HPOS="1777" VPOS="3564" WIDTH="34" />
<String CONTENT="Henry" HEIGHT="46" HPOS="1812" VPOS="3564" WIDTH="168" />
<SP HEIGHT="46" HPOS="1981" VPOS="3564" WIDTH="32" />
<String CONTENT="Harrison." HEIGHT="40" HPOS="2014" VPOS="3563" WIDTH="257" />
</TextLine>
<TextLine HEIGHT="49" HPOS="422" VPOS="3621" WIDTH="284">
<String CONTENT="(36-30947)" HEIGHT="49" HPOS="422" VPOS="3621" WIDTH="284" />
</TextLine>
<TextLine HEIGHT="63" HPOS="339" STYLEREFS="StyleId-7511DE66-814F-46A6-9365-C179667F37E6-" VPOS="3725" WIDTH="756">
<String CONTENT="Sabatini," HEIGHT="63" HPOS="339" VPOS="3725" WIDTH="290" />
<SP HEIGHT="62" HPOS="630" VPOS="3726" WIDTH="29" />
<String CONTENT="Rafael," HEIGHT="63" HPOS="660" VPOS="3725" WIDTH="232" />
<SP HEIGHT="57" HPOS="893" VPOS="3731" WIDTH="31" />
<String CONTENT="1875-" HEIGHT="53" HPOS="925" VPOS="3727" WIDTH="170" />
</TextLine>
<TextLine CS="1" HEIGHT="149" HPOS="341" STYLEREFS="StyleId-F83677DF-4EC7-425F-B9F7-759614086E8F-" VPOS="3798" WIDTH="1988">
<String CONTENT="The" HEIGHT="53" HPOS="411" VPOS="3802" WIDTH="122" />
<SP HEIGHT="54" HPOS="534" VPOS="3801" WIDTH="34" />
<String CONTENT="fortunes" HEIGHT="54" HPOS="569" VPOS="3801" WIDTH="264" />
<SP HEIGHT="34" HPOS="834" VPOS="3820" WIDTH="33" />
<String CONTENT="of" HEIGHT="54" HPOS="868" VPOS="3800" WIDTH="65" />
<SP HEIGHT="56" HPOS="934" VPOS="3800" WIDTH="35" />
<String CONTENT="Captain" HEIGHT="69" HPOS="970" VPOS="3800" WIDTH="251" />
<SP HEIGHT="53" HPOS="1222" VPOS="3800" WIDTH="35" />
<String CONTENT="Blood," HEIGHT="65" HPOS="1258" VPOS="3800" WIDTH="205" />
<SP HEIGHT="65" HPOS="1464" VPOS="3800" WIDTH="32" />
<String CONTENT="by" HEIGHT="68" HPOS="1497" VPOS="3800" WIDTH="75" />
<SP HEIGHT="68" HPOS="1573" VPOS="3800" WIDTH="34" />
<String CONTENT="Rafael" HEIGHT="54" HPOS="1608" VPOS="3799" WIDTH="210" />
<SP HEIGHT="56" HPOS="1819" VPOS="3799" WIDTH="37" />
<String CONTENT="Sabatini." HEIGHT="57" HPOS="1857" VPOS="3798" WIDTH="280" />
<SP HEIGHT="54" HPOS="2138" VPOS="3798" WIDTH="74" />
<String CONTENT="Boston" HEIGHT="134" HPOS="341" VPOS="3798" WIDTH="1988" />
<SP HEIGHT="34" HPOS="441" VPOS="3898" WIDTH="41" />
<String CONTENT="and" HEIGHT="53" HPOS="483" VPOS="3879" WIDTH="113" />
<SP HEIGHT="53" HPOS="597" VPOS="3879" WIDTH="38" />
<String CONTENT="New" HEIGHT="52" HPOS="636" VPOS="3880" WIDTH="141" />
<SP HEIGHT="52" HPOS="778" VPOS="3878" WIDTH="43" />
<String CONTENT="York," HEIGHT="68" HPOS="822" VPOS="3878" WIDTH="179" />
<SP HEIGHT="69" HPOS="1002" VPOS="3877" WIDTH="38" />
<String CONTENT="Houghton" HEIGHT="70" HPOS="1041" VPOS="3877" WIDTH="323" />
<SP HEIGHT="54" HPOS="1365" VPOS="3878" WIDTH="34" />
<String CONTENT="Mifflin" HEIGHT="55" HPOS="1400" VPOS="3876" WIDTH="206" />
<SP HEIGHT="35" HPOS="1607" VPOS="3896" WIDTH="39" />
<String CONTENT="company," HEIGHT="51" HPOS="1647" VPOS="3895" WIDTH="299" />
<SP HEIGHT="67" HPOS="1947" VPOS="3879" WIDTH="41" />
<String CONTENT="1936." HEIGHT="52" HPOS="1989" VPOS="3879" WIDTH="149" />
</TextLine>
<TextLine CS="1" HEIGHT="49" HPOS="408" VPOS="3964" WIDTH="638">
<String CONTENT="4" HEIGHT="39" HPOS="408" VPOS="3964" WIDTH="28" />
<SP HEIGHT="48" HPOS="437" VPOS="3964" WIDTH="29" />
<String CONTENT="p." HEIGHT="37" HPOS="467" VPOS="3975" WIDTH="42" />
<SP />
<String CONTENT="l.," CS="1" HEIGHT="16" HPOS="576" VPOS="3996" WIDTH="8" />
<SP HEIGHT="30" HPOS="585" VPOS="3983" WIDTH="32" />
<String CONTENT="[3]-240" HEIGHT="49" HPOS="618" VPOS="3964" WIDTH="180" />
<SP HEIGHT="48" HPOS="799" VPOS="3964" WIDTH="26" />
<String CONTENT="p." HEIGHT="37" HPOS="826" VPOS="3975" WIDTH="41" />
<SP HEIGHT="39" HPOS="868" VPOS="3964" WIDTH="61" />
<String CONTENT="21" HEIGHT="39" HPOS="930" VPOS="3964" WIDTH="54" />
<String CONTENT="cm" CS="1" HEIGHT="21" HPOS="989" STYLE="superscript" VPOS="3966" WIDTH="15" />
<String CONTENT="." HEIGHT="8" HPOS="1038" VPOS="3996" WIDTH="8" />
</TextLine>
<TextLine CS="1" HEIGHT="111" HPOS="342" VPOS="4033" WIDTH="1998">
<String CONTENT="&#169;" HEIGHT="54" HPOS="342" VPOS="4033" WIDTH="52" />
<SP HEIGHT="54" HPOS="395" VPOS="4033" WIDTH="28" />
<String CONTENT="Nov." HEIGHT="38" HPOS="424" VPOS="4039" WIDTH="118" />
<SP HEIGHT="39" HPOS="543" VPOS="4038" WIDTH="30" />
<String CONTENT="5," HEIGHT="48" HPOS="574" VPOS="4038" WIDTH="39" />
<SP HEIGHT="48" HPOS="614" VPOS="4038" WIDTH="30" />
<String CONTENT="1936;" HEIGHT="48" HPOS="645" VPOS="4037" WIDTH="143" />
<SP HEIGHT="47" HPOS="789" VPOS="4038" WIDTH="30" />
<String CONTENT="2c." HEIGHT="40" HPOS="820" VPOS="4038" WIDTH="67" />
<SP HEIGHT="38" HPOS="888" VPOS="4039" WIDTH="32" />
<String CONTENT="Nov." HEIGHT="39" HPOS="921" VPOS="4039" WIDTH="118" />
<SP HEIGHT="40" HPOS="1040" VPOS="4038" WIDTH="31" />
<String CONTENT="11;" HEIGHT="46" HPOS="1072" VPOS="4038" WIDTH="81" />
<SP HEIGHT="36" HPOS="1154" VPOS="4048" WIDTH="33" />
<String CONTENT="aff." HEIGHT="40" HPOS="1188" VPOS="4038" WIDTH="82" />
<SP HEIGHT="40" HPOS="1271" VPOS="4038" WIDTH="31" />
<String CONTENT="Nov." HEIGHT="40" HPOS="1303" VPOS="4038" WIDTH="118" />
<SP HEIGHT="40" HPOS="1422" VPOS="4038" WIDTH="31" />
<String CONTENT="10;" HEIGHT="49" HPOS="1454" VPOS="4036" WIDTH="81" />
<SP HEIGHT="47" HPOS="1536" VPOS="4038" WIDTH="33" />
<String CONTENT="A" HEIGHT="39" HPOS="1570" VPOS="4038" WIDTH="43" />
<SP HEIGHT="40" HPOS="1614" VPOS="4037" WIDTH="27" />
<String CONTENT="100404;" HEIGHT="49" HPOS="1642" VPOS="4036" WIDTH="200" />
<SP HEIGHT="47" HPOS="1843" VPOS="4038" WIDTH="32" />
<String CONTENT="R." HEIGHT="38" HPOS="1876" VPOS="4038" WIDTH="54" />
<SP HEIGHT="41" HPOS="1931" VPOS="4037" WIDTH="34" />
<String CONTENT="Sabatini," HEIGHT="47" HPOS="1966" VPOS="4035" WIDTH="238" />
<SP HEIGHT="46" HPOS="2205" VPOS="4036" WIDTH="33" />
<String CONTENT="Clifford," HEIGHT="110" HPOS="412" VPOS="4034" WIDTH="1928" />
<SP HEIGHT="48" HPOS="538" VPOS="4096" WIDTH="23" />
<String CONTENT="Hereforshire," HEIGHT="49" HPOS="562" VPOS="4094" WIDTH="363" />
<SP HEIGHT="47" HPOS="926" VPOS="4096" WIDTH="24" />
<String CONTENT="England." HEIGHT="47" HPOS="951" VPOS="4095" WIDTH="238" />
<SP HEIGHT="49" HPOS="1190" VPOS="4093" WIDTH="60" />
<String CONTENT="(36-30932)" HEIGHT="50" HPOS="1251" VPOS="4093" WIDTH="283" />
</TextLine>
</TextBlock>
</PrintSpace>
</Page>
</Layout>
</alto>