2519 4377
1310 4106 100 51 510

354 419 359 65 Thompson,
740 420 164 54 Ruth
932 420 251 66 Plumly,
1215 427 171 50 1893-

431 496 253 68 Captain
723 495 127 55 Salt
886 496 59 53 in
985 497 102 67 Oz,
1125 498 73 68 by
1238 499 159 52 Ruth
1436 499 235 69 Plumly
1710 500 361 69 Thompson:
2111 501 258 54 founded

358 593 71 34 on
466 575 114 52 and
617 574 340 69 continuing
990 576 96 53 the
1122 575 227 54 famous
1386 577 83 54 Oz
1501 577 204 54 stories
1740 578 76 67 by
1849 579 63 55 L.
1949 580 199 52 Frank
2182 580 188 53 Baum

421 651 1948 75 … illustrated by John R. Neill. Chicago, The Reilly & Lee
358 734 312 64 co. [ c 1936]
429 800 1174 53 5 p. l. , 17-306 p., 1 l. front., illus. 23½ cm .
428 860 291 40 Illustrated
753 860 366 48 lining-papers.

356 931 54 54 ©
444 935 114 50 Apr.
594 936 70 48 24,
700 934 119 43 1936
834 946 8 37 ;
880 934 68 45 2c.
984 937 114 48 May
1135 936 52 48 1;
1227 936 82 42 aff.
1344 937 115 49 Apr.
1496 937 83 49 29;
1619 938 42 41 A
1696 938 171 50 93930;
1906 939 162 50 Reilly
2103 940 37 41 &
2175 940 93 42 Lee
2304 951 66 31 co.

436 994 253 48 (36-9381)

354 1097 270 55 Threads
658 1097 60 54 in
752 1103 278 63 tapestry,
1068 1103 160 53 1935;
1267 1119 72 34 an
1376 1099 314 69 anthology
1724 1101 63 53 of
1823 1119 174 36 verse.
2069 1099 301 70 Compiled

427 1177 113 54 and
567 1177 192 54 edited
786 1177 76 67 by
889 1178 214 53 Rachel
1132 1178 161 64 Hall,
1318 1178 222 54 Marcia
1567 1180 71 52 A.
1669 1180 232 67 Taylor,
1932 1181 237 55 Charles
2198 1180 70 53 A.
2298 1180 71 54 A.

425 1255 237 54 Parker.
757 1255 309 68 Drawings
1136 1257 76 67 by
1278 1257 246 53 Merwin
1596 1259 127 54 Coe.
1817 1258 295 67 Medford,
2180 1260 191 66 Mass.,

426 1335 63 55 C.
516 1334 70 53 A.
613 1334 72 54 A.
714 1334 238 65 Parker,
981 1338 150 51 1935.

425 1407 1357 51 16 p. l. , 35-261 p. incl. front., illus., plates. 22 cm .
426 1464 1949 50 “1935 edition … printed by hand on American vellum ivory antique
352 1521 1443 50 deckle-edged paper … This copy is numbered 174.”
353 1591 55 53 ©
440 1595 123 42 Mar.
595 1594 70 50 16,
700 1593 115 42 1936
833 1604 8 37 ;
876 1594 67 41 2c.
978 1595 123 40 Mar.
1133 1594 55 42 18
1206 1604 9 37 ;
1251 1594 83 42 aff.
1367 1594 113 49 Apr.
1514 1593 59 41 29
1589 1605 8 38 ;
1628 1594 43 41 A
1703 1594 144 42 94218
1865 1605 9 38 ;
1911 1595 49 42 C.
1994 1596 55 41 A.
2082 1595 55 43 A.
2172 1596 200 40 Parker.

353 1715 196 64 Trine,
578 1714 193 66 Ralph
801 1713 223 65 Waldo,
1059 1720 173 50 1866-

428 1793 122 54 The
588 1792 144 54 Man
769 1792 128 55 who
935 1791 194 68 knew;
1169 1791 129 55 how
1336 1792 71 55 he
1443 1791 254 70 brought
1732 1791 98 54 the
1867 1792 148 69 good
2055 1811 152 35 news
2246 1793 127 53 that

355 1870 97 54 the
486 1871 282 69 kingdom
804 1869 64 56 of
904 1870 130 56 God
1068 1872 49 53 is
1153 1868 205 56 within
1393 1889 84 50 us,
1513 1871 114 53 and
1663 1891 82 34 we
1779 1889 133 50 may
1947 1875 108 65 put
2088 1873 283 52 ourselves

357 1948 1953 71 in tune with the centre of life. By Ralph Waldo Trine …
356 2027 1994 70 Indianapolis. New York, The Bobbs-Merrill company [ c 1936]
424 2103 29 40 4
478 2115 44 38 p.
584 2134 9 17 l.,
621 2102 176 41 11-204
821 2113 45 39 p.
924 2102 58 41 21
985 2105 46 22 cm
1033 2134 10 10 .

428 2161 164 41 “First
620 2159 229 43 edition.”

356 2230 2015 54 © Apr. 6, 1936 ; 2c. Apr. 10 ; aff. Apr. 9 ; A 93602, ; R. W . Trine, Hermosa
425 2293 177 47 Beach,
631 2290 147 43 Calif.
842 2290 254 50 (36-9413)

354 2396 348 65 Trueblood,
730 2395 191 55 David
950 2394 195 56 Elton.

425 2468 1881 72 The essence of spiritual religion, by D. Elton Trueblood …
355 2547 2013 72 with a foreword by Willard L. Sperry … [New York] Harper
354 2630 114 53 and
499 2630 281 67 brothers,
812 2631 151 51 1936.

425 2703 97 49 xiv,
551 2703 86 41 156
663 2714 43 38 p.
767 2702 57 41 19½
856 2705 44 21 cm
904 2734 8 8 .

358 2773 53 54 ©
445 2778 115 48 Apr.
595 2776 71 47 23,
702 2776 142 47 1936;
882 2776 68 41 2c.
987 2775 114 50 Apr.
1135 2775 83 47 22:;
1257 2773 83 43 aff.
1376 2775 115 49 Apr.
1526 2775 83 48 25;
1648 2776 41 39 A
1726 2775 172 48 93795;
1938 2777 195 48 Harper
2171 2778 37 39 &
2243 2778 125 40 bros.

436 2833 255 50 (36-9449)

356 2938 354 64 University
760 2937 63 54 of
876 2936 260 66 Chicago
1187 2938 348 53 conference
1586 2955 73 35 on
1711 2937 276 55 business
2038 2938 330 64 education,

429 3018 270 65 Chicago.

428 3094 270 56 Business
749 3094 300 53 education
1101 3095 111 52 and
1265 3112 202 49 money
1517 3099 426 63 management;
1998 3095 370 68 proceedings

357 3174 63 54 of
446 3173 97 54 the
569 3173 340 66 University
937 3173 62 53 of
1029 3172 252 68 Chicago
1311 3173 330 53 conference
1669 3192 71 34 on
1767 3173 256 53 business
2050 3173 318 68 education,

360 3256 149 51 1935.
577 3251 272 67 Chicago,
878 3250 113 67 Ill.,
1021 3252 121 52 The
1172 3249 338 70 University
1540 3251 62 53 of
1635 3250 252 69 Chicago
1916 3271 158 48 press
2109 3285 12 34 [
2126 3258 17 21 c
2151 3255 150 64 1936]

426 3325 520 49 4 p. l. , 115 p. 23 cm .
357 3378 53 53 ©
437 3384 113 39 Dec.
577 3384 71 46 31,
677 3381 140 42 1935:
848 3382 66 40 2c.
944 3382 112 47 Apr.
1088 3381 69 47 17,
1188 3381 141 46 1936;
1362 3380 81 41 aff.
1473 3381 114 48 Apr.
1616 3381 83 47 20;
1730 3382 39 39 A
1799 3381 170 47 94003;
2005 3380 283 50 University
2318 3382 53 40 of

428 3440 223 46 Chicago,
687 3439 223 47 Chicago.

359 3541 173 65 Varè,
563 3540 263 68 Daniele,
861 3548 170 50 1880-

428 3620 123 52 The
595 3621 115 52 last
752 3619 64 54 of
859 3620 97 52 the
997 3638 308 49 empresses
1351 3619 112 52 and
1510 3619 93 53 the
1651 3617 235 71 passing
1932 3617 154 54 from
2131 3619 95 53 the
2272 3619 96 54 old

359 3699 186 54 China
572 3703 58 48 to
658 3698 98 54 the
779 3717 141 47 new,
945 3698 74 69 by
1045 3697 240 54 Daniele
1312 3698 169 53 Varè.
1544 3698 260 62 London,
1829 3698 57 54 J.
1913 3698 244 68 Murray
2212 3701 133 49 [1936]

429 3773 102 47 xiii,
562 3773 88 41 258
680 3785 42 36 p.
782 3773 149 40 front,
962 3772 172 50 (port.)
1176 3773 128 39 illus.
1333 3771 134 49 (incl.
1497 3773 139 47 plan)
1678 3773 171 49 plates.
1909 3773 56 40 23
1968 3775 44 22 cm
2019 3805 9 9 .

428 3829 212 42 Initials.

430 3887 165 41 “First
617 3885 231 43 edition.”

358 3940 52 54 ©
439 3946 65 38 1c.
536 3945 112 47 Apr.
680 3944 68 44 15,
779 3944 139 40 1936:
952 3944 38 39 A
1021 3945 59 38 ad
1113 3943 84 40 int.
1229 3943 143 41 21317
1391 3953 8 31 :
1435 3943 142 47 pubd.
1611 3942 110 41 Feb.
1752 3943 81 41 18:
1868 3943 300 47 Doubleday.
2199 3942 164 40 Doran

464 3999 1107 51 & co., inc., Garden City, N. Y. (36-9829)
