2519 4377
998 4096 131 48 1253

148 544 127 40 “The
301 545 116 38 New
446 544 130 39 York
604 547 86 37 tax
717 546 108 46 law,
854 544 199 48 chapter
1080 544 56 40 60
1165 545 51 40 of
1245 545 82 41 the
1354 545 339 41 Consolidated
1722 546 119 39 laws
1870 545 49 39 of
1950 546 115 38 New

81 601 138 46 York,
249 601 292 47 reproduced
567 600 168 41 herein
760 600 45 40 is
829 611 28 29 a
884 600 188 48 reprint
1097 601 51 40 of
1173 601 81 39 the
1283 601 371 48 corresponding
1682 601 199 47 chapter
1908 600 47 40 in
1987 602 79 39 the

81 657 89 38 law
197 655 205 41 division
429 656 51 40 of
505 657 81 39 the
608 657 117 39 New
750 657 129 40 York
904 659 85 38 tax
1016 656 193 41 service.
1270 657 100 39 The
1397 656 271 41 mechanics
1697 657 51 39 of
1776 656 79 40 the
1884 657 182 39 service

79 710 188 42 include
290 712 120 40 back
434 712 247 41 reference
702 713 127 39 from
854 712 80 41 the
957 714 95 38 law
1075 715 49 38 to
1150 713 82 40 the
1253 712 275 48 paragraph
1556 711 51 41 of
1632 713 81 39 the
1738 712 182 40 service
77 722 1970 93 compilation

313 769 94 39 and
444 769 135 40 these
610 769 276 48 paragraph
919 768 226 41 numbers
1180 778 84 30 are
1298 767 258 49 permitted
1596 773 46 35 to
1679 768 184 40 remain
1903 767 46 39 in
1987 768 79 40 the

77 824 246 47 following
357 824 559 48 reprint.”—Foreword.

77 887 53 52 ©
168 892 118 46 Aug.
325 892 69 47 27,
434 893 139 47 1936;
614 893 68 39 2c.
723 893 94 39 and
858 893 81 41 aff.
982 894 127 46 Sept.
1148 894 26 39 3;
1245 894 40 37 A
1323 891 171 49 98281;
1539 892 275 41 Commerce
1852 891 217 47 clearing

145 948 162 49 house,
336 949 89 40 inc.
491 948 279 51 (36-19533)

74 1052 344 63 Cosmovox,
445 1053 105 53 ltd.

145 1127 341 67 Cosmovox;
537 1129 510 66 English-French.
1129 1128 273 68 [London,
1449 1129 333 66 Cosmovox,
1826 1127 241 67 limited,

75 1209 149 62 1936]

141 1277 281 47 cover-title,
457 1277 53 39 12
543 1287 44 38 p.
649 1278 59 39 16
706 1280 46 21 cm
756 1308 8 8 .

144 1334 123 39 Text
297 1344 59 29 on
386 1334 90 39 end
509 1335 162 39 sheets
701 1334 83 40 not
816 1334 224 40 included
1071 1333 51 40 in
1152 1332 297 49 pagination.

74 1399 1992 52 © 1c. July 16, 1936; A ad int. 21860; pubd. June 19; Cosmovox, ltd.
73 1562 262 65 Cottrell,
361 1563 138 53 Mrs.
525 1563 289 64 Dorothy.

140 1640 176 52 Little
342 1640 209 54 fellow.

151 1712 80 48 (In
263 1709 182 43 Nash’s
474 1709 108 43 Pall
616 1708 119 43 mall
765 1708 275 52 magazine,
1075 1708 151 52 Sept.,
1261 1710 143 49 1936)

72 1777 1996 52 © 1c. Oct. 14, 1936; A ad int. 21894; pubd. Aug. 18; Hearst magazines,
143 1838 104 47 inc.,
279 1839 117 38 New
426 1838 144 40 York.

74 1940 238 63 Cowles,
338 1940 253 54 William
618 1941 206 63 Henry
850 1940 308 64 Harrison,
1188 1945 171 50 1891-

146 2018 52 51 A
237 2024 122 48 text
395 2017 146 53 book
579 2016 64 54 of
681 2018 414 67 trigonometry
1136 2017 95 53 for
1268 2017 240 67 colleges
1547 2017 111 52 and
1700 2016 368 68 engineering

75 2096 233 66 schools,
334 2096 74 66 by
434 2095 260 53 William
721 2095 77 52 H.
825 2095 76 52 H.
934 2094 218 55 Cowles
1180 2096 112 51 and
1322 2095 192 54 James
1544 2095 67 51 E.
1640 2095 328 66 Thompson
2006 2138 55 8 ...

79 2174 133 52 New
248 2173 177 63 York,
458 2173 70 52 D.
564 2173 129 54 Van
724 2172 291 54 Nostrand
1048 2190 296 49 company,
1378 2173 126 66 inc.,
1540 2174 149 51 1936.

180 2244 810 50 x, 373 p. illus., diagrs. 23 ½cm .
143 2302 280 41 “Answers”;
483 2313 41 38 p.
553 2302 217 41 353-373.

74 2368 52 52 ©
157 2372 125 39 June
312 2372 70 47 25,
413 2372 113 40 1936;
585 2371 67 41 2c.
687 2372 95 39 and
813 2372 81 40 aff.
928 2372 119 46 Aug.
1079 2371 55 39 12;
1196 2371 42 39 A
1269 2371 144 40 96886;
1475 2372 56 39 D.
1564 2371 107 40 Van
1702 2372 249 39 Nostrand
1984 2381 82 39 co.,

143 2429 89 41 inc.
299 2427 279 50 (36-19546)

72 2531 295 65 Danszky,
396 2532 238 53 Eduard
660 2531 163 62 Paul,
853 2536 171 50 1884-

149 2651 56 9 ...
242 2608 154 51 Frau
431 2606 177 67 Chef;
641 2606 91 54 ein
765 2624 199 35 roman
998 2625 99 33 aus
1131 2606 99 52 der
1262 2604 589 70 porzellanindustrie.
75 2606 1967 130 Berlin

213 2689 119 62 [etc.]
373 2685 63 51 P.
471 2684 261 67 Zsolnay,
766 2686 149 51 1936.

142 2754 99 48 408,
278 2755 54 49 [1]
365 2766 43 37 p.
469 2754 55 40 19
528 2756 42 21 cm
575 2786 10 9 .

72 2823 1994 53 © Feb. 20, 1936; 1c. Aug. 18; A-Foreign 32705; Paul Zsolnay verlag,
142 2894 41 38 g.
210 2894 60 31 m.
298 2885 41 41 b.
367 2884 44 39 h.
478 2882 280 51 (36-19596)

74 2990 206 64 David,
306 2989 318 64 Alphonse.

151 3109 53 9 ...
252 3065 255 55 Stations
545 3084 110 34 aux
696 3064 452 55 “Notre-Dame”
1189 3067 67 52 de
1296 3066 195 67 Paris;
1534 3066 424 68 lettre-préface
1998 3068 67 53 de

75 3162 39 33 s.
151 3144 42 51 é.
231 3144 50 51 le
317 3144 255 54 cardinal
605 3143 258 54 Verdier.
955 3144 184 66 Paris,
1175 3144 247 67 Desclée,
1459 3144 71 53 de
1564 3145 274 52 Brouwer
1876 3149 53 49 et
1967 3146 97 53 cie.

80 3225 169 63 [1936]

139 3293 628 50 3 p. l., [9]-268 p. 19 cm .
141 3350 208 41 Articles
374 3361 60 29 on
459 3350 80 40 the
563 3350 168 48 parish
756 3350 233 41 churches
1014 3350 50 40 of
1087 3350 142 40 Paris
1255 3350 250 41 dedicated
1532 3353 48 38 to
1607 3351 81 40 the
1712 3349 171 50 Virgin
1909 3353 155 47 Mary.

144 3407 148 40 “Note
320 3405 443 50 bibliographique”;
824 3416 43 38 p.
904 3406 85 50 [17]

73 3471 1994 54 © Apr. 18, 1936; 1c. May 21; A-Foreign 31878; Desclée, de Brouwer
143 3534 47 38 et
217 3532 84 42 cie.
368 3531 278 50 (36-19433)

74 3636 207 63 Derys,
311 3636 241 63 Gaston,
582 3636 171 55 1875-

146 3710 138 53 Mon
324 3711 232 53 docteur
593 3710 51 54 le
684 3712 114 52 vin.
872 3709 335 70 Aquarelles
1247 3712 68 53 de
1354 3712 187 52 Raoul
1582 3711 184 68 Dufy,
1805 3717 150 48 texte
1996 3712 68 53 de

79 3786 216 54 Gaston
325 3787 199 68 Derys.
606 3787 201 68 [Paris,
838 3788 256 68 Draeger
1128 3788 195 67 frères,
1356 3791 151 64 1936]

146 3845 1549 62 2 p. l., [40] p. illus. (part col.; incl. facsim.) 32 × 26 cm .
76 3925 1989 55 © Jan. 30, 1936; 1c. Apr. 9; A-Foreign 31344; Draeger frères,
143 3988 283 45 Montrouge
470 3988 189 48 (Seine)
701 3989 199 41 France.
968 3988 279 49 (36-19405)
