2519 4377
1017 4112 100 50 125

71 467 320 64 Cummins,
417 468 158 53 Julia
601 469 73 53 H.

137 546 224 51 Flower
407 545 215 66 garden
673 544 240 66 primer;
967 563 79 44 or,
1096 543 336 67 Gardening
1480 544 244 52 without
1773 548 166 61 tears,
1989 544 74 66 by

69 621 1995 66 Julia H. Cummins … drawings by Bryan J. Lynch. New
70 700 175 59 York,
272 700 119 51 The
417 698 334 53 Macmillan
777 716 296 49 company,
1101 702 150 49 1936.

165 770 1240 51 x p., 2 l., 333 p. front., illus., plates, plan. 22½cm.
65 837 51 53 ©
142 842 109 40 Jan.
278 842 39 46 7,
345 841 140 46 1936;
514 841 67 40 2c.
609 841 96 39 and
732 838 82 43 aff.
844 840 109 41 Jan.
982 840 52 47 8;
1064 840 42 39 A
1131 838 171 49 91099;
1333 838 281 42 Macmillan
1641 849 67 30 co.

147 898 278 47 (36-27054)

68 1002 180 63 Dean,
280 1001 222 53 Robert
534 1001 246 63 George.

198 1074 1868 69 … The Sutton place murders … Garden City, N. Y., Pub.
68 1156 92 51 for
182 1155 95 52 the
306 1154 191 55 Crime
523 1153 146 63 club,
697 1152 125 64 inc.,
848 1154 73 62 by
950 1153 356 63 Doubleday,
1333 1154 197 51 Doran
1560 1155 48 50 &
1632 1171 99 45 co.,
1756 1154 127 62 inc.,
1915 1155 151 50 1936.

136 1226 465 50 4 p. l., 276 p. 19½cm.
140 1283 162 41 “First
336 1282 225 42 edition.”

65 1342 52 53 ©
142 1347 108 40 Feb.
278 1349 38 45 7,
342 1346 113 40 1936;
511 1347 65 40 2c.
709 1379 7 7 Feb.
743 1345 55 40 25;
853 1346 42 39 A
919 1344 142 41 90953;
1118 1346 299 47 Doubleday,
1444 1346 169 38 Doran
1639 1345 35 40 &
1701 1355 82 38 co.,
1811 1346 91 39 inc.

142 1404 249 47 (36-5103)

68 1507 83 52 De
178 1505 198 64 Kruif,
403 1507 145 52 Paul
574 1507 223 63 Henry,
829 1511 170 49 1890-

134 1582 154 68 Why
315 1581 141 69 keep
485 1581 157 54 them
670 1580 182 55 alive?
920 1581 89 69 By
1040 1581 147 53 Paul
1215 1580 87 54 De
1331 1579 204 70 Kruif,
1561 1580 61 53 in
1653 1578 412 55 collaboration

67 1659 138 54 with
237 1660 159 53 Rhea
428 1660 88 53 De
548 1659 201 54 Kruif.
820 1660 139 53 New
994 1659 180 68 York,
1208 1659 312 69 Harcourt,
1555 1660 180 53 Brace
1771 1659 112 53 and
64 1675 1978 132 company
428 1770 14 35 [c1936]

136 1810 580 50 6 p. l., 3-293 p. 22 cm .
142 1868 160 41 “First
330 1868 227 41 edition.”

66 1923 52 53 ©
140 1929 120 39 Mar.
286 1928 38 42 5,
349 1927 139 48 1936;
513 1927 67 41 2c.
604 1929 97 39 and
725 1928 82 41 aff.
832 1929 121 39 Mar.
980 1927 81 48 10;
1088 1928 41 39 A
1151 1926 144 42 93106;
1349 1928 261 46 Harcourt,
1636 1929 155 40 Brace
1815 1927 37 41 &
1873 1938 84 38 co.,
1976 1930 92 39 inc.

143 1984 254 48 (36-27090)

68 2088 326 65 Devereux,
428 2089 316 52 Frederick
776 2089 287 64 Leonard,
1098 2094 170 49 1882-

135 2166 121 53 The
291 2166 358 53 educational
684 2165 225 68 talking
943 2166 238 67 picture,
1215 2166 75 67 by
1324 2166 311 54 Frederick
1667 2167 64 53 L.
1768 2167 298 53 Devereux

165 2242 1901 70 …in collaboration with Nickolaus L. Engelhardt … Paul R.
67 2321 2001 70 Mort … [and] Alexander J. Stoddard … and V. C. Arnspiger
129 2399 1938 68 … Howard G. Stokes … M. R. Brunstetter … [and] Laura
69 2478 1999 69 Krieger Eads … of Erpi picture consultants, inc. Chicago,
70 2557 110 61 Ill.,
207 2556 121 52 The
352 2555 336 66 University
715 2555 62 53 of
806 2556 251 66 Chicago
1083 2574 158 48 press
1272 2559 173 64 [1935]

141 2627 104 48 xiii,
278 2626 85 40 222
397 2637 42 37 p.
472 2627 109 40 incl.
612 2628 146 47 illus.,
793 2629 153 47 plans,
980 2627 193 49 diagrs.,
1204 2627 169 43 forms,
1433 2629 172 48 plates.
1664 2628 59 40 22½
1753 2630 44 22 cm
1802 2659 8 10 .

143 2685 213 40 “Second
376 2684 226 43 edition.”

67 2738 52 53 ©
150 2743 111 39 Dec.
287 2742 42 48 3,
359 2742 114 40 1935;
533 2742 67 40 2c.
633 2743 112 39 Dec.
776 2742 54 40 23;
893 2742 81 40 aff.
1007 2743 110 40 Jan.
1148 2743 68 46 18,
1248 2741 118 42 1936;
1424 2743 42 39 A
1496 2742 147 41 90339;
1704 2743 282 49 University
2019 2745 52 39 of

139 2799 221 48 Chicago,
403 2799 222 47 Chicago.
701 2798 280 50 [Copyright
1022 2799 42 39 is
1107 2799 204 40 claimed
1352 2810 62 29 on
1454 2799 330 41 illustrations
1825 2801 95 39 and
1963 2810 106 30 new

135 2858 193 48 matter]
396 2855 280 50 (36-27010)

70 2959 262 63 Dimock,
359 2960 287 52 Marshall
673 2961 272 62 Edward,
976 2965 171 49 1903-

139 3036 357 68 Developing
548 3037 312 54 America’s
916 3042 359 62 waterways;
1335 3036 464 55 administration
1854 3037 63 53 of
1973 3038 95 52 the

71 3115 1935 66 Inland waterways corporation, by Marshall E. Dimock …
74 3192 267 66 Chicago,
374 3192 113 64 Ill.,
519 3192 120 52 The
732 3191 277 67 University
1043 3192 62 52 of
1138 3192 252 67 Chicago
1423 3211 157 48 press
1619 3195 172 64 [1935]

205 3296 9 15 xv,
239 3264 85 40 123
348 3275 42 37 p.
449 3263 130 41 illus.
615 3264 159 48 (map)
808 3264 75 49 pi.,
911 3263 179 49 diagrs.
1149 3264 55 39 22
1208 3267 44 20 cm
1257 3296 9 8 .
1332 3264 298 49 (Half-title:
1658 3264 195 41 Studies
1880 3264 52 39 in
69 3266 1984 95 public
159 3320 410 41 administration,
623 3322 92 39 vol.
805 3320 13 47 IV)

142 3379 185 46 Mainly
371 3378 83 40 the
497 3380 165 45 report
705 3377 53 40 of
800 3388 27 29 a
874 3388 177 37 survey
1094 3378 140 39 made
1280 3380 48 38 to
1377 3378 256 47 Secretary
1677 3378 53 39 of
1774 3387 102 31 war
1922 3379 148 40 Dern.

71 3435 58 47 of.
159 3435 128 40 Pref.

142 3492 184 40 “Select
355 3490 365 48 bibliography”:
779 3501 43 37 p.
851 3490 216 41 116-117.

72 3543 51 53 ©
151 3549 101 40 Oct.
280 3547 68 48 29,
378 3547 111 40 1935;
547 3548 67 40 2c.
643 3548 121 39 Mar.
793 3548 69 47 24,
892 3547 117 41 1936;
1063 3547 82 41 aff.
1174 3549 122 39 Mar.
1324 3547 56 41 25;
1438 3549 41 38 A
1506 3548 147 41 92530;
1708 3547 283 48 University
2020 3547 51 41 of

142 3605 221 49 Chicago,
398 3604 222 48 Chicago.
691 3604 280 48 (35-27402)

76 3706 314 65 Edmonds,
425 3709 206 62 Henry
663 3707 233 64 Morris,
934 3709 169 54 1878-

146 3784 120 52 The
301 3802 143 49 way,
479 3785 95 52 the
609 3785 179 66 truth,
825 3785 111 52 and
971 3785 96 52 the
1097 3780 108 56 life
1343 3817 13 34 [by]
1398 3786 204 66 Henry
1636 3785 80 52 M.
1755 3784 312 53 Edmonds.

77 3861 309 59 Nashville,
417 3863 329 66 Cokesbury
774 3879 156 50 press
964 3897 12 32 [
980 3869 18 21 c
1004 3866 151 63 1936]

146 3934 86 40 216
251 3945 43 37 p.
354 3934 55 40 19½c
458 3937 26 20 m
491 3968 7 8 .

75 3986 51 52 ©
157 3991 107 39 Jan.
296 3992 40 41 3.
367 3990 139 47 1936;
540 3991 67 40 2c.
640 3992 109 39 Jan.
782 3991 55 40 27:
899 3991 81 40 aff.
1014 3992 111 39 Feb.
1158 3992 52 47 1;
1245 3992 43 39 A
1318 3990 170 48 91722;
1524 3990 270 42 Whitmore
1826 3991 37 40 &
1898 3989 171 50 Smith,

143 4048 262 40 Nashville.
476 4047 250 49 (36-5077)
