2519 4377
1034 4113 131 50 1043

123 463 233 64 Crumb,
387 462 314 53 Frederick
730 464 88 52 W.

191 552 139 51 Tom
365 549 202 68 Quick,
600 550 157 69 early
790 549 323 67 American,
1147 549 76 69 by
1255 548 309 54 Frederick
1592 549 92 54 W.
1722 548 242 68 Crumb;
2004 550 108 53 end

122 646 202 51 papers
367 628 111 52 and
525 628 353 53 decorations
921 628 74 69 by
1039 627 185 52 Helen
1268 627 67 55 E.
1384 626 210 54 Banks.
1674 626 436 70 Narrowsburg,

121 706 67 53 N.
215 707 89 67 Y.,
331 706 121 52 The
476 705 297 53 Delaware
800 705 188 69 valley
1013 722 173 51 press,
1215 707 150 50 1936.

189 788 1484 52 2 p. l., iv p., 1 l., 85 p., 1 l. front. (port.) plates. 20 cm .
191 862 290 40 “Reference
521 860 227 41 material
786 862 96 39 and
923 861 142 40 items
1107 859 53 42 of
1197 859 289 41 Americana
1526 859 157 40 which
1726 861 195 39 contain
117 859 1977 100 references
279 921 47 38 to
351 918 118 40 Tom
498 917 209 48 Quick”:
736 918 25 39 1
790 917 102 40 leaf
916 919 52 38 at
996 918 105 39 end.

122 988 1990 52 © June 20, 1936; 2c. and aff. July 6; A 95931; Arthur N. Meyers,
192 1048 364 46 Narrowsburg,
586 1048 56 41 N.
672 1048 52 40 Y.
792 1046 279 50 (36-14560)

120 1151 365 62 Culbertson,
522 1150 128 63 Ely,
686 1154 169 50 1891-

189 1239 269 54 Contract
495 1238 203 69 bridge
737 1238 301 68 complete;
1083 1237 121 54 The
1246 1237 136 69 gold
1421 1237 147 55 book
1610 1236 65 56 of
1711 1237 246 70 bidding
1997 1238 109 53 and

121 1313 1988 71 play, by Ely Culbertson … Philadelphia, Chicago, The John
118 1393 60 55 C.
209 1394 264 53 Winston
505 1410 297 51 company,
836 1395 150 51 1936.

182 1477 931 49 xxx, 608 p. front. (port.) 17½cm.
184 1548 123 41 Text
338 1559 60 29 on
433 1547 358 49 lining-papers.

119 1617 1991 52 © June 30, 1936; 2c. and aff. July 25; A 97150; John C. Winston co.
200 1677 278 48 (36-17463)

187 1775 381 55 Culbertson’s
608 1794 290 51 summary
936 1775 64 55 of
1038 1781 255 48 contract
1330 1775 231 70 bridge;
1602 1795 123 35 new
1769 1776 341 55 Culbertson

115 1858 206 63 system
362 1873 58 34 as
461 1854 296 67 presented
798 1853 61 53 in
898 1854 97 53 the
1034 1852 152 56 Gold
1224 1853 148 53 book
1409 1853 64 54 of
1513 1853 245 70 bidding
1798 1855 113 53 and
1954 1854 156 69 play,

116 1929 1992 71 by Ely Culbertson … Philadelphia, Chicago, The John C.
117 2006 261 56 Winston
408 2027 298 51 company,
738 2011 149 51 1936.

184 2093 56 41 80
272 2104 42 38 p.
374 2094 55 40 15
433 2097 43 20 cm
480 2125 8 9 .

184 2163 123 41 Text
335 2174 59 30 on
418 2174 42 37 p.
507 2164 41 49 [2]
578 2165 99 39 and
704 2163 57 51 [3]
788 2164 52 40 of
866 2173 153 31 cover.

119 2231 53 54 ©
207 2235 114 48 July
357 2237 38 47 1,
433 2234 138 49 1936;
611 2234 67 43 2c.
716 2235 95 40 and
850 2235 82 41 aff.
969 2235 114 47 July
1118 2235 82 47 25;
1239 2237 41 38 A
1316 2234 170 49 97149;
1528 2235 128 42 John
1694 2236 48 41 C.
1782 2235 225 43 Winston
2043 2246 68 31 co.

192 2293 278 49 [Copyright
501 2294 39 37 is
571 2293 205 40 claimed
806 2302 59 29 on
895 2292 238 40 revisions
1165 2292 94 39 and
1291 2292 259 41 additions!

198 2349 278 49 (36-17462)

119 2453 208 63 Dixon,
356 2454 181 53 Ruth.

194 2543 115 68 Yip
338 2544 111 52 and
479 2543 158 68 Yap;
670 2543 394 68 photographs
1091 2543 76 64 by
1192 2542 198 68 Harry
1419 2542 274 53 Whittier
1722 2544 197 66 Frees;
1951 2548 156 62 story

122 2621 70 67 by
236 2621 158 51 Ruth
437 2620 206 52 Dixon.
721 2619 137 55 New
901 2619 178 67 York,
1123 2617 251 71 Chicago
1424 2625 137 63 [etc.]
1610 2620 186 59 Rand,
1838 2621 269 68 McNally

120 2699 44 49 &
201 2716 276 50 company
521 2731 12 34 [
538 2704 17 22 c
560 2699 152 66 1936]

193 2780 83 51 [33]
312 2792 43 37 p.
416 2781 127 39 illus.
602 2781 56 39 21
677 2791 31 28 x
726 2781 55 40 19
784 2783 43 21 cm
834 2816 8 8 .

193 2852 285 39 Illustrated
509 2852 360 47 lining-papers.

121 2921 52 53 ©
200 2926 114 46 July
339 2926 68 46 30,
434 2926 139 45 1936;
601 2926 66 40 2c.
695 2926 93 39 and
815 2925 81 41 aff.
924 2926 118 46 Aug.
1069 2926 52 46 5;
1150 2927 39 37 A
1216 2924 169 47 96732;
1417 2926 153 48 Rand,
1600 2927 223 47 McNally
1849 2928 36 39 &
1908 2936 69 32 co.

199 2982 278 48 (36-17478)

119 3086 119 52 Dos
265 3087 233 62 Passos,
527 3086 173 64 John,
731 3091 170 49 1896-

122 3173 1961 147 … The big money. New York, Harcourt, Brace and company [ c 1936]
191 3336 99 48 viii,
319 3336 83 40 561
432 3347 42 37 p.
535 3335 54 41 19½cm.

193 3407 159 39 “First
387 3406 225 41 edition.”

123 3475 1988 53 © Aug. 6, 1936; 2c. and aff. Aug. 8; A 97327; J. Dos Passos, Province-
194 3539 139 47 town,
368 3538 144 39 Mass.
584 3536 279 47 (36-17476)

122 3640 308 64 Etherton,
460 3641 186 62 Percy
674 3640 273 65 Thomas,
980 3643 168 53 1879-

190 3730 1857 68 The trail of the conquerors [by Colonel P. T. Etherton …
122 3807 1817 66 and Vernon Barlow … London, Jarrolds, limited, 1936.
189 3878 85 40 286
300 3891 43 37 p.
397 3879 163 47 front.,
587 3880 171 48 plates,
785 3881 118 42 fold.
931 3891 124 38 map.
1112 3879 54 39 22
1170 3883 44 21 cm
1218 3912 9 9 .

124 3945 1984 53 © 1c. June 25, 1936; A ad int. 21662; pubd. Apr. 30; P. T. Etherton
191 4007 94 38 and
311 4008 189 38 Vernon
529 4008 204 47 Barlow,
759 4008 210 40 London.
1034 4007 279 48 (36-17820)
