2519 4377
1318 4136 103 50 410

371 529 1993 100 xxxiii, [1], 420, [1] p. front., plates, ports. 18 ½ cm. ( Half-title ; Appleton
485 589 201 40 modern
715 588 260 41 literature
1009 588 176 49 series)

445 645 191 41 “Books
670 647 259 47 suggested
960 645 79 41 for
1073 648 398 46 supplementary
1505 645 231 49 reading”;
1801 657 44 38 p.
1878 645 238 50 407-[408]

371 712 53 53 ©
454 717 122 40 Mar.
606 717 40 47 5,
677 715 114 41 1936;
849 716 68 41 2c.
948 717 97 39 and
1075 713 81 44 aff.
1189 718 121 38 Mar.
1342 718 26 39 7;
1427 718 44 38 A
1496 715 144 42 93091;
1702 717 58 40 D.
1791 716 479 49 Appleton-Century
2300 726 84 37 co.,

440 774 90 40 inc.
594 773 283 50 [Copyright
909 774 41 39 is
981 774 205 39 claimed
1218 784 60 29 on
1307 784 106 30 new
1444 776 195 46 matter]
1712 772 252 49 (36-8578)

369 876 209 65 Miller,
604 877 157 54 John
789 877 318 55 Goodrum.

441 954 122 54 The
590 953 186 55 Black
804 953 173 71 patch
1007 973 136 50 war,
1169 954 76 70 by
1272 954 161 55 John
1460 954 68 57 G.
1557 952 213 57 Miller.
1835 954 221 70 Chapel
2084 953 149 67 Hill,
2260 954 124 53 The

370 1032 341 71 University
738 1033 65 54 of
830 1033 190 54 North
1049 1032 274 57 Carolina
1353 1052 174 50 press,
1557 1037 152 50 1936.

471 1106 531 51 v p., 1 l., 87 p. 22cm.
370 1174 53 53 ©
454 1178 111 41 Feb.
597 1178 39 46 1,
668 1177 142 48 1936;
842 1178 68 40 2c.
942 1179 109 39 Jan.
1084 1177 82 48 30;
1202 1177 81 41 aff.
1317 1179 110 40 Feb.
1459 1178 53 47 6;
1546 1179 41 39 A
1618 1177 172 48 90621;
1826 1176 285 50 University
2143 1177 54 40 of
2226 1177 160 41 North

438 1235 232 41 Carolina
699 1245 151 39 press.
924 1235 253 49 (36-8637)

368 1339 229 66 Milton,
624 1339 176 65 John,
829 1341 328 55 1608-1674.

438 1416 261 54 Milton’s
747 1416 187 53 minor
983 1435 210 50 poems,
1239 1415 283 69 compiled
1567 1417 76 67 by
1690 1417 145 52 Tom
1882 1417 170 52 Peete
2102 1415 168 55 Cross
2323 1458 56 10 ...

368 1495 327 54 illustrated
719 1495 76 67 by
823 1495 356 69 Marguerite
1211 1495 326 68 Benjamin.
1606 1497 236 65 Boston,
1871 1495 140 53 New
2043 1494 165 52 York
2258 1498 121 63 [etc.]

367 1574 156 55 Ginn
552 1575 114 53 and
694 1592 282 51 company
1008 1607 13 34 [
1025 1582 19 20 c
1049 1578 153 64 1936]

439 1649 100 45 viii,
571 1649 99 48 129,
703 1650 54 49 [1]
789 1661 42 37 p.
860 1650 110 40 incl.
999 1650 150 42 front,
1207 1650 172 48 plates,
1406 1650 150 48 ports.
1611 1649 147 41 19½cm.

369 1715 53 52 ©
446 1719 111 41 Feb.
581 1719 69 46 24,
679 1718 112 41 1936;
847 1719 68 41 2c.
941 1720 114 47 Apr.
1082 1719 25 40 6;
1163 1718 81 41 aff.
1270 1720 114 47 Apr.
1409 1719 26 39 2;
1492 1720 41 38 A
1558 1718 145 41 93564;
1760 1719 126 40 Ginn
1913 1719 35 40 &
1975 1729 67 32 co.
2101 1717 282 50 [Copyright

438 1776 41 40 is
509 1776 208 40 claimed
746 1788 60 29 on
832 1776 211 49 preface,
1074 1776 348 47 introduction,
1452 1780 153 42 notes,
1634 1776 276 40 discussion
1939 1776 149 46 hints,
2119 1774 264 49 questions,

441 1836 135 44 tests,
614 1834 290 47 dictionary,
942 1832 344 50 illustrations,
1324 1834 60 48 by
1421 1834 118 39 Tom
1576 1834 145 40 Peete
1758 1833 160 49 Cross]

449 1891 228 47 (36-8554)

367 1995 121 52 The
518 1995 245 53 modern
795 1995 403 68 encyclopedia;
1260 2014 31 33 a
1321 2014 123 35 new
1474 1994 220 68 library
1724 1994 64 54 of
1818 1994 182 53 world
2029 1993 352 67 knowledge,

438 2072 278 68 complete
768 2073 60 52 in
877 2091 105 36 one
1032 2074 253 54 volume;
1339 2071 325 53 illustrated
1716 2072 140 52 with
1906 2073 200 66 nearly
2158 2071 223 52 twelve-

438 2151 264 52 hundred
735 2150 292 69 drawings
1060 2151 168 53 made
1262 2151 291 68 expressly
1585 2150 94 53 for
1711 2150 116 53 this
1861 2151 187 66 work;
2086 2149 189 54 edited
2308 2150 75 67 by

436 2231 72 53 A.
541 2229 77 54 H.
653 2229 374 54 McDannald
1066 2274 56 9 ...
1196 2231 138 52 New
1367 2230 181 66 York,
1581 2231 90 54 W.
1707 2229 77 54 H.
1818 2228 158 56 Wise
2004 2231 47 51 &
2083 2246 298 52 company,

439 2312 151 51 1935.

437 2382 1153 50 3 p. l., 1334 p. front. (port.) illus. 23½ cm .
438 2440 292 41 Illustrated
759 2439 366 49 lining-papers.

441 2495 278 49 “Compiled
752 2497 64 47 by
843 2497 84 40 the
963 2527 46 9 ...
1043 2496 121 41 staff
1191 2495 51 40 of
1275 2497 82 39 the
1390 2495 356 49 Encyclopedia
1781 2494 603 43 americana.”—Editor’s

365 2552 259 42 foreword.

440 2609 242 41 “Seventh
712 2608 197 50 edition,
938 2608 288 49 completely
1253 2608 191 41 revised
1470 2610 50 39 to
1545 2607 160 43 1935.”

367 2674 53 53 ©
447 2679 109 40 Jan.
581 2679 69 47 31,
679 2678 114 40 1936;
848 2678 68 41 2c.
940 2679 114 48 Apr.
1081 2679 26 40 8;
1163 2678 82 41 aff.
1273 2679 114 47 Apr.
1414 2678 30 40 9;
1496 2680 41 38 A
1563 2678 144 41 93582;
1763 2680 122 39 Wm.
1914 2680 61 41 H.
2003 2680 135 40 Wise
2162 2680 38 40 &
2224 2690 68 30 co.

447 2735 254 49 (36-8556)

366 2838 218 67 Moore,
610 2839 261 54 Herbert
898 2838 231 65 Fisher,
1157 2841 172 54 1875-

439 2917 299 53 Textbook
780 2917 64 53 of
888 2917 95 53 the
1024 2916 293 53 materials
1361 2917 64 53 of
1469 2917 387 70 engineering,
1898 2918 78 68 by
2018 2918 251 53 Herbert
2311 2918 65 53 F.

368 2995 199 53 Moore
603 3038 57 9 ...
696 2995 142 53 with
871 3014 31 33 a
936 2995 238 69 chapter
1205 3014 72 34 on
1310 3001 254 48 concrete
1596 2996 76 68 by
1704 2995 286 54 Harrison
2023 2997 66 52 F.
370 2995 1984 131 Gonnerman

541 3073 111 53 and
693 3092 31 34 a
762 3073 237 69 chapter
1036 3092 71 35 on
1145 3074 96 53 the
1278 3074 330 69 crystalline
1644 3080 284 48 structure
1966 3074 65 52 of
2067 3076 200 52 metals
2304 3075 74 70 by

367 3152 211 68 Jasper
608 3151 69 55 O.
706 3151 237 54 Draffin.
1009 3153 97 54 5th
1136 3152 87 54 ed.
1287 3152 140 54 New
1458 3153 164 52 York
1650 3153 112 53 and
1792 3153 260 68 London,
370 3153 2006 132 McGraw-Hill
526 3230 148 53 book
701 3246 298 53 company,
1028 3232 126 67 inc.,
1185 3234 151 51 1936.

439 3305 96 48 xiv,
561 3304 87 41 419
674 3314 43 38 p.
778 3302 143 50 illus.,
948 3305 181 49 diagrs.
1183 3303 147 42 23½cm.

442 3361 249 42 “Selected
722 3360 275 43 references
1025 3362 80 41 for
1133 3362 197 41 further
1359 3361 174 49 study”
1565 3365 54 38 at
1647 3364 92 40 end
1769 3363 51 41 of
1848 3363 117 41 each
1997 3363 214 49 chapter.

368 3428 52 53 ©
453 3433 114 47 Apr.
602 3434 39 47 7,
677 3432 141 48 1936;
853 3433 66 39 2c.
955 3434 96 39 and
1087 3432 81 41 aff.
1203 3433 114 48 Apr.
1353 3432 81 48 10;
1472 3434 39 38 A
1543 3432 171 49 92866;
1753 3433 352 40 McGraw-Hill
2142 3435 123 39 book
2297 3445 82 36 co.,

438 3490 90 40 inc.
599 3490 253 48 (36-8538)

366 3593 302 64 Napoléon
695 3605 39 54 I,
760 3613 261 50 emperor
1046 3597 63 66 of
1135 3596 93 52 the
1252 3597 245 66 French,
1525 3596 326 54 1769-1821.

436 3670 110 53 Die
571 3670 184 54 briefe
782 3671 325 69 Napoleons
1133 3690 22 34 I
1181 3690 71 34 an
1277 3671 446 69 Marie-Louise;
1752 3673 108 52 mit
1882 3672 358 54 kommentar
2266 3689 109 36 von

368 3748 237 54 Charles
631 3750 69 52 de
726 3751 55 51 la
807 3750 292 53 Roncière.
1163 3751 217 66 Berlin,
1409 3749 57 56 S.
1492 3750 236 54 Fischer
1759 3753 173 66 [1935]

436 3821 27 39 3
487 3834 42 36 p.
575 3855 23 16 l.,
623 3822 159 47 9-307,
813 3823 54 51 [3]
894 3834 58 37 p.,
977 3824 24 39 1
1029 3824 28 40 1.
1118 3824 164 49 front.,
1310 3825 162 47 ports.,
1499 3824 190 43 facsim.
1749 3824 146 41 21½cm.

438 3879 172 43 “Erste
638 3880 76 41 bis
742 3880 154 42 vierte
926 3881 190 49 auflage
1146 3881 157 42 1935.”

438 3936 1192 52 “Deutsche ü bertragung von Georg Goyert.”
368 4005 54 53 ©
452 4010 100 40 Oct.
583 4010 69 48 24,
684 4011 114 41 1935;
887 4024 37 29 1c.
955 4012 111 41 Feb.
1096 4013 39 47 6,
1168 4012 113 41 1936;
1341 4014 310 47 A-Foreign
1681 4014 172 43 30446;
1891 4016 42 40 S.
1968 4015 200 41 Fischer
2197 4018 179 44 verlag,

440 4078 105 37 a.-g.
619 4068 229 48 (36-8717
858 4069 14 47 )
