<alto xmlns="http://www.loc.gov/standards/alto/ns-v3#" xmlns:xsi="http://www.w3.org/2001/XMLSchema-instance" xsi:schemaLocation="http://www.loc.gov/standards/alto/ns-v3# http://www.loc.gov/alto/v3/alto-3-0.xsd"><Description>
<MeasurementUnit>pixel</MeasurementUnit>
<sourceImageInformation>
<fileName>1936_v33_Part1.pdf</fileName>
</sourceImageInformation>
<OCRProcessing ID="IdOcr">
<ocrProcessingStep>
<processingDateTime>2019-01-18</processingDateTime>
<processingSoftware>
<softwareCreator>ABBYY</softwareCreator>
<softwareName>ABBYY Recognition Server</softwareName>
<softwareVersion>4.0</softwareVersion>
</processingSoftware>
</ocrProcessingStep>
</OCRProcessing>
</Description>
<Styles>
<ParagraphStyle ALIGN="Left" FIRSTLINE="0." ID="StyleId-FFFFFFFF-FFFF-FFFF-FFFF-FFFFFFFFFFFF-" LEFT="0." RIGHT="0." />
<ParagraphStyle ALIGN="Left" FIRSTLINE="0." ID="StyleId-51D50FAC-7A90-4D70-8A96-5EA9D46D1C8B-" LEFT="0." LINESPACE="7.699999809" RIGHT="0." />
<ParagraphStyle ALIGN="Block" FIRSTLINE="-17." ID="StyleId-6BC133E9-7DCB-43C3-8842-A67984A26405-" LEFT="0." LINESPACE="8.340000153" RIGHT="0." />
<ParagraphStyle ALIGN="Left" FIRSTLINE="-13." ID="StyleId-3C3FF860-43E7-46A2-8934-48F305F6F0D6-" LEFT="0." LINESPACE="11.06999969" RIGHT="0." />
<ParagraphStyle ALIGN="Block" FIRSTLINE="-13." ID="StyleId-19220C76-4F8A-4737-B38C-B5F5C17E6040-" LEFT="0." LINESPACE="11.06999969" RIGHT="0." />
<ParagraphStyle ALIGN="Left" FIRSTLINE="0." ID="StyleId-75A0D721-13ED-4F20-9002-B389EC48477D-" LEFT="0." LINESPACE="15.5" RIGHT="0." />
<ParagraphStyle ALIGN="Left" FIRSTLINE="0." ID="StyleId-8A414184-C7A5-4AC7-9B88-7DA4DDE75922-" LEFT="0." LINESPACE="9.399999619" RIGHT="0." />
<ParagraphStyle ALIGN="Left" FIRSTLINE="0." ID="StyleId-1A87970B-111C-4169-99A6-9412976F3C97-" LEFT="0." LINESPACE="10.5" RIGHT="0." />
<ParagraphStyle ALIGN="Block" FIRSTLINE="-17." ID="StyleId-72DB0571-5AE4-41FD-9E11-68C6AC4C437E-" LEFT="0." LINESPACE="8.340000153" RIGHT="0." />
<ParagraphStyle ALIGN="Center" FIRSTLINE="0." ID="StyleId-1AA43056-C388-4697-B10F-72FDAA38FAE1-" LEFT="0." LINESPACE="10.5" RIGHT="0." />
</Styles>
<Layout>
<Page HEIGHT="4377" ID="Page490" PHYSICAL_IMG_NR="490" WIDTH="2519">
<TopMargin HEIGHT="407" HPOS="0" VPOS="0" WIDTH="2519">
</TopMargin>
<LeftMargin HEIGHT="3705" HPOS="0" VPOS="407" WIDTH="300">
</LeftMargin>
<RightMargin HEIGHT="3705" HPOS="2344" VPOS="407" WIDTH="175">
</RightMargin>
<BottomMargin HEIGHT="265" HPOS="0" VPOS="4112" WIDTH="2519">
<TextBlock HEIGHT="72" HPOS="1256" ID="Page490_Block1" LANG="en-US" STYLEREFS="StyleId-0114F7AA-E4EC-43FC-966A-170C9060DF3B-" VPOS="4120" WIDTH="122">
<TextLine HEIGHT="50" HPOS="1267" VPOS="4131" WIDTH="100">
<String CONTENT="490" HEIGHT="50" HPOS="1267" VPOS="4131" WIDTH="100" />
</TextLine>
</TextBlock>
</BottomMargin>
<PrintSpace HEIGHT="3705" HPOS="300" VPOS="407" WIDTH="2044">
<TextBlock CS="1" HEIGHT="3705" HPOS="300" ID="Page490_Block2" LANG="en-US" STYLEREFS="StyleId-B3E5A114-04E1-4EE3-9E38-3B6EB89BEB05-" VPOS="407" WIDTH="2044">
<TextLine HEIGHT="66" HPOS="313" STYLEREFS="StyleId-F4FABF83-23F6-4D5C-B971-78F547B71B05-" VPOS="444" WIDTH="871">
<String CONTENT="Johnson," HEIGHT="64" HPOS="313" LANG="de" VPOS="446" WIDTH="285" />
<SP HEIGHT="64" HPOS="599" VPOS="446" WIDTH="25" />
<String CONTENT="Herman" HEIGHT="52" HPOS="625" LANG="en-US" VPOS="446" WIDTH="266" />
<SP HEIGHT="53" HPOS="892" VPOS="446" WIDTH="26" />
<String CONTENT="Clifford." HEIGHT="56" HPOS="919" LANG="en-US" VPOS="444" WIDTH="265" />
</TextLine>
<TextLine CS="1" HEIGHT="149" HPOS="314" STYLEREFS="StyleId-405C7933-2433-4D49-9C7B-42647E4D94DE-" VPOS="519" WIDTH="1988">
<String CONTENT="Heaven" HEIGHT="54" HPOS="380" VPOS="520" WIDTH="241" />
<SP HEIGHT="53" HPOS="622" VPOS="520" WIDTH="28" />
<String CONTENT="haunted" HEIGHT="53" HPOS="651" VPOS="520" WIDTH="256" />
<SP HEIGHT="53" HPOS="908" VPOS="520" WIDTH="33" />
<String CONTENT="flesh" HEIGHT="53" HPOS="942" VPOS="520" WIDTH="139" />
<SP HEIGHT="67" HPOS="1082" VPOS="521" WIDTH="39" />
<String CONTENT="[by]" HEIGHT="69" HPOS="1122" VPOS="520" WIDTH="109" />
<SP HEIGHT="67" HPOS="1232" VPOS="520" WIDTH="35" />
<String CONTENT="Herman" HEIGHT="53" HPOS="1268" VPOS="520" WIDTH="262" />
<SP HEIGHT="55" HPOS="1531" VPOS="519" WIDTH="34" />
<String CONTENT="Clifford" HEIGHT="55" HPOS="1566" VPOS="519" WIDTH="248" />
<SP HEIGHT="54" HPOS="1815" VPOS="521" WIDTH="34" />
<String CONTENT="Johnson." HEIGHT="54" HPOS="1850" VPOS="521" WIDTH="278" />
<SP HEIGHT="34" HPOS="2129" VPOS="553" WIDTH="75" />
<String CONTENT="[Salem," HEIGHT="149" HPOS="314" VPOS="519" WIDTH="1988" />
<SP HEIGHT="67" HPOS="442" VPOS="601" WIDTH="25" />
<String CONTENT="Mass.," HEIGHT="67" HPOS="468" VPOS="601" WIDTH="193" />
<SP HEIGHT="69" HPOS="662" VPOS="599" WIDTH="24" />
<String CONTENT="Newcomb" HEIGHT="53" HPOS="687" VPOS="599" WIDTH="305" />
<SP HEIGHT="52" HPOS="993" VPOS="599" WIDTH="26" />
<String CONTENT="&amp;" HEIGHT="50" HPOS="1020" VPOS="601" WIDTH="45" />
<SP HEIGHT="55" HPOS="1066" VPOS="598" WIDTH="23" />
<String CONTENT="Gauss" HEIGHT="55" HPOS="1090" VPOS="598" WIDTH="186" />
<SP HEIGHT="35" HPOS="1277" VPOS="617" WIDTH="26" />
<String CONTENT="co.," HEIGHT="50" HPOS="1304" LANG="ru" VPOS="617" WIDTH="98" />
<SP HEIGHT="63" HPOS="1403" VPOS="604" WIDTH="30" />
<String CONTENT="1936]" HEIGHT="65" HPOS="1434" VPOS="601" WIDTH="153" />
</TextLine>
<TextLine CS="1" HEIGHT="51" HPOS="383" VPOS="671" WIDTH="527">
<String CONTENT="2" HEIGHT="40" HPOS="383" LANG="en-US" VPOS="672" WIDTH="27" />
<SP HEIGHT="48" HPOS="411" VPOS="672" WIDTH="20" />
<String CONTENT="p." HEIGHT="36" HPOS="432" LANG="fr" VPOS="684" WIDTH="44" />
<SP HEIGHT="40" HPOS="477" VPOS="674" WIDTH="27" />
<String CONTENT="l." CS="1" LANG="fr" />
<String CONTENT="," HEIGHT="17" HPOS="540" LANG="en-US" VPOS="705" WIDTH="9" />
<SP HEIGHT="48" HPOS="550" VPOS="674" WIDTH="25" />
<String CONTENT="56" HEIGHT="41" HPOS="576" LANG="en-US" VPOS="672" WIDTH="58" />
<SP HEIGHT="48" HPOS="635" VPOS="672" WIDTH="22" />
<String CONTENT="p." HEIGHT="38" HPOS="658" LANG="en-US" VPOS="682" WIDTH="44" />
<SP HEIGHT="42" HPOS="703" VPOS="671" WIDTH="57" />
<String CONTENT="21&#189;" CS="1" HEIGHT="40" HPOS="761" LANG="en-US" VPOS="671" WIDTH="27" />
<String CONTENT="cm" HEIGHT="20" HPOS="852" LANG="en-US" STYLE="superscript" VPOS="675" WIDTH="44" />
<String CONTENT="." HEIGHT="8" HPOS="901" LANG="en-US" VPOS="705" WIDTH="9" />
</TextLine>
<TextLine HEIGHT="50" HPOS="385" VPOS="729" WIDTH="1224">
<String CONTENT="&#8220;First" HEIGHT="40" HPOS="385" VPOS="731" WIDTH="163" />
<SP HEIGHT="37" HPOS="549" VPOS="734" WIDTH="21" />
<String CONTENT="edition" HEIGHT="40" HPOS="571" VPOS="731" WIDTH="187" />
<SP HEIGHT="39" HPOS="759" VPOS="731" WIDTH="21" />
<String CONTENT="limited" HEIGHT="41" HPOS="781" VPOS="730" WIDTH="187" />
<SP HEIGHT="39" HPOS="969" VPOS="732" WIDTH="25" />
<String CONTENT="to" HEIGHT="38" HPOS="995" VPOS="733" WIDTH="48" />
<SP HEIGHT="40" HPOS="1044" VPOS="730" WIDTH="22" />
<String CONTENT="200" HEIGHT="40" HPOS="1067" VPOS="730" WIDTH="86" />
<SP HEIGHT="40" HPOS="1154" VPOS="730" WIDTH="24" />
<String CONTENT="copies," HEIGHT="49" HPOS="1179" VPOS="730" WIDTH="173" />
<SP HEIGHT="37" HPOS="1353" VPOS="742" WIDTH="23" />
<String CONTENT="no." HEIGHT="31" HPOS="1377" VPOS="740" WIDTH="74" />
<SP HEIGHT="41" HPOS="1452" VPOS="730" WIDTH="26" />
<String CONTENT="179.&#8221;" HEIGHT="41" HPOS="1479" VPOS="729" WIDTH="130" />
</TextLine>
<TextLine HEIGHT="44" HPOS="385" VPOS="786" WIDTH="221">
<String CONTENT="Sonnets." HEIGHT="44" HPOS="385" VPOS="786" WIDTH="221" />
</TextLine>
<TextLine CS="1" HEIGHT="53" HPOS="314" VPOS="844" WIDTH="2014">
<String CONTENT="&#169;" HEIGHT="53" HPOS="314" VPOS="844" WIDTH="54" />
<SP HEIGHT="53" HPOS="369" VPOS="844" WIDTH="29" />
<String CONTENT="Apr." HEIGHT="47" HPOS="399" VPOS="849" WIDTH="114" />
<SP HEIGHT="40" HPOS="514" VPOS="848" WIDTH="30" />
<String CONTENT="3," HEIGHT="47" HPOS="545" VPOS="848" WIDTH="40" />
<SP HEIGHT="47" HPOS="586" VPOS="848" WIDTH="29" />
<String CONTENT="1936;" CS="1" HEIGHT="41" HPOS="616" VPOS="846" WIDTH="116" />
<SP HEIGHT="47" HPOS="761" VPOS="847" WIDTH="31" />
<String CONTENT="2c." HEIGHT="41" HPOS="793" VPOS="847" WIDTH="68" />
<SP HEIGHT="30" HPOS="862" VPOS="858" WIDTH="33" />
<String CONTENT="and" HEIGHT="38" HPOS="896" VPOS="849" WIDTH="93" />
<SP HEIGHT="38" HPOS="990" VPOS="849" WIDTH="34" />
<String CONTENT="aff." HEIGHT="41" HPOS="1025" VPOS="846" WIDTH="81" />
<SP HEIGHT="39" HPOS="1107" VPOS="848" WIDTH="31" />
<String CONTENT="Apr" HEIGHT="47" HPOS="1139" VPOS="848" WIDTH="100" />
<SP HEIGHT="39" HPOS="1240" VPOS="849" WIDTH="45" />
<String CONTENT="7;" CS="1" HEIGHT="39" HPOS="1286" VPOS="849" WIDTH="25" />
<SP HEIGHT="46" HPOS="1340" VPOS="849" WIDTH="35" />
<String CONTENT="A" HEIGHT="38" HPOS="1376" VPOS="849" WIDTH="39" />
<SP HEIGHT="39" HPOS="1416" VPOS="848" WIDTH="31" />
<String CONTENT="93545;" CS="1" HEIGHT="40" HPOS="1448" VPOS="848" WIDTH="145" />
<SP HEIGHT="41" HPOS="1621" VPOS="849" WIDTH="35" />
<String CONTENT="H." HEIGHT="40" HPOS="1657" LANG="fr" VPOS="849" WIDTH="60" />
<SP HEIGHT="41" HPOS="1718" VPOS="848" WIDTH="33" />
<String CONTENT="C." HEIGHT="41" HPOS="1752" VPOS="848" WIDTH="49" />
<SP HEIGHT="40" HPOS="1802" VPOS="849" WIDTH="34" />
<String CONTENT="Johnson," HEIGHT="47" HPOS="1837" VPOS="849" WIDTH="235" />
<SP HEIGHT="47" HPOS="2073" VPOS="849" WIDTH="32" />
<String CONTENT="Beverly," HEIGHT="44" HPOS="2106" VPOS="849" WIDTH="222" />
</TextLine>
<TextLine HEIGHT="50" HPOS="388" VPOS="903" WIDTH="464">
<String CONTENT="Mass." HEIGHT="42" HPOS="388" VPOS="906" WIDTH="147" />
<SP HEIGHT="47" HPOS="536" VPOS="906" WIDTH="62" />
<String CONTENT="(36-9257)" HEIGHT="50" HPOS="599" VPOS="903" WIDTH="253" />
</TextLine>
<TextLine HEIGHT="67" HPOS="317" STYLEREFS="StyleId-F4FABF83-23F6-4D5C-B971-78F547B71B05-" VPOS="996" WIDTH="1207">
<String CONTENT="[Keedy," HEIGHT="66" HPOS="317" VPOS="997" WIDTH="242" />
<SP HEIGHT="62" HPOS="560" VPOS="997" WIDTH="30" />
<String CONTENT="Charles" HEIGHT="55" HPOS="591" VPOS="996" WIDTH="248" />
<SP HEIGHT="53" HPOS="840" VPOS="996" WIDTH="30" />
<String CONTENT="Cochran]" HEIGHT="66" HPOS="871" VPOS="996" WIDTH="287" />
<SP HEIGHT="59" HPOS="1159" VPOS="1003" WIDTH="36" />
<String CONTENT="1891-1934." HEIGHT="50" HPOS="1196" VPOS="1002" WIDTH="328" />
</TextLine>
<TextLine CS="1" HEIGHT="70" HPOS="381" STYLEREFS="StyleId-405C7933-2433-4D49-9C7B-42647E4D94DE-" VPOS="1071" WIDTH="1705">
<String CONTENT="Delaware" HEIGHT="53" HPOS="381" VPOS="1072" WIDTH="301" />
<SP HEIGHT="35" HPOS="683" VPOS="1090" WIDTH="30" />
<String CONTENT="corporation" HEIGHT="68" HPOS="714" VPOS="1072" WIDTH="365" />
<SP HEIGHT="52" HPOS="1080" VPOS="1072" WIDTH="31" />
<String CONTENT="law" HEIGHT="53" HPOS="1112" VPOS="1072" WIDTH="111" />
<SP HEIGHT="35" HPOS="1224" VPOS="1090" WIDTH="31" />
<String CONTENT="annotated," HEIGHT="70" HPOS="1256" VPOS="1071" WIDTH="330" />
<SP HEIGHT="51" HPOS="1587" VPOS="1090" WIDTH="33" />
<String CONTENT="containing" HEIGHT="70" HPOS="1621" VPOS="1071" WIDTH="337" />
<SP HEIGHT="63" HPOS="1959" VPOS="1078" WIDTH="31" />
<String CONTENT="the" HEIGHT="52" HPOS="1991" VPOS="1073" WIDTH="95" />
</TextLine>
<TextLine CS="1" HEIGHT="149" HPOS="311" STYLEREFS="StyleId-405C7933-2433-4D49-9C7B-42647E4D94DE-" VPOS="1070" WIDTH="1992">
<String CONTENT="constitutional" HEIGHT="134" HPOS="311" VPOS="1070" WIDTH="1992" />
<SP HEIGHT="67" HPOS="560" VPOS="1152" WIDTH="28" />
<String CONTENT="provisions" HEIGHT="69" HPOS="589" VPOS="1150" WIDTH="325" />
<SP HEIGHT="34" HPOS="915" VPOS="1170" WIDTH="27" />
<String CONTENT="of" HEIGHT="55" HPOS="943" VPOS="1149" WIDTH="67" />
<SP HEIGHT="54" HPOS="1011" VPOS="1149" WIDTH="26" />
<String CONTENT="the" HEIGHT="53" HPOS="1038" VPOS="1151" WIDTH="97" />
<SP HEIGHT="35" HPOS="1136" VPOS="1169" WIDTH="28" />
<String CONTENT="state" HEIGHT="48" HPOS="1165" VPOS="1156" WIDTH="147" />
<SP HEIGHT="36" HPOS="1313" VPOS="1168" WIDTH="28" />
<String CONTENT="of" HEIGHT="55" HPOS="1342" VPOS="1149" WIDTH="65" />
<SP HEIGHT="54" HPOS="1408" VPOS="1149" WIDTH="26" />
<String CONTENT="Delaware" HEIGHT="53" HPOS="1435" VPOS="1150" WIDTH="301" />
<SP HEIGHT="34" HPOS="1737" VPOS="1169" WIDTH="29" />
<String CONTENT="relative" HEIGHT="53" HPOS="1767" VPOS="1151" WIDTH="242" />
<SP HEIGHT="47" HPOS="2010" VPOS="1157" WIDTH="26" />
<String CONTENT="to" HEIGHT="47" HPOS="2037" VPOS="1157" WIDTH="58" />
</TextLine>
<TextLine CS="1" HEIGHT="131" HPOS="313" STYLEREFS="StyleId-405C7933-2433-4D49-9C7B-42647E4D94DE-" VPOS="1167" WIDTH="2015">
<String CONTENT="corporations," HEIGHT="131" HPOS="313" VPOS="1167" WIDTH="1989" />
<SP HEIGHT="62" HPOS="548" VPOS="1236" WIDTH="28" />
<String CONTENT="the" HEIGHT="53" HPOS="577" VPOS="1230" WIDTH="96" />
<SP HEIGHT="56" HPOS="674" VPOS="1228" WIDTH="29" />
<String CONTENT="General" HEIGHT="56" HPOS="704" VPOS="1228" WIDTH="249" />
<SP HEIGHT="51" HPOS="954" VPOS="1231" WIDTH="25" />
<String CONTENT="corporation" HEIGHT="69" HPOS="980" VPOS="1229" WIDTH="367" />
<SP HEIGHT="52" HPOS="1348" VPOS="1230" WIDTH="29" />
<String CONTENT="law" HEIGHT="52" HPOS="1378" VPOS="1230" WIDTH="110" />
<SP HEIGHT="34" HPOS="1489" VPOS="1248" WIDTH="29" />
<String CONTENT="of" HEIGHT="54" HPOS="1519" VPOS="1228" WIDTH="66" />
<SP HEIGHT="54" HPOS="1586" VPOS="1228" WIDTH="27" />
<String CONTENT="the" HEIGHT="53" HPOS="1614" VPOS="1230" WIDTH="95" />
<SP HEIGHT="36" HPOS="1710" VPOS="1247" WIDTH="30" />
<String CONTENT="state" HEIGHT="49" HPOS="1741" VPOS="1233" WIDTH="147" />
<SP HEIGHT="35" HPOS="1889" VPOS="1248" WIDTH="28" />
<String CONTENT="of" HEIGHT="55" HPOS="1918" VPOS="1228" WIDTH="64" />
<SP HEIGHT="53" HPOS="1983" VPOS="1228" WIDTH="27" />
<String CONTENT="Delaware," HEIGHT="67" HPOS="2011" VPOS="1229" WIDTH="317" />
</TextLine>
<TextLine HEIGHT="72" HPOS="312" STYLEREFS="StyleId-405C7933-2433-4D49-9C7B-42647E4D94DE-" VPOS="1306" WIDTH="2015">
<String CONTENT="including" HEIGHT="72" HPOS="312" VPOS="1306" WIDTH="303" />
<SP HEIGHT="64" HPOS="616" VPOS="1314" WIDTH="33" />
<String CONTENT="the" HEIGHT="53" HPOS="650" VPOS="1309" WIDTH="97" />
<SP HEIGHT="49" HPOS="748" VPOS="1312" WIDTH="40" />
<String CONTENT="1935" HEIGHT="50" HPOS="789" VPOS="1311" WIDTH="134" />
<SP HEIGHT="48" HPOS="924" VPOS="1313" WIDTH="39" />
<String CONTENT="amendments," HEIGHT="69" HPOS="964" VPOS="1309" WIDTH="410" />
<SP HEIGHT="51" HPOS="1375" VPOS="1327" WIDTH="39" />
<String CONTENT="and" HEIGHT="52" HPOS="1415" VPOS="1309" WIDTH="113" />
<SP HEIGHT="52" HPOS="1529" VPOS="1309" WIDTH="39" />
<String CONTENT="the" HEIGHT="52" HPOS="1569" VPOS="1309" WIDTH="96" />
<SP HEIGHT="52" HPOS="1666" VPOS="1309" WIDTH="37" />
<String CONTENT="Franchise" HEIGHT="56" HPOS="1704" VPOS="1306" WIDTH="314" />
<SP HEIGHT="49" HPOS="2019" VPOS="1313" WIDTH="37" />
<String CONTENT="tax" HEIGHT="48" HPOS="2057" VPOS="1313" WIDTH="101" />
<SP HEIGHT="52" HPOS="2159" VPOS="1309" WIDTH="39" />
<String CONTENT="law," HEIGHT="67" HPOS="2199" VPOS="1309" WIDTH="128" />
</TextLine>
<TextLine CS="1" HEIGHT="132" HPOS="311" STYLEREFS="StyleId-405C7933-2433-4D49-9C7B-42647E4D94DE-" VPOS="1387" WIDTH="1990">
<String CONTENT="all" HEIGHT="52" HPOS="311" VPOS="1387" WIDTH="79" />
<SP HEIGHT="53" HPOS="391" VPOS="1387" WIDTH="22" />
<String CONTENT="annotated" HEIGHT="53" HPOS="414" VPOS="1388" WIDTH="311" />
<SP HEIGHT="53" HPOS="726" VPOS="1388" WIDTH="21" />
<String CONTENT="with" HEIGHT="53" HPOS="748" VPOS="1387" WIDTH="141" />
<SP HEIGHT="52" HPOS="890" VPOS="1388" WIDTH="21" />
<String CONTENT="the" HEIGHT="52" HPOS="912" VPOS="1388" WIDTH="95" />
<SP HEIGHT="50" HPOS="1008" VPOS="1405" WIDTH="23" />
<String CONTENT="pertinent" HEIGHT="68" HPOS="1032" VPOS="1387" WIDTH="289" />
<SP HEIGHT="52" HPOS="1322" VPOS="1388" WIDTH="24" />
<String CONTENT="decisions" HEIGHT="53" HPOS="1347" VPOS="1387" WIDTH="279" />
<SP HEIGHT="35" HPOS="1627" VPOS="1406" WIDTH="23" />
<String CONTENT="of" HEIGHT="54" HPOS="1651" VPOS="1387" WIDTH="64" />
<SP HEIGHT="53" HPOS="1716" VPOS="1387" WIDTH="19" />
<String CONTENT="the" HEIGHT="53" HPOS="1736" VPOS="1388" WIDTH="95" />
<SP HEIGHT="35" HPOS="1832" VPOS="1406" WIDTH="23" />
<String CONTENT="courts" HEIGHT="48" HPOS="1856" VPOS="1393" WIDTH="190" />
<SP HEIGHT="35" HPOS="2047" VPOS="1406" WIDTH="20" />
<String CONTENT="of" HEIGHT="54" HPOS="2068" VPOS="1387" WIDTH="65" />
<SP HEIGHT="53" HPOS="2134" VPOS="1387" WIDTH="21" />
<String CONTENT="Delaware" HEIGHT="132" HPOS="313" VPOS="1387" WIDTH="1988" />
</TextLine>
<TextLine CS="1" HEIGHT="69" HPOS="490" STYLEREFS="StyleId-405C7933-2433-4D49-9C7B-42647E4D94DE-" VPOS="1466" WIDTH="1835">
<String CONTENT="and" HEIGHT="53" HPOS="490" VPOS="1467" WIDTH="114" />
<SP HEIGHT="53" HPOS="605" VPOS="1467" WIDTH="26" />
<String CONTENT="elsewhere;" CS="1" HEIGHT="53" HPOS="632" VPOS="1466" WIDTH="300" />
<SP HEIGHT="48" HPOS="962" VPOS="1485" WIDTH="30" />
<String CONTENT="also" HEIGHT="53" HPOS="993" VPOS="1466" WIDTH="118" />
<SP HEIGHT="34" HPOS="1112" VPOS="1485" WIDTH="28" />
<String CONTENT="annotations" HEIGHT="53" HPOS="1141" VPOS="1466" WIDTH="365" />
<SP HEIGHT="34" HPOS="1507" VPOS="1485" WIDTH="25" />
<String CONTENT="of" HEIGHT="53" HPOS="1533" VPOS="1466" WIDTH="64" />
<SP HEIGHT="69" HPOS="1598" VPOS="1466" WIDTH="26" />
<String CONTENT="pertinent" HEIGHT="69" HPOS="1625" VPOS="1466" WIDTH="290" />
<SP HEIGHT="47" HPOS="1916" VPOS="1473" WIDTH="30" />
<String CONTENT="receivership" HEIGHT="68" HPOS="1947" VPOS="1467" WIDTH="378" />
</TextLine>
<TextLine HEIGHT="72" HPOS="311" STYLEREFS="StyleId-405C7933-2433-4D49-9C7B-42647E4D94DE-" VPOS="1544" WIDTH="2016">
<String CONTENT="cases" HEIGHT="36" HPOS="311" VPOS="1562" WIDTH="151" />
<SP HEIGHT="34" HPOS="463" VPOS="1564" WIDTH="30" />
<String CONTENT="with" HEIGHT="54" HPOS="494" VPOS="1544" WIDTH="139" />
<SP HEIGHT="52" HPOS="634" VPOS="1546" WIDTH="30" />
<String CONTENT="the" HEIGHT="52" HPOS="665" VPOS="1546" WIDTH="97" />
<SP HEIGHT="34" HPOS="763" VPOS="1564" WIDTH="24" />
<String CONTENT="appropriate" HEIGHT="69" HPOS="788" VPOS="1545" WIDTH="378" />
<SP HEIGHT="34" HPOS="1167" VPOS="1564" WIDTH="26" />
<String CONTENT="rules" HEIGHT="53" HPOS="1194" VPOS="1545" WIDTH="150" />
<SP HEIGHT="34" HPOS="1345" VPOS="1564" WIDTH="29" />
<String CONTENT="of" HEIGHT="54" HPOS="1375" VPOS="1544" WIDTH="64" />
<SP HEIGHT="53" HPOS="1440" VPOS="1544" WIDTH="27" />
<String CONTENT="the" HEIGHT="53" HPOS="1468" VPOS="1545" WIDTH="100" />
<SP HEIGHT="55" HPOS="1569" VPOS="1544" WIDTH="27" />
<String CONTENT="Court" HEIGHT="55" HPOS="1597" VPOS="1544" WIDTH="182" />
<SP HEIGHT="48" HPOS="1780" VPOS="1551" WIDTH="27" />
<String CONTENT="of" HEIGHT="54" HPOS="1808" VPOS="1545" WIDTH="66" />
<SP HEIGHT="53" HPOS="1875" VPOS="1545" WIDTH="28" />
<String CONTENT="chancery" HEIGHT="70" HPOS="1904" VPOS="1546" WIDTH="279" />
<SP HEIGHT="52" HPOS="2184" VPOS="1564" WIDTH="28" />
<String CONTENT="and" HEIGHT="53" HPOS="2213" VPOS="1546" WIDTH="114" />
</TextLine>
<TextLine HEIGHT="71" HPOS="313" STYLEREFS="StyleId-405C7933-2433-4D49-9C7B-42647E4D94DE-" VPOS="1624" WIDTH="2016">
<String CONTENT="of" HEIGHT="52" HPOS="313" VPOS="1625" WIDTH="64" />
<SP HEIGHT="53" HPOS="378" VPOS="1625" WIDTH="30" />
<String CONTENT="the" HEIGHT="53" HPOS="409" VPOS="1625" WIDTH="95" />
<SP HEIGHT="56" HPOS="505" VPOS="1624" WIDTH="32" />
<String CONTENT="Supreme" HEIGHT="69" HPOS="538" VPOS="1624" WIDTH="278" />
<SP HEIGHT="35" HPOS="817" VPOS="1642" WIDTH="32" />
<String CONTENT="court" HEIGHT="48" HPOS="850" VPOS="1630" WIDTH="163" />
<SP HEIGHT="48" HPOS="1014" VPOS="1630" WIDTH="31" />
<String CONTENT="of" HEIGHT="54" HPOS="1046" VPOS="1624" WIDTH="64" />
<SP HEIGHT="54" HPOS="1111" VPOS="1624" WIDTH="33" />
<String CONTENT="the" HEIGHT="53" HPOS="1145" VPOS="1625" WIDTH="94" />
<SP HEIGHT="35" HPOS="1240" VPOS="1643" WIDTH="32" />
<String CONTENT="state" HEIGHT="48" HPOS="1273" VPOS="1630" WIDTH="144" />
<SP HEIGHT="35" HPOS="1418" VPOS="1643" WIDTH="31" />
<String CONTENT="of" HEIGHT="54" HPOS="1450" VPOS="1624" WIDTH="66" />
<SP HEIGHT="53" HPOS="1517" VPOS="1624" WIDTH="30" />
<String CONTENT="Delaware." HEIGHT="54" HPOS="1548" VPOS="1625" WIDTH="318" />
<SP HEIGHT="53" HPOS="1867" VPOS="1626" WIDTH="71" />
<String CONTENT="By" HEIGHT="69" HPOS="1939" VPOS="1626" WIDTH="92" />
<SP HEIGHT="69" HPOS="2032" VPOS="1626" WIDTH="31" />
<String CONTENT="Ward" HEIGHT="55" HPOS="2064" VPOS="1626" WIDTH="185" />
<SP HEIGHT="53" HPOS="2250" VPOS="1626" WIDTH="32" />
<String CONTENT="&amp;" HEIGHT="50" HPOS="2283" VPOS="1627" WIDTH="46" />
</TextLine>
<TextLine CS="1" HEIGHT="71" HPOS="312" STYLEREFS="StyleId-405C7933-2433-4D49-9C7B-42647E4D94DE-" VPOS="1702" WIDTH="2015">
<String CONTENT="Gray" HEIGHT="70" HPOS="312" VPOS="1702" WIDTH="160" />
<SP HEIGHT="50" HPOS="473" VPOS="1722" WIDTH="35" />
<String CONTENT="..." HEIGHT="10" HPOS="509" VPOS="1747" WIDTH="55" />
<SP HEIGHT="53" HPOS="565" VPOS="1704" WIDTH="71" />
<String CONTENT="New" HEIGHT="53" HPOS="637" VPOS="1704" WIDTH="141" />
<SP HEIGHT="52" HPOS="779" VPOS="1704" WIDTH="29" />
<String CONTENT="York," HEIGHT="69" HPOS="809" VPOS="1703" WIDTH="182" />
<SP HEIGHT="68" HPOS="992" VPOS="1704" WIDTH="30" />
<String CONTENT="Jersey" HEIGHT="68" HPOS="1023" VPOS="1704" WIDTH="202" />
<SP HEIGHT="70" HPOS="1226" VPOS="1702" WIDTH="28" />
<String CONTENT="City" HEIGHT="71" HPOS="1255" VPOS="1702" WIDTH="136" />
<SP HEIGHT="50" HPOS="1392" VPOS="1723" WIDTH="35" />
<String CONTENT="[etc.]" CS="1" HEIGHT="62" HPOS="1446" VPOS="1709" WIDTH="121" />
<SP HEIGHT="67" HPOS="1568" VPOS="1704" WIDTH="34" />
<String CONTENT="The" HEIGHT="53" HPOS="1603" VPOS="1704" WIDTH="122" />
<SP HEIGHT="54" HPOS="1726" VPOS="1704" WIDTH="33" />
<String CONTENT="Corporation" HEIGHT="68" HPOS="1760" VPOS="1704" WIDTH="386" />
<SP HEIGHT="48" HPOS="2147" VPOS="1709" WIDTH="29" />
<String CONTENT="trust" HEIGHT="49" HPOS="2177" VPOS="1709" WIDTH="150" />
</TextLine>
<TextLine HEIGHT="67" HPOS="311" STYLEREFS="StyleId-405C7933-2433-4D49-9C7B-42647E4D94DE-" VPOS="1785" WIDTH="518">
<String CONTENT="company" HEIGHT="52" HPOS="311" VPOS="1800" WIDTH="282" />
<SP HEIGHT="50" HPOS="594" VPOS="1802" WIDTH="38" />
<String CONTENT="[" HEIGHT="34" HPOS="633" VPOS="1816" WIDTH="13" />
<String CONTENT="c" HEIGHT="21" HPOS="652" STYLE="superscript" VPOS="1789" WIDTH="19" />
<String CONTENT="1936]" HEIGHT="65" HPOS="676" VPOS="1785" WIDTH="153" />
</TextLine>
<TextLine HEIGHT="50" HPOS="386" STYLEREFS="StyleId-405C7933-2433-4D49-9C7B-42647E4D94DE-" VPOS="1855" WIDTH="423">
<String CONTENT="xi." HEIGHT="40" HPOS="386" VPOS="1858" WIDTH="62" />
<SP HEIGHT="42" HPOS="449" VPOS="1856" WIDTH="25" />
<String CONTENT="350" HEIGHT="41" HPOS="475" VPOS="1856" WIDTH="86" />
<SP HEIGHT="49" HPOS="562" VPOS="1856" WIDTH="25" />
<String CONTENT="p." HEIGHT="38" HPOS="588" VPOS="1867" WIDTH="42" />
<SP HEIGHT="42" HPOS="631" VPOS="1855" WIDTH="61" />
<String CONTENT="23" HEIGHT="41" HPOS="693" VPOS="1855" WIDTH="55" />
<String CONTENT="cm" HEIGHT="20" HPOS="753" STYLE="superscript" VPOS="1859" WIDTH="44" />
<String CONTENT="." HEIGHT="8" HPOS="800" VPOS="1888" WIDTH="9" />
</TextLine>
<TextLine CS="1" HEIGHT="106" HPOS="315" VPOS="1914" WIDTH="2014">
<String CONTENT="&#8220;The" HEIGHT="41" HPOS="386" VPOS="1914" WIDTH="129" />
<SP HEIGHT="38" HPOS="516" VPOS="1924" WIDTH="28" />
<String CONTENT="present" HEIGHT="45" HPOS="545" VPOS="1917" WIDTH="197" />
<SP HEIGHT="37" HPOS="743" VPOS="1917" WIDTH="29" />
<String CONTENT="edition" HEIGHT="40" HPOS="773" VPOS="1914" WIDTH="184" />
<SP HEIGHT="28" HPOS="958" VPOS="1926" WIDTH="36" />
<String CONTENT="..." HEIGHT="9" HPOS="995" VPOS="1945" WIDTH="45" />
<SP HEIGHT="39" HPOS="1041" VPOS="1915" WIDTH="33" />
<String CONTENT="is" HEIGHT="38" HPOS="1075" VPOS="1915" WIDTH="41" />
<SP HEIGHT="29" HPOS="1117" VPOS="1925" WIDTH="29" />
<String CONTENT="a" HEIGHT="29" HPOS="1147" VPOS="1925" WIDTH="25" />
<SP HEIGHT="30" HPOS="1173" VPOS="1924" WIDTH="35" />
<String CONTENT="complete" HEIGHT="48" HPOS="1209" VPOS="1914" WIDTH="233" />
<SP HEIGHT="30" HPOS="1443" VPOS="1924" WIDTH="33" />
<String CONTENT="revision" HEIGHT="41" HPOS="1477" VPOS="1914" WIDTH="210" />
<SP HEIGHT="29" HPOS="1688" VPOS="1926" WIDTH="31" />
<String CONTENT="of" HEIGHT="41" HPOS="1720" VPOS="1914" WIDTH="53" />
<SP HEIGHT="39" HPOS="1774" VPOS="1914" WIDTH="29" />
<String CONTENT="&#8216;Delaware" HEIGHT="40" HPOS="1804" VPOS="1915" WIDTH="273" />
<SP HEIGHT="31" HPOS="2078" VPOS="1924" WIDTH="30" />
<String CONTENT="corporation" HEIGHT="86" HPOS="315" VPOS="1924" WIDTH="1995" />
<SP HEIGHT="37" HPOS="417" VPOS="1973" WIDTH="36" />
<String CONTENT="law" HEIGHT="39" HPOS="454" VPOS="1973" WIDTH="92" />
<SP HEIGHT="30" HPOS="547" VPOS="1982" WIDTH="34" />
<String CONTENT="and" HEIGHT="39" HPOS="582" VPOS="1973" WIDTH="96" />
<SP HEIGHT="40" HPOS="679" VPOS="1973" WIDTH="32" />
<String CONTENT="equity" HEIGHT="48" HPOS="712" VPOS="1971" WIDTH="167" />
<SP HEIGHT="37" HPOS="880" VPOS="1982" WIDTH="35" />
<String CONTENT="practice&quot;," HEIGHT="47" HPOS="916" VPOS="1972" WIDTH="240" />
<SP HEIGHT="37" HPOS="1157" VPOS="1982" WIDTH="35" />
<String CONTENT="published" HEIGHT="47" HPOS="1193" VPOS="1972" WIDTH="255" />
<SP HEIGHT="40" HPOS="1449" VPOS="1972" WIDTH="33" />
<String CONTENT="by" HEIGHT="48" HPOS="1483" VPOS="1972" WIDTH="64" />
<SP HEIGHT="45" HPOS="1548" VPOS="1975" WIDTH="31" />
<String CONTENT="the" HEIGHT="39" HPOS="1580" VPOS="1974" WIDTH="81" />
<SP HEIGHT="39" HPOS="1662" VPOS="1974" WIDTH="36" />
<String CONTENT="late" HEIGHT="39" HPOS="1699" VPOS="1974" WIDTH="98" />
<SP HEIGHT="41" HPOS="1798" VPOS="1972" WIDTH="37" />
<String CONTENT="Charles" HEIGHT="41" HPOS="1836" VPOS="1972" WIDTH="203" />
<SP HEIGHT="41" HPOS="2040" VPOS="1972" WIDTH="34" />
<String CONTENT="C." HEIGHT="41" HPOS="2075" VPOS="1972" WIDTH="49" />
<SP HEIGHT="40" HPOS="2125" VPOS="1972" WIDTH="36" />
<String CONTENT="Keedy" HEIGHT="47" HPOS="2162" VPOS="1972" WIDTH="167" />
</TextLine>
<TextLine HEIGHT="50" HPOS="318" VPOS="2028" WIDTH="2010">
<String CONTENT="..." HEIGHT="9" HPOS="318" VPOS="2060" WIDTH="45" />
<SP HEIGHT="38" HPOS="364" VPOS="2031" WIDTH="37" />
<String CONTENT="in" HEIGHT="39" HPOS="402" VPOS="2031" WIDTH="48" />
<SP HEIGHT="39" HPOS="451" VPOS="2031" WIDTH="35" />
<String CONTENT="1931," HEIGHT="49" HPOS="487" VPOS="2029" WIDTH="128" />
<SP HEIGHT="37" HPOS="616" VPOS="2041" WIDTH="34" />
<String CONTENT="and" HEIGHT="39" HPOS="651" VPOS="2031" WIDTH="96" />
<SP HEIGHT="39" HPOS="748" VPOS="2031" WIDTH="33" />
<String CONTENT="revised" HEIGHT="42" HPOS="782" VPOS="2028" WIDTH="191" />
<SP HEIGHT="39" HPOS="974" VPOS="2030" WIDTH="34" />
<String CONTENT="in" HEIGHT="40" HPOS="1009" VPOS="2030" WIDTH="50" />
<SP HEIGHT="38" HPOS="1060" VPOS="2032" WIDTH="36" />
<String CONTENT="3" HEIGHT="37" HPOS="1097" VPOS="2032" WIDTH="15" />
<SP HEIGHT="39" HPOS="1113" VPOS="2031" WIDTH="11" />
<String CONTENT="934" HEIGHT="41" HPOS="1125" VPOS="2029" WIDTH="85" />
<SP HEIGHT="38" HPOS="1211" VPOS="2030" WIDTH="77" />
<String CONTENT="This" HEIGHT="40" HPOS="1289" VPOS="2030" WIDTH="118" />
<SP HEIGHT="30" HPOS="1408" VPOS="2040" WIDTH="34" />
<String CONTENT="revision" HEIGHT="40" HPOS="1443" VPOS="2030" WIDTH="210" />
<SP HEIGHT="39" HPOS="1654" VPOS="2031" WIDTH="34" />
<String CONTENT="has" HEIGHT="39" HPOS="1689" VPOS="2031" WIDTH="90" />
<SP HEIGHT="40" HPOS="1780" VPOS="2030" WIDTH="35" />
<String CONTENT="been" HEIGHT="40" HPOS="1816" VPOS="2030" WIDTH="118" />
<SP HEIGHT="29" HPOS="1935" VPOS="2041" WIDTH="37" />
<String CONTENT="made" HEIGHT="39" HPOS="1973" VPOS="2032" WIDTH="141" />
<SP HEIGHT="41" HPOS="2115" VPOS="2030" WIDTH="34" />
<String CONTENT="by" HEIGHT="48" HPOS="2150" VPOS="2030" WIDTH="61" />
<SP HEIGHT="46" HPOS="2212" VPOS="2032" WIDTH="34" />
<String CONTENT="the" HEIGHT="39" HPOS="2247" VPOS="2031" WIDTH="81" />
</TextLine>
<TextLine CS="1" HEIGHT="47" HPOS="313" VPOS="2087" WIDTH="1038">
<String CONTENT="company&#8217;s" HEIGHT="46" HPOS="313" VPOS="2088" WIDTH="276" />
<SP HEIGHT="41" HPOS="590" VPOS="2087" WIDTH="32" />
<String CONTENT="Delaware" HEIGHT="41" HPOS="623" VPOS="2087" WIDTH="259" />
<SP HEIGHT="31" HPOS="883" VPOS="2097" WIDTH="34" />
<String CONTENT="counsel.&#8221;&#8212;p" CS="1" HEIGHT="40" HPOS="918" VPOS="2088" WIDTH="301" />
<String CONTENT="ref." HEIGHT="41" HPOS="1265" LANG="fr" VPOS="2087" WIDTH="86" />
</TextLine>
<TextLine CS="1" HEIGHT="49" HPOS="387" VPOS="2144" WIDTH="791">
<String CONTENT="&#8220;Table" HEIGHT="41" HPOS="387" VPOS="2145" WIDTH="178" />
<SP HEIGHT="30" HPOS="566" VPOS="2156" WIDTH="24" />
<String CONTENT="of" HEIGHT="39" HPOS="591" VPOS="2146" WIDTH="51" />
<SP HEIGHT="39" HPOS="643" VPOS="2146" WIDTH="23" />
<String CONTENT="cases&#8221;;" CS="1" HEIGHT="42" HPOS="667" VPOS="2144" WIDTH="165" />
<SP HEIGHT="38" HPOS="861" VPOS="2155" WIDTH="28" />
<String CONTENT="p." HEIGHT="38" HPOS="890" VPOS="2155" WIDTH="44" />
<SP HEIGHT="42" HPOS="935" VPOS="2144" WIDTH="23" />
<String CONTENT="295-326." HEIGHT="41" HPOS="959" VPOS="2144" WIDTH="219" />
</TextLine>
<TextLine HEIGHT="53" HPOS="315" VPOS="2201" WIDTH="2014">
<String CONTENT="&#169;" HEIGHT="53" HPOS="315" VPOS="2201" WIDTH="53" />
<SP HEIGHT="53" HPOS="369" VPOS="2201" WIDTH="32" />
<String CONTENT="Apr." HEIGHT="47" HPOS="402" VPOS="2206" WIDTH="113" />
<SP HEIGHT="40" HPOS="516" VPOS="2206" WIDTH="33" />
<String CONTENT="18," HEIGHT="46" HPOS="550" VPOS="2206" WIDTH="69" />
<SP HEIGHT="46" HPOS="620" VPOS="2206" WIDTH="34" />
<String CONTENT="1936;" HEIGHT="46" HPOS="655" VPOS="2205" WIDTH="142" />
<SP HEIGHT="47" HPOS="798" VPOS="2204" WIDTH="35" />
<String CONTENT="2c." HEIGHT="43" HPOS="834" VPOS="2204" WIDTH="67" />
<SP HEIGHT="32" HPOS="902" VPOS="2215" WIDTH="32" />
<String CONTENT="and" HEIGHT="38" HPOS="935" VPOS="2206" WIDTH="94" />
<SP HEIGHT="38" HPOS="1030" VPOS="2206" WIDTH="36" />
<String CONTENT="aff." HEIGHT="38" HPOS="1067" VPOS="2205" WIDTH="81" />
<SP HEIGHT="38" HPOS="1149" VPOS="2205" WIDTH="35" />
<String CONTENT="Apr." HEIGHT="48" HPOS="1185" VPOS="2205" WIDTH="113" />
<SP HEIGHT="41" HPOS="1299" VPOS="2204" WIDTH="33" />
<String CONTENT="21;" HEIGHT="44" HPOS="1333" VPOS="2204" WIDTH="82" />
<SP HEIGHT="42" HPOS="1416" VPOS="2206" WIDTH="36" />
<String CONTENT="A" HEIGHT="38" HPOS="1453" VPOS="2206" WIDTH="40" />
<SP HEIGHT="40" HPOS="1494" VPOS="2204" WIDTH="32" />
<String CONTENT="93740;" HEIGHT="48" HPOS="1527" VPOS="2204" WIDTH="172" />
<SP HEIGHT="46" HPOS="1700" VPOS="2206" WIDTH="37" />
<String CONTENT="Corporation" HEIGHT="48" HPOS="1738" VPOS="2206" WIDTH="322" />
<SP HEIGHT="38" HPOS="2061" VPOS="2209" WIDTH="35" />
<String CONTENT="trust" HEIGHT="38" HPOS="2097" VPOS="2209" WIDTH="130" />
<SP HEIGHT="37" HPOS="2228" VPOS="2209" WIDTH="32" />
<String CONTENT="co." HEIGHT="29" HPOS="2261" LANG="ru" VPOS="2217" WIDTH="68" />
</TextLine>
<TextLine HEIGHT="48" HPOS="395" VPOS="2263" WIDTH="253">
<String CONTENT="(36-9370)" HEIGHT="48" HPOS="395" VPOS="2263" WIDTH="253" />
</TextLine>
<TextLine HEIGHT="63" HPOS="313" STYLEREFS="StyleId-F4FABF83-23F6-4D5C-B971-78F547B71B05-" VPOS="2356" WIDTH="585">
<String CONTENT="Laporte," HEIGHT="63" HPOS="313" LANG="fr" VPOS="2356" WIDTH="274" />
<SP HEIGHT="62" HPOS="588" VPOS="2357" WIDTH="26" />
<String CONTENT="Maurice." HEIGHT="54" HPOS="615" LANG="en-US" VPOS="2356" WIDTH="283" />
</TextLine>
<TextLine HEIGHT="69" HPOS="390" STYLEREFS="StyleId-405C7933-2433-4D49-9C7B-42647E4D94DE-" VPOS="2429" WIDTH="1943">
<String CONTENT="..." HEIGHT="9" HPOS="390" LANG="en-US" VPOS="2475" WIDTH="55" />
<SP HEIGHT="52" HPOS="446" VPOS="2432" WIDTH="40" />
<String CONTENT="Histoire" HEIGHT="55" HPOS="487" LANG="fr" VPOS="2429" WIDTH="260" />
<SP HEIGHT="53" HPOS="748" VPOS="2431" WIDTH="37" />
<String CONTENT="de" HEIGHT="52" HPOS="786" LANG="fr" VPOS="2431" WIDTH="69" />
<SP HEIGHT="52" HPOS="856" VPOS="2430" WIDTH="34" />
<String CONTENT="l&#8217;Okhrana," HEIGHT="64" HPOS="891" LANG="en-US" VPOS="2430" WIDTH="339" />
<SP HEIGHT="63" HPOS="1231" VPOS="2431" WIDTH="33" />
<String CONTENT="la" HEIGHT="52" HPOS="1265" LANG="en-US" VPOS="2431" WIDTH="55" />
<SP HEIGHT="49" HPOS="1321" VPOS="2449" WIDTH="39" />
<String CONTENT="police" HEIGHT="69" HPOS="1361" LANG="en-US" VPOS="2429" WIDTH="180" />
<SP HEIGHT="33" HPOS="1542" VPOS="2450" WIDTH="36" />
<String CONTENT="secr&#232;te" HEIGHT="52" HPOS="1579" LANG="fr" VPOS="2432" WIDTH="207" />
<SP HEIGHT="53" HPOS="1787" VPOS="2431" WIDTH="32" />
<String CONTENT="des" HEIGHT="53" HPOS="1820" LANG="fr" VPOS="2431" WIDTH="95" />
<SP HEIGHT="48" HPOS="1916" VPOS="2436" WIDTH="38" />
<String CONTENT="tsars," HEIGHT="62" HPOS="1955" LANG="fr" VPOS="2436" WIDTH="165" />
<SP HEIGHT="63" HPOS="2121" VPOS="2435" WIDTH="40" />
<String CONTENT="1880-" HEIGHT="49" HPOS="2162" LANG="fr" VPOS="2434" WIDTH="171" />
</TextLine>
<TextLine HEIGHT="68" HPOS="315" LANG="fr" STYLEREFS="StyleId-405C7933-2433-4D49-9C7B-42647E4D94DE-" VPOS="2509" WIDTH="1907">
<String CONTENT="1917." HEIGHT="52" HPOS="315" VPOS="2511" WIDTH="150" />
<SP HEIGHT="52" HPOS="466" VPOS="2511" WIDTH="69" />
<String CONTENT="Pr&#233;face" HEIGHT="53" HPOS="536" VPOS="2509" WIDTH="246" />
<SP HEIGHT="52" HPOS="783" VPOS="2510" WIDTH="26" />
<String CONTENT="de" HEIGHT="52" HPOS="810" VPOS="2510" WIDTH="69" />
<SP HEIGHT="54" HPOS="880" VPOS="2510" WIDTH="30" />
<String CONTENT="Vladimir" HEIGHT="55" HPOS="911" VPOS="2509" WIDTH="293" />
<SP HEIGHT="50" HPOS="1205" VPOS="2511" WIDTH="33" />
<String CONTENT="Bourtzev." HEIGHT="51" HPOS="1239" VPOS="2511" WIDTH="302" />
<SP HEIGHT="51" HPOS="1542" VPOS="2511" WIDTH="68" />
<String CONTENT="Paris," HEIGHT="64" HPOS="1611" VPOS="2511" WIDTH="186" />
<SP HEIGHT="64" HPOS="1798" VPOS="2511" WIDTH="32" />
<String CONTENT="Payot," HEIGHT="66" HPOS="1831" VPOS="2511" WIDTH="206" />
<SP HEIGHT="62" HPOS="2038" VPOS="2514" WIDTH="34" />
<String CONTENT="1935." HEIGHT="49" HPOS="2073" VPOS="2513" WIDTH="149" />
</TextLine>
<TextLine HEIGHT="51" HPOS="385" LANG="fr" VPOS="2583" WIDTH="1944">
<String CONTENT="245," HEIGHT="46" HPOS="385" VPOS="2585" WIDTH="99" />
<SP HEIGHT="30" HPOS="485" VPOS="2604" WIDTH="28" />
<String CONTENT="[1]" HEIGHT="48" HPOS="514" VPOS="2586" WIDTH="54" />
<SP HEIGHT="37" HPOS="569" VPOS="2596" WIDTH="29" />
<String CONTENT="p." HEIGHT="36" HPOS="599" VPOS="2596" WIDTH="42" />
<SP HEIGHT="40" HPOS="642" VPOS="2584" WIDTH="53" />
<String CONTENT="23" HEIGHT="40" HPOS="696" VPOS="2584" WIDTH="55" />
<String CONTENT="cm" HEIGHT="20" HPOS="756" STYLE="superscript" VPOS="2587" WIDTH="43" />
<String CONTENT="." HEIGHT="8" HPOS="805" VPOS="2616" WIDTH="8" />
<SP HEIGHT="47" HPOS="814" VPOS="2583" WIDTH="64" />
<String CONTENT="(Collection" HEIGHT="47" HPOS="879" VPOS="2583" WIDTH="291" />
<SP HEIGHT="38" HPOS="1171" VPOS="2586" WIDTH="23" />
<String CONTENT="d&#8217;&#233;tudes," HEIGHT="48" HPOS="1195" VPOS="2583" WIDTH="232" />
<SP HEIGHT="45" HPOS="1428" VPOS="2586" WIDTH="24" />
<String CONTENT="de" HEIGHT="38" HPOS="1453" VPOS="2586" WIDTH="57" />
<SP HEIGHT="38" HPOS="1511" VPOS="2586" WIDTH="24" />
<String CONTENT="documents" HEIGHT="38" HPOS="1536" VPOS="2586" WIDTH="284" />
<SP HEIGHT="29" HPOS="1821" VPOS="2595" WIDTH="23" />
<String CONTENT="et" HEIGHT="38" HPOS="1845" VPOS="2586" WIDTH="48" />
<SP HEIGHT="39" HPOS="1894" VPOS="2585" WIDTH="22" />
<String CONTENT="de" HEIGHT="39" HPOS="1917" VPOS="2585" WIDTH="58" />
<SP HEIGHT="37" HPOS="1976" VPOS="2586" WIDTH="24" />
<String CONTENT="t&#233;moignages" HEIGHT="49" HPOS="2001" VPOS="2584" WIDTH="328" />
</TextLine>
<TextLine HEIGHT="51" HPOS="315" LANG="fr" VPOS="2639" WIDTH="1087">
<String CONTENT="pour" HEIGHT="38" HPOS="315" VPOS="2652" WIDTH="120" />
<SP HEIGHT="29" HPOS="436" VPOS="2652" WIDTH="26" />
<String CONTENT="servir" HEIGHT="39" HPOS="463" VPOS="2642" WIDTH="157" />
<SP HEIGHT="40" HPOS="621" VPOS="2641" WIDTH="24" />
<String CONTENT="&#224;" HEIGHT="40" HPOS="646" VPOS="2641" WIDTH="30" />
<SP HEIGHT="40" HPOS="677" VPOS="2641" WIDTH="23" />
<String CONTENT="l&#8217;histoire" HEIGHT="41" HPOS="701" VPOS="2639" WIDTH="241" />
<SP HEIGHT="39" HPOS="943" VPOS="2642" WIDTH="25" />
<String CONTENT="de" HEIGHT="39" HPOS="969" VPOS="2642" WIDTH="61" />
<SP HEIGHT="29" HPOS="1031" VPOS="2652" WIDTH="21" />
<String CONTENT="notre" HEIGHT="38" HPOS="1053" VPOS="2643" WIDTH="140" />
<SP HEIGHT="37" HPOS="1194" VPOS="2643" WIDTH="27" />
<String CONTENT="temps)" HEIGHT="48" HPOS="1222" VPOS="2640" WIDTH="180" />
</TextLine>
<TextLine HEIGHT="49" HPOS="386" VPOS="2697" WIDTH="728">
<String CONTENT="Bibliographical" HEIGHT="49" HPOS="386" VPOS="2697" WIDTH="415" />
<SP HEIGHT="39" HPOS="802" VPOS="2698" WIDTH="31" />
<String CONTENT="foot-notes." HEIGHT="39" HPOS="834" VPOS="2698" WIDTH="280" />
</TextLine>
<TextLine CS="1" HEIGHT="53" HPOS="314" LANG="fr" VPOS="2751" WIDTH="1810">
<String CONTENT="&#169;" HEIGHT="53" HPOS="314" VPOS="2751" WIDTH="53" />
<SP HEIGHT="53" HPOS="368" VPOS="2751" WIDTH="37" />
<String CONTENT="Sept." HEIGHT="47" HPOS="406" VPOS="2756" WIDTH="127" />
<SP HEIGHT="39" HPOS="534" VPOS="2756" WIDTH="35" />
<String CONTENT="17," HEIGHT="45" HPOS="570" VPOS="2756" WIDTH="69" />
<SP HEIGHT="45" HPOS="640" VPOS="2756" WIDTH="36" />
<String CONTENT="1935;" CS="1" HEIGHT="40" HPOS="677" VPOS="2754" WIDTH="114" />
<SP HEIGHT="45" HPOS="819" VPOS="2756" WIDTH="36" />
<String CONTENT="1c." CS="1" HEIGHT="28" HPOS="885" VPOS="2766" WIDTH="37" />
<SP HEIGHT="40" HPOS="923" VPOS="2754" WIDTH="37" />
<String CONTENT="Feb." HEIGHT="41" HPOS="961" VPOS="2754" WIDTH="110" />
<SP HEIGHT="40" HPOS="1072" VPOS="2755" WIDTH="36" />
<String CONTENT="17," HEIGHT="42" HPOS="1109" VPOS="2755" WIDTH="68" />
<SP HEIGHT="43" HPOS="1178" VPOS="2754" WIDTH="37" />
<String CONTENT="1936;" CS="1" HEIGHT="39" HPOS="1216" VPOS="2754" WIDTH="113" />
<SP HEIGHT="46" HPOS="1357" VPOS="2755" WIDTH="36" />
<String CONTENT="A-" HEIGHT="38" HPOS="1394" VPOS="2755" WIDTH="103" />
<String CONTENT="Foreign" HEIGHT="47" HPOS="1500" LANG="en-US" VPOS="2755" WIDTH="206" />
<SP HEIGHT="40" HPOS="1707" VPOS="2755" WIDTH="35" />
<String CONTENT="30505;" CS="1" HEIGHT="41" HPOS="1743" VPOS="2754" WIDTH="144" />
<SP HEIGHT="46" HPOS="1915" VPOS="2755" WIDTH="39" />
<String CONTENT="Payot." HEIGHT="48" HPOS="1955" VPOS="2755" WIDTH="169" />
</TextLine>
<TextLine HEIGHT="48" HPOS="397" LANG="fr" VPOS="2812" WIDTH="251">
<String CONTENT="(36-9591)" HEIGHT="48" HPOS="397" VPOS="2812" WIDTH="251" />
</TextLine>
<TextLine HEIGHT="65" HPOS="314" LANG="fr" STYLEREFS="StyleId-F4FABF83-23F6-4D5C-B971-78F547B71B05-" VPOS="2904" WIDTH="1087">
<String CONTENT="Laprade," HEIGHT="64" HPOS="314" VPOS="2905" WIDTH="288" />
<SP HEIGHT="62" HPOS="603" VPOS="2907" WIDTH="29" />
<String CONTENT="William" HEIGHT="55" HPOS="633" VPOS="2904" WIDTH="256" />
<SP HEIGHT="53" HPOS="890" VPOS="2904" WIDTH="28" />
<String CONTENT="Thomas," HEIGHT="64" HPOS="919" VPOS="2904" WIDTH="277" />
<SP HEIGHT="57" HPOS="1197" VPOS="2911" WIDTH="33" />
<String CONTENT="1883-" HEIGHT="50" HPOS="1231" VPOS="2909" WIDTH="170" />
</TextLine>
<TextLine HEIGHT="72" HPOS="387" STYLEREFS="StyleId-405C7933-2433-4D49-9C7B-42647E4D94DE-" VPOS="2978" WIDTH="1942">
<String CONTENT="Public" HEIGHT="53" HPOS="387" LANG="fr" VPOS="2982" WIDTH="205" />
<SP HEIGHT="34" HPOS="593" VPOS="3001" WIDTH="33" />
<String CONTENT="opinion" HEIGHT="70" HPOS="627" LANG="fr" VPOS="2980" WIDTH="238" />
<SP HEIGHT="34" HPOS="866" VPOS="2999" WIDTH="36" />
<String CONTENT="and" HEIGHT="52" HPOS="903" LANG="en-US" VPOS="2981" WIDTH="112" />
<SP HEIGHT="69" HPOS="1016" VPOS="2981" WIDTH="38" />
<String CONTENT="politics" HEIGHT="72" HPOS="1055" LANG="en-US" VPOS="2978" WIDTH="229" />
<SP HEIGHT="53" HPOS="1285" VPOS="2981" WIDTH="32" />
<String CONTENT="in" HEIGHT="52" HPOS="1318" LANG="en-US" VPOS="2981" WIDTH="59" />
<SP HEIGHT="33" HPOS="1378" VPOS="3000" WIDTH="38" />
<String CONTENT="eighteenth" HEIGHT="68" HPOS="1417" LANG="en-US" VPOS="2981" WIDTH="326" />
<SP HEIGHT="52" HPOS="1744" VPOS="2981" WIDTH="36" />
<String CONTENT="century" HEIGHT="63" HPOS="1781" LANG="en-US" VPOS="2987" WIDTH="238" />
<SP HEIGHT="68" HPOS="2020" VPOS="2982" WIDTH="35" />
<String CONTENT="England" HEIGHT="69" HPOS="2056" LANG="en-US" VPOS="2981" WIDTH="273" />
</TextLine>
<TextLine HEIGHT="69" HPOS="317" STYLEREFS="StyleId-405C7933-2433-4D49-9C7B-42647E4D94DE-" VPOS="3059" WIDTH="2011">
<String CONTENT="to" HEIGHT="46" HPOS="317" VPOS="3068" WIDTH="58" />
<SP HEIGHT="47" HPOS="376" VPOS="3067" WIDTH="27" />
<String CONTENT="the" HEIGHT="51" HPOS="404" VPOS="3063" WIDTH="96" />
<SP HEIGHT="53" HPOS="501" VPOS="3061" WIDTH="31" />
<String CONTENT="fall" HEIGHT="52" HPOS="533" VPOS="3061" WIDTH="110" />
<SP HEIGHT="53" HPOS="644" VPOS="3061" WIDTH="30" />
<String CONTENT="of" HEIGHT="54" HPOS="675" VPOS="3060" WIDTH="63" />
<SP HEIGHT="55" HPOS="739" VPOS="3060" WIDTH="28" />
<String CONTENT="Walpole," HEIGHT="67" HPOS="768" VPOS="3061" WIDTH="284" />
<SP HEIGHT="68" HPOS="1053" VPOS="3060" WIDTH="26" />
<String CONTENT="by" HEIGHT="68" HPOS="1080" VPOS="3060" WIDTH="75" />
<SP HEIGHT="68" HPOS="1156" VPOS="3060" WIDTH="27" />
<String CONTENT="William" HEIGHT="55" HPOS="1184" VPOS="3059" WIDTH="263" />
<SP HEIGHT="51" HPOS="1448" VPOS="3060" WIDTH="29" />
<String CONTENT="Thomas" HEIGHT="53" HPOS="1478" VPOS="3060" WIDTH="249" />
<SP HEIGHT="53" HPOS="1728" VPOS="3060" WIDTH="30" />
<String CONTENT="Laprade" HEIGHT="67" HPOS="1759" VPOS="3060" WIDTH="267" />
<SP HEIGHT="34" HPOS="2027" VPOS="3079" WIDTH="35" />
<String CONTENT="..." HEIGHT="10" HPOS="2063" VPOS="3103" WIDTH="55" />
<SP HEIGHT="52" HPOS="2119" VPOS="3060" WIDTH="68" />
<String CONTENT="New" HEIGHT="52" HPOS="2188" VPOS="3060" WIDTH="140" />
</TextLine>
<TextLine HEIGHT="69" HPOS="320" STYLEREFS="StyleId-405C7933-2433-4D49-9C7B-42647E4D94DE-" VPOS="3137" WIDTH="1213">
<String CONTENT="York," HEIGHT="66" HPOS="320" VPOS="3140" WIDTH="178" />
<SP HEIGHT="66" HPOS="499" VPOS="3140" WIDTH="29" />
<String CONTENT="The" HEIGHT="53" HPOS="529" VPOS="3139" WIDTH="123" />
<SP HEIGHT="52" HPOS="653" VPOS="3138" WIDTH="29" />
<String CONTENT="Macmillan" HEIGHT="53" HPOS="683" VPOS="3137" WIDTH="337" />
<SP HEIGHT="35" HPOS="1021" VPOS="3156" WIDTH="30" />
<String CONTENT="company," HEIGHT="50" HPOS="1052" VPOS="3155" WIDTH="298" />
<SP HEIGHT="61" HPOS="1351" VPOS="3142" WIDTH="30" />
<String CONTENT="1936." HEIGHT="51" HPOS="1382" VPOS="3140" WIDTH="151" />
</TextLine>
<TextLine HEIGHT="51" HPOS="387" STYLEREFS="StyleId-405C7933-2433-4D49-9C7B-42647E4D94DE-" VPOS="3211" WIDTH="662">
<String CONTENT="viii" HEIGHT="41" HPOS="387" VPOS="3212" WIDTH="86" />
<SP HEIGHT="48" HPOS="474" VPOS="3214" WIDTH="27" />
<String CONTENT="p.," HEIGHT="38" HPOS="502" LANG="fr" VPOS="3224" WIDTH="58" />
<SP HEIGHT="46" HPOS="561" VPOS="3214" WIDTH="27" />
<String CONTENT="1" HEIGHT="39" HPOS="589" VPOS="3214" WIDTH="25" />
<SP HEIGHT="39" HPOS="615" VPOS="3214" WIDTH="26" />
<String CONTENT="1.," HEIGHT="45" HPOS="642" VPOS="3214" WIDTH="45" />
<SP HEIGHT="45" HPOS="688" VPOS="3214" WIDTH="26" />
<String CONTENT="463" HEIGHT="41" HPOS="715" VPOS="3211" WIDTH="85" />
<SP HEIGHT="50" HPOS="801" VPOS="3211" WIDTH="28" />
<String CONTENT="p." HEIGHT="38" HPOS="830" VPOS="3223" WIDTH="42" />
<SP HEIGHT="42" HPOS="873" VPOS="3211" WIDTH="59" />
<String CONTENT="22" HEIGHT="39" HPOS="933" VPOS="3211" WIDTH="55" />
<String CONTENT="cm" HEIGHT="21" HPOS="993" STYLE="superscript" VPOS="3214" WIDTH="43" />
<String CONTENT="." HEIGHT="6" HPOS="1042" VPOS="3246" WIDTH="7" />
</TextLine>
<TextLine CS="1" HEIGHT="53" HPOS="317" VPOS="3267" WIDTH="1828">
<String CONTENT="&#169;" HEIGHT="53" HPOS="317" VPOS="3267" WIDTH="53" />
<SP HEIGHT="53" HPOS="371" VPOS="3267" WIDTH="32" />
<String CONTENT="Apr." HEIGHT="46" HPOS="404" VPOS="3273" WIDTH="113" />
<SP HEIGHT="40" HPOS="518" VPOS="3271" WIDTH="35" />
<String CONTENT="25," HEIGHT="46" HPOS="554" VPOS="3271" WIDTH="68" />
<SP HEIGHT="45" HPOS="623" VPOS="3272" WIDTH="38" />
<String CONTENT="1936;" HEIGHT="47" HPOS="662" VPOS="3269" WIDTH="140" />
<SP HEIGHT="46" HPOS="803" VPOS="3270" WIDTH="37" />
<String CONTENT="2c." HEIGHT="41" HPOS="841" VPOS="3270" WIDTH="67" />
<SP HEIGHT="30" HPOS="909" VPOS="3281" WIDTH="35" />
<String CONTENT="and" HEIGHT="39" HPOS="945" VPOS="3271" WIDTH="95" />
<SP HEIGHT="39" HPOS="1041" VPOS="3271" WIDTH="35" />
<String CONTENT="aff." HEIGHT="41" HPOS="1077" VPOS="3270" WIDTH="82" />
<SP HEIGHT="40" HPOS="1160" VPOS="3271" WIDTH="36" />
<String CONTENT="Apr." HEIGHT="46" HPOS="1197" VPOS="3271" WIDTH="112" />
<SP HEIGHT="39" HPOS="1310" VPOS="3270" WIDTH="36" />
<String CONTENT="27;" CS="1" HEIGHT="39" HPOS="1347" VPOS="3270" WIDTH="55" />
<SP HEIGHT="40" HPOS="1430" VPOS="3271" WIDTH="39" />
<String CONTENT="A" HEIGHT="37" HPOS="1470" VPOS="3271" WIDTH="38" />
<SP HEIGHT="39" HPOS="1509" VPOS="3270" WIDTH="35" />
<String CONTENT="93824;" HEIGHT="49" HPOS="1545" VPOS="3268" WIDTH="171" />
<SP HEIGHT="47" HPOS="1717" VPOS="3270" WIDTH="39" />
<String CONTENT="Macmillan" HEIGHT="40" HPOS="1757" VPOS="3268" WIDTH="282" />
<SP HEIGHT="30" HPOS="2040" VPOS="3278" WIDTH="37" />
<String CONTENT="co." HEIGHT="30" HPOS="2078" LANG="ru" VPOS="3278" WIDTH="67" />
</TextLine>
<TextLine HEIGHT="49" HPOS="398" VPOS="3327" WIDTH="252">
<String CONTENT="(36-9397)" HEIGHT="49" HPOS="398" VPOS="3327" WIDTH="252" />
</TextLine>
<TextLine HEIGHT="64" HPOS="316" STYLEREFS="StyleId-F4FABF83-23F6-4D5C-B971-78F547B71B05-" VPOS="3419" WIDTH="426">
<String CONTENT="Leddy," HEIGHT="64" HPOS="316" VPOS="3419" WIDTH="220" />
<SP HEIGHT="63" HPOS="537" VPOS="3420" WIDTH="28" />
<String CONTENT="Cave." HEIGHT="53" HPOS="566" VPOS="3420" WIDTH="176" />
</TextLine>
<TextLine HEIGHT="72" HPOS="397" STYLEREFS="StyleId-405C7933-2433-4D49-9C7B-42647E4D94DE-" VPOS="3490" WIDTH="1927">
<String CONTENT="..." HEIGHT="10" HPOS="397" VPOS="3539" WIDTH="54" />
<SP HEIGHT="54" HPOS="452" VPOS="3495" WIDTH="34" />
<String CONTENT="Arizona" HEIGHT="54" HPOS="487" VPOS="3494" WIDTH="250" />
<SP HEIGHT="53" HPOS="738" VPOS="3494" WIDTH="30" />
<String CONTENT="luck." HEIGHT="53" HPOS="769" VPOS="3494" WIDTH="146" />
<SP HEIGHT="53" HPOS="916" VPOS="3494" WIDTH="77" />
<String CONTENT="New" HEIGHT="53" HPOS="994" VPOS="3494" WIDTH="135" />
<SP HEIGHT="52" HPOS="1130" VPOS="3493" WIDTH="32" />
<String CONTENT="York," HEIGHT="64" HPOS="1163" VPOS="3493" WIDTH="180" />
<SP HEIGHT="65" HPOS="1344" VPOS="3492" WIDTH="28" />
<String CONTENT="Chicago," HEIGHT="72" HPOS="1373" VPOS="3490" WIDTH="270" />
<SP HEIGHT="66" HPOS="1644" VPOS="3493" WIDTH="27" />
<String CONTENT="A." HEIGHT="53" HPOS="1672" VPOS="3493" WIDTH="69" />
<SP HEIGHT="54" HPOS="1742" VPOS="3492" WIDTH="30" />
<String CONTENT="L." HEIGHT="54" HPOS="1773" VPOS="3492" WIDTH="63" />
<SP HEIGHT="55" HPOS="1837" VPOS="3491" WIDTH="28" />
<String CONTENT="Burt" HEIGHT="52" HPOS="1866" VPOS="3491" WIDTH="152" />
<SP HEIGHT="48" HPOS="2019" VPOS="3495" WIDTH="27" />
<String CONTENT="company" HEIGHT="53" HPOS="2047" VPOS="3506" WIDTH="277" />
</TextLine>
<TextLine CS="1" HEIGHT="50" HPOS="343" STYLEREFS="StyleId-405C7933-2433-4D49-9C7B-42647E4D94DE-" VPOS="3576" WIDTH="155">
<String CONTENT="[" CS="1" />
<String CONTENT="c" HEIGHT="21" HPOS="343" STYLE="superscript" VPOS="3580" WIDTH="17" />
<String CONTENT="1936]" CS="1" HEIGHT="50" HPOS="366" VPOS="3576" WIDTH="132" />
</TextLine>
<TextLine CS="1" HEIGHT="49" HPOS="388" VPOS="3643" WIDTH="1792">
<String CONTENT="vi," HEIGHT="44" HPOS="388" VPOS="3645" WIDTH="61" />
<SP HEIGHT="43" HPOS="450" VPOS="3646" WIDTH="31" />
<String CONTENT="7-256" HEIGHT="40" HPOS="482" VPOS="3644" WIDTH="147" />
<SP HEIGHT="48" HPOS="630" VPOS="3644" WIDTH="29" />
<String CONTENT="p." HEIGHT="37" HPOS="660" VPOS="3655" WIDTH="42" />
<SP HEIGHT="42" HPOS="703" VPOS="3643" WIDTH="62" />
<String CONTENT="front." HEIGHT="41" HPOS="766" VPOS="3643" WIDTH="148" />
<SP HEIGHT="39" HPOS="915" VPOS="3643" WIDTH="61" />
<String CONTENT="20&#189;cm." CS="1" HEIGHT="41" HPOS="977" VPOS="3643" WIDTH="146" />
<SP HEIGHT="30" HPOS="1124" VPOS="3662" WIDTH="63" />
<String CONTENT="[His" CS="1" HEIGHT="45" HPOS="1188" VPOS="3647" WIDTH="106" />
<SP HEIGHT="41" HPOS="1295" VPOS="3644" WIDTH="32" />
<String CONTENT="Western" HEIGHT="39" HPOS="1328" VPOS="3644" WIDTH="221" />
<SP HEIGHT="29" HPOS="1550" VPOS="3654" WIDTH="34" />
<String CONTENT="and" HEIGHT="39" HPOS="1585" VPOS="3644" WIDTH="92" />
<SP HEIGHT="39" HPOS="1678" VPOS="3644" WIDTH="33" />
<String CONTENT="adventure" HEIGHT="38" HPOS="1712" VPOS="3645" WIDTH="271" />
<SP HEIGHT="30" HPOS="1984" VPOS="3652" WIDTH="30" />
<String CONTENT="series]" HEIGHT="46" HPOS="2015" VPOS="3643" WIDTH="165" />
</TextLine>
<TextLine HEIGHT="46" HPOS="394" VPOS="3702" WIDTH="684">
<String CONTENT="Illustrated" HEIGHT="39" HPOS="394" VPOS="3702" WIDTH="287" />
<SP HEIGHT="39" HPOS="682" VPOS="3702" WIDTH="32" />
<String CONTENT="lining-papers." HEIGHT="46" HPOS="715" VPOS="3702" WIDTH="363" />
</TextLine>
<TextLine CS="1" HEIGHT="53" HPOS="319" VPOS="3758" WIDTH="1810">
<String CONTENT="&#169;" HEIGHT="53" HPOS="319" VPOS="3758" WIDTH="53" />
<SP HEIGHT="53" HPOS="373" VPOS="3758" WIDTH="31" />
<String CONTENT="Apr." HEIGHT="46" HPOS="405" VPOS="3763" WIDTH="112" />
<SP HEIGHT="40" HPOS="518" VPOS="3762" WIDTH="32" />
<String CONTENT="27," HEIGHT="46" HPOS="551" VPOS="3762" WIDTH="68" />
<SP HEIGHT="45" HPOS="620" VPOS="3763" WIDTH="34" />
<String CONTENT="1936;" CS="1" HEIGHT="39" HPOS="655" VPOS="3761" WIDTH="113" />
<SP HEIGHT="40" HPOS="796" VPOS="3762" WIDTH="34" />
<String CONTENT="2c." HEIGHT="41" HPOS="831" VPOS="3762" WIDTH="67" />
<SP HEIGHT="31" HPOS="899" VPOS="3772" WIDTH="33" />
<String CONTENT="and" HEIGHT="39" HPOS="933" VPOS="3761" WIDTH="96" />
<SP HEIGHT="39" HPOS="1030" VPOS="3761" WIDTH="31" />
<String CONTENT="aff." HEIGHT="41" HPOS="1062" VPOS="3759" WIDTH="82" />
<SP HEIGHT="40" HPOS="1145" VPOS="3760" WIDTH="32" />
<String CONTENT="Apr." HEIGHT="47" HPOS="1178" VPOS="3760" WIDTH="113" />
<SP HEIGHT="40" HPOS="1292" VPOS="3760" WIDTH="32" />
<String CONTENT="29;" CS="1" HEIGHT="40" HPOS="1325" VPOS="3758" WIDTH="55" />
<SP HEIGHT="39" HPOS="1408" VPOS="3761" WIDTH="36" />
<String CONTENT="A" HEIGHT="37" HPOS="1445" VPOS="3761" WIDTH="39" />
<SP HEIGHT="40" HPOS="1485" VPOS="3758" WIDTH="31" />
<String CONTENT="93865;" CS="1" HEIGHT="41" HPOS="1517" VPOS="3758" WIDTH="145" />
<SP HEIGHT="40" HPOS="1690" VPOS="3760" WIDTH="35" />
<String CONTENT="A." HEIGHT="37" HPOS="1726" VPOS="3760" WIDTH="53" />
<SP HEIGHT="37" HPOS="1780" VPOS="3760" WIDTH="35" />
<String CONTENT="L." HEIGHT="39" HPOS="1816" VPOS="3760" WIDTH="49" />
<SP HEIGHT="40" HPOS="1866" VPOS="3759" WIDTH="35" />
<String CONTENT="Burt" HEIGHT="39" HPOS="1902" VPOS="3759" WIDTH="123" />
<SP HEIGHT="36" HPOS="2026" VPOS="3762" WIDTH="34" />
<String CONTENT="co." HEIGHT="29" HPOS="2061" LANG="ru" VPOS="3769" WIDTH="68" />
</TextLine>
<TextLine HEIGHT="46" HPOS="399" VPOS="3819" WIDTH="252">
<String CONTENT="(36-9384)" HEIGHT="46" HPOS="399" VPOS="3819" WIDTH="252" />
</TextLine>
<TextLine HEIGHT="63" HPOS="319" STYLEREFS="StyleId-F4FABF83-23F6-4D5C-B971-78F547B71B05-" VPOS="3894" WIDTH="882">
<String CONTENT="Lewinsohn," HEIGHT="63" HPOS="319" VPOS="3894" WIDTH="372" />
<SP HEIGHT="61" HPOS="692" VPOS="3896" WIDTH="28" />
<String CONTENT="Richard," HEIGHT="60" HPOS="721" VPOS="3894" WIDTH="277" />
<SP HEIGHT="54" HPOS="999" VPOS="3900" WIDTH="31" />
<String CONTENT="1894-" HEIGHT="50" HPOS="1031" VPOS="3899" WIDTH="170" />
</TextLine>
<TextLine HEIGHT="71" HPOS="394" STYLEREFS="StyleId-405C7933-2433-4D49-9C7B-42647E4D94DE-" VPOS="3967" WIDTH="1933">
<String CONTENT="..." HEIGHT="9" HPOS="394" LANG="en-US" VPOS="4014" WIDTH="55" />
<SP HEIGHT="51" HPOS="450" VPOS="3972" WIDTH="39" />
<String CONTENT="Les" HEIGHT="53" HPOS="490" LANG="fr" VPOS="3972" WIDTH="105" />
<SP HEIGHT="48" HPOS="596" VPOS="3990" WIDTH="34" />
<String CONTENT="profits" HEIGHT="68" HPOS="631" LANG="en-US" VPOS="3970" WIDTH="201" />
<SP HEIGHT="51" HPOS="833" VPOS="3972" WIDTH="34" />
<String CONTENT="de" HEIGHT="51" HPOS="868" LANG="fr" VPOS="3972" WIDTH="67" />
<SP HEIGHT="48" HPOS="936" VPOS="3989" WIDTH="27" />
<String CONTENT="guerre" HEIGHT="49" HPOS="964" LANG="en-US" VPOS="3988" WIDTH="201" />
<SP HEIGHT="50" HPOS="1166" VPOS="3971" WIDTH="33" />
<String CONTENT="&#224;" HEIGHT="50" HPOS="1200" LANG="fr" VPOS="3971" WIDTH="30" />
<SP HEIGHT="51" HPOS="1231" VPOS="3971" WIDTH="29" />
<String CONTENT="travers" HEIGHT="46" HPOS="1261" LANG="fr" VPOS="3976" WIDTH="219" />
<SP HEIGHT="52" HPOS="1481" VPOS="3969" WIDTH="31" />
<String CONTENT="les" HEIGHT="52" HPOS="1513" LANG="fr" VPOS="3969" WIDTH="78" />
<SP HEIGHT="34" HPOS="1592" VPOS="3987" WIDTH="33" />
<String CONTENT="si&#232;cles." HEIGHT="54" HPOS="1626" LANG="fr" VPOS="3967" WIDTH="208" />
<SP HEIGHT="52" HPOS="1835" VPOS="3969" WIDTH="68" />
<String CONTENT="Paris," HEIGHT="60" HPOS="1904" LANG="fr" VPOS="3968" WIDTH="187" />
<SP HEIGHT="60" HPOS="2092" VPOS="3968" WIDTH="31" />
<String CONTENT="Payot," HEIGHT="67" HPOS="2124" LANG="fr" VPOS="3968" WIDTH="203" />
</TextLine>
<TextLine HEIGHT="48" HPOS="321" LANG="fr" STYLEREFS="StyleId-405C7933-2433-4D49-9C7B-42647E4D94DE-" VPOS="4054" WIDTH="148">
<String CONTENT="1935." HEIGHT="48" HPOS="321" VPOS="4054" WIDTH="148" />
</TextLine>
</TextBlock>
</PrintSpace>
</Page>
</Layout>
</alto>