2519 4377
1032 4086 131 50 1789

148 507 879 54 vii. 178 p. illus., diagrs. 24 ½ cm .
148 564 604 47 “Schriftenverzeiehnis”:
819 576 42 38 p.
902 562 248 54 [366]-178.

80 633 53 55 ©
160 640 113 46 Apr.
305 639 39 43 1,
375 636 139 40 3930:
549 636 63 39 1c.
646 636 115 45 July
796 636 79 39 37:
910 636 97 37 A-
1014 632 203 47 Foreign
1248 631 171 46 32581;
1456 632 61 40 M.
1550 632 35 40 &
1669 663 8 8 H.
1711 630 226 47 Sehaper.

159 693 280 49 (36-35962)

81 795 279 64 Mitchell,
386 796 235 62 Dewey.

150 871 220 56 Skilled
404 870 247 67 defense,
685 870 73 68 by
791 870 210 68 Dewey
1036 868 276 53 Mitchell.
1384 866 327 68 Cleveland,
1747 867 86 68 O.,
1867 868 210 68 Dewey

82 949 256 55 Mitchell
367 954 207 64 system
603 947 63 55 of
693 947 203 54 skilled
926 946 247 69 defense,
1200 947 107 53 inc.
1342 979 13 35 [
1360 951 18 22 c
1385 948 151 65 1936]

151 1025 85 39 175
262 1034 44 38 p.
332 1023 112 40 incl.
471 1022 141 48 illus.,
642 1025 123 45 port.
824 1020 146 41 30½cm.

152 1079 149 48 “Gun,
330 1080 218 39 hammer
573 1079 96 40 and
696 1078 109 41 club
832 1075 225 45 defense”:
1115 1088 43 38 p.
1189 1077 189 49 [17]-67.

83 1133 53 55 ©
163 1138 101 41 Oct.
288 1136 68 43 33.
385 1135 139 42 1930:
553 1135 65 40 2c.
646 1137 118 39 Nov.
822 1135 51 41 12:
906 1135 79 38 aff.
1015 1134 116 40 Nov.
1162 1134 79 39 33:
1276 1135 36 38 A
1343 1132 198 48 300479;
1575 1135 54 38 D.
1660 1133 232 45 Mitchell,
153 1130 1913 110 Cleveland.
351 1192 279 49 (36-31799)

83 1297 223 63 Mohat,
335 1296 222 52 Haldor
584 1298 66 52 R.

160 1369 1922 142 … The tariff on wool, by Haldor R. Mohat … Madison, Wis., Tariff research committee, 1935.
158 1525 81 39 xxi
268 1535 58 37 p.,
356 1525 22 36 1
445 1556 7 8 l..
485 1522 55 39 168
597 1534 43 36 p.
698 1522 178 45 diagrs.
934 1520 56 39 23
993 1523 44 22 rm
1043 1555 8 7 .
1120 1520 357 46 (Agricultural
1510 1521 188 48 tariffs)

87 1573 1997 63 © Mar. l. 3935; 2c. and aff. Nov. 36, 1936; A 99895; Tariff research
156 1638 286 40 committee.

88 1744 285 61 Mossner,
400 1741 218 52 Ernest
646 1739 316 63 Campbell.

155 1814 218 70 Bishop
402 1815 202 54 Butler
633 1814 113 54 and
774 1815 96 52 the
899 1832 103 51 age
1032 1812 65 55 of
1126 1831 227 50 reason;
1386 1832 29 34 a
1447 1813 172 70 study
1648 1815 59 52 in
1738 1815 95 54 the
1862 1816 221 70 history

86 1893 62 53 of
187 1894 263 68 thought,
490 1893 76 68 by
610 1893 209 52 Ernest
862 1890 299 70 Campbell
1200 1890 275 54 Mossner.
1555 1892 139 53 New
1737 1893 182 70 York,
1964 1895 120 52 The
86 1970 331 55 Macmillan
452 1987 299 52 company,
786 1972 150 50 1936.

157 2055 75 34 xv,
266 2044 84 40 271
385 2053 43 39 p.
488 2042 146 41 22½cm.

156 2099 374 49 Bibliography:
561 2109 42 38 p.
634 2098 217 41 241-261.

91 2154 53 54 ©
170 2160 116 38 Nov.
313 2158 69 42 17.
410 2155 140 43 1936:
579 2157 67 40 2c.
676 2156 95 40 and
799 2156 80 39 aff.
909 2156 116 40 Nov.
1055 2155 80 43 38:
1168 2158 37 37 A
1232 2156 172 40 100537:
1462 2156 282 42 Macmillan
1773 2169 65 30 co.

171 2213 280 50 (36-34559)

93 2315 282 64 Naether,
405 2315 135 55 Carl
567 2315 227 64 Albert,
824 2319 169 51 1892-

159 2392 121 53 The
320 2391 253 54 business
612 2391 196 67 letter;
854 2390 312 70 principles
1210 2391 113 54 and
1368 2391 304 71 problems,
1711 2393 76 71 by
1835 2394 136 57 Carl
2016 2396 70 52 A.

94 2466 1970 153 Naether … Rev. and enl. ed. New York, London, D. Appleton-Century company, incorporated [ c 1936 3
162 2619 82 48 xii,
274 2619 86 41 596
386 2629 42 38 p.
460 2618 107 42 incl.
597 2619 142 46 illus.,
767 2619 166 40 forms,
994 2618 171 50 plates.
1225 2618 116 46 23cm.

163 2675 181 41 Music:
375 2685 44 38 p.
449 2675 99 41 219.

162 2731 372 48 Bibliography:
568 2740 42 39 p.
644 2730 216 42 586-589.

96 2785 53 54 ©
174 2791 117 39 Nov.
316 2790 40 40 4.
381 2788 141 43 1936:
550 2787 67 41 2c.
645 2790 118 38 Nov.
788 2788 54 42 9:
872 2789 82 40 aff.
982 2790 117 41 Nov.
1126 2789 81 42 10:
1238 2792 38 38 A
1303 2790 199 44 300388;
1534 2794 54 38 D.
1619 2794 443 49 Appleton-Century

165 2858 83 30 co.,
275 2846 91 40 inc.
431 2843 283 50 (36-34567)

98 2950 231 63 Parain,
358 2949 260 56 Charles.

226 3023 1866 79 … La Méditerranée; les hommes et leurs travaux. Paris,
98 3099 321 55 Gallimard
457 3103 171 65 [1936]

165 3172 1924 60 2 p. l., [7]—225 p., 1 l. plates. 22½cm. (On cover: Géographie humaine;
96 3228 248 42 collection
375 3229 183 45 dirigée
589 3240 91 37 par
712 3230 49 40 F.
795 3229 361 50 Deffontaines)

167 3285 330 41 “Indications
524 3284 502 50 bibliographiques”;
1059 3298 44 38 p.
1140 3287 248 51 [211]-213.

100 3338 53 55 ©
184 3345 127 38 June
341 3342 69 46 25,
443 3342 139 43 1936:
618 3344 65 38 1c.
718 3345 117 44 Aug.
869 3344 81 41 27:
987 3345 98 40 A-
1090 3346 207 45 Foreign
1329 3346 143 42 32862;
1536 3351 242 41 Librairie
1812 3355 269 42 Gallimard

181 3398 280 42 (36-36192)

102 3501 160 61 Paul,
289 3502 264 54 Rodman
582 3502 241 55 Wilson.

171 3579 120 52 The
341 3578 336 70 abrogation
730 3579 62 53 of
842 3582 94 52 the
986 3582 364 67 gentlemen’s
1398 3597 338 58 agreement,
1784 3593 170 67 being
2003 3598 92 53 the

106 3656 267 53 Harvard
404 3657 109 53 Phi
547 3657 128 53 beta
707 3657 192 68 kappa
931 3660 155 68 prize
1115 3680 160 50 essay
1304 3662 93 54 for
1427 3668 150 65 1936,
1605 3668 76 68 by
1712 3671 260 55 Rodman
2006 3677 89 52 W.

103 3734 161 54 Paul.
339 3733 365 70 Cambridge,
733 3737 191 65 Mass.,
955 3738 120 53 The
1106 3738 243 70 Society,
1383 3746 149 53 1936.

175 3807 103 46 xiii,
309 3807 85 41 117
422 3818 43 37 p.
525 3806 55 42 18
583 3810 43 21 cm
632 3839 9 8 .

179 3864 1919 60 “A study in the operation of the United States Congress in the
110 3920 232 47 handling
373 3920 52 40 of
456 3931 88 30 one
574 3921 271 47 particular
877 3922 98 40 bill.
1039 3925 68 37 An
1142 3926 206 48 attempt
1382 3929 89 39 has
1503 3930 116 42 been
1651 3934 139 38 made
1826 3940 46 33 to
1904 3939 193 46 explain

110 3977 104 38 how
254 3977 96 39 and
388 3977 109 48 why
539 3976 236 49 Congress
815 3989 133 32 came
988 3982 48 39 to
1076 3981 236 42 establish
1353 3985 250 43 exclusion
1641 3988 53 41 of
1734 3991 80 41 the
1856 3993 243 44 Japanese
