2519 4377
1034 4156 135 46 1127

66 507 240 65 Walter,
334 504 247 56 Francis
606 506 53 53 J.

135 585 1868 78 Walter’s Spanish syllabary [by] Francis J. Walter …
67 675 238 66 Mexico,
331 672 145 56 Casa
498 672 219 54 editora
746 669 447 54 Panamericana
1265 671 151 62 [c1936]

116 745 427 43 card. 22 × 14 cm .
140 805 72 40 On
247 804 82 39 the
364 810 139 31 verso
539 801 52 38 of
625 798 293 50 pasteboard
954 796 115 42 card
1106 806 84 29 are
1229 794 263 41 directions
1528 793 80 41 for
1643 794 82 39 the
1761 803 87 30 use
1883 792 52 41 of
1970 793 97 39 two

65 861 248 48 syllabary
344 857 139 42 dials.

76 919 1990 63 © 1c. Aug. 19, 1936; A ad int. 21765; pubd. Aug. 13; F. J. Walter,
143 987 187 41 Mexico
363 984 124 50 City,
520 986 123 38 Mex.

71 1091 227 62 Weber,
325 1090 137 53 Mrs.
490 1089 229 51 Lenora
750 1083 384 67 (Mattingly)
1171 1089 171 49 1895-

146 1163 260 71 Rocking
447 1163 177 56 Chair
663 1163 175 53 ranch
900 1160 92 69 [by]
1037 1160 220 52 Lenora
1298 1156 320 71 Mattingly
1656 1157 232 67 Weber;
1931 1157 139 52 with

76 1242 380 57 illustrations
502 1242 75 67 by
623 1240 217 68 Joseph
888 1237 254 70 Stahley.
1225 1238 235 66 Boston,
1501 1235 322 70 Houghton
1868 1235 203 53 Mifflin

78 1339 294 51 company,
402 1323 150 50 1936.

149 1390 931 54 6 p. l., 210 p. front., plates. 22 cm .
78 1460 54 54 ©
161 1465 118 47 Aug.
312 1465 67 46 18,
413 1462 139 48 1936;
586 1463 66 39 2c.
686 1462 95 39 and
813 1462 82 41 aff.
928 1462 118 46 Aug.
1077 1461 82 45 24;
1193 1461 40 39 A
1263 1460 171 47 98091;
1468 1461 50 39 L.
1553 1461 62 39 M.
1646 1459 187 49 Weber,
1866 1461 208 40 Denver.

161 1520 277 50 (36-18208)

79 1627 181 62 West,
286 1624 188 55 Willis
499 1626 227 61 Mason,
755 1623 325 56 1857-1931.

149 1703 122 53 The
299 1705 157 66 story
486 1701 64 54 of
579 1700 234 54 modern
844 1716 262 53 progress
1137 1698 141 53 with
1309 1718 31 34 a
1370 1697 376 70 preliminary
1777 1717 205 50 survey
2014 1698 62 54 of

81 1774 1994 75 earlier progress. New ed. By Willis Mason West … and
79 1853 1997 73 Ruth West … Boston, New York [etc.] Allyn and Bacon
101 1939 177 64 [ c 1936]
151 2008 136 48 xviii,
310 2006 99 50 730,
431 2007 57 41 54
508 2019 43 38 p.
602 2009 87 40 col.
711 2007 164 48 front.,
897 2006 142 48 illus.,
1063 2007 158 50 plates
1249 2007 137 50 (part
1407 2007 111 49 col.)
1549 2017 138 40 maps
1716 2008 133 49 (part
1872 2009 198 48 double)

81 2066 57 41 21
141 2068 44 22 cm
189 2098 10 10 .

154 2123 152 42 Verso
342 2123 52 40 of
427 2132 112 38 map
575 2121 169 49 facing
777 2133 43 38 p.
857 2121 86 41 216
978 2122 89 39 has
1103 2121 293 48 descriptive
1431 2122 299 49 letterpress.

157 2178 69 40 “A
254 2179 146 42 select
429 2178 84 42 list
541 2179 52 41 of
620 2180 149 40 books
798 2190 59 30 on
885 2179 152 41 world
1067 2179 189 47 history
1284 2178 79 41 for
1391 2179 117 48 high
1537 2178 215 42 schools”:
1813 2191 43 38 p.
1887 2180 114 41 1-18
2031 2184 50 37 at

84 2238 105 42 end.

84 2303 56 54 ©
169 2308 126 40 June
323 2308 68 47 19,
420 2307 140 42 1936;
591 2307 68 39 2c.
690 2308 117 46 Aug.
838 2309 52 44 7;
922 2306 81 42 aff.
1034 2307 120 47 Aug.
1184 2307 52 47 6;
1268 2308 40 38 A
1338 2306 169 48 97276;
1541 2307 275 42 Minnesota
1844 2308 111 42 loan
1989 2308 94 40 and

151 2366 130 38 trust
304 2374 81 39 co.,
412 2365 227 38 executor
666 2364 53 39 of
741 2363 162 41 Willis
928 2363 172 40 Mason
1127 2364 148 46 West,
1303 2362 337 50 Minneapolis.|

169 2419 278 49 (36-18010)

89 2524 373 64 Weymouth,
493 2524 276 52 Clarence
799 2521 274 65 Andrew,
1105 2527 171 50 1906-

158 2602 176 53 What
378 2600 167 67 plane
589 2602 49 51 is
682 2600 160 53 that?
929 2600 91 68 By
1067 2600 61 55 C.
1175 2600 70 53 A.
1291 2601 363 68 Weymouth,
1697 2601 71 68 jr.
1842 2602 163 55 With
2055 2622 31 34 a

91 2678 285 54 foreword
407 2677 74 67 by
515 2677 249 67 Captain
798 2674 186 56 Eddie
1016 2677 439 54 Rickenbacker.
1525 2679 139 53 New
1699 2679 179 67 York,
92 2680 1970 130 Frederick
269 2756 71 53 A.
372 2752 200 58 Stokes
598 2772 296 50 company,
924 2757 149 52 1936.

163 2829 53 40 53
251 2828 28 40 1.
342 2826 128 42 illus.
532 2826 208 41 19½×24½
773 2829 44 21 cm
821 2859 9 9 .

96 2894 54 54 ©
177 2899 112 47 May
318 2897 69 48 25,
417 2896 140 48 1936;
588 2897 67 41 2c.
686 2896 94 40 and
808 2897 79 40 aff.
920 2897 113 48 May
1058 2897 83 46 27;
1173 2897 39 40 A
1240 2897 170 46 95385;
1444 2897 263 43 Frederick
1732 2901 55 41 A.
1821 2901 171 41 Stokes
2021 2912 67 30 co.

177 2954 279 48 (36-27323)

95 3056 327 65 Wheatley,
449 3056 241 55 Dennis.

229 3130 1863 65 … Murder off Miami. London, Pub. for the Crime-book
98 3211 209 67 society
344 3211 75 67 by
455 3211 364 53 Hutchinson
856 3215 45 49 &
936 3227 77 38 co.
1048 3211 374 69 (publishers)
1468 3212 103 56 ltd.
1657 3218 151 63 [c1936]

169 3285 24 38 1
223 3294 43 31 v.
321 3282 157 50 plates
507 3283 133 47 (part
669 3283 101 47 col.,
798 3284 113 46 part
941 3283 253 51 mounted)
1230 3286 163 47 ports.,
1424 3284 215 44 facsims.
1697 3287 60 40 28
1756 3290 44 21 cm
1806 3320 8 8 .

168 3338 294 43 Cover-title.

169 3397 63 39 At
272 3396 127 40 head
443 3395 52 39 of
537 3395 107 40 title:
718 3393 182 41 Dennis
944 3394 255 49 Wheatley
1240 3398 222 46 presents
1504 3408 28 29 a
1574 3408 108 29 new
1725 3409 83 30 era
1853 3400 48 39 in
1946 3401 151 41 crime

95 3452 190 47 fiction;
317 3463 29 29 a
375 3451 194 41 murder
598 3453 215 45 mystery
840 3450 211 49 planned
1079 3451 62 48 by
1172 3453 44 41 J.
1247 3452 52 42 G.
1330 3452 162 40 Links.

164 3507 406 51 Mimeographed.

104 3572 1993 59 © 1c. Aug. 21, 1936; A ad int. 21768; pubd. July 23; William Morrow
176 3636 36 40 &
231 3645 82 38 co.,
340 3634 104 50 inc.,
468 3635 117 39 New
609 3635 145 39 York.

106 3737 280 63 Wieman,
412 3739 138 51 Mrs.
577 3737 229 62 Regina
835 3736 351 66 (Westcott)

175 3812 361 68 Popularity,
580 3813 75 66 by
703 3812 220 67 Regina
967 3813 277 54 Westcott
1289 3813 277 56 Wieman.
1642 3817 269 69 Chicago,
1957 3821 138 52 New

111 3891 176 64 York,
314 3890 242 63 Willett,
588 3889 177 55 Clark
792 3892 50 50 &
873 3906 294 52 company,
1198 3895 148 50 1936.

180 3963 51 39 ix
259 3973 58 38 p.,
343 3963 25 40 1
415 3992 23 16 l.,
464 3962 85 40 132
576 3972 43 37 p.
679 3961 55 41 19½
767 3964 44 22 cm
815 3994 10 9 .

115 4027 53 54 ©
205 4033 125 40 June
368 4031 68 49 29,
476 4031 139 46 1936;
659 4032 66 38 2c.
767 4032 115 46 July
919 4031 84 47 24;
1045 4031 81 39 aff.
1168 4032 115 48 July
1319 4034 53 47 2;
1414 4035 40 39 A
1493 4033 171 52 92697;
1707 4038 188 41 Willett
1952 4042 150 41 Clark

178 4089 37 40 &
241 4099 64 30 co.
372 4088 278 49 (36-27352)
