2519 4377
1360 4161 133 51 1138

471 549 87 41 118
584 559 44 38 p.
690 547 147 42 25½cm.

472 604 74 41 On
575 616 143 30 cover;
779 604 210 42 General
1018 605 158 49 digest
1207 605 199 42 service.

403 672 54 53 ©
488 676 117 48 July
634 676 72 48 24,
737 675 141 47 1936;
913 677 67 40 2c.
1015 676 96 39 and
1144 676 82 42 aff.
1258 677 121 47 Aug.
1414 678 82 45 17;
1531 678 40 38 A
1603 676 173 47 96956;
1811 678 137 39 West
1980 676 110 49 pub.
2123 687 67 30 co.

485 734 284 48 (36-18395)

473 838 247 54 General
764 838 184 67 digest
983 835 336 70 (American
1360 836 186 70 digest
1587 838 238 67 system)
1913 839 54 52 A
2011 838 188 68 digest
2239 837 63 52 of
2344 837 77 52 all

401 921 230 49 current
654 915 280 56 decisions
960 916 62 54 of
1049 917 94 53 the
1171 915 308 55 American
1505 923 192 48 courts
1722 934 60 36 as
1806 918 269 67 reported
2098 917 62 53 in
2186 917 95 54 the
402 917 1993 131 National

630 1000 259 64 reporter
935 1000 211 64 system
1191 996 112 52 and
1349 995 95 53 the
1489 1000 148 48 state
1678 1000 225 64 reports
1949 993 335 71 containing
2327 995 95 51 the

403 1075 202 53 fourth
634 1074 295 53 decennial
959 1073 202 70 digest,
1227 1075 226 53 volume
1482 1079 44 50 1.
1591 1077 132 54 Jan.
1756 1079 47 64 1,
1833 1075 314 68 1936/May
2176 1078 84 64 31,
2288 1079 134 50 1936

407 1196 57 9 ...
545 1155 91 65 By
668 1153 96 53 the
799 1151 342 70 publisher’s
1175 1153 268 54 editorial
1477 1154 149 53 staff.
1705 1153 84 55 St.
1827 1154 167 67 Paul,
2028 1154 203 67 Minn.,
2263 1155 161 53 West

402 1230 340 71 publishing
766 1250 98 47 co.,
894 1235 150 51 1936.

475 1305 81 48 vii,
590 1305 118 41 2264
739 1315 44 38 p.
844 1305 60 40 26
904 1308 46 21 cm
953 1335 8 9 .

407 1372 53 53 ©
491 1376 118 47 July
639 1376 72 47 23,
743 1376 118 41 1936;
918 1375 68 41 2c.
1019 1376 97 40 and
1149 1376 83 41 aff.
1264 1377 124 47 Aug.
1418 1377 54 40 17;
1534 1377 41 39 A
1608 1375 171 48 96976;
1813 1377 135 40 West
1981 1376 111 49 pub.
2126 1386 67 31 co.

488 1425 284 58 (36-18396)

404 1535 320 55 American
766 1536 279 55 institute
1087 1537 64 53 of
1191 1537 230 65 mining
1460 1538 115 52 and
1615 1536 435 66 metallurgical
2093 1537 331 65 engineers.

479 1616 141 53 Goal
645 1615 267 54 division.

476 1695 410 53 Transactions
912 1696 63 53 of
1001 1696 94 52 the
1122 1695 309 53 American
1456 1696 266 53 institute
1748 1695 64 55 of
1836 1694 224 69 mining
2087 1696 113 52 and
404 1695 1997 146 metallurgical

712 1774 294 67 engineers
1040 1774 457 68 (incorporated)
1604 1774 110 53 vol.
1778 1778 117 49 119.
1956 1774 143 55 Coal
2160 1773 267 70 division,

408 1856 150 50 1936.
635 1854 220 66 Papers
902 1852 113 53 and
1061 1849 343 56 discussions
1448 1853 300 68 presented
1793 1853 198 54 before
2037 1854 97 53 the
2180 1852 248 54 division

409 1940 57 47 at
505 1932 96 52 the
639 1931 280 68 meetings
954 1930 136 54 held
1131 1937 57 47 at
1231 1930 161 56 State
1431 1931 231 70 college,
1701 1935 121 64 Pa.,
1862 1932 126 56 Oct.
2031 1935 188 63 19-20,
2260 1935 162 65 1934;

410 2012 83 55 St.
526 2010 195 66 Louis,
753 2011 134 66 Mo.,
921 2010 127 55 Oct.
1083 2013 191 63 28-29,
1310 2013 163 64 1935;
1510 2011 139 52 New
1682 2010 181 68 York,
1896 2011 136 54 Feb.
2068 2014 188 64 18-21,
2292 2014 132 50 1935

409 2087 113 56 and
552 2089 135 53 Feb.
721 2088 188 66 17-21,
938 2092 151 51 1936.
1166 2090 140 51 New
1336 2088 181 68 York,
1546 2090 70 53 N.
1648 2091 91 66 Y.,
1767 2090 122 53 The
1916 2090 276 53 Institute
2229 2124 12 33 [
2246 2096 18 21 c
2270 2093 133 49 1936]

480 2163 85 40 532
596 2173 44 37 p.
701 2161 130 41 illus.
875 2161 134 49 (incl.
1042 2164 163 46 maps)
1248 2162 180 47 diagrs.
1490 2162 147 41 23½cm.

411 2230 55 54 ©
499 2234 117 48 July
649 2234 71 48 27,
757 2233 141 48 1936;
936 2233 68 41 2c.
1042 2234 121 48 Aug.
1198 2232 82 49 19;
1319 2233 82 41 aff.
1438 2234 120 48 Aug.
1594 2232 83 49 20;
1715 2233 41 41 A
1791 2232 172 49 97447;
2003 2234 160 41 Amer,
2199 2233 230 41 institute

480 2292 53 40 of
564 2291 188 48 mining
782 2291 96 40 and
910 2291 362 48 metallurgical
1305 2289 269 50 engineers,
1604 2291 92 41 inc.

409 2396 319 54 American
756 2398 113 51 law
897 2396 300 56 institute.

486 2518 56 8 ...
591 2476 390 52 Restatement
1026 2474 63 53 of
1131 2479 294 63 property.
1503 2475 295 67 Proposed
1839 2474 141 52 final
2024 2474 179 53 draft.
409 2473 1995 133 Submitted
663 2554 75 66 by

784 2553 97 53 the
926 2553 221 52 council
1191 2558 60 47 to
1297 2552 97 54 the
1439 2553 277 53 members
1761 2552 95 54 for
1902 2551 421 55 consideration
2371 2559 58 46 at

411 2633 94 53 the
535 2632 333 53 fourteenth
897 2631 212 52 annual
1136 2631 267 68 meeting,
1431 2632 139 66 May
1598 2631 49 66 7,
1678 2636 47 63 8,
1754 2635 49 63 9,
1834 2635 134 49 1936
2005 2675 55 9 ...
2129 2633 300 67 Reporter,

411 2710 257 54 Richard
709 2711 67 52 R.
817 2710 216 53 Powell
1080 2753 55 9 ...
1215 2709 283 68 Reporter
1539 2710 95 52 for
1675 2711 235 67 chapter
1954 2714 83 62 13,
2075 2712 90 52 W.
2208 2712 222 51 Barton

411 2789 188 54 Leach
639 2832 56 9 ...
768 2789 203 52 March
1006 2792 84 62 30,
1127 2791 149 51 1936.
1348 2788 429 68 Philadelphia,
1811 2791 121 65 Pa.,
1966 2790 123 51 The
2122 2788 307 53 American

410 2866 628 69 law institute [ c 1936]
483 2941 85 40 422
597 2952 44 38 p.
702 2940 56 42 23
762 2944 44 20 cm
812 2974 8 8 .

416 3009 52 53 ©
498 3014 115 47 Apr.
644 3013 69 48 17,
744 3011 117 41 1936;
918 3011 67 41 2c.
1018 3011 96 40 and
1147 3010 82 41 aff.
1262 3012 128 39 June
1420 3011 28 40 8;
1507 3012 41 38 A
1577 3010 149 42 95587;
1785 3012 160 39 Amer,
1979 3011 94 39 law
2103 3009 242 42 institute.

414 3132 320 64 Amsbary,
761 3132 155 54 John
942 3132 249 53 Burton.

487 3209 97 55 Oil
615 3209 114 54 and
758 3227 102 51 gas
888 3209 112 52 law
1030 3207 63 55 of
1123 3207 347 69 California,
1498 3208 76 68 by
1603 3207 156 55 John
1790 3208 227 53 Burton
2045 3207 289 69 Amsbary
2368 3250 56 10 ...

439 3287 131 67 [and]
598 3288 195 54 Jonah
818 3287 176 54 Jones
1023 3330 56 10 ...
1167 3286 112 52 [Los
1302 3285 268 69 Angeles,
1594 3285 238 68 Parker,
1858 3284 176 57 Stone
2057 3289 46 50 &
2125 3286 183 53 Baird
2334 3304 96 49 co.,

413 3372 19 23 c
437 3370 154 64 1936]

484 3441 98 46 xiv,
612 3440 87 40 425
726 3450 45 39 p.
829 3438 56 40 23½
920 3441 44 21 cm
968 3471 9 9 .

487 3496 73 42 On
587 3508 142 30 cover;
786 3497 223 49 Revised,
1036 3496 122 41 with
1184 3495 170 42 forms.

489 3555 177 43 “Table
695 3555 51 42 of
771 3554 166 43 cases”;
995 3567 43 38 p.
1071 3554 250 53 [387]-400.

421 3624 52 53 ©
509 3629 113 46 May
658 3629 40 46 4,
735 3626 141 47 1936;
914 3627 67 40 2c.
1018 3629 114 45 May
1167 3627 57 39 19;
1288 3626 83 41 aff.
1408 3627 118 47 Aug.
1565 3626 81 42 10;
1685 3627 41 38 A
1760 3625 172 47 96847;
1973 3625 201 48 Parker,
2216 3625 146 41 Stone
2397 3626 37 39 &

491 3683 152 41 Baird
679 3694 67 30 co.
811 3684 282 49 [Copyright
1129 3683 42 40 is
1205 3683 206 39 claimed
1447 3693 60 30 on
1544 3682 213 40 revision
1793 3682 94 40 and
1920 3691 109 30 new
2063 3684 194 47 matter]

500 3740 283 49 (36-18394)

417 3847 270 64 Atwood,
716 3846 254 54 Wallace
998 3844 244 64 Walter,
1276 3847 171 53 1872-

489 3924 121 52 The
645 3925 226 66 growth
907 3922 64 53 of
1005 3923 247 65 nations,
1287 3922 75 68 by
1396 3922 255 54 Wallace
1682 3921 92 54 W.
1811 3920 248 54 Atwood
2097 3919 112 54 and
2246 3919 185 52 Helen

419 4000 144 55 Goss
595 4001 249 55 Thomas
881 4044 57 10 ...
1010 4002 235 66 Boston,
1275 4001 138 52 New
1446 3999 164 55 York
1662 4004 122 62 [etc.]
1821 3998 157 56 Ginn
2010 3998 112 53 and
2153 4014 278 51 company

423 4113 13 34 [
442 4086 17 20 c
469 4083 149 64 1936]
