2519 4377
1031 4087 97 49 533

90 439 280 65 Cushing,
397 442 240 61 Harvey
663 438 303 65 Williams,
996 445 170 48 1869-

159 518 174 51 From
371 536 31 33 a
440 516 286 66 surgeon's
764 516 244 67 journal,
1051 519 324 61 1915-1918,
1414 516 74 66 by
1528 517 235 64 Harvey
1804 513 273 69 Cushing.

88 594 160 54 With
299 594 380 52 illustrations
729 594 112 51 and
893 611 175 49 maps.
1158 595 230 64 Boston,
1440 591 194 67 Little,
1686 594 228 64 Brown,
1967 592 110 52 and

87 689 295 48 company,
413 674 147 49 1936.

155 743 97 45 xxi,
284 743 83 39 534
397 754 43 36 p.
499 742 163 47 front.,
691 742 130 41 illus.
851 743 131 46 (incl.
1014 742 161 47 maps)
1217 744 169 46 plates,
1416 745 149 45 ports.
1624 741 55 40 23½
1712 743 44 20 cm
1761 771 8 8 .

89 795 1992 52 © May 4, 1936: 2c. and aff. May 5; A 94284; Harvey Cushing, New
157 856 184 46 Haven,
375 855 146 40 Conn.

110 957 364 65 [Day-Lewis,
504 958 172 66 Cecil]
713 963 167 49 1904-

160 1033 157 55 Shell
350 1033 62 53 of
445 1034 187 67 death,
662 1034 76 68 by
769 1034 269 52 Nicholas
1073 1033 183 52 Blake
1310 1033 215 68 [pseud.]
1601 1032 138 53 New
1773 1031 162 53 York
1969 1031 113 54 and

86 1113 256 66 London,
370 1113 232 67 Harper
629 1115 46 49 &
704 1113 277 67 brothers,
1013 1115 148 50 1936.

159 1186 669 49 vi p., 1 l., 296 p. 19½ cm .
162 1244 194 39 London
401 1243 185 41 edition
641 1243 140 48 (Pub.
826 1243 80 39 for
951 1243 81 40 the
1079 1242 158 42 Crime
1283 1243 108 40 club
1439 1243 60 48 by
1544 1242 209 49 Collins)
1807 1243 89 40 has
1944 1243 136 41 title:

87 1300 135 39 Thou
254 1300 121 39 shell
407 1300 51 39 of
489 1300 159 39 death.

157 1355 160 40 “First
349 1354 225 42 edition.”

88 1408 52 52 ©
167 1414 112 39 Mar
306 1414 37 45 1,
370 1412 139 46 1936;
538 1411 66 40 2c.
634 1413 115 47 May
774 1412 53 46 1;
856 1410 81 42 aff.
966 1412 112 46 May
1104 1412 54 45 4;
1186 1411 39 38 A
1254 1410 169 47 95002;
1454 1411 192 47 Harper
1673 1412 38 39 &
1736 1411 125 41 bros.

170 1468 248 48 (36-9694)

87 1571 246 63 Deaton,
363 1571 252 55 William
644 1572 255 55 Emmet.

158 1649 201 65 Quick,
391 1649 109 53 Mr.
538 1648 339 53 Bunnifeel!
957 1650 89 65 By
1078 1648 258 56 William
1372 1648 226 53 Emmet
1631 1649 241 53 Deaton.
1942 1648 140 55 New

88 1726 900 68 York, R. Speller, inc. [ c 1935]
155 1798 463 48 4 p. l., 278 p. 19½cm.
157 1855 160 40 “First
346 1854 225 42 edition.”

87 1907 53 52 ©
164 1912 110 40 Feb.
299 1911 68 50 26,
393 1911 139 47 1935;
559 1911 67 41 2c.
651 1912 113 47 Apr.
790 1911 68 49 16,
884 1910 140 47 1936;
1053 1910 82 41 aff.
1160 1911 110 40 Feb.
1297 1911 81 46 14;
1406 1911 41 39 A
1472 1909 170 48 93685;
1672 1910 180 40 Robert
1882 1909 198 49 Speller,

156 1968 89 40 inc.

89 2070 276 65 Delaney,
393 2071 241 55 Martin.

218 2144 1863 70 … Journal of a young man. New York, The Vanguard
90 2243 151 50 press
459 2258 11 34 [c1936]

155 2300 87 40 300
269 2311 42 37 p.
368 2300 25 39 21½
455 2302 44 21 cm
505 2333 9 7 .

88 2352 52 53 ©
167 2358 112 47 Apr.
309 2355 69 48 28,
407 2356 141 46 1936;
578 2356 67 40 2c.
678 2357 113 47 May
821 2356 52 47 6;
902 2355 81 41 aff.
1015 2357 114 47 May
1158 2356 53 47 5;
1242 2356 42 38 A
1312 2354 170 49 94301;
1514 2356 265 47 Vanguard
1808 2366 149 39 press,
1990 2357 91 40 inc.

165 2412 248 47 (36-9698)

88 2515 378 65 Desvernine,
493 2516 186 54 Raoul
706 2516 258 63 Eugene,
994 2521 169 49 1891-

156 2590 1923 70 Democratic despotism, by Raoul E. Desvernine … New
90 2670 175 61 York,
294 2671 189 65 Dodd,
512 2671 172 52 Mead
715 2671 112 52 and
858 2687 297 52 company,
1189 2673 149 50 1936.

155 2743 66 49 xi,
250 2745 84 40 243
366 2755 41 38 p.
467 2745 128 41 illus.
653 2744 61 41 20
714 2747 43 21 cm
763 2778 8 6 .

88 2797 53 52 ©
169 2802 112 47 Apr.
312 2801 68 48 27,
411 2800 139 48 1936;
583 2801 66 42 2c.
680 2803 95 38 and
806 2801 81 41 aff.
918 2802 114 47 Apr.
1059 2801 82 47 30;
1175 2803 40 37 A
1245 2801 170 48 94207;
1449 2803 153 47 Dodd,
1636 2802 142 40 Mead
1809 2802 37 40 &
1874 2811 82 37 co.,
1988 2802 92 40 inc.

170 2857 248 49 (36-9680)

87 2960 465 64 Dhammapada.
626 2961 262 65 English.

158 3036 119 53 The
309 3036 466 68 Dhammapada;
810 3038 312 55 translated
1156 3038 150 52 from
1338 3038 96 52 the
1466 3038 148 67 Pali,
1644 3038 141 53 with
1818 3057 70 33 an
1919 3056 159 47 essay

87 3114 1992 70 on Buddha and the Occident, by Irving Babbitt … New York,
89 3193 254 66 London,
375 3191 228 56 Oxford
632 3192 320 69 university
978 3211 173 50 press,
1184 3197 147 51 1936.

161 3264 83 45 xii,
274 3265 83 40 123
385 3275 42 37 p.
488 3265 57 38 22½cm.

163 3320 239 41 “Editor’s
430 3321 141 40 note”
599 3322 196 48 signed:
823 3323 132 39 Dora
984 3323 56 39 D.
1069 3322 212 43 Babbitt.

164 3376 127 40 “The
326 3379 191 45 present
555 3378 293 40 translation
885 3378 39 39 is
960 3390 25 29 a
1023 3378 209 41 revision
1267 3379 51 40 of
1352 3380 80 39 the
1467 3390 86 30 one
1587 3379 106 40 first
1728 3379 255 49 published
2019 3381 59 47 by

93 3434 114 39 Max
235 3434 175 40 Müller
437 3435 50 38 in
515 3434 264 49 1870.”—p.
807 3446 45 30 x.

163 3489 161 41 “First
353 3490 225 41 edition.”

91 3543 52 53 ©
179 3549 111 46 Apr.
329 3548 67 49 16,
433 3547 140 44 1936;
612 3548 67 42 2c.
717 3550 96 39 and
851 3549 81 41 aff.
971 3551 113 47 Apr.
1121 3550 82 45 25;
1244 3551 39 38 A
1323 3550 170 43 93779;
1535 3550 187 41 Oxford
1761 3551 128 40 univ.
1930 3561 149 38 press,

159 3605 115 38 New
306 3605 142 47 York,
481 3605 90 40 inc.
642 3605 251 48 (36-9649)

90 3694 277 61 Dootson,
391 3694 131 64 Lily
545 3696 134 54 Lee.

160 3769 205 53 Which
397 3790 88 32 am
513 3771 49 62 I,
589 3771 148 67 bird,
763 3772 174 66 beast,
966 3791 62 34 or
1055 3771 104 54 fish
1177 3772 19 52 ?
1262 3773 230 52 Picture
1521 3773 213 52 riddles
1765 3773 93 54 for
1885 3791 194 51 young

95 3847 1983 71 readers, by Lily Lee Dootson … pictures by Clarance Biers
94 3924 108 51 and
245 3924 209 54 Maude
494 3927 46 51 I.
585 3926 69 54 G.
699 3926 212 54 Oliver.
992 3927 269 69 Chicago,
1301 3929 188 66 Rand,
1530 3929 273 68 McNally
1845 3932 44 49 &
93 3948 1960 118 company
283 4004 190 64 [c1936]
