<alto xmlns="http://www.loc.gov/standards/alto/ns-v3#" xmlns:xsi="http://www.w3.org/2001/XMLSchema-instance" xsi:schemaLocation="http://www.loc.gov/standards/alto/ns-v3# http://www.loc.gov/alto/v3/alto-3-0.xsd"><Description>
<MeasurementUnit>pixel</MeasurementUnit>
<sourceImageInformation>
<fileName>1936_v33_Part1.pdf</fileName>
</sourceImageInformation>
<OCRProcessing ID="IdOcr">
<ocrProcessingStep>
<processingDateTime>2019-01-18</processingDateTime>
<processingSoftware>
<softwareCreator>ABBYY</softwareCreator>
<softwareName>ABBYY Recognition Server</softwareName>
<softwareVersion>4.0</softwareVersion>
</processingSoftware>
</ocrProcessingStep>
</OCRProcessing>
</Description>
<Styles>
<ParagraphStyle ALIGN="Left" FIRSTLINE="0." ID="StyleId-FFFFFFFF-FFFF-FFFF-FFFF-FFFFFFFFFFFF-" LEFT="0." RIGHT="0." />
<ParagraphStyle ALIGN="Left" FIRSTLINE="0." ID="StyleId-51D50FAC-7A90-4D70-8A96-5EA9D46D1C8B-" LEFT="0." LINESPACE="7.699999809" RIGHT="0." />
<ParagraphStyle ALIGN="Block" FIRSTLINE="-17." ID="StyleId-6BC133E9-7DCB-43C3-8842-A67984A26405-" LEFT="0." LINESPACE="8.340000153" RIGHT="0." />
<ParagraphStyle ALIGN="Left" FIRSTLINE="-13." ID="StyleId-3C3FF860-43E7-46A2-8934-48F305F6F0D6-" LEFT="0." LINESPACE="11.06999969" RIGHT="0." />
<ParagraphStyle ALIGN="Block" FIRSTLINE="-13." ID="StyleId-19220C76-4F8A-4737-B38C-B5F5C17E6040-" LEFT="0." LINESPACE="11.06999969" RIGHT="0." />
<ParagraphStyle ALIGN="Left" FIRSTLINE="0." ID="StyleId-75A0D721-13ED-4F20-9002-B389EC48477D-" LEFT="0." LINESPACE="15.5" RIGHT="0." />
<ParagraphStyle ALIGN="Left" FIRSTLINE="0." ID="StyleId-8A414184-C7A5-4AC7-9B88-7DA4DDE75922-" LEFT="0." LINESPACE="9.399999619" RIGHT="0." />
<ParagraphStyle ALIGN="Left" FIRSTLINE="0." ID="StyleId-1A87970B-111C-4169-99A6-9412976F3C97-" LEFT="0." LINESPACE="10.5" RIGHT="0." />
<ParagraphStyle ALIGN="Block" FIRSTLINE="-17." ID="StyleId-72DB0571-5AE4-41FD-9E11-68C6AC4C437E-" LEFT="0." LINESPACE="8.340000153" RIGHT="0." />
<ParagraphStyle ALIGN="Center" FIRSTLINE="0." ID="StyleId-1AA43056-C388-4697-B10F-72FDAA38FAE1-" LEFT="0." LINESPACE="10.5" RIGHT="0." />
</Styles>
<Layout>
<Page HEIGHT="4377" ID="Page819" PHYSICAL_IMG_NR="819" WIDTH="2519">
<TopMargin HEIGHT="474" HPOS="0" VPOS="0" WIDTH="2519">
</TopMargin>
<LeftMargin HEIGHT="3720" HPOS="0" VPOS="474" WIDTH="98">
</LeftMargin>
<RightMargin HEIGHT="3720" HPOS="2116" VPOS="474" WIDTH="403">
</RightMargin>
<BottomMargin HEIGHT="183" HPOS="0" VPOS="4194" WIDTH="2519">
</BottomMargin>
<PrintSpace HEIGHT="3720" HPOS="98" VPOS="474" WIDTH="2018">
<TextBlock HEIGHT="74" HPOS="1044" ID="Page819_Block1" LANG="en-US" STYLEREFS="StyleId-E20B92EB-C143-41D4-A39E-29F70E1A1A7C-" VPOS="4120" WIDTH="120">
<TextLine HEIGHT="53" HPOS="1055" VPOS="4131" WIDTH="98">
<String CONTENT="819" HEIGHT="53" HPOS="1055" VPOS="4131" WIDTH="98" />
</TextLine>
</TextBlock>
<TextBlock CS="1" HEIGHT="3650" HPOS="98" ID="Page819_Block2" LANG="en-US" STYLEREFS="StyleId-6D11332C-17F9-47E9-91F0-13978C85B25B-" VPOS="474" WIDTH="2018">
<Shape>
<Polygon POINTS="98,474 2116,474 2116,4071 568,4071 568,4124 98,4124 98,474" />
</Shape>
<TextLine HEIGHT="65" HPOS="113" STYLEREFS="StyleId-D9996010-10EC-43D5-99D5-648D492B3E47-" VPOS="485" WIDTH="964">
<String CONTENT="Christopher," HEIGHT="64" HPOS="113" VPOS="485" WIDTH="404" />
<SP HEIGHT="62" HPOS="518" VPOS="487" WIDTH="26" />
<String CONTENT="Frederick," HEIGHT="65" HPOS="545" VPOS="485" WIDTH="333" />
<SP HEIGHT="58" HPOS="879" VPOS="492" WIDTH="28" />
<String CONTENT="1889-" HEIGHT="49" HPOS="908" VPOS="492" WIDTH="169" />
</TextLine>
<TextLine CS="1" HEIGHT="131" HPOS="114" STYLEREFS="StyleId-D9996010-10EC-43D5-99D5-648D492B3E47-" VPOS="562" WIDTH="1962">
<String CONTENT="Minor" HEIGHT="53" HPOS="180" VPOS="562" WIDTH="193" />
<SP HEIGHT="33" HPOS="374" VPOS="581" WIDTH="29" />
<String CONTENT="surgery," HEIGHT="50" HPOS="404" VPOS="580" WIDTH="254" />
<SP HEIGHT="66" HPOS="659" VPOS="563" WIDTH="32" />
<String CONTENT="by" HEIGHT="67" HPOS="692" VPOS="563" WIDTH="73" />
<SP HEIGHT="66" HPOS="766" VPOS="564" WIDTH="31" />
<String CONTENT="Frederick" HEIGHT="52" HPOS="798" VPOS="563" WIDTH="307" />
<SP HEIGHT="55" HPOS="1106" VPOS="563" WIDTH="34" />
<String CONTENT="Christopher" HEIGHT="66" HPOS="1141" VPOS="563" WIDTH="374" />
<SP HEIGHT="34" HPOS="1516" VPOS="582" WIDTH="39" />
<String CONTENT="&#8230;" CS="1" />
<SP HEIGHT="52" HPOS="1611" VPOS="565" WIDTH="78" />
<String CONTENT="With" HEIGHT="54" HPOS="1690" VPOS="563" WIDTH="161" />
<SP HEIGHT="52" HPOS="1852" VPOS="564" WIDTH="35" />
<String CONTENT="a" HEIGHT="33" HPOS="1888" VPOS="583" WIDTH="29" />
<SP HEIGHT="53" HPOS="1918" VPOS="563" WIDTH="35" />
<String CONTENT="foreword" HEIGHT="130" HPOS="114" VPOS="563" WIDTH="1962" />
</TextLine>
<TextLine CS="1" HEIGHT="132" HPOS="113" STYLEREFS="StyleId-D9996010-10EC-43D5-99D5-648D492B3E47-" VPOS="639" WIDTH="1965">
<String CONTENT="by" HEIGHT="68" HPOS="299" VPOS="639" WIDTH="75" />
<SP HEIGHT="67" HPOS="375" VPOS="640" WIDTH="30" />
<String CONTENT="Allen" HEIGHT="53" HPOS="406" VPOS="639" WIDTH="171" />
<SP HEIGHT="51" HPOS="578" VPOS="643" WIDTH="29" />
<String CONTENT="B." HEIGHT="51" HPOS="608" VPOS="643" WIDTH="67" />
<SP HEIGHT="53" HPOS="676" VPOS="641" WIDTH="33" />
<String CONTENT="Kanavel" HEIGHT="52" HPOS="710" VPOS="641" WIDTH="260" />
<SP HEIGHT="52" HPOS="971" VPOS="641" WIDTH="38" />
<String CONTENT="&#8230;" CS="1" />
<SP HEIGHT="49" HPOS="1066" VPOS="645" WIDTH="77" />
<String CONTENT="3d" HEIGHT="52" HPOS="1144" VPOS="642" WIDTH="71" />
<SP HEIGHT="52" HPOS="1216" VPOS="642" WIDTH="31" />
<String CONTENT="ed.," HEIGHT="64" HPOS="1248" VPOS="642" WIDTH="102" />
<SP HEIGHT="45" HPOS="1351" VPOS="661" WIDTH="31" />
<String CONTENT="reset." HEIGHT="47" HPOS="1383" VPOS="647" WIDTH="158" />
<SP HEIGHT="52" HPOS="1542" VPOS="642" WIDTH="75" />
<String CONTENT="With" HEIGHT="54" HPOS="1618" VPOS="640" WIDTH="159" />
<SP HEIGHT="53" HPOS="1778" VPOS="642" WIDTH="33" />
<String CONTENT="709" HEIGHT="53" HPOS="1812" VPOS="642" WIDTH="99" />
<SP HEIGHT="53" HPOS="1912" VPOS="642" WIDTH="32" />
<String CONTENT="illustrations." HEIGHT="129" HPOS="113" VPOS="642" WIDTH="1965" />
</TextLine>
<TextLine HEIGHT="69" HPOS="441" STYLEREFS="StyleId-D9996010-10EC-43D5-99D5-648D492B3E47-" VPOS="718" WIDTH="1662">
<String CONTENT="Philadelphia" HEIGHT="68" HPOS="441" VPOS="718" WIDTH="408" />
<SP HEIGHT="34" HPOS="850" VPOS="738" WIDTH="23" />
<String CONTENT="and" HEIGHT="52" HPOS="874" VPOS="720" WIDTH="110" />
<SP HEIGHT="52" HPOS="985" VPOS="720" WIDTH="24" />
<String CONTENT="London," HEIGHT="58" HPOS="1010" VPOS="720" WIDTH="255" />
<SP HEIGHT="57" HPOS="1266" VPOS="721" WIDTH="20" />
<String CONTENT="W." HEIGHT="52" HPOS="1287" VPOS="721" WIDTH="90" />
<SP HEIGHT="50" HPOS="1378" VPOS="721" WIDTH="25" />
<String CONTENT="B." HEIGHT="50" HPOS="1404" VPOS="721" WIDTH="65" />
<SP HEIGHT="55" HPOS="1470" VPOS="719" WIDTH="25" />
<String CONTENT="Saunders" HEIGHT="55" HPOS="1496" VPOS="719" WIDTH="287" />
<SP HEIGHT="34" HPOS="1784" VPOS="738" WIDTH="23" />
<String CONTENT="company," HEIGHT="50" HPOS="1808" VPOS="737" WIDTH="295" />
</TextLine>
<TextLine HEIGHT="51" HPOS="113" STYLEREFS="StyleId-D9996010-10EC-43D5-99D5-648D492B3E47-" VPOS="799" WIDTH="149">
<String CONTENT="1936." HEIGHT="51" HPOS="113" VPOS="799" WIDTH="149" />
</TextLine>
<TextLine HEIGHT="50" HPOS="181" VPOS="881" WIDTH="552">
<String CONTENT="1030" HEIGHT="41" HPOS="181" VPOS="882" WIDTH="115" />
<SP HEIGHT="49" HPOS="297" VPOS="882" WIDTH="29" />
<String CONTENT="p." HEIGHT="38" HPOS="327" VPOS="893" WIDTH="41" />
<SP HEIGHT="39" HPOS="369" VPOS="882" WIDTH="59" />
<String CONTENT="illus." HEIGHT="41" HPOS="429" VPOS="882" WIDTH="127" />
<SP HEIGHT="42" HPOS="557" VPOS="881" WIDTH="59" />
<String CONTENT="24" HEIGHT="40" HPOS="617" VPOS="881" WIDTH="56" />
<String CONTENT="cm" HEIGHT="22" HPOS="676" STYLE="superscript" VPOS="884" WIDTH="44" />
<String CONTENT="." HEIGHT="9" HPOS="724" VPOS="913" WIDTH="9" />
</TextLine>
<TextLine HEIGHT="54" HPOS="112" VPOS="957" WIDTH="1990">
<String CONTENT="&#169;" HEIGHT="54" HPOS="112" VPOS="957" WIDTH="52" />
<SP HEIGHT="54" HPOS="165" VPOS="957" WIDTH="28" />
<String CONTENT="June" HEIGHT="40" HPOS="194" VPOS="961" WIDTH="126" />
<SP HEIGHT="41" HPOS="321" VPOS="960" WIDTH="27" />
<String CONTENT="2," HEIGHT="50" HPOS="349" VPOS="960" WIDTH="40" />
<SP HEIGHT="49" HPOS="390" VPOS="961" WIDTH="29" />
<String CONTENT="1936;" HEIGHT="48" HPOS="420" VPOS="959" WIDTH="141" />
<SP HEIGHT="47" HPOS="562" VPOS="960" WIDTH="30" />
<String CONTENT="2c." HEIGHT="42" HPOS="593" VPOS="960" WIDTH="68" />
<SP HEIGHT="41" HPOS="662" VPOS="961" WIDTH="27" />
<String CONTENT="June" HEIGHT="40" HPOS="690" VPOS="961" WIDTH="125" />
<SP HEIGHT="41" HPOS="816" VPOS="961" WIDTH="30" />
<String CONTENT="8;" HEIGHT="47" HPOS="847" VPOS="961" WIDTH="52" />
<SP HEIGHT="36" HPOS="900" VPOS="972" WIDTH="32" />
<String CONTENT="aff." HEIGHT="42" HPOS="933" VPOS="960" WIDTH="82" />
<SP HEIGHT="40" HPOS="1016" VPOS="962" WIDTH="31" />
<String CONTENT="June" HEIGHT="40" HPOS="1048" VPOS="962" WIDTH="125" />
<SP HEIGHT="41" HPOS="1174" VPOS="961" WIDTH="29" />
<String CONTENT="9;" HEIGHT="48" HPOS="1204" VPOS="961" WIDTH="52" />
<SP HEIGHT="48" HPOS="1257" VPOS="961" WIDTH="32" />
<String CONTENT="A" HEIGHT="40" HPOS="1290" VPOS="961" WIDTH="41" />
<SP HEIGHT="42" HPOS="1332" VPOS="960" WIDTH="28" />
<String CONTENT="95584;" HEIGHT="49" HPOS="1361" VPOS="960" WIDTH="170" />
<SP HEIGHT="47" HPOS="1532" VPOS="962" WIDTH="32" />
<String CONTENT="W." HEIGHT="41" HPOS="1565" VPOS="962" WIDTH="72" />
<SP HEIGHT="41" HPOS="1638" VPOS="962" WIDTH="29" />
<String CONTENT="B." HEIGHT="41" HPOS="1668" VPOS="962" WIDTH="54" />
<SP HEIGHT="41" HPOS="1723" VPOS="962" WIDTH="35" />
<String CONTENT="Saunders" HEIGHT="42" HPOS="1759" VPOS="962" WIDTH="249" />
<SP HEIGHT="30" HPOS="2009" VPOS="974" WIDTH="25" />
<String CONTENT="co." HEIGHT="31" HPOS="2035" VPOS="973" WIDTH="67" />
</TextLine>
<TextLine HEIGHT="49" HPOS="191" VPOS="1024" WIDTH="279">
<String CONTENT="(36-13822" HEIGHT="49" HPOS="191" VPOS="1024" WIDTH="256" />
<SP HEIGHT="48" HPOS="448" VPOS="1024" WIDTH="8" />
<String CONTENT=")" HEIGHT="45" HPOS="457" VPOS="1027" WIDTH="13" />
</TextLine>
<TextLine HEIGHT="65" HPOS="111" STYLEREFS="StyleId-F73E3EF2-C452-491E-8D5D-0E13FDECEBE6-" VPOS="1126" WIDTH="746">
<String CONTENT="Coast" HEIGHT="53" HPOS="111" VPOS="1127" WIDTH="177" />
<SP HEIGHT="51" HPOS="289" VPOS="1129" WIDTH="22" />
<String CONTENT="artillery" HEIGHT="65" HPOS="312" VPOS="1126" WIDTH="267" />
<SP HEIGHT="64" HPOS="580" VPOS="1127" WIDTH="23" />
<String CONTENT="journal." HEIGHT="65" HPOS="604" VPOS="1126" WIDTH="253" />
</TextLine>
<TextLine CS="1" HEIGHT="149" HPOS="110" STYLEREFS="StyleId-D9996010-10EC-43D5-99D5-648D492B3E47-" VPOS="1200" WIDTH="1969">
<String CONTENT="The" HEIGHT="53" HPOS="177" VPOS="1201" WIDTH="121" />
<SP HEIGHT="35" HPOS="299" VPOS="1219" WIDTH="25" />
<String CONTENT="soldier&#8217;s" HEIGHT="55" HPOS="325" VPOS="1200" WIDTH="253" />
<SP HEIGHT="52" HPOS="579" VPOS="1203" WIDTH="24" />
<String CONTENT="handbook." HEIGHT="55" HPOS="604" VPOS="1201" WIDTH="319" />
<SP HEIGHT="68" HPOS="924" VPOS="1202" WIDTH="74" />
<String CONTENT="(Coast" HEIGHT="69" HPOS="999" VPOS="1201" WIDTH="201" />
<SP HEIGHT="48" HPOS="1201" VPOS="1207" WIDTH="26" />
<String CONTENT="artillery" HEIGHT="70" HPOS="1228" VPOS="1202" WIDTH="259" />
<SP HEIGHT="52" HPOS="1488" VPOS="1220" WIDTH="27" />
<String CONTENT="ed.)" HEIGHT="69" HPOS="1516" VPOS="1201" WIDTH="114" />
<SP HEIGHT="69" HPOS="1631" VPOS="1201" WIDTH="42" />
<String CONTENT="&#8230;" CS="1" />
<SP HEIGHT="52" HPOS="1732" VPOS="1203" WIDTH="63" />
<String CONTENT="Washington," HEIGHT="145" HPOS="110" VPOS="1203" WIDTH="1969" />
<SP HEIGHT="69" HPOS="223" VPOS="1279" WIDTH="23" />
<String CONTENT="D." HEIGHT="54" HPOS="247" VPOS="1279" WIDTH="71" />
<SP HEIGHT="54" HPOS="319" VPOS="1279" WIDTH="29" />
<String CONTENT="C.," HEIGHT="69" HPOS="349" VPOS="1279" WIDTH="80" />
<SP HEIGHT="68" HPOS="430" VPOS="1280" WIDTH="26" />
<String CONTENT="The" HEIGHT="53" HPOS="457" VPOS="1279" WIDTH="120" />
<SP HEIGHT="55" HPOS="578" VPOS="1279" WIDTH="27" />
<String CONTENT="Coast" HEIGHT="55" HPOS="606" VPOS="1279" WIDTH="171" />
<SP HEIGHT="47" HPOS="778" VPOS="1285" WIDTH="26" />
<String CONTENT="artillery" HEIGHT="70" HPOS="805" VPOS="1279" WIDTH="259" />
<SP HEIGHT="70" HPOS="1065" VPOS="1279" WIDTH="24" />
<String CONTENT="journal" HEIGHT="69" HPOS="1090" VPOS="1279" WIDTH="228" />
<SP HEIGHT="67" HPOS="1319" VPOS="1280" WIDTH="33" />
<String CONTENT="[" CS="1" />
<String CONTENT="c" HEIGHT="22" HPOS="1370" STYLE="superscript" VPOS="1286" WIDTH="19" />
<String CONTENT="1935]" HEIGHT="65" HPOS="1394" VPOS="1283" WIDTH="151" />
</TextLine>
<TextLine HEIGHT="49" HPOS="180" STYLEREFS="StyleId-D9996010-10EC-43D5-99D5-648D492B3E47-" VPOS="1351" WIDTH="836">
<String CONTENT="ix," HEIGHT="49" HPOS="180" VPOS="1351" WIDTH="63" />
<SP HEIGHT="47" HPOS="244" VPOS="1353" WIDTH="28" />
<String CONTENT="166" HEIGHT="41" HPOS="273" VPOS="1352" WIDTH="84" />
<SP HEIGHT="48" HPOS="358" VPOS="1352" WIDTH="25" />
<String CONTENT="p." HEIGHT="37" HPOS="384" VPOS="1363" WIDTH="44" />
<SP HEIGHT="42" HPOS="429" VPOS="1351" WIDTH="58" />
<String CONTENT="illus.," HEIGHT="49" HPOS="488" VPOS="1351" WIDTH="141" />
<SP HEIGHT="46" HPOS="630" VPOS="1354" WIDTH="31" />
<String CONTENT="diagrs." HEIGHT="48" HPOS="662" VPOS="1352" WIDTH="177" />
<SP HEIGHT="38" HPOS="840" VPOS="1354" WIDTH="60" />
<String CONTENT="15" HEIGHT="40" HPOS="901" VPOS="1353" WIDTH="54" />
<String CONTENT="cm" HEIGHT="23" HPOS="959" STYLE="superscript" VPOS="1354" WIDTH="44" />
<String CONTENT="." HEIGHT="9" HPOS="1007" VPOS="1385" WIDTH="9" />
</TextLine>
<TextLine HEIGHT="51" HPOS="181" VPOS="1408" WIDTH="1920">
<String CONTENT="&#8220;Reproduced" HEIGHT="48" HPOS="181" VPOS="1409" WIDTH="339" />
<SP HEIGHT="41" HPOS="521" VPOS="1409" WIDTH="43" />
<String CONTENT="in" HEIGHT="40" HPOS="565" VPOS="1409" WIDTH="50" />
<SP HEIGHT="38" HPOS="616" VPOS="1419" WIDTH="42" />
<String CONTENT="part" HEIGHT="45" HPOS="659" VPOS="1412" WIDTH="112" />
<SP HEIGHT="40" HPOS="772" VPOS="1410" WIDTH="43" />
<String CONTENT="by" HEIGHT="49" HPOS="816" VPOS="1410" WIDTH="60" />
<SP HEIGHT="39" HPOS="877" VPOS="1420" WIDTH="42" />
<String CONTENT="permission" HEIGHT="49" HPOS="920" VPOS="1409" WIDTH="286" />
<SP HEIGHT="30" HPOS="1207" VPOS="1420" WIDTH="43" />
<String CONTENT="of" HEIGHT="41" HPOS="1251" VPOS="1409" WIDTH="52" />
<SP HEIGHT="41" HPOS="1304" VPOS="1409" WIDTH="43" />
<String CONTENT="the" HEIGHT="41" HPOS="1348" VPOS="1410" WIDTH="82" />
<SP HEIGHT="42" HPOS="1431" VPOS="1409" WIDTH="44" />
<String CONTENT="Infantry" HEIGHT="48" HPOS="1476" VPOS="1409" WIDTH="229" />
<SP HEIGHT="49" HPOS="1706" VPOS="1408" WIDTH="45" />
<String CONTENT="journal," HEIGHT="49" HPOS="1752" VPOS="1408" WIDTH="210" />
<SP HEIGHT="47" HPOS="1963" VPOS="1409" WIDTH="49" />
<String CONTENT="inc." HEIGHT="42" HPOS="2013" VPOS="1409" WIDTH="88" />
</TextLine>
<TextLine HEIGHT="51" HPOS="112" VPOS="1464" WIDTH="1989">
<String CONTENT="Much" HEIGHT="41" HPOS="112" VPOS="1464" WIDTH="141" />
<SP HEIGHT="39" HPOS="254" VPOS="1467" WIDTH="29" />
<String CONTENT="of" HEIGHT="39" HPOS="284" VPOS="1467" WIDTH="52" />
<SP HEIGHT="40" HPOS="337" VPOS="1467" WIDTH="29" />
<String CONTENT="the" HEIGHT="40" HPOS="367" VPOS="1467" WIDTH="81" />
<SP HEIGHT="31" HPOS="449" VPOS="1476" WIDTH="32" />
<String CONTENT="material" HEIGHT="41" HPOS="482" VPOS="1466" WIDTH="226" />
<SP HEIGHT="40" HPOS="709" VPOS="1466" WIDTH="31" />
<String CONTENT="included" HEIGHT="42" HPOS="741" VPOS="1466" WIDTH="222" />
<SP HEIGHT="39" HPOS="964" VPOS="1468" WIDTH="31" />
<String CONTENT="in" HEIGHT="39" HPOS="996" VPOS="1468" WIDTH="50" />
<SP HEIGHT="39" HPOS="1047" VPOS="1468" WIDTH="32" />
<String CONTENT="the" HEIGHT="40" HPOS="1080" VPOS="1467" WIDTH="84" />
<SP HEIGHT="41" HPOS="1165" VPOS="1466" WIDTH="30" />
<String CONTENT="initial" HEIGHT="41" HPOS="1196" VPOS="1466" WIDTH="164" />
<SP HEIGHT="42" HPOS="1361" VPOS="1466" WIDTH="30" />
<String CONTENT="edition" HEIGHT="42" HPOS="1392" VPOS="1466" WIDTH="183" />
<SP HEIGHT="40" HPOS="1576" VPOS="1467" WIDTH="32" />
<String CONTENT="has" HEIGHT="41" HPOS="1609" VPOS="1467" WIDTH="90" />
<SP HEIGHT="41" HPOS="1700" VPOS="1467" WIDTH="33" />
<String CONTENT="been" HEIGHT="40" HPOS="1734" VPOS="1467" WIDTH="117" />
<SP HEIGHT="30" HPOS="1852" VPOS="1477" WIDTH="33" />
<String CONTENT="changed" HEIGHT="47" HPOS="1886" VPOS="1468" WIDTH="215" />
</TextLine>
<TextLine HEIGHT="50" HPOS="110" VPOS="1522" WIDTH="1990">
<String CONTENT="and" HEIGHT="39" HPOS="110" VPOS="1523" WIDTH="93" />
<SP HEIGHT="40" HPOS="204" VPOS="1523" WIDTH="23" />
<String CONTENT="especially" HEIGHT="48" HPOS="228" VPOS="1523" WIDTH="258" />
<SP HEIGHT="36" HPOS="487" VPOS="1534" WIDTH="25" />
<String CONTENT="adapted" HEIGHT="47" HPOS="513" VPOS="1524" WIDTH="210" />
<SP HEIGHT="40" HPOS="724" VPOS="1524" WIDTH="30" />
<String CONTENT="to" HEIGHT="38" HPOS="755" VPOS="1526" WIDTH="46" />
<SP HEIGHT="37" HPOS="802" VPOS="1526" WIDTH="28" />
<String CONTENT="the" HEIGHT="39" HPOS="831" VPOS="1525" WIDTH="79" />
<SP HEIGHT="39" HPOS="911" VPOS="1525" WIDTH="26" />
<String CONTENT="training" HEIGHT="49" HPOS="938" VPOS="1523" WIDTH="217" />
<SP HEIGHT="39" HPOS="1156" VPOS="1533" WIDTH="25" />
<String CONTENT="and" HEIGHT="40" HPOS="1182" VPOS="1524" WIDTH="93" />
<SP HEIGHT="40" HPOS="1276" VPOS="1523" WIDTH="29" />
<String CONTENT="instruction" HEIGHT="41" HPOS="1306" VPOS="1523" WIDTH="291" />
<SP HEIGHT="30" HPOS="1598" VPOS="1534" WIDTH="27" />
<String CONTENT="of" HEIGHT="41" HPOS="1626" VPOS="1523" WIDTH="53" />
<SP HEIGHT="42" HPOS="1680" VPOS="1522" WIDTH="24" />
<String CONTENT="Coast" HEIGHT="43" HPOS="1705" VPOS="1522" WIDTH="147" />
<SP HEIGHT="39" HPOS="1853" VPOS="1526" WIDTH="26" />
<String CONTENT="artillery" HEIGHT="47" HPOS="1880" VPOS="1524" WIDTH="220" />
</TextLine>
<TextLine HEIGHT="47" HPOS="108" VPOS="1580" WIDTH="294">
<String CONTENT="personnel.&#8221;" HEIGHT="47" HPOS="108" VPOS="1580" WIDTH="294" />
</TextLine>
<TextLine HEIGHT="54" HPOS="110" VPOS="1657" WIDTH="1996">
<String CONTENT="&#169;" HEIGHT="54" HPOS="110" VPOS="1657" WIDTH="52" />
<SP HEIGHT="54" HPOS="163" VPOS="1657" WIDTH="23" />
<String CONTENT="Apr." HEIGHT="48" HPOS="187" VPOS="1662" WIDTH="114" />
<SP HEIGHT="40" HPOS="302" VPOS="1662" WIDTH="24" />
<String CONTENT="12," HEIGHT="48" HPOS="327" VPOS="1662" WIDTH="68" />
<SP HEIGHT="48" HPOS="396" VPOS="1662" WIDTH="27" />
<String CONTENT="1936;" HEIGHT="48" HPOS="424" VPOS="1660" WIDTH="139" />
<SP HEIGHT="46" HPOS="564" VPOS="1662" WIDTH="26" />
<String CONTENT="2c." HEIGHT="40" HPOS="591" VPOS="1662" WIDTH="68" />
<SP HEIGHT="38" HPOS="660" VPOS="1663" WIDTH="27" />
<String CONTENT="Mar." HEIGHT="39" HPOS="688" VPOS="1663" WIDTH="121" />
<SP HEIGHT="40" HPOS="810" VPOS="1662" WIDTH="25" />
<String CONTENT="5;" HEIGHT="46" HPOS="836" VPOS="1662" WIDTH="52" />
<SP HEIGHT="36" HPOS="889" VPOS="1672" WIDTH="28" />
<String CONTENT="aff." HEIGHT="41" HPOS="918" VPOS="1661" WIDTH="82" />
<SP HEIGHT="38" HPOS="1001" VPOS="1663" WIDTH="27" />
<String CONTENT="Mar." HEIGHT="38" HPOS="1029" VPOS="1663" WIDTH="121" />
<SP HEIGHT="39" HPOS="1151" VPOS="1662" WIDTH="26" />
<String CONTENT="12,;" HEIGHT="48" HPOS="1178" VPOS="1661" WIDTH="83" />
<SP HEIGHT="47" HPOS="1262" VPOS="1662" WIDTH="24" />
<String CONTENT="A" HEIGHT="39" HPOS="1287" VPOS="1662" WIDTH="41" />
<SP HEIGHT="41" HPOS="1329" VPOS="1661" WIDTH="25" />
<String CONTENT="93196;" HEIGHT="49" HPOS="1355" VPOS="1661" WIDTH="170" />
<SP HEIGHT="47" HPOS="1526" VPOS="1663" WIDTH="31" />
<String CONTENT="U." HEIGHT="40" HPOS="1558" VPOS="1663" WIDTH="55" />
<SP HEIGHT="41" HPOS="1614" VPOS="1663" WIDTH="30" />
<String CONTENT="S." HEIGHT="41" HPOS="1645" VPOS="1663" WIDTH="43" />
<SP HEIGHT="29" HPOS="1689" VPOS="1674" WIDTH="28" />
<String CONTENT="coast" HEIGHT="39" HPOS="1718" VPOS="1665" WIDTH="138" />
<SP HEIGHT="39" HPOS="1857" VPOS="1665" WIDTH="22" />
<String CONTENT="artillery" HEIGHT="48" HPOS="1880" VPOS="1661" WIDTH="226" />
</TextLine>
<TextLine HEIGHT="49" HPOS="179" VPOS="1724" WIDTH="864">
<String CONTENT="assn.," HEIGHT="37" HPOS="179" VPOS="1736" WIDTH="143" />
<SP HEIGHT="47" HPOS="323" VPOS="1726" WIDTH="33" />
<String CONTENT="Washington." HEIGHT="49" HPOS="357" VPOS="1724" WIDTH="334" />
<SP HEIGHT="48" HPOS="692" VPOS="1725" WIDTH="71" />
<String CONTENT="(36-13832)" HEIGHT="49" HPOS="764" VPOS="1724" WIDTH="279" />
</TextLine>
<TextLine HEIGHT="65" HPOS="110" STYLEREFS="StyleId-F73E3EF2-C452-491E-8D5D-0E13FDECEBE6-" VPOS="1826" WIDTH="909">
<String CONTENT="Cockefair," HEIGHT="65" HPOS="110" VPOS="1826" WIDTH="328" />
<SP HEIGHT="64" HPOS="439" VPOS="1827" WIDTH="24" />
<String CONTENT="Edgar" HEIGHT="64" HPOS="464" VPOS="1827" WIDTH="202" />
<SP HEIGHT="53" HPOS="667" VPOS="1827" WIDTH="20" />
<String CONTENT="Augustus." HEIGHT="63" HPOS="688" VPOS="1827" WIDTH="331" />
</TextLine>
<TextLine CS="1" HEIGHT="149" HPOS="108" STYLEREFS="StyleId-D9996010-10EC-43D5-99D5-648D492B3E47-" VPOS="1900" WIDTH="1993">
<String CONTENT="Health" HEIGHT="54" HPOS="178" VPOS="1900" WIDTH="215" />
<SP HEIGHT="52" HPOS="394" VPOS="1902" WIDTH="25" />
<String CONTENT="and" HEIGHT="52" HPOS="420" VPOS="1903" WIDTH="111" />
<SP HEIGHT="52" HPOS="532" VPOS="1903" WIDTH="28" />
<String CONTENT="achievement;" CS="1" HEIGHT="54" HPOS="561" VPOS="1901" WIDTH="384" />
<SP HEIGHT="49" HPOS="974" VPOS="1920" WIDTH="31" />
<String CONTENT="a" HEIGHT="34" HPOS="1006" VPOS="1921" WIDTH="30" />
<SP HEIGHT="47" HPOS="1037" VPOS="1908" WIDTH="27" />
<String CONTENT="textbook" HEIGHT="53" HPOS="1065" VPOS="1902" WIDTH="270" />
<SP HEIGHT="54" HPOS="1336" VPOS="1902" WIDTH="25" />
<String CONTENT="of" HEIGHT="55" HPOS="1362" VPOS="1901" WIDTH="65" />
<SP HEIGHT="53" HPOS="1428" VPOS="1901" WIDTH="25" />
<String CONTENT="health" HEIGHT="53" HPOS="1454" VPOS="1902" WIDTH="194" />
<SP HEIGHT="53" HPOS="1649" VPOS="1902" WIDTH="27" />
<String CONTENT="with" HEIGHT="54" HPOS="1677" VPOS="1901" WIDTH="139" />
<SP HEIGHT="53" HPOS="1817" VPOS="1902" WIDTH="30" />
<String CONTENT="a" HEIGHT="34" HPOS="1848" VPOS="1921" WIDTH="31" />
<SP HEIGHT="51" HPOS="1880" VPOS="1920" WIDTH="26" />
<String CONTENT="physiological" HEIGHT="146" HPOS="108" VPOS="1901" WIDTH="1968" />
<SP HEIGHT="53" HPOS="349" VPOS="1979" WIDTH="47" />
<String CONTENT="background," HEIGHT="69" HPOS="397" VPOS="1979" WIDTH="388" />
<SP HEIGHT="66" HPOS="786" VPOS="1979" WIDTH="45" />
<String CONTENT="by" HEIGHT="69" HPOS="832" VPOS="1979" WIDTH="74" />
<SP HEIGHT="68" HPOS="907" VPOS="1980" WIDTH="50" />
<String CONTENT="Edgar" HEIGHT="69" HPOS="958" VPOS="1980" WIDTH="198" />
<SP HEIGHT="52" HPOS="1157" VPOS="1979" WIDTH="50" />
<String CONTENT="A." HEIGHT="53" HPOS="1208" VPOS="1979" WIDTH="70" />
<SP HEIGHT="56" HPOS="1279" VPOS="1978" WIDTH="52" />
<String CONTENT="Cockefair" HEIGHT="57" HPOS="1332" VPOS="1977" WIDTH="304" />
<SP HEIGHT="34" HPOS="1637" VPOS="1999" WIDTH="54" />
<String CONTENT="&#8230;" CS="1" />
<SP HEIGHT="34" HPOS="1749" VPOS="1999" WIDTH="56" />
<String CONTENT="and" HEIGHT="52" HPOS="1806" VPOS="1981" WIDTH="112" />
<SP HEIGHT="54" HPOS="1919" VPOS="1979" WIDTH="50" />
<String CONTENT="Ada" HEIGHT="54" HPOS="1970" VPOS="1979" WIDTH="131" />
</TextLine>
<TextLine CS="1" HEIGHT="150" HPOS="107" STYLEREFS="StyleId-D9996010-10EC-43D5-99D5-648D492B3E47-" VPOS="2055" WIDTH="1971">
<String CONTENT="Milam" HEIGHT="55" HPOS="107" VPOS="2055" WIDTH="204" />
<SP HEIGHT="55" HPOS="312" VPOS="2056" WIDTH="30" />
<String CONTENT="Cockefair" HEIGHT="55" HPOS="343" VPOS="2056" WIDTH="305" />
<SP HEIGHT="33" HPOS="649" VPOS="2076" WIDTH="33" />
<String CONTENT="&#8230;" CS="1" />
<SP HEIGHT="51" HPOS="739" VPOS="2059" WIDTH="70" />
<String CONTENT="Boston," HEIGHT="66" HPOS="810" VPOS="2059" WIDTH="233" />
<SP HEIGHT="68" HPOS="1044" VPOS="2057" WIDTH="27" />
<String CONTENT="New" HEIGHT="53" HPOS="1072" VPOS="2057" WIDTH="139" />
<SP HEIGHT="53" HPOS="1212" VPOS="2057" WIDTH="32" />
<String CONTENT="York" HEIGHT="54" HPOS="1245" VPOS="2056" WIDTH="164" />
<SP HEIGHT="69" HPOS="1410" VPOS="2056" WIDTH="35" />
<String CONTENT="[etc.]" CS="1" HEIGHT="62" HPOS="1464" VPOS="2062" WIDTH="120" />
<SP HEIGHT="67" HPOS="1585" VPOS="2057" WIDTH="38" />
<String CONTENT="Ginn" HEIGHT="55" HPOS="1624" VPOS="2057" WIDTH="155" />
<SP HEIGHT="34" HPOS="1780" VPOS="2076" WIDTH="29" />
<String CONTENT="and" HEIGHT="53" HPOS="1810" VPOS="2058" WIDTH="112" />
<SP HEIGHT="53" HPOS="1923" VPOS="2058" WIDTH="31" />
<String CONTENT="company" HEIGHT="129" HPOS="109" VPOS="2076" WIDTH="1969" />
<SP HEIGHT="51" HPOS="264" VPOS="2154" WIDTH="30" />
<String CONTENT="[" HEIGHT="34" HPOS="295" STYLE="subscript" VPOS="2168" WIDTH="13" />
<String CONTENT="c" HEIGHT="22" HPOS="313" STYLE="superscript" VPOS="2141" WIDTH="18" />
<String CONTENT="1936" HEIGHT="51" HPOS="336" VPOS="2136" WIDTH="134" />
<String CONTENT="]" HEIGHT="34" HPOS="474" STYLE="subscript" VPOS="2168" WIDTH="13" />
</TextLine>
<TextLine CS="1" HEIGHT="51" HPOS="178" VPOS="2206" WIDTH="1165">
<String CONTENT="ix," HEIGHT="49" HPOS="178" VPOS="2208" WIDTH="63" />
<SP />
<String CONTENT="536" HEIGHT="41" HPOS="268" VPOS="2208" WIDTH="85" />
<SP HEIGHT="48" HPOS="354" VPOS="2209" WIDTH="24" />
<String CONTENT="p." HEIGHT="39" HPOS="379" VPOS="2218" WIDTH="43" />
<SP HEIGHT="30" HPOS="423" VPOS="2218" WIDTH="59" />
<String CONTENT="col." HEIGHT="40" HPOS="483" VPOS="2208" WIDTH="85" />
<SP HEIGHT="40" HPOS="569" VPOS="2208" WIDTH="26" />
<String CONTENT="front.," HEIGHT="47" HPOS="596" VPOS="2208" WIDTH="163" />
<SP HEIGHT="47" HPOS="760" VPOS="2208" WIDTH="28" />
<String CONTENT="illus.," HEIGHT="46" HPOS="789" VPOS="2208" WIDTH="141" />
<SP HEIGHT="44" HPOS="931" VPOS="2210" WIDTH="28" />
<String CONTENT="diagrs." HEIGHT="48" HPOS="960" VPOS="2207" WIDTH="179" />
<SP HEIGHT="40" HPOS="1140" VPOS="2207" WIDTH="57" />
<String CONTENT="20&#189;" CS="1" HEIGHT="42" HPOS="1198" VPOS="2206" WIDTH="56" />
<String CONTENT="cm" HEIGHT="22" HPOS="1286" STYLE="superscript" VPOS="2209" WIDTH="44" />
<String CONTENT="." HEIGHT="9" HPOS="1336" VPOS="2239" WIDTH="7" />
</TextLine>
<TextLine HEIGHT="49" HPOS="180" VPOS="2265" WIDTH="927">
<String CONTENT="&#8220;Suggested" HEIGHT="48" HPOS="180" VPOS="2266" WIDTH="292" />
<SP HEIGHT="39" HPOS="473" VPOS="2266" WIDTH="29" />
<String CONTENT="readings&#8221;:" HEIGHT="48" HPOS="503" VPOS="2265" WIDTH="281" />
<SP HEIGHT="38" HPOS="785" VPOS="2276" WIDTH="32" />
<String CONTENT="p." HEIGHT="38" HPOS="818" VPOS="2276" WIDTH="42" />
<SP HEIGHT="40" HPOS="861" VPOS="2266" WIDTH="30" />
<String CONTENT="503-508." HEIGHT="42" HPOS="892" VPOS="2265" WIDTH="215" />
</TextLine>
<TextLine CS="1" HEIGHT="54" HPOS="110" VPOS="2341" WIDTH="1993">
<String CONTENT="&#169;" HEIGHT="54" HPOS="110" VPOS="2341" WIDTH="52" />
<SP HEIGHT="54" HPOS="163" VPOS="2341" WIDTH="32" />
<String CONTENT="May" HEIGHT="47" HPOS="196" VPOS="2347" WIDTH="113" />
<SP HEIGHT="48" HPOS="310" VPOS="2346" WIDTH="29" />
<String CONTENT="4," HEIGHT="47" HPOS="340" VPOS="2346" WIDTH="41" />
<SP HEIGHT="47" HPOS="382" VPOS="2346" WIDTH="33" />
<String CONTENT="1936;" CS="1" HEIGHT="41" HPOS="416" VPOS="2345" WIDTH="115" />
<SP HEIGHT="46" HPOS="555" VPOS="2345" WIDTH="35" />
<String CONTENT="2c." HEIGHT="41" HPOS="591" VPOS="2345" WIDTH="68" />
<SP HEIGHT="40" HPOS="660" VPOS="2346" WIDTH="34" />
<String CONTENT="June" HEIGHT="40" HPOS="695" VPOS="2346" WIDTH="125" />
<SP HEIGHT="40" HPOS="821" VPOS="2346" WIDTH="34" />
<String CONTENT="11;" HEIGHT="47" HPOS="856" VPOS="2345" WIDTH="80" />
<SP HEIGHT="37" HPOS="937" VPOS="2355" WIDTH="37" />
<String CONTENT="aff." HEIGHT="41" HPOS="975" VPOS="2344" WIDTH="80" />
<SP HEIGHT="40" HPOS="1056" VPOS="2345" WIDTH="31" />
<String CONTENT="June" HEIGHT="41" HPOS="1088" VPOS="2345" WIDTH="130" />
<SP HEIGHT="40" HPOS="1219" VPOS="2346" WIDTH="31" />
<String CONTENT="13;" HEIGHT="46" HPOS="1251" VPOS="2346" WIDTH="80" />
<SP HEIGHT="47" HPOS="1332" VPOS="2345" WIDTH="36" />
<String CONTENT="A" HEIGHT="40" HPOS="1369" VPOS="2345" WIDTH="39" />
<SP HEIGHT="41" HPOS="1409" VPOS="2345" WIDTH="34" />
<String CONTENT="94920;" HEIGHT="48" HPOS="1444" VPOS="2345" WIDTH="170" />
<SP HEIGHT="46" HPOS="1615" VPOS="2347" WIDTH="37" />
<String CONTENT="E." HEIGHT="39" HPOS="1653" VPOS="2347" WIDTH="51" />
<SP HEIGHT="41" HPOS="1705" VPOS="2345" WIDTH="34" />
<String CONTENT="A." HEIGHT="43" HPOS="1740" VPOS="2345" WIDTH="54" />
<SP HEIGHT="42" HPOS="1795" VPOS="2346" WIDTH="34" />
<String CONTENT="Cockefair," HEIGHT="47" HPOS="1830" VPOS="2345" WIDTH="273" />
</TextLine>
<TextLine HEIGHT="51" HPOS="180" VPOS="2407" WIDTH="1742">
<String CONTENT="Warrensburg," HEIGHT="48" HPOS="180" VPOS="2410" WIDTH="367" />
<SP HEIGHT="47" HPOS="548" VPOS="2411" WIDTH="37" />
<String CONTENT="Mo.," HEIGHT="45" HPOS="586" VPOS="2411" WIDTH="108" />
<SP HEIGHT="36" HPOS="695" VPOS="2420" WIDTH="34" />
<String CONTENT="and" HEIGHT="41" HPOS="730" VPOS="2408" WIDTH="96" />
<SP HEIGHT="40" HPOS="827" VPOS="2408" WIDTH="35" />
<String CONTENT="Ada" HEIGHT="40" HPOS="863" VPOS="2409" WIDTH="106" />
<SP HEIGHT="39" HPOS="970" VPOS="2410" WIDTH="38" />
<String CONTENT="Milam" HEIGHT="40" HPOS="1009" VPOS="2408" WIDTH="168" />
<SP HEIGHT="41" HPOS="1178" VPOS="2409" WIDTH="39" />
<String CONTENT="Cockefair," HEIGHT="48" HPOS="1218" VPOS="2409" WIDTH="271" />
<SP HEIGHT="47" HPOS="1490" VPOS="2410" WIDTH="37" />
<String CONTENT="Madison," HEIGHT="50" HPOS="1528" VPOS="2407" WIDTH="238" />
<SP HEIGHT="48" HPOS="1767" VPOS="2409" WIDTH="37" />
<String CONTENT="Wis." HEIGHT="41" HPOS="1805" VPOS="2409" WIDTH="117" />
</TextLine>
<TextLine HEIGHT="49" HPOS="189" VPOS="2472" WIDTH="279">
<String CONTENT="(36-14139)" HEIGHT="49" HPOS="189" VPOS="2472" WIDTH="279" />
</TextLine>
<TextLine HEIGHT="64" HPOS="111" STYLEREFS="StyleId-D9996010-10EC-43D5-99D5-648D492B3E47-" VPOS="2573" WIDTH="995">
<String CONTENT="Cook," HEIGHT="63" HPOS="111" VPOS="2573" WIDTH="173" />
<SP HEIGHT="62" HPOS="285" VPOS="2574" WIDTH="24" />
<String CONTENT="Sherburne" HEIGHT="54" HPOS="310" VPOS="2574" WIDTH="338" />
<SP HEIGHT="53" HPOS="649" VPOS="2575" WIDTH="25" />
<String CONTENT="Friend," HEIGHT="63" HPOS="675" VPOS="2574" WIDTH="233" />
<SP HEIGHT="57" HPOS="909" VPOS="2580" WIDTH="27" />
<String CONTENT="1896-" HEIGHT="50" HPOS="937" VPOS="2579" WIDTH="169" />
</TextLine>
<TextLine CS="1" HEIGHT="72" HPOS="179" STYLEREFS="StyleId-D9996010-10EC-43D5-99D5-648D492B3E47-" VPOS="2647" WIDTH="1860">
<String CONTENT="Elementary" HEIGHT="69" HPOS="179" VPOS="2648" WIDTH="365" />
<SP HEIGHT="68" HPOS="545" VPOS="2649" WIDTH="40" />
<String CONTENT="human" HEIGHT="53" HPOS="586" VPOS="2649" WIDTH="211" />
<SP HEIGHT="49" HPOS="798" VPOS="2668" WIDTH="40" />
<String CONTENT="physiology," HEIGHT="69" HPOS="839" VPOS="2649" WIDTH="358" />
<SP HEIGHT="68" HPOS="1198" VPOS="2649" WIDTH="39" />
<String CONTENT="by" HEIGHT="70" HPOS="1238" VPOS="2649" WIDTH="74" />
<SP HEIGHT="71" HPOS="1313" VPOS="2648" WIDTH="44" />
<String CONTENT="Sherburne" HEIGHT="56" HPOS="1358" VPOS="2648" WIDTH="326" />
<SP HEIGHT="52" HPOS="1685" VPOS="2649" WIDTH="38" />
<String CONTENT="F." HEIGHT="52" HPOS="1724" VPOS="2649" WIDTH="65" />
<SP HEIGHT="56" HPOS="1790" VPOS="2647" WIDTH="42" />
<String CONTENT="Cook" HEIGHT="56" HPOS="1833" VPOS="2647" WIDTH="157" />
<SP HEIGHT="51" HPOS="1991" VPOS="2649" WIDTH="48" />
<String CONTENT="&#8230;" CS="1" />
</TextLine>
<TextLine HEIGHT="70" HPOS="111" STYLEREFS="StyleId-D9996010-10EC-43D5-99D5-648D492B3E47-" VPOS="2726" WIDTH="1552">
<String CONTENT="New" HEIGHT="53" HPOS="111" VPOS="2726" WIDTH="136" />
<SP HEIGHT="52" HPOS="248" VPOS="2728" WIDTH="25" />
<String CONTENT="York" HEIGHT="54" HPOS="274" VPOS="2726" WIDTH="161" />
<SP HEIGHT="53" HPOS="436" VPOS="2726" WIDTH="22" />
<String CONTENT="and" HEIGHT="53" HPOS="459" VPOS="2727" WIDTH="112" />
<SP HEIGHT="53" HPOS="572" VPOS="2727" WIDTH="24" />
<String CONTENT="London," HEIGHT="66" HPOS="597" VPOS="2727" WIDTH="258" />
<SP HEIGHT="66" HPOS="856" VPOS="2727" WIDTH="23" />
<String CONTENT="Harper" HEIGHT="69" HPOS="880" VPOS="2727" WIDTH="231" />
<SP HEIGHT="50" HPOS="1112" VPOS="2729" WIDTH="22" />
<String CONTENT="&amp;" HEIGHT="50" HPOS="1135" VPOS="2729" WIDTH="45" />
<SP HEIGHT="53" HPOS="1181" VPOS="2726" WIDTH="25" />
<String CONTENT="brothers," HEIGHT="68" HPOS="1207" VPOS="2726" WIDTH="275" />
<SP HEIGHT="65" HPOS="1483" VPOS="2729" WIDTH="30" />
<String CONTENT="1936." HEIGHT="51" HPOS="1514" VPOS="2728" WIDTH="149" />
</TextLine>
<TextLine CS="1" HEIGHT="50" HPOS="180" STYLEREFS="StyleId-D9996010-10EC-43D5-99D5-648D492B3E47-" VPOS="2798" WIDTH="1328">
<String CONTENT="xi" HEIGHT="39" HPOS="180" VPOS="2799" WIDTH="49" />
<SP HEIGHT="48" HPOS="230" VPOS="2799" WIDTH="23" />
<String CONTENT="p.," HEIGHT="38" HPOS="254" VPOS="2810" WIDTH="58" />
<SP HEIGHT="48" HPOS="313" VPOS="2800" WIDTH="23" />
<String CONTENT="2" HEIGHT="38" HPOS="337" VPOS="2800" WIDTH="25" />
<SP />
<String CONTENT="l.," CS="1" HEIGHT="16" HPOS="425" VPOS="2831" WIDTH="8" />
<SP HEIGHT="48" HPOS="434" VPOS="2799" WIDTH="27" />
<String CONTENT="539" HEIGHT="40" HPOS="462" VPOS="2799" WIDTH="84" />
<SP HEIGHT="48" HPOS="547" VPOS="2799" WIDTH="25" />
<String CONTENT="p." HEIGHT="37" HPOS="573" VPOS="2810" WIDTH="41" />
<SP HEIGHT="40" HPOS="615" VPOS="2800" WIDTH="62" />
<String CONTENT="illus.." HEIGHT="41" HPOS="678" VPOS="2800" WIDTH="140" />
<SP HEIGHT="31" HPOS="819" VPOS="2810" WIDTH="24" />
<String CONTENT="col." HEIGHT="40" HPOS="844" VPOS="2801" WIDTH="85" />
<SP HEIGHT="37" HPOS="930" VPOS="2810" WIDTH="26" />
<String CONTENT="plates," HEIGHT="47" HPOS="957" VPOS="2800" WIDTH="169" />
<SP HEIGHT="45" HPOS="1127" VPOS="2801" WIDTH="26" />
<String CONTENT="diagrs." HEIGHT="48" HPOS="1154" VPOS="2799" WIDTH="176" />
<SP HEIGHT="41" HPOS="1331" VPOS="2798" WIDTH="60" />
<String CONTENT="22" HEIGHT="40" HPOS="1392" VPOS="2798" WIDTH="55" />
<String CONTENT="cm" HEIGHT="22" HPOS="1451" STYLE="superscript" VPOS="2801" WIDTH="43" />
<String CONTENT="." HEIGHT="8" HPOS="1500" VPOS="2831" WIDTH="8" />
</TextLine>
<TextLine HEIGHT="42" HPOS="179" VPOS="2855" WIDTH="418">
<String CONTENT="&#8220;First" HEIGHT="42" HPOS="179" VPOS="2855" WIDTH="162" />
<SP HEIGHT="38" HPOS="342" VPOS="2859" WIDTH="29" />
<String CONTENT="edition.&#8221;" HEIGHT="42" HPOS="372" VPOS="2855" WIDTH="225" />
</TextLine>
<TextLine HEIGHT="53" HPOS="111" VPOS="2933" WIDTH="1909">
<String CONTENT="&#169;" HEIGHT="53" HPOS="111" VPOS="2933" WIDTH="53" />
<SP HEIGHT="53" HPOS="165" VPOS="2933" WIDTH="27" />
<String CONTENT="May" HEIGHT="46" HPOS="193" VPOS="2939" WIDTH="113" />
<SP HEIGHT="47" HPOS="307" VPOS="2938" WIDTH="24" />
<String CONTENT="20," HEIGHT="47" HPOS="332" VPOS="2938" WIDTH="71" />
<SP HEIGHT="47" HPOS="404" VPOS="2938" WIDTH="27" />
<String CONTENT="1936;" HEIGHT="48" HPOS="432" VPOS="2936" WIDTH="140" />
<SP HEIGHT="47" HPOS="573" VPOS="2937" WIDTH="28" />
<String CONTENT="2c." HEIGHT="41" HPOS="602" VPOS="2937" WIDTH="67" />
<SP HEIGHT="38" HPOS="670" VPOS="2939" WIDTH="29" />
<String CONTENT="May" HEIGHT="47" HPOS="700" VPOS="2939" WIDTH="115" />
<SP HEIGHT="48" HPOS="816" VPOS="2938" WIDTH="25" />
<String CONTENT="20;" HEIGHT="46" HPOS="842" VPOS="2937" WIDTH="82" />
<SP HEIGHT="36" HPOS="925" VPOS="2947" WIDTH="31" />
<String CONTENT="aff." HEIGHT="40" HPOS="957" VPOS="2937" WIDTH="83" />
<SP HEIGHT="39" HPOS="1041" VPOS="2938" WIDTH="28" />
<String CONTENT="May" HEIGHT="47" HPOS="1070" VPOS="2938" WIDTH="115" />
<SP HEIGHT="48" HPOS="1186" VPOS="2937" WIDTH="28" />
<String CONTENT="22;" HEIGHT="47" HPOS="1215" VPOS="2937" WIDTH="83" />
<SP HEIGHT="47" HPOS="1299" VPOS="2937" WIDTH="31" />
<String CONTENT="A" HEIGHT="40" HPOS="1331" VPOS="2937" WIDTH="41" />
<SP HEIGHT="41" HPOS="1373" VPOS="2936" WIDTH="27" />
<String CONTENT="95316;" HEIGHT="47" HPOS="1401" VPOS="2936" WIDTH="170" />
<SP HEIGHT="45" HPOS="1572" VPOS="2938" WIDTH="31" />
<String CONTENT="Harper" HEIGHT="47" HPOS="1604" VPOS="2938" WIDTH="194" />
<SP HEIGHT="40" HPOS="1799" VPOS="2937" WIDTH="28" />
<String CONTENT="&amp;" HEIGHT="40" HPOS="1828" VPOS="2937" WIDTH="36" />
<SP HEIGHT="40" HPOS="1865" VPOS="2937" WIDTH="28" />
<String CONTENT="bros." HEIGHT="39" HPOS="1894" VPOS="2938" WIDTH="126" />
</TextLine>
<TextLine HEIGHT="50" HPOS="190" VPOS="3000" WIDTH="279">
<String CONTENT="(36-14140)" HEIGHT="50" HPOS="190" VPOS="3000" WIDTH="279" />
</TextLine>
<TextLine HEIGHT="64" HPOS="112" STYLEREFS="StyleId-F73E3EF2-C452-491E-8D5D-0E13FDECEBE6-" VPOS="3102" WIDTH="703">
<String CONTENT="Cugle," HEIGHT="64" HPOS="112" VPOS="3102" WIDTH="197" />
<SP HEIGHT="62" HPOS="310" VPOS="3104" WIDTH="25" />
<String CONTENT="Charles" HEIGHT="55" HPOS="336" VPOS="3102" WIDTH="245" />
<SP HEIGHT="51" HPOS="582" VPOS="3106" WIDTH="21" />
<String CONTENT="Hurst." HEIGHT="51" HPOS="604" VPOS="3106" WIDTH="211" />
</TextLine>
<TextLine HEIGHT="72" HPOS="181" STYLEREFS="StyleId-D9996010-10EC-43D5-99D5-648D492B3E47-" VPOS="3176" WIDTH="1919">
<String CONTENT="Cugle&#8217;s" HEIGHT="70" HPOS="181" VPOS="3176" WIDTH="223" />
<SP HEIGHT="49" HPOS="405" VPOS="3197" WIDTH="40" />
<String CONTENT="practical" HEIGHT="67" HPOS="446" VPOS="3179" WIDTH="274" />
<SP HEIGHT="51" HPOS="721" VPOS="3180" WIDTH="41" />
<String CONTENT="navigation," HEIGHT="69" HPOS="763" VPOS="3179" WIDTH="352" />
<SP HEIGHT="67" HPOS="1116" VPOS="3179" WIDTH="43" />
<String CONTENT="by" HEIGHT="69" HPOS="1160" VPOS="3179" WIDTH="73" />
<SP HEIGHT="70" HPOS="1234" VPOS="3178" WIDTH="43" />
<String CONTENT="Charles" HEIGHT="55" HPOS="1278" VPOS="3178" WIDTH="236" />
<SP HEIGHT="52" HPOS="1515" VPOS="3179" WIDTH="43" />
<String CONTENT="H." HEIGHT="51" HPOS="1559" VPOS="3179" WIDTH="76" />
<SP HEIGHT="56" HPOS="1636" VPOS="3176" WIDTH="47" />
<String CONTENT="Cugle." HEIGHT="70" HPOS="1684" VPOS="3176" WIDTH="196" />
<SP HEIGHT="54" HPOS="1881" VPOS="3177" WIDTH="82" />
<String CONTENT="New" HEIGHT="52" HPOS="1964" VPOS="3177" WIDTH="136" />
</TextLine>
<TextLine HEIGHT="71" HPOS="109" STYLEREFS="StyleId-D9996010-10EC-43D5-99D5-648D492B3E47-" VPOS="3254" WIDTH="1992">
<String CONTENT="and" HEIGHT="52" HPOS="109" VPOS="3256" WIDTH="112" />
<SP HEIGHT="52" HPOS="222" VPOS="3256" WIDTH="38" />
<String CONTENT="enl." HEIGHT="52" HPOS="261" VPOS="3256" WIDTH="106" />
<SP HEIGHT="35" HPOS="368" VPOS="3273" WIDTH="40" />
<String CONTENT="ed.," HEIGHT="66" HPOS="409" VPOS="3256" WIDTH="102" />
<SP HEIGHT="47" HPOS="512" VPOS="3275" WIDTH="39" />
<String CONTENT="with" HEIGHT="52" HPOS="552" VPOS="3256" WIDTH="138" />
<SP HEIGHT="53" HPOS="691" VPOS="3256" WIDTH="41" />
<String CONTENT="complete" HEIGHT="67" HPOS="733" VPOS="3258" WIDTH="273" />
<SP HEIGHT="52" HPOS="1007" VPOS="3257" WIDTH="40" />
<String CONTENT="listing" HEIGHT="68" HPOS="1048" VPOS="3257" WIDTH="201" />
<SP HEIGHT="51" HPOS="1250" VPOS="3274" WIDTH="40" />
<String CONTENT="of" HEIGHT="54" HPOS="1291" VPOS="3255" WIDTH="63" />
<SP HEIGHT="53" HPOS="1355" VPOS="3255" WIDTH="39" />
<String CONTENT="navigation" HEIGHT="69" HPOS="1395" VPOS="3255" WIDTH="337" />
<SP HEIGHT="52" HPOS="1733" VPOS="3256" WIDTH="40" />
<String CONTENT="definitions" HEIGHT="54" HPOS="1774" VPOS="3254" WIDTH="327" />
</TextLine>
<TextLine HEIGHT="72" HPOS="109" STYLEREFS="StyleId-D9996010-10EC-43D5-99D5-648D492B3E47-" VPOS="3331" WIDTH="1992">
<String CONTENT="and" HEIGHT="52" HPOS="109" VPOS="3333" WIDTH="111" />
<SP HEIGHT="52" HPOS="221" VPOS="3333" WIDTH="42" />
<String CONTENT="accessories," HEIGHT="68" HPOS="264" VPOS="3333" WIDTH="343" />
<SP HEIGHT="67" HPOS="608" VPOS="3334" WIDTH="42" />
<String CONTENT="including" HEIGHT="69" HPOS="651" VPOS="3334" WIDTH="297" />
<SP HEIGHT="63" HPOS="949" VPOS="3340" WIDTH="42" />
<String CONTENT="the" HEIGHT="52" HPOS="992" VPOS="3335" WIDTH="93" />
<SP HEIGHT="52" HPOS="1086" VPOS="3335" WIDTH="43" />
<String CONTENT="latest" HEIGHT="52" HPOS="1130" VPOS="3335" WIDTH="166" />
<SP HEIGHT="48" HPOS="1297" VPOS="3338" WIDTH="40" />
<String CONTENT="methods" HEIGHT="54" HPOS="1338" VPOS="3333" WIDTH="258" />
<SP HEIGHT="35" HPOS="1597" VPOS="3352" WIDTH="42" />
<String CONTENT="of" HEIGHT="55" HPOS="1640" VPOS="3332" WIDTH="65" />
<SP HEIGHT="53" HPOS="1706" VPOS="3332" WIDTH="41" />
<String CONTENT="navigation," HEIGHT="70" HPOS="1748" VPOS="3331" WIDTH="353" />
</TextLine>
<TextLine HEIGHT="70" HPOS="109" STYLEREFS="StyleId-D9996010-10EC-43D5-99D5-648D492B3E47-" VPOS="3409" WIDTH="1990">
<String CONTENT="and" HEIGHT="52" HPOS="109" VPOS="3411" WIDTH="112" />
<SP HEIGHT="68" HPOS="222" VPOS="3411" WIDTH="30" />
<String CONTENT="questions" HEIGHT="68" HPOS="253" VPOS="3411" WIDTH="283" />
<SP HEIGHT="33" HPOS="537" VPOS="3431" WIDTH="31" />
<String CONTENT="and" HEIGHT="53" HPOS="569" VPOS="3412" WIDTH="113" />
<SP HEIGHT="53" HPOS="683" VPOS="3412" WIDTH="31" />
<String CONTENT="answers" HEIGHT="35" HPOS="715" VPOS="3430" WIDTH="243" />
<SP HEIGHT="34" HPOS="959" VPOS="3431" WIDTH="30" />
<String CONTENT="used" HEIGHT="52" HPOS="990" VPOS="3413" WIDTH="134" />
<SP HEIGHT="55" HPOS="1125" VPOS="3409" WIDTH="34" />
<String CONTENT="in" HEIGHT="55" HPOS="1160" VPOS="3409" WIDTH="57" />
<SP HEIGHT="33" HPOS="1218" VPOS="3431" WIDTH="32" />
<String CONTENT="steel" HEIGHT="53" HPOS="1251" VPOS="3412" WIDTH="134" />
<SP HEIGHT="53" HPOS="1386" VPOS="3411" WIDTH="28" />
<String CONTENT="hull" HEIGHT="53" HPOS="1415" VPOS="3411" WIDTH="124" />
<SP HEIGHT="51" HPOS="1540" VPOS="3412" WIDTH="31" />
<String CONTENT="construction" HEIGHT="55" HPOS="1572" VPOS="3409" WIDTH="382" />
<SP HEIGHT="34" HPOS="1955" VPOS="3428" WIDTH="33" />
<String CONTENT="and" HEIGHT="53" HPOS="1989" VPOS="3409" WIDTH="110" />
</TextLine>
<TextLine HEIGHT="72" HPOS="109" STYLEREFS="StyleId-D9996010-10EC-43D5-99D5-648D492B3E47-" VPOS="3487" WIDTH="1994">
<String CONTENT="definitions" HEIGHT="55" HPOS="109" VPOS="3487" WIDTH="324" />
<SP HEIGHT="35" HPOS="434" VPOS="3507" WIDTH="26" />
<String CONTENT="used" HEIGHT="52" HPOS="461" VPOS="3490" WIDTH="134" />
<SP HEIGHT="53" HPOS="596" VPOS="3489" WIDTH="31" />
<String CONTENT="in" HEIGHT="53" HPOS="628" VPOS="3489" WIDTH="59" />
<SP HEIGHT="34" HPOS="688" VPOS="3508" WIDTH="30" />
<String CONTENT="ship" HEIGHT="68" HPOS="719" VPOS="3490" WIDTH="129" />
<SP HEIGHT="50" HPOS="849" VPOS="3508" WIDTH="32" />
<String CONTENT="stability." HEIGHT="70" HPOS="882" VPOS="3489" WIDTH="273" />
<SP HEIGHT="51" HPOS="1156" VPOS="3490" WIDTH="65" />
<String CONTENT="New" HEIGHT="51" HPOS="1222" VPOS="3490" WIDTH="137" />
<SP HEIGHT="52" HPOS="1360" VPOS="3489" WIDTH="31" />
<String CONTENT="York," HEIGHT="69" HPOS="1392" VPOS="3488" WIDTH="180" />
<SP HEIGHT="69" HPOS="1573" VPOS="3488" WIDTH="28" />
<String CONTENT="E." HEIGHT="54" HPOS="1602" VPOS="3488" WIDTH="68" />
<SP HEIGHT="54" HPOS="1671" VPOS="3488" WIDTH="30" />
<String CONTENT="P." HEIGHT="52" HPOS="1702" VPOS="3488" WIDTH="66" />
<SP HEIGHT="52" HPOS="1769" VPOS="3488" WIDTH="29" />
<String CONTENT="Dutton" HEIGHT="51" HPOS="1799" VPOS="3488" WIDTH="221" />
<SP HEIGHT="51" HPOS="2021" VPOS="3488" WIDTH="35" />
<String CONTENT="&amp;" HEIGHT="50" HPOS="2057" VPOS="3488" WIDTH="46" />
</TextLine>
<TextLine HEIGHT="67" HPOS="108" STYLEREFS="StyleId-D9996010-10EC-43D5-99D5-648D492B3E47-" VPOS="3567" WIDTH="459">
<String CONTENT="co.," HEIGHT="49" HPOS="108" VPOS="3585" WIDTH="98" />
<SP HEIGHT="67" HPOS="207" VPOS="3567" WIDTH="26" />
<String CONTENT="inc." HEIGHT="54" HPOS="234" VPOS="3567" WIDTH="107" />
<SP HEIGHT="34" HPOS="342" VPOS="3600" WIDTH="32" />
<String CONTENT="[" HEIGHT="34" HPOS="375" VPOS="3600" WIDTH="13" />
<String CONTENT="c" HEIGHT="22" HPOS="391" STYLE="superscript" VPOS="3574" WIDTH="19" />
<String CONTENT="1936]" HEIGHT="64" HPOS="417" VPOS="3570" WIDTH="150" />
</TextLine>
<TextLine CS="1" HEIGHT="51" HPOS="181" VPOS="3639" WIDTH="1246">
<String CONTENT="xiii," HEIGHT="50" HPOS="181" VPOS="3639" WIDTH="102" />
<SP HEIGHT="49" HPOS="284" VPOS="3640" WIDTH="29" />
<String CONTENT="546" HEIGHT="41" HPOS="314" VPOS="3640" WIDTH="84" />
<SP HEIGHT="48" HPOS="399" VPOS="3640" WIDTH="26" />
<String CONTENT="p." HEIGHT="38" HPOS="426" VPOS="3650" WIDTH="42" />
<SP HEIGHT="40" HPOS="469" VPOS="3640" WIDTH="58" />
<String CONTENT="illus.," HEIGHT="46" HPOS="528" VPOS="3640" WIDTH="143" />
<SP HEIGHT="44" HPOS="672" VPOS="3642" WIDTH="28" />
<String CONTENT="diagrs." HEIGHT="47" HPOS="701" VPOS="3641" WIDTH="177" />
<SP HEIGHT="49" HPOS="879" VPOS="3641" WIDTH="29" />
<String CONTENT="(part" HEIGHT="49" HPOS="909" VPOS="3641" WIDTH="134" />
<SP HEIGHT="41" HPOS="1044" VPOS="3641" WIDTH="28" />
<String CONTENT="fold.)" HEIGHT="48" HPOS="1073" VPOS="3641" WIDTH="142" />
<SP HEIGHT="49" HPOS="1216" VPOS="3640" WIDTH="65" />
<String CONTENT="23&#189;" CS="1" HEIGHT="41" HPOS="1282" VPOS="3640" WIDTH="56" />
<String CONTENT="cm" HEIGHT="21" HPOS="1370" STYLE="superscript" VPOS="3643" WIDTH="45" />
<String CONTENT="." HEIGHT="9" HPOS="1419" VPOS="3671" WIDTH="8" />
</TextLine>
<TextLine HEIGHT="50" HPOS="178" VPOS="3695" WIDTH="801">
<String CONTENT="Consists" HEIGHT="43" HPOS="178" VPOS="3695" WIDTH="221" />
<SP HEIGHT="30" HPOS="400" VPOS="3707" WIDTH="30" />
<String CONTENT="mainly" HEIGHT="48" HPOS="431" VPOS="3697" WIDTH="183" />
<SP HEIGHT="37" HPOS="615" VPOS="3708" WIDTH="28" />
<String CONTENT="of" HEIGHT="39" HPOS="644" VPOS="3698" WIDTH="52" />
<SP HEIGHT="47" HPOS="697" VPOS="3698" WIDTH="29" />
<String CONTENT="problems." HEIGHT="47" HPOS="727" VPOS="3698" WIDTH="252" />
</TextLine>
<TextLine CS="1" HEIGHT="54" HPOS="182" VPOS="3748" WIDTH="1807">
<String CONTENT="&#8220;First" HEIGHT="41" HPOS="182" VPOS="3753" WIDTH="161" />
<SP HEIGHT="45" HPOS="344" VPOS="3756" WIDTH="26" />
<String CONTENT="printing," HEIGHT="48" HPOS="371" VPOS="3753" WIDTH="229" />
<SP HEIGHT="47" HPOS="601" VPOS="3754" WIDTH="30" />
<String CONTENT="Nov.," HEIGHT="46" HPOS="632" VPOS="3754" WIDTH="133" />
<SP HEIGHT="45" HPOS="766" VPOS="3755" WIDTH="33" />
<String CONTENT="1924" HEIGHT="40" HPOS="800" VPOS="3754" WIDTH="113" />
<SP HEIGHT="40" HPOS="914" VPOS="3754" WIDTH="35" />
<String CONTENT="&#8230;" CS="1" />
<SP HEIGHT="40" HPOS="996" VPOS="3754" WIDTH="60" />
<String CONTENT="New," HEIGHT="48" HPOS="1057" VPOS="3754" WIDTH="131" />
<SP HEIGHT="37" HPOS="1189" VPOS="3765" WIDTH="32" />
<String CONTENT="revised" HEIGHT="41" HPOS="1222" VPOS="3754" WIDTH="185" />
<SP HEIGHT="41" HPOS="1408" VPOS="3755" WIDTH="31" />
<String CONTENT="edition," HEIGHT="45" HPOS="1440" VPOS="3753" WIDTH="196" />
<SP HEIGHT="46" HPOS="1637" VPOS="3752" WIDTH="33" />
<String CONTENT="Feb.," HEIGHT="47" HPOS="1671" VPOS="3751" WIDTH="125" />
<SP HEIGHT="47" HPOS="1797" VPOS="3751" WIDTH="34" />
<String CONTENT="1936.&#8221;" HEIGHT="43" HPOS="1832" VPOS="3748" WIDTH="157" />
</TextLine>
<TextLine HEIGHT="51" HPOS="183" VPOS="3807" WIDTH="1919">
<String CONTENT="&#8220;In" HEIGHT="40" HPOS="183" VPOS="3809" WIDTH="85" />
<SP HEIGHT="39" HPOS="269" VPOS="3812" WIDTH="45" />
<String CONTENT="this" HEIGHT="41" HPOS="315" VPOS="3810" WIDTH="97" />
<SP HEIGHT="29" HPOS="413" VPOS="3821" WIDTH="46" />
<String CONTENT="volume" HEIGHT="41" HPOS="460" VPOS="3810" WIDTH="187" />
<SP HEIGHT="38" HPOS="648" VPOS="3813" WIDTH="45" />
<String CONTENT="the" HEIGHT="39" HPOS="694" VPOS="3812" WIDTH="81" />
<SP HEIGHT="29" HPOS="776" VPOS="3822" WIDTH="45" />
<String CONTENT="author&#8217;s" HEIGHT="42" HPOS="822" VPOS="3810" WIDTH="219" />
<SP HEIGHT="37" HPOS="1042" VPOS="3821" WIDTH="43" />
<String CONTENT="previous" HEIGHT="48" HPOS="1086" VPOS="3810" WIDTH="227" />
<SP HEIGHT="30" HPOS="1314" VPOS="3821" WIDTH="44" />
<String CONTENT="works," HEIGHT="48" HPOS="1359" VPOS="3810" WIDTH="173" />
<SP HEIGHT="49" HPOS="1533" VPOS="3809" WIDTH="50" />
<String CONTENT="&#8216;Simple" HEIGHT="49" HPOS="1584" VPOS="3807" WIDTH="193" />
<SP HEIGHT="32" HPOS="1778" VPOS="3817" WIDTH="47" />
<String CONTENT="rules" HEIGHT="41" HPOS="1826" VPOS="3807" WIDTH="129" />
<SP HEIGHT="31" HPOS="1956" VPOS="3817" WIDTH="50" />
<String CONTENT="and" HEIGHT="40" HPOS="2007" VPOS="3807" WIDTH="95" />
</TextLine>
<TextLine HEIGHT="52" HPOS="110" VPOS="3862" WIDTH="1991">
<String CONTENT="problems" HEIGHT="47" HPOS="110" VPOS="3865" WIDTH="237" />
<SP HEIGHT="39" HPOS="348" VPOS="3867" WIDTH="28" />
<String CONTENT="in" HEIGHT="39" HPOS="377" VPOS="3867" WIDTH="49" />
<SP HEIGHT="28" HPOS="427" VPOS="3878" WIDTH="28" />
<String CONTENT="navigation&#8217;" HEIGHT="48" HPOS="456" VPOS="3866" WIDTH="296" />
<SP HEIGHT="41" HPOS="753" VPOS="3866" WIDTH="33" />
<String CONTENT="and" HEIGHT="38" HPOS="787" VPOS="3869" WIDTH="90" />
<SP HEIGHT="38" HPOS="878" VPOS="3868" WIDTH="35" />
<String CONTENT="&#8216;Practical" HEIGHT="41" HPOS="914" VPOS="3867" WIDTH="255" />
<SP HEIGHT="40" HPOS="1170" VPOS="3867" WIDTH="31" />
<String CONTENT="advanced" HEIGHT="41" HPOS="1202" VPOS="3867" WIDTH="247" />
<SP HEIGHT="40" HPOS="1450" VPOS="3867" WIDTH="29" />
<String CONTENT="navigation&#8217;," HEIGHT="50" HPOS="1480" VPOS="3863" WIDTH="313" />
<SP HEIGHT="48" HPOS="1794" VPOS="3865" WIDTH="31" />
<String CONTENT="have" HEIGHT="40" HPOS="1826" VPOS="3865" WIDTH="123" />
<SP HEIGHT="43" HPOS="1950" VPOS="3862" WIDTH="33" />
<String CONTENT="been" HEIGHT="41" HPOS="1984" VPOS="3862" WIDTH="117" />
</TextLine>
<TextLine HEIGHT="44" HPOS="111" VPOS="3922" WIDTH="1577">
<String CONTENT="consolidated" HEIGHT="40" HPOS="111" VPOS="3923" WIDTH="326" />
<SP HEIGHT="38" HPOS="438" VPOS="3925" WIDTH="28" />
<String CONTENT="under" HEIGHT="38" HPOS="467" VPOS="3925" WIDTH="153" />
<SP HEIGHT="29" HPOS="621" VPOS="3934" WIDTH="21" />
<String CONTENT="one" HEIGHT="31" HPOS="643" VPOS="3935" WIDTH="88" />
<SP HEIGHT="31" HPOS="732" VPOS="3935" WIDTH="25" />
<String CONTENT="cover.&#8221;&#8212;Pref." HEIGHT="40" HPOS="758" VPOS="3924" WIDTH="375" />
<SP HEIGHT="38" HPOS="1134" VPOS="3926" WIDTH="27" />
<String CONTENT="to" HEIGHT="38" HPOS="1162" VPOS="3926" WIDTH="48" />
<SP HEIGHT="29" HPOS="1211" VPOS="3934" WIDTH="26" />
<String CONTENT="new" HEIGHT="30" HPOS="1238" VPOS="3934" WIDTH="105" />
<SP HEIGHT="29" HPOS="1344" VPOS="3934" WIDTH="27" />
<String CONTENT="and" HEIGHT="39" HPOS="1372" VPOS="3924" WIDTH="91" />
<SP HEIGHT="38" HPOS="1464" VPOS="3924" WIDTH="30" />
<String CONTENT="rev." HEIGHT="30" HPOS="1495" VPOS="3933" WIDTH="93" />
<SP HEIGHT="30" HPOS="1589" VPOS="3933" WIDTH="27" />
<String CONTENT="ed." HEIGHT="41" HPOS="1617" VPOS="3922" WIDTH="71" />
</TextLine>
<TextLine HEIGHT="55" HPOS="114" VPOS="3998" WIDTH="1989">
<String CONTENT="&#169;" HEIGHT="53" HPOS="114" VPOS="3998" WIDTH="52" />
<SP HEIGHT="53" HPOS="167" VPOS="3998" WIDTH="25" />
<String CONTENT="Apr." HEIGHT="47" HPOS="193" VPOS="4003" WIDTH="111" />
<SP HEIGHT="40" HPOS="305" VPOS="4002" WIDTH="25" />
<String CONTENT="28." HEIGHT="44" HPOS="331" VPOS="4002" WIDTH="69" />
<SP HEIGHT="42" HPOS="401" VPOS="4004" WIDTH="28" />
<String CONTENT="1936;" HEIGHT="44" HPOS="430" VPOS="4003" WIDTH="138" />
<SP HEIGHT="43" HPOS="569" VPOS="4004" WIDTH="28" />
<String CONTENT="2c." HEIGHT="40" HPOS="598" VPOS="4004" WIDTH="68" />
<SP HEIGHT="29" HPOS="667" VPOS="4015" WIDTH="29" />
<String CONTENT="and" HEIGHT="39" HPOS="697" VPOS="4004" WIDTH="95" />
<SP HEIGHT="39" HPOS="793" VPOS="4004" WIDTH="27" />
<String CONTENT="aff." HEIGHT="40" HPOS="821" VPOS="4004" WIDTH="82" />
<SP HEIGHT="40" HPOS="904" VPOS="4004" WIDTH="27" />
<String CONTENT="Apr." HEIGHT="49" HPOS="932" VPOS="4004" WIDTH="112" />
<SP HEIGHT="40" HPOS="1045" VPOS="4004" WIDTH="27" />
<String CONTENT="29;" HEIGHT="44" HPOS="1073" VPOS="4003" WIDTH="82" />
<SP HEIGHT="42" HPOS="1156" VPOS="4005" WIDTH="30" />
<String CONTENT="A" HEIGHT="38" HPOS="1187" VPOS="4005" WIDTH="41" />
<SP HEIGHT="41" HPOS="1229" VPOS="4003" WIDTH="24" />
<String CONTENT="93921;" HEIGHT="46" HPOS="1254" VPOS="4003" WIDTH="170" />
<SP HEIGHT="44" HPOS="1425" VPOS="4005" WIDTH="31" />
<String CONTENT="E." HEIGHT="39" HPOS="1457" VPOS="4005" WIDTH="51" />
<SP HEIGHT="43" HPOS="1509" VPOS="4001" WIDTH="29" />
<String CONTENT="P." HEIGHT="43" HPOS="1539" VPOS="4001" WIDTH="50" />
<SP HEIGHT="40" HPOS="1590" VPOS="4004" WIDTH="28" />
<String CONTENT="Dutton" HEIGHT="40" HPOS="1619" VPOS="4004" WIDTH="188" />
<SP HEIGHT="39" HPOS="1808" VPOS="4003" WIDTH="28" />
<String CONTENT="&amp;" HEIGHT="39" HPOS="1837" VPOS="4003" WIDTH="35" />
<SP HEIGHT="39" HPOS="1873" VPOS="4003" WIDTH="27" />
<String CONTENT="co.," HEIGHT="38" HPOS="1901" VPOS="4010" WIDTH="83" />
<SP HEIGHT="47" HPOS="1985" VPOS="4001" WIDTH="27" />
<String CONTENT="inc." HEIGHT="40" HPOS="2013" VPOS="4001" WIDTH="90" />
</TextLine>
<TextLine HEIGHT="49" HPOS="193" VPOS="4064" WIDTH="279">
<String CONTENT="(36-13833)" HEIGHT="49" HPOS="193" VPOS="4064" WIDTH="279" />
</TextLine>
</TextBlock>
</PrintSpace>
</Page>
</Layout>
</alto>