<alto xmlns="http://www.loc.gov/standards/alto/ns-v3#" xmlns:xsi="http://www.w3.org/2001/XMLSchema-instance" xsi:schemaLocation="http://www.loc.gov/standards/alto/ns-v3# http://www.loc.gov/alto/v3/alto-3-0.xsd"><Description>
<MeasurementUnit>pixel</MeasurementUnit>
<sourceImageInformation>
<fileName>1936_v33_Part1.pdf</fileName>
</sourceImageInformation>
<OCRProcessing ID="IdOcr">
<ocrProcessingStep>
<processingDateTime>2019-01-18</processingDateTime>
<processingSoftware>
<softwareCreator>ABBYY</softwareCreator>
<softwareName>ABBYY Recognition Server</softwareName>
<softwareVersion>4.0</softwareVersion>
</processingSoftware>
</ocrProcessingStep>
</OCRProcessing>
</Description>
<Styles>
<ParagraphStyle ALIGN="Left" FIRSTLINE="0." ID="StyleId-FFFFFFFF-FFFF-FFFF-FFFF-FFFFFFFFFFFF-" LEFT="0." RIGHT="0." />
<ParagraphStyle ALIGN="Left" FIRSTLINE="0." ID="StyleId-51D50FAC-7A90-4D70-8A96-5EA9D46D1C8B-" LEFT="0." LINESPACE="7.699999809" RIGHT="0." />
<ParagraphStyle ALIGN="Block" FIRSTLINE="-17." ID="StyleId-6BC133E9-7DCB-43C3-8842-A67984A26405-" LEFT="0." LINESPACE="8.340000153" RIGHT="0." />
<ParagraphStyle ALIGN="Left" FIRSTLINE="-13." ID="StyleId-3C3FF860-43E7-46A2-8934-48F305F6F0D6-" LEFT="0." LINESPACE="11.06999969" RIGHT="0." />
<ParagraphStyle ALIGN="Block" FIRSTLINE="-13." ID="StyleId-19220C76-4F8A-4737-B38C-B5F5C17E6040-" LEFT="0." LINESPACE="11.06999969" RIGHT="0." />
<ParagraphStyle ALIGN="Left" FIRSTLINE="0." ID="StyleId-75A0D721-13ED-4F20-9002-B389EC48477D-" LEFT="0." LINESPACE="15.5" RIGHT="0." />
<ParagraphStyle ALIGN="Left" FIRSTLINE="0." ID="StyleId-8A414184-C7A5-4AC7-9B88-7DA4DDE75922-" LEFT="0." LINESPACE="9.399999619" RIGHT="0." />
<ParagraphStyle ALIGN="Left" FIRSTLINE="0." ID="StyleId-1A87970B-111C-4169-99A6-9412976F3C97-" LEFT="0." LINESPACE="10.5" RIGHT="0." />
<ParagraphStyle ALIGN="Block" FIRSTLINE="-17." ID="StyleId-72DB0571-5AE4-41FD-9E11-68C6AC4C437E-" LEFT="0." LINESPACE="8.340000153" RIGHT="0." />
<ParagraphStyle ALIGN="Center" FIRSTLINE="0." ID="StyleId-1AA43056-C388-4697-B10F-72FDAA38FAE1-" LEFT="0." LINESPACE="10.5" RIGHT="0." />
</Styles>
<Layout>
<Page HEIGHT="4377" ID="Page649" PHYSICAL_IMG_NR="649" WIDTH="2519">
<TopMargin HEIGHT="424" HPOS="0" VPOS="0" WIDTH="2519">
</TopMargin>
<LeftMargin HEIGHT="3607" HPOS="0" VPOS="424" WIDTH="74">
</LeftMargin>
<RightMargin HEIGHT="3607" HPOS="2096" VPOS="424" WIDTH="423">
</RightMargin>
<BottomMargin HEIGHT="346" HPOS="0" VPOS="4031" WIDTH="2519">
<TextBlock HEIGHT="130" HPOS="926" ID="Page649_Block1" LANG="en-US" STYLEREFS="StyleId-3E6C3ACC-4422-4869-B1F6-265F2A67D5B8-" VPOS="4071" WIDTH="483">
<TextLine HEIGHT="49" HPOS="1032" VPOS="4075" WIDTH="98">
<String CONTENT="649" HEIGHT="49" HPOS="1032" VPOS="4075" WIDTH="98" />
</TextLine>
</TextBlock>
</BottomMargin>
<PrintSpace HEIGHT="3607" HPOS="74" VPOS="424" WIDTH="2022">
<TextBlock CS="1" HEIGHT="3607" HPOS="74" ID="Page649_Block2" STYLEREFS="StyleId-36139C75-F1FB-450F-B0D0-5601666B5450-" VPOS="424" WIDTH="2022">
<TextLine HEIGHT="63" HPOS="96" LANG="fr" STYLEREFS="StyleId-BE202799-77C8-4D2C-908F-B9810C6F75ED-" VPOS="434" WIDTH="754">
<String CONTENT="Adler," HEIGHT="63" HPOS="96" VPOS="434" WIDTH="195" />
<SP HEIGHT="63" HPOS="292" VPOS="434" WIDTH="26" />
<String CONTENT="Lawrence," HEIGHT="63" HPOS="319" VPOS="434" WIDTH="330" />
<SP HEIGHT="58" HPOS="650" VPOS="439" WIDTH="29" />
<String CONTENT="1886-" HEIGHT="49" HPOS="680" VPOS="439" WIDTH="170" />
</TextLine>
<TextLine HEIGHT="70" HPOS="163" STYLEREFS="StyleId-6EED38A5-3569-47DB-B6E9-785899BE0B7C-" VPOS="507" WIDTH="1919">
<String CONTENT="New" HEIGHT="53" HPOS="163" LANG="fr" VPOS="507" WIDTH="138" />
<SP HEIGHT="33" HPOS="302" VPOS="526" WIDTH="24" />
<String CONTENT="values" HEIGHT="53" HPOS="327" LANG="fr" VPOS="507" WIDTH="190" />
<SP HEIGHT="52" HPOS="518" VPOS="508" WIDTH="24" />
<String CONTENT="in" HEIGHT="52" HPOS="543" LANG="en-US" VPOS="508" WIDTH="58" />
<SP HEIGHT="34" HPOS="602" VPOS="526" WIDTH="24" />
<String CONTENT="music" HEIGHT="54" HPOS="627" LANG="en-US" VPOS="507" WIDTH="180" />
<SP HEIGHT="34" HPOS="808" VPOS="527" WIDTH="24" />
<String CONTENT="appreciation," HEIGHT="70" HPOS="833" LANG="en-US" VPOS="507" WIDTH="409" />
<SP HEIGHT="68" HPOS="1243" VPOS="509" WIDTH="21" />
<String CONTENT="by" HEIGHT="68" HPOS="1265" LANG="en-US" VPOS="509" WIDTH="75" />
<SP HEIGHT="68" HPOS="1341" VPOS="509" WIDTH="25" />
<String CONTENT="Laurence" HEIGHT="53" HPOS="1367" LANG="fr" VPOS="509" WIDTH="290" />
<SP HEIGHT="53" HPOS="1658" VPOS="509" WIDTH="23" />
<String CONTENT="Adler." HEIGHT="54" HPOS="1682" LANG="fr" VPOS="509" WIDTH="196" />
<SP HEIGHT="53" HPOS="1879" VPOS="511" WIDTH="64" />
<String CONTENT="New" HEIGHT="53" HPOS="1944" LANG="fr" VPOS="511" WIDTH="138" />
</TextLine>
<TextLine HEIGHT="70" HPOS="96" STYLEREFS="StyleId-6EED38A5-3569-47DB-B6E9-785899BE0B7C-" VPOS="584" WIDTH="1104">
<String CONTENT="York," HEIGHT="69" HPOS="96" LANG="fr" VPOS="584" WIDTH="176" />
<SP HEIGHT="68" HPOS="273" VPOS="585" WIDTH="25" />
<String CONTENT="Roerich" HEIGHT="53" HPOS="299" LANG="en-US" VPOS="584" WIDTH="242" />
<SP HEIGHT="51" HPOS="542" VPOS="586" WIDTH="23" />
<String CONTENT="museum" HEIGHT="34" HPOS="566" LANG="en-US" VPOS="604" WIDTH="254" />
<SP HEIGHT="50" HPOS="821" VPOS="604" WIDTH="25" />
<String CONTENT="press," HEIGHT="51" HPOS="847" LANG="fr" VPOS="603" WIDTH="173" />
<SP HEIGHT="65" HPOS="1021" VPOS="589" WIDTH="30" />
<String CONTENT="1935." HEIGHT="50" HPOS="1052" LANG="fr" VPOS="588" WIDTH="148" />
</TextLine>
<TextLine CS="1" HEIGHT="49" HPOS="163" LANG="fr" VPOS="657" WIDTH="329">
<String CONTENT="80" HEIGHT="41" HPOS="163" VPOS="657" WIDTH="54" />
<SP HEIGHT="49" HPOS="218" VPOS="657" WIDTH="25" />
<String CONTENT="p." HEIGHT="38" HPOS="244" VPOS="668" WIDTH="42" />
<SP HEIGHT="40" HPOS="287" VPOS="659" WIDTH="60" />
<String CONTENT="19" HEIGHT="40" HPOS="348" VPOS="658" WIDTH="55" />
<String CONTENT="&#189;" CS="1" LANG="en-US" />
<String CONTENT="cm" HEIGHT="21" HPOS="435" STYLE="superscript" VPOS="660" WIDTH="44" />
<String CONTENT="." HEIGHT="8" HPOS="484" VPOS="694" WIDTH="8" />
</TextLine>
<TextLine HEIGHT="53" HPOS="95" VPOS="713" WIDTH="1989">
<String CONTENT="&#169;" HEIGHT="53" HPOS="95" LANG="fr" VPOS="713" WIDTH="53" />
<SP HEIGHT="53" HPOS="149" VPOS="713" WIDTH="27" />
<String CONTENT="May" HEIGHT="46" HPOS="177" LANG="fr" VPOS="719" WIDTH="113" />
<SP HEIGHT="48" HPOS="291" VPOS="717" WIDTH="26" />
<String CONTENT="27," HEIGHT="48" HPOS="318" LANG="fr" VPOS="717" WIDTH="68" />
<SP HEIGHT="47" HPOS="387" VPOS="718" WIDTH="30" />
<String CONTENT="1935" HEIGHT="41" HPOS="418" LANG="fr" VPOS="716" WIDTH="113" />
<SP HEIGHT="46" HPOS="532" VPOS="717" WIDTH="16" />
<String CONTENT=";" HEIGHT="36" HPOS="549" LANG="fr" VPOS="727" WIDTH="8" />
<SP HEIGHT="46" HPOS="558" VPOS="717" WIDTH="31" />
<String CONTENT="2c." HEIGHT="40" HPOS="590" LANG="fr" VPOS="717" WIDTH="68" />
<SP HEIGHT="29" HPOS="659" VPOS="728" WIDTH="29" />
<String CONTENT="and" HEIGHT="39" HPOS="689" LANG="fr" VPOS="718" WIDTH="96" />
<SP HEIGHT="39" HPOS="786" VPOS="718" WIDTH="29" />
<String CONTENT="aff." HEIGHT="41" HPOS="816" LANG="fr" VPOS="716" WIDTH="80" />
<SP HEIGHT="38" HPOS="897" VPOS="719" WIDTH="31" />
<String CONTENT="Mar." HEIGHT="39" HPOS="929" LANG="fr" VPOS="719" WIDTH="121" />
<SP HEIGHT="40" HPOS="1051" VPOS="718" WIDTH="29" />
<String CONTENT="31," HEIGHT="46" HPOS="1081" LANG="fr" VPOS="718" WIDTH="68" />
<SP HEIGHT="46" HPOS="1150" VPOS="718" WIDTH="31" />
<String CONTENT="1936" HEIGHT="41" HPOS="1182" LANG="fr" VPOS="717" WIDTH="114" />
<SP HEIGHT="47" HPOS="1297" VPOS="718" WIDTH="14" />
<String CONTENT=";" HEIGHT="37" HPOS="1312" LANG="fr" VPOS="728" WIDTH="9" />
<SP HEIGHT="47" HPOS="1322" VPOS="718" WIDTH="33" />
<String CONTENT="A" HEIGHT="39" HPOS="1356" LANG="fr" VPOS="718" WIDTH="39" />
<SP HEIGHT="40" HPOS="1396" VPOS="717" WIDTH="27" />
<String CONTENT="93458" HEIGHT="41" HPOS="1424" LANG="fr" VPOS="717" WIDTH="145" />
<SP HEIGHT="45" HPOS="1570" VPOS="719" WIDTH="16" />
<String CONTENT=";" HEIGHT="36" HPOS="1587" LANG="fr" VPOS="728" WIDTH="8" />
<SP HEIGHT="45" HPOS="1596" VPOS="719" WIDTH="31" />
<String CONTENT="Roerich" HEIGHT="42" HPOS="1628" LANG="en-US" VPOS="717" WIDTH="205" />
<SP HEIGHT="37" HPOS="1834" VPOS="720" WIDTH="32" />
<String CONTENT="museum" HEIGHT="31" HPOS="1867" LANG="en-US" VPOS="729" WIDTH="217" />
</TextLine>
<TextLine HEIGHT="49" HPOS="165" LANG="fr" VPOS="773" WIDTH="491">
<String CONTENT="press." HEIGHT="37" HPOS="165" VPOS="785" WIDTH="147" />
<SP HEIGHT="48" HPOS="313" VPOS="774" WIDTH="65" />
<String CONTENT="(36-10733)" HEIGHT="49" HPOS="379" VPOS="773" WIDTH="277" />
</TextLine>
<TextLine HEIGHT="64" HPOS="91" LANG="fr" STYLEREFS="StyleId-BE202799-77C8-4D2C-908F-B9810C6F75ED-" VPOS="876" WIDTH="727">
<String CONTENT="Bacon," HEIGHT="63" HPOS="91" VPOS="876" WIDTH="214" />
<SP HEIGHT="63" HPOS="306" VPOS="876" WIDTH="26" />
<String CONTENT="Leonard," HEIGHT="64" HPOS="333" VPOS="876" WIDTH="283" />
<SP HEIGHT="57" HPOS="617" VPOS="883" WIDTH="31" />
<String CONTENT="1887-" HEIGHT="52" HPOS="649" VPOS="879" WIDTH="169" />
</TextLine>
<TextLine HEIGHT="73" HPOS="159" STYLEREFS="StyleId-6EED38A5-3569-47DB-B6E9-785899BE0B7C-" VPOS="949" WIDTH="1922">
<String CONTENT="The" HEIGHT="53" HPOS="159" LANG="fr" VPOS="951" WIDTH="121" />
<SP HEIGHT="52" HPOS="281" VPOS="970" WIDTH="31" />
<String CONTENT="goose" HEIGHT="52" HPOS="313" LANG="en-US" VPOS="970" WIDTH="166" />
<SP HEIGHT="35" HPOS="480" VPOS="970" WIDTH="32" />
<String CONTENT="on" HEIGHT="35" HPOS="513" LANG="en-US" VPOS="970" WIDTH="71" />
<SP HEIGHT="49" HPOS="585" VPOS="955" WIDTH="34" />
<String CONTENT="the" HEIGHT="53" HPOS="620" LANG="en-US" VPOS="951" WIDTH="95" />
<SP HEIGHT="35" HPOS="716" VPOS="970" WIDTH="38" />
<String CONTENT="capitol" HEIGHT="71" HPOS="755" LANG="fr" VPOS="949" WIDTH="210" />
<SP HEIGHT="68" HPOS="966" VPOS="951" WIDTH="43" />
<String CONTENT="[" HEIGHT="35" HPOS="1010" LANG="fr" STYLE="subscript" VPOS="984" WIDTH="12" />
<String CONTENT="by]" HEIGHT="70" HPOS="1026" LANG="fr" VPOS="950" WIDTH="92" />
<SP HEIGHT="67" HPOS="1119" VPOS="951" WIDTH="39" />
<String CONTENT="Leonard" HEIGHT="54" HPOS="1159" LANG="fr" VPOS="951" WIDTH="262" />
<SP HEIGHT="53" HPOS="1422" VPOS="952" WIDTH="36" />
<String CONTENT="Bacon." HEIGHT="53" HPOS="1459" LANG="fr" VPOS="953" WIDTH="209" />
<SP HEIGHT="54" HPOS="1669" VPOS="952" WIDTH="72" />
<String CONTENT="New" HEIGHT="54" HPOS="1742" LANG="fr" VPOS="952" WIDTH="137" />
<SP HEIGHT="53" HPOS="1880" VPOS="953" WIDTH="39" />
<String CONTENT="York" HEIGHT="55" HPOS="1920" LANG="fr" VPOS="952" WIDTH="161" />
</TextLine>
<TextLine HEIGHT="69" HPOS="91" STYLEREFS="StyleId-6EED38A5-3569-47DB-B6E9-785899BE0B7C-" VPOS="1029" WIDTH="1196">
<String CONTENT="and" HEIGHT="53" HPOS="91" LANG="fr" VPOS="1031" WIDTH="112" />
<SP HEIGHT="53" HPOS="204" VPOS="1031" WIDTH="21" />
<String CONTENT="London," HEIGHT="64" HPOS="226" LANG="fr" VPOS="1031" WIDTH="257" />
<SP HEIGHT="66" HPOS="484" VPOS="1029" WIDTH="22" />
<String CONTENT="Harper" HEIGHT="69" HPOS="507" LANG="fr" VPOS="1029" WIDTH="233" />
<SP HEIGHT="52" HPOS="741" VPOS="1030" WIDTH="22" />
<String CONTENT="&amp;" HEIGHT="50" HPOS="764" LANG="fr" VPOS="1030" WIDTH="46" />
<SP HEIGHT="53" HPOS="811" VPOS="1029" WIDTH="21" />
<String CONTENT="brothers." HEIGHT="54" HPOS="833" LANG="en-US" VPOS="1029" WIDTH="275" />
<SP HEIGHT="50" HPOS="1109" VPOS="1032" WIDTH="27" />
<String CONTENT="1936." HEIGHT="51" HPOS="1137" LANG="fr" VPOS="1032" WIDTH="150" />
</TextLine>
<TextLine CS="1" HEIGHT="51" HPOS="193" LANG="fr" VPOS="1102" WIDTH="635">
<String CONTENT="x" CS="1" />
<SP HEIGHT="38" HPOS="193" VPOS="1114" WIDTH="22" />
<String CONTENT="p.," HEIGHT="38" HPOS="216" VPOS="1114" WIDTH="57" />
<SP HEIGHT="47" HPOS="274" VPOS="1105" WIDTH="24" />
<String CONTENT="1" HEIGHT="39" HPOS="299" VPOS="1105" WIDTH="24" />
<SP HEIGHT="40" HPOS="324" VPOS="1104" WIDTH="27" />
<String CONTENT="l.," CS="1" HEIGHT="16" HPOS="372" VPOS="1135" WIDTH="23" />
<SP HEIGHT="48" HPOS="396" VPOS="1103" WIDTH="26" />
<String CONTENT="49," HEIGHT="49" HPOS="423" VPOS="1102" WIDTH="69" />
<SP HEIGHT="29" HPOS="493" VPOS="1123" WIDTH="32" />
<String CONTENT="[1]" HEIGHT="50" HPOS="526" VPOS="1103" WIDTH="53" />
<SP HEIGHT="40" HPOS="580" VPOS="1113" WIDTH="28" />
<String CONTENT="p." HEIGHT="37" HPOS="609" VPOS="1113" WIDTH="42" />
<SP HEIGHT="41" HPOS="652" VPOS="1102" WIDTH="57" />
<String CONTENT="21" HEIGHT="40" HPOS="710" VPOS="1102" WIDTH="56" />
<String CONTENT="cm" HEIGHT="22" HPOS="771" STYLE="superscript" VPOS="1105" WIDTH="43" />
<String CONTENT="." HEIGHT="10" HPOS="819" VPOS="1135" WIDTH="9" />
</TextLine>
<TextLine HEIGHT="42" HPOS="161" LANG="en-US" VPOS="1160" WIDTH="181">
<String CONTENT="Poems." HEIGHT="42" HPOS="161" VPOS="1160" WIDTH="181" />
</TextLine>
<TextLine HEIGHT="43" HPOS="160" VPOS="1216" WIDTH="417">
<String CONTENT="&#8220;First" HEIGHT="42" HPOS="160" LANG="fr" VPOS="1217" WIDTH="162" />
<SP HEIGHT="39" HPOS="323" VPOS="1220" WIDTH="28" />
<String CONTENT="edition.&#8221;" HEIGHT="42" HPOS="352" LANG="en-US" VPOS="1216" WIDTH="225" />
</TextLine>
<TextLine HEIGHT="53" HPOS="94" LANG="fr" VPOS="1273" WIDTH="1989">
<String CONTENT="&#169;" HEIGHT="53" HPOS="94" VPOS="1273" WIDTH="52" />
<SP HEIGHT="53" HPOS="147" VPOS="1273" WIDTH="28" />
<String CONTENT="May" HEIGHT="45" HPOS="176" VPOS="1279" WIDTH="112" />
<SP HEIGHT="47" HPOS="289" VPOS="1277" WIDTH="28" />
<String CONTENT="20," HEIGHT="48" HPOS="318" VPOS="1277" WIDTH="68" />
<SP HEIGHT="48" HPOS="387" VPOS="1277" WIDTH="30" />
<String CONTENT="1936" HEIGHT="41" HPOS="418" VPOS="1276" WIDTH="112" />
<SP HEIGHT="46" HPOS="531" VPOS="1277" WIDTH="16" />
<String CONTENT=";" HEIGHT="36" HPOS="548" VPOS="1287" WIDTH="9" />
<SP HEIGHT="47" HPOS="558" VPOS="1276" WIDTH="27" />
<String CONTENT="2c." HEIGHT="40" HPOS="586" VPOS="1276" WIDTH="65" />
<SP HEIGHT="39" HPOS="652" VPOS="1276" WIDTH="33" />
<String CONTENT="May" HEIGHT="47" HPOS="686" VPOS="1276" WIDTH="112" />
<SP HEIGHT="48" HPOS="799" VPOS="1275" WIDTH="30" />
<String CONTENT="19" HEIGHT="41" HPOS="830" VPOS="1274" WIDTH="56" />
<SP HEIGHT="48" HPOS="887" VPOS="1274" WIDTH="13" />
<String CONTENT=";" HEIGHT="36" HPOS="901" VPOS="1286" WIDTH="9" />
<SP HEIGHT="36" HPOS="911" VPOS="1286" WIDTH="31" />
<String CONTENT="aff." HEIGHT="41" HPOS="943" VPOS="1275" WIDTH="82" />
<SP HEIGHT="40" HPOS="1026" VPOS="1276" WIDTH="30" />
<String CONTENT="May" HEIGHT="47" HPOS="1057" VPOS="1276" WIDTH="114" />
<SP HEIGHT="47" HPOS="1172" VPOS="1276" WIDTH="28" />
<String CONTENT="22" HEIGHT="39" HPOS="1201" VPOS="1275" WIDTH="58" />
<SP HEIGHT="47" HPOS="1260" VPOS="1275" WIDTH="13" />
<String CONTENT=";" HEIGHT="37" HPOS="1274" VPOS="1285" WIDTH="9" />
<SP HEIGHT="47" HPOS="1284" VPOS="1275" WIDTH="32" />
<String CONTENT="A" HEIGHT="39" HPOS="1317" VPOS="1275" WIDTH="40" />
<SP HEIGHT="41" HPOS="1358" VPOS="1274" WIDTH="28" />
<String CONTENT="95314" HEIGHT="42" HPOS="1387" VPOS="1274" WIDTH="145" />
<SP HEIGHT="47" HPOS="1533" VPOS="1276" WIDTH="15" />
<String CONTENT=";" HEIGHT="37" HPOS="1549" VPOS="1286" WIDTH="9" />
<SP HEIGHT="47" HPOS="1559" VPOS="1276" WIDTH="34" />
<String CONTENT="L." HEIGHT="40" HPOS="1594" VPOS="1276" WIDTH="50" />
<SP HEIGHT="39" HPOS="1645" VPOS="1277" WIDTH="31" />
<String CONTENT="Bacon," HEIGHT="47" HPOS="1677" VPOS="1277" WIDTH="176" />
<SP HEIGHT="47" HPOS="1854" VPOS="1277" WIDTH="31" />
<String CONTENT="Boston." HEIGHT="40" HPOS="1886" VPOS="1277" WIDTH="197" />
</TextLine>
<TextLine HEIGHT="49" HPOS="175" LANG="fr" VPOS="1333" WIDTH="277">
<String CONTENT="(36-10740)" HEIGHT="49" HPOS="175" VPOS="1333" WIDTH="277" />
</TextLine>
<TextLine HEIGHT="64" HPOS="91" STYLEREFS="StyleId-BE202799-77C8-4D2C-908F-B9810C6F75ED-" VPOS="1436" WIDTH="950">
<String CONTENT="Beach," HEIGHT="64" HPOS="91" LANG="fi" VPOS="1436" WIDTH="211" />
<SP HEIGHT="63" HPOS="303" VPOS="1437" WIDTH="25" />
<String CONTENT="Joseph" HEIGHT="63" HPOS="329" LANG="fr" VPOS="1436" WIDTH="218" />
<SP HEIGHT="53" HPOS="548" VPOS="1436" WIDTH="24" />
<String CONTENT="Warren," HEIGHT="63" HPOS="573" LANG="fr" VPOS="1436" WIDTH="267" />
<SP HEIGHT="59" HPOS="841" VPOS="1440" WIDTH="29" />
<String CONTENT="1880-" HEIGHT="50" HPOS="871" LANG="fr" VPOS="1440" WIDTH="170" />
</TextLine>
<TextLine HEIGHT="71" HPOS="158" STYLEREFS="StyleId-6EED38A5-3569-47DB-B6E9-785899BE0B7C-" VPOS="1509" WIDTH="1925">
<String CONTENT="The" HEIGHT="52" HPOS="158" LANG="fr" VPOS="1512" WIDTH="121" />
<SP HEIGHT="34" HPOS="280" VPOS="1530" WIDTH="24" />
<String CONTENT="concept" HEIGHT="62" HPOS="305" LANG="fr" VPOS="1516" WIDTH="232" />
<SP HEIGHT="48" HPOS="538" VPOS="1516" WIDTH="25" />
<String CONTENT="of" HEIGHT="52" HPOS="564" LANG="en-US" VPOS="1511" WIDTH="65" />
<SP HEIGHT="52" HPOS="630" VPOS="1511" WIDTH="23" />
<String CONTENT="nature" HEIGHT="48" HPOS="654" LANG="fr" VPOS="1515" WIDTH="202" />
<SP HEIGHT="52" HPOS="857" VPOS="1511" WIDTH="27" />
<String CONTENT="in" HEIGHT="51" HPOS="885" LANG="en-US" VPOS="1511" WIDTH="58" />
<SP HEIGHT="33" HPOS="944" VPOS="1529" WIDTH="26" />
<String CONTENT="nineteenth-century" HEIGHT="69" HPOS="971" LANG="en-US" VPOS="1509" WIDTH="588" />
<SP HEIGHT="67" HPOS="1560" VPOS="1511" WIDTH="32" />
<String CONTENT="English" HEIGHT="69" HPOS="1593" LANG="en-US" VPOS="1511" WIDTH="243" />
<SP HEIGHT="67" HPOS="1837" VPOS="1511" WIDTH="27" />
<String CONTENT="poetry," HEIGHT="63" HPOS="1865" LANG="en-US" VPOS="1516" WIDTH="218" />
</TextLine>
<TextLine CS="1" HEIGHT="149" HPOS="89" LANG="en-US" STYLEREFS="StyleId-6EED38A5-3569-47DB-B6E9-785899BE0B7C-" VPOS="1588" WIDTH="1971">
<String CONTENT="by" HEIGHT="70" HPOS="89" VPOS="1590" WIDTH="73" />
<SP HEIGHT="71" HPOS="163" VPOS="1589" WIDTH="36" />
<String CONTENT="Joseph" HEIGHT="69" HPOS="200" VPOS="1589" WIDTH="214" />
<SP HEIGHT="55" HPOS="415" VPOS="1589" WIDTH="37" />
<String CONTENT="Warren" HEIGHT="54" HPOS="453" VPOS="1590" WIDTH="242" />
<SP HEIGHT="52" HPOS="696" VPOS="1590" WIDTH="35" />
<String CONTENT="Beach." HEIGHT="54" HPOS="732" VPOS="1588" WIDTH="204" />
<SP HEIGHT="53" HPOS="937" VPOS="1588" WIDTH="73" />
<String CONTENT="New" HEIGHT="53" HPOS="1011" VPOS="1588" WIDTH="139" />
<SP HEIGHT="53" HPOS="1151" VPOS="1589" WIDTH="37" />
<String CONTENT="York," HEIGHT="69" HPOS="1189" VPOS="1588" WIDTH="179" />
<SP HEIGHT="67" HPOS="1369" VPOS="1590" WIDTH="36" />
<String CONTENT="The" HEIGHT="53" HPOS="1406" VPOS="1589" WIDTH="121" />
<SP HEIGHT="52" HPOS="1528" VPOS="1590" WIDTH="34" />
<String CONTENT="Macmillan" HEIGHT="53" HPOS="1563" VPOS="1590" WIDTH="335" />
<SP HEIGHT="35" HPOS="1899" VPOS="1609" WIDTH="37" />
<String CONTENT="company," HEIGHT="129" HPOS="89" VPOS="1608" WIDTH="1971" />
<SP HEIGHT="64" HPOS="260" VPOS="1673" WIDTH="39" />
<String CONTENT="1936." HEIGHT="51" HPOS="300" VPOS="1671" WIDTH="149" />
</TextLine>
<TextLine HEIGHT="49" HPOS="159" LANG="en-US" STYLEREFS="StyleId-6EED38A5-3569-47DB-B6E9-785899BE0B7C-" VPOS="1742" WIDTH="457">
<String CONTENT="xii," HEIGHT="48" HPOS="159" VPOS="1742" WIDTH="84" />
<SP HEIGHT="47" HPOS="244" VPOS="1743" WIDTH="34" />
<String CONTENT="618" HEIGHT="41" HPOS="279" VPOS="1742" WIDTH="86" />
<SP HEIGHT="49" HPOS="366" VPOS="1742" WIDTH="30" />
<String CONTENT="p." HEIGHT="37" HPOS="397" VPOS="1754" WIDTH="43" />
<SP HEIGHT="41" HPOS="441" VPOS="1742" WIDTH="58" />
<String CONTENT="24" HEIGHT="40" HPOS="500" VPOS="1742" WIDTH="56" />
<String CONTENT="cm" HEIGHT="21" HPOS="559" STYLE="superscript" VPOS="1745" WIDTH="43" />
<String CONTENT="." HEIGHT="8" HPOS="607" VPOS="1774" WIDTH="9" />
</TextLine>
<TextLine HEIGHT="53" HPOS="92" LANG="en-US" VPOS="1796" WIDTH="1759">
<String CONTENT="&#169;" HEIGHT="53" HPOS="92" VPOS="1796" WIDTH="52" />
<SP HEIGHT="53" HPOS="145" VPOS="1796" WIDTH="28" />
<String CONTENT="May" HEIGHT="46" HPOS="174" VPOS="1802" WIDTH="114" />
<SP HEIGHT="47" HPOS="289" VPOS="1801" WIDTH="29" />
<String CONTENT="19," HEIGHT="48" HPOS="319" VPOS="1799" WIDTH="68" />
<SP HEIGHT="47" HPOS="388" VPOS="1800" WIDTH="31" />
<String CONTENT="1936" HEIGHT="40" HPOS="420" VPOS="1799" WIDTH="113" />
<SP HEIGHT="46" HPOS="534" VPOS="1800" WIDTH="16" />
<String CONTENT=";" HEIGHT="36" HPOS="551" VPOS="1810" WIDTH="8" />
<SP HEIGHT="47" HPOS="560" VPOS="1799" WIDTH="32" />
<String CONTENT="2c." HEIGHT="40" HPOS="593" VPOS="1799" WIDTH="67" />
<SP HEIGHT="29" HPOS="661" VPOS="1810" WIDTH="31" />
<String CONTENT="and" HEIGHT="39" HPOS="693" VPOS="1800" WIDTH="95" />
<SP HEIGHT="39" HPOS="789" VPOS="1800" WIDTH="30" />
<String CONTENT="aff." HEIGHT="41" HPOS="820" VPOS="1798" WIDTH="81" />
<SP HEIGHT="38" HPOS="902" VPOS="1800" WIDTH="31" />
<String CONTENT="May" HEIGHT="47" HPOS="934" VPOS="1800" WIDTH="114" />
<SP HEIGHT="48" HPOS="1049" VPOS="1799" WIDTH="29" />
<String CONTENT="20" HEIGHT="39" HPOS="1079" VPOS="1799" WIDTH="58" />
<SP HEIGHT="47" HPOS="1138" VPOS="1799" WIDTH="13" />
<String CONTENT=";" HEIGHT="37" HPOS="1152" VPOS="1809" WIDTH="9" />
<SP HEIGHT="47" HPOS="1162" VPOS="1799" WIDTH="33" />
<String CONTENT="A" HEIGHT="39" HPOS="1196" VPOS="1799" WIDTH="42" />
<SP HEIGHT="41" HPOS="1239" VPOS="1798" WIDTH="28" />
<String CONTENT="95277" HEIGHT="41" HPOS="1268" VPOS="1798" WIDTH="142" />
<SP HEIGHT="46" HPOS="1411" VPOS="1800" WIDTH="16" />
<String CONTENT=";" HEIGHT="36" HPOS="1428" VPOS="1810" WIDTH="9" />
<SP HEIGHT="45" HPOS="1438" VPOS="1801" WIDTH="31" />
<String CONTENT="Macmillan" HEIGHT="41" HPOS="1470" VPOS="1799" WIDTH="281" />
<SP HEIGHT="30" HPOS="1752" VPOS="1811" WIDTH="31" />
<String CONTENT="co." HEIGHT="30" HPOS="1784" VPOS="1811" WIDTH="67" />
</TextLine>
<TextLine HEIGHT="48" HPOS="170" LANG="en-US" VPOS="1856" WIDTH="278">
<String CONTENT="(36-10707)" HEIGHT="48" HPOS="170" VPOS="1856" WIDTH="278" />
</TextLine>
<TextLine HEIGHT="66" HPOS="87" LANG="en-US" STYLEREFS="StyleId-BE202799-77C8-4D2C-908F-B9810C6F75ED-" VPOS="1958" WIDTH="1235">
<String CONTENT="Beard," HEIGHT="65" HPOS="87" VPOS="1959" WIDTH="209" />
<SP HEIGHT="64" HPOS="297" VPOS="1960" WIDTH="26" />
<String CONTENT="Charles" HEIGHT="54" HPOS="324" VPOS="1960" WIDTH="243" />
<SP HEIGHT="54" HPOS="568" VPOS="1959" WIDTH="23" />
<String CONTENT="Austin," HEIGHT="65" HPOS="592" VPOS="1958" WIDTH="238" />
<SP HEIGHT="62" HPOS="831" VPOS="1961" WIDTH="25" />
<String CONTENT="1898-" HEIGHT="51" HPOS="857" VPOS="1961" WIDTH="170" />
<SP HEIGHT="35" HPOS="1028" VPOS="1977" WIDTH="210" />
<String CONTENT="ed." HEIGHT="54" HPOS="1239" VPOS="1958" WIDTH="83" />
</TextLine>
<TextLine HEIGHT="70" HPOS="158" LANG="en-US" STYLEREFS="StyleId-6EED38A5-3569-47DB-B6E9-785899BE0B7C-" VPOS="2034" WIDTH="1926">
<String CONTENT="Current" HEIGHT="55" HPOS="158" VPOS="2036" WIDTH="248" />
<SP HEIGHT="62" HPOS="407" VPOS="2042" WIDTH="22" />
<String CONTENT="problems.of" HEIGHT="69" HPOS="430" VPOS="2035" WIDTH="375" />
<SP HEIGHT="68" HPOS="806" VPOS="2035" WIDTH="24" />
<String CONTENT="public" HEIGHT="68" HPOS="831" VPOS="2035" WIDTH="191" />
<SP HEIGHT="49" HPOS="1023" VPOS="2054" WIDTH="26" />
<String CONTENT="policy;" HEIGHT="68" HPOS="1050" VPOS="2035" WIDTH="217" />
<SP HEIGHT="49" HPOS="1268" VPOS="2053" WIDTH="30" />
<String CONTENT="a" HEIGHT="33" HPOS="1299" VPOS="2054" WIDTH="31" />
<SP HEIGHT="34" HPOS="1331" VPOS="2054" WIDTH="27" />
<String CONTENT="collection" HEIGHT="54" HPOS="1359" VPOS="2034" WIDTH="294" />
<SP HEIGHT="36" HPOS="1654" VPOS="2053" WIDTH="27" />
<String CONTENT="of" HEIGHT="55" HPOS="1682" VPOS="2034" WIDTH="66" />
<SP HEIGHT="55" HPOS="1749" VPOS="2034" WIDTH="22" />
<String CONTENT="materials," HEIGHT="69" HPOS="1772" VPOS="2035" WIDTH="312" />
</TextLine>
<TextLine HEIGHT="71" HPOS="86" LANG="en-US" STYLEREFS="StyleId-6EED38A5-3569-47DB-B6E9-785899BE0B7C-" VPOS="2113" WIDTH="2000">
<String CONTENT="edited" HEIGHT="53" HPOS="86" VPOS="2114" WIDTH="188" />
<SP HEIGHT="53" HPOS="275" VPOS="2114" WIDTH="30" />
<String CONTENT="by" HEIGHT="69" HPOS="306" VPOS="2114" WIDTH="73" />
<SP HEIGHT="69" HPOS="380" VPOS="2114" WIDTH="31" />
<String CONTENT="Charles" HEIGHT="54" HPOS="412" VPOS="2114" WIDTH="234" />
<SP HEIGHT="53" HPOS="647" VPOS="2114" WIDTH="30" />
<String CONTENT="A." HEIGHT="52" HPOS="678" VPOS="2114" WIDTH="71" />
<SP HEIGHT="51" HPOS="750" VPOS="2115" WIDTH="32" />
<String CONTENT="Beard," HEIGHT="66" HPOS="783" VPOS="2114" WIDTH="208" />
<SP HEIGHT="48" HPOS="992" VPOS="2132" WIDTH="29" />
<String CONTENT="with" HEIGHT="52" HPOS="1022" VPOS="2113" WIDTH="139" />
<SP HEIGHT="53" HPOS="1162" VPOS="2114" WIDTH="31" />
<String CONTENT="the" HEIGHT="53" HPOS="1194" VPOS="2114" WIDTH="95" />
<SP HEIGHT="34" HPOS="1290" VPOS="2132" WIDTH="30" />
<String CONTENT="collaboration" HEIGHT="54" HPOS="1321" VPOS="2113" WIDTH="412" />
<SP HEIGHT="35" HPOS="1734" VPOS="2133" WIDTH="30" />
<String CONTENT="of" HEIGHT="54" HPOS="1765" VPOS="2114" WIDTH="64" />
<SP HEIGHT="55" HPOS="1830" VPOS="2114" WIDTH="30" />
<String CONTENT="George" HEIGHT="70" HPOS="1861" VPOS="2114" WIDTH="225" />
</TextLine>
<TextLine HEIGHT="71" HPOS="86" LANG="en-US" STYLEREFS="StyleId-6EED38A5-3569-47DB-B6E9-785899BE0B7C-" VPOS="2192" WIDTH="1854">
<String CONTENT="H." HEIGHT="52" HPOS="86" LANG="fi" VPOS="2194" WIDTH="76" />
<SP HEIGHT="52" HPOS="163" VPOS="2194" WIDTH="31" />
<String CONTENT="E." HEIGHT="53" HPOS="195" VPOS="2194" WIDTH="66" />
<SP HEIGHT="55" HPOS="262" VPOS="2193" WIDTH="31" />
<String CONTENT="Smith." HEIGHT="55" HPOS="294" VPOS="2193" WIDTH="204" />
<SP HEIGHT="52" HPOS="499" VPOS="2193" WIDTH="62" />
<String CONTENT="New" HEIGHT="52" HPOS="562" VPOS="2193" WIDTH="139" />
<SP HEIGHT="51" HPOS="702" VPOS="2194" WIDTH="30" />
<String CONTENT="York," HEIGHT="68" HPOS="733" VPOS="2192" WIDTH="179" />
<SP HEIGHT="67" HPOS="913" VPOS="2193" WIDTH="28" />
<String CONTENT="The" HEIGHT="52" HPOS="942" VPOS="2192" WIDTH="123" />
<SP HEIGHT="52" HPOS="1066" VPOS="2192" WIDTH="25" />
<String CONTENT="Macmillan" HEIGHT="52" HPOS="1092" VPOS="2192" WIDTH="334" />
<SP HEIGHT="34" HPOS="1427" VPOS="2211" WIDTH="30" />
<String CONTENT="company," HEIGHT="52" HPOS="1458" VPOS="2211" WIDTH="299" />
<SP HEIGHT="65" HPOS="1758" VPOS="2197" WIDTH="31" />
<String CONTENT="1936." HEIGHT="50" HPOS="1790" VPOS="2197" WIDTH="150" />
</TextLine>
<TextLine HEIGHT="51" HPOS="156" LANG="en-US" STYLEREFS="StyleId-6EED38A5-3569-47DB-B6E9-785899BE0B7C-" VPOS="2267" WIDTH="839">
<String CONTENT="viii," HEIGHT="48" HPOS="156" VPOS="2269" WIDTH="100" />
<SP HEIGHT="48" HPOS="257" VPOS="2269" WIDTH="28" />
<String CONTENT="527" HEIGHT="40" HPOS="286" VPOS="2269" WIDTH="86" />
<SP HEIGHT="47" HPOS="373" VPOS="2270" WIDTH="25" />
<String CONTENT="p." HEIGHT="37" HPOS="399" VPOS="2280" WIDTH="44" />
<SP HEIGHT="41" HPOS="444" VPOS="2267" WIDTH="52" />
<String CONTENT="illus." HEIGHT="41" HPOS="497" VPOS="2267" WIDTH="127" />
<SP HEIGHT="49" HPOS="625" VPOS="2267" WIDTH="27" />
<String CONTENT="(map)" HEIGHT="51" HPOS="653" VPOS="2267" WIDTH="160" />
<SP HEIGHT="50" HPOS="814" VPOS="2268" WIDTH="64" />
<String CONTENT="22" HEIGHT="40" HPOS="879" VPOS="2267" WIDTH="55" />
<String CONTENT="cm" HEIGHT="21" HPOS="937" STYLE="superscript" VPOS="2270" WIDTH="45" />
<String CONTENT="." HEIGHT="9" HPOS="986" VPOS="2299" WIDTH="9" />
</TextLine>
<TextLine CS="1" HEIGHT="108" HPOS="88" LANG="en-US" VPOS="2323" WIDTH="1993">
<String CONTENT="&#8220;Prepared" HEIGHT="48" HPOS="159" VPOS="2326" WIDTH="271" />
<SP HEIGHT="39" HPOS="431" VPOS="2326" WIDTH="27" />
<String CONTENT="under" HEIGHT="40" HPOS="459" VPOS="2325" WIDTH="153" />
<SP HEIGHT="36" HPOS="613" VPOS="2327" WIDTH="26" />
<String CONTENT="the" HEIGHT="41" HPOS="640" VPOS="2325" WIDTH="82" />
<SP HEIGHT="40" HPOS="723" VPOS="2326" WIDTH="27" />
<String CONTENT="direction" HEIGHT="40" HPOS="751" VPOS="2324" WIDTH="235" />
<SP HEIGHT="29" HPOS="987" VPOS="2334" WIDTH="29" />
<String CONTENT="of" HEIGHT="39" HPOS="1017" VPOS="2324" WIDTH="52" />
<SP HEIGHT="40" HPOS="1070" VPOS="2324" WIDTH="26" />
<String CONTENT="the" HEIGHT="40" HPOS="1097" VPOS="2324" WIDTH="81" />
<SP HEIGHT="40" HPOS="1179" VPOS="2324" WIDTH="26" />
<String CONTENT="American" HEIGHT="41" HPOS="1206" VPOS="2323" WIDTH="256" />
<SP HEIGHT="38" HPOS="1463" VPOS="2335" WIDTH="28" />
<String CONTENT="political" HEIGHT="49" HPOS="1492" VPOS="2324" WIDTH="216" />
<SP HEIGHT="40" HPOS="1709" VPOS="2326" WIDTH="28" />
<String CONTENT="science" HEIGHT="43" HPOS="1738" VPOS="2325" WIDTH="185" />
<SP HEIGHT="30" HPOS="1924" VPOS="2338" WIDTH="28" />
<String CONTENT="association" HEIGHT="86" HPOS="88" VPOS="2337" WIDTH="1976" />
<SP HEIGHT="41" HPOS="268" VPOS="2382" WIDTH="42" />
<String CONTENT="Committee" HEIGHT="42" HPOS="311" VPOS="2381" WIDTH="285" />
<SP HEIGHT="30" HPOS="597" VPOS="2391" WIDTH="39" />
<String CONTENT="on" HEIGHT="29" HPOS="637" VPOS="2391" WIDTH="60" />
<SP HEIGHT="28" HPOS="698" VPOS="2392" WIDTH="41" />
<String CONTENT="materials" HEIGHT="41" HPOS="740" VPOS="2380" WIDTH="253" />
<SP HEIGHT="40" HPOS="994" VPOS="2380" WIDTH="40" />
<String CONTENT="for" HEIGHT="39" HPOS="1035" VPOS="2380" WIDTH="81" />
<SP HEIGHT="38" HPOS="1117" VPOS="2381" WIDTH="39" />
<String CONTENT="instruction" HEIGHT="41" HPOS="1157" VPOS="2380" WIDTH="292" />
<SP HEIGHT="39" HPOS="1450" VPOS="2381" WIDTH="41" />
<String CONTENT="in" HEIGHT="39" HPOS="1492" VPOS="2381" WIDTH="48" />
<SP HEIGHT="30" HPOS="1541" VPOS="2391" WIDTH="43" />
<String CONTENT="current" HEIGHT="39" HPOS="1585" VPOS="2384" WIDTH="199" />
<SP HEIGHT="47" HPOS="1785" VPOS="2384" WIDTH="40" />
<String CONTENT="problems," HEIGHT="48" HPOS="1826" VPOS="2383" WIDTH="255" />
</TextLine>
<TextLine HEIGHT="51" HPOS="87" LANG="en-US" VPOS="2435" WIDTH="1073">
<String CONTENT="Finla" HEIGHT="40" HPOS="87" VPOS="2439" WIDTH="138" />
<SP HEIGHT="40" HPOS="226" VPOS="2439" WIDTH="35" />
<String CONTENT="G." HEIGHT="42" HPOS="262" VPOS="2439" WIDTH="53" />
<SP HEIGHT="42" HPOS="316" VPOS="2439" WIDTH="34" />
<String CONTENT="Crawford," HEIGHT="48" HPOS="351" VPOS="2438" WIDTH="269" />
<SP HEIGHT="38" HPOS="621" VPOS="2448" WIDTH="33" />
<String CONTENT="chairman.&#8221;&#8212;p." HEIGHT="49" HPOS="655" VPOS="2436" WIDTH="402" />
<SP HEIGHT="29" HPOS="1058" VPOS="2457" WIDTH="38" />
<String CONTENT="[" HEIGHT="29" HPOS="1097" STYLE="subscript" VPOS="2457" WIDTH="10" />
<String CONTENT="ii]" HEIGHT="51" HPOS="1110" VPOS="2435" WIDTH="50" />
</TextLine>
<TextLine CS="1" HEIGHT="52" HPOS="424" LANG="en-US" VPOS="2492" WIDTH="1656">
<String CONTENT="CONTENTS.&#8212;Official" CS="1" HEIGHT="41" HPOS="424" VPOS="2494" WIDTH="257" />
<SP HEIGHT="46" HPOS="682" VPOS="2496" WIDTH="36" />
<String CONTENT="programs" HEIGHT="39" HPOS="719" VPOS="2503" WIDTH="250" />
<SP HEIGHT="30" HPOS="970" VPOS="2503" WIDTH="32" />
<String CONTENT="and" HEIGHT="39" HPOS="1003" VPOS="2494" WIDTH="95" />
<SP HEIGHT="47" HPOS="1099" VPOS="2494" WIDTH="35" />
<String CONTENT="platforms" HEIGHT="48" HPOS="1135" VPOS="2493" WIDTH="259" />
<SP HEIGHT="30" HPOS="1395" VPOS="2504" WIDTH="35" />
<String CONTENT="setting" HEIGHT="50" HPOS="1431" VPOS="2492" WIDTH="183" />
<SP HEIGHT="48" HPOS="1615" VPOS="2494" WIDTH="30" />
<String CONTENT="forth" HEIGHT="41" HPOS="1646" VPOS="2494" WIDTH="135" />
<SP HEIGHT="50" HPOS="1782" VPOS="2494" WIDTH="36" />
<String CONTENT="principles" HEIGHT="50" HPOS="1819" VPOS="2494" WIDTH="261" />
</TextLine>
<TextLine HEIGHT="51" HPOS="87" LANG="en-US" VPOS="2549" WIDTH="1994">
<String CONTENT="designed" HEIGHT="48" HPOS="87" VPOS="2552" WIDTH="228" />
<SP HEIGHT="39" HPOS="316" VPOS="2553" WIDTH="31" />
<String CONTENT="to" HEIGHT="38" HPOS="348" VPOS="2554" WIDTH="51" />
<SP HEIGHT="41" HPOS="400" VPOS="2551" WIDTH="26" />
<String CONTENT="influence" HEIGHT="40" HPOS="427" VPOS="2551" WIDTH="237" />
<SP HEIGHT="37" HPOS="665" VPOS="2561" WIDTH="30" />
<String CONTENT="public" HEIGHT="49" HPOS="696" VPOS="2549" WIDTH="160" />
<SP HEIGHT="30" HPOS="857" VPOS="2560" WIDTH="32" />
<String CONTENT="opinion" HEIGHT="48" HPOS="890" VPOS="2549" WIDTH="193" />
<SP HEIGHT="29" HPOS="1084" VPOS="2560" WIDTH="32" />
<String CONTENT="and" HEIGHT="39" HPOS="1117" VPOS="2550" WIDTH="96" />
<SP HEIGHT="39" HPOS="1214" VPOS="2550" WIDTH="32" />
<String CONTENT="action.&#8212;Issues" HEIGHT="42" HPOS="1247" VPOS="2549" WIDTH="403" />
<SP HEIGHT="30" HPOS="1651" VPOS="2561" WIDTH="31" />
<String CONTENT="of" HEIGHT="40" HPOS="1683" VPOS="2551" WIDTH="54" />
<SP HEIGHT="49" HPOS="1738" VPOS="2551" WIDTH="29" />
<String CONTENT="government" HEIGHT="44" HPOS="1768" VPOS="2556" WIDTH="313" />
</TextLine>
<TextLine HEIGHT="46" HPOS="87" LANG="en-US" VPOS="2604" WIDTH="1492">
<String CONTENT="in" HEIGHT="39" HPOS="87" VPOS="2608" WIDTH="50" />
<SP HEIGHT="38" HPOS="138" VPOS="2611" WIDTH="28" />
<String CONTENT="the" HEIGHT="39" HPOS="167" VPOS="2610" WIDTH="82" />
<SP HEIGHT="30" HPOS="250" VPOS="2619" WIDTH="28" />
<String CONTENT="course" HEIGHT="31" HPOS="279" VPOS="2619" WIDTH="170" />
<SP HEIGHT="32" HPOS="450" VPOS="2618" WIDTH="28" />
<String CONTENT="of" HEIGHT="39" HPOS="479" VPOS="2608" WIDTH="54" />
<SP HEIGHT="39" HPOS="534" VPOS="2608" WIDTH="28" />
<String CONTENT="action.&#8212;Problems" HEIGHT="41" HPOS="563" VPOS="2606" WIDTH="486" />
<SP HEIGHT="30" HPOS="1050" VPOS="2616" WIDTH="31" />
<String CONTENT="of" HEIGHT="41" HPOS="1082" VPOS="2605" WIDTH="52" />
<SP HEIGHT="41" HPOS="1135" VPOS="2605" WIDTH="30" />
<String CONTENT="administration." HEIGHT="44" HPOS="1166" VPOS="2604" WIDTH="413" />
</TextLine>
<TextLine HEIGHT="53" HPOS="90" LANG="en-US" VPOS="2661" WIDTH="1809">
<String CONTENT="&#169;" HEIGHT="53" HPOS="90" VPOS="2661" WIDTH="53" />
<SP HEIGHT="53" HPOS="144" VPOS="2661" WIDTH="33" />
<String CONTENT="May" HEIGHT="46" HPOS="178" VPOS="2667" WIDTH="114" />
<SP HEIGHT="47" HPOS="293" VPOS="2666" WIDTH="32" />
<String CONTENT="19," HEIGHT="46" HPOS="326" VPOS="2665" WIDTH="69" />
<SP HEIGHT="46" HPOS="396" VPOS="2665" WIDTH="34" />
<String CONTENT="1936;" HEIGHT="48" HPOS="431" VPOS="2663" WIDTH="139" />
<SP HEIGHT="47" HPOS="571" VPOS="2664" WIDTH="36" />
<String CONTENT="2c." HEIGHT="40" HPOS="608" VPOS="2664" WIDTH="69" />
<SP HEIGHT="30" HPOS="678" VPOS="2673" WIDTH="31" />
<String CONTENT="and" HEIGHT="39" HPOS="710" VPOS="2664" WIDTH="95" />
<SP HEIGHT="39" HPOS="806" VPOS="2664" WIDTH="35" />
<String CONTENT="aff." HEIGHT="41" HPOS="842" VPOS="2662" WIDTH="80" />
<SP HEIGHT="40" HPOS="923" VPOS="2663" WIDTH="36" />
<String CONTENT="May" HEIGHT="47" HPOS="960" VPOS="2663" WIDTH="112" />
<SP HEIGHT="48" HPOS="1073" VPOS="2662" WIDTH="34" />
<String CONTENT="20;" HEIGHT="47" HPOS="1108" VPOS="2662" WIDTH="81" />
<SP HEIGHT="46" HPOS="1190" VPOS="2663" WIDTH="38" />
<String CONTENT="A" HEIGHT="38" HPOS="1229" VPOS="2663" WIDTH="40" />
<SP HEIGHT="40" HPOS="1270" VPOS="2662" WIDTH="33" />
<String CONTENT="95276;" HEIGHT="48" HPOS="1304" VPOS="2662" WIDTH="170" />
<SP HEIGHT="46" HPOS="1475" VPOS="2664" WIDTH="39" />
<String CONTENT="Macmillan" HEIGHT="40" HPOS="1515" VPOS="2664" WIDTH="279" />
<SP HEIGHT="29" HPOS="1795" VPOS="2676" WIDTH="36" />
<String CONTENT="co." HEIGHT="29" HPOS="1832" VPOS="2676" WIDTH="67" />
</TextLine>
<TextLine HEIGHT="48" HPOS="168" LANG="en-US" VPOS="2722" WIDTH="278">
<String CONTENT="(36-10783)" HEIGHT="48" HPOS="168" VPOS="2722" WIDTH="278" />
</TextLine>
<TextLine HEIGHT="64" HPOS="86" LANG="en-US" STYLEREFS="StyleId-BE202799-77C8-4D2C-908F-B9810C6F75ED-" VPOS="2823" WIDTH="782">
<String CONTENT="Berman," HEIGHT="63" HPOS="86" VPOS="2824" WIDTH="273" />
<SP HEIGHT="62" HPOS="360" VPOS="2825" WIDTH="31" />
<String CONTENT="Edward," HEIGHT="62" HPOS="392" VPOS="2824" WIDTH="271" />
<SP HEIGHT="58" HPOS="664" VPOS="2828" WIDTH="34" />
<String CONTENT="1897-" HEIGHT="55" HPOS="699" VPOS="2823" WIDTH="169" />
</TextLine>
<TextLine HEIGHT="71" HPOS="157" LANG="en-US" STYLEREFS="StyleId-6EED38A5-3569-47DB-B6E9-785899BE0B7C-" VPOS="2897" WIDTH="1917">
<String CONTENT="Life" HEIGHT="55" HPOS="157" VPOS="2899" WIDTH="132" />
<SP HEIGHT="55" HPOS="290" VPOS="2899" WIDTH="29" />
<String CONTENT="insurance;" HEIGHT="69" HPOS="320" VPOS="2899" WIDTH="322" />
<SP HEIGHT="49" HPOS="643" VPOS="2919" WIDTH="35" />
<String CONTENT="a" HEIGHT="34" HPOS="679" VPOS="2919" WIDTH="31" />
<SP HEIGHT="34" HPOS="711" VPOS="2919" WIDTH="32" />
<String CONTENT="critical" HEIGHT="54" HPOS="744" VPOS="2898" WIDTH="218" />
<SP HEIGHT="53" HPOS="963" VPOS="2899" WIDTH="32" />
<String CONTENT="examination," HEIGHT="68" HPOS="996" VPOS="2897" WIDTH="402" />
<SP HEIGHT="67" HPOS="1399" VPOS="2898" WIDTH="31" />
<String CONTENT="by" HEIGHT="69" HPOS="1431" VPOS="2898" WIDTH="75" />
<SP HEIGHT="66" HPOS="1507" VPOS="2901" WIDTH="33" />
<String CONTENT="Edward" HEIGHT="55" HPOS="1541" VPOS="2899" WIDTH="252" />
<SP HEIGHT="52" HPOS="1794" VPOS="2902" WIDTH="35" />
<String CONTENT="Berman" HEIGHT="51" HPOS="1830" VPOS="2903" WIDTH="244" />
</TextLine>
<TextLine CS="1" HEIGHT="67" HPOS="150" LANG="en-US" STYLEREFS="StyleId-6EED38A5-3569-47DB-B6E9-785899BE0B7C-" VPOS="2977" WIDTH="1715">
<String CONTENT="&#8230;" CS="1" />
<SP HEIGHT="54" HPOS="150" VPOS="2979" WIDTH="76" />
<String CONTENT="New" HEIGHT="54" HPOS="227" VPOS="2979" WIDTH="137" />
<SP HEIGHT="52" HPOS="365" VPOS="2980" WIDTH="38" />
<String CONTENT="York" HEIGHT="53" HPOS="404" VPOS="2979" WIDTH="162" />
<SP HEIGHT="52" HPOS="567" VPOS="2979" WIDTH="35" />
<String CONTENT="and" HEIGHT="52" HPOS="603" VPOS="2979" WIDTH="113" />
<SP HEIGHT="53" HPOS="717" VPOS="2978" WIDTH="35" />
<String CONTENT="London," HEIGHT="66" HPOS="753" VPOS="2978" WIDTH="256" />
<SP HEIGHT="66" HPOS="1010" VPOS="2978" WIDTH="38" />
<String CONTENT="Harper" HEIGHT="66" HPOS="1049" VPOS="2978" WIDTH="232" />
<SP HEIGHT="50" HPOS="1282" VPOS="2981" WIDTH="35" />
<String CONTENT="&amp;" HEIGHT="50" HPOS="1318" VPOS="2981" WIDTH="46" />
<SP HEIGHT="54" HPOS="1365" VPOS="2977" WIDTH="34" />
<String CONTENT="brothers," HEIGHT="67" HPOS="1400" VPOS="2977" WIDTH="275" />
<SP HEIGHT="61" HPOS="1676" VPOS="2983" WIDTH="40" />
<String CONTENT="1936." HEIGHT="50" HPOS="1717" VPOS="2982" WIDTH="148" />
</TextLine>
<TextLine CS="1" HEIGHT="51" HPOS="158" STYLEREFS="StyleId-6EED38A5-3569-47DB-B6E9-785899BE0B7C-" VPOS="3050" WIDTH="645">
<String CONTENT="xi" HEIGHT="41" HPOS="158" LANG="fr" VPOS="3052" WIDTH="53" />
<SP HEIGHT="49" HPOS="212" VPOS="3052" WIDTH="21" />
<String CONTENT="p.," HEIGHT="38" HPOS="234" LANG="fr" VPOS="3063" WIDTH="58" />
<SP HEIGHT="49" HPOS="293" VPOS="3052" WIDTH="26" />
<String CONTENT="1" HEIGHT="40" HPOS="320" LANG="en-US" VPOS="3052" WIDTH="25" />
<SP />
<String CONTENT="l.," CS="1" HEIGHT="17" HPOS="409" LANG="en-US" VPOS="3082" WIDTH="9" />
<SP HEIGHT="47" HPOS="419" VPOS="3052" WIDTH="25" />
<String CONTENT="192" HEIGHT="41" HPOS="445" LANG="en-US" VPOS="3051" WIDTH="84" />
<SP HEIGHT="48" HPOS="530" VPOS="3051" WIDTH="24" />
<String CONTENT="p." HEIGHT="37" HPOS="555" LANG="en-US" VPOS="3062" WIDTH="43" />
<SP HEIGHT="40" HPOS="599" VPOS="3051" WIDTH="58" />
<String CONTENT="20&#189;" CS="1" HEIGHT="42" HPOS="658" LANG="en-US" VPOS="3050" WIDTH="58" />
<String CONTENT="cm" HEIGHT="21" HPOS="747" LANG="en-US" STYLE="superscript" VPOS="3053" WIDTH="43" />
<String CONTENT="." HEIGHT="8" HPOS="795" LANG="en-US" VPOS="3083" WIDTH="8" />
</TextLine>
<TextLine HEIGHT="43" HPOS="161" LANG="en-US" VPOS="3107" WIDTH="419">
<String CONTENT="&#8220;First" HEIGHT="41" HPOS="161" VPOS="3108" WIDTH="162" />
<SP HEIGHT="38" HPOS="324" VPOS="3111" WIDTH="28" />
<String CONTENT="edition.&#8221;" HEIGHT="43" HPOS="353" VPOS="3107" WIDTH="227" />
</TextLine>
<TextLine HEIGHT="53" HPOS="89" LANG="en-US" VPOS="3163" WIDTH="1989">
<String CONTENT="&#169;" HEIGHT="53" HPOS="89" VPOS="3163" WIDTH="54" />
<SP HEIGHT="53" HPOS="144" VPOS="3163" WIDTH="32" />
<String CONTENT="May" HEIGHT="46" HPOS="177" VPOS="3169" WIDTH="116" />
<SP HEIGHT="49" HPOS="294" VPOS="3166" WIDTH="30" />
<String CONTENT="20," HEIGHT="47" HPOS="325" VPOS="3166" WIDTH="69" />
<SP HEIGHT="46" HPOS="395" VPOS="3167" WIDTH="35" />
<String CONTENT="1936" HEIGHT="41" HPOS="431" VPOS="3165" WIDTH="113" />
<SP HEIGHT="45" HPOS="545" VPOS="3166" WIDTH="15" />
<String CONTENT=";" HEIGHT="35" HPOS="561" VPOS="3176" WIDTH="9" />
<SP HEIGHT="46" HPOS="571" VPOS="3165" WIDTH="35" />
<String CONTENT="2c." HEIGHT="41" HPOS="607" VPOS="3165" WIDTH="70" />
<SP HEIGHT="40" HPOS="678" VPOS="3166" WIDTH="35" />
<String CONTENT="May" HEIGHT="47" HPOS="714" VPOS="3166" WIDTH="112" />
<SP HEIGHT="47" HPOS="827" VPOS="3166" WIDTH="34" />
<String CONTENT="19" HEIGHT="41" HPOS="862" VPOS="3164" WIDTH="56" />
<SP HEIGHT="48" HPOS="919" VPOS="3164" WIDTH="14" />
<String CONTENT=";" HEIGHT="37" HPOS="934" VPOS="3175" WIDTH="9" />
<SP HEIGHT="37" HPOS="944" VPOS="3175" WIDTH="37" />
<String CONTENT="aff." HEIGHT="40" HPOS="982" VPOS="3164" WIDTH="80" />
<SP HEIGHT="39" HPOS="1063" VPOS="3165" WIDTH="37" />
<String CONTENT="May" HEIGHT="48" HPOS="1101" VPOS="3165" WIDTH="112" />
<SP HEIGHT="49" HPOS="1214" VPOS="3164" WIDTH="33" />
<String CONTENT="22" HEIGHT="40" HPOS="1248" VPOS="3163" WIDTH="54" />
<SP HEIGHT="48" HPOS="1303" VPOS="3163" WIDTH="18" />
<String CONTENT=";" HEIGHT="36" HPOS="1322" VPOS="3175" WIDTH="8" />
<SP HEIGHT="46" HPOS="1331" VPOS="3165" WIDTH="37" />
<String CONTENT="A" HEIGHT="38" HPOS="1369" VPOS="3165" WIDTH="40" />
<SP HEIGHT="41" HPOS="1410" VPOS="3163" WIDTH="31" />
<String CONTENT="95312" HEIGHT="41" HPOS="1442" VPOS="3163" WIDTH="143" />
<SP HEIGHT="45" HPOS="1586" VPOS="3165" WIDTH="17" />
<String CONTENT=";" HEIGHT="35" HPOS="1604" VPOS="3175" WIDTH="8" />
<SP HEIGHT="44" HPOS="1613" VPOS="3166" WIDTH="38" />
<String CONTENT="Harper" HEIGHT="47" HPOS="1652" VPOS="3166" WIDTH="191" />
<SP HEIGHT="39" HPOS="1844" VPOS="3166" WIDTH="36" />
<String CONTENT="&amp;" HEIGHT="39" HPOS="1881" VPOS="3166" WIDTH="35" />
<SP HEIGHT="39" HPOS="1917" VPOS="3166" WIDTH="35" />
<String CONTENT="bros." HEIGHT="41" HPOS="1953" VPOS="3166" WIDTH="125" />
</TextLine>
<TextLine HEIGHT="50" HPOS="168" LANG="en-US" VPOS="3222" WIDTH="277">
<String CONTENT="(36-10986)" HEIGHT="50" HPOS="168" VPOS="3222" WIDTH="277" />
</TextLine>
<TextLine HEIGHT="66" HPOS="86" STYLEREFS="StyleId-BE202799-77C8-4D2C-908F-B9810C6F75ED-" VPOS="3326" WIDTH="870">
<String CONTENT="Blumenthal," HEIGHT="65" HPOS="86" LANG="de" VPOS="3326" WIDTH="393" />
<SP HEIGHT="65" HPOS="480" VPOS="3326" WIDTH="29" />
<String CONTENT="George," HEIGHT="66" HPOS="510" LANG="en-US" VPOS="3326" WIDTH="245" />
<SP HEIGHT="60" HPOS="756" VPOS="3332" WIDTH="29" />
<String CONTENT="1862-" HEIGHT="50" HPOS="786" LANG="en-US" VPOS="3332" WIDTH="170" />
</TextLine>
<TextLine HEIGHT="70" HPOS="155" LANG="en-US" STYLEREFS="StyleId-6EED38A5-3569-47DB-B6E9-785899BE0B7C-" VPOS="3400" WIDTH="1923">
<String CONTENT="My" HEIGHT="68" HPOS="155" VPOS="3402" WIDTH="103" />
<SP HEIGHT="49" HPOS="259" VPOS="3421" WIDTH="19" />
<String CONTENT="sixty" HEIGHT="69" HPOS="279" VPOS="3401" WIDTH="153" />
<SP HEIGHT="50" HPOS="433" VPOS="3420" WIDTH="20" />
<String CONTENT="years" HEIGHT="47" HPOS="454" VPOS="3421" WIDTH="161" />
<SP HEIGHT="55" HPOS="616" VPOS="3401" WIDTH="22" />
<String CONTENT="in" HEIGHT="53" HPOS="639" VPOS="3401" WIDTH="59" />
<SP HEIGHT="33" HPOS="699" VPOS="3421" WIDTH="21" />
<String CONTENT="show" HEIGHT="51" HPOS="721" VPOS="3403" WIDTH="154" />
<SP HEIGHT="52" HPOS="876" VPOS="3403" WIDTH="21" />
<String CONTENT="business" HEIGHT="54" HPOS="898" VPOS="3402" WIDTH="251" />
<SP HEIGHT="49" HPOS="1150" VPOS="3420" WIDTH="15" />
<String CONTENT=";" HEIGHT="49" HPOS="1166" VPOS="3420" WIDTH="11" />
<SP HEIGHT="49" HPOS="1178" VPOS="3420" WIDTH="24" />
<String CONTENT="a" HEIGHT="33" HPOS="1203" VPOS="3422" WIDTH="30" />
<SP HEIGHT="34" HPOS="1234" VPOS="3421" WIDTH="26" />
<String CONTENT="chronicle" HEIGHT="53" HPOS="1261" VPOS="3401" WIDTH="283" />
<SP HEIGHT="34" HPOS="1545" VPOS="3419" WIDTH="22" />
<String CONTENT="of" HEIGHT="52" HPOS="1568" VPOS="3400" WIDTH="64" />
<SP HEIGHT="53" HPOS="1633" VPOS="3400" WIDTH="21" />
<String CONTENT="the" HEIGHT="52" HPOS="1655" VPOS="3401" WIDTH="94" />
<SP HEIGHT="52" HPOS="1750" VPOS="3401" WIDTH="22" />
<String CONTENT="American" HEIGHT="52" HPOS="1773" VPOS="3401" WIDTH="305" />
</TextLine>
<TextLine CS="1" HEIGHT="71" HPOS="87" LANG="en-US" STYLEREFS="StyleId-6EED38A5-3569-47DB-B6E9-785899BE0B7C-" VPOS="3478" WIDTH="1991">
<String CONTENT="theater," HEIGHT="68" HPOS="87" VPOS="3480" WIDTH="235" />
<SP HEIGHT="65" HPOS="323" VPOS="3483" WIDTH="27" />
<String CONTENT="1874-1934," CS="1" HEIGHT="70" HPOS="351" VPOS="3479" WIDTH="325" />
<SP HEIGHT="48" HPOS="677" VPOS="3501" WIDTH="24" />
<String CONTENT="as" HEIGHT="34" HPOS="702" VPOS="3501" WIDTH="59" />
<SP HEIGHT="49" HPOS="762" VPOS="3486" WIDTH="23" />
<String CONTENT="told" HEIGHT="52" HPOS="786" VPOS="3481" WIDTH="121" />
<SP HEIGHT="53" HPOS="908" VPOS="3480" WIDTH="23" />
<String CONTENT="by" HEIGHT="69" HPOS="932" VPOS="3480" WIDTH="73" />
<SP HEIGHT="70" HPOS="1006" VPOS="3479" WIDTH="23" />
<String CONTENT="George" HEIGHT="70" HPOS="1030" VPOS="3479" WIDTH="221" />
<SP HEIGHT="50" HPOS="1252" VPOS="3481" WIDTH="23" />
<String CONTENT="Blumenthal" HEIGHT="53" HPOS="1276" LANG="de" VPOS="3478" WIDTH="368" />
<SP HEIGHT="52" HPOS="1645" VPOS="3479" WIDTH="22" />
<String CONTENT="to" HEIGHT="48" HPOS="1668" VPOS="3483" WIDTH="61" />
<SP HEIGHT="53" HPOS="1730" VPOS="3478" WIDTH="19" />
<String CONTENT="Arthur" HEIGHT="53" HPOS="1750" VPOS="3478" WIDTH="225" />
<SP HEIGHT="51" HPOS="1976" VPOS="3480" WIDTH="24" />
<String CONTENT="H." HEIGHT="52" HPOS="2001" VPOS="3480" WIDTH="77" />
</TextLine>
<TextLine CS="1" HEIGHT="69" HPOS="85" LANG="en-US" STYLEREFS="StyleId-6EED38A5-3569-47DB-B6E9-785899BE0B7C-" VPOS="3558" WIDTH="1327">
<String CONTENT="Menkin." HEIGHT="52" HPOS="85" VPOS="3558" WIDTH="252" />
<SP HEIGHT="52" HPOS="338" VPOS="3558" WIDTH="64" />
<String CONTENT="New" HEIGHT="53" HPOS="403" VPOS="3558" WIDTH="137" />
<SP HEIGHT="53" HPOS="541" VPOS="3558" WIDTH="27" />
<String CONTENT="York," HEIGHT="68" HPOS="569" VPOS="3558" WIDTH="180" />
<SP HEIGHT="67" HPOS="750" VPOS="3559" WIDTH="27" />
<String CONTENT="F." HEIGHT="53" HPOS="778" LANG="fr" VPOS="3559" WIDTH="64" />
<SP HEIGHT="55" HPOS="843" VPOS="3558" WIDTH="31" />
<String CONTENT="C." HEIGHT="55" HPOS="875" VPOS="3558" WIDTH="60" />
<SP HEIGHT="55" HPOS="936" VPOS="3558" WIDTH="29" />
<String CONTENT="Osberg" HEIGHT="69" HPOS="966" VPOS="3558" WIDTH="221" />
<SP HEIGHT="50" HPOS="1188" VPOS="3577" WIDTH="31" />
<String CONTENT="[" CS="1" />
<String CONTENT="c" HEIGHT="21" HPOS="1237" STYLE="superscript" VPOS="3566" WIDTH="19" />
<String CONTENT="1936]" HEIGHT="64" HPOS="1261" VPOS="3561" WIDTH="151" />
</TextLine>
<TextLine CS="1" HEIGHT="50" HPOS="156" LANG="en-US" STYLEREFS="StyleId-6EED38A5-3569-47DB-B6E9-785899BE0B7C-" VPOS="3630" WIDTH="469">
<String CONTENT="xiv," HEIGHT="48" HPOS="156" VPOS="3630" WIDTH="96" />
<SP HEIGHT="47" HPOS="253" VPOS="3631" WIDTH="33" />
<String CONTENT="336" HEIGHT="41" HPOS="287" VPOS="3631" WIDTH="87" />
<SP HEIGHT="48" HPOS="375" VPOS="3632" WIDTH="29" />
<String CONTENT="p." HEIGHT="38" HPOS="405" VPOS="3642" WIDTH="44" />
<SP HEIGHT="39" HPOS="450" VPOS="3632" WIDTH="58" />
<String CONTENT="22cm." CS="1" HEIGHT="40" HPOS="509" VPOS="3632" WIDTH="116" />
</TextLine>
<TextLine HEIGHT="54" HPOS="89" VPOS="3683" WIDTH="1985">
<String CONTENT="&#169;" HEIGHT="53" HPOS="89" LANG="en-US" VPOS="3683" WIDTH="53" />
<SP HEIGHT="53" HPOS="143" VPOS="3683" WIDTH="34" />
<String CONTENT="May" HEIGHT="46" HPOS="178" LANG="en-US" VPOS="3689" WIDTH="115" />
<SP HEIGHT="46" HPOS="294" VPOS="3689" WIDTH="33" />
<String CONTENT="8," HEIGHT="46" HPOS="328" LANG="en-US" VPOS="3689" WIDTH="38" />
<SP HEIGHT="46" HPOS="367" VPOS="3689" WIDTH="38" />
<String CONTENT="1936;" HEIGHT="46" HPOS="406" LANG="en-US" VPOS="3688" WIDTH="138" />
<SP HEIGHT="45" HPOS="545" VPOS="3689" WIDTH="35" />
<String CONTENT="2c." HEIGHT="39" HPOS="581" LANG="en-US" VPOS="3689" WIDTH="67" />
<SP HEIGHT="29" HPOS="649" VPOS="3699" WIDTH="37" />
<String CONTENT="and" HEIGHT="38" HPOS="687" LANG="en-US" VPOS="3690" WIDTH="93" />
<SP HEIGHT="38" HPOS="781" VPOS="3690" WIDTH="37" />
<String CONTENT="aff." HEIGHT="40" HPOS="819" LANG="en-US" VPOS="3689" WIDTH="82" />
<SP HEIGHT="39" HPOS="902" VPOS="3690" WIDTH="37" />
<String CONTENT="May" HEIGHT="47" HPOS="940" LANG="en-US" VPOS="3690" WIDTH="113" />
<SP HEIGHT="48" HPOS="1054" VPOS="3689" WIDTH="37" />
<String CONTENT="12;" HEIGHT="47" HPOS="1092" LANG="en-US" VPOS="3689" WIDTH="81" />
<SP HEIGHT="47" HPOS="1174" VPOS="3689" WIDTH="38" />
<String CONTENT="A" HEIGHT="39" HPOS="1213" LANG="en-US" VPOS="3689" WIDTH="40" />
<SP HEIGHT="40" HPOS="1254" VPOS="3689" WIDTH="36" />
<String CONTENT="94533;" HEIGHT="47" HPOS="1291" LANG="en-US" VPOS="3689" WIDTH="170" />
<SP HEIGHT="47" HPOS="1462" VPOS="3689" WIDTH="41" />
<String CONTENT="G." HEIGHT="39" HPOS="1504" LANG="en-US" VPOS="3689" WIDTH="52" />
<SP HEIGHT="39" HPOS="1557" VPOS="3689" WIDTH="38" />
<String CONTENT="Blumenthal," HEIGHT="46" HPOS="1596" LANG="de" VPOS="3687" WIDTH="327" />
<SP HEIGHT="44" HPOS="1924" VPOS="3689" WIDTH="36" />
<String CONTENT="New" HEIGHT="39" HPOS="1961" LANG="fr" VPOS="3689" WIDTH="113" />
</TextLine>
<TextLine HEIGHT="48" HPOS="157" VPOS="3744" WIDTH="485">
<String CONTENT="York." HEIGHT="41" HPOS="157" LANG="fr" VPOS="3744" WIDTH="143" />
<SP HEIGHT="47" HPOS="301" VPOS="3745" WIDTH="63" />
<String CONTENT="(36-10708)" HEIGHT="48" HPOS="365" LANG="en-US" VPOS="3744" WIDTH="277" />
</TextLine>
<TextLine HEIGHT="64" HPOS="85" STYLEREFS="StyleId-BE202799-77C8-4D2C-908F-B9810C6F75ED-" VPOS="3836" WIDTH="642">
<String CONTENT="Boileau," HEIGHT="64" HPOS="85" LANG="fr" VPOS="3836" WIDTH="257" />
<SP HEIGHT="60" HPOS="343" VPOS="3840" WIDTH="23" />
<String CONTENT="Mrs." HEIGHT="52" HPOS="367" LANG="en-US" VPOS="3840" WIDTH="137" />
<SP HEIGHT="52" HPOS="505" VPOS="3840" WIDTH="27" />
<String CONTENT="Ethel." HEIGHT="55" HPOS="533" LANG="en-US" VPOS="3839" WIDTH="194" />
</TextLine>
<TextLine CS="1" HEIGHT="71" HPOS="157" STYLEREFS="StyleId-6EED38A5-3569-47DB-B6E9-785899BE0B7C-" VPOS="3911" WIDTH="1920">
<String CONTENT="Clansmen" HEIGHT="55" HPOS="157" LANG="en-US" VPOS="3911" WIDTH="300" />
<SP HEIGHT="48" HPOS="458" VPOS="3932" WIDTH="31" />
<String CONTENT="[by]" CS="1" HEIGHT="69" HPOS="507" LANG="en-US" VPOS="3913" WIDTH="92" />
<SP HEIGHT="66" HPOS="600" VPOS="3915" WIDTH="31" />
<String CONTENT="Ethel" HEIGHT="53" HPOS="632" LANG="en-US" VPOS="3915" WIDTH="172" />
<SP HEIGHT="52" HPOS="805" VPOS="3916" WIDTH="27" />
<String CONTENT="Boileau" HEIGHT="56" HPOS="833" LANG="fr" VPOS="3915" WIDTH="238" />
<SP HEIGHT="34" HPOS="1072" VPOS="3934" WIDTH="31" />
<String CONTENT="&#8230;" CS="1" LANG="en-US" />
<SP HEIGHT="52" HPOS="1162" VPOS="3916" WIDTH="66" />
<String CONTENT="New" HEIGHT="52" HPOS="1229" LANG="en-US" VPOS="3916" WIDTH="138" />
<SP HEIGHT="52" HPOS="1368" VPOS="3914" WIDTH="23" />
<String CONTENT="York," HEIGHT="67" HPOS="1392" LANG="en-US" VPOS="3914" WIDTH="180" />
<SP HEIGHT="68" HPOS="1573" VPOS="3913" WIDTH="23" />
<String CONTENT="E." HEIGHT="52" HPOS="1597" LANG="fi" VPOS="3913" WIDTH="67" />
<SP HEIGHT="51" HPOS="1665" VPOS="3915" WIDTH="26" />
<String CONTENT="P." HEIGHT="51" HPOS="1692" LANG="en-US" VPOS="3915" WIDTH="65" />
<SP HEIGHT="51" HPOS="1758" VPOS="3915" WIDTH="26" />
<String CONTENT="Dutton" HEIGHT="52" HPOS="1785" LANG="en-US" VPOS="3915" WIDTH="221" />
<SP HEIGHT="50" HPOS="2007" VPOS="3917" WIDTH="27" />
<String CONTENT="&amp;" HEIGHT="50" HPOS="2035" LANG="en-US" VPOS="3917" WIDTH="42" />
</TextLine>
<TextLine CS="1" HEIGHT="36" HPOS="148" LANG="en-US" STYLEREFS="StyleId-6EED38A5-3569-47DB-B6E9-785899BE0B7C-" VPOS="3994" WIDTH="348">
<String CONTENT="co" CS="1" />
<SP HEIGHT="24" HPOS="148" VPOS="4006" WIDTH="62" />
<String CONTENT="inc.," CS="1" />
<SP HEIGHT="35" HPOS="303" VPOS="3995" WIDTH="60" />
<String CONTENT="1936." CS="1" HEIGHT="36" HPOS="364" VPOS="3994" WIDTH="132" />
</TextLine>
</TextBlock>
</PrintSpace>
</Page>
</Layout>
</alto>