2519 4377
1015 4092 131 47 1419

94 459 220 62 Potter,
341 456 235 54 Miriam
606 456 193 55 Clark.

165 533 137 52 Mrs.
355 532 181 55 Goose
587 532 112 52 and
749 529 421 70 Three-Ducks,
1219 531 73 68 by
1342 529 234 55 Miriam
1627 529 177 56 Clark
1855 531 226 64 Potter;

97 610 137 53 with
282 607 320 70 forty-four
649 608 380 55 illustrations
1073 609 59 52 in
1181 610 152 52 color
1378 608 75 68 by
1500 608 97 53 the
1642 608 221 52 author.
1946 608 135 51 New

98 687 174 67 York,
306 683 308 56 Frederick
648 686 73 53 A.
758 685 200 57 Stokes
994 704 295 50 company,
1324 688 150 50 1936.

162 756 939 54 6 p. l., 114, [1, p. col. illus. 19½ cm .
163 814 286 43 Illustrated
484 814 359 50 lining-papers.

93 881 52 52 ©
174 886 126 45 Sept.
329 885 68 46 17,
426 884 140 47 1936;
595 885 69 40 2c.
692 884 102 41 Oct.
821 884 53 41 9:
905 883 82 43 aff.
1015 884 102 40 Oct.
1144 884 54 39 10;
1256 885 40 38 A
1322 884 171 48 99283;
1524 885 63 39 M.
1616 884 50 42 C.
1696 884 179 47 Potter,
148 881 1922 112 Evanston,
269 941 72 41 Ill.
412 940 296 49 (36-21824)

93 1045 405 64 Ramacciotti,
524 1047 174 62 Mary
725 1045 285 63 Dominic,
1037 1047 179 52 sister.

225 1116 1858 73 … The syntax of II fiore and of Dante’s Inferno as evidence
95 1193 1987 75 in the question of the authorship of II fiore … by Sister Mary
96 1270 1989 73 Dominic Ramacciotti … Washington, D. C., The Catholic
94 1349 313 70 university
436 1351 63 52 of
529 1349 283 69 America,
845 1352 148 52 1936.

162 1419 1920 54 x, 179 p. 23 cm . [Catholic university of America. Dept. of Romance
96 1478 259 47 languages
387 1478 95 40 and
517 1477 296 40 literatures.
874 1477 345 42 Publications.
1280 1479 71 49 12]

160 1531 172 42 Thesis
370 1535 14 46 (PH.
539 1533 330 47 D.)—Catholic
897 1533 271 49 university
1196 1535 53 40 of
1277 1535 238 50 America,
1545 1534 128 43 1936.

162 1588 231 44 “Critical
420 1590 337 48 bibliography
785 1590 51 41 of
866 1590 82 42 the
976 1590 340 49 controversy”:
1375 1603 43 37 p.
1450 1591 113 41 5-19;
1624 1592 377 51 “Bibliography
2033 1604 26 30 of

93 1647 157 39 works
281 1645 277 43 consulted”:
620 1658 44 37 p.
697 1647 214 41 171-173.

92 1702 53 53 ©
167 1707 112 46 May
302 1705 68 49 30,
395 1706 139 47 1936;
561 1706 65 39 2c.
651 1706 96 39 and
772 1706 80 40 aff.
878 1706 125 41 June
1026 1705 26 41 9;
1106 1708 40 37 A
1170 1706 144 41 95607;
1368 1706 221 43 Catholic
1613 1707 128 39 univ.
1771 1708 51 39 of
1846 1709 239 40 America.

170 1761 278 51 (36-22019)

92 1864 286 66 Repplier,
409 1867 220 63 Agnes,
664 1872 168 49 1858-

168 1939 1917 72 ..? In pursuit of laughter … Boston and New York,
98 2017 311 68 Houghton
437 2017 200 54 Mifflin
668 2035 296 52 company,
994 2021 148 50 1936.

163 2087 738 52 4 p. l., 3-229, [1] p. 22½ cm .
163 2145 62 39 At
256 2144 123 42 head
411 2145 51 39 of
492 2145 136 40 title:
661 2147 75 46 By
764 2145 161 48 Agnes
956 2147 242 47 Repplier.

91 2199 52 52 ©
171 2203 102 41 Oct.
302 2203 41 49 2,
375 2203 113 41 1936;
546 2205 66 39 2c.
643 2205 97 38 and
769 2204 82 41 aff.
883 2204 102 43 Oct.
1015 2206 26 39 5;
1099 2206 40 38 A
1168 2205 143 41 99172;
1370 2207 54 39 A.
1456 2206 242 51 Repplier,
1730 2206 354 48 Philadelphia.

169 2259 279 50 (36-22018)

94 2365 291 64 Revusky,
413 2365 324 65 Abraham,
765 2371 171 50 1889-

160 2441 150 53 Jews
342 2442 58 52 in
433 2441 305 67 Palestine,
770 2442 74 69 by
876 2442 70 52 A.
980 2443 285 69 Revusky.
1332 2444 138 53 New
1504 2444 106 53 and
1650 2464 111 34 rev.
1795 2446 81 51 ed.
1946 2447 136 51 New

98 2517 171 67 York,
300 2518 121 54 The
452 2519 314 68 Vanguard
804 2537 171 52 press,
1008 2524 149 50 1936.

160 2590 1297 54 xvi, 379 p. incl. front, (map) plates, ports. 21 cm.
162 2647 246 43 “Selected
438 2647 364 52 bibliography”:
862 2662 43 38 p.
936 2649 217 44 367-368.

91 2699 52 53 ©
176 2705 128 48 Sept.
333 2705 70 50 25,
435 2706 114 40 1936;
608 2707 68 41 2c.
711 2708 127 48 Sept.
869 2707 56 42 28:
986 2709 81 40 aff.
1103 2710 103 40 Oct.
1238 2710 55 40 16;
1355 2711 41 38 A
1427 2709 145 43 98706;
1636 2712 266 46 Vanguard
1932 2721 152 39 press,

160 2758 89 42 inc.
318 2761 281 49 (36-21998)

92 2862 375 68 Rothermell,
500 2867 169 65 Fred,
705 2873 168 49 1901-

163 2942 82 51 To
286 2942 142 54 raise
469 2943 153 53 these
664 2944 123 54 halt
831 2944 109 68 [by]
987 2945 150 53 Fred
1178 2946 367 53 Rothermell.
1622 2948 137 53 New
1800 2948 180 67 York,
2019 2949 62 51 L.

92 3019 269 66 Furman,
399 3020 104 53 inc.
547 3054 13 33 [
565 3027 17 21 c
588 3024 133 50 1936
726 3055 13 34 ]

160 3093 84 40 350
272 3104 43 37 p.
373 3094 55 39 20
432 3097 43 20 cm
481 3125 6 7 .

92 3144 1992 62 © Oct. 6. 1936; 2c. Oct. 9: aff. Oct. 8; A 99271; F. Rothermell, New York.
170 3206 276 49 (36-21827)

94 3306 243 66 Russell,
364 3309 209 54 Alfred
599 3311 214 65 Lovell,
843 3317 169 51 1861-

161 3382 272 55 Contract
465 3387 249 55 markets
749 3387 95 54 for
877 3388 405 71 commodities,
1313 3391 76 68 by
1421 3393 70 51 A.
1527 3393 66 54 L.
1628 3395 240 52 Russell.
1944 3397 136 51 New

99 3461 169 68 York,
298 3462 269 55 Russell’s
597 3465 354 55 commercial
979 3486 168 50 news,
1176 3469 107 53 inc.
1499 3505 12 33 [c1936]

161 3534 69 43 48.
261 3534 98 52 [11],
386 3534 175 43 49-120
585 3549 42 37 p.
654 3537 109 42 inch
791 3539 169 43 tables.
1019 3539 117 43 20cm.

164 3591 110 41 “6th
303 3592 217 49 printing
551 3594 128 49 Sept.
710 3595 157 41 1936.”

93 3644 51 52 ©
172 3648 126 48 Sept.
325 3649 69 47 28,
420 3651 113 40 1936;
588 3652 66 40 2c.
683 3653 95 39 and
805 3653 82 42 aff.
916 3653 101 42 Oct.
1046 3655 25 40 8;
1128 3657 39 37 A
1196 3655 142 42 98831;
1397 3659 54 39 A.
1480 3658 50 40 L.
1559 3658 207 49 Russell,
1794 3660 117 38 New
1937 3659 145 42 York.

171 3704 277 49 (36-22161)

93 3806 145 54 Sack
246 3808 153 53 ville-
404 3811 182 63 West,
611 3814 152 51 Hon.
791 3813 262 55 Victoria
1080 3816 189 64 Mary,
1299 3822 168 50 1892-

223 3883 1858 81 … Saint Joan of Arc … Garden City, N. Y., Doubleday,
96 3959 190 55 Doran
315 3964 45 52 &
391 3982 294 52 company,
713 3966 128 68 inc.,
871 3969 149 52 1936.
