2519 4377
1022 4099 132 52 1379

103 417 371 63 Chesterton,
502 416 226 54 Gilbert
755 415 200 55 Keith.

169 494 95 51 An
297 494 475 66 autobiography,
804 494 74 66 by
910 494 67 54 G.
1012 494 73 52 K.
1123 493 350 54 Chesterton.
1550 494 386 66 [Instalments
1975 498 116 62 1-4]

203 567 60 38 (In
290 563 200 43 London
516 562 191 52 Tablet,
736 563 134 51 Sept.
899 564 40 49 5,
969 564 70 49 12,
1070 564 70 50 19,
1168 565 71 49 26,
1270 564 142 49 1936)

99 619 1993 52 © 1c. each Oct. 12, 1936; A ad int. 21950; pubd. Sept. 4, 11, 18, 25;
168 680 211 38 Frances
412 680 301 47 Chesterton,
746 679 345 49 Beaconsfield,
1125 679 176 48 Bucks,
1335 677 237 49 England.

99 767 271 65 Chicago.
434 767 369 64 University.
864 769 357 65 Laboratory
1248 767 233 53 schools.
1544 769 171 65 Dept.
1746 769 63 64 of
1838 768 258 65 physical

168 846 300 52 education
490 847 113 52 and
629 846 209 52 health.

231 921 1865 69 … Physical education and health of school children, by
99 999 273 54 members
412 1000 64 52 of
517 1001 93 52 the
651 1000 134 53 staff
828 1000 63 53 of
932 1002 97 53 the
1068 1002 381 66 Department
1490 1000 63 52 of
1595 1001 259 67 physical
98 1003 1971 127 education
257 1079 112 52 and

407 1078 194 52 health
638 1077 65 55 of
740 1081 96 51 the
871 1079 359 68 Laboratory
1265 1080 217 52 schools
1522 1079 64 53 of
1622 1081 96 52 the
1756 1080 337 67 University

98 1155 64 54 of
197 1156 267 69 Chicago.
540 1156 270 70 Chicago,
846 1158 112 66 Ill.,
995 1158 121 52 The
1150 1157 336 68 University
1523 1157 64 52 of
1624 1157 250 69 Chicago
1940 1163 148 62 [1936]

171 1230 63 48 ix,
262 1230 86 40 175
375 1241 42 37 p.
445 1230 108 40 incl.
583 1231 168 39 tables.
813 1230 55 41 23
872 1233 15 21 cm
920 1262 9 8 .
1000 1229 356 49 (Publications
1386 1231 51 39 of
1465 1231 81 39 the
1576 1231 302 46 Laboratory
1909 1232 189 40 schools

100 1287 52 40 of
179 1288 81 40 the
289 1287 280 48 University
597 1288 51 39 of
677 1288 224 48 Chicago,
960 1298 73 30 no.
1063 1288 38 39 5.
1164 1289 113 47 May
1304 1288 139 47 1936)

168 1345 102 40 The
296 1345 242 47 appendix
565 1345 207 41 consists
800 1346 51 41 of
875 1345 170 41 fifteen
1070 1344 391 49 mimeographed
1488 1345 198 39 “Forms
1715 1346 116 39 used
1859 1345 49 39 in
99 1345 1979 97 physical-education
482 1403 254 47 program”

783 1402 110 50 ([29]
931 1403 68 47 p.)
1042 1404 84 40 not
1157 1403 225 41 included
1419 1403 49 39 in
1503 1404 81 38 the
1620 1402 190 49 paging.

95 1456 53 52 ©
172 1462 113 45 May
308 1461 69 47 26,
401 1460 139 41 1936:
567 1461 67 39 2c.
653 1461 120 46 Aug.
793 1461 52 46 8;
866 1460 81 39 aff.
967 1460 116 47 July
1107 1460 82 47 29;
1217 1461 40 38 A
1282 1460 170 47 97338;
1482 1459 285 47 University
1793 1459 54 40 of
1869 1459 225 47 Chicago.

177 1517 279 48 (36-21448)

97 1607 278 63 Conyers,
401 1610 137 52 Mrs.
567 1607 301 54 Dorothea
900 1606 275 68 (Smyth)
1214 1608 170 55 1873-

167 1685 120 53 The
319 1683 121 69 Elf,
468 1683 74 69 by
573 1685 292 55 Dorothea
897 1685 266 67 Conyers.
1238 1685 257 66 London,
1525 1684 367 53 Hutchinson
1922 1687 46 51 &
1998 1701 98 50 co.,

95 1763 102 53 ltd.
236 1767 170 64 [1936]

168 1835 87 42 288
285 1847 44 37 p.
388 1835 58 41 19½
476 1838 44 21 cm
525 1867 9 9 .

95 1889 2001 53 © 1c. Aug. 20, 1936; A ad int. 21844; pubd. June 25; Minnie Dorothea
164 1950 175 48 White,
370 1951 295 48 Balligrane,
697 1952 79 39 Co.
807 1949 254 49 Limerick,
1092 1949 212 40 Ireland.
1375 1947 279 50 (36-21460)

99 2053 209 66 [Croft,
333 2055 137 52 Mrs.
495 2053 302 53 Dorothea
828 2053 292 66 (Mavor)]
1155 2055 170 53 1897-

161 2130 152 52 Both
336 2130 201 67 hands,
558 2130 75 68 by
655 2130 148 53 Jane
828 2129 146 52 Bird
1021 2129 215 68 [pseud.]
1299 2128 260 67 London,
1583 2128 65 53 P.
1673 2126 213 53 Davies
1918 2160 12 32 [
1939 2128 152 65 1936]

164 2205 86 40 317
283 2214 43 38 p.
389 2203 114 40 19cm.

95 2257 1998 53 © 1c. Sept. 3, 1936; A ad int. 21805; pubd. July 6; Dorothea Croft,
165 2319 211 39 London.
446 2318 280 48 (36-21832)

93 2422 201 64 Davis,
321 2423 96 52 Ira
444 2422 331 56 Cleveland.

167 2495 254 70 Science;
454 2516 30 34 a
516 2502 157 63 story
703 2496 64 54 of
798 2514 262 51 progress
1090 2496 113 53 and
1234 2496 313 69 discovery,
1575 2495 76 70 by
1681 2495 99 54 Ira
1813 2494 63 56 C.
1907 2493 183 55 Davis

93 2573 1974 148 … and Richard W. Sharpe … New York, H. Holt and company [ c 1936]
165 2723 26 39 2
215 2735 42 37 p.
315 2756 8 16 l.,
349 2725 151 47 iii-xi,
530 2724 70 50 [2].
623 2725 85 40 491
734 2736 42 37 p.
803 2726 108 39 incl.
937 2725 162 47 front.,
1125 2725 142 44 illus.,
1296 2724 177 48 diagrs.
1535 2723 55 39 24
1594 2726 43 20 cm
1641 2754 8 8 .

167 2779 373 49 Bibliography:
575 2792 42 37 p.
652 2781 217 41 483-484.

94 2834 53 53 ©
173 2839 121 48 Aug.
322 2839 70 47 25,
421 2839 141 47 1936;
594 2840 67 40 2c.
694 2840 95 38 and
820 2839 80 40 aff.
931 2840 120 46 Aug.
1079 2839 82 48 29;
1194 2840 41 38 A
1264 2838 171 49 97590;
1468 2840 169 46 Henry
1668 2839 120 40 Holt
1819 2840 36 40 &
1883 2848 82 40 co.,
2001 2839 89 39 inc.

175 2894 278 51 (36-21432)

93 2999 183 64 Dean,
301 3000 220 53 Robert
548 3001 245 63 George.

164 3075 176 54 What
391 3076 324 67 gentleman
764 3076 279 68 strangles
1091 3096 31 34 a
1171 3076 169 69 lady?
1444 3079 107 65 [By]
1605 3077 216 53 Robert
1869 3077 220 68 George

95 3152 1995 70 Dean … Garden City, N. Y., Pub. for the Crime club, inc.,
94 3230 74 69 by
197 3232 354 68 Doubleday,
580 3234 200 51 Doran
807 3236 45 52 &
879 3251 96 50 co.,
1003 3234 125 66 inc.,
1158 3237 148 51 1936.

168 3305 27 39 6
219 3316 43 37 p.
323 3336 9 17 l.,
359 3304 83 42 273
473 3316 41 36 p.
575 3305 55 41 20
633 3308 45 22 cm
682 3339 9 9 .

169 3361 161 41 “First
362 3362 227 41 edition.”

94 3414 53 53 ©
178 3419 126 47 Sept.
334 3420 68 47 25,
431 3419 140 47 1936;
601 3419 68 41 2c.
700 3421 94 38 and
824 3421 81 40 aff.
936 3421 101 40 Oct.
1067 3420 52 48 8;
1146 3421 41 38 A
1216 3419 171 48 99249;
1418 3419 298 48 Doubleday,
1747 3420 167 39 Doran
1943 3421 39 39 &
2009 3430 81 36 co.,

165 3475 90 41 inc.
326 3475 280 49 (36-21458)

0 0 0 0 \
93 3580 388 65 DeCasseres,
509 3582 336 64 Benjamin,
878 3585 169 53 1873-

166 3655 121 54 The
319 3657 339 52 adventures
688 3659 63 51 of
782 3676 68 34 an
885 3660 160 67 exile,
1074 3659 76 68 by
1182 3657 306 68 Benjamin
1519 3657 368 54 DeCasseres.
1954 3657 138 51 New

97 3732 1990 72 York city, B. DeCasseres at the Blackstone publishers [ c 1936]
167 3807 26 39 3
221 3817 43 37 p.
327 3838 8 16 l.,
369 3807 147 49 [9]-59
541 3819 42 36 p.
641 3809 57 39 19
700 3812 43 20 cm
750 3841 6 7 .

169 3862 71 40 On
272 3872 166 31 cover:
476 3865 133 39 Book
641 3877 74 29 no.
749 3866 39 41 9.

505 3920 101 40 CONTENTS.—The
635 3922 705 42 exile.—Bacchus.—Helena.

92 3969 55 53 ©
182 3974 127 48 Sept.
342 3975 69 49 25,
445 3975 141 48 1936;
622 3977 67 41 2c.
724 3979 96 42 and
854 3979 81 45 aff.
970 3981 126 50 Sept.
1132 3981 83 47 26;
1250 3981 42 41 A
1324 3979 170 44 98640:
1532 3981 55 43 B,
1622 3979 318 48 DeCasseres,
1976 3980 118 39 New

162 4031 144 40 York.
377 4032 278 51 (36-21487)
