2519 4377
1262 4167 135 51 1242

327 465 365 65 McMurray,
719 464 242 55 DeVon.

398 542 57 53 A
482 541 251 55 Hoosier
761 541 308 69 schoolboy
1100 560 73 36 on
1200 542 249 54 Hudson
1479 543 131 68 bay,
1637 543 75 69 by
1743 544 221 54 DeVon
1996 544 357 69 McMurray.

334 623 232 65 Boston,
594 621 200 68 Little,
822 622 234 68 Brown,
1086 621 114 55 and
1231 640 301 51 company,
1565 626 150 50 1936.

396 694 85 51 xii,
516 695 88 40 122
634 706 44 38 p.
740 694 137 42 front.
919 695 176 51 (port.)
1135 695 129 41 illus.
1324 696 57 40 19½
1414 698 45 22 cm
1462 728 10 8 .

329 748 54 53 ©
421 753 130 48 Sept.
587 752 69 47 11,
696 751 115 42 1936;
936 783 8 8 2c.
984 753 96 39 and
1119 753 84 41 aff.
1241 753 129 48 Sept.
1409 752 58 41 12;
1532 754 41 39 A
1610 753 144 41 97761;
1822 752 165 51 Little,
2026 754 193 49 Brown,
2259 754 97 41 and

398 819 252 39 company.
718 808 284 50 (36-19283)

325 913 200 67 Milne,
555 916 234 66 George
814 915 247 68 Parker,
1091 917 174 56 1878-

396 994 284 54 Rustlers’
717 995 198 69 ranch,
949 994 76 70 by
1062 996 71 56 G.
1169 997 67 54 P.
1273 994 201 55 Milne.
1548 995 142 55 New
1728 995 183 69 York,
1948 997 69 54 E.
2057 998 57 55 J.
2157 997 195 69 Clode,

325 1074 109 54 inc.
472 1077 197 67 [c1936]

397 1146 633 52 4 p. l., 3-247 p. 19½cm.
326 1202 54 53 ©
411 1207 127 39 June
570 1206 40 49 6,
643 1205 143 49 1936;
819 1206 71 42 2c.
923 1206 97 40 and
1052 1206 83 39 aff.
1172 1207 130 47 Sept.
1336 1206 83 48 18;
1452 1206 43 40 A
1527 1205 173 49 97869;
1738 1207 215 40 Edward
1987 1208 44 40 J.
2067 1208 161 48 Clode,
2261 1208 92 41 inc.

408 1263 285 50 (36-19255)

323 1353 365 66 Mississippi
724 1353 205 69 digest,
969 1357 135 50 1818
1140 1358 59 49 to
1236 1355 160 67 date;
1436 1353 272 69 covering
1741 1354 354 70 Mississippi
2131 1360 222 64 reports

395 1433 113 53 and
549 1432 292 56 Southern
877 1436 260 64 reporter
1174 1450 60 35 as
1271 1433 128 53 well
1439 1451 59 35 as
1535 1432 352 69 Mississippi
1927 1452 152 35 cases
2116 1435 237 54 decided

394 1512 60 52 in
490 1512 98 53 the
623 1511 225 54 federal
884 1510 248 55 District
1169 1511 114 54 and
1321 1510 223 58 Circuit
1582 1517 207 63 courts,
1829 1512 225 56 Circuit
2090 1518 165 49 court
2289 1515 64 53 of

396 1590 236 69 appeals
677 1591 114 54 and
834 1589 279 69 Supreme
1155 1594 164 50 court
1360 1590 64 55 of
1464 1591 98 53 the
1604 1591 218 56 United
1870 1591 190 56 States
2108 1637 56 9 ...
2209 1593 143 54 with

393 1675 231 47 current
668 1668 348 55 cumulative
1061 1669 204 68 pocket
1309 1669 229 55 service,
1618 1670 227 55 volume
1888 1670 47 56 7.
1983 1672 369 70 Exceptions,

394 1748 121 52 Bill
547 1748 427 57 of Guaranty.
1054 1748 83 55 St.
1168 1748 169 68 Paul,
1366 1749 161 55 West
1558 1749 341 68 publishing
1928 1767 80 37 co.
2046 1785 12 33 [
2064 1757 18 21 c
2088 1754 134 49 1936
2228 1786 12 33 ]

394 1821 102 50 viii,
529 1822 89 40 504
647 1832 45 38 p.
754 1821 119 40 26cm.

326 1875 54 54 ©
415 1880 121 48 Aug.
573 1879 70 50 19,
681 1879 116 40 1936;
861 1878 69 42 2c.
970 1879 130 48 Sept.
1135 1878 56 39 21;
1260 1878 82 41 aff.
1383 1879 129 48 Sept.
1550 1879 57 41 17;
1672 1880 44 39 A
1750 1879 149 41 98536;
1962 1881 139 41 West
2134 1881 112 48 pub.
2284 1892 66 31 co.

328 1956 280 53 National
637 1955 322 54 industrial
986 1954 352 55 conference
1368 1955 203 55 board.

400 2032 423 55 International
866 2030 384 57 transactions
1293 2032 65 54 of
1400 2032 96 54 the
1538 2032 222 55 United
1806 2032 219 66 States;
2072 2049 72 35 an
2189 2029 164 55 audit

324 2112 113 53 and
475 2111 445 70 interpretation
961 2110 65 55 of
1063 2110 661 70 balance-of-payments
1761 2109 309 69 estimates,
2108 2110 75 69 by
2221 2110 130 68 Ray

325 2190 154 56 Ovid
529 2190 161 70 Hall,
736 2189 357 58 Conference
1135 2190 181 54 board
1362 2190 260 54 research
1667 2188 136 56 staff
1855 2232 58 10 ...
1999 2189 140 53 New
2187 2188 165 53 York

323 2269 1781 72 city, National industrial conference board, inc. [ c 1936]
461 2377 10 17 xv,
501 2344 87 42 230
617 2356 46 38 p.
723 2344 159 42 tables
911 2344 50 49 (1
990 2344 145 50 fold.)
1202 2342 56 41 23½
1293 2346 45 22 cm
1341 2376 9 9 .

394 2404 102 41 The
530 2404 201 48 present
766 2404 167 48 report
967 2413 104 31 was
1107 2402 241 49 prepared
1383 2402 121 41 with
1541 2403 82 41 the
1659 2403 273 41 assistance
1969 2401 52 41 of
2059 2401 120 41 Miss
2214 2402 134 42 Ruth

323 2459 295 43 Jackendoff
643 2460 54 42 of
720 2461 84 41 the
830 2459 299 43 Conference
1155 2459 194 43 board’s
1376 2461 229 41 research
1633 2460 119 41 staff
1778 2461 95 39 and
1901 2461 164 40 edited
2093 2459 80 41 for
323 2459 2009 101 publication
512 2518 61 48 by

600 2517 92 43 Mr.
718 2518 129 41 Yaso
870 2517 368 49 Trivanovitch,
1266 2517 105 43 also
1395 2517 52 42 of
1471 2519 82 41 the
1578 2518 193 41 board's
1797 2517 132 41 spiff,
1984 2518 62 48 cf.
2073 2518 275 41 Foreword.

393 2575 103 42 The
534 2578 200 46 present
767 2576 194 42 volume
996 2576 43 41 is
1075 2587 30 31 a
1142 2575 179 42 review
1358 2577 96 40 and
1493 2576 212 41 revision
1745 2576 50 41 of
1834 2577 80 40 the
1955 2575 132 41 basic
2123 2577 118 39 data
321 2586 2009 89 recorded
523 2634 60 48 by
607 2635 85 40 the
713 2634 57 44 U.
795 2633 45 43 S.

865 2634 142 50 Dept.
1032 2633 53 42 of
1106 2644 267 31 commerce
1394 2634 97 41 and
1516 2634 163 41 issued
1704 2634 132 41 since
1860 2632 116 42 1922
2000 2633 48 40 in
2075 2633 66 41 its
2163 2633 183 41 annual

324 2690 232 42 bulletins
584 2691 207 42 entitled
822 2691 130 42 “The
982 2691 365 43 International
1375 2692 204 41 balance
1608 2691 52 42 of
1688 2693 257 48 payments
1976 2691 51 42 of
2056 2692 82 41 the
2168 2691 178 42 United

323 2747 209 44 States”,
596 2748 63 49 cf.
695 2749 277 42 Foreword.

326 2802 53 53 ©
415 2807 118 47 July
569 2807 70 50 28,
678 2806 141 48 1936;
860 2806 68 43 2c.
966 2807 97 40 and
1100 2807 84 41 aff.
1222 2807 121 48 Aug.
1381 2807 53 48 8;
1474 2807 41 39 A
1552 2806 173 48 97294;
1766 2806 131 41 Natl.
1936 2804 271 42 industrial
394 2815 1937 90 conference
621 2864 168 50 board,
821 2864 92 43 inc.
985 2864 284 50 (36-19380)

318 2954 148 54 New
492 2954 164 53 York
690 2956 220 66 (State)
999 2956 210 53 Courts
1235 2956 64 66 of
1321 2956 216 52 record.

398 3076 56 9 ...
499 3033 121 53 The
661 3033 432 54 miscellaneous
1132 3038 253 63 reports;
1429 3052 150 34 cases
1619 3033 237 53 decided
1902 3076 56 9 ...
2003 3033 163 53 other
2206 3032 142 52 than

320 3112 96 52 the
459 3110 182 56 Court
680 3112 64 54 of
785 3112 236 67 appeals
1062 3113 113 53 and
1216 3112 95 53 the
1353 3112 313 68 Appellate
1705 3110 249 55 division
1996 3111 64 53 of
2099 3112 98 52 the

321 3111 1998 145 Supreme
544 3195 178 48 court.
806 3190 217 53 Austin
1052 3192 67 52 B.
1152 3189 223 68 Griffin,
1405 3196 274 62 reporter.
1765 3191 245 53 Volume
2044 3193 116 63 158,
2194 3192 151 51 1936.

326 3263 1576 73 [Official ed.] Albany, J. B . Lyon company, 1936.
394 3341 96 47 xiv,
523 3341 117 40 1006
669 3351 43 38 p.
772 3340 148 42 23½cm.

395 3398 73 41 On
497 3408 142 30 cover;
701 3399 126 47 Jan.,
857 3397 130 50 1936,
1018 3400 49 39 to
1099 3398 153 49 April,
1283 3397 129 42 1936.

328 3451 53 53 ©
428 3457 127 47 Sept.
600 3457 41 46 4,
686 3455 143 47 1936;
875 3456 70 41 2c.
990 3456 129 48 Sept.
1167 3456 82 47 16;
1297 3455 82 41 aff.
1429 3455 130 48 Sept.
1604 3455 84 47 14;
1734 3456 42 38 A
1820 3454 173 48 98435;
2041 3453 214 40 Edward
2300 3454 45 41 J.

395 3513 173 48 Flynn,
595 3514 251 47 secretary
872 3512 53 41 of
949 3514 143 48 state,
1121 3514 130 39 state
1277 3512 52 41 of
1353 3513 118 39 New
1496 3513 146 48 York,
1671 3512 192 47 Albany

321 3602 147 52 New
506 3604 164 52 York
712 3604 391 67 supplement;
1149 3621 150 35 cases
1342 3603 215 68 argued
1599 3604 113 52 and
1753 3602 353 53 determined
2148 3602 59 52 in
2248 3602 94 53 the

395 3681 178 55 Court
616 3682 64 52 of
721 3682 254 66 appeals,
1019 3681 277 67 Supreme
1339 3681 113 53 and
1491 3681 174 53 lower
1704 3687 190 47 courts
1936 3680 64 53 of
2040 3680 197 53 record
2279 3680 63 52 of

392 3760 140 52 New
561 3759 165 53 York
754 3763 163 63 state,
946 3760 142 53 with
1115 3759 110 67 key
1253 3760 239 52 number
1521 3757 381 55 annotations,
1968 3759 226 52 volume
2223 3761 117 50 286.

392 3838 373 67 April-May,
817 3840 150 51 1936.
1047 3836 82 56 St.
1180 3837 168 66 Paul,
1397 3838 203 67 Minn.,
1646 3840 159 52 West
1857 3837 338 67 publishing
2245 3855 96 47 co.,

393 3987 138 49 xxiii,
563 3987 129 49 1023,
724 3988 56 41 67
809 3998 44 38 p.
911 3988 56 41 23½cm.

326 4041 54 53 ©
415 4046 121 46 Aug.
571 4045 71 49 21,
681 4044 142 49 1936;
858 4045 69 42 2c.
968 4046 128 47 Sept.
1133 4044 83 49 19;
1256 4045 82 42 aff.
1378 4045 129 48 Sept.
1544 4040 83 52 17;
1666 4045 41 39 A
1741 4044 172 47 98534;
1954 4045 137 40 West
2125 4043 110 49 pub.
2274 4053 67 31 co.
