<alto xmlns="http://www.loc.gov/standards/alto/ns-v3#" xmlns:xlink="http://www.w3.org/1999/xlink" xmlns:xsi="http://www.w3.org/2001/XMLSchema-instance" xsi:schemaLocation="http://www.loc.gov/standards/alto/ns-v3# http://www.loc.gov/alto/v3/alto-3-0.xsd"><Description>
<MeasurementUnit>pixel</MeasurementUnit>
<sourceImageInformation>
<fileName>1936_v33_Part1.pdf</fileName>
</sourceImageInformation>
<OCRProcessing ID="IdOcr">
<ocrProcessingStep>
<processingDateTime>2019-01-18</processingDateTime>
<processingSoftware>
<softwareCreator>ABBYY</softwareCreator>
<softwareName>ABBYY Recognition Server</softwareName>
<softwareVersion>4.0</softwareVersion>
</processingSoftware>
</ocrProcessingStep>
</OCRProcessing>
</Description>
<Styles>
<ParagraphStyle ID="StyleId-FFFFFFFF-FFFF-FFFF-FFFF-FFFFFFFFFFFF-" ALIGN="Left" LEFT="0." RIGHT="0." FIRSTLINE="0."/>
<ParagraphStyle ID="StyleId-51D50FAC-7A90-4D70-8A96-5EA9D46D1C8B-" ALIGN="Left" LEFT="0." RIGHT="0." FIRSTLINE="0." LINESPACE="7.699999809"/>
<ParagraphStyle ID="StyleId-6BC133E9-7DCB-43C3-8842-A67984A26405-" ALIGN="Block" LEFT="0." RIGHT="0." FIRSTLINE="-17." LINESPACE="8.340000153"/>
<ParagraphStyle ID="StyleId-3C3FF860-43E7-46A2-8934-48F305F6F0D6-" ALIGN="Left" LEFT="0." RIGHT="0." FIRSTLINE="-13." LINESPACE="11.06999969"/>
<ParagraphStyle ID="StyleId-19220C76-4F8A-4737-B38C-B5F5C17E6040-" ALIGN="Block" LEFT="0." RIGHT="0." FIRSTLINE="-13." LINESPACE="11.06999969"/>
<ParagraphStyle ID="StyleId-75A0D721-13ED-4F20-9002-B389EC48477D-" ALIGN="Left" LEFT="0." RIGHT="0." FIRSTLINE="0." LINESPACE="15.5"/>
<ParagraphStyle ID="StyleId-8A414184-C7A5-4AC7-9B88-7DA4DDE75922-" ALIGN="Left" LEFT="0." RIGHT="0." FIRSTLINE="0." LINESPACE="9.399999619"/>
<ParagraphStyle ID="StyleId-1A87970B-111C-4169-99A6-9412976F3C97-" ALIGN="Left" LEFT="0." RIGHT="0." FIRSTLINE="0." LINESPACE="10.5"/>
<ParagraphStyle ID="StyleId-72DB0571-5AE4-41FD-9E11-68C6AC4C437E-" ALIGN="Block" LEFT="0." RIGHT="0." FIRSTLINE="-17." LINESPACE="8.340000153"/>
<ParagraphStyle ID="StyleId-1AA43056-C388-4697-B10F-72FDAA38FAE1-" ALIGN="Center" LEFT="0." RIGHT="0." FIRSTLINE="0." LINESPACE="10.5"/>
</Styles>
<Layout>
<Page ID="Page864" PHYSICAL_IMG_NR="864" HEIGHT="4377" WIDTH="2519">
<TopMargin HEIGHT="428" WIDTH="2519" VPOS="0" HPOS="0">
</TopMargin>
<LeftMargin HEIGHT="3764" WIDTH="348" VPOS="428" HPOS="0">
</LeftMargin>
<RightMargin HEIGHT="3764" WIDTH="135" VPOS="428" HPOS="2384">
</RightMargin>
<BottomMargin HEIGHT="185" WIDTH="2519" VPOS="4192" HPOS="0">
</BottomMargin>
<PrintSpace HEIGHT="3764" WIDTH="2036" VPOS="428" HPOS="348">
<TextBlock ID="Page864_Block1" HEIGHT="72" WIDTH="122" VPOS="4120" HPOS="1306" LANG="en-US" STYLEREFS="StyleId-E45A1135-239E-4D10-89D2-7F82CEE4DA62-">
<TextLine HEIGHT="51" WIDTH="101" VPOS="4130" HPOS="1316">
<String CONTENT="864" HEIGHT="51" WIDTH="101" VPOS="4130" HPOS="1316"/>
</TextLine>
</TextBlock>
<TextBlock ID="Page864_Block2" HEIGHT="3698" WIDTH="2036" VPOS="428" HPOS="348" LANG="en-US" CS="1" STYLEREFS="StyleId-54637CAC-389F-474F-811D-CBC828E0169B-">
<TextLine HEIGHT="50" WIDTH="705" VPOS="526" HPOS="433">
<String CONTENT="Bibliography" HEIGHT="49" WIDTH="353" VPOS="527" HPOS="433"/>
<SP HEIGHT="39" WIDTH="16" VPOS="536" HPOS="787"/>
<String CONTENT=":" HEIGHT="30" WIDTH="10" VPOS="536" HPOS="804"/>
<SP HEIGHT="39" WIDTH="30" VPOS="536" HPOS="815"/>
<String CONTENT="p." HEIGHT="38" WIDTH="43" VPOS="537" HPOS="846"/>
<SP HEIGHT="40" WIDTH="28" VPOS="526" HPOS="890"/>
<String CONTENT="213-214." HEIGHT="41" WIDTH="219" VPOS="526" HPOS="919"/>
</TextLine>
<TextLine HEIGHT="53" WIDTH="1713" VPOS="586" HPOS="360" CS="1">
<String CONTENT="&#169;" HEIGHT="53" WIDTH="53" VPOS="586" HPOS="360"/>
<SP HEIGHT="53" WIDTH="25" VPOS="586" HPOS="414"/>
<String CONTENT="June" HEIGHT="40" WIDTH="126" VPOS="591" HPOS="440"/>
<SP HEIGHT="41" WIDTH="24" VPOS="590" HPOS="567"/>
<String CONTENT="30," HEIGHT="49" WIDTH="71" VPOS="589" HPOS="592"/>
<SP HEIGHT="49" WIDTH="26" VPOS="589" HPOS="664"/>
<String CONTENT="1936;" HEIGHT="47" WIDTH="142" VPOS="588" HPOS="691"/>
<SP HEIGHT="46" WIDTH="27" VPOS="589" HPOS="834"/>
<String CONTENT="2c." HEIGHT="40" WIDTH="68" VPOS="589" HPOS="862"/>
<SP HEIGHT="30" WIDTH="26" VPOS="599" HPOS="931"/>
<String CONTENT="and" HEIGHT="40" WIDTH="97" VPOS="589" HPOS="958"/>
<SP HEIGHT="40" WIDTH="25" VPOS="589" HPOS="1056"/>
<String CONTENT="aff." HEIGHT="42" WIDTH="83" VPOS="588" HPOS="1082"/>
<SP HEIGHT="41" WIDTH="26" VPOS="589" HPOS="1166"/>
<String CONTENT="July" HEIGHT="47" WIDTH="118" VPOS="589" HPOS="1193"/>
<SP HEIGHT="48" WIDTH="27" VPOS="588" HPOS="1312"/>
<String CONTENT="1;" HEIGHT="47" WIDTH="52" VPOS="588" HPOS="1340"/>
<SP HEIGHT="46" WIDTH="29" VPOS="589" HPOS="1393"/>
<!-- cceid A03D4FD4-6E3A-1014-83DD-942C093A1DD9 --><String CONTENT="A" HEIGHT="39" WIDTH="40" VPOS="589" HPOS="1423"/>
<SP HEIGHT="40" WIDTH="24" VPOS="588" HPOS="1464"/>
<String CONTENT="96254;" HEIGHT="47" WIDTH="172" VPOS="588" HPOS="1489"/>
<SP HEIGHT="45" WIDTH="31" VPOS="590" HPOS="1662"/>
<String CONTENT="Macmillan" HEIGHT="40" WIDTH="282" VPOS="589" HPOS="1694"/>
<SP HEIGHT="30" WIDTH="28" VPOS="600" HPOS="1977"/>
<String CONTENT="co." HEIGHT="30" WIDTH="67" VPOS="600" HPOS="2006"/>
</TextLine>
<TextLine HEIGHT="48" WIDTH="283" VPOS="646" HPOS="441">
<String CONTENT="(36-14312)" HEIGHT="48" WIDTH="283" VPOS="646" HPOS="441"/>
</TextLine>
<TextLine HEIGHT="65" WIDTH="787" VPOS="748" HPOS="360" STYLEREFS="StyleId-3B3E3D81-102D-4D30-AEF4-B6EA3EF6B24E-" CS="1">
<String CONTENT="Winther," HEIGHT="63" WIDTH="291" VPOS="750" HPOS="360"/>
<SP HEIGHT="64" WIDTH="26" VPOS="749" HPOS="652"/>
<String CONTENT="Oscar" HEIGHT="55" WIDTH="185" VPOS="749" HPOS="679"/>
<SP HEIGHT="54" WIDTH="26" VPOS="749" HPOS="865"/>
<String CS="1" CONTENT="Osburn." HEIGHT="56" WIDTH="255" VPOS="748" HPOS="892"/>
</TextLine>
<TextLine HEIGHT="72" WIDTH="1936" VPOS="823" HPOS="433" STYLEREFS="StyleId-446E9F54-CD63-4709-8ABA-555AE005E62E-" CS="1">
<String CONTENT="Express" HEIGHT="68" WIDTH="252" VPOS="826" HPOS="433"/>
<SP HEIGHT="35" WIDTH="38" VPOS="843" HPOS="686"/>
<String CONTENT="and" HEIGHT="52" WIDTH="113" VPOS="826" HPOS="725"/>
<SP HEIGHT="52" WIDTH="36" VPOS="826" HPOS="839"/>
<String CONTENT="stagecoach" HEIGHT="68" WIDTH="333" VPOS="825" HPOS="876"/>
<SP HEIGHT="53" WIDTH="37" VPOS="824" HPOS="1210"/>
<String CS="1" CONTENT="days" HEIGHT="53" WIDTH="141" VPOS="824" HPOS="1248"/>
<SP HEIGHT="52" WIDTH="36" VPOS="826" HPOS="1390"/>
<String CONTENT="in" HEIGHT="52" WIDTH="60" VPOS="826" HPOS="1427"/>
<SP HEIGHT="55" WIDTH="38" VPOS="825" HPOS="1488"/>
<String CONTENT="California," HEIGHT="70" WIDTH="343" VPOS="823" HPOS="1527"/>
<SP HEIGHT="68" WIDTH="36" VPOS="825" HPOS="1871"/>
<String CONTENT="from" HEIGHT="53" WIDTH="154" VPOS="825" HPOS="1908"/>
<SP HEIGHT="47" WIDTH="37" VPOS="831" HPOS="2063"/>
<String CONTENT="the" HEIGHT="52" WIDTH="94" VPOS="826" HPOS="2101"/>
<SP HEIGHT="51" WIDTH="37" VPOS="844" HPOS="2196"/>
<String CONTENT="gold" HEIGHT="70" WIDTH="135" VPOS="825" HPOS="2234"/>
</TextLine>
<TextLine HEIGHT="70" WIDTH="2005" VPOS="902" HPOS="365" STYLEREFS="StyleId-446E9F54-CD63-4709-8ABA-555AE005E62E-" CS="1">
<String CONTENT="rush" HEIGHT="53" WIDTH="136" VPOS="904" HPOS="365"/>
<SP HEIGHT="54" WIDTH="24" VPOS="904" HPOS="502"/>
<String CONTENT="to" HEIGHT="48" WIDTH="60" VPOS="910" HPOS="527"/>
<SP HEIGHT="48" WIDTH="27" VPOS="909" HPOS="588"/>
<String CONTENT="the" HEIGHT="52" WIDTH="97" VPOS="904" HPOS="616"/>
<SP HEIGHT="35" WIDTH="26" VPOS="921" HPOS="714"/>
<String CONTENT="civil" HEIGHT="54" WIDTH="135" VPOS="902" HPOS="741"/>
<SP HEIGHT="52" WIDTH="26" VPOS="903" HPOS="877"/>
<String CONTENT="war," HEIGHT="50" WIDTH="137" VPOS="921" HPOS="904"/>
<SP HEIGHT="68" WIDTH="27" VPOS="903" HPOS="1042"/>
<String CONTENT="by" HEIGHT="69" WIDTH="75" VPOS="903" HPOS="1070"/>
<SP HEIGHT="70" WIDTH="29" VPOS="902" HPOS="1146"/>
<String CONTENT="Oscar" HEIGHT="55" WIDTH="179" VPOS="902" HPOS="1176"/>
<SP HEIGHT="55" WIDTH="29" VPOS="902" HPOS="1356"/>
<String CONTENT="Osburn" HEIGHT="55" WIDTH="230" VPOS="902" HPOS="1386"/>
<SP HEIGHT="53" WIDTH="29" VPOS="904" HPOS="1617"/>
<String CONTENT="Winther" HEIGHT="54" WIDTH="267" VPOS="903" HPOS="1647"/>
<SP/>
<String CS="1" CONTENT="&#8230;"/>
<SP HEIGHT="54" WIDTH="80" VPOS="903" HPOS="2006"/>
<String CONTENT="Stanford" HEIGHT="54" WIDTH="283" VPOS="903" HPOS="2087"/>
</TextLine>
<TextLine HEIGHT="148" WIDTH="1982" VPOS="980" HPOS="363" STYLEREFS="StyleId-446E9F54-CD63-4709-8ABA-555AE005E62E-" CS="1">
<String CONTENT="University," HEIGHT="68" WIDTH="357" VPOS="982" HPOS="363"/>
<SP HEIGHT="69" WIDTH="27" VPOS="981" HPOS="721"/>
<String CONTENT="Calif.," HEIGHT="69" WIDTH="194" VPOS="981" HPOS="749"/>
<SP HEIGHT="69" WIDTH="28" VPOS="981" HPOS="944"/>
<String CONTENT="Stanford" HEIGHT="55" WIDTH="284" VPOS="981" HPOS="973"/>
<SP HEIGHT="53" WIDTH="23" VPOS="981" HPOS="1258"/>
<String CONTENT="university" HEIGHT="70" WIDTH="321" VPOS="980" HPOS="1282"/>
<SP HEIGHT="50" WIDTH="26" VPOS="1000" HPOS="1604"/>
<String CONTENT="press;" HEIGHT="51" WIDTH="185" VPOS="999" HPOS="1631"/>
<SP HEIGHT="67" WIDTH="28" VPOS="983" HPOS="1817"/>
<String CONTENT="London," HEIGHT="67" WIDTH="260" VPOS="982" HPOS="1846"/>
<SP HEIGHT="67" WIDTH="23" VPOS="982" HPOS="2107"/>
<String CONTENT="H." HEIGHT="55" WIDTH="77" VPOS="982" HPOS="2131"/>
<SP HEIGHT="53" WIDTH="26" VPOS="984" HPOS="2209"/>
<String CONTENT="Milford," HEIGHT="145" WIDTH="1981" VPOS="983" HPOS="364"/>
<SP HEIGHT="69" WIDTH="34" VPOS="1059" HPOS="517"/>
<String CONTENT="Oxford" HEIGHT="56" WIDTH="233" VPOS="1059" HPOS="552"/>
<SP HEIGHT="53" WIDTH="31" VPOS="1060" HPOS="786"/>
<String CONTENT="university" HEIGHT="69" WIDTH="319" VPOS="1059" HPOS="818"/>
<SP HEIGHT="50" WIDTH="33" VPOS="1078" HPOS="1138"/>
<String CONTENT="press" HEIGHT="51" WIDTH="158" VPOS="1077" HPOS="1172"/>
<SP HEIGHT="48" WIDTH="37" VPOS="1079" HPOS="1331"/>
<String CONTENT="[c1936]" HEIGHT="67" WIDTH="193" VPOS="1061" HPOS="1369"/>
</TextLine>
<TextLine HEIGHT="50" WIDTH="1439" VPOS="1130" HPOS="432" CS="1">
<String CONTENT="xi," HEIGHT="49" WIDTH="65" VPOS="1130" HPOS="432"/>
<SP HEIGHT="48" WIDTH="27" VPOS="1131" HPOS="498"/>
<String CONTENT="197" HEIGHT="42" WIDTH="86" VPOS="1130" HPOS="526"/>
<SP HEIGHT="48" WIDTH="27" VPOS="1132" HPOS="613"/>
<String CONTENT="p." HEIGHT="38" WIDTH="45" VPOS="1142" HPOS="641"/>
<SP HEIGHT="40" WIDTH="58" VPOS="1131" HPOS="687"/>
<String CONTENT="front.," HEIGHT="49" WIDTH="165" VPOS="1131" HPOS="746"/>
<SP HEIGHT="38" WIDTH="27" VPOS="1142" HPOS="912"/>
<String CONTENT="plates," HEIGHT="50" WIDTH="172" VPOS="1130" HPOS="940"/>
<SP HEIGHT="49" WIDTH="27" VPOS="1131" HPOS="1113"/>
<String CS="1" CONTENT="fold." HEIGHT="41" WIDTH="105" VPOS="1131" HPOS="1141"/>
<SP HEIGHT="29" WIDTH="28" VPOS="1143" HPOS="1261"/>
<String CONTENT="maps," HEIGHT="39" WIDTH="152" VPOS="1141" HPOS="1290"/>
<SP HEIGHT="48" WIDTH="29" VPOS="1132" HPOS="1443"/>
<String CONTENT="facsims." HEIGHT="42" WIDTH="218" VPOS="1131" HPOS="1473"/>
<SP HEIGHT="40" WIDTH="61" VPOS="1132" HPOS="1692"/>
<String CONTENT="20cm." HEIGHT="41" WIDTH="117" VPOS="1132" HPOS="1754"/>
</TextLine>
<TextLine HEIGHT="50" WIDTH="707" VPOS="1187" HPOS="435">
<String CONTENT="Bibliography" HEIGHT="49" WIDTH="353" VPOS="1188" HPOS="435"/>
<SP HEIGHT="37" WIDTH="16" VPOS="1199" HPOS="789"/>
<String CONTENT=":" HEIGHT="29" WIDTH="9" VPOS="1199" HPOS="806"/>
<SP HEIGHT="38" WIDTH="32" VPOS="1199" HPOS="816"/>
<String CONTENT="p." HEIGHT="38" WIDTH="44" VPOS="1199" HPOS="849"/>
<SP HEIGHT="39" WIDTH="29" VPOS="1189" HPOS="894"/>
<String CONTENT="173-186." HEIGHT="43" WIDTH="218" VPOS="1187" HPOS="924"/>
</TextLine>
<TextLine HEIGHT="54" WIDTH="2012" VPOS="1244" HPOS="360">
<String CONTENT="&#169;" HEIGHT="54" WIDTH="53" VPOS="1244" HPOS="360"/>
<SP HEIGHT="54" WIDTH="27" VPOS="1244" HPOS="414"/>
<String CONTENT="June" HEIGHT="39" WIDTH="129" VPOS="1250" HPOS="442"/>
<SP HEIGHT="40" WIDTH="22" VPOS="1249" HPOS="572"/>
<String CONTENT="15," HEIGHT="49" WIDTH="70" VPOS="1248" HPOS="595"/>
<SP HEIGHT="49" WIDTH="27" VPOS="1248" HPOS="666"/>
<String CONTENT="1936;" HEIGHT="48" WIDTH="141" VPOS="1247" HPOS="694"/>
<SP HEIGHT="48" WIDTH="30" VPOS="1247" HPOS="836"/>
<String CONTENT="2c." HEIGHT="42" WIDTH="69" VPOS="1247" HPOS="867"/>
<SP HEIGHT="41" WIDTH="27" VPOS="1248" HPOS="937"/>
<String CONTENT="June" HEIGHT="40" WIDTH="130" VPOS="1248" HPOS="965"/>
<SP HEIGHT="41" WIDTH="22" VPOS="1247" HPOS="1096"/>
<String CONTENT="29;" HEIGHT="49" WIDTH="84" VPOS="1246" HPOS="1119"/>
<SP HEIGHT="38" WIDTH="29" VPOS="1257" HPOS="1204"/>
<String CONTENT="aff." HEIGHT="42" WIDTH="83" VPOS="1246" HPOS="1234"/>
<SP HEIGHT="41" WIDTH="27" VPOS="1247" HPOS="1318"/>
<String CONTENT="June" HEIGHT="41" WIDTH="131" VPOS="1247" HPOS="1346"/>
<SP HEIGHT="39" WIDTH="23" VPOS="1248" HPOS="1478"/>
<String CONTENT="24;" HEIGHT="47" WIDTH="83" VPOS="1248" HPOS="1502"/>
<SP HEIGHT="47" WIDTH="29" VPOS="1248" HPOS="1586"/>
<!-- cceid A03DC315-6E3A-1014-83DD-942C093A1DD9 --><String CONTENT="A" HEIGHT="39" WIDTH="41" VPOS="1248" HPOS="1616"/>
<SP HEIGHT="41" WIDTH="26" VPOS="1247" HPOS="1658"/>
<String CONTENT="96223;" HEIGHT="48" WIDTH="172" VPOS="1247" HPOS="1685"/>
<SP HEIGHT="46" WIDTH="31" VPOS="1249" HPOS="1858"/>
<String CONTENT="Board" HEIGHT="41" WIDTH="164" VPOS="1249" HPOS="1890"/>
<SP HEIGHT="40" WIDTH="28" VPOS="1250" HPOS="2055"/>
<String CONTENT="of" HEIGHT="39" WIDTH="53" VPOS="1250" HPOS="2084"/>
<SP HEIGHT="41" WIDTH="24" VPOS="1250" HPOS="2138"/>
<String CONTENT="trustees" HEIGHT="39" WIDTH="209" VPOS="1253" HPOS="2163"/>
</TextLine>
<TextLine HEIGHT="52" WIDTH="1853" VPOS="1303" HPOS="429">
<String CONTENT="of" HEIGHT="39" WIDTH="56" VPOS="1306" HPOS="429"/>
<SP HEIGHT="40" WIDTH="32" VPOS="1306" HPOS="486"/>
<String CONTENT="the" HEIGHT="39" WIDTH="82" VPOS="1307" HPOS="519"/>
<SP HEIGHT="40" WIDTH="34" VPOS="1306" HPOS="602"/>
<String CONTENT="Leland" HEIGHT="40" WIDTH="186" VPOS="1306" HPOS="637"/>
<SP HEIGHT="41" WIDTH="37" VPOS="1305" HPOS="824"/>
<String CONTENT="Stanford" HEIGHT="41" WIDTH="238" VPOS="1305" HPOS="862"/>
<SP HEIGHT="49" WIDTH="33" VPOS="1304" HPOS="1101"/>
<String CONTENT="junior" HEIGHT="49" WIDTH="166" VPOS="1304" HPOS="1135"/>
<SP HEIGHT="29" WIDTH="35" VPOS="1315" HPOS="1302"/>
<String CONTENT="univ.," HEIGHT="50" WIDTH="145" VPOS="1303" HPOS="1338"/>
<SP HEIGHT="48" WIDTH="39" VPOS="1305" HPOS="1484"/>
<String CONTENT="Stanford" HEIGHT="41" WIDTH="236" VPOS="1305" HPOS="1524"/>
<SP HEIGHT="40" WIDTH="38" VPOS="1306" HPOS="1761"/>
<String CONTENT="University," HEIGHT="51" WIDTH="298" VPOS="1304" HPOS="1800"/>
<SP HEIGHT="49" WIDTH="37" VPOS="1306" HPOS="2099"/>
<String CONTENT="Calif." HEIGHT="43" WIDTH="145" VPOS="1305" HPOS="2137"/>
</TextLine>
<TextLine HEIGHT="50" WIDTH="283" VPOS="1362" HPOS="442">
<String CONTENT="(36-13684)" HEIGHT="50" WIDTH="283" VPOS="1362" HPOS="442"/>
</TextLine>
<TextLine HEIGHT="66" WIDTH="1093" VPOS="1464" HPOS="358" STYLEREFS="StyleId-3B3E3D81-102D-4D30-AEF4-B6EA3EF6B24E-">
<String CONTENT="Witman," HEIGHT="65" WIDTH="282" VPOS="1465" HPOS="358"/>
<SP HEIGHT="65" WIDTH="23" VPOS="1465" HPOS="641"/>
<String CONTENT="Shepherd" HEIGHT="64" WIDTH="310" VPOS="1465" HPOS="665"/>
<SP HEIGHT="54" WIDTH="23" VPOS="1465" HPOS="976"/>
<String CONTENT="Luther," HEIGHT="66" WIDTH="249" VPOS="1464" HPOS="1000"/>
<SP HEIGHT="58" WIDTH="28" VPOS="1472" HPOS="1250"/>
<String CONTENT="1906-" HEIGHT="50" WIDTH="172" VPOS="1471" HPOS="1279"/>
</TextLine>
<TextLine HEIGHT="74" WIDTH="1845" VPOS="1539" HPOS="524" STYLEREFS="StyleId-446E9F54-CD63-4709-8ABA-555AE005E62E-" CS="1">
<String CS="1" CONTENT="&#8230;"/>
<SP/>
<String CONTENT="Visual" HEIGHT="55" WIDTH="206" VPOS="1541" HPOS="524"/>
<SP HEIGHT="54" WIDTH="29" VPOS="1541" HPOS="731"/>
<String CONTENT="outline" HEIGHT="56" WIDTH="216" VPOS="1539" HPOS="761"/>
<SP HEIGHT="36" WIDTH="28" VPOS="1560" HPOS="978"/>
<String CONTENT="of" HEIGHT="56" WIDTH="65" VPOS="1540" HPOS="1007"/>
<SP HEIGHT="54" WIDTH="27" VPOS="1540" HPOS="1073"/>
<String CONTENT="American" HEIGHT="55" WIDTH="308" VPOS="1540" HPOS="1101"/>
<SP HEIGHT="52" WIDTH="30" VPOS="1560" HPOS="1410"/>
<String CONTENT="government," HEIGHT="66" WIDTH="391" VPOS="1546" HPOS="1441"/>
<SP HEIGHT="68" WIDTH="26" VPOS="1542" HPOS="1833"/>
<String CONTENT="by" HEIGHT="71" WIDTH="78" VPOS="1542" HPOS="1860"/>
<SP HEIGHT="72" WIDTH="32" VPOS="1541" HPOS="1939"/>
<String CONTENT="Shepherd" HEIGHT="72" WIDTH="299" VPOS="1541" HPOS="1972"/>
<SP HEIGHT="54" WIDTH="31" VPOS="1544" HPOS="2272"/>
<String CONTENT="L." HEIGHT="53" WIDTH="65" VPOS="1544" HPOS="2304"/>
</TextLine>
<TextLine HEIGHT="72" WIDTH="2009" VPOS="1619" HPOS="360" STYLEREFS="StyleId-446E9F54-CD63-4709-8ABA-555AE005E62E-" CS="1">
<String CONTENT="Witman" HEIGHT="57" WIDTH="261" VPOS="1619" HPOS="360"/>
<SP/>
<String CS="1" CONTENT="&#8230;"/>
<SP HEIGHT="51" WIDTH="80" VPOS="1623" HPOS="723"/>
<String CONTENT="2d" HEIGHT="53" WIDTH="73" VPOS="1621" HPOS="804"/>
<SP HEIGHT="53" WIDTH="37" VPOS="1621" HPOS="878"/>
<String CONTENT="ed." HEIGHT="53" WIDTH="85" VPOS="1622" HPOS="916"/>
<SP HEIGHT="53" WIDTH="75" VPOS="1622" HPOS="1002"/>
<String CONTENT="New" HEIGHT="52" WIDTH="140" VPOS="1622" HPOS="1078"/>
<SP HEIGHT="52" WIDTH="38" VPOS="1621" HPOS="1219"/>
<String CONTENT="York," HEIGHT="69" WIDTH="181" VPOS="1620" HPOS="1258"/>
<SP HEIGHT="67" WIDTH="39" VPOS="1622" HPOS="1440"/>
<String CONTENT="Toronto," HEIGHT="67" WIDTH="273" VPOS="1622" HPOS="1480"/>
<SP HEIGHT="68" WIDTH="39" VPOS="1621" HPOS="1754"/>
<String CONTENT="Longmans," HEIGHT="70" WIDTH="347" VPOS="1621" HPOS="1794"/>
<SP HEIGHT="68" WIDTH="41" VPOS="1621" HPOS="2142"/>
<String CONTENT="Green" HEIGHT="56" WIDTH="185" VPOS="1621" HPOS="2184"/>
</TextLine>
<TextLine HEIGHT="67" WIDTH="456" VPOS="1701" HPOS="358" STYLEREFS="StyleId-446E9F54-CD63-4709-8ABA-555AE005E62E-" CS="1">
<String CONTENT="and" HEIGHT="53" WIDTH="113" VPOS="1701" HPOS="358"/>
<SP HEIGHT="53" WIDTH="30" VPOS="1701" HPOS="472"/>
<String CONTENT="co." HEIGHT="35" WIDTH="79" VPOS="1719" HPOS="503"/>
<SP HEIGHT="35" WIDTH="34" VPOS="1733" HPOS="583"/>
<String CS="1" CONTENT="[c1936]" HEIGHT="65" WIDTH="154" VPOS="1702" HPOS="660"/>
</TextLine>
<TextLine HEIGHT="51" WIDTH="1943" VPOS="1772" HPOS="430" CS="1">
<String CONTENT="2" HEIGHT="39" WIDTH="27" VPOS="1773" HPOS="430"/>
<SP HEIGHT="49" WIDTH="35" VPOS="1773" HPOS="458"/>
<String LANG="fr" CONTENT="p." HEIGHT="38" WIDTH="44" VPOS="1784" HPOS="494"/>
<SP/>
<String LANG="fr" CS="1" CONTENT="l.,"/>
<SP HEIGHT="50" WIDTH="38" VPOS="1772" HPOS="621"/>
<String CONTENT="108" HEIGHT="42" WIDTH="86" VPOS="1772" HPOS="660"/>
<SP HEIGHT="41" WIDTH="34" VPOS="1773" HPOS="747"/>
<String CONTENT="numb." HEIGHT="41" WIDTH="161" VPOS="1773" HPOS="782"/>
<SP/>
<String CS="1" CONTENT="l.,"/>
<SP HEIGHT="47" WIDTH="38" VPOS="1773" HPOS="1026"/>
<String CONTENT="109-114" HEIGHT="43" WIDTH="205" VPOS="1772" HPOS="1065"/>
<SP HEIGHT="49" WIDTH="33" VPOS="1772" HPOS="1271"/>
<String CONTENT="p." HEIGHT="38" WIDTH="43" VPOS="1783" HPOS="1305"/>
<SP HEIGHT="40" WIDTH="67" VPOS="1774" HPOS="1349"/>
<String CONTENT="diagrs." HEIGHT="49" WIDTH="179" VPOS="1772" HPOS="1417"/>
<SP HEIGHT="41" WIDTH="64" VPOS="1772" HPOS="1597"/>
<String CS="1" CONTENT="27&#189;cm." HEIGHT="41" WIDTH="147" VPOS="1772" HPOS="1662"/>
<SP HEIGHT="50" WIDTH="77" VPOS="1773" HPOS="1810"/>
<String CONTENT="(Students" HEIGHT="51" WIDTH="261" VPOS="1772" HPOS="1888"/>
<SP HEIGHT="30" WIDTH="38" VPOS="1784" HPOS="2150"/>
<String CONTENT="outline" HEIGHT="43" WIDTH="184" VPOS="1773" HPOS="2189"/>
</TextLine>
<TextLine HEIGHT="49" WIDTH="177" VPOS="1831" HPOS="358">
<String CONTENT="series)" HEIGHT="49" WIDTH="177" VPOS="1831" HPOS="358"/>
</TextLine>
<TextLine HEIGHT="51" WIDTH="1745" VPOS="1886" HPOS="431" CS="1">
<String CONTENT="&#8220;Supreme" HEIGHT="51" WIDTH="263" VPOS="1886" HPOS="431"/>
<SP HEIGHT="32" WIDTH="28" VPOS="1897" HPOS="695"/>
<String CONTENT="court" HEIGHT="40" WIDTH="140" VPOS="1889" HPOS="724"/>
<SP HEIGHT="40" WIDTH="30" VPOS="1889" HPOS="865"/>
<String CONTENT="cases&#8221;" HEIGHT="42" WIDTH="165" VPOS="1887" HPOS="896"/>
<SP HEIGHT="41" WIDTH="16" VPOS="1887" HPOS="1062"/>
<String CONTENT=":" HEIGHT="30" WIDTH="9" VPOS="1898" HPOS="1079"/>
<SP HEIGHT="38" WIDTH="34" VPOS="1898" HPOS="1089"/>
<String CONTENT="p." HEIGHT="38" WIDTH="43" VPOS="1898" HPOS="1124"/>
<SP HEIGHT="40" WIDTH="32" VPOS="1888" HPOS="1168"/>
<String CS="1" CONTENT="110-111;" HEIGHT="41" WIDTH="204" VPOS="1887" HPOS="1201"/>
<SP HEIGHT="49" WIDTH="32" VPOS="1887" HPOS="1433"/>
<String CS="1" CONTENT="Bibliography;" HEIGHT="50" WIDTH="352" VPOS="1887" HPOS="1466"/>
<SP HEIGHT="39" WIDTH="31" VPOS="1897" HPOS="1846"/>
<String CONTENT="p." HEIGHT="39" WIDTH="44" VPOS="1897" HPOS="1878"/>
<SP HEIGHT="42" WIDTH="32" VPOS="1888" HPOS="1923"/>
<String CONTENT="111-114." HEIGHT="42" WIDTH="220" VPOS="1887" HPOS="1956"/>
</TextLine>
<TextLine HEIGHT="54" WIDTH="2012" VPOS="1943" HPOS="360">
<String CONTENT="&#169;" HEIGHT="54" WIDTH="53" VPOS="1943" HPOS="360"/>
<SP HEIGHT="54" WIDTH="27" VPOS="1943" HPOS="414"/>
<String CONTENT="June" HEIGHT="39" WIDTH="130" VPOS="1949" HPOS="442"/>
<SP HEIGHT="40" WIDTH="21" VPOS="1948" HPOS="573"/>
<String CONTENT="17," HEIGHT="48" WIDTH="71" VPOS="1948" HPOS="595"/>
<SP HEIGHT="49" WIDTH="26" VPOS="1947" HPOS="667"/>
<String CONTENT="1936;" HEIGHT="48" WIDTH="141" VPOS="1946" HPOS="694"/>
<SP HEIGHT="46" WIDTH="27" VPOS="1948" HPOS="836"/>
<String CONTENT="2c." HEIGHT="40" WIDTH="69" VPOS="1948" HPOS="864"/>
<SP HEIGHT="31" WIDTH="27" VPOS="1957" HPOS="934"/>
<String CONTENT="and" HEIGHT="41" WIDTH="97" VPOS="1948" HPOS="962"/>
<SP HEIGHT="41" WIDTH="24" VPOS="1948" HPOS="1060"/>
<String CONTENT="aff." HEIGHT="44" WIDTH="83" VPOS="1947" HPOS="1085"/>
<SP HEIGHT="43" WIDTH="27" VPOS="1948" HPOS="1169"/>
<String CONTENT="June" HEIGHT="40" WIDTH="129" VPOS="1948" HPOS="1197"/>
<SP HEIGHT="40" WIDTH="23" VPOS="1948" HPOS="1327"/>
<String CONTENT="25;" HEIGHT="46" WIDTH="83" VPOS="1948" HPOS="1351"/>
<SP HEIGHT="47" WIDTH="28" VPOS="1947" HPOS="1435"/>
<!-- cceid A03E3BCB-6E3A-1014-83DD-942C093A1DD9 --><String CONTENT="A" HEIGHT="40" WIDTH="41" VPOS="1947" HPOS="1464"/>
<SP HEIGHT="41" WIDTH="24" VPOS="1946" HPOS="1506"/>
<String CONTENT="95825;" HEIGHT="47" WIDTH="172" VPOS="1946" HPOS="1531"/>
<SP HEIGHT="45" WIDTH="29" VPOS="1948" HPOS="1704"/>
<String CONTENT="Longmans," HEIGHT="48" WIDTH="291" VPOS="1948" HPOS="1734"/>
<SP HEIGHT="48" WIDTH="28" VPOS="1948" HPOS="2026"/>
<String CONTENT="Green" HEIGHT="41" WIDTH="157" VPOS="1948" HPOS="2055"/>
<SP HEIGHT="40" WIDTH="27" VPOS="1948" HPOS="2213"/>
<String CONTENT="&amp;" HEIGHT="40" WIDTH="37" VPOS="1948" HPOS="2241"/>
<SP HEIGHT="41" WIDTH="24" VPOS="1948" HPOS="2279"/>
<String CONTENT="co." HEIGHT="32" WIDTH="68" VPOS="1957" HPOS="2304"/>
</TextLine>
<TextLine HEIGHT="49" WIDTH="282" VPOS="2004" HPOS="441">
<String CONTENT="(36-14128)" HEIGHT="49" WIDTH="282" VPOS="2004" HPOS="441"/>
</TextLine>
<TextLine HEIGHT="148" WIDTH="1991" VPOS="2107" HPOS="359" STYLEREFS="StyleId-446E9F54-CD63-4709-8ABA-555AE005E62E-" CS="1">
<String CONTENT="The" HEIGHT="53" WIDTH="122" VPOS="2109" HPOS="359"/>
<SP HEIGHT="54" WIDTH="32" VPOS="2109" HPOS="482"/>
<String CONTENT="World" HEIGHT="56" WIDTH="200" VPOS="2107" HPOS="515"/>
<SP HEIGHT="54" WIDTH="32" VPOS="2108" HPOS="716"/>
<String CONTENT="book" HEIGHT="53" WIDTH="147" VPOS="2108" HPOS="749"/>
<SP HEIGHT="54" WIDTH="31" VPOS="2108" HPOS="897"/>
<String CONTENT="encyclopedia;" HEIGHT="69" WIDTH="431" VPOS="2107" HPOS="929"/>
<SP HEIGHT="48" WIDTH="36" VPOS="2127" HPOS="1361"/>
<String CONTENT="modern," HEIGHT="68" WIDTH="254" VPOS="2109" HPOS="1398"/>
<SP HEIGHT="49" WIDTH="32" VPOS="2128" HPOS="1653"/>
<String CONTENT="pictorial," HEIGHT="69" WIDTH="287" VPOS="2108" HPOS="1686"/>
<SP HEIGHT="50" WIDTH="34" VPOS="2127" HPOS="1974"/>
<String CONTENT="comprehensive" HEIGHT="131" WIDTH="1920" VPOS="2109" HPOS="430"/>
<SP/>
<String CS="1" CONTENT="&#8230;"/>
<SP HEIGHT="55" WIDTH="81" VPOS="2186" HPOS="640"/>
<String CONTENT="Chicago," HEIGHT="68" WIDTH="271" VPOS="2186" HPOS="722"/>
<SP HEIGHT="66" WIDTH="24" VPOS="2188" HPOS="994"/>
<String CONTENT="W." HEIGHT="54" WIDTH="91" VPOS="2188" HPOS="1019"/>
<SP HEIGHT="51" WIDTH="32" VPOS="2189" HPOS="1111"/>
<String CONTENT="F." HEIGHT="51" WIDTH="65" VPOS="2189" HPOS="1144"/>
<SP HEIGHT="63" WIDTH="31" VPOS="2187" HPOS="1210"/>
<String CONTENT="Quarrie" HEIGHT="64" WIDTH="246" VPOS="2186" HPOS="1242"/>
<SP HEIGHT="49" WIDTH="27" VPOS="2191" HPOS="1489"/>
<String CONTENT="&amp;" HEIGHT="49" WIDTH="46" VPOS="2191" HPOS="1517"/>
<SP HEIGHT="49" WIDTH="27" VPOS="2191" HPOS="1564"/>
<String CONTENT="company" HEIGHT="50" WIDTH="280" VPOS="2205" HPOS="1592"/>
<SP HEIGHT="49" WIDTH="35" VPOS="2206" HPOS="1873"/>
<String CS="1" CONTENT="[c1936]"/>
</TextLine>
<TextLine HEIGHT="51" WIDTH="1942" VPOS="2259" HPOS="430" CS="1">
<String CONTENT="19" HEIGHT="41" WIDTH="57" VPOS="2260" HPOS="430"/>
<SP HEIGHT="41" WIDTH="35" VPOS="2260" HPOS="488"/>
<String CS="1" CONTENT="v." HEIGHT="7" WIDTH="8" VPOS="2292" HPOS="558"/>
<SP HEIGHT="40" WIDTH="67" VPOS="2260" HPOS="567"/>
<String CONTENT="illus.," HEIGHT="49" WIDTH="146" VPOS="2260" HPOS="635"/>
<SP HEIGHT="38" WIDTH="36" VPOS="2271" HPOS="782"/>
<String CONTENT="plates" HEIGHT="48" WIDTH="161" VPOS="2261" HPOS="819"/>
<SP HEIGHT="48" WIDTH="48" VPOS="2260" HPOS="981"/>
<String CONTENT="(part" HEIGHT="49" WIDTH="137" VPOS="2260" HPOS="1030"/>
<SP HEIGHT="38" WIDTH="37" VPOS="2262" HPOS="1168"/>
<String CONTENT="col.)" HEIGHT="47" WIDTH="112" VPOS="2261" HPOS="1206"/>
<SP HEIGHT="48" WIDTH="48" VPOS="2261" HPOS="1319"/>
<String CONTENT="ports.," HEIGHT="48" WIDTH="165" VPOS="2262" HPOS="1368"/>
<SP HEIGHT="39" WIDTH="41" VPOS="2271" HPOS="1534"/>
<String CONTENT="maps" HEIGHT="38" WIDTH="138" VPOS="2271" HPOS="1576"/>
<SP HEIGHT="48" WIDTH="49" VPOS="2262" HPOS="1715"/>
<String CONTENT="(part" HEIGHT="48" WIDTH="134" VPOS="2262" HPOS="1765"/>
<SP HEIGHT="40" WIDTH="41" VPOS="2260" HPOS="1900"/>
<String CONTENT="double)" HEIGHT="49" WIDTH="200" VPOS="2260" HPOS="1942"/>
<SP HEIGHT="48" WIDTH="48" VPOS="2261" HPOS="2143"/>
<String CONTENT="diagrs." HEIGHT="49" WIDTH="180" VPOS="2259" HPOS="2192"/>
</TextLine>
<TextLine HEIGHT="40" WIDTH="148" VPOS="2319" HPOS="358" CS="1">
<String CS="1" CONTENT="25&#189;cm." HEIGHT="40" WIDTH="148" VPOS="2319" HPOS="358"/>
</TextLine>
<TextLine HEIGHT="49" WIDTH="551" VPOS="2373" HPOS="431">
<String CONTENT="Paged" HEIGHT="47" WIDTH="162" VPOS="2375" HPOS="431"/>
<SP HEIGHT="39" WIDTH="29" VPOS="2375" HPOS="594"/>
<String CONTENT="continuously." HEIGHT="49" WIDTH="358" VPOS="2373" HPOS="624"/>
</TextLine>
<TextLine HEIGHT="50" WIDTH="912" VPOS="2430" HPOS="432">
<String CONTENT="Revision" HEIGHT="40" WIDTH="234" VPOS="2431" HPOS="432"/>
<SP HEIGHT="30" WIDTH="32" VPOS="2441" HPOS="667"/>
<String CONTENT="editor," HEIGHT="49" WIDTH="172" VPOS="2431" HPOS="700"/>
<SP HEIGHT="48" WIDTH="35" VPOS="2432" HPOS="873"/>
<String LANG="fi" CONTENT="S." HEIGHT="40" WIDTH="44" VPOS="2432" HPOS="909"/>
<SP HEIGHT="39" WIDTH="28" VPOS="2433" HPOS="954"/>
<String CONTENT="E." HEIGHT="38" WIDTH="53" VPOS="2433" HPOS="983"/>
<SP HEIGHT="39" WIDTH="33" VPOS="2432" HPOS="1037"/>
<String CONTENT="Farquhar." HEIGHT="49" WIDTH="273" VPOS="2430" HPOS="1071"/>
</TextLine>
<TextLine HEIGHT="48" WIDTH="960" VPOS="2487" HPOS="431">
<String CONTENT="Vol." HEIGHT="41" WIDTH="103" VPOS="2489" HPOS="431"/>
<SP HEIGHT="41" WIDTH="28" VPOS="2489" HPOS="535"/>
<String CONTENT="19:" HEIGHT="41" WIDTH="83" VPOS="2488" HPOS="564"/>
<SP HEIGHT="41" WIDTH="31" VPOS="2488" HPOS="648"/>
<String CONTENT="Reading" HEIGHT="48" WIDTH="223" VPOS="2487" HPOS="680"/>
<SP HEIGHT="37" WIDTH="26" VPOS="2498" HPOS="904"/>
<String CONTENT="and" HEIGHT="39" WIDTH="96" VPOS="2488" HPOS="931"/>
<SP HEIGHT="39" WIDTH="29" VPOS="2488" HPOS="1028"/>
<String CONTENT="study" HEIGHT="47" WIDTH="146" VPOS="2488" HPOS="1058"/>
<SP HEIGHT="38" WIDTH="28" VPOS="2497" HPOS="1205"/>
<String CONTENT="guide." HEIGHT="48" WIDTH="157" VPOS="2487" HPOS="1234"/>
</TextLine>
<TextLine HEIGHT="109" WIDTH="2014" VPOS="2541" HPOS="358" CS="1">
<String CONTENT="&#8220;The" HEIGHT="39" WIDTH="130" VPOS="2545" HPOS="432"/>
<SP HEIGHT="40" WIDTH="26" VPOS="2546" HPOS="563"/>
<String CONTENT="World" HEIGHT="41" WIDTH="170" VPOS="2545" HPOS="590"/>
<SP HEIGHT="39" WIDTH="26" VPOS="2545" HPOS="761"/>
<String CONTENT="book" HEIGHT="41" WIDTH="125" VPOS="2545" HPOS="788"/>
<SP HEIGHT="38" WIDTH="27" VPOS="2545" HPOS="914"/>
<String CONTENT="encyclopedia" HEIGHT="48" WIDTH="346" VPOS="2544" HPOS="942"/>
<SP HEIGHT="40" WIDTH="23" VPOS="2543" HPOS="1289"/>
<String CS="1" CONTENT="bibliography;" HEIGHT="50" WIDTH="339" VPOS="2541" HPOS="1313"/>
<SP HEIGHT="36" WIDTH="35" VPOS="2554" HPOS="1680"/>
<String CONTENT="a" HEIGHT="28" WIDTH="22" VPOS="2554" HPOS="1716"/>
<SP HEIGHT="39" WIDTH="37" VPOS="2543" HPOS="1739"/>
<String CONTENT="list" HEIGHT="40" WIDTH="83" VPOS="2543" HPOS="1777"/>
<SP HEIGHT="40" WIDTH="30" VPOS="2544" HPOS="1861"/>
<String CONTENT="of" HEIGHT="41" WIDTH="52" VPOS="2543" HPOS="1892"/>
<SP HEIGHT="40" WIDTH="28" VPOS="2543" HPOS="1945"/>
<String CONTENT="books" HEIGHT="40" WIDTH="149" VPOS="2543" HPOS="1974"/>
<SP HEIGHT="40" WIDTH="30" VPOS="2543" HPOS="2124"/>
<String CONTENT="for" HEIGHT="39" WIDTH="79" VPOS="2543" HPOS="2155"/>
<SP HEIGHT="29" WIDTH="29" VPOS="2554" HPOS="2235"/>
<String CONTENT="supplementary" HEIGHT="98" WIDTH="1996" VPOS="2552" HPOS="358"/>
<SP HEIGHT="37" WIDTH="22" VPOS="2612" HPOS="667"/>
<String CONTENT="reading," HEIGHT="48" WIDTH="218" VPOS="2601" HPOS="690"/>
<SP HEIGHT="38" WIDTH="23" VPOS="2611" HPOS="909"/>
<String CONTENT="compiled" HEIGHT="49" WIDTH="238" VPOS="2600" HPOS="933"/>
<SP HEIGHT="39" WIDTH="22" VPOS="2601" HPOS="1172"/>
<String CONTENT="by" HEIGHT="47" WIDTH="61" VPOS="2601" HPOS="1195"/>
<SP HEIGHT="47" WIDTH="23" VPOS="2601" HPOS="1257"/>
<String CONTENT="James" HEIGHT="40" WIDTH="167" VPOS="2601" HPOS="1281"/>
<SP HEIGHT="40" WIDTH="24" VPOS="2601" HPOS="1449"/>
<String CONTENT="G." HEIGHT="40" WIDTH="53" VPOS="2601" HPOS="1474"/>
<SP HEIGHT="41" WIDTH="22" VPOS="2600" HPOS="1528"/>
<String CONTENT="Hodgson," HEIGHT="50" WIDTH="246" VPOS="2599" HPOS="1551"/>
<SP HEIGHT="39" WIDTH="26" VPOS="2610" HPOS="1798"/>
<String CONTENT="assisted" HEIGHT="41" WIDTH="212" VPOS="2599" HPOS="1825"/>
<SP HEIGHT="40" WIDTH="24" VPOS="2600" HPOS="2038"/>
<String CONTENT="by" HEIGHT="48" WIDTH="62" VPOS="2600" HPOS="2063"/>
<SP HEIGHT="46" WIDTH="23" VPOS="2602" HPOS="2126"/>
<String CONTENT="Mary" HEIGHT="46" WIDTH="142" VPOS="2602" HPOS="2150"/>
<SP HEIGHT="47" WIDTH="24" VPOS="2601" HPOS="2293"/>
<String CONTENT="E." HEIGHT="40" WIDTH="54" VPOS="2601" HPOS="2318"/>
</TextLine>
<TextLine HEIGHT="49" WIDTH="1320" VPOS="2657" HPOS="361">
<String CONTENT="Foster&#8221;" HEIGHT="41" WIDTH="202" VPOS="2658" HPOS="361"/>
<SP HEIGHT="48" WIDTH="38" VPOS="2658" HPOS="564"/>
<String CONTENT="(19" HEIGHT="48" WIDTH="79" VPOS="2658" HPOS="603"/>
<SP HEIGHT="48" WIDTH="25" VPOS="2658" HPOS="683"/>
<String CONTENT="p." HEIGHT="38" WIDTH="45" VPOS="2668" HPOS="709"/>
<SP HEIGHT="31" WIDTH="27" VPOS="2668" HPOS="755"/>
<String CONTENT="at" HEIGHT="39" WIDTH="51" VPOS="2659" HPOS="783"/>
<SP HEIGHT="39" WIDTH="26" VPOS="2659" HPOS="835"/>
<String CONTENT="end" HEIGHT="40" WIDTH="93" VPOS="2658" HPOS="862"/>
<SP HEIGHT="39" WIDTH="27" VPOS="2658" HPOS="956"/>
<String CONTENT="of" HEIGHT="38" WIDTH="53" VPOS="2658" HPOS="984"/>
<SP HEIGHT="39" WIDTH="24" VPOS="2658" HPOS="1038"/>
<String CONTENT="v." HEIGHT="29" WIDTH="43" VPOS="2668" HPOS="1063"/>
<SP HEIGHT="38" WIDTH="27" VPOS="2658" HPOS="1107"/>
<String CONTENT="18)" HEIGHT="48" WIDTH="81" VPOS="2658" HPOS="1135"/>
<SP HEIGHT="49" WIDTH="34" VPOS="2657" HPOS="1217"/>
<String CONTENT="has" HEIGHT="40" WIDTH="91" VPOS="2657" HPOS="1252"/>
<SP HEIGHT="30" WIDTH="27" VPOS="2667" HPOS="1344"/>
<String CONTENT="special" HEIGHT="48" WIDTH="184" VPOS="2657" HPOS="1372"/>
<SP HEIGHT="40" WIDTH="25" VPOS="2657" HPOS="1557"/>
<String CONTENT="t.-p." HEIGHT="46" WIDTH="98" VPOS="2659" HPOS="1583"/>
</TextLine>
<TextLine HEIGHT="53" WIDTH="2011" VPOS="2712" HPOS="362">
<String CONTENT="&#169;" HEIGHT="53" WIDTH="53" VPOS="2712" HPOS="362"/>
<SP HEIGHT="53" WIDTH="35" VPOS="2712" HPOS="416"/>
<String CONTENT="July" HEIGHT="47" WIDTH="116" VPOS="2716" HPOS="452"/>
<SP HEIGHT="48" WIDTH="33" VPOS="2715" HPOS="569"/>
<String CONTENT="13," HEIGHT="48" WIDTH="71" VPOS="2715" HPOS="603"/>
<SP HEIGHT="47" WIDTH="34" VPOS="2716" HPOS="675"/>
<String CONTENT="1936;" HEIGHT="49" WIDTH="142" VPOS="2714" HPOS="710"/>
<SP HEIGHT="49" WIDTH="36" VPOS="2714" HPOS="853"/>
<String CONTENT="2c." HEIGHT="41" WIDTH="68" VPOS="2714" HPOS="890"/>
<SP HEIGHT="40" WIDTH="36" VPOS="2715" HPOS="959"/>
<String CONTENT="June" HEIGHT="40" WIDTH="126" VPOS="2715" HPOS="996"/>
<SP HEIGHT="39" WIDTH="33" VPOS="2715" HPOS="1123"/>
<String CONTENT="27;" HEIGHT="46" WIDTH="83" VPOS="2715" HPOS="1157"/>
<SP HEIGHT="37" WIDTH="38" VPOS="2724" HPOS="1241"/>
<String CONTENT="aff." HEIGHT="42" WIDTH="82" VPOS="2713" HPOS="1280"/>
<SP HEIGHT="41" WIDTH="38" VPOS="2714" HPOS="1363"/>
<String CONTENT="July" HEIGHT="48" WIDTH="117" VPOS="2713" HPOS="1402"/>
<SP HEIGHT="48" WIDTH="33" VPOS="2713" HPOS="1520"/>
<String CONTENT="22;" HEIGHT="48" WIDTH="84" VPOS="2713" HPOS="1554"/>
<SP HEIGHT="48" WIDTH="34" VPOS="2713" HPOS="1639"/>
<!-- cceid A03EB140-6E3A-1014-83DD-942C093A1DD9 --><String CONTENT="A" HEIGHT="40" WIDTH="43" VPOS="2713" HPOS="1674"/>
<SP HEIGHT="41" WIDTH="32" VPOS="2712" HPOS="1718"/>
<String CONTENT="95845;" HEIGHT="48" WIDTH="171" VPOS="2712" HPOS="1751"/>
<SP HEIGHT="47" WIDTH="37" VPOS="2713" HPOS="1923"/>
<String CONTENT="W." HEIGHT="41" WIDTH="74" VPOS="2713" HPOS="1961"/>
<SP HEIGHT="41" WIDTH="37" VPOS="2713" HPOS="2036"/>
<String CONTENT="F." HEIGHT="41" WIDTH="51" VPOS="2713" HPOS="2074"/>
<SP HEIGHT="49" WIDTH="38" VPOS="2712" HPOS="2126"/>
<String CONTENT="Quarrie" HEIGHT="49" WIDTH="208" VPOS="2712" HPOS="2165"/>
</TextLine>
<TextLine HEIGHT="53" WIDTH="1709" VPOS="2769" HPOS="431">
<String CONTENT="&amp;" HEIGHT="39" WIDTH="36" VPOS="2773" HPOS="431"/>
<SP HEIGHT="39" WIDTH="29" VPOS="2773" HPOS="468"/>
<String CONTENT="co." HEIGHT="32" WIDTH="68" VPOS="2782" HPOS="498"/>
<SP HEIGHT="30" WIDTH="63" VPOS="2792" HPOS="567"/>
<String CONTENT="[Copyright" HEIGHT="52" WIDTH="282" VPOS="2770" HPOS="631"/>
<SP HEIGHT="40" WIDTH="31" VPOS="2771" HPOS="914"/>
<String CONTENT="is" HEIGHT="41" WIDTH="42" VPOS="2771" HPOS="946"/>
<SP HEIGHT="31" WIDTH="30" VPOS="2781" HPOS="989"/>
<String CONTENT="claimed" HEIGHT="41" WIDTH="207" VPOS="2770" HPOS="1020"/>
<SP HEIGHT="39" WIDTH="31" VPOS="2771" HPOS="1228"/>
<String CONTENT="on" HEIGHT="29" WIDTH="62" VPOS="2781" HPOS="1260"/>
<SP HEIGHT="29" WIDTH="30" VPOS="2781" HPOS="1323"/>
<String CONTENT="revisions" HEIGHT="41" WIDTH="240" VPOS="2769" HPOS="1354"/>
<SP HEIGHT="30" WIDTH="32" VPOS="2779" HPOS="1595"/>
<String CONTENT="and" HEIGHT="39" WIDTH="95" VPOS="2770" HPOS="1628"/>
<SP HEIGHT="39" WIDTH="32" VPOS="2770" HPOS="1724"/>
<String CONTENT="new" HEIGHT="30" WIDTH="107" VPOS="2779" HPOS="1757"/>
<SP HEIGHT="28" WIDTH="30" VPOS="2780" HPOS="1865"/>
<String CONTENT="material]" HEIGHT="51" WIDTH="244" VPOS="2769" HPOS="1896"/>
</TextLine>
<TextLine HEIGHT="50" WIDTH="283" VPOS="2828" HPOS="441">
<String CONTENT="(36-13969)" HEIGHT="50" WIDTH="283" VPOS="2828" HPOS="441"/>
</TextLine>
<TextLine HEIGHT="66" WIDTH="1031" VPOS="2930" HPOS="359" STYLEREFS="StyleId-3B3E3D81-102D-4D30-AEF4-B6EA3EF6B24E-">
<String LANG="de" CONTENT="Wormser," HEIGHT="64" WIDTH="321" VPOS="2932" HPOS="359"/>
<SP HEIGHT="64" WIDTH="26" VPOS="2932" HPOS="681"/>
<String LANG="en-US" CONTENT="Isaac" HEIGHT="53" WIDTH="171" VPOS="2932" HPOS="708"/>
<SP HEIGHT="54" WIDTH="22" VPOS="2931" HPOS="880"/>
<String LANG="en-US" CONTENT="Maurice," HEIGHT="64" WIDTH="282" VPOS="2930" HPOS="903"/>
<SP HEIGHT="58" WIDTH="31" VPOS="2936" HPOS="1186"/>
<String LANG="en-US" CONTENT="1887-" HEIGHT="55" WIDTH="172" VPOS="2932" HPOS="1218"/>
</TextLine>
<TextLine HEIGHT="68" WIDTH="1844" VPOS="3007" HPOS="528" STYLEREFS="StyleId-446E9F54-CD63-4709-8ABA-555AE005E62E-" CS="1">
<String CS="1" CONTENT="&#8230;"/>
<SP/>
<String CONTENT="Illustrative" HEIGHT="54" WIDTH="363" VPOS="3008" HPOS="528"/>
<SP HEIGHT="35" WIDTH="23" VPOS="3026" HPOS="892"/>
<String CONTENT="cases" HEIGHT="36" WIDTH="152" VPOS="3027" HPOS="916"/>
<SP HEIGHT="37" WIDTH="24" VPOS="3026" HPOS="1069"/>
<String CONTENT="on" HEIGHT="34" WIDTH="73" VPOS="3026" HPOS="1094"/>
<SP HEIGHT="34" WIDTH="24" VPOS="3026" HPOS="1168"/>
<String CONTENT="corporations," HEIGHT="68" WIDTH="412" VPOS="3007" HPOS="1193"/>
<SP HEIGHT="65" WIDTH="18" VPOS="3008" HPOS="1606"/>
<String CONTENT="by" HEIGHT="67" WIDTH="75" VPOS="3008" HPOS="1625"/>
<SP HEIGHT="67" WIDTH="25" VPOS="3008" HPOS="1701"/>
<String CONTENT="I." HEIGHT="51" WIDTH="47" VPOS="3008" HPOS="1727"/>
<SP HEIGHT="52" WIDTH="25" VPOS="3007" HPOS="1775"/>
<String CONTENT="Maurice" HEIGHT="53" WIDTH="256" VPOS="3007" HPOS="1801"/>
<SP HEIGHT="54" WIDTH="24" VPOS="3007" HPOS="2058"/>
<String LANG="de" CONTENT="Wormser" HEIGHT="54" WIDTH="289" VPOS="3007" HPOS="2083"/>
</TextLine>
<TextLine HEIGHT="70" WIDTH="1945" VPOS="3084" HPOS="426" STYLEREFS="StyleId-446E9F54-CD63-4709-8ABA-555AE005E62E-" CS="1">
<String LANG="de" CS="1" CONTENT="&#8230;"/>
<SP HEIGHT="50" WIDTH="74" VPOS="3090" HPOS="426"/>
<String CONTENT="2d" HEIGHT="53" WIDTH="72" VPOS="3087" HPOS="501"/>
<SP HEIGHT="53" WIDTH="37" VPOS="3087" HPOS="574"/>
<String CONTENT="ed." HEIGHT="52" WIDTH="85" VPOS="3087" HPOS="612"/>
<SP HEIGHT="52" WIDTH="71" VPOS="3087" HPOS="698"/>
<String CONTENT="By" HEIGHT="67" WIDTH="91" VPOS="3087" HPOS="770"/>
<SP HEIGHT="68" WIDTH="35" VPOS="3086" HPOS="862"/>
<String CONTENT="Robert" HEIGHT="54" WIDTH="217" VPOS="3086" HPOS="898"/>
<SP HEIGHT="56" WIDTH="35" VPOS="3084" HPOS="1116"/>
<String CONTENT="S." HEIGHT="56" WIDTH="56" VPOS="3084" HPOS="1152"/>
<SP HEIGHT="56" WIDTH="39" VPOS="3084" HPOS="1209"/>
<String CONTENT="Stevens" HEIGHT="56" WIDTH="236" VPOS="3084" HPOS="1249"/>
<SP/>
<String CS="1" CONTENT="&#8230;"/>
<SP HEIGHT="54" WIDTH="75" VPOS="3085" HPOS="1582"/>
<String CONTENT="A" HEIGHT="52" WIDTH="55" VPOS="3085" HPOS="1658"/>
<SP HEIGHT="53" WIDTH="34" VPOS="3085" HPOS="1714"/>
<String CONTENT="companion" HEIGHT="67" WIDTH="342" VPOS="3086" HPOS="1749"/>
<SP HEIGHT="52" WIDTH="37" VPOS="3086" HPOS="2092"/>
<String CONTENT="book" HEIGHT="53" WIDTH="147" VPOS="3085" HPOS="2130"/>
<SP HEIGHT="52" WIDTH="34" VPOS="3085" HPOS="2278"/>
<String CONTENT="to" HEIGHT="48" WIDTH="58" VPOS="3091" HPOS="2313"/>
</TextLine>
<TextLine HEIGHT="70" WIDTH="2006" VPOS="3163" HPOS="367" STYLEREFS="StyleId-446E9F54-CD63-4709-8ABA-555AE005E62E-">
<String CONTENT="Stevens" HEIGHT="56" WIDTH="237" VPOS="3164" HPOS="367"/>
<SP HEIGHT="36" WIDTH="41" VPOS="3183" HPOS="605"/>
<String CONTENT="on" HEIGHT="35" WIDTH="73" VPOS="3183" HPOS="647"/>
<SP HEIGHT="36" WIDTH="41" VPOS="3184" HPOS="721"/>
<String CONTENT="corporations." HEIGHT="70" WIDTH="410" VPOS="3163" HPOS="763"/>
<SP HEIGHT="56" WIDTH="81" VPOS="3163" HPOS="1174"/>
<String CONTENT="St." HEIGHT="56" WIDTH="83" VPOS="3163" HPOS="1256"/>
<SP HEIGHT="51" WIDTH="43" VPOS="3165" HPOS="1340"/>
<String CONTENT="Paul," HEIGHT="66" WIDTH="166" VPOS="3165" HPOS="1384"/>
<SP HEIGHT="66" WIDTH="41" VPOS="3165" HPOS="1551"/>
<String CONTENT="Minn.," HEIGHT="69" WIDTH="203" VPOS="3163" HPOS="1593"/>
<SP HEIGHT="67" WIDTH="40" VPOS="3165" HPOS="1797"/>
<String CONTENT="West" HEIGHT="53" WIDTH="160" VPOS="3165" HPOS="1838"/>
<SP HEIGHT="64" WIDTH="40" VPOS="3169" HPOS="1999"/>
<String CONTENT="publishing" HEIGHT="70" WIDTH="333" VPOS="3163" HPOS="2040"/>
</TextLine>
<TextLine HEIGHT="64" WIDTH="288" VPOS="3246" HPOS="364" STYLEREFS="StyleId-446E9F54-CD63-4709-8ABA-555AE005E62E-">
<String CONTENT="co.," HEIGHT="48" WIDTH="98" VPOS="3262" HPOS="364"/>
<SP HEIGHT="64" WIDTH="36" VPOS="3246" HPOS="463"/>
<String CONTENT="1936." HEIGHT="50" WIDTH="152" VPOS="3246" HPOS="500"/>
</TextLine>
<TextLine HEIGHT="49" WIDTH="1206" VPOS="3316" HPOS="435" CS="1">
<String CONTENT="viii," HEIGHT="47" WIDTH="101" VPOS="3317" HPOS="435"/>
<SP HEIGHT="46" WIDTH="29" VPOS="3318" HPOS="537"/>
<String CONTENT="483" HEIGHT="41" WIDTH="85" VPOS="3317" HPOS="567"/>
<SP HEIGHT="47" WIDTH="31" VPOS="3318" HPOS="653"/>
<String CONTENT="p." HEIGHT="37" WIDTH="42" VPOS="3328" HPOS="685"/>
<SP HEIGHT="40" WIDTH="57" VPOS="3317" HPOS="728"/>
<String CS="1" CONTENT="23&#189;cm." HEIGHT="40" WIDTH="147" VPOS="3317" HPOS="786"/>
<SP HEIGHT="49" WIDTH="68" VPOS="3316" HPOS="934"/>
<String CONTENT="(Hornbook" HEIGHT="49" WIDTH="289" VPOS="3316" HPOS="1003"/>
<SP HEIGHT="39" WIDTH="31" VPOS="3317" HPOS="1293"/>
<String CONTENT="case" HEIGHT="31" WIDTH="109" VPOS="3326" HPOS="1325"/>
<SP HEIGHT="30" WIDTH="29" VPOS="3326" HPOS="1435"/>
<String CONTENT="series)" HEIGHT="47" WIDTH="176" VPOS="3316" HPOS="1465"/>
</TextLine>
<TextLine HEIGHT="50" WIDTH="776" VPOS="3372" HPOS="437">
<String CONTENT="&#8220;Table" HEIGHT="40" WIDTH="177" VPOS="3374" HPOS="437"/>
<SP HEIGHT="30" WIDTH="25" VPOS="3384" HPOS="615"/>
<String CONTENT="of" HEIGHT="40" WIDTH="53" VPOS="3374" HPOS="641"/>
<SP HEIGHT="39" WIDTH="24" VPOS="3374" HPOS="695"/>
<String CONTENT="cases&#8221;" HEIGHT="42" WIDTH="164" VPOS="3372" HPOS="720"/>
<SP HEIGHT="41" WIDTH="18" VPOS="3372" HPOS="885"/>
<String CONTENT=":" HEIGHT="29" WIDTH="8" VPOS="3384" HPOS="904"/>
<SP HEIGHT="38" WIDTH="29" VPOS="3384" HPOS="913"/>
<String CONTENT="p." HEIGHT="37" WIDTH="42" VPOS="3385" HPOS="943"/>
<SP HEIGHT="29" WIDTH="25" VPOS="3385" HPOS="986"/>
<String CONTENT="vii-viii." HEIGHT="41" WIDTH="201" VPOS="3372" HPOS="1012"/>
</TextLine>
<TextLine HEIGHT="53" WIDTH="1781" VPOS="3426" HPOS="362" CS="1">
<String CONTENT="&#169;" HEIGHT="53" WIDTH="54" VPOS="3426" HPOS="362"/>
<SP HEIGHT="53" WIDTH="29" VPOS="3426" HPOS="417"/>
<String CONTENT="May" HEIGHT="44" WIDTH="112" VPOS="3432" HPOS="447"/>
<SP HEIGHT="45" WIDTH="29" VPOS="3431" HPOS="560"/>
<String CONTENT="23," HEIGHT="47" WIDTH="69" VPOS="3431" HPOS="590"/>
<SP HEIGHT="48" WIDTH="32" VPOS="3430" HPOS="660"/>
<String CS="1" CONTENT="1936;" HEIGHT="40" WIDTH="117" VPOS="3430" HPOS="693"/>
<SP HEIGHT="47" WIDTH="32" VPOS="3430" HPOS="835"/>
<String CONTENT="2c." HEIGHT="39" WIDTH="65" VPOS="3430" HPOS="868"/>
<SP HEIGHT="29" WIDTH="31" VPOS="3440" HPOS="934"/>
<String CONTENT="and" HEIGHT="39" WIDTH="97" VPOS="3430" HPOS="966"/>
<SP HEIGHT="40" WIDTH="30" VPOS="3430" HPOS="1064"/>
<String CONTENT="aff." HEIGHT="41" WIDTH="82" VPOS="3429" HPOS="1095"/>
<SP HEIGHT="40" WIDTH="33" VPOS="3430" HPOS="1178"/>
<String CONTENT="June" HEIGHT="39" WIDTH="126" VPOS="3430" HPOS="1212"/>
<SP HEIGHT="39" WIDTH="30" VPOS="3430" HPOS="1339"/>
<String CONTENT="15;" HEIGHT="47" WIDTH="82" VPOS="3430" HPOS="1370"/>
<SP HEIGHT="47" WIDTH="33" VPOS="3430" HPOS="1453"/>
<!-- cceid A03F22E1-6E3A-1014-83DD-942C093A1DD9 --><String CONTENT="A" HEIGHT="39" WIDTH="40" VPOS="3430" HPOS="1487"/>
<SP HEIGHT="41" WIDTH="30" VPOS="3429" HPOS="1528"/>
<String CONTENT="94982;" HEIGHT="48" WIDTH="171" VPOS="3428" HPOS="1559"/>
<SP HEIGHT="46" WIDTH="34" VPOS="3430" HPOS="1731"/>
<String CONTENT="West" HEIGHT="41" WIDTH="136" VPOS="3430" HPOS="1766"/>
<SP HEIGHT="48" WIDTH="29" VPOS="3430" HPOS="1903"/>
<String CONTENT="pub." HEIGHT="48" WIDTH="110" VPOS="3430" HPOS="1933"/>
<SP HEIGHT="30" WIDTH="31" VPOS="3441" HPOS="2044"/>
<String CONTENT="co." HEIGHT="30" WIDTH="67" VPOS="3440" HPOS="2076"/>
</TextLine>
<TextLine HEIGHT="48" WIDTH="281" VPOS="3487" HPOS="444">
<String CONTENT="(36-13293)" HEIGHT="48" WIDTH="281" VPOS="3487" HPOS="444"/>
</TextLine>
<TextLine HEIGHT="65" WIDTH="670" VPOS="3590" HPOS="363" STYLEREFS="StyleId-3B3E3D81-102D-4D30-AEF4-B6EA3EF6B24E-">
<String CONTENT="Wygant," HEIGHT="64" WIDTH="279" VPOS="3591" HPOS="363"/>
<SP HEIGHT="64" WIDTH="27" VPOS="3591" HPOS="643"/>
<String CONTENT="Elsie" HEIGHT="54" WIDTH="158" VPOS="3590" HPOS="671"/>
<SP HEIGHT="53" WIDTH="25" VPOS="3590" HPOS="830"/>
<String CONTENT="Amy." HEIGHT="64" WIDTH="177" VPOS="3590" HPOS="856"/>
</TextLine>
<TextLine HEIGHT="69" WIDTH="1934" VPOS="3666" HPOS="434" STYLEREFS="StyleId-446E9F54-CD63-4709-8ABA-555AE005E62E-">
<String CONTENT="A" HEIGHT="52" WIDTH="53" VPOS="3668" HPOS="434"/>
<SP HEIGHT="67" WIDTH="37" VPOS="3668" HPOS="488"/>
<String CONTENT="guide" HEIGHT="67" WIDTH="172" VPOS="3668" HPOS="526"/>
<SP HEIGHT="48" WIDTH="33" VPOS="3673" HPOS="699"/>
<String CONTENT="to" HEIGHT="48" WIDTH="60" VPOS="3673" HPOS="733"/>
<SP HEIGHT="35" WIDTH="33" VPOS="3686" HPOS="794"/>
<String CONTENT="reading" HEIGHT="68" WIDTH="241" VPOS="3667" HPOS="828"/>
<SP HEIGHT="69" WIDTH="36" VPOS="3666" HPOS="1070"/>
<String CONTENT="for" HEIGHT="54" WIDTH="95" VPOS="3666" HPOS="1107"/>
<SP HEIGHT="52" WIDTH="35" VPOS="3668" HPOS="1203"/>
<String CONTENT="Texas;" HEIGHT="64" WIDTH="211" VPOS="3668" HPOS="1239"/>
<SP HEIGHT="45" WIDTH="40" VPOS="3687" HPOS="1451"/>
<String CONTENT="a" HEIGHT="33" WIDTH="30" VPOS="3687" HPOS="1492"/>
<SP HEIGHT="53" WIDTH="38" VPOS="3667" HPOS="1523"/>
<String CONTENT="fifth" HEIGHT="53" WIDTH="136" VPOS="3667" HPOS="1562"/>
<SP HEIGHT="52" WIDTH="36" VPOS="3668" HPOS="1699"/>
<String CONTENT="reader," HEIGHT="67" WIDTH="216" VPOS="3668" HPOS="1736"/>
<SP HEIGHT="66" WIDTH="36" VPOS="3669" HPOS="1953"/>
<String CONTENT="by" HEIGHT="66" WIDTH="74" VPOS="3669" HPOS="1990"/>
<SP HEIGHT="67" WIDTH="39" VPOS="3668" HPOS="2065"/>
<String CONTENT="Elsie" HEIGHT="54" WIDTH="157" VPOS="3668" HPOS="2105"/>
<SP HEIGHT="53" WIDTH="33" VPOS="3668" HPOS="2263"/>
<String CONTENT="A." HEIGHT="53" WIDTH="71" VPOS="3668" HPOS="2297"/>
</TextLine>
<TextLine HEIGHT="148" WIDTH="1981" VPOS="3744" HPOS="365" STYLEREFS="StyleId-446E9F54-CD63-4709-8ABA-555AE005E62E-" CS="1">
<String CONTENT="Wygant" HEIGHT="66" WIDTH="251" VPOS="3747" HPOS="365"/>
<SP/>
<String CS="1" CONTENT="&#8230;"/>
<SP HEIGHT="33" WIDTH="33" VPOS="3765" HPOS="711"/>
<String CONTENT="and" HEIGHT="54" WIDTH="113" VPOS="3746" HPOS="745"/>
<SP HEIGHT="54" WIDTH="26" VPOS="3746" HPOS="859"/>
<String CONTENT="Louise" HEIGHT="55" WIDTH="206" VPOS="3745" HPOS="886"/>
<SP HEIGHT="55" WIDTH="27" VPOS="3745" HPOS="1093"/>
<String CONTENT="W." HEIGHT="55" WIDTH="90" VPOS="3745" HPOS="1121"/>
<SP HEIGHT="52" WIDTH="31" VPOS="3746" HPOS="1212"/>
<String CONTENT="Putzke" HEIGHT="54" WIDTH="218" VPOS="3745" HPOS="1244"/>
<SP/>
<String CS="1" CONTENT="&#8230;"/>
<SP HEIGHT="56" WIDTH="80" VPOS="3745" HPOS="1556"/>
<String CONTENT="Chicago," HEIGHT="70" WIDTH="269" VPOS="3744" HPOS="1637"/>
<SP HEIGHT="67" WIDTH="29" VPOS="3747" HPOS="1907"/>
<String CONTENT="Wheeler" HEIGHT="53" WIDTH="262" VPOS="3747" HPOS="1937"/>
<SP HEIGHT="49" WIDTH="31" VPOS="3765" HPOS="2200"/>
<String CONTENT="publishing" HEIGHT="146" WIDTH="1981" VPOS="3746" HPOS="365"/>
<SP HEIGHT="50" WIDTH="29" VPOS="3842" HPOS="581"/>
<String CONTENT="company," HEIGHT="50" WIDTH="299" VPOS="3842" HPOS="611"/>
<SP HEIGHT="64" WIDTH="31" VPOS="3828" HPOS="911"/>
<String CONTENT="1936." HEIGHT="51" WIDTH="150" VPOS="3826" HPOS="943"/>
</TextLine>
<TextLine HEIGHT="49" WIDTH="648" VPOS="3897" HPOS="432" STYLEREFS="StyleId-446E9F54-CD63-4709-8ABA-555AE005E62E-" CS="1">
<String CONTENT="xiv," HEIGHT="45" WIDTH="95" VPOS="3898" HPOS="432"/>
<SP HEIGHT="44" WIDTH="28" VPOS="3899" HPOS="528"/>
<String CONTENT="370" HEIGHT="40" WIDTH="87" VPOS="3898" HPOS="557"/>
<SP HEIGHT="48" WIDTH="28" VPOS="3898" HPOS="645"/>
<String CONTENT="p." HEIGHT="37" WIDTH="41" VPOS="3909" HPOS="674"/>
<SP HEIGHT="39" WIDTH="60" VPOS="3897" HPOS="716"/>
<String CONTENT="illus." HEIGHT="41" WIDTH="126" VPOS="3897" HPOS="777"/>
<SP HEIGHT="40" WIDTH="60" VPOS="3897" HPOS="904"/>
<String CS="1" CONTENT="20cm." HEIGHT="42" WIDTH="115" VPOS="3897" HPOS="965"/>
</TextLine>
<TextLine HEIGHT="50" WIDTH="647" VPOS="3953" HPOS="436">
<String CONTENT="Includes" HEIGHT="39" WIDTH="223" VPOS="3955" HPOS="436"/>
<SP HEIGHT="39" WIDTH="32" VPOS="3955" HPOS="660"/>
<String CONTENT="bibliographies." HEIGHT="50" WIDTH="390" VPOS="3953" HPOS="693"/>
</TextLine>
<TextLine HEIGHT="53" WIDTH="1865" VPOS="4005" HPOS="362">
<String CONTENT="&#169;" HEIGHT="53" WIDTH="54" VPOS="4005" HPOS="362"/>
<SP HEIGHT="53" WIDTH="28" VPOS="4005" HPOS="417"/>
<String CONTENT="June" HEIGHT="39" WIDTH="127" VPOS="4010" HPOS="446"/>
<SP HEIGHT="37" WIDTH="27" VPOS="4012" HPOS="574"/>
<String CONTENT="12," HEIGHT="46" WIDTH="70" VPOS="4010" HPOS="602"/>
<SP HEIGHT="45" WIDTH="30" VPOS="4011" HPOS="673"/>
<String CONTENT="1936;" HEIGHT="48" WIDTH="139" VPOS="4010" HPOS="704"/>
<SP HEIGHT="48" WIDTH="32" VPOS="4010" HPOS="844"/>
<String CONTENT="2c." HEIGHT="40" WIDTH="66" VPOS="4010" HPOS="877"/>
<SP HEIGHT="29" WIDTH="30" VPOS="4021" HPOS="944"/>
<String CONTENT="and" HEIGHT="40" WIDTH="97" VPOS="4010" HPOS="975"/>
<SP HEIGHT="40" WIDTH="28" VPOS="4010" HPOS="1073"/>
<String CONTENT="aff." HEIGHT="41" WIDTH="82" VPOS="4010" HPOS="1102"/>
<SP HEIGHT="41" WIDTH="32" VPOS="4010" HPOS="1185"/>
<String CONTENT="June" HEIGHT="40" WIDTH="127" VPOS="4010" HPOS="1218"/>
<SP HEIGHT="38" WIDTH="28" VPOS="4011" HPOS="1346"/>
<String CONTENT="15;" HEIGHT="42" WIDTH="82" VPOS="4011" HPOS="1375"/>
<SP HEIGHT="42" WIDTH="30" VPOS="4011" HPOS="1458"/>
<!-- cceid A03F9876-6E3A-1014-83DD-942C093A1DD9 --><String CONTENT="A" HEIGHT="39" WIDTH="40" VPOS="4011" HPOS="1489"/>
<SP HEIGHT="41" WIDTH="29" VPOS="4010" HPOS="1530"/>
<String CONTENT="94937;" HEIGHT="49" WIDTH="171" VPOS="4009" HPOS="1560"/>
<SP HEIGHT="47" WIDTH="32" VPOS="4011" HPOS="1732"/>
<String CONTENT="Wheeler" HEIGHT="40" WIDTH="225" VPOS="4010" HPOS="1765"/>
<SP HEIGHT="38" WIDTH="27" VPOS="4020" HPOS="1991"/>
<String CONTENT="pub." HEIGHT="49" WIDTH="110" VPOS="4009" HPOS="2019"/>
<SP HEIGHT="31" WIDTH="28" VPOS="4019" HPOS="2130"/>
<String CONTENT="co." HEIGHT="31" WIDTH="68" VPOS="4019" HPOS="2159"/>
</TextLine>
<TextLine HEIGHT="50" WIDTH="282" VPOS="4065" HPOS="443">
<String CONTENT="(36-13860)" HEIGHT="50" WIDTH="282" VPOS="4065" HPOS="443"/>
</TextLine>
</TextBlock>
</PrintSpace>
</Page>
</Layout>
</alto>