2519 4377
1299 4201 132 49 1202

432 565 102 49 viii,
565 567 70 47 87,
670 567 55 49 [1]
755 577 45 37 p.
858 566 145 49 illus.,
1035 566 182 48 diagrs.
1274 567 60 40 18½
1364 569 44 21 cm
1414 599 8 9 .

365 633 2014 55 © 1c. Aug. 5, 1936; A ad int. 21714; pubd. June 8; Constable & co., ltd.
445 694 284 48 (36-19289)

361 796 376 68 Bichowsky,
765 799 252 55 Francis
1042 799 253 65 Russell,
1326 805 173 50 1889-

435 877 123 53 The
593 877 538 56 thermochemistry
1167 877 66 54 of
1268 878 100 53 the
1405 879 272 53 chemical
1718 878 341 55 substances.
2135 880 120 52 The
363 899 1994 125 assembly

611 955 65 55 of
707 976 29 33 a
768 955 111 55 self
908 956 311 55 consistent
1247 957 156 55 table
1431 957 66 54 of
1527 956 190 56 “best”
1748 959 193 53 values
1973 957 93 55 for
2098 959 94 53 the
2222 959 159 53 heats

365 1035 64 53 of
465 1035 312 54 formation
813 1035 66 54 of
913 1037 97 53 the
1043 1036 273 54 chemical
1353 1037 328 54 substances
1725 1037 226 68 (except
1989 1038 209 52 carbon
367 1057 1991 124 compounds

633 1115 339 68 containing
1010 1132 159 36 more
1209 1116 143 53 than
1394 1120 113 49 two
1550 1116 210 53 carbon
1803 1116 239 68 atoms),
2085 1116 297 68 including

366 1193 158 54 heats
561 1193 65 53 of
660 1193 326 69 transition,
1026 1191 212 71 fusion,
1278 1195 114 53 and
1431 1192 414 70 vaporization.
1922 1196 92 67 By
2053 1196 65 51 F.
2158 1195 224 54 Russell

364 1272 1993 148 Bichowsky … and Frederick D. Rossini … New York, Reinhold publishing corporation, 1936.
431 1425 87 40 460
554 1436 43 38 p.
658 1424 56 41 23½
747 1427 44 21 cm
796 1457 9 8 .

434 1483 103 40 The
564 1485 196 45 present
792 1482 124 41 book
946 1482 42 41 is
1020 1493 27 30 a
1079 1482 235 49 complete
1345 1480 210 43 revision
1586 1483 96 40 and
1716 1483 250 41 extension
2001 1484 52 39 of
2085 1483 81 41 the
2200 1484 180 40 section

361 1550 60 29 on
452 1540 457 47 thermochemistry
936 1539 51 40 in
1015 1539 84 41 the
1127 1538 358 42 International
1518 1539 191 41 critical
1736 1540 168 40 tables,
1967 1540 61 47 cf.
2059 1540 130 41 Pref.

436 1595 350 43 “References”
805 1608 10 30 :
846 1607 42 39 p.
919 1596 219 42 407-457.

366 1664 53 53 ©
445 1668 117 47 July
591 1669 70 46 15,
693 1667 141 48 1936;
866 1668 66 39 2c.
965 1668 96 40 and
1091 1669 83 41 aff.
1207 1668 117 47 July
1354 1669 83 45 18;
1470 1669 41 39 A
1541 1667 172 48 96543;
1746 1667 243 41 Reinhold
2018 1668 111 48 pub.
435 1678 1931 87 corporation.
621 1725 284 41 (36-19013)

362 1827 356 67 Blanchard,
747 1828 235 55 Arthur
1009 1826 325 68 Alphonzo,
1367 1831 173 54 1876-

438 1907 302 68 Synthetic
778 1907 301 68 inorganic
1113 1907 336 68 chemistry;
1492 1925 31 35 a
1563 1924 194 36 course
1796 1905 64 54 of
1898 1906 332 68 laboratory
2270 1908 110 52 and

364 1987 308 54 classroom
706 1986 173 68 study
916 1985 95 54 for
1046 1985 126 54 first
1206 2003 137 50 year
1376 1986 215 67 college
1624 1986 277 67 students,
1936 1986 75 67 by
2047 1986 227 52 Arthur
2310 1986 69 51 A.

368 2063 2015 69 Blanchard … and Joseph W. Phelan … and Arthur R. Davis
366 2140 1991 151 … 5th ed. New York, J. Wiley & sons, inc.; London, Chapman & Hall, limited, 1936.
433 2294 1445 52 2 p. l. , iii-xii, 385 p. illus., 2 diagr. 23½ cm . $3.00
433 2356 174 40 Tables
638 2364 57 31 on
731 2354 361 49 lining-papers.

366 2420 53 53 ©
451 2426 120 46 Aug.
604 2425 71 47 10,
708 2424 141 48 1936;
885 2425 68 41 2c.
988 2425 96 39 and
1117 2424 83 41 aff.
1236 2425 121 46 Aug.
1390 2424 82 46 26;
1509 2424 40 39 A
1581 2423 173 48 97548;
1790 2424 55 40 A.
1880 2424 55 39 A.
1967 2423 283 40 Blanchard
2286 2424 96 39 and

437 2482 189 39 Arthur
670 2482 55 40 R.
768 2481 167 49 Davis,
978 2481 305 48 Cambridge,
1327 2482 162 47 Mass.,
1534 2481 97 39 and
1673 2481 183 39 Robert
1898 2481 59 40 K.
2003 2481 199 49 Phelan,
2246 2482 136 39 West

437 2539 241 47 Medford,
705 2541 147 39 Mass.
918 2538 282 49 (36-19014)

363 2643 222 65 Bloom,
613 2643 239 55 Ursula.

435 2720 122 52 The
599 2719 286 69 laughing
928 2718 165 69 lady;
1143 2737 30 34 a
1217 2719 166 52 novel
1428 2718 70 68 by
1546 2718 215 54 Ursula
1806 2716 220 54 Bloom.
2120 2716 259 67 London,

366 2797 238 65 Collins,
637 2800 150 52 1936.

435 2866 485 53 333, [1] p. 19½ cm .
366 2930 2013 53 © 1c. Aug. 20, 1936 ; A ad int. 21777 ; pubd. June 22 ; Ursula Robinson,
437 2993 214 41 London.
717 2993 282 49 (36-19175)

361 3097 171 64 Burt,
556 3097 259 54 William
840 3098 226 64 Henry.

496 3173 1883 69 … The resident birds of southern Michigan, by William
362 3252 1955 69 Henry Burt … illustrations by George Miksch Sutton …
368 3331 293 68 [Chicago,
688 3333 67 52 R.
784 3333 66 51 R.
880 3332 320 67 Donnelley
1226 3336 45 50 &
1296 3350 128 35 sons
1452 3350 299 50 company,
1780 3334 151 64 1936]

435 3406 70 47 43,
535 3406 53 49 [1]
614 3415 42 37 p.
712 3404 128 40 illus.
894 3405 55 40 23
950 3408 48 20 cm
1003 3437 8 8 .
1076 3404 309 48 (Cranbrook
1409 3404 227 41 institute
1662 3406 52 40 of
1738 3404 200 41 science.
1994 3404 217 40 Bulletin
2238 3415 73 32 no.
2339 3407 39 45 7,

364 3463 139 47 June,
536 3461 141 50 1936)

436 3519 64 40 At
539 3518 128 40 head
707 3518 52 40 of
797 3518 109 42 title
925 3530 8 29 :
977 3518 283 42 Cranbrook
1300 3518 228 40 institute
1568 3518 54 40 of
1661 3517 200 50 science,
1905 3515 285 43 Bloomfield
2233 3517 145 49 Hills,

363 3576 262 47 Michigan.

365 3630 53 52 ©
449 3634 130 39 June
608 3634 70 46 24,
712 3633 141 47 1936;
887 3632 67 41 2c.
985 3633 95 39 and
1115 3633 81 40 aff.
1231 3633 116 47 July
1379 3632 52 48 9;
1467 3633 40 39 A
1540 3631 171 48 96362;
1748 3631 285 42 Cranbrook
2065 3631 231 40 institute
2327 3631 52 40 of

435 3690 200 47 science,
669 3689 286 40 Bloomfield
982 3689 146 48 Hills,
1158 3688 144 41 Mich.

361 3794 184 62 Bush,
573 3795 118 53 Sue
716 3793 148 57 Ball.

435 3868 294 69 Versings,
754 3870 74 68 by
857 3869 112 55 Sue
992 3870 133 52 Ball
1153 3869 175 53 Bush.
1402 3867 416 69 [Middletown,
1834 3867 71 53 N.
1925 3865 91 69 Y.,
2041 3868 122 52 The
367 3867 1985 132 Whitlock
522 3965 174 49 press,
730 3947 125 67 inc.,
888 3954 17 22 c
910 3949 133 50 1936]

434 4017 55 38 54
523 4027 42 38 p.
627 4017 57 41 20
687 4021 43 21 cm
738 4053 7 7 .

364 4071 53 53 ©
445 4077 126 48 Sept.
596 4077 40 48 2,
663 4078 142 51 1936;
831 4078 70 43 2c.
928 4078 95 40 and
1050 4077 83 41 aff.
1162 4078 129 47 Sept.
1316 4079 25 39 3
1360 4088 9 36 ;
1397 4078 40 39 A
1463 4077 171 47 98237;
1667 4076 43 42 S.
1735 4078 56 40 B.
1818 4076 150 48 Bush,
1996 4077 212 47 Monroe,
2237 4075 54 40 N.
2319 4075 55 42 Y.

443 4134 282 40 (36-19197)
