2519 4377
1362 4097 65 50 98

391 420 170 64 Mais,
591 421 211 54 Stuart
831 422 176 53 Fetre
1037 423 232 65 Brodle,
1302 429 170 49 1885-

459 509 122 53 The
614 509 238 69 writing
883 510 63 52 of
980 511 263 68 English,
1276 511 73 69 by
1384 510 56 55 S.
1477 511 63 52 P.
1576 512 65 50 B.
1680 511 166 53 Mais.
1920 510 256 67 London,
389 509 1985 131 Chapman
548 590 44 49 &
618 588 161 69 Hall,
805 588 101 54 ltd.
942 591 173 66 [1935]

460 672 637 50 xviii, 257, [1] p. 19 ½ cm .
461 743 227 41 Includes
722 744 245 40 “extracts
995 745 131 40 from
1156 747 82 39 the
1268 746 107 40 best
1407 747 48 38 in
1486 747 119 40 each
1634 747 118 39 kind
1787 746 66 50 [Of
1881 744 517 52 literature]”—Pref.,

389 811 42 37 p.
462 812 77 28 XV.

460 858 1826 50 Bibliography at end of each chapter, except chapters X and XI.
386 927 2017 55 © 1c. Jan. 24, 1936 ; A ad int. 21059; pubd. Nov. 25, 1935; Chapman &
458 991 130 46 Hall,
614 991 88 39 ltd.
766 989 253 49 (36-4941)

388 1107 408 65 Mantegazza,
829 1108 196 65 Paolo,
1059 1112 327 52 1831-1910.

460 1198 351 68 Physiology
849 1196 64 54 of
948 1199 143 67 love,
1126 1198 75 68 by
1238 1197 176 53 Paolo
1452 1197 370 69 Mantegazza
1842 1215 10 48 ;
1894 1197 316 54 translated
2251 1197 151 55 from

389 1274 2014 148 the Italian by Herbert Alexander; edited with an introduction by Victor Robinson … New York, Eugenics publishing
390 1448 297 52 company,
717 1433 149 49 1936.

461 1516 134 47 xviii,
627 1514 87 42 237
745 1526 43 37 p.
848 1515 56 39 24½
937 1517 43 21 cm
988 1546 7 8 .

387 1586 52 54 ©
471 1591 109 41 Jan.
612 1590 72 48 23,
713 1588 141 49 1936;
888 1588 67 42 2c.
988 1590 95 40 Jan
1131 1589 82 48 27;
1247 1589 82 41 aff.
1363 1590 109 41 Jan.
1504 1590 83 48 30;
1622 1591 41 39 A
1694 1589 172 49 90557;
1902 1590 241 48 Eugenics
2177 1592 107 48 pub.
2320 1600 83 40 co.,

457 1648 91 41 inc.
617 1648 254 49 (36—4174)

390 1769 242 65 Mastin,
663 1768 279 53 Florence
971 1767 228 65 Ripley.

462 1857 205 56 Cables
698 1858 64 54 of
793 1858 223 53 cobweb
1054 1856 109 70 [by]
1202 1858 272 53 Florence
1505 1858 212 69 Ripley
1748 1858 234 53 Mastin.
2049 1859 140 52 New
2223 1858 179 69 York,

391 1937 621 68 H. Harrison [ c 1935]
461 2025 57 41 64
545 2036 45 39 p.
648 2022 58 40 22
710 2026 14 21 cm
758 2055 9 9 .

461 2095 185 42 Poems.

388 2165 52 53 ©
468 2170 118 39 Nov.
616 2168 70 48 15,
715 2168 141 46 1935;
888 2167 67 40 2c.
985 2167 110 40 Jan.
1123 2166 70 45 22,
1224 2166 140 43 1936;
1395 2167 81 40 aff.
1508 2168 109 39 Jan.
1647 2167 83 42 23;
1762 2169 40 37 A
1828 2166 172 49 90649;
2034 2168 168 48 Henry
457 2168 1928 100 Harrison.
629 2225 252 50 (36-4322)

390 2332 245 65 Mikula,
665 2331 278 54 Bohumil
974 2331 174 54 Emil.

461 2419 1879 72 Progressive Czech (Bohemian) by Bohumil E. Mikula …
392 2501 274 69 Chicago,
700 2499 423 56 Czechoslovak
1154 2498 257 54 national
1447 2498 220 53 council
1699 2499 64 53 of
1795 2499 269 53 America
2103 2533 12 34 [
2120 2506 19 22 c
2143 2503 153 64 1936]

462 2589 98 47 xiv,
589 2587 88 42 538
706 2598 44 38 p.
779 2587 111 41 incl.
919 2586 150 41 front,
1100 2585 159 50 (map)
1287 2584 128 41 illus.
1475 2583 56 41 21½
1565 2587 44 21 cm
1612 2617 10 9 .

391 2657 1996 103 Includes “English articles … [ on] the background of Czechoslovakia.”—Pref.
388 2786 53 53 ©
473 2791 111 39 Feb.
615 2791 39 46 5,
687 2789 113 40 1936
819 2800 9 36 ;
857 2789 68 40 2c.
956 2789 95 39 and
1083 2787 83 41 aff.
1199 2787 111 40 Feb.
1340 2788 25 39 7
1383 2798 9 35 ;
1428 2787 37 38 A
1497 2785 143 41 90687
1658 2797 8 30 ;
1702 2787 53 40 B.
1789 2787 50 39 E.
1874 2787 204 49 Mikula,
2111 2788 182 47 Cicero,
2327 2789 75 39 Ill.

467 2848 254 48 (36-4336)

397 2954 246 64 [Mount,
674 2952 262 53 Thomas
967 2952 240 64 Ernest]
1247 2956 170 49 1895-

465 3043 233 55 Outlaw
727 3060 181 52 posse,
937 3042 75 69 by
1045 3041 175 55 Stone
1249 3040 164 69 Cody
1469 3039 210 69 [pseud.]
1748 3039 138 54 New
1921 3040 179 69 York,
2128 3041 89 54 W.
394 3040 1985 137 Morrow
538 3126 44 51 &
613 3141 100 49 co.,
742 3125 153 50 1936.

463 3212 28 39 4
516 3221 44 39 p.
623 3241 8 16 l.,
659 3207 146 42 3-276
830 3219 45 39 p.
936 3207 57 41 19½
1025 3210 44 21 cm
1072 3240 10 8 .

467 3280 151 40 “Part
649 3279 53 42 of
736 3279 102 41 this
870 3279 124 41 book
1028 3279 243 49 appeared
1308 3279 49 39 in
1392 3288 26 29 a
1457 3277 248 49 magazine
1741 3277 154 40 under
1930 3278 82 39 the
2047 3277 110 41 title
2192 3278 210 40 ‘Charlie

394 3337 164 41 Parr’s
586 3336 185 42 outlaw
797 3336 198 50 posse’.”

390 3404 53 54 ©
475 3410 110 39 Feb.
619 3410 40 43 7,
693 3407 113 42 1936
825 3420 8 34 ;
869 3408 67 41 2c.
970 3408 95 40 and
1100 3407 82 41 aff.
1258 3408 69 41 Feb.
1362 3406 81 43 15;
1479 3406 38 39 A
1550 3404 171 43 90770;
1757 3404 216 41 William
2009 3407 209 38 Morrow
2253 3407 37 39 &
2321 3416 83 37 co.,

460 3467 89 40 inc.
619 3465 252 49 (36-4199)

393 3572 219 64 Myers,
640 3572 202 63 Denys
870 3572 195 62 Peter,
1098 3576 170 49 1884-

465 3663 330 52 Handbook
835 3663 62 52 of
936 3663 94 52 the
1073 3665 226 64 League
1340 3661 62 52 of
1442 3662 253 55 nations;
1740 3678 26 33 a
1812 3659 460 67 comprehensive
395 3677 1981 116 account
604 3741 64 52 of
705 3743 74 51 its
818 3745 302 60 structure,
1160 3739 296 68 operation
1498 3739 110 52 and
1651 3737 297 56 activities,
1988 3738 73 66 by
2102 3739 195 66 Denys
2335 3740 66 51 P.

394 3815 1970 71 Myers … Boston, New York, World peace foundation, 1935.
460 3906 103 47 xiii,
594 3905 80 39 411
712 3916 41 37 p,
811 3905 55 39 20½
900 3907 43 21 cm
950 3937 8 9 .

391 3973 52 53 ©
473 3977 117 39 Nov.
621 3975 70 47 12,
722 3974 140 43 1935;
895 3976 66 40 2c.
995 3976 110 40 Feb.
1136 3976 69 47 20,
1236 3975 141 47 1930;
1410 3974 82 41 aff.
1526 3974 107 39 Feb.
1666 3973 83 42 24;
1782 3974 33 38 A
1852 3971 172 41 90940:
2061 3971 165 40 World
2258 3981 146 38 peace

461 4032 308 41 foundation.
