2519 4377
1264 4100 101 54 670

367 484 1266 51 x p., 1 l., [11]-258 p. illus., diagrs. 21 × 12 cm .
297 539 54 54 ©
375 543 115 48 Apr.
553 543 38 48 10,
623 542 119 41 1936;
798 543 67 40 2c.
897 543 115 48 Apr.
1044 543 59 40 16;
1160 542 81 41 aff.
1274 544 114 47 Apr.
1419 542 56 42 27;
1537 544 43 39 A
1608 542 146 42 93854;
1816 542 353 42 McGraw-Hill
2198 546 111 47 pub.

367 611 83 37 co.,
474 601 106 47 inc.,
602 600 120 40 New
743 600 146 40 York.
953 599 282 50 (36-11002)

296 689 318 67 Fairchild,
640 691 153 53 Fred
819 690 249 65 Rogers,
1097 691 173 56 1877-

369 768 1941 69 Elementary economics, by Fred Rogers Fairchild … Edgar
299 846 2010 70 Stevenson Furniss … Norman Sydney Buck … v. 1. 3d ed.
296 926 140 55 New
462 926 182 68 York,
668 926 122 54 The
814 926 337 54 Macmillan
1179 944 299 51 company,
1506 930 150 51 1936.

368 1001 100 48 xix,
500 1001 88 40 717
614 1011 44 37 p.
718 1001 179 49 diagrs.
957 1000 55 39 22½
1046 1003 44 21 cm
1095 1033 10 9 .

373 1055 350 50 “Suggestions
749 1056 83 41 for
858 1056 200 41 further
1086 1055 232 48 reading”
1351 1058 52 38 at
1434 1058 91 39 end
1559 1056 53 41 of
1642 1056 119 42 each
1793 1058 125 47 part.

300 1110 53 54 ©
378 1116 115 47 May
515 1115 70 48 26,
611 1114 143 49 1936;
780 1114 68 42 2c.
873 1116 97 39 and
994 1114 83 41 aff.
1106 1114 115 49 May
1244 1114 60 42 27;
1356 1116 41 38 A
1423 1114 172 49 95408;
1624 1115 282 41 Macmillan
1933 1125 69 31 co.

381 1172 284 50 (36-10987)

297 1261 165 66 Falk,
489 1262 227 54 Isidore
742 1263 258 64 Sydney,
1030 1267 173 50 1899-

374 1337 266 72 Security
681 1340 228 70 against
946 1338 275 69 sickness;
1265 1359 31 34 a
1335 1340 173 68 study
1547 1339 65 53 of
1650 1340 196 53 health
1885 1340 318 68 insurance,
2242 1341 72 68 by

300 1418 49 53 I.
393 1417 55 56 S.
489 1418 166 54 Falk.
733 1418 233 56 Garden
1009 1418 153 69 City,
1200 1420 70 53 N.
1314 1420 90 66 Y.,
1442 1419 359 68 Doubleday,
1840 1421 199 52 Doran
2082 1423 45 50 &
299 1439 1987 128 company,
501 1498 127 68 inc.,
661 1502 153 50 1936.

372 1571 86 50 xii,
489 1571 86 42 423
608 1582 44 39 p.
713 1571 56 42 23½
801 1573 45 22 cm
850 1603 9 9 .

375 1630 324 41 “References
729 1631 94 39 and
850 1629 167 41 notes”
1045 1631 52 40 at
1123 1631 92 39 end
1245 1629 52 41 of
1322 1631 117 39 each
1466 1631 216 49 chapter.

375 1688 165 41 “First
572 1687 231 43 edition.”

301 1742 53 53 ©
380 1747 114 48 May
519 1745 70 50 22,
615 1746 120 41 1936;
787 1746 68 42 2c.
883 1747 96 39 and
1007 1745 82 41 aff.
1119 1747 114 48 May
1260 1746 56 41 28;
1373 1746 43 40 A
1440 1745 149 41 94640;
1644 1747 300 50 Doubleday,
1975 1748 168 39 Doran
2170 1748 38 40 &
2232 1757 84 40 co.,

370 1803 91 41 inc.
519 1803 283 49 (36-10985)

300 1894 171 54 Funk
507 1895 52 53 &
591 1895 305 64 Wagnalls
932 1913 124 34 new
1093 1895 295 56 Standard
1426 1895 402 68 encyclopedia
1863 1914 137 49 year
2036 1896 148 53 book
2221 1896 95 53 for

373 1976 164 65 1935;
581 1974 285 67 prepared
905 1974 182 52 under
1127 1973 97 53 the
1263 1973 267 53 editorial
1573 1971 280 56 direction
1894 1974 63 55 of
2000 1976 201 52 Frank
2237 1977 78 53 H.

372 2050 1882 69 Vizetelly … in association with Marion J. Burchard …
371 2130 1940 70 New York and London, Funk & Wagnalls company [ c 1936]
374 2204 88 40 544
487 2216 43 37 p.
585 2203 168 49 front.,
781 2204 171 48 plates,
982 2206 164 46 ports.,
1176 2213 125 38 map.
1360 2204 145 40 15½cm.

303 2258 53 53 ©
385 2263 126 39 June
539 2263 41 48 4,
610 2261 143 48 1936;
784 2261 67 41 2c.
883 2263 95 38 and
1009 2261 83 41 aff.
1123 2262 130 39 June
1281 2260 82 48 12;
1397 2262 39 38 A
1467 2261 172 48 94887;
1674 2262 142 39 Funk
1847 2262 36 40 &
1913 2263 253 48 Wagnalls
2195 2274 67 31 co.

304 2352 249 65 Gifford,
584 2353 229 64 George
842 2353 257 62 Hussey,
1128 2353 83 52 ed.

374 2431 86 52 La
499 2431 223 52 France
759 2429 34 53 à
833 2434 224 48 travers
1095 2429 81 54 les
1215 2428 210 68 siècles,
1465 2429 190 54 edited
1698 2427 137 55 with
1881 2430 437 68 introductions,

306 2506 2012 72 appendix, and glossary, by George H. Gifford … New York,
306 2588 125 54 The
457 2586 340 55 Macmillan
824 2604 300 50 company,
1156 2588 151 51 1936.

374 2661 67 49 xi,
465 2660 88 42 403
582 2671 43 38 p.
687 2659 163 49 front.,
881 2659 127 41 illus.
1037 2658 159 51 (map)
1233 2659 171 49 plates.
1465 2659 58 41 20½
1554 2661 44 22 cm
1601 2691 9 9 .
1682 2659 100 50 (On
1812 2668 164 33 cover:
2007 2661 311 49 Progressive

306 2718 188 42 French
523 2716 176 50 series)

377 2776 141 48 Maps
547 2785 62 31 on
638 2774 363 49 lining-papers.

377 2831 104 41 “An
516 2830 335 42 introduction
885 2832 49 40 to
971 2830 202 48 France,
1211 2829 191 42 French
1439 2828 313 50 civilization,
1792 2831 95 41 and
1926 2830 190 42 French
307 2830 1990 101 literature.”—Pref.

378 2946 299 49 “Suggested
706 2944 254 51 readings”:
1020 2955 42 39 p.
1090 2944 217 42 384-385.

307 2999 53 54 ©
385 3005 114 46 May
525 3003 69 48 19,
620 3002 119 41 1936;
789 3003 68 40 2c.
882 3003 96 39 and
1004 3002 82 40 aff.
1115 3003 115 47 May
1255 3000 56 40 20;
1368 3001 40 39 A
1435 3000 145 42 95272;
1638 3000 282 41 Macmillan
1947 3012 69 30 co.

387 3060 283 49 (36-11036)

307 3150 131 64 Gill,
465 3151 180 53 Doris
672 3152 193 63 Mary,
895 3155 173 50 1904-

379 3229 288 55 Victories
693 3227 66 54 of
784 3245 196 51 peace;
1013 3225 201 56 stories
1244 3226 64 54 of
1339 3225 327 69 friendship
1701 3226 57 53 in
1790 3226 207 69 action,
2027 3226 75 68 by
2132 3227 71 53 D.
2237 3226 79 52 M.

310 3302 2003 71 Gill and A. M. Pullen. New York, Friendship press [ c 1936]
378 3381 88 41 viii
494 3392 57 37 p.,
580 3379 27 41 1
658 3410 24 18 l.,
712 3380 85 40 117
824 3389 43 38 p.
929 3378 58 42 19½
1016 3381 45 22 cm
1065 3411 10 9 .

382 3437 184 42 Stories
590 3437 151 40 about
761 3435 155 41 Henri
941 3436 215 47 Dunant,
1181 3434 205 43 Charles
1408 3435 96 40 and
1531 3434 116 41 Elsa
1672 3435 159 48 Boldt,
1858 3434 161 49 Emily
2044 3434 274 47 Hobhouse,

308 3494 166 40 Pierre
505 3492 235 49 Cérésole,
774 3493 194 41 Samuel
1000 3492 186 47 Stokes,
1218 3492 208 39 Andrew
1456 3492 147 48 Bahr,
1636 3491 272 49 Eglantyne
1939 3491 135 48 Jebb,
2107 3492 209 40 Edward

309 3551 241 41 Richards
578 3553 97 39 and
703 3550 203 42 Clifford
940 3550 189 42 Stubbs.

309 3605 53 52 ©
389 3610 120 39 Mar.
534 3609 68 46 13,
627 3608 117 41 1936;
796 3607 66 41 2c.
888 3609 94 38 and
1010 3606 82 41 aff.
1118 3607 112 48 Apr.
1257 3606 55 39 16;
1367 3607 40 38 A
1432 3605 145 41 93694;
1633 3605 53 41 G.
1707 3605 51 48 Q.
1778 3605 243 47 LeSourd,
2039 3605 118 38 New
2174 3603 144 40 York.

391 3665 282 49 (36-11028)

311 3747 257 66 Gillette,
599 3749 228 63 George
855 3746 265 56 Francis.

310 3821 2008 228 Orthod oxen of science. Synoptic conspectus of author’s unitary theory. Utterly new and different basis for cosmology, replacing present orthodoxenic fairy tales … Cosmics—allplane
