2519 4377
1090 4101 99 49 159

141 460 273 65 Higgins,
443 460 239 65 Xavier,
710 462 181 64 sister,
923 463 170 50 1882-

272 536 1863 69 … Reducing the variability of supervisors’ judgments; an
143 614 405 67 experimental
594 615 188 66 study,
828 615 75 66 by
952 613 179 57 Sister
1175 617 78 50 M.
1301 614 220 53 Xavier
1565 614 272 67 Higgins,
1921 657 9 10 R.
2010 657 9 10 S.
2123 658 9 10 M.

142 693 330 64 Baltimore,
500 693 119 52 The
646 693 185 55 Johns
858 693 268 65 Hopkins
1154 711 174 47 press,
1357 696 148 50 1936.

207 766 63 46 ix,
306 765 56 39 69
396 776 41 36 p.
503 765 155 39 tables
687 764 47 47 (1
771 764 143 47 fold.)
961 763 178 47 diagrs.
1204 765 55 38 24½
1292 767 43 20 cm
1341 796 9 8 .
1425 764 126 48 (The
1586 764 157 39 Johns
1777 763 221 49 Hopkins
137 764 1982 105 university
349 822 185 39 studies
563 821 49 39 in
643 820 271 49 education,
944 832 75 29 no.
1049 820 81 49 23)

209 893 169 38 Issued
409 892 102 39 also
543 902 53 29 as
628 891 156 40 thesis
809 890 92 47 (ED.
963 890 34 47 D.)
1038 891 154 39 Johns
1221 891 225 47 Hopkins
1475 890 285 49 university.

209 948 373 49 Bibliography:
614 959 44 38 p.
686 948 158 40 44-45.

139 1017 51 52 ©
214 1022 107 38 Jan.
347 1022 69 45 17,
440 1020 139 47 1936;
606 1019 68 40 2c.
700 1020 109 39 Jan.
835 1018 81 47 27;
945 1018 82 41 aff.
1053 1019 109 39 Jan.
1187 1018 82 47 25;
1295 1019 40 38 A
1359 1017 171 49 90519;
1558 1019 156 40 Johns
1738 1017 222 49 Hopkins
1988 1028 148 38 press.

217 1076 249 50 (36-5470)

143 1179 197 63 Hoult,
369 1179 223 63 Norah,
623 1184 171 50 1901-

273 1254 1857 70 … Holy Ireland. New York, Reynal & Hitchcock [ c 1936]
212 1331 28 37 4
268 1340 43 37 p.
377 1360 9 16 l.,
415 1328 145 41 3-369
588 1339 42 37 p.
689 1327 56 40 21½
778 1330 45 22 cm
827 1359 10 10 .

138 1397 54 53 ©
215 1402 111 39 Feb.
351 1402 68 46 13,
446 1400 138 47 1936;
612 1401 68 39 2c.
707 1401 110 39 Feb.
845 1400 80 46 17;
954 1399 81 40 aff.
1064 1399 110 41 Feb.
1200 1399 81 46 18;
1310 1399 42 38 A
1375 1397 170 49 91927;
1575 1400 166 38 Norah
1767 1400 153 39 Hoult
1950 1398 187 49 Stoner,

208 1458 194 47 Dublin,
432 1459 210 38 Ireland.
712 1456 251 50 (36-5251)

140 1564 173 63 Hutt,
345 1562 188 65 Allen,
567 1567 170 51 1901-

213 1638 1924 69 This final crisis, by Allen Hutt … London, Y. Gollancz,
142 1719 121 66 ltd.,
294 1723 149 50 1935.

214 1791 87 41 288
329 1802 43 37 p.
431 1790 59 40 20½
520 1792 44 22 cm
568 1822 10 9 .

217 1848 129 39 “The
380 1847 137 39 three
550 1846 194 48 periods
780 1848 52 39 in
867 1847 82 40 the
983 1846 189 47 history
1207 1846 53 39 of
1294 1846 82 40 the
1411 1847 98 39 last
1543 1847 220 40 hundred
1800 1856 142 38 years
1982 1847 156 41 which

145 1902 1995 50 were periods of deep social crisis … the ’forties and the ’eighties of
146 1962 96 39 last
273 1963 202 46 century
508 1962 96 39 and
637 1962 84 39 the
752 1960 210 41 ’thirties
993 1960 52 40 of
1077 1961 82 39 the
1191 1962 195 46 present
1416 1960 440 49 century.”—Pref.

140 2029 1999 53 © 1c. Jan. 15-, 1936; A ad int. 21056; pubd. Nov. 18, 1935; A. Hutt,
208 2091 210 38 London.
485 2089 250 48 (36-5446)

142 2191 237 54 Illinois.
454 2194 183 65 Laws,
661 2198 256 61 statutes,
943 2198 99 47 etc.

219 2270 388 55 Smith-Hurd
662 2270 227 52 Illinois
945 2270 307 52 annotated
1307 2273 254 50 statutes.
1653 2271 347 52 Permanent
2050 2271 85 54 ed.

145 2348 368 67 Comprising
551 2349 95 53 the
687 2351 136 49 laws
863 2348 63 51 of
969 2366 30 34 a
1039 2350 228 64 general
1309 2348 111 51 and
1460 2356 335 58 permanent
1835 2354 203 48 nature
2078 2347 61 54 in

144 2426 155 53 force
335 2433 57 46 at
426 2426 94 52 the
554 2426 108 51 end
699 2425 62 53 of
794 2426 96 52 the
927 2423 359 68 fifty-eighth
1323 2425 244 54 General
1606 2425 294 68 assembly,
1936 2426 202 53 fourth

143 2504 210 66 special
393 2503 226 63 session,
660 2503 318 53 November
1015 2505 85 64 23,
1143 2506 148 49 1934.
1368 2503 158 66 Kept
1566 2509 57 46 to
1663 2504 131 52 date
1833 2504 74 66 by
143 2522 1971 111 cumulative
357 2581 210 51 annual
608 2580 205 67 pocket
851 2586 176 61 parts,
1070 2579 139 53 with
1252 2581 362 52 annotations
1655 2581 153 52 from
1849 2582 97 52 the
1989 2600 149 35 cases

144 2657 332 67 construing
512 2677 63 34 or
613 2657 282 67 applying
931 2658 96 51 the
1062 2659 155 64 laws,
1256 2658 112 52 and
1405 2658 139 52 with
1581 2658 180 54 tables
1799 2659 111 52 and
1949 2659 188 54 index.

145 2736 280 66 Chapters
478 2738 294 50 110½-119.
859 2735 206 52 Public
1114 2736 699 66 accountants-Replevin.
1902 2739 91 65 By
2044 2738 95 52 the

143 2812 337 68 publishers’
508 2812 264 53 editorial
801 2810 148 56 staff.
1027 2812 268 68 Chicago,
1324 2814 113 65 Ill.,
1466 2814 277 52 Burdette
1775 2814 188 54 Smith
145 2832 1968 126 company;
357 2891 82 55 St.
466 2892 168 65 Paul,
660 2890 201 58 Minn.,
886 2891 162 54 West
1070 2890 335 68 publishing
1433 2910 107 49 co.;
1571 2891 226 56 Kansas
1827 2891 152 69 City,
2004 2892 135 69 Mo.,

146 2971 227 52 Vernon
399 2969 108 52 law
531 2969 147 52 book
702 2987 279 48 company
1010 3002 12 33 [
1028 2975 18 20 c
1052 2972 132 48 1935
1190 3002 12 33 ]

210 3054 45 35 x,
284 3041 113 40 1002
425 3052 43 37 p.
525 3041 56 39 24½c
630 3043 28 21 m
663 3074 8 8 .

142 3107 52 53 ©
233 3112 109 39 Dec.
380 3110 69 48 23,
489 3109 139 48 1935;
670 3111 65 38 2c.
778 3111 108 38 Jan.
926 3111 68 48 18,
1035 3109 140 49 1936;
1216 3111 81 39 aff.
1338 3111 110 40 Jan.
1487 3110 83 48 20;
1612 3112 40 38 A
1690 3110 171 49 91355;
1904 3113 237 40 Burdette

215 3168 158 40 Smith
401 3177 81 37 co.,
514 3168 197 39 Vernon
739 3168 97 39 law
866 3167 123 39 book
1020 3177 82 37 co.,
1133 3167 94 40 and
1261 3168 137 40 West
1426 3168 109 47 pub.
1570 3178 67 30 co.

145 3269 1969 145 Indiana and North eastern digest, with Indiana statute annotation service. December, 1935, cumulative pamphlet …
217 3425 81 54 St.
326 3425 164 66 Paul,
514 3426 160 53 West
698 3425 335 66 publishing
1059 3443 79 35 co.
1212 3428 151 64 c1935]

213 3497 68 49 18,
309 3497 83 40 363
421 3508 43 38 p.
519 3497 56 39 24
578 3499 44 21 cm
627 3529 9 8 .

144 3564 52 52 ©
224 3569 110 39 Dec.
362 3568 70 47 26,
461 3568 140 47 1935;
629 3567 69 42 2C.
727 3569 108 39 Jan.
865 3569 69 45 18,
964 3568 115 40 1936;
1136 3568 81 41 aff.
1249 3568 109 41 Jan.
1386 3562 59 45 20;
1499 3568 44 39 A
1564 3566 172 48 91352;
1768 3568 139 40 West
1933 3568 109 47 pub.
2073 3579 67 30 co.

150 3669 284 54 Institute
462 3671 96 53 for
584 3672 310 52 education
923 3672 78 62 by
1027 3671 183 53 radio.

219 3748 320 51 Education
575 3766 70 34 on
681 3749 94 52 the
812 3748 85 51 air
933 3748 113 52 and
1080 3746 187 55 Radio
1304 3747 112 52 and
1452 3747 317 67 education,
1807 3751 161 63 1935;
149 3765 1964 125 proceedings
440 3825 62 51 of
534 3826 94 51 the
659 3826 153 51 sixth
847 3826 208 51 annual
1088 3824 274 53 Institute
1394 3824 93 52 for
1521 3825 298 52 education
1849 3826 77 66 by
1957 3825 181 58 radio,

149 3901 289 52 combined
474 3902 138 52 with
647 3903 95 51 the
777 3901 128 53 fifth
948 3906 209 50 annual
1193 3901 276 67 assembly
1504 3902 62 52 of
1603 3903 93 52 the
1733 3903 270 53 National
151 3903 1960 141 advisory
386 3978 216 52 council
649 3999 72 33 on
766 3980 162 53 radio
974 3979 58 52 in
1079 3980 315 52 education.
1477 3977 213 56 Edited
1735 3980 75 66 by
1854 3980 285 67 Levering
