2519 4377
1311 4090 99 50 642

359 416 268 53 Michie’s
663 417 185 67 digest
881 418 62 52 of
978 416 267 68 Virginia
1283 418 111 51 and
1426 419 160 52 West
1620 418 269 67 Virginia
1923 424 238 63 reports.
2234 422 134 50 1936

430 495 1938 69 cumulative supplement … Under the editorial supervision
431 574 64 52 of
540 575 69 52 A.
659 576 249 51 Hewson
952 572 231 67 Michie,
1228 572 235 54 assisted
1509 575 75 66 by
1631 574 167 54 Chas.
1843 577 89 53 W.
1985 575 227 55 Sublett
2256 576 113 53 and

432 651 207 55 Beirne
695 652 291 55 Stedman.
1076 651 482 68 Charlottesville,
1609 654 126 66 Va.,
1787 654 122 52 The
1959 652 213 55 Michie
430 673 1914 125 company,
629 734 150 50 1936.

431 817 79 49 vii,
539 818 85 40 457
654 828 42 37 p.
753 816 56 40 25½c
859 819 26 20 m
891 848 8 9 .

361 886 53 53 ©
441 891 128 40 June
593 890 39 49 5,
662 887 114 41 1936
794 899 9 37 ;
829 888 68 40 2c.
926 887 94 40 and
1048 887 82 41 aff.
1159 888 127 39 June
1314 887 25 40 6
1357 898 8 36 ;
1397 888 39 38 A
1464 887 142 40 95561
1625 898 9 38 ;
1666 888 177 41 Michie
1871 899 67 32 co.

358 994 229 66 Milton,
615 994 176 63 John,
822 993 326 55 1608-1674.

431 1073 122 52 The
582 1070 277 69 complete
885 1086 193 52 poems
1107 1069 62 53 of
1197 1069 156 54 John
1382 1069 229 68 Milton,
1639 1069 141 53 with
1808 1071 277 67 complete
2111 1076 158 48 notes
2296 1072 77 68 by

361 1147 2008 69 Thomas Newton … illustrated by Gustave Dore and others.
359 1230 141 53 New
530 1228 181 68 York,
740 1227 209 56 Crown
978 1225 322 70 publishers
1335 1260 13 34 [
1354 1233 17 21 c
1376 1229 134 50 1936
1516 1261 12 33 ]

430 1317 26 40 3
483 1329 44 38 p.
589 1348 8 16 l.,
624 1317 65 48 ix,
720 1316 70 50 [5],
818 1315 84 40 665
928 1325 43 38 p.
1026 1314 165 48 front.,
1217 1313 129 41 illus.
1377 1313 133 48 (incl.
1537 1316 175 48 ports.)
1776 1315 55 39 24½
1864 1318 43 21 cm
1913 1348 8 8 .

360 1388 53 54 ©
444 1392 110 40 Jan.
587 1390 39 48 2,
660 1388 141 48 1936;
838 1388 66 40 2c.
938 1389 122 40 Mar.
1092 1388 82 46 31;
1210 1387 81 40 aff.
1327 1388 114 46 May
1474 1387 82 47 16;
1592 1388 40 38 A
1664 1386 171 48 95258;
1873 1388 175 41 Crown
2081 1390 289 47 publishers.

434 1447 280 52 [Copyright
746 1446 41 40 is
817 1445 207 40 claimed
1054 1455 60 28 on
1146 1443 334 49 biographical
1512 1447 111 37 note
1657 1445 60 47 by
1750 1445 180 40 Robert
1965 1445 180 50 Simon]

439 1504 283 50 (36-10600)

363 1608 253 69 [Morris,
645 1607 201 54 Frank
873 1607 142 66 Rea]
1049 1609 173 50 1894-
1435 1603 84 56 ed.

430 1688 371 67 Elementary
837 1703 195 35 course
1063 1684 59 52 in
1160 1683 312 69 footology.
1548 1683 343 67 Humboldt,
1925 1686 196 65 Tenu.,
2155 1686 211 68 Propr-

358 1762 1205 69 bilt shoe institute of footology [ c 1936]
431 1854 56 41 94
516 1865 43 37 p.
620 1851 131 41 illus.
778 1849 139 51 (part
945 1848 113 50 col.)
1127 1847 56 42 20
1185 1850 44 22 cm
1234 1879 9 10 .

434 1917 1937 51 “This entire course … is prepared by the Educational department of
362 1982 81 40 the
469 1979 268 43 O’Donnell
764 1978 115 39 shoe
905 1986 249 38 company,
1183 1976 154 40 under
1364 1978 81 38 the
1472 1976 238 40 direction
1735 1976 52 40 of
1814 1977 166 40 Frank
2007 1978 54 39 R.
2089 1978 281 41 Morris.”—

361 2038 276 42 Foreword.

360 2107 53 53 ©
449 2112 122 38 Mar.
610 2108 72 48 25,
719 2106 141 47 1936;
899 2106 67 39 2c.
1005 2106 95 38 and
1139 2104 81 40 aff.
1257 2080 126 63 Mar
1416 2103 83 47 28;
1539 2104 41 38 A
1618 2102 171 49 93424;
1832 2104 265 41 O’Donnell
2135 2107 115 40 shoe
2287 2116 83 39 co.,

433 2166 284 49 Humboldt,
752 2165 148 39 Tenn.
976 2160 281 51 (36-10639)

358 2273 121 51 The
534 2286 129 37 new
720 2265 410 56 international
1184 2284 135 49 year
1375 2265 148 52 book
1539 2284 10 48 ;
1612 2284 30 33 a
1699 2266 400 68 compendium
2155 2267 63 54 of
2274 2268 94 53 the

429 2348 226 55 world’s
684 2364 264 51 progress
977 2345 94 52 for
1098 2345 95 52 the
1222 2363 135 48 year
1389 2346 150 51 1935.
1616 2344 225 68 Editor,
1870 2345 199 52 Frank
2098 2348 76 51 H.
427 2347 1918 147 Vizetelly

661 2422 1705 70 … associate editors, Ronald S. Kain, Philip Coan [and
429 2508 208 64 others]
718 2505 138 52 New
903 2501 163 55 York
1111 2502 110 51 and
1270 2501 258 67 London,
1574 2501 170 51 Funk
1788 2505 47 50 &
1873 2503 303 66 Wagnalls
427 2522 1915 131 company,
626 2586 151 50 1936.

429 2672 96 47 xiv,
557 2670 87 41 776
671 2680 43 37 p.
773 2669 171 47 plates,
976 2668 164 47 ports.,
1172 2675 149 38 maps.
1382 2664 55 41 25½
1471 2667 44 21 cm
1520 2697 8 8 .

359 2738 53 53 ©
446 2743 114 45 May
590 2740 72 48 28,
697 2738 141 48 1936;
874 2737 67 40 2c.
977 2738 96 39 and
1109 2735 82 42 aff.
1230 2737 130 38 June
1390 2736 52 42 5;
1480 2736 41 39 A
1555 2734 172 48 94779;
1767 2736 140 40 Fhnk
1942 2737 38 40 &
2013 2737 252 49 Wagnalls
2300 2749 68 30 co.

356 2861 146 54 New
529 2859 181 55 York.
786 2854 422 67 Metropolitan
1234 2871 271 38 museum
1534 2855 65 54 of
1622 2858 116 51 art.

493 2931 1873 71 … Islamic pottery of the Near East; a picture book of
361 3021 214 57 twenty
610 3013 199 69 plates.
885 3010 139 53 New
1059 3009 181 68 York,
1276 3012 149 50 1936.

429 3073 917 61 3 p. l., 20 pl. on 10 l., [2] p. 19 cm .
431 3155 64 40 At
520 3155 124 40 head
673 3154 52 39 of
751 3154 110 39 title
879 3163 8 30 :
918 3153 101 39 The
1046 3151 347 48 Metropolitan
1421 3161 219 30 museum
1668 3151 53 40 of
1747 3154 92 40 art.

431 3211 340 40 Introduction
805 3211 60 46 by
900 3210 62 42 M.
998 3210 43 39 S.
1077 3208 226 42 Dimand.

358 3280 53 53 ©
440 3285 110 39 Feb.
580 3284 69 48 26,
679 3283 141 47 1936;
851 3283 67 42 2c.
948 3283 95 39 and
1074 3281 82 41 aff.
1186 3282 113 48 Apr.
1329 3281 53 47 2;
1415 3281 39 39 A
1484 3280 171 48 93504;
1689 3280 352 49 Metropolitan
2066 3291 217 31 museum
2315 3282 53 39 of

429 3345 91 36 art.
591 3340 283 48 (36-10516)

356 3442 341 64 Nicholson,
722 3442 193 65 Philip
941 3442 243 64 Walter,
1214 3447 171 49 1862-

425 3519 247 70 History
713 3518 65 54 of
813 3519 96 54 the
950 3519 295 53 volunteer
1285 3518 112 53 and
1441 3517 137 69 paid
1621 3518 100 52 fire
1762 3518 366 68 department
2167 3517 64 54 of
2269 3519 95 52 the

356 3595 1948 70 District of Columbia, 1800-1936, by Philip W. Nicholson …
358 3676 325 68 Sponsored
736 3676 76 68 by
865 3675 134 70 City
1049 3675 104 53 fire
1204 3674 236 70 fighters
1494 3674 354 54 association.
1944 3674 421 69 [Washington,

358 3756 389 66 D. C., c 1936]
428 3828 86 41 224
545 3841 41 37 p.
649 3829 127 39 illus.
807 3827 131 49 (incl.
970 3828 175 48 ports.)
1217 3827 57 41 24
1277 3829 44 21 cm
1325 3859 9 9 .

430 3898 225 42 Includes
688 3898 304 49 advertising
1021 3901 192 39 matter.

359 3965 53 53 ©
438 3970 113 47 Apr.
582 3969 68 44 20,
680 3969 140 47 1936;
851 3969 67 41 2c.
948 3971 93 39 and
1072 3970 82 40 aff.
1184 3970 111 48 Apr.
1325 3969 82 42 30:
1440 3969 39 39 A
1507 3968 171 43 94221;
1710 3969 50 38 P.
1790 3969 71 40 W.
1892 3967 276 47 Nicholson,
432 3967 1912 107 Washington.
680 4026 280 49 (36-10673)
