2519 4377
0 0 0 0 1860
458 476 168 47 xxxiv,
659 474 117 42 1259
804 486 44 38 p.
909 474 57 41 26
968 477 45 21 cm
1018 507 9 10 .

458 533 73 41 On
559 543 171 30 cover:
761 533 102 40 The
892 532 388 49 Chamberlayne
1308 532 138 41 Trial
1473 532 243 43 evidence.

387 602 53 53 ©
471 607 119 39 Nov.
622 604 71 43 20.
728 604 141 43 1936;
904 605 67 39 2c.
1005 606 119 39 Nov.
1157 603 82 43 23;
1276 604 83 40 aff.
1393 606 113 38 Dec.
1540 604 53 48 2;
1629 605 44 39 A
1704 603 201 46 101124;
1944 605 239 41 Matthew
2217 607 192 39 Bender

459 664 36 40 &
518 672 82 39 co.,
627 662 92 40 inc.
788 660 283 50 (36-36161)

387 768 296 65 Chapelle,
710 768 259 54 Howard
998 766 225 66 Irving.

458 846 194 53 Yacht
692 844 308 70 designing
1042 845 113 56 and
1202 842 285 71 planning
1530 843 95 55 for
1668 846 350 67 yachtsmen,
2063 847 259 54 students
2365 848 46 51 &

387 931 305 63 amateurs,
719 924 76 71 by
823 924 262 56 Howard
1113 925 49 54 I.
1196 924 291 70 Chapelle.
1563 925 141 54 New
1732 925 182 69 York,
1942 926 92 55 W.
2064 926 91 55 W.
2188 926 221 54 Norton

385 1006 747 69 & company, inc. [ c 1936]
457 1082 65 44 ix,
549 1082 178 40 11-319
750 1093 42 38 p.
822 1081 108 41 incl.
959 1081 144 47 illus.,
1129 1082 31 39 2
1181 1092 62 39 pl.
1271 1092 60 31 on
1359 1082 25 40 1
1432 1113 25 17 l.,
1486 1080 179 51 diagrs.
1725 1081 149 41 front.
1935 1082 58 40 24
1995 1084 43 22 cm
2044 1113 8 9 .

457 1139 162 41 “First
652 1137 228 43 edition.”

458 1195 299 50 “Suggested
785 1194 208 44 books”:
1025 1206 44 39 p.
1099 1195 70 41 31.

389 1250 53 53 ©
473 1255 119 39 Nov.
625 1253 70 48 17,
728 1252 116 41 1936;
905 1252 67 42 2c.
1004 1253 97 39 and
1133 1253 82 39 aff.
1249 1253 117 38 Nov.
1400 1251 55 39 24;
1518 1253 41 38 A
1591 1250 200 49 100670;
1826 1253 73 41 W.
1998 1285 8 7 W.
2039 1252 189 39 Norton
2258 1253 38 39 &
2327 1262 54 29 co.,

459 1311 91 40 inc.
618 1310 285 48 (36-36170)

389 1415 272 65 Clayton,
743 1415 137 66 Vista,
908 1420 172 50 1895-

459 1493 122 53 The
615 1511 167 51 prose
815 1510 165 51 poem
1011 1492 60 54 in
1105 1492 226 52 French
1362 1491 301 54 literature
1696 1491 65 53 of
1790 1491 98 55 the
1920 1490 333 70 eighteenth
388 1509 1998 132 century,
592 1571 76 70 by
778 1571 105 54 Vista
942 1569 264 71 Clayton.
1302 1570 139 53 New
1496 1568 182 71 York,
1733 1569 304 56 Columbia
2089 1568 321 72 university

393 1686 12 34 [
411 1659 17 21 c
433 1654 135 51 1936
574 1685 12 34 ]

458 1720 1950 52 1 p. l., v-xi, 248 p. 24 cm . (Publications of the Institute of French
387 1780 202 49 studies,
623 1779 119 49 inc.)

459 1838 172 40 Issued
664 1837 104 40 also
797 1847 56 30 as
886 1836 154 41 thesis
1080 1835 111 49 (PH.
1255 1836 33 49 D.)
1331 1835 253 42 Columbia
1618 1835 288 50 university.

460 1894 383 49 Bibliography:
876 1904 43 39 p.
970 1893 238 50 [237]-248.

389 1952 53 53 ©
469 1957 124 39 Mar.
621 1954 71 50 16,
722 1953 117 42 1936;
896 1953 66 41 2c.
995 1953 96 40 and
1120 1953 81 39 aff.
1234 1954 112 39 Dec.
1376 1952 52 47 7;
1462 1953 40 39 A
1531 1950 202 50 101150;
1765 1953 54 40 V.
1853 1952 223 49 Clayton,
2108 1953 302 49 Livingston,

459 2014 107 39 Ala.
634 2010 284 50 (36-36730)

388 2117 225 64 Colket,
644 2115 300 54 Meredith
975 2116 86 65 B.,
1090 2116 72 66 jr.

459 2194 124 53 The
625 2193 250 70 English
921 2198 263 64 ancestry
1227 2191 65 54 of
1338 2191 166 55 Anne
1550 2191 283 71 Marbury
1877 2192 372 54 Hutchinson
2297 2194 111 52 and

389 2272 322 55 Katherine
741 2272 284 68 Marbury
1058 2270 179 70 Scott,
1268 2271 303 69 including
1600 2269 153 56 their
1784 2271 230 55 descent
2046 2272 113 53 and
2190 2273 130 53 that
2347 2273 65 53 of

388 2352 157 55 John
578 2351 260 69 Dryden,
869 2350 434 69 poet-laureate,
1333 2351 153 52 from
1516 2350 218 69 Magna
1767 2350 199 54 charta
1999 2350 238 55 sureties
2270 2352 141 54 with

388 2437 159 49 notes
574 2449 72 35 on
674 2430 98 54 the
798 2429 248 69 English
1074 2430 363 52 connections
1464 2428 64 54 of
1554 2429 97 54 the
1677 2431 223 53 settlers
1926 2429 263 55 William
389 2430 1997 134 Wentworth
606 2510 115 52 and
750 2507 381 69 Christopher
1160 2508 243 53 Lawson
1435 2507 64 53 of
1528 2508 140 52 New
1697 2507 357 69 Hampshire
2085 2510 114 53 and
390 2510 1996 132 Francis
508 2588 285 68 Marbury
833 2586 65 54 of
935 2579 334 76 Maryland,
1307 2586 76 69 by
1420 2586 291 53 Meredith
1750 2588 69 54 B.
1861 2585 224 70 Colket,
2124 2587 102 69 jr.;
2269 2588 141 53 with

390 2664 2020 71 the collaboration of Edward N. Dunlap … Philadelphia, The
388 2746 206 68 Magee
619 2762 179 52 press,
828 2746 153 53 1936.

460 2820 57 40 60
545 2831 43 37 p.
621 2820 112 40 incl.
761 2818 140 40 front.
942 2816 210 50 (geneal.
1170 2818 126 48 tab.)
1362 2818 56 40 23½
1452 2820 45 22 cm
1501 2850 9 8 .

461 2876 233 50 Running
719 2875 137 42 title:
884 2875 102 40 The
1012 2874 238 49 Marbury
1274 2876 241 47 ancestry.

462 2933 164 42 “First
659 2932 229 42 edition.”

389 2988 53 53 ©
474 2991 102 41 Oct.
608 2989 71 47 23,
712 2989 141 42 1936;
888 2988 66 40 2c.
988 2989 97 39 and
1116 2988 82 41 aff.
1230 2989 119 39 Nov.
1382 2987 55 40 10;
1499 2989 40 39 A
1570 2988 172 49 99758;
1779 2991 61 38 M.
1874 2991 54 40 B.
1962 2990 185 50 Colket,
2181 2990 76 47 jr.,
460 2993 1931 103 Ardmore,
635 3048 85 41 Pa.
788 3045 283 51 (36-36470)

388 3151 285 65 Colligan,
700 3152 156 54 John
882 3152 53 53 J.

460 3227 1884 72 Cosmology, a text-book for colleges, by J. J. Colligan …
386 3306 141 54 New
562 3308 180 66 York,
779 3309 296 54 Fordham
1108 3308 321 68 university
1461 3327 158 49 press
1660 3344 12 33 [
1677 3317 18 20 c
1700 3313 133 50 1936
1839 3343 12 34 ]

458 3382 503 49 3 p. l., 95 p. 22 cm .
459 3440 382 47 Bibliography:
874 3450 43 38 p.
950 3439 159 41 91-92.

388 3493 55 55 ©
476 3499 112 39 Dec.
625 3498 41 49 1,
702 3497 143 49 1936;
882 3496 67 42 2c.
988 3497 95 40 and
1121 3497 81 42 aff.
1239 3499 113 38 Dec.
1389 3497 54 49 4;
1481 3498 43 39 A
1559 3496 201 49 100809;
1801 3496 246 40 Fordham
2087 3494 130 43 univ.
2254 3507 151 38 press.

470 3554 283 49 (36-36578)

387 3659 251 66 Corwin,
666 3661 257 53 Edward
948 3662 209 63 Henry
1183 3660 317 64 Lewinski,
1530 3666 172 50 1885-

457 3735 447 70 Opportunities
950 3738 95 53 for
1090 3739 98 52 the
1234 3737 243 54 medical
1525 3737 303 54 education
1876 3737 63 54 of
1985 3737 253 69 Negroes
2307 3736 93 69 [by]

381 3814 2023 152 E. H. L. Corwin … and Gertrude E. Sturges … with an introduction by Dr. Walter L. Niles … and a foreword by Walter
379 3970 1500 61 White … New York. C. Scribner’s sons. 1936.
