2519 4377
967 4057 129 51 1771

125 495 138 46 Maps
292 504 58 30 on
378 493 363 48 lining-papers.

125 549 244 41 “Selected
401 549 85 41 list
516 550 52 39 of
599 548 301 41 references”:
961 560 42 37 p.
1040 548 247 50 [291]-292.

53 616 53 53 ©
133 621 115 38 Nov.
279 619 67 43 12,
375 618 139 47 1930;
544 618 66 40 2c.
639 619 97 39 and
765 619 80 40 aff.
875 620 118 39 Nov.
1022 620 81 41 20;
1135 621 37 37 A
1204 618 196 42 100585;
1485 650 6 7 H.
1577 653 6 7 H.
1614 620 289 44 Parkhurst,
1933 622 115 38 New

123 676 141 39 York.
334 674 280 51 (30-33948)

50 795 258 61 Parrott,
338 795 328 52 Katherine
697 794 235 63 Ursula,
968 800 168 49 1902-

120 875 137 50 Two
286 872 221 52 novels:
539 873 244 65 Though
814 890 108 48 you
954 872 63 51 be
1050 872 94 51 far
1175 874 110 51 and
1320 873 179 52 When
1532 892 262 47 .summer,
53 880 1966 138 returning,

216 950 1831 68 by Ursula Parrott. New York, Toronto, Longmans.
50 1030 182 52 Green
266 1028 109 53 and
407 1046 96 47 co.,
536 1031 150 51 1936.

123 1113 1030 50 3 p. l., 3-192 p., 3 p. 3-211 p. 21 cm .
120 1187 103 38 The
259 1187 102 39 text
399 1185 51 40 of
486 1184 151 40 When
677 1194 225 36 summer,
944 1184 265 48 returning,
1249 1185 41 39 is
1325 1185 234 48 inverted,
1600 1185 114 39 with
1758 1185 133 40 title:
1934 1187 115 38 Two

51 1243 190 40 novels:
273 1243 152 39 When
456 1251 224 38 summer,
712 1241 255 47 returning
996 1242 90 38 and
1120 1241 203 46 Though
1353 1251 92 37 you
1478 1242 56 39 he
1566 1242 88 38 far.

123 1300 159 39 “First
314 1298 224 40 edition.”

51 1366 53 53 ©
140 1372 126 44 Sept.
303 1370 67 41 10.
407 1368 115 40 1930
583 1369 67 39 2c.
687 1369 127 46 Sept.
849 1367 83 46 22;
974 1368 78 39 aff.
1090 1369 117 39 Nov.
1244 1369 51 39 7:
1336 1370 37 37 A
1410 1367 170 48 98560;
1623 1369 173 39 Ursula
1837 1370 213 43 Parrott,

124 1427 191 42 Wilton.
345 1427 147 40 Conn.
560 1423 280 50 (30-20144)

119 1547 136 50 Two
291 1546 220 51 novels:
546 1545 185 53 When
768 1562 263 37 summer,
1068 1544 299 68 returning
1404 1545 112 52 and
1553 1545 244 68 Though
1836 1563 110 50 you
1982 1545 65 52 be

49 1623 1999 68 far, by Ursula Parrott. New York. Toronto. Longmans.
50 1703 182 53 Green
262 1703 110 52 and
401 1720 97 48 co.,
527 1704 150 50 1936.

119 1785 1032 51 3 p. l., 3-211 p., 3 p. l., 3-192 p. 21 cm .
118 1858 100 40 The
251 1862 101 36 text
384 1858 50 38 of
465 1856 203 48 Though
701 1866 92 37 you
826 1857 57 37 he
918 1856 88 48 far,
1042 1856 39 38 is
1114 1856 234 46 inverted,
1381 1856 117 38 with
1535 1856 133 40 title:
1705 1857 114 38 Two
1853 1858 192 39 novels:

48 1915 200 46 Though
279 1925 91 37 you
402 1915 56 38 be
487 1914 79 39 far
592 1914 95 39 and
719 1914 152 39 When
905 1922 223 31 summer,
1162 1911 266 46 returning.

120 1972 159 39 “First
310 1970 226 42 edition.”

47 2038 53 53 ©
134 2042 126 47 Sept.
294 2041 68 49 10,
396 2040 140 47 1930;
569 2039 67 40 2c.
674 2041 127 47 Sept.
833 2038 83 49 22;
952 2039 82 41 aff.
1067 2040 117 40 Nov.
1219 2039 51 47 7;
1307 2041 40 38 A
1381 2038 198 48 101754;
1619 2040 176 39 Ursula
1833 2040 213 47 Parrott,

117 2098 195 48 Wilton,
340 2097 146 42 Conn.

46 2203 172 63 Pope,
244 2200 208 54 Jennie
474 2201 246 52 Barnes.

116 2274 1925 70 Visualized early European history, by J. B. Pope … edited
46 2351 1997 71 by Robert G. Albion … New York, Oxford book company
51 2466 12 34 [
68 2439 19 21 c
92 2434 132 51 1936
231 2467 11 33 ]

114 2515 81 48 vii,
229 2515 98 47 296,
364 2515 83 50 [16]
480 2525 42 38 p.
584 2514 128 43 illus.
740 2513 135 48 (incl.
906 2515 163 47 maps)
1136 2515 57 40 19
1196 2517 42 22 cm
1245 2548 8 8 .

119 2585 210 40 “Recent
375 2585 332 39 examination
755 2594 173 38 papers
985 2584 142 48 (New
1171 2585 131 39 York
1347 2587 129 39 state
1521 2585 150 42 board
1718 2586 51 40 of
1816 2585 218 50 regents)

45 2642 193 40 ancient
267 2641 95 40 and
390 2641 238 40 medieval
659 2639 244 49 history”:
937 2659 10 31 [
951 2640 70 50 16]
1052 2651 41 38 p.
1124 2643 53 38 at
1203 2641 106 41 end.

117 2697 167 40 “Brief
312 2696 337 49 bibliography
681 2697 51 40 of
761 2697 264 47 secondary
1054 2697 159 40 works
1242 2697 79 40 for
1348 2697 196 41 further
1574 2697 259 49 reading”:
1865 2709 43 38 p.
1927 2699 117 41 289-

44 2753 100 41 290.

46 2821 1998 54 © Nov. 21, 1936; 2c. and aff. Nov. 23; A 99977: Oxford book co., inc.
125 2881 280 51 (36-33967)

45 2987 449 64 Prentice-Hall,
523 2987 128 64 inc.,
679 2988 138 51 New
851 2987 174 51 York.

114 3063 281 54 Taxation
436 3063 272 67 affecting
743 3063 103 52 life
888 3064 310 51 insurance,
1237 3064 105 51 life
1381 3064 293 52 insurance
1716 3069 175 47 trusts
1931 3066 110 51 and

45 3140 1920 69 annuities. 1936 ed. New York. Prentice-Hall, inc. [ c 1936 ]
115 3226 642 50 iv p., 1 l., 161 p. 18½ cm .
45 3293 1997 53 © Sept. 10. 1936; 2c. Sept. 20; aff. Sept. 30; A 99056: Prentice-Hall. inc.
43 3416 211 63 Raeth,
282 3416 225 64 George
533 3415 250 63 Adolph.

113 3492 186 55 Home
329 3491 290 55 furniture
648 3491 237 69 making
915 3491 95 55 for
1040 3497 255 49 amateur
1326 3492 159 54 wood
1518 3492 262 67 workers,
1813 3493 223 52 manual

47 3571 253 67 training
359 3571 220 54 schools
638 3571 112 53 and
811 3571 271 53 students.
1177 3570 351 67 Containing
1586 3571 148 53 clear
1795 3571 245 52 detailed

42 3647 288 69 drawings
359 3649 110 52 and
502 3648 352 68 perspective
884 3645 287 71 drawings
1203 3647 64 54 of
1298 3649 76 51 all
1408 3649 286 66 examples
1727 3649 311 65 presented.

45 3722 1659 72 By G. A. Raeth. Chicago, F. J. Drake & company [t1936]
108 3811 1174 49 1 p. l., 11-244 p. illus. (inch plans) 17 cm .
42 3877 52 53 ©
118 3883 119 39 Mar.
261 3882 41 46 5,
327 3881 138 46 1936;
493 3881 67 42 2c.
587 3883 103 40 Oct.
715 3881 82 48 23;
826 3883 81 39 aff.
935 3883 116 40 Nov.
1074 3883 52 45 0;
1155 3884 38 38 A
1223 3880 199 48 100389;
1452 3880 259 40 Frederick
1739 3883 42 39 J.
1811 3880 163 40 Drake
2001 3884 35 37 &

112 3948 65 29 co.
238 3938 277 48 [Copyright
548 3939 40 37 is
618 3938 204 39 claimed
856 3951 56 26 on
945 3938 236 39 revisions
1214 3938 93 38 and
1341 3937 259 48 additions]

121 3993 280 51 (36-34123)
