2519 4377
1042 4097 133 45 2007

125 440 318 62 Troelstra,
471 440 56 53 S.
560 439 257 64 (Bokma
845 440 68 51 de
941 438 181 64 Boer)

258 525 1870 70 … Afke's ten; told from the Dutch by Marie Kiersted
128 608 258 66 Pidgeon;
460 608 137 51 with
643 607 379 52 illustrations
1064 607 73 67 by
1182 607 180 52 Hilda
1407 625 110 33 van
1562 605 289 55 Stockum.
127 603 1975 149 Philadelphia,
407 685 257 53 London,
695 687 54 51 J.
787 688 63 49 B.
884 684 337 69 Lippincott
1251 702 279 50 company
1567 718 12 34 [
1584 690 18 21 c
1608 686 132 50 1936
1748 717 10 33 ]

200 771 85 39 255
314 781 41 37 p.
387 770 109 40 inch
527 770 143 46 illus.,
702 770 171 47 plates,
933 770 86 41 col.
1049 770 150 40 front.
1257 769 53 39 21
1316 772 44 21 cm
1364 802 9 9 .

198 841 230 43 Author's
456 841 179 46 pseud.,
663 840 159 39 Ninke
848 850 94 29 van
1022 840 197 43 Hichtum,
1248 844 53 37 at
1328 840 121 41 head
1478 840 51 38 of
1558 839 121 41 title.

128 908 53 53 ©
212 912 128 47 Sept.
368 911 69 43 23.
468 911 139 47 1936;
638 911 66 38 2c.
735 911 92 39 and
859 911 82 41 aff.
971 912 101 40 Oct.
1103 914 50 45 1;
1187 913 37 38 A
1254 911 144 39 99247;
1492 942 7 8 J.
1531 912 53 39 B.
1615 910 275 49 Lippincott
1921 922 68 27 co.

209 968 279 49 (36-28518)

128 1089 286 63 Ungerer,
446 1088 171 55 Emil.

197 1180 670 66 Zeit-ordnungsformen
906 1180 97 52 des
1042 1181 371 67 organischen
1453 1180 207 54 lebens,
1699 1197 109 34 von
1849 1179 154 67 prof.
2043 1179 85 53 dr.

129 1258 64 52 E.
225 1259 274 65 Ungerer.
576 1259 255 67 Leipzig,
859 1261 54 50 J.
944 1260 68 51 A.
1045 1259 182 52 Barth
1282 1262 152 63 [1936]

199 1344 24 38 1
250 1353 42 31 v.
357 1342 152 50 (Bios.
564 1342 75 41 bd.
669 1343 53 47 v)

127 1409 55 54 ©
221 1415 114 47 Apr.
374 1414 41 47 3,
457 1413 140 47 1936;
642 1414 66 40 1c.
753 1414 115 49 July
911 1414 54 38 17;
1038 1413 309 46 A-Foreign
1391 1413 171 48 32474;
1608 1413 194 40 Johann
1846 1413 285 40 Ambrosius

201 1471 170 40 Barth.

127 1587 229 67 Virgin,
386 1589 257 55 Herbert
674 1588 287 66 Whiting,
992 1591 171 54 1872-

196 1679 215 54 Eleven
443 1680 113 54 and
589 1699 105 37 one
723 1680 162 54 other
938 1680 93 68 [by]
1068 1681 249 53 Herbert
1349 1680 269 69 Whiting
1650 1678 226 71 Virgin.
126 1680 1979 145 Nashville,
304 1759 196 67 Tenn.,
526 1759 330 54 Broadman
884 1776 157 51 press
1074 1792 13 34 [
1089 1765 21 22 c
1114 1761 152 65 1936]

196 1846 84 40 155
310 1858 41 36 p.
413 1846 56 40 19½
500 1849 44 21 cm
548 1878 8 8 .

128 1912 53 54 ©
208 1917 119 40 Nov.
356 1916 69 48 16,
453 1915 142 48 1936;
627 1916 66 39 2c.
727 1916 94 39 and
852 1917 81 39 aff.
966 1917 118 40 Nov.
1113 1916 83 48 27;
1229 1917 39 38 A
1299 1915 199 49 100708;
1531 1915 281 40 Broadman
1841 1926 149 38 press.

209 1972 222 51 (37-971)

197 2078 183 53 Wake
422 2096 77 47 up
541 2078 162 53 alone
745 2078 111 53 and
898 2077 115 53 like
1053 2078 76 53 it!
1209 2080 57 51 A
1304 2077 305 54 handbook
1651 2078 95 54 for
1785 2078 159 54 those
1988 2077 138 54 with

127 2156 126 53 cold
286 2156 142 65 feet;
465 2155 382 54 illustrations
878 2156 75 66 by
983 2156 261 55 William
1276 2156 281 67 Gropper.
1625 2157 140 52 New
1795 2156 181 65 York,
2009 2157 119 53 The

125 2230 304 72 Macaulay
456 2249 282 53 company
770 2266 13 35 [
787 2238 18 23 c
811 2235 152 66 1936]

197 2318 86 42 179
306 2329 43 39 p.
376 2320 107 40 inch
513 2319 162 46 front.,
703 2320 128 40 illus.
860 2319 134 50 (inch
1021 2317 177 49 music)
1268 2317 56 41 19
1327 2321 44 21 cm
1374 2351 10 9 .

197 2389 314 49 Advertising
535 2391 206 39 matter:
769 2399 44 39 p.
838 2390 98 41 179.

130 2458 53 53 ©
213 2462 119 40 Nov.
364 2461 68 48 19,
465 2460 115 41 1936;
640 2461 68 41 2c.
742 2462 94 39 and
870 2461 81 41 aff.
986 2462 118 40 Nov.
1138 2460 82 49 20;
1257 2463 40 38 A
1330 2460 170 49 99984;
1538 2462 259 48 Macaulay
1830 2473 68 29 co.

209 2517 250 49 (37-1928)

127 2619 367 66 Waldmann,
522 2622 220 63 Anton,
773 2622 171 55 1878-
1156 2621 85 55 ed.

199 2711 299 54 Lehrbuch
546 2712 99 52 der
689 2709 484 71 militärhygiene,
1215 2709 312 55 bearbeitet
1570 2729 110 35 von
1722 2711 89 53 W.
1857 2709 159 71 Asal,
2061 2712 67 52 E.

129 2788 1982 71 Baader, F. W. Brekenfeld [u. a.] … herausgegeben von prof.
129 2866 2000 71 dr. A. Waldmann … und prof. dr. W. Hoffmann … Mit 174
129 2946 385 69 abbildungen
559 2947 118 52 und
721 2945 357 54 zahlreichen
1123 2945 260 54 tabellen.
1465 2946 218 68 Berlin,
1725 2947 55 54 J.
1829 2946 298 71 Springer,

132 3028 148 50 1936.

199 3108 1332 52 xix, 759, [1] p. illus. (inch plans) diagrs. 26 cm .
199 3180 225 41 Includes
460 3181 393 48 bibliographies.

129 3248 1853 56 © May 28, 1936; 1c. Dec. 3; A-Foreign 33643; Julius Springer.
210 3309 250 48 (37-1856)

128 3413 218 64 Walsh,
372 3415 173 63 Mary
571 3414 326 56 Elizabeth.

197 3503 120 55 The
360 3505 179 53 saints
581 3506 112 52 and
736 3505 172 54 social
952 3506 184 68 work;
1183 3525 30 34 a
1258 3506 172 69 study
1472 3505 65 54 of
1576 3506 98 53 the
1715 3511 310 49 treatment
2065 3506 63 54 of

130 3591 236 60 poverty
402 3603 60 34 as
499 3584 323 54 illustrated
858 3585 75 68 by
971 3586 94 52 the
1102 3585 140 53 lives
1279 3585 64 53 of
1379 3586 95 52 the
1510 3585 179 53 saints
1725 3586 112 53 and
1874 3585 152 54 beati
2065 3586 63 53 of

127 3660 1998 73 the last one hundred years … by Mary Elizabeth Walsh, m. a.
127 3738 399 71 Washington,
556 3743 70 51 D.
662 3742 81 67 C.,
774 3743 120 52 The
926 3742 262 55 Catholic
1217 3741 319 71 university
1565 3743 64 53 of
1658 3743 284 69 America,
1978 3747 148 51 1936.

196 3827 86 39 viii
308 3837 58 38 p.,
395 3828 25 38 1
483 3858 9 16 l.,
520 3827 85 41 199
632 3839 44 37 p.
732 3828 56 41 23
791 3833 45 21 cm
840 3862 8 8 .

196 3896 171 41 Thesis
407 3899 106 48 (PH.
575 3898 332 47 D.)—Catholic
939 3900 273 48 university
1245 3901 51 42 of
1328 3900 238 40 America.

128 3962 53 53 ©
206 3968 115 40 Nov.
350 3968 68 47 30,
446 3968 140 47 1936;
616 3972 68 38 2c.
713 3971 92 38 and
835 3972 82 39 aff.
950 3973 111 39 Dec.
1091 3973 16 37 1;
1175 3974 38 37 A
1244 3971 198 47 101073;
1475 3971 224 41 Catholic
1727 3970 127 41 univ.
1886 3972 51 37 of
200 3973 1908 91 America.
358 4024 249 40 (37-1765)
