2519 4377
1305 4133 134 49 1144

371 439 952 69 Gross, Milt, 1895- il lus.
438 519 226 55 What’s
699 520 149 53 this?
929 521 92 66 By
1054 521 136 56 Milt
1227 521 193 69 Gross,
1456 523 216 53 Robert
1706 527 137 50 Low
1882 526 113 52 and
2031 527 123 50 Lou
2187 526 202 55 Wede

368 616 140 36 mar.
585 599 142 52 New
755 598 181 66 York,
967 599 199 56 Simon
1193 601 112 52 and
1337 597 289 72 Schuster,
1656 606 151 51 1936.

441 670 499 49 96 p. illus. 20 cm .
441 742 293 39 Illustrated
766 741 366 49 lining-papers.

440 800 41 39 A
504 809 141 38 game;
697 800 332 41 illustrations
1053 800 60 47 by
1139 800 111 39 Milt
1274 801 149 40 Gross
1448 801 96 40 and
1568 801 179 49 jingles
1771 802 62 48 by
1858 803 116 39 Low
1998 803 97 40 and
2119 804 271 40 Wedemar.

373 866 52 53 ©
451 871 128 40 June
606 871 71 47 12,
704 869 115 42 1936;
871 871 68 39 2c.
968 872 126 39 June
1121 872 56 40 17;
1234 872 84 40 aff.
1345 872 131 40 June
1498 872 83 47 30;
1611 873 41 39 A
1678 872 145 41 96251;
1885 873 166 41 Simon
2079 875 37 40 &
2145 874 245 50 Schuster,

441 927 93 43 inc.

368 1034 261 64 Haxton,
659 1033 211 55 Jennie
896 1033 288 57 Norman.

443 1109 142 70 Step
614 1109 77 71 by
720 1115 125 64 step
874 1110 63 54 in
964 1112 98 53 the
1090 1129 242 52 nursery
1363 1112 210 69 school,
1603 1113 78 68 by
1708 1114 208 55 Jennie
1949 1115 71 53 N.
2051 1116 242 52 Haxton
2327 1158 57 11 ...

369 1191 113 53 and
515 1189 185 56 Edith
726 1190 230 57 Wilcox
989 1236 56 10 ...
1126 1189 236 58 Garden
1392 1191 154 69 City,
1576 1193 72 54 N.
1680 1193 91 67 Y.,
1800 1193 360 68 Doubleday,
2189 1195 202 53 Doran

366 1269 743 70 & company, inc. [ c 1936]
441 1342 1115 51 xiv p., 1 l., 224 p. front., plates. 19½ cm .
443 1413 148 41 “This
627 1415 124 41 book
787 1416 278 46 represents
1100 1414 267 50 procedure
1401 1415 50 39 in
1486 1425 27 31 a
1548 1424 210 40 nursery
1790 1416 165 40 school
1989 1415 304 43 maintained
2330 1417 60 49 by

372 1471 82 42 the
484 1472 120 41 New
633 1471 134 42 York
795 1472 353 49 kindergarten
1178 1471 638 43 association.”—Author’s
1847 1473 122 50 pref.

442 1528 216 42 Editor’s
686 1529 199 48 preface
913 1529 170 49 signed;
1141 1530 171 41 Albert
1340 1529 140 42 Fink.

442 1586 165 44 “First
637 1585 233 46 edition.”

370 1655 53 54 ©
449 1660 117 47 July
592 1661 72 47 17,
690 1659 115 41 1936;
860 1660 68 41 2c.
955 1660 97 40 and
1078 1660 83 41 aff.
1190 1660 117 48 July
1334 1661 56 39 22;
1446 1662 42 38 A
1511 1659 145 43 96582;
1715 1660 301 49 Doubleday,
2048 1662 167 39 Doran
2245 1661 36 40 &
2306 1670 83 40 co.,

439 1718 92 40 inc.
603 1717 285 50 (36-18416)

366 1820 287 66 Hendrix,
684 1820 256 56 William
968 1819 258 66 Samuel,
1256 1824 173 54 1887-

438 1899 55 52 A
543 1900 249 53 cultural
843 1897 254 70 Spanish
1144 1899 219 68 reader,
1411 1899 75 67 by
1534 1899 90 54 W.
1674 1897 57 57 S.
1781 1898 271 53 Hendrix
2105 1942 57 9 ...
2249 1899 136 53 New

368 1977 181 69 York,
575 1977 78 53 H.
682 1977 149 53 Holt
856 1977 113 53 and
998 1994 284 52 company
1314 2010 13 35 [
1332 1982 18 22 c
1354 1979 155 66 1936]

436 2052 97 48 xiv,
567 2051 99 50 162,
699 2061 92 29 cxv
822 2061 44 38 p.
927 2050 146 50 illus.,
1107 2061 125 38 map.
1296 2049 59 41 19½cm.

435 2122 143 51 Maps
607 2134 62 31 on
700 2122 367 51 lining-papers.

438 2180 176 42 “Facts
653 2181 293 49 concerning
986 2180 212 49 Spanish
1235 2179 318 49 civilization,
1592 2179 274 49 literature,
1907 2180 205 48 history,
2152 2182 93 46 art,
367 2191 2002 90 customs
518 2239 97 41 and

641 2249 232 32 manners
904 2270 47 10 ...
1008 2238 120 42 This
1154 2238 125 42 book
1304 2248 102 32 was
1433 2238 199 42 written
1658 2238 257 50 primarily
1944 2237 79 42 for
2052 2239 139 41 radio
364 2239 2005 108 broadcasting.”—Introd.

438 2353 264 43 Published
741 2355 50 39 in
831 2353 114 42 1933
985 2355 50 39 in
1074 2353 397 50 mimeographed
1508 2353 130 43 form
1677 2355 154 41 under
1870 2355 82 41 the
1992 2355 109 41 title;
366 2355 2001 105 Elementary

509 2411 212 50 Spanish
752 2413 187 41 reader.

438 2470 227 41 Includes
701 2469 396 50 bibliographies.

369 2536 53 54 ©
451 2541 117 47 July
597 2541 71 48 28,
701 2540 143 48 1936;
876 2540 68 41 2c.
972 2540 97 41 and
1100 2540 82 41 aff.
1214 2541 119 47 Aug.
1367 2541 82 46 18;
1483 2540 43 40 A
1554 2540 171 48 97416;
1759 2542 170 46 Henry
1961 2541 121 40 Holt
2113 2542 39 40 &
2180 2550 82 38 co.,
2296 2541 90 40 inc.

450 2597 285 52 (36-18488)

365 2704 192 64 Hillis,
584 2703 309 66 Marjorie.

437 2782 140 55 Live
619 2783 165 53 alone
827 2782 113 54 and
982 2780 114 55 like
1139 2781 74 67 it;
1261 2801 32 34 a
1334 2780 173 70 guide
1549 2781 95 54 for
1684 2782 97 54 the
1824 2787 163 48 extra
2029 2800 241 47 woman,
2310 2782 74 68 by

369 2860 276 71 Marjorie
695 2860 211 68 Hillis;
958 2859 142 55 with
1151 2878 73 36 an
1273 2859 391 56 introduction
1713 2860 76 69 by
1839 2860 199 54 Frank
364 2859 2020 148 Crownin-shield;
619 2938 295 71 drawings
950 2939 77 72 by
1064 2938 146 70 Cipé
1247 2939 243 55 Pineles.
1566 2939 422 69 Indianapolis,
2026 2939 140 54 New
2206 2939 179 68 York,

365 3017 1140 70 The Bobbs-Merrill company [ c 1936]
436 3091 912 51 xii p., 1 l., 15-149 p. illus. 21 cm .
436 3150 164 41 “First
636 3148 232 43 edition.”

368 3214 53 54 ©
447 3220 116 46 July
589 3220 70 48 31,
687 3219 118 41 1936;
859 3220 67 40 2c.
955 3221 120 46 Aug.
1103 3221 53 46 7;
1184 3219 83 42 aff.
1295 3221 120 46 Aug.
1447 3219 54 40 10;
1560 3221 41 38 A
1628 3219 171 47 96844;
1832 3218 372 41 Bobbs-Merrill
2232 3228 68 31 co.

450 3276 284 49 (36-27349)

363 3380 287 64 Hispanic
675 3380 230 65 society
927 3380 64 54 of
1015 3380 298 56 America.

435 3456 216 56 Arabic
682 3456 373 69 inscriptions
1086 3457 59 53 in
1177 3458 96 53 the
1302 3457 297 54 collection
1632 3456 64 54 of
1726 3458 96 52 the
1852 3457 287 68 Hispanic
2171 3457 211 67 society

365 3534 65 56 of
457 3536 288 70 America,
772 3536 75 70 by
876 3537 243 56 Werner
1147 3536 206 57 Caskel
1387 3583 56 10 ...
1476 3537 319 56 translated
1824 3535 155 55 from
2007 3537 96 53 the
2131 3536 251 57 German

365 3614 75 70 by
489 3615 263 53 Beatrice
799 3615 237 56 Gilman
1084 3617 244 68 Proske;
1378 3615 142 55 with
1567 3616 155 68 sixty
1768 3616 398 54 illustrations.
2243 3617 139 52 New

367 3695 180 66 York,
575 3695 244 53 Printed
846 3694 76 69 by
950 3696 169 53 order
1144 3694 65 55 of
1234 3695 97 53 the
1356 3700 259 60 trustees,
1642 3699 150 50 1936.

437 3766 105 49 xiii,
575 3767 58 40 44
668 3779 58 38 p.,
763 3768 26 40 1
845 3799 9 9 l.
914 3769 173 47 plates.
1148 3768 25 40 30½
1237 3770 44 21 cm
1287 3800 8 8 .
1367 3767 279 49 (Half-title;
1704 3766 241 50 Hispanic
1980 3768 138 39 notes
2157 3766 36 41 &
367 3777 1999 95 monographs;
615 3834 183 39 essays,
836 3825 202 50 studies,
1076 3827 96 39 and
1211 3825 129 41 brief
1377 3824 310 50 biographies
1724 3825 164 40 issued
1927 3826 59 46 by
2027 3825 81 40 the
2145 3823 237 50 Hispanic

366 3882 183 49 society
577 3883 53 40 of
659 3882 251 49 America)

439 3939 382 43 “References”;
852 3951 43 39 p.
926 3940 160 44 39-40.

365 4006 52 53 ©
442 4011 116 47 July
584 4011 69 48 30,
681 4010 140 48 1936;
850 4011 67 41 2c.
945 4011 96 41 and
1069 4012 82 40 aff.
1177 4012 121 45 Aug.
1326 4011 51 48 6;
1407 4012 40 38 A
1473 4010 144 41 97270;
1675 4009 240 48 Hispanic
1942 4018 94 32 soc.
2064 4009 53 39 of
2141 4005 239 50 America,

436 4068 359 34 New York (36-18489)
