2597 4361
1107 4038 66 49 29

141 492 446 69 alphabetically
634 492 282 68 arranged
962 491 75 68 by
1080 490 264 70 subjects,
1387 491 247 69 originaly
1744 493 283 68 compiled
2073 496 72 67 by

142 572 194 67 Tryon
369 570 299 67 Edwards,
701 587 48 35 d.
785 588 49 34 d.
904 569 137 52 Rev.
1079 569 113 52 and
1226 570 108 54 enl.
1368 568 74 69 by
1480 568 61 57 C.
1578 569 70 54 N.
1687 569 290 69 Catrevas,
2010 593 51 32 a.
2098 591 48 35 b.

141 647 2007 70 and Jonathan Edwards, a. m. … London, New York, Classic
141 728 335 68 publishing
512 745 280 50 company
831 760 13 33 [
849 733 18 22 c
873 729 134 50 1936
1012 760 13 34 ]

211 800 1927 54 3 p. l. , V-XXXV, [1], 746 (i. e. 762), v-xxxiv p. illus. (incl. ports.)
141 859 153 48 diagr.
355 858 56 40 23½
444 860 45 21 cm
492 889 9 8 .

212 928 156 39 Extra
396 927 265 40 numbered
690 937 145 38 pages
863 925 230 43 inserted.

139 995 55 52 ©
226 999 109 39 Jan.
372 998 39 48 2,
449 998 140 47 1936;
628 998 68 40 2c.
735 998 109 39 Jan.
882 998 81 46 16;
1004 997 82 41 aff.
1125 998 110 40 Jan.
1273 999 82 46 14;
1396 999 43 39 A
1473 998 172 49 90316;
1687 1000 234 41 Orsamus
1960 1002 189 39 Turner

212 1055 190 48 Harris,
450 1056 120 39 New
614 1055 144 41 York.
839 1055 283 49 [Copyright
1164 1056 43 39 is
1254 1055 206 40 claimed
1507 1068 63 28 on
1615 1056 238 41 revisions
1899 1059 97 39 and
2041 1067 107 32 new

206 1116 194 45 matter]
470 1112 251 50 (36-1140)

142 1215 298 62 Entrikin,
477 1216 226 53 Bertha
736 1214 126 54 Bell
904 1216 335 63 (Umstott)
1282 1216 173 53 “Mrs.
1493 1216 67 54 E.
1597 1216 67 56 G.
1700 1216 337 55 Entrikin.”

212 1293 267 69 Canyons
515 1293 186 69 grand
738 1293 113 52 and
888 1293 188 53 desert
1109 1293 161 68 sand,
1307 1293 75 68 by
1418 1293 218 53 Bertha
1670 1293 130 54 Bell
1837 1292 306 68 Entrikin;

145 1371 2000 70 illustrated by the author … Kansas City [Mo.] The Raymond
145 1449 1007 70 Youmans publishing co. [ c 1935]
210 1525 57 40 49
299 1536 44 38 p.
403 1524 142 48 illus.,
579 1524 171 49 plates.
809 1524 58 42 28½
900 1527 43 21 cm
948 1557 9 9 .

212 1595 148 42 Prose
392 1596 97 40 and
518 1597 186 47 poetry.

140 1663 52 53 ©
216 1668 110 39 Dec.
352 1667 38 48 6,
415 1666 140 48 1935;
581 1667 68 40 2c.
675 1668 95 39 and
792 1667 83 39 aff.
901 1668 107 39 Jan.
1033 1667 70 47 20,
1127 1666 117 41 1936
1259 1678 9 31 ;
1295 1667 41 39 A
1360 1665 144 42 91313
1523 1677 9 37 ;
1560 1667 185 40 Bertha
1771 1667 110 39 Bell
1903 1664 243 51 Entrikin,

210 1724 248 48 Cameron,
488 1726 92 39 Mo.
647 1724 252 49 (36-1261)

142 1827 265 66 Ericson,
435 1830 138 52 Mrs.
603 1827 148 54 Elna
778 1826 338 57 Danielson.

211 1903 282 68 Glimpses
525 1902 64 54 of
619 1920 165 50 grace
818 1903 113 52 and
962 1902 182 69 glory,
1176 1902 75 68 by
1284 1901 151 55 Elna
1479 1901 366 70 (Danielson)
1889 1900 256 55 Ericson.

145 1980 1172 69 Andover, Ill., Mrs. F. Ericson [ c 1935]
209 2054 29 37 4
262 2063 42 38 p.
330 2053 44 48 I.,
400 2052 86 39 119
511 2063 41 37 p.
614 2052 57 40 20½
703 2054 43 21 cm
752 2085 8 8 .

211 2123 184 41 Poems.

140 2193 53 53 ©
221 2198 117 39 Nov.
368 2196 69 48 29,
469 2196 113 41 1935
601 2207 8 36 ;
641 2196 66 41 2c.
736 2198 112 38 Dec.
874 2196 56 40 13
949 2207 8 36 ;
990 2196 83 40 aff.
1104 2197 110 39 Jan.
1246 2196 39 48 6,
1317 2196 114 40 1936
1449 2207 9 36 ;
1492 2197 39 38 A
1561 2195 146 40 91212
1724 2207 9 36 ;
1768 2198 124 39 Elna
1923 2197 63 39 M.
209 2193 1922 109 Ericson,
333 2255 239 47 Andover,
599 2255 75 39 Ill.
737 2253 253 50 (36-1724)

144 2357 161 64 Ertz,
337 2358 212 54 Susan.

213 2432 239 53 Woman
500 2432 146 52 alive
696 2431 91 68 [by]
856 2430 186 55 Susan
1086 2431 170 66 Ertz;
1304 2430 142 55 with
1490 2432 381 53 illustrations
1915 2430 72 68 by
2032 2428 115 70 Bip

142 2509 188 53 Pares.
400 2508 274 69 [London]
707 2507 238 55 Hodder
972 2508 112 53 and
1114 2506 340 70 Stoughton,
1482 2510 150 51 1935.

209 2579 100 49 206,
344 2580 56 50 [1]
432 2591 43 38 p.
537 2579 128 42 illus.
724 2579 58 41 20
782 2582 45 21 cm
832 2611 9 9 .

140 2649 2008 53 © 1c. Dec. 30, 1935 ; A ad int. 20994 ; pubd. Oct. 31 ; D. Appleton-Century
209 2721 82 36 co.,
320 2710 106 47 inc.,
455 2711 118 39 New
602 2710 144 39 York.
815 2709 252 49 (36-1305)

144 2815 197 64 Ewen,
370 2814 210 65 David,
609 2817 171 53 1907-

212 2891 122 53 The
363 2909 133 34 man
530 2891 141 52 with
703 2891 97 53 the
831 2891 203 66 baton;
1066 2890 98 53 the
1194 2897 157 62 story
1386 2890 65 54 of
1480 2891 337 53 conductors
1853 2890 113 53 and
1997 2890 150 53 their

142 2970 333 65 orchestras,
517 2969 75 66 by
634 2968 194 54 David
872 2969 204 52 Ewen:
1123 2969 142 53 with
1307 2987 70 35 an
1418 2968 394 54 introduction
1853 2968 74 68 by
1973 2967 176 69 Serge

144 3046 2003 69 Koussevitzky … New York, Thomas Y. Crowell company
148 3159 12 33 [
165 3133 19 21 c
188 3128 153 65 1936]

213 3199 87 40 374
327 3210 42 38 p.
429 3199 165 48 front.,
626 3201 149 46 ports.
834 3199 57 40 22½
923 3201 44 22 cm
972 3232 9 8 .

217 3268 371 49 “Biographical
621 3268 170 49 guide”
811 3279 9 30 :
851 3280 43 38 p.
930 3268 248 50 [293]-353.

216 3325 348 48 Bibliography
583 3336 9 29 :
626 3336 43 37 p.
705 3325 247 49 [355]-362.

142 3390 52 53 ©
220 3396 109 39 Jan.
356 3395 39 46 6,
420 3396 140 40 1936:
589 3395 67 41 2c.
683 3396 107 39 Jan.
818 3396 54 39 11
891 3407 8 36 ;
930 3395 82 41 aff.
1038 3396 110 40 Jan.
1176 3396 52 46 8;
1257 3396 41 39 A
1323 3395 172 48 90268;
1524 3397 211 39 Thomas
1762 3396 55 40 Y.
1845 3394 206 42 Crowell
2077 3403 69 33 co.

220 3452 251 47 (36-1574)

147 3552 313 55 Farmville
488 3554 224 56 herald.

215 3629 201 68 Today
448 3631 112 51 and
591 3629 302 71 yesterday
921 3632 61 52 in
1013 3632 101 53 the
1139 3632 165 53 heart
1332 3631 65 53 of
1426 3630 301 70 Virginia;
1763 3649 31 34 a
1826 3629 223 70 reprint
2080 3628 64 54 of

148 3706 1972 145 the edition of the Farmville herald, March 29, 1935 … Farmville. Va., The Farmville herald, 1935.
216 3855 1925 55 3 p. l. , [9]-427 p., 1 l. illus. (incl. ports., plans) maps (1 fold.) 28 cm .
218 3912 71 41 On
313 3924 140 31 cover
471 3925 9 29 :
505 3914 268 42 Historical
799 3918 225 40 research
1047 3917 51 40 in
1124 3916 338 50 Cumberland,
1491 3917 334 48 Buckingham
1850 3917 95 39 and
1972 3916 169 40 Prince

190 3970 168 40 Edward
387 3972 232 42 counties.
