<alto xmlns="http://www.loc.gov/standards/alto/ns-v3#" xmlns:xsi="http://www.w3.org/2001/XMLSchema-instance" xsi:schemaLocation="http://www.loc.gov/standards/alto/ns-v3# http://www.loc.gov/alto/v3/alto-3-0.xsd"><Description>
<MeasurementUnit>pixel</MeasurementUnit>
<sourceImageInformation>
<fileName>1936_v33_Part1.pdf</fileName>
</sourceImageInformation>
<OCRProcessing ID="IdOcr">
<ocrProcessingStep>
<processingDateTime>2019-01-18</processingDateTime>
<processingSoftware>
<softwareCreator>ABBYY</softwareCreator>
<softwareName>ABBYY Recognition Server</softwareName>
<softwareVersion>4.0</softwareVersion>
</processingSoftware>
</ocrProcessingStep>
</OCRProcessing>
</Description>
<Styles>
<ParagraphStyle ALIGN="Left" FIRSTLINE="0." ID="StyleId-FFFFFFFF-FFFF-FFFF-FFFF-FFFFFFFFFFFF-" LEFT="0." RIGHT="0." />
<ParagraphStyle ALIGN="Left" FIRSTLINE="0." ID="StyleId-51D50FAC-7A90-4D70-8A96-5EA9D46D1C8B-" LEFT="0." LINESPACE="7.699999809" RIGHT="0." />
<ParagraphStyle ALIGN="Block" FIRSTLINE="-17." ID="StyleId-6BC133E9-7DCB-43C3-8842-A67984A26405-" LEFT="0." LINESPACE="8.340000153" RIGHT="0." />
<ParagraphStyle ALIGN="Left" FIRSTLINE="-13." ID="StyleId-3C3FF860-43E7-46A2-8934-48F305F6F0D6-" LEFT="0." LINESPACE="11.06999969" RIGHT="0." />
<ParagraphStyle ALIGN="Block" FIRSTLINE="-13." ID="StyleId-19220C76-4F8A-4737-B38C-B5F5C17E6040-" LEFT="0." LINESPACE="11.06999969" RIGHT="0." />
<ParagraphStyle ALIGN="Left" FIRSTLINE="0." ID="StyleId-75A0D721-13ED-4F20-9002-B389EC48477D-" LEFT="0." LINESPACE="15.5" RIGHT="0." />
<ParagraphStyle ALIGN="Left" FIRSTLINE="0." ID="StyleId-8A414184-C7A5-4AC7-9B88-7DA4DDE75922-" LEFT="0." LINESPACE="9.399999619" RIGHT="0." />
<ParagraphStyle ALIGN="Left" FIRSTLINE="0." ID="StyleId-1A87970B-111C-4169-99A6-9412976F3C97-" LEFT="0." LINESPACE="10.5" RIGHT="0." />
<ParagraphStyle ALIGN="Block" FIRSTLINE="-17." ID="StyleId-72DB0571-5AE4-41FD-9E11-68C6AC4C437E-" LEFT="0." LINESPACE="8.340000153" RIGHT="0." />
<ParagraphStyle ALIGN="Center" FIRSTLINE="0." ID="StyleId-1AA43056-C388-4697-B10F-72FDAA38FAE1-" LEFT="0." LINESPACE="10.5" RIGHT="0." />
</Styles>
<Layout>
<Page HEIGHT="4377" ID="Page1298" PHYSICAL_IMG_NR="1298" WIDTH="2519">
<TopMargin HEIGHT="408" HPOS="0" VPOS="0" WIDTH="2519">
</TopMargin>
<LeftMargin HEIGHT="3752" HPOS="0" VPOS="408" WIDTH="372">
</LeftMargin>
<RightMargin HEIGHT="3752" HPOS="2420" VPOS="408" WIDTH="99">
</RightMargin>
<BottomMargin HEIGHT="217" HPOS="0" VPOS="4160" WIDTH="2519">
</BottomMargin>
<PrintSpace HEIGHT="3752" HPOS="372" VPOS="408" WIDTH="2048">
<TextBlock HEIGHT="72" HPOS="1316" ID="Page1298_Block1" LANG="en-US" STYLEREFS="StyleId-55A3BFD8-8388-4E42-A7F0-A76FE3E7C241-" VPOS="4088" WIDTH="154">
<TextLine HEIGHT="53" HPOS="1327" VPOS="4098" WIDTH="133">
<String CONTENT="1298" HEIGHT="53" HPOS="1327" VPOS="4098" WIDTH="133" />
</TextLine>
</TextBlock>
<TextBlock CS="1" HEIGHT="3684" HPOS="372" ID="Page1298_Block2" STYLEREFS="StyleId-0E730B76-5F5C-4DDC-AE67-2855BF2A9196-" VPOS="408" WIDTH="2048">
<TextLine HEIGHT="50" HPOS="456" LANG="en-US" VPOS="506" WIDTH="1145">
<String CONTENT="xii," HEIGHT="49" HPOS="456" VPOS="506" WIDTH="86" />
<SP HEIGHT="48" HPOS="543" VPOS="507" WIDTH="29" />
<String CONTENT="990," HEIGHT="48" HPOS="573" VPOS="506" WIDTH="101" />
<SP HEIGHT="36" HPOS="675" VPOS="518" WIDTH="30" />
<String CONTENT="xii" HEIGHT="40" HPOS="706" VPOS="507" WIDTH="70" />
<SP HEIGHT="48" HPOS="777" VPOS="507" WIDTH="28" />
<String CONTENT="p." HEIGHT="37" HPOS="806" VPOS="518" WIDTH="44" />
<SP HEIGHT="42" HPOS="851" VPOS="506" WIDTH="59" />
<String CONTENT="illus." HEIGHT="41" HPOS="911" VPOS="506" WIDTH="130" />
<SP HEIGHT="49" HPOS="1042" VPOS="506" WIDTH="28" />
<String CONTENT="(incl." HEIGHT="49" HPOS="1071" VPOS="506" WIDTH="134" />
<SP HEIGHT="38" HPOS="1206" VPOS="518" WIDTH="30" />
<String CONTENT="ports.)" HEIGHT="48" HPOS="1237" VPOS="508" WIDTH="178" />
<SP HEIGHT="48" HPOS="1416" VPOS="508" WIDTH="67" />
<String CONTENT="21" HEIGHT="40" HPOS="1484" VPOS="508" WIDTH="57" />
<String CONTENT="cm" HEIGHT="22" HPOS="1543" STYLE="superscript" VPOS="511" WIDTH="48" />
<String CONTENT="." HEIGHT="8" HPOS="1593" VPOS="540" WIDTH="8" />
</TextLine>
<TextLine CS="1" HEIGHT="56" HPOS="389" LANG="en-US" VPOS="573" WIDTH="2018">
<String CONTENT="&#169;" HEIGHT="54" HPOS="389" VPOS="573" WIDTH="54" />
<SP HEIGHT="54" HPOS="444" VPOS="573" WIDTH="34" />
<String CONTENT="Aug." HEIGHT="47" HPOS="479" VPOS="578" WIDTH="122" />
<SP HEIGHT="40" HPOS="602" VPOS="579" WIDTH="35" />
<String CONTENT="7," HEIGHT="47" HPOS="638" VPOS="579" WIDTH="41" />
<SP HEIGHT="47" HPOS="680" VPOS="579" WIDTH="36" />
<String CONTENT="1936;" CS="1" HEIGHT="40" HPOS="717" VPOS="578" WIDTH="119" />
<SP HEIGHT="47" HPOS="861" VPOS="578" WIDTH="37" />
<String CONTENT="2c." HEIGHT="40" HPOS="899" VPOS="578" WIDTH="68" />
<SP HEIGHT="41" HPOS="968" VPOS="578" WIDTH="40" />
<String CONTENT="Sept." HEIGHT="49" HPOS="1009" VPOS="578" WIDTH="129" />
<SP HEIGHT="41" HPOS="1139" VPOS="578" WIDTH="34" />
<String CONTENT="28;" CS="1" HEIGHT="42" HPOS="1174" VPOS="578" WIDTH="61" />
<SP HEIGHT="38" HPOS="1259" VPOS="589" WIDTH="38" />
<String CONTENT="aff." HEIGHT="41" HPOS="1298" VPOS="579" WIDTH="85" />
<SP HEIGHT="40" HPOS="1384" VPOS="580" WIDTH="40" />
<String CONTENT="Sept." HEIGHT="47" HPOS="1425" VPOS="580" WIDTH="130" />
<SP HEIGHT="43" HPOS="1556" VPOS="579" WIDTH="35" />
<String CONTENT="29;" CS="1" HEIGHT="41" HPOS="1592" VPOS="579" WIDTH="59" />
<SP HEIGHT="48" HPOS="1676" VPOS="580" WIDTH="39" />
<String CONTENT="A" HEIGHT="40" HPOS="1716" VPOS="580" WIDTH="43" />
<SP HEIGHT="42" HPOS="1760" VPOS="579" WIDTH="34" />
<String CONTENT="98693;" CS="1" HEIGHT="43" HPOS="1795" VPOS="579" WIDTH="145" />
<SP HEIGHT="46" HPOS="1969" VPOS="582" WIDTH="38" />
<String CONTENT="Boy" HEIGHT="47" HPOS="2008" VPOS="582" WIDTH="105" />
<SP HEIGHT="38" HPOS="2114" VPOS="591" WIDTH="36" />
<String CONTENT="scouts" HEIGHT="40" HPOS="2151" VPOS="581" WIDTH="165" />
<SP HEIGHT="30" HPOS="2317" VPOS="591" WIDTH="36" />
<String CONTENT="of" HEIGHT="40" HPOS="2354" VPOS="581" WIDTH="53" />
</TextLine>
<TextLine HEIGHT="42" HPOS="457" LANG="en-US" VPOS="634" WIDTH="241">
<String CONTENT="America." HEIGHT="42" HPOS="457" VPOS="634" WIDTH="241" />
</TextLine>
<TextLine HEIGHT="64" HPOS="385" LANG="en-US" STYLEREFS="StyleId-7DC8A80B-3F0D-42BE-9BC2-9CDE3AFD8F32-" VPOS="740" WIDTH="834">
<String CONTENT="Brauer," HEIGHT="64" HPOS="385" VPOS="740" WIDTH="247" />
<SP HEIGHT="62" HPOS="633" VPOS="742" WIDTH="26" />
<String CONTENT="William" HEIGHT="55" HPOS="660" VPOS="740" WIDTH="258" />
<SP HEIGHT="54" HPOS="919" VPOS="742" WIDTH="24" />
<String CONTENT="Wallace." HEIGHT="56" HPOS="944" VPOS="740" WIDTH="275" />
</TextLine>
<TextLine CS="1" HEIGHT="71" HPOS="460" LANG="en-US" STYLEREFS="StyleId-9AAEF693-C9C8-467E-9479-BC2C3DB1190B-" VPOS="817" WIDTH="1885">
<String CONTENT="The" HEIGHT="54" HPOS="460" VPOS="817" WIDTH="121" />
<SP HEIGHT="34" HPOS="582" VPOS="837" WIDTH="40" />
<String CONTENT="worst" HEIGHT="47" HPOS="623" VPOS="824" WIDTH="177" />
<SP HEIGHT="52" HPOS="801" VPOS="818" WIDTH="35" />
<String CONTENT="is" HEIGHT="53" HPOS="837" VPOS="818" WIDTH="47" />
<SP HEIGHT="50" HPOS="885" VPOS="836" WIDTH="37" />
<String CONTENT="yet" HEIGHT="61" HPOS="923" VPOS="825" WIDTH="98" />
<SP HEIGHT="49" HPOS="1022" VPOS="824" WIDTH="33" />
<String CONTENT="to" HEIGHT="47" HPOS="1056" VPOS="824" WIDTH="59" />
<SP HEIGHT="34" HPOS="1116" VPOS="837" WIDTH="39" />
<String CONTENT="come," HEIGHT="51" HPOS="1156" VPOS="836" WIDTH="171" />
<SP HEIGHT="69" HPOS="1328" VPOS="818" WIDTH="38" />
<String CONTENT="by" HEIGHT="70" HPOS="1367" VPOS="818" WIDTH="76" />
<SP HEIGHT="69" HPOS="1444" VPOS="819" WIDTH="33" />
<String CONTENT="William" HEIGHT="54" HPOS="1478" VPOS="819" WIDTH="265" />
<SP HEIGHT="54" HPOS="1744" VPOS="820" WIDTH="34" />
<String CONTENT="Wallace" HEIGHT="54" HPOS="1779" VPOS="820" WIDTH="258" />
<SP HEIGHT="53" HPOS="2038" VPOS="820" WIDTH="40" />
<String CONTENT="Brauer" HEIGHT="52" HPOS="2079" VPOS="820" WIDTH="222" />
<SP HEIGHT="33" HPOS="2302" VPOS="839" WIDTH="43" />
<String CONTENT="&#8230;" CS="1" />
</TextLine>
<TextLine CS="1" HEIGHT="70" HPOS="393" LANG="en-US" STYLEREFS="StyleId-9AAEF693-C9C8-467E-9479-BC2C3DB1190B-" VPOS="896" WIDTH="834">
<String CONTENT="[Washington," HEIGHT="69" HPOS="393" VPOS="897" WIDTH="424" />
<SP HEIGHT="67" HPOS="818" VPOS="898" WIDTH="29" />
<String CONTENT="D." HEIGHT="52" HPOS="848" VPOS="898" WIDTH="72" />
<SP HEIGHT="56" HPOS="921" VPOS="896" WIDTH="34" />
<String CONTENT="C.," HEIGHT="70" HPOS="956" VPOS="896" WIDTH="82" />
<SP HEIGHT="62" HPOS="1039" VPOS="904" WIDTH="29" />
<String CONTENT="c" HEIGHT="21" HPOS="1069" STYLE="superscript" VPOS="904" WIDTH="19" />
<String CONTENT="1936]" CS="1" HEIGHT="51" HPOS="1092" VPOS="900" WIDTH="135" />
</TextLine>
<TextLine HEIGHT="49" HPOS="460" LANG="en-US" STYLEREFS="StyleId-9AAEF693-C9C8-467E-9479-BC2C3DB1190B-" VPOS="973" WIDTH="466">
<String CONTENT="xiv," HEIGHT="49" HPOS="460" VPOS="973" WIDTH="96" />
<SP HEIGHT="48" HPOS="557" VPOS="974" WIDTH="31" />
<String CONTENT="108" HEIGHT="41" HPOS="589" VPOS="973" WIDTH="91" />
<SP HEIGHT="47" HPOS="681" VPOS="974" WIDTH="21" />
<String CONTENT="p." HEIGHT="37" HPOS="703" VPOS="984" WIDTH="46" />
<SP HEIGHT="41" HPOS="750" VPOS="974" WIDTH="56" />
<String CONTENT="23" HEIGHT="40" HPOS="807" VPOS="974" WIDTH="56" />
<String CONTENT="cm" HEIGHT="20" HPOS="867" STYLE="superscript" VPOS="976" WIDTH="45" />
<String CONTENT="." HEIGHT="8" HPOS="917" VPOS="1006" WIDTH="9" />
</TextLine>
<TextLine HEIGHT="51" HPOS="463" LANG="en-US" VPOS="1043" WIDTH="1945">
<String CONTENT="&#8220;The" HEIGHT="40" HPOS="463" VPOS="1043" WIDTH="130" />
<SP HEIGHT="29" HPOS="594" VPOS="1054" WIDTH="32" />
<String CONTENT="steps" HEIGHT="45" HPOS="627" VPOS="1047" WIDTH="135" />
<SP HEIGHT="37" HPOS="763" VPOS="1047" WIDTH="34" />
<String CONTENT="to" HEIGHT="37" HPOS="798" VPOS="1047" WIDTH="49" />
<SP HEIGHT="39" HPOS="848" VPOS="1044" WIDTH="35" />
<String CONTENT="be" HEIGHT="39" HPOS="884" VPOS="1044" WIDTH="57" />
<SP HEIGHT="38" HPOS="942" VPOS="1045" WIDTH="34" />
<String CONTENT="taken" HEIGHT="40" HPOS="977" VPOS="1044" WIDTH="151" />
<SP HEIGHT="39" HPOS="1129" VPOS="1046" WIDTH="34" />
<String CONTENT="to" HEIGHT="39" HPOS="1164" VPOS="1046" WIDTH="49" />
<SP HEIGHT="31" HPOS="1214" VPOS="1053" WIDTH="35" />
<String CONTENT="establish" HEIGHT="40" HPOS="1250" VPOS="1044" WIDTH="241" />
<SP HEIGHT="49" HPOS="1492" VPOS="1044" WIDTH="32" />
<String CONTENT="parity" HEIGHT="50" HPOS="1525" VPOS="1043" WIDTH="167" />
<SP HEIGHT="37" HPOS="1693" VPOS="1055" WIDTH="36" />
<String CONTENT="of" HEIGHT="41" HPOS="1730" VPOS="1044" WIDTH="54" />
<SP HEIGHT="50" HPOS="1785" VPOS="1044" WIDTH="30" />
<String CONTENT="purchasing" HEIGHT="50" HPOS="1816" VPOS="1044" WIDTH="305" />
<SP HEIGHT="39" HPOS="2122" VPOS="1054" WIDTH="32" />
<String CONTENT="power" HEIGHT="39" HPOS="2155" VPOS="1054" WIDTH="163" />
<SP HEIGHT="30" HPOS="2319" VPOS="1056" WIDTH="36" />
<String CONTENT="of" HEIGHT="42" HPOS="2356" VPOS="1044" WIDTH="52" />
</TextLine>
<TextLine HEIGHT="49" HPOS="390" LANG="en-US" VPOS="1100" WIDTH="2017">
<String CONTENT="farm," HEIGHT="49" HPOS="390" VPOS="1100" WIDTH="145" />
<SP HEIGHT="48" HPOS="536" VPOS="1101" WIDTH="27" />
<String CONTENT="labor" HEIGHT="40" HPOS="564" VPOS="1101" WIDTH="136" />
<SP HEIGHT="29" HPOS="701" VPOS="1111" WIDTH="25" />
<String CONTENT="and" HEIGHT="39" HPOS="727" VPOS="1101" WIDTH="95" />
<SP HEIGHT="39" HPOS="823" VPOS="1101" WIDTH="22" />
<String CONTENT="industry" HEIGHT="47" HPOS="846" VPOS="1101" WIDTH="229" />
<SP HEIGHT="36" HPOS="1076" VPOS="1112" WIDTH="25" />
<String CONTENT="and" HEIGHT="39" HPOS="1102" VPOS="1102" WIDTH="97" />
<SP HEIGHT="40" HPOS="1200" VPOS="1101" WIDTH="22" />
<String CONTENT="how" HEIGHT="40" HPOS="1223" VPOS="1101" WIDTH="110" />
<SP HEIGHT="29" HPOS="1334" VPOS="1112" WIDTH="23" />
<String CONTENT="our" HEIGHT="30" HPOS="1358" VPOS="1111" WIDTH="89" />
<SP HEIGHT="29" HPOS="1448" VPOS="1112" WIDTH="21" />
<String CONTENT="national" HEIGHT="41" HPOS="1470" VPOS="1101" WIDTH="223" />
<SP HEIGHT="40" HPOS="1694" VPOS="1101" WIDTH="21" />
<String CONTENT="income" HEIGHT="42" HPOS="1716" VPOS="1101" WIDTH="189" />
<SP HEIGHT="32" HPOS="1906" VPOS="1111" WIDTH="23" />
<String CONTENT="may" HEIGHT="38" HPOS="1930" VPOS="1111" WIDTH="113" />
<SP HEIGHT="47" HPOS="2044" VPOS="1102" WIDTH="25" />
<String CONTENT="be" HEIGHT="40" HPOS="2070" VPOS="1102" WIDTH="57" />
<SP HEIGHT="41" HPOS="2128" VPOS="1101" WIDTH="24" />
<String CONTENT="increased" HEIGHT="41" HPOS="2153" VPOS="1101" WIDTH="254" />
</TextLine>
<TextLine HEIGHT="50" HPOS="389" LANG="en-US" VPOS="1157" WIDTH="2017">
<String CONTENT="by" HEIGHT="48" HPOS="389" VPOS="1157" WIDTH="59" />
<SP HEIGHT="37" HPOS="449" VPOS="1168" WIDTH="30" />
<String CONTENT="a" HEIGHT="28" HPOS="480" VPOS="1169" WIDTH="28" />
<SP HEIGHT="38" HPOS="509" VPOS="1168" WIDTH="26" />
<String CONTENT="properly" HEIGHT="48" HPOS="536" VPOS="1158" WIDTH="228" />
<SP HEIGHT="47" HPOS="765" VPOS="1158" WIDTH="30" />
<String CONTENT="developed" HEIGHT="48" HPOS="796" VPOS="1158" WIDTH="263" />
<SP HEIGHT="48" HPOS="1060" VPOS="1158" WIDTH="28" />
<String CONTENT="procedure" HEIGHT="48" HPOS="1089" VPOS="1158" WIDTH="270" />
<SP HEIGHT="30" HPOS="1360" VPOS="1168" WIDTH="27" />
<String CONTENT="of" HEIGHT="40" HPOS="1388" VPOS="1158" WIDTH="53" />
<SP HEIGHT="39" HPOS="1442" VPOS="1158" WIDTH="25" />
<String CONTENT="full" HEIGHT="39" HPOS="1468" VPOS="1159" WIDTH="95" />
<SP HEIGHT="40" HPOS="1564" VPOS="1159" WIDTH="29" />
<String CONTENT="time" HEIGHT="41" HPOS="1594" VPOS="1158" WIDTH="118" />
<SP HEIGHT="38" HPOS="1713" VPOS="1169" WIDTH="27" />
<String CONTENT="production" HEIGHT="49" HPOS="1741" VPOS="1158" WIDTH="293" />
<SP HEIGHT="30" HPOS="2035" VPOS="1170" WIDTH="29" />
<String CONTENT="of" HEIGHT="42" HPOS="2065" VPOS="1158" WIDTH="52" />
<SP HEIGHT="40" HPOS="2118" VPOS="1158" WIDTH="27" />
<String CONTENT="farm" HEIGHT="40" HPOS="2146" VPOS="1159" WIDTH="132" />
<SP HEIGHT="29" HPOS="2279" VPOS="1169" WIDTH="31" />
<String CONTENT="and" HEIGHT="40" HPOS="2311" VPOS="1159" WIDTH="95" />
</TextLine>
<TextLine HEIGHT="49" HPOS="389" LANG="en-US" VPOS="1215" WIDTH="2021">
<String CONTENT="factory" HEIGHT="47" HPOS="389" VPOS="1215" WIDTH="196" />
<SP HEIGHT="37" HPOS="586" VPOS="1226" WIDTH="34" />
<String CONTENT="products" HEIGHT="48" HPOS="621" VPOS="1215" WIDTH="235" />
<SP HEIGHT="30" HPOS="857" VPOS="1225" WIDTH="36" />
<String CONTENT="and" HEIGHT="40" HPOS="894" VPOS="1215" WIDTH="97" />
<SP HEIGHT="40" HPOS="992" VPOS="1215" WIDTH="33" />
<String CONTENT="by" HEIGHT="48" HPOS="1026" VPOS="1215" WIDTH="63" />
<SP HEIGHT="46" HPOS="1090" VPOS="1217" WIDTH="37" />
<String CONTENT="the" HEIGHT="39" HPOS="1128" VPOS="1215" WIDTH="83" />
<SP HEIGHT="29" HPOS="1212" VPOS="1225" WIDTH="35" />
<String CONTENT="regular" HEIGHT="48" HPOS="1248" VPOS="1215" WIDTH="199" />
<SP HEIGHT="30" HPOS="1448" VPOS="1225" WIDTH="36" />
<String CONTENT="exportation" HEIGHT="48" HPOS="1485" VPOS="1215" WIDTH="312" />
<SP HEIGHT="29" HPOS="1798" VPOS="1226" WIDTH="34" />
<String CONTENT="of" HEIGHT="40" HPOS="1833" VPOS="1215" WIDTH="54" />
<SP HEIGHT="40" HPOS="1888" VPOS="1215" WIDTH="34" />
<String CONTENT="our" HEIGHT="30" HPOS="1923" VPOS="1225" WIDTH="89" />
<SP HEIGHT="30" HPOS="2013" VPOS="1225" WIDTH="37" />
<String CONTENT="surpluses.&#8221;&#8212;" HEIGHT="49" HPOS="2051" VPOS="1215" WIDTH="359" />
</TextLine>
<TextLine HEIGHT="44" HPOS="388" LANG="en-US" VPOS="1272" WIDTH="132">
<String CONTENT="Pref." HEIGHT="44" HPOS="388" VPOS="1272" WIDTH="132" />
</TextLine>
<TextLine CS="1" HEIGHT="110" HPOS="390" LANG="en-US" VPOS="1338" WIDTH="2002">
<String CONTENT="&#169;" HEIGHT="54" HPOS="390" VPOS="1338" WIDTH="54" />
<SP HEIGHT="54" HPOS="445" VPOS="1338" WIDTH="29" />
<String CONTENT="Sept." HEIGHT="47" HPOS="475" VPOS="1343" WIDTH="128" />
<SP HEIGHT="39" HPOS="604" VPOS="1344" WIDTH="29" />
<String CONTENT="17," HEIGHT="47" HPOS="634" VPOS="1344" WIDTH="70" />
<SP HEIGHT="48" HPOS="705" VPOS="1343" WIDTH="26" />
<String CONTENT="1936;" HEIGHT="48" HPOS="732" VPOS="1342" WIDTH="141" />
<SP HEIGHT="48" HPOS="874" VPOS="1342" WIDTH="30" />
<String CONTENT="2c." HEIGHT="41" HPOS="905" VPOS="1342" WIDTH="67" />
<SP HEIGHT="31" HPOS="973" VPOS="1352" WIDTH="30" />
<String CONTENT="and" HEIGHT="40" HPOS="1004" VPOS="1342" WIDTH="97" />
<SP HEIGHT="40" HPOS="1102" VPOS="1342" WIDTH="28" />
<String CONTENT="aff." HEIGHT="40" HPOS="1131" VPOS="1342" WIDTH="81" />
<SP HEIGHT="40" HPOS="1213" VPOS="1343" WIDTH="33" />
<String CONTENT="Sept." HEIGHT="47" HPOS="1247" VPOS="1343" WIDTH="127" />
<SP HEIGHT="38" HPOS="1375" VPOS="1344" WIDTH="30" />
<String CONTENT="18;" HEIGHT="48" HPOS="1406" VPOS="1342" WIDTH="82" />
<SP HEIGHT="47" HPOS="1489" VPOS="1343" WIDTH="29" />
<String CONTENT="A" HEIGHT="39" HPOS="1519" VPOS="1343" WIDTH="42" />
<SP HEIGHT="41" HPOS="1562" VPOS="1342" WIDTH="27" />
<String CONTENT="97883;" HEIGHT="48" HPOS="1590" VPOS="1342" WIDTH="172" />
<SP HEIGHT="47" HPOS="1763" VPOS="1343" WIDTH="30" />
<String CONTENT="W." HEIGHT="41" HPOS="1794" VPOS="1343" WIDTH="73" />
<SP HEIGHT="41" HPOS="1868" VPOS="1343" WIDTH="27" />
<String CONTENT="W." HEIGHT="40" HPOS="1896" VPOS="1343" WIDTH="72" />
<SP HEIGHT="38" HPOS="1969" VPOS="1344" WIDTH="31" />
<String CONTENT="Brauer," HEIGHT="48" HPOS="2001" VPOS="1344" WIDTH="205" />
<SP HEIGHT="49" HPOS="2207" VPOS="1343" WIDTH="29" />
<String CONTENT="Washington." HEIGHT="105" HPOS="459" VPOS="1343" WIDTH="1933" />
<SP HEIGHT="47" HPOS="643" VPOS="1400" WIDTH="73" />
<String CONTENT="(36-20379)" HEIGHT="49" HPOS="717" VPOS="1399" WIDTH="283" />
<SP HEIGHT="48" HPOS="1001" VPOS="1400" WIDTH="933" />
</TextLine>
<TextLine HEIGHT="66" HPOS="386" STYLEREFS="StyleId-7DC8A80B-3F0D-42BE-9BC2-9CDE3AFD8F32-" VPOS="1503" WIDTH="715">
<String CONTENT="Brillouin," HEIGHT="66" HPOS="386" LANG="fr" VPOS="1503" WIDTH="307" />
<SP HEIGHT="65" HPOS="694" VPOS="1504" WIDTH="26" />
<String CONTENT="L&#233;on," HEIGHT="64" HPOS="721" LANG="fr" VPOS="1504" WIDTH="179" />
<SP HEIGHT="58" HPOS="901" VPOS="1510" WIDTH="28" />
<String CONTENT="1889-" HEIGHT="50" HPOS="930" LANG="en-US" VPOS="1509" WIDTH="171" />
</TextLine>
<TextLine CS="1" HEIGHT="71" HPOS="522" LANG="fr" STYLEREFS="StyleId-9AAEF693-C9C8-467E-9479-BC2C3DB1190B-" VPOS="1578" WIDTH="1884">
<String CONTENT="&#8230;" CS="1" LANG="en-US" />
<SP HEIGHT="55" HPOS="522" VPOS="1580" WIDTH="35" />
<String CONTENT="Notions" HEIGHT="55" HPOS="558" LANG="en-US" VPOS="1580" WIDTH="246" />
<SP HEIGHT="53" HPOS="805" VPOS="1581" WIDTH="30" />
<String CONTENT="&#233;l&#233;mentaires" HEIGHT="55" HPOS="836" VPOS="1579" WIDTH="391" />
<SP HEIGHT="54" HPOS="1228" VPOS="1580" WIDTH="33" />
<String CONTENT="de" HEIGHT="54" HPOS="1262" VPOS="1580" WIDTH="68" />
<SP HEIGHT="36" HPOS="1331" VPOS="1598" WIDTH="31" />
<String CONTENT="math&#233;matiques" HEIGHT="71" HPOS="1363" VPOS="1578" WIDTH="475" />
<SP HEIGHT="51" HPOS="1839" VPOS="1598" WIDTH="33" />
<String CONTENT="pour" HEIGHT="51" HPOS="1873" VPOS="1598" WIDTH="150" />
<SP HEIGHT="53" HPOS="2024" VPOS="1580" WIDTH="28" />
<String CONTENT="les" HEIGHT="54" HPOS="2053" VPOS="1580" WIDTH="80" />
<SP HEIGHT="36" HPOS="2134" VPOS="1598" WIDTH="29" />
<String CONTENT="sciences" HEIGHT="56" HPOS="2164" VPOS="1578" WIDTH="242" />
</TextLine>
<TextLine HEIGHT="72" HPOS="389" LANG="fr" STYLEREFS="StyleId-9AAEF693-C9C8-467E-9479-BC2C3DB1190B-" VPOS="1657" WIDTH="2018">
<String CONTENT="exp&#233;rimentales;" HEIGHT="68" HPOS="389" VPOS="1659" WIDTH="503" />
<SP HEIGHT="67" HPOS="893" VPOS="1660" WIDTH="40" />
<String CONTENT="&#224;" HEIGHT="51" HPOS="934" VPOS="1660" WIDTH="31" />
<SP HEIGHT="51" HPOS="966" VPOS="1660" WIDTH="33" />
<String CONTENT="l&#8217;usage" HEIGHT="70" HPOS="1000" VPOS="1659" WIDTH="215" />
<SP HEIGHT="52" HPOS="1216" VPOS="1660" WIDTH="35" />
<String CONTENT="des" HEIGHT="52" HPOS="1252" VPOS="1660" WIDTH="97" />
<SP HEIGHT="34" HPOS="1350" VPOS="1678" WIDTH="36" />
<String CONTENT="candidats" HEIGHT="55" HPOS="1387" VPOS="1658" WIDTH="301" />
<SP HEIGHT="36" HPOS="1689" VPOS="1677" WIDTH="37" />
<String CONTENT="au" HEIGHT="35" HPOS="1727" VPOS="1677" WIDTH="73" />
<SP HEIGHT="36" HPOS="1801" VPOS="1676" WIDTH="36" />
<String CONTENT="certificat" HEIGHT="55" HPOS="1838" VPOS="1657" WIDTH="278" />
<SP HEIGHT="53" HPOS="2117" VPOS="1658" WIDTH="36" />
<String CONTENT="d&#8217;&#233;tudes" HEIGHT="55" HPOS="2154" VPOS="1657" WIDTH="253" />
</TextLine>
<TextLine HEIGHT="72" HPOS="388" LANG="fr" STYLEREFS="StyleId-9AAEF693-C9C8-467E-9479-BC2C3DB1190B-" VPOS="1736" WIDTH="2016">
<String CONTENT="physiques," HEIGHT="71" HPOS="388" VPOS="1737" WIDTH="327" />
<SP HEIGHT="51" HPOS="716" VPOS="1756" WIDTH="32" />
<String CONTENT="chimiques" HEIGHT="70" HPOS="749" VPOS="1737" WIDTH="313" />
<SP HEIGHT="36" HPOS="1063" VPOS="1756" WIDTH="30" />
<String CONTENT="et" HEIGHT="47" HPOS="1094" VPOS="1744" WIDTH="54" />
<SP HEIGHT="53" HPOS="1149" VPOS="1738" WIDTH="31" />
<String CONTENT="biologiques" HEIGHT="70" HPOS="1181" VPOS="1737" WIDTH="354" />
<SP HEIGHT="35" HPOS="1536" VPOS="1756" WIDTH="32" />
<String CONTENT="et" HEIGHT="48" HPOS="1569" VPOS="1743" WIDTH="56" />
<SP HEIGHT="54" HPOS="1626" VPOS="1737" WIDTH="31" />
<String CONTENT="&#224;" HEIGHT="52" HPOS="1658" VPOS="1737" WIDTH="31" />
<SP HEIGHT="52" HPOS="1690" VPOS="1737" WIDTH="31" />
<String CONTENT="la" HEIGHT="53" HPOS="1722" VPOS="1738" WIDTH="57" />
<SP HEIGHT="53" HPOS="1780" VPOS="1738" WIDTH="32" />
<String CONTENT="licence" HEIGHT="55" HPOS="1813" VPOS="1736" WIDTH="213" />
<SP HEIGHT="54" HPOS="2027" VPOS="1737" WIDTH="28" />
<String CONTENT="&#232;s" HEIGHT="55" HPOS="2056" VPOS="1737" WIDTH="57" />
<SP HEIGHT="36" HPOS="2114" VPOS="1756" WIDTH="32" />
<String CONTENT="sciences." HEIGHT="55" HPOS="2147" VPOS="1736" WIDTH="257" />
</TextLine>
<TextLine HEIGHT="71" HPOS="387" LANG="fr" STYLEREFS="StyleId-9AAEF693-C9C8-467E-9479-BC2C3DB1190B-" VPOS="1815" WIDTH="812">
<String CONTENT="Paris," HEIGHT="71" HPOS="387" VPOS="1815" WIDTH="188" />
<SP HEIGHT="69" HPOS="576" VPOS="1817" WIDTH="24" />
<String CONTENT="Masson" HEIGHT="53" HPOS="601" VPOS="1817" WIDTH="234" />
<SP HEIGHT="35" HPOS="836" VPOS="1835" WIDTH="24" />
<String CONTENT="et" HEIGHT="48" HPOS="861" VPOS="1822" WIDTH="53" />
<SP HEIGHT="48" HPOS="915" VPOS="1822" WIDTH="21" />
<String CONTENT="c" HEIGHT="35" HPOS="937" VPOS="1835" WIDTH="28" />
<String CONTENT="ie" HEIGHT="30" HPOS="969" STYLE="superscript" VPOS="1815" WIDTH="35" />
<String CONTENT="," HEIGHT="28" HPOS="1007" VPOS="1857" WIDTH="15" />
<SP HEIGHT="65" HPOS="1023" VPOS="1820" WIDTH="23" />
<String CONTENT="1935." HEIGHT="51" HPOS="1047" VPOS="1820" WIDTH="152" />
</TextLine>
<TextLine HEIGHT="54" HPOS="462" LANG="fr" VPOS="1900" WIDTH="1937">
<String CONTENT="viii," HEIGHT="48" HPOS="462" VPOS="1902" WIDTH="100" />
<SP HEIGHT="47" HPOS="563" VPOS="1903" WIDTH="25" />
<String CONTENT="251," HEIGHT="51" HPOS="589" VPOS="1903" WIDTH="101" />
<SP HEIGHT="31" HPOS="691" VPOS="1923" WIDTH="29" />
<String CONTENT="[1]" HEIGHT="50" HPOS="721" VPOS="1904" WIDTH="57" />
<SP HEIGHT="40" HPOS="779" VPOS="1914" WIDTH="26" />
<String CONTENT="p." HEIGHT="38" HPOS="806" VPOS="1914" WIDTH="43" />
<SP HEIGHT="40" HPOS="850" VPOS="1903" WIDTH="45" />
<String CONTENT="illus.," HEIGHT="49" HPOS="896" VPOS="1903" WIDTH="144" />
<SP HEIGHT="46" HPOS="1041" VPOS="1906" WIDTH="26" />
<String CONTENT="diagrs." HEIGHT="49" HPOS="1068" VPOS="1904" WIDTH="181" />
<SP HEIGHT="42" HPOS="1250" VPOS="1903" WIDTH="45" />
<String CONTENT="20" HEIGHT="41" HPOS="1296" VPOS="1903" WIDTH="57" />
<String CONTENT="cm" HEIGHT="23" HPOS="1356" STYLE="superscript" VPOS="1904" WIDTH="45" />
<String CONTENT="." HEIGHT="8" HPOS="1405" VPOS="1935" WIDTH="9" />
<SP HEIGHT="50" HPOS="1415" VPOS="1903" WIDTH="57" />
<String CONTENT="(On" HEIGHT="50" HPOS="1473" LANG="en-US" VPOS="1903" WIDTH="98" />
<SP HEIGHT="30" HPOS="1572" VPOS="1914" WIDTH="23" />
<String CONTENT="cover:" HEIGHT="31" HPOS="1596" LANG="en-US" VPOS="1914" WIDTH="165" />
<SP HEIGHT="44" HPOS="1762" VPOS="1901" WIDTH="26" />
<String CONTENT="Collection" HEIGHT="43" HPOS="1789" VPOS="1901" WIDTH="268" />
<SP HEIGHT="40" HPOS="2058" VPOS="1903" WIDTH="26" />
<String CONTENT="du" HEIGHT="40" HPOS="2085" VPOS="1903" WIDTH="65" />
<SP HEIGHT="41" HPOS="2151" VPOS="1902" WIDTH="27" />
<String CONTENT="P." HEIGHT="41" HPOS="2179" VPOS="1902" WIDTH="52" />
<SP HEIGHT="43" HPOS="2232" VPOS="1900" WIDTH="16" />
<String CONTENT="C." HEIGHT="43" HPOS="2249" VPOS="1900" WIDTH="50" />
<SP HEIGHT="42" HPOS="2300" VPOS="1901" WIDTH="17" />
<String CONTENT="B.)" HEIGHT="50" HPOS="2318" VPOS="1901" WIDTH="81" />
</TextLine>
<TextLine CS="1" HEIGHT="54" HPOS="391" VPOS="1972" WIDTH="2017">
<String CONTENT="&#169;" HEIGHT="54" HPOS="391" LANG="fr" VPOS="1972" WIDTH="53" />
<SP HEIGHT="54" HPOS="445" VPOS="1972" WIDTH="35" />
<String CONTENT="Nov." HEIGHT="39" HPOS="481" LANG="fr" VPOS="1977" WIDTH="119" />
<SP HEIGHT="39" HPOS="601" VPOS="1976" WIDTH="37" />
<String CONTENT="2," HEIGHT="48" HPOS="639" LANG="fr" VPOS="1976" WIDTH="42" />
<SP HEIGHT="47" HPOS="682" VPOS="1977" WIDTH="36" />
<String CONTENT="1935;" HEIGHT="48" HPOS="719" LANG="fr" VPOS="1976" WIDTH="142" />
<SP />
<String CONTENT="1c." CS="1" LANG="fr" />
<SP HEIGHT="40" HPOS="971" VPOS="1977" WIDTH="36" />
<String CONTENT="Apr." HEIGHT="47" HPOS="1008" LANG="en-US" VPOS="1977" WIDTH="116" />
<SP HEIGHT="40" HPOS="1125" VPOS="1977" WIDTH="37" />
<String CONTENT="3," HEIGHT="48" HPOS="1163" LANG="fr" VPOS="1977" WIDTH="40" />
<SP HEIGHT="48" HPOS="1204" VPOS="1977" WIDTH="37" />
<String CONTENT="1936;" HEIGHT="48" HPOS="1242" LANG="fr" VPOS="1976" WIDTH="142" />
<SP HEIGHT="48" HPOS="1385" VPOS="1976" WIDTH="38" />
<String CONTENT="A-" HEIGHT="40" HPOS="1424" LANG="fr" VPOS="1976" WIDTH="104" />
<String CONTENT="Foreign" HEIGHT="49" HPOS="1530" LANG="en-US" VPOS="1975" WIDTH="210" />
<SP HEIGHT="40" HPOS="1741" VPOS="1977" WIDTH="37" />
<String CONTENT="31191;" HEIGHT="50" HPOS="1779" LANG="fr" VPOS="1974" WIDTH="172" />
<SP HEIGHT="47" HPOS="1952" VPOS="1977" WIDTH="42" />
<String CONTENT="Masson" HEIGHT="39" HPOS="1995" LANG="fr" VPOS="1977" WIDTH="201" />
<SP HEIGHT="31" HPOS="2197" VPOS="1985" WIDTH="36" />
<String CONTENT="et" HEIGHT="39" HPOS="2234" LANG="fr" VPOS="1977" WIDTH="50" />
<SP HEIGHT="39" HPOS="2285" VPOS="1977" WIDTH="35" />
<String CONTENT="cie." HEIGHT="42" HPOS="2321" LANG="fr" VPOS="1975" WIDTH="87" />
</TextLine>
<TextLine HEIGHT="50" HPOS="470" LANG="fr" VPOS="2033" WIDTH="284">
<String CONTENT="(36-20507)" HEIGHT="50" HPOS="470" VPOS="2033" WIDTH="284" />
</TextLine>
<TextLine HEIGHT="68" HPOS="386" LANG="fr" STYLEREFS="StyleId-7DC8A80B-3F0D-42BE-9BC2-9CDE3AFD8F32-" VPOS="2136" WIDTH="771">
<String CONTENT="Brocchi," HEIGHT="65" HPOS="386" VPOS="2138" WIDTH="269" />
<SP HEIGHT="64" HPOS="656" VPOS="2139" WIDTH="26" />
<String CONTENT="Virgilio," HEIGHT="68" HPOS="683" VPOS="2136" WIDTH="271" />
<SP HEIGHT="60" HPOS="955" VPOS="2144" WIDTH="28" />
<String CONTENT="1876-" HEIGHT="56" HPOS="984" VPOS="2139" WIDTH="173" />
</TextLine>
<TextLine CS="1" HEIGHT="71" HPOS="521" LANG="fr" STYLEREFS="StyleId-9AAEF693-C9C8-467E-9479-BC2C3DB1190B-" VPOS="2215" WIDTH="1880">
<String CONTENT="&#8230;" CS="1" />
<SP HEIGHT="56" HPOS="521" VPOS="2216" WIDTH="32" />
<String CONTENT="Gente" HEIGHT="56" HPOS="554" VPOS="2216" WIDTH="185" />
<SP HEIGHT="36" HPOS="740" VPOS="2235" WIDTH="25" />
<String CONTENT="simpatica," HEIGHT="70" HPOS="766" VPOS="2216" WIDTH="322" />
<SP HEIGHT="47" HPOS="1089" VPOS="2238" WIDTH="25" />
<String CONTENT="romanzo." HEIGHT="38" HPOS="1115" VPOS="2234" WIDTH="285" />
<SP HEIGHT="54" HPOS="1401" VPOS="2217" WIDTH="74" />
<String CONTENT="Milano," HEIGHT="69" HPOS="1476" VPOS="2216" WIDTH="240" />
<SP HEIGHT="68" HPOS="1717" VPOS="2217" WIDTH="25" />
<String CONTENT="A." HEIGHT="54" HPOS="1743" VPOS="2217" WIDTH="72" />
<SP HEIGHT="55" HPOS="1816" VPOS="2216" WIDTH="27" />
<String CONTENT="Mondadori" HEIGHT="55" HPOS="1844" VPOS="2215" WIDTH="350" />
<SP HEIGHT="69" HPOS="2195" VPOS="2215" WIDTH="33" />
<String CONTENT="[" HEIGHT="34" HPOS="2229" STYLE="subscript" VPOS="2250" WIDTH="12" />
<String CONTENT="1936]" HEIGHT="66" HPOS="2249" VPOS="2218" WIDTH="152" />
</TextLine>
<TextLine CS="1" HEIGHT="52" HPOS="461" LANG="fr" VPOS="2290" WIDTH="878">
<String CONTENT="5" HEIGHT="40" HPOS="461" VPOS="2291" WIDTH="27" />
<SP HEIGHT="49" HPOS="489" VPOS="2291" WIDTH="24" />
<String CONTENT="p." HEIGHT="38" HPOS="514" VPOS="2302" WIDTH="45" />
<SP />
<String CONTENT="l.," CS="1" HEIGHT="17" HPOS="623" VPOS="2322" WIDTH="8" />
<SP HEIGHT="48" HPOS="632" VPOS="2291" WIDTH="25" />
<String CONTENT="13-306," HEIGHT="49" HPOS="658" VPOS="2290" WIDTH="188" />
<SP HEIGHT="30" HPOS="847" VPOS="2311" WIDTH="30" />
<String CONTENT="[1]" HEIGHT="51" HPOS="878" VPOS="2291" WIDTH="56" />
<SP HEIGHT="41" HPOS="935" VPOS="2301" WIDTH="28" />
<String CONTENT="p.," HEIGHT="39" HPOS="964" VPOS="2301" WIDTH="58" />
<SP HEIGHT="49" HPOS="1023" VPOS="2291" WIDTH="24" />
<String CONTENT="2" HEIGHT="40" HPOS="1048" VPOS="2291" WIDTH="26" />
<SP />
<String CONTENT="l." CS="1" />
<SP HEIGHT="42" HPOS="1134" VPOS="2291" WIDTH="58" />
<String CONTENT="19" HEIGHT="41" HPOS="1193" VPOS="2290" WIDTH="56" />
<String CONTENT="&#189;c" CS="1" LANG="en-US" />
<String CONTENT="m" HEIGHT="21" HPOS="1299" STYLE="superscript" VPOS="2293" WIDTH="28" />
<String CONTENT="." HEIGHT="10" HPOS="1330" VPOS="2321" WIDTH="9" />
</TextLine>
<TextLine HEIGHT="49" HPOS="463" LANG="fr" VPOS="2348" WIDTH="374">
<String CONTENT="&#8220;1&#176;" HEIGHT="39" HPOS="463" VPOS="2350" WIDTH="79" />
<SP HEIGHT="38" HPOS="543" VPOS="2351" WIDTH="28" />
<String CONTENT="migliaio.&#8221;" HEIGHT="49" HPOS="572" VPOS="2348" WIDTH="265" />
</TextLine>
<TextLine HEIGHT="52" HPOS="462" LANG="fr" VPOS="2404" WIDTH="1751">
<String CONTENT="&#8220;Colloquio" HEIGHT="49" HPOS="462" VPOS="2405" WIDTH="282" />
<SP HEIGHT="39" HPOS="745" VPOS="2417" WIDTH="29" />
<String CONTENT="[di" HEIGHT="52" HPOS="775" VPOS="2404" WIDTH="64" />
<SP HEIGHT="42" HPOS="840" VPOS="2404" WIDTH="27" />
<String CONTENT="Gino" HEIGHT="41" HPOS="868" VPOS="2405" WIDTH="123" />
<SP HEIGHT="39" HPOS="992" VPOS="2407" WIDTH="27" />
<String CONTENT="Marchiori]" HEIGHT="50" HPOS="1020" VPOS="2405" WIDTH="284" />
<SP HEIGHT="39" HPOS="1305" VPOS="2416" WIDTH="28" />
<String CONTENT="con" HEIGHT="31" HPOS="1334" VPOS="2415" WIDTH="87" />
<SP HEIGHT="40" HPOS="1422" VPOS="2406" WIDTH="25" />
<String CONTENT="Virgilio" HEIGHT="50" HPOS="1448" VPOS="2404" WIDTH="208" />
<SP HEIGHT="40" HPOS="1657" VPOS="2406" WIDTH="27" />
<String CONTENT="Brocchi&#8221;" HEIGHT="42" HPOS="1685" VPOS="2404" WIDTH="236" />
<SP HEIGHT="41" HPOS="1922" VPOS="2404" WIDTH="18" />
<String CONTENT=":" HEIGHT="30" HPOS="1941" VPOS="2415" WIDTH="10" />
<SP HEIGHT="38" HPOS="1952" VPOS="2415" WIDTH="29" />
<String CONTENT="p." HEIGHT="38" HPOS="1982" VPOS="2415" WIDTH="43" />
<SP HEIGHT="40" HPOS="2026" VPOS="2405" WIDTH="28" />
<String CONTENT="13-22." HEIGHT="41" HPOS="2055" VPOS="2404" WIDTH="158" />
</TextLine>
<TextLine CS="1" HEIGHT="53" HPOS="391" VPOS="2473" WIDTH="2017">
<String CONTENT="&#169;" HEIGHT="53" HPOS="391" LANG="fr" VPOS="2473" WIDTH="53" />
<SP HEIGHT="53" HPOS="445" VPOS="2473" WIDTH="44" />
<String CONTENT="Mar." HEIGHT="39" HPOS="490" LANG="fr" VPOS="2479" WIDTH="123" />
<SP HEIGHT="40" HPOS="614" VPOS="2478" WIDTH="46" />
<String CONTENT="6," HEIGHT="48" HPOS="661" LANG="fr" VPOS="2478" WIDTH="39" />
<SP HEIGHT="48" HPOS="701" VPOS="2478" WIDTH="45" />
<String CONTENT="1936;" HEIGHT="48" HPOS="747" LANG="fr" VPOS="2476" WIDTH="141" />
<SP />
<String CONTENT="1c." CS="1" LANG="fr" />
<SP HEIGHT="40" HPOS="1006" VPOS="2478" WIDTH="46" />
<String CONTENT="July" HEIGHT="47" HPOS="1053" LANG="en-US" VPOS="2477" WIDTH="116" />
<SP HEIGHT="46" HPOS="1170" VPOS="2478" WIDTH="44" />
<String CONTENT="10;" HEIGHT="47" HPOS="1215" LANG="fr" VPOS="2477" WIDTH="82" />
<SP HEIGHT="47" HPOS="1298" VPOS="2477" WIDTH="48" />
<String CONTENT="A-" HEIGHT="39" HPOS="1347" LANG="fr" VPOS="2477" WIDTH="103" />
<String CONTENT="Foreign" HEIGHT="48" HPOS="1452" LANG="en-US" VPOS="2476" WIDTH="210" />
<SP HEIGHT="40" HPOS="1663" VPOS="2477" WIDTH="42" />
<String CONTENT="32423;" HEIGHT="48" HPOS="1706" LANG="fr" VPOS="2476" WIDTH="172" />
<SP HEIGHT="47" HPOS="1879" VPOS="2477" WIDTH="48" />
<String CONTENT="Casa" HEIGHT="41" HPOS="1928" LANG="fr" VPOS="2477" WIDTH="129" />
<SP HEIGHT="31" HPOS="2058" VPOS="2486" WIDTH="45" />
<String CONTENT="&#233;ditrice" HEIGHT="42" HPOS="2104" LANG="fr" VPOS="2475" WIDTH="204" />
<SP HEIGHT="41" HPOS="2309" VPOS="2475" WIDTH="43" />
<String CONTENT="A." HEIGHT="39" HPOS="2353" LANG="fr" VPOS="2475" WIDTH="55" />
</TextLine>
<TextLine HEIGHT="48" HPOS="461" LANG="fr" VPOS="2534" WIDTH="656">
<String CONTENT="Mondadori." HEIGHT="42" HPOS="461" VPOS="2534" WIDTH="307" />
<SP HEIGHT="48" HPOS="769" VPOS="2534" WIDTH="64" />
<String CONTENT="(36-20363)" HEIGHT="48" HPOS="834" VPOS="2534" WIDTH="283" />
</TextLine>
<TextLine HEIGHT="66" HPOS="387" STYLEREFS="StyleId-7DC8A80B-3F0D-42BE-9BC2-9CDE3AFD8F32-" VPOS="2638" WIDTH="1146">
<String CONTENT="Brown," HEIGHT="65" HPOS="387" LANG="en-US" VPOS="2639" WIDTH="234" />
<SP HEIGHT="65" HPOS="622" VPOS="2639" WIDTH="26" />
<String CONTENT="Burdette" HEIGHT="54" HPOS="649" LANG="en-US" VPOS="2639" WIDTH="293" />
<SP HEIGHT="54" HPOS="943" VPOS="2639" WIDTH="26" />
<String CONTENT="Boardman," HEIGHT="66" HPOS="970" LANG="fr" VPOS="2638" WIDTH="359" />
<SP HEIGHT="59" HPOS="1330" VPOS="2645" WIDTH="29" />
<String CONTENT="1871-" HEIGHT="56" HPOS="1360" LANG="fr" VPOS="2639" WIDTH="173" />
</TextLine>
<TextLine HEIGHT="74" HPOS="463" STYLEREFS="StyleId-9AAEF693-C9C8-467E-9479-BC2C3DB1190B-" VPOS="2711" WIDTH="1943">
<String CONTENT="Brown" HEIGHT="52" HPOS="463" LANG="fr" VPOS="2716" WIDTH="214" />
<SP HEIGHT="51" HPOS="678" VPOS="2734" WIDTH="40" />
<String CONTENT="goes," HEIGHT="52" HPOS="719" LANG="en-US" VPOS="2733" WIDTH="150" />
<SP HEIGHT="68" HPOS="870" VPOS="2715" WIDTH="39" />
<String CONTENT="by" HEIGHT="69" HPOS="910" LANG="en-US" VPOS="2715" WIDTH="76" />
<SP HEIGHT="68" HPOS="987" VPOS="2716" WIDTH="40" />
<String CONTENT="Burdette" HEIGHT="53" HPOS="1028" LANG="en-US" VPOS="2715" WIDTH="280" />
<SP HEIGHT="52" HPOS="1309" VPOS="2716" WIDTH="39" />
<String CONTENT="Boardman" HEIGHT="53" HPOS="1349" LANG="fr" VPOS="2715" WIDTH="334" />
<SP HEIGHT="52" HPOS="1684" VPOS="2715" WIDTH="42" />
<String CONTENT="Brown." HEIGHT="53" HPOS="1727" LANG="fr" VPOS="2715" WIDTH="232" />
<SP HEIGHT="55" HPOS="1960" VPOS="2713" WIDTH="78" />
<String CONTENT="New" HEIGHT="54" HPOS="2039" LANG="fr" VPOS="2713" WIDTH="140" />
<SP HEIGHT="54" HPOS="2180" VPOS="2712" WIDTH="43" />
<String CONTENT="York," HEIGHT="69" HPOS="2224" LANG="fr" VPOS="2711" WIDTH="182" />
</TextLine>
<TextLine CS="1" HEIGHT="71" HPOS="390" LANG="fr" STYLEREFS="StyleId-9AAEF693-C9C8-467E-9479-BC2C3DB1190B-" VPOS="2792" WIDTH="1578">
<String CONTENT="London" HEIGHT="54" HPOS="390" VPOS="2792" WIDTH="242" />
<SP HEIGHT="48" HPOS="633" VPOS="2813" WIDTH="33" />
<String CONTENT="[etc.]" HEIGHT="62" HPOS="667" VPOS="2799" WIDTH="139" />
<SP HEIGHT="66" HPOS="807" VPOS="2794" WIDTH="28" />
<String CONTENT="Fleming" HEIGHT="70" HPOS="836" VPOS="2793" WIDTH="270" />
<SP HEIGHT="70" HPOS="1107" VPOS="2793" WIDTH="20" />
<String CONTENT="H." HEIGHT="53" HPOS="1128" VPOS="2793" WIDTH="76" />
<SP HEIGHT="53" HPOS="1205" VPOS="2793" WIDTH="28" />
<String CONTENT="Revell" HEIGHT="53" HPOS="1234" VPOS="2793" WIDTH="196" />
<SP HEIGHT="52" HPOS="1431" VPOS="2794" WIDTH="28" />
<String CONTENT="company" HEIGHT="52" HPOS="1460" VPOS="2810" WIDTH="283" />
<SP HEIGHT="51" HPOS="1744" VPOS="2811" WIDTH="28" />
<String CONTENT="[" CS="1" />
<String CONTENT="c" HEIGHT="22" HPOS="1792" LANG="en-US" STYLE="superscript" VPOS="2798" WIDTH="18" />
<String CONTENT="1936]" HEIGHT="65" HPOS="1815" LANG="en-US" VPOS="2794" WIDTH="153" />
</TextLine>
<TextLine HEIGHT="50" HPOS="460" LANG="fr" VPOS="2866" WIDTH="753">
<String CONTENT="144" HEIGHT="41" HPOS="460" VPOS="2866" WIDTH="86" />
<SP HEIGHT="50" HPOS="547" VPOS="2866" WIDTH="31" />
<String CONTENT="p." HEIGHT="39" HPOS="579" VPOS="2877" WIDTH="44" />
<SP HEIGHT="42" HPOS="624" VPOS="2866" WIDTH="59" />
<String CONTENT="front.," HEIGHT="50" HPOS="684" VPOS="2866" WIDTH="165" />
<SP HEIGHT="39" HPOS="850" VPOS="2877" WIDTH="32" />
<String CONTENT="ports." HEIGHT="47" HPOS="883" VPOS="2869" WIDTH="152" />
<SP HEIGHT="42" HPOS="1036" VPOS="2867" WIDTH="58" />
<String CONTENT="21" HEIGHT="41" HPOS="1095" VPOS="2867" WIDTH="56" />
<String CONTENT="cm" HEIGHT="22" HPOS="1156" STYLE="superscript" VPOS="2869" WIDTH="44" />
<String CONTENT="." HEIGHT="10" HPOS="1204" VPOS="2899" WIDTH="9" />
</TextLine>
<TextLine HEIGHT="49" HPOS="463" LANG="en-US" VPOS="2924" WIDTH="416">
<String CONTENT="Autobiography." HEIGHT="49" HPOS="463" VPOS="2924" WIDTH="416" />
</TextLine>
<TextLine CS="1" HEIGHT="54" HPOS="391" LANG="fr" VPOS="2992" WIDTH="2016">
<String CONTENT="&#169;" HEIGHT="54" HPOS="391" VPOS="2992" WIDTH="54" />
<SP HEIGHT="54" HPOS="446" VPOS="2992" WIDTH="26" />
<String CONTENT="Aug." HEIGHT="48" HPOS="473" LANG="en-US" VPOS="2997" WIDTH="121" />
<SP HEIGHT="40" HPOS="595" VPOS="2997" WIDTH="28" />
<String CONTENT="28," HEIGHT="47" HPOS="624" VPOS="2997" WIDTH="71" />
<SP HEIGHT="46" HPOS="696" VPOS="2998" WIDTH="30" />
<String CONTENT="1936;" CS="1" HEIGHT="40" HPOS="727" VPOS="2997" WIDTH="114" />
<SP HEIGHT="48" HPOS="869" VPOS="2996" WIDTH="27" />
<String CONTENT="2c." HEIGHT="40" HPOS="897" VPOS="2996" WIDTH="67" />
<SP HEIGHT="30" HPOS="965" VPOS="3006" WIDTH="29" />
<String CONTENT="and" HEIGHT="40" HPOS="995" VPOS="2996" WIDTH="98" />
<SP HEIGHT="40" HPOS="1094" VPOS="2996" WIDTH="26" />
<String CONTENT="aff." HEIGHT="41" HPOS="1121" VPOS="2996" WIDTH="85" />
<SP HEIGHT="40" HPOS="1207" VPOS="2997" WIDTH="31" />
<String CONTENT="Sept." HEIGHT="47" HPOS="1239" VPOS="2997" WIDTH="128" />
<SP HEIGHT="39" HPOS="1368" VPOS="2997" WIDTH="29" />
<String CONTENT="11;" CS="1" HEIGHT="39" HPOS="1398" VPOS="2997" WIDTH="55" />
<SP HEIGHT="48" HPOS="1482" VPOS="2996" WIDTH="31" />
<String CONTENT="A" HEIGHT="40" HPOS="1514" VPOS="2996" WIDTH="42" />
<SP HEIGHT="41" HPOS="1557" VPOS="2995" WIDTH="27" />
<String CONTENT="98399;" CS="1" HEIGHT="42" HPOS="1585" VPOS="2995" WIDTH="146" />
<SP HEIGHT="48" HPOS="1759" VPOS="2996" WIDTH="33" />
<String CONTENT="Fleming" HEIGHT="49" HPOS="1793" VPOS="2995" WIDTH="223" />
<SP HEIGHT="47" HPOS="2017" VPOS="2997" WIDTH="27" />
<String CONTENT="H." HEIGHT="39" HPOS="2045" VPOS="2997" WIDTH="60" />
<SP HEIGHT="39" HPOS="2106" VPOS="2997" WIDTH="32" />
<String CONTENT="Revell" HEIGHT="40" HPOS="2139" VPOS="2996" WIDTH="167" />
<SP HEIGHT="40" HPOS="2307" VPOS="2996" WIDTH="31" />
<String CONTENT="co." HEIGHT="30" HPOS="2339" VPOS="3006" WIDTH="68" />
</TextLine>
<TextLine HEIGHT="48" HPOS="475" LANG="fr" VPOS="3054" WIDTH="283">
<String CONTENT="(36-20229)" HEIGHT="48" HPOS="475" VPOS="3054" WIDTH="283" />
</TextLine>
<TextLine HEIGHT="66" HPOS="387" STYLEREFS="StyleId-7DC8A80B-3F0D-42BE-9BC2-9CDE3AFD8F32-" VPOS="3157" WIDTH="973">
<String CONTENT="Bullard," HEIGHT="65" HPOS="387" LANG="en-US" VPOS="3157" WIDTH="263" />
<SP HEIGHT="63" HPOS="651" VPOS="3159" WIDTH="24" />
<String CONTENT="Mrs." HEIGHT="52" HPOS="676" LANG="fr" VPOS="3159" WIDTH="139" />
<SP HEIGHT="52" HPOS="816" VPOS="3159" WIDTH="26" />
<String CONTENT="Marion" HEIGHT="54" HPOS="843" LANG="fr" VPOS="3157" WIDTH="233" />
<SP HEIGHT="65" HPOS="1077" VPOS="3158" WIDTH="29" />
<String CONTENT="(Rorty)" HEIGHT="66" HPOS="1107" LANG="fr" VPOS="3157" WIDTH="253" />
</TextLine>
<TextLine HEIGHT="71" HPOS="464" LANG="en-US" STYLEREFS="StyleId-9AAEF693-C9C8-467E-9479-BC2C3DB1190B-" VPOS="3233" WIDTH="1941">
<String CONTENT="The" HEIGHT="52" HPOS="464" VPOS="3235" WIDTH="122" />
<SP HEIGHT="52" HPOS="587" VPOS="3236" WIDTH="47" />
<String CONTENT="hog" HEIGHT="67" HPOS="635" VPOS="3236" WIDTH="117" />
<SP HEIGHT="50" HPOS="753" VPOS="3254" WIDTH="47" />
<String CONTENT="goes" HEIGHT="50" HPOS="801" VPOS="3254" WIDTH="133" />
<SP HEIGHT="54" HPOS="935" VPOS="3235" WIDTH="49" />
<String CONTENT="downstream;" HEIGHT="65" HPOS="985" VPOS="3235" WIDTH="411" />
<SP HEIGHT="60" HPOS="1397" VPOS="3240" WIDTH="53" />
<String CONTENT="told" HEIGHT="53" HPOS="1451" VPOS="3235" WIDTH="121" />
<SP HEIGHT="53" HPOS="1573" VPOS="3235" WIDTH="52" />
<String CONTENT="and" HEIGHT="53" HPOS="1626" VPOS="3234" WIDTH="113" />
<SP HEIGHT="54" HPOS="1740" VPOS="3234" WIDTH="52" />
<String CONTENT="drawn" HEIGHT="53" HPOS="1793" VPOS="3235" WIDTH="201" />
<SP HEIGHT="53" HPOS="1995" VPOS="3234" WIDTH="50" />
<String CONTENT="by" HEIGHT="68" HPOS="2046" VPOS="3234" WIDTH="77" />
<SP HEIGHT="68" HPOS="2124" VPOS="3234" WIDTH="48" />
<String CONTENT="Marion" HEIGHT="54" HPOS="2173" VPOS="3233" WIDTH="232" />
</TextLine>
<TextLine CS="1" HEIGHT="68" HPOS="390" LANG="en-US" STYLEREFS="StyleId-9AAEF693-C9C8-467E-9479-BC2C3DB1190B-" VPOS="3313" WIDTH="1921">
<String CONTENT="Bullard." HEIGHT="54" HPOS="390" VPOS="3314" WIDTH="263" />
<SP HEIGHT="54" HPOS="654" VPOS="3314" WIDTH="75" />
<String CONTENT="New" HEIGHT="53" HPOS="730" VPOS="3314" WIDTH="140" />
<SP HEIGHT="52" HPOS="871" VPOS="3315" WIDTH="31" />
<String CONTENT="York," HEIGHT="68" HPOS="903" VPOS="3313" WIDTH="181" />
<SP HEIGHT="66" HPOS="1085" VPOS="3315" WIDTH="28" />
<String CONTENT="Harcourt," HEIGHT="65" HPOS="1114" LANG="fr" VPOS="3315" WIDTH="312" />
<SP HEIGHT="65" HPOS="1427" VPOS="3315" WIDTH="30" />
<String CONTENT="Brace" HEIGHT="51" HPOS="1458" VPOS="3315" WIDTH="182" />
<SP HEIGHT="35" HPOS="1641" VPOS="3331" WIDTH="29" />
<String CONTENT="and" HEIGHT="53" HPOS="1671" VPOS="3315" WIDTH="114" />
<SP HEIGHT="53" HPOS="1786" VPOS="3315" WIDTH="29" />
<String CONTENT="company" HEIGHT="50" HPOS="1816" VPOS="3331" WIDTH="285" />
<SP HEIGHT="49" HPOS="2102" VPOS="3332" WIDTH="34" />
<String CONTENT="[" HEIGHT="34" HPOS="2137" VPOS="3347" WIDTH="13" />
<String CONTENT="c" HEIGHT="23" HPOS="2155" STYLE="superscript" VPOS="3318" WIDTH="18" />
<String CONTENT="1936]" CS="1" HEIGHT="49" HPOS="2178" VPOS="3317" WIDTH="133" />
</TextLine>
<TextLine CS="1" HEIGHT="52" HPOS="464" LANG="en-US" VPOS="3385" WIDTH="1571">
<String CONTENT="5" HEIGHT="40" HPOS="464" VPOS="3386" WIDTH="27" />
<SP HEIGHT="49" HPOS="492" VPOS="3386" WIDTH="30" />
<String CONTENT="p." HEIGHT="38" HPOS="523" VPOS="3397" WIDTH="43" />
<SP />
<String CONTENT="l.," CS="1" HEIGHT="17" HPOS="635" VPOS="3418" WIDTH="8" />
<SP HEIGHT="48" HPOS="644" VPOS="3387" WIDTH="31" />
<String CONTENT="3-95," HEIGHT="48" HPOS="676" VPOS="3386" WIDTH="130" />
<SP HEIGHT="30" HPOS="807" VPOS="3406" WIDTH="35" />
<String CONTENT="[1]" HEIGHT="50" HPOS="843" VPOS="3387" WIDTH="56" />
<SP HEIGHT="39" HPOS="900" VPOS="3398" WIDTH="33" />
<String CONTENT="p." HEIGHT="38" HPOS="934" VPOS="3398" WIDTH="43" />
<SP HEIGHT="41" HPOS="978" VPOS="3387" WIDTH="31" />
<String CONTENT="incl." HEIGHT="41" HPOS="1010" VPOS="3387" WIDTH="111" />
<SP HEIGHT="41" HPOS="1122" VPOS="3387" WIDTH="30" />
<String CONTENT="front.," HEIGHT="47" HPOS="1153" VPOS="3387" WIDTH="166" />
<SP HEIGHT="49" HPOS="1320" VPOS="3385" WIDTH="33" />
<String CONTENT="illus.," HEIGHT="49" HPOS="1354" VPOS="3385" WIDTH="144" />
<SP HEIGHT="38" HPOS="1499" VPOS="3397" WIDTH="32" />
<String CONTENT="plates." HEIGHT="48" HPOS="1532" VPOS="3387" WIDTH="171" />
<SP HEIGHT="42" HPOS="1704" VPOS="3386" WIDTH="59" />
<String CONTENT="14" HEIGHT="40" HPOS="1764" VPOS="3386" WIDTH="55" />
<SP HEIGHT="39" HPOS="1820" VPOS="3387" WIDTH="16" />
<String CONTENT="&#215;" CS="1" />
<SP HEIGHT="40" HPOS="1869" VPOS="3386" WIDTH="18" />
<String CONTENT="19&#189;" CS="1" HEIGHT="41" HPOS="1888" VPOS="3386" WIDTH="55" />
<String CONTENT="cm" HEIGHT="21" HPOS="1977" STYLE="superscript" VPOS="3388" WIDTH="43" />
<String CONTENT="." HEIGHT="11" HPOS="2026" VPOS="3416" WIDTH="9" />
</TextLine>
<TextLine CS="1" HEIGHT="54" HPOS="389" LANG="en-US" VPOS="3454" WIDTH="2018">
<String CONTENT="&#169;" HEIGHT="54" HPOS="389" VPOS="3454" WIDTH="54" />
<SP HEIGHT="54" HPOS="444" VPOS="3454" WIDTH="31" />
<String CONTENT="Sept." HEIGHT="47" HPOS="476" VPOS="3459" WIDTH="128" />
<SP HEIGHT="39" HPOS="605" VPOS="3460" WIDTH="29" />
<String CONTENT="10," HEIGHT="48" HPOS="635" VPOS="3459" WIDTH="70" />
<SP HEIGHT="47" HPOS="706" VPOS="3460" WIDTH="29" />
<String CONTENT="1936;" CS="1" HEIGHT="41" HPOS="736" VPOS="3458" WIDTH="114" />
<SP HEIGHT="47" HPOS="878" VPOS="3458" WIDTH="31" />
<String CONTENT="2c." HEIGHT="40" HPOS="910" VPOS="3458" WIDTH="67" />
<SP HEIGHT="41" HPOS="978" VPOS="3459" WIDTH="33" />
<String CONTENT="Sept." HEIGHT="48" HPOS="1012" VPOS="3459" WIDTH="129" />
<SP HEIGHT="42" HPOS="1142" VPOS="3458" WIDTH="28" />
<String CONTENT="24;" CS="1" HEIGHT="40" HPOS="1171" VPOS="3458" WIDTH="56" />
<SP HEIGHT="36" HPOS="1254" VPOS="3469" WIDTH="32" />
<String CONTENT="aff." HEIGHT="41" HPOS="1287" VPOS="3458" WIDTH="83" />
<SP HEIGHT="41" HPOS="1371" VPOS="3458" WIDTH="31" />
<String CONTENT="Sept." HEIGHT="47" HPOS="1403" VPOS="3458" WIDTH="129" />
<SP HEIGHT="40" HPOS="1533" VPOS="3458" WIDTH="29" />
<String CONTENT="23;" CS="1" HEIGHT="40" HPOS="1563" VPOS="3458" WIDTH="55" />
<SP HEIGHT="46" HPOS="1647" VPOS="3458" WIDTH="31" />
<String CONTENT="A" HEIGHT="39" HPOS="1679" VPOS="3458" WIDTH="41" />
<SP HEIGHT="40" HPOS="1721" VPOS="3457" WIDTH="24" />
<String CONTENT="98621;" CS="1" HEIGHT="41" HPOS="1746" VPOS="3456" WIDTH="144" />
<SP HEIGHT="47" HPOS="1919" VPOS="3457" WIDTH="33" />
<String CONTENT="Harcourt," HEIGHT="47" HPOS="1953" LANG="fr" VPOS="3456" WIDTH="266" />
<SP HEIGHT="46" HPOS="2220" VPOS="3457" WIDTH="30" />
<String CONTENT="Brace" HEIGHT="38" HPOS="2251" VPOS="3457" WIDTH="156" />
</TextLine>
<TextLine HEIGHT="51" HPOS="461" LANG="en-US" VPOS="3515" WIDTH="622">
<String CONTENT="&amp;" HEIGHT="40" HPOS="461" VPOS="3517" WIDTH="36" />
<SP HEIGHT="40" HPOS="498" VPOS="3517" WIDTH="28" />
<String CONTENT="co.," HEIGHT="39" HPOS="527" VPOS="3526" WIDTH="82" />
<SP HEIGHT="49" HPOS="610" VPOS="3516" WIDTH="29" />
<String CONTENT="inc." HEIGHT="40" HPOS="640" VPOS="3516" WIDTH="92" />
<SP HEIGHT="49" HPOS="733" VPOS="3516" WIDTH="67" />
<String CONTENT="(36-20250)" HEIGHT="51" HPOS="801" VPOS="3515" WIDTH="282" />
</TextLine>
<TextLine HEIGHT="67" HPOS="387" LANG="en-US" STYLEREFS="StyleId-7DC8A80B-3F0D-42BE-9BC2-9CDE3AFD8F32-" VPOS="3619" WIDTH="838">
<String CONTENT="Bush," HEIGHT="64" HPOS="387" VPOS="3620" WIDTH="186" />
<SP HEIGHT="63" HPOS="574" VPOS="3621" WIDTH="30" />
<String CONTENT="Christopher," HEIGHT="67" HPOS="605" VPOS="3619" WIDTH="412" />
<SP HEIGHT="60" HPOS="1018" VPOS="3625" WIDTH="33" />
<String CONTENT="1885-" HEIGHT="51" HPOS="1052" VPOS="3625" WIDTH="173" />
</TextLine>
<TextLine HEIGHT="72" HPOS="460" LANG="en-US" STYLEREFS="StyleId-9AAEF693-C9C8-467E-9479-BC2C3DB1190B-" VPOS="3694" WIDTH="1944">
<String CONTENT="The" HEIGHT="55" HPOS="460" VPOS="3697" WIDTH="123" />
<SP HEIGHT="55" HPOS="584" VPOS="3697" WIDTH="25" />
<String CONTENT="body" HEIGHT="69" HPOS="610" VPOS="3697" WIDTH="155" />
<SP HEIGHT="69" HPOS="766" VPOS="3697" WIDTH="30" />
<String CONTENT="in" HEIGHT="53" HPOS="797" VPOS="3697" WIDTH="61" />
<SP HEIGHT="48" HPOS="859" VPOS="3702" WIDTH="28" />
<String CONTENT="the" HEIGHT="52" HPOS="888" VPOS="3698" WIDTH="96" />
<SP HEIGHT="53" HPOS="985" VPOS="3697" WIDTH="28" />
<String CONTENT="bonfire," HEIGHT="69" HPOS="1014" VPOS="3696" WIDTH="234" />
<SP HEIGHT="68" HPOS="1249" VPOS="3697" WIDTH="30" />
<String CONTENT="by" HEIGHT="69" HPOS="1280" VPOS="3697" WIDTH="76" />
<SP HEIGHT="69" HPOS="1357" VPOS="3697" WIDTH="29" />
<String CONTENT="Christopher" HEIGHT="68" HPOS="1387" VPOS="3696" WIDTH="380" />
<SP HEIGHT="52" HPOS="1768" VPOS="3698" WIDTH="30" />
<String CONTENT="Bush." HEIGHT="54" HPOS="1799" VPOS="3696" WIDTH="177" />
<SP HEIGHT="53" HPOS="1977" VPOS="3696" WIDTH="73" />
<String CONTENT="New" HEIGHT="53" HPOS="2051" VPOS="3696" WIDTH="141" />
<SP HEIGHT="53" HPOS="2193" VPOS="3695" WIDTH="29" />
<String CONTENT="York," HEIGHT="66" HPOS="2223" VPOS="3694" WIDTH="181" />
</TextLine>
<TextLine HEIGHT="69" HPOS="389" LANG="en-US" STYLEREFS="StyleId-9AAEF693-C9C8-467E-9479-BC2C3DB1190B-" VPOS="3776" WIDTH="950">
<String CONTENT="H." HEIGHT="55" HPOS="389" VPOS="3776" WIDTH="77" />
<SP HEIGHT="54" HPOS="467" VPOS="3777" WIDTH="31" />
<String CONTENT="Holt" HEIGHT="54" HPOS="499" VPOS="3776" WIDTH="147" />
<SP HEIGHT="48" HPOS="647" VPOS="3782" WIDTH="31" />
<String CONTENT="and" HEIGHT="53" HPOS="679" VPOS="3777" WIDTH="114" />
<SP HEIGHT="53" HPOS="794" VPOS="3777" WIDTH="32" />
<String CONTENT="company" HEIGHT="50" HPOS="827" VPOS="3794" WIDTH="282" />
<SP HEIGHT="51" HPOS="1110" VPOS="3794" WIDTH="34" />
<String CONTENT="[" HEIGHT="34" HPOS="1145" VPOS="3811" WIDTH="13" />
<String CONTENT="c" HEIGHT="22" HPOS="1163" STYLE="superscript" VPOS="3782" WIDTH="18" />
<String CONTENT="1936]" HEIGHT="64" HPOS="1186" VPOS="3780" WIDTH="153" />
</TextLine>
<TextLine CS="1" HEIGHT="50" HPOS="462" LANG="en-US" VPOS="3849" WIDTH="371">
<String CONTENT="278" HEIGHT="41" HPOS="462" VPOS="3850" WIDTH="87" />
<SP HEIGHT="49" HPOS="550" VPOS="3850" WIDTH="30" />
<String CONTENT="p." HEIGHT="39" HPOS="581" VPOS="3860" WIDTH="43" />
<SP HEIGHT="43" HPOS="625" VPOS="3849" WIDTH="59" />
<String CONTENT="19&#189;cm." CS="1" HEIGHT="42" HPOS="685" VPOS="3849" WIDTH="148" />
</TextLine>
<TextLine HEIGHT="53" HPOS="464" LANG="en-US" VPOS="3914" WIDTH="1938">
<String CONTENT="&#8220;Published" HEIGHT="41" HPOS="464" VPOS="3918" WIDTH="294" />
<SP HEIGHT="39" HPOS="759" VPOS="3920" WIDTH="26" />
<String CONTENT="in" HEIGHT="39" HPOS="786" VPOS="3920" WIDTH="48" />
<SP HEIGHT="39" HPOS="835" VPOS="3920" WIDTH="26" />
<String CONTENT="England" HEIGHT="47" HPOS="862" VPOS="3920" WIDTH="223" />
<SP HEIGHT="39" HPOS="1086" VPOS="3920" WIDTH="24" />
<String CONTENT="under" HEIGHT="40" HPOS="1111" VPOS="3919" WIDTH="155" />
<SP HEIGHT="39" HPOS="1267" VPOS="3919" WIDTH="23" />
<String CONTENT="the" HEIGHT="40" HPOS="1291" VPOS="3919" WIDTH="82" />
<SP HEIGHT="39" HPOS="1374" VPOS="3920" WIDTH="22" />
<String CONTENT="title," HEIGHT="48" HPOS="1397" VPOS="3918" WIDTH="123" />
<SP HEIGHT="48" HPOS="1521" VPOS="3918" WIDTH="26" />
<String CONTENT="&#8216;The" HEIGHT="39" HPOS="1548" VPOS="3918" WIDTH="116" />
<SP HEIGHT="31" HPOS="1665" VPOS="3927" WIDTH="24" />
<String CONTENT="case" HEIGHT="31" HPOS="1690" VPOS="3927" WIDTH="110" />
<SP HEIGHT="31" HPOS="1801" VPOS="3926" WIDTH="23" />
<String CONTENT="of" HEIGHT="41" HPOS="1825" VPOS="3916" WIDTH="52" />
<SP HEIGHT="41" HPOS="1878" VPOS="3916" WIDTH="26" />
<String CONTENT="the" HEIGHT="40" HPOS="1905" VPOS="3917" WIDTH="83" />
<SP HEIGHT="42" HPOS="1989" VPOS="3915" WIDTH="22" />
<String CONTENT="bonfire" HEIGHT="41" HPOS="2012" VPOS="3915" WIDTH="183" />
<SP HEIGHT="40" HPOS="2196" VPOS="3916" WIDTH="23" />
<String CONTENT="body.&#8221;" HEIGHT="48" HPOS="2220" VPOS="3914" WIDTH="182" />
</TextLine>
<TextLine HEIGHT="54" HPOS="393" LANG="en-US" VPOS="3972" WIDTH="2010">
<String CONTENT="&#169;" HEIGHT="53" HPOS="393" VPOS="3972" WIDTH="53" />
<SP HEIGHT="53" HPOS="447" VPOS="3972" WIDTH="41" />
<String CONTENT="Sept." HEIGHT="47" HPOS="489" VPOS="3978" WIDTH="127" />
<SP HEIGHT="40" HPOS="617" VPOS="3977" WIDTH="40" />
<String CONTENT="24," HEIGHT="47" HPOS="658" VPOS="3977" WIDTH="69" />
<SP HEIGHT="46" HPOS="728" VPOS="3978" WIDTH="37" />
<String CONTENT="1936;" HEIGHT="49" HPOS="766" VPOS="3977" WIDTH="142" />
<SP HEIGHT="49" HPOS="909" VPOS="3977" WIDTH="38" />
<String CONTENT="2c." HEIGHT="42" HPOS="948" VPOS="3977" WIDTH="68" />
<SP HEIGHT="31" HPOS="1017" VPOS="3987" WIDTH="39" />
<String CONTENT="and" HEIGHT="42" HPOS="1057" VPOS="3977" WIDTH="96" />
<SP HEIGHT="41" HPOS="1154" VPOS="3977" WIDTH="38" />
<String CONTENT="aff." HEIGHT="41" HPOS="1193" VPOS="3976" WIDTH="82" />
<SP HEIGHT="41" HPOS="1276" VPOS="3977" WIDTH="42" />
<String CONTENT="Sept." HEIGHT="47" HPOS="1319" VPOS="3977" WIDTH="128" />
<SP HEIGHT="41" HPOS="1448" VPOS="3976" WIDTH="39" />
<String CONTENT="26;" HEIGHT="47" HPOS="1488" VPOS="3976" WIDTH="82" />
<SP HEIGHT="46" HPOS="1571" VPOS="3977" WIDTH="42" />
<String CONTENT="A" HEIGHT="38" HPOS="1614" VPOS="3977" WIDTH="41" />
<SP HEIGHT="40" HPOS="1656" VPOS="3975" WIDTH="37" />
<String CONTENT="98650;" HEIGHT="49" HPOS="1694" VPOS="3974" WIDTH="173" />
<SP HEIGHT="49" HPOS="1868" VPOS="3974" WIDTH="40" />
<String CONTENT="C." HEIGHT="42" HPOS="1909" VPOS="3974" WIDTH="49" />
<SP HEIGHT="38" HPOS="1959" VPOS="3975" WIDTH="42" />
<String CONTENT="Bush," HEIGHT="50" HPOS="2002" VPOS="3973" WIDTH="148" />
<SP HEIGHT="49" HPOS="2151" VPOS="3974" WIDTH="41" />
<String CONTENT="London." HEIGHT="40" HPOS="2193" VPOS="3972" WIDTH="210" />
</TextLine>
<TextLine HEIGHT="49" HPOS="471" LANG="en-US" VPOS="4033" WIDTH="283">
<String CONTENT="(56-20243)" HEIGHT="49" HPOS="471" VPOS="4033" WIDTH="283" />
</TextLine>
</TextBlock>
</PrintSpace>
</Page>
</Layout>
</alto>