2519 4377
1072 4100 98 50 655

146 456 196 61 Howe,
370 454 203 62 Henry
602 454 68 53 V.

216 528 1916 70 Geology of Iberia parish, by Henry V. Howe … and Cyril
146 605 1989 70 K. Moresi … [New Orleans, Department of conservation,
147 686 224 50 Bureau
405 683 63 52 of
502 684 269 52 scientific
805 685 252 52 research
1094 685 62 52 of
1189 685 93 51 the
1319 684 266 52 minerals
1620 683 264 69 division,
1917 690 177 62 c1932]

216 756 85 40 187
333 767 43 36 p.
435 756 143 46 illus.,
610 766 136 38 maps
774 756 48 47 (1
857 756 144 46 fold.)
1029 757 167 47 tables,
1234 756 178 49 diagrs.
1476 757 116 40 23cm.
1667 757 162 48 (State
1865 758 52 40 of
145 759 1972 99 Louisiana,

281 814 320 45 Department
626 812 52 40 of
703 812 349 45 conservation,
1084 813 54 40 R.
1170 813 43 39 S.
1243 813 217 47 Maestri,
1489 813 374 42 commissioner.
145 813 1974 96 Geological
246 868 202 40 bulletin
476 880 73 29 no.
578 870 50 46 1)

146 921 52 54 ©
235 926 108 39 Feb.
380 926 67 43 15,
485 925 140 43 1932;
664 925 66 39 2c.
771 926 120 39 Mar.
926 924 70 48 27,
1034 923 81 40 1936;
1213 924 81 39 aff.
1333 925 123 39 June
1494 925 51 48 1;
1584 926 40 38 A
1662 924 168 45 95502;
1871 925 261 41 Louisiana

214 984 302 46 department
546 982 50 39 of
623 982 352 42 conservation.
1003 983 115 37 New
1147 982 216 40 Orleans.

213 1083 255 68 Geology
509 1084 62 52 of
612 1083 305 68 Lafayette
961 1084 110 52 and
1118 1083 82 55 St.
1242 1083 217 52 Martin
1502 1084 272 67 parishes,
1815 1085 73 67 by
1931 1086 202 65 Henry

143 1161 1708 67 V. Howe … and Cyril K. Moresi … [New Orleans,
140 1164 1966 128 Department
336 1239 61 53 of
439 1240 407 64 conservation,
889 1240 227 51 Bureau
1157 1240 61 51 of
1261 1239 267 52 scientific

1571 1241 254 51 research
1869 1240 111 51 and
140 1245 1968 136 statistics,
361 1316 272 52 Minerals
659 1318 226 64 section,
912 1320 153 48 c1933]

212 1389 81 46 xii,
328 1389 87 39 238
446 1400 57 36 p.,
537 1390 23 37 1
617 1421 7 7 l.
685 1388 142 47 illus.,
861 1389 118 41 fold,
1012 1400 76 36 pl.,
1124 1399 136 37 maps
1289 1388 47 47 (1
1370 1389 143 46 fold.)
1542 1388 178 48 diagrs.
1781 1388 116 41 23cm.
1972 1388 162 47 (State

141 1445 51 40 of
222 1445 275 46 Louisiana,
529 1446 318 47 Department
877 1445 51 40 of
959 1444 351 46 conservation,
1343 1445 52 38 R.
1431 1446 43 39 S.
1509 1445 215 47 Maestri,
1757 1445 375 49 commissioner,

142 1501 272 48 Geological
443 1501 201 40 bulletin
676 1512 73 30 no.
774 1501 51 47 3)

141 1553 53 53 ©
224 1558 114 47 July
368 1559 39 45 1,
438 1557 139 47 1933;
609 1558 67 39 2c.
708 1559 113 46 May
850 1556 70 49 27,
953 1557 139 46 1936;
1126 1556 82 41 aff.
1241 1558 125 40 June
1399 1558 51 40 1:
1484 1557 41 39 A
1556 1556 170 48 95503;
1761 1556 264 41 Louisiana
215 1559 1901 104 department
485 1616 51 39 of
561 1614 351 49 conservation,
940 1615 117 39 New
1084 1614 217 40 Orleans.

138 1717 261 53 Indiana.
473 1719 183 65 Laws,
682 1722 253 62 statutes,
960 1723 99 47 etc.

268 1794 1466 68 … Cumulative pocket supplement. [May, 1936]
141 1795 1989 144 Burns annotated Indiana statutes, volumes 1-12 … [Indianapolis,
138 1950 118 53 The
284 1949 440 53 Bobbs-Merrill
752 1968 295 48 company,
1074 1953 173 63 c1936]

209 2022 57 39 12
324 2052 7 8 v.
392 2022 145 40 25½cm.

209 2079 155 39 These
393 2079 272 47 pamphlets
696 2089 84 31 are
811 2081 48 37 to
890 2079 56 39 be
976 2078 138 39 fitted
1146 2079 48 37 in
1200 2082 52 35 to-
1279 2079 80 39 the
1392 2078 195 47 pockets
1620 2080 51 37 at
1702 2079 81 38 the
1813 2078 121 39 back
1964 2079 53 39 of
2049 2080 82 40 the

138 2137 214 37 volumes
379 2135 51 39 of
458 2137 80 39 the
565 2137 73 37 set
666 2138 48 36 to
743 2135 157 39 which
928 2135 114 47 they
1070 2135 181 46 belong.

139 2187 52 53 ©
219 2193 111 46 May
359 2191 68 48 29,
457 2191 139 47 1936;
627 2191 66 40 2c.
724 2192 117 39 each
869 2192 124 38 June
1019 2191 51 45 6;
1102 2190 106 41 affs.
1239 2191 125 38 June
1394 2189 54 40 10;
1506 2191 39 37 A
1574 2189 346 46 94852-94863;
1954 2192 177 38 Bobbs-

209 2248 185 40 Merrill
421 2260 67 28 co.

135 2353 172 52 Iowa.
382 2354 274 64 Supreme
685 2358 174 47 court.

135 2427 1967 131 Reports of cases at law and in equity determined … September
378 2514 161 49 term,
574 2510 149 55 1934,
757 2507 110 51 and
899 2508 262 65 January
1194 2506 110 52 and
1338 2508 138 65 May
1509 2509 189 63 terms,
1732 2509 148 50 1935.
1950 2508 72 53 U.
2057 2507 69 54 G.

135 2585 288 66 Whitney,
463 2590 271 61 reporter,
810 2584 223 52 volume
1071 2587 117 49 219.
1264 2585 112 51 Des
1419 2583 236 67 Moines,
1698 2584 119 51 The
1862 2584 160 55 State
2065 2585 62 51 of

135 2663 155 51 Iowa
321 2665 191 63 [c1936]

205 2734 64 46 ix,
297 2734 116 39 1510
438 2745 43 37 p.
540 2733 145 41 23½cm.

137 2786 53 53 ©
219 2792 121 38 Mar.
365 2790 70 48 30,
466 2790 114 40 1936;
637 2790 53 39 2c.
738 2791 113 47 May
880 2791 27 38 4;
969 2787 82 43 aff.
1083 2791 112 46 May
1226 2790 24 38 1;
1310 2790 41 38 A
1381 2789 145 40 95644;
1590 2790 138 40 State
1757 2790 53 40 of
1840 2791 146 40 Iowa.

133 2937 272 64 Jackson,
434 2937 218 63 Joseph
684 2936 221 64 Henry,
938 2941 169 50 1894-

204 3012 261 53 Mexican
500 3012 299 69 interlude,
833 3013 74 68 by
941 3014 214 66 Joseph
1191 3014 201 66 Henry
1429 3014 265 53 Jackson.
1769 3015 138 52 New
1944 3015 180 65 York,

135 3092 121 52 The
283 3091 331 53 Macmillan
645 3109 296 50 company,
972 3095 149 51 1936.

238 3162 1204 50 x p., 1 l., 232 p. plates, 2 port, on 1 pl. 21cm.
209 3222 113 47 Map
350 3231 60 30 on
439 3220 363 49 lining-papers.

206 3277 162 40 “First
398 3276 258 50 printing.”

135 3329 53 54 ©
215 3336 111 46 May
353 3335 68 45 26,
450 3334 116 40 1936;
619 3335 68 40 2c.
715 3336 95 39 and
838 3335 81 40 aff.
949 3336 115 46 May
1089 3335 82 45 27;
1202 3335 40 38 A
1270 3335 169 47 96410;
1473 3334 278 41 Macmillan
1780 3346 66 29 co.

215 3391 278 47 (36-10806)

132 3480 264 66 Kellogg,
421 3482 137 51 Mrs.
585 3481 164 64 Lucy
771 3480 147 53 Jane
949 3480 263 67 (Cutler)
1247 3486 171 49 1866-

200 3557 224 53 Hearth
456 3565 156 45 stone
643 3559 168 65 tales;
846 3577 30 33 a
909 3559 313 51 condensed
1255 3557 220 69 history
1508 3557 62 53 of
1604 3557 339 68 Greenfield,

130 3558 1971 130 Massachusetts
472 3636 108 68 [by]
613 3637 158 67 Lucy
800 3636 200 53 Cutler
1025 3637 264 67 Kellogg.
1354 3635 340 69 Greenfield,

1722 3636 170 52 Mass.
133 3636 1971 145 [Hartford,
317 3714 195 68 Conn.,
544 3715 241 52 Printed
817 3716 35 51 by
921 3715 123 53 The
1078 3715 157 68 Case,
1267 3715 319 53 Lockwood
1619 3717 46 50 &
1697 3714 288 53 Brainard
2020 3733 79 35 co.]

131 3796 171 48 c1936.

204 3866 99 47 viii,
334 3867 83 39 125
447 3877 41 37 p.
545 3867 150 41 front.
752 3867 56 41 23½cm.

201 3922 345 48 Bibliography:
603 3934 44 37 p.
677 3923 215 41 112-115.

136 3974 52 52 ©
214 3980 111 46 May
352 3980 68 42 14,
445 3979 113 40 1936;
612 3979 67 42 2c.
706 3981 77 38 May
843 3979 27 40 9:
925 3979 82 41 aff.
1034 3981 112 46 May
1173 3979 55 39 19;
1282 3981 39 37 A
1348 3979 142 40 95280;
1548 3981 49 39 L.
1626 3980 49 40 C.
1703 3980 214 47 Kellogg,
203 3980 1900 101 Greenfield,
362 4037 144 39 Mass.
576 4035 279 49 (36-10786)
