2519 4377
1298 4141 133 54 1752

360 430 201 68 Train,
587 432 238 54 Arthur
851 432 260 65 Cheney,
1140 435 174 54 1875-

429 508 113 56 Mr.
585 509 191 55 Tutt’s
815 528 125 37 case
977 511 176 69 book;
1198 511 173 71 being
1411 531 31 35 a
1484 512 301 55 collection
1826 513 65 54 of
1930 514 91 55 his
2060 521 149 49 most
361 517 1999 125 celebrated
603 587 168 58 trials

814 608 60 35 as
916 591 269 68 reported
1228 591 113 53 and
1384 591 285 69 compiled
1708 592 77 69 by
1825 594 229 55 Arthur
2094 595 182 53 Train
2324 640 56 10 ...

360 672 315 53 annotated
708 668 77 71 by
821 669 338 55 Ferdinand
1192 671 57 55 J.
1285 670 168 56 Wolf
1494 716 57 9 ...
1590 671 143 54 with
1772 690 72 35 an
1881 672 394 55 introduction
2309 675 76 68 by

361 748 159 55 John
572 747 208 71 Henry
831 748 298 70 Wigmore
1185 793 57 10 ...
1322 750 141 54 New
1517 750 182 69 York,
1752 751 62 56 C.
1869 751 316 56 Scribner’s
2238 771 146 49 sons,

361 832 152 51 1936.

433 903 98 48 xiv,
578 901 58 51 [2],
667 901 86 42 676
782 913 43 38 p.
886 902 57 41 23½
975 904 46 22 cm
1026 935 9 9 .

363 957 52 54 ©
441 962 119 39 Nov.
587 959 72 48 20,
685 959 118 42 1936;
856 959 69 42 2c.
952 961 119 42 Nov.
1098 960 57 41 25;
1214 960 80 41 aff.
1323 961 117 39 Nov.
1467 959 56 41 21;
1581 961 42 40 A
1649 960 176 42 100665;
1883 961 205 42 Charles
2120 961 267 43 Scribner’s

433 1030 127 29 sons.
619 1017 285 53 (36-33402)

360 1097 71 55 U.
457 1097 57 53 S.
589 1096 284 66 Supreme
900 1102 176 47 court.

434 1174 170 54 Cases
632 1175 218 66 argued
879 1176 114 52 and
1020 1173 237 54 decided
1290 1218 56 8 ...
1379 1174 249 55 October
1653 1179 165 64 term,
1848 1179 154 65 1935,
2030 1175 60 52 in
2118 1178 120 61 296,
2266 1176 120 68 297,

361 1257 102 49 298
498 1255 72 54 U.
613 1253 56 55 S.
744 1253 166 54 Book
948 1256 81 51 80.
1068 1253 288 68 Lawyers’
1396 1254 85 52 ed.
1557 1254 299 68 Complete
1892 1255 143 52 with
2073 1255 313 67 headlines,

359 1333 329 65 headnotes,
720 1336 332 50 statements
1084 1332 63 53 of
1178 1351 170 49 cases,
1378 1333 194 67 points
1606 1333 111 53 and
1749 1333 341 54 authorities
2122 1333 65 54 of
359 1352 2003 115 counsel,

494 1413 306 53 footnotes,
841 1412 112 52 and
991 1411 245 67 parallel
1272 1411 335 68 references,
1642 1412 77 67 by
1754 1411 97 54 the
1889 1411 342 68 publishers’
359 1412 2000 131 editorial
563 1490 151 54 staff.

791 1491 328 66 Rochester,
1149 1492 71 52 N.
1252 1492 91 65 Y.,
1374 1491 124 52 The
1526 1492 272 66 Lawyers
1828 1489 385 69 co-operative
360 1492 2000 144 publishing
601 1587 301 50 company,
927 1572 152 52 1936.

431 1642 137 49 lxxii,
598 1642 117 41 1562
747 1664 45 29 [i.
821 1653 38 32 e.
888 1642 131 52 1574]
1049 1653 45 39 p.
1151 1641 162 40 24½cm.

361 1697 53 53 ©
443 1703 111 38 Dec.
584 1699 69 50 10,
683 1700 117 41 1936;
855 1700 68 42 2c.
953 1702 113 39 Dec.
1095 1701 57 39 17;
1211 1700 82 43 aff.
1323 1702 114 41 Dec.
1466 1699 57 42 16;
1580 1701 41 39 A
1649 1699 176 42 100968;
1883 1700 233 48 Lawyers
433 1709 1935 89 co-operative
553 1758 111 49 pub.
690 1768 68 30 co.

360 1834 653 67 Voj áč ek, Jan, 1885-
429 1915 57 53 A
521 1932 210 50 survey
767 1914 63 53 of
865 1914 97 53 the
998 1915 291 67 principal
1325 1912 259 56 national
1621 1917 202 66 patent
1861 1919 257 63 systems,
2154 1914 76 68 by
2268 1914 118 54 Jan

363 1992 1594 69 Voj áč ek ... New York, Prentice-Hall, inc., 1936.
430 2066 136 49 xviii,
593 2066 91 41 209
710 2077 43 38 p.
812 2066 131 41 illus.
973 2066 188 49 (maps)
1201 2066 180 48 diagrs.
1439 2066 57 41 23½cm.

433 2123 164 40 “First
630 2122 135 50 prize
800 2123 314 48 monograph,
1150 2122 129 49 1935,
1316 2124 82 39 the
1434 2122 205 41 Charles
1675 2122 50 42 C.
1759 2120 282 42 Linthicum
2074 2121 309 50 foundation,

361 2180 372 40 Northwestern
761 2179 275 49 university
1068 2179 173 42 School
1268 2179 52 41 of
1346 2178 140 42 law.”

433 2238 182 40 “Texts
639 2236 53 43 of
719 2236 224 42 national
970 2237 174 48 patent
1170 2234 151 42 laws”;
1381 2246 44 39 p.
1454 2235 218 43 191-194.

433 2293 384 49 “Bibliography
847 2295 97 39 and
971 2293 88 41 list
1084 2293 53 40 of
1165 2293 162 40 works
1357 2292 157 42 cited”;
1574 2304 44 37 p.
1647 2292 235 41 xv-xviii.

360 2347 2009 109 © Oct. 21, 1936; 2c. and aff. Nov. 19; A 99982; J. Voj áč ek, Prague, Czechoslovakia. (36-33452)
360 2484 261 66 Walden,
646 2485 151 54 Jane
821 2485 312 55 Brevoort.

429 2564 123 54 The
576 2565 140 67 long
740 2563 157 68 whip;
956 2564 96 54 the
1080 2568 157 63 story
1263 2562 64 55 of
1352 2582 31 34 a
1408 2567 165 63 great
1596 2563 206 68 husky,
1824 2563 77 68 by
1926 2565 150 55 Jane
2101 2566 283 51 Brevoort

359 2643 245 55 Walden
637 2642 115 54 and
785 2641 204 57 Stuart
1018 2643 72 53 D.
1123 2643 64 52 L.
1223 2640 196 55 Paine.
1490 2644 141 52 New
1664 2642 182 67 York,
1878 2642 68 55 G.
1982 2644 66 52 P.
2083 2641 298 54 Putnam’s

358 2740 145 48 sons,
529 2725 153 50 1936.

430 2793 952 50 5 p. l., 246 p. front., plates. 22 cm .
360 2848 53 54 ©
435 2853 119 40 Nov.
579 2850 69 49 16,
674 2850 116 41 1936;
843 2849 68 43 2c.
935 2851 119 41 Nov.
1077 2849 56 40 23;
1189 2847 82 43 aff.
1296 2850 119 41 Nov.
1441 2849 57 40 20;
1551 2850 42 40 A
1616 2848 145 42 99951;
1818 2849 52 41 G.
1897 2850 50 39 P.
1975 2848 253 41 Putnam’s
2254 2860 126 30 sons.

441 2910 284 48 (36-33441)

359 2986 329 64 Waldman,
719 2985 231 62 Milton,
984 2991 172 50 1895-

432 3106 56 10 ...
537 3063 346 71 Biography
926 3062 64 55 of
1035 3082 34 34 a
1111 3062 239 70 family;
1399 3062 311 57 Catherine
1751 3062 70 55 de
1861 3061 217 56 Medici
2123 3062 113 54 and
2280 3062 100 53 her

357 3142 260 54 children
656 3186 58 9 ...
788 3144 236 66 Boston,
1057 3142 322 68 Houghton
1412 3141 206 53 Mifflin
1652 3159 300 52 company,
1987 3144 151 51 1936.

426 3217 101 48 xxi,
555 3216 87 41 266
670 3227 43 38 p.
770 3215 166 43 front.,
964 3218 151 47 ports.
1171 3215 57 40 22
1232 3218 43 21 cm
1280 3248 10 9 .

427 3274 64 41 At
516 3274 126 42 head
671 3274 52 41 of
750 3273 110 42 title;
919 3274 72 49 By
1020 3272 177 43 Milton
1224 3273 276 41 Waldman.

429 3330 352 50 Bibliography;
842 3342 43 38 p.
934 3329 238 51 [259]-261.

360 3386 53 52 ©
437 3390 117 39 Nov.
580 3388 68 47 19,
676 3388 115 40 1936;
845 3388 67 40 2c.
938 3389 118 38 Nov.
1082 3387 57 41 23;
1194 3388 82 40 aff.
1303 3388 119 40 Nov.
1448 3386 57 40 21;
1560 3387 40 40 A
1624 3385 147 42 99962;
1827 3388 63 39 M.
1917 3386 277 43 Waldman,
2222 3387 156 40 Paris,

440 3446 285 48 (36-33721)

359 3522 449 65 Wertenbaker,
838 3522 264 66 Charles,
1132 3527 174 52 1901-

362 3596 1991 150 To my father, by Charles Wertenbaker. New York, Toronto, Farrar & Rinehart, incorporated [ c 1936]
430 3748 596 50 5 p. l., 3-499 p. 21 cm .
433 3806 292 42 Illustrated
760 3805 367 49 lining-papers.

429 3863 147 40 “This
601 3862 110 41 first
736 3862 185 42 edition
950 3895 47 9 ...
1025 3864 42 40 is
1093 3863 189 41 limited
1309 3866 48 38 to
1385 3861 117 43 1500
1525 3864 160 48 copies
1714 3894 47 9 ...
1790 3862 169 48 signed
1985 3864 61 48 by
2072 3863 83 40 the
2180 3861 192 43 author.

357 3920 216 40 Number
601 3919 130 41 258.”

359 3976 53 53 ©
443 3980 128 48 Sept.
603 3979 70 48 14,
704 3979 116 40 1936;
878 3979 68 40 2c.
981 3980 128 47 Sept.
1140 3978 56 39 17;
1255 3979 82 39 aff.
1373 3979 128 48 Sept.
1533 3978 55 41 16;
1650 3979 39 39 A
1718 3976 147 43 98595;
1926 3978 50 41 C.
2008 3977 366 48 Wertenbaker,

431 4037 298 48 Gloucester,
757 4038 148 40 Mass.
970 4035 282 51 (36-33383)
