2519 4377
1059 4092 131 51 1417

122 455 227 64 Michel,
379 455 238 64 Robert,
651 456 169 53 1876-

193 529 147 53 Vom
367 531 321 51 hanswurst
716 548 126 34 zum
872 534 183 48 ersten
1083 547 171 34 mann
1282 528 77 53 im
1388 533 177 61 staat;
1594 528 184 53 lieben
1805 528 117 52 und
1951 528 160 52 leben

124 608 94 51 des
246 607 222 52 fürsten
496 605 319 68 Potemkin,
845 624 109 34 von
982 606 213 54 Robert
1224 607 226 52 Michel.
1526 605 217 68 Berlin,
1771 605 216 68 Verlag
2015 604 97 53 für

123 683 408 68 kulturpolitik
567 717 12 33 [
585 690 17 22 c
607 686 151 64 1935]

190 753 85 41 285
309 764 42 38 p.
409 753 164 49 front.,
608 755 149 47 ports.
820 754 55 39 21
878 756 45 21 cm
927 786 9 8 .

193 810 333 40 “Literatur”:
557 821 43 37 p.
629 809 217 42 284-285.

121 866 1974 108 © Apr. 13, 1935; 1c. Apr. 30, 1936; A — Foreign 31575; Verlag für kulturpolitik. g. m. b. h. (36-22348)
121 1029 206 62 Miller,
352 1031 137 51 Mrs.
518 1028 184 52 Helen
734 1028 325 65 (Topping)
1094 1034 171 49 1884-

193 1105 151 51 Love
378 1121 178 35 comes
590 1104 111 52 last
740 1104 91 66 [by]
887 1103 184 53 Helen
1107 1102 272 70 Topping
1410 1102 212 54 Miller.
1689 1102 426 68 Philadelphia,

124 1183 119 50 The
272 1182 158 51 Penn
460 1180 334 69 publishing
823 1199 279 49 company
1318 1214 12 34 [c1936]

194 1255 86 39 315
314 1265 43 36 p.
418 1255 56 39 20
478 1257 42 20 cm
526 1286 8 8 .

122 1306 52 53 ©
200 1311 100 39 Oct.
328 1311 39 46 9,
395 1310 139 44 1936;
563 1311 67 39 2c.
658 1310 96 39 and
781 1310 81 40 aff.
891 1310 99 40 Oct.
1020 1311 81 47 14;
1132 1311 40 38 A
1200 1309 170 49 98897;
1400 1312 132 38 Penn
1558 1310 110 48 pub.
1697 1320 67 31 co.

202 1367 278 47 (36-22177)

123 1471 223 63 Moran,
375 1469 220 53 Kieran
624 1471 82 63 P.,
738 1471 171 54 1879-

192 1545 347 53 Miraculous
598 1545 187 53 medal
843 1563 217 35 novena
1117 1564 267 49 sermons,
1443 1546 76 68 by
1575 1547 139 51 Rev.
1772 1546 219 52 Kieran
2050 1547 64 50 P.

122 1623 1788 70 Moran … Philadelphia, Jefferies & Manz press [ c 1936 ]
193 1696 83 40 122
303 1708 43 38 p.
407 1697 54 40 19½cm.

123 1749 52 53 ©
212 1754 115 46 July
362 1753 68 48 22,
467 1753 141 44 1936;
648 1754 68 38 2c.
756 1754 95 39 and
889 1754 81 40 aff.
1006 1755 118 46 Aug.
1163 1754 52 46 8;
1256 1755 40 38 A
1333 1753 170 48 97306;
1545 1754 197 40 Central
1781 1763 128 30 assn,
1948 1754 52 39 of
2036 1754 83 39 the

191 1810 294 39 miraculous
510 1810 172 49 medal,
709 1810 354 48 Philadelphia.
1135 1809 279 48 (36-21807)

125 1911 316 64 Moreland,
465 1911 152 54 John
645 1910 277 67 Richard,
950 1918 170 50 1880-

195 1990 171 52 From
393 1989 211 66 Dingle
632 1995 59 48 to
719 1990 205 66 Derry,
950 1990 75 65 by
1052 1990 155 54 John
1235 1988 254 54 Richard
1518 1989 315 52 Moreland.
1901 1989 215 52 Dallas.

125 2069 152 56 Tex.,
303 2067 119 51 The
448 2066 434 67 Kaleidograph
906 2084 157 49 press
1095 2100 12 33 [c
1136 2070 133 49 1936
1275 2101 12 32 ]

195 2135 699 49 xi p., 2 l., 17-79 p. 20 cm .
195 2192 181 39 Poems.

125 2247 52 53 ©
206 2252 121 41 Mar.
357 2251 67 49 15,
454 2250 140 48 1936;
625 2250 68 42 2c.
724 2251 102 41 Oct.
855 2252 52 47 8;
940 2251 81 41 aff.
1053 2251 101 42 Oct.
1185 2252 52 42 7:
1270 2252 40 39 A
1340 2250 170 49 98817;
1543 2252 43 40 J.
1617 2252 55 40 R.
1705 2251 264 49 Moreland,
193 2252 1908 95 Norfolk.
380 2307 279 49 (36-22196)

127 2411 238 65 Morley,
395 2412 130 64 Iris,
558 2417 171 49 1910-

196 2487 121 53 The
351 2487 184 68 proud
575 2486 256 70 paladin,
867 2487 75 68 by
980 2486 114 53 Iris
1131 2487 237 68 Morley.
1442 2487 140 52 New
1621 2486 178 67 York,
1837 2488 88 53 W.
128 2487 1966 130 Morrow
274 2565 110 52 and
417 2582 296 50 company,
745 2567 150 52 1936.

194 2636 689 51 5 p. l., 3-310, [1] p. 21 cm .
127 2690 51 52 ©
207 2695 126 47 Sept.
361 2693 38 48 9,
428 2694 140 46 1936;
596 2693 67 41 2c.
694 2695 126 46 Sept.
849 2694 53 39 12;
961 2694 81 40 aff.
1074 2694 126 47 Sept.
1230 2695 80 46 14;
1341 2695 40 38 A
1407 2693 170 48 98403;
1610 2693 95 40 Iris
1733 2693 234 41 Vivienne
194 2696 1909 101 Morley

299 2750 163 48 Jacob,
493 2751 148 49 Fleet,
673 2748 309 50 Hampshire,
1010 2750 236 47 England.
1317 2749 278 49 (36-21823)

129 2853 140 53 New
320 2854 283 52 universal
655 2853 533 68 self-pronouncing
1240 2851 321 70 dictionary
1614 2853 62 53 of
1727 2854 95 53 the
1875 2853 245 67 English

199 2929 1897 144 language … based upon the foundation laid by Noah Webster,
201 3005 1893 146 edited and modernized by W. J. Pelo … with an appendix
464 3083 330 68 containing
846 3084 227 68 foreign
1125 3083 185 53 words
1361 3084 112 51 and
1526 3084 249 67 phrases,
1827 3082 292 55 Christian

198 3178 190 35 names
421 3161 63 52 of
515 3179 126 34 men
677 3161 112 53 and
825 3179 232 49 women,
1091 3161 177 52 tables
1303 3161 63 52 of
1400 3159 239 69 weights
1676 3160 112 53 and
1823 3177 298 50 measures,

201 3236 278 54 electrical
513 3237 172 68 units,
721 3238 435 67 abbreviations,
1191 3244 118 61 etc.,
1344 3243 100 48 etc.
1520 3236 423 69 Philadelphia,
201 3238 1895 129 Universal
411 3315 146 52 book
585 3316 174 52 house
794 3349 12 33 [
812 3322 17 20 c
834 3317 132 50 1936
972 3349 12 33 ]

202 3384 1657 51 xvi p., 1 l., 1126 p. col. front., illus., plates (part col.) 20½ cm.
202 3440 70 40 On
302 3451 165 29 cover:
496 3442 100 38 The
625 3441 201 49 graphic
855 3442 286 47 dictionary.

131 3496 51 52 ©
207 3500 115 48 July
345 3499 70 49 20,
440 3499 139 49 1936;
609 3501 67 38 2c.
703 3501 117 46 Aug.
849 3501 51 47 8;
930 3500 81 40 aff.
1037 3501 118 47 Aug.
1182 3501 81 46 11;
1293 3503 39 37 A
1358 3500 170 49 97333.;
1559 3501 128 40 John
1715 3501 48 42 C.
1791 3501 223 40 Winston
2040 3510 82 38 co.,

200 3557 351 48 Philadelphia.
616 3558 280 48 [Copyright
926 3558 42 38 is
999 3557 205 40 claimed
1236 3569 60 28 on
1328 3558 237 40 revisions
1596 3559 95 39 and
1723 3557 261 50 additions]

211 3614 277 48 (36-22020)

133 3703 259 61 Orosius,
421 3704 235 54 Paulus.

205 3778 178 55 Seven
420 3779 170 54 books
626 3778 63 54 of
723 3779 220 68 history
978 3780 226 67 against
1237 3779 95 53 the
1366 3797 246 51 pagans;
1648 3779 95 53 the
1778 3779 247 68 apology
2060 3778 62 53 of

135 3856 211 52 Paulus
397 3856 253 68 Orosius,
698 3857 313 53 translated
1060 3856 138 54 with
1246 3857 389 53 introduction
1683 3857 111 52 and
1841 3862 158 47 notes
2049 3862 73 62 by

139 3932 1957 147 Irving Woodworth Raymond … New York, Columbia university press, 1936.
