2519 4377
1296 4186 103 47 240

408 570 224 43 “Colonel
666 571 139 40 Hans
837 570 252 42 Christian
1121 572 120 49 Heg,
1276 582 28 30 a
1335 570 334 49 biographical
1700 568 184 47 essay”,
1916 568 62 47 by
2009 567 252 41 Theodore
2294 567 50 41 C.

335 629 209 49 Blegen:
572 640 43 38 p.
641 628 130 43 1-45.

339 685 53 53 ©
420 690 111 40 Feb.
560 690 69 46 15,
659 687 140 44 1936;
829 688 67 40 2c.
927 690 122 39 Mar.
1078 690 27 39 7;
1161 689 82 41 aff.
1274 691 121 39 Mar.
1424 691 51 45 5;
1508 690 39 38 A
1576 688 170 46 93085;
1778 684 572 49 Norwegian-American

411 747 256 40 historical
692 756 128 31 assn.
885 746 251 49 (36-7110)

338 838 314 64 Hermant,
680 837 167 64 Abel,
876 842 174 50 1862-

473 909 1876 73 … Eddy et Paddy; edited, with notes and vocabulary by
340 988 2010 73 Maurice Edgar Coindreau … Boston, New York [etc.] D. C.
339 1070 197 55 Heath
568 1072 116 53 and
715 1088 282 52 company
1038 1104 14 35 [
1055 1076 18 22 c
1079 1072 152 66 1936]

408 1142 1943 52 3 p. l., v-xxi, 171 p. front. (port.) 17 cm . (Heath’s modern language
338 1203 177 48 series)

410 1260 282 41 Half-title:
734 1259 383 49 Contemporary
1156 1261 189 40 French
1385 1264 144 42 texts,
1570 1261 197 47 general
1807 1259 173 48 editor,
2023 1259 148 41 Louis
2211 1258 128 42 Cons.

343 1328 88 39 inc.
457 1317 73 52 16]

411 1374 451 49 “Bibliographie”:
891 1385 43 39 p.
964 1377 196 39 xv-xxi.

343 1431 53 53 ©
435 1436 109 39 Jan.
585 1436 70 47 21,
696 1434 141 43 1936;
880 1435 67 40 2c.
989 1436 110 39 Feb.
1140 1437 51 41 7;
1234 1436 82 40 aff.
1360 1436 110 40 Feb.
1511 1436 82 45 26;
1635 1437 42 38 A
1715 1435 171 47 92218;
1931 1437 220 40 Maurice
2192 1438 165 48 Edgar

413 1493 291 47 Coindreau,
753 1493 273 47 Princeton,
1074 1493 56 40 N.
1177 1493 42 39 J.
1299 1493 283 48 [Copyright
1629 1493 41 40 is
1714 1493 206 39 claimed
1965 1504 64 28 on
2074 1497 138 37 notes
2259 1494 97 39 and

412 1551 313 48 vocabulary]
793 1550 251 48 (36-7133)

342 1642 244 67 Hobbie,
616 1643 157 53 John
802 1642 379 65 Remington,
1214 1648 172 50 1885-

411 1718 407 55 Introduction
843 1723 58 50 to
928 1719 213 68 college
1167 1719 229 69 physics
1444 1720 93 68 [by]
1570 1719 157 54 John
1754 1720 350 70 Remington
2130 1722 227 56 Hobbie

403 1797 1386 68 … New York, Farrar & Rinehart, inc., 1936.
414 1874 65 47 ix,
504 1873 88 41 756
614 1884 42 37 p.
713 1873 86 40 col.
824 1872 165 48 front.,
1014 1872 143 48 illus.,
1184 1872 179 48 diagrs.
1416 1872 57 40 22
1477 1875 45 21 cm
1525 1905 9 8 .

415 1930 138 40 “List
576 1930 54 41 of
654 1927 304 42 references”:
1016 1940 43 37 p.
1088 1928 217 41 717-719.

344 1984 53 53 ©
438 1988 111 40 Feb.
590 1987 70 48 20,
702 1986 141 46 1936;
886 1986 67 39 2c.
996 1986 109 39 Feb.
1146 1985 83 46 26;
1272 1985 82 40 aff.
1397 1986 110 40 Feb.
1545 1986 83 46 25;
1672 1988 39 37 A
1753 1986 171 48 90956;
1968 1989 44 40 J.
2055 1989 55 40 R.
2153 1988 201 50 Hobbie,

417 2045 238 47 Saratoga
688 2044 215 48 Springs,
932 2043 55 40 N.
1017 2043 54 40 Y.
1138 2042 251 47 (36-7101)

342 2135 260 64 Holmes,
629 2136 209 63 Henry
864 2133 233 63 Alfred,
1126 2138 170 49 1883-
1511 2136 84 52 ed.

416 2211 257 71 Spanish
704 2210 269 54 America
1010 2215 57 49 at
1105 2208 186 70 work;
1330 2229 31 35 a
1400 2210 298 54 collection
1732 2210 65 55 of
1834 2211 227 56 articles
2098 2232 75 36 on
341 2230 1991 115 commercial
598 2291 114 53 and
737 2289 309 54 industrial
1071 2290 202 68 phases
1294 2289 64 53 of
1384 2288 591 70 Spanish-American
1999 2292 125 71 life,
2148 2293 208 69 edited,

343 2371 141 53 with
534 2370 400 68 illustrations,
984 2387 181 50 maps,
1212 2375 178 63 notes,
1442 2370 113 52 and
1605 2369 367 71 vocabulary,
2024 2372 77 71 by
2151 2373 202 70 Henry

342 2446 2015 76 Alfred Holmes … and Alejandro Arratia … New York,
342 2528 456 68 Prentice-Hall,
835 2527 128 69 inc.,
1000 2529 152 51 1936.

414 2603 104 46 xiii,
543 2602 86 40 241
656 2613 44 37 p.
727 2601 109 41 incl.
865 2600 163 50 front.,
1057 2600 143 47 illus.,
1230 2610 138 38 maps
1396 2600 48 49 (1
1471 2600 143 48 fold.)
1682 2601 57 41 19
1744 2604 43 22 cm
1791 2639 10 8 .

345 2659 53 53 ©
423 2664 110 39 Feb.
559 2664 68 46 18,
654 2662 117 39 1936;
822 2660 67 41 2c.
917 2662 96 38 and
1038 2659 82 42 aff.
1144 2661 122 39 Mar.
1291 2662 26 36 4;
1373 2661 39 37 A
1437 2659 172 49 92101;
1638 2662 378 50 Prentice-Hall,
2042 2664 92 42 inc.
417 2665 1924 103 [Copyright
576 2720 41 40 is
645 2718 209 42 claimed
881 2729 60 29 on
970 2717 208 49 preface,
1208 2718 211 47 prologo,
1448 2720 140 37 notes
1614 2720 97 38 and
1740 2721 313 50 vocabulary]

427 2778 253 48 (36-7137)

343 2855 292 64 Hueston,
663 2855 140 53 Mrs.
833 2851 196 66 Ethel,
1058 2856 173 51 1889-

414 2931 122 53 The
563 2948 134 34 man
729 2929 66 53 of
822 2929 95 53 the
948 2933 205 62 storm;
1188 2947 31 34 a
1250 2946 261 35 romance
1542 2928 64 53 of
1640 2928 194 55 Colter
1865 2931 130 55 who
2028 2931 327 55 discovered

346 3010 404 66 Yellowstone,
799 3008 78 69 by
924 3007 173 53 Ethel
1144 3006 280 54 Hueston.
1512 3007 421 72 Indianapolis,
1985 3011 139 53 New
2175 3010 182 69 York,

344 3088 123 54 The
497 3086 448 55 Bobbs-Merrill
976 3103 282 52 company
1295 3118 14 35 [
1313 3091 18 22 c
1336 3088 153 64 1936]

414 3159 653 51 4 p. l., 11-312 p. 20½ cm .
413 3218 140 49 Maps
586 3230 61 29 on
680 3218 364 48 lining-papers.

415 3276 164 41 “First
610 3275 229 42 edition.”

348 3332 52 53 ©
430 3337 121 38 Mar.
581 3336 67 46 11,
681 3335 141 47 1936;
856 3335 66 39 2c.
956 3336 121 38 Mar.
1109 3334 81 46 16;
1226 3333 81 42 aff.
1340 3336 121 40 Mar.
1494 3335 81 42 14;
1609 3336 39 38 A
1679 3335 172 45 93191;
1887 3339 370 41 Bobbs-Merrill
2289 3352 69 30 co.

427 3393 253 47 (36-7001)

345 3467 212 65 Hume,
586 3469 202 63 Edgar
814 3467 273 63 Erskine,
1117 3472 171 50 1889-

481 3543 1878 73 … Colonel Theodore O’Hara … by Major Edgar Erskine
348 3624 2010 73 Hume … Charlottesville, Va., The Historical publishing co.,
349 3703 124 58 inc.,
509 3707 150 50 1936.

422 3775 69 48 57,
535 3777 55 48 [1]
634 3786 43 37 p.
736 3774 136 41 front.
914 3774 174 50 (port.)
1156 3775 57 40 25
1215 3778 15 21 cm
1265 3807 9 8 .
1345 3774 268 48 (Southern
1651 3775 223 42 sketches.
1950 3788 76 30 no.
2067 3778 40 46 6,
2149 3779 75 41 1st
2265 3789 90 31 ser.

400 3831 1090 49 … general editor, Dr. J. D. Eggleston …)
425 3889 226 39 Includes
680 3890 83 40 the
793 3890 107 39 text
929 3890 52 40 of
1013 3892 82 38 the
1126 3900 162 38 poems
1322 3890 129 39 “The
1482 3888 203 43 bivouac
1716 3889 51 41 of
1798 3891 81 39 the
1911 3891 154 40 dead”
2098 3893 96 40 and
2228 3893 128 40 “The

351 3946 78 40 old
457 3945 242 48 pioneer”.

421 4003 379 48 Bibliography;
833 4014 42 38 p.
908 4003 157 41 56-57.

347 4055 53 53 ©
430 4060 109 39 Feb.
570 4061 67 42 17.
669 4060 140 41 1936;
840 4061 65 39 2c.
938 4061 110 40 Feb.
1079 4061 80 47 19;
1192 4061 82 40 aff.
1306 4061 110 41 Feb.
1446 4061 81 47 18;
1560 4062 54 41 A.
1628 4060 146 42 90846;
1833 4061 270 42 Historical
2134 4063 108 49 pub.
2272 4073 83 39 co.,

419 4117 89 40 inc.
577 4117 253 41 (36-7169)
