2519 4377
1275 4187 136 52 1680

345 485 354 55 Tennessee.
773 487 186 66 Laws,
984 493 259 62 statutes,
1269 494 100 48 etc.

478 578 1744 74 … Cumulative pocket supplement [September, 1936, for
346 586 1998 125 volumes
533 661 118 63 1-8]
722 659 294 54 Williams
1046 661 313 53 Tennessee
1392 661 156 54 Code
1580 663 328 68 annotated,
1939 663 285 69 compiled
2256 666 110 52 and

347 737 1996 73 annotated by Samuel C. Williams … [Indianapolis, Ind.]
345 817 121 52 The
491 815 450 54 Bobbs-Merrill
967 835 300 50 company,
1291 824 19 21 c
1315 821 151 51 1936.

415 918 27 41 8
471 930 41 27 v.
569 917 59 41 25½
661 920 46 22 cm
709 948 10 9 .

418 1006 156 41 These
603 1005 279 49 pamphlets
913 1015 88 31 are
1028 1007 50 39 to
1108 1006 57 40 be
1195 1006 141 41 fitted
1367 1006 105 41 into
1504 1007 84 41 the
1617 1007 201 49 pockets
1850 1011 50 37 at
1933 1009 84 41 the
2047 1009 123 40 back
2203 1011 52 38 of
2287 1011 84 40 the

345 1063 217 40 volumes
592 1062 52 41 of
673 1062 83 40 the
786 1064 75 38 set
889 1063 49 41 to
965 1062 162 40 which
1157 1063 117 48 they
1303 1063 186 48 belong.

346 1146 53 54 ©
428 1150 103 41 Oct.
557 1148 70 50 15,
652 1148 145 48 1936;
825 1148 69 42 2c.
921 1149 121 40 each
1069 1149 103 42 Oct.
1199 1148 84 48 16;
1313 1150 109 41 affs.
1449 1151 120 40 Nov.
1596 1150 53 48 5;
1679 1151 41 40 A
1747 1149 411 51 100873-100880;
418 1153 1950 94 Bobbs-Merrill
644 1216 70 32 co.

346 1310 272 66 Walling,
643 1311 226 54 Robert
893 1310 215 54 Alfred
1132 1311 177 64 John,
1336 1316 174 51 1869-

417 1403 123 54 The
562 1420 201 51 corpse
784 1402 143 53 with
951 1402 99 54 the
1072 1401 244 70 floating
1340 1401 143 69 foot,
1506 1402 78 69 by
1604 1403 69 53 R.
1700 1402 71 54 A.
1796 1403 56 55 J.
1877 1404 277 68 Walling.
2231 1405 138 53 New

347 1481 180 69 York,
553 1482 92 54 W.
675 1481 254 53 Morrow
957 1483 46 51 &
1031 1499 300 51 company,
1362 1484 151 51 1936.

413 1583 621 51 4 p. l., 3-304 p. 19½cm.
345 1668 54 53 ©
437 1673 119 39 Nov.
595 1670 70 49 12,
705 1670 143 48 1936;
889 1670 69 42 2c.
996 1671 98 40 and
1131 1670 84 42 aff.
1253 1671 119 40 Nov.
1412 1670 83 47 17;
1537 1671 42 40 A
1616 1670 203 48 100517;
1861 1672 57 41 R.
1957 1672 54 39 A.
2053 1673 43 40 J.
2138 1671 229 50 Walling,

416 1730 276 47 Plympton,
724 1729 183 47 Devon,
942 1728 239 48 England.
1254 1726 285 50 (36-31573)

343 1834 305 65 Weisfeld,
672 1834 189 54 Israel
883 1833 243 66 Harold,
1153 1833 84 55 ed.

411 1925 123 53 The
571 1942 256 52 message
869 1923 64 55 of
975 1923 203 70 Israel,
1221 1923 192 54 edited
1455 1923 115 55 and
1613 1923 286 70 compiled
1941 1923 80 71 by
2061 1924 185 55 Israel
2285 1924 80 54 H.

343 2000 1758 72 Weisfeld … twenty-four religious essays and sermons
2131 2002 78 72 by
339 2007 2003 145 outstanding
653 2081 305 69 orthodox,
997 2080 394 55 conservative
1430 2081 116 54 and
1584 2079 221 55 reform
1842 2080 222 70 rabbis;
2108 2081 143 56 with
2293 2100 76 36 an

344 2159 2021 71 introduction by Dr. Meyer Waxman … New York, Bloch
343 2238 338 72 publishing
708 2258 99 52 co.,
839 2242 153 52 1936.

409 2325 1061 56 4 p. l., viii p., 1 l., xxxvii, 285 p. 22cm.
344 2411 1679 53 © Jan. 28, 1936; 1c. and aff. .Oct. 21: 1c. Oct. 8; A 100081;
2058 2415 36 39 I.
2127 2415 60 39 H.
415 2413 1936 108 Weisfeld,
558 2471 229 48 Chicago.
852 2470 285 50 (36-31524)

341 2576 297 65 Whigam,
664 2576 258 55 Wallace
949 2576 201 66 Hugh,
1181 2581 173 50 1860-

411 2667 124 54 The
571 2667 143 53 road
750 2672 60 48 to
845 2665 349 70 prosperity,
1230 2666 77 68 by
1343 2665 256 55 Wallace
1637 2665 186 69 Hugh
1858 2665 291 69 Whigam.
343 2664 1995 150 Chicago,

538 2744 114 69 Ill.,
691 2744 245 55 Printed
973 2745 77 68 by
1086 2743 191 54 Kable
1315 2744 264 53 brothers
1619 2760 300 52 company,
1957 2743 211 54 Mount
345 2743 1994 135 Morris.
467 2823 95 55 Ill.
598 2857 13 35 [
616 2830 19 22 c
639 2825 154 66 1936]

411 2907 554 51 3 p. l., 268 p. 19 cm .
344 2980 53 53 ©
434 2984 101 41 Oct.
572 2983 71 44 26.
677 2983 145 47 1936;
861 2983 69 43 2c.
968 2984 102 41 Oct.
1108 2983 83 42 30;
1233 2984 82 41 aff.
1355 2984 103 40 Oct.
1495 2982 82 48 29;
1618 2984 41 39 A
1696 2982 174 49 99639;
1910 2984 73 40 W.
2022 2984 60 39 H.
2121 2981 240 50 Whigam,

416 3039 226 50 Chicago.
711 3039 284 50 (36-31212)

342 3145 279 66 Wilbour,
652 3144 247 56 Charles
927 3144 228 66 Edwin,
1187 3150 328 50 1833-1896.

415 3236 241 54 Travels
705 3236 62 54 in
818 3236 203 69 Egypt
1068 3236 348 65 <December
1465 3239 136 50 1880
1648 3240 59 48 to
1756 3236 141 67 May
1948 3233 173 69 1891>
2169 3234 197 53 letters

345 3311 1996 151 of Charles Edwin Wilbour, edited by Jean Capart … Brooklyn,
495 3393 69 54 N.
602 3393 91 67 Y.,
729 3393 299 69 Brooklyn
1061 3411 275 50 museum,
1370 3394 150 53 1936.

414 3475 1939 52 xi p., 2 l., 614 p., 1 l. front. (port.) illus., plates (1 col.; incl. ports.)
343 3534 191 42 facsim.
595 3535 57 41 26
654 3537 47 23 cm
704 3567 9 9 .

417 3606 147 41 “This
590 3606 112 42 first
727 3608 185 40 edition
941 3609 42 39 is
1009 3607 191 42 limited
1229 3609 49 39 to
1307 3607 116 41 1000
1451 3608 174 48 copies,
1655 3607 54 41 of
1736 3606 161 41 which
1926 3606 100 43 this
2055 3608 43 39 is
2126 3617 74 30 no.
2231 3604 128 44 896.”

412 3663 94 41 “Of
535 3664 100 40 this
667 3664 194 40 volume
891 3674 128 30 were
1051 3665 164 40 issued
1248 3664 113 41 nine
1393 3665 223 41 hundred
1648 3664 95 41 full
1774 3665 162 40 bound
1969 3664 161 48 copies
2161 3663 80 41 for
2273 3663 84 41 the

339 3721 248 47 Brooklyn
620 3731 236 38 museum,
892 3723 97 39 and
1022 3732 90 30 one
1146 3722 222 40 hundred
1404 3731 152 39 paper
1588 3721 161 41 bound
1786 3721 159 47 copies
1981 3722 80 39 for
2096 3721 83 41 the

337 3731 2002 87 members
480 3777 53 41 of
566 3779 83 39 the
684 3778 276 41 Fondation
995 3777 371 50 Sgyptologique
1401 3779 135 40 reine
1568 3778 298 41 Elisabeth.”

414 3834 184 41 “These
624 3835 173 41 letters
823 3835 52 40 of
902 3845 29 30 a
958 3836 198 47 pioneer
1183 3836 258 40 American
1470 3836 341 48 Egyptologist
1837 3846 84 31 are
1949 3834 258 50 published
2235 3834 120 42 with

337 3891 149 41 funds
515 3892 291 48 generously
837 3893 257 48 presented
1125 3894 61 46 by
1217 3893 83 40 the
1327 3893 221 40 Wilbour
1578 3892 175 48 family
1785 3895 48 39 to
1863 3893 84 41 the
1976 3892 248 47 Brooklyn

337 3904 1999 87 museum … as a memorial to Charles Edwfin Wilbour.”
340 4017 53 53 ©
418 4023 120 47 Aug.
569 4023 37 46 1,
633 4021 144 49 1936;
808 4022 67 42 2c.
903 4023 96 39 and
1026 4023 82 41 aff.
1136 4024 121 45 Aug.
1285 4022 53 47 6;
1368 4024 40 38 A
1435 4021 173 49 97639;
1639 4022 250 48 Brooklyn
1914 4022 229 41 institute
2171 4021 51 41 of
2250 4021 104 41 arts

410 4079 96 40 and
531 4079 228 49 sciences,
787 4080 262 47 Brooklyn.
1116 4078 283 50 (36-31508)
