2519 4377
990 4107 100 49 313

49 458 306 53 Alabama.
429 460 183 63 Laws,
639 463 257 60 statutes,
927 463 98 47 etc.

120 535 242 55 General
401 537 136 53 laws
586 535 140 66 (and
762 534 150 67 joint
945 533 364 67 resolutions)
1357 533 62 53 of
1456 535 94 52 the
1588 533 356 68 Legislature
1984 534 62 52 of

49 613 278 54 Alabama
363 613 200 66 passed
599 618 57 47 at
687 613 94 52 the
814 612 210 53 session
1056 612 63 51 of
1154 615 151 63 1935,
1336 612 132 52 held
1504 616 59 47 at
1595 612 94 53 the
1723 612 230 66 capitol,
1987 612 59 53 in

49 691 94 52 the
191 690 114 66 city
352 691 62 51 of
460 692 419 64 Montgomery,
926 689 387 67 commencing
1360 690 282 65 Tuesday,
1688 691 261 64 January
2000 694 46 60 8,

52 766 1993 68 1935 … Birmingham, Ala., Birmingham printing company,
50 850 149 49 1935.

114 918 100 40 xlvi
242 929 57 36 p.,
328 918 16 38 1
402 949 22 16 l.,
453 918 112 39 1336
594 928 41 37 p.
692 917 59 39 24
752 919 43 21 cm
801 947 6 8 .

47 972 1983 108 © Jan. 20, 1936; 2c. and aff. Feb. 12; A 90856; State of Alabama, Montgomery, Ala.
48 1135 120 64 Alt,
196 1134 221 53 Harold
444 1135 188 64 Lynn,
664 1140 170 49 1885-

46 1207 1978 151 Modern heating, by Harold L. Alt. Chicago, Domestic engineering company [ c 1936]
117 1362 87 41 219
229 1374 43 38 p.
327 1363 142 46 illus.,
498 1362 180 48 diagrs.
733 1363 54 38 21
792 1364 43 22 cm
841 1394 8 8 .

120 1418 161 41 “First
324 1418 226 42 edition.”

46 1471 52 53 ©
125 1477 107 38 Jan.
259 1476 69 47 30,
356 1476 115 40 1936;
521 1475 66 40 2c.
615 1476 96 39 and
738 1474 81 41 aff.
849 1475 110 40 Feb.
988 1476 80 45 17;
1098 1475 40 39 A
1165 1474 170 47 90792;
1367 1474 245 41 Domestic
1640 1473 313 50 engineering
1977 1485 69 30 co.

125 1532 250 48 (36-7966)

46 1622 314 53 American
387 1622 357 64 proctologic
770 1621 243 65 society.

178 1698 1867 66 … Transactions of the thirty-sixth annual session, Hotel
46 1762 1998 82 Marlborough-Blenheim, Atlantic City, N. J., June 10th and
49 1856 147 63 11th,
226 1856 258 52 nineteen
516 1853 335 67 thirty-five.
933 1854 263 67 [Detroit,
1227 1854 193 64 Mich.,
1451 1854 242 53 Printed
1723 1854 76 67 by
44 1855 1975 131 Aronsson
173 1933 263 66 printing
464 1950 96 47 co.,
589 1939 18 20 c
612 1936 152 63 1935]

110 2006 135 46 xviii,
273 2006 24 38 1
346 2036 22 16 l.,
397 2004 99 48 210,
541 2005 41 49 [2]
614 2016 41 37 p.
714 2005 127 40 illus.
872 2003 132 49 (incl.
1034 2006 175 47 ports.)
1245 2005 180 48 diagrs.
1478 2004 56 40 23½cm.

46 2058 1999 53 © Jan. 9, 1936; 1c. Jan. 22; 1c. Jan. 13; aff. Jan. 11; A 93008; Amer.
113 2119 291 47 proctologic
432 2129 107 36 soc.,
565 2118 233 48 Reading,
826 2119 83 39 Pa.

45 2206 229 67 Angell,
300 2207 221 54 Robert
550 2206 230 66 Cooley,
810 2212 171 50 1899-

115 2284 123 52 The
279 2283 207 69 family
527 2289 332 47 encounters
900 2283 96 53 the
1037 2283 327 68 depression
1411 2315 13 34 [
1429 2281 92 70 by]
1569 2281 218 55 Robert
1830 2281 212 70 Cooley

44 2359 1975 71 Angell … New York, Chicago [etc.] C. Scribner’s sons [ c 1936]
115 2433 465 54 4 p. l., 309 p. 19½cm.
119 2490 1923 50 “The present study … has sought to find out something about the
46 2546 1996 50 effect of the depression on family life, and … to make a contribution to
49 2604 1220 48 the theory and method of social research.”—p. 1.
117 2659 280 50 “Appendix
429 2673 58 29 on
517 2662 250 41 method”;
799 2673 42 38 p.
872 2662 217 42 265-307.

44 2716 52 52 ©
124 2720 111 41 Feb.
263 2721 69 46 18,
360 2721 141 46 1936;
530 2721 68 40 2c.
628 2723 121 38 Mar.
779 2722 81 46 18;
892 2722 81 40 aff.
1006 2723 121 39 Mar.
1156 2723 81 47 16;
1270 2724 40 38 A
1338 2723 171 47 92337;
1542 2724 203 41 Charles
1779 2724 265 42 Scribner's

114 2787 125 30 sons.
306 2777 249 47 (36-7913)

46 2865 210 66 Ayres,
282 2866 174 65 Ruby
479 2866 269 66 Mildred,
778 2873 169 51 1883-

178 2941 1867 74 … Afterglow. Garden City, N. Y., Doubleday, Doran &
46 3038 97 48 co.,
177 3021 125 66 inc.,
339 3024 149 49 1936.

118 3093 512 50 5 p. l., 303 p. 20 cm .
116 3149 65 40 At
208 3150 123 40 head
358 3150 51 41 of
435 3151 136 40 title:
595 3152 141 47 Ruby
763 3153 62 40 M.
854 3153 165 46 Ayres.

119 3205 161 41 “First
312 3206 226 40 edition.”

46 3257 52 52 ©
123 3262 121 39 Mar.
271 3261 69 49 20,
369 3262 140 47 1936;
540 3263 66 40 2c.
635 3265 95 38 and
759 3264 81 40 aff.
869 3266 122 39 Mar.
1019 3265 82 46 23;
1132 3266 40 38 A
1199 3265 170 48 93494;
1401 3267 140 48 Ruby
1570 3268 62 41 M.
1660 3268 154 48 Ayres
1844 3270 199 47 Pocock,

114 3319 299 48 Weybridge,
446 3320 190 47 Surrey,
669 3322 233 46 England.
971 3321 250 48 (36-7900)

47 3406 290 66 Barrows,
366 3409 225 52 Harlan
621 3410 92 62 H.,
747 3411 170 55 1877-

177 3484 1861 75 … Journeys in distant lands, by Harlan H. Barrows … [and]
54 3561 1990 75 Edith Putnam Parker … New York, Newark [etc.] Silver,
54 3639 248 54 Burdett
328 3659 296 51 company,
649 3652 21 22 c
675 3647 149 49 1936.

121 3713 67 47 iii,
220 3715 71 48 [1],
320 3715 86 39 140
431 3727 42 36 p.
529 3716 130 40 illus.
688 3717 132 48 (incl.
850 3720 162 46 maps)
1077 3718 58 43 26
1136 3722 15 21 cm
1185 3752 8 7 .

123 3770 64 40 At
211 3771 123 39 head
362 3772 50 39 of
439 3772 136 40 title:
603 3774 101 39 The
732 3775 434 40 Barrows-Parker
1194 3778 275 48 geography
1498 3777 164 43 series.

124 3825 281 51 Previously
447 3829 255 47 published
749 3832 153 39 under
948 3832 136 39 title:
1135 3832 299 50 Geography,
1480 3833 234 49 journeys
1758 3834 51 40 in
1855 3835 191 43 distant

53 3881 151 42 lands.

52 3933 51 52 ©
141 3938 109 41 Feb.
289 3940 67 43 28.
397 3941 139 46 1936;
576 3942 66 40 2c.
683 3944 95 39 and
817 3943 81 40 aff.
939 3945 119 39 Mar.
1099 3945 81 46 17;
1223 3946 41 37 A
1299 3944 171 49 93209;
1516 3946 169 51 Silver,
1725 3948 213 40 Burdett
1975 3960 68 29 co.

138 3994 259 48 [Copyright
426 3998 42 39 is
495 3998 202 40 claimed
723 4010 59 28 on
811 3999 211 40 revision]
1104 4001 249 41 (36-7963)
