<alto xmlns="http://www.loc.gov/standards/alto/ns-v3#" xmlns:xlink="http://www.w3.org/1999/xlink" xmlns:xsi="http://www.w3.org/2001/XMLSchema-instance" xsi:schemaLocation="http://www.loc.gov/standards/alto/ns-v3# http://www.loc.gov/alto/v3/alto-3-0.xsd"><Description>
<MeasurementUnit>pixel</MeasurementUnit>
<sourceImageInformation>
<fileName>1936_v33_Part1.pdf</fileName>
</sourceImageInformation>
<OCRProcessing ID="IdOcr">
<ocrProcessingStep>
<processingDateTime>2019-01-18</processingDateTime>
<processingSoftware>
<softwareCreator>ABBYY</softwareCreator>
<softwareName>ABBYY Recognition Server</softwareName>
<softwareVersion>4.0</softwareVersion>
</processingSoftware>
</ocrProcessingStep>
</OCRProcessing>
</Description>
<Styles>
<ParagraphStyle ID="StyleId-FFFFFFFF-FFFF-FFFF-FFFF-FFFFFFFFFFFF-" ALIGN="Left" LEFT="0." RIGHT="0." FIRSTLINE="0."/>
<ParagraphStyle ID="StyleId-51D50FAC-7A90-4D70-8A96-5EA9D46D1C8B-" ALIGN="Left" LEFT="0." RIGHT="0." FIRSTLINE="0." LINESPACE="7.699999809"/>
<ParagraphStyle ID="StyleId-6BC133E9-7DCB-43C3-8842-A67984A26405-" ALIGN="Block" LEFT="0." RIGHT="0." FIRSTLINE="-17." LINESPACE="8.340000153"/>
<ParagraphStyle ID="StyleId-3C3FF860-43E7-46A2-8934-48F305F6F0D6-" ALIGN="Left" LEFT="0." RIGHT="0." FIRSTLINE="-13." LINESPACE="11.06999969"/>
<ParagraphStyle ID="StyleId-19220C76-4F8A-4737-B38C-B5F5C17E6040-" ALIGN="Block" LEFT="0." RIGHT="0." FIRSTLINE="-13." LINESPACE="11.06999969"/>
<ParagraphStyle ID="StyleId-75A0D721-13ED-4F20-9002-B389EC48477D-" ALIGN="Left" LEFT="0." RIGHT="0." FIRSTLINE="0." LINESPACE="15.5"/>
<ParagraphStyle ID="StyleId-8A414184-C7A5-4AC7-9B88-7DA4DDE75922-" ALIGN="Left" LEFT="0." RIGHT="0." FIRSTLINE="0." LINESPACE="9.399999619"/>
<ParagraphStyle ID="StyleId-1A87970B-111C-4169-99A6-9412976F3C97-" ALIGN="Left" LEFT="0." RIGHT="0." FIRSTLINE="0." LINESPACE="10.5"/>
<ParagraphStyle ID="StyleId-72DB0571-5AE4-41FD-9E11-68C6AC4C437E-" ALIGN="Block" LEFT="0." RIGHT="0." FIRSTLINE="-17." LINESPACE="8.340000153"/>
<ParagraphStyle ID="StyleId-1AA43056-C388-4697-B10F-72FDAA38FAE1-" ALIGN="Center" LEFT="0." RIGHT="0." FIRSTLINE="0." LINESPACE="10.5"/>
</Styles>
<Layout>
<Page ID="Page264" PHYSICAL_IMG_NR="264" HEIGHT="4377" WIDTH="2519">
<TopMargin HEIGHT="448" WIDTH="2519" VPOS="0" HPOS="0">
</TopMargin>
<LeftMargin HEIGHT="3652" WIDTH="360" VPOS="448" HPOS="0">
</LeftMargin>
<RightMargin HEIGHT="3652" WIDTH="115" VPOS="448" HPOS="2404">
</RightMargin>
<BottomMargin HEIGHT="277" WIDTH="2519" VPOS="4100" HPOS="0">
<TextBlock ID="Page264_Block1" HEIGHT="70" WIDTH="124" VPOS="4138" HPOS="1312" LANG="en-US" STYLEREFS="StyleId-392222B7-A3B5-471E-A6F6-A970FF382C4C-">
<TextLine HEIGHT="50" WIDTH="103" VPOS="4148" HPOS="1322">
<String CONTENT="264" HEIGHT="50" WIDTH="103" VPOS="4148" HPOS="1322"/>
</TextLine>
</TextBlock>
</BottomMargin>
<PrintSpace HEIGHT="3652" WIDTH="2044" VPOS="448" HPOS="360">
<TextBlock ID="Page264_Block2" HEIGHT="3652" WIDTH="2044" VPOS="448" HPOS="360" LANG="en-US" CS="1" STYLEREFS="StyleId-FE3106F2-642F-4785-ABC1-76F6BC5D3987-">
<TextLine HEIGHT="45" WIDTH="1662" VPOS="531" HPOS="730" CS="1">
<String CS="1" CONTENT="CONTENTS.&#8212;Revelation.&#8212;The" HEIGHT="42" WIDTH="531" VPOS="531" HPOS="730"/>
<SP HEIGHT="41" WIDTH="66" VPOS="532" HPOS="1262"/>
<String CONTENT="incarnation.&#8212;Sin" HEIGHT="42" WIDTH="477" VPOS="532" HPOS="1329"/>
<SP HEIGHT="29" WIDTH="65" VPOS="543" HPOS="1807"/>
<String CONTENT="and" HEIGHT="39" WIDTH="96" VPOS="533" HPOS="1873"/>
<SP HEIGHT="40" WIDTH="68" VPOS="533" HPOS="1970"/>
<String CONTENT="atonement.&#8212;" HEIGHT="42" WIDTH="353" VPOS="534" HPOS="2039"/>
</TextLine>
<TextLine HEIGHT="51" WIDTH="917" VPOS="587" HPOS="378">
<String CONTENT="Christianity," HEIGHT="51" WIDTH="343" VPOS="587" HPOS="378"/>
<SP HEIGHT="35" WIDTH="31" VPOS="602" HPOS="722"/>
<String CONTENT="ethics," HEIGHT="47" WIDTH="169" VPOS="590" HPOS="754"/>
<SP HEIGHT="37" WIDTH="31" VPOS="600" HPOS="924"/>
<String CONTENT="and" HEIGHT="39" WIDTH="98" VPOS="591" HPOS="956"/>
<SP HEIGHT="47" WIDTH="30" VPOS="591" HPOS="1055"/>
<String CONTENT="politics." HEIGHT="49" WIDTH="209" VPOS="589" HPOS="1086"/>
</TextLine>
<TextLine HEIGHT="53" WIDTH="1875" VPOS="644" HPOS="378" CS="1">
<String CONTENT="&#169;" HEIGHT="53" WIDTH="54" VPOS="644" HPOS="378"/>
<SP HEIGHT="53" WIDTH="26" VPOS="644" HPOS="433"/>
<String CONTENT="Feb." HEIGHT="40" WIDTH="109" VPOS="648" HPOS="460"/>
<SP HEIGHT="38" WIDTH="28" VPOS="649" HPOS="570"/>
<String CONTENT="10," HEIGHT="48" WIDTH="69" VPOS="648" HPOS="599"/>
<SP HEIGHT="47" WIDTH="28" VPOS="649" HPOS="669"/>
<String CS="1" CONTENT="1936;" HEIGHT="47" WIDTH="141" VPOS="648" HPOS="698"/>
<SP HEIGHT="47" WIDTH="29" VPOS="648" HPOS="840"/>
<String CONTENT="2c." HEIGHT="40" WIDTH="67" VPOS="648" HPOS="870"/>
<SP HEIGHT="29" WIDTH="27" VPOS="659" HPOS="938"/>
<String CONTENT="and" HEIGHT="38" WIDTH="96" VPOS="650" HPOS="966"/>
<SP HEIGHT="38" WIDTH="28" VPOS="650" HPOS="1063"/>
<String CS="1" CONTENT="aff."/>
<SP HEIGHT="41" WIDTH="28" VPOS="647" HPOS="1175"/>
<String CONTENT="Feb." HEIGHT="40" WIDTH="111" VPOS="647" HPOS="1204"/>
<SP HEIGHT="39" WIDTH="28" VPOS="648" HPOS="1316"/>
<String CS="1" CONTENT="17;" HEIGHT="36" WIDTH="8" VPOS="658" HPOS="1418"/>
<SP HEIGHT="46" WIDTH="29" VPOS="648" HPOS="1427"/>
<!-- cceid 97B83A4E-6E3A-1014-83DD-942C093A1DD9 --><String CONTENT="A" HEIGHT="39" WIDTH="41" VPOS="648" HPOS="1457"/>
<SP HEIGHT="40" WIDTH="26" VPOS="648" HPOS="1499"/>
<String CONTENT="90835;" HEIGHT="47" WIDTH="171" VPOS="648" HPOS="1526"/>
<SP HEIGHT="45" WIDTH="31" VPOS="650" HPOS="1698"/>
<String CONTENT="Morehouse" HEIGHT="39" WIDTH="290" VPOS="649" HPOS="1730"/>
<SP HEIGHT="38" WIDTH="25" VPOS="659" HPOS="2021"/>
<String CONTENT="pub." HEIGHT="48" WIDTH="108" VPOS="649" HPOS="2047"/>
<SP HEIGHT="29" WIDTH="29" VPOS="660" HPOS="2156"/>
<String CONTENT="co." HEIGHT="30" WIDTH="67" VPOS="659" HPOS="2186"/>
</TextLine>
<TextLine HEIGHT="50" WIDTH="254" VPOS="705" HPOS="458">
<String CONTENT="(36-7297)" HEIGHT="50" WIDTH="254" VPOS="705" HPOS="458"/>
</TextLine>
<TextLine HEIGHT="67" WIDTH="948" VPOS="809" HPOS="375" STYLEREFS="StyleId-C29515EF-A2DF-40CC-9B7D-70F2F6CCEBC8-">
<String CONTENT="Trexler," HEIGHT="66" WIDTH="261" VPOS="810" HPOS="375"/>
<SP HEIGHT="64" WIDTH="27" VPOS="812" HPOS="637"/>
<String CONTENT="Samuel" HEIGHT="55" WIDTH="238" VPOS="811" HPOS="665"/>
<SP HEIGHT="54" WIDTH="26" VPOS="811" HPOS="904"/>
<String CONTENT="Geiss," HEIGHT="64" WIDTH="189" VPOS="809" HPOS="931"/>
<SP HEIGHT="57" WIDTH="30" VPOS="816" HPOS="1121"/>
<String CONTENT="1877-" HEIGHT="54" WIDTH="171" VPOS="811" HPOS="1152"/>
</TextLine>
<TextLine HEIGHT="70" WIDTH="1942" VPOS="886" HPOS="449" STYLEREFS="StyleId-764732C4-73A3-4CFE-8F8B-4C78D816E01A-">
<String CONTENT="Out" HEIGHT="56" WIDTH="122" VPOS="886" HPOS="449"/>
<SP HEIGHT="48" WIDTH="22" VPOS="894" HPOS="572"/>
<String CONTENT="of" HEIGHT="54" WIDTH="64" VPOS="888" HPOS="595"/>
<SP HEIGHT="53" WIDTH="23" VPOS="888" HPOS="660"/>
<String CONTENT="thirty-five" HEIGHT="70" WIDTH="322" VPOS="886" HPOS="684"/>
<SP HEIGHT="50" WIDTH="24" VPOS="906" HPOS="1007"/>
<String CONTENT="years;" HEIGHT="52" WIDTH="193" VPOS="904" HPOS="1032"/>
<SP HEIGHT="67" WIDTH="28" VPOS="886" HPOS="1226"/>
<String CONTENT="being" HEIGHT="69" WIDTH="172" VPOS="886" HPOS="1255"/>
<SP HEIGHT="68" WIDTH="22" VPOS="887" HPOS="1428"/>
<String CONTENT="leaves" HEIGHT="53" WIDTH="184" VPOS="887" HPOS="1451"/>
<SP HEIGHT="54" WIDTH="26" VPOS="886" HPOS="1636"/>
<String CONTENT="from" HEIGHT="53" WIDTH="154" VPOS="886" HPOS="1663"/>
<SP HEIGHT="48" WIDTH="23" VPOS="892" HPOS="1818"/>
<String CONTENT="the" HEIGHT="53" WIDTH="96" VPOS="887" HPOS="1842"/>
<SP HEIGHT="52" WIDTH="24" VPOS="888" HPOS="1939"/>
<String CONTENT="life" HEIGHT="54" WIDTH="107" VPOS="886" HPOS="1964"/>
<SP HEIGHT="53" WIDTH="24" VPOS="887" HPOS="2072"/>
<String CONTENT="book" HEIGHT="53" WIDTH="147" VPOS="887" HPOS="2097"/>
<SP HEIGHT="53" WIDTH="25" VPOS="887" HPOS="2245"/>
<String CONTENT="of" HEIGHT="54" WIDTH="62" VPOS="886" HPOS="2271"/>
<SP HEIGHT="54" WIDTH="26" VPOS="886" HPOS="2334"/>
<String CONTENT="a" HEIGHT="33" WIDTH="30" VPOS="907" HPOS="2361"/>
</TextLine>
<TextLine HEIGHT="71" WIDTH="2011" VPOS="965" HPOS="377" STYLEREFS="StyleId-764732C4-73A3-4CFE-8F8B-4C78D816E01A-">
<String CONTENT="Lutheran" HEIGHT="55" WIDTH="299" VPOS="966" HPOS="377"/>
<SP HEIGHT="50" WIDTH="39" VPOS="986" HPOS="677"/>
<String CONTENT="pastor" HEIGHT="63" WIDTH="196" VPOS="973" HPOS="717"/>
<SP HEIGHT="33" WIDTH="40" VPOS="987" HPOS="914"/>
<String CONTENT="who" HEIGHT="55" WIDTH="128" VPOS="966" HPOS="955"/>
<SP HEIGHT="55" WIDTH="39" VPOS="966" HPOS="1084"/>
<String CONTENT="looks" HEIGHT="54" WIDTH="159" VPOS="965" HPOS="1124"/>
<SP HEIGHT="34" WIDTH="41" VPOS="986" HPOS="1284"/>
<String CONTENT="out" HEIGHT="47" WIDTH="99" VPOS="973" HPOS="1326"/>
<SP HEIGHT="47" WIDTH="39" VPOS="973" HPOS="1426"/>
<String CONTENT="on" HEIGHT="35" WIDTH="72" VPOS="985" HPOS="1466"/>
<SP HEIGHT="46" WIDTH="39" VPOS="974" HPOS="1539"/>
<String CONTENT="the" HEIGHT="52" WIDTH="96" VPOS="968" HPOS="1579"/>
<SP HEIGHT="34" WIDTH="41" VPOS="986" HPOS="1676"/>
<String CONTENT="world" HEIGHT="55" WIDTH="182" VPOS="965" HPOS="1718"/>
<SP HEIGHT="54" WIDTH="40" VPOS="965" HPOS="1901"/>
<String CONTENT="and" HEIGHT="53" WIDTH="114" VPOS="966" HPOS="1942"/>
<SP HEIGHT="53" WIDTH="38" VPOS="966" HPOS="2057"/>
<String CONTENT="sees" HEIGHT="35" WIDTH="115" VPOS="985" HPOS="2096"/>
<SP HEIGHT="51" WIDTH="40" VPOS="968" HPOS="2212"/>
<String CONTENT="both" HEIGHT="52" WIDTH="135" VPOS="968" HPOS="2253"/>
</TextLine>
<TextLine HEIGHT="71" WIDTH="2015" VPOS="1045" HPOS="376" STYLEREFS="StyleId-764732C4-73A3-4CFE-8F8B-4C78D816E01A-" CS="1">
<String CONTENT="good" HEIGHT="68" WIDTH="149" VPOS="1047" HPOS="376"/>
<SP HEIGHT="52" WIDTH="37" VPOS="1047" HPOS="526"/>
<String CONTENT="and" HEIGHT="53" WIDTH="115" VPOS="1046" HPOS="564"/>
<SP HEIGHT="54" WIDTH="36" VPOS="1046" HPOS="680"/>
<String CONTENT="evil." HEIGHT="54" WIDTH="129" VPOS="1046" HPOS="717"/>
<SP HEIGHT="52" WIDTH="73" VPOS="1048" HPOS="847"/>
<String CONTENT="By" HEIGHT="68" WIDTH="91" VPOS="1048" HPOS="921"/>
<SP HEIGHT="71" WIDTH="39" VPOS="1045" HPOS="1013"/>
<String CONTENT="Samuel" HEIGHT="56" WIDTH="231" VPOS="1045" HPOS="1053"/>
<SP HEIGHT="53" WIDTH="34" VPOS="1046" HPOS="1285"/>
<String CONTENT="Trexler" HEIGHT="53" WIDTH="239" VPOS="1046" HPOS="1320"/>
<SP HEIGHT="33" WIDTH="39" VPOS="1066" HPOS="1560"/>
<String CS="1" CONTENT="&#8230;"/>
<SP HEIGHT="53" WIDTH="76" VPOS="1046" HPOS="1658"/>
<String CONTENT="New" HEIGHT="52" WIDTH="140" VPOS="1046" HPOS="1735"/>
<SP HEIGHT="52" WIDTH="40" VPOS="1046" HPOS="1876"/>
<String CONTENT="York," HEIGHT="68" WIDTH="179" VPOS="1045" HPOS="1917"/>
<SP HEIGHT="67" WIDTH="34" VPOS="1046" HPOS="2097"/>
<String CONTENT="London," HEIGHT="67" WIDTH="259" VPOS="1046" HPOS="2132"/>
</TextLine>
<TextLine HEIGHT="70" WIDTH="855" VPOS="1124" HPOS="377" STYLEREFS="StyleId-764732C4-73A3-4CFE-8F8B-4C78D816E01A-">
<String CONTENT="G." HEIGHT="54" WIDTH="67" VPOS="1125" HPOS="377"/>
<SP HEIGHT="51" WIDTH="31" VPOS="1127" HPOS="445"/>
<String CONTENT="P." HEIGHT="52" WIDTH="65" VPOS="1127" HPOS="477"/>
<SP HEIGHT="53" WIDTH="29" VPOS="1126" HPOS="543"/>
<String CONTENT="Putnam&#8217;s" HEIGHT="55" WIDTH="300" VPOS="1124" HPOS="573"/>
<SP HEIGHT="34" WIDTH="25" VPOS="1145" HPOS="874"/>
<String CONTENT="sons," HEIGHT="52" WIDTH="148" VPOS="1142" HPOS="900"/>
<SP HEIGHT="66" WIDTH="28" VPOS="1128" HPOS="1049"/>
<String CONTENT="1936." HEIGHT="50" WIDTH="154" VPOS="1128" HPOS="1078"/>
</TextLine>
<TextLine HEIGHT="50" WIDTH="794" VPOS="1199" HPOS="447" CS="1">
<String CONTENT="159" HEIGHT="41" WIDTH="85" VPOS="1200" HPOS="447"/>
<SP HEIGHT="49" WIDTH="33" VPOS="1200" HPOS="533"/>
<String CONTENT="p." HEIGHT="38" WIDTH="44" VPOS="1211" HPOS="567"/>
<SP HEIGHT="40" WIDTH="59" VPOS="1199" HPOS="612"/>
<String CS="1" CONTENT="front."/>
<SP HEIGHT="49" WIDTH="27" VPOS="1199" HPOS="824"/>
<String CONTENT="(port.)" HEIGHT="49" WIDTH="173" VPOS="1199" HPOS="852"/>
<SP HEIGHT="48" WIDTH="67" VPOS="1199" HPOS="1026"/>
<String CS="1" CONTENT="21&#189;" HEIGHT="40" WIDTH="56" VPOS="1199" HPOS="1094"/>
<String STYLE="superscript" CONTENT="cm" HEIGHT="21" WIDTH="45" VPOS="1201" HPOS="1184"/>
<String CONTENT="." HEIGHT="9" WIDTH="9" VPOS="1231" HPOS="1232"/>
</TextLine>
<TextLine HEIGHT="54" WIDTH="2015" VPOS="1254" HPOS="377" CS="1">
<String CONTENT="&#169;" HEIGHT="54" WIDTH="53" VPOS="1254" HPOS="377"/>
<SP HEIGHT="54" WIDTH="32" VPOS="1254" HPOS="431"/>
<String CONTENT="Mar." HEIGHT="39" WIDTH="122" VPOS="1260" HPOS="464"/>
<SP HEIGHT="40" WIDTH="34" VPOS="1259" HPOS="587"/>
<String CONTENT="13," HEIGHT="46" WIDTH="69" VPOS="1259" HPOS="622"/>
<SP HEIGHT="47" WIDTH="33" VPOS="1258" HPOS="692"/>
<String CONTENT="1936;" HEIGHT="46" WIDTH="141" VPOS="1257" HPOS="726"/>
<SP HEIGHT="45" WIDTH="34" VPOS="1258" HPOS="868"/>
<String CONTENT="2" HEIGHT="38" WIDTH="26" VPOS="1258" HPOS="903"/>
<SP HEIGHT="40" WIDTH="3" VPOS="1258" HPOS="930"/>
<String CONTENT="c." HEIGHT="29" WIDTH="37" VPOS="1269" HPOS="934"/>
<SP HEIGHT="39" WIDTH="34" VPOS="1259" HPOS="972"/>
<String CONTENT="Mar." HEIGHT="39" WIDTH="121" VPOS="1259" HPOS="1007"/>
<SP HEIGHT="39" WIDTH="35" VPOS="1258" HPOS="1129"/>
<String CONTENT="16:" HEIGHT="41" WIDTH="82" VPOS="1258" HPOS="1165"/>
<SP HEIGHT="31" WIDTH="33" VPOS="1268" HPOS="1248"/>
<String CS="1" CONTENT="aff." HEIGHT="40" WIDTH="82" VPOS="1257" HPOS="1282"/>
<SP HEIGHT="38" WIDTH="34" VPOS="1259" HPOS="1365"/>
<String CONTENT="Mar." HEIGHT="40" WIDTH="122" VPOS="1259" HPOS="1400"/>
<SP HEIGHT="45" WIDTH="34" VPOS="1254" HPOS="1523"/>
<String CONTENT="14:" HEIGHT="45" WIDTH="81" VPOS="1254" HPOS="1558"/>
<SP HEIGHT="41" WIDTH="36" VPOS="1258" HPOS="1640"/>
<!-- cceid 97B8EE2A-6E3A-1014-83DD-942C093A1DD9 --><String CONTENT="A" HEIGHT="39" WIDTH="40" VPOS="1258" HPOS="1677"/>
<SP HEIGHT="41" WIDTH="32" VPOS="1256" HPOS="1718"/>
<String CONTENT="92305;" HEIGHT="48" WIDTH="172" VPOS="1256" HPOS="1751"/>
<SP HEIGHT="47" WIDTH="37" VPOS="1257" HPOS="1924"/>
<String CONTENT="G." HEIGHT="40" WIDTH="53" VPOS="1257" HPOS="1962"/>
<SP HEIGHT="39" WIDTH="36" VPOS="1258" HPOS="2016"/>
<String CONTENT="P." HEIGHT="39" WIDTH="50" VPOS="1258" HPOS="2053"/>
<SP HEIGHT="40" WIDTH="35" VPOS="1257" HPOS="2104"/>
<String CONTENT="Putnam&#8217;s" HEIGHT="42" WIDTH="252" VPOS="1257" HPOS="2140"/>
</TextLine>
<TextLine HEIGHT="51" WIDTH="443" VPOS="1314" HPOS="447">
<String CONTENT="sons." HEIGHT="31" WIDTH="126" VPOS="1326" HPOS="447"/>
<SP HEIGHT="49" WIDTH="62" VPOS="1316" HPOS="574"/>
<String CONTENT="(36-7292)" HEIGHT="51" WIDTH="253" VPOS="1314" HPOS="637"/>
</TextLine>
<TextLine HEIGHT="55" WIDTH="645" VPOS="1420" HPOS="374" STYLEREFS="StyleId-BF68F7D2-3B74-4327-811E-FAFA87B1A13B-">
<String CONTENT="U." HEIGHT="54" WIDTH="72" VPOS="1420" HPOS="374"/>
<SP HEIGHT="54" WIDTH="25" VPOS="1421" HPOS="447"/>
<String CONTENT="S." HEIGHT="54" WIDTH="59" VPOS="1421" HPOS="473"/>
<SP HEIGHT="53" WIDTH="75" VPOS="1421" HPOS="533"/>
<String CONTENT="Constitution." HEIGHT="53" WIDTH="410" VPOS="1421" HPOS="609"/>
</TextLine>
<TextLine HEIGHT="69" WIDTH="1947" VPOS="1493" HPOS="446" STYLEREFS="StyleId-764732C4-73A3-4CFE-8F8B-4C78D816E01A-">
<String CONTENT="The" HEIGHT="53" WIDTH="122" VPOS="1496" HPOS="446"/>
<SP HEIGHT="55" WIDTH="44" VPOS="1495" HPOS="569"/>
<String CONTENT="Constitution" HEIGHT="55" WIDTH="395" VPOS="1495" HPOS="614"/>
<SP HEIGHT="34" WIDTH="41" VPOS="1514" HPOS="1010"/>
<String CONTENT="of" HEIGHT="53" WIDTH="64" VPOS="1495" HPOS="1052"/>
<SP HEIGHT="53" WIDTH="39" VPOS="1495" HPOS="1117"/>
<String CONTENT="the" HEIGHT="52" WIDTH="96" VPOS="1496" HPOS="1157"/>
<SP HEIGHT="54" WIDTH="41" VPOS="1496" HPOS="1254"/>
<String CONTENT="United" HEIGHT="56" WIDTH="219" VPOS="1494" HPOS="1296"/>
<SP HEIGHT="55" WIDTH="45" VPOS="1495" HPOS="1516"/>
<String CONTENT="States," HEIGHT="67" WIDTH="207" VPOS="1495" HPOS="1562"/>
<SP HEIGHT="48" WIDTH="42" VPOS="1514" HPOS="1770"/>
<String CONTENT="edited" HEIGHT="54" WIDTH="193" VPOS="1493" HPOS="1813"/>
<SP HEIGHT="53" WIDTH="43" VPOS="1494" HPOS="2007"/>
<String CONTENT="with" HEIGHT="54" WIDTH="142" VPOS="1493" HPOS="2051"/>
<SP HEIGHT="52" WIDTH="39" VPOS="1495" HPOS="2194"/>
<String CONTENT="notes" HEIGHT="48" WIDTH="159" VPOS="1500" HPOS="2234"/>
</TextLine>
<TextLine HEIGHT="71" WIDTH="1893" VPOS="1572" HPOS="376" STYLEREFS="StyleId-764732C4-73A3-4CFE-8F8B-4C78D816E01A-" CS="1">
<String CONTENT="and" HEIGHT="54" WIDTH="113" VPOS="1575" HPOS="376"/>
<SP HEIGHT="54" WIDTH="38" VPOS="1575" HPOS="490"/>
<String CONTENT="charts" HEIGHT="54" WIDTH="193" VPOS="1575" HPOS="529"/>
<SP HEIGHT="53" WIDTH="35" VPOS="1575" HPOS="723"/>
<String CONTENT="by" HEIGHT="68" WIDTH="75" VPOS="1575" HPOS="759"/>
<SP HEIGHT="69" WIDTH="35" VPOS="1574" HPOS="835"/>
<String CONTENT="William" HEIGHT="55" WIDTH="261" VPOS="1573" HPOS="871"/>
<SP HEIGHT="53" WIDTH="37" VPOS="1574" HPOS="1133"/>
<String CONTENT="K." HEIGHT="54" WIDTH="67" VPOS="1574" HPOS="1171"/>
<SP HEIGHT="56" WIDTH="37" VPOS="1572" HPOS="1239"/>
<String CONTENT="Barnes;" HEIGHT="71" WIDTH="247" VPOS="1572" HPOS="1277"/>
<SP HEIGHT="51" WIDTH="39" VPOS="1592" HPOS="1525"/>
<String CONTENT="with" HEIGHT="53" WIDTH="144" VPOS="1573" HPOS="1565"/>
<SP HEIGHT="53" WIDTH="37" VPOS="1574" HPOS="1710"/>
<String CONTENT="an" HEIGHT="35" WIDTH="72" VPOS="1592" HPOS="1748"/>
<SP HEIGHT="54" WIDTH="36" VPOS="1573" HPOS="1821"/>
<String CONTENT="introduction," HEIGHT="69" WIDTH="411" VPOS="1573" HPOS="1858"/>
</TextLine>
<TextLine HEIGHT="130" WIDTH="1992" VPOS="1593" HPOS="375" STYLEREFS="StyleId-764732C4-73A3-4CFE-8F8B-4C78D816E01A-" CS="1">
<String CONTENT="reprinted" HEIGHT="130" WIDTH="1992" VPOS="1593" HPOS="375"/>
<SP HEIGHT="52" WIDTH="39" VPOS="1654" HPOS="609"/>
<String CONTENT="from" HEIGHT="52" WIDTH="155" VPOS="1654" HPOS="649"/>
<SP HEIGHT="52" WIDTH="39" VPOS="1653" HPOS="805"/>
<String CONTENT="An" HEIGHT="52" WIDTH="94" VPOS="1653" HPOS="845"/>
<SP HEIGHT="34" WIDTH="38" VPOS="1671" HPOS="940"/>
<String CONTENT="outline" HEIGHT="53" WIDTH="218" VPOS="1652" HPOS="979"/>
<SP HEIGHT="34" WIDTH="39" VPOS="1671" HPOS="1198"/>
<String CONTENT="of" HEIGHT="53" WIDTH="64" VPOS="1652" HPOS="1238"/>
<SP HEIGHT="52" WIDTH="37" VPOS="1652" HPOS="1303"/>
<String CONTENT="American" HEIGHT="54" WIDTH="308" VPOS="1651" HPOS="1341"/>
<SP HEIGHT="50" WIDTH="37" VPOS="1671" HPOS="1650"/>
<String CONTENT="government," HEIGHT="63" WIDTH="391" VPOS="1658" HPOS="1688"/>
</TextLine>
<TextLine HEIGHT="147" WIDTH="1992" VPOS="1653" HPOS="373" STYLEREFS="StyleId-764732C4-73A3-4CFE-8F8B-4C78D816E01A-" CS="1">
<String CONTENT="by" HEIGHT="68" WIDTH="74" VPOS="1653" HPOS="2120"/>
<SP HEIGHT="66" WIDTH="39" VPOS="1655" HPOS="2195"/>
<String CONTENT="Wallace" HEIGHT="132" WIDTH="1992" VPOS="1654" HPOS="373"/>
<SP HEIGHT="56" WIDTH="29" VPOS="1732" HPOS="494"/>
<String CONTENT="S." HEIGHT="56" WIDTH="56" VPOS="1732" HPOS="524"/>
<SP HEIGHT="55" WIDTH="35" VPOS="1731" HPOS="581"/>
<String CONTENT="Sayre," HEIGHT="69" WIDTH="198" VPOS="1731" HPOS="617"/>
<SP HEIGHT="51" WIDTH="29" VPOS="1748" HPOS="816"/>
<String CS="1" CONTENT="PH."/>
<SP/>
<String CS="1" CONTENT="D." HEIGHT="10" WIDTH="9" VPOS="1774" HPOS="1017"/>
<SP HEIGHT="54" WIDTH="74" VPOS="1730" HPOS="1027"/>
<String CONTENT="New" HEIGHT="53" WIDTH="140" VPOS="1730" HPOS="1102"/>
<SP HEIGHT="52" WIDTH="32" VPOS="1731" HPOS="1243"/>
<String CONTENT="York," HEIGHT="66" WIDTH="180" VPOS="1731" HPOS="1276"/>
<SP HEIGHT="65" WIDTH="29" VPOS="1732" HPOS="1457"/>
<String CONTENT="Barnes" HEIGHT="52" WIDTH="219" VPOS="1732" HPOS="1487"/>
<SP HEIGHT="52" WIDTH="30" VPOS="1732" HPOS="1707"/>
<String CONTENT="&amp;" HEIGHT="50" WIDTH="45" VPOS="1732" HPOS="1738"/>
<SP HEIGHT="52" WIDTH="30" VPOS="1731" HPOS="1784"/>
<String CONTENT="Noble," HEIGHT="68" WIDTH="200" VPOS="1731" HPOS="1815"/>
<SP HEIGHT="67" WIDTH="31" VPOS="1732" HPOS="2016"/>
<String CONTENT="inc." HEIGHT="53" WIDTH="105" VPOS="1732" HPOS="2048"/>
<SP/>
<String CS="1" CONTENT="[c1936]"/>
</TextLine>
<TextLine HEIGHT="49" WIDTH="742" VPOS="1803" HPOS="443" STYLEREFS="StyleId-764732C4-73A3-4CFE-8F8B-4C78D816E01A-" CS="1">
<String CONTENT="2" HEIGHT="39" WIDTH="27" VPOS="1803" HPOS="443"/>
<SP HEIGHT="48" WIDTH="25" VPOS="1803" HPOS="471"/>
<String CONTENT="p." HEIGHT="37" WIDTH="43" VPOS="1814" HPOS="497"/>
<SP HEIGHT="39" WIDTH="25" VPOS="1804" HPOS="541"/>
<String CS="1" CONTENT="l.,"/>
<SP HEIGHT="48" WIDTH="24" VPOS="1804" HPOS="612"/>
<String CONTENT="44" HEIGHT="39" WIDTH="59" VPOS="1804" HPOS="637"/>
<SP HEIGHT="48" WIDTH="23" VPOS="1804" HPOS="697"/>
<String CONTENT="p." HEIGHT="38" WIDTH="43" VPOS="1814" HPOS="721"/>
<SP HEIGHT="40" WIDTH="60" VPOS="1804" HPOS="765"/>
<String CONTENT="diagrs." HEIGHT="47" WIDTH="181" VPOS="1804" HPOS="826"/>
<SP HEIGHT="41" WIDTH="58" VPOS="1803" HPOS="1008"/>
<String CONTENT="21" HEIGHT="39" WIDTH="56" VPOS="1803" HPOS="1067"/>
<String STYLE="superscript" CONTENT="cm" HEIGHT="21" WIDTH="44" VPOS="1805" HPOS="1127"/>
<String CONTENT="." HEIGHT="8" WIDTH="8" VPOS="1836" HPOS="1177"/>
</TextLine>
<TextLine HEIGHT="48" WIDTH="1203" VPOS="1860" HPOS="446" CS="1">
<String CS="1" CONTENT="&#8220;References&#8221;:" HEIGHT="41" WIDTH="351" VPOS="1860" HPOS="446"/>
<SP HEIGHT="37" WIDTH="26" VPOS="1871" HPOS="828"/>
<String CONTENT="p." HEIGHT="37" WIDTH="44" VPOS="1871" HPOS="855"/>
<SP HEIGHT="41" WIDTH="26" VPOS="1861" HPOS="900"/>
<String CONTENT="8;" HEIGHT="47" WIDTH="53" VPOS="1861" HPOS="927"/>
<SP HEIGHT="47" WIDTH="28" VPOS="1861" HPOS="981"/>
<String CONTENT="Bibliography:" HEIGHT="48" WIDTH="379" VPOS="1860" HPOS="1010"/>
<SP HEIGHT="37" WIDTH="28" VPOS="1871" HPOS="1390"/>
<String CONTENT="p." HEIGHT="37" WIDTH="43" VPOS="1871" HPOS="1419"/>
<SP HEIGHT="40" WIDTH="24" VPOS="1861" HPOS="1463"/>
<String CONTENT="42-44." HEIGHT="40" WIDTH="161" VPOS="1860" HPOS="1488"/>
</TextLine>
<TextLine HEIGHT="53" WIDTH="2013" VPOS="1918" HPOS="375" CS="1">
<String CONTENT="&#169;" HEIGHT="53" WIDTH="53" VPOS="1918" HPOS="375"/>
<SP HEIGHT="53" WIDTH="36" VPOS="1918" HPOS="429"/>
<String CONTENT="Mar." HEIGHT="39" WIDTH="123" VPOS="1923" HPOS="466"/>
<SP HEIGHT="41" WIDTH="34" VPOS="1921" HPOS="590"/>
<String CONTENT="2," HEIGHT="49" WIDTH="42" VPOS="1921" HPOS="625"/>
<SP HEIGHT="48" WIDTH="38" VPOS="1922" HPOS="668"/>
<String CS="1" CONTENT="1936;" HEIGHT="41" WIDTH="117" VPOS="1921" HPOS="707"/>
<SP HEIGHT="47" WIDTH="38" VPOS="1921" HPOS="849"/>
<String CONTENT="2c." HEIGHT="41" WIDTH="69" VPOS="1921" HPOS="888"/>
<SP HEIGHT="30" WIDTH="35" VPOS="1932" HPOS="958"/>
<String CONTENT="and" HEIGHT="39" WIDTH="96" VPOS="1922" HPOS="994"/>
<SP HEIGHT="39" WIDTH="36" VPOS="1922" HPOS="1091"/>
<String CONTENT="aff." HEIGHT="40" WIDTH="82" VPOS="1920" HPOS="1128"/>
<SP HEIGHT="39" WIDTH="38" VPOS="1921" HPOS="1211"/>
<String CONTENT="Mar." HEIGHT="39" WIDTH="121" VPOS="1921" HPOS="1250"/>
<SP HEIGHT="39" WIDTH="36" VPOS="1921" HPOS="1372"/>
<String CONTENT="4;" HEIGHT="46" WIDTH="54" VPOS="1921" HPOS="1409"/>
<SP HEIGHT="46" WIDTH="38" VPOS="1921" HPOS="1464"/>
<!-- cceid 97B9AFE8-6E3A-1014-83DD-942C093A1DD9 --><String CONTENT="A" HEIGHT="38" WIDTH="41" VPOS="1921" HPOS="1503"/>
<SP HEIGHT="40" WIDTH="31" VPOS="1920" HPOS="1545"/>
<String CONTENT="92104;" HEIGHT="48" WIDTH="173" VPOS="1919" HPOS="1577"/>
<SP HEIGHT="45" WIDTH="41" VPOS="1922" HPOS="1751"/>
<String CONTENT="Barnes" HEIGHT="39" WIDTH="188" VPOS="1922" HPOS="1793"/>
<SP HEIGHT="41" WIDTH="37" VPOS="1921" HPOS="1982"/>
<String CONTENT="&amp;" HEIGHT="41" WIDTH="36" VPOS="1921" HPOS="2020"/>
<SP HEIGHT="41" WIDTH="35" VPOS="1921" HPOS="2057"/>
<String CONTENT="Noble," HEIGHT="48" WIDTH="165" VPOS="1922" HPOS="2093"/>
<SP HEIGHT="48" WIDTH="36" VPOS="1922" HPOS="2259"/>
<String CONTENT="inc." HEIGHT="41" WIDTH="92" VPOS="1922" HPOS="2296"/>
</TextLine>
<TextLine HEIGHT="50" WIDTH="254" VPOS="1979" HPOS="454">
<String CONTENT="(36-7235)" HEIGHT="50" WIDTH="254" VPOS="1979" HPOS="454"/>
</TextLine>
<TextLine HEIGHT="68" WIDTH="1703" VPOS="2082" HPOS="373" STYLEREFS="StyleId-764732C4-73A3-4CFE-8F8B-4C78D816E01A-" CS="1">
<String CONTENT="The" HEIGHT="53" WIDTH="121" VPOS="2084" HPOS="373"/>
<SP HEIGHT="53" WIDTH="38" VPOS="2084" HPOS="495"/>
<String CONTENT="United" HEIGHT="55" WIDTH="226" VPOS="2082" HPOS="534"/>
<SP HEIGHT="54" WIDTH="34" VPOS="2083" HPOS="761"/>
<String CONTENT="States" HEIGHT="54" WIDTH="208" VPOS="2083" HPOS="796"/>
<SP HEIGHT="51" WIDTH="33" VPOS="2098" HPOS="1005"/>
<String CONTENT="patents" HEIGHT="63" WIDTH="229" VPOS="2086" HPOS="1039"/>
<SP HEIGHT="50" WIDTH="38" VPOS="2099" HPOS="1269"/>
<String CONTENT="quarterly" HEIGHT="67" WIDTH="292" VPOS="2082" HPOS="1308"/>
<SP HEIGHT="49" WIDTH="45" VPOS="2100" HPOS="1601"/>
<String CS="1" CONTENT="&#8230;"/>
<SP HEIGHT="33" WIDTH="44" VPOS="2100" HPOS="1703"/>
<String CONTENT="reports" HEIGHT="65" WIDTH="222" VPOS="2085" HPOS="1748"/>
<SP HEIGHT="35" WIDTH="41" VPOS="2101" HPOS="1971"/>
<String CONTENT="of" HEIGHT="54" WIDTH="63" VPOS="2082" HPOS="2013"/>
</TextLine>
<TextLine HEIGHT="129" WIDTH="1945" VPOS="2100" HPOS="443" STYLEREFS="StyleId-764732C4-73A3-4CFE-8F8B-4C78D816E01A-" CS="1">
<String CONTENT="cases" HEIGHT="36" WIDTH="150" VPOS="2100" HPOS="2115"/>
<SP HEIGHT="33" WIDTH="38" VPOS="2102" HPOS="2266"/>
<String CONTENT="relating" HEIGHT="127" WIDTH="1920" VPOS="2102" HPOS="443"/>
<SP HEIGHT="60" WIDTH="37" VPOS="2169" HPOS="631"/>
<String CONTENT="to" HEIGHT="46" WIDTH="59" VPOS="2169" HPOS="669"/>
<SP HEIGHT="50" WIDTH="37" VPOS="2179" HPOS="729"/>
<String CONTENT="patents," HEIGHT="63" WIDTH="247" VPOS="2166" HPOS="767"/>
<SP HEIGHT="61" WIDTH="36" VPOS="2166" HPOS="1015"/>
<String CONTENT="trade" HEIGHT="52" WIDTH="164" VPOS="2161" HPOS="1052"/>
<SP HEIGHT="34" WIDTH="38" VPOS="2179" HPOS="1217"/>
<String CONTENT="marks" HEIGHT="53" WIDTH="191" VPOS="2160" HPOS="1256"/>
<SP HEIGHT="34" WIDTH="40" VPOS="2179" HPOS="1448"/>
<String CONTENT="and" HEIGHT="52" WIDTH="111" VPOS="2161" HPOS="1489"/>
<SP HEIGHT="51" WIDTH="41" VPOS="2161" HPOS="1601"/>
<String CONTENT="copyrights" HEIGHT="67" WIDTH="336" VPOS="2161" HPOS="1643"/>
<SP HEIGHT="33" WIDTH="44" VPOS="2182" HPOS="1980"/>
<String CS="1" CONTENT="&#8230;"/>
<SP HEIGHT="34" WIDTH="80" VPOS="2180" HPOS="2082"/>
<String CONTENT="volume" HEIGHT="53" WIDTH="225" VPOS="2161" HPOS="2163"/>
</TextLine>
<TextLine HEIGHT="72" WIDTH="1946" VPOS="2237" HPOS="442" STYLEREFS="StyleId-764732C4-73A3-4CFE-8F8B-4C78D816E01A-" CS="1">
<String CONTENT="26" HEIGHT="50" WIDTH="67" VPOS="2244" HPOS="442"/>
<SP HEIGHT="52" WIDTH="40" VPOS="2244" HPOS="510"/>
<String CS="1" CONTENT="&#8230;"/>
<SP HEIGHT="54" WIDTH="75" VPOS="2242" HPOS="608"/>
<String CONTENT="Washington," HEIGHT="68" WIDTH="405" VPOS="2239" HPOS="684"/>
<SP HEIGHT="63" WIDTH="33" VPOS="2242" HPOS="1090"/>
<String CONTENT="D." HEIGHT="51" WIDTH="71" VPOS="2242" HPOS="1124"/>
<SP HEIGHT="56" WIDTH="39" VPOS="2239" HPOS="1196"/>
<String CONTENT="C.," HEIGHT="67" WIDTH="81" VPOS="2239" HPOS="1236"/>
<SP HEIGHT="64" WIDTH="33" VPOS="2242" HPOS="1318"/>
<String CONTENT="The" HEIGHT="54" WIDTH="120" VPOS="2239" HPOS="1352"/>
<SP HEIGHT="51" WIDTH="36" VPOS="2241" HPOS="1473"/>
<String CONTENT="Bureau" HEIGHT="51" WIDTH="230" VPOS="2241" HPOS="1510"/>
<SP HEIGHT="33" WIDTH="35" VPOS="2259" HPOS="1741"/>
<String CONTENT="of" HEIGHT="53" WIDTH="63" VPOS="2239" HPOS="1777"/>
<SP HEIGHT="52" WIDTH="35" VPOS="2239" HPOS="1841"/>
<String CONTENT="national" HEIGHT="54" WIDTH="259" VPOS="2239" HPOS="1877"/>
<SP HEIGHT="55" WIDTH="35" VPOS="2239" HPOS="2137"/>
<String CONTENT="affairs," HEIGHT="72" WIDTH="215" VPOS="2237" HPOS="2173"/>
</TextLine>
<TextLine HEIGHT="66" WIDTH="336" VPOS="2321" HPOS="440" STYLEREFS="StyleId-764732C4-73A3-4CFE-8F8B-4C78D816E01A-">
<String CONTENT="inc." HEIGHT="53" WIDTH="108" VPOS="2321" HPOS="440"/>
<SP HEIGHT="33" WIDTH="32" VPOS="2354" HPOS="549"/>
<String CONTENT="[" HEIGHT="33" WIDTH="11" VPOS="2354" HPOS="582"/>
<String STYLE="superscript" CONTENT="c" HEIGHT="20" WIDTH="18" VPOS="2327" HPOS="599"/>
<String CONTENT="1935]" HEIGHT="64" WIDTH="153" VPOS="2323" HPOS="623"/>
</TextLine>
<TextLine HEIGHT="51" WIDTH="730" VPOS="2391" HPOS="444" CS="1">
<String CONTENT="vii," HEIGHT="48" WIDTH="81" VPOS="2394" HPOS="444"/>
<SP HEIGHT="47" WIDTH="31" VPOS="2395" HPOS="526"/>
<String CONTENT="409" HEIGHT="41" WIDTH="85" VPOS="2392" HPOS="558"/>
<SP HEIGHT="37" WIDTH="30" VPOS="2404" HPOS="649"/>
<String CONTENT="p." HEIGHT="37" WIDTH="42" VPOS="2404" HPOS="680"/>
<SP HEIGHT="39" WIDTH="62" VPOS="2394" HPOS="723"/>
<String CONTENT="diagrs." HEIGHT="48" WIDTH="180" VPOS="2392" HPOS="786"/>
<SP HEIGHT="41" WIDTH="60" VPOS="2391" HPOS="967"/>
<String CS="1" CONTENT="23&#189;" HEIGHT="42" WIDTH="56" VPOS="2391" HPOS="1028"/>
<String STYLE="superscript" CONTENT="cm" HEIGHT="21" WIDTH="45" VPOS="2394" HPOS="1117"/>
<String CONTENT="." HEIGHT="8" WIDTH="8" VPOS="2423" HPOS="1166"/>
</TextLine>
<TextLine HEIGHT="50" WIDTH="758" VPOS="2448" HPOS="444">
<String CONTENT="On" HEIGHT="40" WIDTH="72" VPOS="2452" HPOS="444"/>
<SP HEIGHT="29" WIDTH="29" VPOS="2462" HPOS="517"/>
<String CONTENT="cover:" HEIGHT="30" WIDTH="169" VPOS="2461" HPOS="547"/>
<SP HEIGHT="40" WIDTH="32" VPOS="2450" HPOS="717"/>
<String CONTENT="July-Sept.," HEIGHT="49" WIDTH="296" VPOS="2449" HPOS="750"/>
<SP HEIGHT="47" WIDTH="27" VPOS="2450" HPOS="1047"/>
<String CONTENT="1935." HEIGHT="42" WIDTH="127" VPOS="2448" HPOS="1075"/>
</TextLine>
<TextLine HEIGHT="54" WIDTH="2013" VPOS="2504" HPOS="373">
<String CONTENT="&#169;" HEIGHT="53" WIDTH="52" VPOS="2505" HPOS="373"/>
<SP HEIGHT="53" WIDTH="30" VPOS="2505" HPOS="426"/>
<String CONTENT="Jan." HEIGHT="40" WIDTH="110" VPOS="2509" HPOS="457"/>
<SP HEIGHT="40" WIDTH="28" VPOS="2509" HPOS="568"/>
<String CONTENT="3," HEIGHT="46" WIDTH="41" VPOS="2509" HPOS="597"/>
<SP HEIGHT="47" WIDTH="30" VPOS="2508" HPOS="639"/>
<String CONTENT="1936;" HEIGHT="48" WIDTH="141" VPOS="2506" HPOS="670"/>
<SP HEIGHT="47" WIDTH="33" VPOS="2507" HPOS="812"/>
<String CONTENT="2c." HEIGHT="40" WIDTH="67" VPOS="2507" HPOS="846"/>
<SP HEIGHT="29" WIDTH="31" VPOS="2518" HPOS="914"/>
<String CONTENT="and" HEIGHT="38" WIDTH="97" VPOS="2508" HPOS="946"/>
<SP HEIGHT="38" WIDTH="29" VPOS="2508" HPOS="1044"/>
<String CONTENT="aff." HEIGHT="39" WIDTH="82" VPOS="2506" HPOS="1074"/>
<SP HEIGHT="39" WIDTH="33" VPOS="2506" HPOS="1157"/>
<String CONTENT="Jan." HEIGHT="39" WIDTH="110" VPOS="2506" HPOS="1191"/>
<SP HEIGHT="39" WIDTH="32" VPOS="2506" HPOS="1302"/>
<String CONTENT="22;" HEIGHT="46" WIDTH="81" VPOS="2505" HPOS="1335"/>
<SP HEIGHT="46" WIDTH="34" VPOS="2505" HPOS="1417"/>
<!-- cceid 97BA669B-6E3A-1014-83DD-942C093A1DD9 --><String CONTENT="A" HEIGHT="39" WIDTH="40" VPOS="2505" HPOS="1452"/>
<SP HEIGHT="40" WIDTH="29" VPOS="2504" HPOS="1493"/>
<String CONTENT="91382;" HEIGHT="48" WIDTH="171" VPOS="2504" HPOS="1523"/>
<SP HEIGHT="46" WIDTH="35" VPOS="2506" HPOS="1695"/>
<String CONTENT="Bureau" HEIGHT="40" WIDTH="197" VPOS="2506" HPOS="1731"/>
<SP HEIGHT="29" WIDTH="32" VPOS="2517" HPOS="1929"/>
<String CONTENT="of" HEIGHT="40" WIDTH="56" VPOS="2506" HPOS="1962"/>
<SP HEIGHT="39" WIDTH="26" VPOS="2506" HPOS="2019"/>
<String CONTENT="natl." HEIGHT="40" WIDTH="119" VPOS="2506" HPOS="2046"/>
<SP HEIGHT="29" WIDTH="32" VPOS="2517" HPOS="2166"/>
<String CONTENT="affairs," HEIGHT="48" WIDTH="187" VPOS="2506" HPOS="2199"/>
</TextLine>
<TextLine HEIGHT="41" WIDTH="92" VPOS="2565" HPOS="442">
<String CONTENT="inc." HEIGHT="41" WIDTH="92" VPOS="2565" HPOS="442"/>
</TextLine>
<TextLine HEIGHT="65" WIDTH="964" VPOS="2653" HPOS="371" STYLEREFS="StyleId-C29515EF-A2DF-40CC-9B7D-70F2F6CCEBC8-">
<String CONTENT="Urbanitzky," HEIGHT="65" WIDTH="395" VPOS="2653" HPOS="371"/>
<SP HEIGHT="65" WIDTH="25" VPOS="2653" HPOS="767"/>
<String CONTENT="Grete" HEIGHT="54" WIDTH="180" VPOS="2653" HPOS="793"/>
<SP HEIGHT="38" WIDTH="24" VPOS="2668" HPOS="974"/>
<String CONTENT="von," HEIGHT="47" WIDTH="134" VPOS="2668" HPOS="999"/>
<SP HEIGHT="57" WIDTH="28" VPOS="2658" HPOS="1134"/>
<String CONTENT="1893-" HEIGHT="50" WIDTH="172" VPOS="2657" HPOS="1163"/>
</TextLine>
<TextLine HEIGHT="72" WIDTH="1882" VPOS="2726" HPOS="502" STYLEREFS="StyleId-764732C4-73A3-4CFE-8F8B-4C78D816E01A-" CS="1">
<String CS="1" CONTENT="&#8230;"/>
<SP HEIGHT="53" WIDTH="46" VPOS="2730" HPOS="502"/>
<String CONTENT="Heimkehr" HEIGHT="55" WIDTH="323" VPOS="2728" HPOS="549"/>
<SP HEIGHT="33" WIDTH="42" VPOS="2748" HPOS="873"/>
<String CONTENT="zur" HEIGHT="34" WIDTH="102" VPOS="2747" HPOS="916"/>
<SP HEIGHT="52" WIDTH="41" VPOS="2729" HPOS="1019"/>
<String CONTENT="liebe," HEIGHT="68" WIDTH="162" VPOS="2728" HPOS="1061"/>
<SP HEIGHT="49" WIDTH="43" VPOS="2747" HPOS="1224"/>
<String CONTENT="roman." HEIGHT="35" WIDTH="216" VPOS="2745" HPOS="1268"/>
<SP HEIGHT="52" WIDTH="81" VPOS="2728" HPOS="1485"/>
<String CONTENT="Berlin" HEIGHT="54" WIDTH="201" VPOS="2726" HPOS="1567"/>
<SP HEIGHT="48" WIDTH="48" VPOS="2746" HPOS="1769"/>
<String CONTENT="[etc.]" HEIGHT="63" WIDTH="139" VPOS="2732" HPOS="1818"/>
<SP HEIGHT="66" WIDTH="51" VPOS="2729" HPOS="1958"/>
<String CONTENT="P." HEIGHT="52" WIDTH="65" VPOS="2729" HPOS="2010"/>
<SP HEIGHT="52" WIDTH="45" VPOS="2729" HPOS="2076"/>
<String CONTENT="Zsolnay," HEIGHT="69" WIDTH="262" VPOS="2729" HPOS="2122"/>
</TextLine>
<TextLine HEIGHT="52" WIDTH="152" VPOS="2811" HPOS="371" STYLEREFS="StyleId-764732C4-73A3-4CFE-8F8B-4C78D816E01A-">
<String CONTENT="1935." HEIGHT="52" WIDTH="152" VPOS="2811" HPOS="371"/>
</TextLine>
<TextLine HEIGHT="54" WIDTH="563" VPOS="2881" HPOS="441" CS="1">
<String CONTENT="332," HEIGHT="49" WIDTH="99" VPOS="2881" HPOS="441"/>
<SP HEIGHT="30" WIDTH="31" VPOS="2905" HPOS="541"/>
<String CONTENT="[1]" HEIGHT="52" WIDTH="56" VPOS="2883" HPOS="573"/>
<SP HEIGHT="41" WIDTH="29" VPOS="2893" HPOS="630"/>
<String CONTENT="p." HEIGHT="38" WIDTH="45" VPOS="2893" HPOS="660"/>
<SP HEIGHT="40" WIDTH="58" VPOS="2881" HPOS="706"/>
<String CONTENT="19" HEIGHT="42" WIDTH="56" VPOS="2881" HPOS="765"/>
<SP HEIGHT="42" WIDTH="16" VPOS="2881" HPOS="822"/>
<String CONTENT="x" HEIGHT="29" WIDTH="31" VPOS="2892" HPOS="839"/>
<SP HEIGHT="40" WIDTH="16" VPOS="2882" HPOS="871"/>
<String CS="1" CONTENT="11"/>
<String STYLE="superscript" CONTENT="cm" HEIGHT="22" WIDTH="44" VPOS="2884" HPOS="948"/>
<String CONTENT="." HEIGHT="9" WIDTH="9" VPOS="2914" HPOS="995"/>
</TextLine>
<TextLine HEIGHT="43" WIDTH="436" VPOS="2939" HPOS="440">
<String CONTENT="&#8220;1.-8." HEIGHT="42" WIDTH="144" VPOS="2940" HPOS="440"/>
<SP HEIGHT="38" WIDTH="37" VPOS="2944" HPOS="585"/>
<String CONTENT="tausend.&#8221;" HEIGHT="43" WIDTH="253" VPOS="2939" HPOS="623"/>
</TextLine>
<TextLine HEIGHT="54" WIDTH="2015" VPOS="2996" HPOS="372" CS="1">
<String CONTENT="&#169;" HEIGHT="53" WIDTH="54" VPOS="2996" HPOS="372"/>
<SP HEIGHT="53" WIDTH="40" VPOS="2996" HPOS="427"/>
<String CONTENT="Oct." HEIGHT="40" WIDTH="102" VPOS="3001" HPOS="468"/>
<SP HEIGHT="38" WIDTH="37" VPOS="3002" HPOS="571"/>
<String CONTENT="17," HEIGHT="44" WIDTH="70" VPOS="3002" HPOS="609"/>
<SP HEIGHT="45" WIDTH="41" VPOS="3001" HPOS="680"/>
<String CONTENT="1935;" HEIGHT="42" WIDTH="141" VPOS="3000" HPOS="722"/>
<SP/>
<String CS="1" CONTENT="1c."/>
<SP/>
<String CONTENT="Feb." HEIGHT="39" WIDTH="110" VPOS="3000" HPOS="1018"/>
<SP HEIGHT="40" WIDTH="42" VPOS="2999" HPOS="1129"/>
<String CONTENT="6," HEIGHT="48" WIDTH="39" VPOS="2999" HPOS="1172"/>
<SP HEIGHT="47" WIDTH="41" VPOS="3000" HPOS="1212"/>
<String CONTENT="1936;" HEIGHT="46" WIDTH="140" VPOS="2999" HPOS="1254"/>
<SP HEIGHT="46" WIDTH="44" VPOS="2999" HPOS="1395"/>
<!-- cceid 97BB14D3-6E3A-1014-83DD-942C093A1DD9 --><String CONTENT="A-Foreign" HEIGHT="48" WIDTH="310" VPOS="2999" HPOS="1440"/>
<SP HEIGHT="39" WIDTH="39" VPOS="3001" HPOS="1751"/>
<String CONTENT="30305;" HEIGHT="48" WIDTH="172" VPOS="2999" HPOS="1791"/>
<SP HEIGHT="46" WIDTH="45" VPOS="3001" HPOS="1964"/>
<String CONTENT="Paul" HEIGHT="39" WIDTH="122" VPOS="3001" HPOS="2010"/>
<SP HEIGHT="39" WIDTH="44" VPOS="3001" HPOS="2133"/>
<String CONTENT="Zsolnay" HEIGHT="49" WIDTH="209" VPOS="3001" HPOS="2178"/>
</TextLine>
<TextLine HEIGHT="50" WIDTH="645" VPOS="3056" HPOS="442" CS="1">
<String CONTENT="verlag," HEIGHT="46" WIDTH="180" VPOS="3060" HPOS="442"/>
<SP HEIGHT="36" WIDTH="32" VPOS="3069" HPOS="623"/>
<String CONTENT="a.-g." HEIGHT="37" WIDTH="106" VPOS="3069" HPOS="656"/>
<SP/>
<String CS="1" CONTENT="(36-7226)" HEIGHT="50" WIDTH="252" VPOS="3056" HPOS="835"/>
</TextLine>
<TextLine HEIGHT="65" WIDTH="1128" VPOS="3146" HPOS="371" STYLEREFS="StyleId-764732C4-73A3-4CFE-8F8B-4C78D816E01A-">
<String CONTENT="Vaughan," HEIGHT="65" WIDTH="314" VPOS="3146" HPOS="371"/>
<SP HEIGHT="63" WIDTH="28" VPOS="3148" HPOS="686"/>
<String CONTENT="Wayland" HEIGHT="65" WIDTH="290" VPOS="3146" HPOS="715"/>
<SP HEIGHT="53" WIDTH="30" VPOS="3147" HPOS="1006"/>
<String CONTENT="Farries," HEIGHT="64" WIDTH="258" VPOS="3146" HPOS="1037"/>
<SP HEIGHT="56" WIDTH="32" VPOS="3154" HPOS="1296"/>
<String CONTENT="1901-" HEIGHT="49" WIDTH="170" VPOS="3153" HPOS="1329"/>
</TextLine>
<TextLine HEIGHT="70" WIDTH="1940" VPOS="3222" HPOS="442" STYLEREFS="StyleId-764732C4-73A3-4CFE-8F8B-4C78D816E01A-" CS="1">
<String CONTENT="General" HEIGHT="56" WIDTH="247" VPOS="3222" HPOS="442"/>
<SP HEIGHT="66" WIDTH="36" VPOS="3226" HPOS="690"/>
<String CONTENT="psychology," HEIGHT="70" WIDTH="373" VPOS="3222" HPOS="727"/>
<SP HEIGHT="67" WIDTH="36" VPOS="3223" HPOS="1101"/>
<String CONTENT="by" HEIGHT="68" WIDTH="74" VPOS="3223" HPOS="1138"/>
<SP HEIGHT="69" WIDTH="35" VPOS="3222" HPOS="1213"/>
<String CONTENT="Wayland" HEIGHT="70" WIDTH="290" VPOS="3222" HPOS="1249"/>
<SP HEIGHT="53" WIDTH="37" VPOS="3222" HPOS="1540"/>
<String CONTENT="F." HEIGHT="51" WIDTH="66" VPOS="3223" HPOS="1578"/>
<SP HEIGHT="53" WIDTH="38" VPOS="3222" HPOS="1645"/>
<String CONTENT="Vaughan" HEIGHT="70" WIDTH="288" VPOS="3222" HPOS="1684"/>
<SP HEIGHT="34" WIDTH="41" VPOS="3240" HPOS="1973"/>
<String CS="1" CONTENT="&#8230;"/>
<SP HEIGHT="56" WIDTH="78" VPOS="3222" HPOS="2072"/>
<String CONTENT="Garden" HEIGHT="56" WIDTH="231" VPOS="3222" HPOS="2151"/>
</TextLine>
<TextLine HEIGHT="70" WIDTH="1798" VPOS="3301" HPOS="373" STYLEREFS="StyleId-764732C4-73A3-4CFE-8F8B-4C78D816E01A-" CS="1">
<String CONTENT="City," HEIGHT="69" WIDTH="154" VPOS="3302" HPOS="373"/>
<SP HEIGHT="67" WIDTH="31" VPOS="3302" HPOS="528"/>
<String CONTENT="N." HEIGHT="53" WIDTH="70" VPOS="3302" HPOS="560"/>
<SP HEIGHT="53" WIDTH="36" VPOS="3302" HPOS="631"/>
<String CONTENT="Y.," HEIGHT="67" WIDTH="92" VPOS="3302" HPOS="668"/>
<SP HEIGHT="67" WIDTH="31" VPOS="3302" HPOS="761"/>
<String CONTENT="Doubleday," HEIGHT="69" WIDTH="360" VPOS="3301" HPOS="793"/>
<SP HEIGHT="68" WIDTH="30" VPOS="3301" HPOS="1154"/>
<String CONTENT="Doran" HEIGHT="53" WIDTH="199" VPOS="3301" HPOS="1185"/>
<SP HEIGHT="51" WIDTH="33" VPOS="3303" HPOS="1385"/>
<String CONTENT="&amp;" HEIGHT="51" WIDTH="46" VPOS="3303" HPOS="1419"/>
<SP HEIGHT="51" WIDTH="30" VPOS="3303" HPOS="1466"/>
<String CONTENT="company," HEIGHT="53" WIDTH="297" VPOS="3317" HPOS="1497"/>
<SP HEIGHT="68" WIDTH="31" VPOS="3301" HPOS="1795"/>
<String CONTENT="inc." HEIGHT="52" WIDTH="107" VPOS="3301" HPOS="1827"/>
<SP/>
<String CS="1" CONTENT="[c1936]" HEIGHT="34" WIDTH="10" VPOS="3334" HPOS="2161"/>
</TextLine>
<TextLine HEIGHT="50" WIDTH="1310" VPOS="3375" HPOS="442" STYLEREFS="StyleId-764732C4-73A3-4CFE-8F8B-4C78D816E01A-" CS="1">
<String CONTENT="xxi," HEIGHT="47" WIDTH="99" VPOS="3376" HPOS="442"/>
<SP HEIGHT="48" WIDTH="24" VPOS="3375" HPOS="542"/>
<String CONTENT="634" HEIGHT="40" WIDTH="85" VPOS="3375" HPOS="567"/>
<SP HEIGHT="48" WIDTH="23" VPOS="3376" HPOS="653"/>
<String CONTENT="p." HEIGHT="37" WIDTH="43" VPOS="3387" HPOS="677"/>
<SP HEIGHT="39" WIDTH="53" VPOS="3375" HPOS="721"/>
<String CONTENT="illus.," HEIGHT="49" WIDTH="142" VPOS="3375" HPOS="775"/>
<SP HEIGHT="49" WIDTH="25" VPOS="3375" HPOS="918"/>
<String CONTENT="2" HEIGHT="39" WIDTH="26" VPOS="3375" HPOS="944"/>
<SP HEIGHT="40" WIDTH="23" VPOS="3375" HPOS="971"/>
<String CONTENT="col." HEIGHT="40" WIDTH="87" VPOS="3377" HPOS="995"/>
<SP/>
<String CS="1" CONTENT="pl."/>
<SP/>
<String CONTENT="on" HEIGHT="30" WIDTH="59" VPOS="3387" HPOS="1196"/>
<SP HEIGHT="39" WIDTH="25" VPOS="3376" HPOS="1256"/>
<String CONTENT="1" HEIGHT="39" WIDTH="25" VPOS="3376" HPOS="1282"/>
<SP HEIGHT="39" WIDTH="23" VPOS="3376" HPOS="1308"/>
<String CS="1" CONTENT="l.,"/>
<SP HEIGHT="46" WIDTH="25" VPOS="3377" HPOS="1376"/>
<String CONTENT="diagrs." HEIGHT="49" WIDTH="180" VPOS="3376" HPOS="1402"/>
<SP HEIGHT="40" WIDTH="51" VPOS="3376" HPOS="1583"/>
<String CONTENT="21" HEIGHT="39" WIDTH="55" VPOS="3376" HPOS="1635"/>
<String STYLE="superscript" CONTENT="cm" HEIGHT="21" WIDTH="44" VPOS="3378" HPOS="1694"/>
<String CONTENT="." HEIGHT="9" WIDTH="9" VPOS="3407" HPOS="1743"/>
</TextLine>
<TextLine HEIGHT="42" WIDTH="429" VPOS="3433" HPOS="442">
<String CONTENT="&#8220;First" HEIGHT="41" WIDTH="163" VPOS="3434" HPOS="442"/>
<SP HEIGHT="39" WIDTH="34" VPOS="3436" HPOS="606"/>
<String CONTENT="edition.&#8221;" HEIGHT="42" WIDTH="230" VPOS="3433" HPOS="641"/>
</TextLine>
<TextLine HEIGHT="50" WIDTH="1357" VPOS="3490" HPOS="442">
<String CONTENT="References" HEIGHT="41" WIDTH="294" VPOS="3491" HPOS="442"/>
<SP HEIGHT="29" WIDTH="27" VPOS="3502" HPOS="737"/>
<String CONTENT="under" HEIGHT="40" WIDTH="155" VPOS="3491" HPOS="765"/>
<SP HEIGHT="40" WIDTH="28" VPOS="3490" HPOS="921"/>
<String CONTENT="&#8220;Projects&#8221;" HEIGHT="47" WIDTH="277" VPOS="3490" HPOS="950"/>
<SP HEIGHT="40" WIDTH="29" VPOS="3491" HPOS="1228"/>
<String CONTENT="and" HEIGHT="39" WIDTH="94" VPOS="3492" HPOS="1258"/>
<SP HEIGHT="41" WIDTH="32" VPOS="3490" HPOS="1353"/>
<String CONTENT="&#8220;Experiments&#8221;." HEIGHT="50" WIDTH="413" VPOS="3490" HPOS="1386"/>
</TextLine>
<TextLine HEIGHT="53" WIDTH="2009" VPOS="3547" HPOS="372">
<String CONTENT="&#169;" HEIGHT="53" WIDTH="52" VPOS="3547" HPOS="372"/>
<SP HEIGHT="53" WIDTH="25" VPOS="3547" HPOS="425"/>
<String CONTENT="Feb." HEIGHT="40" WIDTH="108" VPOS="3551" HPOS="451"/>
<SP HEIGHT="38" WIDTH="27" VPOS="3551" HPOS="560"/>
<String CONTENT="28," HEIGHT="43" WIDTH="68" VPOS="3551" HPOS="588"/>
<SP HEIGHT="43" WIDTH="28" VPOS="3551" HPOS="657"/>
<String CONTENT="1936;" HEIGHT="42" WIDTH="140" VPOS="3550" HPOS="686"/>
<SP HEIGHT="41" WIDTH="27" VPOS="3551" HPOS="827"/>
<String CONTENT="2c." HEIGHT="39" WIDTH="67" VPOS="3551" HPOS="855"/>
<SP HEIGHT="29" WIDTH="25" VPOS="3561" HPOS="923"/>
<String CONTENT="and" HEIGHT="38" WIDTH="99" VPOS="3552" HPOS="949"/>
<SP HEIGHT="38" WIDTH="24" VPOS="3552" HPOS="1049"/>
<String CONTENT="aff." HEIGHT="41" WIDTH="81" VPOS="3550" HPOS="1074"/>
<SP HEIGHT="39" WIDTH="27" VPOS="3552" HPOS="1156"/>
<String CONTENT="Mar." HEIGHT="38" WIDTH="121" VPOS="3552" HPOS="1184"/>
<SP HEIGHT="39" WIDTH="28" VPOS="3551" HPOS="1306"/>
<String CONTENT="12;" HEIGHT="41" WIDTH="81" VPOS="3550" HPOS="1335"/>
<SP HEIGHT="41" WIDTH="28" VPOS="3550" HPOS="1417"/>
<!-- cceid 97BBCD55-6E3A-1014-83DD-942C093A1DD9 --><String CONTENT="A" HEIGHT="39" WIDTH="42" VPOS="3550" HPOS="1446"/>
<SP HEIGHT="40" WIDTH="21" VPOS="3549" HPOS="1489"/>
<String CONTENT="93133;" HEIGHT="46" WIDTH="171" VPOS="3549" HPOS="1511"/>
<SP HEIGHT="45" WIDTH="29" VPOS="3550" HPOS="1683"/>
<String CONTENT="Doubleday." HEIGHT="47" WIDTH="300" VPOS="3550" HPOS="1713"/>
<SP HEIGHT="41" WIDTH="27" VPOS="3551" HPOS="2014"/>
<String CONTENT="Doran" HEIGHT="39" WIDTH="166" VPOS="3551" HPOS="2042"/>
<SP HEIGHT="39" WIDTH="27" VPOS="3551" HPOS="2209"/>
<String CONTENT="&amp;" HEIGHT="39" WIDTH="35" VPOS="3551" HPOS="2237"/>
<SP HEIGHT="40" WIDTH="25" VPOS="3551" HPOS="2273"/>
<String CONTENT="co.," HEIGHT="38" WIDTH="82" VPOS="3560" HPOS="2299"/>
</TextLine>
<TextLine HEIGHT="49" WIDTH="416" VPOS="3607" HPOS="441">
<String CONTENT="inc." HEIGHT="39" WIDTH="90" VPOS="3609" HPOS="441"/>
<SP HEIGHT="48" WIDTH="71" VPOS="3608" HPOS="532"/>
<String CONTENT="(36-7296)" HEIGHT="49" WIDTH="253" VPOS="3607" HPOS="604"/>
</TextLine>
<TextLine HEIGHT="64" WIDTH="1283" VPOS="3697" HPOS="370" STYLEREFS="StyleId-C29515EF-A2DF-40CC-9B7D-70F2F6CCEBC8-">
<String CONTENT="Whitney," HEIGHT="64" WIDTH="301" VPOS="3697" HPOS="370"/>
<SP HEIGHT="62" WIDTH="27" VPOS="3698" HPOS="672"/>
<String CONTENT="Gertrude" HEIGHT="53" WIDTH="294" VPOS="3698" HPOS="700"/>
<SP HEIGHT="54" WIDTH="26" VPOS="3698" HPOS="995"/>
<String CONTENT="Clara" HEIGHT="54" WIDTH="174" VPOS="3698" HPOS="1022"/>
<SP HEIGHT="53" WIDTH="20" VPOS="3698" HPOS="1197"/>
<String CONTENT="Louise," HEIGHT="64" WIDTH="233" VPOS="3697" HPOS="1218"/>
<SP HEIGHT="57" WIDTH="29" VPOS="3704" HPOS="1452"/>
<String CONTENT="1899-" HEIGHT="50" WIDTH="171" VPOS="3702" HPOS="1482"/>
</TextLine>
<TextLine HEIGHT="69" WIDTH="1874" VPOS="3773" HPOS="444" STYLEREFS="StyleId-764732C4-73A3-4CFE-8F8B-4C78D816E01A-" CS="1">
<String CONTENT="Sled" HEIGHT="55" WIDTH="135" VPOS="3773" HPOS="444"/>
<SP HEIGHT="52" WIDTH="27" VPOS="3775" HPOS="580"/>
<String CONTENT="against" HEIGHT="69" WIDTH="228" VPOS="3773" HPOS="608"/>
<SP HEIGHT="48" WIDTH="27" VPOS="3779" HPOS="837"/>
<String CONTENT="the" HEIGHT="52" WIDTH="95" VPOS="3776" HPOS="865"/>
<SP HEIGHT="53" WIDTH="27" VPOS="3775" HPOS="961"/>
<String CONTENT="door;" HEIGHT="65" WIDTH="166" VPOS="3775" HPOS="989"/>
<SP HEIGHT="49" WIDTH="32" VPOS="3793" HPOS="1156"/>
<String CONTENT="poems" HEIGHT="50" WIDTH="191" VPOS="3792" HPOS="1189"/>
<SP HEIGHT="53" WIDTH="24" VPOS="3774" HPOS="1381"/>
<String CONTENT="by" HEIGHT="68" WIDTH="74" VPOS="3774" HPOS="1406"/>
<SP HEIGHT="67" WIDTH="27" VPOS="3775" HPOS="1481"/>
<String CONTENT="Gertrude" HEIGHT="56" WIDTH="285" VPOS="3774" HPOS="1509"/>
<SP HEIGHT="55" WIDTH="29" VPOS="3773" HPOS="1795"/>
<String CONTENT="C." HEIGHT="55" WIDTH="62" VPOS="3773" HPOS="1825"/>
<SP HEIGHT="50" WIDTH="27" VPOS="3776" HPOS="1888"/>
<String CONTENT="L." HEIGHT="51" WIDTH="65" VPOS="3776" HPOS="1916"/>
<SP HEIGHT="54" WIDTH="27" VPOS="3775" HPOS="1982"/>
<String CONTENT="Whitney" HEIGHT="67" WIDTH="275" VPOS="3775" HPOS="2010"/>
<SP HEIGHT="47" WIDTH="32" VPOS="3795" HPOS="2286"/>
<String CS="1" CONTENT="&#8230;"/>
</TextLine>
<TextLine HEIGHT="68" WIDTH="876" VPOS="3853" HPOS="371" STYLEREFS="StyleId-764732C4-73A3-4CFE-8F8B-4C78D816E01A-" CS="1">
<String CONTENT="Boston," HEIGHT="65" WIDTH="236" VPOS="3856" HPOS="371"/>
<SP HEIGHT="66" WIDTH="30" VPOS="3855" HPOS="608"/>
<String CONTENT="B." HEIGHT="52" WIDTH="67" VPOS="3855" HPOS="639"/>
<SP HEIGHT="53" WIDTH="29" VPOS="3854" HPOS="707"/>
<String CONTENT="Humphries," HEIGHT="67" WIDTH="375" VPOS="3854" HPOS="737"/>
<SP HEIGHT="60" WIDTH="27" VPOS="3853" HPOS="1113"/>
<String CONTENT="inc." HEIGHT="54" WIDTH="106" VPOS="3853" HPOS="1141"/>
<SP/>
<String CS="1" CONTENT="[c1936]"/>
</TextLine>
<TextLine HEIGHT="48" WIDTH="248" VPOS="3926" HPOS="445" CS="1">
<String CONTENT="51" HEIGHT="40" WIDTH="54" VPOS="3926" HPOS="445"/>
<SP HEIGHT="47" WIDTH="29" VPOS="3927" HPOS="500"/>
<String CONTENT="p." HEIGHT="37" WIDTH="42" VPOS="3937" HPOS="530"/>
<SP HEIGHT="39" WIDTH="60" VPOS="3926" HPOS="573"/>
<String CS="1" CONTENT="20&#189;cm." HEIGHT="40" WIDTH="59" VPOS="3926" HPOS="634"/>
</TextLine>
<TextLine HEIGHT="53" WIDTH="2006" VPOS="3981" HPOS="373" CS="1">
<String CONTENT="&#169;" HEIGHT="53" WIDTH="53" VPOS="3981" HPOS="373"/>
<SP HEIGHT="53" WIDTH="40" VPOS="3981" HPOS="427"/>
<String CONTENT="May" HEIGHT="45" WIDTH="114" VPOS="3986" HPOS="468"/>
<SP HEIGHT="46" WIDTH="39" VPOS="3985" HPOS="583"/>
<String CONTENT="14," HEIGHT="47" WIDTH="69" VPOS="3985" HPOS="623"/>
<SP HEIGHT="48" WIDTH="41" VPOS="3984" HPOS="693"/>
<String CS="1" CONTENT="1935;" HEIGHT="41" WIDTH="117" VPOS="3982" HPOS="735"/>
<SP HEIGHT="41" WIDTH="42" VPOS="3984" HPOS="876"/>
<String CONTENT="2c." HEIGHT="40" WIDTH="67" VPOS="3984" HPOS="919"/>
<SP HEIGHT="39" WIDTH="40" VPOS="3985" HPOS="987"/>
<String CONTENT="Mar." HEIGHT="38" WIDTH="121" VPOS="3985" HPOS="1028"/>
<SP HEIGHT="38" WIDTH="41" VPOS="3984" HPOS="1150"/>
<String CONTENT="5," HEIGHT="47" WIDTH="39" VPOS="3984" HPOS="1192"/>
<SP HEIGHT="47" WIDTH="40" VPOS="3984" HPOS="1232"/>
<String CONTENT="1936;" HEIGHT="42" WIDTH="141" VPOS="3983" HPOS="1273"/>
<SP HEIGHT="31" WIDTH="42" VPOS="3994" HPOS="1415"/>
<String CONTENT="aff." HEIGHT="40" WIDTH="82" VPOS="3983" HPOS="1458"/>
<SP HEIGHT="39" WIDTH="42" VPOS="3984" HPOS="1541"/>
<String CONTENT="Mar." HEIGHT="40" WIDTH="122" VPOS="3984" HPOS="1584"/>
<SP HEIGHT="40" WIDTH="38" VPOS="3984" HPOS="1707"/>
<String CONTENT="3:" HEIGHT="41" WIDTH="54" VPOS="3984" HPOS="1746"/>
<SP HEIGHT="41" WIDTH="43" VPOS="3984" HPOS="1801"/>
<!-- cceid 97BC7EE8-6E3A-1014-83DD-942C093A1DD9 --><String CONTENT="A" HEIGHT="38" WIDTH="40" VPOS="3984" HPOS="1845"/>
<SP HEIGHT="40" WIDTH="38" VPOS="3983" HPOS="1886"/>
<String CONTENT="92142;" HEIGHT="43" WIDTH="171" VPOS="3982" HPOS="1925"/>
<SP HEIGHT="42" WIDTH="44" VPOS="3983" HPOS="2097"/>
<String CONTENT="G." HEIGHT="41" WIDTH="52" VPOS="3983" HPOS="2142"/>
<SP HEIGHT="40" WIDTH="41" VPOS="3983" HPOS="2195"/>
<String CONTENT="C." HEIGHT="40" WIDTH="48" VPOS="3983" HPOS="2237"/>
<SP HEIGHT="39" WIDTH="42" VPOS="3984" HPOS="2286"/>
<String CONTENT="L." HEIGHT="39" WIDTH="50" VPOS="3984" HPOS="2329"/>
</TextLine>
<TextLine HEIGHT="49" WIDTH="885" VPOS="4040" HPOS="442">
<String CONTENT="Whitney," HEIGHT="47" WIDTH="241" VPOS="4042" HPOS="442"/>
<SP HEIGHT="45" WIDTH="30" VPOS="4041" HPOS="684"/>
<String CONTENT="New" HEIGHT="39" WIDTH="117" VPOS="4041" HPOS="715"/>
<SP HEIGHT="39" WIDTH="27" VPOS="4041" HPOS="833"/>
<String CONTENT="York." HEIGHT="40" WIDTH="144" VPOS="4041" HPOS="861"/>
<SP HEIGHT="47" WIDTH="68" VPOS="4041" HPOS="1006"/>
<String CONTENT="(36-7270)" HEIGHT="49" WIDTH="252" VPOS="4040" HPOS="1075"/>
</TextLine>
</TextBlock>
</PrintSpace>
</Page>
</Layout>
</alto>