2519 4377
1073 4083 100 53 697

128 442 296 62 Maderno,
452 439 229 63 Alfred,
711 443 169 50 1886-

258 510 1862 73 … Königinnen; gekrönte frauen des deutschen mittelalters,
128 595 121 53 ihre
289 595 125 65 zeit,
453 593 124 53 ihre
616 591 178 68 leben,
834 591 124 53 ihre
995 593 206 51 letzten
1242 589 367 54 ruhestätten.
1693 588 233 67 [Berlin,
1967 588 153 67 Keil,

128 677 152 62 1935]

196 740 1442 56 215, [1] p. front., 38 pl. (incl. ports.) on 19 1. 21 ½ cm .
127 809 1908 54 © Oct. 30, 1935; 1c. Mar. 19, 1936; A-Foreign 30891; Keil verlag.
207 870 279 48 (36-11179)

125 975 246 64 Majors,
394 976 137 52 Mrs.
559 974 169 53 Edna
752 974 130 64 Coe,
908 990 179 49 comp.

198 1048 246 56 Sheaves
491 1067 80 34 we
615 1049 143 52 have
803 1048 209 67 bound,
1058 1047 280 68 compiled
1384 1047 77 69 by
1506 1047 169 53 Edna
1723 1045 113 55 Coe
1883 1044 236 70 Majors.

125 1125 1796 70 Abilene, Tex., Abilene printing & stationery co. [ c 1936]
197 1211 45 37 x,
296 1201 25 39 67
347 1210 42 38 p.
449 1199 57 40 20
509 1201 43 21 cm
557 1232 8 8 .

198 1256 197 42 “Poems
425 1257 125 39 from
581 1257 82 39 the
695 1256 126 40 ‘four
851 1255 208 41 corners’
1091 1255 52 41 of
1172 1255 131 40 sixth
1336 1254 206 49 district,
1574 1255 159 40 Texas
1762 1253 277 41 federation
2071 1252 53 42 of

125 1314 223 40 women’s
384 1312 512 42 clubs.”—Foreword.

128 1380 53 53 ©
211 1386 112 47 May
353 1385 69 48 26,
453 1384 139 48 1936;
626 1385 55 40 2c.
724 1386 95 38 and
850 1384 82 41 aff.
964 1384 125 40 June
1121 1384 52 48 1;
1207 1383 40 40 A
1278 1384 171 47 95443;
1486 1385 51 39 E.
1571 1384 50 41 O.
1652 1383 199 49 Majors,
1885 1383 237 41 Colorado

202 1441 122 48 City,
352 1442 112 41 Tex.
531 1442 281 47 (36-11264)

126 1543 338 65 Matthews,
490 1545 175 63 Mary
688 1543 341 63 Lockwood,
1059 1549 170 50 1882-

199 1620 302 70 Clothing;
536 1621 264 53 selection
835 1622 110 52 and
978 1640 143 46 care,
1154 1622 74 67 by
1260 1622 170 67 Mary
1462 1621 318 54 Lockwood
1815 1622 306 52 Matthews

190 1700 1456 68 … Boston, Little, Brown, and company, 1936.
199 1771 105 50 xiii,
334 1771 87 42 407
450 1782 43 37 p.
553 1771 143 50 illus.,
727 1772 86 42 col.
843 1784 61 37 pl.
965 1771 55 40 21½
1053 1774 44 22 cm
1101 1803 10 9 .

202 1829 223 41 Includes
457 1829 391 49 bibliographies.

128 1882 54 53 ©
217 1888 112 47 May
360 1886 68 50 21,
466 1885 116 41 1936;
642 1886 68 41 2c.
746 1888 96 38 and
879 1886 80 41 aff.
998 1888 112 47 May
1146 1887 82 47 23;
1266 1887 41 39 A
1341 1886 170 48 95335;
1552 1888 63 40 M.
1653 1887 50 42 L.
1742 1888 275 46 Matthews,
2054 1888 67 40 La

199 1944 217 47 Fayette,
444 1944 103 39 Ind.
616 1943 278 48 (36-11453)

127 2044 404 65 Minneapolis.
605 2044 203 55 Public
837 2044 241 64 library.
1153 2047 186 51 Music
1365 2046 153 64 dept.

202 2120 92 53 An
322 2121 169 54 index
519 2125 56 49 to
603 2121 127 53 folk
755 2120 204 54 dances
986 2121 111 53 and
1124 2121 232 68 singing
1382 2138 207 51 games,
1618 2120 278 68 compiled
1926 2121 71 67 by
2027 2121 93 52 the

131 2199 134 52 staff
309 2198 64 53 of
418 2198 94 53 the
557 2198 187 53 Music
789 2198 378 70 department,
1214 2197 383 70 Minneapolis
1646 2197 194 70 public
1886 2198 231 69 library.

132 2274 267 68 Chicago.
433 2276 305 54 American
770 2276 218 69 library
1024 2275 353 68 association,
1414 2279 149 51 1936.

199 2346 95 47 xiv,
316 2346 85 41 202
421 2358 43 38 p.
524 2347 55 41 23½
611 2349 44 22 cm
662 2380 9 9 .

201 2403 128 39 “The
360 2413 139 38 scope
529 2404 53 40 of
609 2405 83 40 the
722 2404 145 40 index
896 2405 88 39 has
1017 2406 117 39 been
1164 2404 228 48 enlarged
1422 2408 49 38 to
1505 2405 190 40 include
1726 2406 172 41 classic
1929 2408 189 46 dances,

132 2460 1969 104 tap and clog, and some of the earlier square and contra dances … Entries are made under title and nationality.”—Pref.
201 2571 134 42 “List
364 2572 52 40 of
442 2573 278 40 collections
748 2572 235 41 indexed”:
1044 2583 42 38 p.
1108 2571 225 44 199-202.

131 2627 53 53 ©
220 2633 113 46 May
369 2633 69 45 13,
476 2632 139 47 1936;
655 2631 67 41 2c.
760 2634 94 38 and
892 2632 83 42 aff.
1014 2633 114 47 May
1166 2633 80 47 18;
1287 2634 40 38 A
1364 2631 171 48 95270;
1576 2633 145 39 Amer.
1772 2632 187 49 library
1995 2644 127 30 assn.

210 2687 278 50 (36-11219)

128 2788 279 66 Mitchell,
433 2791 248 53 Horace.

200 2867 239 68 Raising
489 2887 161 48 game
703 2868 174 68 birds,
927 2869 74 68 by
1052 2870 224 52 Horace
1328 2869 288 68 Mitchell;
1672 2869 324 54 illustrated
2048 2870 74 67 by

130 2946 226 52 Roland
392 2947 68 52 V.
502 2946 217 54 Shutts.
793 2947 424 68 Philadelphia,
1253 2949 119 51 The
1409 2950 159 50 Penn
1606 2948 333 68 publishing
129 2966 1970 123 company
313 3057 12 33 [
331 3030 17 20 c
355 3027 149 63 1936]

199 3095 87 40 xiii
316 3107 57 36 p.,
401 3097 23 38 1
471 3128 22 15 l.,
522 3097 176 39 15-315
722 3108 43 37 p.
822 3098 86 40 col.
936 3097 163 47 front.,
1128 3098 142 48 illus.,
1299 3099 86 40 col.
1415 3099 169 47 plates.
1640 3098 55 40 23
1698 3101 45 20 cm
1748 3130 9 8 .

200 3153 286 39 Illustrated
516 3152 361 49 lining-papers.

132 3203 52 53 ©
217 3209 111 47 May
361 3210 38 45 1,
432 3208 140 47 1936;
607 3209 67 40 2c.
708 3211 93 38 and
836 3209 82 43 aff.
952 3211 114 47 May
1097 3209 53 48 9;
1185 3211 41 38 A
1256 3209 171 48 95075;
1463 3211 133 39 Penn
1629 3211 108 48 pub.
1772 3221 67 30 co.

211 3264 278 50 (36-11167)

130 3365 372 65 Mittendorf,
528 3367 247 55 Gustav.

262 3442 1857 69 … Unter zwergmenschen und riesenaffen. Berlin, Scherl
136 3523 171 64 [1935]

202 3592 98 47 238,
332 3594 54 48 [1]
416 3605 42 37 p.
513 3594 171 48 plates,
713 3594 116 41 fold.
857 3605 124 39 map.
1038 3595 52 40 21½
1125 3598 15 21 cm
1173 3630 8 9 .

133 3645 1989 56 © Nov. 28, 1935; 1c. Mar. 19, 1936; A-Foreign 30881; August Scherl,
202 3716 41 36 g.
272 3717 58 30 m.
359 3707 40 39 b.
429 3709 43 38 h.
538 3707 279 48 (36-11177)

131 3808 378 65 Montandon,
544 3810 244 64 George,
825 3812 168 54 1879-

263 3883 1861 71 … L’ethnie française … Avec 5 figures, 33 cartes dans le
131 3964 150 49 texte
307 3966 55 46 et
386 3965 66 48 48
478 3962 267 62 planches
771 3963 131 53 hors
930 3969 165 47 texte.
1159 3964 183 67 Paris,
1369 3965 204 67 Payot,
1604 3968 147 49 1935.
