2519 4377
995 4074 133 52 1617

67 417 239 64 Bayley,
334 416 223 64 Victor,
589 422 170 50 1880-

65 490 1970 148 Liquid fury, by Victor Bayley … London, Jarrolds, limited [1936]
135 657 84 41 288
255 668 42 37 p.
357 657 56 41 19½
444 659 44 21 cm
492 688 10 9 .

65 722 1996 53 © 1c. Nov. 5, 1936; A ad int. 21954; pubd. Sept. 10; V. Bayley, Budleigh
137 784 260 46 Salterton,
427 784 180 46 Devon,
640 782 232 48 England.
942 780 281 49 (36-30333)

65 888 249 62 Benson,
342 886 251 53 Edward
621 884 292 65 Frederic,
943 889 170 52 1867-

133 960 1861 71 The Kaiser and English relations, by E. F. Benson …
67 1041 254 67 London,
353 1039 137 55 New
528 1040 164 53 York
750 1044 119 63 [etc.]
910 1041 343 67 Longmans,
1290 1037 185 56 Green
1512 1039 112 53 and
1661 1057 76 36 co.
1800 1041 152 66 [1936]

133 1124 1076 51 5 p. l., 331, [1] p. front., ports. 22½ cm .
137 1195 161 40 “First
329 1195 253 48 published
615 1195 158 41 1936.”

65 1264 52 53 ©
199 1297 8 9 1c.
238 1268 102 41 Oct.
366 1267 69 51 29,
466 1267 140 47 1936;
640 1270 40 38 A
710 1268 61 39 ad
799 1268 87 40 int.
916 1267 170 48 21919;
1119 1267 143 49 pubd.
1293 1268 103 41 Oct.
1426 1267 82 48 19;
1542 1270 52 39 E.
1626 1269 50 39 F.
1707 1269 204 44 Benson,
1945 1269 115 47 Rye,

137 1325 233 47 England.
433 1324 280 48 (36-30352)

62 1427 412 66 Beumelburg,
503 1429 262 64 Werner,
799 1433 171 50 1899-

193 1504 1868 69 … Flandern. Vollständig neubearb. aufl. Oldenburg i. O.,
63 1581 67 57 G.
163 1582 252 70 Stalling
451 1587 170 65 [1933]

131 1657 85 41 280
245 1668 41 38 p.
348 1657 55 40 20½
435 1660 43 21 cm
484 1690 7 8 .
562 1656 115 48 (His
710 1657 188 41 Bücher
933 1659 84 39 der
1050 1655 287 50 Zeitwende)

131 1727 167 40 “1.-10.
334 1726 248 43 tausend.”

64 1794 1996 53 © Nov. 27. 1933; 1c. Aug. 18, 1936; A-Foreign 32801; Gerhard Stalling,
134 1865 103 34 a.-g.
305 1854 281 49 (36-30678)

64 1958 180 65 Bond,
270 1959 144 53 Paul
439 1959 262 64 Stanley,
730 1960 170 54 1879-

132 2034 120 52 The
271 2034 194 67 junior
485 2035 68 52 R.
579 2034 66 55 O.
671 2036 65 51 T.
761 2034 62 55 C.
846 2035 229 52 manual
1102 2034 94 53 for
1216 2033 326 69 essentially
1563 2033 258 69 military
1844 2034 219 53 schools

75 2110 162 69 (MS);
319 2111 267 70 covering
619 2112 96 56 the
752 2131 271 50 program
1058 2112 95 53 for
1187 2113 95 53 the
1316 2111 127 54 first
1477 2113 113 52 and
1626 2112 203 53 second
1865 2131 192 49 years;

68 2188 150 69 fully
248 2190 343 68 illustrated,
623 2190 140 52 with
793 2189 285 71 questions
1112 2190 93 53 for
1235 2190 249 54 self-test
1514 2190 111 53 and
1657 2189 406 68 examination,

65 2267 1973 147 by Colonel P. S. Bond … Harrisburg, Pa., The Military service publishing co. [1936]
133 2419 959 49 2 p. l., 184 p. illus., diagrs. 23½ cm .
136 2489 212 41 “Second
377 2489 226 41 edition.”

64 2554 52 53 ©
141 2560 111 46 Apr.
279 2560 68 47 17,
375 2558 140 49 1936;
544 2558 67 42 2c.
638 2560 96 39 and
763 2559 80 41 aff.
871 2561 115 38 Nov.
1015 2559 52 48 2;
1098 2562 39 38 A
1165 2559 199 48 100214;
1395 2560 222 47 Military
1644 2559 185 42 service
1856 2560 108 48 pub.
1992 2571 68 29 co.

137 2615 278 49 [Copyright
447 2615 43 39 is
523 2616 206 40 claimed
763 2627 60 29 on
855 2616 308 48 corrections,
1197 2617 238 40 revisions
1470 2617 93 39 and
1600 2617 260 49 additions]

143 2671 280 48 (36-30017)

133 2774 119 52 The
273 2773 194 68 junior
491 2776 68 51 R.
585 2774 67 56 O.
674 2777 65 52 T.
764 2776 62 55 C.
849 2775 229 53 manual
1103 2776 93 54 for
1218 2776 323 68 essentially
1564 2776 258 68 military
1845 2777 218 52 schools

71 2849 162 69 (MS);
310 2852 266 70 covering
609 2853 96 55 the
740 2871 271 51 program
1047 2853 94 54 for
1175 2854 96 53 the
1305 2853 158 54 third
1499 2854 111 54 and
1648 2853 200 55 fourth
1882 2873 180 50 years.

70 2929 291 61 (Includes
406 2931 77 53 all
527 2931 279 53 technical
850 2932 242 69 changes
1134 2939 58 47 to
1236 2932 160 68 July,
1440 2932 161 69 1936)
1693 2934 87 66 By
1828 2932 233 55 Colonel

66 3006 1971 147 P. S. Bond … Harrisburg, Pa., The Military service publishing co. [1936]
135 3158 1246 51 3 p. l., 365 p. incl. illus., diagrs., forms. 24 cm .
139 3213 70 41 On
254 3224 166 30 cover:
467 3216 257 40 Advanced
771 3218 54 39 R.
869 3217 51 40 O.
963 3218 52 40 T.
1061 3218 50 41 C.
1154 3219 199 39 manual
1394 3217 79 40 for
1515 3218 284 48 essentially
1842 3218 219 48 military

65 3270 200 39 schools.

137 3324 162 42 “First
331 3326 225 41 edition.”

64 3390 53 53 ©
145 3396 101 40 Oct.
274 3396 66 46 16,
368 3395 140 48 1936;
537 3396 67 41 2c.
632 3398 93 38 and
756 3398 80 40 aff.
864 3399 118 40 Nov.
1010 3397 52 48 2;
1092 3400 39 39 A
1160 3398 199 47 100215;
1391 3398 221 48 Military
1642 3399 185 41 service
1853 3400 109 47 pub.
1993 3409 67 30 co.

146 3452 278 47 (36-30018)

65 3556 172 62 Byer,
262 3557 275 56 Herbert.

196 3647 1863 69 … To the victor; a novel. Garden City, N. Y., Doubleday,
65 3722 193 52 Doran
294 3724 44 49 &
373 3742 296 50 company,
705 3725 124 67 inc.,
869 3729 147 49 1936.

136 3806 543 51 5 p. l., 277 p. 20 cm .
137 3877 160 40 “First
334 3879 225 41 edition.”

66 3945 54 53 ©
145 3952 127 45 Sept.
297 3950 56 38 25,
395 3953 50 34 1936;
556 3952 67 41 2c.
648 3954 95 39 and
770 3955 79 39 aff.
946 3958 30 36 Oct.
1003 3956 55 38 17;
1113 3957 38 38 A
1178 3955 198 47 100354;
1405 3956 296 49 Doubleday,
1727 3958 165 38 Doran
1920 3957 34 39 &
1980 3967 53 28 co.,

138 4006 89 36 inc.
313 4008 84 34 (36-33061)
