2519 4377
1297 4149 137 52 2080

449 519 88 40 272
560 530 45 38 p.
665 519 56 40 19
724 522 45 21 cm
774 553 8 8 .

375 573 54 55 ©
459 578 102 40 Oct.
593 576 41 49 2,
665 576 117 41 1936
799 588 8 37 ;
841 576 68 41 2c.
938 578 119 39 Nov.
1088 576 57 41 23
1163 588 8 36 ;
1207 576 80 41 aff.
1320 578 119 39 Nov.
1470 576 57 40 25
1545 588 8 36 ;
1588 579 41 38 A
1660 577 174 41 100672
1852 589 9 36 ;
1897 577 377 51 Hillman-Curl,
2305 580 94 41 inc.

372 696 273 65 Thérive,
677 697 223 63 André,
933 702 174 51 1891-

543 774 1513 71 … Fils du jour, roman. Paris, B. Grasset [1936]
445 848 758 51 2 p. l., [7]-294 p., 1 l. 19 cm .
448 906 117 42 “Cet
609 916 214 38 ouvrage
864 917 31 30 a
939 917 122 37 paru
1107 906 391 48 précédemment
1541 908 123 39 dans
1704 908 48 40 la
1798 908 255 40 collection
2100 908 143 41 ‘Pour
2288 920 109 30 mon

373 964 234 51 plaisir’.”

366 1028 54 54 ©
441 1032 117 47 July
581 1031 68 48 15,
676 1030 116 42 1936
809 1042 10 37 ;
873 1041 38 31 1c.
934 1033 113 39 Dec.
1070 1032 27 39 7
1114 1042 9 37 ;
1148 1033 104 38 A-
1254 1031 210 49 Foreign
1486 1030 147 42 33804
1650 1042 9 37 ;
1686 1021 225 53 Éditions
1934 1033 225 39 Bernard
2183 1032 218 43 Grasset.

459 1088 255 49 (37-1752)

372 1191 2024 71 Time and its mysteries, ser. I. … Lectures given on the James
442 1272 1955 68 Arthur foundation, New York university … New York,
444 1351 141 53 New
627 1350 166 54 York
834 1350 322 67 university
1197 1369 185 49 press;
1431 1352 259 65 London,
1731 1352 77 52 H.
1851 1351 271 67 Milford,
2164 1351 231 55 Oxford

442 1430 323 66 university
789 1447 177 49 press,
995 1433 151 51 1936.

445 1503 23 38 4
499 1513 42 37 p.
604 1536 8 15 l.,
640 1501 203 50 vii-viii,
871 1501 85 41 102
983 1513 44 37 p.
1084 1502 175 48 plates.
1316 1501 57 39 22
1376 1504 44 21 cm
1425 1534 8 8 .

373 1556 56 53 ©
457 1560 119 41 Nov.
608 1559 71 49 36,
709 1558 142 48 1936;
884 1558 68 41 2c.
984 1560 118 39 Nov.
1134 1559 83 48 21;
1253 1559 82 42 aff.
1366 1560 113 39 Dec.
1513 1558 82 49 18;
1630 1560 40 39 A
1702 1558 202 49 101438;
1938 1560 120 39 New
2086 1560 132 38 York
2251 1559 145 47 univ.,

444 1619 119 38 New
590 1618 146 42 York.
804 1616 284 50 (37-27042)

370 1724 282 54 Trenton.
733 1722 355 56 Ordinances
1094 1765 12 24 ,
1138 1729 101 49 etc.

443 1802 360 68 Regulatory
850 1799 338 56 ordinances
1238 1801 63 53 of
1350 1803 96 52 the
1494 1801 117 68 city
1660 1802 63 53 of
1772 1804 275 65 Trenton,
2093 1802 304 69 including

372 1880 336 55 ordinances
735 1881 205 68 passed
962 1880 77 68 by
1063 1881 100 55 the
1187 1898 202 50 mayor
1418 1880 113 53 and
1557 1881 220 53 council
1809 1882 113 52 and
1947 1881 182 53 board
2158 1881 64 54 of
369 1900 2002 113 commissioners

727 1964 59 48 to
814 1959 142 67 May
987 1963 82 64 14,
1102 1962 151 50 1935.
1332 1958 303 69 Compiled
1664 1960 184 52 under
1877 1959 298 69 authority
2204 1959 65 54 of
2297 1960 98 53 the

371 2038 322 69 governing
747 2038 154 67 body
956 2037 64 54 of
1075 2039 97 52 the
1229 2035 117 70 city
1403 2038 64 53 of
1522 2039 275 66 Trenton,
1850 2038 76 67 by
1983 2037 265 70 Godfrey
2301 2040 91 55 W.

373 2118 265 56 Schroth.
716 2118 274 66 Trenton,
1019 2117 69 54 N.
1117 2119 76 65 J.,
1225 2120 150 51 1935.

469 2191 74 41 1 v.
371 2245 54 54 ©
460 2250 113 39 Dec.
609 2247 40 51 2,
686 2246 143 49 1935;
868 2246 69 44 2c.
973 2247 95 40 and
1105 2247 81 41 aff.
1222 2247 120 49 Aug.
1379 2246 71 49 21,
1487 2246 144 49 1936;
1665 2247 40 40 A
1739 2245 173 50 98039;
1952 2247 131 41 John
2119 2248 51 41 L.
2206 2249 188 48 Haney,

442 2306 100 49 city
569 2307 135 40 clerk
729 2306 80 40 for
835 2306 84 40 the
945 2306 181 40 benefit
1151 2306 51 40 of
1230 2306 84 40 the
1339 2305 99 47 city
1466 2306 52 40 of
1543 2306 230 48 Trenton,
1801 2306 120 39 New
1947 2306 189 48 Jersey,
2164 2306 230 49 Trenton,

441 2364 56 41 N.
526 2366 44 40 J.

367 2468 260 66 Tritsch,
653 2468 291 66 Walther,
974 2474 173 50 1892-

440 2544 325 71 Olympias,
792 2545 95 54 die
910 2549 215 50 mutter
1151 2545 362 54 Alexanders
1543 2545 97 54 des
1669 2543 278 70 Grossen;
1982 2545 101 54 das
2112 2541 279 57 Schicksal

367 2622 152 55 eines
569 2623 370 69 weitreiches,
990 2642 113 35 von
1151 2624 267 54 Wälther
1469 2623 248 54 Tritsch.
1806 2621 333 55 Frankfurt
2190 2641 49 35 a.
2291 2622 101 68 M.,

369 2701 511 71 Societäts-verlag
916 2735 13 35 [
932 2708 20 22 c
958 2705 154 66 1936]

439 2773 1378 52 327 p., 8 l . incl. maps, geneal. tab. plates. 22½ cm .
442 2832 284 41 “Literatur
752 2834 99 39 und
878 2833 221 48 quellen”
1119 2843 8 30 :
1155 2832 26 41 3
1206 2833 164 41 leaves
1397 2834 52 39 at
1476 2833 107 40 end.

370 2887 2024 55 © June 25, 1936 ; 1c. Dec. 3 ; A-Foreign 33507 ; Frankfurter societäts-
446 2949 271 48 druckerei,
742 2960 41 38 g.
810 2960 60 30 m.
896 2950 42 40 b.
964 2949 45 40 h.
1074 2948 254 49 (37-1723)

365 3055 207 64 Tyrer,
601 3054 213 54 Alfred
843 3057 228 63 Henry.

441 3129 130 70 Sex,
596 3131 292 70 marriage
916 3132 115 53 and
1059 3131 410 54 birth-control
1486 3150 12 49 ;
1530 3150 32 34 a
1593 3130 350 71 guide-book
1972 3136 59 49 to
2062 3149 32 35 a
366 3130 1998 148 satisfactory

520 3228 97 35 sex
639 3208 108 55 life
770 3209 60 52 in
854 3210 306 70 marriage,
1181 3210 77 69 by
1281 3208 215 55 Alfred
1520 3210 207 69 Henry
1752 3209 186 70 Tyrer
2054 3228 32 35 …a
2111 3208 278 71 practical

367 3287 309 54 handbook
701 3287 95 53 for
821 3288 95 53 the
942 3287 284 70 guidance
1253 3287 64 55 of
1338 3287 279 55 members
1643 3287 66 55 of
1735 3288 96 54 the
1857 3286 263 70 medical,
2144 3287 246 70 nursing

367 3366 115 53 and
509 3366 152 69 legal
689 3365 372 69 professions,
1089 3367 97 52 the
1214 3366 195 70 clergy
1435 3366 114 53 and
1578 3366 175 54 social
1781 3365 267 55 workers.
2115 3366 273 68 Toronto,

367 3443 122 53 The
513 3444 340 53 Macmillan
880 3462 284 51 company
1192 3443 64 55 of
1283 3443 237 56 Canada
1547 3442 242 71 limited,
1820 3446 153 52 1936.

439 3517 96 53 xvi,
565 3516 85 43 128
680 3527 43 39 p.
785 3516 128 42 illus.
974 3517 58 42 20
1035 3520 45 21 cm
1084 3551 9 9 .

369 3572 54 53 ©
488 3587 36 30 1c.
563 3578 114 40 Dec.
716 3576 39 48 3,
793 3576 142 47 1936;
976 3578 41 38 A
1054 3577 62 39 ad
1154 3577 86 40 int.
1277 3576 173 48 22156;
1489 3577 145 48 pubd.
1675 3576 103 42 Oct.
1814 3576 52 43 5:
1909 3577 285 40 Macmillan
2231 3587 68 31 co.
2340 3577 53 39 of

441 3633 217 49 Canada,
685 3634 86 40 ltd.
841 3632 253 48 (37-1627)

368 3737 331 66 Underhill,
736 3739 248 63 Evelyn,
1027 3740 171 54 1875-

435 3814 295 69 Worship,
772 3815 76 68 by
891 3816 225 68 Evelyn
1158 3815 313 55 Underhill
1653 3818 261 53 …London.
1956 3816 203 55 Nisbet
2200 3821 46 50 &
2286 3836 97 47 co.,

364 3893 103 55 ltd.
529 3898 153 65 [1936]

440 3966 99 49 xxi,
572 3967 89 41 350
689 3977 43 38 p.
793 3966 56 41 22½
883 3970 43 21 cm
932 4001 9 7 .
1013 3967 302 49 (Half-title:
1342 3969 101 40 The
1473 3969 188 47 library
1688 3969 54 41 of
1770 3967 330 42 constructive
2129 3969 250 47 theology)

369 4021 54 53 ©
476 4035 37 31 1c.
539 4026 112 40 Dec.
678 4026 69 43 11,
772 4025 141 43 1936:
940 4027 39 38 A
1006 4026 59 40 ad
1092 4026 86 40 int.
1205 4025 172 49 22180;
1403 4026 143 48 pubd.
1576 4027 103 41 Oct.
1705 4026 83 45 20;
1818 4028 198 46 Harper
2049 4027 27 41 &
2102 4027 140 40 bros..
2270 4028 117 37 New

440 4082 144 39 York.
652 4081 253 49 (37-2810)
