2519 4377
1007 4108 131 52 1137

76 490 239 64 Adams,
343 489 319 54 Nicholson
693 488 253 64 Barney,
979 492 169 51 1895-

144 566 167 52 Brief
351 565 223 53 French
614 562 206 55 review
859 581 289 51 grammar
1189 562 111 53 and
1342 560 390 70 composition,
1771 560 77 69 by
1885 560 71 53 N.
2000 562 66 50 B.

73 642 217 55 Adams
319 643 112 54 and
459 642 56 54 J.
546 641 62 56 C.
638 642 192 69 Lyons
864 684 56 10 ...
988 640 140 53 New
1158 639 179 69 York,
1365 640 77 53 H.
1472 639 147 53 Holt
1645 638 112 53 and
1787 656 280 51 company

77 724 192 65 [c1936]

141 793 100 48 viii,
274 793 97 47 179,
399 794 136 39 lxxvi
566 804 42 38 p.
667 801 125 42 map.
851 790 56 42 19½
939 793 44 22 cm
987 822 9 10 .

141 849 140 50 Maps
311 862 58 29 on
400 850 362 49 lining-papers.

74 903 52 54 ©
158 909 119 47 Aug.
310 909 39 46 7,
379 907 114 41 1936;
554 907 66 42 2c.
653 907 96 39 and
782 906 80 42 aff.
895 906 120 47 Aug.
1049 906 81 45 18;
1164 905 41 40 A
1235 904 171 47 97413;
1440 905 168 46 Henry
1640 904 119 40 Holt
1792 904 35 39 &
1859 912 82 39 co.,
1978 903 90 40 inc.

156 964 278 50 (36-18483)

71 1055 352 64 Alexander,
449 1054 280 65 Raphael.

141 1131 284 70 Lawyers’
453 1130 247 71 practice
728 1129 135 55 time
891 1129 169 68 table,
1088 1129 133 54 civil
1252 1128 111 54 and
1394 1127 277 54 criminal.
1738 1126 71 54 3d
1839 1127 85 53 ed.
1953 1145 113 35 rev.

71 1214 58 49 to
165 1210 142 68 July
344 1213 83 65 31,
465 1212 151 65 1936,
651 1208 75 69 by
761 1208 262 69 Raphael
1058 1207 328 53 Alexander
1428 1248 57 11 ...
1559 1206 140 53 New
1738 1205 179 68 York,

72 1205 1972 136 National
280 1292 192 64 surety
501 1286 380 70 corporation,
911 1289 152 50 1936.

142 1361 58 41 56
225 1373 43 37 p.
327 1359 55 41 19½cm.

76 1414 52 54 ©
163 1419 120 47 Aug.
318 1418 67 47 10,
423 1418 140 46 1936;
601 1418 69 40 2c.
708 1417 95 39 and
841 1417 81 40 aff.
960 1417 119 47 Aug.
1118 1417 82 46 12;
1240 1417 41 39 A
1316 1416 171 46 96870;
1529 1416 53 39 R.
1624 1414 289 49 Alexander,
1952 1416 119 39 New

144 1475 143 40 York.
359 1475 277 48 (36-18391)

72 1565 352 64 Alexander,
455 1565 273 56 William.

146 1641 233 56 Correct
422 1658 275 51 exposure
741 1641 140 52 with
921 1640 97 53 the
1059 1636 308 57 miniature
1410 1657 239 50 camera,
1692 1638 73 69 by
1810 1638 260 55 William

75 1720 328 52 Alexander
452 1761 55 11 ...
596 1717 242 70 Canton,
886 1718 88 68 O.,
1020 1717 120 54 The
1186 1718 178 53 Fomo
1410 1715 335 71 publishing
1791 1735 279 52 company

80 1800 191 65 [c1936]

145 1871 57 40 96
235 1882 43 38 p.
340 1870 128 42 illus.
532 1870 57 41 18
591 1873 43 21 cm
639 1902 10 10 .

147 1928 314 47 Advertising
487 1930 179 38 matter;
722 1938 44 37 p.
794 1927 157 41 94-96.

75 1980 52 52 ©
153 1985 119 47 Aug.
301 1985 38 47 1,
367 1984 113 41 1936;
538 1985 68 40 2c.
635 1984 95 39 and
759 1983 81 41 aff.
868 1984 119 47 Aug.
1017 1984 55 39 12;
1128 1984 43 39 A
1197 1982 142 42 96892;
1400 1984 49 41 С.
1479 1984 48 41 C.
1557 1985 116 49 Dry,
1701 1984 204 46 Canton,
1935 1984 52 42 O.

156 2041 279 49 (36-18509)

75 2130 213 65 Ailing,
316 2131 220 53 Harold
562 2130 348 64 Lattimore,
939 2136 170 50 1888-

145 2205 445 70 Interpretative
633 2205 301 71 petrology
977 2205 64 55 of
1084 2206 94 55 the
1222 2206 234 69 igneous
1498 2205 182 69 rocks,
1721 2205 76 70 by
1839 2205 229 55 Harold

77 2284 310 55 Lattimore
409 2285 204 68 Ailing
638 2328 57 10 ...
757 2288 85 50 1st
865 2285 84 54 ed.
1009 2285 139 52 New
1173 2285 162 52 York
1358 2284 112 53 and
1492 2284 257 68 London,
75 2284 1992 130 McGraw-Hill
229 2363 148 52 book
406 2380 296 50 company,
733 2363 125 67 inc.,
892 2364 148 51 1936.

212 2463 9 17 xv,
253 2431 84 42 353
368 2443 42 38 p.
470 2434 142 46 illus.,
645 2434 178 47 diagrs.
881 2434 55 40 23½cm.

146 2488 412 49 Bibliographical
592 2490 276 40 foot-notes.

75 2544 53 53 ©
154 2549 114 47 July
297 2549 67 47 16,
394 2548 113 41 1936;
566 2549 66 40 2c.
664 2549 115 47 July
807 2550 54 39 21;
921 2549 82 41 aff.
1034 2549 115 46 July
1178 2549 55 40 18;
1292 2550 41 38 A
1363 2548 143 41 97102;
1568 2549 351 40 McGraw-Hill
1948 2549 124 42 book

146 2615 82 38 co.,
258 2605 91 40 inc.
420 2605 279 49 (36-18320)

74 2695 314 55 American
430 2695 356 55 association
829 2697 63 52 of
933 2698 159 51 state
1135 2695 281 65 highway
1457 2696 256 55 officials.

146 2773 289 55 Standard
466 2772 411 68 specifications
909 2774 93 51 for
1031 2774 271 66 highway
1333 2773 228 67 bridges
1594 2775 246 67 adopted
1871 2775 74 66 by
1975 2775 95 52 the

74 2851 303 54 American
403 2851 335 54 association
763 2851 62 53 of
851 2857 142 48 state
1016 2851 271 68 highway
1312 2851 243 56 officials.
1630 2852 71 53 2d
1725 2853 82 53 ed.

75 2853 1971 142 Washington,
315 2931 70 51 D.
415 2930 80 65 C.,
520 2930 120 52 The
665 2929 376 66 Association,
1068 2933 149 50 1935.

147 3001 910 50 1 p. l., ii, 234, [30] p. diagrs. 23½cm.
79 3053 53 53 ©
167 3058 111 41 Oct.
304 3058 67 46 10,
410 3058 113 40 1935;
588 3059 66 39 2c.
693 3058 93 39 and
823 3058 81 39 aff.
942 3059 109 39 Jan.
1089 3059 69 46 13,
1194 3057 116 41 1936;
1374 3058 40 40 A
1448 3057 144 41 91174;
1660 3059 157 38 Amer.
1854 3069 114 29 assn.
2021 3060 52 39 of

147 3117 127 37 state
304 3114 226 48 highway
561 3114 213 41 officials.
845 3113 278 48 (36-27512)

147 3202 290 54 Standard
470 3202 412 68 specifications
916 3204 93 51 for
1042 3201 269 69 highway
1345 3204 289 52 materials
1669 3205 111 52 and
1812 3204 260 52 methods

77 3280 62 52 of
170 3281 288 66 sampling
491 3281 111 52 and
635 3281 214 66 testing
880 3281 246 66 adopted
1161 3282 74 66 by
1268 3281 94 53 the
1395 3280 307 54 American
1734 3279 336 55 association

77 3357 62 51 of
163 3362 143 48 state
328 3356 271 68 highway
623 3358 242 52 officials.
924 3357 400 68 Washington,
1348 3360 70 52 D.
1445 3359 81 65 C.,
1550 3359 120 53 The
1693 3359 378 66 Association,

79 3437 148 50 1935.

148 3505 1572 51 1 p. l., iv, 315, [3] p. illus., plans (2 fold.) diagrs. 23½ cm .
81 3559 52 53 ©
159 3565 126 46 Sept.
310 3565 39 46 7,
375 3563 112 41 1935;
539 3563 66 40 2c.
632 3564 96 39 and
751 3564 82 40 aff.
861 3565 109 39 Jan.
997 3564 67 48 13,
1091 3563 140 48 1936;
1259 3565 41 38 A
1324 3564 143 41 91173;
1522 3565 158 40 Amer.
1709 3574 127 31 assn,
1865 3565 53 40 of
1942 3566 129 40 state

149 3619 227 47 highway
414 3619 212 40 officials.
691 3619 280 49 [Copyright
1007 3619 42 40 is
1088 3620 204 40 claimed
1332 3631 61 29 on
1429 3619 226 51 revision]
161 3676 278 47 (36-27513)

79 3758 313 54 American
419 3759 211 63 digest.

152 3834 360 54 Cumulative
557 3832 525 70 descriptive-word
1123 3834 174 53 index
1339 3834 112 52 and
1492 3834 153 54 table
1686 3834 63 53 of
1792 3853 149 36 cases
80 3835 1968 143 affirmed,

352 3913 257 52 reversed
666 3932 62 33 or
782 3912 285 68 modified,
1123 3913 265 67 covering
1444 3913 223 54 volume
1726 3918 46 63 1,
1826 3914 244 55 General

80 3989 198 57 digest.
380 3991 82 54 [St.
491 3991 122 50 Paul]
688 3990 157 53 West
873 3990 333 56 publishing
1233 4008 96 38 co.,
1356 3997 16 20 c
1379 3994 149 51 1936.
