2519 4377
1279 4138 131 49 1512

327 447 260 65 Hamlin,
613 448 158 54 John
799 449 93 64 H.,
921 453 172 50 1889-

396 525 168 55 Tales
589 524 64 54 of
678 543 73 36 an
777 525 96 55 old
895 524 222 55 lumber
1143 543 194 51 camp;
1366 544 31 34 a
1420 530 161 65 story
1604 525 64 55 of
1692 526 159 69 early
1876 526 141 69 days
2040 527 62 52 in
2127 543 31 33 a
2183 530 162 66 great

325 602 1995 150 industry, by John Hamlin … illustrated with numerous photographs
575 682 114 54 and
721 681 145 56 with
891 683 117 53 line
1038 682 292 70 drawings
1360 683 78 69 by
1467 683 63 56 C.
1561 684 70 53 E.
1662 685 69 52 B.
1762 684 282 52 Bernard.
2112 685 234 68 Boston,

326 761 142 53 New
502 760 166 54 York
706 765 139 64 [etc.]
886 762 71 52 D.
993 761 64 56 C.
1094 761 195 53 Heath
1326 762 113 53 and
1475 780 282 51 company
1796 795 13 35 [
1814 768 18 22 c
1837 766 154 65 1936]

396 835 69 49 iii,
496 834 84 41 183
607 846 44 38 p.
710 834 129 43 illus.
897 834 56 42 19½c
1002 838 29 22 m
1034 868 9 10 .

330 889 53 53 ©
412 894 127 47 Sept.
569 894 38 47 1,
635 891 143 49 1936;
808 892 68 42 2c.
907 893 128 48 Sept.
1063 892 53 49 8;
1148 893 82 39 aff.
1263 894 127 47 Sept.
1418 893 53 48 9;
1503 895 40 38 A
1567 893 173 48 97722;
1771 896 56 40 D.
1860 894 48 41 C.
1939 895 166 39 Heatli
2134 895 38 40 &
2197 904 68 33 co.

410 948 285 51 (36-22983)

325 1057 318 64 Hartman,
671 1056 316 55 Gertrude.

397 1131 1889 72 The making of the Constitution, by Gertrude Hartman …
325 1211 141 54 New
497 1211 183 68 York,
711 1208 191 59 Social
930 1211 215 54 science
1174 1211 385 69 publications
1595 1247 13 35 [
1614 1219 17 21 c
1636 1215 154 66 1936]

397 1284 1082 52 104 p. incl. front. (facsim.) illus. 23 cm .
743 1342 103 43 CONTENTS.—The
884 1344 218 49 struggle
1141 1343 81 41 for
1259 1344 180 49 liberty
1479 1346 51 38 in
1569 1345 404 50 England.—The
2013 1347 217 48 struggle
2268 1347 80 41 for

327 1399 177 50 liberty
535 1401 52 40 in
620 1399 612 44 America.—Conclusion.

331 1453 53 54 ©
413 1458 104 42 Oct.
546 1458 39 49 5,
617 1457 144 49 1936;
791 1457 68 42 2c.
886 1458 97 40 and
1014 1459 81 40 aff.
1126 1459 103 41 Oct.
1260 1459 52 42 6:
1345 1460 40 39 A
1414 1458 173 49 99185;
1621 1460 52 40 G.
1705 1461 260 50 Hartman,
1998 1462 118 38 New
2145 1461 145 39 York.

412 1515 285 50 (36-22973)

328 1621 218 66 Hatch,
575 1621 157 66 Eric,
763 1627 172 50 1901-

399 1698 125 53 The
559 1697 201 55 Hatch
797 1716 155 52 way;
997 1721 31 34 a
1068 1699 411 68 rapid-transit
1520 1699 279 68 omnibus,
1837 1700 76 68 by
1956 1701 138 53 Eric
2135 1702 211 53 Hatch.

328 1779 237 66 Boston,
594 1776 199 70 Little,
824 1779 232 68 Brown,
1086 1780 115 52 and
1230 1796 301 51 company,
1562 1784 151 50 1936.

399 1851 31 41 4
457 1861 45 40 p.
563 1881 10 19 l.,
606 1850 180 52 [3]-494
811 1862 44 39 p.
914 1851 57 41 21
974 1854 46 23 cm
1023 1884 10 9 .

746 1908 120 42 CONTENTS.—Five
898 1908 636 49 days.—Spendthrift.—A
1564 1910 170 48 couple
1766 1909 51 40 of
1847 1909 146 49 quick
2024 1920 128 31 ones.

332 1963 54 53 ©
417 1967 128 48 Sept.
577 1966 71 49 25,
680 1965 141 49 1936;
854 1966 69 43 2c.
956 1967 95 40 and
1083 1967 83 42 aff.
1201 1967 128 48 Sept.
1361 1967 83 47 26;
1479 1968 39 39 A
1546 1966 173 49 98654;
1754 1969 53 40 E.
1843 1968 178 48 Hatch,
2055 1969 117 39 New
2204 1968 144 39 York.

413 2023 286 51 (36-21008)

330 2130 221 65 Hearn,
581 2130 306 65 Lafcadio,
920 2135 328 50 1850-1904.

401 2209 288 67 Japanese
721 2207 160 70 fairy
912 2210 161 66 tales,
1103 2209 76 68 by
1210 2208 284 54 Lafcadio
1525 2210 217 52 Hearn.
1811 2208 164 55 With
2011 2227 31 35 a
2075 2208 275 69 prologue

331 2288 75 67 by
441 2288 257 52 Edward
732 2290 292 66 Larocque
1059 2287 216 54 Tinker
1311 2288 113 53 and
1459 2288 357 54 decorations
1853 2289 74 66 by
1959 2287 236 55 Valenti
331 2288 1994 145 Angelo.
550 2367 211 53 Mount
790 2367 233 54 Vernon
1076 2368 69 52 [N.
1178 2368 71 52 Y.]

1304 2367 121 52 The
1456 2369 171 51 Peter
1657 2369 231 65 Pauper
1918 2384 177 50 press,
2129 2369 148 51 1936.

405 2438 948 49 64 p., 1 l. illus. (part col.) 24 cm .
408 2495 114 41 “950
555 2496 162 49 copies
752 2496 52 40 of
837 2496 100 41 this
972 2496 186 41 edition
1191 2496 128 39 have
1354 2496 118 40 been
1507 2498 74 38 set
1616 2497 59 47 by
1710 2496 133 39 hand
1877 2496 52 38 in
1964 2495 238 40 Fournier
2241 2497 111 47 type

333 2553 99 42 and
460 2553 199 49 printed
690 2564 61 30 on
782 2553 187 40 Andria
1000 2553 195 49 paper.”
1256 2552 120 41 This
1408 2563 119 38 copy
1559 2554 84 39 not
1674 2552 280 40 numbered.

764 2609 1589 50 CONTENTS. — Hearn and the hobgoblins, a prologue. — The goblin
335 2667 516 50 spider.—Chin-Chin
894 2667 470 40 Kobokama.—The
1406 2667 78 40 old
1528 2676 191 30 woman
1764 2667 108 39 who
1917 2667 95 38 lost

2055 2665 88 41 her
335 2666 2000 107 dumpling.—The
658 2725 92 47 boy
792 2725 109 40 who
945 2725 133 39 drew
1116 2723 630 41 cats.—Urashima.—The
1791 2723 301 39 woodcutter
2136 2723 95 40 and
2275 2723 78 39 his

335 2783 129 41 wife.

336 2836 53 54 ©
413 2841 127 40 June
566 2840 41 48 4,
634 2839 143 48 1936;
806 2839 68 41 2c.
901 2840 109 43 Aug
1050 2837 83 48 22;
1164 2838 82 40 aff.
1275 2838 121 46 Aug.
1424 2837 82 46 12;
1538 2838 40 39 A
1605 2835 173 48 98086;
1810 2837 144 39 Peter
1981 2837 192 47 Pauper
2199 2845 152 39 press.

410 2896 286 53 [Copyright
724 2896 43 41 is
797 2895 208 42 claimed
1036 2906 61 30 on
1128 2896 168 40 Hearn
1330 2895 95 40 and
1456 2895 84 40 the
1568 2893 301 50 hobgoblins,
1903 2905 25 28 a
1962 2893 248 50 prologue]

417 2955 285 50 (36-18562)

331 3060 303 65 Hemmer,
664 3058 146 65 Jarl,
842 3063 172 50 1893-

405 3135 111 54 Die
551 3134 401 70 morgengabe,
986 3152 215 36 roman.
1275 3133 307 67 München,
1618 3132 69 53 A.
1725 3132 256 68 Langen,
2017 3130 68 56 G.
2123 3131 229 66 Müller,

334 3217 152 51 1936.

404 3285 594 52 230, [1] p., 1 l. 19½c m .
406 3342 367 58 “Übersetzung
805 3360 91 31 aus
930 3351 108 40 dem
1073 3348 365 43 schwedischen
1473 3359 92 31 von
1601 3348 206 42 Pauline
1842 3346 512 43 Klaiber-Gottschau.

337 3407 98 43 Der
461 3407 109 42 titel
597 3409 86 40 der
712 3407 362 41 schwedischen
1101 3408 214 47 ausgabe
1343 3407 184 40 lautet:
1557 3400 410 54 Morgongävan.”

339 3461 2016 54 © Feb. 21, 1936; 1c. July 17; A -Foreign 32461; Albert Langen-Georg
412 3523 177 41 Müller
623 3522 182 50 verlag,
842 3532 40 39 g.
920 3532 59 31 m.
1015 3522 42 41 b.
1092 3521 46 40 h.
1210 3518 283 51 (36-24664)

335 3613 256 65 Hennig,
617 3614 143 52 Max
788 3612 174 56 Emil.

401 3688 530 69 Homöopathische
982 3686 429 70 pharmakopöe
1461 3686 117 52 und
1631 3683 557 69 arzneimittellehre,
2241 3700 108 35 von

334 3767 136 52 Max
505 3767 68 52 E.
605 3766 256 69 Hennig.
928 3768 70 66 2.,
1031 3765 313 53 erweiterte
1381 3763 130 53 aufl.
1583 3763 218 68 Berlin,
1835 3762 77 53 H.
1946 3762 209 67 Pusch,
2187 3779 54 52 g.
2277 3779 73 34 m.
334 3846 48 52 b.
410 3845 73 66 h.,
515 3847 152 51 1935.

405 3917 364 49 556 p. 23 ½ cm .
343 3969 2011 56 © Jan. 2, 1935; 1c. July 17, 1936; A-Foreign 32580: Medizinischer
413 4033 169 48 verlag
613 4033 142 40 Hans
784 4032 174 49 Pusch,
990 4042 41 38 g.
1063 4041 59 31 m.
1153 4031 43 42 b.
1227 4031 46 39 h.
1344 4028 283 51 (36-24416)
