<alto xmlns="http://www.loc.gov/standards/alto/ns-v3#" xmlns:xsi="http://www.w3.org/2001/XMLSchema-instance" xsi:schemaLocation="http://www.loc.gov/standards/alto/ns-v3# http://www.loc.gov/alto/v3/alto-3-0.xsd"><Description>
<MeasurementUnit>pixel</MeasurementUnit>
<sourceImageInformation>
<fileName>1936_v33_Part1.pdf</fileName>
</sourceImageInformation>
<OCRProcessing ID="IdOcr">
<ocrProcessingStep>
<processingDateTime>2019-01-18</processingDateTime>
<processingSoftware>
<softwareCreator>ABBYY</softwareCreator>
<softwareName>ABBYY Recognition Server</softwareName>
<softwareVersion>4.0</softwareVersion>
</processingSoftware>
</ocrProcessingStep>
</OCRProcessing>
</Description>
<Styles>
<ParagraphStyle ALIGN="Left" FIRSTLINE="0." ID="StyleId-FFFFFFFF-FFFF-FFFF-FFFF-FFFFFFFFFFFF-" LEFT="0." RIGHT="0." />
<ParagraphStyle ALIGN="Left" FIRSTLINE="0." ID="StyleId-51D50FAC-7A90-4D70-8A96-5EA9D46D1C8B-" LEFT="0." LINESPACE="7.699999809" RIGHT="0." />
<ParagraphStyle ALIGN="Block" FIRSTLINE="-17." ID="StyleId-6BC133E9-7DCB-43C3-8842-A67984A26405-" LEFT="0." LINESPACE="8.340000153" RIGHT="0." />
<ParagraphStyle ALIGN="Left" FIRSTLINE="-13." ID="StyleId-3C3FF860-43E7-46A2-8934-48F305F6F0D6-" LEFT="0." LINESPACE="11.06999969" RIGHT="0." />
<ParagraphStyle ALIGN="Block" FIRSTLINE="-13." ID="StyleId-19220C76-4F8A-4737-B38C-B5F5C17E6040-" LEFT="0." LINESPACE="11.06999969" RIGHT="0." />
<ParagraphStyle ALIGN="Left" FIRSTLINE="0." ID="StyleId-75A0D721-13ED-4F20-9002-B389EC48477D-" LEFT="0." LINESPACE="15.5" RIGHT="0." />
<ParagraphStyle ALIGN="Left" FIRSTLINE="0." ID="StyleId-8A414184-C7A5-4AC7-9B88-7DA4DDE75922-" LEFT="0." LINESPACE="9.399999619" RIGHT="0." />
<ParagraphStyle ALIGN="Left" FIRSTLINE="0." ID="StyleId-1A87970B-111C-4169-99A6-9412976F3C97-" LEFT="0." LINESPACE="10.5" RIGHT="0." />
<ParagraphStyle ALIGN="Block" FIRSTLINE="-17." ID="StyleId-72DB0571-5AE4-41FD-9E11-68C6AC4C437E-" LEFT="0." LINESPACE="8.340000153" RIGHT="0." />
<ParagraphStyle ALIGN="Center" FIRSTLINE="0." ID="StyleId-1AA43056-C388-4697-B10F-72FDAA38FAE1-" LEFT="0." LINESPACE="10.5" RIGHT="0." />
</Styles>
<Layout>
<Page HEIGHT="4377" ID="Page1465" PHYSICAL_IMG_NR="1465" WIDTH="2519">
<TopMargin HEIGHT="446" HPOS="0" VPOS="0" WIDTH="2519">
</TopMargin>
<LeftMargin HEIGHT="3622" HPOS="0" VPOS="446" WIDTH="138">
</LeftMargin>
<RightMargin HEIGHT="3622" HPOS="2176" VPOS="446" WIDTH="343">
</RightMargin>
<BottomMargin HEIGHT="309" HPOS="0" VPOS="4068" WIDTH="2519">
<TextBlock HEIGHT="70" HPOS="1084" ID="Page1465_Block1" LANG="en-US" STYLEREFS="StyleId-A41D809B-8115-4E78-81B1-DA2F510F4DB4-" VPOS="4102" WIDTH="154">
<TextLine HEIGHT="49" HPOS="1095" VPOS="4113" WIDTH="133">
<String CONTENT="1465" HEIGHT="49" HPOS="1095" VPOS="4113" WIDTH="133" />
</TextLine>
</TextBlock>
</BottomMargin>
<PrintSpace HEIGHT="3622" HPOS="138" VPOS="446" WIDTH="2038">
<TextBlock CS="1" HEIGHT="3622" HPOS="138" ID="Page1465_Block2" LANG="en-US" STYLEREFS="StyleId-B5A0B236-6ECE-48AA-B6AC-7E11500CCAA6-" VPOS="446" WIDTH="2038">
<TextLine HEIGHT="65" HPOS="150" STYLEREFS="StyleId-61059306-1A21-416C-BB52-C1E6A355FE90-" VPOS="456" WIDTH="485">
<String CONTENT="Lemay," HEIGHT="63" HPOS="150" VPOS="458" WIDTH="238" />
<SP HEIGHT="63" HPOS="389" VPOS="457" WIDTH="26" />
<String CONTENT="Pierre." HEIGHT="56" HPOS="416" VPOS="456" WIDTH="219" />
</TextLine>
<TextLine CS="1" HEIGHT="69" HPOS="283" STYLEREFS="StyleId-1E3E9576-7BB6-42A2-8ECE-D70ED0AFA096-" VPOS="531" WIDTH="1869">
<String CONTENT="&#8230;" CS="1" LANG="en-US" />
<SP HEIGHT="52" HPOS="283" VPOS="533" WIDTH="26" />
<String CONTENT="Maine" HEIGHT="53" HPOS="310" LANG="en-US" VPOS="533" WIDTH="193" />
<SP HEIGHT="53" HPOS="504" VPOS="532" WIDTH="21" />
<String CONTENT="de" HEIGHT="53" HPOS="526" LANG="fr" VPOS="532" WIDTH="68" />
<SP HEIGHT="50" HPOS="595" VPOS="534" WIDTH="21" />
<String CONTENT="Biran" HEIGHT="52" HPOS="617" LANG="en-US" VPOS="533" WIDTH="181" />
<SP HEIGHT="35" HPOS="799" VPOS="550" WIDTH="22" />
<String CONTENT="et" HEIGHT="47" HPOS="822" LANG="fr" VPOS="537" WIDTH="52" />
<SP HEIGHT="51" HPOS="875" VPOS="533" WIDTH="22" />
<String CONTENT="la" HEIGHT="51" HPOS="898" LANG="fr" VPOS="533" WIDTH="51" />
<SP HEIGHT="55" HPOS="950" VPOS="531" WIDTH="25" />
<String CONTENT="Soci&#233;t&#233;" HEIGHT="55" HPOS="976" LANG="fr" VPOS="531" WIDTH="217" />
<SP HEIGHT="51" HPOS="1194" VPOS="534" WIDTH="24" />
<String CONTENT="m&#233;dicale" HEIGHT="53" HPOS="1219" LANG="fr" VPOS="532" WIDTH="272" />
<SP HEIGHT="52" HPOS="1492" VPOS="532" WIDTH="21" />
<String CONTENT="de" HEIGHT="52" HPOS="1514" LANG="fr" VPOS="532" WIDTH="68" />
<SP HEIGHT="51" HPOS="1583" VPOS="533" WIDTH="22" />
<String CONTENT="Bergerac," HEIGHT="66" HPOS="1606" LANG="en-US" VPOS="533" WIDTH="299" />
<SP HEIGHT="67" HPOS="1906" VPOS="532" WIDTH="21" />
<String CONTENT="d&#8217;apr&#232;s" HEIGHT="69" HPOS="1928" LANG="fr" VPOS="531" WIDTH="224" />
</TextLine>
<TextLine HEIGHT="73" HPOS="153" LANG="fr" STYLEREFS="StyleId-1E3E9576-7BB6-42A2-8ECE-D70ED0AFA096-" VPOS="607" WIDTH="2000">
<String CONTENT="le" HEIGHT="52" HPOS="153" VPOS="612" WIDTH="50" />
<SP HEIGHT="34" HPOS="204" VPOS="630" WIDTH="38" />
<String CONTENT="registre" HEIGHT="69" HPOS="243" VPOS="611" WIDTH="237" />
<SP HEIGHT="53" HPOS="481" VPOS="610" WIDTH="42" />
<String CONTENT="des" HEIGHT="54" HPOS="524" VPOS="610" WIDTH="95" />
<SP HEIGHT="34" HPOS="620" VPOS="630" WIDTH="39" />
<String CONTENT="s&#233;ances" HEIGHT="54" HPOS="660" VPOS="611" WIDTH="223" />
<SP HEIGHT="35" HPOS="884" VPOS="630" WIDTH="39" />
<String CONTENT="et" HEIGHT="46" HPOS="924" VPOS="618" WIDTH="52" />
<SP HEIGHT="52" HPOS="977" VPOS="612" WIDTH="39" />
<String CONTENT="les" HEIGHT="52" HPOS="1017" VPOS="612" WIDTH="78" />
<SP HEIGHT="34" HPOS="1096" VPOS="630" WIDTH="40" />
<String CONTENT="rapports" HEIGHT="62" HPOS="1137" VPOS="616" WIDTH="267" />
<SP HEIGHT="54" HPOS="1405" VPOS="611" WIDTH="39" />
<String CONTENT="in&#233;dits." HEIGHT="57" HPOS="1445" VPOS="607" WIDTH="227" />
<SP HEIGHT="53" HPOS="1673" VPOS="611" WIDTH="74" />
<String CONTENT="Paris," HEIGHT="69" HPOS="1748" VPOS="609" WIDTH="184" />
<SP HEIGHT="67" HPOS="1933" VPOS="611" WIDTH="40" />
<String CONTENT="Vigot" HEIGHT="70" HPOS="1974" VPOS="610" WIDTH="179" />
</TextLine>
<TextLine CS="1" HEIGHT="66" HPOS="153" LANG="fr" STYLEREFS="StyleId-1E3E9576-7BB6-42A2-8ECE-D70ED0AFA096-" VPOS="689" WIDTH="407">
<String CONTENT="fr&#232;res" HEIGHT="53" HPOS="153" VPOS="689" WIDTH="178" />
<SP />
<String CONTENT="[c1936]" CS="1" HEIGHT="33" HPOS="549" VPOS="722" WIDTH="11" />
</TextLine>
<TextLine CS="1" HEIGHT="49" HPOS="222" LANG="fr" VPOS="762" WIDTH="1444">
<String CONTENT="2" HEIGHT="38" HPOS="222" VPOS="764" WIDTH="26" />
<SP />
<String CONTENT="p." HEIGHT="37" HPOS="275" VPOS="774" WIDTH="42" />
<SP HEIGHT="39" HPOS="318" VPOS="765" WIDTH="27" />
<String CONTENT="l.," CS="1" />
<SP HEIGHT="47" HPOS="389" VPOS="763" WIDTH="23" />
<String CONTENT="227" HEIGHT="40" HPOS="413" VPOS="763" WIDTH="84" />
<SP HEIGHT="47" HPOS="498" VPOS="764" WIDTH="25" />
<String CONTENT="p.," CS="1" />
<SP />
<String CONTENT="1" CS="1" />
<SP />
<String CONTENT="l." CS="1" />
<SP HEIGHT="39" HPOS="691" VPOS="763" WIDTH="53" />
<String CONTENT="illus." HEIGHT="39" HPOS="745" VPOS="763" WIDTH="127" />
<SP HEIGHT="46" HPOS="873" VPOS="762" WIDTH="28" />
<String CONTENT="(inch" HEIGHT="46" HPOS="902" LANG="en-US" VPOS="762" WIDTH="133" />
<SP HEIGHT="40" HPOS="1036" VPOS="763" WIDTH="28" />
<String CONTENT="facsims.)" HEIGHT="46" HPOS="1065" VPOS="763" WIDTH="240" />
<SP HEIGHT="48" HPOS="1306" VPOS="763" WIDTH="35" />
<String CONTENT="port." HEIGHT="46" HPOS="1342" VPOS="765" WIDTH="122" />
<SP HEIGHT="39" HPOS="1465" VPOS="764" WIDTH="54" />
<String CONTENT="19&#189;" CS="1" HEIGHT="41" HPOS="1520" VPOS="762" WIDTH="56" />
<String CONTENT="cm" HEIGHT="22" HPOS="1608" STYLE="superscript" VPOS="764" WIDTH="43" />
<String CONTENT="." HEIGHT="10" HPOS="1657" VPOS="794" WIDTH="9" />
</TextLine>
<TextLine CS="1" HEIGHT="50" HPOS="225" VPOS="818" WIDTH="1879">
<String CONTENT="At" HEIGHT="40" HPOS="225" LANG="en-US" VPOS="820" WIDTH="62" />
<SP HEIGHT="40" HPOS="288" VPOS="820" WIDTH="28" />
<String CONTENT="head" HEIGHT="39" HPOS="317" LANG="en-US" VPOS="820" WIDTH="122" />
<SP HEIGHT="40" HPOS="440" VPOS="820" WIDTH="34" />
<String CONTENT="of" HEIGHT="41" HPOS="475" LANG="en-US" VPOS="819" WIDTH="50" />
<SP HEIGHT="40" HPOS="526" VPOS="819" WIDTH="30" />
<String CONTENT="title:" HEIGHT="40" HPOS="557" LANG="en-US" VPOS="819" WIDTH="135" />
<SP HEIGHT="38" HPOS="693" VPOS="820" WIDTH="37" />
<String CONTENT="M&#233;decine" HEIGHT="41" HPOS="731" LANG="fr" VPOS="818" WIDTH="245" />
<SP HEIGHT="30" HPOS="977" VPOS="829" WIDTH="31" />
<String CONTENT="et" HEIGHT="37" HPOS="1009" LANG="fr" VPOS="822" WIDTH="47" />
<SP HEIGHT="44" HPOS="1057" VPOS="822" WIDTH="31" />
<String CONTENT="philosophie" HEIGHT="49" HPOS="1089" LANG="fr" VPOS="818" WIDTH="301" />
<SP HEIGHT="31" HPOS="1391" VPOS="828" WIDTH="31" />
<String CONTENT="sous" HEIGHT="31" HPOS="1423" LANG="fr" VPOS="828" WIDTH="112" />
<SP HEIGHT="39" HPOS="1536" VPOS="820" WIDTH="31" />
<String CONTENT="le" HEIGHT="39" HPOS="1568" LANG="fr" VPOS="820" WIDTH="43" />
<SP HEIGHT="38" HPOS="1612" VPOS="829" WIDTH="31" />
<String CONTENT="premier" HEIGHT="49" HPOS="1644" LANG="fr" VPOS="818" WIDTH="209" />
<SP HEIGHT="31" HPOS="1854" VPOS="828" WIDTH="31" />
<String CONTENT="empire" HEIGHT="49" HPOS="1886" LANG="fr" VPOS="819" WIDTH="181" />
<SP HEIGHT="30" HPOS="2068" VPOS="831" WIDTH="36" />
<String CONTENT="&#8230;" CS="1" LANG="fr" />
</TextLine>
<TextLine CS="1" HEIGHT="52" HPOS="149" VPOS="885" WIDTH="1806">
<String CONTENT="&#169;" HEIGHT="52" HPOS="149" LANG="fr" VPOS="885" WIDTH="52" />
<SP HEIGHT="52" HPOS="202" VPOS="885" WIDTH="32" />
<String CONTENT="June" HEIGHT="39" HPOS="235" LANG="en-US" VPOS="890" WIDTH="125" />
<SP HEIGHT="37" HPOS="361" VPOS="891" WIDTH="33" />
<String CONTENT="15." HEIGHT="39" HPOS="395" LANG="fr" VPOS="891" WIDTH="67" />
<SP HEIGHT="40" HPOS="463" VPOS="890" WIDTH="34" />
<String CONTENT="1936;" HEIGHT="46" HPOS="498" LANG="fr" VPOS="889" WIDTH="140" />
<SP />
<String CONTENT="1c." CS="1" LANG="fr" />
<SP />
<String CONTENT="Aug." HEIGHT="44" HPOS="776" LANG="fr" VPOS="891" WIDTH="118" />
<SP HEIGHT="38" HPOS="895" VPOS="889" WIDTH="34" />
<String CONTENT="27:" HEIGHT="42" HPOS="930" LANG="fr" VPOS="889" WIDTH="81" />
<SP HEIGHT="40" HPOS="1012" VPOS="891" WIDTH="37" />
<String CONTENT="A-" HEIGHT="38" HPOS="1050" LANG="fr" VPOS="891" WIDTH="101" />
<String CONTENT="Foreign" HEIGHT="47" HPOS="1154" LANG="en-US" VPOS="889" WIDTH="205" />
<SP HEIGHT="37" HPOS="1360" VPOS="891" WIDTH="35" />
<String CONTENT="32848;" HEIGHT="48" HPOS="1396" LANG="fr" VPOS="889" WIDTH="170" />
<SP HEIGHT="46" HPOS="1567" VPOS="891" WIDTH="38" />
<String CONTENT="Vigot" CS="1" HEIGHT="45" HPOS="1648" LANG="fr" VPOS="890" WIDTH="100" />
<SP HEIGHT="41" HPOS="1749" VPOS="889" WIDTH="33" />
<String CONTENT="fr&#232;res." HEIGHT="41" HPOS="1783" LANG="fr" VPOS="889" WIDTH="172" />
</TextLine>
<TextLine HEIGHT="48" HPOS="230" LANG="fr" VPOS="946" WIDTH="279">
<String CONTENT="(36-22056)" HEIGHT="48" HPOS="230" VPOS="946" WIDTH="279" />
</TextLine>
<TextLine HEIGHT="65" HPOS="149" STYLEREFS="StyleId-1E3E9576-7BB6-42A2-8ECE-D70ED0AFA096-" VPOS="1048" WIDTH="1024">
<String CONTENT="Lockwood," HEIGHT="64" HPOS="149" LANG="en-US" VPOS="1049" WIDTH="341" />
<SP HEIGHT="62" HPOS="491" VPOS="1051" WIDTH="26" />
<String CONTENT="William" HEIGHT="55" HPOS="518" LANG="fr" VPOS="1048" WIDTH="254" />
<SP HEIGHT="52" HPOS="773" VPOS="1051" WIDTH="25" />
<String CONTENT="Wirt," HEIGHT="65" HPOS="799" LANG="fr" VPOS="1048" WIDTH="172" />
<SP HEIGHT="56" HPOS="972" VPOS="1057" WIDTH="30" />
<String CONTENT="1906-" HEIGHT="50" HPOS="1003" LANG="fr" VPOS="1055" WIDTH="170" />
</TextLine>
<TextLine HEIGHT="71" HPOS="220" STYLEREFS="StyleId-1E3E9576-7BB6-42A2-8ECE-D70ED0AFA096-" VPOS="1125" WIDTH="1930">
<String CONTENT="The" HEIGHT="52" HPOS="220" LANG="fr" VPOS="1126" WIDTH="121" />
<SP HEIGHT="53" HPOS="342" VPOS="1125" WIDTH="29" />
<String CONTENT="foreign" HEIGHT="70" HPOS="372" VPOS="1125" WIDTH="226" />
<SP HEIGHT="47" HPOS="599" VPOS="1133" WIDTH="32" />
<String CONTENT="trade" HEIGHT="53" HPOS="632" VPOS="1127" WIDTH="161" />
<SP HEIGHT="50" HPOS="794" VPOS="1144" WIDTH="29" />
<String CONTENT="policy" HEIGHT="69" HPOS="824" VPOS="1126" WIDTH="190" />
<SP HEIGHT="52" HPOS="1015" VPOS="1143" WIDTH="30" />
<String CONTENT="of" HEIGHT="53" HPOS="1046" VPOS="1126" WIDTH="63" />
<SP HEIGHT="54" HPOS="1110" VPOS="1126" WIDTH="27" />
<String CONTENT="the" HEIGHT="52" HPOS="1138" VPOS="1128" WIDTH="95" />
<SP HEIGHT="53" HPOS="1234" VPOS="1129" WIDTH="30" />
<String CONTENT="United" HEIGHT="55" HPOS="1265" VPOS="1127" WIDTH="216" />
<SP HEIGHT="56" HPOS="1482" VPOS="1127" WIDTH="33" />
<String CONTENT="States" HEIGHT="56" HPOS="1516" VPOS="1127" WIDTH="190" />
<SP HEIGHT="48" HPOS="1707" VPOS="1147" WIDTH="36" />
<String CONTENT="[by]" HEIGHT="69" HPOS="1744" VPOS="1127" WIDTH="109" />
<SP HEIGHT="65" HPOS="1854" VPOS="1131" WIDTH="36" />
<String CONTENT="William" HEIGHT="55" HPOS="1891" VPOS="1128" WIDTH="259" />
</TextLine>
<TextLine CS="1" HEIGHT="69" HPOS="152" STYLEREFS="StyleId-1E3E9576-7BB6-42A2-8ECE-D70ED0AFA096-" VPOS="1204" WIDTH="2001">
<String CONTENT="W." HEIGHT="55" HPOS="152" VPOS="1204" WIDTH="88" />
<SP HEIGHT="53" HPOS="241" VPOS="1205" WIDTH="44" />
<String CONTENT="Lockwood," HEIGHT="68" HPOS="286" VPOS="1204" WIDTH="337" />
<SP HEIGHT="69" HPOS="624" VPOS="1204" WIDTH="43" />
<String CONTENT="jr." HEIGHT="69" HPOS="668" VPOS="1204" WIDTH="72" />
<SP HEIGHT="11" HPOS="741" VPOS="1248" WIDTH="50" />
<String CONTENT="&#8230;" CS="1" />
<SP HEIGHT="53" HPOS="848" VPOS="1206" WIDTH="77" />
<String CONTENT="Prepared" HEIGHT="67" HPOS="926" VPOS="1206" WIDTH="293" />
<SP HEIGHT="54" HPOS="1220" VPOS="1205" WIDTH="46" />
<String CONTENT="for" HEIGHT="54" HPOS="1267" VPOS="1205" WIDTH="94" />
<SP HEIGHT="48" HPOS="1362" VPOS="1211" WIDTH="41" />
<String CONTENT="the" HEIGHT="53" HPOS="1404" VPOS="1206" WIDTH="96" />
<SP HEIGHT="37" HPOS="1501" VPOS="1223" WIDTH="41" />
<String CONTENT="sixth" HEIGHT="54" HPOS="1543" VPOS="1206" WIDTH="153" />
<SP HEIGHT="54" HPOS="1697" VPOS="1206" WIDTH="48" />
<String CONTENT="international" HEIGHT="54" HPOS="1746" VPOS="1206" WIDTH="407" />
</TextLine>
<TextLine HEIGHT="70" HPOS="153" STYLEREFS="StyleId-1E3E9576-7BB6-42A2-8ECE-D70ED0AFA096-" VPOS="1282" WIDTH="2000">
<String CONTENT="conference" HEIGHT="54" HPOS="153" VPOS="1282" WIDTH="329" />
<SP HEIGHT="35" HPOS="483" VPOS="1301" WIDTH="34" />
<String CONTENT="of" HEIGHT="54" HPOS="518" VPOS="1282" WIDTH="63" />
<SP HEIGHT="53" HPOS="582" VPOS="1282" WIDTH="34" />
<String CONTENT="the" HEIGHT="53" HPOS="617" VPOS="1284" WIDTH="95" />
<SP HEIGHT="54" HPOS="713" VPOS="1283" WIDTH="33" />
<String CONTENT="Institute" HEIGHT="54" HPOS="747" VPOS="1283" WIDTH="274" />
<SP HEIGHT="35" HPOS="1022" VPOS="1302" WIDTH="35" />
<String CONTENT="of" HEIGHT="54" HPOS="1058" VPOS="1283" WIDTH="63" />
<SP HEIGHT="54" HPOS="1122" VPOS="1283" WIDTH="35" />
<String CONTENT="Pacific" HEIGHT="54" HPOS="1158" VPOS="1283" WIDTH="211" />
<SP HEIGHT="35" HPOS="1370" VPOS="1302" WIDTH="34" />
<String CONTENT="relations," HEIGHT="68" HPOS="1405" VPOS="1284" WIDTH="288" />
<SP HEIGHT="60" HPOS="1694" VPOS="1292" WIDTH="33" />
<String CONTENT="to" HEIGHT="46" HPOS="1728" VPOS="1292" WIDTH="57" />
<SP HEIGHT="53" HPOS="1786" VPOS="1285" WIDTH="35" />
<String CONTENT="be" HEIGHT="53" HPOS="1822" VPOS="1285" WIDTH="66" />
<SP HEIGHT="52" HPOS="1889" VPOS="1286" WIDTH="36" />
<String CONTENT="held" HEIGHT="53" HPOS="1926" VPOS="1285" WIDTH="129" />
<SP HEIGHT="53" HPOS="2056" VPOS="1285" WIDTH="39" />
<String CONTENT="at" HEIGHT="46" HPOS="2096" VPOS="1292" WIDTH="57" />
</TextLine>
<TextLine CS="1" HEIGHT="71" HPOS="155" STYLEREFS="StyleId-1E3E9576-7BB6-42A2-8ECE-D70ED0AFA096-" VPOS="1360" WIDTH="1997">
<String CONTENT="Yosemite," HEIGHT="68" HPOS="155" VPOS="1361" WIDTH="303" />
<SP HEIGHT="68" HPOS="459" VPOS="1361" WIDTH="40" />
<String CONTENT="California," HEIGHT="71" HPOS="500" VPOS="1360" WIDTH="344" />
<SP HEIGHT="68" HPOS="845" VPOS="1363" WIDTH="40" />
<String CONTENT="August" HEIGHT="68" HPOS="886" VPOS="1363" WIDTH="228" />
<SP HEIGHT="48" HPOS="1115" VPOS="1367" WIDTH="40" />
<String CONTENT="15" HEIGHT="49" HPOS="1156" VPOS="1367" WIDTH="62" />
<SP HEIGHT="48" HPOS="1219" VPOS="1368" WIDTH="39" />
<String CONTENT="to" HEIGHT="48" HPOS="1259" VPOS="1368" WIDTH="56" />
<SP HEIGHT="50" HPOS="1316" VPOS="1366" WIDTH="39" />
<String CONTENT="29," HEIGHT="64" HPOS="1356" VPOS="1366" WIDTH="85" />
<SP HEIGHT="61" HPOS="1442" VPOS="1369" WIDTH="38" />
<String CONTENT="1936" HEIGHT="51" HPOS="1481" VPOS="1366" WIDTH="132" />
<SP HEIGHT="50" HPOS="1614" VPOS="1367" WIDTH="44" />
<String CONTENT="&#8230;" CS="1" />
<SP HEIGHT="52" HPOS="1717" VPOS="1365" WIDTH="77" />
<String CONTENT="New" HEIGHT="51" HPOS="1795" VPOS="1365" WIDTH="136" />
<SP HEIGHT="52" HPOS="1932" VPOS="1365" WIDTH="43" />
<String CONTENT="York." HEIGHT="53" HPOS="1976" VPOS="1364" WIDTH="176" />
</TextLine>
<TextLine HEIGHT="69" HPOS="151" STYLEREFS="StyleId-1E3E9576-7BB6-42A2-8ECE-D70ED0AFA096-" VPOS="1440" WIDTH="1705">
<String CONTENT="American" HEIGHT="53" HPOS="151" VPOS="1440" WIDTH="305" />
<SP HEIGHT="34" HPOS="457" VPOS="1459" WIDTH="30" />
<String CONTENT="council," HEIGHT="69" HPOS="488" VPOS="1440" WIDTH="237" />
<SP HEIGHT="68" HPOS="726" VPOS="1441" WIDTH="27" />
<String CONTENT="Institute" HEIGHT="54" HPOS="754" VPOS="1441" WIDTH="273" />
<SP HEIGHT="34" HPOS="1028" VPOS="1460" WIDTH="28" />
<String CONTENT="of" HEIGHT="54" HPOS="1057" VPOS="1440" WIDTH="64" />
<SP HEIGHT="54" HPOS="1122" VPOS="1440" WIDTH="24" />
<String CONTENT="Pacific" HEIGHT="53" HPOS="1147" VPOS="1441" WIDTH="212" />
<SP HEIGHT="34" HPOS="1360" VPOS="1459" WIDTH="28" />
<String CONTENT="relations," HEIGHT="66" HPOS="1389" VPOS="1441" WIDTH="288" />
<SP HEIGHT="60" HPOS="1678" VPOS="1447" WIDTH="30" />
<String CONTENT="1936." HEIGHT="50" HPOS="1709" VPOS="1444" WIDTH="147" />
</TextLine>
<TextLine HEIGHT="51" HPOS="225" VPOS="1513" WIDTH="1927">
<String CONTENT="58" HEIGHT="42" HPOS="225" VPOS="1513" WIDTH="57" />
<SP HEIGHT="50" HPOS="283" VPOS="1513" WIDTH="30" />
<String CONTENT="p." HEIGHT="39" HPOS="314" VPOS="1524" WIDTH="42" />
<SP HEIGHT="41" HPOS="357" VPOS="1513" WIDTH="59" />
<String CONTENT="23" HEIGHT="41" HPOS="417" VPOS="1513" WIDTH="55" />
<String CONTENT="cm" HEIGHT="21" HPOS="476" STYLE="superscript" VPOS="1515" WIDTH="43" />
<String CONTENT="." HEIGHT="9" HPOS="524" VPOS="1545" WIDTH="9" />
<SP HEIGHT="49" HPOS="534" VPOS="1513" WIDTH="70" />
<String CONTENT="([Institute" HEIGHT="50" HPOS="605" VPOS="1513" WIDTH="277" />
<SP HEIGHT="31" HPOS="883" VPOS="1523" WIDTH="32" />
<String CONTENT="of" HEIGHT="41" HPOS="916" VPOS="1513" WIDTH="51" />
<SP HEIGHT="40" HPOS="968" VPOS="1513" WIDTH="33" />
<String CONTENT="Pacifie" HEIGHT="41" HPOS="1002" LANG="fr" VPOS="1513" WIDTH="177" />
<SP HEIGHT="30" HPOS="1180" VPOS="1524" WIDTH="32" />
<String CONTENT="relations]" HEIGHT="50" HPOS="1213" VPOS="1514" WIDTH="249" />
<SP HEIGHT="48" HPOS="1463" VPOS="1516" WIDTH="59" />
<String CONTENT="American" HEIGHT="40" HPOS="1523" VPOS="1514" WIDTH="258" />
<SP HEIGHT="30" HPOS="1782" VPOS="1524" WIDTH="33" />
<String CONTENT="council" HEIGHT="40" HPOS="1816" VPOS="1515" WIDTH="187" />
<SP HEIGHT="41" HPOS="2004" VPOS="1515" WIDTH="34" />
<String CONTENT="data" HEIGHT="40" HPOS="2039" VPOS="1516" WIDTH="113" />
</TextLine>
<TextLine CS="1" HEIGHT="52" HPOS="155" VPOS="1569" WIDTH="628">
<String CONTENT="papers," HEIGHT="39" HPOS="155" VPOS="1582" WIDTH="186" />
<SP HEIGHT="39" HPOS="342" VPOS="1582" WIDTH="27" />
<String CONTENT="no." HEIGHT="33" HPOS="370" VPOS="1581" WIDTH="75" />
<SP HEIGHT="43" HPOS="446" VPOS="1571" WIDTH="29" />
<String CONTENT="5)" HEIGHT="49" HPOS="476" VPOS="1569" WIDTH="52" />
<SP />
<String CONTENT="$0.50" HEIGHT="52" HPOS="651" VPOS="1569" WIDTH="132" />
</TextLine>
<TextLine CS="1" HEIGHT="109" HPOS="152" VPOS="1639" WIDTH="1984">
<String CONTENT="&#169;" HEIGHT="53" HPOS="152" VPOS="1639" WIDTH="53" />
<SP HEIGHT="53" HPOS="206" VPOS="1639" WIDTH="24" />
<String CONTENT="July" HEIGHT="47" HPOS="231" VPOS="1643" WIDTH="114" />
<SP HEIGHT="45" HPOS="346" VPOS="1645" WIDTH="26" />
<String CONTENT="16." HEIGHT="40" HPOS="373" VPOS="1645" WIDTH="66" />
<SP HEIGHT="40" HPOS="440" VPOS="1645" WIDTH="29" />
<String CONTENT="1936;" HEIGHT="47" HPOS="470" VPOS="1643" WIDTH="140" />
<SP HEIGHT="46" HPOS="611" VPOS="1644" WIDTH="26" />
<String CONTENT="2c." HEIGHT="39" HPOS="638" VPOS="1644" WIDTH="68" />
<SP HEIGHT="39" HPOS="707" VPOS="1644" WIDTH="26" />
<String CONTENT="July" HEIGHT="46" HPOS="734" VPOS="1644" WIDTH="114" />
<SP HEIGHT="45" HPOS="849" VPOS="1645" WIDTH="25" />
<String CONTENT="21:" CS="1" HEIGHT="37" HPOS="875" VPOS="1645" WIDTH="51" />
<SP HEIGHT="30" HPOS="958" VPOS="1655" WIDTH="28" />
<String CONTENT="aff." HEIGHT="41" HPOS="987" VPOS="1644" WIDTH="82" />
<SP HEIGHT="39" HPOS="1070" VPOS="1646" WIDTH="26" />
<String CONTENT="Aug." HEIGHT="43" HPOS="1097" VPOS="1646" WIDTH="119" />
<SP HEIGHT="39" HPOS="1217" VPOS="1645" WIDTH="25" />
<String CONTENT="4;" HEIGHT="45" HPOS="1243" VPOS="1645" WIDTH="53" />
<SP HEIGHT="45" HPOS="1297" VPOS="1645" WIDTH="29" />
<String CONTENT="A" HEIGHT="39" HPOS="1327" VPOS="1645" WIDTH="39" />
<SP HEIGHT="41" HPOS="1367" VPOS="1643" WIDTH="24" />
<String CONTENT="96775:" HEIGHT="41" HPOS="1392" VPOS="1643" WIDTH="170" />
<SP HEIGHT="38" HPOS="1563" VPOS="1646" WIDTH="31" />
<String CONTENT="Amer," HEIGHT="37" HPOS="1595" LANG="fr" VPOS="1646" WIDTH="156" />
<SP HEIGHT="28" HPOS="1752" VPOS="1654" WIDTH="28" />
<String CONTENT="council." HEIGHT="43" HPOS="1781" VPOS="1642" WIDTH="202" />
<SP HEIGHT="40" HPOS="1984" VPOS="1645" WIDTH="30" />
<String CONTENT="Institute" HEIGHT="98" HPOS="223" VPOS="1642" WIDTH="1913" />
<SP HEIGHT="27" HPOS="328" VPOS="1712" WIDTH="29" />
<String CONTENT="of" HEIGHT="37" HPOS="358" VPOS="1701" WIDTH="51" />
<SP HEIGHT="39" HPOS="410" VPOS="1701" WIDTH="31" />
<String CONTENT="Pacific" HEIGHT="40" HPOS="442" VPOS="1700" WIDTH="176" />
<SP HEIGHT="29" HPOS="619" VPOS="1710" WIDTH="31" />
<String CONTENT="relations." HEIGHT="39" HPOS="651" VPOS="1700" WIDTH="248" />
<SP HEIGHT="45" HPOS="900" VPOS="1702" WIDTH="72" />
<String CONTENT="(30-23847)" HEIGHT="48" HPOS="973" VPOS="1700" WIDTH="280" />
</TextLine>
<TextLine CS="1" HEIGHT="66" HPOS="152" STYLEREFS="StyleId-61059306-1A21-416C-BB52-C1E6A355FE90-" VPOS="1803" WIDTH="752">
<String CONTENT="Mandl," HEIGHT="64" HPOS="152" VPOS="1805" WIDTH="216" />
<SP HEIGHT="65" HPOS="369" VPOS="1804" WIDTH="25" />
<String CONTENT="Vladim&#237;r," CS="1" HEIGHT="65" HPOS="395" VPOS="1803" WIDTH="309" />
<SP HEIGHT="57" HPOS="705" VPOS="1811" WIDTH="28" />
<String CONTENT="1899-" HEIGHT="50" HPOS="734" VPOS="1809" WIDTH="170" />
</TextLine>
<TextLine HEIGHT="69" HPOS="225" STYLEREFS="StyleId-1E3E9576-7BB6-42A2-8ECE-D70ED0AFA096-" VPOS="1880" WIDTH="1928">
<String CONTENT="Essays" HEIGHT="68" HPOS="225" VPOS="1881" WIDTH="209" />
<SP HEIGHT="36" HPOS="435" VPOS="1899" WIDTH="27" />
<String CONTENT="of" HEIGHT="54" HPOS="463" VPOS="1880" WIDTH="64" />
<SP HEIGHT="55" HPOS="528" VPOS="1880" WIDTH="27" />
<String CONTENT="a" HEIGHT="35" HPOS="556" VPOS="1900" WIDTH="31" />
<SP HEIGHT="53" HPOS="588" VPOS="1882" WIDTH="27" />
<String CONTENT="European" HEIGHT="66" HPOS="616" VPOS="1882" WIDTH="308" />
<SP HEIGHT="47" HPOS="925" VPOS="1888" WIDTH="27" />
<String CONTENT="technocrat," HEIGHT="67" HPOS="953" VPOS="1882" WIDTH="343" />
<SP HEIGHT="67" HPOS="1297" VPOS="1882" WIDTH="25" />
<String CONTENT="by" HEIGHT="67" HPOS="1323" VPOS="1882" WIDTH="76" />
<SP HEIGHT="67" HPOS="1400" VPOS="1882" WIDTH="25" />
<String CONTENT="Vladimir" HEIGHT="54" HPOS="1426" VPOS="1881" WIDTH="293" />
<SP HEIGHT="52" HPOS="1720" VPOS="1882" WIDTH="23" />
<String CONTENT="Mandl," HEIGHT="57" HPOS="1744" VPOS="1882" WIDTH="221" />
<SP HEIGHT="38" HPOS="1966" VPOS="1901" WIDTH="28" />
<String CONTENT="ll." HEIGHT="34" HPOS="1995" VPOS="1900" WIDTH="82" />
<SP HEIGHT="33" HPOS="2078" VPOS="1901" WIDTH="29" />
<String CONTENT="n." HEIGHT="32" HPOS="2108" VPOS="1901" WIDTH="45" />
</TextLine>
<TextLine CS="1" HEIGHT="71" HPOS="155" STYLEREFS="StyleId-1E3E9576-7BB6-42A2-8ECE-D70ED0AFA096-" VPOS="1957" WIDTH="1741">
<String CONTENT="Los" HEIGHT="53" HPOS="155" VPOS="1960" WIDTH="109" />
<SP HEIGHT="54" HPOS="265" VPOS="1959" WIDTH="29" />
<String CONTENT="Angeles," HEIGHT="69" HPOS="295" VPOS="1958" WIDTH="265" />
<SP HEIGHT="65" HPOS="561" VPOS="1957" WIDTH="34" />
<String CONTENT="Calif.," HEIGHT="68" HPOS="596" VPOS="1957" WIDTH="196" />
<SP HEIGHT="64" HPOS="793" VPOS="1961" WIDTH="30" />
<String CONTENT="Wetzel" HEIGHT="54" HPOS="824" VPOS="1960" WIDTH="216" />
<SP HEIGHT="67" HPOS="1041" VPOS="1960" WIDTH="34" />
<String CONTENT="publishing" HEIGHT="70" HPOS="1076" VPOS="1958" WIDTH="334" />
<SP HEIGHT="50" HPOS="1411" VPOS="1978" WIDTH="31" />
<String CONTENT="co.," HEIGHT="49" HPOS="1443" VPOS="1978" WIDTH="97" />
<SP HEIGHT="69" HPOS="1541" VPOS="1958" WIDTH="33" />
<String CONTENT="inc." HEIGHT="54" HPOS="1575" VPOS="1958" WIDTH="106" />
<SP HEIGHT="34" HPOS="1682" VPOS="1992" WIDTH="40" />
<String CONTENT="[" HEIGHT="34" HPOS="1723" STYLE="subscript" VPOS="1992" WIDTH="12" />
<String CONTENT="c" HEIGHT="20" HPOS="1740" STYLE="superscript" VPOS="1966" WIDTH="17" />
<String CONTENT="1936" HEIGHT="49" HPOS="1764" VPOS="1963" WIDTH="132" />
<String CONTENT="]" CS="1" STYLE="subscript" />
</TextLine>
<TextLine CS="1" HEIGHT="50" HPOS="229" STYLEREFS="StyleId-1E3E9576-7BB6-42A2-8ECE-D70ED0AFA096-" VPOS="2032" WIDTH="531">
<String CONTENT="5" HEIGHT="40" HPOS="229" VPOS="2033" WIDTH="26" />
<SP HEIGHT="49" HPOS="256" VPOS="2033" WIDTH="26" />
<String CONTENT="p." HEIGHT="38" HPOS="283" LANG="fr" VPOS="2044" WIDTH="43" />
<SP HEIGHT="42" HPOS="327" VPOS="2034" WIDTH="25" />
<String CONTENT="l.," CS="1" />
<SP HEIGHT="48" HPOS="399" VPOS="2033" WIDTH="29" />
<String CONTENT="13-79" HEIGHT="41" HPOS="429" VPOS="2032" WIDTH="144" />
<SP HEIGHT="49" HPOS="574" VPOS="2032" WIDTH="24" />
<String CONTENT="p." HEIGHT="38" HPOS="599" VPOS="2043" WIDTH="44" />
<SP HEIGHT="41" HPOS="644" VPOS="2033" WIDTH="59" />
<String CONTENT="19&#189;cm." CS="1" HEIGHT="41" HPOS="704" VPOS="2032" WIDTH="56" />
</TextLine>
<TextLine CS="1" HEIGHT="78" HPOS="154" VPOS="2074" WIDTH="2003">
<String CONTENT="&#169;" HEIGHT="52" HPOS="154" VPOS="2100" WIDTH="53" />
<SP HEIGHT="52" HPOS="208" VPOS="2100" WIDTH="29" />
<String CONTENT="May" HEIGHT="69" HPOS="238" VPOS="2074" WIDTH="114" />
<SP HEIGHT="70" HPOS="353" VPOS="2074" WIDTH="22" />
<String CONTENT="8." HEIGHT="39" HPOS="376" VPOS="2105" WIDTH="38" />
<SP HEIGHT="40" HPOS="415" VPOS="2104" WIDTH="29" />
<String CONTENT="1930;" CS="1" HEIGHT="42" HPOS="445" VPOS="2102" WIDTH="112" />
<SP HEIGHT="47" HPOS="585" VPOS="2103" WIDTH="30" />
<String CONTENT="2c." HEIGHT="41" HPOS="616" VPOS="2103" WIDTH="68" />
<SP HEIGHT="40" HPOS="685" VPOS="2104" WIDTH="30" />
<String CONTENT="Oct." HEIGHT="40" HPOS="716" VPOS="2104" WIDTH="101" />
<SP HEIGHT="39" HPOS="818" VPOS="2105" WIDTH="28" />
<String CONTENT="12;" CS="1" HEIGHT="39" HPOS="847" VPOS="2104" WIDTH="55" />
<SP HEIGHT="37" HPOS="930" VPOS="2114" WIDTH="30" />
<String CONTENT="aff." HEIGHT="40" HPOS="961" VPOS="2104" WIDTH="82" />
<SP HEIGHT="40" HPOS="1044" VPOS="2104" WIDTH="31" />
<String CONTENT="Oct." HEIGHT="40" HPOS="1076" VPOS="2104" WIDTH="101" />
<SP HEIGHT="39" HPOS="1178" VPOS="2105" WIDTH="31" />
<String CONTENT="13:" CS="1" HEIGHT="39" HPOS="1210" VPOS="2104" WIDTH="53" />
<SP HEIGHT="39" HPOS="1292" VPOS="2104" WIDTH="31" />
<String CONTENT="A" HEIGHT="38" HPOS="1324" VPOS="2104" WIDTH="39" />
<SP HEIGHT="40" HPOS="1364" VPOS="2104" WIDTH="29" />
<String CONTENT="98891;" CS="1" HEIGHT="42" HPOS="1394" VPOS="2102" WIDTH="137" />
<SP HEIGHT="46" HPOS="1565" VPOS="2104" WIDTH="32" />
<String CONTENT="Wetzel" HEIGHT="41" HPOS="1598" VPOS="2102" WIDTH="178" />
<SP HEIGHT="48" HPOS="1777" VPOS="2102" WIDTH="32" />
<String CONTENT="pub." HEIGHT="48" HPOS="1810" VPOS="2102" WIDTH="108" />
<SP HEIGHT="30" HPOS="1919" VPOS="2112" WIDTH="32" />
<String CONTENT="co.," HEIGHT="34" HPOS="1952" VPOS="2112" WIDTH="84" />
<SP HEIGHT="44" HPOS="2037" VPOS="2102" WIDTH="29" />
<String CONTENT="inc." HEIGHT="39" HPOS="2067" VPOS="2102" WIDTH="90" />
</TextLine>
<TextLine HEIGHT="50" HPOS="234" VPOS="2160" WIDTH="280">
<String CONTENT="(36-23855)" HEIGHT="50" HPOS="234" VPOS="2160" WIDTH="280" />
</TextLine>
<TextLine HEIGHT="64" HPOS="155" STYLEREFS="StyleId-61059306-1A21-416C-BB52-C1E6A355FE90-" VPOS="2264" WIDTH="994">
<String CONTENT="Mann," HEIGHT="62" HPOS="155" VPOS="2266" WIDTH="197" />
<SP HEIGHT="63" HPOS="353" VPOS="2265" WIDTH="23" />
<String CONTENT="Mary" HEIGHT="63" HPOS="377" VPOS="2265" WIDTH="173" />
<SP HEIGHT="63" HPOS="551" VPOS="2265" WIDTH="23" />
<String CONTENT="Emmanuel," HEIGHT="63" HPOS="575" VPOS="2264" WIDTH="369" />
<SP HEIGHT="44" HPOS="945" VPOS="2283" WIDTH="24" />
<String CONTENT="sister." HEIGHT="53" HPOS="970" VPOS="2265" WIDTH="179" />
</TextLine>
<TextLine CS="1" HEIGHT="69" HPOS="289" STYLEREFS="StyleId-1E3E9576-7BB6-42A2-8ECE-D70ED0AFA096-" VPOS="2338" WIDTH="1868">
<String CONTENT="&#8230;" CS="1" />
<SP HEIGHT="52" HPOS="289" VPOS="2341" WIDTH="32" />
<String CONTENT="The" HEIGHT="54" HPOS="322" VPOS="2341" WIDTH="121" />
<SP HEIGHT="36" HPOS="444" VPOS="2359" WIDTH="23" />
<String CONTENT="clausulae" HEIGHT="53" HPOS="468" VPOS="2341" WIDTH="283" />
<SP HEIGHT="36" HPOS="752" VPOS="2358" WIDTH="23" />
<String CONTENT="of" HEIGHT="55" HPOS="776" VPOS="2339" WIDTH="64" />
<SP HEIGHT="56" HPOS="841" VPOS="2339" WIDTH="24" />
<String CONTENT="St." HEIGHT="56" HPOS="866" VPOS="2339" WIDTH="82" />
<SP HEIGHT="52" HPOS="949" VPOS="2340" WIDTH="28" />
<String CONTENT="Hilary" HEIGHT="68" HPOS="978" VPOS="2339" WIDTH="212" />
<SP HEIGHT="48" HPOS="1191" VPOS="2359" WIDTH="25" />
<String CONTENT="of" HEIGHT="52" HPOS="1217" VPOS="2340" WIDTH="63" />
<SP HEIGHT="52" HPOS="1281" VPOS="2340" WIDTH="26" />
<String CONTENT="Poitiers" HEIGHT="53" HPOS="1308" VPOS="2340" WIDTH="246" />
<SP HEIGHT="34" HPOS="1555" VPOS="2359" WIDTH="31" />
<String CONTENT="&#8230;" CS="1" />
<SP HEIGHT="52" HPOS="1644" VPOS="2340" WIDTH="31" />
<String CONTENT="by" HEIGHT="67" HPOS="1676" VPOS="2340" WIDTH="74" />
<SP HEIGHT="69" HPOS="1751" VPOS="2338" WIDTH="28" />
<String CONTENT="Sister" HEIGHT="55" HPOS="1780" VPOS="2338" WIDTH="180" />
<SP HEIGHT="51" HPOS="1961" VPOS="2339" WIDTH="27" />
<String CONTENT="Mary" HEIGHT="66" HPOS="1989" VPOS="2339" WIDTH="168" />
</TextLine>
<TextLine CS="1" HEIGHT="148" HPOS="161" STYLEREFS="StyleId-1E3E9576-7BB6-42A2-8ECE-D70ED0AFA096-" VPOS="2416" WIDTH="1973">
<String CONTENT="Emmanuel" HEIGHT="53" HPOS="161" VPOS="2419" WIDTH="336" />
<SP HEIGHT="53" HPOS="498" VPOS="2418" WIDTH="37" />
<String CONTENT="Mann" HEIGHT="53" HPOS="536" VPOS="2418" WIDTH="180" />
<SP HEIGHT="35" HPOS="717" VPOS="2436" WIDTH="43" />
<String CONTENT="&#8230;" CS="1" />
<SP HEIGHT="53" HPOS="818" VPOS="2419" WIDTH="77" />
<String CONTENT="Washington," HEIGHT="68" HPOS="896" VPOS="2418" WIDTH="401" />
<SP HEIGHT="65" HPOS="1298" VPOS="2419" WIDTH="36" />
<String CONTENT="D." HEIGHT="51" HPOS="1335" VPOS="2419" WIDTH="71" />
<SP HEIGHT="55" HPOS="1407" VPOS="2417" WIDTH="42" />
<String CONTENT="C.," HEIGHT="67" HPOS="1450" VPOS="2417" WIDTH="81" />
<SP HEIGHT="66" HPOS="1532" VPOS="2418" WIDTH="38" />
<String CONTENT="The" HEIGHT="52" HPOS="1571" VPOS="2418" WIDTH="120" />
<SP HEIGHT="55" HPOS="1692" VPOS="2416" WIDTH="40" />
<String CONTENT="Catholic" HEIGHT="55" HPOS="1733" VPOS="2416" WIDTH="261" />
<SP HEIGHT="35" HPOS="1995" VPOS="2434" WIDTH="41" />
<String CONTENT="university" HEIGHT="147" HPOS="161" VPOS="2417" WIDTH="1973" />
<SP HEIGHT="49" HPOS="372" VPOS="2515" WIDTH="27" />
<String CONTENT="of" HEIGHT="54" HPOS="400" VPOS="2496" WIDTH="65" />
<SP HEIGHT="53" HPOS="466" VPOS="2496" WIDTH="24" />
<String CONTENT="America," HEIGHT="67" HPOS="491" VPOS="2496" WIDTH="286" />
<SP HEIGHT="63" HPOS="778" VPOS="2500" WIDTH="28" />
<String CONTENT="1936." HEIGHT="50" HPOS="807" VPOS="2499" WIDTH="149" />
</TextLine>
<TextLine HEIGHT="52" HPOS="227" VPOS="2566" WIDTH="1932">
<String CONTENT="xvi," HEIGHT="47" HPOS="227" VPOS="2570" WIDTH="96" />
<SP HEIGHT="46" HPOS="324" VPOS="2571" WIDTH="35" />
<String CONTENT="130" HEIGHT="41" HPOS="360" VPOS="2569" WIDTH="86" />
<SP HEIGHT="49" HPOS="447" VPOS="2569" WIDTH="33" />
<String CONTENT="p." HEIGHT="38" HPOS="481" VPOS="2580" WIDTH="43" />
<SP HEIGHT="40" HPOS="525" VPOS="2570" WIDTH="70" />
<String CONTENT="23" HEIGHT="40" HPOS="596" VPOS="2569" WIDTH="56" />
<String CONTENT="cm" HEIGHT="21" HPOS="656" STYLE="superscript" VPOS="2572" WIDTH="44" />
<String CONTENT="." HEIGHT="9" HPOS="705" VPOS="2602" WIDTH="9" />
<SP HEIGHT="49" HPOS="715" VPOS="2569" WIDTH="83" />
<String CONTENT="(The" HEIGHT="49" HPOS="799" VPOS="2569" WIDTH="124" />
<SP HEIGHT="43" HPOS="924" VPOS="2568" WIDTH="36" />
<String CONTENT="Catholic" HEIGHT="42" HPOS="961" VPOS="2568" WIDTH="222" />
<SP HEIGHT="30" HPOS="1184" VPOS="2580" WIDTH="34" />
<String CONTENT="university" HEIGHT="49" HPOS="1219" VPOS="2568" WIDTH="271" />
<SP HEIGHT="38" HPOS="1491" VPOS="2579" WIDTH="36" />
<String CONTENT="of" HEIGHT="40" HPOS="1528" VPOS="2569" WIDTH="50" />
<SP HEIGHT="39" HPOS="1579" VPOS="2569" WIDTH="37" />
<String CONTENT="America." HEIGHT="41" HPOS="1617" VPOS="2567" WIDTH="234" />
<SP HEIGHT="39" HPOS="1852" VPOS="2568" WIDTH="74" />
<String CONTENT="Patristic" HEIGHT="42" HPOS="1927" VPOS="2566" WIDTH="232" />
</TextLine>
<TextLine CS="1" HEIGHT="49" HPOS="158" VPOS="2625" WIDTH="563">
<String CONTENT="studies," HEIGHT="41" HPOS="158" VPOS="2625" WIDTH="197" />
<SP HEIGHT="29" HPOS="356" VPOS="2637" WIDTH="58" />
<String CONTENT="vol." HEIGHT="40" HPOS="415" VPOS="2626" WIDTH="90" />
<SP HEIGHT="29" HPOS="506" VPOS="2637" WIDTH="34" />
<String CONTENT="XLVIII)" CS="1" HEIGHT="48" HPOS="708" VPOS="2626" WIDTH="13" />
</TextLine>
<TextLine CS="1" HEIGHT="51" HPOS="227" VPOS="2679" WIDTH="1499">
<String CONTENT="Thesis" HEIGHT="42" HPOS="227" VPOS="2681" WIDTH="171" />
<SP HEIGHT="48" HPOS="399" VPOS="2682" WIDTH="26" />
<String CONTENT="(PH." CS="1" HEIGHT="48" HPOS="426" VPOS="2682" WIDTH="14" />
<SP />
<String CONTENT="D.)&#8212;Catholic" CS="1" HEIGHT="49" HPOS="615" VPOS="2681" WIDTH="307" />
<SP HEIGHT="30" HPOS="923" VPOS="2692" WIDTH="28" />
<String CONTENT="university" HEIGHT="49" HPOS="952" VPOS="2681" WIDTH="268" />
<SP HEIGHT="39" HPOS="1221" VPOS="2691" WIDTH="30" />
<String CONTENT="of" HEIGHT="40" HPOS="1252" VPOS="2681" WIDTH="51" />
<SP HEIGHT="40" HPOS="1304" VPOS="2681" WIDTH="27" />
<String CONTENT="America," HEIGHT="46" HPOS="1332" VPOS="2680" WIDTH="236" />
<SP HEIGHT="45" HPOS="1569" VPOS="2681" WIDTH="31" />
<String CONTENT="1936." HEIGHT="42" HPOS="1601" VPOS="2679" WIDTH="125" />
</TextLine>
<TextLine CS="1" HEIGHT="51" HPOS="231" VPOS="2736" WIDTH="936">
<String CONTENT="&#8220;Select" HEIGHT="43" HPOS="231" VPOS="2738" WIDTH="184" />
<SP HEIGHT="41" HPOS="416" VPOS="2739" WIDTH="29" />
<String CONTENT="bibliography&#8221;;" CS="1" HEIGHT="50" HPOS="446" VPOS="2737" WIDTH="365" />
<SP HEIGHT="38" HPOS="841" VPOS="2749" WIDTH="32" />
<String CONTENT="p." HEIGHT="38" HPOS="874" VPOS="2749" WIDTH="41" />
<SP HEIGHT="28" HPOS="916" VPOS="2750" WIDTH="33" />
<String CONTENT="xiii-xvi." HEIGHT="42" HPOS="950" VPOS="2736" WIDTH="217" />
</TextLine>
<TextLine HEIGHT="55" HPOS="158" VPOS="2803" WIDTH="2005">
<String CONTENT="&#169;" HEIGHT="53" HPOS="158" VPOS="2805" WIDTH="53" />
<SP HEIGHT="53" HPOS="212" VPOS="2805" WIDTH="40" />
<String CONTENT="June" HEIGHT="39" HPOS="253" VPOS="2810" WIDTH="129" />
<SP HEIGHT="37" HPOS="383" VPOS="2811" WIDTH="36" />
<String CONTENT="12," HEIGHT="48" HPOS="420" VPOS="2809" WIDTH="67" />
<SP HEIGHT="47" HPOS="488" VPOS="2810" WIDTH="40" />
<String CONTENT="1936;" HEIGHT="47" HPOS="529" VPOS="2808" WIDTH="141" />
<SP HEIGHT="45" HPOS="671" VPOS="2810" WIDTH="42" />
<String CONTENT="2c." HEIGHT="37" HPOS="714" VPOS="2810" WIDTH="66" />
<SP HEIGHT="29" HPOS="781" VPOS="2819" WIDTH="41" />
<String CONTENT="and" HEIGHT="39" HPOS="823" VPOS="2809" WIDTH="95" />
<SP HEIGHT="38" HPOS="919" VPOS="2809" WIDTH="40" />
<String CONTENT="aff." HEIGHT="40" HPOS="960" VPOS="2809" WIDTH="83" />
<SP HEIGHT="40" HPOS="1044" VPOS="2809" WIDTH="41" />
<String CONTENT="June" HEIGHT="38" HPOS="1086" VPOS="2809" WIDTH="125" />
<SP HEIGHT="38" HPOS="1212" VPOS="2809" WIDTH="40" />
<String CONTENT="15:" HEIGHT="40" HPOS="1253" VPOS="2807" WIDTH="80" />
<SP HEIGHT="39" HPOS="1334" VPOS="2808" WIDTH="44" />
<String CONTENT="A" HEIGHT="38" HPOS="1379" VPOS="2808" WIDTH="39" />
<SP HEIGHT="38" HPOS="1419" VPOS="2808" WIDTH="39" />
<String CONTENT="94940:" HEIGHT="41" HPOS="1459" VPOS="2805" WIDTH="172" />
<SP HEIGHT="39" HPOS="1632" VPOS="2808" WIDTH="43" />
<String CONTENT="Catholic" HEIGHT="42" HPOS="1676" VPOS="2805" WIDTH="223" />
<SP HEIGHT="30" HPOS="1900" VPOS="2814" WIDTH="38" />
<String CONTENT="univ." HEIGHT="40" HPOS="1939" VPOS="2803" WIDTH="130" />
<SP HEIGHT="28" HPOS="2070" VPOS="2815" WIDTH="41" />
<String CONTENT="of" HEIGHT="39" HPOS="2112" VPOS="2804" WIDTH="51" />
</TextLine>
<TextLine HEIGHT="50" HPOS="227" VPOS="2865" WIDTH="587">
<String CONTENT="America." HEIGHT="42" HPOS="227" VPOS="2866" WIDTH="236" />
<SP HEIGHT="49" HPOS="464" VPOS="2865" WIDTH="68" />
<String CONTENT="(36-23906)" HEIGHT="50" HPOS="533" VPOS="2865" WIDTH="281" />
</TextLine>
<TextLine HEIGHT="65" HPOS="160" STYLEREFS="StyleId-3D9C9687-9AB4-44C6-931D-10C18EF5612A-" VPOS="2970" WIDTH="1161">
<String CONTENT="Massachusetts." HEIGHT="53" HPOS="160" VPOS="2970" WIDTH="494" />
<SP HEIGHT="51" HPOS="655" VPOS="2972" WIDTH="73" />
<String CONTENT="Laws," HEIGHT="51" HPOS="729" VPOS="2972" WIDTH="182" />
<SP HEIGHT="35" HPOS="912" VPOS="2988" WIDTH="25" />
<String CONTENT="statutes," HEIGHT="60" HPOS="938" VPOS="2975" WIDTH="256" />
<SP HEIGHT="47" HPOS="1195" VPOS="2988" WIDTH="26" />
<String CONTENT="etc." HEIGHT="47" HPOS="1222" VPOS="2975" WIDTH="99" />
</TextLine>
<TextLine CS="1" HEIGHT="148" HPOS="165" STYLEREFS="StyleId-1E3E9576-7BB6-42A2-8ECE-D70ED0AFA096-" VPOS="3043" WIDTH="1993">
<String CONTENT="Annotated" HEIGHT="52" HPOS="232" VPOS="3048" WIDTH="329" />
<SP HEIGHT="51" HPOS="562" VPOS="3048" WIDTH="32" />
<String CONTENT="laws" HEIGHT="52" HPOS="595" VPOS="3048" WIDTH="138" />
<SP HEIGHT="32" HPOS="734" VPOS="3067" WIDTH="29" />
<String CONTENT="of" HEIGHT="51" HPOS="764" VPOS="3048" WIDTH="62" />
<SP HEIGHT="51" HPOS="827" VPOS="3048" WIDTH="32" />
<String CONTENT="Massachusetts." HEIGHT="53" HPOS="860" VPOS="3046" WIDTH="455" />
<SP HEIGHT="48" HPOS="1316" VPOS="3050" WIDTH="73" />
<String CONTENT="1936" HEIGHT="50" HPOS="1390" VPOS="3047" WIDTH="132" />
<SP HEIGHT="49" HPOS="1523" VPOS="3047" WIDTH="31" />
<String CONTENT="cumulative" HEIGHT="53" HPOS="1555" VPOS="3044" WIDTH="343" />
<SP HEIGHT="34" HPOS="1899" VPOS="3062" WIDTH="33" />
<String CONTENT="supplement," HEIGHT="136" HPOS="165" VPOS="3043" WIDTH="1971" />
<SP HEIGHT="34" HPOS="333" VPOS="3145" WIDTH="33" />
<String CONTENT="containing" HEIGHT="67" HPOS="367" VPOS="3124" WIDTH="333" />
<SP HEIGHT="48" HPOS="701" VPOS="3143" WIDTH="32" />
<String CONTENT="all" HEIGHT="53" HPOS="734" VPOS="3124" WIDTH="75" />
<SP HEIGHT="51" HPOS="810" VPOS="3124" WIDTH="33" />
<String CONTENT="the" HEIGHT="53" HPOS="844" VPOS="3125" WIDTH="94" />
<SP HEIGHT="47" HPOS="939" VPOS="3143" WIDTH="33" />
<String CONTENT="general" HEIGHT="66" HPOS="973" VPOS="3124" WIDTH="225" />
<SP HEIGHT="50" HPOS="1199" VPOS="3124" WIDTH="33" />
<String CONTENT="laws" HEIGHT="51" HPOS="1233" VPOS="3124" WIDTH="138" />
<SP HEIGHT="35" HPOS="1372" VPOS="3140" WIDTH="33" />
<String CONTENT="of" HEIGHT="54" HPOS="1406" VPOS="3121" WIDTH="63" />
<SP HEIGHT="53" HPOS="1470" VPOS="3121" WIDTH="35" />
<String CONTENT="1933," HEIGHT="53" HPOS="1506" VPOS="3126" WIDTH="150" />
<SP HEIGHT="53" HPOS="1657" VPOS="3126" WIDTH="36" />
<String CONTENT="1934," HEIGHT="56" HPOS="1694" VPOS="3126" WIDTH="150" />
<SP HEIGHT="57" HPOS="1845" VPOS="3125" WIDTH="33" />
<String CONTENT="1935" HEIGHT="50" HPOS="1879" VPOS="3124" WIDTH="133" />
<SP HEIGHT="46" HPOS="2013" VPOS="3128" WIDTH="35" />
<String CONTENT="and" HEIGHT="52" HPOS="2049" VPOS="3122" WIDTH="109" />
</TextLine>
<TextLine CS="1" HEIGHT="145" HPOS="164" STYLEREFS="StyleId-1E3E9576-7BB6-42A2-8ECE-D70ED0AFA096-" VPOS="3198" WIDTH="1998">
<String CONTENT="1936" HEIGHT="49" HPOS="167" VPOS="3206" WIDTH="131" />
<SP HEIGHT="47" HPOS="299" VPOS="3207" WIDTH="31" />
<String CONTENT="completely" HEIGHT="65" HPOS="331" VPOS="3203" WIDTH="337" />
<SP HEIGHT="48" HPOS="669" VPOS="3220" WIDTH="33" />
<String CONTENT="annotated," HEIGHT="54" HPOS="703" VPOS="3202" WIDTH="326" />
<SP HEIGHT="54" HPOS="1030" VPOS="3202" WIDTH="32" />
<String CONTENT="by" HEIGHT="65" HPOS="1063" VPOS="3202" WIDTH="73" />
<SP HEIGHT="59" HPOS="1137" VPOS="3208" WIDTH="31" />
<String CONTENT="the" HEIGHT="52" HPOS="1169" VPOS="3201" WIDTH="95" />
<SP HEIGHT="33" HPOS="1265" VPOS="3220" WIDTH="33" />
<String CONTENT="editorial" HEIGHT="53" HPOS="1299" VPOS="3200" WIDTH="264" />
<SP HEIGHT="51" HPOS="1564" VPOS="3200" WIDTH="34" />
<String CONTENT="staffs" HEIGHT="53" HPOS="1599" VPOS="3198" WIDTH="161" />
<SP HEIGHT="31" HPOS="1761" VPOS="3220" WIDTH="32" />
<String CONTENT="of" HEIGHT="52" HPOS="1794" VPOS="3199" WIDTH="63" />
<SP HEIGHT="52" HPOS="1858" VPOS="3199" WIDTH="32" />
<String CONTENT="the" HEIGHT="52" HPOS="1891" VPOS="3200" WIDTH="97" />
<SP HEIGHT="48" HPOS="1989" VPOS="3217" WIDTH="32" />
<String CONTENT="publishers." HEIGHT="134" HPOS="164" VPOS="3198" WIDTH="1972" />
<SP HEIGHT="34" HPOS="380" VPOS="3298" WIDTH="74" />
<String CONTENT="volumes" HEIGHT="52" HPOS="455" VPOS="3280" WIDTH="251" />
<SP HEIGHT="47" HPOS="707" VPOS="3284" WIDTH="50" />
<String CONTENT="1-10" HEIGHT="49" HPOS="758" VPOS="3283" WIDTH="135" />
<SP HEIGHT="48" HPOS="894" VPOS="3284" WIDTH="51" />
<String CONTENT="&#8230;" CS="1" />
<SP HEIGHT="54" HPOS="1001" VPOS="3278" WIDTH="79" />
<String CONTENT="Charlottesville." HEIGHT="55" HPOS="1081" VPOS="3278" WIDTH="479" />
<SP HEIGHT="54" HPOS="1561" VPOS="3279" WIDTH="46" />
<String CONTENT="Va.," HEIGHT="64" HPOS="1608" LANG="fr" VPOS="3279" WIDTH="126" />
<SP HEIGHT="65" HPOS="1735" VPOS="3278" WIDTH="46" />
<String CONTENT="The" HEIGHT="51" HPOS="1782" VPOS="3277" WIDTH="121" />
<SP HEIGHT="51" HPOS="1904" VPOS="3278" WIDTH="44" />
<String CONTENT="Michie" HEIGHT="54" HPOS="1949" VPOS="3275" WIDTH="213" />
</TextLine>
<TextLine CS="1" HEIGHT="147" HPOS="164" STYLEREFS="StyleId-1E3E9576-7BB6-42A2-8ECE-D70ED0AFA096-" VPOS="3354" WIDTH="1973">
<String CONTENT="company:" HEIGHT="48" HPOS="165" VPOS="3376" WIDTH="305" />
<SP HEIGHT="52" HPOS="471" VPOS="3358" WIDTH="47" />
<String CONTENT="Rochester," HEIGHT="65" HPOS="519" VPOS="3358" WIDTH="321" />
<SP HEIGHT="65" HPOS="841" VPOS="3358" WIDTH="40" />
<String CONTENT="N." HEIGHT="51" HPOS="882" LANG="fr" VPOS="3358" WIDTH="67" />
<SP HEIGHT="51" HPOS="950" VPOS="3358" WIDTH="47" />
<String CONTENT="Y.," HEIGHT="64" HPOS="998" VPOS="3358" WIDTH="86" />
<SP HEIGHT="63" HPOS="1085" VPOS="3359" WIDTH="40" />
<String CONTENT="The" HEIGHT="51" HPOS="1126" VPOS="3357" WIDTH="119" />
<SP HEIGHT="50" HPOS="1246" VPOS="3358" WIDTH="42" />
<String CONTENT="Lawyers" HEIGHT="64" HPOS="1289" VPOS="3358" WIDTH="266" />
<SP HEIGHT="34" HPOS="1556" VPOS="3373" WIDTH="42" />
<String CONTENT="co-operative" HEIGHT="67" HPOS="1599" VPOS="3354" WIDTH="381" />
<SP HEIGHT="48" HPOS="1981" VPOS="3372" WIDTH="40" />
<String CONTENT="publishing" HEIGHT="137" HPOS="164" VPOS="3355" WIDTH="1973" />
<SP HEIGHT="37" HPOS="377" VPOS="3455" WIDTH="23" />
<String CONTENT="company" HEIGHT="48" HPOS="401" VPOS="3453" WIDTH="280" />
<SP />
<String CONTENT="[c1936]" CS="1" HEIGHT="33" HPOS="893" VPOS="3468" WIDTH="10" />
</TextLine>
<TextLine HEIGHT="41" HPOS="231" VPOS="3508" WIDTH="305">
<String CONTENT="10" HEIGHT="40" HPOS="231" VPOS="3508" WIDTH="55" />
<SP HEIGHT="40" HPOS="287" VPOS="3508" WIDTH="31" />
<String CONTENT="v." HEIGHT="29" HPOS="319" VPOS="3518" WIDTH="39" />
<SP HEIGHT="38" HPOS="359" VPOS="3509" WIDTH="61" />
<String CONTENT="23" HEIGHT="41" HPOS="421" VPOS="3508" WIDTH="53" />
<String CONTENT="cm" HEIGHT="21" HPOS="479" STYLE="superscript" VPOS="3510" WIDTH="42" />
<String CONTENT="." HEIGHT="9" HPOS="529" VPOS="3540" WIDTH="7" />
</TextLine>
<TextLine HEIGHT="52" HPOS="232" VPOS="3560" WIDTH="1931">
<String CONTENT="These" HEIGHT="39" HPOS="232" VPOS="3565" WIDTH="154" />
<SP HEIGHT="36" HPOS="387" VPOS="3576" WIDTH="29" />
<String CONTENT="pamphlets" HEIGHT="47" HPOS="417" VPOS="3565" WIDTH="274" />
<SP HEIGHT="27" HPOS="692" VPOS="3575" WIDTH="28" />
<String CONTENT="are" HEIGHT="29" HPOS="721" VPOS="3574" WIDTH="83" />
<SP HEIGHT="37" HPOS="805" VPOS="3566" WIDTH="30" />
<String CONTENT="to" HEIGHT="37" HPOS="836" VPOS="3566" WIDTH="48" />
<SP HEIGHT="37" HPOS="885" VPOS="3564" WIDTH="32" />
<String CONTENT="be" HEIGHT="38" HPOS="918" VPOS="3564" WIDTH="56" />
<SP HEIGHT="38" HPOS="975" VPOS="3564" WIDTH="26" />
<String CONTENT="fitted" HEIGHT="39" HPOS="1002" VPOS="3563" WIDTH="137" />
<SP HEIGHT="38" HPOS="1140" VPOS="3563" WIDTH="32" />
<String CONTENT="into" HEIGHT="38" HPOS="1173" VPOS="3563" WIDTH="101" />
<SP HEIGHT="37" HPOS="1275" VPOS="3566" WIDTH="30" />
<String CONTENT="the" HEIGHT="41" HPOS="1306" VPOS="3562" WIDTH="84" />
<SP HEIGHT="37" HPOS="1391" VPOS="3573" WIDTH="26" />
<String CONTENT="pockets" HEIGHT="48" HPOS="1418" VPOS="3562" WIDTH="197" />
<SP HEIGHT="29" HPOS="1616" VPOS="3572" WIDTH="32" />
<String CONTENT="at" HEIGHT="39" HPOS="1649" VPOS="3562" WIDTH="52" />
<SP HEIGHT="38" HPOS="1702" VPOS="3562" WIDTH="28" />
<String CONTENT="the" HEIGHT="39" HPOS="1731" VPOS="3561" WIDTH="81" />
<SP HEIGHT="38" HPOS="1813" VPOS="3561" WIDTH="31" />
<String CONTENT="hack" HEIGHT="38" HPOS="1845" VPOS="3561" WIDTH="121" />
<SP HEIGHT="36" HPOS="1967" VPOS="3561" WIDTH="31" />
<String CONTENT="of" HEIGHT="37" HPOS="1999" VPOS="3560" WIDTH="54" />
<SP HEIGHT="38" HPOS="2054" VPOS="3560" WIDTH="27" />
<String CONTENT="the" HEIGHT="39" HPOS="2082" VPOS="3560" WIDTH="81" />
</TextLine>
<TextLine HEIGHT="47" HPOS="163" VPOS="3618" WIDTH="1121">
<String CONTENT="volumes" HEIGHT="38" HPOS="163" VPOS="3622" WIDTH="212" />
<SP HEIGHT="27" HPOS="376" VPOS="3631" WIDTH="25" />
<String CONTENT="of" HEIGHT="38" HPOS="402" VPOS="3621" WIDTH="52" />
<SP HEIGHT="38" HPOS="455" VPOS="3621" WIDTH="26" />
<String CONTENT="the" HEIGHT="38" HPOS="482" VPOS="3621" WIDTH="81" />
<SP HEIGHT="28" HPOS="564" VPOS="3631" WIDTH="27" />
<String CONTENT="set" HEIGHT="36" HPOS="592" VPOS="3623" WIDTH="72" />
<SP HEIGHT="37" HPOS="665" VPOS="3623" WIDTH="29" />
<String CONTENT="to" HEIGHT="36" HPOS="695" VPOS="3624" WIDTH="46" />
<SP HEIGHT="27" HPOS="742" VPOS="3630" WIDTH="27" />
<String CONTENT="which" HEIGHT="39" HPOS="770" VPOS="3619" WIDTH="156" />
<SP HEIGHT="39" HPOS="927" VPOS="3619" WIDTH="30" />
<String CONTENT="they" HEIGHT="46" HPOS="958" VPOS="3619" WIDTH="113" />
<SP HEIGHT="47" HPOS="1072" VPOS="3618" WIDTH="27" />
<String CONTENT="belong." HEIGHT="45" HPOS="1100" VPOS="3618" WIDTH="184" />
</TextLine>
<TextLine HEIGHT="54" HPOS="166" VPOS="3673" WIDTH="1998">
<String CONTENT="&#169;" HEIGHT="53" HPOS="166" VPOS="3674" WIDTH="53" />
<SP HEIGHT="53" HPOS="220" VPOS="3674" WIDTH="34" />
<String CONTENT="Nov." HEIGHT="39" HPOS="255" VPOS="3678" WIDTH="116" />
<SP HEIGHT="37" HPOS="372" VPOS="3680" WIDTH="33" />
<String CONTENT="4." HEIGHT="38" HPOS="406" VPOS="3680" WIDTH="40" />
<SP HEIGHT="39" HPOS="447" VPOS="3679" WIDTH="35" />
<String CONTENT="1936;" HEIGHT="46" HPOS="483" VPOS="3677" WIDTH="137" />
<SP HEIGHT="47" HPOS="621" VPOS="3676" WIDTH="38" />
<String CONTENT="2c." HEIGHT="39" HPOS="660" VPOS="3676" WIDTH="65" />
<SP HEIGHT="29" HPOS="726" VPOS="3686" WIDTH="37" />
<String CONTENT="each" HEIGHT="39" HPOS="764" VPOS="3676" WIDTH="118" />
<SP HEIGHT="39" HPOS="883" VPOS="3676" WIDTH="34" />
<String CONTENT="Nov." HEIGHT="39" HPOS="918" VPOS="3676" WIDTH="118" />
<SP HEIGHT="38" HPOS="1037" VPOS="3677" WIDTH="35" />
<String CONTENT="6;" HEIGHT="45" HPOS="1073" VPOS="3677" WIDTH="51" />
<SP HEIGHT="45" HPOS="1125" VPOS="3677" WIDTH="40" />
<String CONTENT="A" HEIGHT="37" HPOS="1166" VPOS="3677" WIDTH="37" />
<SP HEIGHT="38" HPOS="1204" VPOS="3676" WIDTH="36" />
<String CONTENT="100328:" HEIGHT="42" HPOS="1241" VPOS="3674" WIDTH="198" />
<SP HEIGHT="41" HPOS="1440" VPOS="3675" WIDTH="42" />
<String CONTENT="Michie" HEIGHT="40" HPOS="1483" VPOS="3673" WIDTH="177" />
<SP HEIGHT="30" HPOS="1661" VPOS="3682" WIDTH="34" />
<String CONTENT="co." HEIGHT="30" HPOS="1696" VPOS="3682" WIDTH="66" />
<SP HEIGHT="28" HPOS="1763" VPOS="3684" WIDTH="37" />
<String CONTENT="and" HEIGHT="38" HPOS="1801" VPOS="3673" WIDTH="94" />
<SP HEIGHT="37" HPOS="1896" VPOS="3673" WIDTH="39" />
<String CONTENT="Lawyers" HEIGHT="45" HPOS="1936" VPOS="3673" WIDTH="228" />
</TextLine>
<TextLine HEIGHT="48" HPOS="236" VPOS="3732" WIDTH="552">
<String CONTENT="co-operative" HEIGHT="47" HPOS="236" VPOS="3733" WIDTH="322" />
<SP HEIGHT="37" HPOS="559" VPOS="3743" WIDTH="23" />
<String CONTENT="pubd," HEIGHT="48" HPOS="583" VPOS="3732" WIDTH="109" />
<SP HEIGHT="30" HPOS="693" VPOS="3742" WIDTH="27" />
<String CONTENT="co." HEIGHT="31" HPOS="721" VPOS="3742" WIDTH="67" />
</TextLine>
<TextLine HEIGHT="63" HPOS="167" STYLEREFS="StyleId-61059306-1A21-416C-BB52-C1E6A355FE90-" VPOS="3838" WIDTH="581">
<String CONTENT="Matisse," HEIGHT="62" HPOS="167" VPOS="3839" WIDTH="264" />
<SP HEIGHT="63" HPOS="432" VPOS="3838" WIDTH="23" />
<String CONTENT="Maarten." HEIGHT="53" HPOS="456" VPOS="3838" WIDTH="292" />
</TextLine>
<TextLine CS="1" HEIGHT="69" HPOS="240" STYLEREFS="StyleId-1E3E9576-7BB6-42A2-8ECE-D70ED0AFA096-" VPOS="3907" WIDTH="1925">
<String CONTENT="A" HEIGHT="51" HPOS="240" VPOS="3914" WIDTH="53" />
<SP HEIGHT="51" HPOS="294" VPOS="3914" WIDTH="35" />
<String CONTENT="wanderer" HEIGHT="52" HPOS="330" VPOS="3912" WIDTH="290" />
<SP HEIGHT="52" HPOS="621" VPOS="3912" WIDTH="32" />
<String CONTENT="from" HEIGHT="52" HPOS="654" VPOS="3912" WIDTH="153" />
<SP HEIGHT="33" HPOS="808" VPOS="3931" WIDTH="31" />
<String CONTENT="sea" HEIGHT="33" HPOS="840" VPOS="3931" WIDTH="89" />
<SP HEIGHT="49" HPOS="930" VPOS="3915" WIDTH="36" />
<String CONTENT="to" HEIGHT="47" HPOS="967" VPOS="3915" WIDTH="54" />
<SP HEIGHT="32" HPOS="1022" VPOS="3930" WIDTH="30" />
<String CONTENT="sea;" CS="1" HEIGHT="33" HPOS="1053" VPOS="3930" WIDTH="87" />
<SP HEIGHT="58" HPOS="1172" VPOS="3918" WIDTH="40" />
<String CONTENT="the" HEIGHT="52" HPOS="1213" VPOS="3911" WIDTH="92" />
<SP HEIGHT="52" HPOS="1306" VPOS="3911" WIDTH="31" />
<String CONTENT="book" HEIGHT="52" HPOS="1338" VPOS="3910" WIDTH="146" />
<SP HEIGHT="51" HPOS="1485" VPOS="3910" WIDTH="31" />
<String CONTENT="of" HEIGHT="52" HPOS="1517" VPOS="3909" WIDTH="63" />
<SP HEIGHT="51" HPOS="1581" VPOS="3909" WIDTH="33" />
<String CONTENT="Maarten" HEIGHT="52" HPOS="1615" VPOS="3909" WIDTH="263" />
<SP HEIGHT="53" HPOS="1879" VPOS="3908" WIDTH="32" />
<String CONTENT="Matisse," HEIGHT="65" HPOS="1912" VPOS="3907" WIDTH="253" />
</TextLine>
<TextLine CS="1" HEIGHT="72" HPOS="172" STYLEREFS="StyleId-1E3E9576-7BB6-42A2-8ECE-D70ED0AFA096-" VPOS="3986" WIDTH="1987">
<String CONTENT="a" HEIGHT="32" HPOS="172" VPOS="4011" WIDTH="29" />
<SP HEIGHT="33" HPOS="202" VPOS="4010" WIDTH="34" />
<String CONTENT="vagabond" HEIGHT="67" HPOS="237" VPOS="3991" WIDTH="294" />
<SP HEIGHT="52" HPOS="532" VPOS="3991" WIDTH="32" />
<String CONTENT="in" HEIGHT="51" HPOS="565" VPOS="3992" WIDTH="58" />
<SP HEIGHT="33" HPOS="624" VPOS="4009" WIDTH="28" />
<String CONTENT="search" HEIGHT="53" HPOS="653" VPOS="3989" WIDTH="193" />
<SP HEIGHT="52" HPOS="847" VPOS="3989" WIDTH="31" />
<String CONTENT="of" HEIGHT="52" HPOS="879" VPOS="3989" WIDTH="64" />
<SP HEIGHT="54" HPOS="944" VPOS="3989" WIDTH="28" />
<String CONTENT="God." HEIGHT="54" HPOS="973" VPOS="3989" WIDTH="143" />
<SP HEIGHT="51" HPOS="1117" VPOS="3989" WIDTH="66" />
<String CONTENT="London." HEIGHT="51" HPOS="1184" VPOS="3989" WIDTH="256" />
<SP HEIGHT="51" HPOS="1441" VPOS="3989" WIDTH="31" />
<String CONTENT="L." HEIGHT="50" HPOS="1473" VPOS="3989" WIDTH="60" />
<SP HEIGHT="51" HPOS="1534" VPOS="3988" WIDTH="33" />
<String CONTENT="Dickson" HEIGHT="53" HPOS="1568" VPOS="3986" WIDTH="247" />
<SP HEIGHT="52" HPOS="1816" VPOS="3986" WIDTH="30" />
<String CONTENT="ltd." HEIGHT="53" HPOS="1847" VPOS="3986" WIDTH="105" />
<SP />
<String CONTENT="[1936]" CS="1" HEIGHT="34" HPOS="2147" VPOS="4019" WIDTH="12" />
</TextLine>
</TextBlock>
</PrintSpace>
</Page>
</Layout>
</alto>