2519 4377
1018 4072 133 53 1017

89 437 156 62 Holt,
272 437 217 62 Edgar.

155 525 103 54 It’s
295 526 77 51 all
409 524 300 68 arranged,
744 523 75 68 by
854 522 199 69 Edgar
1090 521 145 54 Holt
1279 565 56 10 ...
1412 521 259 67 London,
1707 521 70 53 A.
1815 521 260 67 Melrose,

92 603 100 53 ltd.
232 604 170 66 [1936]

158 686 86 40 256
284 697 44 37 p.
387 685 56 41 19
445 688 44 21 cm
493 717 10 9 .

86 755 1990 52 © 1c. July 30, 1936; A ad int. 21699; pubd. June 4; E. Holt, London.
168 815 278 48 (36-17700)

88 918 228 65 Howes,
343 918 245 56 Francis
612 917 305 56 Williams.

157 1011 123 51 The
317 1009 305 65 chemistry
663 1008 63 52 of
766 1007 260 54 cosmetic
1068 1009 247 65 practice
1362 1007 109 67 [by]
1517 1008 238 51 Francis
1795 1006 286 57 Williams

87 1088 206 52 Howes
329 1130 55 9 ...
469 1086 288 67 [Chicago,
787 1092 17 21 c
810 1087 151 65 1936]

156 1173 56 41 92
242 1184 43 37 p.
345 1173 55 39 22½
432 1175 45 22 cm
482 1206 7 8 .

159 1240 118 41 This
301 1241 121 40 book
446 1241 42 40 is
514 1252 61 29 an
600 1242 330 47 enlargement
955 1241 52 40 of
1029 1242 82 39 the
1137 1240 217 42 author’s
1380 1241 336 40 Introduction
1744 1243 48 39 to
1819 1243 262 48 chemistry

90 1299 53 40 of
167 1298 225 41 cosmetic
421 1299 212 48 practice
660 1298 255 49 published
944 1298 50 40 in
1021 1298 127 40 1934.
1209 1299 62 48 cf.
1300 1298 129 42 Pref.

88 1365 52 53 ©
166 1369 126 40 June
320 1368 68 48 22,
418 1368 116 41 1936;
588 1368 66 41 2c.
686 1369 126 39 June
840 1368 56 39 24;
954 1367 82 41 aff.
1067 1368 114 47 July
1210 1370 25 37 1;
1294 1369 43 38 A
1364 1367 143 41 95898;
1569 1369 50 38 F.
1651 1370 70 39 W.
1752 1370 190 48 Howes,
157 1369 1907 103 Chicago.
355 1424 280 49 [Copyright
670 1425 42 38 is
749 1424 205 40 claimed
989 1435 59 29 on
1084 1424 197 47 preface
1318 1424 94 39 and
1450 1424 271 40 additional
1758 1427 118 48 text]

170 1481 278 51 (36-17507)

86 1585 263 56 Indiana.
421 1588 184 65 Laws,
632 1590 256 63 statutes,
915 1591 100 49 etc.

162 1721 55 9 ...
257 1680 189 51 Burns
481 1678 306 52 annotated
821 1675 248 54 Indiana
1104 1680 253 49 statutes.
1438 1677 173 67 [May,
1648 1681 150 64 1936,
87 1679 1971 130 cumulative
244 1756 202 67 pocket
489 1755 376 67 supplement]
950 1754 251 53 volumes
1248 1757 147 51 1-12.
1485 1755 433 68 [Indianapolis,
1964 1758 121 51 The

90 1833 439 53 Bobbs-Merrill
559 1851 296 49 company,
885 1839 17 21 c
908 1835 151 63 1936]

160 1920 54 39 12
277 1952 7 8 v.
341 1918 146 41 25½cm.

160 1990 154 38 These
343 1987 275 48 pamphlets
649 1997 84 30 are
765 1989 48 38 to
843 1987 58 39 be
930 1987 138 39 fitted
1098 1986 104 40 into
1232 1987 82 40 the
1343 1987 198 47 pockets
1573 1989 51 37 at
1653 1988 82 39 the
1768 1989 121 38 back
1921 1990 52 38 of
2005 1988 84 42 the

89 2046 213 38 volumes
330 2045 50 39 of
407 2045 82 39 the
517 2046 73 38 set
618 2046 49 37 to
694 2043 160 40 which
880 2044 115 46 they
1022 2042 183 48 belong.

91 2113 52 53 ©
171 2118 113 45 May
307 2115 69 49 29,
406 2114 140 49 1936;
575 2114 67 42 2c.
672 2114 116 40 each
818 2115 126 39 June
971 2115 51 46 6;
1053 2114 107 39 affs.
1192 2115 125 38 June
1346 2114 80 47 10;
1459 2116 40 37 A
1527 2114 346 49 94852-94863;
1909 2117 177 40 Bobbs-

164 2172 186 41 Merrill
377 2182 67 31 co.

89 2277 209 65 Inglin,
328 2275 285 64 Meinrad,
646 2280 171 50 1893-

166 2411 55 9 ...
255 2365 111 54 Die
391 2384 177 44 graue
593 2366 212 52 march.
880 2364 257 64 Leipzig,
1168 2366 64 53 L.
1267 2365 403 63 Staackmann,
1703 2370 150 49 1935.

163 2440 99 48 255,
296 2439 56 51 [1]
380 2450 43 38 p.
483 2439 58 41 19
542 2441 43 22 cm
590 2471 10 10 .

165 2498 41 39 A
233 2497 153 41 novel.

93 2564 1996 53 © Feb. 28, 1935; 1c. Apr. 27, 1936; A-Foreign 31537; L. Staackmann
164 2626 178 46 verlag,
368 2634 42 38 g.
433 2634 60 30 m.
518 2623 42 40 b.
587 2624 46 40 h.
699 2623 280 48 (36-17282)

90 2728 282 65 Johnson,
400 2728 175 53 Alvin
600 2726 244 64 Walter,
874 2732 170 50 1895-

166 2817 283 56 Calendar
473 2817 234 68 reform,
732 2819 154 51 what
911 2818 130 53 does
1064 2817 46 53 it
1132 2817 198 54 mean?
1367 2852 11 33 [
1383 2817 93 68 by]
1506 2817 181 53 Alvin
1711 2819 89 53 W.
1828 2819 261 55 Johnson

99 2940 56 10 ...
233 2896 83 53 La
354 2895 248 70 Grange,
637 2896 115 69 Ill.,
784 2895 144 56 Pub.
963 2896 180 53 under
1178 2896 94 53 the
1308 2897 254 66 auspices
1598 2895 64 55 of
1696 2897 95 52 the
95 2897 1968 130 International

317 2973 269 70 religious
632 2974 209 69 liberty
887 2974 337 54 association
1268 2974 76 68 by
1387 2975 96 52 the
1527 2975 340 54 Broadview
1914 2995 174 48 press,

99 3058 148 50 1936.

203 3158 9 16 x,
243 3127 83 39 173
355 3136 43 38 p.
459 3126 127 42 illus.
646 3126 117 42 20cm.

170 3183 247 41 “Selected
447 3182 366 49 bibliography”;
872 3193 43 38 p.
948 3181 247 51 [155]-165.

98 3250 52 53 ©
180 3255 127 38 June
334 3255 69 45 15,
433 3254 113 39 1936;
605 3254 67 39 2c.
704 3253 115 47 July
850 3253 80 47 11;
965 3253 81 42 aff.
1079 3253 113 47 July
1225 3252 82 49 29;
1342 3254 41 38 A
1415 3253 169 48 96670;
1620 3253 287 40 Broadview
1939 3262 151 39 press.

178 3309 278 48 (36-17222)

98 3415 254 62 Kalmer,
381 3415 133 63 Leo,
546 3414 171 54 1877-

170 3503 187 55 Crime
407 3505 109 52 and
564 3504 270 67 religion;
885 3522 30 34 a
963 3504 169 68 study
1178 3504 63 52 of
1286 3503 448 69 criminological
1782 3504 147 53 facts
1979 3504 111 53 and

101 3583 296 65 problems,
442 3583 74 66 by
561 3584 114 50 Leo
722 3583 237 51 Kalmer
1011 3625 54 9 ...
1113 3583 61 51 in
1221 3582 410 53 collaboration
1675 3582 140 53 with
1864 3583 233 67 Eligiusi

100 3659 157 54 Weir
287 3702 53 9 ...
371 3660 187 51 edited
582 3659 73 66 by
680 3661 192 52 James
895 3660 196 66 Meyer
1120 3702 54 9 ...
1204 3659 387 53 introduction
1615 3660 75 66 by
1714 3660 192 67 Major
1927 3662 77 51 H.
2029 3661 61 54 C.

102 3737 124 51 Hill
272 3780 54 8 ...
370 3736 229 66 preface
634 3737 75 66 by
745 3738 154 66 Very
936 3738 135 52 Rev.
1113 3736 239 53 Francis
1387 3739 54 53 J.
1481 3739 160 51 Haas
1688 3779 55 10 ...
1823 3736 269 69 Chicago,

102 3814 1109 67 Ill., Franciscan herald press [ c 1936]
173 3886 98 46 xxi,
302 3885 87 40 278
416 3895 43 37 p.
489 3884 110 42 incl.
633 3885 170 42 tables.
861 3885 146 40 20½cm.

106 3950 52 52 ©
189 3955 113 46 July
331 3955 69 45 23,
432 3954 140 46 1936;
602 3954 69 41 2c.
704 3955 116 47 July
849 3955 82 47 23;
966 3954 80 40 aff.
1079 3956 118 46 Aug.
1230 3955 53 47 3;
1315 3956 40 38 A
1387 3954 170 48 97224;
1594 3954 297 40 Franciscan
1922 3953 172 41 herald

173 4019 148 38 press.
388 4010 253 48 (36-17669)
