2519 4377
1050 4113 62 48 989

73 456 228 61 Orcutt,
326 451 253 55 William
606 452 186 60 Dana,
822 451 170 53 1870-

203 519 1857 75 … Celebrities off parade; pen-and-ink portrait sketches by
72 607 238 68 Dwight
354 606 62 55 C.
464 605 252 67 Sturges.
794 605 267 65 Chicago,
1106 602 137 52 New
1287 601 180 65 York,
1509 599 243 65 Willett,
1798 598 177 54 Clark
2018 601 42 49 &

72 703 294 50 company,
401 688 148 49 1935.

145 758 97 47 287,
274 757 52 49 [1]
354 767 42 37 p.
423 756 108 39 incl.
558 755 163 48 front.,
750 755 141 46 illus.,
919 754 146 47 ports.
1126 752 54 40 23½
1213 754 43 21 cm
1262 783 9 9 .

147 815 160 39 “First
336 812 226 41 edition.”

74 869 52 52 ©
153 873 125 46 Sept.
304 872 67 40 16.
397 871 111 39 1935
527 881 8 35 ;
561 869 66 39 2c.
654 870 126 39 June
804 869 68 47 26,
899 868 137 42 1936;
1064 867 82 40 aff.
1172 867 126 39 June
1323 865 55 40 19
1396 877 8 31 ;
1433 867 39 37 A
1499 864 143 41 96179
1661 875 8 35 ;
1698 865 70 39 W.
1794 866 56 37 D.
1878 863 187 48 Orcutt,

143 930 194 39 Boston.
408 926 278 49 (36-13961)

73 1018 165 62 Pace,
263 1019 127 62 Roy
412 1018 275 62 Bennett,
712 1017 52 51 d.
795 1019 148 49 1918.

141 1094 304 53 American
479 1095 309 51 literature.
857 1094 136 51 New
1027 1093 101 52 ed..
1161 1090 296 67 including
1489 1094 189 48 recent
1708 1090 250 65 authors,
1992 1089 75 66 by

75 1167 1992 72 Roy Bennett Pace … Boston, New York [etc.] Allyn and
74 1253 412 64 Bacon [ c 1936]
144 1322 62 47 vi,
233 1323 86 39 344
343 1332 43 37 p.
444 1321 161 47 front.,
638 1320 128 39 illus.
796 1319 133 48 (incl.
959 1321 162 46 ports.,
1153 1317 240 49 facsims.)
1462 1317 57 40 19½
1549 1320 44 20 cm
1598 1349 9 8 .

143 1373 1874 49 With this is bound the author’s Readings in American literature …
73 1437 195 47 Boston,
304 1436 116 37 New
454 1434 129 39 York
635 1435 102 40 [etc..
774 1435 18 20 c
796 1432 127 49 1926]

148 1491 287 45 “Prefatory
461 1492 109 37 note
597 1492 48 37 to
672 1489 81 39 the
778 1488 189 40 revised
993 1487 210 40 edition”
1233 1486 167 48 signed
1418 1497 9 29 ;
1456 1487 54 40 A.
1541 1488 53 38 B.
1622 1486 58 39 de
1705 1486 147 40 Mille.

146 1547 246 41 “Selected
419 1546 82 39 list
531 1546 50 37 of
609 1544 331 48 biographical
971 1544 92 39 and
1094 1542 190 41 critical
1313 1542 187 39 works”:
1560 1553 41 37 p.
1632 1542 217 41 327-329.

77 1600 52 54 ©
163 1605 81 40 July
311 1605 39 46 3,
388 1602 139 41 1936:
565 1603 67 39 2c.
670 1601 114 47 July
817 1601 81 43 23;
939 1600 80 41 aff.
1059 1600 115 47 July
1210 1600 83 47 22;
1332 1600 40 39 A
1407 1599 170 47 97116;
1617 1599 184 40 Bertha
1837 1600 54 39 A.
1930 1599 138 48 Pace,

147 1661 284 46 Clarendon,
500 1670 42 29 Va.
606 1658 279 49 (36-16875)

74 1751 244 63 Petroff,
346 1751 196 54 Louis.

208 1821 1862 70 … Solitaries and solitarization; a study of the concepts,
77 1904 196 68 forms,
299 1905 244 68 degrees,
569 1921 208 47 causes,
803 1901 112 54 and
940 1901 190 54 effects
1156 1901 63 53 of
1244 1900 283 68 isolation,
1552 1901 75 68 by
1650 1901 174 52 Louis
1850 1901 221 53 Petroff

139 1978 1932 71 … Los Angeles, The University of Southern California press,
77 2063 148 51 1936.

145 2130 1924 52 2 p. l. , 37 p. 23 cm . (The University of Southern California. School
77 2189 52 42 of
156 2190 224 41 research
409 2190 198 40 studies,
667 2201 74 30 no.
770 2188 80 49 13)

150 2246 156 42 Social
337 2247 185 42 science
550 2246 164 50 series,
744 2258 75 30 no.
849 2245 69 42 16.

151 2303 255 48 Summary
434 2304 50 40 of
509 2304 153 41 thesis
699 2304 106 49 (PH.
864 2302 387 49 D.)—University
1279 2303 51 40 of
1359 2302 242 42 Southern
1626 2301 287 51 California,
1941 2304 128 42 1934.

149 2360 345 50 Bibliography:
556 2372 43 38 p.
630 2359 160 43 33-37.

80 2414 52 52 ©
168 2419 125 39 June
330 2419 67 46 18,
435 2417 112 40 1836
566 2429 8 35 ;
613 2417 67 39 2c.
719 2419 126 39 June
881 2416 82 47 29;
1003 2415 83 43 aff.
1127 2418 126 39 June
1288 2417 83 45 30;
1410 2418 39 37 A
1487 2417 170 46 95879;
1701 2416 281 48 University
2023 2418 51 40 of

151 2475 240 40 Southern
418 2474 286 48 California,
733 2475 91 38 Los
852 2473 218 47 Angeles.
1138 2472 279 49 (36-16886)

77 2548 262 64 Phillips,
365 2552 136 50 Mrs.
529 2551 171 61 Mary
731 2548 286 65 (Geisler)
1053 2554 171 49 1881-

79 2625 1993 145 Nature—by seaside and wayside … a series in natural science. [V.] 3-4. By Mary Geisler Phillips and Julia McNair
77 2782 260 65 Wright;
377 2782 137 51 with
553 2782 288 65 drawings
874 2782 74 65 by
982 2781 76 52 H.
1099 2782 276 65 Boylston
1409 2783 275 51 Dummer
1721 2783 111 51 and
1868 2783 205 53 Albert

81 2860 192 52 Force.
350 2860 230 58 Boston,
620 2860 139 52 New
801 2859 160 52 York
1024 2864 118 62 [etc.]
1189 2860 70 52 D.
1304 2860 61 55 C.
1405 2861 193 51 Heath
1640 2861 111 52 and
1792 2878 280 52 company

84 2971 12 32 [
101 2943 18 21 c
126 2940 132 50 1936
263 2970 12 33 ]

149 3009 29 38 2
202 3019 42 29 v.
298 3008 126 39 illus.
456 3008 132 47 (part
617 3008 112 46 col.)
794 3008 53 40 19½
881 3011 43 20 cm
931 3041 7 7 .

492 3075 71 38 CONTENTS.—[V.]
592 3063 41 41 3.
664 3065 169 38 Plants
865 3064 95 39 and
989 3064 360 50 animals.—[V.]
1383 3064 41 41 4.
1455 3066 98 39 Our
1583 3066 142 40 earth
1753 3067 96 39 and
1877 3066 65 40 its
1974 3068 99 39 life,

82 3132 41 29 v.
150 3123 40 39 3,
218 3117 52 53 ©
298 3123 120 37 Mar.
448 3121 67 47 17,
545 3120 111 40 1936
676 3131 8 36 ;
714 3121 66 39 2c.
810 3121 94 38 and
932 3120 81 40 aff.
1042 3122 121 39 Mar.
1193 3122 53 39 23
1266 3132 8 35 ;
1306 3132 28 26 v.
1375 3123 41 45 4,
1446 3118 56 52 ©
1524 3123 114 46 Apr.
1668 3123 53 40 13
1740 3134 8 35 ;
1778 3124 68 40 2c.
1877 3125 113 45 May
2019 3126 23 37 1
2062 3136 9 35 ;

151 3178 82 38 aff.
258 3178 112 46 Apr.
395 3177 55 40 30
469 3188 7 30 ;
503 3178 41 37 A
567 3177 143 39 92432
728 3188 9 34 ;
765 3176 169 48 94230;
962 3178 56 38 D.
1045 3178 48 40 C.
1120 3178 165 38 Heath
1310 3178 36 39 &
1370 3187 66 30 co.
1495 3177 278 50 [Copyright
1800 3179 41 39 is
1868 3178 206 40 claimed

152 3243 59 29 on
254 3233 224 48 révision]

81 3307 181 64 Pless,
303 3308 172 62 Mary
514 3308 261 53 Theresa
816 3307 190 54 Olivia
1036 3307 596 66 (Cornwallis-West)
1681 3310 219 66 fürstin
1940 3326 133 47 von,

153 3385 170 54 1873-

150 3458 176 53 What
353 3459 32 52 I
413 3459 106 53 left
546 3459 222 69 unsaid,
796 3460 74 69 by
899 3460 199 69 Daisy,
1125 3459 250 69 princess
1401 3460 66 54 of
1492 3461 186 68 Pless;
1711 3462 189 55 edited
1931 3462 142 53 with

85 3556 70 33 an
207 3536 385 54 introduction
648 3538 112 53 and
814 3543 158 58 nptes
1025 3538 75 69 by
1154 3537 192 70 Major
1398 3538 291 55 Desmond
1745 3538 325 70 Chapman-

82 3613 256 68 Huston;
376 3615 138 51 with
549 3615 133 52 four
714 3616 197 67 plates.
979 3616 138 52 New
1153 3616 179 68 York,
1368 3617 67 53 E.
1469 3618 66 52 P.
1570 3617 223 53 Dutton
1829 3636 97 49 co.,
1963 3617 107 54 inc.

130 3695 135 50 [c1936]

152 3764 115 49 xvii,
296 3764 84 41 302
407 3774 43 37 p.
509 3764 149 41 front,
699 3765 169 49 (port.)
935 3765 146 41 22½cm.

155 3820 162 41 “First
343 3821 223 41 edition.”

88 3874 52 52 ©
177 3879 125 39 June
341 3880 67 45 16,
447 3879 111 39 1936
577 3890 9 34 ;
626 3878 67 40 2c.
734 3880 93 38 and
866 3880 80 40 aff.
986 3882 127 38 June
1148 3882 54 38 17
1220 3892 7 30 ;
1271 3882 40 37 A
1351 3881 168 45 95731;
1563 3881 165 47 Daisy,
1769 3881 216 48 princess
2025 3883 51 39 of

157 3935 135 37 Pless
337 3936 163 44 (Mary
536 3935 209 39 Theresa
787 3935 154 41 Olivia
983 3937 466 44 Cornwallis-West)
1496 3938 65 38 La
1602 3938 229 47 Napoule,
1871 3939 202 39 Cannes.

154 3991 54 38 A.
240 3992 75 40 M..
350 3991 196 47 France,
580 3991 96 39 and
708 3992 242 38 Desmond
983 3992 478 47 Chapman-Huston,
1495 3994 208 38 London.

167 4047 276 47 (36-13078)
