<alto xmlns="http://www.loc.gov/standards/alto/ns-v3#" xmlns:xlink="http://www.w3.org/1999/xlink" xmlns:xsi="http://www.w3.org/2001/XMLSchema-instance" xsi:schemaLocation="http://www.loc.gov/standards/alto/ns-v3# http://www.loc.gov/alto/v3/alto-3-0.xsd"><Description>
<MeasurementUnit>pixel</MeasurementUnit>
<sourceImageInformation>
<fileName>1936_v33_Part1.pdf</fileName>
</sourceImageInformation>
<OCRProcessing ID="IdOcr">
<ocrProcessingStep>
<processingDateTime>2019-01-18</processingDateTime>
<processingSoftware>
<softwareCreator>ABBYY</softwareCreator>
<softwareName>ABBYY Recognition Server</softwareName>
<softwareVersion>4.0</softwareVersion>
</processingSoftware>
</ocrProcessingStep>
</OCRProcessing>
</Description>
<Styles>
<ParagraphStyle ID="StyleId-FFFFFFFF-FFFF-FFFF-FFFF-FFFFFFFFFFFF-" ALIGN="Left" LEFT="0." RIGHT="0." FIRSTLINE="0."/>
<ParagraphStyle ID="StyleId-51D50FAC-7A90-4D70-8A96-5EA9D46D1C8B-" ALIGN="Left" LEFT="0." RIGHT="0." FIRSTLINE="0." LINESPACE="7.699999809"/>
<ParagraphStyle ID="StyleId-6BC133E9-7DCB-43C3-8842-A67984A26405-" ALIGN="Block" LEFT="0." RIGHT="0." FIRSTLINE="-17." LINESPACE="8.340000153"/>
<ParagraphStyle ID="StyleId-3C3FF860-43E7-46A2-8934-48F305F6F0D6-" ALIGN="Left" LEFT="0." RIGHT="0." FIRSTLINE="-13." LINESPACE="11.06999969"/>
<ParagraphStyle ID="StyleId-19220C76-4F8A-4737-B38C-B5F5C17E6040-" ALIGN="Block" LEFT="0." RIGHT="0." FIRSTLINE="-13." LINESPACE="11.06999969"/>
<ParagraphStyle ID="StyleId-75A0D721-13ED-4F20-9002-B389EC48477D-" ALIGN="Left" LEFT="0." RIGHT="0." FIRSTLINE="0." LINESPACE="15.5"/>
<ParagraphStyle ID="StyleId-8A414184-C7A5-4AC7-9B88-7DA4DDE75922-" ALIGN="Left" LEFT="0." RIGHT="0." FIRSTLINE="0." LINESPACE="9.399999619"/>
<ParagraphStyle ID="StyleId-1A87970B-111C-4169-99A6-9412976F3C97-" ALIGN="Left" LEFT="0." RIGHT="0." FIRSTLINE="0." LINESPACE="10.5"/>
<ParagraphStyle ID="StyleId-72DB0571-5AE4-41FD-9E11-68C6AC4C437E-" ALIGN="Block" LEFT="0." RIGHT="0." FIRSTLINE="-17." LINESPACE="8.340000153"/>
<ParagraphStyle ID="StyleId-1AA43056-C388-4697-B10F-72FDAA38FAE1-" ALIGN="Center" LEFT="0." RIGHT="0." FIRSTLINE="0." LINESPACE="10.5"/>
</Styles>
<Layout>
<Page ID="Page1273" PHYSICAL_IMG_NR="1273" HEIGHT="4377" WIDTH="2519">
<TopMargin HEIGHT="464" WIDTH="2519" VPOS="0" HPOS="0">
</TopMargin>
<LeftMargin HEIGHT="3638" WIDTH="78" VPOS="464" HPOS="0">
</LeftMargin>
<RightMargin HEIGHT="3638" WIDTH="413" VPOS="464" HPOS="2106">
</RightMargin>
<BottomMargin HEIGHT="275" WIDTH="2519" VPOS="4102" HPOS="0">
<TextBlock ID="Page1273_Block1" HEIGHT="70" WIDTH="152" VPOS="4102" HPOS="1020" LANG="en-US" STYLEREFS="StyleId-657D4A0E-8D4F-44F8-9D88-753D137F41C8-">
<TextLine HEIGHT="51" WIDTH="131" VPOS="4111" HPOS="1030">
<String CONTENT="1273" HEIGHT="51" WIDTH="131" VPOS="4111" HPOS="1030"/>
</TextLine>
</TextBlock>
</BottomMargin>
<PrintSpace HEIGHT="3638" WIDTH="2028" VPOS="464" HPOS="78">
<TextBlock ID="Page1273_Block2" HEIGHT="3638" WIDTH="2028" VPOS="464" HPOS="78" LANG="en-US" CS="1" STYLEREFS="StyleId-146B269A-4641-4649-A5C8-7095EF85C5B8-">
<TextLine HEIGHT="67" WIDTH="1078" VPOS="474" HPOS="91" STYLEREFS="StyleId-B7252A00-BB1B-4D12-9A9F-13ECCB689D04-">
<String CONTENT="Kilpatrick," HEIGHT="65" WIDTH="347" VPOS="476" HPOS="91"/>
<SP HEIGHT="64" WIDTH="25" VPOS="477" HPOS="439"/>
<String CONTENT="William" HEIGHT="55" WIDTH="255" VPOS="474" HPOS="465"/>
<SP HEIGHT="51" WIDTH="27" VPOS="476" HPOS="721"/>
<String CONTENT="Heard," HEIGHT="64" WIDTH="217" VPOS="476" HPOS="749"/>
<SP HEIGHT="58" WIDTH="29" VPOS="482" HPOS="967"/>
<String CONTENT="1871-" HEIGHT="55" WIDTH="172" VPOS="476" HPOS="997"/>
</TextLine>
<TextLine HEIGHT="71" WIDTH="1864" VPOS="549" HPOS="161" STYLEREFS="StyleId-B7252A00-BB1B-4D12-9A9F-13ECCB689D04-" CS="1">
<String CONTENT="Remaking" HEIGHT="69" WIDTH="322" VPOS="551" HPOS="161"/>
<SP HEIGHT="63" WIDTH="25" VPOS="557" HPOS="484"/>
<String CONTENT="the" HEIGHT="52" WIDTH="97" VPOS="552" HPOS="510"/>
<SP HEIGHT="34" WIDTH="29" VPOS="570" HPOS="608"/>
<String CONTENT="curriculum," HEIGHT="68" WIDTH="363" VPOS="550" HPOS="638"/>
<SP HEIGHT="68" WIDTH="28" VPOS="550" HPOS="1002"/>
<String CONTENT="by" HEIGHT="69" WIDTH="74" VPOS="550" HPOS="1031"/>
<SP HEIGHT="67" WIDTH="30" VPOS="552" HPOS="1106"/>
<String CONTENT="William" HEIGHT="55" WIDTH="259" VPOS="550" HPOS="1137"/>
<SP HEIGHT="53" WIDTH="28" VPOS="550" HPOS="1397"/>
<String CONTENT="Heard" HEIGHT="53" WIDTH="199" VPOS="550" HPOS="1426"/>
<SP HEIGHT="52" WIDTH="28" VPOS="550" HPOS="1626"/>
<String CONTENT="Kilpatrick" HEIGHT="69" WIDTH="334" VPOS="549" HPOS="1655"/>
<SP HEIGHT="53" WIDTH="35" VPOS="550" HPOS="1990"/>
<String CS="1" CONTENT="&#8230;"/>
</TextLine>
<TextLine HEIGHT="69" WIDTH="1611" VPOS="628" HPOS="91" STYLEREFS="StyleId-B7252A00-BB1B-4D12-9A9F-13ECCB689D04-" CS="1">
<String CONTENT="New" HEIGHT="53" WIDTH="137" VPOS="630" HPOS="91"/>
<SP HEIGHT="52" WIDTH="23" VPOS="630" HPOS="229"/>
<String CONTENT="York" HEIGHT="52" WIDTH="161" VPOS="629" HPOS="253"/>
<SP HEIGHT="52" WIDTH="20" VPOS="629" HPOS="415"/>
<String CONTENT="and" HEIGHT="52" WIDTH="112" VPOS="629" HPOS="436"/>
<SP HEIGHT="56" WIDTH="25" VPOS="628" HPOS="549"/>
<String CONTENT="Chicago," HEIGHT="69" WIDTH="270" VPOS="628" HPOS="575"/>
<SP HEIGHT="67" WIDTH="20" VPOS="629" HPOS="846"/>
<String CONTENT="Newson" HEIGHT="52" WIDTH="242" VPOS="629" HPOS="867"/>
<SP HEIGHT="50" WIDTH="22" VPOS="631" HPOS="1110"/>
<String CONTENT="&amp;" HEIGHT="50" WIDTH="46" VPOS="631" HPOS="1133"/>
<SP HEIGHT="50" WIDTH="19" VPOS="631" HPOS="1180"/>
<String CONTENT="company" HEIGHT="51" WIDTH="279" VPOS="646" HPOS="1200"/>
<SP HEIGHT="50" WIDTH="28" VPOS="647" HPOS="1480"/>
<String CS="1" CONTENT="["/>
<String STYLE="superscript" CONTENT="c" HEIGHT="21" WIDTH="18" VPOS="634" HPOS="1526"/>
<String CONTENT="1936]" HEIGHT="64" WIDTH="153" VPOS="631" HPOS="1549"/>
</TextLine>
<TextLine HEIGHT="49" WIDTH="358" VPOS="702" HPOS="161" CS="1">
<String CONTENT="128" HEIGHT="41" WIDTH="83" VPOS="702" HPOS="161"/>
<SP HEIGHT="49" WIDTH="27" VPOS="702" HPOS="245"/>
<String CONTENT="p." HEIGHT="37" WIDTH="42" VPOS="714" HPOS="273"/>
<SP HEIGHT="40" WIDTH="58" VPOS="703" HPOS="316"/>
<String CS="1" CONTENT="17&#189;" HEIGHT="39" WIDTH="55" VPOS="703" HPOS="375"/>
<String STYLE="superscript" CONTENT="cm" HEIGHT="22" WIDTH="43" VPOS="703" HPOS="463"/>
<String CONTENT="." HEIGHT="9" WIDTH="9" VPOS="734" HPOS="510"/>
</TextLine>
<TextLine HEIGHT="50" WIDTH="1923" VPOS="757" HPOS="163">
<String CONTENT="&#8220;Consists" HEIGHT="43" WIDTH="247" VPOS="757" HPOS="163"/>
<SP HEIGHT="38" WIDTH="31" VPOS="769" HPOS="411"/>
<String CONTENT="partly" HEIGHT="48" WIDTH="165" VPOS="759" HPOS="443"/>
<SP HEIGHT="37" WIDTH="28" VPOS="769" HPOS="609"/>
<String CONTENT="of" HEIGHT="41" WIDTH="53" VPOS="758" HPOS="638"/>
<SP HEIGHT="41" WIDTH="29" VPOS="758" HPOS="692"/>
<String CONTENT="seven" HEIGHT="30" WIDTH="143" VPOS="769" HPOS="722"/>
<SP HEIGHT="30" WIDTH="31" VPOS="768" HPOS="866"/>
<String CONTENT="articles" HEIGHT="41" WIDTH="199" VPOS="758" HPOS="898"/>
<SP HEIGHT="30" WIDTH="30" VPOS="768" HPOS="1098"/>
<String CONTENT="which" HEIGHT="40" WIDTH="157" VPOS="758" HPOS="1129"/>
<SP HEIGHT="40" WIDTH="32" VPOS="759" HPOS="1287"/>
<String CONTENT="appeared" HEIGHT="49" WIDTH="240" VPOS="758" HPOS="1320"/>
<SP HEIGHT="40" WIDTH="33" VPOS="758" HPOS="1561"/>
<String CONTENT="in" HEIGHT="40" WIDTH="49" VPOS="758" HPOS="1595"/>
<SP HEIGHT="39" WIDTH="32" VPOS="759" HPOS="1645"/>
<String CONTENT="the" HEIGHT="41" WIDTH="81" VPOS="758" HPOS="1678"/>
<SP HEIGHT="42" WIDTH="33" VPOS="757" HPOS="1760"/>
<String CONTENT="Journal" HEIGHT="42" WIDTH="205" VPOS="757" HPOS="1794"/>
<SP HEIGHT="41" WIDTH="34" VPOS="758" HPOS="2000"/>
<String CONTENT="of" HEIGHT="40" WIDTH="51" VPOS="759" HPOS="2035"/>
</TextLine>
<TextLine HEIGHT="50" WIDTH="1990" VPOS="814" HPOS="93">
<String CONTENT="the" HEIGHT="41" WIDTH="80" VPOS="816" HPOS="93"/>
<SP HEIGHT="42" WIDTH="41" VPOS="815" HPOS="174"/>
<String CONTENT="National" HEIGHT="41" WIDTH="230" VPOS="815" HPOS="216"/>
<SP HEIGHT="40" WIDTH="41" VPOS="816" HPOS="447"/>
<String CONTENT="education" HEIGHT="40" WIDTH="258" VPOS="816" HPOS="489"/>
<SP HEIGHT="30" WIDTH="41" VPOS="825" HPOS="748"/>
<String CONTENT="association" HEIGHT="41" WIDTH="294" VPOS="814" HPOS="790"/>
<SP HEIGHT="40" WIDTH="42" VPOS="815" HPOS="1085"/>
<String CONTENT="beginning" HEIGHT="50" WIDTH="259" VPOS="814" HPOS="1128"/>
<SP HEIGHT="49" WIDTH="39" VPOS="815" HPOS="1388"/>
<String CONTENT="in" HEIGHT="40" WIDTH="50" VPOS="815" HPOS="1428"/>
<SP HEIGHT="41" WIDTH="40" VPOS="814" HPOS="1479"/>
<String CONTENT="November" HEIGHT="42" WIDTH="268" VPOS="814" HPOS="1520"/>
<SP HEIGHT="38" WIDTH="41" VPOS="816" HPOS="1789"/>
<String CONTENT="1935" HEIGHT="41" WIDTH="113" VPOS="814" HPOS="1831"/>
<SP HEIGHT="40" WIDTH="44" VPOS="815" HPOS="1945"/>
<String CONTENT="and" HEIGHT="40" WIDTH="93" VPOS="816" HPOS="1990"/>
</TextLine>
<TextLine HEIGHT="51" WIDTH="841" VPOS="871" HPOS="89">
<String CONTENT="ending" HEIGHT="49" WIDTH="177" VPOS="873" HPOS="89"/>
<SP HEIGHT="48" WIDTH="29" VPOS="874" HPOS="267"/>
<String CONTENT="in" HEIGHT="38" WIDTH="48" VPOS="874" HPOS="297"/>
<SP HEIGHT="40" WIDTH="31" VPOS="872" HPOS="346"/>
<String CONTENT="May" HEIGHT="48" WIDTH="114" VPOS="872" HPOS="378"/>
<SP HEIGHT="46" WIDTH="30" VPOS="874" HPOS="493"/>
<String CONTENT="1936.&#8221;&#8212;Introd." HEIGHT="42" WIDTH="406" VPOS="871" HPOS="524"/>
</TextLine>
<TextLine HEIGHT="54" WIDTH="1996" VPOS="938" HPOS="92">
<String CONTENT="&#169;" HEIGHT="54" WIDTH="52" VPOS="938" HPOS="92"/>
<SP HEIGHT="54" WIDTH="27" VPOS="938" HPOS="145"/>
<String CONTENT="July" HEIGHT="48" WIDTH="115" VPOS="942" HPOS="173"/>
<SP HEIGHT="47" WIDTH="25" VPOS="943" HPOS="289"/>
<String CONTENT="1," HEIGHT="48" WIDTH="38" VPOS="943" HPOS="315"/>
<SP HEIGHT="49" WIDTH="29" VPOS="942" HPOS="354"/>
<String CONTENT="1936;" HEIGHT="48" WIDTH="140" VPOS="941" HPOS="384"/>
<SP HEIGHT="47" WIDTH="29" VPOS="942" HPOS="525"/>
<String CONTENT="2c." HEIGHT="41" WIDTH="67" VPOS="942" HPOS="555"/>
<SP HEIGHT="41" WIDTH="31" VPOS="942" HPOS="623"/>
<String CONTENT="Sept." HEIGHT="49" WIDTH="129" VPOS="942" HPOS="655"/>
<SP HEIGHT="42" WIDTH="27" VPOS="942" HPOS="785"/>
<String CONTENT="2;" HEIGHT="48" WIDTH="53" VPOS="942" HPOS="813"/>
<SP HEIGHT="38" WIDTH="31" VPOS="952" HPOS="867"/>
<String CONTENT="aff." HEIGHT="41" WIDTH="82" VPOS="942" HPOS="899"/>
<SP HEIGHT="41" WIDTH="29" VPOS="942" HPOS="982"/>
<String CONTENT="Aug." HEIGHT="48" WIDTH="118" VPOS="942" HPOS="1012"/>
<SP HEIGHT="43" WIDTH="30" VPOS="941" HPOS="1131"/>
<String CONTENT="29;" HEIGHT="48" WIDTH="83" VPOS="941" HPOS="1162"/>
<SP HEIGHT="47" WIDTH="30" VPOS="942" HPOS="1246"/>
<!-- cceid A40FA3D9-6E3A-1014-83DD-942C093A1DD9 --><String CONTENT="A" HEIGHT="40" WIDTH="41" VPOS="942" HPOS="1277"/>
<SP HEIGHT="41" WIDTH="26" VPOS="941" HPOS="1319"/>
<String CONTENT="98191;" HEIGHT="51" WIDTH="171" VPOS="940" HPOS="1346"/>
<SP HEIGHT="49" WIDTH="32" VPOS="942" HPOS="1518"/>
<String CONTENT="Newson" HEIGHT="40" WIDTH="206" VPOS="942" HPOS="1551"/>
<SP HEIGHT="41" WIDTH="30" VPOS="942" HPOS="1758"/>
<String CONTENT="&amp;" HEIGHT="41" WIDTH="38" VPOS="942" HPOS="1789"/>
<SP HEIGHT="41" WIDTH="26" VPOS="942" HPOS="1828"/>
<String CONTENT="co.," HEIGHT="40" WIDTH="82" VPOS="951" HPOS="1855"/>
<SP HEIGHT="49" WIDTH="30" VPOS="942" HPOS="1938"/>
<String CONTENT="New" HEIGHT="40" WIDTH="119" VPOS="942" HPOS="1969"/>
</TextLine>
<TextLine HEIGHT="49" WIDTH="487" VPOS="999" HPOS="162">
<String CONTENT="York." HEIGHT="40" WIDTH="143" VPOS="1000" HPOS="162"/>
<SP HEIGHT="47" WIDTH="63" VPOS="1000" HPOS="306"/>
<String CONTENT="(36-19779)" HEIGHT="49" WIDTH="279" VPOS="999" HPOS="370"/>
</TextLine>
<TextLine HEIGHT="64" WIDTH="559" VPOS="1102" HPOS="91" STYLEREFS="StyleId-1FE7C20E-1D07-428E-BB38-0D8261D45A04-">
<String CONTENT="Kimble," HEIGHT="64" WIDTH="249" VPOS="1102" HPOS="91"/>
<SP HEIGHT="63" WIDTH="23" VPOS="1103" HPOS="341"/>
<String CONTENT="Ralph" HEIGHT="63" WIDTH="190" VPOS="1102" HPOS="365"/>
<SP HEIGHT="52" WIDTH="22" VPOS="1102" HPOS="556"/>
<String CONTENT="A." HEIGHT="55" WIDTH="71" VPOS="1102" HPOS="579"/>
</TextLine>
<TextLine HEIGHT="71" WIDTH="1923" VPOS="1174" HPOS="163" STYLEREFS="StyleId-B7252A00-BB1B-4D12-9A9F-13ECCB689D04-">
<String CONTENT="How" HEIGHT="53" WIDTH="148" VPOS="1177" HPOS="163"/>
<SP HEIGHT="47" WIDTH="32" VPOS="1183" HPOS="312"/>
<String CONTENT="to" HEIGHT="47" WIDTH="56" VPOS="1183" HPOS="345"/>
<SP HEIGHT="34" WIDTH="31" VPOS="1196" HPOS="402"/>
<String CONTENT="collect" HEIGHT="54" WIDTH="198" VPOS="1178" HPOS="434"/>
<SP HEIGHT="48" WIDTH="31" VPOS="1184" HPOS="633"/>
<String CONTENT="stamps;" HEIGHT="63" WIDTH="243" VPOS="1182" HPOS="665"/>
<SP HEIGHT="49" WIDTH="38" VPOS="1195" HPOS="909"/>
<String CONTENT="a" HEIGHT="33" WIDTH="30" VPOS="1195" HPOS="948"/>
<SP HEIGHT="51" WIDTH="31" VPOS="1178" HPOS="979"/>
<String CONTENT="basic" HEIGHT="54" WIDTH="154" VPOS="1176" HPOS="1011"/>
<SP HEIGHT="35" WIDTH="32" VPOS="1195" HPOS="1166"/>
<String CONTENT="course" HEIGHT="36" WIDTH="192" VPOS="1194" HPOS="1199"/>
<SP HEIGHT="34" WIDTH="30" VPOS="1195" HPOS="1392"/>
<String CONTENT="of" HEIGHT="52" WIDTH="64" VPOS="1177" HPOS="1423"/>
<SP HEIGHT="52" WIDTH="32" VPOS="1177" HPOS="1488"/>
<String CONTENT="instruction" HEIGHT="55" WIDTH="340" VPOS="1174" HPOS="1521"/>
<SP HEIGHT="52" WIDTH="34" VPOS="1176" HPOS="1862"/>
<String CONTENT="in" HEIGHT="52" WIDTH="58" VPOS="1176" HPOS="1897"/>
<SP HEIGHT="47" WIDTH="33" VPOS="1181" HPOS="1956"/>
<String CONTENT="the" HEIGHT="52" WIDTH="96" VPOS="1176" HPOS="1990"/>
</TextLine>
<TextLine HEIGHT="71" WIDTH="1990" VPOS="1252" HPOS="95" STYLEREFS="StyleId-B7252A00-BB1B-4D12-9A9F-13ECCB689D04-" CS="1">
<String CONTENT="world&#8217;s" HEIGHT="52" WIDTH="224" VPOS="1255" HPOS="95"/>
<SP HEIGHT="33" WIDTH="30" VPOS="1274" HPOS="320"/>
<String CONTENT="most" HEIGHT="47" WIDTH="145" VPOS="1261" HPOS="351"/>
<SP HEIGHT="62" WIDTH="30" VPOS="1261" HPOS="497"/>
<String CONTENT="popular" HEIGHT="68" WIDTH="247" VPOS="1255" HPOS="528"/>
<SP HEIGHT="49" WIDTH="31" VPOS="1273" HPOS="776"/>
<String CONTENT="pastime," HEIGHT="68" WIDTH="257" VPOS="1254" HPOS="808"/>
<SP HEIGHT="67" WIDTH="33" VPOS="1255" HPOS="1066"/>
<String CONTENT="by" HEIGHT="67" WIDTH="74" VPOS="1255" HPOS="1100"/>
<SP HEIGHT="68" WIDTH="33" VPOS="1254" HPOS="1175"/>
<String CONTENT="Ralph" HEIGHT="69" WIDTH="194" VPOS="1253" HPOS="1209"/>
<SP HEIGHT="51" WIDTH="31" VPOS="1254" HPOS="1404"/>
<String CONTENT="A." HEIGHT="53" WIDTH="70" VPOS="1254" HPOS="1436"/>
<SP HEIGHT="52" WIDTH="34" VPOS="1255" HPOS="1507"/>
<String CONTENT="Kimble" HEIGHT="53" WIDTH="230" VPOS="1253" HPOS="1542"/>
<SP HEIGHT="33" WIDTH="40" VPOS="1273" HPOS="1773"/>
<String CS="1" CONTENT="&#8230;"/>
<SP HEIGHT="53" WIDTH="78" VPOS="1252" HPOS="1869"/>
<String CONTENT="Rev." HEIGHT="53" WIDTH="137" VPOS="1252" HPOS="1948"/>
</TextLine>
<TextLine HEIGHT="68" WIDTH="1694" VPOS="1331" HPOS="95" STYLEREFS="StyleId-B7252A00-BB1B-4D12-9A9F-13ECCB689D04-" CS="1">
<String CONTENT="illustrated" HEIGHT="52" WIDTH="320" VPOS="1333" HPOS="95"/>
<SP HEIGHT="51" WIDTH="34" VPOS="1333" HPOS="416"/>
<String CONTENT="ed." HEIGHT="51" WIDTH="83" VPOS="1333" HPOS="451"/>
<SP HEIGHT="53" WIDTH="73" VPOS="1331" HPOS="535"/>
<String CONTENT="New" HEIGHT="53" WIDTH="139" VPOS="1331" HPOS="609"/>
<SP HEIGHT="51" WIDTH="34" VPOS="1332" HPOS="749"/>
<String CONTENT="York," HEIGHT="67" WIDTH="179" VPOS="1332" HPOS="784"/>
<SP HEIGHT="68" WIDTH="33" VPOS="1331" HPOS="964"/>
<String CONTENT="Grosset" HEIGHT="54" WIDTH="231" VPOS="1331" HPOS="998"/>
<SP HEIGHT="51" WIDTH="32" VPOS="1333" HPOS="1230"/>
<String CONTENT="&amp;" HEIGHT="49" WIDTH="45" VPOS="1333" HPOS="1263"/>
<SP HEIGHT="51" WIDTH="32" VPOS="1333" HPOS="1309"/>
<String CONTENT="Dunlap" HEIGHT="67" WIDTH="234" VPOS="1332" HPOS="1342"/>
<SP HEIGHT="49" WIDTH="39" VPOS="1350" HPOS="1577"/>
<String STYLE="subscript" CONTENT="[" HEIGHT="33" WIDTH="13" VPOS="1365" HPOS="1617"/>
<String STYLE="superscript" CONTENT="c" HEIGHT="20" WIDTH="17" VPOS="1339" HPOS="1635"/>
<String CS="1" CONTENT="1936]" HEIGHT="49" WIDTH="132" VPOS="1333" HPOS="1657"/>
</TextLine>
<TextLine HEIGHT="50" WIDTH="1149" VPOS="1402" HPOS="163" CS="1">
<String CONTENT="xii," HEIGHT="47" WIDTH="83" VPOS="1403" HPOS="163"/>
<SP/>
<String CONTENT="206" HEIGHT="41" WIDTH="85" VPOS="1402" HPOS="285"/>
<SP HEIGHT="47" WIDTH="35" VPOS="1403" HPOS="371"/>
<String CONTENT="p." HEIGHT="37" WIDTH="42" VPOS="1413" HPOS="407"/>
<SP HEIGHT="39" WIDTH="57" VPOS="1403" HPOS="450"/>
<String CONTENT="front.," HEIGHT="47" WIDTH="164" VPOS="1403" HPOS="508"/>
<SP HEIGHT="37" WIDTH="39" VPOS="1414" HPOS="673"/>
<String CONTENT="plates," HEIGHT="49" WIDTH="169" VPOS="1403" HPOS="713"/>
<SP HEIGHT="49" WIDTH="36" VPOS="1403" HPOS="883"/>
<String CONTENT="facsims." HEIGHT="40" WIDTH="215" VPOS="1403" HPOS="920"/>
<SP HEIGHT="39" WIDTH="59" VPOS="1404" HPOS="1136"/>
<String CONTENT="21" HEIGHT="39" WIDTH="55" VPOS="1404" HPOS="1196"/>
<String STYLE="superscript" CONTENT="cm" HEIGHT="21" WIDTH="45" VPOS="1406" HPOS="1254"/>
<String CONTENT="." HEIGHT="8" WIDTH="8" VPOS="1436" HPOS="1304"/>
</TextLine>
<TextLine HEIGHT="48" WIDTH="680" VPOS="1459" HPOS="163">
<String CONTENT="Illustrated" HEIGHT="40" WIDTH="287" VPOS="1460" HPOS="163"/>
<SP HEIGHT="39" WIDTH="30" VPOS="1460" HPOS="451"/>
<String CONTENT="lining-papers." HEIGHT="48" WIDTH="361" VPOS="1459" HPOS="482"/>
</TextLine>
<TextLine HEIGHT="51" WIDTH="1921" VPOS="1515" HPOS="164" CS="1">
<String CONTENT="&#8220;First" HEIGHT="40" WIDTH="162" VPOS="1515" HPOS="164"/>
<SP HEIGHT="46" WIDTH="27" VPOS="1517" HPOS="327"/>
<String CONTENT="printing," HEIGHT="48" WIDTH="228" VPOS="1515" HPOS="355"/>
<SP HEIGHT="46" WIDTH="27" VPOS="1516" HPOS="584"/>
<String CONTENT="August," HEIGHT="49" WIDTH="203" VPOS="1516" HPOS="612"/>
<SP HEIGHT="48" WIDTH="29" VPOS="1517" HPOS="816"/>
<String CONTENT="1932" HEIGHT="42" WIDTH="114" VPOS="1515" HPOS="846"/>
<SP HEIGHT="40" WIDTH="32" VPOS="1516" HPOS="961"/>
<String CS="1" CONTENT="&#8230;"/>
<SP HEIGHT="39" WIDTH="59" VPOS="1517" HPOS="1042"/>
<String CONTENT="Third" HEIGHT="41" WIDTH="152" VPOS="1516" HPOS="1102"/>
<SP HEIGHT="40" WIDTH="29" VPOS="1517" HPOS="1255"/>
<String CONTENT="revised" HEIGHT="39" WIDTH="188" VPOS="1517" HPOS="1285"/>
<SP HEIGHT="39" WIDTH="28" VPOS="1517" HPOS="1474"/>
<String CONTENT="and" HEIGHT="39" WIDTH="95" VPOS="1517" HPOS="1503"/>
<SP HEIGHT="39" WIDTH="28" VPOS="1517" HPOS="1599"/>
<String CONTENT="enlarged" HEIGHT="47" WIDTH="227" VPOS="1517" HPOS="1628"/>
<SP HEIGHT="39" WIDTH="30" VPOS="1518" HPOS="1856"/>
<String CONTENT="edition," HEIGHT="50" WIDTH="198" VPOS="1516" HPOS="1887"/>
</TextLine>
<TextLine HEIGHT="49" WIDTH="387" VPOS="1571" HPOS="95">
<String CONTENT="August," HEIGHT="48" WIDTH="199" VPOS="1572" HPOS="95"/>
<SP HEIGHT="48" WIDTH="30" VPOS="1572" HPOS="295"/>
<String CONTENT="1936.&#8221;" HEIGHT="42" WIDTH="156" VPOS="1571" HPOS="326"/>
</TextLine>
<TextLine HEIGHT="51" WIDTH="1603" VPOS="1628" HPOS="165">
<String CONTENT="&#8220;Bibliography" HEIGHT="48" WIDTH="375" VPOS="1629" HPOS="165"/>
<SP HEIGHT="38" WIDTH="30" VPOS="1639" HPOS="541"/>
<String CONTENT="and" HEIGHT="39" WIDTH="98" VPOS="1630" HPOS="572"/>
<SP HEIGHT="39" WIDTH="31" VPOS="1630" HPOS="671"/>
<String CONTENT="list" HEIGHT="38" WIDTH="86" VPOS="1631" HPOS="703"/>
<SP HEIGHT="38" WIDTH="30" VPOS="1631" HPOS="790"/>
<String CONTENT="of" HEIGHT="39" WIDTH="52" VPOS="1630" HPOS="821"/>
<SP HEIGHT="39" WIDTH="29" VPOS="1630" HPOS="874"/>
<String CONTENT="national" HEIGHT="39" WIDTH="219" VPOS="1630" HPOS="904"/>
<SP HEIGHT="39" WIDTH="34" VPOS="1630" HPOS="1124"/>
<String CONTENT="societies&#8221;:" HEIGHT="43" WIDTH="278" VPOS="1628" HPOS="1159"/>
<SP HEIGHT="37" WIDTH="36" VPOS="1642" HPOS="1438"/>
<String CONTENT="p." HEIGHT="37" WIDTH="43" VPOS="1642" HPOS="1475"/>
<SP HEIGHT="41" WIDTH="31" VPOS="1630" HPOS="1519"/>
<String CONTENT="127-155." HEIGHT="43" WIDTH="217" VPOS="1629" HPOS="1551"/>
</TextLine>
<TextLine HEIGHT="53" WIDTH="1996" VPOS="1697" HPOS="94">
<String CONTENT="&#169;" HEIGHT="53" WIDTH="53" VPOS="1697" HPOS="94"/>
<SP HEIGHT="53" WIDTH="32" VPOS="1697" HPOS="148"/>
<String CONTENT="Sept." HEIGHT="47" WIDTH="125" VPOS="1702" HPOS="181"/>
<SP HEIGHT="38" WIDTH="30" VPOS="1703" HPOS="307"/>
<String CONTENT="4," HEIGHT="46" WIDTH="41" VPOS="1703" HPOS="338"/>
<SP HEIGHT="46" WIDTH="29" VPOS="1703" HPOS="380"/>
<String CONTENT="1936;" HEIGHT="47" WIDTH="141" VPOS="1702" HPOS="410"/>
<SP HEIGHT="48" WIDTH="33" VPOS="1701" HPOS="552"/>
<String CONTENT="2c." HEIGHT="40" WIDTH="66" VPOS="1701" HPOS="586"/>
<SP HEIGHT="29" WIDTH="30" VPOS="1712" HPOS="653"/>
<String CONTENT="and" HEIGHT="39" WIDTH="98" VPOS="1702" HPOS="684"/>
<SP HEIGHT="38" WIDTH="30" VPOS="1702" HPOS="783"/>
<String CONTENT="aff." HEIGHT="39" WIDTH="80" VPOS="1702" HPOS="814"/>
<SP HEIGHT="40" WIDTH="36" VPOS="1702" HPOS="895"/>
<String CONTENT="Sept." HEIGHT="47" WIDTH="126" VPOS="1702" HPOS="932"/>
<SP HEIGHT="41" WIDTH="30" VPOS="1701" HPOS="1059"/>
<String CONTENT="9;" HEIGHT="48" WIDTH="52" VPOS="1701" HPOS="1090"/>
<SP HEIGHT="47" WIDTH="33" VPOS="1702" HPOS="1143"/>
<!-- cceid A40FF074-6E3A-1014-83DD-942C093A1DD9 --><String CONTENT="A" HEIGHT="39" WIDTH="41" VPOS="1702" HPOS="1177"/>
<SP HEIGHT="40" WIDTH="29" VPOS="1701" HPOS="1219"/>
<String CONTENT="97707;" HEIGHT="48" WIDTH="170" VPOS="1701" HPOS="1249"/>
<SP HEIGHT="47" WIDTH="34" VPOS="1702" HPOS="1420"/>
<String CONTENT="Grosset" HEIGHT="40" WIDTH="199" VPOS="1702" HPOS="1455"/>
<SP HEIGHT="39" WIDTH="31" VPOS="1703" HPOS="1655"/>
<String CONTENT="&amp;" HEIGHT="39" WIDTH="35" VPOS="1703" HPOS="1687"/>
<SP HEIGHT="39" WIDTH="30" VPOS="1703" HPOS="1723"/>
<String CONTENT="Dunlap," HEIGHT="48" WIDTH="210" VPOS="1702" HPOS="1754"/>
<SP HEIGHT="49" WIDTH="32" VPOS="1701" HPOS="1965"/>
<String CONTENT="inc." HEIGHT="42" WIDTH="92" VPOS="1701" HPOS="1998"/>
</TextLine>
<TextLine HEIGHT="48" WIDTH="278" VPOS="1758" HPOS="174">
<String CONTENT="(36-19923)" HEIGHT="48" WIDTH="278" VPOS="1758" HPOS="174"/>
</TextLine>
<TextLine HEIGHT="65" WIDTH="731" VPOS="1861" HPOS="92" STYLEREFS="StyleId-1FE7C20E-1D07-428E-BB38-0D8261D45A04-">
<String CONTENT="Klages," HEIGHT="65" WIDTH="237" VPOS="1861" HPOS="92"/>
<SP HEIGHT="64" WIDTH="25" VPOS="1862" HPOS="330"/>
<String CONTENT="Ludwig," HEIGHT="65" WIDTH="264" VPOS="1861" HPOS="356"/>
<SP HEIGHT="59" WIDTH="28" VPOS="1867" HPOS="621"/>
<String CONTENT="1872-" HEIGHT="54" WIDTH="173" VPOS="1863" HPOS="650"/>
</TextLine>
<TextLine HEIGHT="70" WIDTH="1926" VPOS="1937" HPOS="164" STYLEREFS="StyleId-B7252A00-BB1B-4D12-9A9F-13ECCB689D04-">
<String LANG="en-US" CONTENT="Grundlegung" HEIGHT="68" WIDTH="419" VPOS="1939" HPOS="164"/>
<SP HEIGHT="67" WIDTH="36" VPOS="1940" HPOS="584"/>
<String LANG="de" CONTENT="der" HEIGHT="52" WIDTH="100" VPOS="1940" HPOS="621"/>
<SP HEIGHT="33" WIDTH="35" VPOS="1959" HPOS="722"/>
<String LANG="de" CONTENT="Wissenschaft" HEIGHT="54" WIDTH="394" VPOS="1938" HPOS="758"/>
<SP HEIGHT="48" WIDTH="35" VPOS="1944" HPOS="1153"/>
<String LANG="de" CONTENT="vom" HEIGHT="34" WIDTH="130" VPOS="1957" HPOS="1189"/>
<SP HEIGHT="33" WIDTH="39" VPOS="1958" HPOS="1320"/>
<String LANG="en-US" CONTENT="ausdruck," HEIGHT="67" WIDTH="299" VPOS="1939" HPOS="1360"/>
<SP HEIGHT="48" WIDTH="35" VPOS="1958" HPOS="1660"/>
<String LANG="en-US" CONTENT="von" HEIGHT="35" WIDTH="111" VPOS="1957" HPOS="1696"/>
<SP HEIGHT="52" WIDTH="35" VPOS="1939" HPOS="1808"/>
<String LANG="en-US" CONTENT="Ludwig" HEIGHT="69" WIDTH="246" VPOS="1937" HPOS="1844"/>
</TextLine>
<TextLine HEIGHT="69" WIDTH="1993" VPOS="2016" HPOS="96" STYLEREFS="StyleId-B7252A00-BB1B-4D12-9A9F-13ECCB689D04-" LANG="de">
<String LANG="en-US" CONTENT="Klages." HEIGHT="65" WIDTH="229" VPOS="2018" HPOS="96"/>
<SP HEIGHT="49" WIDTH="63" VPOS="2020" HPOS="326"/>
<String LANG="en-US" CONTENT="5." HEIGHT="49" WIDTH="45" VPOS="2020" HPOS="390"/>
<SP HEIGHT="33" WIDTH="29" VPOS="2036" HPOS="436"/>
<String CONTENT="v&#246;llig" HEIGHT="67" WIDTH="180" VPOS="2017" HPOS="466"/>
<SP HEIGHT="49" WIDTH="26" VPOS="2035" HPOS="647"/>
<String CONTENT="umgearb." HEIGHT="67" WIDTH="287" VPOS="2017" HPOS="674"/>
<SP HEIGHT="35" WIDTH="32" VPOS="2035" HPOS="962"/>
<String CONTENT="aufl." HEIGHT="52" WIDTH="127" VPOS="2017" HPOS="995"/>
<SP HEIGHT="33" WIDTH="29" VPOS="2036" HPOS="1123"/>
<String CONTENT="von" HEIGHT="35" WIDTH="111" VPOS="2034" HPOS="1153"/>
<SP HEIGHT="52" WIDTH="27" VPOS="2018" HPOS="1265"/>
<String CONTENT="Ausdrucksbewegung" HEIGHT="69" WIDTH="649" VPOS="2016" HPOS="1293"/>
<SP HEIGHT="49" WIDTH="28" VPOS="2035" HPOS="1943"/>
<String CONTENT="und" HEIGHT="53" WIDTH="117" VPOS="2017" HPOS="1972"/>
</TextLine>
<TextLine HEIGHT="69" WIDTH="1993" VPOS="2093" HPOS="95" STYLEREFS="StyleId-B7252A00-BB1B-4D12-9A9F-13ECCB689D04-" LANG="de">
<String CONTENT="gestaltungskraft." HEIGHT="67" WIDTH="531" VPOS="2094" HPOS="95"/>
<SP HEIGHT="52" WIDTH="64" VPOS="2095" HPOS="627"/>
<String CONTENT="Mit" HEIGHT="53" WIDTH="113" VPOS="2093" HPOS="692"/>
<SP HEIGHT="49" WIDTH="30" VPOS="2097" HPOS="806"/>
<String CONTENT="62" HEIGHT="49" WIDTH="64" VPOS="2097" HPOS="837"/>
<SP HEIGHT="52" WIDTH="27" VPOS="2094" HPOS="902"/>
<String CONTENT="figuren." HEIGHT="68" WIDTH="235" VPOS="2094" HPOS="930"/>
<SP HEIGHT="52" WIDTH="64" VPOS="2095" HPOS="1166"/>
<String CONTENT="Leipzig," HEIGHT="69" WIDTH="257" VPOS="2093" HPOS="1231"/>
<SP HEIGHT="66" WIDTH="25" VPOS="2096" HPOS="1489"/>
<String CONTENT="J." HEIGHT="54" WIDTH="56" VPOS="2096" HPOS="1515"/>
<SP HEIGHT="52" WIDTH="28" VPOS="2096" HPOS="1572"/>
<String CONTENT="A." HEIGHT="52" WIDTH="71" VPOS="2096" HPOS="1601"/>
<SP HEIGHT="51" WIDTH="30" VPOS="2097" HPOS="1673"/>
<String CONTENT="Barth," HEIGHT="65" WIDTH="203" VPOS="2096" HPOS="1704"/>
<SP HEIGHT="63" WIDTH="30" VPOS="2098" HPOS="1908"/>
<String CONTENT="1936." HEIGHT="50" WIDTH="149" VPOS="2098" HPOS="1939"/>
</TextLine>
<TextLine HEIGHT="50" WIDTH="995" VPOS="2165" HPOS="167" LANG="de" CS="1">
<String CONTENT="xiii," HEIGHT="48" WIDTH="102" VPOS="2166" HPOS="167"/>
<SP/>
<String CONTENT="361" HEIGHT="42" WIDTH="84" VPOS="2165" HPOS="305"/>
<SP HEIGHT="48" WIDTH="34" VPOS="2166" HPOS="390"/>
<String CONTENT="p." HEIGHT="37" WIDTH="42" VPOS="2177" HPOS="425"/>
<SP HEIGHT="40" WIDTH="59" VPOS="2166" HPOS="468"/>
<String CONTENT="illus." HEIGHT="42" WIDTH="128" VPOS="2166" HPOS="528"/>
<SP HEIGHT="49" WIDTH="27" VPOS="2166" HPOS="657"/>
<String CONTENT="(facsims.)" HEIGHT="49" WIDTH="264" VPOS="2166" HPOS="685"/>
<SP HEIGHT="48" WIDTH="65" VPOS="2166" HPOS="950"/>
<String CONTENT="24" HEIGHT="39" WIDTH="56" VPOS="2167" HPOS="1016"/>
<String LANG="en-US" CS="1" CONTENT="&#189;"/>
<String STYLE="superscript" CONTENT="cm" HEIGHT="22" WIDTH="45" VPOS="2169" HPOS="1104"/>
<String CONTENT="." HEIGHT="9" WIDTH="8" VPOS="2198" HPOS="1154"/>
</TextLine>
<TextLine HEIGHT="51" WIDTH="1172" VPOS="2222" HPOS="168" LANG="de" CS="1">
<String CONTENT="&#8220;1." HEIGHT="43" WIDTH="68" VPOS="2222" HPOS="168"/>
<SP HEIGHT="32" WIDTH="24" VPOS="2233" HPOS="237"/>
<String CONTENT="auflage" HEIGHT="50" WIDTH="188" VPOS="2222" HPOS="262"/>
<SP HEIGHT="40" WIDTH="27" VPOS="2225" HPOS="451"/>
<String CONTENT="1913" HEIGHT="43" WIDTH="113" VPOS="2222" HPOS="479"/>
<SP HEIGHT="41" WIDTH="30" VPOS="2223" HPOS="593"/>
<String CS="1" CONTENT="&#8230;"/>
<SP HEIGHT="42" WIDTH="27" VPOS="2223" HPOS="672"/>
<String CONTENT="3." HEIGHT="42" WIDTH="40" VPOS="2223" HPOS="700"/>
<SP HEIGHT="30" WIDTH="27" VPOS="2235" HPOS="741"/>
<String CONTENT="und" HEIGHT="41" WIDTH="97" VPOS="2224" HPOS="769"/>
<SP HEIGHT="41" WIDTH="25" VPOS="2224" HPOS="867"/>
<String CONTENT="4." HEIGHT="41" WIDTH="42" VPOS="2224" HPOS="893"/>
<SP HEIGHT="31" WIDTH="27" VPOS="2234" HPOS="936"/>
<String CONTENT="auflage" HEIGHT="49" WIDTH="191" VPOS="2224" HPOS="964"/>
<SP HEIGHT="42" WIDTH="25" VPOS="2223" HPOS="1156"/>
<String CONTENT="1923.&#8221;" HEIGHT="43" WIDTH="158" VPOS="2223" HPOS="1182"/>
</TextLine>
<TextLine HEIGHT="52" WIDTH="2000" VPOS="2290" HPOS="92" LANG="de" CS="1">
<String CONTENT="&#169;" HEIGHT="52" WIDTH="52" VPOS="2290" HPOS="92"/>
<SP HEIGHT="52" WIDTH="21" VPOS="2290" HPOS="145"/>
<String CONTENT="Jan." HEIGHT="38" WIDTH="108" VPOS="2295" HPOS="167"/>
<SP HEIGHT="39" WIDTH="21" VPOS="2295" HPOS="276"/>
<String CONTENT="3," HEIGHT="47" WIDTH="39" VPOS="2295" HPOS="298"/>
<SP HEIGHT="47" WIDTH="22" VPOS="2295" HPOS="338"/>
<String CONTENT="1936;" HEIGHT="48" WIDTH="140" VPOS="2294" HPOS="361"/>
<SP/>
<String CS="1" CONTENT="1c."/>
<SP HEIGHT="41" WIDTH="21" VPOS="2295" HPOS="593"/>
<String LANG="en-US" CONTENT="Apr." HEIGHT="47" WIDTH="114" VPOS="2295" HPOS="615"/>
<SP HEIGHT="40" WIDTH="22" VPOS="2295" HPOS="730"/>
<String CONTENT="30;" HEIGHT="47" WIDTH="81" VPOS="2294" HPOS="753"/>
<SP HEIGHT="46" WIDTH="24" VPOS="2295" HPOS="835"/>
<!-- cceid A4103EF3-6E3A-1014-83DD-942C093A1DD9 --><String LANG="en-US" CONTENT="A" HEIGHT="39" WIDTH="41" VPOS="2295" HPOS="860"/>
<String CONTENT="-Foreign" HEIGHT="48" WIDTH="270" VPOS="2294" HPOS="901"/>
<SP HEIGHT="40" WIDTH="20" VPOS="2295" HPOS="1172"/>
<String CONTENT="31657;" HEIGHT="47" WIDTH="170" VPOS="2295" HPOS="1193"/>
<SP HEIGHT="46" WIDTH="25" VPOS="2296" HPOS="1364"/>
<String CONTENT="Johann" HEIGHT="40" WIDTH="194" VPOS="2295" HPOS="1390"/>
<SP HEIGHT="39" WIDTH="23" VPOS="2295" HPOS="1585"/>
<String CONTENT="Ambrosius" HEIGHT="40" WIDTH="283" VPOS="2294" HPOS="1609"/>
<SP HEIGHT="38" WIDTH="25" VPOS="2296" HPOS="1893"/>
<String CONTENT="Barth." HEIGHT="44" WIDTH="173" VPOS="2293" HPOS="1919"/>
</TextLine>
<TextLine HEIGHT="49" WIDTH="277" VPOS="2350" HPOS="178" LANG="de">
<String CONTENT="(36-19822)" HEIGHT="49" WIDTH="277" VPOS="2350" HPOS="178"/>
</TextLine>
<TextLine HEIGHT="65" WIDTH="1074" VPOS="2452" HPOS="96" STYLEREFS="StyleId-B7252A00-BB1B-4D12-9A9F-13ECCB689D04-">
<String LANG="de" CONTENT="Kummer," HEIGHT="62" WIDTH="302" VPOS="2453" HPOS="96"/>
<SP HEIGHT="61" WIDTH="25" VPOS="2454" HPOS="399"/>
<String LANG="en-US" CONTENT="Frederic" HEIGHT="55" WIDTH="276" VPOS="2452" HPOS="425"/>
<SP HEIGHT="53" WIDTH="23" VPOS="2454" HPOS="702"/>
<String LANG="de" CONTENT="Arnold," HEIGHT="65" WIDTH="242" VPOS="2452" HPOS="726"/>
<SP HEIGHT="58" WIDTH="29" VPOS="2459" HPOS="969"/>
<String LANG="de" CONTENT="1873-" HEIGHT="54" WIDTH="171" VPOS="2455" HPOS="999"/>
</TextLine>
<TextLine HEIGHT="68" WIDTH="1924" VPOS="2530" HPOS="166" STYLEREFS="StyleId-B7252A00-BB1B-4D12-9A9F-13ECCB689D04-">
<String LANG="de" CONTENT="Design" HEIGHT="65" WIDTH="215" VPOS="2531" HPOS="166"/>
<SP HEIGHT="52" WIDTH="38" VPOS="2530" HPOS="382"/>
<String LANG="en-US" CONTENT="for" HEIGHT="53" WIDTH="95" VPOS="2530" HPOS="421"/>
<SP HEIGHT="33" WIDTH="35" VPOS="2549" HPOS="517"/>
<String LANG="en-US" CONTENT="murder," HEIGHT="66" WIDTH="249" VPOS="2531" HPOS="553"/>
<SP HEIGHT="48" WIDTH="37" VPOS="2549" HPOS="803"/>
<String LANG="en-US" CONTENT="a" HEIGHT="34" WIDTH="30" VPOS="2549" HPOS="841"/>
<SP HEIGHT="35" WIDTH="35" VPOS="2548" HPOS="872"/>
<String LANG="en-US" CONTENT="novel" HEIGHT="52" WIDTH="164" VPOS="2531" HPOS="908"/>
<SP HEIGHT="52" WIDTH="37" VPOS="2531" HPOS="1073"/>
<String LANG="en-US" CONTENT="by" HEIGHT="67" WIDTH="75" VPOS="2531" HPOS="1111"/>
<SP HEIGHT="67" WIDTH="37" VPOS="2531" HPOS="1187"/>
<String LANG="en-US" CONTENT="Frederic" HEIGHT="54" WIDTH="268" VPOS="2530" HPOS="1225"/>
<SP HEIGHT="53" WIDTH="35" VPOS="2531" HPOS="1494"/>
<String LANG="en-US" CONTENT="Arnold" HEIGHT="53" WIDTH="226" VPOS="2531" HPOS="1530"/>
<SP HEIGHT="53" WIDTH="37" VPOS="2531" HPOS="1757"/>
<String LANG="de" CONTENT="Kummer." HEIGHT="52" WIDTH="295" VPOS="2532" HPOS="1795"/>
</TextLine>
<TextLine HEIGHT="69" WIDTH="1926" VPOS="2608" HPOS="97" STYLEREFS="StyleId-B7252A00-BB1B-4D12-9A9F-13ECCB689D04-">
<String CONTENT="Boston," HEIGHT="65" WIDTH="232" VPOS="2609" HPOS="97"/>
<SP HEIGHT="65" WIDTH="26" VPOS="2609" HPOS="330"/>
<String CONTENT="New" HEIGHT="51" WIDTH="138" VPOS="2609" HPOS="357"/>
<SP HEIGHT="52" WIDTH="27" VPOS="2609" HPOS="496"/>
<String CONTENT="York," HEIGHT="68" WIDTH="180" VPOS="2608" HPOS="524"/>
<SP HEIGHT="67" WIDTH="26" VPOS="2609" HPOS="705"/>
<String CONTENT="Lothrop," HEIGHT="67" WIDTH="276" VPOS="2609" HPOS="732"/>
<SP HEIGHT="66" WIDTH="26" VPOS="2610" HPOS="1009"/>
<String CONTENT="Lee" HEIGHT="52" WIDTH="110" VPOS="2610" HPOS="1036"/>
<SP HEIGHT="50" WIDTH="26" VPOS="2612" HPOS="1147"/>
<String CONTENT="&amp;" HEIGHT="50" WIDTH="45" VPOS="2612" HPOS="1174"/>
<SP HEIGHT="55" WIDTH="27" VPOS="2608" HPOS="1220"/>
<String CONTENT="Shepard" HEIGHT="69" WIDTH="263" VPOS="2608" HPOS="1248"/>
<SP HEIGHT="52" WIDTH="28" VPOS="2609" HPOS="1512"/>
<String CONTENT="company," HEIGHT="51" WIDTH="297" VPOS="2625" HPOS="1541"/>
<SP HEIGHT="64" WIDTH="29" VPOS="2612" HPOS="1839"/>
<String CONTENT="1936." HEIGHT="52" WIDTH="154" VPOS="2612" HPOS="1869"/>
</TextLine>
<TextLine HEIGHT="50" WIDTH="367" VPOS="2679" HPOS="167" STYLEREFS="StyleId-B7252A00-BB1B-4D12-9A9F-13ECCB689D04-" CS="1">
<String CONTENT="246" HEIGHT="41" WIDTH="87" VPOS="2679" HPOS="167"/>
<SP HEIGHT="49" WIDTH="29" VPOS="2680" HPOS="255"/>
<String CONTENT="p." HEIGHT="39" WIDTH="43" VPOS="2690" HPOS="285"/>
<SP HEIGHT="41" WIDTH="57" VPOS="2679" HPOS="329"/>
<String CS="1" CONTENT="20&#189;" HEIGHT="42" WIDTH="60" VPOS="2679" HPOS="387"/>
<String STYLE="superscript" CONTENT="cm" HEIGHT="22" WIDTH="46" VPOS="2682" HPOS="475"/>
<String CONTENT="." HEIGHT="11" WIDTH="9" VPOS="2711" HPOS="525"/>
</TextLine>
<TextLine HEIGHT="55" WIDTH="1996" VPOS="2746" HPOS="98">
<String CONTENT="&#169;" HEIGHT="52" WIDTH="52" VPOS="2746" HPOS="98"/>
<SP HEIGHT="52" WIDTH="32" VPOS="2746" HPOS="151"/>
<String CONTENT="Sept." HEIGHT="47" WIDTH="126" VPOS="2751" HPOS="184"/>
<SP HEIGHT="39" WIDTH="33" VPOS="2751" HPOS="311"/>
<String CONTENT="16," HEIGHT="48" WIDTH="67" VPOS="2750" HPOS="345"/>
<SP HEIGHT="47" WIDTH="31" VPOS="2751" HPOS="413"/>
<String CONTENT="1936;" HEIGHT="46" WIDTH="140" VPOS="2751" HPOS="445"/>
<SP HEIGHT="46" WIDTH="32" VPOS="2751" HPOS="586"/>
<String CONTENT="2c." HEIGHT="40" WIDTH="68" VPOS="2751" HPOS="619"/>
<SP HEIGHT="40" WIDTH="33" VPOS="2752" HPOS="688"/>
<String CONTENT="Sept." HEIGHT="47" WIDTH="127" VPOS="2752" HPOS="722"/>
<SP HEIGHT="38" WIDTH="30" VPOS="2753" HPOS="850"/>
<String CONTENT="17;" HEIGHT="46" WIDTH="82" VPOS="2753" HPOS="881"/>
<SP HEIGHT="38" WIDTH="33" VPOS="2761" HPOS="964"/>
<String CONTENT="aff." HEIGHT="40" WIDTH="81" VPOS="2752" HPOS="998"/>
<SP HEIGHT="41" WIDTH="35" VPOS="2752" HPOS="1080"/>
<String CONTENT="Sept." HEIGHT="48" WIDTH="128" VPOS="2752" HPOS="1116"/>
<SP HEIGHT="42" WIDTH="28" VPOS="2751" HPOS="1245"/>
<String CONTENT="21;" HEIGHT="48" WIDTH="82" VPOS="2751" HPOS="1274"/>
<SP HEIGHT="46" WIDTH="33" VPOS="2753" HPOS="1357"/>
<!-- cceid A4109065-6E3A-1014-83DD-942C093A1DD9 --><String CONTENT="A" HEIGHT="38" WIDTH="41" VPOS="2753" HPOS="1391"/>
<SP HEIGHT="41" WIDTH="28" VPOS="2750" HPOS="1433"/>
<String CONTENT="98505;" HEIGHT="49" WIDTH="171" VPOS="2750" HPOS="1462"/>
<SP HEIGHT="47" WIDTH="35" VPOS="2752" HPOS="1634"/>
<String CONTENT="F." HEIGHT="39" WIDTH="51" VPOS="2752" HPOS="1670"/>
<SP HEIGHT="38" WIDTH="32" VPOS="2753" HPOS="1722"/>
<String CONTENT="A." HEIGHT="38" WIDTH="53" VPOS="2753" HPOS="1755"/>
<SP HEIGHT="38" WIDTH="33" VPOS="2752" HPOS="1809"/>
<String LANG="de" CONTENT="Kummer," HEIGHT="49" WIDTH="251" VPOS="2752" HPOS="1843"/>
</TextLine>
<TextLine HEIGHT="48" WIDTH="623" VPOS="2807" HPOS="168">
<String CONTENT="Baltimore." HEIGHT="39" WIDTH="280" VPOS="2807" HPOS="168"/>
<SP HEIGHT="48" WIDTH="61" VPOS="2807" HPOS="449"/>
<String CONTENT="(36-19831)" HEIGHT="48" WIDTH="280" VPOS="2807" HPOS="511"/>
</TextLine>
<TextLine HEIGHT="66" WIDTH="818" VPOS="2910" HPOS="99" STYLEREFS="StyleId-1FE7C20E-1D07-428E-BB38-0D8261D45A04-">
<String CONTENT="Learned," HEIGHT="64" WIDTH="281" VPOS="2911" HPOS="99"/>
<SP HEIGHT="63" WIDTH="26" VPOS="2912" HPOS="381"/>
<String CONTENT="Edmund" HEIGHT="53" WIDTH="273" VPOS="2912" HPOS="408"/>
<SP HEIGHT="53" WIDTH="23" VPOS="2912" HPOS="682"/>
<String CONTENT="Philip." HEIGHT="66" WIDTH="211" VPOS="2910" HPOS="706"/>
</TextLine>
<TextLine HEIGHT="69" WIDTH="1917" VPOS="2986" HPOS="170" STYLEREFS="StyleId-B7252A00-BB1B-4D12-9A9F-13ECCB689D04-" CS="1">
<String CONTENT="Problems" HEIGHT="53" WIDTH="292" VPOS="2986" HPOS="170"/>
<SP HEIGHT="52" WIDTH="31" VPOS="2987" HPOS="463"/>
<String CONTENT="in" HEIGHT="54" WIDTH="59" VPOS="2987" HPOS="495"/>
<SP HEIGHT="36" WIDTH="26" VPOS="3005" HPOS="555"/>
<String CONTENT="marketing," HEIGHT="68" WIDTH="340" VPOS="2987" HPOS="582"/>
<SP HEIGHT="67" WIDTH="29" VPOS="2988" HPOS="923"/>
<String CONTENT="by" HEIGHT="67" WIDTH="74" VPOS="2988" HPOS="953"/>
<SP HEIGHT="69" WIDTH="28" VPOS="2986" HPOS="1028"/>
<String CONTENT="Edmund" HEIGHT="53" WIDTH="273" VPOS="2986" HPOS="1057"/>
<SP HEIGHT="52" WIDTH="30" VPOS="2987" HPOS="1331"/>
<String CONTENT="P." HEIGHT="53" WIDTH="65" VPOS="2987" HPOS="1362"/>
<SP HEIGHT="52" WIDTH="29" VPOS="2988" HPOS="1428"/>
<String CONTENT="Learned" HEIGHT="53" WIDTH="258" VPOS="2987" HPOS="1458"/>
<SP HEIGHT="53" WIDTH="35" VPOS="2987" HPOS="1717"/>
<String CS="1" CONTENT="&#8230;"/>
<SP HEIGHT="51" WIDTH="80" VPOS="2989" HPOS="1809"/>
<String CONTENT="1st" HEIGHT="50" WIDTH="84" VPOS="2989" HPOS="1890"/>
<SP HEIGHT="46" WIDTH="30" VPOS="2994" HPOS="1975"/>
<String CONTENT="ed." HEIGHT="54" WIDTH="81" VPOS="2987" HPOS="2006"/>
</TextLine>
<TextLine HEIGHT="70" WIDTH="1988" VPOS="3062" HPOS="104" STYLEREFS="StyleId-B7252A00-BB1B-4D12-9A9F-13ECCB689D04-">
<String CONTENT="New" HEIGHT="53" WIDTH="134" VPOS="3064" HPOS="104"/>
<SP HEIGHT="50" WIDTH="47" VPOS="3064" HPOS="239"/>
<String CONTENT="York" HEIGHT="52" WIDTH="160" VPOS="3064" HPOS="287"/>
<SP HEIGHT="51" WIDTH="45" VPOS="3064" HPOS="448"/>
<String CONTENT="and" HEIGHT="51" WIDTH="112" VPOS="3065" HPOS="494"/>
<SP HEIGHT="52" WIDTH="43" VPOS="3064" HPOS="607"/>
<String CONTENT="London," HEIGHT="67" WIDTH="259" VPOS="3064" HPOS="651"/>
<SP HEIGHT="66" WIDTH="41" VPOS="3065" HPOS="911"/>
<String CONTENT="McGraw-Hill" HEIGHT="55" WIDTH="429" VPOS="3062" HPOS="953"/>
<SP HEIGHT="51" WIDTH="44" VPOS="3065" HPOS="1383"/>
<String CONTENT="book" HEIGHT="51" WIDTH="148" VPOS="3065" HPOS="1428"/>
<SP HEIGHT="52" WIDTH="44" VPOS="3065" HPOS="1577"/>
<String CONTENT="company," HEIGHT="50" WIDTH="296" VPOS="3082" HPOS="1622"/>
<SP HEIGHT="67" WIDTH="46" VPOS="3064" HPOS="1919"/>
<String CONTENT="inc.," HEIGHT="68" WIDTH="126" VPOS="3064" HPOS="1966"/>
</TextLine>
<TextLine HEIGHT="50" WIDTH="143" VPOS="3143" HPOS="107" STYLEREFS="StyleId-B7252A00-BB1B-4D12-9A9F-13ECCB689D04-">
<String CONTENT="1936." HEIGHT="50" WIDTH="143" VPOS="3143" HPOS="107"/>
</TextLine>
<TextLine HEIGHT="51" WIDTH="1189" VPOS="3210" HPOS="169" CS="1">
<String CONTENT="xx," HEIGHT="36" WIDTH="80" VPOS="3222" HPOS="169"/>
<SP HEIGHT="47" WIDTH="29" VPOS="3211" HPOS="250"/>
<String CONTENT="669" HEIGHT="41" WIDTH="84" VPOS="3210" HPOS="280"/>
<SP HEIGHT="49" WIDTH="25" VPOS="3210" HPOS="365"/>
<String CONTENT="p." HEIGHT="37" WIDTH="43" VPOS="3222" HPOS="391"/>
<SP HEIGHT="40" WIDTH="29" VPOS="3212" HPOS="435"/>
<String CONTENT="incl." HEIGHT="39" WIDTH="109" VPOS="3212" HPOS="465"/>
<SP HEIGHT="39" WIDTH="27" VPOS="3212" HPOS="575"/>
<String CONTENT="illus.," HEIGHT="47" WIDTH="144" VPOS="3212" HPOS="603"/>
<SP HEIGHT="45" WIDTH="26" VPOS="3214" HPOS="748"/>
<String CONTENT="tables," HEIGHT="49" WIDTH="169" VPOS="3212" HPOS="775"/>
<SP HEIGHT="48" WIDTH="28" VPOS="3213" HPOS="945"/>
<String CONTENT="diagrs." HEIGHT="48" WIDTH="179" VPOS="3212" HPOS="974"/>
<SP HEIGHT="41" WIDTH="58" VPOS="3212" HPOS="1154"/>
<String CS="1" CONTENT="23&#189;" HEIGHT="40" WIDTH="54" VPOS="3211" HPOS="1213"/>
<String STYLE="superscript" CONTENT="cm" HEIGHT="22" WIDTH="44" VPOS="3214" HPOS="1300"/>
<String CONTENT="." HEIGHT="7" WIDTH="8" VPOS="3246" HPOS="1350"/>
</TextLine>
<TextLine HEIGHT="52" WIDTH="1918" VPOS="3266" HPOS="173">
<String CONTENT="&#8220;A" HEIGHT="40" WIDTH="67" VPOS="3266" HPOS="173"/>
<SP HEIGHT="39" WIDTH="27" VPOS="3267" HPOS="241"/>
<String CONTENT="successor" HEIGHT="31" WIDTH="246" VPOS="3276" HPOS="269"/>
<SP HEIGHT="38" WIDTH="27" VPOS="3270" HPOS="516"/>
<String CONTENT="to" HEIGHT="38" WIDTH="48" VPOS="3270" HPOS="544"/>
<SP HEIGHT="37" WIDTH="27" VPOS="3271" HPOS="593"/>
<String CONTENT="the" HEIGHT="39" WIDTH="83" VPOS="3269" HPOS="621"/>
<SP HEIGHT="40" WIDTH="27" VPOS="3268" HPOS="705"/>
<String CONTENT="fourth" HEIGHT="40" WIDTH="170" VPOS="3268" HPOS="733"/>
<SP HEIGHT="42" WIDTH="27" VPOS="3268" HPOS="904"/>
<String CONTENT="edition" HEIGHT="41" WIDTH="181" VPOS="3269" HPOS="932"/>
<SP HEIGHT="29" WIDTH="31" VPOS="3280" HPOS="1114"/>
<String CONTENT="of" HEIGHT="40" WIDTH="51" VPOS="3269" HPOS="1146"/>
<SP HEIGHT="39" WIDTH="28" VPOS="3269" HPOS="1198"/>
<String CONTENT="Professor" HEIGHT="41" WIDTH="254" VPOS="3269" HPOS="1227"/>
<SP HEIGHT="38" WIDTH="27" VPOS="3271" HPOS="1482"/>
<String CONTENT="Melvin" HEIGHT="41" WIDTH="180" VPOS="3269" HPOS="1510"/>
<SP HEIGHT="39" WIDTH="29" VPOS="3271" HPOS="1691"/>
<String CONTENT="T." HEIGHT="41" WIDTH="53" VPOS="3271" HPOS="1721"/>
<SP HEIGHT="41" WIDTH="31" VPOS="3271" HPOS="1775"/>
<String CONTENT="Copeland&#8217;s" HEIGHT="49" WIDTH="284" VPOS="3269" HPOS="1807"/>
</TextLine>
<TextLine HEIGHT="43" WIDTH="842" VPOS="3322" HPOS="102">
<String CONTENT="book" HEIGHT="40" WIDTH="120" VPOS="3322" HPOS="102"/>
<SP HEIGHT="40" WIDTH="26" VPOS="3322" HPOS="223"/>
<String CONTENT="of" HEIGHT="39" WIDTH="50" VPOS="3323" HPOS="250"/>
<SP HEIGHT="41" WIDTH="27" VPOS="3323" HPOS="301"/>
<String CONTENT="the" HEIGHT="40" WIDTH="82" VPOS="3324" HPOS="329"/>
<SP HEIGHT="30" WIDTH="24" VPOS="3334" HPOS="412"/>
<String CONTENT="same" HEIGHT="31" WIDTH="132" VPOS="3333" HPOS="437"/>
<SP HEIGHT="38" WIDTH="27" VPOS="3326" HPOS="570"/>
<String CONTENT="title.&#8221;&#8212;Pref." HEIGHT="42" WIDTH="346" VPOS="3323" HPOS="598"/>
</TextLine>
<TextLine HEIGHT="55" WIDTH="1996" VPOS="3377" HPOS="101">
<String CONTENT="&#169;" HEIGHT="53" WIDTH="52" VPOS="3377" HPOS="101"/>
<SP HEIGHT="53" WIDTH="28" VPOS="3377" HPOS="154"/>
<String CONTENT="Aug." HEIGHT="44" WIDTH="117" VPOS="3383" HPOS="183"/>
<SP HEIGHT="38" WIDTH="31" VPOS="3383" HPOS="301"/>
<String CONTENT="28," HEIGHT="47" WIDTH="69" VPOS="3383" HPOS="333"/>
<SP HEIGHT="46" WIDTH="29" VPOS="3384" HPOS="403"/>
<String CONTENT="1936;" HEIGHT="47" WIDTH="139" VPOS="3382" HPOS="433"/>
<SP HEIGHT="46" WIDTH="31" VPOS="3383" HPOS="573"/>
<String CONTENT="2c." HEIGHT="41" WIDTH="68" VPOS="3383" HPOS="605"/>
<SP HEIGHT="41" WIDTH="33" VPOS="3383" HPOS="674"/>
<String CONTENT="Sept." HEIGHT="48" WIDTH="127" VPOS="3383" HPOS="708"/>
<SP HEIGHT="39" WIDTH="28" VPOS="3384" HPOS="836"/>
<String CONTENT="1;" HEIGHT="46" WIDTH="52" VPOS="3384" HPOS="865"/>
<SP HEIGHT="36" WIDTH="33" VPOS="3394" HPOS="918"/>
<String CONTENT="aff." HEIGHT="42" WIDTH="81" VPOS="3383" HPOS="952"/>
<SP HEIGHT="42" WIDTH="32" VPOS="3383" HPOS="1034"/>
<String CONTENT="Sept." HEIGHT="48" WIDTH="128" VPOS="3383" HPOS="1067"/>
<SP HEIGHT="41" WIDTH="28" VPOS="3383" HPOS="1196"/>
<String CONTENT="2;" HEIGHT="48" WIDTH="53" VPOS="3383" HPOS="1225"/>
<SP HEIGHT="47" WIDTH="31" VPOS="3384" HPOS="1279"/>
<!-- cceid A410E16A-6E3A-1014-83DD-942C093A1DD9 --><String CONTENT="A" HEIGHT="39" WIDTH="41" VPOS="3384" HPOS="1311"/>
<SP HEIGHT="40" WIDTH="29" VPOS="3383" HPOS="1353"/>
<String CONTENT="98229;" HEIGHT="50" WIDTH="170" VPOS="3382" HPOS="1383"/>
<SP HEIGHT="47" WIDTH="33" VPOS="3385" HPOS="1554"/>
<String CONTENT="McGraw-Hill" HEIGHT="41" WIDTH="348" VPOS="3383" HPOS="1588"/>
<SP HEIGHT="39" WIDTH="35" VPOS="3385" HPOS="1937"/>
<String CONTENT="book" HEIGHT="40" WIDTH="124" VPOS="3384" HPOS="1973"/>
</TextLine>
<TextLine HEIGHT="51" WIDTH="553" VPOS="3438" HPOS="171" CS="1">
<String CS="1" CONTENT="co." HEIGHT="29" WIDTH="53" VPOS="3448" HPOS="171"/>
<SP HEIGHT="48" WIDTH="31" VPOS="3439" HPOS="253"/>
<String CONTENT="inc." HEIGHT="40" WIDTH="90" VPOS="3439" HPOS="285"/>
<SP HEIGHT="48" WIDTH="67" VPOS="3439" HPOS="376"/>
<String CONTENT="(36-19935)" HEIGHT="51" WIDTH="280" VPOS="3438" HPOS="444"/>
</TextLine>
<TextLine HEIGHT="64" WIDTH="747" VPOS="3541" HPOS="102" STYLEREFS="StyleId-1FE7C20E-1D07-428E-BB38-0D8261D45A04-">
<String CONTENT="Logan," HEIGHT="64" WIDTH="218" VPOS="3541" HPOS="102"/>
<SP HEIGHT="63" WIDTH="23" VPOS="3542" HPOS="321"/>
<String CONTENT="James" HEIGHT="53" WIDTH="204" VPOS="3542" HPOS="345"/>
<SP HEIGHT="54" WIDTH="20" VPOS="3542" HPOS="550"/>
<String CONTENT="Venable." HEIGHT="54" WIDTH="278" VPOS="3542" HPOS="571"/>
</TextLine>
<TextLine HEIGHT="68" WIDTH="1858" VPOS="3617" HPOS="235" STYLEREFS="StyleId-B7252A00-BB1B-4D12-9A9F-13ECCB689D04-" CS="1">
<String CS="1" CONTENT="&#8230;"/>
<SP HEIGHT="51" WIDTH="31" VPOS="3618" HPOS="235"/>
<String CONTENT="The" HEIGHT="51" WIDTH="121" VPOS="3618" HPOS="267"/>
<SP HEIGHT="49" WIDTH="28" VPOS="3636" HPOS="389"/>
<String CONTENT="poetry" HEIGHT="63" WIDTH="201" VPOS="3622" HPOS="418"/>
<SP HEIGHT="49" WIDTH="28" VPOS="3636" HPOS="620"/>
<String CONTENT="and" HEIGHT="52" WIDTH="112" VPOS="3618" HPOS="649"/>
<SP HEIGHT="53" WIDTH="28" VPOS="3618" HPOS="762"/>
<String CONTENT="aesthetics" HEIGHT="54" WIDTH="296" VPOS="3617" HPOS="791"/>
<SP HEIGHT="34" WIDTH="27" VPOS="3637" HPOS="1088"/>
<String CONTENT="of" HEIGHT="53" WIDTH="63" VPOS="3618" HPOS="1116"/>
<SP HEIGHT="52" WIDTH="27" VPOS="3618" HPOS="1180"/>
<String CONTENT="Erasmus" HEIGHT="53" WIDTH="273" VPOS="3618" HPOS="1208"/>
<SP HEIGHT="53" WIDTH="27" VPOS="3618" HPOS="1482"/>
<String CONTENT="Darwin," HEIGHT="67" WIDTH="256" VPOS="3618" HPOS="1510"/>
<SP HEIGHT="67" WIDTH="26" VPOS="3618" HPOS="1767"/>
<String CONTENT="by" HEIGHT="67" WIDTH="75" VPOS="3618" HPOS="1794"/>
<SP HEIGHT="66" WIDTH="28" VPOS="3619" HPOS="1870"/>
<String CONTENT="James" HEIGHT="53" WIDTH="194" VPOS="3619" HPOS="1899"/>
</TextLine>
<TextLine HEIGHT="69" WIDTH="1983" VPOS="3693" HPOS="109" STYLEREFS="StyleId-B7252A00-BB1B-4D12-9A9F-13ECCB689D04-">
<String CONTENT="Venable" HEIGHT="52" WIDTH="246" VPOS="3694" HPOS="109"/>
<SP HEIGHT="51" WIDTH="33" VPOS="3695" HPOS="356"/>
<String CONTENT="Logan." HEIGHT="61" WIDTH="213" VPOS="3695" HPOS="390"/>
<SP HEIGHT="52" WIDTH="75" VPOS="3693" HPOS="604"/>
<String CONTENT="Princeton," HEIGHT="67" WIDTH="325" VPOS="3693" HPOS="680"/>
<SP HEIGHT="66" WIDTH="31" VPOS="3694" HPOS="1006"/>
<String CONTENT="Princeton" HEIGHT="54" WIDTH="307" VPOS="3694" HPOS="1038"/>
<SP HEIGHT="34" WIDTH="33" VPOS="3713" HPOS="1346"/>
<String CONTENT="university" HEIGHT="68" WIDTH="317" VPOS="3694" HPOS="1380"/>
<SP HEIGHT="48" WIDTH="35" VPOS="3714" HPOS="1698"/>
<String CONTENT="press," HEIGHT="50" WIDTH="172" VPOS="3712" HPOS="1734"/>
<SP HEIGHT="64" WIDTH="35" VPOS="3698" HPOS="1907"/>
<String CONTENT="1936." HEIGHT="52" WIDTH="149" VPOS="3696" HPOS="1943"/>
</TextLine>
<TextLine HEIGHT="51" WIDTH="1918" VPOS="3764" HPOS="175" CS="1">
<String CONTENT="4" HEIGHT="34" WIDTH="27" VPOS="3768" HPOS="175"/>
<SP/>
<String CS="1" CONTENT="p."/>
<SP/>
<String CS="1" CONTENT="l.," HEIGHT="15" WIDTH="8" VPOS="3794" HPOS="346"/>
<SP HEIGHT="44" WIDTH="33" VPOS="3765" HPOS="355"/>
<String CONTENT="162" HEIGHT="39" WIDTH="84" VPOS="3764" HPOS="389"/>
<SP HEIGHT="48" WIDTH="31" VPOS="3764" HPOS="474"/>
<String CONTENT="p," HEIGHT="37" WIDTH="56" VPOS="3775" HPOS="506"/>
<SP HEIGHT="47" WIDTH="31" VPOS="3765" HPOS="563"/>
<String CONTENT="1" HEIGHT="39" WIDTH="25" VPOS="3765" HPOS="595"/>
<SP HEIGHT="39" WIDTH="31" VPOS="3765" HPOS="621"/>
<String CS="1" CONTENT="l." HEIGHT="7" WIDTH="8" VPOS="3796" HPOS="675"/>
<SP HEIGHT="38" WIDTH="58" VPOS="3766" HPOS="684"/>
<String CONTENT="23" HEIGHT="40" WIDTH="55" VPOS="3765" HPOS="743"/>
<String STYLE="superscript" CONTENT="cm" HEIGHT="22" WIDTH="47" VPOS="3767" HPOS="802"/>
<String CONTENT="." HEIGHT="9" WIDTH="9" VPOS="3796" HPOS="851"/>
<SP HEIGHT="48" WIDTH="67" VPOS="3764" HPOS="861"/>
<String CONTENT="([Princeton" HEIGHT="50" WIDTH="299" VPOS="3764" HPOS="929"/>
<SP HEIGHT="29" WIDTH="34" VPOS="3777" HPOS="1229"/>
<String CONTENT="university]" HEIGHT="49" WIDTH="285" VPOS="3766" HPOS="1264"/>
<SP HEIGHT="48" WIDTH="63" VPOS="3767" HPOS="1550"/>
<String CONTENT="Princeton" HEIGHT="40" WIDTH="258" VPOS="3767" HPOS="1614"/>
<SP HEIGHT="30" WIDTH="33" VPOS="3777" HPOS="1873"/>
<String CONTENT="studies" HEIGHT="41" WIDTH="186" VPOS="3766" HPOS="1907"/>
</TextLine>
<TextLine HEIGHT="50" WIDTH="1052" VPOS="3819" HPOS="107">
<String CONTENT="in" HEIGHT="39" WIDTH="46" VPOS="3819" HPOS="107"/>
<SP HEIGHT="38" WIDTH="28" VPOS="3820" HPOS="154"/>
<String CONTENT="English," HEIGHT="47" WIDTH="215" VPOS="3820" HPOS="183"/>
<SP HEIGHT="37" WIDTH="27" VPOS="3830" HPOS="399"/>
<String CONTENT="ed." HEIGHT="40" WIDTH="71" VPOS="3821" HPOS="427"/>
<SP HEIGHT="40" WIDTH="27" VPOS="3821" HPOS="499"/>
<String CONTENT="by" HEIGHT="47" WIDTH="62" VPOS="3821" HPOS="527"/>
<SP HEIGHT="47" WIDTH="27" VPOS="3821" HPOS="590"/>
<String CONTENT="G." HEIGHT="40" WIDTH="54" VPOS="3821" HPOS="618"/>
<SP HEIGHT="40" WIDTH="28" VPOS="3821" HPOS="673"/>
<String CONTENT="H." HEIGHT="41" WIDTH="60" VPOS="3821" HPOS="702"/>
<SP HEIGHT="41" WIDTH="31" VPOS="3821" HPOS="763"/>
<String CONTENT="Gerould." HEIGHT="41" WIDTH="223" VPOS="3821" HPOS="795"/>
<SP HEIGHT="40" WIDTH="58" VPOS="3822" HPOS="1019"/>
<String CONTENT="15)" HEIGHT="47" WIDTH="81" VPOS="3822" HPOS="1078"/>
</TextLine>
<TextLine HEIGHT="50" WIDTH="1915" VPOS="3875" HPOS="177">
<String CONTENT="&#8220;Originally" HEIGHT="48" WIDTH="298" VPOS="3875" HPOS="177"/>
<SP HEIGHT="37" WIDTH="34" VPOS="3887" HPOS="476"/>
<String CONTENT="presented" HEIGHT="46" WIDTH="254" VPOS="3878" HPOS="511"/>
<SP HEIGHT="39" WIDTH="35" VPOS="3878" HPOS="766"/>
<String CONTENT="as" HEIGHT="29" WIDTH="54" VPOS="3888" HPOS="802"/>
<SP HEIGHT="30" WIDTH="38" VPOS="3888" HPOS="857"/>
<String CONTENT="a" HEIGHT="29" WIDTH="27" VPOS="3889" HPOS="896"/>
<SP HEIGHT="39" WIDTH="36" VPOS="3879" HPOS="924"/>
<String CONTENT="dissertation" HEIGHT="39" WIDTH="314" VPOS="3879" HPOS="961"/>
<SP HEIGHT="37" WIDTH="38" VPOS="3882" HPOS="1276"/>
<String CONTENT="to" HEIGHT="37" WIDTH="48" VPOS="3882" HPOS="1315"/>
<SP HEIGHT="38" WIDTH="36" VPOS="3881" HPOS="1364"/>
<String CONTENT="the" HEIGHT="39" WIDTH="81" VPOS="3880" HPOS="1401"/>
<SP HEIGHT="40" WIDTH="35" VPOS="3879" HPOS="1483"/>
<String CONTENT="faculty" HEIGHT="46" WIDTH="189" VPOS="3879" HPOS="1519"/>
<SP HEIGHT="37" WIDTH="36" VPOS="3888" HPOS="1709"/>
<String CONTENT="of" HEIGHT="40" WIDTH="52" VPOS="3879" HPOS="1746"/>
<SP HEIGHT="40" WIDTH="34" VPOS="3879" HPOS="1799"/>
<String CONTENT="Princeton" HEIGHT="41" WIDTH="258" VPOS="3878" HPOS="1834"/>
</TextLine>
<TextLine HEIGHT="53" WIDTH="1985" VPOS="3931" HPOS="110">
<String CONTENT="university" HEIGHT="48" WIDTH="264" VPOS="3931" HPOS="110"/>
<SP HEIGHT="46" WIDTH="29" VPOS="3933" HPOS="375"/>
<String CONTENT="in" HEIGHT="38" WIDTH="49" VPOS="3933" HPOS="405"/>
<SP HEIGHT="29" WIDTH="28" VPOS="3943" HPOS="455"/>
<String CONTENT="candidacy" HEIGHT="47" WIDTH="265" VPOS="3933" HPOS="484"/>
<SP HEIGHT="47" WIDTH="27" VPOS="3933" HPOS="750"/>
<String CONTENT="for" HEIGHT="40" WIDTH="80" VPOS="3933" HPOS="778"/>
<SP HEIGHT="37" WIDTH="27" VPOS="3936" HPOS="859"/>
<String CONTENT="the" HEIGHT="38" WIDTH="80" VPOS="3935" HPOS="887"/>
<SP HEIGHT="39" WIDTH="28" VPOS="3935" HPOS="968"/>
<String CONTENT="degree" HEIGHT="47" WIDTH="170" VPOS="3935" HPOS="997"/>
<SP HEIGHT="31" WIDTH="27" VPOS="3944" HPOS="1168"/>
<String CONTENT="of" HEIGHT="41" WIDTH="51" VPOS="3934" HPOS="1196"/>
<SP HEIGHT="41" WIDTH="28" VPOS="3934" HPOS="1248"/>
<String CONTENT="doctor" HEIGHT="39" WIDTH="166" VPOS="3936" HPOS="1277"/>
<SP HEIGHT="29" WIDTH="28" VPOS="3946" HPOS="1444"/>
<String CONTENT="of" HEIGHT="41" WIDTH="52" VPOS="3934" HPOS="1473"/>
<SP HEIGHT="50" WIDTH="28" VPOS="3934" HPOS="1526"/>
<String CONTENT="philosophy." HEIGHT="49" WIDTH="299" VPOS="3935" HPOS="1555"/>
<SP HEIGHT="40" WIDTH="58" VPOS="3935" HPOS="1855"/>
<String CONTENT="It" HEIGHT="39" WIDTH="47" VPOS="3935" HPOS="1914"/>
<SP HEIGHT="40" WIDTH="29" VPOS="3936" HPOS="1962"/>
<String CONTENT="was" HEIGHT="30" WIDTH="103" VPOS="3946" HPOS="1992"/>
</TextLine>
<TextLine HEIGHT="50" WIDTH="1986" VPOS="3988" HPOS="108" CS="1">
<String CONTENT="accepted" HEIGHT="47" WIDTH="224" VPOS="3988" HPOS="108"/>
<SP HEIGHT="38" WIDTH="39" VPOS="3989" HPOS="333"/>
<String CS="1" CONTENT="&#8230;"/>
<SP HEIGHT="39" WIDTH="38" VPOS="3988" HPOS="421"/>
<String CONTENT="in" HEIGHT="39" WIDTH="50" VPOS="3988" HPOS="460"/>
<SP HEIGHT="39" WIDTH="37" VPOS="3989" HPOS="511"/>
<String CONTENT="June," HEIGHT="47" WIDTH="140" VPOS="3989" HPOS="549"/>
<SP HEIGHT="47" WIDTH="36" VPOS="3989" HPOS="690"/>
<String CONTENT="1932." HEIGHT="41" WIDTH="127" VPOS="3988" HPOS="727"/>
<SP HEIGHT="37" WIDTH="59" VPOS="3991" HPOS="855"/>
<String CONTENT="It" HEIGHT="39" WIDTH="46" VPOS="3991" HPOS="915"/>
<SP HEIGHT="38" WIDTH="37" VPOS="3992" HPOS="962"/>
<String CONTENT="has" HEIGHT="38" WIDTH="88" VPOS="3992" HPOS="1000"/>
<SP HEIGHT="29" WIDTH="36" VPOS="4001" HPOS="1089"/>
<String CONTENT="since" HEIGHT="39" WIDTH="129" VPOS="3992" HPOS="1126"/>
<SP HEIGHT="39" WIDTH="35" VPOS="3992" HPOS="1256"/>
<String CONTENT="been" HEIGHT="39" WIDTH="116" VPOS="3992" HPOS="1292"/>
<SP HEIGHT="29" WIDTH="37" VPOS="4001" HPOS="1409"/>
<String CONTENT="revised," HEIGHT="46" WIDTH="202" VPOS="3992" HPOS="1447"/>
<SP HEIGHT="35" WIDTH="38" VPOS="4003" HPOS="1650"/>
<String CONTENT="and" HEIGHT="39" WIDTH="94" VPOS="3993" HPOS="1689"/>
<SP HEIGHT="39" WIDTH="37" VPOS="3993" HPOS="1784"/>
<String CONTENT="much" HEIGHT="39" WIDTH="141" VPOS="3993" HPOS="1822"/>
<SP HEIGHT="39" WIDTH="40" VPOS="3993" HPOS="1964"/>
<String CONTENT="has" HEIGHT="39" WIDTH="89" VPOS="3993" HPOS="2005"/>
</TextLine>
<TextLine HEIGHT="49" WIDTH="828" VPOS="4043" HPOS="109">
<String CONTENT="been" HEIGHT="39" WIDTH="114" VPOS="4043" HPOS="109"/>
<SP HEIGHT="31" WIDTH="31" VPOS="4053" HPOS="224"/>
<String CONTENT="added.&#8221;&#8212;Prefatory" HEIGHT="49" WIDTH="521" VPOS="4043" HPOS="256"/>
<SP HEIGHT="37" WIDTH="33" VPOS="4055" HPOS="778"/>
<String CONTENT="note." HEIGHT="39" WIDTH="125" VPOS="4047" HPOS="812"/>
</TextLine>
</TextBlock>
</PrintSpace>
</Page>
</Layout>
</alto>