<alto xmlns="http://www.loc.gov/standards/alto/ns-v3#" xmlns:xsi="http://www.w3.org/2001/XMLSchema-instance" xsi:schemaLocation="http://www.loc.gov/standards/alto/ns-v3# http://www.loc.gov/alto/v3/alto-3-0.xsd"><Description>
<MeasurementUnit>pixel</MeasurementUnit>
<sourceImageInformation>
<fileName>1936_v33_Part1.pdf</fileName>
</sourceImageInformation>
<OCRProcessing ID="IdOcr">
<ocrProcessingStep>
<processingDateTime>2019-01-18</processingDateTime>
<processingSoftware>
<softwareCreator>ABBYY</softwareCreator>
<softwareName>ABBYY Recognition Server</softwareName>
<softwareVersion>4.0</softwareVersion>
</processingSoftware>
</ocrProcessingStep>
</OCRProcessing>
</Description>
<Styles>
<ParagraphStyle ALIGN="Left" FIRSTLINE="0." ID="StyleId-FFFFFFFF-FFFF-FFFF-FFFF-FFFFFFFFFFFF-" LEFT="0." RIGHT="0." />
<ParagraphStyle ALIGN="Left" FIRSTLINE="0." ID="StyleId-51D50FAC-7A90-4D70-8A96-5EA9D46D1C8B-" LEFT="0." LINESPACE="7.699999809" RIGHT="0." />
<ParagraphStyle ALIGN="Block" FIRSTLINE="-17." ID="StyleId-6BC133E9-7DCB-43C3-8842-A67984A26405-" LEFT="0." LINESPACE="8.340000153" RIGHT="0." />
<ParagraphStyle ALIGN="Left" FIRSTLINE="-13." ID="StyleId-3C3FF860-43E7-46A2-8934-48F305F6F0D6-" LEFT="0." LINESPACE="11.06999969" RIGHT="0." />
<ParagraphStyle ALIGN="Block" FIRSTLINE="-13." ID="StyleId-19220C76-4F8A-4737-B38C-B5F5C17E6040-" LEFT="0." LINESPACE="11.06999969" RIGHT="0." />
<ParagraphStyle ALIGN="Left" FIRSTLINE="0." ID="StyleId-75A0D721-13ED-4F20-9002-B389EC48477D-" LEFT="0." LINESPACE="15.5" RIGHT="0." />
<ParagraphStyle ALIGN="Left" FIRSTLINE="0." ID="StyleId-8A414184-C7A5-4AC7-9B88-7DA4DDE75922-" LEFT="0." LINESPACE="9.399999619" RIGHT="0." />
<ParagraphStyle ALIGN="Left" FIRSTLINE="0." ID="StyleId-1A87970B-111C-4169-99A6-9412976F3C97-" LEFT="0." LINESPACE="10.5" RIGHT="0." />
<ParagraphStyle ALIGN="Block" FIRSTLINE="-17." ID="StyleId-72DB0571-5AE4-41FD-9E11-68C6AC4C437E-" LEFT="0." LINESPACE="8.340000153" RIGHT="0." />
<ParagraphStyle ALIGN="Center" FIRSTLINE="0." ID="StyleId-1AA43056-C388-4697-B10F-72FDAA38FAE1-" LEFT="0." LINESPACE="10.5" RIGHT="0." />
</Styles>
<Layout>
<Page HEIGHT="4377" ID="Page919" PHYSICAL_IMG_NR="919" WIDTH="2519">
<TopMargin HEIGHT="402" HPOS="0" VPOS="0" WIDTH="2519">
</TopMargin>
<LeftMargin HEIGHT="3798" HPOS="0" VPOS="402" WIDTH="80">
</LeftMargin>
<RightMargin HEIGHT="3798" HPOS="2096" VPOS="402" WIDTH="423">
</RightMargin>
<BottomMargin HEIGHT="177" HPOS="0" VPOS="4200" WIDTH="2519">
</BottomMargin>
<PrintSpace HEIGHT="3798" HPOS="80" VPOS="402" WIDTH="2016">
<TextBlock HEIGHT="72" HPOS="1020" ID="Page919_Block1" LANG="en-US" STYLEREFS="StyleId-A3C37F29-DA80-4228-ADBA-615488E823D5-" VPOS="4128" WIDTH="122">
<TextLine HEIGHT="51" HPOS="1031" VPOS="4139" WIDTH="100">
<String CONTENT="919" HEIGHT="51" HPOS="1031" VPOS="4139" WIDTH="100" />
</TextLine>
</TextBlock>
<TextBlock CS="1" HEIGHT="3730" HPOS="80" ID="Page919_Block2" LANG="en-US" STYLEREFS="StyleId-6D35C46E-31D1-4CAD-ACB4-0A1FF4A0C73B-" VPOS="402" WIDTH="2016">
<TextLine HEIGHT="69" HPOS="95" VPOS="460" WIDTH="1988">
<String CONTENT="Florida" HEIGHT="53" HPOS="95" LANG="de" VPOS="463" WIDTH="233" />
<SP HEIGHT="52" HPOS="329" VPOS="464" WIDTH="42" />
<String CONTENT="digest," HEIGHT="65" HPOS="372" LANG="en-US" VPOS="464" WIDTH="201" />
<SP HEIGHT="62" HPOS="574" VPOS="467" WIDTH="45" />
<String CONTENT="1846" HEIGHT="50" HPOS="620" LANG="de" VPOS="466" WIDTH="133" />
<SP HEIGHT="49" HPOS="754" VPOS="466" WIDTH="42" />
<String CONTENT="to" HEIGHT="48" HPOS="797" LANG="en-US" VPOS="467" WIDTH="58" />
<SP HEIGHT="52" HPOS="856" VPOS="463" WIDTH="43" />
<String CONTENT="date;" HEIGHT="65" HPOS="900" LANG="en-US" VPOS="463" WIDTH="157" />
<SP HEIGHT="48" HPOS="1058" VPOS="480" WIDTH="49" />
<String CONTENT="covering" HEIGHT="67" HPOS="1108" LANG="en-US" VPOS="461" WIDTH="265" />
<SP HEIGHT="66" HPOS="1374" VPOS="462" WIDTH="45" />
<String CONTENT="Florida" HEIGHT="54" HPOS="1420" LANG="en-US" VPOS="460" WIDTH="237" />
<SP HEIGHT="33" HPOS="1658" VPOS="480" WIDTH="43" />
<String CONTENT="reports" HEIGHT="62" HPOS="1702" LANG="en-US" VPOS="466" WIDTH="221" />
<SP HEIGHT="36" HPOS="1924" VPOS="478" WIDTH="45" />
<String CONTENT="and" HEIGHT="53" HPOS="1970" LANG="en-US" VPOS="461" WIDTH="113" />
</TextLine>
<TextLine HEIGHT="68" HPOS="167" VPOS="538" WIDTH="1916">
<String CONTENT="Southern" HEIGHT="55" HPOS="167" VPOS="541" WIDTH="282" />
<SP HEIGHT="33" HPOS="450" VPOS="559" WIDTH="35" />
<String CONTENT="reporter," HEIGHT="60" HPOS="486" VPOS="546" WIDTH="273" />
<SP HEIGHT="47" HPOS="760" VPOS="559" WIDTH="35" />
<String CONTENT="as" HEIGHT="34" HPOS="796" VPOS="558" WIDTH="59" />
<SP HEIGHT="33" HPOS="856" VPOS="558" WIDTH="36" />
<String CONTENT="well" HEIGHT="51" HPOS="893" VPOS="540" WIDTH="126" />
<SP HEIGHT="51" HPOS="1020" VPOS="540" WIDTH="39" />
<String CONTENT="as" HEIGHT="33" HPOS="1060" VPOS="558" WIDTH="58" />
<SP HEIGHT="50" HPOS="1119" VPOS="541" WIDTH="34" />
<String CONTENT="Florida" HEIGHT="52" HPOS="1154" VPOS="539" WIDTH="237" />
<SP HEIGHT="34" HPOS="1392" VPOS="557" WIDTH="37" />
<String CONTENT="cases" HEIGHT="35" HPOS="1430" VPOS="556" WIDTH="152" />
<SP HEIGHT="53" HPOS="1583" VPOS="538" WIDTH="35" />
<String CONTENT="decided" HEIGHT="53" HPOS="1619" VPOS="538" WIDTH="232" />
<SP HEIGHT="53" HPOS="1852" VPOS="538" WIDTH="36" />
<String CONTENT="in" HEIGHT="52" HPOS="1889" VPOS="538" WIDTH="59" />
<SP HEIGHT="47" HPOS="1949" VPOS="544" WIDTH="37" />
<String CONTENT="the" HEIGHT="51" HPOS="1987" VPOS="540" WIDTH="96" />
</TextLine>
<TextLine HEIGHT="67" HPOS="163" VPOS="616" WIDTH="1920">
<String CONTENT="federal" HEIGHT="53" HPOS="163" VPOS="618" WIDTH="219" />
<SP HEIGHT="51" HPOS="383" VPOS="619" WIDTH="28" />
<String CONTENT="District" HEIGHT="53" HPOS="412" VPOS="617" WIDTH="242" />
<SP HEIGHT="46" HPOS="655" VPOS="624" WIDTH="31" />
<String CONTENT="and" HEIGHT="52" HPOS="687" VPOS="618" WIDTH="111" />
<SP HEIGHT="54" HPOS="799" VPOS="618" WIDTH="30" />
<String CONTENT="Circuit" HEIGHT="54" HPOS="830" VPOS="618" WIDTH="219" />
<SP HEIGHT="47" HPOS="1050" VPOS="622" WIDTH="28" />
<String CONTENT="courts," HEIGHT="62" HPOS="1079" VPOS="621" WIDTH="204" />
<SP HEIGHT="66" HPOS="1284" VPOS="617" WIDTH="31" />
<String CONTENT="Circuit" HEIGHT="55" HPOS="1316" VPOS="616" WIDTH="219" />
<SP HEIGHT="50" HPOS="1536" VPOS="620" WIDTH="27" />
<String CONTENT="court" HEIGHT="50" HPOS="1564" VPOS="620" WIDTH="160" />
<SP HEIGHT="48" HPOS="1725" VPOS="620" WIDTH="28" />
<String CONTENT="of" HEIGHT="52" HPOS="1754" VPOS="616" WIDTH="63" />
<SP HEIGHT="53" HPOS="1818" VPOS="616" WIDTH="31" />
<String CONTENT="appeals" HEIGHT="66" HPOS="1850" VPOS="617" WIDTH="233" />
</TextLine>
<TextLine CS="1" HEIGHT="132" HPOS="162" VPOS="693" WIDTH="1895">
<String CONTENT="and" HEIGHT="52" HPOS="164" VPOS="697" WIDTH="110" />
<SP HEIGHT="55" HPOS="275" VPOS="695" WIDTH="29" />
<String CONTENT="Supreme" HEIGHT="66" HPOS="305" VPOS="695" WIDTH="273" />
<SP HEIGHT="34" HPOS="579" VPOS="713" WIDTH="27" />
<String CONTENT="court" HEIGHT="46" HPOS="607" VPOS="703" WIDTH="162" />
<SP HEIGHT="46" HPOS="770" VPOS="703" WIDTH="25" />
<String CONTENT="of" HEIGHT="51" HPOS="796" VPOS="695" WIDTH="62" />
<SP HEIGHT="52" HPOS="859" VPOS="695" WIDTH="28" />
<String CONTENT="the" HEIGHT="51" HPOS="888" VPOS="696" WIDTH="93" />
<SP HEIGHT="53" HPOS="982" VPOS="696" WIDTH="27" />
<String CONTENT="United" HEIGHT="55" HPOS="1010" VPOS="694" WIDTH="212" />
<SP HEIGHT="54" HPOS="1223" VPOS="694" WIDTH="32" />
<String CONTENT="States" HEIGHT="54" HPOS="1256" VPOS="694" WIDTH="186" />
<SP HEIGHT="33" HPOS="1443" VPOS="712" WIDTH="33" />
<String CONTENT="..." HEIGHT="9" HPOS="1477" VPOS="736" WIDTH="55" />
<SP HEIGHT="33" HPOS="1533" VPOS="713" WIDTH="32" />
<String CONTENT="with" HEIGHT="53" HPOS="1566" VPOS="693" WIDTH="139" />
<SP HEIGHT="51" HPOS="1706" VPOS="694" WIDTH="29" />
<String CONTENT="current" HEIGHT="48" HPOS="1736" VPOS="697" WIDTH="228" />
<SP HEIGHT="47" HPOS="1965" VPOS="697" WIDTH="25" />
<String CONTENT="cumulative" HEIGHT="114" HPOS="162" VPOS="711" WIDTH="1895" />
</TextLine>
<TextLine HEIGHT="68" HPOS="476" VPOS="770" WIDTH="1606">
<String CONTENT="pocket" HEIGHT="66" HPOS="476" VPOS="772" WIDTH="200" />
<SP HEIGHT="46" HPOS="677" VPOS="778" WIDTH="40" />
<String CONTENT="service." HEIGHT="53" HPOS="718" VPOS="772" WIDTH="225" />
<SP HEIGHT="53" HPOS="944" VPOS="773" WIDTH="75" />
<String CONTENT="Volume" HEIGHT="54" HPOS="1020" VPOS="772" WIDTH="241" />
<SP HEIGHT="49" HPOS="1262" VPOS="775" WIDTH="41" />
<String CONTENT="5." HEIGHT="49" HPOS="1304" VPOS="775" WIDTH="46" />
<SP HEIGHT="54" HPOS="1351" VPOS="772" WIDTH="44" />
<String CONTENT="Crops-Evidence." HEIGHT="67" HPOS="1396" VPOS="770" WIDTH="523" />
<SP HEIGHT="55" HPOS="1920" VPOS="772" WIDTH="79" />
<String CONTENT="St." HEIGHT="55" HPOS="2000" VPOS="772" WIDTH="82" />
</TextLine>
<TextLine CS="1" HEIGHT="68" HPOS="162" VPOS="848" WIDTH="1257">
<String CONTENT="Paul," HEIGHT="58" HPOS="162" VPOS="851" WIDTH="163" />
<SP HEIGHT="58" HPOS="326" VPOS="851" WIDTH="22" />
<String CONTENT="Minn.," HEIGHT="55" HPOS="349" VPOS="851" WIDTH="201" />
<SP HEIGHT="55" HPOS="551" VPOS="851" WIDTH="22" />
<String CONTENT="West" HEIGHT="53" HPOS="574" VPOS="851" WIDTH="160" />
<SP HEIGHT="61" HPOS="735" VPOS="854" WIDTH="25" />
<String CONTENT="publishing" HEIGHT="68" HPOS="761" VPOS="848" WIDTH="330" />
<SP HEIGHT="48" HPOS="1092" VPOS="868" WIDTH="24" />
<String CONTENT="co." HEIGHT="34" HPOS="1117" LANG="ru" VPOS="868" WIDTH="76" />
<SP HEIGHT="34" HPOS="1194" VPOS="882" WIDTH="33" />
<String CONTENT="[" CS="1" LANG="ru" />
<String CONTENT="c" HEIGHT="22" HPOS="1246" STYLE="superscript" VPOS="854" WIDTH="17" />
<String CONTENT="1936]" HEIGHT="64" HPOS="1268" VPOS="851" WIDTH="151" />
</TextLine>
<TextLine HEIGHT="49" HPOS="161" VPOS="922" WIDTH="447">
<String CONTENT="viii," HEIGHT="49" HPOS="161" VPOS="922" WIDTH="99" />
<SP HEIGHT="48" HPOS="261" VPOS="923" WIDTH="26" />
<String CONTENT="639" HEIGHT="41" HPOS="288" VPOS="922" WIDTH="87" />
<SP HEIGHT="49" HPOS="376" VPOS="922" WIDTH="19" />
<String CONTENT="p." HEIGHT="39" HPOS="396" VPOS="932" WIDTH="41" />
<SP HEIGHT="39" HPOS="438" VPOS="922" WIDTH="55" />
<String CONTENT="26" HEIGHT="40" HPOS="494" VPOS="922" WIDTH="59" />
<String CONTENT="cm" HEIGHT="21" HPOS="552" STYLE="superscript" VPOS="924" WIDTH="44" />
<String CONTENT="." HEIGHT="8" HPOS="601" VPOS="954" WIDTH="7" />
</TextLine>
<TextLine HEIGHT="53" HPOS="94" STYLEREFS="StyleId-D3AC0D42-2671-4121-BA19-92B3C6EA9184-" VPOS="989" WIDTH="1990">
<String CONTENT="&#169;" HEIGHT="53" HPOS="94" VPOS="989" WIDTH="52" />
<SP HEIGHT="53" HPOS="147" VPOS="989" WIDTH="35" />
<String CONTENT="June" HEIGHT="39" HPOS="183" VPOS="994" WIDTH="125" />
<SP HEIGHT="40" HPOS="309" VPOS="992" WIDTH="31" />
<String CONTENT="25," HEIGHT="47" HPOS="341" VPOS="992" WIDTH="69" />
<SP HEIGHT="46" HPOS="411" VPOS="993" WIDTH="37" />
<String CONTENT="1936;" HEIGHT="44" HPOS="449" VPOS="991" WIDTH="138" />
<SP HEIGHT="44" HPOS="588" VPOS="991" WIDTH="37" />
<String CONTENT="2c." HEIGHT="41" HPOS="626" VPOS="991" WIDTH="68" />
<SP HEIGHT="40" HPOS="695" VPOS="992" WIDTH="37" />
<String CONTENT="July" HEIGHT="47" HPOS="733" VPOS="991" WIDTH="115" />
<SP HEIGHT="46" HPOS="849" VPOS="992" WIDTH="36" />
<String CONTENT="13;" HEIGHT="44" HPOS="886" VPOS="992" WIDTH="81" />
<SP HEIGHT="35" HPOS="968" VPOS="1001" WIDTH="40" />
<String CONTENT="aff." HEIGHT="41" HPOS="1009" VPOS="991" WIDTH="81" />
<SP HEIGHT="40" HPOS="1091" VPOS="992" WIDTH="37" />
<String CONTENT="July" HEIGHT="47" HPOS="1129" VPOS="991" WIDTH="114" />
<SP HEIGHT="47" HPOS="1244" VPOS="991" WIDTH="37" />
<String CONTENT="15;" HEIGHT="46" HPOS="1282" VPOS="991" WIDTH="81" />
<SP HEIGHT="45" HPOS="1364" VPOS="992" WIDTH="40" />
<String CONTENT="A" HEIGHT="38" HPOS="1405" VPOS="992" WIDTH="41" />
<SP HEIGHT="41" HPOS="1447" VPOS="989" WIDTH="33" />
<String CONTENT="96483;" HEIGHT="49" HPOS="1481" VPOS="989" WIDTH="171" />
<SP HEIGHT="47" HPOS="1653" VPOS="991" WIDTH="40" />
<String CONTENT="West" HEIGHT="40" HPOS="1694" VPOS="991" WIDTH="134" />
<SP HEIGHT="45" HPOS="1829" VPOS="993" WIDTH="36" />
<String CONTENT="pub." HEIGHT="47" HPOS="1866" VPOS="991" WIDTH="109" />
<SP HEIGHT="29" HPOS="1976" VPOS="1001" WIDTH="38" />
<String CONTENT="co." HEIGHT="31" HPOS="2015" LANG="ru" VPOS="1001" WIDTH="69" />
</TextLine>
<TextLine HEIGHT="64" HPOS="94" STYLEREFS="StyleId-402A0332-46BE-443C-B62F-ED9485B67133-" VPOS="1110" WIDTH="767">
<String CONTENT="Frank," HEIGHT="63" HPOS="94" VPOS="1111" WIDTH="213" />
<SP HEIGHT="64" HPOS="308" VPOS="1110" WIDTH="24" />
<String CONTENT="Leonhard," HEIGHT="63" HPOS="333" VPOS="1110" WIDTH="328" />
<SP HEIGHT="58" HPOS="662" VPOS="1115" WIDTH="29" />
<String CONTENT="1882-" HEIGHT="50" HPOS="692" VPOS="1114" WIDTH="169" />
</TextLine>
<TextLine HEIGHT="73" HPOS="170" VPOS="1181" WIDTH="1916">
<String CONTENT="..." HEIGHT="10" HPOS="170" LANG="en-US" VPOS="1230" WIDTH="55" />
<SP HEIGHT="53" HPOS="226" VPOS="1187" WIDTH="47" />
<String CONTENT="Traumgef&#228;hrten," HEIGHT="69" HPOS="274" LANG="de" VPOS="1185" WIDTH="539" />
<SP HEIGHT="48" HPOS="814" VPOS="1204" WIDTH="42" />
<String CONTENT="roman." HEIGHT="35" HPOS="857" LANG="en-US" VPOS="1201" WIDTH="212" />
<SP HEIGHT="51" HPOS="1070" VPOS="1184" WIDTH="91" />
<String CONTENT="Amsterdam," HEIGHT="69" HPOS="1162" LANG="en-US" VPOS="1183" WIDTH="381" />
<SP HEIGHT="71" HPOS="1544" VPOS="1181" WIDTH="45" />
<String CONTENT="Querido" HEIGHT="63" HPOS="1590" LANG="en-US" VPOS="1181" WIDTH="252" />
<SP HEIGHT="36" HPOS="1843" VPOS="1201" WIDTH="43" />
<String CONTENT="verlag" HEIGHT="69" HPOS="1887" LANG="en-US" VPOS="1183" WIDTH="199" />
</TextLine>
<TextLine HEIGHT="64" HPOS="94" VPOS="1265" WIDTH="335">
<String CONTENT="n." HEIGHT="33" HPOS="94" VPOS="1283" WIDTH="49" />
<SP HEIGHT="34" HPOS="144" VPOS="1283" WIDTH="34" />
<String CONTENT="v.," HEIGHT="46" HPOS="179" VPOS="1283" WIDTH="69" />
<SP HEIGHT="64" HPOS="249" VPOS="1265" WIDTH="31" />
<String CONTENT="1936." HEIGHT="51" HPOS="281" VPOS="1265" WIDTH="148" />
</TextLine>
<TextLine CS="1" HEIGHT="48" HPOS="163" STYLEREFS="StyleId-D3AC0D42-2671-4121-BA19-92B3C6EA9184-" VPOS="1333" WIDTH="274">
<String CONTENT="291" HEIGHT="40" HPOS="163" VPOS="1333" WIDTH="83" />
<SP HEIGHT="47" HPOS="247" VPOS="1334" WIDTH="28" />
<String CONTENT="p." HEIGHT="37" HPOS="276" VPOS="1344" WIDTH="42" />
<SP HEIGHT="40" HPOS="319" VPOS="1334" WIDTH="62" />
<String CONTENT="19&#189;cm." CS="1" HEIGHT="40" HPOS="411" VPOS="1333" WIDTH="26" />
</TextLine>
<TextLine CS="1" HEIGHT="50" HPOS="164" STYLEREFS="StyleId-D3AC0D42-2671-4121-BA19-92B3C6EA9184-" VPOS="1388" WIDTH="1495">
<String CONTENT="&#8220;Leonhard" HEIGHT="41" HPOS="164" VPOS="1390" WIDTH="282" />
<SP HEIGHT="39" HPOS="447" VPOS="1390" WIDTH="29" />
<String CONTENT="Frank&#8221;," HEIGHT="47" HPOS="477" VPOS="1388" WIDTH="208" />
<SP HEIGHT="37" HPOS="686" VPOS="1401" WIDTH="29" />
<String CONTENT="p." HEIGHT="37" HPOS="716" VPOS="1401" WIDTH="43" />
<SP HEIGHT="39" HPOS="760" VPOS="1390" WIDTH="28" />
<String CONTENT="290-291," HEIGHT="50" HPOS="789" VPOS="1388" WIDTH="215" />
<SP HEIGHT="38" HPOS="1005" VPOS="1400" WIDTH="32" />
<String CONTENT="signed;" CS="1" HEIGHT="47" HPOS="1038" VPOS="1390" WIDTH="167" />
<SP HEIGHT="39" HPOS="1234" VPOS="1390" WIDTH="31" />
<String CONTENT="Alfred" HEIGHT="40" HPOS="1266" VPOS="1389" WIDTH="170" />
<SP HEIGHT="39" HPOS="1437" VPOS="1390" WIDTH="31" />
<String CONTENT="Polgar." HEIGHT="46" HPOS="1469" LANG="de" VPOS="1390" WIDTH="190" />
</TextLine>
<TextLine CS="1" HEIGHT="53" HPOS="94" STYLEREFS="StyleId-D3AC0D42-2671-4121-BA19-92B3C6EA9184-" VPOS="1452" WIDTH="1991">
<String CONTENT="&#169;" HEIGHT="53" HPOS="94" VPOS="1452" WIDTH="52" />
<SP HEIGHT="53" HPOS="147" VPOS="1452" WIDTH="45" />
<String CONTENT="Mar." HEIGHT="38" HPOS="193" VPOS="1458" WIDTH="121" />
<SP HEIGHT="42" HPOS="315" VPOS="1454" WIDTH="43" />
<String CONTENT="26," HEIGHT="50" HPOS="359" VPOS="1454" WIDTH="68" />
<SP HEIGHT="48" HPOS="428" VPOS="1456" WIDTH="45" />
<String CONTENT="1936;" HEIGHT="46" HPOS="474" VPOS="1455" WIDTH="140" />
<SP />
<String CONTENT="1c." CS="1" />
<SP />
<String CONTENT="Apr." HEIGHT="47" HPOS="779" VPOS="1455" WIDTH="110" />
<SP HEIGHT="43" HPOS="890" VPOS="1453" WIDTH="47" />
<String CONTENT="22;" HEIGHT="47" HPOS="938" VPOS="1453" WIDTH="82" />
<SP HEIGHT="46" HPOS="1021" VPOS="1454" WIDTH="48" />
<String CONTENT="A-Foreign" HEIGHT="47" HPOS="1070" VPOS="1454" WIDTH="310" />
<SP HEIGHT="40" HPOS="1381" VPOS="1455" WIDTH="42" />
<String CONTENT="31469;" HEIGHT="47" HPOS="1424" VPOS="1454" WIDTH="171" />
<SP HEIGHT="47" HPOS="1596" VPOS="1455" WIDTH="49" />
<String CONTENT="Querido" HEIGHT="49" HPOS="1646" VPOS="1453" WIDTH="210" />
<SP HEIGHT="29" HPOS="1857" VPOS="1465" WIDTH="45" />
<String CONTENT="verlag." HEIGHT="48" HPOS="1903" VPOS="1455" WIDTH="182" />
</TextLine>
<TextLine HEIGHT="49" HPOS="172" STYLEREFS="StyleId-D3AC0D42-2671-4121-BA19-92B3C6EA9184-" VPOS="1511" WIDTH="277">
<String CONTENT="(36-15605)" HEIGHT="49" HPOS="172" VPOS="1511" WIDTH="277" />
</TextLine>
<TextLine HEIGHT="65" HPOS="92" STYLEREFS="StyleId-402A0332-46BE-443C-B62F-ED9485B67133-" VPOS="1616" WIDTH="495">
<String CONTENT="Gardner," HEIGHT="63" HPOS="92" VPOS="1618" WIDTH="283" />
<SP HEIGHT="65" HPOS="376" VPOS="1616" WIDTH="23" />
<String CONTENT="Anne." HEIGHT="54" HPOS="400" VPOS="1616" WIDTH="187" />
</TextLine>
<TextLine HEIGHT="71" HPOS="161" VPOS="1690" WIDTH="1921">
<String CONTENT="Along" HEIGHT="69" HPOS="161" VPOS="1692" WIDTH="195" />
<SP HEIGHT="50" HPOS="357" VPOS="1711" WIDTH="29" />
<String CONTENT="came" HEIGHT="35" HPOS="387" VPOS="1710" WIDTH="152" />
<SP HEIGHT="33" HPOS="540" VPOS="1710" WIDTH="29" />
<String CONTENT="romance," HEIGHT="49" HPOS="570" VPOS="1708" WIDTH="279" />
<SP HEIGHT="65" HPOS="850" VPOS="1692" WIDTH="29" />
<String CONTENT="by" HEIGHT="67" HPOS="880" VPOS="1692" WIDTH="73" />
<SP HEIGHT="69" HPOS="954" VPOS="1690" WIDTH="30" />
<String CONTENT="Anne" HEIGHT="52" HPOS="985" VPOS="1690" WIDTH="167" />
<SP HEIGHT="55" HPOS="1153" VPOS="1690" WIDTH="30" />
<String CONTENT="Gardner." HEIGHT="55" HPOS="1184" VPOS="1690" WIDTH="278" />
<SP HEIGHT="54" HPOS="1463" VPOS="1690" WIDTH="66" />
<String CONTENT="New" HEIGHT="54" HPOS="1530" VPOS="1690" WIDTH="139" />
<SP HEIGHT="53" HPOS="1670" VPOS="1691" WIDTH="31" />
<String CONTENT="York," HEIGHT="67" HPOS="1702" VPOS="1690" WIDTH="180" />
<SP HEIGHT="66" HPOS="1883" VPOS="1691" WIDTH="31" />
<String CONTENT="J." HEIGHT="54" HPOS="1915" LANG="fr" VPOS="1691" WIDTH="57" />
<SP HEIGHT="53" HPOS="1973" VPOS="1691" WIDTH="33" />
<String CONTENT="H." HEIGHT="53" HPOS="2007" VPOS="1691" WIDTH="75" />
</TextLine>
<TextLine CS="1" HEIGHT="69" HPOS="93" VPOS="1769" WIDTH="850">
<String CONTENT="Hopkins" HEIGHT="69" HPOS="93" VPOS="1769" WIDTH="265" />
<SP HEIGHT="51" HPOS="359" VPOS="1772" WIDTH="27" />
<String CONTENT="&amp;" HEIGHT="51" HPOS="387" VPOS="1772" WIDTH="46" />
<SP HEIGHT="51" HPOS="434" VPOS="1772" WIDTH="24" />
<String CONTENT="son," HEIGHT="49" HPOS="459" VPOS="1788" WIDTH="118" />
<SP HEIGHT="68" HPOS="578" VPOS="1769" WIDTH="27" />
<String CONTENT="inc." HEIGHT="52" HPOS="606" VPOS="1769" WIDTH="107" />
<SP HEIGHT="34" HPOS="714" VPOS="1802" WIDTH="36" />
<String CONTENT="[" CS="1" />
<String CONTENT="c" HEIGHT="22" HPOS="768" STYLE="superscript" VPOS="1775" WIDTH="18" />
<String CONTENT="1936]" HEIGHT="63" HPOS="791" VPOS="1772" WIDTH="152" />
</TextLine>
<TextLine CS="1" HEIGHT="50" HPOS="159" STYLEREFS="StyleId-D3AC0D42-2671-4121-BA19-92B3C6EA9184-" VPOS="1843" WIDTH="366">
<String CONTENT="254" HEIGHT="41" HPOS="159" VPOS="1843" WIDTH="86" />
<SP HEIGHT="49" HPOS="246" VPOS="1844" WIDTH="30" />
<String CONTENT="p." HEIGHT="39" HPOS="277" VPOS="1854" WIDTH="44" />
<SP HEIGHT="41" HPOS="322" VPOS="1844" WIDTH="58" />
<String CONTENT="19&#189;" CS="1" HEIGHT="40" HPOS="381" VPOS="1843" WIDTH="56" />
<String CONTENT="cm" HEIGHT="22" HPOS="468" STYLE="superscript" VPOS="1844" WIDTH="44" />
<String CONTENT="." HEIGHT="9" HPOS="516" VPOS="1875" WIDTH="9" />
</TextLine>
<TextLine CS="1" HEIGHT="53" HPOS="92" STYLEREFS="StyleId-D3AC0D42-2671-4121-BA19-92B3C6EA9184-" VPOS="1897" WIDTH="1990">
<String CONTENT="&#169;" HEIGHT="53" HPOS="92" VPOS="1897" WIDTH="52" />
<SP HEIGHT="53" HPOS="145" VPOS="1897" WIDTH="24" />
<String CONTENT="July" HEIGHT="47" HPOS="170" VPOS="1901" WIDTH="115" />
<SP HEIGHT="47" HPOS="286" VPOS="1901" WIDTH="23" />
<String CONTENT="15," HEIGHT="47" HPOS="310" VPOS="1901" WIDTH="68" />
<SP HEIGHT="48" HPOS="379" VPOS="1900" WIDTH="26" />
<String CONTENT="1936;" CS="1" HEIGHT="40" HPOS="406" VPOS="1900" WIDTH="112" />
<SP HEIGHT="45" HPOS="547" VPOS="1900" WIDTH="26" />
<String CONTENT="2c." HEIGHT="40" HPOS="574" VPOS="1900" WIDTH="66" />
<SP HEIGHT="31" HPOS="641" VPOS="1909" WIDTH="29" />
<String CONTENT="and" HEIGHT="39" HPOS="671" VPOS="1899" WIDTH="95" />
<SP HEIGHT="39" HPOS="767" VPOS="1899" WIDTH="26" />
<String CONTENT="aff." HEIGHT="39" HPOS="794" VPOS="1900" WIDTH="81" />
<SP HEIGHT="39" HPOS="876" VPOS="1900" WIDTH="27" />
<String CONTENT="July" HEIGHT="46" HPOS="904" VPOS="1900" WIDTH="114" />
<SP HEIGHT="46" HPOS="1019" VPOS="1900" WIDTH="25" />
<String CONTENT="17;" CS="1" HEIGHT="40" HPOS="1045" VPOS="1900" WIDTH="54" />
<SP HEIGHT="43" HPOS="1128" VPOS="1900" WIDTH="27" />
<String CONTENT="A" HEIGHT="38" HPOS="1156" VPOS="1900" WIDTH="41" />
<SP HEIGHT="39" HPOS="1198" VPOS="1899" WIDTH="24" />
<String CONTENT="97058;" HEIGHT="46" HPOS="1223" VPOS="1899" WIDTH="170" />
<SP HEIGHT="45" HPOS="1394" VPOS="1900" WIDTH="28" />
<String CONTENT="John" HEIGHT="40" HPOS="1423" VPOS="1898" WIDTH="128" />
<SP HEIGHT="39" HPOS="1552" VPOS="1899" WIDTH="27" />
<String CONTENT="H." HEIGHT="40" HPOS="1580" VPOS="1899" WIDTH="59" />
<SP HEIGHT="40" HPOS="1640" VPOS="1899" WIDTH="27" />
<String CONTENT="Hopkins" HEIGHT="48" HPOS="1668" VPOS="1898" WIDTH="223" />
<SP HEIGHT="40" HPOS="1892" VPOS="1900" WIDTH="26" />
<String CONTENT="&amp;" HEIGHT="40" HPOS="1919" VPOS="1900" WIDTH="36" />
<SP HEIGHT="40" HPOS="1956" VPOS="1900" WIDTH="27" />
<String CONTENT="son," HEIGHT="38" HPOS="1984" VPOS="1909" WIDTH="98" />
</TextLine>
<TextLine HEIGHT="48" HPOS="161" STYLEREFS="StyleId-D3AC0D42-2671-4121-BA19-92B3C6EA9184-" VPOS="1957" WIDTH="435">
<String CONTENT="inc." HEIGHT="41" HPOS="161" VPOS="1957" WIDTH="89" />
<SP HEIGHT="48" HPOS="251" VPOS="1957" WIDTH="66" />
<String CONTENT="(36-15376)" HEIGHT="48" HPOS="318" VPOS="1957" WIDTH="278" />
</TextLine>
<TextLine HEIGHT="65" HPOS="92" STYLEREFS="StyleId-402A0332-46BE-443C-B62F-ED9485B67133-" VPOS="2059" WIDTH="532">
<String CONTENT="G&#233;rard," HEIGHT="64" HPOS="92" LANG="fr" VPOS="2060" WIDTH="241" />
<SP HEIGHT="64" HPOS="334" VPOS="2060" WIDTH="27" />
<String CONTENT="Francis." HEIGHT="55" HPOS="362" LANG="en-US" VPOS="2059" WIDTH="262" />
</TextLine>
<TextLine HEIGHT="70" HPOS="161" VPOS="2133" WIDTH="1917">
<String CONTENT="Number" HEIGHT="52" HPOS="161" VPOS="2136" WIDTH="252" />
<SP HEIGHT="48" HPOS="414" VPOS="2139" WIDTH="28" />
<String CONTENT="1-2-3," HEIGHT="65" HPOS="443" VPOS="2138" WIDTH="187" />
<SP HEIGHT="69" HPOS="631" VPOS="2134" WIDTH="26" />
<String CONTENT="by" HEIGHT="69" HPOS="658" VPOS="2134" WIDTH="74" />
<SP HEIGHT="68" HPOS="733" VPOS="2135" WIDTH="27" />
<String CONTENT="Francis" HEIGHT="54" HPOS="761" VPOS="2133" WIDTH="236" />
<SP HEIGHT="55" HPOS="998" VPOS="2134" WIDTH="29" />
<String CONTENT="Gerard." HEIGHT="55" HPOS="1028" VPOS="2134" WIDTH="238" />
<SP HEIGHT="53" HPOS="1267" VPOS="2134" WIDTH="64" />
<String CONTENT="London," HEIGHT="67" HPOS="1332" VPOS="2133" WIDTH="258" />
<SP HEIGHT="66" HPOS="1591" VPOS="2134" WIDTH="26" />
<String CONTENT="Rich" HEIGHT="53" HPOS="1618" VPOS="2133" WIDTH="143" />
<SP HEIGHT="53" HPOS="1762" VPOS="2134" WIDTH="32" />
<String CONTENT="&amp;" HEIGHT="51" HPOS="1795" VPOS="2136" WIDTH="46" />
<SP HEIGHT="56" HPOS="1842" VPOS="2133" WIDTH="27" />
<String CONTENT="Cowan" HEIGHT="56" HPOS="1870" VPOS="2133" WIDTH="208" />
</TextLine>
<TextLine HEIGHT="69" HPOS="92" VPOS="2213" WIDTH="423">
<String CONTENT="limited" HEIGHT="54" HPOS="92" VPOS="2213" WIDTH="220" />
<SP HEIGHT="69" HPOS="313" VPOS="2213" WIDTH="30" />
<String CONTENT="[1936]" HEIGHT="67" HPOS="344" VPOS="2215" WIDTH="171" />
</TextLine>
<TextLine CS="1" HEIGHT="52" HPOS="159" STYLEREFS="StyleId-D3AC0D42-2671-4121-BA19-92B3C6EA9184-" VPOS="2285" WIDTH="624">
<String CONTENT="3" HEIGHT="40" HPOS="159" LANG="en-US" VPOS="2287" WIDTH="26" />
<SP HEIGHT="49" HPOS="186" VPOS="2287" WIDTH="27" />
<String CONTENT="p." HEIGHT="37" HPOS="214" LANG="fr" VPOS="2299" WIDTH="44" />
<SP />
<String CONTENT="l.," CS="1" LANG="fr" />
<SP />
<String CONTENT="[5]-301" HEIGHT="52" HPOS="364" LANG="en-US" VPOS="2285" WIDTH="173" />
<SP HEIGHT="48" HPOS="538" VPOS="2287" WIDTH="27" />
<String CONTENT="p." HEIGHT="37" HPOS="566" LANG="en-US" VPOS="2298" WIDTH="43" />
<SP HEIGHT="40" HPOS="610" VPOS="2287" WIDTH="55" />
<String CONTENT="19" HEIGHT="41" HPOS="666" LANG="en-US" VPOS="2286" WIDTH="56" />
<String CONTENT="cm" HEIGHT="22" HPOS="726" LANG="en-US" STYLE="superscript" VPOS="2288" WIDTH="44" />
<String CONTENT="." HEIGHT="9" HPOS="773" LANG="en-US" VPOS="2318" WIDTH="10" />
</TextLine>
<TextLine CS="1" HEIGHT="53" HPOS="92" STYLEREFS="StyleId-D3AC0D42-2671-4121-BA19-92B3C6EA9184-" VPOS="2340" WIDTH="1992">
<String CONTENT="&#169;" HEIGHT="53" HPOS="92" VPOS="2340" WIDTH="53" />
<SP />
<String CONTENT="1c." CS="1" />
<SP />
<String CONTENT="July" HEIGHT="47" HPOS="280" VPOS="2344" WIDTH="115" />
<SP HEIGHT="47" HPOS="396" VPOS="2344" WIDTH="33" />
<String CONTENT="6," HEIGHT="47" HPOS="430" VPOS="2344" WIDTH="40" />
<SP HEIGHT="47" HPOS="471" VPOS="2344" WIDTH="33" />
<String CONTENT="1936;" HEIGHT="43" HPOS="505" VPOS="2342" WIDTH="140" />
<SP HEIGHT="40" HPOS="646" VPOS="2345" WIDTH="38" />
<String CONTENT="A" HEIGHT="37" HPOS="685" VPOS="2345" WIDTH="41" />
<SP HEIGHT="38" HPOS="727" VPOS="2345" WIDTH="31" />
<String CONTENT="ad" HEIGHT="39" HPOS="759" VPOS="2344" WIDTH="61" />
<SP HEIGHT="39" HPOS="821" VPOS="2343" WIDTH="34" />
<String CONTENT="int." HEIGHT="40" HPOS="856" VPOS="2343" WIDTH="86" />
<SP HEIGHT="40" HPOS="943" VPOS="2343" WIDTH="34" />
<String CONTENT="21612;" HEIGHT="44" HPOS="978" VPOS="2343" WIDTH="170" />
<SP HEIGHT="37" HPOS="1149" VPOS="2353" WIDTH="36" />
<String CONTENT="pubd." HEIGHT="47" HPOS="1186" VPOS="2343" WIDTH="141" />
<SP HEIGHT="38" HPOS="1328" VPOS="2344" WIDTH="38" />
<String CONTENT="May" HEIGHT="46" HPOS="1367" VPOS="2344" WIDTH="113" />
<SP HEIGHT="46" HPOS="1481" VPOS="2344" WIDTH="34" />
<String CONTENT="15;" HEIGHT="47" HPOS="1516" VPOS="2343" WIDTH="81" />
<SP HEIGHT="47" HPOS="1598" VPOS="2343" WIDTH="39" />
<String CONTENT="F." HEIGHT="40" HPOS="1638" LANG="fr" VPOS="2343" WIDTH="51" />
<SP HEIGHT="41" HPOS="1690" VPOS="2342" WIDTH="37" />
<String CONTENT="G&#233;rard," HEIGHT="49" HPOS="1728" LANG="fr" VPOS="2342" WIDTH="200" />
<SP HEIGHT="47" HPOS="1929" VPOS="2344" WIDTH="34" />
<String CONTENT="Ard" HEIGHT="40" HPOS="1964" VPOS="2343" WIDTH="120" />
</TextLine>
<TextLine HEIGHT="50" HPOS="160" STYLEREFS="StyleId-D3AC0D42-2671-4121-BA19-92B3C6EA9184-" VPOS="2399" WIDTH="945">
<String CONTENT="leigh," HEIGHT="49" HPOS="160" VPOS="2400" WIDTH="141" />
<SP HEIGHT="47" HPOS="302" VPOS="2402" WIDTH="26" />
<String CONTENT="Essex," HEIGHT="45" HPOS="329" VPOS="2402" WIDTH="166" />
<SP HEIGHT="46" HPOS="496" VPOS="2401" WIDTH="27" />
<String CONTENT="England." HEIGHT="48" HPOS="524" VPOS="2399" WIDTH="236" />
<SP HEIGHT="47" HPOS="761" VPOS="2400" WIDTH="65" />
<String CONTENT="(36-16198)" HEIGHT="50" HPOS="827" VPOS="2399" WIDTH="278" />
</TextLine>
<TextLine HEIGHT="65" HPOS="92" STYLEREFS="StyleId-402A0332-46BE-443C-B62F-ED9485B67133-" VPOS="2503" WIDTH="1037">
<String CONTENT="Gould," HEIGHT="65" HPOS="92" VPOS="2503" WIDTH="202" />
<SP HEIGHT="64" HPOS="295" VPOS="2504" WIDTH="25" />
<String CONTENT="Robert" HEIGHT="53" HPOS="321" VPOS="2503" WIDTH="220" />
<SP HEIGHT="53" HPOS="542" VPOS="2503" WIDTH="26" />
<String CONTENT="Freke," HEIGHT="63" HPOS="569" VPOS="2503" WIDTH="207" />
<SP HEIGHT="58" HPOS="777" VPOS="2508" WIDTH="28" />
<String CONTENT="1836-1915." HEIGHT="49" HPOS="806" VPOS="2508" WIDTH="323" />
</TextLine>
<TextLine CS="1" HEIGHT="148" HPOS="93" VPOS="2577" WIDTH="1967">
<String CONTENT="Gould&#8217;s" HEIGHT="54" HPOS="163" VPOS="2579" WIDTH="235" />
<SP HEIGHT="53" HPOS="399" VPOS="2579" WIDTH="38" />
<String CONTENT="history" HEIGHT="68" HPOS="438" VPOS="2579" WIDTH="222" />
<SP HEIGHT="49" HPOS="661" VPOS="2598" WIDTH="38" />
<String CONTENT="of" HEIGHT="54" HPOS="700" VPOS="2578" WIDTH="63" />
<SP HEIGHT="53" HPOS="764" VPOS="2577" WIDTH="39" />
<String CONTENT="freemasonry" HEIGHT="70" HPOS="804" VPOS="2577" WIDTH="389" />
<SP HEIGHT="63" HPOS="1194" VPOS="2584" WIDTH="37" />
<String CONTENT="throughout" HEIGHT="68" HPOS="1232" VPOS="2579" WIDTH="355" />
<SP HEIGHT="49" HPOS="1588" VPOS="2583" WIDTH="36" />
<String CONTENT="the" HEIGHT="54" HPOS="1625" VPOS="2578" WIDTH="95" />
<SP HEIGHT="34" HPOS="1721" VPOS="2597" WIDTH="40" />
<String CONTENT="world," HEIGHT="67" HPOS="1762" VPOS="2579" WIDTH="199" />
<SP HEIGHT="48" HPOS="1962" VPOS="2598" WIDTH="38" />
<String CONTENT="revised" HEIGHT="114" HPOS="93" VPOS="2596" WIDTH="1967" />
<SP HEIGHT="52" HPOS="247" VPOS="2657" WIDTH="32" />
<String CONTENT="by" HEIGHT="68" HPOS="280" VPOS="2657" WIDTH="75" />
</TextLine>
<TextLine CS="1" HEIGHT="146" HPOS="91" VPOS="2656" WIDTH="1968">
<String CONTENT="Dudley" HEIGHT="68" HPOS="389" VPOS="2657" WIDTH="228" />
<SP HEIGHT="68" HPOS="618" VPOS="2657" WIDTH="30" />
<String CONTENT="Wright" HEIGHT="68" HPOS="649" VPOS="2656" WIDTH="236" />
<SP HEIGHT="48" HPOS="886" VPOS="2661" WIDTH="35" />
<String CONTENT="..." HEIGHT="10" HPOS="922" VPOS="2699" WIDTH="57" />
<SP HEIGHT="52" HPOS="980" VPOS="2657" WIDTH="70" />
<String CONTENT="This" HEIGHT="53" HPOS="1051" VPOS="2657" WIDTH="141" />
<SP HEIGHT="34" HPOS="1193" VPOS="2676" WIDTH="32" />
<String CONTENT="edition" HEIGHT="54" HPOS="1226" VPOS="2656" WIDTH="215" />
<SP HEIGHT="53" HPOS="1442" VPOS="2656" WIDTH="30" />
<String CONTENT="in" HEIGHT="53" HPOS="1473" VPOS="2656" WIDTH="59" />
<SP HEIGHT="35" HPOS="1533" VPOS="2674" WIDTH="32" />
<String CONTENT="six" HEIGHT="53" HPOS="1566" VPOS="2656" WIDTH="88" />
<SP HEIGHT="33" HPOS="1655" VPOS="2675" WIDTH="31" />
<String CONTENT="volumes" HEIGHT="53" HPOS="1687" VPOS="2657" WIDTH="251" />
<SP HEIGHT="35" HPOS="1939" VPOS="2675" WIDTH="33" />
<String CONTENT="embraces" HEIGHT="112" HPOS="91" VPOS="2675" WIDTH="1968" />
<SP HEIGHT="34" HPOS="282" VPOS="2753" WIDTH="22" />
<String CONTENT="not" HEIGHT="48" HPOS="305" VPOS="2740" WIDTH="101" />
<SP HEIGHT="48" HPOS="407" VPOS="2740" WIDTH="20" />
<String CONTENT="only" HEIGHT="67" HPOS="428" VPOS="2735" WIDTH="134" />
</TextLine>
<TextLine HEIGHT="69" HPOS="589" VPOS="2733" WIDTH="1494">
<String CONTENT="an" HEIGHT="33" HPOS="589" VPOS="2753" WIDTH="71" />
<SP HEIGHT="53" HPOS="661" VPOS="2733" WIDTH="23" />
<String CONTENT="investigation" HEIGHT="69" HPOS="685" VPOS="2733" WIDTH="405" />
<SP HEIGHT="35" HPOS="1091" VPOS="2753" WIDTH="24" />
<String CONTENT="of" HEIGHT="54" HPOS="1116" VPOS="2734" WIDTH="63" />
<SP HEIGHT="52" HPOS="1180" VPOS="2734" WIDTH="23" />
<String CONTENT="records" HEIGHT="54" HPOS="1204" VPOS="2734" WIDTH="224" />
<SP HEIGHT="35" HPOS="1429" VPOS="2752" WIDTH="24" />
<String CONTENT="of" HEIGHT="52" HPOS="1454" VPOS="2734" WIDTH="64" />
<SP HEIGHT="53" HPOS="1519" VPOS="2734" WIDTH="21" />
<String CONTENT="the" HEIGHT="52" HPOS="1541" VPOS="2735" WIDTH="97" />
<SP HEIGHT="35" HPOS="1639" VPOS="2752" WIDTH="21" />
<String CONTENT="organizations" HEIGHT="68" HPOS="1661" VPOS="2734" WIDTH="422" />
</TextLine>
<TextLine HEIGHT="69" HPOS="92" VPOS="2811" WIDTH="1991">
<String CONTENT="of" HEIGHT="53" HPOS="92" VPOS="2811" WIDTH="63" />
<SP HEIGHT="54" HPOS="156" VPOS="2811" WIDTH="37" />
<String CONTENT="the" HEIGHT="52" HPOS="194" VPOS="2813" WIDTH="95" />
<SP HEIGHT="54" HPOS="290" VPOS="2811" WIDTH="37" />
<String CONTENT="fraternity" HEIGHT="69" HPOS="328" VPOS="2811" WIDTH="311" />
<SP HEIGHT="68" HPOS="640" VPOS="2812" WIDTH="36" />
<String CONTENT="in" HEIGHT="52" HPOS="677" VPOS="2812" WIDTH="63" />
<SP HEIGHT="53" HPOS="741" VPOS="2811" WIDTH="33" />
<String CONTENT="England," HEIGHT="69" HPOS="775" VPOS="2811" WIDTH="290" />
<SP HEIGHT="68" HPOS="1066" VPOS="2811" WIDTH="39" />
<String CONTENT="Scotland," HEIGHT="68" HPOS="1106" VPOS="2811" WIDTH="291" />
<SP HEIGHT="66" HPOS="1398" VPOS="2813" WIDTH="35" />
<String CONTENT="Ireland," HEIGHT="67" HPOS="1434" VPOS="2812" WIDTH="252" />
<SP HEIGHT="62" HPOS="1687" VPOS="2817" WIDTH="35" />
<String CONTENT="the" HEIGHT="54" HPOS="1723" VPOS="2812" WIDTH="97" />
<SP HEIGHT="53" HPOS="1821" VPOS="2813" WIDTH="36" />
<String CONTENT="British" HEIGHT="53" HPOS="1858" VPOS="2812" WIDTH="225" />
</TextLine>
<TextLine HEIGHT="71" HPOS="92" VPOS="2888" WIDTH="1990">
<String CONTENT="colonies," HEIGHT="69" HPOS="92" VPOS="2889" WIDTH="257" />
<SP HEIGHT="68" HPOS="350" VPOS="2890" WIDTH="22" />
<String CONTENT="Europe," HEIGHT="69" HPOS="373" VPOS="2890" WIDTH="248" />
<SP HEIGHT="69" HPOS="622" VPOS="2889" WIDTH="20" />
<String CONTENT="Asia," HEIGHT="69" HPOS="643" VPOS="2889" WIDTH="159" />
<SP HEIGHT="68" HPOS="803" VPOS="2890" WIDTH="22" />
<String CONTENT="Africa" HEIGHT="55" HPOS="826" VPOS="2888" WIDTH="206" />
<SP HEIGHT="35" HPOS="1033" VPOS="2908" WIDTH="23" />
<String CONTENT="and" HEIGHT="53" HPOS="1057" VPOS="2890" WIDTH="110" />
<SP HEIGHT="56" HPOS="1168" VPOS="2889" WIDTH="24" />
<String CONTENT="South" HEIGHT="56" HPOS="1193" VPOS="2889" WIDTH="183" />
<SP HEIGHT="53" HPOS="1377" VPOS="2889" WIDTH="21" />
<String CONTENT="America," HEIGHT="68" HPOS="1399" VPOS="2888" WIDTH="283" />
<SP HEIGHT="66" HPOS="1683" VPOS="2890" WIDTH="20" />
<String CONTENT="but" HEIGHT="53" HPOS="1704" VPOS="2890" WIDTH="104" />
<SP HEIGHT="53" HPOS="1809" VPOS="2891" WIDTH="18" />
<String CONTENT="includes" HEIGHT="54" HPOS="1828" VPOS="2890" WIDTH="254" />
</TextLine>
<TextLine HEIGHT="70" HPOS="93" VPOS="2967" WIDTH="1989">
<String CONTENT="additional" HEIGHT="53" HPOS="93" VPOS="2968" WIDTH="317" />
<SP HEIGHT="51" HPOS="411" VPOS="2970" WIDTH="31" />
<String CONTENT="material" HEIGHT="53" HPOS="443" VPOS="2968" WIDTH="261" />
<SP HEIGHT="52" HPOS="705" VPOS="2969" WIDTH="32" />
<String CONTENT="especially" HEIGHT="69" HPOS="738" VPOS="2967" WIDTH="302" />
<SP HEIGHT="50" HPOS="1041" VPOS="2986" WIDTH="32" />
<String CONTENT="prepared" HEIGHT="68" HPOS="1074" VPOS="2968" WIDTH="278" />
<SP HEIGHT="54" HPOS="1353" VPOS="2968" WIDTH="34" />
<String CONTENT="on" HEIGHT="35" HPOS="1388" VPOS="2987" WIDTH="71" />
<SP HEIGHT="52" HPOS="1460" VPOS="2968" WIDTH="31" />
<String CONTENT="Europe," HEIGHT="69" HPOS="1492" VPOS="2968" WIDTH="250" />
<SP HEIGHT="68" HPOS="1743" VPOS="2968" WIDTH="31" />
<String CONTENT="Asia," HEIGHT="68" HPOS="1775" VPOS="2968" WIDTH="159" />
<SP HEIGHT="47" HPOS="1935" VPOS="2989" WIDTH="34" />
<String CONTENT="and" HEIGHT="52" HPOS="1970" VPOS="2970" WIDTH="112" />
</TextLine>
<TextLine HEIGHT="69" HPOS="93" VPOS="3044" WIDTH="1989">
<String CONTENT="Africa," HEIGHT="67" HPOS="93" VPOS="3046" WIDTH="223" />
<SP HEIGHT="48" HPOS="317" VPOS="3065" WIDTH="42" />
<String CONTENT="also" HEIGHT="52" HPOS="360" VPOS="3047" WIDTH="116" />
<SP HEIGHT="35" HPOS="477" VPOS="3064" WIDTH="44" />
<String CONTENT="contributions" HEIGHT="54" HPOS="522" VPOS="3045" WIDTH="413" />
<SP HEIGHT="53" HPOS="936" VPOS="3046" WIDTH="42" />
<String CONTENT="by" HEIGHT="67" HPOS="979" VPOS="3046" WIDTH="75" />
<SP HEIGHT="67" HPOS="1055" VPOS="3046" WIDTH="43" />
<String CONTENT="distinguished" HEIGHT="69" HPOS="1099" VPOS="3044" WIDTH="419" />
<SP HEIGHT="53" HPOS="1519" VPOS="3046" WIDTH="42" />
<String CONTENT="members" HEIGHT="53" HPOS="1562" VPOS="3046" WIDTH="273" />
<SP HEIGHT="33" HPOS="1836" VPOS="3066" WIDTH="43" />
<String CONTENT="of" HEIGHT="53" HPOS="1880" VPOS="3046" WIDTH="63" />
<SP HEIGHT="53" HPOS="1944" VPOS="3046" WIDTH="42" />
<String CONTENT="the" HEIGHT="52" HPOS="1987" VPOS="3048" WIDTH="95" />
</TextLine>
<TextLine HEIGHT="71" HPOS="94" VPOS="3121" WIDTH="1987">
<String CONTENT="fraternity" HEIGHT="69" HPOS="94" VPOS="3123" WIDTH="308" />
<SP HEIGHT="50" HPOS="403" VPOS="3142" WIDTH="35" />
<String CONTENT="covering" HEIGHT="71" HPOS="439" VPOS="3121" WIDTH="266" />
<SP HEIGHT="50" HPOS="706" VPOS="3142" WIDTH="32" />
<String CONTENT="each" HEIGHT="53" HPOS="739" VPOS="3124" WIDTH="135" />
<SP HEIGHT="53" HPOS="875" VPOS="3124" WIDTH="35" />
<String CONTENT="of" HEIGHT="54" HPOS="911" VPOS="3123" WIDTH="62" />
<SP HEIGHT="54" HPOS="974" VPOS="3123" WIDTH="32" />
<String CONTENT="the" HEIGHT="53" HPOS="1007" VPOS="3124" WIDTH="96" />
<SP HEIGHT="55" HPOS="1104" VPOS="3122" WIDTH="34" />
<String CONTENT="forty-eight" HEIGHT="70" HPOS="1139" VPOS="3122" WIDTH="345" />
<SP HEIGHT="48" HPOS="1485" VPOS="3128" WIDTH="31" />
<String CONTENT="states," HEIGHT="63" HPOS="1517" VPOS="3128" WIDTH="189" />
<SP HEIGHT="67" HPOS="1707" VPOS="3124" WIDTH="31" />
<String CONTENT="District" HEIGHT="55" HPOS="1739" VPOS="3123" WIDTH="245" />
<SP HEIGHT="47" HPOS="1985" VPOS="3130" WIDTH="33" />
<String CONTENT="of" HEIGHT="52" HPOS="2019" VPOS="3125" WIDTH="62" />
</TextLine>
<TextLine HEIGHT="70" HPOS="91" VPOS="3200" WIDTH="1991">
<String CONTENT="Columbia" HEIGHT="55" HPOS="91" VPOS="3201" WIDTH="298" />
<SP HEIGHT="34" HPOS="390" VPOS="3219" WIDTH="25" />
<String CONTENT="and" HEIGHT="52" HPOS="416" VPOS="3201" WIDTH="110" />
<SP HEIGHT="53" HPOS="527" VPOS="3201" WIDTH="22" />
<String CONTENT="the" HEIGHT="53" HPOS="550" VPOS="3201" WIDTH="94" />
<SP HEIGHT="50" HPOS="645" VPOS="3219" WIDTH="18" />
<String CONTENT="possessions" HEIGHT="65" HPOS="664" VPOS="3204" WIDTH="340" />
<SP HEIGHT="35" HPOS="1005" VPOS="3220" WIDTH="17" />
<String CONTENT="of" HEIGHT="53" HPOS="1023" VPOS="3201" WIDTH="63" />
<SP HEIGHT="52" HPOS="1087" VPOS="3201" WIDTH="15" />
<String CONTENT="the" HEIGHT="52" HPOS="1103" VPOS="3201" WIDTH="94" />
<SP HEIGHT="54" HPOS="1198" VPOS="3201" WIDTH="16" />
<String CONTENT="United" HEIGHT="54" HPOS="1215" VPOS="3201" WIDTH="216" />
<SP HEIGHT="56" HPOS="1432" VPOS="3200" WIDTH="19" />
<String CONTENT="States," HEIGHT="69" HPOS="1452" VPOS="3200" WIDTH="205" />
<SP HEIGHT="63" HPOS="1658" VPOS="3206" WIDTH="14" />
<String CONTENT="the" HEIGHT="52" HPOS="1673" VPOS="3202" WIDTH="96" />
<SP HEIGHT="51" HPOS="1770" VPOS="3219" WIDTH="16" />
<String CONTENT="provinces" HEIGHT="68" HPOS="1787" VPOS="3202" WIDTH="295" />
</TextLine>
<TextLine CS="1" HEIGHT="134" HPOS="91" VPOS="3278" WIDTH="1990">
<String CONTENT="of" HEIGHT="53" HPOS="91" VPOS="3278" WIDTH="63" />
<SP HEIGHT="55" HPOS="155" VPOS="3278" WIDTH="23" />
<String CONTENT="Canada" HEIGHT="55" HPOS="179" VPOS="3278" WIDTH="232" />
<SP HEIGHT="34" HPOS="412" VPOS="3297" WIDTH="24" />
<String CONTENT="and" HEIGHT="52" HPOS="437" VPOS="3279" WIDTH="111" />
<SP HEIGHT="52" HPOS="549" VPOS="3279" WIDTH="21" />
<String CONTENT="the" HEIGHT="52" HPOS="571" VPOS="3279" WIDTH="96" />
<SP HEIGHT="36" HPOS="668" VPOS="3295" WIDTH="22" />
<String CONTENT="countries" HEIGHT="53" HPOS="691" VPOS="3279" WIDTH="280" />
<SP HEIGHT="34" HPOS="972" VPOS="3298" WIDTH="23" />
<String CONTENT="of" HEIGHT="54" HPOS="996" VPOS="3278" WIDTH="61" />
<SP HEIGHT="53" HPOS="1058" VPOS="3278" WIDTH="22" />
<String CONTENT="Latin" HEIGHT="53" HPOS="1081" VPOS="3279" WIDTH="172" />
<SP HEIGHT="53" HPOS="1254" VPOS="3279" WIDTH="25" />
<String CONTENT="America" HEIGHT="53" HPOS="1280" VPOS="3279" WIDTH="263" />
<SP HEIGHT="34" HPOS="1544" VPOS="3298" WIDTH="21" />
<String CONTENT="under" HEIGHT="52" HPOS="1566" VPOS="3280" WIDTH="182" />
<SP HEIGHT="47" HPOS="1749" VPOS="3286" WIDTH="20" />
<String CONTENT="the" HEIGHT="51" HPOS="1770" VPOS="3282" WIDTH="95" />
<SP HEIGHT="34" HPOS="1866" VPOS="3299" WIDTH="21" />
<String CONTENT="supervision" HEIGHT="112" HPOS="94" VPOS="3298" WIDTH="1964" />
<SP HEIGHT="36" HPOS="276" VPOS="3374" WIDTH="24" />
<String CONTENT="of" HEIGHT="54" HPOS="301" VPOS="3356" WIDTH="62" />
<SP HEIGHT="52" HPOS="364" VPOS="3356" WIDTH="24" />
<String CONTENT="Melvin" HEIGHT="53" HPOS="389" VPOS="3356" WIDTH="216" />
<SP HEIGHT="52" HPOS="606" VPOS="3357" WIDTH="24" />
<String CONTENT="M." HEIGHT="52" HPOS="631" VPOS="3357" WIDTH="80" />
<SP HEIGHT="54" HPOS="712" VPOS="3357" WIDTH="26" />
<String CONTENT="Johnson" HEIGHT="54" HPOS="739" VPOS="3357" WIDTH="257" />
<SP HEIGHT="35" HPOS="997" VPOS="3375" WIDTH="32" />
<String CONTENT="..." HEIGHT="10" HPOS="1030" VPOS="3400" WIDTH="55" />
<SP HEIGHT="34" HPOS="1086" VPOS="3377" WIDTH="29" />
<String CONTENT="and" HEIGHT="53" HPOS="1116" VPOS="3358" WIDTH="111" />
<SP HEIGHT="53" HPOS="1228" VPOS="3358" WIDTH="25" />
<String CONTENT="J." HEIGHT="53" HPOS="1254" VPOS="3358" WIDTH="55" />
<SP HEIGHT="53" HPOS="1310" VPOS="3358" WIDTH="25" />
<String CONTENT="Edward" HEIGHT="54" HPOS="1336" VPOS="3357" WIDTH="255" />
<SP HEIGHT="53" HPOS="1592" VPOS="3357" WIDTH="24" />
<String CONTENT="Allen" HEIGHT="53" HPOS="1617" VPOS="3357" WIDTH="171" />
<SP HEIGHT="35" HPOS="1789" VPOS="3376" WIDTH="31" />
<String CONTENT="..." HEIGHT="11" HPOS="1821" VPOS="3400" WIDTH="56" />
<SP HEIGHT="53" HPOS="1878" VPOS="3359" WIDTH="62" />
<String CONTENT="New" HEIGHT="53" HPOS="1941" VPOS="3359" WIDTH="140" />
</TextLine>
<TextLine HEIGHT="68" HPOS="95" VPOS="3433" WIDTH="991">
<String CONTENT="York," HEIGHT="65" HPOS="95" VPOS="3434" WIDTH="176" />
<SP HEIGHT="65" HPOS="272" VPOS="3434" WIDTH="27" />
<String CONTENT="C." HEIGHT="55" HPOS="300" VPOS="3434" WIDTH="63" />
<SP HEIGHT="56" HPOS="364" VPOS="3433" WIDTH="30" />
<String CONTENT="Scribner&#8217;s" HEIGHT="56" HPOS="395" VPOS="3433" WIDTH="311" />
<SP HEIGHT="35" HPOS="707" VPOS="3453" WIDTH="25" />
<String CONTENT="sons" HEIGHT="36" HPOS="733" VPOS="3452" WIDTH="128" />
<SP HEIGHT="48" HPOS="862" VPOS="3453" WIDTH="31" />
<String CONTENT="[" HEIGHT="34" HPOS="894" VPOS="3467" WIDTH="12" />
<String CONTENT="c" HEIGHT="22" HPOS="912" STYLE="superscript" VPOS="3441" WIDTH="18" />
<String CONTENT="1936]" HEIGHT="63" HPOS="934" VPOS="3438" WIDTH="152" />
</TextLine>
<TextLine CS="1" HEIGHT="54" HPOS="162" STYLEREFS="StyleId-D3AC0D42-2671-4121-BA19-92B3C6EA9184-" VPOS="3506" WIDTH="1918">
<String CONTENT="6" HEIGHT="42" HPOS="162" VPOS="3506" WIDTH="28" />
<SP HEIGHT="42" HPOS="191" VPOS="3506" WIDTH="43" />
<String CONTENT="v." CS="1" HEIGHT="9" HPOS="269" VPOS="3539" WIDTH="9" />
<SP HEIGHT="41" HPOS="279" VPOS="3507" WIDTH="56" />
<String CONTENT="fronts." HEIGHT="42" HPOS="336" VPOS="3507" WIDTH="175" />
<SP HEIGHT="49" HPOS="512" VPOS="3507" WIDTH="28" />
<String CONTENT="(2" HEIGHT="49" HPOS="541" VPOS="3507" WIDTH="48" />
<SP HEIGHT="42" HPOS="590" VPOS="3507" WIDTH="46" />
<String CONTENT="col.)" HEIGHT="49" HPOS="637" VPOS="3508" WIDTH="110" />
<SP HEIGHT="49" HPOS="748" VPOS="3508" WIDTH="56" />
<String CONTENT="illus.," HEIGHT="48" HPOS="805" VPOS="3508" WIDTH="141" />
<SP HEIGHT="39" HPOS="947" VPOS="3519" WIDTH="45" />
<String CONTENT="plates" HEIGHT="50" HPOS="993" VPOS="3508" WIDTH="156" />
<SP HEIGHT="49" HPOS="1150" VPOS="3508" WIDTH="28" />
<String CONTENT="(part" HEIGHT="50" HPOS="1179" VPOS="3508" WIDTH="134" />
<SP HEIGHT="38" HPOS="1314" VPOS="3512" WIDTH="44" />
<String CONTENT="col.)" HEIGHT="49" HPOS="1359" VPOS="3509" WIDTH="110" />
<SP HEIGHT="49" HPOS="1470" VPOS="3509" WIDTH="54" />
<String CONTENT="ports.," HEIGHT="47" HPOS="1525" VPOS="3511" WIDTH="163" />
<SP HEIGHT="48" HPOS="1689" VPOS="3509" WIDTH="46" />
<String CONTENT="double" HEIGHT="43" HPOS="1736" VPOS="3509" WIDTH="172" />
<SP HEIGHT="30" HPOS="1909" VPOS="3522" WIDTH="43" />
<String CONTENT="map," HEIGHT="40" HPOS="1953" VPOS="3520" WIDTH="127" />
</TextLine>
<TextLine CS="1" HEIGHT="49" HPOS="90" STYLEREFS="StyleId-D3AC0D42-2671-4121-BA19-92B3C6EA9184-" VPOS="3563" WIDTH="839">
<String CONTENT="facsims.," HEIGHT="49" HPOS="90" VPOS="3563" WIDTH="227" />
<SP HEIGHT="37" HPOS="318" VPOS="3575" WIDTH="27" />
<String CONTENT="coats" HEIGHT="38" HPOS="346" VPOS="3567" WIDTH="134" />
<SP HEIGHT="29" HPOS="481" VPOS="3576" WIDTH="25" />
<String CONTENT="of" HEIGHT="39" HPOS="507" VPOS="3566" WIDTH="51" />
<SP HEIGHT="38" HPOS="559" VPOS="3566" WIDTH="23" />
<String CONTENT="arms." HEIGHT="32" HPOS="583" VPOS="3574" WIDTH="145" />
<SP HEIGHT="40" HPOS="729" VPOS="3565" WIDTH="54" />
<String CONTENT="27&#189;" CS="1" HEIGHT="41" HPOS="784" VPOS="3565" WIDTH="55" />
<String CONTENT="cm" HEIGHT="21" HPOS="873" STYLE="superscript" VPOS="3568" WIDTH="42" />
<String CONTENT="." HEIGHT="9" HPOS="921" VPOS="3598" WIDTH="8" />
</TextLine>
<TextLine HEIGHT="54" HPOS="164" STYLEREFS="StyleId-D3AC0D42-2671-4121-BA19-92B3C6EA9184-" VPOS="3619" WIDTH="1918">
<String CONTENT="Colored" HEIGHT="44" HPOS="164" VPOS="3619" WIDTH="201" />
<SP HEIGHT="48" HPOS="366" VPOS="3623" WIDTH="32" />
<String CONTENT="plates" HEIGHT="48" HPOS="399" VPOS="3623" WIDTH="156" />
<SP HEIGHT="30" HPOS="556" VPOS="3632" WIDTH="33" />
<String CONTENT="accompanied" HEIGHT="48" HPOS="590" VPOS="3623" WIDTH="341" />
<SP HEIGHT="39" HPOS="932" VPOS="3624" WIDTH="32" />
<String CONTENT="by" HEIGHT="47" HPOS="965" VPOS="3624" WIDTH="60" />
<SP HEIGHT="38" HPOS="1026" VPOS="3634" WIDTH="31" />
<String CONTENT="guard" HEIGHT="48" HPOS="1058" VPOS="3624" WIDTH="155" />
<SP HEIGHT="40" HPOS="1214" VPOS="3624" WIDTH="33" />
<String CONTENT="sheets" HEIGHT="39" HPOS="1248" VPOS="3625" WIDTH="160" />
<SP HEIGHT="30" HPOS="1409" VPOS="3634" WIDTH="32" />
<String CONTENT="with" HEIGHT="39" HPOS="1442" VPOS="3624" WIDTH="119" />
<SP HEIGHT="40" HPOS="1562" VPOS="3624" WIDTH="31" />
<String CONTENT="descriptive" HEIGHT="49" HPOS="1594" VPOS="3624" WIDTH="291" />
<SP HEIGHT="40" HPOS="1886" VPOS="3625" WIDTH="33" />
<String CONTENT="letter-" HEIGHT="41" HPOS="1920" VPOS="3625" WIDTH="162" />
</TextLine>
<TextLine HEIGHT="38" HPOS="92" STYLEREFS="StyleId-D3AC0D42-2671-4121-BA19-92B3C6EA9184-" VPOS="3688" WIDTH="147">
<String CONTENT="press." HEIGHT="38" HPOS="92" VPOS="3688" WIDTH="147" />
</TextLine>
<TextLine CS="1" HEIGHT="105" HPOS="93" STYLEREFS="StyleId-D3AC0D42-2671-4121-BA19-92B3C6EA9184-" VPOS="3735" WIDTH="1970">
<String CONTENT="Each" HEIGHT="39" HPOS="164" VPOS="3735" WIDTH="131" />
<SP HEIGHT="38" HPOS="296" VPOS="3736" WIDTH="23" />
<String CONTENT="volume" HEIGHT="42" HPOS="320" VPOS="3735" WIDTH="190" />
<SP HEIGHT="40" HPOS="511" VPOS="3737" WIDTH="21" />
<String CONTENT="has" HEIGHT="39" HPOS="533" VPOS="3737" WIDTH="90" />
<SP HEIGHT="30" HPOS="624" VPOS="3746" WIDTH="21" />
<String CONTENT="added" HEIGHT="40" HPOS="646" VPOS="3737" WIDTH="158" />
<SP HEIGHT="40" HPOS="805" VPOS="3737" WIDTH="23" />
<String CONTENT="t.-p.;" CS="1" HEIGHT="45" HPOS="829" VPOS="3739" WIDTH="96" />
<SP HEIGHT="41" HPOS="953" VPOS="3736" WIDTH="29" />
<String CONTENT="Gould&#8217;s" HEIGHT="41" HPOS="983" VPOS="3736" WIDTH="196" />
<SP HEIGHT="40" HPOS="1180" VPOS="3737" WIDTH="23" />
<String CONTENT="history" HEIGHT="48" HPOS="1204" VPOS="3737" WIDTH="188" />
<SP HEIGHT="37" HPOS="1393" VPOS="3748" WIDTH="24" />
<String CONTENT="of" HEIGHT="40" HPOS="1418" VPOS="3737" WIDTH="50" />
<SP HEIGHT="39" HPOS="1469" VPOS="3737" WIDTH="21" />
<String CONTENT="freemasonry" HEIGHT="48" HPOS="1491" VPOS="3737" WIDTH="336" />
<SP HEIGHT="46" HPOS="1828" VPOS="3739" WIDTH="23" />
<String CONTENT="throughout" HEIGHT="94" HPOS="93" VPOS="3738" WIDTH="1970" />
<SP HEIGHT="38" HPOS="176" VPOS="3793" WIDTH="24" />
<String CONTENT="the" HEIGHT="40" HPOS="201" VPOS="3792" WIDTH="80" />
<SP HEIGHT="29" HPOS="282" VPOS="3803" WIDTH="23" />
<String CONTENT="world" HEIGHT="40" HPOS="306" VPOS="3792" WIDTH="152" />
<SP HEIGHT="39" HPOS="459" VPOS="3793" WIDTH="27" />
<String CONTENT="..." HEIGHT="9" HPOS="487" VPOS="3823" WIDTH="46" />
<SP HEIGHT="40" HPOS="534" VPOS="3792" WIDTH="54" />
<String CONTENT="New" HEIGHT="41" HPOS="589" VPOS="3792" WIDTH="115" />
<SP HEIGHT="39" HPOS="705" VPOS="3793" WIDTH="25" />
<String CONTENT="York," HEIGHT="47" HPOS="731" VPOS="3793" WIDTH="142" />
<SP HEIGHT="49" HPOS="874" VPOS="3791" WIDTH="26" />
<String CONTENT="C." HEIGHT="43" HPOS="901" VPOS="3791" WIDTH="48" />
<SP HEIGHT="42" HPOS="950" VPOS="3792" WIDTH="28" />
<String CONTENT="Scribner&#8217;s" HEIGHT="42" HPOS="979" VPOS="3792" WIDTH="264" />
<SP HEIGHT="30" HPOS="1244" VPOS="3804" WIDTH="23" />
<String CONTENT="sons." HEIGHT="31" HPOS="1268" VPOS="3804" WIDTH="124" />
</TextLine>
<TextLine HEIGHT="51" HPOS="162" STYLEREFS="StyleId-D3AC0D42-2671-4121-BA19-92B3C6EA9184-" VPOS="3847" WIDTH="649">
<String CONTENT="Includes" HEIGHT="42" HPOS="162" VPOS="3847" WIDTH="224" />
<SP HEIGHT="41" HPOS="387" VPOS="3848" WIDTH="34" />
<String CONTENT="bibliographies." HEIGHT="50" HPOS="422" VPOS="3848" WIDTH="389" />
</TextLine>
<TextLine CS="1" HEIGHT="54" HPOS="94" STYLEREFS="StyleId-D3AC0D42-2671-4121-BA19-92B3C6EA9184-" VPOS="3901" WIDTH="1985">
<String CONTENT="&#169;" HEIGHT="52" HPOS="94" VPOS="3901" WIDTH="52" />
<SP HEIGHT="52" HPOS="147" VPOS="3901" WIDTH="38" />
<String CONTENT="Mar." HEIGHT="40" HPOS="186" VPOS="3906" WIDTH="121" />
<SP HEIGHT="40" HPOS="308" VPOS="3906" WIDTH="38" />
<String CONTENT="16," HEIGHT="47" HPOS="347" VPOS="3906" WIDTH="68" />
<SP HEIGHT="46" HPOS="416" VPOS="3907" WIDTH="39" />
<String CONTENT="1936;" HEIGHT="48" HPOS="456" VPOS="3905" WIDTH="139" />
<SP HEIGHT="47" HPOS="596" VPOS="3906" WIDTH="40" />
<String CONTENT="2c." HEIGHT="42" HPOS="637" VPOS="3906" WIDTH="68" />
<SP HEIGHT="31" HPOS="706" VPOS="3917" WIDTH="37" />
<String CONTENT="each" HEIGHT="39" HPOS="744" VPOS="3907" WIDTH="118" />
<SP HEIGHT="39" HPOS="863" VPOS="3907" WIDTH="40" />
<String CONTENT="Mar." HEIGHT="39" HPOS="904" VPOS="3908" WIDTH="120" />
<SP HEIGHT="40" HPOS="1025" VPOS="3907" WIDTH="40" />
<String CONTENT="25;" HEIGHT="46" HPOS="1066" VPOS="3907" WIDTH="81" />
<SP HEIGHT="37" HPOS="1148" VPOS="3916" WIDTH="42" />
<String CONTENT="affs." HEIGHT="40" HPOS="1191" VPOS="3906" WIDTH="106" />
<SP HEIGHT="38" HPOS="1298" VPOS="3908" WIDTH="41" />
<String CONTENT="June" HEIGHT="38" HPOS="1340" VPOS="3908" WIDTH="128" />
<SP HEIGHT="40" HPOS="1469" VPOS="3906" WIDTH="34" />
<String CONTENT="27;" HEIGHT="47" HPOS="1504" VPOS="3906" WIDTH="82" />
<SP HEIGHT="45" HPOS="1587" VPOS="3908" WIDTH="41" />
<String CONTENT="A" HEIGHT="38" HPOS="1629" VPOS="3908" WIDTH="42" />
<SP HEIGHT="41" HPOS="1672" VPOS="3906" WIDTH="37" />
<String CONTENT="95998," HEIGHT="50" HPOS="1710" VPOS="3905" WIDTH="157" />
<SP HEIGHT="50" HPOS="1868" VPOS="3905" WIDTH="38" />
<String CONTENT="95999;" HEIGHT="48" HPOS="1907" VPOS="3904" WIDTH="172" />
</TextLine>
<TextLine HEIGHT="51" HPOS="163" STYLEREFS="StyleId-D3AC0D42-2671-4121-BA19-92B3C6EA9184-" VPOS="3961" WIDTH="1919">
<String CONTENT="Charles" HEIGHT="40" HPOS="163" VPOS="3961" WIDTH="201" />
<SP HEIGHT="40" HPOS="365" VPOS="3962" WIDTH="27" />
<String CONTENT="Scribner&#8217;s" HEIGHT="40" HPOS="393" VPOS="3962" WIDTH="265" />
<SP HEIGHT="29" HPOS="659" VPOS="3972" WIDTH="24" />
<String CONTENT="sons." HEIGHT="31" HPOS="684" VPOS="3972" WIDTH="124" />
<SP HEIGHT="29" HPOS="809" VPOS="3983" WIDTH="56" />
<String CONTENT="[Copyright" HEIGHT="51" HPOS="866" VPOS="3961" WIDTH="279" />
<SP HEIGHT="39" HPOS="1146" VPOS="3963" WIDTH="27" />
<String CONTENT="is" HEIGHT="39" HPOS="1174" VPOS="3963" WIDTH="41" />
<SP HEIGHT="30" HPOS="1216" VPOS="3972" WIDTH="25" />
<String CONTENT="claimed" HEIGHT="39" HPOS="1242" VPOS="3962" WIDTH="204" />
<SP HEIGHT="39" HPOS="1447" VPOS="3962" WIDTH="23" />
<String CONTENT="on" HEIGHT="29" HPOS="1471" VPOS="3972" WIDTH="59" />
<SP HEIGHT="28" HPOS="1531" VPOS="3973" WIDTH="25" />
<String CONTENT="v." HEIGHT="29" HPOS="1557" VPOS="3973" WIDTH="41" />
<SP HEIGHT="39" HPOS="1599" VPOS="3963" WIDTH="26" />
<String CONTENT="5-6," HEIGHT="48" HPOS="1626" VPOS="3962" WIDTH="99" />
<SP HEIGHT="48" HPOS="1726" VPOS="3962" WIDTH="24" />
<String CONTENT="introduction" HEIGHT="40" HPOS="1751" VPOS="3962" WIDTH="331" />
</TextLine>
<TextLine CS="1" HEIGHT="105" HPOS="162" STYLEREFS="StyleId-D3AC0D42-2671-4121-BA19-92B3C6EA9184-" VPOS="4017" WIDTH="1221">
<String CONTENT="in" HEIGHT="39" HPOS="162" VPOS="4017" WIDTH="49" />
<SP HEIGHT="28" HPOS="212" VPOS="4028" WIDTH="23" />
<String CONTENT="v." HEIGHT="31" HPOS="236" LANG="fr" VPOS="4028" WIDTH="42" />
<SP HEIGHT="40" HPOS="279" VPOS="4019" WIDTH="23" />
<String CONTENT="1," HEIGHT="45" HPOS="303" VPOS="4019" WIDTH="39" />
<SP HEIGHT="36" HPOS="343" VPOS="4028" WIDTH="23" />
<String CONTENT="and" HEIGHT="39" HPOS="367" VPOS="4018" WIDTH="95" />
<SP HEIGHT="38" HPOS="463" VPOS="4018" WIDTH="24" />
<String CONTENT="revisions" HEIGHT="40" HPOS="488" VPOS="4018" WIDTH="236" />
<SP HEIGHT="29" HPOS="725" VPOS="4028" WIDTH="25" />
<String CONTENT="and" HEIGHT="38" HPOS="751" VPOS="4019" WIDTH="94" />
<SP HEIGHT="38" HPOS="846" VPOS="4019" WIDTH="24" />
<String CONTENT="additions" HEIGHT="40" HPOS="871" VPOS="4018" WIDTH="245" />
<SP HEIGHT="40" HPOS="1117" VPOS="4018" WIDTH="22" />
<String CONTENT="in" HEIGHT="40" HPOS="1140" VPOS="4018" WIDTH="52" />
<SP HEIGHT="30" HPOS="1193" VPOS="4028" WIDTH="21" />
<String CONTENT="v." HEIGHT="32" HPOS="1215" VPOS="4028" WIDTH="43" />
<SP HEIGHT="41" HPOS="1259" VPOS="4019" WIDTH="24" />
<String CONTENT="1-4]" HEIGHT="49" HPOS="1284" VPOS="4019" WIDTH="99" />
<SP />
<String CONTENT="(36-15237)" HEIGHT="48" HPOS="174" VPOS="4074" WIDTH="277" />
</TextLine>
</TextBlock>
</PrintSpace>
</Page>
</Layout>
</alto>