2519 4377
1415 4037 68 53 74

421 370 317 67 Bentham,
766 371 260 66 Jeremy,
1056 374 327 54 1748-1832.

493 450 236 66 Jeremy
780 449 302 54 Bentham.
1168 451 96 52 An
1312 450 395 55 introduction
1756 456 59 49 to
1864 450 97 53 the
2011 449 312 69 principles
2372 452 64 52 of

421 529 211 52 morals
672 528 112 52 and
819 527 344 67 legislation.
1236 530 194 53 James
1466 528 148 55 Mill.
1689 530 212 66 Essays
1937 547 74 35 on
2047 532 405 65 government,

422 605 457 68 jurisprudence,
911 605 210 67 liberty
1154 606 63 52 of
1248 607 97 51 the
1377 625 174 49 press,
1582 608 114 53 and
1728 609 110 51 law
1871 606 63 53 of
1966 605 244 55 nations.
2279 607 158 56 John

426 683 202 55 Stuart
666 682 148 55 Mill.
891 683 94 55 On
1020 683 226 67 liberty.
1321 684 472 55 Utilitarianism.
1870 683 216 54 Edited
2123 684 76 68 by
2236 684 201 69 Philip

423 760 435 68 Wheelwright,
981 805 9 10 PH.
1065 804 9 10 D.
1151 761 233 55 Garden
1422 763 153 67 City,
1610 765 71 53 N.
1717 765 92 65 Y.,
1843 761 361 69 Doubleday,
2238 764 199 53 Doran

424 839 714 67 & company, inc. [ c 1935]
427 910 1995 109 xxvi. 477 p. 18½ cm . (Half-title; The Doubleday-Doran series in philosophy. P. Wheelwright … general editor)
499 1027 166 41 “First
685 1025 229 42 edition.”

501 1083 250 42 “Selected
773 1082 368 50 bibliography”;
1205 1095 43 38 p.
1269 1084 290 43 xxiii-xxvi.

423 1138 53 53 ©
502 1144 113 39 Dec.
641 1143 71 47 20,
741 1142 141 46 1935;
910 1141 68 41 2c.
1004 1144 97 38 and
1127 1141 83 42 aff.
1238 1143 109 40 Jan.
1375 1144 39 45 3,
1442 1143 141 46 1936;
1613 1144 41 39 A
1680 1142 171 47 88967;
1882 1144 301 48 Doubleday,
2212 1145 167 38 Doran
2406 1146 38 40 &

496 1210 81 36 co.,
621 1199 92 41 inc.
789 1199 282 50 [Copyright
1113 1199 42 41 is
1199 1201 205 39 claimed
1448 1212 58 28 on
1551 1212 105 29 new
1696 1200 229 40 material
1970 1201 98 39 and
2111 1200 329 49 compilation]

505 1257 253 48 (36-4046)

428 1362 237 64 Bowen,
692 1361 306 66 Marjorie,
1027 1362 194 65 pseud.

498 1436 284 54 Patriotic
819 1437 166 67 lady;
1025 1456 31 34 a
1094 1437 171 69 study
1302 1436 63 54 of
1401 1437 223 67 Emma,
1659 1437 137 68 lady
1832 1436 326 68 Hamilton,
2197 1437 114 52 and
2347 1435 95 52 the

429 1515 349 69 Neapolitan
807 1516 322 52 revolution
1158 1515 64 53 of
1252 1515 162 68 1799;
1444 1535 31 33 a
1504 1516 265 52 coloured
1798 1519 236 49 cartoon
2059 1515 78 69 by
2163 1514 280 70 Marjorie

432 1596 240 67 Bowen;
706 1593 142 55 with
878 1597 34 50 2
941 1594 399 54 illustrations.
1408 1595 259 69 London,
1700 1594 159 56 John
1891 1593 159 55 Lane
2091 1596 174 66 [1935]

499 1669 938 49 xi, 349 p. front, (port.) pl. 22 cm .
500 1726 353 50 Bibliography;
912 1737 43 38 p.
985 1726 219 43 337-339.

427 1783 2020 110 © 1c. Jan. 15, 1936; A ad int. 21046; pubd. Nov. 29, 1935; D. Appleton-Century co., inc., New York. (36-4814)
433 1946 371 68 Broughton,
828 1950 140 52 Mrs.
996 1948 108 53 Ida
1125 1948 142 64 May
1298 1946 309 67 (Linkins)
1644 1952 173 51 1863-

502 2024 272 68 Virginia
821 2022 170 70 Lysle
1042 2023 91 69 [by]
1204 2023 105 52 Ida
1357 2022 139 68 May
1544 2022 355 69 Broughton.
1976 2022 235 68 Boston,
433 2020 1989 135 Chapman
592 2104 45 49 &
665 2101 225 55 Grimes
923 2136 12 34 [
942 2109 17 21 c
964 2105 153 65 1935]

501 2172 591 50 3 p. l., 5-230 p. 21cm.
431 2229 53 55 ©
520 2235 112 40 Dec.
667 2234 69 49 13,
775 2233 141 48 1935;
955 2232 68 43 2c.
1060 2234 111 42 Jan.
1206 2234 41 50 4,
1285 2233 141 47 1936;
1467 2232 81 42 aff.
1587 2233 112 41 Feb.
1737 2234 53 46 7;
1831 2233 40 40 A
1909 2232 172 48 91718;
2123 2233 252 48 Chapman
2414 2233 38 41 &

504 2293 205 40 Grimes.
780 2292 253 49 (36-4038)

434 2398 183 63 Buck,
644 2398 335 53 Beaumont
1006 2398 357 63 Bonaparte,
1394 2402 172 49 1860-

507 2475 305 54 Memories
851 2476 64 53 of
954 2494 167 49 peace
1164 2476 112 52 and
1316 2494 136 48 war,
1488 2475 75 66 by
1602 2477 321 50 Beaumont
1963 2476 68 52 B.
2074 2473 179 54 Buck.
2332 2472 117 55 San

436 2554 276 67 Antonio,
736 2557 155 64 Tex.,
916 2555 123 52 The
1063 2555 220 66 Naylor
1308 2571 297 49 company,
1633 2556 150 50 1935.

503 2622 1948 55 4 p. l., vii-x p., 2 l., 284 p. front., illus. (incl. ports., facsim.) maps
443 2685 48 49 (1
517 2685 146 47 fold.)
701 2685 179 48 diagrs.
937 2683 56 42 23½
1027 2687 44 20 cm
1077 2717 8 8 .

506 2742 199 41 “Public
736 2741 285 42 addresses”;
1084 2753 42 37 p.
1158 2741 219 41 253-284.

435 2795 53 54 ©
515 2801 112 39 Dec.
654 2800 70 47 15,
752 2799 114 41 1935;
923 2799 68 41 2c.
1019 2800 95 39 and
1143 2798 82 41 aff.
1254 2799 109 39 Jan.
1392 2797 69 49 18,
1490 2795 113 42 1936;
1660 2796 41 39 A
1727 2795 172 46 90859;
1929 2795 185 48 Naylor
2141 2806 66 29 co.

514 2857 253 49 (36-3789)

440 2946 347 67 Carpenter,
816 2948 275 65 Edward,
1119 2949 328 60 1844-1929,
1473 2946 83 52 ed.

506 3023 96 53 An
638 3023 316 70 anthology
991 3022 64 53 of
1092 3022 346 68 friendship,
1476 3020 189 54 edited
1700 3018 77 70 by
1817 3017 256 54 Edward
2115 3016 334 69 Carpenter.

442 3100 1054 69 [New York] A. & C. Boni [ c 1935]
509 3175 26 40 3
560 3186 43 37 p.
648 3208 25 16 l.,
704 3175 155 50 [v]-vi,
888 3175 85 41 295
998 3186 44 37 p.
1102 3175 49 39 21
1162 3178 15 21 cm
1211 3208 8 7 .
1284 3172 289 53 [Bonibooks]

513 3232 164 42 “First
702 3234 165 40 issued
895 3233 51 40 in
972 3233 278 41 Bonibooks
1278 3232 163 47 series,
1472 3227 291 51 September,
1793 3225 158 42 1935.”

511 3289 134 42 First
678 3290 258 48 published
970 3290 115 41 1902
1118 3292 154 39 under
1304 3291 80 39 the
1419 3289 108 40 title
1562 3286 190 46 Ioläus;
1791 3296 60 29 an
1888 3285 264 47 anthology
2188 3284 52 40 of
441 3283 1994 111 friendship.
627 3347 102 41 The
761 3350 197 45 present

994 3348 188 40 volume
1218 3347 222 41 contains
1473 3347 95 39 two
1605 3343 276 41 additional
1915 3342 224 46 sections,
2174 3342 184 47 Essays
2393 3352 59 29 on

441 3403 278 49 friendship
747 3407 96 39 and
870 3406 170 39 Poems
1067 3416 60 30 on
1154 3405 290 46 friendship,
1473 3401 236 48 compiled
1735 3401 62 47 by
1822 3400 208 40 another
2058 3400 144 42 hand.

440 3460 52 53 ©
532 3465 129 48 Sept.
697 3464 70 46 21,
805 3465 114 40 1935;
986 3465 67 40 2c.
1090 3466 112 39 Dec.
1240 3466 82 45 17;
1361 3464 81 39 aff.
1482 3463 110 39 Jan.
1629 3462 71 46 31,
1739 3460 141 47 1936;
1922 3461 41 38 A
1999 3459 172 48 90579;
2213 3460 169 40 Albert
2419 3460 38 40 &

511 3521 207 42 Charles
748 3521 137 49 Boni,
918 3522 105 48 inc.,
1057 3522 118 41 New
1206 3522 146 40 York.
1417 3518 281 52 [Copyright
1731 3518 41 41 is
1805 3516 207 43 claimed
2047 3527 60 30 on
2137 3527 106 31 new
2276 3517 181 41 matter

511 3579 162 42 edited
708 3581 62 47 by
803 3581 173 39 Albert
1009 3579 139 51 Boni]
1224 3578 252 50 (36-3676)

443 3668 346 68 Carpenter,
817 3668 257 56 William
1103 3669 152 64 Seal,
1285 3673 172 51 1890-

512 3743 164 56 State
706 3745 114 52 and
855 3745 145 53 local
1035 3748 375 66 government
1444 3743 59 52 in
1539 3742 95 53 the
1670 3738 219 56 United
1925 3737 190 57 States
2174 3739 94 69 [by]
439 3736 1990 139 William
617 3821 133 56 Seal

785 3815 1669 76 Carpenter and Paul Tutt Stafford … New York,
441 3899 65 54 F.
537 3900 56 56 S.
622 3900 199 56 Crofts
848 3903 45 50 &
918 3919 98 49 co.,
1043 3905 152 51 1936.

512 3973 627 50 5 p. l., 3-351 p. 23½ cm .
