2519 4377
1280 4132 88 48 1514

419 522 255 41 Associate
707 523 184 40 editors:
955 523 45 40 J.
1037 523 44 41 S.
1114 522 220 49 Hudson,
1370 523 155 41 Glenn
1559 524 192 48 Kitson,
1787 525 71 40 W.
1891 525 55 39 B.
1983 523 189 50 Heiser,
2209 524 53 41 G.
2297 526 63 43 M.

348 580 192 41 Shanks
573 580 99 41 and
703 579 210 41 Mildred
946 580 64 41 M.
1044 581 163 41 Mann.

348 648 53 53 ©
430 653 101 40 Oct.
562 652 39 47 6,
632 651 142 49 1936;
805 651 68 41 2c.
904 652 103 41 Oct.
1036 651 54 48 8;
1122 652 83 41 aff.
1237 653 103 40 Oct.
1369 652 53 48 9;
1454 654 41 38 A
1522 651 174 50 99260;
1731 652 217 42 William
1979 654 211 39 Edward

419 653 1928 105 Baldwin,
558 710 278 41 Cleveland.
908 708 282 49 (36-22639)

342 813 252 65 Knight,
620 813 302 54 Kathleen
944 815 219 53 Moore.

479 890 1886 69 … The wheel that turned … Garden City, N. Y., Pub. for
344 972 100 54 the
480 971 195 55 Crime
711 970 148 69 club,
896 970 128 68 inc.,
1062 970 77 69 by
1177 970 360 68 Doubleday,
1575 971 199 55 Doran
1816 973 46 51 &
1899 989 300 49 company,
2240 971 125 67 inc.,

347 1053 151 51 1936.

415 1135 559 52 5 p. l. , 274 p. 20½ cm .
417 1207 164 41 “First
610 1205 226 44 edition.”

347 1273 52 54 ©
429 1278 103 40 Oct.
562 1277 41 48 9,
634 1276 143 48 1936;
805 1277 68 40 2c.
907 1277 95 39 and
1033 1276 83 40 aff.
1149 1277 101 41 Oct.
1282 1276 82 48 19;
1398 1278 40 38 A
1468 1275 172 44 98964;
1674 1278 60 40 K.
1767 1279 61 38 M.
1861 1276 202 49 Knight,
2097 1276 266 46 Chilmark,

418 1337 146 38 Mass.
637 1333 285 50 (36-23256)

344 1437 237 66 Lebert,
611 1439 244 63 Eugene
882 1438 99 65 M.,
1011 1438 174 56 1877-

415 1513 243 71 Visages
715 1516 70 54 de
841 1515 56 54 la
954 1516 240 69 France,
1250 1534 108 50 par
1412 1517 236 68 Eugène
1704 1516 226 67 Lebert,
1987 1516 77 53 H.
2125 1516 236 68 Stanley

345 1592 2013 72 Schwarz and Frédéric Ernst … New York, Cincinnati [etc.]
343 1674 309 55 American
680 1674 150 54 book
859 1693 284 51 company
1179 1709 14 35 [
1197 1682 18 21 c
1220 1679 136 51 1936
1360 1709 14 35 ]

416 1749 102 48 viii,
545 1748 89 41 488
661 1758 42 39 p.
731 1749 112 41 incl.
872 1749 165 49 front.,
1063 1750 131 42 illus.
1224 1749 134 49 (incl.
1389 1748 176 49 ports.)
1771 1784 10 8 19½cm.

417 1808 141 48 Maps
585 1817 63 31 on
675 1807 368 50 lining-papers.

346 1874 52 53 ©
429 1881 127 45 Sept.
584 1880 70 46 28,
684 1878 116 41 1936;
856 1878 67 40 2c.
953 1879 98 39 and
1079 1879 82 41 aff.
1192 1879 103 41 Oct.
1322 1878 26 39 2;
1406 1879 41 39 A
1474 1876 146 42 99082;
1680 1879 148 39 Amer.
1867 1878 125 39 book
2021 1887 67 32 co.

427 1935 284 49 (36-22933)

343 2040 169 63 Lent,
538 2041 210 64 Henry
771 2040 214 64 Holies,
1014 2045 173 50 1901-

413 2117 286 70 Tugboat,
730 2117 77 70 by
839 2117 205 69 Henry
1076 2117 67 53 B.
1178 2117 176 67 Lent;
1390 2117 327 54 illustrated
1750 2116 75 69 by
1858 2116 174 53 Earle
2067 2116 293 55 Winslow.

340 2196 139 53 New
511 2194 181 69 York,
722 2195 123 53 The
872 2194 339 54 Macmillan
1242 2212 300 54 company,
1574 2198 151 51 1936.

412 2269 755 51 viii, 86 p. illus. 22 × 19 cm .
414 2328 293 41 Illustrated
741 2327 366 51 lining-papers.

345 2394 52 54 ©
428 2400 128 46 Sept.
581 2398 69 49 29,
683 2398 142 49 1936;
854 2398 67 40 2c.
951 2399 98 39 and
1075 2399 82 41 aff.
1189 2400 128 47 Sept.
1346 2398 83 48 30;
1461 2400 41 39 A
1529 2397 171 43 99076:
1734 2398 283 41 Macmillan
2047 2409 68 31 co.

425 2455 284 49 (36-22987)

342 2562 322 53 Louisiana
691 2563 204 67 digest,
925 2566 134 50 1809
1086 2571 59 47 to
1173 2562 133 53 date;
1364 2561 268 68 covering
1658 2560 310 55 Louisiana
1997 2567 222 63 reports
2249 2562 113 52 and

416 2640 288 56 Southern
735 2646 277 63 reporter,
1040 2659 63 35 as
1131 2641 127 52 well
1290 2660 60 34 as
1380 2638 308 56 Louisiana
1724 2658 150 35 cases
1906 2639 236 54 decided
2172 2641 62 52 in
2266 2641 95 52 the

414 2719 223 53 federal
668 2719 244 53 District
945 2720 114 52 and
1090 2719 222 56 Circuit
1344 2723 206 63 courts,
1583 2718 220 55 Circuit
1837 2725 163 48 court
2030 2719 64 52 of
2128 2719 234 68 appeals

415 2796 1946 69 and Supreme court of the United States … with current
413 2875 348 55 cumulative
797 2876 205 68 pocket
1040 2876 225 55 service.
1342 2876 245 55 Volume
1628 2880 77 49 14.
1743 2876 616 69 Mortgages-Parties.

416 2955 83 56 St.
524 2955 168 67 Paul,
716 2955 202 67 Minn.,
939 2957 161 54 West
1121 2955 339 69 publishing
1485 2974 78 35 co.
1596 2990 13 33 [
1613 2962 18 21 c
1637 2959 152 63 1936]

412 3026 498 52 viii, 696 p. 26 ½cm .
345 3096 52 53 ©
423 3100 102 41 Oct.
550 3099 70 50 20,
647 3099 117 41 1936;
818 3099 67 42 2c.
915 3101 94 39 and
1036 3099 81 42 aff.
1144 3102 120 39 Nov.
1290 3100 56 40 16;
1402 3101 39 39 A
1465 3099 147 41 99879;
1668 3102 136 39 West
1830 3100 109 48 pub.
1968 3109 69 32 co.

339 3205 270 64 Mackey,
635 3205 202 54 Frank
862 3205 241 66 Joseph,
1134 3211 171 50 1890-

415 3280 1942 71 Forward—march! … The photographic record of America
343 3358 61 54 in
432 3360 98 52 the
560 3359 185 54 world
776 3378 120 34 war
926 3360 113 52 and
1070 3361 96 52 the
1198 3366 130 62 post
1363 3378 115 34 war
1509 3360 172 53 social
1714 3358 307 70 upheaval,
2051 3359 74 68 by
2160 3360 197 52 Frank

341 3437 56 55 J.
427 3436 244 69 Mackey
705 3437 113 53 and
847 3436 232 55 Marcus
1110 3436 225 56 Wilson
1366 3438 310 67 Jernegan,
1794 3481 9 10 PH.
1875 3480 30 23 D.,
1937 3436 270 69 advisory
344 3437 1988 132 editor.
526 3513 273 72 Chicago,

832 3514 125 55 The
994 3514 275 55 Disabled
1306 3514 306 56 American
1649 3520 260 50 veterans
1944 3514 65 55 of
2044 3516 96 55 the
2174 3515 181 54 world

346 3611 134 50 war,
513 3593 173 69 Dept.
720 3593 64 54 of
818 3593 434 55 rehabilitation
1292 3596 173 66 [1936]

416 3664 26 39 2
473 3676 42 28 v.
580 3665 167 48 front.,
780 3666 143 46 illus.,
955 3667 171 47 plates,
1160 3668 163 46 ports.,
1357 3676 152 39 maps.
1569 3667 56 40 35
1628 3669 44 21 cm
1678 3701 7 9 .

414 3721 162 48 Paged
616 3722 358 48 continuously.

415 3778 290 41 Illustrated
738 3778 351 49 lining-papers
1121 3779 50 40 in
1205 3779 169 43 colors.

415 3835 352 49 Bibliography:
826 3846 44 30 v.
901 3836 40 49 2,
974 3846 44 38 p.
1050 3835 101 42 496.

345 3903 54 54 ©
431 3908 129 48 Sept.
594 3909 69 50 10,
696 3908 142 49 1936;
871 3909 66 40 2c.
973 3910 119 40 each
1125 3910 95 39 and
1253 3910 83 42 aff.
1372 3911 128 47 Sept.
1533 3910 82 43 29;
1651 3911 39 39 A
1723 3909 172 43 98889:
1931 3911 233 39 Disabled
2198 3912 145 39 Amer.

414 3967 229 39 veterans
674 3966 51 39 of
752 3966 83 40 the
863 3967 151 39 world
1047 3977 116 34 war,
1193 3968 322 46 Department
1547 3968 51 37 of
1625 3967 385 41 rehabilitation.
2076 3967 280 49 (Copyright

417 4022 40 38 is
483 4023 205 40 claimed
715 4034 59 29 on
800 4023 191 41 revised
1020 4023 213 50 articles]
1301 4022 282 52 (36-22961)
