2519 4377
1041 4101 131 49 1049

132 458 303 67 [Arnesen,
461 456 188 54 David
676 457 299 53 Dietrichs
1002 458 296 65 Swenseii]
1333 462 170 50 1884-

258 545 1862 70 … Amor på Middelhavstur. Oslo, H. Aschehoug & co.,
130 630 147 49 1936.

195 699 83 42 202
307 711 43 38 p.
406 699 58 41 20
464 702 43 21 cm
514 733 8 9 .

195 755 228 42 Author’s
449 757 178 46 pseud.,
659 756 140 40 Peter
827 756 223 46 Bendow,
1080 756 53 39 at
1160 755 124 40 head
1313 755 52 39 of
1391 754 122 41 title.

125 822 1991 53 © Mar. 18, 1936; 1c. May 4; A-Foreign 31565; H. Aschehoug & co.
204 882 94 48 (W.
329 881 254 48 Nygaard)
663 880 279 49 (36-17561)

125 986 313 65 Atkinson,
466 987 136 52 Mrs.
631 986 206 64 Agnes
858 985 177 56 Akin.

196 1075 239 69 Skinny,
464 1076 93 51 the
587 1094 142 49 gray
758 1075 118 67 fox,
903 1075 74 68 by
1005 1075 193 68 Agnes
1226 1074 158 52 Akin
1413 1074 314 66 Atkinson;
1760 1073 139 53 with

127 1093 1966 113 seventeen
280 1151 394 70 photographs
700 1151 168 53 taken
899 1151 151 53 from
1077 1155 202 48 nature
1305 1151 76 68 by
1410 1150 247 68 Spencer
1685 1151 194 53 Roane

127 1152 1966 133 Atkinson.
308 1231 138 53 New
476 1230 177 66 York,
682 1230 119 52 The
830 1228 222 69 Viking
1076 1247 174 49 press,
1284 1232 150 48 1936.

196 1303 82 40 Ill
307 1315 42 37 p.
377 1304 109 40 incl.
514 1304 163 46 front.,
704 1303 127 40 illus.
887 1303 55 39 23½
975 1304 43 22 cm
1024 1333 7 8 .

121 1370 52 53 ©
197 1375 114 47 July
333 1375 69 41 24,
426 1374 111 40 1936;
590 1373 66 41 2c.
682 1373 115 47 July
818 1373 83 47 24;
927 1373 81 40 aff.
1033 1373 115 47 July
1170 1372 83 47 25;
1280 1373 38 39 A
1342 1372 170 48 97128;
1539 1374 54 40 A.
1617 1374 54 40 A.
1695 1373 252 49 Atkinson,

192 1375 1909 103 Pasadena,
351 1431 141 41 Calif.
564 1430 281 48 (36-17328)

122 1534 271 64 Buehler,
423 1534 208 53 Alfred
664 1533 271 65 Grether,
968 1539 169 49 1900-

191 1608 1927 72 Public finance, by Alfred G. Buehler … 1st ed. New York
123 1690 112 53 and
263 1690 257 67 London,
549 1688 430 55 McGraw-Hill
1008 1688 148 52 book
1185 1706 296 51 company,
1513 1688 125 68 inc.,
1672 1692 151 50 1936.

190 1764 97 48 xix,
316 1763 82 42 632
425 1773 44 38 p.
525 1763 180 48 diagrs.
759 1762 54 43 23½
846 1765 44 22 cm
896 1795 9 10 .

191 1819 349 49 Bibliography
572 1821 51 38 at
656 1819 93 40 end
776 1820 52 39 of
857 1819 120 40 each
1008 1817 215 49 chapter.

123 1887 52 52 ©
203 1890 115 47 July
345 1890 68 47 16,
443 1889 139 48 1936;
613 1890 68 39 2c.
712 1889 115 47 July
856 1889 81 45 21;
971 1886 81 44 aff,
1083 1889 116 46 July
1227 1889 82 46 18;
1340 1889 43 39 A
1410 1888 170 48 97101;
1614 1889 352 42 McGraw-Hill
1996 1889 124 42 book

191 1957 82 38 co.,
299 1946 91 41 inc.
461 1946 279 47 (36-17672)

119 2051 199 63 Butts,
343 2051 228 56 Porter.

252 2123 1863 72 … Art in Wisconsin, by Porter Butts … with a preface by
118 2201 1823 72 Dr. Oskar F. L. Hagen … including the Catalogue of the
119 2203 1973 131 Wisconsin
344 2281 318 53 centennial
697 2287 89 48 art
822 2280 332 55 exhibition.
1231 2280 302 69 [Madison,
1567 2278 162 71 Wis.,
1762 2281 244 55 Printed
2038 2281 76 69 by

119 2357 1258 71 the Democrat printing company, c1936 ]
189 2432 64 46 xi,
287 2430 85 42 213
402 2441 44 39 p.
505 2431 128 41 illus.
694 2431 56 41 25½cm.

191 2486 63 41 At
282 2488 124 40 head
433 2488 53 40 of
511 2487 135 41 title:
676 2488 101 41 The
803 2489 78 40 art
908 2487 281 49 experience
1217 2486 54 42 of
1295 2488 83 41 the
1404 2486 179 43 middle
1608 2489 121 39 west
1756 2487 222 41 frontier.

192 2542 289 42 “Published
518 2543 61 47 by
615 2544 82 41 the
732 2544 224 41 Madison
992 2545 80 39 art
1108 2543 295 41 association
1440 2543 50 41 in
1527 2543 312 49 conjunction
1876 2544 121 41 with
2035 2545 81 40 the

122 2596 270 43 Wisconsin
429 2599 275 41 centennial
739 2601 272 40 committee
1049 2601 94 40 and
1183 2601 83 40 the
1302 2600 282 48 University
1623 2600 53 41 of
1709 2600 288 49 Wisconsin,

122 2600 1975 94 Division
302 2655 53 40 of
376 2655 149 41 social
551 2656 270 47 education,
845 2656 238 49 Madison,
1110 2656 286 49 Wisconsin,
1424 2655 158 43 1936.”

191 2710 102 43 The
323 2710 264 49 Catalogue
614 2713 90 40 has
732 2713 180 48 special
939 2715 97 46 t.-p.
1065 2715 84 39 not
1180 2713 223 41 included
1432 2713 49 40 in
1511 2714 81 41 the
1620 2712 298 49 pagination.

191 2764 374 51 Bibliography;
601 2778 42 38 p.
678 2768 216 42 169-171.

122 2833 52 53 ©
200 2839 126 38 June
350 2839 68 46 17,
448 2839 138 46 1936;
618 2839 67 40 2c.
714 2839 95 39 and
840 2840 80 39 aff.
950 2841 125 38 June
1103 2839 82 42 22:
1218 2840 38 39 A
1285 2839 170 47 96122;
1488 2841 172 39 Porter
1690 2842 234 39 Freeman
1956 2841 159 47 Butts,

192 2894 236 49 Madison,
455 2895 116 41 Wis.
642 2895 281 48 (36-17797)

123 2999 205 63 Casey,
356 2999 219 64 Joseph
600 3000 277 55 Thomas.

257 3075 1859 72 … The primacy of metaphysics … by Joseph T. Casey.
124 3151 398 69 Washington,
552 3153 70 52 D.
658 3152 79 65 C.,
769 3154 120 52 The
918 3154 260 54 Catholic
1208 3155 316 69 university
1556 3155 63 53 of
1648 3156 284 65 America,
1967 3160 150 50 1936.

195 3226 607 49 4 p. l., iv, 108 p. 23 cm .
196 3282 65 39 At
286 3282 123 40 head
437 3282 51 41 of
515 3283 133 40 title:
680 3284 100 39 The
807 3284 222 41 Catholic
1054 3283 270 49 university
1351 3284 52 41 of
1428 3285 237 43 America.

196 3338 170 40 Thesis
395 3339 15 48 (PH.
586 3338 308 47 D.)—Catholic
922 3340 270 48 university
1219 3341 54 41 of
1296 3337 237 54 America,
1562 3342 128 41 1936.

198 3394 372 49 Bibliography:
602 3407 43 37 p.
677 3396 215 41 103-108.

124 3458 1992 54 © June 4, 1936; 2c. and aff. June 9; A 95613: Catholic univ. of America.
203 3518 277 52 (36-17430)

126 3622 428 68 Chamberlain,
584 3625 226 65 George
838 3627 243 65 Agnew,
1113 3631 170 52 1879-

195 3701 197 53 Under
434 3719 284 51 pressure;
766 3724 30 33 a
839 3704 163 52 novel
1047 3705 76 67 by
1165 3705 222 68 George
1428 3707 220 66 Agnew
1695 3707 419 56 Chamberlain.

126 3776 1751 72 Indianapolis, New York, The Bobbs-Merrill company [c1936]
198 3849 84 40 315
320 3861 42 37 p.
425 3850 56 40 20
484 3853 43 21 cm
533 3883 8 7 .

201 3905 159 41 “First
395 3906 226 42 edition.”

125 3968 53 53 ©
205 3974 115 47 July
347 3976 68 45 31,
445 3976 138 47 1936;
614 3976 67 40 2c.
710 3979 119 47 Aug.
860 3981 51 44 7;
944 3979 81 39 aff.
1055 3980 118 47 Aug.
1206 3981 82 48 10;
1320 3982 40 39 A
1388 3980 171 50 96843;
1593 3983 53 41 G.
1677 3984 53 40 A.
1759 3983 357 50 Chamberlain,

195 4030 223 49 Quinton,
447 4033 56 39 N.
534 4034 42 39 J.
646 4033 279 50 (36-17533)
