2519 4377
1012 4134 131 50 1935

98 475 242 62 Judson,
368 475 226 62 Lyman
622 473 218 64 Spicer.

167 550 202 53 Public
397 551 278 67 speaking
704 550 93 53 for
828 553 214 50 Future
1074 550 259 68 farmers,
1361 550 74 66 by
1465 551 220 66 Lyman

98 548 1995 147 Spicer Judson … Danville, Ill., The Interstate printers and publishers,
100 709 149 50 1936.

171 777 26 40 288
283 789 41 37 p.
383 778 178 46 diagrs.
618 776 48 39 21½
706 780 45 21 cm
756 810 8 8 .

98 843 53 53 ©
177 849 127 46 Sept.
331 849 35 43 1,
391 846 139 47 1936;
555 846 67 41 2c.
650 847 94 38 and
771 846 81 41 aff.
879 849 107 37 Dec.
1014 847 79 47 16;
1120 848 39 38 A
1185 845 198 48 101298;
1412 848 48 37 L.
1491 848 43 39 S.
1562 846 201 44 Judson.
1789 846 304 42 Milwaukee.

178 902 221 50 (37-152)

96 1007 255 63 Kenner,
376 1008 279 52 Hurnard
681 1007 54 56 J.

165 1083 122 53 The
316 1082 145 70 fight
492 1084 94 52 for
616 1086 160 52 truth
808 1082 60 53 in
899 1083 382 69 advertising;
1314 1103 30 33 a
1376 1089 158 62 story
1564 1083 63 54 of
1658 1085 154 52 what
1840 1085 253 53 business

96 1161 100 53 has
227 1162 145 52 done
401 1162 111 53 and
546 1161 47 54 is
624 1161 177 70 doing
829 1168 57 47 to
917 1162 268 53 establish
1217 1163 110 52 and
1361 1161 281 54 maintain
1676 1181 272 49 accuracy
1981 1164 110 52 and

98 1240 116 54 fair
242 1240 136 69 play
405 1240 59 52 in
492 1240 356 69 advertising
873 1241 112 53 and
1014 1241 206 68 selling
1248 1240 94 54 for
1368 1241 95 54 the
1491 1241 238 67 public’s
1758 1241 336 67 protection,

97 1317 1996 70 by H. J. Kenner … sponsored by the Advertising federation
95 1395 65 53 of
198 1396 283 69 America,
523 1403 57 47 to
623 1402 431 49 commemorate
1097 1398 94 53 the
1237 1397 188 56 Silver
1464 1396 213 69 jubilee
1718 1396 64 54 of
1826 1398 160 52 truth
2033 1397 57 52 in

95 1474 354 69 advertising
481 1474 156 53 work
668 1477 59 51 in
759 1474 281 55 America.
1116 1476 138 53 New
1286 1476 179 67 York,
1496 1476 206 53 Round
1736 1475 150 53 table
1919 1494 175 49 press,

92 1556 126 67 inc.,
251 1558 148 50 1936.

166 1628 98 48 xxi,
298 1628 85 42 298
415 1638 42 38 p.
518 1627 116 42 20cm.

97 1695 53 54 ©
174 1700 117 40 Nov.
318 1699 66 47 16,
413 1697 138 48 1936;
578 1699 67 40 2c.
672 1699 117 40 Nov.
815 1697 81 43 18:
926 1699 81 39 aff.
1036 1699 117 39 Nov.
1179 1698 82 41 27:
1291 1700 38 37 A
1357 1697 198 48 100716;
1587 1698 171 39 Round
1788 1697 133 40 table
1944 1707 151 40 press,

167 1756 89 39 inc.
325 1754 221 51 (37-170)

94 1859 251 64 Kühnel,
375 1860 186 54 Josef.

165 1938 127 52 Von
341 1937 248 67 heiligen
638 1937 280 55 flammen,
967 1954 108 34 von
1124 1937 164 54 Josef
1338 1937 248 53 Kuhnel.
1674 1936 299 68 Salzburg,
2022 1938 71 51 A.

95 2018 215 52 Pustet,
343 2018 147 49 1936.

166 2088 23 38 1
218 2098 42 30 v.

95 2152 1998 54 © Apr. 9, 1936; 1c. Oct. 22; A-Foreign 33353; Verlag Anton Pustet.
1856 2212 146 42 12285

94 2277 184 64 Liess,
308 2277 318 54 Johannes.

164 2354 107 52 Die
323 2352 341 69 endoskopie
716 2355 147 51 beim
914 2354 189 54 rinde:
1160 2353 120 53 ihre
1331 2353 278 54 klinische
1661 2355 327 67 bedeutung
2037 2372 55 37 u.

94 2432 322 67 praktisehe
463 2432 381 68 ausführung.
888 2450 109 34 von
1043 2433 83 51 dr.
1173 2433 292 53 Johannes
1507 2432 173 53 Liess.
1757 2433 109 51 Mit
94 2431 1974 145 abbildungen.

412 2510 331 65 Hannover,
768 2511 78 51 M.
872 2514 44 48 &
940 2511 77 53 H.
1048 2510 269 66 Schaper,
1345 2513 149 51 1936.

185 2583 77 39 1 v.
94 2634 1884 54 © June 16, 1936; 1c. Sept. 14; A-Foreign 33050; M. & H. Scliaper.
92 2757 264 64 Ludwig,
383 2757 171 64 Emil,
586 2762 170 50 1881-

163 2832 123 52 The
319 2832 192 53 Davos
547 2832 250 67 murder,
833 2832 76 69 by
947 2831 156 53 Emil
1141 2830 274 71 Ludwig;
1458 2832 315 53 translated
1811 2831 76 70 by
1927 2831 162 53 Eden

93 2909 1825 70 and Cedar Paul … New York, The Viking press, 1936.
163 2982 26 40 5
218 2992 42 38 p.
324 3014 8 15 l.,
360 2982 117 41 3-96
502 2993 41 37 p.
604 2982 117 42 22cm.

95 3036 53 53 ©
178 3042 109 39 Dec.
316 3041 40 47 9,
386 3040 139 46 1936;
555 3040 67 40 2c.
655 3042 113 39 Dec.
798 3040 52 39 9:
884 3041 82 41 aff.
997 3041 111 40 Dec.
1139 3042 47 37 11
1212 3052 8 30 :
1253 3042 39 38 A
1322 3040 200 49 101280;
1557 3042 50 38 E.
1642 3041 213 46 Ludwig,
1888 3043 204 47 Ascona,

171 3097 333 41 Switzerland.
569 3096 221 49 (37-340)

93 3199 306 65 McAssey,
427 3200 191 53 Mabel
644 3199 318 56 Morefield.

163 3274 102 69 My
298 3280 212 50 mental
545 3276 215 68 garden
799 3275 58 53 in
895 3294 164 50 prose
1095 3277 112 52 and
1245 3295 173 49 verse,
1455 3276 74 68 by
1565 3276 191 54 Mabel
1791 3276 297 54 Morefield

93 3351 305 70 McAssey;
434 3354 380 54 illustrations
846 3354 75 68 by
951 3355 230 54 Donald
1213 3355 225 52 Mundt.
1516 3354 268 68 Chicago,
1817 3355 93 52 Ill.
1950 3356 140 66 [The

93 3430 75 55 H.
200 3432 67 55 G.
299 3432 185 54 Adair
516 3432 263 69 printing
808 3451 98 49 co.]
944 3436 150 51 1936.

164 3505 1217 50 43 p., 1 l. illus. (incl. facsim.) port. 23½ cm .
168 3563 126 47 Song
320 3563 119 41 with
466 3564 178 40 music:
675 3575 43 37 p.
746 3564 68 41 18.

97 3615 52 53 ©
180 3621 109 39 Dec.
321 3619 68 49 10,
422 3619 140 47 1936;
596 3620 67 39 2c.
695 3620 96 40 and
822 3620 82 40 aff.
938 3622 111 38 Dec.
1157 3631 7 29 18;
1201 3622 39 37 A
1276 3618 198 47 101370;
1510 3620 61 38 M.
1607 3620 61 38 M.
1703 3618 244 46 McAssey,

166 3617 1904 105 Chicago.
359 3675 221 49 (37-222)

96 3779 285 65 McCluer,
405 3783 137 51 Mrs.
567 3782 307 62 Margaret
898 3781 74 55 N.

164 3855 237 54 Women
435 3875 58 35 as
526 3858 295 66 presented
856 3876 70 35 on
956 3857 215 54 United
1208 3857 187 55 States
1428 3862 232 61 stamps,
1689 3856 75 66 by
1793 3857 293 65 Margaret

96 3932 1988 150 N. McCluer … [Kansas City, Mo., Press of Goldsberry-Spangler, inc., c 1936]
