2519 4377
1325 4145 132 51 1148

385 466 215 56 Pacific
627 474 274 62 reporter.
969 468 220 55 Second
1215 469 186 53 series.
1469 470 170 54 Cases
1666 471 216 65 argued
1911 471 114 52 and
2052 468 355 55 determined

455 548 61 51 in
546 548 97 51 the
675 551 191 48 courts
897 546 64 53 of
990 546 273 67 Arizona,
1297 547 345 67 California,
1675 547 304 67 Colorado,
2011 549 205 64 Idaho,
457 548 1924 143 Kansas,

614 626 300 65 Montana,
966 624 256 68 Nevada,
1274 627 139 51 New
1465 624 242 68 Mexico,
1760 626 343 66 Oklahoma,
2158 626 248 68 Oregon,

458 704 177 65 Utah,
662 702 405 68 Washington,
1093 702 332 68 Wyoming,
1453 704 140 51 with
1622 704 109 67 key
1756 704 240 53 number
2025 703 378 56 annotations,

457 782 227 52 volume
722 785 64 48 55
821 780 128 68 (2d)
1035 781 192 68 April,
1268 784 150 50 1936.
1497 781 83 55 St.
1622 782 165 67 Paul,
1825 782 202 68 Minn.,
2069 784 156 53 West
455 783 1925 143 publishing

697 877 98 49 co.,
823 859 151 54 1936.

458 944 132 49 xxvi,
620 944 115 41 1465
765 954 44 39 p.
868 944 56 41 26
927 947 45 21 cm
977 975 8 8 .

388 1014 53 53 ©
468 1018 116 47 July
611 1017 71 48 28,
709 1016 115 41 1936;
880 1016 67 42 2c.
976 1017 96 39 and
1099 1017 82 41 aff.
1210 1017 121 47 Aug.
1358 1017 83 47 17;
1471 1017 41 39 A
1538 1016 172 49 96978;
1739 1019 136 39 West
1902 1018 111 48 pub.
2041 1027 67 31 co.

384 1123 344 65 Pangburn,
754 1124 252 53 Weaver
1031 1121 282 56 Weddell.

457 1199 367 54 Adventures
869 1198 60 54 in
975 1195 334 73 recreation,
1351 1199 77 69 by
1472 1200 243 54 Weaver
1758 1199 267 54 Weddell
2070 1201 333 68 Pangburn.

387 1279 294 68 Prepared
706 1278 95 52 for
823 1277 277 54 National
1124 1277 315 54 recreation
1463 1277 356 55 association.
1878 1278 142 53 New
2044 1279 181 68 York,
2249 1279 71 54 A.
2346 1279 58 56 S.

387 1359 218 51 Barnes
638 1356 114 54 and
783 1374 301 51 company,
1114 1355 421 70 incorporated,
1567 1359 154 52 1936.

456 1429 716 52 6 p. l., 138 p. illus. 21cm.
460 1499 300 51 “Suggested
788 1500 257 50 readings”
1076 1502 55 39 at
1157 1501 93 40 end
1279 1499 52 42 of
1357 1500 120 41 each
1505 1500 216 49 chapter.

387 1568 53 54 ©
472 1573 120 47 Aug.
625 1572 70 48 14,
730 1570 115 43 1936;
906 1571 69 39 2c.
1012 1571 117 48 July
1164 1571 82 48 17;
1282 1570 86 40 aff.
1401 1570 122 48 Aug.
1558 1571 83 47 15;
1680 1571 41 39 A
1754 1570 172 44 97371;
1964 1571 132 42 Natl.
2132 1572 273 42 recreation

457 1640 143 40 assn.,
632 1629 107 48 inc.,
768 1630 118 39 New
914 1629 147 40 York.
1131 1627 257 49 (36-18400)

386 1734 173 65 Peek,
590 1735 230 64 George
845 1733 243 63 Nelson,
1118 1734 174 57 1873-

456 1811 156 70 Why
642 1810 127 69 quit
801 1828 104 37 our
938 1829 145 51 own,
1113 1810 76 70 by
1221 1810 223 70 George
1476 1811 69 54 N.
1582 1810 155 55 Peek
1767 1810 142 55 with
1944 1810 232 57 Samuel
2212 1811 191 56 Crow

387 1891 125 53 ther
548 1932 58 11 ...
686 1889 141 55 New
858 1890 183 68 York,
1068 1891 72 53 D.
1172 1890 134 55 Van
1335 1890 295 54 Nostrand
1660 1907 300 51 company,
1989 1891 129 66 inc.,
2152 1893 150 50 1936.

460 1963 592 50 3 p. l., 7-353 p. 22cm.
459 2022 73 40 On
565 2031 143 31 cover;
771 2052 47 13 ...
852 2022 74 39 An
959 2022 260 40 American
1253 2031 228 39 program
1509 2020 83 41 for
1622 2020 132 42 farm
1786 2021 96 40 and
1911 2020 210 48 factory.

461 2078 189 42 “About
678 2079 220 41 one-half
924 2079 53 41 of
1005 2079 99 41 this
1131 2079 126 41 book
1284 2079 243 49 appeared
1556 2080 50 40 in
1633 2078 77 41 six
1737 2077 200 42 articles
1965 2077 51 41 in
2044 2078 81 40 the
2158 2077 246 50 Saturday

388 2137 206 48 evening
617 2138 110 48 post
752 2138 155 40 under
932 2139 83 39 the
1040 2138 111 40 title
1177 2137 71 40 ‘In
1273 2138 95 39 and
1396 2136 250 49 out’.”—p.
1674 2137 39 41 8.

388 2205 53 53 ©
484 2209 116 48 July
641 2209 71 49 29,
753 2207 141 50 1936;
937 2208 68 42 2c.
1047 2208 97 40 and
1186 2209 81 40 aff.
1309 2209 120 48 Aug.
1471 2207 82 48 12;
1596 2208 42 39 A
1677 2206 173 46 96884;
1898 2207 195 40 Samuel
2136 2206 267 46 Crowther,

461 2268 235 47 Sunapee,
724 2268 56 39 N.
806 2267 61 39 H.
920 2267 282 50 (36-18373)

384 2368 227 66 Pieper,
643 2370 251 54 Charles
918 2370 176 63 John,
1124 2374 173 52 1887-

458 2446 312 69 Everyday
818 2446 288 70 problems
1154 2445 62 55 in
1261 2445 253 70 biology,
1561 2446 76 69 by
1687 2444 238 56 Charles
1974 2444 54 53 J.
2080 2442 208 71 Pieper
2341 2488 56 10 ...

388 2525 228 55 Wilbur
653 2525 65 53 L.
759 2525 370 69 Beauchamp
1175 2569 70 14 ....
1277 2524 113 53 and
1431 2523 171 56 Orlin
1641 2525 71 52 D.
1751 2523 200 53 Frank
1995 2566 56 10 ...
2131 2520 272 71 Chicago,

386 2602 1655 69 Atlanta [etc.] Scott, Foresman and company [ c 1936]
455 2674 174 46 xxxiii,
660 2674 86 41 686
776 2685 42 38 p.
878 2674 143 49 illus.,
1051 2675 180 48 diagrs.
1289 2674 118 43 20cm.

457 2730 324 42 “References
808 2732 97 40 and
932 2731 146 50 guide
1103 2731 82 41 for
1211 2731 275 42 additional
1515 2731 175 49 study”;
1749 2742 44 39 p.
1821 2730 220 42 607-648.

384 2800 53 53 ©
467 2806 120 47 Aug.
618 2806 68 45 10,
719 2805 115 41 1936;
893 2804 67 40 2c.
994 2805 97 40 and
1121 2805 82 41 aff.
1235 2806 121 47 Aug.
1388 2805 55 39 12;
1504 2806 41 38 A
1575 2804 145 42 96889;
1783 2805 149 48 Scott,
1967 2805 267 39 Foresman
2267 2804 35 40 &
2333 2812 68 31 co.

461 2862 284 50 [Copyright
772 2863 42 40 is
841 2861 207 42 claimed
1076 2872 62 32 on
1163 2873 107 30 new
1297 2861 244 51 material]
1611 2860 282 51 (36-18319)

455 2965 312 70 Everyday
789 2966 287 69 problems
1101 2966 61 55 in
1184 2966 228 54 science.
1487 2966 165 68 (Rev.
1680 2965 113 69 ed.)
1865 2967 92 67 By
1984 2965 237 55 Charles
2246 2965 156 54 John

386 3044 208 70 Pieper
637 3089 58 10 ...
738 3046 113 53 and
884 3045 234 56 Wilbur
1151 3045 112 55 Lee
1303 3045 369 68 Beauchamp
1714 3088 56 10 ...
1849 3044 272 69 Chicago,
2160 3044 239 53 Atlanta

408 3123 1363 70 [etc.] Scott, Foresman and company [ c 1936]
455 3195 1146 52 xxxiv, 748 p. illus., col. pl., diagrs. 20cm.
459 3255 320 41 “References
805 3257 96 39 and
926 3255 145 50 guide
1094 3256 80 40 for
1201 3254 271 42 additional
1499 3254 174 49 study”;
1731 3265 42 38 p.
1799 3253 218 41 667-712.

386 3321 52 53 ©
467 3327 120 45 Aug.
621 3327 70 48 11,
723 3325 114 41 1936;
896 3326 67 40 2c.
996 3326 96 39 and
1122 3326 83 41 aff.
1238 3327 119 46 Aug.
1390 3325 54 39 12;
1505 3326 42 39 A
1577 3325 145 41 96888;
1786 3324 150 48 Scott,
1969 3324 265 39 Foresman
2266 3323 36 40 &
2333 3331 67 30 co.

467 3382 283 48 (36-38526)

382 3489 271 64 Preston,
682 3488 185 54 Helen
892 3487 276 66 Bradley.

456 3566 146 53 Blue
639 3571 125 49 nets
803 3566 114 54 and
959 3566 100 53 red
1099 3565 154 68 sails,
1289 3565 77 70 by
1404 3565 186 53 Helen
1632 3564 255 69 Bradley
1927 3564 272 65 Preston;
385 3562 1991 136 illustrated
622 3644 80 70 by
749 3644 299 70 Margaret
1098 3645 236 68 Temple
1388 3645 115 52 Bra
1511 3645 106 68 ley.
1704 3644 140 53 New
1897 3641 183 69 York,
2130 3642 272 63 Toronto,

384 3722 1051 71 Longmans, Green and co. [ c 1936]
454 3798 70 49 38,
556 3797 53 51 [2]
639 3808 44 38 p.
710 3797 111 41 incl.
852 3798 86 40 col.
967 3797 166 49 front.,
1160 3797 130 41 illus.
1319 3795 138 51 (part
1483 3796 114 50 col.)
1661 3796 118 41 24cm.

454 3854 290 41 Illustrated
778 3853 366 51 lining-papers.

456 3912 164 40 “First
648 3910 230 42 edition.”

388 3979 52 53 ©
464 3984 120 45 Aug.
610 3983 69 48 12,
706 3983 113 40 1936;
873 3982 67 41 2c.
968 3983 95 39 and
1089 3982 82 41 aff.
1196 3983 121 46 Aug.
1343 3982 56 40 25;
1453 3983 40 38 A
1519 3980 144 42 97518;
1719 3982 60 40 H.
1807 3982 53 39 B.
1891 3981 218 46 Preston,
2137 3977 261 49 Brooklyn,

456 4040 94 39 and
579 4041 251 46 Margaret
856 4040 197 46 Temple
1081 4039 192 47 Braley,
1302 4038 309 47 Larchmont,
1639 4038 56 40 N.
1723 4038 52 38 Y.
1843 4036 256 47 (36-27394)
