2519 4377
1027 4109 98 48 115

77 473 338 66 Matthews,
445 475 171 62 Mary
645 473 342 65 Lockwood,
1021 479 170 49 1882-

146 549 121 53 The
319 567 122 34 new
495 550 344 67 elementary
893 550 161 52 home
1113 549 322 55 economics.
1512 550 71 53 3d
1639 549 262 54 revision.
1978 553 87 64 By

77 627 1986 69 Mary Lockwood Matthews … Boston, Little, Brown, and
75 723 295 51 company,
401 709 150 50 1936.

146 788 77 37 xv,
253 777 82 41 623
362 787 42 38 p.
431 776 110 43 incl.
567 776 164 49 front.,
759 777 143 48 illus.,
928 776 179 49 diagrs.
1167 778 87 39 col.
1281 788 62 37 pl.
1402 776 58 41 19½
1490 779 44 22 cm
1538 808 9 9 .

147 833 285 48 Previously
462 833 255 49 published
750 834 153 39 under
933 834 135 40 title:
1101 834 312 48 Elementary
1445 835 139 39 home
1615 834 280 41 economics.

149 889 294 41 “Reference
476 890 146 41 books
655 890 80 40 for
767 890 278 41 teachers”:
1082 901 41 38 p.
1158 890 229 47 599-605;
1423 891 348 40 “References”
1806 894 50 37 at
1890 892 88 39 end
2019 892 50 38 of

78 957 140 38 every
247 949 105 40 unit
379 948 86 40 but
489 957 100 31 one.

72 1001 52 53 ©
154 1005 109 40 Feb.
294 1007 39 46 7,
364 1005 117 41 1936;
535 1006 67 40 2c.
633 1006 98 40 and
760 1005 81 41 aff.
872 1006 110 40 Feb.
1014 1006 82 47 11;
1129 1006 40 39 A
1199 1006 170 46 90707;
1404 1006 163 47 Little,
1599 1007 190 47 Brown,
1820 1007 99 40 and
139 1016 1913 94 company.
345 1062 250 49 (36-4492)

74 1138 346 64 Medworth,
453 1138 196 52 Frank
684 1137 261 64 Charles,
981 1143 170 50 1892-

143 1214 234 53 Animal
430 1215 279 67 drawing,
764 1216 72 66 by
892 1214 196 53 Frank
1142 1215 338 52 Medworth.
1571 1215 259 65 London,
1884 1214 186 53 Faber

77 1293 111 51 and
216 1292 202 64 Faber,
443 1291 224 55 limited
720 1296 151 62 [1935]

145 1362 1728 50 2 p. l., 7-230 p., 1 l. incl. front., illus., plates, diagrs. 21 × 16 cm .
73 1416 1980 109 © 1c. Jan. 9, 1936; A ad int. 21097; pubd. Nov. 14, 1935; F. C. Medworth, Hull, England. (36-4978)
75 1551 213 54 Michie
313 1568 304 50 company,
643 1552 479 67 Charlottesville,
1148 1553 102 52 Va.

75 1628 1993 147 Michie on banks and banking. 1936 supplement [for] volumes 1-9 … Charlottesville, Va., The Michie company, 1936.
142 1780 29 40 9
197 1792 43 29 v.
298 1780 54 39 22½
385 1783 44 20 cm
435 1813 8 7 .

143 1837 156 39 These
327 1838 272 47 pamphlets
630 1847 84 30 are
747 1839 47 38 to
825 1838 60 39 be
911 1836 142 41 fitted
1082 1836 101 41 into
1216 1838 84 39 the
1328 1837 196 48 pockets
1557 1838 54 39 at
1640 1837 86 40 the
1752 1836 123 40 back
1908 1837 50 39 of
1990 1838 85 38 the

73 1894 218 39 volumes
315 1893 51 40 of
393 1895 84 38 the
502 1896 73 37 set
602 1896 48 38 to
681 1894 160 39 which
867 1894 116 47 they
1008 1894 184 47 belong.

74 1946 52 53 ©
183 1961 75 29 Jan.
284 1951 68 47 14,
379 1950 113 40 1936;
545 1950 67 40 2c.
635 1951 116 39 each
778 1951 95 39 and
900 1950 80 40 aff.
1007 1951 109 39 Jan.
1143 1951 81 45 18;
1252 1951 41 38 A
1317 1949 170 47 90370;
1517 1949 178 41 Michie
1719 1959 68 31 co.

76 2026 206 64 Miller,
316 2027 158 63 Max,
510 2032 170 49 1901-

210 2101 1860 70 … Fog and men on Bering sea. [New York, E. P. Dutton
77 2183 45 50 &
149 2199 98 45 co.,
273 2182 127 66 inc.,
431 2184 150 63 1936]

146 2254 1351 51 4 p. l., 13-271, [1] p. illus. (maps) plates. 22½ cm .
151 2314 316 40 “Illustrated
489 2313 119 40 with
632 2314 214 47 pictures
869 2314 175 46 mostly
1067 2313 146 39 taken
1236 2314 60 46 by
1321 2312 95 40 Bill
1451 2311 208 50 (Ensign
1681 2312 56 40 A.
1761 2313 53 40 E.
1838 2311 228 49 Harned)

76 2370 92 40 and
200 2371 61 46 by
294 2369 84 42 Ole
418 2369 206 49 (Ensign
658 2370 183 48 George
873 2368 198 48 Olsson)

150 2427 161 40 “First
339 2426 226 41 edition.”

76 2479 51 53 ©
156 2484 110 39 Feb.
294 2483 68 48 21,
391 2482 139 49 1936;
561 2484 67 40 2c.
659 2484 96 39 and
784 2482 82 41 aff.
896 2484 110 39 Feb.
1036 2482 82 48 24;
1150 2483 42 39 A
1218 2481 170 49 90883;
1421 2484 52 38 E.
1505 2483 48 38 P.
1586 2483 187 39 Dutton
1804 2482 35 39 &
1868 2492 81 35 co.,
1981 2481 91 40 inc.

154 2539 250 49 (36-911)

77 2602 226 64 Milton,
335 2603 172 63 John,
543 2602 323 54 1608-1674.

147 2678 120 51 The
296 2695 189 50 poems
518 2677 62 53 of
613 2677 154 53 John
799 2677 238 66 Milton;
1074 2676 139 53 with
1246 2674 384 56 introduction
1666 2674 110 52 and
1811 2681 157 46 notes
2001 2674 72 67 by

79 2752 1993 70 James Holly Hanford … New York, T. Nelson & sons, 1936.
145 2825 1925 50 4 p. l., [V]-lxxxviii, 582 p. 19 cm . (Half-title: Nelson’s English series;
78 2883 192 47 general
296 2882 169 50 editor,
495 2883 52 41 E.
575 2882 301 48 Bernbaum)

151 2940 373 47 Bibliography:
559 2951 41 37 p.
635 2940 216 40 581-582.

78 2995 51 53 ©
162 3000 109 40 Feb.
302 3001 39 40 8,
373 2999 139 47 1936;
546 2999 67 40 2c.
646 3001 97 38 and
774 2999 81 40 aff.
889 3000 109 39 Feb.
1031 2999 81 47 10;
1148 3000 39 38 A
1219 2998 169 47 90703;
1423 3000 210 39 Thomas
1666 3000 178 39 Nelson
1879 2999 35 40 &
1947 3008 126 31 sons.

157 3055 249 49 (36-4939)

81 3119 213 64 Moore,
323 3118 336 53 Alexander
686 3118 207 63 Parks,
926 3124 169 49 1890-

149 3193 121 53 The
300 3211 169 50 genre
501 3192 259 68 poissard
794 3193 112 52 and
939 3193 95 52 the
1070 3193 222 52 French
1327 3198 157 62 stage
1517 3192 65 52 of
1616 3193 94 52 the
1746 3192 324 68 eighteenth

80 3275 251 64 century,
359 3270 77 69 by
461 3271 71 52 A.
562 3272 65 52 P.
656 3271 214 67 Moore,
988 3312 9 10 PH.
1066 3314 9 9 D.
1142 3270 138 52 New
1309 3269 181 68 York,
1518 3269 300 55 Columbia
79 3271 1970 146 university
226 3381 12 34 [
243 3355 19 21 c
266 3352 151 63 1935]

151 3422 60 46 vi,
239 3422 84 38 422
349 3431 44 38 p.
449 3421 161 50 front.,
635 3431 64 38 pl.
755 3421 56 40 20½
844 3423 44 22 cm
892 3454 9 9 .
968 3420 355 49 (Publications
1349 3421 53 40 of
1427 3422 84 40 the
1541 3420 234 41 Institute
1804 3420 53 41 of
1886 3420 187 41 French

82 3478 197 49 studies,
307 3479 115 47 inc.)

156 3534 165 42 Issued
350 3537 101 39 also
479 3547 54 29 as
560 3536 153 41 thesis
748 3536 106 47 (PH.
913 3538 34 45 D.)
984 3534 251 43 Columbia
1267 3535 283 49 university.

82 3589 52 52 ©
165 3594 101 40 Oct.
299 3595 68 46 10,
400 3595 140 46 1935;
574 3595 67 40 2c.
675 3597 92 37 and
801 3595 82 40 aff.
918 3596 110 40 Feb.
1062 3596 69 47 10,
1164 3594 140 48 1936;
1339 3597 39 38 A
1411 3595 143 41 91690;
1620 3597 51 39 G.
1707 3597 49 39 L.
1790 3597 105 39 Van
1930 3597 147 38 Roos

152 3651 184 47 broeck,
368 3653 117 38 New
516 3652 143 39 York.
732 3652 249 47 (36-4826)

85 3711 184 65 Morfi,
297 3714 154 52 Juan
479 3714 280 63 Agustín,
787 3715 53 51 d.
872 3717 149 51 1783.

155 3789 244 68 History
433 3789 62 52 of
529 3791 201 65 Texas,
767 3790 326 67 1673-1779,
1128 3791 74 68 by
1236 3791 156 67 Fray
1426 3790 155 54 Juan
1617 3791 253 67 Agustín
1905 3788 171 54 Morfi

148 3867 1932 69 … translated, with biographical introduction and annotations,
89 3944 1986 71 by Carlos Eduardo Castaneda … Albuquerque, The Quivira
87 4023 228 68 society,
346 4027 148 50 1935.
