2519 4377
1065 4056 99 54 567

120 438 299 63 Hubbard,
445 439 260 62 Wynant
730 436 202 54 Davis.

189 527 201 52 Fiasco
429 526 60 52 in
528 525 306 68 Ethiopia;
877 525 97 52 the
1011 529 156 63 story
1206 524 65 53 of
1310 543 30 33 a
1379 523 269 54 so-called
1687 541 120 34 war
1842 523 77 69 by
1958 541 32 34 a
121 540 1968 133 reporter

333 623 71 34 on
425 605 94 52 the
542 604 243 69 ground,
806 603 259 68 Wynant
1085 603 181 53 Davis
1290 602 299 54 Hubbard.
1652 602 136 53 New
1815 601 163 52 York
2002 600 111 54 and

116 684 256 64 London,
401 683 234 66 Harper
665 684 45 50 &
740 682 277 67 brothers,
1054 684 149 49 1936.

188 771 49 39 ix
266 781 56 38 p.,
351 770 17 39 3
439 800 8 16 l.,
475 768 99 49 391,
607 769 56 49 [1]
694 780 43 37 p.
794 770 170 47 plates,
993 770 150 47 ports.
1201 767 53 39 21
1259 770 45 21 cm
1309 800 8 8 .

189 840 161 40 “First
383 837 224 42 edition.”

118 906 53 52 ©
198 911 113 46 Apr.
340 909 68 47 23,
440 907 112 41 1936;
611 908 68 41 2c.
709 908 114 47 Apr.
852 907 59 39 22;
968 907 82 40 aff.
1081 908 114 47 Apr.
1224 906 55 41 25;
1340 908 45 46 A
1408 905 144 42 93796;
1613 907 192 47 Harper
1837 906 37 40 &
1903 906 126 42 bros.

196 965 249 51 (36-9831)

117 1084 314 65 Hutchins,
458 1085 221 52 Robert
706 1084 309 63 Maynard,
1048 1088 168 50 1899-

186 1176 87 51 No
306 1173 253 68 friendly
594 1172 172 70 voice,
798 1174 72 67 by
903 1173 214 52 Robert
1145 1173 288 67 Maynard
1465 1172 304 53 Hutchins.
1843 1170 272 70 Chicago,

117 1253 111 66 Ill.,
256 1253 120 51 The
403 1250 338 69 University
769 1250 64 54 of
860 1250 251 69 Chicago
1141 1268 155 49 press
1330 1253 172 64 [1936]

187 1326 99 47 viii,
314 1326 97 46 196,
441 1327 55 48 [1]
524 1336 42 38 p.
615 1325 57 41 23½
704 1327 45 22 cm
753 1357 10 8 .

118 1393 52 52 ©
199 1398 121 38 Mar.
350 1397 68 46 17,
447 1396 139 45 1936;
616 1395 69 40 2c.
716 1396 94 38 and
841 1394 82 41 aff.
954 1395 121 40 Mar.
1105 1393 82 48 23;
1220 1394 40 39 A
1290 1392 170 48 92452;
1495 1393 282 49 University
1806 1394 51 40 of
1888 1393 225 50 Chicago,

189 1454 222 47 Chicago.
482 1451 279 49 (36-27141)

116 1557 242 64 Hyslop,
387 1555 271 54 Beatrice
688 1557 137 64 Fry,
857 1562 169 48 1899-

186 1649 56 50 A
269 1645 171 70 guide
469 1650 56 50 to
554 1646 95 52 the
680 1648 228 66 general
938 1644 217 53 cahiers
1185 1644 62 53 of
1280 1647 151 64 1789,
1455 1645 139 52 with
1623 1645 94 51 the
1745 1650 147 48 texts
1922 1645 65 51 of
116 1663 1973 115 unedited
340 1724 235 66 cahiers,

609 1724 76 68 by
723 1723 259 53 Beatrice
1018 1724 119 68 Fry
1173 1723 245 69 Hyslop.
1493 1723 137 53 New
1668 1722 180 68 York,
118 1722 1973 135 Columbia
238 1802 316 68 university
584 1820 173 50 press,
788 1805 150 51 1936.

187 1875 1375 51 xiv, [2], 474 p., 1 l. maps (1 fold.) facsims. 23½ cm .
189 1933 347 48 Bibliography:
594 1944 43 38 p.
684 1932 254 51 [441]-[463]

118 1999 52 53 ©
205 2005 113 47 Apr.
354 2004 69 47 28,
460 2002 116 41 1936;
637 2003 69 40 2c.
742 2004 112 47 Apr.
892 2002 58 39 29;
1013 2002 83 41 aff.
1133 2003 114 47 Apr.
1284 2002 59 41 30;
1405 2004 40 38 A
1482 2002 143 40 94225;
1692 2003 251 41 Columbia
1984 2003 130 42 univ.

187 2071 149 37 press.
408 2060 250 49 (36-9986)

116 2164 238 53 Illinois.
429 2165 308 65 Appellate
768 2171 201 46 courts.

188 2254 1925 70 Reports of cases determined … with a directory of the
118 2334 286 66 judiciary
433 2334 62 53 of
525 2334 94 51 the
650 2339 144 47 state
824 2334 111 52 and
969 2334 276 52 abstracts
1275 2333 62 52 of
1369 2351 150 35 cases
1550 2334 331 67 designated
1912 2335 75 67 by
2018 2335 98 52 the

118 2410 1970 146 courts as not to be reported in full. v. 282, a. d. 1936 … Reported by Basil Jones. Chicago,
1206 2489 321 66 Callaghan
1557 2493 45 49 &
1633 2508 296 49 company,
1962 2494 150 50 1936.

189 2562 81 46 lxi,
300 2561 83 40 672
446 2594 7 7 p.
508 2560 55 41 23
567 2563 44 20 cm
617 2594 7 8 .

120 2627 52 52 ©
196 2633 112 46 May
330 2632 69 48 21,
423 2630 113 41 1936;
587 2631 66 40 2c.
679 2632 95 38 and
798 2631 82 40 aff.
905 2632 113 47 May
1041 2630 54 41 23;
1151 2632 40 38 A
1214 2630 145 41 95338;
1410 2631 270 48 Callaghan
1704 2632 38 40 &
1764 2642 67 31 co.
1905 2630 119 43 3632

118 2735 210 53 Jaufre
363 2735 342 66 {Provençal
730 2737 289 64 romance)

186 2826 215 67 Jaufry
433 2826 97 53 the
561 2825 210 68 knight
803 2825 112 53 and
950 2826 94 54 the
1080 2826 116 52 fair
1232 2824 408 69 Brunissende;
1674 2827 186 67 newly
1893 2826 219 54 revised

124 2906 144 51 from
307 2906 95 51 the
436 2904 247 69 original
719 2904 314 53 Provencal
1068 2905 76 66 by
1181 2905 230 53 Vernon
1452 2905 156 64 Ives;
1649 2906 356 52 decorations
2039 2904 72 69 by

118 2983 154 53 John
302 2983 300 52 Atherton.
701 2982 138 53 [New
872 2981 179 68 York]
1089 2982 256 67 Holiday
1376 2983 190 65 house,
1600 2986 147 49 1935.

185 3054 736 51 5 p. l. , 124 p. illus. 19½cm.
121 3121 52 52 ©
197 3125 101 41 Oct.
323 3125 69 47 28,
418 3124 139 43 1935;
584 3124 67 41 2c.
680 3126 94 38 and
801 3124 81 40 aff.
911 3126 106 38 Mar
1057 3124 70 47 20,
1153 3124 141 47 1936;
1323 3125 40 38 A
1389 3124 171 49 92374;
1590 3125 213 48 Holiday
1830 3126 165 46 house,
2023 3124 91 42 inc.

201 3181 279 48 (36-27175)

119 3284 252 53 Kansas.
446 3284 277 65 Supreme
750 3290 173 47 court.

122 3374 1990 145 Reports of cases argued and determined … Published under authority of law by direction of the Supreme court of
122 3530 239 52 Kansas.
436 3530 257 52 Howard
734 3530 65 53 F.
840 3529 232 66 McCue,
1114 3529 198 54 official
1354 3535 270 62 reporter,
1702 3529 109 55 vol.
1857 3533 257 63 140-141,

123 3607 141 66 July
304 3608 49 52 7.
397 3611 149 51 1934,
587 3611 56 48 to
688 3608 149 53 June
879 3609 47 56 7,
973 3611 147 49 1935.
1196 3608 250 66 Topeka,
1489 3607 240 54 Printed
1771 3608 75 66 by
1888 3609 226 52 Kansas

123 3691 141 45 state
295 3683 261 67 printing
587 3684 180 66 plant,
799 3687 88 52 W.
923 3685 61 54 C.
1016 3683 228 68 Austin,
1275 3690 142 48 state
1451 3686 238 65 printer,
1723 3688 149 50 1935.

194 3758 26 36 2
248 3768 42 28 v.
345 3755 53 40 23
403 3758 43 21 cm
451 3786 8 8 .

124 3837 42 29 v.
193 3825 97 47 140,
317 3821 53 53 ©
395 3827 101 40 Oct.
522 3827 68 47 23,
617 3826 114 41 1935;
784 3827 67 40 2c.
878 3828 117 40 Nov.
1021 3826 30 40 9;
1104 3827 81 41 aff.
1215 3829 77 38 May
1352 3828 69 44 23,
1450 3827 114 40 1936;
1619 3838 44 29 v.
1690 3827 99 48 141,
1817 3823 53 53 ©
1898 3828 119 40 Nov.
2043 3827 71 48 25,

195 3883 139 45 1935;
373 3882 66 41 2c.
479 3884 111 40 Dec.
628 3883 82 46 16;
751 3883 81 41 aff.
873 3885 112 46 May
1024 3883 68 45 23,
1132 3883 140 47 1936;
1314 3885 40 37 A
1391 3882 158 45 94569,
1592 3883 169 46 94570;
1805 3884 216 39 Howard
2062 3883 51 40 F.

199 3938 189 41 McCue.
417 3942 229 46 reporter,
676 3940 80 38 for
782 3941 81 39 the
890 3940 173 40 benefit
1092 3940 51 40 of
1171 3941 84 39 the
1281 3942 128 38 state
1434 3940 53 39 of
1514 3941 206 47 Kansas,
1750 3940 208 46 Topeka,
1988 3940 125 39 Kan.
