2519 4377
1003 4116 132 52 1037

72 550 172 56 cunmlative
284 552 208 54 annual
530 552 200 68 packet
770 555 174 64 parts,
1038 551 221 53 volume
1298 555 46 48 2.
1387 551 201 54 Public
1628 550 194 54 health
1860 554 57 47 to

74 540 1966 153 Offenses
292 631 221 66 against
551 631 94 51 the
684 648 217 49 person,
938 628 223 55 articles
1198 634 98 47 695
1331 636 57 48 to
1427 632 148 49 1268.
1651 630 224 52 Kansas
1914 629 153 67 City,

72 708 132 65 Mo.,
226 709 230 52 Vernon
484 708 107 52 law
615 708 148 52 book
785 725 295 49 company,
1110 711 148 49 1936.

142 794 58 47 vi,
233 793 84 41 794
347 804 41 37 p.
448 794 116 40 26cm.

73 854 1994 69 © July 28, 1936; 2c. and aff. Aug. 17; A 96967; Vernon law book co.
146 919 279 54 [Copyright
452 920 42 38 is
516 918 206 42 claimed
748 930 60 29 on
836 919 208 41 revision
1073 919 95 41 and
1192 919 263 51 additions]

72 1039 286 62 Thoreau,
387 1040 204 62 Henry
620 1038 208 65 David,
862 1042 322 54 1817-1862.

145 1128 272 65 Walden;
454 1147 79 46 or,
566 1128 135 54 Life
734 1128 59 54 in
827 1130 97 51 the
957 1128 209 68 woods,
1198 1129 75 68 by
1307 1129 201 68 Henry
1543 1127 193 55 David
1771 1129 294 68 Thoreau;

76 1205 323 56 illustrated
429 1205 137 54 with
600 1206 393 70 photographs
1023 1207 168 52 taken
1223 1214 57 46 at
1312 1207 227 53 various
1571 1223 222 39 seasons
1823 1214 58 47 at
77 1198 1962 148 Walden

220 1283 156 69 pond
411 1284 74 67 by
526 1282 254 55 Edward
820 1282 263 55 Steichen
1123 1283 113 54 and
1274 1282 141 55 with
1454 1304 69 34 an
1567 1282 385 56 introduction
1992 1285 75 68 by

76 1358 200 70 Henry
327 1359 186 55 Seidel
562 1361 215 69 Canby.
854 1361 232 65 Boston,
1133 1360 240 55 Printed
1422 1369 58 47 at
1527 1363 95 52 the
1670 1363 398 70 Merrymount

77 1455 155 51 press
268 1438 93 53 for
396 1439 92 52 the
526 1438 274 54 members
835 1439 62 52 of
932 1438 95 55 the
1064 1436 248 56 Limited
1349 1437 244 57 editions
1628 1439 146 66 club,
1814 1443 147 50 1936.

144 1520 865 54 xiii, 290 p., 1 l. plates. 25½c m .
147 1591 1922 58 “Fifteen hundred copies have been made … the illustrations being
78 1648 1989 58 reproduced from photographs made … by Edward Steichen who here
76 1706 158 48 signs:
270 1707 237 41 Steichen.
568 1707 118 40 This
718 1718 117 39 copy
867 1709 203 41 number
1102 1710 264 48 Copyright
1396 1710 162 49 copy.”

76 1775 52 55 ©
160 1781 125 39 June
317 1781 68 42 18.
419 1780 140 43 1936;
592 1781 67 39 2c.
694 1781 115 48 July
841 1782 82 43 22;
959 1783 82 40 aff.
1074 1783 116 48 July
1223 1784 79 40 18:
1339 1785 40 40 A
1409 1784 146 41 97098;
1619 1786 208 40 Limited
1861 1785 211 43 editions

144 1837 122 47 club,
298 1836 104 49 inc.,
436 1838 114 40 New
584 1839 142 39 York.
792 1837 279 52 [Copyright
1100 1839 42 40 is
1174 1840 205 40 claimed
1413 1852 58 29 on
1506 1851 104 30 new
1644 1844 193 49 matter]

156 1893 277 49 (36-17372)

75 1996 266 65 Tillman,
369 1998 241 56 Carroll.

149 2082 1923 79 How to invest $2000, by Carroll Tillman … Boston, Mass.,
77 2161 308 57 Economic
418 2161 383 72 publications
834 2164 417 70 incorporated,
1288 2169 149 51 1936.

149 2247 617 52 2 p. l., 9-115 p. 15½ cm .
79 2317 52 55 ©
160 2323 113 46 July
304 2322 70 43 24,
405 2321 139 48 1936;
577 2323 67 40 2c.
675 2323 96 40 and
802 2325 82 40 aff.
916 2324 114 47 July
1060 2326 82 46 28;
1173 2327 38 38 A
1241 2326 144 42 97178:
1448 2327 254 42 Economic
1733 2329 342 50 publications,

147 2378 91 41 inc.
300 2378 279 47 (36-17303)

77 2478 411 68 Timoshenko,
518 2482 279 66 Stephen,
828 2485 169 55 1878-

148 2571 1924 79 Theory of elastic stability, by S. Timoshenko … 1st ed.
80 2649 138 54 New
266 2650 161 54 York
474 2652 112 53 and
632 2653 258 68 London,
937 2653 430 58 McGraw-Hill
1412 2658 147 53 book
1605 2679 296 51 company,
1948 2664 125 68 inc.,

82 2732 147 51 1936.

152 2825 76 37 XV,
274 2813 85 42 518
402 2825 41 37 p.
503 2813 143 48 illus.,
689 2817 179 48 diagrs.
928 2818 55 42 23½
1016 2821 44 21 cm
1064 2849 8 9 .
1143 2819 300 52 (Half-title:
1484 2824 325 51 Engineering
1852 2829 223 42 societies

83 2870 348 51 monographs;
460 2872 59 42 H.
549 2874 69 42 W.
650 2874 193 50 Craver,
872 2876 274 50 consulting
1171 2879 182 49 editor)

153 2942 413 50 Bibliographical
595 2944 277 42 foot-notes.

81 3008 1998 73 © June 19, 1936; 2c. June 23: aff. June 25; A 95809; United engineering
151 3072 223 46 trustees,
403 3071 105 44 inc.,
536 3073 114 38 New
680 3073 142 41 York.
890 3073 279 53 (36-17354)

80 3173 246 65 Turner,
354 3176 152 51 John
534 3176 224 63 Victor,
789 3184 168 50 1900-

157 3264 1919 84 Below the clock, by J. V. Turner … New York, London.
87 3341 70 52 D.
187 3341 578 71 Appleton-Century
792 3362 295 53 company,
1112 3350 415 71 incorporated,
1557 3359 150 52 1936.

157 3429 101 48 viii,
287 3428 86 42 280
402 3440 43 37 p.
501 3428 58 42 19½
588 3432 45 21 cm
637 3462 9 7 .
708 3430 159 51 [Tired
895 3433 221 43 business
1143 3437 153 41 man's
1324 3438 185 52 library
1535 3443 53 41 of
1612 3447 281 44 adventure,
88 3445 1971 91 detective
211 3486 95 40 and
332 3486 213 47 mystery
571 3488 180 50 novels]

85 3552 1993 79 © July 31, 1936; 2c. Aug. 4; aff. Aug. 5; A 96762; D. Appleton-Century
154 3623 82 37 co.,
265 3612 90 40 inc.
422 3613 281 48 (36-17323)

159 3713 185 68 Bring
378 3713 100 53 ’em
508 3714 142 52 back
682 3716 161 68 dead,
874 3718 73 69 by
978 3720 192 55 David
1201 3723 192 56 Hume
1486 3730 152 54 [pseud.]
1730 3735 137 53 New
1902 3739 176 69 York,

89 3789 255 58 London,
374 3791 70 52 D.
475 3791 577 73 Appleton-Century
1081 3816 297 55 company,
1405 3807 420 69 incorporated,
1858 3819 151 51 1936.

161 3862 1902 71 vi p., 1 l., 279 p. 19½cm. [Tired business man’s library of adventure
91 3918 235 43 detective
355 3922 94 38 and
477 3923 215 46 mystery
715 3924 180 50 novels]

89 3983 52 53 ©
169 3990 114 45 July
310 3991 68 44 31,
406 3990 137 43 1936;
573 3991 66 39 2c.
669 3992 118 47 Aug.
817 3996 52 44 4;
901 3995 82 42 aff.
1012 3997 118 46 Aug.
1163 4001 52 46 5;
1246 4002 40 38 A
1314 4001 171 46 96761:
1517 4008 56 39 D.
1604 4010 441 50 Appleton-Century

159 4055 82 38 co.,
268 4044 91 43 inc.
424 4046 280 49 (36-17324)
