2519 4377
1190 4135 134 50 1446

244 440 246 66 Garber,
519 441 117 53 Lee
665 438 237 66 Orville,
933 445 172 49 1900-

315 518 327 54 Education
676 536 61 35 as
770 536 32 35 a
835 516 266 55 function
1132 517 65 53 of
1228 517 97 54 the
1357 520 172 63 state;
1566 516 74 53 its
1672 517 150 67 legal
1856 514 404 70 implications,

243 593 2013 72 by Lee O. Garber … Minneapolis, Philadelphia, Educational
244 682 109 48 test
378 676 234 66 bureau,
636 676 109 53 inc.
781 708 13 34 [
799 680 18 22 c
823 678 135 50 1934]

318 749 102 47 viii,
448 748 56 41 99
531 759 44 37 p.
636 746 56 42 23
696 749 44 21 cm
745 778 10 10 .
825 746 304 50 (Half-title:
1155 746 327 41 Educational
1509 746 341 49 monographs,
1911 756 74 30 no.
2014 745 52 48 3)

319 805 148 41 “This
496 805 302 47 monograph
827 804 43 41 is
899 805 83 40 the
1013 814 250 38 summary
1293 804 52 40 of
1375 815 27 30 a
1435 803 318 42 dissertation
1786 803 257 49 presented
2074 802 80 40 for
2184 804 83 40 the

246 865 174 47 degree
449 862 51 40 of
531 863 170 39 doctor
728 861 52 40 of
806 860 290 50 philosophy
1124 862 51 39 at
1203 862 80 40 the
1314 860 285 49 University
1628 860 51 41 of
1705 859 452 49 Chicago.”—Pref.

320 918 265 42 Published
613 919 106 40 also
743 918 116 41 1934
886 919 155 40 under
1067 918 137 41 title:
1234 918 102 40 The
1362 918 127 50 legal
1518 917 330 49 implications
1877 917 51 41 of
1956 918 83 40 the
2067 921 197 45 concept

249 978 51 41 of
326 976 261 42 education
613 987 56 30 as
696 987 28 30 a
749 976 226 41 function
1000 976 51 41 of
1075 977 82 39 the
1184 977 144 40 state.

321 1032 416 43 “Constitutional
768 1032 373 42 conventions”:
1174 1044 43 37 p.
1251 1033 191 51 [73]-75.

321 1090 136 41 “List
487 1090 52 42 of
568 1089 196 42 cases”:
796 1100 44 39 p.
874 1089 190 50 [76]-94.

321 1147 381 49 Bibliography:
733 1158 44 38 p.
808 1145 192 51 [95]-99.

247 1214 54 54 ©
329 1217 111 43 Feb.
469 1218 69 47 13,
568 1216 145 50 1934;
742 1217 69 40 2c.
840 1217 122 48 Aug.
991 1217 72 49 26,
1093 1216 142 49 1936;
1269 1217 83 41 aff.
1387 1218 127 48 Sept.
1546 1217 84 50 25;
1664 1219 43 39 A
1734 1217 172 49 99059;
1941 1215 326 44 Educational

314 1278 98 40 test
439 1274 199 51 bureau,
667 1274 92 41 inc.
830 1273 285 51 (36-22489)

246 1379 229 65 Gilkey,
502 1379 207 54 James
736 1379 255 65 Gordon,
1022 1384 171 51 1889-

319 1454 1887 72 Getting help from religion, by James Gordon Gilkey …
249 1536 139 53 New
420 1534 180 68 York,
633 1534 124 54 The
786 1534 338 54 Macmillan
1157 1552 300 51 company,
1491 1538 151 50 1936.

321 1609 88 42 viii
436 1621 58 39 p.,
523 1609 27 41 2
614 1642 9 17 l.,
651 1608 87 43 185
765 1621 45 38 p.
868 1608 59 42 19½c
973 1612 27 22 m
1006 1643 9 8 .

323 1667 163 41 “First
521 1666 263 50 printing.”

248 1732 53 55 ©
329 1737 103 42 Oct.
461 1737 39 49 6,
528 1737 119 42 1936;
701 1738 68 40 2c.
799 1738 96 39 and
926 1737 81 40 aff.
1039 1737 104 42 Oct.
1171 1739 53 47 7;
1256 1739 41 38 A
1324 1736 173 50 99205;
1529 1738 284 40 Macmillan
1842 1748 68 30 co.

328 1794 283 50 (36-22371)

248 1899 247 66 Greene,
518 1900 237 54 Arthur
782 1901 283 64 Maurice,
1095 1902 172 54 1872-

319 1977 324 69 Principles
681 1978 65 53 of
782 1978 256 68 heating,
1077 1978 350 69 ventilating
1463 1979 114 53 and
1618 1977 85 54 air
1743 1978 415 69 conditioning,
2193 1980 75 67 by

246 2055 2019 70 Arthur M. Greene jr. … New York, J. Wiley & sons, inc.;
248 2137 260 65 London,
537 2135 304 66 Chapman
868 2139 45 51 &
938 2136 162 66 Hall,
1126 2135 244 67 limited,
1398 2138 150 52 1936.

322 2209 82 42 vii.
436 2208 87 41 446
552 2220 44 38 p.
658 2208 144 50 illus.,
836 2208 179 50 diagrs.
1077 2208 55 41 23½
1166 2210 45 21 cm
1216 2241 9 8 .
1342 2206 135 52 $4.50

325 2266 257 41 “Answers
610 2267 53 40 to
690 2265 301 49 problems”:
1022 2277 43 37 p.
1091 2265 220 42 429-431.

249 2319 53 55 ©
338 2324 130 48 Sept.
504 2323 71 48 23,
608 2323 143 47 1936;
788 2322 68 42 2c.
891 2323 97 40 and
1024 2322 82 42 aff.
1144 2323 129 48 Sept.
1308 2322 81 49 28;
1428 2322 82 42 aff.
1549 2324 126 48 Sept.
1712 2323 82 49 25;
1834 2324 39 39 A
1905 2323 173 49 99030;
2113 2325 57 42 A.
2207 2326 62 40 M.

321 2381 201 49 Greene,
547 2380 78 49 jr.,
652 2379 279 50 Princeton,
956 2381 57 41 N.
1043 2380 42 40 J.
1157 2379 282 49 (36-22500)

249 2484 251 67 Grooch,
527 2484 260 56 William
815 2483 283 66 Stephen,
1127 2490 171 51 1889-

324 2559 254 72 Skyway
609 2567 59 48 to
702 2558 162 72 Asia,
896 2561 76 69 by
1003 2560 264 56 William
1303 2560 254 69 Stephen
1593 2561 245 55 Grooch.
1910 2561 140 53 New
2086 2561 181 67 York,

251 2639 274 60 Toronto,
549 2640 350 68 Longmans,
927 2639 188 55 Green
1144 2639 115 54 and
1286 2657 99 50 co.,
1413 2642 152 51 1936.

322 2724 33 28 x
377 2723 59 39 p.,
461 2713 27 40 1
548 2744 8 16 l.,
581 2712 88 41 205
693 2722 44 39 p.
798 2713 165 48 front.,
988 2713 173 49 plates.
1220 2711 57 42 22
1281 2715 44 21 cm
1330 2746 7 8 .

323 2769 116 49 Map
465 2780 62 30 on
551 2769 341 49 lining-paper.

327 2826 147 42 “This
502 2826 42 42 is
574 2827 82 40 the
686 2828 136 45 story
850 2826 53 41 of
933 2827 82 41 the
1046 2826 108 41 first
1184 2826 157 41 North
1373 2826 174 41 Haven
1576 2826 294 49 expedition,
1901 2826 287 49 dispatched
2219 2829 49 39 to

252 2880 135 44 build
420 2883 309 42 commercial
760 2882 76 42 air
866 2883 143 42 bases
1040 2892 166 33 across
1239 2884 83 40 the
1354 2881 178 44 Pacific
1564 2882 531 44 ocean.”—Foreword.

326 2939 164 42 “First
515 2940 230 41 edition.”

251 2994 54 54 ©
335 2999 127 48 Sept.
490 2998 41 52 2,
555 2997 144 49 1936;
728 2999 69 41 2c.
826 2999 95 39 and
949 2998 82 41 aff.
1064 2999 128 48 Sept.
1219 3000 54 47 4;
1304 2999 39 39 A
1372 2998 172 49 98275;
1575 3001 71 39 W.
1680 3000 43 41 S.
1755 3000 202 51 Grooch,
1993 3001 97 41 San
320 3000 1933 97 Francisco.
533 3055 285 50 (36-27402)
2060 3054 118 44 9205

251 3160 187 65 Halle,
465 3161 181 54 Louis
673 3160 243 65 Joseph,
947 3166 172 50 1910-

319 3235 523 70 Transcaribbean;
882 3255 31 34 a
950 3237 183 53 travel
1168 3236 148 53 book
1351 3236 64 53 of
1451 3236 360 68 Guatemala,
1851 3237 74 52 El
1965 3235 302 69 Salvador,

251 3312 220 56 British
498 3314 317 54 Honduras
865 3314 92 70 [by]
986 3314 174 54 Louis
1186 3315 55 54 J.
1267 3314 193 69 Halle,
1486 3315 70 69 jr.
1619 3315 139 52 New
1786 3314 181 69 York,
1994 3315 271 66 Toronto,

249 3391 347 70 Longmans,
625 3391 189 56 Green
846 3393 114 53 and
990 3411 99 50 co.,
1121 3395 152 50 1936.

318 3464 100 47 viii,
446 3465 85 41 311
559 3476 43 38 p.
664 3464 163 50 front.,
856 3465 128 41 illus.
1016 3466 159 49 (map)
1212 3467 173 48 plates,
1412 3468 149 46 ports.
1622 3465 56 40 22
1682 3468 44 22 cm
1730 3498 8 8 .

319 3521 163 44 “First
510 3521 232 43 edition.”

252 3576 56 55 ©
339 3582 130 49 Sept.
503 3582 71 49 22,
610 3581 143 50 1936;
788 3581 68 42 2c.
892 3582 97 40 and
1023 3582 82 42 aff.
1143 3582 101 42 Oct.
1279 3583 82 43 10;
1399 3584 39 38 A
1472 3582 171 48 98876;
1681 3584 50 40 L.
1768 3584 43 40 J.
1848 3583 160 49 Halle,
2040 3582 76 49 jr.,
2151 3583 118 40 New

324 3638 215 50 Canaan,
566 3639 149 42 Conn.
786 3638 258 49 (36-22484
1056 3639 14 49 )

252 3742 183 63 Hard,
463 3742 230 55 Walter
717 3744 69 54 R.

320 3817 142 54 This
489 3817 46 54 is
563 3818 298 68 Vermont,
886 3818 78 70 by
989 3818 223 55 Walter
1241 3819 110 52 and
1381 3819 295 68 Margaret
1707 3818 199 67 Hard;
1938 3816 326 54 illustrated

250 3893 138 55 with
423 3898 67 50 32
523 3895 398 70 photographs
957 3897 113 53 and
1109 3896 64 54 17
1208 3896 434 68 reproductions
1678 3896 64 52 of
1779 3895 296 70 paintings
2111 3894 152 54 from

250 3971 277 56 Vermont
563 3979 90 48 art
689 3974 264 54 exhibits.
1027 3974 385 69 Brattleboro,
1449 3975 114 67 Vt.,
1603 3973 250 69 Stephen
1892 3974 163 69 Daye
2091 3991 172 50 press.

253 4052 150 53 1936.
