2519 4377
1287 4116 101 51 524

329 443 256 62 Morton,
619 443 208 62 Henry
860 442 237 54 Canova
1131 440 247 64 Vollam,
1414 446 172 51 1892-

402 518 122 53 The
562 518 109 54 call
709 518 65 54 of
811 518 291 69 England,
1139 518 75 68 by
1252 519 76 53 H.
1367 520 70 54 V.
1477 519 262 66 Morton;
1779 517 142 54 with
1958 518 381 53 illustrations

333 596 1804 69 and map … New York, Dodd, Mead & company, 1936.
406 671 50 39 xi
493 681 57 38 p.,
586 671 25 38 1
670 701 23 16 l.,
729 669 176 41 15-276
940 681 43 37 p.
1043 669 165 49 front.,
1244 670 157 48 plates
1430 668 138 50 (part
1604 669 199 50 double)
1871 669 59 40 22½
1959 671 46 22 cm
2011 702 8 10 .

406 730 139 46 Maps
577 738 59 30 on
671 727 364 49 lining-papers.

408 785 148 40 “This
588 784 139 49 book,
761 783 98 42 like
893 784 65 40 its
992 783 300 50 companion,
1328 785 58 39 In
1419 784 171 40 search
1624 784 53 41 of
1709 784 238 49 England,
1980 784 43 40 is
2059 784 81 40 the
2176 785 166 40 record

335 841 51 40 of
421 852 27 30 a
482 842 169 39 rather
687 841 284 48 haphazard
1009 844 261 38 motor-car
1304 842 200 47 holiday
1538 840 50 41 in
1624 840 461 49 spring.”—Introd.

331 896 53 53 ©
416 901 121 40 Mar.
567 900 70 46 31,
670 898 114 42 1936;
845 899 66 41 2c.
940 901 114 46 Apr.
1086 901 52 42 3;
1173 899 81 41 aff.
1287 901 114 47 Apr.
1434 900 82 46 14;
1550 900 40 38 A
1622 897 171 49 93683;
1829 899 155 49 Dodd,
2019 900 141 39 Mead
2194 899 36 40 &
2261 908 83 40 co.,

400 957 90 42 inc.
555 956 281 51 [Copyright
870 957 41 40 is
946 957 205 40 claimed
1185 969 59 29 on
1275 956 348 51 illustrations]
1697 956 253 49 (36-9522)

329 1048 292 64 Navarro,
650 1050 170 51 Mme.
848 1048 175 64 Mary
1053 1048 374 65 (Anderson)
1464 1048 88 64 de,
1583 1053 172 49 1859-

401 1126 296 53 Incidents
733 1126 129 52 that
897 1127 145 51 have
1078 1127 307 52 interested
1422 1143 116 49 me;
1580 1124 338 68 continuing
1956 1144 103 35 our
2096 1128 246 49 extracts

331 1205 154 52 from
523 1205 98 52 the
655 1204 427 53 reminiscences
1122 1204 63 52 of
1223 1205 172 66 Mary
1433 1204 303 53 Anderson
1788 1204 295 67 (Madame
2121 1205 68 51 de
330 1205 1988 145 Navarro)
619 1283 364 67 [Instalment
1006 1286 49 64 2]

430 1357 58 38 (In
524 1352 136 44 Good
693 1352 388 52 housekeeping,
1115 1351 160 52 April,
1312 1352 143 50 1936)

331 1409 2014 53 © 1c. May 27, 1936; A ad int. 21464; pubd. Mar. 31; M. A. Navarro,
404 1472 290 46 Broadway,
720 1469 424 48 Worcestershire,
1171 1469 237 48 England.

330 1561 145 54 New
503 1560 267 56 Orleans.
848 1561 134 66 City
1009 1560 235 54 council.

401 1636 139 54 New
582 1635 244 56 Orleans
867 1636 60 53 in
972 1638 163 65 1805;
1182 1655 30 33 a
1254 1635 288 69 directory
1584 1635 114 53 and
1740 1653 31 34 a
1814 1652 224 50 census;
2082 1634 262 69 together

331 1714 139 54 with
510 1715 340 54 resolutions
891 1714 369 70 authorizing
1296 1732 169 50 same,
1505 1731 129 36 now
1672 1714 232 68 printed
1948 1713 94 53 for
2081 1714 97 53 the
2218 1713 124 54 first

331 1794 135 53 time
491 1794 153 53 from
665 1794 95 53 the
785 1794 247 69 original
1058 1793 372 68 manuscript.
1492 1793 321 54 Facsimile.
1871 1793 165 54 With
2066 1812 71 34 an
331 1790 1987 136 introduction
608 1873 76 70 by
732 1872 237 55 Charles
1013 1873 65 53 L.
1126 1873 349 67 Thompson.
1558 1871 138 54 New
1746 1871 261 70 Orleans,
2054 1872 120 69 La.,
2222 1872 122 53 The

334 1954 234 54 Pelican
595 1954 240 69 gallery,
863 1952 128 69 inc.,
1024 1955 149 52 1936.

403 2025 84 41 107
520 2036 43 39 p.
597 2026 110 40 incl.
744 2025 135 41 front.
923 2025 239 49 (facsim.)
1232 2024 55 40 26
1292 2027 43 20 cm
1340 2057 9 8 .
1413 2024 330 50 [Heartman’s
1779 2023 253 41 historical
2070 2024 164 49 series,
2269 2034 75 30 no.

328 2082 71 52 48]

404 2139 298 50 “Copyright
725 2140 203 40 number
954 2141 54 39 of
1032 2140 303 47 ninety-nine
1366 2141 158 47 copies
1552 2139 239 48 printed.”

403 2196 185 43 Census
623 2198 147 41 taken
808 2198 61 48 by
905 2197 240 42 Matthew
1181 2198 244 47 Flannery
1462 2199 155 39 under
1653 2198 81 41 the
1771 2198 363 41 authorization
2173 2198 52 41 of
2262 2200 83 39 the

331 2253 111 51 City
473 2257 188 40 council
688 2257 51 40 of
766 2257 117 40 New
910 2255 217 48 Orleans,
1158 2255 128 43 1805.

402 2316 103 42 The
528 2316 243 49 directory
800 2317 64 48 (p.
890 2316 169 48 19-30)
1093 2315 233 49 compiled
1353 2317 60 47 by
1440 2317 170 48 Dolley
1638 2318 60 39 M.
1726 2318 271 39 Heartman
2025 2318 41 40 is
2094 2330 60 28 an
331 2318 1993 93 alphabetical
534 2374 344 44 arrangement
902 2372 52 39 of
977 2372 81 40 the
1084 2382 165 30 names
1275 2372 143 40 listed
1444 2372 48 39 in
1519 2373 83 39 the
1626 2382 172 30 census
1825 2375 164 45 report
2016 2374 151 39 under
2192 2374 151 39 street

332 2428 227 40 numbers
586 2429 126 46 only.

332 2484 53 52 ©
416 2489 122 39 Mar.
569 2488 69 47 20,
672 2487 114 41 1936;
846 2489 68 40 2c.
947 2489 121 39 Mar.
1100 2488 83 47 27;
1219 2488 82 41 aff.
1333 2490 115 47 Apr.
1480 2489 52 47 6;
1567 2490 41 38 A
1639 2489 172 48 93561;
1848 2491 203 41 Charles
2086 2492 51 40 F.
399 2492 1929 100 Heartman,
554 2546 119 39 New
700 2545 218 41 Orleans.
987 2545 251 49 (36-9542)

0 0 0 0 0
329 2621 196 53 North
555 2622 254 52 Dakota.
884 2622 279 66 Supreme
1192 2628 175 47 court.

403 2699 1939 71 Reports of cases decided … September 17, 1934 to August
335 2780 81 59 12,
463 2781 150 49 1935.
709 2777 93 66 (79
849 2779 178 64 cases)
1120 2779 67 52 E.
1235 2780 55 53 J.
1337 2778 233 67 Taylor,
1616 2784 272 61 reporter.
1969 2779 244 55 Volume
2260 2784 81 50 65.

333 2856 326 57 Rochester,
697 2857 67 53 N.
807 2857 89 63 Y.,
934 2857 121 52 The
1092 2857 269 66 Lawyers
1399 2857 382 68 co-operative
1821 2857 336 69 publishing
332 2877 1986 125 company,
530 2938 150 50 1936.

402 3008 114 48 lxiv,
545 3009 85 40 787
659 3020 44 37 p.
759 3008 56 40 23½
848 3010 44 21 cm
897 3038 9 9 .

334 3060 53 53 ©
425 3066 113 46 Apr.
578 3064 39 46 9,
658 3064 140 47 1936;
840 3065 68 40 2c.
946 3065 115 47 Apr.
1100 3064 83 43 10;
1224 3064 83 41 aff.
1348 3066 114 47 May
1502 3066 81 42 11;
1627 3066 40 39 A
1705 3065 144 41 94413;
1921 3067 140 40 State
2098 3067 52 39 of
2188 3067 156 40 North

405 3122 208 46 Dakota,
641 3122 270 47 Bismarck,
939 3122 55 40 N.
1020 3123 57 40 D.

333 3196 181 65 Odell,
544 3198 222 64 Emery
792 3199 71 54 A.

406 3272 1938 71 Swiss cheese industry, by Emery A. Odell … Monroe, Wis.
339 3351 258 68 [Printed
629 3353 77 55 by
733 3353 238 53 Monroe
1003 3353 243 69 evening
1276 3354 164 52 times
1473 3372 299 50 company]
1814 3356 149 50 1936.

405 3428 58 40 88
489 3440 41 36 p.
588 3428 130 41 illus.
776 3427 55 40 22½
864 3430 45 21 cm
914 3460 9 9 .

407 3485 256 40 “Detailed
701 3483 256 42 narrative
993 3485 53 40 of
1084 3486 79 42 the
1202 3484 157 49 origin
1396 3486 96 39 and
1532 3486 335 47 development
1906 3485 51 39 of
1997 3496 26 29 a
2062 3484 284 42 distinctive

334 3541 141 50 dairy
527 3541 336 43 achievement
914 3541 50 41 in
1022 3541 155 41 Green
1233 3545 192 46 county,
1487 3541 283 48 Wisconsin,
1827 3553 108 30 now
1991 3541 249 50 centering
2294 3541 52 41 in

336 3599 240 41 Monroe.”

407 3657 227 40 Includes
669 3657 138 39 short
840 3655 309 49 biographies
1185 3655 52 42 of
1271 3666 106 29 men
1415 3654 275 50 prominent
1725 3655 49 40 in
1811 3657 79 39 the
1927 3654 215 42 creative
2178 3654 164 49 period

336 3713 51 39 of
427 3715 82 38 the
545 3713 243 48 industry.

407 3767 1937 50 “Second edition … with some revision and additions [of a pamphlet
338 3826 250 48 published
618 3827 62 47 by
705 3828 81 38 the
812 3827 178 40 author
1016 3826 50 39 in
1094 3825 113 41 1928
1235 3826 155 39 under
1416 3825 135 40 title:
1581 3826 39 38 A
1645 3825 189 48 history
1863 3825 51 40 of
1942 3824 154 40 Green
2126 3823 218 48 county’s

334 3884 168 40 cheese
531 3882 614 51 industry]”—Foreword.

337 3936 52 53 ©
413 3941 113 47 Apr.
552 3941 68 46 14,
646 3939 141 47 1936;
817 3939 66 41 2c.
910 3940 113 47 Apr.
1051 3940 81 46 18;
1161 3938 81 40 aff.
1270 3939 112 47 Apr.
1411 3938 81 46 16;
1522 3939 37 37 A
1587 3937 136 40 93721;
1790 3939 50 38 E.
1869 3938 53 39 A.
1951 3937 152 43 Odell.
2132 3938 210 40 Monroe.

407 3998 115 39 Wis.
592 3996 280 50 [Copyright
909 3997 41 39 is
987 3996 204 40 claimed
1229 4006 59 28 on
1326 3995 210 40 revision
1575 3995 95 39 and
1707 4005 104 28 new
1847 3997 193 46 matter]

415 4053 252 49 (36-9501)
