2519 4377
1265 4135 135 50 1500

396 507 65 41 At
487 507 125 41 head
641 506 54 40 of
719 506 108 41 title
844 517 9 30 :
884 506 101 41 The
1012 506 348 49 Metropolitan
1388 517 221 30 museum
1639 508 50 39 of
1718 510 91 38 art.

398 564 94 41 “Of
515 564 99 41 this
640 563 126 41 book
791 562 131 49 1,000
947 562 160 50 copies
1134 573 128 30 were
1287 563 209 49 printed,
1527 563 218 46 October,
1775 562 156 42 1936.”

327 629 53 53 ©
413 633 103 41 Oct.
548 633 69 48 13,
651 632 120 41 1936;
828 632 68 40 2c.
930 632 97 40 and
1059 632 84 40 aff.
1179 633 102 41 Oct.
1315 633 54 39 22;
1434 635 41 37 A
1507 631 174 42 100049;
1744 632 351 49 Metropolitan
2126 642 218 31 museum

398 690 52 39 of
477 691 90 38 art.
635 689 285 49 (36-25224)

323 795 273 64 Newton,
623 794 214 54 Alfred
864 795 276 63 Edward,
1171 800 173 50 1863-

316 869 2026 151 Bibliography and pseudo-bibliography, by A. Edward Newton … Philadelphia, University of Pennsylvania press, 1936.
387 1021 1276 51 3 p. l., 116 p., 1 l. front. (facsim.) illus. 21cm.
391 1079 256 42 Half-title;
715 1080 101 41 The
854 1079 56 43 A.
954 1080 45 42 S.
1042 1080 71 41 W.
1156 1080 287 41 Rosenbach
1485 1080 278 48 fellowship
1802 1080 50 41 in
1892 1079 354 49 bibliography.

321 1136 2004 107 CONTENTS. — Bibliography and pseudo-bibliography. — Book catalogues.—Essays and essayists.
328 1261 52 53 ©
412 1265 103 41 Oct.
548 1266 69 48 16,
651 1265 115 42 1936;
827 1266 67 41 2c.
930 1267 95 40 and
1059 1267 81 40 aff.
1176 1267 102 41 Oct.
1313 1268 56 39 26;
1432 1269 40 38 A
1506 1267 144 40 99586;
1715 1268 285 48 University
2032 1268 52 39 of
399 1269 1926 93 Pennsylvania
571 1333 154 38 press.
794 1324 281 48 (36-24638)

323 1426 217 66 North,
567 1427 284 66 Sterling.

398 1505 185 66 Night
619 1505 243 54 outlasts
899 1506 96 53 the
1032 1506 446 68 whippoorwill,
1514 1507 74 67 by
1628 1506 259 68 Sterling
1923 1508 206 53 North.
2204 1508 139 53 New

328 1583 177 67 York,
528 1584 122 54 The
673 1584 338 54 Macmillan
1036 1602 299 51 company,
1360 1588 152 53 1936.

398 1655 627 52 5 p. l., 3-287 p. 20½cm.
327 1724 53 54 ©
410 1729 102 40 Oct.
541 1728 71 49 27,
638 1728 143 49 1936;
813 1730 67 39 2c.
912 1730 95 40 and
1037 1731 84 40 aff.
1153 1731 103 40 Oct.
1287 1731 83 41 28:
1403 1732 40 39 A
1474 1729 171 48 99622;
1679 1730 284 40 Macmillan
1996 1740 67 31 co.

408 1785 286 51 (36-24677)

327 1891 198 65 Owen,
550 1892 171 53 Jesse
749 1892 297 66 Coleman,
1074 1894 172 54 1870-

399 1970 1947 68 The romance of soul winning, by J. C. Owen … Kansas
330 2048 152 67 City,
520 2049 136 67 Mo.,
690 2051 266 53 Western
993 2048 235 69 Baptist
1265 2048 338 69 publishing
1641 2068 297 49 company,
1982 2052 150 51 1936.

399 2121 53 40 91
481 2133 43 36 p.
581 2121 117 41 20cm.

328 2187 53 53 ©
414 2192 102 40 Oct.
549 2192 39 45 9,
622 2191 142 48 1936;
795 2192 66 39 2c.
896 2193 102 40 Oct.
1031 2193 82 46 15;
1150 2193 80 39 aff.
1266 2193 102 40 Oct.
1402 2194 82 46 14;
1519 2194 40 39 A
1594 2192 171 49 98905;
1803 2194 28 39 J
1880 2193 50 41 C.
1966 2193 162 47 Owen,
2165 2193 181 47 Spruce

400 2249 132 50 Pine,
559 2250 56 41 N.
642 2250 50 41 C.
757 2249 284 50 (36-24973)

324 2355 177 65 Page,
530 2354 223 54 Newell
781 2354 293 66 Caldwell,
1105 2361 172 50 1880-

397 2430 1841 70 Lessons and problems in electricity, by Newell C. Page …
327 2509 139 55 New
495 2509 182 66 York,
706 2510 122 53 The
855 2508 338 55 Macmillan
1222 2527 299 51 company,
1552 2512 150 52 1936.

398 2579 1091 51 xiv p., 1 l., 356 p. illus., diagrs. 22cm.
402 2637 147 40 “This
586 2638 124 40 book
748 2639 42 39 is
828 2639 83 40 the
948 2639 279 47 outgrowth
1265 2639 52 41 of
1353 2649 27 31 a
1423 2641 74 40 set
1535 2639 52 40 of
1623 2639 395 49 mimeographed
2061 2639 280 43 ‘Notes’.”—

328 2693 132 42 Pref.

329 2763 53 54 ©
423 2769 129 47 Sept.
593 2769 71 46 29,
705 2768 141 48 1936;
888 2769 67 40 2c.
996 2769 95 39 and
1130 2769 83 41 aff.
1256 2770 128 47 Sept.
1425 2769 82 47 30;
1547 2770 40 39 A
1627 2768 172 45 99074;
1842 2771 56 38 N.
1941 2770 50 41 C.
2032 2770 142 47 Page,
397 2769 1928 104 Winchester,
635 2827 148 39 Mass.
848 2825 283 50 [Copyright
1163 2825 41 39 is
1235 2825 207 40 claimed
1474 2837 60 28 on
1565 2836 106 29 new
1705 2825 242 49 material]

410 2881 284 50 (36-25243)

327 2988 164 64 Paul,
519 2989 312 63 Randolph
860 2990 86 63 E.,
977 2994 171 49 1890-

399 3065 1944 68 The law of federal income taxation, by Randolph E. Paul …
438 3144 1906 68 and Jacob Mertens, jr. … 1936 cumulative supplements
428 3223 1913 68 … [for] volumes 1-6. Chicago, Callaghan and company, 1936.
429 3296 244 41 6 v. 25cm.
400 3354 158 39 These
587 3353 278 48 pamphlets
896 3363 84 30 are
1011 3355 49 38 to
1092 3354 56 38 be
1178 3353 140 40 fitted
1349 3353 103 39 into
1484 3353 83 40 the
1596 3353 200 48 pockets
1825 3354 51 39 at
1910 3353 82 40 the
2023 3353 125 39 back
2179 3353 52 39 of
2262 3354 84 39 the

330 3410 217 40 volumes
576 3409 53 40 of
655 3410 85 40 the
768 3411 72 39 set
869 3412 50 38 to
948 3409 157 40 which
1139 3410 114 47 they
1283 3409 186 48 belong.

329 3463 53 53 ©
416 3468 117 39 Nov.
568 3466 69 49 10,
671 3466 142 48 1936;
848 3467 67 39 2c.
950 3467 118 39 each
1103 3467 95 39 and
1232 3466 82 40 aff.
1348 3467 119 39 Nov.
1502 3467 81 41 13:
1619 3467 38 39 A
1690 3465 172 43 99848:
1900 3466 273 47 Callaghan
2208 3466 35 40 &
2276 3475 67 30 co.

329 3630 218 63 Payne,
577 3632 138 51 Mrs.
746 3629 309 53 Elisabeth
1085 3630 225 62 Stancy
1340 3628 387 66 (Magovern)

516 3706 1828 68 … Something to remember. New York. Dodd, Mead &
330 3804 299 50 company,
658 3788 150 52 1936.

401 3858 81 48 vii,
511 3858 85 42 289
624 3869 45 38 p.
728 3857 146 42 19½cm.

402 3917 63 39 At
495 3915 126 40 head
650 3915 53 39 of
733 3914 137 42 title;
906 3914 250 41 Elisabeth
1196 3916 179 45 Stancy
1408 3914 177 47 Payne.

331 3968 53 54 ©
411 3973 101 40 Oct.
538 3972 70 45 28,
634 3971 142 49 1936;
804 3972 67 40 2c.
900 3973 94 39 and
1023 3971 81 41 aff.
1133 3971 103 41 Oct.
1262 3972 82 40 31:
1376 3972 35 38 A
1442 3971 164 39 100161;
1673 3969 249 40 Elisabeth
1955 3970 179 46 Staney
2164 3970 177 45 Payne.

403 4030 134 40 West
570 4029 207 48 Orange,
809 4030 56 40 N.
899 4029 42 41 J.
1016 4027 282 50 (36-25283)
