2519 4377
1050 4089 63 50 95

85 451 224 61 Hogan,
338 450 152 52 Inez.

149 535 339 53 Nicodemus
540 534 113 53 and
703 533 90 54 his
845 532 364 70 gran’pappy
1263 532 110 70 [by]
1430 532 137 52 Inez
1615 531 231 70 Hogan.
1934 531 140 53 New

87 611 1148 69 York, E. P. Dutton & co., inc. [ c 1936]
152 686 84 50 [49]
265 696 45 38 p.
369 686 127 40 illus.
527 685 136 48 (part
688 685 110 48 col.)
868 683 146 45 19½cm.

150 743 286 41 Illustrated
466 744 98 45 t.-p.
593 743 96 39 and
717 742 361 48 lining-papers.

151 799 163 42 “First
339 798 226 42 edition.”

82 868 50 53 ©
158 872 109 39 Feb.
293 873 41 45 4,
360 871 139 42 1936:
529 872 66 40 2c.
624 872 109 39 Feb.
762 871 51 46 6;
841 871 80 40 aff.
952 871 109 40 Feb.
1089 871 25 40 5
1133 882 8 31 :
1171 871 40 39 A
1236 870 171 47 90688;
1438 872 52 39 E.
1519 872 51 39 P.
1598 872 188 39 Dutton
1813 872 39 40 &
1876 880 82 40 co.,
1985 872 92 41 inc.

157 928 249 50 (36-4003)

83 1033 222 64 Holme,
334 1034 138 53 Mrs.
502 1032 192 54 Jamie
724 1033 239 54 Sexton.

151 1107 1864 69 I have been a pilgrim, poems by Jamie Sexton Holme …
83 1186 986 68 New York, H. Harrison [ c 1935]
151 1261 56 41 96
236 1272 44 38 p.
338 1259 56 40 22½cm

81 1328 50 53 ©
159 1333 117 39 Nov.
303 1332 69 46 15,
400 1330 140 48 1935;
570 1331 67 41 2c.
668 1332 107 39 Jan.
805 1331 70 49 22,
905 1330 141 47 1936;
1077 1330 81 41 aff.
1188 1331 111 42 Jan.
1326 1331 56 40 23
1400 1341 10 33 ;
1441 1331 43 39 A
1507 1330 144 42 90657
1669 1341 10 37 ;
1711 1331 168 48 Henry
148 1330 1917 99 Harrison.
320 1388 250 49 (36-4324)

88 1493 318 64 [Holzman,
436 1493 246 66 George]

212 1568 1869 70 … The A-B-C of amortization; in relation to the repayment
82 1649 64 53 of
176 1650 135 51 such
343 1649 343 67 obligations
719 1668 59 34 as
809 1653 296 63 mortgage
1136 1649 176 66 loans,
1344 1667 203 49 money
1579 1650 177 65 loans,
1787 1653 174 62 notes,
83 1648 1971 133 installment
406 1727 208 65 bonds;
653 1727 96 51 the
784 1728 390 66 computation
1213 1726 62 53 of
1311 1726 233 68 sinking
1580 1726 176 54 funds
1795 1726 95 53 for
1926 1726 154 53 bond

82 1805 172 54 issues
286 1806 111 51 and
427 1805 355 53 installment
812 1809 298 63 payments
1141 1822 70 34 on
1243 1805 141 52 sales
1416 1804 61 52 of
1506 1803 418 68 merchandise;
84 1823 1972 113 useful
218 1888 58 48 to
323 1885 369 64 government
741 1882 272 68 agencies,
1044 1887 170 48 states
1263 1882 112 53 and
1422 1881 463 69 municipalities,
82 1901 1974 112 commercial
351 1961 196 56 banks,
587 1960 231 68 savings
859 1960 196 67 banks,
1096 1960 297 53 insurance
1434 1961 339 67 companies,
1813 1960 269 69 building

84 2040 110 51 and
224 2039 129 52 loan
384 2039 382 65 associations,
793 2042 297 63 mortgage
1121 2037 338 68 companies,
1490 2037 408 69 corporations,
1927 2040 154 52 bond

83 2117 417 65 underwriting
541 2117 201 52 houses
787 2116 113 53 and
941 2116 338 53 merchants.
1365 2117 157 66 [New
1566 2116 179 68 York,
1789 2117 69 55 G.
82 2118 1973 141 Holzman,
259 2201 17 21 c
282 2198 150 63 1936]

148 2269 27 39 3
201 2279 45 37 p.
310 2299 8 15 l.,
349 2268 83 39 159
462 2268 13 47 (i.
541 2279 37 29 e.
608 2267 111 49 162)
755 2278 43 37 p.
857 2267 169 40 tables.
1082 2266 269 49 41×28½cm.

150 2327 63 38 At
237 2326 122 38 head
385 2325 51 39 of
461 2325 109 39 title
586 2336 8 28 :
621 2325 42 38 A
687 2324 167 47 timely
877 2323 331 41 contribution
1232 2326 48 38 to
1308 2325 84 39 the
1414 2325 151 39 world
1593 2325 50 39 of
1668 2324 200 40 finance.

152 2383 101 40 One
284 2392 120 37 page
437 2384 54 37 at
521 2382 83 39 the
636 2380 263 49 beginning
929 2381 51 40 of
1013 2382 117 38 each
1165 2381 133 40 table
1329 2383 84 38 not
1444 2380 224 41 included
1703 2381 49 39 in
1788 2383 82 39 the
1905 2382 180 48 paging

91 2440 50 48 (3
200 2442 36 41 p.)

83 2506 51 53 ©
169 2510 108 39 Feb.
312 2509 39 46 6,
386 2508 140 42 1936:
562 2508 67 40 2c.
666 2507 94 41 and
796 2507 81 41 aff.
914 2508 111 41 Feb.
1062 2507 51 47 8;
1151 2508 41 38 A
1225 2506 172 49 90679;
1433 2507 52 41 G.
1523 2509 252 48 Holzman,
1812 2508 270 42 Richmond

152 2567 116 47 Hill,
303 2567 48 38 L.
387 2567 50 47 I.,
471 2567 117 39 New
620 2565 145 41 York.
837 2564 251 49 (36-4180)

86 2670 207 63 Hurst,
321 2670 170 55 Vida.

85 2742 1972 149 Radio sweetheart, by Vida Hurst. New York, J. H. Hopkins & son, inc. [ c 1936]
154 2898 84 41 254
265 2910 43 37 p.
368 2896 145 42 19½cm.

84 2966 51 52 ©
163 2970 109 39 Feb.
301 2970 69 46 14,
394 2968 141 47 1936;
564 2969 68 40 2c.
662 2970 94 38 and
785 2968 82 41 aff.
897 2968 110 40 Feb.
1037 2969 82 45 18;
1150 2968 41 39 A
1217 2967 170 47 90796;
1419 2968 129 40 John
1575 2969 61 40 H.
1667 2967 224 49 Hopkins
1918 2969 34 39 &
1982 2979 99 38 son,

153 3027 89 40 inc.
308 3025 250 49 (36-4300)

86 3129 238 53 Illinois.
398 3131 182 64 Laws,
606 3134 256 59 statutes,
891 3135 99 47 etc.

156 3209 173 53 Jones
368 3207 225 53 Illinois
633 3211 239 49 statutes
912 3206 323 53 annotated.
1336 3223 49 36 [v.
1426 3209 84 64 21]
1555 3205 527 68 Practice-Special

88 3282 1933 69 proceedings, compiled and edited by Palmer D. Edmunds …
90 3363 266 63 Chicago,
381 3362 322 66 Callaghan
728 3363 111 51 and
866 3380 296 48 company,
1189 3365 148 50 1935.

156 3435 61 46 vi,
249 3435 86 40 889
363 3446 41 37 p.
461 3435 146 40 24½cm.

87 3502 50 54 ©
159 3508 111 39 Dec.
295 3505 68 50 26,
387 3506 117 41 1935
519 3517 8 36 ;
552 3505 65 42 2c.
645 3507 94 39 and
764 3505 81 41 aff.
870 3506 111 41 Dec.
1009 3505 54 41 31
1081 3515 10 38 ;
1116 3505 40 40 A
1181 3504 143 41 90108
1342 3516 9 37 ;
1380 3504 274 50 Callaghan
1674 3505 38 41 &
1735 3514 67 33 co.

149 3609 1932 67 … Illinois poets; foreword by Glenn Ward Dresbach; edited
159 3687 75 68 by
278 3688 93 50 the
418 3688 171 51 house
637 3686 63 52 of
747 3685 203 70 Henry
994 3686 302 67 Harrison,
1343 3686 309 68 publisher.
1733 3685 141 54 New
1920 3685 165 53 York

182 3768 173 62 [ c 1935]
159 3839 26 39 7
209 3850 31 37 p
316 3870 8 15 l.,
352 3836 172 41 17-208
548 3848 44 37 p.
651 3836 117 42 22cm.

162 3895 61 40 At
248 3896 123 39 head
400 3895 50 40 of
476 3894 107 41 title
601 3906 8 27 :
637 3894 74 40 An
737 3896 263 46 anthology
1025 3894 52 41 of
1102 3894 55 40 64
1182 3897 148 46 poets.

89 3962 51 53 ©
170 3968 117 39 Nov.
319 3968 68 45 15,
419 3966 140 47 1935;
591 3967 65 39 2c.
693 3968 109 38 Jan.
833 3966 68 46 22,
934 3966 140 42 1936:
1108 3966 81 41 aff.
1223 3967 108 39 Jan.
1366 3966 82 47 23;
1481 3967 41 38 A
1553 3965 170 47 90655;
1759 3966 170 48 Henry
158 3967 1908 99 Harrison.
329 4025 116 39 New
471 4024 144 39 York,
679 4023 250 47 (36-4320)
