2519 4377
1301 4170 134 50 1146

425 558 179 42 “Table
632 558 53 42 of
713 558 166 41 cases”;
938 570 45 39 p.
1012 560 185 40 ix-xxi.

427 615 178 42 “Table
633 617 53 40 of
712 616 96 41 law
837 617 180 42 review
1044 618 200 41 articles
1272 617 158 41 cited”;
1488 629 43 38 p.
1559 617 271 42 xxii-xxiv.

354 683 54 53 ©
435 688 117 47 July
578 687 69 48 21,
675 688 115 40 1936;
848 688 68 41 2c.
945 688 97 40 and
1068 688 84 39 aff.
1182 689 121 47 Aug.
1333 690 59 39 17;
1447 690 42 38 A
1515 688 146 42 96971;
1718 690 137 41 West
1882 690 113 48 pub.
2025 700 68 32 co.

435 744 284 51 (36-18392)

352 849 320 65 McEnery,
697 849 224 65 Agnes.

426 924 139 58 Sam
596 926 288 70 Houston,
919 926 229 71 soldier,
1181 927 237 70 patriot,
1453 932 329 65 statesman,
1814 929 98 53 the
1946 934 163 64 great
2141 947 136 36 man
2311 929 63 56 of

353 1007 202 53 Texas.
631 1006 184 69 Pithy
836 1008 299 54 anecdotes
1158 1007 65 53 of
1246 1008 138 56 Sam
1406 1009 268 53 Houston
1719 1008 79 69 [by]
1842 1009 196 68 Agnes
2062 1010 311 68 McEnery.

379 1085 121 57 [San
527 1085 277 69 Antonio,
835 1092 18 22 c
858 1090 135 50 1936]

427 1173 60 41 16
514 1184 43 38 p.
619 1173 24 39 1
675 1171 131 43 illus.
866 1172 119 43 20cm.

358 1241 52 53 ©
448 1246 120 46 Aug.
606 1246 40 46 1,
685 1243 142 49 1936;
865 1244 69 42 2c.
971 1246 121 46 Aug.
1131 1245 52 47 6;
1224 1244 83 41 aff.
1345 1246 122 46 Aug.
1505 1245 52 48 8;
1596 1246 41 39 A
1675 1244 172 49 97290;
1885 1247 54 40 A.
1979 1247 256 47 McEnery,
2278 1248 98 40 San

426 1302 227 40 Antonio.
721 1302 283 48 (36-18385)

352 1405 281 66 Masters,
662 1406 205 65 Edgar
892 1406 135 65 Lee,
1056 1411 173 51 1868-

424 1483 205 54 Poems
653 1483 67 53 of
744 1485 221 68 people,
990 1484 76 69 by
1092 1482 202 71 Edgar
1318 1484 111 53 Lee
1454 1483 246 56 Masters
1730 1527 56 10 ...
1852 1484 142 53 New
2021 1483 181 68 York,
354 1483 1998 143 London,
521 1562 72 55 D.
630 1561 587 65 Appleton-Century
1254 1580 300 46 company,
1589 1561 423 65 incorporated,
2050 1566 153 51 1936.

425 1649 687 50 viii p., 1 l., 198 p. 23½ cm .
357 1717 53 53 ©
445 1722 119 47 Aug.
599 1722 69 47 14,
706 1721 142 47 1936;
885 1722 67 39 2c.
990 1722 100 39 and
1123 1721 82 42 aff.
1244 1723 121 46 Aug.
1402 1722 83 45 15;
1524 1723 40 38 A
1598 1720 173 49 97375;
1811 1723 53 40 E.
1903 1722 51 40 L,
1994 1723 226 47 Masters,
2258 1722 119 40 New

427 1779 145 41 York.
636 1779 284 48 (36-18477)

357 1883 216 66 Menin,
603 1884 311 53 Abraham
941 1885 188 63 Isaac,
1160 1890 173 50 1892-

413 1960 384 67 Bankruptcy
820 1961 181 54 forms
1025 1961 113 54 and
1162 1961 250 69 practice;
1467 1981 31 34 a
1522 1961 276 69 complete
1820 1960 253 69 manual,
2094 1960 75 70 by
357 1960 1998 132 Abraham

526 2041 47 52 I.
612 2040 202 54 Menin
857 2084 56 9 ...
957 2041 114 53 and
1107 2041 120 53 Asa
1267 2040 57 56 S.
1363 2041 233 69 Herzog
1638 2084 56 10 ...
1736 2041 141 53 with
1915 2058 73 35 an
2024 2039 353 55 Production

357 2119 73 69 by
465 2119 180 54 Oscar
677 2120 90 55 W.
803 2120 274 53 Ehrhorn
1115 2163 56 10 ...
1208 2118 303 71 including
1541 2120 97 54 the
1671 2120 383 68 Bankruptcy
2087 2124 107 64 act,
355 2119 1998 132 General

501 2198 215 69 orders,
743 2199 219 54 United
991 2198 190 56 States
1207 2199 195 70 equity
1428 2200 151 52 rules
1607 2198 113 53 and
1748 2200 278 68 complete
2053 2198 181 54 forms
2263 2198 113 53 and

355 2280 250 67 practice
631 2278 96 53 for
753 2277 424 70 compositions,
1203 2278 322 54 extensions
1551 2279 114 53 and
1693 2284 299 63 corporate
356 2279 1997 131 reorganizations.

590 2357 143 53 New
765 2357 181 69 York,
976 2358 72 53 N.
1083 2358 92 68 Y.,
1207 2357 63 56 C.
1304 2358 334 53 Boardman
1670 2376 99 49 co.,
1798 2358 124 67 ltd.,
1956 2361 153 49 1936.

426 2430 684 51 ix p., 2 l., 3-871 p. 24 cm .
430 2502 247 50 Prepared
709 2505 54 39 to
793 2504 142 49 bring
967 2505 83 40 the
1083 2504 219 41 authors’
1339 2503 302 42 “Handbook
1676 2504 51 41 of
1760 2504 155 41 forms
1949 2505 98 39 and
2079 2505 215 48 practice
2327 2505 51 40 in

357 2560 337 50 bankruptcy”
721 2561 258 49 published
1006 2562 51 39 in
1084 2561 129 50 1930,
1242 2562 210 48 entirely
1478 2573 65 38 up
1569 2563 50 39 to
1646 2563 127 40 date.
1829 2561 62 48 cf.
1919 2561 188 42 Introd.

360 2628 52 54 ©
442 2633 115 47 July
585 2633 69 48 30,
685 2631 141 49 1936;
857 2633 68 41 2c.
953 2634 121 47 Aug.
1103 2635 53 45 7;
1189 2632 83 42 aff
1305 2634 128 46 Sept.
1463 2633 52 47 9;
1547 2633 39 39 A
1617 2631 171 49 96799;
1817 2634 99 38 Asa
1949 2633 45 41 S.
2025 2634 205 47 Herzog,
2260 2632 119 40 New

428 2691 145 41 York.
643 2691 285 47 (36-18397)

355 2795 271 66 Morgan,
661 2796 228 64 George
922 2794 319 65 Campbell,
1276 2800 172 51 1863-

429 2871 176 57 God’s
639 2874 115 52 last
785 2873 159 53 word
980 2878 59 48 to
1072 2891 133 35 man;
1274 2872 215 54 studies
1525 2871 59 53 in
1619 2871 295 68 Hebrews,
1948 2871 77 69 by
2061 2870 69 57 G.
357 2870 1996 136 Campbell
505 2953 268 69 Morgan,
803 2972 49 34 d.
888 2972 50 34 D.
1010 2953 141 53 New
1187 2952 167 53 York
1394 2957 139 62 [etc.]
1575 2950 269 71 Fleming
1879 2951 78 53 H.
1996 2952 199 52 Revell
358 2968 1997 133 company
551 3066 13 34 [
567 3041 20 23 c
592 3035 155 64 1936]

428 3121 87 41 160
543 3131 44 38 p.
645 3119 56 41 19½cm.

360 3188 52 53 ©
443 3192 117 43 July
588 3193 71 46 17,
692 3191 140 47 1936;
866 3191 68 42 2c.
967 3191 96 40 and
1095 3191 83 41 aff
1212 3191 116 47 July
1360 3191 84 46 28;
1478 3192 41 37 A
1549 3190 173 47 97164;
1758 3189 223 48 Fleming
2013 3190 60 41 H.
2108 3189 168 40 Revell
2309 3199 69 31 co.

442 3249 284 49 (36-18438)

358 3354 178 64 Mort,
563 3354 148 53 Paul
737 3354 88 64 R.,
856 3358 171 49 1894-

432 3431 244 53 Federal
701 3436 245 63 support
972 3429 94 54 for
1093 3429 195 69 public
1315 3429 302 55 education;
1675 3448 31 34 a
1734 3433 195 64 report
1954 3427 66 54 of
2046 3446 73 37 an
361 3427 1990 152 investigation

603 3508 66 55 of
711 3509 362 55 educational
1119 3512 142 53 need
1306 3509 113 54 and
1462 3508 239 54 relative
1743 3507 207 69 ability
1993 3507 65 54 of
2100 3512 173 50 states
2317 3512 57 49 to

361 3593 244 64 support
645 3588 303 53 education
988 3608 60 34 as
1088 3589 135 68 they
1261 3588 136 53 bear
1438 3606 71 34 on
1549 3587 221 54 federal
1808 3587 95 54 aid
1944 3593 59 47 to
2045 3588 327 66 education;

364 3667 161 53 made
562 3667 182 54 under
781 3668 96 53 the
913 3667 281 54 direction
1230 3666 65 54 of
1330 3667 148 53 Paul
1515 3669 68 51 R.
1617 3667 158 53 Mort
1816 3711 56 9 ...
1914 3666 114 53 and
2064 3667 182 52 under
2279 3666 95 53 the

363 3745 255 69 auspices
658 3745 65 55 of
763 3746 302 55 Columbia
1106 3745 321 69 university
1468 3745 241 56 Council
1750 3745 94 54 for
1883 3746 254 52 research
2186 3745 57 52 in
2280 3745 98 53 the

362 3823 173 54 social
575 3823 258 55 sciences.
910 3825 140 53 New
1091 3825 182 67 York,
1313 3824 281 53 Teachers
1636 3824 229 67 college,
1908 3823 301 55 Columbia
364 3822 1982 150 university,

626 3907 153 52 1936.

434 3976 929 49 xvi p., 1 l., 334 p. diagrs. 23½ cm .
365 4044 52 52 ©
456 4047 116 47 July
609 4047 41 48 9,
690 4046 115 42 1936;
870 4047 69 41 2c.
978 4049 120 46 Aug.
1137 4049 53 41 4;
1234 4047 82 40 aff.
1357 4047 119 46 Aug.
1516 4047 52 47 6;
1610 4047 39 38 A
1689 4045 171 47 97257;
1900 4044 244 40 Teachers
2181 4043 194 47 college,

435 4104 254 40 Columbia
722 4103 130 42 univ.
924 4103 283 51 (36-18418)
