2519 4377
1025 4111 100 53 817

99 498 258 64 Aldrich,
385 499 242 52 Bertha.

167 587 1860 70 Florida sea shells [by] Bertha Aldrich and Ethel Snyder …
99 669 212 50 Boston
341 666 110 52 and
484 668 136 50 New
653 666 178 54 York,
863 667 316 66 Houghton
1210 665 202 53 Mifflin
1442 684 295 50 company,
1769 671 151 50 1936,

166 751 1209 49 viii p., 2 l.. 126 p. illus. (map) xi pl. 19cm.
165 822 100 40 The
309 831 137 31 verso
492 822 52 39 of
588 822 117 39 each
752 822 132 47 plate
930 821 221 41 contains
1196 823 282 47 letterpress
1525 821 290 48 descriptive
1863 823 49 38 of
1958 823 131 47 plate

95 878 229 49 opposite.

165 934 438 49 “Bibliographical
635 932 299 43 references”:
996 944 41 38 p.
1073 934 245 50 [115]-116.

95 1000 52 53 ©
172 1005 114 48 Apr.
313 1005 69 46 14,
409 1004 139 45 1936;
578 1003 66 41 2c.
674 1005 96 38 and
797 1003 81 41 aff.
905 1004 114 47 Apr.
1045 1003 82 46 20;
1157 1004 40 39 A
1224 1003 169 41 94073:
1426 1005 52 38 B.
1505 1005 56 39 D.
1593 1005 51 39 E.
1673 1003 213 44 Aldrich.
1917 1004 169 40 Miami

165 1061 171 46 Beach,
366 1061 115 47 Fla.,
511 1062 94 38 and
634 1061 141 39 Ethel
808 1059 198 49 Snyder,
1035 1060 177 40 Bonita
1245 1059 212 49 Springs,
1488 1061 101 39 Fla.

172 1117 279 47 (36-27247)

93 1220 351 64 Alexander,
472 1220 251 54 Gordon.

221 1307 1799 70 … An outline of general biology, by Gordon Alexander …
92 1384 1544 69 Rev. ed. New York, Barnes & Noble, inc. [ c 1936]
162 1470 1920 52 5 p. l. , 183, [4] p. illus. (incl. maps) diagrs. 21 cm . (College outline
92 1529 172 49 series)

162 1599 129 42 Each
317 1603 110 45 part
451 1601 229 47 preceded
708 1599 62 49 by
792 1599 235 42 half-title
1052 1601 84 39 not
1162 1598 221 43 included
1411 1598 49 42 in
1486 1598 189 50 paging.

161 1657 221 41 Includes
414 1657 389 48 bibliographies.

160 1713 157 41 Blank
342 1724 145 38 pages
512 1715 77 40 for
616 1714 207 41 “Notes”
861 1714 82 50 ([4]
972 1716 51 39 at
1050 1715 116 45 end)

90 1784 53 52 ©
169 1789 112 46 May
307 1787 69 49 28,
402 1787 116 41 1936;
570 1787 67 42 2c.
668 1789 125 38 June
821 1788 52 46 6;
904 1787 80 40 aff.
1014 1788 126 40 June
1168 1788 53 40 8:
1251 1788 40 38 A
1318 1786 170 43 94773:
1519 1788 186 39 Barnes
1734 1787 36 41 &
1798 1787 163 47 Noble,
1992 1787 90 40 inc.

170 1844 277 47 (36-13840)

88 1944 314 55 American
443 1944 459 68 jurisprudence;
948 1964 31 34 a
1019 1944 457 69 comprehensive
1516 1950 121 48 text
1676 1949 303 48 statement
2019 1943 63 54 of

158 2023 304 52 American
501 2041 121 35 case
660 2023 127 66 law,
827 2040 58 35 as
925 2023 308 67 developed
1274 2021 60 53 in
1370 2023 95 53 the
1505 2040 150 35 cases
1695 2023 111 52 and
158 2027 1899 127 annotations
334 2102 60 51 in
425 2101 94 51 the
552 2100 329 54 Annotated
913 2104 221 64 reports
1164 2104 225 64 system,
1421 2098 170 70 being
1626 2119 30 33 a
1689 2099 296 68 rewriting
2019 2100 62 52 of

159 2179 216 66 Ruling
409 2196 120 35 case
565 2179 110 51 law
711 2184 57 47 to
804 2179 184 52 reflect
1027 2179 93 52 the
1156 2179 235 51 modern
1427 2178 421 67 developments
1885 2177 63 53 of
1985 2179 99 52 the

157 2258 126 65 law,
313 2258 73 65 by
413 2257 93 52 the
539 2254 263 56 editorial
835 2257 132 52 staff
997 2257 62 53 of
1088 2257 95 53 the
1214 2255 334 68 publishers,
1624 2255 225 55 volume
1879 2261 46 49 3.
157 2257 1897 144 Appeal
319 2335 111 52 and
466 2353 172 46 error,
677 2337 184 65 §§245
896 2341 57 47 to
989 2334 126 65 end,
1150 2339 58 48 to
1242 2334 429 68 Arraignment.
1746 2333 116 56 San
156 2336 1899 132 Francisco,
351 2411 192 65 Calif.,
575 2411 580 58 Bancroft-Whitney
1188 2431 305 49 company;
1530 2413 323 66 Rochester,
1888 2415 67 51 N.
1991 2415 89 63 Y.,

156 2491 120 53 The
309 2491 265 65 Lawyers
609 2491 379 66 co-operative
1026 2490 333 68 publishing
1391 2509 278 49 company
1710 2524 12 33 [
1726 2496 20 21 c
1751 2494 151 63 1936]

156 2576 63 48 ix,
250 2575 115 41 1096
390 2587 42 37 p.
490 2576 144 40 25½cm.

87 2642 52 53 ©
171 2646 125 40 June
326 2646 70 46 26,
428 2645 116 41 1936:
600 2645 67 41 2c.
699 2647 114 47 July
845 2646 51 41 6:
932 2645 81 40 aff.
1046 2646 115 47 July
1191 2645 53 45 2;
1279 2646 40 38 A
1350 2645 143 41 95917;
1557 2645 380 50 Jurisprudence
156 2647 1907 103 publishers,
370 2702 104 46 inc.,
504 2703 277 47 Rochester,
811 2703 55 38 N.
895 2703 52 39 Y.

85 2805 314 55 American
423 2805 226 66 society
672 2807 95 52 for
790 2806 226 64 testing
1040 2806 323 53 materials.

158 2894 364 71 Symposium
552 2915 70 34 on
651 2895 306 54 industrial
992 2894 163 62 fuels,
1182 2896 132 55 held
1345 2902 59 46 at
1432 2915 31 34 a
1493 2895 247 70 meeting
1769 2897 304 68 sponsored

86 2973 210 70 jointly
327 2974 73 68 by
434 2975 96 53 the
561 2974 305 53 American
902 2974 209 69 society
1146 2974 92 55 for
1271 2974 211 69 testing
1516 2975 289 56 materials
86 2975 1963 144 (Philadelphia
351 3052 226 53 district
610 3053 345 67 committee)
1003 3054 110 52 and

1147 3054 94 52 the
1274 3052 315 69 Engineers
1624 3054 126 52 club
1784 3053 63 53 of
86 3055 1963 143 Philadelphia,
374 3130 425 69 Philadelphia,
840 3134 119 64 Pa.,
997 3133 261 65 January
1299 3134 84 64 21,
1427 3135 148 50 1936.
1651 3131 426 68 Philadelphia,

87 3207 302 53 American
420 3208 209 68 society
667 3209 91 52 for
791 3210 210 67 testing
1032 3209 289 52 materials
1362 3213 170 64 [1936]

158 3306 42 37 v,
230 3295 56 40 70
313 3306 41 37 p.
416 3295 141 47 illus.,
585 3294 178 49 diagrs.
825 3296 54 40 23
883 3298 42 21 cm
932 3328 8 7 .

159 3364 346 49 Bibliography
532 3367 52 38 at
610 3366 91 40 end
729 3365 51 40 of
807 3368 94 38 two
928 3366 51 39 of
1006 3366 80 40 the
1111 3376 187 38 papers.

86 3432 52 52 ©
161 3437 112 47 Apr.
295 3436 70 47 21,
390 3435 113 41 1936;
557 3437 66 39 2c.
650 3438 114 46 May
788 3437 56 39 20:
897 3437 81 40 aff.
1006 3439 113 46 May
1144 3439 26 39 7;
1224 3439 39 38 A
1288 3438 169 46 91530;
1486 3439 158 39 Amer.
1672 3449 92 30 soc.
1791 3440 79 38 for
1897 3438 182 50 testing

155 3492 264 40 materials.
492 3493 280 48 (36-14151)

86 3596 240 62 Bayart,
355 3596 217 64 Pierre,
603 3603 170 49 1882-

85 3670 1966 142 … L’action catholique spécialisée. Paris, Desclée, de Brouwer & ci e ; Bruxelles,
760 3748 265 55 Editions
1053 3752 68 51 de
1150 3752 52 50 la
1235 3750 124 54 Cité
1387 3750 339 68 chrétienne,
1756 3754 148 50 1935.

153 3834 745 50 2 p. l., [7]-202 p., 1 l. 23 cm .
154 3905 194 41 Printed
380 3906 47 39 in
459 3906 234 47 Belgium.

85 3980 1990 58 © Dec. 15, 1935; 1c. Apr. 3, 1936; A- Foreign 31172; Éditions de la
155 4049 106 42 Cité
284 4050 290 41 chrétienne.
638 4050 280 50 (36-13985)
