<alto xmlns="http://www.loc.gov/standards/alto/ns-v3#" xmlns:xsi="http://www.w3.org/2001/XMLSchema-instance" xsi:schemaLocation="http://www.loc.gov/standards/alto/ns-v3# http://www.loc.gov/alto/v3/alto-3-0.xsd"><Description>
<MeasurementUnit>pixel</MeasurementUnit>
<sourceImageInformation>
<fileName>1936_v33_Part1.pdf</fileName>
</sourceImageInformation>
<OCRProcessing ID="IdOcr">
<ocrProcessingStep>
<processingDateTime>2019-01-18</processingDateTime>
<processingSoftware>
<softwareCreator>ABBYY</softwareCreator>
<softwareName>ABBYY Recognition Server</softwareName>
<softwareVersion>4.0</softwareVersion>
</processingSoftware>
</ocrProcessingStep>
</OCRProcessing>
</Description>
<Styles>
<ParagraphStyle ALIGN="Left" FIRSTLINE="0." ID="StyleId-FFFFFFFF-FFFF-FFFF-FFFF-FFFFFFFFFFFF-" LEFT="0." RIGHT="0." />
<ParagraphStyle ALIGN="Left" FIRSTLINE="0." ID="StyleId-51D50FAC-7A90-4D70-8A96-5EA9D46D1C8B-" LEFT="0." LINESPACE="7.699999809" RIGHT="0." />
<ParagraphStyle ALIGN="Block" FIRSTLINE="-17." ID="StyleId-6BC133E9-7DCB-43C3-8842-A67984A26405-" LEFT="0." LINESPACE="8.340000153" RIGHT="0." />
<ParagraphStyle ALIGN="Left" FIRSTLINE="-13." ID="StyleId-3C3FF860-43E7-46A2-8934-48F305F6F0D6-" LEFT="0." LINESPACE="11.06999969" RIGHT="0." />
<ParagraphStyle ALIGN="Block" FIRSTLINE="-13." ID="StyleId-19220C76-4F8A-4737-B38C-B5F5C17E6040-" LEFT="0." LINESPACE="11.06999969" RIGHT="0." />
<ParagraphStyle ALIGN="Left" FIRSTLINE="0." ID="StyleId-75A0D721-13ED-4F20-9002-B389EC48477D-" LEFT="0." LINESPACE="15.5" RIGHT="0." />
<ParagraphStyle ALIGN="Left" FIRSTLINE="0." ID="StyleId-8A414184-C7A5-4AC7-9B88-7DA4DDE75922-" LEFT="0." LINESPACE="9.399999619" RIGHT="0." />
<ParagraphStyle ALIGN="Left" FIRSTLINE="0." ID="StyleId-1A87970B-111C-4169-99A6-9412976F3C97-" LEFT="0." LINESPACE="10.5" RIGHT="0." />
<ParagraphStyle ALIGN="Block" FIRSTLINE="-17." ID="StyleId-72DB0571-5AE4-41FD-9E11-68C6AC4C437E-" LEFT="0." LINESPACE="8.340000153" RIGHT="0." />
<ParagraphStyle ALIGN="Center" FIRSTLINE="0." ID="StyleId-1AA43056-C388-4697-B10F-72FDAA38FAE1-" LEFT="0." LINESPACE="10.5" RIGHT="0." />
</Styles>
<Layout>
<Page HEIGHT="4377" ID="Page1995" PHYSICAL_IMG_NR="1995" WIDTH="2519">
<TopMargin HEIGHT="426" HPOS="0" VPOS="0" WIDTH="2519">
</TopMargin>
<LeftMargin HEIGHT="3736" HPOS="0" VPOS="426" WIDTH="88">
</LeftMargin>
<RightMargin HEIGHT="3736" HPOS="2114" VPOS="426" WIDTH="405">
</RightMargin>
<BottomMargin HEIGHT="215" HPOS="0" VPOS="4162" WIDTH="2519">
</BottomMargin>
<PrintSpace HEIGHT="3736" HPOS="88" VPOS="426" WIDTH="2026">
<TextBlock HEIGHT="72" HPOS="1010" ID="Page1995_Block1" LANG="en-US" STYLEREFS="StyleId-4E8F476F-7432-41F7-B898-1FD90B7A4734-" VPOS="4090" WIDTH="154">
<TextLine HEIGHT="50" HPOS="1021" VPOS="4101" WIDTH="132">
<String CONTENT="1995" HEIGHT="50" HPOS="1021" VPOS="4101" WIDTH="132" />
</TextLine>
</TextBlock>
<TextBlock CS="1" HEIGHT="3662" HPOS="88" ID="Page1995_Block2" LANG="en-US" STYLEREFS="StyleId-95E49FBB-CC37-4026-83A2-C19A70A1E379-" VPOS="426" WIDTH="2026">
<TextLine CS="1" HEIGHT="52" HPOS="171" VPOS="505" WIDTH="1930">
<String CONTENT="vii," HEIGHT="45" HPOS="171" VPOS="506" WIDTH="81" />
<SP HEIGHT="44" HPOS="253" VPOS="507" WIDTH="39" />
<String CONTENT="256" HEIGHT="40" HPOS="293" VPOS="507" WIDTH="85" />
<SP HEIGHT="48" HPOS="379" VPOS="507" WIDTH="38" />
<String CONTENT="p." HEIGHT="37" HPOS="418" VPOS="518" WIDTH="42" />
<SP HEIGHT="41" HPOS="461" VPOS="507" WIDTH="59" />
<String CONTENT="illus." HEIGHT="40" HPOS="521" VPOS="507" WIDTH="128" />
<SP HEIGHT="40" HPOS="650" VPOS="507" WIDTH="59" />
<String CONTENT="20&#189;cm." CS="1" HEIGHT="41" HPOS="710" VPOS="507" WIDTH="146" />
<SP HEIGHT="30" HPOS="857" VPOS="527" WIDTH="63" />
<String CONTENT="[Commission" HEIGHT="50" HPOS="921" VPOS="507" WIDTH="332" />
<SP HEIGHT="30" HPOS="1254" VPOS="516" WIDTH="43" />
<String CONTENT="on" HEIGHT="30" HPOS="1298" VPOS="516" WIDTH="59" />
<SP HEIGHT="39" HPOS="1358" VPOS="507" WIDTH="39" />
<String CONTENT="Jewish" HEIGHT="41" HPOS="1398" VPOS="505" WIDTH="185" />
<SP HEIGHT="39" HPOS="1584" VPOS="507" WIDTH="39" />
<String CONTENT="education" HEIGHT="42" HPOS="1624" VPOS="505" WIDTH="257" />
<SP HEIGHT="29" HPOS="1882" VPOS="517" WIDTH="42" />
<String CONTENT="of" HEIGHT="40" HPOS="1925" VPOS="506" WIDTH="52" />
<SP HEIGHT="39" HPOS="1978" VPOS="506" WIDTH="41" />
<String CONTENT="the" HEIGHT="40" HPOS="2020" VPOS="507" WIDTH="81" />
</TextLine>
<TextLine HEIGHT="50" HPOS="103" VPOS="562" WIDTH="1998">
<String CONTENT="Union" HEIGHT="41" HPOS="103" VPOS="564" WIDTH="158" />
<SP HEIGHT="30" HPOS="262" VPOS="574" WIDTH="23" />
<String CONTENT="of" HEIGHT="41" HPOS="286" VPOS="563" WIDTH="51" />
<SP HEIGHT="40" HPOS="338" VPOS="563" WIDTH="24" />
<String CONTENT="American" HEIGHT="41" HPOS="363" VPOS="564" WIDTH="256" />
<SP HEIGHT="39" HPOS="620" VPOS="564" WIDTH="26" />
<String CONTENT="Hebrew" HEIGHT="40" HPOS="647" VPOS="564" WIDTH="209" />
<SP HEIGHT="30" HPOS="857" VPOS="575" WIDTH="25" />
<String CONTENT="congregations" HEIGHT="49" HPOS="883" VPOS="563" WIDTH="367" />
<SP HEIGHT="30" HPOS="1251" VPOS="573" WIDTH="28" />
<String CONTENT="and" HEIGHT="39" HPOS="1280" VPOS="564" WIDTH="94" />
<SP HEIGHT="39" HPOS="1375" VPOS="564" WIDTH="29" />
<String CONTENT="the" HEIGHT="39" HPOS="1405" VPOS="564" WIDTH="80" />
<SP HEIGHT="42" HPOS="1486" VPOS="562" WIDTH="25" />
<String CONTENT="Central" HEIGHT="42" HPOS="1512" VPOS="562" WIDTH="196" />
<SP HEIGHT="40" HPOS="1709" VPOS="563" WIDTH="29" />
<String CONTENT="conference" HEIGHT="41" HPOS="1739" VPOS="562" WIDTH="285" />
<SP HEIGHT="30" HPOS="2025" VPOS="573" WIDTH="25" />
<String CONTENT="of" HEIGHT="40" HPOS="2051" VPOS="563" WIDTH="50" />
</TextLine>
<TextLine CS="1" HEIGHT="49" HPOS="100" VPOS="619" WIDTH="1870">
<String CONTENT="American" HEIGHT="41" HPOS="100" VPOS="620" WIDTH="256" />
<SP HEIGHT="28" HPOS="357" VPOS="631" WIDTH="24" />
<String CONTENT="rabbis." HEIGHT="41" HPOS="382" VPOS="620" WIDTH="176" />
<SP HEIGHT="40" HPOS="559" VPOS="621" WIDTH="56" />
<String CONTENT="Union" HEIGHT="41" HPOS="616" VPOS="620" WIDTH="159" />
<SP HEIGHT="37" HPOS="776" VPOS="623" WIDTH="25" />
<String CONTENT="teacher" HEIGHT="39" HPOS="802" VPOS="622" WIDTH="196" />
<SP HEIGHT="39" HPOS="999" VPOS="622" WIDTH="23" />
<String CONTENT="training" HEIGHT="48" HPOS="1023" VPOS="620" WIDTH="217" />
<SP HEIGHT="38" HPOS="1241" VPOS="630" WIDTH="23" />
<String CONTENT="series," HEIGHT="47" HPOS="1265" VPOS="620" WIDTH="164" />
<SP HEIGHT="38" HPOS="1430" VPOS="629" WIDTH="27" />
<String CONTENT="ed." HEIGHT="39" HPOS="1458" VPOS="620" WIDTH="72" />
<SP HEIGHT="40" HPOS="1531" VPOS="619" WIDTH="24" />
<String CONTENT="by" HEIGHT="47" HPOS="1556" VPOS="619" WIDTH="61" />
<SP HEIGHT="46" HPOS="1618" VPOS="620" WIDTH="26" />
<String CONTENT="E." HEIGHT="40" HPOS="1645" VPOS="620" WIDTH="53" />
<SP HEIGHT="41" HPOS="1699" VPOS="619" WIDTH="26" />
<String CONTENT="Gamoran]" CS="1" HEIGHT="41" HPOS="1726" VPOS="619" WIDTH="244" />
</TextLine>
<TextLine HEIGHT="50" HPOS="173" VPOS="676" WIDTH="1926">
<String CONTENT="&#8220;Published" HEIGHT="39" HPOS="173" LANG="en-US" VPOS="677" WIDTH="289" />
<SP HEIGHT="40" HPOS="463" VPOS="676" WIDTH="38" />
<String CONTENT="from" HEIGHT="39" HPOS="502" LANG="en-US" VPOS="676" WIDTH="127" />
<SP HEIGHT="37" HPOS="630" VPOS="680" WIDTH="42" />
<String CONTENT="the" HEIGHT="39" HPOS="673" LANG="en-US" VPOS="678" WIDTH="80" />
<SP HEIGHT="38" HPOS="754" VPOS="688" WIDTH="38" />
<String CONTENT="proceeds" HEIGHT="47" HPOS="793" LANG="en-US" VPOS="679" WIDTH="227" />
<SP HEIGHT="30" HPOS="1021" VPOS="688" WIDTH="36" />
<String CONTENT="of" HEIGHT="40" HPOS="1058" LANG="en-US" VPOS="677" WIDTH="51" />
<SP HEIGHT="40" HPOS="1110" VPOS="677" WIDTH="39" />
<String CONTENT="the" HEIGHT="39" HPOS="1150" LANG="en-US" VPOS="678" WIDTH="81" />
<SP HEIGHT="40" HPOS="1232" VPOS="677" WIDTH="37" />
<String CONTENT="Hermine" HEIGHT="40" HPOS="1270" LANG="fr" VPOS="676" WIDTH="233" />
<SP HEIGHT="40" HPOS="1504" VPOS="676" WIDTH="40" />
<String CONTENT="Schonthal" HEIGHT="40" HPOS="1545" LANG="de" VPOS="676" WIDTH="264" />
<SP HEIGHT="38" HPOS="1810" VPOS="676" WIDTH="38" />
<String CONTENT="memorial" HEIGHT="39" HPOS="1849" LANG="en-US" VPOS="676" WIDTH="250" />
</TextLine>
<TextLine HEIGHT="49" HPOS="99" VPOS="733" WIDTH="496">
<String CONTENT="publication" HEIGHT="49" HPOS="99" VPOS="733" WIDTH="296" />
<SP HEIGHT="39" HPOS="396" VPOS="734" WIDTH="31" />
<String CONTENT="fund.&#8221;" HEIGHT="41" HPOS="428" VPOS="733" WIDTH="167" />
</TextLine>
<TextLine HEIGHT="51" HPOS="173" VPOS="787" WIDTH="1927">
<String CONTENT="&#8220;A" HEIGHT="40" HPOS="173" VPOS="789" WIDTH="67" />
<SP HEIGHT="40" HPOS="241" VPOS="789" WIDTH="34" />
<String CONTENT="companion" HEIGHT="49" HPOS="276" VPOS="788" WIDTH="285" />
<SP HEIGHT="29" HPOS="562" VPOS="801" WIDTH="34" />
<String CONTENT="volume" HEIGHT="39" HPOS="597" VPOS="791" WIDTH="192" />
<SP HEIGHT="39" HPOS="790" VPOS="792" WIDTH="31" />
<String CONTENT="to" HEIGHT="39" HPOS="822" VPOS="792" WIDTH="51" />
<SP HEIGHT="39" HPOS="874" VPOS="791" WIDTH="33" />
<String CONTENT="&#8216;The" HEIGHT="39" HPOS="908" VPOS="791" WIDTH="114" />
<SP HEIGHT="30" HPOS="1023" VPOS="800" WIDTH="33" />
<String CONTENT="voice" HEIGHT="42" HPOS="1057" VPOS="788" WIDTH="135" />
<SP HEIGHT="30" HPOS="1193" VPOS="800" WIDTH="33" />
<String CONTENT="of" HEIGHT="42" HPOS="1227" VPOS="788" WIDTH="52" />
<SP HEIGHT="41" HPOS="1280" VPOS="788" WIDTH="34" />
<String CONTENT="the" HEIGHT="40" HPOS="1315" VPOS="789" WIDTH="81" />
<SP HEIGHT="38" HPOS="1397" VPOS="799" WIDTH="35" />
<String CONTENT="prophets&#8217;" HEIGHT="50" HPOS="1433" VPOS="787" WIDTH="244" />
<SP HEIGHT="51" HPOS="1678" VPOS="787" WIDTH="37" />
<String CONTENT="[by" HEIGHT="50" HPOS="1716" VPOS="788" WIDTH="73" />
<SP HEIGHT="47" HPOS="1790" VPOS="789" WIDTH="37" />
<String CONTENT="Mamie" HEIGHT="41" HPOS="1828" VPOS="787" WIDTH="180" />
<SP HEIGHT="40" HPOS="2009" VPOS="788" WIDTH="37" />
<String CONTENT="G." HEIGHT="41" HPOS="2047" VPOS="788" WIDTH="53" />
</TextLine>
<TextLine CS="1" HEIGHT="41" HPOS="101" VPOS="847" WIDTH="538">
<String CONTENT="Gamoran]&#8221;&#8212;Introd." CS="1" HEIGHT="41" HPOS="101" VPOS="847" WIDTH="538" />
</TextLine>
<TextLine HEIGHT="50" HPOS="170" VPOS="903" WIDTH="640">
<String CONTENT="Bibliography" HEIGHT="49" HPOS="170" VPOS="903" WIDTH="348" />
<SP HEIGHT="38" HPOS="519" VPOS="914" WIDTH="17" />
<String CONTENT=":" HEIGHT="30" HPOS="537" VPOS="914" WIDTH="10" />
<SP HEIGHT="39" HPOS="548" VPOS="914" WIDTH="28" />
<String CONTENT="p." HEIGHT="38" HPOS="577" VPOS="915" WIDTH="43" />
<SP HEIGHT="39" HPOS="621" VPOS="905" WIDTH="29" />
<String CONTENT="45-46." HEIGHT="42" HPOS="651" VPOS="903" WIDTH="159" />
</TextLine>
<TextLine CS="1" HEIGHT="54" HPOS="100" VPOS="956" WIDTH="2001">
<String CONTENT="&#169;" HEIGHT="54" HPOS="100" VPOS="956" WIDTH="54" />
<SP HEIGHT="54" HPOS="155" VPOS="956" WIDTH="24" />
<String CONTENT="Nov." HEIGHT="41" HPOS="180" VPOS="961" WIDTH="120" />
<SP HEIGHT="40" HPOS="301" VPOS="962" WIDTH="31" />
<String CONTENT="10." HEIGHT="41" HPOS="333" VPOS="962" WIDTH="67" />
<SP HEIGHT="41" HPOS="401" VPOS="962" WIDTH="30" />
<String CONTENT="1936;" CS="1" HEIGHT="39" HPOS="432" VPOS="961" WIDTH="115" />
<SP HEIGHT="46" HPOS="573" VPOS="962" WIDTH="32" />
<String CONTENT="2c." HEIGHT="39" HPOS="606" VPOS="962" WIDTH="69" />
<SP HEIGHT="39" HPOS="676" VPOS="962" WIDTH="32" />
<String CONTENT="Nov." HEIGHT="40" HPOS="709" VPOS="962" WIDTH="116" />
<SP HEIGHT="42" HPOS="826" VPOS="960" WIDTH="32" />
<String CONTENT="25;" CS="1" HEIGHT="42" HPOS="859" VPOS="960" WIDTH="56" />
<SP HEIGHT="36" HPOS="942" VPOS="972" WIDTH="32" />
<String CONTENT="aff." HEIGHT="41" HPOS="975" VPOS="961" WIDTH="82" />
<SP HEIGHT="40" HPOS="1058" VPOS="962" WIDTH="31" />
<String CONTENT="Nov." HEIGHT="39" HPOS="1090" VPOS="962" WIDTH="118" />
<SP HEIGHT="41" HPOS="1209" VPOS="960" WIDTH="30" />
<String CONTENT="21;" CS="1" HEIGHT="40" HPOS="1240" VPOS="959" WIDTH="53" />
<SP HEIGHT="47" HPOS="1323" VPOS="960" WIDTH="34" />
<String CONTENT="A" HEIGHT="40" HPOS="1358" VPOS="960" WIDTH="38" />
<SP HEIGHT="41" HPOS="1397" VPOS="959" WIDTH="33" />
<String CONTENT="101006;" CS="1" HEIGHT="42" HPOS="1431" VPOS="957" WIDTH="172" />
<SP HEIGHT="47" HPOS="1631" VPOS="959" WIDTH="36" />
<String CONTENT="Union" HEIGHT="43" HPOS="1668" VPOS="957" WIDTH="155" />
<SP HEIGHT="29" HPOS="1824" VPOS="970" WIDTH="32" />
<String CONTENT="of" HEIGHT="42" HPOS="1857" VPOS="957" WIDTH="52" />
<SP HEIGHT="40" HPOS="1910" VPOS="957" WIDTH="33" />
<String CONTENT="Amer." HEIGHT="39" HPOS="1944" LANG="fi" VPOS="958" WIDTH="157" />
</TextLine>
<TextLine HEIGHT="49" HPOS="173" VPOS="1017" WIDTH="903">
<String CONTENT="Hebrew" HEIGHT="40" HPOS="173" VPOS="1018" WIDTH="207" />
<SP HEIGHT="28" HPOS="381" VPOS="1029" WIDTH="23" />
<String CONTENT="congregations." HEIGHT="48" HPOS="405" VPOS="1018" WIDTH="381" />
<SP HEIGHT="49" HPOS="787" VPOS="1017" WIDTH="65" />
<String CONTENT="(37-937)" HEIGHT="49" HPOS="853" VPOS="1017" WIDTH="223" />
</TextLine>
<TextLine HEIGHT="64" HPOS="100" STYLEREFS="StyleId-89F41503-F2FB-4F64-BC4F-A85772889CE5-" VPOS="1122" WIDTH="859">
<String CONTENT="Commerce" HEIGHT="53" HPOS="100" VPOS="1122" WIDTH="339" />
<SP HEIGHT="37" HPOS="440" VPOS="1139" WIDTH="26" />
<String CONTENT="clearing" HEIGHT="64" HPOS="467" VPOS="1122" WIDTH="262" />
<SP HEIGHT="64" HPOS="730" VPOS="1122" WIDTH="24" />
<String CONTENT="house." HEIGHT="55" HPOS="755" VPOS="1122" WIDTH="204" />
</TextLine>
<TextLine HEIGHT="70" HPOS="168" STYLEREFS="StyleId-4E8F476F-7432-41F7-B898-1FD90B7A4734-" VPOS="1195" WIDTH="1933">
<String CONTENT="Massachusetts" HEIGHT="53" HPOS="168" VPOS="1198" WIDTH="442" />
<SP HEIGHT="33" HPOS="611" VPOS="1217" WIDTH="38" />
<String CONTENT="security" HEIGHT="65" HPOS="650" VPOS="1200" WIDTH="245" />
<SP HEIGHT="49" HPOS="896" VPOS="1216" WIDTH="41" />
<String CONTENT="valuations;" HEIGHT="65" HPOS="938" VPOS="1200" WIDTH="350" />
<SP HEIGHT="48" HPOS="1289" VPOS="1217" WIDTH="44" />
<String CONTENT="approved" HEIGHT="68" HPOS="1334" VPOS="1196" WIDTH="293" />
<SP HEIGHT="53" HPOS="1628" VPOS="1196" WIDTH="39" />
<String CONTENT="lists" HEIGHT="52" HPOS="1668" VPOS="1197" WIDTH="126" />
<SP HEIGHT="35" HPOS="1795" VPOS="1214" WIDTH="41" />
<String CONTENT="of" HEIGHT="52" HPOS="1837" VPOS="1196" WIDTH="62" />
<SP HEIGHT="52" HPOS="1900" VPOS="1196" WIDTH="41" />
<String CONTENT="stock" HEIGHT="53" HPOS="1942" VPOS="1195" WIDTH="159" />
</TextLine>
<TextLine HEIGHT="71" HPOS="101" STYLEREFS="StyleId-4E8F476F-7432-41F7-B898-1FD90B7A4734-" VPOS="1272" WIDTH="2001">
<String CONTENT="and" HEIGHT="53" HPOS="101" VPOS="1277" WIDTH="113" />
<SP HEIGHT="53" HPOS="215" VPOS="1277" WIDTH="37" />
<String CONTENT="bond" HEIGHT="52" HPOS="253" VPOS="1277" WIDTH="149" />
<SP HEIGHT="52" HPOS="403" VPOS="1277" WIDTH="41" />
<String CONTENT="values" HEIGHT="52" HPOS="445" VPOS="1278" WIDTH="189" />
<SP HEIGHT="35" HPOS="635" VPOS="1295" WIDTH="42" />
<String CONTENT="as" HEIGHT="33" HPOS="678" VPOS="1295" WIDTH="59" />
<SP HEIGHT="34" HPOS="738" VPOS="1295" WIDTH="36" />
<String CONTENT="of" HEIGHT="53" HPOS="775" VPOS="1276" WIDTH="63" />
<SP HEIGHT="56" HPOS="839" VPOS="1276" WIDTH="38" />
<String CONTENT="January" HEIGHT="65" HPOS="878" VPOS="1278" WIDTH="263" />
<SP HEIGHT="62" HPOS="1142" VPOS="1281" WIDTH="40" />
<String CONTENT="1," HEIGHT="62" HPOS="1183" VPOS="1281" WIDTH="46" />
<SP HEIGHT="63" HPOS="1230" VPOS="1280" WIDTH="42" />
<String CONTENT="1916," HEIGHT="64" HPOS="1273" VPOS="1279" WIDTH="150" />
<SP HEIGHT="49" HPOS="1424" VPOS="1294" WIDTH="39" />
<String CONTENT="and" HEIGHT="53" HPOS="1464" VPOS="1275" WIDTH="113" />
<SP HEIGHT="53" HPOS="1578" VPOS="1275" WIDTH="39" />
<String CONTENT="official" HEIGHT="53" HPOS="1618" VPOS="1273" WIDTH="197" />
<SP HEIGHT="52" HPOS="1816" VPOS="1274" WIDTH="39" />
<String CONTENT="circular" HEIGHT="54" HPOS="1856" VPOS="1272" WIDTH="246" />
</TextLine>
<TextLine HEIGHT="70" HPOS="100" STYLEREFS="StyleId-4E8F476F-7432-41F7-B898-1FD90B7A4734-" VPOS="1351" WIDTH="2001">
<String CONTENT="letters," HEIGHT="54" HPOS="100" VPOS="1353" WIDTH="209" />
<SP HEIGHT="34" HPOS="310" VPOS="1373" WIDTH="40" />
<String CONTENT="establishing" HEIGHT="67" HPOS="351" VPOS="1354" WIDTH="375" />
<SP HEIGHT="62" HPOS="727" VPOS="1359" WIDTH="39" />
<String CONTENT="the" HEIGHT="52" HPOS="767" VPOS="1355" WIDTH="94" />
<SP HEIGHT="52" HPOS="862" VPOS="1355" WIDTH="40" />
<String CONTENT="basis" HEIGHT="52" HPOS="903" VPOS="1355" WIDTH="150" />
<SP HEIGHT="52" HPOS="1054" VPOS="1354" WIDTH="40" />
<String CONTENT="for" HEIGHT="53" HPOS="1095" VPOS="1354" WIDTH="93" />
<SP HEIGHT="34" HPOS="1189" VPOS="1372" WIDTH="38" />
<String CONTENT="computing" HEIGHT="66" HPOS="1228" VPOS="1354" WIDTH="336" />
<SP HEIGHT="49" HPOS="1565" VPOS="1371" WIDTH="36" />
<String CONTENT="gain" HEIGHT="68" HPOS="1602" VPOS="1351" WIDTH="136" />
<SP HEIGHT="34" HPOS="1739" VPOS="1370" WIDTH="39" />
<String CONTENT="or" HEIGHT="34" HPOS="1779" VPOS="1370" WIDTH="63" />
<SP HEIGHT="51" HPOS="1843" VPOS="1351" WIDTH="37" />
<String CONTENT="loss" HEIGHT="53" HPOS="1881" VPOS="1351" WIDTH="114" />
<SP HEIGHT="34" HPOS="1996" VPOS="1370" WIDTH="40" />
<String CONTENT="or" HEIGHT="34" HPOS="2037" VPOS="1370" WIDTH="64" />
</TextLine>
<TextLine CS="1" HEIGHT="147" HPOS="98" STYLEREFS="StyleId-4E8F476F-7432-41F7-B898-1FD90B7A4734-" VPOS="1429" WIDTH="2003">
<String CONTENT="other" HEIGHT="53" HPOS="99" VPOS="1431" WIDTH="161" />
<SP HEIGHT="48" HPOS="261" VPOS="1436" WIDTH="45" />
<String CONTENT="taxable" HEIGHT="53" HPOS="307" VPOS="1431" WIDTH="224" />
<SP HEIGHT="52" HPOS="532" VPOS="1432" WIDTH="47" />
<String CONTENT="income" HEIGHT="52" HPOS="580" VPOS="1432" WIDTH="217" />
<SP HEIGHT="34" HPOS="798" VPOS="1450" WIDTH="46" />
<String CONTENT="under" HEIGHT="52" HPOS="845" VPOS="1432" WIDTH="179" />
<SP HEIGHT="47" HPOS="1025" VPOS="1437" WIDTH="45" />
<String CONTENT="the" HEIGHT="52" HPOS="1071" VPOS="1432" WIDTH="94" />
<SP HEIGHT="53" HPOS="1166" VPOS="1431" WIDTH="47" />
<String CONTENT="Massachusetts" HEIGHT="52" HPOS="1214" VPOS="1431" WIDTH="443" />
<SP HEIGHT="49" HPOS="1658" VPOS="1447" WIDTH="44" />
<String CONTENT="personal" HEIGHT="66" HPOS="1703" VPOS="1430" WIDTH="265" />
<SP HEIGHT="52" HPOS="1969" VPOS="1429" WIDTH="47" />
<String CONTENT="income" HEIGHT="132" HPOS="98" VPOS="1429" WIDTH="1977" />
<SP HEIGHT="46" HPOS="251" VPOS="1516" WIDTH="55" />
<String CONTENT="tax" HEIGHT="46" HPOS="307" VPOS="1516" WIDTH="96" />
<SP HEIGHT="51" HPOS="404" VPOS="1509" WIDTH="54" />
<String CONTENT="law." HEIGHT="53" HPOS="459" VPOS="1509" WIDTH="127" />
<SP HEIGHT="52" HPOS="587" VPOS="1510" WIDTH="76" />
<String CONTENT="Boston." HEIGHT="51" HPOS="664" VPOS="1510" WIDTH="232" />
<SP HEIGHT="55" HPOS="897" VPOS="1508" WIDTH="57" />
<String CONTENT="Chicago" HEIGHT="68" HPOS="955" VPOS="1508" WIDTH="251" />
<SP HEIGHT="46" HPOS="1207" VPOS="1529" WIDTH="60" />
<String CONTENT="[etc.]" HEIGHT="63" HPOS="1268" VPOS="1513" WIDTH="136" />
<SP HEIGHT="68" HPOS="1405" VPOS="1508" WIDTH="63" />
<String CONTENT="Commerce" HEIGHT="55" HPOS="1469" VPOS="1508" WIDTH="324" />
<SP HEIGHT="34" HPOS="1794" VPOS="1525" WIDTH="53" />
<String CONTENT="clearing" HEIGHT="69" HPOS="1848" VPOS="1506" WIDTH="253" />
</TextLine>
<TextLine CS="1" HEIGHT="68" HPOS="97" STYLEREFS="StyleId-4E8F476F-7432-41F7-B898-1FD90B7A4734-" VPOS="1585" WIDTH="2004">
<String CONTENT="house," HEIGHT="67" HPOS="97" VPOS="1586" WIDTH="191" />
<SP HEIGHT="68" HPOS="289" VPOS="1585" WIDTH="48" />
<String CONTENT="inc.," CS="1" HEIGHT="55" HPOS="338" VPOS="1585" WIDTH="104" />
<SP HEIGHT="54" HPOS="463" VPOS="1588" WIDTH="46" />
<String CONTENT="Loose" HEIGHT="53" HPOS="510" VPOS="1588" WIDTH="178" />
<SP HEIGHT="53" HPOS="689" VPOS="1587" WIDTH="46" />
<String CONTENT="leaf" HEIGHT="54" HPOS="736" VPOS="1587" WIDTH="119" />
<SP HEIGHT="53" HPOS="856" VPOS="1587" WIDTH="47" />
<String CONTENT="service" HEIGHT="56" HPOS="904" VPOS="1585" WIDTH="210" />
<SP HEIGHT="53" HPOS="1115" VPOS="1587" WIDTH="48" />
<String CONTENT="division" HEIGHT="55" HPOS="1164" VPOS="1585" WIDTH="246" />
<SP HEIGHT="35" HPOS="1411" VPOS="1604" WIDTH="48" />
<String CONTENT="of" HEIGHT="54" HPOS="1460" VPOS="1585" WIDTH="63" />
<SP HEIGHT="54" HPOS="1524" VPOS="1585" WIDTH="45" />
<String CONTENT="the" HEIGHT="55" HPOS="1570" VPOS="1585" WIDTH="97" />
<SP HEIGHT="56" HPOS="1668" VPOS="1585" WIDTH="48" />
<String CONTENT="Corporation" HEIGHT="68" HPOS="1717" VPOS="1585" WIDTH="384" />
</TextLine>
<TextLine CS="1" HEIGHT="64" HPOS="98" STYLEREFS="StyleId-4E8F476F-7432-41F7-B898-1FD90B7A4734-" VPOS="1668" WIDTH="685">
<String CONTENT="trust" HEIGHT="47" HPOS="98" VPOS="1670" WIDTH="148" />
<SP HEIGHT="47" HPOS="247" VPOS="1670" WIDTH="27" />
<String CONTENT="company" CS="1" HEIGHT="48" HPOS="275" VPOS="1683" WIDTH="239" />
<SP HEIGHT="48" HPOS="554" VPOS="1684" WIDTH="34" />
<String CONTENT="[c1936]" CS="1" HEIGHT="64" HPOS="589" VPOS="1668" WIDTH="194" />
</TextLine>
<TextLine HEIGHT="49" HPOS="171" VPOS="1736" WIDTH="330">
<String CONTENT="136" HEIGHT="41" HPOS="171" VPOS="1736" WIDTH="85" />
<SP HEIGHT="49" HPOS="257" VPOS="1736" WIDTH="24" />
<String CONTENT="p." HEIGHT="37" HPOS="282" VPOS="1748" WIDTH="43" />
<SP HEIGHT="40" HPOS="326" VPOS="1736" WIDTH="57" />
<String CONTENT="23cm." HEIGHT="41" HPOS="384" VPOS="1736" WIDTH="117" />
</TextLine>
<TextLine HEIGHT="49" HPOS="171" VPOS="1793" WIDTH="1368">
<String CONTENT="On" HEIGHT="42" HPOS="171" VPOS="1793" WIDTH="71" />
<SP HEIGHT="30" HPOS="243" VPOS="1803" WIDTH="28" />
<String CONTENT="cover:" HEIGHT="31" HPOS="272" VPOS="1803" WIDTH="167" />
<SP HEIGHT="39" HPOS="440" VPOS="1795" WIDTH="31" />
<String CONTENT="Massachusetts" HEIGHT="41" HPOS="472" VPOS="1793" WIDTH="389" />
<SP HEIGHT="38" HPOS="862" VPOS="1795" WIDTH="29" />
<String CONTENT="tax" HEIGHT="38" HPOS="892" VPOS="1795" WIDTH="87" />
<SP HEIGHT="30" HPOS="980" VPOS="1803" WIDTH="27" />
<String CONTENT="service" HEIGHT="41" HPOS="1008" VPOS="1793" WIDTH="186" />
<SP HEIGHT="30" HPOS="1195" VPOS="1803" WIDTH="28" />
<String CONTENT="supplement." HEIGHT="48" HPOS="1224" VPOS="1794" WIDTH="315" />
</TextLine>
<TextLine CS="1" HEIGHT="54" HPOS="100" VPOS="1845" WIDTH="2004">
<String CONTENT="&#169;" HEIGHT="54" HPOS="100" VPOS="1845" WIDTH="53" />
<SP HEIGHT="54" HPOS="154" VPOS="1845" WIDTH="36" />
<String CONTENT="Aug." HEIGHT="47" HPOS="191" VPOS="1851" WIDTH="121" />
<SP HEIGHT="42" HPOS="313" VPOS="1849" WIDTH="35" />
<String CONTENT="27," HEIGHT="47" HPOS="349" VPOS="1849" WIDTH="70" />
<SP HEIGHT="46" HPOS="420" VPOS="1850" WIDTH="38" />
<String CONTENT="1936;" CS="1" HEIGHT="41" HPOS="459" VPOS="1849" WIDTH="115" />
<SP HEIGHT="48" HPOS="601" VPOS="1849" WIDTH="40" />
<String CONTENT="2c." HEIGHT="42" HPOS="642" VPOS="1849" WIDTH="67" />
<SP HEIGHT="31" HPOS="710" VPOS="1860" WIDTH="39" />
<String CONTENT="and" HEIGHT="40" HPOS="750" VPOS="1850" WIDTH="96" />
<SP HEIGHT="40" HPOS="847" VPOS="1850" WIDTH="39" />
<String CONTENT="aff." HEIGHT="40" HPOS="887" VPOS="1850" WIDTH="82" />
<SP HEIGHT="41" HPOS="970" VPOS="1850" WIDTH="39" />
<String CONTENT="Sept." HEIGHT="48" HPOS="1010" VPOS="1850" WIDTH="126" />
<SP HEIGHT="41" HPOS="1137" VPOS="1849" WIDTH="40" />
<String CONTENT="3;" CS="1" HEIGHT="41" HPOS="1178" VPOS="1849" WIDTH="26" />
<SP HEIGHT="46" HPOS="1232" VPOS="1851" WIDTH="41" />
<String CONTENT="A" HEIGHT="39" HPOS="1274" VPOS="1851" WIDTH="41" />
<SP HEIGHT="41" HPOS="1316" VPOS="1849" WIDTH="37" />
<String CONTENT="98280;" CS="1" HEIGHT="41" HPOS="1354" VPOS="1849" WIDTH="145" />
<SP HEIGHT="47" HPOS="1526" VPOS="1850" WIDTH="42" />
<String CONTENT="Commerce" HEIGHT="40" HPOS="1569" VPOS="1850" WIDTH="277" />
<SP HEIGHT="31" HPOS="1847" VPOS="1859" WIDTH="37" />
<String CONTENT="clearing" HEIGHT="50" HPOS="1885" VPOS="1848" WIDTH="219" />
</TextLine>
<TextLine HEIGHT="49" HPOS="169" VPOS="1906" WIDTH="281">
<String CONTENT="house," HEIGHT="48" HPOS="169" VPOS="1907" WIDTH="164" />
<SP HEIGHT="49" HPOS="334" VPOS="1906" WIDTH="26" />
<String CONTENT="inc." HEIGHT="41" HPOS="361" VPOS="1906" WIDTH="89" />
</TextLine>
<TextLine CS="1" HEIGHT="147" HPOS="98" STYLEREFS="StyleId-4E8F476F-7432-41F7-B898-1FD90B7A4734-" VPOS="2008" WIDTH="2003">
<String CONTENT="New" HEIGHT="52" HPOS="169" VPOS="2009" WIDTH="138" />
<SP HEIGHT="34" HPOS="308" VPOS="2028" WIDTH="36" />
<String CONTENT="and" HEIGHT="54" HPOS="345" VPOS="2009" WIDTH="113" />
<SP HEIGHT="54" HPOS="459" VPOS="2009" WIDTH="37" />
<String CONTENT="amended" HEIGHT="53" HPOS="497" VPOS="2010" WIDTH="275" />
<SP HEIGHT="52" HPOS="773" VPOS="2010" WIDTH="37" />
<String CONTENT="sections" HEIGHT="52" HPOS="811" VPOS="2010" WIDTH="237" />
<SP HEIGHT="51" HPOS="1049" VPOS="2011" WIDTH="37" />
<String CONTENT="Revenue" HEIGHT="52" HPOS="1087" VPOS="2011" WIDTH="265" />
<SP HEIGHT="34" HPOS="1353" VPOS="2028" WIDTH="38" />
<String CONTENT="act," HEIGHT="62" HPOS="1392" VPOS="2014" WIDTH="105" />
<SP HEIGHT="62" HPOS="1498" VPOS="2014" WIDTH="39" />
<String CONTENT="1936," HEIGHT="63" HPOS="1538" VPOS="2013" WIDTH="151" />
<SP HEIGHT="46" HPOS="1690" VPOS="2030" WIDTH="35" />
<String CONTENT="with" HEIGHT="57" HPOS="1726" VPOS="2008" WIDTH="141" />
<SP HEIGHT="53" HPOS="1868" VPOS="2010" WIDTH="37" />
<String CONTENT="explanation" HEIGHT="128" HPOS="98" VPOS="2011" WIDTH="1978" />
<SP />
<String CONTENT="&#8230;" CS="1" />
<SP HEIGHT="54" HPOS="384" VPOS="2087" WIDTH="69" />
<String CONTENT="Chicago," HEIGHT="66" HPOS="454" VPOS="2087" WIDTH="269" />
<SP HEIGHT="64" HPOS="724" VPOS="2089" WIDTH="26" />
<String CONTENT="New" HEIGHT="51" HPOS="751" VPOS="2089" WIDTH="138" />
<SP HEIGHT="51" HPOS="890" VPOS="2089" WIDTH="27" />
<String CONTENT="York" HEIGHT="54" HPOS="918" VPOS="2087" WIDTH="162" />
<SP HEIGHT="67" HPOS="1081" VPOS="2087" WIDTH="28" />
<String CONTENT="[etc.]" HEIGHT="61" HPOS="1110" VPOS="2093" WIDTH="138" />
<SP HEIGHT="66" HPOS="1249" VPOS="2088" WIDTH="32" />
<String CONTENT="Commerce" HEIGHT="54" HPOS="1282" VPOS="2088" WIDTH="326" />
<SP HEIGHT="36" HPOS="1609" VPOS="2105" WIDTH="22" />
<String CONTENT="clearing" HEIGHT="68" HPOS="1632" VPOS="2087" WIDTH="252" />
<SP HEIGHT="67" HPOS="1885" VPOS="2088" WIDTH="23" />
<String CONTENT="house," HEIGHT="67" HPOS="1909" VPOS="2088" WIDTH="192" />
</TextLine>
<TextLine CS="1" HEIGHT="69" HPOS="98" STYLEREFS="StyleId-4E8F476F-7432-41F7-B898-1FD90B7A4734-" VPOS="2163" WIDTH="2004">
<String CONTENT="inc.," HEIGHT="64" HPOS="98" VPOS="2165" WIDTH="126" />
<SP HEIGHT="63" HPOS="225" VPOS="2166" WIDTH="52" />
<String CONTENT="Loose" HEIGHT="51" HPOS="278" VPOS="2166" WIDTH="176" />
<SP HEIGHT="52" HPOS="455" VPOS="2165" WIDTH="52" />
<String CONTENT="leaf" HEIGHT="52" HPOS="508" VPOS="2165" WIDTH="119" />
<SP HEIGHT="51" HPOS="628" VPOS="2165" WIDTH="53" />
<String CONTENT="service" HEIGHT="52" HPOS="682" VPOS="2166" WIDTH="207" />
<SP HEIGHT="51" HPOS="890" VPOS="2166" WIDTH="54" />
<String CONTENT="division" HEIGHT="54" HPOS="945" VPOS="2163" WIDTH="247" />
<SP HEIGHT="34" HPOS="1193" VPOS="2184" WIDTH="54" />
<String CONTENT="of" HEIGHT="53" HPOS="1248" VPOS="2165" WIDTH="62" />
<SP HEIGHT="52" HPOS="1311" VPOS="2165" WIDTH="52" />
<String CONTENT="the" HEIGHT="51" HPOS="1364" VPOS="2166" WIDTH="95" />
<SP HEIGHT="55" HPOS="1460" VPOS="2166" WIDTH="54" />
<String CONTENT="Corporation" HEIGHT="68" HPOS="1515" VPOS="2164" WIDTH="381" />
<SP HEIGHT="46" HPOS="1897" VPOS="2171" WIDTH="52" />
<String CONTENT="trust" HEIGHT="48" HPOS="1950" VPOS="2171" WIDTH="152" />
</TextLine>
<TextLine CS="1" HEIGHT="66" HPOS="99" STYLEREFS="StyleId-4E8F476F-7432-41F7-B898-1FD90B7A4734-" VPOS="2245" WIDTH="503">
<String CONTENT="company" CS="1" HEIGHT="48" HPOS="99" VPOS="2262" WIDTH="237" />
<SP HEIGHT="48" HPOS="378" VPOS="2263" WIDTH="31" />
<String CONTENT="[c1936]" CS="1" HEIGHT="66" HPOS="410" VPOS="2245" WIDTH="192" />
</TextLine>
<TextLine HEIGHT="50" HPOS="169" VPOS="2314" WIDTH="299">
<String CONTENT="80" HEIGHT="41" HPOS="169" VPOS="2314" WIDTH="57" />
<SP HEIGHT="50" HPOS="227" VPOS="2314" WIDTH="24" />
<String CONTENT="p." HEIGHT="38" HPOS="252" VPOS="2326" WIDTH="44" />
<SP HEIGHT="40" HPOS="297" VPOS="2315" WIDTH="53" />
<String CONTENT="23cm." HEIGHT="42" HPOS="351" VPOS="2314" WIDTH="117" />
</TextLine>
<TextLine HEIGHT="54" HPOS="100" VPOS="2367" WIDTH="2003">
<String CONTENT="&#169;" HEIGHT="54" HPOS="100" VPOS="2367" WIDTH="54" />
<SP HEIGHT="54" HPOS="155" VPOS="2367" WIDTH="28" />
<String CONTENT="June" HEIGHT="41" HPOS="184" VPOS="2372" WIDTH="128" />
<SP HEIGHT="42" HPOS="313" VPOS="2371" WIDTH="26" />
<String CONTENT="21," HEIGHT="44" HPOS="340" VPOS="2371" WIDTH="69" />
<SP HEIGHT="42" HPOS="410" VPOS="2373" WIDTH="30" />
<String CONTENT="1936;" HEIGHT="48" HPOS="441" VPOS="2371" WIDTH="140" />
<SP HEIGHT="48" HPOS="582" VPOS="2371" WIDTH="31" />
<String CONTENT="2c." HEIGHT="41" HPOS="614" VPOS="2371" WIDTH="68" />
<SP HEIGHT="40" HPOS="683" VPOS="2372" WIDTH="31" />
<String CONTENT="July" HEIGHT="47" HPOS="715" VPOS="2372" WIDTH="115" />
<SP HEIGHT="47" HPOS="831" VPOS="2372" WIDTH="29" />
<String CONTENT="3;" HEIGHT="46" HPOS="861" VPOS="2372" WIDTH="53" />
<SP HEIGHT="37" HPOS="915" VPOS="2381" WIDTH="32" />
<String CONTENT="aff." HEIGHT="40" HPOS="948" VPOS="2372" WIDTH="83" />
<SP HEIGHT="40" HPOS="1032" VPOS="2372" WIDTH="32" />
<String CONTENT="July" HEIGHT="47" HPOS="1065" VPOS="2372" WIDTH="115" />
<SP HEIGHT="48" HPOS="1181" VPOS="2371" WIDTH="29" />
<String CONTENT="2;" HEIGHT="48" HPOS="1211" VPOS="2371" WIDTH="52" />
<SP HEIGHT="46" HPOS="1264" VPOS="2373" WIDTH="35" />
<String CONTENT="A" HEIGHT="38" HPOS="1300" VPOS="2373" WIDTH="38" />
<SP HEIGHT="40" HPOS="1339" VPOS="2371" WIDTH="29" />
<String CONTENT="95921;" HEIGHT="48" HPOS="1369" VPOS="2371" WIDTH="172" />
<SP HEIGHT="47" HPOS="1542" VPOS="2372" WIDTH="36" />
<String CONTENT="Commerce" HEIGHT="41" HPOS="1579" VPOS="2372" WIDTH="275" />
<SP HEIGHT="29" HPOS="1855" VPOS="2383" WIDTH="30" />
<String CONTENT="clearing" HEIGHT="44" HPOS="1886" VPOS="2373" WIDTH="217" />
</TextLine>
<TextLine HEIGHT="48" HPOS="172" VPOS="2428" WIDTH="280">
<String CONTENT="house," HEIGHT="48" HPOS="172" VPOS="2428" WIDTH="163" />
<SP HEIGHT="47" HPOS="336" VPOS="2429" WIDTH="25" />
<String CONTENT="inc." HEIGHT="40" HPOS="362" VPOS="2429" WIDTH="90" />
</TextLine>
<TextLine HEIGHT="64" HPOS="100" STYLEREFS="StyleId-89F41503-F2FB-4F64-BC4F-A85772889CE5-" VPOS="2531" WIDTH="1368">
<String CONTENT="Connecticut" HEIGHT="54" HPOS="100" VPOS="2531" WIDTH="383" />
<SP HEIGHT="50" HPOS="484" VPOS="2535" WIDTH="24" />
<String CONTENT="special" HEIGHT="63" HPOS="509" VPOS="2532" WIDTH="217" />
<SP HEIGHT="51" HPOS="727" VPOS="2534" WIDTH="26" />
<String CONTENT="education" HEIGHT="54" HPOS="754" VPOS="2532" WIDTH="309" />
<SP HEIGHT="35" HPOS="1064" VPOS="2550" WIDTH="27" />
<String CONTENT="association." HEIGHT="58" HPOS="1092" VPOS="2532" WIDTH="376" />
</TextLine>
<TextLine HEIGHT="69" HPOS="169" STYLEREFS="StyleId-4E8F476F-7432-41F7-B898-1FD90B7A4734-" VPOS="2609" WIDTH="1930">
<String CONTENT="Development" HEIGHT="66" HPOS="169" VPOS="2609" WIDTH="410" />
<SP HEIGHT="46" HPOS="580" VPOS="2616" WIDTH="44" />
<String CONTENT="and" HEIGHT="52" HPOS="625" VPOS="2610" WIDTH="113" />
<SP HEIGHT="67" HPOS="739" VPOS="2610" WIDTH="42" />
<String CONTENT="progress" HEIGHT="49" HPOS="782" VPOS="2628" WIDTH="261" />
<SP HEIGHT="34" HPOS="1044" VPOS="2629" WIDTH="42" />
<String CONTENT="of" HEIGHT="53" HPOS="1087" VPOS="2610" WIDTH="63" />
<SP HEIGHT="52" HPOS="1151" VPOS="2610" WIDTH="39" />
<String CONTENT="special" HEIGHT="67" HPOS="1191" VPOS="2609" WIDTH="208" />
<SP HEIGHT="52" HPOS="1400" VPOS="2610" WIDTH="43" />
<String CONTENT="classes" HEIGHT="54" HPOS="1444" VPOS="2610" WIDTH="201" />
<SP HEIGHT="54" HPOS="1646" VPOS="2609" WIDTH="40" />
<String CONTENT="for" HEIGHT="54" HPOS="1687" VPOS="2609" WIDTH="95" />
<SP HEIGHT="33" HPOS="1783" VPOS="2630" WIDTH="39" />
<String CONTENT="mentally" HEIGHT="67" HPOS="1823" VPOS="2611" WIDTH="276" />
</TextLine>
<TextLine HEIGHT="71" HPOS="100" STYLEREFS="StyleId-4E8F476F-7432-41F7-B898-1FD90B7A4734-" VPOS="2685" WIDTH="2000">
<String CONTENT="deficient" HEIGHT="54" HPOS="100" VPOS="2685" WIDTH="258" />
<SP HEIGHT="46" HPOS="359" VPOS="2692" WIDTH="37" />
<String CONTENT="children" HEIGHT="53" HPOS="397" VPOS="2687" WIDTH="258" />
<SP HEIGHT="52" HPOS="656" VPOS="2689" WIDTH="36" />
<String CONTENT="in" HEIGHT="52" HPOS="693" VPOS="2689" WIDTH="59" />
<SP HEIGHT="55" HPOS="753" VPOS="2688" WIDTH="37" />
<String CONTENT="Connecticut," HEIGHT="56" HPOS="791" VPOS="2687" WIDTH="386" />
<SP HEIGHT="37" HPOS="1178" VPOS="2705" WIDTH="36" />
<String CONTENT="compiled" HEIGHT="67" HPOS="1215" VPOS="2688" WIDTH="280" />
<SP HEIGHT="52" HPOS="1496" VPOS="2688" WIDTH="40" />
<String CONTENT="and" HEIGHT="52" HPOS="1537" VPOS="2688" WIDTH="110" />
<SP HEIGHT="67" HPOS="1648" VPOS="2688" WIDTH="36" />
<String CONTENT="published" HEIGHT="68" HPOS="1685" VPOS="2687" WIDTH="303" />
<SP HEIGHT="53" HPOS="1989" VPOS="2688" WIDTH="35" />
<String CONTENT="by" HEIGHT="67" HPOS="2025" VPOS="2689" WIDTH="75" />
</TextLine>
<TextLine HEIGHT="71" HPOS="100" STYLEREFS="StyleId-4E8F476F-7432-41F7-B898-1FD90B7A4734-" VPOS="2763" WIDTH="2000">
<String CONTENT="Connecticut" HEIGHT="55" HPOS="100" VPOS="2763" WIDTH="367" />
<SP HEIGHT="47" HPOS="468" VPOS="2769" WIDTH="27" />
<String CONTENT="special" HEIGHT="66" HPOS="496" VPOS="2765" WIDTH="207" />
<SP HEIGHT="53" HPOS="704" VPOS="2765" WIDTH="27" />
<String CONTENT="education" HEIGHT="54" HPOS="732" VPOS="2764" WIDTH="301" />
<SP HEIGHT="34" HPOS="1034" VPOS="2784" WIDTH="28" />
<String CONTENT="association." HEIGHT="54" HPOS="1063" VPOS="2764" WIDTH="351" />
<SP HEIGHT="52" HPOS="1415" VPOS="2767" WIDTH="64" />
<String CONTENT="New" HEIGHT="52" HPOS="1480" VPOS="2767" WIDTH="139" />
<SP HEIGHT="51" HPOS="1620" VPOS="2767" WIDTH="25" />
<String CONTENT="Haven," HEIGHT="66" HPOS="1646" VPOS="2767" WIDTH="224" />
<SP HEIGHT="66" HPOS="1871" VPOS="2767" WIDTH="29" />
<String CONTENT="Conn.," HEIGHT="67" HPOS="1901" VPOS="2767" WIDTH="199" />
</TextLine>
<TextLine HEIGHT="51" HPOS="101" STYLEREFS="StyleId-4E8F476F-7432-41F7-B898-1FD90B7A4734-" VPOS="2844" WIDTH="149">
<String CONTENT="1936." HEIGHT="51" HPOS="101" VPOS="2844" WIDTH="149" />
</TextLine>
<TextLine HEIGHT="51" HPOS="172" VPOS="2913" WIDTH="924">
<String CONTENT="vi," HEIGHT="48" HPOS="172" VPOS="2913" WIDTH="63" />
<SP HEIGHT="30" HPOS="236" VPOS="2934" WIDTH="27" />
<String CONTENT="[2]," HEIGHT="51" HPOS="264" VPOS="2913" WIDTH="71" />
<SP HEIGHT="46" HPOS="336" VPOS="2916" WIDTH="27" />
<String CONTENT="125" HEIGHT="42" HPOS="364" VPOS="2913" WIDTH="84" />
<SP HEIGHT="49" HPOS="449" VPOS="2914" WIDTH="24" />
<String CONTENT="p." HEIGHT="38" HPOS="474" VPOS="2925" WIDTH="43" />
<SP HEIGHT="38" HPOS="518" VPOS="2925" WIDTH="54" />
<String CONTENT="plates," HEIGHT="47" HPOS="573" VPOS="2916" WIDTH="174" />
<SP HEIGHT="37" HPOS="748" VPOS="2926" WIDTH="26" />
<String CONTENT="ports." HEIGHT="45" HPOS="775" VPOS="2918" WIDTH="148" />
<SP HEIGHT="42" HPOS="924" VPOS="2914" WIDTH="55" />
<String CONTENT="23cm." HEIGHT="42" HPOS="980" VPOS="2914" WIDTH="116" />
</TextLine>
<TextLine HEIGHT="51" HPOS="176" VPOS="2970" WIDTH="1926">
<String CONTENT="On" HEIGHT="41" HPOS="176" VPOS="2970" WIDTH="70" />
<SP HEIGHT="30" HPOS="247" VPOS="2980" WIDTH="23" />
<String CONTENT="cover" HEIGHT="30" HPOS="271" VPOS="2980" WIDTH="140" />
<SP HEIGHT="30" HPOS="412" VPOS="2981" WIDTH="16" />
<String CONTENT=":" HEIGHT="29" HPOS="429" VPOS="2982" WIDTH="9" />
<SP HEIGHT="39" HPOS="439" VPOS="2972" WIDTH="26" />
<String CONTENT="History" HEIGHT="48" HPOS="466" VPOS="2971" WIDTH="205" />
<SP HEIGHT="37" HPOS="672" VPOS="2982" WIDTH="24" />
<String CONTENT="of" HEIGHT="39" HPOS="697" VPOS="2972" WIDTH="51" />
<SP HEIGHT="40" HPOS="749" VPOS="2972" WIDTH="24" />
<String CONTENT="special" HEIGHT="49" HPOS="774" VPOS="2972" WIDTH="178" />
<SP HEIGHT="40" HPOS="953" VPOS="2972" WIDTH="28" />
<String CONTENT="education" HEIGHT="40" HPOS="982" VPOS="2972" WIDTH="254" />
<SP HEIGHT="39" HPOS="1237" VPOS="2972" WIDTH="27" />
<String CONTENT="for" HEIGHT="39" HPOS="1265" VPOS="2972" WIDTH="78" />
<SP HEIGHT="29" HPOS="1344" VPOS="2982" WIDTH="24" />
<String CONTENT="mentally" HEIGHT="48" HPOS="1369" VPOS="2972" WIDTH="234" />
<SP HEIGHT="48" HPOS="1604" VPOS="2972" WIDTH="26" />
<String CONTENT="deficient" HEIGHT="41" HPOS="1631" VPOS="2972" WIDTH="222" />
<SP HEIGHT="38" HPOS="1854" VPOS="2975" WIDTH="26" />
<String CONTENT="children" HEIGHT="41" HPOS="1881" VPOS="2972" WIDTH="221" />
</TextLine>
<TextLine HEIGHT="42" HPOS="101" VPOS="3026" WIDTH="405">
<String CONTENT="in" HEIGHT="40" HPOS="101" VPOS="3026" WIDTH="50" />
<SP HEIGHT="41" HPOS="152" VPOS="3027" WIDTH="26" />
<String CONTENT="Connecticut." HEIGHT="41" HPOS="179" VPOS="3027" WIDTH="327" />
</TextLine>
<TextLine CS="1" HEIGHT="54" HPOS="102" VPOS="3080" WIDTH="1997">
<String CONTENT="&#169;" HEIGHT="53" HPOS="102" VPOS="3080" WIDTH="53" />
<SP HEIGHT="53" HPOS="156" VPOS="3080" WIDTH="28" />
<String CONTENT="Oct." HEIGHT="41" HPOS="185" VPOS="3084" WIDTH="101" />
<SP HEIGHT="40" HPOS="287" VPOS="3084" WIDTH="29" />
<String CONTENT="30," HEIGHT="48" HPOS="317" VPOS="3083" WIDTH="69" />
<SP HEIGHT="46" HPOS="387" VPOS="3085" WIDTH="30" />
<String CONTENT="1936;" HEIGHT="48" HPOS="418" VPOS="3083" WIDTH="140" />
<SP HEIGHT="48" HPOS="559" VPOS="3083" WIDTH="30" />
<String CONTENT="2c." HEIGHT="41" HPOS="590" VPOS="3083" WIDTH="66" />
<SP HEIGHT="38" HPOS="657" VPOS="3086" WIDTH="33" />
<String CONTENT="Dec." HEIGHT="39" HPOS="691" VPOS="3086" WIDTH="110" />
<SP HEIGHT="39" HPOS="802" VPOS="3085" WIDTH="29" />
<String CONTENT="9;" HEIGHT="46" HPOS="832" VPOS="3085" WIDTH="53" />
<SP HEIGHT="36" HPOS="886" VPOS="3095" WIDTH="33" />
<String CONTENT="aff." HEIGHT="39" HPOS="920" VPOS="3085" WIDTH="80" />
<SP HEIGHT="38" HPOS="1001" VPOS="3086" WIDTH="32" />
<String CONTENT="Dec." HEIGHT="39" HPOS="1034" VPOS="3086" WIDTH="113" />
<SP HEIGHT="42" HPOS="1148" VPOS="3083" WIDTH="28" />
<String CONTENT="8" CS="1" />
<String CONTENT=";" HEIGHT="33" HPOS="1221" LANG="fi" VPOS="3095" WIDTH="10" />
<SP HEIGHT="42" HPOS="1232" VPOS="3086" WIDTH="32" />
<String CONTENT="A" HEIGHT="38" HPOS="1265" VPOS="3086" WIDTH="39" />
<SP HEIGHT="38" HPOS="1305" VPOS="3086" WIDTH="30" />
<String CONTENT="100852;" HEIGHT="48" HPOS="1336" VPOS="3084" WIDTH="199" />
<SP HEIGHT="46" HPOS="1536" VPOS="3086" WIDTH="35" />
<String CONTENT="Connecticut" HEIGHT="40" HPOS="1572" VPOS="3086" WIDTH="316" />
<SP HEIGHT="37" HPOS="1889" VPOS="3088" WIDTH="32" />
<String CONTENT="special" HEIGHT="48" HPOS="1922" VPOS="3086" WIDTH="177" />
</TextLine>
<TextLine HEIGHT="48" HPOS="172" VPOS="3140" WIDTH="1125">
<String CONTENT="education" HEIGHT="41" HPOS="172" VPOS="3140" WIDTH="256" />
<SP HEIGHT="29" HPOS="429" VPOS="3151" WIDTH="25" />
<String CONTENT="assn.." HEIGHT="33" HPOS="455" VPOS="3151" WIDTH="142" />
<SP HEIGHT="42" HPOS="598" VPOS="3142" WIDTH="23" />
<String CONTENT="New" HEIGHT="39" HPOS="622" VPOS="3142" WIDTH="118" />
<SP HEIGHT="38" HPOS="741" VPOS="3143" WIDTH="23" />
<String CONTENT="Haven." HEIGHT="39" HPOS="765" VPOS="3143" WIDTH="186" />
<SP HEIGHT="42" HPOS="952" VPOS="3146" WIDTH="65" />
<String CONTENT="(36-20863)" HEIGHT="48" HPOS="1018" VPOS="3140" WIDTH="279" />
</TextLine>
<TextLine HEIGHT="63" HPOS="102" STYLEREFS="StyleId-89F41503-F2FB-4F64-BC4F-A85772889CE5-" VPOS="3243" WIDTH="880">
<String CONTENT="Courtois-Suffit," HEIGHT="63" HPOS="102" VPOS="3243" WIDTH="489" />
<SP HEIGHT="60" HPOS="592" VPOS="3246" WIDTH="29" />
<String CONTENT="Maurice" HEIGHT="53" HPOS="622" VPOS="3246" WIDTH="262" />
<SP HEIGHT="53" HPOS="885" VPOS="3246" WIDTH="31" />
<String CONTENT="E." HEIGHT="51" HPOS="917" VPOS="3246" WIDTH="65" />
</TextLine>
<TextLine CS="1" HEIGHT="145" HPOS="101" STYLEREFS="StyleId-4E8F476F-7432-41F7-B898-1FD90B7A4734-" VPOS="3320" WIDTH="1971">
<String CONTENT="Le" HEIGHT="52" HPOS="170" LANG="fr" VPOS="3320" WIDTH="77" />
<SP HEIGHT="51" HPOS="248" VPOS="3321" WIDTH="26" />
<String CONTENT="Lyc&#233;e" HEIGHT="66" HPOS="275" LANG="fr" VPOS="3321" WIDTH="178" />
<SP HEIGHT="54" HPOS="454" VPOS="3322" WIDTH="29" />
<String CONTENT="Carnot," HEIGHT="66" HPOS="484" LANG="en-US" VPOS="3322" WIDTH="232" />
<SP HEIGHT="47" HPOS="717" VPOS="3341" WIDTH="28" />
<String CONTENT="par" HEIGHT="47" HPOS="746" LANG="en-US" VPOS="3341" WIDTH="105" />
<SP HEIGHT="50" HPOS="852" VPOS="3324" WIDTH="27" />
<String CONTENT="Maurice" HEIGHT="54" HPOS="880" LANG="en-US" VPOS="3321" WIDTH="254" />
<SP HEIGHT="55" HPOS="1135" VPOS="3322" WIDTH="28" />
<String CONTENT="Courtois-Suffit." HEIGHT="55" HPOS="1164" LANG="en-US" VPOS="3322" WIDTH="473" />
<SP HEIGHT="51" HPOS="1638" VPOS="3326" WIDTH="63" />
<String CONTENT="Paris," HEIGHT="65" HPOS="1702" LANG="en-US" VPOS="3325" WIDTH="185" />
<SP HEIGHT="65" HPOS="1888" VPOS="3325" WIDTH="28" />
<String CONTENT="Gallimard" HEIGHT="126" HPOS="101" LANG="fr" VPOS="3324" WIDTH="1971" />
<SP HEIGHT="66" HPOS="263" VPOS="3398" WIDTH="31" />
<String CONTENT="[1936]" HEIGHT="64" HPOS="295" LANG="en-US" VPOS="3401" WIDTH="172" />
</TextLine>
<TextLine HEIGHT="49" HPOS="173" LANG="fr" VPOS="3469" WIDTH="685">
<String CONTENT="1" HEIGHT="39" HPOS="173" LANG="en-US" VPOS="3469" WIDTH="22" />
<SP HEIGHT="39" HPOS="196" VPOS="3469" WIDTH="27" />
<String CONTENT="V." HEIGHT="30" HPOS="224" LANG="en-US" VPOS="3480" WIDTH="43" />
<SP HEIGHT="46" HPOS="268" VPOS="3470" WIDTH="62" />
<String CONTENT="(Coll&#232;ges" HEIGHT="47" HPOS="331" VPOS="3470" WIDTH="240" />
<SP HEIGHT="30" HPOS="572" VPOS="3481" WIDTH="27" />
<String CONTENT="et" HEIGHT="36" HPOS="600" VPOS="3475" WIDTH="46" />
<SP HEIGHT="39" HPOS="647" VPOS="3472" WIDTH="28" />
<String CONTENT="lyc&#233;es)" HEIGHT="47" HPOS="676" VPOS="3471" WIDTH="182" />
</TextLine>
<TextLine CS="1" HEIGHT="55" HPOS="101" VPOS="3521" WIDTH="1999">
<String CONTENT="&#169;" HEIGHT="54" HPOS="101" LANG="fr" VPOS="3521" WIDTH="54" />
<SP HEIGHT="54" HPOS="156" VPOS="3521" WIDTH="30" />
<String CONTENT="June" HEIGHT="42" HPOS="187" LANG="en-US" VPOS="3526" WIDTH="126" />
<SP HEIGHT="41" HPOS="314" VPOS="3527" WIDTH="28" />
<String CONTENT="15," HEIGHT="44" HPOS="343" LANG="fr" VPOS="3527" WIDTH="69" />
<SP HEIGHT="43" HPOS="413" VPOS="3528" WIDTH="32" />
<String CONTENT="1936;" HEIGHT="49" HPOS="446" LANG="fr" VPOS="3526" WIDTH="140" />
<SP />
<String CONTENT="1c." CS="1" LANG="fr" />
<SP />
<String CONTENT="July" HEIGHT="48" HPOS="722" LANG="en-US" VPOS="3528" WIDTH="116" />
<SP HEIGHT="47" HPOS="839" VPOS="3529" WIDTH="31" />
<String CONTENT="16:" HEIGHT="42" HPOS="871" LANG="fr" VPOS="3528" WIDTH="81" />
<SP HEIGHT="41" HPOS="953" VPOS="3529" WIDTH="34" />
<String CONTENT="A-" HEIGHT="39" HPOS="988" LANG="fr" VPOS="3529" WIDTH="98" />
<String CONTENT="Foreign" HEIGHT="43" HPOS="1092" LANG="en-US" VPOS="3528" WIDTH="205" />
<SP HEIGHT="41" HPOS="1298" VPOS="3528" WIDTH="31" />
<String CONTENT="32378;" HEIGHT="48" HPOS="1330" LANG="fr" VPOS="3528" WIDTH="171" />
<SP HEIGHT="46" HPOS="1502" VPOS="3530" WIDTH="36" />
<String CONTENT="Librairie" HEIGHT="42" HPOS="1539" LANG="fr" VPOS="3528" WIDTH="240" />
<SP HEIGHT="40" HPOS="1780" VPOS="3530" WIDTH="34" />
<String CONTENT="Gallimard." HEIGHT="41" HPOS="1815" LANG="fr" VPOS="3529" WIDTH="285" />
</TextLine>
<TextLine CS="1" HEIGHT="63" HPOS="108" LANG="fr" STYLEREFS="StyleId-89F41503-F2FB-4F64-BC4F-A85772889CE5-" VPOS="3618" WIDTH="504">
<String CONTENT="Dacqu" HEIGHT="61" HPOS="108" VPOS="3618" WIDTH="201" />
<String CONTENT="&#233;" CS="1" LANG="en-US" />
<String CONTENT="," HEIGHT="21" HPOS="349" VPOS="3656" WIDTH="13" />
<SP HEIGHT="59" HPOS="363" VPOS="3618" WIDTH="31" />
<String CONTENT="Edgar." HEIGHT="63" HPOS="395" VPOS="3618" WIDTH="217" />
</TextLine>
<TextLine HEIGHT="69" HPOS="172" LANG="de" STYLEREFS="StyleId-4E8F476F-7432-41F7-B898-1FD90B7A4734-" VPOS="3691" WIDTH="1928">
<String CONTENT="Aus" HEIGHT="54" HPOS="172" VPOS="3691" WIDTH="122" />
<SP HEIGHT="52" HPOS="295" VPOS="3693" WIDTH="43" />
<String CONTENT="der" HEIGHT="53" HPOS="339" VPOS="3693" WIDTH="100" />
<SP HEIGHT="34" HPOS="440" VPOS="3712" WIDTH="41" />
<String CONTENT="Urgeschichte" HEIGHT="65" HPOS="482" VPOS="3695" WIDTH="392" />
<SP HEIGHT="52" HPOS="875" VPOS="3696" WIDTH="45" />
<String CONTENT="der" HEIGHT="53" HPOS="921" VPOS="3696" WIDTH="99" />
<SP HEIGHT="34" HPOS="1021" VPOS="3715" WIDTH="44" />
<String CONTENT="erde" HEIGHT="53" HPOS="1066" VPOS="3696" WIDTH="130" />
<SP HEIGHT="33" HPOS="1197" VPOS="3715" WIDTH="44" />
<String CONTENT="und" HEIGHT="52" HPOS="1242" VPOS="3697" WIDTH="114" />
<SP HEIGHT="53" HPOS="1357" VPOS="3697" WIDTH="46" />
<String CONTENT="des" HEIGHT="53" HPOS="1404" VPOS="3697" WIDTH="96" />
<SP HEIGHT="52" HPOS="1501" VPOS="3697" WIDTH="42" />
<String CONTENT="lebens;" HEIGHT="57" HPOS="1544" VPOS="3697" WIDTH="215" />
<SP HEIGHT="50" HPOS="1760" VPOS="3704" WIDTH="47" />
<String CONTENT="tatsachen" HEIGHT="53" HPOS="1808" VPOS="3697" WIDTH="292" />
</TextLine>
<TextLine HEIGHT="73" HPOS="104" LANG="de" STYLEREFS="StyleId-4E8F476F-7432-41F7-B898-1FD90B7A4734-" VPOS="3769" WIDTH="1995">
<String CONTENT="und" HEIGHT="52" HPOS="104" VPOS="3769" WIDTH="115" />
<SP HEIGHT="66" HPOS="220" VPOS="3769" WIDTH="32" />
<String CONTENT="gedanken." HEIGHT="64" HPOS="253" VPOS="3771" WIDTH="312" />
<SP HEIGHT="35" HPOS="566" VPOS="3789" WIDTH="31" />
<String CONTENT="von" HEIGHT="36" HPOS="598" VPOS="3789" WIDTH="108" />
<SP HEIGHT="51" HPOS="707" VPOS="3774" WIDTH="35" />
<String CONTENT="Edgar" HEIGHT="65" HPOS="743" VPOS="3773" WIDTH="197" />
<SP HEIGHT="51" HPOS="941" VPOS="3774" WIDTH="32" />
<String CONTENT="Dacqu&#233;." HEIGHT="67" HPOS="974" LANG="fr" VPOS="3773" WIDTH="246" />
<SP HEIGHT="52" HPOS="1221" VPOS="3774" WIDTH="70" />
<String CONTENT="Mit" HEIGHT="52" HPOS="1292" VPOS="3774" WIDTH="109" />
<SP HEIGHT="46" HPOS="1402" VPOS="3780" WIDTH="35" />
<String CONTENT="textabbildungen" HEIGHT="69" HPOS="1438" VPOS="3773" WIDTH="509" />
<SP HEIGHT="34" HPOS="1948" VPOS="3792" WIDTH="33" />
<String CONTENT="und" HEIGHT="52" HPOS="1982" VPOS="3775" WIDTH="117" />
</TextLine>
<TextLine CS="1" HEIGHT="73" HPOS="103" STYLEREFS="StyleId-4E8F476F-7432-41F7-B898-1FD90B7A4734-" VPOS="3845" WIDTH="1541">
<String CONTENT="einem" HEIGHT="53" HPOS="103" LANG="de" VPOS="3845" WIDTH="177" />
<SP HEIGHT="46" HPOS="281" VPOS="3853" WIDTH="29" />
<String CONTENT="titelbild." CS="1" HEIGHT="54" HPOS="311" LANG="de" VPOS="3848" WIDTH="265" />
<SP HEIGHT="50" HPOS="577" VPOS="3852" WIDTH="65" />
<String CONTENT="M&#252;nchen." HEIGHT="53" HPOS="643" LANG="de" VPOS="3851" WIDTH="303" />
<SP HEIGHT="52" HPOS="947" VPOS="3852" WIDTH="27" />
<String CONTENT="R." HEIGHT="51" HPOS="975" LANG="fr" VPOS="3852" WIDTH="67" />
<SP HEIGHT="53" HPOS="1043" VPOS="3850" WIDTH="30" />
<String CONTENT="Oldenbourg," HEIGHT="68" HPOS="1074" LANG="fr" VPOS="3850" WIDTH="389" />
<SP HEIGHT="50" HPOS="1464" VPOS="3856" WIDTH="31" />
<String CONTENT="1936." HEIGHT="50" HPOS="1496" LANG="de" VPOS="3855" WIDTH="148" />
</TextLine>
<TextLine CS="1" HEIGHT="55" HPOS="106" VPOS="3968" WIDTH="1851">
<String CONTENT="&#169;" HEIGHT="54" HPOS="106" LANG="de" VPOS="3968" WIDTH="53" />
<SP HEIGHT="54" HPOS="160" VPOS="3968" WIDTH="28" />
<String CONTENT="Mar." HEIGHT="39" HPOS="189" LANG="de" VPOS="3975" WIDTH="121" />
<SP HEIGHT="38" HPOS="311" VPOS="3976" WIDTH="31" />
<String CONTENT="21." HEIGHT="41" HPOS="343" LANG="de" VPOS="3976" WIDTH="69" />
<SP HEIGHT="40" HPOS="413" VPOS="3977" WIDTH="33" />
<String CONTENT="1936:" HEIGHT="41" HPOS="447" LANG="de" VPOS="3976" WIDTH="139" />
<SP />
<String CONTENT="1c." CS="1" LANG="de" />
<SP />
<String CONTENT="July" HEIGHT="44" HPOS="725" LANG="en-US" VPOS="3979" WIDTH="115" />
<SP HEIGHT="45" HPOS="841" VPOS="3978" WIDTH="33" />
<String CONTENT="17:" HEIGHT="40" HPOS="875" LANG="de" VPOS="3978" WIDTH="80" />
<SP HEIGHT="39" HPOS="956" VPOS="3979" WIDTH="36" />
<String CONTENT="A" HEIGHT="38" HPOS="993" LANG="en-US" VPOS="3979" WIDTH="41" />
<String CONTENT="&#8212;" HEIGHT="5" HPOS="1034" LANG="de" VPOS="4001" WIDTH="58" />
<String CONTENT="Foreign" CS="1" HEIGHT="40" HPOS="1096" LANG="en-US" VPOS="3978" WIDTH="207" />
<SP HEIGHT="41" HPOS="1304" VPOS="3978" WIDTH="33" />
<String CONTENT="32482:" HEIGHT="41" HPOS="1338" LANG="en-US" VPOS="3978" WIDTH="170" />
<SP HEIGHT="39" HPOS="1509" VPOS="3980" WIDTH="36" />
<String CONTENT="R." HEIGHT="40" HPOS="1546" LANG="fr" VPOS="3980" WIDTH="54" />
<SP HEIGHT="41" HPOS="1601" VPOS="3979" WIDTH="38" />
<String CONTENT="Oldenbourg." HEIGHT="44" HPOS="1640" LANG="fr" VPOS="3979" WIDTH="317" />
</TextLine>
</TextBlock>
</PrintSpace>
</Page>
</Layout>
</alto>