2519 4377
1067 4105 99 52 667

126 466 368 63 Bourgogne,
530 464 221 52 Adrien
788 464 146 52 Jean
970 462 272 64 Baptiste
1280 460 298 68 François,
1618 462 323 54 1785-1867.

126 536 1987 150 … Mémoires du sergent Bourgogne; publiés d’après le manuscrit original par Paul Cottin et Maurice Hénault. [Paris]
123 697 282 53 Hachette
444 699 171 63 [1935]

194 768 1116 50 246 p., 1 1. 18 ½ cm . (La vivante histoire)
195 827 64 39 At
286 827 123 39 head
438 826 51 39 of
517 826 107 40 title:
680 825 74 39 Au
785 827 153 45 temps
969 826 58 38 de
1056 823 259 49 Napoléon.

126 879 1990 53 © Oct. 17, 1935; 1c. Feb. 17, 1936; A- Foreign 30642; Librairie Hachette.
205 938 277 51 (36-11064)

126 1042 232 66 Bulliet,
385 1042 277 56 Clarence
688 1041 238 64 Joseph,
956 1046 171 50 1883-

195 1118 121 54 The
341 1119 328 68 significant
692 1118 262 55 modems
982 1119 111 52 and
1120 1117 150 54 their
1296 1117 265 68 pictures,
1588 1117 73 67 by
1690 1117 62 55 C.
1780 1119 56 53 J.
1869 1117 214 53 Bulliet;

127 1194 1867 69 with 274 reproductions. New York, Covici, Friede [ c 1936]
197 1268 84 49 xii,
314 1266 174 43 13-199
520 1278 57 38 p.,
611 1269 24 39 1
690 1300 10 10 l.
759 1268 86 41 274
879 1269 61 47 pl.
968 1268 132 48 (incl.
1136 1267 173 49 ports.)
1352 1278 57 29 on
1446 1268 85 40 137
1585 1298 10 10 l.
1654 1267 56 39 24½
1741 1269 44 22 cm
1791 1299 10 9 .

125 1323 54 53 ©
205 1328 113 48 May
344 1328 40 46 4,
413 1325 117 42 1936;
582 1326 68 41 2c.
680 1327 113 47 May
821 1326 27 40 8;
905 1326 81 41 aff.
1015 1327 113 47 May
1156 1327 29 39 7;
1239 1326 43 39 A
1307 1325 145 41 95308;
1511 1325 49 41 G.
1591 1326 42 39 J.
1665 1325 196 47 Bulliet,
1892 1322 224 49 Chicago.

205 1383 278 49 (36-10958)

124 1486 297 64 Burstein,
450 1486 323 63 Abraham,
805 1491 170 49 1893-

193 1560 294 71 Religious
543 1561 213 69 parties
808 1562 58 52 in
920 1560 208 67 Israel;
1185 1560 149 54 their
1386 1559 237 69 history,
1676 1559 275 68 methods,
2006 1559 109 54 and

125 1641 198 68 perils;
363 1641 157 68 eight
551 1640 150 53 talks
734 1640 93 52 for
859 1640 95 52 the
989 1640 245 53 cultural
1269 1657 298 51 programs
1601 1638 64 53 of
1698 1638 214 54 Jewish
122 1658 1972 114 women’s
274 1716 439 70 organizations,
753 1719 75 68 by
866 1718 293 53 Abraham
1199 1717 285 53 Burstein.
1559 1717 313 53 Published
1911 1717 74 68 by
2024 1717 97 53 the

124 1796 281 55 Women’s
438 1797 213 52 branch
688 1796 63 54 of
786 1797 94 53 the
914 1797 193 54 Union
1144 1796 64 53 of
1243 1796 280 54 orthodox
1559 1796 215 55 Jewish
125 1813 1968 115 congregations
325 1874 64 53 of
434 1874 282 54 America.
801 1875 138 53 New
987 1874 179 68 York,
1216 1875 180 53 Bloch
1444 1874 334 69 publishing
1821 1893 298 50 company,

125 1956 150 50 1936.

195 2026 609 50 5 p. l. , [9]-59 p. 21½ cm .
196 2083 187 41 “Books
409 2084 51 40 to
482 2083 56 40 be
559 2082 280 41 consulted”:
895 2093 139 30 verso
1058 2083 51 40 of
1135 2083 83 40 5th
1243 2083 171 48 prelim.
1451 2083 115 43 leaf.

124 2135 53 53 ©
204 2140 112 48 Apr.
345 2140 68 48 27,
442 2139 140 46 1936;
611 2140 67 40 2c.
708 2141 95 39 and
833 2140 81 42 aff.
944 2140 112 47 Apr.
1087 2139 54 40 29;
1200 2140 40 39 A
1269 2140 170 48 93899;
1471 2140 239 42 Women’s
1741 2142 181 39 branch
1954 2142 55 40 of
2036 2141 83 42 the

196 2196 155 40 Union
376 2197 54 38 of
450 2197 238 39 orthodox
712 2196 183 40 Jewish
921 2196 367 48 congregations
1312 2197 52 40 of
1386 2196 236 49 America,
1647 2197 116 40 New
1788 2198 144 40 York.

207 2253 279 50 (36-10940)

125 2356 323 55 California
483 2356 245 54 medical
763 2356 374 56 association.
1213 2359 214 52 Cancer
1464 2359 372 53 commission.

253 2430 1862 70 … Cancer commission committee studies. San Francisco,
123 2507 193 71 Calif.,
342 2510 55 54 J.
423 2510 89 54 W.
542 2509 222 71 Stacey,
790 2511 127 69 inc.,
946 2513 150 50 1936.

191 2582 98 49 123,
321 2583 55 51 [6]
406 2592 43 40 p.
508 2583 57 41 19½
597 2585 43 22 cm
645 2616 9 8 .

191 2639 65 42 At
278 2642 124 40 head
429 2640 53 41 of
504 2641 108 40 title:
667 2639 271 43 California
967 2640 205 42 medical
1198 2639 309 43 association.

125 2696 52 53 ©
209 2701 121 39 Mar.
361 2701 70 46 31,
463 2699 140 47 1936;
639 2700 67 40 2c.
739 2701 114 47 Apr.
887 2700 52 46 6;
974 2699 82 41 aff.
1090 2701 113 47 Apr.
1233 2701 52 46 7;
1324 2701 40 38 A
1396 2700 171 48 93572;
1604 2700 270 41 California
1911 2702 206 39 medical

194 2767 141 38 assn.,
365 2757 97 41 San
484 2757 273 40 Francisco.
820 2756 279 49 (36-11005)

125 2845 235 65 Castell,
388 2846 281 65 Alburey.

192 2922 55 53 A
284 2922 210 69 college
530 2923 178 68 logic;
751 2942 71 34 an
856 2921 385 54 introduction
1280 2928 58 47 to
1375 2923 96 52 the
1508 2923 170 68 study
1716 2922 63 52 of
1817 2928 300 64 argument

124 3000 1990 69 and proof, by Alburey Castell … New York, The Macmillan
124 3096 295 50 company,
452 3082 150 50 1935.

196 3152 63 45 ix,
285 3152 85 41 392
397 3163 41 37 p.
496 3152 178 48 diagrs.
731 3152 54 40 19½
818 3155 43 22 cm
867 3185 8 8 .

197 3208 302 41 “Annotated
528 3209 336 48 bibliography
891 3210 61 46 by
977 3209 181 48 topics”:
1217 3221 41 36 p.
1287 3210 215 40 341-353.

126 3261 54 53 ©
208 3266 112 40 Dec.
349 3266 69 48 31,
449 3265 140 47 1935;
621 3265 68 42 2c.
720 3268 95 39 and
848 3266 81 41 aff.
959 3267 109 40 Jan.
1098 3266 41 48 2,
1170 3267 139 47 1936;
1343 3268 43 39 A
1415 3267 169 48 90102;
1619 3268 54 39 A.
1706 3268 196 47 Castell,
195 3267 1904 103 Minneapolis.
419 3322 279 50 (36-10932)

125 3410 120 52 The
268 3409 264 55 Catholic
554 3412 398 66 encyclopedia;
1008 3433 31 33 a
1063 3415 227 65 general
1315 3414 157 53 work
1493 3414 63 53 of
1580 3413 284 55 reference
1890 3413 94 52 for
2009 3417 105 61 art,

193 3485 339 70 biography,
578 3486 317 70 education,
941 3488 239 71 history,
1222 3490 128 68 law,
1394 3490 313 68 literature,
1753 3490 364 69 philosophy,

194 3564 94 51 the
333 3564 255 69 sciences,
633 3566 260 68 religion,
937 3570 112 51 and
1096 3569 94 51 the
1235 3569 226 54 church.
1541 3571 137 51 Rev.
1725 3570 111 51 and
1882 3569 106 52 enl.
2032 3569 84 52 ed.

195 3641 1921 153 Editors, Edward A. Pace … James J. Walsh … Peter Guilday … John J. Wynne … [and] Blanche M. Kelly … v. 1.
195 3797 1440 75 New York, The Gilmary society, inc. [ c 1936]
195 3869 118 48 xxii,
346 3870 87 41 800
460 3883 41 36 p.
562 3873 164 47 front.,
757 3873 126 41 illus.
915 3875 132 47 (incl.
1079 3877 127 46 plan,
1241 3877 177 48 music)
1445 3879 169 48 plates,
1648 3878 136 47 port.,
1817 3877 102 39 fold.
1965 3887 152 38 maps,

126 3923 152 50 diagr.
336 3926 59 40 26
395 3930 15 20 cm
444 3959 8 8 .

127 3977 53 52 ©
204 3982 108 40 Jan.
335 3983 69 46 23,
430 3984 138 46 1936;
596 3985 67 40 2c.
690 3986 109 39 Jan.
823 3986 82 47 24;
934 3987 82 41 aff.
1042 3988 121 40 Mar.
1191 3989 82 47 12;
1303 3990 39 40 A
1368 3989 169 50 95029;
1565 3989 218 48 Gilmary
1810 4000 107 31 soc.,
1944 3988 91 40 inc.

206 4037 277 49 (36-10935)
