<alto xmlns="http://www.loc.gov/standards/alto/ns-v3#" xmlns:xsi="http://www.w3.org/2001/XMLSchema-instance" xsi:schemaLocation="http://www.loc.gov/standards/alto/ns-v3# http://www.loc.gov/alto/v3/alto-3-0.xsd"><Description>
<MeasurementUnit>pixel</MeasurementUnit>
<sourceImageInformation>
<fileName>1936_v33_Part1.pdf</fileName>
</sourceImageInformation>
<OCRProcessing ID="IdOcr">
<ocrProcessingStep>
<processingDateTime>2019-01-18</processingDateTime>
<processingSoftware>
<softwareCreator>ABBYY</softwareCreator>
<softwareName>ABBYY Recognition Server</softwareName>
<softwareVersion>4.0</softwareVersion>
</processingSoftware>
</ocrProcessingStep>
</OCRProcessing>
</Description>
<Styles>
<ParagraphStyle ALIGN="Left" FIRSTLINE="0." ID="StyleId-FFFFFFFF-FFFF-FFFF-FFFF-FFFFFFFFFFFF-" LEFT="0." RIGHT="0." />
<ParagraphStyle ALIGN="Left" FIRSTLINE="0." ID="StyleId-51D50FAC-7A90-4D70-8A96-5EA9D46D1C8B-" LEFT="0." LINESPACE="7.699999809" RIGHT="0." />
<ParagraphStyle ALIGN="Block" FIRSTLINE="-17." ID="StyleId-6BC133E9-7DCB-43C3-8842-A67984A26405-" LEFT="0." LINESPACE="8.340000153" RIGHT="0." />
<ParagraphStyle ALIGN="Left" FIRSTLINE="-13." ID="StyleId-3C3FF860-43E7-46A2-8934-48F305F6F0D6-" LEFT="0." LINESPACE="11.06999969" RIGHT="0." />
<ParagraphStyle ALIGN="Block" FIRSTLINE="-13." ID="StyleId-19220C76-4F8A-4737-B38C-B5F5C17E6040-" LEFT="0." LINESPACE="11.06999969" RIGHT="0." />
<ParagraphStyle ALIGN="Left" FIRSTLINE="0." ID="StyleId-75A0D721-13ED-4F20-9002-B389EC48477D-" LEFT="0." LINESPACE="15.5" RIGHT="0." />
<ParagraphStyle ALIGN="Left" FIRSTLINE="0." ID="StyleId-8A414184-C7A5-4AC7-9B88-7DA4DDE75922-" LEFT="0." LINESPACE="9.399999619" RIGHT="0." />
<ParagraphStyle ALIGN="Left" FIRSTLINE="0." ID="StyleId-1A87970B-111C-4169-99A6-9412976F3C97-" LEFT="0." LINESPACE="10.5" RIGHT="0." />
<ParagraphStyle ALIGN="Block" FIRSTLINE="-17." ID="StyleId-72DB0571-5AE4-41FD-9E11-68C6AC4C437E-" LEFT="0." LINESPACE="8.340000153" RIGHT="0." />
<ParagraphStyle ALIGN="Center" FIRSTLINE="0." ID="StyleId-1AA43056-C388-4697-B10F-72FDAA38FAE1-" LEFT="0." LINESPACE="10.5" RIGHT="0." />
</Styles>
<Layout>
<Page HEIGHT="4377" ID="Page1562" PHYSICAL_IMG_NR="1562" WIDTH="2519">
<TopMargin HEIGHT="384" HPOS="0" VPOS="0" WIDTH="2519">
</TopMargin>
<LeftMargin HEIGHT="3768" HPOS="0" VPOS="384" WIDTH="376">
</LeftMargin>
<RightMargin HEIGHT="3768" HPOS="2430" VPOS="384" WIDTH="89">
</RightMargin>
<BottomMargin HEIGHT="225" HPOS="0" VPOS="4152" WIDTH="2519">
</BottomMargin>
<PrintSpace HEIGHT="3768" HPOS="376" VPOS="384" WIDTH="2054">
<TextBlock HEIGHT="72" HPOS="1316" ID="Page1562_Block1" LANG="en-US" STYLEREFS="StyleId-DCFD1628-B940-4BD0-AE44-B7D7F22AD4AC-" VPOS="4080" WIDTH="158">
<TextLine HEIGHT="52" HPOS="1327" VPOS="4091" WIDTH="137">
<String CONTENT="1562" HEIGHT="52" HPOS="1327" VPOS="4091" WIDTH="137" />
</TextLine>
</TextBlock>
<TextBlock CS="1" HEIGHT="3662" HPOS="376" ID="Page1562_Block2" STYLEREFS="StyleId-9E659E3F-D2AB-44BE-852C-03451E90A990-" VPOS="384" WIDTH="2054">
<TextLine CS="1" HEIGHT="52" HPOS="469" LANG="fr" VPOS="472" WIDTH="884">
<String CONTENT="248," HEIGHT="48" HPOS="469" VPOS="474" WIDTH="99" />
<SP HEIGHT="31" HPOS="569" VPOS="492" WIDTH="33" />
<String CONTENT="[1]" HEIGHT="51" HPOS="603" VPOS="473" WIDTH="56" />
<SP HEIGHT="40" HPOS="660" VPOS="484" WIDTH="30" />
<String CONTENT="p." HEIGHT="37" HPOS="691" VPOS="484" WIDTH="42" />
<SP HEIGHT="38" HPOS="734" VPOS="483" WIDTH="59" />
<String CONTENT="plates," HEIGHT="48" HPOS="794" VPOS="473" WIDTH="173" />
<SP HEIGHT="38" HPOS="968" VPOS="483" WIDTH="27" />
<String CONTENT="ports." HEIGHT="46" HPOS="996" VPOS="475" WIDTH="151" />
<SP HEIGHT="40" HPOS="1148" VPOS="473" WIDTH="57" />
<String CONTENT="19" HEIGHT="41" HPOS="1206" VPOS="472" WIDTH="56" />
<String CONTENT="&#189;" CS="1" LANG="en-US" />
<String CONTENT="cm" HEIGHT="21" HPOS="1295" STYLE="superscript" VPOS="475" WIDTH="44" />
<String CONTENT="." HEIGHT="8" HPOS="1345" VPOS="505" WIDTH="8" />
</TextLine>
<TextLine CS="1" HEIGHT="44" HPOS="750" VPOS="529" WIDTH="1667">
<String CONTENT="CONTENTS." CS="1" LANG="fr" />
<SP HEIGHT="18" HPOS="750" VPOS="551" WIDTH="15" />
<String CONTENT="&#8212;" HEIGHT="7" HPOS="766" LANG="fr" VPOS="551" WIDTH="62" />
<SP HEIGHT="39" HPOS="829" VPOS="529" WIDTH="14" />
<String CONTENT="Paul" HEIGHT="40" HPOS="844" LANG="fr" VPOS="529" WIDTH="123" />
<SP HEIGHT="38" HPOS="968" VPOS="530" WIDTH="37" />
<String CONTENT="Beneke," HEIGHT="44" HPOS="1006" LANG="de" VPOS="529" WIDTH="208" />
<SP HEIGHT="42" HPOS="1215" VPOS="531" WIDTH="36" />
<String CONTENT="der" HEIGHT="39" HPOS="1252" LANG="de" VPOS="531" WIDTH="86" />
<SP HEIGHT="29" HPOS="1339" VPOS="540" WIDTH="33" />
<String CONTENT="wehrhafte" HEIGHT="41" HPOS="1373" LANG="de" VPOS="529" WIDTH="277" />
<SP HEIGHT="40" HPOS="1651" VPOS="530" WIDTH="32" />
<String CONTENT="kaufmann" HEIGHT="41" HPOS="1684" LANG="fr" VPOS="529" WIDTH="275" />
<SP HEIGHT="29" HPOS="1960" VPOS="540" WIDTH="36" />
<String CONTENT="zur" HEIGHT="30" HPOS="1997" LANG="de" VPOS="539" WIDTH="89" />
<SP HEIGHT="31" HPOS="2087" VPOS="539" WIDTH="34" />
<String CONTENT="see." HEIGHT="31" HPOS="2122" LANG="en-US" VPOS="539" WIDTH="93" />
<SP HEIGHT="17" HPOS="2216" VPOS="552" WIDTH="14" />
<String CONTENT="&#8212;" HEIGHT="7" HPOS="2231" LANG="fr" VPOS="552" WIDTH="62" />
<SP HEIGHT="40" HPOS="2294" VPOS="530" WIDTH="14" />
<String CONTENT="Don" HEIGHT="41" HPOS="2309" LANG="en-US" VPOS="530" WIDTH="108" />
</TextLine>
<TextLine HEIGHT="51" HPOS="399" VPOS="585" WIDTH="2018">
<String CONTENT="Juan" HEIGHT="39" HPOS="399" LANG="en-US" VPOS="589" WIDTH="132" />
<SP HEIGHT="39" HPOS="532" VPOS="588" WIDTH="39" />
<String CONTENT="d&#8217;Austria," HEIGHT="49" HPOS="572" LANG="en-US" VPOS="585" WIDTH="268" />
<SP HEIGHT="47" HPOS="841" VPOS="587" WIDTH="41" />
<String CONTENT="der" HEIGHT="39" HPOS="883" LANG="de" VPOS="587" WIDTH="86" />
<SP HEIGHT="30" HPOS="970" VPOS="596" WIDTH="37" />
<String CONTENT="retter" HEIGHT="39" HPOS="1008" LANG="en-US" VPOS="588" WIDTH="155" />
<SP HEIGHT="40" HPOS="1164" VPOS="587" WIDTH="38" />
<String CONTENT="der" HEIGHT="39" HPOS="1203" LANG="de" VPOS="587" WIDTH="86" />
<SP HEIGHT="31" HPOS="1290" VPOS="596" WIDTH="40" />
<String CONTENT="Christenheit." HEIGHT="41" HPOS="1331" LANG="de" VPOS="586" WIDTH="337" />
<String CONTENT="&#8212;Michael" HEIGHT="41" HPOS="1670" LANG="en-US" VPOS="585" WIDTH="274" />
<SP HEIGHT="40" HPOS="1945" VPOS="587" WIDTH="40" />
<String CONTENT="de" HEIGHT="40" HPOS="1986" LANG="de" VPOS="587" WIDTH="60" />
<SP HEIGHT="41" HPOS="2047" VPOS="586" WIDTH="38" />
<String CONTENT="Ruyter," HEIGHT="50" HPOS="2086" LANG="de" VPOS="586" WIDTH="203" />
<SP HEIGHT="47" HPOS="2290" VPOS="588" WIDTH="39" />
<String CONTENT="der" HEIGHT="40" HPOS="2330" LANG="de" VPOS="588" WIDTH="87" />
</TextLine>
<TextLine CS="1" HEIGHT="106" HPOS="397" LANG="de" VPOS="641" WIDTH="2021">
<String CONTENT="gr&#246;sste" HEIGHT="48" HPOS="397" VPOS="644" WIDTH="191" />
<SP HEIGHT="30" HPOS="589" VPOS="654" WIDTH="26" />
<String CONTENT="seeheld" HEIGHT="41" HPOS="616" VPOS="643" WIDTH="197" />
<SP HEIGHT="39" HPOS="814" VPOS="644" WIDTH="29" />
<String CONTENT="aller" HEIGHT="42" HPOS="844" VPOS="642" WIDTH="123" />
<SP HEIGHT="29" HPOS="968" VPOS="653" WIDTH="29" />
<String CONTENT="zeiten.&#8212;Edward" CS="1" HEIGHT="42" HPOS="1027" VPOS="641" WIDTH="422" />
<SP HEIGHT="40" HPOS="1450" VPOS="643" WIDTH="32" />
<String CONTENT="Hawke," HEIGHT="49" HPOS="1483" LANG="en-US" VPOS="642" WIDTH="203" />
<SP HEIGHT="47" HPOS="1687" VPOS="644" WIDTH="32" />
<String CONTENT="Englands" HEIGHT="48" HPOS="1720" VPOS="644" WIDTH="250" />
<SP HEIGHT="40" HPOS="1971" VPOS="642" WIDTH="33" />
<String CONTENT="&#8220;vater" HEIGHT="42" HPOS="2005" VPOS="642" WIDTH="167" />
<SP HEIGHT="41" HPOS="2173" VPOS="643" WIDTH="30" />
<String CONTENT="der" HEIGHT="41" HPOS="2204" VPOS="643" WIDTH="86" />
<SP HEIGHT="30" HPOS="2291" VPOS="654" WIDTH="27" />
<String CONTENT="marine&#8221;.&#8212;Pierre" HEIGHT="88" HPOS="399" VPOS="653" WIDTH="1999" />
<SP HEIGHT="41" HPOS="785" VPOS="699" WIDTH="22" />
<String CONTENT="Andr&#233;" HEIGHT="41" HPOS="808" LANG="fr" VPOS="698" WIDTH="166" />
<SP HEIGHT="41" HPOS="975" VPOS="698" WIDTH="23" />
<String CONTENT="de" HEIGHT="40" HPOS="999" VPOS="700" WIDTH="59" />
<SP HEIGHT="41" HPOS="1059" VPOS="699" WIDTH="27" />
<String CONTENT="Suffren," HEIGHT="48" HPOS="1087" VPOS="699" WIDTH="210" />
<SP HEIGHT="47" HPOS="1298" VPOS="700" WIDTH="26" />
<String CONTENT="der" HEIGHT="39" HPOS="1325" VPOS="700" WIDTH="85" />
<SP HEIGHT="28" HPOS="1411" VPOS="710" WIDTH="24" />
<String CONTENT="mann," HEIGHT="37" HPOS="1436" VPOS="709" WIDTH="162" />
<SP HEIGHT="46" HPOS="1599" VPOS="700" WIDTH="24" />
<String CONTENT="der" HEIGHT="40" HPOS="1624" VPOS="700" WIDTH="85" />
<SP HEIGHT="39" HPOS="1710" VPOS="701" WIDTH="22" />
<String CONTENT="den" HEIGHT="39" HPOS="1733" VPOS="701" WIDTH="93" />
<SP HEIGHT="39" HPOS="1827" VPOS="700" WIDTH="25" />
<String CONTENT="Franzosen" HEIGHT="40" HPOS="1853" VPOS="700" WIDTH="280" />
<SP HEIGHT="41" HPOS="2134" VPOS="700" WIDTH="24" />
<String CONTENT="Ostindien" HEIGHT="41" HPOS="2159" VPOS="700" WIDTH="259" />
</TextLine>
<TextLine CS="1" HEIGHT="105" HPOS="397" LANG="de" VPOS="756" WIDTH="2005">
<String CONTENT="rettete.&#8212;" HEIGHT="40" HPOS="400" VPOS="759" WIDTH="252" />
<String CONTENT="Horatio" HEIGHT="40" HPOS="655" LANG="en-US" VPOS="756" WIDTH="212" />
<SP HEIGHT="40" HPOS="868" VPOS="756" WIDTH="50" />
<String CONTENT="Nelson," HEIGHT="49" HPOS="919" VPOS="756" WIDTH="195" />
<SP HEIGHT="48" HPOS="1115" VPOS="757" WIDTH="53" />
<String CONTENT="der" HEIGHT="39" HPOS="1169" VPOS="757" WIDTH="86" />
<SP HEIGHT="40" HPOS="1256" VPOS="756" WIDTH="51" />
<String CONTENT="k&#252;hnste" HEIGHT="40" HPOS="1308" VPOS="756" WIDTH="214" />
<SP HEIGHT="30" HPOS="1523" VPOS="766" WIDTH="52" />
<String CONTENT="und" HEIGHT="41" HPOS="1576" VPOS="756" WIDTH="100" />
<SP HEIGHT="49" HPOS="1677" VPOS="756" WIDTH="50" />
<String CONTENT="genialste" HEIGHT="49" HPOS="1728" VPOS="756" WIDTH="240" />
<SP HEIGHT="31" HPOS="1969" VPOS="767" WIDTH="50" />
<String CONTENT="englische" HEIGHT="50" HPOS="2020" VPOS="756" WIDTH="248" />
<SP HEIGHT="31" HPOS="2269" VPOS="767" WIDTH="50" />
<String CONTENT="Seefahrer.&#8212;David" HEIGHT="87" HPOS="397" VPOS="767" WIDTH="2005" />
<SP HEIGHT="41" HPOS="812" VPOS="812" WIDTH="30" />
<String CONTENT="Farragut," HEIGHT="49" HPOS="843" VPOS="812" WIDTH="261" />
<SP HEIGHT="48" HPOS="1105" VPOS="812" WIDTH="29" />
<String CONTENT="Nordamerikas" HEIGHT="41" HPOS="1135" VPOS="812" WIDTH="386" />
<SP HEIGHT="29" HPOS="1522" VPOS="824" WIDTH="30" />
<String CONTENT="siegreicher" HEIGHT="50" HPOS="1553" VPOS="811" WIDTH="293" />
<SP HEIGHT="30" HPOS="1847" VPOS="824" WIDTH="30" />
<String CONTENT="admiral" HEIGHT="43" HPOS="1878" LANG="en-US" VPOS="812" WIDTH="213" />
<SP HEIGHT="41" HPOS="2092" VPOS="813" WIDTH="28" />
<String CONTENT="im" HEIGHT="41" HPOS="2121" VPOS="813" WIDTH="67" />
</TextLine>
<TextLine CS="1" HEIGHT="107" HPOS="398" LANG="de" VPOS="814" WIDTH="2017">
<String CONTENT="b&#252;rgerkrieg.&#8212;Wilhelm" HEIGHT="105" HPOS="398" VPOS="814" WIDTH="2001" />
<SP HEIGHT="29" HPOS="846" VPOS="881" WIDTH="23" />
<String CONTENT="von" HEIGHT="31" HPOS="870" VPOS="880" WIDTH="95" />
<SP HEIGHT="39" HPOS="966" VPOS="870" WIDTH="24" />
<String CONTENT="Tegetthoff," HEIGHT="50" HPOS="991" VPOS="868" WIDTH="292" />
<SP HEIGHT="46" HPOS="1284" VPOS="870" WIDTH="23" />
<String CONTENT="der" HEIGHT="40" HPOS="1308" VPOS="870" WIDTH="88" />
<SP HEIGHT="30" HPOS="1397" VPOS="880" WIDTH="23" />
<String CONTENT="sieger" HEIGHT="49" HPOS="1421" LANG="en-US" VPOS="869" WIDTH="158" />
<SP HEIGHT="31" HPOS="1580" VPOS="880" WIDTH="22" />
<String CONTENT="von" HEIGHT="30" HPOS="1603" VPOS="881" WIDTH="94" />
<SP HEIGHT="41" HPOS="1698" VPOS="869" WIDTH="22" />
<String CONTENT="Lissa." HEIGHT="42" HPOS="1721" LANG="fr" VPOS="869" WIDTH="156" />
<String CONTENT="&#8212;Haihachiro" HEIGHT="42" HPOS="1879" VPOS="869" WIDTH="368" />
<SP HEIGHT="39" HPOS="2248" VPOS="871" WIDTH="22" />
<String CONTENT="Togo," HEIGHT="50" HPOS="2271" VPOS="871" WIDTH="144" />
</TextLine>
<TextLine HEIGHT="52" HPOS="397" LANG="de" VPOS="925" WIDTH="2022">
<String CONTENT="Japans" HEIGHT="48" HPOS="397" VPOS="928" WIDTH="189" />
<SP HEIGHT="39" HPOS="587" VPOS="937" WIDTH="30" />
<String CONTENT="grosser" HEIGHT="40" HPOS="618" VPOS="936" WIDTH="195" />
<SP HEIGHT="32" HPOS="814" VPOS="936" WIDTH="29" />
<String CONTENT="admiral." HEIGHT="44" HPOS="844" LANG="en-US" VPOS="925" WIDTH="226" />
<String CONTENT="&#8212;Reinhard" HEIGHT="42" HPOS="1072" VPOS="926" WIDTH="316" />
<SP HEIGHT="42" HPOS="1389" VPOS="926" WIDTH="32" />
<String CONTENT="Scheer," HEIGHT="51" HPOS="1422" VPOS="926" WIDTH="191" />
<SP HEIGHT="51" HPOS="1614" VPOS="926" WIDTH="32" />
<String CONTENT="Deutschlands" HEIGHT="43" HPOS="1647" VPOS="926" WIDTH="366" />
<SP HEIGHT="41" HPOS="2014" VPOS="928" WIDTH="30" />
<String CONTENT="f&#252;hrer" HEIGHT="43" HPOS="2045" VPOS="927" WIDTH="175" />
<SP HEIGHT="41" HPOS="2221" VPOS="928" WIDTH="29" />
<String CONTENT="in" HEIGHT="41" HPOS="2251" VPOS="928" WIDTH="51" />
<SP HEIGHT="41" HPOS="2303" VPOS="930" WIDTH="27" />
<String CONTENT="der" HEIGHT="41" HPOS="2331" VPOS="930" WIDTH="88" />
</TextLine>
<TextLine HEIGHT="50" HPOS="399" LANG="de" VPOS="984" WIDTH="538">
<String CONTENT="Skagerrak-schlacht." HEIGHT="50" HPOS="399" VPOS="984" WIDTH="538" />
</TextLine>
<TextLine CS="1" HEIGHT="54" HPOS="399" VPOS="1050" WIDTH="1740">
<String CONTENT="&#169;" HEIGHT="54" HPOS="399" LANG="de" VPOS="1050" WIDTH="53" />
<SP HEIGHT="54" HPOS="453" VPOS="1050" WIDTH="27" />
<String CONTENT="Apr." HEIGHT="48" HPOS="481" LANG="en-US" VPOS="1055" WIDTH="113" />
<SP HEIGHT="44" HPOS="595" VPOS="1053" WIDTH="24" />
<String CONTENT="2," HEIGHT="50" HPOS="620" LANG="de" VPOS="1053" WIDTH="43" />
<SP HEIGHT="49" HPOS="664" VPOS="1054" WIDTH="25" />
<String CONTENT="1936;" HEIGHT="49" HPOS="690" LANG="de" VPOS="1053" WIDTH="143" />
<SP />
<String CONTENT="1c." CS="1" LANG="de" />
<SP HEIGHT="40" HPOS="932" VPOS="1054" WIDTH="28" />
<String CONTENT="July" HEIGHT="48" HPOS="961" LANG="en-US" VPOS="1054" WIDTH="116" />
<SP HEIGHT="48" HPOS="1078" VPOS="1054" WIDTH="28" />
<String CONTENT="17;" CS="1" HEIGHT="39" HPOS="1107" LANG="de" VPOS="1054" WIDTH="54" />
<SP HEIGHT="48" HPOS="1189" VPOS="1054" WIDTH="30" />
<String CONTENT="A-Foreign" HEIGHT="50" HPOS="1220" LANG="en-US" VPOS="1052" WIDTH="313" />
<SP HEIGHT="41" HPOS="1534" VPOS="1053" WIDTH="25" />
<String CONTENT="32455;" HEIGHT="49" HPOS="1560" LANG="en-US" VPOS="1053" WIDTH="173" />
<SP HEIGHT="46" HPOS="1734" VPOS="1056" WIDTH="32" />
<String CONTENT="Ullstein," HEIGHT="48" HPOS="1767" LANG="de" VPOS="1055" WIDTH="225" />
<SP HEIGHT="36" HPOS="1993" VPOS="1067" WIDTH="32" />
<String CONTENT="a." HEIGHT="31" HPOS="2026" LANG="en-US" VPOS="1067" WIDTH="40" />
<SP HEIGHT="34" HPOS="2067" VPOS="1067" WIDTH="31" />
<String CONTENT="g." HEIGHT="34" HPOS="2099" LANG="fr" VPOS="1067" WIDTH="40" />
</TextLine>
<TextLine CS="1" HEIGHT="51" HPOS="479" LANG="en-US" VPOS="1111" WIDTH="285">
<String CONTENT="(36-25525)" HEIGHT="51" HPOS="479" VPOS="1111" WIDTH="285" />
<SP />
</TextLine>
<TextLine HEIGHT="66" HPOS="394" LANG="en-US" STYLEREFS="StyleId-97F38429-D766-416D-B78A-B2B6ABC8F616-" VPOS="1215" WIDTH="1078">
<String CONTENT="Mais," HEIGHT="66" HPOS="394" LANG="fr" VPOS="1215" WIDTH="172" />
<SP HEIGHT="64" HPOS="567" VPOS="1217" WIDTH="24" />
<String CONTENT="Stuart" HEIGHT="55" HPOS="592" VPOS="1217" WIDTH="214" />
<SP HEIGHT="54" HPOS="807" VPOS="1217" WIDTH="24" />
<String CONTENT="Petre" HEIGHT="53" HPOS="832" VPOS="1217" WIDTH="178" />
<SP HEIGHT="54" HPOS="1011" VPOS="1216" WIDTH="23" />
<String CONTENT="Brodie," HEIGHT="64" HPOS="1035" VPOS="1216" WIDTH="234" />
<SP HEIGHT="57" HPOS="1270" VPOS="1223" WIDTH="27" />
<String CONTENT="1885-" HEIGHT="51" HPOS="1298" VPOS="1221" WIDTH="174" />
</TextLine>
<TextLine HEIGHT="70" HPOS="468" LANG="en-US" STYLEREFS="StyleId-97F38429-D766-416D-B78A-B2B6ABC8F616-" VPOS="1292" WIDTH="1950">
<String CONTENT="Pictorial" HEIGHT="54" HPOS="468" VPOS="1293" WIDTH="283" />
<SP HEIGHT="53" HPOS="752" VPOS="1293" WIDTH="33" />
<String CONTENT="Britain;" HEIGHT="67" HPOS="786" VPOS="1292" WIDTH="263" />
<SP HEIGHT="61" HPOS="1050" VPOS="1298" WIDTH="36" />
<String CONTENT="the" HEIGHT="54" HPOS="1087" VPOS="1293" WIDTH="97" />
<SP HEIGHT="34" HPOS="1185" VPOS="1312" WIDTH="34" />
<String CONTENT="roads" HEIGHT="56" HPOS="1220" VPOS="1293" WIDTH="170" />
<SP HEIGHT="37" HPOS="1391" VPOS="1312" WIDTH="37" />
<String CONTENT="of" HEIGHT="54" HPOS="1429" VPOS="1293" WIDTH="65" />
<SP HEIGHT="55" HPOS="1495" VPOS="1293" WIDTH="33" />
<String CONTENT="Great" HEIGHT="55" HPOS="1529" VPOS="1293" WIDTH="183" />
<SP HEIGHT="52" HPOS="1713" VPOS="1295" WIDTH="29" />
<String CONTENT="Britain" HEIGHT="55" HPOS="1743" VPOS="1293" WIDTH="232" />
<SP HEIGHT="34" HPOS="1976" VPOS="1313" WIDTH="36" />
<String CONTENT="and" HEIGHT="54" HPOS="2013" VPOS="1294" WIDTH="114" />
<SP HEIGHT="54" HPOS="2128" VPOS="1294" WIDTH="34" />
<String CONTENT="Ireland," HEIGHT="68" HPOS="2163" VPOS="1294" WIDTH="255" />
</TextLine>
<TextLine HEIGHT="71" HPOS="396" LANG="en-US" STYLEREFS="StyleId-97F38429-D766-416D-B78A-B2B6ABC8F616-" VPOS="1370" WIDTH="2022">
<String CONTENT="shewing" HEIGHT="71" HPOS="396" VPOS="1370" WIDTH="260" />
<SP HEIGHT="63" HPOS="657" VPOS="1378" WIDTH="31" />
<String CONTENT="the" HEIGHT="55" HPOS="689" VPOS="1372" WIDTH="98" />
<SP HEIGHT="51" HPOS="788" VPOS="1390" WIDTH="33" />
<String CONTENT="principal" HEIGHT="70" HPOS="822" VPOS="1371" WIDTH="293" />
<SP HEIGHT="69" HPOS="1116" VPOS="1371" WIDTH="34" />
<String CONTENT="places" HEIGHT="67" HPOS="1151" VPOS="1373" WIDTH="190" />
<SP HEIGHT="36" HPOS="1342" VPOS="1390" WIDTH="35" />
<String CONTENT="of" HEIGHT="54" HPOS="1378" VPOS="1371" WIDTH="65" />
<SP HEIGHT="52" HPOS="1444" VPOS="1371" WIDTH="33" />
<String CONTENT="interest;" HEIGHT="68" HPOS="1478" VPOS="1371" WIDTH="263" />
<SP HEIGHT="66" HPOS="1742" VPOS="1373" WIDTH="39" />
<String CONTENT="designed" HEIGHT="68" HPOS="1782" VPOS="1373" WIDTH="275" />
<SP HEIGHT="54" HPOS="2058" VPOS="1372" WIDTH="30" />
<String CONTENT="by" HEIGHT="68" HPOS="2089" VPOS="1372" WIDTH="78" />
<SP HEIGHT="68" HPOS="2168" VPOS="1372" WIDTH="31" />
<String CONTENT="Alfred" HEIGHT="56" HPOS="2200" VPOS="1372" WIDTH="218" />
</TextLine>
<TextLine HEIGHT="71" HPOS="397" STYLEREFS="StyleId-97F38429-D766-416D-B78A-B2B6ABC8F616-" VPOS="1449" WIDTH="2020">
<String CONTENT="Taylor," HEIGHT="69" HPOS="397" LANG="en-US" VPOS="1450" WIDTH="235" />
<SP HEIGHT="67" HPOS="633" VPOS="1451" WIDTH="37" />
<String CONTENT="described" HEIGHT="55" HPOS="671" LANG="en-US" VPOS="1450" WIDTH="295" />
<SP HEIGHT="53" HPOS="967" VPOS="1450" WIDTH="36" />
<String CONTENT="by" HEIGHT="70" HPOS="1004" LANG="en-US" VPOS="1450" WIDTH="77" />
<SP HEIGHT="71" HPOS="1082" VPOS="1449" WIDTH="40" />
<String CONTENT="S." HEIGHT="56" HPOS="1123" LANG="fr" VPOS="1449" WIDTH="58" />
<SP HEIGHT="53" HPOS="1182" VPOS="1451" WIDTH="40" />
<String CONTENT="P." HEIGHT="53" HPOS="1223" LANG="fr" VPOS="1451" WIDTH="66" />
<SP HEIGHT="53" HPOS="1290" VPOS="1451" WIDTH="41" />
<String CONTENT="B." HEIGHT="52" HPOS="1332" LANG="fr" VPOS="1451" WIDTH="68" />
<SP HEIGHT="53" HPOS="1401" VPOS="1450" WIDTH="37" />
<String CONTENT="Mais." HEIGHT="55" HPOS="1439" LANG="fr" VPOS="1450" WIDTH="169" />
<SP HEIGHT="52" HPOS="1609" VPOS="1451" WIDTH="75" />
<String CONTENT="London," HEIGHT="67" HPOS="1685" LANG="en-US" VPOS="1451" WIDTH="261" />
<SP HEIGHT="67" HPOS="1947" VPOS="1451" WIDTH="37" />
<String CONTENT="Published" HEIGHT="54" HPOS="1985" LANG="en-US" VPOS="1451" WIDTH="317" />
<SP HEIGHT="54" HPOS="2303" VPOS="1451" WIDTH="37" />
<String CONTENT="by" HEIGHT="69" HPOS="2341" LANG="en-US" VPOS="1451" WIDTH="76" />
</TextLine>
<TextLine CS="1" HEIGHT="149" HPOS="394" LANG="en-US" STYLEREFS="StyleId-97F38429-D766-416D-B78A-B2B6ABC8F616-" VPOS="1528" WIDTH="1999">
<String CONTENT="H." HEIGHT="54" HPOS="394" LANG="fr" VPOS="1529" WIDTH="80" />
<SP HEIGHT="53" HPOS="475" VPOS="1530" WIDTH="27" />
<String CONTENT="K." HEIGHT="54" HPOS="503" VPOS="1530" WIDTH="76" />
<SP HEIGHT="55" HPOS="580" VPOS="1529" WIDTH="27" />
<String CONTENT="McCann" HEIGHT="56" HPOS="608" VPOS="1528" WIDTH="269" />
<SP HEIGHT="35" HPOS="878" VPOS="1547" WIDTH="26" />
<String CONTENT="company" HEIGHT="51" HPOS="905" VPOS="1547" WIDTH="284" />
<SP HEIGHT="69" HPOS="1190" VPOS="1529" WIDTH="28" />
<String CONTENT="limited" HEIGHT="54" HPOS="1219" VPOS="1529" WIDTH="224" />
<SP HEIGHT="54" HPOS="1444" VPOS="1528" WIDTH="31" />
<String CONTENT="for" HEIGHT="54" HPOS="1476" VPOS="1528" WIDTH="94" />
<SP HEIGHT="53" HPOS="1571" VPOS="1529" WIDTH="27" />
<String CONTENT="Anglo-American" HEIGHT="69" HPOS="1599" VPOS="1529" WIDTH="535" />
<SP HEIGHT="38" HPOS="2135" VPOS="1546" WIDTH="26" />
<String CONTENT="oil" HEIGHT="55" HPOS="2162" VPOS="1529" WIDTH="78" />
<SP HEIGHT="54" HPOS="2241" VPOS="1530" WIDTH="28" />
<String CONTENT="company" HEIGHT="128" HPOS="396" VPOS="1549" WIDTH="1997" />
<SP HEIGHT="70" HPOS="554" VPOS="1607" WIDTH="28" />
<String CONTENT="ltd." HEIGHT="56" HPOS="583" VPOS="1607" WIDTH="109" />
<SP HEIGHT="35" HPOS="693" VPOS="1641" WIDTH="35" />
<String CONTENT="[1936]" HEIGHT="68" HPOS="729" VPOS="1609" WIDTH="176" />
</TextLine>
<TextLine HEIGHT="52" HPOS="467" LANG="en-US" VPOS="1681" WIDTH="1141">
<String CONTENT="vii," HEIGHT="46" HPOS="467" VPOS="1683" WIDTH="81" />
<SP HEIGHT="46" HPOS="549" VPOS="1683" WIDTH="26" />
<String CONTENT="122," HEIGHT="49" HPOS="576" VPOS="1683" WIDTH="101" />
<SP HEIGHT="31" HPOS="678" VPOS="1702" WIDTH="30" />
<String CONTENT="[1]" HEIGHT="50" HPOS="709" VPOS="1683" WIDTH="55" />
<SP HEIGHT="38" HPOS="765" VPOS="1694" WIDTH="28" />
<String CONTENT="p." HEIGHT="38" HPOS="794" VPOS="1694" WIDTH="43" />
<SP HEIGHT="29" HPOS="838" VPOS="1694" WIDTH="55" />
<String CONTENT="maps" HEIGHT="38" HPOS="894" VPOS="1693" WIDTH="142" />
<SP HEIGHT="51" HPOS="1037" VPOS="1681" WIDTH="23" />
<String CONTENT="(part" HEIGHT="51" HPOS="1061" VPOS="1681" WIDTH="139" />
<SP HEIGHT="41" HPOS="1201" VPOS="1684" WIDTH="24" />
<String CONTENT="double)" HEIGHT="48" HPOS="1226" VPOS="1683" WIDTH="200" />
<SP HEIGHT="49" HPOS="1427" VPOS="1682" WIDTH="61" />
<String CONTENT="31" HEIGHT="41" HPOS="1489" VPOS="1682" WIDTH="56" />
<String CONTENT="cm" HEIGHT="22" HPOS="1549" STYLE="superscript" VPOS="1685" WIDTH="43" />
<String CONTENT="." HEIGHT="9" HPOS="1598" VPOS="1715" WIDTH="10" />
</TextLine>
<TextLine HEIGHT="50" HPOS="469" LANG="en-US" VPOS="1739" WIDTH="688">
<String CONTENT="Illustrated" HEIGHT="41" HPOS="469" VPOS="1740" WIDTH="292" />
<SP HEIGHT="40" HPOS="762" VPOS="1741" WIDTH="27" />
<String CONTENT="lining-papers." HEIGHT="50" HPOS="790" VPOS="1739" WIDTH="367" />
</TextLine>
<TextLine CS="1" HEIGHT="54" HPOS="396" LANG="en-US" VPOS="1804" WIDTH="2020">
<String CONTENT="&#169;" HEIGHT="54" HPOS="396" VPOS="1804" WIDTH="55" />
<SP />
<String CONTENT="1c." CS="1" />
<SP HEIGHT="41" HPOS="550" VPOS="1810" WIDTH="30" />
<String CONTENT="Aug." HEIGHT="48" HPOS="581" VPOS="1810" WIDTH="124" />
<SP HEIGHT="41" HPOS="706" VPOS="1809" WIDTH="31" />
<String CONTENT="12," HEIGHT="49" HPOS="738" VPOS="1809" WIDTH="69" />
<SP HEIGHT="48" HPOS="808" VPOS="1810" WIDTH="33" />
<String CONTENT="1936;" CS="1" HEIGHT="40" HPOS="842" VPOS="1809" WIDTH="117" />
<SP HEIGHT="47" HPOS="985" VPOS="1810" WIDTH="35" />
<String CONTENT="A" HEIGHT="39" HPOS="1021" VPOS="1810" WIDTH="41" />
<SP HEIGHT="39" HPOS="1063" VPOS="1810" WIDTH="31" />
<String CONTENT="ad" HEIGHT="40" HPOS="1095" VPOS="1809" WIDTH="62" />
<SP HEIGHT="40" HPOS="1158" VPOS="1809" WIDTH="31" />
<String CONTENT="int." HEIGHT="41" HPOS="1190" VPOS="1809" WIDTH="88" />
<SP HEIGHT="41" HPOS="1279" VPOS="1809" WIDTH="30" />
<String CONTENT="21744;" CS="1" HEIGHT="39" HPOS="1310" VPOS="1809" WIDTH="147" />
<SP HEIGHT="38" HPOS="1484" VPOS="1820" WIDTH="35" />
<String CONTENT="pubd." HEIGHT="49" HPOS="1520" VPOS="1809" WIDTH="143" />
<SP HEIGHT="39" HPOS="1664" VPOS="1811" WIDTH="34" />
<String CONTENT="June" HEIGHT="39" HPOS="1699" VPOS="1811" WIDTH="127" />
<SP HEIGHT="40" HPOS="1827" VPOS="1810" WIDTH="31" />
<String CONTENT="19;" CS="1" HEIGHT="40" HPOS="1859" VPOS="1810" WIDTH="56" />
<SP HEIGHT="47" HPOS="1942" VPOS="1811" WIDTH="38" />
<String CONTENT="Anglo-American" HEIGHT="48" HPOS="1981" VPOS="1810" WIDTH="435" />
</TextLine>
<TextLine HEIGHT="52" HPOS="470" LANG="en-US" VPOS="1865" WIDTH="891">
<String CONTENT="oil" HEIGHT="39" HPOS="470" VPOS="1867" WIDTH="63" />
<SP HEIGHT="40" HPOS="534" VPOS="1867" WIDTH="26" />
<String CONTENT="co.," HEIGHT="40" HPOS="561" VPOS="1877" WIDTH="82" />
<SP HEIGHT="49" HPOS="644" VPOS="1868" WIDTH="27" />
<String CONTENT="ltd.," HEIGHT="49" HPOS="672" VPOS="1867" WIDTH="100" />
<SP HEIGHT="49" HPOS="773" VPOS="1867" WIDTH="24" />
<String CONTENT="London." HEIGHT="42" HPOS="798" VPOS="1866" WIDTH="213" />
<SP HEIGHT="49" HPOS="1012" VPOS="1866" WIDTH="65" />
<String CONTENT="(36-25522)" HEIGHT="50" HPOS="1078" VPOS="1865" WIDTH="283" />
</TextLine>
<TextLine HEIGHT="66" HPOS="392" LANG="en-US" STYLEREFS="StyleId-97F38429-D766-416D-B78A-B2B6ABC8F616-" VPOS="1970" WIDTH="883">
<String CONTENT="Maple," HEIGHT="64" HPOS="392" VPOS="1972" WIDTH="211" />
<SP HEIGHT="64" HPOS="604" VPOS="1972" WIDTH="26" />
<String CONTENT="James" HEIGHT="54" HPOS="631" VPOS="1972" WIDTH="208" />
<SP HEIGHT="54" HPOS="840" VPOS="1972" WIDTH="25" />
<String CONTENT="Brian," HEIGHT="65" HPOS="866" VPOS="1970" WIDTH="204" />
<SP HEIGHT="57" HPOS="1071" VPOS="1978" WIDTH="30" />
<String CONTENT="1879-" HEIGHT="55" HPOS="1102" VPOS="1973" WIDTH="173" />
</TextLine>
<TextLine HEIGHT="71" HPOS="458" LANG="en-US" STYLEREFS="StyleId-97F38429-D766-416D-B78A-B2B6ABC8F616-" VPOS="2046" WIDTH="1952">
<String CONTENT="A" HEIGHT="53" HPOS="458" VPOS="2047" WIDTH="54" />
<SP HEIGHT="54" HPOS="513" VPOS="2047" WIDTH="24" />
<String CONTENT="medical" HEIGHT="55" HPOS="538" VPOS="2047" WIDTH="246" />
<SP HEIGHT="54" HPOS="785" VPOS="2047" WIDTH="25" />
<String CONTENT="history" HEIGHT="71" HPOS="811" VPOS="2046" WIDTH="225" />
<SP HEIGHT="51" HPOS="1037" VPOS="2066" WIDTH="25" />
<String CONTENT="of" HEIGHT="56" HPOS="1063" VPOS="2046" WIDTH="66" />
<SP HEIGHT="57" HPOS="1130" VPOS="2046" WIDTH="28" />
<String CONTENT="Sullivan" HEIGHT="57" HPOS="1159" VPOS="2046" WIDTH="267" />
<SP HEIGHT="35" HPOS="1427" VPOS="2066" WIDTH="27" />
<String CONTENT="county," HEIGHT="65" HPOS="1455" VPOS="2052" WIDTH="229" />
<SP HEIGHT="69" HPOS="1685" VPOS="2048" WIDTH="27" />
<String CONTENT="Indiana," HEIGHT="70" HPOS="1713" VPOS="2047" WIDTH="271" />
<SP HEIGHT="70" HPOS="1985" VPOS="2047" WIDTH="24" />
<String CONTENT="by" HEIGHT="70" HPOS="2010" VPOS="2047" WIDTH="77" />
<SP HEIGHT="69" HPOS="2088" VPOS="2048" WIDTH="27" />
<String CONTENT="James" HEIGHT="55" HPOS="2116" VPOS="2048" WIDTH="196" />
<SP HEIGHT="54" HPOS="2313" VPOS="2048" WIDTH="27" />
<String CONTENT="B." HEIGHT="53" HPOS="2341" VPOS="2048" WIDTH="69" />
</TextLine>
<TextLine HEIGHT="71" HPOS="386" LANG="en-US" STYLEREFS="StyleId-97F38429-D766-416D-B78A-B2B6ABC8F616-" VPOS="2125" WIDTH="1101">
<String CONTENT="Maple," HEIGHT="70" HPOS="386" VPOS="2125" WIDTH="214" />
<SP HEIGHT="51" HPOS="601" VPOS="2144" WIDTH="25" />
<String CONTENT="m." HEIGHT="37" HPOS="627" VPOS="2144" WIDTH="69" />
<SP HEIGHT="35" HPOS="697" VPOS="2146" WIDTH="24" />
<String CONTENT="d." HEIGHT="34" HPOS="722" VPOS="2146" WIDTH="50" />
<SP HEIGHT="56" HPOS="773" VPOS="2125" WIDTH="64" />
<String CONTENT="Sullivan," HEIGHT="71" HPOS="838" VPOS="2125" WIDTH="289" />
<SP HEIGHT="70" HPOS="1128" VPOS="2126" WIDTH="26" />
<String CONTENT="Ind.," HEIGHT="69" HPOS="1155" VPOS="2126" WIDTH="151" />
<SP HEIGHT="65" HPOS="1307" VPOS="2130" WIDTH="27" />
<String CONTENT="1936." HEIGHT="55" HPOS="1335" VPOS="2128" WIDTH="152" />
</TextLine>
<TextLine CS="1" HEIGHT="51" HPOS="460" LANG="en-US" VPOS="2198" WIDTH="1168">
<String CONTENT="1" HEIGHT="38" HPOS="460" VPOS="2199" WIDTH="25" />
<SP HEIGHT="49" HPOS="486" VPOS="2199" WIDTH="24" />
<String CONTENT="p." CS="1" />
<SP />
<String CONTENT="l.," CS="1" HEIGHT="15" HPOS="619" VPOS="2233" WIDTH="9" />
<SP HEIGHT="48" HPOS="629" VPOS="2200" WIDTH="25" />
<String CONTENT="153" HEIGHT="41" HPOS="655" VPOS="2200" WIDTH="87" />
<SP HEIGHT="48" HPOS="743" VPOS="2201" WIDTH="21" />
<String CONTENT="p." HEIGHT="39" HPOS="765" VPOS="2210" WIDTH="44" />
<SP HEIGHT="41" HPOS="810" VPOS="2199" WIDTH="59" />
<String CONTENT="illus.," HEIGHT="50" HPOS="870" VPOS="2199" WIDTH="145" />
<SP HEIGHT="39" HPOS="1016" VPOS="2210" WIDTH="25" />
<String CONTENT="ports.," HEIGHT="47" HPOS="1042" VPOS="2202" WIDTH="165" />
<SP HEIGHT="47" HPOS="1208" VPOS="2200" WIDTH="27" />
<String CONTENT="facsims." HEIGHT="41" HPOS="1236" VPOS="2200" WIDTH="217" />
<SP HEIGHT="43" HPOS="1454" VPOS="2198" WIDTH="54" />
<String CONTENT="23" HEIGHT="42" HPOS="1509" VPOS="2198" WIDTH="58" />
<String CONTENT="cm" HEIGHT="23" HPOS="1570" STYLE="superscript" VPOS="2202" WIDTH="45" />
<String CONTENT="." HEIGHT="9" HPOS="1618" VPOS="2232" WIDTH="10" />
</TextLine>
<TextLine CS="1" HEIGHT="54" HPOS="396" LANG="en-US" VPOS="2269" WIDTH="2017">
<String CONTENT="&#169;" HEIGHT="53" HPOS="396" VPOS="2269" WIDTH="53" />
<SP HEIGHT="53" HPOS="450" VPOS="2269" WIDTH="27" />
<String CONTENT="Oct." HEIGHT="42" HPOS="478" VPOS="2273" WIDTH="102" />
<SP HEIGHT="41" HPOS="581" VPOS="2273" WIDTH="26" />
<String CONTENT="5," HEIGHT="48" HPOS="608" VPOS="2273" WIDTH="40" />
<SP HEIGHT="48" HPOS="649" VPOS="2273" WIDTH="27" />
<String CONTENT="1936;" CS="1" HEIGHT="42" HPOS="677" VPOS="2271" WIDTH="117" />
<SP HEIGHT="49" HPOS="820" VPOS="2272" WIDTH="28" />
<String CONTENT="2c." HEIGHT="41" HPOS="849" VPOS="2272" WIDTH="67" />
<SP HEIGHT="29" HPOS="917" VPOS="2284" WIDTH="30" />
<String CONTENT="and" HEIGHT="40" HPOS="948" VPOS="2273" WIDTH="96" />
<SP HEIGHT="40" HPOS="1045" VPOS="2273" WIDTH="25" />
<String CONTENT="aff." HEIGHT="41" HPOS="1071" VPOS="2273" WIDTH="83" />
<SP HEIGHT="40" HPOS="1155" VPOS="2274" WIDTH="30" />
<String CONTENT="Oct." HEIGHT="40" HPOS="1186" VPOS="2274" WIDTH="102" />
<SP HEIGHT="40" HPOS="1289" VPOS="2274" WIDTH="29" />
<String CONTENT="7;" CS="1" HEIGHT="38" HPOS="1319" VPOS="2274" WIDTH="25" />
<SP HEIGHT="41" HPOS="1372" VPOS="2274" WIDTH="31" />
<String CONTENT="A" HEIGHT="39" HPOS="1404" VPOS="2274" WIDTH="38" />
<SP HEIGHT="40" HPOS="1443" VPOS="2273" WIDTH="27" />
<String CONTENT="98837;" CS="1" HEIGHT="41" HPOS="1471" VPOS="2272" WIDTH="145" />
<SP HEIGHT="47" HPOS="1644" VPOS="2274" WIDTH="32" />
<String CONTENT="J." HEIGHT="40" HPOS="1677" LANG="fr" VPOS="2274" WIDTH="41" />
<SP HEIGHT="38" HPOS="1719" VPOS="2275" WIDTH="30" />
<String CONTENT="B." HEIGHT="40" HPOS="1750" VPOS="2275" WIDTH="54" />
<SP HEIGHT="40" HPOS="1805" VPOS="2275" WIDTH="28" />
<String CONTENT="Maple," HEIGHT="49" HPOS="1834" VPOS="2274" WIDTH="176" />
<SP HEIGHT="48" HPOS="2011" VPOS="2275" WIDTH="32" />
<String CONTENT="Sullivan," HEIGHT="49" HPOS="2044" VPOS="2273" WIDTH="236" />
<SP HEIGHT="47" HPOS="2281" VPOS="2275" WIDTH="25" />
<String CONTENT="Ind." HEIGHT="42" HPOS="2307" VPOS="2273" WIDTH="106" />
</TextLine>
<TextLine HEIGHT="52" HPOS="477" LANG="en-US" VPOS="2329" WIDTH="286">
<String CONTENT="(36-25546)" HEIGHT="52" HPOS="477" VPOS="2329" WIDTH="286" />
</TextLine>
<TextLine CS="1" HEIGHT="68" HPOS="392" LANG="en-US" STYLEREFS="StyleId-97F38429-D766-416D-B78A-B2B6ABC8F616-" VPOS="2436" WIDTH="1958">
<String CONTENT="Massachusetts" HEIGHT="54" HPOS="392" VPOS="2436" WIDTH="487" />
<SP HEIGHT="53" HPOS="880" VPOS="2437" WIDTH="27" />
<String CONTENT="digest" HEIGHT="68" HPOS="908" VPOS="2436" WIDTH="187" />
<SP HEIGHT="48" HPOS="1096" VPOS="2443" WIDTH="32" />
<String CONTENT="annotated." HEIGHT="52" HPOS="1129" VPOS="2437" WIDTH="326" />
<SP HEIGHT="55" HPOS="1456" VPOS="2436" WIDTH="70" />
<String CONTENT="October," HEIGHT="67" HPOS="1527" VPOS="2436" WIDTH="264" />
<SP HEIGHT="62" HPOS="1792" VPOS="2441" WIDTH="34" />
<String CONTENT="1936," HEIGHT="65" HPOS="1827" VPOS="2439" WIDTH="152" />
<SP HEIGHT="49" HPOS="1980" VPOS="2455" WIDTH="31" />
<String CONTENT="pamphlet" HEIGHT="68" HPOS="2012" VPOS="2436" WIDTH="302" />
<SP HEIGHT="48" HPOS="2315" VPOS="2442" WIDTH="35" />
<String CONTENT="&#8230;" CS="1" />
</TextLine>
<TextLine CS="1" HEIGHT="148" HPOS="463" LANG="en-US" STYLEREFS="StyleId-97F38429-D766-416D-B78A-B2B6ABC8F616-" VPOS="2514" WIDTH="1949">
<String CONTENT="Table" HEIGHT="54" HPOS="464" VPOS="2514" WIDTH="180" />
<SP HEIGHT="35" HPOS="645" VPOS="2533" WIDTH="34" />
<String CONTENT="of" HEIGHT="54" HPOS="680" VPOS="2514" WIDTH="64" />
<SP HEIGHT="53" HPOS="745" VPOS="2514" WIDTH="34" />
<String CONTENT="statutes" HEIGHT="49" HPOS="780" VPOS="2519" WIDTH="240" />
<SP HEIGHT="35" HPOS="1021" VPOS="2533" WIDTH="33" />
<String CONTENT="construed" HEIGHT="52" HPOS="1055" VPOS="2516" WIDTH="302" />
<SP HEIGHT="52" HPOS="1358" VPOS="2516" WIDTH="37" />
<String CONTENT="and" HEIGHT="52" HPOS="1396" VPOS="2515" WIDTH="112" />
<SP HEIGHT="52" HPOS="1509" VPOS="2515" WIDTH="34" />
<String CONTENT="table" HEIGHT="52" HPOS="1544" VPOS="2515" WIDTH="154" />
<SP HEIGHT="36" HPOS="1699" VPOS="2534" WIDTH="34" />
<String CONTENT="of" HEIGHT="55" HPOS="1734" VPOS="2515" WIDTH="64" />
<SP HEIGHT="53" HPOS="1799" VPOS="2515" WIDTH="32" />
<String CONTENT="Massachusetts" HEIGHT="53" HPOS="1832" VPOS="2515" WIDTH="446" />
<SP HEIGHT="34" HPOS="2279" VPOS="2534" WIDTH="34" />
<String CONTENT="advance" HEIGHT="134" HPOS="463" VPOS="2514" WIDTH="1924" />
<SP HEIGHT="34" HPOS="638" VPOS="2611" WIDTH="40" />
<String CONTENT="sheet" HEIGHT="53" HPOS="679" VPOS="2594" WIDTH="153" />
<SP HEIGHT="47" HPOS="833" VPOS="2598" WIDTH="39" />
<String CONTENT="references." HEIGHT="54" HPOS="873" VPOS="2593" WIDTH="331" />
<SP HEIGHT="56" HPOS="1205" VPOS="2591" WIDTH="76" />
<String CONTENT="Boston," HEIGHT="69" HPOS="1282" VPOS="2591" WIDTH="235" />
<SP HEIGHT="65" HPOS="1518" VPOS="2595" WIDTH="37" />
<String CONTENT="Mass.," HEIGHT="66" HPOS="1556" VPOS="2595" WIDTH="192" />
<SP HEIGHT="66" HPOS="1749" VPOS="2595" WIDTH="39" />
<String CONTENT="Little," HEIGHT="69" HPOS="1789" VPOS="2593" WIDTH="197" />
<SP HEIGHT="67" HPOS="1987" VPOS="2595" WIDTH="39" />
<String CONTENT="Brown," HEIGHT="66" HPOS="2027" VPOS="2595" WIDTH="231" />
<SP HEIGHT="49" HPOS="2259" VPOS="2612" WIDTH="39" />
<String CONTENT="and" HEIGHT="54" HPOS="2299" VPOS="2593" WIDTH="113" />
</TextLine>
<TextLine CS="1" HEIGHT="70" HPOS="465" LANG="en-US" STYLEREFS="StyleId-97F38429-D766-416D-B78A-B2B6ABC8F616-" VPOS="2670" WIDTH="1764">
<String CONTENT="company;" HEIGHT="50" HPOS="465" VPOS="2690" WIDTH="311" />
<SP HEIGHT="68" HPOS="777" VPOS="2671" WIDTH="33" />
<String CONTENT="St." HEIGHT="56" HPOS="811" VPOS="2671" WIDTH="84" />
<SP HEIGHT="52" HPOS="896" VPOS="2674" WIDTH="30" />
<String CONTENT="Paul," HEIGHT="68" HPOS="927" VPOS="2672" WIDTH="168" />
<SP HEIGHT="67" HPOS="1096" VPOS="2673" WIDTH="26" />
<String CONTENT="Minn.," HEIGHT="66" HPOS="1123" VPOS="2673" WIDTH="204" />
<SP HEIGHT="66" HPOS="1328" VPOS="2673" WIDTH="26" />
<String CONTENT="West" HEIGHT="54" HPOS="1355" VPOS="2673" WIDTH="162" />
<SP HEIGHT="60" HPOS="1518" VPOS="2679" WIDTH="28" />
<String CONTENT="publishing" HEIGHT="70" HPOS="1547" VPOS="2670" WIDTH="337" />
<SP HEIGHT="50" HPOS="1885" VPOS="2690" WIDTH="30" />
<String CONTENT="co." HEIGHT="36" HPOS="1916" VPOS="2690" WIDTH="80" />
<SP HEIGHT="35" HPOS="1997" VPOS="2705" WIDTH="37" />
<String CONTENT="[" CS="1" />
<String CONTENT="c" HEIGHT="21" HPOS="2053" STYLE="superscript" VPOS="2678" WIDTH="18" />
<String CONTENT="1936]" HEIGHT="66" HPOS="2076" VPOS="2674" WIDTH="153" />
</TextLine>
<TextLine HEIGHT="49" HPOS="465" LANG="en-US" VPOS="2744" WIDTH="310">
<String CONTENT="84" HEIGHT="41" HPOS="465" VPOS="2744" WIDTH="56" />
<SP HEIGHT="48" HPOS="522" VPOS="2745" WIDTH="29" />
<String CONTENT="p." HEIGHT="38" HPOS="552" VPOS="2755" WIDTH="43" />
<SP HEIGHT="39" HPOS="596" VPOS="2744" WIDTH="59" />
<String CONTENT="24" HEIGHT="40" HPOS="656" VPOS="2744" WIDTH="58" />
<String CONTENT="cm" HEIGHT="21" HPOS="716" STYLE="superscript" VPOS="2748" WIDTH="45" />
<String CONTENT="." HEIGHT="9" HPOS="766" VPOS="2778" WIDTH="9" />
</TextLine>
<TextLine HEIGHT="51" HPOS="466" LANG="en-US" VPOS="2800" WIDTH="1296">
<String CONTENT="On" HEIGHT="42" HPOS="466" VPOS="2802" WIDTH="74" />
<SP HEIGHT="29" HPOS="541" VPOS="2813" WIDTH="28" />
<String CONTENT="cover:" HEIGHT="31" HPOS="570" VPOS="2812" WIDTH="171" />
<SP HEIGHT="39" HPOS="742" VPOS="2804" WIDTH="32" />
<String CONTENT="Massachusetts" HEIGHT="43" HPOS="775" VPOS="2801" WIDTH="392" />
<SP HEIGHT="40" HPOS="1168" VPOS="2802" WIDTH="30" />
<String CONTENT="digest," HEIGHT="50" HPOS="1199" VPOS="2801" WIDTH="172" />
<SP HEIGHT="49" HPOS="1372" VPOS="2802" WIDTH="32" />
<String CONTENT="1761" HEIGHT="42" HPOS="1405" VPOS="2800" WIDTH="115" />
<SP HEIGHT="41" HPOS="1521" VPOS="2802" WIDTH="30" />
<String CONTENT="to" HEIGHT="40" HPOS="1552" VPOS="2803" WIDTH="50" />
<SP HEIGHT="41" HPOS="1603" VPOS="2801" WIDTH="31" />
<String CONTENT="date." HEIGHT="41" HPOS="1635" VPOS="2801" WIDTH="127" />
</TextLine>
<TextLine CS="1" HEIGHT="55" HPOS="395" LANG="en-US" VPOS="2869" WIDTH="2017">
<String CONTENT="&#169;" HEIGHT="55" HPOS="395" VPOS="2869" WIDTH="53" />
<SP HEIGHT="55" HPOS="449" VPOS="2869" WIDTH="27" />
<String CONTENT="Oct." HEIGHT="43" HPOS="477" VPOS="2873" WIDTH="104" />
<SP HEIGHT="43" HPOS="582" VPOS="2873" WIDTH="26" />
<String CONTENT="2," HEIGHT="50" HPOS="609" VPOS="2873" WIDTH="41" />
<SP HEIGHT="49" HPOS="651" VPOS="2874" WIDTH="26" />
<String CONTENT="1936;" CS="1" HEIGHT="43" HPOS="678" VPOS="2872" WIDTH="115" />
<SP HEIGHT="49" HPOS="820" VPOS="2873" WIDTH="32" />
<String CONTENT="2c." HEIGHT="42" HPOS="853" VPOS="2873" WIDTH="68" />
<SP HEIGHT="31" HPOS="922" VPOS="2884" WIDTH="28" />
<String CONTENT="and" HEIGHT="40" HPOS="951" VPOS="2874" WIDTH="95" />
<SP HEIGHT="40" HPOS="1047" VPOS="2874" WIDTH="30" />
<String CONTENT="aff." HEIGHT="44" HPOS="1078" VPOS="2872" WIDTH="83" />
<SP HEIGHT="43" HPOS="1162" VPOS="2873" WIDTH="27" />
<String CONTENT="Nov." HEIGHT="42" HPOS="1190" VPOS="2873" WIDTH="119" />
<SP HEIGHT="43" HPOS="1310" VPOS="2872" WIDTH="26" />
<String CONTENT="16;" CS="1" HEIGHT="42" HPOS="1337" VPOS="2872" WIDTH="58" />
<SP HEIGHT="47" HPOS="1422" VPOS="2874" WIDTH="31" />
<String CONTENT="A" HEIGHT="39" HPOS="1454" VPOS="2874" WIDTH="40" />
<SP HEIGHT="42" HPOS="1495" VPOS="2871" WIDTH="28" />
<String CONTENT="99863;" CS="1" HEIGHT="42" HPOS="1524" VPOS="2871" WIDTH="146" />
<SP HEIGHT="48" HPOS="1697" VPOS="2873" WIDTH="32" />
<String CONTENT="Little," HEIGHT="49" HPOS="1730" VPOS="2872" WIDTH="163" />
<SP HEIGHT="47" HPOS="1894" VPOS="2874" WIDTH="30" />
<String CONTENT="Brown," HEIGHT="50" HPOS="1925" VPOS="2874" WIDTH="194" />
<SP HEIGHT="51" HPOS="2120" VPOS="2873" WIDTH="29" />
<String CONTENT="&amp;" HEIGHT="42" HPOS="2150" VPOS="2873" WIDTH="37" />
<SP HEIGHT="42" HPOS="2188" VPOS="2873" WIDTH="26" />
<String CONTENT="co." HEIGHT="32" HPOS="2215" VPOS="2882" WIDTH="68" />
<SP HEIGHT="31" HPOS="2284" VPOS="2883" WIDTH="28" />
<String CONTENT="and" HEIGHT="42" HPOS="2313" VPOS="2872" WIDTH="99" />
</TextLine>
<TextLine HEIGHT="48" HPOS="464" LANG="en-US" VPOS="2932" WIDTH="371">
<String CONTENT="West" HEIGHT="41" HPOS="464" VPOS="2932" WIDTH="137" />
<SP HEIGHT="47" HPOS="602" VPOS="2933" WIDTH="25" />
<String CONTENT="pub." HEIGHT="48" HPOS="628" VPOS="2932" WIDTH="111" />
<SP HEIGHT="31" HPOS="740" VPOS="2942" WIDTH="27" />
<String CONTENT="co." HEIGHT="30" HPOS="768" VPOS="2942" WIDTH="67" />
</TextLine>
<TextLine HEIGHT="71" HPOS="393" LANG="en-US" STYLEREFS="StyleId-97F38429-D766-416D-B78A-B2B6ABC8F616-" VPOS="3033" WIDTH="2015">
<String CONTENT="Massachusetts" HEIGHT="54" HPOS="393" VPOS="3037" WIDTH="486" />
<SP HEIGHT="54" HPOS="880" VPOS="3037" WIDTH="42" />
<String CONTENT="digest" HEIGHT="67" HPOS="923" VPOS="3037" WIDTH="188" />
<SP HEIGHT="48" HPOS="1112" VPOS="3042" WIDTH="45" />
<String CONTENT="annotated," HEIGHT="66" HPOS="1158" VPOS="3037" WIDTH="329" />
<SP HEIGHT="63" HPOS="1488" VPOS="3040" WIDTH="49" />
<String CONTENT="1761" HEIGHT="54" HPOS="1538" VPOS="3034" WIDTH="132" />
<SP HEIGHT="50" HPOS="1671" VPOS="3040" WIDTH="44" />
<String CONTENT="to" HEIGHT="49" HPOS="1716" VPOS="3042" WIDTH="59" />
<SP HEIGHT="56" HPOS="1776" VPOS="3035" WIDTH="44" />
<String CONTENT="date," HEIGHT="68" HPOS="1821" VPOS="3035" WIDTH="148" />
<SP HEIGHT="49" HPOS="1970" VPOS="3054" WIDTH="46" />
<String CONTENT="covering" HEIGHT="68" HPOS="2017" VPOS="3035" WIDTH="269" />
<SP HEIGHT="51" HPOS="2287" VPOS="3052" WIDTH="44" />
<String CONTENT="all" HEIGHT="54" HPOS="2332" VPOS="3033" WIDTH="76" />
</TextLine>
<TextLine HEIGHT="68" HPOS="464" LANG="en-US" STYLEREFS="StyleId-97F38429-D766-416D-B78A-B2B6ABC8F616-" VPOS="3114" WIDTH="1945">
<String CONTENT="cases" HEIGHT="36" HPOS="464" VPOS="3134" WIDTH="149" />
<SP HEIGHT="35" HPOS="614" VPOS="3134" WIDTH="37" />
<String CONTENT="reported" HEIGHT="66" HPOS="652" VPOS="3116" WIDTH="268" />
<SP HEIGHT="53" HPOS="921" VPOS="3116" WIDTH="37" />
<String CONTENT="in" HEIGHT="52" HPOS="959" VPOS="3117" WIDTH="62" />
<SP HEIGHT="52" HPOS="1022" VPOS="3116" WIDTH="34" />
<String CONTENT="Massachusetts" HEIGHT="52" HPOS="1057" VPOS="3116" WIDTH="448" />
<SP HEIGHT="35" HPOS="1506" VPOS="3132" WIDTH="37" />
<String CONTENT="reports" HEIGHT="63" HPOS="1544" VPOS="3119" WIDTH="223" />
<SP HEIGHT="34" HPOS="1768" VPOS="3133" WIDTH="39" />
<String CONTENT="and" HEIGHT="52" HPOS="1808" VPOS="3115" WIDTH="112" />
<SP HEIGHT="53" HPOS="1921" VPOS="3115" WIDTH="38" />
<String CONTENT="North" HEIGHT="54" HPOS="1960" VPOS="3114" WIDTH="188" />
<SP HEIGHT="54" HPOS="2149" VPOS="3114" WIDTH="37" />
<String CONTENT="eastern" HEIGHT="51" HPOS="2187" VPOS="3117" WIDTH="222" />
</TextLine>
<TextLine HEIGHT="71" HPOS="463" LANG="en-US" STYLEREFS="StyleId-97F38429-D766-416D-B78A-B2B6ABC8F616-" VPOS="3191" WIDTH="1947">
<String CONTENT="reporter," HEIGHT="64" HPOS="463" VPOS="3198" WIDTH="278" />
<SP HEIGHT="48" HPOS="742" VPOS="3214" WIDTH="46" />
<String CONTENT="with" HEIGHT="54" HPOS="789" VPOS="3192" WIDTH="141" />
<SP HEIGHT="52" HPOS="931" VPOS="3194" WIDTH="48" />
<String CONTENT="current" HEIGHT="47" HPOS="980" VPOS="3200" WIDTH="229" />
<SP HEIGHT="47" HPOS="1210" VPOS="3200" WIDTH="47" />
<String CONTENT="cumulative" HEIGHT="53" HPOS="1258" VPOS="3192" WIDTH="347" />
<SP HEIGHT="49" HPOS="1606" VPOS="3211" WIDTH="44" />
<String CONTENT="pocket" HEIGHT="68" HPOS="1651" VPOS="3192" WIDTH="206" />
<SP HEIGHT="48" HPOS="1858" VPOS="3199" WIDTH="47" />
<String CONTENT="service" HEIGHT="53" HPOS="1906" VPOS="3192" WIDTH="211" />
<SP HEIGHT="53" HPOS="2118" VPOS="3192" WIDTH="44" />
<String CONTENT="keeping" HEIGHT="69" HPOS="2163" VPOS="3191" WIDTH="247" />
</TextLine>
<TextLine CS="1" HEIGHT="72" HPOS="462" LANG="en-US" STYLEREFS="StyleId-97F38429-D766-416D-B78A-B2B6ABC8F616-" VPOS="3269" WIDTH="1947">
<String CONTENT="the" HEIGHT="54" HPOS="462" VPOS="3273" WIDTH="97" />
<SP HEIGHT="54" HPOS="560" VPOS="3273" WIDTH="38" />
<String CONTENT="digest" HEIGHT="68" HPOS="599" VPOS="3273" WIDTH="191" />
<SP HEIGHT="50" HPOS="791" VPOS="3276" WIDTH="36" />
<String CONTENT="always" HEIGHT="68" HPOS="828" VPOS="3272" WIDTH="214" />
<SP HEIGHT="47" HPOS="1043" VPOS="3279" WIDTH="36" />
<String CONTENT="to" HEIGHT="49" HPOS="1080" VPOS="3279" WIDTH="59" />
<SP HEIGHT="56" HPOS="1140" VPOS="3272" WIDTH="39" />
<String CONTENT="date" HEIGHT="53" HPOS="1180" VPOS="3272" WIDTH="132" />
<SP HEIGHT="33" HPOS="1313" VPOS="3292" WIDTH="43" />
<String CONTENT="&#8230;" CS="1" />
<SP HEIGHT="51" HPOS="1414" VPOS="3274" WIDTH="80" />
<String CONTENT="By" HEIGHT="65" HPOS="1495" VPOS="3274" WIDTH="89" />
<SP HEIGHT="62" HPOS="1585" VPOS="3277" WIDTH="38" />
<String CONTENT="the" HEIGHT="52" HPOS="1624" VPOS="3272" WIDTH="98" />
<SP HEIGHT="50" HPOS="1723" VPOS="3289" WIDTH="35" />
<String CONTENT="publisher&#8217;s" HEIGHT="69" HPOS="1759" VPOS="3270" WIDTH="344" />
<SP HEIGHT="35" HPOS="2104" VPOS="3289" WIDTH="36" />
<String CONTENT="editorial" HEIGHT="55" HPOS="2141" VPOS="3269" WIDTH="268" />
</TextLine>
<TextLine CS="1" HEIGHT="58" HPOS="462" LANG="en-US" STYLEREFS="StyleId-97F38429-D766-416D-B78A-B2B6ABC8F616-" VPOS="3348" WIDTH="1948">
<String CONTENT="staff." CS="1" HEIGHT="55" HPOS="462" VPOS="3351" WIDTH="135" />
<SP />
<String CONTENT="volume" HEIGHT="54" HPOS="690" VPOS="3351" WIDTH="226" />
<SP HEIGHT="51" HPOS="917" VPOS="3353" WIDTH="20" />
<String CONTENT="21." HEIGHT="52" HPOS="938" VPOS="3353" WIDTH="83" />
<SP HEIGHT="53" HPOS="1022" VPOS="3352" WIDTH="23" />
<String CONTENT="Defendant-Plaintiff" HEIGHT="55" HPOS="1046" VPOS="3349" WIDTH="646" />
<SP HEIGHT="52" HPOS="1693" VPOS="3350" WIDTH="19" />
<String CONTENT="table" HEIGHT="52" HPOS="1713" VPOS="3350" WIDTH="152" />
<SP HEIGHT="34" HPOS="1866" VPOS="3368" WIDTH="21" />
<String CONTENT="of" HEIGHT="53" HPOS="1888" VPOS="3349" WIDTH="64" />
<SP HEIGHT="53" HPOS="1953" VPOS="3349" WIDTH="21" />
<String CONTENT="cases." HEIGHT="35" HPOS="1975" VPOS="3368" WIDTH="166" />
<SP HEIGHT="54" HPOS="2142" VPOS="3350" WIDTH="56" />
<String CONTENT="Words" HEIGHT="56" HPOS="2199" VPOS="3348" WIDTH="211" />
</TextLine>
<TextLine HEIGHT="68" HPOS="465" LANG="en-US" STYLEREFS="StyleId-97F38429-D766-416D-B78A-B2B6ABC8F616-" VPOS="3429" WIDTH="1940">
<String CONTENT="and" HEIGHT="53" HPOS="465" VPOS="3430" WIDTH="113" />
<SP HEIGHT="67" HPOS="579" VPOS="3430" WIDTH="35" />
<String CONTENT="phrases." HEIGHT="67" HPOS="615" VPOS="3430" WIDTH="252" />
<SP HEIGHT="52" HPOS="868" VPOS="3431" WIDTH="75" />
<String CONTENT="Boston," HEIGHT="64" HPOS="944" VPOS="3431" WIDTH="236" />
<SP HEIGHT="66" HPOS="1181" VPOS="3429" WIDTH="33" />
<String CONTENT="Mass.," HEIGHT="67" HPOS="1215" VPOS="3429" WIDTH="192" />
<SP HEIGHT="67" HPOS="1408" VPOS="3429" WIDTH="35" />
<String CONTENT="Little," HEIGHT="66" HPOS="1444" VPOS="3429" WIDTH="196" />
<SP HEIGHT="64" HPOS="1641" VPOS="3431" WIDTH="35" />
<String CONTENT="Brown," HEIGHT="64" HPOS="1677" VPOS="3431" WIDTH="229" />
<SP HEIGHT="47" HPOS="1907" VPOS="3448" WIDTH="37" />
<String CONTENT="and" HEIGHT="52" HPOS="1945" VPOS="3429" WIDTH="112" />
<SP HEIGHT="52" HPOS="2058" VPOS="3429" WIDTH="38" />
<String CONTENT="company;" HEIGHT="50" HPOS="2097" VPOS="3446" WIDTH="308" />
</TextLine>
<TextLine CS="1" HEIGHT="70" HPOS="465" LANG="en-US" STYLEREFS="StyleId-97F38429-D766-416D-B78A-B2B6ABC8F616-" VPOS="3506" WIDTH="1373">
<String CONTENT="St." HEIGHT="56" HPOS="465" VPOS="3508" WIDTH="81" />
<SP HEIGHT="52" HPOS="547" VPOS="3511" WIDTH="24" />
<String CONTENT="Paul," HEIGHT="67" HPOS="572" VPOS="3508" WIDTH="168" />
<SP HEIGHT="65" HPOS="741" VPOS="3510" WIDTH="22" />
<String CONTENT="Minn.," HEIGHT="66" HPOS="764" VPOS="3509" WIDTH="203" />
<SP HEIGHT="66" HPOS="968" VPOS="3509" WIDTH="21" />
<String CONTENT="West" HEIGHT="55" HPOS="990" VPOS="3509" WIDTH="160" />
<SP HEIGHT="61" HPOS="1151" VPOS="3514" WIDTH="21" />
<String CONTENT="publishing" HEIGHT="70" HPOS="1173" VPOS="3506" WIDTH="338" />
<SP HEIGHT="52" HPOS="1512" VPOS="3524" WIDTH="22" />
<String CONTENT="co." HEIGHT="38" HPOS="1535" VPOS="3524" WIDTH="78" />
<SP HEIGHT="35" HPOS="1614" VPOS="3541" WIDTH="30" />
<String CONTENT="[" CS="1" />
<String CONTENT="c" HEIGHT="21" HPOS="1663" STYLE="superscript" VPOS="3513" WIDTH="18" />
<String CONTENT="1936]" HEIGHT="65" HPOS="1686" VPOS="3510" WIDTH="152" />
</TextLine>
<TextLine CS="1" HEIGHT="52" HPOS="466" LANG="en-US" VPOS="3580" WIDTH="559">
<String CONTENT="1" HEIGHT="39" HPOS="466" VPOS="3583" WIDTH="25" />
<SP HEIGHT="48" HPOS="492" VPOS="3583" WIDTH="24" />
<String CONTENT="p." CS="1" />
<SP />
<String CONTENT="l.," CS="1" HEIGHT="17" HPOS="625" VPOS="3615" WIDTH="9" />
<SP HEIGHT="50" HPOS="635" VPOS="3582" WIDTH="28" />
<String CONTENT="512" HEIGHT="41" HPOS="664" VPOS="3581" WIDTH="84" />
<SP HEIGHT="50" HPOS="749" VPOS="3581" WIDTH="26" />
<String CONTENT="p." HEIGHT="39" HPOS="776" VPOS="3592" WIDTH="45" />
<SP HEIGHT="44" HPOS="822" VPOS="3580" WIDTH="54" />
<String CONTENT="26&#189;" CS="1" HEIGHT="42" HPOS="877" VPOS="3580" WIDTH="58" />
<String CONTENT="cm" HEIGHT="21" HPOS="967" STYLE="superscript" VPOS="3584" WIDTH="44" />
<String CONTENT="." HEIGHT="8" HPOS="1017" VPOS="3615" WIDTH="8" />
</TextLine>
<TextLine CS="1" HEIGHT="53" HPOS="395" LANG="en-US" VPOS="3649" WIDTH="2012">
<String CONTENT="&#169;" HEIGHT="53" HPOS="395" VPOS="3649" WIDTH="53" />
<SP HEIGHT="53" HPOS="449" VPOS="3649" WIDTH="34" />
<String CONTENT="Oct." HEIGHT="41" HPOS="484" VPOS="3653" WIDTH="102" />
<SP HEIGHT="39" HPOS="587" VPOS="3653" WIDTH="31" />
<String CONTENT="1," HEIGHT="48" HPOS="619" VPOS="3653" WIDTH="40" />
<SP HEIGHT="48" HPOS="660" VPOS="3653" WIDTH="31" />
<String CONTENT="1936;" CS="1" HEIGHT="42" HPOS="692" VPOS="3651" WIDTH="117" />
<SP HEIGHT="48" HPOS="836" VPOS="3651" WIDTH="33" />
<String CONTENT="2c." HEIGHT="42" HPOS="870" VPOS="3651" WIDTH="69" />
<SP HEIGHT="31" HPOS="940" VPOS="3662" WIDTH="32" />
<String CONTENT="and" HEIGHT="39" HPOS="973" VPOS="3652" WIDTH="96" />
<SP HEIGHT="39" HPOS="1070" VPOS="3652" WIDTH="33" />
<String CONTENT="aff." HEIGHT="43" HPOS="1104" VPOS="3651" WIDTH="82" />
<SP HEIGHT="42" HPOS="1187" VPOS="3652" WIDTH="33" />
<String CONTENT="Nov." HEIGHT="39" HPOS="1221" VPOS="3652" WIDTH="118" />
<SP HEIGHT="37" HPOS="1340" VPOS="3653" WIDTH="35" />
<String CONTENT="16;" CS="1" HEIGHT="40" HPOS="1376" VPOS="3650" WIDTH="56" />
<SP HEIGHT="41" HPOS="1459" VPOS="3652" WIDTH="36" />
<String CONTENT="A" HEIGHT="38" HPOS="1496" VPOS="3652" WIDTH="39" />
<SP HEIGHT="41" HPOS="1536" VPOS="3650" WIDTH="32" />
<String CONTENT="99885;" CS="1" HEIGHT="42" HPOS="1569" VPOS="3649" WIDTH="145" />
<SP HEIGHT="46" HPOS="1741" VPOS="3652" WIDTH="37" />
<String CONTENT="Little," HEIGHT="49" HPOS="1779" VPOS="3650" WIDTH="164" />
<SP HEIGHT="47" HPOS="1944" VPOS="3652" WIDTH="35" />
<String CONTENT="Brown," HEIGHT="47" HPOS="1980" VPOS="3652" WIDTH="193" />
<SP HEIGHT="38" HPOS="2174" VPOS="3661" WIDTH="34" />
<String CONTENT="and" HEIGHT="41" HPOS="2209" VPOS="3650" WIDTH="96" />
<SP HEIGHT="40" HPOS="2306" VPOS="3650" WIDTH="33" />
<String CONTENT="co." HEIGHT="30" HPOS="2340" VPOS="3660" WIDTH="67" />
</TextLine>
<TextLine HEIGHT="49" HPOS="465" LANG="en-US" VPOS="3709" WIDTH="482">
<String CONTENT="and" HEIGHT="41" HPOS="465" VPOS="3710" WIDTH="95" />
<SP HEIGHT="41" HPOS="561" VPOS="3710" WIDTH="24" />
<String CONTENT="West" HEIGHT="41" HPOS="586" VPOS="3710" WIDTH="137" />
<SP HEIGHT="48" HPOS="724" VPOS="3710" WIDTH="20" />
<String CONTENT="pub." HEIGHT="49" HPOS="745" VPOS="3709" WIDTH="110" />
<SP HEIGHT="31" HPOS="856" VPOS="3719" WIDTH="23" />
<String CONTENT="co." HEIGHT="31" HPOS="880" VPOS="3719" WIDTH="67" />
</TextLine>
<TextLine CS="1" HEIGHT="148" HPOS="392" LANG="en-US" STYLEREFS="StyleId-97F38429-D766-416D-B78A-B2B6ABC8F616-" VPOS="3810" WIDTH="2014">
<String CONTENT="Medical" HEIGHT="56" HPOS="392" VPOS="3812" WIDTH="251" />
<SP HEIGHT="67" HPOS="644" VPOS="3814" WIDTH="32" />
<String CONTENT="papers," HEIGHT="49" HPOS="677" VPOS="3832" WIDTH="227" />
<SP HEIGHT="66" HPOS="905" VPOS="3814" WIDTH="29" />
<String CONTENT="dedicated" HEIGHT="55" HPOS="935" VPOS="3812" WIDTH="299" />
<SP HEIGHT="52" HPOS="1235" VPOS="3813" WIDTH="32" />
<String CONTENT="to" HEIGHT="49" HPOS="1268" VPOS="3817" WIDTH="58" />
<SP HEIGHT="53" HPOS="1327" VPOS="3813" WIDTH="31" />
<String CONTENT="Henry" HEIGHT="66" HPOS="1359" VPOS="3813" WIDTH="205" />
<SP HEIGHT="67" HPOS="1565" VPOS="3812" WIDTH="31" />
<String CONTENT="Asbury" HEIGHT="66" HPOS="1597" VPOS="3812" WIDTH="232" />
<SP HEIGHT="66" HPOS="1830" VPOS="3812" WIDTH="36" />
<String CONTENT="Christian," HEIGHT="69" HPOS="1867" VPOS="3810" WIDTH="313" />
<SP HEIGHT="49" HPOS="2181" VPOS="3830" WIDTH="30" />
<String CONTENT="physician" HEIGHT="134" HPOS="455" VPOS="3810" WIDTH="1929" />
<SP HEIGHT="35" HPOS="585" VPOS="3909" WIDTH="32" />
<String CONTENT="and" HEIGHT="53" HPOS="618" VPOS="3891" WIDTH="116" />
<SP HEIGHT="53" HPOS="735" VPOS="3891" WIDTH="34" />
<String CONTENT="teacher," HEIGHT="69" HPOS="770" VPOS="3889" WIDTH="245" />
<SP HEIGHT="70" HPOS="1016" VPOS="3888" WIDTH="35" />
<String CONTENT="from" HEIGHT="55" HPOS="1052" VPOS="3888" WIDTH="154" />
<SP HEIGHT="54" HPOS="1207" VPOS="3888" WIDTH="34" />
<String CONTENT="his" HEIGHT="55" HPOS="1242" VPOS="3888" WIDTH="89" />
<SP HEIGHT="50" HPOS="1332" VPOS="3907" WIDTH="35" />
<String CONTENT="present" HEIGHT="63" HPOS="1368" VPOS="3894" WIDTH="227" />
<SP HEIGHT="47" HPOS="1596" VPOS="3894" WIDTH="37" />
<String CONTENT="and" HEIGHT="54" HPOS="1634" VPOS="3888" WIDTH="113" />
<SP HEIGHT="69" HPOS="1748" VPOS="3888" WIDTH="36" />
<String CONTENT="past" HEIGHT="63" HPOS="1785" VPOS="3894" WIDTH="129" />
<SP HEIGHT="47" HPOS="1915" VPOS="3894" WIDTH="36" />
<String CONTENT="associates" HEIGHT="55" HPOS="1952" VPOS="3887" WIDTH="301" />
<SP HEIGHT="37" HPOS="2254" VPOS="3905" WIDTH="36" />
<String CONTENT="and" HEIGHT="55" HPOS="2291" VPOS="3885" WIDTH="115" />
</TextLine>
<TextLine HEIGHT="70" HPOS="455" LANG="en-US" STYLEREFS="StyleId-97F38429-D766-416D-B78A-B2B6ABC8F616-" VPOS="3966" WIDTH="1953">
<String CONTENT="house" HEIGHT="55" HPOS="455" VPOS="3968" WIDTH="176" />
<SP HEIGHT="37" HPOS="632" VPOS="3986" WIDTH="33" />
<String CONTENT="officers" HEIGHT="55" HPOS="666" VPOS="3967" WIDTH="210" />
<SP HEIGHT="35" HPOS="877" VPOS="3987" WIDTH="35" />
<String CONTENT="at" HEIGHT="50" HPOS="913" VPOS="3972" WIDTH="60" />
<SP HEIGHT="50" HPOS="974" VPOS="3972" WIDTH="33" />
<String CONTENT="the" HEIGHT="54" HPOS="1008" VPOS="3968" WIDTH="96" />
<SP HEIGHT="54" HPOS="1105" VPOS="3968" WIDTH="35" />
<String CONTENT="Peter" HEIGHT="53" HPOS="1141" VPOS="3968" WIDTH="171" />
<SP HEIGHT="53" HPOS="1313" VPOS="3968" WIDTH="36" />
<String CONTENT="Bent" HEIGHT="53" HPOS="1350" VPOS="3968" WIDTH="150" />
<SP HEIGHT="54" HPOS="1501" VPOS="3967" WIDTH="36" />
<String CONTENT="Brigham" HEIGHT="70" HPOS="1538" VPOS="3966" WIDTH="283" />
<SP HEIGHT="52" HPOS="1822" VPOS="3967" WIDTH="35" />
<String CONTENT="hospital," HEIGHT="69" HPOS="1858" VPOS="3966" WIDTH="272" />
<SP HEIGHT="69" HPOS="2131" VPOS="3966" WIDTH="38" />
<String CONTENT="Boston," HEIGHT="68" HPOS="2170" VPOS="3966" WIDTH="238" />
</TextLine>
</TextBlock>
</PrintSpace>
</Page>
</Layout>
</alto>