<alto xmlns="http://www.loc.gov/standards/alto/ns-v3#" xmlns:xlink="http://www.w3.org/1999/xlink" xmlns:xsi="http://www.w3.org/2001/XMLSchema-instance" xsi:schemaLocation="http://www.loc.gov/standards/alto/ns-v3# http://www.loc.gov/alto/v3/alto-3-0.xsd"><Description>
<MeasurementUnit>pixel</MeasurementUnit>
<sourceImageInformation>
<fileName>1936_v33_Part1.pdf</fileName>
</sourceImageInformation>
<OCRProcessing ID="IdOcr">
<ocrProcessingStep>
<processingDateTime>2019-01-18</processingDateTime>
<processingSoftware>
<softwareCreator>ABBYY</softwareCreator>
<softwareName>ABBYY Recognition Server</softwareName>
<softwareVersion>4.0</softwareVersion>
</processingSoftware>
</ocrProcessingStep>
</OCRProcessing>
</Description>
<Styles>
<ParagraphStyle ID="StyleId-FFFFFFFF-FFFF-FFFF-FFFF-FFFFFFFFFFFF-" ALIGN="Left" LEFT="0." RIGHT="0." FIRSTLINE="0."/>
<ParagraphStyle ID="StyleId-51D50FAC-7A90-4D70-8A96-5EA9D46D1C8B-" ALIGN="Left" LEFT="0." RIGHT="0." FIRSTLINE="0." LINESPACE="7.699999809"/>
<ParagraphStyle ID="StyleId-6BC133E9-7DCB-43C3-8842-A67984A26405-" ALIGN="Block" LEFT="0." RIGHT="0." FIRSTLINE="-17." LINESPACE="8.340000153"/>
<ParagraphStyle ID="StyleId-3C3FF860-43E7-46A2-8934-48F305F6F0D6-" ALIGN="Left" LEFT="0." RIGHT="0." FIRSTLINE="-13." LINESPACE="11.06999969"/>
<ParagraphStyle ID="StyleId-19220C76-4F8A-4737-B38C-B5F5C17E6040-" ALIGN="Block" LEFT="0." RIGHT="0." FIRSTLINE="-13." LINESPACE="11.06999969"/>
<ParagraphStyle ID="StyleId-75A0D721-13ED-4F20-9002-B389EC48477D-" ALIGN="Left" LEFT="0." RIGHT="0." FIRSTLINE="0." LINESPACE="15.5"/>
<ParagraphStyle ID="StyleId-8A414184-C7A5-4AC7-9B88-7DA4DDE75922-" ALIGN="Left" LEFT="0." RIGHT="0." FIRSTLINE="0." LINESPACE="9.399999619"/>
<ParagraphStyle ID="StyleId-1A87970B-111C-4169-99A6-9412976F3C97-" ALIGN="Left" LEFT="0." RIGHT="0." FIRSTLINE="0." LINESPACE="10.5"/>
<ParagraphStyle ID="StyleId-72DB0571-5AE4-41FD-9E11-68C6AC4C437E-" ALIGN="Block" LEFT="0." RIGHT="0." FIRSTLINE="-17." LINESPACE="8.340000153"/>
<ParagraphStyle ID="StyleId-1AA43056-C388-4697-B10F-72FDAA38FAE1-" ALIGN="Center" LEFT="0." RIGHT="0." FIRSTLINE="0." LINESPACE="10.5"/>
</Styles>
<Layout>
<Page ID="Page474" PHYSICAL_IMG_NR="474" HEIGHT="4377" WIDTH="2519">
<TopMargin HEIGHT="414" WIDTH="2519" VPOS="0" HPOS="0">
</TopMargin>
<LeftMargin HEIGHT="3636" WIDTH="342" VPOS="414" HPOS="0">
</LeftMargin>
<RightMargin HEIGHT="3636" WIDTH="137" VPOS="414" HPOS="2382">
</RightMargin>
<BottomMargin HEIGHT="327" WIDTH="2519" VPOS="4050" HPOS="0">
<TextBlock ID="Page474_Block1" HEIGHT="72" WIDTH="124" VPOS="4082" HPOS="1298" LANG="en-US" STYLEREFS="StyleId-B2A29628-909F-486E-B1F2-9237268F8BD8-">
<TextLine HEIGHT="53" WIDTH="103" VPOS="4091" HPOS="1309">
<String CONTENT="474" HEIGHT="53" WIDTH="103" VPOS="4091" HPOS="1309"/>
</TextLine>
</TextBlock>
</BottomMargin>
<PrintSpace HEIGHT="3636" WIDTH="2040" VPOS="414" HPOS="342">
<TextBlock ID="Page474_Block2" HEIGHT="3636" WIDTH="2040" VPOS="414" HPOS="342" LANG="en-US" CS="1" STYLEREFS="StyleId-5C3D487F-182E-41A1-9233-BC2D391E3612-">
<TextLine HEIGHT="49" WIDTH="786" VPOS="498" HPOS="425">
<String CONTENT="xlviii," HEIGHT="47" WIDTH="155" VPOS="499" HPOS="425"/>
<SP HEIGHT="48" WIDTH="25" VPOS="498" HPOS="581"/>
<String CONTENT="937" HEIGHT="42" WIDTH="87" VPOS="498" HPOS="607"/>
<SP HEIGHT="46" WIDTH="25" VPOS="501" HPOS="695"/>
<String CONTENT="p." HEIGHT="36" WIDTH="43" VPOS="511" HPOS="721"/>
<SP HEIGHT="40" WIDTH="54" VPOS="499" HPOS="765"/>
<String CONTENT="facsims." HEIGHT="40" WIDTH="216" VPOS="499" HPOS="820"/>
<SP HEIGHT="41" WIDTH="56" VPOS="498" HPOS="1037"/>
<String CONTENT="22" HEIGHT="39" WIDTH="54" VPOS="498" HPOS="1094"/>
<String STYLE="superscript" CONTENT="cm" HEIGHT="21" WIDTH="45" VPOS="501" HPOS="1152"/>
<String CONTENT="." HEIGHT="8" WIDTH="8" VPOS="532" HPOS="1203"/>
</TextLine>
<TextLine HEIGHT="53" WIDTH="2014" VPOS="552" HPOS="355" CS="1">
<String CONTENT="&#169;" HEIGHT="53" WIDTH="54" VPOS="552" HPOS="355"/>
<SP HEIGHT="53" WIDTH="25" VPOS="552" HPOS="410"/>
<String CONTENT="Feb." HEIGHT="41" WIDTH="111" VPOS="556" HPOS="436"/>
<SP HEIGHT="40" WIDTH="28" VPOS="557" HPOS="548"/>
<String CONTENT="14," HEIGHT="46" WIDTH="69" VPOS="557" HPOS="577"/>
<SP HEIGHT="46" WIDTH="28" VPOS="557" HPOS="647"/>
<String CONTENT="1936;" HEIGHT="47" WIDTH="141" VPOS="555" HPOS="676"/>
<SP/>
<String CS="1" CONTENT="2c."/>
<SP/>
<String CONTENT="Feb." HEIGHT="40" WIDTH="111" VPOS="556" HPOS="945"/>
<SP HEIGHT="41" WIDTH="26" VPOS="555" HPOS="1057"/>
<String CONTENT="24;" HEIGHT="47" WIDTH="83" VPOS="555" HPOS="1084"/>
<SP HEIGHT="36" WIDTH="30" VPOS="566" HPOS="1168"/>
<String CONTENT="aff." HEIGHT="40" WIDTH="82" VPOS="555" HPOS="1199"/>
<SP HEIGHT="39" WIDTH="25" VPOS="556" HPOS="1282"/>
<String CONTENT="Apr." HEIGHT="48" WIDTH="113" VPOS="556" HPOS="1308"/>
<SP HEIGHT="41" WIDTH="28" VPOS="555" HPOS="1422"/>
<String CONTENT="25;" HEIGHT="47" WIDTH="82" VPOS="555" HPOS="1451"/>
<SP HEIGHT="45" WIDTH="30" VPOS="557" HPOS="1534"/>
<!-- cceid 9B26ACC3-6E3A-1014-83DD-942C093A1DD9 --><String CONTENT="A" HEIGHT="38" WIDTH="40" VPOS="557" HPOS="1565"/>
<SP HEIGHT="39" WIDTH="28" VPOS="556" HPOS="1606"/>
<String CONTENT="93785;" HEIGHT="46" WIDTH="171" VPOS="556" HPOS="1635"/>
<SP HEIGHT="45" WIDTH="31" VPOS="557" HPOS="1807"/>
<String CONTENT="Henry" HEIGHT="47" WIDTH="168" VPOS="557" HPOS="1839"/>
<SP HEIGHT="48" WIDTH="30" VPOS="556" HPOS="2008"/>
<String CONTENT="P." HEIGHT="40" WIDTH="50" VPOS="556" HPOS="2039"/>
<SP HEIGHT="40" WIDTH="32" VPOS="556" HPOS="2090"/>
<String CONTENT="Stoddart," HEIGHT="48" WIDTH="246" VPOS="555" HPOS="2123"/>
</TextLine>
<TextLine HEIGHT="49" WIDTH="1943" VPOS="612" HPOS="427">
<String CONTENT="reporter" HEIGHT="45" WIDTH="223" VPOS="616" HPOS="427"/>
<SP HEIGHT="29" WIDTH="19" VPOS="624" HPOS="651"/>
<String CONTENT="of" HEIGHT="40" WIDTH="51" VPOS="613" HPOS="671"/>
<SP HEIGHT="40" WIDTH="21" VPOS="613" HPOS="723"/>
<String CONTENT="the" HEIGHT="39" WIDTH="81" VPOS="614" HPOS="745"/>
<SP HEIGHT="40" WIDTH="25" VPOS="613" HPOS="827"/>
<String CONTENT="Supreme" HEIGHT="47" WIDTH="230" VPOS="613" HPOS="853"/>
<SP HEIGHT="30" WIDTH="22" VPOS="622" HPOS="1084"/>
<String CONTENT="court," HEIGHT="46" WIDTH="152" VPOS="615" HPOS="1107"/>
<SP HEIGHT="48" WIDTH="23" VPOS="613" HPOS="1260"/>
<String CONTENT="for" HEIGHT="39" WIDTH="79" VPOS="613" HPOS="1284"/>
<SP HEIGHT="37" WIDTH="21" VPOS="616" HPOS="1364"/>
<String CONTENT="the" HEIGHT="39" WIDTH="82" VPOS="614" HPOS="1386"/>
<SP HEIGHT="39" WIDTH="21" VPOS="614" HPOS="1469"/>
<String CONTENT="benefit" HEIGHT="41" WIDTH="176" VPOS="612" HPOS="1491"/>
<SP HEIGHT="38" WIDTH="23" VPOS="615" HPOS="1668"/>
<String CONTENT="of" HEIGHT="39" WIDTH="51" VPOS="613" HPOS="1692"/>
<SP HEIGHT="40" WIDTH="22" VPOS="613" HPOS="1744"/>
<String CONTENT="the" HEIGHT="39" WIDTH="82" VPOS="614" HPOS="1767"/>
<SP HEIGHT="29" WIDTH="23" VPOS="624" HPOS="1850"/>
<String CONTENT="state" HEIGHT="38" WIDTH="129" VPOS="615" HPOS="1874"/>
<SP HEIGHT="29" WIDTH="23" VPOS="623" HPOS="2004"/>
<String CONTENT="of" HEIGHT="39" WIDTH="51" VPOS="612" HPOS="2028"/>
<SP HEIGHT="39" WIDTH="22" VPOS="612" HPOS="2080"/>
<String CONTENT="Nebraska," HEIGHT="47" WIDTH="267" VPOS="613" HPOS="2103"/>
</TextLine>
<TextLine HEIGHT="47" WIDTH="368" VPOS="671" HPOS="429">
<String CONTENT="Lincoln," HEIGHT="47" WIDTH="215" VPOS="671" HPOS="429"/>
<SP HEIGHT="47" WIDTH="35" VPOS="671" HPOS="645"/>
<String CONTENT="Neb." HEIGHT="39" WIDTH="116" VPOS="671" HPOS="681"/>
</TextLine>
<TextLine HEIGHT="65" WIDTH="1024" VPOS="773" HPOS="353" STYLEREFS="StyleId-4435BBC9-C7C8-429D-AFB2-1439021C1D57-">
<String CONTENT="Needham," HEIGHT="64" WIDTH="330" VPOS="773" HPOS="353"/>
<SP HEIGHT="61" WIDTH="27" VPOS="776" HPOS="684"/>
<String CONTENT="Mrs." HEIGHT="51" WIDTH="139" VPOS="776" HPOS="712"/>
<SP HEIGHT="52" WIDTH="29" VPOS="774" HPOS="852"/>
<String CONTENT="Mary" HEIGHT="63" WIDTH="176" VPOS="774" HPOS="882"/>
<SP HEIGHT="65" WIDTH="27" VPOS="773" HPOS="1059"/>
<String CONTENT="(Master)" HEIGHT="65" WIDTH="290" VPOS="773" HPOS="1087"/>
</TextLine>
<TextLine HEIGHT="70" WIDTH="1943" VPOS="848" HPOS="425" STYLEREFS="StyleId-FF4BA097-1826-4B50-9556-7007D3D287E8-">
<String CONTENT="Tomorrow" HEIGHT="52" WIDTH="334" VPOS="850" HPOS="425"/>
<SP HEIGHT="46" WIDTH="28" VPOS="856" HPOS="760"/>
<String CONTENT="to" HEIGHT="47" WIDTH="58" VPOS="856" HPOS="789"/>
<SP HEIGHT="55" WIDTH="32" VPOS="848" HPOS="848"/>
<String CONTENT="fresh" HEIGHT="55" WIDTH="158" VPOS="848" HPOS="881"/>
<SP HEIGHT="52" WIDTH="28" VPOS="850" HPOS="1040"/>
<String CONTENT="fields;" HEIGHT="68" WIDTH="189" VPOS="850" HPOS="1069"/>
<SP HEIGHT="62" WIDTH="31" VPOS="856" HPOS="1259"/>
<String CONTENT="the" HEIGHT="52" WIDTH="98" VPOS="851" HPOS="1291"/>
<SP HEIGHT="34" WIDTH="25" VPOS="869" HPOS="1390"/>
<String CONTENT="story" HEIGHT="62" WIDTH="158" VPOS="856" HPOS="1416"/>
<SP HEIGHT="50" WIDTH="26" VPOS="868" HPOS="1575"/>
<String CONTENT="of" HEIGHT="52" WIDTH="63" VPOS="850" HPOS="1602"/>
<SP HEIGHT="53" WIDTH="28" VPOS="850" HPOS="1666"/>
<String CONTENT="an" HEIGHT="35" WIDTH="72" VPOS="868" HPOS="1695"/>
<SP HEIGHT="35" WIDTH="30" VPOS="868" HPOS="1768"/>
<String CONTENT="attitude," HEIGHT="68" WIDTH="265" VPOS="850" HPOS="1799"/>
<SP HEIGHT="68" WIDTH="29" VPOS="850" HPOS="2065"/>
<String CONTENT="by" HEIGHT="68" WIDTH="73" VPOS="850" HPOS="2095"/>
<SP HEIGHT="68" WIDTH="28" VPOS="850" HPOS="2169"/>
<String CONTENT="Mary" HEIGHT="66" WIDTH="170" VPOS="850" HPOS="2198"/>
</TextLine>
<TextLine HEIGHT="70" WIDTH="1689" VPOS="928" HPOS="353" STYLEREFS="StyleId-FF4BA097-1826-4B50-9556-7007D3D287E8-">
<String CONTENT="Master" HEIGHT="54" WIDTH="219" VPOS="928" HPOS="353"/>
<SP HEIGHT="55" WIDTH="30" VPOS="928" HPOS="573"/>
<String CONTENT="Needham." HEIGHT="55" WIDTH="312" VPOS="928" HPOS="604"/>
<SP HEIGHT="54" WIDTH="74" VPOS="929" HPOS="917"/>
<String CONTENT="New" HEIGHT="54" WIDTH="140" VPOS="929" HPOS="992"/>
<SP HEIGHT="54" WIDTH="28" VPOS="929" HPOS="1133"/>
<String CONTENT="York," HEIGHT="69" WIDTH="181" VPOS="929" HPOS="1162"/>
<SP HEIGHT="67" WIDTH="29" VPOS="931" HPOS="1344"/>
<String CONTENT="Horizon" HEIGHT="54" WIDTH="260" VPOS="929" HPOS="1374"/>
<SP HEIGHT="52" WIDTH="30" VPOS="930" HPOS="1635"/>
<String CONTENT="house," HEIGHT="66" WIDTH="191" VPOS="930" HPOS="1666"/>
<SP HEIGHT="62" WIDTH="31" VPOS="934" HPOS="1858"/>
<String CONTENT="1936." HEIGHT="51" WIDTH="152" VPOS="932" HPOS="1890"/>
</TextLine>
<TextLine HEIGHT="49" WIDTH="655" VPOS="1003" HPOS="428" CS="1">
<String CONTENT="10" HEIGHT="42" WIDTH="57" VPOS="1003" HPOS="428"/>
<SP HEIGHT="49" WIDTH="24" VPOS="1003" HPOS="486"/>
<String CONTENT="p." HEIGHT="37" WIDTH="44" VPOS="1015" HPOS="511"/>
<SP HEIGHT="40" WIDTH="26" VPOS="1004" HPOS="556"/>
<String CS="1" CONTENT="l.,"/>
<SP HEIGHT="49" WIDTH="27" VPOS="1003" HPOS="630"/>
<String CONTENT="17-367" HEIGHT="41" WIDTH="175" VPOS="1003" HPOS="658"/>
<SP HEIGHT="47" WIDTH="27" VPOS="1004" HPOS="834"/>
<String CONTENT="p." HEIGHT="38" WIDTH="44" VPOS="1013" HPOS="862"/>
<SP HEIGHT="41" WIDTH="58" VPOS="1003" HPOS="907"/>
<String CONTENT="23" HEIGHT="41" WIDTH="56" VPOS="1003" HPOS="966"/>
<String STYLE="superscript" CONTENT="cm" HEIGHT="21" WIDTH="45" VPOS="1006" HPOS="1025"/>
<String CONTENT="." HEIGHT="9" WIDTH="10" VPOS="1035" HPOS="1073"/>
</TextLine>
<TextLine HEIGHT="53" WIDTH="2015" VPOS="1057" HPOS="356" CS="1">
<String CONTENT="&#169;" HEIGHT="53" WIDTH="53" VPOS="1057" HPOS="356"/>
<SP HEIGHT="53" WIDTH="33" VPOS="1057" HPOS="410"/>
<String CONTENT="Apr." HEIGHT="47" WIDTH="115" VPOS="1062" HPOS="444"/>
<SP HEIGHT="40" WIDTH="36" VPOS="1061" HPOS="560"/>
<String CONTENT="6," HEIGHT="41" WIDTH="39" VPOS="1061" HPOS="597"/>
<SP HEIGHT="41" WIDTH="38" VPOS="1061" HPOS="637"/>
<String CS="1" CONTENT="1936;" HEIGHT="40" WIDTH="114" VPOS="1061" HPOS="676"/>
<SP/>
<String CS="1" CONTENT="2c."/>
<SP/>
<String CONTENT="Apr." HEIGHT="47" WIDTH="112" VPOS="1062" HPOS="964"/>
<SP HEIGHT="39" WIDTH="39" VPOS="1061" HPOS="1077"/>
<String CONTENT="3;" HEIGHT="46" WIDTH="52" VPOS="1061" HPOS="1117"/>
<SP HEIGHT="35" WIDTH="40" VPOS="1072" HPOS="1170"/>
<String CS="1" CONTENT="aff."/>
<SP HEIGHT="38" WIDTH="38" VPOS="1062" HPOS="1293"/>
<String CONTENT="Apr." HEIGHT="47" WIDTH="114" VPOS="1062" HPOS="1332"/>
<SP HEIGHT="40" WIDTH="38" VPOS="1061" HPOS="1447"/>
<String CONTENT="14;" HEIGHT="46" WIDTH="81" VPOS="1061" HPOS="1486"/>
<SP HEIGHT="46" WIDTH="40" VPOS="1061" HPOS="1568"/>
<!-- cceid 9B2759F4-6E3A-1014-83DD-942C093A1DD9 --><String CONTENT="A" HEIGHT="39" WIDTH="40" VPOS="1061" HPOS="1609"/>
<SP HEIGHT="40" WIDTH="34" VPOS="1060" HPOS="1650"/>
<String CS="1" CONTENT="92980;" HEIGHT="41" WIDTH="145" VPOS="1060" HPOS="1685"/>
<SP HEIGHT="46" WIDTH="42" VPOS="1061" HPOS="1858"/>
<String CONTENT="M." HEIGHT="40" WIDTH="62" VPOS="1061" HPOS="1901"/>
<SP HEIGHT="40" WIDTH="40" VPOS="1061" HPOS="1964"/>
<String CONTENT="M." HEIGHT="39" WIDTH="62" VPOS="1061" HPOS="2005"/>
<SP HEIGHT="40" WIDTH="38" VPOS="1060" HPOS="2068"/>
<String CONTENT="Needham," HEIGHT="47" WIDTH="264" VPOS="1060" HPOS="2107"/>
</TextLine>
<TextLine HEIGHT="49" WIDTH="893" VPOS="1117" HPOS="427">
<String CONTENT="Grand" HEIGHT="40" WIDTH="167" VPOS="1118" HPOS="427"/>
<SP HEIGHT="40" WIDTH="28" VPOS="1118" HPOS="595"/>
<String CONTENT="Rapids," HEIGHT="49" WIDTH="201" VPOS="1117" HPOS="624"/>
<SP HEIGHT="46" WIDTH="28" VPOS="1119" HPOS="826"/>
<String CONTENT="Mich." HEIGHT="40" WIDTH="144" VPOS="1118" HPOS="855"/>
<SP HEIGHT="48" WIDTH="66" VPOS="1118" HPOS="1000"/>
<String CONTENT="(36-9290)" HEIGHT="49" WIDTH="253" VPOS="1117" HPOS="1067"/>
</TextLine>
<TextLine HEIGHT="70" WIDTH="2018" VPOS="1218" HPOS="353" STYLEREFS="StyleId-FF4BA097-1826-4B50-9556-7007D3D287E8-">
<String CONTENT="New" HEIGHT="54" WIDTH="147" VPOS="1219" HPOS="353"/>
<SP HEIGHT="53" WIDTH="37" VPOS="1221" HPOS="501"/>
<String CONTENT="Jersey" HEIGHT="64" WIDTH="215" VPOS="1221" HPOS="539"/>
<SP HEIGHT="64" WIDTH="37" VPOS="1221" HPOS="755"/>
<String CONTENT="digest" HEIGHT="67" WIDTH="187" VPOS="1221" HPOS="793"/>
<SP HEIGHT="48" WIDTH="38" VPOS="1224" HPOS="981"/>
<String CONTENT="annotated," HEIGHT="66" WIDTH="328" VPOS="1222" HPOS="1020"/>
<SP HEIGHT="49" WIDTH="38" VPOS="1239" HPOS="1349"/>
<String CONTENT="covering" HEIGHT="67" WIDTH="269" VPOS="1221" HPOS="1388"/>
<SP HEIGHT="49" WIDTH="38" VPOS="1239" HPOS="1658"/>
<String CONTENT="all" HEIGHT="53" WIDTH="77" VPOS="1221" HPOS="1697"/>
<SP HEIGHT="50" WIDTH="37" VPOS="1224" HPOS="1775"/>
<String CONTENT="cases" HEIGHT="36" WIDTH="150" VPOS="1238" HPOS="1813"/>
<SP HEIGHT="33" WIDTH="39" VPOS="1240" HPOS="1964"/>
<String CONTENT="reported" HEIGHT="68" WIDTH="265" VPOS="1220" HPOS="2004"/>
<SP HEIGHT="53" WIDTH="39" VPOS="1218" HPOS="2270"/>
<String CONTENT="in" HEIGHT="54" WIDTH="61" VPOS="1218" HPOS="2310"/>
</TextLine>
<TextLine HEIGHT="68" WIDTH="1947" VPOS="1299" HPOS="424" STYLEREFS="StyleId-FF4BA097-1826-4B50-9556-7007D3D287E8-">
<String CONTENT="New" HEIGHT="52" WIDTH="140" VPOS="1300" HPOS="424"/>
<SP HEIGHT="54" WIDTH="43" VPOS="1301" HPOS="565"/>
<String CONTENT="Jersey" HEIGHT="66" WIDTH="205" VPOS="1301" HPOS="609"/>
<SP HEIGHT="49" WIDTH="41" VPOS="1318" HPOS="815"/>
<String CONTENT="reports" HEIGHT="62" WIDTH="223" VPOS="1305" HPOS="857"/>
<SP HEIGHT="36" WIDTH="45" VPOS="1318" HPOS="1081"/>
<String CONTENT="and" HEIGHT="52" WIDTH="113" VPOS="1300" HPOS="1127"/>
<SP HEIGHT="52" WIDTH="43" VPOS="1300" HPOS="1241"/>
<String CONTENT="Atlantic" HEIGHT="53" WIDTH="263" VPOS="1299" HPOS="1285"/>
<SP HEIGHT="34" WIDTH="44" VPOS="1318" HPOS="1549"/>
<String CONTENT="reporter." HEIGHT="63" WIDTH="272" VPOS="1304" HPOS="1594"/>
<SP HEIGHT="52" WIDTH="82" VPOS="1300" HPOS="1867"/>
<String CONTENT="March," HEIGHT="64" WIDTH="221" VPOS="1299" HPOS="1950"/>
<SP HEIGHT="61" WIDTH="46" VPOS="1302" HPOS="2172"/>
<String CONTENT="1936," HEIGHT="65" WIDTH="152" VPOS="1300" HPOS="2219"/>
</TextLine>
<TextLine HEIGHT="69" WIDTH="1944" VPOS="1377" HPOS="424" STYLEREFS="StyleId-FF4BA097-1826-4B50-9556-7007D3D287E8-" CS="1">
<String CONTENT="cumulative" HEIGHT="53" WIDTH="348" VPOS="1378" HPOS="424"/>
<SP HEIGHT="49" WIDTH="62" VPOS="1397" HPOS="773"/>
<String CONTENT="pamphlet" HEIGHT="67" WIDTH="300" VPOS="1379" HPOS="836"/>
<SP HEIGHT="46" WIDTH="68" VPOS="1384" HPOS="1137"/>
<String CS="1" CONTENT="&#8230;"/>
<SP HEIGHT="33" WIDTH="68" VPOS="1398" HPOS="1262"/>
<String CONTENT="with" HEIGHT="52" WIDTH="140" VPOS="1379" HPOS="1331"/>
<SP HEIGHT="51" WIDTH="61" VPOS="1379" HPOS="1472"/>
<String CONTENT="table" HEIGHT="51" WIDTH="152" VPOS="1379" HPOS="1534"/>
<SP HEIGHT="33" WIDTH="64" VPOS="1397" HPOS="1687"/>
<String CONTENT="of" HEIGHT="52" WIDTH="61" VPOS="1378" HPOS="1752"/>
<SP HEIGHT="51" WIDTH="64" VPOS="1378" HPOS="1814"/>
<String CONTENT="cases" HEIGHT="34" WIDTH="152" VPOS="1396" HPOS="1879"/>
<SP HEIGHT="52" WIDTH="62" VPOS="1378" HPOS="2032"/>
<String CONTENT="digested." HEIGHT="68" WIDTH="273" VPOS="1377" HPOS="2095"/>
</TextLine>
<TextLine HEIGHT="70" WIDTH="1946" VPOS="1455" HPOS="424" STYLEREFS="StyleId-FF4BA097-1826-4B50-9556-7007D3D287E8-">
<String CONTENT="Newark," HEIGHT="66" WIDTH="267" VPOS="1457" HPOS="424"/>
<SP HEIGHT="65" WIDTH="40" VPOS="1458" HPOS="692"/>
<String CONTENT="N." HEIGHT="52" WIDTH="70" VPOS="1458" HPOS="733"/>
<SP HEIGHT="53" WIDTH="41" VPOS="1459" HPOS="804"/>
<String CONTENT="J.," HEIGHT="64" WIDTH="76" VPOS="1459" HPOS="846"/>
<SP HEIGHT="67" WIDTH="43" VPOS="1456" HPOS="923"/>
<String CONTENT="Soney" HEIGHT="68" WIDTH="188" VPOS="1456" HPOS="967"/>
<SP HEIGHT="64" WIDTH="40" VPOS="1460" HPOS="1156"/>
<String CONTENT="&amp;" HEIGHT="50" WIDTH="45" VPOS="1460" HPOS="1197"/>
<SP HEIGHT="55" WIDTH="42" VPOS="1456" HPOS="1243"/>
<String CONTENT="Sage" HEIGHT="69" WIDTH="147" VPOS="1456" HPOS="1286"/>
<SP HEIGHT="36" WIDTH="39" VPOS="1475" HPOS="1434"/>
<String CONTENT="company;" HEIGHT="51" WIDTH="310" VPOS="1474" HPOS="1474"/>
<SP HEIGHT="69" WIDTH="47" VPOS="1455" HPOS="1785"/>
<String CONTENT="St." HEIGHT="55" WIDTH="82" VPOS="1455" HPOS="1833"/>
<SP HEIGHT="50" WIDTH="42" VPOS="1459" HPOS="1916"/>
<String CONTENT="Paul," HEIGHT="66" WIDTH="168" VPOS="1456" HPOS="1959"/>
<SP HEIGHT="64" WIDTH="39" VPOS="1458" HPOS="2128"/>
<String CONTENT="Minn.," HEIGHT="68" WIDTH="202" VPOS="1455" HPOS="2168"/>
</TextLine>
<TextLine HEIGHT="69" WIDTH="855" VPOS="1534" HPOS="423" STYLEREFS="StyleId-FF4BA097-1826-4B50-9556-7007D3D287E8-">
<String CONTENT="West" HEIGHT="53" WIDTH="160" VPOS="1537" HPOS="423"/>
<SP HEIGHT="64" WIDTH="25" VPOS="1538" HPOS="584"/>
<String CONTENT="publishing" HEIGHT="69" WIDTH="337" VPOS="1534" HPOS="610"/>
<SP HEIGHT="49" WIDTH="25" VPOS="1554" HPOS="948"/>
<String CONTENT="co." HEIGHT="35" WIDTH="78" VPOS="1554" HPOS="974"/>
<SP HEIGHT="34" WIDTH="31" VPOS="1569" HPOS="1053"/>
<String CONTENT="[" HEIGHT="34" WIDTH="11" VPOS="1569" HPOS="1085"/>
<String STYLE="superscript" CONTENT="c" HEIGHT="20" WIDTH="16" VPOS="1542" HPOS="1103"/>
<String CONTENT="1935]" HEIGHT="64" WIDTH="151" VPOS="1539" HPOS="1127"/>
</TextLine>
<TextLine HEIGHT="50" WIDTH="303" VPOS="1609" HPOS="424">
<String CONTENT="67" HEIGHT="41" WIDTH="55" VPOS="1609" HPOS="424"/>
<SP HEIGHT="47" WIDTH="28" VPOS="1612" HPOS="480"/>
<String CONTENT="p." HEIGHT="37" WIDTH="43" VPOS="1622" HPOS="509"/>
<SP HEIGHT="41" WIDTH="56" VPOS="1610" HPOS="553"/>
<String CONTENT="24" HEIGHT="38" WIDTH="56" VPOS="1610" HPOS="610"/>
<String STYLE="superscript" CONTENT="cm" HEIGHT="20" WIDTH="44" VPOS="1612" HPOS="670"/>
<String CONTENT="." HEIGHT="8" WIDTH="8" VPOS="1642" HPOS="719"/>
</TextLine>
<TextLine HEIGHT="53" WIDTH="2015" VPOS="1663" HPOS="355" CS="1">
<String CONTENT="&#169;" HEIGHT="53" WIDTH="53" VPOS="1663" HPOS="355"/>
<SP HEIGHT="53" WIDTH="29" VPOS="1663" HPOS="409"/>
<String CONTENT="Mar." HEIGHT="38" WIDTH="122" VPOS="1669" HPOS="439"/>
<SP HEIGHT="39" WIDTH="30" VPOS="1668" HPOS="562"/>
<String CONTENT="12," HEIGHT="49" WIDTH="70" VPOS="1667" HPOS="593"/>
<SP HEIGHT="48" WIDTH="30" VPOS="1668" HPOS="664"/>
<String CONTENT="1936;" HEIGHT="48" WIDTH="142" VPOS="1666" HPOS="695"/>
<SP/>
<String CS="1" CONTENT="2c."/>
<SP/>
<String CONTENT="and" HEIGHT="38" WIDTH="96" VPOS="1668" HPOS="970"/>
<SP HEIGHT="38" WIDTH="32" VPOS="1668" HPOS="1067"/>
<String CONTENT="aff." HEIGHT="41" WIDTH="81" VPOS="1666" HPOS="1100"/>
<SP HEIGHT="40" WIDTH="31" VPOS="1667" HPOS="1182"/>
<String CONTENT="Apr." HEIGHT="47" WIDTH="114" VPOS="1667" HPOS="1214"/>
<SP HEIGHT="39" WIDTH="30" VPOS="1666" HPOS="1329"/>
<String CONTENT="18;" HEIGHT="47" WIDTH="82" VPOS="1666" HPOS="1360"/>
<SP HEIGHT="47" WIDTH="33" VPOS="1666" HPOS="1443"/>
<!-- cceid 9B280C40-6E3A-1014-83DD-942C093A1DD9 --><String CONTENT="A" HEIGHT="39" WIDTH="40" VPOS="1666" HPOS="1477"/>
<SP HEIGHT="40" WIDTH="29" VPOS="1665" HPOS="1518"/>
<String CONTENT="94020;" HEIGHT="48" WIDTH="173" VPOS="1665" HPOS="1548"/>
<SP HEIGHT="47" WIDTH="37" VPOS="1666" HPOS="1722"/>
<String CONTENT="Soney" HEIGHT="47" WIDTH="156" VPOS="1666" HPOS="1760"/>
<SP HEIGHT="48" WIDTH="31" VPOS="1665" HPOS="1917"/>
<String CONTENT="&amp;" HEIGHT="40" WIDTH="37" VPOS="1665" HPOS="1949"/>
<SP HEIGHT="41" WIDTH="32" VPOS="1664" HPOS="1987"/>
<String CONTENT="Sage" HEIGHT="48" WIDTH="122" VPOS="1664" HPOS="2020"/>
<SP HEIGHT="30" WIDTH="30" VPOS="1675" HPOS="2143"/>
<String CONTENT="co." HEIGHT="32" WIDTH="67" VPOS="1673" HPOS="2174"/>
<SP HEIGHT="30" WIDTH="31" VPOS="1675" HPOS="2242"/>
<String CONTENT="and" HEIGHT="39" WIDTH="96" VPOS="1666" HPOS="2274"/>
</TextLine>
<TextLine HEIGHT="47" WIDTH="366" VPOS="1725" HPOS="425">
<String CONTENT="West" HEIGHT="40" WIDTH="134" VPOS="1725" HPOS="425"/>
<SP HEIGHT="45" WIDTH="23" VPOS="1727" HPOS="560"/>
<String CONTENT="pub." HEIGHT="47" WIDTH="111" VPOS="1725" HPOS="584"/>
<SP HEIGHT="31" WIDTH="27" VPOS="1735" HPOS="696"/>
<String CONTENT="co." HEIGHT="30" WIDTH="67" VPOS="1735" HPOS="724"/>
</TextLine>
<TextLine HEIGHT="69" WIDTH="2019" VPOS="1826" HPOS="352" STYLEREFS="StyleId-FF4BA097-1826-4B50-9556-7007D3D287E8-">
<String CONTENT="North" HEIGHT="52" WIDTH="197" VPOS="1828" HPOS="352"/>
<SP HEIGHT="52" WIDTH="34" VPOS="1828" HPOS="550"/>
<String CONTENT="western" HEIGHT="50" WIDTH="259" VPOS="1831" HPOS="585"/>
<SP HEIGHT="35" WIDTH="34" VPOS="1845" HPOS="845"/>
<String CONTENT="reporter;" HEIGHT="64" WIDTH="286" VPOS="1831" HPOS="880"/>
<SP HEIGHT="49" WIDTH="35" VPOS="1845" HPOS="1167"/>
<String CONTENT="cases" HEIGHT="36" WIDTH="150" VPOS="1845" HPOS="1203"/>
<SP HEIGHT="35" WIDTH="35" VPOS="1846" HPOS="1354"/>
<String CONTENT="argued" HEIGHT="67" WIDTH="215" VPOS="1827" HPOS="1390"/>
<SP HEIGHT="52" WIDTH="36" VPOS="1827" HPOS="1606"/>
<String CONTENT="and" HEIGHT="52" WIDTH="113" VPOS="1827" HPOS="1643"/>
<SP HEIGHT="52" WIDTH="33" VPOS="1827" HPOS="1757"/>
<String CONTENT="determined" HEIGHT="52" WIDTH="353" VPOS="1827" HPOS="1791"/>
<SP HEIGHT="52" WIDTH="33" VPOS="1826" HPOS="2145"/>
<String CONTENT="in" HEIGHT="51" WIDTH="60" VPOS="1826" HPOS="2179"/>
<SP HEIGHT="47" WIDTH="34" VPOS="1830" HPOS="2240"/>
<String CONTENT="the" HEIGHT="52" WIDTH="96" VPOS="1826" HPOS="2275"/>
</TextLine>
<TextLine HEIGHT="226" WIDTH="1946" VPOS="1904" HPOS="423" STYLEREFS="StyleId-FF4BA097-1826-4B50-9556-7007D3D287E8-" CS="1">
<String CONTENT="courts" HEIGHT="47" WIDTH="189" VPOS="1912" HPOS="423"/>
<SP HEIGHT="34" WIDTH="33" VPOS="1925" HPOS="613"/>
<String CONTENT="of" HEIGHT="52" WIDTH="63" VPOS="1906" HPOS="647"/>
<SP HEIGHT="53" WIDTH="34" VPOS="1906" HPOS="711"/>
<String CONTENT="Iowa," HEIGHT="65" WIDTH="176" VPOS="1908" HPOS="746"/>
<SP HEIGHT="65" WIDTH="31" VPOS="1908" HPOS="923"/>
<String CONTENT="Michigan," HEIGHT="68" WIDTH="317" VPOS="1905" HPOS="955"/>
<SP HEIGHT="67" WIDTH="32" VPOS="1906" HPOS="1273"/>
<String CONTENT="Minnesota," HEIGHT="68" WIDTH="342" VPOS="1904" HPOS="1306"/>
<SP HEIGHT="65" WIDTH="33" VPOS="1907" HPOS="1649"/>
<String CONTENT="Nebraska," HEIGHT="66" WIDTH="314" VPOS="1905" HPOS="1683"/>
<SP HEIGHT="65" WIDTH="33" VPOS="1906" HPOS="1998"/>
<String CONTENT="North" HEIGHT="53" WIDTH="188" VPOS="1905" HPOS="2032"/>
<SP HEIGHT="52" WIDTH="33" VPOS="1905" HPOS="2221"/>
<String CONTENT="Dakota," HEIGHT="145" WIDTH="1922" VPOS="1906" HPOS="423"/>
<SP HEIGHT="67" WIDTH="41" VPOS="1984" HPOS="578"/>
<String CONTENT="South" HEIGHT="54" WIDTH="184" VPOS="1984" HPOS="620"/>
<SP HEIGHT="51" WIDTH="41" VPOS="1986" HPOS="805"/>
<String CONTENT="Dakota," HEIGHT="67" WIDTH="248" VPOS="1985" HPOS="847"/>
<SP HEIGHT="65" WIDTH="39" VPOS="1987" HPOS="1096"/>
<String CONTENT="Wisconsin," HEIGHT="66" WIDTH="342" VPOS="1984" HPOS="1136"/>
<SP HEIGHT="46" WIDTH="43" VPOS="2004" HPOS="1479"/>
<String CONTENT="with" HEIGHT="51" WIDTH="137" VPOS="1985" HPOS="1523"/>
<SP HEIGHT="51" WIDTH="41" VPOS="1984" HPOS="1661"/>
<String CONTENT="key" HEIGHT="68" WIDTH="108" VPOS="1984" HPOS="1703"/>
<SP HEIGHT="49" WIDTH="40" VPOS="2003" HPOS="1812"/>
<String CONTENT="number" HEIGHT="51" WIDTH="239" VPOS="1984" HPOS="1853"/>
<SP HEIGHT="33" WIDTH="42" VPOS="2002" HPOS="2093"/>
<String CONTENT="annotations." HEIGHT="130" WIDTH="1921" VPOS="1988" HPOS="424"/>
<SP HEIGHT="54" WIDTH="76" VPOS="2064" HPOS="591"/>
<String CONTENT="Volume" HEIGHT="54" WIDTH="243" VPOS="2064" HPOS="668"/>
<SP HEIGHT="48" WIDTH="45" VPOS="2067" HPOS="912"/>
<String CONTENT="263." HEIGHT="49" WIDTH="118" VPOS="2067" HPOS="958"/>
<SP HEIGHT="51" WIDTH="83" VPOS="2065" HPOS="1077"/>
<String CONTENT="December," HEIGHT="66" WIDTH="327" VPOS="2063" HPOS="1161"/>
<SP HEIGHT="63" WIDTH="49" VPOS="2066" HPOS="1489"/>
<String CONTENT="1935-January," HEIGHT="66" WIDTH="457" VPOS="2064" HPOS="1539"/>
<SP HEIGHT="63" WIDTH="49" VPOS="2066" HPOS="1997"/>
<String CONTENT="1936." HEIGHT="50" WIDTH="151" VPOS="2065" HPOS="2047"/>
<SP HEIGHT="55" WIDTH="85" VPOS="2062" HPOS="2199"/>
<String CONTENT="St." HEIGHT="55" WIDTH="84" VPOS="2062" HPOS="2285"/>
</TextLine>
<TextLine HEIGHT="68" WIDTH="1236" VPOS="2141" HPOS="424" STYLEREFS="StyleId-FF4BA097-1826-4B50-9556-7007D3D287E8-">
<String CONTENT="Paul," HEIGHT="68" WIDTH="165" VPOS="2141" HPOS="424"/>
<SP HEIGHT="66" WIDTH="22" VPOS="2143" HPOS="590"/>
<String CONTENT="Minn.," HEIGHT="67" WIDTH="204" VPOS="2141" HPOS="613"/>
<SP HEIGHT="65" WIDTH="21" VPOS="2143" HPOS="818"/>
<String CONTENT="West" HEIGHT="54" WIDTH="162" VPOS="2143" HPOS="840"/>
<SP HEIGHT="60" WIDTH="21" VPOS="2148" HPOS="1003"/>
<String CONTENT="publishing" HEIGHT="67" WIDTH="339" VPOS="2141" HPOS="1025"/>
<SP HEIGHT="49" WIDTH="20" VPOS="2159" HPOS="1365"/>
<String CONTENT="co.," HEIGHT="46" WIDTH="97" VPOS="2159" HPOS="1386"/>
<SP HEIGHT="60" WIDTH="26" VPOS="2145" HPOS="1484"/>
<String CONTENT="1936." HEIGHT="51" WIDTH="149" VPOS="2144" HPOS="1511"/>
</TextLine>
<TextLine HEIGHT="50" WIDTH="700" VPOS="2214" HPOS="425" STYLEREFS="StyleId-FF4BA097-1826-4B50-9556-7007D3D287E8-">
<String CONTENT="xix," HEIGHT="48" WIDTH="100" VPOS="2216" HPOS="425"/>
<SP HEIGHT="48" WIDTH="26" VPOS="2216" HPOS="526"/>
<String CONTENT="1001" HEIGHT="40" WIDTH="113" VPOS="2215" HPOS="553"/>
<SP HEIGHT="48" WIDTH="28" VPOS="2216" HPOS="667"/>
<String CONTENT="p." HEIGHT="38" WIDTH="43" VPOS="2226" HPOS="696"/>
<SP HEIGHT="39" WIDTH="55" VPOS="2216" HPOS="740"/>
<String CONTENT="diagr." HEIGHT="49" WIDTH="154" VPOS="2215" HPOS="796"/>
<SP HEIGHT="41" WIDTH="55" VPOS="2214" HPOS="951"/>
<String CONTENT="26" HEIGHT="41" WIDTH="57" VPOS="2214" HPOS="1007"/>
<String STYLE="superscript" CONTENT="cm" HEIGHT="22" WIDTH="46" VPOS="2218" HPOS="1065"/>
<String CONTENT="." HEIGHT="9" WIDTH="7" VPOS="2248" HPOS="1118"/>
</TextLine>
<TextLine HEIGHT="53" WIDTH="1724" VPOS="2269" HPOS="353" CS="1">
<String CONTENT="&#169;" HEIGHT="53" WIDTH="53" VPOS="2269" HPOS="353"/>
<SP HEIGHT="53" WIDTH="26" VPOS="2269" HPOS="407"/>
<String CONTENT="Mar." HEIGHT="39" WIDTH="122" VPOS="2275" HPOS="434"/>
<SP HEIGHT="40" WIDTH="26" VPOS="2274" HPOS="557"/>
<String CONTENT="10," HEIGHT="49" WIDTH="67" VPOS="2273" HPOS="584"/>
<SP HEIGHT="48" WIDTH="28" VPOS="2274" HPOS="652"/>
<String CONTENT="1936;" HEIGHT="48" WIDTH="141" VPOS="2272" HPOS="681"/>
<SP/>
<String CS="1" CONTENT="2c."/>
<SP/>
<String CONTENT="and" HEIGHT="39" WIDTH="99" VPOS="2274" HPOS="947"/>
<SP HEIGHT="39" WIDTH="23" VPOS="2274" HPOS="1047"/>
<String CONTENT="aff." HEIGHT="40" WIDTH="82" VPOS="2273" HPOS="1071"/>
<SP HEIGHT="39" WIDTH="27" VPOS="2273" HPOS="1154"/>
<String CONTENT="Apr." HEIGHT="47" WIDTH="113" VPOS="2273" HPOS="1182"/>
<SP HEIGHT="39" WIDTH="28" VPOS="2273" HPOS="1296"/>
<String CONTENT="18;" HEIGHT="47" WIDTH="81" VPOS="2272" HPOS="1325"/>
<SP HEIGHT="47" WIDTH="28" VPOS="2272" HPOS="1407"/>
<!-- cceid 9B28AE65-6E3A-1014-83DD-942C093A1DD9 --><String CONTENT="A" HEIGHT="39" WIDTH="40" VPOS="2272" HPOS="1436"/>
<SP HEIGHT="40" WIDTH="27" VPOS="2271" HPOS="1477"/>
<String CONTENT="94031;" HEIGHT="49" WIDTH="172" VPOS="2271" HPOS="1505"/>
<SP HEIGHT="47" WIDTH="28" VPOS="2273" HPOS="1678"/>
<String CONTENT="West" HEIGHT="40" WIDTH="134" VPOS="2273" HPOS="1707"/>
<SP HEIGHT="45" WIDTH="26" VPOS="2274" HPOS="1842"/>
<String CONTENT="pub." HEIGHT="47" WIDTH="111" VPOS="2272" HPOS="1869"/>
<SP HEIGHT="29" WIDTH="27" VPOS="2282" HPOS="1981"/>
<String CONTENT="co." HEIGHT="30" WIDTH="68" VPOS="2281" HPOS="2009"/>
</TextLine>
<TextLine HEIGHT="66" WIDTH="1113" VPOS="2362" HPOS="353" STYLEREFS="StyleId-4435BBC9-C7C8-429D-AFB2-1439021C1D57-">
<String CONTENT="Oakley," HEIGHT="66" WIDTH="244" VPOS="2362" HPOS="353"/>
<SP HEIGHT="63" WIDTH="24" VPOS="2365" HPOS="598"/>
<String CONTENT="Mrs." HEIGHT="52" WIDTH="141" VPOS="2365" HPOS="623"/>
<SP HEIGHT="54" WIDTH="27" VPOS="2362" HPOS="765"/>
<String CONTENT="Amy" HEIGHT="64" WIDTH="159" VPOS="2362" HPOS="793"/>
<SP HEIGHT="63" WIDTH="29" VPOS="2363" HPOS="953"/>
<String CONTENT="(Ewing)" HEIGHT="64" WIDTH="273" VPOS="2362" HPOS="983"/>
<SP HEIGHT="63" WIDTH="37" VPOS="2363" HPOS="1257"/>
<String CONTENT="1882-" HEIGHT="50" WIDTH="171" VPOS="2367" HPOS="1295"/>
</TextLine>
<TextLine HEIGHT="69" WIDTH="1940" VPOS="2439" HPOS="424" STYLEREFS="StyleId-FF4BA097-1826-4B50-9556-7007D3D287E8-">
<String CONTENT="The" HEIGHT="54" WIDTH="122" VPOS="2439" HPOS="424"/>
<SP HEIGHT="53" WIDTH="41" VPOS="2440" HPOS="547"/>
<String CONTENT="heart" HEIGHT="53" WIDTH="165" VPOS="2440" HPOS="589"/>
<SP HEIGHT="47" WIDTH="39" VPOS="2446" HPOS="755"/>
<String CONTENT="of" HEIGHT="53" WIDTH="64" VPOS="2440" HPOS="795"/>
<SP HEIGHT="53" WIDTH="40" VPOS="2440" HPOS="860"/>
<String CONTENT="Provence," HEIGHT="67" WIDTH="307" VPOS="2441" HPOS="901"/>
<SP HEIGHT="68" WIDTH="42" VPOS="2440" HPOS="1209"/>
<String CONTENT="by" HEIGHT="68" WIDTH="72" VPOS="2440" HPOS="1252"/>
<SP HEIGHT="67" WIDTH="45" VPOS="2441" HPOS="1325"/>
<String CONTENT="Amy" HEIGHT="66" WIDTH="153" VPOS="2441" HPOS="1371"/>
<SP HEIGHT="68" WIDTH="44" VPOS="2439" HPOS="1525"/>
<String CONTENT="Oakley;" HEIGHT="68" WIDTH="249" VPOS="2439" HPOS="1570"/>
<SP HEIGHT="66" WIDTH="46" VPOS="2441" HPOS="1820"/>
<String CONTENT="illustrations" HEIGHT="53" WIDTH="382" VPOS="2439" HPOS="1867"/>
<SP HEIGHT="52" WIDTH="42" VPOS="2440" HPOS="2250"/>
<String CONTENT="by" HEIGHT="67" WIDTH="71" VPOS="2440" HPOS="2293"/>
</TextLine>
<TextLine HEIGHT="69" WIDTH="2013" VPOS="2518" HPOS="353" STYLEREFS="StyleId-FF4BA097-1826-4B50-9556-7007D3D287E8-">
<String CONTENT="Thornton" HEIGHT="52" WIDTH="300" VPOS="2519" HPOS="353"/>
<SP HEIGHT="55" WIDTH="33" VPOS="2518" HPOS="654"/>
<String CONTENT="Oakley." HEIGHT="69" WIDTH="240" VPOS="2518" HPOS="688"/>
<SP HEIGHT="54" WIDTH="73" VPOS="2519" HPOS="929"/>
<String CONTENT="New" HEIGHT="54" WIDTH="139" VPOS="2519" HPOS="1003"/>
<SP HEIGHT="52" WIDTH="33" VPOS="2520" HPOS="1143"/>
<String CONTENT="York," HEIGHT="68" WIDTH="180" VPOS="2519" HPOS="1177"/>
<SP HEIGHT="67" WIDTH="31" VPOS="2520" HPOS="1358"/>
<String CONTENT="London," HEIGHT="66" WIDTH="259" VPOS="2519" HPOS="1390"/>
<SP HEIGHT="66" WIDTH="30" VPOS="2519" HPOS="1650"/>
<String CONTENT="D." HEIGHT="52" WIDTH="71" VPOS="2519" HPOS="1681"/>
<SP HEIGHT="51" WIDTH="30" VPOS="2520" HPOS="1753"/>
<String CONTENT="Appleton-Century" HEIGHT="67" WIDTH="582" VPOS="2519" HPOS="1784"/>
</TextLine>
<TextLine HEIGHT="68" WIDTH="938" VPOS="2597" HPOS="353" STYLEREFS="StyleId-FF4BA097-1826-4B50-9556-7007D3D287E8-">
<String CONTENT="company," HEIGHT="50" WIDTH="299" VPOS="2615" HPOS="353"/>
<SP HEIGHT="68" WIDTH="30" VPOS="2597" HPOS="653"/>
<String CONTENT="incorporated," HEIGHT="68" WIDTH="421" VPOS="2597" HPOS="684"/>
<SP HEIGHT="63" WIDTH="33" VPOS="2602" HPOS="1106"/>
<String CONTENT="1936." HEIGHT="50" WIDTH="151" VPOS="2601" HPOS="1140"/>
</TextLine>
<TextLine HEIGHT="64" WIDTH="1554" VPOS="2655" HPOS="428" CS="1">
<String CONTENT="xix," HEIGHT="49" WIDTH="101" VPOS="2669" HPOS="428"/>
<SP HEIGHT="64" WIDTH="39" VPOS="2655" HPOS="530"/>
<String CS="1" CONTENT="[1]," HEIGHT="29" WIDTH="27" VPOS="2689" HPOS="615"/>
<SP HEIGHT="47" WIDTH="34" VPOS="2670" HPOS="643"/>
<String CONTENT="479" HEIGHT="41" WIDTH="89" VPOS="2669" HPOS="678"/>
<SP HEIGHT="48" WIDTH="34" VPOS="2669" HPOS="768"/>
<String CONTENT="p." HEIGHT="37" WIDTH="43" VPOS="2680" HPOS="803"/>
<SP HEIGHT="39" WIDTH="33" VPOS="2672" HPOS="847"/>
<String CONTENT="incl." HEIGHT="40" WIDTH="113" VPOS="2671" HPOS="881"/>
<SP HEIGHT="41" WIDTH="33" VPOS="2670" HPOS="995"/>
<String CONTENT="front.," HEIGHT="48" WIDTH="166" VPOS="2670" HPOS="1029"/>
<SP HEIGHT="48" WIDTH="36" VPOS="2670" HPOS="1196"/>
<String CONTENT="illus.," HEIGHT="47" WIDTH="144" VPOS="2670" HPOS="1233"/>
<SP HEIGHT="37" WIDTH="37" VPOS="2681" HPOS="1378"/>
<String CONTENT="plates," HEIGHT="48" WIDTH="171" VPOS="2670" HPOS="1416"/>
<SP HEIGHT="37" WIDTH="35" VPOS="2681" HPOS="1588"/>
<String CONTENT="ports." HEIGHT="47" WIDTH="150" VPOS="2671" HPOS="1624"/>
<SP HEIGHT="41" WIDTH="58" VPOS="2670" HPOS="1775"/>
<String CS="1" CONTENT="21&#189;c" HEIGHT="39" WIDTH="55" VPOS="2670" HPOS="1834"/>
<String STYLE="superscript" CONTENT="m" HEIGHT="21" WIDTH="28" VPOS="2672" HPOS="1940"/>
<String CONTENT="." HEIGHT="9" WIDTH="8" VPOS="2702" HPOS="1974"/>
</TextLine>
<TextLine HEIGHT="50" WIDTH="624" VPOS="2726" HPOS="429">
<String CONTENT="Maps" HEIGHT="46" WIDTH="140" VPOS="2729" HPOS="429"/>
<SP HEIGHT="29" WIDTH="29" VPOS="2738" HPOS="570"/>
<String CONTENT="on" HEIGHT="29" WIDTH="60" VPOS="2738" HPOS="600"/>
<SP HEIGHT="38" WIDTH="26" VPOS="2728" HPOS="661"/>
<String CONTENT="lining-papers." HEIGHT="50" WIDTH="365" VPOS="2726" HPOS="688"/>
</TextLine>
<TextLine HEIGHT="49" WIDTH="1012" VPOS="2784" HPOS="428" CS="1">
<String CONTENT="&#8220;Magali&#8221;" HEIGHT="48" WIDTH="244" VPOS="2784" HPOS="428"/>
<SP HEIGHT="48" WIDTH="34" VPOS="2784" HPOS="673"/>
<String CONTENT="(words" HEIGHT="47" WIDTH="185" VPOS="2785" HPOS="708"/>
<SP HEIGHT="30" WIDTH="28" VPOS="2795" HPOS="894"/>
<String CONTENT="and" HEIGHT="39" WIDTH="95" VPOS="2786" HPOS="923"/>
<SP HEIGHT="39" WIDTH="29" VPOS="2786" HPOS="1019"/>
<String CS="1" CONTENT="music):" HEIGHT="47" WIDTH="181" VPOS="2784" HPOS="1049"/>
<SP HEIGHT="38" WIDTH="31" VPOS="2795" HPOS="1267"/>
<String CONTENT="p." HEIGHT="37" WIDTH="42" VPOS="2796" HPOS="1299"/>
<SP HEIGHT="39" WIDTH="29" VPOS="2785" HPOS="1342"/>
<String CONTENT="19." HEIGHT="41" WIDTH="68" VPOS="2784" HPOS="1372"/>
</TextLine>
<TextLine HEIGHT="53" WIDTH="2013" VPOS="2838" HPOS="354" CS="1">
<String CONTENT="&#169;" HEIGHT="53" WIDTH="53" VPOS="2838" HPOS="354"/>
<SP HEIGHT="53" WIDTH="23" VPOS="2838" HPOS="408"/>
<String CONTENT="Apr." HEIGHT="47" WIDTH="113" VPOS="2843" HPOS="432"/>
<SP HEIGHT="40" WIDTH="24" VPOS="2842" HPOS="546"/>
<String CONTENT="24," HEIGHT="48" WIDTH="69" VPOS="2842" HPOS="571"/>
<SP HEIGHT="46" WIDTH="28" VPOS="2844" HPOS="641"/>
<String CONTENT="1936;" HEIGHT="47" WIDTH="141" VPOS="2842" HPOS="670"/>
<SP/>
<String CS="1" CONTENT="2c."/>
<SP/>
<String CONTENT="and" HEIGHT="38" WIDTH="95" VPOS="2844" HPOS="935"/>
<SP HEIGHT="38" WIDTH="26" VPOS="2844" HPOS="1031"/>
<String CONTENT="aff." HEIGHT="42" WIDTH="82" VPOS="2842" HPOS="1058"/>
<SP HEIGHT="40" WIDTH="26" VPOS="2844" HPOS="1141"/>
<String CONTENT="Apr." HEIGHT="46" WIDTH="114" VPOS="2844" HPOS="1168"/>
<SP HEIGHT="38" WIDTH="27" VPOS="2843" HPOS="1283"/>
<String CONTENT="27;" HEIGHT="45" WIDTH="82" VPOS="2843" HPOS="1311"/>
<SP HEIGHT="45" WIDTH="29" VPOS="2843" HPOS="1394"/>
<!-- cceid 9B294B7C-6E3A-1014-83DD-942C093A1DD9 --><String CONTENT="A" HEIGHT="38" WIDTH="39" VPOS="2843" HPOS="1424"/>
<SP HEIGHT="39" WIDTH="26" VPOS="2843" HPOS="1464"/>
<String CONTENT="93846;" HEIGHT="42" WIDTH="171" VPOS="2842" HPOS="1491"/>
<SP HEIGHT="40" WIDTH="31" VPOS="2844" HPOS="1663"/>
<String CONTENT="D." HEIGHT="38" WIDTH="55" VPOS="2844" HPOS="1695"/>
<SP HEIGHT="39" WIDTH="27" VPOS="2843" HPOS="1751"/>
<String CONTENT="Appleton-Century" HEIGHT="48" WIDTH="478" VPOS="2842" HPOS="1779"/>
<SP HEIGHT="37" WIDTH="26" VPOS="2853" HPOS="2258"/>
<String CONTENT="co.," HEIGHT="38" WIDTH="82" VPOS="2851" HPOS="2285"/>
</TextLine>
<TextLine HEIGHT="50" WIDTH="415" VPOS="2898" HPOS="425">
<String CONTENT="inc." HEIGHT="41" WIDTH="90" VPOS="2899" HPOS="425"/>
<SP HEIGHT="47" WIDTH="70" VPOS="2901" HPOS="516"/>
<String CONTENT="(36-9294)" HEIGHT="50" WIDTH="253" VPOS="2898" HPOS="587"/>
</TextLine>
<TextLine HEIGHT="69" WIDTH="838" VPOS="2988" HPOS="355" STYLEREFS="StyleId-7ACEC999-E8B2-4522-8D78-02FA53265DE0-" CS="1">
<String CONTENT="Ohio." HEIGHT="54" WIDTH="167" VPOS="2988" HPOS="355"/>
<SP HEIGHT="50" WIDTH="73" VPOS="2992" HPOS="523"/>
<String CONTENT="Laws," HEIGHT="64" WIDTH="185" VPOS="2992" HPOS="597"/>
<SP HEIGHT="45" WIDTH="24" VPOS="3011" HPOS="783"/>
<String CONTENT="statutes," HEIGHT="63" WIDTH="258" VPOS="2994" HPOS="808"/>
<SP HEIGHT="60" WIDTH="24" VPOS="2997" HPOS="1067"/>
<String CS="1" CONTENT="etc." HEIGHT="10" WIDTH="9" VPOS="3034" HPOS="1184"/>
</TextLine>
<TextLine HEIGHT="69" WIDTH="1879" VPOS="3067" HPOS="488" STYLEREFS="StyleId-FF4BA097-1826-4B50-9556-7007D3D287E8-" CS="1">
<String CS="1" CONTENT="&#8230;"/>
<SP HEIGHT="49" WIDTH="42" VPOS="3071" HPOS="488"/>
<String CONTENT="Baldwin&#8217;s" HEIGHT="53" WIDTH="314" VPOS="3068" HPOS="531"/>
<SP HEIGHT="55" WIDTH="37" VPOS="3068" HPOS="846"/>
<String CONTENT="Ohio" HEIGHT="56" WIDTH="151" VPOS="3067" HPOS="884"/>
<SP HEIGHT="51" WIDTH="33" VPOS="3069" HPOS="1036"/>
<String CONTENT="digest" HEIGHT="68" WIDTH="187" VPOS="3068" HPOS="1070"/>
<SP HEIGHT="47" WIDTH="32" VPOS="3074" HPOS="1258"/>
<String CONTENT="service;" HEIGHT="61" WIDTH="239" VPOS="3069" HPOS="1291"/>
<SP HEIGHT="56" WIDTH="37" VPOS="3074" HPOS="1531"/>
<String CONTENT="the" HEIGHT="52" WIDTH="95" VPOS="3069" HPOS="1569"/>
<SP HEIGHT="35" WIDTH="35" VPOS="3087" HPOS="1665"/>
<String CONTENT="sixty-eighth" HEIGHT="68" WIDTH="379" VPOS="3068" HPOS="1701"/>
<SP HEIGHT="52" WIDTH="38" VPOS="3069" HPOS="2081"/>
<String CONTENT="issue" HEIGHT="52" WIDTH="146" VPOS="3070" HPOS="2120"/>
<SP HEIGHT="35" WIDTH="36" VPOS="3087" HPOS="2267"/>
<String CONTENT="of" HEIGHT="53" WIDTH="63" VPOS="3069" HPOS="2304"/>
</TextLine>
<TextLine HEIGHT="70" WIDTH="2011" VPOS="3145" HPOS="355" STYLEREFS="StyleId-FF4BA097-1826-4B50-9556-7007D3D287E8-">
<String CONTENT="the" HEIGHT="52" WIDTH="94" VPOS="3146" HPOS="355"/>
<SP HEIGHT="54" WIDTH="43" VPOS="3146" HPOS="450"/>
<String CONTENT="Ohio" HEIGHT="55" WIDTH="151" VPOS="3145" HPOS="494"/>
<SP HEIGHT="34" WIDTH="41" VPOS="3165" HPOS="646"/>
<String CONTENT="cumulative" HEIGHT="51" WIDTH="346" VPOS="3147" HPOS="688"/>
<SP HEIGHT="51" WIDTH="42" VPOS="3148" HPOS="1035"/>
<String CONTENT="digest." HEIGHT="68" WIDTH="203" VPOS="3146" HPOS="1078"/>
<SP HEIGHT="51" WIDTH="74" VPOS="3149" HPOS="1282"/>
<String CONTENT="A" HEIGHT="50" WIDTH="54" VPOS="3149" HPOS="1357"/>
<SP HEIGHT="51" WIDTH="43" VPOS="3148" HPOS="1412"/>
<String CONTENT="digest" HEIGHT="67" WIDTH="183" VPOS="3148" HPOS="1456"/>
<SP HEIGHT="47" WIDTH="44" VPOS="3152" HPOS="1640"/>
<String CONTENT="of" HEIGHT="52" WIDTH="62" VPOS="3147" HPOS="1685"/>
<SP HEIGHT="52" WIDTH="40" VPOS="3147" HPOS="1748"/>
<String CONTENT="current" HEIGHT="47" WIDTH="234" VPOS="3152" HPOS="1789"/>
<SP HEIGHT="62" WIDTH="39" VPOS="3152" HPOS="2024"/>
<String CONTENT="published" HEIGHT="67" WIDTH="302" VPOS="3147" HPOS="2064"/>
</TextLine>
<TextLine HEIGHT="69" WIDTH="2010" VPOS="3224" HPOS="356" STYLEREFS="StyleId-FF4BA097-1826-4B50-9556-7007D3D287E8-">
<String CONTENT="decisions" HEIGHT="52" WIDTH="278" VPOS="3225" HPOS="356"/>
<SP HEIGHT="33" WIDTH="37" VPOS="3244" HPOS="635"/>
<String CONTENT="of" HEIGHT="53" WIDTH="63" VPOS="3224" HPOS="673"/>
<SP HEIGHT="54" WIDTH="35" VPOS="3224" HPOS="737"/>
<String CONTENT="the" HEIGHT="53" WIDTH="95" VPOS="3225" HPOS="773"/>
<SP HEIGHT="34" WIDTH="38" VPOS="3243" HPOS="869"/>
<String CONTENT="courts" HEIGHT="48" WIDTH="188" VPOS="3231" HPOS="908"/>
<SP HEIGHT="34" WIDTH="38" VPOS="3245" HPOS="1097"/>
<String CONTENT="of" HEIGHT="52" WIDTH="62" VPOS="3225" HPOS="1136"/>
<SP HEIGHT="54" WIDTH="37" VPOS="3225" HPOS="1199"/>
<String CONTENT="Ohio," HEIGHT="67" WIDTH="169" VPOS="3225" HPOS="1237"/>
<SP HEIGHT="68" WIDTH="38" VPOS="3224" HPOS="1407"/>
<String CONTENT="from" HEIGHT="53" WIDTH="151" VPOS="3224" HPOS="1446"/>
<SP HEIGHT="55" WIDTH="41" VPOS="3225" HPOS="1598"/>
<String CONTENT="September" HEIGHT="68" WIDTH="332" VPOS="3225" HPOS="1640"/>
<SP HEIGHT="48" WIDTH="40" VPOS="3230" HPOS="1973"/>
<String CONTENT="16," HEIGHT="63" WIDTH="81" VPOS="3229" HPOS="2014"/>
<SP HEIGHT="62" WIDTH="39" VPOS="3230" HPOS="2096"/>
<String CONTENT="1935" HEIGHT="48" WIDTH="132" VPOS="3229" HPOS="2136"/>
<SP HEIGHT="47" WIDTH="39" VPOS="3231" HPOS="2269"/>
<String CONTENT="to" HEIGHT="46" WIDTH="57" VPOS="3232" HPOS="2309"/>
</TextLine>
<TextLine HEIGHT="69" WIDTH="2009" VPOS="3302" HPOS="354" STYLEREFS="StyleId-FF4BA097-1826-4B50-9556-7007D3D287E8-">
<String CONTENT="April" HEIGHT="67" WIDTH="174" VPOS="3302" HPOS="354"/>
<SP HEIGHT="54" WIDTH="50" VPOS="3302" HPOS="529"/>
<String CONTENT="1," HEIGHT="59" WIDTH="46" VPOS="3309" HPOS="580"/>
<SP HEIGHT="61" WIDTH="50" VPOS="3307" HPOS="627"/>
<String CONTENT="1936." HEIGHT="50" WIDTH="149" VPOS="3306" HPOS="678"/>
<SP HEIGHT="33" WIDTH="81" VPOS="3337" HPOS="828"/>
<String CONTENT="[April," HEIGHT="67" WIDTH="209" VPOS="3303" HPOS="910"/>
<SP HEIGHT="61" WIDTH="50" VPOS="3308" HPOS="1120"/>
<String CONTENT="1936," HEIGHT="63" WIDTH="151" VPOS="3307" HPOS="1171"/>
<SP HEIGHT="47" WIDTH="44" VPOS="3323" HPOS="1323"/>
<String CONTENT="number]" HEIGHT="66" WIDTH="254" VPOS="3305" HPOS="1368"/>
<SP HEIGHT="66" WIDTH="85" VPOS="3305" HPOS="1623"/>
<String CONTENT="Under" HEIGHT="54" WIDTH="201" VPOS="3305" HPOS="1709"/>
<SP HEIGHT="47" WIDTH="45" VPOS="3309" HPOS="1911"/>
<String CONTENT="the" HEIGHT="52" WIDTH="94" VPOS="3304" HPOS="1957"/>
<SP HEIGHT="34" WIDTH="47" VPOS="3323" HPOS="2052"/>
<String CONTENT="editorial" HEIGHT="54" WIDTH="263" VPOS="3303" HPOS="2100"/>
</TextLine>
<TextLine HEIGHT="70" WIDTH="2011" VPOS="3380" HPOS="356" STYLEREFS="StyleId-FF4BA097-1826-4B50-9556-7007D3D287E8-" CS="1">
<String CONTENT="supervision" HEIGHT="67" WIDTH="360" VPOS="3380" HPOS="356"/>
<SP HEIGHT="35" WIDTH="38" VPOS="3398" HPOS="717"/>
<String CONTENT="of" HEIGHT="51" WIDTH="62" VPOS="3381" HPOS="756"/>
<SP HEIGHT="54" WIDTH="35" VPOS="3381" HPOS="819"/>
<String CONTENT="William" HEIGHT="54" WIDTH="261" VPOS="3381" HPOS="855"/>
<SP HEIGHT="50" WIDTH="38" VPOS="3383" HPOS="1117"/>
<String CONTENT="Edward" HEIGHT="52" WIDTH="254" VPOS="3382" HPOS="1156"/>
<SP HEIGHT="51" WIDTH="41" VPOS="3383" HPOS="1411"/>
<String CONTENT="Baldwin" HEIGHT="52" WIDTH="265" VPOS="3382" HPOS="1453"/>
<SP HEIGHT="32" WIDTH="47" VPOS="3402" HPOS="1719"/>
<String CS="1" CONTENT="&#8230;"/>
<SP HEIGHT="53" WIDTH="43" VPOS="3384" HPOS="1823"/>
<String CONTENT="Jay" HEIGHT="66" WIDTH="116" VPOS="3384" HPOS="1867"/>
<SP HEIGHT="68" WIDTH="40" VPOS="3382" HPOS="1984"/>
<String CONTENT="S." HEIGHT="55" WIDTH="54" VPOS="3382" HPOS="2025"/>
<SP HEIGHT="52" WIDTH="40" VPOS="3383" HPOS="2080"/>
<String CONTENT="Hudson" HEIGHT="52" WIDTH="246" VPOS="3383" HPOS="2121"/>
</TextLine>
<TextLine HEIGHT="147" WIDTH="1986" VPOS="3459" HPOS="355" STYLEREFS="StyleId-FF4BA097-1826-4B50-9556-7007D3D287E8-" CS="1">
<String CS="1" CONTENT="&#8230;"/>
<SP HEIGHT="32" WIDTH="32" VPOS="3493" HPOS="417"/>
<String CS="1" CONTENT="[and]" HEIGHT="66" WIDTH="130" VPOS="3459" HPOS="470"/>
<SP HEIGHT="66" WIDTH="29" VPOS="3459" HPOS="601"/>
<String CONTENT="Glenn" HEIGHT="54" WIDTH="188" VPOS="3459" HPOS="631"/>
<SP HEIGHT="52" WIDTH="22" VPOS="3460" HPOS="820"/>
<String CONTENT="Kitson" HEIGHT="52" WIDTH="210" VPOS="3460" HPOS="843"/>
<SP HEIGHT="32" WIDTH="29" VPOS="3480" HPOS="1054"/>
<String CS="1" CONTENT="&#8230;"/>
<SP HEIGHT="54" WIDTH="80" VPOS="3460" HPOS="1141"/>
<String CONTENT="Cleveland," HEIGHT="59" WIDTH="327" VPOS="3459" HPOS="1222"/>
<SP HEIGHT="56" WIDTH="23" VPOS="3462" HPOS="1550"/>
<String CONTENT="Banks-Baldwin" HEIGHT="53" WIDTH="494" VPOS="3460" HPOS="1574"/>
<SP HEIGHT="50" WIDTH="22" VPOS="3462" HPOS="2069"/>
<String CONTENT="law" HEIGHT="51" WIDTH="109" VPOS="3462" HPOS="2092"/>
<SP HEIGHT="48" WIDTH="23" VPOS="3480" HPOS="2202"/>
<String CONTENT="publishing" HEIGHT="145" WIDTH="1986" VPOS="3460" HPOS="355"/>
<SP HEIGHT="49" WIDTH="24" VPOS="3556" HPOS="572"/>
<String CONTENT="company" HEIGHT="49" WIDTH="282" VPOS="3556" HPOS="597"/>
<SP HEIGHT="48" WIDTH="29" VPOS="3558" HPOS="880"/>
<String CS="1" CONTENT="["/>
<String STYLE="superscript" CONTENT="c" HEIGHT="20" WIDTH="16" VPOS="3545" HPOS="928"/>
<String CONTENT="1936]" HEIGHT="64" WIDTH="150" VPOS="3541" HPOS="953"/>
</TextLine>
<TextLine HEIGHT="48" WIDTH="330" VPOS="3611" HPOS="426" CS="1">
<String CONTENT="41" HEIGHT="38" WIDTH="55" VPOS="3612" HPOS="426"/>
<SP HEIGHT="47" WIDTH="27" VPOS="3612" HPOS="482"/>
<String CONTENT="p." HEIGHT="37" WIDTH="42" VPOS="3622" HPOS="510"/>
<SP HEIGHT="41" WIDTH="54" VPOS="3611" HPOS="553"/>
<String CS="1" CONTENT="25&#189;" HEIGHT="39" WIDTH="57" VPOS="3611" HPOS="608"/>
<String STYLE="superscript" CONTENT="cm" HEIGHT="20" WIDTH="43" VPOS="3614" HPOS="699"/>
<String CONTENT="." HEIGHT="8" WIDTH="7" VPOS="3646" HPOS="749"/>
</TextLine>
<TextLine HEIGHT="53" WIDTH="2009" VPOS="3663" HPOS="357" CS="1">
<String CONTENT="&#169;" HEIGHT="53" WIDTH="53" VPOS="3663" HPOS="357"/>
<SP HEIGHT="53" WIDTH="24" VPOS="3663" HPOS="411"/>
<String CONTENT="Apr." HEIGHT="48" WIDTH="114" VPOS="3668" HPOS="436"/>
<SP HEIGHT="41" WIDTH="27" VPOS="3668" HPOS="551"/>
<String CONTENT="15," HEIGHT="47" WIDTH="67" VPOS="3668" HPOS="579"/>
<SP HEIGHT="46" WIDTH="28" VPOS="3669" HPOS="647"/>
<String CONTENT="1936;" HEIGHT="49" WIDTH="141" VPOS="3666" HPOS="676"/>
<SP/>
<String CS="1" CONTENT="2c."/>
<SP/>
<String CONTENT="Apr." HEIGHT="47" WIDTH="114" VPOS="3669" HPOS="941"/>
<SP HEIGHT="41" WIDTH="22" VPOS="3668" HPOS="1056"/>
<String CONTENT="20:" HEIGHT="42" WIDTH="83" VPOS="3668" HPOS="1079"/>
<SP HEIGHT="32" WIDTH="28" VPOS="3678" HPOS="1163"/>
<String CONTENT="aff." HEIGHT="41" WIDTH="82" VPOS="3667" HPOS="1192"/>
<SP HEIGHT="40" WIDTH="28" VPOS="3668" HPOS="1275"/>
<String CONTENT="Apr." HEIGHT="47" WIDTH="113" VPOS="3668" HPOS="1304"/>
<SP HEIGHT="39" WIDTH="27" VPOS="3669" HPOS="1418"/>
<String CS="1" CONTENT="18;" HEIGHT="38" WIDTH="55" VPOS="3669" HPOS="1446"/>
<SP HEIGHT="40" WIDTH="29" VPOS="3670" HPOS="1528"/>
<!-- cceid 9B29EA85-6E3A-1014-83DD-942C093A1DD9 --><String CONTENT="A" HEIGHT="37" WIDTH="40" VPOS="3670" HPOS="1558"/>
<SP HEIGHT="40" WIDTH="27" VPOS="3668" HPOS="1599"/>
<String CS="1" CONTENT="93730;" HEIGHT="41" WIDTH="143" VPOS="3668" HPOS="1627"/>
<SP HEIGHT="45" WIDTH="31" VPOS="3670" HPOS="1798"/>
<String CONTENT="Banks-Baldwin" HEIGHT="39" WIDTH="413" VPOS="3669" HPOS="1830"/>
<SP HEIGHT="37" WIDTH="26" VPOS="3671" HPOS="2244"/>
<String CONTENT="law" HEIGHT="37" WIDTH="95" VPOS="3671" HPOS="2271"/>
</TextLine>
<TextLine HEIGHT="47" WIDTH="207" VPOS="3725" HPOS="426">
<String CONTENT="pub." HEIGHT="47" WIDTH="108" VPOS="3725" HPOS="426"/>
<SP HEIGHT="29" WIDTH="30" VPOS="3736" HPOS="535"/>
<String CONTENT="co." HEIGHT="30" WIDTH="67" VPOS="3735" HPOS="566"/>
</TextLine>
<TextLine HEIGHT="71" WIDTH="2009" VPOS="3812" HPOS="356" STYLEREFS="StyleId-FF4BA097-1826-4B50-9556-7007D3D287E8-">
<String CONTENT="Pacific" HEIGHT="54" WIDTH="213" VPOS="3812" HPOS="356"/>
<SP HEIGHT="35" WIDTH="24" VPOS="3831" HPOS="570"/>
<String CONTENT="reporter." HEIGHT="61" WIDTH="273" VPOS="3820" HPOS="595"/>
<SP HEIGHT="55" WIDTH="64" VPOS="3813" HPOS="869"/>
<String CONTENT="Second" HEIGHT="55" WIDTH="217" VPOS="3813" HPOS="934"/>
<SP HEIGHT="52" WIDTH="28" VPOS="3815" HPOS="1152"/>
<String CONTENT="series." HEIGHT="54" WIDTH="185" VPOS="3814" HPOS="1181"/>
<SP HEIGHT="55" WIDTH="64" VPOS="3814" HPOS="1367"/>
<String CONTENT="Cases" HEIGHT="55" WIDTH="169" VPOS="3814" HPOS="1432"/>
<SP HEIGHT="33" WIDTH="27" VPOS="3834" HPOS="1602"/>
<String CONTENT="argued" HEIGHT="67" WIDTH="213" VPOS="3816" HPOS="1630"/>
<SP HEIGHT="53" WIDTH="30" VPOS="3816" HPOS="1844"/>
<String CONTENT="and" HEIGHT="53" WIDTH="110" VPOS="3816" HPOS="1875"/>
<SP HEIGHT="52" WIDTH="28" VPOS="3816" HPOS="1986"/>
<String CONTENT="determined" HEIGHT="53" WIDTH="350" VPOS="3815" HPOS="2015"/>
</TextLine>
<TextLine HEIGHT="147" WIDTH="1940" VPOS="3892" HPOS="426" STYLEREFS="StyleId-FF4BA097-1826-4B50-9556-7007D3D287E8-" CS="1">
<String CONTENT="in" HEIGHT="51" WIDTH="58" VPOS="3892" HPOS="426"/>
<SP HEIGHT="47" WIDTH="32" VPOS="3896" HPOS="485"/>
<String CONTENT="the" HEIGHT="52" WIDTH="94" VPOS="3892" HPOS="518"/>
<SP HEIGHT="34" WIDTH="30" VPOS="3910" HPOS="613"/>
<String CONTENT="courts" HEIGHT="47" WIDTH="188" VPOS="3897" HPOS="644"/>
<SP HEIGHT="34" WIDTH="30" VPOS="3910" HPOS="833"/>
<String CONTENT="of" HEIGHT="52" WIDTH="63" VPOS="3892" HPOS="864"/>
<SP HEIGHT="52" WIDTH="28" VPOS="3892" HPOS="928"/>
<String CONTENT="Arizona," HEIGHT="59" WIDTH="270" VPOS="3893" HPOS="957"/>
<SP HEIGHT="59" WIDTH="33" VPOS="3893" HPOS="1228"/>
<String CONTENT="California," HEIGHT="58" WIDTH="342" VPOS="3892" HPOS="1262"/>
<SP HEIGHT="56" WIDTH="33" VPOS="3894" HPOS="1605"/>
<String CONTENT="Colorado," HEIGHT="58" WIDTH="300" VPOS="3894" HPOS="1639"/>
<SP HEIGHT="56" WIDTH="33" VPOS="3896" HPOS="1940"/>
<String CONTENT="Idaho," HEIGHT="60" WIDTH="202" VPOS="3895" HPOS="1974"/>
<SP HEIGHT="61" WIDTH="30" VPOS="3894" HPOS="2177"/>
<String CONTENT="Kansas," HEIGHT="133" WIDTH="1914" VPOS="3894" HPOS="426"/>
<SP HEIGHT="57" WIDTH="50" VPOS="3970" HPOS="533"/>
<String CONTENT="Montana," HEIGHT="63" WIDTH="297" VPOS="3970" HPOS="584"/>
<SP HEIGHT="62" WIDTH="52" VPOS="3971" HPOS="882"/>
<String CONTENT="Nevada," HEIGHT="59" WIDTH="253" VPOS="3971" HPOS="935"/>
<SP HEIGHT="58" WIDTH="52" VPOS="3972" HPOS="1189"/>
<String CONTENT="New" HEIGHT="52" WIDTH="136" VPOS="3972" HPOS="1242"/>
<SP HEIGHT="51" WIDTH="51" VPOS="3972" HPOS="1379"/>
<String CONTENT="Mexico," HEIGHT="63" WIDTH="240" VPOS="3971" HPOS="1431"/>
<SP HEIGHT="62" WIDTH="52" VPOS="3972" HPOS="1672"/>
<String CONTENT="Oklahoma," HEIGHT="56" WIDTH="342" VPOS="3971" HPOS="1725"/>
<SP HEIGHT="54" WIDTH="50" VPOS="3973" HPOS="2068"/>
<String CONTENT="Oregon," HEIGHT="66" WIDTH="247" VPOS="3973" HPOS="2119"/>
</TextLine>
</TextBlock>
</PrintSpace>
</Page>
</Layout>
</alto>