2519 4377
1318 4115 102 54 794

343 437 184 64 Brun,
556 437 277 66 Vincenz,
866 439 173 55 1897-

479 528 1739 72 … Alkibiades, roman. Amsterdam, A. de Lange, 1936.
415 602 87 42 484
528 614 58 39 p.,
615 604 24 39 1
690 635 9 9 l.
755 603 56 40 20½
845 605 44 22 cm
893 637 9 9 .

345 670 2010 55 © Mar. 2, 1936; 1c. Apr. 28; A -Foreign 31506; Allert de Lange vertag.
431 731 282 48 (36-13327)

347 833 346 57 California.
768 837 166 51 Laws
941 877 11 24 ,
976 841 258 60 statutes,
1262 841 100 48 etc.

419 926 269 55 Biennial
728 926 362 70 supplement
1130 933 58 50 to
1227 927 94 55 the
1363 927 261 69 political
1664 927 153 66 code,
1856 927 136 54 civil
2031 928 153 59 code,
2223 929 135 54 code

348 1005 64 55 of
449 1005 133 54 civil
619 1006 331 68 procedure,
987 1007 238 67 probate
1264 1007 153 56 code,
1455 1007 112 52 and
1603 1007 169 68 penal
1809 1008 135 52 code
1984 1007 63 53 of
2084 1009 95 52 the
2215 1011 145 51 state

349 1085 62 54 of
462 1083 345 68 California,
854 1085 259 68 showing
1162 1085 77 52 all
1287 1086 95 52 the
1431 1086 244 67 changes
1722 1086 164 53 made
1933 1087 76 67 by
2055 1087 98 53 the

347 1087 2012 147 fifty-first session of the Legislature (1935) … Connecting with and
348 1241 339 68 continuing
716 1241 279 68 Hillyer’s
1025 1245 133 50 1933
1187 1241 252 53 biennial
1468 1242 378 69 supplement.
1914 1243 301 69 Compiled
2248 1246 110 52 and

351 1321 310 53 annotated
711 1320 74 67 by
837 1318 196 56 Curtis
1084 1320 247 53 Hillyer.
1411 1319 117 56 San
1578 1321 323 66 Francisco,
1952 1323 412 53 Bender-Moss

350 1417 297 49 company,
678 1401 149 51 1936.

423 1472 96 46 xiv,
552 1471 89 41 819
666 1483 42 37 p.
768 1471 56 41 26
827 1474 44 21 cm
877 1504 8 8 .

352 1537 53 54 ©
439 1543 127 39 June
597 1542 70 48 11,
699 1540 142 48 1936;
874 1541 68 41 2c.
976 1541 95 39 and
1103 1540 83 41 aff.
1218 1542 128 40 June
1376 1542 57 39 29;
1494 1542 42 39 A
1568 1542 171 48 96228;
1775 1543 345 42 Bender-Moss
2153 1554 67 31 co.

353 1662 194 66 Clark,
574 1662 232 54 Marion
834 1662 67 56 G.

425 1740 122 52 The
583 1739 157 53 birth
781 1738 113 54 and
934 1738 225 69 growth
1197 1738 63 54 of
1299 1757 103 36 our
1439 1741 218 64 nation,
1694 1739 76 68 by
1807 1739 231 54 Marion
2077 1740 68 55 G.
2186 1741 179 56 Clark

416 1817 1943 71 … and Wilbur Fisk Gordy … New York, Chicago [etc.]
352 1897 65 56 C.
449 1895 314 58 Scribner’s
792 1915 128 36 sons
954 1930 14 35 [
971 1902 20 23 c
995 1898 135 51 1936
1135 1929 14 35 ]

424 1970 85 49 xii,
540 1970 86 42 524
655 1982 44 37 p.
759 1971 143 49 illus.,
933 1970 182 50 diagrs.
1172 1969 59 42 19
1232 1972 45 22 cm
1280 2002 10 9 .

426 2027 184 42 Music:
641 2039 46 39 p.
718 2029 70 41 77.

427 2085 226 42 Includes
690 2085 394 50 bibliographies.

357 2152 53 54 ©
437 2157 114 48 Apr.
579 2157 70 47 16,
678 2155 141 48 1936;
846 2156 67 40 2c.
943 2157 130 40 June
1098 2156 82 43 20;
1212 2156 82 40 aff.
1325 2157 129 39 June
1479 2155 82 48 19;
1593 2156 42 40 A
1662 2155 171 49 96078;
1865 2158 204 41 Charles
2102 2157 265 43 Scribner’s

428 2225 127 32 sons.
621 2213 281 52 [Copyright
936 2213 41 40 is
1010 2213 206 40 claimed
1250 2224 60 30 on
1347 2211 238 42 revisions
1619 2214 97 40 and
1747 2223 107 31 new
1886 2216 196 50 matter]

442 2270 283 50 (36-13159)

358 2375 236 66 Cronin,
620 2375 325 55 Archibald
972 2375 241 64 Joseph.

427 2455 164 65 Lady
619 2454 141 53 with
785 2452 341 55 carnations,
1201 2453 265 67 chapters
1494 2457 115 50 1-3.

462 2530 62 37 (In
554 2524 137 44 Good
723 2523 388 52 housekeeping,
1144 2523 143 51 June,
1322 2524 144 49 1936)

362 2594 2006 53 © 1c. July 22, 1936; A ad int. 21674; pubd. May 29; A. J. Cronin,
434 2655 322 47 Sterrington,
784 2654 350 47 Pulsborough,
1164 2654 194 46 Sussex,
1385 2653 236 47 England.

359 2757 162 67 Duff,
551 2757 264 65 Charles,
848 2763 172 50 1894-

436 2836 120 52 The
595 2835 164 52 truth
799 2834 173 53 about
1012 2832 311 55 Columbus
1363 2833 113 53 and
1515 2833 96 54 the
1651 2832 295 70 discovery
1986 2832 64 53 of
2088 2831 284 70 America,

364 2914 75 68 by
483 2914 238 55 Charles
762 2913 171 68 Duff;
977 2912 141 53 with
1162 2932 71 34 an
1276 2911 394 54 introduction
1709 2912 76 68 by
1827 2909 202 71 Philip
2073 2910 296 56 Guedalla.

362 2992 260 67 London,
651 2991 263 68 Grayson
942 2992 45 50 &
1017 2990 264 69 Grayson
1314 2992 171 66 [1936]

434 3062 85 41 329
551 3073 43 38 p.
655 3063 88 40 col.
774 3063 164 48 front.,
973 3073 76 38 pl.,
1084 3064 163 46 ports.,
1282 3072 125 39 map,
1441 3063 230 46 facsims.,
1706 3064 109 39 coat
1846 3063 51 40 of
1931 3072 146 31 arms.
2138 3062 55 40 22½
2225 3063 44 21 cm
2275 3093 8 8 .

436 3121 116 46 Map
583 3129 59 30 on
676 3120 364 48 lining-papers.

441 3177 67 39 “A
539 3177 293 48 chronology
861 3176 51 41 of
942 3177 82 40 the
1055 3176 238 49 principal
1325 3178 168 38 events
1525 3176 209 48 relating
1765 3178 49 38 to
1846 3177 81 40 the
1957 3176 88 40 life
2076 3176 50 40 of
365 3175 1987 107 Christopher
517 3234 261 41 Columbus
809 3235 96 39 and
938 3234 82 40 the
1053 3232 250 48 discovery
1338 3233 50 39 of
1421 3232 252 41 America”:
1739 3244 41 37 p.
1812 3232 218 42 315-323.

438 3289 170 41 “Brief
644 3290 339 48 bibliography
1024 3290 211 48 relating
1274 3293 47 37 to
1362 3290 318 47 Christopher
1720 3290 262 41 Columbus
2021 3289 95 41 and
2157 3291 81 39 the
365 3290 1988 104 discovery
570 3347 52 40 of
654 3346 253 41 America”:
972 3358 42 37 p.
1048 3345 218 43 324-327.

367 3417 2005 53 © 1c. June 12, 1936; A ad int. 21521; pubd. Apr. 14; Random house, inc.,
436 3479 117 39 New
581 3478 145 39 York.
794 3476 280 49 (36-13032)

368 3583 207 64 Faber,
606 3582 250 64 Gustav,
888 3586 172 50 1912-

438 3661 117 51 Der
585 3657 354 69 mörderhof,
970 3673 198 37 roman
1200 3676 110 35 von
1341 3655 222 56 Gustav
1592 3656 214 67 Faber;
1840 3657 106 52 mit
1976 3654 67 55 37
367 3655 1981 151 Zeichnungen
500 3756 130 35 vom
654 3736 298 53 Verfasser.
1014 3734 218 69 Berlin,
1255 3734 216 70 Verlag
1494 3734 100 53 für
1616 3733 430 70 kulturpolitik,
2069 3753 52 50 g.
2148 3754 71 33 m.
2242 3735 52 52 b.
2319 3735 55 51 h.

389 3818 177 65 [ c 1935]
437 3888 101 50 319,
572 3890 55 48 [1]
659 3899 43 39 p.
761 3887 127 42 illus.
947 3887 56 41 21
1007 3890 44 22 cm
1054 3918 9 10 .

371 3955 2004 53 © Apr. 18, 1935; 1c. Apr. 30, 1936; A -Foreign 31579; Verlag für
440 4014 361 50 kulturpolitik,
833 4025 41 38 g.
907 4026 59 30 m.
998 4016 40 39 b.
1071 4016 44 39 h.
1186 4014 281 49 (36-13328)
