2519 4377
1308 4087 135 55 1758

372 383 366 66 [Müllender,
763 386 171 52 Мте.]

441 501 56 10 ...
537 459 96 54 Un
670 476 202 36 amour
906 460 31 51 à
971 460 400 54 retardement.
1444 460 187 69 Paris,
1665 462 56 54 J.
1759 459 338 56 Tallandier
2156 464 152 66 [1936]

438 531 1689 52 2 p. l., [7]-254 p., 1 l. 16 ½ cm. (On cover; Les romans bleus)
437 589 233 41 Author’s
695 591 182 48 pseud.,
907 590 211 49 Jacques
1150 590 209 49 Sempré,
1388 593 55 40 at
1467 592 126 40 head
1623 591 54 41 of
1704 591 123 42 title.

369 644 2020 54 © July 15, 1936; 1c. Oct. 22; A-Foreign 33263; Société d’éditions et
440 706 56 40 de
530 705 344 51 publications,
911 706 155 39 Paris.
1143 706 283 49 (36-35600)

366 809 487 68 Nell-Breuning,
879 811 235 55 Oswald
1139 828 133 48 von,
1301 818 171 50 1890-

444 930 56 10 ...
545 887 489 69 Reorganization
1073 888 65 53 of
1174 889 174 53 social
1389 907 297 52 economy;
1729 890 97 54 the
1866 890 174 53 social
2082 890 307 68 encyclical

367 965 315 70 developed
705 968 113 52 and
841 966 305 70 explained;
1203 968 250 69 English
1477 969 217 53 edition
1718 971 285 67 prepared
2024 970 77 67 by
2125 971 263 52 Bernard

365 1045 90 55 W.
487 1046 293 68 Dempsey
812 1089 56 9 ...
939 1046 141 53 New
1109 1047 181 68 York,
1320 1046 345 54 Milwaukee
1720 1053 120 62 [etc.]
1874 1048 122 52 The
2031 1049 184 52 Bruce

365 1048 1998 145 publishing company [ c 1936]
437 1197 66 49 xi,
534 1198 87 41 451
652 1210 44 37 p.
756 1198 119 41 22cm.

441 1254 238 41 “General
722 1253 370 50 bibliography”;
1166 1266 43 38 p.
1250 1254 135 40 ix-xi;
1459 1254 298 49 “Suggested
1802 1255 257 49 readings”
2105 1258 53 39 at
2201 1257 92 39 end
2337 1256 52 42 of

367 1313 127 38 most
526 1311 53 41 of
609 1312 85 39 the
726 1311 243 49 chapters.

368 1364 52 53 ©
452 1368 102 40 Oct.
586 1367 70 49 29,
688 1367 143 49 1936;
862 1367 69 40 2c.
961 1367 98 39 and
1090 1367 82 41 aff.
1204 1367 119 41 Nov.
1355 1367 82 49 33;
1471 1368 42 39 A
1541 1367 173 48 99850;
1750 1370 53 39 B.
1837 1370 70 39 W.
1942 1370 257 46 Dempsey,
438 1368 1936 98 Cleveland.
634 1424 286 50 (36-33939)

366 1531 339 66 O’Donnell,
732 1531 280 65 Ignatius
1037 1532 136 65 Leo,
1205 1532 247 53 brother.

443 1654 55 8 ...
534 1610 254 54 Further
819 1609 215 55 studies
1064 1629 72 34 on
1166 1612 95 51 the
1293 1604 597 73 di-(selenoaliphatic
1922 1610 183 66 acids)
2149 1610 111 54 and
2291 1609 95 54 the

365 1690 284 65 synthesis
687 1689 64 54 of
814 1688 250 54 diseleno
1099 1687 346 55 derivatives
1480 1689 64 54 of
1577 1706 151 36 some
1764 1689 210 67 alkoxy
2009 1689 268 68 alcohols,
2312 1690 75 67 by

366 1768 250 53 Brother
650 1769 268 66 Ignatius
954 1770 115 51 Leo
1105 1767 323 56 O’Donnell
1470 1811 55 8 ...
1598 1768 406 67 Washington,
2040 1770 72 52 D.
2151 1768 80 67 C.,
2265 1769 122 52 The

368 1847 264 55 Catholic
658 1846 321 57 universitv
1006 1846 65 53 of
1096 1846 287 67 America,
1414 1850 150 50 1936.

438 1918 519 50 4 p. l. . 42 p. 23cm.
438 1977 173 40 Thesis
653 1978 107 49 (PH.
825 1976 210 48 D.)—The
1066 1976 225 42 Catholic
1323 1975 276 49 university
1631 1976 52 40 of
1710 1976 239 40 America.

367 2032 53 52 ©
463 2036 128 47 Sept.
632 2034 70 49 14,
745 2034 116 41 1936;
929 2034 69 42 2c.
1042 2034 96 40 and
1178 2034 82 40 aff.
1306 2035 128 47 Sept.
1474 2033 56 39 22;
1601 2035 41 38 A
1682 2033 146 41 98564;
1900 2033 225 42 Catholic
2164 2033 132 40 univ.
2338 2033 52 39 of

439 2092 238 41 America.

365 2197 179 66 Page,
568 2194 212 69 Kirby,
809 2202 173 50 1890-

438 2274 215 69 Living
683 2274 431 70 courageously,
1142 2274 76 68 by
1248 2272 192 70 Kirby
1469 2274 173 68 Page.
1711 2273 140 53 New
1884 2273 182 67 York,
2097 2274 217 53 Farrar
2343 2275 46 51 &

368 2353 302 65 Rinehart,
702 2352 405 69 incorporated
1148 2387 12 33 [
1165 2360 18 21 c
1189 2356 153 64 1936]

439 2426 626 49 5 p. l., 3-319 p. 21½cm.
441 2484 129 39 “Ten
599 2484 159 47 cycles
785 2483 51 41 of
864 2482 228 48 readings
1119 2482 80 39 for
1227 2481 86 41 100
1342 2480 149 49 days”;
1549 2492 44 38 p.
1625 2480 249 50 [113]-314.

368 2536 53 53 ©
457 2541 119 40 Nov.
616 2540 69 50 19,
723 2539 142 48 1936;
904 2539 69 41 2c.
1011 2540 119 39 Nov.
1170 2538 92 48 21;.
1295 2538 81 39 aff.
1416 2539 118 39 Nov.
1572 2537 84 49 20;
1697 2538 42 39 A
1775 2536 172 48 99946;
1989 2538 59 39 K.
2088 2538 143 47 Page,
2270 2537 119 39 New

437 2598 146 41 York.
652 2596 284 50 (36-33941)

368 2703 334 64 Rathbone,
729 2704 189 57 Irene.

439 2781 164 68 They
631 2781 110 52 call
769 2780 50 53 it
842 2798 187 50 peace,
1056 2778 77 70 by
1161 2778 167 53 Irene
1359 2777 320 53 Rathbone.
1745 2777 262 67 London,
2037 2776 56 55 J.
2124 2777 80 53 M.
2234 2776 156 52 Dent

367 2863 46 51 &
442 2879 148 49 sons,
620 2860 105 55 ltd.
762 2862 173 65 [1936]

439 2933 697 51 3 p. l., 9-617, [1] p. 20cm.
369 2987 2017 56 © 1c. Nov. 27, 1936; A ad int. 22084; pubd. Oct. 1; I. Rathbone, London.
450 3049 284 51 (36-35395)

373 3155 277 65 [Rayner,
677 3155 321 63 Augustus
1022 3151 232 66 Alfred]
1289 3157 173 50 1894-

442 3231 191 55 Crime
670 3232 114 52 and
821 3250 31 34 a
889 3230 175 68 clock,
1099 3230 74 68 by
1208 3229 215 69 Whyte
1458 3227 144 53 Hall
1664 3228 216 67 [pseud.]
1957 3227 244 52 London
2262 3230 120 61 [etc.]

370 3311 69 55 G.
469 3311 69 55 G.
569 3312 240 67 Harrap
838 3312 47 51 &
912 3328 99 49 co.,
1038 3310 105 52 ltd.
1200 3311 153 64 [1936]

441 3381 1101 54 2 p. l., 7-282, [1] p. illus. (plan) 19cm.
370 3437 1925 113 © 1c. Nov. 27, 1936; A ad int. 22093; pubd. Oct. 9; A. A. Rayner, Upminster, Essex, England. (36-35393)
369 3606 316 65 Renshaw,
712 3606 171 52 Anne
907 3604 237 63 Tillery.

438 3682 153 54 Well
634 3682 141 56 bred
822 3683 219 67 speech,
1084 3681 77 69 by
1205 3681 169 53 Anne
1420 3679 222 68 Tillery
1690 3679 285 53 Renshaw
2027 3722 55 9 ...
2136 3696 31 34 a
2212 3673 170 68 brief,

369 3761 281 55 intensive
685 3761 95 54 aid
814 3760 95 53 for
942 3760 249 69 English
1223 3760 275 53 students.
1581 3757 422 68 [Washington,
2037 3757 71 51 D.
2146 3756 81 66 C.,
2263 3756 119 52 The

371 3840 296 57 Standard
699 3859 175 49 press,
905 3841 125 59 inc.,
1059 3846 22 22 c
1085 3843 153 64 1936]

441 3915 57 41 98
526 3925 43 38 p.
630 3914 147 41 19½cm.

371 3969 53 53 ©
451 3974 117 39 Nov.
598 3971 69 49 13,
695 3971 117 41 1936;
868 3970 68 41 2c.
962 3971 97 39 and
1088 3970 82 40 aff.
1199 3970 118 39 Nov.
1346 3968 55 39 17;
1461 3969 39 38 A
1529 3966 172 41 100541;
1762 3967 52 38 A.
1844 3965 51 39 T.
1928 3963 260 44 Renshaw,
444 3961 1924 113 Washington.
692 4027 283 47 (36-33921)
