2519 4377
1338 4089 137 51 1944

408 380 340 53 Twentieth
783 383 255 62 century
1068 381 171 54 fund.
1317 383 340 54 Committee
1692 401 73 36 on
1799 384 96 54 old
1927 402 105 50 age
2064 386 265 62 security.

480 472 122 53 The
640 473 321 52 Townsend
999 473 265 67 crusade;
1305 492 73 34 an
1412 472 300 70 impartial
1750 476 207 53 review
1995 476 64 54 of
2092 478 98 52 the
409 479 1996 124 Townsend
571 556 326 48 movement
921 551 114 53 and
1062 551 96 53 the
1185 552 274 66 probable
1486 553 193 53 effects
1708 553 63 54 of
1799 554 97 53 the
1925 556 323 54 Townsend
2274 558 153 66 plan.

409 630 141 52 New
585 628 182 67 York,
802 630 122 52 The
961 629 341 56 Committee
1337 649 72 34 on
1445 631 96 53 old
1577 650 103 49 age
1715 632 250 67 security
2000 632 66 55 of
2099 634 96 53 the
408 635 1997 126 Twentieth
578 712 240 62 century
843 707 168 67 fund,
1035 706 128 67 inc.,
1190 711 151 51 1936.

477 790 629 52 2 p. l., [3]-93 p. 22½ cm .
480 862 1919 57 “The fund staff assumes full responsibility for chapters I through V
406 921 99 40 and
530 922 84 41 the
641 920 279 43 committee
946 921 83 41 for
1052 921 205 50 chapter
1340 920 180 43 VI.”—1st
1546 922 189 50 prelim,
1761 924 115 41 leaf.

410 989 54 54 ©
499 994 129 40 June
665 993 69 49 16,
773 992 142 49 1936;
954 993 69 42 2c.
1060 994 97 39 and
1196 993 82 41 aff.
1317 996 113 39 Dec.
1468 993 83 49 19;
1591 995 43 39 A
1670 994 201 49 101439;
1912 997 279 40 Twentieth
2228 1001 204 46 century

482 1051 138 49 fund,
645 1050 109 49 inc.,
778 1051 120 40 New
922 1051 146 41 York.
1133 1049 225 50 (37-244)

412 1156 128 53 Van
568 1156 367 65 Sweringen,
963 1155 220 66 Sigrid.

475 1247 87 57 As
593 1247 99 55 the
723 1248 271 69 morning
1027 1246 212 71 rising;
1278 1267 32 35 a
1342 1248 186 68 novel,
1561 1248 77 69 by
1673 1248 201 69 Sigrid
1907 1251 133 54 Van
2077 1251 350 68 Sweringen.

409 1326 140 54 New
584 1326 183 70 York,
806 1326 333 56 Cincinnati
1201 1332 121 63 [etc.]
1364 1327 285 69 Benziger
1684 1328 279 69 brothers,
2003 1334 151 50 1936.

480 1416 65 47 ix,
577 1415 88 41 362
696 1426 43 38 p.
800 1413 166 49 front.,
998 1415 174 48 plates.
1232 1413 59 42 20
1291 1416 45 22 cm
1341 1446 10 10 .

409 1484 53 53 ©
491 1488 103 41 Oct.
623 1486 70 48 19,
722 1485 142 45 1936;
893 1485 67 40 2c.
990 1487 113 41 Dec.
1131 1485 84 49 23;
1246 1485 84 41 aff.
1357 1486 118 39 Nov.
1504 1485 84 49 25;
1620 1487 41 39 A
1688 1485 202 49 101486;
1922 1486 238 49 Benziger
2189 1487 126 41 bros.

491 1543 226 50 (37-178)

407 1651 129 54 Von
565 1651 291 65 Erdberg,
882 1650 275 57 Eleanor.

482 1740 245 56 Chinese
763 1740 278 55 influence
1078 1759 72 35 on
1187 1742 310 68 European
1533 1741 220 69 garden
1788 1745 332 65 structures,
2153 1742 76 69 by
409 1743 1999 130 Eleanor
554 1838 114 35 von
709 1819 296 69 Erdberg;
1048 1819 193 54 edited
1277 1820 77 67 by
1393 1820 238 54 Bremer
1668 1819 296 55 Whidden
2003 1820 183 53 Pond.
407 1820 2003 147 Cambridge,
661 1898 193 68 Mass.,
886 1898 280 54 Harvard
1197 1897 323 69 university
1552 1917 175 49 press,
1763 1902 151 50 1936.

479 1984 1952 51 4 p. l., [3]-221 p. front., illus., plates. 26×20 cm . (Half-title: Harvard
409 2043 266 49 landscape
701 2042 332 41 architecture
1060 2043 328 48 monographs.
1492 2041 15 49 I)

480 2112 383 49 Bibliography:
898 2123 44 38 p.
978 2111 252 51 [191]-209.

411 2180 54 54 ©
502 2186 113 38 Dec.
654 2183 41 49 9,
736 2182 142 49 1936;
919 2182 67 40 2c.
1028 2185 112 38 Dec.
1182 2182 83 47 12;
1308 2183 82 40 aff.
1431 2185 112 38 Dec.
1586 2184 81 47 19;
1711 2185 42 38 A
1791 2183 202 48 100999;
2036 2184 259 41 President
2336 2185 95 40 and

484 2242 192 40 fellows
700 2241 53 41 of
774 2240 236 42 Harvard
1033 2241 194 49 college,
1254 2240 306 50 Cambridge,
1586 2243 148 40 Mass.
1800 2240 224 51 (37-297)

408 2348 279 65 Walters,
715 2349 332 63 Raymond,
1077 2353 172 50 1885-

480 2439 258 70 Stephen
771 2440 233 53 Foster:
1040 2437 228 71 youth’s
1302 2439 210 69 golden
1547 2439 218 69 gleam;
1803 2458 32 35 a
1870 2438 197 55 sketch
2102 2438 65 54 of
2200 2439 89 54 his
2324 2438 107 54 life

407 2518 115 54 and
545 2518 374 70 background
944 2518 61 53 in
1030 2516 352 71 Cincinnati,
1408 2521 331 66 1846-1850,
1762 2518 77 69 by
1855 2518 309 69 Raymond
2179 2519 251 54 Walters

469 2595 1962 71 … Princeton, Princeton university press; London, H. Milford,
407 2676 233 56 Oxford
671 2674 323 71 university
1023 2694 176 51 press,
1230 2679 153 51 1936.

477 2749 1377 52 5 p. l., 160 p. front., plates, port., facsims. 21 cm .
479 2807 238 43 “Sources
745 2809 97 40 and
871 2806 376 44 annotations”:
1276 2819 44 38 p.
1366 2806 235 43 [137]-153.

410 2876 52 54 ©
496 2881 118 40 Nov.
648 2879 70 50 10,
751 2878 143 48 1936;
928 2879 69 42 2c.
1030 2880 120 41 Nov.
1180 2878 83 49 27;
1302 2879 81 41 aff.
1418 2879 117 39 Nov.
1570 2877 83 49 25;
1688 2879 41 40 A
1764 2877 201 49 100682;
2004 2877 262 43 Princeton
2298 2878 132 42 univ.

480 2948 151 38 press.
700 2937 223 49 (37-165)

407 3044 123 53 The
557 3044 401 65 Washington
985 3046 154 63 post.

480 3134 121 53 The
637 3132 574 54 Robinson-Patman
1249 3136 117 62 act;
1406 3132 74 52 its
1516 3130 223 68 history
1779 3132 113 54 and
1928 3132 275 67 probable
408 3150 1995 128 meaning.
596 3209 406 68 Washington,
1037 3212 71 52 D.
1148 3210 82 67 C.,
1267 3211 122 53 The
1423 3211 387 66 Washington
1846 3214 130 63 post
2018 3244 13 33 [
2034 3216 20 21 c
2060 3213 134 50 1936
2200 3244 12 34 ]

477 3286 65 49 ix,
577 3285 56 41 61
667 3296 45 38 p.
772 3283 56 42 28½
861 3286 45 21 cm
911 3317 9 8 .

479 3342 248 50 Prepared
753 3343 61 47 by
841 3343 197 40 counsel
1065 3342 52 40 of
1142 3342 83 41 the
1253 3340 324 51 Washington
1604 3342 124 48 post.
1785 3340 61 48 cf.
1874 3340 277 42 Foreword.

411 3409 53 53 ©
500 3414 119 40 Nov.
658 3413 40 45 4.
738 3412 141 42 1936;
920 3412 67 42 2c.
1026 3412 95 39 and
1163 3412 81 39 aff.
1284 3413 119 39 Nov.
1440 3411 54 48 9;
1536 3412 40 38 A
1613 3410 173 48 99753;
1829 3412 198 47 Eugene
2065 3412 168 46 Meyer
2272 3411 37 40 &
2346 3420 82 40 co.,

480 3470 340 48 Washington.
891 3469 222 49 (37-249)

407 3577 231 63 Weber,
668 3577 342 65 Wolfgang.

479 3669 177 51 Hotel
703 3668 509 65 Affenbrotbaum;
1264 3668 303 53 abenteuer
1614 3686 71 34 an
1731 3666 101 54 der
1878 3670 343 49 autostrasse

409 3666 1992 135 Kap-Kairo.
671 3764 110 35 von
839 3746 322 68 Wolfgang
1219 3747 223 53 Weber.
1536 3745 112 53 Mit
1709 3745 405 68 abbildungen.
2208 3743 219 69 Berlin,

410 3825 269 66 Ullstein,
708 3828 149 50 1936.

481 3897 99 48 150,
613 3897 55 51 [4]
698 3908 43 37 p.
800 3897 172 48 plates,
1002 3907 124 39 map.
1185 3897 56 40 19½
1273 3899 45 22 cm
1324 3930 7 8 .

411 3964 1842 53 © June 18, 1936; 1c. Sept. 14; A-Foreign 33025; Ullstein a.-g.
