2519 4377
1065 4136 132 52 1705

141 469 207 65 Akins,
376 470 128 62 Zoë,
538 475 170 50 1886-

210 548 118 53 The
363 547 147 53 little
547 549 247 51 miracle,
828 548 73 66 by
935 548 106 50 Zoë
1077 547 200 53 Akins.
1368 549 135 51 New
1543 547 157 52 York
1736 548 107 50 and
1885 548 254 52 London.

144 627 226 64 Harper
392 628 44 50 &
460 625 275 58 brothers,
765 628 147 50 1936.

209 696 965 49 3 p. l., 42 p.. 1 l. col. front. 17½ cm .
210 755 38 37 A
277 754 126 47 play.

214 811 160 40 “First
405 810 225 41 edition.”

140 863 1941 53 © Oct. 29, 1936; 1c. Oct. 28; 1c. Jan. 14, 1937; aff. Oct. 31. 1936;
207 926 40 37 A
271 923 171 49 99673;
473 924 91 39 Zoë
590 924 154 39 Akins
775 924 250 47 Rumlmld,
1056 923 267 40 Pasadena.
1392 923 281 49 (36-29807)

139 1015 290 52 Alabama
463 1015 203 67 digest,
705 1020 132 47 1820
873 1023 56 47 to
964 1016 149 60 date,
1149 1014 266 68 covering
1448 1016 283 52 Alabama
1767 1021 222 60 reports
2026 1015 110 52 and

211 1093 283 54 Southern
530 1100 272 60 reporter,
838 1113 57 32 as
932 1094 121 51 well
1091 1111 58 34 as
1184 1093 279 53 Alabama
1499 1111 148 35 cases
1682 1093 232 53 decided
1952 1095 55 50 in
2045 1094 92 52 the

209 1171 217 53 federal
458 1171 242 53 District
735 1172 108 51 and
879 1171 217 56 Circuit
1129 1178 205 48 courts.
1368 1171 216 54 Circuit
1619 1177 159 47 court
1810 1171 63 51 of
1905 1171 233 66 appeals

209 1250 108 51 and
368 1249 272 66 Supreme
683 1256 159 46 court
884 1249 62 52 of
989 1249 93 53 the
1128 1251 37 52 L
1160 1251 21 23 T
1186 1249 154 52 nited
1388 1248 186 54 States
1624 1291 55 9 ...
1727 1249 139 52 with
1910 1256 228 46 current

206 1327 342 53 cumulative
618 1327 198 66 pocket
884 1327 226 53 service.
1203 1327 270 53 Volumes
1542 1330 184 50 14-15.
1822 1325 82 56 St.
1975 1329 164 51 Paul.

206 1404 1073 68 Minn.. West publishing co. [ c 1936]
206 1478 26 37 2
295 1510 8 9 v.
360 1477 56 40 26½
449 1480 43 21 cm
498 1510 8 8 .

481 1531 1660 49 CONTENTS. — v. 14. Malicious mischief-Mortgages.— v. 15. Motions-
140 1590 184 49 Piracy.

137 1644 52 54 ©
270 1660 71 29 Nov.
377 1648 69 48 25,
483 1648 139 42 1936;
661 1650 67 39 2c.
765 1649 117 38 each
919 1648 94 39 and
1052 1648 106 39 affs.
1197 1649 110 39 Dec.
1343 1648 80 42 14;
1464 1649 39 38 A
1541 1647 185 46 101353,
1765 1648 199 46 101354;
2007 1650 126 38 West

208 1705 106 48 pub.
340 1717 67 29 co.

137 1796 189 65 Allan,
354 1797 242 57 Dennis.

202 1873 194 53 House
426 1872 64 53 of
517 1878 226 48 treason
779 1872 130 69 [by].
922 1872 218 53 Dennis
1169 1871 194 53 Allan.
1429 1872 140 52 New
1599 1872 179 67 York,
1808 1872 121 52 The
130 1871 1985 134 Greystone
319 1970 159 50 press
511 1954 173 65 [1936]

202 2025 549 49 5 p. l., 277 p. 19½ cm .
137 2078 2001 54 © Nov. 10, 1936; 2c. and aff. Nov. 20; A 100577; D. Allan, New York.
217 2138 279 49 (36-32335)

136 2230 241 65 Arnold,
404 2229 225 56 Elliott.

204 2307 275 54 Personal
535 2308 224 52 combat
839 2307 92 69 [by]
995 2305 211 55 Elliott
1262 2307 241 53 Arnold.
1579 2306 140 53 New
1779 2306 178 68 York,
2016 2307 122 53 The

134 2385 736 68 Greystone press [ c 1936]
203 2458 621 50 5 p. l., 3-304 p. 19½ cm .
136 2512 53 53 ©
218 2517 116 40 Nov.
364 2515 68 43 10,
462 2515 115 40 1936;
634 2517 68 39 2c.
732 2516 94 39 and
855 2516 81 40 aff.
966 2516 117 39 Nov.
1114 2516 55 37 20;
1228 2517 35 37 A
1299 2515 199 46 100579;
1533 2517 51 38 E.
1617 2515 197 47 Arnold,
1845 2516 116 38 New
1994 2516 142 39 York.

217 2572 279 49 (36-32115)

137 2664 291 64 Barrows,
453 2663 304 65 Marjorie,
782 2681 178 47 comp.

203 2740 121 53 The
378 2739 174 56 Child
605 2740 107 53 life
763 2739 593 69 mystery-adventure
1407 2739 174 67 book;
1640 2758 31 34 a
1724 2739 296 54 collection
2075 2739 62 52 of

136 2817 247 54 favorite
434 2818 199 54 stories
687 2818 96 54 for
831 2819 140 68 boys
1024 2819 111 52 and
1188 2818 160 69 girls,
1400 2818 281 69 compiled
1731 2818 76 68 by
1856 2818 280 68 Marjorie

137 2897 263 53 Barrows
450 2940 56 9 ...
558 2897 113 54 and
716 2897 247 55 Frances
1009 2895 273 58 Cavanah
1332 2940 56 10 ...
1470 2896 141 54 New
1656 2895 180 68 York,
1882 2894 253 71 Chicago

138 2974 1261 70 [etc.] Rand, McNally & company [ c 1936]
204 3047 57 41 96
285 3059 43 38 p.
384 3048 128 41 illus.
542 3048 137 49 (part
706 3050 112 48 col.)
882 3048 56 41 22
943 3051 42 22 cm
990 3081 9 10 .

136 3100 52 53 ©
219 3106 116 38 Nov.
367 3105 38 46 7,
437 3104 114 41 1936;
610 3106 66 39 2c.
709 3107 117 40 Nov.
856 3107 80 41 14;
970 3106 81 40 aff.
1083 3107 118 39 Nov.
1234 3106 53 38 12;
1350 3107 39 38 A
1422 3106 199 42 100442;
1658 3105 153 48 Rand,
1846 3106 222 46 McNally
2104 3109 35 37 &

205 3173 66 26 co.
340 3161 280 50 (36-32110)

136 3252 239 64 Borton,
402 3253 327 65 Elizabeth,
758 3259 169 50 1904-

209 3372 55 9 ...
307 3330 370 67 Pollyanna’s
716 3330 138 54 door
894 3335 58 50 to
991 3330 326 69 happiness,
1354 3330 76 68 by
1467 3329 302 54 Elizabeth
1810 3330 219 52 Borton
2075 3372 54 9 ...

136 3406 321 53 illustrated
496 3407 76 68 by
613 3408 226 53 Harold
882 3408 133 55 Cue.
1092 3410 235 65 Boston,
1365 3408 64 54 L.
1472 3407 64 56 C.
1574 3408 158 67 Page
1771 3409 46 50 &
1856 3423 279 51 company

136 3516 13 35 [
155 3490 17 21 c
179 3487 151 65 1936]

200 3558 27 38 4
257 3569 42 38 p.
366 3589 9 17 l.,
406 3557 88 41 359
523 3570 43 38 p.
625 3559 166 50 front.,
822 3559 172 51 plates.
1054 3559 56 41 19½
1142 3562 43 21 cm
1191 3591 8 8 .
1262 3560 115 50 [The
1406 3561 113 48 glad
1549 3559 164 49 books]

202 3614 63 40 At
291 3616 124 40 head
444 3616 52 41 of
520 3615 110 43 title;
686 3617 101 42 The
812 3616 142 42 ninth
982 3618 112 49 glad
1121 3617 137 41 book.

204 3671 161 42 “First
394 3672 303 49 impression,
725 3673 281 49 November,
1036 3674 156 41 1936.”

136 3724 2001 53 © Nov. 18, 1936; 2c. Nov. 20; aff. Nov. 19; A 100560; L. C Page & co.,
206 3786 89 40 inc.
363 3785 280 48 (36-32114)

135 3860 253 66 Bowers,
417 3863 262 53 Fredson
705 3864 254 63 Thayer.

204 3939 118 53 The
356 3939 113 57 dog
499 3940 235 52 owner’s
765 3940 305 54 handbook
1124 3941 92 67 [by]
1254 3940 255 54 Fredson
1543 3941 228 66 Thayer
1806 3942 230 50 Bowers
2075 3980 55 10 ...

139 4016 225 52 Boston.
391 4017 317 66 Houghton
737 4018 204 53 Mifflin
968 4036 298 49 company,
1297 4020 149 52 1936.
