2519 4377
1320 4184 136 50 1724

369 476 286 64 Hispanic
683 475 229 65 society
939 475 64 54 of
1030 475 297 57 America.

440 555 210 52 Daniel
694 554 310 55 Urrabieta
1046 554 212 67 Vierge
1298 556 59 51 in
1396 556 95 51 the
1532 554 298 54 collection
1870 556 63 53 of
1974 556 95 52 the
2109 554 285 70 Hispanic

370 632 2019 71 society of Ajnerica, by Elizabeth Du Gué Trapier … [v. 2]
370 712 211 53 Plates.
659 712 140 52 New
831 711 182 67 York,
1043 712 245 53 Printed
1318 712 76 67 by
1423 712 168 53 order
1623 712 64 53 of
1717 714 96 51 the
1844 719 260 62 trustees,
2137 717 150 50 1936.

371 785 2008 106 17 l. CXLV pl. on 74 l. 19cm. (Half-title: Hispanic notes & monographs;
620 852 185 38 essays,
843 842 202 48 studies,
1082 843 98 40 and
1217 841 128 41 brief
1380 842 314 49 biographies
1733 843 165 39 issued
1938 843 62 47 by
2036 843 83 41 the
2157 842 240 50 Hispanic

373 901 184 47 society
591 901 54 39 of
677 899 242 42 America.
986 900 286 50 [Catalogue
1306 899 195 50 series])

372 968 53 53 ©
464 973 111 39 Dec.
616 972 40 48 1,
695 971 117 41 1936;
880 971 67 40 2c.
988 974 111 37 Dec.
1141 971 25 40 5;
1237 971 80 40 aff.
1361 973 111 40 Dec.
1511 972 28 38 4;
1608 973 42 38 A
1687 971 174 40 101111:
1932 971 241 49 Hispanic
2213 982 93 31 soc.
2344 972 54 40 of

444 1028 242 51 America,
713 1031 120 38 New
857 1030 146 40 York.

371 1134 269 64 Hudson,
669 1133 259 56 William
957 1135 227 64 Henry,
1215 1139 331 50 1841-1922.

441 1209 190 56 Green
655 1209 294 55 mansions;
1010 1228 32 36 a
1072 1228 265 36 romance
1366 1209 64 55 of
1459 1210 96 54 the
1585 1209 248 70 tropical
1863 1209 200 71 forest,
2090 1210 78 71 by
2193 1210 94 56 W.
2316 1208 80 55 H.

366 1289 279 68 Hudson;
680 1289 331 54 illustrated
1042 1289 80 71 by
1150 1289 225 70 Miguel
1409 1288 405 56 Covarrubias.
1884 1289 143 54 New
2058 1288 184 71 York,
2273 1289 126 53 The

369 1367 1494 71 Heritage press; London, The Nonesuch press [c1936]
440 1441 88 41 346
552 1452 58 39 p.,
640 1443 26 39 1
714 1474 9 9 l.
780 1442 145 49 illus.,
953 1442 85 41 col.
1066 1442 175 49 plates.
1295 1441 59 41 24½cm.

441 1498 291 42 Illustrated
762 1502 97 46 t.-p.
891 1501 96 40 and
1017 1499 353 49 lining-papers
1401 1499 51 41 in
1481 1499 171 42 colors.

374 1567 53 54 ©
462 1572 103 41 Oct.
600 1571 71 48 26,
709 1571 116 42 1936;
889 1571 68 43 2c.
994 1572 103 42 Oct.
1133 1570 57 42 30;
1256 1572 82 40 aff.
1375 1572 119 41 Nov.
1532 1571 56 41 19;
1653 1572 41 40 A
1730 1571 174 41 100602:
1972 1571 239 49 Heritage
2245 1582 152 39 press.

446 1630 91 46 Inc.
603 1630 284 50 [Copyright
923 1630 42 40 is
1001 1630 208 39 claimed
1246 1641 58 28 on
1342 1629 348 51 illustrations]
1768 1629 285 52 (36-32642)

372 1734 300 65 Huggins,
699 1734 343 54 Alexander
1067 1735 187 64 Boyd,

446 1812 184 55 Uncle
666 1810 140 57 Sam
836 1812 273 53 unmasks
1142 1812 97 53 the
1272 1811 254 68 masked,
1558 1812 77 69 by
1668 1811 334 54 Alexander
2033 1812 168 70 Boyd

373 1812 2005 148 Huggins.
598 1890 409 70 Washington,
1050 1891 72 53 D.
1168 1890 82 57 C.,
1295 1890 395 56 Constitution
1733 1892 339 53 advocators
2116 1889 286 71 publicity

372 1970 251 68 service [c1936]
446 2043 932 50 6 p. l., 197 p. 1 col. illus. 23½cm.
448 2101 73 41 On
548 2111 143 31 cover:
749 2101 74 41 De
849 2101 116 40 luxe
990 2100 201 42 edition.

728 2157 1672 49 CONTENTS. — Political perils from abroad. — The domestic economic
376 2215 390 49 tragedy.—The
791 2213 223 51 political
1039 2214 386 49 fantasy.—The
1454 2213 335 42 Constitution
1821 2214 303 41 revitalized.

376 2269 53 53 ©
463 2274 116 46 July
612 2275 38 46 1,
687 2272 117 41 1936;
866 2272 68 41 2c.
969 2273 96 39 and
1099 2272 81 40 aff.
1215 2272 117 47 July
1364 2271 27 39 2;
1454 2273 41 39 A
1528 2271 146 41 96281:
1738 2273 54 40 A.
1829 2274 53 39 B.
1917 2271 240 51 Huggins,
449 2273 1935 106 Rutherford,
600 2332 55 38 N.
682 2331 43 40 J.
789 2329 286 51 (36-32615)

376 2436 157 65 Hull,
561 2435 261 56 William
850 2437 187 63 Isaac,
1068 2441 173 51 1868-

446 2512 185 70 Eight
655 2512 130 54 first
808 2511 372 70 biographies
1208 2510 65 55 of
1299 2511 265 55 William
1590 2512 181 69 Penn,
1801 2511 60 53 in
1889 2530 169 36 seven
2087 2512 313 70 languages

374 2589 2027 71 and seven lands, by William I. Hull … [Swarthmore, Pa.,
376 2668 392 56 Swarthmore
803 2669 232 69 college]
1076 2671 154 53 1936.

446 2741 1649 51 xviii p., 1 l., 136 p. front., illus., plates, ports., facsims. 24cm.
373 2741 2011 100 (Swarthmore
532 2800 181 48 college
739 2801 328 47 monographs
1094 2810 61 30 on
1181 2798 198 48 Quaker
1406 2799 205 49 history,
1640 2810 75 30 no.
1740 2798 52 51 3)

447 2856 228 43 Includes
703 2857 270 41 facsimiles
1004 2857 54 41 of
1083 2856 212 50 original
1324 2856 293 50 title-pages.

380 2913 53 53 ©
468 2918 102 40 Oct.
605 2918 70 48 14,
710 2916 143 48 1936;
889 2917 67 39 2c.
994 2917 94 39 and
1125 2917 81 40 aff.
1240 2918 119 40 Nov.
1396 2916 82 48 14;
1518 2918 40 38 A
1593 2916 202 48 100465;
1833 2918 71 40 W.
1941 2919 38 40 I.
2015 2917 133 50 Hull,
454 2916 1931 109 Swarthmore,
629 2976 84 40 Pa.
785 2973 285 51 (36-32635)

379 3080 287 66 Johnson,
689 3079 187 54 Merle
898 3080 86 53 De
1010 3079 175 65 Vore,
1213 3081 329 63 1874-1935,
1566 3080 84 53 ed.

447 3156 183 54 Merle
654 3155 310 56 Johnson’s
987 3155 311 54 American
1323 3155 126 54 first
1474 3154 275 70 editions;
1776 3155 429 70 bibliographic
2230 3154 171 55 check

377 3234 124 54 lists
524 3234 65 54 of
611 3235 97 53 the
731 3233 188 55 works
943 3233 66 55 of
1035 3237 100 51 199
1158 3233 312 54 American
1492 3234 252 53 authors.
1806 3234 73 54 3d
1905 3234 86 54 ed.
2051 3234 142 54 New
2218 3233 182 69 York,

377 3313 68 52 R.
476 3313 68 53 R.
573 3312 248 54 Bowker
847 3330 302 52 company,
1178 3315 153 51 1936.

450 3385 596 50 xiv p., 1 l., 507 p. 24½cm.
453 3442 1947 49 “Printed in … a limited edition by J. J. Little and Ives company,
379 3499 118 40 New
522 3500 176 41 York.”

451 3557 240 41 “Revised
718 3559 97 39 and
842 3557 229 48 enlarged
1098 3557 63 47 by
1187 3557 152 42 Jacob
1367 3556 231 43 Blanck.”

385 3613 52 53 ©
468 3617 101 39 Oct.
600 3615 71 48 23,
702 3615 117 41 1936;
879 3616 68 40 2c.
979 3617 118 40 Nov.
1130 3616 54 38 14;
1244 3616 82 41 aff.
1360 3617 102 41 Oct.
1493 3615 48 40 31;
1610 3617 40 39 A
1682 3615 174 41 100438;
1920 3617 54 40 R.
2008 3617 54 39 R.
2096 3617 208 40 Bowker
2335 3626 66 31 co.

465 3672 285 52 (36-32634)

383 3775 177 66 King,
590 3776 220 66 Frank,
843 3782 172 50 1892-

456 3853 182 53 Enter
673 3853 98 53 the
808 3853 318 65 dormouse,
1162 3853 77 67 by
1275 3853 200 53 Frank
1512 3852 179 69 King.
1765 3853 261 66 London,
2061 3853 70 53 R.
2167 3851 153 55 Hale
2358 3853 46 51 &

384 3949 319 49 company [1936]
455 4003 780 51 2 p. l., ix-x, 11-284 p. 19cm.
387 4056 2015 53 © 1c. Nov. 25, 1936: A ad int. 22067: pubd. Sept. 28: F. King, Halifax.
458 4117 789 41 Yorks. Engl and. ( 36-34401)
