2519 4377
1309 4081 106 56 730

421 491 67 40 At
516 490 125 40 head
674 490 52 39 of
758 489 136 41 title:
927 490 321 49 Department
1280 490 52 40 of
1363 489 194 42 clinical
1590 492 239 47 research,
1866 490 284 51 University
2184 494 181 49 college

350 547 228 49 hospital,
609 546 215 42 London.

353 612 2010 56 © 1c. June 3, 1936; A ad int. 21488; pubd. May 15; T. Lewis, London.
433 673 283 50 (36-12517)

352 778 242 64 Lorenz,
622 777 201 65 Adolf,
855 783 171 50 1854-

423 855 103 66 My
563 854 108 55 life
709 856 113 54 and
859 856 184 66 work;
1083 856 96 52 the
1217 856 194 53 search
1450 856 93 53 for
1581 875 31 34 a
1649 856 240 69 missing
1925 857 182 70 glove,
2145 859 75 68 by
2258 861 103 53 Dr.

352 933 2009 74 Adolf Lorenz … New York, C. Scribner’s sons; London, C.
356 1013 313 56 Scribner’s
695 1031 146 48 sons,
865 1013 124 67 ltd.,
1019 1017 149 50 1936.

424 1087 51 39 xi
502 1098 58 37 p.,
587 1087 25 39 1
676 1118 9 18 l.,
711 1086 87 41 362
824 1097 44 39 p.
923 1086 164 49 front.,
1116 1087 173 48 plates,
1317 1089 149 46 ports.
1522 1086 56 42 23
1581 1089 46 22 cm
1629 1118 10 9 .

353 1153 53 54 ©
433 1158 114 48 Apr.
578 1159 69 48 17,
677 1156 118 42 1936;
848 1156 68 42 2c.
946 1157 130 41 June
1100 1156 83 49 20;
1214 1156 83 42 aff.
1327 1157 130 40 June
1482 1157 82 48 18;
1593 1156 44 41 A
1660 1157 172 50 96084;
1865 1159 204 41 Charles
2101 1159 266 44 Scribner’s

427 1225 126 31 sons.

354 1319 242 66 Lorenz,
621 1319 187 53 Ernst
834 1317 196 65 Georg
1055 1316 200 65 Erich,
1283 1323 172 50 1890-

354 1393 1984 149 … Alexander der Grosse; bildnis eines fuhrers und menschen. Berlin, R. Hobbing gmbh [ c 1935]
424 1548 100 48 233,
558 1548 56 50 [1]
649 1558 44 39 p.
753 1548 172 48 plates,
957 1548 118 40 fold.
1109 1557 125 39 map.
1294 1547 55 41 23½c
1398 1549 29 21 m
1429 1578 10 10 .

425 1606 65 42 At
515 1605 125 43 head
670 1604 53 43 of
750 1604 136 43 title:
918 1605 51 41 E.
1002 1604 52 43 G.
1082 1604 148 42 Erich
1259 1604 196 42 Lorenz.

354 1673 2014 53 © Nov. 30, 1935; 1c. Apr. 27, 1936; A-Foreign 31546; Reimar Hobbing,
429 1746 40 37 g.
500 1746 60 29 m.
589 1734 41 42 b.
661 1735 45 40 h.
775 1733 283 49 (36-11471)

356 1837 350 65 Louis-Mill,
730 1837 207 56 Henri.

486 1912 1356 70 … Presages, roman. Paris, B. Grasset [1935]
425 1988 686 50 4 p. l., 264 p., 1 l. 18½ cm .
354 2064 2014 53 © Dec. 15, 1935; 1c. Apr. 18, 1936; A-Foreign 31412; Editions Bernard
428 2124 214 40 Grasset.
718 2122 282 50 (36-11501)

356 2227 339 56 Louisiana.
768 2228 281 66 Supreme
1082 2233 175 47 court.

426 2307 312 53 Louisiana
781 2309 238 65 reports,
1118 2323 51 36 v.
1218 2309 116 50 183.
1382 2304 171 55 Cases
1598 2304 213 69 argued
1858 2307 112 53 and
2015 2307 349 54 determined

354 2387 62 52 in
452 2387 94 52 the
582 2385 277 67 Supreme
892 2388 162 49 court
1088 2385 63 52 of
1186 2382 309 55 Louisiana
1528 2383 204 68 sitting
1767 2392 57 47 at
1858 2386 139 52 New
2033 2385 242 55 Orleans
2308 2391 60 47 at

357 2471 145 46 term
544 2463 316 68 beginning
901 2462 125 54 first
1069 2462 257 68 Monday
1368 2461 63 55 of
1476 2462 263 68 October,
1785 2466 136 49 1934
1962 2463 114 53 and
2122 2468 61 49 at
2222 2469 146 48 term

357 2539 2010 72 beginning first Monday of October, 1935 … Edited under the
358 2621 279 54 direction
672 2620 63 53 of
767 2620 97 52 the
898 2625 176 48 court.
1153 2618 84 55 St.
1273 2619 166 67 Paul,
1472 2618 204 68 Minn.,
1706 2621 161 54 West
1899 2617 338 72 publishing
2270 2638 98 51 co.,

361 2704 150 50 1936.

426 2774 132 45 xxvi,
587 2771 119 42 1198
729 2771 162 40 numb.
920 2771 87 40 col.
1063 2770 148 41 22½cm.

359 2840 53 54 ©
437 2845 113 47 May
580 2842 68 48 18,
679 2841 140 48 1930;
850 2840 67 42 2c.
947 2841 95 40 and
1072 2840 82 42 aff.
1184 2840 131 40 June
1341 2840 82 48 15;
1457 2840 40 40 A
1525 2838 171 50 94991;
1730 2841 134 41 West
1892 2841 111 49 pub.
2032 2851 68 32 co.

358 2950 213 64 Lussu,
599 2946 233 64 Emilio,
860 2952 170 50 1890-

432 3026 181 52 Enter
653 3023 335 69 Mussolini;
1033 3022 389 54 observations
1464 3024 112 53 and
1620 3023 340 56 adventures
2004 3022 67 55 of
2110 3042 70 35 an

363 3022 1979 150 antifascist,
627 3104 78 68 by
754 3102 215 54 Emilio
1018 3104 200 51 Lussu.
1293 3102 342 52 Translated
1687 3100 151 55 from
1885 3103 95 52 the
2029 3102 215 54 Italian
2294 3102 74 68 by

360 3183 231 53 Marion
617 3182 266 67 Rawson,
913 3181 140 53 with
1085 3199 31 34 a
1146 3179 232 69 preface
1407 3180 76 69 by
1511 3180 305 55 Wickham
1848 3180 187 56 Steed.
2110 3182 259 67 London,

360 3263 273 53 Methuen
665 3265 46 50 &
739 3277 79 38 co.
846 3260 105 55 ltd.
1010 3263 151 65 [1936]

432 3332 704 51 xiii, 237, [1] p., 1 l. 19 cm .
436 3391 147 40 “This
614 3390 125 40 book
772 3400 103 30 was
907 3389 107 40 first
1045 3388 256 50 published
1335 3389 48 40 in
1418 3388 184 41 Italian
1636 3390 154 39 under
1826 3389 81 40 the
1940 3388 109 41 title
2083 3388 53 41 of
2168 3388 199 42 ‘Marcia

363 3459 56 31 su
449 3449 153 40 Roma
630 3458 25 30 e
682 3447 246 41 dintorni’.
988 3446 120 40 This
1136 3445 295 43 translation
1459 3446 108 41 first
1599 3446 253 50 published
1883 3446 49 41 in
1962 3445 159 42 1936.”

361 3516 2008 55 © 1c. May 7, 1936; A ad int. 21458; pubd. Mar. 12; E. Lussu, London.
446 3576 282 51 (36-12521)

361 3681 189 64 Lynn,
576 3681 153 64 Kay.

431 3755 164 53 Dark
628 3755 281 69 shadows,
942 3755 75 70 by
1052 3754 136 70 Kay
1222 3754 186 69 Lynn.
1481 3753 261 68 London,
1779 3752 365 54 Hutchinson
2186 3752 42 50 &
2267 3768 64 36 co.,

363 3835 100 55 ltd.
497 3837 174 65 [1935]

429 3907 26 41 3
483 3918 41 37 p.
589 3940 9 16 l.,
627 3905 174 42 11-303
830 3916 43 38 p.
934 3906 55 40 19
993 3908 15 21 cm
1042 3939 8 9 .

363 3960 2006 55 © 1c. Nov. 1, 1935; A ad int. 20695; pubd. Sept. 5; Kay Barber, London.
443 4022 283 48 (36-12549)
