2519 4377
1325 4182 136 51 1136

463 554 26 40 3
528 564 43 28 v.
632 553 57 40 25
693 556 43 20 cm
743 586 8 7 .

465 611 158 39 These
649 610 281 48 pamphlets
963 620 84 30 are
1077 613 50 38 to
1154 610 57 39 be
1244 609 140 41 fitted
1415 609 104 39 into
1551 610 84 39 the
1665 610 199 48 pockets
1897 611 51 38 at
1984 609 81 41 the
2095 610 125 40 back
2251 610 53 41 of
2332 611 84 41 the

393 668 219 40 volumes
642 668 53 39 of
725 667 82 40 the
837 669 73 39 set
940 669 49 38 to
1020 667 159 39 which
1210 667 117 47 they
1357 667 186 48 belong.

394 733 53 54 ©
470 738 116 47 July
610 738 69 45 31,
705 737 114 41 1936;
873 738 68 39 2c.
966 736 119 41 each
1110 737 97 39 and
1232 736 81 40 aff.
1339 737 119 48 Aug.
1487 737 55 40 17;
1596 737 41 40 A
1660 736 145 41 96961;
1860 738 196 40 Vernon
2081 738 95 39 law
2199 738 125 41 book
2347 748 67 30 co.

391 857 227 65 Tolten,
644 859 188 62 Hans,
862 862 173 50 1888-

472 981 55 9 ...
590 935 376 69 Enchanting
1021 934 349 70 wilderness,
1427 934 344 56 adventures
1823 935 64 55 in
1942 933 236 58 darkest
2234 934 186 59 South

394 1015 269 54 America;
722 1015 319 54 translated
1067 1014 155 55 from
1247 1016 99 53 the
1372 1015 257 57 German
1651 1014 80 70 by
1755 1012 176 57 Ferdi
1957 1014 234 56 Loesch.
2251 1015 169 58 With

391 1097 66 49 23
490 1093 386 54 illustrations
912 1093 113 52 and
1058 1113 29 33 a
1121 1112 151 49 map.
1342 1094 259 66 London,
1638 1094 230 67 Selwyn
1901 1097 46 50 &
1980 1094 217 52 Blount
2237 1098 171 64 [1936]

464 1166 1608 49 285 p. incl. front. (port.) illus. (map) plates, port. 22 cm .
463 1225 102 39 The
593 1223 221 41 author’s
841 1224 299 39 adventures
1169 1223 51 40 in
1248 1223 82 40 the
1359 1222 268 49 Argentine
1656 1223 218 49 republic
1903 1224 97 40 and
2030 1225 274 46 Paraguay.

393 1290 2004 110 © 1c. July 28, 1936; A ad int. 21705; pubd. June 4; H. Tolten, b/Potsdam, Germany. (36-18579)
395 1456 301 67 [Truman,
724 1457 240 53 Marcus
991 1455 249 67 George]
1275 1460 174 51 1890-

462 1536 222 65 Escape
732 1534 155 53 from
935 1534 332 67 Dartmoor,
1314 1533 77 68 by
1437 1532 174 54 Mark
1658 1532 242 55 Beckett
1972 1531 213 68 [pseud.]
389 1534 2000 147 London,
549 1613 193 54 Eldon
768 1630 175 50 press,
967 1612 227 54 limited
1224 1615 174 65 [1936]

461 1687 101 48 287,
595 1687 54 50 [1]
680 1697 45 38 p.
782 1685 56 41 19
841 1688 45 21 cm
891 1718 9 9 .

392 1753 2022 54 © 1c. Aug. 15, 1936; A ad int. 21748; pubd. June 19; M. G. Truman,
462 1815 182 48 Battle,
681 1815 194 47 Sussex,
909 1813 239 48 England.
1221 1812 282 49 (36-18752)

389 1920 267 64 Watson,
683 1919 204 53 James
915 1917 111 65 Eli,
1055 1922 172 50 1864-

460 1997 84 53 As
590 1999 32 51 I
668 1997 165 53 knew
878 1997 185 65 them;
1110 1993 268 55 memoirs
1424 1995 62 52 of
1532 1997 196 54 James
1776 1997 67 51 E.
1888 1997 260 65 Watson,
2196 1997 216 52 former

389 2076 221 54 United
658 2076 190 55 States
891 2079 229 48 senator
1166 2074 154 52 from
1366 2072 250 54 Indiana
1666 2117 55 8 ...
1806 2073 422 69 Indianapolis,
2273 2076 139 51 New

390 2152 1387 68 York, The Bobbs-Merrill company [ c 1936]
461 2224 1077 52 330 p. incl. front. plates, ports. 24 cm .
390 2281 53 54 ©
474 2286 128 47 Sept.
629 2285 42 45 4,
701 2283 140 46 1936;
872 2283 66 40 2c.
969 2283 97 40 and
1095 2283 82 40 aff.
1209 2283 127 48 Sept.
1369 2284 82 45 14;
1482 2284 40 38 A
1549 2283 172 47 97788;
1753 2283 374 40 Bobbs-Merrill
2156 2294 66 30 co.

386 2403 153 65 Will,
569 2403 190 66 Josef,
792 2408 174 50 1901-

463 2481 266 56 Catholic
762 2480 190 54 action
984 2478 324 70 handbook,
1342 2480 76 68 by
1449 2480 219 68 Joseph
1698 2479 143 55 Will
1879 2522 55 9 ...
1973 2479 111 53 and
2119 2479 204 55 Kilian
2356 2482 54 53 J.

391 2557 1647 70 Hennrich ... New York, J. F. Wagner, inc. [ c 1936]
462 2632 569 50 2 p. l., 123 p. 18½ cm .
463 2689 333 45 Translation,
823 2689 62 48 by
912 2690 60 39 K.
999 2690 45 40 J.
1071 2688 266 47 Hennrich,
1366 2688 122 41 with
1515 2699 130 30 some
1672 2687 259 42 omissions
1959 2690 98 40 and
2083 2691 82 39 the
2189 2691 221 42 addition

391 2747 53 41 of
478 2757 130 30 some
644 2746 231 40 material
911 2757 60 30 on
1006 2747 82 40 the
1122 2746 261 40 American
1417 2745 232 46 problem,
1682 2746 54 40 of
1769 2746 142 40 Josef
1941 2746 158 42 Will’s
2135 2748 275 41 Handbuch

391 2804 86 40 der
504 2803 358 41 Katholischen
888 2803 184 48 aktion,
1100 2802 111 41 first
1240 2801 259 49 published
1526 2802 50 40 in
1602 2801 130 43 1934.

466 2858 1943 52 “Papal documents”; p. 9-12; “Annotated bibliography”; p. 1 21-123.
390 2913 53 54 ©
471 2919 128 39 June
626 2919 40 47 5,
696 2917 142 48 1936;
868 2917 68 40 2c.
968 2917 116 47 July
1109 2917 56 40 20;
1226 2917 82 40 aff.
1339 2918 128 39 June
1493 2917 83 47 27;
1609 2918 40 39 A
1680 2917 172 48 96567;
1886 2919 185 48 Joseph
2101 2920 51 40 F.
2183 2921 226 47 Wagner,

462 2974 90 40 inc.
625 2975 283 48 (36-17609)

386 3077 150 63 Will,
564 3077 227 54 Roland
819 3077 182 66 Gage,
1030 3079 172 54 1897-

457 3156 122 52 The
613 3156 339 66 university,
985 3155 231 67 college,
1250 3157 112 52 and
1396 3156 222 53 normal
1653 3156 193 54 school
1880 3158 259 53 students
2172 3158 59 52 in
386 3159 1994 141 Oregon
530 3235 93 66 [by]

673 3234 228 52 Roland
927 3234 68 54 G.
1023 3234 143 53 Will
1200 3276 55 10 ...
1324 3234 329 58 Columbus,
1680 3235 122 52 The
1829 3234 153 55 Ohio
2007 3241 147 48 state
385 3236 1996 142 university,
545 3314 151 50 1936.

387 3383 1999 107 5 p. l., 152 p. diagrs. 23 cm . (On cover; [Ohio state university, Columbus] Contributions in education, no. I)
462 3498 122 40 Ohio
615 3500 130 39 state
774 3497 276 49 university
1080 3498 201 41 studies.

461 3556 281 40 “Graduate
775 3556 163 40 school
971 3554 194 41 series.”

389 3608 53 54 ©
473 3613 110 40 Feb.
614 3613 71 46 25,
715 3613 114 40 1936;
887 3613 67 39 2c.
986 3612 96 40 and
1113 3612 82 41 aff.
1226 3614 115 46 May
1371 3614 56 39 27;
1486 3614 40 39 A
1557 3612 144 42 95420;
1764 3613 122 41 Ohio
1918 3615 130 39 state
2078 3614 130 42 univ.

469 3669 283 48 (36-27900)

385 3771 261 67 Wilmot,
673 3772 221 56 Eileen.

459 3847 247 71 Charity
764 3849 172 68 Hope;
1025 3850 101 53 her
1186 3850 164 67 book,
1411 3850 77 68 by
1547 3850 201 54 Eileen
1807 3851 258 55 Wilmot.
2141 3853 257 62 London,

386 3929 210 53 Travel
626 3932 110 51 and
769 3933 189 63 sports
985 3947 175 49 press,
1188 3928 223 56 limited
1446 3934 171 64 [1935]

461 4000 84 41 261
578 4012 43 37 p.
712 4001 27 41 19
742 4003 44 22 cm
791 4034 8 8 .

387 4054 2015 54 © 1c. Nov. 29, 1935; A ad int. 21071; pubd. Nov. 7; Travel and sports
455 4126 152 34 press,
638 4116 85 40 ltd.
796 4116 282 44 (36-18552)
