2519 4377
1109 4142 100 55 875

150 469 261 65 Mondor,
439 469 203 63 Henri,
674 474 169 50 1885-

281 544 1697 67 … Les avortements mortels. Paris, Masson et ci e , 1936.
220 617 1195 52 445 p., 1 l. illus., III col. pi., diagrs. 25½ cm .
217 677 63 40 At
311 676 125 41 head
467 676 53 40 of
550 676 106 41 title:
718 676 59 39 H.
812 676 216 40 Mondor.

217 732 412 48 Bibliographical
656 732 277 41 foot-notes.

152 799 1873 52 © Feb. 22, 1936; 1c. Apr. 18; A-Foreign 31448; Masson et cie.
231 859 278 48 (36-14455)

150 960 313 66 Monfreid,
489 961 186 54 Henri
701 962 87 56 de.

283 1038 1751 69 … Les guerriers de l’Ogaden. Paris, Gallimard [1936]
223 1109 1548 51 2 p. l., [7]-344 p., 1 l. front, (fold, map) plates. 19 cm .
223 1168 64 41 At
313 1169 124 40 head
465 1167 52 41 of
545 1167 135 42 title:
711 1168 168 49 Henry
906 1170 58 39 de
991 1168 259 42 Monfreid.

153 1234 1994 53 © Mar. 1, 1936; 1c. Apr. 18; A-Foreign 31397; Librairie Gallimard.
232 1295 279 50 (36-14407)

150 1398 410 66 Nachtsheim,
587 1399 186 63 Hans,
804 1404 169 49 1890-

221 1475 148 54 Yom
398 1473 249 54 wildtier
677 1494 127 32 zum
832 1474 272 69 haustier,
1135 1493 109 35 von
1276 1475 290 68 professor
1598 1475 82 52 dr.
1713 1475 166 52 Hans

152 1474 1976 148 Nachtsheim … Mit 50 abbildungen. Berlin, A. Metzner [c1936]
223 1628 882 49 viii, 100 p. 16 pl. on 8 1. 22½ cm .
154 1694 1996 53 © Jan. 8, 1936; 1c. Apr. 30; A-Foreign 31612; Alfred Metzner verlag.
234 1753 278 50 (36-34460)

153 1859 280 52 National
456 1859 174 52 retail
655 1859 111 63 dry
791 1859 182 63 goods
996 1858 375 55 association.

222 1933 1922 70 Twenty-five years of retailing … 1911-1936 … [New York]
155 2011 1179 70 National retail dry goods association [c1936]
224 2084 85 40 276
335 2096 43 37 p.
435 2085 126 40 illus.
591 2084 132 49 (incl.
751 2087 163 48 ports.,
942 2085 139 48 plan)
1117 2085 153 47 diagr.
1328 2085 57 41 34½
1418 2086 44 22 cm
1466 2118 9 8 .

227 2141 235 49 “Dealing
497 2141 119 40 with
653 2143 82 39 the
769 2141 158 48 major
963 2141 358 48 developments
1359 2141 51 42 of
1447 2140 229 49 retailing
1710 2141 176 49 during
1922 2143 83 41 the
2040 2144 110 45 past

156 2198 1993 48 quarter of a century … published by the Bulletin of the National retail
155 2255 87 46 dry
269 2258 146 46 goods
441 2257 295 40 association
764 2258 152 39 under
943 2257 81 40 the
1052 2257 237 40 direction
1316 2255 53 41 of
1393 2257 128 40 John
1547 2255 192 41 Hahn.”

226 2312 223 42 Includes
486 2314 301 47 advertising
818 2315 191 39 matter.

158 2368 54 52 ©
241 2373 108 39 Jan.
380 2372 69 48 25,
481 2371 113 41 1936;
654 2372 68 39 2c.
755 2372 96 39 and
881 2371 82 39 aff.
996 2373 126 39 June
1148 2372 83 47 26;
1266 2373 41 39 A
1337 2370 170 48 96189;
1543 2372 130 41 Natl.
1706 2371 145 40 retail
1885 2372 90 47 dry
2007 2371 147 47 goods

227 2438 142 40 assn.,
397 2429 117 40 New
540 2429 145 40 York.
752 2428 279 49 (36-14437)

157 2533 303 64 Newman,
486 2534 285 63 Bernard,
799 2534 169 54 1897-

232 2607 247 55 German
518 2626 122 51 spy,
678 2609 75 67 by
792 2607 260 53 Bernard
1092 2608 287 52 Newman.
1455 2607 257 68 London,
1753 2607 67 55 V.
1863 2605 290 70 Gollancz,

160 2686 121 67 ltd.,
312 2688 148 51 1936.

228 2755 86 42 320
348 2767 43 37 p.
453 2756 127 41 illus.
642 2756 56 40 19
700 2758 45 22 cm
750 2788 8 9 .

231 2813 234 48 Purports
503 2815 48 38 to
587 2813 57 40 be
682 2814 83 39 the
801 2814 367 39 reminiscences
1205 2813 51 40 of
1294 2824 26 29 a
1362 2814 209 40 German
1608 2823 101 39 spy,
1750 2813 203 49 Ludwig
1990 2814 161 47 Grein,

161 2870 160 40 edited
351 2870 95 40 and
475 2869 49 41 in
554 2872 112 46 part
694 2870 252 41 rewritten
974 2870 60 48 by
1063 2870 247 41 Newman.

162 2926 1973 98 “Fact, fiction, or a mixture … I have asked the publishers to produce this work as a novel.”—Introd.
162 3038 1993 53 © 1c. May 16, 1936; A ad int. 21424; pubd. Mar. 30; B. Newman,
231 3098 531 48 Harrow-on-the-Hill,
794 3099 235 47 England.
1097 3098 280 49 (36-15164)

161 3202 346 64 Parkinson,
538 3203 128 62 Roy
693 3203 259 62 Harvey,
983 3207 170 49 1890-

232 3277 138 68 Eye,
413 3295 111 51 ear,
564 3295 132 34 nose
739 3277 111 52 and
890 3277 193 53 throat
1122 3277 233 52 manual
1399 3276 94 53 for
1532 3294 213 50 nurses,
1785 3277 77 69 by
1906 3278 127 68 Roy
2075 3277 77 52 H.

161 3353 1993 70 Parkinson … 3d ed. St. Louis, The C. Y. Mosby company,
165 3434 147 52 1936.

230 3502 750 52 232 p. illus., col. pl. 20 cm .
165 3560 53 53 ©
243 3565 114 47 Apr.
384 3565 69 47 29,
482 3564 113 40 1936;
653 3563 66 40 2c.
751 3564 94 39 and
875 3563 80 41 aff.
986 3565 113 45 May
1127 3563 53 47 2;
1211 3564 43 38 A
1278 3562 171 49 94245;
1520 3596 8 8 C.
1603 3593 8 10 V.
1643 3562 168 48 Mosby
1840 3572 67 32 co.

245 3621 277 49 (36-14448)

165 3723 312 61 Partners;
521 3744 32 33 a
594 3723 221 66 history
856 3722 63 53 of
961 3723 94 53 the
1096 3722 395 67 development
1530 3719 66 54 of
1633 3721 97 53 the
1767 3719 390 69 Wyomissing

237 3795 1913 71 industries. Reading, Pa., The Wyomissing industries [ c 1936]
239 3867 26 40 5
296 3879 43 37 p.
374 3869 44 47 h,
453 3868 185 46 13-179,
679 3870 54 48 [1]
769 3879 43 37 p.
873 3868 127 41 illus.
1029 3867 133 49 (incl.
1197 3871 162 46 ports.,
1395 3870 152 47 plans,
1583 3867 241 49 facsims.)
1891 3868 57 40 28½
1981 3870 44 22 cm
2029 3898 9 9 .

239 3925 285 40 Illustrated
559 3925 362 47 lining-papers.

239 3980 293 48 “Copyright
590 3981 128 49 1936,
758 3981 191 41 Textile
987 3981 222 40 machine
1248 3981 172 49 works,
1462 3981 204 40 Narrow
1707 3980 158 41 fabric
1907 3990 247 40 company,

168 4036 263 40 Berkshire
464 4036 215 49 knitting
711 4037 171 40 mills.”
