2519 4377
1009 4113 131 50 1153

85 482 241 64 Adams,
354 483 241 63 Agatha
621 482 184 63 Boyd.

216 557 1861 68 … Adventures in reading, ninth series. [By] Agatha Boyd
84 636 232 52 Adams.
391 636 218 66 Chapel
644 636 146 67 Hill,
826 638 68 51 N.
934 637 80 64 C.,
1051 636 120 53 The
1207 634 333 68 University
1578 634 62 54 of
1677 635 186 52 North
83 635 1969 131 Carolina
228 731 155 49 press
415 747 11 32 [
433 719 17 21 c
456 716 131 51 1936]

153 799 54 39 54
238 808 44 37 p.
342 798 54 39 23
401 801 45 20 cm
450 830 8 7 .
530 798 124 47 (The
691 797 279 48 University
1003 798 53 38 of
1087 798 155 39 North
1277 795 242 45 Carolina.
1582 796 206 48 Library
1825 796 253 42 extension

82 854 310 49 publication,
449 855 90 40 vol.
612 887 8 14 II,
648 865 75 31 no.
750 855 39 47 5,
819 855 138 47 June,
987 854 138 49 1936)

85 919 55 54 ©
171 924 116 48 July
319 924 69 49 31,
425 924 139 47 1936;
602 924 66 38 2c.
706 924 93 39 and
837 922 80 41 aff.
953 924 119 47 Aug.
1109 923 81 47 18;
1230 924 41 38 A
1304 922 144 42 97385;
1515 922 281 49 University
1834 922 51 40 of
1920 923 159 39 North

156 981 226 41 Carolina
406 990 150 39 press.

83 1084 427 64 Aero-graphic
534 1084 390 65 corporation.

84 1156 1967 149 Florida from the air, published by Aero-graphic corporation … through
607 1237 96 53 the
732 1241 258 63 courtesy
1019 1235 64 54 of
1112 1235 113 53 and
1255 1236 59 52 in
1343 1235 366 68 conjunction
1737 1233 142 54 with
85 1235 1967 132 Eastern
224 1313 86 53 air
349 1314 160 66 lines,
547 1313 279 54 Aviation

867 1311 247 55 division
1153 1312 64 53 of
1258 1311 236 56 Florida
1537 1317 144 48 state
1720 1312 142 53 road
1904 1312 172 69 dept.,

84 1389 1968 147 Florida state chamber of commerce … [and others] Louisville, Ky., c 1936.
152 1538 85 41 128
269 1549 30 37 p.
375 1539 127 39 illus.
531 1538 133 48 (incl.
698 1537 136 50 map)
902 1538 56 41 20½
1005 1550 32 29 x
1053 1539 56 41 27
1112 1541 44 22 cm
1160 1572 9 9 .

154 1607 287 51 “Compiled,
470 1610 160 40 edited
656 1609 95 40 and
780 1610 363 47 photographed
1170 1612 59 47 by
1256 1608 218 43 Welman
1501 1610 54 41 A.
1586 1610 361 48 Shrader.’’—p.
1975 1607 98 44 128.

83 1678 1993 53 © Aug. 10, 1936; 2c. Aug. 17; aff. Aug. 15; A 98016; Aero-graphic corp.,
153 1740 275 40 Louisville.
497 1740 279 48 (36-18580)

80 1843 188 64 Allen,
295 1844 202 53 James
522 1844 276 65 Stewart,
830 1849 170 49 1906-

152 1920 120 52 The
297 1919 190 68 Negro
513 1918 258 69 question
795 1919 60 53 in
881 1920 95 52 the
1000 1917 219 56 United
1247 1918 205 69 States,
1477 1919 75 68 by
1579 1917 194 54 James
1800 1918 56 56 S.
1885 1918 187 54 Allen.

83 1996 137 54 New
256 1997 176 64 York,
467 1996 419 53 International
920 1995 319 69 publishers
1281 2030 13 34 [
1299 2003 17 21 c
1321 1998 131 52 1936
1458 2030 12 34 ]

149 2067 87 39 224
269 2077 44 38 p.
371 2067 129 40 illus.
528 2066 186 49 (maps)
782 2067 55 40 21
841 2069 44 22 cm
889 2099 9 9 .

154 2137 293 41 “Reference
485 2137 164 41 notes”:
718 2149 43 37 p.
798 2137 217 42 204-208.

82 2206 53 55 ©
162 2212 113 47 May
301 2213 40 42 4,
369 2211 139 48 1936;
539 2212 65 39 2c.
634 2213 127 38 June
787 2212 81 47 11;
901 2212 81 40 aff.
1011 2213 119 47 Aug.
1157 2213 53 46 4;
1242 2213 40 38 A
1312 2211 169 48 97241;
1514 2213 257 41 Internatl.
1799 2212 276 50 publishers

150 2278 82 38 co.,
263 2268 89 40 inc.
423 2269 279 47 (36-18577)

79 2372 252 64 Altholz,
358 2372 341 55 Nathaniel.

151 2448 243 53 Modern
436 2448 395 69 bookkeeping
871 2448 265 70 practice,
1180 2449 365 68 second-year
1592 2467 209 51 course,
1841 2449 76 69 by
81 2450 1969 128 Nathaniel

327 2526 1748 70 Altholz … Chicago, New York, Lyons and Carnahan
87 2636 13 34 [
106 2610 18 22 c
128 2606 134 50 1936
267 2637 12 33 ]

152 2676 65 49 xi,
246 2677 83 40 511
357 2688 43 37 p.
428 2676 109 41 incl.
566 2677 194 49 diagrs.,
787 2677 168 41 forms.
1007 2678 57 40 22½cm.

155 2745 71 40 On
254 2755 166 31 cover:
448 2746 117 39 New
592 2747 132 40 York
751 2749 128 38 state
906 2747 197 41 edition.

81 2810 53 53 ©
161 2816 112 45 May
298 2815 68 49 23,
394 2817 139 45 1936;
561 2816 67 39 2c.
660 2817 115 47 July
802 2818 80 45 18;
913 2817 81 41 aff.
1024 2818 115 46 July
1166 2819 81 46 15;
1276 2820 41 38 A
1344 2818 170 48 98085;
1545 2820 159 47 Lyons
1732 2822 35 39 &
1796 2822 276 40 Carnahan.

153 2872 279 50 [Copyright
463 2873 41 40 is
534 2873 206 40 claimed
767 2884 61 29 on
859 2883 105 30 new
996 2876 193 49 matter]
1263 2875 279 51 (36-18517)

79 2976 333 65 Benjamin,
438 2979 181 55 Nora.

151 3052 167 53 Hard
353 3053 145 53 alee!
577 3056 94 67 By
700 3056 156 52 Nora
889 3055 334 69 Benjamin;
1257 3056 324 55 illustrated
1616 3058 74 68 by
1720 3060 96 52 the
1849 3060 221 53 author.

80 3131 138 54 New
249 3132 178 67 York,
457 3133 263 54 Random
750 3136 188 65 house,
970 3139 150 50 1936.

151 3202 99 50 211,
296 3204 41 49 [8]
364 3214 43 37 p.
436 3205 109 42 inch
571 3204 164 50 front.,
765 3207 142 47 illus.,
936 3207 169 48 plates.
1166 3207 54 39 21
1224 3209 44 22 cm
1272 3239 10 10 .

152 3274 140 47 Maps
317 3284 60 30 on
404 3275 364 49 lining-papers.

83 3339 1989 60 © Aug. 21, 1936; 2c. and aff. Aug. 26; A 98132; Random house, inc.
162 3399 277 49 (36-18544)

80 3501 296 68 Boericke,
402 3505 253 54 William
684 3507 141 65 Fay,
854 3513 171 51 1884-

153 3580 376 70 Prospecting
550 3583 114 53 and
688 3584 301 69 operating
1014 3585 165 53 small
1204 3585 134 69 gold
1363 3585 235 69 placers,
1622 3586 75 69 by
1720 3587 261 53 William
2008 3590 64 52 F.

84 3657 1989 77 Boericke … 2d ed. New York, J. Wiley & sons, inc.; London,
85 3732 298 69 Chapman
411 3737 45 51 &
486 3737 159 67 Hall,
671 3737 241 64 limited,
942 3743 149 51 1936.

153 3807 64 47 xi,
248 3809 83 38 144
362 3820 42 36 p.
461 3809 141 46 illus.,
632 3811 179 48 diagrs.
870 3812 56 41 19
929 3814 44 22 cm
976 3844 10 9 .
1102 3811 131 49 $1.50

156 3863 71 39 On
255 3874 165 30 cover:
452 3865 264 49 Operating
742 3869 141 38 small
910 3870 109 46 gold
1048 3868 201 48 placers.

155 3919 372 50 Bibliography:
559 3933 41 37 p.
631 3923 216 41 134-136.

83 3982 51 52 ©
160 3988 116 48 Aug.
308 3990 68 46 14,
406 3989 138 47 1936;
575 3991 66 41 2c.
672 3992 95 39 and
797 3993 81 40 aff.
908 3994 119 47 Aug.
1057 3993 81 47 19;
1170 3996 40 38 A
1239 3995 170 47 98009;
1442 3998 70 39 W.
1545 3998 50 40 F.
1624 3999 247 49 Boericke,
151 4001 1902 90 Washington.
395 4046 278 47 (36-18514)
