2519 4377
0 0 0 0 643
93 453 169 63 Peck,
288 453 168 52 Anne
482 452 341 52 Merriman.

161 523 1859 71 France, crossroads of Europe, by Anne Merriman Peck …
92 602 1991 69 and Edmond A. Méras … New York, London, Harper &
91 682 274 69 brothers,
396 684 149 51 1936.

160 771 86 39 viii
274 781 57 37 p„
361 771 24 38 1
451 800 9 17 l.,
487 767 86 41 324
599 778 43 38 p.
703 768 127 40 illus.
891 767 115 41 19cm.

162 840 162 41 “First
349 839 226 42 edition.”

163 897 65 39 “A
254 898 83 40 list
358 897 53 40 of
432 898 120 47 good
575 896 149 40 books
748 896 146 40 about
917 894 214 41 France”
1149 905 9 30 :
1183 904 42 39 p.
1251 894 217 41 313-315.

95 981 1847 53 © May 1, 1936; 2c. May 1 ; aff. May 4: A 95003; Harper & bros.
177 1041 276 48 (36-10575)

91 1144 267 62 Perkins,
385 1143 218 53 Eunice
627 1144 158 62 May,
814 1143 170 54 1871-

163 1221 57 53 A
254 1221 139 54 keen
430 1220 131 53 look
598 1225 62 48 at
693 1219 98 53 the
823 1219 112 52 last
970 1218 146 53 book
1155 1218 62 53 of
1252 1219 97 52 the
1385 1216 182 69 Bible,
1604 1219 75 67 by
1719 1219 66 53 E.
1825 1219 258 54 Perkins.

96 1298 138 54 New
261 1298 162 53 York
454 1331 12 34 [
471 1302 120 62 etc.]
622 1297 266 67 Fleming
911 1296 77 53 H.
1018 1296 197 53 Revell
1244 1313 279 51 company
1597 1299 151 66 [c1936]

163 1385 87 40 128
278 1395 41 38 p.
380 1383 172 41 double
579 1383 151 48 diagr.
791 1381 58 42 19½c
894 1384 29 21 m
926 1413 9 9 .

94 1451 52 53 ©
180 1456 112 38 May
324 1454 39 47 9,
399 1454 113 40 1936
531 1465 8 30 ;
573 1453 67 40 2c.
676 1454 94 38 and
805 1452 80 41 aff.
922 1453 113 46 May
1069 1452 54 39 15
1142 1463 8 35 ;
1187 1452 39 38 A
1261 1451 169 47 95181;
1469 1452 221 48 Fleming
1721 1453 60 40 H.
1818 1453 165 40 Revell
2018 1464 67 31 co.

173 1509 278 51 (36-10697)

90 1616 193 61 Peter,
311 1615 227 54 Luther
566 1614 239 62 Crouse,
834 1619 169 49 1869-

163 1693 119 52 The
322 1692 380 52 extra-ocular
742 1691 263 66 muscles;
1051 1709 30 33 a
1124 1690 225 53 clinical
1389 1691 170 67 study
1602 1691 63 51 of
1706 1692 220 52 normal
1973 1694 107 52 and

93 1768 1987 148 abnormal ocular motility, by Luther C. Peter … 2d ed. thoroughly rev.; illustrated with 136 engravings and 5 colored
94 1928 195 64 plates.
365 1925 425 67 Philadelphia,
819 1927 114 50 Lea
963 1929 46 49 &
1038 1925 260 67 Febiger,
1329 1928 149 51 1936.

164 2012 84 41 351
277 2022 42 38 p.
379 2011 143 48 illus.,
552 2022 29 29 V
608 2011 86 40 col.
724 2021 76 38 pl.,
828 2011 179 47 diagrs.
1066 2010 56 40 24
1125 2013 44 21 cm
1172 2042 10 9 .

94 2081 52 53 ©
176 2085 112 47 May
317 2084 67 47 14,
414 2082 141 48 1936;
586 2082 66 42 2c.
685 2084 94 38 and
810 2082 81 40 aff.
922 2084 113 46 May
1066 2082 80 47 15;
1180 2083 40 38 A
1250 2081 169 49 95163;
1452 2083 95 39 Lea
1582 2083 36 40 &
1647 2083 216 48 Febiger.

174 2140 278 48 (36-10643)

92 2242 298 66 Pickman,
418 2242 229 65 Dudley
672 2242 257 64 Leavitt,
960 2247 169 50 1850-

164 2321 119 51 The
319 2319 206 68 golden
560 2336 102 51 age
697 2318 63 52 of
796 2318 306 68 European
1139 2318 306 67 porcelain,
1479 2318 74 68 by
1592 2318 227 68 Dudley
1857 2321 228 51 Leavitt

95 2397 289 53 Pickman.
460 2396 234 67 Boston,
724 2396 190 66 Mass.,
949 2398 148 50 1936.

163 2479 1228 50 3 p. l. , 5-191, [3] p. illus., col. plates. 21 cm .
164 2552 168 38 Issued
361 2551 49 38 in
440 2561 122 30 case.

165 2608 137 46 Maps
334 2617 60 29 on
424 2606 361 49 lining-papers.

165 2664 151 40 Cover
344 2664 95 39 and
469 2665 97 46 t.-p.
596 2664 123 39 have
747 2665 189 39 colored
966 2663 340 41 illustrations.

163 2720 102 39 The
300 2722 97 46 t.-p.
435 2721 95 38 and
566 2720 119 40 each
723 2720 52 39 of
811 2720 81 40 the
929 2720 155 47 plates
1120 2721 339 47 accompanied
1499 2722 61 47 by
1597 2724 154 46 guard
1790 2723 134 39 sheet
1964 2722 116 41 with

93 2776 289 48 descriptive
413 2776 297 47 letterpress.

165 2833 286 39 Illustrated
479 2833 60 46 by
571 2832 223 40 Suzanne
820 2833 53 39 E.
904 2832 262 47 Chapman,
1228 2833 61 48 cf.
1320 2842 136 30 verso
1486 2833 50 39 of
1564 2835 75 38 1st
1669 2834 184 48 prelim,
1884 2834 112 40 leaf.

94 2902 52 53 ©
176 2908 112 46 Apr.
317 2906 70 45 27,
419 2904 113 41 1936
550 2916 8 36 ;
590 2905 66 40 2c.
690 2906 95 38 and
816 2905 82 39 aff.
932 2906 112 46 May
1075 2905 23 38 1
1118 2915 8 35 ;
1161 2905 39 38 A
1231 2903 144 41 93938
1393 2915 8 36 ;
1436 2906 56 37 D.
1526 2906 48 39 L.
1609 2904 245 49 Pickman,
1888 2907 197 40 Boston.

177 2962 277 47 (36-10510)

92 3067 218 62 Poetry
335 3066 226 63 society
584 3066 62 52 of
676 3065 298 55 Colorado.

167 3140 242 55 Candles
445 3140 58 53 in
537 3141 96 54 the
666 3139 196 69 night;
900 3140 352 67 autographs
1286 3140 59 51 in
1381 3157 155 35 verse
1573 3141 73 66 by
1682 3158 102 34 one
1820 3141 261 52 hundred

97 3219 288 65 members,
416 3223 129 63 past
578 3217 112 53 and
722 3223 244 62 present,
996 3217 63 52 of
1091 3218 94 51 the
1217 3217 211 67 Poetry
1460 3217 210 68 society
1702 3217 63 52 of
1799 3217 283 54 Colorado

159 3292 1544 70 … Denver, Col., Printed by the Baltes co., 1936.
165 3378 85 40 110
279 3389 42 37 p.
382 3377 55 40 22½
469 3380 43 21 cm
518 3411 8 8 .

93 3446 52 53 ©
172 3452 112 46 Apr.
310 3451 68 47 21,
407 3450 138 46 1936;
575 3451 66 40 2c.
672 3452 94 38 and
795 3450 81 41 aff.
904 3451 112 48 Apr.
1044 3450 82 43 25;
1158 3452 39 38 A
1225 3449 169 44 95149;
1425 3452 174 47 Poetry
1631 3462 90 29 soc.
1752 3452 51 40 of
1831 3452 251 46 Colorado,

164 3508 202 40 Denver.
429 3507 279 49 (36-10501)

91 3609 261 65 Pruette,
380 3611 229 63 Lorine,
638 3615 132 49 1896
789 3645 19 5 -

224 3685 1853 69 … School for love. Garden City, N. Y., Doubleday, Doran
92 3765 46 49 &
166 3779 294 52 company,
485 3763 126 67 inc.,
642 3765 149 51 1936.

161 3834 528 50 4 p. l. , 277 p. 20 cm .
162 3892 160 41 “First
351 3892 226 41 edition.”

93 3957 51 52 ©
171 3963 111 45 May
307 3961 69 49 22,
403 3962 139 46 1936;
569 3962 67 40 2c.
666 3964 95 38 and
786 3962 82 41 aff.
897 3964 113 46 May
1037 3963 54 40 27
1109 3974 9 35 ;
1148 3964 39 38 A
1214 3962 169 48 95388;
1414 3963 296 47 Doubleday,
1740 3963 166 39 Doran
1932 3963 36 40 &
1997 3972 83 39 co.,

161 4017 89 40 inc.
312 4018 278 48 (36-10604)
