2519 4377
1377 4139 102 51 284

424 465 313 65 Cleghorn,
766 465 191 55 Sarah
985 463 304 63 Norcliffe,
1319 465 173 54 1876-

493 555 371 65 Threescore;
901 554 94 53 the
1029 551 462 70 autobiography
1523 551 65 53 of
1618 551 185 56 Sarah
1834 551 69 52 N.
1941 549 318 70 Cleghorn;
2295 551 138 52 with

423 653 72 34 an
528 633 391 53 introduction
952 632 74 67 by
1062 632 215 52 Robert
1308 632 188 52 Frost.
1565 631 138 52 New
1739 629 180 66 York,
1953 630 77 51 H.
2069 628 187 56 Smith
2291 632 45 49 &
2367 631 69 52 R.

422 712 180 66 Haas,
643 714 151 51 1936.

495 786 70 39 xii
589 797 59 37 p..
676 786 25 39 1
766 817 9 15 l.,
802 784 175 41 15-310
1003 795 44 38 p.
1101 783 164 43 front.,
1295 783 170 48 plates,
1489 784 149 47 ports.
1691 781 147 40 22½cm.

497 842 164 41 “First
688 840 261 51 printing.”

423 909 53 53 ©
510 882 126 70 May
667 912 69 42 23,
772 912 115 40 1936;
951 911 67 40 2c.
1051 912 95 38 and
1183 910 81 40 aff.
1302 911 121 39 Mar.
1458 910 55 38 25:
1579 911 41 37 A
1654 909 148 41 92480;
1865 908 244 41 Harrison
2148 908 156 42 Smith
2342 911 97 39 and

495 962 1637 55 Robert Haas, inc., ℅ Random house, New York. (36-7642)
425 1074 272 65 Cokeley,
723 1073 209 55 Harlin
959 1075 146 61 Rex,
1135 1078 170 50 1891-

420 1159 1991 148 A son of the mountains [by] H. R. Cokeley. Boston, Chapman & Grimes [ c 1935]
492 1315 84 40 231
605 1327 43 37 p.
710 1314 57 41 20½
801 1317 43 21 cm
849 1346 7 7 .

425 1385 53 53 ©
515 1390 111 39 Feb.
662 1389 70 45 25,
768 1387 141 47 1936;
947 1388 68 40 2c.
1052 1389 97 38 and
1186 1387 81 39 aff.
1305 1388 121 39 Mar.
1463 1387 83 47 23;
1585 1388 41 38 A
1661 1387 171 46 92464;
1874 1387 252 48 Chapman
2161 1388 37 40 &
2236 1387 202 41 Grimes.

504 1445 252 49 (36-7621)

427 1552 262 63 Cromer,
716 1549 273 65 Dorothy
1017 1548 161 55 Gird.

496 1644 120 51 Ten
641 1640 214 54 o’clock
880 1640 59 52 in
965 1639 249 68 kitchen,
1244 1638 122 55 Cal.
1400 1639 110 69 [by]
1541 1639 266 69 Dorothy
1834 1638 149 56 Gird
2012 1640 251 55 Cromer.
2328 1643 112 52 Los

425 1722 267 68 Angeles,
725 1719 195 68 Calif.,
947 1720 217 54 Wetzel
1190 1719 338 70 publishing
1557 1737 99 51 co.,
1683 1721 110 52 inc.
1826 1753 13 34 [
1843 1726 20 22 c
1867 1723 135 50 1935
2008 1754 13 34 ]

497 1797 54 40 71
585 1807 42 38 p.
718 1795 26 41 18½
777 1797 44 22 cm
826 1826 9 8 .

498 1854 187 40 Poems.

427 1919 53 53 ©
506 1923 103 40 Oct.
635 1922 72 47 29,
732 1921 118 41 1935;
904 1922 67 40 2c.
998 1922 113 39 Dec.
1140 1920 55 40 10;
1253 1921 82 40 aff.
1364 1922 122 39 Mar.
1515 1921 69 46 23,
1614 1920 117 41 1936;
1785 1922 42 38 A
1852 1920 147 42 92434;
2056 1923 56 39 D.
2145 1923 52 41 G.
2229 1922 210 48 Cromer,

493 1981 92 39 Los
618 1980 223 47 Angeles.
914 1978 253 49 (36-7646)

427 2084 373 63 Culbertson,
834 2083 131 63 Ely,
1002 2088 171 49 1891-

500 2174 388 56 Culbertson’s
916 2193 124 35 new
1070 2176 113 53 and
1213 2175 276 67 complete
1519 2192 290 50 summary
1839 2173 66 54 of
1933 2180 257 49 contract
2220 2175 218 69 bridge,

427 2252 2009 72 by Ely Culbertson … Philadelphia, Chicago, The John C.
425 2334 269 54 Winston
724 2351 298 50 company,
1056 2337 150 49 1936.

500 2408 58 41 80
589 2419 42 38 p.
724 2406 26 41 15
753 2409 44 21 cm
802 2439 9 9 .

500 2464 73 42 On
599 2474 143 31 cover:
796 2463 120 40 Bids
943 2464 97 40 and
1067 2471 269 40 responses,
1363 2463 135 40 leads
1526 2463 96 39 and
1649 2463 128 49 play.

503 2521 264 41 “Contract
797 2520 169 48 bridge
995 2519 221 48 scoring”
1245 2521 95 39 and
1372 2520 182 40 “Index
1584 2519 79 40 for
1692 2519 145 49 quick
1867 2520 277 41 reference”
2178 2532 59 30 on
2270 2522 168 46 lining-

429 2589 190 38 papers.

427 2647 53 52 ©
507 2652 122 38 Mar.
654 2650 41 47 2,
723 2649 117 41 1936;
890 2649 68 40 2c.
986 2650 123 39 Mar.
1136 2649 54 40 13;
1249 2648 80 41 aff.
1358 2649 122 39 Mar.
1508 2648 56 38 14;
1619 2649 42 38 A
1685 2648 149 41 93160;
1888 2649 130 40 John
2085 2680 7 8 C.
2121 2648 226 42 Winston
2372 2661 68 30 co.

501 2708 283 50 [Copyright
810 2707 41 40 is
877 2707 205 40 claimed
1109 2716 60 29 on
1197 2705 237 40 revisions
1462 2706 95 39 and
1584 2705 263 50 additions]
1914 2706 253 49 (36-7673)

426 2812 378 64 Dickerman,
832 2810 258 56 William
1120 2812 230 62 Carter,
1383 2812 172 55 1874-

497 2898 1877 72 Steam and the railroads, by William Carter Dickerman …
424 2980 96 54 An
552 2982 233 53 address
814 2980 288 54 delivered
1132 2981 76 69 by
1237 2980 308 53 invitation
1579 2985 57 48 at
1667 2980 95 53 the
1791 2980 369 70 bicentenary
2190 2981 247 69 banquet

428 3061 130 53 held
585 3066 60 47 at
673 3060 95 53 the
797 3058 602 56 Bellevue-Stratford
1426 3058 154 53 hotel
1606 3058 59 52 in
1695 3057 433 71 Philadelphia,
2155 3079 73 36 on

425 3060 1987 148 January
566 3142 85 64 21,
692 3141 153 65 1936,
882 3138 174 69 being
1092 3138 96 52 the
1227 3137 345 69 concluding
1609 3143 163 47 event
1814 3137 59 53 in
1914 3138 98 54 the
2048 3140 164 53 Watt
423 3138 1986 149 bicentenary
647 3217 60 53 in
730 3218 96 52 the
849 3216 219 55 United
1094 3215 205 56 States.
1365 3215 344 69 [Princeton,
1731 3216 123 53 The
1878 3217 310 54 Princeton
421 3218 1993 146 university
565 3315 176 51 press,
768 3302 17 22 c
791 3298 153 64 1936]

497 3369 56 41 22
585 3381 43 38 p.
690 3369 147 41 23½cm.

502 3428 164 40 “First
694 3427 245 48 printing:
971 3426 223 48 January
1224 3425 127 42 1936.
1415 3425 182 42 Second
1628 3425 245 49 printing:
1909 3427 225 48 January
2165 3427 158 42 1936.”

425 3494 54 55 ©
507 3500 110 40 Jan.
647 3500 71 47 27,
750 3499 113 41 1936;
923 3501 67 38 2c.
1018 3500 96 39 and
1145 3498 82 41 aff.
1260 3499 108 40 Feb.
1402 3499 54 40 13;
1517 3500 39 38 A
1586 3499 145 40 90746:
1792 3500 71 40 W.
1897 3500 49 42 C.
1980 3500 309 45 Dickerman,
2320 3502 117 39 New

495 3558 143 39 York.
711 3557 253 48 (36-7542)

424 3662 206 65 Douie,
661 3662 265 56 Charles.

499 3735 1936 72 Beyond the sunset, by Charles Douie … New York, E. P.
425 3817 225 54 Dutton
681 3819 47 50 &
756 3835 98 49 co.,
882 3816 109 54 inc.
1029 3850 13 35 [
1046 3823 20 23 c
1069 3819 154 66 1936]

494 3888 489 52 314 p., 1 l. 21 cm .
497 3947 164 42 “First
693 3946 228 42 edition.”

425 4012 53 53 ©
506 4018 122 39 Mar.
654 4015 70 48 19,
751 4016 118 42 1936;
921 4018 67 40 2c.
1017 4019 95 39 and
1139 4017 82 41 aff.
1251 4019 121 39 Mar.
1397 4017 82 41 20:
1510 4019 40 37 A
1577 4016 170 48 92396;
1780 4017 203 41 Charles
2012 4017 196 41 Oswald
2238 4018 195 40 Gaskell

494 4073 155 42 Douie
651 4105 12 21 ;
695 4074 212 42 London.
978 4075 252 46 (36-7516)
