2519 4377
1320 4090 100 53 750

383 405 189 54 South
613 407 239 52 eastern
891 412 256 62 reporter;
1216 426 150 36 cases
1404 408 215 68 argued
1659 409 112 53 and
1809 410 351 54 determined

2199 411 60 53 in
2297 411 98 54 the

453 489 189 47 courts
689 484 63 53 of
800 483 267 69 Georgia,
1115 486 185 53 North
1352 486 291 66 Carolina,
1694 488 181 54 South
1925 488 290 68 Carolina,

453 489 1915 140 Virginia,
669 564 156 53 West
868 563 287 68 Virginia,
1195 564 140 52 with
1375 564 108 65 key
1522 566 237 54 number
1801 566 380 54 annotations.

453 569 1916 124 Volume
635 644 115 49 183.
805 641 528 68 February-April,
1388 645 149 51 1936.
1629 644 83 55 St.
1765 645 166 66 Paul,
1983 643 203 69 Minn.,
2234 648 160 53 West

452 719 339 68 publishing
815 739 98 47 co.,
942 723 150 51 1936.

456 792 99 48 xix,
585 792 115 41 1007
728 803 42 37 p.
828 793 117 40 26cm.

382 844 54 54 ©
463 851 114 47 May
605 849 69 47 19,
702 849 140 47 1936;
870 849 67 41 2c.
966 851 95 39 and
1089 849 82 43 aff.
1197 850 127 40 June
1350 850 82 46 15;
1463 851 40 39 A
1529 850 172 48 94994;
1730 853 134 40 West
1892 853 110 47 pub.
2031 864 66 29 co.

381 939 299 55 Southern
713 945 257 63 reporter;
1031 957 154 36 cases
1215 941 213 68 argued
1463 942 112 53 and
1607 941 350 55 determined
1989 943 60 53 in
2077 945 95 52 the
2204 949 189 49 courts

451 1020 63 52 of
543 1020 303 65 Alabama,
877 1019 257 66 Florida,
1165 1019 327 68 Louisiana,
1523 1019 368 70 Mississippi,
1921 1023 141 52 with
2092 1023 108 68 key

449 1042 1918 108 number
587 1097 380 53 annotations.
1043 1098 244 53 Volume
1328 1102 114 50 165.
1482 1100 557 68 February-March,
2081 1105 149 50 1936.
2308 1104 81 55 St.

451 1176 166 65 Paul,
645 1174 203 68 Minn.,
872 1177 159 53 West
1058 1174 336 70 publishing
1421 1196 98 46 co.,
1549 1181 150 51 1936.

451 1248 131 49 xxiv,
612 1249 115 40 1021
755 1260 42 38 p.
853 1249 116 40 26cm.

380 1302 54 54 ©
461 1307 113 48 May
602 1305 68 47 19,
699 1306 117 41 1936;
869 1306 67 40 2c.
964 1308 95 39 and
1087 1306 81 41 aff.
1196 1307 127 41 June
1349 1306 58 41 15;
1462 1307 40 39 A
1529 1307 148 41 94993;
1732 1309 132 39 West
1890 1309 110 47 pub.
2028 1320 67 30 co.

378 1396 189 54 South
594 1399 258 51 western
880 1402 273 62 reporter.
1221 1396 220 56 Second
1467 1398 186 53 series.
1719 1398 168 55 Cases
1915 1400 215 66 argued

2159 1401 112 52 and
448 1401 1918 127 determined
776 1474 59 53 in
883 1476 94 52 the
1025 1480 189 49 courts
1262 1475 61 53 of
1370 1475 312 68 Arkansas,
1729 1478 325 67 Kentucky,
2102 1478 288 54 Missouri.

449 1555 329 65 Tennessee,
822 1555 201 66 Texas,
1067 1554 140 52 with
1248 1554 112 67 key
1405 1555 237 52 number
1686 1555 380 54 annotations.
2149 1557 239 55 Volume

449 1637 66 49 90
547 1632 130 68 (2d)
717 1633 221 66 March,
972 1637 150 49 1936.
1191 1633 82 55 St.
1307 1634 166 66 Paul,
1502 1634 202 67 Minn.,
1734 1637 159 53 West
1924 1635 337 69 publishing
2293 1656 96 41 co.,

451 1715 150 51 1936.

452 1785 118 48 xxii,
602 1784 119 41 1226
747 1797 43 37 p.
852 1785 115 40 26cm.

379 1838 53 54 ©
461 1844 117 46 May
603 1843 38 44 7,
672 1841 116 41 1936;
844 1842 67 40 2c.
941 1843 97 39 and
1067 1842 82 40 aff.
1180 1842 128 43 June
1334 1842 81 45 15;
1447 1842 41 39 A
1516 1841 172 48 94992;
1721 1844 134 40 West
1885 1844 111 47 pub.
2025 1854 67 30 co.

375 1931 212 65 Steele,
613 1931 224 55 James.

448 2006 330 71 Conveyor:
824 2026 31 34 a
903 2007 185 68 novel,
1132 2006 75 71 by
1254 2006 195 56 James
1499 2005 200 57 Steele.
1783 2007 138 54 New
1973 2007 182 71 York,
373 2008 1991 131 International

664 2084 321 70 publishers
1023 2088 194 65 [c1935]

443 2159 220 51 222 p. 19½cm.
378 2216 53 54 ©
466 2222 114 47 May
612 2220 73 48 31,
719 2219 141 48 1935;
898 2219 67 41 2c.
1001 2220 95 40 and
1131 2219 82 41 aff.
1250 2219 126 41 June
1411 2219 68 47 17,
1518 2217 140 49 1936;
1696 2219 40 40 A
1771 2219 171 48 96010;
1982 2220 257 41 Internati,

449 2221 1921 98 publishers
655 2289 85 36 co.,
770 2277 90 43 inc.
930 2276 282 49 (36-12546)

375 2367 349 65 Stevenson,
755 2367 222 54 Robert
1006 2366 198 65 Louis,
1237 2371 326 50 1850-1894.

446 2447 280 52 Treasure
760 2445 207 66 island,
1001 2445 75 67 by
1111 2445 212 53 Robert
1363 2443 174 53 Louis
1575 2443 339 65 Stevenson;
1956 2444 140 53 with

374 2443 1985 134 illustrations
550 2524 74 66 by
651 2523 143 68 Lyle
822 2522 201 56 Justis.
1100 2523 428 67 Philadelphia,
1559 2525 150 51 1930.

449 2595 1289 51 9 p. l., 3-240 p. col. illus., col. fold. pl. 26½cm.
445 2655 290 39 Illustrated
766 2653 366 49 lining-papers.

447 2712 114 39 “No.
592 2712 23 38 1
647 2711 54 40 of
729 2712 83 39 the
842 2710 253 40 Anderson
1126 2707 192 43 books.”

446 2769 152 38 “How
642 2768 184 39 Robert
870 2765 145 42 Louis
1065 2767 264 40 Stevenson
1377 2768 151 37 wrote
1574 2764 258 41 ‘Treasure
1875 2763 191 49 island’,
2113 2765 62 48 by
2221 2765 164 48 Harry

374 2824 231 41 Hansen”:
666 2836 42 37 p.
738 2823 218 41 231-240.

375 2878 53 54 ©
458 2882 101 42 Oct.
590 2881 69 47 10,
690 2880 116 42 1930;
861 2880 67 42 2c.
959 2880 103 42 Oct.
1091 2880 55 40 15;
1206 2878 82 41 aff.
1319 2879 128 40 June
1474 2878 70 47 30,
1576 2876 140 44 1936;
1749 2878 42 40 A
1817 2876 173 43 95874:
2027 2878 112 41 Carl
2171 2878 213 41 Jackson

446 2940 198 46 Harvey
668 2939 267 47 Anderson,
960 2937 224 47 Newark,
1211 2937 103 39 Del.
1370 2934 284 50 [Copyright
1674 2934 42 40 is
1740 2934 205 41 claimed
1969 2946 61 29 on
2056 2934 329 41 illustrations

445 2997 60 44 by
540 2997 116 47 Lyle
691 2995 186 41 Justis:
913 2994 245 40 foreword
1193 2994 61 47 by
1292 2993 113 40 Carl
1440 2993 43 39 J.
1520 2993 61 39 H.
1616 2992 280 45 Anderson;
1933 2994 114 41 note
2082 2991 49 40 in
2167 2992 121 39 back
2324 2993 60 47 by

445 3054 165 46 Harry
635 3054 217 46 Hansen]
918 3050 282 49 (31-14741)

373 3138 1672 71 Theatre arts prints. Series 2-3 … A collection of
443 3137 1915 137 reproductions
627 3221 64 52 of
723 3226 159 61 stage
918 3221 112 52 and
1066 3224 247 47 costume
1349 3217 245 67 designs,

1630 3218 291 52 character
1957 3216 276 67 portraits
2269 3215 111 53 and

443 3317 187 36 scenes
679 3298 151 53 from
881 3296 386 70 productions.
1355 3298 138 51 New
1545 3295 180 65 York,
1774 3295 247 53 Theatre
2073 3300 134 59 arts,
2255 3294 127 65 inc.,

441 3382 175 49 c1935.

443 3449 655 50 2 v. plates. 13 ½× 20cm.
445 3510 55 39 In
532 3508 162 41 boxes.

724 3561 169 43 CONTENTS.—Ser.
933 3562 41 41 2.
1017 3564 201 39 Modern
1258 3564 139 46 stage
1435 3557 351 52 design.—Ser.
1828 3558 40 42 3.
1912 3558 334 48 Shakespeare
2285 3558 97 40 and

371 3622 81 44 his
480 3622 155 40 times.

373 3676 54 53 ©
467 3681 117 38 Nov.
626 3679 69 46 25,
737 3678 140 40 1935:
920 3676 66 40 2c.
1029 3676 118 40 each
1188 3676 94 38 and
1322 3674 108 40 affs.
1474 3675 113 46 May
1627 3673 71 47 22,
1740 3672 140 45 1936;
1924 3672 39 38 A
2007 3670 157 49 95318,
2206 3668 171 46 95319;

446 3737 212 39 Theatre
683 3738 117 40 arts,
826 3734 89 40 inc.
980 3732 280 48 (36-12205)

370 3816 280 64 Thirkell,
677 3818 138 52 Mrs.
843 3813 230 67 Angela
1106 3811 314 68 (Mackail)
1456 3816 171 51 1890-

505 3883 1872 73 … Tribute for Harriette; the surprising career of Harriette
371 3972 239 55 Wilson.
687 3972 139 52 New
858 3971 179 68 York,
1068 3970 264 54 Random
1364 3969 172 54 house
1572 3971 193 64 [c1936]
