2519 4377
1061 4110 99 53 759

193 557 84 47 xii,
305 554 87 42 596
417 566 44 38 p.
516 554 116 42 22cm.

123 622 53 52 ©
207 627 112 46 May
349 624 69 49 26,
450 624 139 47 1936;
623 624 67 40 2c.
723 626 95 38 and
850 624 53 40 aff.
964 625 129 39 June
1121 623 53 49 9;
1207 625 40 38 A
1278 622 170 48 95598;
1485 624 167 46 Henry
1686 622 118 40 Holt
1836 622 37 40 &
1904 631 83 38 co.,
2021 620 89 41 inc.

203 681 277 50 (36-12516)

122 786 248 63 Gurnee,
397 785 275 57 Herbert.

196 856 1916 71 Elements of social psychology, by Herbert Gurnee … New
127 939 175 67 York,
325 938 214 54 Farrar
566 940 46 50 &
639 936 298 67 Rinehart,
966 935 105 56 inc.
1122 940 173 64 [c1936]

194 1013 64 47 xi,
288 1013 86 40 467
404 1023 42 37 p.
505 1012 143 48 illus.,
678 1011 178 49 diagrs.
915 1012 116 41 21cm.

197 1067 346 42 “References”
571 1070 52 39 at
650 1069 92 40 end
769 1068 51 40 of
847 1069 117 39 each
987 1068 214 47 chapter.

122 1134 52 52 ©
203 1139 125 39 June
357 1136 39 49 9,
427 1137 139 47 1936;
599 1137 66 40 2c.
696 1137 126 40 June
851 1135 80 47 12;
961 1137 85 40 aff.
1078 1137 124 39 June
1234 1137 81 46 11;
1348 1137 40 38 A
1417 1134 171 48 94929;
1622 1137 59 39 H.
1715 1135 202 49 Gurnee,
190 1136 1904 100 Cleveland.
384 1193 280 48 (36-12822)

121 1297 215 63 Guyer,
359 1295 249 53 Michael
634 1293 292 66 Frederic,
953 1296 171 54 1874-

124 1367 1986 149 Animal micrology; practical exercises in zoological microtechnique, by Michael F. Guyer … with a chapter on drawing
126 1522 1986 71 by Elizabeth A. (Smith) Bean … 4th rev. ed. Chicago, Ill.,
120 1600 1081 71 The University of Chicago press [1936]
191 1674 95 47 xvi,
316 1673 83 41 331
431 1684 43 38 p.
534 1673 143 49 illus.,
709 1674 178 47 diagrs.
948 1672 144 41 22½cm.

197 1730 289 41 “Published
527 1730 269 40 November
836 1728 128 43 1906.
1027 1730 181 40 Second
1251 1730 183 40 edition
1476 1731 249 47 February
1770 1729 127 44 1917.
1956 1729 153 41 Third

121 1786 183 41 edition
339 1786 220 48 January
593 1784 128 43 1930.
780 1786 188 41 Fourth
1001 1786 181 40 edition
1216 1786 135 48 April
1387 1784 157 43 1936.”

191 1841 346 42 “References”
556 1853 10 30 :
597 1852 43 39 p.
673 1841 98 42 312.

121 1913 53 52 ©
196 1918 112 46 Apr.
334 1916 70 47 28,
429 1915 113 41 1936;
595 1915 68 41 2c.
690 1917 113 47 May
828 1916 26 40 8;
909 1914 82 42 aff.
1018 1917 113 46 May
1155 1914 53 48 9;
1236 1916 40 38 A
1300 1915 144 41 94350;
1502 1915 281 49 University
1809 1915 52 41 of
1887 1915 224 49 Chicago,

191 1973 221 48 Chicago.
486 1972 279 49 (36-12653)

120 2077 225 63 Halter,
372 2076 203 63 Helen,
606 2082 172 49 1906-

195 2152 225 68 Society
456 2153 59 51 in
553 2152 215 67 action;
807 2171 31 34 a
874 2151 173 69 guide
1082 2151 94 54 for
1210 2153 95 52 the
1341 2152 172 53 social
1551 2152 229 67 studies,
1817 2152 74 67 by
1927 2153 182 52 Helen

125 2229 1890 56 Halter … Book lists in collaboration with Thelma Eaton …
121 2310 138 53 New
287 2308 177 67 York,
490 2308 140 53 Inor
658 2308 336 69 publishing
1020 2326 296 51 company,
1346 2311 149 51 1936.

227 2414 8 15 x,
257 2383 85 40 336
364 2394 42 37 p.
457 2383 127 39 illus.
632 2382 148 42 23½cm.
840 2383 299 48 (Half-title:
1159 2383 100 40 The
1278 2384 116 39 Inor
1417 2382 106 42 unit
1545 2382 163 47 series,
1732 2383 72 40 ed.
1830 2382 61 49 by
1913 2382 201 44 Forrest

123 2440 52 40 E.
198 2439 156 49 Long)

194 2495 134 41 Each
356 2495 106 40 unit
495 2495 216 41 includes
742 2494 362 43 “References”.

196 2551 68 40 “A
281 2551 146 41 social
452 2552 185 40 studies
659 2551 186 48 library
865 2550 281 41 collection”
1163 2561 10 30 :
1207 2561 44 38 p.
1272 2551 217 42 325-332.

121 2616 53 53 ©
203 2621 121 40 Mar.
353 2620 38 48 6,
421 2620 114 40 1936;
592 2619 68 42 2c.
691 2621 112 47 Apr.
833 2620 55 41 27;
949 2619 81 41 aff.
1061 2621 118 47 Apr,
1202 2620 58 40 24;
1318 2621 43 39 A
1388 2621 144 41 93830;
1593 2622 60 40 H.
1685 2622 190 48 Halter,
1906 2623 205 48 Albany.

203 2676 278 49 (36-12824)

119 2780 257 64 Haynes,
404 2779 307 65 Williams,
741 2785 171 51 1886-

195 2855 321 69 Chemistry
523 2855 39 54 ’s
599 2855 413 70 contribution;
1051 2856 96 54 the
1184 2854 310 56 economics
1532 2855 64 54 of
1632 2874 123 35 new
1791 2856 318 70 materials;

122 2933 1963 225 an address delivered before Princeton university on December 10, 1935, in the Cyrus Fogg Brackett lectureship in applied engineering and technology, by Williams Haynes …
127 3163 341 69 [Princeton,
499 3166 67 53 N.
602 3167 74 66 J.,
707 3166 121 53 The
860 3165 178 55 Guild
1069 3165 64 53 of
1163 3166 276 54 Brackett
1468 3166 288 68 lecturers,
1790 3170 149 52 1936.

191 3234 68 49 30,
298 3236 55 49 [1]
390 3246 41 38 p.
496 3236 178 48 diagrs.
734 3234 115 42 23cm.

123 3304 52 53 ©
208 3309 123 39 June
365 3310 39 47 1,
438 3308 140 49 1936;
614 3310 67 40 2c.
716 3310 126 40 June
876 3310 52 47 5;
963 3310 82 40 aff.
1080 3310 125 40 June
1240 3310 83 47 11;
1358 3311 42 38 A
1434 3310 169 48 95626;
1641 3312 72 40 W.
1748 3311 213 49 Haynes,
1996 3312 116 39 New

191 3366 143 39 York.
400 3366 278 48 (36-12650)

121 3468 218 64 Howie,
364 3469 260 54 Wendell
645 3470 324 63 Dearborn,
996 3475 170 50 1892-

289 3545 1821 69 … The reign of James the First; a historical record of the
124 3622 459 53 administration
614 3622 64 53 of
709 3624 191 54 James
932 3624 77 52 M.
1046 3622 210 70 Curley
1286 3641 60 35 as
1377 3641 280 51 governor
1688 3623 63 54 of
123 3624 1961 142 Massachusetts,
301 3699 74 68 by
403 3699 260 55 Wendell
691 3701 70 54 D.
791 3699 203 54 Howie;
1054 3700 138 52 with
1224 3720 30 33 a
1284 3700 284 53 foreword
1597 3701 75 67 by
1702 3699 151 54 Hon.
1885 3699 225 70 Gaspar

126 3775 1984 71 G. Bacon … [Cambridge, Mass., Warren publications, inc.,
125 3855 172 65 c1936]

194 3922 85 41 108
309 3934 42 37 p.
411 3935 61 36 pl.
532 3924 116 42 22cm.

125 3985 53 52 ©
206 3990 128 40 June
359 3990 68 48 16,
457 3991 140 47 1936;
628 3990 67 41 2c.
727 3992 95 40 and
852 3991 81 41 aff.
966 3992 127 40 June
1120 3993 84 47 17;
1233 3992 40 39 A
1303 3990 169 48 96029;
1505 3993 71 40 W.
1609 3993 57 41 D.
1697 3992 183 48 Howie,
1914 3992 197 40 Boston.

204 4045 277 49 (36-12634)
