2519 4377
1028 4071 99 49 405

152 521 351 50 “Supplement.
560 521 170 47 Safety
754 521 270 46 education,
1051 522 104 39 text
1181 520 94 39 and
1303 517 202 48 activity
1530 526 239 39 program,
1792 516 60 47 by
1878 515 193 41 Donald

85 579 50 42 F.
164 579 186 41 Stiver”;
405 589 42 37 p.
475 578 115 40 i-vii
618 581 55 38 at
695 579 105 42 end.

152 634 343 42 “References”;
553 645 42 38 p.
624 634 216 51 241-242,
869 634 65 39 vii
962 637 51 38 at
1037 634 105 40 end.

84 704 52 52 ©
163 709 119 38 Mar.
307 707 69 43 25,
405 706 111 40 1936;
573 708 66 38 2c.
669 708 94 38 and
791 706 81 40 aff.
900 707 111 46 Apr.
1039 706 25 38 2;
1123 707 37 37 A
1189 706 141 39 93513;
1390 704 365 40 Bobbs-Merrill
1784 715 67 29 co.
157 703 1900 108 [Copyright
320 764 40 38 is
392 764 204 39 claimed
629 775 59 27 on
726 764 308 47 Supplement;
1103 762 170 47 Safety
1310 761 270 49 education]

162 820 248 48 (36-8525)

155 961 55 12 ...
256 919 213 71 Living
509 924 58 49 at
609 938 104 35 our
755 919 118 54 best
917 960 57 12 ...
1025 919 71 69 by
1141 918 236 55 Charles
1418 918 66 54 P.
1529 918 276 53 Emerson
1851 959 58 12 ...
1957 914 114 55 and

79 997 221 71 George
344 999 251 52 Herbert
641 999 161 52 Betts
854 1040 56 11 ...
998 996 418 69 Indianapolis,
1459 996 122 53 The
1629 994 443 55 Bobbs-Merrill

78 1079 505 67 company [ c 1936]
152 1150 98 47 viii,
293 1150 99 47 328,
433 1149 66 39 vii
540 1159 43 38 p.
623 1149 109 40 incl.
776 1149 162 46 front.,
982 1148 127 40 illus.
1181 1147 56 40 19½
1269 1149 44 22 cm
1318 1180 9 9 .
1410 1147 202 49 (Habits
1655 1146 53 39 of
1750 1146 129 47 right
1922 1144 152 49 living

82 1206 161 41 series,
300 1207 122 40 book
450 1207 119 48 two)

153 1262 351 49 “Supplement.
561 1262 171 48 Safety
753 1262 270 48 education,
1050 1264 105 39 text
1180 1263 96 40 and
1303 1261 203 48 activity
1532 1272 240 37 program,
1797 1262 59 47 by
1883 1262 190 40 Donald

85 1319 48 40 F.
162 1319 186 41 Stiver”;
405 1330 41 37 p.
473 1320 115 39 i-vii
616 1322 52 37 at
694 1320 105 43 end.

152 1376 345 41 “References”;
552 1386 42 38 p.
619 1375 100 49 320,
749 1376 64 39 vii
841 1378 52 39 at
915 1377 106 40 end.

81 1444 52 52 ©
160 1450 121 38 Mar.
308 1448 69 47 25,
406 1449 138 45 1936;
574 1449 66 40 2c.
669 1449 95 39 and
791 1448 80 39 aff.
900 1449 112 46 Apr.
1041 1449 52 45 2;
1125 1450 38 37 A
1190 1448 170 47 93514;
1392 1450 367 38 Bobbs-Merrill
1786 1460 67 30 co.
152 1450 1907 103 [Copyright
313 1507 40 39 is
381 1507 202 38 claimed
617 1517 62 27 on
710 1506 315 47 Supplement;
1087 1506 169 48 Safety
1289 1507 271 47 education]

162 1562 249 48 (36-8526)

83 1668 228 63 Foster,
339 1666 230 57 Gerald.

150 1741 88 53 No
271 1758 214 35 women
519 1741 244 68 wanted,
795 1740 74 69 by
903 1740 214 54 Gerald
1154 1741 216 53 Foster.
1439 1741 138 53 New
1612 1741 180 68 York,
1827 1740 247 55 Godwin

85 1821 192 65 [1936]

150 1891 579 49 3 p. l ., 9-287 p. 19 cm .
84 1960 52 52 ©
162 1965 112 46 Apr.
302 1964 69 43 10,
399 1963 138 47 1936;
566 1964 66 40 2c.
660 1964 114 48 Apr.
802 1964 81 42 13;
913 1964 81 40 aff.
1022 1965 113 46 Apr.
1163 1964 81 47 18;
1274 1965 40 38 A
1341 1963 170 49 93701;
1543 1965 216 48 Godwin,
1787 1965 289 49 publishers.

167 2021 248 48 (36-8688)

84 2124 237 64 Gaddis,
352 2124 222 63 Peggy,
609 2129 172 49 1896-

151 2197 375 55 Tomorrow’s
571 2216 167 52 roses,
784 2197 75 71 by
904 2198 199 70 Peggy
1151 2199 174 52 Dern.
1407 2199 138 53 New
1595 2200 178 69 York,
1821 2200 250 53 Arcadia

81 2276 169 53 house
284 2311 13 33 [
302 2284 19 20 c
326 2280 133 50 1936
463 2310 13 34 ]

150 2350 25 39 3
205 2361 42 37 p.
315 2383 7 9 l..
352 2350 142 40 9-283
524 2359 42 39 p.
627 2350 116 41 19cm.

83 2418 54 53 ©
158 2424 112 47 Apr.
295 2423 67 46 10,
389 2421 112 41 1936;
555 2422 66 40 2c.
647 2424 113 46 Apr.
787 2423 53 39 13;
896 2422 82 40 aff.
1004 2424 113 46 Apr.
1145 2423 54 39 18;
1253 2424 39 37 A
1316 2423 142 41 93707;
1515 2425 209 39 Arcadia
1752 2426 152 39 house
154 2424 1907 96 publications.
424 2480 250 47 (36-8687)

85 2583 199 63 Gayle,
307 2584 269 54 Newton.

154 2659 239 53 Murder
418 2664 59 48 at
501 2662 201 65 28:10,
725 2659 76 68 by
825 2658 239 54 Newton
1090 2659 182 69 Gayle
1303 2702 56 11 ...
1424 2660 139 53 New
1590 2660 180 69 York,
1796 2660 63 56 C.
85 2661 1967 128 Scribner’s
256 2755 128 35 sons;
443 2737 258 68 London,
731 2736 62 55 C.
826 2735 311 56 Scribner’s
1163 2755 146 50 sons,
1336 2738 123 66 ltd.,
1489 2741 151 50 1936.

154 2811 26 40 3
207 2821 43 37 p.
313 2841 9 15 l.,
350 2808 85 42 254
459 2821 44 37 p.
558 2811 181 48 diagrs.
794 2810 56 41 19
853 2812 43 22 cm
900 2841 10 11 .

86 2864 53 53 ©
169 2869 112 47 Apr.
311 2869 39 40 7.
384 2866 138 48 1936;
556 2867 67 41 2c.
656 2869 114 47 Apr.
803 2869 81 42 14;
920 2867 81 42 aff.
1035 2869 112 48 Apr.
1181 2868 80 47 15;
1297 2869 40 39 A
1368 2867 171 49 93676;
1576 2869 204 41 Charles
1813 2869 266 43 Scribner’s

152 2936 127 29 sons.
349 2925 224 48 (36-8544
585 2926 13 47 )

86 3031 238 62 Gerdes,
351 3030 172 55 John.

157 3106 310 66 Corporate
510 3106 484 66 reorganizations
1034 3106 179 53 under
1252 3106 211 52 section
1503 3106 66 54 77B
1645 3107 63 53 of
1749 3108 95 52 the
88 3109 1965 141 Bankruptcy

344 3189 104 59 act,
501 3184 74 65 by
625 3184 154 53 John
832 3182 213 55 Gerdes
1104 3226 54 9 ...
1238 3185 327 65 Important
1618 3185 111 52 late
1783 3185 291 55 decisions'.

91 3261 320 66 [Pamphlet
437 3263 387 63 supplements
850 3260 109 66 for]
992 3262 248 50 volumes
1271 3265 113 49 1-3.
1462 3260 268 68 Chicago,
1758 3262 318 69 Callaghan

87 3339 111 51 and
226 3356 294 48 company,
549 3341 151 50 1936.

158 3411 24 39 3
247 3443 7 7 v.
314 3410 57 40 25
371 3413 46 20 cm
420 3439 8 8 .

162 3467 154 38 These
344 3467 271 47 pamphlets
647 3476 83 29 are
762 3468 47 37 to
840 3466 56 39 be
928 3465 135 40 fitted
1096 3465 104 40 into
1230 3467 79 38 the
1338 3467 196 46 pockets
1565 3469 52 37 at
1649 3467 80 39 the
1762 3468 121 39 back
1913 3469 54 39 of
1997 3470 82 40 the

89 3524 212 39 volumes
329 3523 52 39 of
407 3523 81 40 the
515 3525 71 38 set
616 3524 48 38 to
694 3522 154 40 which
880 3522 113 48 they
1021 3522 183 48 belong.

90 3576 52 52 ©
176 3581 118 38 Mar.
328 3580 68 46 12,
431 3579 112 39 1936;
604 3579 67 40 2c.
704 3580 115 38 each
856 3580 95 38 and
984 3578 82 41 aff.
1101 3580 120 38 Mar.
1254 3578 81 47 16;
1371 3579 40 38 A
1444 3578 171 49 92276;
1652 3580 42 39 J.
1732 3580 193 49 Gerdes,
1961 3582 118 39 New

159 3637 143 39 York.

91 3737 241 63 Gilbert,
364 3740 162 60 Cass,
561 3743 324 50 1859-1934.

164 3814 138 55 Cass
356 3814 252 66 Gilbert;
665 3813 422 53 reminiscences
1143 3813 112 52 and
1310 3813 305 54 addresses.
1703 3814 140 54 New
1898 3814 180 66 York,

90 3891 155 52 Priv.
276 3891 173 67 print.
485 3892 137 66 [The
653 3891 266 55 Scribner
949 3909 173 49 press]
1159 3894 150 50 1935.

160 3950 1285 66 3 p. l., 3-118, [2] p. front. (port.) plates. 24 cm .
