2519 4377
1324 4083 135 51 1592

377 383 237 66 Wilder,
641 386 140 53 Mrs.
811 383 216 55 Louise
1058 384 255 65 (Beebe)

445 459 367 55 Adventures
845 459 144 54 with
1022 460 189 70 hardy
1243 460 183 70 bulbs,
1461 460 77 71 by
1571 460 211 56 Louise
1816 460 186 56 Beebe
2036 458 254 73 Wilder;

377 461 1995 131 illustrated
680 538 76 70 by
778 538 224 54 Walter
1027 539 186 53 Beebe
1234 539 242 54 Wilder.
1539 540 140 53 New
1704 539 183 70 York,
1912 541 122 54 The
2060 540 335 55 Macmillan

374 634 301 51 company,
706 619 154 52 1936.

450 692 84 47 xii,
568 691 86 41 363
689 702 42 39 p.
792 692 165 48 front.,
993 692 143 49 illus.,
1172 693 172 48 plates.
1404 693 58 40 24
1464 695 44 22 cm
1512 724 8 8 .

448 747 165 43 “First
639 746 265 50 printing.”

381 803 53 53 ©
468 807 128 47 Sept.
627 806 71 49 29,
730 806 143 48 1936;
907 805 66 41 2c.
1008 806 95 40 and
1137 817 25 29 a
1168 807 50 40 if.
1255 808 126 47 Sept.
1415 806 82 48 30;
1533 808 40 39 A
1604 806 173 50 99075;
1813 807 286 40 Macmillan
2134 819 67 30 co.

462 862 285 50 (36-25851)

375 953 248 66 Wilgus,
653 953 154 56 Alva
836 954 222 66 Curtis,
1091 955 171 56 1897-

447 1033 290 54 Histories
786 1033 114 53 and
950 1031 313 55 historians
1314 1033 63 53 of
1427 1032 287 69 Hispanic
1764 1035 297 67 America;
2116 1053 31 35 a
377 1033 1997 147 bibliographical

716 1110 1683 70 essay, by A. Curtis Wilgus … Washington, D. C.,
377 1192 120 53 The
544 1189 501 55 Inter-American
1086 1189 484 69 bibliographical
1619 1191 113 53 and
1776 1191 222 67 library
2044 1191 357 67 association,

379 1273 151 51 1936.

449 1341 104 49 xiii,
599 1343 85 41 113
728 1354 43 38 p.
844 1341 56 41 23
904 1344 43 22 cm
953 1374 9 8 .
1046 1340 301 50 (Half-title:
1390 1341 419 43 Inter-American
1852 1341 407 51 bibliographical
2303 1345 95 40 and

380 1400 186 49 library
594 1399 298 43 association
920 1399 344 50 publications,
1321 1410 92 31 ser.
1464 1431 9 16 I,
1536 1432 9 9 v.
1572 1399 51 50 2)

451 1457 161 42 Based
637 1469 61 30 on
724 1459 83 40 the
831 1457 222 41 author’s
1078 1457 248 41 Histories
1353 1457 52 41 of
1429 1457 241 49 Hispanic
1696 1456 224 43 America
1957 1457 126 49 (The
2107 1458 103 40 Pan

382 1457 2001 100 American
528 1516 165 49 union,
733 1515 339 48 Washington,
1111 1514 140 49 1932)
1299 1516 97 40 and
1435 1526 59 30 on
1532 1516 83 41 the
1653 1514 306 50 appendices,
1998 1525 148 40 pages
2182 1515 219 48 573-662,

380 1573 198 42 written
614 1573 62 49 by
714 1573 84 42 Dr.
836 1573 189 50 Wilgus
1062 1574 50 40 in
1150 1571 221 44 Colonial
1406 1572 240 51 Hispanic
1683 1572 238 50 America,
1958 1572 179 50 issued,
2174 1572 129 50 1936,
2340 1574 60 49 by

380 1632 184 49 George
596 1632 326 49 Washington
953 1631 290 49 university.
1305 1631 223 41 Seminar
1558 1631 287 42 conference
1875 1643 58 30 on
1965 1631 241 50 Hispanic
379 1632 2004 99 American
524 1689 191 43 affairs.

452 1746 449 50 “Bibliographical
930 1746 281 42 collections
1240 1747 97 40 and
1367 1745 167 42 aids”:
1564 1758 45 38 p.
1637 1745 190 42 98-102.

383 1802 52 53 ©
475 1807 128 47 Sept.
637 1805 70 47 17,
742 1804 142 48 1936;
921 1804 68 41 2c.
1024 1804 96 40 and
1155 1803 82 42 aff.
1274 1804 104 41 Oct.
1411 1803 84 48 27;
1533 1804 40 40 A
1606 1802 173 49 99626;
1817 1804 55 40 A.
1909 1803 49 42 C.
1994 1803 204 49 Wilgus,
453 1802 1933 109 Washington.
706 1861 284 50 (36-25874)

380 1952 367 67 Wilhelmus,
775 1954 140 53 Mrs.
943 1953 151 54 Bess
1125 1951 193 66 (Day)
1356 1958 173 49 1904-

447 2029 343 56 Wishbones
838 2046 64 36 or
949 2028 338 68 backbones,
1335 2026 284 70 compiled
1668 2026 77 71 by
1794 2028 68 52 B.
1913 2027 74 54 D.
2037 2026 360 55 Wilhelmus.

379 2107 272 71 Chicago,
680 2108 122 54 The
833 2106 194 71 Reilly
1054 2107 46 51 &
1127 2107 113 53 Lee
1268 2124 79 36 co.
1386 2140 13 34 [
1403 2112 19 22 c
1428 2108 153 65 1936]

448 2180 87 43 218
567 2192 43 38 p.
672 2181 130 41 illus.
863 2180 58 42 20
923 2183 46 22 cm
972 2214 9 8 .

453 2237 72 43 On
552 2248 169 33 cover:
750 2238 206 42 Careers
981 2238 82 41 for
1088 2237 267 47 ambitious
1379 2237 131 48 boys.

385 2295 52 53 ©
465 2299 103 41 Oct.
594 2298 41 47 8,
665 2297 143 49 1936;
839 2298 67 40 2c.
937 2298 101 42 Oct.
1068 2297 83 49 14;
1182 2297 83 41 aff.
1296 2298 102 40 Oct.
1429 2296 82 45 12;
1543 2298 39 39 A
1610 2296 173 49 99342;
1816 2296 162 49 Reilly
2008 2297 36 41 &
2074 2297 94 40 Lee
2198 2306 66 31 co.

465 2350 284 54 (36-25840)

382 2446 316 65 Willheim,
723 2446 207 56 Raoul.

452 2525 120 53 Das
601 2523 584 69 erdschlussproblem
1211 2523 61 53 in
1297 2523 706 69 hochspannungsnetzen,
2032 2541 111 36 von
2169 2523 231 68 dr.-ing.

383 2604 65 52 R.
481 2602 317 56 Willheim.
874 2603 115 53 Mit
1018 2607 102 50 313
1150 2602 533 69 textabbildungen.
1760 2602 220 68 Berlin,
2010 2604 57 55 J.
2102 2601 299 69 Springer,

384 2687 150 51 1936.

455 2756 102 48 viii,
587 2757 88 41 342
737 2787 9 11 p.
808 2755 144 48 illus.,
984 2755 181 50 diagrs.
1225 2755 58 41 26
1285 2757 44 22 cm
1333 2785 9 9 .

458 2813 646 43 “Literaturverzeichnis”:
1136 2825 43 38 p.
1215 2812 251 51 [329]-342.

385 2869 53 54 ©
468 2873 113 49 Apr.
613 2871 71 50 23,
716 2871 142 49 1936;
891 2873 67 40 1c.
992 2872 118 47 Aug.
1144 2870 82 48 18;
1260 2869 314 50 A-Foreign
1607 2868 172 50 32781;
1814 2868 165 43 Julius
2016 2868 244 50 Springer.

467 2930 284 49 (36-30006)

385 3020 306 65 Williams,
716 3018 257 57 William
999 3018 203 57 Wash.

454 3097 123 52 The
615 3095 158 70 quiet
811 3097 202 68 lodger
1051 3094 64 56 of
1155 3096 209 69 Irving
1403 3096 178 69 place,
1620 3095 78 69 by
1734 3094 264 57 William
2036 3097 180 53 Wash
387 3094 1990 138 Williams.

641 3176 142 53 New
816 3176 182 60 York,
1030 3177 67 53 E.
1128 3177 66 53 P.
1224 3176 227 53 Dutton
1483 3178 46 51 &
1559 3193 99 49 co.,
1689 3174 127 67 inc.,
1849 3177 152 51 1936.

455 3249 83 42 251
569 3260 45 39 p.
675 3249 148 44 21½cm.

458 3308 165 42 “First
652 3307 231 42 edition.”

388 3363 52 53 ©
466 3367 102 41 Oct.
598 3365 70 48 14,
697 3365 142 44 1936;
869 3365 68 40 2c.
968 3365 95 40 and
1093 3365 81 41 aff.
1206 3365 102 40 Oct.
1334 3363 85 49 15;
1450 3365 44 39 A
1520 3362 201 46 100103;
1753 3365 53 39 E.
1836 3364 50 40 P.
1916 3362 188 41 Dutton
2135 3362 38 41 &
2199 3371 83 39 co.,
2311 3361 91 41 inc.

468 3422 283 49 (36-25861)

383 3498 317 66 Williston,
729 3498 256 65 Samuel,
1018 3502 173 51 1886-

457 3574 1884 70 A treatise on the law of contracts, by Samuel Williston …
386 3654 1955 69 Rev. ed., by Samuel Williston and George J. Thompson …
386 3736 225 52 volume
637 3738 48 49 4.
762 3736 139 52 New
927 3734 179 65 York,
1131 3733 208 57 Baker,
1364 3734 249 53 Voorhis
1638 3737 45 50 &
1706 3751 98 49 co.,
1832 3735 150 50 1936.

457 3807 103 50 xiii,
591 3806 266 41 2581-3669
886 3817 43 38 p.
989 3806 57 41 25
1048 3809 45 22 cm
1099 3840 7 7 .

460 3864 134 40 First
624 3863 183 41 edition
837 3864 92 39 has
959 3863 136 41 title;
1128 3863 103 41 The
1261 3863 96 40 law
1388 3862 53 40 of
1465 3863 262 40 contracts.

389 3910 1961 60 © Nov. 25, 1936; 2c. and aff. Nov. 27; A 101018; S. Williston, ℅
459 3977 234 41 Harvard
716 3977 94 40 law
835 3977 177 44 school,
1038 3976 232 40 Harvard
1294 3975 288 49 university,
1609 3974 304 49 Cambridge,
1937 3976 147 38 Mass.
