2519 4377
1028 4150 133 51 1113

103 508 314 53 American
439 509 284 63 academy
745 508 64 52 of
830 510 131 50 arts
983 507 114 53 and
1122 506 229 55 letters.

232 596 1864 68 … Proceedings of its literary exercises, November 10, 1932.
102 674 1849 67 New York, American academy of arts and letters [ c 1933]
173 744 1808 52 1 p. l., 5-106 p. incl. ports. 17 cm . (Academy publication, no. 79)
105 813 52 53 ©
183 818 127 39 June
337 818 67 47 15,
433 816 140 49 1933;
603 816 68 43 2c.
700 818 125 39 June
850 816 69 49 22,
947 815 140 48 1936;
1119 816 82 41 aff.
1232 817 126 39 June
1386 815 81 47 20;
1499 816 41 39 A
1566 814 171 48 96123;
1770 816 158 39 Amer.
174 814 1906 108 academy
311 875 52 39 of
393 876 104 37 arts
529 873 95 40 and
656 874 185 40 letters.

100 978 327 66 Anderson,
455 978 316 65 Benjamin
799 979 97 64 M.,
920 979 72 67 jr.

100 1066 1997 146 … Eating the seed corn; the proposed penalty tax on corporate savings—the background of existing legislation and
100 1228 370 61 government
516 1221 190 68 policy
750 1221 274 68 checking
1067 1223 98 52 the
1208 1222 224 67 growth
1476 1221 64 53 of
1585 1220 214 69 capital
1844 1222 112 53 and
100 1241 1973 126 encouraging
448 1300 95 52 the
580 1301 224 66 growth
840 1300 62 53 of
938 1299 300 54 debt—the
1275 1299 216 68 fallacy
1526 1299 128 55 that
1688 1298 408 70 “oversaving”

101 1375 1996 70 causes depressions, by Benjamin M. Anderson, jr. … [New
101 1455 179 66 York]
309 1456 121 52 The
455 1455 182 56 Chase
660 1455 256 53 national
937 1454 153 54 bank
1114 1454 63 54 of
1198 1455 95 52 the
1316 1454 116 68 city
1456 1454 63 54 of
1542 1456 139 52 New
1706 1455 163 54 York
1898 1489 12 34 [
1915 1462 18 21 c
1938 1459 135 50 1936
2078 1489 13 34 ]

171 1528 56 41 37
249 1538 43 38 p.
343 1528 57 39 24
402 1530 44 21 cm
452 1560 8 8 .
522 1528 124 47 (The
671 1528 157 40 Chase
853 1526 242 41 economic
1116 1526 205 41 bulletin.
1386 1538 43 30 v.
1455 1528 68 47 16,
1548 1537 75 29 no.
1648 1527 40 48 2,
1716 1528 113 47 May
1852 1529 72 47 12,
1949 1528 140 50 1936)

100 1592 53 55 ©
183 1599 114 47 May
327 1597 68 49 12,
427 1596 140 47 1936;
601 1597 67 41 2c.
700 1598 126 40 June
858 1597 81 47 10;
975 1597 81 41 aff.
1086 1598 114 47 May
1232 1597 81 48 19;
1348 1598 41 40 A
1420 1596 171 49 94829;
1626 1597 158 43 Chase
1815 1598 118 41 natl.
1967 1598 132 40 bank

171 1655 51 40 of
250 1656 81 39 the
360 1655 99 47 city
488 1655 51 40 of
566 1656 117 39 New
711 1655 144 40 York.

100 1756 1996 148 Anthology of magazine verse for 1935 and yearbook of American poetry … New York, The Poetry digest association,
171 1916 149 51 1936.

168 1984 989 50 4 p. l., xvii-xxxii p., 1 l., 275 p. 20½cm.
99 2042 199 41 Editor:
331 2042 127 49 1935,
489 2042 55 41 A.
578 2042 50 41 F.
662 2043 161 40 Pater.

103 2107 53 53 ©
191 2111 110 42 Feb.
336 2112 69 49 25,
444 2111 139 47 1936;
620 2111 67 39 2c.
725 2110 96 40 and
855 2110 82 41 aff.
974 2111 113 47 Apr.
1123 2109 82 47 23;
1243 2111 43 39 A
1318 2110 172 46 93755;
1527 2111 129 40 Alan
1690 2111 39 40 F.
1780 2112 160 48 Pater,
1979 2112 119 40 New

169 2168 144 41 York.
374 2167 279 50 (36-27220)

98 2271 222 69 Bailey,
344 2276 138 51 Mrs.
506 2272 162 55 Alice
694 2273 89 66 A.,
811 2278 171 50 1881-

168 2365 57 52 A
254 2364 230 53 treatise
515 2382 71 35 on
618 2364 96 52 the
746 2380 165 37 seven
944 2380 158 50 rays;
1138 2364 95 52 the
1265 2381 123 35 new
1421 2363 368 68 psychology,
1821 2364 76 67 by
1930 2363 165 54 Alice

99 2442 70 52 A.
195 2441 218 67 Bailey.
497 2460 51 34 [v.
575 2444 27 49 1]
688 2442 138 51 New
851 2440 179 68 York,
1055 2440 168 53 Lucis
1248 2441 336 67 publishing
1607 2459 279 50 company
1938 2445 152 64 [1936]

169 2524 98 28 xxv
293 2523 59 38 p.,
380 2514 30 38 2
455 2544 24 16 l.,
506 2513 147 40 3-430
677 2523 44 38 p.
778 2513 26 39 23½
866 2516 44 21 cm
915 2545 8 8 .

175 2569 238 41 “Written
463 2569 62 47 by
573 2568 135 41 Alice
758 2569 54 39 A.
863 2568 172 49 Bailey
1085 2568 50 40 in
1185 2567 351 42 collaboration
1585 2568 120 41 with
1757 2569 85 41 the
1889 2569 207 42 Tibetan

105 2624 584 52 [pseud.]”—Publisher’s
724 2628 125 39 note.

175 2681 161 41 “First
370 2681 225 41 edition.”

99 2748 55 53 ©
180 2752 115 47 July
322 2753 39 45 1,
390 2751 140 48 1936;
561 2752 67 40 2c.
659 2752 95 39 and
783 2751 82 41 aff.
894 2752 115 47 July
1037 2752 82 46 28;
1151 2753 40 39 A
1220 2752 169 47 97184;
1422 2753 54 41 A.
1506 2754 53 40 A.
1589 2752 185 50 Bailey,
1803 2755 118 39 New
1949 2755 146 40 York.

181 2808 279 48 (36-18285)

96 2910 267 66 Binkley,
390 2911 253 55 William
674 2912 314 64 Campbell,
1019 2918 169 49 1889-
1401 2913 83 55 ed.

233 2989 1865 71 … Official correspondence of the Texan revolution, 1835-
105 3066 1992 72 1836, edited by William C. Binkley … New York, London,
99 3144 1686 72 D. Appleton-Century company, incorporated [ c 1936]
171 3218 29 39 2
231 3230 42 29 v.
333 3219 55 40 23
391 3221 45 21 cm
439 3251 9 8 .

172 3275 64 40 At
261 3275 124 40 head
413 3275 51 40 of
490 3275 134 41 title:
655 3277 102 39 The
782 3276 255 42 American
1067 3277 253 41 historical
1348 3277 309 43 association.

172 3331 162 47 Paged
365 3331 353 49 continuously.

176 3386 269 48 “Prepared
473 3390 95 38 and
596 3388 255 48 published
878 3391 153 39 under
1058 3390 81 42 the
1169 3389 237 43 direction
1431 3391 54 40 of
1509 3392 83 40 the
1617 3391 259 42 American
102 3392 1975 90 historical
214 3443 294 41 association
543 3444 129 40 from
709 3446 82 40 the
828 3445 184 42 income
1048 3448 51 40 of
1136 3448 81 39 the
1252 3447 171 42 Albert
1459 3449 44 40 J.
1540 3448 267 49 Beveridge
1844 3449 251 41 memorial

102 3497 165 42 fund.”

102 3563 53 53 ©
189 3568 119 49 Aug.
344 3571 68 47 11,
449 3571 140 48 1936;
628 3573 69 40 2c.
735 3574 119 39 each
891 3575 95 39 and
1023 3575 108 41 affs.
1168 3576 120 47 Aug.
1327 3576 81 46 13;
1448 3576 42 39 A
1528 3576 157 49 97354,
1722 3576 170 48 97355;
1933 3578 159 40 Amer.

168 3624 255 42 historical
447 3638 141 37 assn.,
615 3629 335 49 Washington.
1015 3631 279 48 (36-18022)

99 3724 230 66 Brown,
359 3729 243 55 Charles
630 3731 315 65 Reynolds,
976 3738 170 51 1862-

169 3803 1860 76 The Master’s influence [by] Charles Reynolds Brown …
101 3879 1083 76 Nashville, Cokesbury press [ c 1936]
174 3952 86 41 200
287 3964 43 37 p.
390 3954 57 40 19½
477 3957 45 21 cm
526 3987 9 8 .
605 3956 125 47 (The
762 3958 224 41 Fondren
1014 3960 209 40 lectures
1253 3960 80 40 for
1360 3960 139 48 1936)

103 4017 51 53 ©
184 4023 115 47 July
328 4024 40 47 9,
397 4024 115 41 1936;
567 4025 66 40 2c.
667 4027 115 47 July
811 4029 83 47 27;
927 4030 81 39 aff.
1041 4031 120 46 Aug.
1193 4031 53 47 5;
1279 4032 41 38 A
1349 4030 170 49 96752;
1553 4031 269 41 Whitmore
1853 4033 38 40 &
1923 4033 171 48 Smith,

169 4079 264 41 Nashville.
500 4080 281 52 (36-18292)
