2519 4377
1071 4124 98 53 871

119 467 305 61 Govaerts,
450 464 163 61 Paul,
642 468 171 50 1889-

251 534 1859 68 … Le fonctionnement du rein malade; diurèse, albuminurie,
106 619 223 65 œdème,
351 617 336 70 glycosurie,
709 614 396 55 classification
1128 615 95 53 des
1244 613 460 68 néphropathies.
1762 612 349 53 Recherches

119 695 463 69 expérimentales
627 700 57 47 et
727 693 287 67 cliniques.
1094 691 185 68 Paris,
1323 691 229 53 Masson
1596 693 46 50 &
1686 709 28 34 ci
1732 696 19 22 e
1756 732 11 26 ,
1812 693 151 50 1936.

187 770 86 39 214
299 780 44 38 p.
399 768 142 47 illus.,
572 767 179 50 diagrs.
807 767 55 40 22
867 769 43 21 cm
914 799 9 9 .

190 824 417 50 “Bibliographie”:
668 835 44 38 p.
748 823 247 51 [205]-210.

120 877 1991 54 © Dec. 14, 1935; 1c. Apr. 3, 1936; A- Foreign 31190; Masson et oie.
199 939 279 48 (36-14574)

119 1029 278 64 Graham,
423 1027 214 54 Lucile.

251 1101 1480 70 … Hills and valleys. New York, H. Harrison [c1936]
190 1177 55 41 63
277 1187 42 38 p.
379 1176 56 40 22
438 1179 44 21 cm
486 1207 10 11 .

190 1233 64 41 At
279 1233 124 40 head
429 1232 51 41 of
508 1232 107 40 title:
673 1233 169 39 Poems
870 1232 60 47 by
958 1231 164 40 Lucile
1149 1231 226 41 Graham.

119 1287 54 52 ©
202 1292 121 38 Mar.
354 1289 68 47 24,
453 1288 141 48 1936;
627 1289 67 40 2c.
726 1289 95 38 and
853 1288 81 41 aff.
967 1289 125 39 June
1123 1289 81 46 22;
1240 1289 41 38 A
1309 1287 169 47 96115;
1515 1288 167 46 Henry
1715 1286 257 40 Harrison.

198 1345 279 50 (36-14591)

120 1437 236 64 Grenet,
383 1436 204 53 Henri.

191 1512 375 55 Conférences
602 1511 272 67 cliniques
910 1512 66 51 de
1011 1510 275 52 médicine
1322 1509 288 68 infantile,
1645 1528 106 49 par
1785 1509 77 53 H.
1902 1508 213 56 Grenet

181 1587 1935 71 … Quatrième série. Avec 51 figures. Paris, Vigot frères,
122 1673 150 51 1936.

189 1744 86 42 340
301 1755 43 38 p.
399 1744 143 47 illus.,
571 1744 178 47 diagrs.
806 1743 57 40 25
865 1745 44 22 cm
915 1775 9 10 .

121 1798 1690 52 © Feb. 3, 1936; 1c. Apr. 18; A- Foreign 31385; Vigot frères.
200 1857 278 49 (36-14457)

122 1939 172 63 Gsell,
320 1939 163 63 Paul,
512 1940 171 54 1870-

252 2004 1861 78 … Le monde a l’endroit: U. R. S. S. Paris, Éditions sociales
122 2094 480 65 internationales,
636 2098 148 50 1936.

193 2166 463 49 267 p., 2 l. 19 cm .
122 2220 1995 54 © Mar. 10, 1936; 1c. May 11; A- Foreign 31707; Editions sociales
191 2281 417 40 internationales.
676 2280 280 48 (36-14408)

123 2358 279 63 Gwynne,
429 2357 272 55 Erskine.

191 2435 166 52 Paris
396 2434 460 67 pandemonium,
895 2435 74 67 by
1012 2435 242 51 Erskine
1297 2435 272 67 Gwynne.
1645 2435 137 53 New
1823 2436 180 66 York,
2047 2437 67 52 R.

124 2512 221 66 Speller
378 2546 13 33 [
396 2519 17 20 c
419 2516 133 49 1936
558 2546 12 33 ]

191 2583 560 50 3 p. l., 218 p. 19½ cm .
194 2640 159 40 “First
384 2640 225 40 edition.”

124 2693 53 53 ©
210 2699 113 45 May
358 2697 67 48 26,
453 2695 148 48 1936;
635 2697 68 40 2c.
739 2698 127 39 June
899 2698 53 46 3;
990 2697 83 41 aff.
1110 2697 128 39 June
1271 2698 52 45 8;
1362 2698 38 38 A
1436 2696 171 47 95878;
1646 2699 52 41 E.
1736 2697 227 48 Gwynne,
2001 2699 117 38 New

194 2754 142 39 York.

126 2830 53 50 A
219 2827 310 53 handbook
571 2846 73 35 on
684 2827 308 53 Hawaiian
1034 2828 151 65 soils,
1227 2828 74 67 by
1343 2829 88 54 W.
1475 2830 88 53 W.
1608 2829 69 54 G.
1721 2828 168 66 Moir,
1931 2829 70 55 O.
2045 2829 69 54 N.

194 2904 1919 70 Allen, O. C. Magistad [and others] … [Honolulu, Hawaii]
193 2982 360 54 Association
584 2983 63 52 of
679 2983 308 52 Hawaiian
1022 3002 174 50 sugar
1223 2983 424 68 technologists,
1679 2992 18 21 c
1702 2987 150 50 1936.

196 3058 85 40 266
305 3069 43 37 p.
379 3058 109 42 incl.
517 3057 142 49 illus.,
691 3058 169 48 tables,
889 3058 178 48 diagrs.
1125 3057 57 41 26
1184 3060 43 21 cm
1233 3090 8 9 .

197 3113 180 41 “These
408 3115 208 39 lectures
648 3124 128 29 were
806 3115 255 47 presented
1093 3124 54 30 as
1180 3125 27 29 a
1242 3115 136 39 short
1412 3124 167 30 course
1613 3124 60 30 on
1705 3115 263 40 Hawaiian
2003 3116 115 40 soils

176 3169 1941 49 … under the auspices of the University of Hawaii from October 28 to
126 3228 69 46 31,
219 3226 126 48 1935,
373 3230 51 37 at
447 3227 294 47 Farrington
766 3227 114 39 hall.
933 3227 102 40 The
1059 3226 336 48 Agricultural
1418 3226 181 41 section
1626 3227 53 41 of
1704 3228 81 40 the
1810 3226 307 42 Association

128 3284 51 39 of
200 3283 261 40 Hawaiian
483 3293 150 37 sugar
659 3282 344 48 technologists
1027 3283 255 47 presented
1307 3282 98 41 this
1430 3293 225 37 program
1681 3284 48 39 in
1754 3284 135 47 place
1915 3284 52 40 of
1992 3283 127 42 their

129 3337 1989 51 regular meeting … and are issuing these lectures as a publication in
128 3398 135 46 place
294 3396 50 40 of
374 3397 80 39 the
490 3397 141 39 usual
666 3394 547 49 proceedings.”—Pref.

197 3453 222 39 Includes
442 3452 390 47 bibliographies.
886 3451 291 40 “Reference
1201 3454 48 37 to
1272 3450 323 48 publications
1619 3463 59 29 on
1702 3451 262 42 Hawaiian
1991 3453 129 48 soils,

130 3510 233 48 prepared
389 3509 60 48 by
477 3509 55 40 D.
562 3508 44 42 S.
632 3508 132 41 Judd
791 3508 94 40 and
911 3508 59 40 K.
996 3507 61 42 H.
1085 3505 154 50 Berg”:
1296 3518 42 38 p.
1382 3506 234 52 [259]-266.

128 3562 52 53 ©
219 3567 111 46 Apr.
371 3566 68 46 27,
479 3565 138 46 1936;
660 3565 66 40 2c.
769 3566 112 45 May
922 3566 80 40 11;
1046 3565 82 39 aff.
1170 3564 127 39 June
1336 3565 51 41 8;
1429 3567 41 37 A
1507 3564 172 48 95595;
1722 3565 308 40 Association
2069 3565 53 40 of

198 3621 259 41 Hawaiian
482 3632 148 36 sugar
651 3620 362 48 technologists.
1075 3619 279 49 (36-14459)
1909 3621 119 42 5576

130 3698 176 62 Herb,
334 3698 244 54 Charles
601 3698 65 56 O.

199 3773 369 68 Die-casting.
637 3773 123 53 The
793 3773 339 67 die-casting
1162 3790 222 50 process
1418 3773 111 52 and
1565 3773 72 52 its
1673 3772 353 68 application
2058 3774 58 52 in

130 3850 235 53 modern
404 3850 415 66 manufacture,
860 3848 339 69 die-casting
1238 3849 303 67 machines,
1583 3850 197 66 design
1821 3850 63 52 of
134 3850 1960 130 different
253 3933 162 61 types
442 3926 63 52 of
531 3927 136 67 dies,
695 3926 371 68 composition
1095 3926 111 52 and
1235 3926 317 68 properties
1581 3926 63 53 of
1671 3925 341 69 die-casting
133 3929 1959 142 alloys,
305 4004 111 51 and
448 4004 93 53 the
577 4004 340 67 die-casting
948 4003 63 52 of
1043 4003 141 67 zinc,
1216 4001 332 69 aluminum,
1580 4004 176 67 brass,
1788 4005 161 52 other
