2519 4377
1307 4116 98 54 678

365 428 56 52 A
449 425 272 65 pictorial
751 432 131 48 tour
911 428 63 52 of
1002 429 95 53 the
1125 427 213 55 Pacific
1364 430 338 66 southwest;
1736 430 170 67 being
1936 451 31 34 a
1997 431 169 56 series

2197 432 63 54 of
431 452 1919 118 reproductions
843 502 152 55 from
1030 505 397 70 photographs
1460 505 65 54 of
1560 504 290 71 principal
1884 512 158 64 spots
2077 507 65 54 of
2176 508 200 69 scenic,

434 580 282 55 romantic
744 583 114 53 and
885 582 236 55 historic
1148 584 235 53 interest
1411 584 59 53 in
1500 585 100 53 the
1624 585 215 54 Pacific
1865 586 326 55 southwest.
2256 586 120 57 San

432 660 325 68 Francisco,
792 660 209 56 Sunset
1032 681 176 50 press,
1238 668 19 23 c
1262 665 152 51 1936.

452 748 72 52 [48]
553 760 42 37 p.
624 748 54 42 of
700 748 128 41 illus.
888 747 119 45 31cm.

365 818 53 54 ©
441 824 114 47 May
578 823 69 48 12,
674 822 139 48 1936;
840 822 66 41 2c.
932 823 96 40 and
1053 823 82 40 aff.
1162 824 114 47 May
1301 824 55 39 25;
1410 824 42 39 A
1474 823 172 48 95380;
1678 825 175 41 Sunset
1877 836 152 37 press.

445 880 283 48 (36-11016)

363 985 339 65 Polhamus,
727 986 256 55 William
1009 986 242 55 Robert.

435 1064 122 53 The
610 1065 303 66 unveiling
962 1064 64 52 of
1080 1065 167 54 Jesus
1303 1064 225 66 Christ;
1584 1065 96 52 the
1732 1065 197 67 things
1984 1065 186 53 which
2224 1071 151 49 must

363 1142 224 68 shortly
624 1161 155 36 come
817 1148 57 49 to
913 1161 149 49 pass,
1102 1161 31 34 a
1170 1143 173 67 study
1381 1143 63 53 of
1483 1144 99 53 the
1618 1143 147 53 book
1803 1143 64 53 of
1906 1143 355 68 Revelation,
2300 1145 74 68 by

362 1220 2011 69 William Robert Polhamus … New York [etc.] Fleming H.
361 1299 199 54 Revell
585 1318 283 49 company
899 1333 12 33 [c
940 1303 135 50 1936
1080 1333 13 34 ]

435 1383 85 41 184
549 1394 44 37 p.
653 1383 130 41 illus.
824 1382 133 49 (incl.
987 1382 164 49 maps)
1189 1382 179 49 diagrs.
1432 1383 147 49 19½cm.

435 1453 313 49 “Appendix:
790 1454 102 40 The
931 1453 250 49 unveiling
1221 1454 52 40 of
1312 1454 145 41 Jesus
1498 1455 180 41 Christ.
1745 1455 40 39 A
1826 1455 296 41 translation
2164 1457 50 40 of
2257 1458 115 42 ‘The

365 1512 287 40 Revelation
681 1511 51 41 of
763 1511 67 41 St.
859 1509 142 42 John’
1031 1512 62 47 by
1121 1510 217 41 William
1368 1513 56 39 R.
1455 1512 322 40 Polhamus”:
1806 1524 44 38 p.
1878 1513 220 41 143-184.

361 1582 1859 54 © May 9, 1936; 2c. and aff. May 15; A 95179; Fleming H. Revell co.
442 1644 283 49 (36-11123)

364 1747 308 67 [Ragland,
699 1748 200 54 Rufus
924 1746 114 66 Ely]
1089 1753 173 50 1863-

433 1825 328 56 California
802 1824 255 54 business
1098 1826 138 52 laws
1278 1824 113 53 and
1435 1824 210 68 forms;
1690 1830 277 64 property
2011 1825 203 69 rights,
2255 1827 117 52 real

359 1909 177 49 estate
563 1906 157 66 laws,
746 1903 151 70 legal
925 1904 113 53 and
1068 1904 357 53 commercial
1455 1903 199 69 forms,
1683 1903 286 54 reference
1998 1904 198 68 tables,
2223 1906 149 67 legal

360 1983 113 53 and
512 1983 357 54 commercial
905 1987 173 49 terms
1115 1983 60 52 in
1213 2001 257 35 common
1506 2001 112 35 use.
1691 1981 136 55 47th
1864 1983 300 53 thousand.
2241 1985 131 51 12th

359 2061 83 53 ed.
511 2061 288 69 Oakland,
828 2060 195 70 Calif.,
1052 2061 72 54 A.
1213 2105 11 10 V.
1253 2061 156 54 Lake
1438 2064 46 51 &
1511 2080 78 35 co.
1624 2095 13 34 [
1642 2068 18 21 c
1665 2065 153 64 1936]

429 2150 85 40 174
545 2161 44 38 p.
650 2148 148 42 20½cm.

358 2217 53 55 ©
435 2222 110 41 Jan.
571 2222 68 48 17,
666 2221 142 48 1936;
834 2220 69 43 2c.
929 2222 96 40 and
1052 2221 82 42 aff.
1160 2222 115 48 May
1302 2221 82 47 15;
1412 2221 41 40 A
1478 2220 171 49 95193;
1678 2221 54 42 A.
1757 2222 55 41 V.
1839 2221 133 41 Lake
1998 2221 37 41 &
2058 2230 68 34 co.

438 2279 283 49 (36-11080)

356 2386 281 65 Robbins,
661 2385 247 65 Phyllis.

428 2464 325 54 Incentives
786 2468 60 49 to
879 2462 406 69 composition;
1321 2481 73 35 an
1426 2463 290 68 approach
1752 2468 59 49 to
1847 2462 235 69 writing
2116 2462 252 70 through

358 2539 2009 72 subject stimulus, by Phyllis Robbins … Cambridge, Harvard
359 2621 319 68 university
707 2639 175 50 press,
911 2623 152 51 1936.

426 2704 1887 52 xv, 515 p. illus. 22cm. (Half-title: Harvard studies in education …
357 2777 40 31 v.
427 2765 82 49 27)

426 2838 227 41 Includes
686 2835 391 51 bibliographies.

356 2905 53 54 ©
437 2910 113 47 Apr.
579 2909 70 47 22,
681 2908 118 41 1936;
853 2908 67 41 2c.
951 2909 114 47 Apr.
1095 2908 83 46 24;
1213 2907 80 40 aff.
1328 2909 114 47 May
1473 2908 81 45 12;
1588 2908 41 38 A
1659 2906 171 42 95147;

1865 2905 258 43 President
2154 2908 96 39 and
433 2906 1915 101 fellows
578 2967 53 39 of
655 2968 230 38 Harvard
913 2967 193 47 college,
1135 2965 302 49 Cambridge,
1465 2966 147 39 Mass.
1678 2964 281 47 (36-11032)

356 3071 375 64 Rosenholtz,
757 3071 229 56 Jennie.

428 3145 170 69 Upon
648 3146 105 69 thy
801 3146 318 69 doorposts,
1166 3145 75 70 by
1290 3144 205 55 Jennie
1543 3143 362 55 Rosenholtz.
1993 3143 138 54 New
2182 3142 182 69 York,

357 3224 179 54 Bloch
567 3224 338 70 publishing
936 3242 299 52 company,
1267 3226 150 51 1936.

422 3304 554 50 4 p. l., 167 p. 19½cm.
356 3374 1821 54 © May 28, 1936; 2c. and aff. June 1; A 94700; Bloch pub. co., inc.
435 3436 281 47 (36-11055)

355 3541 191 65 Rowe,
570 3540 155 54 John
751 3538 328 57 Wilkinson
1107 3539 230 56 Foster.

425 3617 258 54 Markets
724 3619 112 51 and
876 3636 155 48 men;
1074 3636 32 33 a
1143 3616 172 68 study
1353 3614 63 55 of
1454 3614 268 55 artificial
1760 3615 220 52 control
2018 3614 245 53 schemes
2301 3613 59 52 in

356 3692 2005 72 some primary industries, by J. W. F. Rowe … New York,
355 3775 120 52 The
515 3774 334 54 Macmillan
892 3792 308 51 company;
1247 3772 363 69 Cambridge,
1653 3774 167 66 Eng.,
1861 3772 122 53 The
2024 3770 336 67 University

356 3872 172 50 press,
561 3857 152 51 1936.

430 3927 62 46 ix,
522 3926 86 41 259
636 3937 43 37 p.
710 3926 110 40 incl.
849 3936 136 38 maps
1012 3925 49 48 (1
1091 3925 198 48 double)
1327 3925 172 48 plates.
1558 3923 147 42 19½cm.

353 3995 54 53 ©
432 4000 112 45 May
569 3998 68 43 19,
663 3997 140 47 1936;
830 4000 66 38 2c.
922 3999 95 39 and
1044 3998 81 41 aff.
1154 3999 112 46 May
1291 3997 82 47 20;
1402 3998 41 38 A
1466 3995 172 47 95271;
1667 3994 280 42 Macmillan
1976 4006 67 29 co.

436 4055 281 49 (36-10990)
