2519 4377
1267 4131 100 50 490

313 446 285 64 Johnson,
625 446 266 52 Herman
919 444 265 56 Clifford.

380 520 241 54 Heaven
651 520 256 53 haunted
942 520 139 53 flesh
1122 520 109 69 [by]
1268 520 262 53 Herman
1566 519 248 55 Clifford
1850 521 278 54 Johnson.
314 519 1988 149 [Salem,
468 601 193 67 Mass.,
687 599 305 53 Newcomb
1020 601 45 50 &
1090 598 186 55 Gauss
1304 617 98 50 co.,
1434 601 153 65 1936]

383 671 527 51 2 p. l. , 56 p. 21½ cm .
385 731 163 40 “First
571 731 187 40 edition
781 730 187 41 limited
995 733 48 38 to
1067 730 86 40 200
1179 730 173 49 copies,
1377 740 74 31 no.
1479 729 130 41 179.”

385 786 221 44 Sonnets.

314 844 54 53 ©
399 849 114 47 Apr.
545 848 40 47 3,
616 846 116 41 1936;
793 847 68 41 2c.
896 849 93 38 and
1025 846 81 41 aff.
1139 848 100 47 Apr
1286 849 25 39 7;
1376 849 39 38 A
1448 848 145 40 93545;
1657 849 60 40 H.
1752 848 49 41 C.
1837 849 235 47 Johnson,
2106 849 222 44 Beverly,

388 906 147 42 Mass.
599 903 253 50 (36-9257)

317 997 242 66 [Keedy,
591 996 248 55 Charles
871 996 287 66 Cochran]
1196 1002 328 50 1891-1934.

381 1072 301 53 Delaware
714 1072 365 68 corporation
1112 1072 111 53 law
1256 1071 330 70 annotated,
1621 1071 337 70 containing
1991 1073 95 52 the

311 1070 1992 134 constitutional
589 1150 325 69 provisions
943 1149 67 55 of
1038 1151 97 53 the
1165 1156 147 48 state
1342 1149 65 55 of
1435 1150 301 53 Delaware
1767 1151 242 53 relative
2037 1157 58 47 to

313 1167 1989 131 corporations,
577 1230 96 53 the
704 1228 249 56 General
980 1229 367 69 corporation
1378 1230 110 52 law
1519 1228 66 54 of
1614 1230 95 53 the
1741 1233 147 49 state
1918 1228 64 55 of
2011 1229 317 67 Delaware,

312 1306 303 72 including
650 1309 97 53 the
789 1311 134 50 1935
964 1309 410 69 amendments,
1415 1309 113 52 and
1569 1309 96 52 the
1704 1306 314 56 Franchise
2057 1313 101 48 tax
2199 1309 128 67 law,

311 1387 79 52 all
414 1388 311 53 annotated
748 1387 141 53 with
912 1388 95 52 the
1032 1387 289 68 pertinent
1347 1387 279 53 decisions
1651 1387 64 54 of
1736 1388 95 53 the
1856 1393 190 48 courts
2068 1387 65 54 of
313 1387 1988 132 Delaware

490 1467 114 53 and
632 1466 300 53 elsewhere;
993 1466 118 53 also
1141 1466 365 53 annotations
1533 1466 64 53 of
1625 1466 290 69 pertinent
1947 1467 378 68 receivership

311 1562 151 36 cases
494 1544 139 54 with
665 1546 97 52 the
788 1545 378 69 appropriate
1194 1545 150 53 rules
1375 1544 64 54 of
1468 1545 100 53 the
1597 1544 182 55 Court
1808 1545 66 54 of
1904 1546 279 70 chancery
2213 1546 114 53 and

313 1625 64 52 of
409 1625 95 53 the
538 1624 278 69 Supreme
850 1630 163 48 court
1046 1624 64 54 of
1145 1625 94 53 the
1273 1630 144 48 state
1450 1624 66 54 of
1548 1625 318 54 Delaware.
1939 1626 92 69 By
2064 1626 185 55 Ward
2283 1627 46 50 &

312 1702 160 70 Gray
509 1747 55 10 ...
637 1704 141 53 New
809 1703 182 69 York,
1023 1704 202 68 Jersey
1255 1702 136 71 City
1446 1709 121 62 [etc.]
1603 1704 122 53 The
1760 1704 386 68 Corporation
2177 1709 150 49 trust

311 1800 282 52 company
633 1816 13 34 [
652 1789 19 21 c
676 1785 153 65 1936]

386 1858 62 40 xi.
475 1856 86 41 350
588 1867 42 38 p.
693 1855 55 41 23
753 1859 44 20 cm
800 1888 9 8 .

386 1914 129 41 “The
545 1917 197 45 present
773 1914 184 40 edition
995 1945 45 9 ...
1075 1915 41 38 is
1147 1925 25 29 a
1209 1914 233 48 complete
1477 1914 210 41 revision
1720 1914 53 41 of
1804 1915 273 40 ‘Delaware
315 1924 1995 86 corporation
454 1973 92 39 law
582 1973 96 39 and
712 1971 167 48 equity
916 1972 240 47 practice",
1193 1972 255 47 published
1483 1972 64 48 by
1580 1974 81 39 the
1699 1974 98 39 late
1836 1972 203 41 Charles
2075 1972 49 41 C.
2162 1972 167 47 Keedy

318 2060 45 9 ...
402 2031 48 39 in
487 2029 128 49 1931,
651 2031 96 39 and
782 2028 191 42 revised
1009 2030 50 40 in
1097 2032 15 37 3
1125 2029 85 41 934
1289 2030 118 40 This
1443 2030 210 40 revision
1689 2031 90 39 has
1816 2030 118 40 been
1973 2032 141 39 made
2150 2030 61 48 by
2247 2031 81 39 the

313 2088 276 46 company’s
623 2087 259 41 Delaware
918 2088 301 40 counsel.”—p
1265 2087 86 41 ref.

387 2145 178 41 “Table
591 2146 51 39 of
667 2144 165 42 cases”;
890 2155 44 38 p.
959 2144 219 41 295-326.

315 2201 53 53 ©
402 2206 113 47 Apr.
550 2206 69 46 18,
655 2205 142 46 1936;
834 2204 67 43 2c.
935 2206 94 38 and
1067 2205 81 38 aff.
1185 2205 113 48 Apr.
1333 2204 82 44 21;
1453 2206 40 38 A
1527 2204 172 48 93740;
1738 2206 322 48 Corporation
2097 2209 130 38 trust
2261 2217 68 29 co.

395 2263 253 48 (36-9370)

313 2356 274 63 Laporte,
615 2356 283 54 Maurice.

390 2475 55 9 ...
487 2429 260 55 Histoire
786 2431 69 52 de
891 2430 339 64 l’Okhrana,
1265 2431 55 52 la
1361 2429 180 69 police
1579 2432 207 52 secrète
1820 2431 95 53 des
1955 2436 165 62 tsars,
2162 2434 171 49 1880-

315 2511 150 52 1917.
536 2509 246 53 Préface
810 2510 69 52 de
911 2509 293 55 Vladimir
1239 2511 302 51 Bourtzev.
1611 2511 186 64 Paris,
1831 2511 206 66 Payot,
2073 2513 149 49 1935.

385 2585 99 46 245,
514 2586 54 48 [1]
599 2596 42 36 p.
696 2584 55 40 23
756 2587 43 20 cm
805 2616 8 8 .
879 2583 291 47 (Collection
1195 2583 232 48 d’études,
1453 2586 57 38 de
1536 2586 284 38 documents
1845 2586 48 38 et
1917 2585 58 39 de
2001 2584 328 49 témoignages

315 2652 120 38 pour
463 2642 157 39 servir
646 2641 30 40 à
701 2639 241 41 l’histoire
969 2642 61 39 de
1053 2643 140 38 notre
1222 2640 180 48 temps)

386 2697 415 49 Bibliographical
834 2698 280 39 foot-notes.

314 2751 53 53 ©
406 2756 127 47 Sept.
570 2756 69 45 17,
677 2754 114 40 1935;
885 2766 37 28 1c.
961 2754 110 41 Feb.
1109 2755 68 42 17,
1216 2754 113 39 1936;
1394 2755 103 38 A-
1500 2755 206 47 Foreign
1743 2754 144 41 30505;
1955 2755 169 48 Payot.

397 2812 251 48 (36-9591)

314 2905 288 64 Laprade,
633 2904 256 55 William
919 2904 277 64 Thomas,
1231 2909 170 50 1883-

387 2982 205 53 Public
627 2980 238 70 opinion
903 2981 112 52 and
1055 2978 229 72 politics
1318 2981 59 52 in
1417 2981 326 68 eighteenth
1781 2987 238 63 century
2056 2981 273 69 England

317 3068 58 46 to
404 3063 96 51 the
533 3061 110 52 fall
675 3060 63 54 of
768 3061 284 67 Walpole,
1080 3060 75 68 by
1184 3059 263 55 William
1478 3060 249 53 Thomas
1759 3060 267 67 Laprade
2063 3103 55 10 ...
2188 3060 140 52 New

320 3140 178 66 York,
529 3139 123 53 The
683 3137 337 53 Macmillan
1052 3155 298 50 company,
1382 3140 151 51 1936.

387 3212 86 41 viii
502 3224 58 38 p.,
589 3214 25 39 1
642 3214 45 45 1.,
715 3211 85 41 463
830 3223 42 38 p.
933 3211 55 39 22
993 3214 43 21 cm
1042 3246 7 6 .

317 3267 53 53 ©
404 3273 113 46 Apr.
554 3271 68 46 25,
662 3269 140 47 1936;
841 3270 67 41 2c.
945 3271 95 39 and
1077 3270 82 41 aff.
1197 3271 112 46 Apr.
1347 3270 55 39 27;
1470 3271 38 37 A
1545 3268 171 49 93824;
1757 3268 282 40 Macmillan
2078 3278 67 30 co.

398 3327 252 49 (36-9397)

316 3419 220 64 Leddy,
566 3420 176 53 Cave.

397 3539 54 10 ...
487 3494 250 54 Arizona
769 3494 146 53 luck.
994 3494 135 53 New
1163 3493 180 64 York,
1373 3490 270 72 Chicago,
1672 3493 69 53 A.
1773 3492 63 54 L.
1866 3491 152 52 Burt
2047 3506 277 53 company

343 3576 155 50 [ c 1936]
388 3645 61 44 vi,
482 3644 147 40 7-256
660 3655 42 37 p.
766 3643 148 41 front.
977 3643 146 41 20½cm.
1188 3647 106 45 [His
1328 3644 221 39 Western
1585 3644 92 39 and
1712 3645 271 38 adventure
2015 3643 165 46 series]

394 3702 287 39 Illustrated
715 3702 363 46 lining-papers.

319 3758 53 53 ©
405 3763 112 46 Apr.
551 3762 68 46 27,
655 3761 113 39 1936;
831 3762 67 41 2c.
933 3761 96 39 and
1062 3759 82 41 aff.
1178 3760 113 47 Apr.
1325 3758 55 40 29;
1445 3761 39 37 A
1517 3758 145 41 93865;
1726 3760 53 37 A.
1816 3760 49 39 L.
1902 3759 123 39 Burt
2061 3769 68 29 co.

399 3819 252 46 (36-9384)

319 3894 372 63 Lewinsohn,
721 3894 277 60 Richard,
1031 3899 170 50 1894-

394 4014 55 9 ...
490 3972 105 53 Les
631 3970 201 68 profits
868 3972 67 51 de
964 3988 201 49 guerre
1200 3971 30 50 à
1261 3976 219 46 travers
1513 3969 78 52 les
1626 3967 208 54 siècles.
1904 3968 187 60 Paris,
2124 3968 203 67 Payot,

321 4054 148 48 1935.
