2519 4377
1037 4151 130 50 1713

103 477 244 64 Abbott,
376 476 201 64 Edith,
607 479 171 54 1876-

173 569 121 53 The
344 573 308 49 tenements
702 567 63 53 of
815 567 269 68 Chicago,
1135 570 326 63 1908-1935,
1507 567 75 66 by
1633 567 181 53 Edith
1866 567 236 57 Abbott,

105 645 233 54 assisted
374 646 74 66 by
486 645 360 68 Sophonisba
882 647 64 52 P.
986 644 430 68 Breckinridge,
1456 646 109 51 and
1606 645 162 53 other
1805 643 297 54 associates

105 725 57 52 in
187 724 95 53 the
310 722 203 56 School
541 724 63 53 of
630 722 171 53 social
827 722 210 54 service
1065 721 464 54 administration
1557 722 62 53 of
1645 723 95 52 the
1765 722 337 67 University

104 801 63 54 of
208 801 266 67 Chicago.
552 800 271 67 Chicago,
862 800 113 65 Ill.,
1016 801 120 51 The
1176 800 337 67 University
1552 800 63 53 of
1656 798 250 69 Chicago
1945 818 157 49 press

126 882 156 51 [°1936
288 913 12 34 ]

170 962 67 30 xx
264 962 58 39 p.,
354 951 24 41 1
443 983 9 17 l.,
481 950 85 43 505
596 962 43 38 p.
700 950 164 48 front.,
894 949 171 51 plates,
1096 961 137 39 maps
1273 949 136 51 (part
1438 949 143 49 fold.)
1650 949 55 42 23½c
1756 951 26 23 m
1787 982 10 9 .

106 1019 53 53 ©
187 1023 115 39 Nov.
335 1020 68 50 10,
434 1021 139 47 1936;
604 1021 67 39 2c.
705 1022 94 38 and
830 1022 82 39 aff.
942 1022 116 39 Nov.
1092 1020 79 42 13:
1204 1021 40 39 A
1275 1019 171 43 99846:
1483 1019 281 56 University
1796 1021 51 38 of
1878 1020 224 43 Chicago.

177 1079 223 48 Chicago.
465 1077 282 49 (36-32310)

104 1183 246 56 Amdur,
376 1181 162 55 Alice
562 1182 252 55 Steiner.

174 1261 120 52 The
322 1263 203 63 poetry
553 1259 63 54 of
646 1261 150 51 Ezra
826 1259 222 66 Pound,
1077 1259 75 67 by
1179 1256 162 55 Alice
1373 1257 223 56 Steiner
1626 1258 240 54 Amdur.
103 1258 1974 147 Cambridge,
346 1339 190 64 Mass.,
560 1337 275 53 Harvard
860 1337 319 66 university
1204 1354 174 50 press,
1407 1339 150 51 1936.

175 1410 84 40 106
291 1421 42 37 p.
391 1409 57 40 20
450 1412 43 20 cm
498 1441 8 8 .
575 1409 300 47 (Half-title:
905 1408 243 42 Radcliffe
1177 1410 178 40 honors
1386 1409 162 41 theses
1580 1408 48 40 in
1660 1408 217 49 English,
1937 1420 75 29 no.
2045 1410 50 47 5)

175 1467 184 39 “Three
391 1467 220 38 hundred
645 1465 159 48 copies
836 1465 53 40 of
922 1465 98 41 this
1054 1465 122 40 book
1208 1465 123 40 have
1364 1465 117 40 been
1515 1465 194 47 printed
1744 1467 94 39 and
1875 1466 81 40 the
1992 1468 111 46 type

103 1522 338 42 distributed.”

174 1578 374 50 Bibliography:
583 1589 42 38 p.
659 1577 249 52 [101]-106.

106 1646 52 53 ©
198 1650 116 41 Nov.
355 1650 40 46 Ö,
435 1649 140 40 1936:
618 1651 67 39 2c.
727 1650 116 39 Nov.
886 1649 80 45 12;
1008 1649 81 40 aff.
1130 1650 116 38 Nov.
1290 1648 52 47 9;
1386 1650 37 38 A
1466 1648 199 48 100408;
1710 1649 255 40 President
2006 1651 96 38 and

175 1707 188 40 fellows
390 1706 52 39 of
468 1706 231 40 Harvard
726 1706 192 46 college.
948 1704 301 48 Cambridge.
1280 1707 145 41 Mass.
1491 1705 281 49 (36-32375)

103 1810 311 65 Appleton,
446 1811 265 52 Everard
741 1810 164 64 Jack,
936 1813 325 53 1872-1931.

174 1888 119 53 The
343 1886 153 68 quiet
544 1905 241 50 courage
836 1886 112 54 and
998 1887 162 54 other
1210 1905 168 50 songs
1428 1888 62 52 of
1540 1888 96 52 the
1685 1887 293 68 unafraid,
2029 1888 73 66 by

104 1964 259 54 Everard
405 1965 147 56 Jack
594 1966 312 67 Appleton.
980 1966 100 52 4th
1126 1984 112 35 rev.
1285 1965 112 53 and
1442 1965 106 53 enl.
1593 1965 84 54 ed.
1755 1965 348 67 Cincinnati,

104 2042 56 54 J.
188 2041 68 55 G.
284 2041 163 53 Kidd
474 2044 45 49 &
546 2060 119 47 son,
692 2042 108 53 inc.
835 2074 12 34 [
852 2048 19 22 c
876 2044 152 65 1936]

173 2114 623 50 4 p. l. , 7-119 p. 20½ cm .
106 2180 53 54 ©
187 2185 116 39 Nov.
333 2184 41 48 4,
405 2183 141 42 1936:
579 2183 69 42 2c.
680 2184 94 39 and
807 2184 80 39 aff.
920 2185 117 40 Nov.
1067 2183 27 39 9
1112 2195 8 30 :
1157 2186 39 38 A
1226 2183 146 41 99747
1389 2195 9 36 ;
1432 2185 158 40 Susan
1623 2185 53 41 A.
1708 2185 255 48 Appleton,
175 2185 1911 97 Cincinnati.
439 2240 282 50 (36-32370)

101 2347 265 54 Atlantic
419 2348 198 65 digest.
717 2350 131 48 1936
902 2347 226 52 annual.
1223 2347 286 68 Covering
1561 2348 250 53 volumes
1866 2351 236 50 180-185

173 2425 258 53 Atlantic
463 2432 274 60 reporter,
771 2424 135 53 with
940 2425 315 53 references
1285 2430 57 48 to
1373 2427 448 67 corresponding
1853 2427 251 53 volumes

172 2503 1931 68 of state reports as far as available … Table of cases, table
174 2581 1928 68 of statutes construed … By the publisher’s editorial staff.
176 2659 81 55 St.
283 2659 164 58 Paul,
471 2658 202 55 Minn.,
694 2661 155 52 West
878 2658 333 68 publishing
1235 2677 76 36 co.
1345 2693 11 34 [
1362 2666 18 21 c
1387 2662 131 49 1036
1525 2693 11 34 ]

205 2732 54 39 864
291 2742 43 38 p.
393 2731 57 40 26
453 2735 45 20 cm
502 2762 7 7 .

105 2790 53 53 ©
180 2795 116 38 Nov.
321 2793 69 49 19,
415 2793 115 41 1936
546 2805 8 36 ;
582 2793 66 41 2c.
676 2793 96 40 and
797 2795 80 38 aff.
904 2795 111 39 Dec.
1042 2794 54 38 14
1114 2805 9 30 ;
1152 2796 38 37 A
1217 2792 174 42 101344
1408 2806 8 29 :
1446 2796 133 39 West
1604 2795 109 48 pub.
1739 2805 68 32 co.

107 2898 335 65 Beardsley,
468 2902 138 51 Mrs.
635 2898 163 55 Alice
825 2898 262 56 LeVern.

170 2973 325 54 Wildwood
518 2973 383 69 symphonies,
923 2974 76 69 by
1022 2974 163 53 Alice
1209 2975 240 54 LeVern
1476 2976 328 69 Beardsley.
1867 2977 234 66 Boston,

107 3051 62 54 B.
196 3050 374 69 Humphries,
598 3051 108 54 inc.
744 3084 13 35 [
760 3058 20 21 c
784 3054 135 51 1932]

170 3123 85 39 viii
283 3134 57 38 p.,
369 3125 25 39 1
459 3155 8 15 l.,
497 3123 145 42 11-88
671 3134 43 38 p.
774 3124 147 42 21½cm.

106 3178 53 53 ©
188 3182 100 41 Oct.
317 3181 69 42 13.
416 3181 141 46 1932;
588 3181 67 43 2c.
685 3183 117 40 Nov.
833 3182 68 48 16,
935 3182 140 47 1936;
1106 3183 83 41 aff.
1218 3183 100 41 Oct.
1350 3183 82 43 30:
1466 3185 39 38 A
1535 3184 173 40 100459
1726 3196 9 36 ;
1769 3186 156 39 Bruce
175 3187 1911 99 Humphries,
381 3239 90 40 inc.
537 3238 282 49 (36-32363)

156 3340 249 64 Beilstein,
433 3340 304 54 Friedrich
765 3343 258 54 Konrad.

178 3419 302 52 Beilsteins
515 3420 302 52 handbuch
858 3421 99 51 der
995 3420 370 67 organischen
1403 3422 227 54 chemie.
1704 3427 47 50 4.
1792 3424 128 52 auh.
1996 3423 107 54 Die

105 3497 1972 130 literatur bis l. januar 1910 umfassend. Hrsg, von der Deutschen
299 3576 348 52 chemischen
682 3576 381 65 Gesellschaft,
1089 3577 292 67 begonnen
1414 3597 108 34 von
1555 3581 297 52 Bernhard
1888 3583 218 64 Prager

107 3654 112 51 und
246 3653 143 52 Paul
418 3653 300 56 Jacobson,
745 3653 358 67 fortgeführt
1134 3672 104 35 von
1266 3657 297 52 Friedrich
1591 3656 249 55 Richter.
1904 3661 80 49 24.
2012 3659 90 52 bd.

109 3730 486 63 Heterocyclische
643 3732 168 52 reihe.
893 3732 446 68 Verbindungen
1385 3732 102 53 mit
1534 3737 29 48 2
1608 3735 240 66 cyclisch
107 3737 1969 122 gebundenen
343 3806 527 57 stickstoffatomen.
931 3828 187 33 mono-
1179 3810 115 52 und
1357 3812 746 67 poly-oxo-verbindungen.

112 3885 210 55 Berlin,
347 3887 55 52 J.
433 3884 295 68 Springer,
757 3890 148 49 1936.

181 3956 792 51 xii. 577. [1] p. diagrs. 25 cm .
109 4021 1884 59 © Aug. 13. 19.36: 1c. Dec. 15; A -Foreign 33898 : Julius Springer.s
