2519 4377
1281 4092 139 52 1530

339 391 227 65 Meade,
594 389 201 55 Julian
823 388 395 57 Rutherford.

412 466 239 54 Adam’s
691 465 327 71 profession
1060 465 113 53 and
1212 465 76 54 its
1329 469 269 65 conquest
1636 465 77 69 by
1752 465 140 67 Eve,
1932 464 77 70 by
2047 464 207 56 Julian
2291 465 70 53 R.

342 542 2021 72 Meade; illustrated by George Salter … New York, Toronto,
341 624 348 70 Longmans,
718 623 190 56 Green
939 623 115 53 and
1085 640 300 52 company,
1417 625 154 52 1936.

410 696 668 53 4 p. l., 261 p. illus. 21½cm.
413 756 164 42 “First
609 755 231 43 edition.”

343 810 53 54 ©
428 814 103 43 Oct.
562 813 70 50 14,
664 812 118 42 1936;
840 813 69 41 2c.
942 814 103 41 Oct.
1080 813 55 40 16;
1197 813 83 41 aff.
1313 813 103 42 Oct.
1448 813 57 40 17;
1567 814 40 39 A
1638 812 147 41 98958;
1848 814 43 40 J.
1926 814 56 40 R.
2016 812 186 45 Meade.
412 814 1935 108 Danville,
618 882 43 30 Va.
733 869 284 51 (36-24648)

339 979 220 64 Moore,
581 976 198 67 Philip
802 977 61 57 S.

477 1050 1885 71 … The works of Peter of Poitiers, master in theology and
343 1129 1956 70 chancellor of Paris (1193-1205) … By Philip S. Moore …
349 1209 422 71 [Washington,
796 1209 72 55 D.
899 1209 82 68 C.]
1013 1209 123 55 The
1165 1206 265 58 Catholic
1454 1208 322 69 university
1803 1208 65 53 of
1895 1208 286 70 America,
2210 1210 150 53 1936.

413 1282 65 48 ix,
513 1282 73 50 [1],
618 1281 90 42 218
739 1291 44 39 p.
843 1278 57 43 23
902 1282 46 22 cm
952 1312 9 10 .

413 1338 174 42 Thesis
625 1338 17 50 (PH.
797 1337 333 50 D.)—Catholic
1157 1338 274 48 university
1459 1338 52 41 of
1539 1339 241 47 America,
1810 1337 130 43 1936.

418 1396 87 40 “In
536 1395 287 48 November,
856 1394 131 49 1932,
1021 1397 84 39 the
1137 1395 180 41 author
1350 1396 258 48 presented
1643 1396 98 41 this
1774 1396 146 48 study
1954 1407 56 30 as
2042 1396 319 42 dissertation

343 1456 48 39 to
430 1453 83 41 the
549 1452 195 50 faculty
779 1452 55 41 of
870 1453 85 40 the
992 1452 146 41 Ecole
1174 1452 253 41 nationale
1465 1453 85 40 des
1587 1453 210 49 chartes,
1836 1453 159 49 Paris,
2033 1454 130 41 from
2201 1455 161 41 which

342 1511 164 40 school
539 1510 63 41 he
636 1510 223 41 received
895 1511 84 40 the
1013 1509 215 49 diploma
1265 1509 53 41 of
1353 1509 616 51 archiviste-paléographe
2006 1512 50 40 in
2094 1511 267 48 February,

342 1567 129 43 1933.
535 1567 143 42 Since
720 1567 113 42 that
874 1567 132 49 time,
1050 1567 239 49 however,
1335 1567 84 41 the
1460 1567 137 41 work
1640 1569 90 40 has
1774 1569 120 40 been
1938 1568 277 42 translated
2258 1571 106 41 into

342 1626 206 49 English
582 1625 99 42 and
716 1624 339 49 considerably
1092 1623 431 43 revised.”—Pref.

413 1681 383 50 Bibliography:
829 1693 43 38 p.
905 1681 220 42 211-214.

343 1740 53 53 ©
421 1744 129 40 June
573 1743 40 49 5,
639 1742 118 41 1936;
810 1741 67 40 2c.
905 1741 96 41 and
1027 1742 83 41 aff.
1137 1742 128 40 June
1288 1740 27 41 9;
1371 1744 39 37 A
1435 1741 146 41 95605;
1638 1742 226 41 Catholic
1889 1743 130 40 univ.
2047 1743 53 39 of
2124 1744 239 41 America.

424 1799 286 52 (36-23288)

338 1908 274 64 Morrow,
640 1904 187 56 Felix.

413 1983 124 54 The
563 1981 138 55 civil
729 1999 120 36 war
878 1982 61 53 in
970 1980 201 71 Spain,
1199 1981 76 68 by
1306 1981 166 55 Felix
1500 1982 271 53 Morrow.
1848 1980 140 55 New
2019 1982 181 69 York,

342 1980 1996 134 Pioneer
506 2059 328 71 publishers
1048 2093 13 35 [c1936]

414 2131 57 42 64
508 2142 44 39 p.
611 2131 62 42 20½
702 2133 46 23 cm
752 2164 10 9 .

415 2189 73 42 On
521 2198 171 32 cover:
728 2189 104 41 The
866 2187 117 43 civil
1014 2199 104 31 war
1150 2190 50 39 in
1237 2189 151 48 Spain;
1451 2190 216 41 towards
1702 2189 247 42 socialism
1983 2201 56 31 or
2071 2191 235 43 fascism?

343 2245 53 56 ©
425 2250 129 49 Sept.
579 2248 72 50 29,
678 2247 119 43 1936;
851 2247 68 43 2c.
948 2248 97 42 and
1072 2248 84 42 aff.
1185 2248 102 41 Oct.
1316 2248 26 39 5:
1400 2250 39 38 A
1467 2247 147 41 98800:
1672 2249 205 40 Pioneer
1903 2248 295 50 publishers.

424 2306 286 51 (36-23274)

339 2411 507 67 Miiller-Fischer,
879 2410 222 57 Erwin.

475 2486 1810 71 … Yon deutscher art und arbeit. Berlin, H. Siep [ c 1936]
413 2559 87 41 125
537 2570 44 38 p.
642 2559 28 40 21
702 2561 45 23 cm
751 2592 9 10 .

343 2616 1906 54 © Apr. 6, 1936; 1c. July 17; A-Foreign 32503; Verlag Hans Siep.
424 2676 283 49 (36-24954)

338 2781 264 66 Nesbitt,
629 2780 197 55 Lewis
849 2780 290 65 Mariano,
1170 2786 327 50 1891-1935.

415 2856 153 58 Gold
619 2856 180 70 fever,
847 2857 77 70 by
971 2857 65 55 L.
1086 2857 82 57 M.
1218 2856 229 56 Nesbitt;
1527 2855 397 57 introduction
1973 2857 77 70 by
2099 2857 260 57 William

343 2937 244 53 Plomer.
666 2936 141 54 New
838 2936 181 69 York,
1048 2935 314 66 Harcourt,
1389 2935 186 55 Brace
1604 2935 116 56 and
1749 2953 284 53 company
2246 2971 14 35 [c1936]

412 3006 966 51 xix, 3-214 p. front. (port.) 21 cm .
416 3064 165 41 “First
613 3063 262 43 American
906 3063 229 43 edition.”

345 3120 53 54 ©
431 3124 103 42 Oct.
565 3123 41 50 8,
639 3123 118 41 1936;
817 3123 69 41 2c.
921 3124 103 41 Oct.
1058 3123 56 40 12;
1178 3124 81 40 aff.
1296 3124 102 41 Oct.
1434 3124 55 39 14;
1553 3126 40 39 A
1626 3124 146 41 99364;
1837 3127 264 49 Harcourt,
2137 3127 157 40 Brace
2327 3127 38 42 &

414 3191 82 40 co.,
528 3181 92 42 inc.
690 3180 284 51 (36-23512)

342 3283 148 54 New
524 3284 215 67 Jersey
772 3289 215 50 statute
1023 3285 227 54 service.
1328 3285 265 68 October,
1631 3289 152 53 1936,
1820 3286 348 56 cumulative

414 3306 1947 128 pamphlet, with annotations … Newark, N. J., Soney & Sage
414 3461 78 35 co.;
568 3441 83 56 St.
692 3442 168 68 Paul,
898 3442 205 67 Minn.,
1138 3445 162 54 West
1338 3441 340 70 publishing
1715 3462 78 35 co.
1841 3478 11 34 [
1859 3450 18 21 c
1883 3447 135 51 1936]

415 3514 56 42 35
500 3526 43 38 p.
602 3514 58 41 24
662 3518 45 20 cm
712 3549 9 8 .

345 3569 53 53 ©
429 3573 102 41 Oct.
566 3572 69 49 13,
671 3572 116 41 1936;
847 3572 67 42 2c.
948 3573 95 39 and
1076 3572 84 43 aff.
1192 3574 119 40 Nov.
1345 3573 57 41 16;
1462 3575 40 39 A
1535 3572 145 41 99862;
1747 3575 155 47 Soney
1934 3574 36 41 &
2006 3575 123 46 Sage
2161 3583 69 33 co.
2264 3574 98 41 and

415 3632 136 40 West
576 3630 111 49 pub.
713 3640 54 31 co.

342 3734 146 54 New
512 3734 164 53 York
709 3736 221 66 (State)
1014 3736 184 66 Laws,
1221 3741 259 61 statutes,
1504 3743 99 46 etc.

415 3812 381 67 McKinney’s
849 3812 390 54 consolidated
1293 3814 139 51 laws
1486 3813 63 52 of
1603 3815 137 51 New
1798 3815 180 55 York,
2032 3815 324 53 annotated.

345 3890 2014 70 October, 1936, cumulative supplement … Brooklyn, N. Y.,
344 3969 67 52 E.
438 3969 334 67 Thompson
795 3987 242 50 company
1108 4004 12 33 [
1124 3976 20 21 c
1150 3972 133 51 1936]
