2519 4377
1299 4136 100 52 808

328 463 312 66 Harrison,
667 463 244 54 Martha
937 461 220 58 Lucile.

399 539 269 70 Reading
697 537 308 69 readiness,
1034 537 76 70 by
1142 536 81 54 M.
1253 535 200 55 Lucile
1481 535 290 55 Harrison
1808 578 56 11 ...
1937 536 237 67 Boston,
2206 534 137 54 New

328 615 1517 72 York [etc.] Houghton Mifflin company [ c 1936]
402 687 1393 54 vii p., 1 l., 166 p, illus., diagrs. (2 double) 19½cm.
403 749 226 41 Includes
663 748 394 48 bibliographies.

331 818 55 53 ©
422 822 115 48 May
573 820 70 48 29,
683 819 117 42 1936;
863 819 68 41 2c.
970 820 131 40 June
1135 819 53 47 6;
1229 819 83 40 aff.
1350 819 129 40 June
1515 819 53 47 5;
1607 819 42 39 A
1685 817 172 49 94766;
1898 819 63 40 M.
2002 818 50 40 L.
2091 815 257 49 Harrison,

405 879 215 48 Greeley,
651 878 103 41 Col.
821 877 282 49 (36-13477)

329 982 263 64 Harvey,
619 981 244 65 Robert,
891 985 172 52 1884-

404 1058 269 70 Ignatius
698 1059 220 70 Loyola;
975 1077 32 34 a
1033 1058 230 69 general
1291 1059 58 52 in
1375 1058 98 53 the
1497 1057 211 54 church
1735 1056 274 67 militant,
2032 1056 76 67 by
2136 1055 214 53 Robert

332 1135 2012 71 Harvey ... Milwaukee, The Bruce publishing company [ c 1936]
407 1206 1944 53 xix p., 1 l., 273 p. front, plates, ports. 22½ cm . (Half-title; Science
336 1270 97 40 and
461 1269 192 41 culture
680 1268 179 50 series)

409 1326 252 42 “Selected
692 1325 370 49 bibliography”;
1122 1336 43 39 p.
1194 1325 101 41 xix.

335 1380 54 54 ©
417 1385 116 48 May
562 1384 69 48 23,
662 1384 142 47 1936;
835 1383 68 41 2c.
935 1384 129 40 June
1090 1384 53 46 3;
1177 1382 81 42 aff.
1291 1384 126 42 June
1446 1384 54 46 4;
1534 1383 42 39 A
1605 1381 172 48 95528;
1811 1383 159 39 Bruce
2000 1381 110 48 pub.
2141 1389 67 32 co.

416 1440 284 50 (36-12291)

333 1545 316 62 Harwood,
677 1544 256 54 Edward
961 1544 246 64 Crosby,
1238 1550 172 50 1900-

409 1623 316 53 Insurance
757 1623 113 53 and
903 1621 286 55 annuities
1225 1621 152 54 from
1411 1622 95 52 the
1540 1620 225 70 buyer’s
1795 1620 164 69 point
1992 1619 64 54 of
2089 1619 162 69 view,
2280 1619 73 69 by

340 1702 67 53 E.
460 1701 62 55 C.
572 1701 297 53 Harwood
920 1702 114 52 and
1084 1700 150 54 Bion
1282 1701 78 52 H.
1409 1701 257 53 Francis.
1753 1699 367 69 Cambridge,
2165 1698 192 68 Mass.,

338 1779 310 54 American
679 1779 263 54 institute
974 1780 95 53 for
1099 1779 284 54 economic
1413 1779 258 54 research
1708 1813 14 34 [
1725 1786 18 22 c
1750 1782 152 64 1936]

411 1854 872 50 xiv p., 1 l., 171 p. diagrs. 21 cm .
414 1912 218 41 “Fourth
664 1910 228 43 edition.”

338 1965 54 53 ©
431 1970 130 40 June
596 1970 40 47 1,
677 1968 142 48 1936;
860 1968 68 42 2c.
968 1970 98 39 and
1104 1968 83 42 aff.
1227 1969 127 42 June
1392 1969 82 46 16;
1516 1969 41 38 A
1595 1967 172 49 95709;
1809 1969 159 39 Amer,
2011 1967 228 41 institute
2279 1968 78 39 for

409 2026 243 41 economic
700 2027 241 41 research.
1024 2026 282 50 [Copyright
1350 2024 43 42 is
1440 2025 207 41 claimed
1694 2036 60 30 on
1802 2024 213 41 revision
2061 2025 53 40 of
2162 2025 198 40 tabular

410 2086 195 47 matter]
674 2083 283 49 (36-13168)

337 2188 361 65 Hathaway,
727 2189 265 56 Hanson.

413 2266 122 52 The
565 2265 290 68 Utopians
882 2283 96 35 are
1010 2264 245 70 coming,
1286 2266 75 68 by
1392 2266 242 52 Hanson
1664 2265 333 69 Hathaway;
2060 2284 31 34 a
2119 2282 124 36 new
341 2265 1993 148 interpretation
793 2343 64 54 of
926 2344 433 54 constitutional
1429 2343 434 55 Americanism.
1975 2344 384 69 [Hollywood,

344 2422 197 68 Calif.,
568 2423 126 52 The
721 2421 247 56 Cloister
996 2442 175 50 press,
1196 2430 18 21 c
1220 2426 152 64 1934]

415 2498 68 48 64,
515 2498 53 50 [1]
601 2509 43 38 p.
671 2497 111 42 incl.
809 2499 124 47 port.
985 2498 148 40 23½cm.

338 2550 57 54 ©
428 2555 130 41 June
588 2555 40 47 1,
662 2554 116 42 1934;
838 2554 67 41 2c.
940 2556 96 39 and
1068 2554 82 41 aff.
1184 2555 128 40 June
1343 2556 38 47 1,
1418 2554 142 48 1936;
1596 2556 41 40 A
1669 2554 172 49 94690;
1878 2556 265 40 Lawrence
2173 2556 186 49 Young,

412 2612 305 49 Hollywood,
746 2611 145 42 Calif.
961 2611 282 51 (36-13169)

339 2715 308 64 Hawkins,
675 2715 260 54 Richard
962 2716 186 64 Hays,
1177 2718 172 54 1879-

420 2835 57 10 ...
513 2792 175 54 Notes
717 2809 72 35 on
818 2792 118 53 real
966 2797 176 50 estate
1171 2792 60 54 in
1255 2795 239 51 western
1525 2793 445 69 Pennsylvania,
2000 2794 74 68 by
2103 2793 254 54 Richard

345 2870 76 55 H.
462 2870 285 55 Hawkins
790 2916 55 9 ...
887 2890 60 37 as
983 2871 221 55 revised
1238 2872 75 69 by
1350 2871 179 55 Elder
1561 2873 91 55 W.
1689 2872 285 55 Marshall
2013 2917 55 10 ...
2112 2872 58 55 in
2207 2875 150 52 1935.

344 2949 1679 72 Pittsburgh, Pa., The Pittsburgh printing co. [ c 1936]
418 3024 763 49 2 p. l., 3-208 numb. 1. 25 cm .
419 3081 64 40 At
509 3082 124 40 head
662 3081 52 42 of
743 3080 108 42 title;
911 3082 287 49 Pittsburgh
1227 3082 94 40 law
1352 3083 177 40 school.

421 3138 231 48 Stamped
687 3149 60 29 on
775 3148 141 31 verso
945 3138 52 41 of
1026 3141 98 46 t.-p.;
1180 3138 267 48 Copyright
1477 3138 115 42 1936
1621 3140 59 47 by
1713 3141 146 39 Elder
1890 3141 69 40 W.
1995 3142 250 40 Marshall.

346 3190 52 53 ©
437 3195 110 40 Feb.
587 3195 69 48 10,
696 3194 141 48 1936;
877 3194 67 42 2c.
983 3196 97 40 and
1118 3195 82 41 aff.
1241 3196 110 41 Feb.
1392 3196 83 48 20;
1514 3197 41 38 A
1591 3195 172 48 96135;
1806 3197 146 41 Elder
1992 3198 72 41 W.
2105 3199 252 48 Marshall,

416 3252 287 47 Edgewood,
741 3252 82 40 Pa.
895 3252 282 49 [Copyright
1214 3253 41 40 is
1293 3253 207 40 claimed
1536 3263 60 30 on
1633 3264 106 29 new
1775 3257 195 46 matter]
426 3308 282 50 (36-13284)

345 3410 275 64 Hawton,
645 3412 241 64 Hector,
917 3417 171 49 1901-

426 3531 54 9 ...
519 3487 220 68 Escape
769 3487 142 52 with
944 3507 114 48 me;
1096 3507 30 33 a
1156 3506 277 34 romance.
1510 3489 258 69 London,
1801 3487 237 70 Collins,
2072 3494 149 51 1936.

418 3558 86 41 248
539 3569 41 38 p.
672 3559 27 40 19
702 3561 43 21 cm
751 3591 8 9 .

347 3614 2010 55 © 1c. June 19, 1936; A ad int. 21541; pubd. Apr. 20; H. Hawton, St.
421 3677 139 47 Mary
591 3677 208 47 Bourne,
831 3686 69 30 nr.
931 3676 239 48 Andover,
1205 3676 175 48 Hants,
1411 3678 235 47 England.
1716 3678 282 47 (36-13465)

346 3778 216 64 Heyse,
586 3780 146 53 Paul
756 3779 234 54 Johann
1018 3779 249 66 Ludwig
1291 3796 132 46 von,
1452 3787 325 49 1830-1914.

423 3898 55 10 ...
524 3855 438 70 L’Arrabbiata,
1000 3875 111 35 von
1150 3858 149 52 Paul
1338 3858 217 68 Heyse;
1597 3857 207 69 edited,
1844 3858 139 53 with
2024 3858 201 53 visible
348 3876 1984 126 vocabulary,

662 3939 177 63 notes,
864 3935 113 53 and
1003 3935 305 68 questions,
1333 3936 75 67 by
1434 3936 294 67 Lynwood
1754 3936 68 56 G.
1849 3937 215 53 Downs
2095 3981 55 9 ...
348 3939 1984 139 Boston,
496 4012 138 53 New

671 4013 1473 71 York [etc.] D. C. Heath and company [ c 1936]
