2519 4377
1291 4127 137 51 1542

356 417 258 66 Gruden,
640 418 157 54 John
827 418 338 66 Capistran,
1195 426 172 50 1884-

429 495 124 53 The
579 494 268 69 mystical
876 494 198 56 Christ;
1131 496 395 55 introduction
1554 505 58 47 to
1641 500 97 53 the
1766 499 173 69 study
1965 499 66 55 of
2059 500 96 54 the

358 519 1996 126 supernatural character of the church, by Rev. John C. Gruden …
361 650 84 57 St.
471 652 195 67 Louis,
697 652 116 54 Mo.
844 653 115 53 and
986 653 262 68 London,
1275 655 68 53 B.
1371 655 229 54 Herder
1628 656 149 53 book
1805 674 99 51 co.,
1934 660 154 52 1936.

498 726 622 49 xv, 343 p. 1 illus. 21cm.
431 795 381 49 Bibliography:
845 807 43 38 p.
919 796 220 43 326-335.

360 861 53 54 ©
442 866 102 41 Oct.
572 865 41 49 9,
641 865 117 42 1936;
813 866 68 40 2c.
910 867 96 41 and
1035 867 83 42 aff.
1148 868 102 41 Oct.
1280 868 54 39 12:
1392 870 40 38 A
1456 868 146 41 98885;
1661 871 53 41 B.
1745 872 192 39 Herder
1966 873 124 39 book
2117 882 68 31 co.

441 923 285 50 (36-25824)

356 1027 372 69 Guiterman,
755 1030 254 63 Arthur,
1040 1032 173 55 1871-

428 1105 177 70 Gaily
643 1107 97 56 the
781 1107 372 70 troubadour,
1193 1109 78 69 by
1310 1109 228 54 Arthur
1579 1111 358 55 Guiterman.
2015 1114 140 54 New
2197 1113 180 69 York,

357 1187 66 53 E.
455 1189 66 53 P.
553 1188 228 53 Dutton
810 1190 46 52 &
883 1205 98 52 co.,
1007 1187 128 69 inc.,
1167 1192 150 51 1936.

428 1259 774 52 xii p., 1 l., 15-224 p. 19½cm.
431 1332 165 42 “First
628 1332 232 43 edition.”

360 1400 53 53 ©
443 1405 102 40 Oct.
575 1404 70 47 22,
678 1403 115 41 1936;
851 1404 66 40 2c.
948 1405 102 41 Oct.
1080 1404 57 39 24:
1197 1405 82 40 aff.
1313 1405 103 41 Oct.
1447 1404 56 41 23;
1562 1407 40 39 A
1633 1405 146 41 99558:
1841 1409 52 39 E.
1926 1408 50 40 P.
2010 1408 190 40 Dutton
2228 1409 39 41 &
2294 1418 83 36 co.,

431 1462 90 40 inc.
593 1461 285 48 (36-25863)

355 1568 152 66 Hay,
533 1566 258 58 William
816 1568 279 64 Howard,
1124 1573 172 51 1866-

428 1648 120 53 The
579 1647 140 68 Hay
749 1652 210 64 system
991 1645 65 55 of
1086 1644 155 56 child
1275 1648 415 68 development,
1721 1648 74 68 by
1824 1648 266 55 William
2119 1648 258 55 Howard

357 1724 2020 71 Hay, M . D ., and Esther L. Smith. New York, Thomas Y.
357 1805 246 56 Crowell
630 1822 284 51 company
949 1807 195 67 [c1936]

425 1879 100 49 viii,
555 1879 87 40 232
674 1890 43 37 p.
777 1878 118 43 20cm.

359 1945 53 54 ©
441 1949 102 42 Oct.
571 1948 70 50 22,
672 1948 117 42 1936;
845 1948 68 41 2c.
945 1950 102 41 Oct.
1075 1946 57 43 27;
1192 1949 82 40 aff.
1306 1949 102 41 Oct.
1438 1949 57 39 24;
1554 1951 40 38 A
1623 1948 175 42 100080:
1855 1952 70 38 W.
1957 1951 61 40 H.
2050 1951 125 49 Hay,
2208 1952 170 39 Mount

430 2008 202 42 Pocono.
664 2008 99 47 Pa.,
795 2007 95 40 and
922 2006 180 40 Esther
1133 2008 50 39 L.
1218 2006 171 45 Smith,
1421 2006 337 48 Washington.

438 2063 287 52 (36-25215)

354 2170 132 52 Heil
516 2171 69 52 de
613 2170 311 65 Brentani,
952 2169 209 65 Mario,
1193 2175 172 50 1908-

428 2246 1885 71 Spiel unter f ahnen, roman von Mario Heil de Brentani …
356 2327 1463 71 Hamburg, Hanseatische verlagsanstalt [ 1936]
428 2415 87 42 247
546 2425 44 40 p.
650 2413 120 44 20cm.

360 2483 2000 110 © June 25, 1936; 1c. Sept. 14; A-Foreign 33006; Hanseatische verlagsanstalt, a.-g. (36-25871)
353 2648 197 66 Heiss,
580 2647 239 55 Elwood
847 2647 212 66 David,
1092 2653 172 50 1899-

428 2724 125 56 Our
581 2724 185 53 world
795 2724 64 53 of
888 2723 189 70 living
1102 2724 198 69 things;
1362 2743 31 33 a
1422 2724 145 68 high
1595 2723 193 54 school
1816 2722 236 70 biology
2080 2720 295 71 complete,

356 2799 1837 73 by Elwood D. Heiss … Ellsworth S. Obourn … and J.
357 2799 2015 150 Gordon Manzer … St. Louis, Mo., Webster publishing company
435 2962 119 66 [c1 936]
427 3030 61 49 vi,
523 3031 86 41 274
642 3042 44 38 p.
748 3031 143 47 illus.,
924 3031 181 47 diagrs.
1165 3030 117 41 28cm.

431 3087 74 42 On
539 3097 143 31 cover:
747 3088 249 48 Complete
1031 3088 199 41 edition.

429 3144 324 41 “References
785 3144 80 40 for
899 3144 198 41 further
1130 3144 175 48 study”
1340 3147 52 39 at
1423 3147 92 39 end
1549 3145 52 41 of
1632 3146 119 40 each
1787 3147 128 46 topic;
1983 3144 251 49 “Reading
356 3156 1999 93 suggestions”
634 3204 54 39 at
721 3202 92 41 end
845 3202 52 40 of
930 3203 119 39 each
1083 3200 123 43 unit.

359 3271 53 53 ©
444 3276 128 47 Sept.
601 3274 71 49 28,
704 3274 140 44 1936;
873 3274 67 40 2c.
973 3275 102 41 Oct.
1107 3275 52 42 1;
1194 3275 81 39 aff.
1308 3276 129 47 Sept.
1467 3274 83 42 30:
1584 3277 40 38 A
1652 3274 171 42 98712:
1857 3275 223 41 Webster
2111 3276 109 47 pub.
2250 3284 68 31 co.

440 3332 283 49 (36-25248)

358 3437 391 68 [Hernandez,
778 3437 158 67 José]
972 3443 328 51 1834-1886.

428 3514 123 54 The
583 3514 222 70 gaucho
840 3513 223 55 Martin
1098 3514 231 68 Fierro;
1368 3514 251 69 adapted
1653 3513 153 54 from
1839 3514 96 53 the
1970 3512 253 70 Spanish
2260 3512 112 55 and

359 3593 275 54 rendered
669 3594 123 53 into
829 3593 247 69 English
1111 3611 160 35 verse
1302 3594 76 68 by
1414 3594 223 53 Walter
1673 3592 197 69 Owen,
1905 3592 142 53 with
2081 3591 294 70 drawings

359 3671 73 68 by
462 3671 243 54 Alberto
740 3670 326 57 Guiraldes.
1134 3671 141 54 New
1311 3671 180 68 York,
1527 3672 216 52 Farrar
1776 3673 46 50 &
1856 3670 302 68 Rinehart,

358 3669 1992 148 incorporated
640 3752 197 65 [c1936]

429 3823 814 49 xxiv p., 1 l., 326 p. illus. 23½cm.
429 3879 169 41 Added
624 3881 113 46 t.-p.,
763 3879 128 41 illus.:
946 3879 102 41 The
1074 3880 187 48 gaucho
1287 3879 183 40 Martin
1497 3879 183 49 Fierro,
1706 3880 61 48 by
1792 3879 113 40 Jose
1929 3878 308 41 Hernandez.

358 3943 52 53 ©
433 3949 119 46 Aug.
581 3948 69 48 12,
678 3947 140 48 1936;
845 3949 67 40 2c.
939 3950 119 44 Aug.
1087 3949 80 41 14:
1197 3949 79 38 aff.
1309 3951 127 45 Sept.
1465 3950 80 40 10:
1575 3951 34 37 A
1638 3948 172 42 97769:
1842 3949 184 39 Farrar
2053 3949 36 40 &
2116 3947 253 47 Rinehart,

428 4005 90 39 inc.
584 4004 282 51 [Copvriglit
903 4006 42 39 is
983 4006 206 38 claimed
1228 4018 60 27 on
1328 4005 197 48 preface
1563 4006 94 38 and
1699 4005 345 44 introduction,
2083 4005 61 47 by
2183 4004 189 41 Walter

429 4063 147 39 Owen]
666 4062 282 50 (36-27412)
