2597 4361
1205 4107 31 54 7

305 533 161 40 “First
497 532 226 40 edition.”

233 600 53 53 ©
314 605 109 39 Jan.
452 603 39 44 2,
521 603 140 46 1936;
692 602 67 40 2c.
788 604 113 38 Dec.
931 603 69 39 31.
1030 600 141 47 1935;
1205 600 81 41 aff.
1317 602 109 40 Jan.
1455 602 42 46 4,
1528 601 141 47 1936;
1700 602 43 38 A
1770 601 170 47 90167;
1974 602 192 47 Harper
2196 603 36 39 &

305 662 126 39 bros.
498 660 250 48 (36-1072)

230 764 220 63 Dodge,
479 763 164 54 Alice
671 763 207 54 Marie.

302 837 282 57 Sunshine
613 855 167 51 acres,
806 837 74 69 by
909 836 162 56 Alice
1101 837 184 53 Marie
1314 836 219 68 Dodge.
1608 836 135 52 New
1777 835 177 69 York,
1983 837 247 54 Arcadia

231 917 170 53 house
440 951 13 34 [
458 924 18 22 c
481 919 133 50 1936
620 949 13 35 ]

299 1000 365 49 288 p. 19½ cm .
233 1072 53 52 ©
316 1076 109 39 Jan.
456 1074 39 49 9,
524 1073 141 47 1936;
698 1073 65 40 2c.
795 1075 109 38 Jan.
935 1074 54 39 17;
1050 1072 79 40 aff.
1163 1073 110 40 Jan.
1304 1073 59 40 18;
1420 1073 44 38 A
1491 1071 171 48 90351;
1696 1072 209 41 Arcadia
1939 1074 150 40 house
302 1075 1913 97 publications.
617 1130 224 50 (36-1043
854 1130 13 47 )

229 1237 213 63 Doner,
471 1238 173 61 Mary
673 1237 275 52 Frances.

301 1311 1869 68 Child of conflict; a love story, by Mary Frances Doner …
229 1394 139 51 New
394 1392 178 65 York,
594 1392 69 52 N.
691 1393 89 65 Y.,
807 1391 234 54 Chelsea
1065 1390 173 55 house
1311 1394 132 48 [c1936]

301 1463 679 51 4 p. l., [11]-245 p. 19½cm.
233 1533 52 52 ©
318 1537 110 39 Jan.
461 1535 39 48 2,
534 1535 117 40 1936;
709 1534 67 41 2c.
809 1535 95 39 and
938 1533 82 41 aff.
1055 1534 111 39 Jan.
1198 1534 53 45 4;
1289 1533 41 38 A
1362 1532 148 41 91007;
1572 1532 204 41 Chelsea
1807 1533 165 41 house.
312 1592 221 49 (36-409)

230 1696 196 65 Elson,
456 1698 206 63 Henry
691 1694 273 65 William,
997 1697 172 52 1857-

304 1770 1863 71 United States, its past and present, by Henry W. Elson …
230 1848 1925 70 New York, Cincinnati [etc.] American book company [ c 1936]
336 1956 9 17 x,
371 1924 100 48 558,
497 1923 276 41 xi-xxxviii
796 1934 45 39 p.
897 1922 87 42 col.
1011 1922 166 48 front.,
1206 1922 143 48 illus.,
1379 1922 87 41 col.
1492 1923 172 49 plates,
1693 1931 139 40 maps
1861 1923 135 48 (part
2022 1923 196 50 double)

228 1981 117 41 21 cm .
301 2039 240 40 “Further
568 2036 229 50 reading”
824 2038 53 40 at
902 2037 93 40 end
1022 2035 53 43 of
1099 2037 117 40 each
1244 2037 215 47 chapter.

232 2107 52 52 ©
307 2112 110 38 Jan.
440 2111 40 41 8.
503 2108 113 41 1936;
669 2108 66 40 2c.
758 2109 109 39 Jan.
893 2108 81 46 15;
1002 2107 83 40 aff.
1109 2108 108 38 Jan.
1243 2106 82 47 16;
1351 2107 43 38 A
1415 2106 143 40 90811;
1613 2107 159 40 Amer,
1797 2108 126 39 book
1944 2117 66 31 co.
302 2108 1911 107 [Copyright
462 2167 41 39 is

532 2166 204 40 claimed
766 2176 60 29 on
856 2166 224 46 changes]
1152 2163 227 48 (36-1057
1390 2164 13 46 )

229 2270 305 63 Emerson,
561 2267 219 56 Lucien
804 2267 223 66 Waldo,
1057 2270 172 51 1902-

298 2345 296 68 Rawhide,
618 2346 77 68 by
720 2345 64 52 L.
812 2346 91 54 W.
930 2345 295 53 Emerson.
1288 2343 141 54 New
1455 2343 182 68 York,
1661 2345 93 55 W.
1781 2344 252 54 Morrow
2058 2347 47 51 &
2131 2363 98 50 co.,

231 2429 149 48 1936.

297 2497 102 48 viii,
428 2496 86 41 263
542 2507 43 38 p.
646 2495 56 41 19½
733 2496 44 22 cm
780 2527 10 10 .

232 2566 52 53 ©
311 2571 109 39 Jan.
448 2571 38 46 7,
513 2568 117 40 1936;
682 2567 67 41 2c.
777 2567 109 39 Jan.
915 2567 52 46 8;
998 2565 81 41 aff.
1109 2566 109 40 Jan.
1247 2565 54 48 9;
1328 2566 41 39 A
1396 2565 172 47 90261;
1598 2566 219 40 William
1844 2568 212 39 Morrow
2084 2568 37 40 &
2146 2576 82 41 co.,

300 2627 91 40 inc.
454 2625 251 49 (36-1005)

229 2728 324 67 Fabricius,
581 2729 192 53 Johan
801 2727 318 65 Wigmore,
1149 2731 173 50 1900-

297 2806 122 54 The
456 2823 98 35 son
592 2804 64 53 of
691 2804 288 65 Marietta,
1015 2803 76 69 by
1127 2802 191 55 Johan
1356 2801 328 67 Fabricius;
1722 2802 317 54 translated
2077 2801 151 55 from

229 2884 93 54 the
365 2883 194 54 Dutch
602 2882 74 69 by
724 2882 162 53 Irene
933 2880 289 69 Clephane
1268 2880 112 53 and
1427 2879 190 54 David
1664 2879 241 55 Hallett.
1996 2880 232 69 Boston,

227 2962 194 66 Little,
450 2960 229 64 Brown,
710 2959 111 53 and
853 2976 296 51 company,
1179 2961 149 49 1936.

296 3033 65 47 ix,
391 3031 85 41 813
505 3042 40 38 p.
608 3031 128 40 illus.
796 3030 56 40 22
854 3032 45 22 cm
904 3061 10 10 .

297 3088 129 42 Title
452 3087 174 42 within
651 3087 305 40 ornamental
985 3086 188 41 border.

296 3145 315 40 Translation
639 3143 53 41 of
725 3142 384 41 “Komedianten
1141 3142 204 42 trokken
1375 3143 235 49 voorbij”,
1644 3145 237 40 “Melodie
1912 3147 85 38 der
2030 3146 194 39 verten”

226 3202 95 40 and
353 3201 101 41 “De
482 3201 123 41 dans
636 3210 75 30 om
740 3200 61 41 de
829 3198 141 50 galg”
1002 3199 259 49 originally
1292 3198 255 50 published
1579 3200 278 50 separately
1889 3201 48 40 in
1971 3203 80 40 the
225 3203 1982 96 Netherlands.

231 3328 52 53 ©
311 3333 109 39 Jan.
448 3332 39 47 6,
516 3331 141 46 1936;
686 3331 66 41 2c.
782 3331 95 39 and
905 3329 81 40 aff.
1017 3330 109 39 Jan.
1155 3329 81 47 10;
1264 3330 41 38 A
1333 3328 171 49 91135;
1537 3331 161 39 Johan
1728 3331 269 48 Fabricius,
2027 3332 198 48 Bruges,

304 3389 233 47 Belgium.
609 3387 219 49 (36-711)

228 3489 270 67 Falkner,
527 3491 276 64 Thomas,
837 3488 324 56 1707-1784.

297 3574 57 47 A
375 3567 349 68 description
745 3566 65 54 of
833 3566 322 69 Patagonia
1181 3569 112 52 and
1317 3568 95 53 the
1438 3566 303 69 adjoining
1767 3574 160 61 parts
1952 3567 64 52 of
2043 3568 181 55 South

229 3646 280 68 America,
538 3645 78 69 by
644 3645 248 53 Thomas
924 3643 269 68 Falkner,
1226 3662 40 35 s.
1301 3662 77 48 j.;
1411 3644 141 53 with
1586 3662 74 35 an
1687 3644 391 54 introduction
2113 3643 111 54 and

231 3728 155 49 notes
406 3725 76 67 by
501 3725 225 52 Arthur
747 3724 67 52 E.
842 3724 56 55 S.
922 3725 316 52 Neumann.
1300 3723 269 67 Chicago,
1591 3725 263 51 Armann
1877 3727 46 50 &
1945 3725 279 63 Armann,

231 3806 148 51 1935.

301 3872 1481 51 viii p., facsim. (2 p. l., iv, 168 p. 2 fold, maps) 27½cm.
302 3930 70 40 “A
396 3929 213 41 full-size
631 3929 242 41 facsimile
899 3931 52 40 of
977 3932 81 40 the
1085 3930 207 50 original
1318 3929 183 42 edition
1530 3930 274 50 [Hereford,
1830 3930 130 49 1774]
1991 3931 234 48 complete

227 3987 132 42 from
393 3987 252 50 title-page
680 3991 50 38 to
768 3987 114 42 ‘The
917 3988 122 49 end’,
1077 3989 95 40 and
1210 3987 250 51 including
1497 3989 82 41 the
1615 3998 113 39 map
1762 3987 53 41 in
1850 3989 99 40 two
1980 3986 244 51 parts.”—

231 4045 184 40 Introd.
