2519 4377
1030 4073 134 53 1567

115 405 343 64 Steguweit,
492 404 202 65 Heinz,
732 405 169 54 1897-

182 479 234 70 Heilige
462 484 217 63 unrast,
727 496 198 36 roman
974 496 109 35 von
1133 478 187 53 Heinz
1374 476 329 70 Steguweit.
1787 477 325 70 Hamburg,

113 556 1087 69 Hanseatische verlagsanstalt [ c 1935]
181 629 85 42 293
294 640 44 38 p.
397 630 57 40 20
457 632 43 21 cm
504 660 8 9 .

186 685 265 49 Copyright
471 687 116 39 date
610 686 213 47 changed
853 686 47 40 in
926 684 302 49 manuscript
1251 687 50 39 to
1325 683 130 43 1936.

118 753 53 53 ©
200 759 120 38 Mar.
348 757 69 42 30.
448 757 138 46 1936;
619 758 65 39 1c.
714 758 119 44 Aug.
935 769 8 29 18;
976 756 305 46 A-Foreign
1312 756 171 47 32760;
1520 755 356 42 Hanseatische
189 758 1909 99 verlagsanstalt.
414 824 104 36 a.-g.
586 812 281 49 (36-28739)

113 919 194 63 Stern,
334 919 274 56 Frances.

177 993 257 69 Applied
463 993 256 54 dietetics;
779 993 94 52 the
903 991 283 71 planning
1214 992 112 54 and
1356 991 267 71 teaching
1653 992 65 54 of
1745 993 221 53 normal
1998 993 110 54 and

110 1069 1976 147 therapeutic diets [by] Frances Stern … Baltimore, The Williams & Wilkins company, 1936.
182 1221 99 48 xxi,
306 1220 85 42 263
415 1231 42 38 p.
487 1221 107 41 incl.
621 1220 142 47 illus.,
790 1221 168 41 tables.
1019 1220 115 42 26cm.

180 1276 158 41 Blank
364 1287 120 39 page
511 1278 78 40 for
616 1277 205 41 “Notes”
862 1277 132 50 (258)

117 1344 53 53 ©
201 1348 100 41 Oct.
332 1347 68 49 15,
431 1347 141 48 1936;
603 1347 67 41 2c.
701 1348 95 39 and
828 1348 82 41 aff.
943 1348 100 41 Oct.
1076 1348 55 39 19;
1191 1350 38 38 A
1260 1348 135 41 98981;
1465 1348 242 41 Williams
1738 1350 36 40 &
1804 1348 211 42 Wilkins
2046 1361 67 30 co.

196 1403 279 49 (36-25547)

112 1510 274 64 Stewart,
415 1509 246 65 George,
691 1515 170 50 1892-

176 1583 304 56 Reluctant
508 1583 124 70 soil,
659 1584 76 70 by
765 1583 221 71 George
1016 1582 260 57 Stewart.
1347 1583 295 71 Caldwell,
1672 1584 110 70 Id.,
1811 1585 123 55 The

106 1583 1980 133 Caxton
233 1663 266 68 printers,
524 1663 123 68 ltd.,
676 1666 151 50 1936.

177 1734 85 43 363
289 1746 44 39 p.
392 1734 54 42 21½
480 1738 44 22 cm
529 1768 9 9 .

179 1791 310 43 Illustration
515 1803 60 30 on
606 1794 98 47 t.-p.

116 1861 53 53 ©
205 1865 101 41 Oct.
342 1864 69 49 15,
446 1864 141 48 1936;
624 1865 69 40 2c.
732 1865 94 40 and
864 1865 80 40 aff.
985 1866 101 41 Oct.
1123 1865 82 47 24;
1245 1866 39 39 A
1320 1864 172 48 99575;
1533 1866 189 41 Caxton
1759 1866 229 49 printers,
2027 1868 85 41 ltd.

195 1921 280 51 (36-25552)

112 2026 283 64 Taggart,
423 2026 258 52 Herbert
711 2026 262 64 Francis,
1005 2031 170 50 1898-

244 2102 1868 70 … Minimum prices under the NE A, by Herbert F. Taggart
175 2180 1937 68 … Ann Arbor, University of Michigan, School of business
114 2259 477 57 administration.
617 2260 227 52 Bureau
873 2260 62 52 of
960 2260 253 52 business
1239 2261 274 65 research,
1542 2264 149 50 1936.

184 2332 100 48 viii,
319 2331 87 41 307
440 2342 43 38 p.
547 2331 56 40 23
606 2335 44 20 cm
655 2365 10 8 .
739 2331 302 51 ([Michigan.
1109 2331 295 48 University.
1473 2331 169 42 School
1682 2331 53 42 of
1769 2331 225 42 business
116 2334 1978 94 administration.
517 2390 194 37 Bureau
743 2388 53 40 of
823 2388 222 40 business
1077 2388 241 50 research]
1379 2388 246 48 Michigan
1656 2387 224 42 business
1909 2390 187 39 studies.

113 2447 90 39 vol.
309 2480 9 11 VII,
347 2455 73 30 no.
447 2445 51 48 3)

184 2502 375 49 Bibliography;
590 2512 44 37 p.
665 2500 215 42 292-303.

113 2569 53 52 ©
193 2573 125 40 June
347 2573 38 42 1,
413 2570 141 49 1936;
585 2571 66 40 2c.
683 2571 93 40 and
805 2571 82 40 aff.
918 2572 125 38 June
1071 2570 81 48 13;
1184 2572 39 39 A
1252 2570 170 48 94926;
1457 2569 281 50 University
1768 2571 52 41 of
1848 2571 261 45 Michigan,

183 2631 106 38 Ann
316 2629 168 40 Arbor.
550 2627 282 50 (36-27986)

111 2733 193 52 Texas
334 2732 202 67 digest,
570 2735 134 49 1840
736 2737 57 47 to
826 2731 147 65 date,
1007 2729 266 69 covering
1304 2732 183 51 Texas
1520 2735 221 63 reports
1776 2733 111 53 and
1925 2730 180 56 South

181 2815 236 48 western
449 2813 274 62 reporter,
756 2828 57 34 as
846 2809 125 52 well
1009 2828 58 33 as
1097 2811 184 50 Texas
1314 2825 149 36 cases
1497 2808 236 55 decided
1764 2808 62 53 in
1856 2809 95 52 the
182 2808 1902 133 federal
343 2886 220 57 Circuit
606 2887 110 53 and
762 2887 240 53 District
1048 2891 205 50 courts.
1299 2886 218 55 Circuit
1560 2894 159 49 court
1765 2886 63 54 of
1874 2887 236 67 appeals

182 2964 1926 68 and Supreme court of the United States … with current
181 3044 341 52 cumulative
555 3043 202 66 pocket
792 3043 208 53 service.
1090 3042 248 53 volumes
1371 3045 186 51 28-29.
1632 3041 82 56 St.
1750 3043 166 65 Paul,
1948 3044 160 52 West

181 3121 658 66 publishing co. [ c 1936]
180 3195 26 36 2
236 3204 28 27 v
335 3192 56 41 26
393 3196 43 21 cm

458 3260 105 28 CONTENTS.—v.
598 3248 70 41 28.
703 3248 155 41 Mines
890 3249 93 39 and
1019 3248 335 40 minorals-Ne
1388 3249 262 40 exeat.—v.
1686 3247 70 42 29.
114 3248 1995 105 Negligence-Party
293 3306 153 43 walls.

112 3373 53 52 ©
190 3377 101 40 Oct.
315 3374 68 49 20,
406 3374 140 47 1936;
573 3375 67 40 2c.
668 3375 114 40 each
811 3375 92 38 and
932 3374 81 41 aff.
1041 3375 114 38 Nov.
1184 3374 55 39 16;
1293 3376 38 37 A
1356 3372 158 48 99883,
1541 3372 145 42 99884;
1741 3374 136 40 West
1902 3373 108 48 pub.
2040 3383 64 29 co.

105 3498 166 60 Toor,
298 3497 272 53 Frances.

178 3573 244 52 Frances
442 3570 194 54 Toor’s
659 3569 171 68 guide
855 3577 58 47 to
934 3570 250 67 Mexico;
1212 3568 138 54 with
1372 3587 163 50 maps
1558 3568 111 54 and
1695 3567 409 68 photographs.

165 3647 1396 67 New York, R. M. McBride & company [ c 1936]
182 3722 98 41 viii,
305 3721 88 41 328
417 3731 42 38 p.
513 3720 141 47 illus.,
682 3720 101 41 fold.
824 3730 122 38 map,
974 3720 117 40 fold.
1118 3721 126 47 plan.

182 3776 160 41 “First
369 3775 253 41 American
653 3775 227 42 edition.”

182 3833 173 40 “What
384 3833 48 39 to
461 3831 144 41 read”:
665 3843 42 37 p.
736 3831 213 41 231-232.

181 3888 311 47 Advertising
523 3890 205 37 matter:
761 3899 42 37 p.
832 3886 215 41 271-328.

107 3952 53 52 ©
196 3956 127 47 Sept.
357 3956 41 47 9,
432 3955 141 47 1936;
610 3955 67 41 2c.
715 3956 101 41 Oct.
854 3956 52 38 17;
973 3956 80 38 aff.
1092 3959 101 36 Oct.
1234 3955 75 45 16;
1348 3956 39 38 A
1422 3953 171 49 99388;
1633 3955 50 39 F.
1720 3955 139 46 Toor,
1899 3953 200 43 Mexico,

181 4014 55 39 D.
271 4013 64 48 F.,
368 4012 201 42 Mexico.
637 4011 280 50 (36-27466)
