2519 4377
1024 4101 130 49 1919

69 450 224 64 Wehrt,
318 448 219 54 Rudolf
562 464 135 39 van.

138 525 119 53 Der
281 522 435 69 libellen-krieg,
741 521 121 54 eine
885 518 450 56 abenteuerliche
1360 515 319 69 geschichte
1704 533 111 35 von
1841 512 225 55 Rudolf

68 597 1147 68 van Wehrt. Berlin, Ullstein [ c 1936]
135 673 99 47 246,
266 674 55 51 [2]
349 683 42 39 p.
452 674 54 38 17
511 675 45 21 cm
558 704 8 8 .
639 672 97 48 (On
764 682 142 30 cover
910 683 16 30 :
952 669 207 42 Ullstein
1189 668 203 48 bûcher)

73 724 1772 56 © June 25. 1936; 1c. Sept. 14; A- Foreign 33020: Ullstein, a.-g.
154 787 221 49 (37-337)

72 877 327 64 Weirauch,
428 877 173 52 Anna
628 876 282 63 Elisabet,
940 877 169 53 1887-

140 952 156 54 Frau
319 953 177 66 Kern,
520 951 89 53 ein
635 950 262 54 Berliner
919 968 197 35 roman
1139 966 109 36 von
1272 948 170 53 Anna
1468 946 258 55 Elisabet
1745 943 324 58 Weirauch.

73 1031 217 67 Berlin,
322 1030 248 55 Ullstein
608 1062 12 34 [
625 1034 18 23 c
649 1031 134 51 1936]

140 1098 1370 55 240, [1] p., 1 l. 17 cm . (On cover: Ullstein bücher)
76 1156 1719 55 © Aug. 13, 1936: 1c. Dec. 3; A- Foreign 33505 ; Ullstein, a.-g.
159 1217 221 49 (37-334)

76 1307 369 63 Whitehead,
470 1307 260 52 Thomas
753 1305 215 54 North.

145 1381 349 70 Leadership
537 1387 61 49 in
643 1399 31 33 a
720 1381 122 53 free
881 1381 229 68 society,
1155 1400 32 34 a
1228 1381 172 67 study
1446 1379 58 53 in
1547 1380 214 52 human
1805 1378 271 55 relations

74 1460 168 54 based
275 1479 72 36 on
379 1478 70 36 an
484 1459 249 69 analysis
766 1459 62 55 of
861 1459 365 69 present-day
1259 1458 306 53 industrial
1599 1456 369 69 civilization,
1999 1458 75 67 by

76 1533 2001 71 T. N. Whitehead … Cambridge, Harvard university press,
78 1621 149 50 1936.

217 1720 9 17 xv,
247 1688 87 41 266
353 1700 42 38 p.
456 1688 179 50 diagrs.
695 1688 56 41 23½
785 1691 43 22 cm
833 1723 8 8 .

81 1743 54 54 ©
167 1748 115 38 Nov.
321 1748 67 41 10.
425 1745 114 41 1936
556 1757 9 32 ;
602 1747 68 40 2c.
706 1747 117 38 Nov.
861 1745 81 47 16;
981 1746 80 40 aff.
1099 1746 117 40 Nov.
1254 1744 81 48 18;
1374 1746 42 39 A
1451 1744 200 46 100533;
1691 1744 253 41 President
1984 1745 93 39 and

152 1804 188 39 fellows
375 1803 51 40 of
460 1803 228 40 Harvard
722 1802 193 47 college,
950 1801 302 48 Cambridge,
1290 1803 145 38 Mass.
1514 1801 192 47 (37-75)

84 1894 326 64 Whitelaw,
439 1894 210 55 David.

149 1970 224 70 Corpus
396 1971 193 53 delicti
608 1989 10 49 ;
646 1989 72 36 an
742 1970 239 69 enquiry
1002 1973 123 52 into
1146 1971 98 52 the
1263 1970 230 54 various
1515 1970 258 53 methods
1795 1970 74 69 by
1894 1970 182 53 which

81 2048 225 55 famous
331 2049 320 53 murderers
677 2049 144 54 have
849 2047 264 70 disposed
1142 2048 63 53 of
1231 2048 95 55 the
1352 2048 193 53 bodies
1574 2047 63 55 of
1661 2048 151 53 their
1839 2049 242 66 victims,

79 2126 1557 70 by David Whitelaw … London, G. Bles, 1936.
153 2200 99 47 255,
285 2201 55 50 [1]
370 2211 44 38 p.
473 2200 164 49 front.,
668 2201 171 48 plates,
868 2202 151 47 ports.
1078 2199 56 39 22½
1167 2202 44 22 cm
1215 2232 9 10 .

86 2254 1999 54 © 1c. Dec. 16. 1936; A ad int. 22218 ; pubd. Oct. 19; D. Whitelaw. Roe-
157 2316 136 47 dean,
329 2317 192 43 Sussex,
555 2315 236 46 England.
862 2314 222 49 (37-512)

86 2404 199 56 Wicke
310 2405 71 64 K,
407 2404 336 65 Ernestine,
770 2408 171 53 1897-

155 2482 180 54 What
367 2482 93 53 the
496 2482 199 53 fairies
729 2482 122 54 told
885 2501 107 49 me,
1025 2482 76 67 by
1136 2483 301 53 Ernestine
1470 2484 201 53 Wicke
1704 2485 74 52 K.
1854 2487 234 65 Boston,

87 2558 1537 71 Mass., The Christopher publishing house [ c 1936]
156 2633 928 50 3 p. l., [5]-32 p. illus. 20½ × 28 cm .
90 2686 53 53 ©
177 2690 103 41 Oct.
315 2689 68 50 26,
421 2689 138 46 1936;
597 2690 67 38 2c.
702 2690 102 40 Oct.
839 2690 82 46 28;
961 2690 80 40 aff.
1079 2690 102 42 Oct.
1216 2689 82 43 30:
1337 2692 40 38 A
1411 2690 145 41 99648
1574 2702 9 36 ;
1623 2691 318 49 Christopher
1978 2694 108 47 pub.

161 2746 163 41 house.
385 2745 280 49 (36-33984)

89 2820 304 66 Williams,
419 2821 224 53 Ronald
669 2822 174 62 John,
874 2827 170 51 1906-

164 2896 415 69 Bermudiana;
624 2904 123 48 text
788 2898 112 54 and
943 2896 198 71 design
1183 2898 76 69 by
1301 2899 227 54 Ronald
1571 2902 157 54 John
1769 2903 318 69 Williams;

94 2975 392 69 photographs
535 2975 351 69 principally
934 2976 75 68 by
1056 2977 222 53 Walter
1322 2978 378 55 Rutherford.
1783 2982 308 68 Bermuda,

93 3053 140 54 New
258 3052 178 68 York,
464 3053 123 53 The
612 3054 352 52 Bermudian
993 3054 335 68 publishing
1353 3074 281 51 company
1668 3091 12 34 [
1684 3064 18 22 c
1708 3062 151 65 1936]

161 3126 986 50 200 p. incl. front., illus. 31 × 23½ cm .
167 3184 209 47 “Nearly
407 3184 64 39 all
504 3183 51 41 of
583 3184 83 39 the
698 3184 328 48 photographs
1057 3184 49 39 in
1138 3184 99 41 this
1267 3186 191 41 volume
1488 3187 125 41 have
1642 3191 242 46 appeared
1915 3191 178 50 during

97 3240 80 41 the
207 3241 97 39 last
330 3239 76 40 six
433 3249 141 37 years
604 3240 48 39 in
684 3240 81 40 the
794 3240 299 41 Bermudian
1124 3241 263 49 magazine,
1418 3244 97 40 and
1544 3254 53 31 so
1625 3245 125 41 have
1779 3257 231 40 passages
2041 3250 52 41 of

97 3297 82 40 the
215 3294 346 42 text.”—Note.

168 3351 348 48 Bibliography
545 3351 224 41 included
798 3351 49 40 in
878 3352 82 41 the
987 3355 125 38 note.

99 3404 53 53 ©
189 3410 110 38 Dec.
335 3408 40 46 9,
414 3407 138 41 1936:
591 3408 68 40 2c.
697 3407 95 39 and
828 3408 83 40 aff.
950 3409 110 39 Dec.
1101 3409 80 41 11:
1223 3411 38 38 A
1301 3410 198 48 100945;
1541 3414 296 41 Bermudian
1877 3419 108 46 pub.
2026 3429 53 28 co

179 3464 279 47 (36-36465)

99 3537 287 65 Winston,
413 3540 253 55 Stanton
695 3539 224 65 Edwin,
949 3546 169 51 1890-

168 3617 569 68 Thermodynamics;
766 3635 30 34 a
823 3618 273 66 practical
1119 3625 119 47 text
1258 3620 267 70 covering
1547 3624 95 54 the
1665 3625 427 61 fundamentals

100 3693 62 52 of
194 3695 517 68 thermodynamics
742 3695 125 55 that
900 3714 95 35 are
1027 3696 153 54 basic
1214 3704 57 46 to
1305 3700 94 51 the
1434 3701 368 72 engineering
1833 3707 150 66 field,
2018 3709 74 68 by

104 3771 1935 71 Stanton E. Winston … Chicago, American technical society
104 3851 148 54 1937.

174 3923 27 40 3
225 3934 42 38 p.
327 3954 8 16 l.,
363 3922 85 41 178
472 3933 42 37 p.
574 3922 164 47 front.,
767 3923 142 48 illus.,
936 3924 179 47 diagrs.
1174 3924 55 40 21½
1262 3927 44 22 cm
1311 3958 9 10 .

106 3975 53 53 ©
193 3981 108 38 Dec.
337 3979 40 43 9,
414 3980 138 41 1936:
590 3981 68 39 2c.
699 3982 106 37 Dec.
846 3980 77 46 10;
962 3981 82 40 aff.
1083 3982 108 40 Dec.
1228 3983 81 42 12;
1349 3985 37 37 A
1423 3983 200 50 100935;
1662 3988 155 41 Amer.
1857 3992 238 41 technical

177 4046 92 29 soc.
335 4035 191 47 (37-14)
