2519 4377
1298 4107 135 49 2042

340 406 351 64 Brasillach,
722 406 245 56 Robert.

414 524 58 11 ...
502 481 81 54 Le
610 481 318 54 marchand
957 480 307 56 d’oiseaux.
1339 480 188 71 Paris,
1553 481 152 53 Plon
1758 482 155 66 [1936]

409 554 782 52 4 p. l., [11]-253 p., 1 l. 19cm.
343 624 1788 53 © June 17, 1936; 1c. Dec. 3; A- Foreign 33668; Librairie Plon.
425 683 254 49 (37-1578)

341 787 258 66 Broglie,
627 788 261 65 Jacques
912 788 89 66 de,
1029 790 215 65 prince,
1274 787 174 55 1878-

421 910 54 8 ...
513 866 272 53 Madame
816 866 67 53 de
921 866 157 55 Staël
1110 871 52 48 et
1197 885 61 35 sa
1291 885 135 34 cour
1459 885 69 34 au
1563 866 240 53 château
1837 866 67 53 de
1940 867 327 55 Chaumont
2301 884 68 34 en

347 949 163 62 1810;
552 963 133 36 avec
723 946 140 53 neuf
902 963 275 50 gravures
1213 946 134 52 hors
1384 949 152 51 texte
1573 950 55 49 et
1666 963 79 35 un
1781 942 326 57 fac-similé.
2183 944 187 70 Paris,

343 1027 149 52 Plon
549 1028 153 64 [1936]

417 1094 1413 53 4 p. l., iii, 279 p., 2 l. plates, ports., facsim. 18 ½ cm .
419 1169 237 42 “Sources
694 1170 48 38 et
777 1167 387 50 bibliographie’’;
1230 1178 45 38 p.
1317 1188 10 30 [
1329 1166 239 51 277]-279.

348 1235 1826 54 © June 24, 1936; 1c. Dec. 3; A- Foreign 33664; Librairie Plon.
430 1295 255 50 (37-1534)

347 1401 270 55 Catholic
651 1401 244 54 church.
970 1403 250 66 Liturgy
1256 1402 117 54 and
1404 1402 195 53 ritual.
1675 1402 219 54 Missal.
1970 1403 268 67 English.

421 1479 122 54 The
580 1478 241 69 Sunday
854 1478 224 69 missal;
1118 1480 95 53 the
1249 1496 209 36 masses
1496 1479 95 53 for
1629 1478 268 69 Sundays
1934 1478 114 53 and
2082 1478 291 70 principal

351 1556 195 71 feasts,
584 1558 98 56 the
719 1576 209 36 masses
965 1557 96 55 for
1096 1558 95 54 the
1230 1558 146 55 dead
1414 1558 144 54 with
1594 1558 193 55 burial
1823 1558 234 71 service,
2093 1558 97 55 the
350 1577 1997 114 nuptial
485 1656 151 36 mass

668 1637 113 53 and
812 1637 288 70 marriage
1130 1637 213 54 service
1375 1638 114 53 and
1520 1638 98 54 the
1645 1655 211 37 masses
1885 1637 115 54 and
2032 1638 341 54 ceremonies

350 1716 96 54 for
483 1717 95 54 the
617 1716 164 69 forty
816 1715 211 69 hours’,
1063 1716 60 53 in
1160 1715 353 70 conformity
1552 1716 142 53 with
1732 1717 95 53 the
1865 1714 251 56 Vatican
2154 1716 218 70 typical

354 1796 220 54 edition
605 1796 65 53 of
699 1797 97 53 the
826 1796 235 54 Missale
1090 1796 326 54 Romanum
1457 1796 124 69 (the
1612 1796 150 53 book
1792 1796 139 54 used
1961 1796 77 69 by
2066 1797 99 53 the
2196 1796 181 70 priest

353 1876 166 53 when
546 1874 209 71 saying
779 1875 178 69 mass)
992 1875 76 69 by
1097 1876 138 53 Rev.
1266 1876 64 53 F.
1360 1875 77 54 X.
1465 1875 254 54 Lasance
1753 1918 57 11 ...
1843 1874 144 55 with
2013 1874 365 71 supplement

353 1953 198 56 “Read
588 1973 151 35 mass
777 1954 143 54 with
959 1955 96 55 the
1094 1952 215 72 priest”
1359 1955 60 68 (a
1457 1954 174 69 study
1668 1953 168 71 plan)
1883 1954 77 70 by
2000 1954 138 54 Rev.
2177 1955 92 54 W.
2307 1954 68 54 R.

353 2033 178 70 Kelty
583 2078 56 9 ...
693 2033 142 54 with
883 2052 149 36 mass
1082 2033 252 70 pictures
1383 2033 311 70 according
1738 2040 60 48 to
1846 2034 96 54 the
1990 2034 223 69 liturgy
2263 2034 113 53 and

353 2113 165 54 other
571 2112 401 55 illustrations.
1067 2112 140 54 New
1264 2112 182 69 York,
1502 2111 330 56 Cincinnati
1912 2117 121 65 [etc.]
2092 2112 285 70 Benziger

354 2192 281 70 brothers,
670 2192 151 53 1937.

429 2264 87 42 704
549 2277 43 37 p.
629 2265 112 42 incl.
776 2265 166 49 front.,
979 2265 128 41 illus.
1169 2265 57 40 14½
1258 2268 44 22 cm
1309 2300 7 9 .

356 2336 53 54 ©
441 2341 128 47 Sept.
599 2339 71 48 16,
699 2339 117 41 1936;
870 2338 69 43 2c.
969 2341 111 39 Dec.
1109 2335 58 44 30;
1224 2339 83 41 aff.
1336 2340 118 38 Nov.
1484 2337 56 41 25;
1601 2338 43 42 A
1670 2337 176 42 101487;
1904 2339 242 49 Benziger
2171 2339 127 40 bros.

438 2396 255 49 (37-1545)

357 2500 307 67 Charlton,
691 2501 204 55 Lionel
923 2502 229 66 Evelyn
1180 2502 255 66 Oswald,
1467 2506 172 53 1879-

429 2579 143 55 War
607 2599 136 34 over
777 2579 294 71 England,
1105 2580 75 69 by
1219 2580 110 53 Air
1366 2579 380 57 Commodore
1781 2580 64 54 L.
1884 2580 67 56 E.
1992 2579 67 56 O.
2099 2579 282 56 Charlton

364 2702 56 11 ...
500 2659 262 68 London,
792 2658 139 53 New
964 2659 165 54 York
1163 2665 139 64 [etc.]
1338 2659 349 69 Longmans,
1720 2658 187 56 Green
1940 2659 114 53 and
2086 2678 79 35 co.
2203 2661 172 67 [1936]

469 2762 9 17 x,
510 2730 100 50 287,
645 2731 57 51 [1]
734 2743 44 38 p.
839 2732 173 49 plates,
1044 2742 126 38 map,
1205 2733 181 48 diagrs.
1447 2733 57 40 22
1537 2735 45 22 cm
1586 2765 9 9 .

713 2804 165 40 CONTENTS.—The
909 2806 136 46 story
1074 2804 53 41 of
1159 2804 84 41 the
1275 2805 76 40 air
1382 2804 256 41 raids.—A
1669 2805 139 41 short
1840 2806 191 46 history
2064 2804 52 42 of
2149 2805 85 41 the
2263 2806 116 40 next

359 2861 284 43 war.—The
673 2862 101 41 last
805 2871 118 33 war.

362 2930 2022 56 © 1c. Dec. 17, 1936; A ad int. 22208; pubd. Oct. 19; L. E. O. Chariton,
434 2993 212 40 London.
719 2992 254 50 (37-1855)

363 3098 226 65 Coffey,
617 3098 196 55 Jessie
839 3099 73 54 A.

433 3179 222 63 Poems,
690 3177 76 67 by
802 3178 183 54 Jessie
1022 3179 70 52 A.
1132 3178 215 67 Coffey.
1425 3176 343 67 Greenfield,
1807 3178 149 65 Ind.,
1991 3180 91 53 W.
2120 3177 266 54 Mitchell

361 3255 267 68 printing
656 3273 100 49 co.,
788 3259 150 51 1936.

435 3327 558 50 3 p. l., 9-61 p. 19 cm .
365 3394 54 54 ©
449 3398 115 48 May
595 3399 71 47 11,
698 3398 142 48 1936;
874 3397 66 43 2c.
974 3399 98 40 and
1103 3399 82 42 aff.
1219 3401 115 46 May
1364 3399 83 48 21;
1481 3400 42 39 A
1552 3397 174 50 96221;
1757 3400 123 40 Wm.
1914 3398 223 41 Mitchell
2167 3395 224 52 printing

440 3465 66 31 co.

366 3562 343 66 Crenshaw,
739 3562 175 66 Files,
941 3563 72 66 jr.

441 3641 358 57 Scottsboro;
852 3641 96 54 the
998 3642 286 52 firebrand
1337 3642 63 51 of
1447 3641 391 58 communism,
1886 3642 75 66 by
2009 3641 155 54 Files
367 3643 1996 132 Crenshaw,
579 3719 91 61 -jr.,
711 3720 110 53 and
862 3721 268 52 Kenneth
1171 3721 70 53 A.
1280 3719 210 55 Miller.
1566 3720 426 68 Montgomery,
2030 3719 150 69 Ala.,
2219 3722 171 53 Press

367 3798 64 51 of
456 3798 94 53 the
577 3801 211 50 Brown
817 3797 268 68 printing
1109 3817 299 49 company,
1439 3801 150 51 1936.

440 3870 28 41 1
531 3904 9 8 v.

370 3937 53 54 ©
486 3952 95 29 June
609 3941 39 43 5.
680 3941 142 47 1936;
853 3941 68 41 2c.
954 3942 95 39 and
1080 3941 82 43 aff.
1194 3942 128 41 June
1350 3941 53 47 8;
1436 3943 41 39 A
1504 3939 148 42 94797;
1710 3940 132 41 Files
1873 3940 281 50 Crenshaw,
2184 3939 77 50 jr.,
2291 3938 100 43 and

445 3998 224 42 Kenneth
699 3999 51 39 A.
781 3997 176 50 Miller,
985 3997 352 49 Montgomery,
1364 3999 106 40 Ala.
