2519 4377
1043 4104 99 48 293

110 443 190 63 Prinz,
329 444 322 61 Hermann,
684 448 168 49 1868-

180 519 211 52 Dental
432 519 339 68 formulary.
848 518 54 52 A
943 518 274 68 practical
1256 518 172 69 guide
1467 518 95 52 for
1602 518 95 53 the
1738 518 369 68 preparation

111 597 63 53 of
210 597 270 53 chemical
516 598 112 52 and
665 596 278 55 technical
979 597 348 68 compounds
1363 597 111 52 and
1513 596 328 54 accessories
1877 614 58 35 as
1973 597 134 53 used

113 675 56 52 in
198 677 95 52 the
323 675 148 55 office
501 676 111 53 and
641 676 328 68 laboratory
998 675 73 68 by
1099 675 96 53 the
1224 675 193 53 dental
1445 675 391 68 practitioner,
1866 674 140 53 with
2037 693 71 35 an

113 754 170 52 index
313 760 58 48 to
402 757 120 51 oral
554 753 240 54 diseases
825 754 109 52 and
968 753 149 53 their
1146 758 322 63 treatment,
1499 754 74 68 by
1604 752 297 54 Hermann
1931 753 177 53 Prinz

171 831 1936 63 … 5th ed., thoroughly rev. Philadelphia, Lea & Febiger, 1936.
178 905 85 42 366
291 918 43 37 p.
390 906 26 38 2
445 889 127 58 illus.
629 906 57 40 20
689 909 44 20 cm
737 938 9 8 .

110 960 53 54 ©
198 965 108 40 Jan.
344 965 68 47 24,
451 965 138 41 1936;
629 965 67 40 2c.
736 965 109 40 Feb.
884 964 81 48 17;
1006 964 80 40 aff.
1127 964 108 40 Jan.
1274 963 82 47 27;
1397 964 41 39 A
1471 962 170 48 91799';
1683 963 96 41 Lea
1818 963 36 40 &
1892 963 217 50 Febiger.

190 1021 250 48 (36-7610)

110 1125 81 52 La
217 1124 223 54 révolte
468 1126 103 52 des
596 1141 363 48 passemens.

178 1201 82 52 La
300 1201 213 52 révolte
550 1202 95 53 des
684 1218 346 50 passemens;
1073 1201 92 53 old
1204 1205 149 48 texts
1386 1201 112 52 and
1536 1200 377 68 explanatory
1952 1205 158 48 notes

108 1278 310 54 assembled
454 1279 34 52 by
563 1278 285 54 Gertrude
883 1277 285 68 Whiting,
1205 1278 139 52 with
1383 1297 72 34 an
1493 1277 246 69 English
1774 1278 228 53 version
2034 1278 75 68 by

107 1355 183 54 Hazel
345 1357 280 67 Dunning
682 1355 375 55 Sommerhofi
1079 1375 11 48 ;
1151 1357 532 52 1660-Paris-1661.
1773 1355 338 70 Reprinted,

106 1434 140 53 with
268 1434 245 69 English
537 1435 241 67 version,
802 1433 321 54 additional
1144 1441 176 61 notes,
1342 1435 398 67 illustrations,
1764 1435 112 52 and
106 1453 1982 126 corrections,

298 1512 151 52 from
474 1513 96 52 the
599 1512 257 53 Bulletin
884 1512 64 53 of
975 1513 94 53 the
1099 1513 209 51 Needle
1335 1512 112 53 and
1473 1511 212 54 bobbin
1710 1512 147 66 club,
1884 1513 226 53 volume

111 1594 79 64 14,
232 1593 151 51 1930.
465 1590 157 68 [New
663 1590 179 69 York,
883 1591 240 53 Printed
1166 1591 73 68 by
1282 1589 184 56 Select
1506 1590 264 70 printing
1811 1609 298 52 company,

107 1676 17 21 c
130 1673 133 49 1935]

214 1773 8 16 x,
252 1742 69 48 79,
352 1743 55 50 [1]
439 1754 43 38 p.
513 1743 108 40 incl.
652 1743 164 48 front.,
848 1744 172 48 plates,
1052 1745 163 47 ports.,
1245 1743 216 40 facsims.
1514 1744 57 39 25½
1603 1746 44 21 cm
1652 1774 10 9 .

180 1800 148 41 “This
348 1800 42 40 is
417 1810 87 30 one
530 1800 51 40 of
605 1810 64 30 an
694 1800 182 41 edition
903 1800 51 40 of
980 1800 87 40 500
1085 1800 202 47 copies.’’

181 1857 127 39 “The
335 1857 106 40 text
467 1857 117 40 used
610 1857 51 39 in
689 1857 81 40 the
797 1859 195 45 present
1014 1856 299 48 publication
1341 1855 74 48 (in
1441 1855 159 41 which
1629 1856 82 40 the
1740 1857 268 40 somewhat
106 1868 1986 87 archaic
273 1912 208 49 spelling
509 1913 90 40 has
626 1913 119 40 been
774 1912 332 46 modernized)
1146 1912 41 41 is
1218 1913 129 39 from
1378 1923 27 30 a
1436 1912 298 48 photostatic
1765 1914 342 47 reproduction

107 1970 52 40 of
190 1970 82 39 the
300 1979 137 37 poem
467 1979 57 30 as
551 1970 42 38 it
619 1971 243 45 appeared
893 1969 49 39 in
975 1970 82 39 the
1087 1968 199 41 Receuil
1307 1965 48 54 [!]
1391 1970 60 39 de
1480 1969 157 49 pièces
1669 1980 60 29 en
1756 1980 140 38 prose
1928 1971 45 39 le
2000 1972 108 46 plus

106 2024 251 49 agréables
391 2027 57 38 de
481 2036 50 29 ce
564 2027 155 46 temps
750 2026 255 47 published
1038 2026 62 46 by
1133 2025 203 41 Charles
1368 2027 58 39 de
1461 2025 145 48 Sercy
1636 2025 50 40 in
1720 2026 141 41 Paris
1895 2027 50 39 in
1979 2027 128 41 1661.

106 2081 119 41 This
263 2082 89 40 has
391 2082 118 39 been
544 2081 363 48 supplemented
946 2082 62 47 by
1048 2083 80 39 the
1169 2080 127 42 edict
1335 2082 257 47 published
1629 2092 59 30 on
1729 2083 270 40 November
2037 2084 70 47 27,

105 2137 2000 51 1660, which inspired the poem [p. 63]-[65] … The author of the poem
107 2194 211 40 remains
346 2194 392 48 unknown.”—p.
767 2205 42 29 v.

106 2247 2002 54 © Nov. 26, 1935; 2c. Dec. 10; aff. Jan. 31, 1936; A 91560; Needle &
176 2303 1929 55 Bobbin club, ℅ Gertrude Whiting, New York. [Copyright is claimed
176 2377 62 28 on
261 2365 324 48 compilation,
615 2368 137 37 notes
779 2366 94 38 and
902 2365 309 48 translation]
1280 2365 251 47 (36-7643)

111 2467 240 67 [Rivett,
379 2468 181 53 Edith
590 2468 287 66 Caroline]
912 2474 171 49 1894-

175 2542 191 55 Crime
398 2549 231 47 counter
667 2543 188 67 crime,
890 2543 75 68 by
1002 2543 66 51 E.
1107 2542 61 55 C.
1207 2544 69 52 R.
1312 2544 183 53 Lorac
1535 2545 231 68 [pseud.]
1844 2545 259 66 London,

104 2621 142 53 Pub.
272 2621 94 53 for
390 2622 94 52 the
512 2621 190 54 Crime
729 2621 126 53 club
880 2621 74 69 by
980 2620 218 55 Collins
1231 2654 13 34 [
1247 2627 20 21 c
1271 2624 153 64 1936]

170 2694 86 41 286
285 2706 42 37 p.
387 2694 56 40 19
448 2697 42 21 cm
495 2730 9 8 .

103 2750 1997 54 © 1c. Mar. 3, 1936; A ad int. 21146; pubd. Jan. 6; E. C. Rivett, London.
186 2811 250 48 (36-7637)

102 2913 291 64 Röntgen,
421 2913 273 55 Wilhelm
723 2915 248 64 Conrad,
1001 2920 325 49 1845-1923.

239 2990 1865 70 … Briefe an L. Zehnder; mit den beitragen, Geschichte
103 3068 182 53 seiner
317 3068 358 70 entdeckung
710 3069 100 52 der
843 3070 522 68 Röntgenstrahlen
1399 3071 118 51 und
1551 3071 295 68 Röntgens
104 3071 1974 144 einstellung

281 3166 100 33 zur
417 3148 350 52 renaissance
806 3148 99 51 der
939 3148 347 52 klassischen
1322 3148 228 69 physik,
1587 3166 110 35 von
1735 3149 84 53 dr.
1857 3148 247 71 Ludwig

101 3224 1638 71 Zehnder … Zürich [etc.] Rascher & cie. a.-g., 1935.
173 3297 1407 51 3 p. l., [5]-198 p. illus. (incl. facsims.) ports. 23 cm .
103 3351 1996 55 © Mar. 26, 1935; 1c. Nov. 30; A -Foreign 30234; Rascher & cie., a.-g.,
172 3414 177 45 verlag.
418 3412 251 47 (36-7548)

99 3514 224 54 Rudoy.
349 3516 269 52 Pinchos.
648 3522 171 46 1888-

95 3587 1867 106 … אונזער תורה און אונזערע שענסטע אגדות פאר שול און
1589 3699 510 66 הויז… , 2-5 . v ]
99 3771 137 52 New
265 3773 177 54 York,
530 3816 10 10 N.
572 3775 89 55 Y.,
696 3773 132 54 Star
854 3774 246 52 Hebrew
1130 3773 146 53 book
1305 3792 77 34 co.
1460 3777 151 64 [c1935]

167 3859 28 37 4
222 3870 40 26 v.
292 3858 14 38 in
369 3859 38 38 3.
465 3859 55 38 20½
553 3861 14 19 cm
601 3890 8 7 .

161 3927 230 39 Author's
421 3939 141 27 name
1098 3927 75 36 פיני
875 3912 199 66 בעל־לשן)
744 3927 103 36 פנחס
595 3927 123 48 רודאי
1176 3929 13 40 )
1228 3931 54 38 at
1313 3930 123 39 head
1473 3929 53 39 of
1559 3928 121 41 title.

160 3996 128 41 Title
334 3998 417 46 (transliterated)
779 4010 9 27 :
830 4000 156 38 Unser
1024 3999 174 40 Torah.
