2519 4377
1314 4117 134 48 1016

376 439 225 68 Griffin,
628 440 200 53 Frank
853 440 241 66 Loxley,
1124 446 172 50 1881-

446 531 95 53 An
585 532 395 53 introduction
1026 537 59 47 to
1133 533 427 53 mathematical
1609 534 265 67 analysis.
1951 536 138 52 Rev.
2138 535 84 54 ed.
2299 537 89 66 By

376 610 199 53 Frank
607 610 219 67 Loxley
860 609 203 56 Griffin
1103 653 57 10 ...
1239 612 235 68 Boston,
1509 612 141 53 New
1685 613 165 52 York
1908 618 121 63 [etc.]
2069 614 319 68 Houghton

375 687 204 55 Mifflin
604 707 283 49 company
917 723 13 33 [
935 695 18 21 c
958 691 134 51 1936
1099 722 12 34 ]

487 807 8 15 x,
524 775 88 40 546
637 786 44 38 p.
736 774 180 49 diagrs.
974 775 55 39 21
1033 777 45 22 cm
1082 807 9 8 .

377 842 53 53 ©
460 847 116 47 July
605 848 71 47 15,
706 845 118 42 1936;
878 846 69 42 2c.
979 847 95 39 and
1106 846 82 41 aff.
1221 847 115 47 July
1366 848 54 40 31;
1482 849 40 38 A
1552 846 146 42 96699;
1759 849 52 41 F.
1843 850 51 40 L.
1927 849 184 48 Griffin,
2141 850 250 49 Portland,

448 904 78 41 Or.
597 903 283 50 (36-17519)

377 1009 166 65 Hale,
572 1007 259 56 William
860 1009 134 65 Jay,
1025 1010 173 55 1876-

447 1098 340 70 Prosperity
828 1100 271 67 beckons;
1145 1100 168 53 dawn
1356 1101 64 52 of
1460 1102 96 52 the
1599 1102 221 52 alcohol
1861 1121 114 49 era,
2016 1103 73 67 by
2130 1103 262 55 William

375 1178 1905 71 J. Hale ... Boston, Mass., The Stratford company [ c 1936]
447 1263 644 51 4 p. l., ii, 201 p. 19½ cm .
377 1333 53 54 ©
458 1337 116 47 July
603 1337 69 48 10,
702 1336 115 42 1936;
875 1336 68 42 2c.
973 1336 118 48 July
1118 1336 59 42 16;
1234 1336 81 41 aff.
1346 1337 118 47 July
1493 1337 56 40 14;
1608 1338 44 39 A
1678 1337 148 41 96509;
1886 1339 252 41 Stratford
2169 1348 82 39 co.,
448 1338 1927 96 publishers.
706 1393 283 49 (36-17508)

376 1499 219 66 Harry,
621 1500 224 64 Joseph
872 1499 275 65 Edward,
1177 1505 173 50 1863-

448 1592 134 70 Dog
610 1592 115 54 and
757 1591 144 71 dogs
934 1591 110 70 [by]
1080 1591 217 69 Joseph
1330 1591 255 54 Edward
1615 1591 219 69 Harry,
1864 1610 98 35 ph.
1996 1613 48 33 d.;
2108 1592 96 54 the
2236 1598 158 64 story

375 1671 1993 150 of man’s constant companion. New York, London, D. Appleton-Century company incorporated [ c 1936]
447 1841 97 48 xvi,
570 1841 102 49 314,
750 1859 11 31 [1]
790 1851 45 38 p.
891 1839 56 40 21
949 1842 46 21 cm
999 1872 9 9 .

449 1912 216 41 “Second
693 1909 228 44 edition.”

378 1979 53 53 ©
459 1983 116 47 July
597 1983 71 48 24,
696 1980 141 48 1936;
865 1981 69 41 2c.
962 1981 97 39 and
1085 1981 82 41 aff.
1195 1981 117 47 July
1338 1981 55 39 25;
1450 1982 41 38 A
1516 1979 145 42 96630;
1719 1982 57 39 D.
1804 1982 479 48 Appleton-Century
2310 1993 82 37 co.,

448 2039 90 40 inc.
598 2038 282 51 [Copyright
902 2037 43 40 is
970 2037 208 40 claimed
1203 2047 60 30 on
1286 2037 214 50 preface]
1568 2038 281 48 (36-17084)

379 2145 227 64 Hauck,
637 2145 140 52 Mrs.
809 2142 214 54 Louise
1055 2142 223 67 (Platt)
1318 2148 172 50 1883-

454 2233 447 71 Whippoorwill
944 2233 176 55 house
1173 2233 110 70 [by]
1337 2232 206 55 Louise
1592 2232 161 55 Platt
1800 2233 223 54 Hauck.
384 2233 1983 151 Philadelphia,
568 2314 123 53 The
723 2314 162 52 Penn
916 2311 339 70 publishing
1285 2329 282 51 company
1605 2346 13 35 [
1623 2319 18 22 c
1646 2314 133 51 1936
1785 2345 13 35 ]

450 2400 86 41 312
567 2410 44 38 p.
702 2398 26 41 19½
761 2400 44 22 cm
810 2430 8 10 .

380 2470 53 54 ©
464 2474 115 47 July
608 2474 70 48 17,
708 2471 116 42 1936;
884 2471 66 41 2c.
982 2471 96 40 and
1110 2471 83 41 aff.
1223 2472 120 46 Aug.
1376 2472 25 39 8;
1461 2472 40 38 A
1533 2469 142 43 97291;
1738 2472 132 38 Penn
1902 2472 112 47 pub.
2046 2482 67 33 co.
462 2529 282 51 (36-17474)

379 2634 234 65 Higher
665 2634 303 53 education
1019 2633 113 53 and
1183 2633 240 66 society;
1479 2651 32 34 a
1563 2633 368 67 symposium.
2020 2633 251 54 Articles
2320 2633 72 67 by

449 2714 229 53 Arthur
711 2714 67 53 B.
810 2712 239 66 Adams,
1081 2712 157 55 John
1271 2711 297 68 Ankeney,
1600 2711 263 54 William
1898 2713 249 52 Bennett
2179 2710 215 55 Bizzell

476 2793 113 53 [and
632 2792 209 66 others]
898 2834 56 9 ...
1039 2790 275 66 Norman,
1358 2789 341 68 University
1742 2789 64 53 of
1852 2788 325 56 Oklahoma
2221 2807 194 50 press,.

454 2874 149 52 1936.

456 2955 948 53 vi p., 1 l., 323, [1] p. front. 23½cm.
457 3029 301 40 “Addresses
787 3025 247 42 delivered
1068 3028 53 39 at
1152 3027 82 40 the
1271 3026 367 41 Southwestern
1672 3025 284 41 conference
1989 3036 60 30 on
2083 3026 172 48 higher
386 3028 1993 101 education
585 3086 112 39 held
736 3085 52 39 at
826 3085 83 39 the
947 3084 285 48 University
1269 3084 52 40 of
1362 3084 271 41 Oklahoma
1671 3084 270 40 November
1979 3084 70 46 14,
2088 3084 69 48 15,
2196 3085 96 40 and
2327 3085 69 48 16,

386 3144 127 47 1935,
546 3142 433 48 commemorating
1008 3141 84 40 the
1120 3143 80 39 ten
1232 3151 144 38 years
1406 3141 52 40 of
1488 3151 226 38 progress
1746 3141 54 41 of
1832 3142 81 40 the
1942 3141 273 50 university
2244 3143 154 40 under

388 3203 80 40 the
501 3198 401 42 administration
933 3198 53 41 of
1016 3198 218 41 William
1267 3199 212 40 Bennett
1507 3198 196 48 Bizzell,
1736 3198 293 49 president.”

459 3258 165 40 “First
660 3255 227 42 edition.”

385 3325 52 53 ©
464 3329 116 47 July
606 3328 71 48 20,
704 3327 141 47 1936;
876 3326 66 39 2c.
970 3326 96 39 and
1094 3326 83 40 aff.
1206 3326 116 47 July
1350 3326 55 40 27;
1462 3328 39 37 A
1530 3326 141 41 96651;
1735 3326 283 49 University
2047 3328 52 39 of
2127 3328 270 40 Oklahoma

453 3394 150 39 press.
677 3383 282 50 (36-17522)

383 3491 185 66 Hoek,
594 3491 209 63 Henry
825 3488 276 65 William,
1132 3489 171 56 1878-

462 3624 56 9 ...
558 3581 281 67 Zermatt;
876 3578 280 54 zwischen
1193 3579 365 53 Matterhorn
1592 3580 117 53 und
1741 3580 347 68 Monterosa,
2123 3581 276 53 zwischen

386 3659 336 55 Weisshorn
764 3658 118 52 und
925 3658 167 54 Dom.
1173 3657 114 53 Ein
1332 3658 146 52 buch
1523 3658 99 52 für
1663 3657 439 70 berg-freunde;
2148 3659 110 53 mit
2301 3660 97 53 107

387 3735 1906 70 bildern und 10 karten. Hamburg, Gebrüder Enoch [ 1935]
461 3810 82 41 191
590 3822 42 37 p.
681 3810 110 40 inch
838 3809 164 50 front.,
1051 3809 143 51 illus.,
1243 3812 137 47 port.,
1429 3820 151 38 maps.
1653 3809 58 41 19
1712 3813 44 21 cm
1760 3843 9 9 .
1848 3811 371 49 [“Hoek-Enoch
390 3811 1992 97 bergbücher.
646 3877 72 31 nr.
749 3868 43 48 4]

460 3925 65 39 At
550 3925 124 39 head
702 3923 52 40 of
780 3923 108 41 title;
944 3924 170 48 Henry
1140 3924 153 40 Hoek.

388 3987 2010 56 © Nov. 25, 1935; 1c. Apr. 27, 1936; A -Foreign 31524; Gebrüder Enoch
460 4049 177 46 verlag.
707 4050 254 46 (36-17442)
