2519 4377
996 4082 132 54 1777

70 434 201 65 Adair,
299 435 177 53 Ward
503 432 272 65 William,
806 435 170 53 1870-

65 506 1973 149 The road to New York, by Ward Adair … New York, Association press [ c 1936 ]
133 657 86 43 278
247 669 43 38 p.
350 659 162 45 front.,
543 659 170 47 plates,
746 660 149 46 ports.
955 657 54 40 21
1015 660 43 22 cm
1063 694 8 8 .

134 714 398 42 Reminiscences.

70 769 52 54 ©
151 775 114 38 Nov.
297 773 67 45 10,
394 772 140 43 1936;
566 772 66 41 2c.
666 773 93 39 and
787 773 80 39 aff.
898 774 116 38 Nov.
1044 772 82 45 23;
1160 775 36 37 A
1228 771 199 48 100647;
1459 772 150 41 Ward
1641 772 165 44 Adair,
1838 773 227 41 Orlando,

144 831 100 39 Fla.
310 829 279 49 (36-34557)

69 921 241 65 Adams,
335 920 232 54 Arthur
592 921 203 62 Barto,
824 921 169 55 1887-

137 996 1928 69 Analyses of business cycles, by Arthur B. Adams … 1st ed.
71 1075 137 52 New
258 1074 162 53 York
464 1075 110 52 and
623 1074 257 67 London,
928 1072 427 56 McGraw-Hill
1404 1074 147 52 book
1597 1092 298 49 company,
1943 1075 126 66 inc.,

71 1156 147 49 1936.

135 1225 64 40 xi.
233 1225 85 40 292
351 1236 42 37 p.
453 1225 177 45 diagrs.
694 1225 54 40 23½c
799 1227 26 21 m
831 1257 8 8 .

143 1280 1922 49 “In several places … I have used material, in a revised form, taken
68 1338 125 40 from
226 1337 280 41 Economies
535 1338 54 40 of
616 1337 221 41 business
869 1337 392 48 cycles.”—Pref.

140 1394 245 41 “Selected
416 1395 84 39 list
532 1395 51 38 of
614 1393 249 41 reference
891 1393 205 42 books”:
1129 1405 42 37 p.
1203 1393 100 41 285.

69 1446 53 53 ©
150 1451 114 38 Nov.
293 1449 70 47 23,
391 1450 140 46 1936;
561 1450 67 40 2c.
659 1450 93 38 and
782 1449 81 41 aff.
889 1450 117 38 Nov.
1037 1448 82 49 27;
1152 1450 39 39 A
1219 1448 201 49 101016;
1453 1449 347 41 McGraw-Hill
1834 1450 122 39 book
1985 1461 82 36 co.,

140 1507 89 41 inc.
299 1506 279 48 (36-34386)

68 1595 424 65 Aleksandrov,
525 1597 176 52 Pavel
733 1596 372 65 Sergeevich,
1141 1601 169 50 1896-

138 1675 1868 67 Topologie, von Paul Alexandroff … und Heinz Hopf …
76 1759 37 48 1.
144 1755 90 51 bd.
310 1753 215 56 Berlin,
552 1756 55 50 J.
639 1753 296 66 Springer,
964 1756 148 50 1935.

140 1828 14 36 1
200 1837 40 29 v.
304 1825 178 46 diagrs.
547 1825 54 39 24½
635 1828 44 21 cm
686 1858 7 8 .
790 1826 168 39 (Added
999 1828 118 44 t.-p.:
1149 1824 91 41 Die
1276 1825 328 47 grundlehren
1640 1825 83 39 der
69 1825 1979 97 mathematischen

252 1881 1815 47 wissenschaften in einzeldarxtellungen … hrsg. von R. Courant.
69 1940 71 38 bd.
273 1939 13 47 XLV)

139 1996 374 48 Bibliography:
545 2006 40 28 v.
617 1996 39 48 1,
686 2006 44 38 p.
777 1994 233 50 [617]-621.

67 2049 1998 53 © Dec. 23, 1935; 1c. June 3, 1936; A-Foreign 31965; Julius Springer.
147 2109 279 49 (36-18184)

72 2200 184 66 Allen,
286 2200 252 53 Edward
564 2200 199 63 Jones,
793 2204 170 51 1898-

134 2277 122 53 The
275 2276 204 54 second
503 2275 217 55 United
746 2275 167 54 order
939 2293 209 51 among
1170 2275 96 53 the
1290 2274 311 69 Mormons,
1625 2274 77 71 by
1729 2274 255 54 Edward
2006 2273 56 56 J.

69 2351 1995 71 Allen, PH. D. New York, Columbia university press; London,
69 2431 60 54 P.
160 2431 55 55 S.
244 2431 163 68 King
434 2433 45 51 &
507 2448 117 49 son,
652 2431 123 65 ltd.,
804 2434 149 50 1936.

136 2504 84 42 148
256 2514 42 38 p.
365 2503 55 40 23
424 2506 45 22 cm
472 2538 9 8 .
581 2504 277 47 (Half-title:
898 2502 195 42 Studies
1132 2503 50 41 in
1219 2502 203 48 history,
1460 2502 267 42 economics
1770 2503 94 40 and
1903 2503 162 48 public

69 2561 102 48 law,
214 2562 72 40 ed.
330 2560 62 47 by
432 2561 81 40 the
554 2560 207 47 Faculty
802 2560 53 41 of
896 2560 216 48 political
1157 2559 185 42 science
1383 2559 52 41 of
1477 2558 253 42 Columbia
1776 2559 285 48 university,

67 2625 70 31 no.
164 2616 110 49 419)

137 2672 168 42 Issued
330 2673 103 40 also
460 2683 57 30 as
539 2672 153 43 thesis
728 2673 15 47 (PH.
892 2673 35 47 D.)
962 2671 252 42 Columbia
1240 2671 286 50 university.

69 2727 1997 53 © Sept. 9. 1936; 2c. Sept. 14; aff. Sept. 12: A 97801; Columbia univ.
138 2797 149 38 press.
352 2786 280 50 (36-34560)

68 2876 312 55 American
409 2878 111 53 law
548 2877 297 57 institute.

197 2956 1867 67 … Explanatory notes on agency. Tentative draft no. 5.
70 3034 286 66 Prepared
388 3034 73 53 by
490 3034 95 52 the
615 3040 273 61 reporter,
917 3036 239 52 Warren
1190 3036 69 52 A.
1294 3033 231 55 Seavev.
1601 3036 201 52 March
1832 3042 48 47 4.
1916 3039 148 50 1930.

70 3111 421 67 Philadelphia.
528 3114 119 52 Pa.,
684 3113 118 51 The
838 3112 303 53 American
1181 3113 110 51 law
1328 3112 260 53 institute
1628 3147 13 33 [
1646 3119 18 21 c
1671 3116 133 49 1930]

139 3184 83 38 102
252 3194 43 38 p.
355 3183 55 41 23½c
460 3187 26 20 m
492 3217 7 7 .

69 3237 1995 53 © Mar. 17. 1930; 1c. and aff. Oct. 22, 19.36; 1c. Nov. 2; A 100487: Aiuer.
140 3298 93 38 law
258 3297 238 41 institute.

198 3370 1866 67 … Restatement of the law of agency. Tentative draft no. 4.
71 3447 320 55 Submitted
423 3450 73 65 by
525 3450 95 51 the
650 3449 218 53 council
901 3453 56 46 to
987 3450 93 50 the
1113 3449 272 52 members
1416 3449 93 55 for
1541 3450 309 53 discussion
1884 3461 54 45 at
1970 3452 95 51 the

69 3525 1996 71 seventh annual meeting. May 9, 10 and 11, 1929 … Reporter.
69 3604 1993 70 Warren A. Seavev … advisers. Calvert Magruder … special
71 3682 1992 69 adviser; John Kimberly Beach … Frederick Green … [ and
69 3762 205 65 others]
353 3761 200 51 March
599 3763 85 55 25,
733 3763 147 50 1929.
958 3760 425 67 Philadelphia.
1428 3762 78 50 Pa.,
1593 3761 119 53 The
1761 3763 303 51 American

70 3839 106 51 law
202 3837 258 54 institute
534 3840 151 64 [c1929]

140 3909 55 39 86
222 3921 43 37 p.
322 3909 54 40 23
380 3913 44 20 cm
429 3943 8 7 .

72 3963 1992 52 © Apr. 4. 1929; 1c. and aff. Oct. 22. 1936; 1c. Nov. 2; A 100488; Amer.
141 4024 92 37 law
259 4024 238 39 institute.
