2519 4377
1323 4149 100 50 932

450 508 1883 52 “Combines under one cover the grammar Sprechen Sie deutsch …
378 566 95 38 and
507 566 82 39 the
622 566 187 46 reader,
843 566 151 39 Lesen
1034 566 78 40 Sie
1147 566 440 42 deutsch.”—Pref.

378 621 53 53 ©
456 627 126 39 June
606 626 70 48 16,
702 626 141 46 1936;
870 625 67 41 2c.
963 626 96 39 and
1086 626 82 41 aff.
1194 627 127 40 June
1345 626 82 47 27;
1456 627 43 40 A
1520 626 173 49 95846;
1722 628 152 40 Oscar
1899 628 279 49 Burkhard,
450 626 1921 104 Minneapolis.
678 682 283 50 [Copyright
988 682 42 40 is
1057 683 208 39 claimed
1292 692 60 30 on
1379 694 107 29 new
1514 685 195 48 matter]
1776 683 282 50 (36-15599)

449 786 1937 68 Lesen Sie deutsch! By Oscar C. Burkhard … New York.
379 864 75 55 H.
490 864 144 54 Holt
673 865 112 52 and
821 883 280 50 company
1140 899 13 33 [
1158 871 17 21 c
1181 867 132 50 1936]

450 936 63 47 ix,
545 936 98 49 166,
674 937 103 39 xxii
810 947 41 38 p.
914 937 142 47 illus.,
1088 938 173 40 double
1291 947 126 39 map.
1478 937 55 41 19½
1565 940 43 21 cm
1615 971 8 8 .

451 996 139 47 Maps
629 1004 61 30 on
726 994 365 48 lining-papers.

450 1052 68 38 “A
553 1053 286 47 companion
873 1053 123 39 book
1031 1055 48 38 to
1117 1052 257 48 ‘Sprechen
1410 1053 79 41 Sie
1522 1054 202 39 deutsch
1744 1053 265 41 !’”—Pref.

378 1109 52 53 ©
456 1114 127 39 June
609 1113 39 46 2,
678 1111 140 48 1936;
849 1113 67 39 2c.
946 1112 94 39 and
1069 1112 81 40 aff.
1180 1113 127 39 June
1333 1112 83 47 27;
1446 1112 43 40 A
1514 1111 172 49 95847;
1718 1112 152 42 Oscar
1899 1113 279 47 Burkhard,
449 1112 1924 106 Minneapolis.
679 1169 283 50 [Copyright
990 1169 42 38 is
1060 1168 206 40 claimed
1295 1180 60 30 on
1385 1168 252 50 revisions]
1709 1169 281 49 (36-15598)

378 1278 308 61 Cameron,
715 1275 216 57 Caddo.

513 1349 1877 71 … Rangers is powerful hard to kill. Garden City, N. Y.,
379 1431 361 65 Doubleday,
770 1430 199 52 Doran
1000 1430 112 52 and
1143 1447 299 49 company,
1470 1429 127 66 inc.,
1631 1432 150 51 1936.

451 1502 842 51 6 p. l., 304 p. incl. front. 20 cm .
453 1562 164 40 “First
656 1559 229 43 edition.”

378 1619 52 52 ©
456 1622 115 46 July
598 1621 69 48 10,
694 1618 115 41 1936;
864 1619 68 41 2c.
961 1619 95 38 and
1084 1619 80 38 aff.
1194 1618 115 47 July
1337 1619 82 46 17;
1449 1619 41 38 A
1516 1618 172 47 96524;
1719 1619 300 49 Doubleday,
2049 1620 166 39 Doran
2244 1621 35 40 &
2305 1630 82 39 co.,

447 1678 91 41 inc.
610 1677 283 48 (36-15685)

377 1782 236 65 Cheley,
641 1781 200 53 Frank
869 1781 250 63 Hobart,
1149 1786 172 49 1889-

447 1857 1937 70 The business of living, by Frank H. Cheley … prepared
375 1938 183 55 under
584 1938 97 53 the
706 1936 360 70 supervision
1093 1936 64 54 of
1183 1937 96 53 the
1306 1936 291 54 Editorial
1624 1937 180 54 board
1834 1937 63 53 of
1924 1938 97 52 the
2050 1938 337 69 University

376 2014 2005 72 society … New York, The University society, incorporated
382 2101 176 65 [c1936
563 2132 12 33 ]

450 2169 62 48 iv,
542 2169 87 40 125
656 2180 59 38 p.,
745 2170 24 39 1
822 2201 7 8 l.
890 2168 56 41 20½
979 2171 43 21 cm
1029 2201 7 7 .
1108 2168 259 48 (Personal
1400 2168 312 48 engineering
1741 2168 164 40 series.
1970 2169 107 49 [Vol.
2108 2169 75 51 X])

377 2225 52 54 ©
463 2230 126 40 June
621 2228 69 48 18,
725 2226 141 49 1936;
901 2228 68 42 2c.
1003 2228 126 40 June
1163 2227 81 48 18;
1283 2226 81 42 aff.
1399 2228 127 40 June
1559 2226 81 49 19;
1677 2228 41 40 A
1752 2227 171 48 96054;
1961 2227 285 49 University
2279 2238 80 31 soc.,

447 2286 90 41 inc.
609 2286 282 48 (36-15667)

445 2385 1937 71 Investing leisure time, by Frank H. Cheley … prepared
375 2465 180 53 under
583 2466 96 52 the
705 2465 357 68 supervision
1092 2463 64 55 of
1183 2465 96 53 the
1308 2463 290 54 Editorial
1626 2464 180 53 board
1833 2463 64 54 of
1925 2464 95 54 the
2047 2463 338 71 University

373 2541 2010 73 society … New York, The University society, incorporated
379 2656 13 34 [
396 2628 19 22 c
420 2626 136 50 1936
561 2657 12 33 ]

447 2696 62 47 vi,
544 2696 86 41 126
663 2707 43 37 p.
766 2694 59 42 20½
856 2697 45 22 cm
905 2727 8 8 .
985 2695 257 49 (Personal
1275 2693 314 49 engineering
1620 2692 151 43 series.
1849 2693 107 51 [vol.
2072 2694 15 48 IX])

445 2753 381 48 “Bibliography
854 2752 54 41 of
935 2752 177 41 leisure
1140 2751 173 42 time”:
1345 2762 42 37 p.
1417 2750 216 41 125-126.

375 2810 53 53 ©
452 2814 127 40 June
601 2814 70 46 18,
695 2812 141 48 1936;
863 2813 67 40 2c.
956 2813 127 39 June
1107 2812 82 47 18;
1216 2810 83 42 aff.
1325 2812 125 39 June
1476 2810 82 47 19;
1584 2811 41 39 A
1648 2810 172 47 96056;
1850 2809 285 49 University
2160 2819 107 38 soc.,
2292 2809 92 40 inc.

455 2869 282 50 (36-15899)

446 2958 125 56 Our
600 2958 175 55 social
805 2963 192 62 assets,
1027 2959 129 52 how
1187 2965 59 48 to
1276 2958 167 53 make
1473 2958 96 53 the
1600 2962 148 48 most
1779 2955 63 55 of
1873 2958 173 66 them,
2077 2957 78 67 by
2186 2956 198 54 Frank

374 3035 2010 71 H. Cheley … prepared under the supervision of the Editorial
375 3114 2007 70 board of the University society … New York, The University
374 3196 898 69 society, incorporated [ c 1936]
445 3267 83 48 vii,
554 3269 85 39 114
666 3279 42 38 p.
769 3268 57 41 20½
858 3270 44 22 cm
906 3299 9 9 .
986 3268 258 47 (Personal
1271 3267 313 48 engineering
1609 3268 151 39 series.
1838 3267 106 49 [vol.
2068 3265 39 50 VIII])

447 3326 380 49 Bibliography:
859 3336 42 38 p.
931 3325 98 41 114.

374 3380 53 53 ©
451 3385 127 40 June
601 3384 70 46 18,
694 3384 140 42 1936;
862 3383 67 40 2c.
955 3384 129 39 June
1105 3384 81 41 18;
1214 3383 82 40 aff.
1323 3384 126 38 June
1473 3381 81 44 19;
1583 3383 38 38 A
1647 3382 171 46 96053;
1848 3380 284 49 University
2158 3391 79 30 soc.,
2292 3381 90 41 inc.

454 3440 281 47 (36-15666)

374 3531 278 65 Christie,
681 3533 138 52 Mrs.
849 3530 244 65 Agatha
1129 3530 251 66 (Miller)

508 3605 1875 70 … Hercule Poirot, master detective … New York, Dodd,
374 3687 171 52 Mead
577 3688 45 50 &
653 3703 298 49 company,
989 3689 149 49 1936.

447 3759 82 40 xvi
557 3770 56 37 p.,
639 3759 27 39 2
711 3791 22 15 l.,
759 3759 99 45 305,
886 3760 54 49 [1]
967 3770 56 37 p.,
1049 3760 26 38 2
1122 3792 21 15 l.,
1171 3759 143 40 3-302
1341 3770 56 38 p.,
1422 3759 26 39 2
1494 3790 22 16 l.,
1540 3759 85 40 305
1651 3770 42 37 p.
1751 3759 54 39 21
1810 3761 15 21 cm
1858 3790 10 9 .

446 3816 64 39 At
537 3816 123 39 head
690 3817 53 38 of
770 3815 134 41 title:
937 3816 192 47 Agatha
1161 3815 227 41 Christie.

726 3872 163 40 CONTENTS.—The
931 3872 196 40 murder
1167 3873 52 40 of
1262 3873 158 46 Roger
1461 3872 501 47 Ackroyd.—Murder
2002 3871 49 40 in
2093 3873 80 39 the
2215 3872 165 41 Calais

374 3927 459 41 coach.—Thirteen
863 3931 52 38 at
944 3928 186 41 dinner.

372 3980 52 54 ©
454 3985 126 39 June
610 3985 70 46 30,
712 3985 139 47 1936;
885 3986 66 40 2c.
983 3986 116 46 July
1129 3987 53 45 3;
1217 3986 81 40 aff.
1331 3985 114 47 July
1478 3986 80 44 16;
1594 3986 40 38 A
1662 3984 171 47 96562;
1869 3985 155 48 Dodd,
2058 3986 140 39 Mead
2230 3987 38 40 &
2294 3996 82 37 co.,

442 4040 89 42 inc.
589 4041 281 51 [Copyright
895 4042 41 39 is
960 4042 206 40 claimed
1189 4052 58 30 on
1275 4052 106 29 new
1408 4044 193 47 matter]
1667 4041 281 49 (36-15687)
