<alto xmlns="http://www.loc.gov/standards/alto/ns-v3#" xmlns:xsi="http://www.w3.org/2001/XMLSchema-instance" xsi:schemaLocation="http://www.loc.gov/standards/alto/ns-v3# http://www.loc.gov/alto/v3/alto-3-0.xsd"><Description>
<MeasurementUnit>pixel</MeasurementUnit>
<sourceImageInformation>
<fileName>1936_v33_Part1.pdf</fileName>
</sourceImageInformation>
<OCRProcessing ID="IdOcr">
<ocrProcessingStep>
<processingDateTime>2019-01-18</processingDateTime>
<processingSoftware>
<softwareCreator>ABBYY</softwareCreator>
<softwareName>ABBYY Recognition Server</softwareName>
<softwareVersion>4.0</softwareVersion>
</processingSoftware>
</ocrProcessingStep>
</OCRProcessing>
</Description>
<Styles>
<ParagraphStyle ALIGN="Left" FIRSTLINE="0." ID="StyleId-FFFFFFFF-FFFF-FFFF-FFFF-FFFFFFFFFFFF-" LEFT="0." RIGHT="0." />
<ParagraphStyle ALIGN="Left" FIRSTLINE="0." ID="StyleId-51D50FAC-7A90-4D70-8A96-5EA9D46D1C8B-" LEFT="0." LINESPACE="7.699999809" RIGHT="0." />
<ParagraphStyle ALIGN="Block" FIRSTLINE="-17." ID="StyleId-6BC133E9-7DCB-43C3-8842-A67984A26405-" LEFT="0." LINESPACE="8.340000153" RIGHT="0." />
<ParagraphStyle ALIGN="Left" FIRSTLINE="-13." ID="StyleId-3C3FF860-43E7-46A2-8934-48F305F6F0D6-" LEFT="0." LINESPACE="11.06999969" RIGHT="0." />
<ParagraphStyle ALIGN="Block" FIRSTLINE="-13." ID="StyleId-19220C76-4F8A-4737-B38C-B5F5C17E6040-" LEFT="0." LINESPACE="11.06999969" RIGHT="0." />
<ParagraphStyle ALIGN="Left" FIRSTLINE="0." ID="StyleId-75A0D721-13ED-4F20-9002-B389EC48477D-" LEFT="0." LINESPACE="15.5" RIGHT="0." />
<ParagraphStyle ALIGN="Left" FIRSTLINE="0." ID="StyleId-8A414184-C7A5-4AC7-9B88-7DA4DDE75922-" LEFT="0." LINESPACE="9.399999619" RIGHT="0." />
<ParagraphStyle ALIGN="Left" FIRSTLINE="0." ID="StyleId-1A87970B-111C-4169-99A6-9412976F3C97-" LEFT="0." LINESPACE="10.5" RIGHT="0." />
<ParagraphStyle ALIGN="Block" FIRSTLINE="-17." ID="StyleId-72DB0571-5AE4-41FD-9E11-68C6AC4C437E-" LEFT="0." LINESPACE="8.340000153" RIGHT="0." />
<ParagraphStyle ALIGN="Center" FIRSTLINE="0." ID="StyleId-1AA43056-C388-4697-B10F-72FDAA38FAE1-" LEFT="0." LINESPACE="10.5" RIGHT="0." />
</Styles>
<Layout>
<Page HEIGHT="4377" ID="Page1680" PHYSICAL_IMG_NR="1680" WIDTH="2519">
<TopMargin HEIGHT="474" HPOS="0" VPOS="0" WIDTH="2519">
</TopMargin>
<LeftMargin HEIGHT="3776" HPOS="0" VPOS="474" WIDTH="326">
</LeftMargin>
<RightMargin HEIGHT="3776" HPOS="2380" VPOS="474" WIDTH="139">
</RightMargin>
<BottomMargin HEIGHT="127" HPOS="0" VPOS="4250" WIDTH="2519">
</BottomMargin>
<PrintSpace HEIGHT="3776" HPOS="326" VPOS="474" WIDTH="2054">
<TextBlock HEIGHT="74" HPOS="1266" ID="Page1680_Block1" LANG="en-US" STYLEREFS="StyleId-6FDE9938-59D8-4DD6-A933-71EEF3F027EE-" VPOS="4176" WIDTH="156">
<TextLine HEIGHT="52" HPOS="1275" VPOS="4187" WIDTH="136">
<String CONTENT="1680" HEIGHT="52" HPOS="1275" VPOS="4187" WIDTH="136" />
</TextLine>
</TextBlock>
<TextBlock CS="1" HEIGHT="3664" HPOS="326" ID="Page1680_Block2" LANG="en-US" STYLEREFS="StyleId-0A400FC1-B206-4A04-88D8-53A56BAC9CDE-" VPOS="474" WIDTH="2054">
<TextLine HEIGHT="70" HPOS="345" STYLEREFS="StyleId-316CCA8F-A1D2-45B6-BA24-9C2969B5B53A-" VPOS="485" WIDTH="1024">
<String CONTENT="Tennessee." HEIGHT="55" HPOS="345" VPOS="485" WIDTH="354" />
<SP HEIGHT="53" HPOS="700" VPOS="487" WIDTH="72" />
<String CONTENT="Laws," HEIGHT="66" HPOS="773" VPOS="487" WIDTH="186" />
<SP HEIGHT="47" HPOS="960" VPOS="506" WIDTH="23" />
<String CONTENT="statutes," HEIGHT="62" HPOS="984" VPOS="493" WIDTH="259" />
<SP HEIGHT="48" HPOS="1244" VPOS="507" WIDTH="24" />
<String CONTENT="etc." HEIGHT="48" HPOS="1269" VPOS="494" WIDTH="100" />
</TextLine>
<TextLine CS="1" HEIGHT="74" HPOS="478" STYLEREFS="StyleId-6FDE9938-59D8-4DD6-A933-71EEF3F027EE-" VPOS="578" WIDTH="1744">
<String CONTENT="&#8230;" CS="1" />
<SP HEIGHT="55" HPOS="478" VPOS="578" WIDTH="35" />
<String CONTENT="Cumulative" HEIGHT="55" HPOS="514" VPOS="578" WIDTH="368" />
<SP HEIGHT="48" HPOS="883" VPOS="599" WIDTH="26" />
<String CONTENT="pocket" HEIGHT="67" HPOS="910" VPOS="580" WIDTH="205" />
<SP HEIGHT="48" HPOS="1116" VPOS="585" WIDTH="26" />
<String CONTENT="supplement" HEIGHT="67" HPOS="1143" VPOS="582" WIDTH="364" />
<SP HEIGHT="62" HPOS="1508" VPOS="587" WIDTH="32" />
<String CONTENT="[September," HEIGHT="71" HPOS="1541" VPOS="581" WIDTH="372" />
<SP />
<String CONTENT="1936," HEIGHT="65" HPOS="1943" VPOS="587" WIDTH="154" />
<SP HEIGHT="68" HPOS="2098" VPOS="584" WIDTH="27" />
<String CONTENT="for" HEIGHT="55" HPOS="2126" VPOS="584" WIDTH="96" />
</TextLine>
<TextLine CS="1" HEIGHT="146" HPOS="346" STYLEREFS="StyleId-6FDE9938-59D8-4DD6-A933-71EEF3F027EE-" VPOS="586" WIDTH="2020">
<String CONTENT="volumes" HEIGHT="125" HPOS="346" VPOS="586" WIDTH="1998" />
<SP HEIGHT="49" HPOS="502" VPOS="661" WIDTH="30" />
<String CONTENT="1-8]" HEIGHT="63" HPOS="533" VPOS="661" WIDTH="118" />
<SP HEIGHT="65" HPOS="652" VPOS="659" WIDTH="69" />
<String CONTENT="Williams" HEIGHT="54" HPOS="722" VPOS="659" WIDTH="294" />
<SP HEIGHT="52" HPOS="1017" VPOS="661" WIDTH="28" />
<String CONTENT="Tennessee" HEIGHT="53" HPOS="1046" VPOS="661" WIDTH="313" />
<SP HEIGHT="54" HPOS="1360" VPOS="661" WIDTH="31" />
<String CONTENT="Code" HEIGHT="54" HPOS="1392" VPOS="661" WIDTH="156" />
<SP HEIGHT="34" HPOS="1549" VPOS="681" WIDTH="30" />
<String CONTENT="annotated," HEIGHT="68" HPOS="1580" VPOS="663" WIDTH="328" />
<SP HEIGHT="50" HPOS="1909" VPOS="681" WIDTH="29" />
<String CONTENT="compiled" HEIGHT="69" HPOS="1939" VPOS="663" WIDTH="285" />
<SP HEIGHT="55" HPOS="2225" VPOS="663" WIDTH="30" />
<String CONTENT="and" HEIGHT="52" HPOS="2256" VPOS="666" WIDTH="110" />
</TextLine>
<TextLine CS="1" HEIGHT="73" HPOS="347" STYLEREFS="StyleId-6FDE9938-59D8-4DD6-A933-71EEF3F027EE-" VPOS="737" WIDTH="1996">
<String CONTENT="annotated" HEIGHT="53" HPOS="347" VPOS="737" WIDTH="311" />
<SP HEIGHT="52" HPOS="659" VPOS="737" WIDTH="45" />
<String CONTENT="by" HEIGHT="67" HPOS="705" VPOS="737" WIDTH="75" />
<SP HEIGHT="67" HPOS="781" VPOS="737" WIDTH="50" />
<String CONTENT="Samuel" HEIGHT="55" HPOS="832" VPOS="737" WIDTH="231" />
<SP HEIGHT="56" HPOS="1064" VPOS="738" WIDTH="50" />
<String CONTENT="C." HEIGHT="55" HPOS="1115" VPOS="739" WIDTH="61" />
<SP HEIGHT="52" HPOS="1177" VPOS="741" WIDTH="49" />
<String CONTENT="Williams" HEIGHT="54" HPOS="1227" VPOS="739" WIDTH="291" />
<SP HEIGHT="34" HPOS="1519" VPOS="759" WIDTH="52" />
<String CONTENT="&#8230;" CS="1" />
<SP HEIGHT="34" HPOS="1630" VPOS="775" WIDTH="94" />
<String CONTENT="[Indianapolis," HEIGHT="69" HPOS="1725" VPOS="741" WIDTH="440" />
<SP HEIGHT="67" HPOS="2166" VPOS="743" WIDTH="46" />
<String CONTENT="Ind.]" CS="1" HEIGHT="54" HPOS="2213" VPOS="743" WIDTH="130" />
</TextLine>
<TextLine HEIGHT="70" HPOS="345" STYLEREFS="StyleId-6FDE9938-59D8-4DD6-A933-71EEF3F027EE-" VPOS="815" WIDTH="1121">
<String CONTENT="The" HEIGHT="52" HPOS="345" VPOS="817" WIDTH="121" />
<SP HEIGHT="51" HPOS="467" VPOS="818" WIDTH="23" />
<String CONTENT="Bobbs-Merrill" HEIGHT="54" HPOS="491" VPOS="815" WIDTH="450" />
<SP HEIGHT="53" HPOS="942" VPOS="816" WIDTH="24" />
<String CONTENT="company," HEIGHT="50" HPOS="967" VPOS="835" WIDTH="300" />
<SP HEIGHT="61" HPOS="1268" VPOS="824" WIDTH="22" />
<String CONTENT="c" HEIGHT="21" HPOS="1291" STYLE="superscript" VPOS="824" WIDTH="19" />
<String CONTENT="1936." HEIGHT="51" HPOS="1315" VPOS="821" WIDTH="151" />
</TextLine>
<TextLine CS="1" HEIGHT="42" HPOS="415" VPOS="917" WIDTH="304">
<String CONTENT="8" HEIGHT="41" HPOS="415" VPOS="918" WIDTH="27" />
<SP HEIGHT="41" HPOS="443" VPOS="918" WIDTH="27" />
<String CONTENT="v." HEIGHT="27" HPOS="471" VPOS="930" WIDTH="41" />
<SP HEIGHT="40" HPOS="513" VPOS="917" WIDTH="55" />
<String CONTENT="25&#189;" CS="1" HEIGHT="41" HPOS="569" VPOS="917" WIDTH="59" />
<String CONTENT="cm" HEIGHT="22" HPOS="661" STYLE="superscript" VPOS="920" WIDTH="46" />
<String CONTENT="." HEIGHT="9" HPOS="709" VPOS="948" WIDTH="10" />
</TextLine>
<TextLine HEIGHT="51" HPOS="418" VPOS="1005" WIDTH="1953">
<String CONTENT="These" HEIGHT="41" HPOS="418" VPOS="1006" WIDTH="156" />
<SP HEIGHT="38" HPOS="575" VPOS="1015" WIDTH="27" />
<String CONTENT="pamphlets" HEIGHT="49" HPOS="603" VPOS="1005" WIDTH="279" />
<SP HEIGHT="29" HPOS="883" VPOS="1016" WIDTH="29" />
<String CONTENT="are" HEIGHT="31" HPOS="913" VPOS="1015" WIDTH="88" />
<SP HEIGHT="39" HPOS="1002" VPOS="1007" WIDTH="25" />
<String CONTENT="to" HEIGHT="39" HPOS="1028" VPOS="1007" WIDTH="50" />
<SP HEIGHT="40" HPOS="1079" VPOS="1006" WIDTH="28" />
<String CONTENT="be" HEIGHT="40" HPOS="1108" VPOS="1006" WIDTH="57" />
<SP HEIGHT="40" HPOS="1166" VPOS="1006" WIDTH="28" />
<String CONTENT="fitted" HEIGHT="41" HPOS="1195" VPOS="1006" WIDTH="141" />
<SP HEIGHT="39" HPOS="1337" VPOS="1006" WIDTH="29" />
<String CONTENT="into" HEIGHT="41" HPOS="1367" VPOS="1006" WIDTH="105" />
<SP HEIGHT="38" HPOS="1473" VPOS="1009" WIDTH="30" />
<String CONTENT="the" HEIGHT="41" HPOS="1504" VPOS="1007" WIDTH="84" />
<SP HEIGHT="38" HPOS="1589" VPOS="1018" WIDTH="27" />
<String CONTENT="pockets" HEIGHT="49" HPOS="1617" VPOS="1007" WIDTH="201" />
<SP HEIGHT="30" HPOS="1819" VPOS="1018" WIDTH="30" />
<String CONTENT="at" HEIGHT="37" HPOS="1850" VPOS="1011" WIDTH="50" />
<SP HEIGHT="38" HPOS="1901" VPOS="1010" WIDTH="31" />
<String CONTENT="the" HEIGHT="41" HPOS="1933" VPOS="1009" WIDTH="84" />
<SP HEIGHT="41" HPOS="2018" VPOS="1009" WIDTH="28" />
<String CONTENT="back" HEIGHT="40" HPOS="2047" VPOS="1009" WIDTH="123" />
<SP HEIGHT="39" HPOS="2171" VPOS="1010" WIDTH="31" />
<String CONTENT="of" HEIGHT="38" HPOS="2203" VPOS="1011" WIDTH="52" />
<SP HEIGHT="39" HPOS="2256" VPOS="1011" WIDTH="30" />
<String CONTENT="the" HEIGHT="40" HPOS="2287" VPOS="1011" WIDTH="84" />
</TextLine>
<TextLine HEIGHT="49" HPOS="345" VPOS="1062" WIDTH="1144">
<String CONTENT="volumes" HEIGHT="40" HPOS="345" VPOS="1063" WIDTH="217" />
<SP HEIGHT="30" HPOS="563" VPOS="1073" WIDTH="28" />
<String CONTENT="of" HEIGHT="41" HPOS="592" VPOS="1062" WIDTH="52" />
<SP HEIGHT="40" HPOS="645" VPOS="1062" WIDTH="27" />
<String CONTENT="the" HEIGHT="40" HPOS="673" VPOS="1062" WIDTH="83" />
<SP HEIGHT="30" HPOS="757" VPOS="1072" WIDTH="28" />
<String CONTENT="set" HEIGHT="38" HPOS="786" VPOS="1064" WIDTH="75" />
<SP HEIGHT="39" HPOS="862" VPOS="1063" WIDTH="26" />
<String CONTENT="to" HEIGHT="41" HPOS="889" VPOS="1063" WIDTH="49" />
<SP HEIGHT="31" HPOS="939" VPOS="1073" WIDTH="25" />
<String CONTENT="which" HEIGHT="40" HPOS="965" VPOS="1062" WIDTH="162" />
<SP HEIGHT="39" HPOS="1128" VPOS="1063" WIDTH="28" />
<String CONTENT="they" HEIGHT="48" HPOS="1157" VPOS="1063" WIDTH="117" />
<SP HEIGHT="48" HPOS="1275" VPOS="1063" WIDTH="27" />
<String CONTENT="belong." HEIGHT="48" HPOS="1303" VPOS="1063" WIDTH="186" />
</TextLine>
<TextLine CS="1" HEIGHT="102" HPOS="346" VPOS="1146" WIDTH="2022">
<String CONTENT="&#169;" HEIGHT="54" HPOS="346" VPOS="1146" WIDTH="53" />
<SP HEIGHT="54" HPOS="400" VPOS="1146" WIDTH="27" />
<String CONTENT="Oct." HEIGHT="41" HPOS="428" VPOS="1150" WIDTH="103" />
<SP HEIGHT="41" HPOS="532" VPOS="1149" WIDTH="24" />
<String CONTENT="15," HEIGHT="50" HPOS="557" VPOS="1148" WIDTH="70" />
<SP HEIGHT="49" HPOS="628" VPOS="1149" WIDTH="23" />
<String CONTENT="1936;" HEIGHT="48" HPOS="652" VPOS="1148" WIDTH="145" />
<SP HEIGHT="48" HPOS="798" VPOS="1148" WIDTH="26" />
<String CONTENT="2c." HEIGHT="42" HPOS="825" VPOS="1148" WIDTH="69" />
<SP HEIGHT="31" HPOS="895" VPOS="1159" WIDTH="25" />
<String CONTENT="each" HEIGHT="40" HPOS="921" VPOS="1149" WIDTH="121" />
<SP HEIGHT="41" HPOS="1043" VPOS="1149" WIDTH="25" />
<String CONTENT="Oct." HEIGHT="42" HPOS="1069" VPOS="1149" WIDTH="103" />
<SP HEIGHT="43" HPOS="1173" VPOS="1148" WIDTH="25" />
<String CONTENT="16;" HEIGHT="48" HPOS="1199" VPOS="1148" WIDTH="84" />
<SP HEIGHT="36" HPOS="1284" VPOS="1160" WIDTH="28" />
<String CONTENT="affs." HEIGHT="41" HPOS="1313" VPOS="1150" WIDTH="109" />
<SP HEIGHT="40" HPOS="1423" VPOS="1151" WIDTH="25" />
<String CONTENT="Nov." HEIGHT="40" HPOS="1449" VPOS="1151" WIDTH="120" />
<SP HEIGHT="41" HPOS="1570" VPOS="1150" WIDTH="25" />
<String CONTENT="5;" HEIGHT="48" HPOS="1596" VPOS="1150" WIDTH="53" />
<SP HEIGHT="47" HPOS="1650" VPOS="1151" WIDTH="28" />
<String CONTENT="A" HEIGHT="40" HPOS="1679" VPOS="1151" WIDTH="41" />
<SP HEIGHT="40" HPOS="1721" VPOS="1151" WIDTH="25" />
<String CONTENT="100873-100880;" HEIGHT="51" HPOS="1747" VPOS="1149" WIDTH="411" />
<SP HEIGHT="46" HPOS="2159" VPOS="1154" WIDTH="29" />
<String CONTENT="Bobbs-Merrill" HEIGHT="94" HPOS="418" VPOS="1153" WIDTH="1950" />
<SP HEIGHT="39" HPOS="611" VPOS="1207" WIDTH="32" />
<String CONTENT="co." HEIGHT="32" HPOS="644" VPOS="1216" WIDTH="70" />
</TextLine>
<TextLine HEIGHT="66" HPOS="346" STYLEREFS="StyleId-6FDE9938-59D8-4DD6-A933-71EEF3F027EE-" VPOS="1310" WIDTH="1164">
<String CONTENT="Walling," HEIGHT="66" HPOS="346" VPOS="1310" WIDTH="272" />
<SP HEIGHT="65" HPOS="619" VPOS="1311" WIDTH="23" />
<String CONTENT="Robert" HEIGHT="54" HPOS="643" VPOS="1311" WIDTH="226" />
<SP HEIGHT="54" HPOS="870" VPOS="1311" WIDTH="22" />
<String CONTENT="Alfred" HEIGHT="54" HPOS="893" VPOS="1310" WIDTH="215" />
<SP HEIGHT="54" HPOS="1109" VPOS="1311" WIDTH="22" />
<String CONTENT="John," HEIGHT="64" HPOS="1132" VPOS="1311" WIDTH="177" />
<SP HEIGHT="58" HPOS="1310" VPOS="1317" WIDTH="25" />
<String CONTENT="1869-" HEIGHT="51" HPOS="1336" VPOS="1316" WIDTH="174" />
</TextLine>
<TextLine HEIGHT="71" HPOS="417" STYLEREFS="StyleId-6FDE9938-59D8-4DD6-A933-71EEF3F027EE-" VPOS="1401" WIDTH="1952">
<String CONTENT="The" HEIGHT="54" HPOS="417" VPOS="1403" WIDTH="123" />
<SP HEIGHT="36" HPOS="541" VPOS="1421" WIDTH="20" />
<String CONTENT="corpse" HEIGHT="51" HPOS="562" VPOS="1420" WIDTH="201" />
<SP HEIGHT="35" HPOS="764" VPOS="1421" WIDTH="19" />
<String CONTENT="with" HEIGHT="53" HPOS="784" VPOS="1402" WIDTH="143" />
<SP HEIGHT="53" HPOS="928" VPOS="1402" WIDTH="22" />
<String CONTENT="the" HEIGHT="54" HPOS="951" VPOS="1402" WIDTH="99" />
<SP HEIGHT="55" HPOS="1051" VPOS="1401" WIDTH="20" />
<String CONTENT="floating" HEIGHT="70" HPOS="1072" VPOS="1401" WIDTH="244" />
<SP HEIGHT="70" HPOS="1317" VPOS="1401" WIDTH="22" />
<String CONTENT="foot," HEIGHT="69" HPOS="1340" VPOS="1401" WIDTH="143" />
<SP HEIGHT="68" HPOS="1484" VPOS="1402" WIDTH="21" />
<String CONTENT="by" HEIGHT="69" HPOS="1506" VPOS="1402" WIDTH="78" />
<SP HEIGHT="68" HPOS="1585" VPOS="1403" WIDTH="18" />
<String CONTENT="R." HEIGHT="53" HPOS="1604" VPOS="1403" WIDTH="69" />
<SP HEIGHT="54" HPOS="1674" VPOS="1402" WIDTH="25" />
<String CONTENT="A." HEIGHT="54" HPOS="1700" VPOS="1402" WIDTH="71" />
<SP HEIGHT="55" HPOS="1772" VPOS="1403" WIDTH="23" />
<String CONTENT="J." HEIGHT="55" HPOS="1796" VPOS="1403" WIDTH="56" />
<SP HEIGHT="54" HPOS="1853" VPOS="1404" WIDTH="23" />
<String CONTENT="Walling." HEIGHT="68" HPOS="1877" VPOS="1404" WIDTH="277" />
<SP HEIGHT="53" HPOS="2155" VPOS="1405" WIDTH="75" />
<String CONTENT="New" HEIGHT="53" HPOS="2231" VPOS="1405" WIDTH="138" />
</TextLine>
<TextLine HEIGHT="69" HPOS="347" STYLEREFS="StyleId-6FDE9938-59D8-4DD6-A933-71EEF3F027EE-" VPOS="1481" WIDTH="1166">
<String CONTENT="York," HEIGHT="69" HPOS="347" VPOS="1481" WIDTH="180" />
<SP HEIGHT="68" HPOS="528" VPOS="1482" WIDTH="24" />
<String CONTENT="W." HEIGHT="54" HPOS="553" VPOS="1482" WIDTH="92" />
<SP HEIGHT="53" HPOS="646" VPOS="1481" WIDTH="28" />
<String CONTENT="Morrow" HEIGHT="53" HPOS="675" VPOS="1481" WIDTH="254" />
<SP HEIGHT="51" HPOS="930" VPOS="1483" WIDTH="26" />
<String CONTENT="&amp;" HEIGHT="51" HPOS="957" VPOS="1483" WIDTH="46" />
<SP HEIGHT="52" HPOS="1004" VPOS="1483" WIDTH="26" />
<String CONTENT="company," HEIGHT="51" HPOS="1031" VPOS="1499" WIDTH="300" />
<SP HEIGHT="64" HPOS="1332" VPOS="1485" WIDTH="29" />
<String CONTENT="1936." HEIGHT="51" HPOS="1362" VPOS="1484" WIDTH="151" />
</TextLine>
<TextLine CS="1" HEIGHT="51" HPOS="413" VPOS="1583" WIDTH="621">
<String CONTENT="4" HEIGHT="40" HPOS="413" VPOS="1585" WIDTH="28" />
<SP HEIGHT="48" HPOS="442" VPOS="1585" WIDTH="23" />
<String CONTENT="p." HEIGHT="38" HPOS="466" VPOS="1595" WIDTH="42" />
<SP HEIGHT="40" HPOS="509" VPOS="1585" WIDTH="28" />
<String CONTENT="l.," CS="1" />
<SP HEIGHT="51" HPOS="582" VPOS="1583" WIDTH="27" />
<String CONTENT="3-304" HEIGHT="42" HPOS="610" VPOS="1583" WIDTH="148" />
<SP HEIGHT="51" HPOS="759" VPOS="1583" WIDTH="22" />
<String CONTENT="p." HEIGHT="40" HPOS="782" VPOS="1594" WIDTH="44" />
<SP HEIGHT="42" HPOS="827" VPOS="1583" WIDTH="59" />
<String CONTENT="19&#189;cm." CS="1" HEIGHT="42" HPOS="887" VPOS="1583" WIDTH="147" />
</TextLine>
<TextLine HEIGHT="53" HPOS="345" VPOS="1668" WIDTH="2022">
<String CONTENT="&#169;" HEIGHT="53" HPOS="345" VPOS="1668" WIDTH="54" />
<SP HEIGHT="53" HPOS="400" VPOS="1668" WIDTH="36" />
<String CONTENT="Nov." HEIGHT="39" HPOS="437" VPOS="1673" WIDTH="119" />
<SP HEIGHT="40" HPOS="557" VPOS="1672" WIDTH="37" />
<String CONTENT="12," HEIGHT="49" HPOS="595" VPOS="1670" WIDTH="70" />
<SP HEIGHT="48" HPOS="666" VPOS="1671" WIDTH="38" />
<String CONTENT="1936;" HEIGHT="48" HPOS="705" VPOS="1670" WIDTH="143" />
<SP HEIGHT="48" HPOS="849" VPOS="1670" WIDTH="39" />
<String CONTENT="2c." HEIGHT="42" HPOS="889" VPOS="1670" WIDTH="69" />
<SP HEIGHT="31" HPOS="959" VPOS="1681" WIDTH="36" />
<String CONTENT="and" HEIGHT="40" HPOS="996" VPOS="1671" WIDTH="98" />
<SP HEIGHT="39" HPOS="1095" VPOS="1671" WIDTH="35" />
<String CONTENT="aff." HEIGHT="42" HPOS="1131" VPOS="1670" WIDTH="84" />
<SP HEIGHT="41" HPOS="1216" VPOS="1671" WIDTH="36" />
<String CONTENT="Nov." HEIGHT="40" HPOS="1253" VPOS="1671" WIDTH="119" />
<SP HEIGHT="40" HPOS="1373" VPOS="1671" WIDTH="38" />
<String CONTENT="17;" HEIGHT="47" HPOS="1412" VPOS="1670" WIDTH="83" />
<SP HEIGHT="46" HPOS="1496" VPOS="1671" WIDTH="40" />
<String CONTENT="A" HEIGHT="40" HPOS="1537" VPOS="1671" WIDTH="42" />
<SP HEIGHT="41" HPOS="1580" VPOS="1670" WIDTH="35" />
<String CONTENT="100517;" HEIGHT="48" HPOS="1616" VPOS="1670" WIDTH="203" />
<SP HEIGHT="46" HPOS="1820" VPOS="1672" WIDTH="40" />
<String CONTENT="R." HEIGHT="41" HPOS="1861" VPOS="1672" WIDTH="57" />
<SP HEIGHT="41" HPOS="1919" VPOS="1672" WIDTH="37" />
<String CONTENT="A." HEIGHT="39" HPOS="1957" VPOS="1672" WIDTH="54" />
<SP HEIGHT="40" HPOS="2012" VPOS="1673" WIDTH="40" />
<String CONTENT="J." HEIGHT="40" HPOS="2053" VPOS="1673" WIDTH="43" />
<SP HEIGHT="40" HPOS="2097" VPOS="1673" WIDTH="40" />
<String CONTENT="Walling," HEIGHT="50" HPOS="2138" VPOS="1671" WIDTH="229" />
</TextLine>
<TextLine HEIGHT="51" HPOS="416" VPOS="1726" WIDTH="1123">
<String CONTENT="Plympton," HEIGHT="47" HPOS="416" VPOS="1730" WIDTH="276" />
<SP HEIGHT="48" HPOS="693" VPOS="1729" WIDTH="30" />
<String CONTENT="Devon," HEIGHT="47" HPOS="724" VPOS="1729" WIDTH="183" />
<SP HEIGHT="46" HPOS="908" VPOS="1730" WIDTH="33" />
<String CONTENT="England." HEIGHT="48" HPOS="942" VPOS="1728" WIDTH="239" />
<SP HEIGHT="47" HPOS="1182" VPOS="1728" WIDTH="71" />
<String CONTENT="(36-31573)" HEIGHT="50" HPOS="1254" VPOS="1726" WIDTH="285" />
</TextLine>
<TextLine HEIGHT="66" HPOS="343" STYLEREFS="StyleId-AA015026-2B5D-40F2-B0F8-9F88CF473E92-" VPOS="1833" WIDTH="894">
<String CONTENT="Weisfeld," HEIGHT="65" HPOS="343" VPOS="1834" WIDTH="305" />
<SP HEIGHT="64" HPOS="649" VPOS="1835" WIDTH="22" />
<String CONTENT="Israel" HEIGHT="54" HPOS="672" VPOS="1834" WIDTH="189" />
<SP HEIGHT="53" HPOS="862" VPOS="1834" WIDTH="20" />
<String CONTENT="Harold," HEIGHT="66" HPOS="883" VPOS="1833" WIDTH="243" />
<SP HEIGHT="47" HPOS="1127" VPOS="1852" WIDTH="25" />
<String CONTENT="ed." HEIGHT="55" HPOS="1153" VPOS="1833" WIDTH="84" />
</TextLine>
<TextLine HEIGHT="71" HPOS="411" STYLEREFS="StyleId-6FDE9938-59D8-4DD6-A933-71EEF3F027EE-" VPOS="1923" WIDTH="1954">
<String CONTENT="The" HEIGHT="53" HPOS="411" VPOS="1925" WIDTH="123" />
<SP HEIGHT="35" HPOS="535" VPOS="1943" WIDTH="35" />
<String CONTENT="message" HEIGHT="52" HPOS="571" VPOS="1942" WIDTH="256" />
<SP HEIGHT="36" HPOS="828" VPOS="1942" WIDTH="40" />
<String CONTENT="of" HEIGHT="55" HPOS="869" VPOS="1923" WIDTH="64" />
<SP HEIGHT="54" HPOS="934" VPOS="1923" WIDTH="40" />
<String CONTENT="Israel," HEIGHT="70" HPOS="975" VPOS="1923" WIDTH="203" />
<SP HEIGHT="50" HPOS="1179" VPOS="1943" WIDTH="41" />
<String CONTENT="edited" HEIGHT="54" HPOS="1221" VPOS="1923" WIDTH="192" />
<SP HEIGHT="54" HPOS="1414" VPOS="1923" WIDTH="40" />
<String CONTENT="and" HEIGHT="55" HPOS="1455" VPOS="1923" WIDTH="115" />
<SP HEIGHT="55" HPOS="1571" VPOS="1923" WIDTH="41" />
<String CONTENT="compiled" HEIGHT="70" HPOS="1613" VPOS="1923" WIDTH="286" />
<SP HEIGHT="55" HPOS="1900" VPOS="1923" WIDTH="40" />
<String CONTENT="by" HEIGHT="71" HPOS="1941" VPOS="1923" WIDTH="80" />
<SP HEIGHT="70" HPOS="2022" VPOS="1924" WIDTH="38" />
<String CONTENT="Israel" HEIGHT="55" HPOS="2061" VPOS="1924" WIDTH="185" />
<SP HEIGHT="54" HPOS="2247" VPOS="1924" WIDTH="37" />
<String CONTENT="H." HEIGHT="54" HPOS="2285" VPOS="1924" WIDTH="80" />
</TextLine>
<TextLine CS="1" HEIGHT="72" HPOS="343" STYLEREFS="StyleId-6FDE9938-59D8-4DD6-A933-71EEF3F027EE-" VPOS="2000" WIDTH="1758">
<String CONTENT="Weisfeld" HEIGHT="59" HPOS="343" VPOS="2000" WIDTH="281" />
<SP HEIGHT="53" HPOS="625" VPOS="2004" WIDTH="37" />
<String CONTENT="&#8230;" CS="1" />
<SP HEIGHT="49" HPOS="721" VPOS="2008" WIDTH="33" />
<String CONTENT="twenty-four" HEIGHT="71" HPOS="755" VPOS="2001" WIDTH="385" />
<SP HEIGHT="35" HPOS="1141" VPOS="2020" WIDTH="29" />
<String CONTENT="religious" HEIGHT="71" HPOS="1171" VPOS="2001" WIDTH="275" />
<SP HEIGHT="36" HPOS="1447" VPOS="2021" WIDTH="31" />
<String CONTENT="essays" HEIGHT="52" HPOS="1479" VPOS="2020" WIDTH="188" />
<SP HEIGHT="36" HPOS="1668" VPOS="2020" WIDTH="31" />
<String CONTENT="and" HEIGHT="53" HPOS="1700" VPOS="2003" WIDTH="115" />
<SP HEIGHT="53" HPOS="1816" VPOS="2003" WIDTH="30" />
<String CONTENT="sermons" HEIGHT="38" HPOS="1847" VPOS="2020" WIDTH="254" />
</TextLine>
<TextLine CS="1" HEIGHT="150" HPOS="339" STYLEREFS="StyleId-6FDE9938-59D8-4DD6-A933-71EEF3F027EE-" VPOS="2002" WIDTH="2030">
<String CONTENT="by" HEIGHT="72" HPOS="2131" VPOS="2002" WIDTH="78" />
<SP HEIGHT="54" HPOS="2210" VPOS="2020" WIDTH="31" />
<String CONTENT="outstanding" HEIGHT="145" HPOS="339" VPOS="2007" WIDTH="2003" />
<SP HEIGHT="52" HPOS="618" VPOS="2100" WIDTH="34" />
<String CONTENT="orthodox," HEIGHT="69" HPOS="653" VPOS="2081" WIDTH="305" />
<SP HEIGHT="50" HPOS="959" VPOS="2100" WIDTH="37" />
<String CONTENT="conservative" HEIGHT="55" HPOS="997" VPOS="2080" WIDTH="394" />
<SP HEIGHT="36" HPOS="1392" VPOS="2099" WIDTH="37" />
<String CONTENT="and" HEIGHT="54" HPOS="1430" VPOS="2081" WIDTH="116" />
<SP HEIGHT="54" HPOS="1547" VPOS="2081" WIDTH="36" />
<String CONTENT="reform" HEIGHT="55" HPOS="1584" VPOS="2079" WIDTH="221" />
<SP HEIGHT="34" HPOS="1806" VPOS="2100" WIDTH="35" />
<String CONTENT="rabbis;" HEIGHT="70" HPOS="1842" VPOS="2080" WIDTH="222" />
<SP HEIGHT="50" HPOS="2065" VPOS="2100" WIDTH="42" />
<String CONTENT="with" HEIGHT="56" HPOS="2108" VPOS="2081" WIDTH="143" />
<SP HEIGHT="54" HPOS="2252" VPOS="2082" WIDTH="40" />
<String CONTENT="an" HEIGHT="36" HPOS="2293" VPOS="2100" WIDTH="76" />
</TextLine>
<TextLine CS="1" HEIGHT="71" HPOS="344" STYLEREFS="StyleId-6FDE9938-59D8-4DD6-A933-71EEF3F027EE-" VPOS="2159" WIDTH="2021">
<String CONTENT="introduction" HEIGHT="55" HPOS="344" VPOS="2160" WIDTH="391" />
<SP HEIGHT="54" HPOS="736" VPOS="2160" WIDTH="37" />
<String CONTENT="by" HEIGHT="70" HPOS="774" VPOS="2160" WIDTH="78" />
<SP HEIGHT="70" HPOS="853" VPOS="2160" WIDTH="39" />
<String CONTENT="Dr." HEIGHT="53" HPOS="893" VPOS="2160" WIDTH="104" />
<SP HEIGHT="53" HPOS="998" VPOS="2160" WIDTH="42" />
<String CONTENT="Meyer" HEIGHT="69" HPOS="1041" VPOS="2160" WIDTH="200" />
<SP HEIGHT="54" HPOS="1242" VPOS="2160" WIDTH="41" />
<String CONTENT="Waxman" HEIGHT="54" HPOS="1284" VPOS="2160" WIDTH="291" />
<SP HEIGHT="35" HPOS="1576" VPOS="2178" WIDTH="48" />
<String CONTENT="&#8230;" CS="1" />
<SP HEIGHT="55" HPOS="1683" VPOS="2159" WIDTH="82" />
<String CONTENT="New" HEIGHT="55" HPOS="1766" VPOS="2159" WIDTH="141" />
<SP HEIGHT="54" HPOS="1908" VPOS="2160" WIDTH="43" />
<String CONTENT="York," HEIGHT="70" HPOS="1952" VPOS="2159" WIDTH="184" />
<SP HEIGHT="67" HPOS="2137" VPOS="2162" WIDTH="46" />
<String CONTENT="Bloch" HEIGHT="54" HPOS="2184" VPOS="2160" WIDTH="181" />
</TextLine>
<TextLine HEIGHT="72" HPOS="343" STYLEREFS="StyleId-6FDE9938-59D8-4DD6-A933-71EEF3F027EE-" VPOS="2238" WIDTH="649">
<String CONTENT="publishing" HEIGHT="72" HPOS="343" VPOS="2238" WIDTH="338" />
<SP HEIGHT="51" HPOS="682" VPOS="2259" WIDTH="25" />
<String CONTENT="co.," HEIGHT="52" HPOS="708" VPOS="2258" WIDTH="99" />
<SP HEIGHT="68" HPOS="808" VPOS="2242" WIDTH="30" />
<String CONTENT="1936." HEIGHT="52" HPOS="839" VPOS="2242" WIDTH="153" />
</TextLine>
<TextLine CS="1" HEIGHT="56" HPOS="409" VPOS="2325" WIDTH="1061">
<String CONTENT="4" HEIGHT="40" HPOS="409" VPOS="2327" WIDTH="28" />
<SP HEIGHT="49" HPOS="438" VPOS="2327" WIDTH="22" />
<String CONTENT="p." HEIGHT="38" HPOS="461" VPOS="2338" WIDTH="44" />
<SP HEIGHT="41" HPOS="506" VPOS="2328" WIDTH="24" />
<String CONTENT="l.," CS="1" />
<SP HEIGHT="43" HPOS="577" VPOS="2338" WIDTH="21" />
<String CONTENT="viii" HEIGHT="42" HPOS="599" VPOS="2326" WIDTH="91" />
<SP HEIGHT="50" HPOS="691" VPOS="2326" WIDTH="20" />
<String CONTENT="p.," HEIGHT="39" HPOS="712" VPOS="2337" WIDTH="60" />
<SP HEIGHT="48" HPOS="773" VPOS="2327" WIDTH="24" />
<String CONTENT="1" HEIGHT="40" HPOS="798" VPOS="2327" WIDTH="28" />
<SP HEIGHT="40" HPOS="827" VPOS="2327" WIDTH="22" />
<String CONTENT="l.," CS="1" />
<SP HEIGHT="37" HPOS="897" VPOS="2339" WIDTH="23" />
<String CONTENT="xxxvii," HEIGHT="49" HPOS="921" VPOS="2327" WIDTH="189" />
<SP HEIGHT="49" HPOS="1111" VPOS="2327" WIDTH="25" />
<String CONTENT="285" HEIGHT="43" HPOS="1137" VPOS="2326" WIDTH="88" />
<SP HEIGHT="50" HPOS="1226" VPOS="2326" WIDTH="19" />
<String CONTENT="p." HEIGHT="39" HPOS="1246" VPOS="2337" WIDTH="45" />
<SP HEIGHT="40" HPOS="1292" VPOS="2326" WIDTH="59" />
<String CONTENT="22cm." CS="1" HEIGHT="46" HPOS="1352" VPOS="2325" WIDTH="118" />
</TextLine>
<TextLine CS="1" HEIGHT="53" HPOS="344" VPOS="2411" WIDTH="1679">
<String CONTENT="&#169;" HEIGHT="53" HPOS="344" VPOS="2411" WIDTH="54" />
<SP HEIGHT="53" HPOS="399" VPOS="2411" WIDTH="28" />
<String CONTENT="Jan." HEIGHT="39" HPOS="428" VPOS="2416" WIDTH="109" />
<SP HEIGHT="40" HPOS="538" VPOS="2413" WIDTH="28" />
<String CONTENT="28," HEIGHT="50" HPOS="567" VPOS="2413" WIDTH="70" />
<SP HEIGHT="49" HPOS="638" VPOS="2414" WIDTH="30" />
<String CONTENT="1936;" HEIGHT="49" HPOS="669" VPOS="2413" WIDTH="143" />
<SP />
<String CONTENT="1c." CS="1" />
<SP />
<String CONTENT="and" HEIGHT="40" HPOS="941" VPOS="2413" WIDTH="97" />
<SP HEIGHT="40" HPOS="1039" VPOS="2413" WIDTH="28" />
<String CONTENT="aff." HEIGHT="40" HPOS="1068" VPOS="2414" WIDTH="83" />
<SP HEIGHT="11" HPOS="1152" VPOS="2447" WIDTH="17" />
<String CONTENT=".Oct." HEIGHT="44" HPOS="1170" VPOS="2414" WIDTH="116" />
<SP HEIGHT="41" HPOS="1287" VPOS="2413" WIDTH="29" />
<String CONTENT="21:" CS="1" HEIGHT="39" HPOS="1317" VPOS="2413" WIDTH="47" />
<SP />
<String CONTENT="1c." CS="1" />
<SP />
<String CONTENT="Oct." HEIGHT="40" HPOS="1532" VPOS="2414" WIDTH="102" />
<SP HEIGHT="42" HPOS="1635" VPOS="2412" WIDTH="28" />
<String CONTENT="8;" HEIGHT="48" HPOS="1664" VPOS="2412" WIDTH="53" />
<SP HEIGHT="46" HPOS="1718" VPOS="2414" WIDTH="31" />
<String CONTENT="A" HEIGHT="39" HPOS="1750" VPOS="2414" WIDTH="41" />
<SP HEIGHT="40" HPOS="1792" VPOS="2413" WIDTH="27" />
<String CONTENT="100081;" HEIGHT="49" HPOS="1820" VPOS="2412" WIDTH="203" />
</TextLine>
<TextLine CS="1" HEIGHT="108" HPOS="415" VPOS="2413" WIDTH="1936">
<String CONTENT="I." HEIGHT="39" HPOS="2058" VPOS="2415" WIDTH="36" />
<SP HEIGHT="39" HPOS="2095" VPOS="2415" WIDTH="31" />
<String CONTENT="H." HEIGHT="39" HPOS="2127" VPOS="2415" WIDTH="60" />
<SP HEIGHT="39" HPOS="2188" VPOS="2415" WIDTH="29" />
<String CONTENT="Weisfeld," HEIGHT="108" HPOS="415" VPOS="2413" WIDTH="1936" />
<SP HEIGHT="49" HPOS="532" VPOS="2472" WIDTH="25" />
<String CONTENT="Chicago." HEIGHT="48" HPOS="558" VPOS="2471" WIDTH="229" />
<SP HEIGHT="48" HPOS="788" VPOS="2470" WIDTH="63" />
<String CONTENT="(36-31524)" HEIGHT="50" HPOS="852" VPOS="2470" WIDTH="285" />
</TextLine>
<TextLine HEIGHT="66" HPOS="341" STYLEREFS="StyleId-6FDE9938-59D8-4DD6-A933-71EEF3F027EE-" VPOS="2576" WIDTH="1013">
<String CONTENT="Whigam," HEIGHT="65" HPOS="341" VPOS="2576" WIDTH="297" />
<SP HEIGHT="64" HPOS="639" VPOS="2577" WIDTH="24" />
<String CONTENT="Wallace" HEIGHT="55" HPOS="664" VPOS="2576" WIDTH="258" />
<SP HEIGHT="53" HPOS="923" VPOS="2577" WIDTH="25" />
<String CONTENT="Hugh," HEIGHT="66" HPOS="949" VPOS="2576" WIDTH="201" />
<SP HEIGHT="60" HPOS="1151" VPOS="2582" WIDTH="29" />
<String CONTENT="1860-" HEIGHT="50" HPOS="1181" VPOS="2581" WIDTH="173" />
</TextLine>
<TextLine CS="1" HEIGHT="150" HPOS="343" STYLEREFS="StyleId-6FDE9938-59D8-4DD6-A933-71EEF3F027EE-" VPOS="2664" WIDTH="1995">
<String CONTENT="The" HEIGHT="54" HPOS="411" VPOS="2667" WIDTH="124" />
<SP HEIGHT="35" HPOS="536" VPOS="2686" WIDTH="34" />
<String CONTENT="road" HEIGHT="53" HPOS="571" VPOS="2667" WIDTH="143" />
<SP HEIGHT="53" HPOS="715" VPOS="2667" WIDTH="34" />
<String CONTENT="to" HEIGHT="48" HPOS="750" VPOS="2672" WIDTH="60" />
<SP HEIGHT="52" HPOS="811" VPOS="2683" WIDTH="33" />
<String CONTENT="prosperity," HEIGHT="70" HPOS="845" VPOS="2665" WIDTH="349" />
<SP HEIGHT="67" HPOS="1195" VPOS="2666" WIDTH="34" />
<String CONTENT="by" HEIGHT="68" HPOS="1230" VPOS="2666" WIDTH="77" />
<SP HEIGHT="69" HPOS="1308" VPOS="2665" WIDTH="34" />
<String CONTENT="Wallace" HEIGHT="55" HPOS="1343" VPOS="2665" WIDTH="256" />
<SP HEIGHT="55" HPOS="1600" VPOS="2665" WIDTH="36" />
<String CONTENT="Hugh" HEIGHT="69" HPOS="1637" VPOS="2665" WIDTH="186" />
<SP HEIGHT="55" HPOS="1824" VPOS="2665" WIDTH="33" />
<String CONTENT="Whigam." HEIGHT="69" HPOS="1858" VPOS="2665" WIDTH="291" />
<SP HEIGHT="56" HPOS="2150" VPOS="2664" WIDTH="76" />
<String CONTENT="Chicago," HEIGHT="150" HPOS="343" VPOS="2664" WIDTH="1995" />
</TextLine>
<TextLine CS="1" HEIGHT="149" HPOS="345" STYLEREFS="StyleId-6FDE9938-59D8-4DD6-A933-71EEF3F027EE-" VPOS="2743" WIDTH="1994">
<String CONTENT="Ill.," HEIGHT="69" HPOS="538" VPOS="2744" WIDTH="114" />
<SP HEIGHT="69" HPOS="653" VPOS="2744" WIDTH="37" />
<String CONTENT="Printed" HEIGHT="55" HPOS="691" VPOS="2744" WIDTH="245" />
<SP HEIGHT="53" HPOS="937" VPOS="2744" WIDTH="35" />
<String CONTENT="by" HEIGHT="68" HPOS="973" VPOS="2745" WIDTH="77" />
<SP HEIGHT="69" HPOS="1051" VPOS="2744" WIDTH="34" />
<String CONTENT="Kable" HEIGHT="54" HPOS="1086" VPOS="2743" WIDTH="191" />
<SP HEIGHT="53" HPOS="1278" VPOS="2744" WIDTH="36" />
<String CONTENT="brothers" HEIGHT="53" HPOS="1315" VPOS="2744" WIDTH="264" />
<SP HEIGHT="35" HPOS="1580" VPOS="2762" WIDTH="38" />
<String CONTENT="company," HEIGHT="52" HPOS="1619" VPOS="2760" WIDTH="300" />
<SP HEIGHT="68" HPOS="1920" VPOS="2743" WIDTH="36" />
<String CONTENT="Mount" HEIGHT="54" HPOS="1957" VPOS="2743" WIDTH="211" />
<SP HEIGHT="54" HPOS="2169" VPOS="2743" WIDTH="36" />
<String CONTENT="Morris." HEIGHT="135" HPOS="345" VPOS="2743" WIDTH="1994" />
<SP HEIGHT="55" HPOS="439" VPOS="2823" WIDTH="27" />
<String CONTENT="Ill." HEIGHT="55" HPOS="467" VPOS="2823" WIDTH="95" />
<SP HEIGHT="35" HPOS="563" VPOS="2857" WIDTH="34" />
<String CONTENT="[" HEIGHT="35" HPOS="598" VPOS="2857" WIDTH="13" />
<String CONTENT="c" HEIGHT="22" HPOS="616" STYLE="superscript" VPOS="2830" WIDTH="19" />
<String CONTENT="1936]" HEIGHT="66" HPOS="639" VPOS="2825" WIDTH="154" />
</TextLine>
<TextLine CS="1" HEIGHT="51" HPOS="411" VPOS="2907" WIDTH="554">
<String CONTENT="3" HEIGHT="41" HPOS="411" VPOS="2907" WIDTH="27" />
<SP HEIGHT="51" HPOS="439" VPOS="2907" WIDTH="30" />
<String CONTENT="p." HEIGHT="38" HPOS="470" VPOS="2920" WIDTH="44" />
<SP HEIGHT="41" HPOS="515" VPOS="2909" WIDTH="30" />
<String CONTENT="l.," CS="1" />
<SP HEIGHT="49" HPOS="593" VPOS="2908" WIDTH="29" />
<String CONTENT="268" HEIGHT="42" HPOS="623" VPOS="2908" WIDTH="88" />
<SP HEIGHT="49" HPOS="712" VPOS="2909" WIDTH="29" />
<String CONTENT="p." HEIGHT="38" HPOS="742" VPOS="2920" WIDTH="43" />
<SP HEIGHT="40" HPOS="786" VPOS="2909" WIDTH="60" />
<String CONTENT="19" HEIGHT="41" HPOS="847" VPOS="2908" WIDTH="56" />
<String CONTENT="cm" HEIGHT="22" HPOS="906" STYLE="superscript" VPOS="2910" WIDTH="45" />
<String CONTENT="." HEIGHT="9" HPOS="956" VPOS="2942" WIDTH="9" />
</TextLine>
<TextLine HEIGHT="53" HPOS="344" VPOS="2980" WIDTH="2017">
<String CONTENT="&#169;" HEIGHT="53" HPOS="344" VPOS="2980" WIDTH="53" />
<SP HEIGHT="53" HPOS="398" VPOS="2980" WIDTH="35" />
<String CONTENT="Oct." HEIGHT="41" HPOS="434" VPOS="2984" WIDTH="101" />
<SP HEIGHT="40" HPOS="536" VPOS="2983" WIDTH="35" />
<String CONTENT="26." HEIGHT="44" HPOS="572" VPOS="2983" WIDTH="71" />
<SP HEIGHT="42" HPOS="644" VPOS="2985" WIDTH="32" />
<String CONTENT="1936;" HEIGHT="47" HPOS="677" VPOS="2983" WIDTH="145" />
<SP HEIGHT="47" HPOS="823" VPOS="2983" WIDTH="37" />
<String CONTENT="2c." HEIGHT="43" HPOS="861" VPOS="2983" WIDTH="69" />
<SP HEIGHT="42" HPOS="931" VPOS="2984" WIDTH="36" />
<String CONTENT="Oct." HEIGHT="41" HPOS="968" VPOS="2984" WIDTH="102" />
<SP HEIGHT="40" HPOS="1071" VPOS="2983" WIDTH="36" />
<String CONTENT="30;" HEIGHT="42" HPOS="1108" VPOS="2983" WIDTH="83" />
<SP HEIGHT="30" HPOS="1192" VPOS="2995" WIDTH="40" />
<String CONTENT="aff." HEIGHT="41" HPOS="1233" VPOS="2984" WIDTH="82" />
<SP HEIGHT="41" HPOS="1316" VPOS="2984" WIDTH="38" />
<String CONTENT="Oct." HEIGHT="40" HPOS="1355" VPOS="2984" WIDTH="103" />
<SP HEIGHT="42" HPOS="1459" VPOS="2982" WIDTH="35" />
<String CONTENT="29;" HEIGHT="48" HPOS="1495" VPOS="2982" WIDTH="82" />
<SP HEIGHT="46" HPOS="1578" VPOS="2984" WIDTH="39" />
<String CONTENT="A" HEIGHT="39" HPOS="1618" VPOS="2984" WIDTH="41" />
<SP HEIGHT="41" HPOS="1660" VPOS="2982" WIDTH="35" />
<String CONTENT="99639;" HEIGHT="49" HPOS="1696" VPOS="2982" WIDTH="174" />
<SP HEIGHT="47" HPOS="1871" VPOS="2984" WIDTH="38" />
<String CONTENT="W." HEIGHT="40" HPOS="1910" VPOS="2984" WIDTH="73" />
<SP HEIGHT="38" HPOS="1984" VPOS="2986" WIDTH="20" />
<String CONTENT="H." HEIGHT="39" HPOS="2022" VPOS="2984" WIDTH="60" />
<SP HEIGHT="39" HPOS="2083" VPOS="2983" WIDTH="37" />
<String CONTENT="Whigam," HEIGHT="50" HPOS="2121" VPOS="2981" WIDTH="240" />
</TextLine>
<TextLine HEIGHT="50" HPOS="416" VPOS="3039" WIDTH="579">
<String CONTENT="Chicago." HEIGHT="50" HPOS="416" VPOS="3039" WIDTH="226" />
<SP HEIGHT="48" HPOS="643" VPOS="3040" WIDTH="67" />
<String CONTENT="(36-31212)" HEIGHT="50" HPOS="711" VPOS="3039" WIDTH="284" />
</TextLine>
<TextLine HEIGHT="67" HPOS="342" STYLEREFS="StyleId-AA015026-2B5D-40F2-B0F8-9F88CF473E92-" VPOS="3144" WIDTH="1173">
<String CONTENT="Wilbour," HEIGHT="66" HPOS="342" VPOS="3145" WIDTH="279" />
<SP HEIGHT="65" HPOS="622" VPOS="3146" WIDTH="29" />
<String CONTENT="Charles" HEIGHT="56" HPOS="652" VPOS="3144" WIDTH="247" />
<SP HEIGHT="52" HPOS="900" VPOS="3147" WIDTH="26" />
<String CONTENT="Edwin," HEIGHT="66" HPOS="927" VPOS="3144" WIDTH="228" />
<SP HEIGHT="59" HPOS="1156" VPOS="3151" WIDTH="30" />
<String CONTENT="1833-1896." HEIGHT="50" HPOS="1187" VPOS="3150" WIDTH="328" />
</TextLine>
<TextLine HEIGHT="72" HPOS="415" STYLEREFS="StyleId-6FDE9938-59D8-4DD6-A933-71EEF3F027EE-" VPOS="3233" WIDTH="1951">
<String CONTENT="Travels" HEIGHT="54" HPOS="415" VPOS="3236" WIDTH="241" />
<SP HEIGHT="54" HPOS="657" VPOS="3236" WIDTH="47" />
<String CONTENT="in" HEIGHT="54" HPOS="705" VPOS="3236" WIDTH="62" />
<SP HEIGHT="54" HPOS="768" VPOS="3236" WIDTH="49" />
<String CONTENT="Egypt" HEIGHT="69" HPOS="818" VPOS="3236" WIDTH="203" />
<SP HEIGHT="61" HPOS="1022" VPOS="3240" WIDTH="45" />
<String CONTENT="&lt;December" HEIGHT="65" HPOS="1068" VPOS="3236" WIDTH="348" />
<SP HEIGHT="50" HPOS="1417" VPOS="3239" WIDTH="47" />
<String CONTENT="1880" HEIGHT="50" HPOS="1465" VPOS="3239" WIDTH="136" />
<SP HEIGHT="49" HPOS="1602" VPOS="3240" WIDTH="45" />
<String CONTENT="to" HEIGHT="48" HPOS="1648" VPOS="3240" WIDTH="59" />
<SP HEIGHT="52" HPOS="1708" VPOS="3236" WIDTH="47" />
<String CONTENT="May" HEIGHT="67" HPOS="1756" VPOS="3236" WIDTH="141" />
<SP HEIGHT="65" HPOS="1898" VPOS="3238" WIDTH="49" />
<String CONTENT="1891&gt;" HEIGHT="69" HPOS="1948" VPOS="3233" WIDTH="173" />
<SP HEIGHT="69" HPOS="2122" VPOS="3233" WIDTH="46" />
<String CONTENT="letters" HEIGHT="53" HPOS="2169" VPOS="3234" WIDTH="197" />
</TextLine>
<TextLine CS="1" HEIGHT="151" HPOS="345" STYLEREFS="StyleId-6FDE9938-59D8-4DD6-A933-71EEF3F027EE-" VPOS="3311" WIDTH="1996">
<String CONTENT="of" HEIGHT="54" HPOS="345" VPOS="3314" WIDTH="64" />
<SP HEIGHT="56" HPOS="410" VPOS="3314" WIDTH="26" />
<String CONTENT="Charles" HEIGHT="55" HPOS="437" VPOS="3315" WIDTH="239" />
<SP HEIGHT="52" HPOS="677" VPOS="3316" WIDTH="26" />
<String CONTENT="Edwin" HEIGHT="52" HPOS="704" VPOS="3316" WIDTH="213" />
<SP HEIGHT="53" HPOS="918" VPOS="3316" WIDTH="25" />
<String CONTENT="Wilbour," HEIGHT="69" HPOS="944" VPOS="3314" WIDTH="285" />
<SP HEIGHT="49" HPOS="1230" VPOS="3334" WIDTH="24" />
<String CONTENT="edited" HEIGHT="54" HPOS="1255" VPOS="3314" WIDTH="188" />
<SP HEIGHT="53" HPOS="1444" VPOS="3314" WIDTH="29" />
<String CONTENT="by" HEIGHT="69" HPOS="1474" VPOS="3314" WIDTH="77" />
<SP HEIGHT="68" HPOS="1552" VPOS="3315" WIDTH="24" />
<String CONTENT="Jean" HEIGHT="54" HPOS="1577" VPOS="3315" WIDTH="147" />
<SP HEIGHT="58" HPOS="1725" VPOS="3311" WIDTH="28" />
<String CONTENT="Capart" HEIGHT="71" HPOS="1754" VPOS="3311" WIDTH="225" />
<SP HEIGHT="48" HPOS="1980" VPOS="3318" WIDTH="28" />
<String CONTENT="&#8230;" CS="1" />
<SP HEIGHT="53" HPOS="2066" VPOS="3313" WIDTH="78" />
<String CONTENT="Brooklyn," HEIGHT="150" HPOS="346" VPOS="3312" WIDTH="1995" />
</TextLine>
<TextLine HEIGHT="69" HPOS="495" STYLEREFS="StyleId-6FDE9938-59D8-4DD6-A933-71EEF3F027EE-" VPOS="3393" WIDTH="1025">
<String CONTENT="N." HEIGHT="54" HPOS="495" VPOS="3393" WIDTH="69" />
<SP HEIGHT="54" HPOS="565" VPOS="3393" WIDTH="36" />
<String CONTENT="Y.," HEIGHT="67" HPOS="602" VPOS="3393" WIDTH="91" />
<SP HEIGHT="67" HPOS="694" VPOS="3393" WIDTH="34" />
<String CONTENT="Brooklyn" HEIGHT="69" HPOS="729" VPOS="3393" WIDTH="299" />
<SP HEIGHT="34" HPOS="1029" VPOS="3412" WIDTH="31" />
<String CONTENT="museum," HEIGHT="50" HPOS="1061" VPOS="3411" WIDTH="275" />
<SP HEIGHT="65" HPOS="1337" VPOS="3396" WIDTH="32" />
<String CONTENT="1936." HEIGHT="53" HPOS="1370" VPOS="3394" WIDTH="150" />
</TextLine>
<TextLine CS="1" HEIGHT="52" HPOS="414" VPOS="3475" WIDTH="1939">
<String CONTENT="xi" HEIGHT="39" HPOS="414" VPOS="3478" WIDTH="51" />
<SP HEIGHT="49" HPOS="466" VPOS="3478" WIDTH="26" />
<String CONTENT="p.," HEIGHT="38" HPOS="493" VPOS="3489" WIDTH="57" />
<SP HEIGHT="49" HPOS="551" VPOS="3478" WIDTH="28" />
<String CONTENT="2" HEIGHT="39" HPOS="580" VPOS="3478" WIDTH="27" />
<SP HEIGHT="40" HPOS="608" VPOS="3478" WIDTH="24" />
<String CONTENT="l.," CS="1" />
<SP HEIGHT="46" HPOS="681" VPOS="3479" WIDTH="28" />
<String CONTENT="614" HEIGHT="39" HPOS="710" VPOS="3479" WIDTH="86" />
<SP HEIGHT="48" HPOS="797" VPOS="3479" WIDTH="25" />
<String CONTENT="p.," CS="1" />
<SP />
<String CONTENT="1" CS="1" />
<SP />
<String CONTENT="l." CS="1" />
<SP HEIGHT="41" HPOS="993" VPOS="3479" WIDTH="60" />
<String CONTENT="front." CS="1" />
<SP HEIGHT="48" HPOS="1205" VPOS="3478" WIDTH="28" />
<String CONTENT="(port.)" HEIGHT="48" HPOS="1234" VPOS="3478" WIDTH="174" />
<SP HEIGHT="48" HPOS="1409" VPOS="3478" WIDTH="37" />
<String CONTENT="illus.," HEIGHT="49" HPOS="1447" VPOS="3478" WIDTH="144" />
<SP HEIGHT="37" HPOS="1592" VPOS="3490" WIDTH="27" />
<String CONTENT="plates" HEIGHT="49" HPOS="1620" VPOS="3478" WIDTH="159" />
<SP HEIGHT="50" HPOS="1780" VPOS="3477" WIDTH="28" />
<String CONTENT="(1" HEIGHT="50" HPOS="1809" VPOS="3477" WIDTH="48" />
<SP HEIGHT="42" HPOS="1858" VPOS="3478" WIDTH="28" />
<String CONTENT="col.;" HEIGHT="47" HPOS="1887" VPOS="3479" WIDTH="116" />
<SP HEIGHT="47" HPOS="2004" VPOS="3479" WIDTH="31" />
<String CONTENT="incl." HEIGHT="43" HPOS="2036" VPOS="3476" WIDTH="110" />
<SP HEIGHT="38" HPOS="2147" VPOS="3489" WIDTH="29" />
<String CONTENT="ports.)" HEIGHT="52" HPOS="2177" VPOS="3475" WIDTH="176" />
</TextLine>
<TextLine HEIGHT="42" HPOS="343" VPOS="3534" WIDTH="370">
<String CONTENT="facsim." HEIGHT="42" HPOS="343" VPOS="3534" WIDTH="191" />
<SP HEIGHT="41" HPOS="535" VPOS="3535" WIDTH="59" />
<String CONTENT="26" HEIGHT="41" HPOS="595" VPOS="3535" WIDTH="57" />
<String CONTENT="cm" HEIGHT="23" HPOS="654" STYLE="superscript" VPOS="3537" WIDTH="47" />
<String CONTENT="." HEIGHT="9" HPOS="704" VPOS="3567" WIDTH="9" />
</TextLine>
<TextLine HEIGHT="52" HPOS="417" VPOS="3604" WIDTH="1942">
<String CONTENT="&#8220;This" HEIGHT="41" HPOS="417" VPOS="3606" WIDTH="147" />
<SP HEIGHT="41" HPOS="565" VPOS="3606" WIDTH="24" />
<String CONTENT="first" HEIGHT="42" HPOS="590" VPOS="3606" WIDTH="112" />
<SP HEIGHT="39" HPOS="703" VPOS="3609" WIDTH="23" />
<String CONTENT="edition" HEIGHT="40" HPOS="727" VPOS="3608" WIDTH="185" />
<SP HEIGHT="39" HPOS="913" VPOS="3609" WIDTH="27" />
<String CONTENT="is" HEIGHT="39" HPOS="941" VPOS="3609" WIDTH="42" />
<SP HEIGHT="41" HPOS="984" VPOS="3607" WIDTH="24" />
<String CONTENT="limited" HEIGHT="42" HPOS="1009" VPOS="3607" WIDTH="191" />
<SP HEIGHT="40" HPOS="1201" VPOS="3609" WIDTH="27" />
<String CONTENT="to" HEIGHT="39" HPOS="1229" VPOS="3609" WIDTH="49" />
<SP HEIGHT="40" HPOS="1279" VPOS="3608" WIDTH="27" />
<String CONTENT="1000" HEIGHT="41" HPOS="1307" VPOS="3607" WIDTH="116" />
<SP HEIGHT="42" HPOS="1424" VPOS="3607" WIDTH="26" />
<String CONTENT="copies," HEIGHT="48" HPOS="1451" VPOS="3608" WIDTH="174" />
<SP HEIGHT="38" HPOS="1626" VPOS="3618" WIDTH="28" />
<String CONTENT="of" HEIGHT="41" HPOS="1655" VPOS="3607" WIDTH="54" />
<SP HEIGHT="40" HPOS="1710" VPOS="3607" WIDTH="25" />
<String CONTENT="which" HEIGHT="41" HPOS="1736" VPOS="3606" WIDTH="161" />
<SP HEIGHT="41" HPOS="1898" VPOS="3608" WIDTH="27" />
<String CONTENT="this" HEIGHT="43" HPOS="1926" VPOS="3606" WIDTH="100" />
<SP HEIGHT="40" HPOS="2027" VPOS="3608" WIDTH="27" />
<String CONTENT="is" HEIGHT="39" HPOS="2055" VPOS="3608" WIDTH="43" />
<SP HEIGHT="30" HPOS="2099" VPOS="3617" WIDTH="26" />
<String CONTENT="no." HEIGHT="30" HPOS="2126" VPOS="3617" WIDTH="74" />
<SP HEIGHT="42" HPOS="2201" VPOS="3606" WIDTH="29" />
<String CONTENT="896.&#8221;" HEIGHT="44" HPOS="2231" VPOS="3604" WIDTH="128" />
</TextLine>
<TextLine HEIGHT="49" HPOS="412" VPOS="3663" WIDTH="1945">
<String CONTENT="&#8220;Of" HEIGHT="41" HPOS="412" VPOS="3663" WIDTH="94" />
<SP HEIGHT="40" HPOS="507" VPOS="3663" WIDTH="27" />
<String CONTENT="this" HEIGHT="40" HPOS="535" VPOS="3664" WIDTH="100" />
<SP HEIGHT="30" HPOS="636" VPOS="3674" WIDTH="30" />
<String CONTENT="volume" HEIGHT="40" HPOS="667" VPOS="3664" WIDTH="194" />
<SP HEIGHT="30" HPOS="862" VPOS="3674" WIDTH="28" />
<String CONTENT="were" HEIGHT="30" HPOS="891" VPOS="3674" WIDTH="128" />
<SP HEIGHT="39" HPOS="1020" VPOS="3665" WIDTH="30" />
<String CONTENT="issued" HEIGHT="40" HPOS="1051" VPOS="3665" WIDTH="164" />
<SP HEIGHT="39" HPOS="1216" VPOS="3666" WIDTH="31" />
<String CONTENT="nine" HEIGHT="41" HPOS="1248" VPOS="3664" WIDTH="113" />
<SP HEIGHT="39" HPOS="1362" VPOS="3666" WIDTH="30" />
<String CONTENT="hundred" HEIGHT="41" HPOS="1393" VPOS="3665" WIDTH="223" />
<SP HEIGHT="41" HPOS="1617" VPOS="3665" WIDTH="30" />
<String CONTENT="full" HEIGHT="41" HPOS="1648" VPOS="3664" WIDTH="95" />
<SP HEIGHT="41" HPOS="1744" VPOS="3664" WIDTH="29" />
<String CONTENT="bound" HEIGHT="40" HPOS="1774" VPOS="3665" WIDTH="162" />
<SP HEIGHT="40" HPOS="1937" VPOS="3665" WIDTH="31" />
<String CONTENT="copies" HEIGHT="48" HPOS="1969" VPOS="3664" WIDTH="161" />
<SP HEIGHT="41" HPOS="2131" VPOS="3663" WIDTH="29" />
<String CONTENT="for" HEIGHT="41" HPOS="2161" VPOS="3663" WIDTH="80" />
<SP HEIGHT="38" HPOS="2242" VPOS="3666" WIDTH="30" />
<String CONTENT="the" HEIGHT="41" HPOS="2273" VPOS="3663" WIDTH="84" />
</TextLine>
<TextLine CS="1" HEIGHT="49" HPOS="339" VPOS="3721" WIDTH="1840">
<String CONTENT="Brooklyn" HEIGHT="47" HPOS="339" VPOS="3721" WIDTH="248" />
<SP HEIGHT="28" HPOS="588" VPOS="3732" WIDTH="31" />
<String CONTENT="museum," HEIGHT="38" HPOS="620" VPOS="3731" WIDTH="236" />
<SP HEIGHT="38" HPOS="857" VPOS="3731" WIDTH="34" />
<String CONTENT="and" HEIGHT="39" HPOS="892" VPOS="3723" WIDTH="97" />
<SP HEIGHT="39" HPOS="990" VPOS="3723" WIDTH="31" />
<String CONTENT="one" HEIGHT="30" HPOS="1022" VPOS="3732" WIDTH="90" />
<SP HEIGHT="39" HPOS="1113" VPOS="3723" WIDTH="32" />
<String CONTENT="hundred" HEIGHT="40" HPOS="1146" VPOS="3722" WIDTH="222" />
<SP HEIGHT="48" HPOS="1369" VPOS="3722" WIDTH="34" />
<String CONTENT="paper" HEIGHT="39" HPOS="1404" VPOS="3731" WIDTH="152" />
<SP HEIGHT="39" HPOS="1557" VPOS="3723" WIDTH="30" />
<String CONTENT="bound" HEIGHT="41" HPOS="1588" VPOS="3721" WIDTH="161" />
<SP HEIGHT="41" HPOS="1750" VPOS="3721" WIDTH="35" />
<String CONTENT="copies" HEIGHT="47" HPOS="1786" VPOS="3721" WIDTH="159" />
<SP HEIGHT="39" HPOS="1946" VPOS="3722" WIDTH="34" />
<String CONTENT="for" HEIGHT="39" HPOS="1981" VPOS="3722" WIDTH="80" />
<SP HEIGHT="39" HPOS="2062" VPOS="3723" WIDTH="33" />
<String CONTENT="the" HEIGHT="41" HPOS="2096" VPOS="3721" WIDTH="83" />
</TextLine>
<TextLine CS="1" HEIGHT="96" HPOS="337" VPOS="3731" WIDTH="2002">
<String CONTENT="members" HEIGHT="87" HPOS="337" VPOS="3731" WIDTH="2002" />
<SP HEIGHT="30" HPOS="448" VPOS="3788" WIDTH="31" />
<String CONTENT="of" HEIGHT="41" HPOS="480" VPOS="3777" WIDTH="53" />
<SP HEIGHT="41" HPOS="534" VPOS="3777" WIDTH="31" />
<String CONTENT="the" HEIGHT="39" HPOS="566" VPOS="3779" WIDTH="83" />
<SP HEIGHT="40" HPOS="650" VPOS="3778" WIDTH="33" />
<String CONTENT="Fondation" HEIGHT="41" HPOS="684" VPOS="3778" WIDTH="276" />
<SP HEIGHT="41" HPOS="961" VPOS="3777" WIDTH="33" />
<String CONTENT="Sgyptologique" HEIGHT="50" HPOS="995" VPOS="3777" WIDTH="371" />
<SP HEIGHT="30" HPOS="1367" VPOS="3788" WIDTH="33" />
<String CONTENT="reine" HEIGHT="40" HPOS="1401" VPOS="3779" WIDTH="135" />
<SP HEIGHT="38" HPOS="1537" VPOS="3780" WIDTH="30" />
<String CONTENT="Elisabeth.&#8221;" HEIGHT="41" HPOS="1568" VPOS="3778" WIDTH="298" />
</TextLine>
<TextLine HEIGHT="50" HPOS="414" VPOS="3834" WIDTH="1941">
<String CONTENT="&#8220;These" HEIGHT="41" HPOS="414" VPOS="3834" WIDTH="184" />
<SP HEIGHT="40" HPOS="599" VPOS="3835" WIDTH="24" />
<String CONTENT="letters" HEIGHT="41" HPOS="624" VPOS="3835" WIDTH="173" />
<SP HEIGHT="30" HPOS="798" VPOS="3845" WIDTH="24" />
<String CONTENT="of" HEIGHT="40" HPOS="823" VPOS="3835" WIDTH="52" />
<SP HEIGHT="40" HPOS="876" VPOS="3835" WIDTH="25" />
<String CONTENT="a" HEIGHT="30" HPOS="902" VPOS="3845" WIDTH="29" />
<SP HEIGHT="38" HPOS="932" VPOS="3845" WIDTH="25" />
<String CONTENT="pioneer" HEIGHT="47" HPOS="958" VPOS="3836" WIDTH="198" />
<SP HEIGHT="39" HPOS="1157" VPOS="3836" WIDTH="25" />
<String CONTENT="American" HEIGHT="40" HPOS="1183" VPOS="3836" WIDTH="258" />
<SP HEIGHT="39" HPOS="1442" VPOS="3836" WIDTH="27" />
<String CONTENT="Egyptologist" HEIGHT="48" HPOS="1470" VPOS="3836" WIDTH="341" />
<SP HEIGHT="40" HPOS="1812" VPOS="3836" WIDTH="24" />
<String CONTENT="are" HEIGHT="31" HPOS="1837" VPOS="3846" WIDTH="84" />
<SP HEIGHT="38" HPOS="1922" VPOS="3846" WIDTH="26" />
<String CONTENT="published" HEIGHT="50" HPOS="1949" VPOS="3834" WIDTH="258" />
<SP HEIGHT="42" HPOS="2208" VPOS="3834" WIDTH="26" />
<String CONTENT="with" HEIGHT="42" HPOS="2235" VPOS="3834" WIDTH="120" />
</TextLine>
<TextLine CS="1" HEIGHT="50" HPOS="337" VPOS="3891" WIDTH="1887">
<String CONTENT="funds" HEIGHT="41" HPOS="337" VPOS="3891" WIDTH="149" />
<SP HEIGHT="39" HPOS="487" VPOS="3901" WIDTH="27" />
<String CONTENT="generously" HEIGHT="48" HPOS="515" VPOS="3892" WIDTH="291" />
<SP HEIGHT="38" HPOS="807" VPOS="3903" WIDTH="29" />
<String CONTENT="presented" HEIGHT="48" HPOS="837" VPOS="3893" WIDTH="257" />
<SP HEIGHT="40" HPOS="1095" VPOS="3893" WIDTH="29" />
<String CONTENT="by" HEIGHT="46" HPOS="1125" VPOS="3894" WIDTH="61" />
<SP HEIGHT="45" HPOS="1187" VPOS="3895" WIDTH="29" />
<String CONTENT="the" HEIGHT="40" HPOS="1217" VPOS="3893" WIDTH="83" />
<SP HEIGHT="40" HPOS="1301" VPOS="3893" WIDTH="25" />
<String CONTENT="Wilbour" HEIGHT="40" HPOS="1327" VPOS="3893" WIDTH="221" />
<SP HEIGHT="40" HPOS="1549" VPOS="3893" WIDTH="28" />
<String CONTENT="family" HEIGHT="48" HPOS="1578" VPOS="3892" WIDTH="175" />
<SP HEIGHT="45" HPOS="1754" VPOS="3895" WIDTH="30" />
<String CONTENT="to" HEIGHT="39" HPOS="1785" VPOS="3895" WIDTH="48" />
<SP HEIGHT="38" HPOS="1834" VPOS="3896" WIDTH="28" />
<String CONTENT="the" HEIGHT="41" HPOS="1863" VPOS="3893" WIDTH="84" />
<SP HEIGHT="39" HPOS="1948" VPOS="3894" WIDTH="27" />
<String CONTENT="Brooklyn" HEIGHT="47" HPOS="1976" VPOS="3892" WIDTH="248" />
</TextLine>
<TextLine CS="1" HEIGHT="87" HPOS="337" VPOS="3904" WIDTH="1999">
<String CONTENT="museum" HEIGHT="84" HPOS="337" VPOS="3904" WIDTH="1999" />
<SP HEIGHT="29" HPOS="473" VPOS="3959" WIDTH="33" />
<String CONTENT="&#8230;" CS="1" />
<SP HEIGHT="29" HPOS="580" VPOS="3959" WIDTH="30" />
<String CONTENT="as" HEIGHT="29" HPOS="611" VPOS="3959" WIDTH="56" />
<SP HEIGHT="30" HPOS="668" VPOS="3959" WIDTH="32" />
<String CONTENT="a" HEIGHT="30" HPOS="701" VPOS="3959" WIDTH="27" />
<SP HEIGHT="30" HPOS="729" VPOS="3959" WIDTH="32" />
<String CONTENT="memorial" HEIGHT="41" HPOS="762" VPOS="3949" WIDTH="253" />
<SP HEIGHT="41" HPOS="1016" VPOS="3949" WIDTH="31" />
<String CONTENT="to" HEIGHT="38" HPOS="1048" VPOS="3952" WIDTH="48" />
<SP HEIGHT="41" HPOS="1097" VPOS="3950" WIDTH="34" />
<String CONTENT="Charles" HEIGHT="41" HPOS="1132" VPOS="3950" WIDTH="203" />
<SP HEIGHT="39" HPOS="1336" VPOS="3951" WIDTH="32" />
<String CONTENT="Edwfin" HEIGHT="40" HPOS="1369" VPOS="3950" WIDTH="173" />
<SP HEIGHT="39" HPOS="1543" VPOS="3951" WIDTH="32" />
<String CONTENT="Wilbour.&#8221;" HEIGHT="41" HPOS="1576" VPOS="3949" WIDTH="265" />
</TextLine>
<TextLine HEIGHT="53" HPOS="340" VPOS="4017" WIDTH="2014">
<String CONTENT="&#169;" HEIGHT="53" HPOS="340" VPOS="4017" WIDTH="53" />
<SP HEIGHT="53" HPOS="394" VPOS="4017" WIDTH="23" />
<String CONTENT="Aug." HEIGHT="47" HPOS="418" VPOS="4023" WIDTH="120" />
<SP HEIGHT="40" HPOS="539" VPOS="4023" WIDTH="29" />
<String CONTENT="1," HEIGHT="46" HPOS="569" VPOS="4023" WIDTH="37" />
<SP HEIGHT="47" HPOS="607" VPOS="4022" WIDTH="25" />
<String CONTENT="1936;" HEIGHT="49" HPOS="633" VPOS="4021" WIDTH="144" />
<SP HEIGHT="48" HPOS="778" VPOS="4022" WIDTH="29" />
<String CONTENT="2c." HEIGHT="42" HPOS="808" VPOS="4022" WIDTH="67" />
<SP HEIGHT="32" HPOS="876" VPOS="4032" WIDTH="26" />
<String CONTENT="and" HEIGHT="39" HPOS="903" VPOS="4023" WIDTH="96" />
<SP HEIGHT="39" HPOS="1000" VPOS="4023" WIDTH="25" />
<String CONTENT="aff." HEIGHT="41" HPOS="1026" VPOS="4023" WIDTH="82" />
<SP HEIGHT="40" HPOS="1109" VPOS="4024" WIDTH="26" />
<String CONTENT="Aug." HEIGHT="45" HPOS="1136" VPOS="4024" WIDTH="121" />
<SP HEIGHT="41" HPOS="1258" VPOS="4022" WIDTH="26" />
<String CONTENT="6;" HEIGHT="47" HPOS="1285" VPOS="4022" WIDTH="53" />
<SP HEIGHT="45" HPOS="1339" VPOS="4024" WIDTH="28" />
<String CONTENT="A" HEIGHT="38" HPOS="1368" VPOS="4024" WIDTH="40" />
<SP HEIGHT="41" HPOS="1409" VPOS="4021" WIDTH="25" />
<String CONTENT="97639;" HEIGHT="49" HPOS="1435" VPOS="4021" WIDTH="173" />
<SP HEIGHT="46" HPOS="1609" VPOS="4024" WIDTH="29" />
<String CONTENT="Brooklyn" HEIGHT="48" HPOS="1639" VPOS="4022" WIDTH="250" />
<SP HEIGHT="40" HPOS="1890" VPOS="4022" WIDTH="23" />
<String CONTENT="institute" HEIGHT="41" HPOS="1914" VPOS="4022" WIDTH="229" />
<SP HEIGHT="30" HPOS="2144" VPOS="4033" WIDTH="26" />
<String CONTENT="of" HEIGHT="41" HPOS="2171" VPOS="4021" WIDTH="51" />
<SP HEIGHT="41" HPOS="2223" VPOS="4021" WIDTH="26" />
<String CONTENT="arts" HEIGHT="41" HPOS="2250" VPOS="4021" WIDTH="104" />
</TextLine>
<TextLine CS="1" HEIGHT="50" HPOS="410" VPOS="4078" WIDTH="989">
<String CONTENT="and" HEIGHT="40" HPOS="410" VPOS="4079" WIDTH="96" />
<SP HEIGHT="39" HPOS="507" VPOS="4079" WIDTH="23" />
<String CONTENT="sciences," HEIGHT="49" HPOS="531" VPOS="4079" WIDTH="228" />
<SP HEIGHT="48" HPOS="760" VPOS="4080" WIDTH="26" />
<String CONTENT="Brooklyn." HEIGHT="47" HPOS="787" VPOS="4080" WIDTH="262" />
<SP HEIGHT="49" HPOS="1050" VPOS="4079" WIDTH="65" />
<String CONTENT="(36-31508)" CS="1" HEIGHT="50" HPOS="1116" VPOS="4078" WIDTH="283" />
</TextLine>
</TextBlock>
</PrintSpace>
</Page>
</Layout>
</alto>