2519 4377
1297 4105 107 54 716

326 436 246 65 Philips,
599 436 330 54 Marianne.

397 514 55 53 A
477 514 174 52 house
675 512 60 52 in
758 512 243 67 Vienna,
1026 511 75 68 by
1125 510 303 52 Marianne
1454 506 246 69 Philips,
1723 506 317 54 translated
2067 505 153 53 from
2245 504 95 54 the

328 592 194 54 Dutch
554 592 76 68 by
665 591 167 54 Irene
865 589 292 68 Clephane
1190 591 46 50 &
1265 587 194 53 David
1491 586 244 54 Hallett.
1805 586 138 52 New
1976 585 181 65 York,
328 585 1989 153 Harcourt,
534 672 183 51 Brace
745 668 113 53 and
884 686 281 50 company
1240 669 152 65 [c1936]

399 746 27 40 3
453 757 40 36 p.
557 776 7 12 l.,
591 744 148 41 3-269
759 755 43 37 p.
862 743 55 40 21
921 745 44 21 cm
970 774 9 9 .

403 802 162 40 “First
595 800 259 41 American
883 798 228 43 edition.”

330 868 53 53 ©
413 873 113 47 May
554 871 69 48 21,
655 871 118 40 1936
788 881 9 36 ;
825 870 68 40 2c.
925 870 93 39 and
1051 868 82 41 aff.
1164 869 127 39 June
1322 867 55 40 10
1395 878 9 37 ;
1436 868 40 39 A
1506 866 171 49 94844;
1711 867 264 47 Harcourt,
2007 867 155 39 Brace
2194 866 35 40 &
2259 874 82 38 co.,

404 930 90 41 inc.
563 928 284 50 (36-11551)

329 1033 278 65 Putnam,
633 1033 228 63 George
886 1031 253 65 Palmer,
1167 1031 327 63 1814-1872,
1523 1047 179 49 comp.

400 1110 345 67 Dictionary
786 1108 66 55 of
896 1113 209 63 events,
1151 1125 31 35 a
1225 1106 308 54 handbook
1575 1106 63 52 of
1681 1106 286 53 universal
2016 1106 248 68 history;
2313 1124 30 34 a

329 1190 170 54 series
522 1188 65 54 of
616 1187 424 69 chronological
1069 1187 181 52 tables
1279 1186 348 68 presenting,
1655 1186 57 51 in
1741 1185 240 68 parallel
2013 1185 271 67 columns,
2314 1204 30 34 a

331 1269 197 53 record
566 1269 64 52 of
666 1267 97 54 the
798 1266 362 68 noteworthy
1198 1270 192 49 events
1429 1264 63 54 of
1528 1264 223 69 history
1792 1263 152 53 from
1983 1264 94 53 the
2119 1264 227 53 earliest

330 1346 164 54 times
519 1353 59 47 to
602 1346 98 53 the
724 1351 227 63 present
975 1345 131 69 day,
1130 1345 261 68 together
1415 1344 140 53 with
1584 1362 68 35 an
1678 1344 171 52 index
1876 1343 62 52 of
1963 1343 246 69 subjects
2233 1342 107 53 and

331 1426 389 68 genealogical
747 1426 198 67 tables,
971 1425 282 68 compiled
1279 1425 74 67 by
1381 1424 222 68 George
1630 1424 230 53 Palmer
1887 1426 269 64 Putnam,
2223 1467 9 8 A.
2316 1466 27 24 M.,

332 1506 113 52 and
492 1504 224 69 George
762 1503 204 53 Haven
1016 1503 270 65 Putnam,
1332 1521 144 34 litt,
1522 1521 66 53 d.,
1633 1520 191 50 oxon.,
1869 1503 111 51 and
2030 1502 313 53 associates.

333 1581 1178 70 New York, Grosset & Dunlap [ c 1936]
406 1665 60 47 vi,
492 1665 99 45 565,
623 1664 85 49 [71]
733 1674 42 37 p.
802 1662 110 42 incl.
937 1664 184 47 geneal.
1149 1664 171 41 tables.
1374 1663 57 40 21
1434 1665 45 22 cm
1483 1694 9 10 .

410 1722 285 46 Previously
721 1720 256 48 published
1002 1722 154 38 under
1182 1721 133 40 titles
1333 1732 9 28 :
1368 1720 215 39 Tabular
1609 1719 147 41 views
1780 1721 51 38 of
1856 1720 247 40 universal
2130 1719 187 49 history
2335 1731 9 36 ;

342 1777 248 41 Putnam’s
618 1778 257 40 handbook
899 1778 51 39 of
979 1777 248 41 universal
1256 1776 188 49 history
1463 1788 8 36 ;
1502 1777 251 40 Putnam’s
1782 1777 275 48 dictionary
2080 1777 57 40 uf
2165 1781 181 37 events.

335 1846 53 53 ©
417 1852 123 38 Mar.
569 1849 69 46 20,
671 1850 113 39 1936
802 1860 9 36 ;
843 1849 67 40 2c.
941 1850 97 39 and
1068 1849 83 41 aff.
1183 1851 114 46 May
1327 1850 54 38 21
1401 1860 8 36 ;
1442 1850 41 38 A
1510 1848 144 40 94505
1673 1860 8 35 ;
1718 1849 202 41 Grosset
1948 1850 38 40 &
2015 1849 210 49 Dunlap,
2256 1850 90 40 inc.

406 1908 287 48 [Copyright
723 1907 41 39 is
797 1906 207 40 claimed
1038 1909 63 37 on
1132 1917 105 28 new
1269 1908 180 39 matter
1481 1906 60 48 by
1576 1907 190 39 Hubert
1802 1907 51 40 F.
1890 1907 253 49 Juergens]

415 1964 282 48 (36-11557)

335 2068 261 64 Reboux,
629 2068 165 65 Paul,
829 2068 172 54 1877-

337 2144 1986 133 … Plats du jour; encore 300 recettes nouvelles et un répertoire
510 2225 70 52 de
609 2227 104 50 900
743 2228 232 49 recettes
1005 2222 241 55 inédites
1277 2242 71 35 ou
1380 2223 353 69 singulières.
1809 2223 243 54 Préface
2082 2225 67 52 de
2181 2224 165 54 Félix

336 2302 1345 69 Pallaut … [ Paris] E. Flammarion [1936]
409 2375 566 52 325, [1] p. 18 × 14 cm .
337 2446 2012 52 © Feb. 13, 1936 ; 1c. Mar. 4 ; A- Foreign 30833 ; Ernest Flammarion.
421 2506 282 50 (36-11457)

338 2609 176 65 Reed,
543 2609 212 65 Perley
782 2610 187 63 Isaac,
1002 2609 170 55 1887-

409 2686 260 69 Applied
713 2685 405 69 composition;
1165 2685 329 69 principles,
1536 2685 329 69 specimens,
1910 2686 322 70 handbook,
2274 2687 74 67 by

340 2763 1981 147 Perley Isaac Reed … with the critical collaboration of Elizabeth Frost Reed … New York, T. Nelson and sons, 1936.
411 2917 96 48 xiv,
542 2918 86 39 554
662 2929 43 37 p.
767 2917 56 38 22½
856 2919 44 21 cm
905 2949 8 8 .
987 2916 301 50 (Half-title:
1322 2917 218 41 Nelson’s
1575 2917 202 49 English
1811 2918 178 48 series;
2024 2919 195 48 general
340 2919 1989 97 editor—Ernest
693 2975 301 48 Bernbaum)

412 3031 182 42 “Index
621 3031 80 41 for
729 3033 303 48 manuscript
1061 3031 264 43 criticism”
1355 3043 58 29 on
1445 3031 337 49 lining-paper.

341 3099 53 52 ©
423 3104 114 47 May
565 3103 70 47 28,
666 3102 140 48 1936;
838 3103 67 41 2c.
936 3105 93 38 and
1061 3103 82 40 aff.
1174 3104 114 47 May
1316 3103 55 38 29
1390 3113 8 32 ;
1432 3104 39 37 A
1502 3101 171 44 95425;
1706 3103 211 40 Thomas
1947 3104 179 40 Nelson
2159 3104 35 40 &
2225 3113 124 30 sons.

422 3160 283 49 (36-11583)

344 3265 349 65 Robertson,
721 3264 183 57 Colin.

410 3340 172 52 Devil
625 3358 65 35 or
732 3338 185 55 saint?
1001 3341 87 68 By
1134 3339 167 56 Colin
1345 3340 335 54 Robertson.
1764 3340 240 53 London
2050 3341 112 53 and
342 3340 1981 148 Melbourne,
595 3419 201 69 Ward,
822 3418 155 53 Lock
1004 3419 46 50 &
1079 3437 97 51 co.,
1206 3419 221 53 limited
1464 3421 173 65 [1936]

412 3492 100 41 viii.
546 3492 145 42 9-256
720 3503 43 37 p.
825 3492 56 40 19
884 3494 43 21 cm
933 3525 7 8 .

344 3549 1992 108 © 1c. May 28, 1936 ; A ad int. 21471; pubd. Apr. 7; C. Robertson, Shepherds Bush, England. (36-11965) 4596
345 3717 207 62 Rocaz,
581 3716 264 57 Charles.

478 3791 1874 70 … L’hygiène de l’enfant; causeries. [Bordeaux] Delmas
351 3875 171 64 [1936]

420 3942 1173 52 2 p. l., [9]-468, [2] p. illus., diagrs. 24 ½ cm .
419 4001 62 40 At
511 4001 124 41 head
667 4000 52 40 of
746 4001 135 41 title:
910 4002 213 39 Docteur
1152 4001 172 40 Rocaz.
