2519 4377
1304 4179 135 51 2082

459 571 130 43 Vita.

460 629 354 49 Bibliography:
869 639 43 39 p.
940 628 160 42 65-66.

386 696 56 54 ©
474 701 112 40 Jan.
617 699 73 49 31,
723 699 142 48 1936;
900 699 68 42 2c.
1001 700 97 40 and
1130 700 84 41 aff.
1248 701 112 39 Dec.
1395 700 54 49 7;
1484 702 41 39 A
1556 700 203 50 101152;
1796 703 200 48 Bayard
2029 714 152 38 press.

470 756 255 49 (37-3188)

387 862 274 66 Wallace,
697 863 222 65 Edgar,
956 864 329 55 1875-1932.

522 939 1883 74 … Laquelle des deux? (The double) Traduit par Pierre
392 1019 203 56 Cobor.
679 1018 204 70 [Paris]
918 1020 286 54 Hachette
1240 1022 173 67 [1936]

459 1091 100 47 255,
596 1091 56 51 [1]
688 1103 43 39 p.
792 1091 117 43 19cm.
981 1091 98 50 (On
1112 1104 165 31 cover:
1310 1092 120 42 “Les
1462 1093 250 42 meilleurs
1744 1105 197 31 romans
1974 1094 309 51 étrangers”)

387 1154 1933 55 © Aug. 20, 1936; 1c. Dec. 7; A-Foreign 33758; Librairie Hachette.
468 1215 255 49 (37-1488)

388 1317 1993 150 … La rouille mystérieuse (The green rust) [ Paris] Hachette [1936]
459 1484 87 42 248
576 1495 45 38 p.
681 1484 119 42 19cm.
870 1484 102 50 (On
1000 1498 144 31 cover
1149 1498 16 30 :
1198 1485 119 41 “Les
1349 1486 250 41 meilleurs
1631 1497 196 32 romans
1861 1487 310 50 étrangers”)

387 1556 54 53 ©
469 1560 117 47 July
615 1559 40 43 2.
686 1559 141 44 1936;
918 1592 9 9 1c.
958 1562 114 39 Dec.
1102 1560 52 48 7;
1187 1561 102 38 A-
1291 1559 208 49 Foreign
1529 1559 173 51 33764;
1734 1559 245 43 Librairie
2009 1562 259 41 Hachette.

469 1617 254 50 (37-1484)

385 1725 267 64 Watson,
682 1724 171 55 Elmo
879 1725 186 64 Scott,
1099 1728 173 51 1892-

455 1803 57 53 A
555 1803 226 67 history
826 1804 63 54 of
935 1821 335 50 newspaper
1315 1801 324 69 syndicates
1682 1803 60 53 in
1788 1803 99 53 the
1928 1803 222 56 United
2197 1802 209 69 States,

388 1885 334 63 1865-1935,
751 1881 77 68 by
862 1881 170 54 Elmo
1068 1881 161 55 Scott
1260 1883 260 54 Watson.
1597 1881 273 68 Chicago,
1900 1882 117 67 Ill.,
2052 1885 151 51 1936.

461 1953 1097 51 4 p. l., 98 p. front., ports., facsims. 23½cm.
457 2012 137 40 First
617 2011 260 49 published
903 2011 52 41 in
980 2011 118 41 1923
1124 2022 55 30 as
1205 2022 27 29 a
1260 2010 323 50 preliminary
1609 2011 147 48 study
1782 2010 158 41 under
1967 2010 85 41 the
2077 2010 111 41 title:

2242 2012 44 39 A
384 2009 2005 107 history
526 2069 53 40 of
611 2068 251 48 auxiliary
894 2079 288 38 newspaper
1217 2068 188 57 service
1434 2069 51 40 in
1519 2068 85 41 the
1637 2068 183 41 United
1856 2069 180 41 States.
2100 2069 60 39 In
2193 2067 116 42 1933
2344 2080 65 30 an

386 2125 269 50 expansion
695 2126 52 39 of
784 2125 84 42 the
907 2125 147 49 study
1091 2134 103 32 was
1234 2125 268 42 submitted
1542 2136 55 30 as
1635 2136 30 30 a
1706 2124 156 42 thesis
1898 2125 85 40 for
2019 2124 86 42 the
2143 2125 175 49 degree
2354 2126 54 40 of

386 2186 185 38 master
604 2183 55 41 of
691 2181 190 42 science
912 2182 51 40 in
996 2182 299 48 journalism
1326 2184 52 38 at
1414 2183 86 41 the
1533 2182 169 41 Medill
1736 2182 165 41 school
1938 2182 53 41 of
2025 2182 293 47 journalism
2356 2185 53 39 at

385 2240 374 42 Northwestern
791 2239 290 50 university.
1145 2239 120 41 This
1302 2239 153 42 thesis
1491 2250 103 30 was
1629 2239 192 42 revised
1860 2239 95 42 and
1991 2239 259 50 published
2288 2250 54 30 as
2377 2251 29 30 a

386 2299 308 49 supplement
725 2300 50 38 to
807 2299 85 40 the
924 2297 299 41 Publishers’
1258 2297 249 48 auxiliary
1541 2308 61 31 on
1634 2297 272 42 November
1939 2298 71 49 16,
2043 2297 116 41 1935
2195 2298 95 40 and
2324 2298 84 41 the

383 2358 201 46 present
607 2356 138 40 work
771 2355 43 41 is
842 2366 28 29 a
897 2355 200 40 further
1122 2353 229 43 revision,
1408 2355 62 49 cf.
1499 2353 277 45 Foreword.

460 2413 355 48 Bibliography:
876 2423 42 38 p.
949 2411 159 43 86-89.

458 2470 68 40 “A
550 2470 247 47 directory
824 2469 52 40 of
901 2478 286 39 newspaper
1213 2468 282 48 syndicates
1521 2468 51 41 in
1598 2468 84 43 the
1710 2468 183 43 United
1921 2468 194 44 States”:
2172 2481 46 38 p.
2244 2468 159 44 90-94.

387 2537 53 54 ©
464 2541 115 47 July
603 2542 39 45 1,
669 2541 116 40 1936;
838 2540 67 42 2c.
932 2541 117 47 July
1072 2540 56 40 25;
1182 2541 82 39 aff.
1291 2540 119 47 July
1432 2539 57 39 27;
1543 2541 41 38 A
1607 2539 147 41 96621:
1810 2542 53 40 E.
1892 2541 43 41 S.
1965 2542 219 39 Watson.
455 2540 1933 106 [Copyright
614 2597 44 41 is
682 2597 209 41 claimed
918 2609 61 29 on
1005 2596 255 52 revisions]
1327 2595 286 52 (36-18471)

382 2702 413 65 Wattenberg,
822 2701 259 55 William
1105 2702 89 54 W.

455 2779 92 55 On
583 2780 98 53 the
721 2780 361 53 educational
1123 2778 191 67 front;
1353 2779 97 53 the
1487 2778 282 54 reactions
1806 2778 64 54 of
1907 2779 256 53 teachers

384 2775 1995 138 associations
595 2859 63 53 in
688 2859 140 54 New
857 2858 166 55 York
1051 2858 113 54 and
1195 2857 272 68 Chicago,
1494 2858 77 67 by
1596 2855 264 59 William
1885 2859 91 54 W.
2006 2856 393 68 Wattenberg.

383 2938 140 53 New
550 2937 183 57 York,
760 2936 303 57 Columbia
1089 2934 321 60 university
1435 2955 175 49 press,
1640 2939 152 51 1936.

458 3012 25 37 1
548 3043 8 9 v.

384 3078 53 54 ©
471 3082 104 42 Oct.
612 3081 70 49 28,
719 3081 142 48 1936;
899 3080 67 41 2c.
1004 3081 104 42 Oct.
1142 3080 83 48 29;
1265 3081 82 41 aff.
1384 3081 119 41 Nov.
1539 3079 82 50 12;
1662 3080 40 40 A
1737 3078 202 49 100448;
1979 3078 254 43 Columbia
2269 3076 132 43 univ.

454 3150 152 38 press.

380 3242 202 66 Webb,
610 3242 230 55 Walter
866 3243 310 66 Freeman,
1207 3248 173 51 1869-

454 3318 332 55 Handbook
814 3319 95 54 for
936 3320 143 55 shell
1107 3319 295 55 collectors;
1463 3316 381 57 illustrations
1876 3316 114 54 and
2019 3314 381 71 descriptions

381 3394 1953 74 of 2,200 species of Mollusca , by Walter Freeman Webb …
382 3478 102 53 4th
513 3478 86 53 ed.
677 3477 327 69 Rochester,
1032 3476 69 56 N.
1134 3476 91 70 Y.,
1252 3478 175 52 c1936.

450 3549 937 51 3 p. l., [9]-291, [4] p. illus. 24cm.
451 3607 163 41 Blank
641 3618 149 39 pages
821 3606 126 41 “For
975 3605 345 44 memoranda”
1362 3606 84 52 ([4]
1479 3609 52 39 at
1560 3605 118 49 end)

453 3664 382 50 Bibliography:
872 3675 43 39 p.
949 3663 220 43 266-267.

381 3721 53 54 ©
457 3727 111 39 Dec.
596 3725 71 48 16,
695 3724 115 42 1936;
863 3724 67 42 2c.
959 3724 94 40 and
1082 3723 82 42 aff.
1192 3725 113 41 Dec.
1331 3723 56 40 21;
1445 3724 40 40 A
1511 3721 175 42 102046;
1744 3724 72 40 W.
1844 3723 52 40 F.
1924 3721 165 50 Webb,
2115 3721 282 48 Rochester,

450 3798 56 42 N.
534 3798 53 39 Y.
655 3795 255 50 (37-2500)

376 3901 216 65 Welty,
619 3901 331 56 Eberhard.

448 3978 435 54 Gemeinschaft
930 3979 116 52 und
1096 3977 408 55 einzelmensch;
1588 3977 122 54 eine
1759 3972 634 71 sozialmetaphysische

419 4058 405 66 untersuchung,
877 4074 110 37 von
1045 4056 301 55 Eberhard
1398 4056 210 66 Welty.
1702 4053 328 56 Bearbeitet
2082 4053 147 53 nach
2283 4051 108 54 den
