2519 4377
1320 4110 98 49 648

378 428 250 65 Wardle,
653 430 224 54 Robert
904 430 243 66 Arnold,
1176 437 172 51 1890-

447 503 1937 80 General entomology, by Robert A. Wardle … ninety-six
374 580 397 58 illustrations.
860 584 429 71 Philadelphia,
1343 588 64 51 P.
1464 587 351 55 Blakiston’s
1870 606 102 37 son
2026 591 46 51 &
2124 609 99 50 co.,
2275 590 108 56 inc.

395 667 20 22 [c
419 665 154 66 1936]

445 765 81 48 vii,
556 764 86 41 311
674 775 43 38 p.
780 763 129 43 illus.
967 764 58 41 22
1029 768 44 21 cm
1076 799 9 9 .

374 850 53 54 ©
454 856 115 47 May
595 854 70 43 13,
694 853 117 41 1936
826 864 9 36 ;
865 855 67 40 2c.
961 856 95 39 and
1082 855 82 40 aff.
1194 856 113 47 May
1334 856 82 46 14;
1446 856 43 39 A
1514 856 171 48 95166;
1717 858 50 41 P.
1796 858 300 42 Blakiston’s
2125 870 85 30 son
2239 861 35 39 &
2302 871 83 38 co.,

448 911 90 41 inc.
606 910 283 49 (36-10680)

372 1012 398 67 Washington
803 1015 219 66 (State)
1107 1015 185 66 Laws,
1318 1020 257 62 statutes,
1602 1023 99 47 etc.

374 1091 1984 132 … Remington’s revised statutes of Washington. 1936 annual
548 1170 1834 72 pocket parts for volumes 1-12 … San Francisco, Ban
373 1249 457 66 croft-Whitney
856 1267 298 49 company,
1182 1253 150 50 1936.

443 1351 54 39 12
526 1363 43 28 v.
627 1350 60 40 22½
716 1353 45 21 cm
767 1383 8 8 .

444 1436 156 42 These
630 1436 276 47 pamphlets
938 1446 83 30 are
1053 1437 52 38 to
1130 1435 57 40 be
1217 1435 138 40 fitted
1389 1435 102 41 into
1525 1437 82 40 the
1638 1437 197 48 pockets
1868 1440 52 38 at
1952 1439 82 39 the
2065 1439 123 40 back
2218 1437 56 42 of
2303 1441 82 40 the

373 1495 216 38 volumes
618 1493 53 39 of
698 1493 80 39 the
808 1494 72 38 set
908 1494 47 38 to
984 1491 159 41 which
1173 1492 114 48 they
1315 1493 185 47 belong.

373 1574 52 54 ©
457 1580 114 47 May
602 1578 69 46 15,
704 1576 113 42 1936
836 1588 9 37 ;
878 1576 68 42 2c.
975 1578 122 40 each
1129 1578 95 40 and
1256 1577 82 41 aff.
1371 1577 125 41 June
1528 1578 25 40 5
1571 1588 9 37 ;
1614 1578 40 40 A
1686 1577 143 43 95571
1849 1590 8 37 ;
1893 1580 491 51 Bancroft-Whitney

442 1647 66 29 co.

373 1738 199 64 Webb,
597 1738 263 54 Thomas
882 1737 317 63 Jefferson,
1229 1743 172 50 1900-

370 1813 2012 149 … Elementary principles in physical chemistry; with special reference to the state of equilibrium in a chemical reaction
370 1973 114 53 and
517 1978 62 49 to
611 1973 99 53 the
743 1976 121 49 rate
899 1971 65 54 of
998 1972 342 53 attainment
1376 1970 66 55 of
1476 1972 96 53 the
1605 1977 143 48 state
1786 1971 65 54 of
1887 1970 384 73 equilibrium,
2306 1973 77 70 by

371 2049 2009 73 T. J. Webb … New York, London, D. Appleton-Century
368 2130 947 71 company, incorporated [ c 1936]
442 2229 1938 55 1 p. l. , v-x, 344 p. diagrs. 23 cm . (The Century chemistry series.
369 2293 167 42 James
565 2274 227 64 Kendall,
823 2291 182 48 editor)

371 2380 52 53 ©
451 2385 114 46 May
592 2383 40 47 8,
660 2381 118 41 1936
793 2392 8 35 ;
830 2380 68 40 2c.
926 2382 115 46 May
1068 2381 54 39 13
1142 2391 8 29 :
1182 2379 81 41 aff.
1294 2380 114 47 May
1435 2380 55 39 14
1508 2390 9 37 ;
1548 2380 40 39 A
1614 2379 145 40 94422
1778 2391 8 36 ;
1817 2380 58 41 D.
1903 2381 479 48 Appleton-Century

440 2451 81 37 co.,
546 2440 91 40 inc.
701 2437 282 49 (36-10679)

369 2544 313 63 Wesleyan
716 2539 354 65 university,
1101 2540 398 65 Middletown,
1534 2540 177 53 Conn.
1786 2541 266 67 Library.

438 2621 215 53 Robert
698 2620 47 51 F
751 2623 136 63 rost,
930 2638 30 33 a
1004 2617 425 69 chronological
1471 2635 207 51 survey
1720 2617 284 68 compiled
2048 2617 60 53 in
369 2636 1992 118 connection
519 2699 142 53 with
690 2716 72 33 an
792 2695 222 54 exhibit
1040 2696 64 54 of
1131 2697 90 52 his
1250 2696 161 52 work
1438 2702 61 46 at
1525 2696 99 52 the
1653 2695 138 56 Olin
1820 2696 298 53 memorial
2144 2696 238 70 library,

367 2780 304 60 Wesleyan
719 2776 337 64 university,
1104 2775 175 65 April
1330 2779 151 49 1936.
1564 2775 399 65 Middletown,
2014 2775 199 65 Conn.,
2260 2777 124 53 The

368 2859 266 68 Library,
668 2860 151 51 1936.

440 2956 1361 54 2 p. l. , 7-58 p., 1 l. incl. front, (port.) illus. 24 cm .
440 3047 71 40 On
541 3056 142 30 cover
702 3055 8 29 :
743 3044 182 40 Robert
956 3044 157 47 Frost,
1145 3054 26 29 a
1202 3052 177 38 survey
1410 3042 51 40 of
1491 3042 80 41 his
1598 3042 150 41 work.

441 3098 1940 51 “Printed by James D. Young, Middletown, Connecticut … Two
370 3161 221 40 hundred
617 3160 96 39 and
738 3158 112 47 fifty
876 3156 159 49 copies
1071 3157 119 48 (two
1217 3156 224 40 hundred
1467 3157 96 39 and
1589 3155 300 48 twenty-five
1913 3155 160 49 copies
2099 3167 60 29 on
369 3156 1991 102 Strathmore
540 3216 276 41 Reedmark
855 3224 151 38 paper
1043 3215 95 38 and
1179 3213 297 47 twenty-five
1516 3212 159 49 copies
1717 3223 60 29 on
1816 3211 246 42 Fabriano
2104 3213 274 40 handmade

367 3276 174 47 paper)
578 3274 51 40 of
659 3274 158 39 which
848 3271 99 41 this
976 3272 42 39 is
1047 3281 75 30 no.
1154 3270 69 41 12.”

436 3332 51 39 L.
518 3332 56 39 R.
604 3331 291 46 Thompson,
926 3327 244 49 compiler,
1229 3327 61 48 cf.
1322 3338 42 37 p.
1397 3326 70 41 14.

369 3412 53 53 ©
444 3416 113 49 Apr.
581 3415 69 49 26,
675 3414 140 47 1936;
841 3414 66 40 2c.
933 3415 115 46 May
1068 3414 27 38 4
1114 3423 8 36 ;
1149 3412 82 40 aff.
1258 3413 113 47 May
1396 3412 52 41 2:
1475 3412 40 39 A
1539 3410 170 48 93956;
1738 3411 259 48 Wesleyan
2022 3409 129 42 univ.
2177 3409 199 48 library.

448 3473 281 47 (36-10568)

369 3577 344 64 Wilkinson,
740 3575 146 54 Paul
913 3575 72 54 H.

435 3654 192 52 Diesel
660 3651 243 54 aircraft
935 3650 246 69 engines.
1254 3652 133 49 1936
1419 3649 85 53 ed.
1571 3647 214 54 Edited
1819 3648 110 53 and
1966 3646 302 70 published
2301 3646 74 67 by

361 3733 147 52 Paul
539 3733 77 51 H.
646 3730 346 55 Wilkinson.
1061 3728 315 69 Brooklyn,
1407 3728 69 52 N.
1512 3727 70 52 Y.
1622 3730 172 65 [1936]

435 3821 99 47 157,
567 3821 55 49 [1]
652 3831 45 37 p.
754 3819 145 46 illus.,
928 3819 181 48 diagrs.
1166 3817 56 41 26
1224 3820 43 21 cm
1275 3850 8 8 .

438 3906 226 39 Includes
695 3902 305 50 advertising
1028 3905 195 39 matter.

368 3985 53 54 ©
464 3991 120 39 Mar.
626 3990 71 46 21,
740 3989 140 43 1936;
924 3989 67 40 2c.
1036 3990 94 38 and
1172 3988 82 40 aff.
1300 3989 121 39 Mar.
1464 3987 82 47 24;
1592 3987 38 39 A
1670 3985 171 47 93325;
1888 3986 50 40 P.
1981 3986 60 39 H.
2085 3984 286 48 Wilkinson,

438 4047 261 47 Brooklyn.
767 4045 281 49 (36-10557)
