2519 4377
1243 4099 135 51 1988

314 399 205 65 Sachs,
550 400 231 52 Hanns.

386 478 113 51 Zur
551 476 576 54 menschenkenntnis;
1211 479 91 51 ein
1355 478 604 68 psychoanalytischer
2014 478 323 70 Wegweiser

315 556 102 51 für
463 555 111 53 den
619 574 260 48 Umgang
921 556 107 55 mit
1073 557 120 51 sich
1242 557 118 52 und
1409 558 268 64 anderen,
1726 575 110 36 von
1885 559 208 52 Hanns
2143 558 193 56 Sachs.

313 636 185 53 Wien,
530 634 491 54 Internationaler
1053 635 604 68 psychoanalytischer
1688 637 202 68 verlag
1923 640 175 65 [1936]

388 720 101 49 122,
521 720 54 51 [2]
602 731 43 38 p.
706 719 56 41 16½cm.

316 788 2006 109 © Jan. 1, 1936; 1c. Mar. 19; A -Foreign 30964; Internationaler psychoanalytischer verlag
312 956 225 66 Sadler,
569 955 258 57 William
858 956 258 64 Samuel,
1148 959 173 55 1875-

381 1033 231 70 Theory
643 1034 114 54 and
786 1034 253 70 practice
1068 1034 64 54 of
1161 1035 357 69 psychiatry,
1546 1036 76 68 by
1652 1035 263 56 William
1946 1036 58 56 S.
2038 1036 203 56 Sadler
2275 1081 56 9 ...

313 1130 31 35 a
396 1110 355 72 psychiatric
800 1113 274 54 textbook
1125 1113 95 55 for
1270 1114 535 69 neuropsychiatrie
1853 1115 320 68 specialists
2225 1116 109 52 and

310 1194 233 67 general
585 1191 407 70 practitioners
1033 1191 64 56 of
1139 1191 308 68 medicine;
1492 1212 31 34 a
1564 1192 290 55 reference
1892 1193 310 53 handbook
2242 1193 96 54 for

314 1271 438 69 psychologists,
814 1271 375 69 sociologists,
1251 1276 243 64 pastors,
1556 1271 113 54 and
1730 1272 163 53 other
1953 1272 379 69 professional

312 1349 243 54 readers.
619 1349 84 56 St.
731 1349 195 69 Louis,
952 1349 124 55 The
1104 1349 63 57 C.
1195 1351 70 53 V.
1291 1350 208 70 Mosby
1527 1368 299 52 company,
1854 1353 151 51 1936.

382 1435 705 52 xxii p., 1 l., 1231 p. 26 cm .
383 1508 242 42 “General
655 1509 343 50 bibliography
1030 1510 51 41 of
1112 1509 316 51 psychiatry”;
1492 1521 44 39 p.
1570 1509 264 42 1157-1159;
1898 1509 351 44 “References”
2284 1515 52 39 at

309 1569 94 40 end
433 1568 51 42 of
511 1570 128 40 most
669 1568 52 41 of
748 1568 83 42 the
857 1569 245 50 chapters.

313 1636 54 54 ©
394 1641 130 39 June
547 1639 69 44 18,
644 1639 117 42 1936;
813 1639 68 41 2c.
908 1641 113 41 Dec.
1050 1641 55 38 17;
1163 1641 82 40 aff.
1273 1641 113 39 Dec.
1414 1638 83 49 18;
1526 1641 41 38 A
1594 1639 202 48 101376;
1828 1640 49 42 C.
1906 1641 54 40 V.
1991 1641 170 47 Mosby
2189 1650 66 30 co.

396 1697 223 49 (37-772)

312 1803 306 65 Schilling,
649 1802 330 57 Friedrich.

384 1883 108 51 Die
535 1882 429 66 pseudosphäre
1005 1881 119 52 und
1168 1880 90 53 die
1299 1880 515 54 nichteuklidische
1856 1882 326 67 geometrie,
2225 1898 112 37 von

313 1962 83 51 dr.
431 1960 303 52 Friedrich
771 1958 301 70 Schilling.
1145 1963 132 50 1.-2.
1312 1966 39 46 t.
1420 1963 47 48 2.
1500 1959 316 53 erweiterte
1848 1960 130 53 aufl.
2047 1958 116 55 Mit
313 1960 1999 131 figuren
437 2041 79 50 im
543 2045 137 47 text.
758 2040 260 66 Leipzig,
1044 2041 66 52 B.
1138 2039 68 54 G.
1236 2038 263 53 Teubner
1531 2041 173 65 [1935]

384 2126 26 38 2
440 2138 42 28 V.
511 2126 51 39 in
589 2126 39 39 1.
758 2158 8 16 pl.,
795 2126 181 47 diagrs.
1034 2125 57 39 24
1094 2128 44 21 cm
1144 2158 7 7 .

386 2198 163 47 Paged
578 2196 358 49 continuously.

314 2267 1821 53 © Feb. 28, 1935; 1c. July 10; A-Foreign 31835; B. G. Teubner.
312 2392 288 63 Sheckell,
625 2391 263 54 Thomas
965 2433 14 13 O.

383 2471 199 64 Trees;
625 2489 30 33 a
692 2470 271 67 pictorial
999 2469 226 54 volume
1261 2468 95 53 for
1391 2468 187 53 lovers
1614 2467 65 54 of
1715 2473 221 63 nature,
1974 2469 75 67 by
2085 2469 250 52 Thomas

313 2549 68 55 O.
417 2548 280 56 Sheckell.
775 2549 140 52 New
946 2547 182 66 York,
1161 2545 313 55 Frederick
1504 2547 72 53 A.
1613 2546 203 56 Stokes
1848 2564 300 51 company,
2182 2550 149 51 1936.

386 2627 115 51 [174]
534 2638 45 38 p.
640 2626 131 41 illus.
831 2626 57 40 25½
922 2627 46 23 cm
969 2658 10 9 .

314 2693 53 54 ©
398 2698 120 40 Nov.
553 2696 68 43 19,
654 2695 117 40 1936;
833 2694 68 42 2c.
933 2695 98 40 and
1060 2694 84 41 aff.
1178 2696 119 39 Nov.
1332 2694 56 38 21;
1454 2696 39 37 A
1527 2693 174 41 101007;
1765 2695 52 40 T.
1852 2695 52 43 O.
1943 2695 236 49 Sheckell,
2216 2697 121 38 East

386 2755 206 47 Orange,
619 2754 57 40 N.
706 2754 43 39 J.
816 2751 225 50 (37-660)

310 2857 294 67 Sheffield,
630 2859 268 53 Herman
922 2858 288 63 Bernard,
1238 2859 173 55 1871-

382 2937 210 69 Lights
641 2937 116 53 and
807 2935 279 68 shadows,
1134 2935 75 53 by
1261 2934 260 54 Herman
1570 2934 68 54 B.
1691 2932 266 57 Sheffield
2015 2978 57 10 ...
2192 2933 139 55 [New

316 3016 180 57 York,
533 3015 71 53 A.
647 3012 283 69 Sheffield,
969 3021 18 21 c
992 3015 153 66 1936]

383 3087 26 41 3
436 3098 43 37 p.
508 3087 45 48 l.,
583 3085 119 41 5-60
726 3097 43 37 p.
830 3085 57 40 22½
920 3087 45 22 cm
970 3118 8 8 .

384 3158 186 40 Poems.

312 3228 55 53 ©
398 3233 119 39 Nov.
550 3231 70 48 13,
652 3230 143 48 1936;
830 3230 67 39 2c.
935 3240 25 29 and
1064 3230 82 40 aff.
1179 3231 117 37 Nov.
1328 3229 82 42 19;
1448 3230 40 38 A
1519 3227 174 41 100828;
1758 3229 58 38 H.
1853 3230 53 39 B.
1945 3228 238 47 Sheffield,
2217 3229 117 39 New

385 3290 145 39 York.
599 3287 225 50 (37-748)

312 3395 317 64 Simmons,
655 3393 213 54 Albert
894 3392 213 56 Dixon.

383 3470 179 70 Wing
594 3470 186 67 shots;
820 3488 31 34 a
891 3470 170 52 series
1100 3467 64 53 of
1201 3486 221 34 camera
1461 3467 214 54 studies
1714 3466 64 54 of
1818 3465 310 54 American
2167 3483 163 53 game

316 3549 157 55 birds
514 3550 114 53 and
674 3549 164 54 other
878 3548 160 53 birds
1082 3547 65 53 of
1189 3546 134 54 field
1367 3547 114 53 and
1527 3551 210 48 stream
1780 3564 73 34 on
1896 3545 99 55 the
2040 3545 174 70 wing,
2255 3543 76 72 by

314 3627 206 54 Albert
566 3627 197 53 Dixon
816 3625 304 56 Simmons.
1206 3625 141 52 New
1395 3624 182 68 York,
1626 3623 122 53 The
1799 3624 325 69 Derrydale
2174 3641 158 51 press

317 3739 14 33 [
334 3711 19 22 c
359 3709 154 65 1936]

383 3776 870 51 6 p. l., 85 pl. incl. front. 28½ cm .
387 3849 153 41 “Nine
582 3850 224 39 hundred
852 3850 95 39 and
993 3848 110 47 fifty
1149 3847 264 40 numbered
1457 3845 161 48 copies
1666 3877 45 9 ...
1759 3847 125 41 have
1928 3845 120 40 been
2091 3844 237 49 printed.”

312 3905 123 42 This
461 3916 119 38 copy
605 3907 87 40 not
715 3905 281 41 numbered.

316 3975 52 53 ©
398 3979 102 40 Oct.
529 3979 69 46 17,
627 3977 143 49 1936;
800 3977 68 41 2c.
898 3979 117 38 Nov.
1040 3977 27 40 9;
1125 3977 82 41 aff.
1237 3977 102 41 Oct.
1370 3975 83 48 29;
1486 3977 42 38 A
1553 3974 146 40 99943;
1761 3975 270 47 Derrydale
2059 3983 150 40 press,
2240 3972 91 42 inc.

401 4034 222 36 (37—804)
