2519 4377
1080 4075 61 48 53

185 514 733 49 5 p. l., 346 numb. 1. 28½ cm .
185 573 65 40 At
273 574 125 39 head
423 573 51 39 of
501 572 133 40 title:
666 571 182 40 Second
876 571 453 47 edition-January,
1359 570 128 41 1936.

185 628 408 49 Mimeographed.

116 685 52 52 ©
197 690 109 39 Jan.
335 689 69 45 24,
433 689 113 39 1936;
605 690 67 38 2c.
700 689 94 39 and
824 688 82 40 aff.
936 689 110 39 Jan.
1076 688 82 46 29;
1192 688 42 39 A
1261 686 170 48 91529;
1465 688 271 40 Industrial
1767 689 188 40 alcohol
189 687 1916 106 institute,
339 746 90 40 inc.
499 745 251 48 (36-2346)

119 834 333 65 Markham,
482 835 209 64 Virgil,
725 840 171 49 1899-

189 914 120 51 The
338 912 206 68 deadly
573 912 127 68 jest,
728 912 74 68 by
831 911 193 69 Virgil
1053 911 323 53 Markham.
1441 911 260 67 London,
1727 913 144 53 Pub.
1902 912 95 53 for
2027 913 95 53 the

120 990 191 55 Crime
338 991 127 52 club
496 990 76 68 by
601 991 219 54 Collins
856 1025 13 33 [
874 997 17 21 c
896 994 134 49 1935
1036 1024 13 33 ]

189 1065 86 40 284
304 1075 43 37 p.
407 1063 56 40 19
466 1066 43 21 cm
513 1095 9 9 .

116 1118 2006 52 © 1c. Jan. 4, 1936; A ad int. 21022; pubd. Nov. 4, 1935; V. Markham,
184 1180 116 38 New
333 1179 143 39 York.
548 1177 252 49 (36-1549)

117 1267 217 64 Mikell,
365 1267 252 55 William
648 1267 305 64 Ephraim,
986 1273 170 50 1868-

188 1343 169 55 Cases
385 1362 71 35 on
481 1344 265 52 criminal
772 1344 329 68 procedure,
1127 1343 238 53 selected
1391 1342 156 53 from
1570 1341 277 55 decisions

115 1343 2005 147 of English and American courts, by William E. Mikell … 3d ed.
118 1499 83 55 St.
230 1501 165 68 Paul,
421 1501 159 54 West
608 1500 338 69 publishing
970 1518 98 50 co.,
1099 1503 150 50 1935.

189 1587 46 38 x,
273 1576 85 42 303
396 1587 44 39 p.
501 1575 53 42 25
559 1578 43 20 cm
607 1607 9 9 .
693 1575 282 50 (American
1013 1576 236 41 casebook
1286 1575 177 50 series;
1506 1577 71 41 W.
1616 1577 56 40 R.
1711 1576 176 49 Vance,
1926 1578 197 49 general

117 1632 180 49 editor)

116 1688 52 53 ©
198 1693 110 39 Dec.
339 1693 40 46 2,
411 1691 140 48 1935;
584 1692 65 40 2c.
683 1693 109 39 Jan.
825 1693 67 46 18,
925 1691 139 42 1936;
1100 1692 80 40 aff.
1213 1692 110 40 Jan.
1355 1691 82 41 20:
1471 1693 43 38 A
1542 1691 170 48 91353;
1748 1694 139 39 West;
1914 1694 110 47 pub.
2055 1705 68 29 co.

195 1748 250 48 (36-2345)

117 1839 258 65 Milsten,
407 1841 191 52 David
630 1840 329 64 Randolph.

187 1915 95 52 An
309 1915 387 68 appreciation
723 1915 62 53 of
810 1916 141 53 Will
977 1916 233 68 Rogers,
1237 1916 73 68 by
1338 1915 192 54 David
1555 1914 310 70 Randolph
1889 1915 231 54 Milsten

181 1992 1940 70 … introduction by Tom Mix; sketches by Ralph Pereida.
119 2069 116 55 San
273 2070 269 68 Antonio,
580 2071 155 68 Tex.,
771 2071 121 53 The
929 2070 218 68 Naylor
1185 2088 294 50 company,
1520 2073 148 50 1935.

186 2141 1382 50 xviii p., 2 l., 258 p. front., illus., plates, ports. 22 cm.
115 2197 2007 53 © Dec. 20, 1935; 2c. and aff. Jan. 18, 1936; A 90858; D. R. Milsten,
183 2260 163 48 Tulsa,
383 2260 104 40 Okl.
561 2260 251 48 (36-1720)

141 2348 282 65 [Mitchell,
453 2349 222 64 Gladys]
731 2355 168 49 1901-

188 2426 279 55 Gabriel’s
489 2427 155 67 hold,
668 2427 75 67 by
769 2426 251 69 Stephen
1045 2426 281 69 Hockaby
1356 2427 233 67 [pseud.]
1653 2427 260 67 London,
116 2427 1980 131 Grayson
245 2509 44 49 &
316 2505 263 67 Grayson
772 2538 12 34 [1935]

189 2577 281 48 288 p. 19 cm.
115 2631 2006 53 © 1c. Jan. 9, 1936; A ad int. 21007; pubd. Nov. 12:, 1935; G. Mitchell,
184 2692 212 40 London.
470 2692 251 48 (36-1547)

118 2781 252 66 Morton,
401 2783 154 53 John
585 2783 316 64 Bingham,
934 2788 171 50 1893-

187 2859 110 53 Mr.
331 2859 199 53 Thake
561 2860 108 52 and
707 2859 93 53 the
836 2859 195 68 ladies,
1064 2858 74 70 by
1171 2859 55 54 J.
1262 2860 67 52 B.
1363 2859 232 53 Morton
1641 2857 479 71 (‘Beachcomber’

116 2937 2002 70 of the Daily express) … illustrated by Adam Horne. London
123 3021 138 62 [etc.]
293 3018 57 53 J.
383 3016 155 69 Cape
734 3050 13 33 [1935]

184 3091 100 47 213,
317 3092 54 48 [1]
403 3102 42 37 p.
474 3091 110 40 incl.
615 3092 165 45 front.,
810 3092 128 39 illus.
997 3090 59 40 20
1056 3093 43 20 cm
1105 3123 9 7 .

116 3143 2005 53 © 1c. Jan. 16, 1936; A ad int. 21030; pubd. Nov. 18, 1935; John Cameron
183 3205 215 39 Andrieu
429 3206 239 46 Bingham
700 3207 205 40 Morton,
934 3205 210 39 London.
1214 3204 251 51 (36-1743)

118 3293 241 65 Mundy,
386 3294 221 55 Lionel.

189 3370 114 52 For
335 3371 95 52 the
463 3372 124 50 love
620 3370 65 54 of
717 3370 176 67 Mike,
924 3370 75 68 by
1032 3370 200 52 Lionel
1266 3370 240 68 Mundy.
1577 3370 259 58 London,
1870 3370 77 52 H.
116 3369 1979 132 Jenkins
272 3449 224 52 limited
691 3481 13 34 [1935]

186 3522 84 41 310
300 3533 41 38 p.
401 3523 55 40 19
459 3525 43 22 cm
507 3556 9 7 .

115 3575 2000 54 © 1c. Jan. 10. 1936; A ad int. 21011; pubd. Nov. 22, 1935; L. Mundy,
184 3636 210 40 London.
464 3638 250 46 (36-1744)

116 3711 144 53 New
287 3713 161 52 York
476 3717 161 49 trust
667 3730 304 47 company.

187 3793 132 49 1935
354 3793 387 52 amendments
778 3792 272 70 affecting
1084 3794 164 68 wills,
1282 3799 176 48 trusts
1492 3792 112 53 and
1641 3796 204 48 estates
1878 3792 61 52 in
1975 3790 137 53 New

117 3867 177 68 York,
322 3869 296 69 including
647 3872 390 52 amendments
1063 3871 202 69 passed
1293 3876 61 48 at
1382 3871 97 53 the
1509 3873 138 50 1934
1674 3869 438 68 extraordinary

115 3944 208 54 session
354 3946 63 52 of
448 3947 95 53 the
574 3948 376 68 Legislature,
981 3949 96 52 the
1109 3949 219 68 Report
1362 3948 64 53 of
1459 3949 95 53 the
1585 3948 347 69 Legislative
