2519 4377
1031 4098 96 49 961

88 455 221 63 Allard,
336 455 162 55 Paul.

223 525 1780 65 … La guerre des espions. [Paris] E. Flammarion [ c 1936 ]
159 599 459 50 246 p., 2 l. 19 cm .
89 655 1992 54 © Jan. 16, 1936; 1c. Feb. 7; A- Foreign 30262; Ernest Flammarion.
169 715 277 48 (36-16496)

86 804 245 63 Archer,
360 804 247 54 Gleason
636 804 285 63 Leonard,
952 808 170 50 1880-

157 878 1860 70 With axe and musket at Plymouth, by Gleason L. Archer …
87 960 139 53 New
252 958 178 68 York,
458 960 119 52 The
603 957 307 55 American
938 957 291 54 historical
1259 958 227 66 society,
1513 955 126 68 inc.,
1667 959 149 51 1936.

158 1032 86 42 305
272 1043 42 38 p.
373 1032 163 49 front.,
566 1033 170 47 plates.
796 1031 56 41 27½
884 1033 44 22 cm
934 1064 9 9 .

162 1088 129 40 “The
327 1089 195 46 present
557 1088 203 48 volume,
798 1088 98 40 like
935 1086 65 41 its
1038 1087 321 48 predecessor,
1399 1085 295 49 ‘Mayflower
1731 1085 199 49 heroes’,
1968 1096 112 39 may

92 1146 57 40 be
184 1145 106 41 said
328 1146 48 39 to
413 1145 122 40 have
574 1144 273 48 originated
882 1144 49 40 in
967 1145 84 39 the
1086 1143 87 48 air,
1211 1144 82 40 the
1331 1145 107 39 text
1471 1143 79 40 for
1587 1143 120 40 each
1742 1141 182 50 having
1956 1143 120 40 been

90 1199 1991 50 prepared by the author for delivery over the radio … During the past
90 1256 1988 51 year ‘Americana’, the official magazine of the … [American historical]
90 1314 182 49 society
294 1315 89 41 has
407 1314 191 41 carried
624 1315 84 40 the
731 1316 134 46 story
890 1324 54 31 as
970 1324 26 30 a
1024 1313 383 43 serial.”—Pref.

162 1371 160 42 “First
353 1371 257 49 printing.”

88 1425 52 52 ©
173 1430 116 46 July
321 1429 69 47 12,
424 1428 140 47 1936;
599 1429 67 39 2c.
702 1428 114 48 July
850 1429 81 46 15;
968 1427 81 42 aff.
1082 1427 115 48 July
1231 1428 81 47 23;
1351 1427 40 40 A
1425 1427 170 49 96602;
1632 1427 159 42 Amer.
1826 1425 255 42 historical

157 1495 106 39 soc.,
293 1485 91 41 inc.
451 1484 280 48 (36-16532)

86 1573 251 66 Autran,
366 1574 261 64 Charles,
658 1574 168 56 1879-

89 1649 1994 148 … Mithra, Zoroastre et la préhistoire aryenne du christianisme. Avec vingt-trois illustrations hors texte. Paris, Payot,
91 1810 148 49 1935.

160 1879 1749 50 2 p. l., [7]-279 p. 8 pl. on 4 l. 22½ cm . (Bibliothèque historique)
87 1932 1708 54 © Oct. 4, 1935 ; 1c. Feb. 17, 1936 ; A- Foreign 30501 ; Payot.
168 1993 279 48 (36-16206)

86 2082 314 65 Barradas,
430 2081 231 56 Gerald.

91 2156 1964 148 The economic organism, by Gerald Barradas … [San Francisco, Hooper printing company, c 1936]
158 2305 1312 50 ix, 90 p., 91-93 numb. l. incl. fold, diagrs. 23cm.
158 2363 114 40 Two
303 2363 50 39 of
383 2364 81 39 the
494 2364 246 47 diagrams
771 2365 124 38 have
925 2364 290 47 descriptive
1246 2365 295 47 letterpress.

158 2418 1919 51 “A limited edition of three hundred copies … has been printed for
88 2476 188 46 private
312 2475 284 41 circulation
636 2486 175 38 among
844 2475 323 47 universities,
1206 2478 288 40 economists
1533 2479 95 40 and
1664 2478 296 49 publicists.”

85 2530 52 54 ©
161 2536 112 46 May
295 2535 69 48 30,
388 2535 140 48 1936;
552 2535 66 40 2c.
643 2535 96 39 and
763 2535 81 41 aff.
865 2536 126 39 June
1014 2536 25 40 5
1058 2546 8 36 ;
1093 2536 41 39 A
1156 2536 142 40 94753
1317 2546 8 36 ;
1352 2537 237 39 Matthew
1613 2536 180 41 Gerald
1816 2537 265 48 Barradas,

159 2592 96 39 San
280 2591 233 49 Leandro,
540 2590 145 43 Calif.
749 2591 278 49 (36-16487)

87 2681 209 65 Barry,
326 2682 216 55 Frank.

157 2757 121 53 The
318 2757 146 53 book
501 2757 65 54 of
604 2757 118 68 fire,
761 2757 74 68 by
875 2757 197 53 Frank
1111 2758 205 68 Barry.
1397 2756 290 71 [Chicago,
1724 2757 241 54 Printed
2007 2758 76 69 by

88 2836 265 52 Barnard
381 2838 45 50 &
453 2836 212 68 Miller,
692 2845 18 22 c
717 2839 150 64 1936]

158 2911 86 39 122
273 2921 42 38 p.
373 2909 145 41 19½cm.

88 2962 52 54 ©
168 2968 124 39 June
322 2966 67 48 29,
421 2966 139 46 1936;
592 2967 68 40 2c.
691 2967 95 39 and
814 2966 81 40 aff.
927 2966 116 47 July
1074 2967 52 46 6;
1159 2967 41 39 A
1225 2966 170 47 95911;
1429 2965 51 42 F.
1512 2968 173 47 Barry,
1716 2966 223 48 Chicago.

168 3022 277 48 (36-16330)

88 3111 236 65 Batten,
352 3112 199 63 Harry
576 3107 328 67 Mortimer,
933 3117 170 50 1888-

160 3186 303 69 Starlight,
489 3187 76 67 by
596 3187 77 53 H.
705 3186 301 53 Mortimer
1033 3187 227 52 Batten.
1336 3186 136 53 New
1506 3185 179 69 York,
1714 3186 261 68 London,
2005 3188 71 52 D.

89 3262 536 64 Appleton-Century
699 3281 296 45 company,
1029 3264 417 62 incorporated,
1481 3266 147 50 1936.

159 3334 467 48 3 p. l. , 241 p. 20cm
90 3388 53 53 ©
177 3393 115 47 July
324 3393 70 48 24,
429 3393 140 47 1936;
606 3394 68 39 2c.
707 3393 94 39 and
838 3393 82 42 aff.
958 3393 116 48 July
1108 3393 83 47 25;
1228 3393 40 40 A
1304 3392 171 49 96629;
1513 3394 56 41 D.
1606 3394 476 48 Appleton-Century

159 3460 81 37 co.,
267 3449 90 41 inc.
422 3449 278 48 (36-16500)

89 3537 233 64 Belash,
350 3539 388 54 Constantine
764 3538 72 56 A.

222 3615 1856 69 … Braiding and knotting for amateurs, by Constantine A.
94 3692 1987 69 Belash … issued in co-operation with the Fellowcraf ters guild,
92 3768 223 53 affiliate
370 3769 63 53 of
488 3771 213 53 Boston
758 3771 316 67 university
1092 3789 10 48 ;
1158 3770 379 53 illustrations
1588 3770 78 67 by
1719 3769 236 56 Charles
2013 3771 66 51 E.

91 3845 209 67 White,
339 3846 70 68 jr.
487 3848 232 67 Boston,
757 3848 189 68 Mass.,
985 3848 121 53 The
1144 3850 225 51 Beacon
1409 3866 174 50 press,
1620 3847 128 67 inc.,
1787 3850 151 50 1936.

162 3918 87 40 viii
275 3930 58 37 p.,
363 3920 25 39 1
453 3951 8 15 l.,
491 3919 83 41 126
601 3932 44 36 p.
704 3921 128 41 illus.
890 3921 144 41 19½cm.
1103 3921 124 47 (The
1255 3921 189 41 Beacon
1474 3920 285 42 handicraft
1786 3921 174 48 series)

93 3969 52 54 ©
178 3975 115 46 July
326 3976 38 46 6,
399 3976 139 46 1936;
575 3977 66 41 2c.
676 3977 95 39 and
806 3977 81 41 aff.
921 3978 79 40 July
1072 3980 52 39 8;
1161 3979 41 39 A
1232 3977 169 48 95949;
1440 3979 189 40 Beacon
1662 3987 150 38 press,
1847 3978 90 39 inc.

173 4030 277 51 (36-16355)
