2519 4377
1364 4133 100 49 298

459 550 1003 49 4 p. l. , 184 p. front, (port.) 19 ½ cm .
462 621 163 42 “First
662 622 228 41 edition.”

389 692 54 54 ©
472 698 121 39 Mar.
620 696 71 48 12,
749 697 112 46 1936;
893 697 66 40 2c.
991 698 95 38 and
1117 697 82 41 aiï.
1231 698 122 41 Mar.
1385 698 53 41 18
1458 709 7 32 ;
1498 699 39 39 A
1567 699 172 46 93333;
1772 699 56 40 N.
1860 699 222 48 Beasley,
2113 700 118 39 New
2261 700 146 41 York.

470 755 253 47 (36-7755)

390 874 248 64 Beeson,
668 876 138 52 Mrs.
836 874 175 53 Leola
1043 875 298 64 (Selman)

468 963 218 72 Sidney
725 965 215 54 Lanier
974 970 61 48 at
1073 963 359 72 Oglethorpe
1468 964 339 72 university,
1845 966 76 69 by
1960 966 176 54 Leola
2178 966 230 57 Selman

396 1045 2015 70 Beeson; introduction by Mrs. John W. Daniel … Macon, Ga.,
395 1124 124 54 The
548 1125 56 54 J.
634 1125 91 54 W.
757 1124 195 54 Burke
983 1142 300 52 company,
1315 1129 150 49 1936.

468 1215 58 40 10
549 1226 40 37 p.
656 1245 9 17 l.,
696 1214 53 40 61
780 1225 42 37 p.
853 1213 111 41 incl.
992 1214 151 41 front,
1173 1213 173 50 (port.)
1384 1214 128 41 illus.
1543 1215 135 48 (incl.
1708 1215 152 50 map.)
1928 1216 56 41 23½
2017 1219 45 21 cm
2068 1249 9 10 .

470 1284 1941 53 “Of this first edition … one-hundred and fifty copies have been
396 1341 238 51 printed.”

394 1411 52 53 ©
479 1415 109 40 Feb.
622 1415 70 47 18,
725 1413 141 47 1936;
901 1414 67 39 2c.
1001 1414 95 40 and
1129 1413 83 41 aff.
1246 1415 122 40 Mar.
1401 1415 52 44 6;
1488 1415 40 39 A
1560 1415 173 46 92111;
1768 1415 51 41 L.
1855 1416 44 41 S.
1930 1417 201 48 Beeson,
466 1416 1928 103 Milledgeville,

622 1472 86 40 Ga.
773 1471 253 49 (36-7691)

395 1590 375 54 Borenstein.
799 1590 257 54 Samuel.
1090 1595 170 49 1886-

397 1681 1881 90 … פון ווייטע וועלט־טיילן. קינדער מייסעלעך. שיק אַ ג אׇ ,
1491 1779 926 104 איל., פארל אַ ג מ. צעשינסקי.
465 1916 27 41 7
515 1928 45 38 p.
621 1948 8 15 l.,
663 1915 219 53 [13]-214,
913 1915 56 51 [2]
996 1926 42 38 p.
1066 1916 110 41 incl.
1202 1915 170 49 plates,
1397 1917 152 46 ports.
1608 1914 57 41 23½
1699 1917 45 23 cm
1747 1947 10 9 .

467 1974 170 42 Added
679 1977 98 45 t.-p.
796 1984 9 30 :
850 1974 145 40 From
1033 1973 82 41 far
1156 1973 302 47 continents;
1501 1974 178 40 stories
1719 1973 78 41 for
1836 1974 234 50 children,
2111 1975 62 48 by
2218 1975 192 43 Samuel

399 2031 303 39 Borenstein.
764 2031 225 39 Chicago.
1023 2031 75 39 Ill.,
1145 2031 62 39 M.
1240 2030 285 40 Ceshinsky.
1560 2030 129 40 1936.

465 2088 1210 53 Author’s name ס.ב אׇ רענשטיין at head of title.
467 2182 131 43 Title
635 2182 424 48 (transliterated)
1087 2192 9 29 :
1130 2182 106 40 Fun
1267 2181 141 42 weite
1436 2181 269 42 welt-teiln.

399 2254 55 54 ©
484 2260 110 39 Jan.
624 2258 71 48 25,
728 2257 141 46 1936;
902 2258 68 40 2c.
1004 2257 110 39 Feb.
1148 2257 81 46 10;
1264 2257 83 40 aff.
1381 2258 109 39 Feb.
1524 2258 52 46 8;
1611 2258 42 40 A
1683 2258 172 47 93199;
1894 2260 45 41 S.
1969 2260 305 51 Borenstein,
470 2263 1928 102 Chicago.
674 2315 253 49 (36-7769)

401 2434 234 64 Brown,
663 2434 246 64 Ashley,
939 2434 173 54 1887-

470 2526 180 53 Zaudi
692 2524 294 69 (Princess
1013 2523 66 54 of
1106 2523 341 69 Abyssinia)
1491 2524 72 67 by
1595 2525 89 53 W.
1718 2525 476 68 Ashley-Brown.
2271 2528 119 51 Lon­

401 2605 131 66 don,
559 2601 370 56 Hutchinson
955 2604 47 52 &
1025 2621 99 49 co.,
1149 2603 105 53 ltd.
1288 2605 172 65 [1936]

466 2692 90 42 288
584 2702 44 38 p.
689 2688 117 43 19cm.

470 2764 140 46 Maps
641 2772 61 30 on
733 2760 362 50 lining-papers.

403 2829 54 54 ©
491 2833 67 40 1c.
597 2833 112 39 Feb.
742 2831 70 46 27,
850 2830 141 47 1936;
1031 2831 41 39 A
1109 2832 61 39 ad
1207 2831 87 39 int.
1331 2830 171 46 2:1135;
1543 2830 143 48 pubd.
1724 2831 111 40 Jan.
1872 2830 53 47 2;
1966 2830 218 42 William
2222 2832 199 49 Ashley-

475 2892 193 45 Brown,
700 2890 177 47 Poona,
910 2888 157 41 India.
1135 2886 252 51 (36-7796)

404 3009 185 65 Bush,
620 3008 412 66 Christopher,
1066 3013 171 51 1885-

473 3099 242 53 Murder
748 3117 76 34 on
850 3098 306 69 Mondays,
1187 3097 75 69 by
1296 3096 379 69 Christopher
1709 3096 177 53 Bush.
1954 3097 139 53 New
2128 3097 181 68 York,
2339 3097 78 52 H.

401 3177 834 69 Holt and company [ c 1936]
472 3264 87 42 275
588 3276 46 38 p.
695 3264 57 41 19½
784 3266 16 21 cm
832 3295 9 8 .

478 3336 294 41 “Published
810 3336 50 40 in
895 3335 224 48 England
1159 3336 156 40 under
1351 3336 82 39 the
1471 3333 109 42 title
1615 3333 55 40 of
1705 3333 101 41 The
1845 3344 112 30 case
1994 3334 53 40 of
2085 3335 82 42 the
2205 3334 210 47 Monday

402 3393 269 42 murders.”

409 3463 54 54 ©
503 3469 122 38 Mar.
667 3467 69 48 26,
779 3466 114 41 1936
912 3477 8 31 ;
964 3466 65 40 2c.
1072 3467 96 39 and
1210 3466 83 40 aff.
1336 3467 122 39 Mar.
1499 3465 55 40 31
1573 3475 9 36 ;
1623 3465 43 40 A
1706 3463 145 42 93454
1869 3475 9 32 ;
1924 3466 50 40 C.
2018 3467 148 41 Bush,
2207 3465 213 41 London.

488 3524 253 48 (36-7722)

407 3627 227 66 Butler,
664 3627 257 64 Samuel,
954 3633 327 50 1835-1902.

479 3717 122 53 The
642 3736 128 51 way
812 3717 65 53 of
915 3718 77 52 all
1036 3717 156 68 flesh,
1233 3717 73 68 by
1352 3715 231 56 Samuel
1626 3714 231 68 Butler;
1905 3716 161 53 wood
2110 3715 193 54 blocks
2346 3715 74 67 by

407 3794 261 56 Howard
697 3795 217 56 Simon.
978 3796 138 53 New
1147 3795 180 68 York,
1356 3795 123 52 The
1506 3794 185 53 Three
1719 3792 179 55 sirens
1929 3811 176 51 press,
2135 3797 150 51 1935.

479 3881 27 41 3
533 3893 45 38 p.
602 3884 44 49 1.,
672 3881 88 41 423
785 3892 43 38 p.
889 3882 164 46 front.,
1081 3883 142 47 illus.,
1252 3882 171 48 plates.
1484 3879 56 41 21½
1574 3882 44 22 cm
1621 3911 9 9 .

409 3950 54 54 ©
494 3955 102 41 Oct.
629 3956 41 46 1,
701 3955 141 48 1935;
876 3956 68 40 2c.
978 3955 111 40 Feb.
1122 3956 38 47 7,
1194 3954 141 48 1936;
1370 3954 82 41 aff.
1486 3955 123 39 Mar.
1641 3954 53 46 5;
1730 3953 40 39 A
1801 3952 173 47 93027;
2007 3953 290 40 Illustrated
482 3952 1924 100 editions

653 4022 83 38 co.,
780 4012 104 48 inc.,
929 4013 116 38 New
1090 4012 143 40 York.
1310 4010 284 50 Copyright
1636 4011 40 39 is
1722 4010 205 40 claimed
1972 4020 60 29 on
2074 4007 346 49 illustrations]

490 4069 252 47 (36-7718)
