2519 4377
1086 4126 132 49 1439

137 474 254 67 Temple,
419 473 274 65 William,
758 474 89 65 abp.
877 474 64 65 of
969 474 178 61 York,
1178 476 168 50 1881-

214 566 168 53 Basic
413 563 367 67 convictions,
811 563 74 68 by
917 561 258 55 William
1207 561 252 67 Temple,
1494 559 340 66 archbishop
1868 558 63 53 of
1968 557 179 67 York,

143 645 137 52 with
309 663 71 35 an
408 643 389 52 introduction
825 642 74 66 by
926 641 221 66 George
1178 640 261 55 Stewart.
1503 640 137 51 New
1668 638 161 52 York
1857 639 109 51 and
141 638 1976 150 London,
300 722 234 66 Harper
562 722 44 50 &
634 719 275 67 brothers,
943 722 148 52 1936.

215 796 85 39 viii
331 807 57 36 p.,
421 796 20 38 1
500 826 8 8 l.,
558 794 50 38 81
643 805 41 37 p.
748 793 55 40 19
806 796 43 21 cm
855 825 8 8 .

218 851 160 39 “First
415 850 227 41 edition.”

140 904 2006 53 © Oct. 1, 1936: 2c. Sept. 30 : aff. Oct. 3; A 98775; Student volunteer
210 969 269 36 movement
508 964 78 39 for
615 964 191 45 foreign
835 962 238 43 missions,
1106 962 104 43 inc.,.
1241 963 115 39 New
1389 961 142 41 York.

220 1023 280 49 (36-22373)

138 1127 397 62 Tenenbaum,
567 1127 239 63 Joseph,
842 1128 170 52 1887-

213 1215 120 54 The
372 1215 182 55 riddle
593 1214 63 53 of
694 1234 247 44 woman;
982 1234 27 34 a
1052 1216 169 67 study
1262 1214 54 52 in
1355 1215 93 51 the
1485 1214 170 55 social
1697 1215 350 67 psychology
2084 1213 62 52 of

142 1293 2005 63 sex, by Dr. Joseph Tenenbaum … New York, L. Furman,
144 1373 101 54 inc.
285 1409 13 33 [
302 1380 18 22 c
326 1378 133 50 1936
466 1408 10 33 ]

215 1446 640 49 vii p., 1 l., 477 p. 22 cm .
142 1502 52 52 ©
223 1506 125 47 Sept.
377 1505 67 41 25,
474 1505 139 40 1936:
643 1505 66 38 2c.
738 1504 94 38 and
864 1504 81 40 aff.
977 1506 126 45 Sept.
1132 1504 81 40 29;
1244 1504 39 38 A
1310 1503 144 41 98719
1473 1514 8 30 :
1513 1503 91 39 Lee
1634 1502 228 45 Furman,
1890 1501 91 40 inc.

223 1562 279 47 (36-22162)

143 1669 208 51 Texas.
429 1670 179 51 Court
637 1668 63 64 of
728 1667 263 53 criminal
1018 1668 249 65 appeals.

216 1757 1934 68 The Texas criminal reports: cases determined … during
149 1838 311 65 February,
500 1838 219 54 March,
760 1836 192 67 April,
991 1838 139 65 May
1172 1837 110 51 and
1325 1845 129 58 part
1496 1836 62 52 of
1600 1838 169 64 June,
1814 1841 148 49 1935.
147 1838 1976 143 Reported
378 1915 73 66 by
481 1915 221 67 George
735 1914 276 55 Calhoun,
1088 1934 50 34 v.
1171 1917 114 50 128.
1368 1915 247 66 [Austin,
1646 1916 154 65 Tex.]
1799 1911 5 26 1
1836 1916 118 52 The
1990 1914 159 54 State

146 1993 62 52 of
233 1995 199 56 Texas,
459 1997 149 49 1936.

211 2065 137 48 xxiii,
383 2067 82 39 743
495 2076 43 37 p.
599 2066 54 40 23½
688 2068 43 21 cm
738 2098 7 8 .

145 2119 52 53 ©
235 2123 101 41 Oct.
373 2123 68 40 30.
481 2124 140 46 1936;
661 2124 67 38 2c.
766 2124 117 39 Nov.
921 2124 52 46 3;
1012 2123 81 40 aff.
1132 2124 116 37 Nov.
1286 2123 52 46 2;
1379 2124 41 38 A
1456 2121 199 48 100203;
1698 2122 183 45 George
1916 2122 236 48 Calhoun,

215 2180 189 42 Austin.
434 2182 113 39 Tex.

143 2285 346 63 Townsend,
526 2284 254 54 William
816 2284 316 64 Benjamin
1170 2284 302 64 Franklin,
1512 2290 326 50 1855-1934.

223 2374 405 54 Observations
662 2375 151 52 from
847 2393 26 33 a
908 2375 146 68 peak
1084 2374 58 53 in
1173 2373 321 69 Lumpkin;
1530 2392 81 49 or,
1641 2373 123 54 The
1794 2372 263 70 writings
2090 2373 62 52 of

151 2454 85 52 W.
276 2453 66 54 B.
380 2453 336 65 Townsend,
752 2452 185 53 editor
974 2452 63 53 of
1073 2453 95 53 the
1207 2452 338 69 Dahlonega
1582 2456 244 64 nugget;
1863 2452 75 61 by
1979 2451 67 52 A.
2090 2450 60 52 F.

150 2532 176 51 Dean.
425 2529 372 69 [Oglethorpe
846 2529 357 69 University,
1254 2529 121 67 Ga.,
1428 2529 353 69 Oglethorpe
1832 2529 316 64 university

152 2626 174 49 press,
360 2615 18 22 c
383 2611 150 64 1936]

219 2678 86 40 342
336 2690 41 37 p.
411 2679 107 40 incl.
553 2679 148 40 front,
732 2677 172 50 (port.)
972 2680 138 48 port.,
1144 2680 215 40 facsims.
1421 2681 54 40 23
1479 2683 43 21 cm
1528 2713 8 8 .

149 2734 52 52 ©
228 2739 125 47 Sept.
383 2740 68 45 18,
479 2739 139 40 1936:
649 2739 66 39 2c.
748 2741 126 45 Sept.
903 2739 53 38 21
976 2749 8 32 ;
1016 2739 81 40 aff.
1127 2739 101 40 Oct.
1257 2740 25 39 5
1301 2750 8 36 ;
1341 2740 38 38 A
1410 2738 144 42 98804
1572 2750 9 35 ;
1612 2740 54 40 A.
1698 2740 50 40 F.
1777 2741 151 45 Dean,
218 2738 1919 106 Gainesville,
374 2796 84 39 Ga.
530 2796 281 43 (36-22359)

152 2899 285 66 Verriest,
466 2901 174 53 Léon.

221 2989 353 55 L’évolution
609 2992 69 51 de
711 2992 50 51 la
797 2991 320 54 littérature
1150 2991 312 66 française;
1496 2991 145 67 petit
1672 2991 170 54 traité
1878 2993 28 50 à
1942 2991 211 67 l’usage

151 3068 2004 69 des étudiants américains, par Léon Verriest … New York
154 3146 110 52 and
291 3146 256 56 London,
575 3147 232 65 Harper
834 3151 45 50 &
903 3148 277 65 brothers,
1208 3151 148 50 1936.

259 3246 9 16 x,
305 3215 71 49 [2],
407 3214 86 41 266
522 3226 42 37 p.
625 3216 51 38 21
685 3219 15 20 cm
735 3247 7 8 .

226 3271 193 41 “Under
453 3272 79 40 the
566 3273 269 47 editorship
868 3273 51 39 of
951 3273 51 40 F.
1037 3273 53 41 G.
1124 3273 276 41 Hoffherr.”

225 3327 161 39 “First
420 3327 226 40 edition.”

154 3382 1758 55 © Oct. l. 1936: 2c. Oct. 3; aff. Oct. 7: A 99224: Harper & brus.
233 3443 279 41 (36-22206)

154 3549 258 63 Walden,
441 3550 245 53 Charles
714 3551 63 53 F.

286 3626 1869 70 … Fundamentals of transportation, by Charles F. Walden
216 3704 1774 70 … New York, Traffic publishing company, inc. [ c 1936]
158 3773 1978 105 2 p. l. . 308 p. illus.. diagrs. 21 cm . (The standard traffic management course … book I)
229 3883 289 43 “Collateral
545 3887 227 48 reading”
799 3891 51 38 at
875 3889 124 40 head
1025 3889 52 39 of
1101 3892 124 38 most
1249 3891 52 39 of
1326 3891 82 40 the
1434 3892 239 46 chapters.

156 3938 53 53 ©
245 3944 125 46 Sept.
405 3945 67 41 10.
507 3944 139 42 1936:
685 3947 66 39 2c.
785 3946 92 38 and
913 3946 82 40 aff.
1033 3948 128 47 Sept.
1194 3948 82 45 28;
1314 3950 39 38 A
1388 3948 171 47 99044;
1597 3949 174 40 Traffic
1806 3951 106 46 pub.
1950 3961 81 31 co.,
2066 3951 90 38 inc.

229 3999 280 49 [Copyright
545 4000 39 37 is
620 4002 204 39 claimed
864 4014 57 29 oil
960 4003 246 42 additions
1242 4006 95 38 and
1375 4006 309 49 corrections]

237 4057 279 48 (36-22310)
