<alto xmlns="http://www.loc.gov/standards/alto/ns-v3#" xmlns:xlink="http://www.w3.org/1999/xlink" xmlns:xsi="http://www.w3.org/2001/XMLSchema-instance" xsi:schemaLocation="http://www.loc.gov/standards/alto/ns-v3# http://www.loc.gov/alto/v3/alto-3-0.xsd"><Description>
<MeasurementUnit>pixel</MeasurementUnit>
<sourceImageInformation>
<fileName>1936_v33_Part1.pdf</fileName>
</sourceImageInformation>
<OCRProcessing ID="IdOcr">
<ocrProcessingStep>
<processingDateTime>2019-01-18</processingDateTime>
<processingSoftware>
<softwareCreator>ABBYY</softwareCreator>
<softwareName>ABBYY Recognition Server</softwareName>
<softwareVersion>4.0</softwareVersion>
</processingSoftware>
</ocrProcessingStep>
</OCRProcessing>
</Description>
<Styles>
<ParagraphStyle ID="StyleId-FFFFFFFF-FFFF-FFFF-FFFF-FFFFFFFFFFFF-" ALIGN="Left" LEFT="0." RIGHT="0." FIRSTLINE="0."/>
<ParagraphStyle ID="StyleId-51D50FAC-7A90-4D70-8A96-5EA9D46D1C8B-" ALIGN="Left" LEFT="0." RIGHT="0." FIRSTLINE="0." LINESPACE="7.699999809"/>
<ParagraphStyle ID="StyleId-6BC133E9-7DCB-43C3-8842-A67984A26405-" ALIGN="Block" LEFT="0." RIGHT="0." FIRSTLINE="-17." LINESPACE="8.340000153"/>
<ParagraphStyle ID="StyleId-3C3FF860-43E7-46A2-8934-48F305F6F0D6-" ALIGN="Left" LEFT="0." RIGHT="0." FIRSTLINE="-13." LINESPACE="11.06999969"/>
<ParagraphStyle ID="StyleId-19220C76-4F8A-4737-B38C-B5F5C17E6040-" ALIGN="Block" LEFT="0." RIGHT="0." FIRSTLINE="-13." LINESPACE="11.06999969"/>
<ParagraphStyle ID="StyleId-75A0D721-13ED-4F20-9002-B389EC48477D-" ALIGN="Left" LEFT="0." RIGHT="0." FIRSTLINE="0." LINESPACE="15.5"/>
<ParagraphStyle ID="StyleId-8A414184-C7A5-4AC7-9B88-7DA4DDE75922-" ALIGN="Left" LEFT="0." RIGHT="0." FIRSTLINE="0." LINESPACE="9.399999619"/>
<ParagraphStyle ID="StyleId-1A87970B-111C-4169-99A6-9412976F3C97-" ALIGN="Left" LEFT="0." RIGHT="0." FIRSTLINE="0." LINESPACE="10.5"/>
<ParagraphStyle ID="StyleId-72DB0571-5AE4-41FD-9E11-68C6AC4C437E-" ALIGN="Block" LEFT="0." RIGHT="0." FIRSTLINE="-17." LINESPACE="8.340000153"/>
<ParagraphStyle ID="StyleId-1AA43056-C388-4697-B10F-72FDAA38FAE1-" ALIGN="Center" LEFT="0." RIGHT="0." FIRSTLINE="0." LINESPACE="10.5"/>
</Styles>
<Layout>
<Page ID="Page235" PHYSICAL_IMG_NR="235" HEIGHT="4377" WIDTH="2519">
<TopMargin HEIGHT="456" WIDTH="2519" VPOS="0" HPOS="0">
</TopMargin>
<LeftMargin HEIGHT="3708" WIDTH="54" VPOS="456" HPOS="0">
</LeftMargin>
<RightMargin HEIGHT="3708" WIDTH="449" VPOS="456" HPOS="2070">
</RightMargin>
<BottomMargin HEIGHT="213" WIDTH="2519" VPOS="4164" HPOS="0">
</BottomMargin>
<PrintSpace HEIGHT="3708" WIDTH="2016" VPOS="456" HPOS="54">
<TextBlock ID="Page235_Block1" HEIGHT="70" WIDTH="120" VPOS="4094" HPOS="998" LANG="en-US" STYLEREFS="StyleId-50E60F62-6D03-4F99-8348-ED64B99D2BD7-">
<TextLine HEIGHT="48" WIDTH="99" VPOS="4105" HPOS="1008">
<String CONTENT="235" HEIGHT="48" WIDTH="99" VPOS="4105" HPOS="1008"/>
</TextLine>
</TextBlock>
<TextBlock ID="Page235_Block2" HEIGHT="3642" WIDTH="2016" VPOS="456" HPOS="54" LANG="en-US" CS="1" STYLEREFS="StyleId-9FE33A5B-9070-4B05-B8D3-33FD005D0F34-">
<TextLine HEIGHT="63" WIDTH="632" VPOS="466" HPOS="65" STYLEREFS="StyleId-B586CD16-2D6C-4AD2-9DCD-9113BF5B6872-">
<String CONTENT="Boyd," HEIGHT="63" WIDTH="182" VPOS="466" HPOS="65"/>
<SP HEIGHT="63" WIDTH="26" VPOS="466" HPOS="248"/>
<String CONTENT="James," HEIGHT="63" WIDTH="219" VPOS="466" HPOS="275"/>
<SP HEIGHT="58" WIDTH="30" VPOS="471" HPOS="495"/>
<String CONTENT="1888-" HEIGHT="49" WIDTH="171" VPOS="471" HPOS="526"/>
</TextLine>
<TextLine HEIGHT="73" WIDTH="1859" VPOS="536" HPOS="194" STYLEREFS="StyleId-5942F772-3983-44C9-A5C9-186CAEBFDBA3-" CS="1">
<String CS="1" CONTENT="&#8230;"/>
<SP HEIGHT="51" WIDTH="35" VPOS="541" HPOS="194"/>
<String CONTENT="Drums," HEIGHT="67" WIDTH="230" VPOS="541" HPOS="230"/>
<SP HEIGHT="68" WIDTH="28" VPOS="540" HPOS="461"/>
<String CONTENT="by" HEIGHT="69" WIDTH="75" VPOS="540" HPOS="490"/>
<SP HEIGHT="70" WIDTH="27" VPOS="539" HPOS="566"/>
<String CONTENT="James" HEIGHT="54" WIDTH="193" VPOS="539" HPOS="594"/>
<SP HEIGHT="52" WIDTH="30" VPOS="540" HPOS="788"/>
<String CONTENT="Boyd;" HEIGHT="69" WIDTH="194" VPOS="538" HPOS="819"/>
<SP HEIGHT="50" WIDTH="32" VPOS="556" HPOS="1014"/>
<String CONTENT="with" HEIGHT="54" WIDTH="140" VPOS="536" HPOS="1047"/>
<SP HEIGHT="53" WIDTH="31" VPOS="537" HPOS="1188"/>
<String CONTENT="an" HEIGHT="34" WIDTH="71" VPOS="556" HPOS="1220"/>
<SP HEIGHT="53" WIDTH="30" VPOS="536" HPOS="1292"/>
<String CONTENT="introduction" HEIGHT="54" WIDTH="388" VPOS="536" HPOS="1323"/>
<SP HEIGHT="53" WIDTH="30" VPOS="537" HPOS="1712"/>
<String CONTENT="by" HEIGHT="70" WIDTH="77" VPOS="537" HPOS="1743"/>
<SP HEIGHT="70" WIDTH="28" VPOS="537" HPOS="1821"/>
<String CONTENT="Henry" HEIGHT="69" WIDTH="203" VPOS="537" HPOS="1850"/>
</TextLine>
<TextLine HEIGHT="71" WIDTH="1989" VPOS="615" HPOS="65" STYLEREFS="StyleId-5942F772-3983-44C9-A5C9-186CAEBFDBA3-" CS="1">
<String CONTENT="Seidel" HEIGHT="56" WIDTH="189" VPOS="616" HPOS="65"/>
<SP HEIGHT="55" WIDTH="28" VPOS="617" HPOS="255"/>
<String CONTENT="Canby" HEIGHT="69" WIDTH="199" VPOS="617" HPOS="284"/>
<SP HEIGHT="49" WIDTH="30" VPOS="637" HPOS="484"/>
<String CS="1" CONTENT="&#8230;"/>
<SP HEIGHT="53" WIDTH="77" VPOS="617" HPOS="572"/>
<String CONTENT="New" HEIGHT="53" WIDTH="139" VPOS="617" HPOS="650"/>
<SP HEIGHT="52" WIDTH="29" VPOS="617" HPOS="790"/>
<String CONTENT="York," HEIGHT="68" WIDTH="180" VPOS="616" HPOS="820"/>
<SP HEIGHT="69" WIDTH="25" VPOS="615" HPOS="1001"/>
<String CONTENT="Chicago" HEIGHT="69" WIDTH="252" VPOS="615" HPOS="1027"/>
<SP HEIGHT="48" WIDTH="33" VPOS="634" HPOS="1280"/>
<String CS="1" CONTENT="[etc.]" HEIGHT="63" WIDTH="119" VPOS="620" HPOS="1333"/>
<SP HEIGHT="68" WIDTH="35" VPOS="615" HPOS="1453"/>
<String CONTENT="C." HEIGHT="55" WIDTH="62" VPOS="615" HPOS="1489"/>
<SP HEIGHT="55" WIDTH="31" VPOS="615" HPOS="1552"/>
<String CONTENT="Scribner&#8217;s" HEIGHT="55" WIDTH="311" VPOS="615" HPOS="1584"/>
<SP HEIGHT="34" WIDTH="29" VPOS="635" HPOS="1896"/>
<String CONTENT="sons" HEIGHT="35" WIDTH="128" VPOS="634" HPOS="1926"/>
</TextLine>
<TextLine HEIGHT="65" WIDTH="175" VPOS="698" HPOS="86" STYLEREFS="StyleId-5942F772-3983-44C9-A5C9-186CAEBFDBA3-" CS="1">
<String CS="1" CONTENT="["/>
<String STYLE="superscript" CONTENT="c" HEIGHT="22" WIDTH="19" VPOS="700" HPOS="86"/>
<String CONTENT="1936]" HEIGHT="65" WIDTH="151" VPOS="698" HPOS="110"/>
</TextLine>
<TextLine HEIGHT="49" WIDTH="1281" VPOS="780" HPOS="131" CS="1">
<String CONTENT="vii," HEIGHT="47" WIDTH="80" VPOS="781" HPOS="131"/>
<SP HEIGHT="45" WIDTH="24" VPOS="783" HPOS="212"/>
<String CONTENT="492" HEIGHT="41" WIDTH="87" VPOS="781" HPOS="237"/>
<SP HEIGHT="47" WIDTH="24" VPOS="782" HPOS="325"/>
<String CONTENT="p." HEIGHT="37" WIDTH="41" VPOS="792" HPOS="350"/>
<SP HEIGHT="38" WIDTH="60" VPOS="782" HPOS="392"/>
<String CS="1" CONTENT="19&#189;" HEIGHT="40" WIDTH="55" VPOS="781" HPOS="453"/>
<String STYLE="superscript" CONTENT="cm" HEIGHT="21" WIDTH="42" VPOS="783" HPOS="541"/>
<String CONTENT="." HEIGHT="8" WIDTH="8" VPOS="813" HPOS="589"/>
<SP HEIGHT="48" WIDTH="69" VPOS="781" HPOS="598"/>
<String CONTENT="(Modern" HEIGHT="48" WIDTH="222" VPOS="781" HPOS="668"/>
<SP HEIGHT="28" WIDTH="27" VPOS="792" HPOS="891"/>
<String CONTENT="standard" HEIGHT="40" WIDTH="235" VPOS="781" HPOS="919"/>
<SP HEIGHT="39" WIDTH="28" VPOS="781" HPOS="1155"/>
<String CONTENT="authors)" HEIGHT="49" WIDTH="228" VPOS="780" HPOS="1184"/>
</TextLine>
<TextLine HEIGHT="52" WIDTH="1994" VPOS="850" HPOS="66">
<String CONTENT="&#169;" HEIGHT="52" WIDTH="52" VPOS="850" HPOS="66"/>
<SP HEIGHT="52" WIDTH="29" VPOS="850" HPOS="119"/>
<String CONTENT="Feb." HEIGHT="40" WIDTH="110" VPOS="854" HPOS="149"/>
<SP HEIGHT="38" WIDTH="29" VPOS="856" HPOS="260"/>
<String CONTENT="1," HEIGHT="40" WIDTH="39" VPOS="856" HPOS="290"/>
<SP HEIGHT="41" WIDTH="27" VPOS="855" HPOS="330"/>
<String CONTENT="1936;" HEIGHT="46" WIDTH="139" VPOS="854" HPOS="358"/>
<SP HEIGHT="45" WIDTH="30" VPOS="855" HPOS="498"/>
<String CONTENT="2" HEIGHT="38" WIDTH="26" VPOS="855" HPOS="529"/>
<SP HEIGHT="39" WIDTH="2" VPOS="855" HPOS="556"/>
<String CONTENT="c." HEIGHT="27" WIDTH="37" VPOS="867" HPOS="559"/>
<SP HEIGHT="38" WIDTH="31" VPOS="856" HPOS="597"/>
<String CONTENT="Mar." HEIGHT="38" WIDTH="121" VPOS="856" HPOS="629"/>
<SP HEIGHT="39" WIDTH="31" VPOS="855" HPOS="751"/>
<String CONTENT="18;" HEIGHT="45" WIDTH="80" VPOS="854" HPOS="783"/>
<SP HEIGHT="34" WIDTH="33" VPOS="865" HPOS="864"/>
<String CONTENT="aff." HEIGHT="40" WIDTH="81" VPOS="854" HPOS="898"/>
<SP HEIGHT="39" WIDTH="32" VPOS="855" HPOS="980"/>
<String CONTENT="Mar." HEIGHT="39" WIDTH="121" VPOS="855" HPOS="1013"/>
<SP HEIGHT="40" WIDTH="30" VPOS="854" HPOS="1135"/>
<String CONTENT="16;" HEIGHT="45" WIDTH="81" VPOS="854" HPOS="1166"/>
<SP HEIGHT="45" WIDTH="32" VPOS="854" HPOS="1248"/>
<!-- cceid 9736F91B-6E3A-1014-83DD-942C093A1DD9 --><String CONTENT="A" HEIGHT="39" WIDTH="39" VPOS="854" HPOS="1281"/>
<SP HEIGHT="41" WIDTH="29" VPOS="852" HPOS="1321"/>
<String CONTENT="92340;" HEIGHT="46" WIDTH="170" VPOS="852" HPOS="1351"/>
<SP HEIGHT="44" WIDTH="34" VPOS="854" HPOS="1522"/>
<String CONTENT="Charles" HEIGHT="40" WIDTH="200" VPOS="854" HPOS="1557"/>
<SP HEIGHT="40" WIDTH="34" VPOS="854" HPOS="1758"/>
<String CONTENT="Scribner's" HEIGHT="42" WIDTH="267" VPOS="852" HPOS="1793"/>
</TextLine>
<TextLine HEIGHT="51" WIDTH="1560" VPOS="909" HPOS="134">
<String CONTENT="sons." HEIGHT="29" WIDTH="125" VPOS="922" HPOS="134"/>
<SP HEIGHT="29" WIDTH="61" VPOS="931" HPOS="260"/>
<String CONTENT="[Copyright" HEIGHT="49" WIDTH="278" VPOS="911" HPOS="322"/>
<SP HEIGHT="40" WIDTH="29" VPOS="911" HPOS="601"/>
<String CONTENT="is" HEIGHT="39" WIDTH="42" VPOS="911" HPOS="631"/>
<SP HEIGHT="29" WIDTH="29" VPOS="921" HPOS="674"/>
<String CONTENT="claimed" HEIGHT="39" WIDTH="204" VPOS="911" HPOS="704"/>
<SP HEIGHT="39" WIDTH="28" VPOS="911" HPOS="909"/>
<String CONTENT="on" HEIGHT="28" WIDTH="59" VPOS="921" HPOS="938"/>
<SP HEIGHT="40" WIDTH="29" VPOS="909" HPOS="998"/>
<String CONTENT="introduction]" HEIGHT="49" WIDTH="344" VPOS="909" HPOS="1028"/>
<SP HEIGHT="48" WIDTH="70" VPOS="910" HPOS="1373"/>
<String CONTENT="(36-7118)" HEIGHT="47" WIDTH="250" VPOS="910" HPOS="1444"/>
</TextLine>
<TextLine HEIGHT="65" WIDTH="1157" VPOS="1014" HPOS="63" STYLEREFS="StyleId-B586CD16-2D6C-4AD2-9DCD-9113BF5B6872-">
<String CONTENT="Buettner," HEIGHT="65" WIDTH="308" VPOS="1014" HPOS="63"/>
<SP HEIGHT="63" WIDTH="26" VPOS="1016" HPOS="372"/>
<String CONTENT="Mrs." HEIGHT="52" WIDTH="137" VPOS="1016" HPOS="399"/>
<SP HEIGHT="52" WIDTH="27" VPOS="1016" HPOS="537"/>
<String CONTENT="Daisy" HEIGHT="63" WIDTH="187" VPOS="1015" HPOS="565"/>
<SP HEIGHT="64" WIDTH="27" VPOS="1014" HPOS="753"/>
<String CONTENT="Gibson," HEIGHT="64" WIDTH="237" VPOS="1014" HPOS="781"/>
<SP HEIGHT="58" WIDTH="30" VPOS="1020" HPOS="1019"/>
<String CONTENT="1877-" HEIGHT="54" WIDTH="170" VPOS="1015" HPOS="1050"/>
</TextLine>
<TextLine HEIGHT="70" WIDTH="1922" VPOS="1088" HPOS="136" STYLEREFS="StyleId-5942F772-3983-44C9-A5C9-186CAEBFDBA3-">
<String CONTENT="The" HEIGHT="55" WIDTH="122" VPOS="1090" HPOS="136"/>
<SP HEIGHT="49" WIDTH="30" VPOS="1109" HPOS="259"/>
<String CONTENT="primer" HEIGHT="68" WIDTH="214" VPOS="1090" HPOS="290"/>
<SP HEIGHT="36" WIDTH="34" VPOS="1109" HPOS="505"/>
<String CONTENT="of" HEIGHT="52" WIDTH="63" VPOS="1091" HPOS="540"/>
<SP HEIGHT="67" WIDTH="31" VPOS="1091" HPOS="604"/>
<String CONTENT="pure" HEIGHT="49" WIDTH="143" VPOS="1109" HPOS="636"/>
<SP HEIGHT="34" WIDTH="29" VPOS="1109" HPOS="780"/>
<String CONTENT="spiritualism;" HEIGHT="68" WIDTH="405" VPOS="1090" HPOS="810"/>
<SP HEIGHT="47" WIDTH="39" VPOS="1110" HPOS="1216"/>
<String CONTENT="a" HEIGHT="33" WIDTH="31" VPOS="1110" HPOS="1256"/>
<SP HEIGHT="55" WIDTH="34" VPOS="1088" HPOS="1288"/>
<String CONTENT="foundational" HEIGHT="56" WIDTH="400" VPOS="1088" HPOS="1323"/>
<SP HEIGHT="50" WIDTH="30" VPOS="1093" HPOS="1724"/>
<String CONTENT="text" HEIGHT="48" WIDTH="122" VPOS="1095" HPOS="1755"/>
<SP HEIGHT="52" WIDTH="31" VPOS="1091" HPOS="1878"/>
<String CONTENT="book" HEIGHT="52" WIDTH="148" VPOS="1091" HPOS="1910"/>
</TextLine>
<TextLine HEIGHT="70" WIDTH="1988" VPOS="1166" HPOS="68" STYLEREFS="StyleId-5942F772-3983-44C9-A5C9-186CAEBFDBA3-">
<String CONTENT="for" HEIGHT="54" WIDTH="93" VPOS="1166" HPOS="68"/>
<SP HEIGHT="34" WIDTH="36" VPOS="1186" HPOS="162"/>
<String CONTENT="all" HEIGHT="52" WIDTH="78" VPOS="1168" HPOS="199"/>
<SP HEIGHT="54" WIDTH="35" VPOS="1168" HPOS="278"/>
<String CONTENT="spiritualists," HEIGHT="67" WIDTH="391" VPOS="1169" HPOS="314"/>
<SP HEIGHT="48" WIDTH="36" VPOS="1188" HPOS="706"/>
<String CONTENT="units" HEIGHT="53" WIDTH="155" VPOS="1169" HPOS="743"/>
<SP HEIGHT="35" WIDTH="36" VPOS="1187" HPOS="899"/>
<String CONTENT="of" HEIGHT="55" WIDTH="64" VPOS="1167" HPOS="936"/>
<SP HEIGHT="54" WIDTH="38" VPOS="1167" HPOS="1001"/>
<String CONTENT="the" HEIGHT="52" WIDTH="94" VPOS="1169" HPOS="1040"/>
<SP HEIGHT="51" WIDTH="37" VPOS="1170" HPOS="1135"/>
<String CONTENT="Band" HEIGHT="51" WIDTH="164" VPOS="1170" HPOS="1173"/>
<SP HEIGHT="51" WIDTH="39" VPOS="1170" HPOS="1338"/>
<String CONTENT="of" HEIGHT="53" WIDTH="64" VPOS="1168" HPOS="1378"/>
<SP HEIGHT="67" WIDTH="37" VPOS="1168" HPOS="1443"/>
<String CONTENT="pure" HEIGHT="48" WIDTH="140" VPOS="1187" HPOS="1481"/>
<SP HEIGHT="36" WIDTH="36" VPOS="1187" HPOS="1622"/>
<String CONTENT="spiritualism," HEIGHT="68" WIDTH="397" VPOS="1168" HPOS="1659"/>
</TextLine>
<TextLine HEIGHT="68" WIDTH="1930" VPOS="1246" HPOS="66" STYLEREFS="StyleId-5942F772-3983-44C9-A5C9-186CAEBFDBA3-" CS="1">
<String CONTENT="and" HEIGHT="52" WIDTH="111" VPOS="1247" HPOS="66"/>
<SP HEIGHT="52" WIDTH="25" VPOS="1247" HPOS="178"/>
<String CONTENT="students" HEIGHT="54" WIDTH="256" VPOS="1246" HPOS="204"/>
<SP HEIGHT="36" WIDTH="26" VPOS="1264" HPOS="461"/>
<String CONTENT="of" HEIGHT="52" WIDTH="63" VPOS="1246" HPOS="488"/>
<SP HEIGHT="68" WIDTH="24" VPOS="1246" HPOS="552"/>
<String CONTENT="psychic" HEIGHT="67" WIDTH="231" VPOS="1247" HPOS="577"/>
<SP HEIGHT="34" WIDTH="23" VPOS="1265" HPOS="809"/>
<String CONTENT="research," HEIGHT="67" WIDTH="274" VPOS="1246" HPOS="833"/>
<SP HEIGHT="67" WIDTH="22" VPOS="1246" HPOS="1108"/>
<String CONTENT="by" HEIGHT="68" WIDTH="75" VPOS="1246" HPOS="1131"/>
<SP HEIGHT="66" WIDTH="25" VPOS="1248" HPOS="1207"/>
<String CONTENT="Daisy" HEIGHT="67" WIDTH="182" VPOS="1246" HPOS="1233"/>
<SP HEIGHT="66" WIDTH="23" VPOS="1247" HPOS="1416"/>
<String CONTENT="Gibson" HEIGHT="55" WIDTH="217" VPOS="1246" HPOS="1440"/>
<SP HEIGHT="50" WIDTH="26" VPOS="1249" HPOS="1658"/>
<String CONTENT="Buettner" HEIGHT="51" WIDTH="276" VPOS="1249" HPOS="1685"/>
<SP HEIGHT="34" WIDTH="34" VPOS="1267" HPOS="1962"/>
<String CS="1" CONTENT="&#8230;"/>
</TextLine>
<TextLine HEIGHT="70" WIDTH="1368" VPOS="1322" HPOS="67" STYLEREFS="StyleId-5942F772-3983-44C9-A5C9-186CAEBFDBA3-">
<String CONTENT="San" HEIGHT="56" WIDTH="117" VPOS="1322" HPOS="67"/>
<SP HEIGHT="52" WIDTH="24" VPOS="1326" HPOS="185"/>
<String CONTENT="Francisco," HEIGHT="68" WIDTH="319" VPOS="1324" HPOS="210"/>
<SP HEIGHT="66" WIDTH="27" VPOS="1326" HPOS="530"/>
<String CONTENT="Calif.," HEIGHT="68" WIDTH="193" VPOS="1324" HPOS="558"/>
<SP HEIGHT="65" WIDTH="28" VPOS="1327" HPOS="752"/>
<String CONTENT="Buettner" HEIGHT="50" WIDTH="276" VPOS="1327" HPOS="781"/>
<SP HEIGHT="49" WIDTH="24" VPOS="1343" HPOS="1058"/>
<String CONTENT="press," HEIGHT="49" WIDTH="173" VPOS="1343" HPOS="1083"/>
<SP HEIGHT="62" WIDTH="29" VPOS="1329" HPOS="1257"/>
<String CONTENT="1936." HEIGHT="49" WIDTH="148" VPOS="1329" HPOS="1287"/>
</TextLine>
<TextLine HEIGHT="50" WIDTH="1697" VPOS="1409" HPOS="137" CS="1">
<String CONTENT="xviii," HEIGHT="49" WIDTH="135" VPOS="1409" HPOS="137"/>
<SP HEIGHT="48" WIDTH="29" VPOS="1410" HPOS="273"/>
<String CONTENT="196" HEIGHT="41" WIDTH="86" VPOS="1409" HPOS="303"/>
<SP HEIGHT="49" WIDTH="24" VPOS="1409" HPOS="390"/>
<String CONTENT="(i." HEIGHT="49" WIDTH="53" VPOS="1409" HPOS="415"/>
<SP HEIGHT="29" WIDTH="30" VPOS="1422" HPOS="469"/>
<String CONTENT="e." HEIGHT="29" WIDTH="37" VPOS="1422" HPOS="500"/>
<SP HEIGHT="38" WIDTH="28" VPOS="1412" HPOS="538"/>
<String CONTENT="208)" HEIGHT="48" WIDTH="110" VPOS="1410" HPOS="567"/>
<SP HEIGHT="49" WIDTH="34" VPOS="1410" HPOS="678"/>
<String CONTENT="p." HEIGHT="37" WIDTH="42" VPOS="1422" HPOS="713"/>
<SP HEIGHT="40" WIDTH="29" VPOS="1411" HPOS="756"/>
<String CONTENT="incl." HEIGHT="40" WIDTH="109" VPOS="1411" HPOS="786"/>
<SP HEIGHT="41" WIDTH="27" VPOS="1410" HPOS="896"/>
<String CS="1" CONTENT="front." HEIGHT="40" WIDTH="136" VPOS="1410" HPOS="924"/>
<SP HEIGHT="49" WIDTH="28" VPOS="1409" HPOS="1073"/>
<String CONTENT="(port.)" HEIGHT="49" WIDTH="171" VPOS="1409" HPOS="1102"/>
<SP HEIGHT="48" WIDTH="37" VPOS="1410" HPOS="1274"/>
<String CONTENT="illus.," HEIGHT="48" WIDTH="143" VPOS="1411" HPOS="1312"/>
<SP HEIGHT="37" WIDTH="30" VPOS="1422" HPOS="1456"/>
<String CONTENT="plates." HEIGHT="48" WIDTH="170" VPOS="1411" HPOS="1487"/>
<SP HEIGHT="41" WIDTH="58" VPOS="1411" HPOS="1658"/>
<String CONTENT="21" HEIGHT="39" WIDTH="53" VPOS="1411" HPOS="1717"/>
<String STYLE="superscript" CS="1" CONTENT="cm" HEIGHT="21" WIDTH="16" VPOS="1413" HPOS="1775"/>
<String CONTENT="." HEIGHT="9" WIDTH="9" VPOS="1442" HPOS="1825"/>
</TextLine>
<TextLine HEIGHT="48" WIDTH="875" VPOS="1481" HPOS="139">
<String CONTENT="Extra" HEIGHT="39" WIDTH="153" VPOS="1482" HPOS="139"/>
<SP HEIGHT="30" WIDTH="26" VPOS="1491" HPOS="293"/>
<String CONTENT="numbered" HEIGHT="40" WIDTH="262" VPOS="1481" HPOS="320"/>
<SP HEIGHT="47" WIDTH="25" VPOS="1482" HPOS="583"/>
<String CONTENT="pages" HEIGHT="38" WIDTH="148" VPOS="1491" HPOS="609"/>
<SP HEIGHT="40" WIDTH="27" VPOS="1481" HPOS="758"/>
<String CONTENT="inserted." HEIGHT="42" WIDTH="228" VPOS="1481" HPOS="786"/>
</TextLine>
<TextLine HEIGHT="52" WIDTH="1992" VPOS="1549" HPOS="66" CS="1">
<String CONTENT="&#169;" HEIGHT="52" WIDTH="53" VPOS="1549" HPOS="66"/>
<SP HEIGHT="52" WIDTH="24" VPOS="1549" HPOS="120"/>
<String CONTENT="Jan." HEIGHT="39" WIDTH="109" VPOS="1553" HPOS="145"/>
<SP HEIGHT="39" WIDTH="28" VPOS="1553" HPOS="255"/>
<String CONTENT="11," HEIGHT="47" WIDTH="67" VPOS="1553" HPOS="284"/>
<SP HEIGHT="47" WIDTH="29" VPOS="1553" HPOS="352"/>
<String CS="1" CONTENT="1936;" HEIGHT="41" WIDTH="116" VPOS="1551" HPOS="382"/>
<SP HEIGHT="44" WIDTH="28" VPOS="1553" HPOS="522"/>
<String CONTENT="2c." HEIGHT="39" WIDTH="65" VPOS="1553" HPOS="551"/>
<SP HEIGHT="39" WIDTH="28" VPOS="1553" HPOS="617"/>
<String CONTENT="Jan." HEIGHT="40" WIDTH="110" VPOS="1553" HPOS="646"/>
<SP HEIGHT="41" WIDTH="27" VPOS="1552" HPOS="757"/>
<String CONTENT="29;" HEIGHT="47" WIDTH="82" VPOS="1552" HPOS="785"/>
<SP HEIGHT="36" WIDTH="29" VPOS="1563" HPOS="868"/>
<String CONTENT="aff." HEIGHT="41" WIDTH="83" VPOS="1552" HPOS="898"/>
<SP HEIGHT="41" WIDTH="28" VPOS="1552" HPOS="982"/>
<String CONTENT="Feb." HEIGHT="40" WIDTH="110" VPOS="1552" HPOS="1011"/>
<SP HEIGHT="39" WIDTH="28" VPOS="1553" HPOS="1122"/>
<String CONTENT="1;" HEIGHT="45" WIDTH="52" VPOS="1553" HPOS="1151"/>
<SP HEIGHT="45" WIDTH="30" VPOS="1553" HPOS="1204"/>
<!-- cceid 9737B482-6E3A-1014-83DD-942C093A1DD9 --><String CONTENT="A" HEIGHT="38" WIDTH="40" VPOS="1553" HPOS="1235"/>
<SP HEIGHT="40" WIDTH="27" VPOS="1552" HPOS="1276"/>
<String CONTENT="91592;" HEIGHT="47" WIDTH="170" VPOS="1552" HPOS="1304"/>
<SP HEIGHT="44" WIDTH="32" VPOS="1555" HPOS="1475"/>
<String CONTENT="D." HEIGHT="38" WIDTH="56" VPOS="1555" HPOS="1508"/>
<SP HEIGHT="40" WIDTH="31" VPOS="1553" HPOS="1565"/>
<String CONTENT="G." HEIGHT="40" WIDTH="51" VPOS="1553" HPOS="1597"/>
<SP HEIGHT="39" WIDTH="30" VPOS="1554" HPOS="1649"/>
<String CONTENT="Buettner," HEIGHT="46" WIDTH="251" VPOS="1554" HPOS="1680"/>
<SP HEIGHT="46" WIDTH="29" VPOS="1554" HPOS="1932"/>
<String CONTENT="San" HEIGHT="40" WIDTH="96" VPOS="1554" HPOS="1962"/>
</TextLine>
<TextLine HEIGHT="49" WIDTH="595" VPOS="1609" HPOS="136">
<String CONTENT="Francisco." HEIGHT="41" WIDTH="272" VPOS="1609" HPOS="136"/>
<SP HEIGHT="48" WIDTH="72" VPOS="1610" HPOS="409"/>
<String CONTENT="(36-7158)" HEIGHT="49" WIDTH="249" VPOS="1609" HPOS="482"/>
</TextLine>
<TextLine HEIGHT="64" WIDTH="549" VPOS="1714" HPOS="65" STYLEREFS="StyleId-B586CD16-2D6C-4AD2-9DCD-9113BF5B6872-">
<String CONTENT="Bunn," HEIGHT="63" WIDTH="188" VPOS="1715" HPOS="65"/>
<SP HEIGHT="63" WIDTH="25" VPOS="1715" HPOS="254"/>
<String CONTENT="Harriet" HEIGHT="54" WIDTH="242" VPOS="1714" HPOS="280"/>
<SP HEIGHT="52" WIDTH="25" VPOS="1715" HPOS="523"/>
<String CONTENT="F." HEIGHT="55" WIDTH="65" VPOS="1715" HPOS="549"/>
</TextLine>
<TextLine HEIGHT="70" WIDTH="1920" VPOS="1788" HPOS="134" STYLEREFS="StyleId-5942F772-3983-44C9-A5C9-186CAEBFDBA3-">
<String CONTENT="Circus" HEIGHT="55" WIDTH="198" VPOS="1788" HPOS="134"/>
<SP HEIGHT="53" WIDTH="31" VPOS="1789" HPOS="333"/>
<String CONTENT="boy," HEIGHT="68" WIDTH="128" VPOS="1789" HPOS="365"/>
<SP HEIGHT="68" WIDTH="31" VPOS="1788" HPOS="494"/>
<String CONTENT="by" HEIGHT="70" WIDTH="76" VPOS="1788" HPOS="526"/>
<SP HEIGHT="69" WIDTH="30" VPOS="1789" HPOS="603"/>
<String CONTENT="Harriet" HEIGHT="54" WIDTH="240" VPOS="1788" HPOS="634"/>
<SP HEIGHT="52" WIDTH="33" VPOS="1789" HPOS="875"/>
<String CONTENT="F." HEIGHT="51" WIDTH="64" VPOS="1789" HPOS="909"/>
<SP HEIGHT="52" WIDTH="35" VPOS="1789" HPOS="974"/>
<String CONTENT="Bunn;" HEIGHT="66" WIDTH="200" VPOS="1789" HPOS="1010"/>
<SP HEIGHT="67" WIDTH="35" VPOS="1788" HPOS="1211"/>
<String CONTENT="illustrated" HEIGHT="53" WIDTH="323" VPOS="1788" HPOS="1247"/>
<SP HEIGHT="53" WIDTH="33" VPOS="1788" HPOS="1571"/>
<String CONTENT="by" HEIGHT="69" WIDTH="77" VPOS="1788" HPOS="1605"/>
<SP HEIGHT="69" WIDTH="34" VPOS="1788" HPOS="1683"/>
<String CONTENT="George" HEIGHT="70" WIDTH="222" VPOS="1788" HPOS="1718"/>
<SP HEIGHT="53" WIDTH="33" VPOS="1789" HPOS="1941"/>
<String CONTENT="M." HEIGHT="53" WIDTH="79" VPOS="1789" HPOS="1975"/>
</TextLine>
<TextLine HEIGHT="70" WIDTH="1753" VPOS="1866" HPOS="64" STYLEREFS="StyleId-5942F772-3983-44C9-A5C9-186CAEBFDBA3-">
<String CONTENT="Richards." HEIGHT="56" WIDTH="297" VPOS="1866" HPOS="64"/>
<SP HEIGHT="55" WIDTH="68" VPOS="1867" HPOS="362"/>
<String CONTENT="New" HEIGHT="53" WIDTH="137" VPOS="1867" HPOS="431"/>
<SP HEIGHT="53" WIDTH="30" VPOS="1867" HPOS="569"/>
<String CONTENT="York," HEIGHT="68" WIDTH="182" VPOS="1866" HPOS="600"/>
<SP HEIGHT="67" WIDTH="31" VPOS="1867" HPOS="783"/>
<String CONTENT="The" HEIGHT="53" WIDTH="122" VPOS="1867" HPOS="815"/>
<SP HEIGHT="53" WIDTH="28" VPOS="1867" HPOS="938"/>
<String CONTENT="Macmillan" HEIGHT="53" WIDTH="335" VPOS="1866" HPOS="967"/>
<SP HEIGHT="34" WIDTH="29" VPOS="1885" HPOS="1303"/>
<String CONTENT="company," HEIGHT="52" WIDTH="298" VPOS="1884" HPOS="1333"/>
<SP HEIGHT="67" WIDTH="35" VPOS="1869" HPOS="1632"/>
<String CONTENT="1936." HEIGHT="52" WIDTH="149" VPOS="1869" HPOS="1668"/>
</TextLine>
<TextLine HEIGHT="50" WIDTH="720" VPOS="1952" HPOS="132" CS="1">
<String CONTENT="6" HEIGHT="40" WIDTH="26" VPOS="1954" HPOS="132"/>
<SP/>
<String CS="1" CONTENT="p."/>
<SP/>
<String CS="1" CONTENT="l.," HEIGHT="16" WIDTH="9" VPOS="1986" HPOS="291"/>
<SP HEIGHT="47" WIDTH="29" VPOS="1955" HPOS="301"/>
<String CONTENT="194" HEIGHT="41" WIDTH="86" VPOS="1953" HPOS="331"/>
<SP HEIGHT="48" WIDTH="22" VPOS="1953" HPOS="418"/>
<String CONTENT="p." HEIGHT="37" WIDTH="43" VPOS="1964" HPOS="441"/>
<SP HEIGHT="41" WIDTH="63" VPOS="1952" HPOS="485"/>
<String CONTENT="illus." HEIGHT="42" WIDTH="128" VPOS="1952" HPOS="549"/>
<SP HEIGHT="42" WIDTH="57" VPOS="1952" HPOS="678"/>
<String CONTENT="21" HEIGHT="41" WIDTH="56" VPOS="1952" HPOS="736"/>
<String STYLE="superscript" CONTENT="cm" HEIGHT="21" WIDTH="42" VPOS="1956" HPOS="797"/>
<String CONTENT="." HEIGHT="9" WIDTH="9" VPOS="1984" HPOS="843"/>
</TextLine>
<TextLine HEIGHT="54" WIDTH="1766" VPOS="2023" HPOS="66">
<String CONTENT="&#169;" HEIGHT="54" WIDTH="53" VPOS="2023" HPOS="66"/>
<SP HEIGHT="54" WIDTH="29" VPOS="2023" HPOS="120"/>
<String CONTENT="Mar." HEIGHT="38" WIDTH="119" VPOS="2029" HPOS="150"/>
<SP HEIGHT="38" WIDTH="30" VPOS="2028" HPOS="270"/>
<String CONTENT="17," HEIGHT="46" WIDTH="69" VPOS="2028" HPOS="301"/>
<SP HEIGHT="46" WIDTH="28" VPOS="2028" HPOS="371"/>
<String CONTENT="1936;" HEIGHT="47" WIDTH="139" VPOS="2026" HPOS="400"/>
<SP HEIGHT="46" WIDTH="31" VPOS="2027" HPOS="540"/>
<String CONTENT="2c." HEIGHT="40" WIDTH="66" VPOS="2027" HPOS="572"/>
<SP HEIGHT="28" WIDTH="31" VPOS="2038" HPOS="639"/>
<String CONTENT="and" HEIGHT="39" WIDTH="93" VPOS="2028" HPOS="671"/>
<SP HEIGHT="39" WIDTH="31" VPOS="2028" HPOS="765"/>
<String CONTENT="aff." HEIGHT="41" WIDTH="82" VPOS="2026" HPOS="797"/>
<SP HEIGHT="39" WIDTH="29" VPOS="2028" HPOS="880"/>
<String CONTENT="Mar." HEIGHT="38" WIDTH="121" VPOS="2028" HPOS="910"/>
<SP HEIGHT="39" WIDTH="30" VPOS="2027" HPOS="1032"/>
<String CONTENT="18;" HEIGHT="46" WIDTH="81" VPOS="2027" HPOS="1063"/>
<SP HEIGHT="46" WIDTH="32" VPOS="2027" HPOS="1145"/>
<!-- cceid 97386B42-6E3A-1014-83DD-942C093A1DD9 --><String CONTENT="A" HEIGHT="38" WIDTH="41" VPOS="2027" HPOS="1178"/>
<SP HEIGHT="40" WIDTH="27" VPOS="2026" HPOS="1220"/>
<String CONTENT="92359;" HEIGHT="47" WIDTH="170" VPOS="2026" HPOS="1248"/>
<SP HEIGHT="45" WIDTH="34" VPOS="2028" HPOS="1419"/>
<String CONTENT="Macmillan" HEIGHT="40" WIDTH="281" VPOS="2027" HPOS="1454"/>
<SP HEIGHT="29" WIDTH="29" VPOS="2039" HPOS="1736"/>
<String CONTENT="co." HEIGHT="28" WIDTH="66" VPOS="2040" HPOS="1766"/>
</TextLine>
<TextLine HEIGHT="49" WIDTH="250" VPOS="2084" HPOS="145">
<String CONTENT="(36-7115)" HEIGHT="49" WIDTH="250" VPOS="2084" HPOS="145"/>
</TextLine>
<TextLine HEIGHT="65" WIDTH="982" VPOS="2187" HPOS="66" STYLEREFS="StyleId-B586CD16-2D6C-4AD2-9DCD-9113BF5B6872-">
<String CONTENT="Chambers," HEIGHT="64" WIDTH="341" VPOS="2188" HPOS="66"/>
<SP HEIGHT="64" WIDTH="30" VPOS="2188" HPOS="408"/>
<String CONTENT="Oswald," HEIGHT="62" WIDTH="252" VPOS="2187" HPOS="439"/>
<SP HEIGHT="57" WIDTH="32" VPOS="2192" HPOS="692"/>
<String CONTENT="187T-1917." HEIGHT="55" WIDTH="323" VPOS="2187" HPOS="725"/>
</TextLine>
<TextLine HEIGHT="69" WIDTH="1919" VPOS="2264" HPOS="136" STYLEREFS="StyleId-5942F772-3983-44C9-A5C9-186CAEBFDBA3-" CS="1">
<String CONTENT="The" HEIGHT="53" WIDTH="122" VPOS="2265" HPOS="136"/>
<SP HEIGHT="49" WIDTH="17" VPOS="2283" HPOS="259"/>
<String CONTENT="place" HEIGHT="67" WIDTH="158" VPOS="2265" HPOS="277"/>
<SP HEIGHT="35" WIDTH="20" VPOS="2282" HPOS="436"/>
<String CONTENT="of" HEIGHT="52" WIDTH="63" VPOS="2265" HPOS="457"/>
<SP HEIGHT="51" WIDTH="21" VPOS="2265" HPOS="521"/>
<String CONTENT="help;" HEIGHT="67" WIDTH="162" VPOS="2265" HPOS="543"/>
<SP HEIGHT="48" WIDTH="26" VPOS="2284" HPOS="706"/>
<String CONTENT="a" HEIGHT="33" WIDTH="31" VPOS="2284" HPOS="733"/>
<SP HEIGHT="53" WIDTH="20" VPOS="2264" HPOS="765"/>
<String CONTENT="book" HEIGHT="53" WIDTH="147" VPOS="2264" HPOS="786"/>
<SP HEIGHT="53" WIDTH="20" VPOS="2264" HPOS="934"/>
<String CONTENT="of" HEIGHT="53" WIDTH="64" VPOS="2264" HPOS="955"/>
<SP HEIGHT="53" WIDTH="23" VPOS="2264" HPOS="1020"/>
<String CONTENT="devotional" HEIGHT="54" WIDTH="322" VPOS="2264" HPOS="1044"/>
<SP HEIGHT="53" WIDTH="23" VPOS="2264" HPOS="1367"/>
<String CONTENT="readings" HEIGHT="68" WIDTH="265" VPOS="2264" HPOS="1391"/>
<SP HEIGHT="48" WIDTH="27" VPOS="2285" HPOS="1657"/>
<String CS="1" CONTENT="[by]" HEIGHT="68" WIDTH="92" VPOS="2265" HPOS="1701"/>
<SP HEIGHT="67" WIDTH="29" VPOS="2266" HPOS="1794"/>
<String CONTENT="Oswald" HEIGHT="55" WIDTH="231" VPOS="2266" HPOS="1824"/>
</TextLine>
<TextLine HEIGHT="70" WIDTH="1849" VPOS="2341" HPOS="70" STYLEREFS="StyleId-5942F772-3983-44C9-A5C9-186CAEBFDBA3-" CS="1">
<String CONTENT="Chambers" HEIGHT="57" WIDTH="308" VPOS="2341" HPOS="70"/>
<SP HEIGHT="34" WIDTH="36" VPOS="2363" HPOS="379"/>
<String CS="1" CONTENT="&#8230;"/>
<SP HEIGHT="53" WIDTH="77" VPOS="2343" HPOS="472"/>
<String CONTENT="New" HEIGHT="53" WIDTH="138" VPOS="2343" HPOS="550"/>
<SP HEIGHT="51" WIDTH="33" VPOS="2344" HPOS="689"/>
<String CONTENT="York," HEIGHT="69" WIDTH="179" VPOS="2341" HPOS="723"/>
<SP HEIGHT="66" WIDTH="31" VPOS="2344" HPOS="903"/>
<String CONTENT="Dodd," HEIGHT="65" WIDTH="189" VPOS="2343" HPOS="935"/>
<SP HEIGHT="65" WIDTH="29" VPOS="2343" HPOS="1125"/>
<String CONTENT="Mead" HEIGHT="52" WIDTH="171" VPOS="2343" HPOS="1155"/>
<SP HEIGHT="53" WIDTH="34" VPOS="2343" HPOS="1327"/>
<String CONTENT="&amp;" HEIGHT="49" WIDTH="45" VPOS="2347" HPOS="1362"/>
<SP HEIGHT="49" WIDTH="29" VPOS="2347" HPOS="1408"/>
<String CONTENT="company," HEIGHT="51" WIDTH="296" VPOS="2360" HPOS="1438"/>
<SP HEIGHT="62" WIDTH="34" VPOS="2348" HPOS="1735"/>
<String CONTENT="1936." HEIGHT="49" WIDTH="149" VPOS="2348" HPOS="1770"/>
</TextLine>
<TextLine HEIGHT="48" WIDTH="685" VPOS="2429" HPOS="138" CS="1">
<String CONTENT="viii" HEIGHT="40" WIDTH="86" VPOS="2429" HPOS="138"/>
<SP HEIGHT="48" WIDTH="26" VPOS="2429" HPOS="225"/>
<String CONTENT="p.," HEIGHT="36" WIDTH="57" VPOS="2441" HPOS="252"/>
<SP HEIGHT="47" WIDTH="27" VPOS="2429" HPOS="310"/>
<String CONTENT="1" HEIGHT="39" WIDTH="24" VPOS="2429" HPOS="338"/>
<SP HEIGHT="39" WIDTH="26" VPOS="2429" HPOS="363"/>
<String CS="1" CONTENT="l.," HEIGHT="16" WIDTH="22" VPOS="2460" HPOS="413"/>
<SP HEIGHT="47" WIDTH="25" VPOS="2429" HPOS="436"/>
<String CONTENT="286" HEIGHT="40" WIDTH="87" VPOS="2429" HPOS="462"/>
<SP HEIGHT="47" WIDTH="24" VPOS="2429" HPOS="550"/>
<String CONTENT="p." HEIGHT="36" WIDTH="42" VPOS="2440" HPOS="575"/>
<SP HEIGHT="40" WIDTH="59" VPOS="2429" HPOS="618"/>
<String CS="1" CONTENT="18&#189;" HEIGHT="40" WIDTH="57" VPOS="2429" HPOS="678"/>
<String STYLE="superscript" CONTENT="cm" HEIGHT="21" WIDTH="44" VPOS="2431" HPOS="765"/>
<String CONTENT="." HEIGHT="8" WIDTH="9" VPOS="2460" HPOS="814"/>
</TextLine>
<TextLine HEIGHT="53" WIDTH="1991" VPOS="2498" HPOS="67" CS="1">
<String CONTENT="&#169;" HEIGHT="53" WIDTH="52" VPOS="2498" HPOS="67"/>
<SP HEIGHT="53" WIDTH="23" VPOS="2498" HPOS="120"/>
<String CONTENT="Feb." HEIGHT="39" WIDTH="109" VPOS="2502" HPOS="144"/>
<SP HEIGHT="39" WIDTH="22" VPOS="2502" HPOS="254"/>
<String CONTENT="28," HEIGHT="47" WIDTH="69" VPOS="2502" HPOS="277"/>
<SP HEIGHT="47" WIDTH="22" VPOS="2502" HPOS="347"/>
<String CS="1" CONTENT="1936;" HEIGHT="41" WIDTH="116" VPOS="2500" HPOS="370"/>
<SP HEIGHT="46" WIDTH="26" VPOS="2501" HPOS="509"/>
<String CONTENT="2c." HEIGHT="40" WIDTH="66" VPOS="2501" HPOS="536"/>
<SP HEIGHT="39" WIDTH="23" VPOS="2502" HPOS="603"/>
<String CONTENT="Mar." HEIGHT="38" WIDTH="122" VPOS="2502" HPOS="627"/>
<SP HEIGHT="40" WIDTH="22" VPOS="2500" HPOS="750"/>
<String CONTENT="2;" HEIGHT="47" WIDTH="53" VPOS="2500" HPOS="773"/>
<SP HEIGHT="36" WIDTH="26" VPOS="2511" HPOS="827"/>
<String CONTENT="aff." HEIGHT="41" WIDTH="82" VPOS="2500" HPOS="854"/>
<SP HEIGHT="39" WIDTH="23" VPOS="2502" HPOS="937"/>
<String CONTENT="Mar." HEIGHT="37" WIDTH="121" VPOS="2502" HPOS="961"/>
<SP HEIGHT="38" WIDTH="23" VPOS="2501" HPOS="1083"/>
<String CONTENT="4;" HEIGHT="46" WIDTH="53" VPOS="2501" HPOS="1107"/>
<SP HEIGHT="46" WIDTH="26" VPOS="2501" HPOS="1161"/>
<!-- cceid 97392A3F-6E3A-1014-83DD-942C093A1DD9 --><String CONTENT="A" HEIGHT="38" WIDTH="40" VPOS="2501" HPOS="1188"/>
<SP HEIGHT="40" WIDTH="22" VPOS="2500" HPOS="1229"/>
<String CONTENT="92091;" HEIGHT="47" WIDTH="169" VPOS="2499" HPOS="1252"/>
<SP HEIGHT="44" WIDTH="27" VPOS="2502" HPOS="1422"/>
<String CONTENT="Dodd," HEIGHT="47" WIDTH="153" VPOS="2501" HPOS="1450"/>
<SP HEIGHT="46" WIDTH="25" VPOS="2502" HPOS="1604"/>
<String CONTENT="Mead" HEIGHT="39" WIDTH="141" VPOS="2502" HPOS="1630"/>
<SP HEIGHT="40" WIDTH="25" VPOS="2501" HPOS="1772"/>
<String CONTENT="&amp;" HEIGHT="39" WIDTH="36" VPOS="2501" HPOS="1798"/>
<SP HEIGHT="39" WIDTH="22" VPOS="2501" HPOS="1835"/>
<String CS="1" CONTENT="co.," HEIGHT="30" WIDTH="67" VPOS="2511" HPOS="1858"/>
<SP HEIGHT="40" WIDTH="25" VPOS="2502" HPOS="1941"/>
<String CONTENT="inc." HEIGHT="41" WIDTH="91" VPOS="2502" HPOS="1967"/>
</TextLine>
<TextLine HEIGHT="47" WIDTH="249" VPOS="2558" HPOS="146">
<String CONTENT="(36-7147)" HEIGHT="47" WIDTH="249" VPOS="2558" HPOS="146"/>
</TextLine>
<TextLine HEIGHT="66" WIDTH="1237" VPOS="2659" HPOS="66" STYLEREFS="StyleId-B586CD16-2D6C-4AD2-9DCD-9113BF5B6872-">
<String CONTENT="Chekhov," HEIGHT="65" WIDTH="297" VPOS="2660" HPOS="66"/>
<SP HEIGHT="64" WIDTH="23" VPOS="2661" HPOS="364"/>
<String CONTENT="Anton" HEIGHT="52" WIDTH="200" VPOS="2661" HPOS="388"/>
<SP HEIGHT="52" WIDTH="24" VPOS="2661" HPOS="589"/>
<String CONTENT="Pavlovich," HEIGHT="64" WIDTH="336" VPOS="2659" HPOS="614"/>
<SP HEIGHT="58" WIDTH="28" VPOS="2665" HPOS="951"/>
<String CONTENT="1860-1904." HEIGHT="50" WIDTH="323" VPOS="2664" HPOS="980"/>
</TextLine>
<TextLine HEIGHT="70" WIDTH="1859" VPOS="2734" HPOS="196" STYLEREFS="StyleId-5942F772-3983-44C9-A5C9-186CAEBFDBA3-" CS="1">
<String CS="1" CONTENT="&#8230;"/>
<SP HEIGHT="52" WIDTH="44" VPOS="2737" HPOS="196"/>
<String CONTENT="Plays:" HEIGHT="69" WIDTH="204" VPOS="2735" HPOS="241"/>
<SP HEIGHT="51" WIDTH="41" VPOS="2736" HPOS="446"/>
<String CONTENT="The" HEIGHT="51" WIDTH="120" VPOS="2736" HPOS="488"/>
<SP HEIGHT="35" WIDTH="40" VPOS="2753" HPOS="609"/>
<String CONTENT="seagull," HEIGHT="69" WIDTH="235" VPOS="2735" HPOS="650"/>
<SP HEIGHT="67" WIDTH="41" VPOS="2735" HPOS="886"/>
<String CONTENT="The" HEIGHT="52" WIDTH="121" VPOS="2735" HPOS="928"/>
<SP HEIGHT="35" WIDTH="41" VPOS="2752" HPOS="1050"/>
<String CONTENT="cherry" HEIGHT="69" WIDTH="201" VPOS="2734" HPOS="1092"/>
<SP HEIGHT="50" WIDTH="41" VPOS="2753" HPOS="1294"/>
<String CONTENT="orchard," HEIGHT="68" WIDTH="261" VPOS="2734" HPOS="1336"/>
<SP HEIGHT="68" WIDTH="43" VPOS="2734" HPOS="1598"/>
<String CONTENT="On" HEIGHT="55" WIDTH="92" VPOS="2734" HPOS="1642"/>
<SP HEIGHT="48" WIDTH="39" VPOS="2739" HPOS="1735"/>
<String CONTENT="the" HEIGHT="53" WIDTH="96" VPOS="2735" HPOS="1775"/>
<SP HEIGHT="52" WIDTH="40" VPOS="2736" HPOS="1872"/>
<String CONTENT="high" HEIGHT="69" WIDTH="142" VPOS="2735" HPOS="1913"/>
</TextLine>
<TextLine HEIGHT="70" WIDTH="1994" VPOS="2812" HPOS="64" STYLEREFS="StyleId-5942F772-3983-44C9-A5C9-186CAEBFDBA3-">
<String CONTENT="road," HEIGHT="66" WIDTH="157" VPOS="2815" HPOS="64"/>
<SP HEIGHT="66" WIDTH="26" VPOS="2815" HPOS="222"/>
<String CONTENT="The" HEIGHT="53" WIDTH="124" VPOS="2814" HPOS="249"/>
<SP HEIGHT="35" WIDTH="23" VPOS="2832" HPOS="374"/>
<String CONTENT="wedding," HEIGHT="69" WIDTH="285" VPOS="2813" HPOS="398"/>
<SP HEIGHT="68" WIDTH="30" VPOS="2813" HPOS="684"/>
<String CONTENT="The" HEIGHT="52" WIDTH="120" VPOS="2813" HPOS="715"/>
<SP HEIGHT="50" WIDTH="29" VPOS="2831" HPOS="836"/>
<String CONTENT="proposal," HEIGHT="69" WIDTH="286" VPOS="2812" HPOS="866"/>
<SP HEIGHT="67" WIDTH="29" VPOS="2813" HPOS="1153"/>
<String CONTENT="The" HEIGHT="52" WIDTH="121" VPOS="2813" HPOS="1183"/>
<SP HEIGHT="34" WIDTH="30" VPOS="2831" HPOS="1305"/>
<String CONTENT="anniversary," HEIGHT="70" WIDTH="389" VPOS="2812" HPOS="1336"/>
<SP HEIGHT="65" WIDTH="28" VPOS="2815" HPOS="1726"/>
<String CONTENT="The" HEIGHT="53" WIDTH="123" VPOS="2814" HPOS="1755"/>
<SP HEIGHT="53" WIDTH="24" VPOS="2814" HPOS="1879"/>
<String CONTENT="bear," HEIGHT="67" WIDTH="154" VPOS="2814" HPOS="1904"/>
</TextLine>
<TextLine HEIGHT="71" WIDTH="1991" VPOS="2889" HPOS="65" STYLEREFS="StyleId-5942F772-3983-44C9-A5C9-186CAEBFDBA3-">
<String CONTENT="The" HEIGHT="55" WIDTH="119" VPOS="2892" HPOS="65"/>
<SP HEIGHT="50" WIDTH="34" VPOS="2897" HPOS="185"/>
<String CONTENT="three" HEIGHT="54" WIDTH="157" VPOS="2892" HPOS="220"/>
<SP HEIGHT="34" WIDTH="32" VPOS="2911" HPOS="378"/>
<String CONTENT="sisters;" HEIGHT="68" WIDTH="222" VPOS="2891" HPOS="411"/>
<SP HEIGHT="48" WIDTH="39" VPOS="2911" HPOS="634"/>
<String CONTENT="woodcuts" HEIGHT="53" WIDTH="286" VPOS="2892" HPOS="674"/>
<SP HEIGHT="54" WIDTH="33" VPOS="2891" HPOS="961"/>
<String CONTENT="by" HEIGHT="68" WIDTH="75" VPOS="2891" HPOS="995"/>
<SP HEIGHT="68" WIDTH="37" VPOS="2891" HPOS="1071"/>
<String CONTENT="Howard" HEIGHT="53" WIDTH="258" VPOS="2891" HPOS="1109"/>
<SP HEIGHT="57" WIDTH="38" VPOS="2889" HPOS="1368"/>
<String CONTENT="Simon." HEIGHT="57" WIDTH="215" VPOS="2889" HPOS="1407"/>
<SP HEIGHT="55" WIDTH="73" VPOS="2891" HPOS="1623"/>
<String CONTENT="New" HEIGHT="55" WIDTH="138" VPOS="2891" HPOS="1697"/>
<SP HEIGHT="54" WIDTH="38" VPOS="2892" HPOS="1836"/>
<String CONTENT="York," HEIGHT="68" WIDTH="181" VPOS="2892" HPOS="1875"/>
</TextLine>
<TextLine HEIGHT="68" WIDTH="910" VPOS="2970" HPOS="64" STYLEREFS="StyleId-5942F772-3983-44C9-A5C9-186CAEBFDBA3-">
<String CONTENT="The" HEIGHT="52" WIDTH="120" VPOS="2971" HPOS="64"/>
<SP HEIGHT="51" WIDTH="24" VPOS="2973" HPOS="185"/>
<String CONTENT="Three" HEIGHT="52" WIDTH="184" VPOS="2972" HPOS="210"/>
<SP HEIGHT="34" WIDTH="21" VPOS="2990" HPOS="395"/>
<String CONTENT="sirens" HEIGHT="54" WIDTH="178" VPOS="2970" HPOS="417"/>
<SP HEIGHT="49" WIDTH="25" VPOS="2989" HPOS="596"/>
<String CONTENT="press," HEIGHT="50" WIDTH="173" VPOS="2988" HPOS="622"/>
<SP HEIGHT="64" WIDTH="28" VPOS="2974" HPOS="796"/>
<String CONTENT="1935." HEIGHT="50" WIDTH="149" VPOS="2973" HPOS="825"/>
</TextLine>
<TextLine HEIGHT="52" WIDTH="1316" VPOS="3042" HPOS="132" CS="1">
<String CONTENT="4" HEIGHT="38" WIDTH="27" VPOS="3046" HPOS="132"/>
<SP HEIGHT="46" WIDTH="21" VPOS="3046" HPOS="160"/>
<String CS="1" CONTENT="p."/>
<SP/>
<String CS="1" CONTENT="l.," HEIGHT="17" WIDTH="9" VPOS="3076" HPOS="285"/>
<SP HEIGHT="49" WIDTH="24" VPOS="3044" HPOS="295"/>
<String CONTENT="3-328" HEIGHT="40" WIDTH="143" VPOS="3044" HPOS="320"/>
<SP HEIGHT="47" WIDTH="21" VPOS="3044" HPOS="464"/>
<String CONTENT="p." HEIGHT="37" WIDTH="43" VPOS="3054" HPOS="486"/>
<SP HEIGHT="39" WIDTH="26" VPOS="3045" HPOS="530"/>
<String CONTENT="incl." HEIGHT="40" WIDTH="108" VPOS="3044" HPOS="557"/>
<SP HEIGHT="39" WIDTH="27" VPOS="3044" HPOS="666"/>
<String CONTENT="front.," HEIGHT="50" WIDTH="164" VPOS="3044" HPOS="694"/>
<SP HEIGHT="50" WIDTH="25" VPOS="3044" HPOS="859"/>
<String CONTENT="illus." HEIGHT="40" WIDTH="127" VPOS="3043" HPOS="885"/>
<SP HEIGHT="37" WIDTH="57" VPOS="3053" HPOS="1013"/>
<String CONTENT="plates." HEIGHT="47" WIDTH="170" VPOS="3043" HPOS="1071"/>
<SP HEIGHT="41" WIDTH="58" VPOS="3042" HPOS="1242"/>
<String CS="1" CONTENT="21&#189;" HEIGHT="39" WIDTH="55" VPOS="3042" HPOS="1301"/>
<String STYLE="superscript" CONTENT="cm" HEIGHT="22" WIDTH="46" VPOS="3045" HPOS="1390"/>
<String CONTENT="." HEIGHT="9" WIDTH="9" VPOS="3075" HPOS="1439"/>
</TextLine>
<TextLine HEIGHT="43" WIDTH="914" VPOS="3113" HPOS="135">
<String CONTENT="At" HEIGHT="40" WIDTH="62" VPOS="3115" HPOS="135"/>
<SP HEIGHT="39" WIDTH="26" VPOS="3116" HPOS="198"/>
<String CONTENT="head" HEIGHT="40" WIDTH="123" VPOS="3116" HPOS="225"/>
<SP HEIGHT="38" WIDTH="26" VPOS="3117" HPOS="349"/>
<String CONTENT="of" HEIGHT="40" WIDTH="53" VPOS="3115" HPOS="376"/>
<SP HEIGHT="40" WIDTH="24" VPOS="3115" HPOS="430"/>
<String CONTENT="title:" HEIGHT="41" WIDTH="133" VPOS="3114" HPOS="455"/>
<SP HEIGHT="40" WIDTH="27" VPOS="3114" HPOS="589"/>
<String CONTENT="Anton" HEIGHT="41" WIDTH="162" VPOS="3114" HPOS="617"/>
<SP HEIGHT="42" WIDTH="27" VPOS="3113" HPOS="780"/>
<String CONTENT="Chekhov." HEIGHT="42" WIDTH="241" VPOS="3113" HPOS="808"/>
</TextLine>
<TextLine HEIGHT="49" WIDTH="1290" VPOS="3170" HPOS="137">
<String CONTENT="Includes" HEIGHT="41" WIDTH="224" VPOS="3171" HPOS="137"/>
<SP HEIGHT="30" WIDTH="24" VPOS="3182" HPOS="362"/>
<String CONTENT="also" HEIGHT="40" WIDTH="102" VPOS="3172" HPOS="387"/>
<SP HEIGHT="40" WIDTH="22" VPOS="3172" HPOS="490"/>
<String CONTENT="&#8220;A" HEIGHT="39" WIDTH="69" VPOS="3171" HPOS="513"/>
<SP HEIGHT="40" WIDTH="23" VPOS="3171" HPOS="583"/>
<String CONTENT="tragedian" HEIGHT="47" WIDTH="256" VPOS="3172" HPOS="607"/>
<SP HEIGHT="39" WIDTH="24" VPOS="3172" HPOS="864"/>
<String CONTENT="in" HEIGHT="39" WIDTH="49" VPOS="3172" HPOS="889"/>
<SP HEIGHT="30" WIDTH="23" VPOS="3182" HPOS="939"/>
<String CONTENT="spite" HEIGHT="48" WIDTH="124" VPOS="3171" HPOS="963"/>
<SP HEIGHT="29" WIDTH="26" VPOS="3182" HPOS="1088"/>
<String CONTENT="of" HEIGHT="40" WIDTH="52" VPOS="3171" HPOS="1115"/>
<SP HEIGHT="39" WIDTH="19" VPOS="3171" HPOS="1168"/>
<String CONTENT="himself&#8221;." HEIGHT="43" WIDTH="239" VPOS="3170" HPOS="1188"/>
</TextLine>
<TextLine HEIGHT="111" WIDTH="1987" VPOS="3242" HPOS="69" CS="1">
<String CONTENT="&#169;" HEIGHT="52" WIDTH="52" VPOS="3242" HPOS="69"/>
<SP HEIGHT="52" WIDTH="29" VPOS="3242" HPOS="122"/>
<String CONTENT="Oct." HEIGHT="40" WIDTH="101" VPOS="3246" HPOS="152"/>
<SP HEIGHT="40" WIDTH="28" VPOS="3246" HPOS="254"/>
<String CONTENT="1," HEIGHT="46" WIDTH="39" VPOS="3246" HPOS="283"/>
<SP HEIGHT="46" WIDTH="29" VPOS="3246" HPOS="323"/>
<String CONTENT="1935;" HEIGHT="47" WIDTH="139" VPOS="3244" HPOS="353"/>
<SP HEIGHT="46" WIDTH="31" VPOS="3245" HPOS="493"/>
<String CONTENT="2c." HEIGHT="40" WIDTH="67" VPOS="3245" HPOS="525"/>
<SP HEIGHT="40" WIDTH="31" VPOS="3245" HPOS="593"/>
<String CONTENT="Feb." HEIGHT="39" WIDTH="109" VPOS="3245" HPOS="625"/>
<SP HEIGHT="37" WIDTH="33" VPOS="3246" HPOS="735"/>
<String CONTENT="7," HEIGHT="45" WIDTH="37" VPOS="3246" HPOS="769"/>
<SP HEIGHT="46" WIDTH="30" VPOS="3245" HPOS="807"/>
<String CONTENT="1936;" HEIGHT="46" WIDTH="140" VPOS="3244" HPOS="838"/>
<SP HEIGHT="35" WIDTH="33" VPOS="3255" HPOS="979"/>
<String CONTENT="aff." HEIGHT="41" WIDTH="82" VPOS="3243" HPOS="1013"/>
<SP HEIGHT="39" WIDTH="29" VPOS="3245" HPOS="1096"/>
<String CONTENT="Mar." HEIGHT="39" WIDTH="121" VPOS="3245" HPOS="1126"/>
<SP HEIGHT="39" WIDTH="31" VPOS="3245" HPOS="1248"/>
<String CONTENT="5;" HEIGHT="45" WIDTH="52" VPOS="3245" HPOS="1280"/>
<SP HEIGHT="45" WIDTH="33" VPOS="3245" HPOS="1333"/>
<!-- cceid 9739DF68-6E3A-1014-83DD-942C093A1DD9 --><String CONTENT="A" HEIGHT="39" WIDTH="43" VPOS="3245" HPOS="1367"/>
<SP HEIGHT="40" WIDTH="26" VPOS="3244" HPOS="1411"/>
<String CONTENT="93024;" HEIGHT="49" WIDTH="170" VPOS="3244" HPOS="1438"/>
<SP HEIGHT="45" WIDTH="34" VPOS="3248" HPOS="1609"/>
<String CONTENT="Illustrated" HEIGHT="39" WIDTH="286" VPOS="3248" HPOS="1644"/>
<SP HEIGHT="39" WIDTH="32" VPOS="3249" HPOS="1931"/>
<String CONTENT="editions" HEIGHT="93" WIDTH="1904" VPOS="3248" HPOS="137"/>
<SP HEIGHT="28" WIDTH="38" VPOS="3313" HPOS="267"/>
<String CONTENT="co.," HEIGHT="36" WIDTH="81" VPOS="3312" HPOS="306"/>
<SP HEIGHT="46" WIDTH="42" VPOS="3302" HPOS="388"/>
<String CONTENT="inc.," HEIGHT="47" WIDTH="103" VPOS="3302" HPOS="431"/>
<SP HEIGHT="47" WIDTH="39" VPOS="3302" HPOS="535"/>
<String CONTENT="New" HEIGHT="38" WIDTH="119" VPOS="3302" HPOS="575"/>
<SP HEIGHT="37" WIDTH="38" VPOS="3302" HPOS="695"/>
<String CONTENT="York." HEIGHT="40" WIDTH="144" VPOS="3301" HPOS="734"/>
<SP HEIGHT="29" WIDTH="74" VPOS="3320" HPOS="879"/>
<String CONTENT="[Copyright" HEIGHT="50" WIDTH="278" VPOS="3299" HPOS="954"/>
<SP HEIGHT="40" WIDTH="41" VPOS="3301" HPOS="1233"/>
<String CONTENT="is" HEIGHT="40" WIDTH="41" VPOS="3301" HPOS="1275"/>
<SP HEIGHT="29" WIDTH="42" VPOS="3312" HPOS="1317"/>
<String CONTENT="claimed" HEIGHT="42" WIDTH="206" VPOS="3300" HPOS="1360"/>
<SP HEIGHT="40" WIDTH="41" VPOS="3303" HPOS="1567"/>
<String CONTENT="on" HEIGHT="30" WIDTH="59" VPOS="3313" HPOS="1609"/>
<SP HEIGHT="40" WIDTH="42" VPOS="3302" HPOS="1669"/>
<String CONTENT="illustrations]" HEIGHT="51" WIDTH="344" VPOS="3302" HPOS="1712"/>
</TextLine>
<TextLine HEIGHT="48" WIDTH="248" VPOS="3358" HPOS="147">
<String CONTENT="(36-7130)" HEIGHT="48" WIDTH="248" VPOS="3358" HPOS="147"/>
</TextLine>
<TextLine HEIGHT="64" WIDTH="832" VPOS="3459" HPOS="70" STYLEREFS="StyleId-B586CD16-2D6C-4AD2-9DCD-9113BF5B6872-">
<String CONTENT="Chideckel," HEIGHT="64" WIDTH="325" VPOS="3459" HPOS="70"/>
<SP HEIGHT="62" WIDTH="26" VPOS="3461" HPOS="396"/>
<String CONTENT="Maurice," HEIGHT="62" WIDTH="279" VPOS="3459" HPOS="423"/>
<SP HEIGHT="55" WIDTH="29" VPOS="3466" HPOS="703"/>
<String CONTENT="1876-" HEIGHT="53" WIDTH="169" VPOS="3461" HPOS="733"/>
</TextLine>
<TextLine HEIGHT="304" WIDTH="1964" VPOS="3534" HPOS="70" STYLEREFS="StyleId-5942F772-3983-44C9-A5C9-186CAEBFDBA3-" CS="1">
<String CONTENT="The" HEIGHT="53" WIDTH="119" VPOS="3536" HPOS="139"/>
<SP HEIGHT="34" WIDTH="33" VPOS="3555" HPOS="259"/>
<String CONTENT="single," HEIGHT="68" WIDTH="198" VPOS="3536" HPOS="293"/>
<SP HEIGHT="63" WIDTH="33" VPOS="3540" HPOS="492"/>
<String CONTENT="the" HEIGHT="53" WIDTH="95" VPOS="3536" HPOS="526"/>
<SP HEIGHT="34" WIDTH="35" VPOS="3555" HPOS="622"/>
<String CONTENT="engaged" HEIGHT="69" WIDTH="253" VPOS="3536" HPOS="658"/>
<SP HEIGHT="53" WIDTH="36" VPOS="3536" HPOS="912"/>
<String CONTENT="and" HEIGHT="53" WIDTH="112" VPOS="3536" HPOS="949"/>
<SP HEIGHT="53" WIDTH="28" VPOS="3536" HPOS="1062"/>
<String CONTENT="the" HEIGHT="55" WIDTH="96" VPOS="3536" HPOS="1091"/>
<SP HEIGHT="34" WIDTH="30" VPOS="3557" HPOS="1188"/>
<String CONTENT="married," HEIGHT="65" WIDTH="267" VPOS="3534" HPOS="1219"/>
<SP HEIGHT="64" WIDTH="33" VPOS="3535" HPOS="1487"/>
<String CONTENT="by" HEIGHT="68" WIDTH="74" VPOS="3535" HPOS="1521"/>
<SP HEIGHT="67" WIDTH="35" VPOS="3536" HPOS="1596"/>
<String CONTENT="Maurice" HEIGHT="54" WIDTH="258" VPOS="3536" HPOS="1632"/>
<SP HEIGHT="55" WIDTH="33" VPOS="3537" HPOS="1891"/>
<String CONTENT="Chideckel," HEIGHT="143" WIDTH="1962" VPOS="3536" HPOS="71"/>
<SP HEIGHT="46" WIDTH="26" VPOS="3633" HPOS="279"/>
<String CONTENT="m." HEIGHT="33" WIDTH="65" VPOS="3633" HPOS="306"/>
<SP HEIGHT="32" WIDTH="27" VPOS="3634" HPOS="372"/>
<String CS="1" CONTENT="d.;" HEIGHT="32" WIDTH="48" VPOS="3634" HPOS="400"/>
<SP HEIGHT="44" WIDTH="28" VPOS="3633" HPOS="478"/>
<String CONTENT="with" HEIGHT="52" WIDTH="139" VPOS="3614" HPOS="507"/>
<SP HEIGHT="51" WIDTH="28" VPOS="3615" HPOS="647"/>
<String CONTENT="a" HEIGHT="32" WIDTH="31" VPOS="3634" HPOS="676"/>
<SP HEIGHT="47" WIDTH="28" VPOS="3634" HPOS="708"/>
<String CONTENT="preface" HEIGHT="67" WIDTH="229" VPOS="3614" HPOS="737"/>
<SP HEIGHT="52" WIDTH="25" VPOS="3615" HPOS="967"/>
<String CONTENT="by" HEIGHT="65" WIDTH="74" VPOS="3615" HPOS="993"/>
<SP HEIGHT="65" WIDTH="26" VPOS="3615" HPOS="1068"/>
<String CONTENT="T." HEIGHT="51" WIDTH="65" VPOS="3615" HPOS="1095"/>
<SP HEIGHT="55" WIDTH="31" VPOS="3613" HPOS="1161"/>
<String CONTENT="Swann" HEIGHT="55" WIDTH="209" VPOS="3613" HPOS="1193"/>
<SP HEIGHT="51" WIDTH="27" VPOS="3615" HPOS="1403"/>
<String CONTENT="Harding" HEIGHT="69" WIDTH="275" VPOS="3614" HPOS="1431"/>
<SP HEIGHT="50" WIDTH="23" VPOS="3633" HPOS="1707"/>
<String CONTENT="and" HEIGHT="51" WIDTH="112" VPOS="3616" HPOS="1731"/>
<SP HEIGHT="51" WIDTH="30" VPOS="3616" HPOS="1844"/>
<String CONTENT="an" HEIGHT="33" WIDTH="70" VPOS="3634" HPOS="1875"/>
<SP HEIGHT="52" WIDTH="28" VPOS="3615" HPOS="1946"/>
<String CONTENT="introduction" HEIGHT="129" WIDTH="1963" VPOS="3615" HPOS="70"/>
<SP HEIGHT="51" WIDTH="22" VPOS="3693" HPOS="391"/>
<String CONTENT="by" HEIGHT="66" WIDTH="75" VPOS="3693" HPOS="414"/>
<SP HEIGHT="67" WIDTH="20" VPOS="3692" HPOS="490"/>
<String CONTENT="Dr." HEIGHT="52" WIDTH="102" VPOS="3692" HPOS="511"/>
<SP HEIGHT="51" WIDTH="25" VPOS="3693" HPOS="614"/>
<String CONTENT="Benjamin" HEIGHT="66" WIDTH="301" VPOS="3691" HPOS="640"/>
<SP HEIGHT="55" WIDTH="31" VPOS="3691" HPOS="942"/>
<String CONTENT="S." HEIGHT="55" WIDTH="56" VPOS="3691" HPOS="974"/>
<SP HEIGHT="52" WIDTH="24" VPOS="3692" HPOS="1031"/>
<String CONTENT="Abeshouso." HEIGHT="53" WIDTH="342" VPOS="3691" HPOS="1056"/>
<SP HEIGHT="50" WIDTH="62" VPOS="3693" HPOS="1399"/>
<String CONTENT="New" HEIGHT="51" WIDTH="137" VPOS="3693" HPOS="1462"/>
<SP HEIGHT="51" WIDTH="26" VPOS="3693" HPOS="1600"/>
<String CONTENT="York," HEIGHT="65" WIDTH="180" VPOS="3693" HPOS="1627"/>
<SP HEIGHT="64" WIDTH="24" VPOS="3694" HPOS="1808"/>
<String CONTENT="Eugenics" HEIGHT="127" WIDTH="1963" VPOS="3694" HPOS="71"/>
<SP HEIGHT="48" WIDTH="21" VPOS="3787" HPOS="147"/>
<String CONTENT="publishing" HEIGHT="69" WIDTH="333" VPOS="3769" HPOS="169"/>
<SP HEIGHT="50" WIDTH="23" VPOS="3788" HPOS="503"/>
<String CONTENT="company," HEIGHT="49" WIDTH="296" VPOS="3788" HPOS="527"/>
<SP HEIGHT="67" WIDTH="26" VPOS="3768" HPOS="824"/>
<String CONTENT="inc." HEIGHT="54" WIDTH="105" VPOS="3768" HPOS="851"/>
<SP HEIGHT="33" WIDTH="34" VPOS="3802" HPOS="957"/>
<String STYLE="subscript" CONTENT="[" HEIGHT="33" WIDTH="12" VPOS="3802" HPOS="992"/>
<String STYLE="superscript" CONTENT="c" HEIGHT="21" WIDTH="18" VPOS="3776" HPOS="1009"/>
<String CS="1" CONTENT="1936]" HEIGHT="48" WIDTH="133" VPOS="3773" HPOS="1033"/>
</TextLine>
<TextLine HEIGHT="50" WIDTH="626" VPOS="3842" HPOS="141" STYLEREFS="StyleId-5942F772-3983-44C9-A5C9-186CAEBFDBA3-" CS="1">
<String CONTENT="xxxiii," HEIGHT="48" WIDTH="170" VPOS="3842" HPOS="141"/>
<SP HEIGHT="47" WIDTH="26" VPOS="3843" HPOS="312"/>
<String CONTENT="268," HEIGHT="45" WIDTH="99" VPOS="3843" HPOS="339"/>
<SP HEIGHT="29" WIDTH="31" VPOS="3863" HPOS="439"/>
<String CS="1" CONTENT="[2]" HEIGHT="48" WIDTH="41" VPOS="3844" HPOS="484"/>
<SP HEIGHT="38" WIDTH="26" VPOS="3854" HPOS="526"/>
<String CONTENT="p." HEIGHT="37" WIDTH="42" VPOS="3854" HPOS="553"/>
<SP HEIGHT="39" WIDTH="55" VPOS="3844" HPOS="596"/>
<String CONTENT="21" HEIGHT="38" WIDTH="55" VPOS="3844" HPOS="652"/>
<String STYLE="superscript" CONTENT="cm" HEIGHT="22" WIDTH="44" VPOS="3845" HPOS="711"/>
<String CONTENT="." HEIGHT="7" WIDTH="8" VPOS="3875" HPOS="759"/>
</TextLine>
<TextLine HEIGHT="51" WIDTH="883" VPOS="3910" HPOS="143" CS="1">
<String CONTENT="&#8220;Authorities" HEIGHT="42" WIDTH="329" VPOS="3910" HPOS="143"/>
<SP HEIGHT="29" WIDTH="26" VPOS="3923" HPOS="473"/>
<String CS="1" CONTENT="consulted&#8221;:" HEIGHT="41" WIDTH="278" VPOS="3912" HPOS="500"/>
<SP HEIGHT="36" WIDTH="30" VPOS="3924" HPOS="808"/>
<String CONTENT="p." HEIGHT="36" WIDTH="42" VPOS="3924" HPOS="839"/>
<SP HEIGHT="30" WIDTH="31" VPOS="3931" HPOS="882"/>
<String CONTENT="[269]" HEIGHT="49" WIDTH="112" VPOS="3912" HPOS="914"/>
</TextLine>
<TextLine HEIGHT="59" WIDTH="1983" VPOS="3975" HPOS="73" CS="1">
<String CONTENT="&#169;" HEIGHT="53" WIDTH="51" VPOS="3975" HPOS="73"/>
<SP HEIGHT="53" WIDTH="28" VPOS="3975" HPOS="125"/>
<String CONTENT="Feb." HEIGHT="40" WIDTH="107" VPOS="3981" HPOS="154"/>
<SP HEIGHT="38" WIDTH="28" VPOS="3983" HPOS="262"/>
<String CONTENT="19," HEIGHT="43" WIDTH="67" VPOS="3981" HPOS="291"/>
<SP HEIGHT="40" WIDTH="30" VPOS="3984" HPOS="359"/>
<String CS="1" CONTENT="1936;" HEIGHT="41" WIDTH="116" VPOS="3981" HPOS="390"/>
<SP HEIGHT="46" WIDTH="30" VPOS="3982" HPOS="530"/>
<String CONTENT="2c." HEIGHT="40" WIDTH="65" VPOS="3982" HPOS="561"/>
<SP HEIGHT="37" WIDTH="33" VPOS="3984" HPOS="627"/>
<String CONTENT="Feb." HEIGHT="38" WIDTH="108" VPOS="3984" HPOS="661"/>
<SP HEIGHT="39" WIDTH="30" VPOS="3983" HPOS="770"/>
<String CONTENT="24;" HEIGHT="45" WIDTH="82" VPOS="3983" HPOS="801"/>
<SP HEIGHT="34" WIDTH="32" VPOS="3994" HPOS="884"/>
<String CONTENT="aff." HEIGHT="40" WIDTH="82" VPOS="3983" HPOS="917"/>
<SP HEIGHT="40" WIDTH="30" VPOS="3983" HPOS="1000"/>
<String CONTENT="Feb." HEIGHT="40" WIDTH="109" VPOS="3983" HPOS="1031"/>
<SP HEIGHT="39" WIDTH="30" VPOS="3982" HPOS="1141"/>
<String CONTENT="25;" HEIGHT="47" WIDTH="81" VPOS="3982" HPOS="1172"/>
<SP HEIGHT="45" WIDTH="32" VPOS="3984" HPOS="1254"/>
<!-- cceid 973A906F-6E3A-1014-83DD-942C093A1DD9 --><String CONTENT="A" HEIGHT="39" WIDTH="41" VPOS="3984" HPOS="1287"/>
<SP HEIGHT="41" WIDTH="28" VPOS="3983" HPOS="1329"/>
<String CONTENT="91922;" HEIGHT="48" WIDTH="168" VPOS="3983" HPOS="1358"/>
<SP HEIGHT="46" WIDTH="35" VPOS="3985" HPOS="1527"/>
<String CONTENT="Eugenics" HEIGHT="49" WIDTH="237" VPOS="3985" HPOS="1563"/>
<SP HEIGHT="37" WIDTH="30" VPOS="3997" HPOS="1801"/>
<String CONTENT="pub." HEIGHT="48" WIDTH="109" VPOS="3986" HPOS="1832"/>
<SP HEIGHT="29" WIDTH="32" VPOS="3997" HPOS="1942"/>
<String CONTENT="co.," HEIGHT="39" WIDTH="81" VPOS="3995" HPOS="1975"/>
</TextLine>
<TextLine HEIGHT="50" WIDTH="406" VPOS="4037" HPOS="142">
<String CONTENT="inc." HEIGHT="41" WIDTH="88" VPOS="4037" HPOS="142"/>
<SP HEIGHT="47" WIDTH="69" VPOS="4040" HPOS="231"/>
<String CONTENT="(36-7090)" HEIGHT="48" WIDTH="247" VPOS="4039" HPOS="301"/>
</TextLine>
</TextBlock>
</PrintSpace>
</Page>
</Layout>
</alto>