2519 4377
1255 4133 136 51 1466

390 530 90 40 318
511 541 43 37 p.
617 529 58 40 22
678 532 45 21 cm
728 561 8 8 .

394 586 323 41 “Translated
748 586 61 46 by
838 588 142 38 Irene
1008 586 246 46 Clephane
1283 589 96 39 and
1410 586 160 42 David
1601 587 235 42 Hallett.”

395 643 163 41 “First
589 642 261 49 published
876 642 159 42 1936.”

316 709 53 53 ©
458 745 9 8 1c.
501 714 129 47 Sept.
663 714 69 48 11,
766 713 142 48 1936;
942 715 41 38 A
1016 713 61 39 ad
1108 713 88 41 int.
1228 713 172 48 21825;
1434 714 144 48 pubd.
1613 715 120 46 Aug.
1763 715 83 47 31;
1881 716 265 46 Hareourt,
2180 715 156 39 Brace

387 770 35 40 &
455 780 83 38 co.,
571 770 108 48 inc.,
712 771 119 39 New
863 771 146 41 York.
1082 770 283 50 (36-22649)

315 876 312 65 Maynard,
658 876 306 54 Lorraine.

392 963 216 57 Genius
649 964 62 55 in
751 965 308 70 chrysalis;
1102 965 200 56 locked
1343 966 169 55 doors
1553 986 74 34 on
1665 971 293 65 greatness
1997 963 223 72 within,
2260 966 74 70 by

319 1043 1953 71 Lorraine Maynard; with introduction by David Seabury …
321 1122 138 54 New
496 1122 166 53 York
701 1127 141 64 [etc.]
880 1123 349 68 Longmans,
1264 1121 188 56 Green
1486 1123 114 53 and
1635 1141 99 50 co.,
1770 1126 150 51 1936.

389 1204 78 37 xv,
497 1193 86 41 184
614 1204 44 38 p.
719 1193 58 41 19½
807 1196 45 21 cm
856 1225 10 10 .

392 1251 163 40 “First
587 1250 230 41 edition.”

390 1307 286 48 Imaginary
716 1317 166 31 scenes
920 1307 129 41 from
1089 1309 83 41 the
1212 1309 136 48 early
1388 1318 143 40 years
1571 1310 52 39 of
1666 1310 197 47 Rachel,
1905 1311 176 40 Cotton
2126 1311 206 48 Mather,

321 1365 181 41 Robert
539 1365 294 49 Schumann,
871 1365 160 40 Marie
1064 1366 347 48 Bashkirtseff,
1451 1367 78 40 Sir
1562 1367 169 47 Henry
1768 1368 194 39 Morton
2001 1367 216 48 Stanley,
2257 1366 76 43 Sir

318 1422 167 41 James
520 1422 190 49 Barrie,
748 1422 205 40 Isadora
987 1423 221 48 Duncan,
1244 1423 165 48 Edgar
1442 1424 146 39 Allan
1623 1424 110 39 Poe.

393 1477 209 43 “Source
632 1479 260 40 material”
925 1481 51 39 at
1007 1480 93 40 end
1132 1480 52 40 of
1214 1481 121 39 each
1366 1480 216 49 chapter.

316 1548 2020 54 © Sept. 30, 1936; 2c. and aff. Oct. 10; A 98875; L. Maynard, New York.
398 1609 283 51 (36-23878)

318 1714 207 66 Millin,
550 1718 140 51 Mrs.
719 1715 192 56 Sarah
941 1715 295 54 Gertrude
1268 1714 316 67 (Liebson)

389 1794 247 53 General
664 1794 212 66 Smuts,
898 1793 76 66 by
998 1793 186 55 Sarah
1209 1792 285 56 Gertrude
1518 1793 212 53 Millin.
1798 1794 260 68 [Volume]
2087 1797 47 50 2.
320 1796 1992 142 Boston,

461 1872 195 66 Little,
683 1874 232 65 Brown,
939 1872 113 53 and
1079 1891 300 48 company,
1407 1875 150 50 1936.

384 1944 1401 51 viii p., 2 l., [3]—460 p. front., plates, ports. 22½ cm .
317 2011 52 53 ©
402 2016 116 39 Nov.
553 2016 39 48 6,
623 2014 142 48 1936;
800 2016 68 39 2c.
902 2015 98 39 and
1031 2014 82 42 aff.
1147 2016 118 39 Nov.
1301 2016 51 43 7;
1390 2016 39 38 A
1462 2014 200 49 100332;
1703 2016 44 40 S.
1783 2016 51 39 G.
1871 2014 174 49 Millin,
2080 2012 255 48 Westcliff,

388 2072 390 49 Johannesburg,
809 2072 151 42 South
988 2071 187 41 Africa.

316 2176 244 54 Murder
591 2177 263 66 manual;
892 2196 31 34 a
955 2176 308 54 handbook
1298 2177 94 53 for
1422 2181 253 64 mystery
1710 2182 156 62 story
1901 2177 240 53 writers.
2219 2175 116 56 San

386 2258 204 66 Diego,
617 2254 196 70 Calif.,
836 2257 122 53 The
982 2255 205 68 Wight
1211 2257 174 52 house
1411 2274 156 50 press
1598 2290 12 33 [
1616 2262 17 21 c
1640 2259 152 64 1936]

388 2326 284 49 120 p. 16 cm.
390 2383 400 42 “Introduction”
826 2384 196 47 signed:
1060 2384 61 40 H.
1155 2385 51 41 F.
1244 2384 180 48 Wight,
1461 2385 171 39 editor.

391 2441 120 40 Part
539 2450 90 31 one
658 2441 96 39 and
783 2441 246 47 appendix
1056 2441 61 47 by
1145 2442 143 39 Irene
1316 2441 54 40 E.
1398 2441 186 47 Young.

317 2510 52 53 ©
402 2515 128 47 Sept.
559 2514 71 47 30,
660 2512 141 49 1936;
834 2514 68 41 2c.
933 2513 96 40 and
1060 2513 81 40 aff.
1174 2513 102 41 Oct.
1308 2514 52 47 5;
1393 2515 40 38 A
1463 2511 172 49 99156;
1670 2513 166 46 Wight
1866 2513 150 40 house
2043 2521 151 40 press.

397 2570 283 49 (36-24069)

316 2675 259 66 Obourn,
602 2674 322 54 Ellsworth
950 2676 187 65 Scott,
1166 2677 173 54 1897-

379 2750 245 55 Modern
659 2749 214 56 science
908 2750 316 70 problems;
1262 2769 32 35 a
1327 2750 272 55 textbook
1631 2750 60 53 in
1724 2751 232 69 general
1992 2749 232 70 science,
2257 2748 72 71 by

311 2826 2023 69 Ellsworth S. Obourn … and Elwood D. Heiss … St. Louis,
310 2908 134 71 Mo.,
472 2909 262 56 Webster
764 2908 339 71 publishing
1132 2927 283 52 company
1630 2941 14 35 [c1936]

378 2981 891 51 v, 322 p. illus., diagrs. 28 x 22 cm.
380 3038 226 43 Includes
641 3039 396 50 bibliographies.

319 3107 52 53 ©
408 3111 101 42 Oct.
546 3112 69 47 10,
650 3112 142 48 1936;
828 3112 68 41 2c.
934 3113 102 42 Oct.
1072 3113 82 47 13;
1195 3113 81 41 aff.
1315 3113 102 39 Oct.
1455 3114 81 45 14;
1575 3114 40 38 A
1651 3112 171 43 98895;
1863 3112 222 41 Webster
2120 3112 110 46 pub.
2267 3120 66 30 co.

406 3168 269 49 [Copyright
702 3170 43 39 is
773 3169 207 40 claimed
1010 3180 60 29 on
1098 3168 270 41 additional
1403 3171 194 48 matter]
1667 3168 282 50 (36-23864)

319 3272 337 67 O’Donnell,
683 3272 209 55 Edwin
916 3275 63 55 P.

391 3350 186 55 Green
621 3351 259 67 margins
946 3352 75 66 [by]
1092 3353 63 51 E.
1204 3354 63 51 P.
1316 3351 338 55 O’Donnell.
1733 3353 234 64 Boston,
2014 3350 318 66 Houghton

320 3428 203 53 Mifflin
548 3446 300 50 company,
877 3433 151 52 1936.

386 3501 678 51 6 p. l., [3]-99 p. 21½ cm .
387 3561 139 46 Maps
560 3570 58 29 on
655 3559 364 49 lining-papers.

319 3612 55 53 ©
413 3616 101 42 Oct.
553 3616 40 49 2,
629 3616 143 48 1936;
813 3616 67 40 2c.
922 3617 93 39 and
1057 3616 81 41 aff.
1179 3617 102 40 Oct.
1324 3618 51 40 5;
1418 3617 36 39 A
1496 3615 171 43 99175;
1711 3617 51 37 E.
1805 3616 48 39 P.
1896 3614 281 43 O'Donnell.
2219 3615 114 38 New

390 3673 219 41 Orleans.

321 3777 168 54 Ohio.
564 3780 186 64 Laws,
774 3785 258 60 statutes,
1059 3784 100 48 etc.

454 3853 1877 69 … Baldwin’s Ohio digest service, the sixty-ninth issue of
322 3934 94 51 the
449 3932 151 54 Ohio
634 3933 346 54 cumulative
1013 3933 214 67 digest;
1264 3953 27 33 a
1328 3933 183 67 digest
1547 3932 62 52 of
1642 3938 227 46 current
1903 3931 304 67 published
325 3932 1981 131 decisions
574 4011 62 52 of
682 4012 95 54 the
819 4017 190 48 courts
1054 4013 62 51 of
1161 4011 169 67 Ohio,
1375 4011 153 53 from
1575 4011 331 66 September
1953 4014 81 49 16.
2080 4012 150 51 1935.
2275 4013 58 50 to
