2519 4377
1052 4077 100 50 969

118 433 339 64 Hoffmann,
482 434 223 52 Walter
731 431 221 64 Gailey.

185 522 211 53 Pacific
432 521 297 68 relations;
767 522 95 53 the
898 538 152 36 races
1087 522 110 53 and
1235 521 226 53 nations
1497 520 64 52 of
1597 521 94 52 the
1727 520 211 54 Pacific
1976 539 128 35 area

117 598 1988 70 and their problems, by Walter Gailey Hoffmann … With a
116 676 1966 148 foreword by Rufus B. von Kleinsmid … New York and London, McGraw Hill book company, inc. [ c 1936]
187 842 98 48 xix,
317 840 83 42 539
431 851 43 38 p.
533 841 129 40 illus.
690 840 135 50 (incl.
854 843 162 47 ports.,
1045 839 161 49 maps)
1274 840 55 40 21
1333 842 44 22 cm
1382 871 8 10 .

190 913 139 47 Maps
360 922 60 30 on
451 911 362 49 lining-papers.

190 969 246 41 “Selected
473 968 247 41 reference
754 969 95 39 and
885 968 250 41 collateral
1172 966 254 50 readings”
1461 970 52 38 at
1548 969 91 39 end
1675 968 52 40 of
1760 969 118 40 each
1915 969 164 41 “unit”
2097 981 9 36 ;

120 1026 373 48 Bibliography:
524 1038 43 38 p.
595 1025 218 42 497-504.

116 1093 53 53 ©
198 1097 115 47 July
342 1096 39 50 8,
414 1096 116 41 1936
545 1109 8 35 ;
587 1097 66 38 2c.
687 1096 115 47 July
833 1097 81 46 14;
949 1095 80 40 aff.
1064 1095 114 47 July
1210 1096 80 47 15;
1326 1097 38 38 A
1396 1095 170 48 97048;
1604 1096 348 40 McGraw-Hill
1988 1097 123 39 book

185 1164 81 37 co.,
298 1153 89 40 inc.
458 1151 279 50 (36-16013)

118 1256 265 65 Holland,
411 1258 202 53 James
640 1256 269 62 Michael,
940 1261 169 49 1859-

185 1348 248 52 Tenures
462 1347 112 52 and
600 1346 172 68 titles,
800 1346 77 53 by
903 1345 192 54 James
1123 1346 79 51 M.
1231 1345 274 55 Holland.
1571 1345 137 54 New
1738 1346 179 68 York,
1945 1345 57 55 J.
2031 1346 80 54 M.

116 1426 466 66 Holland [ c 1936]
185 1510 483 52 2 p. l. , 39 p. 23 cm .
188 1585 71 41 On
286 1594 166 32 cover:
480 1584 211 40 Torrens
718 1584 179 48 system
927 1583 52 40 of
1006 1583 100 40 real
1136 1584 157 41 estate
1322 1581 145 43 titles.

116 1652 52 53 ©
194 1657 121 39 Mar.
342 1655 40 48 2,
411 1654 138 48 1936;
577 1654 66 41 2c.
672 1654 94 39 and
794 1652 81 42 aff.
906 1655 120 40 Mar.
1054 1654 52 46 5;
1136 1654 38 38 A
1202 1651 170 49 93019;
1404 1654 43 40 J.
1477 1655 62 40 M.
1567 1654 227 48 Holland,
1824 1655 286 50 Northfield,

187 1714 74 39 Vt.
329 1710 278 50 (36-16322)

116 1814 261 65 Hudson,
405 1814 237 64 Manley
668 1814 252 63 Ottmer,
951 1816 169 50 1886-
1332 1814 82 52 ed.

186 1905 418 53 International
635 1903 352 68 legislation;
1026 1925 30 33 a
1090 1902 292 54 collection
1418 1904 61 51 of
1512 1905 94 51 the
1641 1909 146 48 texts
1821 1905 62 53 of
117 1906 1967 145 multipartite
373 1982 406 53 international
824 1982 376 52 instruments
1239 1981 62 51 of
1347 1983 227 65 general
1623 1983 251 67 interest,
1920 1984 189 53 edited

117 2059 1991 69 by Manley O. Hudson … with the collaboration of Ruth E.
117 2141 207 51 Bacon,
409 2138 222 51 volume
681 2140 46 50 5.
779 2139 323 51 1929-1931.
1153 2138 264 51 numbers
1464 2141 258 51 230-303.
116 2141 1971 142 Washington,
264 2215 276 68 Carnegie
574 2215 355 55 endowment
960 2214 94 55 for
1088 2215 404 53 international
1529 2234 184 50 peace,
1750 2220 147 52 1936.

186 2303 82 48 xli,
297 2302 116 40 1180
435 2312 43 37 p.
536 2301 143 48 illus.,
707 2300 179 48 diagrs.
942 2300 55 40 25
999 2302 44 21 cm
1050 2331 8 9 .
1123 2301 298 49 (Half-title:
1449 2300 333 41 Publications
1809 2302 52 40 of
1888 2304 82 38 the

115 2303 1979 104 Carnegie
280 2358 301 39 endowment
609 2357 79 39 for
717 2356 350 40 international
1098 2365 157 39 peace,
1287 2357 223 40 Division
1541 2357 51 43 of
1619 2358 349 40 international
2003 2361 107 48 law,

116 2414 344 48 Washington)

116 2482 52 53 ©
203 2487 113 45 July
352 2487 67 46 15,
454 2484 140 48 1936;
631 2483 68 42 2c.
735 2483 94 41 and
864 2483 83 41 aff.
983 2483 115 47 July
1132 2482 58 42 27
1206 2494 9 37 ;
1253 2484 40 39 A
1327 2482 171 49 96652;
1537 2484 234 48 Carnegie
1807 2486 303 40 endowment

186 2542 76 39 for
286 2541 249 41 internatl.
558 2550 161 39 peace.

114 2645 162 53 Joint
305 2644 337 55 committee
671 2643 62 53 of
762 2643 295 63 Hopewell
1087 2643 266 56 Friends.

185 2734 299 68 Hopewell
508 2734 245 53 Friends
776 2733 238 67 history,
1041 2732 325 67 1734-1934,
1391 2734 309 52 Frederick
1723 2740 225 62 county,
114 2735 1970 146 Virginia;
344 2812 224 52 records
607 2809 65 54 of
710 2810 299 68 Hopewell
1049 2810 269 69 Monthly
1358 2810 277 70 meetings
1677 2812 114 53 and
1832 2814 275 66 meetings

117 2889 295 70 reporting
436 2898 58 48 to
517 2889 317 69 Hopewell,
858 2894 112 49 two
995 2889 261 55 hundred
1282 2908 162 50 years
1471 2888 64 55 of
1558 2889 221 69 history
1805 2891 112 53 and
117 2910 1967 127 genealogy,
331 2967 280 68 compiled
642 2967 154 55 from
824 2967 197 53 official
1053 2968 224 53 records
1306 2969 111 52 and
1449 2968 301 67 published
1778 2969 75 67 by
1884 2989 30 33 a
1943 2969 165 55 Joint

116 3048 316 52 committee
456 3046 63 52 of
543 3047 299 67 Hopewell
866 3046 260 67 Friends,
1151 3045 235 54 assisted
1408 3046 75 67 by
1506 3046 155 55 John
1685 3047 89 55 W.
1801 3048 305 67 Wayiand.

119 3124 326 68 Strasburg,
474 3126 124 65 Va.,
627 3123 242 55 Printed
898 3123 76 68 by
1006 3124 381 55 Shenandoah
1418 3124 334 68 publishing
1781 3126 188 67 house,
2000 3127 106 54 inc.

121 3237 13 34 [
138 3210 19 22 c
162 3207 133 50 1936
300 3237 12 34 ]

187 3288 49 41 vi
264 3298 57 38 p.,
348 3287 27 40 2
435 3318 11 19 l.,
475 3287 172 50 [3]-671
677 3297 42 38 p.
778 3287 164 48 front.,
970 3286 127 41 illus.
1125 3285 134 49 (incl.
1288 3289 162 48 maps)
1488 3289 169 47 plates,
1685 3288 215 41 facsims.
1960 3290 27 39 28½
2049 3294 44 21 cm
2098 3325 9 10 .

116 3356 52 53 ©
198 3360 129 41 June
355 3360 67 48 15,
454 3359 138 48 1936;
624 3359 69 40 2c.
725 3358 94 40 and
851 3358 80 40 aff.
966 3360 125 38 June
1120 3358 55 41 27
1194 3370 8 35 ;
1237 3359 38 38 A
1306 3357 170 48 95844;
1511 3360 230 39 Trustees
1774 3359 51 39 of
1858 3360 247 46 Hopewell

187 3417 215 46 monthly
432 3416 246 49 meetings,
708 3415 315 47 Winchester,
1053 3416 84 39 Va.
1202 3414 278 49 (36-16372)

137 3519 429 66 [Kantor-Berg,
598 3517 323 68 Friedrich]
958 3524 170 51 1908-

246 3608 1862 70 … Die mannschaft; roman eines sport-lebens. Leipzig-
115 3687 335 65 M.-Ostrau,
478 3687 56 53 J.
564 3685 184 55 Kittls
777 3686 192 54 nachf.
1005 3689 172 66 [1935]

181 3774 98 47 604,
315 3774 54 49 [4]
401 3784 41 38 p.
503 3772 55 40 21½
591 3775 44 21 cm
639 3804 9 10 .

184 3829 228 41 Author’s
449 3831 179 47 pseud.,
670 3830 252 40 Friedrich
961 3830 226 49 Torberg,
1227 3832 54 38 at
1316 3830 124 41 head
1480 3829 50 41 of
1567 3829 122 41 title.

183 3886 140 41 “1.-3.
358 3887 249 41 tausend.”

114 3952 1989 53 © Nov. 26, 1935; 1c. Mar. 19, 1936; A-Foreign 30976; Verlag Julius
251 4012 261 32 Kittls na chf (36-16476)
