2519 4377
1057 4108 131 49 1595

135 446 177 53 Bible.
384 447 261 65 English.
721 448 325 53 Selections.
1120 451 152 49 1936.
1344 446 574 66 Smith-Goodspeed.

200 524 121 52 The
344 523 193 67 junior
565 524 192 66 Bible;
791 542 69 35 an
888 523 304 53 American
1221 524 359 66 translation,
1609 523 186 53 edited
1826 523 73 67 by
1930 523 198 67 Edgar

131 601 53 53 J.
222 600 361 69 Goodspeed;
619 602 320 52 illustrated
974 601 76 67 by
1084 601 195 52 Frank
1315 600 229 54 Dobias.
1621 601 137 53 New
1796 600 178 67 York,
2009 601 119 52 The

133 680 328 52 Macmillan
492 697 297 49 company,
823 682 148 50 1936.

202 751 834 50 xii p., 1 l., 282 p. illus. 22cm.
202 810 136 47 Maps
369 820 59 29 on
460 808 359 49 lining-papers.

202 865 127 40 “The
360 864 135 41 Bible
526 867 102 38 text
659 864 42 41 is
731 865 174 48 quoted
937 863 124 42 from
1096 864 113 41 ‘The
1239 862 163 42 Bible:
1437 874 62 30 an
1530 863 255 42 American
1819 863 306 41 translation'

133 922 56 47 by
215 921 42 40 J.
285 922 59 39 M.
372 920 156 41 Powis
557 920 155 42 Smith
740 921 93 40 and
863 921 160 49 Edgar
1052 920 41 40 J.
1123 918 321 51 Goodspeed.”

134 975 52 53 ©
219 980 100 39 Oct.
352 978 68 47 27,
454 977 114 41 1936;
629 977 66 40 2c.
731 978 95 39 and
859 978 81 40 aff.
975 977 100 40 Oct.
1108 976 56 41 28:
1227 978 38 38 A
1295 975 145 41 99624;
1503 975 283 49 University
1820 976 52 40 of
1904 975 224 47 Chicago,

205 1035 222 48 Chicago.
493 1033 280 50 (36-29250)

132 1125 335 64 Blumberg,
495 1125 221 52 Fannie
742 1123 343 66 Burgheim.

198 1199 264 70 Rowena,
505 1200 206 67 Teena,
753 1200 110 53 Tot
906 1199 112 53 and
1062 1199 96 53 the
1202 1216 275 52 runaway
1519 1196 223 71 turkey,
1782 1198 77 70 by
1904 1196 222 54 Fannie

127 1273 1973 150 Burgheim Blumberg; illustrated by Mary Grosjean … Chicago, A.
407 1355 298 54 Whitman
735 1357 46 51 &
805 1373 97 46 co.,
933 1357 151 51 1936.

197 1427 69 47 30,
297 1429 55 51 [2]
378 1439 43 38 p.
448 1429 109 41 inch
583 1429 87 41 col.
696 1429 163 48 front.,
887 1428 128 41 illus.
1044 1428 135 49 (part
1205 1427 111 49 col.)
1383 1425 117 42 24cm.

196 1485 202 41 “Junior
426 1495 135 38 press
590 1484 192 42 books.”

132 1539 1996 54 © Aug. 26. 1936; 2c. Nov. 4: aff. Nov. 6; A 100313; Albert Whitman &
202 1612 65 29 co.
335 1599 279 50 (36-29597)

132 1692 212 64 Borah,
369 1691 253 54 William
651 1692 218 64 Edgar,
897 1697 169 50 1865-

199 1768 120 52 The
357 1766 387 56 Constitution
781 1767 64 54 of
877 1768 97 53 the
1005 1766 217 56 United
1260 1766 187 55 States
1481 1767 64 52 of
1582 1766 265 55 America
1881 1767 113 53 and
2029 1767 95 53 the

131 1843 213 56 United
376 1844 187 56 States
591 1844 278 69 Supreme
896 1849 188 63 court;
1116 1850 257 63 excerpts
1402 1844 63 53 of
1493 1843 363 70 philosophic
132 1846 1969 129 patriotism

274 1921 150 54 from
465 1922 260 68 speeches
764 1922 112 54 and
914 1921 262 68 writings
1215 1921 63 54 of
1317 1922 94 53 the
1450 1927 162 63 great

130 1921 1993 146 American constitutionalist of today, William E. Borah … to which are
130 2076 184 53 added
347 2076 254 54 relevant
634 2081 318 49 utterances
987 2076 63 53 of
1082 2075 90 54 his
1206 2083 161 61 great
1399 2077 385 68 predecessors
1818 2077 64 53 of

129 2083 1971 216 yesterday … New York and Brooklyn, C. S. Hammond & company, inc., 1936.
198 2302 56 41 39
284 2313 42 37 p.
387 2303 54 41 18½
488 2314 31 28 x
538 2302 115 43 10cm.

130 2358 53 54 ©
218 2364 107 38 Jan.
359 2362 40 42 9.
434 2361 141 48 1936;
613 2361 68 42 2c.
716 2362 95 40 and
847 2362 80 41 aff.
963 2363 109 40 Jan.
1108 2362 81 47 10;
1224 2365 40 38 A
1297 2362 172 48 91134;
1508 2364 49 41 C.
1596 2364 44 41 S.
1676 2365 276 40 Hammond
1989 2365 37 40 &
2060 2375 67 30 co.

210 2418 279 49 (36-29565)

129 2509 291 63 Bottome,
449 2509 244 66 Phyllis,
725 2515 170 50 1884-

197 2583 169 53 Level
407 2584 283 69 crossing;
735 2603 31 34 a
808 2585 166 53 novel
1016 2584 74 70 by
1131 2584 226 70 Phyllis
1402 2586 280 53 Bottome.
1761 2586 139 54 New
1943 2586 181 69 York,

127 2660 307 54 Frederick
461 2662 70 52 A.
563 2661 201 56 Stokes
794 2680 296 52 company,
1120 2666 150 50 1936.

196 2733 26 41 3
248 2744 41 37 p.
353 2766 8 12 l.,
387 2733 85 41 314
497 2744 44 38 p.
602 2734 54 41 19½cm
738 2767 9 9 .

193 2789 285 43 Illustrated
516 2791 362 49 lining-papers.

130 2844 53 53 ©
214 2850 114 37 Nov.
362 2848 40 45 5,
429 2848 141 48 1936;
603 2849 68 40 2c.
704 2850 96 39 and
832 2850 81 40 aff.
945 2852 117 38 Nov.
1098 2851 51 43 7;
1185 2852 38 39 A
1257 2850 199 44 100325;
1493 2852 187 47 Phyllis
1714 2853 180 40 Forbes
1927 2853 198 48 Dennis,

241 2906 170 40 London.
473 2905 281 49 (36-29600)

130 2995 292 63 Bragdon,
452 2997 216 54 Claude
696 2997 270 65 Fayette,
996 3003 169 50 1866-

199 3072 244 67 Delphic
493 3091 249 49 woman;
798 3075 201 52 twelve
1047 3093 186 49 essays
1284 3076 291 66 reprinted
1631 3076 150 53 from
1832 3078 119 53 The
2005 3097 120 34 new

134 3150 182 65 image
359 3151 110 52 and
517 3150 112 55 Old
676 3152 183 67 lamps
906 3151 93 54 for
1040 3171 139 48 new,
1223 3153 75 67 by
1345 3153 214 55 Claude
1607 3155 288 68 Bragdon.
1991 3156 136 52 New

133 3228 174 54 York,
336 3228 257 66 London,
621 3230 71 51 A.
722 3230 69 52 A.
823 3230 223 67 Knopf,
1078 3234 149 50 1936.

199 3301 63 38 vii
290 3311 56 38 p.,
372 3301 27 40 2
442 3333 8 8 l.,
491 3301 157 47 3-162,
693 3302 41 50 [2]
763 3314 41 37 p.
865 3303 144 40 19½cm.

199 3358 159 40 “First
390 3357 224 42 edition.”

131 3408 52 54 ©
216 3415 117 41 Aug.
372 3416 36 42 1.
446 3413 140 47 1936;
622 3414 68 41 2c.
727 3417 118 44 Aug.
881 3416 52 41 4:
973 3416 81 41 aff.
1092 3418 101 39 Oct.
1232 3417 79 40 16:
1351 3419 39 38 A
1425 3417 198 44 100118;
1664 3418 185 42 Claude
1885 3418 240 49 Bragdon,

202 3470 114 37 New
345 3471 141 38 York.
548 3470 279 50 [Copyright
860 3472 41 38 is
929 3472 205 40 claimed
1164 3485 57 27 on
1253 3474 195 47 preface
1480 3474 95 40 and
1605 3475 105 39 first
1740 3474 216 49 chapter]

211 3526 278 48 (30-29590)

129 3602 451 66 Breckenridge,
610 3605 231 56 Gerald.

198 3676 166 53 Brief
410 3677 273 68 kingdom
756 3680 75 68 [by]
903 3680 214 56 Gerald
1164 3682 439 69 Breckenridge.
1688 3681 231 56 Garden
1970 3680 94 55 City

126 3752 68 50 N.
223 3753 69 52 Y.,
339 3755 355 53 Doubleday.
723 3757 194 53 Doran
944 3759 44 49 &
1014 3777 297 50 company,
1337 3759 126 68 inc.,
1494 3762 150 50 1936.

195 3825 26 40 6
246 3836 41 37 p.
349 3858 9 12 l.,
386 3826 85 40 272
495 3837 44 38 p.
598 3828 117 45 20cm.

196 3881 162 43 “First
389 3883 226 42 edition.”

129 3934 1977 114 © Sept. 11. 1936; 2c. and aff. Oct. 17; A 100353; G. Breckenridge, Tott enville. S. I., N. Y. (36-29613)
