2519 4377
1298 4116 133 49 1256

419 495 69 49 61,
524 496 55 49 [3]
612 506 43 38 p.
717 495 55 41 19
774 499 47 21 cm
825 528 9 9 .

350 559 2019 58 © Mar. 16, 1935; 1c. Mar. 19, 1936; A-Foreign 31030; Paul List verlag.
347 684 297 65 Kuhnert,
673 684 73 54 A.
773 685 211 55 Artur.

425 805 56 9 ...
528 762 110 53 Die
683 762 498 68 frühlingswolke.
1258 764 259 68 Leipzig,
1558 767 65 52 P.
1667 764 130 54 List
1842 800 12 33 [
1859 772 18 21 c
1882 770 134 49 1935
2023 799 13 34 ]

421 835 68 47 61,
522 835 55 49 [3]
608 845 44 38 p.
710 834 55 41 19
766 837 48 22 cm
818 868 8 8 .

350 887 2021 57 © Apr. 23, 1935; 1c. Mar. 19, 1936; A-Foreign 31031; Paul List verlag.
354 1019 214 65 Kuntz,
596 1019 231 66 Albert,
858 1021 174 55 1879-

424 1096 54 54 A
509 1097 297 53 text-book
835 1096 66 55 of
928 1104 495 62 neuro-anatomy,
1449 1098 76 68 by
1554 1098 209 54 Albert
1792 1100 197 52 Kuntz
2027 1143 56 9 ...
2163 1101 72 52 2d
2269 1100 102 67 ed.,

354 1176 352 68 thoroughly
745 1195 115 35 rev.
936 1177 340 54 Illustrated
1317 1177 141 53 with
1498 1178 102 54 307
1640 1178 363 68 engravings.
356 1178 1990 144 Philadelphia,
536 1255 114 53 Lea
679 1256 46 52 &
751 1254 264 69 Febiger,
1044 1258 151 51 1936.

420 1328 85 40 519
537 1340 42 37 p.
642 1328 144 48 illus.,
818 1328 178 50 diagrs.
1057 1328 57 41 24
1116 1331 46 22 cm
1164 1360 10 9 .

422 1385 234 41 “General
683 1385 331 49 neurological
1041 1383 288 44 literature”;
1387 1397 42 38 p.
1458 1386 86 41 502;
1604 1384 335 43 “Literature”
1969 1389 52 39 at
2048 1388 90 39 end
2168 1387 51 41 of
2246 1389 125 39 most

351 1442 51 40 of
432 1441 83 42 the
543 1442 241 49 chapters.

350 1507 54 54 ©
436 1512 120 48 Aug.
591 1513 72 47 14,
696 1511 143 51 1936;
872 1513 69 41 2c.
977 1513 97 40 and
1108 1513 81 41 aff.
1224 1514 122 47 Aug.
1380 1514 83 47 15;
1500 1514 42 39 A
1571 1512 173 49 97376;
1781 1514 98 39 Lea
1914 1514 37 41 &
1985 1512 219 49 Febiger.

431 1569 285 51 (36-19549)

349 1675 272 66 Kutzleb,
651 1675 300 66 Hjalmar,
985 1681 173 50 1885-

423 1753 237 69 Herzog
690 1753 405 69 Sterngucker,
1125 1772 200 35 roman
1358 1772 110 35 von
1502 1753 275 68 Hjalmar
1808 1754 266 52 Kutzleb.
353 1755 1994 145 Braunschweig

650 1831 887 70 [etc.] G. Westermann [ c 1935]
419 1906 87 42 272
536 1917 43 38 p.
640 1906 57 40 19
699 1908 45 21 cm
748 1937 8 8 .

351 1958 2007 111 © Sept. 17, 1935; 1c. Aug. 18, 1936; A-Foreign 32720; Georg Westermann. (36-19418)
351 2122 275 65 Lamont,
655 2123 243 67 Corliss,
928 2127 173 51 1902-
1315 2124 85 54 ed.

356 2197 1993 151 Man answers death; an anthology of poetry, edited by Corliss Lamont. New York, G. P. Putnam’s sons [ c 1936]
424 2353 117 43 xvii.
568 2352 86 42 283
683 2363 43 38 p.
788 2353 57 40 22
848 2356 16 21 cm
896 2385 8 9 .

355 2407 53 54 ©
451 2412 129 48 Sept.
622 2412 70 48 11,
734 2412 142 48 1936;
918 2412 69 41 2c.
1034 2413 128 48 Sept.
1205 2413 82 47 16;
1332 2413 84 41 aff.
1461 2412 129 48 Sept.
1632 2412 84 48 14;
1758 2413 42 39 A
1842 2411 172 48 97823;
2060 2412 49 41 C.
2152 2411 223 50 Lamont,

423 2470 119 38 New
574 2469 147 40 York.
797 2469 283 50 (36-19583)

351 2572 168 64 Leaf,
547 2573 234 65 Munro,
812 2578 173 50 1905-

422 2651 122 53 The
568 2655 160 63 story
753 2651 65 54 of
843 2651 354 67 Ferdinand,
1222 2652 75 66 by
1322 2651 212 53 Munro
1560 2651 176 67 Leaf;
1766 2651 331 53 illustrated
2123 2651 75 67 by
352 2651 1997 131 Robert
463 2730 260 52 Lawson.
800 2730 141 53 New
967 2729 181 67 York,
1172 2730 122 53 The
1320 2729 222 68 Viking
1566 2748 175 49 press,
1770 2733 149 49 1936.

427 2802 83 49 [81]
543 2812 43 38 p.
646 2801 131 42 illus.
836 2802 56 39 21
896 2804 44 21 cm
945 2834 8 9 .

421 2859 293 40 Illustrated
749 2858 364 50 lining-papers.

354 2913 53 53 ©
447 2917 128 48 Sept.
610 2918 70 47 11,
717 2916 142 49 1936;
895 2916 69 41 2c.
1003 2918 128 47 Sept.
1168 2917 82 44 12;
1290 2916 82 41 aff.
1412 2917 129 47 Sept.
1577 2917 83 46 15;
1698 2917 42 39 A
1774 2914 173 49 98409;
1987 2917 62 38 M.
2084 2914 136 50 Leaf,
2257 2916 118 39 New

424 2975 146 46 York,
602 2974 96 39 and
727 2974 183 40 Robert
940 2974 220 48 Lawson,
1190 2975 264 47 Westport,
1486 2974 148 40 Conn.
1704 2972 284 50 (36-19452)

352 3078 185 64 Long,
566 3079 307 53 Theodore
901 3079 257 64 Kepner,
1191 3084 173 49 1856-

425 3157 167 52 Tales
618 3156 64 53 of
706 3156 98 53 the
830 3156 354 67 Cocolamus,
1209 3157 75 66 by
1310 3156 296 53 Theodore
1631 3156 73 53 K.
1733 3157 180 66 Long.
1979 3156 139 53 New
353 3155 1997 145 Bloomfield,
531 3236 121 64 Pa.,
680 3234 219 55 Carson
924 3235 167 66 Long
1114 3233 280 67 institute,
1422 3237 150 51 1936.

426 3305 1468 51 152 p. front. (ports.) 1 illus., plates, facsims. 21 cm .
429 3364 130 39 “The
594 3364 127 39 tales
760 3395 46 9 ...
844 3373 128 30 were
1008 3363 157 40 either
1201 3364 83 39 the
1319 3364 156 39 result
1511 3363 53 39 of
1597 3362 83 40 the
1718 3361 220 41 author’s
1974 3361 229 49 personal
356 3370 2003 99 experience
553 3439 54 29 or
641 3438 129 30 were
804 3428 191 40 related
1030 3429 49 39 to
1114 3425 102 42 him
1253 3428 61 48 by
1350 3426 79 42 his
1464 3427 192 41 mother
1692 3437 54 30 or
1783 3426 140 41 other
1958 3436 205 39 persons
2201 3433 176 38 among

358 3485 83 39 the
479 3485 137 47 early
655 3484 200 40 settlers
894 3485 145 46 along
1078 3484 84 40 the
1202 3484 286 40 Cocolamus
1528 3483 143 39 creek
1711 3493 54 29 or
1802 3482 52 41 of
1892 3482 178 39 Pfoutz
2110 3480 268 48 valley.”—

357 3542 186 42 Introd.

357 3596 52 53 ©
438 3601 120 46 Aug.
588 3599 71 48 28,
718 3599 113 48 1936;
862 3599 68 40 2c.
964 3599 128 47 Sept.
1125 3597 82 49 12;
1241 3598 82 41 aff.
1357 3598 128 47 Sept.
1517 3598 82 47 11;
1632 3597 41 39 A
1703 3596 171 48 98338;
1906 3597 51 39 T.
1988 3596 59 40 K.
2080 3596 146 47 Long,
2256 3595 120 39 New

428 3656 300 51 Bloomfield,
755 3657 83 40 Pa.
902 3655 283 50 (36-19555)

357 3758 330 65 McAlpine,
714 3760 130 64 Roy
869 3759 298 64 Kenneth,
1196 3764 172 50 1884-

431 3837 454 53 Fundamentals
921 3835 65 55 of
1023 3835 340 69 qualitative
1400 3835 272 54 chemical
1712 3835 269 67 analysis,
2018 3834 76 66 by
2132 3834 129 66 Roy
2297 3832 73 52 K.

361 3914 315 69 McAlpine
728 3959 56 9 ...
834 3916 114 52 and
994 3915 200 68 Byron
1235 3914 73 54 A.
1357 3914 172 56 Soule
1578 3957 57 10 ...
1715 3914 139 52 New
1901 3912 181 67 York,
2125 3913 72 52 D.
2243 3912 127 54 Van

360 3994 291 53 Nostrand
686 4012 299 47 company,
1017 3993 126 69 inc.,
1175 3997 152 51 1936.
