2519 4377
1069 4081 99 53 371

110 456 144 61 Key,
280 453 352 56 Alexander.

177 530 122 51 The
339 528 122 52 Red
504 529 184 66 eagle;
734 528 169 68 being
942 528 95 52 the
1074 527 381 53 adventurous
1497 526 114 53 tale
1652 524 63 53 of
1753 530 113 47 two
1904 542 195 50 young

107 607 194 68 flyers;
341 612 156 61 story
533 608 45 50 &
615 605 247 68 pictures
894 606 75 67 by
1005 605 327 53 Alexander
1368 605 144 67 Key.
1587 604 138 53 New
1763 602 178 66 York,
1977 603 120 52 The

106 684 435 55 Wise-Parslow
571 701 281 50 company
885 686 170 64 [1935]

179 756 1090 49 6 p. l., 9-120 p. illus. (part col.) 24½ cm .
180 814 139 46 Maps
351 824 59 29 on
442 812 362 48 lining-papers.

182 868 292 48 “Suggested
502 869 149 47 helps,
680 869 235 47 prepared
943 869 58 45 by
1027 868 43 40 J.
1097 868 145 39 Earle
1265 866 298 42 Thomson”:
1590 877 43 37 p.
1664 865 218 50 [97]-120.

109 920 52 54 ©
188 926 120 39 Mar.
335 925 68 46 29,
432 924 139 47 1937,;
600 925 67 39 2c.
697 925 108 39 Jan.
834 924 40 48 2,
902 923 139 42 1936:
1072 923 82 41 aff.
1184 925 119 39 Mar.
1332 922 81 49 19;
1443 925 40 37 A
1510 922 170 49 92390;
1711 922 133 41 Wise
1870 923 122 39 book
2016 932 83 38 co.,

178 982 105 47 inc.,
326 982 117 40 New
485 983 143 39 York.
705 979 277 51 [Copyright
1027 982 40 38 is
1110 981 203 39 claimed
1358 991 57 29 on
1465 980 261 48 Suggested
1771 981 135 46 helps
1952 981 61 46 by
2056 981 43 39 J.

182 1039 145 39 Earle
349 1039 255 48 Thomson]
673 1037 248 49 (36-8367)

110 1127 152 63 Lait,
290 1127 163 64 Jack,
485 1131 170 50 1882-

182 1201 121 54 Our
348 1202 138 52 Will
533 1201 235 68 Rogers,
812 1201 73 68 by
933 1201 146 52 Jack
1124 1200 148 53 Lait.
1366 1201 135 52 New
1551 1200 177 68 York,
1777 1199 326 68 Greenberg

132 1282 173 62 [ c 1935]
180 1350 62 46 ix,
273 1349 97 47 117,
406 1349 53 49 [1]
494 1359 40 37 p.
594 1348 163 41 front.,
790 1351 147 45 ports.
997 1349 56 39 19½
1084 1351 44 20 cm
1134 1381 7 7 .

111 1404 52 53 ©
194 1409 100 40 Oct.
325 1410 40 45 1,
396 1407 112 41 1935;
567 1409 67 39 2c.
664 1409 112 47 Apr.
808 1408 39 47 9,
878 1407 113 39 1936;
1053 1407 80 42 aff.
1165 1408 113 47 Apr.
1310 1407 52 48 6;
1395 1408 41 38 A
1465 1407 171 48 93592;
1671 1407 288 48 Greenberg,
183 1407 1901 105 publisher,
374 1466 89 41 inc.
528 1464 249 49 (36-8484)

115 1556 302 67 [Leonard,
443 1555 238 54 Chilson
707 1556 53 50 H.]

181 1632 267 53 Kenneth
478 1631 269 68 Roberts;
782 1651 31 32 a
841 1629 395 70 biographical
1267 1631 210 67 sketch,
1508 1649 72 34 an
1611 1629 275 54 informal
1916 1631 189 68 study,

111 1709 90 53 his
231 1710 173 51 books
438 1710 111 51 and
580 1709 218 52 critical
832 1707 276 70 opinions.
1186 1708 229 53 Garden
1451 1707 151 69 City,
1635 1709 66 52 N.
1739 1709 88 65 Y.,
113 1709 1968 143 Doubleday,
272 1786 196 52 Doran
497 1788 45 49 &
571 1803 296 51 company,
899 1786 103 52 inc.
1041 1788 190 65 [c1936]

181 1856 56 40 32
264 1868 42 37 p.
365 1858 27 38 4
418 1868 61 37 pl.
507 1857 133 47 (incl.
668 1860 135 45 port.,
831 1866 123 38 map,
981 1857 240 49 facsims.)
1256 1868 60 29 on
1343 1858 26 39 2
1417 1890 9 9 l.
1486 1858 55 40 20
1544 1860 43 20 cm
1593 1888 9 10 .

184 1914 100 46 “By
316 1914 196 40 Chilson
543 1914 61 40 H.
636 1914 369 47 Leonard.”—p.
1038 1914 39 40 5.

184 1970 217 40 Portrait
430 1980 59 29 on
521 1981 42 37 p.
613 1970 40 49 [2]
689 1971 51 39 of
772 1981 152 29 cover.

186 2027 160 39 “First
375 2026 225 41 edition.”

115 2082 52 53 ©
197 2088 120 39 Mar.
347 2086 39 47 6,
417 2086 114 40 1936;
588 2086 68 41 2c.
688 2088 94 38 and
813 2085 82 41 aff.
925 2087 112 46 Apr.
1069 2087 51 46 1;
1154 2087 40 38 A
1224 2085 141 41 93493;
1428 2087 298 49 Doubleday,
1759 2089 165 38 Doran
1957 2088 38 40 &
2023 2098 83 35 co.,

183 2144 89 39 inc.
335 2143 249 48 (36-8476)

113 2246 167 64 Loos,
312 2246 289 66 Wilhelm,
638 2252 172 50 1890-

183 2324 335 53 Praktische
578 2324 359 67 anwendung
997 2324 100 53 der
1155 2325 802 67 baugrunduntersuchungen
2017 2326 87 53 bei

114 2402 250 53 entwurf
396 2402 118 52 und
545 2402 363 67 beurteilung
940 2421 110 33 von
1085 2403 309 52 erdbauten
1428 2403 119 52 und
1582 2403 380 67 gründungen
1997 2420 111 36 von

117 2480 1988 68 diving. W. Loos … Mit 95 textabbildungen. Berlin, J.
118 2557 295 67 Springer,
445 2560 148 50 1935.

188 2629 100 47 viii,
323 2628 86 41 148
439 2639 43 37 p.
542 2628 143 48 illus.,
719 2629 177 48 diagrs.
957 2629 146 41 24½cm.

190 2685 306 47 “Erklärung
526 2685 185 48 einiger
737 2685 518 41 bodenmechanischer
1286 2685 329 41 ausdrücke”:
1650 2697 43 37 p.
1724 2686 215 41 130-133.

190 2742 705 40 “Schrifttumsverzeichnis”:
931 2753 41 37 p.
1007 2743 216 41 133-136.

118 2795 1992 53 © Oct. 14, 1935; 1c. Feb. 6, 1936; A -Foreign 30454; Julius Springer.
198 2855 248 49 (36-8395)

119 2946 287 63 Lysaght,
435 2945 218 64 Sidney
679 2947 211 62 Royse.

190 3022 53 49 A
275 3020 237 68 reading
541 3020 64 53 of
634 3021 122 66 life,
786 3022 75 67 by
892 3022 55 53 S.
980 3022 66 51 R.
1078 3021 273 68 Lysaght.
1428 3020 138 53 New
1596 3022 180 64 York,
1807 3022 124 51 The
121 3023 1965 126 Macmillan
350 3116 294 50 company,
676 3101 147 50 1936.

190 3179 41 35 v,
258 3167 97 48 296,
387 3169 53 48 [1]
469 3179 43 37 p.
571 3169 58 40 19½
660 3171 43 20 cm
709 3202 9 8 .

123 3222 52 53 ©
212 3229 111 46 Apr.
363 3229 38 45 7,
441 3228 138 46 1936;
617 3228 68 41 2c.
723 3229 100 39 and
858 3228 82 40 aff.
979 3230 112 46 Apr.
1131 3229 52 45 8;
1225 3230 39 37 A
1304 3228 171 47 92804;
1518 3229 279 39 Macmillan
1837 3240 67 31 co.

203 3284 248 45 (36-8480)

121 3372 339 65 McDonald,
492 3373 209 65 David,
738 3379 323 51 1803-1869.

194 3448 53 50 A
288 3449 228 52 treatise
560 3467 71 34 on
676 3450 94 51 the
814 3450 137 52 laws
993 3449 64 52 of
1101 3449 246 53 Indiana
1391 3448 328 69 pertaining
1762 3456 57 46 to
1866 3449 247 68 practice

127 3525 109 52 and
280 3526 307 67 procedure
628 3526 195 53 before
866 3525 230 69 justices
1136 3526 63 54 of
1241 3527 94 52 the
1378 3545 195 51 peace;
1619 3528 117 52 also
1780 3548 31 33 a
128 3546 1963 109 compendium
317 3603 63 51 of
415 3604 95 51 the
541 3603 109 51 law
686 3603 63 52 of
782 3605 245 51 Indiana
1064 3624 70 32 on
1171 3606 94 51 the
1300 3623 154 35 more
1490 3605 316 67 important
1840 3604 275 53 divisions

128 3679 61 51 of
233 3680 72 51 its
345 3680 448 67 jurisprudence,
834 3680 141 53 with
1018 3681 179 52 forms
1242 3682 110 51 and
1396 3681 242 52 outlines
1681 3682 63 53 of
1787 3682 328 68 procedure,

129 3755 1925 71 by David McDonald. 9th ed., rev. by Charles A. Lowe …
131 3831 339 61 Cincinnati,
508 3835 119 51 The
667 3835 87 53 W.
795 3835 74 51 H.
908 3835 301 52 Anderson
1248 3853 277 50 company
1568 3870 12 33 [
1586 3842 16 21 c
1608 3839 132 49 1936
1746 3871 12 32 ]

195 3901 140 40 lxviii
366 3913 56 37 p.,
454 3906 23 38 1
530 3935 23 16 l.,
585 3904 114 40 1342
729 3916 43 37 p.
832 3904 55 40 25
890 3907 43 20 cm
939 3935 8 9 .

132 3956 52 52 ©
217 3963 119 38 Mar.
370 3962 69 49 27,
475 3963 139 46 1936;
650 3963 69 40 2c.
755 3965 93 38 and
884 3963 82 40 aff.
1002 3965 121 41 Mar.
1158 3964 59 40 30;
1278 3966 40 37 A
1349 3963 170 49 92624;
1557 3966 70 39 W.
1665 3967 60 40 H.
1761 3967 253 38 Anderson
2048 3977 68 30 co.

211 4017 246 41 (36-8418)
