2519 4377
1350 4146 133 53 1178

391 478 253 64 Bender,
673 479 224 54 Harald
926 479 286 57 Stauffer.

462 570 213 53 Menno
706 569 246 56 Simons’
979 570 106 53 life
1113 571 114 53 and
1254 571 282 69 writings,
1564 591 31 33 a
1622 572 533 68 quadricentennial
2180 572 232 67 tribute,

393 653 342 64 1536-1936;
769 650 327 69 biography
1128 651 76 69 by
1236 651 229 53 Harold
1501 650 57 56 S.
1593 652 246 67 Bender,
1873 652 267 69 writings
2171 652 240 56 selected

393 730 113 53 and
544 730 321 53 translated
905 729 153 54 from
1096 731 96 52 the
1230 730 197 53 Dutch
1464 731 75 69 by
1577 731 158 54 John
1776 731 247 53 Horsch.
2101 730 311 67 Scottdale,

388 809 121 68 Pa.,
542 810 336 52 Mennonite
913 807 341 72 publishing
1285 810 192 68 house,
1512 813 152 50 1936.

462 898 101 51 viii,
595 898 101 48 110,
731 898 54 50 [1]
819 908 44 38 p.
922 898 130 41 illus.
1082 898 201 50 (double
1315 898 137 49 map)
1519 898 118 42 20cm.

467 970 400 48 “Chronological
905 971 85 40 list
1025 971 53 41 of
1113 973 176 38 Menno
1328 970 204 42 Simons’
1571 971 252 49 writings”
1843 983 10 30 :
1894 973 56 49 [1]
1989 982 44 38 p.
2071 974 53 38 at
2160 973 104 39 end.

397 1039 53 53 ©
481 1044 121 46 Aug.
635 1044 40 46 1,
710 1042 142 48 1936;
886 1043 66 39 2c.
989 1043 96 39 and
1115 1043 83 41 aff.
1232 1044 120 47 Aug.
1386 1043 83 48 10;
1505 1044 41 39 A
1577 1042 173 49 96835;
1787 1043 283 41 Mennonite
2101 1044 111 48 pub.
2246 1043 165 41 house.

478 1100 284 49 (36-18862)

395 1203 279 66 Bigelow,
704 1205 263 54 Maurice
996 1203 285 65 Alpheus,
1315 1206 172 55 1872-

473 1294 1943 71 Sex-education, by Maurice A. Bigelow … Rev. ed. New
401 1375 179 67 York,
611 1374 122 53 The
762 1374 309 54 American
1102 1376 173 53 social
1301 1374 246 69 hygiene
1578 1374 357 69 association,
1967 1378 153 51 1936.

470 1462 65 49 xi,
569 1462 87 42 307
694 1473 44 38 p.
802 1461 117 42 19cm.

474 1532 250 41 “Selected
753 1531 340 50 bibliography
1123 1543 60 30 on
1214 1532 151 41 social
1395 1532 205 49 hygiene
1631 1535 96 39 and
1759 1544 85 30 sex
1875 1533 318 41 education”;
2227 1545 43 37 p.
399 1535 2019 97 277-303.

401 1657 53 53 ©
479 1663 126 39 June
627 1662 71 49 30,
723 1662 114 41 1936;
890 1662 68 41 2c.
984 1662 97 39 and
1106 1662 81 42 aff.
1214 1663 117 47 July
1355 1664 29 39 3;
1433 1664 41 38 A
1498 1662 145 42 96287;
1698 1665 62 39 M.
1788 1664 54 40 A.
1868 1664 231 49 Bigelow,
2125 1665 119 40 New
2268 1665 147 40 York.

480 1719 284 51 (36-18942)

397 1824 185 61 Boyd,
613 1825 249 55 Charles
886 1825 241 60 Newell,
1159 1826 173 56 1875-

470 1916 1846 71 The organist and the choirmaster [by] Charles N. Boyd …
399 1996 1817 71 New York, Cincinnati [etc.] The Abingdon press [c1936]
468 2085 57 41 99
557 2096 43 38 p.
664 2084 129 41 illus.
823 2084 204 52 (music)
1098 2085 117 40 22cm.

471 2157 68 40 “A
569 2155 280 49 suggestive
879 2157 198 40 anthem
1108 2154 112 42 list”
1240 2168 9 29 :
1281 2166 45 38 p.
1358 2156 158 41 85-87.

469 2213 353 49 Bibliography
840 2225 10 29 :
882 2224 44 39 p.
961 2212 159 43 93-96.

404 2282 53 53 ©
484 2287 127 39 June
636 2286 70 48 22,
736 2285 142 48 1936;
905 2286 68 39 2c.
1002 2285 97 40 and
1123 2285 82 40 aff.
1235 2286 128 39 June
1388 2284 83 49 27;
1501 2285 42 39 A
1569 2284 172 48 96202;
1771 2284 50 42 G.
1849 2285 57 40 N.
1934 2284 152 48 Boyd,
2116 2283 301 49 Pittsburgh.

484 2343 283 49 (36-18868)

399 2445 182 68 Britt,
613 2447 312 65 Matthew,
959 2446 174 55 1872-
1346 2447 85 53 ed.

403 2535 2015 150 The hymns of the breviary and missal, edited with introduction and notes by Rev. Matthew Britt … preface by Rt.
403 2693 1992 150 Rev. Msgr. Hugh T. Henry … Rev. ed. New York, Cincinnati [etc.] Benziger brothers, 1936.
475 2859 100 51 383,
659 2879 11 32 [1]
704 2870 43 40 p.
807 2857 118 44 23cm.

476 2933 227 40 Without
734 2932 168 41 music.

477 2989 352 49 Bibliography
848 3000 9 29 :
893 3001 42 37 p.
966 2989 158 42 17-19.

408 3059 53 53 ©
487 3064 117 47 July
629 3064 70 47 23,
727 3063 142 47 1936;
897 3063 67 39 2c.
993 3063 96 39 and
1113 3063 85 41 aff.
1224 3063 121 47 Aug.
1374 3063 81 46 18;
1483 3063 41 39 A
1551 3061 171 48 97421;
1752 3061 237 48 Benziger
2019 3060 125 41 bros.

488 3120 282 48 (36-18952)

406 3226 268 54 Catholic
703 3225 242 55 church.
1020 3227 175 64 Pope.

409 3308 2013 152 … L’Action catholique; textes pontificaux, classés et commentés par l’abbé É. Guerry … Paris, Desclée, de Brouwer
414 3472 173 67 [1936]

480 3551 1360 54 2 p. l., [Vii]-xii, 523 p. 20 ½ cm. (Cathedra Petri)
408 3622 2015 54 © May 1, 1936; 1c. June 4; A- Foreign 32125; Desclée, de Brouwer et
480 3683 83 41 cie.
630 3685 283 48 (36-18637)

408 3779 1992 154 The Catholic philosophy of history … edited by Peter Guilday;
668 3867 140 52 with
852 3885 72 33 an
962 3864 394 53 introduction
1396 3864 74 67 by
1512 3864 143 51 Ross
1695 3863 56 54 J.
1796 3861 56 55 S.
1894 3860 295 54 Hoffman.
2286 3860 138 52 New

481 3945 180 55 York,
686 3947 63 51 P.
777 3947 58 54 J.
862 3944 241 66 Kenedy
1127 3946 46 50 &
1196 3960 146 49 sons,
1371 3944 150 50 1936.

404 4023 2002 113 xvi, 270 p. 20½cm. (American Catholic historical association. Papers. vol. III)
