2519 4377
1328 4117 135 50 1426

383 422 270 63 Bernent,
685 421 283 66 Douglas,
1000 428 171 49 1898-

457 499 1944 71 Modern English writing, by Douglas Bernent … The
385 577 224 67 George
665 578 384 67 Washington
1104 576 318 70 university
1479 579 85 53 ed.
1656 580 140 53 New
1852 580 182 67 York,
2087 581 216 52 Farrar
2359 584 43 51 &

387 657 299 65 Rinehart,
712 655 421 68 incorporated,
1162 660 150 50 1936.

460 727 62 45 ix,
552 725 160 44 3-280,
747 725 39 49 [2]
838 736 41 37 p.
941 727 180 47 diagrs.
1182 727 117 42 21cm.

459 783 311 41 “Correction
815 783 169 40 chart”
1027 785 96 38 and
1169 784 182 41 “Chart
1393 784 52 40 of
1487 786 322 48 punctuation
1852 786 95 40 and
1993 785 302 41 mechanics”
2342 796 59 30 on

388 839 338 48 lining-paper.

385 896 53 54 ©
470 901 102 40 Oct.
603 901 40 45 2,
676 900 141 45 1930;
850 902 67 38 2c.
951 900 103 41 Oct.
1130 911 8 31 6;
1173 900 82 41 aff.
1290 900 101 41 Oct.
1424 902 52 46 3;
1511 902 39 39 A
1582 901 171 47 99195;
1789 903 56 38 D.
1880 903 218 46 Bement,
2132 901 272 47 Arlington,

456 959 85 40 Va.
600 957 283 48 (36-22212)

386 1050 184 53 Bible.
647 1051 264 65 English.
988 1055 154 50 1936.
1218 1051 374 54 Authorized.

458 1130 120 51 The
621 1148 121 33 new
785 1130 278 52 standard
1107 1130 384 65 alphabetical
1535 1130 243 54 indexed
1821 1131 167 52 Bible
2042 1129 362 67 (authorized

387 1227 63 33 or
496 1208 162 66 King
702 1210 195 53 James
943 1209 279 65 version).
1310 1207 204 55 School
1564 1209 113 52 and
1719 1209 220 66 library
1988 1209 286 53 reference
2320 1209 83 52 ed.

389 1288 356 64 Containing
771 1287 94 52 the
894 1287 116 54 Old
1039 1287 112 52 and
1180 1288 139 52 New
1347 1289 374 65 Testaments,
1748 1287 319 53 translated
2095 1293 97 46 out
2221 1286 61 53 of
2311 1288 94 51 the

388 1364 247 66 original
681 1371 238 61 tongues
963 1366 112 52 and
1118 1365 139 52 with
1302 1365 76 53 all
1422 1367 216 51 former
1680 1363 375 57 translations
2098 1365 308 67 diligently

388 1445 306 65 compared
732 1444 112 52 and
881 1443 238 59 revised,
1156 1451 58 45 to
1251 1443 184 53 which
1475 1463 93 33 are
1608 1444 187 53 added
1831 1463 173 48 many
2043 1443 206 69 unique
388 1444 1992 130 features
574 1523 62 50 of
668 1523 95 53 the
800 1523 181 64 Bible,
1012 1523 136 51 such
1182 1542 59 33 as
1276 1541 70 33 an
1380 1523 383 66 alphabetical
1797 1528 400 61 arrangement
2230 1523 63 53 of
2328 1523 77 52 all

387 1601 264 55 essential
687 1601 262 67 subjects.
1020 1601 161 68 King
1218 1600 317 57 Solomon’s
1567 1603 226 67 temple.
1866 1601 312 56 Character
386 1601 1995 133 analysis.
555 1681 142 52 Also
733 1681 292 53 authentic
1062 1682 113 52 and
1210 1681 234 53 reliable
1482 1681 364 67 chronologic
1882 1680 299 54 historical
2215 1682 191 51 charts

388 1761 108 52 and
543 1759 223 67 history
805 1760 62 52 of
907 1760 94 53 the
1045 1760 182 53 Bible.
1322 1760 278 53 Pictorial
1643 1759 398 68 pronouncing
2083 1758 323 68 dictionary

389 1838 1908 67 and other interesting instructive features. Red letter ed. …
388 1917 210 66 Richly
648 1917 327 53 illustrated
1025 1916 136 53 with
1214 1916 288 53 beautiful
1549 1917 225 53 colored
1823 1917 185 67 plates
2055 1916 63 53 of
2167 1918 94 51 the
2311 1917 93 53 old

389 2002 253 47 masters.
721 1996 273 66 Chicago,
1028 1996 120 52 The
1181 1995 157 56 John
1373 1997 69 52 A.
1479 1996 204 52 Hertel
1716 2014 79 35 co.
1854 1998 158 50 [c1936]

458 2070 24 38 2
513 2080 42 37 p.
608 2102 7 7 l.,
662 2069 100 45 254,
792 2068 158 50 9-578,
999 2069 57 42 [2],
1089 2068 218 48 579-762,
1343 2068 100 51 [40],
1474 2068 60 41 96
1561 2079 44 37 p.
1665 2069 86 39 col.
1784 2068 165 49 front.,
1983 2068 129 39 illus.
2142 2065 133 48 (incl.
381 2068 2009 101 facsinis.)

567 2127 159 48 plates
755 2127 136 47 (part
913 2125 113 47 col.)
1081 2127 116 39 30cm.

455 2185 103 39 The
586 2186 118 38 New
733 2184 285 41 Testament
1046 2184 91 39 has
1168 2183 178 49 special
1380 2185 99 47 t.-p.

456 2243 161 40 Blank
647 2251 149 40 pages
826 2242 79 39 for
939 2240 219 50 “Family
1191 2240 234 49 register”
1460 2242 96 40 and
1590 2240 302 42 “Children’s
1924 2239 209 50 register”

2201 2224 20 66 ([2]
382 2239 2006 108 following
581 2312 44 37 p.
648 2301 111 47 578)

387 2356 53 53 ©
469 2362 75 37 May
607 2361 38 46 1,
674 2359 114 40 1936;
843 2359 68 40 2c.
938 2358 95 39 and
1059 2358 81 39 aff.
1169 2359 114 45 May
1309 2359 26 39 7;
1390 2358 39 38 A
1456 2357 144 40 94347;
1658 2357 129 40 John
1813 2357 53 40 A.
1895 2356 169 40 Hertel
2095 2367 67 29 co.

469 2417 283 42 (36-10157)

387 2510 234 62 Bowen,
652 2509 251 63 Clayton
933 2507 331 65 Raymond,
1297 2508 327 54 1877-1934.

389 2581 2019 151 Studies in the New Testament; collected papers of Clayton R. Bowen, edited by Robert J. Hutcheon … Chicago, Ill.,
389 2744 143 53 Pub.
568 2743 94 54 for
691 2744 95 53 the
815 2743 313 53 Meadville
1157 2742 343 68 theological
1528 2742 190 53 school
1748 2742 76 68 by
1853 2742 94 52 the
1980 2740 336 68 University
2344 2740 64 52 of

390 2822 254 68 Chicago
683 2841 157 49 press
925 2824 153 64 [c1936]

463 2897 101 44 viii,
605 2897 85 40 182
731 2909 41 36 p.
840 2897 116 40 20cm.

389 2951 52 53 ©
469 2956 129 47 Sept.
624 2956 71 46 22,
721 2956 140 45 1936;
890 2955 66 39 2c.
986 2955 101 40 Oct.
1113 2955 52 46 2;
1196 2954 82 42 aff.
1306 2955 102 40 Oct.
1437 2954 52 46 5;
1519 2954 40 39 A
1587 2952 171 48 99166;
1790 2952 284 47 University
2102 2951 52 41 of
2181 2950 225 51 Chicago,

458 3012 226 48 Chicago.
742 3012 283 47 (36-22366)

387 3104 225 63 Bower,
639 3103 257 56 William
926 3103 270 65 Clayton,
1226 3108 169 51 1878-

462 3176 1946 72 The living Bible, by William Clayton Bower … New York,
389 3260 259 63 London,
678 3259 235 66 Harper
938 3260 45 51 &
1011 3259 279 66 brothers,
1321 3262 149 49 1936.

463 3334 64 40 ix.
562 3334 88 40 229
684 3345 42 37 p.
793 3333 55 41 19½cm.

465 3391 163 40 “First
660 3390 228 41 edition.”

464 3447 319 47 Bibliography
835 3458 8 28 :
876 3458 42 37 p.
946 3446 218 41 217-219.

389 3499 52 54 ©
468 3505 100 38 Oct.
595 3505 40 47 1,
661 3504 115 41 1936;
833 3505 66 38 2c.
931 3504 127 48 Sept.
1084 3504 56 41 30;
1196 3503 81 40 aff.
1306 3504 103 39 Oct.
1433 3505 25 38 3;
1516 3504 39 38 A
1581 3503 144 40 98777;
1782 3504 195 47 Harper
2004 3503 34 39 &
2065 3502 125 41 bros.

469 3563 283 47 (36-22370)
2194 3559 119 41 9079

388 3654 198 64 Boyle,
615 3654 153 63 Kay,
800 3659 173 50 1903-

463 3729 190 53 Death
699 3729 65 52 of
807 3749 31 34 a
884 3749 134 34 man
1085 3730 93 69 [by]
1230 3730 134 68 Kay
1410 3729 196 69 Boyle.
1686 3728 139 53 New
1870 3727 182 68 York,
2095 3727 310 66 Harcourt,

392 3809 180 52 Brace
604 3808 113 53 and
752 3827 283 50 company
1068 3812 177 64 [c1936]

461 3882 531 49 4 p. l., 3-321 p. 21cm.
463 3938 163 40 “First
667 3938 229 42 edition.”

387 3990 52 52 ©
465 3994 103 42 Oct,
593 3996 38 47 8,
660 3995 140 44 1936;
825 3997 67 39 2c.
921 3996 102 40 Oct.
1050 3996 81 46 12;
1161 3996 83 40 aff.
1271 3996 103 40 Oct.
1404 3995 82 45 14;
1515 3995 39 39 A
1580 3994 171 48 99363;
1781 3995 110 46 Kay
1918 3993 152 48 Boyle
2100 3992 119 49 Vail,
2248 3991 154 42 Paris.

468 4051 282 49 (36-22179)
