2519 4377
1309 4091 103 53 474

425 499 155 47 xlviii,
607 498 87 42 937
721 511 43 36 p.
820 499 216 40 facsims.
1094 498 54 39 22
1152 501 45 21 cm
1203 532 8 8 .

355 552 2014 53 © Feb. 14, 1936; 2c. Feb. 24; aff. Apr. 25; A 93785; Henry P. Stoddart,
427 616 223 45 reporter
671 613 51 40 of
745 614 81 39 the
853 613 230 47 Supreme
1107 615 152 46 court,
1284 613 79 39 for
1386 614 82 39 the
1491 612 176 41 benefit
1692 613 51 39 of
1767 614 82 39 the
1874 615 129 38 state
2028 612 51 39 of
2103 613 267 47 Nebraska,

429 671 215 47 Lincoln,
681 671 116 39 Neb.

353 773 330 64 Needham,
712 776 139 51 Mrs.
882 774 176 63 Mary
1087 773 290 65 (Master)

425 850 334 52 Tomorrow
789 856 58 47 to
881 848 158 55 fresh
1069 850 189 68 fields;
1291 851 98 52 the
1416 856 158 62 story
1602 850 63 52 of
1695 868 72 35 an
1799 850 265 68 attitude,
2095 850 73 68 by
2198 850 170 66 Mary

353 928 219 54 Master
604 928 312 55 Needham.
992 929 140 54 New
1162 929 181 69 York,
1374 929 260 54 Horizon
1666 930 191 66 house,
1890 932 152 51 1936.

428 1003 655 49 10 p. l., 17-367 p. 23 cm .
356 1057 2015 53 © Apr. 6, 1936; 2c. Apr. 3; aff. Apr. 14; A 92980; M. M. Needham,
427 1118 167 40 Grand
624 1117 201 49 Rapids,
855 1118 144 40 Mich.
1067 1117 253 49 (36-9290)

353 1219 147 54 New
539 1221 215 64 Jersey
793 1221 187 67 digest
1020 1222 328 66 annotated,
1388 1221 269 67 covering
1697 1221 77 53 all
1813 1238 150 36 cases
2004 1220 265 68 reported
2310 1218 61 54 in

424 1300 140 52 New
609 1301 205 66 Jersey
857 1305 223 62 reports
1127 1300 113 52 and
1285 1299 263 53 Atlantic
1594 1304 272 63 reporter.
1950 1299 221 64 March,
2219 1300 152 65 1936,

424 1377 1944 69 cumulative pamphlet … with table of cases digested.
424 1457 267 66 Newark,
733 1458 70 52 N.
846 1459 76 64 J.,
967 1456 188 68 Soney
1197 1460 45 50 &
1286 1456 147 69 Sage
1474 1474 310 51 company;
1833 1455 82 55 St.
1959 1456 168 66 Paul,
2168 1455 202 68 Minn.,

423 1537 160 53 West
610 1534 337 69 publishing
974 1554 78 35 co.
1085 1569 11 34 [
1103 1542 16 20 c
1127 1539 151 64 1935]

424 1609 55 41 67
509 1622 43 37 p.
610 1610 56 38 24
670 1612 44 20 cm
719 1642 8 8 .

355 1663 2015 53 © Mar. 12, 1936; 2c. and aff. Apr. 18; A 94020; Soney & Sage co. and
425 1725 134 40 West
584 1725 111 47 pub.
724 1735 67 30 co.

352 1828 197 52 North
585 1831 259 50 western
880 1831 286 64 reporter;
1203 1845 150 36 cases
1390 1827 215 67 argued
1643 1827 113 52 and
1791 1827 353 52 determined
2179 1826 60 51 in
2275 1826 96 52 the

423 1912 189 47 courts
647 1906 63 52 of
746 1908 176 65 Iowa,
955 1905 317 68 Michigan,
1306 1904 342 68 Minnesota,
1683 1905 314 66 Nebraska,
2032 1905 188 53 North
423 1906 1922 145 Dakota,
620 1984 184 54 South
847 1985 248 67 Dakota,
1136 1984 342 66 Wisconsin,
1523 1985 137 51 with
1703 1984 108 68 key
1853 1984 239 51 number
424 1988 1921 130 annotations.
668 2064 243 54 Volume
958 2067 118 49 263.
1161 2063 327 66 December,
1539 2064 457 66 1935-January,
2047 2065 151 50 1936.
2285 2062 84 55 St.

424 2141 165 68 Paul,
613 2141 204 67 Minn.,
840 2143 162 54 West
1025 2141 339 67 publishing
1386 2159 97 46 co.,
1511 2144 149 51 1936.

425 2216 100 48 xix,
553 2215 113 40 1001
696 2226 43 38 p.
796 2215 154 49 diagr.
1007 2214 57 41 26
1065 2218 46 22 cm
1118 2248 7 9 .

353 2269 1724 53 © Mar. 10, 1936; 2c. and aff. Apr. 18; A 94031; West pub. co.
353 2362 244 66 Oakley,
623 2365 141 52 Mrs.
793 2362 159 64 Amy
983 2362 273 64 (Ewing)
1295 2367 171 50 1882-

424 2439 122 54 The
589 2440 165 53 heart
795 2440 64 53 of
901 2441 307 67 Provence,
1252 2440 72 68 by
1371 2441 153 66 Amy
1570 2439 249 68 Oakley;
1867 2439 382 53 illustrations
2293 2440 71 67 by

353 2519 300 52 Thornton
688 2518 240 69 Oakley.
1003 2519 139 54 New
1177 2519 180 68 York,
1390 2519 259 66 London,
1681 2519 71 52 D.
1784 2519 582 67 Appleton-Century

353 2615 299 50 company,
684 2597 421 68 incorporated,
1140 2601 151 50 1936.

428 2669 101 49 xix,
615 2689 27 29 [1],
678 2669 89 41 479
803 2680 43 37 p.
881 2671 113 40 incl.
1029 2670 166 48 front.,
1233 2670 144 47 illus.,
1416 2670 171 48 plates,
1624 2671 150 47 ports.
1834 2670 55 39 21½c
1940 2672 28 21 m
1974 2702 8 9 .

429 2729 140 46 Maps
600 2738 60 29 on
688 2726 365 50 lining-papers.

428 2784 244 48 “Magali”
708 2785 185 47 (words
923 2786 95 39 and
1049 2784 181 47 music):
1299 2796 42 37 p.
1372 2784 68 41 19.

354 2838 2013 53 © Apr. 24, 1936; 2c. and aff. Apr. 27; A 93846; D. Appleton-Century co.,
425 2899 90 41 inc.
587 2898 253 50 (36-9294)

355 2988 167 54 Ohio.
597 2992 185 64 Laws,
808 2994 258 63 statutes,
1184 3034 9 10 etc.

488 3067 1879 69 … Baldwin’s Ohio digest service; the sixty-eighth issue of
355 3146 94 52 the
494 3145 151 55 Ohio
688 3147 346 51 cumulative
1078 3146 203 68 digest.
1357 3149 54 50 A
1456 3148 183 67 digest
1685 3147 62 52 of
1789 3152 234 47 current
2064 3147 302 67 published

356 3225 278 52 decisions
673 3224 63 53 of
773 3225 95 53 the
908 3231 188 48 courts
1136 3225 62 52 of
1237 3225 169 67 Ohio,
1446 3224 151 53 from
1640 3225 332 68 September
2014 3229 81 63 16,
2136 3229 132 48 1935
2309 3232 57 46 to

354 3302 174 67 April
580 3309 46 59 1,
678 3306 149 50 1936.
910 3303 209 67 [April,
1171 3307 151 63 1936,
1368 3305 254 66 number]
1709 3305 201 54 Under
1957 3304 94 52 the
2100 3303 263 54 editorial

356 3380 2011 70 supervision of William Edward Baldwin … Jay S. Hudson
355 3459 1986 147 … [and] Glenn Kitson … Cleveland, Banks-Baldwin law publishing company [ c 1936]
426 3612 55 38 41
510 3622 42 37 p.
608 3611 57 39 25½
699 3614 43 20 cm
749 3646 7 8 .

357 3663 2009 53 © Apr. 15, 1936; 2c. Apr. 20: aff. Apr. 18; A 93730; Banks-Baldwin law
426 3725 108 47 pub.
566 3735 67 30 co.

356 3812 213 54 Pacific
595 3820 273 61 reporter.
934 3813 217 55 Second
1181 3814 185 54 series.
1432 3814 169 55 Cases
1630 3816 213 67 argued
1875 3816 110 53 and
2015 3815 350 53 determined

426 3892 58 51 in
518 3892 94 52 the
644 3897 188 47 courts
864 3892 63 52 of
957 3893 270 59 Arizona,
1262 3892 342 58 California,
1639 3894 300 58 Colorado,
1974 3895 202 60 Idaho,
426 3894 1914 133 Kansas,
584 3970 297 63 Montana,
935 3971 253 59 Nevada,
1242 3972 136 52 New
1431 3971 240 63 Mexico,
1725 3971 342 56 Oklahoma,
2119 3973 247 66 Oregon,
