2519 4377
1014 4086 131 51 1593

83 424 215 63 About,
326 423 264 53 Edmond
618 423 283 53 Francois
925 422 296 62 Valentin,
1251 427 323 50 1828-1885.

209 495 1804 73 … Le roi des montagnes, edited by Cameron C. Gullette …
78 573 1993 72 and Olav K. Lundeberg … drawings by Charles V. John.
78 653 136 52 New
241 653 178 68 York,
445 653 258 66 London,
729 654 233 68 Harper
988 655 45 50 &
1055 652 276 68 brothers,
1362 654 150 51 1936.

148 725 875 50 xii p., 1 l., 187 p. plates. 20 cm .
149 783 65 40 At
239 784 122 39 head
391 783 52 39 of
468 783 133 41 title:
633 782 218 41 Edmond
879 782 173 41 About.

151 834 193 45 “Under
370 839 82 40 the
477 838 269 48 editorship
774 838 54 41 of
853 839 52 42 F.
933 837 54 43 G.
1012 836 276 44 Hoffherr.”

150 894 145 42 “This
321 894 183 42 edition
532 895 283 41 authorized
842 895 62 46 by
932 894 241 41 Librairie
1200 894 255 50 Hachette,
1482 893 185 42 Paris.”

150 950 293 50 “Simplified
476 950 419 44 edition.”—Pref.

83 1005 53 54 ©
171 1010 101 40 Oct.
309 1009 70 43 20.
413 1009 141 44 1936;
591 1009 68 41 2c.
696 1010 101 41 Oct.
835 1009 82 47 21;
956 1011 81 38 aff.
1077 1010 101 41 Oct.
1214 1009 82 48 22;
1336 1011 40 39 A
1414 1009 198 48 100039;
1651 1012 194 47 Harper
1882 1012 35 40 &
1954 1011 125 39 bros.

155 1067 280 49 [Copyright
472 1067 42 40 is
549 1065 205 42 claimed
793 1078 58 29 on
889 1066 210 49 preface,
1140 1066 344 47 introduction,
1524 1067 248 47 questions
1813 1068 94 39 and
152 1077 1912 94 exercises,
322 1123 294 48 vocabulary
650 1124 95 39 and
778 1125 152 48 notes]
1003 1121 280 50 (36-29811)

81 1227 208 65 Akins,
316 1228 130 64 Zoe,
478 1233 171 50 1886-

148 1303 120 53 The
303 1303 149 54 little
486 1304 250 68 miracle,
768 1303 76 69 by
880 1305 107 51 Zoe
1020 1302 203 55 Akins.
1295 1303 139 54 New
1470 1303 164 54 York
1669 1303 113 54 and
1818 1303 262 67 London,

77 1380 232 69 Harper
335 1383 45 51 &
407 1381 278 67 brothers,
717 1384 150 53 1936.

147 1452 962 50 3 p. l., 42 p., 1 l. col. front. 17½ cm .
149 1511 40 38 A
218 1510 125 48 play.

151 1565 162 43 “First
343 1566 227 41 edition.”

84 1621 53 54 ©
164 1626 100 40 Oct.
292 1625 69 50 29,
391 1625 140 48 1936;
557 1625 67 42 2c.
654 1626 102 41 Oct.
784 1626 82 47 28;
898 1626 81 42 aff.
1009 1626 100 41 Oct.
1139 1626 83 47 31;
1253 1627 40 39 A
1319 1626 172 48 99673;
1524 1628 91 39 Zoe
1644 1627 154 40 Akins
1827 1628 254 47 Rumbold,

155 1682 266 41 Pasadena.
485 1681 281 49 (36-29807)

82 1786 283 63 Alleman,
392 1786 257 54 Herbert
678 1786 321 65 Christian,
1030 1790 170 51 1868-
1412 1788 85 53 ed.

150 1864 138 52 New
321 1865 327 52 Testament
679 1869 411 63 commentary;
1126 1887 29 33 a
1192 1865 226 67 general
1453 1865 387 53 introduction
1876 1871 57 48 to
1969 1866 111 52 and

82 1961 30 33 a
148 1948 384 61 commentary
565 1960 71 35 on
670 1943 98 52 the
797 1942 176 54 books
1006 1942 64 54 of
1104 1943 96 53 the
1230 1943 138 53 New
1402 1944 344 66 Testament,
1782 1943 187 53 edited
2006 1944 75 67 by

81 2019 1976 134 Herbert C. Alleman. Philadelphia, Pa., The Board of publication of the United Lutheran church in America [c1936]
151 2172 63 47 ix,
245 2172 84 40 720
356 2182 42 38 p.
459 2172 55 40 25
517 2173 44 22 cm
565 2202 9 8 .

154 2228 222 42 Includes
409 2226 389 52 bibliographies.

85 2281 53 53 ©
170 2286 102 40 Oct.
305 2284 68 49 10,
406 2284 140 48 1936;
581 2283 68 43 2c.
684 2285 101 41 Oct.
819 2285 81 47 14;
937 2285 80 40 aff.
1055 2285 102 41 Oct.
1191 2285 82 47 15;
1309 2286 40 39 A
1382 2284 172 49 99378;
1591 2285 164 41 Board
1788 2285 52 40 of
155 2284 1910 98 publication
285 2342 52 39 of
364 2342 83 40 the
476 2341 178 42 United
687 2342 249 41 Lutheran
966 2342 182 39 church
1176 2341 51 40 in
1257 2342 237 39 America.

165 2397 279 48 (36-29251)

82 2502 186 63 Allen,
295 2500 205 66 Irving
524 2503 170 62 Ross,
725 2503 169 55 1887-

154 2579 159 53 You!
391 2580 121 54 The
541 2597 127 50 way
693 2585 58 47 to
779 2597 212 35 success
1020 2580 250 67 through
1301 2578 345 69 self-power,
1673 2579 75 67 by
1777 2578 209 68 Irving
2014 2579 66 51 R.

87 2657 182 53 Allen.
347 2656 268 69 Chicago,
648 2656 244 56 LaSalle
928 2656 315 69 university
1279 2676 172 49 press,
1489 2660 148 50 1936.

153 2730 25 40 5
206 2742 29 36 p
276 2731 11 38 1
310 2761 8 16 ,
347 2729 84 41 275
460 2741 42 38 p.
562 2730 55 41 21
621 2732 44 22 cm
669 2761 9 10 .

86 2782 53 53 ©
173 2786 100 40 Oct.
308 2785 69 48 28,
408 2785 140 48 1936;
583 2785 68 41 2c.
688 2786 95 40 and
817 2786 81 41 aff.
935 2786 101 41 Oct.
1070 2785 83 47 31;
1190 2787 40 38 A
1265 2785 200 47 100192;
1503 2787 35 38 I.
1577 2786 54 41 R.
1666 2785 155 49 Allen,
1858 2785 224 47 Chicago.

161 2842 278 50 [Copyright
467 2842 42 41 is
540 2843 205 39 claimed
775 2853 59 30 on
864 2842 209 48 changes
1102 2843 97 39 and
1230 2840 265 52 rewriting]

166 2898 280 50 (36-29252)

85 3003 306 65 Andrews,
416 3004 153 53 John
597 3002 306 67 Williams,
935 3010 171 50 1898-

155 3079 246 54 Prelude
448 3084 57 49 to
552 3080 263 55 “Icaros”
868 3081 108 68 [by]
1026 3081 156 56 John
1228 3080 289 56 Williams
1563 3082 295 53 Andrews.
1943 3082 138 52 New

85 3158 176 54 York.
292 3159 215 52 Farrar
535 3162 45 51 &
609 3159 298 69 Rinehart,
937 3160 416 67 incorporated,
1385 3163 150 50 1936.

157 3231 586 50 8 p. l., 3-160 p. 22 cm .
157 3290 184 40 Poems.

159 3344 1923 50 “This first edition … is limited to 1500 copies … signed by the author.
86 3402 213 41 Number
330 3401 100 42 38.”

87 3456 54 52 ©
175 3460 101 40 Oct.
313 3459 69 44 21,
420 3458 140 48 1936;
598 3459 68 40 2c.
707 3461 100 40 Oct.
845 3459 83 48 23;
969 3461 81 39 aff.
1090 3460 101 41 Oct.
1229 3459 82 48 22;
1355 3462 37 37 A
1430 3458 172 48 99559;
1642 3459 43 40 J.
1724 3459 71 40 W.
1835 3457 249 46 Andrews,

158 3518 117 39 East
305 3517 172 46 Dover,
506 3517 75 41 Vt.
650 3516 281 50 (36-29546)

86 3606 339 64 Aspinwall,
451 3608 222 52 Robert
699 3609 204 63 Sayer.

155 3682 121 53 The
312 3682 302 54 liberation
655 3683 65 52 of
759 3681 338 70 capitalism,
1136 3682 249 68 revised;
1427 3681 229 53 written
1696 3680 75 68 by
1811 3679 167 53 Robt.
2023 3677 55 55 S.

87 3754 1994 72 Aspinwall … with illustrations by the author … Detroit,
85 3835 237 53 Lincoln
356 3836 141 67 mfg.
534 3855 96 47 co.,
686 3840 149 50 c1936.

156 3905 708 48 2 p. l., 53 p. illus. 21 cm .
88 3960 53 54 ©
167 3965 126 46 Sept.
320 3966 37 42 1,
384 3966 139 41 1936;
553 3965 67 40 2c.
647 3966 95 39 and
769 3966 82 41 aff.
880 3967 126 47 Sept.
1036 3966 80 42 19;
1146 3968 38 37 A
1211 3965 171 47 99633;
1412 3966 55 39 R.
1498 3965 44 41 S.
1567 3964 282 48 Aspinwall,
1877 3961 208 42 Detroit.

169 4020 278 44 (36-29566)
