<alto xmlns="http://www.loc.gov/standards/alto/ns-v3#" xmlns:xsi="http://www.w3.org/2001/XMLSchema-instance" xsi:schemaLocation="http://www.loc.gov/standards/alto/ns-v3# http://www.loc.gov/alto/v3/alto-3-0.xsd"><Description>
<MeasurementUnit>pixel</MeasurementUnit>
<sourceImageInformation>
<fileName>1936_v33_Part1.pdf</fileName>
</sourceImageInformation>
<OCRProcessing ID="IdOcr">
<ocrProcessingStep>
<processingDateTime>2019-01-18</processingDateTime>
<processingSoftware>
<softwareCreator>ABBYY</softwareCreator>
<softwareName>ABBYY Recognition Server</softwareName>
<softwareVersion>4.0</softwareVersion>
</processingSoftware>
</ocrProcessingStep>
</OCRProcessing>
</Description>
<Styles>
<ParagraphStyle ALIGN="Left" FIRSTLINE="0." ID="StyleId-FFFFFFFF-FFFF-FFFF-FFFF-FFFFFFFFFFFF-" LEFT="0." RIGHT="0." />
<ParagraphStyle ALIGN="Left" FIRSTLINE="0." ID="StyleId-51D50FAC-7A90-4D70-8A96-5EA9D46D1C8B-" LEFT="0." LINESPACE="7.699999809" RIGHT="0." />
<ParagraphStyle ALIGN="Block" FIRSTLINE="-17." ID="StyleId-6BC133E9-7DCB-43C3-8842-A67984A26405-" LEFT="0." LINESPACE="8.340000153" RIGHT="0." />
<ParagraphStyle ALIGN="Left" FIRSTLINE="-13." ID="StyleId-3C3FF860-43E7-46A2-8934-48F305F6F0D6-" LEFT="0." LINESPACE="11.06999969" RIGHT="0." />
<ParagraphStyle ALIGN="Block" FIRSTLINE="-13." ID="StyleId-19220C76-4F8A-4737-B38C-B5F5C17E6040-" LEFT="0." LINESPACE="11.06999969" RIGHT="0." />
<ParagraphStyle ALIGN="Left" FIRSTLINE="0." ID="StyleId-75A0D721-13ED-4F20-9002-B389EC48477D-" LEFT="0." LINESPACE="15.5" RIGHT="0." />
<ParagraphStyle ALIGN="Left" FIRSTLINE="0." ID="StyleId-8A414184-C7A5-4AC7-9B88-7DA4DDE75922-" LEFT="0." LINESPACE="9.399999619" RIGHT="0." />
<ParagraphStyle ALIGN="Left" FIRSTLINE="0." ID="StyleId-1A87970B-111C-4169-99A6-9412976F3C97-" LEFT="0." LINESPACE="10.5" RIGHT="0." />
<ParagraphStyle ALIGN="Block" FIRSTLINE="-17." ID="StyleId-72DB0571-5AE4-41FD-9E11-68C6AC4C437E-" LEFT="0." LINESPACE="8.340000153" RIGHT="0." />
<ParagraphStyle ALIGN="Center" FIRSTLINE="0." ID="StyleId-1AA43056-C388-4697-B10F-72FDAA38FAE1-" LEFT="0." LINESPACE="10.5" RIGHT="0." />
</Styles>
<Layout>
<Page HEIGHT="4377" ID="Page183" PHYSICAL_IMG_NR="183" WIDTH="2519">
<TopMargin HEIGHT="464" HPOS="0" VPOS="0" WIDTH="2519">
</TopMargin>
<LeftMargin HEIGHT="3702" HPOS="0" VPOS="464" WIDTH="152">
</LeftMargin>
<RightMargin HEIGHT="3702" HPOS="2184" VPOS="464" WIDTH="335">
</RightMargin>
<BottomMargin HEIGHT="211" HPOS="0" VPOS="4166" WIDTH="2519">
</BottomMargin>
<PrintSpace HEIGHT="3702" HPOS="152" VPOS="464" WIDTH="2032">
<TextBlock HEIGHT="70" HPOS="1114" ID="Page183_Block1" LANG="en-US" STYLEREFS="StyleId-FDCA2135-E0F7-42A0-ADE0-CC31B94B7F98-" VPOS="4096" WIDTH="116">
<TextLine HEIGHT="49" HPOS="1124" VPOS="4107" WIDTH="96">
<String CONTENT="183" HEIGHT="49" HPOS="1124" VPOS="4107" WIDTH="96" />
</TextLine>
</TextBlock>
<TextBlock CS="1" HEIGHT="3634" HPOS="152" ID="Page183_Block2" LANG="en-US" STYLEREFS="StyleId-3CBF367A-21C1-4413-927C-1C560751A8CA-" VPOS="464" WIDTH="2032">
<Shape>
<Polygon POINTS="152,464 2184,464 2184,4051 796,4051 796,4098 152,4098 152,464" />
</Shape>
<TextLine HEIGHT="64" HPOS="164" STYLEREFS="StyleId-6E6B1E8F-AAEE-4833-B049-CF6D9EC09DDE-" VPOS="474" WIDTH="478">
<String CONTENT="Wall," HEIGHT="64" HPOS="164" VPOS="474" WIDTH="164" />
<SP HEIGHT="63" HPOS="329" VPOS="475" WIDTH="25" />
<String CONTENT="Dorothy." HEIGHT="63" HPOS="355" VPOS="474" WIDTH="287" />
</TextLine>
<TextLine HEIGHT="69" HPOS="235" VPOS="547" WIDTH="1921">
<String CONTENT="The" HEIGHT="52" HPOS="235" VPOS="552" WIDTH="120" />
<SP HEIGHT="48" HPOS="356" VPOS="556" WIDTH="33" />
<String CONTENT="tale" HEIGHT="52" HPOS="390" VPOS="551" WIDTH="112" />
<SP HEIGHT="34" HPOS="503" VPOS="570" WIDTH="34" />
<String CONTENT="of" HEIGHT="53" HPOS="538" VPOS="551" WIDTH="62" />
<SP HEIGHT="51" HPOS="601" VPOS="551" WIDTH="34" />
<String CONTENT="Bridget" HEIGHT="67" HPOS="636" VPOS="549" WIDTH="244" />
<SP HEIGHT="47" HPOS="881" VPOS="555" WIDTH="33" />
<String CONTENT="and" HEIGHT="52" HPOS="915" VPOS="549" WIDTH="111" />
<SP HEIGHT="52" HPOS="1027" VPOS="549" WIDTH="35" />
<String CONTENT="the" HEIGHT="52" HPOS="1063" VPOS="549" WIDTH="94" />
<SP HEIGHT="53" HPOS="1158" VPOS="548" WIDTH="32" />
<String CONTENT="bees;" HEIGHT="65" HPOS="1191" VPOS="548" WIDTH="152" />
<SP HEIGHT="46" HPOS="1344" VPOS="567" WIDTH="37" />
<String CONTENT="written" HEIGHT="53" HPOS="1382" VPOS="547" WIDTH="226" />
<SP HEIGHT="51" HPOS="1609" VPOS="550" WIDTH="34" />
<String CONTENT="&amp;" HEIGHT="51" HPOS="1644" VPOS="550" WIDTH="45" />
<SP HEIGHT="53" HPOS="1690" VPOS="548" WIDTH="32" />
<String CONTENT="illustrated" HEIGHT="53" HPOS="1723" VPOS="547" WIDTH="324" />
<SP HEIGHT="53" HPOS="2048" VPOS="547" WIDTH="33" />
<String CONTENT="by" HEIGHT="67" HPOS="2082" VPOS="547" WIDTH="74" />
</TextLine>
<TextLine HEIGHT="69" HPOS="166" VPOS="625" WIDTH="1991">
<String CONTENT="Dorothy" HEIGHT="64" HPOS="166" VPOS="630" WIDTH="261" />
<SP HEIGHT="64" HPOS="428" VPOS="630" WIDTH="29" />
<String CONTENT="Wall." HEIGHT="53" HPOS="458" VPOS="629" WIDTH="170" />
<SP HEIGHT="52" HPOS="629" VPOS="628" WIDTH="65" />
<String CONTENT="Authorized" HEIGHT="52" HPOS="695" VPOS="627" WIDTH="353" />
<SP HEIGHT="52" HPOS="1049" VPOS="627" WIDTH="31" />
<String CONTENT="ed." HEIGHT="52" HPOS="1081" VPOS="627" WIDTH="83" />
<SP HEIGHT="50" HPOS="1165" VPOS="629" WIDTH="69" />
<String CONTENT="Poughkeepsie," HEIGHT="68" HPOS="1235" VPOS="625" WIDTH="447" />
<SP HEIGHT="64" HPOS="1683" VPOS="627" WIDTH="29" />
<String CONTENT="N." HEIGHT="52" HPOS="1713" VPOS="627" WIDTH="70" />
<SP HEIGHT="52" HPOS="1784" VPOS="627" WIDTH="33" />
<String CONTENT="Y.," HEIGHT="63" HPOS="1818" VPOS="627" WIDTH="90" />
<SP HEIGHT="64" HPOS="1909" VPOS="626" WIDTH="28" />
<String CONTENT="Artists" HEIGHT="53" HPOS="1938" VPOS="625" WIDTH="219" />
</TextLine>
<TextLine HEIGHT="68" HPOS="165" VPOS="704" WIDTH="927">
<String CONTENT="and" HEIGHT="53" HPOS="165" VPOS="707" WIDTH="112" />
<SP HEIGHT="52" HPOS="278" VPOS="707" WIDTH="26" />
<String CONTENT="writers" HEIGHT="52" HPOS="305" VPOS="706" WIDTH="219" />
<SP HEIGHT="47" HPOS="525" VPOS="725" WIDTH="27" />
<String CONTENT="guild," HEIGHT="66" HPOS="553" VPOS="706" WIDTH="181" />
<SP HEIGHT="66" HPOS="735" VPOS="704" WIDTH="24" />
<String CONTENT="inc." HEIGHT="53" HPOS="760" VPOS="704" WIDTH="105" />
<SP HEIGHT="33" HPOS="866" VPOS="738" WIDTH="33" />
<String CONTENT="[" HEIGHT="33" HPOS="900" STYLE="subscript" VPOS="738" WIDTH="12" />
<String CONTENT="c" HEIGHT="21" HPOS="918" STYLE="superscript" VPOS="710" WIDTH="17" />
<String CONTENT="1935" HEIGHT="49" HPOS="942" VPOS="707" WIDTH="132" />
<String CONTENT="]" HEIGHT="33" HPOS="1081" STYLE="subscript" VPOS="737" WIDTH="11" />
</TextLine>
<TextLine CS="1" HEIGHT="53" HPOS="235" STYLEREFS="StyleId-EA81E047-9FB4-425D-B599-5FBC01E22F2E-" VPOS="788" WIDTH="1065">
<String CONTENT="2" HEIGHT="39" HPOS="235" VPOS="792" WIDTH="29" />
<SP />
<String CONTENT="p." HEIGHT="38" HPOS="288" LANG="la" VPOS="803" WIDTH="44" />
<SP />
<String CONTENT="l." CS="1" LANG="la" />
<String CONTENT="," HEIGHT="17" HPOS="393" VPOS="823" WIDTH="9" />
<SP HEIGHT="49" HPOS="403" VPOS="791" WIDTH="27" />
<String CONTENT="9-45" HEIGHT="41" HPOS="431" VPOS="791" WIDTH="113" />
<SP HEIGHT="47" HPOS="545" VPOS="792" WIDTH="25" />
<String CONTENT="p." HEIGHT="37" HPOS="571" VPOS="802" WIDTH="43" />
<SP HEIGHT="40" HPOS="615" VPOS="791" WIDTH="60" />
<String CONTENT="illus.," HEIGHT="47" HPOS="676" VPOS="791" WIDTH="140" />
<SP HEIGHT="37" HPOS="817" VPOS="801" WIDTH="26" />
<String CONTENT="col." HEIGHT="41" HPOS="844" VPOS="790" WIDTH="86" />
<SP HEIGHT="38" HPOS="931" VPOS="800" WIDTH="26" />
<String CONTENT="plates." HEIGHT="50" HPOS="958" VPOS="788" WIDTH="171" />
<SP HEIGHT="41" HPOS="1130" VPOS="788" WIDTH="52" />
<String CONTENT="21" HEIGHT="40" HPOS="1183" VPOS="788" WIDTH="54" />
<String CONTENT="cm" HEIGHT="21" HPOS="1243" STYLE="superscript" VPOS="791" WIDTH="43" />
<String CONTENT="." HEIGHT="9" HPOS="1290" VPOS="820" WIDTH="10" />
</TextLine>
<TextLine HEIGHT="49" HPOS="237" STYLEREFS="StyleId-EA81E047-9FB4-425D-B599-5FBC01E22F2E-" VPOS="860" WIDTH="616">
<String CONTENT="&#8220;Edith" HEIGHT="41" HPOS="237" VPOS="862" WIDTH="177" />
<SP HEIGHT="40" HPOS="415" VPOS="862" WIDTH="28" />
<String CONTENT="Kovar," HEIGHT="47" HPOS="444" VPOS="862" WIDTH="178" />
<SP HEIGHT="36" HPOS="623" VPOS="873" WIDTH="29" />
<String CONTENT="editor.&#8221;" HEIGHT="43" HPOS="653" VPOS="860" WIDTH="200" />
</TextLine>
<TextLine CS="1" HEIGHT="54" HPOS="163" STYLEREFS="StyleId-EA81E047-9FB4-425D-B599-5FBC01E22F2E-" VPOS="930" WIDTH="1997">
<String CONTENT="&#169;" HEIGHT="54" HPOS="163" VPOS="930" WIDTH="52" />
<SP HEIGHT="54" HPOS="216" VPOS="930" WIDTH="29" />
<String CONTENT="Nov." HEIGHT="40" HPOS="246" VPOS="935" WIDTH="117" />
<SP HEIGHT="40" HPOS="364" VPOS="934" WIDTH="32" />
<String CONTENT="13," HEIGHT="44" HPOS="397" VPOS="934" WIDTH="67" />
<SP HEIGHT="44" HPOS="465" VPOS="934" WIDTH="31" />
<String CONTENT="1935;" CS="1" HEIGHT="42" HPOS="497" VPOS="932" WIDTH="111" />
<SP HEIGHT="45" HPOS="637" VPOS="934" WIDTH="31" />
<String CONTENT="2c." HEIGHT="39" HPOS="669" VPOS="934" WIDTH="65" />
<SP HEIGHT="41" HPOS="735" VPOS="932" WIDTH="34" />
<String CONTENT="Feb." HEIGHT="41" HPOS="770" VPOS="932" WIDTH="109" />
<SP HEIGHT="41" HPOS="880" VPOS="931" WIDTH="31" />
<String CONTENT="29," HEIGHT="48" HPOS="912" VPOS="931" WIDTH="69" />
<SP HEIGHT="47" HPOS="982" VPOS="932" WIDTH="32" />
<String CONTENT="1936;" HEIGHT="45" HPOS="1015" VPOS="931" WIDTH="139" />
<SP HEIGHT="35" HPOS="1155" VPOS="941" WIDTH="33" />
<String CONTENT="aff." HEIGHT="40" HPOS="1189" VPOS="931" WIDTH="82" />
<SP HEIGHT="40" HPOS="1272" VPOS="931" WIDTH="35" />
<String CONTENT="Feb." HEIGHT="41" HPOS="1308" VPOS="931" WIDTH="109" />
<SP HEIGHT="41" HPOS="1418" VPOS="931" WIDTH="31" />
<String CONTENT="26:" HEIGHT="41" HPOS="1450" VPOS="931" WIDTH="82" />
<SP HEIGHT="42" HPOS="1533" VPOS="930" WIDTH="34" />
<String CONTENT="A" HEIGHT="40" HPOS="1568" VPOS="930" WIDTH="40" />
<SP HEIGHT="41" HPOS="1609" VPOS="930" WIDTH="29" />
<String CONTENT="91984;" HEIGHT="48" HPOS="1639" VPOS="930" WIDTH="171" />
<SP HEIGHT="47" HPOS="1811" VPOS="931" WIDTH="34" />
<String CONTENT="Artists" HEIGHT="42" HPOS="1846" VPOS="930" WIDTH="184" />
<SP HEIGHT="31" HPOS="2031" VPOS="941" WIDTH="33" />
<String CONTENT="and" HEIGHT="40" HPOS="2065" VPOS="931" WIDTH="95" />
</TextLine>
<TextLine HEIGHT="50" HPOS="231" STYLEREFS="StyleId-EA81E047-9FB4-425D-B599-5FBC01E22F2E-" VPOS="989" WIDTH="811">
<String CONTENT="writers" HEIGHT="39" HPOS="231" VPOS="992" WIDTH="192" />
<SP HEIGHT="37" HPOS="424" VPOS="1002" WIDTH="28" />
<String CONTENT="guild," HEIGHT="48" HPOS="453" VPOS="991" WIDTH="147" />
<SP HEIGHT="48" HPOS="601" VPOS="990" WIDTH="31" />
<String CONTENT="inc." HEIGHT="40" HPOS="633" VPOS="990" WIDTH="89" />
<SP HEIGHT="48" HPOS="723" VPOS="989" WIDTH="69" />
<String CONTENT="(36-5821)" HEIGHT="48" HPOS="793" VPOS="989" WIDTH="249" />
</TextLine>
<TextLine HEIGHT="68" HPOS="164" STYLEREFS="StyleId-6E6B1E8F-AAEE-4833-B049-CF6D9EC09DDE-" VPOS="1133" WIDTH="1266">
<String CONTENT="Waltersdorf," HEIGHT="66" HPOS="164" VPOS="1135" WIDTH="412" />
<SP HEIGHT="65" HPOS="577" VPOS="1136" WIDTH="28" />
<String CONTENT="Maurice" HEIGHT="54" HPOS="606" VPOS="1133" WIDTH="261" />
<SP HEIGHT="53" HPOS="868" VPOS="1135" WIDTH="29" />
<String CONTENT="Cleveland," HEIGHT="63" HPOS="898" VPOS="1133" WIDTH="329" />
<SP HEIGHT="57" HPOS="1228" VPOS="1139" WIDTH="31" />
<String CONTENT="1888-" HEIGHT="50" HPOS="1260" VPOS="1138" WIDTH="170" />
</TextLine>
<TextLine CS="1" HEIGHT="136" HPOS="165" VPOS="1206" WIDTH="1973">
<String CONTENT="Regulation" HEIGHT="69" HPOS="235" VPOS="1210" WIDTH="342" />
<SP HEIGHT="33" HPOS="578" VPOS="1229" WIDTH="31" />
<String CONTENT="of" HEIGHT="51" HPOS="610" VPOS="1211" WIDTH="62" />
<SP HEIGHT="65" HPOS="673" VPOS="1211" WIDTH="31" />
<String CONTENT="public" HEIGHT="67" HPOS="705" VPOS="1209" WIDTH="190" />
<SP HEIGHT="34" HPOS="896" VPOS="1228" WIDTH="28" />
<String CONTENT="utilities" HEIGHT="55" HPOS="925" VPOS="1207" WIDTH="238" />
<SP HEIGHT="51" HPOS="1164" VPOS="1209" WIDTH="28" />
<String CONTENT="in" HEIGHT="51" HPOS="1193" VPOS="1209" WIDTH="57" />
<SP HEIGHT="53" HPOS="1251" VPOS="1207" WIDTH="32" />
<String CONTENT="New" HEIGHT="53" HPOS="1284" VPOS="1207" WIDTH="133" />
<SP HEIGHT="53" HPOS="1418" VPOS="1208" WIDTH="32" />
<String CONTENT="Jersey," HEIGHT="67" HPOS="1451" VPOS="1208" WIDTH="216" />
<SP HEIGHT="67" HPOS="1668" VPOS="1207" WIDTH="29" />
<String CONTENT="by" HEIGHT="67" HPOS="1698" VPOS="1207" WIDTH="72" />
<SP HEIGHT="68" HPOS="1771" VPOS="1206" WIDTH="28" />
<String CONTENT="M." HEIGHT="53" HPOS="1800" VPOS="1206" WIDTH="78" />
<SP HEIGHT="54" HPOS="1879" VPOS="1207" WIDTH="34" />
<String CONTENT="C." HEIGHT="54" HPOS="1914" VPOS="1207" WIDTH="63" />
<SP HEIGHT="53" HPOS="1978" VPOS="1207" WIDTH="29" />
<String CONTENT="Waltersdorf" HEIGHT="135" HPOS="165" VPOS="1207" WIDTH="1973" />
<SP HEIGHT="53" HPOS="415" VPOS="1288" WIDTH="45" />
<String CONTENT="&#8230;" CS="1" />
</TextLine>
<TextLine HEIGHT="70" HPOS="601" VPOS="1285" WIDTH="1267">
<String CONTENT="[Baltimore]" HEIGHT="69" HPOS="601" VPOS="1286" WIDTH="347" />
<SP HEIGHT="68" HPOS="949" VPOS="1285" WIDTH="45" />
<String CONTENT="Waverly" HEIGHT="68" HPOS="995" VPOS="1285" WIDTH="269" />
<SP HEIGHT="49" HPOS="1265" VPOS="1304" WIDTH="42" />
<String CONTENT="press," HEIGHT="51" HPOS="1308" VPOS="1302" WIDTH="172" />
<SP HEIGHT="67" HPOS="1481" VPOS="1286" WIDTH="40" />
<String CONTENT="inc." HEIGHT="52" HPOS="1522" VPOS="1286" WIDTH="105" />
<SP HEIGHT="34" HPOS="1628" VPOS="1319" WIDTH="47" />
<String CONTENT="[" HEIGHT="34" HPOS="1676" VPOS="1319" WIDTH="12" />
<String CONTENT="c" HEIGHT="21" HPOS="1694" STYLE="superscript" VPOS="1293" WIDTH="17" />
<String CONTENT="1936]" HEIGHT="64" HPOS="1718" VPOS="1288" WIDTH="150" />
</TextLine>
<TextLine CS="1" HEIGHT="51" HPOS="234" VPOS="1371" WIDTH="740">
<String CONTENT="viii," HEIGHT="50" HPOS="234" VPOS="1372" WIDTH="100" />
<SP HEIGHT="49" HPOS="335" VPOS="1373" WIDTH="31" />
<String CONTENT="225" HEIGHT="40" HPOS="367" VPOS="1372" WIDTH="86" />
<SP HEIGHT="49" HPOS="454" VPOS="1372" WIDTH="28" />
<String CONTENT="p." HEIGHT="36" HPOS="483" VPOS="1385" WIDTH="43" />
<SP HEIGHT="40" HPOS="527" VPOS="1373" WIDTH="62" />
<String CONTENT="diagrs." HEIGHT="46" HPOS="590" VPOS="1373" WIDTH="179" />
<SP HEIGHT="41" HPOS="770" VPOS="1371" WIDTH="58" />
<String CONTENT="23&#189;" CS="1" HEIGHT="41" HPOS="829" VPOS="1371" WIDTH="54" />
<String CONTENT="cm" HEIGHT="21" HPOS="916" STYLE="superscript" VPOS="1374" WIDTH="44" />
<String CONTENT="." HEIGHT="9" HPOS="966" VPOS="1402" WIDTH="8" />
</TextLine>
<TextLine HEIGHT="49" HPOS="237" STYLEREFS="StyleId-EA81E047-9FB4-425D-B599-5FBC01E22F2E-" VPOS="1442" WIDTH="962">
<String CONTENT="&#8220;Table" HEIGHT="39" HPOS="237" VPOS="1444" WIDTH="177" />
<SP HEIGHT="30" HPOS="415" VPOS="1453" WIDTH="29" />
<String CONTENT="of" HEIGHT="40" HPOS="445" VPOS="1443" WIDTH="51" />
<SP HEIGHT="41" HPOS="497" VPOS="1443" WIDTH="28" />
<String CONTENT="cases" HEIGHT="31" HPOS="526" VPOS="1453" WIDTH="134" />
<SP HEIGHT="29" HPOS="661" VPOS="1454" WIDTH="29" />
<String CONTENT="cited&#8221;:" HEIGHT="41" HPOS="691" VPOS="1442" WIDTH="183" />
<SP HEIGHT="38" HPOS="875" VPOS="1453" WIDTH="33" />
<String CONTENT="p." HEIGHT="37" HPOS="909" VPOS="1454" WIDTH="42" />
<SP HEIGHT="40" HPOS="952" VPOS="1443" WIDTH="30" />
<String CONTENT="211-218." HEIGHT="41" HPOS="983" VPOS="1442" WIDTH="216" />
</TextLine>
<TextLine HEIGHT="49" HPOS="236" STYLEREFS="StyleId-EA81E047-9FB4-425D-B599-5FBC01E22F2E-" VPOS="1499" WIDTH="692">
<String CONTENT="Bibliography:" HEIGHT="48" HPOS="236" VPOS="1500" WIDTH="374" />
<SP HEIGHT="38" HPOS="611" VPOS="1510" WIDTH="28" />
<String CONTENT="p." HEIGHT="37" HPOS="640" VPOS="1511" WIDTH="43" />
<SP HEIGHT="40" HPOS="684" VPOS="1500" WIDTH="28" />
<String CONTENT="205-210." HEIGHT="40" HPOS="713" VPOS="1499" WIDTH="215" />
</TextLine>
<TextLine CS="1" HEIGHT="54" HPOS="165" STYLEREFS="StyleId-EA81E047-9FB4-425D-B599-5FBC01E22F2E-" VPOS="1572" WIDTH="1997">
<String CONTENT="&#169;" HEIGHT="54" HPOS="165" VPOS="1572" WIDTH="52" />
<SP HEIGHT="54" HPOS="218" VPOS="1572" WIDTH="38" />
<String CONTENT="Feb." HEIGHT="41" HPOS="257" VPOS="1576" WIDTH="109" />
<SP HEIGHT="39" HPOS="367" VPOS="1577" WIDTH="38" />
<String CONTENT="18," HEIGHT="47" HPOS="406" VPOS="1576" WIDTH="69" />
<SP HEIGHT="47" HPOS="476" VPOS="1576" WIDTH="38" />
<String CONTENT="1936;" CS="1" HEIGHT="41" HPOS="515" VPOS="1575" WIDTH="116" />
<SP HEIGHT="46" HPOS="654" VPOS="1575" WIDTH="41" />
<String CONTENT="2c." HEIGHT="40" HPOS="696" VPOS="1575" WIDTH="66" />
<SP HEIGHT="29" HPOS="763" VPOS="1585" WIDTH="38" />
<String CONTENT="and" HEIGHT="40" HPOS="802" VPOS="1574" WIDTH="96" />
<SP HEIGHT="40" HPOS="899" VPOS="1574" WIDTH="37" />
<String CONTENT="aff." HEIGHT="40" HPOS="937" VPOS="1573" WIDTH="80" />
<SP HEIGHT="39" HPOS="1018" VPOS="1573" WIDTH="42" />
<String CONTENT="Feb." HEIGHT="41" HPOS="1061" VPOS="1573" WIDTH="108" />
<SP HEIGHT="40" HPOS="1170" VPOS="1574" WIDTH="39" />
<String CONTENT="24;" HEIGHT="46" HPOS="1210" VPOS="1574" WIDTH="82" />
<SP HEIGHT="46" HPOS="1293" VPOS="1574" WIDTH="41" />
<String CONTENT="A" HEIGHT="39" HPOS="1335" VPOS="1574" WIDTH="39" />
<SP HEIGHT="40" HPOS="1375" VPOS="1574" WIDTH="38" />
<String CONTENT="90914;" HEIGHT="45" HPOS="1414" VPOS="1573" WIDTH="170" />
<SP HEIGHT="43" HPOS="1585" VPOS="1575" WIDTH="43" />
<String CONTENT="M." HEIGHT="40" HPOS="1629" VPOS="1575" WIDTH="62" />
<SP HEIGHT="42" HPOS="1692" VPOS="1574" WIDTH="40" />
<String CONTENT="O." HEIGHT="42" HPOS="1733" VPOS="1574" WIDTH="48" />
<SP HEIGHT="39" HPOS="1782" VPOS="1576" WIDTH="38" />
<String CONTENT="Waltersdorf," HEIGHT="48" HPOS="1821" VPOS="1575" WIDTH="341" />
</TextLine>
<TextLine HEIGHT="50" HPOS="235" STYLEREFS="StyleId-EA81E047-9FB4-425D-B599-5FBC01E22F2E-" VPOS="1631" WIDTH="776">
<String CONTENT="Washington," HEIGHT="47" HPOS="235" VPOS="1634" WIDTH="332" />
<SP HEIGHT="40" HPOS="568" VPOS="1634" WIDTH="35" />
<String CONTENT="Pa." HEIGHT="38" HPOS="604" VPOS="1634" WIDTH="83" />
<SP HEIGHT="48" HPOS="688" VPOS="1631" WIDTH="72" />
<String CONTENT="(36-5907)" HEIGHT="48" HPOS="761" VPOS="1631" WIDTH="250" />
</TextLine>
<TextLine HEIGHT="65" HPOS="168" STYLEREFS="StyleId-6E6B1E8F-AAEE-4833-B049-CF6D9EC09DDE-" VPOS="1778" WIDTH="867">
<String CONTENT="Webster," HEIGHT="64" HPOS="168" VPOS="1779" WIDTH="288" />
<SP HEIGHT="63" HPOS="457" VPOS="1780" WIDTH="29" />
<String CONTENT="Noah," HEIGHT="65" HPOS="487" VPOS="1778" WIDTH="190" />
<SP HEIGHT="60" HPOS="678" VPOS="1783" WIDTH="33" />
<String CONTENT="1758-1843." HEIGHT="55" HPOS="712" VPOS="1778" WIDTH="323" />
</TextLine>
<TextLine HEIGHT="69" HPOS="241" VPOS="1853" WIDTH="1925">
<String CONTENT="National" HEIGHT="53" HPOS="241" VPOS="1856" WIDTH="272" />
<SP HEIGHT="52" HPOS="514" VPOS="1856" WIDTH="36" />
<String CONTENT="dictionary" HEIGHT="67" HPOS="551" VPOS="1854" WIDTH="324" />
<SP HEIGHT="49" HPOS="876" VPOS="1872" WIDTH="35" />
<String CONTENT="of" HEIGHT="53" HPOS="912" VPOS="1853" WIDTH="63" />
<SP HEIGHT="52" HPOS="976" VPOS="1853" WIDTH="36" />
<String CONTENT="the" HEIGHT="52" HPOS="1013" VPOS="1853" WIDTH="94" />
<SP HEIGHT="52" HPOS="1108" VPOS="1853" WIDTH="38" />
<String CONTENT="English" HEIGHT="68" HPOS="1147" VPOS="1853" WIDTH="246" />
<SP HEIGHT="52" HPOS="1394" VPOS="1853" WIDTH="36" />
<String CONTENT="language" HEIGHT="68" HPOS="1431" VPOS="1854" WIDTH="285" />
<SP HEIGHT="54" HPOS="1717" VPOS="1853" WIDTH="33" />
<String CONTENT="based" HEIGHT="55" HPOS="1751" VPOS="1853" WIDTH="171" />
<SP HEIGHT="52" HPOS="1923" VPOS="1855" WIDTH="37" />
<String CONTENT="on" HEIGHT="34" HPOS="1961" VPOS="1873" WIDTH="72" />
<SP HEIGHT="47" HPOS="2034" VPOS="1861" WIDTH="35" />
<String CONTENT="the" HEIGHT="53" HPOS="2070" VPOS="1855" WIDTH="96" />
</TextLine>
<TextLine CS="1" HEIGHT="150" HPOS="169" VPOS="1932" WIDTH="1972">
<String CONTENT="principles" HEIGHT="69" HPOS="169" VPOS="1935" WIDTH="311" />
<SP HEIGHT="34" HPOS="481" VPOS="1953" WIDTH="28" />
<String CONTENT="established" HEIGHT="54" HPOS="510" VPOS="1933" WIDTH="341" />
<SP HEIGHT="52" HPOS="852" VPOS="1933" WIDTH="29" />
<String CONTENT="by" HEIGHT="68" HPOS="882" VPOS="1933" WIDTH="74" />
<SP HEIGHT="69" HPOS="957" VPOS="1932" WIDTH="26" />
<String CONTENT="Noah" HEIGHT="53" HPOS="984" VPOS="1932" WIDTH="164" />
<SP HEIGHT="53" HPOS="1149" VPOS="1932" WIDTH="28" />
<String CONTENT="Webster" HEIGHT="53" HPOS="1178" VPOS="1932" WIDTH="260" />
<SP HEIGHT="34" HPOS="1439" VPOS="1951" WIDTH="29" />
<String CONTENT="and" HEIGHT="52" HPOS="1469" VPOS="1933" WIDTH="112" />
<SP HEIGHT="53" HPOS="1582" VPOS="1932" WIDTH="30" />
<String CONTENT="including" HEIGHT="70" HPOS="1613" VPOS="1932" WIDTH="300" />
<SP HEIGHT="50" HPOS="1914" VPOS="1952" WIDTH="26" />
<String CONTENT="a" HEIGHT="33" HPOS="1941" VPOS="1953" WIDTH="31" />
<SP HEIGHT="49" HPOS="1973" VPOS="1953" WIDTH="33" />
<String CONTENT="practical" HEIGHT="114" HPOS="171" VPOS="1953" WIDTH="1970" />
<SP HEIGHT="68" HPOS="307" VPOS="2014" WIDTH="43" />
<String CONTENT="guide" HEIGHT="69" HPOS="351" VPOS="2013" WIDTH="173" />
</TextLine>
<TextLine HEIGHT="72" HPOS="568" VPOS="2010" WIDTH="1597">
<String CONTENT="to" HEIGHT="47" HPOS="568" VPOS="2018" WIDTH="57" />
<SP HEIGHT="53" HPOS="626" VPOS="2012" WIDTH="45" />
<String CONTENT="business" HEIGHT="53" HPOS="672" VPOS="2012" WIDTH="254" />
<SP HEIGHT="53" HPOS="927" VPOS="2011" WIDTH="45" />
<String CONTENT="English," HEIGHT="69" HPOS="973" VPOS="2011" WIDTH="264" />
<SP HEIGHT="47" HPOS="1238" VPOS="2030" WIDTH="44" />
<String CONTENT="self-pronouncing," HEIGHT="71" HPOS="1283" VPOS="2010" WIDTH="553" />
<SP HEIGHT="47" HPOS="1837" VPOS="2032" WIDTH="46" />
<String CONTENT="carefully" HEIGHT="69" HPOS="1884" VPOS="2013" WIDTH="281" />
</TextLine>
<TextLine CS="1" HEIGHT="70" HPOS="171" VPOS="2089" WIDTH="1933">
<String CONTENT="revised" HEIGHT="53" HPOS="171" VPOS="2092" WIDTH="220" />
<SP HEIGHT="52" HPOS="392" VPOS="2092" WIDTH="26" />
<String CONTENT="by" HEIGHT="67" HPOS="419" VPOS="2092" WIDTH="76" />
<SP HEIGHT="67" HPOS="496" VPOS="2092" WIDTH="28" />
<String CONTENT="John" HEIGHT="54" HPOS="525" VPOS="2091" WIDTH="156" />
<SP HEIGHT="53" HPOS="682" VPOS="2091" WIDTH="29" />
<String CONTENT="Vaughn" HEIGHT="68" HPOS="712" VPOS="2090" WIDTH="250" />
<SP HEIGHT="33" HPOS="963" VPOS="2109" WIDTH="37" />
<String CONTENT="&#8230;" CS="1" />
<SP HEIGHT="53" HPOS="1057" VPOS="2090" WIDTH="67" />
<String CONTENT="77th" HEIGHT="54" HPOS="1125" VPOS="2089" WIDTH="132" />
<SP HEIGHT="52" HPOS="1258" VPOS="2090" WIDTH="33" />
<String CONTENT="ed." HEIGHT="52" HPOS="1292" VPOS="2090" WIDTH="83" />
<SP HEIGHT="33" HPOS="1376" VPOS="2109" WIDTH="32" />
<String CONTENT="rev." HEIGHT="35" HPOS="1409" VPOS="2109" WIDTH="113" />
<SP HEIGHT="54" HPOS="1523" VPOS="2090" WIDTH="31" />
<String CONTENT="by" HEIGHT="69" HPOS="1555" VPOS="2090" WIDTH="76" />
<SP HEIGHT="68" HPOS="1632" VPOS="2091" WIDTH="29" />
<String CONTENT="Adam" HEIGHT="53" HPOS="1662" VPOS="2091" WIDTH="190" />
<SP HEIGHT="53" HPOS="1853" VPOS="2093" WIDTH="33" />
<String CONTENT="Ward" HEIGHT="53" HPOS="1887" VPOS="2093" WIDTH="178" />
<SP HEIGHT="52" HPOS="2066" VPOS="2094" WIDTH="38" />
<String CONTENT="&#8230;" CS="1" />
</TextLine>
<TextLine HEIGHT="69" HPOS="171" VPOS="2168" WIDTH="1602">
<String CONTENT="New" HEIGHT="53" HPOS="171" VPOS="2171" WIDTH="137" />
<SP HEIGHT="52" HPOS="309" VPOS="2171" WIDTH="28" />
<String CONTENT="York," HEIGHT="67" HPOS="338" VPOS="2170" WIDTH="180" />
<SP HEIGHT="67" HPOS="519" VPOS="2170" WIDTH="26" />
<String CONTENT="P." HEIGHT="53" HPOS="546" LANG="la" VPOS="2170" WIDTH="64" />
<SP HEIGHT="53" HPOS="611" VPOS="2170" WIDTH="29" />
<String CONTENT="F." HEIGHT="51" HPOS="641" VPOS="2170" WIDTH="64" />
<SP HEIGHT="55" HPOS="706" VPOS="2168" WIDTH="32" />
<String CONTENT="Collier" HEIGHT="55" HPOS="739" VPOS="2168" WIDTH="215" />
<SP HEIGHT="50" HPOS="955" VPOS="2171" WIDTH="24" />
<String CONTENT="&amp;" HEIGHT="49" HPOS="980" VPOS="2171" WIDTH="45" />
<SP HEIGHT="50" HPOS="1026" VPOS="2171" WIDTH="23" />
<String CONTENT="son" HEIGHT="34" HPOS="1050" VPOS="2187" WIDTH="99" />
<SP HEIGHT="34" HPOS="1150" VPOS="2187" WIDTH="30" />
<String CONTENT="corporation" HEIGHT="68" HPOS="1181" VPOS="2169" WIDTH="363" />
<SP HEIGHT="48" HPOS="1545" VPOS="2188" WIDTH="34" />
<String CONTENT="[" HEIGHT="34" HPOS="1580" STYLE="subscript" VPOS="2202" WIDTH="13" />
<String CONTENT="c" HEIGHT="22" HPOS="1597" STYLE="superscript" VPOS="2179" WIDTH="19" />
<String CONTENT="1936]" HEIGHT="64" HPOS="1622" VPOS="2173" WIDTH="151" />
</TextLine>
<TextLine HEIGHT="51" HPOS="236" VPOS="2242" WIDTH="885">
<String CONTENT="xlviii," HEIGHT="48" HPOS="236" VPOS="2244" WIDTH="156" />
<SP HEIGHT="47" HPOS="393" VPOS="2245" WIDTH="30" />
<String CONTENT="1040" HEIGHT="41" HPOS="424" VPOS="2244" WIDTH="116" />
<SP HEIGHT="49" HPOS="541" VPOS="2244" WIDTH="29" />
<String CONTENT="p." HEIGHT="38" HPOS="571" VPOS="2255" WIDTH="41" />
<SP HEIGHT="30" HPOS="613" VPOS="2255" WIDTH="60" />
<String CONTENT="col." HEIGHT="41" HPOS="674" VPOS="2244" WIDTH="86" />
<SP HEIGHT="42" HPOS="761" VPOS="2243" WIDTH="32" />
<String CONTENT="front." HEIGHT="43" HPOS="794" VPOS="2243" WIDTH="149" />
<SP HEIGHT="44" HPOS="944" VPOS="2242" WIDTH="59" />
<String CONTENT="20" HEIGHT="42" HPOS="1004" VPOS="2242" WIDTH="56" />
<String CONTENT="cm" HEIGHT="23" HPOS="1060" STYLE="superscript" VPOS="2245" WIDTH="47" />
<String CONTENT="." HEIGHT="9" HPOS="1112" VPOS="2276" WIDTH="9" />
</TextLine>
<TextLine HEIGHT="43" HPOS="242" STYLEREFS="StyleId-EA81E047-9FB4-425D-B599-5FBC01E22F2E-" VPOS="2316" WIDTH="637">
<String CONTENT="On" HEIGHT="41" HPOS="242" VPOS="2318" WIDTH="73" />
<SP HEIGHT="29" HPOS="316" VPOS="2329" WIDTH="25" />
<String CONTENT="cover:" HEIGHT="30" HPOS="342" VPOS="2328" WIDTH="167" />
<SP HEIGHT="39" HPOS="510" VPOS="2318" WIDTH="27" />
<String CONTENT="1936" HEIGHT="41" HPOS="538" VPOS="2316" WIDTH="114" />
<SP HEIGHT="40" HPOS="653" VPOS="2317" WIDTH="28" />
<String CONTENT="edition." HEIGHT="41" HPOS="682" VPOS="2316" WIDTH="197" />
</TextLine>
<TextLine CS="1" HEIGHT="53" HPOS="168" STYLEREFS="StyleId-EA81E047-9FB4-425D-B599-5FBC01E22F2E-" VPOS="2385" WIDTH="2000">
<String CONTENT="&#169;" HEIGHT="53" HPOS="168" VPOS="2385" WIDTH="52" />
<SP HEIGHT="53" HPOS="221" VPOS="2385" WIDTH="29" />
<String CONTENT="Jan." HEIGHT="38" HPOS="251" VPOS="2390" WIDTH="109" />
<SP HEIGHT="40" HPOS="361" VPOS="2388" WIDTH="28" />
<String CONTENT="2," HEIGHT="49" HPOS="390" VPOS="2388" WIDTH="39" />
<SP HEIGHT="48" HPOS="430" VPOS="2389" WIDTH="30" />
<String CONTENT="1936;" CS="1" HEIGHT="40" HPOS="461" VPOS="2387" WIDTH="116" />
<SP HEIGHT="46" HPOS="601" VPOS="2387" WIDTH="27" />
<String CONTENT="2c." HEIGHT="40" HPOS="629" VPOS="2387" WIDTH="69" />
<SP HEIGHT="39" HPOS="699" VPOS="2387" WIDTH="31" />
<String CONTENT="Feb." HEIGHT="39" HPOS="731" VPOS="2387" WIDTH="108" />
<SP HEIGHT="38" HPOS="840" VPOS="2387" WIDTH="31" />
<String CONTENT="19;" HEIGHT="47" HPOS="872" VPOS="2386" WIDTH="81" />
<SP HEIGHT="35" HPOS="954" VPOS="2398" WIDTH="33" />
<String CONTENT="aff." HEIGHT="41" HPOS="988" VPOS="2386" WIDTH="82" />
<SP HEIGHT="40" HPOS="1071" VPOS="2387" WIDTH="31" />
<String CONTENT="Feb." HEIGHT="40" HPOS="1103" VPOS="2387" WIDTH="108" />
<SP HEIGHT="40" HPOS="1212" VPOS="2387" WIDTH="32" />
<String CONTENT="20;" HEIGHT="45" HPOS="1245" VPOS="2387" WIDTH="81" />
<SP HEIGHT="45" HPOS="1327" VPOS="2387" WIDTH="33" />
<String CONTENT="A" HEIGHT="39" HPOS="1361" VPOS="2387" WIDTH="40" />
<SP HEIGHT="39" HPOS="1402" VPOS="2387" WIDTH="28" />
<String CONTENT="90934;" HEIGHT="47" HPOS="1431" VPOS="2387" WIDTH="171" />
<SP HEIGHT="45" HPOS="1603" VPOS="2389" WIDTH="32" />
<String CONTENT="P." HEIGHT="40" HPOS="1636" LANG="la" VPOS="2389" WIDTH="50" />
<SP HEIGHT="41" HPOS="1687" VPOS="2388" WIDTH="31" />
<String CONTENT="F." HEIGHT="41" HPOS="1719" VPOS="2388" WIDTH="51" />
<SP HEIGHT="41" HPOS="1771" VPOS="2389" WIDTH="31" />
<String CONTENT="Collier" HEIGHT="41" HPOS="1803" VPOS="2389" WIDTH="179" />
<SP HEIGHT="40" HPOS="1983" VPOS="2392" WIDTH="31" />
<String CONTENT="&amp;" HEIGHT="40" HPOS="2015" VPOS="2392" WIDTH="37" />
<SP HEIGHT="40" HPOS="2053" VPOS="2392" WIDTH="28" />
<String CONTENT="son" HEIGHT="29" HPOS="2082" VPOS="2403" WIDTH="86" />
</TextLine>
<TextLine HEIGHT="51" HPOS="239" STYLEREFS="StyleId-EA81E047-9FB4-425D-B599-5FBC01E22F2E-" VPOS="2443" WIDTH="631">
<String CONTENT="corporation." HEIGHT="50" HPOS="239" VPOS="2444" WIDTH="319" />
<SP HEIGHT="48" HPOS="559" VPOS="2443" WIDTH="60" />
<String CONTENT="(36-5796)" HEIGHT="48" HPOS="620" VPOS="2443" WIDTH="250" />
</TextLine>
<TextLine HEIGHT="72" HPOS="240" VPOS="2585" WIDTH="1927">
<String CONTENT="The" HEIGHT="53" HPOS="240" VPOS="2589" WIDTH="123" />
<SP HEIGHT="34" HPOS="364" VPOS="2608" WIDTH="28" />
<String CONTENT="new" HEIGHT="34" HPOS="393" VPOS="2607" WIDTH="123" />
<SP HEIGHT="34" HPOS="517" VPOS="2607" WIDTH="30" />
<String CONTENT="national" HEIGHT="52" HPOS="548" VPOS="2589" WIDTH="256" />
<SP HEIGHT="52" HPOS="805" VPOS="2588" WIDTH="32" />
<String CONTENT="Webster" HEIGHT="53" HPOS="838" VPOS="2587" WIDTH="259" />
<SP HEIGHT="52" HPOS="1098" VPOS="2587" WIDTH="32" />
<String CONTENT="dictionary" HEIGHT="70" HPOS="1131" VPOS="2585" WIDTH="323" />
<SP HEIGHT="68" HPOS="1455" VPOS="2587" WIDTH="33" />
<String CONTENT="for" HEIGHT="53" HPOS="1489" VPOS="2587" WIDTH="93" />
<SP HEIGHT="33" HPOS="1583" VPOS="2608" WIDTH="31" />
<String CONTENT="school," HEIGHT="68" HPOS="1615" VPOS="2589" WIDTH="209" />
<SP HEIGHT="66" HPOS="1825" VPOS="2591" WIDTH="31" />
<String CONTENT="home" HEIGHT="53" HPOS="1857" VPOS="2591" WIDTH="164" />
<SP HEIGHT="34" HPOS="2022" VPOS="2610" WIDTH="33" />
<String CONTENT="and" HEIGHT="53" HPOS="2056" VPOS="2590" WIDTH="111" />
</TextLine>
<TextLine HEIGHT="72" HPOS="172" VPOS="2665" WIDTH="1996">
<String CONTENT="office;" HEIGHT="68" HPOS="172" VPOS="2667" WIDTH="176" />
<SP HEIGHT="49" HPOS="349" VPOS="2686" WIDTH="40" />
<String CONTENT="self-pronouncing;" HEIGHT="69" HPOS="390" VPOS="2666" WIDTH="561" />
<SP HEIGHT="67" HPOS="952" VPOS="2665" WIDTH="40" />
<String CONTENT="based" HEIGHT="54" HPOS="993" VPOS="2665" WIDTH="171" />
<SP HEIGHT="51" HPOS="1165" VPOS="2667" WIDTH="38" />
<String CONTENT="upon" HEIGHT="50" HPOS="1204" VPOS="2684" WIDTH="153" />
<SP HEIGHT="47" HPOS="1358" VPOS="2673" WIDTH="38" />
<String CONTENT="the" HEIGHT="53" HPOS="1397" VPOS="2667" WIDTH="97" />
<SP HEIGHT="35" HPOS="1495" VPOS="2685" WIDTH="38" />
<String CONTENT="original" HEIGHT="70" HPOS="1534" VPOS="2667" WIDTH="249" />
<SP HEIGHT="52" HPOS="1784" VPOS="2668" WIDTH="39" />
<String CONTENT="foundation" HEIGHT="55" HPOS="1824" VPOS="2668" WIDTH="344" />
</TextLine>
<TextLine CS="1" HEIGHT="70" HPOS="174" VPOS="2745" WIDTH="1934">
<String CONTENT="laid" HEIGHT="52" HPOS="174" VPOS="2747" WIDTH="120" />
<SP HEIGHT="52" HPOS="295" VPOS="2747" WIDTH="41" />
<String CONTENT="by" HEIGHT="67" HPOS="337" VPOS="2747" WIDTH="76" />
<SP HEIGHT="68" HPOS="414" VPOS="2746" WIDTH="42" />
<String CONTENT="Noah" HEIGHT="53" HPOS="457" VPOS="2746" WIDTH="164" />
<SP HEIGHT="54" HPOS="622" VPOS="2745" WIDTH="43" />
<String CONTENT="Webster," HEIGHT="67" HPOS="666" VPOS="2745" WIDTH="276" />
<SP HEIGHT="49" HPOS="943" VPOS="2763" WIDTH="43" />
<String CONTENT="LL." CS="1" HEIGHT="9" HPOS="1060" VPOS="2787" WIDTH="10" />
<SP HEIGHT="34" HPOS="1071" VPOS="2763" WIDTH="44" />
<String CONTENT="D.," CS="1" HEIGHT="25" HPOS="1155" VPOS="2786" WIDTH="29" />
<SP HEIGHT="48" HPOS="1185" VPOS="2763" WIDTH="44" />
<String CONTENT="edited" HEIGHT="52" HPOS="1230" VPOS="2745" WIDTH="188" />
<SP HEIGHT="52" HPOS="1419" VPOS="2746" WIDTH="43" />
<String CONTENT="by" HEIGHT="68" HPOS="1463" VPOS="2746" WIDTH="73" />
<SP HEIGHT="68" HPOS="1537" VPOS="2746" WIDTH="46" />
<String CONTENT="Joseph" HEIGHT="69" HPOS="1584" VPOS="2746" WIDTH="216" />
<SP HEIGHT="53" HPOS="1801" VPOS="2747" WIDTH="43" />
<String CONTENT="Devlin" HEIGHT="54" HPOS="1845" VPOS="2748" WIDTH="213" />
<SP HEIGHT="34" HPOS="2059" VPOS="2768" WIDTH="49" />
<String CONTENT="&#8230;" CS="1" />
</TextLine>
<TextLine HEIGHT="74" HPOS="173" VPOS="2823" WIDTH="1994">
<String CONTENT="assisted" HEIGHT="53" HPOS="173" VPOS="2825" WIDTH="236" />
<SP HEIGHT="52" HPOS="410" VPOS="2825" WIDTH="27" />
<String CONTENT="by" HEIGHT="68" HPOS="438" VPOS="2825" WIDTH="74" />
<SP HEIGHT="50" HPOS="513" VPOS="2843" WIDTH="30" />
<String CONTENT="a" HEIGHT="33" HPOS="544" VPOS="2843" WIDTH="28" />
<SP HEIGHT="34" HPOS="573" VPOS="2842" WIDTH="32" />
<String CONTENT="corps" HEIGHT="49" HPOS="606" VPOS="2842" WIDTH="165" />
<SP HEIGHT="34" HPOS="772" VPOS="2842" WIDTH="29" />
<String CONTENT="of" HEIGHT="53" HPOS="802" VPOS="2823" WIDTH="64" />
<SP HEIGHT="52" HPOS="867" VPOS="2823" WIDTH="30" />
<String CONTENT="recognized" HEIGHT="69" HPOS="898" VPOS="2823" WIDTH="331" />
<SP HEIGHT="52" HPOS="1230" VPOS="2824" WIDTH="31" />
<String CONTENT="authorities" HEIGHT="54" HPOS="1262" VPOS="2824" WIDTH="337" />
<SP HEIGHT="52" HPOS="1600" VPOS="2826" WIDTH="31" />
<String CONTENT="in" HEIGHT="52" HPOS="1632" VPOS="2826" WIDTH="59" />
<SP HEIGHT="50" HPOS="1692" VPOS="2844" WIDTH="30" />
<String CONTENT="philology" HEIGHT="71" HPOS="1723" VPOS="2826" WIDTH="300" />
<SP HEIGHT="50" HPOS="2024" VPOS="2846" WIDTH="32" />
<String CONTENT="and" HEIGHT="52" HPOS="2057" VPOS="2829" WIDTH="110" />
</TextLine>
<TextLine CS="1" HEIGHT="149" HPOS="173" VPOS="2902" WIDTH="1972">
<String CONTENT="lexicography." HEIGHT="69" HPOS="174" VPOS="2904" WIDTH="423" />
<SP HEIGHT="51" HPOS="598" VPOS="2904" WIDTH="74" />
<String CONTENT="This" HEIGHT="52" HPOS="673" VPOS="2904" WIDTH="140" />
<SP HEIGHT="52" HPOS="814" VPOS="2904" WIDTH="39" />
<String CONTENT="dictionary" HEIGHT="70" HPOS="854" VPOS="2902" WIDTH="320" />
<SP HEIGHT="50" HPOS="1175" VPOS="2922" WIDTH="38" />
<String CONTENT="contains" HEIGHT="53" HPOS="1214" VPOS="2904" WIDTH="257" />
<SP HEIGHT="33" HPOS="1472" VPOS="2924" WIDTH="37" />
<String CONTENT="an" HEIGHT="33" HPOS="1510" VPOS="2924" WIDTH="71" />
<SP HEIGHT="34" HPOS="1582" VPOS="2923" WIDTH="39" />
<String CONTENT="enlarged" HEIGHT="70" HPOS="1622" VPOS="2905" WIDTH="269" />
<SP HEIGHT="53" HPOS="1892" VPOS="2907" WIDTH="38" />
<String CONTENT="vocabulary&#8212;modern," HEIGHT="142" HPOS="173" VPOS="2909" WIDTH="1972" />
<SP HEIGHT="48" HPOS="624" VPOS="3001" WIDTH="33" />
<String CONTENT="accurate," HEIGHT="61" HPOS="658" VPOS="2987" WIDTH="274" />
</TextLine>
<TextLine HEIGHT="60" HPOS="964" VPOS="2982" WIDTH="1205">
<String CONTENT="and" HEIGHT="52" HPOS="964" VPOS="2982" WIDTH="113" />
<SP HEIGHT="52" HPOS="1078" VPOS="2982" WIDTH="31" />
<String CONTENT="authoritative" HEIGHT="54" HPOS="1110" VPOS="2982" WIDTH="413" />
<SP HEIGHT="34" HPOS="1524" VPOS="3002" WIDTH="28" />
<String CONTENT="and" HEIGHT="52" HPOS="1553" VPOS="2985" WIDTH="113" />
<SP HEIGHT="52" HPOS="1667" VPOS="2985" WIDTH="31" />
<String CONTENT="an" HEIGHT="34" HPOS="1699" VPOS="3003" WIDTH="72" />
<SP HEIGHT="34" HPOS="1772" VPOS="3003" WIDTH="31" />
<String CONTENT="atlas" HEIGHT="53" HPOS="1804" VPOS="2986" WIDTH="146" />
<SP HEIGHT="35" HPOS="1951" VPOS="3004" WIDTH="28" />
<String CONTENT="of" HEIGHT="52" HPOS="1980" VPOS="2987" WIDTH="64" />
<SP HEIGHT="53" HPOS="2045" VPOS="2987" WIDTH="29" />
<String CONTENT="the" HEIGHT="55" HPOS="2075" VPOS="2987" WIDTH="94" />
</TextLine>
<TextLine CS="1" HEIGHT="149" HPOS="175" VPOS="3060" WIDTH="1972">
<String CONTENT="world" HEIGHT="52" HPOS="175" VPOS="3062" WIDTH="178" />
<SP HEIGHT="52" HPOS="354" VPOS="3062" WIDTH="28" />
<String CONTENT="in" HEIGHT="51" HPOS="383" VPOS="3063" WIDTH="61" />
<SP HEIGHT="53" HPOS="445" VPOS="3060" WIDTH="29" />
<String CONTENT="full" HEIGHT="53" HPOS="475" VPOS="3060" WIDTH="111" />
<SP HEIGHT="51" HPOS="587" VPOS="3062" WIDTH="29" />
<String CONTENT="colors" HEIGHT="52" HPOS="617" VPOS="3061" WIDTH="181" />
<SP HEIGHT="33" HPOS="799" VPOS="3080" WIDTH="33" />
<String CONTENT="&#8230;" CS="1" />
<SP HEIGHT="53" HPOS="890" VPOS="3060" WIDTH="69" />
<String CONTENT="New" HEIGHT="53" HPOS="960" VPOS="3060" WIDTH="137" />
<SP HEIGHT="51" HPOS="1098" VPOS="3061" WIDTH="31" />
<String CONTENT="York," HEIGHT="69" HPOS="1130" VPOS="3060" WIDTH="180" />
<SP HEIGHT="68" HPOS="1311" VPOS="3061" WIDTH="31" />
<String CONTENT="Chicago," HEIGHT="70" HPOS="1343" VPOS="3061" WIDTH="269" />
<SP HEIGHT="67" HPOS="1613" VPOS="3063" WIDTH="29" />
<String CONTENT="A." HEIGHT="53" HPOS="1643" VPOS="3063" WIDTH="71" />
<SP HEIGHT="52" HPOS="1715" VPOS="3064" WIDTH="30" />
<String CONTENT="L." HEIGHT="52" HPOS="1746" VPOS="3064" WIDTH="64" />
<SP HEIGHT="51" HPOS="1811" VPOS="3066" WIDTH="31" />
<String CONTENT="Burt" HEIGHT="52" HPOS="1843" VPOS="3066" WIDTH="151" />
<SP HEIGHT="49" HPOS="1995" VPOS="3071" WIDTH="29" />
<String CONTENT="company," HEIGHT="125" HPOS="175" VPOS="3084" WIDTH="1972" />
<SP HEIGHT="62" HPOS="347" VPOS="3144" WIDTH="29" />
<String CONTENT="1935." HEIGHT="49" HPOS="377" VPOS="3143" WIDTH="149" />
</TextLine>
<TextLine CS="1" HEIGHT="50" HPOS="246" STYLEREFS="StyleId-EA81E047-9FB4-425D-B599-5FBC01E22F2E-" VPOS="3213" WIDTH="972">
<String CONTENT="2" HEIGHT="39" HPOS="246" VPOS="3214" WIDTH="28" />
<SP HEIGHT="49" HPOS="275" VPOS="3214" WIDTH="23" />
<String CONTENT="p." HEIGHT="38" HPOS="299" LANG="la" VPOS="3225" WIDTH="43" />
<SP />
<String CONTENT="l." CS="1" LANG="la" />
<String CONTENT="," HEIGHT="15" HPOS="404" VPOS="3246" WIDTH="8" />
<SP HEIGHT="48" HPOS="413" VPOS="3213" WIDTH="24" />
<String CONTENT="9-936" HEIGHT="41" HPOS="438" VPOS="3213" WIDTH="147" />
<SP HEIGHT="47" HPOS="586" VPOS="3214" WIDTH="18" />
<String CONTENT="p." HEIGHT="36" HPOS="605" VPOS="3225" WIDTH="42" />
<SP HEIGHT="41" HPOS="648" VPOS="3213" WIDTH="56" />
<String CONTENT="front.," HEIGHT="48" HPOS="705" VPOS="3213" WIDTH="163" />
<SP HEIGHT="37" HPOS="869" VPOS="3224" WIDTH="26" />
<String CONTENT="maps." HEIGHT="38" HPOS="896" VPOS="3223" WIDTH="151" />
<SP HEIGHT="40" HPOS="1048" VPOS="3213" WIDTH="53" />
<String CONTENT="21" HEIGHT="39" HPOS="1102" VPOS="3213" WIDTH="55" />
<String CONTENT="cm" HEIGHT="22" HPOS="1161" STYLE="superscript" VPOS="3215" WIDTH="43" />
<String CONTENT="." HEIGHT="8" HPOS="1210" VPOS="3245" WIDTH="8" />
</TextLine>
<TextLine CS="1" HEIGHT="106" HPOS="177" STYLEREFS="StyleId-EA81E047-9FB4-425D-B599-5FBC01E22F2E-" VPOS="3283" WIDTH="1975">
<String CONTENT="&#8220;This" HEIGHT="40" HPOS="248" VPOS="3285" WIDTH="144" />
<SP HEIGHT="39" HPOS="393" VPOS="3286" WIDTH="28" />
<String CONTENT="dictionary" HEIGHT="47" HPOS="422" VPOS="3285" WIDTH="273" />
<SP HEIGHT="48" HPOS="696" VPOS="3284" WIDTH="27" />
<String CONTENT="is" HEIGHT="40" HPOS="724" VPOS="3284" WIDTH="41" />
<SP HEIGHT="29" HPOS="766" VPOS="3295" WIDTH="31" />
<String CONTENT="not" HEIGHT="38" HPOS="798" VPOS="3286" WIDTH="85" />
<SP HEIGHT="46" HPOS="884" VPOS="3286" WIDTH="26" />
<String CONTENT="published" HEIGHT="49" HPOS="911" VPOS="3283" WIDTH="256" />
<SP HEIGHT="40" HPOS="1168" VPOS="3285" WIDTH="29" />
<String CONTENT="by" HEIGHT="48" HPOS="1198" VPOS="3285" WIDTH="61" />
<SP HEIGHT="45" HPOS="1260" VPOS="3288" WIDTH="31" />
<String CONTENT="the" HEIGHT="40" HPOS="1292" VPOS="3286" WIDTH="83" />
<SP HEIGHT="30" HPOS="1376" VPOS="3296" WIDTH="28" />
<String CONTENT="original" HEIGHT="50" HPOS="1405" VPOS="3285" WIDTH="208" />
<SP HEIGHT="48" HPOS="1614" VPOS="3288" WIDTH="29" />
<String CONTENT="publishers" HEIGHT="48" HPOS="1644" VPOS="3288" WIDTH="276" />
<SP HEIGHT="30" HPOS="1921" VPOS="3301" WIDTH="29" />
<String CONTENT="of" HEIGHT="39" HPOS="1951" VPOS="3292" WIDTH="53" />
<SP HEIGHT="40" HPOS="2005" VPOS="3292" WIDTH="30" />
<String CONTENT="Webster&#8217;s" HEIGHT="92" HPOS="177" VPOS="3291" WIDTH="1975" />
<SP HEIGHT="39" HPOS="317" VPOS="3343" WIDTH="29" />
<String CONTENT="dictionary" HEIGHT="48" HPOS="347" VPOS="3341" WIDTH="272" />
<SP HEIGHT="36" HPOS="620" VPOS="3353" WIDTH="31" />
<String CONTENT="or" HEIGHT="29" HPOS="652" VPOS="3352" WIDTH="53" />
<SP HEIGHT="40" HPOS="706" VPOS="3341" WIDTH="28" />
<String CONTENT="by" HEIGHT="47" HPOS="735" VPOS="3341" WIDTH="60" />
<SP HEIGHT="45" HPOS="796" VPOS="3343" WIDTH="32" />
<String CONTENT="their" HEIGHT="40" HPOS="829" VPOS="3341" WIDTH="128" />
<SP HEIGHT="29" HPOS="958" VPOS="3352" WIDTH="28" />
<String CONTENT="successors.&#8221;" HEIGHT="41" HPOS="987" VPOS="3341" WIDTH="315" />
</TextLine>
<TextLine CS="1" HEIGHT="108" HPOS="174" STYLEREFS="StyleId-EA81E047-9FB4-425D-B599-5FBC01E22F2E-" VPOS="3409" WIDTH="1978">
<String CONTENT="&#169;" HEIGHT="52" HPOS="174" VPOS="3409" WIDTH="52" />
<SP HEIGHT="52" HPOS="227" VPOS="3409" WIDTH="28" />
<String CONTENT="July" HEIGHT="47" HPOS="256" VPOS="3413" WIDTH="114" />
<SP HEIGHT="48" HPOS="371" VPOS="3412" WIDTH="28" />
<String CONTENT="22," HEIGHT="48" HPOS="400" VPOS="3411" WIDTH="68" />
<SP HEIGHT="47" HPOS="469" VPOS="3412" WIDTH="30" />
<String CONTENT="1935;" CS="1" HEIGHT="40" HPOS="500" VPOS="3411" WIDTH="116" />
<SP HEIGHT="46" HPOS="640" VPOS="3412" WIDTH="33" />
<String CONTENT="2c." HEIGHT="39" HPOS="674" VPOS="3412" WIDTH="66" />
<SP HEIGHT="39" HPOS="741" VPOS="3412" WIDTH="32" />
<String CONTENT="Feb." HEIGHT="39" HPOS="774" VPOS="3412" WIDTH="108" />
<SP HEIGHT="39" HPOS="883" VPOS="3412" WIDTH="30" />
<String CONTENT="7," HEIGHT="45" HPOS="914" VPOS="3412" WIDTH="40" />
<SP HEIGHT="45" HPOS="955" VPOS="3412" WIDTH="30" />
<String CONTENT="1936;" HEIGHT="46" HPOS="986" VPOS="3411" WIDTH="139" />
<SP HEIGHT="35" HPOS="1126" VPOS="3422" WIDTH="34" />
<String CONTENT="aff." HEIGHT="40" HPOS="1161" VPOS="3411" WIDTH="80" />
<SP HEIGHT="38" HPOS="1242" VPOS="3412" WIDTH="34" />
<String CONTENT="Feb." HEIGHT="40" HPOS="1277" VPOS="3412" WIDTH="110" />
<SP HEIGHT="39" HPOS="1388" VPOS="3413" WIDTH="27" />
<String CONTENT="19;" HEIGHT="47" HPOS="1416" VPOS="3412" WIDTH="83" />
<SP HEIGHT="45" HPOS="1500" VPOS="3414" WIDTH="32" />
<String CONTENT="A" HEIGHT="40" HPOS="1533" VPOS="3414" WIDTH="43" />
<SP HEIGHT="41" HPOS="1577" VPOS="3413" WIDTH="28" />
<String CONTENT="90857;" HEIGHT="49" HPOS="1606" VPOS="3413" WIDTH="169" />
<SP HEIGHT="45" HPOS="1776" VPOS="3417" WIDTH="34" />
<String CONTENT="World" HEIGHT="41" HPOS="1811" VPOS="3417" WIDTH="166" />
<SP HEIGHT="39" HPOS="1978" VPOS="3420" WIDTH="33" />
<String CONTENT="syndicate" HEIGHT="92" HPOS="243" VPOS="3418" WIDTH="1909" />
<SP HEIGHT="37" HPOS="350" VPOS="3480" WIDTH="27" />
<String CONTENT="pub." HEIGHT="47" HPOS="378" VPOS="3470" WIDTH="108" />
</TextLine>
<TextLine HEIGHT="49" HPOS="516" STYLEREFS="StyleId-EA81E047-9FB4-425D-B599-5FBC01E22F2E-" VPOS="3468" WIDTH="1654">
<String CONTENT="co" HEIGHT="28" HPOS="516" VPOS="3480" WIDTH="52" />
<SP HEIGHT="33" HPOS="569" VPOS="3481" WIDTH="19" />
<String CONTENT="," HEIGHT="15" HPOS="589" VPOS="3499" WIDTH="7" />
<SP HEIGHT="45" HPOS="597" VPOS="3469" WIDTH="31" />
<String CONTENT="Cleveland." HEIGHT="39" HPOS="629" VPOS="3469" WIDTH="273" />
<SP HEIGHT="29" HPOS="903" VPOS="3488" WIDTH="61" />
<String CONTENT="[Copyright" HEIGHT="49" HPOS="965" VPOS="3468" WIDTH="283" />
<SP HEIGHT="40" HPOS="1249" VPOS="3468" WIDTH="24" />
<String CONTENT="is" HEIGHT="40" HPOS="1274" VPOS="3468" WIDTH="41" />
<SP HEIGHT="28" HPOS="1316" VPOS="3480" WIDTH="29" />
<String CONTENT="claimed" HEIGHT="42" HPOS="1346" VPOS="3468" WIDTH="205" />
<SP HEIGHT="40" HPOS="1552" VPOS="3471" WIDTH="27" />
<String CONTENT="on" HEIGHT="29" HPOS="1580" VPOS="3482" WIDTH="60" />
<SP HEIGHT="28" HPOS="1641" VPOS="3482" WIDTH="31" />
<String CONTENT="revisions" HEIGHT="41" HPOS="1673" VPOS="3472" WIDTH="234" />
<SP HEIGHT="28" HPOS="1908" VPOS="3485" WIDTH="29" />
<String CONTENT="and" HEIGHT="37" HPOS="1938" VPOS="3477" WIDTH="96" />
<SP HEIGHT="38" HPOS="2035" VPOS="3477" WIDTH="30" />
<String CONTENT="new" HEIGHT="29" HPOS="2066" VPOS="3486" WIDTH="104" />
</TextLine>
<TextLine HEIGHT="51" HPOS="243" STYLEREFS="StyleId-EA81E047-9FB4-425D-B599-5FBC01E22F2E-" VPOS="3524" WIDTH="519">
<String CONTENT="matter]" HEIGHT="47" HPOS="243" VPOS="3528" WIDTH="193" />
<SP HEIGHT="49" HPOS="437" VPOS="3526" WIDTH="74" />
<String CONTENT="(36-5797)" HEIGHT="50" HPOS="512" VPOS="3524" WIDTH="250" />
</TextLine>
<TextLine HEIGHT="66" HPOS="177" VPOS="3668" WIDTH="1010">
<String CONTENT="White," HEIGHT="65" HPOS="177" VPOS="3669" WIDTH="215" />
<SP HEIGHT="63" HPOS="393" VPOS="3671" WIDTH="27" />
<String CONTENT="William" HEIGHT="55" HPOS="421" VPOS="3669" WIDTH="254" />
<SP HEIGHT="51" HPOS="676" VPOS="3670" WIDTH="30" />
<String CONTENT="Alanson," HEIGHT="65" HPOS="707" VPOS="3668" WIDTH="280" />
<SP HEIGHT="58" HPOS="988" VPOS="3675" WIDTH="29" />
<String CONTENT="1870-" HEIGHT="54" HPOS="1018" VPOS="3670" WIDTH="169" />
</TextLine>
<TextLine HEIGHT="68" HPOS="247" VPOS="3744" WIDTH="1924">
<String CONTENT="Twentieth" HEIGHT="53" HPOS="247" VPOS="3746" WIDTH="317" />
<SP HEIGHT="50" HPOS="565" VPOS="3746" WIDTH="54" />
<String CONTENT="century" HEIGHT="61" HPOS="620" VPOS="3751" WIDTH="232" />
<SP HEIGHT="50" HPOS="853" VPOS="3762" WIDTH="52" />
<String CONTENT="psychiatry;" HEIGHT="68" HPOS="906" VPOS="3744" WIDTH="358" />
<SP HEIGHT="64" HPOS="1265" VPOS="3746" WIDTH="54" />
<String CONTENT="its" HEIGHT="52" HPOS="1320" VPOS="3746" WIDTH="75" />
<SP HEIGHT="34" HPOS="1396" VPOS="3765" WIDTH="52" />
<String CONTENT="contribution" HEIGHT="55" HPOS="1449" VPOS="3746" WIDTH="380" />
<SP HEIGHT="48" HPOS="1830" VPOS="3754" WIDTH="53" />
<String CONTENT="to" HEIGHT="50" HPOS="1884" VPOS="3754" WIDTH="56" />
<SP HEIGHT="35" HPOS="1941" VPOS="3771" WIDTH="53" />
<String CONTENT="man&#8217;s" HEIGHT="54" HPOS="1995" VPOS="3753" WIDTH="176" />
</TextLine>
<TextLine HEIGHT="76" HPOS="183" VPOS="3821" WIDTH="1990">
<String CONTENT="knowledge" HEIGHT="68" HPOS="183" VPOS="3823" WIDTH="328" />
<SP HEIGHT="34" HPOS="512" VPOS="3841" WIDTH="47" />
<String CONTENT="of" HEIGHT="52" HPOS="560" VPOS="3822" WIDTH="62" />
<SP HEIGHT="52" HPOS="623" VPOS="3822" WIDTH="46" />
<String CONTENT="himself," HEIGHT="68" HPOS="670" VPOS="3821" WIDTH="249" />
<SP HEIGHT="67" HPOS="920" VPOS="3822" WIDTH="44" />
<String CONTENT="by" HEIGHT="68" HPOS="965" VPOS="3822" WIDTH="75" />
<SP HEIGHT="67" HPOS="1041" VPOS="3823" WIDTH="43" />
<String CONTENT="William" HEIGHT="54" HPOS="1085" VPOS="3822" WIDTH="260" />
<SP HEIGHT="52" HPOS="1346" VPOS="3823" WIDTH="44" />
<String CONTENT="A." HEIGHT="53" HPOS="1391" VPOS="3823" WIDTH="72" />
<SP HEIGHT="54" HPOS="1464" VPOS="3824" WIDTH="44" />
<String CONTENT="White." HEIGHT="55" HPOS="1509" VPOS="3824" WIDTH="211" />
<SP HEIGHT="53" HPOS="1721" VPOS="3828" WIDTH="83" />
<String CONTENT="New" HEIGHT="53" HPOS="1805" VPOS="3828" WIDTH="138" />
<SP HEIGHT="52" HPOS="1944" VPOS="3831" WIDTH="49" />
<String CONTENT="York," HEIGHT="66" HPOS="1994" VPOS="3831" WIDTH="179" />
</TextLine>
<TextLine HEIGHT="69" HPOS="180" VPOS="3899" WIDTH="1224">
<String CONTENT="W." HEIGHT="53" HPOS="180" VPOS="3899" WIDTH="86" />
<SP HEIGHT="52" HPOS="267" VPOS="3900" WIDTH="31" />
<String CONTENT="W." HEIGHT="52" HPOS="299" VPOS="3900" WIDTH="86" />
<SP HEIGHT="52" HPOS="386" VPOS="3900" WIDTH="32" />
<String CONTENT="Norton" HEIGHT="52" HPOS="419" VPOS="3900" WIDTH="217" />
<SP HEIGHT="48" HPOS="637" VPOS="3902" WIDTH="31" />
<String CONTENT="&amp;" HEIGHT="48" HPOS="669" VPOS="3902" WIDTH="44" />
<SP HEIGHT="49" HPOS="714" VPOS="3902" WIDTH="31" />
<String CONTENT="company," HEIGHT="51" HPOS="746" VPOS="3917" WIDTH="292" />
<SP HEIGHT="66" HPOS="1039" VPOS="3901" WIDTH="28" />
<String CONTENT="inc." HEIGHT="52" HPOS="1068" VPOS="3901" WIDTH="108" />
<SP HEIGHT="34" HPOS="1177" VPOS="3933" WIDTH="35" />
<String CONTENT="[" HEIGHT="34" HPOS="1213" STYLE="subscript" VPOS="3933" WIDTH="13" />
<String CONTENT="c" HEIGHT="20" HPOS="1231" STYLE="superscript" VPOS="3907" WIDTH="17" />
<String CONTENT="1936" HEIGHT="48" HPOS="1253" VPOS="3902" WIDTH="133" />
<String CONTENT="]" HEIGHT="34" HPOS="1391" STYLE="subscript" VPOS="3934" WIDTH="13" />
</TextLine>
<TextLine CS="1" HEIGHT="106" HPOS="179" STYLEREFS="StyleId-EA81E047-9FB4-425D-B599-5FBC01E22F2E-" VPOS="3982" WIDTH="1972">
<String CONTENT="198" HEIGHT="40" HPOS="247" VPOS="3983" WIDTH="87" />
<SP HEIGHT="49" HPOS="335" VPOS="3983" WIDTH="22" />
<String CONTENT="p." HEIGHT="38" HPOS="358" VPOS="3994" WIDTH="43" />
<SP HEIGHT="39" HPOS="402" VPOS="3984" WIDTH="58" />
<String CONTENT="21" HEIGHT="38" HPOS="461" VPOS="3984" WIDTH="54" />
<String CONTENT="cm" HEIGHT="20" HPOS="519" STYLE="superscript" VPOS="3986" WIDTH="43" />
<String CONTENT="." HEIGHT="9" HPOS="568" VPOS="4015" WIDTH="8" />
<SP HEIGHT="30" HPOS="577" VPOS="4003" WIDTH="61" />
<String CONTENT="[Thomas" HEIGHT="49" HPOS="639" VPOS="3984" WIDTH="224" />
<SP HEIGHT="39" HPOS="864" VPOS="3984" WIDTH="22" />
<String CONTENT="W." HEIGHT="39" HPOS="887" VPOS="3984" WIDTH="73" />
<SP HEIGHT="41" HPOS="961" VPOS="3983" WIDTH="26" />
<String CONTENT="Salmon" HEIGHT="42" HPOS="988" VPOS="3982" WIDTH="197" />
<SP HEIGHT="29" HPOS="1186" VPOS="3994" WIDTH="20" />
<String CONTENT="memorial" HEIGHT="38" HPOS="1207" VPOS="3986" WIDTH="250" />
<SP HEIGHT="38" HPOS="1458" VPOS="3986" WIDTH="24" />
<String CONTENT="lectures," HEIGHT="52" HPOS="1483" VPOS="3986" WIDTH="222" />
<SP HEIGHT="47" HPOS="1706" VPOS="3991" WIDTH="25" />
<String CONTENT="New" HEIGHT="40" HPOS="1732" VPOS="3991" WIDTH="117" />
<SP HEIGHT="38" HPOS="1850" VPOS="3993" WIDTH="24" />
<String CONTENT="York" HEIGHT="40" HPOS="1875" VPOS="3992" WIDTH="130" />
<SP HEIGHT="42" HPOS="2006" VPOS="3992" WIDTH="25" />
<String CONTENT="academy" HEIGHT="91" HPOS="179" VPOS="3995" WIDTH="1972" />
<SP HEIGHT="37" HPOS="286" VPOS="4049" WIDTH="20" />
<String CONTENT="of" HEIGHT="40" HPOS="307" VPOS="4039" WIDTH="52" />
<SP HEIGHT="40" HPOS="360" VPOS="4039" WIDTH="22" />
<String CONTENT="medicine]" HEIGHT="47" HPOS="383" VPOS="4041" WIDTH="249" />
</TextLine>
</TextBlock>
</PrintSpace>
</Page>
</Layout>
</alto>