2519 4377
1348 4115 99 50 638

382 442 206 63 Faust,
614 442 226 53 Martin
867 440 247 62 Luther,
1143 442 171 54 1897-

383 516 1981 151 The security of public deposits, by Martin L. Faust … Chicago, Ill., Public administration service, 1936.
456 673 26 39 1
515 683 44 38 p.
626 702 9 17 l.,
667 670 58 42 45
754 681 43 38 p.
857 670 148 41 26½cm.
1075 669 213 51 ([Public
1318 669 401 41 administration
1752 669 198 48 service,
1987 669 225 49 Chicago]
384 669 1994 102 Publication
615 738 78 32 no.
725 727 81 50 51)
931 726 131 51 $0.50

387 796 53 53 ©
475 801 110 40 Jan.
620 801 40 44 8,
696 799 141 48 1936;
875 799 68 42 2c.
980 801 96 39 and
1112 799 82 41 aff.
1232 800 109 40 Jan.
1382 800 81 45 15;
1502 800 40 38 A
1578 798 171 47 91204;
1790 798 169 40 Public
1996 797 398 41 administration

456 857 197 40 service.
718 856 282 50 (36-10648)

385 962 326 66 Ferguson,
741 961 241 65 Robert,
1015 965 327 51 1855-1935.

456 1039 375 69 Harpooner;
882 1058 32 34 a
963 1038 298 69 four-year
1308 1056 218 51 voyage
1571 1057 72 34 on
1689 1039 96 51 the
1834 1038 211 68 barque
2093 1039 303 65 Kathleen,

387 1121 329 66 1880-1884,
755 1117 78 70 by
869 1117 217 54 Robert
1124 1119 325 67 Ferguson;
1491 1118 189 52 edited
1718 1117 76 68 by
1831 1117 187 53 Leslie
2055 1117 342 68 Dalrymple

389 1195 185 70 Stair;
621 1195 328 55 illustrated
990 1196 76 69 by
1108 1196 149 54 Paul
1301 1196 213 63 Quinn.
1589 1196 429 68 Philadelphia,
2062 1196 333 68 University

386 1277 65 52 of
477 1276 430 55 Pennsvlvania
937 1294 176 50 press,
1145 1279 150 51 1936.

459 1361 78 37 xv,
564 1349 88 42 316
681 1360 44 38 p.
784 1349 130 41 illus.
975 1349 56 40 22
1034 1351 45 22 cm
1082 1382 10 10 .

462 1409 140 47 Maps
632 1406 455 50 on.lining-papers.

389 1474 53 54 ©
474 1479 113 48 Apr.
620 1478 70 49 30,
724 1477 141 48 1936;
901 1478 68 40 2c.
1003 1477 96 40 and
1132 1477 81 41 aff.
1250 1478 113 47 May
1399 1478 52 46 5;
1488 1477 40 39 A
1560 1475 171 49 94280;
1771 1476 283 50 University

2089 1478 51 39 of
460 1478 1921 98 Pennsylvania
634 1546 151 37 press.
854 1534 282 49 (36-10635)

413 1638 319 66 [Fitzhugh,
757 1641 139 52 Mrs.
924 1638 161 54 Josie
1117 1637 355 68 (Millsaps)]

458 1713 314 70 Josephine
799 1713 140 54 cook
963 1713 162 55 book.
1194 1713 324 69 [Memphis,
1546 1714 242 53 Printed
1816 1714 74 70 by
1916 1716 96 52 the
2042 1715 170 54 Print
2238 1717 162 68 shop,

385 1800 19 21 c
410 1796 152 66 1936]

457 1867 27 40 3
512 1878 43 38 p.
619 1899 8 15 l.,
656 1866 89 42 186
770 1876 43 39 p.
874 1865 148 45 20½cm.

457 1925 131 43 Title
612 1926 129 40 from
771 1934 155 31 cover.

461 1982 278 49 “Compiled
765 1982 61 47 by
853 1981 133 41 Josie
1014 1981 224 48 Millsaps
1264 1979 288 49 Fitzhugh.”

461 2041 136 41 With
622 2041 99 40 few
745 2040 292 47 exceptions,
1066 2042 127 37 most
1221 2038 52 41 of
1300 2039 81 40 the
1409 2037 183 49 recipes
1619 2037 154 49 given,
1804 2049 84 30 are
1918 2038 126 41 from
2075 2039 326 48 experiments

390 2099 141 40 made
562 2099 60 47 by
654 2098 116 40 Mrs.
806 2097 243 47 Fitzhugh
1082 2098 97 39 and
1213 2096 154 40 ladies
1402 2096 96 40 and
1531 2095 189 41 friends
1752 2096 51 40 of
1836 2097 80 39 the
1948 2097 264 48 Josephine
2244 2097 156 41 circle.

389 2158 61 48 cf.
483 2156 185 42 Introd.

462 2214 226 41 Includes
715 2213 148 40 blank
887 2221 148 40 pages
1063 2211 81 40 for
1172 2210 183 41 “Home
1386 2209 227 50 recipes”.

461 2272 228 41 Includes
721 2271 305 48 advertising
1052 2271 195 44 matter.

393 2343 54 53 ©
473 2348 113 41 Dec.
615 2347 69 47 14,
713 2344 113 41 1935;
884 2344 67 40 2c.
980 2344 113 47 Apr.
1122 2342 40 47 9,
1193 2342 141 47 1936;
1366 2341 83 41 aff.
1478 2342 114 48 May
1620 2343 54 45 4;
1706 2343 40 38 A
1774 2342 171 48 95027;
1978 2344 43 40 J.
2053 2345 61 38 M.
2147 2343 255 50 Fitzhugh,

467 2403 255 49 Memphis,
746 2402 148 40 Tenn.
959 2398 280 50 (36-10671)

393 2507 248 63 Gilbert,
670 2506 151 56 Dan.

460 2582 123 53 The
609 2580 251 54 Biblical
887 2579 151 54 basis
1064 2577 65 55 of
1152 2579 96 52 the
1276 2576 411 70 Constitution,
1712 2578 75 70 by
1815 2579 133 52 Dan
1975 2579 242 55 Gilbert.
2283 2580 119 55 San

390 2660 204 70 Diego,
624 2657 196 70 Calif.,
847 2658 122 53 The
995 2656 265 54 Danielle
1285 2655 342 71 publishers,
1658 2659 151 52 1936.

463 2735 26 40 5
516 2745 43 38 p.
626 2767 8 10 l..
667 2733 145 52 [5]-83
840 2742 45 38 p.
944 2730 57 41 20
1005 2733 45 22 cm
1054 2763 9 9 .

395 2803 53 54 ©
477 2809 122 39 Mar.
627 2806 71 49 20,
727 2806 141 46 1936;
898 2805 69 40 2c.
995 2804 115 49 Apr.
1140 2805 52 45 7;
1224 2803 82 40 aff.
1336 2803 114 48 Apr.
1482 2803 52 42 3:
1566 2803 41 39 A
1635 2803 172 46 93555;
1840 2805 108 39 Dan
1981 2806 190 42 Wesley
2203 2805 200 42 Gilbert.

472 2865 97 41 San
598 2863 166 49 Diego,
794 2861 145 43 Calif.
1008 2859 282 52 (36-10550)

394 2967 355 64 Grosvenor,
777 2965 227 54 Gilbert
1027 2965 226 63 Hovey,
1282 2964 172 55 1875-

465 3044 122 52 The
623 3043 275 54 National
933 3041 350 69 geographic
1318 3041 210 69 society
1564 3042 113 52 and
1714 3041 73 53 its
1821 3044 314 67 magazine,
2170 3044 74 68 by
393 3044 1984 132 Gilbert
552 3121 343 55 Grosvenor.
969 3119 404 69 Washington,

1406 3121 71 52 D.
1514 3119 82 69 C.,
1630 3120 273 54 National
1937 3123 349 67 geographic
394 3144 1985 126 society
579 3236 12 33 [
596 3207 18 21 c
620 3203 152 65 1936]

467 3274 28 40 2
524 3285 43 38 p.
632 3305 9 17 l.,
672 3273 56 39 42
755 3282 43 38 p.
859 3271 129 42 illus.
1016 3271 135 48 (incl.
1182 3271 175 49 ports.)
1425 3270 147 42 25½cm.

397 3335 53 53 ©
474 3340 112 47 Apr.
612 3339 69 45 13,
708 3336 112 41 1936;
874 3336 67 41 2c.
966 3337 114 46 Apr.
1105 3336 82 47 24;
1217 3335 82 41 aff.
1328 3336 111 47 May
1464 3335 82 47 28;
1574 3337 40 38 A
1639 3335 171 48 93855;
1838 3338 116 39 Natl.
1995 3337 291 48 geographic
2311 3350 91 29 soc.

478 3394 282 49 (36-10037)

396 3497 332 53 Handbuch
769 3497 99 52 der
908 3495 395 68 astrophysik;
1346 3496 456 68 herausgegeben
1842 3515 108 35 von
1992 3497 68 56 G.
2103 3497 299 55 Eberhard

466 3574 1915 146 … A. Kohlschütter, H. Ludendorff, bd. 7. Ergänzungsband; berücksichtigend
1277 3653 90 51 die
1413 3652 266 53 literatur
1724 3653 86 52 bis
1856 3655 139 52 ende
2046 3658 151 65 1934,
2243 3656 161 52 nebst

467 3734 180 51 einem
698 3729 489 69 Generalregister
1235 3731 95 51 des
1379 3731 448 68 gesamtwerkes.
1913 3732 115 53 Mit
2078 3736 98 49 110
465 3734 1912 142 abbildungen.

790 3809 216 67 Berlin,
1034 3810 56 54 J.
1124 3809 297 67 Springer,
1454 3813 148 51 1936.

468 3884 64 44 ix,
561 3884 100 45 754,
693 3883 55 48 [2]
779 3893 42 37 p.
878 3882 143 46 illus.,
1052 3882 168 47 tables,
1252 3881 179 48 diagrs.
1488 3881 59 41 26
1547 3884 44 21 cm
1597 3914 8 9 .

467 3939 235 40 Contains
737 3938 392 49 bibliographies.

396 3991 1836 53 © Feb. 21, 1936; 1c. June 3; A-Foreign 31957; Julius Springer.
