2519 4377
1015 4145 131 50 1211

89 483 227 62 Munro,
341 481 253 55 William
620 483 276 62 Bennett,
925 482 169 53 1875-

158 559 192 66 Major
391 559 242 66 changes
674 559 61 51 in
774 559 95 51 the
910 562 394 63 governments
1346 557 62 52 of
1452 558 230 65 Europe
1724 556 148 52 since
1917 559 161 63 1930;

88 657 31 34 a
145 635 357 68 supplement
525 644 59 47 to
609 636 121 52 The
755 640 395 63 governments
1178 634 62 52 of
1267 636 230 65 Europe
1533 633 269 67 (Revised
1828 633 244 64 edition)

88 714 73 65 by
190 713 260 54 William
483 714 64 51 B.
583 714 225 50 Munro.
884 712 139 52 New
1055 710 178 68 York,
1266 712 120 52 The
1419 711 333 52 Macmillan
1786 729 296 49 company,

90 794 149 50 1936.

157 864 24 37 1
210 873 43 37 p.
317 895 9 16 l.,
355 861 68 48 iii,
454 862 54 39 68
537 872 43 37 p.
639 861 154 47 diagr.
850 861 54 38 21½
938 862 15 21 cm
987 893 9 9 .

88 915 52 53 ©
170 920 126 46 Sept.
325 919 40 45 8,
394 917 112 41 1936
525 928 9 36 ;
564 918 67 39 2c.
662 917 95 40 and
786 917 81 41 aff.
899 917 127 47 Sept.
1054 915 53 48 9;
1139 917 41 39 A
1207 916 171 49 97713;
1410 915 281 41 Macmillan
1720 925 67 32 co.

87 1020 1254 67 New York (State) Laws, statutes, e tc.
219 1095 1862 69 … Gilbert-Bliss civil practice of New York, annotated,
88 1173 1934 69 books 2-18 … Ten-year cumulative supplement, 1927-1936 …
88 1254 137 52 New
258 1253 161 52 York
452 1252 111 52 and
595 1252 248 66 Albany,
876 1252 78 52 M.
989 1252 224 52 Bender
1245 1254 45 49 &
1322 1270 296 49 company,
1651 1250 428 69 incorporated;

88 1331 338 65 Northport,
458 1330 68 52 N.
562 1331 89 64 Y.,
687 1331 65 51 E.
787 1329 328 67 Thompson
1149 1347 306 50 company;
1499 1334 137 62 [etc.,
1670 1335 120 61 etc.]
1833 1333 149 49 1936.

155 1403 54 39 17
241 1412 42 30 V.
343 1401 146 41 24½cm.

156 1460 63 38 At
249 1458 122 39 head
403 1458 51 39 of
482 1458 136 40 title:
650 1457 127 41 1936.

154 1515 134 39 Book
322 1515 82 40 15:
443 1513 310 41 Cumulative
787 1514 316 47 supplement,
1141 1512 274 42 1934-1936.

158 1571 157 41 These
341 1570 274 49 pamphlets
645 1579 84 30 are
758 1573 50 37 to
837 1570 58 39 be
924 1569 138 40 fitted
1092 1569 104 40 into
1227 1569 82 40 the
1338 1569 199 50 pockets
1569 1571 51 38 at
1651 1570 83 40 the
1766 1570 122 39 back
1919 1570 55 40 of
2002 1571 87 41 the

86 1629 214 40 volumes
330 1628 50 39 of
409 1628 84 39 the
519 1629 73 38 set
621 1629 49 38 to
700 1626 161 40 which
888 1627 115 47 they
1032 1626 185 48 belong.

89 1681 52 53 ©
177 1685 120 47 Aug.
334 1684 68 47 10,
441 1682 140 48 1936;
619 1683 68 40 2c.
725 1683 120 39 each
880 1684 120 46 Aug.
1039 1682 81 46 12;
1159 1682 82 41 aff.
1278 1684 119 46 Aug.
1435 1683 82 48 11;
1556 1684 41 38 A
1633 1682 172 49 97348;
1847 1684 236 40 Matthew

159 1741 190 40 Bender
377 1741 38 40 &
439 1749 82 39 co.,
550 1740 104 49 inc.,
687 1739 95 39 and
809 1739 177 48 Baker,
1014 1738 207 41 Voorhis
1250 1739 38 40 &
1314 1748 67 30 co.

88 1840 346 66 O’Mahony,
460 1842 205 54 James
688 1841 271 66 Edward,
985 1841 212 66 faither,
1226 1842 171 52 1897-

159 1918 1862 69 A preface to life. Is life worth living? By Father James …
87 1996 1628 69 Milwaukee, The Bruce publishing company [ c 1936]
161 2068 91 40 xiii
290 2078 57 38 p.,
385 2068 26 39 1
487 2100 9 17 l.,
536 2068 85 41 165
660 2079 43 38 p.
762 2068 57 41 20
821 2071 45 22 cm
869 2100 9 9 .
949 2069 299 49 (Half-title:
1288 2069 221 49 Religion
1551 2070 95 39 and
1689 2070 188 40 culture
1919 2070 165 47 series,

135 2125 777 49 J. Husslein … general editor)
88 2178 52 53 ©
175 2184 112 46 May
321 2182 68 47 29,
424 2182 140 48 1936;
597 2183 68 41 2c.
702 2184 128 40 June
862 2183 82 48 12;
982 2183 82 40 aff.
1100 2184 129 39 June
1261 2184 81 47 13;
1380 2184 41 39 A
1455 2182 170 48 95932;
1664 2185 156 37 Bruce
1855 2183 109 48 pub.
2001 2193 82 38 co.,

158 2239 301 42 Milwaukee.
532 2239 280 50 (36-19077)

90 2341 180 64 Palm,
300 2343 279 53 Franklin
608 2343 263 64 Charles,
902 2349 170 50 1890-

160 2419 119 53 The
305 2419 213 53 middle
544 2419 200 53 classes
768 2420 135 53 then
929 2420 112 52 and
1065 2438 143 48 now,
1232 2420 74 67 by
1333 2419 280 53 Franklin
1640 2418 235 56 Charles
1900 2419 180 52 Palm.

95 2497 134 52 New
261 2496 176 62 York,
464 2497 122 53 The
614 2496 331 53 Macmillan
975 2514 297 51 company,
1303 2499 150 52 1936.

160 2566 83 39 xiv
276 2576 58 38 p.,
367 2567 25 39 1
462 2598 10 16 l.,
505 2567 83 39 421
626 2578 43 38 p.
728 2567 149 41 front.
937 2568 56 40 22
996 2570 43 22 cm
1044 2599 10 10 .

160 2622 160 40 “First
354 2623 258 48 printing.”

88 2676 53 53 ©
168 2682 118 47 Aug.
315 2681 69 48 25,
414 2681 116 41 1936
545 2693 9 36 ;
585 2682 65 39 2c.
682 2682 97 40 and
808 2682 81 42 aff.
919 2684 118 45 Aug.
1068 2683 59 40 26
1142 2694 8 37 ;
1182 2684 41 39 A
1251 2683 143 41 98138
1412 2695 9 36 ;
1456 2684 282 40 Macmillan
1765 2695 67 30 co.

169 2737 277 50 (36-19085)

89 2839 239 66 Parsch,
360 2841 159 66 Pius,
554 2847 172 50 1884-

175 2918 120 52 The
324 2917 220 70 liturgy
571 2918 64 54 of
664 2919 95 52 the
787 2938 165 48 mass,
980 2920 77 68 by
1084 2921 101 53 Dr.
1218 2922 142 52 Pius
1386 2922 215 52 Parsch
1618 2940 12 48 ;
1662 2921 317 53 translated
2010 2921 74 69 by

91 2996 1991 150 Rev. Frederic C. Eckhoff; with a foreword by the Most Reverend John J. Glennon … St. Louis, Mo., and London, B.
91 3152 224 52 Herder
340 3152 146 53 book
515 3172 98 49 co.,
645 3157 151 51 1936.

156 3236 44 36 X,
229 3226 87 40 358
342 3236 44 37 p.
445 3225 152 49 diagr.
655 3226 57 41 21
715 3230 44 21 cm
763 3260 9 9 .

90 3277 52 52 ©
167 3282 119 47 Aug.
311 3282 70 46 24,
406 3281 111 41 1936
536 3294 8 35 ;
575 3283 66 40 2c.
670 3284 119 46 Aug.
817 3285 54 39 24
890 3295 8 30 :
930 3285 80 38 aff.
1039 3286 119 45 Aug.
1186 3285 56 41 27
1259 3297 8 35 ;
1298 3288 41 37 A
1365 3286 143 41 97556
1527 3297 8 36 ;
1566 3288 54 39 B.
1649 3287 189 39 Herder
1866 3288 124 39 book
2016 3298 67 32 co.

168 3338 277 48 (36-19037)

94 3439 348 65 [Partridge,
469 3442 136 52 Mrs.
633 3441 204 67 Helen]
872 3448 171 49 1902-

162 3515 126 55 Idle
334 3514 270 71 rainbow,
650 3518 77 68 by
775 3518 225 55 Phoebe
1051 3519 250 56 Sheldon
1374 3522 194 67 [pseud.]
1689 3522 155 68 [New
1898 3522 178 68 York]

95 3593 657 70 Arcadia house [ c 1936]
158 3666 86 40 256
273 3677 41 37 p.
375 3667 55 40 19½
462 3670 44 21 cm
509 3699 9 9 .

91 3717 52 52 ©
171 3723 113 46 July
313 3724 68 43 15,
409 3723 139 44 1936;
579 3724 67 40 2c.
676 3725 116 47 July
819 3725 82 47 22;
933 3725 81 41 aff.
1044 3727 118 46 Aug.
1191 3727 82 47 22;
1307 3728 41 38 A
1373 3727 169 48 97477;
1574 3729 60 39 H.
1664 3727 271 48 Partridge,
1965 3730 118 39 New

161 3779 143 39 York.
371 3779 278 50 (36-19022)

90 3866 450 65 Pennsylvania.
615 3871 278 64 Superior
921 3877 172 47 court.

161 3946 418 64 Pennsylvania
621 3945 273 67 Superior
934 3953 159 47 court
1132 3954 235 61 reports,
1445 3966 49 35 v.
1539 3953 113 49 120.
1731 3950 352 68 Containing

91 4021 1987 73 cases decided … Reported by C. Brewster Rhoads, state re-
