7700 12900
3416 11600 124 96 37

208 952 476 120 Winfrey
748 936 76 120 (J
836 1024 24 24 .
928 952 236 116 B.)*
1292 960 520 116 Camden,
1888 964 260 92 Ark.
2288 964 408 116 Tangle
2780 972 104 84 in
2960 960 432 100 Mother

396 1100 352 92 Goose
816 1104 320 92 Land.
1252 1100 68 104 ©
1360 1104 212 112 Jan.
1644 1100 164 112 20,
1876 1100 296 120 1945;
2244 1112 76 88 A
2388 1104 260 92 1856
2660 1108 48 88 7
2732 1104 92 96 3.
3128 1108 256 92 1142

204 1384 288 88 Winn
576 1380 268 116 (Mat
856 1384 32 88 t
940 1372 124 128 J.)
1212 1388 320 92 Down
1636 1388 172 88 the
1912 1388 468 92 stretch.
2536 1392 220 88 The
2864 1392 312 120 story
3280 1392 104 92 of

388 1524 264 96 Matt
708 1528 72 116 J.
840 1528 296 92 Winn
1188 1548 128 72 as
1384 1524 216 96 told
1660 1532 104 88 to
1820 1532 360 88 Frank
2232 1532 120 96 G.
2416 1532 424 92 Menke.
2976 1524 404 136 [Trade

384 1656 224 112 ed.]
724 1656 92 96 ©
888 1668 212 116 Jan.
1172 1668 168 112 31,
1408 1668 292 116 1945;
1740 1676 84 88 A
1888 1668 440 116 185860;
2372 1672 336 92 Smith
2768 1668 84 96 &
2896 1672 500 112 Durrell,

380 1808 248 92 New
684 1808 320 96 York.
3120 1808 256 96 1143

184 2088 388 92 Wittke
640 2080 344 124 (Carl)
1112 2096 460 108 Against
1624 2096 172 88 the
1860 2096 492 108 current,
2436 2096 172 88 the
2672 2092 192 92 life
2948 2096 104 88 of
3104 2096 276 96 Karl

372 2236 152 88 He
540 2232 32 92 i
580 2252 308 88 nzen,
980 2228 512 96 1809–80.
1620 2228 96 96 ©
1808 2236 212 112 Jan.
2116 2228 164 120 17,
2372 2228 296 120 1945;
2756 2240 84 92 A
2928 2232 436 124 185598;

376 2376 628 112 University
1064 2372 108 92 of
1232 2376 512 112 Chicago,
1804 2372 512 120 Chicago.
3108 2372 264 96 1144

184 2648 272 92 Wolf
540 2644 488 120 (Gustav)
1156 2656 288 88 Book
1528 2652 108 88 of
1708 2652 216 112 Job,
2028 2652 300 92 from
2408 2656 168 92 the
2656 2656 276 112 King
3008 2656 360 120 James

364 2792 352 96 Bible.
824 2788 96 96 ©
992 2800 260 108 Aug.
1320 2788 168 120 30,
1552 2788 300 120 1944;
1932 2800 84 88 A
2084 2792 444 120 185596;
2612 2796 756 116 Cummington

364 2952 384 92 press,
816 2932 380 92 Cumm
1200 2932 36 92 i
1240 2936 360 108 ngton,
1668 2936 348 92 Mass.
3108 2932 256 96 1145

180 3216 312 88 Work
528 3212 196 96 and
780 3212 244 116 play
1064 3216 100 88 in
1224 3216 172 88 the
1432 3212 720 116 Philippines.
2216 3220 428 88 Stories
2680 3220 132 112 by
2888 3220 480 92 Arsenio

364 3360 116 88 B.
548 3360 288 88 Acac
852 3360 28 84 i
896 3376 96 92 o,
1052 3356 488 92 Ricardo
1588 3356 120 92 C.
1776 3352 444 116 Galang,
2308 3356 412 96 Alvaro
2780 3360 112 88 L.
2956 3360 400 92 Marti-

356 3516 204 72 nez
612 3488 252 136 [and
916 3484 424 112 others]
1444 3492 96 96 ©
1604 3500 48 112 J
1652 3520 132 68 an
1796 3564 20 24 .
1864 3492 168 116 30,
2080 3492 296 124 1945;
2416 3500 88 88 A
2564 3492 440 120 186045;
3040 3504 124 84 D.
3232 3496 120 92 C.

360 3640 340 92 Heath
756 3640 80 92 &
892 3660 132 68 co
1032 3704 72 48 .,
1168 3640 444 92 Boston.
3100 3636 264 92 1146

172 3924 308 84 Wors
504 3916 32 92 l
540 3940 132 92 ey
732 3908 440 124 (Ross)*
1300 3924 588 108 Westport,
1976 3920 328 92 Conn.
2444 3920 492 92 Shadows
3000 3944 128 64 on
3188 3924 168 88 the

352 4080 240 92 sea,
636 4064 200 88 and
888 4060 316 92 other
1232 4080 424 96 poems.
1776 4056 72 108 ©
1900 4068 264 84 Dec.
2212 4056 508 124 15,1944;
2764 4064 80 88 A
2908 4056 440 108 185717.

3092 4200 260 92 1147

3716 976 508 92 Worster
4284 972 520 120 (William
4832 972 260 124 W.)*
5156 988 200 92 San
5388 992 496 112 Gabriel,
5920 992 332 96 Calif.
6336 996 568 96 Elements

3904 1112 108 92 of
4064 1116 504 116 physical
4628 1124 484 116 therapy.
5224 1112 68 108 ©
5408 1128 216 116 Jan.
5696 1128 160 116 12,
5928 1128 296 120 1945;
6360 1140 84 88 A
6504 1124 384 104 185850

6648 1272 260 96 1148

3720 1544 296 88 Year
4064 1540 276 92 book
4444 1540 104 92 of
4656 1540 596 96 industrial
5352 1548 200 88 and
5656 1560 644 108 orthopedic
6408 1580 520 92 surgery.

3904 1680 300 92 1944.
4316 1676 68 104 ©
4544 1688 212 112 Jan.
4848 1680 168 116 31,
5112 1684 300 124 1945;
5520 1696 80 88 A
5712 1688 436 120 185892;
6264 1700 296 92 Year
6636 1696 272 96 book

3896 1820 680 120 publishers,
4644 1828 260 112 inc.,
4968 1832 508 112 Chicago.
6640 1832 268 96 1149

3708 2148 296 92 Year
4052 2144 276 96 book
4384 2144 108 92 of
4540 2148 656 112 pediatrics.
5340 2148 296 92 1944.
5748 2148 68 104 ©
5936 2160 212 112 Jan.
6220 2156 164 116 19,
6456 2156 296 120 1945;
6812 2160 84 92 A

3896 2284 444 120 185891;
4408 2292 288 92 Year
4748 2288 276 96 book
5072 2292 684 116 publishers,
5820 2300 256 108 inc.,
6144 2300 516 116 Chicago.

6636 2432 264 96 1150

3704 2708 412 116 Yutang
4172 2700 284 120 (Lin)
4564 2708 292 116 Vigil
4908 2708 108 92 of
5072 2736 60 64 a
5188 2712 396 92 nation.
5700 2708 68 104 ©
5884 2716 208 116 Jan.
6160 2716 168 112 25,
6424 2716 304 120 1945;
6812 2720 84 92 A

3896 2844 436 120 185739;
4396 2848 248 120 John
4692 2852 228 116 Day
4984 2872 212 92 co.,
5260 2852 256 116 inc.,
5576 2856 248 92 New
5888 2860 324 88 York.
6636 2852 248 96 1151

3708 3136 368 108 Zion's
4184 3152 484 116 printing
4768 3152 80 92 &
4928 3152 236 112 pub.
5280 3164 128 80 co
5420 3220 72 48 .,
5516 3160 48 48 *
5720 3152 844 116 Independence,
6672 3160 212 92 Mo.

3880 3292 576 92 Handbook
4540 3288 100 92 of
4700 3292 172 92 the
4932 3292 720 96 restoration.
5776 3288 236 112 [1st
6088 3292 212 96 ed.]
6380 3292 68 104 ©
6612 3300 272 88 Dec.

3884 3428 96 116 5,
4052 3428 300 124 1944;
4408 3436 84 88 A
4556 3428 444 96 185857.
6632 3432 260 96 1152

3704 3772 632 92 Zondervan
4372 3760 560 128 (Richard)
4992 3772 456 116 Belgian
5480 3776 368 112 Congo
5876 3776 200 92 and
6112 3776 380 100 United
6528 3780 356 88 States

3884 3912 100 92 of
4040 3916 532 92 America
4624 3916 572 92 economic
5248 3916 588 116 handbook,
5880 3912 656 120 1944–1945,
6568 3916 140 116 by
6764 3924 120 88 R.

3888 4056 632 92 Zondervan
4576 4056 200 92 and
4836 4060 336 92 Henri
5224 4060 304 92 Fast.
5648 4056 72 104 ©
5824 4060 260 92 Dec.
6172 4056 176 112 28,
6440 4056 300 120 1944;
6800 4060 88 96 A

3884 4192 440 120 185709;
4384 4200 504 92 Moretus
4944 4216 380 92 press,
5388 4196 264 112 inc.,
5708 4200 248 92 New
6016 4200 328 92 York.
6624 4196 256 92 1153

164 4760 480 96 Number
696 4756 108 92 of
856 4760 432 88 entries
1348 4756 104 92 of
1500 4760 340 92 books
1900 4756 500 96 included
2460 4760 104 88 in
2624 4760 168 88 the
2848 4756 456 116 Catalog
3356 4756 184 92 for
3600 4756 308 96 1945:

360 4892 136 120 (a)
600 4900 384 100 United
1040 4904 360 88 States
1456 4900 728 112 publications
6688 4892 188 96 982

352 5032 140 124 (b)
604 5048 476 104 Foreign
1124 5040 344 92 books
1528 5044 108 88 in
1684 5040 436 112 foreign
2176 5040 592 112 languages
6752 5032 124 96 23

352 5176 140 120 (c)
600 5188 476 108 Foreign
1124 5184 340 92 books
1528 5188 104 84 in
1684 5180 452 116 English
2200 5180 520 116 language
2780 5180 336 92 under
3172 5180 128 92 ad
3356 5180 460 92 interim
3868 5180 636 112 provisions

720 5324 100 92 of
884 5324 192 92 law
1132 5320 108 96 of
1292 5332 280 88 Mar.
1636 5320 96 100 4,
1804 5320 264 96 1909
6684 5312 196 92 148

708 5608 320 96 Total
6564 5600 96 116 1,
6668 5604 56 92 1
6748 5596 124 96 53
