7700 12900
3616 11956 328 152 328

508 1092 632 156 Steiner,
1256 1092 1632 132 Rudolf—Continued.

684 1308 296 124 Der
1088 1308 596 128 mensch
1792 1308 148 124 in
2052 1304 1228 156 vergangenheit,
3392 1344 348 116 geg-

876 1488 580 116 enwart
1588 1476 300 128 und
2024 1476 688 128 zukunft.
2936 1472 464 156 [Von]
3564 1476 168 124 R.

884 1644 656 156 Steiner;
1680 1644 376 128 nach
2172 1644 412 128 einer
2700 1684 328 88 vom
3148 1656 584 116 vortra-

872 1816 576 152 genden
1736 1816 408 124 nicht
2420 1812 1312 156 durchgesehenen

876 1984 948 128 nachschrift
2024 1984 1220 156 herausgegeben
3448 2024 284 84 von

876 2152 488 128 Marie
1464 2152 632 128 Steiner.
2256 2136 144 148 ©
2492 2156 392 128 June
2980 2156 216 152 16,
3292 2156 428 152 1945;

876 2324 132 120 A
1100 2324 296 128 for.
1492 2324 500 128 51085.

696 2532 300 124 Das
1104 2532 872 128 miterleben
2088 2536 248 124 des
2440 2532 1028 156 jahreslaufes
3580 2532 152 124 in

876 2704 316 124 vier
1376 2704 932 128 kosmischen
2496 2704 1236 156 imaginationen.

900 2868 464 160 [Von]
1464 2872 160 128 R.
1712 2872 660 156 Steiner;
2460 2872 380 132 nach
2920 2872 408 128 einer
3400 2912 332 88 vom

872 3044 1108 156 vortragenden
2208 3040 416 132 nicht
2848 3044 888 152 durchgese-

872 3212 476 128 henen
1436 3212 948 128 nachschrift
2468 3216 224 124 als
2772 3212 964 156 manuskript

876 3384 1216 152 herausgegeben
2164 3424 284 84 von
2532 3384 484 124 Marie
3100 3380 632 128 Steiner.

880 3524 140 144 ©
1140 3552 336 132 Dec.
1588 3556 224 152 20,
1928 3556 432 152 1943;
2488 3552 128 124 A
2720 3552 296 128 for.
3136 3552 500 132 51077.

708 3760 132 124 M
860 3760 728 128 oralische
1712 3764 680 128 antriebe
2516 3764 300 124 und
2940 3760 792 160 physische

888 3932 1012 128 wirksamkeit
2048 3936 200 120 im
2396 3936 1336 124 menschenwesen.

900 4100 464 156 [Von]
1464 4104 160 124 R.
1712 4100 656 156 Steiner;
2460 4104 380 128 nach
2916 4104 412 128 einer
3400 4140 332 88 vom

884 4272 1096 152 vortragenden
2208 4272 416 128 nicht
2848 4272 888 156 durchgese-

876 4440 472 128 henen
1456 4444 952 124 nachschrift
2512 4444 1220 152 herausgegeben

884 4652 272 84 von
1288 4612 480 128 Marie
1912 4612 628 128 Steiner.
2744 4596 144 148 ©
3028 4612 356 156 July
3516 4616 216 152 17,

884 4784 424 148 1943;
1424 4784 132 120 A
1648 4784 292 124 for.
2040 4784 500 128 51088.

704 4988 540 132 Rudolf
1352 4988 588 132 Steiner
2036 4996 304 124 und
2436 4992 228 128 die
2764 4992 968 128 zivilisation-

876 5164 844 152 saufgaben
1944 5164 260 124 der
2420 5164 912 156 anthroposo
3344 5176 88 144 p
3452 5164 280 156 hie,

876 5332 236 124 ein
1220 5328 760 148 rückblick
2080 5332 276 132 auf
2456 5332 264 128 das
2820 5332 364 156 jahr
3292 5336 428 152 1923;

872 5500 936 156 ansprachen
1888 5504 300 128 und
2268 5500 1468 156 fragenbeantwort-

880 5712 488 112 ungen
1456 5672 164 128 R.
1712 5668 712 160 Steiners,
2508 5672 1224 152 herausgegeben

884 5884 268 84 von
1292 5840 480 128 Marie
1916 5840 628 132 Steiner.
2760 5816 132 140 ©
3040 5844 332 124 Dec.
3516 5844 216 152 18,

888 6012 420 152 1943;
1424 6012 128 124 A
1648 6012 292 128 for.
2040 6012 500 128 51091.

692 6220 268 128 Die
1100 6220 1404 128 sonnen-initiation
2644 6224 252 124 des
3040 6220 696 128 druiden-

876 6396 724 152 priesters
1676 6396 304 132 und
2064 6396 396 124 seine
2540 6396 1192 124 mondenwesen-

876 6564 920 128 erkenntnis.
2020 6560 468 160 [Von]
2704 6564 160 128 R.
3064 6564 656 156 Steiner;

876 6732 380 128 nach
1464 6732 412 128 einer
2084 6776 324 84 vom
2624 6732 1108 152 vortragenden

876 6904 412 124 nicht
1376 6904 1308 152 durchgesehenen
2784 6900 952 128 nachschrift

876 7076 1216 152 herausgegeben
2168 7112 280 88 von
2528 7072 488 128 Marie
3100 7072 628 132 Steiner.

936 7268 92 144 ©
1120 7244 388 128 June
1600 7248 216 148 16,
1916 7244 424 152 1944;
2448 7244 136 124 A
2668 7244 292 128 for.
3056 7244 500 124 51092.

696 7456 492 124 Unser
1356 7456 1208 156 gedankenleben
2728 7456 152 124 in
3052 7452 248 128 sch
3316 7456 44 124 l
3372 7452 360 128 afen

876 7628 296 120 und
1252 7628 604 124 wachen
1940 7628 296 124 und
2316 7624 200 124 im
2596 7624 1136 128 nachtodlichen

876 7792 560 132 dasein.
1660 7792 468 156 [Von]
2268 7796 164 124 R.
2560 7792 656 156 Steiner;
3352 7792 380 128 nach

872 7964 412 128 einer
1480 8004 332 88 vom
2008 7964 1108 152 vortragenden
3320 7960 416 132 nicht

876 8136 1308 152 durchgesehenen
2324 8136 948 124 nachschrift
3404 8136 328 124 her-

876 8304 940 152 ausgegeben
1984 8344 284 84 von
2440 8304 480 128 Marie
3096 8300 632 132 Steiner.

876 8464 148 144 ©
1148 8472 312 128 Oct.
1576 8476 220 152 28,
1924 8476 428 152 1943;
2480 8476 132 120 A
2720 8472 292 128 for.
3136 8476 496 128 51076.

696 8688 296 120 Der
1164 8684 968 124 unsichtbare
2304 8684 596 124 mensch
3076 8684 156 124 in
3404 8724 316 88 uns.

900 8852 464 156 [Von]
1464 8856 160 124 R.
1716 8852 656 152 Steiner;
2460 8856 380 124 nach
2916 8856 412 124 einer
3400 8892 332 88 vom

876 9024 1108 152 vortragenden
2208 9024 420 124 nicht
2848 9024 884 152 durchgese-

876 9192 476 128 henen
1456 9192 952 128 nachschrift
2512 9192 1220 156 herausgegeben

876 9400 280 84 von
1284 9360 476 128 Marie
1896 9360 628 128 Steiner.
2732 9344 144 144 ©
3000 9360 384 128 June
3512 9364 220 152 28,

888 9532 424 152 1943;
1424 9532 128 120 A
1648 9532 292 124 for.
2040 9532 500 124 51071.

696 9752 272 124 Die
1204 9752 1564 156 Weihnachtstagung
2996 9796 268 88 zur
3500 9756 232 128 be-

876 9920 812 156 gründung
1872 9924 256 128 der
2312 9924 980 152 allgemeinen
3476 9968 256 84 an-

876 10088 1428 156 throposophischen
2672 10096 400 152 gesel
3084 10100 40 120 l
3148 10096 572 152 sehaft;

864 10236 48 148 j
948 10256 820 128 ahresausk
1784 10264 40 120 l
1844 10300 296 116 ang
2272 10264 296 124 und
2696 10240 48 148 j
2776 10264 956 124 ahreswende

892 10428 676 136 1923/24.
1748 10424 464 156 [Von]
2320 10432 164 128 R.
2584 10432 656 156 Steiner;
3336 10440 396 116 vort-

884 10588 404 160 räge,
1488 10600 944 152 ansprachen
2624 10600 296 128 und
3112 10600 620 156 fragen-

876 10768 1340 152 beantwortungen
2516 10768 1216 156 herausgegeben

884 10972 276 88 von
1316 10936 480 128 Marie
1956 10936 628 128 Steiner.
2792 10912 140 152 ©
3088 10940 364 152 Apr.
3608 10940 124 152 5,

888 11104 424 152 1944;
1428 11104 124 124 A
1648 11104 288 128 for.
2040 11108 500 124 51089.

700 11328 268 128 Die
1112 11328 1196 156 weltgeschichte
2456 11328 152 128 in
2760 11328 972 156 anthroposo-

884 11496 692 152 phischer
1788 11496 992 156 beleuchtung
2992 11496 300 132 und
3508 11500 224 124 als

884 11664 832 156 grundlage
1924 11664 260 128 der
2392 11664 872 132 erkenntnis
3480 11664 252 132 des

4256 1100 1404 160 menschengeistes.
5792 1100 464 160 [Von]
6372 1104 160 132 R.
6632 1104 480 132 Stein-

4256 1312 232 116 er;
4596 1272 380 128 nach
5072 1272 412 132 einer
5580 1316 328 88 vom
6004 1280 1104 152 vortragenden

4260 1440 412 132 nicht
4764 1444 1308 156 durchgesehenen
6168 1448 944 128 nachschrift

4256 1608 1224 160 herausgegeben
5552 1656 280 84 von
5912 1616 484 128 Marie
6480 1616 628 132 Steiner.

4260 1764 148 148 ©
4508 1784 340 128 Feb.
4948 1784 224 156 27,
5272 1784 428 156 1945;
5812 1784 128 124 A
6028 1784 296 132 for.
6420 1784 500 132 51080.

4076 1992 304 128 Das
4604 2036 488 84 wesen
5316 1996 260 124 der
5804 1996 1308 156 anthroposophie.

4280 2156 464 160 [Von]
4848 2164 164 128 R.
5100 2160 656 160 Steiner;
5844 2164 376 128 nach
6300 2164 408 128 einer
6780 2204 332 88 vom

4256 2336 1104 156 vortragenden
5588 2336 416 128 nicht
6228 2336 884 156 durchgese-

4256 2504 476 124 henen
4844 2504 944 128 nachschrift
5896 2504 1216 156 herausgegeben

4256 2712 284 84 von
4660 2668 476 132 Marie
5260 2668 632 132 Steiner.
6100 2656 144 152 ©
6368 2668 400 164 Sept.
6888 2680 224 152 25,

4268 2844 424 152 1943;
4788 2844 132 124 A
4992 2840 296 128 for.
5376 2848 496 120 51070.

4080 3036 148 152 ©
4292 3052 2820 156 Philosophisch-anthroposophischer

4256 3224 524 152 verlag
4868 3264 240 88 am
5208 3220 1064 160 Goetheanum,
6368 3224 744 156 Dornach,

4268 3388 1024 128 Switzerland.

3896 3684 764 156 Stendhal,
4836 3684 476 132 Henri
5496 3688 488 152 Beyle.
6188 3692 344 124 Aux
6708 3684 404 132 âmes

4076 3856 760 128 sensibles.
5088 3856 592 128 Lettres
5940 3852 316 160 [de]
6516 3860 184 124 H.
6944 3860 168 128 B.

4068 4024 764 156 Stendhal,
4928 4028 620 124 choisies
5648 4040 140 116 et
5880 4028 860 156 présentées
6836 4068 280 116 par

4076 4196 880 128 Emmanuel
5292 4200 1368 128 Boudot-Lamotte.
6952 4168 144 144 ©

4068 4364 388 128 June
4592 4368 216 152 15,
4944 4368 428 152 1942;
5516 4368 132 124 A
5776 4364 292 128 for.
6208 4364 524 156 50761;
6880 4364 232 128 Li-

4068 4536 564 128 brairie
4720 4532 872 156 Gallimard,
5676 4536 484 128 Paris.
6752 4536 360 128 9018

3896 4828 704 160 Sterling,
4720 4832 520 124 Helen.
5444 4828 452 132 Little
6016 4832 328 124 Moo
6456 4832 292 124 and
6860 4832 252 128 the

4072 5000 528 128 circus.
4756 4988 148 148 ©
4984 5000 372 128 Nov.
5440 5004 220 148 27,
5744 5000 428 152 1945;
6264 5000 136 124 A
6480 5000 616 152 191369;

4076 5168 732 128 Franklin
4940 5168 540 156 Watts,
5612 5168 328 156 inc.,
6076 5168 364 128 New
6564 5168 452 128 York.

6752 5344 356 120 9019

3896 5632 660 156 Stevens,
4772 5632 648 128 Richard
5632 5632 192 128 M.
6076 5632 584 156 Zipper,
6860 5632 252 128 the

4072 5844 420 112 zany.
4700 5788 144 148 ©
4940 5808 372 124 Nov.
5408 5808 216 152 30,
5724 5808 428 148 1945;
6256 5804 128 124 A
6480 5804 616 152 191591;

4072 5976 372 124 Wm.
4560 5976 408 124 Penn
5076 5976 340 152 pub.
5528 6012 444 116 corp.,
6088 5976 368 124 New
6564 5972 452 128 York.

6752 6144 356 128 9020

3892 6440 664 152 Stevens,
4776 6440 788 152 Wallace,*
5796 6440 792 124 Hartford.
6844 6436 268 128 Es-

4064 6608 672 160 thétique
4844 6612 192 124 du
5136 6612 344 124 mal.
5680 6592 148 148 ©
5944 6612 368 124 Nov.
6424 6612 128 148 7,
6668 6608 428 152 1945;

4072 6780 132 124 A
4312 6780 584 128 191685.
6748 6780 352 124 9021

3892 7032 664 152 Stevens,
4732 7028 660 132 William
5568 7028 544 132 Oliver.
6320 7028 784 132 Unbidden

4072 7212 556 144 guests.
4884 7188 140 148 ©
5264 7204 364 124 Nov.
5864 7204 212 148 19,
6312 7200 424 152 1945;
6980 7196 128 124 A

4076 7376 612 148 191507;
4868 7372 460 156 Dodd,
5500 7372 432 124 Mead
6092 7372 120 124 &
6364 7412 252 108 co.,
6780 7368 328 152 inc.,

4076 7544 368 124 New
4540 7544 448 124 York.
6748 7544 356 120 9022

3908 7792 772 156 [Stewart,
4808 7792 336 128 Ella
5272 7792 652 156 Winter]
5968 7792 60 72 *
6172 7788 936 152 Cambridge,

4076 7960 452 128 Mass.
4736 7964 60 124 I
4936 8004 308 88 saw
5372 7960 252 128 the
5764 7960 648 128 Russian
6544 7960 560 156 people,

4068 8132 192 152 by
4340 8132 336 128 Ella
4756 8132 628 128 Winter.
5608 8128 304 156 [1st
5984 8128 292 156 ed.]
6496 8116 148 148 ©
6736 8128 368 128 Nov.

4076 8308 216 144 19,
4392 8304 428 152 1945;
4924 8304 132 120 A
5160 8304 584 124 191261.
6744 8300 356 124 9023

3892 8552 592 152 Stifter,
4760 8552 768 124 Adalbert.
5832 8552 392 124 Rock
6492 8548 612 152 crystal.

4096 8712 360 164 [By]
4552 8724 176 124 A.
4816 8720 612 152 Stifter;
5520 8720 720 128 rendered
6316 8720 312 124 into
6712 8716 396 152 Eng-

4064 8892 288 128 lish
4448 8892 192 156 by
4744 8892 772 128 Elizabeth
5624 8892 524 152 Mayer
6252 8888 288 124 and
6648 8884 460 128 Mari-

4072 9104 384 88 anne
4592 9060 544 128 Moore.
5332 9048 156 148 ©
5632 9060 364 128 Nov.
6136 9060 120 152 5,
6396 9060 428 148 1945;
6972 9060 132 120 A

4076 9236 616 148 191037;
4816 9228 772 128 Pantheon
5700 9228 488 152 books,
6300 9228 328 152 inc.,
6744 9228 368 124 New

4072 9400 448 124 York.
6740 9396 368 124 9024

3892 9648 720 156 Stillwell,
4720 9652 788 148 Margaret
5612 9644 868 156 Bingham,*
6600 9644 504 124 Provi-

4072 9820 488 124 dence.
4816 9816 300 128 The
5312 9824 668 148 pageant
6172 9812 160 132 of
6532 9812 576 132 Benefit

4072 9996 468 116 street
4636 9988 424 124 down
5160 9984 656 152 through
5912 9984 252 128 the
6264 10024 484 112 years.
6952 9960 140 144 ©

4076 10156 368 124 Nov.
4528 10160 216 148 15,
4832 10156 424 152 1945;
5348 10156 132 124 A
5564 10156 588 124 191224.
6740 10148 360 128 9025

3892 10404 460 156 Stine,
4524 10408 516 120 Buena
5208 10400 564 156 Vista,*
5960 10400 280 128 Los
6408 10400 692 152 Angeles.

4076 10576 296 124 Not
4512 10612 84 84 a
4732 10572 260 152 joy
5124 10572 644 124 forever.
5992 10564 312 160 [1st
6436 10564 296 160 ed.]
6944 10552 144 144 ©

4076 10744 364 124 Nov.
4528 10744 216 148 15,
4832 10744 424 152 1945;
5348 10744 132 120 A
5564 10744 584 120 191415.
6740 10740 360 124 9026

3892 10992 788 152 Stoddard,
4772 10988 564 156 George
5432 10992 168 124 D.
5760 10984 780 132 Frontiers
6628 10984 152 128 in
6864 10984 236 128 ed-

4068 11160 644 128 ucation.
4960 11140 144 152 ©
5332 11152 316 132 Oct.
5872 11160 216 148 25,
6312 11160 428 148 1945;
6968 11152 132 124 A

4076 11328 612 156 191336;
4848 11328 488 124 Board
5472 11328 160 124 of
5764 11336 652 116 trustees
6552 11324 160 124 of
6848 11324 252 124 the

4076 11496 548 128 Leland
4720 11496 724 128 Stanford
5524 11492 512 156 junior
6120 11492 444 152 univ.,
6664 11492 436 128 Stan-

4060 11664 344 128 ford
4508 11660 928 156 University,
5540 11660 448 132 Calif.
6732 11664 356 120 9027
