7700 12900
3584 11620 184 96 125

248 1092 392 108 Buber,
684 1092 444 92 Martin.
1212 1088 220 92 For
1468 1088 172 88 the
1708 1084 256 92 sake
2004 1084 108 92 of
2172 1088 440 112 heaven,
2652 1084 128 116 by
2840 1084 148 96 M.
3024 1084 400 96 Buber.

420 1228 668 92 Translated
1184 1228 136 116 by
1424 1228 432 112 Ludwig
1956 1228 608 92 Lewisohn.
2716 1220 92 92 ©
2924 1224 248 116 June
3256 1224 160 112 22,

432 1368 300 120 1945;
768 1372 84 88 A
896 1368 440 116 188431;
1368 1368 388 112 Jewish
1812 1368 660 112 publication
2540 1392 240 64 soc.
2816 1368 100 92 of
2972 1368 460 88 Ameri-

428 1532 164 88 ca,
660 1508 792 112 Philadelphia.
3168 1500 264 96 3337

244 1792 596 112 Buchanan,
948 1796 664 108 Rosemary.
1764 1788 264 92 This
2128 1788 388 96 bread.
2692 1780 92 92 ©
2896 1784 248 116 June
3256 1780 156 120 19,

424 1928 300 116 1945;
788 1928 84 92 A
936 1928 440 116 188426;
1468 1932 356 92 Bruce
1908 1928 240 112 pub.
2236 1952 208 88 co.,
2528 1928 684 88 Milwaukee.

3160 2064 260 92 3338

232 2348 396 116 Budge,
696 2348 376 116 Lloyd.
1172 2352 412 88 Tennis
1644 2348 308 88 made
2012 2372 308 88 easy.
2424 2340 92 92 ©
2588 2348 252 112 June
2904 2344 508 116 18,1945;

412 2492 80 88 A
560 2488 440 120 188321;
1064 2492 128 92 A.
1256 2488 96 96 S.
1420 2492 428 88 Barnes
1904 2488 76 92 &
2040 2508 208 92 co.,
2316 2496 260 104 inc.,
2640 2488 252 88 New
2952 2488 328 96 York.

3156 2620 260 96 3339

224 2916 428 88 Bureau
788 2908 104 96 of
1012 2908 476 92 national
1620 2908 444 112 affairs,
2196 2908 324 112 inc.,*
2680 2908 732 112 Washington.

408 3052 516 88 Wartime
1028 3072 300 92 wage
1412 3048 428 92 control
1924 3048 200 88 and
2224 3048 424 112 dispute
2740 3048 676 96 settlement.

412 3184 88 88 ©
564 3196 272 108 Apr.
900 3188 164 116 20,
1136 3188 300 116 1945;
1492 3192 84 88 A
1644 3188 444 96 188458.
3152 3184 260 96 3340

232 3596 320 112 Burk,
636 3600 128 92 R.
820 3600 168 108 E.,
1080 3596 172 96 ed.
1380 3596 572 88 Advances
2028 3596 104 88 in
2232 3592 460 92 nuclear
2804 3592 612 112 chemistry

408 3732 204 96 and
684 3708 664 120 theoretical
1408 3740 448 108 organic
1944 3732 648 116 chemistry.
2724 3720 440 136 [Edited
3240 3720 176 132 by]

408 3880 124 96 R.
588 3876 128 96 E.
780 3876 284 92 Burk
1144 3864 296 136 [and]
1520 3876 380 88 Oliver
1988 3876 632 92 Grummitt.
2756 3864 84 92 ©
2936 3872 244 112 June
3244 3868 160 116 26,

412 4016 296 120 1945;
816 4020 84 84 A
992 4012 436 120 188533;
1532 4020 764 84 Interscience
2384 4016 668 112 publishers,
3140 4020 264 108 inc.,

400 4164 248 84 New
708 4160 332 96 York.
3148 4152 248 92 3341

220 4444 628 112 Burrowes,
952 4436 620 100 Elisabeth.
1724 4436 332 92 Little
2164 4436 544 96 Thunder.
2864 4424 216 136 [1st
3188 4424 220 136 ed.]

396 4572 92 88 ©
560 4584 244 112 June
864 4576 164 116 29,
1100 4576 300 120 1945;
1484 4580 84 88 A
1660 4576 440 120 188707;
2188 4580 128 96 E.
2376 4580 120 96 P.
2552 4580 388 88 Dutton
3024 4576 76 92 &
3188 4600 212 88 co.,

400 4728 260 112 inc.,
728 4724 240 88 New
1028 4724 336 96 York.
3148 4712 260 96 3342

220 5084 436 104 Burton,
744 5080 368 108 Miles,
1136 5080 44 52 *
1328 5076 468 96 London.
1952 5076 196 88 Not
2232 5096 60 64 a
2356 5072 192 116 leg
2624 5080 112 84 to
2820 5072 316 88 stand
3232 5092 160 64 on.

396 5200 220 132 [1st
676 5196 220 136 ed.]
1004 5200 88 92 ©
1160 5212 240 108 June
1464 5204 164 116 21,
1704 5200 296 120 1945;
2064 5208 80 88 A
2212 5200 448 104 188397.
3144 5200 260 92 3343

216 5572 328 116 Bush,
600 5572 524 116 Douglas.
1240 5572 532 88 Paradise
1840 5572 260 112 lost,
2160 5576 104 84 in
2328 5596 188 68 our
2576 5572 312 96 time.
2992 5564 92 88 ©
3160 5572 248 108 May

400 5712 164 116 22,
636 5712 300 116 1945;
996 5716 80 84 A
1144 5708 444 116 188422;
1656 5712 444 92 Cornell
2156 5716 332 108 univ.,
2552 5716 404 108 Ithaca,
3016 5712 132 92 N.
3216 5712 116 96 Y.

3136 5848 264 92 3344

208 6132 660 100 California.
972 6116 592 132 Deering's
1628 6132 616 96 California
2300 6136 376 96 codes.
2792 6132 308 96 1945.

2772 6268 300 116 3345,
3148 6272 256 92 3346

388 6416 572 92 Elections
1020 6420 272 88 code
1348 6416 108 92 of
1504 6420 176 84 the
1744 6420 284 84 state
2092 6416 104 92 of
2252 6416 656 112 California,
2952 6416 460 112 adopted

584 6564 256 84 Feb.
932 6556 92 116 2,
1140 6552 300 120 1939,
1552 6560 252 88 with
1908 6560 752 88 amendments
2756 6584 140 88 up
2992 6564 116 84 to
3208 6556 200 92 and

580 6700 548 116 including
1232 6700 308 92 those
1624 6696 108 96 of
1832 6700 172 88 the
2080 6696 368 96 fourth
2556 6696 852 116 extraordinary

588 6840 444 92 session
1092 6840 104 92 of
1252 6840 172 92 the
1480 6840 580 116 fifty-fifth
2112 6840 756 112 Legislature.
2968 6828 96 92 ©
3132 6840 264 112 Apr.

584 6980 160 116 28;
812 6980 76 88 A
956 6976 444 92 188512.

388 7124 364 84 Water
836 7124 264 88 code
1184 7120 104 92 of
1364 7124 176 84 the
1628 7124 280 84 state
1992 7120 104 88 of
2176 7120 660 112 California,
2948 7116 456 116 adopted

576 7264 252 112 May
912 7256 164 120 13,
1168 7256 300 120 1943,
1576 7264 252 88 with
1928 7260 748 92 amendments
2780 7284 136 88 up
2992 7268 108 84 to
3204 7260 204 88 and

572 7408 560 112 including
1228 7404 312 88 those
1624 7404 104 92 of
1836 7404 176 88 the
2116 7400 368 96 fourth
2564 7404 864 112 extraordinary

584 7544 448 88 session
1112 7540 108 92 of
1292 7544 176 88 the
1552 7540 572 116 fifty-fifth
2228 7540 744 112 Legislature,
3096 7532 300 104 1944.

576 7668 92 92 ©
736 7684 268 112 Apr.
1068 7680 164 116 28;
1292 7684 84 84 A
1444 7680 444 96 188513.

392 7800 92 88 ©
552 7824 1084 112 Bancroft-Whitney
1692 7820 204 104 co.,
1964 7824 196 88 San
2224 7824 656 88 Francisco.

208 8124 656 100 California.
988 8128 480 84 District
1552 8128 380 84 courts
2012 8120 104 92 of
2196 8144 340 92 appea
2548 8120 32 92 l
2604 8196 20 24 .
2780 8124 476 112 Reports
3292 8120 100 92 of

388 8288 332 68 cases
804 8268 696 88 determined
1504 8296 32 56 .
1664 8256 92 92 ©
1852 8268 244 112 June
2160 8260 160 116 19,
2396 8260 296 120 1945;
2780 8264 76 88 A
2952 8260 436 116 188811;

388 8404 1084 116 Bancroft-Whitney
1528 8428 208 84 co.,
1804 8404 196 92 San
2056 8404 664 96 Francisco.
3140 8400 252 88 3347

208 8676 332 104 Calvo
596 8676 228 100 Rod
828 8640 56 136 e
900 8676 92 120 s,
1060 8676 488 104 Rafael,*
1640 8676 472 108 Madrid.
2208 8676 656 100 Prontuario
2920 8672 476 100 metalo-

448 8828 416 104 técnico.
1016 8828 88 92 ©
1224 8832 224 100 July
1532 8832 152 100 21,
1784 8828 296 104 1943;
2200 8832 76 88 A
2384 8828 212 96 for.
2716 8828 372 96 48799.

3136 8964 260 92 3348

208 9252 576 112 Cameron,
832 9256 476 88 Kenneth
1360 9252 452 108 Walter,
1836 9248 36 68 *
1968 9252 792 108 Philadelphia.
2840 9252 552 84 Emerson

388 9396 168 88 the
692 9400 532 104 essayist,
1340 9416 128 64 an
1576 9392 396 88 outline
2088 9392 104 88 of
2320 9396 168 84 his
2596 9388 796 112 philosophical

392 9536 748 112 development
1224 9536 456 112 through
1768 9520 304 100 1936.
2172 9560 104 72 v.
2344 9532 88 112 1,
2504 9528 96 96 2.
2712 9520 92 92 ©
2876 9532 284 88 Mar.
3232 9524 160 116 22,

400 9672 296 104 1945;
756 9680 80 84 A
908 9672 440 96 188239.
3132 9668 260 88 3349

204 9952 396 116 Cañas,
684 9952 252 116 José
1020 9936 456 132 Marín,*
1620 9956 468 96 Madrid.
2244 9956 72 84 E
2336 9944 40 88 l
2456 9952 476 88 infierno
3012 9952 384 96 verde.

392 10080 88 88 ©
556 10100 248 108 May
860 10100 156 108 20,
1088 10096 304 112 1935;
1456 10100 80 84 A
1596 10096 220 96 for.
1876 10092 376 92 48808.
3136 10088 260 92 3350

208 10372 464 116 Cannon,
760 10376 400 88 Walter
1248 10372 592 96 Bradford.
1968 10372 220 88 The
2268 10396 224 88 way
2548 10372 104 92 of
2736 10396 128 60 an
2920 10372 472 84 investi-

400 10528 352 104 gator.
856 10508 220 136 [1st
1136 10504 220 132 ed.]
1460 10504 88 88 ©
1620 10516 244 112 June
1932 10508 156 116 29,
2160 10504 296 108 1945;
2548 10516 76 84 A
2720 10504 444 120 188719;
3252 10516 144 88 W.

388 10660 152 96 W.
596 10660 408 84 Norton
1064 10660 72 88 &
1208 10680 208 88 co.,
1480 10660 256 108 inc.,
1804 10656 248 88 New
2112 10652 328 92 York.
3144 10648 244 92 3351

212 10940 528 112 Carlisle,
804 10940 360 96 Irene.
1272 10940 360 88 Music
1708 10940 136 112 by
1924 10936 612 112 lamplight.
2644 10940 68 104 ©
2880 10936 256 108 Apr.
3232 10932 156 108 15,

408 11080 296 112 1945;
768 11084 76 84 A
912 11080 440 104 188350;
1412 11080 84 88 D
1524 11064 40 88 i
1556 11080 336 88 erkes
1952 11100 372 88 press,
2392 11080 148 84 La
2604 11080 372 104 Porte,
3040 11076 216 96 Ind.

3140 11212 264 92 3352

3772 1084 648 116 Carpenter,
4580 1092 356 84 Hattie
5088 1088 644 96 Ella-Fair.
5932 1092 428 88 Flower
6516 1092 440 96 heaven.

3952 1220 88 92 ©
4112 1228 248 112 June
4424 1228 92 112 1,
4588 1224 296 120 1945;
4972 1228 80 88 A
5144 1224 444 120 188463;
5652 1232 560 88 Dorrance
6276 1232 72 88 &
6420 1252 204 92 co.,
6692 1236 260 108 inc.,

3960 1368 784 112 Philadelphia.
6704 1368 260 96 3353

3768 1696 332 112 Carr,
4184 1692 456 92 Edward
4716 1696 448 88 Hallett.
5300 1696 728 88 Nationalism
6108 1700 204 84 and
6392 1700 292 92 after
6688 1728 28 56 .
6848 1684 84 88 ©

3956 1828 36 88 1
4092 1848 100 76 c.
4272 1828 244 112 June
4584 1824 164 116 27,
4820 1820 296 120 1945;
5200 1828 80 88 A
5368 1828 132 88 ad
5576 1832 196 96 int.
5860 1824 372 116 28961;
6320 1832 644 88 Macmillan

3956 1992 228 104 co.,
4232 1968 244 92 New
4540 1968 324 96 York.
6696 1968 260 92 3354

3756 2304 452 116 Carter,
4280 2308 416 112 George
4760 2308 420 112 Calvin,
5208 2292 28 40 *
5364 2312 744 108 Manchester,
6196 2312 128 96 N.
6388 2312 124 96 H.
6644 2312 312 88 Sam-

3944 2452 180 88 uel
4208 2452 416 112 Morey,
4716 2452 168 88 the
4968 2448 408 92 Edison
5464 2448 104 92 of
5648 2452 172 88 his
5900 2452 236 112 day.
6268 2444 88 92 ©
6456 2456 240 108 June
6788 2452 164 112 30,

3956 2588 300 116 1945;
4316 2596 80 84 A
4464 2584 444 100 188563.
6696 2592 260 88 3355

3760 2872 444 112 Carter,
4316 2872 380 112 Ralph.
4848 2872 708 96 Scandalous.
5668 2868 68 104 ©
5920 2872 228 112 July
6252 2872 92 112 2,
6460 2872 300 112 1945;
6872 2876 76 88 A

3948 3012 448 116 188678;
4468 3016 464 88 Phoenix
4992 3040 380 84 press,
5432 3016 248 84 New
5740 3016 332 96 York.
6696 3016 252 88 3356

3756 3376 700 112 Cartwright,
4524 3376 384 88 Morse
4964 3376 128 96 A.
5196 3376 316 88 Adult
5600 3376 692 112 adjustment,
6384 3380 132 112 by
6596 3380 148 96 M.
6824 3380 132 92 A.

3948 3516 652 116 Cartwright
4684 3516 204 92 and
4968 3516 264 92 Glen
5316 3520 404 92 Burch.
5872 3508 84 88 ©
6052 3520 248 108 June
6396 3516 156 112 15,
6648 3516 296 116 1945;

3940 3660 496 88 Institute
4524 3660 100 88 of
4708 3660 288 84 adult
5080 3660 612 108 education,
5800 3660 576 88 Teachers
6480 3660 464 112 college,

3944 3796 572 92 Columbia
4572 3804 328 108 univ.,
4964 3800 244 88 New
5276 3800 292 88 York
5568 3824 28 60 .
6692 3796 256 92 3357

3756 4120 536 116 Caspary,
4376 4124 336 108 Vera,
4736 4120 36 64 *
4920 4120 220 92 Los
5220 4120 520 112 Angeles.
5872 4120 496 96 Bedelia.
6472 4120 64 104 ©
6700 4124 252 112 June

3948 4260 164 116 26,
4184 4260 296 116 1945;
4544 4268 80 84 A
4692 4260 436 92 188537.
6688 4260 264 92 3358

3756 4540 492 92 Catholic
4384 4544 444 92 church.
5032 4544 460 108 Liturgy
5636 4544 204 84 and
5988 4544 328 84 ritual
6320 4568 32 60 .
6540 4544 364 88 Ritual
6912 4568 28 60 .

3936 4680 424 92 Rituale
4500 4704 608 76 romanum.
5308 4680 368 92 Editio
5824 4676 96 120 2,
6052 4688 296 108 juxta
6468 4684 484 112 typicam

3936 4828 680 108 Vaticanam,
4728 4824 688 112 amplificata
5528 4824 96 96 1.
5780 4804 84 88 ©
5980 4824 268 116 Apr.
6360 4820 160 116 27,
6648 4820 296 120 1945;

3936 4964 80 88 A
4080 4964 444 112 188421;
4612 4968 548 112 Benziger
5240 4964 348 108 bros.,
5672 4968 268 108 inc.,
6028 4964 244 88 New
6336 4964 332 96 York.

6688 5104 256 92 3359

3752 5380 540 116 Cavanna,
4384 5384 352 112 Betty.
4884 5384 220 88 The
5208 5380 328 96 black
5640 5380 424 116 spaniel
6172 5392 540 104 mystery.
6844 5368 84 88 ©

3936 5528 248 112 May
4268 5524 156 108 23,
4524 5524 300 112 1945;
4940 5524 76 88 A
5132 5520 436 116 188626;
5672 5524 784 108 Westminster
6564 5548 376 88 press,

3940 5664 800 112 Philadelphia.
6688 5664 256 88 3360

3752 5944 692 116 Cedarholm,
4560 5948 380 92 Anton.
5100 5948 176 112 My
5400 5968 472 68 nervous
6000 5948 684 96 breakdown.
6836 5928 84 88 ©

3932 6088 288 96 Mar.
4292 6084 92 116 1,
4432 6084 296 116 1945;
4792 6088 76 84 A
4920 6084 432 112 188380;
5396 6084 360 92 Cedar
5820 6088 196 108 pub
6032 6156 28 24 .
6100 6108 204 88 co.,
6344 6084 592 108 Waterloo,

3924 6228 156 96 Ia.
6684 6224 248 92 3361

3740 6504 704 120 Cedarholm,
4540 6508 492 92 Hilmore
5112 6508 168 112 E.,
5308 6496 28 88 *
5480 6504 592 116 Waterloo,
6132 6508 152 96 Ia.
6420 6512 180 112 My
6652 6508 292 88 natal

3932 6656 652 88 memories.
4696 6644 88 88 ©
4856 6652 232 112 July
5148 6648 88 116 2,
5312 6648 300 112 1945;
5676 6652 80 88 A
5824 6648 440 100 188590.
6680 6648 260 92 3362

3744 7044 584 116 Chapman,
4412 7044 368 92 Oscar
4856 7044 124 112 J.,
5004 7048 44 44 *
5184 7044 616 96 Nashville.
5924 7044 216 88 The
6228 7044 320 92 thorn
6600 7048 108 84 in
6764 7044 176 88 the

3928 7176 336 96 flesh.
4400 7176 168 88 1st
4628 7176 172 96 ed.
4924 7164 88 88 ©
5112 7176 248 116 May
5424 7172 160 116 25,
5660 7172 296 116 1945;
6044 7176 80 88 A
6216 7172 444 96 188369.

6680 7316 264 92 3363

3748 7600 580 112 Chernick,
4412 7600 288 112 Jack.
4860 7596 692 92 Guaranteed
5648 7600 380 88 annual
6132 7620 408 92 wages,
6648 7600 132 112 by
6852 7600 44 112 J
6912 7668 28 28 .

3928 7736 552 92 Chernick
4560 7740 204 88 and
4836 7740 424 112 George
5348 7736 120 96 C.
5552 7736 688 96 Hellickson.
6348 7740 68 104 ©
6528 7740 248 112 June
6840 7736 92 112 2,

3932 7876 304 120 1945;
4396 7884 76 84 A
4636 7876 436 116 188827;
5232 7880 644 116 University
6024 7880 100 92 of
6276 7880 656 108 Minnesota,

3928 8020 776 112 Minneapolis.
6680 8016 256 92 3364

3740 8344 564 108 Chesnutt,
4396 8344 332 88 Helen
4804 8344 152 96 M.
5088 8344 216 84 The
5396 8344 272 84 road
5744 8352 104 76 to
5932 8344 344 108 Latin,
6368 8344 136 108 by
6580 8344 124 92 H.
6788 8340 140 88 M.

3932 8484 556 112 Chesnutt,
4624 8484 436 88 Martha
5184 8484 500 88 Whittier
5808 8484 712 88 Olivenbaum
6648 8472 292 132 [and]

3924 8612 360 88 Nellie
4376 8616 328 84 Price
4820 8612 668 100 Rosebaugh.
5648 8600 88 88 ©
5856 8612 240 100 June
6192 8608 152 100 26,
6444 8608 292 104 1945;
6856 8612 72 84 A

3932 8748 436 96 188478:
4460 8756 244 100 John
4788 8764 120 72 C.
4984 8764 496 72 Winston
5564 8784 208 60 co.,
5888 8756 780 88 Philadelphia.

6676 8896 112 88 33
6812 8904 56 88 6
6824 8892 104 92 35

3744 9252 580 116 Chomsky,
4392 9256 328 92 Zeeb.
4836 9256 472 112 Hageinu
5384 9252 712 92 u-moadeinu
6184 9252 308 92 sefer
6576 9252 356 92 mikra

3928 9380 376 104 lib'nei
4428 9396 408 92 Israel.
5012 9372 92 88 ©
5220 9396 248 108 June
5584 9392 160 112 28,
5860 9392 300 112 1945;
6288 9396 80 84 A
6480 9392 448 112 188502;

3932 9536 636 84 Histadruth
4620 9536 376 108 Ivrith,
5064 9536 260 108 inc.,
5388 9536 244 84 New
5696 9536 324 92 York.
6672 9528 260 92 3366

3740 9812 492 116 Christy,
4324 9816 400 88 Arthur
4804 9816 168 108 E.,
5068 9836 352 88 comp.
5552 9816 220 88 The
5852 9816 336 88 Asian
6272 9812 392 116 legacy
6740 9812 204 88 and

3920 9956 596 88 American
4624 9956 236 96 life.
4964 9948 64 104 ©
5244 9944 248 100 June
5612 9956 156 108 15,
5884 9956 36 84 1
5948 9940 64 88 9
6012 9952 168 104 45;
6296 9956 76 84 A
6492 9952 436 112 188770;

3928 10100 268 84 Asia
4256 10124 368 84 press,
4684 10100 264 108 inc.,
5016 10100 240 84 New
5324 10096 328 96 York.
6676 10096 256 88 3367

3736 10372 612 112 Churchill,
4416 10376 360 108 Henry
4832 10372 136 116 S.,
5000 10364 36 64 *
5172 10376 248 84 New
5508 10372 328 96 York.
5968 10376 216 84 The
6272 10376 224 108 city
6576 10376 100 84 is
6752 10372 172 88 the

3928 10516 424 108 people.
4452 10496 84 88 ©
4612 10516 248 108 June
4924 10516 164 108 27,
5164 10492 312 132 1945;
5536 10516 80 80 A
5680 10516 432 96 188722.
6672 10508 260 92 3368

3736 10784 608 132 [Clemens,
4432 10792 428 92 Samuel
4972 10780 684 132 Langhorne]
5780 10792 216 88 The
6080 10792 668 88 adventures
6832 10792 100 88 of

3920 10940 272 88 Tom
4228 10936 464 116 Sawyer,
4740 10940 128 108 by
4904 10928 312 96 Mark
5268 10936 356 84 Twain
5684 10924 484 132 [pseud.]
6268 10936 644 84 Illustrated

3920 11080 132 108 by
4116 11080 356 108 Henry
4528 11080 124 96 E.
4708 11080 476 108 Vallely.
5296 11076 68 104 ©
5464 11080 276 84 Mar.
5808 11076 92 100 6,
5972 11072 296 108 1945;
6336 11076 76 84 A
6480 11068 436 108 188665;

3920 11220 524 88 Whitman
4508 11220 228 112 pub.
4808 11216 208 116 co.,
5084 11220 452 108 Racine,
5604 11220 208 84 Wis
5820 11240 28 56 .
6668 11212 264 92 3369
