4852 8284
2280 7760 256 96 1208

488 752 536 128 Furman,
1080 752 404 104 Alfred
1544 752 532 124 Antoine,
2140 760 328 96 1856-

620 908 300 100 Atah
928 944 72 64 u
1012 908 288 128 alpa,
1364 908 180 96 the
1608 908 212 96 last
1884 908 124 96 of
2068 904 184 100 the
2316 904 376 124 Incas;
2760 940 60 64 a
2888 904 384 100 drama
3336 904 108 100 in
3508 904 308 100 three
3876 916 264 116 acts,
4200 904 144 132 by

488 1060 408 100 Alfred
976 1056 484 100 Antoine
1540 1052 528 132 Furman,
2144 1052 264 100 with
2492 1088 136 64 an
2712 1052 744 104 introduction
3540 1052 144 132 by
3764 1052 580 104 Professor

488 1208 380 132 Harry
928 1204 676 108 Greenwood
1664 1204 424 104 Grover
2180 1216 68 104 …
2420 1204 264 100 New
2744 1204 348 132 York,
3144 1204 124 96 L.
3332 1200 120 104 C.
3508 1204 484 132 Harper,
4056 1204 288 100 1930.

620 1368 124 64 xv
800 1376 112 72 p.,
964 1356 52 80 3
1072 1360 88 88 1.,
1216 1356 192 92 135,
1472 1356 100 96 [1]
1640 1372 88 76 p.
1844 1352 92 80 fr
1940 1372 48 56 o
2000 1360 156 84 nt.,
2216 1356 288 92 ports.
2616 1352 600 88 20½ͨͫ.

632 1468 452 76 "Limited
1168 1464 380 92 edition,
1628 1464 168 76 145
1876 1464 304 92 copies
2264 1484 112 52 on
2468 1460 264 80 Strat
2736 1468 56 68 h
2804 1480 252 60 more
3140 1460 288 76 white
3512 1460 192 80 laid
3788 1480 172 72 rag
4036 1480 320 72 paper,

488 1576 52 72 5
608 1600 48 56 c
664 1600 44 48 o
716 1576 200 92 pies
988 1592 120 60 on
1172 1572 120 80 Ja
1300 1596 52 68 p
1364 1592 276 60 anese
1712 1572 364 88 vellum,
2152 1568 500 84 numbered
2732 1572 184 76 and
2992 1568 320 92 signed
3388 1568 116 92 by
3580 1572 156 76 the
3812 1568 368 96 author,
4256 1568 100 80 of

488 1684 300 76 which
844 1684 192 80 this
1092 1684 80 76 is
1224 1700 144 64 no.
1424 1684 84 76 1.

504 1776 92 88 ©
652 1796 228 88 Aug.
932 1796 76 88 1,
1064 1796 40 72 1
1120 1792 56 72 9
1172 1792 160 88 30;
1384 1792 132 76 2e.
1568 1816 44 52 a
1624 1796 124 72 nd
1804 1816 44 52 a
1868 1792 36 72 f
1900 1792 40 72 f
1948 1856 12 12 .
2016 1792 80 72 A
2104 1816 52 48 n
2164 1812 56 64 g
2228 1856 16 12 .
2300 1792 96 88 0;
2456 1792 76 72 A
2584 1788 332 92 20549;
2968 1788 108 80 A.
3128 1788 108 80 A.
3288 1788 444 92 Furman,
3784 1792 224 72 New
4064 1788 276 76 York.

652 1904 316 92 (30-20
968 1908 56 68 4
1036 1904 156 92 84)
3936 1892 228 84 7890

488 2024 432 128 Griffin,
980 2024 476 108 Charles
1516 2024 400 128 Lewis,
1988 2036 324 96 1867-

624 2172 508 104 Machine
1244 2176 556 124 drawing;
1916 2216 56 64 a
2084 2172 880 132 comprehensive
3072 2168 440 108 treatise
3612 2204 136 68 on
3860 2168 496 104 machine

488 2320 508 136 drawing
1080 2324 516 132 covering
1676 2320 600 132 principles
2360 2324 124 100 of
2568 2324 180 96 the
2836 2320 504 132 working
3432 2320 536 132 drawing,
4052 2320 300 100 helix

484 2476 216 100 and
748 2476 384 96 thread
1184 2468 736 136 conventions,
1968 2504 320 96 cams,
2336 2472 272 104 belts
2656 2472 212 104 and
2924 2468 460 136 pulleys,
3428 2504 348 96 gears,
3828 2468 212 104 and
4092 2504 252 96 gen-

488 2656 48 64 e
548 2624 164 96 ral
784 2624 192 96 dra
992 2620 56 100 f
1052 2620 244 132 ting
1360 2660 120 60 ro
1488 2660 60 60 o
1556 2656 104 64 m
1736 2620 504 132 practice,
2312 2624 144 132 by
2528 2620 452 108 Charles
3048 2620 356 100 Lewis
3472 2620 244 104 Grif
3720 2620 28 96 f
3744 2624 108 96 in
3912 2624 60 108 …
4136 2656 52 64 a
4204 2656 68 60 n
4284 2652 36 64 e
4268 2624 68 88 d

484 2772 412 104 Robert
964 2772 144 100 H.
1180 2772 532 100 Fortman
1768 2780 64 108 …
2056 2768 516 136 Chicago,
2640 2768 588 104 American
3300 2768 536 104 technical
3912 2764 440 140 society,

488 2924 120 96 19
620 2924 56 96 3
688 2924 88 96 0.

624 3076 52 76 3
724 3092 84 76 p.
860 3080 84 84 1.,
996 3076 276 76 11-28
1272 3072 56 68 8
1384 3100 80 68 p.
1580 3072 100 76 ill
1696 3092 160 72 us.,
1916 3076 344 88 diagrs.
2380 3072 212 76 22"".

628 3184 248 76 Each
944 3188 388 88 chapter
1388 3188 200 72 also
1652 3188 536 88 separately
2252 3184 324 92 paged.

504 3276 92 88 ©
656 3300 224 92 July
928 3304 48 72 3
988 3360 12 20 .
1056 3304 44 72 1
1112 3296 48 80 9
1168 3304 48 72 3
1228 3300 48 76 0
1308 3320 16 68 ;
1380 3300 128 80 2c.
1564 3304 184 72 and
1796 3300 104 76 af
1892 3296 40 80 f
1940 3364 16 12 .
2008 3300 224 92 July
2284 3300 100 88 7;
2440 3300 80 76 A
2572 3296 328 92 24991;
2960 3296 308 80 Amer.
3324 3296 460 80 technical
3840 3308 104 64 so
3948 3320 72 56 c.

656 3408 540 92 (30-20462)
3940 3404 224 80 7891

492 3532 368 108 Grisw
868 3536 100 100 ol
980 3536 100 120 d,
1140 3536 380 100 Frank
1580 3536 348 120 Gray,
1988 3544 320 96 1854-

620 3680 96 100 E
728 3680 36 96 l
856 3680 348 104 Greco
1300 3748 24 64 [
1332 3680 140 136 by
1484 3748 24 64 ]
1608 3680 376 100 Frank
2072 3680 304 140 Gray
2460 3680 580 104 Griswold.
3200 3680 296 132 [New
3596 3680 340 132 York,
4040 3676 300 108 Priv.

484 3828 372 136 print.,
920 3836 292 96 1930.

624 3988 48 72 7
728 4004 80 72 p.
868 3988 84 84 1.,
1008 3984 108 76 98
1168 4008 84 68 p.
1368 3984 316 88 front.,
1736 3988 332 88 plates,
2124 3988 284 88 ports.
2528 3988 108 76 23
2644 3984 44 76 4
2688 3988 112 68 ".

632 4092 96 76 "I
780 4092 368 80 include
1196 4112 48 60 a
1300 4092 156 80 list
1500 4092 100 80 of
1648 4096 156 76 the
1852 4092 332 80 known
2240 4092 456 92 portraits
2752 4136 20 52 [
2780 4116 124 56 xx
2912 4116 164 52 xix
3164 4100 184 72 and
3396 4100 200 72 also
3648 4116 212 72 repr
3864 4100 116 72 od
3992 4104 148 68 uct
4152 4096 88 76 io
4248 4116 56 48 n
4316 4120 40 52 s

488 4200 100 80 of
632 4220 52 60 a
736 4200 188 80 few
980 4240 24 56 [
1008 4200 44 76 1
1064 4204 80 92 4,
1196 4204 208 76 that
1460 4204 312 92 please
1832 4224 144 56 me
2024 4200 528 92 most."-p.
2608 4200 48 72 5
2664 4204 72 76 1.

620 4316 196 72 The
884 4316 264 72 three
1216 4316 252 88 plate
1476 4332 40 56 s
1588 4332 156 56 are
1816 4312 412 92 pictures
2296 4316 208 72 that
2572 4332 164 56 are
2804 4332 44 56 e
2860 4312 24 76 i
2900 4316 204 72 ther
3176 4312 316 88 signed
3568 4316 116 88 by
3752 4316 76 72 B
3840 4336 104 52 as
3952 4332 224 56 sano
4244 4336 104 56 or

492 4420 520 80 attributed
1064 4424 96 76 to
1208 4420 224 92 him,
1484 4424 184 72 and
1720 4420 96 76 in
1864 4420 300 80 which
2220 4420 72 80 it
2348 4420 80 80 is
2484 4428 156 68 not
2692 4420 388 80 difficult
3140 4428 28 68 t
3180 4448 52 52 o
3288 4424 472 88 recognize
3816 4428 108 72 El
3980 4424 316 76 Greco'
4296 4436 40 56 s

484 4532 580 76 handiwork.
1184 4528 92 92 cf
1272 4564 24 40 .
1360 4552 76 68 p.
1496 4532 132 72 74.

628 4640 280 76 "This
964 4636 356 80 edition
1376 4640 104 72 of
1536 4640 104 72 El
1700 4640 288 76 Greco
2052 4636 80 80 is
2192 4636 356 80 limited
2616 4644 92 72 to
2768 4640 260 76 three
3092 4640 424 76 hundred
3576 4640 392 96 copies."

628 4748 48 36 "
688 4752 100 72 El
848 4748 292 76 Greco
1188 4752 180 72 and
1428 4748 72 76 B
1508 4748 184 84 ass
1672 4764 120 60 an
1804 4768 48 52 o
1860 4744 44 32 "
1940 4768 20 56 :
2012 4772 80 68 p.
2156 4784 20 60 [
2188 4748 48 76 5
2240 4744 252 96 3]-78
2528 4768 16 56 :
2604 4748 44 32 "
2660 4748 252 88 Appe
2924 4772 52 52 n
2988 4748 88 76 di
3092 4768 84 56 x.
3228 4752 180 72 Ven
3428 4748 136 76 ice
3576 4748 100 76 ":
3740 4772 76 72 p.
3884 4788 16 52 [
3908 4748 184 84 79]
4056 4792 52 8 -
4112 4748 48 76 9
4172 4752 72 76 8.

508 4860 92 96 ©
668 4864 96 72 M
772 4884 112 72 ay
944 4860 128 80 20.
1144 4868 44 68 1
1200 4860 168 80 030
1396 4884 16 60 ;
1480 4860 128 80 2r.
1676 4860 52 76 J
1732 4872 184 64 une
1980 4860 160 92 2G;
2204 4880 52 56 a
2268 4860 96 76 ff.
2432 4860 240 80 June
2736 4860 164 84 24;
2972 4864 72 72 A
3108 4864 56 72 2
3168 4860 48 72 5
3224 4860 216 92 229;
3512 4864 100 80 F.
3680 4860 72 80 G
3764 4928 16 16 .
3848 4860 168 80 Gri
4016 4872 44 60 s
4076 4864 268 84 wold,

632 4976 224 76 New
916 4976 76 76 Y
1000 5000 52 48 o
1060 4976 136 72 rk.
1300 4964 120 100 [©
1512 4992 204 56 new
1772 4972 440 76 material
2380 4968 540 96 (30-20467)
3936 4968 228 84 7892

488 5100 740 120 Hawthorne,
1284 5096 656 124 Nathaniel,
2008 5100 624 104 1804-1864.

616 5248 104 100 A
792 5248 444 100 wonder
1300 5244 284 104 book
1648 5248 216 100 and
1936 5248 736 132 Tanglewood
2748 5248 308 124 tales,
3124 5248 140 116 by
3336 5248 600 104 Nathaniel
4008 5252 332 100 Haw-

484 5396 416 124 thorne,
992 5396 744 100 introduction
1832 5396 216 100 and
2136 5408 304 88 notes
2528 5396 144 128 by
2764 5396 616 100 Katherine
3468 5396 136 104 G.
3700 5396 644 132 Carpenter,

484 5580 92 64 A.
616 5580 56 64 1
708 5596 28 44 .
760 5628 20 36 ,
832 5544 624 100 illustrated
1504 5544 148 132 by
1700 5544 600 104 Frederick
2352 5544 720 104 Richardson.
3200 5544 824 132 Philadelphia,
4084 5544 256 108 Chi-

480 5728 268 100 cago
804 5704 264 116 [etc.]
1124 5692 236 100 The
1400 5692 300 100 John
1748 5688 120 108 C.
1916 5692 516 104 Winston
2484 5728 544 100 company
3084 5700 132 120 [11
3228 5700 124 96 93
3360 5700 60 96 0
3432 5760 24 60 ,

620 5868 68 56 x
692 5844 84 80 vi
832 5864 112 76 p.,
992 5848 52 76 1
1096 5848 84 88 1.,
1228 5844 164 80 403
1444 5864 84 76 p.
1640 5868 48 56 c
1696 5868 48 56 o
1748 5844 56 80 l.
1860 5848 316 92 front.,
2228 5848 32 76 i
2272 5848 16 72 l
2304 5848 200 92 lus.,
2556 5868 104 60 co
2668 5848 32 76 l
2696 5880 24 40 ,
2772 5852 332 88 plates.
3220 5852 108 72 22
3320 5852 100 52 cm
3412 5848 24 64 .

624 5956 552 80 Illustrated
1244 5956 692 92 lining-papers.

500 6048 88 88 ©
656 6072 152 76 Jul
824 6092 52 68 y
928 6068 52 76 2
988 6072 44 72 1
1048 6128 12 28 ,
1116 6068 272 84 1930;
1444 6068 128 72 2c.
1632 6068 228 92 Aug.
1916 6068 100 88 6;
2076 6068 156 76 aff.
2292 6068 76 76 A
2372 6088 124 68 ug
2504 6132 16 12 .
2576 6068 52 72 5
2660 6092 16 64 ;
2736 6072 80 72 A
2868 6068 108 76 25
2984 6068 56 72 8
3068 6068 52 76 6
3180 6092 20 68 ;
3260 6072 248 76 John
3568 6072 92 80 C.
3720 6072 432 76 Winston
4208 6092 40 56 c
4256 6092 52 52 o
4320 6132 16 16 .

636 6216 20 60 [
668 6172 96 100 ©
828 6180 508 76 introducti
1336 6196 52 60 o
1408 6200 84 72 n,
1552 6188 272 68 notes
1880 6180 68 76 &
2008 6180 100 72 ill
2120 6200 52 52 u
2188 6180 272 76 strati
2472 6204 52 52 o
2532 6200 84 60 ns
2808 6180 540 92 (30-20205)
3932 6180 228 80 7893

484 6304 504 124 Herwig,
1048 6308 404 120 Franz,
1520 6316 328 92 1880-

732 6468 60 104 …
852 6456 212 104 Die
1172 6460 392 100 letzten
1672 6456 560 120 Zielinski,
2344 6496 408 64 roman.
2900 6464 496 116 Breslau,
3500 6464 144 104 W
3652 6548 20 16 .
3784 6464 132 104 G.
4024 6464 316 96 Korn

580 6612 116 96 19
704 6612 60 96 2
776 6616 92 120 9,

628 6760 160 76 192
848 6784 84 68 p.
1048 6760 108 76 19
1160 6768 84 40 11
1256 6828 12 12 .

628 6872 48 28 "
684 6872 40 72 1
740 6916 76 32 .-
824 6896 16 40 :
824 6872 48 72 5
884 6936 16 12 .
964 6892 52 56 a
1028 6892 48 56 u
1096 6872 44 72 f
1096 6872 56 72 i
1160 6892 48 56 a
1220 6892 60 68 g
1284 6892 44 56 e
1340 6872 72 76 ."

500 6952 92 88 ©
672 6984 124 72 Oc
808 6984 60 72 t.
936 6980 72 76 1.
1076 6976 272 80 192i:
1420 6984 44 72 1
1540 7008 72 52 c.
1680 6980 212 96 Apr.
1964 6984 76 80 2.
2108 6980 112 76 19
2224 6984 112 72 30
2364 7004 16 60 :
2456 6984 600 92 A-Foreign
3124 6984 272 92 7135;
3472 6988 860 88 Bergstadtverlag.

628 7084 304 80 Wilire
940 7092 24 72 l
936 7096 28 60 i
996 7112 52 52 m
1120 7092 72 72 G
1200 7092 328 72 ottlieb
1576 7088 288 80 Korn.
2000 7092 92 92 (3
2100 7088 60 68 0
2160 7088 272 84 -1991
2444 7096 52 76 6
2516 7100 24 88 )
3920 7092 232 84 7894

484 7216 440 120 Hewes,
980 7220 124 88 M
1108 7240 48 68 r
1160 7240 48 68 s
1228 7304 20 16 .
1308 7216 392 116 Agnes
1760 7220 608 100 Danforth.

620 7364 324 128 Spice
1048 7364 212 100 and
1364 7368 184 100 the
1648 7368 380 100 devil's
2128 7404 288 88 cave,
2516 7372 144 128 by
2760 7376 372 124 Agnes
3224 7376 576 100 Danforth
3896 7380 432 104 Hewes,

480 7512 572 104 decorated
1120 7512 144 132 by
1324 7516 324 128 Lynd
1712 7512 376 108 Ward.
2236 7520 268 100 New
2576 7524 340 128 York,
2984 7528 136 100 A.
3192 7528 132 100 A.
3396 7524 432 132 Knopf,
3900 7532 288 96 1930.
