4884 8252
444 712 628 124 Macaulay,
1172 716 500 104 Thomas
1772 716 648 124 Babington
2524 716 632 124 Macaulay,
3260 728 168 92 1st
3532 712 764 112 baron—Con-

576 864 380 104 tinued

572 1020 188 92 xvi,
816 1016 164 80 172
1040 1048 80 68 p.
1236 1024 288 76 front.
1576 1024 336 92 (port.)
1992 1024 60 76 il
2060 1028 28 72 l
2100 1044 136 60 us.
2288 1024 200 92 (inc
2492 1028 24 72 l
2536 1088 12 12 .
2612 1024 312 92 maps)
3056 1016 956 88 17½ͨͫ.
3472 1016 524 96 (Standard
4060 1016 232 92 Eng-

444 1124 180 80 lish
680 1132 436 88 classics)

452 1232 100 100 ©
628 1240 212 76 Dec.
912 1240 128 92 10,
1116 1244 44 72 1
1172 1240 52 76 9
1224 1244 52 72 2
1284 1248 52 68 9
1368 1264 16 64 ;
1456 1244 60 72 2
1516 1264 72 60 c.
1660 1244 212 76 Jan.
1944 1244 76 88 6,
2092 1240 272 96 1930;
2440 1244 160 76 aff.
2672 1244 212 76 Jan.
2960 1240 100 92 3;
3140 1244 76 72 A
3288 1240 332 88 16992;
3696 1240 112 76 Gi
3816 1260 56 52 n
3880 1256 60 56 n
4012 1236 72 76 &
4152 1256 136 56 co.

584 1384 16 60 [
612 1348 100 88 ©
768 1348 260 76 hints
1080 1352 152 76 for
1288 1348 408 92 reading,
1756 1352 116 92 by
1928 1352 240 76 Ginn
2224 1352 184 76 and
2464 1372 52 60 c
2520 1372 52 56 o
2580 1412 16 16 .
2592 1380 24 56 ]
2756 1348 488 96 (30-1132)
3952 1340 168 80 161

432 1500 184 100 Ma
628 1500 32 100 i
672 1532 152 92 er,
888 1504 432 120 George
1380 1500 492 108 William
1928 1508 516 120 Marque,
2504 1508 256 104 1879
2764 1572 72 12 –

568 1648 584 136 Journey's
1224 1652 244 128 end,
1540 1684 64 68 a
1672 1652 356 128 novel,
2096 1652 148 132 by
2320 1652 128 104 G.
2524 1652 172 104 W.
2772 1652 460 132 Marque
3304 1648 388 104 Maier.
3840 1652 452 100 Boston,

436 1796 364 132 Mass.,
864 1800 236 104 The
1164 1796 732 136 Christopher
1964 1800 644 136 publishing
2668 1804 332 100 house
3100 1796 348 132 [ͨ1930]

568 1960 160 76 142
784 1984 80 68 p.
980 1948 600 92 20½ͨͫ.

444 2060 96 88 ©
604 2068 212 80 Jan.
872 2068 76 92 2,
1204 2076 240 88 1930
1264 2092 16 52 ;
1344 2072 128 76 2c.
1532 2068 188 76 and
1776 2068 100 76 af
1872 2068 40 76 f
1916 2132 16 16 .
1996 2068 212 76 Jan.
2268 2068 156 88 13;
2488 2068 76 76 A
2628 2068 324 92 17830;
3020 2068 616 92 Christopher
3692 2068 208 96 pub.
3964 2068 312 76 house.

644 2180 120 100 [©
764 2196 316 60 correc
1092 2192 20 60 t
1136 2176 196 80 ions
1388 2180 184 72 and
1620 2176 484 104 changes]
2188 2176 484 96 (30-1702)
3952 2172 168 80 162

432 2336 444 120 Maury,
944 2332 556 100 Matthew
1564 2332 592 104 Fontaine.

572 2480 124 96 M
704 2480 364 112 aury's
1140 2484 664 128 elementary
1876 2516 76 96 g
1960 2516 52 64 e
2016 2480 540 132 ography,
2632 2480 520 132 designed
3236 2480 180 100 for
3488 2480 500 132 primary
4064 2484 220 100 and

444 2632 764 100 intermediate
1284 2632 420 96 classes.
1856 2632 264 100 Rev.
2208 2632 76 92 &
2372 2628 528 136 abridged
2988 2628 296 104 from
3364 2632 184 100 the
3632 2628 368 104 "First
4084 2632 200 100 les-

436 2816 248 68 sons
696 2780 56 28 "
828 2784 212 100 and
1132 2804 24 24 "
1184 2780 388 104 World
1652 2804 88 72 w
1752 2816 52 64 e
1876 2788 32 92 l
1924 2784 168 100 ive
2168 2780 180 100 in"
2420 2780 124 104 of
2616 2784 120 100 M
2752 2864 16 16 .
2904 2784 32 28 F
2952 2864 16 16 .
3396 2792 300 104 Maury,
3552 2816 132 68 LL
3692 2864 16 20 .
3788 2784 88 96 D.
4024 2784 264 100 Rev.

440 2932 160 100 ed.
764 2932 264 100 New
1124 2928 348 124 York,
1564 2924 636 108 Cincinnati
2276 2932 296 124 [etc.]
2680 2928 592 100 American
3368 2924 280 108 book
3744 2964 544 96 company

480 3084 120 124 [ͨ
524 3084 256 96 1930
788 3140 28 68 ]

568 3228 164 84 122
800 3260 60 72 p
868 3300 16 16 .
1012 3236 68 76 il
1088 3240 24 72 l
1124 3256 136 56 us.
1312 3236 104 92 (p
1420 3256 48 56 a
1492 3240 80 72 rt
1648 3236 212 88 col.)
1916 3256 288 72 maps.
2328 3232 52 76 2
2384 3236 448 84 4ͨͫ
2540 3292 16 16 .

440 3340 96 92 ©
588 3344 216 80 Jan.
852 3348 44 76 1
908 3344 52 76 3
972 3408 12 20 ,
1040 3344 36 76 1
1100 3344 48 76 9
1156 3340 156 96 30;
1364 3344 132 84 2c.
1548 3344 184 76 and
1784 3344 156 76 aff.
1996 3344 212 76 Jan.
2260 3344 44 72 1
2320 3344 48 76 5
2404 3364 16 72 ;
2476 3344 84 72 A
2608 3344 328 88 17917;
2996 3344 304 76 Amer.
3356 3344 240 80 book
3648 3364 132 60 co.
3944 3340 172 84 163

428 3492 124 96 M
552 3492 56 104 é
616 3524 56 68 r
680 3496 32 100 i
724 3524 108 72 m
844 3496 56 100 é
908 3524 96 92 e,
1060 3496 524 120 Prosper,
1648 3504 260 92 1803
1912 3560 68 12 –
1992 3496 284 104 1870.

560 3644 560 120 Colomba,
1208 3644 148 132 by
1440 3648 480 128 Prosper
2004 3644 584 124 Mérimée;
2680 3644 360 104 edited
3136 3644 268 104 with
3496 3644 780 108 introduction.

420 3804 340 116 notes,
840 3792 556 132 exercises,
1476 3796 216 100 and
1780 3796 408 100 vocabu
2192 3796 40 96 l
2240 3824 200 100 ary
2436 3836 28 68 ,
2552 3792 144 124 by
2776 3796 400 100 Albert
3252 3796 80 108 S
3344 3796 312 100 chinz
3728 3804 64 104 …
4012 3800 164 100 Bo
4188 3836 88 68 s-

420 3956 224 116 ton,
708 3948 268 100 New
1044 3944 312 104 York
1432 4008 24 64 [
1468 3952 232 120 etc.]
1776 3940 304 108 Ginn
2144 3944 212 100 and
2428 3976 544 96 company
3044 3952 120 112 [ͨ
3124 3952 256 92 1929
3388 4012 28 64 ]

560 4100 228 92 xxii,
856 4100 164 80 293
1088 4124 76 68 p.
1236 4100 96 76 in
1340 4120 44 56 c
1392 4100 56 76 l.
1512 4100 316 92 front.,
1900 4096 252 80 illus.
2200 4096 336 96 (port.)
2672 4100 596 88 17½ͨͫ.
3084 4100 736 92 (International
3896 4108 384 72 modern

420 4212 456 88 language
932 4208 344 92 series)

436 4320 100 84 ©
588 4324 228 76 Nov.
872 4320 132 88 30,
1060 4320 268 84 1929;
1388 4320 128 80 2c.
1572 4316 180 76 Jan
1836 4312 76 96 6,
1968 4312 272 92 1930;
2300 4328 80 76 af
2380 4312 72 88 f.
2528 4320 48 76 J
2580 4336 148 56 an.
2780 4316 100 88 3;
2940 4316 80 76 A
3076 4316 332 92 16991;
3468 4320 176 76 Gin
3648 4340 64 56 n
3768 4320 72 76 &
3892 4340 128 56 co.
4128 4332 120 88 [©

572 4428 656 88 illustrations,
1308 4428 112 88 by
1500 4428 96 76 F.
1676 4424 448 88 Lamont;
2204 4420 672 96 introduction,
2952 4432 296 84 notes,
3324 4428 464 76 exercises
3868 4432 176 72 and
4132 4448 144 56 vo-

564 4560 108 56 ca
684 4540 48 72 b
744 4544 64 64 u
804 4540 212 88 lary
1076 4536 112 92 by
1248 4536 324 76 Albert
1640 4532 364 96 Schinz]
2140 4528 484 100 (30-1804)
3948 4536 168 80 164

428 4660 520 104 Michie's
1008 4664 352 132 digest
1432 4660 120 104 of
1620 4664 80 100 V
1724 4660 408 132 irginia
2200 4692 136 68 an
2348 4664 68 100 d
2480 4660 308 104 West
2848 4660 100 100 V
2960 4660 408 104 irginia
3436 4676 460 124 reports,
3960 4664 68 100 b
4036 4664 168 104 ein
4220 4700 72 96 g

568 4848 60 64 a
692 4816 532 124 complete
1284 4808 772 132 encyclopedia
2120 4812 216 96 and
2404 4808 360 132 digest
2824 4804 120 104 of
3008 4812 152 96 all
3220 4808 188 104 the
3468 4812 524 132 Virginia
4056 4816 220 100 and

564 4960 312 104 West
944 4960 520 132 Virginia
1532 4992 236 64 case
1840 4960 212 96 law
2120 4992 152 96 up
2344 4968 112 88 to
2528 4956 216 100 and
2816 4956 580 136 including
3468 4960 208 100 vol.
3760 4968 180 96 151
4020 4960 252 104 Vir-

564 5112 308 132 ginia
924 5120 428 116 reports
1404 5108 220 100 and
1672 5104 212 104 vol.
1944 5112 188 96 105
2188 5104 308 104 West
2544 5104 528 132 Virginia
3124 5116 460 120 reports.
3708 5108 272 104 Also
4040 5108 232 104 fed-

568 5296 176 68 era
756 5260 40 96 l
852 5292 288 68 cases
1204 5256 448 100 decided
1720 5288 340 96 pursu
2068 5288 52 64 a
2132 5264 128 88 nt
2320 5268 112 88 to
2492 5256 188 100 the
2740 5256 212 100 law
3012 5252 128 104 of
3200 5256 524 132 Virginia
3780 5292 68 68 o
3856 5296 56 64 r
3976 5260 296 104 West

564 5404 524 136 Virginia
1164 5440 148 96 up
1392 5412 112 92 to
1584 5404 216 100 and
1884 5400 580 136 including
2544 5404 212 100 vol.
2836 5404 268 100 22F.
3276 5400 244 136 (2d)
3624 5404 384 104 Under
4092 5412 180 100 the

564 5556 516 104 editorial
1184 5548 688 132 supervision
1968 5548 124 104 of
2192 5548 140 104 A.
2432 5548 488 104 Hewson
3020 5548 448 116 Michie,
3572 5552 456 104 assisted
4128 5556 144 132 by

564 5712 400 96 Beirne
1036 5704 560 132 Stedman,
1660 5704 140 100 A.
1872 5704 128 100 R.
2072 5704 424 96 Yellott
2564 5704 216 100 and
2852 5704 384 128 Harry
3308 5704 644 128 Casparian.
4096 5708 188 100 In-

564 5856 344 100 dexed
984 5852 144 132 by
1200 5848 480 104 Thomas
1752 5848 508 104 Johnson
2332 5848 444 104 Michie.
2920 5880 100 68 v.
3096 5856 92 92 4.
3344 5848 928 112 Charlottesville,

564 6004 240 128 Va.,
864 6000 236 100 The
1160 6000 412 100 Michie
1632 6028 576 100 company,
2276 6000 292 96 1930.

556 6168 52 68 2
660 6184 80 68 p.
804 6152 32 76 l
840 6220 44 32 .,
936 6156 112 76 10
1052 6152 48 76 5
1108 6156 52 76 2
1212 6176 80 72 p.
1400 6152 540 88 26ͨͫ.

440 6268 96 96 ©
588 6260 216 88 Feb.
852 6268 76 92 3,
984 6264 272 88 1930;
1312 6264 132 80 2c.
1500 6264 212 76 Feb.
1768 6264 104 88 7;
1928 6264 80 72 A
2056 6260 160 76 193
2228 6252 108 84 98
2368 6280 16 68 ;
2456 6260 336 80 Michie
2840 6280 132 60 co.
3936 6264 160 76 165

420 6388 524 128 Mighels,
1000 6396 120 88 M
1124 6428 60 64 r
1188 6432 44 64 s
1240 6476 20 20 .
1324 6388 240 100 Ella
1624 6388 504 120 Sterling
2192 6384 460 128 (Clark)
2724 6400 252 92 1853
2984 6456 60 12 –

552 6540 256 100 Life
872 6536 216 100 and
1148 6536 372 100 letters
1584 6532 124 104 of
1768 6568 60 68 a
1896 6532 760 108 forty-niner's
2720 6532 580 136 daughter,
3360 6536 144 128 by
3564 6536 440 104 Aurora
4072 6544 192 100 Es-

416 6688 484 104 meralda
1004 6684 312 132 (Ella
1396 6684 496 104 Sterling
1968 6684 532 132 Mighels)
2588 6692 60 120 …
2880 6684 228 104 San
3188 6684 612 112 Francisco,
3892 6688 376 132 Calif.,

416 6840 304 100 Harr
780 6840 488 124 Wagner
1332 6832 648 132 publishing
2044 6864 540 100 company
2664 6840 120 112 [ͨ
2736 6836 260 96 1929
3004 6892 24 68 ]

548 7000 52 72 2
652 7020 80 72 p.
792 6988 28 76 l
828 7056 16 16 .
852 7020 16 48 ,
924 6996 104 72 iii
1032 7036 60 12 –
1092 6992 184 80 xvi.
1332 6992 188 92 371,
1588 6980 36 80 [
1608 6988 180 92 16]
1800 7012 80 72 p.
1932 6988 24 76 i
1972 7012 52 52 n
2036 6992 80 76 cl
2124 7048 16 20 .
2196 6992 328 88 plates,
2580 6992 284 88 ports.
2976 6988 540 92 24ͨͫ.

548 7104 436 76 Includes
1040 7096 328 84 music.

556 7216 44 32 "
608 7212 168 76 No.
824 7212 108 76 46
936 7204 52 76 8
1000 7272 16 28 ,
1068 7208 208 76 first
1328 7204 420 96 printing
1800 7204 240 76 limit
2048 7224 48 56 e
2104 7204 56 76 d
2212 7208 92 76 to
2356 7204 224 76 1600
2628 7204 392 92 copies."

556 7320 248 76 "The
872 7320 256 88 story
1196 7316 100 76 of
1364 7316 164 76 her
1596 7312 168 80 life
1832 7312 196 76 told
2092 7312 228 76 with
2392 7312 156 76 the
2612 7312 156 76 aid
2840 7312 96 76 of
3000 7316 32 72 t
3044 7312 112 76 he
3224 7316 476 76 camera":
3776 7304 120 100 [1
3860 7320 52 76 6
3804 7304 28 80 ]
4008 7344 84 72 p.
4160 7332 100 72 at

416 7432 204 72 end.

428 7528 100 92 ©
596 7536 216 76 Dec.
868 7536 76 88 1,
1008 7528 268 92 1929;
1344 7528 48 76 2
1400 7544 44 68 c
1456 7588 16 16 .
1536 7528 212 80 Jan.
1812 7528 76 92 2,
1948 7528 48 72 1
2008 7528 52 76 9
2060 7524 160 96 30;
2288 7524 160 80 aff.
2512 7524 56 76 J
2576 7544 44 56 a
2636 7548 88 56 n.
2788 7524 100 92 3;
2960 7528 76 72 A
3104 7528 324 92 16958;
3500 7532 260 76 Harr
3820 7536 428 96 Wagner,

564 7644 188 76 San
812 7640 524 76 Francisco.
1472 7632 484 100 (30-1798)
3924 7640 168 80 166

2272 7736 136 104 26
