4752 8320
332 700 792 124 Ravenscroft,
1184 696 440 124 Byfleet
1684 692 552 128 Gwillym,
2300 700 328 100 1890-

460 848 360 100 Trade
868 844 364 100 marks
1284 844 680 132 throughout
2008 844 184 100 the
2244 840 380 128 world,
2672 840 140 128 by
2864 836 140 104 W
3012 872 108 68 m
3132 920 20 20 .
3200 836 488 104 Wallace
3736 832 408 132 White,

324 996 484 104 Wallace
904 992 372 104 White
1380 992 284 128 [and]
1776 988 424 132 Byfleet
2296 988 136 104 G.
2528 980 768 108 Ravenscroft.
3432 984 268 100 New
3804 980 344 132 York,

328 1144 132 100 N.
516 1144 172 124 Y.,
740 1140 360 100 Trade
1152 1136 572 132 activities,
1776 1136 244 132 inc.,
2076 1144 288 92 1930.

456 1292 52 80 2
556 1316 84 72 p.
688 1296 32 72 l
724 1352 48 32 .,
820 1296 48 76 3
872 1292 108 72 -1
988 1288 164 84 006
1200 1312 80 72 p.
1392 1288 216 80 24ͨͫ.

468 1396 388 84 "Bound
936 1400 96 76 in
1108 1400 252 76 loose
1440 1400 188 76 leaf
1708 1396 248 76 form
2032 1396 152 76 for
2264 1396 156 80 the
2504 1416 328 56 reason
2916 1396 212 76 that
3208 1396 76 76 it
3360 1396 80 76 is
3520 1396 448 88 proposed
4056 1396 96 76 to

332 1508 304 92 digest
688 1528 204 56 new
952 1504 228 76 laws
1240 1508 184 72 and
1484 1504 400 92 changes
1944 1504 96 76 in
2104 1504 232 76 laws
2396 1524 108 56 as
2564 1504 220 88 they
2848 1520 160 60 are
3068 1496 676 96 promulgated,
3808 1500 184 80 and
4056 1504 92 72 to

336 1616 368 76 furnish
764 1612 752 92 supplementary
1572 1628 284 72 pages
1912 1612 360 76 several
2336 1608 268 80 times
2664 1628 56 60 a
2784 1608 776 92 year."-Notice.

468 1716 408 80 "Second
928 1716 436 80 edition."

468 1828 260 76 First
788 1824 352 80 edition
1212 1824 488 92 published
1776 1820 220 80 1925
2072 1828 296 72 under
2440 1820 256 80 title:
2776 1820 692 80 International
3544 1828 264 72 trade
3884 1820 264 80 mark

340 1936 72 72 la
428 1952 80 56 w
560 1936 180 76 and
788 1932 436 92 practice,
1276 1932 116 100 by
1444 1928 356 92 Byfleet
1856 1928 100 80 G.
2008 1928 652 84 Ravenscroft.

344 2032 96 96 ©
508 2044 212 76 Dec.
784 2040 136 92 22,
984 2040 268 92 1930;
1324 2044 48 76 2
1380 2060 72 56 c.
1520 2044 180 72 and
1768 2036 156 80 aff.
1992 2040 212 76 Dec.
2272 2040 160 88 30;
2504 2040 76 76 A
2648 2040 324 92 31837;
3044 2040 304 76 Trade
3416 2036 496 96 activities,
3980 2036 172 80 inc.

612 2160 56 104 [©
668 2152 444 92 complete
1172 2152 400 76 revision]
1740 2148 420 92 (31-784)
3696 2144 280 80 14161

336 2336 96 96 R
436 2332 68 96 é
504 2332 156 124 ja,
716 2332 456 104 Marcel.

556 2504 68 108 …
692 2500 176 100 Au
964 2536 272 96 pays
1332 2504 180 100 des
1604 2500 524 100 miracles.
2276 2500 352 132 Paris,
2724 2476 96 120 É
2832 2500 404 104 ditions
3336 2500 180 104 des
3612 2500 552 132 portiques

388 2648 256 96 [1930
652 2708 24 68 ]

468 2796 168 80 258
688 2816 108 72 p.,
860 2800 44 72 1
968 2800 60 76 l.
1140 2796 112 80 19
1268 2796 44 56 ͨ
1304 2804 32 40 ͫ

472 2908 128 76 CO
608 2924 392 56 NTENTS.
1004 2908 292 76 -Les
1372 2928 56 68 g
1440 2928 52 52 u
1560 2908 232 76 érisse
1796 2928 60 56 u
1868 2928 92 56 rs
2040 2912 92 72 et
2208 2908 252 76 leurs
2540 2908 356 76 clients.
2928 2948 104 12 -
3076 2908 172 72 Les
3328 2904 508 92 mystiques
3848 2964 16 16 .
3868 2904 292 76 -Les

336 3016 880 88 empiriques-Les
1284 3008 708 96 magnétiseurs.
2020 3060 116 8 -
2168 3016 176 76 Les
2408 3036 88 52 m
2504 3012 48 80 é
2556 3016 628 76 diums.-Les
3248 3012 916 80 fantaisistes.-R-

336 3128 344 72 ésultats
748 3124 104 76 th
860 3124 48 76 é
916 3124 916 92 rapeutiques.-Les
1896 3124 404 92 origines
2360 3124 160 76 des
2580 3144 92 52 m
2676 3116 52 76 é
2732 3124 328 76 thodes
3124 3124 1036 88 mystique.--Conclu-

340 3232 276 80 sions.

344 3352 96 96 ©
496 3360 220 92 July
768 3356 136 96 12,
956 3356 268 92 1930;
1284 3368 128 76 1c.
1468 3356 248 92 Sept.
1764 3352 160 96 19;
1980 3356 600 92 A-Foreign
2628 3352 272 92 9044;
2960 3332 432 104 Éditions
3444 3356 160 76 des
3660 3356 500 92 portioces.

496 3464 424 92 (31-828)
3704 3456 284 80 14162

344 3640 688 124 Rosenberg,
1092 3640 348 104 Louis
1496 3644 480 120 Conrad,
2044 3656 312 92 1890-

560 3796 64 108 …
688 3796 328 100 Louis
1100 3796 116 100 C.
1300 3796 656 132 Rosenberg,
2036 3796 264 100 with
2384 3832 132 64 an
2600 3796 756 132 appreciation
3432 3796 144 132 by
3660 3792 508 100 Kenneth

344 3944 308 104 Reid.
804 3944 572 132 Compiled
1440 3944 144 132 by
1652 3948 184 100 the
1908 3944 472 104 Crafton
2448 3944 596 104 collection.
3188 3940 268 104 New
3528 3944 340 128 York,
3940 3944 232 100 The

344 4092 476 104 Crafton
868 4096 600 128 collection,
1520 4096 264 128 inc.;
1836 4096 496 132 London,
2384 4096 120 100 P.
2564 4100 88 92 &
2700 4096 136 96 D.
2896 4096 544 128 Colnaghi
3496 4096 84 96 &
3628 4124 532 100 company

364 4248 324 128 [ͨ1930
692 4304 24 64 ]

508 4400 104 72 [11
620 4428 20 60 ]
716 4416 84 72 p.
916 4396 108 76 12
1096 4400 436 72 mounted
1608 4416 60 72 p
1672 4400 28 72 l
1712 4460 16 16 .
1844 4396 108 80 30
1968 4396 44 52 ½
2036 4400 88 72 ͨͫ.
2256 4396 544 92 (American
2872 4400 388 88 etchers,
3336 4400 180 72 vol.
3588 4416 60 56 x
3672 4396 24 88 )

480 4504 308 76 "First
840 4500 500 96 printing."

352 4604 92 96 ©
504 4616 228 76 Nov.
788 4616 132 88 18,
980 4612 268 92 1930;
1308 4616 48 72 2
1368 4636 40 56 c
1420 4676 16 12 .
1496 4616 180 72 and
1736 4632 48 56 a
1792 4612 100 80 ff.
1952 4612 84 76 D
2040 4636 48 56 e
2096 4636 68 56 c.
2220 4612 52 76 2
2280 4616 60 72 6
2364 4632 16 72 ;
2440 4612 80 76 A
2576 4612 328 92 32430;
2972 4612 228 80 Craf
3208 4616 36 72 t
3248 4632 120 56 on
3424 4612 508 88 collection,
3996 4612 92 76 in
4096 4628 44 52 e
4152 4676 16 12 .

496 4724 424 96 (31-822)
3708 4716 284 84 14163

344 4904 592 124 Rutledge,
992 4908 452 100 Samuel
1496 4904 444 124 Albert,
2000 4916 312 96 1888-

472 5052 232 100 The
772 5052 756 132 development
1592 5052 124 104 of
1776 5052 472 136 guiding
2312 5052 596 132 principles
2980 5052 180 104 for
3224 5052 180 104 the
3472 5048 692 108 administra-

344 5196 232 104 tion
632 5196 128 104 of
812 5204 480 100 teachers
1356 5204 456 132 colleges
1872 5204 216 100 and
2148 5204 428 100 normal
2636 5204 452 128 schools,
3148 5204 212 100 and
3428 5204 180 100 the
3672 5204 492 124 develop-

344 5364 292 88 ment
712 5348 124 100 of
912 5348 884 104 administrative
1872 5352 524 132 practices
2480 5352 588 104 consistent
3148 5352 268 100 with
3492 5352 300 100 these
3868 5348 288 132 prin-

344 5496 364 132 ciples,
776 5496 148 136 by
996 5496 444 108 Samuel
1504 5500 136 100 A.
1712 5504 548 132 Rutledge
2328 5500 60 112 …
2592 5504 268 100 New
2932 5500 312 100 York
3312 5500 256 132 city,
3640 5500 532 100 Teachers

344 5648 432 132 college,
840 5648 576 104 Columbia
1472 5648 644 132 university,
2184 5656 284 96 1930.

480 5804 124 96 ix,
660 5804 164 80 107
880 5828 80 72 p.
1076 5808 108 76 23
1192 5808 48 92 ½
1248 5808 104 72 ͨͫ.
1488 5808 508 92 (Teachers
2052 5808 368 92 college,
2484 5808 480 80 Columbia
3028 5808 544 92 university.
3688 5808 480 80 Contribu-

348 5916 244 76 tions
644 5920 92 72 to
788 5916 520 92 education,
1360 5936 144 56 no.
1552 5916 216 92 449)

484 6024 508 80 Published
1044 6028 200 76 also
1296 6044 104 56 as
1452 6024 296 80 thesis
1796 6024 100 92 (P
1904 6044 72 56 H
1988 6084 16 20 .
2060 6004 124 112 D.)
2256 6024 476 80 Columbia
2792 6024 544 96 university.

484 6132 720 92 Bibliography:
1260 6152 84 72 p.
1400 6132 304 80 93-97.

356 6236 96 92 ©
520 6244 196 76 Oct.
780 6244 136 88 14,
980 6240 264 88 1930;
1316 6236 48 76 2
1372 6264 72 56 c.
1508 6244 216 76 Dec.
1788 6240 156 84 12;
2016 6240 152 80 aff.
2236 6240 88 76 D
2324 6264 104 52 ec
2436 6300 16 16 .
2520 6240 152 92 19;
2748 6240 72 76 A
2884 6240 328 92 32317;
3284 6244 240 76 Teac
3528 6244 56 72 h
3528 6256 52 64 e
3524 6244 220 76 bs
3808 6244 336 88 college

484 6352 480 80 Columbia
1032 6352 252 76 univ.
1416 6348 424 96 (31-660)
3708 6348 284 80 14164

348 6536 72 100 S
432 6532 492 124 chacter,
984 6536 388 120 Harry
1424 6536 168 108 W.

472 6676 596 104 Profitable
1180 6684 684 128 department
1980 6692 280 92 store
2368 6692 788 120 management,
3264 6680 140 132 by
3516 6680 376 132 Harry
3996 6680 168 100 W.

344 6824 512 108 Schacter
920 6828 60 120 …
1124 6824 268 104 with
1468 6864 136 68 an
1676 6828 744 104 introduction
2492 6832 140 128 by
2704 6828 384 132 Philip
3160 6828 152 104 Le
3384 6828 332 104 Bouti
3732 6828 24 96 l
3768 6824 200 100 lier
4036 6828 60 120 …

344 6972 252 108 New
664 6976 304 100 York
1016 6976 216 104 and
1284 6976 488 132 London,
1820 6980 444 132 Harper
2316 6980 88 100 &
2448 6980 524 132 brothers,
3032 6984 288 96 1930.

472 7128 136 76 xii
660 7148 108 72 p.,
824 7132 48 72 1
928 7124 36 72 l
972 7116 36 92 .,
1072 7128 164 80 207
1284 7148 84 76 p.
1424 7128 32 80 i
1460 7152 116 56 nc
1576 7136 36 72 l
1620 7192 16 16 .
1688 7132 320 92 diagr.,
2064 7136 320 76 forms.
2500 7132 216 76 21.

476 7236 312 80 ͨͫFirst
832 7236 432 84 edition."

472 7344 672 96 Bibliography
1192 7352 104 76 at
1348 7352 176 72 end
1584 7348 96 80 of
1732 7364 244 64 most
2032 7348 96 80 of
2184 7352 160 76 the
2400 7348 432 92 chapters

356 7452 92 88 ©
508 7464 216 76 Dec.
772 7460 112 76 23
892 7520 12 24 ,
960 7460 268 92 1930;
1284 7460 132 80 2c.
1472 7464 212 76 Dec.
1736 7460 112 76 29
1880 7484 16 68 ;
1956 7460 156 80 aff.
2164 7464 216 72 Dec.
2436 7460 156 88 27;
2652 7460 76 76 A
2784 7464 104 72 31
2896 7460 56 80 8
2952 7456 156 96 21;
3172 7464 372 92 Harper
3596 7460 68 80 &
3716 7464 56 72 b
3776 7484 44 52 r
3832 7484 96 52 os
3940 7524 16 12 .

504 7568 420 96 (31-843)
3700 7568 284 80 14165

2128 7676 264 104 2207
