4800 8268
296 656 444 100 Mother
800 652 1116 104 Goose-Continued

428 808 108 76 38
540 808 52 72 4
644 824 84 72 p.
844 824 48 60 c
896 808 92 72 ol
992 868 16 16 .
1072 808 44 72 f
1120 824 48 52 r
1172 832 48 48 o
1184 812 60 64 n
1296 816 88 80 t.,
1444 804 272 88 illus.,
1780 804 136 76 col
1912 832 24 44 .
2004 800 332 92 plates.
2448 800 600 92 21½ͨͫ.

428 912 548 80 Illustrated
1028 916 188 88 t.-p.
1276 908 184 80 and
1512 908 664 92 lining-papers
2236 908 92 76 in
2384 908 324 80 colors.

304 1020 96 96 ©
460 1028 244 76 June
756 1024 104 76 15
868 1072 24 44 ,
948 1024 272 88 1930;
1280 1024 52 72 2
1340 1040 44 60 c
1392 1084 20 16 .
1472 1024 248 76 June
1768 1020 52 76 2
1828 1020 52 76 6
1912 1040 16 68 ;
1992 1016 160 80 aff.
2212 1020 248 76 June
2512 1016 160 92 25;
2736 1020 80 76 A
2872 1016 108 76 24
2992 1016 48 80 8
3040 1016 160 92 42;
3268 1016 72 80 C
3340 1040 196 72 upp
3536 1020 28 72 l
3572 1040 96 56 es
3728 1016 72 80 &
3860 1016 128 80 Le
3992 1040 108 56 on

436 1156 48 56 c
488 1156 52 56 o
548 1196 20 20 .
676 1144 128 92 [©
860 1132 632 76 illustrations]
1652 1124 536 100 (30-17308)
3716 1124 168 80 677
3896 1124 48 80 3

288 1312 524 124 Murphy,
876 1304 472 108 Charles
1408 1308 64 104 J
2028 1308 136 104 V.

416 1460 648 128 Parachute,
1132 1460 144 132 by
1348 1460 452 108 Charles
1868 1460 108 104 J.
2044 1460 136 104 V.
2248 1456 492 132 Murphy
2804 1472 68 104 …
3076 1460 268 100 New
3412 1456 348 136 York,
3824 1460 284 104 Lon-

288 1612 244 128 don,
584 1608 132 108 G.
764 1612 128 100 P.
940 1608 568 100 Putnam's
1556 1640 284 104 sons,
1896 1612 288 100 1930.

416 1760 168 80 viii
592 1820 24 36 ,
664 1764 112 76 27
780 1764 48 76 5
884 1784 84 72 p.
1076 1760 48 80 f
1128 1784 48 56 r
1180 1784 52 56 o
1232 1768 164 88 nt.,
1448 1764 328 92 plates,
1832 1768 240 88 port.
2180 1760 564 88 21½ͨͫ.

424 1868 304 84 "First
780 1868 440 84 edition."

304 1972 96 100 ©
476 1984 248 76 June
788 1980 140 96 20,
1000 1984 272 88 1930;
1348 1980 132 80 2c.
1552 1984 192 76 and
1812 1980 160 76 aff.
2048 1984 244 72 June
2360 1980 164 92 21;
2600 1980 80 76 A
2752 1980 168 76 251
2924 1980 56 76 6
2980 1980 104 92 6;
3164 1980 100 80 C.
3340 1980 56 80 J
3404 2040 20 20 .
3500 1980 80 80 V
3584 2040 20 20 .
3680 1980 428 96 Murphy,

436 2092 680 96 Mamaroneck,
1172 2088 108 84 N.
1336 2092 104 76 Y.
1568 2088 540 96 (30-17274)
3724 2084 232 88 6774

284 2240 540 108 National
876 2244 536 104 institute
1468 2248 124 100 of
1648 2244 344 104 social
2044 2240 536 108 sciences.

508 2396 60 112 …
628 2396 472 104 Journal
1180 2396 124 104 of
1376 2396 192 104 the
1644 2396 524 104 National
2248 2396 504 104 institute
2832 2396 124 104 of
3036 2396 332 104 social
3452 2396 460 108 sciences
3984 2396 60 112 …

292 2580 64 68 v
364 2632 20 20 .
488 2552 156 128 14,
740 2548 596 100 December
1432 2552 164 128 31,
1700 2552 288 96 1929.
2124 2548 156 116 [A
2380 2544 560 136 widening
3040 2548 476 128 outlook,
3668 2552 452 128 Boston,

288 2696 364 132 Mass.,
708 2696 124 104 F.
880 2696 172 104 W.
1108 2696 384 104 Faxon
1544 2732 540 96 company
2148 2700 364 124 [ͨ1930]

432 2848 52 80 5
532 2872 84 72 p.
664 2852 84 92 1.,
800 2852 172 76 208
1016 2872 88 72 p.
1208 2848 32 76 i
1244 2852 216 80 llus.
1564 2848 52 76 2
1620 2848 504 88 3½ͨͫ.

300 2944 96 104 ©
456 2960 224 92 May
728 2960 48 76 1
788 2960 48 76 5
848 3020 12 32 ,
920 2960 48 76 1
976 2960 56 76 9
1032 2960 160 92 30;
1252 2960 48 72 2
1304 2980 52 56 c
1364 3020 20 20 .
1440 2960 92 76 M
1540 2980 120 72 ay
1712 2960 160 92 17;
1936 2972 48 68 a
1996 2956 56 76 f
2008 2956 64 76 f
2080 3020 12 16 .
2152 2960 220 92 May
2428 2960 160 88 19;
2648 2960 80 76 A
2784 2960 328 88 22953;
3176 2960 448 80 National
3680 2960 440 84 institute

428 3068 104 80 of
584 3068 288 80 social
928 3068 428 96 sciences,
1412 3068 232 80 New
1692 3068 280 80 York.
3724 3068 228 80 6775

284 3220 540 104 National
880 3220 784 124 organization
1712 3224 188 100 for
1952 3220 372 124 public
2380 3220 396 104 health
2824 3224 520 124 nursing.

432 3372 372 100 Board
856 3368 568 104 members'
1472 3372 484 128 manual,
2012 3368 184 104 for
2244 3368 352 104 board
2648 3372 216 100 and
2924 3372 616 104 committee
3596 3376 472 100 member
4068 3396 48 72 s

296 3516 128 104 of
492 3520 376 132 public
940 3520 376 100 health
1388 3520 464 132 nursing
1924 3520 496 132 services,
2492 3520 552 132 prepared
3116 3524 144 128 by
3332 3520 192 104 the
3596 3520 528 104 National

296 3664 764 136 organization
1124 3664 184 108 for
1364 3668 380 132 public
1800 3668 380 104 health
2240 3668 500 132 nursing,
2800 3668 208 104 inc.
3144 3668 272 104 New
3480 3664 348 136 York,
3892 3664 232 104 The

292 3812 648 108 Macmillan
1000 3848 572 104 company,
1632 3820 292 100 1930.

424 3972 104 80 xi
580 3992 112 76 p.,
748 3976 52 76 2
852 3976 88 92 l.,
996 3976 284 76 3-127
1332 4000 84 72 p.
1532 3972 344 96 diagrs.
2188 3976 560 84 19½ͨͫ.

428 4084 568 92 "Suggested
1060 4084 480 76 reference
1600 4084 388 92 reading
2048 4108 116 52 on
2228 4084 312 92 public
2604 4084 316 76 health
2988 4084 392 88 nursing
3388 4084 44 28 "
3464 4100 24 60 :
3556 4104 84 72 p.
3704 4080 416 80 117-119.

304 4156 96 100 ©
468 4196 244 72 June
772 4192 76 92 3,
908 4192 48 76 1
968 4192 56 76 9
1024 4192 160 92 30;
1244 4196 132 76 2c.
1440 4196 188 76 and
1692 4192 156 80 aff.
1916 4196 244 76 June
2216 4196 108 92 4;
2392 4196 76 72 A
2532 4192 328 92 24265;
2932 4192 548 76 Macmillan
3540 4212 136 56 co.

448 4300 196 92 (30-
664 4304 48 72 1
720 4304 104 76 55
828 4304 160 92 42)
3728 4296 236 88 6776

284 4452 468 128 Naylor,
824 4456 472 104 Charles
1360 4456 484 124 Wesley,
1916 4460 324 104 1871-

420 4600 232 100 The
704 4608 336 96 secret
1088 4600 120 100 of
1256 4600 180 100 the
1484 4600 444 136 singing
1972 4604 348 128 heart,
2368 4604 140 132 by
2564 4604 120 104 C.
2740 4604 168 104 W.
2964 4604 416 132 Naylor
3456 4604 64 108 …
3700 4600 420 100 Ander-

288 4784 224 96 son,
564 4748 64 100 I
628 4748 220 132 nd.,
896 4748 236 104 The
1184 4748 468 104 Warner
1700 4784 300 96 press
2064 4752 56 108 [ͨ
2104 4756 332 128 1930]

416 4900 172 80 206
644 4924 88 72 p.
844 4904 240 80 19ͨͫ.

428 5008 144 84 "It
624 5012 180 80 has
852 5012 228 76 been
1136 5012 160 80 the
1352 5012 420 80 author's
1828 5036 404 72 purpose
2288 5020 96 72 to
2436 5012 556 96 illuminate,
3052 5036 104 56 as
3208 5016 164 76 far
3424 5040 108 56 as
3584 5016 152 80 his
3788 5016 320 92 ability

292 5140 240 72 goes,
584 5120 156 80 the
792 5120 488 80 Christian
1328 5120 472 96 pathway,
1856 5144 104 56 as
2016 5128 212 72 well
2284 5144 104 60 as
2440 5128 96 72 to
2588 5124 264 92 point
2908 5128 160 76 out
3124 5144 252 60 some
3428 5128 100 76 of
3580 5128 160 76 the
3796 5124 328 76 under-

288 5228 260 92 lying
596 5228 504 96 principles
1148 5228 104 80 of
1304 5228 480 80 Christian
1840 5232 172 76 life
2064 5236 184 72 and
2300 5232 628 92 experience."

376 5344 28 84 ©
468 5348 56 72 J
532 5368 60 52 u
596 5368 116 56 ne
772 5344 136 92 18,
976 5344 268 92 1930;
1312 5348 52 72 2
1372 5364 48 56 c
1428 5408 16 12 .
1512 5348 184 72 and
1764 5368 52 52 a
1824 5344 76 76 ff
1904 5408 20 16 .
1988 5348 248 72 June
2296 5344 160 92 23;
2524 5344 84 76 A
2672 5344 328 92 24748;
3076 5344 336 96 Gospel
3476 5344 372 92 trumpe
3856 5348 36 76 t
3956 5364 104 56 co
4076 5404 44 36 .,

436 5452 516 96 Anderson,
1008 5456 200 76 Ind.
1336 5452 540 96 (30-17549)
3728 5452 236 84 6777

288 5608 364 100 Order
704 5612 124 96 of
880 5608 184 108 Sir
1124 5608 544 108 Galahad.

428 5764 236 100 The
724 5760 360 104 Order
1144 5764 124 100 of
1332 5756 184 108 Sir
1580 5760 508 104 Galahad
2152 5760 328 136 guide
2540 5760 392 132 books;
3004 5800 60 64 a
3124 5764 328 100 series
3512 5764 124 100 of
3692 5756 440 140 helpful

292 5912 636 104 handbooks
1012 5912 180 104 for
1268 5912 420 104 leaders
1768 5912 216 104 and
2064 5912 296 128 boys.
2504 5912 200 100 No.
2792 5920 92 96 5.
2964 5912 588 100 Initiation
3632 5908 236 104 into
3944 5912 188 104 the

292 6060 208 104 five
580 6064 448 132 degrees
1104 6064 64 108 …
1376 6064 452 132 Boston,
1904 6064 368 132 Mass.,
2356 6064 232 100 The
2672 6056 360 108 Order
3112 6064 124 100 of
3324 6060 184 108 Sir
3588 6056 544 136 Galahad,

288 6208 204 104 inc.
592 6208 120 112 [ͨ
640 6220 184 92 193
836 6216 60 96 0
904 6272 24 68 ]

432 6364 112 84 96
596 6388 80 72 p.
788 6364 292 80 front.
1192 6364 504 84 17ͨͫ
1388 6388 24 48 .

304 6468 96 88 ©
460 6476 208 76 Jan.
724 6476 132 88 14,
908 6472 272 92 1930;
1240 6476 132 80 2c.
1424 6476 188 76 and
1664 6472 96 96 af
1748 6472 52 76 f
1804 6536 16 16 .
1880 6472 216 84 Feb.
2148 6476 160 92 28;
2364 6472 80 76 A
2500 6472 324 92 20004;
2888 6472 448 76 National
3388 6472 364 80 council
3804 6476 100 72 of
3984 6472 180 96 the

436 6580 296 84 Order
772 6584 100 76 of
924 6584 152 80 Sir
1124 6584 452 92 Galahad,
1628 6580 176 84 inc.
3728 6580 228 84 6778

288 6736 404 124 Panse,
752 6736 460 124 Rudolf,
1284 6748 320 96 1863-

416 6884 356 104 Neues
824 6884 56 104 f
880 6888 76 92 ü
964 6920 56 64 r
1076 6888 212 100 den
1340 6884 708 132 praktischen
2100 6888 324 128 hals-,
2480 6920 416 100 nasen-,
2948 6888 616 132 ohrenarzt,
3620 6920 216 68 von
3892 6892 212 100 Ru-

292 7032 240 104 dolf
600 7036 356 100 Panse
1040 7036 68 112 …
1220 7036 204 100 mit
1496 7044 128 92 36
1696 7036 740 132 abbildungen
2504 7036 152 100 im
2720 7044 268 92 text.
3128 7036 496 132 Leipzig,
3696 7036 120 108 C.
3880 7036 112 96 K
4004 7068 108 68 a-

284 7180 452 132 bitzsch,
796 7192 288 100 1930.

420 7340 104 76 71
580 7360 88 72 p.
776 7336 36 76 i
816 7340 68 72 ll
892 7360 136 60 us.
1140 7340 728 84 22ͨͫ.

304 7436 96 96 ©
456 7448 212 80 Jan.
716 7448 80 92 1,
844 7448 112 76 19
956 7448 112 80 30
1096 7468 20 72 ;
1172 7448 48 76 1
1204 7452 96 76 c.
1352 7448 220 92 Apr.
1620 7448 104 92 2;
1780 7448 600 92 A-Foreign
2428 7448 108 80 72
2540 7448 52 80 9
2596 7448 108 92 7;
2764 7448 232 80 Curt
3048 7448 536 80 Kabitzsch.

448 7552 536 96 (30-17394)
3704 7552 228 84 6779

2072 7664 264 96 1033
