4752 8320
532 644 560 104 Dornach.
1240 640 824 104 Goetheanum.
2208 640 124 96 M
2336 632 180 104 edi
2512 656 64 76 z
2580 628 412 108 inische
3064 624 1192 112 sektion-Continued

664 832 108 76 82
848 848 108 72 p.,
1036 832 52 72 l
1164 824 24 72 l
1204 884 48 32 .,
1340 864 20 56 [
1364 824 108 80 16
1480 860 20 60 ]
1580 844 112 72 p.,
1768 824 52 72 2
1896 824 56 72 1.
2064 820 308 88 plates
2428 820 92 88 (2
2600 836 48 56 c
2652 836 48 56 o
2708 816 104 92 l.)
2964 812 224 80 23ͨͫ.
3344 808 108 96 (S
3460 828 44 56 c
3512 804 620 80 hriftenreihe
4212 808 164 76 der

532 940 384 88 Natura,
980 936 140 88 IV)

664 1076 48 32 "
724 1072 128 76 Vo
860 1092 132 56 rw
1000 1092 48 56 o
1056 1068 144 84 rt"
1264 1068 372 92 signed:
1700 1068 160 76 Dr.
1928 1064 232 80 med.
2232 1064 84 80 It
2328 1084 44 52 a
2440 1064 476 88 Wegman.

668 1180 620 76 "Schneewitt
1280 1188 52 64 c
1348 1180 56 72 h
1412 1196 140 68 en,
1624 1196 48 56 e
1684 1176 20 72 i
1712 1196 56 56 n
1840 1172 252 80 märc
2100 1172 60 72 h
2168 1168 376 96 enspiel,
2612 1188 108 56 vo
2724 1192 64 52 n
2860 1168 420 76 Theodor
3356 1168 328 84 Storm,
3756 1180 160 76 erg
3916 1164 60 76 ä
3988 1168 148 72 nzt
4208 1180 172 56 von

528 1292 376 76 Johann
908 1312 48 52 a
1020 1292 268 80 Russ,
1344 1284 308 80 musik
1700 1304 176 56 von
1928 1284 428 76 Edmund
2408 1276 120 76 Pr
2536 1296 52 56 a
2596 1276 268 80 cht":
2920 1276 48 76 1
3024 1280 84 84 l.,
3200 1284 8 8 [
3208 1276 96 76 16]
3384 1292 84 72 p.

668 1400 192 76 "Ne
872 1416 52 56 u
932 1420 48 56 e
1024 1392 712 80 musikinstrum
1748 1412 44 56 e
1796 1396 160 72 nte
2004 1408 172 60 aus
2224 1396 168 72 der
2440 1384 1036 92 arbeitsgemeinschaft
3528 1384 348 76 Lothar
3928 1384 128 76 Ga
4072 1384 312 76 ertner

540 1512 176 76 und
784 1508 424 76 Edmund
1268 1500 344 80 Pracht
1676 1508 232 84 [von]
1980 1500 428 76 Edmund
2472 1496 236 76 Prac
2712 1496 56 72 h
2776 1500 40 76 t
2896 1508 60 84 …
3092 1492 304 92 Basel,
3464 1492 72 76 B
3548 1492 632 76 uchdruckere
4188 1488 32 76 i
4280 1492 100 76 E.

532 1620 76 76 B
616 1604 32 88 i
656 1616 216 88 rkhä
896 1636 60 56 u
968 1636 144 56 ser
1164 1616 72 76 &
1284 1612 80 76 ci
1376 1628 100 72 e.,
1528 1608 332 80 1929":
1916 1612 52 76 6
2020 1628 80 72 p.
2160 1604 408 80 inserted
2620 1604 276 80 loose.

552 1740 92 96 ©
708 1756 212 76 Jan.
976 1756 76 84 1,
1112 1748 104 80 19
1224 1752 48 76 3
1280 1748 104 92 0;
1444 1748 40 72 1
1500 1772 44 48 c
1556 1808 12 16 .
1632 1748 152 72 Ma
1800 1768 68 56 r.
1924 1748 48 76 7
2008 1764 20 72 ;
2092 1740 592 92 A-Foreign
2744 1736 272 96 6829;
3084 1736 1012 80 Orient-Occident-ver
4092 1740 28 76 l
4128 1748 156 80 ag.

700 1860 540 96 (30-32143)
3924 1840 288 84 13031

544 2084 408 120 Eager,
1016 2080 452 108 Samuel
1536 2080 564 120 Watkins,
2172 2088 328 96 1900-

676 2248 516 104 Bender's
1244 2252 344 96 forms
1636 2248 180 100 for
1860 2248 180 104 the
2096 2240 776 112 Consolidated
2920 2244 264 104 laws
3232 2240 116 100 of
3400 2240 180 104 the
3628 2248 280 96 state
3956 2240 124 96 of
4132 2236 260 100 New

544 2400 344 128 York,
956 2396 268 104 with
1288 2396 708 132 explanation
2068 2404 300 96 notes
2436 2396 216 100 and
2720 2428 284 68 cross
3076 2392 596 100 references
3740 2388 140 136 by
3952 2384 440 108 Samuel

540 2552 168 100 W.
772 2552 364 128 Eager
1224 2556 68 108 …
1468 2548 220 100 For
1748 2580 184 68 use
1988 2540 272 104 with
2320 2540 724 132 McKinney's
3104 2536 776 112 Consolidated
3952 2536 260 104 laws
4276 2532 120 104 of

544 2708 268 100 New
896 2704 344 116 York,
1320 2704 588 100 annotated
1980 2716 68 104 …
2264 2736 96 64 v.
2448 2708 84 92 1.
2676 2696 484 132 Albany,
3236 2696 136 104 N.
3456 2696 172 132 Y.,
3708 2692 264 104 New
4052 2692 352 128 York,

552 2860 128 100 N.
748 2860 172 112 Y.,
976 2860 124 96 M
1108 2936 20 20 .
1192 2856 436 100 Bender
1688 2860 80 92 &
1832 2884 572 100 company,
2460 2848 808 132 incorporated,
3328 2852 288 96 1930.

692 3008 256 96 xviii,
1008 3012 168 76 683
1228 3032 80 72 p.
1424 3008 228 80 24ͨͫ.

560 3144 96 96 ©
716 3152 232 76 Nov.
1004 3148 48 76 8
1060 3208 16 20 .
1140 3148 268 84 1930;
1472 3152 12 24 2
1528 3172 44 52 c
1584 3212 16 12 .
1660 3148 184 76 and
1904 3144 160 84 aff.
2124 3144 224 80 Nov.
2408 3140 160 96 10;
2632 3144 80 76 A
2768 3140 332 92 31151;
3164 3140 460 80 Matthew
3684 3140 372 76 Bender
4108 3152 68 72 &
4240 3160 156 64 co.,

692 3260 172 80 inc.
1000 3256 28 96 (
1044 3256 112 80 30
1160 3256 380 96 -32317)
3936 3244 292 84 13032

560 3508 16 64 [
600 3440 456 124 Emery,
1128 3440 484 132 Carlyle,]
1696 3448 328 96 1891-

680 3612 568 136 Cordially
1308 3648 380 92 yours;
1752 3612 252 100 nine
2060 3648 312 100 years
2432 3616 120 100 of
2604 3612 388 136 living,
3044 3612 140 104 by
3244 3616 180 100 the
3484 3608 428 132 Village
3964 3628 64 92 r
4032 3608 360 136 hyme-

544 3796 44 68 s
600 3776 100 92 te
700 3800 60 60 r
824 3832 28 64 [
860 3760 408 136 pseud.,
1408 3764 164 104 St.
1632 3760 364 132 Louis,
2052 3764 408 132 Emery
2520 3760 644 132 publishing
3220 3796 536 100 company
3828 3764 264 96 [193
4100 3768 96 128 0],

680 3928 48 76 3
788 3948 80 72 p.
936 3924 84 92 l.,
1092 3964 20 60 [
1116 3924 284 100 9]-63,
1468 3928 108 96 [1]
1640 3944 84 72 p.
1844 3920 100 80 ill
1956 3944 52 56 u
2020 3940 68 64 s.
2140 3928 28 88 (
2188 3920 32 80 i
2224 3924 120 88 nc
2340 3928 28 72 l
2380 3988 16 16 .
2456 3928 284 88 port.)
2872 3928 52 72 2
2932 3924 480 88 0ͨͫ
3076 3948 20 48 .

684 4064 348 80 Poems.

688 4172 308 76 "First
1056 4168 500 96 printing."

568 4300 96 100 ©
720 4308 80 80 N
808 4328 48 56 o
872 4332 48 52 v
928 4368 20 20 .
1000 4308 132 92 15,
1188 4308 272 88 1930;
1516 4304 52 68 2
1576 4332 44 56 c
1628 4372 20 16 .
1700 4308 184 80 and
1940 4332 52 56 a
2000 4300 96 80 ff.
2152 4308 84 76 N
2244 4328 112 60 ov
2368 4368 16 20 .
2436 4308 104 76 21
2580 4328 20 68 ;
2660 4308 76 76 A
2788 4304 328 96 31170;
3184 4308 340 92 Emery
3576 4308 216 96 pub.
3844 4328 132 60 co.

716 4416 208 96 (30-
928 4420 52 76 3
984 4416 268 100 2160)
3940 4416 292 84 13033

556 4600 668 124 Engineers'
1288 4604 432 120 society
1784 4604 124 100 of
1968 4608 488 96 western
2520 4604 876 124 Pennsylvania,
3460 4608 92 100 P
3560 4604 88 104 it
3660 4616 96 96 ts
3768 4608 136 100 bu
3908 4640 132 100 rg
4052 4608 60 100 h
4132 4688 20 16 .

688 4772 708 132 Pittsburgh;
1472 4776 968 132 commemorating
2508 4776 180 104 the
2764 4776 408 104 fiftieth
3252 4776 708 140 anniversary
4036 4772 120 108 of
4228 4776 180 100 the

556 4924 636 132 Engineers'
1248 4924 404 136 society
1700 4924 120 104 of
1872 4940 456 92 western
2388 4928 840 132 Pennsylvania.
3360 4924 728 136 [Pittsburgh,
4148 4920 260 108 Cra-

552 5108 228 72 mer
832 5072 504 132 printing
1396 5072 80 92 &
1532 5072 644 136 publishing
2232 5112 572 96 company,
2880 5084 288 96 1930.

688 5228 256 96 xxvi,
996 5228 172 76 416
1220 5252 80 72 p.
1364 5228 144 80 inc
1516 5232 28 72 l
1556 5292 12 16 .
1636 5232 136 76 col
1776 5256 20 44 ,
1856 5228 320 96 front.,
2240 5232 244 80 illus.
2604 5252 56 72 p
2664 5232 24 72 l
2708 5292 40 32 .,
2808 5252 268 72 maps
3128 5232 260 96 (part
3452 5232 276 92 fold.)
3856 5232 280 96 23½ͨͫ.

692 5364 192 92 "By
944 5372 664 84 arrangement
1664 5368 228 76 with
1952 5372 184 76 and
2196 5372 432 88 courtesy
2692 5372 96 76 of
2852 5372 156 76 the
3064 5368 552 92 Pittsburgh
3680 5368 356 80 section
4092 5372 100 76 of
4260 5372 152 76 the

556 5476 496 76 American
1116 5476 440 76 institute
1624 5480 96 72 of
1788 5476 356 92 mining
2212 5480 184 76 and
2472 5476 692 92 metallurgical
3232 5480 512 92 engineers,
3820 5480 300 76 which
4196 5480 216 92 pub-

556 5580 304 84 lished
916 5584 72 76 it
1052 5584 44 76 f
1100 5604 48 60 o
1160 5608 44 52 r
1260 5588 32 76 t
1304 5588 56 72 h
1372 5604 48 60 e
1480 5588 272 76 134th
1812 5588 376 88 general
2248 5588 404 92 meeting
2712 5588 96 76 in
2872 5588 424 88 October,
3356 5588 248 92 1926,
3664 5592 184 72 and
3912 5592 160 72 the
4132 5588 284 76 Pitts-

556 5696 300 88 burgh
924 5692 352 80 section
1344 5696 96 76 of
1508 5696 156 76 the
1728 5692 496 80 American
2288 5696 352 92 society
2712 5696 96 76 of
2880 5696 260 76 mech
3148 5696 48 68 a
3208 5696 240 76 nical
3524 5696 512 92 engineers,
4108 5696 304 76 which

564 5804 356 76 revised
968 5804 184 76 and
1192 5804 444 88 enlarged
1680 5804 72 76 it
1792 5804 152 76 for
1988 5808 160 72 the
2188 5800 324 96 spring
2552 5804 404 92 meeting
3000 5804 92 76 in
3140 5808 244 88 May,
3432 5804 244 88 1928,
3724 5804 192 80 this
3956 5804 216 76 broc
4180 5796 56 72 b
4252 5824 160 60 ure

556 5932 116 56 on
728 5912 552 92 Pittsburgh
1332 5916 188 72 and
1576 5912 24 76 i
1612 5916 88 72 ts
1748 5936 84 52 w
1836 5932 48 56 o
1896 5928 48 56 r
1944 5912 64 76 k
2064 5912 168 80 has
2288 5912 228 76 been
2568 5912 376 76 further
3004 5912 364 76 revised
3420 5916 184 72 and
3656 5912 372 96 printed
4088 5916 112 92 by
4256 5916 160 76 the

560 6020 536 96 Engineers'
1160 6020 352 92 society
1568 6020 100 76 of
1724 6024 404 72 western
2188 6020 688 88 Pennsylvania
2936 6020 56 84 …
3160 6020 228 76 This
3448 6024 456 76 brochure
3964 6040 192 60 was
4220 6044 192 72 pre-

560 6152 56 72 p
624 6152 44 56 a
684 6132 160 76 red
908 6132 112 92 by
1092 6132 124 76 Al.
1284 6132 132 76 W.
1484 6152 180 56 von
1732 6128 988 80 Bernewitz."-Pref.

692 6240 452 80 Contains
1212 6236 756 96 bibliographies.

576 6376 92 92 ©
728 6384 224 80 Nov.
1012 6384 132 84 14,
1200 6380 268 92 1930;
1528 6380 136 80 2c.
1716 6380 228 80 Nov.
1996 6380 164 88 22;
2220 6380 164 80 aff.
2440 6380 228 76 Nov.
2724 6376 156 92 21;
2944 6380 84 72 A
3076 6376 332 92 31249;
3476 6380 528 92 Engineers'
4076 6400 40 56 s
4124 6396 72 60 oc
4236 6440 20 16 .
4312 6380 96 76 of

704 6500 396 72 western
1176 6488 720 96 Pennsylvania.
2032 6488 536 96 (30-32005)
3944 6484 292 84 13034

568 6672 456 124 Ergebn
1036 6672 32 100 i
1080 6704 180 72 sse
1348 6680 192 100 der
1620 6676 552 128 chirurgie
2256 6688 148 88 un
2408 6680 72 100 d
2564 6708 60 68 o
2632 6664 364 140 rthopä
3040 6676 64 100 d
3120 6676 148 128 ie;
3360 6676 292 132 hrsg.
3736 6712 216 64 von
4032 6676 384 100 Erwin

700 6828 300 128 Payr
1088 6836 68 104 …
1284 6828 576 104 Hermann
1940 6828 152 96 Kü
2068 6832 108 92 nt
2184 6828 40 88 I
2236 6864 192 68 ner
2512 6836 68 104 …
2772 6832 60 92 2
2844 6832 88 92 3.
3012 6824 68 100 b
3088 6828 64 96 d
3172 6908 20 16 .
3336 6824 400 136 Redigi
3748 6864 52 64 e
3808 6836 108 92 rt
3988 6864 68 60 v
4064 6860 60 64 o
4128 6864 72 64 n
4284 6828 128 96 E.

700 6980 296 132 Payr
1084 6984 68 104 …
1332 6976 416 108 Berlin.
1808 6980 104 100 J.
1984 6972 572 140 Springer,
2620 6984 188 92 193
2820 6980 60 96 0
2892 7056 16 20 .

700 7136 56 72 2
808 7156 80 72 p.
952 7132 80 96 l.,
1092 7132 156 72 780
1304 7156 56 68 p
1364 7164 16 40 .
1504 7136 100 72 ill
1616 7152 56 56 u
1680 7152 96 72 s.,
1836 7136 324 88 tables,
2216 7128 272 96 diagr
2492 7152 40 56 s
2544 7192 20 16 .
2684 7132 48 76 2
2740 7128 56 72 6
2836 7136 68 68 ͨͫ.

712 7272 448 76 Contains
1220 7268 756 96 bibliographies.

576 7396 96 88 ©
748 7404 228 92 Aug.
1044 7408 52 76 2
1104 7404 48 76 3
1156 7444 20 40 ,
1256 7404 264 84 1930;
1600 7412 128 76 1c. ID=
1796 7404 200 80 Oct.
2068 7408 156 88 14;
2300 7404 604 92 A-Foreign
2968 7404 56 80 9
3028 7404 56 80 6
3080 7408 52 76 3
3140 7408 48 76 5
3220 7428 20 72 ;
3320 7404 320 80 Julius
3712 7404 464 96 Springer.

3944 7512 288 84 13035

2348 7620 264 96 2022
