4920 8252
640 712 512 128 Perkins,
1216 716 572 128 Clarence,
1856 720 252 104 1878
2112 784 72 12 –

780 868 184 104 An
1020 872 424 100 outline
1496 872 484 132 analysis
2036 872 124 104 of
2216 872 188 100 the
2456 868 428 136 history
2944 868 124 104 of
3124 868 456 100 modern
3640 864 480 132 Europe,
4188 868 260 96 1815
4452 924 64 12 –

648 1024 288 124 1929,
1040 1024 144 132 by
1284 1024 524 100 Clarence
1916 1020 468 104 Perkins
2480 1024 72 108 …
2760 1016 388 108 Grand
3256 1016 392 132 Forks,
3756 1016 132 100 N.
3996 1012 176 128 D.,
4276 1012 236 100 The

640 1176 428 128 author,
1128 1176 288 100 1929.

764 1324 108 76 32
936 1344 84 72 p.
1136 1324 452 84 23ͨͫ.

768 1432 452 76 Contains
1284 1432 704 80 "References".

640 1536 96 96 ©
800 1544 216 80 Dec.
1076 1544 132 92 23,
1268 1540 272 96 1929;
1604 1544 48 72 2
1660 1556 44 68 c
1720 1604 16 16 .
1796 1544 184 76 and
2040 1544 160 80 aff.
2264 1544 212 80 Jan.
2536 1544 76 92 6,
2676 1540 272 96 1930;
3012 1540 84 76 A
3156 1540 328 92 17723;
3556 1540 68 80 C
3628 1540 28 76 l
3668 1560 336 56 arence
4068 1540 68 72 P
4140 1556 52 68 e
4200 1532 288 96 rkins,

776 1652 316 76 Grand
1152 1652 324 92 Forks,
1536 1652 108 76 N.
1704 1652 108 76 D.
1944 1648 488 96 (30-5268)
4104 1640 228 84 1098

636 1828 568 100 Pinkham
1260 1860 360 96 press,
1680 1836 452 100 Boston.

764 1976 96 104 O
872 1976 36 100 l
916 1976 68 104 d
1068 1976 308 108 Sudb
1388 2016 68 64 u
1464 2012 184 100 ry;
1728 1988 52 92 t
1780 1980 136 104 he
1992 1980 396 100 second
2464 1980 116 100 in
2660 2016 64 64 a
2800 1980 328 104 series
3204 1976 124 104 of
3408 1980 632 132 portrayals
4120 1972 124 104 of
4316 1972 108 100 ol
4432 1972 72 100 d

624 2128 268 100 New
956 2128 528 132 England
1548 2140 404 120 towns;
2024 2128 628 104 illustrated
2716 2128 272 104 with
3052 2128 840 132 reproductions
3952 2124 128 104 of
4144 2124 360 132 pencil

624 2276 492 108 sketches
1188 2276 296 104 from
1556 2280 184 100 the
1812 2276 480 136 original
2364 2280 564 104 domiciles
2996 2276 292 104 built
3356 2276 116 104 in
3540 2280 192 100 the
3796 2276 704 104 seventeenth

628 2432 212 100 and
960 2428 632 132 eighteenth
1712 2428 568 104 centuries.
2468 2432 452 128 Boston,
3032 2428 372 128 Mass.,
3520 2424 564 104 Pinkham
4200 2460 304 100 press

632 2584 372 124 [ͨ1929]

752 2740 116 76 48
924 2760 84 76 p.
1068 2740 96 76 in
1172 2764 44 52 c
1224 2744 28 72 l
1264 2800 16 20 .
1340 2740 316 92 front.,
1720 2740 104 76 ill
1832 2756 60 60 u
1900 2756 72 60 s.
2084 2740 596 84 22ͨͫ.

640 2840 96 88 ©
808 2848 228 80 Nov.
1108 2848 132 96 26,
1316 2848 268 88 1929;
1656 2848 100 80 2c
1772 2912 16 12 .
1860 2848 212 80 Feb.
2148 2852 132 88 13,
2356 2848 40 76 1
2412 2852 56 76 9
2464 2848 164 88 30;
2704 2848 160 76 aff.
2940 2848 216 80 Feb.
3228 2848 160 92 12;
3468 2848 72 76 A
3616 2844 332 92 19519;
4024 2844 244 84 Pink
4268 2852 60 76 h
4340 2868 152 56 am

760 2976 292 76 press.
1184 2956 484 96 (30-5231)
4096 2948 228 84 1099

632 3112 348 100 Porto
1040 3108 304 104 Rico.
1488 3116 540 128 Supreme
2088 3120 340 96 court.

768 3264 344 104 Porto
1164 3264 272 104 Rico
1492 3276 460 116 reports.
2100 3296 96 68 v.
2256 3268 156 96 35.
2564 3260 328 108 Cases
2944 3260 564 136 adjudged
3568 3264 116 100 in
3732 3264 188 104 the
3976 3260 532 132 Supreme

632 3428 312 88 court
1004 3448 60 64 o
1088 3416 40 96 f
1188 3416 340 104 Porto
1592 3416 304 116 Rico,
1964 3412 292 100 from
2320 3412 92 100 F
2424 3412 468 136 ebruary
2956 3416 96 128 3,
3120 3416 292 132 1926,
3472 3428 112 92 to
3648 3412 276 136 July
3984 3416 164 128 31,
4216 3416 292 96 1926.

628 3564 488 128 Joaquín
1188 3560 360 132 López
1624 3564 320 108 Cruz,
2012 3572 1156 124 secretary-reporter;
3240 3564 480 132 Raleigh
3788 3564 124 100 F.
3984 3560 524 132 Haydon,

628 3716 516 104 assistant
1200 3728 524 116 reporter.
1876 3712 224 108 San
2156 3712 336 136 Juan,
2548 3716 340 100 Porto
2944 3712 304 108 Rico.
3304 3716 440 96 Bureau
3800 3712 128 104 of
3976 3712 528 132 supplies,

628 3864 540 136 printing,
1224 3868 212 100 and
1500 3864 912 132 transportation,
2476 3868 288 100 1929.

760 4024 124 88 x],
948 4020 220 80 1015
1232 4044 80 72 p.
1432 4020 556 88 24ͨͫ.

680 4132 60 88 ©
800 4132 208 76 Jan.
1076 4132 52 72 3
1136 4132 76 92 1,
1280 4132 108 72 19
1388 4136 20 72 3
1448 4132 60 72 0
1532 4152 16 64 ;
1620 4132 48 72 2
1672 4148 48 60 c
1736 4192 16 16 .
1820 4132 184 72 and
2072 4132 92 72 af
2164 4136 36 72 f
2216 4192 16 20 .
2300 4132 216 80 Feb.
2584 4132 160 92 18:
2848 4132 40 72 A
2964 4132 120 92 18
3076 4132 48 72 8
3132 4136 64 76 0
3180 4136 64 72 4
3276 4152 16 48 :
3368 4132 300 92 Joaqu
3676 4128 36 76 í
3716 4152 60 52 n
3844 4140 72 68 L
3916 4140 60 72 ó
3984 4152 164 72 pez
4216 4132 268 92 Cruz,

764 4236 232 84 sec
924 4260 40 52 r
968 4248 136 72 eta
1136 4260 40 52 r
1172 4248 48 68 y
1248 4236 504 84 -reporter
1780 4240 104 76 of
1956 4240 156 80 the
2192 4240 388 92 Suprem
2592 4272 44 36 e
2716 4236 252 84 court
3056 4240 108 72 of
3236 4240 228 76 Port
3472 4260 52 60 o
3600 4240 256 92 Rico,
3940 4240 188 80 San
4208 4236 120 84 Ju
4340 4260 148 68 an,

760 4348 72 76 P
836 4368 52 60 o
896 4352 152 76 rto
1100 4348 256 80 Rico.
4096 4344 228 84 1100

628 4504 656 120 Pottenger,
1344 4504 480 100 Francis
1876 4500 480 124 Marion,
2416 4500 340 112 1869–

764 4656 640 132 Symptoms
1496 4656 124 100 of
1704 4692 68 64 v
1784 4656 88 100 is
1880 4692 52 64 c
1940 4692 180 64 era
2132 4660 36 96 l
2256 4656 520 124 disease;
2916 4660 60 92 a
3036 4660 360 120 study
3396 4656 128 100 of
3612 4676 32 80 t
3660 4660 72 96 h
3644 4672 40 76 e
3880 4692 128 64 ve
4016 4656 484 132 getative

628 4840 464 68 nervous
1184 4820 404 120 system
1680 4804 116 104 in
1892 4804 140 108 its
2124 4804 732 132 relationship
2952 4824 108 84 to
3160 4804 440 104 clinical
3692 4804 572 140 medicine,
4356 4812 144 128 by

628 4956 460 104 Francis
1148 4956 448 104 Marion
1652 4956 604 132 Pottenger
2332 4960 64 108 …
2588 4956 188 100 4th
2844 4956 204 128 ed.,
3112 4956 264 100 with
3444 4956 760 132 eighty-seven
4264 4964 236 100 text

632 5108 732 104 illustrations
1416 5108 216 100 and
1688 5120 180 88 ten
1920 5112 300 96 color
2268 5112 388 124 plates.
2808 5104 160 108 St.
3024 5108 372 132 Louis,
3448 5108 236 104 The
3740 5112 120 100 C.
3920 5104 132 108 V.
4108 5104 392 140 Mosby

628 5292 572 100 company,
1260 5260 284 100 1930.

748 5412 168 76 426
972 5436 80 72 p.
1172 5412 276 92 illus.,
1508 5436 44 52 c
1560 5436 48 52 o
1620 5416 56 76 l.
1732 5416 332 92 plates,
2124 5412 224 96 diag
2352 5432 48 56 r
2404 5428 72 60 s.
2588 5412 560 84 24ͨͫ.

752 5520 676 96 Bibliography
1476 5524 100 72 at
1628 5524 180 72 end
1856 5520 108 76 of
2008 5528 244 72 most
2304 5524 104 72 of
2456 5524 152 72 the
2664 5524 460 92 chapters.

632 5620 96 104 ©
780 5632 212 80 Jan.
1044 5632 132 92 17,
1232 5632 120 88 19
1340 5628 112 80 30
1484 5652 16 68 ;
1556 5632 52 72 2
1612 5644 76 64 c,
1740 5632 216 80 Jan.
2004 5632 164 88 24;
2224 5652 52 56 a
2284 5628 56 76 f
2308 5632 76 76 f.
2436 5632 212 76 Jan.
2700 5628 164 96 20;
2920 5632 80 76 A
3052 5632 328 92 19503;
3444 5632 96 80 C.
3596 5636 104 76 V.
3756 5636 328 76 Mosby
4136 5656 48 56 c
4192 5656 76 60 o.

776 5736 488 100 (30-5029)
4092 5740 224 84 1101

620 5892 472 124 Preedy,
1152 5892 476 124 George.

748 6044 232 100 The
1068 6040 468 132 prince's
1620 6048 204 100 dar
1832 6044 36 100 l
1880 6040 224 136 ing,
2192 6048 148 132 by
2424 6048 432 132 George
2944 6048 432 132 Preedy
3448 6048 72 108 …
3776 6052 268 104 New
4136 6048 344 112 York,

612 6192 364 132 Dodd,
1024 6192 332 100 Mead
1412 6200 88 96 &
1552 6228 576 96 company,
2192 6200 284 100 1930.

748 6348 168 76 viii
968 6372 112 72 p.,
1136 6352 48 72 1
1236 6352 88 88 1.,
1376 6348 168 76 362
1592 6372 84 72 p.
1788 6348 580 84 19½ͨͫ.

700 6456 24 84 ©
788 6460 208 80 Jan.
1056 6460 80 88 4,
1196 6456 272 96 1930;
1532 6460 48 72 2
1592 6484 44 56 c
1644 6524 20 16 .
1724 6460 212 80 Jan.
2000 6460 156 92 11;
2224 6460 152 80 aff.
2444 6460 212 76 Jan.
2720 6460 156 92 13;
2944 6460 72 76 A
3084 6460 328 92 18758;
3484 6464 296 88 Dodd,
3844 6464 152 76 Me
4000 6480 52 60 a
4064 6468 56 72 d
4184 6464 68 76 &
4316 6484 44 56 c
4368 6484 48 56 o
4432 6524 40 32 .,

752 6568 176 80 inc.
1064 6568 204 92 (30-
1272 6588 52 68 5
1336 6568 212 84 169)
4088 6564 228 88 1102

616 6720 536 120 Reynard
1212 6720 196 100 the
1464 6720 276 104 Fox.
1884 6720 512 132 English.

748 6868 520 132 Reynard
1332 6872 188 100 the
1588 6876 272 108 Fox,
1928 6868 356 104 retold
2352 6872 216 100 and
2640 6872 264 100 with
2980 6912 140 64 an
3184 6876 756 100 introduction
4008 6876 144 112 by
4228 6876 244 104 Sid-

616 7052 200 84 ney
884 7020 132 104 G.
1088 7016 492 124 Firman,
1644 7020 632 104 illustrated
2340 7024 148 128 by
2556 7020 600 104 Frederick
3224 7020 728 104 Richardson.
4096 7024 380 104 Phila-

612 7168 484 128 delphia,
1156 7164 488 132 Chicago
1720 7180 268 120 [etc.]
2052 7172 236 100 The
2348 7168 300 108 John
2716 7172 120 104 C.
2896 7168 520 108 Winston
3480 7204 544 100 company
4092 7172 376 128 [ͨ1929]

752 7320 120 76 ix.
952 7320 112 80 86
1136 7344 84 72 p.
1364 7324 164 76 col.
1604 7324 320 84 front.,
2004 7324 276 92 illus.,
2360 7328 164 76 col.
2600 7344 60 72 p
2664 7324 28 72 l
2704 7384 20 20 .
2868 7324 560 80 21ͨͫ.
3244 7364 20 56 [
3268 7328 76 76 T
3352 7332 56 72 h
3420 7348 48 56 e
3544 7328 328 76 child's
3948 7328 352 92 garden
4380 7328 100 76 of

612 7432 488 92 charming
1148 7432 372 80 books]

624 7532 92 88 ©
796 7540 244 80 June
1112 7540 132 92 12,
1320 7540 268 88 1929;
1664 7540 132 80 2c.
1872 7544 212 76 Feb.
2160 7544 132 92 14,
2368 7540 272 92 1930;
2720 7540 160 80 aff.
2956 7540 212 84 Feb.
3248 7544 156 92 13;
3484 7544 80 76 A
3636 7544 328 88 18683;
4048 7540 244 80 John
4368 7540 100 80 C.

752 7648 432 80 Winston
1236 7672 132 60 co.
1500 7648 484 96 (30-5279)
4076 7644 232 84 1103

2416 7748 196 108 172
