4800 8268
568 708 412 124 Smith,
1036 708 384 124 Byron
1480 712 152 100 Ca
1640 708 32 100 l
1684 708 1096 104 dwell-Continued

704 860 280 80 "This
1048 860 356 84 edition
1472 864 80 76 is
1620 860 360 80 limited
2052 868 92 72 to
2216 884 168 56 one
2452 864 468 76 thousand
2996 860 504 76 numbered
3572 860 308 96 copies
3952 864 100 76 of
4120 860 304 80 which

568 992 172 60 one
796 972 424 76 hundred
1288 992 160 56 are
1508 972 372 92 printed
1944 992 116 56 on
2124 972 352 92 special
2536 992 116 72 pa
2660 992 164 68 per
2888 972 180 76 and
3136 968 344 92 special
3548 968 412 96 binding.
4084 992 136 56 no.
4288 972 136 80 3."

704 1084 168 76 "In
932 1100 48 60 a
1052 1084 352 72 former
1468 1080 380 92 edition,
1916 1080 492 92 published
2476 1080 112 88 by
2656 1080 160 76 the
2880 1076 100 76 M
2984 1096 52 60 a
3048 1096 44 60 c
3100 1076 124 80 mi
3236 1080 60 72 ll
3308 1096 116 60 an
3496 1096 452 76 company
4016 1076 92 80 in
4180 1080 244 92 1919,

568 1192 296 76 under
920 1192 160 76 the
1136 1192 212 76 title
1400 1192 196 76 The
1652 1184 552 96 professor's
2264 1184 440 92 love-life,
2772 1188 280 76 letter
3056 1208 40 48 s
3160 1184 100 80 of
3320 1188 372 88 Ronsby
3760 1188 256 76 Mald
4028 1208 44 52 e
4076 1188 348 92 lewith,

568 1316 316 60 names
964 1300 100 76 of
1136 1300 324 88 people
1536 1300 184 76 and
1796 1300 312 88 places
2192 1316 240 56 were
2508 1296 416 88 changed
3008 1300 92 72 to
3180 1292 304 80 shield
3568 1296 160 76 the
3808 1292 296 88 living
4180 1292 244 80 from

568 1428 56 68 p
632 1404 1168 92 ublicity."-Publisher's
1864 1408 240 76 note.

576 1512 96 96 ©
728 1520 216 92 May
996 1520 132 88 23,
1184 1516 272 92 1930;
1512 1520 128 72 2c.
1696 1524 220 80 May
1964 1516 160 88 24;
2184 1532 52 64 a
2244 1516 76 72 ff
2324 1576 20 16 .
2400 1516 216 88 May
2668 1512 160 92 29;
2888 1516 80 72 A
3020 1512 220 76 2422
3244 1512 52 80 3
3332 1532 16 72 ;
3412 1512 260 76 Eliza
3680 1516 56 72 b
3748 1516 156 76 eth
3964 1508 456 96 Stephens

700 1628 216 76 Hau
924 1628 252 92 ghey,
1240 1624 544 96 Concordia,
1836 1628 88 72 K
1932 1644 148 56 an.
2204 1624 540 92 (30-15126)
4004 1616 232 84 6029

560 1784 376 100 Texas
1016 1784 888 132 jurisprudence;
2000 1820 56 64 a
2144 1784 532 128 complete
2764 1792 208 88 stat
2992 1820 48 60 e
3048 1792 300 88 ment
3432 1784 124 96 of
3640 1784 184 100 the
3908 1784 36 96 l
3956 1816 168 64 aw
4208 1784 216 104 and

708 1936 480 128 practice
1232 1928 124 104 of
1400 1932 184 100 the
1628 1940 280 92 state
1960 1928 120 104 of
2128 1932 388 112 Texas,
2564 1932 144 128 by
2756 1928 504 104 William
3308 1932 152 100 M.
3516 1928 124 100 M
3644 1964 52 68 c
3704 1928 452 132 Kinney
4204 1964 52 68 a
4276 1932 140 100 nd

704 2116 64 64 o
772 2092 48 88 t
820 2080 196 100 her
1084 2084 492 128 lawyers.
1724 2116 60 64 v
1800 2164 16 16 .
1900 2080 72 96 7.
2060 2080 284 100 Bills
2412 2080 124 100 of
2604 2080 388 128 lading
3056 2092 40 88 t
3108 2116 60 60 o
3244 2076 756 104 Cancellation
4072 2080 124 96 of
4264 2080 160 100 in-

700 2240 592 92 struments
1368 2240 64 104 …
1644 2228 144 104 Sa
1792 2248 68 76 n
1940 2228 524 100 Francisc
2468 2264 60 60 o
2540 2308 24 28 ,
2644 2228 240 100 Ban
2896 2248 60 76 c
2956 2264 52 60 r
3016 2264 64 64 o
3088 2224 52 100 f
3144 2236 48 92 t
3196 2224 440 108 -Whitn
3648 2248 120 92 ey
3848 2260 576 100 company,

704 2384 288 96 1930.

696 2536 188 96 viii,
932 2536 112 76 10
1044 2536 48 72 5
1096 2536 52 80 3
1192 2556 80 76 p.
1388 2536 224 80 25ͨͫ.

648 2644 28 88 ©
728 2648 244 76 June
1024 2648 132 80 23,
1208 2648 44 72 1
1264 2636 56 76 9
1320 2644 160 92 30;
1532 2648 132 72 2c.
1720 2644 188 76 Jun
1916 2668 44 52 e
2020 2636 144 112 30;
2228 2636 160 84 aff.
2444 2648 244 72 June
2740 2644 156 76 28:
2956 2644 80 76 A
3088 2644 328 88 25275;
3480 2636 944 96 Bancroft-Whitney

700 2776 128 60 co.
4008 2748 240 80 6030

560 2908 708 124 Thackeray,
1328 2908 492 108 William
1888 2908 712 124 Makepeace.
2680 2920 628 96 1811-1863.

700 3064 388 132 Henry
1156 3064 484 100 Esmond
1720 3064 208 132 [by]
2004 3060 500 104 William
2564 3064 664 128 Makepeace
3292 3060 700 132 Thackeray;
4064 3060 360 104 edited

568 3212 136 132 by
760 3212 300 104 John
1120 3216 244 100 Bell
1420 3212 324 104 Henn
1760 3248 48 60 e
1824 3248 92 68 m
1936 3248 52 64 a
2008 3248 100 96 n,
2168 3212 420 104 revised
2648 3212 144 136 by
2852 3212 116 100 H
2980 3296 16 16 .
3064 3212 132 100 Y.
3260 3208 480 132 Moffett,
3796 3212 616 104 illustrated

560 3364 140 132 by
792 3364 428 100 Curtiss
1312 3364 364 132 Sprag
1684 3400 128 64 ue
1824 3444 16 16 .
2000 3364 300 128 [New
2392 3364 100 100 Y
2504 3400 60 60 o
2572 3364 164 128 rk]
2832 3364 232 100 The
3152 3364 452 100 Macmil
3612 3364 36 96 l
3656 3400 140 64 an
3884 3400 540 96 company

572 3484 92 160 [ͨ
652 3520 256 96 1930
920 3576 20 64 ]

700 3692 280 68 xxxv,
1048 3668 160 76 847
1272 3688 80 72 p.
1412 3668 96 76 in
1516 3668 84 76 cl
1612 3728 12 20 .
1688 3668 304 80 front.,
2068 3668 328 92 plates.
2516 3668 40 76 1
2572 3668 48 80 7
2652 3684 56 40 ͨͫ
2724 3728 16 20 .
2876 3668 28 92 (
2920 3668 152 76 Ha
3084 3668 372 92 lf-title:
3516 3668 224 76 New
3804 3668 332 96 pocket
4196 3672 232 76 clas-

560 3780 44 64 s
612 3772 28 72 i
644 3772 144 80 cs)

572 3884 96 88 ©
724 3896 244 200 June
1012 3944 76 28 3,
1136 3896 48 64 1
1192 3888 48 80 9
1252 3896 156 80 30;
1460 3896 128 72 2c.
1640 3896 180 68 and
1900 3976 20 124 a
1936 3920 36 40 f
1960 3920 68 44 f.
2080 3896 244 64 June
2368 3896 100 80 4;
2528 3896 72 64 A
2648 3896 164 60 242
2820 3896 48 64 6
2872 3896 108 80 4;
3036 3896 152 64 Ma
3200 3896 252 64 cmill
3460 3904 120 56 an
3632 3904 128 60 co.
3912 4044 56 124 [
3904 3936 100 40 ͣ
4060 3900 360 64 revised

700 3996 640 80 introduction
1396 3996 180 76 and
1636 4016 204 56 new
1892 3992 636 80 illustrations
2692 3992 544 96 (30-14666)
4012 3992 228 80 6031

560 4148 676 128 Thibaudet,
1292 4148 440 124 Albert,
1796 4156 324 100 1874-

744 4308 68 104 …
880 4300 420 116 Amiel;
1364 4316 168 116 on,
1588 4304 160 96 La
1808 4312 252 120 part
2116 4304 144 100 du
2320 4300 276 100 rve.
2756 4300 392 132 [Paris]
3220 4304 544 100 Hachette
3828 4308 332 128 [1929]

692 4456 168 76 244
916 4480 108 72 p.,
1080 4452 36 72 1
1176 4460 60 76 l.
1352 4456 108 76 19
1484 4460 44 44 ͨͫ
1560 4520 16 16 .
1712 4456 172 92 (Le
1940 4480 216 72 pass
2164 4456 48 76 é
2264 4456 356 80 vivant.
2744 4496 20 56 [
2768 4460 48 76 3
2828 4496 20 56 ]
2872 4456 28 92 )

568 4552 96 96 ©
716 4568 140 80 No
868 4592 48 52 v
928 4628 16 20 .
996 4568 72 92 6,
1120 4568 40 72 1
1180 4568 44 76 0
1228 4568 160 92 29;
1448 4564 44 76 1
1496 4556 40 80 c
1556 4628 12 16 .
1628 4564 96 76 M
1724 4592 48 52 a
1788 4592 68 56 r.
1912 4572 104 72 14
2016 4592 20 52 .
2096 4568 32 72 1
2152 4564 168 80 930
2348 4588 16 68 ;
2420 4568 600 88 A-Foreign
3072 4568 268 92 6800;
3400 4568 468 80 Librairie
3920 4568 492 80 Hachette.

716 4676 260 96 (30-1
988 4684 48 72 5
1048 4676 208 92 189)
4000 4676 236 84 6032

564 4836 680 124 Thompson,
1300 4832 496 108 Richard
1856 4840 128 100 E.

704 4984 452 108 Sunrise
1212 4988 384 120 hours;
1660 5024 156 92 or,
1876 4988 412 116 Dubbs,
2348 4988 684 132 septimeters
3092 4992 120 100 of
3272 5024 320 68 seven
3660 4992 208 128 [by,
3936 4988 488 104 Richard

580 5140 112 96 E.
752 5140 668 124 Thompson.
1568 5140 448 116 Boston,
2072 5140 144 100 H.
2272 5136 100 96 V
2380 5140 264 136 inal,
2696 5140 240 132 ltd.,
2996 5144 284 100 1930.

692 5288 104 80 81
856 5312 80 72 p.
1052 5288 276 80 19&½ͨͫ.

692 5396 356 84 Poems.

592 5504 72 88 ©
732 5512 220 92 Apr.
1016 5512 132 84 30,
1216 5512 216 76 1930
1468 5524 28 64 ;
1552 5512 128 76 2c.
1712 5508 180 96 May
2112 5508 60 96 5
2172 5536 16 44 :
2488 5516 244 72 June
2792 5516 104 72 4:
2976 5512 56 80 A
3112 5516 104 76 23
3224 5516 48 76 7
3284 5516 44 68 8
3340 5512 48 80 5
3424 5536 16 68 ;
3512 5516 76 76 R
3604 5576 16 16 .
3688 5516 100 76 E.
3856 5512 556 96 Thompson,

696 5620 324 92 Nyack
1016 5660 24 48 .
1100 5624 108 76 N.
1264 5624 76 72 Y
1348 5684 16 16 .
1492 5620 328 92 (30-14
1824 5628 44 76 9
1876 5632 80 60 6
1936 5624 48 68 5)
4000 5620 232 84 6033

564 5748 604 124 Trotzkey,
1228 5748 312 104 Elias
1600 5752 120 100 L.

712 5896 768 104 Institutional
1544 5936 240 64 care
1848 5900 212 100 and
2128 5900 744 132 placing-out;
2940 5900 184 104 the
3184 5904 312 128 place
3556 5900 124 104 of
3740 5900 260 104 each
4064 5900 108 104 in
4240 5904 180 104 the

576 6080 244 68 care
864 6044 124 104 of
1036 6044 612 132 dependent
1700 6052 536 124 children,
2284 6048 144 136 by
2480 6048 312 104 Elias
2840 6052 124 100 L.
3020 6048 548 136 Trotzkey
3628 6056 64 112 …
3900 6048 524 136 Chicago,

580 6196 212 128 Ill.,
852 6196 232 100 The
1144 6196 380 100 Marks
1584 6196 448 104 Nathan
2092 6196 416 108 Jewish
2572 6200 428 132 orphan
3064 6200 352 128 home,
3480 6204 292 100 1930.

708 6376 148 64 xx,
920 6352 40 76 1
972 6352 52 76 2
1028 6352 56 76 0
1144 6376 76 72 p.
1336 6352 52 76 2
1396 6352 104 96 0
1528 6356 88 76 ½ͨͫ.

572 6456 92 88 ©
732 6464 212 76 Mar
944 6496 24 48 .
1040 6464 108 76 20
1156 6524 12 20 ,
1240 6464 108 72 19
1348 6464 112 76 30
1492 6488 16 64 ;
1576 6464 128 80 2c.
1776 6472 148 72 Ma
1936 6488 56 72 y
2060 6468 108 76 19
2200 6488 16 60 :
2288 6464 136 76 off
2432 6532 12 12 .
2516 6472 220 88 May
2800 6468 156 88 23;
3032 6468 76 72 A
3176 6464 228 80 2408
3404 6472 48 72 5
3488 6488 16 72 ;
3584 6472 72 72 E
3668 6532 12 16 .
3752 6472 96 76 L.
3920 6468 484 92 Trotzkey,

700 6572 424 92 Chicago.
1264 6572 540 96 (30-14896)
4012 6572 228 84 6034

568 6700 472 124 Tyrrell,
1100 6700 372 104 Mabel
1528 6704 128 104 L.

696 6848 460 104 Witch's
1220 6848 476 132 maiden,
1764 6888 60 64 a
1892 6852 568 104 historical
2528 6888 536 76 romance,
3128 6856 148 128 by
3344 6856 368 100 Mabel
3784 6856 120 100 L.
3976 6856 436 136 Tyrrell

628 7000 68 108 …
764 6996 732 104 illustrations
1576 7000 144 132 by
1796 7000 356 104 Marie
2228 7004 496 96 Lawson.
2876 7004 264 96 New
3224 7004 316 100 York
3620 7004 216 104 and
3920 7004 496 128 London,

564 7144 448 132 Harper
1064 7144 80 92 &
1204 7144 536 132 brothers,
1800 7156 288 96 1930.

704 7324 56 52 v
808 7324 108 68 p.,
976 7304 40 76 1
1072 7300 84 92 l.,
1208 7300 168 76 315
1384 7360 16 32 ,
1460 7340 20 56 [
1488 7296 120 88 1]
1624 7324 52 72 p
1676 7324 20 48 .
1820 7308 168 76 col.
2040 7304 288 80 front.
2444 7288 196 96 19
2624 7300 104 84 ½ͨͫ.

708 7408 308 76 "First
1076 7408 440 76 edition."

572 7508 100 96 ©
728 7520 244 72 June
1020 7520 72 80 4.
1152 7516 268 84 1930:
1480 7520 48 72 2
1536 7548 68 48 c.
1664 7520 56 76 J
1728 7544 176 52 une
1956 7524 100 76 2:
2116 7520 160 80 aff.
2332 7524 244 76 June
2628 7524 56 68 6
2708 7544 20 52 :
2788 7524 76 76 A
2912 7528 332 88 24342;
3304 7528 376 88 Harper
3732 7524 60 76 &
3856 7528 240 72 bros.

724 7620 540 100 (30-14883)
4016 7632 232 80 6035

2384 7740 200 96 920
