4920 8252
2384 7744 200 104 170

600 704 328 128 Linn,
980 712 400 124 Henry
1432 708 464 128 Harold,
1952 712 328 104 1897–

724 856 832 136 Safeguarding
1616 860 372 104 school
2048 860 372 128 funds,
2456 860 140 132 by
2632 860 392 132 Henry
3060 860 148 100 H.
3244 856 276 104 Linn
3592 864 72 112 …
3848 856 268 100 New
4156 852 312 104 York

588 1012 260 132 city,
892 1012 540 100 Teachers
1480 1012 444 132 college,
1976 1012 580 100 Columbia
2604 1008 652 136 university,
3316 1012 288 96 1929.

724 1192 84 72 x,
876 1172 164 76 187
1100 1192 88 72 p.
1304 1168 48 76 2
1360 1164 504 88 3½ͨͫ
1568 1232 16 20 .
1724 1172 516 92 (Teachers
2300 1164 372 100 college,
2740 1168 488 80 Columbia
3300 1164 556 92 university.
3972 1164 488 80 Contribu-

584 1276 244 80 tions
880 1284 96 72 to
1024 1280 524 92 education,
1600 1304 152 56 no.
1800 1280 52 80 3
1860 1280 156 96 87)

724 1388 508 76 Published
1272 1392 204 72 also
1520 1408 108 56 as
1672 1388 296 80 thesis
2020 1392 28 92 (
2064 1408 56 56 P
2144 1380 120 88 H.
2276 1408 52 56 D
2336 1384 64 96 .)
2456 1388 488 80 Columbia
2992 1384 556 96 university.

716 1496 728 96 Bibliography:
1508 1520 84 72 p.
1632 1496 424 80 182–187.

604 1596 92 96 ©
764 1604 216 80 Dec.
1040 1608 72 88 1,
1172 1604 272 92 1929;
1508 1608 104 76 2c
1620 1664 16 20 .
1696 1608 212 76 Jan.
1964 1604 136 96 23,
2160 1604 164 80 193
2328 1604 56 80 0
2416 1628 16 68 ;
2500 1604 160 80 aff.
2716 1604 216 80 Jan.
2988 1604 160 92 21;
3216 1604 76 76 A
3352 1604 332 92 19142;
3748 1604 468 76 Teachers
4276 1604 180 76 col-

732 1716 224 92 lege,
1016 1716 484 80 Columbia
1560 1716 252 76 univ.
1944 1716 28 92 (
1988 1716 52 76 3
2044 1716 388 96 0-5251)
4060 1708 232 84 1082

596 1840 672 124 Marquand,
1324 1840 300 104 John
1680 1840 516 124 Phillips,
2256 1852 256 96 1893
2516 1908 60 16 –

724 1988 556 132 Warning
1380 1988 284 132 Hill,
1768 1988 144 132 by
2012 1988 304 104 John
2420 1992 124 100 P.
2644 1988 668 132 Marquand.
3520 1988 456 128 Boston,
4072 1988 376 128 Little,

588 2140 440 132 Brown,
1088 2140 220 100 and
1368 2172 576 100 company,
2012 2144 288 100 1930.

716 2300 56 72 4
828 2320 84 72 p.
972 2300 84 92 1.,
1084 2296 192 84 [3]
1248 2312 36 44 –
1284 2296 180 80 304
1524 2320 84 72 p.
1720 2296 600 84 20ͨͫ.

636 2404 60 84 ©
756 2408 216 80 Feb.
1024 2408 76 84 8,
1156 2404 272 92 1930;
1540 2404 120 84 2c.
1672 2408 184 72 and
1912 2428 52 56 a
1976 2408 72 72 ff
2052 2468 16 12 .
2128 2408 216 76 Feb.
2400 2408 160 92 15;
2620 2408 80 72 A
2752 2408 332 92 18778;
3144 2408 88 80 J.
3288 2408 100 80 P.
3448 2408 556 92 Marquand,
4064 2408 380 76 Boston.

744 2516 28 92 (
788 2516 52 76 3
848 2512 56 80 0
904 2560 52 8 -
960 2516 108 76 52
1072 2516 52 72 4
1128 2516 56 76 3
1200 2516 32 92 )
4060 2512 108 84 10
4176 2512 116 84 83

588 2612 408 128 Miller,
1052 2620 400 120 Henry
1504 2612 508 128 Willard,
2076 2624 260 100 1884
2340 2684 56 12 –

728 2768 232 104 The
1028 2768 324 104 Paris
1420 2800 280 100 gun;
1776 2768 180 104 the
2024 2768 840 108 bombardment
2928 2772 124 104 of
3120 2768 324 104 Paris
3508 2772 144 136 by
3724 2772 184 100 the
3980 2768 480 108 German

592 2924 264 128 long
912 2956 340 96 range
1304 2956 280 96 guns
1644 2920 220 100 and
1916 2920 188 100 the
2160 2936 312 116 great
2536 2920 484 104 German
3076 2916 584 108 offensives
3720 2924 124 96 of
3912 2924 184 96 191
4104 2932 56 84 8
4240 2924 48 88 [
4276 2920 188 136 by]

592 3072 392 132 Henry
1036 3068 172 104 W.
1260 3068 380 104 Miller
1720 3072 64 112 …
1964 3068 268 104 New
2284 3068 348 132 York,
2680 3072 112 104 J.
2848 3068 304 132 Cape
3200 3076 92 96 &
3340 3072 152 100 H.
3552 3068 364 108 Smith
3984 3136 24 64 [
4024 3076 120 96 19
4156 3076 160 124 30]

716 3228 56 76 3
836 3248 84 68 p.
984 3212 40 76 l
1020 3248 20 44 .
1048 3280 20 36 ,
1128 3228 64 64 v
1188 3268 60 8 –
1248 3220 100 80 ix
1356 3284 20 32 ,
1448 3260 16 56 [
1476 3224 44 72 1
1536 3260 20 56 ]
1568 3284 20 32 ,
1648 3216 192 100 288,
1916 3224 76 96 [4
2000 3260 20 60 ]
2096 3248 84 68 p.
2292 3224 316 92 front.,
2680 3224 276 92 illus.,
3028 3228 328 92 plates,
3424 3228 300 92 maps.
3836 3224 596 88 22ͨͫ.

724 3328 96 76 M
824 3352 168 72 aps
1048 3352 116 56 on
1220 3328 704 96 lining-papers.

724 3440 724 92 Bibliography:
1508 3440 52 76 4
1624 3460 80 72 p.
1764 3444 104 72 at
1920 3440 208 80 end.

620 3544 68 88 ©
776 3552 212 76 Feb.
1064 3548 132 92 10,
1272 3548 268 84 1980:
1620 3552 48 72 2
1672 3560 48 72 c
1732 3612 16 16 .
1824 3552 184 76 and
2084 3548 160 80 aff.
2320 3548 212 84 Feb.
2608 3552 164 88 12;
2848 3552 80 76 A
3000 3548 328 96 19507;
3412 3556 116 72 H.
3604 3556 140 76 W.
3824 3556 336 88 Miller,
4240 3556 208 76 Ann

716 3660 328 80 Arbor.
1184 3656 484 96 (30-5262)
4056 3656 232 84 1084

588 3760 440 120 Milton,
1080 3760 344 124 John,
1488 3772 256 92 1608
1748 3828 72 8 –
1824 3764 292 104 1674.

772 3912 68 112 …
908 3908 236 104 The
1208 3904 336 108 Latin
1608 3944 372 96 poems
2040 3908 128 104 of
2220 3908 304 108 John
2592 3908 448 132 Milton,
3100 3908 404 132 edited,
3568 3908 264 108 with
3908 3948 136 64 an
4112 3916 344 100 intro-

580 4060 484 128 duction,
1148 4096 136 64 an
1368 4060 476 132 English
1928 4060 700 128 translation,
2708 4060 220 104 and
3000 4072 348 116 notes,
3420 4060 144 124 by
3644 4060 428 108 Walter
4156 4064 300 104 Mac-

580 4208 388 104 Kellar
1056 4220 68 104 …
1276 4212 268 100 New
1600 4212 436 132 Haven,
2088 4208 280 104 Pub.
2428 4208 180 104 for
2668 4208 444 104 Cornell
3168 4212 652 136 university,
3876 4212 284 104 Yale
4216 4216 236 104 uni-

584 4360 408 132 versity
1068 4396 360 96 press;
1508 4360 500 132 London,
2080 4360 152 104 H.
2304 4360 520 132 Milford,
2900 4360 448 108 Oxford
3424 4360 620 140 university
4120 4404 336 96 press,

584 4516 288 96 1930.

716 4672 160 92 xii,
944 4672 128 92 66,
1140 4708 20 60 [
1164 4672 52 72 2
1228 4708 20 56 ]
1260 4732 16 32 ,
1344 4708 20 56 [
1372 4668 136 96 67]
1520 4684 36 48 –
1564 4672 64 76 3
1616 4660 64 76 8
1692 4668 56 76 2
1804 4692 80 72 p.
2004 4668 596 92 22ͨͫ.
2368 4672 28 92 (
2412 4672 148 72 Ha
2576 4668 328 96 lf-title
2912 4676 32 68 :
3012 4672 364 80 Cornell
3444 4672 364 80 studies
3868 4672 96 80 in
4032 4680 416 92 English,

588 4784 168 76 vol.
812 4800 144 72 xv,
1008 4784 144 76 ed.
1204 4780 116 92 by
1372 4780 104 76 L.
1528 4776 404 96 Cooper)

724 4888 304 80 Series
1084 4888 208 80 title
1344 4884 96 80 in
1496 4892 212 88 part
1760 4888 100 76 at
1912 4888 240 76 head
2208 4884 100 84 of
2368 4884 184 96 t.-p.

724 5000 160 72 "In
956 4996 124 80 its
1148 4996 400 92 original
1616 4996 252 76 form
1932 5016 160 72 my
2148 4996 264 76 work
2472 5016 200 52 was
2740 4996 512 80 submitted
3324 5016 104 60 as
3496 5020 52 56 a
3620 5004 424 76 doctoral
4112 5004 328 76 disser-

588 5104 296 80 tation
952 5108 100 72 at
1120 5100 368 80 Cornell
1560 5100 524 96 university
2148 5100 96 76 in
2316 5104 268 84 June,
2652 5100 252 84 1923.
3028 5104 276 80 Since
3364 5108 212 76 that
3640 5108 232 80 time
3940 5104 60 88 …
4100 5116 44 72 I
4208 5112 248 80 have

580 5212 552 92 completely
1188 5212 368 76 revised
1608 5208 540 84 it."—Pref.

716 5320 436 80 Includes
1224 5316 660 96 reproduction
1944 5320 104 76 of
2108 5324 192 88 t.-p.
2364 5320 104 76 of
2532 5340 84 56 v.
2676 5320 52 72 2
2812 5320 208 92 (the
3084 5320 280 80 Latin
3424 5324 368 92 poems)
3868 5328 192 76 and
4120 5332 108 72 of
4288 5332 160 80 the

580 5428 372 96 general
1012 5436 188 84 t.-p.
1256 5428 104 80 of
1412 5428 160 76 the
1620 5428 224 76 1645
1896 5428 388 80 edition.

716 5536 392 92 English
1168 5532 572 80 translation
1796 5532 96 76 in
1952 5556 296 72 prose.

716 5644 732 92 Bibliography:
1512 5648 52 76 p
1576 5704 20 20 .
1652 5644 216 76 366–
1868 5640 56 76 3
1940 5640 132 80 69.

592 5744 96 92 ©
748 5752 208 80 Jan.
1008 5752 132 88 24,
1196 5752 108 76 19
1304 5752 112 80 30
1448 5772 16 72 ;
1520 5752 132 80 2c.
1704 5752 220 76 Feb.
1976 5752 52 80 8
2060 5772 16 72 ;
2132 5772 52 52 a
2196 5752 40 72 f
2228 5752 68 80 f.
2348 5752 212 76 Feb.
2616 5752 100 92 7;
2776 5752 80 76 A
2904 5752 332 96 19423;
3296 5760 236 76 Yale
3580 5760 256 80 univ.
3888 5784 292 72 press.

740 5860 484 96 (30-5144)
4056 5868 224 84 1085

588 5960 696 124 Mississippi
1364 5964 220 100 and
1664 5964 552 108 Southern
2300 5976 492 120 reporter
2872 5964 396 136 digest,
3340 5968 520 140 covering
3936 5980 152 96 all
4168 6012 288 64 cases

728 6116 512 128 reported
1324 6112 112 104 in
1520 6112 680 132 Mississippi
2284 6124 432 120 reports
2800 6120 220 100 and
3108 6112 552 108 Southern
3748 6136 500 120 reporter
4316 6116 60 120 …

728 6300 96 64 v.
884 6268 332 96 26–30
1292 6272 68 104 …
1548 6260 164 104 St.
1768 6264 320 132 Paul,
2144 6260 392 132 Minn.,
2592 6264 304 100 West
2956 6268 648 136 publishing
3664 6304 152 68 co.
3884 6264 404 112 [ͨ1930]

724 6420 48 76 5
828 6440 84 56 v.
1028 6420 560 84 26ͨͫ
1220 6444 28 44 .

724 6528 124 76 CO
860 6528 588 72 NTENTS.—v.
1548 6520 140 84 26.
1772 6528 1088 76 Suicide-Trestles-v.
2944 6528 144 80 27.
3172 6524 556 88 Trial-War
3812 6540 400 76 tax.—v.
4300 6532 144 84 28.

592 6636 968 84 Waste-Zoning.—v.
1620 6632 144 80 29.
1820 6636 480 92 Complete
2352 6636 256 76 table
2660 6636 104 76 of
2816 6636 48 68 e
2868 6656 216 60 ases
3136 6640 156 76 for
3352 6640 464 80 Southern
3876 6664 276 72 repor
4164 6652 28 68 t
4204 6664 220 56 er.—

592 6760 56 56 v
656 6800 20 16 .
740 6740 140 80 30.
944 6744 476 88 Complete
1476 6744 88 76 M
1580 6744 164 76 issi
1752 6768 44 52 s
1804 6744 240 92 sippi
2108 6744 256 76 table
2420 6744 100 76 of
2576 6764 48 56 c
2628 6768 240 52 ases.

592 6832 96 92 ©
756 6852 212 76 Jan.
1024 6852 52 72 2
1076 6852 56 76 3
1140 6912 20 32 ,
1216 6852 276 76 1930:
1552 6852 52 72 2
1608 6876 72 52 c.
1740 6852 228 76 each
2028 6852 216 76 Feb.
2304 6852 156 92 13;
2524 6852 216 80 affs.
2800 6856 212 76 Feb.
3076 6856 164 92 14;
3304 6856 72 76 A
3440 6856 672 84 18730–18734:
4180 6848 260 92 West

720 6960 212 92 pub.
968 6976 132 60 co.
3732 6964 528 84 1086-1090

592 7056 500 124 Moffett,
1148 7056 576 128 M'Ledge,
1788 7072 256 96 1892
2048 7128 68 12 –

724 7212 236 100 The
1012 7208 332 104 social
1400 7212 716 132 background
2168 7216 220 104 and
2444 7212 544 108 activities
3044 7220 124 100 of
3220 7224 492 100 teachers
3768 7224 412 132 college
4232 7232 220 92 stu-

596 7360 344 132 dents,
1004 7360 148 132 by
1216 7360 532 132 M'Ledge
1812 7360 124 96 M
1940 7396 60 68 o
2012 7364 44 96 f
2048 7360 44 104 f
2100 7372 156 92 ett
2332 7364 60 112 …
2592 7364 268 100 New
2928 7368 320 100 York
3312 7368 260 136 city,
3636 7372 536 104 Teachers
4240 7372 212 104 col-

604 7512 256 132 lege,
920 7508 584 104 Columbia
1556 7512 644 132 university,
2264 7516 292 100 1929.
