4920 8268
2396 7732 192 96 510

692 820 200 80 One
940 820 100 76 of
1088 824 160 76 the
1296 824 308 92 plates
1652 820 664 96 accompanied
2368 824 120 88 by
2536 820 300 96 guard
2892 820 264 76 sheet
3208 812 232 84 with
3492 812 572 96 descriptive
4108 816 324 76 letter-

544 948 284 76 press.

684 1040 252 76 "The
992 1040 240 76 book
1292 1060 216 72 may
1568 1036 364 96 readily
1988 1040 112 72 be
2156 1036 380 76 divided
2596 1036 100 76 in
2756 1040 184 72 two
3004 1032 512 80 divisions:
3580 1052 176 56 one
3816 1028 416 96 treating
4292 1052 124 56 an

548 1144 488 80 historical
1112 1148 600 92 background
1776 1144 60 88 …
1964 1148 184 76 and
2220 1144 560 96 embodying
2848 1164 56 60 a
2976 1140 580 96 description
3628 1140 104 76 of
3804 1140 160 80 the
4032 1144 388 76 modern

560 1256 568 92 parachute;
1196 1256 160 76 the
1412 1256 276 76 other
1744 1256 220 92 part
2016 1252 552 96 recounting
2628 1272 252 60 some
2940 1252 352 76 salient
3348 1252 568 76 adventures
3980 1252 116 88 by
4156 1268 148 60 me
4304 1268 92 56 m
4400 1292 32 12 -

548 1364 56 76 b
608 1384 152 56 ers
816 1364 104 80 of
972 1364 160 80 the
1184 1360 576 96 Caterpillar
1812 1360 504 96 club."-p.
2372 1360 196 84 284.

688 1472 400 80 "Roster
1132 1472 104 80 of
1284 1472 164 80 the
1496 1472 576 92 Caterpillar
2124 1468 324 80 club":
2500 1492 84 72 p.
2636 1468 424 80 314-321.

572 1580 96 92 ©
748 1584 232 80 Mar.
1052 1580 136 92 27,
1260 1580 272 92 1930;
1604 1580 136 80 2c.
1808 1584 184 76 and
2068 1584 160 80 aff.
2300 1580 236 80 Mar.
2608 1576 164 96 29;
2844 1580 80 72 A
2992 1576 336 88 21405;
3408 1576 108 76 D.
3596 1576 528 96 Glassman,
4204 1576 224 80 New

704 1692 276 80 York.
1116 1688 488 96 (30-9438)
4036 1684 228 84 3404

556 1868 408 128 Goller,
1028 1872 484 104 Edward
1572 1872 140 104 D.

692 2024 312 104 Trail
1064 2024 496 104 markers
1612 2028 144 132 by
1816 2024 188 104 An
2064 2024 188 104 old
2304 2020 372 136 guide,
2728 2024 144 136 by
2940 2024 492 104 Edward
3492 2024 136 104 D.
3696 2020 440 136 Goller;
4204 2056 224 72 car-

564 2188 312 92 toons
968 2180 144 132 by
1208 2176 200 100 Dr.
1508 2176 128 100 E.
1732 2176 104 100 J.
1940 2176 312 100 Pace.
2400 2172 828 136 Philadelphia,
3320 2172 236 104 The
3652 2172 380 104 Union
4128 2212 308 96 press

588 2332 352 132 [ͨ1930]

700 2480 164 80 115
924 2500 84 76 p.
1076 2480 28 76 i
1112 2500 60 56 n
1176 2484 84 76 cl
1272 2540 16 20 .
1356 2484 336 88 plates.
1808 2476 564 88 17ͨͫ.

704 2592 252 76 "The
1012 2608 472 76 messages
1544 2588 100 80 of
1700 2588 192 80 this
1948 2592 236 76 book
2240 2608 168 60 are
2464 2596 332 72 letters
2864 2588 56 88 …
3016 2588 384 80 written
3460 2596 92 72 to
3620 2588 528 80 individual
4212 2588 224 100 boys

560 2704 188 76 and
800 2700 800 96 girls."-Introd.

584 2812 88 88 ©
748 2816 236 80 Mar.
1048 2812 136 92 29,
1252 2812 272 92 1930;
1592 2808 132 88 2c.
1788 2812 188 76 and
2040 2812 160 76 aff.
2268 2812 220 92 Apr.
2556 2812 104 88 3;
2728 2812 84 76 A
2876 2808 332 92 20788;
3280 2812 312 76 Amer.
3668 2812 384 92 Sunday
4120 2812 316 76 school

716 2920 312 96 union,
1080 2920 688 96 Philadelphia.
1896 2920 328 96 (30-97
2228 2920 48 76 5
2288 2924 96 92 7)
4044 2916 232 84 3405

556 3104 592 124 Grousset,
1208 3104 236 104 Ren
1460 3100 56 104 é
1524 3184 28 24 .

760 3264 64 104 …
888 3260 208 104 Les
1160 3256 728 104 civilisations
1952 3260 136 100 de
2156 3260 36 92 l
2204 3256 20 48 '
2236 3256 96 104 O
2344 3256 92 100 ri
2448 3292 52 64 e
2508 3268 120 88 nt
2712 3264 64 104 …
2968 3268 76 96 t.
3112 3260 96 96 2.
3276 3260 448 100 L'Inde.
3868 3256 364 132 Paris,
4300 3256 132 108 G.

576 3408 152 104 Cr
728 3412 60 100 é
796 3448 48 68 s
896 3424 104 88 et
1052 3412 544 132 cͥͤ,
1268 3412 120 96 19
1400 3412 128 96 30
1536 3496 20 16 .

716 3568 48 76 3
820 3584 80 76 p.
956 3572 84 84 l.,
1096 3564 28 76 i
1136 3564 28 76 i
1220 3584 60 72 p
1284 3628 44 28 .,
1384 3564 48 76 1
1484 3568 28 72 l
1524 3624 48 32 .,
1624 3560 172 84 370
1844 3584 112 72 p.,
2012 3568 48 72 1
2112 3564 56 76 l.
2280 3564 248 80 illus.
2584 3560 140 96 (in
2732 3568 80 72 cl
2824 3620 16 20 .
2896 3564 340 96 ports.)
3360 3568 600 84 23½ͨͫ.

588 3672 96 96 ©
748 3676 212 76 Jan.
1016 3676 136 92 31,
1212 3672 272 92 1930;
1544 3688 132 76 1c.
1736 3676 240 76 Mar.
2036 3676 96 88 1;
2196 3672 604 92 A-Foreign
2856 3672 276 96 6667;
3192 3676 444 88 Éditions
3696 3676 104 80 G.
3864 3676 228 80 Crés
4148 3676 72 76 &
4280 3696 44 56 c
4332 3672 28 76 i
4368 3696 52 56 e
4428 3736 16 16 .

4048 3780 232 84 3406

572 3884 508 128 Harbou,
1136 3884 316 100 Thea
1508 3916 252 92 von,
1828 3892 312 100 1888-

700 4036 236 100 The
1008 4032 372 104 rocket
1460 4048 112 88 to
1644 4036 188 100 the
1908 4068 360 100 moon,
2344 4028 296 108 from
2720 4036 184 100 the
2980 4036 320 100 novel
3376 4036 304 104 "The
3760 4036 220 136 girl
4060 4036 116 104 in
4256 4040 184 100 the

568 4184 428 132 moon",
1088 4184 144 132 by
1324 4184 304 104 Thea
1724 4220 212 64 von
2032 4180 504 136 Harbou,
2632 4184 616 104 translated
3344 4188 144 132 by
3592 4188 544 104 Baroness
4232 4220 216 72 von

572 4336 464 100 Hutten.
1164 4336 268 100 New
1492 4332 348 132 York,
1896 4336 392 100 World
2352 4332 280 104 wide
2696 4336 652 132 publishing
3404 4372 192 96 co.,
3656 4336 208 100 inc.
3940 4348 52 96 [ͨ
4024 4344 184 96 193
4220 4344 60 96 0
4292 4400 20 68 ]

708 4492 52 76 3
812 4512 84 76 p.
952 4496 88 88 l.,
1100 4492 132 96 [11
1244 4472 84 76 ]-
1332 4492 168 76 187
1552 4508 80 76 p.
1752 4492 596 84 17ͨͫ.

716 4600 436 76 Lettered
1208 4620 120 56 on
1384 4616 44 60 c
1436 4616 272 60 over:
1776 4600 316 76 World
2156 4596 240 80 wide
2448 4596 384 80 edition.

596 4692 88 88 ©
760 4712 212 80 Feb.
1036 4712 132 88 18,
1236 4712 44 72 1
1288 4712 52 72 9
1344 4708 160 92 30;
1568 4708 132 76 2c.
1764 4708 212 84 Feb.
2040 4708 160 92 21;
2268 4708 160 84 aff.
2496 4708 216 80 Feb.
2772 4708 160 96 20;
3000 4712 80 72 A
3144 4712 328 92 18869;
3544 4716 320 76 World
3932 4716 248 76 wide
4236 4720 212 88 pub.

716 4840 160 72 co.,
936 4820 172 80 inc.
1244 4816 544 100 (30-10094)
4048 4820 232 84 3407

576 4972 528 100 Harvard
1168 4972 680 124 university.
2000 4976 560 104 Graduate
2612 4980 376 100 school
3040 4980 120 136 of
3212 4988 232 96 arts
3496 4984 220 100 and
3768 4984 500 100 sciences.

788 5124 60 120 …
908 5124 676 108 Summaries
1636 5128 124 96 of
1812 5124 356 104 theses
2220 5128 512 132 accepted
2792 5128 112 100 in
2964 5128 412 132 partial
3436 5128 604 108 fulfilment
4096 5132 124 104 of
4276 5132 184 104 the

592 5276 784 132 requirements
1468 5276 176 100 for
1732 5276 184 104 the
2004 5276 388 132 degree
2480 5276 124 104 of
2692 5276 380 104 doctor
3156 5280 124 100 of
3368 5276 704 144 philosophy,
4168 5288 288 100 1926.

580 5428 704 132 Cambridge,
1336 5428 236 100 The
1628 5424 684 140 University,
2372 5432 288 96 1930.

720 5584 192 88 viii,
972 5584 168 76 235
1200 5600 84 76 p.
1400 5580 560 88 22½ͨͫ.

596 5688 88 88 ©
752 5692 220 96 Apr.
1028 5696 76 88 4,
1164 5692 276 88 1930;
1500 5692 132 76 2c.
1692 5692 216 92 Apr.
1968 5692 104 92 9;
2136 5692 156 76 aff.
2352 5692 220 96 Apr.
2636 5692 156 92 14;
2856 5696 80 76 A
2992 5696 332 92 22074;
3392 5696 500 80 President
3952 5700 68 80 &
4076 5700 372 80 fellows

728 5800 104 76 of
884 5804 88 72 H
980 5804 348 72 arvard
1380 5804 372 92 college,
1812 5800 580 96 Cambridge,
2452 5804 284 80 Mass.
4060 5804 232 84 3408

592 5956 424 124 Heath,
1076 5956 396 124 Percy.

724 6100 500 136 Slightly
1292 6104 428 128 scarlet,
1796 6104 484 132 adapted
2352 6104 148 132 by
2580 6108 352 132 Percy
3008 6108 380 104 Heath
3472 6112 296 100 from
3844 6112 188 104 the
4108 6116 344 100 Para-

584 6264 376 88 mount
1036 6252 148 100 all
1260 6248 436 140 talking
1764 6248 460 136 picture.
2364 6256 272 100 New
2712 6256 348 132 York,
3124 6260 404 104 World
3604 6260 280 104 wide
3956 6296 76 96 p
4036 6276 64 76 u
4112 6264 68 100 b
4192 6264 32 100 l
4236 6260 212 108 ish-

584 6400 196 136 ing
828 6436 192 96 co.,
1076 6400 208 100 inc.
1356 6400 120 112 [ͨ
1432 6404 188 100 193
1632 6408 88 100 0]

724 6560 48 76 3
828 6580 84 72 p.
968 6560 84 88 l.,
1112 6560 132 92 [11
1256 6548 88 76 ]-
1344 6556 168 80 188
1560 6576 84 76 p.
1764 6556 596 88 17ͨͫ.

728 6668 324 76 Letter
1100 6688 120 52 on
1272 6684 324 60 cover:
1656 6668 320 76 World
2032 6664 244 84 wide
2328 6668 384 80 edition.

604 6768 96 88 ©
760 6776 100 76 M
860 6796 132 60 ar.
1044 6776 76 92 6,
1176 6772 272 96 1930;
1504 6776 128 80 2c.
1688 6776 236 80 Mar.
1976 6776 160 92 10;
2192 6776 160 80 aff.
2408 6780 236 76 Mar.
2700 6784 156 88 11;
2916 6784 80 72 A
3052 6784 328 88 19995;
3440 6788 588 80 Paramount
4076 6788 376 80 famous

740 6884 312 92 Lasky
1104 6904 272 72 corp.,
1428 6884 228 80 New
1712 6884 276 84 York.
2120 6884 544 100 (30-10095)
4064 6892 228 84 3409

604 7036 556 124 Hertzler,
1220 7036 448 104 Arthur
1736 7040 588 128 Emanuel,
2392 7048 260 100 1870
2652 7112 60 12 -

740 7192 372 100 Minor
1196 7228 496 100 surgery,
1772 7196 144 132 by
2004 7196 432 100 Arthur
2520 7196 132 104 E.
2740 7196 516 108 Hertzler
3324 7196 60 108 …
3556 7208 216 100 and
3864 7204 384 100 Victor
4336 7204 128 100 E.

608 7340 436 136 Chesky
1108 7344 68 112 …
1400 7344 140 100 2d
1624 7344 164 100 ed.
1928 7344 316 104 With
2332 7344 128 104 47
2472 7360 56 88 5
2616 7348 768 104 illustrations.
3532 7348 160 108 St.
3780 7352 368 132 Louis,
4232 7352 240 104 The

612 7488 116 108 C.
784 7492 132 100 V.
972 7492 392 132 Mosby
1420 7528 576 100 company,
2056 7500 284 100 1930.
