4920 8268
2472 7716 196 100 396

704 688 716 120 D'Abernon,
1476 688 388 124 Edgar
1908 684 528 124 Vincent,
2488 700 60 84 1
2556 724 44 60 s
2608 700 44 88 t
2712 688 280 100 visco
3024 708 148 76 un
3160 688 596 104 t-Contin
3744 708 72 76 u
3840 692 132 96 ed

836 848 168 76 viii
1060 868 112 72 p.,
1228 848 52 72 2
1340 852 172 80 l.,
1476 844 168 80 350
1700 868 80 72 p.
1896 848 316 92 front.,
2272 848 288 92 ports.
2676 844 632 88 24½ͨͫ.

712 952 96 92 ©
864 956 236 80 Mar.
1152 956 72 92 7,
1280 956 108 76 19
1392 964 56 72 3
1448 956 104 92 0;
1608 952 48 76 2
1664 976 48 56 c
1720 1016 16 20 .
1788 956 188 76 and
2028 952 156 80 aff.
2240 964 236 72 Mar.
2528 956 40 72 1
2588 964 52 72 8
2668 976 20 56 :
2744 952 80 76 A
2872 952 332 92 21169;
3268 952 576 88 Doubleday.
3900 952 316 76 Doran
4276 952 72 76 &
4400 972 156 72 co.,

840 1064 176 80 inc.
4164 1056 232 84 2611

708 1216 404 128 Dixon,
1176 1216 432 108 Clarice
1668 1216 668 108 Madeleine.

848 1372 532 104 Children
1452 1408 180 64 are
1704 1372 220 100 like
1992 1372 280 132 that,
2340 1372 144 136 by
2560 1372 116 100 C.
2748 1372 620 100 Madeleine
3436 1368 432 132 Dixon;
3948 1368 628 104 illustrated

712 1520 140 136 by
944 1524 304 100 Ruth
1344 1516 668 136 Hambidge.
2156 1524 268 100 New
2520 1520 348 128 York,
2960 1520 236 104 The
3288 1520 304 104 John
3684 1520 256 132 Day
4032 1552 544 100 company

716 1676 404 124 [ͨ1930]

824 1828 204 92 xiii,
1080 1824 176 80 206
1308 1844 80 72 p.
1504 1828 172 76 illu
1684 1848 44 56 s
1736 1888 16 16 .
1872 1824 560 84 19½ͨͫ.

836 1936 672 80 Observations
1600 1936 272 76 made
1964 1940 100 72 at
2160 1936 156 76 the
2412 1936 420 92 Nursery
2924 1936 316 76 school
3328 1936 104 76 of
3524 1936 356 80 Carson
3976 1940 348 88 college
4412 1936 156 80 for

692 2048 360 92 orphan
1100 2044 256 96 girls.
1476 2052 48 68 o
1528 2048 68 92 f.
1644 2044 532 80 Foreword.

708 2152 100 96 ©
864 2160 232 76 Mar.
1148 2156 72 92 6,
1272 2156 272 80 1930;
1596 2156 132 80 2e.
1780 2168 232 72 Mar.
2072 2156 156 92 19;
2284 2156 156 80 aff.
2500 2168 96 72 M
2596 2176 132 60 ar.
2784 2156 156 88 18;
2996 2156 80 76 A
3124 2156 336 88 20374;
3516 2156 72 80 C
3596 2220 16 16 .
3668 2156 124 80 M.
3840 2156 340 92 Dixon,
4240 2156 320 72 Flour-

840 2272 276 88 town,
1180 2268 160 76 Pa.
1476 2264 324 96 (30-82
1808 2268 48 76 5
1860 2268 104 88 3)
4164 2260 232 84 2612

708 2416 356 124 Dopp,
1124 2420 644 104 Katharine
1832 2420 632 124 Elizabeth,
2524 2428 320 96 1860-

840 2576 392 132 Bobby
1280 2576 212 104 and
1552 2576 332 112 Betty
1936 2608 140 68 on
2120 2576 184 100 the
2356 2572 332 136 farm,
2732 2576 148 132 by
2928 2572 624 104 Katharine
3600 2572 584 100 Elizabeth
4236 2572 340 132 Dopp

720 2724 68 112 …
924 2724 132 100 ill
1056 2732 412 96 ustrate
1476 2728 68 100 d
1632 2728 148 132 by
1864 2724 328 136 Mary
2284 2724 356 132 Spoor
2728 2728 416 100 Brand.
3292 2724 268 100 New
3652 2720 348 140 York,
4084 2720 492 132 Chicago

716 2888 264 116 [etc.]
1044 2872 364 136 Rand,
1456 2872 532 136 McNally
2032 2876 88 100 &
2172 2908 544 100 company
2780 2880 128 108 [ͨ
2856 2880 192 92 193
3056 2884 76 92 0]

828 3028 168 76 222
1044 3048 84 72 p.
1188 3028 152 76 inc
1340 3028 28 76 l
1380 3088 20 16 .
1452 3044 48 60 c
1504 3028 88 76 ol
1604 3088 16 20 .
1676 3028 316 92 front.,
2048 3048 48 56 c
2100 3032 116 72 ol.
2272 3028 248 76 illus.
2640 3028 48 76 2
2696 3028 416 84 0ͨͫ
2848 3088 12 16 .

708 3132 96 96 ©
872 3148 100 72 M
972 3160 132 56 ar.
1168 3140 76 88 5,
1308 3136 272 96 1930;
1644 3140 48 72 2
1704 3160 44 56 c
1760 3200 16 20 .
1836 3148 236 72 Mar.
2136 3140 156 88 13;
2360 3160 48 56 a
2424 3136 96 84 ff.
2584 3140 232 80 Mar.
2884 3140 160 92 14;
3112 3140 80 76 A
3252 3136 328 96 21088;
3652 3140 272 76 Rand
3988 3140 436 88 McNally
4488 3136 68 80 &

836 3268 132 60 co.
1104 3248 488 92 (30-8279)
4160 3244 172 80 261
4344 3244 56 84 3

704 3400 384 104 Dubre
1096 3436 68 68 u
1180 3400 104 128 il,
1344 3400 396 108 Henri.

828 3548 416 104 Robots
1304 3584 120 68 or
1484 3548 312 104 men?
1928 3552 104 100 A
2096 3552 428 100 French
2588 3548 656 108 workman's
3304 3548 636 132 experience
4004 3548 116 104 in
4172 3548 392 104 Amer-

700 3700 24 100 i
736 3732 52 64 c
796 3736 140 64 an
992 3700 548 132 industry,
1588 3700 148 132 by
1784 3700 148 100 H.
1992 3700 320 100 Dubr
2312 3720 60 76 e
2372 3700 216 128 nil;
2648 3704 608 100 translated
3312 3700 148 136 by
3516 3704 480 100 Frances
4048 3700 220 100 and
4324 3700 236 100 Ma-

692 3884 192 68 son
936 3848 468 104 Merrill.
1524 3848 188 104 An
1768 3852 640 100 authorized
2464 3852 660 100 translation
3180 3848 180 104 for
3416 3852 184 100 the
3652 3852 416 132 Taylor
4120 3848 444 136 society,

692 4000 128 100 of
900 4000 680 104 Standards:
1656 4004 96 96 le
1832 4000 412 100 travail
2324 4036 164 64 am
2504 4020 52 80 e
2564 4000 352 104 ricain
2996 4036 140 68 vu
3220 4036 204 96 par
3504 4036 144 64 un
3732 4036 60 68 o
3804 4020 68 76 u
3884 4000 288 100 vrier
4256 4000 304 100 fran-

696 4148 252 132 vais,
1020 4148 360 120 Paris,
1460 4156 292 128 1929,
1824 4152 504 100 Bernard
2408 4148 480 108 Grasset.
3036 4156 268 96 New
3384 4148 312 104 York
3772 4152 216 100 and
4064 4156 500 124 London,

692 4300 448 132 Harper
1196 4304 88 96 &
1340 4300 536 120 brothers,
1940 4304 288 96 1930.

828 4460 96 76 xi
992 4480 112 72 p.,
1172 4460 48 76 1
1280 4460 88 92 1.,
1432 4460 108 76 24
1548 4460 56 76 8
1660 4480 84 72 p.
1860 4460 288 80 front.
2204 4460 96 92 (2
2368 4464 284 92 port.)
2784 4460 508 84 22ͨͫ.

828 4568 320 80 "First
1196 4568 232 80 editi
1436 4588 52 60 o
1496 4568 140 80 n."

704 4672 100 96 ©
864 4676 236 80 Mar.
1152 4676 136 92 19,
1344 4676 108 80 19
1456 4676 112 80 30
1584 4696 28 64 ;
1676 4676 128 80 2c.
1864 4684 100 72 M
1964 4696 136 60 ar.
2156 4676 160 92 19;
2376 4696 48 56 a
2440 4676 96 76 ff.
2596 4676 236 76 Mar.
2888 4676 160 92 21;
3112 4676 72 76 A
3244 4676 332 88 20460;
3640 4676 380 96 Harper
4072 4676 72 80 &
4200 4680 244 76 bros.

856 4784 488 96 (30-8157)
4160 4784 228 84 2614

704 4940 576 120 Eldridge,
1332 4940 384 104 Frank
1764 4940 348 116 Reed,
2168 4952 320 96 1889-

824 5088 628 132 Financing
1536 5104 392 120 export
2008 5092 644 132 shipments,
2728 5092 148 132 by
2956 5096 128 104 F.
3168 5096 132 104 R.
3388 5092 544 132 Eldridge
4024 5096 72 108 …
4284 5096 268 104 New

692 5240 316 104 York
1072 5240 204 104 and
1356 5240 500 120 London,
1928 5240 448 132 Harper
2440 5244 84 92 &
2600 5240 536 132 brothers,
3208 5248 296 96 1930.

824 5392 92 76 ix
972 5416 112 72 p.,
1136 5396 44 76 1
1232 5396 36 68 1
1272 5456 44 28 .,
1368 5396 164 80 231
1584 5416 84 72 p.
1780 5396 300 80 forms
2136 5396 260 92 (part
2448 5396 276 92 fold.)
2856 5388 508 88 22ͨͫ.

828 5504 312 80 "First
1196 5504 432 80 edition."

704 5604 100 96 ©
860 5616 240 76 Mar.
1152 5612 132 92 19,
1344 5612 272 84 1930;
1676 5616 48 76 2
1728 5636 48 60 c
1788 5680 16 16 .
1860 5620 236 72 Mar.
2156 5612 152 84 18;
2380 5624 84 72 af
2460 5624 40 68 f
2516 5680 16 12 .
2592 5620 232 72 Mar.
2884 5616 164 88 21;
3108 5616 80 76 A
3240 5616 336 92 20464;
3636 5616 376 92 Harper
4068 5620 68 76 &
4196 5616 240 76 bros.

848 5720 488 96 (30-8366)
4152 5716 228 88 2615

700 5872 440 124 Fisher,
1196 5872 432 128 Irving,
1692 5880 328 104 1867-

824 6020 232 104 The
1108 6020 388 136 theory
1548 6024 128 100 of
1724 6024 456 104 interest
2232 6064 116 64 as
2404 6028 676 100 determined
3132 6028 144 128 by
3332 6028 652 132 impatience
4036 6040 112 88 to
4204 6024 348 132 spend

688 6172 416 100 income
1200 6172 216 100 and
1512 6176 728 128 opportunity
2336 6188 112 92 to
2544 6176 352 104 invest
2992 6180 128 128 it,
3208 6176 144 132 by
3440 6176 400 132 Irving
3936 6176 392 100 Fisher
4412 6168 68 120 …

688 6320 268 104 New
1040 6320 344 132 York,
1468 6320 232 104 The
1780 6324 648 104 Macmillan
2512 6364 572 96 company,
3172 6332 292 96 1930.

824 6500 188 56 xxv
1020 6480 32 76 i
1056 6480 32 76 i
1152 6500 108 72 p.,
1324 6484 52 76 3
1440 6480 28 68 1
1484 6476 32 84 ..
1588 6484 284 76 3-566
1932 6504 84 72 p.
2136 6484 300 76 tables
2488 6484 92 84 (1
2652 6484 280 92 fold.)
3012 6488 348 92 diagrs.
3416 6484 260 96 (part
3744 6480 280 92 fold.)
4148 6472 564 96 22½ͨͫ.

820 6588 440 80 Revision
1316 6592 100 76 of
1472 6592 160 76 the
1680 6592 420 76 author's
2156 6596 192 72 The
2404 6596 204 72 rate
2664 6596 100 76 of
2812 6596 424 92 interest,
3292 6592 492 96 published
3840 6592 96 76 in
3992 6592 248 80 1907.

824 6700 340 72 Errata
1224 6696 184 92 slip
1460 6696 412 80 inserted
1932 6700 412 76 between
2400 6724 76 72 p.
2532 6700 140 76 xii
2724 6704 184 76 and
2960 6704 204 80 xiii.

820 6804 724 92 Bibliography:
1608 6824 84 72 p.
1756 6808 420 76 543-550.

700 6904 96 96 ©
856 6916 236 76 Mar.
1148 6916 132 88 11,
1340 6916 268 88 1930;
1668 6916 52 72 2
1728 6936 48 56 c
1784 6976 16 16 .
1860 6920 184 72 and
2104 6916 156 76 aff.
2324 6920 232 76 Mar.
2616 6916 156 88 12;
2836 6916 76 76 A
2972 6916 332 92 20265;
3368 6916 544 80 Macmillan
3972 6940 132 56 co.

848 7020 484 96 (30-8152)
4144 7024 228 80 2616

692 7172 480 124 Garvon,
1232 7172 540 112 Maurice.

912 7320 64 112 …
1040 7320 232 100 The
1368 7324 340 100 devil:
1816 7360 140 64 an
2048 7324 604 120 historical,
2744 7328 460 116 critical,
3300 7328 216 104 and
3612 7328 460 104 medical
4172 7324 360 136 study.

688 7468 260 112 New
1004 7472 344 100 York.
1404 7472 128 104 E.
1592 7472 120 104 P.
1768 7472 432 104 Dutton
2252 7480 88 96 &
2388 7508 192 96 co.,
2632 7480 200 100 inc.
2904 7480 372 132 [ͨ1930]
