4920 8252
616 688 608 124 Benstead,
1284 688 480 108 Charles
1812 688 536 104 Richard.

748 844 488 132 Retreat.,
1292 872 60 68 a
1416 848 304 128 story
1784 840 124 104 of
1972 848 292 124 1918,
2320 840 144 132 by
2532 836 460 108 Charles
3056 836 132 100 R.
3256 832 580 100 Benstead.
3984 824 500 128 London,

616 992 524 100 Methuen
1188 992 88 92 &
1328 1028 152 68 co.
1532 992 196 104 ltd.
1796 992 324 96 [1930]

740 1144 192 92 317,
936 1148 84 92 [1
1024 1148 48 72 ]
1168 1152 112 84 p.,
1340 1148 48 72 1
1448 1144 36 76 l
1492 1208 16 16 .
1624 1144 596 88 19½ͨͫ.

748 1280 220 92 Map
1028 1300 116 56 on
1204 1280 652 92 lining-paper.

616 1408 96 96 ©
784 1412 48 80 1
816 1424 96 76 c.
980 1412 216 80 Feb.
1260 1416 80 88 3,
1408 1416 48 72 1
1464 1412 56 80 9
1520 1416 160 92 30;
1752 1416 80 76 A
1896 1420 120 72 ad
2084 1412 168 80 int.
2320 1412 104 80 13
2456 1416 60 80 3
2544 1416 104 88 7;
2720 1412 280 92 pubd.
3068 1412 212 76 Jan.
3352 1408 104 92 9;
3528 1408 420 88 Century
4012 1424 160 68 co.,
4244 1400 236 76 New

748 1524 276 76 York.
1160 1520 156 96 (30
1320 1568 44 44 -
1376 1524 108 80 48
1480 1548 56 76 4
1548 1524 56 76 8
1620 1524 28 92 )
4136 1504 188 88 812

608 1700 312 128 Bird,
976 1704 608 104 Frederick
1644 1704 456 124 Lucien,
2160 1716 252 96 1891
2420 1772 64 12 –

740 1852 396 100 Public
1208 1852 620 132 ownership
1896 1892 140 64 on
2108 1852 316 112 trial;
2500 1888 64 64 a
2632 1852 332 132 study
3032 1852 124 96 of
3220 1844 608 132 municipal
3900 1844 292 132 light
4264 1840 212 100 and

608 2036 372 96 power
1052 2000 120 104 in
1256 2000 664 132 California,
1992 2004 152 132 by
2220 2000 600 104 Frederick
2892 2000 128 104 L.
3104 2000 284 100 Bird
3468 1996 220 100 and
3768 1996 476 100 Frances
4324 1988 152 104 M.

608 2152 352 132 Ryan.
1092 2152 272 100 New
1424 2152 348 132 York,
1836 2152 268 104 New
2160 2152 492 132 republic
2716 2152 248 132 inc.,
3024 2156 292 96 1930.

740 2312 160 80 xvi
904 2308 28 80 i
948 2312 56 96 i,
1068 2312 168 80 186
1292 2336 84 72 p.
1488 2312 304 96 diagr.
1904 2308 600 88 18ͨͫ.

628 2436 96 104 ©
780 2452 216 76 Jan.
1044 2448 140 92 24,
1248 2444 120 96 19
1356 2448 164 92 30;
1580 2452 132 76 2c.
1768 2452 212 76 Jan.
2036 2452 60 72 2
2092 2448 52 76 9
2180 2468 20 60 ;
2264 2448 136 76 aff
2408 2508 16 16 .
2480 2444 212 80 Jan.
2752 2444 52 80 2
2812 2440 56 80 8
2892 2464 20 72 ;
2976 2448 76 72 A
3112 2444 332 92 18391;
3508 2440 228 76 New
3796 2440 444 96 republic,
4304 2440 176 76 inc.

772 2556 264 92 (30-4
1044 2560 48 76 5
1100 2556 156 92 33)
4144 2544 180 84 813

608 2732 464 128 Birney,
1132 2736 584 124 Hoffman,
1780 2748 256 96 1891
2040 2804 56 12 –

748 2892 236 100 The
1048 2924 120 68 ca
1176 2896 72 92 ñ
1256 2924 140 68 on
1464 2888 124 108 of
1644 2892 272 104 Lost
1972 2892 140 100 W
2124 2924 48 68 a
2196 2892 228 112 ters
2384 2920 20 68 ,
2508 2892 144 136 by
2716 2888 536 104 Hoffman
3324 2888 448 132 Birney.
3920 2884 564 100 Philadel-

616 3040 296 132 phia,
968 3040 232 104 The
1252 3044 312 100 Penn
1616 3044 648 132 publishing
2316 3076 540 100 company
2920 3040 376 132 [ͨ1930]

744 3200 52 72 4
848 3220 80 72 p.
980 3196 88 92 1.,
1124 3232 24 60 [
1152 3200 56 76 7
1228 3212 60 48 ]–
1296 3196 168 80 305
1512 3220 88 72 p.
1716 3192 596 88 19½ͨͫ.

620 3316 100 96 ©
780 3332 216 80 Jan.
1044 3332 76 80 3,
1184 3332 44 76 1
1236 3332 52 80 9
1296 3332 156 92 30;
1512 3332 100 76 2c
1628 3392 12 16 .
1700 3332 184 80 and
1940 3332 160 80 aff.
2160 3332 212 76 Feb.
2432 3332 52 76 6
2512 3352 20 68 ;
2596 3332 80 76 A
2728 3328 224 84 1850
2956 3328 56 80 9
3040 3348 20 72 ;
3120 3332 260 76 Penn
3432 3328 216 96 pub.
3700 3348 136 56 co.

772 3440 484 96 (30-4488)
4144 3428 180 88 814

612 3620 384 124 Black,
1056 3620 396 104 James
1500 3620 752 128 Macdougall,
2316 3628 256 100 1879
2580 3688 64 12 –

752 3776 440 132 Rogues
1268 3776 124 104 of
1460 3776 184 104 the
1724 3776 352 116 Bible,
2152 3776 144 132 by
2372 3776 376 104 James
2824 3772 348 104 Black
3248 3776 72 112 …
3524 3772 268 100 New
3876 3772 308 100 York
4264 3772 216 104 and

616 3924 496 132 London,
1172 3924 448 136 Harper
1672 3928 92 100 &
1812 3924 536 136 brothers,
2412 3928 288 100 1930.

744 4100 64 60 x
860 4100 112 76 p.,
1028 4084 48 72 1
1128 4084 60 80 1.
1196 4140 16 24 ,
1268 4080 168 80 262
1492 4100 80 76 p.
1692 4080 52 76 2
1748 4084 540 84 0ͨͫ
1900 4144 16 20 .

756 4216 280 80 "This
1092 4216 236 80 book
1388 4216 84 80 is
1532 4240 52 56 a
1644 4220 204 92 plea
1916 4216 152 80 for
2124 4240 52 56 a
2240 4220 324 76 revalu
2572 4236 52 60 a
2636 4216 224 92 tion,
2920 4220 224 88 long
3196 4216 432 92 overdue,
3692 4216 104 80 of
3852 4236 252 60 some
4160 4216 104 80 of
4320 4216 160 80 the

616 4328 612 92 outstanding
1280 4332 548 72 characters
1880 4328 100 76 of
2036 4328 160 80 the
2256 4328 288 88 Bible,
2604 4328 208 76 who
2872 4328 240 76 have
3168 4328 228 76 been
3452 4324 724 96 immemorially
4232 4324 252 80 criti-

608 4436 252 80 cised
912 4456 112 60 or
1064 4456 48 60 c
1120 4436 1084 80 ondemned."—Introd.

752 4548 384 76 London
1196 4544 348 80 edition
1628 4548 24 88 (
1676 4548 88 72 H
1772 4548 288 76 odder
2116 4548 184 72 and
2368 4548 548 88 Stoughton,
2980 4544 416 92 limited)
3468 4548 172 76 has
3700 4544 264 80 title:
4032 4544 140 76 An
4232 4544 248 92 apol-

608 4676 176 76 ogy
836 4660 160 76 for
1040 4676 364 76 rogues.

628 4788 96 96 ©
796 4792 216 80 Feb.
1076 4792 52 76 5
1136 4852 16 32 ,
1220 4792 44 76 1
1272 4792 112 80 93
1388 4792 104 88 0;
1560 4792 96 80 2c
1672 4852 16 16 .
1756 4792 212 76 Feb.
2036 4792 100 84 4;
2208 4812 48 56 a
2268 4788 100 80 ff.
2436 4792 216 76 Feb.
2716 4792 104 88 7;
2888 4792 80 72 A
3036 4788 328 96 19393;
3436 4792 380 92 Harper
3880 4788 72 80 &
4012 4792 244 76 bros.

776 4900 204 96 (30-
984 4924 52 76 4
1048 4900 212 92 595)
4148 4896 168 80 815

620 5080 580 128 Bowman,
1268 5080 272 104 Milo
1600 5080 360 124 Jesse,
2036 5084 320 108 1874—

760 5236 632 104 Handbook
1440 5236 128 100 of
1616 5236 664 132 elementary
2328 5236 36 100 l
2376 5268 196 100 aw,
2620 5236 152 132 by
2820 5236 120 96 M
2952 5236 28 96 i
2992 5236 104 100 lo
3144 5236 112 104 J.
3312 5236 532 104 Bowman
3916 5252 72 108 …
4152 5240 196 124 [pt.
4404 5240 92 128 1,

624 5388 508 132 chapters
1196 5392 124 96 16
1372 5400 112 88 to
1544 5392 156 116 19,
1752 5388 176 100 inc
1932 5384 36 100 l
1984 5448 56 64 .]
2200 5388 156 100 St.
2416 5388 320 108 Paul,
2788 5388 396 132 Minn.,
3232 5388 312 100 West
3600 5384 648 136 publishing
4304 5420 192 92 co.,

628 5544 288 96 1929.

760 5692 48 76 1
868 5716 84 72 p.
1012 5684 32 80 l
1052 5752 44 32 .,
1156 5692 172 80 239
1360 5736 20 12 –
1384 5692 164 80 307
1608 5712 84 72 p.
1808 5688 596 88 23ͨͫ
2016 5752 12 16 .
2104 5688 60 88 (
2216 5700 132 68 On
2404 5688 180 88 cov
2556 5700 56 64 e
2588 5712 44 56 r
2700 5712 28 56 :
2788 5692 92 76 H
2884 5712 108 60 or
2992 5696 120 76 nb
3124 5692 176 80 ook
3360 5692 344 96 series)

628 5792 96 96 ©
796 5800 216 80 Dec.
1080 5800 128 84 24.
1284 5804 32 72 1
1336 5800 104 76 92
1448 5800 60 76 9
1524 5812 24 76 ;
1620 5804 120 96 2c
1736 5864 16 16 .
1820 5800 208 80 Jan.
2100 5804 120 96 15.
2300 5800 164 80 193
2480 5808 48 76 0
2556 5820 16 60 ;
2644 5828 44 52 a
2704 5800 96 80 ff.
2872 5800 216 80 Jan.
3156 5804 156 88 13;
3388 5800 80 80 A
3532 5800 332 92 17886;
3936 5804 168 76 We
4112 5808 88 68 st
4268 5804 180 88 pub
4460 5864 16 16 .

752 5928 112 64 co
864 5968 28 24 .
4148 5904 176 88 816

620 6088 608 124 Bradford,
1292 6088 648 108 Columbus.

748 6240 524 100 Terrania
1300 6260 36 76 ;
1412 6276 156 96 or,
1632 6244 236 100 The
1940 6240 764 104 feminization
2772 6244 124 104 of
2964 6248 184 100 the
3220 6244 376 104 world,
3664 6244 152 132 by
3880 6240 604 112 Columbus

616 6388 572 104 Bradford
1412 6388 68 120 …
1616 6392 448 104 Boston.
2184 6396 232 100 The
2532 6392 732 136 Christopher
3384 6392 648 136 publishing
4148 6388 332 108 house

652 6528 340 140 [ͨ1930]

748 6692 156 92 vii,
984 6708 88 80 [1
1112 6692 60 84 ]
1132 6712 108 72 p.,
1296 6696 48 76 1
1400 6696 32 76 l
1440 6756 48 28 .,
1540 6696 172 76 208
1760 6716 84 72 p.
1956 6692 600 84 19½ͨͫ.

628 6796 96 96 ©
776 6804 216 76 Feb.
1040 6804 76 88 3,
1164 6804 272 84 1930;
1488 6804 48 76 2
1544 6816 44 68 c
1604 6868 12 12 .
1672 6804 212 80 Feb.
1932 6808 100 88 8;
2088 6804 160 84 aff.
2300 6808 212 80 Feb.
2560 6808 104 80 7:
2720 6808 76 76 A
2844 6808 228 76 1946
3072 6808 56 72 5
3156 6828 20 60 :
3232 6808 624 92 Christopher
3900 6808 212 92 pub.
4160 6804 320 76 house.

772 6912 488 92 (30-4724)
4148 6908 172 84 817

616 7088 692 124 Brennecke,
1368 7092 456 128 Ernest,
1892 7104 256 96 1896
2156 7164 64 12 –

748 7240 584 132 Magazine
1404 7240 276 104 artic
1688 7244 36 100 l
1736 7280 52 64 e
1856 7244 204 100 wri
2068 7252 44 92 t
2116 7244 200 132 ing
2308 7280 28 68 ,
2412 7248 148 100 by
2628 7252 408 96 Ernest
3112 7248 436 100 Brenne
3556 7284 52 64 c
3612 7248 172 128 ke,
3852 7248 36 128 j
3904 7284 88 64 r.
4100 7240 64 108 …
4268 7276 48 68 a
4336 7240 144 104 nd

612 7384 440 108 Donald
1144 7392 404 100 Lemen
1640 7392 344 108 Clark
2048 7392 68 108 …
2348 7396 268 100 New
2704 7396 352 120 York,
3144 7396 236 104 The
3464 7392 644 108 Macmillan
4204 7428 280 64 com-

616 7572 324 104 pany,
1012 7544 284 100 1930.

2412 7700 196 100 130
