4800 8320
348 672 64 112 …
476 668 284 104 New
820 672 552 100 universal
1436 668 1024 132 self-pronouncing
2528 668 620 132 dictionary
3212 668 120 100 of
3400 668 184 104 the
3648 668 472 132 English

420 812 540 132 language
1036 816 64 112 …
1208 812 324 104 based
1600 848 292 96 upon
1960 812 180 104 the
2204 808 656 104 foundation
2920 808 228 100 laid
3212 812 140 132 by
3420 808 316 100 Noah
3800 812 312 100 Web-

424 976 248 120 ster,
716 960 356 100 edited
1128 960 212 100 and
1392 956 688 104 modernized
2128 964 144 128 by
2320 956 168 104 W.
2540 960 108 104 J.
2704 956 264 104 Pelo
3028 968 60 108 …
3200 956 268 104 with
3524 992 136 68 an
3712 992 400 96 appen-

424 1120 192 100 dix
676 1116 636 128 containing
1376 1116 436 128 foreign
1876 1116 356 100 words
2296 1116 216 100 and
2576 1112 484 132 phrases,
3124 1112 568 104 Christian
3756 1148 368 68 names

428 1256 120 104 of
596 1292 244 72 men
900 1260 212 100 and
1172 1288 448 100 women,
1672 1288 368 72 names
2092 1256 120 100 of
2264 1288 444 100 persons
2768 1256 212 104 and
3040 1252 388 136 places,
3488 1252 216 104 and
3764 1256 356 100 words

424 1408 216 100 and
692 1404 444 132 phrases
1192 1404 624 116 frequently
1868 1404 440 100 alluded
2364 1412 148 128 to,
2564 1412 192 92 etc.
2900 1400 816 132 Philadelphia,
3768 1404 352 100 Inter-

420 1552 488 104 national
972 1588 332 96 press,
1372 1556 288 96 1930.

428 1720 60 60 x
496 1708 88 76 vi
640 1728 108 72 p.,
800 1708 48 72 1
904 1712 32 72 l
944 1768 48 28 .,
1040 1708 48 72 1
1100 1708 104 76 06
1208 1708 56 72 4
1316 1724 84 72 p.
1516 1724 100 56 co
1624 1708 56 72 l.
1732 1708 288 72 front.
2140 1708 216 72 19ͨͫ.

312 1824 92 88 ©
464 1824 216 76 Feb.
728 1824 80 92 4,
864 1820 104 80 19
976 1820 112 80 30
1112 1840 20 72 ;
1192 1820 124 80 2c.
1376 1820 240 76 June
1668 1820 100 92 6;
1828 1820 156 80 aff.
2044 1820 96 72 M
2144 1840 120 72 ay
2312 1816 160 92 29;
2528 1816 84 76 A
2660 1816 332 92 24323;
3052 1816 252 80 John
3356 1816 72 80 C
3436 1880 12 20 .
3508 1820 428 76 Winston
3992 1840 48 56 c
4048 1844 48 56 o
4108 1880 12 20 ,

464 1928 536 96 (30-18783)
3736 1924 228 84 7474

348 2092 60 108 …
468 2084 280 100 New
796 2088 552 100 universal
1396 2084 1024 132 self-pronouncing
2472 2084 620 132 dictionary
3140 2084 268 100 with
3464 2124 136 64 an
3652 2088 472 128 encyclo-

428 2224 316 136 pedic
848 2224 584 136 appendix.
1572 2228 416 136 Handy
2088 2228 160 100 ed.
2392 2228 408 104 Edited
2908 2228 136 136 by
3148 2228 168 104 W.
3420 2228 104 104 J.
3632 2228 96 100 P
3732 2264 52 60 e
3792 2228 100 96 lo
3972 2232 68 108 …

428 2372 812 136 Philadelphia,
1300 2372 476 136 Chicago
1844 2412 32 76 [
1880 2388 100 88 et
1980 2388 124 100 c.]
2176 2376 232 100 The
2464 2376 300 104 John
2824 2376 120 104 C.
3000 2372 508 108 Winston
3564 2412 568 100 company,

432 2532 288 96 1930.

428 2680 56 76 3
536 2704 84 68 p.
672 2680 88 88 l.,
820 2680 168 76 624
1040 2700 84 68 p.
1240 2680 52 72 1
1296 2680 52 72 3
1408 2680 108 76 ½ͨͫ.
1652 2676 996 92 (Winston-universal
2704 2680 528 88 dictionary
3296 2680 336 92 series)

320 2780 92 96 ©
472 2796 220 88 May
744 2792 76 96 6,
872 2792 272 92 1930;
1200 2792 52 76 2
1256 2816 48 56 c
1312 2856 16 16 .
1384 2796 244 76 June
1680 2792 100 92 6;
1836 2788 160 84 aff.
2048 2792 224 92 May
2324 2788 156 96 29;
2540 2792 80 76 A
2668 2792 328 92 24322;
3060 2792 248 80 John
3368 2792 64 80 C
3440 2852 16 20 .
3520 2792 424 80 Winston
4004 2816 100 52 co
4116 2856 16 12 .

460 2900 540 96 (30-18782)
3740 2900 224 80 7475

300 3056 88 104 O
396 3056 124 104 'C
524 3084 64 68 o
592 3088 320 88 nnor,
972 3052 300 108 Winf
1272 3052 28 100 i
1316 3056 168 100 eld
1544 3056 356 120 Scott,
1964 3064 328 96 1884-

436 3200 496 132 Jockeys,
1000 3200 376 104 crooks
1444 3204 212 100 and
1720 3200 376 132 kings;
2168 3200 180 104 the
2408 3212 304 120 story
2776 3200 124 104 of
2956 3204 444 104 Winnie
3468 3200 668 108 O'Connor's

304 3352 196 100 life
576 3384 112 68 as
760 3352 232 100 told
1068 3364 112 88 to
1256 3352 272 96 Earl
1600 3348 444 132 Chapin
2112 3352 320 132 May;
2516 3352 548 100 woodcuts
3136 3352 148 132 by
3356 3356 324 132 Lynd
3764 3356 364 104 Ward.

304 3500 268 104 New
624 3496 344 132 York,
1012 3500 108 104 J.
1180 3496 296 132 Cape
1524 3500 88 100 &
1660 3500 148 100 H.
1868 3496 364 108 Smith
2292 3504 224 124 [193
2528 3508 60 92 0
2596 3564 24 64 ]

440 3660 48 76 3
544 3680 84 72 p.
672 3660 32 72 l
716 3716 44 36 .,
812 3656 104 76 21
928 3656 56 80 9
1028 3676 64 72 p
1096 3716 16 20 .
1220 3656 44 76 f
1272 3680 44 52 r
1324 3676 116 60 on
1444 3660 68 76 t.
1564 3656 104 96 (p
1676 3676 48 60 o
1732 3656 164 92 rt.)
2020 3656 108 76 22
2136 3656 44 76 ½
2188 3664 104 68 +.

448 3764 604 80 Ornamental
1108 3764 672 92 lining-papers
1816 3784 16 72 ;
1892 3764 392 80 initials.

444 3876 344 76 Errata
848 3872 188 92 slip
1088 3872 416 76 inserted
1568 3872 320 76 before
1948 3872 484 80 half-title.

320 3980 92 88 ©
472 3988 224 84 July
740 3980 132 92 14,
920 3980 48 76 1
976 3980 172 80 930
1172 4000 20 72 ;
1244 3980 132 80 2c.
1424 3980 188 76 and
1660 3980 156 76 aff.
1868 3980 224 92 July
2140 3968 156 104 16';
2352 3980 80 76 A
2476 3976 328 96 26179;
2864 3980 480 80 Jonathan
3396 3984 68 80 C
3472 4004 172 72 ape
3692 3988 72 76 &
3816 3988 84 76 H
3908 4012 48 52 a
3968 3988 172 76 rri-

452 4112 164 56 son
676 4088 324 92 Smith,
1056 4088 176 80 inc.
1360 4088 540 96 (30-18827)
3728 4096 228 80 7476

304 4244 520 120 Rediger,
876 4240 608 124 Benjamin
1544 4244 128 104 E.

440 4392 232 100 The
752 4392 384 100 drama
1216 4388 124 104 of
1420 4388 316 104 Bible
1820 4392 612 104 characters
2512 4392 116 100 in
2712 4392 184 104 the
2976 4392 296 104 faith
3324 4388 64 112 …
3564 4400 148 108 by
3800 4404 124 96 B.
4012 4404 128 96 E.

304 4536 480 132 Rediger
884 4540 76 112 …
1108 4544 388 128 Berne,
1564 4540 288 128 Ind.,
1912 4536 276 104 Pub.
2256 4544 148 128 by
2468 4544 180 100 the
2720 4544 452 132 author;
3240 4544 444 132 printed
3752 4552 148 128 by
3964 4552 184 100 the

308 4688 560 132 Economy
916 4688 508 132 printing
1472 4724 492 96 concern,
2012 4688 112 100 in
2124 4708 56 76 c
2200 4772 16 16 .
2284 4716 64 68 [ͨ
2360 4692 120 96 19
2492 4692 128 96 30
2612 4732 32 68 ]

448 4840 52 76 2
552 4860 60 56 v
616 4900 20 20 .
748 4844 44 72 f
800 4860 104 68 ro
904 4840 180 80 nts.
1144 4844 96 92 (p
1248 4860 52 56 o
1304 4844 216 92 rts.)
1648 4840 52 76 2
1708 4840 52 80 0
1772 4844 104 76 ͨͫ.

456 4948 68 80 C
544 4960 56 60 O
588 4968 64 56 N
660 4960 532 68 TENTs.-v.
1248 4944 80 84 1.
1384 4944 172 80 Old
1608 4952 776 76 Testament.-v.
2436 4952 80 80 2.
2568 4952 224 76 New
2848 4956 564 80 Testament.

328 5032 92 88 ©
480 5064 224 88 July
752 5060 72 76 3.
880 5056 272 92 1930;
1208 5060 128 76 2c.
1392 5060 228 76 each
1672 5064 180 72 and
1908 5060 208 80 affs.
2168 5064 228 92 July
2448 5064 100 88 8;
2608 5064 80 72 A
2736 5064 304 92 26012,
3096 5064 52 76 2
3156 5060 52 72 0
3208 5064 216 92 013;
3488 5072 496 88 Benjamin
4044 5076 72 72 E
4124 5136 12 12 .

456 5168 424 96 Rediger,
940 5168 76 76 F
1020 5172 40 72 t
1064 5228 20 16 .
1140 5172 380 92 Wayne,
1584 5172 200 76 Ind.
1916 5172 536 92 (30-18756)
3432 5172 260 96 7477,
3752 5176 228 80 7478

316 5292 504 124 Reisner,
884 5292 484 104 Edward
1428 5296 604 124 Hartman,
2100 5312 300 92 1885-

448 5444 232 100 The
732 5444 552 100 evolution
1340 5444 124 100 of
1508 5444 188 100 the
1748 5480 492 68 common
2292 5448 400 132 school,
2744 5452 144 128 by
2944 5452 484 104 Edward
3488 5456 148 100 H.
3696 5456 452 100 Reisner

424 5596 68 104 …
560 5588 268 100 New
884 5588 344 132 York,
1280 5592 232 100 The
1564 5592 648 104 Macmillan
2264 5628 572 104 company,
2896 5604 288 96 1930.

460 5760 60 56 x
564 5764 112 72 p.,
732 5744 48 72 1
832 5744 88 92 l.,
968 5744 56 76 5
1024 5744 52 76 9
1084 5744 52 76 0
1184 5764 56 72 p
1252 5808 16 20 .
1384 5744 28 76 i
1420 5748 72 72 ll
1492 5768 60 56 u
1564 5760 64 64 s.
1744 5744 272 80 20½ͨͫ.

460 5852 432 76 Includes
940 5852 736 92 bibliographies.

336 5952 92 88 ©
504 5964 224 88 July
788 5960 136 92 15,
992 5960 272 96 1930;
1332 5964 124 76 2c.
1532 5964 180 76 and
1784 5964 156 80 aff.
2012 5968 220 88 July
2300 5964 156 96 16;
2528 5968 84 76 A
2672 5968 332 92 26186;
3076 5972 100 76 E.
3256 5972 108 76 H.
3436 5972 288 80 Reisn
3728 5996 48 52 e
3784 5996 72 72 r,
3920 5976 228 80 New

464 6068 276 80 York.
884 6068 536 96 (30-18846)
3764 6084 224 80 7479

320 6192 532 128 Rosman,
908 6196 312 104 Alice
1280 6200 400 108 Grant.

452 6348 232 100 The
740 6384 368 96 young
1168 6356 212 96 and
1440 6360 368 124 secret,
1864 6356 144 132 by
2060 6356 312 100 Alice
2432 6356 356 104 Grant
2848 6360 508 104 Rosman.
3488 6364 264 100 New
3812 6364 344 112 York,

320 6492 472 136 Minton,
848 6500 344 100 Balch
1248 6504 88 96 &
1384 6536 572 100 company,
2012 6512 284 92 1930.

460 6648 56 72 4
568 6668 84 72 p.
700 6652 88 88 l.,
844 6648 280 80 3-312
1176 6672 84 72 p.
1376 6652 276 92 19½ͨͫ.

340 6744 96 96 ©
508 6760 52 72 J
564 6772 60 60 u
628 6772 124 60 ne
812 6756 132 92 27,
1016 6756 268 96 1930;
1352 6764 132 76 2c.
1552 6764 224 92 July
1840 6764 156 88 12;
2072 6764 100 76 af
2164 6764 44 76 f
2212 6828 16 12 .
2300 6768 224 92 July
2584 6768 160 92 21;
2820 6768 80 76 A
2960 6768 52 80 2
3020 6764 48 84 5
3076 6768 216 96 618;
3364 6776 104 76 A.
3544 6776 100 76 G.
3712 6776 80 72 R
3800 6796 104 56 os
3908 6796 240 72 man,

472 6864 404 80 London.
1012 6864 540 100 (30-18861)
3764 6880 232 84 7480

328 6984 412 128 Storm,
800 6992 356 100 Grace
1216 6992 400 124 Emily.

464 7132 504 140 Reading
1012 7140 544 104 activities
1600 7144 116 100 in
1760 7148 184 100 the
1992 7148 496 132 primary
2536 7156 428 128 grades,
3008 7152 148 132 by
3204 7156 352 104 Grace
3604 7160 124 100 E.
3788 7160 360 100 Storm

392 7280 64 104 …
520 7284 208 100 and
792 7284 260 104 Nila
1116 7292 128 96 B.
1312 7288 360 104 Smith
1728 7284 64 104 …
1996 7296 448 128 Boston,
2508 7300 264 100 New
2840 7304 312 96 York
3228 7308 264 128 [etc.]
3572 7304 300 108 Ginn
3940 7308 208 100 and

332 7456 536 104 company
932 7424 332 112 [ͨ1930]

2112 7596 264 96 1143
