4800 8268
228 748 628 124 Crawford,
908 748 500 100 Thomas
1460 744 504 124 Dwight.

356 900 108 100 A
536 904 356 128 digest
960 904 120 100 of
1148 900 600 100 Tennessee
1816 896 528 104 decisions
2416 900 508 124 reported
2996 896 116 100 in
3184 896 600 100 Tennessee
3856 892 196 108 Su-

224 1088 136 92 pr
368 1084 56 64 e
424 1088 168 64 me
652 1060 308 88 court
1020 1056 456 120 reports,
1540 1084 132 60 vo
1680 1048 40 96 l
1724 1080 296 68 umes
2088 1052 52 92 1
2200 1052 44 92 t
2252 1084 60 64 o
2380 1052 48 92 1
2440 1052 56 92 5
2504 1040 116 132 7;
2692 1044 220 104 Sou
2920 1052 48 92 t
2968 1048 540 96 hwestern
3568 1076 320 96 repor
3892 1052 48 92 t
3944 1076 116 68 er

224 1208 112 92 to
412 1232 100 68 v.
596 1204 156 124 11,
828 1196 388 104 second
1292 1196 380 128 series;
1756 1192 536 132 Wright's
2372 1196 532 128 chancery
2984 1196 396 128 appeal
3456 1200 464 124 reports,
3996 1196 64 96 2

220 1348 532 124 volumes;
840 1344 568 132 Chancery
1480 1348 448 124 appeals
2008 1340 528 104 decisions
2612 1344 508 128 reported
3188 1340 120 104 in
3376 1340 484 104 volumes
3928 1348 128 96 35

220 1508 112 88 to
400 1504 132 92 64
592 1496 124 100 of
784 1496 816 104 Southwestern
1668 1500 544 120 reporter;
2288 1492 512 128 Cooper's
2868 1492 536 132 chancery
3472 1500 456 124 reports,
4000 1496 56 92 3

224 1644 532 112 volumes;
824 1640 524 132 Higgins'
1408 1648 456 120 reports,
1932 1648 56 96 8
2048 1640 536 128 volumes;
2656 1640 612 104 Shannon's
3328 1676 324 96 cases,
3716 1648 56 88 3
3832 1644 228 96 vol-

220 1828 192 64 um
412 1828 156 92 es;
644 1792 720 128 Thompson's
1436 1820 324 100 cases,
1832 1796 56 92 1
1960 1792 480 124 volume;
2524 1788 340 104 Court
2936 1792 120 100 of
3128 1792 396 128 appeal
3596 1796 464 120 reports,

220 1948 60 96 6
344 1944 536 124 volumes;
956 1940 224 104 also
1252 1940 148 100 all
1464 1940 600 100 Tennessee
2128 1972 288 68 cases
2484 1940 612 128 appearing
3160 1936 112 100 in
3340 1940 180 100 the
3592 1940 468 100 Federal

220 2096 496 128 reporter
780 2092 320 100 down
1164 2096 112 92 to
1348 2088 424 100 volume
1844 2092 160 124 20,
2072 2088 388 100 second
2528 2084 360 132 series,
2960 2092 216 96 and
3248 2088 152 100 all
3464 2088 600 100 Tennessee

220 2272 288 68 cases
596 2236 536 132 appealed
1216 2248 112 88 to
1412 2240 184 96 the
1684 2236 528 128 Supreme
2292 2248 308 88 court
2684 2236 124 100 of
2888 2236 188 100 the
3152 2236 420 100 United
3664 2236 396 136 States,

220 2392 320 96 down
608 2400 112 88 to
788 2388 432 100 volume
1284 2392 60 88 2
1352 2384 160 132 77,
1580 2384 348 100 either
1996 2384 296 100 from
2356 2388 188 100 the
2616 2384 532 132 Supreme
3212 2396 308 92 court
3584 2388 128 100 of
3780 2388 276 100 Ten-

220 2572 388 92 nessee,
704 2576 124 60 or
924 2536 296 100 from
1312 2536 184 100 the
1592 2532 756 104 intermediate
2452 2536 420 100 federal
2968 2544 396 124 courts,
3456 2536 148 132 by
3696 2536 124 100 T.
3916 2536 140 100 D.

224 2684 584 104 Crawford
876 2768 104 16 ...
1132 2720 68 64 v
1212 2764 16 16 .
1292 2680 88 104 7.
1436 2684 156 96 Tr
1600 2720 60 60 o
1672 2716 184 64 ver
1912 2684 212 100 and
2180 2680 636 100 conversion
2872 2692 48 88 t
2924 2720 60 60 o
3040 2684 348 104 Work
3444 2684 220 104 and
3716 2688 40 96 l
3764 2684 296 132 abor,

220 2836 572 128 including
848 2832 296 100 table
1204 2832 124 104 of
1384 2864 292 72 cases
1736 2828 492 132 digested
2292 2832 216 100 and
2568 2832 296 104 table
2920 2836 124 100 of
3104 2872 292 64 cases
3452 2836 600 100 overruled.

224 2984 320 104 Saint
596 2980 368 112 Louis,
1016 2980 480 100 Thomas
1552 2980 208 100 law
1812 2980 288 100 book
2152 3016 572 96 company,
2788 2988 280 92 1930.

356 3140 52 76 3
464 3160 84 72 p.
608 3140 84 92 1.,
752 3136 504 76 6107-7144
1316 3156 84 72 p.
1512 3136 224 76 26".

232 3268 96 96 ©
388 3276 220 88 May
664 3272 132 92 16,
852 3272 112 76 19
964 3272 52 76 3
1020 3272 56 76 0
1104 3292 16 72 ;
1180 3272 132 76 2c.
1372 3272 184 72 and
1612 3268 156 80 aff.
1828 3272 220 88 May
2104 3268 160 92 19;
2324 3268 84 76 A
2456 3268 332 96 22955;
2852 3272 96 76 T.
3016 3272 108 80 D.
3184 3272 520 92 Crawford,
3764 3276 288 76 Little

356 3384 84 76 R
448 3404 48 56 o
500 3384 140 76 ck.
3660 3380 232 84 5059

212 3560 496 128 Dacqud,
764 3564 424 124 Edgar,
1248 3560 324 108 1878-

348 3716 364 104 Leben
772 3716 160 104 als
992 3716 476 132 symbol;
1536 3712 700 136 metaphysik
2296 3716 292 104 einer
2648 3716 1136 136 entwicklungslehre,
3844 3752 216 68 von

216 3868 384 132 Edgar
676 3868 472 124 Dacqu6.
1292 3868 124 92 M
1412 3868 436 96 tInchen
1924 3868 224 96 und
2228 3864 420 132 Berlin,
2720 3868 132 100 R.
2936 3864 748 136 Oldenbourg,
3768 3872 284 100 1928.

348 4044 60 56 v
412 4080 16 32 ,
488 4020 168 76 254
704 4040 88 72 p.
904 4016 32 80 i
940 4020 240 92 llus.,
1240 4016 348 96 diagrs.
1696 4016 112 80 22
1816 4024 80 52 m

352 4152 672 92 Bibliography
1076 4152 436 76 included
1564 4152 96 76 in
1720 4152 824 92 "Anmerkungen"
2624 4152 128 96 (p.
2804 4156 440 92 251-254)

228 4272 96 96 ©
392 4292 236 72 Mar.
688 4288 132 92 10,
884 4288 272 88 1928;
1220 4288 132 76 1c.
1416 4292 232 72 Mar.
1712 4288 136 92 20,
1912 4288 268 88 1929;
2252 4288 600 92 A-Foreign
2912 4288 116 80 25
3024 4292 52 76 3
3080 4288 104 96 9;
3256 4292 104 76 R.
3428 4292 620 96 Oldenbourg.

376 4396 28 96 ©
416 4400 56 76 3
476 4396 160 80 0-1
644 4400 52 80 3
700 4396 212 96 345)
3660 4400 232 84 5060

212 4584 432 120 Davey,
700 4576 532 108 Clarence
1284 4580 316 120 Paul,
1660 4584 324 100 1897-

364 4816 108 16 ...
568 4732 364 108 Social
1012 4732 412 104 science
1504 4732 404 100 lessons
2000 4732 180 100 for
2260 4732 372 132 junior
2716 4736 512 136 workers,
3308 4740 144 132 by
3536 4736 520 108 Clarence

212 4888 128 100 P.
416 4888 388 128 Davey
876 4888 216 96 and
1164 4880 376 104 James
1616 4880 536 104 Cameron
2236 4960 108 24 ...
2492 4880 272 104 New
2836 4888 348 132 York,
3256 4888 236 104 The
3564 4888 488 136 Century

212 5068 152 72 co.
436 5036 336 128 ['1930
768 5068 36 76 ]

344 5188 260 92 xviii,
652 5188 112 76 94
808 5208 84 72 p.
992 5188 108 76 19
1104 5188 48 76 1
1256 5248 16 16 .
1392 5184 240 92 (The
1684 5184 412 92 Century
2144 5188 532 76 vocational
2720 5188 340 96 series)
3296 5188 252 100 $0.76

352 5324 384 92 "Books,
784 5324 456 88 manuals,
1288 5320 184 76 and
1516 5320 444 76 bulletins
2008 5324 228 72 used
2280 5320 152 80 for
2476 5324 264 80 these
2776 5324 472 80 lessons":
3308 5348 84 72 p.
3440 5328 308 80 92-94.

228 5444 96 96 ©
384 5456 220 96 Apr.
656 5456 136 92 11,
848 5456 116 76 19
960 5456 52 76 3
1020 5456 100 88 0;
1180 5456 132 76 2c.
1368 5456 184 76 and
1612 5456 100 76 af
1684 5452 60 76 f
1752 5520 16 16 .
1828 5456 220 92 Apr.
2104 5456 160 92 15;
2324 5456 84 76 A
2456 5456 332 96 21797;
2856 5460 412 92 Century
3324 5472 136 68 co.

376 5564 28 96 ©
416 5568 56 76 3
472 5564 444 96 0-12997)
3656 5572 232 84 5061

212 5748 528 124 Dawson,
800 5744 656 128 Coningsby
1508 5748 528 124 William,
2100 5760 328 96 1883-

348 5900 572 132 Fugitives
1020 5900 292 100 from
1408 5900 476 132 passion,
1976 5904 144 128 by
2220 5900 640 140 Coningsby
2956 5908 508 100 Dawson.
3608 5908 444 108 Garden

216 6052 296 132 City,
560 6052 132 100 N.
748 6052 176 132 Y.,
972 6052 688 132 Doubleday,
1708 6052 384 100 Doran
2140 6056 220 96 and
2412 6088 572 100 company,
3032 6056 248 132 inc.,
3332 6064 288 96 1930.

344 6208 48 76 5
432 6224 84 76 p.
556 6208 84 88 1.,
680 6208 280 76 3-373
1000 6224 84 72 p.
1196 6208 112 76 19
1316 6204 44 92 4
1368 6204 84 52 m
1456 6236 20 40 .

348 6336 312 80 "First
700 6336 432 80 edition."

232 6456 92 92 ©
380 6472 220 92 Apr.
648 6472 132 92 18,
832 6472 112 76 19
940 6476 52 72 3
1000 6472 100 92 0;
1156 6472 132 76 2c.
1340 6476 188 72 and
1576 6472 156 80 aff.
1784 6476 216 92 May
2056 6476 156 88 12;
2272 6476 72 76 A
2396 6476 328 80 22799:
2788 6476 92 80 C.
2932 6480 140 76 W.
3128 6480 432 96 Dawson,
3616 6484 428 92 Newark,

360 6580 104 84 N.
528 6584 52 76 T
584 6644 20 16 .
728 6584 28 92 (
772 6584 52 76 3
828 6580 436 96 0-12986)
3652 6588 232 80 5062

216 6760 524 124 Dawson,
800 6760 388 104 Elmer
1236 6764 140 104 A.

352 6908 368 140 Garry
776 6912 588 132 Grayson's
1420 6916 496 132 winning
1972 6920 712 128 touchdown;
2744 6960 152 92 or,
2952 6920 472 136 Putting
3476 6928 572 100 Passmore

220 7060 236 100 tech
508 7096 136 68 on
688 7060 184 104 the
920 7096 292 96 map,
1256 7064 144 132 by
1448 7064 376 104 Elmer
1868 7064 140 108 A.
2056 7068 484 100 Dawson
2596 7148 108 20 ...
2764 7072 620 100 illustrated
3436 7076 144 132 by
3628 7076 424 100 Walter

224 7204 108 108 S.
388 7208 448 132 Rogers.
980 7212 264 100 New
1300 7212 348 136 York,
1696 7212 448 108 Grosset
2200 7212 80 92 &
2336 7216 452 132 Dunlap
2848 7208 340 112 ("1930

352 7360 120 96 iv,
524 7364 164 76 216
740 7384 84 72 p.
940 7364 284 80 front.
1340 7352 524 96 19½ͨͫ.
1752 7364 28 96 (
1796 7368 180 76 His
2036 7368 300 92 Garry
2392 7372 424 92 Grayson
2872 7372 400 84 football
3328 7384 144 72 sto
3476 7396 48 56 r
3528 7372 184 96 ies)

236 7488 96 92 ©
400 7496 216 92 May
676 7500 76 88 7,
812 7496 116 80 19
924 7500 52 76 3
984 7496 100 92 0;
1148 7500 132 80 2c.
1340 7504 220 88 May
1624 7504 156 88 10;
1848 7504 104 76 af
1940 7504 44 76 f
1988 7564 20 16 .
2072 7508 220 88 May
2352 7504 100 92 9;
2520 7508 80 72 A
2660 7508 52 72 2
2716 7508 112 76 33
2832 7508 160 92 93;
3064 7508 384 80 Grosset
3508 7508 64 72 &
3640 7508 400 96 Dunlap,

356 7604 180 80 inc.
668 7604 536 96 (30-13097)
3652 7616 236 80 5063

2000 7712 192 108 765
