4800 8268
2236 7716 196 92 708

488 684 648 128 Phillpotts,
1200 688 352 124 Eden,
1616 696 332 96 1862–

616 840 232 100 The
892 840 308 100 three
1248 836 532 132 maidens,
1832 872 60 68 a
1940 836 356 132 novel,
2340 836 148 132 by
2540 836 316 104 Eden
2908 836 648 132 Phillpotts.
3696 844 268 100 New
4000 840 348 140 York,

476 988 128 104 R.
656 992 132 100 R.
844 988 364 108 Smith
1268 988 240 132 inc.,
1564 992 292 100 1930.

608 1144 56 76 2
712 1168 84 72 p.
848 1148 84 88 l.,
980 1144 288 80 3-348
1316 1160 84 76 p.
1516 1140 560 88 19½ͨͫ.

492 1276 100 96 ©
648 1280 220 96 Apr.
920 1280 132 92 18,
1112 1280 272 92 1930;
1440 1280 132 80 2c.
1628 1280 216 92 Apr.
1900 1280 164 92 23;
2124 1300 48 56 a
2184 1280 100 80 ff.
2340 1280 224 92 Apr.
2612 1280 164 92 22;
2836 1280 76 76 A
2964 1276 340 96 23004;
3364 1280 420 80 Richard
3840 1280 112 84 R.
4012 1280 336 96 Smith,

620 1392 176 100 inc.
928 1388 544 96 (30-11380)
3952 1388 232 84 4680

484 1572 404 124 Powel,
944 1568 512 108 Harford
1504 1568 472 128 Willing
2024 1572 348 124 Hare,
2432 1576 324 100 1887-

620 1728 236 104 The
944 1724 596 104 invincible
1628 1724 244 104 Jew
1976 1724 208 132 [by]
2288 1724 516 104 Harford
2896 1724 408 140 Powel,
3388 1724 144 132 jr.
3632 1808 116 20 …
3896 1724 460 108 Indian-

484 1880 388 132 apolis,
920 1876 236 104 The
1208 1876 864 104 Bobbs-Merrill
2120 1912 544 100 company
2728 1940 24 68 [
2760 1880 340 128 ͨ1930]

608 2032 100 76 xi
760 2056 112 72 p.,
928 2036 48 72 1
1028 2036 88 92 1.,
1172 2032 332 76 15-275
1556 2052 88 76 p.
1756 2028 232 84 21ͨͫ.

612 2168 312 80 "First
984 2168 440 80 edition."

608 2276 476 80 "Books":
1144 2296 84 76 p.
1284 2272 424 84 273-275.

488 2392 96 88 ©
652 2416 216 92 May
932 2416 76 92 1,
1072 2416 276 88 1930;
1396 2412 72 76 2
1472 2432 68 60 c.
1612 2416 216 88 May
1888 2412 108 92 3;
2064 2404 160 88 aff.
2288 2412 220 92 May
2576 2408 100 96 5;
2744 2412 80 76 A
2888 2408 332 96 22647;
3292 2416 428 80 Harford
3784 2420 340 92 Powel,
4192 2420 148 96 jr.,

616 2528 380 76 Boston.
1132 2524 544 96 (30-12039)
3944 2524 232 84 4681

476 2708 492 128 Quinby,
1024 2704 420 108 Laurie
1496 2708 104 108 J.

608 2864 236 104 The
904 2860 592 108 American
1556 2860 500 132 republic
2116 2860 124 104 of
2296 2864 336 96 states
2692 2860 220 104 and
2976 2860 644 140 democracy
3680 2864 128 104 of
3868 2864 484 132 citizens,

472 3020 144 132 by
688 3016 404 100 Laurie
1160 3016 104 100 J.
1344 3008 452 136 Quinby
1876 3088 108 24 …
2136 3008 216 108 Los
2420 3008 520 140 Angeles,
3008 3012 612 136 Typosium
3692 3012 660 136 publishers,

476 3172 292 100 1930.

596 3324 48 76 3
660 3320 52 80 6
764 3340 84 76 p.
964 3316 228 84 23ͨͫ.

608 3460 68 76 C
680 3476 124 60 ON
812 3472 248 60 TENT
1064 3472 48 60 S
1124 3512 16 20 .
1144 3452 316 76 -The
1548 3448 616 80 Declaration
2252 3448 104 76 of
2448 3444 652 100 rights.-The
3188 3452 620 80 Declaration
3900 3456 104 80 of
4092 3456 256 84 inde-

468 3560 1020 104 pendence.-Articles
1552 3556 96 84 of
1708 3556 1060 84 confederation.-The
2828 3556 672 84 Constitution.

476 3700 100 88 ©
636 3704 216 92 Apr.
912 3700 136 96 22,
1112 3708 52 72 1
1168 3704 164 76 90
1360 3716 16 72 ;
1436 3700 132 76 2c.
1624 3696 224 92 Apr.
1904 3696 56 76 2
1964 3704 60 76 0
2048 3716 16 72 ;
2128 3692 160 80 aff.
2348 3692 224 96 Apr.
2624 3692 164 96 28;
2848 3692 80 80 A
2984 3692 336 96 22445;
3388 3700 96 80 L.
3544 3700 88 80 J.
3696 3700 396 96 Quinby,
4156 3704 184 80 Los

604 3812 424 96 Angeles.
1168 3808 540 96 (30-12173)
3936 3808 244 84 4682

472 4000 396 120 Reidy,
932 4000 116 96 M
1600 3988 624 108 O'Connor.

592 4148 160 100 At
812 4144 320 100 home
1192 4140 220 104 and
1480 4136 448 140 abroad,
1988 4136 148 136 by
2204 4136 152 104 M.
2424 4136 592 108 O'Connor
3080 4136 420 136 Reidy;
3572 4136 580 112 dedicated
4220 4156 112 92 to

460 4300 180 100 the
720 4296 268 132 boys
1064 4292 224 104 and
1368 4288 276 136 girls
1724 4288 428 104 around
2236 4288 184 100 the
2504 4288 300 100 Irish
2888 4284 524 108 firesides.
3576 4288 308 132 [New
3972 4292 348 132 York]

456 4448 332 100 '1929.

592 4604 48 76 1
692 4624 80 76 p.
824 4600 92 96 1.,
968 4600 224 76 5-95
1240 4620 84 76 p.
1440 4596 112 80 16
1556 4596 48 96 ½ͨͫ
1620 4592 100 80 .

592 4740 360 80 Poems.

492 4892 80 80 J
632 4880 228 72 Nov.
916 4876 76 92 1,
1052 4872 272 92 1929;
1384 4868 132 84 2c.
1580 4872 180 76 and
1820 4892 48 56 a
1880 4868 40 76 f
1916 4868 60 80 f.
2040 4864 212 84 Feb.
2312 4868 136 92 27,
2508 4868 48 76 1
2564 4864 56 80 9
2620 4864 160 96 30;
2848 4868 76 76 A
2980 4868 336 92 21378;
3380 4868 408 80 Michael
3848 4872 84 80 J.
3996 4876 328 96 Reidy,

596 4988 228 80 New
872 4984 284 80 York.
1280 4980 380 100 (30-114
1660 4984 56 80 8
1724 4976 56 80 6
1792 4980 28 92 )
3928 4976 236 88 4683

460 5168 748 124 Richardson,
1268 5164 492 108 William
1824 5164 176 124 H.,
2072 5168 332 100 1864-

592 5320 748 136 Washington
1416 5320 220 100 and
1712 5312 252 108 "the
2032 5312 604 132 enterprise
2716 5312 436 136 against
3228 5316 428 108 Powles
3728 5312 460 136 Hook";
4268 5356 64 64 a

464 5508 232 68 new
760 5476 332 132 study
1160 5468 120 108 of
1340 5468 188 104 the
1588 5464 484 136 surprise
2140 5468 220 100 and
2420 5476 456 120 capture
2940 5464 124 108 of
3124 5468 184 100 the
3376 5468 264 136 fort,
3704 5464 628 136 Thursday,

460 5628 444 128 August
968 5624 156 132 19,
1184 5620 292 132 1779,
1532 5620 144 136 by
1732 5616 504 104 William
2292 5616 148 100 H.
2504 5616 732 136 Richardson,
3296 5620 428 100 Walter
3780 5620 128 104 P.
3972 5620 356 108 Gard

460 5812 228 96 ner,
736 5772 848 128 collaborating;
1648 5808 60 64 a
1760 5764 512 108 souvenir
2320 5764 124 108 of
2488 5768 188 104 the
2732 5764 72 108 S
2816 5768 1004 128 esqui-centennial.
3944 5768 388 140 Jersey

464 5928 300 132 City,
836 5928 136 100 N.
1048 5924 148 128 J.,
1268 5920 236 100 The
1580 5916 268 104 New
1924 5920 388 132 Jersey
2388 5920 244 100 title
2708 5924 600 128 guarantee
3384 5920 220 104 and
3676 5928 292 96 trust
4040 5952 284 72 com

456 6112 332 100 pany,
852 6076 292 100 1929.

584 6232 116 76 69
756 6252 112 72 p.,
932 6228 48 76 1
1048 6228 60 76 1.
1224 6224 248 80 illus.
1528 6224 96 92 (1
1692 6220 492 96 mounted)
2268 6224 332 92 plates,
2668 6228 316 88 ports.,
3052 6244 268 72 maps
3364 6220 100 96 (1
3532 6224 280 96 fold.)
3896 6224 420 84 facsims.

460 6340 96 92 (1
616 6336 280 92 fold.)
1024 6336 52 76 2
1088 6336 48 76 6
1164 6340 64 68 ×
1260 6332 632 92 20½ͨͫ
1516 6360 24 48 .

488 6472 20 48 t
616 6452 220 92 Apr.
896 6452 76 88 7,
1032 6448 268 88 1930;
1364 6444 132 76 2c.
1552 6444 220 92 Apr.
1832 6444 156 80 18;
2052 6440 160 84 aff.
2272 6440 216 96 Apr.
2552 6440 156 84 25;
2772 6444 80 76 A
2912 6440 332 96 22451;
3308 6444 140 80 W.
3508 6440 120 84 H.
3688 6444 616 96 Richardson,

592 6560 328 92 Jersey
980 6556 236 92 City.
1280 6556 108 76 N.
1448 6556 84 76 J.
1668 6552 544 100 (30-11882)
3912 6548 232 84 4684

440 6740 488 124 Ritchie,
996 6736 352 108 Alice.

580 6884 560 132 Occupied
1196 6884 528 132 territory
1792 6948 24 68 [
1824 6884 148 132 by]
2072 6884 312 104 Alice
2440 6880 472 108 Ritchie.
3032 6884 504 132 London,
3592 6884 124 104 L.
3776 6884 220 104 and
4056 6880 252 108 Vir

440 7040 308 132 ginia
800 7032 420 136 Woolf,
1280 7040 292 96 1930.

584 7200 112 76 24
700 7200 56 76 0
812 7220 88 72 p.
1012 7196 112 80 19
1132 7196 48 92 ½ͨͫ
1224 7196 68 72 ".

580 7308 312 76 "First
956 7304 380 92 edition,
1404 7300 304 84 1930."

460 7408 100 88 ©
616 7420 32 76 l
668 7428 48 68 c
724 7480 20 16 .
800 7420 216 84 May
1072 7412 76 92 8,
1204 7412 272 88 1930;
1532 7412 80 76 A
1668 7412 116 76 ad
1844 7412 168 80 int.
2068 7412 328 104 13836;
2456 7408 272 96 pud.
2792 7412 236 76 Mar.
3088 7408 156 92 13;
3308 7412 504 88 Harcourt,
3876 7412 300 80 Brace
4232 7412 72 76 &

588 7548 160 76 co.,
800 7528 196 76 inc..
1060 7528 228 76 New
1340 7520 280 80 York.
1748 7520 544 96 (30-13451)
3904 7516 228 80 4685
