4752 8320
2348 7680 260 104 2072

544 680 696 120 Kemmerer,
1296 684 124 100 M
1428 716 136 68 rs.
1620 680 372 100 Mabel
2052 680 320 104 Clare
2444 676 672 124 (Williams)
3192 680 332 104 1878-

668 824 72 100 S
756 860 232 68 ome
1044 824 444 132 psychol
1500 860 56 60 o
1564 860 176 96 gy,
1800 824 136 132 by
1992 824 356 100 Mabel
2412 820 116 108 C.
2584 820 552 104 Williams
3184 824 396 100 Kemm
3588 856 56 64 e
3648 860 176 64 rer
3904 832 68 108 …
4124 824 260 96 Bos-

532 988 184 88 ton
716 1020 28 52 .
808 976 104 96 1.
920 1064 16 16 .
1000 976 124 100 G.
1192 976 436 128 Badger
1700 980 372 128 [119301]

668 1136 56 80 3
784 1156 76 72 p.
920 1136 80 92 l.,
1060 1136 220 76 5-22
1284 1136 52 80 9
1396 1156 76 72 p.
1592 1132 128 76 20'
1740 1136 32 44 0
1788 1168 20 36 .

700 1276 196 76 Oct.
948 1276 48 72 2
1008 1276 44 68 5
1064 1336 16 28 ,
1136 1272 268 80 1930:
1460 1272 128 76 2c.
1640 1268 228 80 Nov.
1920 1272 56 72 2
1980 1284 52 68 8
2064 1292 16 68 ;
2140 1292 48 56 a
2200 1268 96 84 ff.
2352 1268 224 80 Nov.
2628 1268 160 92 25;
2848 1268 72 76 A
2976 1268 328 96 30883;
3364 1268 416 80 Richard
3836 1268 100 80 G.
3996 1268 396 92 Badger.

700 1384 200 96 (30-
904 1420 52 72 3
968 1384 268 88 2750)
3928 1376 288 84 13333

544 1592 452 116 Kirsch,
1056 1592 312 100 Felix
1428 1592 396 120 Marie,
1892 1600 328 96 1881-

680 1744 212 104 Sex
972 1744 572 100 education
1628 1744 216 100 and
1924 1740 496 132 training
2488 1740 116 100 in
2684 1744 512 128 chastity,
3272 1744 144 132 by
3492 1744 268 100 Rev.
3840 1744 320 100 Felix
4236 1744 156 100 M.

544 1892 400 104 Kirsch
1008 1900 64 108 …
1240 1888 268 108 with
1592 1928 56 64 a
1736 1888 548 104 foreword
2364 1892 144 104 by
2588 1892 184 100 the
2848 1892 296 100 Most
3228 1892 264 104 Rev.
3572 1892 304 108 John
3956 1896 128 100 T.
4164 1892 120 104 M
4288 1916 52 76 c
4356 1956 36 12 -

544 2044 520 100 Nicholas
1144 2048 64 108 …
1408 2044 264 100 New
1760 2040 340 132 York,
2176 2040 636 108 Cincinnati
2900 2052 264 120 [etc.,
3248 2040 540 136 Benziger
3860 2040 532 128 brothers,

544 2200 288 96 1930.

676 2348 52 80 3
788 2372 52 68 p
848 2412 16 16 .
920 2352 40 72 L
964 2380 16 40 .
992 2408 16 20 .
1064 2344 440 96 v-xxxix,
1560 2348 164 76 540
1776 2368 84 72 p.
1976 2348 108 76 17
2076 2352 120 68 cm.

696 2484 32 32 "
744 2488 76 72 A
892 2484 256 92 large
1216 2480 356 80 section
1644 2480 96 76 of
1812 2484 156 76 the
2032 2488 376 84 present
2480 2480 232 80 book
2784 2504 196 56 was
3044 2484 492 92 presented
3608 2488 92 72 to
3772 2484 156 76 the
4000 2480 392 96 Faculty

548 2592 104 76 of
716 2588 552 96 philosophy
1344 2592 100 76 of
1512 2592 160 76 the
1740 2588 424 80 Catholic
2244 2588 548 92 university,
2864 2588 96 80 in
3032 2588 348 96 partial
3456 2588 544 80 fulfillment
4072 2588 96 80 of
4240 2596 156 72 the

552 2700 672 92 requirements
1288 2700 152 76 for
1500 2704 156 72 the
1716 2704 336 80 degree
2112 2700 104 76 of
2272 2700 328 76 doctor
2652 2696 104 80 of
2812 2696 844 96 philosophy."-p.
3716 2712 64 60 x
3784 2700 292 80 xxvii.

692 2812 724 88 Bibliography:
1476 2828 80 76 p.
1620 2812 48 72 5
1676 2808 276 80 03-52
1960 2808 52 76 6
2020 2872 12 16 .

556 2944 88 88 D
716 2948 192 76 Oct.
972 2956 128 72 it.
1164 2948 48 72 1
1216 2944 108 76 93
1332 2948 100 84 0;
1496 2944 128 76 2c.
1688 2944 196 84 Oct.
1948 2948 156 88 1S;
2164 2944 164 80 aff.
2388 2944 76 76 N
2476 2976 12 32 e
2512 2968 64 60 v
2600 3008 12 16 .
2688 2944 144 88 1S;
2896 2956 76 72 A
3036 2944 328 88 30659;
3432 2948 452 92 Benziger
3944 2948 456 80 brothers.

708 3084 32 80 (
752 3056 108 80 30
864 3100 52 12 -
920 3056 268 80 32731
1228 3080 16 56 )
3936 3052 288 112 13334

552 3268 468 124 Lasker,
1088 3268 420 112 Bruno,
1588 3276 324 96 1880-
2324 3304 52 64 e
2384 3268 72 100 d
2464 3352 20 16 .

680 3416 412 108 Jewish
1176 3416 684 128 experiences
1940 3416 108 104 in
2128 3416 340 104 Amer
2484 3416 24 96 i
2520 3452 176 84 ca;
2784 3472 44 44 s
2844 3416 628 128 uggestions
3552 3416 52 100 f
3612 3452 60 68 o
3680 3456 52 64 r
3812 3420 180 100 the
4072 3420 324 136 study

548 3564 120 100 of
736 3568 416 100 Jewish
1232 3568 520 100 relations
1824 3564 264 104 with
2172 3568 600 128 non-Jews,
2840 3568 360 100 edited
3280 3568 140 104 by
3500 3572 380 96 Bruno
3956 3568 440 104 Lasker.

548 3716 260 100 New
872 3716 340 104 York.
1268 3716 236 100 The
1556 3716 200 132 Inq
1776 3752 60 64 u
1856 3716 168 132 iry
2092 3784 24 64 [
2128 3724 336 124 °19301

680 3884 60 60 x
752 3872 84 72 iv
896 3896 52 68 p
960 3932 44 20 ..
1060 3876 40 72 1
1160 3876 84 88 1.,
1296 3872 164 80 309
1516 3896 80 72 p.
1712 3872 88 76 di
1812 3892 196 72 agr.
2124 3872 52 76 2
2184 3872 48 80 0
2256 3880 40 40 -

692 4012 128 72 "A
896 4008 388 92 reading
1356 4004 268 80 list":
1700 4028 84 72 p.
1856 4004 440 96 197-219;
2376 4008 348 80 "Other
2796 4008 624 92 publications
3496 4012 104 76 of
3668 4012 160 76 the
3900 4012 496 96 Inquiry":

552 4136 76 72 p.
688 4116 416 80 307-309.

556 4248 92 88 ©
728 4252 176 92 Sep
916 4260 56 68 t.
1044 4256 132 80 17,
1244 4256 40 72 1
1300 4260 52 72 9
1356 4248 160 80 30:
1584 4256 128 76 2c.
1788 4252 244 92 Sept.
2100 4248 160 92 24;
2332 4248 100 80 af
2428 4248 64 84 f.
2560 4252 228 80 Nov.
2856 4256 48 72 1
2916 4260 52 68 5
2996 4272 20 68 ;
3088 4256 84 72 A
3232 4252 112 80 30
3344 4252 52 80 9
3404 4252 160 92 79;
3640 4256 408 76 Edward
4120 4256 288 80 Clark

688 4364 64 72 C
764 4384 44 52 a
828 4384 44 52 r
880 4376 88 64 lc
984 4384 60 68 r,
1104 4364 72 72 N
1188 4400 48 60 e
1248 4384 76 56 w
1384 4364 272 76 York.
1796 4360 540 104 (30-32744)
3932 4360 292 88 13335

556 4572 580 128 Lasserre,
1200 4576 320 104 Jean.

796 4832 12 16 …
884 4748 72 96 J
968 4784 52 60 e
1160 4768 124 80 oll
1292 4776 48 64 s
1408 4784 48 64 s
1464 4748 276 124 alve,
1804 4744 356 104 Marie
2236 4752 64 104 …
2600 4748 88 100 P
2692 4764 56 72 a
2760 4764 52 72 r
2832 4748 124 108 is.
3032 4744 504 112 Editions
3604 4752 184 104 des
3856 4748 556 136 portiques

560 4892 328 124 [1930]

684 5044 32 72 1
736 5040 52 72 8
796 5040 52 80 6
856 5104 16 28 ,
964 5040 192 84 [1]
1092 5060 56 76 p
1160 5104 44 28 .,
1264 5044 32 72 1
1360 5044 56 72 1.
1540 5040 468 84 19ͨͫ

552 5192 92 88 ©
708 5200 92 76 M
808 5216 116 72 ay
976 5196 136 88 30,
1168 5196 268 88 1930;
1496 5200 72 72 15
1684 5192 84 88 >:
1776 5224 20 48 .
1800 5212 92 76 pt
1984 5196 160 92 19;
2200 5196 600 92 A-Foreign
2852 5196 276 92 9043;
3188 5176 76 96 $
3272 5196 176 80 diti
3456 5220 48 56 o
3512 5220 112 56 ns
3676 5204 160 72 des
3896 5200 500 92 portiques.

712 5304 536 92 (30-33259)
3940 5300 292 84 13336

556 5508 760 120 Lauterbach,
1380 5512 408 104 Julius.

684 5660 608 100 Lauterbac
1296 5660 72 96 h
1456 5660 120 100 of
1660 5660 176 104 the
1928 5656 304 108 Chin,
2368 5696 224 76 sea;
2680 5672 40 88 t
2732 5664 64 96 h
2808 5696 52 60 e
2944 5696 56 64 e
3004 5696 368 96 scapes
3456 5660 216 104 and
3760 5660 648 100 adventures

552 5808 120 100 of
748 5844 56 60 a
884 5808 520 132 seagoing
1480 5804 500 132 Falstaff,
2056 5808 140 132 by
2272 5808 400 104 Lowell
2756 5808 244 100 Tlo
3120 5848 56 60 a
3080 5836 48 64 s
3080 5812 60 92 ni
3452 5808 68 112 …
3588 5808 436 104 Garden
4112 5804 280 136 City,

552 5956 132 104 N.
740 5960 176 128 Y.,
964 5956 680 136 Doubleday,
1696 5960 380 100 Doran
2124 5964 96 100 &
2276 5992 568 100 company,
2900 5960 236 128 inc.,
3188 5964 288 96 1930.

692 6116 188 96 viii,
944 6120 168 76 302
1176 6140 80 72 p.
1332 6116 144 76 inc
1480 6120 28 72 l
1528 6180 16 16 .
1612 6136 84 56 m
1704 6140 44 52 a
1764 6136 132 72 ps.
2020 6116 312 88 front.,
2404 6120 324 92 plates,
2800 6116 36 68 p
2864 6124 248 88 orts.,
3184 6120 48 76 f
3232 6140 108 56 ac
3348 6116 200 76 sim.
3672 6120 636 80 21½ͨͫ.

688 6252 268 96 Maps
1020 6272 116 60 on
1208 6252 692 96 lining-papers.

688 6360 312 84 "First
1064 6360 428 80 edition."

640 6500 24 84 ©
716 6500 228 80 Nov.
992 6504 76 84 7,
1120 6500 268 88 1930;
1440 6488 92 88 2e
1556 6564 12 12 .
1624 6500 184 76 and
1860 6500 132 76 aff
2000 6564 16 16 .
2068 6500 256 100 Dec.
2496 6500 128 96 4;
2624 6508 64 88 A
2784 6500 256 96 32008
2932 6520 16 56 :
3008 6500 92 80 L.
3152 6500 436 96 Thomas,
3640 6500 232 80 New
3916 6504 84 72 Y
4004 6520 48 56 o
4056 6504 140 72 rk.

712 6608 540 96 (30-32696)
3940 6608 292 84 13337

564 6820 256 124 Lee,
876 6824 424 96 Robert
1364 6824 468 116 Greene,
1900 6832 188 92 188
2100 6828 60 88 0
2160 6888 68 12 -

692 6972 292 104 Beds
1028 6968 124 104 of
1196 6972 392 128 pearls,
1636 6972 140 132 by
1824 6972 412 100 Robert
2280 6968 132 108 G.
2460 6972 212 104 Lee
2756 6976 68 108 …
2988 6972 268 104 New
3292 6972 348 132 York,
3672 6972 132 104 R.
3840 6972 132 104 R.
4016 6968 392 116 Smith,

556 7124 240 124 inc.,
860 7124 292 96 1930.

688 7280 92 76 vi
836 7300 108 72 p.,
1004 7280 28 72 1
1100 7280 84 76 1.,
1244 7280 160 76 112
1456 7300 80 72 p.
1656 7280 560 84 19½ͨͫ.

696 7376 304 88 "Trei
996 7408 108 56 su
1116 7408 144 56 res
1328 7388 100 76 of
1492 7388 156 76 the
1716 7392 304 72 words
2092 7380 56 88 …
2256 7388 296 76 found
2616 7388 96 76 in
2776 7388 208 80 first
3052 7388 632 88 Corinthians,
3756 7392 156 72 the
3976 7388 428 76 fifteenth

560 7496 408 92 chapter,
1020 7496 180 76 and
1252 7496 160 76 the
1460 7496 252 76 third
1764 7500 188 72 and
1996 7496 328 80 fourth
2372 7520 316 56 verses
2740 7496 96 80 of
2892 7500 212 76 that
3148 7496 676 96 chapter."-p.
3872 7500 80 76 1.
