<?xml version="1.0"?>
<alto xmlns="http://www.loc.gov/standards/alto/ns-v2#" xmlns:xlink="http://www.w3.org/1999/xlink" xmlns:xsi="http://www.w3.org/2001/XMLSchema-instance" xsi:schemaLocation="http://www.loc.gov/standards/alto/ns-v2# http://www.loc.gov/standards/alto/alto-v2.0.xsd">
	<Description>
		<MeasurementUnit>inch1200</MeasurementUnit>
		<sourceImageInformation>
			<fileIdentifier>catalogofcopyri271libr_001-2321.pdf_Page_0502.jpg</fileIdentifier>
		</sourceImageInformation>
		<OCRProcessing ID="OCR1">
			<ocrProcessingStep>
				<processingDateTime>2018-04-21T14:06:46</processingDateTime>
				<processingAgency>Data Conversion Laboratory</processingAgency>
				<processingSoftware>
					<softwareCreator>Prime</softwareCreator>
					<softwareName>Prime OCR</softwareName>
					<softwareVersion>4.40</softwareVersion>
				</processingSoftware>
			</ocrProcessingStep>
			<postProcessingStep>
				<processingDateTime>2018-04-25T17:37:09</processingDateTime>
				<processingAgency>Data Conversion Laboratory</processingAgency>
				<processingStepDescription>PRO -&gt; ALTO</processingStepDescription>
				<processingSoftware>
					<softwareCreator>Data Conversion Laboratory</softwareCreator>
					<softwareName>pro2alto.2018.02.27</softwareName>
					<softwareVersion>2.0</softwareVersion>
				</processingSoftware>
			</postProcessingStep>
		</OCRProcessing>
	</Description>
<Styles>
		<TextStyle ID="Style_1" FONTSIZE="8" FONTTYPE="serif" FONTWIDTH="proportional" FONTSTYLE="bold"/>
		<TextStyle ID="Style_2" FONTSIZE="9" FONTTYPE="serif" FONTWIDTH="proportional" FONTSTYLE="bold"/>
		<TextStyle ID="Style_3" FONTSIZE="8" FONTTYPE="serif" FONTWIDTH="proportional"/>
		<TextStyle ID="Style_4" FONTSIZE="7" FONTTYPE="serif" FONTWIDTH="proportional"/>
		<TextStyle ID="Style_5" FONTSIZE="7" FONTTYPE="serif" FONTWIDTH="proportional" FONTSTYLE="bold"/>
		<TextStyle ID="Style_6" FONTSIZE="9" FONTTYPE="serif" FONTWIDTH="proportional"/>
		<TextStyle ID="Style_7" FONTSIZE="7" FONTTYPE="serif" FONTWIDTH="proportional" FONTSTYLE="bold italics"/>
		<TextStyle ID="Style_8" FONTSIZE="6" FONTTYPE="serif" FONTWIDTH="proportional" FONTSTYLE="bold italics"/>
		<TextStyle ID="Style_9" FONTSIZE="6" FONTTYPE="serif" FONTWIDTH="proportional" FONTSTYLE="bold"/>
		<TextStyle ID="Style_10" FONTSIZE="7" FONTTYPE="serif" FONTWIDTH="proportional" FONTSTYLE="italics"/>
		<TextStyle ID="Style_11" FONTSIZE="6" FONTTYPE="serif" FONTWIDTH="proportional" FONTSTYLE="italics"/>
		<TextStyle ID="Style_12" FONTSIZE="11" FONTTYPE="serif" FONTWIDTH="proportional" FONTSTYLE="bold"/>
		<TextStyle ID="Style_13" FONTSIZE="10" FONTTYPE="serif" FONTWIDTH="proportional" FONTSTYLE="italics"/>
		<TextStyle ID="Style_14" FONTSIZE="8" FONTTYPE="serif" FONTWIDTH="proportional" FONTSTYLE="italics"/>
		<TextStyle ID="Style_15" FONTSIZE="10" FONTTYPE="serif" FONTWIDTH="proportional"/>
	</Styles>
	<Layout>
		<Page ID="Page_1" PHYSICAL_IMG_NR="1" HEIGHT="8268" WIDTH="4920">
			<PrintSpace ID="PS_1" HPOS="0" VPOS="0" HEIGHT="8268" WIDTH="4920">
				<TextBlock ID="TB_1.1" HPOS="2436" VPOS="7692" WIDTH="380" HEIGHT="256">
					<TextLine ID="TL_1.1.1" HPOS="2500" VPOS="7700" HEIGHT="108" WIDTH="200">
						<String CONTENT="502" ID="St_1.1.1.1" HPOS="2500" VPOS="7700" HEIGHT="108" WIDTH="200" STYLEREFS="Style_1" WC="1" CC="000"/>
					</TextLine>
				</TextBlock>
				<TextBlock ID="TB_1.2" HPOS="588" VPOS="588" WIDTH="4076" HEIGHT="7068">
					<TextLine ID="TL_1.2.1" HPOS="688" VPOS="656" HEIGHT="140" WIDTH="3868">
						<String CONTENT="R" ID="St_1.2.1.1" HPOS="688" VPOS="664" HEIGHT="100" WIDTH="96" STYLEREFS="Style_1" WC="1" CC="0"/>
						<String CONTENT="ul" ID="St_1.2.1.2" HPOS="796" VPOS="660" HEIGHT="104" WIDTH="104" STYLEREFS="Style_2" WC="1" CC="00"/>
						<String CONTENT="ing" ID="St_1.2.1.3" HPOS="912" VPOS="656" HEIGHT="132" WIDTH="200" STYLEREFS="Style_2" WC="1" CC="000"/>
						<SP ID="SP_1.2.1.4" HPOS="1068" VPOS="672" WIDTH="72"/>
						<String CONTENT="case" ID="St_1.2.1.5" HPOS="1168" VPOS="700" HEIGHT="72" WIDTH="236" STYLEREFS="Style_2" WC="1" CC="0000"/>
						<SP ID="SP_1.2.1.6" HPOS="1372" VPOS="684" WIDTH="56"/>
						<String CONTENT="law." ID="St_1.2.1.7" HPOS="1460" VPOS="668" HEIGHT="96" WIDTH="244" STYLEREFS="Style_3" WC="1" CC="0000"/>
						<SP ID="SP_1.2.1.8" HPOS="1688" VPOS="704" WIDTH="84"/>
						<String CONTENT="Permanent" ID="St_1.2.1.9" HPOS="1848" VPOS="664" HEIGHT="100" WIDTH="672" STYLEREFS="Style_3" WC="1" CC="000000000"/>
						<SP ID="SP_1.2.1.10" HPOS="2496" VPOS="672" WIDTH="52"/>
						<String CONTENT="supplement" ID="St_1.2.1.11" HPOS="2576" VPOS="664" HEIGHT="128" WIDTH="700" STYLEREFS="Style_3" WC="1" CC="0000000000"/>
						<SP ID="SP_1.2.1.12" HPOS="3248" VPOS="668" WIDTH="56"/>
						<String CONTENT="&#x02026;" ID="St_1.2.1.13" HPOS="3364" VPOS="664" HEIGHT="112" WIDTH="68" STYLEREFS="Style_3" WC="1" CC="0"/>
						<SP ID="SP_1.2.1.14" HPOS="3436" VPOS="724" WIDTH="88"/>
						<String CONTENT="Edited" ID="St_1.2.1.15" HPOS="3604" VPOS="660" HEIGHT="104" WIDTH="416" STYLEREFS="Style_3" WC="1" CC="000000"/>
						<SP ID="SP_1.2.1.16" HPOS="3980" VPOS="664" WIDTH="64"/>
						<String CONTENT="by" ID="St_1.2.1.17" HPOS="4072" VPOS="664" HEIGHT="132" WIDTH="148" STYLEREFS="Style_3" WC="1" CC="00"/>
						<SP ID="SP_1.2.1.18" HPOS="4176" VPOS="684" WIDTH="68"/>
						<String CONTENT="Wil-" ID="St_1.2.1.19" HPOS="4276" VPOS="656" HEIGHT="108" WIDTH="280" STYLEREFS="Style_3" WC="1" CC="0000"/>
					</TextLine>
					<TextLine ID="TL_1.2.2" HPOS="824" VPOS="808" HEIGHT="140" WIDTH="3732">
						<String CONTENT="liam" ID="St_1.2.2.1" HPOS="824" VPOS="812" HEIGHT="108" WIDTH="264" STYLEREFS="Style_3" WC="1" CC="0000"/>
						<SP ID="SP_1.2.2.2" HPOS="1028" VPOS="836" WIDTH="84"/>
						<String CONTENT="M." ID="St_1.2.2.3" HPOS="1144" VPOS="816" HEIGHT="100" WIDTH="152" STYLEREFS="Style_3" WC="1" CC="00"/>
						<SP ID="SP_1.2.2.4" HPOS="1284" VPOS="856" WIDTH="40"/>
						<String CONTENT="McKinney," ID="St_1.2.2.5" HPOS="1356" VPOS="812" HEIGHT="136" WIDTH="672" STYLEREFS="Style_3" WC="1" CC="000000000"/>
						<SP ID="SP_1.2.2.6" HPOS="2012" VPOS="856" WIDTH="40"/>
						<String CONTENT="Henry" ID="St_1.2.2.7" HPOS="2084" VPOS="812" HEIGHT="136" WIDTH="392" STYLEREFS="Style_3" WC="1" CC="00000"/>
						<SP ID="SP_1.2.2.8" HPOS="2436" VPOS="832" WIDTH="68"/>
						<String CONTENT="P." ID="St_1.2.2.9" HPOS="2536" VPOS="816" HEIGHT="100" WIDTH="124" STYLEREFS="Style_3" WC="1" CC="00"/>
						<SP ID="SP_1.2.2.10" HPOS="2644" VPOS="852" WIDTH="44"/>
						<String CONTENT="Farnham," ID="St_1.2.2.11" HPOS="2724" VPOS="812" HEIGHT="132" WIDTH="600" STYLEREFS="Style_3" WC="1" CC="00000000"/>
						<SP ID="SP_1.2.2.12" HPOS="3308" VPOS="856" WIDTH="44"/>
						<String CONTENT="Charles" ID="St_1.2.2.13" HPOS="3384" VPOS="812" HEIGHT="104" WIDTH="456" STYLEREFS="Style_3" WC="1" CC="0000000"/>
						<SP ID="SP_1.2.2.14" HPOS="3812" VPOS="832" WIDTH="52"/>
						<String CONTENT="Porterfield" ID="St_1.2.2.15" HPOS="3896" VPOS="808" HEIGHT="108" WIDTH="660" STYLEREFS="Style_3" WC="1" CC="00000000000"/>
					</TextLine>
					<TextLine ID="TL_1.2.3" HPOS="828" VPOS="960" HEIGHT="140" WIDTH="3732">
						<String CONTENT="and" ID="St_1.2.3.1" HPOS="828" VPOS="968" HEIGHT="104" WIDTH="216" STYLEREFS="Style_4" WC="1" CC="000"/>
						<SP ID="SP_1.2.3.2" HPOS="1004" VPOS="968" WIDTH="72"/>
						<String CONTENT="S." ID="St_1.2.3.3" HPOS="1116" VPOS="964" HEIGHT="108" WIDTH="108" STYLEREFS="Style_4" WC="1" CC="00"/>
						<SP ID="SP_1.2.3.4" HPOS="1212" VPOS="1008" WIDTH="44"/>
						<String CONTENT="B." ID="St_1.2.3.5" HPOS="1296" VPOS="964" HEIGHT="100" WIDTH="128" STYLEREFS="Style_4" WC="1" CC="00"/>
						<SP ID="SP_1.2.3.6" HPOS="1412" VPOS="1008" WIDTH="48"/>
						<String CONTENT="Fisher," ID="St_1.2.3.7" HPOS="1496" VPOS="964" HEIGHT="136" WIDTH="428" STYLEREFS="Style_4" WC="1" CC="0000000"/>
						<SP ID="SP_1.2.3.8" HPOS="1908" VPOS="1008" WIDTH="44"/>
						<String CONTENT="assisted" ID="St_1.2.3.9" HPOS="1988" VPOS="964" HEIGHT="104" WIDTH="456" STYLEREFS="Style_4" WC="1" CC="00000000"/>
						<SP ID="SP_1.2.3.10" HPOS="2404" VPOS="968" WIDTH="68"/>
						<String CONTENT="by" ID="St_1.2.3.11" HPOS="2508" VPOS="968" HEIGHT="132" WIDTH="148" STYLEREFS="Style_4" WC="1" CC="00"/>
						<SP ID="SP_1.2.3.12" HPOS="2616" VPOS="988" WIDTH="68"/>
						<String CONTENT="the" ID="St_1.2.3.13" HPOS="2716" VPOS="964" HEIGHT="100" WIDTH="188" STYLEREFS="Style_4" WC="1" CC="000"/>
						<SP ID="SP_1.2.3.14" HPOS="2872" VPOS="984" WIDTH="60"/>
						<String CONTENT="editorial" ID="St_1.2.3.15" HPOS="2968" VPOS="964" HEIGHT="100" WIDTH="516" STYLEREFS="Style_4" WC="1" CC="000000000"/>
						<SP ID="SP_1.2.3.16" HPOS="3460" VPOS="968" WIDTH="56"/>
						<String CONTENT="organizations" ID="St_1.2.3.17" HPOS="3552" VPOS="960" HEIGHT="136" WIDTH="820" STYLEREFS="Style_5" WC="1" CC="0000000000000"/>
						<SP ID="SP_1.2.3.18" HPOS="4344" VPOS="988" WIDTH="56"/>
						<String CONTENT="of" ID="St_1.2.3.19" HPOS="4436" VPOS="964" HEIGHT="100" WIDTH="124" STYLEREFS="Style_5" WC="1" CC="00"/>
					</TextLine>
					<TextLine ID="TL_1.2.4" HPOS="820" VPOS="1112" HEIGHT="136" WIDTH="3740">
						<String CONTENT="the" ID="St_1.2.4.1" HPOS="820" VPOS="1120" HEIGHT="100" WIDTH="188" STYLEREFS="Style_5" WC="1" CC="000"/>
						<SP ID="SP_1.2.4.2" HPOS="976" VPOS="1140" WIDTH="60"/>
						<String CONTENT="publishers" ID="St_1.2.4.3" HPOS="1064" VPOS="1116" HEIGHT="132" WIDTH="616" STYLEREFS="Style_5" WC="1" CC="0000000000"/>
						<SP ID="SP_1.2.4.4" HPOS="1656" VPOS="1140" WIDTH="56"/>
						<String CONTENT="&#x02026;" ID="St_1.2.4.5" HPOS="1756" VPOS="1124" HEIGHT="108" WIDTH="60" STYLEREFS="Style_5" WC="1" CC="0"/>
						<SP ID="SP_1.2.4.6" HPOS="1844" VPOS="1180" WIDTH="96"/>
						<String CONTENT="[v." ID="St_1.2.4.7" HPOS="2028" VPOS="1136" HEIGHT="80" WIDTH="128" STYLEREFS="Style_5" WC="1" CC="000"/>
						<SP ID="SP_1.2.4.8" HPOS="2144" VPOS="1164" WIDTH="40"/>
						<String CONTENT="8]" ID="St_1.2.4.9" HPOS="2216" VPOS="1124" HEIGHT="88" WIDTH="80" STYLEREFS="Style_5" WC="1" CC="00"/>
						<SP ID="SP_1.2.4.10" HPOS="2288" VPOS="1152" WIDTH="48"/>
						<String CONTENT="covering" ID="St_1.2.4.11" HPOS="2372" VPOS="1112" HEIGHT="136" WIDTH="520" STYLEREFS="Style_5" WC="1" CC="00000000"/>
						<SP ID="SP_1.2.4.12" HPOS="2852" VPOS="1136" WIDTH="64"/>
						<String CONTENT="the" ID="St_1.2.4.13" HPOS="2944" VPOS="1112" HEIGHT="104" WIDTH="184" STYLEREFS="Style_5" WC="1" CC="000"/>
						<SP ID="SP_1.2.4.14" HPOS="3096" VPOS="1136" WIDTH="56"/>
						<String CONTENT="articles" ID="St_1.2.4.15" HPOS="3184" VPOS="1112" HEIGHT="108" WIDTH="436" STYLEREFS="Style_5" WC="1" CC="00000000"/>
						<SP ID="SP_1.2.4.16" HPOS="3592" VPOS="1140" WIDTH="56"/>
						<String CONTENT="Scire" ID="St_1.2.4.17" HPOS="3684" VPOS="1112" HEIGHT="108" WIDTH="300" STYLEREFS="Style_5" WC="1" CC="00000"/>
						<SP ID="SP_1.2.4.18" HPOS="3948" VPOS="1136" WIDTH="64"/>
						<String CONTENT="facias" ID="St_1.2.4.19" HPOS="4044" VPOS="1112" HEIGHT="108" WIDTH="344" STYLEREFS="Style_5" WC="1" CC="000000"/>
						<SP ID="SP_1.2.4.20" HPOS="4360" VPOS="1140" WIDTH="52"/>
						<String CONTENT="to" ID="St_1.2.4.21" HPOS="4444" VPOS="1124" HEIGHT="92" WIDTH="116" STYLEREFS="Style_5" WC="1" CC="00"/>
					</TextLine>
					<TextLine ID="TL_1.2.5" HPOS="820" VPOS="1264" HEIGHT="132" WIDTH="3740">
						<String CONTENT="Workmen&apos;s" ID="St_1.2.5.1" HPOS="820" VPOS="1264" HEIGHT="108" WIDTH="688" STYLEREFS="Style_5" WC="1" CC="000000000"/>
						<SP ID="SP_1.2.5.2" HPOS="1480" VPOS="1288" WIDTH="60"/>
						<String CONTENT="compensation" ID="St_1.2.5.3" HPOS="1580" VPOS="1264" HEIGHT="132" WIDTH="820" STYLEREFS="Style_5" WC="1" CC="000000000000"/>
						<SP ID="SP_1.2.5.4" HPOS="2360" VPOS="1288" WIDTH="76"/>
						<String CONTENT="acts." ID="St_1.2.5.5" HPOS="2476" VPOS="1276" HEIGHT="88" WIDTH="256" STYLEREFS="Style_5" WC="1" CC="00000"/>
						<SP ID="SP_1.2.5.6" HPOS="2716" VPOS="1312" WIDTH="84"/>
						<String CONTENT="Northport," ID="St_1.2.5.7" HPOS="2880" VPOS="1264" HEIGHT="132" WIDTH="660" STYLEREFS="Style_5" WC="1" CC="0000000000"/>
						<SP ID="SP_1.2.5.8" HPOS="3520" VPOS="1308" WIDTH="48"/>
						<String CONTENT="N." ID="St_1.2.5.9" HPOS="3608" VPOS="1268" HEIGHT="100" WIDTH="136" STYLEREFS="Style_5" WC="1" CC="00"/>
						<SP ID="SP_1.2.5.10" HPOS="3728" VPOS="1312" WIDTH="52"/>
						<String CONTENT="Y.," ID="St_1.2.5.11" HPOS="3820" VPOS="1264" HEIGHT="132" WIDTH="176" STYLEREFS="Style_5" WC="1" CC="000"/>
						<SP ID="SP_1.2.5.12" HPOS="3980" VPOS="1312" WIDTH="48"/>
						<String CONTENT="Edward" ID="St_1.2.5.13" HPOS="4068" VPOS="1264" HEIGHT="108" WIDTH="492" STYLEREFS="Style_5" WC="1" CC="000000"/>
					</TextLine>
					<TextLine ID="TL_1.2.6" HPOS="824" VPOS="1412" HEIGHT="140" WIDTH="3740">
						<String CONTENT="Thompson" ID="St_1.2.6.1" HPOS="824" VPOS="1420" HEIGHT="132" WIDTH="640" STYLEREFS="Style_5" WC="1" CC="00000000"/>
						<SP ID="SP_1.2.6.2" HPOS="1424" VPOS="1440" WIDTH="60"/>
						<String CONTENT="company;" ID="St_1.2.6.3" HPOS="1508" VPOS="1448" HEIGHT="104" WIDTH="600" STYLEREFS="Style_5" WC="1" CC="00000000"/>
						<SP ID="SP_1.2.6.4" HPOS="2092" VPOS="1436" WIDTH="44"/>
						<String CONTENT="San" ID="St_1.2.6.5" HPOS="2168" VPOS="1412" HEIGHT="108" WIDTH="220" STYLEREFS="Style_5" WC="1" CC="000"/>
						<SP ID="SP_1.2.6.6" HPOS="2348" VPOS="1440" WIDTH="60"/>
						<String CONTENT="Francisco," ID="St_1.2.6.7" HPOS="2436" VPOS="1412" HEIGHT="140" WIDTH="624" STYLEREFS="Style_5" WC="1" CC="0000000000"/>
						<SP ID="SP_1.2.6.8" HPOS="3044" VPOS="1464" WIDTH="40"/>
						<String CONTENT="Cal.," ID="St_1.2.6.9" HPOS="3112" VPOS="1412" HEIGHT="136" WIDTH="272" STYLEREFS="Style_5" WC="1" CC="00000"/>
						<SP ID="SP_1.2.6.10" HPOS="3364" VPOS="1464" WIDTH="40"/>
						<String CONTENT="Bancroft-Whitney" ID="St_1.2.6.11" HPOS="3432" VPOS="1412" HEIGHT="140" WIDTH="1132" STYLEREFS="Style_5" WC="0.991111111111111" CC="0000000000400000"/>
					</TextLine>
					<TextLine ID="TL_1.2.7" HPOS="828" VPOS="1564" HEIGHT="140" WIDTH="3728">
						<String CONTENT="company;" ID="St_1.2.7.1" HPOS="828" VPOS="1604" HEIGHT="100" WIDTH="596" STYLEREFS="Style_5" WC="0.93" CC="00000005"/>
						<SP ID="SP_1.2.7.2" HPOS="1408" VPOS="1588" WIDTH="44"/>
						<String CONTENT="Rochester," ID="St_1.2.7.3" HPOS="1488" VPOS="1568" HEIGHT="120" WIDTH="632" STYLEREFS="Style_5" WC="0.97" CC="0000000000"/>
						<SP ID="SP_1.2.7.4" HPOS="2104" VPOS="1612" WIDTH="44"/>
						<String CONTENT="N." ID="St_1.2.7.5" HPOS="2180" VPOS="1568" HEIGHT="104" WIDTH="136" STYLEREFS="Style_5" WC="0.974444444444444" CC="00"/>
						<SP ID="SP_1.2.7.6" HPOS="2300" VPOS="1612" WIDTH="44"/>
						<String CONTENT="Y.," ID="St_1.2.7.7" HPOS="2380" VPOS="1564" HEIGHT="120" WIDTH="176" STYLEREFS="Style_5" WC="0.977777777777778" CC="000"/>
						<SP ID="SP_1.2.7.8" HPOS="2540" VPOS="1612" WIDTH="44"/>
						<String CONTENT="The" ID="St_1.2.7.9" HPOS="2616" VPOS="1564" HEIGHT="108" WIDTH="232" STYLEREFS="Style_5" WC="0.981111111111111" CC="000"/>
						<SP ID="SP_1.2.7.10" HPOS="2816" VPOS="1588" WIDTH="60"/>
						<String CONTENT="Lawyers" ID="St_1.2.7.11" HPOS="2908" VPOS="1568" HEIGHT="132" WIDTH="520" STYLEREFS="Style_5" WC="0.984444444444444" CC="0000000"/>
						<SP ID="SP_1.2.7.12" HPOS="3400" VPOS="1588" WIDTH="56"/>
						<String CONTENT="co-operative" ID="St_1.2.7.13" HPOS="3488" VPOS="1564" HEIGHT="132" WIDTH="740" STYLEREFS="Style_5" WC="0.988888888888889" CC="000000000000"/>
						<SP ID="SP_1.2.7.14" HPOS="4196" VPOS="1588" WIDTH="60"/>
						<String CONTENT="pub-" ID="St_1.2.7.15" HPOS="4292" VPOS="1568" HEIGHT="132" WIDTH="264" STYLEREFS="Style_5" WC="0.99" CC="0000"/>
					</TextLine>
					<TextLine ID="TL_1.2.8" HPOS="828" VPOS="1720" HEIGHT="132" WIDTH="1392">
						<String CONTENT="lishing" ID="St_1.2.8.1" HPOS="828" VPOS="1720" HEIGHT="132" WIDTH="416" STYLEREFS="Style_5" WC="1" CC="0000000"/>
						<SP ID="SP_1.2.8.2" HPOS="1204" VPOS="1740" WIDTH="60"/>
						<String CONTENT="company," ID="St_1.2.8.3" HPOS="1292" VPOS="1748" HEIGHT="104" WIDTH="580" STYLEREFS="Style_5" WC="1" CC="00000000"/>
						<SP ID="SP_1.2.8.4" HPOS="1856" VPOS="1764" WIDTH="44"/>
						<String CONTENT="1930." ID="St_1.2.8.5" HPOS="1932" VPOS="1724" HEIGHT="96" WIDTH="288" STYLEREFS="Style_5" WC="1" CC="00000"/>
					</TextLine>
					<TextLine ID="TL_1.2.9" HPOS="828" VPOS="1872" HEIGHT="100" WIDTH="1764">
						<String CONTENT="3" ID="St_1.2.9.1" HPOS="828" VPOS="1880" HEIGHT="76" WIDTH="48" STYLEREFS="Style_5" WC="0.888888888888889" CC="1"/>
						<SP ID="SP_1.2.9.2" HPOS="848" VPOS="1880" WIDTH="56"/>
						<String CONTENT="p." ID="St_1.2.9.3" HPOS="936" VPOS="1900" HEIGHT="72" WIDTH="84" STYLEREFS="Style_5" WC="0.833333333333333" CC="40"/>
						<SP ID="SP_1.2.9.4" HPOS="1008" VPOS="1912" WIDTH="40"/>
						<String CONTENT="l.," ID="St_1.2.9.5" HPOS="1080" VPOS="1880" HEIGHT="88" WIDTH="84" STYLEREFS="Style_5" WC="0.916666666666667" CC="000"/>
						<SP ID="SP_1.2.9.6" HPOS="1152" VPOS="1908" WIDTH="40"/>
						<String CONTENT="5483" ID="St_1.2.9.7" HPOS="1228" VPOS="1876" HEIGHT="76" WIDTH="220" STYLEREFS="Style_5" WC="0.914444444444444" CC="0004"/>
						<String CONTENT="-" ID="St_1.2.9.8" HPOS="1452" VPOS="1920" HEIGHT="8" WIDTH="56" STYLEREFS="Style_5" WC="0.92" CC="0"/>
						<String CONTENT="6261" ID="St_1.2.9.9" HPOS="1512" VPOS="1876" HEIGHT="76" WIDTH="216" STYLEREFS="Style_5" WC="0.937777777777778" CC="0000"/>
						<SP ID="SP_1.2.9.10" HPOS="1700" VPOS="1880" WIDTH="60"/>
						<String CONTENT="p." ID="St_1.2.9.11" HPOS="1796" VPOS="1892" HEIGHT="76" WIDTH="84" STYLEREFS="Style_5" WC="0.925555555555556" CC="04"/>
						<SP ID="SP_1.2.9.12" HPOS="1856" VPOS="1912" WIDTH="76"/>
						<String CONTENT="25&#x00BD;&#x0368;&#x036B;." ID="St_1.2.9.13" HPOS="1992" VPOS="1872" HEIGHT="100" WIDTH="600" STYLEREFS="Style_5" WC="0.924444444444444" CC="000005"/>
					</TextLine>
					<TextLine ID="TL_1.2.10" HPOS="700" VPOS="2000" HEIGHT="100" WIDTH="3860">
						<String CONTENT="&#x00A9;" ID="St_1.2.10.1" HPOS="700" VPOS="2000" HEIGHT="100" WIDTH="96" STYLEREFS="Style_5" WC="0.555555555555556" CC="4"/>
						<SP ID="SP_1.2.10.2" HPOS="744" VPOS="2000" WIDTH="84"/>
						<String CONTENT="Apr." ID="St_1.2.10.3" HPOS="864" VPOS="2008" HEIGHT="92" WIDTH="220" STYLEREFS="Style_5" WC="0.925555555555556" CC="0000"/>
						<SP ID="SP_1.2.10.4" HPOS="1072" VPOS="2044" WIDTH="40"/>
						<String CONTENT="7," ID="St_1.2.10.5" HPOS="1148" VPOS="2008" HEIGHT="84" WIDTH="76" STYLEREFS="Style_5" WC="0.95" CC="00"/>
						<SP ID="SP_1.2.10.6" HPOS="1212" VPOS="2044" WIDTH="40"/>
						<String CONTENT="1930;" ID="St_1.2.10.7" HPOS="1284" VPOS="2004" HEIGHT="88" WIDTH="276" STYLEREFS="Style_5" WC="0.97" CC="00000"/>
						<SP ID="SP_1.2.10.8" HPOS="1544" VPOS="2024" WIDTH="44"/>
						<String CONTENT="2c." ID="St_1.2.10.9" HPOS="1624" VPOS="2004" HEIGHT="76" WIDTH="128" STYLEREFS="Style_5" WC="0.975555555555556" CC="000"/>
						<SP ID="SP_1.2.10.10" HPOS="1740" VPOS="2044" WIDTH="40"/>
						<String CONTENT="Apr." ID="St_1.2.10.11" HPOS="1816" VPOS="2004" HEIGHT="92" WIDTH="220" STYLEREFS="Style_5" WC="0.981111111111111" CC="0000"/>
						<SP ID="SP_1.2.10.12" HPOS="2024" VPOS="2044" WIDTH="40"/>
						<String CONTENT="10;" ID="St_1.2.10.13" HPOS="2100" VPOS="2004" HEIGHT="88" WIDTH="160" STYLEREFS="Style_5" WC="0.983333333333333" CC="000"/>
						<SP ID="SP_1.2.10.14" HPOS="2248" VPOS="2024" WIDTH="44"/>
						<String CONTENT="aff." ID="St_1.2.10.15" HPOS="2328" VPOS="2000" HEIGHT="84" WIDTH="156" STYLEREFS="Style_5" WC="0.985555555555556" CC="0000"/>
						<SP ID="SP_1.2.10.16" HPOS="2472" VPOS="2044" WIDTH="40"/>
						<String CONTENT="Apr." ID="St_1.2.10.17" HPOS="2548" VPOS="2000" HEIGHT="96" WIDTH="224" STYLEREFS="Style_5" WC="0.987777777777778" CC="0000"/>
						<SP ID="SP_1.2.10.18" HPOS="2756" VPOS="2040" WIDTH="44"/>
						<String CONTENT="9;" ID="St_1.2.10.19" HPOS="2836" VPOS="2000" HEIGHT="92" WIDTH="100" STYLEREFS="Style_5" WC="0.988888888888889" CC="00"/>
						<SP ID="SP_1.2.10.20" HPOS="2924" VPOS="2024" WIDTH="44"/>
						<String CONTENT="A" ID="St_1.2.10.21" HPOS="3004" VPOS="2000" HEIGHT="80" WIDTH="76" STYLEREFS="Style_5" WC="0.988888888888889" CC="0"/>
						<SP ID="SP_1.2.10.22" HPOS="3036" VPOS="2012" WIDTH="72"/>
						<String CONTENT="21685;" ID="St_1.2.10.23" HPOS="3144" VPOS="2000" HEIGHT="92" WIDTH="332" STYLEREFS="Style_5" WC="0.991111111111111" CC="000000"/>
						<SP ID="SP_1.2.10.24" HPOS="3460" VPOS="2020" WIDTH="48"/>
						<String CONTENT="Edward" ID="St_1.2.10.25" HPOS="3548" VPOS="2004" HEIGHT="76" WIDTH="412" STYLEREFS="Style_5" WC="0.991111111111111" CC="000000"/>
						<SP ID="SP_1.2.10.26" HPOS="3924" VPOS="2012" WIDTH="64"/>
						<String CONTENT="Thompson" ID="St_1.2.10.27" HPOS="4024" VPOS="2000" HEIGHT="92" WIDTH="536" STYLEREFS="Style_5" WC="0.992222222222222" CC="00000000"/>
					</TextLine>
					<TextLine ID="TL_1.2.11" HPOS="828" VPOS="2108" HEIGHT="116" WIDTH="3568">
						<String CONTENT="co.," ID="St_1.2.11.1" HPOS="828" VPOS="2136" HEIGHT="72" WIDTH="160" STYLEREFS="Style_5" WC="0.888888888888889" CC="4000"/>
						<SP ID="SP_1.2.11.2" HPOS="976" VPOS="2172" WIDTH="36"/>
						<String CONTENT="Lawyers" ID="St_1.2.11.3" HPOS="1044" VPOS="2116" HEIGHT="88" WIDTH="452" STYLEREFS="Style_5" WC="0.962222222222222" CC="0000000"/>
						<SP ID="SP_1.2.11.4" HPOS="1468" VPOS="2148" WIDTH="48"/>
						<String CONTENT="c" ID="St_1.2.11.5" HPOS="1544" VPOS="2136" HEIGHT="56" WIDTH="48" STYLEREFS="Style_5" WC="0.967777777777778" CC="0"/>
						<String CONTENT="o" ID="St_1.2.11.6" HPOS="1596" VPOS="2136" HEIGHT="56" WIDTH="48" STYLEREFS="Style_6" WC="0.94" CC="4"/>
						<String CONTENT="-" ID="St_1.2.11.7" HPOS="1656" VPOS="2156" HEIGHT="48" WIDTH="32" STYLEREFS="Style_6" WC="0.916666666666667" CC="4"/>
						<String CONTENT="op" ID="St_1.2.11.8" HPOS="1688" VPOS="2132" HEIGHT="72" WIDTH="120" STYLEREFS="Style_6" WC="0.925555555555556" CC="00"/>
						<String CONTENT="erative" ID="St_1.2.11.9" HPOS="1812" VPOS="2112" HEIGHT="80" WIDTH="356" STYLEREFS="Style_6" WC="0.946666666666667" CC="0000000"/>
						<SP ID="SP_1.2.11.10" HPOS="2140" VPOS="2148" WIDTH="52"/>
						<String CONTENT="pub." ID="St_1.2.11.11" HPOS="2224" VPOS="2112" HEIGHT="92" WIDTH="212" STYLEREFS="Style_6" WC="0.955555555555556" CC="0000"/>
						<SP ID="SP_1.2.11.12" HPOS="2424" VPOS="2172" WIDTH="40"/>
						<String CONTENT="co" ID="St_1.2.11.13" HPOS="2492" VPOS="2136" HEIGHT="56" WIDTH="100" STYLEREFS="Style_6" WC="0.938888888888889" CC="33"/>
						<String CONTENT="." ID="St_1.2.11.14" HPOS="2604" VPOS="2176" HEIGHT="16" WIDTH="16" STYLEREFS="Style_6" WC="0.941111111111111" CC="0"/>
						<SP ID="SP_1.2.11.15" HPOS="2608" VPOS="2172" WIDTH="40"/>
						<String CONTENT="&amp;" ID="St_1.2.11.16" HPOS="2680" VPOS="2112" HEIGHT="80" WIDTH="72" STYLEREFS="Style_6" WC="0.944444444444444" CC="0"/>
						<SP ID="SP_1.2.11.17" HPOS="2712" VPOS="2140" WIDTH="68"/>
						<String CONTENT="Ban" ID="St_1.2.11.18" HPOS="2808" VPOS="2116" HEIGHT="72" WIDTH="204" STYLEREFS="Style_6" WC="0.95" CC="000"/>
						<String CONTENT="e" ID="St_1.2.11.19" HPOS="3016" VPOS="2148" HEIGHT="68" WIDTH="52" STYLEREFS="Style_6" WC="0.936666666666667" CC="5"/>
						<String CONTENT="roft-Whitney" ID="St_1.2.11.20" HPOS="3072" VPOS="2108" HEIGHT="96" WIDTH="680" STYLEREFS="Style_6" WC="0.951111111111111" CC="000000000000"/>
						<SP ID="SP_1.2.11.21" HPOS="3716" VPOS="2148" WIDTH="60"/>
						<String CONTENT="co." ID="St_1.2.11.22" HPOS="3808" VPOS="2132" HEIGHT="60" WIDTH="132" STYLEREFS="Style_6" WC="0.946666666666667" CC="400"/>
						<SP ID="SP_1.2.11.23" HPOS="3928" VPOS="2128" WIDTH="176"/>
						<String CONTENT="3353" ID="St_1.2.11.24" HPOS="4160" VPOS="2108" HEIGHT="84" WIDTH="236" STYLEREFS="Style_6" WC="0.944444444444444" CC="0000"/>
					</TextLine>
					<TextLine ID="TL_1.2.12" HPOS="700" VPOS="2296" HEIGHT="120" WIDTH="1744">
						<String CONTENT="Sachar," ID="St_1.2.12.1" HPOS="700" VPOS="2296" HEIGHT="120" WIDTH="472" STYLEREFS="Style_6" WC="1" CC="0000000"/>
						<SP ID="SP_1.2.12.2" HPOS="1152" VPOS="2336" WIDTH="44"/>
						<String CONTENT="Abram" ID="St_1.2.12.3" HPOS="1224" VPOS="2296" HEIGHT="100" WIDTH="432" STYLEREFS="Style_6" WC="1" CC="00000"/>
						<SP ID="SP_1.2.12.4" HPOS="1600" VPOS="2308" WIDTH="84"/>
						<String CONTENT="Leon," ID="St_1.2.12.5" HPOS="1716" VPOS="2296" HEIGHT="120" WIDTH="344" STYLEREFS="Style_6" WC="1" CC="00000"/>
						<SP ID="SP_1.2.12.6" HPOS="2040" VPOS="2332" WIDTH="44"/>
						<String CONTENT="1899-" ID="St_1.2.12.7" HPOS="2116" VPOS="2304" HEIGHT="96" WIDTH="328" STYLEREFS="Style_6" WC="1" CC="00000"/>
					</TextLine>
					<TextLine ID="TL_1.2.13" HPOS="836" VPOS="2444" HEIGHT="140" WIDTH="3732">
				<String CONTENT="history" ID="St_1.2.13.3" HPOS="1016" VPOS="2444" HEIGHT="140" WIDTH="432" STYLEREFS="Style_6" WC="1" CC="0000000"/>
						<SP ID="SP_1.2.13.4" HPOS="1408" VPOS="2468" WIDTH="72"/>
						<String CONTENT="of" ID="St_1.2.13.5" HPOS="1520" VPOS="2448" HEIGHT="100" WIDTH="124" STYLEREFS="Style_6" WC="1" CC="00"/>
						<SP ID="SP_1.2.13.6" HPOS="1612" VPOS="2448" WIDTH="64"/>
						<String CONTENT="the" ID="St_1.2.13.7" HPOS="1716" VPOS="2448" HEIGHT="100" WIDTH="184" STYLEREFS="Style_6" WC="1" CC="000"/>
						<SP ID="SP_1.2.13.8" HPOS="1868" VPOS="2468" WIDTH="68"/>
						<String CONTENT="Jews" ID="St_1.2.13.9" HPOS="1976" VPOS="2444" HEIGHT="108" WIDTH="292" STYLEREFS="Style_6" WC="1" CC="0000"/>
						<SP ID="SP_1.2.13.10" HPOS="2240" VPOS="2468" WIDTH="68"/>
						<String CONTENT="[" ID="St_1.2.13.11" HPOS="2360" VPOS="2512" HEIGHT="64" WIDTH="20" STYLEREFS="Style_6" WC="0.965555555555556" CC="7"/>
						<String CONTENT="by" ID="St_1.2.13.12" HPOS="2392" VPOS="2448" HEIGHT="128" WIDTH="144" STYLEREFS="Style_6" WC="0.96" CC="11"/>
						<String CONTENT="]" ID="St_1.2.13.13" HPOS="2548" VPOS="2512" HEIGHT="64" WIDTH="20" STYLEREFS="Style_6" WC="0.961111111111111" CC="0"/>
						<SP ID="SP_1.2.13.14" HPOS="2552" VPOS="2480" WIDTH="56"/>
						<String CONTENT="Abram" ID="St_1.2.13.15" HPOS="2656" VPOS="2444" HEIGHT="104" WIDTH="424" STYLEREFS="Style_6" WC="0.967777777777778" CC="00000"/>
						<SP ID="SP_1.2.13.16" HPOS="3020" VPOS="2468" WIDTH="96"/>
						<String CONTENT="Leon" ID="St_1.2.13.17" HPOS="3156" VPOS="2448" HEIGHT="100" WIDTH="296" STYLEREFS="Style_6" WC="0.972222222222222" CC="0000"/>
						<SP ID="SP_1.2.13.18" HPOS="3412" VPOS="2464" WIDTH="80"/>
						<String CONTENT="Sachar" ID="St_1.2.13.19" HPOS="3536" VPOS="2444" HEIGHT="108" WIDTH="420" STYLEREFS="Style_6" WC="0.976666666666667" CC="000000"/>
						<SP ID="SP_1.2.13.20" HPOS="3924" VPOS="2468" WIDTH="72"/>
						<String CONTENT="&#x02026;" ID="St_1.2.13.21" HPOS="4044" VPOS="2448" HEIGHT="112" WIDTH="72" STYLEREFS="Style_6" WC="0.977777777777778" CC="0"/>
						<SP ID="SP_1.2.13.22" HPOS="4132" VPOS="2512" WIDTH="88"/>
						<String CONTENT="New" ID="St_1.2.13.23" HPOS="4300" VPOS="2444" HEIGHT="104" WIDTH="268" STYLEREFS="Style_6" WC="0.98" CC="000"/>
					</TextLine>
					<TextLine ID="TL_1.2.14" HPOS="712" VPOS="2596" HEIGHT="136" WIDTH="1556">
						<String CONTENT="York," ID="St_1.2.14.1" HPOS="712" VPOS="2600" HEIGHT="132" WIDTH="340" STYLEREFS="Style_6" WC="1" CC="00000"/>
						<SP ID="SP_1.2.14.2" HPOS="1036" VPOS="2648" WIDTH="36"/>
						<String CONTENT="A." ID="St_1.2.14.3" HPOS="1100" VPOS="2600" HEIGHT="104" WIDTH="136" STYLEREFS="Style_6" WC="1" CC="00"/>
						<SP ID="SP_1.2.14.4" HPOS="1224" VPOS="2648" WIDTH="40"/>
						<String CONTENT="A." ID="St_1.2.14.5" HPOS="1292" VPOS="2596" HEIGHT="104" WIDTH="140" STYLEREFS="Style_6" WC="1" CC="00"/>
						<SP ID="SP_1.2.14.6" HPOS="1416" VPOS="2644" WIDTH="40"/>
						<String CONTENT="Knopf," ID="St_1.2.14.7" HPOS="1484" VPOS="2596" HEIGHT="136" WIDTH="436" STYLEREFS="Style_6" WC="1" CC="000000"/>
						<SP ID="SP_1.2.14.8" HPOS="1904" VPOS="2644" WIDTH="44"/>
						<String CONTENT="1930." ID="St_1.2.14.9" HPOS="1976" VPOS="2600" HEIGHT="100" WIDTH="292" STYLEREFS="Style_6" WC="1" CC="00000"/>
					</TextLine>
					<TextLine ID="TL_1.2.15" HPOS="828" VPOS="2744" HEIGHT="104" WIDTH="3832">
						<String CONTENT="xv" ID="St_1.2.15.1" HPOS="828" VPOS="2776" HEIGHT="56" WIDTH="128" STYLEREFS="Style_6" WC="1" CC="00"/>
						<SP ID="SP_1.2.15.2" HPOS="924" VPOS="2760" WIDTH="56"/>
						<String CONTENT="p.," ID="St_1.2.15.3" HPOS="1008" VPOS="2776" HEIGHT="72" WIDTH="112" STYLEREFS="Style_6" WC="1" CC="000"/>
						<SP ID="SP_1.2.15.4" HPOS="1104" VPOS="2776" WIDTH="40"/>
						<String CONTENT="2" ID="St_1.2.15.5" HPOS="1176" VPOS="2752" HEIGHT="76" WIDTH="52" STYLEREFS="Style_6" WC="1" CC="0"/>
						<SP ID="SP_1.2.15.6" HPOS="1196" VPOS="2748" WIDTH="56"/>
						<String CONTENT="l.," ID="St_1.2.15.7" HPOS="1284" VPOS="2752" HEIGHT="96" WIDTH="84" STYLEREFS="Style_6" WC="1" CC="000"/>
						<SP ID="SP_1.2.15.8" HPOS="1356" VPOS="2776" WIDTH="40"/>
						<String CONTENT="3" ID="St_1.2.15.9" HPOS="1424" VPOS="2756" HEIGHT="76" WIDTH="52" STYLEREFS="Style_7" WC="1" CC="0"/>
						<String CONTENT="-" ID="St_1.2.15.10" HPOS="1484" VPOS="2796" HEIGHT="8" WIDTH="56" STYLEREFS="Style_8" WC="1" CC="0"/>
						<String CONTENT="40" ID="St_1.2.15.11" HPOS="1544" VPOS="2752" HEIGHT="76" WIDTH="112" STYLEREFS="Style_8" WC="1" CC="00"/>
						<String CONTENT="8," ID="St_1.2.15.12" HPOS="1656" VPOS="2752" HEIGHT="96" WIDTH="80" STYLEREFS="Style_8" WC="1" CC="00"/>
						<SP ID="SP_1.2.15.13" HPOS="1724" VPOS="2784" WIDTH="40"/>
						<String CONTENT="xxiv" ID="St_1.2.15.14" HPOS="1792" VPOS="2752" HEIGHT="76" WIDTH="232" STYLEREFS="Style_8" WC="1" CC="0000"/>
						<SP ID="SP_1.2.15.15" HPOS="1992" VPOS="2756" WIDTH="56"/>
						<String CONTENT="p.," ID="St_1.2.15.16" HPOS="2076" VPOS="2776" HEIGHT="72" WIDTH="116" STYLEREFS="Style_8" WC="1" CC="000"/>
						<SP ID="SP_1.2.15.17" HPOS="2176" VPOS="2776" WIDTH="40"/>
						<String CONTENT="1" ID="St_1.2.15.18" HPOS="2248" VPOS="2752" HEIGHT="76" WIDTH="48" STYLEREFS="Style_8" WC="1" CC="0"/>
						<SP ID="SP_1.2.15.19" HPOS="2268" VPOS="2748" WIDTH="56"/>
						<String CONTENT="l" ID="St_1.2.15.20" HPOS="2356" VPOS="2752" HEIGHT="76" WIDTH="32" STYLEREFS="Style_8" WC="1" CC="0"/>
						<String CONTENT="." ID="St_1.2.15.21" HPOS="2396" VPOS="2812" HEIGHT="16" WIDTH="16" STYLEREFS="Style_8" WC="1" CC="0"/>
						<SP ID="SP_1.2.15.22" HPOS="2400" VPOS="2776" WIDTH="68"/>
						<String CONTENT="front.," ID="St_1.2.15.23" HPOS="2524" VPOS="2752" HEIGHT="96" WIDTH="320" STYLEREFS="Style_8" WC="1" CC="0000000"/>
						<SP ID="SP_1.2.15.24" HPOS="2828" VPOS="2776" WIDTH="44"/>
						<String CONTENT="maps" ID="St_1.2.15.25" HPOS="2904" VPOS="2772" HEIGHT="76" WIDTH="264" STYLEREFS="Style_8" WC="1" CC="0000"/>
						<SP ID="SP_1.2.15.26" HPOS="3140" VPOS="2756" WIDTH="52"/>
						<String CONTENT="(part" ID="St_1.2.15.27" HPOS="3220" VPOS="2752" HEIGHT="92" WIDTH="264" STYLEREFS="Style_8" WC="1" CC="00000"/>
						<SP ID="SP_1.2.15.28" HPOS="3460" VPOS="2748" WIDTH="52"/>
						<String CONTENT="double)" ID="St_1.2.15.29" HPOS="3544" VPOS="2748" HEIGHT="96" WIDTH="384" STYLEREFS="Style_8" WC="1" CC="0000000"/>
						<SP ID="SP_1.2.15.30" HPOS="3908" VPOS="2744" WIDTH="84"/>
						<String CONTENT="24&#x00BD;&#x0368;&#x036B;." ID="St_1.2.15.31" HPOS="4060" VPOS="2752" HEIGHT="88" WIDTH="600" STYLEREFS="Style_9" WC="0.997777777777778" CC="000001"/>
					</TextLine>
					<TextLine ID="TL_1.2.16" HPOS="832" VPOS="2884" HEIGHT="100" WIDTH="1928">
						<String CONTENT="&quot;Selected" ID="St_1.2.16.1" HPOS="832" VPOS="2888" HEIGHT="80" WIDTH="476" STYLEREFS="Style_9" WC="1" CC="000000000"/>
						<SP ID="SP_1.2.16.2" HPOS="1276" VPOS="2884" WIDTH="60"/>
						<String CONTENT="bibliography&quot;:" ID="St_1.2.16.3" HPOS="1368" VPOS="2888" HEIGHT="92" WIDTH="764" STYLEREFS="Style_9" WC="1" CC="00000000000000"/>
						<SP ID="SP_1.2.16.4" HPOS="2116" VPOS="2892" WIDTH="44"/>
						<String CONTENT="p." ID="St_1.2.16.5" HPOS="2196" VPOS="2912" HEIGHT="72" WIDTH="80" STYLEREFS="Style_9" WC="1" CC="00"/>
						<SP ID="SP_1.2.16.6" HPOS="2264" VPOS="2912" WIDTH="40"/>
						<String CONTENT="397-408." ID="St_1.2.16.7" HPOS="2336" VPOS="2884" HEIGHT="84" WIDTH="424" STYLEREFS="Style_9" WC="1" CC="00000000"/>
					</TextLine>
					<TextLine ID="TL_1.2.17" HPOS="704" VPOS="3020" HEIGHT="100" WIDTH="3852">
						<String CONTENT="&#x00A9;" ID="St_1.2.17.1" HPOS="704" VPOS="3020" HEIGHT="100" WIDTH="100" STYLEREFS="Style_9" WC="0.555555555555556" CC="4"/>
						<SP ID="SP_1.2.17.2" HPOS="752" VPOS="3020" WIDTH="84"/>
						<String CONTENT="Feb." ID="St_1.2.17.3" HPOS="868" VPOS="3028" HEIGHT="80" WIDTH="212" STYLEREFS="Style_9" WC="0.925555555555556" CC="0000"/>
						<SP ID="SP_1.2.17.4" HPOS="1068" VPOS="3064" WIDTH="40"/>
						<String CONTENT="13," ID="St_1.2.17.5" HPOS="1140" VPOS="3028" HEIGHT="88" WIDTH="132" STYLEREFS="Style_9" WC="0.955555555555556" CC="000"/>
						<SP ID="SP_1.2.17.6" HPOS="1260" VPOS="3060" WIDTH="40"/>
						<String CONTENT="1930;" ID="St_1.2.17.7" HPOS="1336" VPOS="3028" HEIGHT="88" WIDTH="272" STYLEREFS="Style_9" WC="0.972222222222222" CC="00000"/>
						<SP ID="SP_1.2.17.8" HPOS="1596" VPOS="3040" WIDTH="40"/>
						<String CONTENT="2" ID="St_1.2.17.9" HPOS="1672" VPOS="3028" HEIGHT="76" WIDTH="56" STYLEREFS="Style_10" WC="0.974444444444444" CC="0"/>
						<String CONTENT="c" ID="St_1.2.17.10" HPOS="1732" VPOS="3044" HEIGHT="48" WIDTH="44" STYLEREFS="Style_10" WC="0.975555555555556" CC="0"/>
						<String CONTENT="." ID="St_1.2.17.11" HPOS="1788" VPOS="3088" HEIGHT="16" WIDTH="16" STYLEREFS="Style_11" WC="0.977777777777778" CC="0"/>
						<SP ID="SP_1.2.17.12" HPOS="1792" VPOS="3060" WIDTH="40"/>
						<String CONTENT="Feb." ID="St_1.2.17.13" HPOS="1864" VPOS="3024" HEIGHT="80" WIDTH="216" STYLEREFS="Style_11" WC="0.982222222222222" CC="0000"/>
						<SP ID="SP_1.2.17.14" HPOS="2068" VPOS="3060" WIDTH="40"/>
						<String CONTENT="19;" ID="St_1.2.17.15" HPOS="2144" VPOS="3024" HEIGHT="92" WIDTH="156" STYLEREFS="Style_11" WC="0.984444444444444" CC="000"/>
						<SP ID="SP_1.2.17.16" HPOS="2284" VPOS="3040" WIDTH="44"/>
						<String CONTENT="aff." ID="St_1.2.17.17" HPOS="2364" VPOS="3024" HEIGHT="80" WIDTH="160" STYLEREFS="Style_11" WC="0.986666666666667" CC="0000"/>
						<SP ID="SP_1.2.17.18" HPOS="2508" VPOS="3060" WIDTH="44"/>
						<String CONTENT="Mar." ID="St_1.2.17.19" HPOS="2588" VPOS="3028" HEIGHT="76" WIDTH="236" STYLEREFS="Style_11" WC="0.987777777777778" CC="0000"/>
						<SP ID="SP_1.2.17.20" HPOS="2812" VPOS="3060" WIDTH="40"/>
						<String CONTENT="28;" ID="St_1.2.17.21" HPOS="2884" VPOS="3024" HEIGHT="92" WIDTH="156" STYLEREFS="Style_11" WC="0.988888888888889" CC="000"/>
						<SP ID="SP_1.2.17.22" HPOS="3028" VPOS="3040" WIDTH="44"/>
						<String CONTENT="A" ID="St_1.2.17.23" HPOS="3108" VPOS="3024" HEIGHT="76" WIDTH="76" STYLEREFS="Style_11" WC="0.99" CC="0"/>
						<SP ID="SP_1.2.17.24" HPOS="3140" VPOS="3028" WIDTH="72"/>
						<String CONTENT="21437;" ID="St_1.2.17.25" HPOS="3248" VPOS="3024" HEIGHT="92" WIDTH="332" STYLEREFS="Style_11" WC="0.991111111111111" CC="000000"/>
						<SP ID="SP_1.2.17.26" HPOS="3564" VPOS="3040" WIDTH="44"/>
						<String CONTENT="Alfred" ID="St_1.2.17.27" HPOS="3648" VPOS="3024" HEIGHT="80" WIDTH="332" STYLEREFS="Style_11" WC="0.992222222222222" CC="000000"/>
						<SP ID="SP_1.2.17.28" HPOS="3948" VPOS="3032" WIDTH="60"/>
						<String CONTENT="A." ID="St_1.2.17.29" HPOS="4044" VPOS="3028" HEIGHT="76" WIDTH="100" STYLEREFS="Style_11" WC="0.992222222222222" CC="00"/>
						<SP ID="SP_1.2.17.30" HPOS="4128" VPOS="3060" WIDTH="44"/>
						<String CONTENT="Knopf," ID="St_1.2.17.31" HPOS="4208" VPOS="3028" HEIGHT="92" WIDTH="348" STYLEREFS="Style_11" WC="0.993333333333333" CC="000000"/>
					</TextLine>
					<TextLine ID="TL_1.2.18" HPOS="836" VPOS="3128" HEIGHT="116" WIDTH="3556">
						<String CONTENT="inc." ID="St_1.2.18.1" HPOS="836" VPOS="3140" HEIGHT="80" WIDTH="172" STYLEREFS="Style_11" WC="1" CC="0000"/>
						<SP ID="SP_1.2.18.2" HPOS="996" VPOS="3192" WIDTH="76"/>
						<String CONTENT="(30-9417)" ID="St_1.2.18.3" HPOS="1140" VPOS="3136" HEIGHT="96" WIDTH="488" STYLEREFS="Style_11" WC="1" CC="000000000"/>
						<SP ID="SP_1.2.18.4" HPOS="1608" VPOS="3140" WIDTH="2548"/>
						<String CONTENT="3354" ID="St_1.2.18.5" HPOS="4156" VPOS="3128" HEIGHT="88" WIDTH="236" STYLEREFS="Style_11" WC="0.701111111111111" CC="0000"/>
					</TextLine>
					<TextLine ID="TL_1.2.19" HPOS="704" VPOS="3316" HEIGHT="128" WIDTH="1324">
						<String CONTENT="Skil" ID="St_1.2.19.1" HPOS="704" VPOS="3320" HEIGHT="104" WIDTH="236" STYLEREFS="Style_11" WC="1" CC="0000"/>
						<String CONTENT="l" ID="St_1.2.19.2" HPOS="948" VPOS="3320" HEIGHT="100" WIDTH="32" STYLEREFS="Style_12" WC="0.911111111111111" CC="4"/>
						<String CONTENT="man," ID="St_1.2.19.3" HPOS="992" VPOS="3352" HEIGHT="92" WIDTH="300" STYLEREFS="Style_12" WC="0.95" CC="0000"/>
						<SP ID="SP_1.2.19.4" HPOS="1276" VPOS="3356" WIDTH="40"/>
						<String CONTENT="William" ID="St_1.2.19.5" HPOS="1344" VPOS="3316" HEIGHT="108" WIDTH="500" STYLEREFS="Style_12" WC="0.973333333333333" CC="0000000"/>
						<SP ID="SP_1.2.19.6" HPOS="1784" VPOS="3332" WIDTH="84"/>
						<String CONTENT="E." ID="St_1.2.19.7" HPOS="1896" VPOS="3320" HEIGHT="104" WIDTH="132" STYLEREFS="Style_12" WC="0.977777777777778" CC="00"/>
					</TextLine>
					<TextLine ID="TL_1.2.20" HPOS="836" VPOS="3472" HEIGHT="136" WIDTH="3732">
						<String CONTENT="Divorce" ID="St_1.2.20.1" HPOS="836" VPOS="3472" HEIGHT="104" WIDTH="480" STYLEREFS="Style_12" WC="1" CC="0000000"/>
						<SP ID="SP_1.2.20.2" HPOS="1284" VPOS="3492" WIDTH="64"/>
						<String CONTENT="laws" ID="St_1.2.20.3" HPOS="1388" VPOS="3476" HEIGHT="104" WIDTH="264" STYLEREFS="Style_12" WC="1" CC="0000"/>
						<SP ID="SP_1.2.20.4" HPOS="1624" VPOS="3496" WIDTH="64"/>
						<String CONTENT="of" ID="St_1.2.20.5" HPOS="1728" VPOS="3472" HEIGHT="100" WIDTH="124" STYLEREFS="Style_12" WC="1" CC="00"/>
						<SP ID="SP_1.2.20.6" HPOS="1820" VPOS="3476" WIDTH="68"/>
						<String CONTENT="the" ID="St_1.2.20.7" HPOS="1928" VPOS="3472" HEIGHT="104" WIDTH="180" STYLEREFS="Style_12" WC="1" CC="000"/>
						<SP ID="SP_1.2.20.8" HPOS="2076" VPOS="3496" WIDTH="68"/>
						<String CONTENT="state" ID="St_1.2.20.9" HPOS="2184" VPOS="3480" HEIGHT="92" WIDTH="276" STYLEREFS="Style_12" WC="1" CC="00000"/>
						<SP ID="SP_1.2.20.10" HPOS="2428" VPOS="3492" WIDTH="68"/>
						<String CONTENT="of" ID="St_1.2.20.11" HPOS="2536" VPOS="3472" HEIGHT="104" WIDTH="124" STYLEREFS="Style_12" WC="1" CC="00"/>
						<SP ID="SP_1.2.20.12" HPOS="2628" VPOS="3476" WIDTH="68"/>
						<String CONTENT="Florida," ID="St_1.2.20.13" HPOS="2736" VPOS="3472" HEIGHT="108" WIDTH="476" STYLEREFS="Style_12" WC="0.987777777777778" CC="00000004"/>
						<SP ID="SP_1.2.20.14" HPOS="3212" VPOS="3516" WIDTH="52"/>
						<String CONTENT="with" ID="St_1.2.20.15" HPOS="3308" VPOS="3472" HEIGHT="100" WIDTH="268" STYLEREFS="Style_12" WC="0.988888888888889" CC="0000"/>
						<SP ID="SP_1.2.20.16" HPOS="3536" VPOS="3476" WIDTH="76"/>
						<String CONTENT="annotations" ID="St_1.2.20.17" HPOS="3652" VPOS="3472" HEIGHT="104" WIDTH="700" STYLEREFS="Style_12" WC="0.991111111111111" CC="00000000000"/>
						<SP ID="SP_1.2.20.18" HPOS="4324" VPOS="3496" WIDTH="60"/>
						<String CONTENT="by" ID="St_1.2.20.19" HPOS="4424" VPOS="3476" HEIGHT="132" WIDTH="144" STYLEREFS="Style_12" WC="0.991111111111111" CC="00"/>
					</TextLine>
					<TextLine ID="TL_1.2.21" HPOS="704" VPOS="3620" HEIGHT="136" WIDTH="3676">
						<String CONTENT="William" ID="St_1.2.21.1" HPOS="704" VPOS="3624" HEIGHT="104" WIDTH="500" STYLEREFS="Style_12" WC="1" CC="0000000"/>
						<SP ID="SP_1.2.21.2" HPOS="1144" VPOS="3644" WIDTH="88"/>
						<String CONTENT="E." ID="St_1.2.21.3" HPOS="1264" VPOS="3624" HEIGHT="100" WIDTH="128" STYLEREFS="Style_12" WC="1" CC="00"/>
						<SP ID="SP_1.2.21.4" HPOS="1380" VPOS="3664" WIDTH="44"/>
						<String CONTENT="Skillman" ID="St_1.2.21.5" HPOS="1460" VPOS="3620" HEIGHT="108" WIDTH="552" STYLEREFS="Style_12" WC="1" CC="00000000"/>
						<SP ID="SP_1.2.21.6" HPOS="1972" VPOS="3644" WIDTH="72"/>
						<String CONTENT="&#x02026;" ID="St_1.2.21.7" HPOS="2068" VPOS="3632" HEIGHT="108" WIDTH="64" STYLEREFS="Style_12" WC="1" CC="0"/>
						<SP ID="SP_1.2.21.8" HPOS="2176" VPOS="3688" WIDTH="96"/>
						<String CONTENT="[Winter" ID="St_1.2.21.9" HPOS="2356" VPOS="3620" HEIGHT="128" WIDTH="468" STYLEREFS="Style_12" WC="1" CC="0000000"/>
						<SP ID="SP_1.2.21.10" HPOS="2792" VPOS="3644" WIDTH="60"/>
						<String CONTENT="Haven," ID="St_1.2.21.11" HPOS="2884" VPOS="3620" HEIGHT="136" WIDTH="436" STYLEREFS="Style_12" WC="1" CC="000000"/>
						<SP ID="SP_1.2.21.12" HPOS="3304" VPOS="3668" WIDTH="40"/>
						<String CONTENT="Fla.]" ID="St_1.2.21.13" HPOS="3376" VPOS="3624" HEIGHT="128" WIDTH="276" STYLEREFS="Style_12" WC="1" CC="00000"/>
						<SP ID="SP_1.2.21.14" HPOS="3632" VPOS="3656" WIDTH="52"/>
						<String CONTENT="&#x0368;" ID="St_1.2.21.15" HPOS="3720" VPOS="3624" HEIGHT="88" WIDTH="60" STYLEREFS="Style_12" WC="0.996666666666667" CC="0"/>
						<SP ID="SP_1.2.21.16" HPOS="4060" VPOS="3632" WIDTH="60"/>
						<String CONTENT="1930" ID="St_1.2.21.17" HPOS="4140" VPOS="3632" HEIGHT="108" WIDTH="240" STYLEREFS="Style_12" WC="0.978888888888889" CC="0000"/>
					</TextLine>
					<TextLine ID="TL_1.2.22" HPOS="828" VPOS="3768" HEIGHT="104" WIDTH="1644">
						<String CONTENT="cover-title," ID="St_1.2.22.1" HPOS="828" VPOS="3776" HEIGHT="92" WIDTH="552" STYLEREFS="Style_12" WC="0.944444444444444" CC="114000000000"/>
						<SP ID="SP_1.2.22.2" HPOS="1368" VPOS="3800" WIDTH="40"/>
						<String CONTENT="[" ID="St_1.2.22.3" HPOS="1440" VPOS="3768" HEIGHT="76" WIDTH="28" STYLEREFS="Style_12" WC="0.952222222222222" CC="0"/>
						<String CONTENT="23" ID="St_1.2.22.4" HPOS="1472" VPOS="3776" HEIGHT="80" WIDTH="108" STYLEREFS="Style_12" WC="0.944444444444444" CC="11"/>
						<String CONTENT="]" ID="St_1.2.22.5" HPOS="1592" VPOS="3812" HEIGHT="60" WIDTH="16" STYLEREFS="Style_12" WC="0.946666666666667" CC="0"/>
						<SP ID="SP_1.2.22.6" HPOS="1596" VPOS="3788" WIDTH="40"/>
						<String CONTENT="p." ID="St_1.2.22.7" HPOS="1672" VPOS="3800" HEIGHT="72" WIDTH="80" STYLEREFS="Style_12" WC="0.955555555555556" CC="00"/>
						<SP ID="SP_1.2.22.8" HPOS="1740" VPOS="3800" WIDTH="68"/>
						<String CONTENT="15&#x0368;&#x036B;." ID="St_1.2.22.9" HPOS="1872" VPOS="3776" HEIGHT="88" WIDTH="600" STYLEREFS="Style_12" WC="0.961111111111111" CC="00001"/>
					</TextLine>
					<TextLine ID="TL_1.2.23" HPOS="704" VPOS="3900" HEIGHT="112" WIDTH="3852">
						<String CONTENT="&#x00A9;" ID="St_1.2.23.1" HPOS="704" VPOS="3900" HEIGHT="100" WIDTH="96" STYLEREFS="Style_12" WC="0.222222222222222" CC="7"/>
						<SP ID="SP_1.2.23.2" HPOS="752" VPOS="3908" WIDTH="88"/>
						<String CONTENT="Jan." ID="St_1.2.23.3" HPOS="876" VPOS="3916" HEIGHT="80" WIDTH="212" STYLEREFS="Style_12" WC="0.795555555555556" CC="0000"/>
						<SP ID="SP_1.2.23.4" HPOS="1076" VPOS="3952" WIDTH="44"/>
						<String CONTENT="1," ID="St_1.2.23.5" HPOS="1160" VPOS="3916" HEIGHT="96" WIDTH="72" STYLEREFS="Style_12" WC="0.863333333333333" CC="00"/>
						<SP ID="SP_1.2.23.6" HPOS="1220" VPOS="3948" WIDTH="44"/>
						<String CONTENT="1930;" ID="St_1.2.23.7" HPOS="1300" VPOS="3912" HEIGHT="92" WIDTH="272" STYLEREFS="Style_12" WC="0.917777777777778" CC="00000"/>
						<SP ID="SP_1.2.23.8" HPOS="1560" VPOS="3928" WIDTH="44"/>
						<String CONTENT="2" ID="St_1.2.23.9" HPOS="1644" VPOS="3916" HEIGHT="76" WIDTH="52" STYLEREFS="Style_12" WC="0.927777777777778" CC="0"/>
						<String CONTENT="c" ID="St_1.2.23.10" HPOS="1700" VPOS="3932" HEIGHT="64" WIDTH="44" STYLEREFS="Style_12" WC="0.901111111111111" CC="5"/>
						<String CONTENT="." ID="St_1.2.23.11" HPOS="1760" VPOS="3980" HEIGHT="16" WIDTH="16" STYLEREFS="Style_12" WC="0.905555555555556" CC="0"/>
						<SP ID="SP_1.2.23.12" HPOS="1764" VPOS="3952" WIDTH="40"/>
						<String CONTENT="and" ID="St_1.2.23.13" HPOS="1844" VPOS="3916" HEIGHT="76" WIDTH="184" STYLEREFS="Style_12" WC="0.922222222222222" CC="000"/>
						<SP ID="SP_1.2.23.14" HPOS="1992" VPOS="3920" WIDTH="64"/>
						<String CONTENT="aff." ID="St_1.2.23.15" HPOS="2096" VPOS="3916" HEIGHT="76" WIDTH="160" STYLEREFS="Style_12" WC="0.935555555555556" CC="0000"/>
						<SP ID="SP_1.2.23.16" HPOS="2244" VPOS="3948" WIDTH="44"/>
						<String CONTENT="Feb." ID="St_1.2.23.17" HPOS="2328" VPOS="3916" HEIGHT="76" WIDTH="216" STYLEREFS="Style_12" WC="0.945555555555556" CC="0000"/>
						<SP ID="SP_1.2.23.18" HPOS="2532" VPOS="3952" WIDTH="40"/>
						<String CONTENT="2" ID="St_1.2.23.19" HPOS="2608" VPOS="3916" HEIGHT="76" WIDTH="56" STYLEREFS="Style_12" WC="0.948888888888889" CC="0"/>
						<String CONTENT="8" ID="St_1.2.23.20" HPOS="2668" VPOS="3920" HEIGHT="76" WIDTH="56" STYLEREFS="Style_12" WC="0.934444444444444" CC="5"/>
						<String CONTENT=";" ID="St_1.2.23.21" HPOS="2752" VPOS="3936" HEIGHT="68" WIDTH="20" STYLEREFS="Style_12" WC="0.936666666666667" CC="0"/>
						<SP ID="SP_1.2.23.22" HPOS="2756" VPOS="3928" WIDTH="52"/>
						<String CONTENT="A" ID="St_1.2.23.23" HPOS="2848" VPOS="3916" HEIGHT="76" WIDTH="72" STYLEREFS="Style_12" WC="0.94" CC="0"/>
						<SP ID="SP_1.2.23.24" HPOS="2880" VPOS="3920" WIDTH="72"/>
						<String CONTENT="19810;" ID="St_1.2.23.25" HPOS="2992" VPOS="3916" HEIGHT="88" WIDTH="332" STYLEREFS="Style_12" WC="0.948888888888889" CC="000000"/>
						<SP ID="SP_1.2.23.26" HPOS="3308" VPOS="3928" WIDTH="48"/>
						<String CONTENT="William" ID="St_1.2.23.27" HPOS="3396" VPOS="3916" HEIGHT="80" WIDTH="420" STYLEREFS="Style_12" WC="0.944444444444444" CC="0033000"/>
						<SP ID="SP_1.2.23.28" HPOS="3768" VPOS="3928" WIDTH="84"/>
						<String CONTENT="E." ID="St_1.2.23.29" HPOS="3892" VPOS="3920" HEIGHT="72" WIDTH="100" STYLEREFS="Style_12" WC="0.938888888888889" CC="40"/>
						<SP ID="SP_1.2.23.30" HPOS="3976" VPOS="3948" WIDTH="48"/>
						<String CONTENT="Skillman," ID="St_1.2.23.31" HPOS="4068" VPOS="3916" HEIGHT="92" WIDTH="488" STYLEREFS="Style_12" WC="0.937777777777778" CC="000033000"/>
					</TextLine>
					<TextLine ID="TL_1.2.24" HPOS="836" VPOS="4020" HEIGHT="112" WIDTH="3560">
						<String CONTENT="Brooklyn." ID="St_1.2.24.1" HPOS="836" VPOS="4028" HEIGHT="92" WIDTH="504" STYLEREFS="Style_12" WC="1" CC="000000000"/>
						<SP ID="SP_1.2.24.2" HPOS="1328" VPOS="4080" WIDTH="72"/>
						<String CONTENT="(30-9408)" ID="St_1.2.24.3" HPOS="1468" VPOS="4024" HEIGHT="96" WIDTH="492" STYLEREFS="Style_12" WC="1" CC="000000000"/>
						<SP ID="SP_1.2.24.4" HPOS="1940" VPOS="4024" WIDTH="2228"/>
						<String CONTENT="3355" ID="St_1.2.24.5" HPOS="4168" VPOS="4020" HEIGHT="84" WIDTH="228" STYLEREFS="Style_12" WC="0.738888888888889" CC="0000"/>
					</TextLine>
					<TextLine ID="TL_1.2.25" HPOS="704" VPOS="4204" HEIGHT="128" WIDTH="2424">
						<String CONTENT="Smith," ID="St_1.2.25.1" HPOS="704" VPOS="4204" HEIGHT="124" WIDTH="416" STYLEREFS="Style_12" WC="1" CC="000000"/>
						<SP ID="SP_1.2.25.2" HPOS="1100" VPOS="4240" WIDTH="44"/>
						<String CONTENT="M" ID="St_1.2.25.3" HPOS="1172" VPOS="4208" HEIGHT="96" WIDTH="120" STYLEREFS="Style_13" WC="0.944444444444444" CC="4"/>
						<String CONTENT="r" ID="St_1.2.25.4" HPOS="1300" VPOS="4224" HEIGHT="76" WIDTH="48" STYLEREFS="Style_14" WC="0.913333333333333" CC="3"/>
						<String CONTENT="s" ID="St_1.2.25.5" HPOS="1352" VPOS="4228" HEIGHT="72" WIDTH="48" STYLEREFS="Style_14" WC="0.877777777777778" CC="4"/>
						<String CONTENT="." ID="St_1.2.25.6" HPOS="1424" VPOS="4292" HEIGHT="20" WIDTH="16" STYLEREFS="Style_14" WC="0.888888888888889" CC="0"/>
						<SP ID="SP_1.2.25.7" HPOS="1428" VPOS="4248" WIDTH="36"/>
						<String CONTENT="Mary" ID="St_1.2.25.8" HPOS="1496" VPOS="4208" HEIGHT="120" WIDTH="336" STYLEREFS="Style_14" WC="0.923333333333333" CC="0000"/>
						<SP ID="SP_1.2.25.9" HPOS="1788" VPOS="4216" WIDTH="64"/>
						<String CONTENT="Louise" ID="St_1.2.25.10" HPOS="1880" VPOS="4204" HEIGHT="104" WIDTH="412" STYLEREFS="Style_14" WC="0.946666666666667" CC="000000"/>
						<SP ID="SP_1.2.25.11" HPOS="2260" VPOS="4216" WIDTH="56"/>
						<String CONTENT="Pinch," ID="St_1.2.25.12" HPOS="2344" VPOS="4204" HEIGHT="128" WIDTH="396" STYLEREFS="Style_14" WC="0.958888888888889" CC="000000"/>
						<SP ID="SP_1.2.25.13" HPOS="2720" VPOS="4240" WIDTH="48"/>
						<String CONTENT="1857-" ID="St_1.2.25.14" HPOS="2800" VPOS="4208" HEIGHT="104" WIDTH="328" STYLEREFS="Style_14" WC="0.965555555555556" CC="00000"/>
					</TextLine>
					<TextLine ID="TL_1.2.26" HPOS="844" VPOS="4356" HEIGHT="140" WIDTH="3728">
						<String CONTENT="Eben" ID="St_1.2.26.1" HPOS="844" VPOS="4360" HEIGHT="104" WIDTH="308" STYLEREFS="Style_14" WC="1" CC="0000"/>
						<SP ID="SP_1.2.26.2" HPOS="1112" VPOS="4380" WIDTH="76"/>
						<String CONTENT="E." ID="St_1.2.26.3" HPOS="1232" VPOS="4360" HEIGHT="100" WIDTH="124" STYLEREFS="Style_14" WC="1" CC="00"/>
						<SP ID="SP_1.2.26.4" HPOS="1344" VPOS="4400" WIDTH="52"/>
						<String CONTENT="Rexford;" ID="St_1.2.26.5" HPOS="1436" VPOS="4356" HEIGHT="132" WIDTH="564" STYLEREFS="Style_14" WC="1" CC="00000000"/>
						<SP ID="SP_1.2.26.6" HPOS="1984" VPOS="4380" WIDTH="56"/>
						<String CONTENT="a" ID="St_1.2.26.7" HPOS="2084" VPOS="4396" HEIGHT="64" WIDTH="60" STYLEREFS="Style_14" WC="1" CC="0"/>
						<SP ID="SP_1.2.26.8" HPOS="2108" VPOS="4380" WIDTH="68"/>
						<String CONTENT="biographical" ID="St_1.2.26.9" HPOS="2216" VPOS="4360" HEIGHT="132" WIDTH="772" STYLEREFS="Style_14" WC="1" CC="000000000000"/>
						<SP ID="SP_1.2.26.10" HPOS="2964" VPOS="4364" WIDTH="56"/>
						<String CONTENT="sketch," ID="St_1.2.26.11" HPOS="3060" VPOS="4360" HEIGHT="136" WIDTH="412" STYLEREFS="Style_14" WC="1" CC="0000000"/>
						<SP ID="SP_1.2.26.12" HPOS="3456" VPOS="4404" WIDTH="48"/>
						<String CONTENT="a" ID="St_1.2.26.13" HPOS="3544" VPOS="4400" HEIGHT="64" WIDTH="60" STYLEREFS="Style_14" WC="1" CC="0"/>
						<SP ID="SP_1.2.26.14" HPOS="3568" VPOS="4380" WIDTH="72"/>
						<String CONTENT="memorial" ID="St_1.2.26.15" HPOS="3680" VPOS="4360" HEIGHT="100" WIDTH="572" STYLEREFS="Style_14" WC="1" CC="00000000"/>
						<SP ID="SP_1.2.26.16" HPOS="4228" VPOS="4364" WIDTH="56"/>
						<String CONTENT="con-" ID="St_1.2.26.17" HPOS="4328" VPOS="4396" HEIGHT="64" WIDTH="244" STYLEREFS="Style_14" WC="1" CC="0000"/>
					</TextLine>
					<TextLine ID="TL_1.2.27" HPOS="704" VPOS="4508" HEIGHT="136" WIDTH="3872">
						<String CONTENT="taining" ID="St_1.2.27.1" HPOS="704" VPOS="4508" HEIGHT="132" WIDTH="440" STYLEREFS="Style_14" WC="1" CC="0000000"/>
						<SP ID="SP_1.2.27.2" HPOS="1104" VPOS="4532" WIDTH="76"/>
						<String CONTENT="&quot;Silver" ID="St_1.2.27.3" HPOS="1220" VPOS="4508" HEIGHT="108" WIDTH="436" STYLEREFS="Style_14" WC="1" CC="0000000"/>
						<SP ID="SP_1.2.27.4" HPOS="1624" VPOS="4532" WIDTH="64"/>
						<String CONTENT="threads" ID="St_1.2.27.5" HPOS="1728" VPOS="4508" HEIGHT="108" WIDTH="448" STYLEREFS="Style_14" WC="1" CC="0000000"/>
						<SP ID="SP_1.2.27.6" HPOS="2148" VPOS="4536" WIDTH="64"/>
						<String CONTENT="among" ID="St_1.2.27.7" HPOS="2256" VPOS="4540" HEIGHT="104" WIDTH="400" STYLEREFS="Style_14" WC="1" CC="00000"/>
						<SP ID="SP_1.2.27.8" HPOS="2612" VPOS="4532" WIDTH="76"/>
						<String CONTENT="the" ID="St_1.2.27.9" HPOS="2728" VPOS="4512" HEIGHT="104" WIDTH="188" STYLEREFS="Style_14" WC="1" CC="000"/>
						<SP ID="SP_1.2.27.10" HPOS="2880" VPOS="4536" WIDTH="68"/>
						<String CONTENT="gold&quot;" ID="St_1.2.27.11" HPOS="2988" VPOS="4508" HEIGHT="136" WIDTH="328" STYLEREFS="Style_14" WC="1" CC="00000"/>
						<SP ID="SP_1.2.27.12" HPOS="3284" VPOS="4512" WIDTH="68"/>
						<String CONTENT="and" ID="St_1.2.27.13" HPOS="3396" VPOS="4516" HEIGHT="100" WIDTH="216" STYLEREFS="Style_14" WC="1" CC="000"/>
						<SP ID="SP_1.2.27.14" HPOS="3572" VPOS="4516" WIDTH="76"/>
						<String CONTENT="his" ID="St_1.2.27.15" HPOS="3688" VPOS="4508" HEIGHT="108" WIDTH="172" STYLEREFS="Style_14" WC="1" CC="000"/>
						<SP ID="SP_1.2.27.16" HPOS="3832" VPOS="4536" WIDTH="60"/>
						<String CONTENT="last" ID="St_1.2.27.17" HPOS="3936" VPOS="4516" HEIGHT="96" WIDTH="212" STYLEREFS="Style_14" WC="1" CC="0000"/>
						<SP ID="SP_1.2.27.18" HPOS="4120" VPOS="4520" WIDTH="60"/>
						<String CONTENT="poem," ID="St_1.2.27.19" HPOS="4224" VPOS="4544" HEIGHT="96" WIDTH="352" STYLEREFS="Style_14" WC="1" CC="00000"/>
					</TextLine>
					<TextLine ID="TL_1.2.28" HPOS="704" VPOS="4656" HEIGHT="140" WIDTH="3868">
						<String CONTENT="by" ID="St_1.2.28.1" HPOS="704" VPOS="4664" HEIGHT="132" WIDTH="148" STYLEREFS="Style_14" WC="1" CC="00"/>
						<SP ID="SP_1.2.28.2" HPOS="812" VPOS="4684" WIDTH="72"/>
						<String CONTENT="Mary" ID="St_1.2.28.3" HPOS="924" VPOS="4664" HEIGHT="132" WIDTH="332" STYLEREFS="Style_14" WC="1" CC="0000"/>
						<SP ID="SP_1.2.28.4" HPOS="1216" VPOS="4684" WIDTH="72"/>
						<String CONTENT="L." ID="St_1.2.28.5" HPOS="1328" VPOS="4664" HEIGHT="96" WIDTH="124" STYLEREFS="Style_14" WC="1" CC="00"/>
						<SP ID="SP_1.2.28.6" HPOS="1436" VPOS="4704" WIDTH="48"/>
						<String CONTENT="P." ID="St_1.2.28.7" HPOS="1528" VPOS="4660" HEIGHT="100" WIDTH="124" STYLEREFS="Style_14" WC="1" CC="00"/>
						<SP ID="SP_1.2.28.8" HPOS="1636" VPOS="4704" WIDTH="56"/>
						<String CONTENT="Smith." ID="St_1.2.28.9" HPOS="1736" VPOS="4656" HEIGHT="112" WIDTH="392" STYLEREFS="Style_14" WC="0.983333333333333" CC="000003"/>
						<SP ID="SP_1.2.28.10" HPOS="2124" VPOS="4704" WIDTH="88"/>
						<String CONTENT="[Menasha," ID="St_1.2.28.11" HPOS="2292" VPOS="4660" HEIGHT="136" WIDTH="604" STYLEREFS="Style_14" WC="0.955555555555556" CC="800000000"/>
						<SP ID="SP_1.2.28.12" HPOS="2880" VPOS="4704" WIDTH="48"/>
						<String CONTENT="Wis.," ID="St_1.2.28.13" HPOS="2968" VPOS="4660" HEIGHT="124" WIDTH="312" STYLEREFS="Style_14" WC="0.962222222222222" CC="00000"/>
						<SP ID="SP_1.2.28.14" HPOS="3260" VPOS="4704" WIDTH="52"/>
						<String CONTENT="George" ID="St_1.2.28.15" HPOS="3356" VPOS="4660" HEIGHT="136" WIDTH="428" STYLEREFS="Style_14" WC="0.968888888888889" CC="000000"/>
						<SP ID="SP_1.2.28.16" HPOS="3752" VPOS="4684" WIDTH="64"/>
						<String CONTENT="Banta" ID="St_1.2.28.17" HPOS="3860" VPOS="4664" HEIGHT="104" WIDTH="368" STYLEREFS="Style_14" WC="0.972222222222222" CC="00000"/>
						<SP ID="SP_1.2.28.18" HPOS="4192" VPOS="4684" WIDTH="68"/>
						<String CONTENT="pub-" ID="St_1.2.28.19" HPOS="4304" VPOS="4660" HEIGHT="136" WIDTH="268" STYLEREFS="Style_14" WC="0.974444444444444" CC="0000"/>
					</TextLine>
					<TextLine ID="TL_1.2.29" HPOS="708" VPOS="4812" HEIGHT="132" WIDTH="1424">
						<String CONTENT="lishing" ID="St_1.2.29.1" HPOS="708" VPOS="4812" HEIGHT="132" WIDTH="416" STYLEREFS="Style_14" WC="1" CC="0000000"/>
						<SP ID="SP_1.2.29.2" HPOS="1084" VPOS="4832" WIDTH="68"/>
						<String CONTENT="company,]" ID="St_1.2.29.3" HPOS="1184" VPOS="4840" HEIGHT="104" WIDTH="576" STYLEREFS="Style_14" WC="0.964444444444444" CC="00000005"/>
						<SP ID="SP_1.2.29.4" HPOS="1744" VPOS="4848" WIDTH="52"/>
						<String CONTENT="1930." ID="St_1.2.29.5" HPOS="1840" VPOS="4816" HEIGHT="96" WIDTH="292" STYLEREFS="Style_14" WC="0.974444444444444" CC="00000"/>
					</TextLine>
					<TextLine ID="TL_1.2.30" HPOS="832" VPOS="4960" HEIGHT="100" WIDTH="2036">
						<String CONTENT="xxii," ID="St_1.2.30.1" HPOS="832" VPOS="4964" HEIGHT="96" WIDTH="232" STYLEREFS="Style_14" WC="1" CC="00000"/>
						<SP ID="SP_1.2.30.2" HPOS="1048" VPOS="4992" WIDTH="40"/>
						<String CONTENT="99" ID="St_1.2.30.3" HPOS="1116" VPOS="4960" HEIGHT="84" WIDTH="112" STYLEREFS="Style_14" WC="1" CC="00"/>
						<SP ID="SP_1.2.30.4" HPOS="1196" VPOS="4960" WIDTH="56"/>
						<String CONTENT="p." ID="St_1.2.30.5" HPOS="1280" VPOS="4984" HEIGHT="72" WIDTH="80" STYLEREFS="Style_14" WC="1" CC="00"/>
						<SP ID="SP_1.2.30.6" HPOS="1348" VPOS="4992" WIDTH="68"/>
						<String CONTENT="plates," ID="St_1.2.30.7" HPOS="1476" VPOS="4964" HEIGHT="92" WIDTH="336" STYLEREFS="Style_14" WC="1" CC="0000000"/>
						<SP ID="SP_1.2.30.8" HPOS="1796" VPOS="4992" WIDTH="40"/>
						<String CONTENT="ports." ID="St_1.2.30.9" HPOS="1864" VPOS="4964" HEIGHT="92" WIDTH="288" STYLEREFS="Style_14" WC="1" CC="000000"/>
						<SP ID="SP_1.2.30.10" HPOS="2140" VPOS="4992" WIDTH="68"/>
						<String CONTENT="2" ID="St_1.2.30.11" HPOS="2268" VPOS="4960" HEIGHT="80" WIDTH="56" STYLEREFS="Style_14" WC="1" CC="0"/>
						<String CONTENT="0&#x0368;&#x036B;" ID="St_1.2.30.12" HPOS="2328" VPOS="4960" HEIGHT="92" WIDTH="540" STYLEREFS="Style_14" WC="1" CC="000"/>
						<String CONTENT="." ID="St_1.2.30.13" HPOS="2476" VPOS="5024" HEIGHT="20" WIDTH="20" STYLEREFS="Style_14" WC="0.995555555555556" CC="1"/>
					</TextLine>
					<TextLine ID="TL_1.2.31" HPOS="708" VPOS="5084" HEIGHT="116" WIDTH="3852">
						<String CONTENT="&#x00A9;" ID="St_1.2.31.1" HPOS="708" VPOS="5084" HEIGHT="100" WIDTH="96" STYLEREFS="Style_14" WC="0.555555555555556" CC="4"/>
						<SP ID="SP_1.2.31.2" HPOS="752" VPOS="5084" WIDTH="92"/>
						<String CONTENT="Mar." ID="St_1.2.31.3" HPOS="884" VPOS="5104" HEIGHT="76" WIDTH="232" STYLEREFS="Style_14" WC="0.925555555555556" CC="0000"/>
						<SP ID="SP_1.2.31.4" HPOS="1104" VPOS="5128" WIDTH="44"/>
						<String CONTENT="7," ID="St_1.2.31.5" HPOS="1188" VPOS="5104" HEIGHT="88" WIDTH="80" STYLEREFS="Style_14" WC="0.95" CC="00"/>
						<SP ID="SP_1.2.31.6" HPOS="1256" VPOS="5128" WIDTH="44"/>
						<String CONTENT="1" ID="St_1.2.31.7" HPOS="1336" VPOS="5104" HEIGHT="72" WIDTH="44" STYLEREFS="Style_14" WC="0.958888888888889" CC="0"/>
						<String CONTENT="9" ID="St_1.2.31.8" HPOS="1388" VPOS="5096" HEIGHT="80" WIDTH="52" STYLEREFS="Style_14" WC="0.916666666666667" CC="5"/>
						<String CONTENT="30:" ID="St_1.2.31.9" HPOS="1448" VPOS="5096" HEIGHT="80" WIDTH="156" STYLEREFS="Style_14" WC="0.895555555555556" CC="113"/>
						<SP ID="SP_1.2.31.10" HPOS="1596" VPOS="5108" WIDTH="44"/>
						<String CONTENT="2" ID="St_1.2.31.11" HPOS="1680" VPOS="5100" HEIGHT="76" WIDTH="48" STYLEREFS="Style_14" WC="0.875555555555556" CC="4"/>
						<String CONTENT="c" ID="St_1.2.31.12" HPOS="1728" VPOS="5108" HEIGHT="64" WIDTH="48" STYLEREFS="Style_14" WC="0.851111111111111" CC="5"/>
						<String CONTENT="." ID="St_1.2.31.13" HPOS="1792" VPOS="5160" HEIGHT="16" WIDTH="16" STYLEREFS="Style_14" WC="0.853333333333333" CC="1"/>
						<SP ID="SP_1.2.31.14" HPOS="1796" VPOS="5128" WIDTH="48"/>
						<String CONTENT="M" ID="St_1.2.31.15" HPOS="1884" VPOS="5100" HEIGHT="72" WIDTH="100" STYLEREFS="Style_14" WC="0.841111111111111" CC="4"/>
						<String CONTENT="ar." ID="St_1.2.31.16" HPOS="1988" VPOS="5120" HEIGHT="56" WIDTH="132" STYLEREFS="Style_14" WC="0.861111111111111" CC="000"/>
						<SP ID="SP_1.2.31.17" HPOS="2108" VPOS="5128" WIDTH="44"/>
						<String CONTENT="28;" ID="St_1.2.31.18" HPOS="2192" VPOS="5100" HEIGHT="92" WIDTH="156" STYLEREFS="Style_14" WC="0.864444444444444" CC="004"/>
						<SP ID="SP_1.2.31.19" HPOS="2336" VPOS="5108" WIDTH="48"/>
						<String CONTENT="aff." ID="St_1.2.31.20" HPOS="2424" VPOS="5100" HEIGHT="80" WIDTH="160" STYLEREFS="Style_14" WC="0.857777777777778" CC="1330"/>
						<SP ID="SP_1.2.31.21" HPOS="2572" VPOS="5128" WIDTH="44"/>
						<String CONTENT="Apr." ID="St_1.2.31.22" HPOS="2656" VPOS="5104" HEIGHT="88" WIDTH="220" STYLEREFS="Style_14" WC="0.876666666666667" CC="0000"/>
						<SP ID="SP_1.2.31.23" HPOS="2864" VPOS="5132" WIDTH="40"/>
						<String CONTENT="3:" ID="St_1.2.31.24" HPOS="2944" VPOS="5104" HEIGHT="76" WIDTH="104" STYLEREFS="Style_14" WC="0.885555555555556" CC="00"/>
						<SP ID="SP_1.2.31.25" HPOS="3032" VPOS="5108" WIDTH="52"/>
						<String CONTENT="A" ID="St_1.2.31.26" HPOS="3128" VPOS="5104" HEIGHT="76" WIDTH="68" STYLEREFS="Style_14" WC="0.891111111111111" CC="0"/>
						<SP ID="SP_1.2.31.27" HPOS="3156" VPOS="5100" WIDTH="76"/>
						<String CONTENT="21549;" ID="St_1.2.31.28" HPOS="3276" VPOS="5104" HEIGHT="92" WIDTH="328" STYLEREFS="Style_14" WC="0.906666666666667" CC="000000"/>
						<SP ID="SP_1.2.31.29" HPOS="3588" VPOS="5108" WIDTH="52"/>
						<String CONTENT="M" ID="St_1.2.31.30" HPOS="3684" VPOS="5108" HEIGHT="72" WIDTH="92" STYLEREFS="Style_14" WC="0.901111111111111" CC="4"/>
						<String CONTENT="." ID="St_1.2.31.31" HPOS="3788" VPOS="5168" HEIGHT="20" WIDTH="20" STYLEREFS="Style_14" WC="0.903333333333333" CC="0"/>
						<SP ID="SP_1.2.31.32" HPOS="3792" VPOS="5132" WIDTH="48"/>
						<String CONTENT="L." ID="St_1.2.31.33" HPOS="3880" VPOS="5104" HEIGHT="80" WIDTH="96" STYLEREFS="Style_14" WC="0.907777777777778" CC="00"/>
						<SP ID="SP_1.2.31.34" HPOS="3964" VPOS="5128" WIDTH="48"/>
						<String CONTENT="P." ID="St_1.2.31.35" HPOS="4052" VPOS="5104" HEIGHT="80" WIDTH="96" STYLEREFS="Style_14" WC="0.913333333333333" CC="00"/>
						<SP ID="SP_1.2.31.36" HPOS="4132" VPOS="5132" WIDTH="52"/>
						<String CONTENT="Smith," ID="St_1.2.31.37" HPOS="4228" VPOS="5104" HEIGHT="96" WIDTH="332" STYLEREFS="Style_14" WC="0.922222222222222" CC="000000"/>
					</TextLine>
					<TextLine ID="TL_1.2.32" HPOS="840" VPOS="5208" HEIGHT="108" WIDTH="3560">
						<String CONTENT="Hollywood," ID="St_1.2.32.1" HPOS="840" VPOS="5212" HEIGHT="92" WIDTH="584" STYLEREFS="Style_14" WC="1" CC="0000000000"/>
						<SP ID="SP_1.2.32.2" HPOS="1412" VPOS="5260" WIDTH="40"/>
						<String CONTENT="Calif." ID="St_1.2.32.3" HPOS="1484" VPOS="5208" HEIGHT="80" WIDTH="280" STYLEREFS="Style_14" WC="1" CC="000000"/>
						<SP ID="SP_1.2.32.4" HPOS="1752" VPOS="5260" WIDTH="76"/>
						<String CONTENT="(30-9609)" ID="St_1.2.32.5" HPOS="1896" VPOS="5208" HEIGHT="100" WIDTH="488" STYLEREFS="Style_14" WC="1" CC="000000000"/>
						<SP ID="SP_1.2.32.6" HPOS="2364" VPOS="5228" WIDTH="1804"/>
						<String CONTENT="3356" ID="St_1.2.32.7" HPOS="4168" VPOS="5212" HEIGHT="84" WIDTH="232" STYLEREFS="Style_14" WC="0.8" CC="0000"/>
					</TextLine>
					<TextLine ID="TL_1.2.33" HPOS="704" VPOS="5384" HEIGHT="132" WIDTH="2336">
						<String CONTENT="Sons" ID="St_1.2.33.1" HPOS="704" VPOS="5384" HEIGHT="108" WIDTH="292" STYLEREFS="Style_14" WC="1" CC="0000"/>
						<SP ID="SP_1.2.33.2" HPOS="960" VPOS="5400" WIDTH="60"/>
						<String CONTENT="and" ID="St_1.2.33.3" HPOS="1048" VPOS="5388" HEIGHT="104" WIDTH="224" STYLEREFS="Style_14" WC="1" CC="000"/>
						<SP ID="SP_1.2.33.4" HPOS="1232" VPOS="5384" WIDTH="68"/>
						<String CONTENT="daughters" ID="St_1.2.33.5" HPOS="1332" VPOS="5388" HEIGHT="124" WIDTH="644" STYLEREFS="Style_14" WC="1" CC="000000000"/>
						<SP ID="SP_1.2.33.6" HPOS="1940" VPOS="5400" WIDTH="56"/>
						<String CONTENT="of" ID="St_1.2.33.7" HPOS="2028" VPOS="5392" HEIGHT="100" WIDTH="124" STYLEREFS="Style_14" WC="1" CC="00"/>
						<SP ID="SP_1.2.33.8" HPOS="2120" VPOS="5388" WIDTH="60"/>
						<String CONTENT="the" ID="St_1.2.33.9" HPOS="2212" VPOS="5392" HEIGHT="104" WIDTH="196" STYLEREFS="Style_14" WC="1" CC="000"/>
						<SP ID="SP_1.2.33.10" HPOS="2376" VPOS="5404" WIDTH="56"/>
						<String CONTENT="Pilgrims." ID="St_1.2.33.11" HPOS="2464" VPOS="5392" HEIGHT="124" WIDTH="576" STYLEREFS="Style_14" WC="1" CC="000000000"/>
					</TextLine>
					<TextLine ID="TL_1.2.34" HPOS="832" VPOS="5532" HEIGHT="148" WIDTH="3736">
						<String CONTENT="Lineages" ID="St_1.2.34.1" HPOS="832" VPOS="5532" HEIGHT="136" WIDTH="540" STYLEREFS="Style_14" WC="1" CC="00000000"/>
						<SP ID="SP_1.2.34.2" HPOS="1344" VPOS="5552" WIDTH="52"/>
						<String CONTENT="of" ID="St_1.2.34.3" HPOS="1424" VPOS="5532" HEIGHT="104" WIDTH="124" STYLEREFS="Style_14" WC="1" CC="00"/>
						<SP ID="SP_1.2.34.4" HPOS="1516" VPOS="5532" WIDTH="52"/>
						<String CONTENT="members" ID="St_1.2.34.5" HPOS="1592" VPOS="5540" HEIGHT="100" WIDTH="532" STYLEREFS="Style_14" WC="1" CC="0000000"/>
						<SP ID="SP_1.2.34.6" HPOS="2096" VPOS="5552" WIDTH="52"/>
						<String CONTENT="of" ID="St_1.2.34.7" HPOS="2180" VPOS="5540" HEIGHT="104" WIDTH="124" STYLEREFS="Style_14" WC="1" CC="00"/>
						<SP ID="SP_1.2.34.8" HPOS="2276" VPOS="5536" WIDTH="52"/>
						<String CONTENT="the" ID="St_1.2.34.9" HPOS="2356" VPOS="5540" HEIGHT="104" WIDTH="184" STYLEREFS="Style_14" WC="1" CC="000"/>
						<SP ID="SP_1.2.34.10" HPOS="2508" VPOS="5556" WIDTH="56"/>
						<String CONTENT="National" ID="St_1.2.34.11" HPOS="2592" VPOS="5540" HEIGHT="104" WIDTH="532" STYLEREFS="Style_14" WC="1" CC="00000000"/>
						<SP ID="SP_1.2.34.12" HPOS="3096" VPOS="5540" WIDTH="48"/>
						<String CONTENT="society" ID="St_1.2.34.13" HPOS="3172" VPOS="5544" HEIGHT="136" WIDTH="412" STYLEREFS="Style_14" WC="1" CC="0000000"/>
						<SP ID="SP_1.2.34.14" HPOS="3544" VPOS="5556" WIDTH="60"/>
						<String CONTENT="of" ID="St_1.2.34.15" HPOS="3628" VPOS="5544" HEIGHT="104" WIDTH="128" STYLEREFS="Style_14" WC="1" CC="00"/>
						<SP ID="SP_1.2.34.16" HPOS="3724" VPOS="5536" WIDTH="52"/>
						<String CONTENT="the" ID="St_1.2.34.17" HPOS="3808" VPOS="5544" HEIGHT="104" WIDTH="188" STYLEREFS="Style_14" WC="1" CC="000"/>
						<SP ID="SP_1.2.34.18" HPOS="3960" VPOS="5556" WIDTH="56"/>
						<String CONTENT="sons" ID="St_1.2.34.19" HPOS="4048" VPOS="5576" HEIGHT="72" WIDTH="244" STYLEREFS="Style_14" WC="1" CC="0000"/>
						<SP ID="SP_1.2.34.20" HPOS="4264" VPOS="5556" WIDTH="56"/>
						<String CONTENT="and" ID="St_1.2.34.21" HPOS="4352" VPOS="5540" HEIGHT="104" WIDTH="216" STYLEREFS="Style_14" WC="1" CC="000"/>
					</TextLine>
					<TextLine ID="TL_1.2.35" HPOS="700" VPOS="5684" HEIGHT="144" WIDTH="3868">
						<String CONTENT="daughters" ID="St_1.2.35.1" HPOS="700" VPOS="5684" HEIGHT="132" WIDTH="600" STYLEREFS="Style_14" WC="1" CC="000000000"/>
						<SP ID="SP_1.2.35.2" HPOS="1272" VPOS="5704" WIDTH="56"/>
						<String CONTENT="of" ID="St_1.2.35.3" HPOS="1364" VPOS="5684" HEIGHT="104" WIDTH="124" STYLEREFS="Style_14" WC="1" CC="00"/>
						<SP ID="SP_1.2.35.4" HPOS="1456" VPOS="5684" WIDTH="60"/>
						<String CONTENT="the" ID="St_1.2.35.5" HPOS="1548" VPOS="5684" HEIGHT="104" WIDTH="188" STYLEREFS="Style_14" WC="1" CC="000"/>
						<SP ID="SP_1.2.35.6" HPOS="1704" VPOS="5704" WIDTH="60"/>
						<String CONTENT="Pilgrims" ID="St_1.2.35.7" HPOS="1796" VPOS="5688" HEIGHT="136" WIDTH="540" STYLEREFS="Style_14" WC="1" CC="00000000"/>
						<SP ID="SP_1.2.35.8" HPOS="2308" VPOS="5708" WIDTH="56"/>
						<String CONTENT="to" ID="St_1.2.35.9" HPOS="2396" VPOS="5700" HEIGHT="92" WIDTH="112" STYLEREFS="Style_14" WC="1" CC="00"/>
						<SP ID="SP_1.2.35.10" HPOS="2472" VPOS="5708" WIDTH="64"/>
						<String CONTENT="January" ID="St_1.2.35.11" HPOS="2572" VPOS="5692" HEIGHT="136" WIDTH="512" STYLEREFS="Style_14" WC="1" CC="0000000"/>
						<SP ID="SP_1.2.35.12" HPOS="3044" VPOS="5708" WIDTH="68"/>
						<String CONTENT="1," ID="St_1.2.35.13" HPOS="3148" VPOS="5700" HEIGHT="124" WIDTH="92" STYLEREFS="Style_14" WC="1" CC="00"/>
						<SP ID="SP_1.2.35.14" HPOS="3224" VPOS="5732" WIDTH="44"/>
						<String CONTENT="1929," ID="St_1.2.35.15" HPOS="3308" VPOS="5696" HEIGHT="132" WIDTH="292" STYLEREFS="Style_14" WC="1" CC="00000"/>
						<SP ID="SP_1.2.35.16" HPOS="3584" VPOS="5732" WIDTH="44"/>
						<String CONTENT="compiled" ID="St_1.2.35.17" HPOS="3664" VPOS="5696" HEIGHT="128" WIDTH="544" STYLEREFS="Style_14" WC="1" CC="00000000"/>
						<SP ID="SP_1.2.35.18" HPOS="4168" VPOS="5692" WIDTH="68"/>
						<String CONTENT="from" ID="St_1.2.35.19" HPOS="4276" VPOS="5696" HEIGHT="96" WIDTH="292" STYLEREFS="Style_14" WC="1" CC="0000"/>
					</TextLine>
					<TextLine ID="TL_1.2.36" HPOS="700" VPOS="5836" HEIGHT="144" WIDTH="3664">
						<String CONTENT="the" ID="St_1.2.36.1" HPOS="700" VPOS="5836" HEIGHT="100" WIDTH="184" STYLEREFS="Style_14" WC="1" CC="000"/>
						<SP ID="SP_1.2.36.2" HPOS="852" VPOS="5856" WIDTH="56"/>
						<String CONTENT="original" ID="St_1.2.36.3" HPOS="936" VPOS="5836" HEIGHT="132" WIDTH="480" STYLEREFS="Style_14" WC="1" CC="00000000"/>
						<SP ID="SP_1.2.36.4" HPOS="1392" VPOS="5836" WIDTH="48"/>
						<String CONTENT="applications." ID="St_1.2.36.5" HPOS="1472" VPOS="5836" HEIGHT="132" WIDTH="772" STYLEREFS="Style_14" WC="1" CC="0000000000000"/>
						<SP ID="SP_1.2.36.6" HPOS="2228" VPOS="5880" WIDTH="72"/>
						<String CONTENT="Philadelphia," ID="St_1.2.36.7" HPOS="2368" VPOS="5840" HEIGHT="132" WIDTH="828" STYLEREFS="Style_14" WC="1" CC="0000000000000"/>
						<SP ID="SP_1.2.36.8" HPOS="3180" VPOS="5880" WIDTH="40"/>
						<String CONTENT="The" ID="St_1.2.36.9" HPOS="3248" VPOS="5844" HEIGHT="104" WIDTH="236" STYLEREFS="Style_14" WC="1" CC="000"/>
						<SP ID="SP_1.2.36.10" HPOS="3452" VPOS="5860" WIDTH="56"/>
						<String CONTENT="Society," ID="St_1.2.36.11" HPOS="3544" VPOS="5840" HEIGHT="140" WIDTH="472" STYLEREFS="Style_14" WC="1" CC="00000000"/>
						<SP ID="SP_1.2.36.12" HPOS="4000" VPOS="5880" WIDTH="44"/>
						<String CONTENT="1929." ID="St_1.2.36.13" HPOS="4076" VPOS="5848" HEIGHT="100" WIDTH="288" STYLEREFS="Style_14" WC="1" CC="00000"/>
					</TextLine>
					<TextLine ID="TL_1.2.37" HPOS="836" VPOS="5988" HEIGHT="100" WIDTH="1156">
						<String CONTENT="vi," ID="St_1.2.37.1" HPOS="836" VPOS="5992" HEIGHT="96" WIDTH="120" STYLEREFS="Style_14" WC="1" CC="000"/>
						<SP ID="SP_1.2.37.2" HPOS="944" VPOS="6016" WIDTH="40"/>
						<String CONTENT="660" ID="St_1.2.37.3" HPOS="1012" VPOS="5992" HEIGHT="80" WIDTH="172" STYLEREFS="Style_14" WC="1" CC="000"/>
						<SP ID="SP_1.2.37.4" HPOS="1148" VPOS="5988" WIDTH="60"/>
						<String CONTENT="p." ID="St_1.2.37.5" HPOS="1236" VPOS="6016" HEIGHT="72" WIDTH="84" STYLEREFS="Style_14" WC="1" CC="00"/>
						<SP ID="SP_1.2.37.6" HPOS="1308" VPOS="6020" WIDTH="68"/>
						<String CONTENT="23&#x00BD;&#x0368;&#x036B;." ID="St_1.2.37.7" HPOS="1432" VPOS="5988" HEIGHT="88" WIDTH="560" STYLEREFS="Style_14" WC="0.993333333333333" CC="000001"/>
					</TextLine>
					<TextLine ID="TL_1.2.38" HPOS="712" VPOS="6092" HEIGHT="116" WIDTH="3848">
						<String CONTENT="&#x00A9;" ID="St_1.2.38.1" HPOS="712" VPOS="6092" HEIGHT="100" WIDTH="96" STYLEREFS="Style_14" WC="0.555555555555556" CC="4"/>
						<SP ID="SP_1.2.38.2" HPOS="756" VPOS="6092" WIDTH="80"/>
						<String CONTENT="Sept." ID="St_1.2.38.3" HPOS="868" VPOS="6104" HEIGHT="92" WIDTH="248" STYLEREFS="Style_14" WC="0.935555555555556" CC="00000"/>
						<SP ID="SP_1.2.38.4" HPOS="1104" VPOS="6136" WIDTH="32"/>
						<String CONTENT="20," ID="St_1.2.38.5" HPOS="1164" VPOS="6104" HEIGHT="92" WIDTH="140" STYLEREFS="Style_14" WC="0.958888888888889" CC="000"/>
						<SP ID="SP_1.2.38.6" HPOS="1288" VPOS="6136" WIDTH="36"/>
						<String CONTENT="1929;" ID="St_1.2.38.7" HPOS="1352" VPOS="6104" HEIGHT="92" WIDTH="276" STYLEREFS="Style_14" WC="0.907777777777778" CC="00051"/>
						<SP ID="SP_1.2.38.8" HPOS="1612" VPOS="6116" WIDTH="40"/>
						<String CONTENT="2c." ID="St_1.2.38.9" HPOS="1680" VPOS="6104" HEIGHT="80" WIDTH="132" STYLEREFS="Style_14" WC="0.877777777777778" CC="440"/>
						<SP ID="SP_1.2.38.10" HPOS="1800" VPOS="6140" WIDTH="36"/>
						<String CONTENT="and" ID="St_1.2.38.11" HPOS="1864" VPOS="6108" HEIGHT="76" WIDTH="188" STYLEREFS="Style_14" WC="0.897777777777778" CC="000"/>
						<SP ID="SP_1.2.38.12" HPOS="2016" VPOS="6108" WIDTH="56"/>
						<String CONTENT="a" ID="St_1.2.38.13" HPOS="2096" VPOS="6108" HEIGHT="80" WIDTH="56" STYLEREFS="Style_14" WC="0.904444444444445" CC="0"/>
						<String CONTENT="ff." ID="St_1.2.38.14" HPOS="2164" VPOS="6104" HEIGHT="84" WIDTH="96" STYLEREFS="Style_14" WC="0.914444444444444" CC="000"/>
						<SP ID="SP_1.2.38.15" HPOS="2248" VPOS="6140" WIDTH="40"/>
						<String CONTENT="M" ID="St_1.2.38.16" HPOS="2316" VPOS="6112" HEIGHT="72" WIDTH="96" STYLEREFS="Style_14" WC="0.905555555555556" CC="4"/>
						<String CONTENT="ar." ID="St_1.2.38.17" HPOS="2416" VPOS="6128" HEIGHT="56" WIDTH="132" STYLEREFS="Style_14" WC="0.913333333333333" CC="000"/>
						<SP ID="SP_1.2.38.18" HPOS="2532" VPOS="6140" WIDTH="40"/>
						<String CONTENT="6," ID="St_1.2.38.19" HPOS="2604" VPOS="6108" HEIGHT="84" WIDTH="76" STYLEREFS="Style_14" WC="0.905555555555556" CC="05"/>
						<SP ID="SP_1.2.38.20" HPOS="2664" VPOS="6140" WIDTH="40"/>
						<String CONTENT="1930;" ID="St_1.2.38.21" HPOS="2736" VPOS="6112" HEIGHT="84" WIDTH="268" STYLEREFS="Style_14" WC="0.918888888888889" CC="00000"/>
						<SP ID="SP_1.2.38.22" HPOS="2992" VPOS="6120" WIDTH="40"/>
						<String CONTENT="A" ID="St_1.2.38.23" HPOS="3068" VPOS="6112" HEIGHT="76" WIDTH="76" STYLEREFS="Style_14" WC="0.922222222222222" CC="0"/>
						<SP ID="SP_1.2.38.24" HPOS="3100" VPOS="6112" WIDTH="68"/>
						<String CONTENT="20" ID="St_1.2.38.25" HPOS="3196" VPOS="6112" HEIGHT="76" WIDTH="108" STYLEREFS="Style_14" WC="0.926666666666667" CC="00"/>
						<String CONTENT="3" ID="St_1.2.38.26" HPOS="3308" VPOS="6112" HEIGHT="76" WIDTH="52" STYLEREFS="Style_14" WC="0.92" CC="4"/>
						<String CONTENT="88;" ID="St_1.2.38.27" HPOS="3372" VPOS="6112" HEIGHT="96" WIDTH="156" STYLEREFS="Style_14" WC="0.924444444444444" CC="000"/>
						<SP ID="SP_1.2.38.28" HPOS="3512" VPOS="6124" WIDTH="44"/>
						<String CONTENT="Catherine" ID="St_1.2.38.29" HPOS="3588" VPOS="6112" HEIGHT="80" WIDTH="508" STYLEREFS="Style_14" WC="0.935555555555556" CC="000000000"/>
						<SP ID="SP_1.2.38.30" HPOS="4064" VPOS="6124" WIDTH="60"/>
						<String CONTENT="Stewart" ID="St_1.2.38.31" HPOS="4156" VPOS="6112" HEIGHT="84" WIDTH="404" STYLEREFS="Style_14" WC="0.943333333333333" CC="0000000"/>
					</TextLine>
					<TextLine ID="TL_1.2.39" HPOS="840" VPOS="6200" HEIGHT="116" WIDTH="3272">
						<String CONTENT="Kulling" ID="St_1.2.39.1" HPOS="840" VPOS="6212" HEIGHT="92" WIDTH="396" STYLEREFS="Style_14" WC="0.935555555555556" CC="4000000"/>
						<SP ID="SP_1.2.39.2" HPOS="1200" VPOS="6216" WIDTH="64"/>
						<String CONTENT="i." ID="St_1.2.39.3" HPOS="1296" VPOS="6212" HEIGHT="80" WIDTH="56" STYLEREFS="Style_14" WC="0.955555555555556" CC="00"/>
						<SP ID="SP_1.2.39.4" HPOS="1340" VPOS="6236" WIDTH="44"/>
						<String CONTENT="e." ID="St_1.2.39.5" HPOS="1424" VPOS="6236" HEIGHT="56" WIDTH="68" STYLEREFS="Style_14" WC="0.965555555555556" CC="00"/>
						<SP ID="SP_1.2.39.6" HPOS="1476" VPOS="6276" WIDTH="16"/>
						<String CONTENT="Mrs." ID="St_1.2.39.7" HPOS="1564" VPOS="6216" HEIGHT="76" WIDTH="224" STYLEREFS="Style_14" WC="0.95" CC="0000"/>
						<SP ID="SP_1.2.39.8" HPOS="1776" VPOS="6236" WIDTH="44"/>
						<String CONTENT="Otto" ID="St_1.2.39.9" HPOS="1860" VPOS="6216" HEIGHT="80" WIDTH="216" STYLEREFS="Style_14" WC="0.961111111111111" CC="0000"/>
						<SP ID="SP_1.2.39.10" HPOS="2048" VPOS="6220" WIDTH="60"/>
						<String CONTENT="Wa" ID="St_1.2.39.11" HPOS="2148" VPOS="6220" HEIGHT="76" WIDTH="136" STYLEREFS="Style_14" WC="0.965555555555556" CC="00"/>
						<String CONTENT="lt" ID="St_1.2.39.12" HPOS="2328" VPOS="6220" HEIGHT="76" WIDTH="64" STYLEREFS="Style_14" WC="0.947777777777778" CC="14"/>
						<String CONTENT="her" ID="St_1.2.39.13" HPOS="2440" VPOS="6200" HEIGHT="96" WIDTH="180" STYLEREFS="Style_14" WC="0.953333333333333" CC="000"/>
						<SP ID="SP_1.2.39.14" HPOS="2620" VPOS="6208" WIDTH="60"/>
						<String CONTENT="kulling," ID="St_1.2.39.15" HPOS="2776" VPOS="6208" HEIGHT="108" WIDTH="284" STYLEREFS="Style_14" WC="0.963333333333333" CC="00000000"/>
						<SP ID="SP_1.2.39.16" HPOS="3048" VPOS="6240" WIDTH="44"/>
						<String CONTENT="Mead" ID="St_1.2.39.17" HPOS="3172" VPOS="6208" HEIGHT="92" WIDTH="236" STYLEREFS="Style_14" WC="0.967777777777778" CC="0000"/>
						<String CONTENT="o" ID="St_1.2.39.18" HPOS="3412" VPOS="6244" HEIGHT="56" WIDTH="48" STYLEREFS="Style_14" WC="0.955555555555556" CC="5"/>
						<String CONTENT="wbr" ID="St_1.2.39.19" HPOS="3472" VPOS="6220" HEIGHT="80" WIDTH="200" STYLEREFS="Style_14" WC="0.958888888888889" CC="000"/>
						<String CONTENT="oo" ID="St_1.2.39.20" HPOS="3676" VPOS="6244" HEIGHT="56" WIDTH="108" STYLEREFS="Style_14" WC="0.943333333333333" CC="44"/>
						<String CONTENT="k," ID="St_1.2.39.21" HPOS="3792" VPOS="6224" HEIGHT="92" WIDTH="84" STYLEREFS="Style_14" WC="0.944444444444444" CC="00"/>
						<SP ID="SP_1.2.39.22" HPOS="3864" VPOS="6240" WIDTH="44"/>
						<String CONTENT="Pa." ID="St_1.2.39.23" HPOS="3948" VPOS="6224" HEIGHT="80" WIDTH="164" STYLEREFS="Style_14" WC="0.948888888888889" CC="000"/>
					</TextLine>
					<TextLine ID="TL_1.2.40" HPOS="860" VPOS="6304" HEIGHT="112" WIDTH="3548">
						<String CONTENT="(30-9711)" ID="St_1.2.40.1" HPOS="860" VPOS="6320" HEIGHT="96" WIDTH="484" STYLEREFS="Style_14" WC="1" CC="000000000"/>
						<SP ID="SP_1.2.40.2" HPOS="1324" VPOS="6304" WIDTH="2844"/>
						<String CONTENT="3357" ID="St_1.2.40.3" HPOS="4168" VPOS="6328" HEIGHT="88" WIDTH="240" STYLEREFS="Style_14" WC="0.664444444444444" CC="0000"/>
					</TextLine>
					<TextLine ID="TL_1.2.41" HPOS="700" VPOS="6492" HEIGHT="136" WIDTH="1504">
						<String CONTENT="South" ID="St_1.2.41.1" HPOS="700" VPOS="6500" HEIGHT="104" WIDTH="364" STYLEREFS="Style_14" WC="1" CC="00000"/>
						<SP ID="SP_1.2.41.2" HPOS="1024" VPOS="6492" WIDTH="68"/>
						<String CONTENT="eastern" ID="St_1.2.41.3" HPOS="1128" VPOS="6508" HEIGHT="96" WIDTH="460" STYLEREFS="Style_14" WC="1" CC="0000000"/>
						<SP ID="SP_1.2.41.4" HPOS="1548" VPOS="6512" WIDTH="64"/>
						<String CONTENT="reporter." ID="St_1.2.41.5" HPOS="1644" VPOS="6512" HEIGHT="116" WIDTH="560" STYLEREFS="Style_14" WC="1" CC="000000000"/>
					</TextLine>
					<TextLine ID="TL_1.2.42" HPOS="928" VPOS="6652" HEIGHT="144" WIDTH="3640">
						<String CONTENT="&#x02026;" ID="St_1.2.42.1" HPOS="928" VPOS="6656" HEIGHT="108" WIDTH="64" STYLEREFS="Style_14" WC="1" CC="0"/>
						<SP ID="SP_1.2.42.2" HPOS="940" VPOS="6736" WIDTH="16"/>
						<String CONTENT="Temporary" ID="St_1.2.42.3" HPOS="1056" VPOS="6656" HEIGHT="132" WIDTH="684" STYLEREFS="Style_14" WC="0.968888888888889" CC="000000000"/>
						<SP ID="SP_1.2.42.4" HPOS="1696" VPOS="6668" WIDTH="88"/>
						<String CONTENT="South" ID="St_1.2.42.5" HPOS="1836" VPOS="6656" HEIGHT="108" WIDTH="348" STYLEREFS="Style_14" WC="0.98" CC="00000"/>
						<SP ID="SP_1.2.42.6" HPOS="2144" VPOS="6652" WIDTH="80"/>
						<String CONTENT="e" ID="St_1.2.42.7" HPOS="2276" VPOS="6696" HEIGHT="64" WIDTH="52" STYLEREFS="Style_14" WC="0.982222222222222" CC="0"/>
						<String CONTENT="aster" ID="St_1.2.42.8" HPOS="2340" VPOS="6656" HEIGHT="108" WIDTH="320" STYLEREFS="Style_15" WC="0.962222222222222" CC="50000"/>
						<String CONTENT="n" ID="St_1.2.42.9" HPOS="2628" VPOS="6700" HEIGHT="60" WIDTH="64" STYLEREFS="Style_15" WC="0.96" CC="1"/>
						<SP ID="SP_1.2.42.10" HPOS="2656" VPOS="6672" WIDTH="84"/>
						<String CONTENT="reporter" ID="St_1.2.42.11" HPOS="2796" VPOS="6660" HEIGHT="108" WIDTH="492" STYLEREFS="Style_15" WC="0.95" CC="41000000"/>
						<SP ID="SP_1.2.42.12" HPOS="3252" VPOS="6672" WIDTH="76"/>
						<String CONTENT="digest" ID="St_1.2.42.13" HPOS="3372" VPOS="6664" HEIGHT="132" WIDTH="360" STYLEREFS="Style_15" WC="0.958888888888889" CC="000000"/>
						<SP ID="SP_1.2.42.14" HPOS="3704" VPOS="6664" WIDTH="68"/>
						<String CONTENT="of" ID="St_1.2.42.15" HPOS="3820" VPOS="6668" HEIGHT="100" WIDTH="124" STYLEREFS="Style_15" WC="0.961111111111111" CC="00"/>
						<SP ID="SP_1.2.42.16" HPOS="3912" VPOS="6656" WIDTH="72"/>
						<String CONTENT="cases" ID="St_1.2.42.17" HPOS="4028" VPOS="6704" HEIGHT="68" WIDTH="288" STYLEREFS="Style_15" WC="0.966666666666667" CC="00000"/>
						<SP ID="SP_1.2.42.18" HPOS="4288" VPOS="6676" WIDTH="68"/>
						<String CONTENT="re-" ID="St_1.2.42.19" HPOS="4408" VPOS="6708" HEIGHT="64" WIDTH="160" STYLEREFS="Style_15" WC="0.968888888888889" CC="000"/>
					</TextLine>
					<TextLine ID="TL_1.2.43" HPOS="704" VPOS="6804" HEIGHT="148" WIDTH="3860">
						<String CONTENT="ported" ID="St_1.2.43.1" HPOS="704" VPOS="6808" HEIGHT="124" WIDTH="396" STYLEREFS="Style_15" WC="1" CC="000000"/>
						<SP ID="SP_1.2.43.2" HPOS="1060" VPOS="6804" WIDTH="80"/>
						<String CONTENT="in" ID="St_1.2.43.3" HPOS="1188" VPOS="6804" HEIGHT="100" WIDTH="112" STYLEREFS="Style_15" WC="1" CC="00"/>
						<SP ID="SP_1.2.43.4" HPOS="1260" VPOS="6824" WIDTH="80"/>
						<String CONTENT="volumes" ID="St_1.2.43.5" HPOS="1388" VPOS="6804" HEIGHT="104" WIDTH="484" STYLEREFS="Style_15" WC="1" CC="0000000"/>
						<SP ID="SP_1.2.43.6" HPOS="1840" VPOS="6824" WIDTH="72"/>
						<String CONTENT="141" ID="St_1.2.43.7" HPOS="1964" VPOS="6812" HEIGHT="96" WIDTH="184" STYLEREFS="Style_15" WC="1" CC="000"/>
						<SP ID="SP_1.2.43.8" HPOS="2120" VPOS="6812" WIDTH="68"/>
						<String CONTENT="to" ID="St_1.2.43.9" HPOS="2240" VPOS="6820" HEIGHT="88" WIDTH="112" STYLEREFS="Style_15" WC="1" CC="00"/>
						<SP ID="SP_1.2.43.10" HPOS="2316" VPOS="6824" WIDTH="88"/>
						<String CONTENT="150" ID="St_1.2.43.11" HPOS="2460" VPOS="6820" HEIGHT="88" WIDTH="176" STYLEREFS="Style_15" WC="0.963333333333333" CC="333"/>
						<SP ID="SP_1.2.43.12" HPOS="2600" VPOS="6812" WIDTH="76"/>
						<String CONTENT="South" ID="St_1.2.43.13" HPOS="2728" VPOS="6808" HEIGHT="108" WIDTH="348" STYLEREFS="Style_15" WC="0.97" CC="00000"/>
						<SP ID="SP_1.2.43.14" HPOS="3032" VPOS="6808" WIDTH="84"/>
						<String CONTENT="eastern" ID="St_1.2.43.15" HPOS="3168" VPOS="6824" HEIGHT="92" WIDTH="424" STYLEREFS="Style_15" WC="0.975555555555556" CC="0000000"/>
						<SP ID="SP_1.2.43.16" HPOS="3548" VPOS="6828" WIDTH="80"/>
						<String CONTENT="reporter," ID="St_1.2.43.17" HPOS="3680" VPOS="6824" HEIGHT="128" WIDTH="528" STYLEREFS="Style_15" WC="0.98" CC="000000000"/>
						<SP ID="SP_1.2.43.18" HPOS="4188" VPOS="6852" WIDTH="60"/>
						<String CONTENT="with" ID="St_1.2.43.19" HPOS="4300" VPOS="6820" HEIGHT="100" WIDTH="264" STYLEREFS="Style_15" WC="0.982222222222222" CC="0000"/>
					</TextLine>
					<TextLine ID="TL_1.2.44" HPOS="704" VPOS="6952" HEIGHT="144" WIDTH="3864">
						<String CONTENT="Georgia" ID="St_1.2.44.1" HPOS="704" VPOS="6952" HEIGHT="132" WIDTH="480" STYLEREFS="Style_15" WC="1" CC="0000000"/>
						<SP ID="SP_1.2.44.2" HPOS="1152" VPOS="6976" WIDTH="68"/>
						<String CONTENT="table" ID="St_1.2.44.3" HPOS="1264" VPOS="6952" HEIGHT="104" WIDTH="292" STYLEREFS="Style_15" WC="1" CC="00000"/>
						<SP ID="SP_1.2.44.4" HPOS="1524" VPOS="6976" WIDTH="68"/>
						<String CONTENT="of" ID="St_1.2.44.5" HPOS="1632" VPOS="6956" HEIGHT="104" WIDTH="120" STYLEREFS="Style_15" WC="1" CC="00"/>
						<SP ID="SP_1.2.44.6" HPOS="1724" VPOS="6956" WIDTH="64"/>
						<String CONTENT="cases." ID="St_1.2.44.7" HPOS="1828" VPOS="6992" HEIGHT="68" WIDTH="320" STYLEREFS="Style_15" WC="1" CC="000000"/>
						<SP ID="SP_1.2.44.8" HPOS="2136" VPOS="7000" WIDTH="84"/>
						<String CONTENT="Edited" ID="St_1.2.44.9" HPOS="2300" VPOS="6956" HEIGHT="108" WIDTH="408" STYLEREFS="Style_15" WC="1" CC="000000"/>
						<SP ID="SP_1.2.44.10" HPOS="2668" VPOS="6960" WIDTH="72"/>
						<String CONTENT="by" ID="St_1.2.44.11" HPOS="2784" VPOS="6964" HEIGHT="132" WIDTH="144" STYLEREFS="Style_15" WC="1" CC="00"/>
						<SP ID="SP_1.2.44.12" HPOS="2888" VPOS="6980" WIDTH="76"/>
						<String CONTENT="the" ID="St_1.2.44.13" HPOS="3004" VPOS="6964" HEIGHT="100" WIDTH="180" STYLEREFS="Style_15" WC="1" CC="000"/>
						<SP ID="SP_1.2.44.14" HPOS="3152" VPOS="6980" WIDTH="68"/>
						<String CONTENT="editorial" ID="St_1.2.44.15" HPOS="3264" VPOS="6964" HEIGHT="104" WIDTH="516" STYLEREFS="Style_15" WC="1" CC="000000000"/>
						<SP ID="SP_1.2.44.16" HPOS="3752" VPOS="6964" WIDTH="60"/>
						<String CONTENT="staff" ID="St_1.2.44.17" HPOS="3852" VPOS="6964" HEIGHT="108" WIDTH="260" STYLEREFS="Style_15" WC="1" CC="00000"/>
						<SP ID="SP_1.2.44.18" HPOS="4088" VPOS="6960" WIDTH="60"/>
						<String CONTENT="of" ID="St_1.2.44.19" HPOS="4188" VPOS="6968" HEIGHT="104" WIDTH="124" STYLEREFS="Style_15" WC="1" CC="00"/>
						<SP ID="SP_1.2.44.20" HPOS="4280" VPOS="6964" WIDTH="64"/>
						<String CONTENT="the" ID="St_1.2.44.21" HPOS="4384" VPOS="6968" HEIGHT="104" WIDTH="184" STYLEREFS="Style_15" WC="1" CC="000"/>
					</TextLine>
					<TextLine ID="TL_1.2.45" HPOS="704" VPOS="7100" HEIGHT="152" WIDTH="3864">
						<String CONTENT="American" ID="St_1.2.45.1" HPOS="704" VPOS="7100" HEIGHT="104" WIDTH="588" STYLEREFS="Style_15" WC="1" CC="00000000"/>
						<SP ID="SP_1.2.45.2" HPOS="1252" VPOS="7124" WIDTH="72"/>
						<String CONTENT="digest" ID="St_1.2.45.3" HPOS="1360" VPOS="7104" HEIGHT="132" WIDTH="352" STYLEREFS="Style_15" WC="1" CC="000000"/>
						<SP ID="SP_1.2.45.4" HPOS="1688" VPOS="7108" WIDTH="56"/>
						<String CONTENT="system." ID="St_1.2.45.5" HPOS="1784" VPOS="7116" HEIGHT="124" WIDTH="424" STYLEREFS="Style_15" WC="0.984444444444444" CC="0000003"/>
						<SP ID="SP_1.2.45.6" HPOS="2200" VPOS="7108" WIDTH="220"/>
						<String CONTENT="[Georgia" ID="St_1.2.45.7" HPOS="2376" VPOS="7108" HEIGHT="132" WIDTH="512" STYLEREFS="Style_15" WC="0.948888888888889" CC="00000000"/>
						<SP ID="SP_1.2.45.8" HPOS="2848" VPOS="7124" WIDTH="72"/>
						<String CONTENT="ed.]" ID="St_1.2.45.9" HPOS="2956" VPOS="7112" HEIGHT="128" WIDTH="196" STYLEREFS="Style_15" WC="0.955555555555556" CC="0000"/>
						<SP ID="SP_1.2.45.10" HPOS="3136" VPOS="7136" WIDTH="92"/>
						<String CONTENT="St." ID="St_1.2.45.11" HPOS="3312" VPOS="7112" HEIGHT="104" WIDTH="160" STYLEREFS="Style_15" WC="0.958888888888889" CC="000"/>
						<SP ID="SP_1.2.45.12" HPOS="3456" VPOS="7148" WIDTH="44"/>
						<String CONTENT="Paul," ID="St_1.2.45.13" HPOS="3540" VPOS="7116" HEIGHT="132" WIDTH="324" STYLEREFS="Style_15" WC="0.964444444444444" CC="00000"/>
						<SP ID="SP_1.2.45.14" HPOS="3844" VPOS="7152" WIDTH="48"/>
						<String CONTENT="West" ID="St_1.2.45.15" HPOS="3924" VPOS="7120" HEIGHT="100" WIDTH="308" STYLEREFS="Style_15" WC="0.966666666666667" CC="0000"/>
						<SP ID="SP_1.2.45.16" HPOS="4200" VPOS="7116" WIDTH="60"/>
						<String CONTENT="pub-" ID="St_1.2.45.17" HPOS="4296" VPOS="7120" HEIGHT="132" WIDTH="272" STYLEREFS="Style_15" WC="0.97" CC="0000"/>
					</TextLine>
					<TextLine ID="TL_1.2.46" HPOS="704" VPOS="7248" HEIGHT="136" WIDTH="1004">
						<String CONTENT="lishing" ID="St_1.2.46.1" HPOS="704" VPOS="7248" HEIGHT="136" WIDTH="416" STYLEREFS="Style_15" WC="1" CC="0000000"/>
						<SP ID="SP_1.2.46.2" HPOS="1080" VPOS="7268" WIDTH="64"/>
						<String CONTENT="co.," ID="St_1.2.46.3" HPOS="1172" VPOS="7288" HEIGHT="84" WIDTH="188" STYLEREFS="Style_15" WC="1" CC="0000"/>
						<SP ID="SP_1.2.46.4" HPOS="1344" VPOS="7292" WIDTH="40"/>
						<String CONTENT="1930." ID="St_1.2.46.5" HPOS="1416" VPOS="7256" HEIGHT="96" WIDTH="292" STYLEREFS="Style_15" WC="1" CC="00000"/>
					</TextLine>
					<TextLine ID="TL_1.2.47" HPOS="840" VPOS="7392" HEIGHT="112" WIDTH="1584">
						<String CONTENT="2" ID="St_1.2.47.1" HPOS="840" VPOS="7408" HEIGHT="76" WIDTH="52" STYLEREFS="Style_15" WC="1" CC="0"/>
						<SP ID="SP_1.2.47.2" HPOS="860" VPOS="7400" WIDTH="56"/>
						<String CONTENT="p." ID="St_1.2.47.3" HPOS="948" VPOS="7428" HEIGHT="72" WIDTH="80" STYLEREFS="Style_15" WC="1" CC="00"/>
						<SP ID="SP_1.2.47.4" HPOS="1016" VPOS="7432" WIDTH="36"/>
						<String CONTENT="l" ID="St_1.2.47.5" HPOS="1088" VPOS="7392" HEIGHT="80" WIDTH="32" STYLEREFS="Style_15" WC="1" CC="0"/>
						<String CONTENT=".," ID="St_1.2.47.6" HPOS="1128" VPOS="7468" HEIGHT="28" WIDTH="40" STYLEREFS="Style_15" WC="1" CC="00"/>
						<SP ID="SP_1.2.47.7" HPOS="1152" VPOS="7432" WIDTH="40"/>
						<String CONTENT="553," ID="St_1.2.47.8" HPOS="1224" VPOS="7408" HEIGHT="88" WIDTH="192" STYLEREFS="Style_15" WC="1" CC="0000"/>
						<SP ID="SP_1.2.47.9" HPOS="1404" VPOS="7432" WIDTH="36"/>
						<String CONTENT="25" ID="St_1.2.47.10" HPOS="1472" VPOS="7408" HEIGHT="76" WIDTH="112" STYLEREFS="Style_15" WC="1" CC="00"/>
						<SP ID="SP_1.2.47.11" HPOS="1552" VPOS="7400" WIDTH="52"/>
						<String CONTENT="p." ID="St_1.2.47.12" HPOS="1632" VPOS="7432" HEIGHT="72" WIDTH="84" STYLEREFS="Style_15" WC="1" CC="00"/>
						<SP ID="SP_1.2.47.13" HPOS="1700" VPOS="7432" WIDTH="68"/>
						<String CONTENT="25&#x00BD;cm." ID="St_1.2.47.14" HPOS="1824" VPOS="7408" HEIGHT="84" WIDTH="600" STYLEREFS="Style_15" WC="0.977777777777778" CC="000005"/>
					</TextLine>
					<TextLine ID="TL_1.2.48" HPOS="716" VPOS="7500" HEIGHT="124" WIDTH="3680">
						<String CONTENT="&#x00A9;" ID="St_1.2.48.1" HPOS="716" VPOS="7500" HEIGHT="96" WIDTH="96" STYLEREFS="Style_15" WC="0.555555555555556" CC="4"/>
						<SP ID="SP_1.2.48.2" HPOS="760" VPOS="7500" WIDTH="80"/>
						<String CONTENT="Mar." ID="St_1.2.48.3" HPOS="868" VPOS="7516" HEIGHT="76" WIDTH="232" STYLEREFS="Style_15" WC="0.814444444444444" CC="0033"/>
						<SP ID="SP_1.2.48.4" HPOS="1092" VPOS="7544" WIDTH="32"/>
						<String CONTENT="25" ID="St_1.2.48.5" HPOS="1152" VPOS="7516" HEIGHT="76" WIDTH="112" STYLEREFS="Style_15" WC="0.875555555555556" CC="00"/>
						<String CONTENT="," ID="St_1.2.48.6" HPOS="1256" VPOS="7544" HEIGHT="48" WIDTH="20" STYLEREFS="Style_15" WC="0.888888888888889" CC="0"/>
						<SP ID="SP_1.2.48.7" HPOS="1272" VPOS="7544" WIDTH="36"/>
						<String CONTENT="19" ID="St_1.2.48.8" HPOS="1340" VPOS="7516" HEIGHT="76" WIDTH="104" STYLEREFS="Style_15" WC="0.914444444444444" CC="00"/>
						<String CONTENT="3" ID="St_1.2.48.9" HPOS="1452" VPOS="7516" HEIGHT="76" WIDTH="52" STYLEREFS="Style_15" WC="0.88" CC="5"/>
						<String CONTENT="0" ID="St_1.2.48.10" HPOS="1508" VPOS="7516" HEIGHT="76" WIDTH="56" STYLEREFS="Style_15" WC="0.888888888888889" CC="0"/>
						<String CONTENT=";" ID="St_1.2.48.11" HPOS="1592" VPOS="7536" HEIGHT="56" WIDTH="16" STYLEREFS="Style_15" WC="0.895555555555556" CC="0"/>
						<SP ID="SP_1.2.48.12" HPOS="1596" VPOS="7524" WIDTH="40"/>
						<String CONTENT="2" ID="St_1.2.48.13" HPOS="1664" VPOS="7520" HEIGHT="72" WIDTH="60" STYLEREFS="Style_15" WC="0.906666666666667" CC="0"/>
						<String CONTENT="c" ID="St_1.2.48.14" HPOS="1724" VPOS="7544" HEIGHT="48" WIDTH="20" STYLEREFS="Style_15" WC="0.912222222222222" CC="0"/>
						<SP ID="SP_1.2.48.15" HPOS="1752" VPOS="7528" WIDTH="64"/>
						<String CONTENT="and" ID="St_1.2.48.16" HPOS="1844" VPOS="7512" HEIGHT="96" WIDTH="180" STYLEREFS="Style_15" WC="0.922222222222222" CC="000"/>
						<SP ID="SP_1.2.48.17" HPOS="2008" VPOS="7516" WIDTH="44"/>
						<String CONTENT="a" ID="St_1.2.48.18" HPOS="2084" VPOS="7544" HEIGHT="56" WIDTH="48" STYLEREFS="Style_15" WC="0.92" CC="1"/>
						<String CONTENT="f" ID="St_1.2.48.19" HPOS="2144" VPOS="7520" HEIGHT="76" WIDTH="52" STYLEREFS="Style_15" WC="0.91" CC="3"/>
						<String CONTENT="f." ID="St_1.2.48.20" HPOS="2160" VPOS="7520" HEIGHT="80" WIDTH="80" STYLEREFS="Style_15" WC="0.904444444444445" CC="30"/>
						<SP ID="SP_1.2.48.21" HPOS="2224" VPOS="7552" WIDTH="36"/>
						<String CONTENT="Apr." ID="St_1.2.48.22" HPOS="2292" VPOS="7524" HEIGHT="92" WIDTH="216" STYLEREFS="Style_15" WC="0.918888888888889" CC="0000"/>
						<SP ID="SP_1.2.48.23" HPOS="2496" VPOS="7552" WIDTH="36"/>
						<String CONTENT="7:" ID="St_1.2.48.24" HPOS="2564" VPOS="7524" HEIGHT="76" WIDTH="100" STYLEREFS="Style_15" WC="0.925555555555556" CC="00"/>
						<SP ID="SP_1.2.48.25" HPOS="2648" VPOS="7528" WIDTH="40"/>
						<String CONTENT="A" ID="St_1.2.48.26" HPOS="2716" VPOS="7524" HEIGHT="76" WIDTH="80" STYLEREFS="Style_15" WC="0.928888888888889" CC="0"/>
						<SP ID="SP_1.2.48.27" HPOS="2752" VPOS="7520" WIDTH="68"/>
						<String CONTENT="21627;" ID="St_1.2.48.28" HPOS="2848" VPOS="7524" HEIGHT="92" WIDTH="332" STYLEREFS="Style_15" WC="0.94" CC="000000"/>
						<SP ID="SP_1.2.48.29" HPOS="3164" VPOS="7528" WIDTH="40"/>
						<String CONTENT="West" ID="St_1.2.48.30" HPOS="3236" VPOS="7528" HEIGHT="76" WIDTH="264" STYLEREFS="Style_15" WC="0.946666666666667" CC="0000"/>
						<SP ID="SP_1.2.48.31" HPOS="3472" VPOS="7524" WIDTH="48"/>
						<String CONTENT="pub." ID="St_1.2.48.32" HPOS="3548" VPOS="7528" HEIGHT="96" WIDTH="212" STYLEREFS="Style_15" WC="0.951111111111111" CC="0000"/>
						<SP ID="SP_1.2.48.33" HPOS="3744" VPOS="7552" WIDTH="40"/>
						<String CONTENT="co." ID="St_1.2.48.34" HPOS="3816" VPOS="7552" HEIGHT="56" WIDTH="128" STYLEREFS="Style_15" WC="0.954444444444444" CC="000"/>
						<SP ID="SP_1.2.48.35" HPOS="3928" VPOS="7512" WIDTH="180"/>
						<String CONTENT="3358" ID="St_1.2.48.36" HPOS="4164" VPOS="7528" HEIGHT="84" WIDTH="232" STYLEREFS="Style_15" WC="0.951111111111111" CC="0000"/>
					</TextLine>
				</TextBlock>
			</PrintSpace>
		</Page>
	</Layout>
</alto>
