4800 8268
652 652 488 120 Powers,
1204 644 1188 108 Alfred-Continued

796 804 400 88 "Myrtle
1252 808 264 72 wood
1572 800 356 80 edition
1984 804 96 76 of
2136 800 164 80 300
2356 796 388 96 copies."

796 912 64 80 C
876 924 60 60 o
928 928 316 60 NTENT
1252 928 48 60 S
1308 956 136 36 .-
1472 912 512 76 Marooned
2068 908 96 80 in
2244 908 336 80 Crater
2664 908 68 72 L
2740 928 48 56 a
2800 908 144 76 ke.
2972 952 116 12 -
3120 908 136 72 Th
3268 928 48 56 e
3400 904 384 96 hickory
3880 908 176 76 ban
4060 908 60 76 k
4132 968 16 16 .
4180 952 112 12 -
4324 908 192 80 The

660 1020 332 76 dinner
1040 1020 528 76 call.-The
1616 1016 456 80 vanished
2128 1016 644 80 riders.-The
2832 1016 232 76 Blue
3124 1016 364 76 Bucket
3544 1016 588 80 mine.-The
4188 1016 324 80 fourth

660 1128 96 76 of
820 1132 156 76 the
1036 1132 160 72 far
1252 1128 52 76 f
1288 1148 24 56 i
1320 1128 604 80 fteen.--The
1984 1124 352 80 earth's
2396 1128 536 88 curvature,
2996 1124 116 88 by
3176 1124 84 72 J.
3328 1124 136 76 W.
3532 1124 328 76 Booth.

668 1228 100 96 ©
820 1240 244 80 June
1112 1244 76 88 3,
1240 1236 268 88 1930;
1556 1240 132 76 2c.
1740 1240 244 76 June
2032 1236 156 92 10;
2244 1236 156 80 aff.
2456 1236 244 76 June
2744 1232 104 92 9;
2904 1236 76 72 A
3028 1232 332 92 24424;
3416 1232 108 80 A.
3572 1232 404 92 Powers,
4028 1232 484 92 Portland,

800 1348 152 84 Or.
1088 1348 540 96 (30-15335)
4104 1340 232 84 6115

652 1532 372 120 Pratt,
1084 1532 432 104 Walter
1572 1528 580 124 Merriam,
2220 1540 328 96 1880-

796 1676 348 108 Seven
1228 1676 748 132 generations;
2072 1712 60 64 a
2216 1688 304 120 story
2604 1672 124 104 of
2812 1672 592 104 Prattville
3488 1676 216 100 and
3796 1676 488 116 Chelsea,
4368 1676 144 132 by

656 1832 420 104 Walter
1144 1828 532 100 Merriam
1748 1828 356 100 Pratt.
2260 1824 620 128 [Norwood,
2948 1824 368 128 Mass.]
3396 1820 304 108 Priv.
3776 1824 372 132 print.,
4224 1828 292 100 1930.

788 2008 64 56 x
860 1988 100 76 iii
1016 2008 112 72 p.,
1184 1988 196 96 1,1.,
1432 1984 172 76 419
1656 2004 88 76 p.
1856 1984 152 76 fro
2012 2004 56 56 n
2080 1988 92 88 t.,
2228 1984 248 76 illus.
2532 1984 144 92 (in
2680 1984 84 76 cl
2776 2044 16 16 .
2848 1984 156 76 fac
3008 2004 44 52 s
3060 1984 252 88 ims.)
3388 1984 328 92 plates,
3776 1988 288 88 ports.
4176 1988 108 76 23
4284 1988 44 76 4
4368 2016 28 48 ,
4432 2020 20 40 .

788 2096 92 76 M
892 2112 44 60 a
952 2116 108 72 ps
1112 2116 120 56 on
1280 2092 704 96 lining-papers.

668 2188 96 88 ©
824 2204 244 80 June
1120 2204 76 92 2,
1252 2204 272 88 1930;
1580 2204 128 76 2c.
1768 2204 180 72 and
2008 2204 156 76 aff.
2224 2200 240 76 June
2520 2200 48 72 5
2604 2220 16 68 ;
2680 2200 80 72 A
2812 2200 332 88 23826;
3208 2200 136 80 W.
3404 2200 96 76 M
3508 2264 16 16 .
3584 2200 300 92 Pratt,
3944 2200 380 80 Boston.

812 2312 264 96 (30-1
1072 2320 56 68 5
1140 2312 212 92 232)
4096 2308 232 84 6116

652 2496 504 124 Proctor,
1216 2492 496 108 William
1768 2492 468 120 Martin,
2308 2496 324 100 1875-
3056 2524 52 68 e
3116 2492 104 104 d.

784 2648 232 104 The
1108 2644 372 132 junior
1564 2644 268 132 high
1924 2644 400 120 school,
2408 2640 140 104 its
2640 2640 768 136 organization
3496 2644 216 100 and
3804 2644 704 108 administra-

648 2796 284 132 tion;
1016 2796 444 128 editors,
1532 2792 504 108 William
2108 2796 256 96 Mar
2372 2804 44 88 t
2424 2792 112 100 in
2608 2796 468 100 Proctor
3140 2796 60 120 …
3352 2792 520 104 Nicholas
3944 2792 564 108 Ricciardi

724 2956 64 104 …
852 2944 776 124 contributors,
1708 2944 120 108 C.
1904 2944 140 104 A.
2124 2944 620 128 Anderson,
2824 2944 172 100 W.
3076 2944 108 104 J.
3264 2940 508 132 Kircher,
3856 2944 428 104 Harold
4376 2952 128 96 B.

652 3096 424 104 Brooks
1176 3096 256 128 [and
1520 3092 400 132 others]
2024 3104 64 108 …
2296 3088 548 108 Stanford
2936 3092 684 132 University,
3716 3092 376 140 Calif.,
4184 3100 320 104 Stan-

648 3244 256 100 ford
956 3244 612 132 university
1624 3280 336 96 press,
2020 3248 288 96 1930.

776 3384 56 88 x
848 3464 20 32 ,
912 3404 168 80 324
1124 3424 84 72 p.
1256 3400 28 76 i
1292 3404 180 76 ncl.
1520 3400 296 92 plans,
1864 3400 376 92 diagrs.,
2296 3400 324 76 forms.
2732 3400 152 76 23ͨͫ
2900 3404 60 72 ".

784 3512 672 92 Bibliography
1528 3512 100 76 at
1700 3512 176 76 end
1948 3508 96 76 of
2116 3532 248 52 some
2440 3508 96 76 of
2604 3508 156 76 the
2836 3508 492 92 chapters;
3404 3508 732 96 "Bibliography
4204 3512 100 76 of
4376 3532 132 56 se-

644 3624 300 76 lected
1012 3620 324 96 junior
1396 3620 224 92 high
1688 3620 312 76 school
2068 3616 528 84 literature,
2668 3616 116 92 by
2856 3616 312 76 Claire
3236 3616 104 80 F.
3408 3620 92 72 M
3512 3640 52 52 u
3576 3640 52 52 n
3644 3640 44 52 c
3692 3616 168 92 y":
3932 3640 84 72 p.
4084 3620 420 80 310-317.

660 3728 92 88 ©
816 3736 144 72 Ma
976 3756 56 68 y
1084 3736 132 80 27,
1268 3728 272 92 1930;
1596 3728 132 80 2c.
1780 3732 184 76 and
2020 3728 100 76 af
2116 3728 60 76 f.
2236 3728 244 76 June
2528 3728 104 92 2;
2688 3728 76 72 A
2816 3728 332 88 23777;
3208 3728 312 76 Board
3576 3728 104 76 of
3728 3732 408 76 trustees
4192 3728 100 80 of
4352 3728 152 80 the

796 3844 72 72 L
872 3868 44 52 e
924 3844 28 72 l
964 3844 180 76 and
1196 3840 456 80 Stanford
1700 3836 320 96 junior
2068 3836 164 80 uni
2240 3860 52 56 v
2300 3860 100 52 er
2408 3860 40 52 s
2456 3836 164 92 ity,
2680 3836 452 80 Stanford
3184 3836 576 96 University,
3820 3836 276 80 Calif.

808 3952 544 96 (30-15292)
4112 3944 232 84 6117

644 4132 680 124 Remsburg,
1388 4132 440 120 George
1892 4128 800 124 Washington,
2760 4140 332 96 1868-

776 4284 236 100 The
1112 4280 888 104 Pan-American
2100 4280 224 100 diet
2424 4276 288 104 book
2820 4340 20 68 [
2852 4280 144 132 by
3008 4340 24 68 ]
3144 4276 132 108 G.
3376 4284 176 96 W.
3656 4280 624 132 Remsburg
4348 4288 72 108 …

644 4432 432 100 Kansas
1144 4428 292 132 City,
1492 4428 260 128 Mo.,
1816 4424 464 104 Printed
2344 4424 184 104 for
2588 4424 132 108 G.
2780 4428 176 104 W.
3020 4428 620 136 Remsburg
3700 4432 144 132 by
3904 4432 184 100 the
4152 4432 352 100 Naza-

644 4616 252 68 rene
952 4576 652 136 publishing
1660 4576 336 104 house
2076 4600 56 68 [ͨ
2148 4580 264 100 1930]

776 4736 168 80 320
1004 4756 84 72 p.
1204 4732 108 80 20
1336 4736 44 44 ͨͫ
1412 4796 16 16 .

680 4864 20 52 ©
820 4852 216 88 Apr.
1096 4848 48 76 2
1148 4844 56 76 5
1212 4908 16 28 ,
1288 4844 264 88 1930;
1624 4844 48 76 2
1680 4868 72 56 c.
1820 4844 216 92 May
2092 4844 160 88 29;
2320 4844 156 80 aff.
2544 4848 220 88 May
2820 4844 160 92 28;
3044 4844 72 76 A
3180 4844 332 92 24216;
3584 4844 96 80 G.
3748 4844 140 80 W.
3952 4848 544 92 Remsburg,

784 4960 728 88 Independence,
1556 4976 92 68 M
1656 4976 76 56 o.
1872 4956 92 88 (3
1972 4952 56 80 0
2028 4952 384 96 -15202)
4088 4952 228 84 6118

644 5136 200 100 Rie
856 5132 48 104 f
852 5132 236 128 ler,
1148 5132 516 108 Winfield
1720 5136 172 104 W.

772 5284 408 132 Money
1252 5296 288 88 rates
1616 5284 216 100 and
1904 5320 392 96 money
2368 5284 480 104 markets
2924 5284 112 100 in
3116 5288 188 96 the
3376 5284 420 108 United
3880 5288 400 128 States,
4356 5288 144 136 by

640 5432 524 104 Winfield
1232 5432 176 104 W.
1480 5432 444 132 Riefler,
1996 5432 268 104 with
2336 5468 136 68 an
2552 5432 756 104 introduction
3376 5436 148 132 by
3596 5436 132 100 E.
3804 5436 140 104 A.
4020 5432 476 108 Golden

640 5580 408 104 weiser.
1180 5584 268 100 New
1512 5584 316 96 York
1888 5584 216 100 and
2168 5584 500 128 London,
2732 5584 452 132 Harper
3248 5588 92 96 &
3404 5584 536 132 brothers,
4012 5592 288 100 1930.

776 5748 60 60 x
844 5740 168 76 viii
1064 5760 108 72 p.,
1232 5740 48 72 1
1336 5740 88 88 l.,
1480 5740 48 72 2
1540 5740 48 72 5
1592 5736 52 80 9
1700 5756 80 76 p.
1900 5740 348 92 diagrs.
2360 5740 112 76 22
2528 5736 120 84 ½ͨͫ.

780 5848 312 76 "First
1152 5844 436 80 edition."

652 5952 92 88 ©
804 5956 244 76 June
1092 5960 76 84 4,
1220 5956 272 84 1930;
1544 5956 128 80 2c.
1724 5960 244 72 June
2016 5960 100 80 2;
2176 5980 44 52 a
2236 5956 72 76 ff
2316 6020 16 16 .
2384 5960 244 72 June
2676 5960 56 72 6
2756 5980 20 68 ;
2832 5960 76 72 A
2956 5960 332 92 24348;
3348 5968 88 72 H
3444 5980 52 56 a
3508 5980 108 72 rp
3620 5972 40 68 e
3680 5980 44 52 r
3772 5960 72 80 &
3888 5968 244 72 bros.

800 6064 496 108 (30-15106
1316 6076 24 84 )
4084 6068 228 80 6119

640 6240 612 128 Robinson,
1316 6244 436 124 George
1820 6244 644 124 Frederick,
2532 6260 328 92 1860-

776 6396 340 108 Great
1172 6396 288 104 little
1512 6400 740 104 Watertown:
2312 6436 60 64 a
2432 6412 756 120 tercentenary
3244 6400 460 136 history,
3764 6404 144 132 by
3968 6400 128 108 G.
4156 6404 340 104 Fred-

640 6548 296 100 erick
1028 6544 560 104 Robinson
1688 6552 212 100 and
2000 6548 100 100 R
2104 6584 64 64 u
2180 6552 120 100 th
2400 6548 556 104 Robinson
3056 6552 536 100 Wheeler.
3748 6552 748 128 [Watertown,

640 6696 328 104 Mass.
1068 6700 276 100 Pub.
1404 6704 112 96 at
1568 6700 180 100 the
1808 6712 420 116 request
2288 6700 120 104 of
2464 6700 180 100 the
2692 6700 688 100 Watertown
3432 6700 568 104 historical
4056 6700 440 136 society,

644 6852 288 100 1930.

776 7000 52 76 6
880 7016 76 72 p.
1012 7000 88 88 l.,
1160 7012 32 60 [
1188 6996 312 92 3]-150
1556 7020 76 68 p.
1752 7000 316 92 front.,
2128 7004 328 92 plates,
2516 7004 312 88 ports.,
2888 7024 264 72 maps
3228 7004 84 80 (1
3380 7000 272 88 fold.)
3728 7004 156 76 fac
3892 7024 44 52 s
3944 7004 152 76 im.
4212 6988 280 96 23½ͨͫ.

776 7104 672 92 Bibliography
1504 7112 96 72 at
1652 7112 176 72 end
1880 7108 104 76 of
2032 7112 216 88 part
2300 7112 100 76 of
2452 7112 156 72 the
2664 7112 464 88 chapters.

776 7216 540 76 "Founders
1368 7216 104 76 of
1520 7216 692 76 Watertown":
2272 7240 76 72 p.
2412 7256 20 56 [
2440 7216 160 76 112
2612 7256 20 56 ]
2636 7264 60 4 -
2704 7216 184 76 136.

652 7316 96 96 ©
800 7324 216 92 Apr.
1064 7324 132 84 12,
1244 7324 260 80 1930:
1564 7328 48 72 2
1620 7348 44 48 c
1676 7388 12 16 .
1740 7328 220 92 May
2004 7328 96 80 G:
2156 7348 48 56 a
2216 7328 92 80 ff.
2364 7328 220 92 May
2624 7328 104 80 3:
2780 7328 76 72 A
2904 7328 328 92 23223;
3292 7328 96 80 G.
3440 7328 96 80 F.
3592 7328 500 88 Robinson,
4128 7332 356 76 Water-

784 7436 272 88 town,
1112 7436 308 80 Mass.,
1480 7436 180 72 and
1716 7436 252 76 Ruth
2028 7432 472 84 Robinson
2556 7436 172 80 Wh
2740 7456 48 56 e
2792 7440 216 92 eler,
3068 7436 444 96 Concord,
3572 7432 280 88 Mass.

800 7540 540 96 (30-15346)
4096 7544 228 84 6120

2456 7652 200 100 934
