<?xml version="1.0"?>
<alto xmlns="http://www.loc.gov/standards/alto/ns-v2#" xmlns:xlink="http://www.w3.org/1999/xlink" xmlns:xsi="http://www.w3.org/2001/XMLSchema-instance" xsi:schemaLocation="http://www.loc.gov/standards/alto/ns-v2# http://www.loc.gov/standards/alto/alto-v2.0.xsd">
	<Description>
		<MeasurementUnit>inch1200</MeasurementUnit>
		<sourceImageInformation>
			<fileIdentifier>catalogofcopyri271libr_001-2321.pdf_Page_0749.jpg</fileIdentifier>
		</sourceImageInformation>
		<OCRProcessing ID="OCR1">
			<ocrProcessingStep>
				<processingDateTime>2018-04-23T17:17:46</processingDateTime>
				<processingAgency>Data Conversion Laboratory</processingAgency>
				<processingSoftware>
					<softwareCreator>Prime</softwareCreator>
					<softwareName>Prime OCR</softwareName>
					<softwareVersion>4.40</softwareVersion>
				</processingSoftware>
			</ocrProcessingStep>
			<postProcessingStep>
				<processingDateTime>2018-04-25T17:35:13</processingDateTime>
				<processingAgency>Data Conversion Laboratory</processingAgency>
				<processingStepDescription>PRO -&gt; ALTO</processingStepDescription>
				<processingSoftware>
					<softwareCreator>Data Conversion Laboratory</softwareCreator>
					<softwareName>pro2alto.2018.02.27</softwareName>
					<softwareVersion>2.0</softwareVersion>
				</processingSoftware>
			</postProcessingStep>
		</OCRProcessing>
	</Description>
<Styles>
		<TextStyle ID="Style_1" FONTSIZE="8" FONTTYPE="serif" FONTWIDTH="proportional"/>
		<TextStyle ID="Style_2" FONTSIZE="8" FONTTYPE="serif" FONTWIDTH="proportional" FONTSTYLE="bold"/>
		<TextStyle ID="Style_3" FONTSIZE="10" FONTTYPE="serif" FONTWIDTH="proportional" FONTSTYLE="bold"/>
		<TextStyle ID="Style_4" FONTSIZE="10" FONTTYPE="serif" FONTWIDTH="proportional"/>
		<TextStyle ID="Style_5" FONTSIZE="7" FONTTYPE="serif" FONTWIDTH="proportional"/>
		<TextStyle ID="Style_6" FONTSIZE="7" FONTTYPE="sans-serif" FONTWIDTH="fixed" FONTSTYLE="bold underline superscript subscript"/>
		<TextStyle ID="Style_7" FONTSIZE="7" FONTTYPE="serif" FONTWIDTH="proportional" FONTSTYLE="italics"/>
		<TextStyle ID="Style_8" FONTSIZE="7" FONTTYPE="serif" FONTWIDTH="proportional" FONTSTYLE="bold"/>
		<TextStyle ID="Style_9" FONTSIZE="9" FONTTYPE="serif" FONTWIDTH="proportional" FONTSTYLE="bold"/>
		<TextStyle ID="Style_10" FONTSIZE="6" FONTTYPE="serif" FONTWIDTH="proportional" FONTSTYLE="bold"/>
		<TextStyle ID="Style_11" FONTSIZE="5" FONTTYPE="sans-serif" FONTWIDTH="fixed" FONTSTYLE="bold underline superscript subscript"/>
		<TextStyle ID="Style_12" FONTSIZE="5" FONTTYPE="serif" FONTWIDTH="proportional" FONTSTYLE="bold"/>
		<TextStyle ID="Style_13" FONTSIZE="7" FONTTYPE="serif" FONTWIDTH="proportional" FONTSTYLE="bold italics"/>
		<TextStyle ID="Style_14" FONTSIZE="6" FONTTYPE="serif" FONTWIDTH="proportional" FONTSTYLE="bold italics"/>
		<TextStyle ID="Style_15" FONTSIZE="9" FONTTYPE="serif" FONTWIDTH="proportional" FONTSTYLE="bold italics"/>
		<TextStyle ID="Style_16" FONTSIZE="6" FONTTYPE="sans-serif" FONTWIDTH="fixed" FONTSTYLE="bold underline superscript subscript"/>
		<TextStyle ID="Style_17" FONTSIZE="9" FONTTYPE="serif" FONTWIDTH="proportional"/>
		<TextStyle ID="Style_18" FONTSIZE="7" FONTTYPE="serif" FONTWIDTH="fixed" FONTSTYLE="bold"/>
		<TextStyle ID="Style_19" FONTSIZE="10" FONTTYPE="serif" FONTWIDTH="proportional" FONTSTYLE="bold italics"/>
		<TextStyle ID="Style_20" FONTSIZE="8" FONTTYPE="sans-serif" FONTWIDTH="fixed" FONTSTYLE="bold underline superscript subscript"/>
	</Styles>
	<Layout>
		<Page ID="Page_1" PHYSICAL_IMG_NR="1" HEIGHT="8268" WIDTH="4800">
			<PrintSpace ID="PS_1" HPOS="0" VPOS="0" HEIGHT="8268" WIDTH="4800">
				<TextBlock ID="TB_1.1" HPOS="1884" VPOS="7620" WIDTH="532" HEIGHT="224">
					<TextLine ID="TL_1.1.1" HPOS="2048" VPOS="7648" HEIGHT="108" WIDTH="196">
						<String CONTENT="749" ID="St_1.1.1.1" HPOS="2048" VPOS="7648" HEIGHT="108" WIDTH="196" STYLEREFS="Style_1" WC="1" CC="000"/>
					</TextLine>
				</TextBlock>
				<TextBlock ID="TB_1.2" HPOS="116" VPOS="600" WIDTH="4076" HEIGHT="6984">
					<TextLine ID="TL_1.2.1" HPOS="280" VPOS="676" HEIGHT="128" WIDTH="1404">
						<String CONTENT="Fr" ID="St_1.2.1.1" HPOS="280" VPOS="684" HEIGHT="100" WIDTH="148" STYLEREFS="Style_2" WC="0.888888888888889" CC="11"/>
						<String CONTENT="o" ID="St_1.2.1.2" HPOS="432" VPOS="680" HEIGHT="104" WIDTH="68" STYLEREFS="Style_3" WC="0.74" CC="5"/>
						<String CONTENT="lich," ID="St_1.2.1.3" HPOS="500" VPOS="676" HEIGHT="128" WIDTH="260" STYLEREFS="Style_3" WC="0.902222222222222" CC="00000"/>
						<SP ID="SP_1.2.1.4" HPOS="744" VPOS="724" WIDTH="44"/>
						<String CONTENT="Gustav," ID="St_1.2.1.5" HPOS="820" VPOS="680" HEIGHT="120" WIDTH="480" STYLEREFS="Style_3" WC="0.951111111111111" CC="0000000"/>
						<SP ID="SP_1.2.1.6" HPOS="1280" VPOS="724" WIDTH="48"/>
						<String CONTENT="1879-" ID="St_1.2.1.7" HPOS="1360" VPOS="680" HEIGHT="104" WIDTH="324" STYLEREFS="Style_3" WC="0.964444444444444" CC="00000"/>
					</TextLine>
					<TextLine ID="TL_1.2.2" HPOS="404" VPOS="828" HEIGHT="132" WIDTH="3708">
						<String CONTENT="Wol" ID="St_1.2.2.1" HPOS="404" VPOS="832" HEIGHT="104" WIDTH="252" STYLEREFS="Style_3" WC="1" CC="000"/>
						<String CONTENT="l" ID="St_1.2.2.2" HPOS="664" VPOS="832" HEIGHT="96" WIDTH="40" STYLEREFS="Style_4" WC="0.888888888888889" CC="4"/>
						<String CONTENT="kunde;" ID="St_1.2.2.3" HPOS="708" VPOS="832" HEIGHT="124" WIDTH="416" STYLEREFS="Style_4" WC="0.955555555555556" CC="000000"/>
						<SP ID="SP_1.2.2.4" HPOS="1112" VPOS="852" WIDTH="40"/>
						<String CONTENT="bildung" ID="St_1.2.2.5" HPOS="1184" VPOS="828" HEIGHT="132" WIDTH="468" STYLEREFS="Style_4" WC="0.974444444444444" CC="0000000"/>
						<SP ID="SP_1.2.2.6" HPOS="1616" VPOS="852" WIDTH="64"/>
						<String CONTENT="und" ID="St_1.2.2.7" HPOS="1712" VPOS="832" HEIGHT="96" WIDTH="224" STYLEREFS="Style_4" WC="0.958888888888889" CC="400"/>
						<SP ID="SP_1.2.2.8" HPOS="1900" VPOS="832" WIDTH="64"/>
						<String CONTENT="eigenschaften" ID="St_1.2.2.9" HPOS="1996" VPOS="828" HEIGHT="132" WIDTH="816" STYLEREFS="Style_4" WC="0.95" CC="4000040000000"/>
						<SP ID="SP_1.2.2.10" HPOS="2772" VPOS="848" WIDTH="68"/>
						<String CONTENT="der" ID="St_1.2.2.11" HPOS="2872" VPOS="832" HEIGHT="96" WIDTH="188" STYLEREFS="Style_4" WC="0.955555555555556" CC="000"/>
						<SP ID="SP_1.2.2.12" HPOS="3028" VPOS="848" WIDTH="60"/>
						<String CONTENT="wolle," ID="St_1.2.2.13" HPOS="3120" VPOS="828" HEIGHT="132" WIDTH="344" STYLEREFS="Style_4" WC="0.961111111111111" CC="000000"/>
						<SP ID="SP_1.2.2.14" HPOS="3448" VPOS="872" WIDTH="40"/>
						<String CONTENT="bearbeitet" ID="St_1.2.2.15" HPOS="3520" VPOS="828" HEIGHT="104" WIDTH="592" STYLEREFS="Style_4" WC="0.968888888888889" CC="0000000000"/>
					</TextLine>
					<TextLine ID="TL_1.2.3" HPOS="284" VPOS="976" HEIGHT="132" WIDTH="3824">
						<String CONTENT="v" ID="St_1.2.3.1" HPOS="284" VPOS="1016" HEIGHT="68" WIDTH="60" STYLEREFS="Style_5" WC="1" CC="0"/>
						<String CONTENT="o" ID="St_1.2.3.2" HPOS="352" VPOS="1016" HEIGHT="64" WIDTH="60" STYLEREFS="Style_5" WC="1" CC="0"/>
						<String CONTENT="n" ID="St_1.2.3.3" HPOS="416" VPOS="1020" HEIGHT="64" WIDTH="72" STYLEREFS="Style_5" WC="1" CC="0"/>
						<SP ID="SP_1.2.3.4" HPOS="448" VPOS="1004" WIDTH="80"/>
						<String CONTENT="dr." ID="St_1.2.3.5" HPOS="572" VPOS="984" HEIGHT="100" WIDTH="164" STYLEREFS="Style_5" WC="1" CC="000"/>
						<SP ID="SP_1.2.3.6" HPOS="724" VPOS="1024" WIDTH="52"/>
						<String CONTENT="Gustav" ID="St_1.2.3.7" HPOS="820" VPOS="980" HEIGHT="104" WIDTH="424" STYLEREFS="Style_5" WC="1" CC="000000"/>
						<SP ID="SP_1.2.3.8" HPOS="1244" VPOS="1004" WIDTH="52"/>
						<String CONTENT="Fr" ID="St_1.2.3.9" HPOS="1328" VPOS="980" HEIGHT="96" WIDTH="160" STYLEREFS="Style_5" WC="1" CC="00"/>
						<String CONTENT="ol" ID="St_1.2.3.10" HPOS="1472" VPOS="980" HEIGHT="96" WIDTH="124" STYLEREFS="Style_5" WC="0.97" CC="50"/>
						<String CONTENT="ich" ID="St_1.2.3.11" HPOS="1604" VPOS="980" HEIGHT="96" WIDTH="172" STYLEREFS="Style_5" WC="0.974444444444444" CC="000"/>
						<SP ID="SP_1.2.3.12" HPOS="1736" VPOS="984" WIDTH="84"/>
						<String CONTENT="&#x2026;" ID="St_1.2.3.13" HPOS="1868" VPOS="1060" HEIGHT="16" WIDTH="108" STYLEREFS="Style_6" WC="0.977777777777778" CC="000"/>
						<SP ID="SP_1.2.3.14" HPOS="1964" VPOS="1044" WIDTH="56"/>
						<String CONTENT="dr." ID="St_1.2.3.15" HPOS="2072" VPOS="980" HEIGHT="96" WIDTH="156" STYLEREFS="Style_6" WC="0.981111111111111" CC="000"/>
						<SP ID="SP_1.2.3.16" HPOS="2216" VPOS="1024" WIDTH="52"/>
						<String CONTENT="Walter" ID="St_1.2.3.17" HPOS="2312" VPOS="976" HEIGHT="104" WIDTH="428" STYLEREFS="Style_7" WC="0.984444444444444" CC="000000"/>
						<SP ID="SP_1.2.3.18" HPOS="2708" VPOS="1004" WIDTH="72"/>
						<String CONTENT="Sp&#x00F6;ttel" ID="St_1.2.3.19" HPOS="2824" VPOS="976" HEIGHT="132" WIDTH="432" STYLEREFS="Style_7" WC="0.986666666666667" CC="0000000"/>
						<SP ID="SP_1.2.3.20" HPOS="3232" VPOS="980" WIDTH="64"/>
						<String CONTENT="&#x2026;" ID="St_1.2.3.21" HPOS="3348" VPOS="1060" HEIGHT="16" WIDTH="108" STYLEREFS="Style_7" WC="0.987777777777778" CC="000"/>
						<SP ID="SP_1.2.3.22" HPOS="3444" VPOS="1044" WIDTH="64"/>
						<String CONTENT="[und]" ID="St_1.2.3.23" HPOS="3560" VPOS="980" HEIGHT="108" WIDTH="284" STYLEREFS="Style_7" WC="0.971111111111111" CC="40005"/>
						<SP ID="SP_1.2.3.24" HPOS="3836" VPOS="1016" WIDTH="56"/>
						<String CONTENT="dr." ID="St_1.2.3.25" HPOS="3944" VPOS="976" HEIGHT="100" WIDTH="164" STYLEREFS="Style_7" WC="0.973333333333333" CC="000"/>
					</TextLine>
					<TextLine ID="TL_1.2.4" HPOS="280" VPOS="1124" HEIGHT="132" WIDTH="3832">
						<String CONTENT="Ernst" ID="St_1.2.4.1" HPOS="280" VPOS="1132" HEIGHT="96" WIDTH="336" STYLEREFS="Style_7" WC="1" CC="00000"/>
						<SP ID="SP_1.2.4.2" HPOS="588" VPOS="1132" WIDTH="60"/>
						<String CONTENT="T" ID="St_1.2.4.3" HPOS="684" VPOS="1132" HEIGHT="96" WIDTH="92" STYLEREFS="Style_7" WC="1" CC="0"/>
						<String CONTENT="h" ID="St_1.2.4.4" HPOS="776" VPOS="1128" HEIGHT="88" WIDTH="72" STYLEREFS="Style_7" WC="0.888888888888889" CC="8"/>
						<String CONTENT="nzer" ID="St_1.2.4.5" HPOS="852" VPOS="1164" HEIGHT="64" WIDTH="256" STYLEREFS="Style_7" WC="0.878888888888889" CC="5000"/>
						<SP ID="SP_1.2.4.6" HPOS="1080" VPOS="1148" WIDTH="64"/>
						<String CONTENT="&#x2026;" ID="St_1.2.4.7" HPOS="1184" VPOS="1212" HEIGHT="16" WIDTH="108" STYLEREFS="Style_7" WC="0.908888888888889" CC="000"/>
						<SP ID="SP_1.2.4.8" HPOS="1280" VPOS="1192" WIDTH="48"/>
						<String CONTENT="mit" ID="St_1.2.4.9" HPOS="1364" VPOS="1128" HEIGHT="100" WIDTH="204" STYLEREFS="Style_7" WC="0.927777777777778" CC="000"/>
						<SP ID="SP_1.2.4.10" HPOS="1540" VPOS="1132" WIDTH="64"/>
						<String CONTENT="17" ID="St_1.2.4.11" HPOS="1644" VPOS="1124" HEIGHT="104" WIDTH="124" STYLEREFS="Style_7" WC="0.936666666666667" CC="00"/>
						<String CONTENT="2" ID="St_1.2.4.12" HPOS="1772" VPOS="1132" HEIGHT="92" WIDTH="60" STYLEREFS="Style_7" WC="0.938888888888889" CC="0"/>
						<SP ID="SP_1.2.4.13" HPOS="1800" VPOS="1128" WIDTH="64"/>
						<String CONTENT="textabbildungen" ID="St_1.2.4.14" HPOS="1900" VPOS="1124" HEIGHT="132" WIDTH="976" STYLEREFS="Style_7" WC="0.963333333333333" CC="000000000000000"/>
						<SP ID="SP_1.2.4.15" HPOS="2836" VPOS="1144" WIDTH="72"/>
						<String CONTENT="u" ID="St_1.2.4.16" HPOS="2944" VPOS="1144" HEIGHT="76" WIDTH="72" STYLEREFS="Style_7" WC="0.954444444444444" CC="4"/>
						<String CONTENT="nd" ID="St_1.2.4.17" HPOS="3020" VPOS="1128" HEIGHT="100" WIDTH="152" STYLEREFS="Style_7" WC="0.956666666666667" CC="00"/>
						<SP ID="SP_1.2.4.18" HPOS="3132" VPOS="1128" WIDTH="72"/>
						<String CONTENT="2" ID="St_1.2.4.19" HPOS="3240" VPOS="1132" HEIGHT="92" WIDTH="60" STYLEREFS="Style_7" WC="0.958888888888889" CC="0"/>
						<SP ID="SP_1.2.4.20" HPOS="3268" VPOS="1128" WIDTH="64"/>
						<String CONTENT="f" ID="St_1.2.4.21" HPOS="3372" VPOS="1124" HEIGHT="104" WIDTH="56" STYLEREFS="Style_7" WC="0.96" CC="0"/>
						<String CONTENT="arbigen" ID="St_1.2.4.22" HPOS="3432" VPOS="1124" HEIGHT="132" WIDTH="448" STYLEREFS="Style_7" WC="0.965555555555556" CC="0000000"/>
						<SP ID="SP_1.2.4.23" HPOS="3840" VPOS="1144" WIDTH="72"/>
						<String CONTENT="t" ID="St_1.2.4.24" HPOS="3952" VPOS="1132" HEIGHT="88" WIDTH="40" STYLEREFS="Style_7" WC="0.966666666666667" CC="0"/>
						<String CONTENT="a-" ID="St_1.2.4.25" HPOS="4004" VPOS="1160" HEIGHT="64" WIDTH="108" STYLEREFS="Style_7" WC="0.967777777777778" CC="00"/>
					</TextLine>
					<TextLine ID="TL_1.2.5" HPOS="276" VPOS="1276" HEIGHT="132" WIDTH="1988">
						<String CONTENT="fe" ID="St_1.2.5.1" HPOS="276" VPOS="1280" HEIGHT="100" WIDTH="108" STYLEREFS="Style_7" WC="0.888888888888889" CC="11"/>
						<String CONTENT="l" ID="St_1.2.5.2" HPOS="388" VPOS="1280" HEIGHT="96" WIDTH="40" STYLEREFS="Style_7" WC="0.777777777777778" CC="4"/>
						<String CONTENT="n." ID="St_1.2.5.3" HPOS="436" VPOS="1316" HEIGHT="60" WIDTH="100" STYLEREFS="Style_7" WC="0.866666666666667" CC="00"/>
						<SP ID="SP_1.2.5.4" HPOS="524" VPOS="1320" WIDTH="84"/>
						<String CONTENT="Berlin," ID="St_1.2.5.5" HPOS="680" VPOS="1276" HEIGHT="132" WIDTH="420" STYLEREFS="Style_7" WC="0.947777777777778" CC="0000000"/>
						<SP ID="SP_1.2.5.6" HPOS="1084" VPOS="1320" WIDTH="44"/>
						<String CONTENT="J." ID="St_1.2.5.7" HPOS="1160" VPOS="1280" HEIGHT="100" WIDTH="104" STYLEREFS="Style_7" WC="0.957777777777778" CC="00"/>
						<SP ID="SP_1.2.5.8" HPOS="1252" VPOS="1320" WIDTH="48"/>
						<String CONTENT="Springer," ID="St_1.2.5.9" HPOS="1340" VPOS="1276" HEIGHT="132" WIDTH="572" STYLEREFS="Style_7" WC="0.973333333333333" CC="000000000"/>
						<SP ID="SP_1.2.5.10" HPOS="1896" VPOS="1320" WIDTH="44"/>
						<String CONTENT="1929." ID="St_1.2.5.11" HPOS="1976" VPOS="1280" HEIGHT="96" WIDTH="288" STYLEREFS="Style_7" WC="0.978888888888889" CC="00000"/>
					</TextLine>
					<TextLine ID="TL_1.2.6" HPOS="412" VPOS="1420" HEIGHT="108" WIDTH="3696">
						<String CONTENT="ix," ID="St_1.2.6.1" HPOS="412" VPOS="1432" HEIGHT="92" WIDTH="124" STYLEREFS="Style_7" WC="1" CC="000"/>
						<SP ID="SP_1.2.6.2" HPOS="524" VPOS="1456" WIDTH="44"/>
						<String CONTENT="419," ID="St_1.2.6.3" HPOS="604" VPOS="1432" HEIGHT="92" WIDTH="192" STYLEREFS="Style_7" WC="1" CC="0000"/>
						<SP ID="SP_1.2.6.4" HPOS="784" VPOS="1456" WIDTH="56"/>
						<String CONTENT="dl;" ID="St_1.2.6.5" HPOS="880" VPOS="1420" HEIGHT="108" WIDTH="96" STYLEREFS="Style_8" WC="0.814444444444444" CC="758"/>
						<SP ID="SP_1.2.6.6" HPOS="968" VPOS="1444" WIDTH="52"/>
						<String CONTENT="p." ID="St_1.2.6.7" HPOS="1060" VPOS="1452" HEIGHT="72" WIDTH="84" STYLEREFS="Style_8" WC="0.851111111111111" CC="00"/>
						<SP ID="SP_1.2.6.8" HPOS="1132" VPOS="1460" WIDTH="44"/>
						<String CONTENT="i" ID="St_1.2.6.9" HPOS="1216" VPOS="1432" HEIGHT="76" WIDTH="32" STYLEREFS="Style_9" WC="0.862222222222222" CC="1"/>
						<String CONTENT="l" ID="St_1.2.6.10" HPOS="1252" VPOS="1432" HEIGHT="72" WIDTH="28" STYLEREFS="Style_10" WC="0.851111111111111" CC="3"/>
						<String CONTENT="l" ID="St_1.2.6.11" HPOS="1288" VPOS="1432" HEIGHT="72" WIDTH="28" STYLEREFS="Style_10" WC="0.841111111111111" CC="3"/>
						<String CONTENT="us" ID="St_1.2.6.12" HPOS="1328" VPOS="1452" HEIGHT="56" WIDTH="108" STYLEREFS="Style_10" WC="0.824444444444444" CC="33"/>
						<String CONTENT=".," ID="St_1.2.6.13" HPOS="1448" VPOS="1492" HEIGHT="32" WIDTH="44" STYLEREFS="Style_10" WC="0.84" CC="00"/>
						<SP ID="SP_1.2.6.14" HPOS="1480" VPOS="1456" WIDTH="48"/>
						<String CONTENT="n" ID="St_1.2.6.15" HPOS="1568" VPOS="1420" HEIGHT="80" WIDTH="68" STYLEREFS="Style_10" WC="0.822222222222222" CC="7"/>
						<SP ID="SP_1.2.6.16" HPOS="1600" VPOS="1436" WIDTH="76"/>
						<String CONTENT="col." ID="St_1.2.6.17" HPOS="1712" VPOS="1432" HEIGHT="76" WIDTH="168" STYLEREFS="Style_10" WC="0.851111111111111" CC="0000"/>
						<SP ID="SP_1.2.6.18" HPOS="1868" VPOS="1456" WIDTH="44"/>
						<String CONTENT="p" ID="St_1.2.6.19" HPOS="1952" VPOS="1448" HEIGHT="72" WIDTH="60" STYLEREFS="Style_10" WC="0.861111111111111" CC="0"/>
						<String CONTENT="l" ID="St_1.2.6.20" HPOS="2012" VPOS="1432" HEIGHT="72" WIDTH="28" STYLEREFS="Style_10" WC="0.851111111111111" CC="4"/>
						<String CONTENT=".," ID="St_1.2.6.21" HPOS="2056" VPOS="1492" HEIGHT="28" WIDTH="40" STYLEREFS="Style_10" WC="0.86" CC="00"/>
						<SP ID="SP_1.2.6.22" HPOS="2084" VPOS="1456" WIDTH="52"/>
						<String CONTENT="diagr" ID="St_1.2.6.23" HPOS="2176" VPOS="1428" HEIGHT="92" WIDTH="264" STYLEREFS="Style_10" WC="0.88" CC="00000"/>
						<String CONTENT="s" ID="St_1.2.6.24" HPOS="2448" VPOS="1452" HEIGHT="56" WIDTH="44" STYLEREFS="Style_10" WC="0.872222222222222" CC="4"/>
						<String CONTENT="." ID="St_1.2.6.25" HPOS="2500" VPOS="1492" HEIGHT="12" WIDTH="16" STYLEREFS="Style_10" WC="0.875555555555556" CC="0"/>
						<SP ID="SP_1.2.6.26" HPOS="2504" VPOS="1456" WIDTH="76"/>
						<String CONTENT="2" ID="St_1.2.6.27" HPOS="2644" VPOS="1432" HEIGHT="72" WIDTH="52" STYLEREFS="Style_11" WC="0.881111111111111" CC="0"/>
						<String CONTENT="5" ID="St_1.2.6.28" HPOS="2700" VPOS="1428" HEIGHT="76" WIDTH="52" STYLEREFS="Style_11" WC="0.883333333333333" CC="0"/>
						<String CONTENT="C" ID="St_1.2.6.29" HPOS="2764" VPOS="1444" HEIGHT="52" WIDTH="60" STYLEREFS="Style_11" WC="0.866666666666667" CC="8"/>
						<String CONTENT="&quot;" ID="St_1.2.6.30" HPOS="2868" VPOS="1432" HEIGHT="40" WIDTH="32" STYLEREFS="Style_12" WC="0.853333333333333" CC="7"/>
						<String CONTENT="." ID="St_1.2.6.31" HPOS="2912" VPOS="1492" HEIGHT="16" WIDTH="16" STYLEREFS="Style_12" WC="0.847777777777778" CC="4"/>
						<SP ID="SP_1.2.6.32" HPOS="2916" VPOS="1468" WIDTH="84"/>
						<String CONTENT="(" ID="St_1.2.6.33" HPOS="3080" VPOS="1424" HEIGHT="96" WIDTH="28" STYLEREFS="Style_13" WC="0.848888888888889" CC="1"/>
						<String CONTENT="A" ID="St_1.2.6.34" HPOS="3124" VPOS="1424" HEIGHT="76" WIDTH="76" STYLEREFS="Style_14" WC="0.843333333333333" CC="4"/>
						<String CONTENT="dded" ID="St_1.2.6.35" HPOS="3208" VPOS="1432" HEIGHT="72" WIDTH="240" STYLEREFS="Style_14" WC="0.854444444444444" CC="0000"/>
						<SP ID="SP_1.2.6.36" HPOS="3416" VPOS="1424" WIDTH="68"/>
						<String CONTENT="t" ID="St_1.2.6.37" HPOS="3524" VPOS="1432" HEIGHT="72" WIDTH="36" STYLEREFS="Style_15" WC="0.852222222222222" CC="4"/>
						<String CONTENT="." ID="St_1.2.6.38" HPOS="3568" VPOS="1488" HEIGHT="16" WIDTH="16" STYLEREFS="Style_15" WC="0.848888888888889" CC="3"/>
						<String CONTENT="p.:" ID="St_1.2.6.39" HPOS="3624" VPOS="1448" HEIGHT="72" WIDTH="128" STYLEREFS="Style_15" WC="0.855555555555556" CC="000"/>
						<SP ID="SP_1.2.6.40" HPOS="3732" VPOS="1432" WIDTH="56"/>
						<String CONTENT="Tech-" ID="St_1.2.6.41" HPOS="3828" VPOS="1428" HEIGHT="76" WIDTH="280" STYLEREFS="Style_15" WC="0.868888888888889" CC="00000"/>
					</TextLine>
					<TextLine ID="TL_1.2.7" HPOS="280" VPOS="1540" HEIGHT="96" WIDTH="2284">
						<String CONTENT="n" ID="St_1.2.7.1" HPOS="280" VPOS="1548" HEIGHT="68" WIDTH="56" STYLEREFS="Style_15" WC="0.444444444444444" CC="5"/>
						<String CONTENT="ologie" ID="St_1.2.7.2" HPOS="344" VPOS="1544" HEIGHT="92" WIDTH="296" STYLEREFS="Style_15" WC="0.92" CC="000000"/>
						<SP ID="SP_1.2.7.3" HPOS="612" VPOS="1548" WIDTH="60"/>
						<String CONTENT="der" ID="St_1.2.7.4" HPOS="700" VPOS="1544" HEIGHT="76" WIDTH="164" STYLEREFS="Style_15" WC="0.877777777777778" CC="331"/>
						<SP ID="SP_1.2.7.5" HPOS="840" VPOS="1548" WIDTH="52"/>
						<String CONTENT="textilfasern" ID="St_1.2.7.6" HPOS="928" VPOS="1540" HEIGHT="80" WIDTH="604" STYLEREFS="Style_15" WC="0.902222222222222" CC="400000400000"/>
						<SP ID="SP_1.2.7.7" HPOS="1496" VPOS="1548" WIDTH="68"/>
						<String CONTENT="&#x2026;" ID="St_1.2.7.8" HPOS="1600" VPOS="1600" HEIGHT="16" WIDTH="84" STYLEREFS="Style_16" WC="0.916666666666667" CC="000"/>
						<SP ID="SP_1.2.7.9" HPOS="1676" VPOS="1584" WIDTH="68"/>
						<String CONTENT="v" ID="St_1.2.7.10" HPOS="1804" VPOS="1556" HEIGHT="60" WIDTH="60" STYLEREFS="Style_16" WC="0.906666666666667" CC="4"/>
						<String CONTENT="r" ID="St_1.2.7.11" HPOS="1868" VPOS="1544" HEIGHT="68" WIDTH="56" STYLEREFS="Style_17" WC="0.892222222222222" CC="5"/>
						<String CONTENT="." ID="St_1.2.7.12" HPOS="1976" VPOS="1568" HEIGHT="44" WIDTH="28" STYLEREFS="Style_17" WC="0.881111111111111" CC="4"/>
						<SP ID="SP_1.2.7.13" HPOS="1972" VPOS="1544" WIDTH="64"/>
						<String CONTENT="b" ID="St_1.2.7.14" HPOS="2068" VPOS="1540" HEIGHT="76" WIDTH="56" STYLEREFS="Style_17" WC="0.875555555555556" CC="3"/>
						<String CONTENT="d.," ID="St_1.2.7.15" HPOS="2132" VPOS="1540" HEIGHT="92" WIDTH="112" STYLEREFS="Style_17" WC="0.885555555555556" CC="000"/>
						<SP ID="SP_1.2.7.16" HPOS="2228" VPOS="1568" WIDTH="44"/>
						<String CONTENT="1." ID="St_1.2.7.17" HPOS="2308" VPOS="1540" HEIGHT="76" WIDTH="76" STYLEREFS="Style_17" WC="0.894444444444444" CC="00"/>
						<SP ID="SP_1.2.7.18" HPOS="2372" VPOS="1568" WIDTH="40"/>
						<String CONTENT="t.)" ID="St_1.2.7.19" HPOS="2448" VPOS="1540" HEIGHT="92" WIDTH="116" STYLEREFS="Style_17" WC="0.903333333333333" CC="000"/>
					</TextLine>
					<TextLine ID="TL_1.2.8" HPOS="412" VPOS="1672" HEIGHT="100" WIDTH="1404">
						<String CONTENT="Bibliographical" ID="St_1.2.8.1" HPOS="412" VPOS="1676" HEIGHT="96" WIDTH="796" STYLEREFS="Style_17" WC="1" CC="000000000000000"/>
						<SP ID="SP_1.2.8.2" HPOS="1188" VPOS="1672" WIDTH="56"/>
						<String CONTENT="f" ID="St_1.2.8.3" HPOS="1280" VPOS="1676" HEIGHT="76" WIDTH="48" STYLEREFS="Style_17" WC="1" CC="0"/>
						<String CONTENT="oo" ID="St_1.2.8.4" HPOS="1328" VPOS="1700" HEIGHT="56" WIDTH="108" STYLEREFS="Style_17" WC="1" CC="00"/>
						<String CONTENT="t-" ID="St_1.2.8.5" HPOS="1444" VPOS="1680" HEIGHT="76" WIDTH="72" STYLEREFS="Style_17" WC="1" CC="00"/>
						<String CONTENT="no" ID="St_1.2.8.6" HPOS="1520" VPOS="1696" HEIGHT="60" WIDTH="116" STYLEREFS="Style_17" WC="1" CC="00"/>
						<String CONTENT="tes." ID="St_1.2.8.7" HPOS="1648" VPOS="1684" HEIGHT="72" WIDTH="168" STYLEREFS="Style_17" WC="1" CC="0000"/>
					</TextLine>
					<TextLine ID="TL_1.2.9" HPOS="280" VPOS="1804" HEIGHT="104" WIDTH="3820">
						<String CONTENT="&#x00A9;" ID="St_1.2.9.1" HPOS="280" VPOS="1804" HEIGHT="96" WIDTH="100" STYLEREFS="Style_17" WC="0.444444444444444" CC="5"/>
						<SP ID="SP_1.2.9.2" HPOS="328" VPOS="1804" WIDTH="88"/>
						<String CONTENT="Oct." ID="St_1.2.9.3" HPOS="452" VPOS="1816" HEIGHT="76" WIDTH="196" STYLEREFS="Style_17" WC="0.906666666666667" CC="0000"/>
						<SP ID="SP_1.2.9.4" HPOS="636" VPOS="1848" WIDTH="44"/>
						<String CONTENT="15," ID="St_1.2.9.5" HPOS="716" VPOS="1816" HEIGHT="92" WIDTH="132" STYLEREFS="Style_17" WC="0.944444444444444" CC="000"/>
						<SP ID="SP_1.2.9.6" HPOS="836" VPOS="1848" WIDTH="44"/>
						<String CONTENT="1929;" ID="St_1.2.9.7" HPOS="916" VPOS="1816" HEIGHT="88" WIDTH="272" STYLEREFS="Style_17" WC="0.964444444444444" CC="00000"/>
						<SP ID="SP_1.2.9.8" HPOS="1176" VPOS="1824" WIDTH="48"/>
						<String CONTENT="lc." ID="St_1.2.9.9" HPOS="1260" VPOS="1816" HEIGHT="80" WIDTH="128" STYLEREFS="Style_18" WC="0.894444444444444" CC="770"/>
						<SP ID="SP_1.2.9.10" HPOS="1376" VPOS="1848" WIDTH="48"/>
						<String CONTENT="Jan." ID="St_1.2.9.11" HPOS="1460" VPOS="1816" HEIGHT="76" WIDTH="212" STYLEREFS="Style_18" WC="0.915555555555556" CC="0000"/>
						<SP ID="SP_1.2.9.12" HPOS="1660" VPOS="1848" WIDTH="44"/>
						<String CONTENT="3," ID="St_1.2.9.13" HPOS="1740" VPOS="1816" HEIGHT="88" WIDTH="76" STYLEREFS="Style_18" WC="0.924444444444444" CC="00"/>
						<SP ID="SP_1.2.9.14" HPOS="1804" VPOS="1848" WIDTH="48"/>
						<String CONTENT="1930;" ID="St_1.2.9.15" HPOS="1888" VPOS="1812" HEIGHT="92" WIDTH="268" STYLEREFS="Style_18" WC="0.937777777777778" CC="00000"/>
						<SP ID="SP_1.2.9.16" HPOS="2144" VPOS="1824" WIDTH="48"/>
						<String CONTENT="A-Foreign" ID="St_1.2.9.17" HPOS="2228" VPOS="1808" HEIGHT="96" WIDTH="600" STYLEREFS="Style_18" WC="0.951111111111111" CC="000000000"/>
						<SP ID="SP_1.2.9.18" HPOS="2796" VPOS="1824" WIDTH="64"/>
						<String CONTENT="5967;" ID="St_1.2.9.19" HPOS="2896" VPOS="1808" HEIGHT="96" WIDTH="272" STYLEREFS="Style_18" WC="0.957777777777778" CC="00000"/>
						<SP ID="SP_1.2.9.20" HPOS="3156" VPOS="1820" WIDTH="48"/>
						<String CONTENT="Julius" ID="St_1.2.9.21" HPOS="3244" VPOS="1808" HEIGHT="80" WIDTH="316" STYLEREFS="Style_18" WC="0.962222222222222" CC="000000"/>
						<SP ID="SP_1.2.9.22" HPOS="3536" VPOS="1824" WIDTH="64"/>
						<String CONTENT="Springer." ID="St_1.2.9.23" HPOS="3640" VPOS="1808" HEIGHT="92" WIDTH="460" STYLEREFS="Style_18" WC="0.967777777777778" CC="000000000"/>
					</TextLine>
					<TextLine ID="TL_1.2.10" HPOS="428" VPOS="1912" HEIGHT="120" WIDTH="3520">
						<String CONTENT="(30-12765)" ID="St_1.2.10.1" HPOS="428" VPOS="1924" HEIGHT="92" WIDTH="536" STYLEREFS="Style_18" WC="1" CC="0000000000"/>
						<SP ID="SP_1.2.10.2" HPOS="948" VPOS="1940" WIDTH="2764"/>
						<String CONTENT="4954" ID="St_1.2.10.3" HPOS="3712" VPOS="1912" HEIGHT="84" WIDTH="236" STYLEREFS="Style_18" WC="0.667777777777778" CC="0000"/>
					</TextLine>
					<TextLine ID="TL_1.2.11" HPOS="280" VPOS="2104" HEIGHT="124" WIDTH="1920">
						<String CONTENT="Garrett," ID="St_1.2.11.1" HPOS="280" VPOS="2104" HEIGHT="124" WIDTH="504" STYLEREFS="Style_18" WC="1" CC="00000000"/>
						<SP ID="SP_1.2.11.2" HPOS="768" VPOS="2152" WIDTH="44"/>
						<String CONTENT="Henry" ID="St_1.2.11.3" HPOS="844" VPOS="2104" HEIGHT="124" WIDTH="396" STYLEREFS="Style_18" WC="1" CC="00000"/>
						<SP ID="SP_1.2.11.4" HPOS="1200" VPOS="2124" WIDTH="68"/>
						<String CONTENT="Edward," ID="St_1.2.11.5" HPOS="1296" VPOS="2104" HEIGHT="124" WIDTH="524" STYLEREFS="Style_18" WC="1" CC="0000000"/>
						<SP ID="SP_1.2.11.6" HPOS="1800" VPOS="2148" WIDTH="48"/>
						<String CONTENT="1894-" ID="St_1.2.11.7" HPOS="1884" VPOS="2116" HEIGHT="92" WIDTH="316" STYLEREFS="Style_18" WC="1" CC="00000"/>
					</TextLine>
					<TextLine ID="TL_1.2.12" HPOS="412" VPOS="2248" HEIGHT="136" WIDTH="3688">
						<String CONTENT="&#x2026;" ID="St_1.2.12.1" HPOS="412" VPOS="2336" HEIGHT="16" WIDTH="108" STYLEREFS="Style_18" WC="0.666666666666667" CC="333"/>
						<SP ID="SP_1.2.12.2" HPOS="500" VPOS="2336" WIDTH="20"/>
						<String CONTENT="Great" ID="St_1.2.12.3" HPOS="580" VPOS="2252" HEIGHT="104" WIDTH="336" STYLEREFS="Style_18" WC="0.851111111111111" CC="00000"/>
						<SP ID="SP_1.2.12.4" HPOS="892" VPOS="2260" WIDTH="48"/>
						<String CONTENT="experiments" ID="St_1.2.12.5" HPOS="968" VPOS="2252" HEIGHT="128" WIDTH="732" STYLEREFS="Style_18" WC="0.935555555555556" CC="00000000000"/>
						<SP ID="SP_1.2.12.6" HPOS="1672" VPOS="2272" WIDTH="48"/>
						<String CONTENT="in" ID="St_1.2.12.7" HPOS="1744" VPOS="2252" HEIGHT="100" WIDTH="116" STYLEREFS="Style_18" WC="0.944444444444444" CC="00"/>
						<SP ID="SP_1.2.12.8" HPOS="1820" VPOS="2272" WIDTH="64"/>
						<String CONTENT="psychology," ID="St_1.2.12.9" HPOS="1912" VPOS="2252" HEIGHT="132" WIDTH="708" STYLEREFS="Style_18" WC="0.962222222222222" CC="00000000000"/>
						<SP ID="SP_1.2.12.10" HPOS="2604" VPOS="2296" WIDTH="36"/>
						<String CONTENT="by" ID="St_1.2.12.11" HPOS="2664" VPOS="2252" HEIGHT="132" WIDTH="148" STYLEREFS="Style_18" WC="0.965555555555556" CC="00"/>
						<SP ID="SP_1.2.12.12" HPOS="2772" VPOS="2272" WIDTH="60"/>
						<String CONTENT="Henry" ID="St_1.2.12.13" HPOS="2856" VPOS="2252" HEIGHT="132" WIDTH="392" STYLEREFS="Style_18" WC="0.97" CC="00000"/>
						<SP ID="SP_1.2.12.14" HPOS="3208" VPOS="2272" WIDTH="64"/>
						<String CONTENT="E." ID="St_1.2.12.15" HPOS="3296" VPOS="2252" HEIGHT="96" WIDTH="132" STYLEREFS="Style_18" WC="0.962222222222222" CC="40"/>
						<SP ID="SP_1.2.12.16" HPOS="3416" VPOS="2296" WIDTH="36"/>
						<String CONTENT="Garrett" ID="St_1.2.12.17" HPOS="3480" VPOS="2248" HEIGHT="104" WIDTH="452" STYLEREFS="Style_18" WC="0.967777777777778" CC="0000000"/>
						<SP ID="SP_1.2.12.18" HPOS="3892" VPOS="2260" WIDTH="40"/>
						<String CONTENT="&#x2026;" ID="St_1.2.12.19" HPOS="3992" VPOS="2328" HEIGHT="20" WIDTH="108" STYLEREFS="Style_18" WC="0.945555555555556" CC="333"/>
					</TextLine>
					<TextLine ID="TL_1.2.13" HPOS="268" VPOS="2396" HEIGHT="136" WIDTH="2776">
						<String CONTENT="New" ID="St_1.2.13.1" HPOS="268" VPOS="2404" HEIGHT="100" WIDTH="264" STYLEREFS="Style_18" WC="1" CC="000"/>
						<SP ID="SP_1.2.13.2" HPOS="484" VPOS="2420" WIDTH="84"/>
						<String CONTENT="York," ID="St_1.2.13.3" HPOS="604" VPOS="2400" HEIGHT="128" WIDTH="344" STYLEREFS="Style_18" WC="1" CC="00000"/>
						<SP ID="SP_1.2.13.4" HPOS="936" VPOS="2440" WIDTH="44"/>
						<String CONTENT="London," ID="St_1.2.13.5" HPOS="1016" VPOS="2400" HEIGHT="132" WIDTH="492" STYLEREFS="Style_18" WC="1" CC="0000000"/>
						<SP ID="SP_1.2.13.6" HPOS="1496" VPOS="2444" WIDTH="44"/>
						<String CONTENT="The" ID="St_1.2.13.7" HPOS="1580" VPOS="2404" HEIGHT="96" WIDTH="232" STYLEREFS="Style_18" WC="1" CC="000"/>
						<SP ID="SP_1.2.13.8" HPOS="1784" VPOS="2420" WIDTH="60"/>
						<String CONTENT="Century" ID="St_1.2.13.9" HPOS="1880" VPOS="2396" HEIGHT="136" WIDTH="492" STYLEREFS="Style_18" WC="1" CC="0000000"/>
						<SP ID="SP_1.2.13.10" HPOS="2332" VPOS="2416" WIDTH="68"/>
						<String CONTENT="co." ID="St_1.2.13.11" HPOS="2436" VPOS="2432" HEIGHT="68" WIDTH="152" STYLEREFS="Style_18" WC="1" CC="000"/>
						<SP ID="SP_1.2.13.12" HPOS="2576" VPOS="2440" WIDTH="52"/>
						<String CONTENT="1&#x00B0;19301" ID="St_1.2.13.13" HPOS="2704" VPOS="2404" HEIGHT="124" WIDTH="340" STYLEREFS="Style_18" WC="0.923333333333333" CC="5870008"/>
					</TextLine>
					<TextLine ID="TL_1.2.14" HPOS="400" VPOS="2552" HEIGHT="104" WIDTH="3708">
						<String CONTENT="xvii," ID="St_1.2.14.1" HPOS="400" VPOS="2560" HEIGHT="96" WIDTH="228" STYLEREFS="Style_18" WC="1" CC="00000"/>
						<SP ID="SP_1.2.14.2" HPOS="616" VPOS="2584" WIDTH="44"/>
						<String CONTENT="337" ID="St_1.2.14.3" HPOS="688" VPOS="2560" HEIGHT="76" WIDTH="168" STYLEREFS="Style_18" WC="1" CC="000"/>
						<SP ID="SP_1.2.14.4" HPOS="828" VPOS="2556" WIDTH="56"/>
						<String CONTENT="p." ID="St_1.2.14.5" HPOS="916" VPOS="2580" HEIGHT="72" WIDTH="84" STYLEREFS="Style_18" WC="1" CC="00"/>
						<SP ID="SP_1.2.14.6" HPOS="988" VPOS="2584" WIDTH="68"/>
						<String CONTENT="illus.," ID="St_1.2.14.7" HPOS="1112" VPOS="2560" HEIGHT="88" WIDTH="280" STYLEREFS="Style_18" WC="1" CC="0000000"/>
						<SP ID="SP_1.2.14.8" HPOS="1380" VPOS="2584" WIDTH="44"/>
						<String CONTENT="p" ID="St_1.2.14.9" HPOS="1452" VPOS="2580" HEIGHT="72" WIDTH="60" STYLEREFS="Style_18" WC="1" CC="0"/>
						<String CONTENT="l" ID="St_1.2.14.10" HPOS="1516" VPOS="2560" HEIGHT="72" WIDTH="28" STYLEREFS="Style_18" WC="0.98" CC="4"/>
						<String CONTENT=".," ID="St_1.2.14.11" HPOS="1556" VPOS="2620" HEIGHT="32" WIDTH="44" STYLEREFS="Style_18" WC="0.982222222222222" CC="00"/>
						<SP ID="SP_1.2.14.12" HPOS="1588" VPOS="2584" WIDTH="44"/>
						<String CONTENT="ports.." ID="St_1.2.14.13" HPOS="1660" VPOS="2560" HEIGHT="92" WIDTH="312" STYLEREFS="Style_18" WC="0.972222222222222" CC="0000004"/>
						<SP ID="SP_1.2.14.14" HPOS="1964" VPOS="2584" WIDTH="40"/>
						<String CONTENT="diagrs." ID="St_1.2.14.15" HPOS="2036" VPOS="2560" HEIGHT="88" WIDTH="348" STYLEREFS="Style_18" WC="0.966666666666667" CC="0000040"/>
						<SP ID="SP_1.2.14.16" HPOS="2372" VPOS="2584" WIDTH="68"/>
						<String CONTENT="20" ID="St_1.2.14.17" HPOS="2496" VPOS="2560" HEIGHT="76" WIDTH="112" STYLEREFS="Style_18" WC="0.968888888888889" CC="00"/>
						<String CONTENT="f" ID="St_1.2.14.18" HPOS="2612" VPOS="2552" HEIGHT="88" WIDTH="68" STYLEREFS="Style_18" WC="0.957777777777778" CC="5"/>
						<String CONTENT="&quot;" ID="St_1.2.14.19" HPOS="2720" VPOS="2564" HEIGHT="36" WIDTH="32" STYLEREFS="Style_18" WC="0.941111111111111" CC="7"/>
						<String CONTENT="." ID="St_1.2.14.20" HPOS="2752" VPOS="2584" HEIGHT="48" WIDTH="20" STYLEREFS="Style_18" WC="0.933333333333333" CC="4"/>
						<SP ID="SP_1.2.14.21" HPOS="2768" VPOS="2584" WIDTH="76"/>
						<String CONTENT="(The" ID="St_1.2.14.22" HPOS="2912" VPOS="2560" HEIGHT="92" WIDTH="240" STYLEREFS="Style_18" WC="0.94" CC="0000"/>
						<SP ID="SP_1.2.14.23" HPOS="3124" VPOS="2560" WIDTH="60"/>
						<String CONTENT="Century" ID="St_1.2.14.24" HPOS="3220" VPOS="2556" HEIGHT="92" WIDTH="412" STYLEREFS="Style_18" WC="0.947777777777778" CC="0000000"/>
						<SP ID="SP_1.2.14.25" HPOS="3600" VPOS="2560" WIDTH="60"/>
						<String CONTENT="psychol-" ID="St_1.2.14.26" HPOS="3692" VPOS="2560" HEIGHT="88" WIDTH="416" STYLEREFS="Style_18" WC="0.954444444444444" CC="00000000"/>
					</TextLine>
					<TextLine ID="TL_1.2.15" HPOS="268" VPOS="2660" HEIGHT="104" WIDTH="2212">
						<String CONTENT="ogy" ID="St_1.2.15.1" HPOS="268" VPOS="2692" HEIGHT="72" WIDTH="176" STYLEREFS="Style_18" WC="1" CC="000"/>
						<SP ID="SP_1.2.15.2" HPOS="412" VPOS="2676" WIDTH="56"/>
						<String CONTENT="series," ID="St_1.2.15.3" HPOS="496" VPOS="2668" HEIGHT="92" WIDTH="316" STYLEREFS="Style_18" WC="1" CC="0000000"/>
						<SP ID="SP_1.2.15.4" HPOS="800" VPOS="2696" WIDTH="44"/>
						<String CONTENT="R" ID="St_1.2.15.5" HPOS="868" VPOS="2668" HEIGHT="80" WIDTH="84" STYLEREFS="Style_18" WC="0.965555555555556" CC="4"/>
						<String CONTENT="." ID="St_1.2.15.6" HPOS="964" VPOS="2728" HEIGHT="16" WIDTH="16" STYLEREFS="Style_18" WC="0.96" CC="1"/>
						<SP ID="SP_1.2.15.7" HPOS="972" VPOS="2696" WIDTH="40"/>
						<String CONTENT="M" ID="St_1.2.15.8" HPOS="1040" VPOS="2668" HEIGHT="76" WIDTH="96" STYLEREFS="Style_19" WC="0.93" CC="4"/>
						<String CONTENT="." ID="St_1.2.15.9" HPOS="1144" VPOS="2728" HEIGHT="16" WIDTH="16" STYLEREFS="Style_19" WC="0.934444444444444" CC="0"/>
						<SP ID="SP_1.2.15.10" HPOS="1148" VPOS="2696" WIDTH="44"/>
						<String CONTENT="Elliott," ID="St_1.2.15.11" HPOS="1220" VPOS="2668" HEIGHT="88" WIDTH="360" STYLEREFS="Style_19" WC="0.956666666666667" CC="00000000"/>
						<SP ID="SP_1.2.15.12" HPOS="1568" VPOS="2696" WIDTH="44"/>
						<String CONTENT="editor)" ID="St_1.2.15.13" HPOS="1640" VPOS="2664" HEIGHT="92" WIDTH="352" STYLEREFS="Style_19" WC="0.966666666666667" CC="0000000"/>
						<SP ID="SP_1.2.15.14" HPOS="1976" VPOS="2664" WIDTH="168"/>
						<String CONTENT="$2.50" ID="St_1.2.15.15" HPOS="2232" VPOS="2660" HEIGHT="96" WIDTH="248" STYLEREFS="Style_19" WC="0.961111111111111" CC="00000"/>
					</TextLine>
					<TextLine ID="TL_1.2.16" HPOS="404" VPOS="2796" HEIGHT="100" WIDTH="1320">
						<String CONTENT="Illustrated" ID="St_1.2.16.1" HPOS="404" VPOS="2800" HEIGHT="84" WIDTH="556" STYLEREFS="Style_19" WC="1" CC="00000000000"/>
						<SP ID="SP_1.2.16.2" HPOS="928" VPOS="2796" WIDTH="60"/>
						<String CONTENT="lining-papers." ID="St_1.2.16.3" HPOS="1024" VPOS="2800" HEIGHT="96" WIDTH="700" STYLEREFS="Style_19" WC="1" CC="00000000000000"/>
					</TextLine>
					<TextLine ID="TL_1.2.17" HPOS="404" VPOS="2908" HEIGHT="96" WIDTH="2400">
						<String CONTENT="&quot;Suggested" ID="St_1.2.17.1" HPOS="404" VPOS="2908" HEIGHT="96" WIDTH="572" STYLEREFS="Style_19" WC="1" CC="0000000000"/>
						<SP ID="SP_1.2.17.2" HPOS="948" VPOS="2916" WIDTH="56"/>
						<String CONTENT="readings&quot;" ID="St_1.2.17.3" HPOS="1028" VPOS="2908" HEIGHT="92" WIDTH="492" STYLEREFS="Style_19" WC="1" CC="000000000"/>
						<SP ID="SP_1.2.17.4" HPOS="1496" VPOS="2916" WIDTH="52"/>
						<String CONTENT="at" ID="St_1.2.17.5" HPOS="1576" VPOS="2912" HEIGHT="72" WIDTH="104" STYLEREFS="Style_19" WC="1" CC="00"/>
						<SP ID="SP_1.2.17.6" HPOS="1656" VPOS="2916" WIDTH="48"/>
						<String CONTENT="end" ID="St_1.2.17.7" HPOS="1728" VPOS="2912" HEIGHT="72" WIDTH="176" STYLEREFS="Style_19" WC="1" CC="000"/>
						<SP ID="SP_1.2.17.8" HPOS="1872" VPOS="2916" WIDTH="60"/>
						<String CONTENT="of" ID="St_1.2.17.9" HPOS="1960" VPOS="2908" HEIGHT="76" WIDTH="100" STYLEREFS="Style_19" WC="1" CC="00"/>
						<SP ID="SP_1.2.17.10" HPOS="2036" VPOS="2916" WIDTH="44"/>
						<String CONTENT="each" ID="St_1.2.17.11" HPOS="2108" VPOS="2908" HEIGHT="76" WIDTH="232" STYLEREFS="Style_19" WC="1" CC="0000"/>
						<SP ID="SP_1.2.17.12" HPOS="2304" VPOS="2916" WIDTH="60"/>
						<String CONTENT="chapter." ID="St_1.2.17.13" HPOS="2392" VPOS="2908" HEIGHT="92" WIDTH="412" STYLEREFS="Style_19" WC="1" CC="00000000"/>
					</TextLine>
					<TextLine ID="TL_1.2.18" HPOS="284" VPOS="3040" HEIGHT="96" WIDTH="3076">
						<String CONTENT="&#x00A9;" ID="St_1.2.18.1" HPOS="284" VPOS="3044" HEIGHT="88" WIDTH="96" STYLEREFS="Style_19" WC="0.222222222222222" CC="7"/>
						<SP ID="SP_1.2.18.2" HPOS="328" VPOS="3040" WIDTH="80"/>
						<String CONTENT="May" ID="St_1.2.18.3" HPOS="432" VPOS="3048" HEIGHT="88" WIDTH="220" STYLEREFS="Style_19" WC="0.755555555555556" CC="000"/>
						<SP ID="SP_1.2.18.4" HPOS="620" VPOS="3060" WIDTH="56"/>
						<String CONTENT="3," ID="St_1.2.18.5" HPOS="704" VPOS="3044" HEIGHT="92" WIDTH="76" STYLEREFS="Style_19" WC="0.846666666666667" CC="00"/>
						<SP ID="SP_1.2.18.6" HPOS="768" VPOS="3080" WIDTH="40"/>
						<String CONTENT="1930;" ID="St_1.2.18.7" HPOS="836" VPOS="3044" HEIGHT="92" WIDTH="272" STYLEREFS="Style_19" WC="0.912222222222222" CC="00000"/>
						<SP ID="SP_1.2.18.8" HPOS="1096" VPOS="3060" WIDTH="44"/>
						<String CONTENT="2c." ID="St_1.2.18.9" HPOS="1168" VPOS="3044" HEIGHT="80" WIDTH="124" STYLEREFS="Style_19" WC="0.931111111111111" CC="000"/>
						<SP ID="SP_1.2.18.10" HPOS="1284" VPOS="3080" WIDTH="36"/>
						<String CONTENT="and" ID="St_1.2.18.11" HPOS="1348" VPOS="3044" HEIGHT="76" WIDTH="188" STYLEREFS="Style_19" WC="0.944444444444444" CC="000"/>
						<SP ID="SP_1.2.18.12" HPOS="1504" VPOS="3048" WIDTH="56"/>
						<String CONTENT="aff." ID="St_1.2.18.13" HPOS="1588" VPOS="3040" HEIGHT="84" WIDTH="160" STYLEREFS="Style_19" WC="0.913333333333333" CC="4114"/>
						<SP ID="SP_1.2.18.14" HPOS="1736" VPOS="3080" WIDTH="40"/>
						<String CONTENT="May" ID="St_1.2.18.15" HPOS="1804" VPOS="3044" HEIGHT="92" WIDTH="220" STYLEREFS="Style_19" WC="0.924444444444444" CC="000"/>
						<SP ID="SP_1.2.18.16" HPOS="1992" VPOS="3060" WIDTH="60"/>
						<String CONTENT="7;" ID="St_1.2.18.17" HPOS="2080" VPOS="3044" HEIGHT="92" WIDTH="96" STYLEREFS="Style_19" WC="0.931111111111111" CC="00"/>
						<SP ID="SP_1.2.18.18" HPOS="2164" VPOS="3060" WIDTH="44"/>
						<String CONTENT="A" ID="St_1.2.18.19" HPOS="2236" VPOS="3040" HEIGHT="76" WIDTH="76" STYLEREFS="Style_19" WC="0.934444444444444" CC="0"/>
						<SP ID="SP_1.2.18.20" HPOS="2272" VPOS="3048" WIDTH="68"/>
						<String CONTENT="22688;" ID="St_1.2.18.21" HPOS="2368" VPOS="3040" HEIGHT="92" WIDTH="328" STYLEREFS="Style_19" WC="0.911111111111111" CC="331330"/>
						<SP ID="SP_1.2.18.22" HPOS="2684" VPOS="3056" WIDTH="44"/>
						<String CONTENT="Century" ID="St_1.2.18.23" HPOS="2764" VPOS="3044" HEIGHT="92" WIDTH="416" STYLEREFS="Style_19" WC="0.925555555555556" CC="0000000"/>
						<SP ID="SP_1.2.18.24" HPOS="3144" VPOS="3060" WIDTH="56"/>
						<String CONTENT="co." ID="St_1.2.18.25" HPOS="3228" VPOS="3064" HEIGHT="60" WIDTH="132" STYLEREFS="Style_19" WC="0.931111111111111" CC="000"/>
					</TextLine>
					<TextLine ID="TL_1.2.19" HPOS="428" VPOS="3148" HEIGHT="116" WIDTH="3512">
						<String CONTENT="(30-12633)" ID="St_1.2.19.1" HPOS="428" VPOS="3152" HEIGHT="96" WIDTH="536" STYLEREFS="Style_19" WC="0.955555555555556" CC="0000000400"/>
						<SP ID="SP_1.2.19.2" HPOS="948" VPOS="3168" WIDTH="2764"/>
						<String CONTENT="4955" ID="St_1.2.19.3" HPOS="3712" VPOS="3148" HEIGHT="84" WIDTH="228" STYLEREFS="Style_19" WC="0.66" CC="0000"/>
					</TextLine>
					<TextLine ID="TL_1.2.20" HPOS="276" VPOS="3332" HEIGHT="128" WIDTH="1572">
						<String CONTENT="Gast," ID="St_1.2.20.1" HPOS="276" VPOS="3336" HEIGHT="124" WIDTH="320" STYLEREFS="Style_19" WC="1" CC="00000"/>
						<SP ID="SP_1.2.20.2" HPOS="580" VPOS="3372" WIDTH="44"/>
						<String CONTENT="Paul" ID="St_1.2.20.3" HPOS="652" VPOS="3336" HEIGHT="100" WIDTH="280" STYLEREFS="Style_19" WC="1" CC="0000"/>
						<SP ID="SP_1.2.20.4" HPOS="912" VPOS="3332" WIDTH="44"/>
						<String CONTENT="Rupert," ID="St_1.2.20.5" HPOS="984" VPOS="3336" HEIGHT="124" WIDTH="476" STYLEREFS="Style_19" WC="1" CC="0000000"/>
						<SP ID="SP_1.2.20.6" HPOS="1444" VPOS="3372" WIDTH="44"/>
						<String CONTENT="1897-" ID="St_1.2.20.7" HPOS="1520" VPOS="3332" HEIGHT="108" WIDTH="328" STYLEREFS="Style_19" WC="1" CC="00000"/>
					</TextLine>
					<TextLine ID="TL_1.2.21" HPOS="408" VPOS="3484" HEIGHT="136" WIDTH="3696">
						<String CONTENT="&#x2026;" ID="St_1.2.21.1" HPOS="408" VPOS="3572" HEIGHT="20" WIDTH="104" STYLEREFS="Style_19" WC="0.666666666666667" CC="333"/>
						<SP ID="SP_1.2.21.2" HPOS="496" VPOS="3572" WIDTH="16"/>
						<String CONTENT="A" ID="St_1.2.21.3" HPOS="600" VPOS="3488" HEIGHT="100" WIDTH="112" STYLEREFS="Style_19" WC="0.711111111111111" CC="0"/>
						<SP ID="SP_1.2.21.4" HPOS="656" VPOS="3488" WIDTH="92"/>
						<String CONTENT="thermoelectric" ID="St_1.2.21.5" HPOS="784" VPOS="3484" HEIGHT="108" WIDTH="864" STYLEREFS="Style_19" WC="0.927777777777778" CC="00000000000000"/>
						<SP ID="SP_1.2.21.6" HPOS="1620" VPOS="3508" WIDTH="68"/>
						<String CONTENT="radiometer" ID="St_1.2.21.7" HPOS="1728" VPOS="3488" HEIGHT="100" WIDTH="656" STYLEREFS="Style_19" WC="0.953333333333333" CC="0000000000"/>
						<SP ID="SP_1.2.21.8" HPOS="2356" VPOS="3508" WIDTH="72"/>
						<String CONTENT="for" ID="St_1.2.21.9" HPOS="2468" VPOS="3488" HEIGHT="96" WIDTH="180" STYLEREFS="Style_19" WC="0.957777777777778" CC="000"/>
						<SP ID="SP_1.2.21.10" HPOS="2620" VPOS="3508" WIDTH="64"/>
						<String CONTENT="silvical" ID="St_1.2.21.11" HPOS="2724" VPOS="3488" HEIGHT="100" WIDTH="428" STYLEREFS="Style_19" WC="0.966666666666667" CC="00000000"/>
						<SP ID="SP_1.2.21.12" HPOS="3128" VPOS="3488" WIDTH="60"/>
						<String CONTENT="research," ID="St_1.2.21.13" HPOS="3232" VPOS="3492" HEIGHT="128" WIDTH="528" STYLEREFS="Style_19" WC="0.972222222222222" CC="000000000"/>
						<SP ID="SP_1.2.21.14" HPOS="3744" VPOS="3532" WIDTH="52"/>
						<String CONTENT="with" ID="St_1.2.21.15" HPOS="3836" VPOS="3484" HEIGHT="104" WIDTH="268" STYLEREFS="Style_19" WC="0.974444444444444" CC="0000"/>
					</TextLine>
					<TextLine ID="TL_1.2.22" HPOS="272" VPOS="3632" HEIGHT="140" WIDTH="3844">
						<String CONTENT="preliminary" ID="St_1.2.22.1" HPOS="272" VPOS="3636" HEIGHT="136" WIDTH="720" STYLEREFS="Style_19" WC="0.958888888888889" CC="00000400000"/>
						<SP ID="SP_1.2.22.2" HPOS="952" VPOS="3660" WIDTH="72"/>
						<String CONTENT="results" ID="St_1.2.22.3" HPOS="1052" VPOS="3636" HEIGHT="104" WIDTH="392" STYLEREFS="Style_19" WC="0.975555555555556" CC="0000000"/>
						<SP ID="SP_1.2.22.4" HPOS="1416" VPOS="3660" WIDTH="52"/>
						<String CONTENT="on" ID="St_1.2.22.5" HPOS="1496" VPOS="3672" HEIGHT="68" WIDTH="140" STYLEREFS="Style_19" WC="0.978888888888889" CC="00"/>
						<SP ID="SP_1.2.22.6" HPOS="1596" VPOS="3656" WIDTH="68"/>
						<String CONTENT="the" ID="St_1.2.22.7" HPOS="1692" VPOS="3636" HEIGHT="100" WIDTH="184" STYLEREFS="Style_19" WC="0.982222222222222" CC="000"/>
						<SP ID="SP_1.2.22.8" HPOS="1844" VPOS="3656" WIDTH="56"/>
						<String CONTENT="relation" ID="St_1.2.22.9" HPOS="1928" VPOS="3632" HEIGHT="104" WIDTH="468" STYLEREFS="Style_19" WC="0.986666666666667" CC="00000000"/>
						<SP ID="SP_1.2.22.10" HPOS="2356" VPOS="3660" WIDTH="68"/>
						<String CONTENT="of" ID="St_1.2.22.11" HPOS="2452" VPOS="3636" HEIGHT="104" WIDTH="124" STYLEREFS="Style_19" WC="0.987777777777778" CC="00"/>
						<SP ID="SP_1.2.22.12" HPOS="2548" VPOS="3640" WIDTH="52"/>
						<String CONTENT="insolation" ID="St_1.2.22.13" HPOS="2628" VPOS="3636" HEIGHT="104" WIDTH="592" STYLEREFS="Style_19" WC="0.99" CC="0000000000"/>
						<SP ID="SP_1.2.22.14" HPOS="3180" VPOS="3660" WIDTH="64"/>
						<String CONTENT="to" ID="St_1.2.22.15" HPOS="3272" VPOS="3648" HEIGHT="92" WIDTH="116" STYLEREFS="Style_19" WC="0.991111111111111" CC="00"/>
						<SP ID="SP_1.2.22.16" HPOS="3352" VPOS="3660" WIDTH="64"/>
						<String CONTENT="the" ID="St_1.2.22.17" HPOS="3444" VPOS="3636" HEIGHT="104" WIDTH="184" STYLEREFS="Style_19" WC="0.991111111111111" CC="000"/>
						<SP ID="SP_1.2.22.18" HPOS="3600" VPOS="3660" WIDTH="56"/>
						<String CONTENT="growth" ID="St_1.2.22.19" HPOS="3684" VPOS="3640" HEIGHT="132" WIDTH="432" STYLEREFS="Style_19" WC="0.992222222222222" CC="000000"/>
					</TextLine>
					<TextLine ID="TL_1.2.23" HPOS="272" VPOS="3784" HEIGHT="136" WIDTH="3848">
						<String CONTENT="of" ID="St_1.2.23.1" HPOS="272" VPOS="3788" HEIGHT="104" WIDTH="128" STYLEREFS="Style_19" WC="1" CC="00"/>
						<SP ID="SP_1.2.23.2" HPOS="372" VPOS="3792" WIDTH="60"/>
						<String CONTENT="white" ID="St_1.2.23.3" HPOS="460" VPOS="3788" HEIGHT="104" WIDTH="332" STYLEREFS="Style_19" WC="1" CC="00000"/>
						<SP ID="SP_1.2.23.4" HPOS="764" VPOS="3808" WIDTH="60"/>
						<String CONTENT="pine," ID="St_1.2.23.5" HPOS="856" VPOS="3788" HEIGHT="132" WIDTH="288" STYLEREFS="Style_19" WC="1" CC="00000"/>
						<SP ID="SP_1.2.23.6" HPOS="1128" VPOS="3832" WIDTH="48"/>
						<String CONTENT="by" ID="St_1.2.23.7" HPOS="1204" VPOS="3792" HEIGHT="128" WIDTH="148" STYLEREFS="Style_19" WC="1" CC="00"/>
						<SP ID="SP_1.2.23.8" HPOS="1312" VPOS="3808" WIDTH="68"/>
						<String CONTENT="P." ID="St_1.2.23.9" HPOS="1412" VPOS="3788" HEIGHT="96" WIDTH="128" STYLEREFS="Style_19" WC="1" CC="00"/>
						<SP ID="SP_1.2.23.10" HPOS="1528" VPOS="3832" WIDTH="44"/>
						<String CONTENT="R." ID="St_1.2.23.11" HPOS="1604" VPOS="3788" HEIGHT="96" WIDTH="132" STYLEREFS="Style_19" WC="0.98" CC="40"/>
						<SP ID="SP_1.2.23.12" HPOS="1728" VPOS="3832" WIDTH="44"/>
						<String CONTENT="Gast" ID="St_1.2.23.13" HPOS="1808" VPOS="3788" HEIGHT="104" WIDTH="272" STYLEREFS="Style_19" WC="0.983333333333333" CC="0000"/>
						<SP ID="SP_1.2.23.14" HPOS="2056" VPOS="3796" WIDTH="60"/>
						<String CONTENT="&#x2026;" ID="St_1.2.23.15" HPOS="2156" VPOS="3868" HEIGHT="16" WIDTH="108" STYLEREFS="Style_20" WC="0.985555555555556" CC="000"/>
						<SP ID="SP_1.2.23.16" HPOS="2252" VPOS="3852" WIDTH="84"/>
						<String CONTENT="Petersham," ID="St_1.2.23.17" HPOS="2416" VPOS="3788" HEIGHT="132" WIDTH="676" STYLEREFS="Style_20" WC="0.988888888888889" CC="0000000000"/>
						<SP ID="SP_1.2.23.18" HPOS="3076" VPOS="3832" WIDTH="48"/>
						<String CONTENT="Mass.," ID="St_1.2.23.19" HPOS="3152" VPOS="3788" HEIGHT="132" WIDTH="372" STYLEREFS="Style_20" WC="0.991111111111111" CC="000000"/>
						<SP ID="SP_1.2.23.20" HPOS="3508" VPOS="3828" WIDTH="44"/>
						<String CONTENT="Harvard" ID="St_1.2.23.21" HPOS="3584" VPOS="3784" HEIGHT="104" WIDTH="536" STYLEREFS="Style_20" WC="0.992222222222222" CC="0000000"/>
					</TextLine>
					<TextLine ID="TL_1.2.24" HPOS="276" VPOS="3940" HEIGHT="132" WIDTH="720">
						<String CONTENT="forest," ID="St_1.2.24.1" HPOS="276" VPOS="3940" HEIGHT="132" WIDTH="376" STYLEREFS="Style_20" WC="1" CC="0000000"/>
						<SP ID="SP_1.2.24.2" HPOS="636" VPOS="3980" WIDTH="44"/>
						<String CONTENT="1930." ID="St_1.2.24.3" HPOS="708" VPOS="3940" HEIGHT="100" WIDTH="288" STYLEREFS="Style_20" WC="1" CC="00000"/>
					</TextLine>
					<TextLine ID="TL_1.2.25" HPOS="400" VPOS="4080" HEIGHT="104" WIDTH="3412">
						<String CONTENT="76" ID="St_1.2.25.1" HPOS="400" VPOS="4096" HEIGHT="76" WIDTH="108" STYLEREFS="Style_20" WC="1" CC="00"/>
						<SP ID="SP_1.2.25.2" HPOS="480" VPOS="4088" WIDTH="64"/>
						<String CONTENT="p." ID="St_1.2.25.3" HPOS="580" VPOS="4112" HEIGHT="72" WIDTH="84" STYLEREFS="Style_20" WC="1" CC="00"/>
						<SP ID="SP_1.2.25.4" HPOS="652" VPOS="4116" WIDTH="68"/>
						<String CONTENT="illus.," ID="St_1.2.25.5" HPOS="776" VPOS="4092" HEIGHT="92" WIDTH="276" STYLEREFS="Style_20" WC="1" CC="0000000"/>
						<SP ID="SP_1.2.25.6" HPOS="1044" VPOS="4116" WIDTH="44"/>
						<String CONTENT="diagrs." ID="St_1.2.25.7" HPOS="1124" VPOS="4088" HEIGHT="96" WIDTH="344" STYLEREFS="Style_20" WC="0.977777777777778" CC="0000040"/>
						<SP ID="SP_1.2.25.8" HPOS="1460" VPOS="4112" WIDTH="64"/>
						<String CONTENT="23&quot;&apos;." ID="St_1.2.25.9" HPOS="1584" VPOS="4080" HEIGHT="88" WIDTH="224" STYLEREFS="Style_20" WC="0.93" CC="00850"/>
						<SP ID="SP_1.2.25.10" HPOS="1796" VPOS="4116" WIDTH="80"/>
						<String CONTENT="(Harvard" ID="St_1.2.25.11" HPOS="1944" VPOS="4088" HEIGHT="96" WIDTH="492" STYLEREFS="Style_20" WC="0.946666666666667" CC="00000000"/>
						<SP ID="SP_1.2.25.12" HPOS="2404" VPOS="4084" WIDTH="64"/>
						<String CONTENT="forest." ID="St_1.2.25.13" HPOS="2504" VPOS="4092" HEIGHT="76" WIDTH="332" STYLEREFS="Style_20" WC="0.956666666666667" CC="0000000"/>
						<SP ID="SP_1.2.25.14" HPOS="2824" VPOS="4116" WIDTH="68"/>
						<String CONTENT="Bulletin" ID="St_1.2.25.15" HPOS="2948" VPOS="4092" HEIGHT="76" WIDTH="424" STYLEREFS="Style_20" WC="0.963333333333333" CC="00000000"/>
						<SP ID="SP_1.2.25.16" HPOS="3336" VPOS="4096" WIDTH="68"/>
						<String CONTENT="no." ID="St_1.2.25.17" HPOS="3440" VPOS="4112" HEIGHT="60" WIDTH="144" STYLEREFS="Style_20" WC="0.966666666666667" CC="000"/>
						<SP ID="SP_1.2.25.18" HPOS="3572" VPOS="4116" WIDTH="48"/>
						<String CONTENT="14)" ID="St_1.2.25.19" HPOS="3656" VPOS="4088" HEIGHT="96" WIDTH="156" STYLEREFS="Style_20" WC="0.968888888888889" CC="000"/>
					</TextLine>
					<TextLine ID="TL_1.2.26" HPOS="404" VPOS="4192" HEIGHT="100" WIDTH="3704">
						<String CONTENT="&quot;This" ID="St_1.2.26.1" HPOS="404" VPOS="4200" HEIGHT="80" WIDTH="280" STYLEREFS="Style_20" WC="1" CC="00000"/>
						<SP ID="SP_1.2.26.2" HPOS="660" VPOS="4204" WIDTH="56"/>
						<String CONTENT="study" ID="St_1.2.26.3" HPOS="748" VPOS="4204" HEIGHT="88" WIDTH="280" STYLEREFS="Style_20" WC="1" CC="00000"/>
						<SP ID="SP_1.2.26.4" HPOS="1000" VPOS="4200" WIDTH="56"/>
						<String CONTENT="is" ID="St_1.2.26.5" HPOS="1084" VPOS="4196" HEIGHT="80" WIDTH="84" STYLEREFS="Style_20" WC="1" CC="00"/>
						<SP ID="SP_1.2.26.6" HPOS="1144" VPOS="4200" WIDTH="52"/>
						<String CONTENT="a" ID="St_1.2.26.7" HPOS="1224" VPOS="4220" HEIGHT="56" WIDTH="52" STYLEREFS="Style_20" WC="1" CC="0"/>
						<String CONTENT="." ID="St_1.2.26.8" HPOS="1280" VPOS="4280" HEIGHT="12" WIDTH="8" STYLEREFS="Style_20" WC="0.953333333333333" CC="7"/>
						<SP ID="SP_1.2.26.9" HPOS="1276" VPOS="4232" WIDTH="36"/>
						<String CONTENT="joint" ID="St_1.2.26.10" HPOS="1340" VPOS="4196" HEIGHT="96" WIDTH="240" STYLEREFS="Style_20" WC="0.965555555555556" CC="00000"/>
						<SP ID="SP_1.2.26.11" HPOS="1560" VPOS="4192" WIDTH="52"/>
						<String CONTENT="project" ID="St_1.2.26.12" HPOS="1640" VPOS="4196" HEIGHT="96" WIDTH="364" STYLEREFS="Style_20" WC="0.974444444444444" CC="0000000"/>
						<SP ID="SP_1.2.26.13" HPOS="1980" VPOS="4192" WIDTH="52"/>
						<String CONTENT="of" ID="St_1.2.26.14" HPOS="2060" VPOS="4200" HEIGHT="76" WIDTH="104" STYLEREFS="Style_20" WC="0.976666666666667" CC="00"/>
						<SP ID="SP_1.2.26.15" HPOS="2140" VPOS="4192" WIDTH="52"/>
						<String CONTENT="the" ID="St_1.2.26.16" HPOS="2224" VPOS="4200" HEIGHT="76" WIDTH="156" STYLEREFS="Style_20" WC="0.978888888888889" CC="000"/>
						<SP ID="SP_1.2.26.17" HPOS="2352" VPOS="4200" WIDTH="60"/>
						<String CONTENT="Harvard" ID="St_1.2.26.18" HPOS="2440" VPOS="4200" HEIGHT="76" WIDTH="444" STYLEREFS="Style_20" WC="0.982222222222222" CC="0000000"/>
						<SP ID="SP_1.2.26.19" HPOS="2856" VPOS="4192" WIDTH="60"/>
						<String CONTENT="forest" ID="St_1.2.26.20" HPOS="2944" VPOS="4200" HEIGHT="76" WIDTH="300" STYLEREFS="Style_20" WC="0.984444444444444" CC="000000"/>
						<SP ID="SP_1.2.26.21" HPOS="3224" VPOS="4192" WIDTH="52"/>
						<String CONTENT="and" ID="St_1.2.26.22" HPOS="3308" VPOS="4204" HEIGHT="76" WIDTH="184" STYLEREFS="Style_20" WC="0.985555555555556" CC="000"/>
						<SP ID="SP_1.2.26.23" HPOS="3460" VPOS="4192" WIDTH="60"/>
						<String CONTENT="the" ID="St_1.2.26.24" HPOS="3552" VPOS="4196" HEIGHT="80" WIDTH="156" STYLEREFS="Style_20" WC="0.986666666666667" CC="000"/>
						<SP ID="SP_1.2.26.25" HPOS="3680" VPOS="4200" WIDTH="56"/>
						<String CONTENT="N" ID="St_1.2.26.26" HPOS="3772" VPOS="4204" HEIGHT="72" WIDTH="80" STYLEREFS="Style_20" WC="0.986666666666667" CC="0"/>
						<String CONTENT="o" ID="St_1.2.26.27" HPOS="3860" VPOS="4220" HEIGHT="56" WIDTH="48" STYLEREFS="Style_20" WC="0.987777777777778" CC="0"/>
						<String CONTENT="rt" ID="St_1.2.26.28" HPOS="3916" VPOS="4204" HEIGHT="72" WIDTH="88" STYLEREFS="Style_20" WC="0.987777777777778" CC="00"/>
						<String CONTENT="h" ID="St_1.2.26.29" HPOS="4012" VPOS="4204" HEIGHT="72" WIDTH="52" STYLEREFS="Style_20" WC="0.987777777777778" CC="0"/>
						<String CONTENT="-" ID="St_1.2.26.30" HPOS="4076" VPOS="4244" HEIGHT="12" WIDTH="32" STYLEREFS="Style_20" WC="0.987777777777778" CC="0"/>
					</TextLine>
					<TextLine ID="TL_1.2.27" HPOS="260" VPOS="4304" HEIGHT="92" WIDTH="3836">
						<String CONTENT="e" ID="St_1.2.27.1" HPOS="260" VPOS="4332" HEIGHT="56" WIDTH="48" STYLEREFS="Style_20" WC="1" CC="0"/>
						<String CONTENT="aster" ID="St_1.2.27.2" HPOS="316" VPOS="4316" HEIGHT="72" WIDTH="256" STYLEREFS="Style_20" WC="1" CC="00000"/>
						<String CONTENT="n" ID="St_1.2.27.3" HPOS="580" VPOS="4332" HEIGHT="52" WIDTH="60" STYLEREFS="Style_20" WC="1" CC="0"/>
						<SP ID="SP_1.2.27.4" HPOS="608" VPOS="4316" WIDTH="56"/>
						<String CONTENT="forest" ID="St_1.2.27.5" HPOS="684" VPOS="4308" HEIGHT="80" WIDTH="300" STYLEREFS="Style_20" WC="1" CC="000000"/>
						<SP ID="SP_1.2.27.6" HPOS="964" VPOS="4304" WIDTH="40"/>
						<String CONTENT="experiment" ID="St_1.2.27.7" HPOS="1028" VPOS="4308" HEIGHT="88" WIDTH="584" STYLEREFS="Style_20" WC="1" CC="0000000000"/>
						<SP ID="SP_1.2.27.8" HPOS="1592" VPOS="4304" WIDTH="44"/>
						<String CONTENT="station" ID="St_1.2.27.9" HPOS="1660" VPOS="4308" HEIGHT="76" WIDTH="356" STYLEREFS="Style_20" WC="1" CC="0000000"/>
						<SP ID="SP_1.2.27.10" HPOS="1984" VPOS="4312" WIDTH="52"/>
						<String CONTENT="of" ID="St_1.2.27.11" HPOS="2060" VPOS="4308" HEIGHT="76" WIDTH="104" STYLEREFS="Style_20" WC="1" CC="00"/>
						<SP ID="SP_1.2.27.12" HPOS="2140" VPOS="4304" WIDTH="40"/>
						<String CONTENT="the" ID="St_1.2.27.13" HPOS="2204" VPOS="4312" HEIGHT="72" WIDTH="156" STYLEREFS="Style_20" WC="1" CC="000"/>
						<SP ID="SP_1.2.27.14" HPOS="2336" VPOS="4312" WIDTH="52"/>
						<String CONTENT="United" ID="St_1.2.27.15" HPOS="2416" VPOS="4308" HEIGHT="76" WIDTH="344" STYLEREFS="Style_20" WC="1" CC="000000"/>
						<SP ID="SP_1.2.27.16" HPOS="2728" VPOS="4304" WIDTH="56"/>
						<String CONTENT="States" ID="St_1.2.27.17" HPOS="2812" VPOS="4308" HEIGHT="80" WIDTH="316" STYLEREFS="Style_20" WC="1" CC="000000"/>
						<SP ID="SP_1.2.27.18" HPOS="3104" VPOS="4312" WIDTH="44"/>
						<String CONTENT="Forest" ID="St_1.2.27.19" HPOS="3176" VPOS="4308" HEIGHT="76" WIDTH="332" STYLEREFS="Style_20" WC="1" CC="000000"/>
						<SP ID="SP_1.2.27.20" HPOS="3484" VPOS="4304" WIDTH="48"/>
						<String CONTENT="service.&quot;-" ID="St_1.2.27.21" HPOS="3556" VPOS="4304" HEIGHT="84" WIDTH="540" STYLEREFS="Style_20" WC="1" CC="0000000000"/>
					</TextLine>
					<TextLine ID="TL_1.2.28" HPOS="264" VPOS="4420" HEIGHT="76" WIDTH="524">
						<String CONTENT="Foreword." ID="St_1.2.28.1" HPOS="264" VPOS="4420" HEIGHT="76" WIDTH="524" STYLEREFS="Style_20" WC="1" CC="000000000"/>
					</TextLine>
					<TextLine ID="TL_1.2.29" HPOS="400" VPOS="4480" HEIGHT="136" WIDTH="1300">
						<String CONTENT="&quot;References&quot;:" ID="St_1.2.29.1" HPOS="400" VPOS="4512" HEIGHT="88" WIDTH="724" STYLEREFS="Style_20" WC="1" CC="0000000000000"/>
						<SP ID="SP_1.2.29.2" HPOS="1112" VPOS="4528" WIDTH="44"/>
						<String CONTENT="p" ID="St_1.2.29.3" HPOS="1188" VPOS="4512" HEIGHT="104" WIDTH="60" STYLEREFS="Style_20" WC="1" CC="0"/>
						<String CONTENT="." ID="St_1.2.29.4" HPOS="1252" VPOS="4512" HEIGHT="88" WIDTH="16" STYLEREFS="Style_20" WC="1" CC="0"/>
						<SP ID="SP_1.2.29.5" HPOS="1260" VPOS="4548" WIDTH="44"/>
						<String CONTENT="[" ID="St_1.2.29.6" HPOS="1336" VPOS="4496" HEIGHT="120" WIDTH="20" STYLEREFS="Style_20" WC="0.974444444444444" CC="4"/>
						<String CONTENT="7" ID="St_1.2.29.7" HPOS="1364" VPOS="4512" HEIGHT="88" WIDTH="48" STYLEREFS="Style_20" WC="0.97" CC="1"/>
						<String CONTENT="3" ID="St_1.2.29.8" HPOS="1420" VPOS="4512" HEIGHT="88" WIDTH="48" STYLEREFS="Style_20" WC="0.966666666666667" CC="1"/>
						<String CONTENT="1-7" ID="St_1.2.29.9" HPOS="1476" VPOS="4480" HEIGHT="136" WIDTH="140" STYLEREFS="Style_20" WC="0.936666666666667" CC="700"/>
						<String CONTENT="6" ID="St_1.2.29.10" HPOS="1624" VPOS="4512" HEIGHT="88" WIDTH="52" STYLEREFS="Style_20" WC="0.938888888888889" CC="0"/>
						<String CONTENT="." ID="St_1.2.29.11" HPOS="1684" VPOS="4512" HEIGHT="88" WIDTH="16" STYLEREFS="Style_20" WC="0.942222222222222" CC="0"/>
					</TextLine>
					<TextLine ID="TL_1.2.30" HPOS="272" VPOS="4620" HEIGHT="108" WIDTH="3828">
						<String CONTENT="&#x00A9;" ID="St_1.2.30.1" HPOS="272" VPOS="4620" HEIGHT="96" WIDTH="104" STYLEREFS="Style_20" WC="0.555555555555556" CC="4"/>
						<SP ID="SP_1.2.30.2" HPOS="324" VPOS="4620" WIDTH="76"/>
						<String CONTENT="Apr." ID="St_1.2.30.3" HPOS="424" VPOS="4636" HEIGHT="92" WIDTH="220" STYLEREFS="Style_20" WC="0.925555555555556" CC="0000"/>
						<SP ID="SP_1.2.30.4" HPOS="632" VPOS="4660" WIDTH="36"/>
						<String CONTENT="22," ID="St_1.2.30.5" HPOS="696" VPOS="4636" HEIGHT="92" WIDTH="136" STYLEREFS="Style_20" WC="0.955555555555556" CC="000"/>
						<SP ID="SP_1.2.30.6" HPOS="820" VPOS="4660" WIDTH="36"/>
						<String CONTENT="1930;" ID="St_1.2.30.7" HPOS="884" VPOS="4632" HEIGHT="92" WIDTH="272" STYLEREFS="Style_20" WC="0.972222222222222" CC="00000"/>
						<SP ID="SP_1.2.30.8" HPOS="1148" VPOS="4640" WIDTH="36"/>
						<String CONTENT="2c." ID="St_1.2.30.9" HPOS="1212" VPOS="4632" HEIGHT="80" WIDTH="132" STYLEREFS="Style_20" WC="0.977777777777778" CC="000"/>
						<SP ID="SP_1.2.30.10" HPOS="1336" VPOS="4660" WIDTH="36"/>
						<String CONTENT="Apr." ID="St_1.2.30.11" HPOS="1396" VPOS="4628" HEIGHT="96" WIDTH="220" STYLEREFS="Style_20" WC="0.982222222222222" CC="0000"/>
						<SP ID="SP_1.2.30.12" HPOS="1604" VPOS="4660" WIDTH="40"/>
						<String CONTENT="25;" ID="St_1.2.30.13" HPOS="1672" VPOS="4628" HEIGHT="96" WIDTH="156" STYLEREFS="Style_20" WC="0.984444444444444" CC="000"/>
						<SP ID="SP_1.2.30.14" HPOS="1816" VPOS="4640" WIDTH="44"/>
						<String CONTENT="aff." ID="St_1.2.30.15" HPOS="1888" VPOS="4628" HEIGHT="80" WIDTH="160" STYLEREFS="Style_20" WC="0.986666666666667" CC="0000"/>
						<SP ID="SP_1.2.30.16" HPOS="2040" VPOS="4660" WIDTH="36"/>
						<String CONTENT="May" ID="St_1.2.30.17" HPOS="2104" VPOS="4636" HEIGHT="88" WIDTH="220" STYLEREFS="Style_20" WC="0.987777777777778" CC="000"/>
						<SP ID="SP_1.2.30.18" HPOS="2292" VPOS="4640" WIDTH="60"/>
						<String CONTENT="1;" ID="St_1.2.30.19" HPOS="2380" VPOS="4632" HEIGHT="92" WIDTH="100" STYLEREFS="Style_20" WC="0.988888888888889" CC="00"/>
						<SP ID="SP_1.2.30.20" HPOS="2468" VPOS="4640" WIDTH="44"/>
						<String CONTENT="A" ID="St_1.2.30.21" HPOS="2540" VPOS="4632" HEIGHT="76" WIDTH="80" STYLEREFS="Style_20" WC="0.988888888888889" CC="0"/>
						<SP ID="SP_1.2.30.22" HPOS="2580" VPOS="4628" WIDTH="68"/>
						<String CONTENT="23170;" ID="St_1.2.30.23" HPOS="2672" VPOS="4632" HEIGHT="92" WIDTH="332" STYLEREFS="Style_20" WC="0.991111111111111" CC="000000"/>
						<SP ID="SP_1.2.30.24" HPOS="2992" VPOS="4640" WIDTH="44"/>
						<String CONTENT="President" ID="St_1.2.30.25" HPOS="3064" VPOS="4632" HEIGHT="80" WIDTH="492" STYLEREFS="Style_20" WC="0.992222222222222" CC="000000000"/>
						<SP ID="SP_1.2.30.26" HPOS="3536" VPOS="4632" WIDTH="44"/>
						<String CONTENT="&amp;" ID="St_1.2.30.27" HPOS="3608" VPOS="4636" HEIGHT="76" WIDTH="72" STYLEREFS="Style_20" WC="0.992222222222222" CC="0"/>
						<SP ID="SP_1.2.30.28" HPOS="3640" VPOS="4632" WIDTH="64"/>
						<String CONTENT="fellows" ID="St_1.2.30.29" HPOS="3732" VPOS="4636" HEIGHT="76" WIDTH="368" STYLEREFS="Style_20" WC="0.993333333333333" CC="0000000"/>
					</TextLine>
					<TextLine ID="TL_1.2.31" HPOS="404" VPOS="4736" HEIGHT="104" WIDTH="3536">
						<String CONTENT="of" ID="St_1.2.31.1" HPOS="404" VPOS="4744" HEIGHT="76" WIDTH="100" STYLEREFS="Style_20" WC="1" CC="00"/>
						<SP ID="SP_1.2.31.2" HPOS="480" VPOS="4740" WIDTH="52"/>
						<String CONTENT="Harvard" ID="St_1.2.31.3" HPOS="560" VPOS="4744" HEIGHT="76" WIDTH="440" STYLEREFS="Style_20" WC="1" CC="0000000"/>
						<SP ID="SP_1.2.31.4" HPOS="972" VPOS="4740" WIDTH="60"/>
						<String CONTENT="college," ID="St_1.2.31.5" HPOS="1060" VPOS="4744" HEIGHT="88" WIDTH="372" STYLEREFS="Style_20" WC="1" CC="00000000"/>
						<SP ID="SP_1.2.31.6" HPOS="1420" VPOS="4772" WIDTH="44"/>
						<String CONTENT="Cambridge," ID="St_1.2.31.7" HPOS="1492" VPOS="4740" HEIGHT="92" WIDTH="580" STYLEREFS="Style_20" WC="1" CC="0000000000"/>
						<SP ID="SP_1.2.31.8" HPOS="2064" VPOS="4768" WIDTH="40"/>
						<String CONTENT="Mass." ID="St_1.2.31.9" HPOS="2136" VPOS="4744" HEIGHT="76" WIDTH="280" STYLEREFS="Style_20" WC="1" CC="00000"/>
						<SP ID="SP_1.2.31.10" HPOS="2408" VPOS="4772" WIDTH="76"/>
						<String CONTENT="(30-126" ID="St_1.2.31.11" HPOS="2552" VPOS="4736" HEIGHT="100" WIDTH="380" STYLEREFS="Style_20" WC="1" CC="0000000"/>
						<String CONTENT="6" ID="St_1.2.31.12" HPOS="2932" VPOS="4740" HEIGHT="76" WIDTH="52" STYLEREFS="Style_20" WC="0.986666666666667" CC="5"/>
						<String CONTENT="3)" ID="St_1.2.31.13" HPOS="2988" VPOS="4744" HEIGHT="96" WIDTH="104" STYLEREFS="Style_20" WC="0.987777777777778" CC="00"/>
						<SP ID="SP_1.2.31.14" HPOS="3076" VPOS="4740" WIDTH="632"/>
						<String CONTENT="4956" ID="St_1.2.31.15" HPOS="3708" VPOS="4736" HEIGHT="84" WIDTH="232" STYLEREFS="Style_20" WC="0.937777777777778" CC="0000"/>
					</TextLine>
					<TextLine ID="TL_1.2.32" HPOS="264" VPOS="4924" HEIGHT="124" WIDTH="1480">
						<String CONTENT="Gellhorn," ID="St_1.2.32.1" HPOS="264" VPOS="4924" HEIGHT="124" WIDTH="568" STYLEREFS="Style_20" WC="1" CC="000000000"/>
						<SP ID="SP_1.2.32.2" HPOS="816" VPOS="4960" WIDTH="48"/>
						<String CONTENT="George," ID="St_1.2.32.3" HPOS="892" VPOS="4924" HEIGHT="124" WIDTH="472" STYLEREFS="Style_20" WC="1" CC="0000000"/>
						<SP ID="SP_1.2.32.4" HPOS="1348" VPOS="4960" WIDTH="48"/>
						<String CONTENT="187" ID="St_1.2.32.5" HPOS="1424" VPOS="4924" HEIGHT="104" WIDTH="192" STYLEREFS="Style_20" WC="1" CC="000"/>
						<String CONTENT="0" ID="St_1.2.32.6" HPOS="1620" VPOS="4936" HEIGHT="92" WIDTH="60" STYLEREFS="Style_20" WC="1" CC="0"/>
						<String CONTENT="-" ID="St_1.2.32.7" HPOS="1684" VPOS="4988" HEIGHT="12" WIDTH="60" STYLEREFS="Style_20" WC="1" CC="0"/>
					</TextLine>
					<TextLine ID="TL_1.2.33" HPOS="396" VPOS="5068" HEIGHT="136" WIDTH="3712">
						<String CONTENT="Gynecology" ID="St_1.2.33.1" HPOS="396" VPOS="5072" HEIGHT="132" WIDTH="712" STYLEREFS="Style_20" WC="1" CC="0000000000"/>
						<SP ID="SP_1.2.33.2" HPOS="1072" VPOS="5092" WIDTH="80"/>
						<String CONTENT="for" ID="St_1.2.33.3" HPOS="1192" VPOS="5068" HEIGHT="104" WIDTH="180" STYLEREFS="Style_20" WC="1" CC="000"/>
						<SP ID="SP_1.2.33.4" HPOS="1344" VPOS="5096" WIDTH="72"/>
						<String CONTENT="nurses," ID="St_1.2.33.5" HPOS="1460" VPOS="5108" HEIGHT="92" WIDTH="408" STYLEREFS="Style_20" WC="1" CC="0000000"/>
						<SP ID="SP_1.2.33.6" HPOS="1856" VPOS="5120" WIDTH="56"/>
						<String CONTENT="by" ID="St_1.2.33.7" HPOS="1956" VPOS="5072" HEIGHT="132" WIDTH="148" STYLEREFS="Style_20" WC="1" CC="00"/>
						<SP ID="SP_1.2.33.8" HPOS="2068" VPOS="5092" WIDTH="80"/>
						<String CONTENT="George" ID="St_1.2.33.9" HPOS="2188" VPOS="5072" HEIGHT="132" WIDTH="428" STYLEREFS="Style_20" WC="1" CC="000000"/>
						<SP ID="SP_1.2.33.10" HPOS="2588" VPOS="5092" WIDTH="72"/>
						<String CONTENT="Gel" ID="St_1.2.33.11" HPOS="2708" VPOS="5072" HEIGHT="104" WIDTH="200" STYLEREFS="Style_20" WC="1" CC="000"/>
						<String CONTENT="l" ID="St_1.2.33.12" HPOS="2920" VPOS="5072" HEIGHT="96" WIDTH="36" STYLEREFS="Style_20" WC="1" CC="0"/>
						<String CONTENT="h" ID="St_1.2.33.13" HPOS="2960" VPOS="5072" HEIGHT="96" WIDTH="72" STYLEREFS="Style_20" WC="1" CC="0"/>
						<String CONTENT="o" ID="St_1.2.33.14" HPOS="3040" VPOS="5108" HEIGHT="64" WIDTH="60" STYLEREFS="Style_20" WC="1" CC="0"/>
						<String CONTENT="rn" ID="St_1.2.33.15" HPOS="3112" VPOS="5108" HEIGHT="64" WIDTH="128" STYLEREFS="Style_20" WC="1" CC="00"/>
						<SP ID="SP_1.2.33.16" HPOS="3200" VPOS="5092" WIDTH="88"/>
						<String CONTENT="&#x2026;" ID="St_1.2.33.17" HPOS="3340" VPOS="5156" HEIGHT="16" WIDTH="108" STYLEREFS="Style_20" WC="1" CC="000"/>
						<SP ID="SP_1.2.33.18" HPOS="3436" VPOS="5136" WIDTH="60"/>
						<String CONTENT="with" ID="St_1.2.33.19" HPOS="3548" VPOS="5072" HEIGHT="104" WIDTH="272" STYLEREFS="Style_20" WC="1" CC="0000"/>
						<SP ID="SP_1.2.33.20" HPOS="3780" VPOS="5072" WIDTH="88"/>
						<String CONTENT="145" ID="St_1.2.33.21" HPOS="3916" VPOS="5080" HEIGHT="92" WIDTH="192" STYLEREFS="Style_20" WC="0.991111111111111" CC="004"/>
					</TextLine>
					<TextLine ID="TL_1.2.34" HPOS="260" VPOS="5220" HEIGHT="132" WIDTH="3840">
						<String CONTENT="illustrations." ID="St_1.2.34.1" HPOS="260" VPOS="5224" HEIGHT="100" WIDTH="764" STYLEREFS="Style_20" WC="1" CC="00000000000000"/>
						<SP ID="SP_1.2.34.2" HPOS="1012" VPOS="5224" WIDTH="168"/>
						<String CONTENT="Philadelphia" ID="St_1.2.34.3" HPOS="1204" VPOS="5220" HEIGHT="132" WIDTH="784" STYLEREFS="Style_20" WC="0.983333333333333" CC="000000000000"/>
						<SP ID="SP_1.2.34.4" HPOS="1952" VPOS="5240" WIDTH="92"/>
						<String CONTENT="and" ID="St_1.2.34.5" HPOS="2096" VPOS="5224" HEIGHT="100" WIDTH="220" STYLEREFS="Style_20" WC="0.985555555555556" CC="000"/>
						<SP ID="SP_1.2.34.6" HPOS="2280" VPOS="5224" WIDTH="88"/>
						<String CONTENT="London," ID="St_1.2.34.7" HPOS="2420" VPOS="5224" HEIGHT="128" WIDTH="500" STYLEREFS="Style_20" WC="0.988888888888889" CC="0000000"/>
						<SP ID="SP_1.2.34.8" HPOS="2904" VPOS="5264" WIDTH="68"/>
						<String CONTENT="W." ID="St_1.2.34.9" HPOS="3028" VPOS="5224" HEIGHT="100" WIDTH="168" STYLEREFS="Style_20" WC="0.988888888888889" CC="00"/>
						<SP ID="SP_1.2.34.10" HPOS="3184" VPOS="5260" WIDTH="68"/>
						<String CONTENT="B." ID="St_1.2.34.11" HPOS="3304" VPOS="5224" HEIGHT="100" WIDTH="132" STYLEREFS="Style_20" WC="0.99" CC="00"/>
						<SP ID="SP_1.2.34.12" HPOS="3424" VPOS="5260" WIDTH="68"/>
						<String CONTENT="Saunders" ID="St_1.2.34.13" HPOS="3548" VPOS="5220" HEIGHT="108" WIDTH="552" STYLEREFS="Style_20" WC="0.991111111111111" CC="00000000"/>
					</TextLine>
					<TextLine ID="TL_1.2.35" HPOS="256" VPOS="5376" HEIGHT="128" WIDTH="924">
						<String CONTENT="company," ID="St_1.2.35.1" HPOS="256" VPOS="5408" HEIGHT="96" WIDTH="572" STYLEREFS="Style_20" WC="1" CC="00000000"/>
						<SP ID="SP_1.2.35.2" HPOS="816" VPOS="5416" WIDTH="44"/>
						<String CONTENT="1930." ID="St_1.2.35.3" HPOS="892" VPOS="5376" HEIGHT="96" WIDTH="288" STYLEREFS="Style_20" WC="1" CC="00000"/>
					</TextLine>
					<TextLine ID="TL_1.2.36" HPOS="396" VPOS="5516" HEIGHT="108" WIDTH="1624">
						<String CONTENT="2" ID="St_1.2.36.1" HPOS="396" VPOS="5532" HEIGHT="76" WIDTH="56" STYLEREFS="Style_20" WC="1" CC="0"/>
						<SP ID="SP_1.2.36.2" HPOS="424" VPOS="5524" WIDTH="56"/>
						<String CONTENT="p." ID="St_1.2.36.3" HPOS="500" VPOS="5552" HEIGHT="72" WIDTH="84" STYLEREFS="Style_20" WC="1" CC="00"/>
						<SP ID="SP_1.2.36.4" HPOS="576" VPOS="5556" WIDTH="40"/>
						<String CONTENT="1.," ID="St_1.2.36.5" HPOS="644" VPOS="5536" HEIGHT="88" WIDTH="88" STYLEREFS="Style_20" WC="1" CC="000"/>
						<SP ID="SP_1.2.36.6" HPOS="724" VPOS="5552" WIDTH="36"/>
						<String CONTENT="13-275" ID="St_1.2.36.7" HPOS="788" VPOS="5528" HEIGHT="80" WIDTH="340" STYLEREFS="Style_20" WC="1" CC="000000"/>
						<SP ID="SP_1.2.36.8" HPOS="1100" VPOS="5524" WIDTH="56"/>
						<String CONTENT="p." ID="St_1.2.36.9" HPOS="1180" VPOS="5548" HEIGHT="72" WIDTH="84" STYLEREFS="Style_20" WC="1" CC="00"/>
						<SP ID="SP_1.2.36.10" HPOS="1256" VPOS="5556" WIDTH="68"/>
						<String CONTENT="illus." ID="St_1.2.36.11" HPOS="1380" VPOS="5528" HEIGHT="80" WIDTH="248" STYLEREFS="Style_20" WC="0.982222222222222" CC="400000"/>
						<SP ID="SP_1.2.36.12" HPOS="1620" VPOS="5552" WIDTH="64"/>
						<String CONTENT="20j&quot;&apos;." ID="St_1.2.36.13" HPOS="1744" VPOS="5516" HEIGHT="92" WIDTH="276" STYLEREFS="Style_20" WC="0.884444444444444" CC="008885"/>
					</TextLine>
					<TextLine ID="TL_1.2.37" HPOS="280" VPOS="5632" HEIGHT="100" WIDTH="3820">
						<String CONTENT="&#x00A9;" ID="St_1.2.37.1" HPOS="280" VPOS="5632" HEIGHT="92" WIDTH="96" STYLEREFS="Style_20" WC="0.555555555555556" CC="4"/>
						<SP ID="SP_1.2.37.2" HPOS="324" VPOS="5632" WIDTH="84"/>
						<String CONTENT="Apr." ID="St_1.2.37.3" HPOS="436" VPOS="5640" HEIGHT="92" WIDTH="216" STYLEREFS="Style_20" WC="0.925555555555556" CC="0000"/>
						<SP ID="SP_1.2.37.4" HPOS="644" VPOS="5672" WIDTH="40"/>
						<String CONTENT="30," ID="St_1.2.37.5" HPOS="712" VPOS="5640" HEIGHT="92" WIDTH="132" STYLEREFS="Style_20" WC="0.955555555555556" CC="000"/>
						<SP ID="SP_1.2.37.6" HPOS="836" VPOS="5672" WIDTH="40"/>
						<String CONTENT="1930;" ID="St_1.2.37.7" HPOS="904" VPOS="5636" HEIGHT="92" WIDTH="268" STYLEREFS="Style_20" WC="0.972222222222222" CC="00000"/>
						<SP ID="SP_1.2.37.8" HPOS="1160" VPOS="5648" WIDTH="44"/>
						<String CONTENT="2c." ID="St_1.2.37.9" HPOS="1236" VPOS="5640" HEIGHT="76" WIDTH="132" STYLEREFS="Style_20" WC="0.977777777777778" CC="000"/>
						<SP ID="SP_1.2.37.10" HPOS="1360" VPOS="5668" WIDTH="40"/>
						<String CONTENT="May" ID="St_1.2.37.11" HPOS="1428" VPOS="5640" HEIGHT="88" WIDTH="220" STYLEREFS="Style_20" WC="0.981111111111111" CC="000"/>
						<SP ID="SP_1.2.37.12" HPOS="1616" VPOS="5648" WIDTH="60"/>
						<String CONTENT="6;" ID="St_1.2.37.13" HPOS="1704" VPOS="5636" HEIGHT="92" WIDTH="100" STYLEREFS="Style_20" WC="0.983333333333333" CC="00"/>
						<SP ID="SP_1.2.37.14" HPOS="1796" VPOS="5648" WIDTH="40"/>
						<String CONTENT="aff." ID="St_1.2.37.15" HPOS="1868" VPOS="5636" HEIGHT="80" WIDTH="164" STYLEREFS="Style_20" WC="0.972222222222222" CC="4000"/>
						<SP ID="SP_1.2.37.16" HPOS="2020" VPOS="5668" WIDTH="44"/>
						<String CONTENT="May" ID="St_1.2.37.17" HPOS="2092" VPOS="5640" HEIGHT="88" WIDTH="220" STYLEREFS="Style_20" WC="0.974444444444444" CC="000"/>
						<SP ID="SP_1.2.37.18" HPOS="2280" VPOS="5648" WIDTH="60"/>
						<String CONTENT="5;" ID="St_1.2.37.19" HPOS="2368" VPOS="5636" HEIGHT="92" WIDTH="100" STYLEREFS="Style_20" WC="0.976666666666667" CC="00"/>
						<SP ID="SP_1.2.37.20" HPOS="2460" VPOS="5648" WIDTH="40"/>
						<String CONTENT="A" ID="St_1.2.37.21" HPOS="2532" VPOS="5636" HEIGHT="80" WIDTH="80" STYLEREFS="Style_20" WC="0.977777777777778" CC="0"/>
						<SP ID="SP_1.2.37.22" HPOS="2568" VPOS="5636" WIDTH="76"/>
						<String CONTENT="22657;" ID="St_1.2.37.23" HPOS="2672" VPOS="5636" HEIGHT="96" WIDTH="324" STYLEREFS="Style_20" WC="0.981111111111111" CC="000000"/>
						<SP ID="SP_1.2.37.24" HPOS="2984" VPOS="5648" WIDTH="44"/>
						<String CONTENT="W." ID="St_1.2.37.25" HPOS="3064" VPOS="5640" HEIGHT="80" WIDTH="136" STYLEREFS="Style_20" WC="0.982222222222222" CC="00"/>
						<SP ID="SP_1.2.37.26" HPOS="3188" VPOS="5672" WIDTH="40"/>
						<String CONTENT="B." ID="St_1.2.37.27" HPOS="3264" VPOS="5644" HEIGHT="72" WIDTH="104" STYLEREFS="Style_20" WC="0.983333333333333" CC="00"/>
						<SP ID="SP_1.2.37.28" HPOS="3356" VPOS="5672" WIDTH="44"/>
						<String CONTENT="Saunders" ID="St_1.2.37.29" HPOS="3436" VPOS="5640" HEIGHT="80" WIDTH="472" STYLEREFS="Style_20" WC="0.985555555555556" CC="00000000"/>
						<SP ID="SP_1.2.37.30" HPOS="3884" VPOS="5652" WIDTH="52"/>
						<String CONTENT="co." ID="St_1.2.37.31" HPOS="3968" VPOS="5660" HEIGHT="60" WIDTH="132" STYLEREFS="Style_20" WC="0.986666666666667" CC="000"/>
					</TextLine>
					<TextLine ID="TL_1.2.38" HPOS="424" VPOS="5744" HEIGHT="96" WIDTH="3516">
						<String CONTENT="(30-12757)" ID="St_1.2.38.1" HPOS="424" VPOS="5748" HEIGHT="92" WIDTH="536" STYLEREFS="Style_20" WC="1" CC="0000000000"/>
						<SP ID="SP_1.2.38.2" HPOS="944" VPOS="5756" WIDTH="2760"/>
						<String CONTENT="4957" ID="St_1.2.38.3" HPOS="3704" VPOS="5744" HEIGHT="84" WIDTH="236" STYLEREFS="Style_20" WC="0.667777777777778" CC="0000"/>
					</TextLine>
					<TextLine ID="TL_1.2.39" HPOS="260" VPOS="5932" HEIGHT="120" WIDTH="1440">
						<String CONTENT="G" ID="St_1.2.39.1" HPOS="260" VPOS="5932" HEIGHT="100" WIDTH="96" STYLEREFS="Style_20" WC="1" CC="0"/>
						<String CONTENT="ol" ID="St_1.2.39.2" HPOS="364" VPOS="5932" HEIGHT="100" WIDTH="100" STYLEREFS="Style_20" WC="1" CC="00"/>
						<String CONTENT="dberg," ID="St_1.2.39.3" HPOS="472" VPOS="5932" HEIGHT="120" WIDTH="388" STYLEREFS="Style_20" WC="1" CC="000000"/>
						<SP ID="SP_1.2.39.4" HPOS="844" VPOS="5968" WIDTH="44"/>
						<String CONTENT="Israe" ID="St_1.2.39.5" HPOS="916" VPOS="5932" HEIGHT="100" WIDTH="316" STYLEREFS="Style_20" WC="1" CC="00000"/>
						<String CONTENT="l" ID="St_1.2.39.6" HPOS="1236" VPOS="5932" HEIGHT="96" WIDTH="36" STYLEREFS="Style_20" WC="1" CC="0"/>
						<String CONTENT="," ID="St_1.2.39.7" HPOS="1280" VPOS="6008" HEIGHT="44" WIDTH="28" STYLEREFS="Style_20" WC="1" CC="0"/>
						<SP ID="SP_1.2.39.8" HPOS="1292" VPOS="5964" WIDTH="48"/>
						<String CONTENT="1887-" ID="St_1.2.39.9" HPOS="1372" VPOS="5932" HEIGHT="104" WIDTH="328" STYLEREFS="Style_20" WC="1" CC="00000"/>
					</TextLine>
					<TextLine ID="TL_1.2.40" HPOS="400" VPOS="6080" HEIGHT="140" WIDTH="3700">
						<String CONTENT="Outline" ID="St_1.2.40.1" HPOS="400" VPOS="6080" HEIGHT="108" WIDTH="452" STYLEREFS="Style_20" WC="1" CC="0000000"/>
						<SP ID="SP_1.2.40.2" HPOS="824" VPOS="6100" WIDTH="56"/>
						<String CONTENT="of" ID="St_1.2.40.3" HPOS="908" VPOS="6084" HEIGHT="100" WIDTH="120" STYLEREFS="Style_20" WC="1" CC="00"/>
						<SP ID="SP_1.2.40.4" HPOS="1000" VPOS="6084" WIDTH="56"/>
						<String CONTENT="Jewish" ID="St_1.2.40.5" HPOS="1080" VPOS="6084" HEIGHT="100" WIDTH="416" STYLEREFS="Style_20" WC="1" CC="000000"/>
						<SP ID="SP_1.2.40.6" HPOS="1460" VPOS="6084" WIDTH="60"/>
						<String CONTENT="kno" ID="St_1.2.40.7" HPOS="1544" VPOS="6080" HEIGHT="108" WIDTH="216" STYLEREFS="Style_20" WC="0.967777777777778" CC="330"/>
						<String CONTENT="wle" ID="St_1.2.40.8" HPOS="1772" VPOS="6084" HEIGHT="100" WIDTH="200" STYLEREFS="Style_20" WC="0.972222222222222" CC="000"/>
						<String CONTENT="d" ID="St_1.2.40.9" HPOS="1984" VPOS="6084" HEIGHT="100" WIDTH="60" STYLEREFS="Style_20" WC="0.955555555555556" CC="4"/>
						<String CONTENT="ge;" ID="St_1.2.40.10" HPOS="2060" VPOS="6116" HEIGHT="96" WIDTH="180" STYLEREFS="Style_20" WC="0.96" CC="000"/>
						<SP ID="SP_1.2.40.11" HPOS="2228" VPOS="6100" WIDTH="44"/>
						<String CONTENT="being" ID="St_1.2.40.12" HPOS="2300" VPOS="6080" HEIGHT="132" WIDTH="332" STYLEREFS="Style_20" WC="0.966666666666667" CC="00000"/>
						<SP ID="SP_1.2.40.13" HPOS="2592" VPOS="6100" WIDTH="64"/>
						<String CONTENT="a" ID="St_1.2.40.14" HPOS="2680" VPOS="6120" HEIGHT="64" WIDTH="60" STYLEREFS="Style_20" WC="0.968888888888889" CC="0"/>
						<SP ID="SP_1.2.40.15" HPOS="2708" VPOS="6100" WIDTH="60"/>
						<String CONTENT="history" ID="St_1.2.40.16" HPOS="2796" VPOS="6080" HEIGHT="140" WIDTH="428" STYLEREFS="Style_20" WC="0.974444444444444" CC="0000000"/>
						<SP ID="SP_1.2.40.17" HPOS="3188" VPOS="6104" WIDTH="64"/>
						<String CONTENT="of" ID="St_1.2.40.18" HPOS="3276" VPOS="6088" HEIGHT="100" WIDTH="124" STYLEREFS="Style_20" WC="0.975555555555556" CC="00"/>
						<SP ID="SP_1.2.40.19" HPOS="3372" VPOS="6084" WIDTH="56"/>
						<String CONTENT="the" ID="St_1.2.40.20" HPOS="3452" VPOS="6088" HEIGHT="96" WIDTH="180" STYLEREFS="Style_20" WC="0.977777777777778" CC="000"/>
						<SP ID="SP_1.2.40.21" HPOS="3604" VPOS="6104" WIDTH="56"/>
						<String CONTENT="Jewish" ID="St_1.2.40.22" HPOS="3688" VPOS="6080" HEIGHT="108" WIDTH="412" STYLEREFS="Style_20" WC="0.98" CC="000000"/>
					</TextLine>
					<TextLine ID="TL_1.2.41" HPOS="264" VPOS="6232" HEIGHT="132" WIDTH="3836">
						<String CONTENT="people" ID="St_1.2.41.1" HPOS="264" VPOS="6232" HEIGHT="132" WIDTH="388" STYLEREFS="Style_20" WC="1" CC="000000"/>
						<SP ID="SP_1.2.41.2" HPOS="624" VPOS="6248" WIDTH="56"/>
						<String CONTENT="and" ID="St_1.2.41.3" HPOS="704" VPOS="6236" HEIGHT="96" WIDTH="216" STYLEREFS="Style_20" WC="1" CC="000"/>
						<SP ID="SP_1.2.41.4" HPOS="884" VPOS="6232" WIDTH="64"/>
						<String CONTENT="an" ID="St_1.2.41.5" HPOS="976" VPOS="6272" HEIGHT="60" WIDTH="140" STYLEREFS="Style_20" WC="1" CC="00"/>
						<SP ID="SP_1.2.41.6" HPOS="1076" VPOS="6252" WIDTH="64"/>
						<String CONTENT="anthology" ID="St_1.2.41.7" HPOS="1168" VPOS="6232" HEIGHT="132" WIDTH="604" STYLEREFS="Style_20" WC="1" CC="000000000"/>
						<SP ID="SP_1.2.41.8" HPOS="1732" VPOS="6248" WIDTH="64"/>
						<String CONTENT="of" ID="St_1.2.41.9" HPOS="1820" VPOS="6232" HEIGHT="100" WIDTH="120" STYLEREFS="Style_20" WC="1" CC="00"/>
						<SP ID="SP_1.2.41.10" HPOS="1916" VPOS="6232" WIDTH="52"/>
						<String CONTENT="Jewish" ID="St_1.2.41.11" HPOS="1996" VPOS="6232" HEIGHT="100" WIDTH="412" STYLEREFS="Style_20" WC="1" CC="000000"/>
						<SP ID="SP_1.2.41.12" HPOS="2372" VPOS="6232" WIDTH="64"/>
						<String CONTENT="literature" ID="St_1.2.41.13" HPOS="2464" VPOS="6236" HEIGHT="100" WIDTH="568" STYLEREFS="Style_20" WC="1" CC="0000000000"/>
						<SP ID="SP_1.2.41.14" HPOS="3004" VPOS="6248" WIDTH="56"/>
						<String CONTENT="from" ID="St_1.2.41.15" HPOS="3088" VPOS="6236" HEIGHT="96" WIDTH="292" STYLEREFS="Style_20" WC="1" CC="0000"/>
						<SP ID="SP_1.2.41.16" HPOS="3324" VPOS="6248" WIDTH="84"/>
						<String CONTENT="the" ID="St_1.2.41.17" HPOS="3436" VPOS="6236" HEIGHT="100" WIDTH="180" STYLEREFS="Style_20" WC="1" CC="000"/>
						<SP ID="SP_1.2.41.18" HPOS="3588" VPOS="6248" WIDTH="56"/>
						<String CONTENT="earliest" ID="St_1.2.41.19" HPOS="3668" VPOS="6236" HEIGHT="100" WIDTH="432" STYLEREFS="Style_20" WC="1" CC="00000000"/>
					</TextLine>
					<TextLine ID="TL_1.2.42" HPOS="264" VPOS="6380" HEIGHT="136" WIDTH="3840">
						<String CONTENT="times" ID="St_1.2.42.1" HPOS="264" VPOS="6380" HEIGHT="104" WIDTH="320" STYLEREFS="Style_20" WC="1" CC="00000"/>
						<SP ID="SP_1.2.42.2" HPOS="560" VPOS="6404" WIDTH="56"/>
						<String CONTENT="to" ID="St_1.2.42.3" HPOS="644" VPOS="6388" HEIGHT="96" WIDTH="108" STYLEREFS="Style_20" WC="1" CC="00"/>
						<SP ID="SP_1.2.42.4" HPOS="724" VPOS="6404" WIDTH="60"/>
						<String CONTENT="the" ID="St_1.2.42.5" HPOS="820" VPOS="6384" HEIGHT="100" WIDTH="184" STYLEREFS="Style_20" WC="1" CC="000"/>
						<SP ID="SP_1.2.42.6" HPOS="976" VPOS="6400" WIDTH="64"/>
						<String CONTENT="present," ID="St_1.2.42.7" HPOS="1072" VPOS="6388" HEIGHT="124" WIDTH="468" STYLEREFS="Style_20" WC="1" CC="00000000"/>
						<SP ID="SP_1.2.42.8" HPOS="1528" VPOS="6424" WIDTH="44"/>
						<String CONTENT="including" ID="St_1.2.42.9" HPOS="1600" VPOS="6380" HEIGHT="132" WIDTH="576" STYLEREFS="Style_20" WC="0.956666666666667" CC="411330000"/>
						<SP ID="SP_1.2.42.10" HPOS="2140" VPOS="6400" WIDTH="68"/>
						<String CONTENT="a" ID="St_1.2.42.11" HPOS="2240" VPOS="6416" HEIGHT="68" WIDTH="56" STYLEREFS="Style_20" WC="0.958888888888889" CC="0"/>
						<SP ID="SP_1.2.42.12" HPOS="2268" VPOS="6400" WIDTH="60"/>
						<String CONTENT="brief" ID="St_1.2.42.13" HPOS="2364" VPOS="6380" HEIGHT="104" WIDTH="292" STYLEREFS="Style_20" WC="0.965555555555556" CC="00000"/>
						<SP ID="SP_1.2.42.14" HPOS="2628" VPOS="6380" WIDTH="60"/>
						<String CONTENT="account" ID="St_1.2.42.15" HPOS="2720" VPOS="6392" HEIGHT="92" WIDTH="452" STYLEREFS="Style_20" WC="0.971111111111111" CC="0000000"/>
						<SP ID="SP_1.2.42.16" HPOS="3152" VPOS="6388" WIDTH="56"/>
						<String CONTENT="of" ID="St_1.2.42.17" HPOS="3244" VPOS="6388" HEIGHT="96" WIDTH="120" STYLEREFS="Style_20" WC="0.973333333333333" CC="00"/>
						<SP ID="SP_1.2.42.18" HPOS="3336" VPOS="6384" WIDTH="60"/>
						<String CONTENT="the" ID="St_1.2.42.19" HPOS="3428" VPOS="6388" HEIGHT="96" WIDTH="188" STYLEREFS="Style_20" WC="0.974444444444444" CC="000"/>
						<SP ID="SP_1.2.42.20" HPOS="3588" VPOS="6404" WIDTH="60"/>
						<String CONTENT="history" ID="St_1.2.42.21" HPOS="3676" VPOS="6384" HEIGHT="132" WIDTH="428" STYLEREFS="Style_20" WC="0.977777777777778" CC="0000000"/>
					</TextLine>
					<TextLine ID="TL_1.2.43" HPOS="268" VPOS="6528" HEIGHT="108" WIDTH="3832">
						<String CONTENT="and" ID="St_1.2.43.1" HPOS="268" VPOS="6536" HEIGHT="96" WIDTH="216" STYLEREFS="Style_20" WC="1" CC="000"/>
						<SP ID="SP_1.2.43.2" HPOS="448" VPOS="6532" WIDTH="64"/>
						<String CONTENT="civilization" ID="St_1.2.43.3" HPOS="536" VPOS="6532" HEIGHT="100" WIDTH="672" STYLEREFS="Style_20" WC="0.957777777777778" CC="000033000000"/>
						<SP ID="SP_1.2.43.4" HPOS="1172" VPOS="6548" WIDTH="64"/>
						<String CONTENT="of" ID="St_1.2.43.5" HPOS="1264" VPOS="6532" HEIGHT="100" WIDTH="120" STYLEREFS="Style_20" WC="0.964444444444444" CC="00"/>
						<SP ID="SP_1.2.43.6" HPOS="1360" VPOS="6532" WIDTH="52"/>
						<String CONTENT="the" ID="St_1.2.43.7" HPOS="1436" VPOS="6532" HEIGHT="100" WIDTH="188" STYLEREFS="Style_20" WC="0.97" CC="000"/>
						<SP ID="SP_1.2.43.8" HPOS="1596" VPOS="6548" WIDTH="52"/>
						<String CONTENT="nations" ID="St_1.2.43.9" HPOS="1672" VPOS="6532" HEIGHT="100" WIDTH="432" STYLEREFS="Style_20" WC="0.977777777777778" CC="0000000"/>
						<SP ID="SP_1.2.43.10" HPOS="2080" VPOS="6548" WIDTH="56"/>
						<String CONTENT="with" ID="St_1.2.43.11" HPOS="2160" VPOS="6528" HEIGHT="100" WIDTH="272" STYLEREFS="Style_20" WC="0.981111111111111" CC="0000"/>
						<SP ID="SP_1.2.43.12" HPOS="2396" VPOS="6532" WIDTH="64"/>
						<String CONTENT="whom" ID="St_1.2.43.13" HPOS="2488" VPOS="6532" HEIGHT="104" WIDTH="352" STYLEREFS="Style_20" WC="0.983333333333333" CC="0000"/>
						<SP ID="SP_1.2.43.14" HPOS="2784" VPOS="6548" WIDTH="80"/>
						<String CONTENT="the" ID="St_1.2.43.15" HPOS="2892" VPOS="6536" HEIGHT="96" WIDTH="184" STYLEREFS="Style_20" WC="0.984444444444444" CC="000"/>
						<SP ID="SP_1.2.43.16" HPOS="3048" VPOS="6548" WIDTH="52"/>
						<String CONTENT="Jews" ID="St_1.2.43.17" HPOS="3128" VPOS="6536" HEIGHT="100" WIDTH="296" STYLEREFS="Style_20" WC="0.986666666666667" CC="0000"/>
						<SP ID="SP_1.2.43.18" HPOS="3400" VPOS="6552" WIDTH="52"/>
						<String CONTENT="have" ID="St_1.2.43.19" HPOS="3476" VPOS="6536" HEIGHT="100" WIDTH="276" STYLEREFS="Style_20" WC="0.987777777777778" CC="0000"/>
						<SP ID="SP_1.2.43.20" HPOS="3724" VPOS="6548" WIDTH="56"/>
						<String CONTENT="come" ID="St_1.2.43.21" HPOS="3808" VPOS="6568" HEIGHT="64" WIDTH="292" STYLEREFS="Style_20" WC="0.988888888888889" CC="0000"/>
					</TextLine>
					<TextLine ID="TL_1.2.44" HPOS="264" VPOS="6676" HEIGHT="140" WIDTH="3836">
						<String CONTENT="into" ID="St_1.2.44.1" HPOS="264" VPOS="6680" HEIGHT="104" WIDTH="236" STYLEREFS="Style_20" WC="1" CC="0000"/>
						<SP ID="SP_1.2.44.2" HPOS="464" VPOS="6696" WIDTH="72"/>
						<String CONTENT="contact," ID="St_1.2.44.3" HPOS="568" VPOS="6688" HEIGHT="116" WIDTH="456" STYLEREFS="Style_20" WC="1" CC="00000000"/>
						<SP ID="SP_1.2.44.4" HPOS="1012" VPOS="6720" WIDTH="48"/>
						<String CONTENT="and" ID="St_1.2.44.5" HPOS="1092" VPOS="6680" HEIGHT="100" WIDTH="212" STYLEREFS="Style_20" WC="1" CC="000"/>
						<SP ID="SP_1.2.44.6" HPOS="1268" VPOS="6680" WIDTH="68"/>
						<String CONTENT="an" ID="St_1.2.44.7" HPOS="1372" VPOS="6712" HEIGHT="68" WIDTH="140" STYLEREFS="Style_20" WC="1" CC="00"/>
						<SP ID="SP_1.2.44.8" HPOS="1476" VPOS="6696" WIDTH="68"/>
						<String CONTENT="exposition" ID="St_1.2.44.9" HPOS="1580" VPOS="6676" HEIGHT="132" WIDTH="612" STYLEREFS="Style_20" WC="0.985555555555556" CC="0000000004"/>
						<SP ID="SP_1.2.44.10" HPOS="2156" VPOS="6696" WIDTH="68"/>
						<String CONTENT="of" ID="St_1.2.44.11" HPOS="2260" VPOS="6680" HEIGHT="100" WIDTH="124" STYLEREFS="Style_20" WC="0.986666666666667" CC="00"/>
						<SP ID="SP_1.2.44.12" HPOS="2356" VPOS="6680" WIDTH="60"/>
						<String CONTENT="the" ID="St_1.2.44.13" HPOS="2444" VPOS="6680" HEIGHT="104" WIDTH="188" STYLEREFS="Style_20" WC="0.987777777777778" CC="000"/>
						<SP ID="SP_1.2.44.14" HPOS="2600" VPOS="6696" WIDTH="64"/>
						<String CONTENT="present-day" ID="St_1.2.44.15" HPOS="2696" VPOS="6684" HEIGHT="132" WIDTH="708" STYLEREFS="Style_20" WC="0.991111111111111" CC="00000000000"/>
						<SP ID="SP_1.2.44.16" HPOS="3368" VPOS="6696" WIDTH="68"/>
						<String CONTENT="status" ID="St_1.2.44.17" HPOS="3468" VPOS="6688" HEIGHT="96" WIDTH="344" STYLEREFS="Style_20" WC="0.983333333333333" CC="000040"/>
						<SP ID="SP_1.2.44.18" HPOS="3748" VPOS="6696" WIDTH="100"/>
						<String CONTENT="and" ID="St_1.2.44.19" HPOS="3884" VPOS="6684" HEIGHT="100" WIDTH="216" STYLEREFS="Style_20" WC="0.984444444444444" CC="000"/>
					</TextLine>
					<TextLine ID="TL_1.2.45" HPOS="268" VPOS="6824" HEIGHT="140" WIDTH="3832">
						<String CONTENT="problems" ID="St_1.2.45.1" HPOS="268" VPOS="6832" HEIGHT="128" WIDTH="544" STYLEREFS="Style_20" WC="1" CC="00000000"/>
						<SP ID="SP_1.2.45.2" HPOS="788" VPOS="6848" WIDTH="56"/>
						<String CONTENT="of" ID="St_1.2.45.3" HPOS="872" VPOS="6828" HEIGHT="100" WIDTH="124" STYLEREFS="Style_20" WC="1" CC="00"/>
						<SP ID="SP_1.2.45.4" HPOS="968" VPOS="6828" WIDTH="56"/>
						<String CONTENT="the" ID="St_1.2.45.5" HPOS="1052" VPOS="6832" HEIGHT="96" WIDTH="188" STYLEREFS="Style_20" WC="1" CC="000"/>
						<SP ID="SP_1.2.45.6" HPOS="1208" VPOS="6852" WIDTH="56"/>
						<String CONTENT="Jewries" ID="St_1.2.45.7" HPOS="1288" VPOS="6828" HEIGHT="104" WIDTH="460" STYLEREFS="Style_20" WC="1" CC="0000000"/>
						<SP ID="SP_1.2.45.8" HPOS="1724" VPOS="6852" WIDTH="56"/>
						<String CONTENT="of" ID="St_1.2.45.9" HPOS="1808" VPOS="6828" HEIGHT="100" WIDTH="120" STYLEREFS="Style_20" WC="1" CC="00"/>
						<SP ID="SP_1.2.45.10" HPOS="1904" VPOS="6832" WIDTH="52"/>
						<String CONTENT="t" ID="St_1.2.45.11" HPOS="1984" VPOS="6836" HEIGHT="92" WIDTH="48" STYLEREFS="Style_20" WC="1" CC="0"/>
						<String CONTENT="he" ID="St_1.2.45.12" HPOS="2032" VPOS="6832" HEIGHT="96" WIDTH="136" STYLEREFS="Style_20" WC="1" CC="00"/>
						<SP ID="SP_1.2.45.13" HPOS="2140" VPOS="6848" WIDTH="60"/>
						<String CONTENT="world" ID="St_1.2.45.14" HPOS="2228" VPOS="6832" HEIGHT="96" WIDTH="344" STYLEREFS="Style_20" WC="0.986666666666667" CC="00004"/>
						<SP ID="SP_1.2.45.15" HPOS="2536" VPOS="6828" WIDTH="72"/>
						<String CONTENT="&#x2026;" ID="St_1.2.45.16" HPOS="2644" VPOS="6908" HEIGHT="20" WIDTH="108" STYLEREFS="Style_20" WC="0.988888888888889" CC="000"/>
						<SP ID="SP_1.2.45.17" HPOS="2740" VPOS="6888" WIDTH="48"/>
						<String CONTENT="wi" ID="St_1.2.45.18" HPOS="2820" VPOS="6824" HEIGHT="104" WIDTH="140" STYLEREFS="Style_20" WC="0.988888888888889" CC="00"/>
						<String CONTENT="t" ID="St_1.2.45.19" HPOS="2972" VPOS="6836" HEIGHT="92" WIDTH="40" STYLEREFS="Style_20" WC="0.988888888888889" CC="0"/>
						<String CONTENT="h" ID="St_1.2.45.20" HPOS="3016" VPOS="6832" HEIGHT="96" WIDTH="72" STYLEREFS="Style_20" WC="0.99" CC="0"/>
						<SP ID="SP_1.2.45.21" HPOS="3052" VPOS="6828" WIDTH="68"/>
						<String CONTENT="map" ID="St_1.2.45.22" HPOS="3148" VPOS="6864" HEIGHT="100" WIDTH="256" STYLEREFS="Style_20" WC="0.99" CC="000"/>
						<String CONTENT="s" ID="St_1.2.45.23" HPOS="3416" VPOS="6868" HEIGHT="64" WIDTH="44" STYLEREFS="Style_20" WC="0.991111111111111" CC="0"/>
						<SP ID="SP_1.2.45.24" HPOS="3436" VPOS="6848" WIDTH="56"/>
						<String CONTENT="and" ID="St_1.2.45.25" HPOS="3520" VPOS="6832" HEIGHT="100" WIDTH="216" STYLEREFS="Style_20" WC="0.991111111111111" CC="000"/>
						<SP ID="SP_1.2.45.26" HPOS="3700" VPOS="6828" WIDTH="68"/>
						<String CONTENT="illus-" ID="St_1.2.45.27" HPOS="3804" VPOS="6832" HEIGHT="100" WIDTH="296" STYLEREFS="Style_20" WC="0.992222222222222" CC="000000"/>
					</TextLine>
					<TextLine ID="TL_1.2.46" HPOS="264" VPOS="6976" HEIGHT="140" WIDTH="3832">
						<String CONTENT="trations," ID="St_1.2.46.1" HPOS="264" VPOS="6980" HEIGHT="128" WIDTH="500" STYLEREFS="Style_20" WC="1" CC="000000000"/>
						<SP ID="SP_1.2.46.2" HPOS="752" VPOS="7020" WIDTH="36"/>
						<String CONTENT="by" ID="St_1.2.46.3" HPOS="812" VPOS="6980" HEIGHT="128" WIDTH="144" STYLEREFS="Style_20" WC="1" CC="00"/>
						<SP ID="SP_1.2.46.4" HPOS="920" VPOS="6992" WIDTH="60"/>
						<String CONTENT="Israel" ID="St_1.2.46.5" HPOS="1004" VPOS="6976" HEIGHT="100" WIDTH="348" STYLEREFS="Style_20" WC="1" CC="000000"/>
						<SP ID="SP_1.2.46.6" HPOS="1332" VPOS="6976" WIDTH="48"/>
						<String CONTENT="G" ID="St_1.2.46.7" HPOS="1408" VPOS="6976" HEIGHT="100" WIDTH="96" STYLEREFS="Style_20" WC="1" CC="0"/>
						<String CONTENT="oldb" ID="St_1.2.46.8" HPOS="1516" VPOS="6976" HEIGHT="100" WIDTH="252" STYLEREFS="Style_20" WC="1" CC="0000"/>
						<String CONTENT="e" ID="St_1.2.46.9" HPOS="1780" VPOS="7012" HEIGHT="64" WIDTH="52" STYLEREFS="Style_20" WC="1" CC="0"/>
						<String CONTENT="rg" ID="St_1.2.46.10" HPOS="1840" VPOS="7012" HEIGHT="96" WIDTH="128" STYLEREFS="Style_20" WC="1" CC="00"/>
						<SP ID="SP_1.2.46.11" HPOS="1932" VPOS="6992" WIDTH="64"/>
						<String CONTENT="&#x2026;" ID="St_1.2.46.12" HPOS="2024" VPOS="7060" HEIGHT="16" WIDTH="108" STYLEREFS="Style_20" WC="1" CC="000"/>
						<SP ID="SP_1.2.46.13" HPOS="2120" VPOS="7036" WIDTH="44"/>
						<String CONTENT="a" ID="St_1.2.46.14" HPOS="2200" VPOS="7016" HEIGHT="60" WIDTH="56" STYLEREFS="Style_20" WC="1" CC="0"/>
						<String CONTENT="nd" ID="St_1.2.46.15" HPOS="2264" VPOS="6980" HEIGHT="100" WIDTH="148" STYLEREFS="Style_20" WC="1" CC="00"/>
						<SP ID="SP_1.2.46.16" HPOS="2376" VPOS="6976" WIDTH="64"/>
						<String CONTENT="Samson" ID="St_1.2.46.17" HPOS="2468" VPOS="6976" HEIGHT="104" WIDTH="460" STYLEREFS="Style_20" WC="1" CC="000000"/>
						<SP ID="SP_1.2.46.18" HPOS="2892" VPOS="6992" WIDTH="64"/>
						<String CONTENT="Benderly" ID="St_1.2.46.19" HPOS="2980" VPOS="6980" HEIGHT="136" WIDTH="556" STYLEREFS="Style_20" WC="1" CC="00000000"/>
						<SP ID="SP_1.2.46.20" HPOS="3500" VPOS="6992" WIDTH="68"/>
						<String CONTENT="&#x2026;" ID="St_1.2.46.21" HPOS="3596" VPOS="7060" HEIGHT="20" WIDTH="108" STYLEREFS="Style_20" WC="1" CC="000"/>
						<SP ID="SP_1.2.46.22" HPOS="3692" VPOS="7036" WIDTH="88"/>
						<String CONTENT="v" ID="St_1.2.46.23" HPOS="3860" VPOS="7016" HEIGHT="64" WIDTH="60" STYLEREFS="Style_20" WC="1" CC="0"/>
						<String CONTENT="." ID="St_1.2.46.24" HPOS="3932" VPOS="7060" HEIGHT="24" WIDTH="20" STYLEREFS="Style_20" WC="1" CC="0"/>
						<SP ID="SP_1.2.46.25" HPOS="3940" VPOS="7016" WIDTH="40"/>
						<String CONTENT="2" ID="St_1.2.46.26" HPOS="4004" VPOS="6988" HEIGHT="88" WIDTH="64" STYLEREFS="Style_20" WC="1" CC="0"/>
						<String CONTENT="." ID="St_1.2.46.27" HPOS="4076" VPOS="7060" HEIGHT="16" WIDTH="20" STYLEREFS="Style_20" WC="1" CC="0"/>
					</TextLine>
					<TextLine ID="TL_1.2.47" HPOS="268" VPOS="7124" HEIGHT="116" WIDTH="3832">
						<String CONTENT="The" ID="St_1.2.47.1" HPOS="268" VPOS="7128" HEIGHT="100" WIDTH="232" STYLEREFS="Style_20" WC="1" CC="000"/>
						<SP ID="SP_1.2.47.2" HPOS="472" VPOS="7144" WIDTH="60"/>
						<String CONTENT="F" ID="St_1.2.47.3" HPOS="560" VPOS="7124" HEIGHT="100" WIDTH="92" STYLEREFS="Style_20" WC="1" CC="0"/>
						<String CONTENT="irst" ID="St_1.2.47.4" HPOS="664" VPOS="7124" HEIGHT="104" WIDTH="200" STYLEREFS="Style_20" WC="1" CC="0000"/>
						<SP ID="SP_1.2.47.5" HPOS="840" VPOS="7132" WIDTH="56"/>
						<String CONTENT="comm" ID="St_1.2.47.6" HPOS="928" VPOS="7160" HEIGHT="68" WIDTH="348" STYLEREFS="Style_20" WC="1" CC="0000"/>
						<String CONTENT="o" ID="St_1.2.47.7" HPOS="1284" VPOS="7160" HEIGHT="64" WIDTH="56" STYLEREFS="Style_20" WC="1" CC="0"/>
						<String CONTENT="nwealth," ID="St_1.2.47.8" HPOS="1352" VPOS="7124" HEIGHT="116" WIDTH="508" STYLEREFS="Style_20" WC="1" CC="00000000"/>
						<SP ID="SP_1.2.47.9" HPOS="1848" VPOS="7168" WIDTH="44"/>
						<String CONTENT="from" ID="St_1.2.47.10" HPOS="1928" VPOS="7128" HEIGHT="100" WIDTH="288" STYLEREFS="Style_20" WC="1" CC="0000"/>
						<SP ID="SP_1.2.47.11" HPOS="2160" VPOS="7148" WIDTH="88"/>
						<String CONTENT="the" ID="St_1.2.47.12" HPOS="2280" VPOS="7128" HEIGHT="100" WIDTH="184" STYLEREFS="Style_20" WC="1" CC="000"/>
						<SP ID="SP_1.2.47.13" HPOS="2436" VPOS="7144" WIDTH="60"/>
						<String CONTENT="accession" ID="St_1.2.47.14" HPOS="2528" VPOS="7124" HEIGHT="104" WIDTH="536" STYLEREFS="Style_20" WC="1" CC="000000000"/>
						<SP ID="SP_1.2.47.15" HPOS="3028" VPOS="7148" WIDTH="68"/>
						<String CONTENT="of" ID="St_1.2.47.16" HPOS="3124" VPOS="7128" HEIGHT="104" WIDTH="124" STYLEREFS="Style_20" WC="1" CC="00"/>
						<SP ID="SP_1.2.47.17" HPOS="3220" VPOS="7132" WIDTH="60"/>
						<String CONTENT="David" ID="St_1.2.47.18" HPOS="3308" VPOS="7128" HEIGHT="104" WIDTH="372" STYLEREFS="Style_20" WC="1" CC="00000"/>
						<SP ID="SP_1.2.47.19" HPOS="3640" VPOS="7128" WIDTH="72"/>
						<String CONTENT="to" ID="St_1.2.47.20" HPOS="3740" VPOS="7136" HEIGHT="92" WIDTH="116" STYLEREFS="Style_20" WC="1" CC="00"/>
						<SP ID="SP_1.2.47.21" HPOS="3824" VPOS="7152" WIDTH="64"/>
						<String CONTENT="t" ID="St_1.2.47.22" HPOS="3916" VPOS="7136" HEIGHT="92" WIDTH="48" STYLEREFS="Style_20" WC="1" CC="0"/>
						<String CONTENT="he" ID="St_1.2.47.23" HPOS="3964" VPOS="7132" HEIGHT="96" WIDTH="136" STYLEREFS="Style_20" WC="1" CC="00"/>
					</TextLine>
					<TextLine ID="TL_1.2.48" HPOS="272" VPOS="7276" HEIGHT="136" WIDTH="3824">
						<String CONTENT="fall" ID="St_1.2.48.1" HPOS="272" VPOS="7276" HEIGHT="100" WIDTH="204" STYLEREFS="Style_20" WC="1" CC="0000"/>
						<SP ID="SP_1.2.48.2" HPOS="456" VPOS="7276" WIDTH="68"/>
						<String CONTENT="of" ID="St_1.2.48.3" HPOS="572" VPOS="7276" HEIGHT="100" WIDTH="120" STYLEREFS="Style_20" WC="1" CC="00"/>
						<SP ID="SP_1.2.48.4" HPOS="668" VPOS="7280" WIDTH="72"/>
						<String CONTENT="Judah." ID="St_1.2.48.5" HPOS="784" VPOS="7276" HEIGHT="100" WIDTH="412" STYLEREFS="Style_20" WC="0.967777777777778" CC="040000"/>
						<SP ID="SP_1.2.48.6" HPOS="1184" VPOS="7312" WIDTH="88"/>
						<String CONTENT="Student&apos;s" ID="St_1.2.48.7" HPOS="1348" VPOS="7276" HEIGHT="100" WIDTH="552" STYLEREFS="Style_20" WC="0.981111111111111" CC="000000000"/>
						<SP ID="SP_1.2.48.8" HPOS="1876" VPOS="7292" WIDTH="72"/>
						<String CONTENT="ed.," ID="St_1.2.48.9" HPOS="1996" VPOS="7276" HEIGHT="112" WIDTH="196" STYLEREFS="Style_20" WC="0.984444444444444" CC="0000"/>
						<SP ID="SP_1.2.48.10" HPOS="2180" VPOS="7316" WIDTH="60"/>
						<String CONTENT="with" ID="St_1.2.48.11" HPOS="2288" VPOS="7276" HEIGHT="100" WIDTH="264" STYLEREFS="Style_20" WC="0.986666666666667" CC="0000"/>
						<SP ID="SP_1.2.48.12" HPOS="2516" VPOS="7280" WIDTH="84"/>
						<String CONTENT="course" ID="St_1.2.48.13" HPOS="2652" VPOS="7312" HEIGHT="64" WIDTH="368" STYLEREFS="Style_20" WC="0.988888888888889" CC="000000"/>
						<SP ID="SP_1.2.48.14" HPOS="2992" VPOS="7300" WIDTH="76"/>
						<String CONTENT="of" ID="St_1.2.48.15" HPOS="3116" VPOS="7280" HEIGHT="96" WIDTH="120" STYLEREFS="Style_20" WC="0.988888888888889" CC="00"/>
						<SP ID="SP_1.2.48.16" HPOS="3208" VPOS="7280" WIDTH="72"/>
						<String CONTENT="study." ID="St_1.2.48.17" HPOS="3328" VPOS="7280" HEIGHT="132" WIDTH="360" STYLEREFS="Style_20" WC="0.991111111111111" CC="000000"/>
						<SP ID="SP_1.2.48.18" HPOS="3676" VPOS="7316" WIDTH="84"/>
						<String CONTENT="New" ID="St_1.2.48.19" HPOS="3832" VPOS="7276" HEIGHT="100" WIDTH="264" STYLEREFS="Style_20" WC="0.991111111111111" CC="000"/>
					</TextLine>
					<TextLine ID="TL_1.2.49" HPOS="268" VPOS="7420" HEIGHT="140" WIDTH="2496">
						<String CONTENT="York," ID="St_1.2.49.1" HPOS="268" VPOS="7424" HEIGHT="132" WIDTH="344" STYLEREFS="Style_20" WC="1" CC="00000"/>
						<SP ID="SP_1.2.49.2" HPOS="604" VPOS="7464" WIDTH="40"/>
						<String CONTENT="Bureau" ID="St_1.2.49.3" HPOS="668" VPOS="7424" HEIGHT="100" WIDTH="436" STYLEREFS="Style_20" WC="1" CC="000000"/>
						<SP ID="SP_1.2.49.4" HPOS="1068" VPOS="7440" WIDTH="68"/>
						<String CONTENT="of" ID="St_1.2.49.5" HPOS="1160" VPOS="7424" HEIGHT="100" WIDTH="124" STYLEREFS="Style_20" WC="1" CC="00"/>
						<SP ID="SP_1.2.49.6" HPOS="1256" VPOS="7428" WIDTH="56"/>
						<String CONTENT="Jewish" ID="St_1.2.49.7" HPOS="1336" VPOS="7424" HEIGHT="104" WIDTH="412" STYLEREFS="Style_20" WC="1" CC="000000"/>
						<SP ID="SP_1.2.49.8" HPOS="1712" VPOS="7424" WIDTH="68"/>
						<String CONTENT="education," ID="St_1.2.49.9" HPOS="1808" VPOS="7420" HEIGHT="140" WIDTH="608" STYLEREFS="Style_20" WC="0.985555555555556" CC="0000000004"/>
						<SP ID="SP_1.2.49.10" HPOS="2388" VPOS="7464" WIDTH="60"/>
						<String CONTENT="1930." ID="St_1.2.49.11" HPOS="2476" VPOS="7428" HEIGHT="96" WIDTH="288" STYLEREFS="Style_20" WC="0.987777777777778" CC="00000"/>
					</TextLine>
				</TextBlock>
			</PrintSpace>
		</Page>
	</Layout>
</alto>
