4752 8320
332 692 368 120 Frost,
760 688 384 100 James
1200 684 512 124 Raleigh,
1776 688 324 100 1879-

456 832 536 132 Fighting
1048 832 432 100 tobacco
1540 832 180 100 the
1776 824 576 104 successful
2416 864 272 92 way,
2744 824 140 140 by
2940 824 100 108 J.
3108 824 460 128 Raleigh
3632 828 316 96 Frost
4032 832 60 112 …

324 984 152 100 St.
532 976 360 132 Louis,
940 980 252 108 Mo.,
1248 980 324 96 Frost
1616 980 72 96 &
1752 976 444 100 Dectiar
2252 980 356 96 [ͨ1930]

448 1144 112 76 24
612 1160 80 72 p.
808 1136 356 92 18½ͨͫ;.

340 1260 92 92 ©
504 1276 124 76 Oc
636 1276 60 76 t.
756 1276 40 72 1
820 1276 40 68 5
872 1332 16 32 ,
948 1268 264 80 1930:
1284 1272 96 72 2c
1396 1332 12 16 .
1472 1272 180 72 and
1716 1292 48 52 a
1776 1268 96 80 ff.
1940 1268 192 80 Oct.
2196 1268 156 92 18;
2420 1268 80 72 A
2556 1264 324 92 28951;
2952 1268 84 76 J.
3100 1268 104 76 R.
3272 1268 296 88 Frost,
3640 1268 128 76 St.
3832 1264 308 76 Louis.

488 1384 28 92 (
532 1384 48 76 3
588 1380 432 92 0-28812)
3684 1372 288 80 11442

336 1564 512 120 Georgia.
992 1568 356 124 Supre
1344 1584 108 76 m
1472 1600 48 64 e
1584 1600 192 64 cou
1784 1576 104 84 rt
1900 1640 16 16 .

464 1716 472 128 Reports
1000 1712 124 100 of
1184 1748 284 64 cases
1532 1708 448 104 decided
2032 1716 60 108 …
2240 1720 112 88 at
2416 1708 176 100 the
2664 1708 468 100 October
3196 1720 312 120 term,
3576 1712 124 96 19
3708 1712 60 92 2
3776 1712 92 128 9,
3932 1708 208 100 and

340 1860 116 92 M
460 1868 256 96 arch
792 1876 308 100 term,
1184 1864 280 96 1930.
1612 1896 92 64 v.
1800 1860 208 100 170.
2160 1860 396 100 Steven
2564 1896 44 64 s
2684 1864 212 96 and
2976 1856 524 120 Graham,
3572 1864 572 120 reporters.

336 2012 488 116 Atlanta,
884 2012 228 100 The
1172 2008 540 100 Harrison
1776 2044 568 96 company,
2404 2012 284 92 1930.

460 2164 248 92 xxvi,
788 2164 168 76 979
1032 2184 80 68 p.
1228 2164 220 72 23ͨͫ.

336 2292 88 88 ©
484 2300 224 76 Nov.
756 2296 48 76 2
812 2296 48 76 6
868 2360 16 32 ,
936 2296 268 88 1930;
1252 2296 52 72 2
1312 2320 48 52 c
1368 2360 16 12 .
1432 2316 44 56 a
1492 2300 120 72 nd
1664 2316 44 52 a
1724 2296 96 76 ff.
1868 2296 212 76 Dec.
2128 2296 104 76 1;
2284 2296 76 72 A
2408 2304 52 72 3
2468 2288 268 92 0935;
2800 2292 256 76 State
3108 2288 100 80 of
3260 2292 416 88 Georgia.
3732 2292 416 76 Atlanta.

3684 2396 292 80 11443

324 2508 440 124 Glover,
820 2504 296 104 Julia
1176 2504 744 120 Lestarjette.

448 2656 360 100 When
872 2656 356 128 Janey
1296 2652 268 132 May
1636 2688 216 64 was
1924 2652 416 128 twelve,
2412 2652 140 132 by
2624 2648 308 108 Julia
3008 2648 656 132 Lestarjette
3736 2652 404 100 Clover

432 2804 64 108 …
560 2800 308 100 Rock
916 2800 416 132 Island,
1380 2800 220 128 Ill.,
1648 2800 652 132 Augustana
2348 2796 288 104 book
2684 2832 452 68 concern
3196 2800 340 96 [ͨ1930]

456 2956 164 72 144
668 2976 80 72 p.
812 2956 144 76 inc
968 2956 48 76 l.
1076 2956 272 88 illus.,
1404 2976 56 68 p
1468 2956 24 72 l
1504 3016 16 16 .
1640 2956 192 76 18ͨͫ
1844 3016 12 12 .

336 3088 92 88 ©
484 3092 196 80 Oct.
732 3092 124 84 17,
912 3088 268 84 1930;
1236 3088 124 76 2c.
1416 3092 196 76 Oct.
1660 3088 156 92 23;
1880 3088 148 88 aff.
2084 3092 196 72 Oct.
2328 3088 160 88 24;
2544 3088 76 76 A
2672 3084 328 92 29527;
3056 3088 364 88 August
3428 3112 44 52 a
3488 3108 56 52 n
3556 3108 44 52 a
3660 3088 52 72 b
3724 3104 104 56 oo
3836 3088 60 72 k
3944 3108 204 64 con-

460 3224 240 56 cern.
836 3204 28 88 (
880 3200 112 76 30
996 3244 48 8 -
1048 3200 108 80 28
1164 3196 208 92 844)
3684 3192 288 80 11444

324 3380 340 124 Gray,
720 3376 528 124 Thomas,
1312 3380 620 104 1716-1771.

456 3528 180 100 An
728 3532 304 128 elegy
1128 3528 440 100 written
1660 3532 112 96 in
1868 3564 56 64 a
2016 3536 460 120 country
2572 3532 768 124 church-yard,
3432 3528 140 132 by
3664 3532 476 96 Thomas

320 3676 356 132 Gray;
740 3676 268 100 with
1064 3712 136 64 an
1252 3676 744 100 introduction
2044 3676 148 132 by
2244 3680 300 104 John
2600 3680 120 100 T.
2780 3676 640 108 Winterich.
3568 3676 576 132 Portland,

320 3828 244 128 Me.,
620 3832 228 96 The
908 3828 716 104 Southworth
1672 3860 336 100 press,
2068 3832 288 96 1930.

456 4004 60 52 x
520 4004 56 56 v
580 3980 32 76 i
616 3980 32 76 i
660 4040 16 32 [
788 3996 32 68 1
832 4028 20 44 ]
848 4040 20 32 ,
920 3980 108 80 16
1072 4004 108 72 p.,
1236 3980 44 76 1
1332 3984 24 72 l
1372 4044 16 16 .
1504 4004 100 56 co
1612 3984 28 72 l
1652 4040 16 20 .
1716 3980 104 76 ill
1832 4004 132 56 us.
2080 3984 104 76 17
2196 3984 40 80 4
2268 3988 40 40 ½ͨͫ
2344 4044 16 16 .

456 4088 196 80 "An
716 4088 348 80 edition
1124 4088 100 80 of
1276 4088 164 80 990
1496 4088 388 92 copies."
2004 4088 232 80 This
2292 4112 224 72 copy
2580 4096 160 72 not
2796 4092 532 76 numbered.

336 4220 92 88 ©
496 4224 192 80 Oct.
748 4224 132 92 15,
940 4220 268 92 1930;
1272 4224 128 80 2c.
1464 4224 184 76 and
1708 4224 156 80 aff.
1928 4224 192 76 Oct.
2184 4224 52 72 2
2244 4224 44 72 2
2324 4244 20 68 ;
2408 4224 80 76 A
2544 4224 328 92 30087;
2944 4224 604 80 Southworth
3612 4244 256 72 press
4016 4260 24 56 [
4048 4212 100 104 ©

464 4332 632 80 introduction]
1268 4332 28 92 (
1312 4336 48 72 3
1416 4360 44 72 1
1380 4360 56 72 0
1440 4360 148 72 -28
1592 4332 52 80 6
1648 4332 152 92 04)
3696 4328 280 80 11445

320 4512 428 120 Grisar,
808 4516 684 124 Hartmann,
1552 4528 312 92 1845

448 4656 424 104 Martin
936 4660 452 136 Luther,
1456 4664 172 100 his
1696 4664 200 100 life
1968 4664 216 100 and
2248 4664 336 132 work,
2648 4664 140 132 by
2856 4664 632 100 Hartmann
3560 4660 384 104 Grisar
4020 4660 64 112 …

320 4808 472 132 adapted
872 4808 288 100 from
1236 4812 180 100 the
1492 4812 388 104 second
1956 4812 480 104 German
2508 4812 416 104 edition
2992 4812 140 132 by
3208 4812 380 100 Frank
3660 4808 104 104 J.
3840 4808 172 100 Eb
4016 4808 36 100 l
4060 4844 88 96 e,

368 4988 40 64 f
424 5036 16 20 .
504 4988 100 64 A.
620 5040 20 48 ,
704 4956 364 104 edited
1124 4960 144 128 by
1328 4960 432 100 Arthur
1824 4964 424 100 Preuss.
2400 4960 156 104 St.
2624 4964 364 132 Louis,
3052 4964 260 124 Mo.,
3376 4964 216 96 and
3648 4956 500 132 London,

324 5108 120 96 B.
500 5108 436 100 Herder
984 5108 280 100 book
1316 5144 188 96 co.,
1564 5116 284 92 1930.

448 5276 92 80 x,
596 5264 104 76 60
708 5264 52 76 9
812 5288 80 72 p.
1008 5268 108 72 24
1140 5272 40 40 ͨͫ
1216 5328 16 16 .

456 5372 716 96 Bibliography:
1228 5396 84 72 p.
1368 5376 416 80 586-600.

332 5476 96 88 ©
488 5484 192 76 Oct.
736 5484 76 92 6,
868 5484 268 88 1930;
1192 5484 132 80 2c.
1380 5484 196 80 Oct.
1628 5492 156 80 13;
1844 5484 156 80 aff.
2060 5484 192 80 Oct.
2308 5484 100 92 9;
2468 5488 84 72 A
2600 5484 328 92 29327;
2988 5492 104 72 B.
3152 5488 360 76 Herder
3568 5488 52 72 b
3628 5508 108 56 oo
3744 5488 64 76 k
3856 5508 132 56 co.

480 5592 324 92 (30-28
808 5592 52 80 6
864 5592 152 96 87)
3684 5592 284 92 11446

324 5772 432 104 Grolier
812 5776 284 124 club,
1152 5784 264 96 New
1476 5780 336 100 York.

456 5916 592 136 Catalogue
1132 5924 120 96 of
1336 5924 176 96 the
1592 5924 352 100 works
2028 5924 120 100 of
2232 5924 532 132 Rudyard
2844 5924 232 132 Kip
3080 5924 40 100 l
3128 5924 192 132 ing
3396 5924 548 100 exhibited
4040 5936 100 88 at

320 6068 176 100 the
572 6068 432 100 Grolier
1072 6068 244 100 club
1384 6068 288 100 from
1748 6072 560 112 February
2380 6080 120 92 21
2576 6080 112 92 to
2760 6072 384 104 March
3216 6080 160 124 30,
3452 6076 184 100 192
3612 6080 60 92 9
3720 6156 16 20 .
3884 6072 256 96 New

320 6216 340 132 York,
724 6224 280 96 1930.

448 6368 124 92 xi,
624 6368 164 76 201
840 6392 108 72 p.,
1008 6372 44 72 1
1116 6372 56 76 l.
1284 6372 316 92 front.,
1652 6376 296 72 xxxiv
2000 6396 60 72 p
2064 6376 24 72 l
2092 6436 24 16 .
2172 6372 28 88 (
2220 6376 140 76 inc
2372 6376 56 76 l.
2488 6384 312 84 ports.,
2860 6380 460 88 facsims.)
3452 6380 52 72 2
3512 6380 48 72 5
3552 6372 116 68 ͨͫ.

456 6476 196 76 "An
712 6480 356 76 edition
1128 6480 100 76 of
1284 6480 264 80 three
1612 6480 420 80 hundred
2100 6484 180 76 and
2344 6484 564 92 twenty-five
2976 6488 328 88 copies,
3372 6488 364 88 printed
3804 6512 112 48 on
3980 6488 124 72 Fa

320 6588 48 72 b
380 6588 260 76 riano
700 6608 308 72 paper,
1068 6592 96 72 at
1224 6588 156 80 the
1440 6588 464 92 Plimpton
1960 6612 288 72 press,
2304 6592 512 76 Norwood.
2848 6596 824 76 Massachusetts."

448 6696 476 92 Arranged
980 6696 780 92 chronologically
1812 6700 116 88 by
1980 6704 216 72 date
2244 6700 100 76 of
2392 6704 596 88 publication,
3040 6704 228 76 with
3324 6704 204 76 title
3584 6700 208 76 inde
3804 6728 80 52 x.

448 6804 364 80 "Books
872 6804 280 76 about
1212 6804 448 92 Rudyard
1720 6804 492 92 Kipling":
2276 6828 84 72 p.
2420 6808 412 80 189-192.

336 6896 92 88 ©
500 6920 240 92 Sept.
808 6920 40 72 1
860 6920 52 76 5
912 6972 24 32 ,
996 6920 268 76 1930;
1332 6920 128 76 2c.
1528 6920 244 92 Sept.
1832 6920 52 72 2
1892 6920 52 72 9
1972 6944 16 52 ;
2056 6940 44 56 a
2116 6920 96 76 ff.
2284 6920 240 92 Sept.
2588 6924 160 84 27;
2812 6924 80 72 A
2956 6920 324 88 28549;
3352 6924 76 72 G
3428 6924 180 72 roli
3616 6944 44 52 e
3672 6944 44 52 r
3776 6944 44 52 c
3828 6920 28 68 l
3864 6920 112 72 ub
4048 6920 100 76 of

464 7028 156 80 the
680 7028 188 92 city
932 7028 100 76 of
1092 7032 220 72 New
1376 7032 276 72 York.
1796 7028 320 92 (30-28
2124 7028 48 68 8
2172 7028 160 92 25)
3684 7028 284 80 11447

324 7208 400 120 Grove,
784 7208 604 104 Frederick
1448 7212 404 120 Philip,
1916 7220 328 96 1872

456 7352 228 104 The
756 7352 272 136 yoke
1104 7356 120 100 of
1296 7352 232 132 life,
1600 7356 140 132 by
1812 7356 592 100 Frederick
2476 7356 380 132 Philip
2932 7356 380 104 Grove.
3464 7360 260 104 New
3804 7356 336 104 York,

320 7500 124 104 R.
504 7500 128 104 R.
688 7500 400 136 Smith,
1136 7500 244 132 inc.,
1432 7508 288 100 1930.

2108 7652 52 92 1
2172 7648 192 96 767
