4752 8320
2136 7656 256 104 1197

352 680 396 128 Lewis,
812 680 484 104 William
1360 680 1160 120 Dodge-Continued

356 832 512 132 Chicago,
944 832 780 128 Philadelphia
1812 844 264 112 [etc.]
2164 832 232 100 The
2468 832 304 100 John
2852 828 116 104 C.
3048 828 512 104 Winston
3636 860 536 100 company

388 976 60 88 [
396 992 32 44 ͨ
436 988 260 96 1930
700 1048 28 60 ]

480 1136 184 92 xvi,
708 1136 160 72 507
908 1156 80 72 p.
1100 1136 36 72 i
1140 1136 64 72 ll
1216 1156 132 52 us.
1408 1136 260 88 (part
1708 1156 44 52 c
1760 1156 48 52 o
1816 1136 104 88 l.)
1972 1136 136 72 col
2124 1192 12 16 .
2180 1156 56 72 p
2240 1136 28 72 l
2284 1192 40 28 .,
2368 1152 292 72 maps,
2704 1132 324 76 tables.
3148 1132 276 92 19½ͨͫ.

356 1240 96 92 ©
504 1244 232 92 Aug.
788 1252 68 84 8,
912 1244 264 92 1930;
1232 1244 52 72 2
1292 1268 44 48 c
1344 1304 16 16 .
1412 1244 228 88 Aug.
1688 1244 160 88 16;
1900 1240 92 84 af
1976 1240 60 76 f
2044 1304 16 16 .
2112 1244 228 88 Aug.
2396 1244 156 88 15;
2604 1240 80 76 A
2736 1240 52 76 2
2792 1252 52 72 0
2820 1240 136 84 69
2964 1240 52 76 8
3044 1264 16 68 ;
3116 1240 248 76 John
3416 1240 92 76 C.
3564 1240 428 76 Winston
4040 1260 132 56 co.

3784 1344 232 80 7822

348 1456 536 120 McEvoy,
944 1456 64 100 J
1548 1452 124 104 P.

484 1604 396 132 Denny
960 1604 216 100 and
1260 1604 184 100 the
1528 1604 328 100 dumb
1940 1600 312 104 cluck
2344 1608 48 88 [
2376 1604 196 128 by]
2648 1604 108 104 J.
2840 1604 124 96 P.
3048 1600 504 132 McEvoy
3628 1608 72 108 …
3904 1600 264 100 New

356 1756 336 132 York,
748 1756 376 100 Simon
1184 1756 212 100 and
1456 1752 548 132 Schuster,
2064 1756 284 100 1930.

480 1904 120 92 xi,
656 1904 164 80 208
868 1924 108 72 p.,
1032 1908 48 72 1
1136 1904 52 80 1.
1304 1904 224 80 19m.

356 2012 96 92 ©
504 2020 224 88 July
772 2016 132 88 31,
956 2020 48 72 1
1012 2016 116 80 930
1212 2036 12 68 ;
1276 2020 132 76 2c.
1460 2036 52 56 a
1520 2016 120 76 nd
1696 2032 44 60 a
1756 2012 40 76 f
1772 2012 52 76 f
1836 2072 12 12 .
1904 2016 136 72 Au
2052 2036 56 68 g
2116 2072 12 20 .
2184 2012 100 92 2;
2344 2016 72 72 A
2468 2016 48 72 2
2524 2012 52 76 6
2580 2012 212 92 500;
2852 2016 80 76 J.
2988 2016 92 76 P.
3136 2016 88 72 M
3236 2032 44 56 c
3292 2016 276 88 Evoy,
3624 2016 220 72 New
3896 2012 276 76 York.

504 2128 208 88 (30-
716 2132 48 68 2
772 2128 268 84 0080)
3780 2116 224 84 7823

352 2308 512 120 Madden,
924 2308 352 100 Sister
1332 2308 328 116 Mary
1720 2300 432 108 Daniel.

564 2460 64 112 …
692 2460 232 96 The
996 2492 364 96 pagan
1440 2456 560 104 divinities
2080 2456 212 100 and
2372 2456 284 100 their
2732 2456 480 128 worship
3292 2492 116 64 as
3484 2456 504 132 depicted
4064 2456 116 100 in

356 2608 176 100 the
592 2608 348 100 works
996 2608 128 96 of
1180 2608 320 100 Saint
1556 2604 620 132 Augustine
2232 2600 540 104 exclusive
2824 2608 128 100 of
3004 2608 184 100 the
3248 2604 256 136 City
3564 2608 124 100 of
3740 2600 248 108 God
4064 2608 72 112 …

348 2760 144 132 by
560 2756 344 104 Sister
972 2756 324 132 Mary
1368 2756 396 100 Daniel
1836 2756 484 100 Madden
2384 2764 68 108 …
2660 2752 768 136 Washington,
3500 2756 136 100 D.
3716 2756 156 132 C.,
3944 2756 232 100 The

356 2908 496 104 Catholic
904 2908 608 128 university
1564 2908 120 96 of
1736 2904 544 124 America,
2340 2908 284 96 1930.

484 3068 52 60 x
556 3124 12 28 ,
648 3060 164 76 135
888 3080 84 72 p.
1100 3060 52 72 2
1164 3060 48 76 3
1304 3064 56 36 m
1368 3120 16 16 .
1540 3060 236 88 (The
1860 3056 64 80 C
1932 3060 168 76 ath
2104 3056 84 80 ol
2200 3056 32 76 i
2236 3080 48 56 c
2360 3056 328 80 univer
2700 3080 40 48 s
2748 3056 28 76 i
2792 3064 28 72 t
2828 3080 56 68 y
2964 3080 48 56 o
3020 3056 36 76 f
3136 3060 172 76 Am
3320 3076 44 60 e
3372 3056 80 76 ri
3460 3080 104 56 ca
3576 3124 16 12 .
3732 3056 436 76 Patristie

352 3168 380 80 studies.
852 3172 172 72 vol.
1088 3152 220 88 XXIV
1332 3164 24 96 )

488 3276 328 76 Thesis
872 3276 24 88 (
916 3292 160 56 PH.
1140 3292 56 52 D
1204 3272 200 92 .)—
1408 3276 64 76 C
1484 3296 52 56 a
1552 3280 28 68 t
1592 3276 56 72 h
1656 3280 84 68 ol
1748 3272 32 76 i
1784 3296 48 56 c
1896 3296 56 56 u
1964 3296 56 52 n
2028 3272 388 92 iversity
2484 3272 96 76 of
2644 3272 368 80 Americ
3020 3296 48 56 a
3080 3336 20 28 ,
3164 3272 248 80 1930.

484 3384 720 92 Bibliography:
1268 3404 80 68 p.
1408 3404 56 56 v
1468 3424 44 12 -
1528 3404 52 56 v
1588 3380 96 80 ii.

356 3448 96 108 ©
504 3496 236 76 June
784 3496 72 84 7,
892 3492 116 76 19
1016 3496 48 72 3
1072 3496 52 72 0
1156 3512 16 72 ;
1216 3496 132 72 2c.
1396 3516 48 52 a
1452 3496 124 72 nd
1624 3488 156 80 aff.
1828 3492 240 76 June
2116 3492 152 88 10;
2324 3492 76 72 A
2444 3488 56 76 2
2496 3488 108 80 39
2612 3488 156 92 21;
2820 3492 124 76 Ca
2960 3492 284 76 tholic
3288 3492 248 76 univ.
3584 3512 48 56 o
3640 3492 44 76 f
3724 3492 456 76 America.

504 3604 88 92 (3
596 3600 60 68 0
656 3604 380 84 -19972)
3788 3596 228 84 7824

348 3784 392 120 Malta,
804 3784 508 120 Knights
1372 3784 160 104 of.

484 3936 468 132 History
1040 3936 124 100 of
1248 3940 184 96 the
1520 3932 428 104 ancient
2040 3936 212 100 and
2344 3932 604 104 illustrious
3036 3940 356 128 order,
3476 3932 492 132 Knights
4060 3940 124 100 of

352 4084 384 136 Malta,
784 4088 228 100 also
1064 4084 668 100 declaration
1788 4084 120 100 of
1964 4084 628 132 principles,
2644 4084 592 128 scriptural
3288 4084 620 128 quotations
3964 4088 212 100 and

356 4236 552 128 allusions,
992 4236 496 128 showing
1568 4236 184 96 the
1836 4232 756 104 interrelation
2672 4236 124 96 of
2876 4232 356 100 Malta
3312 4236 216 100 and
3612 4236 184 100 the
3880 4236 304 132 Holy

348 4376 368 112 Word,
780 4376 212 100 and
1052 4376 184 100 the
1296 4376 584 128 scriptural
1944 4408 364 68 source
2368 4376 120 96 of
2544 4376 356 100 Malta
2964 4376 684 132 philosophy.
3784 4376 392 124 Phila.,

352 4536 228 128 Pa.,
632 4532 136 104 A.
820 4532 108 104 J.
984 4532 484 100 Holman
1520 4568 192 96 co.,
1764 4544 32 40 ͨ
1808 4536 120 96 19
1936 4536 60 92 2
2008 4536 84 96 9.

480 4688 108 76 24
636 4704 80 72 p.
832 4684 564 84 18½ͨͫ.

360 4788 92 96 ©
508 4800 212 72 Dec.
772 4796 48 76 2
828 4796 52 76 6
884 4856 16 28 ,
948 4796 48 72 1
1004 4796 56 76 9
1060 4796 156 76 29:
1268 4796 128 76 2c.
1444 4796 180 76 and
1676 4796 96 72 af
1748 4796 60 72 f
1816 4856 16 16 .
1876 4796 84 72 D
1968 4816 48 52 e
2024 4820 44 52 c
2080 4856 12 16 .
2140 4792 156 88 27;
2348 4796 80 72 A
2476 4792 104 76 18
2584 4796 56 72 0
2608 4796 188 88 176;
2852 4796 104 76 A.
3008 4796 84 76 J.
3140 4796 408 76 Holman
3596 4816 128 56 co.

504 4904 536 96 (30-19858)
3792 4904 224 80 7825

356 5088 476 120 Marvill,
892 5088 400 100 Albert
1348 5088 428 120 Henry.

532 5236 72 108 …
676 5232 372 104 Banks
1116 5228 212 100 and
1396 5228 536 132 banking;
2008 5232 180 96 the
2260 5232 480 104 business
2808 5264 248 64 man
3128 5232 216 96 and
3408 5232 172 104 his
3648 5228 320 132 bank,
4036 5232 140 128 by

356 5380 380 100 Albert
788 5380 144 100 H.
988 5376 452 104 Marvill
1532 5380 64 112 …
1684 5376 576 132 foreword,
2312 5376 832 132 interpolations
3204 5380 216 100 and
3476 5380 500 104 addenda
4032 5384 140 128 by

348 5524 212 136 Joy
636 5528 124 100 L.
836 5528 500 100 Leonard
1396 5532 64 108 …
1692 5596 24 64 [
1728 5528 812 132 Philadelphia]
2628 5528 620 132 LaFayette
3324 5528 532 132 institute,
3940 5532 228 96 inc.,

348 5676 328 100 01930.

480 5836 104 76 48
636 5856 80 72 p.
832 5836 280 80 25½ͨͫ.

480 5948 120 72 At
664 5948 240 76 head
968 5948 100 76 of
1128 5948 256 76 title:
1460 5944 336 92 Supple
1800 5964 84 56 m
1896 5948 328 92 entary
2296 5948 224 76 text.

360 6032 96 88 ©
512 6056 84 68 M
612 6076 116 68 ay
776 6060 44 72 1
832 6056 48 76 9
892 6116 12 20 ,
960 6056 44 72 1
1016 6056 48 76 9
1068 6056 48 76 3
1128 6060 52 72 0
1212 6076 12 60 ;
1280 6056 128 76 2c.
1464 6076 48 56 a
1520 6056 128 76 nd
1700 6076 48 56 a
1760 6056 96 76 ff.
1908 6056 220 88 May
2176 6056 160 84 27;
2392 6056 80 72 A
2520 6056 328 88 23670;
2908 6056 132 76 La
3048 6056 68 68 F
3128 6060 312 88 ayette
3492 6056 92 76 in
3592 6084 44 48 s
3644 6060 184 72 titu
3836 6064 36 72 t
3880 6080 60 52 e.
4004 6060 172 76 inc.

488 6204 24 56 [
532 6144 80 92 ©
660 6164 488 88 foreword,
1192 6164 396 92 interpol
1600 6188 52 52 a
1664 6164 244 76 tions
1952 6168 180 72 and
2176 6184 52 56 a
2236 6164 56 76 d
2300 6168 56 72 d
2368 6188 44 52 e
2420 6188 56 48 n
2488 6168 52 72 d
2540 6156 48 68 a
2612 6224 16 32 ,
2676 6168 116 88 by
2836 6168 180 92 Joy
3048 6168 96 72 L.
3192 6168 76 72 L
3272 6184 44 56 e
3324 6168 320 92 onard]

504 6268 536 100 (30-19953)
3788 6272 228 84 7826

356 6448 476 128 Marvin,
892 6452 464 124 Dwight
1416 6456 580 120 Edwards,
2060 6464 312 96 1851

504 6600 428 132 Sakira,
1028 6604 212 100 and
1344 6608 308 96 other
1752 6636 400 96 poems,
2248 6600 148 132 by
2492 6604 464 132 Dwight
3056 6608 540 100 Edwards
3696 6608 472 100 Marvin.

368 6748 504 128 Summit,
924 6752 140 100 N.
1120 6752 144 128 J.,
1324 6756 288 96 1930.

492 6908 48 72 6
544 6908 52 72 0
652 6928 80 72 p.
848 6908 104 76 18
960 6908 164 92 ½ͨͫ.

360 6992 92 88 ©
508 7016 220 92 July
776 7016 132 76 26,
960 7016 260 76 1930;
1288 7016 128 76 2c.
1468 7020 220 88 July
1740 7016 156 84 31;
1952 7016 156 76 aff.
2164 7020 220 88 July
2436 7020 152 76 30;
2648 7020 76 72 A
2772 7020 52 72 2
2828 7016 52 68 6
2884 7016 216 92 491;
3156 7020 108 72 D.
3316 7020 84 72 R
3396 7044 16 44 .
3468 7020 388 72 Marvin.
3924 7020 52 76 S
3992 7040 52 56 u
4052 7040 124 52 m

484 7124 192 84 mit,
720 7124 104 76 N.
872 7128 84 72 J.
1076 7124 320 96 (30-19
1396 7124 56 76 9
1456 7124 152 84 13)
3780 7124 224 80 7827

356 7272 508 104 Michie's
928 7284 348 128 digest
1344 7284 124 100 of
1528 7284 504 128 Virginia
2104 7288 216 100 and
2380 7284 308 104 West
2748 7284 516 132 Virginia
3328 7296 460 120 reports,
3848 7284 324 132 being

492 7464 56 60 a
616 7424 524 136 complete
1204 7468 48 64 e
1260 7432 700 132 ncyclopela
2032 7436 212 100 and
2316 7432 352 112 digest
2732 7436 124 100 of
2916 7436 148 100 all
3128 7436 184 100 the
3380 7432 512 132 Virginia
3956 7436 216 100 and
