4800 8268
2356 7732 196 108 672

544 692 628 132 Hennings,
1240 692 1196 128 Emmy-Continued

556 856 96 92 ©
724 860 228 76 Nov.
1016 856 132 96 22,
1208 852 280 92 1929;
1560 856 128 92 1c.
1756 856 208 76 Jan.
2032 852 136 88 27.
2236 848 44 76 1
2288 848 52 80 9
2348 848 156 92 30;
2576 848 604 92 A-Foreign
3248 844 272 96 6272;
3596 844 92 80 S.
3752 844 396 76 Fischer
4208 860 200 60 ver-

688 968 180 96 lag,
924 988 204 80 a.-g.
1256 964 540 96 (30-12028)
4004 944 176 84 445
4192 944 56 84 0

552 1148 456 128 Herold,
1068 1148 284 124 Don,
1424 1156 324 96 1889-

684 1312 448 120 strange
1220 1300 704 128 bedfellows;
2024 1332 184 100 my
2304 1292 656 136 crazy-quilt
3056 1288 548 136 memoirs,
3692 1284 728 108 life-maxims

552 1456 216 100 and
824 1452 576 132 what-not,
1456 1452 144 132 by
1656 1452 216 100 don
1932 1448 416 100 herold.
2492 1448 272 100 New
2820 1444 352 136 York,
3224 1444 420 100 Farrar
3700 1444 88 96 &
3840 1436 580 136 Rinehart,

548 1600 772 132 incorporated
1388 1604 340 124 [ͨ1930
1736 1660 24 68 ]

684 1776 84 72 x,
824 1756 52 76 2
884 1756 48 76 5
940 1756 60 76 0
1048 1780 84 72 p.
1244 1752 176 80 illu
1424 1772 72 60 s.
1612 1752 224 80 24ͨͫ.

560 1888 100 96 ©
728 1892 224 96 Apr.
1020 1892 44 76 1
1076 1892 56 80 8
1136 1952 16 32 ,
1220 1888 272 92 1930;
1564 1892 128 80 2c.
1760 1888 220 96 Apr.
2052 1888 160 92 19;
2284 1888 160 80 aff.
2512 1888 220 92 Apr.
2800 1888 164 88 21;
3036 1884 80 76 A
3184 1884 220 80 2301
3412 1884 56 76 6
3496 1904 16 72 ;
3592 1880 112 84 D.
3776 1880 380 96 Herold,
4228 1880 184 80 Los

688 2004 424 92 Angeles.
1240 2000 544 96 (30-11603)
4012 1988 236 84 4451

544 2184 576 124 Highway
1180 2180 708 128 conference,
1960 2188 108 100 U
2068 2220 72 64 n
2140 2184 336 104 iversi
2480 2192 48 92 t
2528 2224 72 96 y
2660 2188 124 132 of
2844 2180 580 108 Colorado.

740 2336 64 112 …
868 2340 424 128 Papers
1348 2336 580 132 presented
1988 2348 116 84 at
2164 2336 180 104 the
2404 2336 116 96 H
2528 2336 444 132 ighway
3036 2332 644 104 conference
3740 2332 252 100 held
4060 2340 108 88 at
4232 2332 192 100 the

552 2488 644 132 University
1300 2488 124 100 of
1532 2484 544 104 Colorado
2180 2520 140 68 on
2424 2488 508 132 January
3044 2484 252 100 16th
3400 2488 216 96 and
3728 2480 288 136 17th,
4128 2484 288 100 1930.

556 2636 508 128 [Denver,
1144 2636 268 120 Col.,
1480 2636 628 104 Welch-Ha
2116 2632 84 104 ff
2204 2672 196 68 ner
2472 2632 512 136 printing
3056 2668 576 100 company,
3712 2636 260 96 1930
3980 2696 24 68 ]

688 2792 168 80 105
908 2816 88 72 p.
1108 2792 108 80 23
1220 2796 88 44 ͨͫ
1316 2856 20 16 .

692 2932 572 76 Cover-title.

564 3064 96 88 ©
740 3072 100 76 M
844 3088 132 60 ar.
1044 3068 136 92 28,
1256 3064 268 96 1930;
1600 3068 132 76 2c.
1804 3068 220 92 Apr.
2100 3068 100 88 1;
2276 3064 156 80 aff.
2512 3064 232 76 Mar.
2820 3064 160 92 31;
3056 3064 84 76 A
3208 3060 336 96 21530;
3620 3064 624 92 Department
4320 3060 100 80 of

692 3176 216 80 civil
964 3176 336 96 engine
1300 3196 56 60 e
1360 3176 232 96 ring,
1652 3176 440 96 Boulder,
2152 3176 68 80 C
2224 3196 52 60 o
2284 3176 60 80 l.
4016 3164 240 84 4452

548 3360 644 104 Hildreth's
1260 3364 860 104 Massachusetts
2192 3360 392 136 digest.
2728 3400 100 64 v.
2908 3368 88 96 6.
3164 3356 368 136 (With
3608 3356 816 136 chronological

680 3512 608 104 references
1348 3512 516 136 covering
1920 3516 184 100 the
2164 3524 252 120 past
2476 3512 720 132 thirty-eight
3252 3512 372 136 years)
3784 3508 636 104 Massachu-

680 3704 48 64 s
736 3700 52 68 e
796 3676 148 92 tt,
1000 3668 528 128 Supreme
1580 3676 304 92 court
1940 3676 460 120 reports,
2452 3668 484 100 volumes
2988 3668 332 96 258-2
3332 3668 56 96 6
3396 3668 56 96 3
3508 3660 564 136 inclusive,
4132 3664 288 100 1930.

684 3820 92 96 B
788 3856 72 96 y
988 3820 432 100 Walter
1544 3816 636 100 Alexander
2312 3816 320 100 Ladd
2776 3896 108 16 ...
3040 3812 484 104 Limited
3660 3816 164 100 ed.
3972 3812 456 132 Boston,

688 3968 464 104 Printed
1208 3968 148 132 by
1420 3964 116 108 C.
1600 3968 144 96 H.
1816 3964 520 108 Simonds
2392 4000 576 100 company,
3032 3968 292 96 1930.

692 4116 160 84 216
920 4144 84 72 p.
1120 4120 112 84 26
1232 4124 32 44 ͨͫ
1328 4184 20 20 .

568 4252 96 92 ©
736 4260 232 76 Mar.
1036 4260 136 92 15,
1232 4256 276 92 1930;
1576 4260 132 76 2c.
1772 4260 188 76 and
1952 4272 56 64 ti
2024 4256 156 80 aff.
2252 4256 220 96 Apr.
2540 4256 156 92 17;
2768 4256 80 76 A
2912 4256 332 92 21891;
3320 4256 380 96 Eugene
3764 4256 140 80 W.
3972 4252 448 80 Hildreth

696 4372 184 76 and
936 4372 364 76 Walter
1348 4372 108 76 A.
1504 4372 292 88 Ladd,
1852 4372 384 76 Boston.
4024 4360 240 84 4453

560 4552 504 124 Holmes,
1124 4548 596 104 Fenwicke
1780 4548 540 128 Lindsay,
2388 4560 316 96 1883-

692 4704 200 136 My
952 4704 280 104 book
1300 4708 120 100 of
1480 4716 648 92 treatments
2208 4708 116 132 (a
2388 4700 660 136 companion
3112 4708 432 100 volume
3608 4708 128 100 of
3792 4700 456 132 "Lyrics
4308 4700 128 104 of

560 4856 204 108 life
836 4860 216 100 and
1128 4856 364 132 love")
1584 4856 144 136 by
1804 4852 580 108 Fenwicke
2456 4856 128 104 L.
2660 4856 492 104 Holmes.
3296 4856 272 100 New
3644 4856 348 132 York,
4064 4856 104 104 R
4180 4936 16 20 .
4276 4856 156 104 M.

556 5008 536 104 McBride
1148 5012 88 96 &
1292 5044 576 96 company,
1932 5012 284 96 1930.

680 5164 60 72 2
784 5188 84 72 p.
920 5156 32 76 1
956 5224 48 32 .,
1060 5200 20 60 [
1088 5148 248 92 7]-91
1392 5184 80 72 p.
1588 5164 108 76 13
1712 5156 112 84 ½ͨͫ
1856 5224 20 16 .

568 5268 96 92 ©
720 5276 220 92 Apr.
992 5276 40 72 1
1052 5276 72 92 1,
1180 5272 268 92 1930;
1508 5272 128 80 2c.
1688 5272 224 96 Apr.
1964 5276 160 92 21;
2180 5272 160 80 aff.
2396 5272 216 96 Apr.
2668 5272 160 96 19;
2888 5272 80 76 A
3016 5272 336 96 21976;
3412 5272 100 80 F.
3568 5272 100 80 L.
3724 5272 412 92 Holmes,
4196 5272 224 80 New

696 5384 280 80 York.
1108 5384 544 96 (30-11524)
4032 5380 236 84 4454

560 5568 380 124 Joerg,
1004 5564 620 128 Wolfgang
1688 5564 348 104 Louis
2104 5564 624 128 Gottfried,
2800 5576 316 96 1885-
3552 5568 164 104 ed.

688 5716 232 104 The
988 5716 304 100 work
1356 5716 128 104 of
1544 5716 184 100 the
1796 5716 312 132 Byrd
2176 5716 584 104 Antarctic
2828 5716 676 132 expedition,
3576 5720 528 100 1928-193
4116 5720 64 100 0
4188 5800 24 48 ,
4276 5716 148 136 by

548 5868 176 104 W.
772 5868 124 100 L.
948 5864 100 108 G
1064 5948 20 20 .
1132 5864 348 132 Joerg
1532 5948 108 20 ...
1768 5868 272 100 New
2092 5864 348 132 York,
2488 5864 600 104 American
3140 5864 792 136 geographical
3976 5868 448 136 society,

556 6024 288 96 1930.

688 6172 52 80 3
796 6196 84 72 p.
932 6172 88 92 1.,
1076 6172 100 76 71
1232 6192 84 72 p.
1432 6172 248 76 illus.
1736 6172 200 92 (fac
1940 6192 48 56 s
1996 6172 204 92 im.)
2264 6192 272 72 maps
2608 6172 100 96 (2
2756 6172 44 76 f
2804 6192 52 60 o
2860 6172 176 96 ld.)
3168 6160 224 88 25ͨͫ.

696 6280 132 76 "A
888 6280 408 92 running
1360 6284 392 72 account
1820 6340 92 20 ...
1972 6280 388 80 derived
2416 6280 252 80 from
2740 6340 92 20 ...
2896 6280 268 80 radio
3224 6300 476 76 messages
3764 6280 440 96 covering
4268 6284 160 80 the

556 6388 696 80 achievements
1316 6392 188 72 and
1576 6392 568 76 adventures
2216 6388 100 76 of
2388 6392 160 76 the
2620 6388 536 96 expedition
3232 6388 308 84 which
3608 6412 252 56 were
3928 6392 496 92 published

556 6500 96 76 in
716 6500 156 76 the
932 6500 228 76 New
1220 6496 252 76 York
1536 6496 276 80 times
1876 6496 96 80 in
2036 6500 164 76 the
2260 6520 332 56 course
2656 6496 100 80 of
2820 6500 164 80 the
3044 6500 188 76 two
3300 6496 844 96 years."-Introd.

572 6604 96 92 ©
724 6612 216 92 Apr.
992 6608 128 84 15,
1180 6608 268 92 1930;
1500 6608 132 80 2c.
1684 6608 220 92 Apr.
1956 6608 48 76 1
2012 6608 52 80 9
2096 6632 20 68 ;
2176 6608 156 80 aff.
2384 6608 220 96 Apr.
2660 6608 156 92 18;
2872 6608 84 76 A
3004 6608 332 96 22217;
3392 6608 312 80 Amer.
3756 6608 660 96 geographical

704 6740 44 56 s
748 6740 48 68 o
812 6740 68 56 c.
932 6716 104 80 of
1084 6720 228 76 New
1360 6720 280 76 York.
1768 6716 540 96 (30-11580)
4000 6716 232 80 4455

560 6896 548 128 Johnson,
1172 6900 632 124 Amandus,
1876 6900 312 112 1877-
2624 6904 164 100 ed.
2852 6908 224 104 and
3140 6916 132 96 tr.

700 7052 232 104 The
984 7052 680 104 Instruction
1720 7052 180 104 for
1948 7056 372 104 Johan
2368 7056 428 132 Printz,
2844 7088 272 96 gove
3128 7092 128 64 rn
3264 7092 124 64 or
3436 7060 132 100 of
3612 7056 268 100 New
3936 7052 496 128 Sweden,

568 7200 248 104 "the
868 7196 240 108 first
1160 7204 716 104 constitution
1932 7244 124 64 or
2104 7240 504 96 supreme
2656 7208 216 96 law
2924 7204 124 100 of
3096 7204 188 104 the
3336 7216 332 96 states
3720 7204 128 104 of
3896 7204 532 132 Pennsyl-

568 7348 328 108 vania
944 7356 216 100 and
1208 7352 696 128 Delaware";
1956 7360 608 96 translated
2616 7356 296 104 from
2956 7356 184 100 the
3188 7352 536 140 Swedish,
3772 7356 268 100 with
4088 7356 344 104 intro-

572 7504 480 132 duction,
1100 7516 308 88 notes
1456 7508 216 96 and
1724 7504 692 136 appendices,
2464 7504 576 136 including
3088 7508 372 104 letters
3512 7508 296 100 from
3860 7504 572 108 Governor
