4800 8268
428 672 572 124 Dunham,
1064 676 492 100 Howard
1624 672 352 120 Floyd
1980 732 148 16 —
2136 676 624 100 Continued

548 832 164 92 xii,
772 832 164 76 395
992 852 84 72 p.
1132 832 96 76 in
1232 852 48 56 c
1284 836 64 72 l.
1400 832 288 76 front.
1804 828 504 88 19ͨū.

424 960 96 96 ©
588 968 216 76 Feb.
860 968 48 72 1
916 968 52 76 3
980 1028 16 32 ,
1056 964 272 88 1930;
1392 964 132 80 2c.
1580 972 100 76 M
1684 984 132 56 ar.
1880 968 104 84 1;
2048 964 156 76 aff.
2268 964 216 76 Feb.
2544 964 160 88 28;
2768 964 80 76 A
2908 964 328 92 20022;
3304 964 716 88 Prentice-Hall.
4096 968 96 76 in
4196 988 48 56 c
4252 1028 16 16 .

568 1076 128 88 [©
772 1076 400 92 preface,
1244 1076 572 88 vocabulary
1888 1076 184 72 and
2144 1096 60 52 n
2212 1076 204 72 otes
2480 1076 120 88 by
2672 1076 120 72 H.
2868 1072 100 80 F.
3040 1076 496 92 Dunham;
3612 1076 472 76 foreword
4156 1072 120 96 by

560 1184 464 80 Fortunat
1084 1184 484 92 Strowski]
1700 1180 480 96 (30-6746)
3880 1180 108 84 18
4000 1180 112 84 30

424 1364 88 96 F
520 1364 100 96 lo
628 1396 60 64 r
692 1360 36 100 i
736 1364 148 100 da
956 1368 216 100 and
1256 1364 80 108 S
1344 1400 56 68 o
1408 1364 396 104 uthern
1888 1372 496 120 reporter
2464 1364 388 132 digest,
2932 1364 516 136 covering
3528 1372 148 96 all
3752 1400 52 68 c
3816 1404 228 64 ases
4124 1404 156 64 re-

560 1520 392 128 ported
1012 1516 112 100 in
1188 1516 92 96 F
1288 1516 36 96 l
1336 1512 304 104 orida
1712 1524 428 120 reports
2200 1516 220 100 and
2488 1512 552 104 Southern
3100 1528 496 120 reporter
3660 1524 60 104 …
3936 1552 88 64 v.
4088 1524 64 92 2
4164 1524 120 104 1—

556 1672 160 96 24.
868 1664 156 108 St.
1088 1668 324 128 Paul,
1468 1664 388 128 Minn.,
1912 1664 308 104 West
2280 1664 644 132 publishing
2984 1700 116 68 co
3116 1748 20 20 .
3208 1664 132 112 [ͨ1
3352 1672 124 96 92
3488 1672 84 104 9]

544 1824 56 76 4
656 1844 60 56 v
724 1884 12 16 .
852 1824 504 84 26ͨū.

556 1956 136 80 CO
688 1972 404 60 NTENTS
1068 2000 136 32 .—
1204 1976 60 56 v
1268 2012 24 20 .
1392 1952 132 80 21.
1628 1956 752 76 Names-Patent
2480 1952 532 80 medicines.
3016 2000 120 12 —
3136 1976 84 60 v.
3324 1952 140 80 22.
3568 1960 132 72 Pa
3712 1960 32 72 t
3752 1960 520 76 ents-Pris-

424 2088 292 56 oners.
724 2108 100 12 —
828 2084 88 60 v.
968 2060 144 84 23.
1164 2064 1088 92 Prisons-Reading.—v.
2308 2060 140 80 24.
2508 2068 232 72 Real
2796 2064 864 92 actions-Security
3716 2068 552 92 companies.

424 2196 96 96 ©
584 2200 216 76 Dec.
856 2200 136 96 21,
1052 2200 164 76 192
1220 2204 56 76 9
1304 2220 20 72 ;
1388 2200 132 76 2c.
1580 2200 228 76 each
1872 2200 212 76 Jan.
2144 2200 132 92 15,
2340 2200 272 88 1930;
2680 2200 204 80 affs.
2948 2200 216 80 Jan.
3224 2204 52 72 1
3280 2200 60 76 3
3368 2224 16 72 ;
3452 2204 80 72 A
3592 2200 668 96 17891-17894;

548 2312 260 76 West
864 2312 212 92 pub.
1136 2332 128 56 co.
3556 2308 532 84 1831-1834

420 2492 572 124 Foerster,
1048 2492 552 120 Norman,
1664 2492 332 104 1887-
2416 2492 164 100 ed.

556 2640 672 104 Humanism
1292 2640 224 100 and
1576 2636 572 132 America;
2224 2672 360 100 essays
2648 2672 144 72 on
2860 2640 184 104 the
3112 2640 448 104 outlook
3624 2640 128 104 of
3816 2644 448 100 modern

424 2792 704 128 civilisation,
1196 2788 368 104 edited
1628 2788 144 132 by
1840 2788 500 100 Norman
2408 2788 540 100 Foerster.
3092 2788 268 104 New
3432 2788 352 132 York,
3856 2792 420 100 Farrar

424 2944 216 100 and
696 2940 580 128 Rinehart,
1328 2936 776 132 incorporated
2172 2940 480 112 [ͨ1
2312 2940 224 100 930]

548 3096 196 80 xvii
808 3120 108 72 p.,
980 3096 52 80 3
1092 3100 32 72 l
1136 3160 44 28 .,
1240 3096 280 80 3-294
1584 3116 84 72 p.
1784 3092 596 92 22½ͨū.

548 3232 140 76 "A
740 3232 168 76 list
964 3232 104 76 of
1124 3232 396 76 books":
1588 3248 80 72 p.
1732 3228 424 80 291-294.

552 3368 64 76 C
624 3388 56 56 O
684 3384 316 56 NTENT
1036 3372 44 68 S
1064 3424 20 16 .
1112 3384 84 40 —
1204 3364 420 88 Preface,
1704 3364 116 92 by
1896 3364 416 76 Norman
2392 3364 468 76 Foerster.
2860 3408 116 8 —
2980 3360 192 80 The
3256 3364 588 96 pretensions
3920 3364 100 80 of
4100 3368 164 76 sci-

416 3496 248 72 ence,
712 3476 120 92 by
880 3476 96 76 L.
1028 3476 100 76 T.
1180 3468 1024 80 More.—Humanism:
2260 3492 124 56 an
2432 3492 276 72 essay
2760 3476 100 72 at
2912 3472 516 96 definition,
3480 3476 116 88 by
3656 3476 324 92 Irving
4036 3476 228 76 Bah-

416 3584 524 80 bitt.-The
1016 3580 440 92 humility
1532 3580 104 76 of
1708 3600 420 56 common
2204 3600 296 68 sense,
2580 3580 116 92 by
2776 3580 100 80 P.
2956 3584 104 72 E.
3140 3584 288 76 More.
3428 3628 120 8 —
3548 3584 196 76 The
3824 3584 264 92 pride
4168 3584 96 76 of

416 3692 552 92 modernity,
1052 3692 120 92 by
1256 3688 108 80 G.
1448 3692 104 76 R.
1640 3688 912 92 Elliott.-Religion
2640 3688 400 80 without
3128 3688 560 96 humanism,
3780 3692 116 92 by
3984 3692 96 80 T.
4176 3688 88 80 S.

416 3800 276 80 Eliot.
700 3844 116 12 —
820 3800 192 80 The
1076 3796 308 96 plight
1448 3800 104 76 of
1616 3820 52 56 o
1676 3820 60 52 u
1744 3820 44 52 r
1856 3800 228 88 arts,
2152 3800 120 88 by
2344 3800 100 80 F.
2516 3800 84 72 J.
2672 3796 404 96 Mather,
3148 3800 120 92 jr.
3268 3844 120 12 —
3388 3800 192 76 The
3652 3800 436 76 dilemma
4168 3800 96 80 of

416 3908 380 80 modern
852 3908 416 92 tragedy,
1324 3908 120 92 by
1496 3908 108 76 A.
1660 3908 104 80 R.
1820 3904 824 96 Thompson.-An
2700 3908 500 76 American
3260 3908 420 92 tragedy,
3740 3908 112 92 by
3916 3908 348 80 Robert

416 4016 372 80 Shafer.
796 4060 112 12 —
908 4016 264 76 Pand
1180 4036 52 56 o
1240 4036 44 52 r
1292 4036 52 56 a
1356 4016 68 76 's
1484 4016 176 76 box
1712 4016 100 76 in
1864 4016 504 76 American
2420 4016 344 92 fiction,
2824 4016 120 92 by
3000 4016 116 80 H.
3176 4016 116 80 H.
3352 4008 912 100 Clark.-Dionysus

412 4124 100 80 in
560 4124 396 92 dismay,
1012 4124 112 92 by
1180 4124 84 80 S.
1320 4124 96 76 P.
1472 4124 324 80 Chase.
1808 4152 108 24 —
1924 4124 192 76 Our
2168 4124 372 80 critical
2592 4124 576 92 spokesmen,
3224 4124 116 92 by
3400 4124 100 80 G.
3556 4124 108 80 B.
3724 4128 540 76 Munson.-

416 4232 532 80 Behaviour
1016 4232 188 80 and
1268 4232 556 92 continuity,
1892 4232 116 92 by
2080 4232 424 76 Bernard
2572 4232 416 80 Bandler
3068 4228 408 92 II.—The
3544 4236 212 76 well
3828 4232 100 80 of
4000 4232 260 80 disci-

416 4340 276 96 pline,
752 4344 120 92 by
940 4340 84 80 S.
1092 4340 104 80 B.
1264 4340 72 80 G
1344 4360 160 60 ass
1508 4400 16 20 .
1532 4340 540 92 —Courage
2140 4340 180 80 and
2384 4340 528 92 education,
2976 4340 124 96 by
3164 4340 108 80 R.
3340 4340 96 80 L.
3504 4344 368 76 Brown.

416 4468 96 96 ©
572 4472 212 84 Feb.
836 4476 132 88 21,
1024 4472 272 92 1930;
1352 4476 132 76 2c.
1540 4476 184 76 and
1776 4472 160 80 aff.
1988 4476 216 76 Feb.
2260 4476 160 88 24;
2476 4480 80 72 A
2612 4472 328 92 19728;
3004 4476 360 76 Farrar
3412 4476 72 76 &
3536 4476 480 84 Rinehart.
4084 4476 172 76 inc.

560 4584 216 96 (30-
780 4588 56 72 6
836 4584 212 92 560)
3868 4580 232 84 1835

412 4768 272 124 Fox,
740 4768 536 124 Howard,
1336 4768 328 104 1873-

576 4912 64 120 …
704 4916 504 100 Diseases
1256 4912 128 104 of
1424 4916 184 100 the
1652 4912 248 104 skin
1948 4916 112 100 in
2108 4912 464 136 infancy
2620 4916 212 104 and
2888 4916 172 100 chi
3068 4916 40 96 l
3116 4916 404 128 dhood,
3568 4916 144 132 by
3760 4916 424 100 Howar
4192 4916 64 104 d

400 5068 240 100 Fox
696 5076 64 104 …
976 5068 192 96 112
1240 5064 764 104 illustrations.
2144 5068 272 96 New
2488 5064 348 132 York,
2904 5068 504 128 London,
3476 5068 140 100 D.
3688 5064 568 132 Appleton

400 5216 220 104 and
676 5248 576 96 company,
1316 5216 288 100 1930.

536 5372 260 92 xxix,
848 5368 172 80 372
1072 5392 80 72 p.
1268 5368 252 80 illus.
1632 5368 564 92 25½ͨū.
2056 5364 436 100 (Clinical
2552 5368 512 96 pediatrics
3132 5376 56 88 …
3280 5392 44 56 s
3332 5392 56 56 u
3396 5368 480 96 pervising
3928 5368 332 100 editor,

404 5480 104 76 R.
568 5480 56 80 S
636 5540 16 20 .
704 5480 388 92 Haynes
1176 5480 64 84 …
1340 5480 116 76 vo
1460 5480 60 76 l.
1628 5476 192 96 XVI)

540 5612 676 92 Bibliography
1260 5616 100 76 at
1408 5612 180 80 end
1636 5612 100 80 of
1784 5612 228 80 each
2064 5612 388 92 chapter
2504 5620 328 84 except
2888 5612 164 80 the
3100 5616 208 76 last.

412 5744 96 92 ©
572 5752 216 80 Feb.
848 5752 132 88 25,
1040 5748 228 80 1930
1284 5760 20 68 ;
1376 5752 132 72 2c.
1568 5752 188 72 and
1816 5744 156 84 aff.
2036 5752 216 76 Feb.
2312 5752 160 88 27;
2536 5748 80 76 A
2672 5748 332 92 19785;
3072 5752 112 76 D.
3248 5752 464 88 Appleton
3772 5752 72 76 &
3904 5768 132 60 co.

560 5860 484 96 (30-6717)
3860 5852 236 88 1836

408 6036 540 128 Gibbons,
1008 6040 500 100 Herbert
1568 6036 476 128 Adams,
2112 6052 328 92 1880-

620 6188 64 112 …
748 6188 744 104 Nationalism
1580 6188 220 100 and
1892 6188 1040 128 internationalism,
3020 6188 144 132 by
3260 6188 488 104 Herbert
3836 6188 416 104 Adams

396 6336 492 104 Gibbons
980 6344 68 108 …
1220 6336 268 104 New
1556 6336 348 128 York,
1968 6336 600 104 Frederick
2636 6336 140 100 A.
2852 6336 388 104 Stokes
3316 6368 576 100 company,
3964 6340 288 96 1930.

532 6492 128 92 xi,
724 6496 160 76 273
944 6512 84 72 p.
1144 6488 560 88 19½ͨū.
1560 6488 368 96 (World
1992 6488 272 96 unity
2324 6488 408 96 library)

408 6620 96 96 ©
568 6628 212 76 Feb.
832 6628 132 92 19,
1020 6628 272 92 1930;
1348 6628 132 80 2c.
1532 6632 188 72 and
1772 6628 160 76 aff.
1988 6628 212 80 Feb.
2256 6628 160 88 24;
2476 6632 80 72 A
2608 6628 328 92 18885;
3004 6628 504 76 Frederick
3560 6628 108 76 A.
3728 6628 332 76 Stokes
4116 6640 44 68 c
4168 6652 52 52 o
4228 6688 16 16 .

560 6736 480 96 (30-6521)
3856 6732 232 84 1837

408 6916 560 124 Glasgow,
1028 6916 356 108 Alice.

536 7064 416 132 Bright
1004 7060 324 136 tiger,
1384 7064 144 132 by
1588 7064 316 104 Alice
1964 7064 552 132 Glasgow.
2648 7064 268 104 New
2980 7064 348 132 York,
3388 7064 124 104 L.
3572 7060 684 132 MacVeagh,

400 7212 236 104 The
688 7208 220 104 Dia
916 7212 40 100 l
1008 7244 356 96 press;
1424 7216 224 96 Tor
1652 7244 60 68 o
1720 7224 124 88 nt
1852 7248 56 64 o
1924 7296 24 48 ,
2000 7216 668 128 Longmans,
2724 7212 100 104 G
2836 7248 252 68 reen
3140 7216 88 100 &
3280 7252 52 64 c
3340 7248 60 68 o
3412 7292 60 48 .,
3524 7220 192 96 193
3724 7220 64 96 0
3796 7296 20 20 .

536 7372 48 76 5
636 7392 88 72 p.
772 7376 88 84 1.,
912 7372 284 76 3-309
1244 7392 84 72 p.
1444 7368 556 88 19½ͨū.

412 7468 96 92 ©
568 7480 216 76 Feb.
840 7480 136 88 21,
1036 7480 268 88 1930;
1368 7480 128 76 2c.
1556 7480 100 76 M
1660 7500 136 56 ar.
1852 7480 100 88 1;
2020 7480 160 76 aff.
2240 7480 216 76 Feb.
2516 7480 156 88 26;
2740 7480 80 72 A
2876 7480 328 88 19820;
3272 7480 220 76 Dial
3556 7500 288 72 press,
3904 7480 180 76 inc.

560 7584 484 96 (30-6542)
3856 7580 228 84 1838

2192 7688 200 104 279
