4752 8320
2272 7672 268 108 2074

528 672 584 128 Marshall,
1172 672 476 124 Murray
1700 668 572 108 Linwood.

660 820 448 104 Colonel
1164 816 456 108 Charles
1668 816 140 104 A.
1860 816 680 136 Lindbergh,
2592 820 216 100 and
2864 820 312 104 other
3224 832 476 120 sonnets,
3728 820 148 136 by
3908 820 464 136 Murray

520 968 532 104 Linwood
1124 968 572 100 Marshall.
1836 964 620 136 Landover,
2524 968 124 100 M
2652 968 140 128 d.,
2868 976 292 96 1930.

660 1160 20 60 [
688 1120 108 80 15
804 1160 20 60 ]
892 1144 84 72 p.
1092 1120 288 80 front.
1436 1120 328 96 (port.)
1900 1124 44 72 1
1952 1116 512 84 9ͨͫ.

660 1256 312 80 "First
1028 1256 440 80 edition."

652 1360 180 84 "Of
892 1364 192 80 this
1148 1364 356 76 edition
1564 1360 52 76 2
1624 1360 52 76 0
1684 1364 48 76 0
1796 1364 304 92 copies
2164 1364 236 80 have
2468 1364 228 80 been
2756 1364 376 92 printed
3196 1364 100 80 of
3356 1364 244 80 whic
3604 1372 56 72 h
3728 1364 192 80 this
3988 1372 84 72 is
4140 1388 228 72 copy

516 1472 384 80 number
956 1472 136 76 2."

528 1604 96 92 ©
700 1612 228 76 Nov.
1008 1612 48 76 2
1056 1616 56 80 it
1212 1604 268 96 1930;
1556 1604 52 76 2
1616 1628 48 56 e
1672 1668 16 16 .
1764 1608 216 76 Dec.
2052 1612 104 88 3;
2236 1604 160 84 aff.
2472 1608 216 80 Dec.
2764 1612 100 88 1;
2944 1612 84 76 A
3096 1608 332 96 30978;
3536 1616 92 76 1.
3708 1612 100 80 L.
3884 1616 488 92 Marshall,

652 1720 512 76 Landover.
1228 1736 96 76 M
1328 1720 84 76 d.
1552 1720 28 76 (
1596 1716 496 100 30-32871)
3900 1720 296 84 13344

520 1960 952 100 Massachusetts.
1620 1960 440 132 Special
2116 1960 692 104 commission
2864 1996 140 64 on
3064 1964 180 104 the
3300 1964 660 104 celebration
4016 1968 124 132 of
4192 1964 180 104 the

652 2120 680 92 tercentenar
1332 2144 72 96 y
1508 2108 124 128 of
1732 2108 184 100 the
2020 2108 560 132 founding
2684 2108 124 132 of
2912 2108 180 104 the
3196 2112 852 100 Massachusetts
4160 2112 208 136 bay

652 2264 416 132 colony.

644 2408 616 104 Historical
1312 2404 488 104 markers
1860 2408 424 104 erected
2332 2408 144 132 by
2528 2408 856 104 Massachusetts
3440 2408 212 136 bay
3708 2408 392 140 colony
4152 2428 212 84 ter-

516 2572 580 116 centenary
1152 2556 744 128 commission;
1960 2568 232 88 text
2252 2560 124 100 of
2428 2556 712 132 inscriptions
3200 2596 112 64 as
3372 2560 424 104 revised
3848 2560 148 136 by
4056 2560 308 112 Sam-

516 2744 64 68 u
588 2708 96 104 el
764 2708 304 104 Eliot
1152 2704 492 104 Morison
1704 2708 64 120 …
1940 2704 272 104 with
2296 2740 60 68 a
2444 2704 548 104 foreword
3076 2708 144 104 by
3304 2708 456 108 Charles
3844 2712 520 104 Knowles

508 2860 408 100 Bolton
984 2864 68 108 …
1324 2856 448 124 Boston,
1872 2860 236 96 The
2208 2852 944 108 Commonwealth
3252 2860 124 100 of
3476 2864 892 112 Massachusetts,

516 3016 284 96 1930.

640 3160 140 96 39,
844 3200 20 60 [
872 3164 44 76 1
924 3164 52 80 3
988 3200 20 60 ]
1068 3184 108 72 p.,
1228 3164 52 80 3
1340 3168 56 76 1.
1508 3160 316 96 front.,
1892 3164 44 72 1
1992 3160 280 96 illus.,
2332 3164 328 96 plates.
2776 3164 224 76 26".

648 3296 356 80 "Three
1068 3296 472 80 thousand
1604 3296 392 96 copies."
2112 3296 224 80 This
2408 3316 228 76 copy
2708 3304 160 72 not
2932 3300 536 80 numbered.

648 3408 140 80 On
856 3428 320 56 cover:
1244 3404 108 80 16
1356 3404 52 80 3
1416 3404 220 80 0-19
1640 3404 52 80 3
1700 3404 76 80 0.
1892 3404 520 80 Historical
2480 3408 424 76 markers
2976 3408 100 76 of
3148 3412 152 76 the
3372 3412 744 80 Massachusetts
4188 3416 172 92 bay

504 3520 352 88 colony.

676 3652 224 76 Nov.
960 3656 48 72 1
1020 3656 48 72 7
1076 3712 16 28 ,
1160 3656 32 68 1
1212 3652 72 72 8
1240 3660 32 76 -
1324 3652 56 64 0
1408 3672 16 64 ;
1488 3652 76 80 24
1588 3684 20 48 .
1716 3652 192 88 and
1960 3652 184 88 aff.
2152 3652 220 76 Nov.
2432 3648 156 84 20:
2656 3652 80 72 A
2796 3648 220 80 3073
3020 3656 56 76 8
3104 3672 20 68 ;
3196 3652 492 96 Secretary
3756 3656 96 80 of
3912 3656 160 80 the
4132 3676 100 60 co
4240 3680 84 56 m
4340 3700 20 12 -

640 3784 88 52 m
736 3784 316 56 onwea
1032 3764 60 72 l
1104 3772 32 68 t
1148 3764 56 72 h
1256 3764 100 76 of
1408 3788 100 72 M
1520 3800 216 80 e-.'
1788 3764 120 72 hu
1988 3808 24 40 -
2008 3824 16 56 '
2236 3764 380 76 Boston.
2752 3760 212 92 (30-
2968 3760 48 80 3
3024 3760 268 96 2739)
3896 3764 288 84 13345

508 3968 544 124 Mauriac,
1128 3968 428 108 Pierre.

692 4128 64 104 …
820 4120 260 100 Aux
1128 4120 416 100 confins
1596 4124 128 96 de
1784 4120 104 100 la
1940 4156 108 64 m
2056 4124 60 92 é
2116 4120 428 128 decine;
2604 4120 556 104 nouvelles
3220 4136 656 88 rencontres.
4004 4124 356 124 Paris,

504 4268 88 96 B
612 4348 20 20 .
688 4264 452 108 Grasset
1208 4332 28 68 [
1248 4272 260 96 1930
1496 4304 44 76 1

628 4420 168 80 260
848 4440 108 76 p.,
1012 4424 52 72 2
1124 4424 52 76 1.
1296 4424 44 72 1
1348 4424 52 76 9
1428 4428 44 44 -
1496 4488 20 12 .

520 4536 88 88 9
672 4560 244 80 June
972 4560 136 92 27,
1172 4564 44 72 1
1228 4560 52 72 9
1284 4560 160 92 30;
1512 4556 124 84 ic.
1704 4560 228 96 Aug.
1996 4560 160 92 29;
2224 4560 600 96 A-Foreign
2884 4564 272 92 8817;
3224 4568 432 76 Bernard
3724 4564 416 84 Grasset.

664 4676 16 60 1
708 4668 52 80 3
764 4668 440 92 0-32710)
3892 4672 288 84 13346

508 4884 120 96 M
624 4884 444 120 ehnert,
1132 4884 392 104 Klaus.

720 5032 60 120 …
840 5028 220 104 Ein
1140 5028 572 108 deutscher
1796 5032 1016 104 austauschstudent
2904 5028 112 104 in
3104 5032 740 104 Kalifornien.
4000 5036 352 104 Stutt-

492 5192 284 120 gart,
832 5180 376 100 Berlin
1276 5244 24 68 [
1312 5192 192 88 etc.
1516 5244 24 68 ]
1676 5180 160 100 De
1848 5216 60 64 u
1924 5180 296 104 tsche
2276 5216 68 64 v
2348 5184 548 128 erlags-an
2904 5216 48 64 s
2960 5200 104 84 ta
3080 5184 36 96 l
3120 5196 80 104 t,
3260 5188 192 96 193
3460 5192 64 92 0
3528 5268 24 20 .

632 5332 188 92 175,
892 5372 16 60 E
920 5336 44 72 l
952 5352 24 64 i
1064 5356 84 72 p.
1260 5336 108 76 18
1372 5340 112 72 C'.

684 5476 244 76 June
1008 5468 96 84 11
1224 5476 260 80 1930:
1588 5480 40 72 1
1632 5488 16 48 .
1744 5472 168 88 Aug
2100 5468 112 92 26
2244 5496 16 56 :
2348 5480 604 88 A-Foreign
3088 5484 52 72 8
3144 5476 56 80 9
3284 5500 16 68 ;
3392 5480 472 80 Deutsche
3952 5484 400 88 verlags-

632 5588 188 76 Ans
832 5592 28 72 t
872 5592 164 72 alt.
1172 5588 28 84 (
1216 5584 276 80 30-32
1504 5588 104 76 82
1636 5600 28 64 ;
3884 5588 288 84 13347

496 5796 464 124 Merrill,
1032 5796 332 128 John,
1444 5804 192 100 187
1644 5812 52 88 5
1700 5868 72 8 -

624 5940 784 136 Play-making
1476 5948 220 96 and
1760 5944 224 132 pha'
2108 5984 20 64 :
2204 5944 180 104 the
2456 5944 536 104 dramatic
3060 5944 464 136 impulse
3592 5948 212 100 and
3880 5948 144 100 its
4088 5948 192 104 edit

484 6092 348 100 cative
920 6128 180 64 use
1176 6096 112 100 in
1368 6092 184 104 the
1628 6092 656 140 elementary
2372 6096 216 100 and
2672 6096 592 132 secondary
3340 6096 396 108 school,
3816 6096 144 140 by
4040 6096 216 104 Joh
4276 6132 56 64 n

480 6240 128 104 M
612 6276 176 72 err
792 6240 124 104 ill
1016 6248 68 108 …
1172 6244 216 100 and
1452 6240 448 104 Martha
1968 6248 92 96 F
2068 6244 36 100 l
2112 6240 368 136 eming
2540 6248 68 108 …
2804 6244 260 104 New
3136 6244 104 92 Y
3248 6248 232 128 ork,
3544 6244 236 108 The
3840 6248 404 100 Macmi
4260 6248 24 100 l
4308 6312 28 8 -

480 6392 180 100 lan
728 6428 572 96 company,
1368 6396 280 96 1930.

620 6548 192 96 xix,
872 6552 160 80 579
1088 6572 84 72 p.
1236 6552 28 76 i
1272 6572 112 60 nc
1388 6552 28 72 l
1428 6616 16 16 .
1504 6552 316 84 front.,
1884 6552 268 92 illus.,
2216 6544 340 100 diagrs.
2676 6544 836 88 20½ͨͫ.

616 6688 720 100 Bibliography:
1404 6708 88 72 p.
1564 6684 416 88 411-558.

500 6816 92 88 ©
660 6824 196 80 Oct.
916 6824 132 96 21,
1112 6824 268 80 193ti:
1632 6848 44 52 .
1692 6848 60 52 n
1760 6828 56 72 d
1876 6828 100 76 af
1972 6828 40 72 f
2016 6888 16 16 .
2100 6824 196 84 Oct.
2356 6844 56 60 2
2412 6848 96 56 2:
2580 6828 76 76 A
2716 6828 328 92 29482;
3116 6828 544 80 Macmillan
3720 6852 132 56 co.

640 6932 380 96 (30-327
1024 6956 52 76 5
1080 6936 104 96 6)
3872 6932 288 88 13348

488 7144 408 124 Mogle,
976 7144 616 108 Christine.

612 7292 232 100 The
884 7292 260 128 pine
1188 7304 256 120 tree,
1492 7292 216 104 and
1748 7296 316 100 other
2108 7328 400 96 poems,
2548 7292 148 136 by
2748 7292 552 108 Christine
3348 7292 368 136 Mogle
3800 7288 68 112 …
4020 7360 24 68 [
4052 7292 280 108 Glen

484 7436 372 136 Ellyn,
904 7440 216 128 Ill.,
1172 7440 240 104 The
1456 7436 284 108 Glen
1788 7476 292 68 news
2136 7440 508 136 printing
2696 7480 188 92 co.,
2960 7452 44 68 1
2984 7452 52 92 1
3048 7448 124 96 93
3180 7448 64 96 0
3248 7508 24 64 ]
