4752 8320
484 712 312 120 Inge,
860 704 484 108 William
1412 700 404 128 Ralph,
1884 712 120 96 18
2012 712 60 96 6
2080 708 120 96 0-

628 856 564 108 Christian
1276 852 340 104 ethics
1696 852 220 100 and
1988 848 452 104 modern
2520 844 580 132 problems,
3172 844 144 136 by
3388 844 176 104 W.
3644 844 132 100 R.
3852 844 276 132 Inge
4212 864 68 108 …

492 1008 264 100 New
828 1004 344 108 York,
1236 1000 496 128 London,
1800 1000 132 108 G.
2000 1004 124 96 P.
2196 992 572 108 Putnam's
2836 1028 280 96 sons,
3188 1000 288 96 1930.

624 1160 92 80 ix
728 1220 20 32 ,
800 1160 168 80 427
1020 1180 84 72 p.
1216 1156 108 80 23
1336 1160 40 92 1
1404 1160 44 44 -
1480 1216 16 16 .

632 1268 316 80 "First
1004 1268 492 80 American
1560 1264 436 80 edition."

524 1396 80 100 9
660 1404 72 76 O
740 1424 48 60 c
796 1412 36 68 t
840 1468 16 16 .
908 1408 76 76 S.
1040 1400 224 80 1930
1296 1424 12 56 :
1368 1400 52 76 2
1428 1424 68 56 c.
1552 1404 128 72 Oc
1688 1408 60 72 t.
1804 1404 96 76 7:
1964 1396 156 84 aff.
2180 1400 164 76 Oct
2360 1460 12 16 .
2428 1400 52 72 8
2496 1408 28 68 :
2588 1400 76 72 A
2720 1396 324 92 29608;
3104 1396 140 76 W.
3304 1396 76 76 R
3396 1460 12 12 .
3468 1396 248 92 Inge,
3776 1396 408 76 London.

652 1512 488 92 (30-29541
1140 1540 36 68 )
3884 1500 280 80 11845

508 1700 484 132 [Jacobs,
1052 1696 472 108 Charles
1584 1692 436 132 Pelton]

624 1844 220 128 Joy
852 1876 132 64 ou
996 1880 48 60 s
1132 1840 528 128 betrayal,
1752 1836 140 136 by
1992 1836 452 108 Charles
2532 1836 388 100 Pelton
3028 1836 388 132 [pseod.
3416 1920 16 16 -
3644 1832 260 104 New
4004 1832 340 128 York,

492 1992 232 100 The
772 1992 296 104 John
1120 1988 248 140 Day
1420 2020 536 100 company
2016 1992 368 128 ['1930,

628 2156 52 72 4
732 2168 80 76 p.
864 2152 80 88 l.,
996 2152 280 76 3-332
1328 2168 112 72 p.,
1492 2152 48 76 1
1592 2152 56 76 1.
1760 2148 52 76 1
1820 2152 52 76 9
1940 2156 52 64 j
1956 2152 40 40 -
2028 2208 16 20 .

516 2272 96 88 ©
668 2288 56 80 S
736 2312 44 56 e
788 2312 56 68 p
852 2296 92 72 t..
988 2288 132 92 25,
1180 2288 256 84 1930;
1488 2288 128 76 2c.
1668 2284 192 76 Oct.
1912 2288 100 76 4:
2064 2304 48 56 a
2128 2284 96 76 ff.
2276 2284 196 76 Oct.
2520 2284 104 88 3;
2676 2284 76 72 A
2800 2280 108 80 28
2916 2284 48 76 5
2968 2280 160 92 99;
3184 2284 392 76 Charles
3624 2284 204 76 Pelt
3836 2300 48 60 o
3896 2300 80 72 n,
4032 2284 108 76 W
4148 2300 48 56 a
4212 2300 44 56 s
4256 2284 60 72 h
4328 2324 28 8 -

648 2400 196 92 ingt
856 2424 48 52 o
916 2416 80 64 n.
1052 2396 52 80 C
1124 2420 52 56 o
1172 2420 124 64 nn
1320 2460 12 16 .
1472 2396 212 76 (30-
1676 2408 52 72 2
1744 2392 264 80 5310)
3896 2384 220 84 1184
4136 2388 48 80 6

504 2584 572 120 Jameson,
1136 2580 420 124 Storm,
1616 2584 320 100 1897-

640 2732 228 100 The
924 2728 420 104 decline
1396 2728 124 104 of
1568 2764 368 96 merry
1996 2728 556 132 England,
2608 2728 140 132 by
2812 2724 372 108 Storm
3244 2728 512 100 Jameson
3824 2732 68 112 …
4072 2728 284 100 Lon-

504 2880 216 100 don
784 2888 268 120 [etc.]
1124 2876 412 108 Cassell
1592 2876 216 104 and
1868 2912 540 96 company
2464 2876 196 104 ltd.
2728 2880 336 124 119301

640 3032 192 96 295,
900 3076 20 56 [
924 3040 48 72 l
1068 3056 80 72 p.
1264 3032 284 80 22"'.

648 3148 44 28 "
712 3140 32 76 i
760 3164 56 56 n
884 3140 196 80 this
1148 3160 276 76 essay
1496 3164 116 56 on
1688 3140 608 92 Puritanism,
2376 3136 40 76 I
2496 3140 236 80 have
2808 3148 168 72 not
3044 3140 520 92 attempted
3640 3160 56 56 a
3772 3140 596 80 consecutive

512 3252 188 76 hist
708 3272 52 56 o
772 3272 100 72 ry
932 3248 56 88 …
1172 3244 88 76 M
1272 3272 52 68 y
1396 3272 48 56 o
1456 3248 148 92 bje
1612 3268 48 60 c
1664 3256 44 72 t
1772 3252 172 76 has
2016 3248 228 80 been
2320 3256 36 72 t
2360 3272 52 56 o
2488 3248 260 80 show
2816 3248 216 80 that
3104 3248 344 92 during
3516 3248 160 80 the
3752 3248 336 80 second
4160 3248 124 80 ha
4288 3248 80 76 lf

512 3360 104 76 of
688 3364 152 76 the
916 3360 476 76 sixteenth
1468 3360 188 76 and
1736 3360 156 76 the
1964 3356 212 80 first
2248 3356 208 80 half
2532 3356 104 80 of
2708 3360 156 76 the
2948 3356 600 80 seventeenth
3636 3356 492 88 centuries,
4208 3356 160 80 the

516 3472 600 88 government
1196 3468 104 76 of
1372 3464 428 88 England
1884 3468 184 76 had
2148 3468 360 88 always
2580 3464 320 80 before
2984 3464 80 80 it
3144 3488 124 56 an
3348 3468 276 88 ideal,
3712 3464 332 92 which,
4128 3468 244 76 how-

516 3596 216 60 ever
800 3576 276 88 badly
1152 3580 72 72 it
1300 3596 208 56 may
1580 3580 240 76 have
1892 3572 224 84 been
2188 3572 428 96 fulfilled,
2692 3596 200 56 was
2964 3580 104 72 at
3136 3572 244 80 least
3448 3580 264 72 truer
3788 3572 188 80 and
4048 3572 320 80 nobler

520 3688 228 72 than
804 3688 212 76 that
1064 3684 308 76 which
1424 3704 44 56 s
1476 3688 508 88 uperseded
2044 3684 80 80 it
2176 3684 232 80 with
2464 3684 156 80 the
2676 3684 352 76 advent
3080 3680 108 80 of
3244 3684 152 80 the
3456 3684 344 76 middle
3860 3684 348 80 classes
4268 3700 104 60 as

516 3812 52 56 a
628 3792 296 80 result
972 3796 104 72 of
1124 3796 152 76 the
1332 3788 212 80 civil
1604 3812 84 56 w
1692 3812 136 56 ar.
1840 3788 44 32 "
1884 3788 372 84 -Pref.

652 3896 344 84 "Table
1052 3900 100 76 of
1212 3896 632 84 references":
1904 3920 84 72 p.
2044 3896 424 84 276-282.

536 4028 96 96 ©
700 4036 124 84 1c.
892 4036 192 80 Oct.
1148 4040 40 72 1
1204 4036 48 72 5
1264 4096 12 20 .
1348 4036 220 76 1930
1596 4056 16 68 ;
1684 4040 72 72 A
1820 4040 120 72 ad
2000 4036 28 76 i
2036 4060 60 52 n
2104 4040 36 72 t
2152 4100 16 16 .
2232 4036 324 80 14327:
2624 4036 276 92 pubd.
2972 4036 244 92 Sept.
3284 4036 160 92 18;
3516 4040 480 88 Margaret
4064 4036 164 76 Sto
4236 4052 144 56 rm

664 4148 212 72 Jam
884 4168 156 52 eso
1048 4168 56 52 n
1164 4148 124 76 Ch
1304 4168 120 68 ap
1428 4168 88 72 mn
1512 4168 160 72 an,
1728 4148 76 72 Y
1812 4148 236 100 orks.
2116 4148 452 88 England.
2708 4144 540 96 (30-29762)
3908 4140 288 80 11847

532 4332 452 96 Kansas
1052 4328 408 124 digest.

664 4484 684 132 Temporary
1440 4484 436 100 Kansas
1968 4484 388 132 digest,
2452 4520 120 64 co
2580 4484 388 132 vering
3060 4484 328 100 decisi
3404 4520 60 64 o
3468 4520 124 64 ns
3688 4484 124 100 of
3904 4484 180 100 the
4184 4484 76 104 S
4276 4520 56 64 u
4344 4548 36 8 -

540 4668 296 96 prem
852 4672 52 60 e
956 4644 300 92 court
1316 4636 124 100 of
1492 4632 428 108 Kansas
1976 4668 320 96 repor
2308 4644 96 92 te
2416 4640 68 96 d
2540 4632 112 104 in
2712 4632 428 108 Kansas
3192 4644 460 120 report,,
3708 4672 64 64 v
3780 4668 56 64 o
3844 4640 124 92 ls.
4028 4644 56 92 1
4088 4640 132 92 23
4272 4644 112 92 to

556 4792 36 92 1
604 4788 160 104 30,
836 4784 404 100 Pacific
1320 4792 520 124 reporter,
1908 4784 264 100 vols.
2248 4788 124 96 25
2384 4792 56 88 3
2456 4784 52 52 *
2584 4796 108 88 to
2764 4796 192 108 288
2976 4784 48 52 *
3104 4784 176 100 *in
3356 4796 280 120 part.
3784 4784 600 132 February,

552 4944 40 92 1
608 4944 72 84 9
632 4948 52 80 1
672 4944 52 84 2
812 5016 20 32 ,
900 4956 108 80 to
1076 4936 228 100 Jun
1312 4976 52 60 e
1380 5020 16 20 .
1468 4944 52 92 1
1532 4944 56 88 9
1600 4944 56 92 3
1668 4944 60 92 0
1796 4936 64 112 …
2064 4932 392 132 Compi
2472 4936 168 100 led
2712 4936 344 100 under
3128 4936 176 104 the
3376 4932 584 108 American
4032 4936 356 132 digest

540 5088 88 96 cl
640 5084 516 104 assificati
1164 5120 60 64 o
1236 5120 96 64 n.
1484 5124 64 60 v
1556 5164 20 16 .
1648 5084 124 100 S2
1708 5084 104 100 A
1824 5164 20 20 .
1996 5084 156 100 St.
2216 5088 284 96 Paul
2516 5168 16 24 ,
2604 5092 108 84 M
2720 5088 32 96 i
2768 5124 68 60 n
2840 5120 76 64 n
2924 5132 48 52 ..
3040 5088 300 100 West
3408 5124 68 96 p
3484 5120 64 64 u
3560 5088 64 96 b
3632 5088 32 96 l
3676 5084 288 100 ishin
3980 5124 68 88 g
4108 5124 52 64 c
4164 5116 220 68 om-

540 5276 72 92 p
624 5272 244 96 any.
936 5240 288 100 1930.

680 5392 132 80 iii.
872 5388 164 84 235
1096 5412 80 72 p.
1288 5392 56 76 2
1372 5392 68 68 w
1440 5396 44 40 "

568 5520 52 100 i
624 5528 24 88 )
708 5532 80 72 N
796 5552 112 52 ov
920 5592 12 16 .
992 5532 112 72 26
1112 5592 12 20 ,
1184 5532 184 76 1931
1440 5556 12 52 ;
1516 5544 124 64 2.,
1716 5544 28 64 I
1752 5548 120 68 to.
1996 5540 92 64 lo
2120 5552 16 60 :
2196 5548 56 68 o
2264 5532 72 72 ff
2344 5592 16 20 .
2428 5536 164 80 15,
2604 5564 28 48 .
2696 5532 176 96 11;
2928 5540 56 88 A
3052 5528 100 80 31
3168 5532 44 72 5
3224 5532 44 76 1
3276 5536 56 68 9
3356 5552 24 72 ;
3452 5532 252 80 West
3764 5532 188 92 pub
3956 5592 20 20 .
4036 5552 128 56 co.

3924 5636 288 84 11848

544 5740 336 124 King,
940 5740 480 108 Marian.

668 5888 240 100 The
980 5888 368 100 Dutch
1420 5888 436 100 Mother
1932 5888 380 136 Goose,
2380 5888 140 140 by
2596 5888 436 108 Marian
3112 5888 364 136 King;
3552 5888 624 108 illustrated
4248 5892 140 128 by

544 6036 496 140 Dorothy
1104 6036 112 108 C.
1280 6036 516 108 Bowden.
1928 6036 516 132 Chicago,
2516 6036 108 104 ..
2704 6040 568 132 Flanagan
3336 6076 568 100 company,
3968 6044 288 96 1930.

676 6192 164 80 127
904 6212 80 76 p.
1052 6192 28 76 i
1088 6216 60 56 n
1156 6192 80 80 cl
1244 6252 20 20 .
1332 6192 168 80 col.
1564 6192 320 96 front.,
1948 6192 168 80 col.
2188 6192 252 84 illus.
2552 6192 108 84 18
2756 6200 12 40 '
2708 6180 124 96 t.

556 6304 96 96 ©
716 6308 192 80 Oct.
964 6308 136 92 24,
1156 6308 268 76 1930:
1480 6304 128 84 2c.
1668 6308 200 80 Oct.
1920 6308 156 80 28:
2140 6308 156 84 off.
2356 6308 196 80 Oct.
2608 6308 144 84 27:
2824 6308 80 76 A
2956 6308 328 80 29628:
3344 6312 104 80 A.
3512 6312 480 92 Flanagan
4052 6336 44 52 c
4104 6340 48 48 o
4164 6376 16 16 .

708 6416 28 96 (
752 6416 48 80 3
808 6416 440 92 0-29628)
3928 6416 284 84 11849

548 6600 384 120 Kisch,
992 6600 320 120 Egon
1372 6600 420 124 Erwin,
1856 6612 328 96 1885-

688 6748 516 108 "Schreib
1292 6756 192 96 das
1568 6752 232 132 auf,
1880 6752 536 120 Kisch!";
2508 6756 196 100 das
2784 6756 912 132 kriegstagebuch
3776 6792 212 64 von
4076 6760 316 128 Egon

552 6900 380 100 Erwin
984 6900 380 104 Kisch.
1508 6900 420 128 Berlin,
1980 6904 128 104 E.
2160 6900 348 120 Reiss,
2568 6912 284 96 1930.

684 7056 52 76 2
788 7076 80 72 p.
920 7060 84 88 l.,
1056 7056 304 92 7-293,
1420 7056 72 96 [1
1496 7044 24 76 ,
1580 7080 84 72 p.
1784 7056 104 80 21
1916 7064 40 40 -
1920 7044 88 92 s.

688 7164 380 80 "Erstes
1128 7152 140 92 bis
1324 7168 380 76 zehntes
1764 7168 484 80 tausend."

692 7272 256 80 First
1020 7272 496 96 published
1588 7272 96 80 in
1752 7280 216 88 part
2040 7280 292 76 under
2408 7280 208 76 title
2688 7280 388 76 "Soldat
3148 7280 124 76 im
3344 7284 352 92 Prager
3768 7280 368 96 korps".
4280 7284 112 92 of.

556 7400 56 72 p
620 7440 16 20 .
680 7380 80 80 8.

572 7480 92 88 ©
716 7488 220 96 Apr.
984 7488 132 84 28.
1172 7488 272 92 1930;
1496 7492 132 80 1c.
1680 7496 220 88 July
1952 7496 100 88 2;
2112 7492 248 76 A-F
2360 7504 64 64 o
2444 7496 260 92 reign
2756 7496 52 72 8
2812 7496 48 76 5
2872 7496 156 84 87:
3088 7500 280 76 Erich
3424 7500 220 76 Reis
3652 7524 44 52 s
3748 7520 160 60 ver
3908 7496 28 76 l
3952 7520 140 68 ag,
4148 7524 76 64 g.
4284 7508 112 72 m.

696 7588 80 92 b.
832 7600 88 80 h.
1056 7600 536 84 (30-29790)
3932 7608 288 80 11850

2356 7716 36 92 1
2416 7712 60 88 8
2488 7712 124 96 32
