4800 8268
376 668 748 108 RCA-Victor
1184 704 588 92 company,
1836 668 996 108 inc.-Continued

380 836 112 92 to
540 824 296 104 sixth
884 832 372 128 grade,
1304 824 528 104 inclusive
1916 836 68 108 …
2152 820 524 136 Camden,
2724 820 136 100 N.
2908 820 148 132 J.,
3104 816 736 104 Educational
3892 820 332 132 dept.,

376 976 388 100 Victor
836 976 440 132 talking
1344 972 500 104 machine
1920 972 512 136 division,
2504 968 312 108 RCA
2860 968 432 104 -Victor
3368 1000 572 100 company,
4012 964 208 104 inc.

388 1136 64 116 [©
464 1132 264 96 1930
736 1192 24 64 ]

500 1280 60 76 2
608 1300 84 72 p.
740 1280 92 92 1.,
884 1276 284 84 9-320
1208 1300 84 72 p.
1408 1276 248 80 illus.
1712 1276 260 96 (part
2024 1276 216 92 col.)
2308 1280 168 76 col.
2524 1296 64 72 p
2588 1276 32 76 l
2632 1336 16 16 .
2760 1276 228 76 20ͨͫ.

500 1412 444 80 Includes
988 1412 328 80 music.

508 1520 504 80 Foreword
1064 1520 380 96 signed:
1504 1520 408 80 Frances
1968 1516 332 84 Elliott
2352 1516 316 84 Clark.

508 1632 508 76 Published
1076 1632 224 76 1923
1360 1636 116 88 by
1544 1628 156 80 the
1764 1628 320 80 Victor
2152 1628 364 92 talking
2580 1624 432 80 machine
3076 1648 448 72 company
3596 1628 296 76 under
3956 1628 260 76 title:

376 1740 300 80 Music
724 1740 644 92 appreciation
1420 1736 232 80 with
1700 1736 160 80 the
1912 1736 116 80 Vi
2036 1760 48 56 e
2088 1736 244 80 trola
2384 1736 156 80 for
2592 1736 452 80 children.

512 1848 472 80 "Records
1040 1852 228 76 used
1328 1848 100 76 in
1484 1852 364 72 lessons
1904 1848 416 88 grouped
2380 1844 504 92 according
2936 1852 96 72 to
3096 1844 384 92 years":
3548 1864 84 72 p.
3692 1844 420 80 319-320.

388 1980 96 96 ©
552 1984 212 84 Jan.
824 1984 76 96 9,
960 1984 272 92 1930;
1292 1984 132 76 2c.
1488 1984 184 76 and
1732 1980 160 80 aff.
1956 1984 212 76 Jan.
2228 1980 48 76 1
2288 1980 56 76 6
2368 2000 20 72 ;
2452 1980 84 76 A
2588 1976 332 96 20230;
2992 1976 608 80 RCA-Victor
3656 2000 156 72 co.,
3880 1976 172 80 inc.

536 2096 96 92 (3
640 2092 56 80 0
696 2092 328 96 -8246)
3832 2084 232 84 3006

392 2272 504 128 Richter,
952 2276 360 120 Hans,
1376 2280 312 100 1889-

520 2504 104 20 ...
700 2428 232 96 Der
996 2420 736 140 Rheinjunge,
1800 2420 232 104 eine
2104 2420 1096 132 schiffergeschichte.
3376 2420 640 132 Hannover,
4084 2424 140 100 A.

376 2572 612 132 Sponholtz
1040 2572 380 132 verlag
1464 2608 100 96 g.
1616 2608 140 68 m.
1804 2572 100 104 b.
1952 2572 104 104 h.
2120 2576 364 128 [ͨ1929]

512 2728 164 76 201
736 2752 80 72 p.
932 2732 168 72 col.
1156 2728 316 92 front.,
1532 2732 164 72 col.
1756 2728 328 92 plates.
2200 2724 112 80 20
2324 2728 40 88 ͨͫͨͫ
2620 2728 136 92 (H
2764 2728 92 76 al
2864 2728 236 92 f-titl
3108 2748 44 56 e
3168 2752 28 52 :
3260 2724 528 92 Sponholtz'
3848 2728 384 88 jugend-

376 2828 128 84 bü
508 2844 52 68 c
556 2836 308 96 herei)

392 2972 100 92 ©
556 2976 232 76 Nov.
848 2976 136 92 22,
1052 2972 272 92 1929;
1384 2984 136 76 1c.
1588 2972 212 80 Jan.
1864 2972 76 92 3,
2008 2972 276 92 1930;
2352 2968 608 96 A-Foreign
3020 2968 112 80 59
3136 2972 48 76 5
3188 2972 104 92 2;
3368 2968 284 80 Adolf
3724 2972 124 92 Sp
3852 2992 56 52 o
3908 2968 320 76 nholtz

524 3088 348 92 verlag,
928 3104 80 72 g.
1060 3104 120 60 m.
1232 3088 84 76 b.
1364 3084 88 76 h.
1584 3080 92 96 (3
1684 3080 56 80 0
1744 3080 324 96 -8864)
3836 3076 232 84 3007

392 3260 428 128 Salten,
880 3260 352 128 Felix,
1292 3272 332 96 1869-

536 3496 112 20 ...
740 3412 592 108 Fünfzehn
1408 3416 388 128 hasen;
1888 3412 596 108 schicksale
2564 3416 116 104 in
2764 3416 288 104 wald
3136 3416 228 104 und
3448 3412 268 108 feld.
3860 3408 384 104 Berlin

404 3600 84 92 [e
496 3572 48 92 t
548 3600 120 92 c.]
732 3568 128 100 P.
912 3564 508 136 Zsolnay,
1476 3568 288 100 1929.

520 3720 192 92 199,
780 3712 76 100 [1
808 3724 80 88 ]
956 3740 84 72 p.
1156 3716 596 88 18½ͨͫ.
1568 3720 580 92 (Half-title:
2208 3720 272 76 Felix
2548 3716 352 84 Salten.
3016 3720 624 80 Gesammelte
3708 3716 356 92 werke)

524 3828 336 80 "1.-10.
916 3828 480 80 tausend."

396 3928 96 96 ©
568 3936 196 80 Oct.
824 3940 140 88 24,
1028 3936 272 92 1929;
1372 3940 132 80 1c.
1568 3936 216 80 Dec.
1856 3936 156 92 13;
2084 3932 608 96 A-Foreign
2756 3936 48 76 5
2816 3936 216 92 859;
3104 3936 240 76 Paul
3412 3936 400 92 Zsolnay
3884 3936 344 92 verlag,

532 4064 184 76 ges.
772 4068 112 56 m.
940 4048 84 76 b.
1072 4048 88 76 h.
1288 4044 96 96 (3
1388 4044 56 80 0
1448 4044 324 92 -8712)
3844 4040 232 84 3008

396 4228 536 124 Sanford,
992 4228 332 100 Anne
1376 4228 84 100 P
2008 4264 52 64 e
2068 4232 100 104 d.

536 4376 504 108 Outdoor
1112 4380 320 132 plays
1504 4380 180 100 for
1752 4384 268 132 boys
2092 4384 220 100 and
2380 4380 312 136 girls,
2764 4384 544 132 compiled
3380 4384 224 100 and
3672 4376 364 108 edited
4108 4384 144 132 by

404 4528 140 104 A.
608 4532 128 100 P.
804 4528 524 108 Sanford.
1472 4528 264 104 New
1804 4532 348 132 York,
2212 4532 372 132 Dodd,
2640 4532 332 104 Mead
3040 4536 220 100 and
3324 4564 572 100 company,
3968 4536 288 96 1930.

524 4684 192 92 viii,
772 4684 164 76 323
988 4704 84 72 p.
1188 4676 280 84 19½ͨͫ.

408 4788 96 96 ©
560 4796 236 80 Mar.
848 4796 136 92 21,
1040 4792 272 92 1930;
1364 4792 132 76 2c.
1552 4796 184 72 and
1788 4792 160 80 aff.
2008 4796 232 76 Mar.
2292 4792 160 96 26;
2512 4796 84 72 A
2644 4792 332 96 20607;
3036 4792 300 100 Dodd,
3396 4796 276 80 Mead
3728 4796 72 80 &
3848 4816 160 72 co.,
4064 4796 176 80 inc.

556 4900 488 100 (30-8630)
3856 4904 236 80 3009

544 5084 340 132 Plays
960 5084 184 104 for
1216 5084 664 132 graduation
1960 5092 304 128 days,
2336 5084 548 132 compiled
2960 5092 220 100 and
3256 5088 368 104 edited
3696 5088 148 136 by
3916 5088 136 100 A.
4132 5092 124 100 P.

412 5236 548 132 Sanford;
1068 5236 272 100 with
1440 5272 64 64 a
1600 5236 448 132 preface
2144 5240 144 132 by
2388 5236 508 104 Percival
2992 5236 400 108 Wilde.
3540 5236 268 104 New
3912 5240 344 132 York,

404 5388 368 132 Dodd,
824 5384 332 104 Mead
1204 5388 220 100 and
1472 5420 572 104 company,
2100 5392 292 96 1930.

532 5536 132 84 vii
708 5560 112 72 p.,
868 5540 52 72 4
968 5540 88 92 1.,
1108 5536 276 80 5-322
1432 5560 84 72 p.
1628 5540 48 76 1
1684 5536 60 84 9
1744 5540 48 92 ½ͨͫ
1816 5544 96 76 -

544 5648 64 80 C
616 5652 52 68 O
676 5668 316 56 NTENT
992 5652 44 68 S
1056 5708 16 16 .
1100 5692 112 12 -
1248 5648 332 76 Mister
1652 5648 348 92 Punch,
2080 5652 120 88 by
2272 5648 96 80 C.
2448 5648 740 80 Clements.-At
3272 5656 156 72 the
3508 5652 548 96 mile-stone,
4132 5656 120 92 by

404 5756 504 96 Josephine
968 5756 1108 92 Thorpe.-Graduation
2132 5756 260 96 gifts,
2460 5760 120 92 by
2644 5760 480 92 Margaret
3188 5764 840 88 Parsons.-Light
4092 5764 164 76 tri-

404 5868 480 92 umphant,
964 5868 120 88 by
1164 5864 396 92 Georgia
1644 5868 760 92 Stenger.-May
2480 5872 464 88 madness,
3028 5872 116 88 by
3224 5868 360 80 Bonnie
3664 5872 588 76 Gilbert.-A

404 5980 304 76 better
760 5996 316 56 mouse
1132 5980 240 88 trap,
1432 5980 112 88 by
1608 5972 368 80 Marion
2028 5976 824 76 Holbrook.-The
2908 5980 364 88 perfect
3328 5984 408 88 pattern,
3796 5980 120 92 by
3976 5980 276 76 Ethel

404 6088 204 76 Van
676 6088 168 76 der
908 6084 580 80 Veer.-The
1552 6084 188 76 last
1808 6104 352 72 voyage
2228 6084 104 80 of
2400 6084 496 96 Odysseus,
2972 6088 116 88 by
3160 6088 96 76 P.
3332 6088 72 76 P
3416 6148 20 16 .
3508 6088 744 76 Corneau.-Be-

400 6200 300 88 loved,
748 6196 76 76 it
872 6192 84 80 is
1004 6212 292 72 morn,
1344 6196 120 88 by
1508 6192 452 80 Adelaide
2012 6192 96 80 C.
2156 6196 704 76 Rowell.-The
2908 6196 348 76 willow
3304 6196 280 92 plate,
3632 6200 120 88 by
3808 6196 448 80 Florence

412 6304 352 96 Ryerso
792 6308 68 68 n
844 6304 328 76 .-The
1252 6304 508 88 sanctuary
1836 6304 436 92 knocker,
2348 6304 116 92 by
2540 6304 260 80 Alice
2880 6304 88 76 J.
3044 6304 1208 96 Walker.-Shakespeare,

408 6416 160 76 the
608 6412 576 96 playmaker,
1236 6412 116 88 by
1400 6416 356 84 twenty
1804 6412 432 76 students
2284 6412 100 76 of
2432 6416 156 72 the
2640 6412 548 92 University
3236 6412 100 76 of
3380 6412 300 76 North
3736 6412 500 80 Dakota.-

404 6524 196 76 The
648 6524 164 72 inn
860 6520 104 76 of
1012 6520 552 92 discontent,
1616 6520 120 92 by
1784 6520 100 76 P.
1936 6520 332 76 Wilde.

420 6624 96 92 ©
588 6636 232 76 Mar.
884 6632 132 92 21,
1084 6628 272 88 1930;
1424 6628 132 84 2c.
1620 6632 184 72 and
1868 6628 160 76 aff.
2096 6632 236 72 Mar.
2396 6628 164 92 26;
2628 6628 80 76 A
2768 6628 332 92 20602;
3172 6628 108 80 A.
3344 6632 104 76 P.
3520 6628 432 92 Sanford,
4024 6632 224 72 New

552 6740 280 80 York.
956 6740 96 96 (3
1060 6736 56 80 0
1116 6736 328 96 -8626)
3860 6732 228 84 3010

420 6920 400 124 Schiff,
872 6920 316 124 Bert,
1244 6928 332 96 1890-

556 7072 208 100 Die
868 7072 420 100 Mutter
1384 7072 388 104 Gottes
1868 7108 216 64 von
2184 7072 872 132 Himmelsburg,
3152 7072 428 104 novelle
3680 7108 216 68 von
3996 7072 268 100 Bert

432 7220 380 108 Schiff.
956 7216 492 136 Leipzig,
1504 7224 124 100 P.
1688 7220 448 104 Reclam
2188 7220 228 132 jun.
2488 7220 292 104 [1929]

548 7376 136 88 73,
740 7384 28 68 [
768 7376 44 72 1
812 7360 28 76 ]
900 7396 84 72 p.
1096 7372 48 76 1
1156 7372 48 76 5
1216 7372 160 96 ½ͨͫ.
1512 7372 120 96 (O
1640 7396 64 56 n
1752 7396 316 60 cover:
2116 7376 132 80 Re
2256 7396 48 60 c
2308 7376 240 76 lams
2596 7372 480 84 universal
3124 7376 328 76 bibliot
3452 7368 60 76 h
3528 7376 140 76 ek.
3784 7392 136 60 nr.
3976 7372 268 96 6999)

428 7472 96 96 ©
596 7484 224 92 July
884 7480 84 92 4,
1036 7480 268 92 1929;
1380 7484 128 80 lc.
1584 7484 244 92 Sept.
1900 7480 160 96 21;
2132 7480 604 96 A-Foreign
2800 7484 276 92 4449;
3152 7484 380 92 Philipp
3600 7484 380 80 Raclam
4052 7480 32 92 j
4096 7504 60 52 u
4160 7500 88 60 n.

572 7580 488 108 (30-8713)
3860 7588 228 84 3011

2200 7700 196 96 451
