4752 8320
2148 7696 260 100 2019

388 704 436 120 Brown,
884 700 484 108 William
1428 700 464 124 Adams,
1956 712 320 96 1865-

508 844 584 132 Pathways
1156 856 108 88 to
1328 844 564 132 certainty,
1952 844 144 136 by
2156 840 496 112 William
2720 844 412 100 Adams
3196 844 404 96 Brown
3660 848 64 108 …
3932 840 260 100 New

380 992 336 112 York,
772 992 488 132 London,
1324 992 120 104 C.
1512 992 592 104 Scribner's
2168 1028 268 68 sons.
2508 1000 120 92 19
2640 996 128 96 30
2772 1072 20 20 .

508 1148 160 80 xiv
720 1172 112 72 p.,
884 1156 52 72 2
988 1156 28 72 l
1024 1216 44 28 .,
1128 1152 276 80 3-293
1452 1172 80 72 p.
1648 1152 272 96 20½ͨͫ.

512 1288 708 96 Bibliography:
1284 1308 76 72 p.
1428 1328 20 56 [
1452 1288 260 96 277]-
1712 1288 48 76 2
1768 1288 52 76 8
1824 1288 48 72 4
1884 1348 16 16 .

512 1396 140 76 CO
644 1412 64 60 N
716 1396 676 96 TENTS.-Why
1468 1416 136 56 we
1684 1396 224 76 need
1984 1392 460 96 certainty
2520 1396 92 72 in
2696 1388 408 96 religion.
3112 1396 224 76 -W
3344 1412 40 56 a
3404 1408 108 76 ys
3588 1392 100 80 of
3768 1412 92 56 re
3864 1400 48 68 a
3928 1392 264 80 ching

372 1504 796 92 certainty.-The
1208 1524 208 72 way
1456 1504 96 76 of
1592 1500 476 80 authority
2104 1524 20 56 :
2172 1520 100 60 or
2320 1504 252 76 what
2612 1504 316 76 others
2968 1520 168 56 can
3184 1504 156 76 tell
3392 1520 104 56 us
3536 1504 280 76 about
3864 1504 332 76 God.-

372 1612 192 80 The
616 1632 204 72 way
880 1616 96 76 of
1028 1612 488 76 intuition:
1576 1636 104 52 or
1728 1608 400 92 meeting
2176 1612 196 76 God
2424 1612 204 76 face
2684 1616 88 72 to
2828 1608 40 76 f
2872 1616 56 64 a
2940 1604 432 80 ce.-The
3424 1628 208 72 way
3684 1612 100 76 of
3840 1628 356 56 reason-

372 1720 208 92 ing:
636 1744 100 56 or
788 1720 156 80 the
996 1724 184 76 test
1228 1720 100 76 of
1376 1716 916 92 consistency.-The
2344 1736 204 76 way
2600 1720 100 76 of
2748 1716 620 92 experiment:
3428 1736 100 60 or
3584 1720 156 76 the
3796 1736 100 72 pr
3904 1724 52 68 a
3964 1720 232 76 ctice

376 1832 96 72 of
552 1828 152 80 the
788 1844 428 80 presence
1304 1828 100 76 of
1484 1828 532 76 God.-The
2104 1824 460 96 certainty
2648 1824 100 80 of
2832 1828 316 92 to-day
3232 1844 44 56 a
3288 1828 120 76 nd
3496 1828 152 76 the
3736 1828 232 88 hope
4048 1828 148 76 for

372 1940 548 80 to-morrow.

388 2068 96 96 ©
540 2076 224 76 Nov.
820 2076 76 92 7,
948 2072 272 92 1930;
1276 2072 132 80 2c.
1460 2072 228 80 Nov.
1744 2072 44 72 1
1800 2072 56 72 5
1880 2092 16 72 ;
1960 2068 156 84 aff.
2172 2072 224 76 Nov.
2456 2068 156 92 14;
2672 2068 80 76 A
2800 2068 52 76 3
2860 2068 272 92 0613;
3188 2072 140 80 W.
3384 2072 108 80 A.
3552 2072 364 92 Brown,
3976 2072 220 76 New

516 2184 268 76 York.
924 2180 156 96 (30
1080 2228 44 44 -
1120 2180 340 116 32177)
3736 2176 292 108 13014

380 2368 704 120 Bruelheide,
1144 2368 380 96 Frank
1580 2364 420 124 Elmer,
2060 2372 328 96 1885-

508 2516 540 132 Winning
1104 2516 792 132 backgammon
1960 2528 108 88 at
2132 2516 296 128 sight
2504 2516 204 128 [by,]
2784 2516 124 96 F.
2980 2516 124 96 E.
3176 2512 656 104 Bruelheide
3908 2516 280 128 [and]

380 2668 284 100 Paul
712 2668 124 100 R.
888 2668 420 132 Freyd;
1364 2704 312 64 cover
1724 2668 144 132 by
1912 2664 432 100 Arthur
2392 2660 116 100 F.
2568 2660 532 104 Erichsen
3152 2672 64 108 …
3420 2660 516 132 Chicago,
3988 2660 212 108 Ill.,

380 2816 896 120 Bruce-Roberts,
1336 2816 240 128 inc.,
1676 2820 288 96 ͨ1930.

508 2972 56 72 4
568 2972 48 76 0
676 2992 80 72 p.
868 2968 36 76 i
908 2972 28 72 l
944 2972 100 76 lu
1052 2992 68 56 s.
1232 2980 128 84 9½
1372 2992 68 52 ×
1468 2972 560 92 14½ͨͫ
1728 3032 20 20 .

508 3080 240 80 Text
804 3100 228 56 runs
1084 3080 388 92 parallel
1532 3076 228 80 with
1820 3076 232 80 back
2108 3080 100 76 of
2264 3096 296 60 cover.

516 3188 344 80 Folded
916 3188 268 80 chart
1240 3188 328 96 pasted
1624 3208 112 60 on
1796 3188 236 80 back
2088 3208 296 60 cover.

384 3308 92 88 ©
544 3324 196 80 Oct.
796 3328 44 72 1
852 3324 48 76 5
908 3388 16 28 ,
984 3320 268 92 1930;
1312 3320 52 76 2
1352 3308 48 88 c
1424 3384 16 16 .
1504 3336 48 64 a
1564 3344 52 56 n
1628 3328 56 72 d
1740 3320 88 80 af
1832 3320 44 72 f
1884 3388 12 12 .
1956 3324 80 76 N
2044 3344 112 56 ov
2168 3384 16 16 .
2240 3320 156 92 17;
2464 3320 68 76 A
2592 3320 328 92 31108;
2988 3320 760 92 Bruce-Roberts,
3812 3320 176 80 inc.

528 3432 536 92 (30-32183)
3732 3424 288 84 13015

372 3616 644 124 Burkhard,
1076 3616 352 104 Oscar
1492 3616 288 104 Carl.

500 3760 556 136 Readings
1116 3764 108 100 in
1288 3764 288 100 medi
1588 3800 120 64 ca
1712 3764 40 100 l
1816 3760 332 108 Germ
2160 3800 60 64 a
2224 3800 108 92 n,
2392 3760 144 132 by
2600 3760 152 108 Os
2760 3796 48 64 c
2820 3796 124 64 ar
3008 3760 592 100 Burkhard
3668 3764 68 112 …
3932 3760 260 100 New

372 3912 340 128 York,
764 3912 144 100 H.
968 3912 184 100 Ho
1160 3912 32 100 l
1204 3920 48 96 t
1308 3912 212 100 and
1580 3944 540 100 company
2188 3916 368 124 [ͨ1930]

504 4088 60 52 x
568 4064 92 80 vi
668 4068 32 76 i
704 4064 56 92 i,
820 4064 192 96 242,
1080 4064 324 80 lxxxvi
1460 4084 80 76 p.
1660 4064 244 80 illus.
2016 4060 600 88 22½ͨͫ.

380 4196 96 92 ©
544 4200 196 80 Oct.
800 4200 132 96 31,
996 4200 272 92 1930;
1332 4200 128 80 2c.
1524 4204 188 76 and
1772 4200 96 80 af
1872 4200 48 84 f.
1992 4204 84 76 N
2080 4220 48 52 o
2136 4224 76 56 v.
2284 4204 96 88 8;
2452 4200 76 76 A
2588 4200 168 80 304
2760 4200 48 80 6
2812 4200 104 92 9;
2984 4200 324 92 Henry
3372 4200 236 80 Holt
3664 4200 72 80 &
3796 4224 44 56 c
3848 4224 104 68 o.,
4020 4200 172 80 inc.

528 4308 536 100 (30-31990)
3732 4304 288 84 13016

372 4488 704 132 Burroughs,
1128 4496 388 120 Edgar
1568 4492 304 128 Rice,
1932 4496 324 104 1875-

496 4640 424 100 Tarzan
1008 4652 116 92 at
1204 4640 184 100 the
1468 4640 392 104 earth's
1948 4676 272 96 core,
2300 4640 144 136 by
2528 4640 380 132 Edgar
2996 4640 260 100 Rice
3340 4640 640 132 Burroughs
4076 4640 68 108 …

368 4784 700 136 frontispiece
1144 4792 144 128 by
1360 4788 108 104 J.
1540 4788 324 108 Allen
1944 4788 160 108 St.
2176 4788 328 108 John.
2648 4788 264 104 New
2992 4788 340 132 York,
3408 4784 780 132 Metropolitan

368 4936 356 136 books,
784 4936 204 104 inc.
1068 4940 372 132 [ͨ1930]

496 5112 56 56 v
556 5088 32 80 i
596 5088 32 80 i
636 5148 16 36 ,
716 5088 160 80 301
944 5112 84 72 p.
1140 5088 96 80 fr
1240 5112 48 56 o
1296 5096 132 76 nt.
1540 5092 112 80 19
1660 5092 44 92 ½
1728 5096 92 72 ͨ6.

380 5224 92 96 ©
528 5232 84 80 N
616 5256 56 56 o
676 5256 80 56 v.
808 5232 136 96 28,
996 5232 268 92 1930;
1324 5232 128 80 2c.
1508 5236 188 76 and
1748 5256 48 56 a
1804 5232 76 76 ff
1888 5300 16 16 .
1956 5236 228 76 Nov.
2236 5232 160 92 29;
2456 5232 76 76 A
2584 5228 328 96 30941;
2976 5232 316 92 Edgar
3344 5232 224 80 Rice
3624 5228 572 96 Burroughs,

508 5344 104 76 in
604 5368 52 72 c
668 5404 44 32 .,
760 5344 388 92 Reseda,
1192 5344 276 80 Calif.
1604 5344 540 92 (30-32136)
3044 5404 16 28 -
3732 5336 104 84 13
3848 5336 108 84 01
3968 5340 48 80 7

372 5528 156 104 Ca
532 5528 36 100 l
576 5528 36 100 i
620 5528 120 100 fo
744 5528 288 100 rnia.
1172 5532 104 96 D
1288 5528 104 100 is
1388 5532 144 96 tri
1540 5544 104 92 ct
1696 5548 116 84 co
1824 5544 220 88 urts
2112 5564 56 68 o
2172 5528 64 132 f
2288 5564 356 96 appea
2648 5528 40 100 l
2696 5612 16 16 .

504 5680 472 128 Reports
1040 5680 120 100 of
1224 5716 284 68 cases
1572 5680 672 104 determined
2296 5688 60 104 …
2500 5684 112 96 fr
2616 5712 176 68 om
2856 5680 588 100 December
3508 5684 56 96 3
3576 5684 88 112 0,
3736 5684 284 96 1929.
4092 5688 104 88 to

372 5828 564 136 February
1012 5836 148 96 10.
1240 5836 284 96 1930.
1672 5832 588 128 Randolph
2332 5828 96 96 V
2444 5912 20 16 .
2532 5828 512 132 Whiting
3056 5916 20 44 ,
3148 5840 516 120 reporter.
3812 5828 388 132 Henry

372 5976 124 100 F.
580 5976 536 132 Wrigley,
1200 5980 496 104 William
1788 5980 120 96 F.
2004 5984 416 96 Traver
2428 6020 116 64 so
2556 6064 20 32 ,
2660 5980 144 100 W
2836 5996 36 72 i
2928 6060 16 16 .
3040 5976 648 124 Nankervis,
3780 5976 32 128 j
3828 6016 116 60 r..
4040 6012 156 68 as-

372 6128 388 100 sistant
832 6140 572 120 reporters.
1552 6168 96 60 v.
1728 6140 36 88 1
1788 6136 124 92 03
1928 6212 16 16 .
2096 6128 76 108 S
2184 6168 56 60 a
2248 6168 72 60 n
2392 6132 92 96 F
2492 6132 356 100 rancis
2856 6168 44 56 c
2916 6164 96 80 o,
3080 6132 248 96 Ban
3332 6164 52 64 c
3392 6168 52 60 r
3456 6128 120 100 of
3580 6140 88 88 t-
3676 6132 220 92 Wh
3904 6128 296 132 itney

372 6312 564 100 company,
1012 6288 284 92 1930.

500 6456 192 56 xxx
700 6432 32 76 i
736 6456 56 56 v
800 6496 16 32 ,
880 6432 104 80 93
992 6432 52 80 6
1104 6456 84 72 p.
1304 6432 108 80 22
1404 6428 44 84 1
1496 6440 88 72 -.

380 6552 92 92 ©
540 6568 136 76 De
676 6564 44 72 c
740 6632 12 16 .
816 6568 132 88 22,
1012 6564 272 96 1930;
1352 6572 128 76 2c.
1544 6592 48 56 a
1604 6572 120 76 nd
1792 6572 100 76 af
1884 6572 44 72 f
1936 6636 16 12 .
2016 6572 80 72 D
2100 6592 52 56 e
2160 6596 72 52 c.
2296 6568 160 92 29;
2520 6572 80 76 A
2664 6572 328 88 32458;
3064 6564 936 92 Bancroft-Whitney
4064 6588 44 56 c
4116 6588 48 48 o
4180 6632 12 12 .

3732 6672 288 84 13018

376 6856 152 100 Ca
532 6856 76 100 ll
616 6860 480 120 aghan's
1164 6864 100 96 D
1276 6864 324 104 akota
1668 6864 408 132 digest;
2152 6904 48 64 a
2276 6868 528 128 complete
2872 6864 356 104 digest
3296 6900 60 68 o
3368 6864 48 104 f
3484 6864 528 104 decisions
4080 6860 120 100 of

504 7012 180 100 the
740 7012 528 132 Supreme
1320 7052 116 60 co
1444 7052 60 64 u
1520 7028 156 88 rts
1728 7020 120 96 of
1896 7020 356 96 North
2308 7020 212 100 and
2580 7016 348 108 South
2976 7016 472 132 Dakota,
3496 7016 216 100 and
3760 7012 440 100 Dakota

508 7160 604 136 Territory,
1176 7168 212 100 and
1456 7204 60 64 a
1520 7164 84 104 ll
1672 7168 420 100 federal
2156 7168 128 100 de
2296 7168 84 100 ci
2396 7164 92 104 si
2496 7200 60 64 o
2564 7204 120 64 ns
2752 7200 248 96 pass
3008 7164 32 100 i
3052 7200 148 96 ng
3260 7200 140 68 on
3464 7160 548 132 questions
4076 7200 60 64 o
4148 7160 52 100 f

504 7312 276 100 local
832 7316 244 132 law,
1124 7316 536 128 compiled
1712 7320 204 96 and
1976 7316 356 100 edited
2384 7312 132 88 by
2572 7316 492 100 William
3116 7316 120 100 H
3248 7400 16 16 .
3312 7316 388 100 Mason
3752 7312 60 112 …
3928 7308 268 104 with

504 7460 184 100 the
764 7464 740 132 co-operation
1580 7468 124 96 of
1772 7476 48 92 t
1824 7464 64 104 h
1908 7504 48 64 e
2032 7464 356 108 digest
2464 7468 660 100 committees
3204 7464 120 104 of
3396 7464 188 104 the
3656 7472 276 88 state
4000 7460 200 100 bar
