<?xml version="1.0"?>
<alto xmlns="http://www.loc.gov/standards/alto/ns-v2#" xmlns:xlink="http://www.w3.org/1999/xlink" xmlns:xsi="http://www.w3.org/2001/XMLSchema-instance" xsi:schemaLocation="http://www.loc.gov/standards/alto/ns-v2# http://www.loc.gov/standards/alto/alto-v2.0.xsd">
	<Description>
		<MeasurementUnit>inch1200</MeasurementUnit>
		<sourceImageInformation>
			<fileIdentifier>catalogofcopyri271libr_001-2321.pdf_Page_2242.jpg</fileIdentifier>
		</sourceImageInformation>
		<OCRProcessing ID="OCR1">
			<ocrProcessingStep>
				<processingDateTime>2018-04-25T17:28:37</processingDateTime>
				<processingAgency>Data Conversion Laboratory</processingAgency>
				<processingSoftware>
					<softwareCreator>Prime</softwareCreator>
					<softwareName>Prime OCR</softwareName>
					<softwareVersion>4.40</softwareVersion>
				</processingSoftware>
			</ocrProcessingStep>
			<postProcessingStep>
				<processingDateTime>2018-04-25T17:23:31</processingDateTime>
				<processingAgency>Data Conversion Laboratory</processingAgency>
				<processingStepDescription>PRO -&gt; ALTO</processingStepDescription>
				<processingSoftware>
					<softwareCreator>Data Conversion Laboratory</softwareCreator>
					<softwareName>pro2alto.2018.02.27</softwareName>
					<softwareVersion>2.0</softwareVersion>
				</processingSoftware>
			</postProcessingStep>
		</OCRProcessing>
	</Description>
<Styles>
		<TextStyle ID="Style_1" FONTSIZE="8" FONTTYPE="serif" FONTWIDTH="proportional"/>
		<TextStyle ID="Style_2" FONTSIZE="8" FONTTYPE="serif" FONTWIDTH="proportional" FONTSTYLE="italics"/>
		<TextStyle ID="Style_3" FONTSIZE="10" FONTTYPE="serif" FONTWIDTH="proportional" FONTSTYLE="italics"/>
		<TextStyle ID="Style_4" FONTSIZE="7" FONTTYPE="serif" FONTWIDTH="proportional"/>
		<TextStyle ID="Style_5" FONTSIZE="6" FONTTYPE="serif" FONTWIDTH="proportional"/>
		<TextStyle ID="Style_6" FONTSIZE="6" FONTTYPE="sans-serif" FONTWIDTH="fixed" FONTSTYLE="bold underline superscript subscript"/>
		<TextStyle ID="Style_7" FONTSIZE="10" FONTTYPE="serif" FONTWIDTH="proportional"/>
		<TextStyle ID="Style_8" FONTSIZE="9" FONTTYPE="serif" FONTWIDTH="proportional"/>
		<TextStyle ID="Style_9" FONTSIZE="6" FONTTYPE="serif" FONTWIDTH="proportional" FONTSTYLE="bold"/>
		<TextStyle ID="Style_10" FONTSIZE="5" FONTTYPE="serif" FONTWIDTH="proportional"/>
		<TextStyle ID="Style_11" FONTSIZE="8" FONTTYPE="serif" FONTWIDTH="proportional" FONTSTYLE="bold"/>
		<TextStyle ID="Style_12" FONTSIZE="6" FONTTYPE="serif" FONTWIDTH="proportional" FONTSTYLE="subscript"/>
		<TextStyle ID="Style_13" FONTSIZE="4" FONTTYPE="serif" FONTWIDTH="proportional"/>
		<TextStyle ID="Style_14" FONTSIZE="5" FONTTYPE="sans-serif" FONTWIDTH="fixed" FONTSTYLE="bold underline superscript subscript"/>
		<TextStyle ID="Style_15" FONTSIZE="6" FONTTYPE="serif" FONTWIDTH="proportional" FONTSTYLE="bold subscript"/>
		<TextStyle ID="Style_16" FONTSIZE="6" FONTTYPE="serif" FONTWIDTH="proportional" FONTSTYLE="italics"/>
		<TextStyle ID="Style_17" FONTSIZE="7" FONTTYPE="serif" FONTWIDTH="proportional" FONTSTYLE="italics"/>
	</Styles>
	<Layout>
		<Page ID="Page_1" PHYSICAL_IMG_NR="1" HEIGHT="8320" WIDTH="4752">
			<PrintSpace ID="PS_1" HPOS="0" VPOS="0" HEIGHT="8320" WIDTH="4752">
				<TextBlock ID="TB_1.1" HPOS="2216" VPOS="7692" WIDTH="476" HEIGHT="272">
					<TextLine ID="TL_1.1.1" HPOS="2284" VPOS="7728" HEIGHT="96" WIDTH="268">
						<String CONTENT="2242" ID="St_1.1.1.1" HPOS="2284" VPOS="7728" HEIGHT="96" WIDTH="268" STYLEREFS="Style_1" WC="1" CC="0000"/>
					</TextLine>
				</TextBlock>
				<TextBlock ID="TB_1.2" HPOS="392" VPOS="652" WIDTH="4076" HEIGHT="7028">
					<TextLine ID="TL_1.2.1" HPOS="492" VPOS="704" HEIGHT="132" WIDTH="1452">
						<String CONTENT="Buckner," ID="St_1.2.1.1" HPOS="492" VPOS="704" HEIGHT="128" WIDTH="560" STYLEREFS="Style_1" WC="1" CC="00000000"/>
						<SP ID="SP_1.2.1.2" HPOS="1036" VPOS="748" WIDTH="44"/>
						<String CONTENT="Elliott," ID="St_1.2.1.3" HPOS="1112" VPOS="704" HEIGHT="124" WIDTH="432" STYLEREFS="Style_1" WC="1" CC="00000000"/>
						<SP ID="SP_1.2.1.4" HPOS="1528" VPOS="748" WIDTH="44"/>
						<String CONTENT="co" ID="St_1.2.1.5" HPOS="1600" VPOS="740" HEIGHT="68" WIDTH="116" STYLEREFS="Style_2" WC="1" CC="00"/>
						<String CONTENT="m" ID="St_1.2.1.6" HPOS="1724" VPOS="744" HEIGHT="64" WIDTH="108" STYLEREFS="Style_3" WC="0.977777777777778" CC="4"/>
						<String CONTENT="p." ID="St_1.2.1.7" HPOS="1840" VPOS="740" HEIGHT="96" WIDTH="104" STYLEREFS="Style_3" WC="0.97" CC="11"/>
					</TextLine>
					<TextLine ID="TL_1.2.2" HPOS="620" VPOS="848" HEIGHT="136" WIDTH="3712">
						<String CONTENT="The" ID="St_1.2.2.1" HPOS="620" VPOS="856" HEIGHT="100" WIDTH="236" STYLEREFS="Style_3" WC="1" CC="000"/>
						<SP ID="SP_1.2.2.2" HPOS="824" VPOS="876" WIDTH="56"/>
						<String CONTENT="renaissance" ID="St_1.2.2.3" HPOS="908" VPOS="852" HEIGHT="104" WIDTH="680" STYLEREFS="Style_3" WC="1" CC="00000000000"/>
						<SP ID="SP_1.2.2.4" HPOS="1556" VPOS="876" WIDTH="60"/>
						<String CONTENT="of" ID="St_1.2.2.5" HPOS="1644" VPOS="848" HEIGHT="104" WIDTH="124" STYLEREFS="Style_3" WC="1" CC="00"/>
						<SP ID="SP_1.2.2.6" HPOS="1736" VPOS="856" WIDTH="56"/>
						<String CONTENT="oratory." ID="St_1.2.2.7" HPOS="1824" VPOS="860" HEIGHT="124" WIDTH="476" STYLEREFS="Style_3" WC="1" CC="00000000"/>
						<SP ID="SP_1.2.2.8" HPOS="2288" VPOS="896" WIDTH="76"/>
						<String CONTENT="Clarksville," ID="St_1.2.2.9" HPOS="2432" VPOS="848" HEIGHT="132" WIDTH="696" STYLEREFS="Style_3" WC="0.977777777777778" CC="000004000004"/>
						<SP ID="SP_1.2.2.10" HPOS="3112" VPOS="896" WIDTH="44"/>
						<String CONTENT="Tenn.," ID="St_1.2.2.11" HPOS="3188" VPOS="852" HEIGHT="128" WIDTH="376" STYLEREFS="Style_3" WC="0.98" CC="000000"/>
						<SP ID="SP_1.2.2.12" HPOS="3552" VPOS="892" WIDTH="40"/>
						<String CONTENT="E." ID="St_1.2.2.13" HPOS="3628" VPOS="848" HEIGHT="104" WIDTH="128" STYLEREFS="Style_3" WC="0.982222222222222" CC="00"/>
						<SP ID="SP_1.2.2.14" HPOS="3740" VPOS="896" WIDTH="44"/>
						<String CONTENT="Buckner" ID="St_1.2.2.15" HPOS="3824" VPOS="848" HEIGHT="104" WIDTH="508" STYLEREFS="Style_3" WC="0.984444444444444" CC="0000000"/>
					</TextLine>
					<TextLine ID="TL_1.2.3" HPOS="512" VPOS="1008" HEIGHT="136" WIDTH="356">
						<String CONTENT="[&#x0368;1930" ID="St_1.2.3.1" HPOS="512" VPOS="1008" HEIGHT="136" WIDTH="324" STYLEREFS="Style_4" WC="1" CC="000000"/>
						<String CONTENT="]" ID="St_1.2.3.2" HPOS="844" VPOS="1064" HEIGHT="68" WIDTH="24" STYLEREFS="Style_4" WC="1" CC="0"/>
					</TextLine>
					<TextLine ID="TL_1.2.4" HPOS="624" VPOS="1152" HEIGHT="96" WIDTH="2296">
						<String CONTENT="3" ID="St_1.2.4.1" HPOS="624" VPOS="1156" HEIGHT="76" WIDTH="48" STYLEREFS="Style_5" WC="1" CC="0"/>
						<SP ID="SP_1.2.4.2" HPOS="644" VPOS="1156" WIDTH="48"/>
						<String CONTENT="p." ID="St_1.2.4.3" HPOS="720" VPOS="1176" HEIGHT="72" WIDTH="88" STYLEREFS="Style_5" WC="1" CC="00"/>
						<SP ID="SP_1.2.4.4" HPOS="796" VPOS="1188" WIDTH="36"/>
						<String CONTENT="l" ID="St_1.2.4.5" HPOS="860" VPOS="1160" HEIGHT="72" WIDTH="28" STYLEREFS="Style_5" WC="0.925555555555556" CC="4"/>
						<String CONTENT=".," ID="St_1.2.4.6" HPOS="896" VPOS="1216" HEIGHT="28" WIDTH="48" STYLEREFS="Style_5" WC="0.888888888888889" CC="31"/>
						<SP ID="SP_1.2.4.7" HPOS="932" VPOS="1184" WIDTH="40"/>
						<String CONTENT="[" ID="St_1.2.4.8" HPOS="1008" VPOS="1176" HEIGHT="60" WIDTH="32" STYLEREFS="Style_5" WC="0.855555555555556" CC="4"/>
						<String CONTENT="5]" ID="St_1.2.4.9" HPOS="1072" VPOS="1156" HEIGHT="84" WIDTH="128" STYLEREFS="Style_5" WC="0.878888888888889" CC="00"/>
						<String CONTENT="-276" ID="St_1.2.4.10" HPOS="1116" VPOS="1152" HEIGHT="76" WIDTH="228" STYLEREFS="Style_5" WC="0.881111111111111" CC="4000"/>
						<SP ID="SP_1.2.4.11" HPOS="1316" VPOS="1152" WIDTH="52"/>
						<String CONTENT="p." ID="St_1.2.4.12" HPOS="1392" VPOS="1172" HEIGHT="72" WIDTH="80" STYLEREFS="Style_5" WC="0.9" CC="00"/>
						<SP ID="SP_1.2.4.13" HPOS="1460" VPOS="1184" WIDTH="72"/>
						<String CONTENT="i" ID="St_1.2.4.14" HPOS="1592" VPOS="1152" HEIGHT="76" WIDTH="32" STYLEREFS="Style_5" WC="0.893333333333333" CC="3"/>
						<String CONTENT="ll" ID="St_1.2.4.15" HPOS="1632" VPOS="1156" HEIGHT="72" WIDTH="56" STYLEREFS="Style_5" WC="0.873333333333333" CC="33"/>
						<String CONTENT="u" ID="St_1.2.4.16" HPOS="1700" VPOS="1176" HEIGHT="56" WIDTH="60" STYLEREFS="Style_5" WC="0.865555555555556" CC="3"/>
						<String CONTENT="s" ID="St_1.2.4.17" HPOS="1768" VPOS="1172" HEIGHT="60" WIDTH="44" STYLEREFS="Style_5" WC="0.857777777777778" CC="3"/>
						<String CONTENT="." ID="St_1.2.4.18" HPOS="1820" VPOS="1216" HEIGHT="20" WIDTH="16" STYLEREFS="Style_5" WC="0.862222222222222" CC="0"/>
						<SP ID="SP_1.2.4.19" HPOS="1824" VPOS="1184" WIDTH="40"/>
						<String CONTENT="(port.)" ID="St_1.2.4.20" HPOS="1892" VPOS="1156" HEIGHT="92" WIDTH="332" STYLEREFS="Style_5" WC="0.894444444444444" CC="0000000"/>
						<SP ID="SP_1.2.4.21" HPOS="2208" VPOS="1152" WIDTH="80"/>
						<String CONTENT="23&#x0368;&#x036B;." ID="St_1.2.4.22" HPOS="2352" VPOS="1152" HEIGHT="88" WIDTH="568" STYLEREFS="Style_6" WC="0.907777777777778" CC="00001"/>
					</TextLine>
					<TextLine ID="TL_1.2.5" HPOS="624" VPOS="1260" HEIGHT="92" WIDTH="3380">
						<String CONTENT="Miscellaneous" ID="St_1.2.5.1" HPOS="624" VPOS="1264" HEIGHT="76" WIDTH="720" STYLEREFS="Style_6" WC="1" CC="0000000000000"/>
						<SP ID="SP_1.2.5.2" HPOS="1320" VPOS="1284" WIDTH="56"/>
						<String CONTENT="literary" ID="St_1.2.5.3" HPOS="1408" VPOS="1260" HEIGHT="92" WIDTH="388" STYLEREFS="Style_6" WC="1" CC="00000000"/>
						<SP ID="SP_1.2.5.4" HPOS="1764" VPOS="1284" WIDTH="64"/>
						<String CONTENT="selections" ID="St_1.2.5.5" HPOS="1868" VPOS="1264" HEIGHT="76" WIDTH="492" STYLEREFS="Style_6" WC="1" CC="0000000000"/>
						<SP ID="SP_1.2.5.6" HPOS="2336" VPOS="1288" WIDTH="56"/>
						<String CONTENT="from" ID="St_1.2.5.7" HPOS="2428" VPOS="1264" HEIGHT="76" WIDTH="244" STYLEREFS="Style_6" WC="1" CC="0000"/>
						<SP ID="SP_1.2.5.8" HPOS="2624" VPOS="1284" WIDTH="84"/>
						<String CONTENT="the" ID="St_1.2.5.9" HPOS="2744" VPOS="1264" HEIGHT="76" WIDTH="156" STYLEREFS="Style_6" WC="1" CC="000"/>
						<SP ID="SP_1.2.5.10" HPOS="2872" VPOS="1288" WIDTH="60"/>
						<String CONTENT="author&apos;s" ID="St_1.2.5.11" HPOS="2972" VPOS="1260" HEIGHT="80" WIDTH="424" STYLEREFS="Style_6" WC="1" CC="00000000"/>
						<SP ID="SP_1.2.5.12" HPOS="3368" VPOS="1284" WIDTH="60"/>
						<String CONTENT="scrapbook." ID="St_1.2.5.13" HPOS="3464" VPOS="1264" HEIGHT="88" WIDTH="540" STYLEREFS="Style_6" WC="1" CC="0000000000"/>
					</TextLine>
					<TextLine ID="TL_1.2.6" HPOS="504" VPOS="1392" HEIGHT="100" WIDTH="3824">
						<String CONTENT="&#x00A9;" ID="St_1.2.6.1" HPOS="504" VPOS="1392" HEIGHT="96" WIDTH="96" STYLEREFS="Style_6" WC="0.555555555555556" CC="4"/>
						<SP ID="SP_1.2.6.2" HPOS="552" VPOS="1392" WIDTH="76"/>
						<String CONTENT="July" ID="St_1.2.6.3" HPOS="652" VPOS="1400" HEIGHT="92" WIDTH="224" STYLEREFS="Style_6" WC="0.925555555555556" CC="0000"/>
						<SP ID="SP_1.2.6.4" HPOS="848" VPOS="1420" WIDTH="56"/>
						<String CONTENT="31," ID="St_1.2.6.5" HPOS="928" VPOS="1400" HEIGHT="92" WIDTH="128" STYLEREFS="Style_6" WC="0.955555555555556" CC="000"/>
						<SP ID="SP_1.2.6.6" HPOS="1044" VPOS="1440" WIDTH="40"/>
						<String CONTENT="1930;" ID="St_1.2.6.7" HPOS="1112" VPOS="1400" HEIGHT="88" WIDTH="272" STYLEREFS="Style_6" WC="0.907777777777778" CC="044110"/>
						<SP ID="SP_1.2.6.8" HPOS="1372" VPOS="1420" WIDTH="40"/>
						<String CONTENT="2c." ID="St_1.2.6.9" HPOS="1440" VPOS="1400" HEIGHT="80" WIDTH="128" STYLEREFS="Style_6" WC="0.883333333333333" CC="044"/>
						<SP ID="SP_1.2.6.10" HPOS="1556" VPOS="1440" WIDTH="40"/>
						<String CONTENT="and" ID="St_1.2.6.11" HPOS="1624" VPOS="1400" HEIGHT="76" WIDTH="180" STYLEREFS="Style_6" WC="0.902222222222222" CC="000"/>
						<SP ID="SP_1.2.6.12" HPOS="1772" VPOS="1408" WIDTH="60"/>
						<String CONTENT="off" ID="St_1.2.6.13" HPOS="1860" VPOS="1396" HEIGHT="80" WIDTH="132" STYLEREFS="Style_6" WC="0.892222222222222" CC="411"/>
						<String CONTENT="." ID="St_1.2.6.14" HPOS="2000" VPOS="1460" HEIGHT="16" WIDTH="16" STYLEREFS="Style_6" WC="0.884444444444444" CC="3"/>
						<SP ID="SP_1.2.6.15" HPOS="2000" VPOS="1460" WIDTH="16"/>
						<String CONTENT="D" ID="St_1.2.6.16" HPOS="2072" VPOS="1400" HEIGHT="72" WIDTH="80" STYLEREFS="Style_6" WC="0.877777777777778" CC="3"/>
						<String CONTENT="ec" ID="St_1.2.6.17" HPOS="2164" VPOS="1420" HEIGHT="56" WIDTH="96" STYLEREFS="Style_6" WC="0.868888888888889" CC="14"/>
						<String CONTENT="." ID="St_1.2.6.18" HPOS="2272" VPOS="1460" HEIGHT="20" WIDTH="16" STYLEREFS="Style_6" WC="0.872222222222222" CC="0"/>
						<SP ID="SP_1.2.6.19" HPOS="2276" VPOS="1428" WIDTH="36"/>
						<String CONTENT="29;" ID="St_1.2.6.20" HPOS="2340" VPOS="1400" HEIGHT="88" WIDTH="160" STYLEREFS="Style_6" WC="0.874444444444444" CC="004"/>
						<SP ID="SP_1.2.6.21" HPOS="2484" VPOS="1416" WIDTH="44"/>
						<String CONTENT="A" ID="St_1.2.6.22" HPOS="2556" VPOS="1396" HEIGHT="76" WIDTH="80" STYLEREFS="Style_6" WC="0.88" CC="0"/>
						<SP ID="SP_1.2.6.23" HPOS="2592" VPOS="1404" WIDTH="64"/>
						<String CONTENT="32477;" ID="St_1.2.6.24" HPOS="2684" VPOS="1396" HEIGHT="96" WIDTH="328" STYLEREFS="Style_6" WC="0.897777777777778" CC="000000"/>
						<SP ID="SP_1.2.6.25" HPOS="3000" VPOS="1416" WIDTH="40"/>
						<String CONTENT="E." ID="St_1.2.6.26" HPOS="3076" VPOS="1400" HEIGHT="80" WIDTH="100" STYLEREFS="Style_6" WC="0.903333333333333" CC="00"/>
						<SP ID="SP_1.2.6.27" HPOS="3164" VPOS="1436" WIDTH="36"/>
						<String CONTENT="B" ID="St_1.2.6.28" HPOS="3232" VPOS="1400" HEIGHT="72" WIDTH="76" STYLEREFS="Style_6" WC="0.901111111111111" CC="3"/>
						<String CONTENT="uck" ID="St_1.2.6.29" HPOS="3320" VPOS="1396" HEIGHT="80" WIDTH="176" STYLEREFS="Style_6" WC="0.888888888888889" CC="333"/>
						<String CONTENT="ner," ID="St_1.2.6.30" HPOS="3500" VPOS="1420" HEIGHT="72" WIDTH="192" STYLEREFS="Style_6" WC="0.894444444444444" CC="1000"/>
						<SP ID="SP_1.2.6.31" HPOS="3680" VPOS="1436" WIDTH="40"/>
						<String CONTENT="C" ID="St_1.2.6.32" HPOS="3752" VPOS="1396" HEIGHT="84" WIDTH="68" STYLEREFS="Style_6" WC="0.89" CC="4"/>
						<String CONTENT="larksvill" ID="St_1.2.6.33" HPOS="3824" VPOS="1396" HEIGHT="80" WIDTH="432" STYLEREFS="Style_6" WC="0.886666666666667" CC="000000047"/>
						<String CONTENT="e" ID="St_1.2.6.34" HPOS="4260" VPOS="1424" HEIGHT="48" WIDTH="56" STYLEREFS="Style_6" WC="0.882222222222222" CC="4"/>
						<String CONTENT="," ID="St_1.2.6.35" HPOS="4308" VPOS="1436" HEIGHT="44" WIDTH="20" STYLEREFS="Style_6" WC="0.877777777777778" CC="4"/>
					</TextLine>
					<TextLine ID="TL_1.2.7" HPOS="628" VPOS="1504" HEIGHT="100" WIDTH="3532">
						<String CONTENT="Tenn." ID="St_1.2.7.1" HPOS="628" VPOS="1508" HEIGHT="76" WIDTH="280" STYLEREFS="Style_6" WC="1" CC="00000"/>
						<SP ID="SP_1.2.7.2" HPOS="900" VPOS="1556" WIDTH="76"/>
						<String CONTENT="(31-2285)" ID="St_1.2.7.3" HPOS="1052" VPOS="1504" HEIGHT="96" WIDTH="484" STYLEREFS="Style_6" WC="1" CC="000000000"/>
						<SP ID="SP_1.2.7.4" HPOS="1520" VPOS="1508" WIDTH="2352"/>
						<String CONTENT="14386" ID="St_1.2.7.5" HPOS="3872" VPOS="1504" HEIGHT="84" WIDTH="288" STYLEREFS="Style_6" WC="0.713333333333333" CC="00000"/>
					</TextLine>
					<TextLine ID="TL_1.2.8" HPOS="492" VPOS="1688" HEIGHT="124" WIDTH="1868">
						<String CONTENT="Burk," ID="St_1.2.8.1" HPOS="492" VPOS="1692" HEIGHT="120" WIDTH="348" STYLEREFS="Style_6" WC="1" CC="00000"/>
						<SP ID="SP_1.2.8.2" HPOS="824" VPOS="1732" WIDTH="44"/>
						<String CONTENT="William" ID="St_1.2.8.3" HPOS="896" VPOS="1688" HEIGHT="108" WIDTH="488" STYLEREFS="Style_6" WC="1" CC="0000000"/>
						<SP ID="SP_1.2.8.4" HPOS="1328" VPOS="1708" WIDTH="84"/>
						<String CONTENT="Herbert," ID="St_1.2.8.5" HPOS="1444" VPOS="1692" HEIGHT="120" WIDTH="532" STYLEREFS="Style_6" WC="1" CC="00000000"/>
						<SP ID="SP_1.2.8.6" HPOS="1956" VPOS="1728" WIDTH="48"/>
						<String CONTENT="1867&#x2013;" ID="St_1.2.8.7" HPOS="2036" VPOS="1696" HEIGHT="100" WIDTH="324" STYLEREFS="Style_6" WC="1" CC="00000"/>
					</TextLine>
					<TextLine ID="TL_1.2.9" HPOS="620" VPOS="1836" HEIGHT="136" WIDTH="3716">
						<String CONTENT="Valley" ID="St_1.2.9.1" HPOS="620" VPOS="1836" HEIGHT="136" WIDTH="388" STYLEREFS="Style_6" WC="1" CC="000000"/>
						<SP ID="SP_1.2.9.2" HPOS="972" VPOS="1856" WIDTH="80"/>
						<String CONTENT="Forge" ID="St_1.2.9.3" HPOS="1100" VPOS="1840" HEIGHT="128" WIDTH="352" STYLEREFS="Style_6" WC="1" CC="00000"/>
						<SP ID="SP_1.2.9.4" HPOS="1420" VPOS="1856" WIDTH="72"/>
						<String CONTENT="and" ID="St_1.2.9.5" HPOS="1536" VPOS="1836" HEIGHT="100" WIDTH="212" STYLEREFS="Style_6" WC="1" CC="000"/>
						<SP ID="SP_1.2.9.6" HPOS="1712" VPOS="1836" WIDTH="76"/>
						<String CONTENT="the" ID="St_1.2.9.7" HPOS="1832" VPOS="1836" HEIGHT="100" WIDTH="180" STYLEREFS="Style_6" WC="1" CC="000"/>
						<SP ID="SP_1.2.9.8" HPOS="1984" VPOS="1856" WIDTH="68"/>
						<String CONTENT="presidents" ID="St_1.2.9.9" HPOS="2100" VPOS="1836" HEIGHT="132" WIDTH="604" STYLEREFS="Style_6" WC="0.985555555555556" CC="0000040000"/>
						<SP ID="SP_1.2.9.10" HPOS="2680" VPOS="1860" WIDTH="68"/>
						<String CONTENT="of" ID="St_1.2.9.11" HPOS="2788" VPOS="1836" HEIGHT="100" WIDTH="124" STYLEREFS="Style_6" WC="0.986666666666667" CC="00"/>
						<SP ID="SP_1.2.9.12" HPOS="2884" VPOS="1836" WIDTH="72"/>
						<String CONTENT="the" ID="St_1.2.9.13" HPOS="2996" VPOS="1840" HEIGHT="100" WIDTH="180" STYLEREFS="Style_6" WC="0.927777777777778" CC="0777"/>
						<SP ID="SP_1.2.9.14" HPOS="3148" VPOS="1864" WIDTH="72"/>
						<String CONTENT="United" ID="St_1.2.9.15" HPOS="3268" VPOS="1840" HEIGHT="104" WIDTH="408" STYLEREFS="Style_6" WC="0.938888888888889" CC="000000"/>
						<SP ID="SP_1.2.9.16" HPOS="3624" VPOS="1840" WIDTH="96"/>
						<String CONTENT="States" ID="St_1.2.9.17" HPOS="3768" VPOS="1840" HEIGHT="100" WIDTH="360" STYLEREFS="Style_6" WC="0.946666666666667" CC="000000"/>
						<SP ID="SP_1.2.9.18" HPOS="4104" VPOS="1856" WIDTH="64"/>
						<String CONTENT="of" ID="St_1.2.9.19" HPOS="4212" VPOS="1840" HEIGHT="100" WIDTH="124" STYLEREFS="Style_6" WC="0.95" CC="00"/>
					</TextLine>
					<TextLine ID="TL_1.2.10" HPOS="488" VPOS="1984" HEIGHT="136" WIDTH="3836">
						<String CONTENT="America," ID="St_1.2.10.1" HPOS="488" VPOS="1984" HEIGHT="124" WIDTH="532" STYLEREFS="Style_6" WC="1" CC="00000000"/>
						<SP ID="SP_1.2.10.2" HPOS="1008" VPOS="2028" WIDTH="36"/>
						<String CONTENT="by" ID="St_1.2.10.3" HPOS="1068" VPOS="1984" HEIGHT="132" WIDTH="144" STYLEREFS="Style_6" WC="1" CC="00"/>
						<SP ID="SP_1.2.10.4" HPOS="1176" VPOS="2004" WIDTH="64"/>
						<String CONTENT="Rev." ID="St_1.2.10.5" HPOS="1264" VPOS="1984" HEIGHT="108" WIDTH="256" STYLEREFS="Style_6" WC="1" CC="0000"/>
						<SP ID="SP_1.2.10.6" HPOS="1508" VPOS="2028" WIDTH="40"/>
						<String CONTENT="W." ID="St_1.2.10.7" HPOS="1580" VPOS="1988" HEIGHT="96" WIDTH="160" STYLEREFS="Style_6" WC="0.964444444444444" CC="51"/>
						<SP ID="SP_1.2.10.8" HPOS="1728" VPOS="2028" WIDTH="40"/>
						<String CONTENT="Herbert" ID="St_1.2.10.9" HPOS="1796" VPOS="1984" HEIGHT="104" WIDTH="480" STYLEREFS="Style_6" WC="0.95" CC="5000000"/>
						<SP ID="SP_1.2.10.10" HPOS="2248" VPOS="1992" WIDTH="48"/>
						<String CONTENT="Burk," ID="St_1.2.10.11" HPOS="2320" VPOS="1988" HEIGHT="112" WIDTH="344" STYLEREFS="Style_6" WC="0.948888888888889" CC="00003"/>
						<SP ID="SP_1.2.10.12" HPOS="2652" VPOS="2024" WIDTH="36"/>
						<String CONTENT="D" ID="St_1.2.10.13" HPOS="2716" VPOS="2024" HEIGHT="60" WIDTH="60" STYLEREFS="Style_7" WC="0.938888888888889" CC="3"/>
						<String CONTENT="." ID="St_1.2.10.14" HPOS="2772" VPOS="1984" HEIGHT="88" WIDTH="28" STYLEREFS="Style_7" WC="0.918888888888889" CC="7"/>
						<SP ID="SP_1.2.10.15" HPOS="2800" VPOS="1984" WIDTH="60"/>
						<String CONTENT="D." ID="St_1.2.10.16" HPOS="2860" VPOS="2024" HEIGHT="64" WIDTH="80" STYLEREFS="Style_7" WC="0.891111111111111" CC="71"/>
						<SP ID="SP_1.2.10.17" HPOS="2864" VPOS="2028" WIDTH="80"/>
						<String CONTENT="[Phi" ID="St_1.2.10.18" HPOS="3120" VPOS="1988" HEIGHT="96" WIDTH="208" STYLEREFS="Style_7" WC="0.898888888888889" CC="000"/>
						<String CONTENT="l" ID="St_1.2.10.19" HPOS="3340" VPOS="1988" HEIGHT="96" WIDTH="28" STYLEREFS="Style_8" WC="0.901111111111111" CC="0"/>
						<String CONTENT="adelphia," ID="St_1.2.10.20" HPOS="3388" VPOS="1988" HEIGHT="128" WIDTH="548" STYLEREFS="Style_8" WC="0.908888888888889" CC="000400000"/>
						<SP ID="SP_1.2.10.21" HPOS="3920" VPOS="2024" WIDTH="36"/>
						<String CONTENT="&#x368;" ID="St_1.2.10.22" HPOS="3984" VPOS="2000" HEIGHT="44" WIDTH="36" STYLEREFS="Style_8" WC="0.898888888888889" CC="7"/>
						<String CONTENT="1930]" ID="St_1.2.10.23" HPOS="4032" VPOS="1996" HEIGHT="124" WIDTH="292" STYLEREFS="Style_8" WC="0.894444444444444" CC="00007"/>
					</TextLine>
					<TextLine ID="TL_1.2.11" HPOS="624" VPOS="2144" HEIGHT="96" WIDTH="700">
						<String CONTENT="," ID="St_1.2.11.1" HPOS="624" VPOS="2184" HEIGHT="56" WIDTH="20" STYLEREFS="Style_8" WC="0.111111111111111" CC="8"/>
						<String CONTENT="[30" ID="St_1.2.11.2" HPOS="648" VPOS="2144" HEIGHT="80" WIDTH="112" STYLEREFS="Style_8" WC="0.628888888888889" CC="11"/>
						<String CONTENT="]" ID="St_1.2.11.3" HPOS="768" VPOS="2184" HEIGHT="56" WIDTH="20" STYLEREFS="Style_8" WC="0.527777777777778" CC="7"/>
						<SP ID="SP_1.2.11.4" HPOS="776" VPOS="2164" WIDTH="44"/>
						<String CONTENT="p." ID="St_1.2.11.5" HPOS="848" VPOS="2168" HEIGHT="72" WIDTH="76" STYLEREFS="Style_8" WC="0.73" CC="00"/>
						<SP ID="SP_1.2.11.6" HPOS="916" VPOS="2176" WIDTH="68"/>
						<String CONTENT="23&#xBD;&#x368;&#x36B;." ID="St_1.2.11.7" HPOS="1044" VPOS="2144" HEIGHT="84" WIDTH="280" STYLEREFS="Style_9" WC="0.768888888888889" CC="00451"/>
					</TextLine>
					<TextLine ID="TL_1.2.12" HPOS="624" VPOS="2252" HEIGHT="100" WIDTH="3708">
						<String CONTENT="&quot;Two" ID="St_1.2.12.1" HPOS="624" VPOS="2252" HEIGHT="80" WIDTH="276" STYLEREFS="Style_9" WC="0.888888888888889" CC="4000"/>
						<SP ID="SP_1.2.12.2" HPOS="872" VPOS="2264" WIDTH="60"/>
						<String CONTENT="hundred" ID="St_1.2.12.3" HPOS="960" VPOS="2252" HEIGHT="80" WIDTH="420" STYLEREFS="Style_9" WC="0.962222222222222" CC="0000000"/>
						<SP ID="SP_1.2.12.4" HPOS="1348" VPOS="2256" WIDTH="64"/>
						<String CONTENT="and" ID="St_1.2.12.5" HPOS="1448" VPOS="2260" HEIGHT="76" WIDTH="184" STYLEREFS="Style_9" WC="0.972222222222222" CC="000"/>
						<SP ID="SP_1.2.12.6" HPOS="1604" VPOS="2256" WIDTH="60"/>
						<String CONTENT="fifty" ID="St_1.2.12.7" HPOS="1700" VPOS="2252" HEIGHT="100" WIDTH="208" STYLEREFS="Style_9" WC="0.978888888888889" CC="00000"/>
						<SP ID="SP_1.2.12.8" HPOS="1880" VPOS="2264" WIDTH="60"/>
						<String CONTENT="copies" ID="St_1.2.12.9" HPOS="1976" VPOS="2252" HEIGHT="96" WIDTH="308" STYLEREFS="Style_9" WC="0.984444444444444" CC="000000"/>
						<SP ID="SP_1.2.12.10" HPOS="2260" VPOS="2260" WIDTH="56"/>
						<String CONTENT="of" ID="St_1.2.12.11" HPOS="2344" VPOS="2256" HEIGHT="76" WIDTH="100" STYLEREFS="Style_9" WC="0.985555555555556" CC="00"/>
						<SP ID="SP_1.2.12.12" HPOS="2420" VPOS="2252" WIDTH="52"/>
						<String CONTENT="this" ID="St_1.2.12.13" HPOS="2508" VPOS="2256" HEIGHT="76" WIDTH="192" STYLEREFS="Style_9" WC="0.987777777777778" CC="0000"/>
						<SP ID="SP_1.2.12.14" HPOS="2676" VPOS="2264" WIDTH="56"/>
						<String CONTENT="book" ID="St_1.2.12.15" HPOS="2764" VPOS="2260" HEIGHT="76" WIDTH="232" STYLEREFS="Style_9" WC="0.988888888888889" CC="0000"/>
						<SP ID="SP_1.2.12.16" HPOS="2964" VPOS="2256" WIDTH="64"/>
						<String CONTENT="have" ID="St_1.2.12.17" HPOS="3064" VPOS="2256" HEIGHT="76" WIDTH="236" STYLEREFS="Style_9" WC="0.98" CC="4000"/>
						<SP ID="SP_1.2.12.18" HPOS="3272" VPOS="2264" WIDTH="60"/>
						<String CONTENT="been" ID="St_1.2.12.19" HPOS="3360" VPOS="2260" HEIGHT="76" WIDTH="228" STYLEREFS="Style_9" WC="0.982222222222222" CC="0000"/>
						<SP ID="SP_1.2.12.20" HPOS="3556" VPOS="2264" WIDTH="64"/>
						<String CONTENT="printed" ID="St_1.2.12.21" HPOS="3656" VPOS="2256" HEIGHT="96" WIDTH="368" STYLEREFS="Style_9" WC="0.984444444444444" CC="0000000"/>
						<SP ID="SP_1.2.12.22" HPOS="3996" VPOS="2256" WIDTH="60"/>
						<String CONTENT="fr" ID="St_1.2.12.23" HPOS="4096" VPOS="2260" HEIGHT="76" WIDTH="92" STYLEREFS="Style_9" WC="0.985555555555556" CC="00"/>
						<String CONTENT="o" ID="St_1.2.12.24" HPOS="4196" VPOS="2276" HEIGHT="60" WIDTH="40" STYLEREFS="Style_9" WC="0.98" CC="3"/>
						<String CONTENT="m" ID="St_1.2.12.25" HPOS="4248" VPOS="2276" HEIGHT="56" WIDTH="84" STYLEREFS="Style_9" WC="0.978888888888889" CC="1"/>
					</TextLine>
					<TextLine ID="TL_1.2.13" HPOS="484" VPOS="2360" HEIGHT="96" WIDTH="1500">
						<String CONTENT="type," ID="St_1.2.13.1" HPOS="484" VPOS="2368" HEIGHT="88" WIDTH="240" STYLEREFS="Style_9" WC="1" CC="00000"/>
						<SP ID="SP_1.2.13.2" HPOS="712" VPOS="2396" WIDTH="40"/>
						<String CONTENT="of" ID="St_1.2.13.3" HPOS="780" VPOS="2368" HEIGHT="76" WIDTH="104" STYLEREFS="Style_9" WC="1" CC="00"/>
						<SP ID="SP_1.2.13.4" HPOS="860" VPOS="2368" WIDTH="44"/>
						<String CONTENT="which" ID="St_1.2.13.5" HPOS="928" VPOS="2364" HEIGHT="76" WIDTH="300" STYLEREFS="Style_9" WC="1" CC="00000"/>
						<SP ID="SP_1.2.13.6" HPOS="1196" VPOS="2364" WIDTH="60"/>
						<String CONTENT="this" ID="St_1.2.13.7" HPOS="1284" VPOS="2360" HEIGHT="84" WIDTH="188" STYLEREFS="Style_9" WC="1" CC="0000"/>
						<SP ID="SP_1.2.13.8" HPOS="1452" VPOS="2376" WIDTH="48"/>
						<String CONTENT="is" ID="St_1.2.13.9" HPOS="1524" VPOS="2364" HEIGHT="80" WIDTH="80" STYLEREFS="Style_9" WC="1" CC="00"/>
						<SP ID="SP_1.2.13.10" HPOS="1584" VPOS="2376" WIDTH="48"/>
						<String CONTENT="no." ID="St_1.2.13.11" HPOS="1656" VPOS="2384" HEIGHT="60" WIDTH="140" STYLEREFS="Style_9" WC="1" CC="000"/>
						<SP ID="SP_1.2.13.12" HPOS="1784" VPOS="2396" WIDTH="40"/>
						<String CONTENT="8.&quot;" ID="St_1.2.13.13" HPOS="1856" VPOS="2364" HEIGHT="76" WIDTH="128" STYLEREFS="Style_9" WC="0.962222222222222" CC="811"/>
					</TextLine>
					<TextLine ID="TL_1.2.14" HPOS="624" VPOS="2472" HEIGHT="92" WIDTH="1140">
						<String CONTENT="Signed" ID="St_1.2.14.1" HPOS="624" VPOS="2472" HEIGHT="92" WIDTH="336" STYLEREFS="Style_9" WC="1" CC="000000"/>
						<SP ID="SP_1.2.14.2" HPOS="932" VPOS="2476" WIDTH="56"/>
						<String CONTENT="by" ID="St_1.2.14.3" HPOS="1016" VPOS="2476" HEIGHT="88" WIDTH="120" STYLEREFS="Style_9" WC="1" CC="00"/>
						<SP ID="SP_1.2.14.4" HPOS="1104" VPOS="2484" WIDTH="60"/>
						<String CONTENT="the" ID="St_1.2.14.5" HPOS="1188" VPOS="2472" HEIGHT="80" WIDTH="156" STYLEREFS="Style_9" WC="1" CC="000"/>
						<SP ID="SP_1.2.14.6" HPOS="1320" VPOS="2488" WIDTH="52"/>
						<String CONTENT="author." ID="St_1.2.14.7" HPOS="1400" VPOS="2476" HEIGHT="80" WIDTH="364" STYLEREFS="Style_9" WC="1" CC="0000000"/>
					</TextLine>
					<TextLine ID="TL_1.2.15" HPOS="624" VPOS="2584" HEIGHT="96" WIDTH="3716">
						<String CONTENT="C" ID="St_1.2.15.1" HPOS="624" VPOS="2584" HEIGHT="76" WIDTH="64" STYLEREFS="Style_10" WC="0.888888888888889" CC="1"/>
						<String CONTENT="O" ID="St_1.2.15.2" HPOS="700" VPOS="2592" HEIGHT="64" WIDTH="56" STYLEREFS="Style_10" WC="0.777777777777778" CC="3"/>
						<String CONTENT="NTENT" ID="St_1.2.15.3" HPOS="760" VPOS="2600" HEIGHT="56" WIDTH="304" STYLEREFS="Style_10" WC="0.935555555555556" CC="00000"/>
						<String CONTENT="S" ID="St_1.2.15.4" HPOS="1076" VPOS="2600" HEIGHT="56" WIDTH="48" STYLEREFS="Style_10" WC="0.93" CC="1"/>
						<String CONTENT=".&#x2014;" ID="St_1.2.15.5" HPOS="1136" VPOS="2644" HEIGHT="16" WIDTH="12" STYLEREFS="Style_10" WC="0.901111111111111" CC="3"/>
						<String CONTENT="The" ID="St_1.2.15.6" HPOS="1152" VPOS="2584" HEIGHT="76" WIDTH="316" STYLEREFS="Style_10" WC="0.931111111111111" CC="0000"/>
						<SP ID="SP_1.2.15.7" HPOS="1440" VPOS="2592" WIDTH="60"/>
						<String CONTENT="Valley" ID="St_1.2.15.8" HPOS="1532" VPOS="2584" HEIGHT="96" WIDTH="324" STYLEREFS="Style_10" WC="0.955555555555556" CC="000000"/>
						<SP ID="SP_1.2.15.9" HPOS="1824" VPOS="2596" WIDTH="64"/>
						<String CONTENT="Forge" ID="St_1.2.15.10" HPOS="1920" VPOS="2584" HEIGHT="88" WIDTH="300" STYLEREFS="Style_10" WC="0.965555555555556" CC="00000"/>
						<SP ID="SP_1.2.15.11" HPOS="2192" VPOS="2592" WIDTH="56"/>
						<String CONTENT="address" ID="St_1.2.15.12" HPOS="2276" VPOS="2584" HEIGHT="76" WIDTH="392" STYLEREFS="Style_10" WC="0.973333333333333" CC="0000000"/>
						<SP ID="SP_1.2.15.13" HPOS="2644" VPOS="2592" WIDTH="56"/>
						<String CONTENT="by" ID="St_1.2.15.14" HPOS="2732" VPOS="2584" HEIGHT="92" WIDTH="112" STYLEREFS="Style_10" WC="0.975555555555556" CC="00"/>
						<SP ID="SP_1.2.15.15" HPOS="2812" VPOS="2596" WIDTH="68"/>
						<String CONTENT="President" ID="St_1.2.15.16" HPOS="2916" VPOS="2584" HEIGHT="76" WIDTH="480" STYLEREFS="Style_10" WC="0.98" CC="000000000"/>
						<SP ID="SP_1.2.15.17" HPOS="3376" VPOS="2584" WIDTH="56"/>
						<String CONTENT="Theud" ID="St_1.2.15.18" HPOS="3468" VPOS="2584" HEIGHT="76" WIDTH="308" STYLEREFS="Style_10" WC="0.974444444444444" CC="40000"/>
						<String CONTENT="o" ID="St_1.2.15.19" HPOS="3792" VPOS="2608" HEIGHT="48" WIDTH="44" STYLEREFS="Style_10" WC="0.966666666666667" CC="4"/>
						<String CONTENT="re" ID="St_1.2.15.20" HPOS="3852" VPOS="2604" HEIGHT="56" WIDTH="92" STYLEREFS="Style_10" WC="0.967777777777778" CC="00"/>
						<SP ID="SP_1.2.15.21" HPOS="3916" VPOS="2596" WIDTH="60"/>
						<String CONTENT="Roosevelt.&#x2014;" ID="St_1.2.15.22" HPOS="4012" VPOS="2588" HEIGHT="76" WIDTH="328" STYLEREFS="Style_10" WC="0.964444444444444" CC="400000"/>
					</TextLine>
					<TextLine ID="TL_1.2.16" HPOS="488" VPOS="2688" HEIGHT="100" WIDTH="3856">
						<String CONTENT="The" ID="St_1.2.16.1" HPOS="488" VPOS="2688" HEIGHT="80" WIDTH="528" STYLEREFS="Style_10" WC="0.851111111111111" CC="000041151"/>
						<SP ID="SP_1.2.16.2" HPOS="988" VPOS="2696" WIDTH="68"/>
						<String CONTENT="Valley" ID="St_1.2.16.3" HPOS="1100" VPOS="2688" HEIGHT="100" WIDTH="320" STYLEREFS="Style_10" WC="0.874444444444444" CC="500000"/>
						<SP ID="SP_1.2.16.4" HPOS="1392" VPOS="2700" WIDTH="68"/>
						<String CONTENT="Forge" ID="St_1.2.16.5" HPOS="1500" VPOS="2692" HEIGHT="88" WIDTH="292" STYLEREFS="Style_10" WC="0.908888888888889" CC="00000"/>
						<SP ID="SP_1.2.16.6" HPOS="1764" VPOS="2696" WIDTH="68"/>
						<String CONTENT="address" ID="St_1.2.16.7" HPOS="1880" VPOS="2692" HEIGHT="76" WIDTH="384" STYLEREFS="Style_10" WC="0.933333333333333" CC="0000000"/>
						<SP ID="SP_1.2.16.8" HPOS="2240" VPOS="2696" WIDTH="64"/>
						<String CONTENT="by" ID="St_1.2.16.9" HPOS="2344" VPOS="2692" HEIGHT="88" WIDTH="116" STYLEREFS="Style_10" WC="0.938888888888889" CC="00"/>
						<SP ID="SP_1.2.16.10" HPOS="2428" VPOS="2696" WIDTH="72"/>
						<String CONTENT="President" ID="St_1.2.16.11" HPOS="2544" VPOS="2692" HEIGHT="76" WIDTH="484" STYLEREFS="Style_10" WC="0.953333333333333" CC="000000000"/>
						<SP ID="SP_1.2.16.12" HPOS="3008" VPOS="2688" WIDTH="68"/>
						<String CONTENT="Warren" ID="St_1.2.16.13" HPOS="3112" VPOS="2696" HEIGHT="76" WIDTH="388" STYLEREFS="Style_10" WC="0.96" CC="000000"/>
						<SP ID="SP_1.2.16.14" HPOS="3472" VPOS="2700" WIDTH="68"/>
						<String CONTENT="G." ID="St_1.2.16.15" HPOS="3588" VPOS="2688" HEIGHT="84" WIDTH="96" STYLEREFS="Style_10" WC="0.953333333333333" CC="40"/>
						<SP ID="SP_1.2.16.16" HPOS="3676" VPOS="2720" WIDTH="48"/>
						<String CONTENT="Harding.&#x2014;" ID="St_1.2.16.17" HPOS="3772" VPOS="2696" HEIGHT="92" WIDTH="572" STYLEREFS="Style_10" WC="0.961111111111111" CC="000000000"/>
					</TextLine>
					<TextLine ID="TL_1.2.17" HPOS="492" VPOS="2800" HEIGHT="96" WIDTH="3848">
						<String CONTENT="Valley" ID="St_1.2.17.1" HPOS="492" VPOS="2800" HEIGHT="96" WIDTH="320" STYLEREFS="Style_10" WC="1" CC="000000"/>
						<SP ID="SP_1.2.17.2" HPOS="780" VPOS="2808" WIDTH="72"/>
						<String CONTENT="F" ID="St_1.2.17.3" HPOS="892" VPOS="2800" HEIGHT="72" WIDTH="72" STYLEREFS="Style_10" WC="1" CC="0"/>
						<String CONTENT="o" ID="St_1.2.17.4" HPOS="968" VPOS="2820" HEIGHT="56" WIDTH="52" STYLEREFS="Style_10" WC="1" CC="0"/>
						<String CONTENT="rge" ID="St_1.2.17.5" HPOS="1032" VPOS="2820" HEIGHT="68" WIDTH="152" STYLEREFS="Style_10" WC="1" CC="000"/>
						<SP ID="SP_1.2.17.6" HPOS="1160" VPOS="2808" WIDTH="64"/>
						<String CONTENT="and" ID="St_1.2.17.7" HPOS="1264" VPOS="2804" HEIGHT="72" WIDTH="184" STYLEREFS="Style_10" WC="1" CC="000"/>
						<SP ID="SP_1.2.17.8" HPOS="1420" VPOS="2800" WIDTH="68"/>
						<String CONTENT="the" ID="St_1.2.17.9" HPOS="1528" VPOS="2800" HEIGHT="76" WIDTH="156" STYLEREFS="Style_10" WC="0.977777777777778" CC="040"/>
						<SP ID="SP_1.2.17.10" HPOS="1660" VPOS="2808" WIDTH="64"/>
						<String CONTENT="presidents" ID="St_1.2.17.11" HPOS="1764" VPOS="2800" HEIGHT="92" WIDTH="520" STYLEREFS="Style_10" WC="0.971111111111111" CC="0000000400"/>
						<SP ID="SP_1.2.17.12" HPOS="2260" VPOS="2808" WIDTH="64"/>
						<String CONTENT="o" ID="St_1.2.17.13" HPOS="2364" VPOS="2824" HEIGHT="52" WIDTH="52" STYLEREFS="Style_10" WC="0.962222222222222" CC="3"/>
						<String CONTENT="f" ID="St_1.2.17.14" HPOS="2424" VPOS="2804" HEIGHT="72" WIDTH="40" STYLEREFS="Style_10" WC="0.953333333333333" CC="3"/>
						<SP ID="SP_1.2.17.15" HPOS="2440" VPOS="2800" WIDTH="64"/>
						<String CONTENT="the" ID="St_1.2.17.16" HPOS="2544" VPOS="2800" HEIGHT="76" WIDTH="156" STYLEREFS="Style_10" WC="0.958888888888889" CC="000"/>
						<SP ID="SP_1.2.17.17" HPOS="2672" VPOS="2808" WIDTH="68"/>
						<String CONTENT="United" ID="St_1.2.17.18" HPOS="2780" VPOS="2800" HEIGHT="80" WIDTH="336" STYLEREFS="Style_10" WC="0.964444444444444" CC="000000"/>
						<SP ID="SP_1.2.17.19" HPOS="3088" VPOS="2800" WIDTH="72"/>
						<String CONTENT="States" ID="St_1.2.17.20" HPOS="3204" VPOS="2800" HEIGHT="80" WIDTH="312" STYLEREFS="Style_10" WC="0.97" CC="000000"/>
						<SP ID="SP_1.2.17.21" HPOS="3492" VPOS="2808" WIDTH="64"/>
						<String CONTENT="o" ID="St_1.2.17.22" HPOS="3600" VPOS="2824" HEIGHT="52" WIDTH="44" STYLEREFS="Style_10" WC="0.962222222222222" CC="4"/>
						<String CONTENT="f" ID="St_1.2.17.23" HPOS="3656" VPOS="2804" HEIGHT="72" WIDTH="40" STYLEREFS="Style_10" WC="0.963333333333333" CC="0"/>
						<SP ID="SP_1.2.17.24" HPOS="3672" VPOS="2800" WIDTH="56"/>
						<String CONTENT="America.&#x2014;" ID="St_1.2.17.25" HPOS="3768" VPOS="2804" HEIGHT="80" WIDTH="572" STYLEREFS="Style_10" WC="0.968888888888889" CC="000000000"/>
					</TextLine>
					<TextLine ID="TL_1.2.18" HPOS="488" VPOS="2908" HEIGHT="92" WIDTH="1476">
						<String CONTENT="Washington" ID="St_1.2.18.1" HPOS="488" VPOS="2908" HEIGHT="92" WIDTH="608" STYLEREFS="Style_10" WC="1" CC="0000000000"/>
						<SP ID="SP_1.2.18.2" HPOS="1064" VPOS="2920" WIDTH="64"/>
						<String CONTENT="the" ID="St_1.2.18.3" HPOS="1160" VPOS="2912" HEIGHT="72" WIDTH="156" STYLEREFS="Style_10" WC="1" CC="000"/>
						<SP ID="SP_1.2.18.4" HPOS="1292" VPOS="2920" WIDTH="52"/>
						<String CONTENT="churchman." ID="St_1.2.18.5" HPOS="1372" VPOS="2908" HEIGHT="84" WIDTH="592" STYLEREFS="Style_10" WC="1" CC="0000000000"/>
					</TextLine>
					<TextLine ID="TL_1.2.19" HPOS="508" VPOS="3036" HEIGHT="100" WIDTH="3832">
						<String CONTENT="&#x00A9;" ID="St_1.2.19.1" HPOS="508" VPOS="3040" HEIGHT="88" WIDTH="92" STYLEREFS="Style_10" WC="0.222222222222222" CC="7"/>
						<SP ID="SP_1.2.19.2" HPOS="552" VPOS="3036" WIDTH="88"/>
						<String CONTENT="Dec." ID="St_1.2.19.3" HPOS="676" VPOS="3040" HEIGHT="80" WIDTH="208" STYLEREFS="Style_10" WC="0.647777777777778" CC="3131"/>
						<SP ID="SP_1.2.19.4" HPOS="876" VPOS="3080" WIDTH="44"/>
						<String CONTENT="22," ID="St_1.2.19.5" HPOS="960" VPOS="3036" HEIGHT="96" WIDTH="128" STYLEREFS="Style_10" WC="0.777777777777778" CC="000"/>
						<SP ID="SP_1.2.19.6" HPOS="1076" VPOS="3080" WIDTH="48"/>
						<String CONTENT="1" ID="St_1.2.19.7" HPOS="1160" VPOS="3044" HEIGHT="68" WIDTH="32" STYLEREFS="Style_10" WC="0.814444444444444" CC="0"/>
						<String CONTENT="93" ID="St_1.2.19.8" HPOS="1216" VPOS="3040" HEIGHT="80" WIDTH="104" STYLEREFS="Style_10" WC="0.768888888888889" CC="54"/>
						<String CONTENT="0;" ID="St_1.2.19.9" HPOS="1324" VPOS="3040" HEIGHT="80" WIDTH="104" STYLEREFS="Style_10" WC="0.797777777777778" CC="00"/>
						<SP ID="SP_1.2.19.10" HPOS="1416" VPOS="3060" WIDTH="48"/>
						<String CONTENT="2c." ID="St_1.2.19.11" HPOS="1500" VPOS="3036" HEIGHT="84" WIDTH="128" STYLEREFS="Style_10" WC="0.794444444444444" CC="071"/>
						<SP ID="SP_1.2.19.12" HPOS="1620" VPOS="3080" WIDTH="56"/>
						<String CONTENT="a" ID="St_1.2.19.13" HPOS="1700" VPOS="3064" HEIGHT="48" WIDTH="44" STYLEREFS="Style_10" WC="0.792222222222222" CC="3"/>
						<String CONTENT="nd" ID="St_1.2.19.14" HPOS="1760" VPOS="3044" HEIGHT="72" WIDTH="124" STYLEREFS="Style_10" WC="0.791111111111111" CC="13"/>
						<SP ID="SP_1.2.19.15" HPOS="1852" VPOS="3052" WIDTH="64"/>
						<String CONTENT="aff." ID="St_1.2.19.16" HPOS="1952" VPOS="3040" HEIGHT="76" WIDTH="160" STYLEREFS="Style_10" WC="0.792222222222222" CC="1331"/>
						<SP ID="SP_1.2.19.17" HPOS="2100" VPOS="3080" WIDTH="52"/>
						<String CONTENT="Dec" ID="St_1.2.19.18" HPOS="2196" VPOS="3040" HEIGHT="72" WIDTH="172" STYLEREFS="Style_10" WC="0.791111111111111" CC="331"/>
						<String CONTENT="." ID="St_1.2.19.19" HPOS="2380" VPOS="3104" HEIGHT="12" WIDTH="16" STYLEREFS="Style_10" WC="0.793333333333333" CC="1"/>
						<SP ID="SP_1.2.19.20" HPOS="2384" VPOS="3080" WIDTH="48"/>
						<String CONTENT="31;" ID="St_1.2.19.21" HPOS="2472" VPOS="3040" HEIGHT="88" WIDTH="152" STYLEREFS="Style_10" WC="0.812222222222222" CC="000"/>
						<SP ID="SP_1.2.19.22" HPOS="2616" VPOS="3060" WIDTH="48"/>
						<String CONTENT="A" ID="St_1.2.19.23" HPOS="2700" VPOS="3040" HEIGHT="76" WIDTH="84" STYLEREFS="Style_10" WC="0.822222222222222" CC="0"/>
						<SP ID="SP_1.2.19.24" HPOS="2740" VPOS="3048" WIDTH="72"/>
						<String CONTENT="32" ID="St_1.2.19.25" HPOS="2844" VPOS="3036" HEIGHT="80" WIDTH="108" STYLEREFS="Style_10" WC="0.834444444444444" CC="00"/>
						<String CONTENT="5" ID="St_1.2.19.26" HPOS="2956" VPOS="3040" HEIGHT="76" WIDTH="52" STYLEREFS="Style_10" WC="0.827777777777778" CC="4"/>
						<String CONTENT="10;" ID="St_1.2.19.27" HPOS="3016" VPOS="3040" HEIGHT="92" WIDTH="160" STYLEREFS="Style_10" WC="0.838888888888889" CC="000"/>
						<SP ID="SP_1.2.19.28" HPOS="3164" VPOS="3060" WIDTH="48"/>
						<String CONTENT="W." ID="St_1.2.19.29" HPOS="3252" VPOS="3040" HEIGHT="80" WIDTH="140" STYLEREFS="Style_10" WC="0.848888888888889" CC="00"/>
						<SP ID="SP_1.2.19.30" HPOS="3380" VPOS="3080" WIDTH="48"/>
						<String CONTENT="H." ID="St_1.2.19.31" HPOS="3464" VPOS="3040" HEIGHT="76" WIDTH="116" STYLEREFS="Style_10" WC="0.856666666666667" CC="00"/>
						<SP ID="SP_1.2.19.32" HPOS="3568" VPOS="3080" WIDTH="48"/>
						<String CONTENT="Burk," ID="St_1.2.19.33" HPOS="3652" VPOS="3040" HEIGHT="92" WIDTH="288" STYLEREFS="Style_10" WC="0.871111111111111" CC="00000"/>
						<SP ID="SP_1.2.19.34" HPOS="3928" VPOS="3080" WIDTH="48"/>
						<String CONTENT="Valley" ID="St_1.2.19.35" HPOS="4016" VPOS="3040" HEIGHT="96" WIDTH="324" STYLEREFS="Style_10" WC="0.884444444444444" CC="000000"/>
					</TextLine>
					<TextLine ID="TL_1.2.20" HPOS="636" VPOS="3148" HEIGHT="108" WIDTH="3528">
						<String CONTENT="Forge," ID="St_1.2.20.1" HPOS="636" VPOS="3152" HEIGHT="92" WIDTH="320" STYLEREFS="Style_10" WC="1" CC="000000"/>
						<SP ID="SP_1.2.20.2" HPOS="944" VPOS="3208" WIDTH="40"/>
						<String CONTENT="Pa." ID="St_1.2.20.3" HPOS="1008" VPOS="3152" HEIGHT="80" WIDTH="160" STYLEREFS="Style_10" WC="1" CC="000"/>
						<SP ID="SP_1.2.20.4" HPOS="1156" VPOS="3208" WIDTH="80"/>
						<String CONTENT="(3" ID="St_1.2.20.5" HPOS="1304" VPOS="3148" HEIGHT="76" WIDTH="92" STYLEREFS="Style_10" WC="1" CC="00"/>
						<String CONTENT="1" ID="St_1.2.20.6" HPOS="1412" VPOS="3152" HEIGHT="72" WIDTH="44" STYLEREFS="Style_10" WC="0.96" CC="5"/>
						<String CONTENT="-" ID="St_1.2.20.7" HPOS="1456" VPOS="3196" HEIGHT="4" WIDTH="60" STYLEREFS="Style_10" WC="0.955555555555556" CC="1"/>
						<String CONTENT="2" ID="St_1.2.20.8" HPOS="1504" VPOS="3176" HEIGHT="72" WIDTH="56" STYLEREFS="Style_10" WC="0.93" CC="4"/>
						<String CONTENT="112)" ID="St_1.2.20.9" HPOS="1580" VPOS="3148" HEIGHT="96" WIDTH="208" STYLEREFS="Style_10" WC="0.944444444444444" CC="0000"/>
						<SP ID="SP_1.2.20.10" HPOS="1772" VPOS="3168" WIDTH="2104"/>
						<String CONTENT="14387" ID="St_1.2.20.11" HPOS="3876" VPOS="3148" HEIGHT="80" WIDTH="288" STYLEREFS="Style_10" WC="0.732222222222222" CC="00000"/>
					</TextLine>
					<TextLine ID="TL_1.2.21" HPOS="496" VPOS="3332" HEIGHT="132" WIDTH="2412">
						<String CONTENT="Catholic" ID="St_1.2.21.1" HPOS="496" VPOS="3332" HEIGHT="104" WIDTH="512" STYLEREFS="Style_10" WC="1" CC="00000000"/>
						<SP ID="SP_1.2.21.2" HPOS="980" VPOS="3352" WIDTH="60"/>
						<String CONTENT="congress." ID="St_1.2.21.3" HPOS="1068" VPOS="3360" HEIGHT="96" WIDTH="572" STYLEREFS="Style_10" WC="1" CC="000000000"/>
						<SP ID="SP_1.2.21.4" HPOS="1628" VPOS="3372" WIDTH="84"/>
						<String CONTENT="5th," ID="St_1.2.21.5" HPOS="1788" VPOS="3336" HEIGHT="124" WIDTH="220" STYLEREFS="Style_10" WC="0.936666666666667" CC="8140"/>
						<SP ID="SP_1.2.21.6" HPOS="1996" VPOS="3376" WIDTH="44"/>
						<String CONTENT="Buffa" ID="St_1.2.21.7" HPOS="2076" VPOS="3332" HEIGHT="128" WIDTH="332" STYLEREFS="Style_10" WC="0.937777777777778" CC="00003"/>
						<String CONTENT="l" ID="St_1.2.21.8" HPOS="2420" VPOS="3336" HEIGHT="100" WIDTH="36" STYLEREFS="Style_10" WC="0.928888888888889" CC="3"/>
						<String CONTENT="o," ID="St_1.2.21.9" HPOS="2464" VPOS="3372" HEIGHT="92" WIDTH="92" STYLEREFS="Style_10" WC="0.933333333333333" CC="00"/>
						<SP ID="SP_1.2.21.10" HPOS="2544" VPOS="3376" WIDTH="48"/>
						<String CONTENT="1930." ID="St_1.2.21.11" HPOS="2628" VPOS="3340" HEIGHT="96" WIDTH="280" STYLEREFS="Style_10" WC="0.944444444444444" CC="00000"/>
					</TextLine>
					<TextLine ID="TL_1.2.22" HPOS="620" VPOS="3476" HEIGHT="136" WIDTH="3724">
						<String CONTENT="The" ID="St_1.2.22.1" HPOS="620" VPOS="3484" HEIGHT="100" WIDTH="236" STYLEREFS="Style_10" WC="1" CC="000"/>
						<SP ID="SP_1.2.22.2" HPOS="824" VPOS="3500" WIDTH="64"/>
						<String CONTENT="body" ID="St_1.2.22.3" HPOS="920" VPOS="3480" HEIGHT="108" WIDTH="284" STYLEREFS="Style_10" WC="1" CC="0000"/>
						<SP ID="SP_1.2.22.4" HPOS="1168" VPOS="3500" WIDTH="72"/>
						<String CONTENT="of" ID="St_1.2.22.5" HPOS="1276" VPOS="3480" HEIGHT="100" WIDTH="120" STYLEREFS="Style_10" WC="1" CC="00"/>
						<SP ID="SP_1.2.22.6" HPOS="1368" VPOS="3480" WIDTH="68"/>
						<String CONTENT="Christ:" ID="St_1.2.22.7" HPOS="1472" VPOS="3476" HEIGHT="108" WIDTH="424" STYLEREFS="Style_10" WC="1" CC="0000000"/>
						<SP ID="SP_1.2.22.8" HPOS="1884" VPOS="3500" WIDTH="52"/>
						<String CONTENT="addresses" ID="St_1.2.22.9" HPOS="1976" VPOS="3476" HEIGHT="108" WIDTH="556" STYLEREFS="Style_10" WC="1" CC="000000000"/>
						<SP ID="SP_1.2.22.10" HPOS="2508" VPOS="3500" WIDTH="60"/>
						<String CONTENT="and" ID="St_1.2.22.11" HPOS="2608" VPOS="3476" HEIGHT="108" WIDTH="216" STYLEREFS="Style_10" WC="0.985555555555556" CC="040"/>
						<SP ID="SP_1.2.22.12" HPOS="2784" VPOS="3476" WIDTH="76"/>
						<String CONTENT="papers" ID="St_1.2.22.13" HPOS="2896" VPOS="3516" HEIGHT="96" WIDTH="396" STYLEREFS="Style_10" WC="0.988888888888889" CC="000000"/>
						<SP ID="SP_1.2.22.14" HPOS="3264" VPOS="3500" WIDTH="60"/>
						<String CONTENT="delivered" ID="St_1.2.22.15" HPOS="3360" VPOS="3480" HEIGHT="104" WIDTH="548" STYLEREFS="Style_10" WC="0.991111111111111" CC="000000000"/>
						<SP ID="SP_1.2.22.16" HPOS="3872" VPOS="3480" WIDTH="68"/>
						<String CONTENT="at" ID="St_1.2.22.17" HPOS="3980" VPOS="3488" HEIGHT="96" WIDTH="112" STYLEREFS="Style_10" WC="0.991111111111111" CC="00"/>
						<SP ID="SP_1.2.22.18" HPOS="4068" VPOS="3484" WIDTH="56"/>
						<String CONTENT="the" ID="St_1.2.22.19" HPOS="4160" VPOS="3484" HEIGHT="100" WIDTH="184" STYLEREFS="Style_10" WC="0.991111111111111" CC="000"/>
					</TextLine>
					<TextLine ID="TL_1.2.23" HPOS="492" VPOS="3628" HEIGHT="132" WIDTH="3856">
						<String CONTENT="fifth" ID="St_1.2.23.1" HPOS="492" VPOS="3628" HEIGHT="108" WIDTH="256" STYLEREFS="Style_10" WC="1" CC="00000"/>
						<SP ID="SP_1.2.23.2" HPOS="708" VPOS="3636" WIDTH="64"/>
						<String CONTENT="Catholic" ID="St_1.2.23.3" HPOS="800" VPOS="3628" HEIGHT="108" WIDTH="500" STYLEREFS="Style_10" WC="1" CC="00000000"/>
						<SP ID="SP_1.2.23.4" HPOS="1272" VPOS="3652" WIDTH="52"/>
						<String CONTENT="congress" ID="St_1.2.23.5" HPOS="1352" VPOS="3664" HEIGHT="96" WIDTH="496" STYLEREFS="Style_10" WC="1" CC="00000000"/>
						<SP ID="SP_1.2.23.6" HPOS="1820" VPOS="3652" WIDTH="52"/>
						<String CONTENT="of" ID="St_1.2.23.7" HPOS="1896" VPOS="3628" HEIGHT="104" WIDTH="124" STYLEREFS="Style_10" WC="1" CC="00"/>
						<SP ID="SP_1.2.23.8" HPOS="1992" VPOS="3632" WIDTH="56"/>
						<String CONTENT="the" ID="St_1.2.23.9" HPOS="2072" VPOS="3632" HEIGHT="96" WIDTH="180" STYLEREFS="Style_10" WC="1" CC="000"/>
						<SP ID="SP_1.2.23.10" HPOS="2224" VPOS="3652" WIDTH="56"/>
						<String CONTENT="Episcopal" ID="St_1.2.23.11" HPOS="2304" VPOS="3628" HEIGHT="132" WIDTH="596" STYLEREFS="Style_10" WC="1" CC="000000000"/>
						<SP ID="SP_1.2.23.12" HPOS="2880" VPOS="3632" WIDTH="48"/>
						<String CONTENT="church," ID="St_1.2.23.13" HPOS="2956" VPOS="3632" HEIGHT="120" WIDTH="440" STYLEREFS="Style_10" WC="0.99" CC="0000004"/>
						<SP ID="SP_1.2.23.14" HPOS="3380" VPOS="3676" WIDTH="40"/>
						<String CONTENT="Buffalo," ID="St_1.2.23.15" HPOS="3448" VPOS="3628" HEIGHT="116" WIDTH="480" STYLEREFS="Style_10" WC="0.98" CC="14000000"/>
						<SP ID="SP_1.2.23.16" HPOS="3916" VPOS="3672" WIDTH="40"/>
						<String CONTENT="N." ID="St_1.2.23.17" HPOS="3984" VPOS="3628" HEIGHT="104" WIDTH="128" STYLEREFS="Style_11" WC="0.981111111111111" CC="00"/>
						<SP ID="SP_1.2.23.18" HPOS="4100" VPOS="3672" WIDTH="44"/>
						<String CONTENT="Y.," ID="St_1.2.23.19" HPOS="4176" VPOS="3628" HEIGHT="116" WIDTH="172" STYLEREFS="Style_11" WC="0.972222222222222" CC="411"/>
					</TextLine>
					<TextLine ID="TL_1.2.24" HPOS="492" VPOS="3776" HEIGHT="136" WIDTH="3852">
						<String CONTENT="October" ID="St_1.2.24.1" HPOS="492" VPOS="3776" HEIGHT="108" WIDTH="468" STYLEREFS="Style_11" WC="1" CC="0000000"/>
						<SP ID="SP_1.2.24.2" HPOS="928" VPOS="3796" WIDTH="56"/>
						<String CONTENT="28th" ID="St_1.2.24.3" HPOS="1008" VPOS="3780" HEIGHT="100" WIDTH="252" STYLEREFS="Style_11" WC="1" CC="0000"/>
						<SP ID="SP_1.2.24.4" HPOS="1204" VPOS="3780" WIDTH="84"/>
						<String CONTENT="to" ID="St_1.2.24.5" HPOS="1316" VPOS="3792" HEIGHT="88" WIDTH="108" STYLEREFS="Style_11" WC="1" CC="00"/>
						<SP ID="SP_1.2.24.6" HPOS="1392" VPOS="3796" WIDTH="60"/>
						<String CONTENT="30th," ID="St_1.2.24.7" HPOS="1476" VPOS="3780" HEIGHT="132" WIDTH="288" STYLEREFS="Style_11" WC="1" CC="00000"/>
						<SP ID="SP_1.2.24.8" HPOS="1752" VPOS="3820" WIDTH="40"/>
						<String CONTENT="1930." ID="St_1.2.24.9" HPOS="1816" VPOS="3784" HEIGHT="96" WIDTH="288" STYLEREFS="Style_11" WC="1" CC="00000"/>
						<SP ID="SP_1.2.24.10" HPOS="2092" VPOS="3820" WIDTH="76"/>
						<String CONTENT="Auspices" ID="St_1.2.24.11" HPOS="2232" VPOS="3776" HEIGHT="132" WIDTH="524" STYLEREFS="Style_11" WC="1" CC="00000000"/>
						<SP ID="SP_1.2.24.12" HPOS="2732" VPOS="3796" WIDTH="52"/>
						<String CONTENT="of" ID="St_1.2.24.13" HPOS="2808" VPOS="3780" HEIGHT="100" WIDTH="124" STYLEREFS="Style_11" WC="1" CC="00"/>
						<SP ID="SP_1.2.24.14" HPOS="2904" VPOS="3780" WIDTH="56"/>
						<String CONTENT="the" ID="St_1.2.24.15" HPOS="2984" VPOS="3780" HEIGHT="104" WIDTH="180" STYLEREFS="Style_11" WC="1" CC="000"/>
						<SP ID="SP_1.2.24.16" HPOS="3136" VPOS="3796" WIDTH="56"/>
						<String CONTENT="Central" ID="St_1.2.24.17" HPOS="3220" VPOS="3776" HEIGHT="108" WIDTH="444" STYLEREFS="Style_11" WC="1" CC="0000000"/>
						<SP ID="SP_1.2.24.18" HPOS="3644" VPOS="3780" WIDTH="48"/>
						<String CONTENT="conference" ID="St_1.2.24.19" HPOS="3720" VPOS="3776" HEIGHT="104" WIDTH="624" STYLEREFS="Style_11" WC="1" CC="0000000000"/>
					</TextLine>
					<TextLine ID="TL_1.2.25" HPOS="488" VPOS="3924" HEIGHT="136" WIDTH="3852">
						<String CONTENT="of" ID="St_1.2.25.1" HPOS="488" VPOS="3932" HEIGHT="100" WIDTH="124" STYLEREFS="Style_11" WC="1" CC="00"/>
						<SP ID="SP_1.2.25.2" HPOS="584" VPOS="3928" WIDTH="72"/>
						<String CONTENT="associated" ID="St_1.2.25.3" HPOS="696" VPOS="3928" HEIGHT="108" WIDTH="592" STYLEREFS="Style_11" WC="1" CC="0000000000"/>
						<SP ID="SP_1.2.25.4" HPOS="1256" VPOS="3924" WIDTH="80"/>
						<String CONTENT="Catholic" ID="St_1.2.25.5" HPOS="1384" VPOS="3928" HEIGHT="108" WIDTH="500" STYLEREFS="Style_11" WC="1" CC="00000000"/>
						<SP ID="SP_1.2.25.6" HPOS="1856" VPOS="3940" WIDTH="76"/>
						<String CONTENT="priests." ID="St_1.2.25.7" HPOS="1980" VPOS="3928" HEIGHT="132" WIDTH="420" STYLEREFS="Style_11" WC="1" CC="00000000"/>
						<SP ID="SP_1.2.25.8" HPOS="2388" VPOS="3928" WIDTH="232"/>
						<String CONTENT="Milwaukee," ID="St_1.2.25.9" HPOS="2564" VPOS="3928" HEIGHT="108" WIDTH="684" STYLEREFS="Style_11" WC="0.962222222222222" CC="0000000003"/>
						<SP ID="SP_1.2.25.10" HPOS="3236" VPOS="3964" WIDTH="56"/>
						<String CONTENT="Morehouse" ID="St_1.2.25.11" HPOS="3344" VPOS="3928" HEIGHT="108" WIDTH="640" STYLEREFS="Style_11" WC="0.966666666666667" CC="000000000"/>
						<SP ID="SP_1.2.25.12" HPOS="3956" VPOS="3944" WIDTH="72"/>
						<String CONTENT="pub-" ID="St_1.2.25.13" HPOS="4080" VPOS="3928" HEIGHT="132" WIDTH="260" STYLEREFS="Style_11" WC="0.958888888888889" CC="0411"/>
					</TextLine>
					<TextLine ID="TL_1.2.26" HPOS="488" VPOS="4076" HEIGHT="136" WIDTH="2960">
						<String CONTENT="lishing" ID="St_1.2.26.1" HPOS="488" VPOS="4076" HEIGHT="136" WIDTH="416" STYLEREFS="Style_11" WC="0.904444444444445" CC="1113000"/>
						<SP ID="SP_1.2.26.2" HPOS="864" VPOS="4096" WIDTH="60"/>
						<String CONTENT="c" ID="St_1.2.26.3" HPOS="944" VPOS="4116" HEIGHT="64" WIDTH="52" STYLEREFS="Style_11" WC="0.925555555555556" CC="0"/>
						<String CONTENT="o" ID="St_1.2.26.4" HPOS="1004" VPOS="4116" HEIGHT="64" WIDTH="56" STYLEREFS="Style_11" WC="0.933333333333333" CC="0"/>
						<String CONTENT=".;" ID="St_1.2.26.5" HPOS="1072" VPOS="4116" HEIGHT="88" WIDTH="80" STYLEREFS="Style_11" WC="0.944444444444444" CC="00"/>
						<SP ID="SP_1.2.26.6" HPOS="1140" VPOS="4096" WIDTH="40"/>
						<String CONTENT="London," ID="St_1.2.26.7" HPOS="1204" VPOS="4080" HEIGHT="132" WIDTH="492" STYLEREFS="Style_11" WC="0.966666666666667" CC="0000000"/>
						<SP ID="SP_1.2.26.8" HPOS="1684" VPOS="4120" WIDTH="36"/>
						<String CONTENT="A." ID="St_1.2.26.9" HPOS="1744" VPOS="4080" HEIGHT="100" WIDTH="132" STYLEREFS="Style_11" WC="0.97" CC="00"/>
						<SP ID="SP_1.2.26.10" HPOS="1864" VPOS="4116" WIDTH="40"/>
						<String CONTENT="R." ID="St_1.2.26.11" HPOS="1932" VPOS="4076" HEIGHT="104" WIDTH="128" STYLEREFS="Style_11" WC="0.973333333333333" CC="00"/>
						<SP ID="SP_1.2.26.12" HPOS="2048" VPOS="4116" WIDTH="36"/>
						<String CONTENT="Mo" ID="St_1.2.26.13" HPOS="2112" VPOS="4076" HEIGHT="104" WIDTH="184" STYLEREFS="Style_11" WC="0.976666666666667" CC="00"/>
						<String CONTENT="wbray" ID="St_1.2.26.14" HPOS="2308" VPOS="4076" HEIGHT="132" WIDTH="376" STYLEREFS="Style_11" WC="0.98" CC="00000"/>
						<SP ID="SP_1.2.26.15" HPOS="2644" VPOS="4092" WIDTH="64"/>
						<String CONTENT="&amp;" ID="St_1.2.26.16" HPOS="2732" VPOS="4080" HEIGHT="100" WIDTH="88" STYLEREFS="Style_11" WC="0.981111111111111" CC="0"/>
						<SP ID="SP_1.2.26.17" HPOS="2772" VPOS="4076" WIDTH="72"/>
						<String CONTENT="co." ID="St_1.2.26.18" HPOS="2868" VPOS="4112" HEIGHT="68" WIDTH="144" STYLEREFS="Style_11" WC="0.983333333333333" CC="000"/>
						<SP ID="SP_1.2.26.19" HPOS="3000" VPOS="4116" WIDTH="44"/>
						<String CONTENT="[" ID="St_1.2.26.20" HPOS="3076" VPOS="4148" HEIGHT="64" WIDTH="24" STYLEREFS="Style_11" WC="0.965555555555556" CC="7"/>
						<String CONTENT="&#x368;" ID="St_1.2.26.21" HPOS="3112" VPOS="4092" HEIGHT="40" WIDTH="32" STYLEREFS="Style_11" WC="0.947777777777778" CC="7"/>
						<String CONTENT="1930]" ID="St_1.2.26.22" HPOS="3156" VPOS="4084" HEIGHT="124" WIDTH="292" STYLEREFS="Style_11" WC="0.934444444444444" CC="00008"/>
					</TextLine>
					<TextLine ID="TL_1.2.27" HPOS="628" VPOS="4232" HEIGHT="96" WIDTH="928">
						<String CONTENT="112" ID="St_1.2.27.1" HPOS="628" VPOS="4232" HEIGHT="76" WIDTH="160" STYLEREFS="Style_11" WC="1" CC="000"/>
						<SP ID="SP_1.2.27.2" HPOS="764" VPOS="4232" WIDTH="60"/>
						<String CONTENT="p." ID="St_1.2.27.3" HPOS="856" VPOS="4256" HEIGHT="72" WIDTH="80" STYLEREFS="Style_11" WC="1" CC="00"/>
						<SP ID="SP_1.2.27.4" HPOS="928" VPOS="4260" WIDTH="64"/>
						<String CONTENT="1" ID="St_1.2.27.5" HPOS="1052" VPOS="4232" HEIGHT="76" WIDTH="48" STYLEREFS="Style_12" WC="1" CC="0"/>
						<String CONTENT="9&#x0368;&#x036B;." ID="St_1.2.27.6" HPOS="1108" VPOS="4232" HEIGHT="84" WIDTH="448" STYLEREFS="Style_12" WC="0.925555555555556" CC="4004"/>
					</TextLine>
					<TextLine ID="TL_1.2.28" HPOS="580" VPOS="4368" HEIGHT="96" WIDTH="3440">
						<String CONTENT="&#x00A9;" ID="St_1.2.28.1" HPOS="580" VPOS="4376" HEIGHT="84" WIDTH="24" STYLEREFS="Style_12" WC="1" CC="0"/>
						<SP ID="SP_1.2.28.2" HPOS="592" VPOS="4376" WIDTH="40"/>
						<String CONTENT="Oc" ID="St_1.2.28.3" HPOS="660" VPOS="4376" HEIGHT="76" WIDTH="124" STYLEREFS="Style_12" WC="0.777777777777778" CC="14"/>
						<String CONTENT="t." ID="St_1.2.28.4" HPOS="796" VPOS="4380" HEIGHT="72" WIDTH="60" STYLEREFS="Style_12" WC="0.851111111111111" CC="00"/>
						<SP ID="SP_1.2.28.5" HPOS="848" VPOS="4416" WIDTH="36"/>
						<String CONTENT="30" ID="St_1.2.28.6" HPOS="908" VPOS="4376" HEIGHT="76" WIDTH="108" STYLEREFS="Style_12" WC="0.851111111111111" CC="31"/>
						<String CONTENT="," ID="St_1.2.28.7" HPOS="1024" VPOS="4440" HEIGHT="20" WIDTH="16" STYLEREFS="Style_13" WC="0.788888888888889" CC="7"/>
						<SP ID="SP_1.2.28.8" HPOS="1020" VPOS="4416" WIDTH="48"/>
						<String CONTENT="19" ID="St_1.2.28.9" HPOS="1096" VPOS="4376" HEIGHT="76" WIDTH="104" STYLEREFS="Style_13" WC="0.836666666666667" CC="00"/>
						<String CONTENT="30" ID="St_1.2.28.10" HPOS="1204" VPOS="4376" HEIGHT="76" WIDTH="112" STYLEREFS="Style_13" WC="0.828888888888889" CC="31"/>
						<String CONTENT=";" ID="St_1.2.28.11" HPOS="1348" VPOS="4396" HEIGHT="68" WIDTH="16" STYLEREFS="Style_13" WC="0.818888888888889" CC="3"/>
						<SP ID="SP_1.2.28.12" HPOS="1356" VPOS="4396" WIDTH="36"/>
						<String CONTENT="2" ID="St_1.2.28.13" HPOS="1420" VPOS="4376" HEIGHT="72" WIDTH="52" STYLEREFS="Style_13" WC="0.814444444444444" CC="3"/>
						<String CONTENT="c" ID="St_1.2.28.14" HPOS="1480" VPOS="4400" HEIGHT="48" WIDTH="44" STYLEREFS="Style_13" WC="0.783333333333333" CC="7"/>
						<String CONTENT="." ID="St_1.2.28.15" HPOS="1536" VPOS="4436" HEIGHT="16" WIDTH="16" STYLEREFS="Style_13" WC="0.777777777777778" CC="3"/>
						<SP ID="SP_1.2.28.16" HPOS="1516" VPOS="4428" WIDTH="76"/>
						<String CONTENT="a" ID="St_1.2.28.17" HPOS="1604" VPOS="4396" HEIGHT="52" WIDTH="48" STYLEREFS="Style_13" WC="0.777777777777778" CC="3"/>
						<String CONTENT="nd" ID="St_1.2.28.18" HPOS="1668" VPOS="4376" HEIGHT="72" WIDTH="120" STYLEREFS="Style_13" WC="0.777777777777778" CC="13"/>
						<SP ID="SP_1.2.28.19" HPOS="1760" VPOS="4384" WIDTH="56"/>
						<String CONTENT="a" ID="St_1.2.28.20" HPOS="1844" VPOS="4396" HEIGHT="52" WIDTH="44" STYLEREFS="Style_13" WC="0.777777777777778" CC="3"/>
						<String CONTENT="ff" ID="St_1.2.28.21" HPOS="1904" VPOS="4376" HEIGHT="72" WIDTH="76" STYLEREFS="Style_13" WC="0.793333333333333" CC="00"/>
						<String CONTENT="." ID="St_1.2.28.22" HPOS="1984" VPOS="4436" HEIGHT="16" WIDTH="16" STYLEREFS="Style_14" WC="0.8" CC="0"/>
						<SP ID="SP_1.2.28.23" HPOS="1988" VPOS="4420" WIDTH="40"/>
						<String CONTENT="Nov." ID="St_1.2.28.24" HPOS="2056" VPOS="4376" HEIGHT="76" WIDTH="224" STYLEREFS="Style_14" WC="0.83" CC="0000"/>
						<SP ID="SP_1.2.28.25" HPOS="2272" VPOS="4416" WIDTH="36"/>
						<String CONTENT="6;" ID="St_1.2.28.26" HPOS="2336" VPOS="4372" HEIGHT="92" WIDTH="100" STYLEREFS="Style_14" WC="0.843333333333333" CC="00"/>
						<SP ID="SP_1.2.28.27" HPOS="2428" VPOS="4392" WIDTH="40"/>
						<String CONTENT="A" ID="St_1.2.28.28" HPOS="2496" VPOS="4372" HEIGHT="76" WIDTH="76" STYLEREFS="Style_14" WC="0.851111111111111" CC="0"/>
						<SP ID="SP_1.2.28.29" HPOS="2532" VPOS="4384" WIDTH="68"/>
						<String CONTENT="30434;" ID="St_1.2.28.30" HPOS="2624" VPOS="4368" HEIGHT="92" WIDTH="332" STYLEREFS="Style_14" WC="0.856666666666667" CC="000700"/>
						<SP ID="SP_1.2.28.31" HPOS="2944" VPOS="4392" WIDTH="44"/>
						<String CONTENT="Morehouse" ID="St_1.2.28.32" HPOS="3016" VPOS="4372" HEIGHT="76" WIDTH="552" STYLEREFS="Style_14" WC="0.882222222222222" CC="000000000"/>
						<SP ID="SP_1.2.28.33" HPOS="3540" VPOS="4392" WIDTH="56"/>
						<String CONTENT="p" ID="St_1.2.28.34" HPOS="3624" VPOS="4392" HEIGHT="72" WIDTH="52" STYLEREFS="Style_14" WC="0.881111111111111" CC="3"/>
						<String CONTENT="ub" ID="St_1.2.28.35" HPOS="3688" VPOS="4376" HEIGHT="72" WIDTH="120" STYLEREFS="Style_14" WC="0.877777777777778" CC="13"/>
						<String CONTENT="." ID="St_1.2.28.36" HPOS="3820" VPOS="4436" HEIGHT="16" WIDTH="16" STYLEREFS="Style_14" WC="0.878888888888889" CC="0"/>
						<SP ID="SP_1.2.28.37" HPOS="3824" VPOS="4416" WIDTH="40"/>
						<String CONTENT="co." ID="St_1.2.28.38" HPOS="3892" VPOS="4392" HEIGHT="60" WIDTH="128" STYLEREFS="Style_14" WC="0.886666666666667" CC="000"/>
					</TextLine>
					<TextLine ID="TL_1.2.29" HPOS="652" VPOS="4476" HEIGHT="116" WIDTH="3512">
						<String CONTENT="(31-25" ID="St_1.2.29.1" HPOS="652" VPOS="4488" HEIGHT="92" WIDTH="320" STYLEREFS="Style_14" WC="0.888888888888889" CC="000411"/>
						<String CONTENT="0" ID="St_1.2.29.2" HPOS="976" VPOS="4508" HEIGHT="76" WIDTH="56" STYLEREFS="Style_14" WC="0.824444444444444" CC="5"/>
						<String CONTENT="7)" ID="St_1.2.29.3" HPOS="1040" VPOS="4488" HEIGHT="92" WIDTH="96" STYLEREFS="Style_14" WC="0.863333333333333" CC="00"/>
						<SP ID="SP_1.2.29.4" HPOS="1120" VPOS="4504" WIDTH="2756"/>
						<String CONTENT="14388" ID="St_1.2.29.5" HPOS="3876" VPOS="4476" HEIGHT="84" WIDTH="288" STYLEREFS="Style_14" WC="0.64" CC="00004"/>
					</TextLine>
					<TextLine ID="TL_1.2.30" HPOS="500" VPOS="4668" HEIGHT="128" WIDTH="1404">
						<String CONTENT="Chagny," ID="St_1.2.30.1" HPOS="500" VPOS="4668" HEIGHT="128" WIDTH="512" STYLEREFS="Style_14" WC="1" CC="0000000"/>
						<SP ID="SP_1.2.30.2" HPOS="996" VPOS="4712" WIDTH="48"/>
						<String CONTENT="Andr&#xE9;," ID="St_1.2.30.3" HPOS="1080" VPOS="4668" HEIGHT="124" WIDTH="420" STYLEREFS="Style_14" WC="1" CC="000000"/>
						<SP ID="SP_1.2.30.4" HPOS="1488" VPOS="4712" WIDTH="52"/>
						<String CONTENT="1872&#x2013;" ID="St_1.2.30.5" HPOS="1576" VPOS="4672" HEIGHT="104" WIDTH="328" STYLEREFS="Style_14" WC="1" CC="00000"/>
					</TextLine>
					<TextLine ID="TL_1.2.31" HPOS="688" VPOS="4812" HEIGHT="136" WIDTH="3656">
						<String CONTENT="&#x0085;" ID="St_1.2.31.1" HPOS="688" VPOS="4824" HEIGHT="108" WIDTH="64" STYLEREFS="Style_14" WC="1" CC="0"/>
						<SP ID="SP_1.2.31.2" HPOS="724" VPOS="4904" WIDTH="16"/>
						<String CONTENT="Aix-les-Bains," ID="St_1.2.31.3" HPOS="816" VPOS="4812" HEIGHT="132" WIDTH="856" STYLEREFS="Style_14" WC="0.944444444444444" CC="00000000000500"/>
						<SP ID="SP_1.2.31.4" HPOS="1660" VPOS="4852" WIDTH="44"/>
						<String CONTENT="lac" ID="St_1.2.31.5" HPOS="1732" VPOS="4816" HEIGHT="100" WIDTH="164" STYLEREFS="Style_14" WC="0.955555555555556" CC="000"/>
						<SP ID="SP_1.2.31.6" HPOS="1868" VPOS="4832" WIDTH="60"/>
						<String CONTENT="du" ID="St_1.2.31.7" HPOS="1964" VPOS="4816" HEIGHT="100" WIDTH="140" STYLEREFS="Style_14" WC="0.961111111111111" CC="00"/>
						<SP ID="SP_1.2.31.8" HPOS="2072" VPOS="4832" WIDTH="68"/>
						<String CONTENT="Bourget," ID="St_1.2.31.9" HPOS="2172" VPOS="4816" HEIGHT="132" WIDTH="520" STYLEREFS="Style_14" WC="0.972222222222222" CC="00000000"/>
						<SP ID="SP_1.2.31.10" HPOS="2680" VPOS="4852" WIDTH="44"/>
						<String CONTENT="Revard;" ID="St_1.2.31.11" HPOS="2760" VPOS="4812" HEIGHT="132" WIDTH="496" STYLEREFS="Style_14" WC="0.977777777777778" CC="0000000"/>
						<SP ID="SP_1.2.31.12" HPOS="3240" VPOS="4832" WIDTH="48"/>
						<String CONTENT="texte" ID="St_1.2.31.13" HPOS="3324" VPOS="4824" HEIGHT="92" WIDTH="288" STYLEREFS="Style_14" WC="0.98" CC="00000"/>
						<SP ID="SP_1.2.31.14" HPOS="3584" VPOS="4828" WIDTH="60"/>
						<String CONTENT="et" ID="St_1.2.31.15" HPOS="3672" VPOS="4828" HEIGHT="92" WIDTH="104" STYLEREFS="Style_14" WC="0.981111111111111" CC="00"/>
						<SP ID="SP_1.2.31.16" HPOS="3752" VPOS="4820" WIDTH="60"/>
						<String CONTENT="l&#xE9;gendes" ID="St_1.2.31.17" HPOS="3848" VPOS="4812" HEIGHT="132" WIDTH="496" STYLEREFS="Style_14" WC="0.966666666666667" CC="45000000"/>
					</TextLine>
					<TextLine ID="TL_1.2.32" HPOS="492" VPOS="4964" HEIGHT="136" WIDTH="3856">
						<String CONTENT="par" ID="St_1.2.32.1" HPOS="492" VPOS="5004" HEIGHT="96" WIDTH="200" STYLEREFS="Style_14" WC="1" CC="000"/>
						<SP ID="SP_1.2.32.2" HPOS="668" VPOS="4988" WIDTH="56"/>
						<String CONTENT="Andr&#xE9;" ID="St_1.2.32.3" HPOS="748" VPOS="4968" HEIGHT="104" WIDTH="376" STYLEREFS="Style_14" WC="1" CC="00000"/>
						<SP ID="SP_1.2.32.4" HPOS="1100" VPOS="4968" WIDTH="56"/>
						<String CONTENT="Ch" ID="St_1.2.32.5" HPOS="1188" VPOS="4968" HEIGHT="104" WIDTH="160" STYLEREFS="Style_14" WC="1" CC="00"/>
						<String CONTENT="a" ID="St_1.2.32.6" HPOS="1364" VPOS="5004" HEIGHT="64" WIDTH="52" STYLEREFS="Style_14" WC="1" CC="0"/>
						<String CONTENT="gny," ID="St_1.2.32.7" HPOS="1428" VPOS="5000" HEIGHT="100" WIDTH="256" STYLEREFS="Style_14" WC="1" CC="0000"/>
						<SP ID="SP_1.2.32.8" HPOS="1672" VPOS="5008" WIDTH="44"/>
						<String CONTENT="6" ID="St_1.2.32.9" HPOS="1740" VPOS="4972" HEIGHT="88" WIDTH="60" STYLEREFS="Style_14" WC="0.975555555555556" CC="4"/>
						<String CONTENT="0" ID="St_1.2.32.10" HPOS="1808" VPOS="4972" HEIGHT="92" WIDTH="60" STYLEREFS="Style_14" WC="0.977777777777778" CC="0"/>
						<SP ID="SP_1.2.32.11" HPOS="1836" VPOS="4968" WIDTH="64"/>
						<String CONTENT="illustrations" ID="St_1.2.32.12" HPOS="1928" VPOS="4964" HEIGHT="108" WIDTH="724" STYLEREFS="Style_14" WC="0.973333333333333" CC="0004000000000"/>
						<SP ID="SP_1.2.32.13" HPOS="2628" VPOS="4984" WIDTH="52"/>
						<String CONTENT="en" ID="St_1.2.32.14" HPOS="2708" VPOS="5000" HEIGHT="64" WIDTH="124" STYLEREFS="Style_14" WC="0.975555555555556" CC="00"/>
						<SP ID="SP_1.2.32.15" HPOS="2800" VPOS="4984" WIDTH="64"/>
						<String CONTENT="h" ID="St_1.2.32.16" HPOS="2892" VPOS="4964" HEIGHT="100" WIDTH="68" STYLEREFS="Style_14" WC="0.976666666666667" CC="0"/>
						<String CONTENT="&#xE9;l" ID="St_1.2.32.17" HPOS="2972" VPOS="4964" HEIGHT="100" WIDTH="92" STYLEREFS="Style_14" WC="0.951111111111111" CC="55"/>
						<String CONTENT="iogravur" ID="St_1.2.32.18" HPOS="3076" VPOS="4964" HEIGHT="132" WIDTH="516" STYLEREFS="Style_14" WC="0.958888888888889" CC="00000000"/>
						<String CONTENT="e" ID="St_1.2.32.19" HPOS="3600" VPOS="5000" HEIGHT="64" WIDTH="52" STYLEREFS="Style_14" WC="0.948888888888889" CC="5"/>
						<SP ID="SP_1.2.32.20" HPOS="3624" VPOS="4984" WIDTH="60"/>
						<String CONTENT="d&apos;apr" ID="St_1.2.32.21" HPOS="3716" VPOS="4964" HEIGHT="132" WIDTH="312" STYLEREFS="Style_14" WC="0.953333333333333" CC="00000"/>
						<String CONTENT="&#xE8;" ID="St_1.2.32.22" HPOS="4036" VPOS="4968" HEIGHT="100" WIDTH="52" STYLEREFS="Style_14" WC="0.944444444444444" CC="5"/>
						<String CONTENT="s" ID="St_1.2.32.23" HPOS="4096" VPOS="5004" HEIGHT="68" WIDTH="44" STYLEREFS="Style_14" WC="0.945555555555556" CC="0"/>
						<SP ID="SP_1.2.32.24" HPOS="4116" VPOS="4984" WIDTH="48"/>
						<String CONTENT="les" ID="St_1.2.32.25" HPOS="4192" VPOS="4964" HEIGHT="104" WIDTH="156" STYLEREFS="Style_14" WC="0.942222222222222" CC="004"/>
					</TextLine>
					<TextLine ID="TL_1.2.33" HPOS="492" VPOS="5112" HEIGHT="136" WIDTH="3844">
						<String CONTENT="clich&#xE9;s" ID="St_1.2.33.1" HPOS="492" VPOS="5112" HEIGHT="112" WIDTH="388" STYLEREFS="Style_14" WC="0.935555555555556" CC="0000040"/>
						<SP ID="SP_1.2.33.2" HPOS="856" VPOS="5136" WIDTH="52"/>
						<String CONTENT="originaux" ID="St_1.2.33.3" HPOS="936" VPOS="5112" HEIGHT="136" WIDTH="584" STYLEREFS="Style_14" WC="0.973333333333333" CC="000000000"/>
						<SP ID="SP_1.2.33.4" HPOS="1484" VPOS="5136" WIDTH="64"/>
						<String CONTENT="de" ID="St_1.2.33.5" HPOS="1576" VPOS="5112" HEIGHT="104" WIDTH="132" STYLEREFS="Style_14" WC="0.977777777777778" CC="00"/>
						<SP ID="SP_1.2.33.6" HPOS="1680" VPOS="5132" WIDTH="60"/>
						<String CONTENT="G." ID="St_1.2.33.7" HPOS="1764" VPOS="5112" HEIGHT="104" WIDTH="132" STYLEREFS="Style_14" WC="0.961111111111111" CC="40"/>
						<SP ID="SP_1.2.33.8" HPOS="1884" VPOS="5156" WIDTH="44"/>
						<String CONTENT="L." ID="St_1.2.33.9" HPOS="1956" VPOS="5116" HEIGHT="100" WIDTH="120" STYLEREFS="Style_14" WC="0.965555555555556" CC="00"/>
						<SP ID="SP_1.2.33.10" HPOS="2064" VPOS="5156" WIDTH="44"/>
						<String CONTENT="Arla" ID="St_1.2.33.11" HPOS="2136" VPOS="5112" HEIGHT="104" WIDTH="272" STYLEREFS="Style_14" WC="0.971111111111111" CC="0000"/>
						<String CONTENT="u" ID="St_1.2.33.12" HPOS="2416" VPOS="5132" HEIGHT="80" WIDTH="68" STYLEREFS="Style_14" WC="0.954444444444444" CC="5"/>
						<String CONTENT="d." ID="St_1.2.33.13" HPOS="2500" VPOS="5112" HEIGHT="104" WIDTH="100" STYLEREFS="Style_14" WC="0.956666666666667" CC="00"/>
						<SP ID="SP_1.2.33.14" HPOS="2584" VPOS="5156" WIDTH="76"/>
						<String CONTENT="Lyon," ID="St_1.2.33.15" HPOS="2724" VPOS="5112" HEIGHT="136" WIDTH="340" STYLEREFS="Style_14" WC="0.963333333333333" CC="00000"/>
						<SP ID="SP_1.2.33.16" HPOS="3052" VPOS="5156" WIDTH="44"/>
						<String CONTENT="G." ID="St_1.2.33.17" HPOS="3124" VPOS="5112" HEIGHT="104" WIDTH="128" STYLEREFS="Style_14" WC="0.955555555555556" CC="40"/>
						<SP ID="SP_1.2.33.18" HPOS="3240" VPOS="5156" WIDTH="44"/>
						<String CONTENT="L." ID="St_1.2.33.19" HPOS="3316" VPOS="5116" HEIGHT="100" WIDTH="116" STYLEREFS="Style_14" WC="0.958888888888889" CC="00"/>
						<SP ID="SP_1.2.33.20" HPOS="3424" VPOS="5156" WIDTH="44"/>
						<String CONTENT="Arlaud" ID="St_1.2.33.21" HPOS="3500" VPOS="5112" HEIGHT="104" WIDTH="432" STYLEREFS="Style_14" WC="0.963333333333333" CC="000000"/>
						<SP ID="SP_1.2.33.22" HPOS="3892" VPOS="5116" WIDTH="72"/>
						<String CONTENT="[1930" ID="St_1.2.33.23" HPOS="4000" VPOS="5120" HEIGHT="128" WIDTH="300" STYLEREFS="Style_14" WC="0.954444444444444" CC="70000"/>
						<String CONTENT="]" ID="St_1.2.33.24" HPOS="4308" VPOS="5180" HEIGHT="68" WIDTH="28" STYLEREFS="Style_14" WC="0.945555555555556" CC="5"/>
					</TextLine>
					<TextLine ID="TL_1.2.34" HPOS="628" VPOS="5268" HEIGHT="96" WIDTH="2968">
						<String CONTENT="66" ID="St_1.2.34.1" HPOS="628" VPOS="5272" HEIGHT="76" WIDTH="112" STYLEREFS="Style_14" WC="0.888888888888889" CC="11"/>
						<SP ID="SP_1.2.34.2" HPOS="712" VPOS="5272" WIDTH="52"/>
						<String CONTENT="p.," ID="St_1.2.34.3" HPOS="784" VPOS="5292" HEIGHT="72" WIDTH="112" STYLEREFS="Style_14" WC="0.962222222222222" CC="000"/>
						<SP ID="SP_1.2.34.4" HPOS="888" VPOS="5300" WIDTH="32"/>
						<String CONTENT="1" ID="St_1.2.34.5" HPOS="944" VPOS="5276" HEIGHT="72" WIDTH="48" STYLEREFS="Style_14" WC="0.972222222222222" CC="0"/>
						<SP ID="SP_1.2.34.6" HPOS="968" VPOS="5272" WIDTH="52"/>
						<String CONTENT="l." ID="St_1.2.34.7" HPOS="1044" VPOS="5276" HEIGHT="72" WIDTH="56" STYLEREFS="Style_14" WC="0.978888888888889" CC="00"/>
						<SP ID="SP_1.2.34.8" HPOS="1092" VPOS="5300" WIDTH="36"/>
						<String CONTENT="in" ID="St_1.2.34.9" HPOS="1152" VPOS="5268" HEIGHT="80" WIDTH="96" STYLEREFS="Style_14" WC="0.935555555555556" CC="33"/>
						<String CONTENT="cl" ID="St_1.2.34.10" HPOS="1256" VPOS="5276" HEIGHT="72" WIDTH="76" STYLEREFS="Style_14" WC="0.916666666666667" CC="13"/>
						<String CONTENT="." ID="St_1.2.34.11" HPOS="1348" VPOS="5336" HEIGHT="12" WIDTH="12" STYLEREFS="Style_14" WC="0.921111111111111" CC="0"/>
						<SP ID="SP_1.2.34.12" HPOS="1352" VPOS="5304" WIDTH="36"/>
						<String CONTENT="illus.," ID="St_1.2.34.13" HPOS="1416" VPOS="5268" HEIGHT="96" WIDTH="272" STYLEREFS="Style_14" WC="0.946666666666667" CC="0000000"/>
						<SP ID="SP_1.2.34.14" HPOS="1680" VPOS="5296" WIDTH="36"/>
						<String CONTENT="plates." ID="St_1.2.34.15" HPOS="1744" VPOS="5272" HEIGHT="92" WIDTH="328" STYLEREFS="Style_14" WC="0.958888888888889" CC="0000000"/>
						<SP ID="SP_1.2.34.16" HPOS="2064" VPOS="5296" WIDTH="68"/>
						<String CONTENT="24" ID="St_1.2.34.17" HPOS="2188" VPOS="5268" HEIGHT="76" WIDTH="144" STYLEREFS="Style_14" WC="0.938888888888889" CC="008"/>
						<String CONTENT="&#x368;&#x36B;" ID="St_1.2.34.18" HPOS="2336" VPOS="5272" HEIGHT="40" WIDTH="48" STYLEREFS="Style_14" WC="0.928888888888889" CC="4"/>
						<String CONTENT="." ID="St_1.2.34.19" HPOS="2396" VPOS="5328" HEIGHT="20" WIDTH="20" STYLEREFS="Style_14" WC="0.931111111111111" CC="0"/>
						<SP ID="SP_1.2.34.20" HPOS="2404" VPOS="5296" WIDTH="84"/>
						<String CONTENT="(Visions" ID="St_1.2.34.21" HPOS="2552" VPOS="5268" HEIGHT="92" WIDTH="412" STYLEREFS="Style_14" WC="0.925555555555556" CC="04000004"/>
						<SP ID="SP_1.2.34.22" HPOS="2912" VPOS="5276" WIDTH="88"/>
						<String CONTENT="d" ID="St_1.2.34.23" HPOS="3028" VPOS="5272" HEIGHT="72" WIDTH="48" STYLEREFS="Style_14" WC="0.924444444444444" CC="1"/>
						<String CONTENT="e" ID="St_1.2.34.24" HPOS="3088" VPOS="5280" HEIGHT="60" WIDTH="48" STYLEREFS="Style_14" WC="0.914444444444444" CC="5"/>
						<SP ID="SP_1.2.34.25" HPOS="3112" VPOS="5280" WIDTH="52"/>
						<String CONTENT="France)" ID="St_1.2.34.26" HPOS="3192" VPOS="5272" HEIGHT="88" WIDTH="404" STYLEREFS="Style_14" WC="0.925555555555556" CC="0000000"/>
					</TextLine>
					<TextLine ID="TL_1.2.35" HPOS="632" VPOS="5376" HEIGHT="96" WIDTH="1780">
						<String CONTENT="&quot;" ID="St_1.2.35.1" HPOS="632" VPOS="5384" HEIGHT="28" WIDTH="44" STYLEREFS="Style_14" WC="0.888888888888889" CC="1"/>
						<String CONTENT="M" ID="St_1.2.35.2" HPOS="684" VPOS="5380" HEIGHT="68" WIDTH="104" STYLEREFS="Style_14" WC="0.722222222222222" CC="4"/>
						<String CONTENT="&#xE9;" ID="St_1.2.35.3" HPOS="796" VPOS="5380" HEIGHT="64" WIDTH="36" STYLEREFS="Style_14" WC="0.517777777777778" CC="8"/>
						<String CONTENT="m" ID="St_1.2.35.4" HPOS="836" VPOS="5388" HEIGHT="60" WIDTH="92" STYLEREFS="Style_14" WC="0.527777777777778" CC="4"/>
						<String CONTENT="ento" ID="St_1.2.35.5" HPOS="936" VPOS="5384" HEIGHT="76" WIDTH="216" STYLEREFS="Style_14" WC="0.763333333333333" CC="0000"/>
						<SP ID="SP_1.2.35.6" HPOS="1124" VPOS="5388" WIDTH="52"/>
						<String CONTENT="bibliogr" ID="St_1.2.35.7" HPOS="1200" VPOS="5376" HEIGHT="92" WIDTH="396" STYLEREFS="Style_14" WC="0.888888888888889" CC="00000000"/>
						<String CONTENT="a" ID="St_1.2.35.8" HPOS="1600" VPOS="5388" HEIGHT="60" WIDTH="48" STYLEREFS="Style_14" WC="0.87" CC="4"/>
						<String CONTENT="p" ID="St_1.2.35.9" HPOS="1664" VPOS="5400" HEIGHT="72" WIDTH="56" STYLEREFS="Style_14" WC="0.871111111111111" CC="1"/>
						<String CONTENT="hique" ID="St_1.2.35.10" HPOS="1728" VPOS="5376" HEIGHT="80" WIDTH="276" STYLEREFS="Style_14" WC="0.814444444444444" CC="51444"/>
						<String CONTENT="&quot;:" ID="St_1.2.35.11" HPOS="2016" VPOS="5376" HEIGHT="76" WIDTH="100" STYLEREFS="Style_14" WC="0.798888888888889" CC="43"/>
						<SP ID="SP_1.2.35.12" HPOS="2048" VPOS="5388" WIDTH="92"/>
						<String CONTENT="p." ID="St_1.2.35.13" HPOS="2172" VPOS="5396" HEIGHT="72" WIDTH="76" STYLEREFS="Style_14" WC="0.815555555555556" CC="00"/>
						<SP ID="SP_1.2.35.14" HPOS="2240" VPOS="5408" WIDTH="48"/>
						<String CONTENT="[4]" ID="St_1.2.35.15" HPOS="2308" VPOS="5380" HEIGHT="92" WIDTH="104" STYLEREFS="Style_14" WC="0.811111111111111" CC="314"/>
					</TextLine>
					<TextLine ID="TL_1.2.36" HPOS="664" VPOS="5492" HEIGHT="92" WIDTH="3196">
						<String CONTENT="&#x00A9;June" ID="St_1.2.36.1" HPOS="664" VPOS="5500" HEIGHT="76" WIDTH="240" STYLEREFS="Style_14" WC="1" CC="0000"/>
						<SP ID="SP_1.2.36.2" HPOS="880" VPOS="5508" WIDTH="52"/>
						<String CONTENT="14" ID="St_1.2.36.3" HPOS="956" VPOS="5496" HEIGHT="76" WIDTH="108" STYLEREFS="Style_14" WC="1" CC="00"/>
						<String CONTENT="," ID="St_1.2.36.4" HPOS="1076" VPOS="5560" HEIGHT="24" WIDTH="12" STYLEREFS="Style_14" WC="0.944444444444444" CC="4"/>
						<SP ID="SP_1.2.36.5" HPOS="1080" VPOS="5528" WIDTH="36"/>
						<String CONTENT="1" ID="St_1.2.36.6" HPOS="1148" VPOS="5500" HEIGHT="72" WIDTH="44" STYLEREFS="Style_14" WC="0.933333333333333" CC="1"/>
						<String CONTENT="93" ID="St_1.2.36.7" HPOS="1204" VPOS="5492" HEIGHT="76" WIDTH="104" STYLEREFS="Style_14" WC="0.851111111111111" CC="55"/>
						<String CONTENT="0;" ID="St_1.2.36.8" HPOS="1312" VPOS="5496" HEIGHT="76" WIDTH="104" STYLEREFS="Style_14" WC="0.856666666666667" CC="11"/>
						<SP ID="SP_1.2.36.9" HPOS="1404" VPOS="5504" WIDTH="44"/>
						<String CONTENT="1c." ID="St_1.2.36.10" HPOS="1480" VPOS="5496" HEIGHT="72" WIDTH="68" STYLEREFS="Style_14" WC="0.823333333333333" CC="17"/>
						<SP ID="SP_1.2.36.11" HPOS="1536" VPOS="5512" WIDTH="100"/>
						<String CONTENT="A" ID="St_1.2.36.12" HPOS="1672" VPOS="5496" HEIGHT="68" WIDTH="68" STYLEREFS="Style_14" WC="0.812222222222222" CC="4"/>
						<String CONTENT="ug" ID="St_1.2.36.13" HPOS="1748" VPOS="5516" HEIGHT="52" WIDTH="52" STYLEREFS="Style_14" WC="0.794444444444444" CC="5"/>
						<String CONTENT="." ID="St_1.2.36.14" HPOS="1868" VPOS="5524" HEIGHT="40" WIDTH="20" STYLEREFS="Style_14" WC="0.787777777777778" CC="3"/>
						<SP ID="SP_1.2.36.15" HPOS="1880" VPOS="5524" WIDTH="40"/>
						<String CONTENT="2" ID="St_1.2.36.16" HPOS="1964" VPOS="5552" HEIGHT="16" WIDTH="12" STYLEREFS="Style_14" WC="0.767777777777778" CC="7"/>
						<String CONTENT="9" ID="St_1.2.36.17" HPOS="2008" VPOS="5504" HEIGHT="56" WIDTH="48" STYLEREFS="Style_14" WC="0.758888888888889" CC="4"/>
						<String CONTENT=";" ID="St_1.2.36.18" HPOS="2088" VPOS="5512" HEIGHT="52" WIDTH="16" STYLEREFS="Style_14" WC="0.764444444444444" CC="1"/>
						<SP ID="SP_1.2.36.19" HPOS="2092" VPOS="5504" WIDTH="60"/>
						<String CONTENT="A&#x2014;" ID="St_1.2.36.20" HPOS="2204" VPOS="5496" HEIGHT="64" WIDTH="124" STYLEREFS="Style_14" WC="0.72" CC="847"/>
						<String CONTENT="F" ID="St_1.2.36.21" HPOS="2368" VPOS="5492" HEIGHT="72" WIDTH="72" STYLEREFS="Style_14" WC="0.717777777777778" CC="3"/>
						<String CONTENT="o" ID="St_1.2.36.22" HPOS="2444" VPOS="5516" HEIGHT="44" WIDTH="52" STYLEREFS="Style_14" WC="0.716666666666667" CC="3"/>
						<String CONTENT="reig" ID="St_1.2.36.23" HPOS="2508" VPOS="5492" HEIGHT="84" WIDTH="188" STYLEREFS="Style_14" WC="0.735555555555556" CC="1111"/>
						<String CONTENT="n" ID="St_1.2.36.24" HPOS="2708" VPOS="5512" HEIGHT="52" WIDTH="56" STYLEREFS="Style_14" WC="0.734444444444444" CC="3"/>
						<SP ID="SP_1.2.36.25" HPOS="2732" VPOS="5504" WIDTH="60"/>
						<String CONTENT=":" ID="St_1.2.36.26" HPOS="2820" VPOS="5496" HEIGHT="52" WIDTH="16" STYLEREFS="Style_14" WC="0.724444444444444" CC="7"/>
						<String CONTENT="8" ID="St_1.2.36.27" HPOS="2992" VPOS="5492" HEIGHT="72" WIDTH="44" STYLEREFS="Style_14" WC="0.712222222222222" CC="7"/>
						<String CONTENT="774" ID="St_1.2.36.28" HPOS="2884" VPOS="5492" HEIGHT="72" WIDTH="116" STYLEREFS="Style_14" WC="0.71" CC="33"/>
						<SP ID="SP_1.2.36.29" HPOS="3012" VPOS="5492" WIDTH="40"/>
						<String CONTENT=";" ID="St_1.2.36.30" HPOS="3076" VPOS="5508" HEIGHT="56" WIDTH="16" STYLEREFS="Style_14" WC="0.71" CC="1"/>
						<SP ID="SP_1.2.36.31" HPOS="3080" VPOS="5500" WIDTH="44"/>
						<String CONTENT="G" ID="St_1.2.36.32" HPOS="3156" VPOS="5492" HEIGHT="76" WIDTH="72" STYLEREFS="Style_14" WC="0.711111111111111" CC="4"/>
						<String CONTENT="." ID="St_1.2.36.33" HPOS="3244" VPOS="5552" HEIGHT="16" WIDTH="16" STYLEREFS="Style_14" WC="0.714444444444444" CC="1"/>
						<SP ID="SP_1.2.36.34" HPOS="3248" VPOS="5524" WIDTH="40"/>
						<String CONTENT="L" ID="St_1.2.36.35" HPOS="3320" VPOS="5492" HEIGHT="72" WIDTH="76" STYLEREFS="Style_14" WC="0.714444444444444" CC="4"/>
						<String CONTENT="." ID="St_1.2.36.36" HPOS="3400" VPOS="5552" HEIGHT="20" WIDTH="16" STYLEREFS="Style_14" WC="0.72" CC="0"/>
						<SP ID="SP_1.2.36.37" HPOS="3404" VPOS="5524" WIDTH="40"/>
						<String CONTENT="Arland." ID="St_1.2.36.38" HPOS="3476" VPOS="5492" HEIGHT="76" WIDTH="384" STYLEREFS="Style_14" WC="0.747777777777778" CC="0000411"/>
					</TextLine>
					<TextLine ID="TL_1.2.37" HPOS="652" VPOS="5596" HEIGHT="104" WIDTH="3520">
						<String CONTENT="(31-2" ID="St_1.2.37.1" HPOS="652" VPOS="5604" HEIGHT="96" WIDTH="268" STYLEREFS="Style_14" WC="1" CC="00000"/>
						<String CONTENT="5" ID="St_1.2.37.2" HPOS="916" VPOS="5612" HEIGHT="68" WIDTH="60" STYLEREFS="Style_14" WC="0.906666666666667" CC="5"/>
						<String CONTENT="78)" ID="St_1.2.37.3" HPOS="984" VPOS="5604" HEIGHT="92" WIDTH="152" STYLEREFS="Style_14" WC="0.937777777777778" CC="000"/>
						<SP ID="SP_1.2.37.4" HPOS="1120" VPOS="5608" WIDTH="2764"/>
						<String CONTENT="14389" ID="St_1.2.37.5" HPOS="3884" VPOS="5596" HEIGHT="80" WIDTH="288" STYLEREFS="Style_14" WC="0.658888888888889" CC="00000"/>
					</TextLine>
					<TextLine ID="TL_1.2.38" HPOS="504" VPOS="5788" HEIGHT="124" WIDTH="1124">
						<String CONTENT="Chaplin," ID="St_1.2.38.1" HPOS="504" VPOS="5788" HEIGHT="124" WIDTH="512" STYLEREFS="Style_14" WC="1" CC="00000000"/>
						<SP ID="SP_1.2.38.2" HPOS="1000" VPOS="5832" WIDTH="40"/>
						<String CONTENT="Prescott." ID="St_1.2.38.3" HPOS="1068" VPOS="5788" HEIGHT="104" WIDTH="560" STYLEREFS="Style_14" WC="1" CC="000000000"/>
					</TextLine>
					<TextLine ID="TL_1.2.39" HPOS="624" VPOS="5928" HEIGHT="136" WIDTH="3716">
						<String CONTENT="Mexicans;" ID="St_1.2.39.1" HPOS="624" VPOS="5932" HEIGHT="108" WIDTH="608" STYLEREFS="Style_14" WC="0.95" CC="000000004"/>
						<SP ID="SP_1.2.39.2" HPOS="1224" VPOS="5952" WIDTH="40"/>
						<String CONTENT="twelve" ID="St_1.2.39.3" HPOS="1288" VPOS="5932" HEIGHT="104" WIDTH="384" STYLEREFS="Style_14" WC="0.972222222222222" CC="000000"/>
						<SP ID="SP_1.2.39.4" HPOS="1644" VPOS="5952" WIDTH="52"/>
						<String CONTENT="wo" ID="St_1.2.39.5" HPOS="1724" VPOS="5964" HEIGHT="68" WIDTH="168" STYLEREFS="Style_14" WC="0.975555555555556" CC="00"/>
						<String CONTENT="od" ID="St_1.2.39.6" HPOS="1896" VPOS="5928" HEIGHT="104" WIDTH="132" STYLEREFS="Style_14" WC="0.962222222222222" CC="03"/>
						<String CONTENT="cu" ID="St_1.2.39.7" HPOS="2040" VPOS="5964" HEIGHT="68" WIDTH="124" STYLEREFS="Style_14" WC="0.941111111111111" CC="14"/>
						<String CONTENT="ts" ID="St_1.2.39.8" HPOS="2184" VPOS="5952" HEIGHT="80" WIDTH="92" STYLEREFS="Style_14" WC="0.946666666666667" CC="00"/>
						<SP ID="SP_1.2.39.9" HPOS="2248" VPOS="5952" WIDTH="52"/>
						<String CONTENT="by" ID="St_1.2.39.10" HPOS="2324" VPOS="5928" HEIGHT="136" WIDTH="140" STYLEREFS="Style_14" WC="0.927777777777778" CC="33"/>
						<SP ID="SP_1.2.39.11" HPOS="2428" VPOS="5952" WIDTH="60"/>
						<String CONTENT="Prescott" ID="St_1.2.39.12" HPOS="2516" VPOS="5928" HEIGHT="108" WIDTH="492" STYLEREFS="Style_14" WC="0.945555555555556" CC="00000000"/>
						<SP ID="SP_1.2.39.13" HPOS="2980" VPOS="5940" WIDTH="56"/>
						<String CONTENT="Chaplin," ID="St_1.2.39.14" HPOS="3064" VPOS="5928" HEIGHT="132" WIDTH="512" STYLEREFS="Style_14" WC="0.946666666666667" CC="00000004"/>
						<SP ID="SP_1.2.39.15" HPOS="3564" VPOS="5972" WIDTH="36"/>
						<String CONTENT="with" ID="St_1.2.39.16" HPOS="3628" VPOS="5928" HEIGHT="104" WIDTH="264" STYLEREFS="Style_14" WC="0.951111111111111" CC="0000"/>
						<SP ID="SP_1.2.39.17" HPOS="3856" VPOS="5932" WIDTH="64"/>
						<String CONTENT="a" ID="St_1.2.39.18" HPOS="3952" VPOS="5968" HEIGHT="64" WIDTH="60" STYLEREFS="Style_14" WC="0.953333333333333" CC="0"/>
						<SP ID="SP_1.2.39.19" HPOS="3976" VPOS="5952" WIDTH="56"/>
						<String CONTENT="fore-" ID="St_1.2.39.20" HPOS="4060" VPOS="5928" HEIGHT="104" WIDTH="280" STYLEREFS="Style_14" WC="0.957777777777778" CC="00000"/>
					</TextLine>
					<TextLine ID="TL_1.2.40" HPOS="500" VPOS="6072" HEIGHT="152" WIDTH="3836">
						<String CONTENT="word" ID="St_1.2.40.1" HPOS="500" VPOS="6088" HEIGHT="100" WIDTH="288" STYLEREFS="Style_14" WC="1" CC="0000"/>
						<SP ID="SP_1.2.40.2" HPOS="752" VPOS="6084" WIDTH="72"/>
						<String CONTENT="by" ID="St_1.2.40.3" HPOS="860" VPOS="6084" HEIGHT="140" WIDTH="144" STYLEREFS="Style_14" WC="1" CC="00"/>
						<SP ID="SP_1.2.40.4" HPOS="968" VPOS="6100" WIDTH="68"/>
						<String CONTENT="Rupert" ID="St_1.2.40.5" HPOS="1068" VPOS="6084" HEIGHT="132" WIDTH="428" STYLEREFS="Style_14" WC="1" CC="000000"/>
						<SP ID="SP_1.2.40.6" HPOS="1472" VPOS="6084" WIDTH="56"/>
						<String CONTENT="Hughes." ID="St_1.2.40.7" HPOS="1564" VPOS="6080" HEIGHT="132" WIDTH="488" STYLEREFS="Style_14" WC="1" CC="0000000"/>
						<SP ID="SP_1.2.40.8" HPOS="2040" VPOS="6120" WIDTH="84"/>
						<String CONTENT="Seattle," ID="St_1.2.40.9" HPOS="2204" VPOS="6076" HEIGHT="136" WIDTH="444" STYLEREFS="Style_14" WC="1" CC="00000000"/>
						<SP ID="SP_1.2.40.10" HPOS="2632" VPOS="6120" WIDTH="48"/>
						<String CONTENT="University" ID="St_1.2.40.11" HPOS="2712" VPOS="6072" HEIGHT="140" WIDTH="644" STYLEREFS="Style_14" WC="1" CC="0000000000"/>
						<SP ID="SP_1.2.40.12" HPOS="3320" VPOS="6096" WIDTH="72"/>
						<String CONTENT="of" ID="St_1.2.40.13" HPOS="3428" VPOS="6076" HEIGHT="104" WIDTH="120" STYLEREFS="Style_14" WC="1" CC="00"/>
						<SP ID="SP_1.2.40.14" HPOS="3516" VPOS="6076" WIDTH="64"/>
						<String CONTENT="Washington" ID="St_1.2.40.15" HPOS="3616" VPOS="6076" HEIGHT="136" WIDTH="720" STYLEREFS="Style_14" WC="1" CC="0000000000"/>
					</TextLine>
					<TextLine ID="TL_1.2.41" HPOS="492" VPOS="6236" HEIGHT="128" WIDTH="992">
						<String CONTENT="book" ID="St_1.2.41.1" HPOS="492" VPOS="6236" HEIGHT="100" WIDTH="280" STYLEREFS="Style_14" WC="0.888888888888889" CC="4000"/>
						<SP ID="SP_1.2.41.2" HPOS="736" VPOS="6236" WIDTH="64"/>
						<String CONTENT="store," ID="St_1.2.41.3" HPOS="824" VPOS="6244" HEIGHT="120" WIDTH="312" STYLEREFS="Style_14" WC="0.958888888888889" CC="000000"/>
						<SP ID="SP_1.2.41.4" HPOS="1124" VPOS="6272" WIDTH="44"/>
						<String CONTENT="1930." ID="St_1.2.41.5" HPOS="1196" VPOS="6240" HEIGHT="92" WIDTH="288" STYLEREFS="Style_14" WC="0.973333333333333" CC="00000"/>
					</TextLine>
					<TextLine ID="TL_1.2.42" HPOS="628" VPOS="6380" HEIGHT="104" WIDTH="3716">
						<String CONTENT="5" ID="St_1.2.42.1" HPOS="628" VPOS="6388" HEIGHT="80" WIDTH="52" STYLEREFS="Style_14" WC="1" CC="0"/>
						<SP ID="SP_1.2.42.2" HPOS="652" VPOS="6384" WIDTH="60"/>
						<String CONTENT="p." ID="St_1.2.42.3" HPOS="740" VPOS="6408" HEIGHT="72" WIDTH="84" STYLEREFS="Style_14" WC="1" CC="00"/>
						<SP ID="SP_1.2.42.4" HPOS="816" VPOS="6416" WIDTH="40"/>
						<String CONTENT="l.," ID="St_1.2.42.5" HPOS="888" VPOS="6388" HEIGHT="92" WIDTH="84" STYLEREFS="Style_14" WC="1" CC="000"/>
						<SP ID="SP_1.2.42.6" HPOS="964" VPOS="6416" WIDTH="44"/>
						<String CONTENT="[12]" ID="St_1.2.42.7" HPOS="1068" VPOS="6384" HEIGHT="100" WIDTH="140" STYLEREFS="Style_14" WC="0.897777777777778" CC="317"/>
						<SP ID="SP_1.2.42.8" HPOS="1196" VPOS="6404" WIDTH="44"/>
						<String CONTENT="p." ID="St_1.2.42.9" HPOS="1276" VPOS="6408" HEIGHT="72" WIDTH="80" STYLEREFS="Style_14" WC="0.917777777777778" CC="00"/>
						<SP ID="SP_1.2.42.10" HPOS="1344" VPOS="6416" WIDTH="48"/>
						<String CONTENT="of" ID="St_1.2.42.11" HPOS="1428" VPOS="6384" HEIGHT="80" WIDTH="100" STYLEREFS="Style_14" WC="0.931111111111111" CC="00"/>
						<SP ID="SP_1.2.42.12" HPOS="1504" VPOS="6384" WIDTH="56"/>
						<String CONTENT="illus." ID="St_1.2.42.13" HPOS="1588" VPOS="6384" HEIGHT="80" WIDTH="248" STYLEREFS="Style_14" WC="0.951111111111111" CC="000000"/>
						<SP ID="SP_1.2.42.14" HPOS="1824" VPOS="6412" WIDTH="68"/>
						<String CONTENT="26" ID="St_1.2.42.15" HPOS="1952" VPOS="6384" HEIGHT="76" WIDTH="108" STYLEREFS="Style_15" WC="0.955555555555556" CC="00"/>
						<String CONTENT="&#x368;&#x36B;" ID="St_1.2.42.16" HPOS="2088" VPOS="6384" HEIGHT="52" WIDTH="56" STYLEREFS="Style_15" WC="0.937777777777778" CC="5"/>
						<String CONTENT="." ID="St_1.2.42.17" HPOS="2160" VPOS="6444" HEIGHT="20" WIDTH="16" STYLEREFS="Style_15" WC="0.925555555555556" CC="4"/>
						<SP ID="SP_1.2.42.18" HPOS="2152" VPOS="6412" WIDTH="92"/>
						<String CONTENT="(" ID="St_1.2.42.19" HPOS="2312" VPOS="6384" HEIGHT="92" WIDTH="28" STYLEREFS="Style_16" WC="0.93" CC="0"/>
						<String CONTENT="Half" ID="St_1.2.42.20" HPOS="2360" VPOS="6384" HEIGHT="92" WIDTH="232" STYLEREFS="Style_17" WC="0.937777777777778" CC="0000"/>
						<String CONTENT="-" ID="St_1.2.42.21" HPOS="2600" VPOS="6428" HEIGHT="12" WIDTH="28" STYLEREFS="Style_17" WC="0.938888888888889" CC="0"/>
						<String CONTENT="t" ID="St_1.2.42.22" HPOS="2640" VPOS="6388" HEIGHT="72" WIDTH="28" STYLEREFS="Style_17" WC="0.941111111111111" CC="0"/>
						<String CONTENT="i" ID="St_1.2.42.23" HPOS="2688" VPOS="6384" HEIGHT="72" WIDTH="20" STYLEREFS="Style_17" WC="0.942222222222222" CC="0"/>
						<String CONTENT="tl" ID="St_1.2.42.24" HPOS="2724" VPOS="6384" HEIGHT="80" WIDTH="64" STYLEREFS="Style_17" WC="0.945555555555556" CC="00"/>
						<String CONTENT="e:" ID="St_1.2.42.25" HPOS="2800" VPOS="6404" HEIGHT="60" WIDTH="88" STYLEREFS="Style_17" WC="0.947777777777778" CC="00"/>
						<SP ID="SP_1.2.42.26" HPOS="2868" VPOS="6388" WIDTH="52"/>
						<String CONTENT="U" ID="St_1.2.42.27" HPOS="2956" VPOS="6384" HEIGHT="76" WIDTH="76" STYLEREFS="Style_17" WC="0.933333333333333" CC="7"/>
						<String CONTENT="niversly" ID="St_1.2.42.28" HPOS="3044" VPOS="6380" HEIGHT="96" WIDTH="456" STYLEREFS="Style_17" WC="0.915555555555556" CC="00000580"/>
						<SP ID="SP_1.2.42.29" HPOS="3468" VPOS="6392" WIDTH="60"/>
						<String CONTENT="of" ID="St_1.2.42.30" HPOS="3564" VPOS="6384" HEIGHT="76" WIDTH="96" STYLEREFS="Style_17" WC="0.92" CC="00"/>
						<SP ID="SP_1.2.42.31" HPOS="3640" VPOS="6384" WIDTH="56"/>
						<String CONTENT="Washington" ID="St_1.2.42.32" HPOS="3732" VPOS="6384" HEIGHT="92" WIDTH="612" STYLEREFS="Style_17" WC="0.933333333333333" CC="0000000000"/>
					</TextLine>
					<TextLine ID="TL_1.2.43" HPOS="492" VPOS="6492" HEIGHT="100" WIDTH="2060">
						<String CONTENT="chapbooks," ID="St_1.2.43.1" HPOS="492" VPOS="6500" HEIGHT="92" WIDTH="552" STYLEREFS="Style_17" WC="0.955555555555556" CC="0000400000"/>
						<SP ID="SP_1.2.43.2" HPOS="1032" VPOS="6524" WIDTH="44"/>
						<String CONTENT="ed." ID="St_1.2.43.3" HPOS="1108" VPOS="6496" HEIGHT="80" WIDTH="140" STYLEREFS="Style_17" WC="0.967777777777778" CC="000"/>
						<SP ID="SP_1.2.43.4" HPOS="1236" VPOS="6524" WIDTH="44"/>
						<String CONTENT="by" ID="St_1.2.43.5" HPOS="1308" VPOS="6496" HEIGHT="92" WIDTH="120" STYLEREFS="Style_17" WC="0.973333333333333" CC="00"/>
						<SP ID="SP_1.2.43.6" HPOS="1396" VPOS="6504" WIDTH="60"/>
						<String CONTENT="G." ID="St_1.2.43.7" HPOS="1484" VPOS="6492" HEIGHT="80" WIDTH="104" STYLEREFS="Style_17" WC="0.95" CC="50"/>
						<SP ID="SP_1.2.43.8" HPOS="1576" VPOS="6524" WIDTH="44"/>
						<String CONTENT="Hughes." ID="St_1.2.43.9" HPOS="1656" VPOS="6492" HEIGHT="92" WIDTH="416" STYLEREFS="Style_17" WC="0.963333333333333" CC="0000000"/>
						<SP ID="SP_1.2.43.10" HPOS="2064" VPOS="6520" WIDTH="64"/>
						<String CONTENT="no." ID="St_1.2.43.11" HPOS="2184" VPOS="6512" HEIGHT="56" WIDTH="144" STYLEREFS="Style_17" WC="0.967777777777778" CC="000"/>
						<SP ID="SP_1.2.43.12" HPOS="2316" VPOS="6520" WIDTH="44"/>
						<String CONTENT="43)" ID="St_1.2.43.13" HPOS="2396" VPOS="6492" HEIGHT="88" WIDTH="156" STYLEREFS="Style_17" WC="0.972222222222222" CC="000"/>
					</TextLine>
					<TextLine ID="TL_1.2.44" HPOS="512" VPOS="6600" HEIGHT="108" WIDTH="3832">
						<String CONTENT="&#x00A9;" ID="St_1.2.44.1" HPOS="512" VPOS="6608" HEIGHT="88" WIDTH="100" STYLEREFS="Style_17" WC="0.222222222222222" CC="7"/>
						<SP ID="SP_1.2.44.2" HPOS="560" VPOS="6608" WIDTH="84"/>
						<String CONTENT="Sept." ID="St_1.2.44.3" HPOS="676" VPOS="6616" HEIGHT="92" WIDTH="248" STYLEREFS="Style_17" WC="0.824444444444444" CC="00000"/>
						<SP ID="SP_1.2.44.4" HPOS="916" VPOS="6652" WIDTH="40"/>
						<String CONTENT="29," ID="St_1.2.44.5" HPOS="992" VPOS="6612" HEIGHT="88" WIDTH="128" STYLEREFS="Style_17" WC="0.817777777777778" CC="700"/>
						<SP ID="SP_1.2.44.6" HPOS="1108" VPOS="6648" WIDTH="44"/>
						<String CONTENT="1" ID="St_1.2.44.7" HPOS="1188" VPOS="6612" HEIGHT="72" WIDTH="44" STYLEREFS="Style_17" WC="0.811111111111111" CC="4"/>
						<String CONTENT="930" ID="St_1.2.44.8" HPOS="1240" VPOS="6612" HEIGHT="72" WIDTH="172" STYLEREFS="Style_17" WC="0.791111111111111" CC="413"/>
						<String CONTENT=";" ID="St_1.2.44.9" HPOS="1440" VPOS="6632" HEIGHT="64" WIDTH="16" STYLEREFS="Style_17" WC="0.803333333333333" CC="0"/>
						<SP ID="SP_1.2.44.10" HPOS="1444" VPOS="6628" WIDTH="48"/>
						<String CONTENT="2c." ID="St_1.2.44.11" HPOS="1528" VPOS="6608" HEIGHT="80" WIDTH="132" STYLEREFS="Style_17" WC="0.803333333333333" CC="070"/>
						<SP ID="SP_1.2.44.12" HPOS="1648" VPOS="6648" WIDTH="44"/>
						<String CONTENT="De" ID="St_1.2.44.13" HPOS="1724" VPOS="6608" HEIGHT="76" WIDTH="136" STYLEREFS="Style_17" WC="0.827777777777778" CC="00"/>
						<String CONTENT="c" ID="St_1.2.44.14" HPOS="1868" VPOS="6628" HEIGHT="56" WIDTH="48" STYLEREFS="Style_17" WC="0.817777777777778" CC="4"/>
						<String CONTENT="." ID="St_1.2.44.15" HPOS="1920" VPOS="6668" HEIGHT="16" WIDTH="20" STYLEREFS="Style_17" WC="0.824444444444444" CC="0"/>
						<SP ID="SP_1.2.44.16" HPOS="1928" VPOS="6648" WIDTH="44"/>
						<String CONTENT="22;" ID="St_1.2.44.17" HPOS="2008" VPOS="6604" HEIGHT="88" WIDTH="156" STYLEREFS="Style_17" WC="0.847777777777778" CC="000"/>
						<SP ID="SP_1.2.44.18" HPOS="2152" VPOS="6624" WIDTH="48"/>
						<String CONTENT="a" ID="St_1.2.44.19" HPOS="2236" VPOS="6624" HEIGHT="56" WIDTH="48" STYLEREFS="Style_17" WC="0.856666666666667" CC="0"/>
						<String CONTENT="ff" ID="St_1.2.44.20" HPOS="2296" VPOS="6600" HEIGHT="80" WIDTH="76" STYLEREFS="Style_17" WC="0.845555555555556" CC="33"/>
						<String CONTENT="." ID="St_1.2.44.21" HPOS="2380" VPOS="6668" HEIGHT="16" WIDTH="12" STYLEREFS="Style_17" WC="0.85" CC="0"/>
						<SP ID="SP_1.2.44.22" HPOS="2384" VPOS="6648" WIDTH="40"/>
						<String CONTENT="Oct." ID="St_1.2.44.23" HPOS="2464" VPOS="6604" HEIGHT="76" WIDTH="196" STYLEREFS="Style_17" WC="0.868888888888889" CC="0000"/>
						<SP ID="SP_1.2.44.24" HPOS="2648" VPOS="6644" WIDTH="40"/>
						<String CONTENT="20;" ID="St_1.2.44.25" HPOS="2724" VPOS="6600" HEIGHT="92" WIDTH="160" STYLEREFS="Style_17" WC="0.881111111111111" CC="000"/>
						<SP ID="SP_1.2.44.26" HPOS="2876" VPOS="6624" WIDTH="44"/>
						<String CONTENT="A" ID="St_1.2.44.27" HPOS="2956" VPOS="6600" HEIGHT="80" WIDTH="80" STYLEREFS="Style_17" WC="0.885555555555556" CC="0"/>
						<SP ID="SP_1.2.44.28" HPOS="2992" VPOS="6612" WIDTH="76"/>
						<String CONTENT="32394;" ID="St_1.2.44.29" HPOS="3100" VPOS="6600" HEIGHT="92" WIDTH="328" STYLEREFS="Style_17" WC="0.901111111111111" CC="000000"/>
						<SP ID="SP_1.2.44.30" HPOS="3416" VPOS="6624" WIDTH="48"/>
						<String CONTENT="P." ID="St_1.2.44.31" HPOS="3504" VPOS="6604" HEIGHT="76" WIDTH="96" STYLEREFS="Style_17" WC="0.906666666666667" CC="00"/>
						<SP ID="SP_1.2.44.32" HPOS="3588" VPOS="6648" WIDTH="44"/>
						<String CONTENT="Chaplin," ID="St_1.2.44.33" HPOS="3672" VPOS="6604" HEIGHT="92" WIDTH="424" STYLEREFS="Style_17" WC="0.918888888888889" CC="00000000"/>
						<SP ID="SP_1.2.44.34" HPOS="4084" VPOS="6648" WIDTH="44"/>
						<String CONTENT="Los" ID="St_1.2.44.35" HPOS="4164" VPOS="6608" HEIGHT="72" WIDTH="180" STYLEREFS="Style_17" WC="0.923333333333333" CC="000"/>
					</TextLine>
					<TextLine ID="TL_1.2.45" HPOS="636" VPOS="6708" HEIGHT="112" WIDTH="3528">
						<String CONTENT="Angeles." ID="St_1.2.45.1" HPOS="636" VPOS="6728" HEIGHT="88" WIDTH="420" STYLEREFS="Style_17" WC="1" CC="00000000"/>
						<SP ID="SP_1.2.45.2" HPOS="1048" VPOS="6776" WIDTH="76"/>
						<String CONTENT="(31-22" ID="St_1.2.45.3" HPOS="1196" VPOS="6716" HEIGHT="96" WIDTH="320" STYLEREFS="Style_17" WC="1" CC="000000"/>
						<String CONTENT="6" ID="St_1.2.45.4" HPOS="1524" VPOS="6720" HEIGHT="76" WIDTH="52" STYLEREFS="Style_17" WC="0.972222222222222" CC="4"/>
						<String CONTENT="9)" ID="St_1.2.45.5" HPOS="1580" VPOS="6716" HEIGHT="92" WIDTH="100" STYLEREFS="Style_17" WC="0.974444444444444" CC="00"/>
						<SP ID="SP_1.2.45.6" HPOS="1664" VPOS="6740" WIDTH="2212"/>
						<String CONTENT="1" ID="St_1.2.45.7" HPOS="3876" VPOS="6708" HEIGHT="84" WIDTH="48" STYLEREFS="Style_17" WC="0.708888888888889" CC="0"/>
						<String CONTENT="439" ID="St_1.2.45.8" HPOS="3936" VPOS="6708" HEIGHT="84" WIDTH="168" STYLEREFS="Style_17" WC="0.723333333333333" CC="000"/>
						<String CONTENT="0" ID="St_1.2.45.9" HPOS="4116" VPOS="6712" HEIGHT="80" WIDTH="48" STYLEREFS="Style_17" WC="0.727777777777778" CC="0"/>
					</TextLine>
					<TextLine ID="TL_1.2.46" HPOS="496" VPOS="6900" HEIGHT="128" WIDTH="1872">
						<String CONTENT="Daines," ID="St_1.2.46.1" HPOS="496" VPOS="6908" HEIGHT="120" WIDTH="460" STYLEREFS="Style_17" WC="0.872222222222222" CC="1133000"/>
						<SP ID="SP_1.2.46.2" HPOS="944" VPOS="6944" WIDTH="40"/>
						<String CONTENT="Lyman" ID="St_1.2.46.3" HPOS="1008" VPOS="6904" HEIGHT="124" WIDTH="444" STYLEREFS="Style_17" WC="0.931111111111111" CC="00000"/>
						<SP ID="SP_1.2.46.4" HPOS="1412" VPOS="6920" WIDTH="64"/>
						<String CONTENT="Luther," ID="St_1.2.46.5" HPOS="1504" VPOS="6900" HEIGHT="120" WIDTH="476" STYLEREFS="Style_17" WC="0.956666666666667" CC="0000000"/>
						<SP ID="SP_1.2.46.6" HPOS="1964" VPOS="6940" WIDTH="48"/>
						<String CONTENT="1883&#x2013;" ID="St_1.2.46.7" HPOS="2040" VPOS="6908" HEIGHT="96" WIDTH="328" STYLEREFS="Style_17" WC="0.966666666666667" CC="00000"/>
					</TextLine>
					<TextLine ID="TL_1.2.47" HPOS="628" VPOS="7040" HEIGHT="144" WIDTH="3712">
						<String CONTENT="Community" ID="St_1.2.47.1" HPOS="628" VPOS="7052" HEIGHT="132" WIDTH="712" STYLEREFS="Style_17" WC="1" CC="000000000"/>
						<SP ID="SP_1.2.47.2" HPOS="1304" VPOS="7072" WIDTH="76"/>
						<String CONTENT="health" ID="St_1.2.47.3" HPOS="1416" VPOS="7048" HEIGHT="104" WIDTH="372" STYLEREFS="Style_17" WC="1" CC="000000"/>
						<SP ID="SP_1.2.47.4" HPOS="1752" VPOS="7056" WIDTH="76"/>
						<String CONTENT="and" ID="St_1.2.47.5" HPOS="1868" VPOS="7044" HEIGHT="104" WIDTH="216" STYLEREFS="Style_17" WC="1" CC="000"/>
						<SP ID="SP_1.2.47.6" HPOS="2048" VPOS="7052" WIDTH="72"/>
						<String CONTENT="hygiene;" ID="St_1.2.47.7" HPOS="2156" VPOS="7044" HEIGHT="132" WIDTH="524" STYLEREFS="Style_17" WC="1" CC="00000000"/>
						<SP ID="SP_1.2.47.8" HPOS="2668" VPOS="7068" WIDTH="52"/>
						<String CONTENT="a" ID="St_1.2.47.9" HPOS="2760" VPOS="7080" HEIGHT="64" WIDTH="60" STYLEREFS="Style_17" WC="1" CC="0"/>
						<SP ID="SP_1.2.47.10" HPOS="2788" VPOS="7068" WIDTH="68"/>
						<String CONTENT="study-course" ID="St_1.2.47.11" HPOS="2896" VPOS="7044" HEIGHT="128" WIDTH="760" STYLEREFS="Style_17" WC="1" CC="000000000000"/>
						<SP ID="SP_1.2.47.12" HPOS="3628" VPOS="7068" WIDTH="64"/>
						<String CONTENT="for" ID="St_1.2.47.13" HPOS="3732" VPOS="7040" HEIGHT="108" WIDTH="176" STYLEREFS="Style_17" WC="1" CC="000"/>
						<SP ID="SP_1.2.47.14" HPOS="3880" VPOS="7068" WIDTH="68"/>
						<String CONTENT="a" ID="St_1.2.47.15" HPOS="3988" VPOS="7080" HEIGHT="68" WIDTH="60" STYLEREFS="Style_17" WC="1" CC="0"/>
						<String CONTENT="du" ID="St_1.2.47.16" HPOS="4056" VPOS="7044" HEIGHT="104" WIDTH="140" STYLEREFS="Style_17" WC="1" CC="00"/>
						<String CONTENT="l" ID="St_1.2.47.17" HPOS="4208" VPOS="7044" HEIGHT="100" WIDTH="36" STYLEREFS="Style_17" WC="1" CC="0"/>
						<String CONTENT="t-" ID="St_1.2.47.18" HPOS="4252" VPOS="7056" HEIGHT="92" WIDTH="88" STYLEREFS="Style_17" WC="1" CC="00"/>
					</TextLine>
					<TextLine ID="TL_1.2.48" HPOS="492" VPOS="7188" HEIGHT="144" WIDTH="3848">
						<String CONTENT="education" ID="St_1.2.48.1" HPOS="492" VPOS="7200" HEIGHT="108" WIDTH="576" STYLEREFS="Style_17" WC="0.925555555555556" CC="114000000"/>
						<SP ID="SP_1.2.48.2" HPOS="1032" VPOS="7220" WIDTH="84"/>
						<String CONTENT="groups," ID="St_1.2.48.3" HPOS="1168" VPOS="7236" HEIGHT="96" WIDTH="444" STYLEREFS="Style_17" WC="0.96" CC="0000000"/>
						<SP ID="SP_1.2.48.4" HPOS="1596" VPOS="7240" WIDTH="64"/>
						<String CONTENT="prepared" ID="St_1.2.48.5" HPOS="1708" VPOS="7196" HEIGHT="132" WIDTH="540" STYLEREFS="Style_17" WC="0.973333333333333" CC="00000000"/>
						<SP ID="SP_1.2.48.6" HPOS="2208" VPOS="7196" WIDTH="88"/>
						<String CONTENT="by" ID="St_1.2.48.7" HPOS="2344" VPOS="7192" HEIGHT="136" WIDTH="144" STYLEREFS="Style_17" WC="0.976666666666667" CC="00"/>
						<SP ID="SP_1.2.48.8" HPOS="2452" VPOS="7216" WIDTH="80"/>
						<String CONTENT="Lyman" ID="St_1.2.48.9" HPOS="2580" VPOS="7196" HEIGHT="112" WIDTH="432" STYLEREFS="Style_17" WC="0.98" CC="00000"/>
						<SP ID="SP_1.2.48.10" HPOS="2976" VPOS="7212" WIDTH="84"/>
						<String CONTENT="Luther" ID="St_1.2.48.11" HPOS="3108" VPOS="7188" HEIGHT="104" WIDTH="420" STYLEREFS="Style_17" WC="0.983333333333333" CC="000000"/>
						<SP ID="SP_1.2.48.12" HPOS="3500" VPOS="7212" WIDTH="68"/>
						<String CONTENT="Daines" ID="St_1.2.48.13" HPOS="3616" VPOS="7192" HEIGHT="108" WIDTH="412" STYLEREFS="Style_17" WC="0.972222222222222" CC="003300"/>
						<SP ID="SP_1.2.48.14" HPOS="4004" VPOS="7216" WIDTH="72"/>
						<String CONTENT="and" ID="St_1.2.48.15" HPOS="4124" VPOS="7196" HEIGHT="100" WIDTH="216" STYLEREFS="Style_17" WC="0.974444444444444" CC="000"/>
					</TextLine>
					<TextLine ID="TL_1.2.49" HPOS="500" VPOS="7340" HEIGHT="140" WIDTH="3844">
						<String CONTENT="Arthur" ID="St_1.2.49.1" HPOS="500" VPOS="7356" HEIGHT="100" WIDTH="424" STYLEREFS="Style_17" WC="1" CC="000000"/>
						<SP ID="SP_1.2.49.2" HPOS="896" VPOS="7368" WIDTH="80"/>
						<String CONTENT="Lawton" ID="St_1.2.49.3" HPOS="1028" VPOS="7352" HEIGHT="100" WIDTH="456" STYLEREFS="Style_17" WC="1" CC="000000"/>
						<SP ID="SP_1.2.49.4" HPOS="1448" VPOS="7364" WIDTH="92"/>
						<String CONTENT="Beeley" ID="St_1.2.49.5" HPOS="1592" VPOS="7344" HEIGHT="132" WIDTH="396" STYLEREFS="Style_17" WC="1" CC="000000"/>
						<SP ID="SP_1.2.49.6" HPOS="1952" VPOS="7364" WIDTH="88"/>
						<String CONTENT="for" ID="St_1.2.49.7" HPOS="2092" VPOS="7344" HEIGHT="100" WIDTH="176" STYLEREFS="Style_17" WC="1" CC="000"/>
						<SP ID="SP_1.2.49.8" HPOS="2240" VPOS="7364" WIDTH="76"/>
						<String CONTENT="the" ID="St_1.2.49.9" HPOS="2368" VPOS="7344" HEIGHT="100" WIDTH="188" STYLEREFS="Style_17" WC="1" CC="000"/>
						<SP ID="SP_1.2.49.10" HPOS="2528" VPOS="7364" WIDTH="76"/>
						<String CONTENT="Adult" ID="St_1.2.49.11" HPOS="2656" VPOS="7340" HEIGHT="100" WIDTH="352" STYLEREFS="Style_17" WC="1" CC="00000"/>
						<SP ID="SP_1.2.49.12" HPOS="2984" VPOS="7348" WIDTH="72"/>
						<String CONTENT="department," ID="St_1.2.49.13" HPOS="3108" VPOS="7344" HEIGHT="128" WIDTH="724" STYLEREFS="Style_17" WC="1" CC="00000000000"/>
						<SP ID="SP_1.2.49.14" HPOS="3820" VPOS="7384" WIDTH="64"/>
						<String CONTENT="Young" ID="St_1.2.49.15" HPOS="3940" VPOS="7344" HEIGHT="136" WIDTH="404" STYLEREFS="Style_17" WC="1" CC="00000"/>
					</TextLine>
					<TextLine ID="TL_1.2.50" HPOS="496" VPOS="7488" HEIGHT="144" WIDTH="3848">
						<String CONTENT="men&apos;s" ID="St_1.2.50.1" HPOS="496" VPOS="7504" HEIGHT="104" WIDTH="328" STYLEREFS="Style_17" WC="0.911111111111111" CC="00040"/>
						<SP ID="SP_1.2.50.2" HPOS="800" VPOS="7520" WIDTH="72"/>
						<String CONTENT="and" ID="St_1.2.50.3" HPOS="920" VPOS="7500" HEIGHT="108" WIDTH="216" STYLEREFS="Style_17" WC="0.95" CC="000"/>
						<SP ID="SP_1.2.50.4" HPOS="1100" VPOS="7500" WIDTH="84"/>
						<String CONTENT="Young" ID="St_1.2.50.5" HPOS="1232" VPOS="7500" HEIGHT="128" WIDTH="408" STYLEREFS="Style_17" WC="0.97" CC="00000"/>
						<SP ID="SP_1.2.50.6" HPOS="1600" VPOS="7516" WIDTH="84"/>
						<String CONTENT="ladies&apos;" ID="St_1.2.50.7" HPOS="1728" VPOS="7492" HEIGHT="104" WIDTH="376" STYLEREFS="Style_17" WC="0.98" CC="0000000"/>
						<SP ID="SP_1.2.50.8" HPOS="2092" VPOS="7496" WIDTH="60"/>
						<String CONTENT="mutual" ID="St_1.2.50.9" HPOS="2196" VPOS="7496" HEIGHT="96" WIDTH="424" STYLEREFS="Style_17" WC="0.984444444444444" CC="000000"/>
						<SP ID="SP_1.2.50.10" HPOS="2604" VPOS="7500" WIDTH="64"/>
						<String CONTENT="improvement" ID="St_1.2.50.11" HPOS="2716" VPOS="7488" HEIGHT="132" WIDTH="788" STYLEREFS="Style_17" WC="0.988888888888889" CC="00000000000"/>
						<SP ID="SP_1.2.50.12" HPOS="3484" VPOS="7500" WIDTH="68"/>
						<String CONTENT="associations," ID="St_1.2.50.13" HPOS="3604" VPOS="7496" HEIGHT="136" WIDTH="740" STYLEREFS="Style_17" WC="0.991111111111111" CC="0000000000000"/>
					</TextLine>
				</TextBlock>
			</PrintSpace>
		</Page>
	</Layout>
</alto>
