4752 8320
2180 7608 260 104 1547

352 644 408 124 Olcott,
820 652 492 96 Frances
1372 644 1244 104 Jenkins-Continued

472 804 556 76 Illustrated
1080 800 696 92 lining-papers.

476 912 308 76 "First
844 908 432 80 edition."

480 1016 448 80 "Sources
988 1016 184 76 and
1228 1016 288 76 books
1576 1012 100 80 of
1736 1012 428 76 research
2228 1008 588 84 consulted":
2880 1028 84 72 p.
3024 1004 368 84 xv-xvi.

480 1124 312 80 "Good
856 1124 284 80 books
1200 1124 280 76 about
1552 1124 464 84 Germany
2076 1120 176 76 and
2320 1120 240 76 from
2628 1112 572 96 Germany":
3268 1136 80 72 p.
3416 1112 412 80 252-257.

360 1240 92 88 ©
520 1260 244 92 Sept.
820 1260 76 80 3.
952 1260 44 72 1
1008 1256 48 72 9
1064 1256 156 84 30;
1280 1252 100 80 Ic
1392 1320 16 16 .
1472 1256 240 92 Sept.
1768 1256 160 88 12;
1992 1252 156 80 aff.
2212 1252 244 92 Sept.
2512 1252 156 88 11;
2732 1252 80 72 A
2864 1248 324 92 28241;
3252 1252 552 88 Longmans,
3868 1248 296 80 Green

492 1368 68 76 &
608 1388 128 56 co.
872 1364 536 96 (30-24472)
3700 1352 288 84 10054

340 1552 532 120 Pearson,
936 1544 524 104 Edmund
1528 1544 436 120 Lester,
2032 1552 316 96 1880-

480 1696 668 132 Instigation
1200 1692 120 104 of
1368 1696 180 96 the
1596 1692 324 128 devil,
1964 1692 148 128 by
2160 1688 524 104 Edmund
2732 1692 480 100 Pearson
3276 1700 68 112 …
3504 1688 268 104 New
3824 1688 344 128 York,

344 1844 492 128 London,
904 1844 120 104 C.
1096 1840 600 108 Scribner's
1752 1876 284 92 sons,
2104 1844 288 96 1930.

480 2000 124 72 xii
604 2000 28 72 i
664 2060 16 32 ,
744 1996 164 76 357
972 2016 80 72 p.
1168 1996 328 88 plates,
1564 1996 284 88 ports.
1964 1996 216 72 21.

484 2128 556 80 "Veracious
1128 2136 440 68 accounts
1648 2128 104 76 of
1836 2132 348 84 twenty
2272 2148 104 56 or
2464 2128 300 84 thirty
2848 2128 424 76 murders
3360 2128 184 76 and
3632 2128 268 76 other
3992 2128 176 76 odd

348 2260 48 56 o
408 2236 1308 80 ccurrences."-Publisher's
1768 2236 784 76 -announcement.

484 2344 448 80 "Sources
992 2348 180 72 and
1236 2344 368 76 notes":
1664 2360 84 72 p.
1808 2344 412 76 345-357.

368 2476 96 92 ©
532 2480 244 96 Sept.
836 2480 76 92 5,
972 2480 268 92 1930;
1300 2480 52 72 2
1360 2504 72 56 c.
1496 2480 244 92 Sept.
1800 2480 156 92 10;
2024 2476 156 80 aff.
2248 2476 244 96 Sept.
2552 2476 100 92 9;
2720 2476 76 76 A
2856 2476 328 96 27379;
3252 2480 428 72 Edmund
3740 2476 436 88 Pearson,

492 2592 228 76 New
776 2592 276 76 York.
1192 2588 32 96 (
1240 2592 48 76 3
1296 2588 432 96 0-24433)
3712 2580 284 84 10055

356 2768 444 124 Phelps,
868 2768 488 108 William
1420 2772 352 120 Lyon,
1848 2780 324 96 1865-

484 2920 408 132 Essays
976 2956 136 68 on
1196 2920 408 132 things,
1688 2920 140 132 by
1912 2920 500 104 William
2500 2920 308 128 Lyon
2892 2920 444 128 Phelps.
3480 2920 264 100 New
3832 2920 340 128 York,

352 3072 228 100 The
636 3068 640 104 Macmillan
1332 3100 568 100 company,
1960 3076 284 96 1930.

484 3224 120 92 vi,
660 3224 164 80 290
872 3244 84 72 p.
1076 3224 40 72 1
1128 3224 48 76 9
1188 3224 40 92 1
1272 3228 76 76 °.

380 3352 92 92 ©
540 3356 244 96 Sept.
844 3368 132 84 10,
1036 3356 268 92 1930;
1368 3360 48 72 2
1404 3372 92 68 n.
1556 3360 184 76 and
1800 3356 156 84 aff.
2024 3360 240 92 Sept.
2328 3360 152 88 17;
2544 3356 80 76 A
2688 3356 324 92 27521;
3080 3356 536 80 Macmillan
3680 3376 44 56 c
3732 3376 76 56 o.

520 3464 536 96 (30-24460)
3720 3460 284 84 10056

360 3648 88 100 P
456 3680 72 68 u
532 3644 252 104 nch.
932 3680 92 72 v.
1092 3652 220 132 179,
1364 3688 168 64 no.
1592 3660 64 92 4
1660 3660 124 92 65
1792 3660 60 92 2
1864 3736 20 48 ,
1948 3652 296 132 Sept.
2308 3660 56 92 3
2376 3736 20 48 ,
2460 3656 188 96 193
2660 3656 60 96 0
2732 3732 16 16 .

380 3804 88 88 ©
540 3828 128 64 in.
732 3808 168 76 Oct
984 3808 52 72 2
1044 3808 56 72 9
1104 3868 16 32 ,
1180 3812 44 72 1
1236 3808 160 76 930
1432 3832 20 64 ;
1520 3808 72 76 A
1656 3812 116 72 ad
1832 3808 164 76 int.
2064 3808 320 88 14371;
2456 3828 52 72 p
2520 3808 208 76 ubd.
2796 3808 248 92 Sept.
3104 3808 104 88 3;
3276 3808 400 76 Herbert
3744 3804 444 76 Heather.

512 3916 408 76 London.
3732 3908 288 84 10057

368 4096 516 124 Quinlan,
944 4100 328 120 Mary
1336 4096 352 108 Ellen.

496 4244 232 100 The
772 4280 236 64 new
1056 4244 420 100 revised
1528 4244 584 104 Universal
2164 4244 264 100 cook
2472 4244 312 132 book,
2832 4244 144 132 by
3024 4244 332 132 Mary
3404 4244 320 100 Ellen
3776 4244 412 120 Qinlan

496 4384 60 120 …
616 4392 312 104 With
988 4392 372 104 advice
1424 4404 108 92 to
1592 4392 184 104 the
1832 4392 632 132 housewife,
2524 4392 544 132 compiled
3132 4392 292 104 from
3488 4392 516 104 bulletins
4072 4388 116 104 of

368 4540 180 100 the
596 4540 732 128 Department
1372 4536 124 104 of
1544 4540 668 132 agriculture
2264 4544 536 128 prepared
2852 4540 148 136 by
3040 4540 428 104 United
3520 4536 364 108 States
3932 4572 252 100 gov-

368 4700 492 88 ernment
936 4700 464 120 experts.
1552 4688 472 132 Bridge!
2176 4688 292 100 How
2544 4700 108 88 to
2736 4692 300 128 play,
3116 4692 296 96 what
3488 4700 112 92 to
3684 4724 296 64 serve
4068 4688 68 108 …

372 4832 624 132 Cleveland,
1076 4832 96 108 O
1184 4916 56 48 .,
1312 4836 264 100 New
1652 4836 344 132 York,
2064 4836 136 104 N.
2276 4840 176 128 Y.,
2520 4840 236 100 The
2824 4836 392 104 World
3292 4836 560 132 syndicate
3928 4836 260 132 pub-

368 4980 416 132 lishing
836 5016 152 68 co.
1064 4988 264 124 [193
1336 4988 64 96 0
1404 5048 28 64 1

508 5136 120 92 ix,
684 5136 160 76 752
904 5156 76 72 p.
1100 5136 140 80 col
1236 5164 24 44 ,
1324 5136 312 96 front.,
1692 5136 28 76 i
1728 5136 24 76 l
1764 5136 200 92 lus.,
2020 5136 304 92 plates
2404 5140 256 92 (part
2720 5144 212 88 col.)
3060 5136 112 80 21
3256 5144 40 40 "
3312 5168 24 40 .

392 5240 84 88 ©
552 5244 244 96 Sept.
860 5248 76 92 3,
996 5244 268 92 1930;
1332 5244 100 80 2c
1444 5312 16 12 .
1520 5252 188 72 and
1768 5248 156 76 aff.
1992 5252 244 88 Sept.
2300 5252 156 88 13;
2528 5252 76 72 A
2664 5248 328 92 28246;
3056 5252 324 76 World
3444 5248 484 92 syndicate
3988 5252 212 88 pub.

516 5376 44 56 c
568 5376 76 56 o.
772 5396 20 56 [
804 5356 92 96 ©
968 5376 200 60 new
1228 5356 460 96 material,
1756 5360 116 92 by
1940 5360 248 76 Elsie
2252 5360 372 92 Wright
2788 5356 432 96 (30-2445
3216 5372 56 72 1
3296 5360 28 92 )
3736 5356 48 80 1
3796 5360 116 76 00
3916 5356 108 80 58

372 5540 596 124 Ransome,
1028 5536 480 128 Arthur,
1572 5552 328 92 1884-.

508 5680 564 104 Swallows
1124 5684 88 96 &
1268 5684 576 128 Amazons,
1904 5684 136 132 by
2108 5684 420 100 Arthur
2584 5684 568 132 Ransome,
3212 5684 184 108 the
3452 5720 308 96 maps
3820 5688 376 96 drawn

380 5828 136 136 by
588 5828 476 132 Stephen
1140 5828 548 132 Spurrier.
1832 5832 456 100 London
2372 5844 264 120 [etc.,
2716 5836 108 104 J.
2904 5832 348 132 Cape;
3332 5832 260 108 New
3672 5832 340 132 York,
4088 5836 108 104 J.

380 5976 288 132 Cape
720 5980 84 96 &
856 5980 112 96 H
980 6060 16 20 .
1056 5976 364 108 Smith
1484 6048 28 64 [
1524 5988 56 92 1
1588 5988 124 92 93
1724 5988 60 92 0
1792 6048 24 64 ,

508 6136 108 76 34
620 6136 48 76 9
680 6200 20 28 ,
760 6176 20 56 [
784 6144 44 68 1
828 6148 28 68 ]
920 6156 76 72 p.
1052 6140 28 72 i
1088 6156 60 56 n
1152 6140 76 72 cl
1240 6200 16 16 .
1304 6140 284 76 front.
1648 6140 304 96 (map)
2080 6140 52 76 2
2140 6140 48 76 0
2192 6144 48 80 1
2340 6204 20 20 .

512 6244 552 80 Illustrated
1108 6248 188 88 t.-p.
1356 6252 180 72 and
1584 6264 264 72 maps
1896 6268 112 56 on
2072 6248 16 72 l
2104 6248 32 72 i
2140 6248 96 72 ui
2240 6264 520 76 ng-papers.

400 6336 92 96 ©
544 6352 128 80 in.
724 6356 240 88 Sept.
1012 6356 132 88 18.,
1192 6356 268 88 1930;
1508 6356 80 76 A
1636 6360 112 72 ad
1796 6356 28 76 i
1832 6360 124 72 nt.
2008 6356 324 92 14278;
2384 6356 272 96 pubd.
2708 6356 220 92 July
2976 6356 156 96 20;
3184 6356 88 80 J.
3320 6360 100 76 B.
3476 6360 72 72 L
3548 6356 32 76 i
3588 6356 220 96 ppin
3816 6380 40 52 c
3868 6360 132 72 ott
4052 6380 100 56 co
4156 6384 20 44 .
4188 6416 20 28 ,

528 6464 676 92 Philadelphia.
1340 6464 536 92 (30-24853)
3748 6464 284 84 10059

384 6644 672 124 Robertson,
1116 6644 436 124 Stuart,
1612 6684 52 68 e
1672 6652 100 100 d.

516 6788 540 104 Familiar
1152 6828 392 96 essays,
1640 6792 364 104 edited
2100 6796 272 100 with
2464 6796 796 104 introductions
3356 6800 220 100 and
3668 6808 308 92 notes
4068 6796 140 136 by

392 6936 384 108 Stuart
836 6940 604 100 Robertson
1496 6952 64 104 …
1768 6936 264 108 New
2096 6944 344 132 York,
2500 6944 864 132 Prentice-Hall,
3424 6948 244 128 inc.,
3732 6952 288 92 1930.

528 7100 120 92 ix,
704 7100 164 76 512
924 7120 84 72 p.
1124 7092 216 84 21cm.

532 7208 452 76 "Limited
1032 7208 52 84 …
1212 7216 92 68 to
1372 7208 252 76 what
1684 7208 80 80 is
1832 7212 368 92 usually
2264 7232 104 56 ca
2376 7212 28 72 l
2416 7212 148 76 led
2624 7212 156 76 the
2844 7212 388 92 English
3292 7212 424 80 familiar
3780 7232 268 72 essay
4096 7216 52 84 …

396 7316 296 76 There
740 7316 80 76 is
880 7316 152 76 but
1088 7336 52 56 a
1188 7316 296 88 single
1532 7316 476 76 deviation
2056 7320 244 76 from
2348 7320 160 76 the
2560 7320 384 92 English
2996 7320 240 92 field,
3292 7324 448 88 however,
3796 7324 88 76 to
3936 7320 276 80 allow

396 7428 156 72 the
612 7424 88 76 in
712 7444 44 56 c
764 7424 304 76 lusion
1128 7424 96 76 of
1288 7428 92 72 M
1384 7424 892 96 ontaigne."-Pref.
