4800 8268
2092 7700 128 108 67
2224 7708 60 96 3

296 692 548 124 Johnson,
904 692 1372 108 Amandus-Continued

304 844 304 108 John
668 844 636 132 Winthrop,
1364 844 124 104 of
1548 844 884 132 Massachusetts,
2496 844 220 100 and
2780 844 468 100 minutes
3316 844 124 100 of
3500 848 396 128 courts,
3960 836 188 104 sit-

308 992 248 132 ting
632 996 116 100 in
824 996 264 100 New
1172 992 492 132 Sweden,
1744 996 144 132 by
1960 992 580 104 Amandus
2612 992 560 124 Johnson;
3256 988 268 104 with
3604 1024 64 64 a
3744 988 408 132 special

304 1144 752 100 introduction
1112 1144 144 132 by
1320 1144 304 100 John
1684 1144 596 100 Frederick
2344 1140 352 104 Lewis
2776 1144 64 112 …
3032 1136 824 140 Philadelphia,
3916 1140 236 100 The

312 1292 492 108 Swedish
868 1292 464 104 colonial
1388 1292 440 132 society,
1892 1296 288 100 1930.

428 1468 128 56 xv
560 1448 56 88 i,
680 1448 56 72 2
744 1448 52 76 8
800 1448 48 76 7
916 1468 84 72 p.
1112 1444 288 80 front.
1456 1444 212 96 (col.
1736 1448 212 76 coat
2012 1444 104 80 of
2180 1444 300 92 arms)
2560 1448 332 92 plates,
2960 1448 320 92 ports.,
3344 1444 232 80 fold.
3640 1468 240 72 map,
3948 1444 188 80 fac-

292 1552 256 84 sims.
660 1552 56 80 2
716 1556 504 84 3½ͨͫ
928 1616 16 16 .

440 1664 1328 92 CONTENTs.-Introduction,
1836 1664 116 92 by
2028 1664 84 76 J.
2188 1664 100 76 F.
2360 1660 768 80 Lewis.-Johan
3200 1660 524 96 Bjornsson
3788 1664 272 76 Print
4064 1684 48 52 z
4120 1724 20 32 ,

296 1792 56 56 a
404 1772 860 96 biography.-The
1320 1768 688 80 "Instruction"
2060 1772 156 76 for
2272 1772 480 76 Governor
2804 1772 272 76 Print
3080 1792 48 52 z
3136 1832 16 32 ,
3208 1772 160 76 the
3428 1772 420 80 Swedish
3904 1772 236 92 orig-

296 1880 156 80 ina
464 1884 32 76 l
568 1880 228 80 with
872 1904 56 56 a
1004 1880 1144 92 translation.-Appendi
2156 1900 44 56 c
2204 1900 152 56 es:
2440 1880 400 92 Reports
2916 1900 52 56 o
2972 1880 44 76 f
3092 1880 72 80 G
3176 1900 112 60 ov
3292 1900 168 60 ern
3464 1904 52 56 o
3524 1900 44 52 r
3644 1880 272 80 Print
3920 1900 48 52 z
4044 1880 100 80 in

292 1988 224 80 1644
572 1996 184 72 and
812 1988 248 80 1647.
1172 1988 372 80 Letters
1600 1988 248 80 from
1904 1988 348 92 Printz,
2312 1988 500 92 Papegoja,
2876 1988 620 80 Oxenstierna
3556 1992 184 76 and
3800 1988 188 76 Bra
3996 1988 60 76 h
4064 2008 72 60 e.

304 2100 808 92 Correspondence
1212 2100 416 76 between
1736 2096 480 80 Governor
2320 2096 324 80 Printz
2744 2100 184 76 and
3036 2096 476 80 Governor
3616 2096 528 96 Winthrop.

300 2208 288 80 Court
656 2212 380 76 records
1100 2208 100 76 in
1268 2204 228 80 New
1572 2208 412 88 Sweden,
2056 2204 168 80 164
2228 2208 48 76 3
2284 2204 304 80 -1644.
2708 2204 488 80 Relations
3264 2204 232 80 with
3568 2212 160 72 the
3800 2208 344 76 Dutch.

316 2316 96 92 ©
472 2324 220 92 Apr.
756 2320 132 92 12,
952 2320 48 72 1
1008 2320 104 76 93
1120 2320 100 88 0;
1288 2320 132 76 2c.
1480 2320 188 72 and
1728 2316 160 80 aff.
1948 2320 220 88 Apr.
2228 2320 164 88 24;
2456 2320 84 72 A
2596 2316 56 76 2
2652 2316 52 76 3
2712 2316 216 92 011;
2996 2320 108 76 A.
3164 2320 448 88 Johnson,
3680 2316 464 76 Philadel-

440 2428 248 96 phia.
820 2432 28 92 (
860 2432 52 76 3
920 2428 160 76 0-1
1088 2428 48 76 1
1144 2428 212 92 881)
3748 2420 232 84 4456

304 2584 544 124 Johnson,
904 2584 464 108 Robert.

428 2740 236 100 The
724 2744 172 92 art
956 2736 124 104 of
1136 2736 648 136 retouching
1844 2736 812 132 photographic
2712 2740 560 132 negatives
3332 2740 220 100 and
3616 2732 528 136 practical

308 2888 596 104 directions
956 2888 244 100 how
1256 2896 116 88 to
1432 2884 328 104 finish
1820 2892 216 100 and
2100 2888 292 100 color
2452 2888 816 132 photographic
3328 2888 832 132 enlargements,

304 3048 232 124 etc.,
592 3040 144 132 by
792 3040 416 100 Robert
1264 3036 528 104 Johnson.
1944 3040 248 96 12th
2252 3040 164 100 ed.
2476 3060 220 76 rev.
2752 3040 220 100 and
3028 3036 564 104 rewritten
3644 3036 148 136 by
3852 3036 124 100 T.
4044 3032 108 108 S.

308 3188 352 104 Bruce
724 3188 216 104 and
1000 3188 408 100 Alfred
1468 3184 768 136 Braithwaite,
2288 3224 220 64 rev.
2572 3188 220 104 and
2848 3224 132 64 en
2980 3188 36 92 l
3032 3268 24 20 .
3112 3188 144 132 by
3312 3184 436 104 Arthur
3808 3188 348 100 Ham-

304 3340 332 100 mond
724 3416 108 20 …
988 3340 448 124 Boston,
1508 3336 368 132 Mass.,
1952 3336 588 104 American
2620 3336 816 136 photographic
3508 3336 648 136 publishing

304 3524 192 96 co.,
552 3488 292 104 1930.

440 3644 124 92 ix,
632 3680 20 60 [
660 3636 68 80 1]
800 3664 112 72 p.,
976 3644 48 72 1
1084 3644 84 88 1.,
1228 3640 168 76 154
1456 3664 80 72 p.
1600 3640 148 80 inc
1752 3644 32 72 l
1792 3704 16 12 .
1876 3640 272 96 illus.,
2212 3644 328 96 plates.
2660 3640 48 76 2
2712 3640 468 88 3½ͨͫ
2924 3700 20 24 .

440 3748 308 80 "First
820 3748 496 80 American
1392 3748 436 80 edition."

316 3852 96 96 ©
484 3860 220 92 Apr.
772 3860 132 92 22,
976 3860 108 76 19
1088 3860 52 76 3
1148 3860 52 76 0
1232 3880 16 72 ;
1320 3860 52 72 2
1376 3872 44 68 c
1436 3920 16 16 .
1520 3880 56 56 a
1584 3860 124 76 nd
1780 3880 52 56 a
1840 3856 36 76 f
1864 3856 48 76 f
1920 3920 16 16 .
2008 3860 80 72 A
2092 3880 60 72 p
2156 3880 72 60 r.
2296 3860 160 92 24;
2532 3860 80 76 A
2680 3860 56 76 2
2740 3860 48 80 3
2796 3860 52 76 0
2852 3860 160 92 42;
3092 3860 304 80 Amer.
3472 3860 120 96 ph
3600 3884 52 56 o
3656 3868 40 72 t
3704 3884 48 56 o
3760 3860 388 92 graphic

444 3972 208 92 pub.
704 3992 128 56 co.
960 3968 28 96 (
1004 3968 48 80 3
1060 3968 440 96 0-11819)
3748 3968 236 84 4457

304 4124 500 128 Kessler,
860 4124 440 104 Ramon
1352 4124 400 128 Wilke,
1808 4128 164 108 ed.

440 4280 536 100 Treasure
1040 4292 308 88 trove
1416 4280 124 104 of
1604 4276 360 132 pirate
2032 4276 436 132 stories;
2544 4320 64 64 a
2672 4280 572 104 collection
3308 4288 124 100 of
3496 4288 232 100 best
3796 4284 360 132 pirate

308 4428 388 104 stories
796 4428 180 100 for
1072 4464 372 100 young
1544 4428 424 132 people,
2064 4432 544 128 compiled
2708 4436 216 100 and
3020 4436 368 104 edited
3484 4436 144 132 by
3728 4436 432 104 Ramon

304 4576 368 108 Wilke
760 4576 480 132 Kessler,
1332 4576 624 104 illustrated
2044 4580 148 132 by
2276 4580 140 100 A.
2512 4576 96 108 O
2624 4660 20 20 .
2740 4580 340 104 Scott.
3224 4584 264 100 New
3584 4584 348 132 York,
4016 4588 144 100 D.

300 4724 572 136 Appleton
928 4732 216 96 and
1204 4760 572 104 company,
1832 4732 296 96 1930.

436 4884 108 76 10
588 4904 84 72 p.
720 4872 88 100 1.,
852 4880 52 80 3
908 4880 248 92 -276,
1220 4884 60 92 [1
1292 4896 24 68 i
1376 4904 84 68 p.
1508 4880 32 76 i
1548 4904 112 56 nc
1664 4884 32 72 l
1704 4944 16 16 .
1768 4880 96 76 fr
1868 4904 52 56 o
1928 4888 156 88 nt.,
2132 4884 280 92 illus.,
2460 4888 332 88 plates.
2900 4876 224 88 21ͨͫ.

440 4992 68 80 C
516 5008 52 60 O
576 5008 316 56 NTENT
896 5008 48 56 S
956 4988 336 80 .-The
1348 4992 412 76 emerald
1828 5012 48 56 o
1880 4988 48 76 f
1996 4988 192 80 San
2248 4992 72 76 P
2324 5012 56 56 a
2388 4992 56 80 b
2448 4996 88 76 lo
2544 5052 20 32 ,
2632 4996 112 88 by
2812 4996 76 76 E
2896 5056 16 16 .
2980 4996 1168 96 Cunningham.-Piracy,

300 5100 116 92 by
496 5096 404 96 Captain
976 5096 364 96 Dingle.
1372 5140 116 12 -
1516 5096 196 80 The
1788 5096 660 96 impressment
2520 5100 104 80 of
2696 5104 316 92 Philip
3084 5108 512 92 Marsham,
3672 5108 120 92 by
3868 5108 96 80 C.
4044 5116 104 76 B.

300 5196 572 88 flawes.-A
928 5208 492 88 desperate
1472 5204 332 96 pirate,
1856 5208 116 92 by
2024 5208 112 76 R.
2196 5208 740 80 Stevans.-The
2988 5216 268 92 great
3308 5216 36 72 f
3344 5216 24 72 i
3376 5216 164 92 ght
3596 5216 100 80 of
3748 5212 400 100 Captain

304 5316 332 92 Teach,
712 5316 112 92 by
896 5316 108 76 R.
1072 5312 112 80 D.
1252 5312 636 80 Paine.-The
1956 5320 208 88 gold
2236 5320 208 88 bug,
2516 5320 116 88 by
2704 5320 100 76 E.
2876 5320 108 76 A.
3052 5324 632 80 Poe.-When
3752 5332 96 72 M
3856 5348 52 56 o
3916 5352 104 68 rg
4024 5348 52 56 a
4088 5348 60 56 n

304 5424 448 92 captured
816 5424 444 92 Panama,
1328 5424 116 92 by
1504 5420 80 80 R
1596 5484 16 16 .
1676 5424 140 80 W.
1876 5424 732 80 Kessler.-The
2660 5432 392 88 capture
3116 5428 100 80 of
3276 5432 316 80 Julius
3656 5436 312 80 Casar
4028 5444 120 92 by

300 5532 384 92 pirates,
744 5532 116 92 by
920 5524 116 84 H.
1100 5528 732 80 Gilbert.-Tom
1896 5532 268 80 Chist
2224 5536 184 76 and
2468 5536 156 76 the
2684 5540 432 76 treasure
3172 5540 204 92 box,
3436 5544 52 76 b
3496 5564 56 68 y
3608 5544 92 76 H
3700 5564 20 48 .
3788 5548 252 88 Pyle.

316 5632 96 92 ©
468 5644 224 88 Apr.
740 5644 56 72 2
800 5644 52 72 5
860 5700 20 32 ,
932 5640 116 76 19
1048 5640 108 76 30
1188 5660 16 72 ;
1264 5640 52 76 2
1324 5660 44 56 c
1376 5704 20 16 .
1452 5644 184 72 and
1692 5636 136 80 aff
1832 5704 20 16 .
1904 5644 224 88 Apr.
2180 5644 160 88 28;
2404 5644 76 76 A
2536 5644 220 76 2242
2764 5644 52 76 0
2848 5668 16 68 ;
2928 5648 112 80 D.
3100 5648 76 76 A
3180 5668 64 72 p
3244 5652 192 88 plet
3440 5672 52 56 o
3500 5676 60 52 n
3616 5652 72 80 &
3740 5676 128 56 co.

460 5748 28 100 (
504 5752 52 76 3
560 5748 440 92 0-11612)
3748 5760 232 80 4458

304 5904 340 124 King,
700 5900 488 108 William
1244 5908 372 124 Peter,
1684 5912 328 104 1871-
2432 5916 160 100 ed.

432 6052 820 132 Behaviorism;
1348 6088 64 64 a
1504 6052 340 104 battle
1936 6056 256 132 line,
2284 6056 372 104 edited
2744 6064 144 132 by
2976 6064 508 104 William
3572 6068 128 100 P.
3800 6068 344 140 King.

300 6200 604 132 Nashville,
956 6200 376 132 Tenn.,
1388 6200 640 136 Cokesbury
2076 6240 340 96 press,
2472 6212 292 96 1930.

432 6356 52 80 3
496 6356 108 80 76
660 6380 84 68 p.
860 6356 276 80 21ͨͫ.

440 6464 588 92 Symposium
1080 6468 112 88 by
1244 6468 392 76 authors
1684 6468 208 80 who
1944 6472 220 76 take
2216 6492 52 56 a
2320 6492 420 56 common
2788 6472 412 96 position
3252 6476 372 96 against
3676 6484 476 80 material-

304 6572 216 80 istic
580 6572 652 80 behaviorism.

440 6680 476 80 "Selected
980 6680 756 96 bibliography":
1808 6704 80 72 p.
1952 6688 336 76 371-37
2292 6688 52 76 3
2352 6748 20 16 .
2488 6688 364 80 "Books
2916 6692 116 92 by
3100 6692 628 84 contributors
3796 6704 92 72 to
3956 6700 192 80 this

304 6788 472 80 volume":
836 6812 80 72 p.
976 6792 48 76 3
1036 6788 164 80 74-
1200 6792 52 76 3
1260 6792 136 80 76.

316 6892 100 100 ©
484 6904 220 88 Apr.
772 6904 76 88 4,
920 6900 112 80 19
1036 6900 108 80 30
1176 6924 16 68 ;
1268 6904 128 76 2c.
1468 6904 184 76 and
1724 6904 160 76 aff.
1952 6904 224 96 Apr.
2244 6904 160 92 21;
2480 6908 80 72 A
2632 6900 224 84 2227
2860 6908 48 80 9
2940 6928 20 72 ;
3036 6912 348 76 Lamar
3452 6916 72 76 &
3596 6916 540 92 Whitmore,

444 7012 512 76 Nashville.
1084 7012 28 96 (
1128 7012 52 76 3
1188 7012 436 96 0-11746)
3748 7024 232 80 4459

312 7160 544 132 Kuznets,
916 7168 388 104 Simon
1360 7168 412 124 Smith,
1832 7184 312 96 1901-

452 7316 452 104 Secular
972 7336 668 92 movements
1712 7328 112 100 in
1900 7328 660 128 production
2632 7332 220 100 and
2924 7332 404 128 prices;
3408 7332 288 104 their
3764 7340 392 92 nature

316 7472 216 100 and
580 7464 288 104 their
916 7468 456 136 bearing
1420 7508 300 96 upon
1768 7472 448 136 cyclical
2264 7472 48 104 f
2304 7472 36 104 l
2348 7480 652 136 uctuations,
3048 7484 148 132 by
3248 7480 384 108 Simon
3692 7484 104 104 S.
3852 7472 296 108 Kiz-
