4752 8320
2180 7716 128 96 21
2316 7712 124 104 73

404 700 932 120 Gamertsfelder,
1408 696 432 104 Walter
1920 696 1356 124 Sylvester-Continued

532 860 128 80 xii
676 924 16 32 ,
748 860 160 80 761
968 880 84 72 p.
1108 856 32 76 i
1144 880 60 52 n
1212 860 80 72 cl
1304 920 16 16 .
1376 856 284 76 front.
1780 856 472 92 24ͨͫ.

540 968 660 80 "References"
1264 968 104 72 at
1420 972 172 72 end
1656 964 104 76 of
1816 964 228 76 each
2104 960 412 92 chapter.

408 1076 92 88 ©
568 1084 212 76 Dec.
840 1076 76 84 2,
980 1076 48 76 1
1032 1072 56 80 9
1092 1076 112 76 30
1232 1096 16 68 ;
1308 1076 128 72 2c.
1508 1072 212 80 Dec.
1780 1072 36 76 1
1836 1072 48 76 5
1920 1092 16 68 ;
2004 1080 156 84 aft.
2224 1072 216 76 Dec.
2504 1068 156 92 26;
2732 1072 80 72 A
2868 1068 328 92 32437;
3260 1064 716 84 Prentice-Hall,
4044 1064 92 72 in
4148 1088 48 48 c
4200 1124 16 16 .

552 1184 420 96 (31-282)
3756 1168 224 84 1394
4028 1228 12 20 ,

404 1372 588 120 Gardiner,
1044 1376 124 92 M
1172 1400 136 68 rs.
1368 1364 132 104 D.
1556 1364 124 104 F.

528 1516 496 100 Another
1076 1512 352 132 night,
1480 1508 456 104 another
1988 1508 248 132 day,
2284 1508 144 128 by
2480 1508 136 104 D.
2672 1512 124 100 F.
2852 1508 548 104 Gardiner
3492 1532 72 104 …
3720 1508 492 128 London,

400 1664 576 108 Constable
1032 1668 84 96 &
1172 1696 148 68 co.
1380 1660 196 100 ltd.
1652 1664 292 96 [1930]

528 1820 52 72 2
636 1840 80 72 p.
772 1812 84 96 l.,
908 1816 300 92 9-319,
1272 1816 72 96 [1
1348 1828 28 68 ]
1432 1832 84 76 p.
1632 1812 276 80 19½ͨͫ.

408 1912 92 92 ©
568 1928 132 80 1c.
764 1928 216 76 Dec.
1044 1924 132 84 29,
1244 1924 32 72 1
1300 1916 160 84 930
1496 1944 12 68 ;
1580 1924 80 72 A
1724 1924 116 72 ad
1904 1924 172 76 int.
2144 1924 104 72 14
2256 1920 48 72 6
2308 1920 96 76 21
2452 1940 16 72 ;
2540 1916 272 96 pubd.
2884 1916 196 80 Oct.
3148 1916 160 96 30;
3380 1916 112 80 D.
3564 1912 96 84 F.
3736 1916 484 96 Gardiner,

532 2036 268 76 Prest
804 2036 56 76 b
868 2056 196 72 ury,
1124 2052 132 60 nr.
1320 2032 628 76 Cheltenham.
2016 2032 448 88 England.
2600 2028 480 92 (31-1282)
3756 2020 284 84 13949

400 2192 432 120 Glazer,
900 2188 424 124 Simon,
1396 2192 328 100 1878-

524 2340 312 104 Book
880 2336 652 104 of.sermons
1584 2336 180 100 for
1812 2336 152 100 all
2016 2328 1524 140 occasions(ספר
4104 2328 616 136 דרשות
4104 2332 616 132 לחגים
4104 2332 616 136 וומנים)

392 2492 140 132 by
592 2488 356 104 Rabbi
1016 2488 380 108 Simon
1460 2488 428 100 Glazer.
2032 2484 268 100 New
2368 2484 344 128 York,
2772 2484 232 100 The
3076 2480 256 108 Star
3396 2480 472 104 Hebrew
3932 2480 280 104 book

392 2672 148 68 co.
608 2644 52 104 [
680 2644 260 96 ͨ1930]

524 2792 52 76 2
588 2792 48 80 5
640 2796 56 76 6
744 2812 80 72 p.
936 2792 52 76 2
996 2788 540 88 0½ͨͫ
1204 2852 12 16 .

408 2896 96 96 ©
556 2904 228 76 Nov.
836 2900 128 84 20.
1024 2900 268 84 1930:
1352 2900 128 80 2c.
1540 2900 212 76 Dec.
1808 2896 156 92 12;
2028 2912 52 64 a
2088 2896 72 76 ff
2168 2960 16 16 .
2240 2900 216 76 Dec.
2512 2896 160 92 11;
2732 2896 76 76 A
2864 2896 328 88 31569;
3260 2896 220 76 Star
3536 2896 396 76 Hebrew
3988 2896 236 76 book

532 3032 128 60 co.
796 3008 368 96 (31-94)
3756 2996 288 88 13950

524 3164 944 132 Techinah-book;
1532 3160 640 132 containing
2232 3196 452 96 prayers
2752 3160 216 100 and
3032 3160 520 132 religious
3612 3160 356 100 duties
4036 3160 176 100 for

392 3316 180 100 the
632 3316 596 128 daughters
1284 3312 124 100 of
1464 3312 380 128 Israel,
1904 3312 144 128 by
2108 3308 356 104 Rabbi
2532 3308 380 108 Simon
2972 3308 424 108 Glazer.
3544 3312 264 100 New
3872 3308 344 132 York,

392 3464 228 100 The
676 3464 256 104 Star
980 3460 472 104 Hebrew
1500 3460 280 100 book
1832 3496 52 64 c
1892 3496 88 68 o.
2044 3476 56 96 [
2124 3464 188 96 ͨ193
2324 3464 92 128 0]

524 3616 164 80 128
740 3640 80 72 p.
936 3608 136 88 18
1076 3620 36 44 ͨͫ
1140 3680 20 16 .

408 3720 96 96 ©
556 3728 228 76 Nov.
836 3728 132 88 20,
1028 3728 268 92 1930;
1356 3724 128 80 2c.
1540 3728 212 76 Dec.
1812 3728 156 88 12;
2032 3724 100 76 af
2124 3724 40 76 f
2172 3788 12 12 .
2244 3728 216 76 Dec.
2516 3724 156 92 11;
2732 3724 80 76 A
2864 3724 328 92 31568;
3260 3724 220 76 Star
3536 3724 396 76 Hebrew
3988 3724 236 76 book

528 3856 132 60 co.
796 3836 204 92 (31-
1004 3836 52 76 9
1064 3836 96 92 0)
3756 3824 284 88 13951

396 3988 496 124 Gribetz,
948 3988 348 100 Louis
1352 3988 416 124 Judah,
1832 4000 328 96 1896-

520 4136 228 100 The
800 4172 228 64 case
1076 4136 176 100 for
1304 4136 176 100 the
1528 4136 324 132 Jews,
1904 4172 136 68 an
2088 4136 836 132 interpretation
2972 4132 120 104 of
3140 4136 280 100 their
3472 4136 360 128 rights
3880 4136 340 100 under

392 4284 176 100 the
612 4284 468 100 Balfour
1124 4284 664 104 declaration
1832 4284 212 104 and
2088 4284 176 100 the
2308 4284 512 104 mandate
2864 4284 176 100 for
3084 4280 580 136 Palestine,
3708 4284 140 132 by
3888 4280 336 108 Louis

392 4436 100 100 J.
560 4432 444 104 Gribetz
1076 4436 64 112 …
1324 4432 264 104 New
1648 4432 344 128 York,
2056 4428 344 104 Bloch
2464 4428 640 136 publishing
3164 4464 568 104 company,
3796 4436 288 96 1930.

528 4588 48 76 3
640 4608 80 72 p.
792 4588 88 92 l.,
948 4584 300 96 v-xiv,
1320 4584 164 80 126
1544 4608 84 72 p.
1768 4580 36 76 I
1784 4588 64 72 ll
1856 4608 60 56 u
1924 4608 68 56 s.
2044 4584 460 96 (facsim.)
2636 4588 44 76 1
2692 4584 52 80 9ͨͫ
2840 4648 20 16 .

404 4696 100 92 ©
556 4704 216 80 Dec.
824 4704 132 84 17,
1016 4704 116 80 10
1128 4700 104 80 30
1264 4724 12 68 ;
1336 4704 48 72 2
1392 4716 72 68 c.
1520 4704 184 72 and
1756 4700 156 80 aff.
1972 4700 204 80 Dee.
2232 4700 160 88 22;
2452 4700 76 76 A
2580 4696 328 96 32354;
2968 4700 96 80 L.
3124 4700 84 80 J.
3268 4700 396 96 Gribetz,
3724 4700 500 92 Brooklyn.

552 4812 420 96 (31-278)
3760 4804 284 80 13952

396 4968 436 104 Grolier
892 4964 284 124 club,
1228 4968 268 104 New
1556 4968 340 104 York.

528 5112 600 132 Catalogue
1192 5112 124 104 of
1380 5148 136 68 an
1584 5112 608 104 exhibition
2260 5112 124 104 of
2444 5112 184 104 the
2700 5112 428 132 private
3196 5148 396 96 papers
3660 5108 124 108 of
3848 5112 372 104 James

392 5264 500 108 Boswell,
956 5260 292 104 from
1312 5260 564 104 Malahide
1948 5260 356 128 castle,
2368 5264 256 100 held
2684 5272 112 92 at
2860 5264 184 100 the
3108 5260 440 104 Grolier
3612 5264 280 128 club,
3956 5260 256 104 New

392 5412 344 128 York,
800 5408 592 104 December
1460 5408 664 132 eighteenth,
2196 5412 292 128 1930,
2556 5424 112 88 to
2736 5408 568 132 February
3376 5412 484 128 seventh,
3932 5412 288 100 1931.

400 5588 44 76 [
436 5556 264 104 New
756 5556 344 132 York,
1152 5556 528 136 Printing
1728 5556 328 104 house
2112 5556 124 104 of
2288 5556 176 108 W.
2520 5560 128 100 E.
2708 5560 424 132 Rudge,
3188 5556 244 132 inc.,
3496 5552 296 108 ͨ1930]

528 5748 24 60 [
552 5712 168 80 218
728 5752 20 56 ]
808 5732 56 72 p
876 5772 16 20 .
1004 5712 108 80 24
1124 5716 104 76 ͨͫ.

528 5820 560 92 "Copyright
1172 5820 60 88 …
1308 5812 40 76 [
1336 5816 136 100 by]
1532 5820 304 92 Ralph
1892 5820 116 80 H.
2064 5820 400 80 Isham."

528 5928 344 80 "Titles
924 5928 104 80 of
1076 5928 284 80 books
1412 5928 536 92 frequently
1996 5928 420 80 referred
2472 5928 204 80 to":
2732 5948 80 72 p.
2884 5968 20 56 [
2908 5928 80 96 7]

528 6036 148 80 CO
660 6056 312 56 NTENT
980 6060 40 56 S
1040 6096 12 12 .
1032 6056 84 44 -
1124 6032 72 76 T
1240 6036 380 80 ournals
1668 6036 100 80 of
1820 6036 312 80 James
2184 6036 908 80 Boswell.-Letters
3148 6036 116 92 by
3312 6036 320 80 James
3680 6036 136 80 Bo
3824 6060 40 56 s
3872 6040 204 76 well
4108 6060 104 52 .-

396 6140 628 96 Manuscripts
1068 6144 120 96 by
1236 6144 316 80 James
1600 6144 428 92 Boswell,
2072 6144 164 80 not
2284 6144 428 92 journals
2760 6168 108 56 or
2912 6144 28 72 l
2944 6168 48 56 e
3000 6144 752 80 tters.-Letters
3804 6148 416 76 received

392 6248 116 96 by
564 6252 316 80 James
944 6252 328 76 Boswe
1276 6252 32 72 l
1312 6252 56 92 l,
1432 6256 184 76 and
1676 6252 268 80 other
2008 6252 624 92 manuscripts
2696 6276 64 52 n
2768 6276 48 56 o
2824 6260 36 72 t
2920 6252 380 80 written
3360 6252 124 92 by
3548 6256 56 76 h
3612 6252 28 80 i
3648 6252 572 92 m.-Books,

392 6356 568 96 broadsides,
1016 6360 332 92 prints,
1408 6368 168 76 etc.

408 6460 100 92 ©
564 6468 212 80 Dec.
832 6472 128 92 17,
1016 6468 268 92 1930;
1348 6468 48 76 2
1404 6492 48 56 c
1460 6536 12 12 .
1528 6476 184 72 and
1768 6468 156 80 aff.
1980 6472 140 76 De
2124 6492 56 56 c
2168 6500 20 48 .
2248 6468 160 92 22;
2468 6472 80 76 A
2600 6468 324 96 32328;
2988 6472 308 92 Ralph
3348 6476 472 88 Heyward
3880 6472 344 92 Isbam,

540 6576 224 80 Glen
820 6580 292 92 Head,
1172 6580 96 80 L.
1324 6584 96 88 I.,
1476 6584 108 76 N.
1640 6584 100 72 Y.
1880 6580 420 92 (31-198)
3760 6576 284 84 13953

400 6732 632 128 Hargrave,
1092 6732 612 108 Catherine
1760 6736 392 124 Perry.

532 6880 108 104 A
692 6884 428 132 history
1172 6880 124 104 of
1348 6884 460 132 playing
1860 6884 316 104 cards
2232 6884 216 104 and
2508 6924 56 64 a
2624 6884 780 136 bibliography
3460 6884 128 104 of
3640 6888 316 104 cards
4012 6884 208 100 and

404 7032 480 132 gaming,
960 7032 144 132 by
1188 7032 584 104 Catherine
1852 7032 348 132 Perry
2280 7032 640 132 Hargrave;
3008 7036 540 128 compiled
3628 7036 216 100 and
3932 7032 76 92 il
4020 7040 204 96 lus-

404 7184 360 100 trated
836 7180 292 104 from
1196 7184 184 100 the
1452 7184 180 100 old
1704 7184 312 100 cards
2088 7184 212 100 and
2372 7184 336 104 books
2776 7184 116 100 in
2964 7184 184 100 the
3220 7184 564 100 collection
3856 7184 124 100 of
4048 7188 180 96 the

404 7328 416 108 United
900 7328 360 108 States
1332 7332 464 132 playing
1868 7332 260 104 card
2200 7368 540 96 company
2812 7340 120 96 in
3004 7332 668 108 Cincinnati.
3816 7332 408 104 Boston

408 7480 216 100 and
676 7480 264 104 New
996 7480 344 132 York,
1392 7480 612 136 Houghton
2056 7480 268 104 Miff
2280 7484 44 100 l
2332 7480 116 104 in
2504 7516 572 100 company,
3136 7488 292 100 1930.
