<?xml version="1.0"?>
<alto xmlns="http://www.loc.gov/standards/alto/ns-v2#" xmlns:xlink="http://www.w3.org/1999/xlink" xmlns:xsi="http://www.w3.org/2001/XMLSchema-instance" xsi:schemaLocation="http://www.loc.gov/standards/alto/ns-v2# http://www.loc.gov/standards/alto/alto-v2.0.xsd">
	<Description>
		<MeasurementUnit>inch1200</MeasurementUnit>
		<sourceImageInformation>
			<fileIdentifier>catalogofcopyri271libr_001-2321.pdf_Page_0058.jpg</fileIdentifier>
		</sourceImageInformation>
		<OCRProcessing ID="OCR1">
			<ocrProcessingStep>
				<processingDateTime>2018-04-20T18:08:34</processingDateTime>
				<processingAgency>Data Conversion Laboratory</processingAgency>
				<processingSoftware>
					<softwareCreator>Prime</softwareCreator>
					<softwareName>Prime OCR</softwareName>
					<softwareVersion>4.40</softwareVersion>
				</processingSoftware>
			</ocrProcessingStep>
			<postProcessingStep>
				<processingDateTime>2018-04-25T17:27:54</processingDateTime>
				<processingAgency>Data Conversion Laboratory</processingAgency>
				<processingStepDescription>PRO -&gt; ALTO</processingStepDescription>
				<processingSoftware>
					<softwareCreator>Data Conversion Laboratory</softwareCreator>
					<softwareName>pro2alto.2018.02.27</softwareName>
					<softwareVersion>2.0</softwareVersion>
				</processingSoftware>
			</postProcessingStep>
		</OCRProcessing>
	</Description>
<Styles>
		<TextStyle ID="Style_1" FONTSIZE="9" FONTTYPE="serif" FONTWIDTH="proportional" FONTSTYLE="bold"/>
		<TextStyle ID="Style_2" FONTSIZE="10" FONTTYPE="serif" FONTWIDTH="proportional" FONTSTYLE="bold"/>
		<TextStyle ID="Style_3" FONTSIZE="8" FONTTYPE="serif" FONTWIDTH="proportional" FONTSTYLE="bold"/>
		<TextStyle ID="Style_4" FONTSIZE="10" FONTTYPE="serif" FONTWIDTH="proportional"/>
		<TextStyle ID="Style_5" FONTSIZE="8" FONTTYPE="serif" FONTWIDTH="proportional"/>
		<TextStyle ID="Style_6" FONTSIZE="7" FONTTYPE="serif" FONTWIDTH="proportional"/>
		<TextStyle ID="Style_7" FONTSIZE="6" FONTTYPE="serif" FONTWIDTH="proportional"/>
		<TextStyle ID="Style_8" FONTSIZE="6" FONTTYPE="serif" FONTWIDTH="proportional" FONTSTYLE="bold"/>
		<TextStyle ID="Style_9" FONTSIZE="5" FONTTYPE="serif" FONTWIDTH="proportional"/>
		<TextStyle ID="Style_10" FONTSIZE="9" FONTTYPE="serif" FONTWIDTH="proportional"/>
		<TextStyle ID="Style_11" FONTSIZE="7" FONTTYPE="serif" FONTWIDTH="proportional" FONTSTYLE="bold"/>
		<TextStyle ID="Style_12" FONTSIZE="8" FONTTYPE="sans-serif" FONTWIDTH="fixed" FONTSTYLE="bold underline superscript subscript"/>
		<TextStyle ID="Style_13" FONTSIZE="9" FONTTYPE="sans-serif" FONTWIDTH="fixed" FONTSTYLE="bold underline superscript subscript"/>
		<TextStyle ID="Style_14" FONTSIZE="8" FONTTYPE="serif" FONTWIDTH="proportional" FONTSTYLE="italics"/>
		<TextStyle ID="Style_15" FONTSIZE="5" FONTTYPE="sans-serif" FONTWIDTH="fixed" FONTSTYLE="bold underline superscript subscript"/>
		<TextStyle ID="Style_16" FONTSIZE="5" FONTTYPE="serif" FONTWIDTH="proportional" FONTSTYLE="bold"/>
		<TextStyle ID="Style_17" FONTSIZE="6" FONTTYPE="sans-serif" FONTWIDTH="fixed" FONTSTYLE="bold underline superscript subscript"/>
	</Styles>
	<Layout>
		<Page ID="Page_1" PHYSICAL_IMG_NR="1" HEIGHT="8252" WIDTH="4884">
			<PrintSpace ID="PS_1" HPOS="0" VPOS="0" HEIGHT="8252" WIDTH="4884">
				<TextBlock ID="TB_1.1" HPOS="2232" VPOS="7736" WIDTH="332" HEIGHT="224">
					<TextLine ID="TL_1.1.1" HPOS="2312" VPOS="7748" HEIGHT="108" WIDTH="132">
						<String CONTENT="58" ID="St_1.1.1.1" HPOS="2312" VPOS="7748" HEIGHT="108" WIDTH="132" STYLEREFS="Style_1" WC="0.888888888888889" CC="11"/>
					</TextLine>
				</TextBlock>
				<TextBlock ID="TB_1.2" HPOS="364" VPOS="636" WIDTH="4172" HEIGHT="7064">
					<TextLine ID="TL_1.2.1" HPOS="468" VPOS="724" HEIGHT="124" WIDTH="1960">
						<String CONTENT="M" ID="St_1.2.1.1" HPOS="468" VPOS="728" HEIGHT="96" WIDTH="116" STYLEREFS="Style_2" WC="0.444444444444444" CC="5"/>
						<String CONTENT="a" ID="St_1.2.1.2" HPOS="588" VPOS="756" HEIGHT="68" WIDTH="68" STYLEREFS="Style_3" WC="0.722222222222222" CC="0"/>
						<String CONTENT="lo" ID="St_1.2.1.3" HPOS="664" VPOS="724" HEIGHT="100" WIDTH="104" STYLEREFS="Style_3" WC="0.861111111111111" CC="00"/>
						<String CONTENT="y," ID="St_1.2.1.4" HPOS="776" VPOS="760" HEIGHT="88" WIDTH="108" STYLEREFS="Style_3" WC="0.906666666666667" CC="00"/>
						<SP ID="SP_1.2.1.5" HPOS="864" VPOS="768" WIDTH="48"/>
						<String CONTENT="Bernard" ID="St_1.2.1.6" HPOS="948" VPOS="728" HEIGHT="104" WIDTH="512" STYLEREFS="Style_3" WC="0.96" CC="0000000"/>
						<SP ID="SP_1.2.1.7" HPOS="1424" VPOS="728" WIDTH="68"/>
						<String CONTENT="S" ID="St_1.2.1.8" HPOS="1528" VPOS="728" HEIGHT="104" WIDTH="72" STYLEREFS="Style_4" WC="0.936666666666667" CC="4"/>
						<String CONTENT=".&#x0097;Continued" ID="St_1.2.1.9" HPOS="1612" VPOS="728" HEIGHT="108" WIDTH="816" STYLEREFS="Style_5" WC="0.962222222222222" CC="00000000000"/>
					</TextLine>
					<TextLine ID="TL_1.2.2" HPOS="464" VPOS="868" HEIGHT="140" WIDTH="3872">
						<String CONTENT="With" ID="St_1.2.2.1" HPOS="464" VPOS="872" HEIGHT="108" WIDTH="312" STYLEREFS="Style_5" WC="1" CC="0000"/>
						<SP ID="SP_1.2.2.2" HPOS="732" VPOS="880" WIDTH="84"/>
						<String CONTENT="introductions" ID="St_1.2.2.3" HPOS="864" VPOS="876" HEIGHT="104" WIDTH="812" STYLEREFS="Style_5" WC="1" CC="0000000000000"/>
						<SP ID="SP_1.2.2.4" HPOS="1648" VPOS="900" WIDTH="72"/>
						<String CONTENT="from" ID="St_1.2.2.5" HPOS="1768" VPOS="876" HEIGHT="100" WIDTH="292" STYLEREFS="Style_5" WC="1" CC="0000"/>
						<SP ID="SP_1.2.2.6" HPOS="2004" VPOS="900" WIDTH="100"/>
						<String CONTENT="legal" ID="St_1.2.2.7" HPOS="2152" VPOS="876" HEIGHT="132" WIDTH="280" STYLEREFS="Style_5" WC="1" CC="00000"/>
						<SP ID="SP_1.2.2.8" HPOS="2412" VPOS="880" WIDTH="68"/>
						<String CONTENT="and" ID="St_1.2.2.9" HPOS="2532" VPOS="876" HEIGHT="100" WIDTH="220" STYLEREFS="Style_5" WC="1" CC="000"/>
						<SP ID="SP_1.2.2.10" HPOS="2712" VPOS="880" WIDTH="84"/>
						<String CONTENT="medical" ID="St_1.2.2.11" HPOS="2844" VPOS="872" HEIGHT="104" WIDTH="468" STYLEREFS="Style_5" WC="1" CC="0000000"/>
						<SP ID="SP_1.2.2.12" HPOS="3288" VPOS="880" WIDTH="64"/>
						<String CONTENT="standpoints" ID="St_1.2.2.13" HPOS="3400" VPOS="872" HEIGHT="132" WIDTH="708" STYLEREFS="Style_5" WC="1" CC="00000000000"/>
						<SP ID="SP_1.2.2.14" HPOS="4080" VPOS="896" WIDTH="68"/>
						<String CONTENT="by" ID="St_1.2.2.15" HPOS="4192" VPOS="868" HEIGHT="132" WIDTH="144" STYLEREFS="Style_5" WC="1" CC="00"/>
					</TextLine>
					<TextLine ID="TL_1.2.3" HPOS="456" VPOS="1024" HEIGHT="136" WIDTH="3828">
						<String CONTENT="John" ID="St_1.2.3.1" HPOS="456" VPOS="1024" HEIGHT="108" WIDTH="300" STYLEREFS="Style_6" WC="1" CC="0000"/>
						<SP ID="SP_1.2.3.2" HPOS="720" VPOS="1044" WIDTH="76"/>
						<String CONTENT="H." ID="St_1.2.3.3" HPOS="840" VPOS="1024" HEIGHT="104" WIDTH="152" STYLEREFS="Style_6" WC="0.935555555555556" CC="04"/>
						<SP ID="SP_1.2.3.4" HPOS="980" VPOS="1068" WIDTH="52"/>
						<String CONTENT="W" ID="St_1.2.3.5" HPOS="1080" VPOS="1028" HEIGHT="104" WIDTH="140" STYLEREFS="Style_6" WC="0.95" CC="0"/>
						<String CONTENT="igmore" ID="St_1.2.3.6" HPOS="1224" VPOS="1024" HEIGHT="136" WIDTH="420" STYLEREFS="Style_6" WC="0.97" CC="000000"/>
						<SP ID="SP_1.2.3.7" HPOS="1612" VPOS="1048" WIDTH="76"/>
						<String CONTENT="&#x0085;" ID="St_1.2.3.8" HPOS="1744" VPOS="1040" HEIGHT="104" WIDTH="76" STYLEREFS="Style_6" WC="0.973333333333333" CC="0"/>
						<SP ID="SP_1.2.3.9" HPOS="1832" VPOS="1092" WIDTH="56"/>
						<String CONTENT="and" ID="St_1.2.3.10" HPOS="1936" VPOS="1028" HEIGHT="100" WIDTH="220" STYLEREFS="Style_6" WC="0.977777777777778" CC="000"/>
						<SP ID="SP_1.2.3.11" HPOS="2116" VPOS="1028" WIDTH="80"/>
						<String CONTENT="Dr." ID="St_1.2.3.12" HPOS="2240" VPOS="1028" HEIGHT="100" WIDTH="200" STYLEREFS="Style_6" WC="0.982222222222222" CC="000"/>
						<SP ID="SP_1.2.3.13" HPOS="2428" VPOS="1068" WIDTH="52"/>
						<String CONTENT="W." ID="St_1.2.3.14" HPOS="2524" VPOS="1028" HEIGHT="100" WIDTH="172" STYLEREFS="Style_6" WC="0.963333333333333" CC="50"/>
						<SP ID="SP_1.2.3.15" HPOS="2684" VPOS="1068" WIDTH="52"/>
						<String CONTENT="A." ID="St_1.2.3.16" HPOS="2780" VPOS="1028" HEIGHT="96" WIDTH="136" STYLEREFS="Style_6" WC="0.966666666666667" CC="00"/>
						<SP ID="SP_1.2.3.17" HPOS="2900" VPOS="1068" WIDTH="56"/>
						<String CONTENT="Newman" ID="St_1.2.3.18" HPOS="3000" VPOS="1024" HEIGHT="100" WIDTH="532" STYLEREFS="Style_6" WC="0.973333333333333" CC="000000"/>
						<SP ID="SP_1.2.3.19" HPOS="3492" VPOS="1044" WIDTH="80"/>
						<String CONTENT="Dor" ID="St_1.2.3.20" HPOS="3620" VPOS="1024" HEIGHT="100" WIDTH="236" STYLEREFS="Style_6" WC="0.975555555555556" CC="000"/>
						<String CONTENT="l" ID="St_1.2.3.21" HPOS="3864" VPOS="1024" HEIGHT="96" WIDTH="36" STYLEREFS="Style_6" WC="0.976666666666667" CC="0"/>
						<String CONTENT="and" ID="St_1.2.3.22" HPOS="3904" VPOS="1024" HEIGHT="100" WIDTH="216" STYLEREFS="Style_6" WC="0.977777777777778" CC="000"/>
						<SP ID="SP_1.2.3.23" HPOS="4084" VPOS="1028" WIDTH="84"/>
						<String CONTENT="&#x0085;" ID="St_1.2.3.24" HPOS="4208" VPOS="1040" HEIGHT="104" WIDTH="76" STYLEREFS="Style_6" WC="0.978888888888889" CC="0"/>
					</TextLine>
					<TextLine ID="TL_1.2.4" HPOS="460" VPOS="1172" HEIGHT="140" WIDTH="2480">
						<String CONTENT="Chicago," ID="St_1.2.4.1" HPOS="460" VPOS="1172" HEIGHT="140" WIDTH="524" STYLEREFS="Style_6" WC="1" CC="00000000"/>
						<SP ID="SP_1.2.4.2" HPOS="968" VPOS="1220" WIDTH="44"/>
						<String CONTENT="Callaghan" ID="St_1.2.4.3" HPOS="1044" VPOS="1172" HEIGHT="140" WIDTH="624" STYLEREFS="Style_6" WC="1" CC="000000000"/>
						<SP ID="SP_1.2.4.4" HPOS="1628" VPOS="1196" WIDTH="68"/>
						<String CONTENT="and" ID="St_1.2.4.5" HPOS="1728" VPOS="1176" HEIGHT="100" WIDTH="220" STYLEREFS="Style_6" WC="1" CC="000"/>
						<SP ID="SP_1.2.4.6" HPOS="1908" VPOS="1180" WIDTH="68"/>
						<String CONTENT="company," ID="St_1.2.4.7" HPOS="2008" VPOS="1208" HEIGHT="100" WIDTH="576" STYLEREFS="Style_6" WC="0.985555555555556" CC="00000004"/>
						<SP ID="SP_1.2.4.8" HPOS="2568" VPOS="1220" WIDTH="48"/>
						<String CONTENT="1930." ID="St_1.2.4.9" HPOS="2652" VPOS="1180" HEIGHT="96" WIDTH="288" STYLEREFS="Style_6" WC="0.987777777777778" CC="00000"/>
					</TextLine>
					<TextLine ID="TL_1.2.5" HPOS="592" VPOS="1332" HEIGHT="100" WIDTH="2228">
						<String CONTENT="xlii," ID="St_1.2.5.1" HPOS="592" VPOS="1336" HEIGHT="96" WIDTH="200" STYLEREFS="Style_7" WC="1" CC="00000"/>
						<SP ID="SP_1.2.5.2" HPOS="780" VPOS="1368" WIDTH="44"/>
						<String CONTENT="804" ID="St_1.2.5.3" HPOS="856" VPOS="1336" HEIGHT="80" WIDTH="160" STYLEREFS="Style_7" WC="1" CC="000"/>
						<SP ID="SP_1.2.5.4" HPOS="992" VPOS="1340" WIDTH="56"/>
						<String CONTENT="p." ID="St_1.2.5.5" HPOS="1084" VPOS="1360" HEIGHT="72" WIDTH="80" STYLEREFS="Style_7" WC="1" CC="00"/>
						<SP ID="SP_1.2.5.6" HPOS="1152" VPOS="1368" WIDTH="68"/>
						<String CONTENT="illus." ID="St_1.2.5.7" HPOS="1280" VPOS="1336" HEIGHT="80" WIDTH="252" STYLEREFS="Style_8" WC="0.941111111111111" CC="411400"/>
						<SP ID="SP_1.2.5.8" HPOS="1520" VPOS="1368" WIDTH="36"/>
						<String CONTENT="(part" ID="St_1.2.5.9" HPOS="1584" VPOS="1336" HEIGHT="96" WIDTH="264" STYLEREFS="Style_8" WC="0.955555555555556" CC="00000"/>
						<SP ID="SP_1.2.5.10" HPOS="1824" VPOS="1340" WIDTH="52"/>
						<String CONTENT="col.)" ID="St_1.2.5.11" HPOS="1908" VPOS="1332" HEIGHT="96" WIDTH="220" STYLEREFS="Style_8" WC="0.948888888888889" CC="00400"/>
						<SP ID="SP_1.2.5.12" HPOS="2108" VPOS="1336" WIDTH="84"/>
						<String CONTENT="2" ID="St_1.2.5.13" HPOS="2256" VPOS="1336" HEIGHT="76" WIDTH="56" STYLEREFS="Style_8" WC="0.952222222222222" CC="0"/>
						<String CONTENT="6&#x00BD;&#x0368;&#x036B;" ID="St_1.2.5.14" HPOS="2316" VPOS="1336" HEIGHT="84" WIDTH="504" STYLEREFS="Style_8" WC="0.942222222222222" CC="5000"/>
						<String CONTENT="." ID="St_1.2.5.15" HPOS="2512" VPOS="1368" HEIGHT="40" WIDTH="24" STYLEREFS="Style_8" WC="0.932222222222222" CC="4"/>
					</TextLine>
					<TextLine ID="TL_1.2.6" HPOS="468" VPOS="1440" HEIGHT="108" WIDTH="3860">
						<String CONTENT="&#x00A9;" ID="St_1.2.6.1" HPOS="468" VPOS="1440" HEIGHT="96" WIDTH="100" STYLEREFS="Style_8" WC="0.555555555555556" CC="4"/>
						<SP ID="SP_1.2.6.2" HPOS="516" VPOS="1440" WIDTH="84"/>
						<String CONTENT="Jan." ID="St_1.2.6.3" HPOS="632" VPOS="1448" HEIGHT="76" WIDTH="216" STYLEREFS="Style_8" WC="0.925555555555556" CC="0000"/>
						<SP ID="SP_1.2.6.4" HPOS="836" VPOS="1488" WIDTH="44"/>
						<String CONTENT="1" ID="St_1.2.6.5" HPOS="908" VPOS="1448" HEIGHT="72" WIDTH="48" STYLEREFS="Style_8" WC="0.944444444444444" CC="0"/>
						<String CONTENT="4" ID="St_1.2.6.6" HPOS="964" VPOS="1448" HEIGHT="72" WIDTH="52" STYLEREFS="Style_9" WC="0.95" CC="0"/>
						<String CONTENT="," ID="St_1.2.6.7" HPOS="1028" VPOS="1508" HEIGHT="24" WIDTH="12" STYLEREFS="Style_9" WC="0.955555555555556" CC="0"/>
						<SP ID="SP_1.2.6.8" HPOS="1028" VPOS="1488" WIDTH="40"/>
						<String CONTENT="1930;" ID="St_1.2.6.9" HPOS="1104" VPOS="1444" HEIGHT="104" WIDTH="272" STYLEREFS="Style_9" WC="0.972222222222222" CC="00000"/>
						<SP ID="SP_1.2.6.10" HPOS="1364" VPOS="1468" WIDTH="44"/>
						<String CONTENT="2" ID="St_1.2.6.11" HPOS="1444" VPOS="1444" HEIGHT="76" WIDTH="48" STYLEREFS="Style_9" WC="0.974444444444444" CC="0"/>
						<String CONTENT="c" ID="St_1.2.6.12" HPOS="1500" VPOS="1468" HEIGHT="52" WIDTH="48" STYLEREFS="Style_9" WC="0.952222222222222" CC="4"/>
						<String CONTENT="." ID="St_1.2.6.13" HPOS="1560" VPOS="1508" HEIGHT="12" WIDTH="12" STYLEREFS="Style_9" WC="0.955555555555556" CC="0"/>
						<SP ID="SP_1.2.6.14" HPOS="1564" VPOS="1488" WIDTH="36"/>
						<String CONTENT="and" ID="St_1.2.6.15" HPOS="1636" VPOS="1448" HEIGHT="72" WIDTH="184" STYLEREFS="Style_9" WC="0.962222222222222" CC="000"/>
						<SP ID="SP_1.2.6.16" HPOS="1788" VPOS="1456" WIDTH="60"/>
						<String CONTENT="aff." ID="St_1.2.6.17" HPOS="1884" VPOS="1444" HEIGHT="76" WIDTH="156" STYLEREFS="Style_9" WC="0.953333333333333" CC="0040"/>
						<SP ID="SP_1.2.6.18" HPOS="2032" VPOS="1484" WIDTH="40"/>
						<String CONTENT="Jan." ID="St_1.2.6.19" HPOS="2108" VPOS="1444" HEIGHT="76" WIDTH="216" STYLEREFS="Style_9" WC="0.96" CC="0000"/>
						<SP ID="SP_1.2.6.20" HPOS="2308" VPOS="1484" WIDTH="44"/>
						<String CONTENT="16;" ID="St_1.2.6.21" HPOS="2384" VPOS="1448" HEIGHT="84" WIDTH="160" STYLEREFS="Style_9" WC="0.952222222222222" CC="040"/>
						<SP ID="SP_1.2.6.22" HPOS="2532" VPOS="1464" WIDTH="44"/>
						<String CONTENT="A" ID="St_1.2.6.23" HPOS="2612" VPOS="1444" HEIGHT="76" WIDTH="80" STYLEREFS="Style_9" WC="0.955555555555556" CC="0"/>
						<SP ID="SP_1.2.6.24" HPOS="2648" VPOS="1452" WIDTH="72"/>
						<String CONTENT="18170;" ID="St_1.2.6.25" HPOS="2752" VPOS="1444" HEIGHT="88" WIDTH="332" STYLEREFS="Style_9" WC="0.961111111111111" CC="000000"/>
						<SP ID="SP_1.2.6.26" HPOS="3068" VPOS="1464" WIDTH="48"/>
						<String CONTENT="B." ID="St_1.2.6.27" HPOS="3152" VPOS="1444" HEIGHT="76" WIDTH="104" STYLEREFS="Style_9" WC="0.964444444444444" CC="00"/>
						<SP ID="SP_1.2.6.28" HPOS="3244" VPOS="1484" WIDTH="44"/>
						<String CONTENT="S." ID="St_1.2.6.29" HPOS="3328" VPOS="1444" HEIGHT="76" WIDTH="88" STYLEREFS="Style_9" WC="0.965555555555556" CC="00"/>
						<SP ID="SP_1.2.6.30" HPOS="3404" VPOS="1484" WIDTH="40"/>
						<String CONTENT="M" ID="St_1.2.6.31" HPOS="3480" VPOS="1444" HEIGHT="76" WIDTH="100" STYLEREFS="Style_9" WC="0.966666666666667" CC="0"/>
						<String CONTENT="a" ID="St_1.2.6.32" HPOS="3584" VPOS="1460" HEIGHT="56" WIDTH="44" STYLEREFS="Style_9" WC="0.967777777777778" CC="0"/>
						<String CONTENT="lo" ID="St_1.2.6.33" HPOS="3640" VPOS="1444" HEIGHT="80" WIDTH="92" STYLEREFS="Style_9" WC="0.961111111111111" CC="13"/>
						<String CONTENT="y," ID="St_1.2.6.34" HPOS="3740" VPOS="1460" HEIGHT="76" WIDTH="84" STYLEREFS="Style_9" WC="0.962222222222222" CC="00"/>
						<SP ID="SP_1.2.6.35" HPOS="3812" VPOS="1484" WIDTH="36"/>
						<String CONTENT="Chi" ID="St_1.2.6.36" HPOS="3908" VPOS="1444" HEIGHT="104" WIDTH="152" STYLEREFS="Style_9" WC="0.961111111111111" CC="011"/>
						<String CONTENT="c" ID="St_1.2.6.37" HPOS="4076" VPOS="1468" HEIGHT="48" WIDTH="44" STYLEREFS="Style_9" WC="0.953333333333333" CC="5"/>
						<String CONTENT="ago." ID="St_1.2.6.38" HPOS="4128" VPOS="1460" HEIGHT="76" WIDTH="200" STYLEREFS="Style_9" WC="0.955555555555556" CC="0000"/>
					</TextLine>
					<TextLine ID="TL_1.2.7" HPOS="620" VPOS="1548" HEIGHT="104" WIDTH="3556">
						<String CONTENT="(30-2921)" ID="St_1.2.7.1" HPOS="620" VPOS="1552" HEIGHT="96" WIDTH="484" STYLEREFS="Style_9" WC="1" CC="000000000"/>
						<SP ID="SP_1.2.7.2" HPOS="1088" VPOS="1572" WIDTH="2912"/>
						<String CONTENT="362" ID="St_1.2.7.3" HPOS="4000" VPOS="1548" HEIGHT="84" WIDTH="176" STYLEREFS="Style_9" WC="0.653333333333333" CC="000"/>
					</TextLine>
					<TextLine ID="TL_1.2.8" HPOS="460" VPOS="1704" HEIGHT="128" WIDTH="1700">
						<String CONTENT="Martin," ID="St_1.2.8.1" HPOS="460" VPOS="1704" HEIGHT="128" WIDTH="468" STYLEREFS="Style_9" WC="1" CC="0000000"/>
						<SP ID="SP_1.2.8.2" HPOS="912" VPOS="1744" WIDTH="48"/>
						<String CONTENT="Lillien" ID="St_1.2.8.3" HPOS="988" VPOS="1704" HEIGHT="104" WIDTH="404" STYLEREFS="Style_9" WC="1" CC="0000000"/>
						<SP ID="SP_1.2.8.4" HPOS="1352" VPOS="1724" WIDTH="72"/>
						<String CONTENT="Jane," ID="St_1.2.8.5" HPOS="1452" VPOS="1708" HEIGHT="124" WIDTH="324" STYLEREFS="Style_9" WC="1" CC="00000"/>
						<SP ID="SP_1.2.8.6" HPOS="1756" VPOS="1744" WIDTH="48"/>
						<String CONTENT="1851" ID="St_1.2.8.7" HPOS="1840" VPOS="1716" HEIGHT="96" WIDTH="256" STYLEREFS="Style_9" WC="1" CC="0000"/>
						<String CONTENT="&#x0096;" ID="St_1.2.8.8" HPOS="2100" VPOS="1776" HEIGHT="8" WIDTH="60" STYLEREFS="Style_9" WC="1" CC="0"/>
					</TextLine>
					<TextLine ID="TL_1.2.9" HPOS="592" VPOS="1856" HEIGHT="136" WIDTH="3740">
						<String CONTENT="Salvaging" ID="St_1.2.9.1" HPOS="592" VPOS="1856" HEIGHT="136" WIDTH="616" STYLEREFS="Style_9" WC="1" CC="000000000"/>
						<SP ID="SP_1.2.9.2" HPOS="1168" VPOS="1880" WIDTH="64"/>
						<String CONTENT="o" ID="St_1.2.9.3" HPOS="1260" VPOS="1892" HEIGHT="68" WIDTH="60" STYLEREFS="Style_9" WC="0.968888888888889" CC="3"/>
						<String CONTENT="ld" ID="St_1.2.9.4" HPOS="1324" VPOS="1860" HEIGHT="100" WIDTH="116" STYLEREFS="Style_9" WC="0.922222222222222" CC="33"/>
						<SP ID="SP_1.2.9.5" HPOS="1404" VPOS="1864" WIDTH="60"/>
						<String CONTENT="age," ID="St_1.2.9.6" HPOS="1492" VPOS="1892" HEIGHT="96" WIDTH="236" STYLEREFS="Style_9" WC="0.944444444444444" CC="0000"/>
						<SP ID="SP_1.2.9.7" HPOS="1712" VPOS="1904" WIDTH="40"/>
						<String CONTENT="by" ID="St_1.2.9.8" HPOS="1776" VPOS="1856" HEIGHT="136" WIDTH="144" STYLEREFS="Style_9" WC="0.952222222222222" CC="00"/>
						<SP ID="SP_1.2.9.9" HPOS="1880" VPOS="1880" WIDTH="64"/>
						<String CONTENT="Lillien" ID="St_1.2.9.10" HPOS="1972" VPOS="1856" HEIGHT="104" WIDTH="404" STYLEREFS="Style_9" WC="0.964444444444444" CC="0000000"/>
						<SP ID="SP_1.2.9.11" HPOS="2340" VPOS="1880" WIDTH="60"/>
						<String CONTENT="J." ID="St_1.2.9.12" HPOS="2428" VPOS="1864" HEIGHT="100" WIDTH="108" STYLEREFS="Style_9" WC="0.954444444444444" CC="40"/>
						<SP ID="SP_1.2.9.13" HPOS="2524" VPOS="1904" WIDTH="28"/>
						<String CONTENT="Martin" ID="St_1.2.9.14" HPOS="2576" VPOS="1860" HEIGHT="100" WIDTH="424" STYLEREFS="Style_9" WC="0.962222222222222" CC="000000"/>
						<SP ID="SP_1.2.9.15" HPOS="2960" VPOS="1880" WIDTH="68"/>
						<String CONTENT="an" ID="St_1.2.9.16" HPOS="3056" VPOS="1892" HEIGHT="68" WIDTH="136" STYLEREFS="Style_9" WC="0.965555555555556" CC="00"/>
						<String CONTENT="d" ID="St_1.2.9.17" HPOS="3204" VPOS="1860" HEIGHT="100" WIDTH="56" STYLEREFS="Style_9" WC="0.957777777777778" CC="3"/>
						<SP ID="SP_1.2.9.18" HPOS="3228" VPOS="1864" WIDTH="64"/>
						<String CONTENT="Clar" ID="St_1.2.9.19" HPOS="3328" VPOS="1856" HEIGHT="124" WIDTH="268" STYLEREFS="Style_9" WC="0.953333333333333" CC="3000"/>
						<String CONTENT="e" ID="St_1.2.9.20" HPOS="3600" VPOS="1896" HEIGHT="64" WIDTH="56" STYLEREFS="Style_10" WC="0.954444444444444" CC="0"/>
						<SP ID="SP_1.2.9.21" HPOS="3624" VPOS="1880" WIDTH="76"/>
						<String CONTENT="d" ID="St_1.2.9.22" HPOS="3748" VPOS="1868" HEIGHT="88" WIDTH="32" STYLEREFS="Style_10" WC="0.955555555555556" CC="0"/>
						<String CONTENT="e" ID="St_1.2.9.23" HPOS="3784" VPOS="1896" HEIGHT="64" WIDTH="52" STYLEREFS="Style_10" WC="0.954444444444444" CC="1"/>
						<SP ID="SP_1.2.9.24" HPOS="3804" VPOS="1880" WIDTH="48"/>
						<String CONTENT="G" ID="St_1.2.9.25" HPOS="3876" VPOS="1860" HEIGHT="104" WIDTH="92" STYLEREFS="Style_10" WC="0.945555555555556" CC="4"/>
						<String CONTENT="r" ID="St_1.2.9.26" HPOS="3984" VPOS="1900" HEIGHT="60" WIDTH="52" STYLEREFS="Style_10" WC="0.946666666666667" CC="0"/>
						<String CONTENT="u" ID="St_1.2.9.27" HPOS="4044" VPOS="1896" HEIGHT="68" WIDTH="68" STYLEREFS="Style_10" WC="0.947777777777778" CC="0"/>
						<String CONTENT="chy" ID="St_1.2.9.28" HPOS="4120" VPOS="1860" HEIGHT="132" WIDTH="212" STYLEREFS="Style_10" WC="0.95" CC="000"/>
					</TextLine>
					<TextLine ID="TL_1.2.10" HPOS="548" VPOS="2004" HEIGHT="136" WIDTH="2808">
						<String CONTENT="&#x0085;" ID="St_1.2.10.1" HPOS="584" VPOS="2024" HEIGHT="104" WIDTH="68" STYLEREFS="Style_10" WC="1" CC="0"/>
						<SP ID="SP_1.2.10.2" HPOS="548" VPOS="2092" WIDTH="20"/>
						<String CONTENT="New" ID="St_1.2.10.3" HPOS="720" VPOS="2008" HEIGHT="104" WIDTH="272" STYLEREFS="Style_10" WC="0.933333333333333" CC="000"/>
						<SP ID="SP_1.2.10.4" HPOS="896" VPOS="2048" WIDTH="96"/>
						<String CONTENT="York," ID="St_1.2.10.5" HPOS="1052" VPOS="2008" HEIGHT="124" WIDTH="340" STYLEREFS="Style_10" WC="0.888888888888889" CC="00004"/>
						<SP ID="SP_1.2.10.6" HPOS="1380" VPOS="2064" WIDTH="36"/>
						<String CONTENT="The" ID="St_1.2.10.7" HPOS="1444" VPOS="2012" HEIGHT="100" WIDTH="236" STYLEREFS="Style_10" WC="0.917777777777778" CC="000"/>
						<SP ID="SP_1.2.10.8" HPOS="1652" VPOS="2040" WIDTH="56"/>
						<String CONTENT="Macmillan" ID="St_1.2.10.9" HPOS="1740" VPOS="2004" HEIGHT="112" WIDTH="640" STYLEREFS="Style_10" WC="0.928888888888889" CC="500000000"/>
						<SP ID="SP_1.2.10.10" HPOS="2340" VPOS="2036" WIDTH="64"/>
						<String CONTENT="company," ID="St_1.2.10.11" HPOS="2432" VPOS="2040" HEIGHT="100" WIDTH="580" STYLEREFS="Style_10" WC="0.946666666666667" CC="00000000"/>
						<SP ID="SP_1.2.10.12" HPOS="2996" VPOS="2056" WIDTH="44"/>
						<String CONTENT="1930." ID="St_1.2.10.13" HPOS="3068" VPOS="2016" HEIGHT="100" WIDTH="288" STYLEREFS="Style_10" WC="0.955555555555556" CC="00000"/>
					</TextLine>
					<TextLine ID="TL_1.2.11" HPOS="588" VPOS="2164" HEIGHT="96" WIDTH="1428">
						<String CONTENT="5" ID="St_1.2.11.1" HPOS="588" VPOS="2164" HEIGHT="76" WIDTH="48" STYLEREFS="Style_10" WC="0.666666666666667" CC="3"/>
						<SP ID="SP_1.2.11.2" HPOS="588" VPOS="2164" WIDTH="48"/>
						<String CONTENT="p." ID="St_1.2.11.3" HPOS="692" VPOS="2188" HEIGHT="72" WIDTH="84" STYLEREFS="Style_10" WC="0.638888888888889" CC="33"/>
						<SP ID="SP_1.2.11.4" HPOS="756" VPOS="2228" WIDTH="20"/>
						<String CONTENT="l" ID="St_1.2.11.5" HPOS="824" VPOS="2168" HEIGHT="72" WIDTH="32" STYLEREFS="Style_10" WC="0.684444444444444" CC="0"/>
						<String CONTENT=".," ID="St_1.2.11.6" HPOS="868" VPOS="2224" HEIGHT="32" WIDTH="44" STYLEREFS="Style_10" WC="0.68" CC="33"/>
						<SP ID="SP_1.2.11.7" HPOS="896" VPOS="2224" WIDTH="16"/>
						<String CONTENT="17" ID="St_1.2.11.8" HPOS="968" VPOS="2164" HEIGHT="76" WIDTH="108" STYLEREFS="Style_10" WC="0.655555555555556" CC="43"/>
						<String CONTENT="5" ID="St_1.2.11.9" HPOS="1080" VPOS="2164" HEIGHT="76" WIDTH="52" STYLEREFS="Style_10" WC="0.656666666666667" CC="3"/>
						<SP ID="SP_1.2.11.10" HPOS="1080" VPOS="2164" WIDTH="52"/>
						<String CONTENT="p." ID="St_1.2.11.11" HPOS="1184" VPOS="2188" HEIGHT="72" WIDTH="80" STYLEREFS="Style_10" WC="0.651111111111111" CC="33"/>
						<SP ID="SP_1.2.11.12" HPOS="1248" VPOS="2228" WIDTH="16"/>
						<String CONTENT="19&#x00BD;&#x0368;&#x036B;." ID="St_1.2.11.13" HPOS="1380" VPOS="2164" HEIGHT="84" WIDTH="636" STYLEREFS="Style_10" WC="0.726666666666667" CC="110001"/>
					</TextLine>
					<TextLine ID="TL_1.2.12" HPOS="592" VPOS="2272" HEIGHT="96" WIDTH="2480">
						<String CONTENT="&quot;Martin" ID="St_1.2.12.1" HPOS="592" VPOS="2272" HEIGHT="80" WIDTH="412" STYLEREFS="Style_10" WC="0.935555555555556" CC="4000000"/>
						<SP ID="SP_1.2.12.2" HPOS="972" VPOS="2284" WIDTH="64"/>
						<String CONTENT="mental" ID="St_1.2.12.3" HPOS="1068" VPOS="2276" HEIGHT="72" WIDTH="348" STYLEREFS="Style_10" WC="0.967777777777778" CC="000000"/>
						<SP ID="SP_1.2.12.4" HPOS="1400" VPOS="2272" WIDTH="48"/>
						<String CONTENT="hygiene" ID="St_1.2.12.5" HPOS="1476" VPOS="2272" HEIGHT="92" WIDTH="400" STYLEREFS="Style_10" WC="0.978888888888889" CC="0000000"/>
						<SP ID="SP_1.2.12.6" HPOS="1848" VPOS="2284" WIDTH="56"/>
						<String CONTENT="publications&quot;:" ID="St_1.2.12.7" HPOS="1932" VPOS="2272" HEIGHT="96" WIDTH="740" STYLEREFS="Style_10" WC="0.987777777777778" CC="00000000000000"/>
						<SP ID="SP_1.2.12.8" HPOS="2660" VPOS="2280" WIDTH="40"/>
						<String CONTENT="p." ID="St_1.2.12.9" HPOS="2736" VPOS="2296" HEIGHT="72" WIDTH="80" STYLEREFS="Style_10" WC="0.988888888888889" CC="00"/>
						<SP ID="SP_1.2.12.10" HPOS="2804" VPOS="2304" WIDTH="40"/>
						<String CONTENT="175." ID="St_1.2.12.11" HPOS="2880" VPOS="2272" HEIGHT="80" WIDTH="192" STYLEREFS="Style_10" WC="0.99" CC="0000"/>
					</TextLine>
					<TextLine ID="TL_1.2.13" HPOS="464" VPOS="2376" HEIGHT="108" WIDTH="3416">
						<String CONTENT="&#x00A9;" ID="St_1.2.13.1" HPOS="464" VPOS="2384" HEIGHT="88" WIDTH="96" STYLEREFS="Style_10" WC="0.222222222222222" CC="7"/>
						<SP ID="SP_1.2.13.2" HPOS="512" VPOS="2376" WIDTH="84"/>
						<String CONTENT="Jan." ID="St_1.2.13.3" HPOS="628" VPOS="2384" HEIGHT="80" WIDTH="212" STYLEREFS="Style_10" WC="0.795555555555556" CC="0000"/>
						<SP ID="SP_1.2.13.4" HPOS="828" VPOS="2424" WIDTH="44"/>
						<String CONTENT="21," ID="St_1.2.13.5" HPOS="900" VPOS="2384" HEIGHT="92" WIDTH="136" STYLEREFS="Style_10" WC="0.877777777777778" CC="000"/>
						<SP ID="SP_1.2.13.6" HPOS="1024" VPOS="2424" WIDTH="40"/>
						<String CONTENT="19" ID="St_1.2.13.7" HPOS="1100" VPOS="2384" HEIGHT="76" WIDTH="108" STYLEREFS="Style_10" WC="0.905555555555556" CC="00"/>
						<String CONTENT="3" ID="St_1.2.13.8" HPOS="1212" VPOS="2384" HEIGHT="76" WIDTH="48" STYLEREFS="Style_10" WC="0.912222222222222" CC="0"/>
						<String CONTENT="0" ID="St_1.2.13.9" HPOS="1268" VPOS="2384" HEIGHT="76" WIDTH="56" STYLEREFS="Style_10" WC="0.917777777777778" CC="0"/>
						<String CONTENT=";" ID="St_1.2.13.10" HPOS="1352" VPOS="2404" HEIGHT="68" WIDTH="20" STYLEREFS="Style_10" WC="0.923333333333333" CC="0"/>
						<SP ID="SP_1.2.13.11" HPOS="1360" VPOS="2392" WIDTH="44"/>
						<String CONTENT="2" ID="St_1.2.13.12" HPOS="1436" VPOS="2384" HEIGHT="72" WIDTH="52" STYLEREFS="Style_10" WC="0.931111111111111" CC="0"/>
						<String CONTENT="c." ID="St_1.2.13.13" HPOS="1560" VPOS="2396" HEIGHT="88" WIDTH="128" STYLEREFS="Style_10" WC="0.938888888888889" CC="00"/>
						<SP ID="SP_1.2.13.14" HPOS="1560" VPOS="2424" WIDTH="44"/>
						<String CONTENT="and" ID="St_1.2.13.15" HPOS="1632" VPOS="2384" HEIGHT="72" WIDTH="180" STYLEREFS="Style_10" WC="0.948888888888889" CC="000"/>
						<SP ID="SP_1.2.13.16" HPOS="1780" VPOS="2392" WIDTH="64"/>
						<String CONTENT="af" ID="St_1.2.13.17" HPOS="1876" VPOS="2380" HEIGHT="76" WIDTH="96" STYLEREFS="Style_10" WC="0.954444444444444" CC="00"/>
						<String CONTENT="f" ID="St_1.2.13.18" HPOS="1956" VPOS="2380" HEIGHT="76" WIDTH="60" STYLEREFS="Style_10" WC="0.94" CC="4"/>
						<String CONTENT="." ID="St_1.2.13.19" HPOS="2020" VPOS="2444" HEIGHT="12" WIDTH="12" STYLEREFS="Style_10" WC="0.942222222222222" CC="0"/>
						<SP ID="SP_1.2.13.20" HPOS="2020" VPOS="2424" WIDTH="40"/>
						<String CONTENT="Jan." ID="St_1.2.13.21" HPOS="2096" VPOS="2380" HEIGHT="80" WIDTH="216" STYLEREFS="Style_10" WC="0.95" CC="0000"/>
						<SP ID="SP_1.2.13.22" HPOS="2300" VPOS="2424" WIDTH="44"/>
						<String CONTENT="22;" ID="St_1.2.13.23" HPOS="2372" VPOS="2380" HEIGHT="92" WIDTH="164" STYLEREFS="Style_10" WC="0.955555555555556" CC="000"/>
						<SP ID="SP_1.2.13.24" HPOS="2524" VPOS="2404" WIDTH="40"/>
						<String CONTENT="A" ID="St_1.2.13.25" HPOS="2600" VPOS="2380" HEIGHT="76" WIDTH="80" STYLEREFS="Style_10" WC="0.957777777777778" CC="0"/>
						<SP ID="SP_1.2.13.26" HPOS="2636" VPOS="2392" WIDTH="72"/>
						<String CONTENT="19112;" ID="St_1.2.13.27" HPOS="2744" VPOS="2380" HEIGHT="96" WIDTH="328" STYLEREFS="Style_10" WC="0.964444444444444" CC="000000"/>
						<SP ID="SP_1.2.13.28" HPOS="3060" VPOS="2404" WIDTH="44"/>
						<String CONTENT="Macmillan" ID="St_1.2.13.29" HPOS="3144" VPOS="2384" HEIGHT="76" WIDTH="544" STYLEREFS="Style_10" WC="0.97" CC="000000000"/>
						<SP ID="SP_1.2.13.30" HPOS="3656" VPOS="2404" WIDTH="60"/>
						<String CONTENT="co" ID="St_1.2.13.31" HPOS="3752" VPOS="2408" HEIGHT="52" WIDTH="104" STYLEREFS="Style_10" WC="0.961111111111111" CC="33"/>
						<String CONTENT="." ID="St_1.2.13.32" HPOS="3868" VPOS="2448" HEIGHT="16" WIDTH="12" STYLEREFS="Style_10" WC="0.958888888888889" CC="1"/>
					</TextLine>
					<TextLine ID="TL_1.2.14" HPOS="612" VPOS="2488" HEIGHT="100" WIDTH="3536">
						<String CONTENT="(30-3193)" ID="St_1.2.14.1" HPOS="612" VPOS="2492" HEIGHT="96" WIDTH="488" STYLEREFS="Style_10" WC="1" CC="000000000"/>
						<SP ID="SP_1.2.14.2" HPOS="1084" VPOS="2508" WIDTH="2892"/>
						<String CONTENT="363" ID="St_1.2.14.3" HPOS="3976" VPOS="2488" HEIGHT="84" WIDTH="172" STYLEREFS="Style_10" WC="0.653333333333333" CC="000"/>
					</TextLine>
					<TextLine ID="TL_1.2.15" HPOS="452" VPOS="2616" HEIGHT="128" WIDTH="908">
						<String CONTENT="Mauro," ID="St_1.2.15.1" HPOS="452" VPOS="2620" HEIGHT="124" WIDTH="440" STYLEREFS="Style_10" WC="1" CC="000000"/>
						<SP ID="SP_1.2.15.2" HPOS="876" VPOS="2660" WIDTH="48"/>
						<String CONTENT="Philip." ID="St_1.2.15.3" HPOS="952" VPOS="2616" HEIGHT="124" WIDTH="408" STYLEREFS="Style_10" WC="1" CC="0000000"/>
					</TextLine>
					<TextLine ID="TL_1.2.16" HPOS="588" VPOS="2768" HEIGHT="132" WIDTH="3736">
						<String CONTENT="The" ID="St_1.2.16.1" HPOS="588" VPOS="2768" HEIGHT="104" WIDTH="232" STYLEREFS="Style_10" WC="1" CC="000"/>
						<SP ID="SP_1.2.16.2" HPOS="792" VPOS="2788" WIDTH="56"/>
						<String CONTENT="hope" ID="St_1.2.16.3" HPOS="876" VPOS="2772" HEIGHT="128" WIDTH="284" STYLEREFS="Style_10" WC="1" CC="0000"/>
						<SP ID="SP_1.2.16.4" HPOS="1132" VPOS="2788" WIDTH="52"/>
						<String CONTENT="of" ID="St_1.2.16.5" HPOS="1212" VPOS="2768" HEIGHT="100" WIDTH="128" STYLEREFS="Style_10" WC="1" CC="00"/>
						<SP ID="SP_1.2.16.6" HPOS="1312" VPOS="2772" WIDTH="56"/>
						<String CONTENT="Israel," ID="St_1.2.16.7" HPOS="1396" VPOS="2768" HEIGHT="128" WIDTH="380" STYLEREFS="Style_10" WC="1" CC="0000000"/>
						<SP ID="SP_1.2.16.8" HPOS="1764" VPOS="2812" WIDTH="48"/>
						<String CONTENT="what" ID="St_1.2.16.9" HPOS="1848" VPOS="2768" HEIGHT="104" WIDTH="288" STYLEREFS="Style_10" WC="1" CC="0000"/>
						<SP ID="SP_1.2.16.10" HPOS="2112" VPOS="2776" WIDTH="52"/>
						<String CONTENT="is" ID="St_1.2.16.11" HPOS="2192" VPOS="2768" HEIGHT="104" WIDTH="92" STYLEREFS="Style_10" WC="1" CC="00"/>
						<SP ID="SP_1.2.16.12" HPOS="2256" VPOS="2788" WIDTH="56"/>
						<String CONTENT="it?" ID="St_1.2.16.13" HPOS="2340" VPOS="2768" HEIGHT="100" WIDTH="152" STYLEREFS="Style_10" WC="1" CC="000"/>
						<SP ID="SP_1.2.16.14" HPOS="2472" VPOS="2772" WIDTH="180"/>
						<String CONTENT="By" ID="St_1.2.16.15" HPOS="2652" VPOS="2772" HEIGHT="128" WIDTH="168" STYLEREFS="Style_10" WC="0.974444444444444" CC="00"/>
						<SP ID="SP_1.2.16.16" HPOS="2784" VPOS="2788" WIDTH="64"/>
						<String CONTENT="Philip" ID="St_1.2.16.17" HPOS="2884" VPOS="2768" HEIGHT="132" WIDTH="388" STYLEREFS="Style_10" WC="0.978888888888889" CC="000000"/>
						<SP ID="SP_1.2.16.18" HPOS="3232" VPOS="2788" WIDTH="68"/>
						<String CONTENT="Maur" ID="St_1.2.16.19" HPOS="3332" VPOS="2772" HEIGHT="100" WIDTH="328" STYLEREFS="Style_10" WC="0.981111111111111" CC="0000"/>
						<String CONTENT="o" ID="St_1.2.16.20" HPOS="3664" VPOS="2804" HEIGHT="64" WIDTH="60" STYLEREFS="Style_10" WC="0.981111111111111" CC="0"/>
						<SP ID="SP_1.2.16.21" HPOS="3688" VPOS="2788" WIDTH="68"/>
						<String CONTENT="&#x0085;" ID="St_1.2.16.22" HPOS="3800" VPOS="2772" HEIGHT="112" WIDTH="68" STYLEREFS="Style_10" WC="0.982222222222222" CC="0"/>
						<SP ID="SP_1.2.16.23" HPOS="3892" VPOS="2840" WIDTH="88"/>
						<String CONTENT="Bos-" ID="St_1.2.16.24" HPOS="4060" VPOS="2776" HEIGHT="96" WIDTH="264" STYLEREFS="Style_10" WC="0.983333333333333" CC="0000"/>
					</TextLine>
					<TextLine ID="TL_1.2.17" HPOS="452" VPOS="2916" HEIGHT="136" WIDTH="2060">
						<String CONTENT="ton," ID="St_1.2.17.1" HPOS="452" VPOS="2928" HEIGHT="124" WIDTH="220" STYLEREFS="Style_10" WC="1" CC="0000"/>
						<SP ID="SP_1.2.17.2" HPOS="656" VPOS="2960" WIDTH="40"/>
						<String CONTENT="Mass.," ID="St_1.2.17.3" HPOS="724" VPOS="2920" HEIGHT="132" WIDTH="368" STYLEREFS="Style_10" WC="0.958888888888889" CC="400000"/>
						<SP ID="SP_1.2.17.4" HPOS="1076" VPOS="2960" WIDTH="40"/>
						<String CONTENT="Hamilton" ID="St_1.2.17.5" HPOS="1144" VPOS="2916" HEIGHT="104" WIDTH="588" STYLEREFS="Style_10" WC="0.977777777777778" CC="00000000"/>
						<SP ID="SP_1.2.17.6" HPOS="1692" VPOS="2936" WIDTH="72"/>
						<String CONTENT="bros." ID="St_1.2.17.7" HPOS="1792" VPOS="2916" HEIGHT="104" WIDTH="280" STYLEREFS="Style_10" WC="0.982222222222222" CC="00000"/>
						<SP ID="SP_1.2.17.8" HPOS="2056" VPOS="2960" WIDTH="48"/>
						<String CONTENT="[&#x0368;1929]" ID="St_1.2.17.9" HPOS="2152" VPOS="2920" HEIGHT="128" WIDTH="360" STYLEREFS="Style_10" WC="0.986666666666667" CC="0000000"/>
					</TextLine>
					<TextLine ID="TL_1.2.18" HPOS="584" VPOS="3072" HEIGHT="96" WIDTH="956">
						<String CONTENT="2" ID="St_1.2.18.1" HPOS="584" VPOS="3076" HEIGHT="76" WIDTH="48" STYLEREFS="Style_10" WC="0.888888888888889" CC="1"/>
						<String CONTENT="6" ID="St_1.2.18.2" HPOS="644" VPOS="3076" HEIGHT="76" WIDTH="52" STYLEREFS="Style_11" WC="0.777777777777778" CC="3"/>
						<String CONTENT="1" ID="St_1.2.18.3" HPOS="704" VPOS="3076" HEIGHT="76" WIDTH="40" STYLEREFS="Style_11" WC="0.851111111111111" CC="0"/>
						<SP ID="SP_1.2.18.4" HPOS="724" VPOS="3076" WIDTH="52"/>
						<String CONTENT="p." ID="St_1.2.18.5" HPOS="804" VPOS="3092" HEIGHT="76" WIDTH="84" STYLEREFS="Style_11" WC="0.925555555555556" CC="00"/>
						<SP ID="SP_1.2.18.6" HPOS="876" VPOS="3104" WIDTH="68"/>
						<String CONTENT="20&#x0368;&#x036B;." ID="St_1.2.18.7" HPOS="1000" VPOS="3072" HEIGHT="88" WIDTH="540" STYLEREFS="Style_11" WC="0.925555555555556" CC="00004"/>
					</TextLine>
					<TextLine ID="TL_1.2.19" HPOS="476" VPOS="3156" HEIGHT="124" WIDTH="3848">
						<String CONTENT="&#x00A9;" ID="St_1.2.19.1" HPOS="476" VPOS="3156" HEIGHT="100" WIDTH="88" STYLEREFS="Style_11" WC="1" CC="0"/>
						<SP ID="SP_1.2.19.2" HPOS="520" VPOS="3164" WIDTH="76"/>
						<String CONTENT="Sept." ID="St_1.2.19.3" HPOS="628" VPOS="3188" HEIGHT="92" WIDTH="248" STYLEREFS="Style_11" WC="1" CC="00000"/>
						<SP ID="SP_1.2.19.4" HPOS="868" VPOS="3216" WIDTH="36"/>
						<String CONTENT="30," ID="St_1.2.19.5" HPOS="932" VPOS="3184" HEIGHT="96" WIDTH="136" STYLEREFS="Style_11" WC="1" CC="000"/>
						<SP ID="SP_1.2.19.6" HPOS="1056" VPOS="3216" WIDTH="40"/>
						<String CONTENT="1" ID="St_1.2.19.7" HPOS="1132" VPOS="3188" HEIGHT="72" WIDTH="40" STYLEREFS="Style_11" WC="0.965555555555556" CC="4"/>
						<String CONTENT="9" ID="St_1.2.19.8" HPOS="1184" VPOS="3184" HEIGHT="76" WIDTH="52" STYLEREFS="Style_11" WC="0.935555555555556" CC="4"/>
						<String CONTENT="29;" ID="St_1.2.19.9" HPOS="1240" VPOS="3184" HEIGHT="88" WIDTH="164" STYLEREFS="Style_11" WC="0.946666666666667" CC="000"/>
						<SP ID="SP_1.2.19.10" HPOS="1392" VPOS="3196" WIDTH="40"/>
						<String CONTENT="2" ID="St_1.2.19.11" HPOS="1464" VPOS="3184" HEIGHT="72" WIDTH="48" STYLEREFS="Style_11" WC="0.952222222222222" CC="0"/>
						<String CONTENT="c" ID="St_1.2.19.12" HPOS="1520" VPOS="3196" HEIGHT="60" WIDTH="44" STYLEREFS="Style_11" WC="0.955555555555556" CC="0"/>
						<String CONTENT="." ID="St_1.2.19.13" HPOS="1576" VPOS="3248" HEIGHT="12" WIDTH="16" STYLEREFS="Style_11" WC="0.956666666666667" CC="0"/>
						<SP ID="SP_1.2.19.14" HPOS="1580" VPOS="3216" WIDTH="40"/>
						<String CONTENT="and" ID="St_1.2.19.15" HPOS="1656" VPOS="3184" HEIGHT="76" WIDTH="176" STYLEREFS="Style_11" WC="0.964444444444444" CC="000"/>
						<SP ID="SP_1.2.19.16" HPOS="1804" VPOS="3184" WIDTH="60"/>
						<String CONTENT="aff." ID="St_1.2.19.17" HPOS="1896" VPOS="3184" HEIGHT="76" WIDTH="160" STYLEREFS="Style_11" WC="0.955555555555556" CC="0040"/>
						<SP ID="SP_1.2.19.18" HPOS="2044" VPOS="3216" WIDTH="40"/>
						<String CONTENT="Jan." ID="St_1.2.19.19" HPOS="2116" VPOS="3184" HEIGHT="76" WIDTH="216" STYLEREFS="Style_11" WC="0.961111111111111" CC="0000"/>
						<SP ID="SP_1.2.19.20" HPOS="2320" VPOS="3216" WIDTH="44"/>
						<String CONTENT="18," ID="St_1.2.19.21" HPOS="2392" VPOS="3184" HEIGHT="88" WIDTH="132" STYLEREFS="Style_11" WC="0.965555555555556" CC="000"/>
						<SP ID="SP_1.2.19.22" HPOS="2508" VPOS="3216" WIDTH="44"/>
						<String CONTENT="1930;" ID="St_1.2.19.23" HPOS="2584" VPOS="3184" HEIGHT="88" WIDTH="272" STYLEREFS="Style_11" WC="0.97" CC="00000"/>
						<SP ID="SP_1.2.19.24" HPOS="2844" VPOS="3192" WIDTH="44"/>
						<String CONTENT="A" ID="St_1.2.19.25" HPOS="2924" VPOS="3184" HEIGHT="76" WIDTH="76" STYLEREFS="Style_11" WC="0.971111111111111" CC="0"/>
						<SP ID="SP_1.2.19.26" HPOS="2960" VPOS="3184" WIDTH="68"/>
						<String CONTENT="18222;" ID="St_1.2.19.27" HPOS="3060" VPOS="3184" HEIGHT="88" WIDTH="332" STYLEREFS="Style_11" WC="0.974444444444444" CC="000000"/>
						<SP ID="SP_1.2.19.28" HPOS="3376" VPOS="3196" WIDTH="48"/>
						<String CONTENT="Hamilton" ID="St_1.2.19.29" HPOS="3464" VPOS="3184" HEIGHT="76" WIDTH="488" STYLEREFS="Style_11" WC="0.977777777777778" CC="00000000"/>
						<SP ID="SP_1.2.19.30" HPOS="3920" VPOS="3196" WIDTH="96"/>
						<String CONTENT="b" ID="St_1.2.19.31" HPOS="4084" VPOS="3184" HEIGHT="68" WIDTH="32" STYLEREFS="Style_11" WC="0.978888888888889" CC="0"/>
						<String CONTENT="r" ID="St_1.2.19.32" HPOS="4080" VPOS="3208" HEIGHT="52" WIDTH="40" STYLEREFS="Style_11" WC="0.967777777777778" CC="7"/>
						<String CONTENT="o" ID="St_1.2.19.33" HPOS="4132" VPOS="3212" HEIGHT="44" WIDTH="44" STYLEREFS="Style_11" WC="0.961111111111111" CC="4"/>
						<String CONTENT="th-" ID="St_1.2.19.34" HPOS="4184" VPOS="3184" HEIGHT="76" WIDTH="140" STYLEREFS="Style_11" WC="0.963333333333333" CC="000"/>
					</TextLine>
					<TextLine ID="TL_1.2.20" HPOS="592" VPOS="3292" HEIGHT="96" WIDTH="3572">
						<String CONTENT="er" ID="St_1.2.20.1" HPOS="592" VPOS="3316" HEIGHT="60" WIDTH="100" STYLEREFS="Style_11" WC="0.888888888888889" CC="11"/>
						<String CONTENT="s" ID="St_1.2.20.2" HPOS="696" VPOS="3320" HEIGHT="52" WIDTH="48" STYLEREFS="Style_11" WC="0.74" CC="5"/>
						<String CONTENT="." ID="St_1.2.20.3" HPOS="752" VPOS="3356" HEIGHT="20" WIDTH="16" STYLEREFS="Style_11" WC="0.805555555555556" CC="0"/>
						<SP ID="SP_1.2.20.4" HPOS="760" VPOS="3328" WIDTH="76"/>
						<String CONTENT="(30-3330)" ID="St_1.2.20.5" HPOS="908" VPOS="3292" HEIGHT="96" WIDTH="484" STYLEREFS="Style_11" WC="0.944444444444444" CC="000000000"/>
						<SP ID="SP_1.2.20.6" HPOS="1376" VPOS="3296" WIDTH="2620"/>
						<String CONTENT="364" ID="St_1.2.20.7" HPOS="3996" VPOS="3292" HEIGHT="80" WIDTH="168" STYLEREFS="Style_11" WC="0.675555555555556" CC="000"/>
					</TextLine>
					<TextLine ID="TL_1.2.21" HPOS="452" VPOS="3416" HEIGHT="140" WIDTH="2776">
						<String CONTENT="Michigan." ID="St_1.2.21.1" HPOS="452" VPOS="3420" HEIGHT="124" WIDTH="624" STYLEREFS="Style_11" WC="1" CC="000000000"/>
						<SP ID="SP_1.2.21.2" HPOS="1060" VPOS="3460" WIDTH="84"/>
						<String CONTENT="University." ID="St_1.2.21.3" HPOS="1216" VPOS="3416" HEIGHT="124" WIDTH="712" STYLEREFS="Style_11" WC="1" CC="00000000000"/>
						<SP ID="SP_1.2.21.4" HPOS="1912" VPOS="3460" WIDTH="80"/>
						<String CONTENT="D" ID="St_1.2.21.5" HPOS="2060" VPOS="3424" HEIGHT="96" WIDTH="108" STYLEREFS="Style_12" WC="1" CC="0"/>
						<String CONTENT="e" ID="St_1.2.21.6" HPOS="2180" VPOS="3452" HEIGHT="68" WIDTH="48" STYLEREFS="Style_13" WC="1" CC="0"/>
						<String CONTENT="p" ID="St_1.2.21.7" HPOS="2236" VPOS="3456" HEIGHT="100" WIDTH="76" STYLEREFS="Style_13" WC="1" CC="0"/>
						<String CONTENT="t" ID="St_1.2.21.8" HPOS="2324" VPOS="3436" HEIGHT="88" WIDTH="44" STYLEREFS="Style_13" WC="1" CC="0"/>
						<String CONTENT="." ID="St_1.2.21.9" HPOS="2376" VPOS="3508" HEIGHT="16" WIDTH="20" STYLEREFS="Style_13" WC="1" CC="0"/>
						<SP ID="SP_1.2.21.10" HPOS="2384" VPOS="3460" WIDTH="40"/>
						<String CONTENT="of" ID="St_1.2.21.11" HPOS="2456" VPOS="3424" HEIGHT="132" WIDTH="128" STYLEREFS="Style_14" WC="1" CC="00"/>
						<SP ID="SP_1.2.21.12" HPOS="2552" VPOS="3420" WIDTH="60"/>
						<String CONTENT="sociology." ID="St_1.2.21.13" HPOS="2640" VPOS="3420" HEIGHT="136" WIDTH="588" STYLEREFS="Style_14" WC="1" CC="0000000000"/>
					</TextLine>
					<TextLine ID="TL_1.2.22" HPOS="588" VPOS="3564" HEIGHT="140" WIDTH="3744">
						<String CONTENT="A" ID="St_1.2.22.1" HPOS="588" VPOS="3572" HEIGHT="96" WIDTH="96" STYLEREFS="Style_14" WC="1" CC="0"/>
						<SP ID="SP_1.2.22.2" HPOS="632" VPOS="3572" WIDTH="96"/>
						<String CONTENT="study" ID="St_1.2.22.3" HPOS="776" VPOS="3568" HEIGHT="132" WIDTH="336" STYLEREFS="Style_14" WC="0.935555555555556" CC="00400"/>
						<SP ID="SP_1.2.22.4" HPOS="1076" VPOS="3588" WIDTH="80"/>
						<String CONTENT="in" ID="St_1.2.22.5" HPOS="1204" VPOS="3568" HEIGHT="100" WIDTH="112" STYLEREFS="Style_14" WC="0.955555555555556" CC="00"/>
						<SP ID="SP_1.2.22.6" HPOS="1280" VPOS="3588" WIDTH="84"/>
						<String CONTENT="undergraduate" ID="St_1.2.22.7" HPOS="1416" VPOS="3564" HEIGHT="136" WIDTH="888" STYLEREFS="Style_14" WC="0.981111111111111" CC="0000000000000"/>
						<SP ID="SP_1.2.22.8" HPOS="2276" VPOS="3588" WIDTH="72"/>
						<String CONTENT="adjustment," ID="St_1.2.22.9" HPOS="2396" VPOS="3564" HEIGHT="136" WIDTH="716" STYLEREFS="Style_14" WC="0.986666666666667" CC="00000000000"/>
						<SP ID="SP_1.2.22.10" HPOS="3096" VPOS="3612" WIDTH="60"/>
						<String CONTENT="sponsored" ID="St_1.2.22.11" HPOS="3204" VPOS="3572" HEIGHT="128" WIDTH="600" STYLEREFS="Style_14" WC="0.99" CC="000000000"/>
						<SP ID="SP_1.2.22.12" HPOS="3764" VPOS="3572" WIDTH="84"/>
						<String CONTENT="by" ID="St_1.2.22.13" HPOS="3900" VPOS="3568" HEIGHT="136" WIDTH="144" STYLEREFS="Style_14" WC="0.99" CC="00"/>
						<SP ID="SP_1.2.22.14" HPOS="4004" VPOS="3588" WIDTH="88"/>
						<String CONTENT="the" ID="St_1.2.22.15" HPOS="4144" VPOS="3572" HEIGHT="104" WIDTH="188" STYLEREFS="Style_14" WC="0.991111111111111" CC="000"/>
					</TextLine>
					<TextLine ID="TL_1.2.23" HPOS="452" VPOS="3716" HEIGHT="136" WIDTH="3872">
						<String CONTENT="Sociology" ID="St_1.2.23.1" HPOS="452" VPOS="3720" HEIGHT="132" WIDTH="588" STYLEREFS="Style_14" WC="1" CC="000000000"/>
						<SP ID="SP_1.2.23.2" HPOS="1004" VPOS="3736" WIDTH="76"/>
						<String CONTENT="department" ID="St_1.2.23.3" HPOS="1120" VPOS="3716" HEIGHT="132" WIDTH="696" STYLEREFS="Style_14" WC="1" CC="0000000000"/>
						<SP ID="SP_1.2.23.4" HPOS="1796" VPOS="3724" WIDTH="64"/>
						<String CONTENT="and" ID="St_1.2.23.5" HPOS="1900" VPOS="3716" HEIGHT="104" WIDTH="216" STYLEREFS="Style_14" WC="1" CC="000"/>
						<SP ID="SP_1.2.23.6" HPOS="2076" VPOS="3716" WIDTH="80"/>
						<String CONTENT="financed" ID="St_1.2.23.7" HPOS="2196" VPOS="3716" HEIGHT="104" WIDTH="496" STYLEREFS="Style_14" WC="1" CC="00000000"/>
						<SP ID="SP_1.2.23.8" HPOS="2656" VPOS="3716" WIDTH="76"/>
						<String CONTENT="by" ID="St_1.2.23.9" HPOS="2776" VPOS="3716" HEIGHT="132" WIDTH="140" STYLEREFS="Style_14" WC="1" CC="00"/>
						<SP ID="SP_1.2.23.10" HPOS="2876" VPOS="3736" WIDTH="80"/>
						<String CONTENT="the" ID="St_1.2.23.11" HPOS="3000" VPOS="3716" HEIGHT="104" WIDTH="188" STYLEREFS="Style_14" WC="1" CC="000"/>
						<SP ID="SP_1.2.23.12" HPOS="3156" VPOS="3736" WIDTH="72"/>
						<String CONTENT="Faculty" ID="St_1.2.23.13" HPOS="3268" VPOS="3720" HEIGHT="132" WIDTH="472" STYLEREFS="Style_14" WC="1" CC="0000000"/>
						<SP ID="SP_1.2.23.14" HPOS="3704" VPOS="3736" WIDTH="76"/>
						<String CONTENT="research" ID="St_1.2.23.15" HPOS="3828" VPOS="3724" HEIGHT="100" WIDTH="496" STYLEREFS="Style_14" WC="1" CC="00000000"/>
					</TextLine>
					<TextLine ID="TL_1.2.24" HPOS="456" VPOS="3864" HEIGHT="136" WIDTH="3864">
						<String CONTENT="fund" ID="St_1.2.24.1" HPOS="456" VPOS="3868" HEIGHT="100" WIDTH="276" STYLEREFS="Style_14" WC="1" CC="0000"/>
						<SP ID="SP_1.2.24.2" HPOS="696" VPOS="3872" WIDTH="68"/>
						<String CONTENT="of" ID="St_1.2.24.3" HPOS="800" VPOS="3868" HEIGHT="100" WIDTH="124" STYLEREFS="Style_14" WC="1" CC="00"/>
						<SP ID="SP_1.2.24.4" HPOS="900" VPOS="3872" WIDTH="52"/>
						<String CONTENT="the" ID="St_1.2.24.5" HPOS="980" VPOS="3868" HEIGHT="100" WIDTH="184" STYLEREFS="Style_14" WC="1" CC="000"/>
						<SP ID="SP_1.2.24.6" HPOS="1136" VPOS="3884" WIDTH="60"/>
						<String CONTENT="University" ID="St_1.2.24.7" HPOS="1224" VPOS="3868" HEIGHT="132" WIDTH="652" STYLEREFS="Style_14" WC="1" CC="0000000000"/>
						<SP ID="SP_1.2.24.8" HPOS="1836" VPOS="3884" WIDTH="68"/>
						<String CONTENT="of" ID="St_1.2.24.9" HPOS="1936" VPOS="3868" HEIGHT="100" WIDTH="128" STYLEREFS="Style_14" WC="1" CC="00"/>
						<SP ID="SP_1.2.24.10" HPOS="2036" VPOS="3864" WIDTH="60"/>
						<String CONTENT="Michigan." ID="St_1.2.24.11" HPOS="2124" VPOS="3868" HEIGHT="132" WIDTH="612" STYLEREFS="Style_14" WC="1" CC="000000000"/>
						<SP ID="SP_1.2.24.12" HPOS="2724" VPOS="3908" WIDTH="80"/>
						<String CONTENT="Staff" ID="St_1.2.24.13" HPOS="2872" VPOS="3864" HEIGHT="108" WIDTH="296" STYLEREFS="Style_14" WC="1" CC="00000"/>
						<SP ID="SP_1.2.24.14" HPOS="3144" VPOS="3864" WIDTH="56"/>
						<String CONTENT="of" ID="St_1.2.24.15" HPOS="3228" VPOS="3868" HEIGHT="100" WIDTH="128" STYLEREFS="Style_14" WC="1" CC="00"/>
						<SP ID="SP_1.2.24.16" HPOS="3328" VPOS="3864" WIDTH="60"/>
						<String CONTENT="the" ID="St_1.2.24.17" HPOS="3420" VPOS="3868" HEIGHT="108" WIDTH="184" STYLEREFS="Style_14" WC="1" CC="000"/>
						<SP ID="SP_1.2.24.18" HPOS="3572" VPOS="3884" WIDTH="60"/>
						<String CONTENT="study:" ID="St_1.2.24.19" HPOS="3664" VPOS="3872" HEIGHT="104" WIDTH="388" STYLEREFS="Style_14" WC="1" CC="000000"/>
						<SP ID="SP_1.2.24.20" HPOS="4040" VPOS="3884" WIDTH="48"/>
						<String CONTENT="Di-" ID="St_1.2.24.21" HPOS="4124" VPOS="3872" HEIGHT="104" WIDTH="196" STYLEREFS="Style_14" WC="1" CC="000"/>
					</TextLine>
					<TextLine ID="TL_1.2.25" HPOS="452" VPOS="4012" HEIGHT="140" WIDTH="3872">
						<String CONTENT="rector," ID="St_1.2.25.1" HPOS="452" VPOS="4028" HEIGHT="120" WIDTH="384" STYLEREFS="Style_14" WC="1" CC="0000000"/>
						<SP ID="SP_1.2.25.2" HPOS="820" VPOS="4056" WIDTH="52"/>
						<String CONTENT="Robert" ID="St_1.2.25.3" HPOS="912" VPOS="4016" HEIGHT="104" WIDTH="412" STYLEREFS="Style_14" WC="1" CC="000000"/>
						<SP ID="SP_1.2.25.4" HPOS="1304" VPOS="4024" WIDTH="56"/>
						<String CONTENT="Cooley" ID="St_1.2.25.5" HPOS="1396" VPOS="4012" HEIGHT="136" WIDTH="408" STYLEREFS="Style_14" WC="1" CC="000000"/>
						<SP ID="SP_1.2.25.6" HPOS="1768" VPOS="4036" WIDTH="76"/>
						<String CONTENT="Angell" ID="St_1.2.25.7" HPOS="1884" VPOS="4016" HEIGHT="136" WIDTH="408" STYLEREFS="Style_14" WC="1" CC="000000"/>
						<SP ID="SP_1.2.25.8" HPOS="2272" VPOS="4016" WIDTH="60"/>
						<String CONTENT="&#x0085;" ID="St_1.2.25.9" HPOS="2384" VPOS="4020" HEIGHT="112" WIDTH="64" STYLEREFS="Style_14" WC="1" CC="0"/>
						<SP ID="SP_1.2.25.10" HPOS="2476" VPOS="4080" WIDTH="88"/>
						<String CONTENT="Interviewers," ID="St_1.2.25.11" HPOS="2644" VPOS="4016" HEIGHT="132" WIDTH="804" STYLEREFS="Style_14" WC="1" CC="0000000000000"/>
						<SP ID="SP_1.2.25.12" HPOS="3436" VPOS="4060" WIDTH="48"/>
						<String CONTENT="Helen" ID="St_1.2.25.13" HPOS="3524" VPOS="4020" HEIGHT="104" WIDTH="356" STYLEREFS="Style_14" WC="1" CC="00000"/>
						<SP ID="SP_1.2.25.14" HPOS="3840" VPOS="4036" WIDTH="76"/>
						<String CONTENT="Good-" ID="St_1.2.25.15" HPOS="3960" VPOS="4020" HEIGHT="104" WIDTH="364" STYLEREFS="Style_14" WC="1" CC="00000"/>
					</TextLine>
					<TextLine ID="TL_1.2.26" HPOS="452" VPOS="4164" HEIGHT="148" WIDTH="3868">
						<String CONTENT="rich" ID="St_1.2.26.1" HPOS="452" VPOS="4168" HEIGHT="104" WIDTH="228" STYLEREFS="Style_14" WC="1" CC="0000"/>
						<SP ID="SP_1.2.26.2" HPOS="644" VPOS="4172" WIDTH="68"/>
						<String CONTENT="Campbel" ID="St_1.2.26.3" HPOS="744" VPOS="4164" HEIGHT="136" WIDTH="540" STYLEREFS="Style_14" WC="1" CC="0000000"/>
						<String CONTENT="l" ID="St_1.2.26.4" HPOS="1292" VPOS="4168" HEIGHT="100" WIDTH="36" STYLEREFS="Style_14" WC="1" CC="0"/>
						<SP ID="SP_1.2.26.5" HPOS="1308" VPOS="4168" WIDTH="52"/>
						<String CONTENT="&#x0085;" ID="St_1.2.26.6" HPOS="1420" VPOS="4176" HEIGHT="108" WIDTH="64" STYLEREFS="Style_14" WC="1" CC="0"/>
						<SP ID="SP_1.2.26.7" HPOS="1496" VPOS="4232" WIDTH="44"/>
						<String CONTENT="L." ID="St_1.2.26.8" HPOS="1576" VPOS="4168" HEIGHT="100" WIDTH="128" STYLEREFS="Style_14" WC="1" CC="00"/>
						<SP ID="SP_1.2.26.9" HPOS="1692" VPOS="4212" WIDTH="44"/>
						<String CONTENT="Wallace" ID="St_1.2.26.10" HPOS="1764" VPOS="4168" HEIGHT="104" WIDTH="496" STYLEREFS="Style_14" WC="1" CC="0000000"/>
						<SP ID="SP_1.2.26.11" HPOS="2232" VPOS="4188" WIDTH="60"/>
						<String CONTENT="Hoffman" ID="St_1.2.26.12" HPOS="2320" VPOS="4164" HEIGHT="104" WIDTH="536" STYLEREFS="Style_14" WC="0.973333333333333" CC="4000400"/>
						<SP ID="SP_1.2.26.13" HPOS="2820" VPOS="4188" WIDTH="76"/>
						<String CONTENT="&#x0085;" ID="St_1.2.26.14" HPOS="2916" VPOS="4176" HEIGHT="108" WIDTH="64" STYLEREFS="Style_14" WC="0.974444444444444" CC="0"/>
						<SP ID="SP_1.2.26.15" HPOS="3028" VPOS="4232" WIDTH="48"/>
						<String CONTENT="W." ID="St_1.2.26.16" HPOS="3112" VPOS="4168" HEIGHT="104" WIDTH="176" STYLEREFS="Style_14" WC="0.976666666666667" CC="00"/>
						<SP ID="SP_1.2.26.17" HPOS="3276" VPOS="4212" WIDTH="40"/>
						<String CONTENT="L" ID="St_1.2.26.18" HPOS="3352" VPOS="4168" HEIGHT="104" WIDTH="92" STYLEREFS="Style_14" WC="0.977777777777778" CC="0"/>
						<String CONTENT="l" ID="St_1.2.26.19" HPOS="3452" VPOS="4172" HEIGHT="100" WIDTH="40" STYLEREFS="Style_14" WC="0.977777777777778" CC="0"/>
						<String CONTENT="oyd" ID="St_1.2.26.20" HPOS="3500" VPOS="4172" HEIGHT="132" WIDTH="212" STYLEREFS="Style_14" WC="0.98" CC="000"/>
						<SP ID="SP_1.2.26.21" HPOS="3676" VPOS="4172" WIDTH="68"/>
						<String CONTENT="B" ID="St_1.2.26.22" HPOS="3780" VPOS="4176" HEIGHT="96" WIDTH="96" STYLEREFS="Style_14" WC="0.98" CC="0"/>
						<String CONTENT="e" ID="St_1.2.26.23" HPOS="3888" VPOS="4208" HEIGHT="68" WIDTH="48" STYLEREFS="Style_14" WC="0.981111111111111" CC="0"/>
						<String CONTENT="rr" ID="St_1.2.26.24" HPOS="3948" VPOS="4212" HEIGHT="64" WIDTH="112" STYLEREFS="Style_14" WC="0.982222222222222" CC="00"/>
						<String CONTENT="i" ID="St_1.2.26.25" HPOS="4072" VPOS="4176" HEIGHT="100" WIDTH="24" STYLEREFS="Style_14" WC="0.982222222222222" CC="0"/>
						<String CONTENT="d" ID="St_1.2.26.26" HPOS="4116" VPOS="4176" HEIGHT="92" WIDTH="60" STYLEREFS="Style_14" WC="0.973333333333333" CC="4"/>
						<String CONTENT="ge" ID="St_1.2.26.27" HPOS="4192" VPOS="4212" HEIGHT="100" WIDTH="128" STYLEREFS="Style_14" WC="0.971111111111111" CC="11"/>
					</TextLine>
					<TextLine ID="TL_1.2.27" HPOS="544" VPOS="4316" HEIGHT="136" WIDTH="3784">
						<String CONTENT="&#x0085;" ID="St_1.2.27.1" HPOS="572" VPOS="4328" HEIGHT="104" WIDTH="68" STYLEREFS="Style_14" WC="1" CC="0"/>
						<SP ID="SP_1.2.27.2" HPOS="544" VPOS="4404" WIDTH="20"/>
						<String CONTENT="In" ID="St_1.2.27.3" HPOS="708" VPOS="4320" HEIGHT="100" WIDTH="140" STYLEREFS="Style_14" WC="0.916666666666667" CC="00"/>
						<SP ID="SP_1.2.27.4" HPOS="812" VPOS="4336" WIDTH="68"/>
						<String CONTENT="charge" ID="St_1.2.27.5" HPOS="908" VPOS="4320" HEIGHT="132" WIDTH="400" STYLEREFS="Style_14" WC="0.968888888888889" CC="000000"/>
						<SP ID="SP_1.2.27.6" HPOS="1280" VPOS="4336" WIDTH="60"/>
						<String CONTENT="of" ID="St_1.2.27.7" HPOS="1372" VPOS="4316" HEIGHT="104" WIDTH="124" STYLEREFS="Style_14" WC="0.975555555555556" CC="00"/>
						<SP ID="SP_1.2.27.8" HPOS="1472" VPOS="4316" WIDTH="56"/>
						<String CONTENT="t" ID="St_1.2.27.9" HPOS="1564" VPOS="4332" HEIGHT="88" WIDTH="36" STYLEREFS="Style_14" WC="0.978888888888889" CC="0"/>
						<String CONTENT="ests," ID="St_1.2.27.10" HPOS="1612" VPOS="4332" HEIGHT="116" WIDTH="248" STYLEREFS="Style_14" WC="0.983333333333333" CC="00000"/>
						<SP ID="SP_1.2.27.11" HPOS="1844" VPOS="4356" WIDTH="48"/>
						<String CONTENT="Emma" ID="St_1.2.27.12" HPOS="1924" VPOS="4316" HEIGHT="104" WIDTH="388" STYLEREFS="Style_14" WC="0.986666666666667" CC="0000"/>
						<SP ID="SP_1.2.27.13" HPOS="2284" VPOS="4336" WIDTH="68"/>
						<String CONTENT="McDonald" ID="St_1.2.27.14" HPOS="2388" VPOS="4320" HEIGHT="100" WIDTH="632" STYLEREFS="Style_14" WC="0.99" CC="00000000"/>
						<SP ID="SP_1.2.27.15" HPOS="2980" VPOS="4316" WIDTH="72"/>
						<String CONTENT="Dawson" ID="St_1.2.27.16" HPOS="3092" VPOS="4320" HEIGHT="104" WIDTH="480" STYLEREFS="Style_14" WC="0.991111111111111" CC="000000"/>
						<SP ID="SP_1.2.27.17" HPOS="3532" VPOS="4336" WIDTH="76"/>
						<String CONTENT="&#x0085;" ID="St_1.2.27.18" HPOS="3636" VPOS="4328" HEIGHT="104" WIDTH="68" STYLEREFS="Style_14" WC="0.992222222222222" CC="0"/>
						<SP ID="SP_1.2.27.19" HPOS="3744" VPOS="4384" WIDTH="80"/>
						<String CONTENT="Advice" ID="St_1.2.27.20" HPOS="3896" VPOS="4324" HEIGHT="108" WIDTH="432" STYLEREFS="Style_14" WC="0.993333333333333" CC="000000"/>
					</TextLine>
					<TextLine ID="TL_1.2.28" HPOS="444" VPOS="4468" HEIGHT="144" WIDTH="3884">
						<String CONTENT="on" ID="St_1.2.28.1" HPOS="444" VPOS="4504" HEIGHT="68" WIDTH="140" STYLEREFS="Style_14" WC="1" CC="00"/>
						<SP ID="SP_1.2.28.2" HPOS="548" VPOS="4488" WIDTH="80"/>
						<String CONTENT="analysis" ID="St_1.2.28.3" HPOS="672" VPOS="4468" HEIGHT="136" WIDTH="484" STYLEREFS="Style_14" WC="1" CC="00000000"/>
						<SP ID="SP_1.2.28.4" HPOS="1132" VPOS="4484" WIDTH="68"/>
						<String CONTENT="of" ID="St_1.2.28.5" HPOS="1240" VPOS="4468" HEIGHT="104" WIDTH="128" STYLEREFS="Style_14" WC="1" CC="00"/>
						<SP ID="SP_1.2.28.6" HPOS="1340" VPOS="4468" WIDTH="72"/>
						<String CONTENT="test" ID="St_1.2.28.7" HPOS="1452" VPOS="4480" HEIGHT="92" WIDTH="216" STYLEREFS="Style_14" WC="1" CC="0000"/>
						<SP ID="SP_1.2.28.8" HPOS="1640" VPOS="4472" WIDTH="68"/>
						<String CONTENT="results," ID="St_1.2.28.9" HPOS="1748" VPOS="4468" HEIGHT="132" WIDTH="428" STYLEREFS="Style_14" WC="1" CC="00000000"/>
						<SP ID="SP_1.2.28.10" HPOS="2160" VPOS="4508" WIDTH="60"/>
						<String CONTENT="Edward" ID="St_1.2.28.11" HPOS="2264" VPOS="4468" HEIGHT="104" WIDTH="492" STYLEREFS="Style_14" WC="0.986666666666667" CC="004000"/>
						<SP ID="SP_1.2.28.12" HPOS="2720" VPOS="4468" WIDTH="84"/>
						<String CONTENT="B." ID="St_1.2.28.13" HPOS="2852" VPOS="4468" HEIGHT="100" WIDTH="124" STYLEREFS="Style_14" WC="0.987777777777778" CC="00"/>
						<SP ID="SP_1.2.28.14" HPOS="2964" VPOS="4508" WIDTH="60"/>
						<String CONTENT="Greene" ID="St_1.2.28.15" HPOS="3072" VPOS="4468" HEIGHT="104" WIDTH="424" STYLEREFS="Style_14" WC="0.99" CC="000000"/>
						<SP ID="SP_1.2.28.16" HPOS="3464" VPOS="4484" WIDTH="60"/>
						<String CONTENT="&#x0085;" ID="St_1.2.28.17" HPOS="3568" VPOS="4484" HEIGHT="112" WIDTH="64" STYLEREFS="Style_14" WC="0.99" CC="0"/>
						<SP ID="SP_1.2.28.18" HPOS="3652" VPOS="4532" WIDTH="80"/>
						<String CONTENT="Chicago," ID="St_1.2.28.19" HPOS="3804" VPOS="4472" HEIGHT="140" WIDTH="524" STYLEREFS="Style_14" WC="0.991111111111111" CC="00000000"/>
					</TextLine>
					<TextLine ID="TL_1.2.29" HPOS="448" VPOS="4616" HEIGHT="136" WIDTH="2704">
						<String CONTENT="Il" ID="St_1.2.29.1" HPOS="448" VPOS="4624" HEIGHT="96" WIDTH="100" STYLEREFS="Style_14" WC="1" CC="00"/>
						<String CONTENT="l" ID="St_1.2.29.2" HPOS="564" VPOS="4624" HEIGHT="96" WIDTH="32" STYLEREFS="Style_14" WC="1" CC="0"/>
						<String CONTENT=".," ID="St_1.2.29.3" HPOS="612" VPOS="4704" HEIGHT="48" WIDTH="56" STYLEREFS="Style_14" WC="1" CC="00"/>
						<SP ID="SP_1.2.29.4" HPOS="656" VPOS="4660" WIDTH="40"/>
						<String CONTENT="The" ID="St_1.2.29.5" HPOS="720" VPOS="4624" HEIGHT="100" WIDTH="232" STYLEREFS="Style_14" WC="1" CC="000"/>
						<SP ID="SP_1.2.29.6" HPOS="924" VPOS="4640" WIDTH="60"/>
						<String CONTENT="U" ID="St_1.2.29.7" HPOS="1020" VPOS="4620" HEIGHT="104" WIDTH="92" STYLEREFS="Style_14" WC="1" CC="0"/>
						<String CONTENT="niversity" ID="St_1.2.29.8" HPOS="1124" VPOS="4620" HEIGHT="132" WIDTH="536" STYLEREFS="Style_14" WC="1" CC="000000000"/>
						<SP ID="SP_1.2.29.9" HPOS="1624" VPOS="4636" WIDTH="64"/>
						<String CONTENT="of" ID="St_1.2.29.10" HPOS="1716" VPOS="4616" HEIGHT="104" WIDTH="124" STYLEREFS="Style_14" WC="1" CC="00"/>
						<SP ID="SP_1.2.29.11" HPOS="1812" VPOS="4628" WIDTH="60"/>
						<String CONTENT="Chicago" ID="St_1.2.29.12" HPOS="1900" VPOS="4616" HEIGHT="136" WIDTH="488" STYLEREFS="Style_14" WC="1" CC="0000000"/>
						<SP ID="SP_1.2.29.13" HPOS="2356" VPOS="4636" WIDTH="60"/>
						<String CONTENT="press" ID="St_1.2.29.14" HPOS="2444" VPOS="4656" HEIGHT="92" WIDTH="304" STYLEREFS="Style_14" WC="1" CC="00000"/>
						<SP ID="SP_1.2.29.15" HPOS="2720" VPOS="4636" WIDTH="60"/>
						<String CONTENT="[" ID="St_1.2.29.16" HPOS="2816" VPOS="4660" HEIGHT="68" WIDTH="40" STYLEREFS="Style_14" WC="1" CC="0"/>
						<String CONTENT="1930" ID="St_1.2.29.17" HPOS="2856" VPOS="4624" HEIGHT="96" WIDTH="264" STYLEREFS="Style_14" WC="1" CC="0000"/>
						<String CONTENT="]" ID="St_1.2.29.18" HPOS="3128" VPOS="4684" HEIGHT="68" WIDTH="24" STYLEREFS="Style_14" WC="1" CC="0"/>
					</TextLine>
					<TextLine ID="TL_1.2.30" HPOS="584" VPOS="4776" HEIGHT="96" WIDTH="1592">
						<String CONTENT="ix," ID="St_1.2.30.1" HPOS="584" VPOS="4780" HEIGHT="92" WIDTH="120" STYLEREFS="Style_14" WC="1" CC="000"/>
						<SP ID="SP_1.2.30.2" HPOS="692" VPOS="4808" WIDTH="44"/>
						<String CONTENT="1" ID="St_1.2.30.3" HPOS="772" VPOS="4784" HEIGHT="72" WIDTH="40" STYLEREFS="Style_14" WC="1" CC="0"/>
						<String CONTENT="6" ID="St_1.2.30.4" HPOS="828" VPOS="4780" HEIGHT="72" WIDTH="48" STYLEREFS="Style_14" WC="1" CC="0"/>
						<String CONTENT="4" ID="St_1.2.30.5" HPOS="884" VPOS="4784" HEIGHT="72" WIDTH="48" STYLEREFS="Style_14" WC="1" CC="0"/>
						<SP ID="SP_1.2.30.6" HPOS="904" VPOS="4780" WIDTH="56"/>
						<String CONTENT="p." ID="St_1.2.30.7" HPOS="996" VPOS="4804" HEIGHT="68" WIDTH="84" STYLEREFS="Style_14" WC="1" CC="00"/>
						<SP ID="SP_1.2.30.8" HPOS="1072" VPOS="4808" WIDTH="64"/>
						<String CONTENT="diagr." ID="St_1.2.30.9" HPOS="1196" VPOS="4776" HEIGHT="96" WIDTH="292" STYLEREFS="Style_14" WC="0.973333333333333" CC="000004"/>
						<SP ID="SP_1.2.30.10" HPOS="1480" VPOS="4808" WIDTH="68"/>
						<String CONTENT="20&#x0368;&#x036B;." ID="St_1.2.30.11" HPOS="1608" VPOS="4776" HEIGHT="88" WIDTH="568" STYLEREFS="Style_14" WC="0.961111111111111" CC="00004"/>
					</TextLine>
					<TextLine ID="TL_1.2.31" HPOS="480" VPOS="4880" HEIGHT="116" WIDTH="3836">
						<String CONTENT="&#x00A9;" ID="St_1.2.31.1" HPOS="480" VPOS="4880" HEIGHT="104" WIDTH="84" STYLEREFS="Style_14" WC="1" CC="0"/>
						<SP ID="SP_1.2.31.2" HPOS="520" VPOS="4880" WIDTH="76"/>
						<String CONTENT="J" ID="St_1.2.31.3" HPOS="624" VPOS="4892" HEIGHT="76" WIDTH="56" STYLEREFS="Style_14" WC="0.814444444444444" CC="4"/>
						<String CONTENT="a" ID="St_1.2.31.4" HPOS="680" VPOS="4912" HEIGHT="56" WIDTH="56" STYLEREFS="Style_14" WC="0.722222222222222" CC="5"/>
						<String CONTENT="n." ID="St_1.2.31.5" HPOS="732" VPOS="4908" HEIGHT="64" WIDTH="104" STYLEREFS="Style_14" WC="0.814444444444444" CC="00"/>
						<SP ID="SP_1.2.31.6" HPOS="828" VPOS="4928" WIDTH="40"/>
						<String CONTENT="2," ID="St_1.2.31.7" HPOS="896" VPOS="4892" HEIGHT="80" WIDTH="76" STYLEREFS="Style_14" WC="0.875555555555556" CC="00"/>
						<SP ID="SP_1.2.31.8" HPOS="964" VPOS="4928" WIDTH="40"/>
						<String CONTENT="193;" ID="St_1.2.31.9" HPOS="1040" VPOS="4892" HEIGHT="104" WIDTH="256" STYLEREFS="Style_14" WC="0.88" CC="4000"/>
						<SP ID="SP_1.2.31.10" HPOS="1296" VPOS="4892" WIDTH="64"/>
						<String CONTENT="2c." ID="St_1.2.31.11" HPOS="1356" VPOS="4904" HEIGHT="64" WIDTH="148" STYLEREFS="Style_15" WC="0.857777777777778" CC="440"/>
						<SP ID="SP_1.2.31.12" HPOS="1496" VPOS="4932" WIDTH="40"/>
						<String CONTENT="Jan." ID="St_1.2.31.13" HPOS="1568" VPOS="4888" HEIGHT="80" WIDTH="216" STYLEREFS="Style_15" WC="0.888888888888889" CC="0000"/>
						<SP ID="SP_1.2.31.14" HPOS="1772" VPOS="4928" WIDTH="44"/>
						<String CONTENT="17;" ID="St_1.2.31.15" HPOS="1844" VPOS="4888" HEIGHT="92" WIDTH="160" STYLEREFS="Style_15" WC="0.904444444444445" CC="000"/>
						<SP ID="SP_1.2.31.16" HPOS="1992" VPOS="4908" WIDTH="40"/>
						<String CONTENT="aff." ID="St_1.2.31.17" HPOS="2068" VPOS="4884" HEIGHT="80" WIDTH="156" STYLEREFS="Style_15" WC="0.905555555555556" CC="0040"/>
						<SP ID="SP_1.2.31.18" HPOS="2216" VPOS="4928" WIDTH="40"/>
						<String CONTENT="Jan." ID="St_1.2.31.19" HPOS="2288" VPOS="4888" HEIGHT="76" WIDTH="216" STYLEREFS="Style_15" WC="0.918888888888889" CC="0000"/>
						<SP ID="SP_1.2.31.20" HPOS="2492" VPOS="4928" WIDTH="40"/>
						<String CONTENT="1" ID="St_1.2.31.21" HPOS="2568" VPOS="4888" HEIGHT="72" WIDTH="44" STYLEREFS="Style_15" WC="0.922222222222222" CC="0"/>
						<String CONTENT="6" ID="St_1.2.31.22" HPOS="2624" VPOS="4884" HEIGHT="80" WIDTH="52" STYLEREFS="Style_15" WC="0.913333333333333" CC="4"/>
						<String CONTENT=";" ID="St_1.2.31.23" HPOS="2708" VPOS="4908" HEIGHT="72" WIDTH="20" STYLEREFS="Style_15" WC="0.915555555555556" CC="0"/>
						<SP ID="SP_1.2.31.24" HPOS="2716" VPOS="4908" WIDTH="44"/>
						<String CONTENT="A" ID="St_1.2.31.25" HPOS="2792" VPOS="4888" HEIGHT="72" WIDTH="80" STYLEREFS="Style_15" WC="0.918888888888889" CC="0"/>
						<SP ID="SP_1.2.31.26" HPOS="2828" VPOS="4896" WIDTH="76"/>
						<String CONTENT="18186;" ID="St_1.2.31.27" HPOS="2936" VPOS="4884" HEIGHT="96" WIDTH="328" STYLEREFS="Style_15" WC="0.931111111111111" CC="000000"/>
						<SP ID="SP_1.2.31.28" HPOS="3248" VPOS="4908" WIDTH="52"/>
						<String CONTENT="University" ID="St_1.2.31.29" HPOS="3336" VPOS="4888" HEIGHT="96" WIDTH="544" STYLEREFS="Style_15" WC="0.943333333333333" CC="0000000000"/>
						<SP ID="SP_1.2.31.30" HPOS="3848" VPOS="4912" WIDTH="60"/>
						<String CONTENT="of" ID="St_1.2.31.31" HPOS="3944" VPOS="4896" HEIGHT="76" WIDTH="104" STYLEREFS="Style_15" WC="0.945555555555556" CC="00"/>
						<SP ID="SP_1.2.31.32" HPOS="4024" VPOS="4900" WIDTH="52"/>
						<String CONTENT="Ch" ID="St_1.2.31.33" HPOS="4108" VPOS="4900" HEIGHT="76" WIDTH="136" STYLEREFS="Style_15" WC="0.937777777777778" CC="33"/>
						<String CONTENT="i" ID="St_1.2.31.34" HPOS="4256" VPOS="4900" HEIGHT="72" WIDTH="28" STYLEREFS="Style_15" WC="0.934444444444444" CC="3"/>
						<String CONTENT="-" ID="St_1.2.31.35" HPOS="4292" VPOS="4944" HEIGHT="8" WIDTH="24" STYLEREFS="Style_15" WC="0.933333333333333" CC="1"/>
					</TextLine>
					<TextLine ID="TL_1.2.32" HPOS="592" VPOS="4996" HEIGHT="96" WIDTH="3540">
						<String CONTENT="cago," ID="St_1.2.32.1" HPOS="592" VPOS="5020" HEIGHT="72" WIDTH="252" STYLEREFS="Style_15" WC="0.911111111111111" CC="40000"/>
						<SP ID="SP_1.2.32.2" HPOS="836" VPOS="5040" WIDTH="36"/>
						<String CONTENT="C" ID="St_1.2.32.3" HPOS="904" VPOS="5012" HEIGHT="72" WIDTH="72" STYLEREFS="Style_15" WC="0.872222222222222" CC="4"/>
						<String CONTENT="hi" ID="St_1.2.32.4" HPOS="980" VPOS="5008" HEIGHT="76" WIDTH="92" STYLEREFS="Style_15" WC="0.802222222222222" CC="44"/>
						<String CONTENT="c" ID="St_1.2.32.5" HPOS="1076" VPOS="5020" HEIGHT="64" WIDTH="52" STYLEREFS="Style_15" WC="0.777777777777778" CC="4"/>
						<String CONTENT="ago." ID="St_1.2.32.6" HPOS="1132" VPOS="5020" HEIGHT="68" WIDTH="200" STYLEREFS="Style_15" WC="0.841111111111111" CC="0000"/>
						<SP ID="SP_1.2.32.7" HPOS="1320" VPOS="5040" WIDTH="76"/>
						<String CONTENT="(30-2752)" ID="St_1.2.32.8" HPOS="1460" VPOS="4996" HEIGHT="96" WIDTH="484" STYLEREFS="Style_15" WC="0.906666666666667" CC="000000000"/>
						<SP ID="SP_1.2.32.9" HPOS="1932" VPOS="5012" WIDTH="2032"/>
						<String CONTENT="365" ID="St_1.2.32.10" HPOS="3964" VPOS="5004" HEIGHT="80" WIDTH="168" STYLEREFS="Style_15" WC="0.727777777777778" CC="000"/>
					</TextLine>
					<TextLine ID="TL_1.2.33" HPOS="444" VPOS="5124" HEIGHT="124" WIDTH="1828">
						<String CONTENT="Nystrom," ID="St_1.2.33.1" HPOS="444" VPOS="5124" HEIGHT="120" WIDTH="600" STYLEREFS="Style_15" WC="1" CC="00000000"/>
						<SP ID="SP_1.2.33.2" HPOS="1028" VPOS="5164" WIDTH="48"/>
						<String CONTENT="Paul" ID="St_1.2.33.3" HPOS="1104" VPOS="5124" HEIGHT="100" WIDTH="276" STYLEREFS="Style_15" WC="1" CC="0000"/>
						<SP ID="SP_1.2.33.4" HPOS="1360" VPOS="5124" WIDTH="52"/>
						<String CONTENT="Henry," ID="St_1.2.33.5" HPOS="1440" VPOS="5124" HEIGHT="124" WIDTH="432" STYLEREFS="Style_15" WC="1" CC="000000"/>
						<SP ID="SP_1.2.33.6" HPOS="1856" VPOS="5160" WIDTH="44"/>
						<String CONTENT="1878&#x0096;" ID="St_1.2.33.7" HPOS="1936" VPOS="5124" HEIGHT="112" WIDTH="336" STYLEREFS="Style_15" WC="1" CC="00000"/>
					</TextLine>
					<TextLine ID="TL_1.2.34" HPOS="584" VPOS="5272" HEIGHT="152" WIDTH="3732">
						<String CONTENT="Economics" ID="St_1.2.34.1" HPOS="584" VPOS="5272" HEIGHT="104" WIDTH="644" STYLEREFS="Style_15" WC="1" CC="000000000"/>
						<SP ID="SP_1.2.34.2" HPOS="1204" VPOS="5292" WIDTH="68"/>
						<String CONTENT="of" ID="St_1.2.34.3" HPOS="1312" VPOS="5272" HEIGHT="104" WIDTH="128" STYLEREFS="Style_15" WC="1" CC="00"/>
						<SP ID="SP_1.2.34.4" HPOS="1412" VPOS="5272" WIDTH="68"/>
						<String CONTENT="retailing," ID="St_1.2.34.5" HPOS="1520" VPOS="5272" HEIGHT="132" WIDTH="552" STYLEREFS="Style_15" WC="1" CC="0000000000"/>
						<SP ID="SP_1.2.34.6" HPOS="2060" VPOS="5312" WIDTH="52"/>
						<String CONTENT="by" ID="St_1.2.34.7" HPOS="2152" VPOS="5272" HEIGHT="132" WIDTH="144" STYLEREFS="Style_15" WC="1" CC="00"/>
						<SP ID="SP_1.2.34.8" HPOS="2260" VPOS="5288" WIDTH="76"/>
						<String CONTENT="Paul" ID="St_1.2.34.9" HPOS="2380" VPOS="5272" HEIGHT="104" WIDTH="280" STYLEREFS="Style_15" WC="1" CC="0000"/>
						<SP ID="SP_1.2.34.10" HPOS="2640" VPOS="5272" WIDTH="60"/>
						<String CONTENT="H." ID="St_1.2.34.11" HPOS="2748" VPOS="5280" HEIGHT="96" WIDTH="144" STYLEREFS="Style_15" WC="1" CC="00"/>
						<SP ID="SP_1.2.34.12" HPOS="2880" VPOS="5316" WIDTH="52"/>
						<String CONTENT="Nystrom" ID="St_1.2.34.13" HPOS="2976" VPOS="5276" HEIGHT="132" WIDTH="532" STYLEREFS="Style_15" WC="1" CC="0000000"/>
						<SP ID="SP_1.2.34.14" HPOS="3416" VPOS="5276" WIDTH="344"/>
						<String CONTENT="&#x0085;" ID="St_1.2.34.15" HPOS="3688" VPOS="5292" HEIGHT="112" WIDTH="68" STYLEREFS="Style_15" WC="0.938888888888889" CC="0"/>
						<SP ID="SP_1.2.34.16" HPOS="3696" VPOS="5276" WIDTH="172"/>
						<String CONTENT="3d" ID="St_1.2.34.17" HPOS="3892" VPOS="5284" HEIGHT="104" WIDTH="140" STYLEREFS="Style_15" WC="0.934444444444444" CC="00"/>
						<SP ID="SP_1.2.34.18" HPOS="3996" VPOS="5276" WIDTH="80"/>
						<String CONTENT="ed.," ID="St_1.2.34.19" HPOS="4116" VPOS="5288" HEIGHT="136" WIDTH="200" STYLEREFS="Style_15" WC="0.94" CC="0000"/>
					</TextLine>
					<TextLine ID="TL_1.2.35" HPOS="448" VPOS="5424" HEIGHT="140" WIDTH="3856">
						<String CONTENT="rev" ID="St_1.2.35.1" HPOS="448" VPOS="5460" HEIGHT="64" WIDTH="184" STYLEREFS="Style_15" WC="1" CC="000"/>
						<String CONTENT="." ID="St_1.2.35.2" HPOS="636" VPOS="5468" HEIGHT="52" WIDTH="28" STYLEREFS="Style_15" WC="1" CC="0"/>
						<SP ID="SP_1.2.35.3" HPOS="652" VPOS="5468" WIDTH="48"/>
						<String CONTENT="and" ID="St_1.2.35.4" HPOS="732" VPOS="5424" HEIGHT="100" WIDTH="216" STYLEREFS="Style_15" WC="1" CC="000"/>
						<SP ID="SP_1.2.35.5" HPOS="912" VPOS="5424" WIDTH="72"/>
						<String CONTENT="en" ID="St_1.2.35.6" HPOS="1020" VPOS="5456" HEIGHT="68" WIDTH="128" STYLEREFS="Style_15" WC="1" CC="00"/>
						<String CONTENT="l" ID="St_1.2.35.7" HPOS="1160" VPOS="5424" HEIGHT="100" WIDTH="36" STYLEREFS="Style_15" WC="1" CC="0"/>
						<String CONTENT="." ID="St_1.2.35.8" HPOS="1208" VPOS="5504" HEIGHT="20" WIDTH="16" STYLEREFS="Style_15" WC="1" CC="0"/>
						<SP ID="SP_1.2.35.9" HPOS="1212" VPOS="5464" WIDTH="84"/>
						<String CONTENT="New" ID="St_1.2.35.10" HPOS="1372" VPOS="5424" HEIGHT="100" WIDTH="268" STYLEREFS="Style_15" WC="1" CC="000"/>
						<SP ID="SP_1.2.35.11" HPOS="1588" VPOS="5440" WIDTH="84"/>
						<String CONTENT="York," ID="St_1.2.35.12" HPOS="1708" VPOS="5424" HEIGHT="108" WIDTH="348" STYLEREFS="Style_15" WC="1" CC="00000"/>
						<SP ID="SP_1.2.35.13" HPOS="2040" VPOS="5460" WIDTH="52"/>
						<String CONTENT="The" ID="St_1.2.35.14" HPOS="2128" VPOS="5424" HEIGHT="100" WIDTH="232" STYLEREFS="Style_15" WC="1" CC="000"/>
						<SP ID="SP_1.2.35.15" HPOS="2332" VPOS="5440" WIDTH="60"/>
						<String CONTENT="Rona" ID="St_1.2.35.16" HPOS="2428" VPOS="5424" HEIGHT="100" WIDTH="312" STYLEREFS="Style_15" WC="1" CC="0000"/>
						<String CONTENT="l" ID="St_1.2.35.17" HPOS="2752" VPOS="5424" HEIGHT="96" WIDTH="40" STYLEREFS="Style_15" WC="1" CC="0"/>
						<String CONTENT="d" ID="St_1.2.35.18" HPOS="2800" VPOS="5424" HEIGHT="100" WIDTH="68" STYLEREFS="Style_15" WC="1" CC="0"/>
						<SP ID="SP_1.2.35.19" HPOS="2832" VPOS="5424" WIDTH="68"/>
						<String CONTENT="press" ID="St_1.2.35.20" HPOS="2936" VPOS="5460" HEIGHT="96" WIDTH="304" STYLEREFS="Style_15" WC="1" CC="00000"/>
						<SP ID="SP_1.2.35.21" HPOS="3212" VPOS="5440" WIDTH="60"/>
						<String CONTENT="c" ID="St_1.2.35.22" HPOS="3308" VPOS="5464" HEIGHT="64" WIDTH="52" STYLEREFS="Style_15" WC="1" CC="0"/>
						<String CONTENT="o" ID="St_1.2.35.23" HPOS="3372" VPOS="5460" HEIGHT="64" WIDTH="56" STYLEREFS="Style_15" WC="1" CC="0"/>
						<String CONTENT="mpany" ID="St_1.2.35.24" HPOS="3440" VPOS="5464" HEIGHT="100" WIDTH="412" STYLEREFS="Style_15" WC="1" CC="00000"/>
						<SP ID="SP_1.2.35.25" HPOS="3812" VPOS="5444" WIDTH="76"/>
						<String CONTENT="[&#x0368;" ID="St_1.2.35.26" HPOS="3936" VPOS="5428" HEIGHT="112" WIDTH="128" STYLEREFS="Style_15" WC="0.984444444444444" CC="70"/>
						<String CONTENT="1930" ID="St_1.2.35.27" HPOS="4012" VPOS="5440" HEIGHT="100" WIDTH="260" STYLEREFS="Style_15" WC="0.985555555555556" CC="0000"/>
						<String CONTENT="]" ID="St_1.2.35.28" HPOS="4264" VPOS="5472" HEIGHT="64" WIDTH="40" STYLEREFS="Style_15" WC="0.985555555555556" CC="0"/>
					</TextLine>
					<TextLine ID="TL_1.2.36" HPOS="584" VPOS="5576" HEIGHT="104" WIDTH="3732">
						<String CONTENT="2" ID="St_1.2.36.1" HPOS="584" VPOS="5584" HEIGHT="72" WIDTH="48" STYLEREFS="Style_15" WC="1" CC="0"/>
						<SP ID="SP_1.2.36.2" HPOS="608" VPOS="5576" WIDTH="72"/>
						<String CONTENT="v." ID="St_1.2.36.3" HPOS="728" VPOS="5604" HEIGHT="56" WIDTH="80" STYLEREFS="Style_15" WC="1" CC="00"/>
						<SP ID="SP_1.2.36.4" HPOS="796" VPOS="5608" WIDTH="68"/>
						<String CONTENT="il" ID="St_1.2.36.5" HPOS="924" VPOS="5580" HEIGHT="76" WIDTH="68" STYLEREFS="Style_15" WC="0.904444444444445" CC="33"/>
						<String CONTENT="lu" ID="St_1.2.36.6" HPOS="1000" VPOS="5584" HEIGHT="72" WIDTH="92" STYLEREFS="Style_15" WC="0.851111111111111" CC="33"/>
						<String CONTENT="s." ID="St_1.2.36.7" HPOS="1104" VPOS="5600" HEIGHT="56" WIDTH="68" STYLEREFS="Style_15" WC="0.877777777777778" CC="00"/>
						<SP ID="SP_1.2.36.8" HPOS="1164" VPOS="5608" WIDTH="36"/>
						<String CONTENT="(inc" ID="St_1.2.36.9" HPOS="1228" VPOS="5580" HEIGHT="88" WIDTH="200" STYLEREFS="Style_15" WC="0.818888888888889" CC="0338"/>
						<String CONTENT="l" ID="St_1.2.36.10" HPOS="1432" VPOS="5580" HEIGHT="76" WIDTH="24" STYLEREFS="Style_15" WC="0.803333333333333" CC="4"/>
						<String CONTENT="." ID="St_1.2.36.11" HPOS="1472" VPOS="5644" HEIGHT="16" WIDTH="16" STYLEREFS="Style_15" WC="0.814444444444444" CC="0"/>
						<SP ID="SP_1.2.36.12" HPOS="1476" VPOS="5608" WIDTH="56"/>
						<String CONTENT="ports.," ID="St_1.2.36.13" HPOS="1576" VPOS="5584" HEIGHT="92" WIDTH="316" STYLEREFS="Style_15" WC="0.871111111111111" CC="0000000"/>
						<SP ID="SP_1.2.36.14" HPOS="1884" VPOS="5604" WIDTH="52"/>
						<String CONTENT="forms)" ID="St_1.2.36.15" HPOS="1980" VPOS="5580" HEIGHT="88" WIDTH="344" STYLEREFS="Style_15" WC="0.898888888888889" CC="000000"/>
						<SP ID="SP_1.2.36.16" HPOS="2308" VPOS="5576" WIDTH="72"/>
						<String CONTENT="diagr" ID="St_1.2.36.17" HPOS="2432" VPOS="5576" HEIGHT="92" WIDTH="276" STYLEREFS="Style_15" WC="0.914444444444444" CC="00000"/>
						<String CONTENT="s" ID="St_1.2.36.18" HPOS="2708" VPOS="5596" HEIGHT="60" WIDTH="44" STYLEREFS="Style_15" WC="0.905555555555556" CC="4"/>
						<String CONTENT="." ID="St_1.2.36.19" HPOS="2764" VPOS="5640" HEIGHT="16" WIDTH="16" STYLEREFS="Style_15" WC="0.907777777777778" CC="0"/>
						<SP ID="SP_1.2.36.20" HPOS="2772" VPOS="5604" WIDTH="64"/>
						<String CONTENT="22&#x0368;&#x036B;." ID="St_1.2.36.21" HPOS="2896" VPOS="5580" HEIGHT="84" WIDTH="504" STYLEREFS="Style_15" WC="0.916666666666667" CC="00001"/>
						<SP ID="SP_1.2.36.22" HPOS="3112" VPOS="5608" WIDTH="72"/>
						<String CONTENT="[Me" ID="St_1.2.36.23" HPOS="3248" VPOS="5584" HEIGHT="92" WIDTH="176" STYLEREFS="Style_15" WC="0.905555555555556" CC="700"/>
						<String CONTENT="r" ID="St_1.2.36.24" HPOS="3432" VPOS="5604" HEIGHT="56" WIDTH="44" STYLEREFS="Style_16" WC="0.907777777777778" CC="0"/>
						<String CONTENT="c" ID="St_1.2.36.25" HPOS="3484" VPOS="5604" HEIGHT="60" WIDTH="48" STYLEREFS="Style_16" WC="0.901111111111111" CC="4"/>
						<String CONTENT="handising" ID="St_1.2.36.26" HPOS="3536" VPOS="5584" HEIGHT="96" WIDTH="508" STYLEREFS="Style_16" WC="0.915555555555556" CC="000000000"/>
						<SP ID="SP_1.2.36.27" HPOS="4016" VPOS="5588" WIDTH="68"/>
						<String CONTENT="and" ID="St_1.2.36.28" HPOS="4132" VPOS="5596" HEIGHT="72" WIDTH="184" STYLEREFS="Style_16" WC="0.92" CC="000"/>
					</TextLine>
					<TextLine ID="TL_1.2.37" HPOS="444" VPOS="5688" HEIGHT="88" WIDTH="1012">
						<String CONTENT="distribution" ID="St_1.2.37.1" HPOS="444" VPOS="5692" HEIGHT="76" WIDTH="612" STYLEREFS="Style_16" WC="0.944444444444444" CC="000000330000"/>
						<SP ID="SP_1.2.37.2" HPOS="1028" VPOS="5700" WIDTH="56"/>
						<String CONTENT="s" ID="St_1.2.37.3" HPOS="1116" VPOS="5700" HEIGHT="60" WIDTH="40" STYLEREFS="Style_16" WC="0.92" CC="4"/>
						<String CONTENT="er" ID="St_1.2.37.4" HPOS="1164" VPOS="5708" HEIGHT="56" WIDTH="96" STYLEREFS="Style_16" WC="0.93" CC="00"/>
						<String CONTENT="ie" ID="St_1.2.37.5" HPOS="1264" VPOS="5688" HEIGHT="76" WIDTH="88" STYLEREFS="Style_16" WC="0.937777777777778" CC="00"/>
						<String CONTENT="s]" ID="St_1.2.37.6" HPOS="1360" VPOS="5692" HEIGHT="84" WIDTH="96" STYLEREFS="Style_16" WC="0.944444444444444" CC="00"/>
					</TextLine>
					<TextLine ID="TL_1.2.38" HPOS="588" VPOS="5796" HEIGHT="96" WIDTH="2472">
						<String CONTENT="Bibliography" ID="St_1.2.38.1" HPOS="588" VPOS="5800" HEIGHT="92" WIDTH="672" STYLEREFS="Style_16" WC="0.962222222222222" CC="400000000000"/>
						<SP ID="SP_1.2.38.2" HPOS="1232" VPOS="5812" WIDTH="60"/>
						<String CONTENT="at" ID="St_1.2.38.3" HPOS="1324" VPOS="5808" HEIGHT="68" WIDTH="96" STYLEREFS="Style_16" WC="0.97" CC="00"/>
						<SP ID="SP_1.2.38.4" HPOS="1404" VPOS="5804" WIDTH="48"/>
						<String CONTENT="end" ID="St_1.2.38.5" HPOS="1484" VPOS="5800" HEIGHT="72" WIDTH="180" STYLEREFS="Style_16" WC="0.975555555555556" CC="000"/>
						<SP ID="SP_1.2.38.6" HPOS="1632" VPOS="5800" WIDTH="64"/>
						<String CONTENT="of" ID="St_1.2.38.7" HPOS="1728" VPOS="5796" HEIGHT="76" WIDTH="108" STYLEREFS="Style_16" WC="0.978888888888889" CC="00"/>
						<SP ID="SP_1.2.38.8" HPOS="1812" VPOS="5800" WIDTH="52"/>
						<String CONTENT="some" ID="St_1.2.38.9" HPOS="1892" VPOS="5816" HEIGHT="56" WIDTH="252" STYLEREFS="Style_16" WC="0.983333333333333" CC="0000"/>
						<SP ID="SP_1.2.38.10" HPOS="2116" VPOS="5808" WIDTH="60"/>
						<String CONTENT="of" ID="St_1.2.38.11" HPOS="2204" VPOS="5796" HEIGHT="76" WIDTH="104" STYLEREFS="Style_16" WC="0.984444444444444" CC="00"/>
						<SP ID="SP_1.2.38.12" HPOS="2284" VPOS="5800" WIDTH="56"/>
						<String CONTENT="the" ID="St_1.2.38.13" HPOS="2368" VPOS="5796" HEIGHT="76" WIDTH="160" STYLEREFS="Style_16" WC="0.986666666666667" CC="000"/>
						<SP ID="SP_1.2.38.14" HPOS="2500" VPOS="5808" WIDTH="60"/>
						<String CONTENT="chapters." ID="St_1.2.38.15" HPOS="2588" VPOS="5796" HEIGHT="92" WIDTH="472" STYLEREFS="Style_16" WC="0.988888888888889" CC="000000000"/>
					</TextLine>
					<TextLine ID="TL_1.2.39" HPOS="588" VPOS="5904" HEIGHT="100" WIDTH="3732">
						<String CONTENT="C" ID="St_1.2.39.1" HPOS="588" VPOS="5912" HEIGHT="80" WIDTH="64" STYLEREFS="Style_16" WC="0.888888888888889" CC="1"/>
						<String CONTENT="O" ID="St_1.2.39.2" HPOS="660" VPOS="5928" HEIGHT="60" WIDTH="52" STYLEREFS="Style_16" WC="0.777777777777778" CC="3"/>
						<String CONTENT="NTENT" ID="St_1.2.39.3" HPOS="724" VPOS="5928" HEIGHT="60" WIDTH="312" STYLEREFS="Style_16" WC="0.761111111111111" CC="31331"/>
						<String CONTENT="S" ID="St_1.2.39.4" HPOS="1072" VPOS="5920" HEIGHT="60" WIDTH="52" STYLEREFS="Style_16" WC="0.791111111111111" CC="0"/>
						<String CONTENT="." ID="St_1.2.39.5" HPOS="1104" VPOS="5968" HEIGHT="16" WIDTH="12" STYLEREFS="Style_16" WC="0.764444444444444" CC="4"/>
						<String CONTENT="&#x0097;" ID="St_1.2.39.6" HPOS="1160" VPOS="5952" HEIGHT="12" WIDTH="76" STYLEREFS="Style_16" WC="0.788888888888889" CC="0"/>
						<String CONTENT="I" ID="St_1.2.39.7" HPOS="1224" VPOS="5916" HEIGHT="64" WIDTH="40" STYLEREFS="Style_16" WC="0.766666666666667" CC="4"/>
						<String CONTENT="." ID="St_1.2.39.8" HPOS="1284" VPOS="5964" HEIGHT="20" WIDTH="20" STYLEREFS="Style_16" WC="0.786666666666667" CC="0"/>
						<SP ID="SP_1.2.39.9" HPOS="1292" VPOS="5936" WIDTH="48"/>
						<String CONTENT="Retail" ID="St_1.2.39.10" HPOS="1380" VPOS="5904" HEIGHT="76" WIDTH="316" STYLEREFS="Style_16" WC="0.864444444444444" CC="000000"/>
						<SP ID="SP_1.2.39.11" HPOS="1680" VPOS="5908" WIDTH="52"/>
						<String CONTENT="institutions" ID="St_1.2.39.12" HPOS="1768" VPOS="5904" HEIGHT="76" WIDTH="596" STYLEREFS="Style_16" WC="0.905555555555556" CC="000000400000"/>
						<SP ID="SP_1.2.39.13" HPOS="2340" VPOS="5916" WIDTH="64"/>
						<String CONTENT="and" ID="St_1.2.39.14" HPOS="2440" VPOS="5904" HEIGHT="76" WIDTH="184" STYLEREFS="Style_16" WC="0.916666666666667" CC="000"/>
						<SP ID="SP_1.2.39.15" HPOS="2592" VPOS="5908" WIDTH="68"/>
						<String CONTENT="trends;" ID="St_1.2.39.16" HPOS="2696" VPOS="5904" HEIGHT="84" WIDTH="376" STYLEREFS="Style_16" WC="0.918888888888889" CC="0000005"/>
						<SP ID="SP_1.2.39.17" HPOS="3060" VPOS="5916" WIDTH="52"/>
						<String CONTENT="a" ID="St_1.2.39.18" HPOS="3152" VPOS="5920" HEIGHT="60" WIDTH="44" STYLEREFS="Style_16" WC="0.912222222222222" CC="3"/>
						<SP ID="SP_1.2.39.19" HPOS="3172" VPOS="5920" WIDTH="68"/>
						<String CONTENT="critical" ID="St_1.2.39.20" HPOS="3284" VPOS="5908" HEIGHT="84" WIDTH="364" STYLEREFS="Style_16" WC="0.916666666666667" CC="40000000"/>
						<SP ID="SP_1.2.39.21" HPOS="3632" VPOS="5912" WIDTH="48"/>
						<String CONTENT="analysis" ID="St_1.2.39.22" HPOS="3720" VPOS="5916" HEIGHT="88" WIDTH="424" STYLEREFS="Style_16" WC="0.927777777777778" CC="00000000"/>
						<SP ID="SP_1.2.39.23" HPOS="4120" VPOS="5924" WIDTH="56"/>
						<String CONTENT="of" ID="St_1.2.39.24" HPOS="4216" VPOS="5916" HEIGHT="76" WIDTH="104" STYLEREFS="Style_16" WC="0.931111111111111" CC="00"/>
					</TextLine>
					<TextLine ID="TL_1.2.40" HPOS="452" VPOS="6012" HEIGHT="96" WIDTH="3864">
						<String CONTENT="the" ID="St_1.2.40.1" HPOS="452" VPOS="6020" HEIGHT="76" WIDTH="156" STYLEREFS="Style_16" WC="1" CC="000"/>
						<SP ID="SP_1.2.40.2" HPOS="584" VPOS="6028" WIDTH="56"/>
						<String CONTENT="retail" ID="St_1.2.40.3" HPOS="672" VPOS="6016" HEIGHT="80" WIDTH="276" STYLEREFS="Style_16" WC="1" CC="000000"/>
						<SP ID="SP_1.2.40.4" HPOS="936" VPOS="6016" WIDTH="44"/>
						<String CONTENT="business" ID="St_1.2.40.5" HPOS="1012" VPOS="6012" HEIGHT="84" WIDTH="432" STYLEREFS="Style_16" WC="1" CC="00000000"/>
						<SP ID="SP_1.2.40.6" HPOS="1420" VPOS="6024" WIDTH="56"/>
						<String CONTENT="as" ID="St_1.2.40.7" HPOS="1504" VPOS="6032" HEIGHT="60" WIDTH="108" STYLEREFS="Style_16" WC="1" CC="00"/>
						<SP ID="SP_1.2.40.8" HPOS="1588" VPOS="6024" WIDTH="56"/>
						<String CONTENT="the" ID="St_1.2.40.9" HPOS="1680" VPOS="6016" HEIGHT="76" WIDTH="156" STYLEREFS="Style_16" WC="1" CC="000"/>
						<SP ID="SP_1.2.40.10" HPOS="1812" VPOS="6024" WIDTH="56"/>
						<String CONTENT="central" ID="St_1.2.40.11" HPOS="1900" VPOS="6012" HEIGHT="76" WIDTH="360" STYLEREFS="Style_16" WC="1" CC="0000000"/>
						<SP ID="SP_1.2.40.12" HPOS="2248" VPOS="6012" WIDTH="48"/>
						<String CONTENT="factor" ID="St_1.2.40.13" HPOS="2328" VPOS="6012" HEIGHT="76" WIDTH="312" STYLEREFS="Style_16" WC="1" CC="000000"/>
						<SP ID="SP_1.2.40.14" HPOS="2616" VPOS="6024" WIDTH="56"/>
						<String CONTENT="in" ID="St_1.2.40.15" HPOS="2704" VPOS="6012" HEIGHT="76" WIDTH="96" STYLEREFS="Style_16" WC="1" CC="00"/>
						<SP ID="SP_1.2.40.16" HPOS="2768" VPOS="6024" WIDTH="64"/>
						<String CONTENT="present-day" ID="St_1.2.40.17" HPOS="2864" VPOS="6016" HEIGHT="92" WIDTH="600" STYLEREFS="Style_16" WC="1" CC="00000000000"/>
						<SP ID="SP_1.2.40.18" HPOS="3436" VPOS="6028" WIDTH="60"/>
						<String CONTENT="distribution" ID="St_1.2.40.19" HPOS="3532" VPOS="6016" HEIGHT="84" WIDTH="612" STYLEREFS="Style_16" WC="0.993333333333333" CC="000000040000"/>
						<SP ID="SP_1.2.40.20" HPOS="4116" VPOS="6028" WIDTH="60"/>
						<String CONTENT="o" ID="St_1.2.40.21" HPOS="4216" VPOS="6044" HEIGHT="56" WIDTH="48" STYLEREFS="Style_16" WC="0.988888888888889" CC="3"/>
						<String CONTENT="f" ID="St_1.2.40.22" HPOS="4276" VPOS="6024" HEIGHT="76" WIDTH="40" STYLEREFS="Style_16" WC="0.986666666666667" CC="1"/>
					</TextLine>
					<TextLine ID="TL_1.2.41" HPOS="444" VPOS="6120" HEIGHT="100" WIDTH="3864">
						<String CONTENT="g" ID="St_1.2.41.1" HPOS="444" VPOS="6148" HEIGHT="72" WIDTH="56" STYLEREFS="Style_16" WC="1" CC="0"/>
						<String CONTENT="oo" ID="St_1.2.41.2" HPOS="504" VPOS="6148" HEIGHT="56" WIDTH="108" STYLEREFS="Style_16" WC="1" CC="00"/>
						<String CONTENT="ds." ID="St_1.2.41.3" HPOS="624" VPOS="6132" HEIGHT="76" WIDTH="132" STYLEREFS="Style_16" WC="0.944444444444444" CC="003"/>
						<String CONTENT="&#x0097;II" ID="St_1.2.41.4" HPOS="760" VPOS="6128" HEIGHT="88" WIDTH="144" STYLEREFS="Style_16" WC="0.913333333333333" CC="004"/>
						<String CONTENT="." ID="St_1.2.41.5" HPOS="960" VPOS="6184" HEIGHT="20" WIDTH="24" STYLEREFS="Style_16" WC="0.922222222222222" CC="0"/>
						<SP ID="SP_1.2.41.6" HPOS="968" VPOS="6152" WIDTH="44"/>
						<String CONTENT="Principles" ID="St_1.2.41.7" HPOS="1040" VPOS="6124" HEIGHT="92" WIDTH="520" STYLEREFS="Style_16" WC="0.962222222222222" CC="0000000000"/>
						<SP ID="SP_1.2.41.8" HPOS="1536" VPOS="6132" WIDTH="48"/>
						<String CONTENT="of" ID="St_1.2.41.9" HPOS="1612" VPOS="6120" HEIGHT="76" WIDTH="104" STYLEREFS="Style_16" WC="0.966666666666667" CC="00"/>
						<SP ID="SP_1.2.41.10" HPOS="1692" VPOS="6120" WIDTH="48"/>
						<String CONTENT="retail" ID="St_1.2.41.11" HPOS="1768" VPOS="6120" HEIGHT="76" WIDTH="280" STYLEREFS="Style_16" WC="0.974444444444444" CC="000000"/>
						<SP ID="SP_1.2.41.12" HPOS="2032" VPOS="6120" WIDTH="44"/>
						<String CONTENT="store" ID="St_1.2.41.13" HPOS="2100" VPOS="6128" HEIGHT="68" WIDTH="256" STYLEREFS="Style_16" WC="0.978888888888889" CC="00000"/>
						<SP ID="SP_1.2.41.14" HPOS="2328" VPOS="6128" WIDTH="52"/>
						<String CONTENT="operation" ID="St_1.2.41.15" HPOS="2404" VPOS="6120" HEIGHT="96" WIDTH="488" STYLEREFS="Style_16" WC="0.983333333333333" CC="000000000"/>
						<String CONTENT=";" ID="St_1.2.41.16" HPOS="2928" VPOS="6140" HEIGHT="72" WIDTH="20" STYLEREFS="Style_16" WC="0.983333333333333" CC="0"/>
						<SP ID="SP_1.2.41.17" HPOS="2936" VPOS="6128" WIDTH="44"/>
						<String CONTENT="retail" ID="St_1.2.41.18" HPOS="3008" VPOS="6124" HEIGHT="76" WIDTH="276" STYLEREFS="Style_16" WC="0.985555555555556" CC="000000"/>
						<SP ID="SP_1.2.41.19" HPOS="3268" VPOS="6120" WIDTH="44"/>
						<String CONTENT="methods" ID="St_1.2.41.20" HPOS="3340" VPOS="6128" HEIGHT="80" WIDTH="432" STYLEREFS="Style_16" WC="0.986666666666667" CC="0000000"/>
						<SP ID="SP_1.2.41.21" HPOS="3748" VPOS="6132" WIDTH="52"/>
						<String CONTENT="described" ID="St_1.2.41.22" HPOS="3828" VPOS="6132" HEIGHT="76" WIDTH="480" STYLEREFS="Style_16" WC="0.988888888888889" CC="000000000"/>
					</TextLine>
					<TextLine ID="TL_1.2.42" HPOS="440" VPOS="6232" HEIGHT="96" WIDTH="780">
						<String CONTENT="and" ID="St_1.2.42.1" HPOS="440" VPOS="6240" HEIGHT="76" WIDTH="184" STYLEREFS="Style_16" WC="1" CC="000"/>
						<SP ID="SP_1.2.42.2" HPOS="596" VPOS="6236" WIDTH="60"/>
						<String CONTENT="appraised." ID="St_1.2.42.3" HPOS="684" VPOS="6232" HEIGHT="96" WIDTH="536" STYLEREFS="Style_16" WC="1" CC="0000000000"/>
					</TextLine>
					<TextLine ID="TL_1.2.43" HPOS="456" VPOS="6336" HEIGHT="100" WIDTH="3856">
						<String CONTENT="&#x00A9;" ID="St_1.2.43.1" HPOS="456" VPOS="6340" HEIGHT="96" WIDTH="104" STYLEREFS="Style_16" WC="0.555555555555556" CC="4"/>
						<SP ID="SP_1.2.43.2" HPOS="508" VPOS="6340" WIDTH="84"/>
						<String CONTENT="Jan." ID="St_1.2.43.3" HPOS="624" VPOS="6356" HEIGHT="72" WIDTH="212" STYLEREFS="Style_16" WC="0.851111111111111" CC="3000"/>
						<SP ID="SP_1.2.43.4" HPOS="824" VPOS="6384" WIDTH="40"/>
						<String CONTENT="13," ID="St_1.2.43.5" HPOS="892" VPOS="6344" HEIGHT="92" WIDTH="132" STYLEREFS="Style_16" WC="0.911111111111111" CC="000"/>
						<SP ID="SP_1.2.43.6" HPOS="1016" VPOS="6384" WIDTH="40"/>
						<String CONTENT="1" ID="St_1.2.43.7" HPOS="1088" VPOS="6344" HEIGHT="76" WIDTH="44" STYLEREFS="Style_16" WC="0.925555555555556" CC="0"/>
						<String CONTENT="9" ID="St_1.2.43.8" HPOS="1140" VPOS="6340" HEIGHT="80" WIDTH="52" STYLEREFS="Style_16" WC="0.896666666666667" CC="4"/>
						<String CONTENT="30;" ID="St_1.2.43.9" HPOS="1196" VPOS="6340" HEIGHT="88" WIDTH="164" STYLEREFS="Style_16" WC="0.902222222222222" CC="110"/>
						<SP ID="SP_1.2.43.10" HPOS="1348" VPOS="6360" WIDTH="40"/>
						<String CONTENT="2c." ID="St_1.2.43.11" HPOS="1416" VPOS="6340" HEIGHT="80" WIDTH="136" STYLEREFS="Style_16" WC="0.922222222222222" CC="000"/>
						<SP ID="SP_1.2.43.12" HPOS="1540" VPOS="6380" WIDTH="40"/>
						<String CONTENT="each" ID="St_1.2.43.13" HPOS="1608" VPOS="6340" HEIGHT="76" WIDTH="228" STYLEREFS="Style_16" WC="0.937777777777778" CC="0000"/>
						<SP ID="SP_1.2.43.14" HPOS="1808" VPOS="6352" WIDTH="60"/>
						<String CONTENT="Jan." ID="St_1.2.43.15" HPOS="1900" VPOS="6340" HEIGHT="76" WIDTH="208" STYLEREFS="Style_16" WC="0.947777777777778" CC="0000"/>
						<SP ID="SP_1.2.43.16" HPOS="2100" VPOS="6380" WIDTH="40"/>
						<String CONTENT="15;" ID="St_1.2.43.17" HPOS="2172" VPOS="6336" HEIGHT="88" WIDTH="160" STYLEREFS="Style_16" WC="0.953333333333333" CC="000"/>
						<SP ID="SP_1.2.43.18" HPOS="2320" VPOS="6360" WIDTH="44"/>
						<String CONTENT="a" ID="St_1.2.43.19" HPOS="2392" VPOS="6360" HEIGHT="52" WIDTH="52" STYLEREFS="Style_16" WC="0.956666666666667" CC="0"/>
						<String CONTENT="f" ID="St_1.2.43.20" HPOS="2456" VPOS="6336" HEIGHT="72" WIDTH="36" STYLEREFS="Style_16" WC="0.957777777777778" CC="0"/>
						<String CONTENT="fs." ID="St_1.2.43.21" HPOS="2492" VPOS="6336" HEIGHT="80" WIDTH="112" STYLEREFS="Style_16" WC="0.961111111111111" CC="000"/>
						<SP ID="SP_1.2.43.22" HPOS="2592" VPOS="6380" WIDTH="44"/>
						<String CONTENT="Jan." ID="St_1.2.43.23" HPOS="2664" VPOS="6336" HEIGHT="76" WIDTH="216" STYLEREFS="Style_16" WC="0.964444444444444" CC="0000"/>
						<SP ID="SP_1.2.43.24" HPOS="2868" VPOS="6380" WIDTH="44"/>
						<String CONTENT="16;" ID="St_1.2.43.25" HPOS="2940" VPOS="6336" HEIGHT="92" WIDTH="160" STYLEREFS="Style_16" WC="0.967777777777778" CC="000"/>
						<SP ID="SP_1.2.43.26" HPOS="3088" VPOS="6360" WIDTH="40"/>
						<String CONTENT="A" ID="St_1.2.43.27" HPOS="3164" VPOS="6340" HEIGHT="72" WIDTH="76" STYLEREFS="Style_16" WC="0.968888888888889" CC="0"/>
						<SP ID="SP_1.2.43.28" HPOS="3200" VPOS="6352" WIDTH="72"/>
						<String CONTENT="19009," ID="St_1.2.43.29" HPOS="3300" VPOS="6340" HEIGHT="92" WIDTH="308" STYLEREFS="Style_16" WC="0.972222222222222" CC="000000"/>
						<SP ID="SP_1.2.43.30" HPOS="3596" VPOS="6384" WIDTH="44"/>
						<String CONTENT="19010;" ID="St_1.2.43.31" HPOS="3672" VPOS="6344" HEIGHT="88" WIDTH="332" STYLEREFS="Style_16" WC="0.973333333333333" CC="000001"/>
						<SP ID="SP_1.2.43.32" HPOS="3992" VPOS="6364" WIDTH="44"/>
						<String CONTENT="R" ID="St_1.2.43.33" HPOS="4072" VPOS="6348" HEIGHT="72" WIDTH="76" STYLEREFS="Style_16" WC="0.966666666666667" CC="4"/>
						<String CONTENT="on-" ID="St_1.2.43.34" HPOS="4156" VPOS="6368" HEIGHT="56" WIDTH="156" STYLEREFS="Style_16" WC="0.967777777777778" CC="000"/>
					</TextLine>
					<TextLine ID="TL_1.2.44" HPOS="588" VPOS="6448" HEIGHT="100" WIDTH="3556">
						<String CONTENT="a" ID="St_1.2.44.1" HPOS="588" VPOS="6480" HEIGHT="52" WIDTH="44" STYLEREFS="Style_16" WC="0.444444444444444" CC="5"/>
						<String CONTENT="l" ID="St_1.2.44.2" HPOS="644" VPOS="6484" HEIGHT="64" WIDTH="36" STYLEREFS="Style_16" WC="0.722222222222222" CC="0"/>
						<String CONTENT="d" ID="St_1.2.44.3" HPOS="688" VPOS="6456" HEIGHT="76" WIDTH="52" STYLEREFS="Style_16" WC="0.666666666666667" CC="4"/>
						<SP ID="SP_1.2.44.4" HPOS="712" VPOS="6468" WIDTH="60"/>
						<String CONTENT="p" ID="St_1.2.44.5" HPOS="800" VPOS="6472" HEIGHT="76" WIDTH="60" STYLEREFS="Style_16" WC="0.711111111111111" CC="3"/>
						<String CONTENT="res" ID="St_1.2.44.6" HPOS="864" VPOS="6472" HEIGHT="56" WIDTH="144" STYLEREFS="Style_16" WC="0.68" CC="343"/>
						<String CONTENT="s" ID="St_1.2.44.7" HPOS="1020" VPOS="6472" HEIGHT="56" WIDTH="44" STYLEREFS="Style_16" WC="0.678888888888889" CC="3"/>
						<SP ID="SP_1.2.44.8" HPOS="1040" VPOS="6476" WIDTH="52"/>
						<String CONTENT="co" ID="St_1.2.44.9" HPOS="1120" VPOS="6472" HEIGHT="56" WIDTH="104" STYLEREFS="Style_16" WC="0.694444444444444" CC="33"/>
						<String CONTENT="." ID="St_1.2.44.10" HPOS="1232" VPOS="6516" HEIGHT="12" WIDTH="16" STYLEREFS="Style_16" WC="0.717777777777778" CC="0"/>
						<SP ID="SP_1.2.44.11" HPOS="1236" VPOS="6500" WIDTH="76"/>
						<String CONTENT="(30-2891)" ID="St_1.2.44.12" HPOS="1380" VPOS="6448" HEIGHT="96" WIDTH="484" STYLEREFS="Style_16" WC="0.84" CC="000000000"/>
						<SP ID="SP_1.2.44.13" HPOS="1848" VPOS="6464" WIDTH="1860"/>
						<String CONTENT="366," ID="St_1.2.44.14" HPOS="3708" VPOS="6448" HEIGHT="100" WIDTH="196" STYLEREFS="Style_16" WC="0.712222222222222" CC="0000"/>
						<SP ID="SP_1.2.44.15" HPOS="3896" VPOS="6500" WIDTH="40"/>
						<String CONTENT="367" ID="St_1.2.44.16" HPOS="3972" VPOS="6452" HEIGHT="80" WIDTH="172" STYLEREFS="Style_16" WC="0.731111111111111" CC="000"/>
					</TextLine>
					<TextLine ID="TL_1.2.45" HPOS="444" VPOS="6576" HEIGHT="120" WIDTH="1752">
						<String CONTENT="Oosterhous," ID="St_1.2.45.1" HPOS="444" VPOS="6576" HEIGHT="120" WIDTH="744" STYLEREFS="Style_16" WC="1" CC="00000000000"/>
						<SP ID="SP_1.2.45.2" HPOS="1176" VPOS="6620" WIDTH="44"/>
						<String CONTENT="Alfred" ID="St_1.2.45.3" HPOS="1252" VPOS="6576" HEIGHT="100" WIDTH="404" STYLEREFS="Style_16" WC="1" CC="000000"/>
						<SP ID="SP_1.2.45.4" HPOS="1624" VPOS="6580" WIDTH="64"/>
						<String CONTENT="George." ID="St_1.2.45.5" HPOS="1720" VPOS="6576" HEIGHT="120" WIDTH="476" STYLEREFS="Style_16" WC="1" CC="0000000"/>
					</TextLine>
					<TextLine ID="TL_1.2.46" HPOS="580" VPOS="6720" HEIGHT="140" WIDTH="3728">
						<String CONTENT="Our" ID="St_1.2.46.1" HPOS="580" VPOS="6728" HEIGHT="108" WIDTH="236" STYLEREFS="Style_16" WC="1" CC="000"/>
						<SP ID="SP_1.2.46.2" HPOS="788" VPOS="6752" WIDTH="68"/>
						<String CONTENT="food" ID="St_1.2.46.3" HPOS="896" VPOS="6724" HEIGHT="104" WIDTH="268" STYLEREFS="Style_16" WC="1" CC="0000"/>
						<SP ID="SP_1.2.46.4" HPOS="1128" VPOS="6728" WIDTH="76"/>
						<String CONTENT="supply," ID="St_1.2.46.5" HPOS="1240" VPOS="6724" HEIGHT="132" WIDTH="440" STYLEREFS="Style_16" WC="0.964444444444444" CC="0000005"/>
						<SP ID="SP_1.2.46.6" HPOS="1668" VPOS="6768" WIDTH="52"/>
						<String CONTENT="by" ID="St_1.2.46.7" HPOS="1756" VPOS="6724" HEIGHT="128" WIDTH="144" STYLEREFS="Style_16" WC="0.97" CC="00"/>
						<SP ID="SP_1.2.46.8" HPOS="1864" VPOS="6748" WIDTH="76"/>
						<String CONTENT="Alfred" ID="St_1.2.46.9" HPOS="1980" VPOS="6724" HEIGHT="100" WIDTH="408" STYLEREFS="Style_16" WC="0.977777777777778" CC="000000"/>
						<SP ID="SP_1.2.46.10" HPOS="2352" VPOS="6728" WIDTH="76"/>
						<String CONTENT="G." ID="St_1.2.46.11" HPOS="2468" VPOS="6724" HEIGHT="104" WIDTH="132" STYLEREFS="Style_16" WC="0.964444444444444" CC="40"/>
						<SP ID="SP_1.2.46.12" HPOS="2588" VPOS="6772" WIDTH="52"/>
						<String CONTENT="Oosterho" ID="St_1.2.46.13" HPOS="2680" VPOS="6720" HEIGHT="108" WIDTH="544" STYLEREFS="Style_16" WC="0.973333333333333" CC="00000000"/>
						<String CONTENT="u" ID="St_1.2.46.14" HPOS="3236" VPOS="6760" HEIGHT="60" WIDTH="60" STYLEREFS="Style_16" WC="0.962222222222222" CC="4"/>
						<String CONTENT="s" ID="St_1.2.46.15" HPOS="3308" VPOS="6760" HEIGHT="64" WIDTH="48" STYLEREFS="Style_16" WC="0.963333333333333" CC="0"/>
						<SP ID="SP_1.2.46.16" HPOS="3332" VPOS="6748" WIDTH="68"/>
						<String CONTENT="&#x0085;" ID="St_1.2.46.17" HPOS="3444" VPOS="6744" HEIGHT="112" WIDTH="68" STYLEREFS="Style_16" WC="0.965555555555556" CC="0"/>
						<SP ID="SP_1.2.46.18" HPOS="3536" VPOS="6796" WIDTH="88"/>
						<String CONTENT="Appleton," ID="St_1.2.46.19" HPOS="3700" VPOS="6732" HEIGHT="128" WIDTH="608" STYLEREFS="Style_16" WC="0.963333333333333" CC="000000004"/>
					</TextLine>
					<TextLine ID="TL_1.2.47" HPOS="440" VPOS="6868" HEIGHT="136" WIDTH="2452">
						<String CONTENT="W" ID="St_1.2.47.1" HPOS="440" VPOS="6880" HEIGHT="100" WIDTH="144" STYLEREFS="Style_16" WC="1" CC="0"/>
						<String CONTENT="is." ID="St_1.2.47.2" HPOS="576" VPOS="6876" HEIGHT="104" WIDTH="132" STYLEREFS="Style_16" WC="1" CC="000"/>
						<String CONTENT="," ID="St_1.2.47.3" HPOS="716" VPOS="6928" HEIGHT="44" WIDTH="28" STYLEREFS="Style_16" WC="1" CC="0"/>
						<SP ID="SP_1.2.47.4" HPOS="736" VPOS="6928" WIDTH="40"/>
						<String CONTENT="C." ID="St_1.2.47.5" HPOS="804" VPOS="6880" HEIGHT="104" WIDTH="116" STYLEREFS="Style_16" WC="1" CC="00"/>
						<SP ID="SP_1.2.47.6" HPOS="908" VPOS="6920" WIDTH="44"/>
						<String CONTENT="C" ID="St_1.2.47.7" HPOS="980" VPOS="6876" HEIGHT="104" WIDTH="84" STYLEREFS="Style_16" WC="1" CC="0"/>
						<String CONTENT="." ID="St_1.2.47.8" HPOS="1076" VPOS="6960" HEIGHT="20" WIDTH="20" STYLEREFS="Style_16" WC="1" CC="0"/>
						<SP ID="SP_1.2.47.9" HPOS="1084" VPOS="6916" WIDTH="40"/>
						<String CONTENT="Nelson" ID="St_1.2.47.10" HPOS="1152" VPOS="6876" HEIGHT="100" WIDTH="408" STYLEREFS="Style_16" WC="1" CC="000000"/>
						<SP ID="SP_1.2.47.11" HPOS="1520" VPOS="6892" WIDTH="64"/>
						<String CONTENT="publishing" ID="St_1.2.47.12" HPOS="1612" VPOS="6868" HEIGHT="136" WIDTH="644" STYLEREFS="Style_16" WC="1" CC="0000000000"/>
						<SP ID="SP_1.2.47.13" HPOS="2220" VPOS="6892" WIDTH="64"/>
						<String CONTENT="co." ID="St_1.2.47.14" HPOS="2308" VPOS="6904" HEIGHT="68" WIDTH="148" STYLEREFS="Style_16" WC="1" CC="000"/>
						<SP ID="SP_1.2.47.15" HPOS="2448" VPOS="6912" WIDTH="40"/>
						<String CONTENT="[&#x0368;" ID="St_1.2.47.16" HPOS="2524" VPOS="6884" HEIGHT="116" WIDTH="128" STYLEREFS="Style_16" WC="0.986666666666667" CC="40"/>
						<String CONTENT="1929]" ID="St_1.2.47.17" HPOS="2600" VPOS="6876" HEIGHT="124" WIDTH="292" STYLEREFS="Style_16" WC="0.977777777777778" CC="40000"/>
					</TextLine>
					<TextLine ID="TL_1.2.48" HPOS="580" VPOS="7024" HEIGHT="104" WIDTH="3732">
						<String CONTENT="xiv" ID="St_1.2.48.1" HPOS="580" VPOS="7036" HEIGHT="76" WIDTH="160" STYLEREFS="Style_16" WC="1" CC="000"/>
						<SP ID="SP_1.2.48.2" HPOS="712" VPOS="7044" WIDTH="68"/>
						<String CONTENT="p.," ID="St_1.2.48.3" HPOS="816" VPOS="7056" HEIGHT="72" WIDTH="116" STYLEREFS="Style_16" WC="1" CC="000"/>
						<SP ID="SP_1.2.48.4" HPOS="920" VPOS="7060" WIDTH="48"/>
						<String CONTENT="1" ID="St_1.2.48.5" HPOS="1008" VPOS="7036" HEIGHT="72" WIDTH="48" STYLEREFS="Style_16" WC="1" CC="0"/>
						<SP ID="SP_1.2.48.6" HPOS="1032" VPOS="7032" WIDTH="64"/>
						<String CONTENT="l" ID="St_1.2.48.7" HPOS="1136" VPOS="7032" HEIGHT="76" WIDTH="28" STYLEREFS="Style_16" WC="1" CC="0"/>
						<String CONTENT=".," ID="St_1.2.48.8" HPOS="1176" VPOS="7092" HEIGHT="28" WIDTH="44" STYLEREFS="Style_16" WC="1" CC="00"/>
						<SP ID="SP_1.2.48.9" HPOS="1208" VPOS="7060" WIDTH="48"/>
						<String CONTENT="247," ID="St_1.2.48.10" HPOS="1292" VPOS="7032" HEIGHT="88" WIDTH="192" STYLEREFS="Style_16" WC="1" CC="0000"/>
						<SP ID="SP_1.2.48.11" HPOS="1476" VPOS="7060" WIDTH="52"/>
						<String CONTENT="[" ID="St_1.2.48.12" HPOS="1568" VPOS="7064" HEIGHT="60" WIDTH="20" STYLEREFS="Style_16" WC="1" CC="0"/>
						<String CONTENT="4" ID="St_1.2.48.13" HPOS="1592" VPOS="7032" HEIGHT="72" WIDTH="56" STYLEREFS="Style_16" WC="0.977777777777778" CC="4"/>
						<String CONTENT="]" ID="St_1.2.48.14" HPOS="1652" VPOS="7068" HEIGHT="56" WIDTH="20" STYLEREFS="Style_16" WC="0.978888888888889" CC="0"/>
						<SP ID="SP_1.2.48.15" HPOS="1660" VPOS="7048" WIDTH="56"/>
						<String CONTENT="p." ID="St_1.2.48.16" HPOS="1756" VPOS="7048" HEIGHT="72" WIDTH="84" STYLEREFS="Style_16" WC="0.982222222222222" CC="00"/>
						<SP ID="SP_1.2.48.17" HPOS="1832" VPOS="7060" WIDTH="68"/>
						<String CONTENT="ill" ID="St_1.2.48.18" HPOS="1956" VPOS="7024" HEIGHT="80" WIDTH="104" STYLEREFS="Style_16" WC="0.984444444444444" CC="000"/>
						<String CONTENT="u" ID="St_1.2.48.19" HPOS="2068" VPOS="7048" HEIGHT="56" WIDTH="52" STYLEREFS="Style_16" WC="0.97" CC="4"/>
						<String CONTENT="s.," ID="St_1.2.48.20" HPOS="2132" VPOS="7048" HEIGHT="72" WIDTH="100" STYLEREFS="Style_16" WC="0.972222222222222" CC="000"/>
						<SP ID="SP_1.2.48.21" HPOS="2224" VPOS="7060" WIDTH="48"/>
						<String CONTENT="diagrs." ID="St_1.2.48.22" HPOS="2308" VPOS="7024" HEIGHT="96" WIDTH="352" STYLEREFS="Style_16" WC="0.977777777777778" CC="0000000"/>
						<SP ID="SP_1.2.48.23" HPOS="2648" VPOS="7060" WIDTH="68"/>
						<String CONTENT="19&#x00BD;&#x0368;&#x036B;." ID="St_1.2.48.24" HPOS="2776" VPOS="7024" HEIGHT="96" WIDTH="628" STYLEREFS="Style_16" WC="0.981111111111111" CC="000000"/>
						<SP ID="SP_1.2.48.25" HPOS="3044" VPOS="7060" WIDTH="76"/>
						<String CONTENT="(Exploratory" ID="St_1.2.48.26" HPOS="3188" VPOS="7028" HEIGHT="100" WIDTH="684" STYLEREFS="Style_16" WC="0.984444444444444" CC="000000000000"/>
						<SP ID="SP_1.2.48.27" HPOS="3844" VPOS="7044" WIDTH="68"/>
						<String CONTENT="science" ID="St_1.2.48.28" HPOS="3948" VPOS="7036" HEIGHT="80" WIDTH="364" STYLEREFS="Style_16" WC="0.986666666666667" CC="0000000"/>
					</TextLine>
					<TextLine ID="TL_1.2.49" HPOS="444" VPOS="7136" HEIGHT="100" WIDTH="1532">
						<String CONTENT="series," ID="St_1.2.49.1" HPOS="444" VPOS="7144" HEIGHT="92" WIDTH="320" STYLEREFS="Style_16" WC="1" CC="0000000"/>
						<SP ID="SP_1.2.49.2" HPOS="752" VPOS="7172" WIDTH="40"/>
						<String CONTENT="C." ID="St_1.2.49.3" HPOS="816" VPOS="7140" HEIGHT="80" WIDTH="100" STYLEREFS="Style_16" WC="0.944444444444444" CC="41"/>
						<SP ID="SP_1.2.49.4" HPOS="904" VPOS="7172" WIDTH="40"/>
						<String CONTENT="O." ID="St_1.2.49.5" HPOS="972" VPOS="7140" HEIGHT="80" WIDTH="100" STYLEREFS="Style_16" WC="0.947777777777778" CC="00"/>
						<SP ID="SP_1.2.49.6" HPOS="1060" VPOS="7172" WIDTH="40"/>
						<String CONTENT="Davis" ID="St_1.2.49.7" HPOS="1124" VPOS="7136" HEIGHT="80" WIDTH="296" STYLEREFS="Style_16" WC="0.964444444444444" CC="00000"/>
						<SP ID="SP_1.2.49.8" HPOS="1396" VPOS="7148" WIDTH="52"/>
						<String CONTENT="&#x0085;" ID="St_1.2.49.9" HPOS="1488" VPOS="7148" HEIGHT="76" WIDTH="56" STYLEREFS="Style_16" WC="0.967777777777778" CC="0"/>
						<SP ID="SP_1.2.49.10" HPOS="1556" VPOS="7176" WIDTH="40"/>
						<String CONTENT="editor)" ID="St_1.2.49.11" HPOS="1620" VPOS="7136" HEIGHT="80" WIDTH="356" STYLEREFS="Style_16" WC="0.976666666666667" CC="0000000"/>
					</TextLine>
					<TextLine ID="TL_1.2.50" HPOS="584" VPOS="7240" HEIGHT="100" WIDTH="2044">
						<String CONTENT="&quot;Second" ID="St_1.2.50.1" HPOS="584" VPOS="7252" HEIGHT="80" WIDTH="408" STYLEREFS="Style_16" WC="1" CC="0000000"/>
						<SP ID="SP_1.2.50.2" HPOS="964" VPOS="7248" WIDTH="60"/>
						<String CONTENT="i" ID="St_1.2.50.3" HPOS="1052" VPOS="7248" HEIGHT="76" WIDTH="28" STYLEREFS="Style_16" WC="0.95" CC="4"/>
						<String CONTENT="mpression," ID="St_1.2.50.4" HPOS="1088" VPOS="7244" HEIGHT="96" WIDTH="548" STYLEREFS="Style_16" WC="0.975555555555556" CC="0000000000"/>
						<SP ID="SP_1.2.50.5" HPOS="1624" VPOS="7276" WIDTH="44"/>
						<String CONTENT="September," ID="St_1.2.50.6" HPOS="1704" VPOS="7244" HEIGHT="92" WIDTH="560" STYLEREFS="Style_16" WC="0.984444444444444" CC="0000000000"/>
						<SP ID="SP_1.2.50.7" HPOS="2252" VPOS="7276" WIDTH="44"/>
						<String CONTENT="1929.&quot;" ID="St_1.2.50.8" HPOS="2324" VPOS="7240" HEIGHT="80" WIDTH="304" STYLEREFS="Style_16" WC="0.987777777777778" CC="000000"/>
					</TextLine>
					<TextLine ID="TL_1.2.51" HPOS="584" VPOS="7348" HEIGHT="104" WIDTH="2272">
						<String CONTENT="&quot;Helpful" ID="St_1.2.51.1" HPOS="584" VPOS="7356" HEIGHT="96" WIDTH="444" STYLEREFS="Style_16" WC="1" CC="00000000"/>
						<SP ID="SP_1.2.51.2" HPOS="1016" VPOS="7356" WIDTH="44"/>
						<String CONTENT="readings&quot;" ID="St_1.2.51.3" HPOS="1084" VPOS="7348" HEIGHT="96" WIDTH="492" STYLEREFS="Style_16" WC="0.974444444444444" CC="000000004"/>
						<SP ID="SP_1.2.51.4" HPOS="1552" VPOS="7352" WIDTH="52"/>
						<String CONTENT="at" ID="St_1.2.51.5" HPOS="1632" VPOS="7356" HEIGHT="72" WIDTH="100" STYLEREFS="Style_16" WC="0.977777777777778" CC="00"/>
						<SP ID="SP_1.2.51.6" HPOS="1712" VPOS="7356" WIDTH="48"/>
						<String CONTENT="end" ID="St_1.2.51.7" HPOS="1784" VPOS="7352" HEIGHT="76" WIDTH="176" STYLEREFS="Style_16" WC="0.982222222222222" CC="000"/>
						<SP ID="SP_1.2.51.8" HPOS="1932" VPOS="7352" WIDTH="52"/>
						<String CONTENT="of" ID="St_1.2.51.9" HPOS="2008" VPOS="7348" HEIGHT="84" WIDTH="104" STYLEREFS="Style_16" WC="0.983333333333333" CC="00"/>
						<SP ID="SP_1.2.51.10" HPOS="2088" VPOS="7352" WIDTH="52"/>
						<String CONTENT="each" ID="St_1.2.51.11" HPOS="2164" VPOS="7352" HEIGHT="76" WIDTH="224" STYLEREFS="Style_16" WC="0.985555555555556" CC="0000"/>
						<SP ID="SP_1.2.51.12" HPOS="2360" VPOS="7352" WIDTH="56"/>
						<String CONTENT="chapter." ID="St_1.2.51.13" HPOS="2440" VPOS="7348" HEIGHT="92" WIDTH="416" STYLEREFS="Style_16" WC="0.988888888888889" CC="00000000"/>
					</TextLine>
					<TextLine ID="TL_1.2.52" HPOS="500" VPOS="7456" HEIGHT="96" WIDTH="4092">
						<String CONTENT="&#x00A9;" ID="St_1.2.52.1" HPOS="500" VPOS="7468" HEIGHT="84" WIDTH="60" STYLEREFS="Style_16" WC="1" CC="0"/>
						<SP ID="SP_1.2.52.2" HPOS="560" VPOS="7468" WIDTH="60"/>
						<String CONTENT="A" ID="St_1.2.52.3" HPOS="616" VPOS="7472" HEIGHT="72" WIDTH="76" STYLEREFS="Style_16" WC="0.555555555555556" CC="4"/>
						<String CONTENT="p" ID="St_1.2.52.4" HPOS="704" VPOS="7492" HEIGHT="52" WIDTH="56" STYLEREFS="Style_16" WC="0.666666666666667" CC="0"/>
						<String CONTENT="r." ID="St_1.2.52.5" HPOS="772" VPOS="7492" HEIGHT="56" WIDTH="68" STYLEREFS="Style_16" WC="0.777777777777778" CC="00"/>
						<SP ID="SP_1.2.52.6" HPOS="832" VPOS="7492" WIDTH="36"/>
						<String CONTENT="1" ID="St_1.2.52.7" HPOS="896" VPOS="7468" HEIGHT="72" WIDTH="40" STYLEREFS="Style_16" WC="0.791111111111111" CC="3"/>
						<String CONTENT="5" ID="St_1.2.52.8" HPOS="952" VPOS="7468" HEIGHT="72" WIDTH="52" STYLEREFS="Style_16" WC="0.777777777777778" CC="3"/>
						<String CONTENT="," ID="St_1.2.52.9" HPOS="1012" VPOS="7528" HEIGHT="24" WIDTH="16" STYLEREFS="Style_16" WC="0.788888888888889" CC="1"/>
						<SP ID="SP_1.2.52.10" HPOS="1020" VPOS="7492" WIDTH="40"/>
						<String CONTENT="1929;" ID="St_1.2.52.11" HPOS="1092" VPOS="7460" HEIGHT="92" WIDTH="264" STYLEREFS="Style_16" WC="0.833333333333333" CC="40000"/>
						<SP ID="SP_1.2.52.12" HPOS="1348" VPOS="7468" WIDTH="40"/>
						<String CONTENT="2" ID="St_1.2.52.13" HPOS="1420" VPOS="7460" HEIGHT="68" WIDTH="52" STYLEREFS="Style_16" WC="0.826666666666667" CC="4"/>
						<String CONTENT="c" ID="St_1.2.52.14" HPOS="1476" VPOS="7484" HEIGHT="52" WIDTH="48" STYLEREFS="Style_16" WC="0.835555555555556" CC="0"/>
						<String CONTENT="." ID="St_1.2.52.15" HPOS="1532" VPOS="7524" HEIGHT="16" WIDTH="16" STYLEREFS="Style_16" WC="0.838888888888889" CC="1"/>
						<SP ID="SP_1.2.52.16" HPOS="1540" VPOS="7488" WIDTH="44"/>
						<String CONTENT="Jan." ID="St_1.2.52.17" HPOS="1608" VPOS="7464" HEIGHT="76" WIDTH="212" STYLEREFS="Style_16" WC="0.848888888888889" CC="4000"/>
						<SP ID="SP_1.2.52.18" HPOS="1808" VPOS="7488" WIDTH="40"/>
						<String CONTENT="4" ID="St_1.2.52.19" HPOS="1876" VPOS="7464" HEIGHT="72" WIDTH="52" STYLEREFS="Style_16" WC="0.86" CC="0"/>
						<String CONTENT="," ID="St_1.2.52.20" HPOS="1944" VPOS="7524" HEIGHT="16" WIDTH="12" STYLEREFS="Style_16" WC="0.864444444444444" CC="0"/>
						<SP ID="SP_1.2.52.21" HPOS="1948" VPOS="7488" WIDTH="40"/>
						<String CONTENT="1" ID="St_1.2.52.22" HPOS="2016" VPOS="7464" HEIGHT="72" WIDTH="44" STYLEREFS="Style_16" WC="0.873333333333333" CC="0"/>
						<String CONTENT="930" ID="St_1.2.52.23" HPOS="2072" VPOS="7456" HEIGHT="72" WIDTH="176" STYLEREFS="Style_16" WC="0.841111111111111" CC="544"/>
						<String CONTENT=";" ID="St_1.2.52.24" HPOS="2268" VPOS="7480" HEIGHT="68" WIDTH="20" STYLEREFS="Style_16" WC="0.845555555555556" CC="0"/>
						<SP ID="SP_1.2.52.25" HPOS="2276" VPOS="7468" WIDTH="44"/>
						<String CONTENT="a" ID="St_1.2.52.26" HPOS="2352" VPOS="7480" HEIGHT="56" WIDTH="52" STYLEREFS="Style_16" WC="0.854444444444444" CC="0"/>
						<String CONTENT="ff" ID="St_1.2.52.27" HPOS="2412" VPOS="7456" HEIGHT="76" WIDTH="76" STYLEREFS="Style_16" WC="0.847777777777778" CC="05"/>
						<String CONTENT="." ID="St_1.2.52.28" HPOS="2492" VPOS="7524" HEIGHT="12" WIDTH="20" STYLEREFS="Style_16" WC="0.851111111111111" CC="0"/>
						<SP ID="SP_1.2.52.29" HPOS="2500" VPOS="7488" WIDTH="44"/>
						<String CONTENT="Jan." ID="St_1.2.52.30" HPOS="2572" VPOS="7456" HEIGHT="80" WIDTH="208" STYLEREFS="Style_16" WC="0.867777777777778" CC="0000"/>
						<SP ID="SP_1.2.52.31" HPOS="2772" VPOS="7488" WIDTH="40"/>
						<String CONTENT="17;" ID="St_1.2.52.32" HPOS="2844" VPOS="7460" HEIGHT="88" WIDTH="156" STYLEREFS="Style_16" WC="0.878888888888889" CC="000"/>
						<SP ID="SP_1.2.52.33" HPOS="2988" VPOS="7468" WIDTH="44"/>
						<String CONTENT="A" ID="St_1.2.52.34" HPOS="3064" VPOS="7456" HEIGHT="80" WIDTH="80" STYLEREFS="Style_16" WC="0.884444444444444" CC="0"/>
						<SP ID="SP_1.2.52.35" HPOS="3104" VPOS="7456" WIDTH="72"/>
						<String CONTENT="17949;" ID="St_1.2.52.36" HPOS="3204" VPOS="7460" HEIGHT="92" WIDTH="328" STYLEREFS="Style_16" WC="0.892222222222222" CC="000003"/>
						<SP ID="SP_1.2.52.37" HPOS="3524" VPOS="7468" WIDTH="44"/>
						<String CONTENT="A" ID="St_1.2.52.38" HPOS="3636" VPOS="7468" HEIGHT="84" WIDTH="64" STYLEREFS="Style_16" WC="0.894444444444444" CC="0"/>
						<SP ID="SP_1.2.52.39" HPOS="3648" VPOS="7464" WIDTH="68"/>
						<String CONTENT="G." ID="St_1.2.52.40" HPOS="3764" VPOS="7468" HEIGHT="84" WIDTH="128" STYLEREFS="Style_16" WC="0.897777777777778" CC="00"/>
						<SP ID="SP_1.2.52.41" HPOS="3804" VPOS="7464" WIDTH="84"/>
						<String CONTENT="Ooster-" ID="St_1.2.52.42" HPOS="4208" VPOS="7468" HEIGHT="84" WIDTH="384" STYLEREFS="Style_16" WC="0.905555555555556" CC="0000001"/>
					</TextLine>
					<TextLine ID="TL_1.2.53" HPOS="660" VPOS="7568" HEIGHT="100" WIDTH="3480">
						<String CONTENT="liou" ID="St_1.2.53.1" HPOS="660" VPOS="7572" HEIGHT="88" WIDTH="168" STYLEREFS="Style_16" WC="0.888888888888889" CC="0004"/>
						<String CONTENT="s" ID="St_1.2.53.2" HPOS="784" VPOS="7600" HEIGHT="56" WIDTH="44" STYLEREFS="Style_16" WC="0.844444444444444" CC="3"/>
						<String CONTENT="," ID="St_1.2.53.3" HPOS="828" VPOS="7604" HEIGHT="44" WIDTH="20" STYLEREFS="Style_17" WC="0.795555555555556" CC="4"/>
						<SP ID="SP_1.2.53.4" HPOS="840" VPOS="7604" WIDTH="40"/>
						<String CONTENT="A" ID="St_1.2.53.5" HPOS="908" VPOS="7576" HEIGHT="76" WIDTH="80" STYLEREFS="Style_17" WC="0.818888888888889" CC="1"/>
						<String CONTENT="p" ID="St_1.2.53.6" HPOS="1032" VPOS="7596" HEIGHT="52" WIDTH="12" STYLEREFS="Style_17" WC="0.838888888888889" CC="0"/>
						<String CONTENT="pleto" ID="St_1.2.53.7" HPOS="1048" VPOS="7576" HEIGHT="92" WIDTH="256" STYLEREFS="Style_17" WC="0.896666666666667" CC="00000"/>
						<String CONTENT="n," ID="St_1.2.53.8" HPOS="1312" VPOS="7572" HEIGHT="88" WIDTH="128" STYLEREFS="Style_17" WC="0.874444444444444" CC="50"/>
						<SP ID="SP_1.2.53.9" HPOS="1388" VPOS="7600" WIDTH="40"/>
						<String CONTENT="W" ID="St_1.2.53.10" HPOS="1460" VPOS="7572" HEIGHT="72" WIDTH="108" STYLEREFS="Style_17" WC="0.863333333333333" CC="3"/>
						<String CONTENT="is" ID="St_1.2.53.11" HPOS="1572" VPOS="7572" HEIGHT="72" WIDTH="80" STYLEREFS="Style_17" WC="0.855555555555556" CC="13"/>
						<String CONTENT="." ID="St_1.2.53.12" HPOS="1668" VPOS="7632" HEIGHT="16" WIDTH="12" STYLEREFS="Style_17" WC="0.862222222222222" CC="0"/>
						<SP ID="SP_1.2.53.13" HPOS="1672" VPOS="7600" WIDTH="76"/>
						<String CONTENT="(30-2756)" ID="St_1.2.53.14" HPOS="1812" VPOS="7568" HEIGHT="96" WIDTH="484" STYLEREFS="Style_17" WC="0.906666666666667" CC="000000000"/>
						<SP ID="SP_1.2.53.15" HPOS="2284" VPOS="7572" WIDTH="1688"/>
						<String CONTENT="368" ID="St_1.2.53.16" HPOS="3972" VPOS="7568" HEIGHT="80" WIDTH="168" STYLEREFS="Style_17" WC="0.773333333333333" CC="000"/>
					</TextLine>
				</TextBlock>
			</PrintSpace>
		</Page>
	</Layout>
</alto>
