4800 8268
2120 7696 192 96 539

436 812 168 80 viii
652 836 112 68 p.,
820 812 44 76 1
920 816 32 72 l
960 872 44 32 .,
1056 812 164 80 295
1272 836 84 68 p.
1472 812 596 88 20ͨͫ.

316 916 96 96 ©
464 924 224 92 Apr.
736 924 76 80 4.
864 920 268 92 1930;
1188 920 128 84 2c.
1368 924 220 92 Apr.
1640 920 100 92 9;
1796 940 52 56 a
1856 920 100 80 ff.
2008 920 216 92 Apr.
2276 920 104 92 8;
2432 920 80 72 A
2564 916 108 76 21
2680 916 52 80 6
2736 916 160 96 59;
2952 920 100 72 E.
3108 920 104 76 A.
3268 920 368 92 Brown,
3692 916 452 96 Prescott,

444 1032 244 76 Ariz.
812 1032 32 92 (
860 1032 48 76 3
916 1028 436 96 0-10096)
3752 1024 228 80 3585

308 1208 348 128 Buck,
724 1212 360 104 Helen
1148 1208 308 104 Elise
1536 1208 600 128 (Vogeler)
2216 1212 328 100 "Mrs.
2608 1208 436 108 Walter
3108 1208 140 104 H.
3316 1204 424 124 Buck,"
3808 1244 120 68 co
3932 1244 108 68 m
4048 1240 108 100 p.

440 1356 320 104 Some
848 1360 476 132 gardens
1416 1360 216 100 and
1724 1360 556 100 mansions
2372 1356 128 100 of
2584 1356 652 132 Maryland;
3340 1392 60 64 a
3492 1352 660 132 descriptive

296 1504 336 136 guide
684 1504 284 104 book
1024 1504 180 104 for
1256 1544 188 68 use
1500 1544 140 64 on
1692 1508 184 100 the
1936 1508 664 132 pilgrimage
2660 1504 548 132 arranged
3260 1504 348 100 under
3668 1504 184 100 the
3912 1536 236 68 aus-

300 1656 292 128 pices
644 1652 124 104 of
816 1660 184 100 the
1056 1660 608 100 Federated
1720 1660 420 128 garden
2196 1656 300 104 clubs
2552 1652 128 104 of
2728 1652 636 132 Maryland,
3420 1652 180 104 for
3656 1652 184 100 the
3896 1652 252 100 ben-

304 1804 180 104 efit
548 1804 128 100 of
736 1808 184 100 the
980 1804 656 104 restoration
1700 1804 128 100 of
1888 1808 184 100 the
2140 1804 468 132 gardens
2676 1816 112 88 at
2860 1804 612 132 Stratford,
3532 1800 620 128 birthplace

296 1952 128 104 of
484 1952 472 108 General
1016 1956 420 100 Robert
1492 1952 132 104 E.
1688 1956 240 100 Lee.
2060 1956 272 132 May
2384 1960 100 124 4,
2548 1960 96 124 5,
2704 1956 220 100 and
2984 1960 96 124 6,
3140 1960 296 96 1930.
3572 1952 580 128 Compiled

296 2108 148 128 by
492 2104 268 104 Mrs.
808 2108 432 104 Walter
1288 2104 148 100 H.
1492 2104 340 132 Buck,
1880 2104 268 104 Mrs.
2200 2108 176 104 W.
2432 2104 428 100 Bladen
2912 2104 572 128 Lowndes,
3536 2104 108 104 J.
3700 2104 452 104 Gilman

300 2252 452 136 D'Arcy
848 2256 288 100 Paul
1228 2256 64 112 …
1540 2252 676 132 [Baltimore,
2320 2252 232 104 The
2656 2252 824 104 Barton-Gillet
3580 2288 572 96 company,

300 2404 340 132 ͨ1930]

436 2564 132 92 42,
632 2600 20 60 [
660 2564 52 80 6
716 2600 20 60 ]
796 2588 84 68 p.
936 2564 32 76 i
976 2588 52 52 n
1036 2584 44 60 c
1088 2568 60 76 l.
1196 2564 316 92 front.,
1568 2564 104 72 ill
1684 2584 132 56 us.
1928 2564 56 76 2
1988 2560 468 88 1½ͨͫ.

436 2672 308 80 Blank
800 2692 284 72 pages
1136 2672 152 80 for
1348 2668 716 80 "Memoranda"
2140 2668 276 96 ([4-6]
2476 2672 96 76 at
2628 2668 224 96 end)

312 2772 96 92 ©
476 2784 216 92 Apr.
756 2784 76 92 1,
896 2780 112 80 19
1004 2780 56 80 3
1064 2780 104 92 0;
1232 2780 128 80 2c.
1424 2784 188 76 and
1672 2800 52 56 a
1732 2780 96 76 ff.
1892 2780 220 92 Apr.
2176 2780 100 92 2;
2344 2776 84 76 A
2484 2776 332 96 20754;
2888 2780 520 76 Federated
3472 2780 352 92 garden
3884 2780 260 80 clubs

440 2892 104 76 of
596 2892 524 92 Maryland,
1180 2888 544 80 Baltimore.
1856 2888 484 96 (30-9709)
3752 2884 236 84 3586

308 3072 500 124 Bugbee,
868 3068 420 104 Lucius
1344 3068 536 128 Hatfield,
1948 3072 256 104 1874
2208 3136 52 12 -

436 3220 236 100 The
728 3220 372 100 divine
1160 3252 560 96 presence;
1784 3256 60 64 a
1908 3220 332 132 study
2296 3216 128 104 of
2480 3220 188 100 the
2724 3220 308 132 Holy
3096 3216 396 132 Spirit,
3544 3220 148 132 by
3748 3212 408 108 Lucius

296 3368 152 104 H.
512 3368 476 132 Bugbee.
1120 3368 268 104 New
1452 3368 352 132 York,
1864 3364 632 108 Cincinnati
2576 3432 24 64 [
2608 3376 196 96 etc.
2816 3432 24 64 ]
2912 3368 236 104 The
3208 3364 608 108 Methodist
3872 3364 284 104 book

300 3556 460 64 concern
836 3520 264 100 [ͨ193
1108 3524 120 108 0]

440 3680 48 76 3
496 3676 56 76 2
608 3700 80 72 p.
808 3680 560 92 22½ͨͫ
1012 3736 20 20 .

444 3788 620 76 "References
1112 3784 96 76 in
1260 3788 156 72 the
1464 3784 244 92 body
1748 3784 104 76 of
1900 3784 156 76 the
2104 3784 316 80 text":
2472 3808 80 72 p.
2608 3784 76 76 2.

316 3888 100 96 ©
484 3896 216 92 Apr.
772 3896 76 92 1,
920 3896 104 76 19
1032 3896 52 76 3
1088 3896 104 92 0;
1264 3896 128 76 2c.
1460 3896 188 76 and
1716 3892 160 76 aff.
1944 3896 220 92 Apr.
2236 3896 100 88 3;
2412 3896 76 72 A
2556 3896 332 88 21512;
2964 3896 100 76 L.
3136 3896 116 76 H.
3328 3896 208 92 Bug
3536 3896 56 76 b
3596 3916 128 72 ee,
3800 3896 348 80 Minne-

448 4004 252 96 apoli
704 4024 44 56 s
760 4068 12 16 .
908 4004 480 96 (30-9988)
3760 4000 232 84 3587

308 4180 744 128 Carmichael,
1116 4184 428 108 Robert
1604 4184 440 128 Daniel,
2108 4188 256 104 1879
2368 4256 64 12 -

440 4336 344 100 Plane
852 4336 220 100 and
1136 4336 548 132 spherical
1748 4336 836 132 trigonometry,
2648 4336 148 132 by
2860 4336 132 100 R.
3060 4336 140 100 D.
3272 4336 688 108 Carmichael
4052 4336 64 112 …

304 4484 220 104 and
584 4484 128 104 E.
776 4484 132 104 R.
976 4484 364 108 Smith
1404 4492 68 108 …
1660 4488 452 128 Boston,
2172 4484 268 104 New
2504 4484 316 104 York
2892 4552 20 64 [
2924 4496 192 92 etc.
3132 4552 24 64 ]
3232 4484 300 108 Ginn
3596 4492 216 100 and
3876 4520 280 68 com

304 4672 296 96 pany
668 4668 32 76 [
668 4640 364 124 ͨ1930]

440 4784 92 104 x,
592 4792 192 96 198,
844 4796 68 76 ii
972 4816 80 72 p.
1172 4792 348 96 diagrs.
1632 4792 564 84 21ͨͫ.
1984 4832 20 56 [
2008 4796 532 76 Textbooks
2600 4796 96 76 in
2760 4796 660 80 mathematics]

320 4896 96 96 ©
484 4908 236 76 Mar.
780 4904 136 92 27,
980 4904 104 76 19
1088 4904 52 80 3
1148 4904 104 92 0;
1316 4904 128 80 2c.
1508 4904 224 92 Apr.
1792 4904 104 92 7;
1964 4904 156 80 aff.
2184 4904 220 92 Apr.
2468 4904 104 92 4;
2640 4904 76 76 A
2784 4904 52 80 2
2840 4904 56 80 0
2900 4904 212 92 884;
3184 4904 84 80 R
3276 4968 16 16 .
3360 4904 84 80 D
3452 4972 20 16 .
3536 4904 612 96 Carmichael,

448 5012 412 92 Urbana,
916 5012 172 92 Ill.,
1144 5016 176 76 and
1384 5016 96 76 E.
1540 5012 108 80 R.
1708 5012 328 96 Smith,
2092 5012 304 96 Ames,
2456 5020 136 76 Ia.
2720 5012 488 96 (30-9860)
3764 5012 228 84 3588

316 5164 768 128 Chamberlin,
1136 5164 496 108 William
1688 5168 436 124 Henry,
2184 5172 260 104 1897
2444 5236 68 12 -

444 5316 376 108 Soviet
896 5316 456 128 Russia;
1436 5356 60 64 a
1572 5320 360 132 living
2008 5320 380 100 record
2468 5324 216 100 and
2760 5356 64 64 a
2896 5320 464 136 history,
3432 5324 148 132 by
3652 5324 504 108 William

304 5464 392 136 Henry
768 5468 712 108 Chamberlin
1544 5480 68 108 …
1820 5472 452 128 Boston,
2340 5468 376 136 Little,
2788 5476 440 124 Brown,
3296 5476 220 100 and
3584 5512 576 96 company,

308 5624 284 96 1930.

440 5772 172 76 viii
676 5796 108 68 p.,
852 5776 52 76 3
964 5776 32 72 l
1004 5836 48 32 .,
1124 5772 80 96 [3
1208 5812 72 56 ]-
1284 5776 64 72 4
1360 5776 104 76 53
1532 5792 84 72 p.
1732 5772 316 92 front.,
2108 5776 332 92 plates,
2504 5780 320 88 ports.,
2892 5776 224 76 fold.
3188 5800 240 72 map.
3544 5772 600 84 22½ͨͫ
3796 5800 20 48 .

440 5884 728 92 Bibliography:
1232 5900 60 72 p
1300 5944 16 16 .
1384 5884 340 96 [427]-4
1728 5884 52 76 3
1788 5884 76 76 5.

320 5984 100 96 ©
484 5992 220 96 Apr.
768 5996 80 92 4,
916 5992 268 92 1930;
1256 5992 48 76 2
1312 6016 48 52 c
1368 6056 16 16 .
1448 5992 220 96 Apr.
1736 5992 104 92 9;
1912 5992 160 80 aff.
2136 5992 220 96 Apr.
2424 5992 100 92 8;
2596 5992 84 76 A
2740 5992 328 96 21660;
3140 5992 320 96 Little,
3528 5996 368 92 Brown,
3972 5996 184 76 and

452 6124 476 72 company.
1064 6100 540 96 (30-10021)
3764 6100 240 84 3589

332 6324 24 64 [
368 6256 304 104 Char
676 6256 36 96 l
720 6288 156 92 es,
940 6256 416 104 Samue
1360 6256 36 100 l
1456 6260 480 104 Watson
2048 6260 192 104 187
2244 6272 60 92 0
2308 6268 364 96 -1916.

440 6404 396 104 Forms
924 6404 220 104 and
1232 6404 688 132 suggestions
2012 6404 180 104 for
2288 6404 628 108 California
3008 6404 512 132 practice.
3680 6412 188 96 4th
3964 6412 200 124 ed.,

308 6552 840 136 incorporating
1220 6560 260 96 1929
1552 6556 620 132 legislative
2244 6560 472 128 changes
2832 6556 148 132 by
2988 6620 20 68 ]
3092 6556 176 104 W.
3352 6560 128 96 B.
3560 6556 400 108 Owens
4040 6556 64 108 …

316 6700 544 108 Stanford
920 6700 684 136 University,
1680 6700 376 136 Calif.,
2128 6704 544 104 Stanford
2736 6704 616 136 university
3420 6740 340 96 press,
3820 6700 24 88 ͨ
3872 6712 280 96 1930.

452 6856 48 76 2
564 6880 84 56 v.
760 6856 56 76 2
820 6856 52 80 3
900 6860 64 64 ×
996 6856 600 84 35ͨͫ.

448 6964 316 92 Paged
820 6964 684 96 continuously.

448 7072 696 96 Autographed,
1192 7072 96 76 in
1336 7076 240 92 part,
1624 7076 244 76 from
1924 7072 636 96 type-written
2608 7096 232 72 copy
2888 7096 116 60 on
3052 7100 172 56 one
3272 7072 200 84 side
3524 7072 104 84 of
3676 7076 192 80 leaf
3920 7076 240 92 only.

452 7180 236 76 Text
740 7204 228 56 runs
1016 7184 396 92 parallel
1464 7180 228 84 with
1748 7184 236 80 back
2036 7184 96 80 of
2180 7204 300 60 cover.

460 7288 580 96 "Originally
1088 7292 300 92 begun
1444 7292 120 92 by
1616 7292 164 80 the
1832 7292 192 80 late
2084 7292 84 80 S.
2228 7292 140 80 W.
2428 7288 392 84 Charles
2896 7288 60 88 …
3044 7312 104 60 as
3208 7312 52 60 a
3320 7292 420 92 syllabus
3792 7288 156 84 for
4004 7308 164 60 use

320 7392 96 80 in
488 7396 160 76 the
724 7420 100 52 co
832 7420 60 52 u
900 7420 148 56 rse
1120 7396 96 76 in
1296 7388 548 88 'California
1920 7396 440 96 practice'
2432 7396 96 76 in
2604 7400 160 80 the
2840 7400 224 76 Law
3144 7396 312 80 school
3536 7396 104 84 of
3716 7396 452 84 Stanford

320 7504 1004 96 university."-Pref.,
1380 7508 80 76 D
1468 7508 420 76 ecember
1936 7508 76 92 1,
2068 7508 252 80 1927.
