4752 8320
436 724 548 120 Culpeper
1040 728 452 120 county,
1548 728 196 92 Va.
1896 720 428 136 County
2384 716 1064 108 court-Continued

576 908 312 76 "Until
956 908 160 76 the
1176 924 404 56 summer
1644 904 100 76 of
1808 900 244 92 1929,
2116 904 268 76 when
2448 900 160 76 the
2672 896 364 96 County
3104 904 268 72 court
3432 896 360 80 minute
3856 896 236 80 book
4156 896 96 76 of

444 1016 216 76 1763
716 1016 100 76 of
876 1016 156 76 the
1092 1012 364 92 County
1516 1016 268 72 court
1844 1012 96 76 of
2004 1012 448 92 Culpeper
2516 1012 364 88 county,
2944 1004 452 96 Virginia,
3464 1024 200 60 was
3724 1004 528 80 discovered

440 1124 24 72 i
480 1148 56 52 u
604 1144 120 56 an
792 1124 152 76 old
1012 1124 472 76 residence
1552 1120 96 76 in
1720 1120 476 92 Culpeper,
2264 1120 192 92 Va.,
2532 1120 264 76 there
2860 1136 268 72 were,
3200 1120 156 76 for
3420 1136 280 72 many
3768 1132 300 76 years,
4140 1132 116 60 no

436 1232 896 92 pre-revolutionary
1404 1232 268 72 court
1736 1228 356 76 minute
2160 1232 56 72 b
2224 1228 228 76 ooks
2512 1228 100 76 in
2684 1228 160 76 the
2912 1224 336 80 clerk's
3312 1224 256 80 office
3636 1220 100 80 of
3808 1220 448 96 Culpeper

440 1348 360 84 county,
856 1340 184 76 and
1092 1340 184 76 this
1324 1340 80 72 is
1452 1340 160 72 the
1656 1340 212 88 only
1916 1352 172 60 one
2132 1356 208 56 now
2388 1336 492 80 available.
2992 1336 196 76 The
3236 1336 208 76 first
3492 1332 168 80 270
3700 1352 288 76 pages
4036 1336 100 76 of
4184 1332 68 80 it

440 1472 48 56 a
504 1472 96 56 re
648 1448 392 92 missing
1088 1448 184 76 and
1324 1448 156 76 the
1532 1448 384 76 balance
1964 1444 80 80 is
2092 1448 280 92 badly
2428 1444 784 96 mutilated."-p.
3272 1480 24 60 [
3296 1444 56 76 4
3356 1480 24 60 ]

448 1576 100 100 ©
600 1584 196 76 Oct.
844 1588 76 88 1,
972 1580 108 80 19
1084 1580 108 80 30
1224 1600 16 72 ;
1296 1580 128 80 2c.
1476 1580 196 80 Oct.
1724 1580 100 92 8;
1880 1580 160 80 aff.
2092 1580 196 80 Oct.
2340 1584 160 88 11;
2556 1580 80 76 A
2684 1580 328 92 28804;
3068 1580 348 92 Joseph
3464 1580 112 80 K.
3636 1580 440 76 Ruebush
4128 1600 44 56 c
4180 1596 76 56 o.

604 1692 28 92 (
644 1696 56 76 3
704 1688 376 96 1-2983)
3796 1684 288 84 14586

444 1900 400 124 David,
900 1900 296 100 John
1252 1900 460 120 Baptist
1772 1900 400 120 Maria,
2236 1904 208 128 bp.,
2504 1904 620 100 1761-1841.

572 2072 100 92 A
732 2068 472 136 thought
1264 2072 176 96 for
1500 2104 324 104 every
1880 2072 244 132 day,
2184 2068 292 100 from
2532 2072 184 104 the
2772 2068 504 132 writings
3332 2072 124 96 of
3508 2072 180 100 the
3748 2068 184 100 Rt.
3996 2068 260 104 Rev.

436 2224 104 100 J.
592 2220 128 104 B.
768 2220 152 100 M.
972 2220 372 100 David
1416 2216 700 140 (1761-1841)
2184 2216 268 104 with
2500 2256 60 68 a
2612 2216 504 104 calendar
3164 2220 120 100 of
3336 2216 184 104 the
3564 2216 372 132 saints,
3984 2248 276 72 com-

440 2368 292 132 piled
796 2368 140 132 by
1008 2368 344 104 Sister
1428 2368 520 104 Columba
2024 2368 228 112 Fox
2312 2388 64 120 …
2600 2368 260 100 New
2936 2368 308 96 York
3312 2368 216 100 and
3604 2360 660 136 Cincinnati,

440 2520 120 100 F.
616 2516 384 108 Pustet
1052 2552 184 96 co.,
1288 2512 244 136 inc.,
1592 2524 288 92 1931.

568 2672 100 76 ix
720 2692 112 72 p.,
884 2672 52 72 2,-
984 2672 84 92 l.,
1124 2672 52 76 3
1180 2672 224 76 -129
1456 2692 84 72 p.
1652 2668 108 76 15
1764 2672 28 44 ͨ
1796 2672 20 40 ͫ
1856 2728 20 20 .

452 2808 96 88 ©
616 2812 216 80 Dec.
892 2812 136 96 18,
1092 2812 268 88 1930;
1428 2808 132 80 2c.
1624 2812 184 76 and
1872 2808 96 84 af
1968 2808 40 76 f
2016 2872 12 16 .
2100 2812 212 76 Dec.
2376 2804 156 96 22;
2604 2804 84 80 A
2748 2804 108 80 32
2860 2808 48 76 3
2916 2804 160 96 24;
3148 2808 504 80 Frederick
3712 2808 336 76 Pustet
4108 2828 160 72 co.,

580 2920 176 100 inc.
892 2920 476 96 (31-2896)
3808 2912 284 84 14587

444 3100 744 124 Engelhardt,
1252 3104 328 128 Fred,
1644 3112 332 96 1885-

584 3280 416 108 Second
1056 3316 372 64 course
1480 3280 120 100 in
1652 3280 476 132 algebra,
2184 3280 144 132 by
2384 3280 292 100 Fred
2732 3276 692 132 Engelhardt
3516 3284 68 112 …
3664 3280 216 100 and
3932 3276 332 104 Leon-

448 3436 200 96 ard
700 3432 136 100 D.
896 3432 524 100 Haertter
1496 3436 64 108 …
1748 3428 816 132 Philadelphia,
2624 3428 480 132 Chicago
3176 3436 264 120 [etc.]
3508 3428 236 100 The
3796 3428 300 104 John
4156 3424 116 108 C.

444 3584 512 100 Winston
1012 3616 540 96 company
1620 3616 36 72 [ͨ
1696 3584 280 96 1929]

592 3736 192 92 viii,
844 3728 160 84 423
1064 3752 84 72 p.
1264 3736 68 72 il
1336 3736 32 72 l
1376 3752 160 72 us.,
1600 3732 272 92 diagr
1872 3752 44 60 s
1928 3792 16 16 .
2064 3728 224 84 19ͨͫ.

456 3860 96 96 ©
616 3872 96 76 M
712 3888 132 60 ar.
892 3868 132 92 27,
1080 3868 160 76 193
1248 3868 56 76 0
1332 3888 16 72 ;
1404 3868 52 72 2
1464 3888 44 56 c
1516 3932 16 12 .
1588 3868 244 76 June
1880 3868 96 88 5;
2036 3868 160 80 aff.
2248 3868 244 76 June
2536 3864 104 92 2;
2696 3868 80 72 A
2824 3864 328 92 24283;
3212 3868 248 76 John
3512 3868 96 76 C.
3660 3864 432 80 Winston
4144 3888 44 56 c
4196 3884 80 60 o.

608 3976 480 96 (30-5212)
3812 3972 280 80 14588

448 4160 244 100 Eva
748 4160 364 124 Mary,
1168 4164 124 92 M
1296 4168 340 96 other.

580 4336 784 136 Transfigured
1440 4340 296 100 tales.
1896 4340 484 132 [Boston,
2448 4336 412 128 Alpine
2928 4372 332 96 press,
3332 4336 240 136 inc.,
3648 4340 288 124 1930]

588 4492 48 76 3
692 4512 84 72 p.
832 4488 88 96 l.,
980 4488 220 84 5-27
1252 4512 84 72 p.
1448 4492 228 80 25ͨͫ.

464 4620 96 88 ©
616 4632 100 72 M
720 4648 132 60 ar.
908 4628 72 96 8,
1036 4628 108 76 19
1148 4628 52 76 3
1204 4628 100 92 0;
1368 4628 124 76 2c.
1552 4632 232 72 Mar.
1844 4628 156 88 10;
2064 4628 156 76 aff.
2276 4628 232 76 Mar.
2568 4628 156 92 14;
2784 4628 84 76 A
2916 4628 332 92 20322;
3312 4628 484 80 Stratford
3848 4652 48 52 c
3904 4648 100 72 o.,
4064 4628 216 92 pub-

588 4740 368 80 lishers.
3816 4736 284 80 14589

460 4920 204 100 Gal
668 4944 60 72 s
732 4920 484 120 worthy,
1284 4920 332 120 John,
1692 4924 328 100 1867-

588 5096 264 96 Two
948 5128 352 96 essays
1400 5132 140 64 on
1636 5092 476 132 Conrad,
2208 5096 140 132 by
2444 5096 300 100 John
2840 5092 740 136 Galsworthy,
3676 5096 268 100 with
4048 5096 232 100 The

452 5252 300 120 story
824 5240 124 100 of
1020 5276 60 64 a
1156 5240 680 104 remarkable
1916 5240 660 132 friendship,
2652 5244 144 132 by
2872 5244 488 100 Richard
3448 5244 360 104 Curle.
3960 5244 312 100 Free-

456 5392 344 128 lands,
860 5388 304 104 Priv.
1224 5388 340 132 print.
1640 5388 704 132 [Cincinnati,
2408 5392 232 100 The
2708 5388 412 104 Ebbert
3184 5392 88 92 &
3336 5392 692 104 Richardson
4092 5432 192 88 co.,

456 5536 476 132 printers
1040 5540 292 100 1930.

592 5680 36 76 8
648 5692 48 76 3
752 5712 116 72 p.,
924 5696 48 72 1
1032 5692 48 76 l.
1148 5692 96 76 in
1252 5712 44 56 c
1304 5692 52 76 l.
1416 5696 444 76 mounted
1916 5696 164 76 col.
2140 5696 316 88 front.,
2516 5696 440 76 mounted
3012 5696 304 92 plates
3396 5696 96 96 (1
3552 5696 216 96 col.)
3844 5700 440 76 mounted

456 5820 116 68 po
584 5820 40 52 r
632 5804 108 76 ts.
856 5800 48 76 2
912 5796 68 80 3ͨ
1020 5804 36 40 ͫ
1060 5860 16 16 .
1204 5840 20 56 [
1228 5800 268 80 Freel
1504 5820 52 56 a
1564 5804 172 76 nds
1800 5804 288 76 series]

600 5936 40 28 "
652 5936 72 68 O
732 5952 116 60 ne
908 5932 100 76 of
1068 5936 384 88 twenty-
1456 5932 28 76 f
1488 5928 148 84 ive
1696 5932 388 92 copies."

472 6048 88 88 ©
640 6064 96 76 M
740 6088 116 72 ay
920 6068 132 92 31,
1120 6072 48 72 1
1176 6068 56 76 9
1232 6068 52 76 3
1288 6068 56 76 0
1372 6092 20 68 ;
1456 6068 132 76 2c.
1656 6068 224 96 July
1944 6072 100 92 1;
2116 6092 48 56 a
2176 6068 24 76 f
2196 6064 68 80 f.
2344 6072 220 92 July
2628 6072 160 92 11;
2860 6072 80 76 A
3008 6072 108 80 25
3120 6072 56 80 5
3172 6072 56 80 3
3228 6076 104 88 7;
3408 6072 140 84 W.
3616 6076 100 80 T.
3784 6076 116 76 H.
3968 6072 316 96 Howe,

604 6176 556 84 Cincinnati.
1300 6176 260 96 (31-2
1568 6180 56 76 6
1628 6180 152 92 53)
3828 6180 284 84 14590

468 6360 340 120 Good,
864 6360 220 104 Iris
1136 6360 372 108 Cleva.

592 6536 716 100 Home-room
1372 6536 576 132 activities,
2012 6536 148 136 by
2224 6540 220 100 Iris
2516 6536 332 108 Cleva
2916 6540 316 104 Good
3288 6536 64 108 …
3496 6544 216 100 and
3780 6544 288 104 Jane
4128 6536 156 108 M.

468 6680 320 104 Crow
812 6692 60 104 …
1088 6684 268 96 with
1444 6720 144 64 an
1676 6684 748 104 introduction
2508 6688 144 132 by
2744 6692 128 96 R.
2968 6688 104 104 J.
3172 6688 468 104 Walters
3716 6692 60 104 …
4024 6692 260 100 New

472 6828 304 104 York
828 6832 256 132 city,
1136 6832 756 104 Professional
1940 6836 80 92 &
2076 6836 536 100 technical
2664 6872 300 96 press
3028 6872 36 68 [ͨ
3104 6840 260 96 1930]

600 7004 60 52 x
668 7004 56 52 v
772 7004 112 72 p.,
940 6984 52 80 1
1044 6976 84 100 l.,
1184 6984 52 80 3
1240 6984 108 80 25
1404 7008 84 72 p.
1604 6984 244 80 illus.
1964 6984 164 80 22ͨ
2148 6980 64 60 ͫ
2228 7048 16 16 .
2380 6988 668 92 (Educational
3104 6992 560 76 executives'
3724 6996 336 92 series)

604 7092 132 72 "A
796 7092 160 80 list
1020 7092 104 80 of
1184 7100 360 72 one-act
1604 7092 268 92 plays
1932 7096 404 80 suitable
2404 7100 152 76 for
2624 7120 160 56 use
2848 7100 96 76 in
3012 7104 464 72 home-roo
3484 7120 84 56 m
3640 7100 648 84 assemblies":

472 7220 76 72 p.
624 7196 104 80 28
736 7200 52 80 3
788 7200 276 92 -289;
1140 7200 312 92 "Long
1520 7200 264 92 plays
1856 7204 148 76 for
2076 7224 180 72 pay
2332 7204 796 92 performances":
3212 7228 84 72 p.
3372 7204 444 96 291-298;
3896 7208 396 96 Bibliog-

480 7308 336 88 raphy:
880 7328 84 72 p.
1020 7308 224 80 299-
1248 7312 48 76 3
1308 7308 128 80 18.

480 7416 96 88 ©
652 7444 228 80 Nov.
952 7448 136 88 24,
1160 7448 272 92 1930;
1508 7444 48 76 2
1564 7448 72 76 c.
1712 7448 224 76 Nov.
2008 7448 164 88 28;
2248 7448 100 76 af
2344 7448 40 76 f
2392 7512 16 20 .
2484 7448 212 80 Dec.
2772 7452 100 88 2;
2956 7452 80 76 A
3104 7452 52 80 3
3164 7452 48 72 1
3220 7452 48 80 3
3276 7456 156 88 71;
3516 7456 636 76 Professional
4224 7444 68 76 &

612 7552 456 80 technical
1128 7576 284 72 press.
1548 7556 480 96 (31-3430)
3844 7560 280 84 14591

2252 7652 252 100 2275
