4752 8320
388 688 624 120 McKinley,
1068 684 400 100 Albert
1528 684 1256 104 Edward-Continued

528 844 52 72 x
592 904 20 28 ,
668 844 188 88 822,
908 864 64 52 x
980 844 88 72 i-
1068 864 128 52 xx
1204 844 156 72 xvi
1368 844 28 72 i
1404 840 28 76 i
1488 860 88 72 p.
1684 844 164 72 col.
1904 840 316 92 front.,
2276 840 248 76 illus.
2576 836 196 96 (inc
2776 840 28 72 l
2812 896 20 20 .
2892 836 312 96 maps)
3252 840 168 76 col.
3476 840 328 92 plates.
3916 836 112 80 20
4036 840 40 88 ½
4088 844 100 68 ͨͫ

536 952 476 88 "Reading
1068 948 212 76 list"
1340 956 100 68 at
1496 952 176 72 end
1732 948 100 76 of
1884 968 92 56 m
1984 968 48 56 o
2040 956 88 68 st
2184 948 100 76 of
2344 952 160 72 the
2556 952 464 88 chapters.

392 1040 92 88 ©
580 1060 224 88 July
884 1056 136 92 28,
1104 1056 272 92 1930;
1468 1056 128 80 2c.
1684 1060 184 72 and
1956 1076 52 56 a
2016 1060 96 76 ff.
2208 1060 220 88 July
2516 1056 156 92 30;
2764 1060 84 72 A
2928 1056 332 92 26474;
3352 1060 304 72 Amer.
3748 1060 232 72 book
4072 1076 124 56 co.

532 1156 124 92 [©
724 1168 400 88 changes]
1288 1164 152 92 (30
1440 1180 48 48 -
1496 1164 324 92 20122)
3796 1160 232 80 8314

380 1272 516 120 Magoon,
956 1268 464 104 Willard
1476 1268 116 104 M
2140 1276 628 96 1844-1929.

516 1412 224 104 Wil
748 1412 32 100 l
796 1412 196 100 ard
1056 1412 152 104 M.
1276 1412 508 132 Magoon,
1856 1412 440 132 psychic
2364 1412 216 104 and
2644 1412 396 132 healer,
3104 1412 144 136 by
3320 1408 412 108 Vodisa
3804 1408 392 108 Green-

384 1564 304 100 wood
740 1560 508 136 Magoon,
1308 1560 216 100 and
1580 1556 252 104 nine
1888 1560 432 104 articles
2372 1564 144 132 by
2568 1564 172 100 W.
2800 1560 152 100 M.
3012 1560 504 128 Magoon.
3648 1560 552 132 Newport,

388 1712 212 132 Vt.,
644 1708 460 100 Printed
1152 1708 144 136 by
1344 1708 172 104 W.
1564 1708 124 100 B.
1740 1708 500 136 Bullock,
2296 1716 288 92 1930.

516 1864 164 76 202
728 1884 84 72 p.
928 1864 284 76 front.
1264 1860 332 92 (port.)
1728 1864 48 72 2
1784 1860 52 76 0
1932 1924 20 16 ͨͫ.

400 1976 88 88 ©
556 1980 220 88 July
832 1976 76 96 9,
968 1976 268 92 1930;
1296 1980 52 72 2
1356 1992 72 68 c.
1484 1980 224 88 July
1764 1976 156 88 14;
1984 1996 48 56 a
2044 1976 100 80 ff.
2204 1976 224 92 July
2484 1976 156 92 24;
2708 1976 76 76 A
2840 1976 328 92 26418;
3236 1976 344 80 Vodisa
3640 1976 568 80 Greenwood

524 2084 420 96 Magoon,
1004 2088 380 88 Barton,
1444 2088 148 76 Vt.
1728 2084 28 96 (
1772 2084 112 80 30
1884 2084 376 92 -19949)
3800 2080 228 84 8315

384 2192 184 104 Ma
572 2188 76 100 li
660 2224 104 88 n,
816 2192 388 100 James
1256 2188 452 108 Claude.

524 2344 228 100 The
812 2344 416 100 United
1296 2340 360 104 States
1716 2340 292 104 after
2064 2344 184 96 the
2312 2340 344 100 world
2716 2376 260 96 war,
3032 2344 144 132 by
3236 2340 376 104 James
3676 2340 120 104 C.
3856 2336 356 104 Malin

560 2496 68 108 …
628 2492 516 128 [Boston]
1208 2488 300 108 Ginn
1560 2492 216 100 and
1832 2524 536 100 company
2432 2552 24 68 [ͨ
2508 2496 120 92 19
2640 2496 56 92 3
2708 2492 56 96 0
2772 2552 24 64 ]

520 2644 120 96 vi,
700 2644 160 76 584
916 2668 84 72 p.
1112 2644 104 76 21
1228 2644 80 92 1ͨͫ
1368 2668 20 48 .

528 2756 472 76 "Selected
1076 2748 700 96 bibliography"
1856 2764 100 64 at
2032 2752 176 76 end
2284 2752 100 72 of
2452 2768 252 60 some
2772 2752 100 72 of
2944 2752 160 72 the
3176 2752 464 88 chapters.

404 2836 96 88 ©
580 2864 228 92 July
880 2860 132 92 14,
1092 2860 268 88 1930;
1444 2860 128 76 2c.
1652 2860 220 92 July
1952 2860 156 88 18;
2196 2876 48 56 a
2248 2852 100 84 ff.
2432 2860 220 88 July
2732 2860 156 88 17;
2976 2860 72 72 A
3128 2856 332 92 26275;
3548 2860 80 76 J.
3712 2852 96 84 C.
3892 2852 96 76 M
3992 2860 92 72 al
4088 2860 28 72 i
4124 2876 88 76 n,

528 2972 520 88 Lawrence,
1124 2972 236 72 Kan.
1504 2968 88 96 (3
1604 2968 56 76 0
1656 2968 384 88 -20107)
3804 2960 232 84 8316

392 3072 944 104 Massachusetts.
1468 3076 440 128 Special
1968 3072 688 104 commission
2712 3112 140 60 on
2908 3076 180 100 the
3148 3072 656 104 celebration
3860 3108 56 68 o
3924 3076 52 112 f
4040 3072 176 100 the

524 3228 740 124 tercentenary
1368 3252 56 64 o
1432 3216 60 128 f
1592 3212 184 108 the
1868 3212 120 132 fo
1996 3252 72 60 u
2076 3212 148 104 nd
2228 3212 192 132 ing
2520 3248 56 64 o
2580 3216 60 128 f
2744 3212 176 108 the
3088 3216 124 112 Ma
3220 3248 96 60 ss
3324 3212 280 100 achu
3604 3248 104 64 se
3716 3224 144 92 tts
3964 3212 240 132 Bay

516 3364 408 132 colony.
1068 3364 120 96 M
1196 3400 64 64 a
1268 3400 52 60 r
1324 3364 168 100 ine
1544 3364 632 100 committee.

516 3512 840 104 Massachusetts
1420 3548 136 60 on
1624 3512 176 100 the
1868 3548 208 92 sea,
2148 3516 620 124 1630-1930,
2840 3512 576 128 published
3480 3512 140 132 by
3688 3512 180 96 the
3936 3544 268 64 com-

388 3664 648 100 monwealth
1104 3660 120 100 of
1284 3660 736 100 Massachuset
2028 3672 44 88 t
2080 3696 80 76 s,
2224 3656 116 100 in
2412 3696 52 64 c
2468 3696 60 64 o
2532 3660 824 100 mmemoration
3428 3664 120 96 of
3616 3660 184 100 the
3868 3696 52 64 e
3928 3684 68 68 n
4056 3692 152 68 er-

392 3808 280 132 prise
740 3808 120 100 of
924 3808 184 100 the
1172 3844 420 64 seamen
1664 3812 120 96 of
1848 3808 184 100 the
2100 3808 844 104 Massachusetts
3016 3812 236 132 Bay
3324 3808 416 132 colony,
3816 3808 204 100 and
4100 3808 104 100 in

392 3956 664 132 recognition
1112 3956 120 104 of
1288 3956 184 104 the
1520 3956 544 100 maritime
2128 3956 1008 128 accomplishments
3192 3956 120 100 of
3368 3956 284 104 their
3716 3956 492 100 descend-

392 4120 260 88 ants.
804 4104 568 132 Compiled
1456 4104 136 140 by
1672 4104 432 104 Marine
2188 4104 388 100 commi
2580 4120 32 84 t
2628 4116 188 92 tee.
2908 4108 596 128 appointed
3584 4108 140 128 by
3804 4112 404 96 Massa-

392 4256 468 104 chusetts
924 4256 240 136 Bay
1236 4256 380 132 colony
1684 4264 744 124 tercentenary
2500 4252 708 100 counission.
3364 4256 200 104 [Bo
3572 4292 40 60 s
3640 4256 164 100 ton
3932 4264 44 88 1
3992 4260 56 84 9
4060 4260 152 96 30.

524 4416 52 76 2
624 4436 84 72 p.
764 4416 32 72 l
800 4476 44 32 .,
896 4416 108 76 32
1056 4432 76 72 p.
1252 4416 328 92 plates.
1696 4412 104 76 26
1812 4416 48 92 ½
1864 4416 112 76 ͨͫ

536 4520 100 76 M
636 4544 164 72 aps
852 4544 120 60 on
1020 4524 700 92 lining-papers.

540 4632 136 80 On
744 4652 320 60 cover:
1140 4632 44 76 1
1196 4632 48 76 6
1248 4632 136 80 30.
1500 4632 744 76 Massachusetts
2312 4632 204 92 Bay
2588 4640 36 68 t
2628 4632 608 92 ercentenary
3308 4632 96 76 in
3476 4632 228 76 New
3772 4632 452 92 England–

404 4740 244 80 1930.

544 4848 216 80 "No.
836 4852 160 76 548
1068 4872 56 56 o
1124 4852 48 76 f
1244 4872 52 56 a
1372 4848 356 80 limited
1808 4848 352 80 edition
2232 4848 544 80 authorized
2856 4852 120 92 by
3052 4848 160 80 the
3284 4852 764 76 commonwealth
4128 4868 48 60 o
4184 4848 48 76 f

408 4956 812 80 Massachusetts."

540 5072 100 76 T.
704 5072 84 76 S.
848 5068 260 92 Ross,
1164 5068 512 76 chairman.

544 5176 68 80 C
624 5184 60 64 O
676 5196 64 56 N
748 5196 236 56 TENT
996 5196 40 60 S
1052 5236 16 16 .
1072 5180 256 72 –Th
1336 5196 48 56 e
1456 5180 460 88 sea-story
1984 5196 48 60 o
2044 5180 44 72 f
2160 5180 92 72 M
2260 5196 104 56 as
2372 5196 44 56 s
2420 5180 288 76 achus
2716 5180 136 76 ett
2860 5196 68 72 s,
3004 5180 120 88 by
3200 5180 72 76 G
3284 5240 16 16 .
3380 5176 92 80 C.
3548 5180 92 72 H
3648 5196 48 56 o
3700 5196 268 56 mans
4044 5180 180 72 and

416 5288 88 76 S.
556 5288 104 76 E.
716 5288 436 76 Morison.
1268 5288 672 88 Bibliography
2012 5288 28 88 (
2056 5308 60 68 p
2124 5348 12 16 .
2196 5288 48 72 1
2252 5288 52 76 6
2324 5288 356 88 —The
2736 5288 432 76 Humane
3224 5288 348 76 society
3628 5288 104 76 of
3788 5288 156 76 the
4000 5304 232 56 com-

412 5396 560 76 monwealth
1044 5396 100 76 of
1216 5396 1580 80 Massachusetts.—Exhibits.—U.
2876 5400 88 76 S.
3044 5400 84 76 S.
3208 5396 660 76 Constitution.

416 5492 92 88 ©
564 5504 224 92 July
832 5504 76 92 3,
956 5504 268 88 1930;
1276 5504 132 76 2c.
1456 5508 220 88 July
1720 5508 160 88 12;
1932 5528 52 52 a
1992 5504 100 76 ff.
2140 5508 228 92 July
2412 5504 156 92 19;
2624 5508 76 72 A
2748 5504 328 92 25575;
3136 5508 688 88 Tercentenary
3872 5504 344 80 marine

544 5612 544 92 committee,
1144 5616 376 76 Boston.
1664 5616 532 92 (30-19269)
3820 5608 232 80 8317

416 5712 480 128 Merrey,
956 5716 488 100 Edward
1504 5716 504 120 Francis,
2076 5724 324 96 1874-
2816 5720 164 100 ed.

544 5864 228 104 The
876 5868 268 96 New
1244 5868 384 132 Jersey
1728 5868 856 132 municipalities
2684 5880 208 120 act,
2988 5868 184 100 the
3272 5868 356 100 Home
3732 5868 228 96 rule
4064 5880 172 84 act

440 6012 496 132 (chapter
996 6020 220 128 152,
1264 6020 320 100 Laws
1636 6020 120 100 of
1812 6020 308 120 1917)
2192 6020 268 96 with
2508 6016 180 104 the
2744 6020 744 128 supplements
3536 6020 212 100 and
3808 6056 44 64 a
3872 6048 240 68 men
4124 6012 64 104 d
4200 6076 36 8 -

416 6172 348 96 ments
808 6168 452 124 thereto,
1312 6176 304 96 notes
1668 6168 120 100 of
1840 6168 504 128 reported
2404 6168 564 124 decisions,
3020 6168 208 100 and
3288 6200 48 64 a
3400 6180 260 120 very
3712 6168 524 128 complete

420 6312 560 104 collection
1056 6316 120 100 of
1252 6312 376 104 forms.
1772 6320 136 100 2d
1984 6320 160 96 ed.
2292 6320 172 128 By
2544 6316 480 104 Edward
3108 6320 120 96 F.
3312 6320 432 128 Merrey
3800 6316 64 108 …
4024 6316 212 96 and

424 6456 96 104 R
532 6460 24 100 i
572 6464 336 100 chard
988 6464 128 104 B.
1204 6464 92 100 E
1308 6504 52 60 c
1364 6464 332 100 kman
1760 6472 68 104 …
2044 6464 508 136 Newark,
2632 6464 132 100 N.
2848 6464 144 132 J.,
3080 6464 80 108 S
3164 6504 276 96 oney
3516 6468 88 96 &
3688 6464 80 104 S
3780 6500 188 96 age
4056 6500 48 64 c
4112 6504 60 60 o
4188 6548 52 44 .,

424 6616 280 96 1930.

544 6764 92 76 ix
648 6824 16 32 ,
724 6768 168 76 468
948 6788 84 72 p.
1140 6768 108 80 23
1256 6768 48 92 ½ͨͫ
1332 6772 92 76 .

428 6856 92 88 ©
580 6876 216 88 Apr.
848 6876 48 72 1
908 6876 48 76 6
964 6936 16 32 ,
1036 6872 108 80 19
1148 6872 112 80 30
1288 6896 16 72 ;
1360 6872 52 76 2
1416 6884 48 68 c
1472 6936 20 16 .
1544 6896 48 56 a
1608 6880 120 76 nd
1788 6896 44 60 a
1844 6876 40 76 f
1876 6876 64 80 f.
1996 6880 216 88 Apr.
2272 6880 48 72 1
2328 6872 100 96 8;
2488 6884 80 72 A
2616 6876 160 76 222
2788 6876 108 80 04
2928 6900 16 68 ;
3008 6872 60 80 S
3080 6900 48 56 o
3136 6896 172 76 ney
3368 6876 68 80 &
3492 6880 56 76 S
3564 6900 168 72 age
3780 6900 104 52 co
3896 6940 20 16 .

576 6980 528 96 (30-11267)
3828 6984 228 80 8318

420 7076 404 124 Moore,
888 7088 292 100 Cecil
1236 7084 440 124 Albert,
1736 7088 328 104 1879-
2468 7092 160 100 ed.

548 7232 468 124 English
1080 7272 348 92 prose,
1500 7244 624 104 1600-1660,
2188 7236 364 104 edited
2612 7236 148 128 by
2824 7236 288 108 Cecil
3188 7240 128 100 A.
3384 7240 376 100 Moore
3836 7236 64 108 …
4012 7240 208 100 and

420 7376 484 136 Douglas
976 7388 300 96 Bush
1340 7384 68 104 …
1620 7384 436 104 Garden
2136 7388 292 128 City,
2500 7388 128 100 N.
2704 7388 172 120 Y.,
2944 7388 684 132 Doubleday,
3696 7388 380 100 Doran
4144 7380 72 92 &

416 7560 560 100 company,
1032 7532 116 96 in
1152 7568 52 64 c
1212 7612 24 20 .
1308 7540 56 92 (
1384 7540 280 92 [ͨ1930]

2204 7676 252 108 1275
