4752 8320
2236 7644 252 104 1799

456 692 416 128 Ferris,
936 696 664 104 Constance.

588 840 464 108 Curtain
1120 844 296 128 calls,
1476 840 148 132 by
1692 844 600 104 Constance
2360 840 400 100 Ferris.
2912 836 224 104 San
3208 840 620 120 Francisco,
3896 836 372 124 Calif.,

452 992 304 100 Harr
804 992 484 128 Wagner
1344 988 220 132 pub
1568 988 36 100 l
1616 988 368 132 ishing
2032 1024 572 96 company,
2660 992 120 96 19
2788 992 128 96 30
2928 1072 16 20 .

588 1144 52 76 5
688 1168 84 72 p.
828 1144 80 96 1.,
964 1144 108 80 62
1124 1164 80 76 p.
1320 1144 284 76 front.
1660 1144 328 96 (port.)
2116 1144 112 76 20
2232 1148 28 44 0
2260 1148 52 40 m
2324 1208 16 16 .

584 1256 348 80 Poems.

468 1384 56 52 r
640 1388 196 80 Oct.
908 1392 132 88 14,
1116 1392 52 72 1
1172 1384 52 80 9
1228 1388 156 92 30;
1460 1388 128 88 2c.
1672 1388 196 80 Oct.
1940 1388 156 92 23;
2180 1388 96 76 af
2272 1388 40 72 f
2320 1452 16 16 .
2416 1388 192 76 Oct.
2680 1388 52 72 1
2736 1376 56 92 S
2824 1408 16 68 ;
2920 1388 84 72 A
3072 1388 220 76 3011
3300 1388 56 72 5
3384 1408 16 60 ;
3488 1388 72 72 G
3568 1448 16 16 .
3664 1388 228 72 Ferr
3904 1388 20 72 i
3940 1412 64 64 s,
4088 1388 120 80 Sa
4208 1408 56 60 n

592 1496 520 80 Francisco.
1248 1496 540 96 (30-29024)
3808 1492 288 84 11641

452 1676 452 128 Gibson,
960 1676 432 108 Walter
1452 1680 440 124 Brown,
1964 1680 320 100 1897-

580 1828 592 100 Houdini's
1252 1864 460 96 escapes,
1792 1828 540 132 prepared
2420 1824 292 104 from
2788 1828 596 100 Houdini's
3464 1828 428 132 private
3972 1836 292 92 note-

452 1976 324 104 books
824 1980 216 100 and
1088 1976 700 104 memoranda
1836 1976 268 100 with
2152 1976 184 100 the
2384 1972 580 104 assistance
3012 1980 124 100 of
3184 1976 496 104 Beatrice
3732 1976 540 128 Houdini,

456 2124 380 104 widow
892 2124 124 100 of
1064 2124 536 128 Houdini,
1656 2128 212 100 and
1928 2128 500 100 Bernard
2480 2124 156 100 M.
2688 2128 124 100 L.
2872 2128 372 124 Ernst,
3300 2124 560 132 president
3908 2120 124 108 of
4088 2128 180 96 the

456 2284 384 120 parent
924 2272 532 132 assembly
1540 2272 120 100 of
1740 2276 184 100 the
2012 2272 436 132 Society
2532 2272 124 100 of
2736 2272 588 100 American
3408 2272 632 132 magicians,
4124 2272 144 136 by

452 2424 420 104 Walter
920 2428 124 96 B.
1104 2420 444 108 Gibson.
1696 2424 264 100 New
2016 2420 340 132 York,
2416 2420 588 132 Harcourt,
3064 2424 344 100 Brace
3464 2424 212 100 and
3732 2456 532 96 company

456 2636 24 68 1
532 2576 256 100 1930

580 2728 184 92 xiv,
820 2728 168 80 317
1040 2752 80 68 p.
1240 2728 312 92 front.,
1612 2728 272 88 illus.,
1944 2732 284 88 ports.
2340 2728 144 76 210
2488 2732 48 40 m

584 2836 312 80 "First
944 2836 436 76 edition."

460 2940 92 96 ©
604 2948 196 76 Oct.
848 2948 128 92 16,
1020 2948 48 72 1
1080 2944 56 76 9
1136 2944 156 88 30;
1344 2948 48 72 2
1400 2968 44 52 c
1456 3008 16 16 .
1516 2948 184 72 and
1748 2944 156 84 afl.
1952 2944 196 80 Oct.
2196 2944 152 92 23;
2404 2944 72 76 A
2520 2944 172 80 300
2688 2952 56 68 0
2748 2940 52 80 9
2832 2964 16 68 ;
2904 2944 420 76 Bernard
3432 2968 56 64 t.
3548 2944 92 76 L.
3692 2948 308 80 Ernst,
4052 2944 76 76 N
4136 2964 48 60 e
4192 2968 84 52 w

596 3056 276 80 York.
1008 3052 532 96 (30-29110)
3812 3044 288 84 11642

448 3236 556 120 Gilliland,
1064 3236 364 100 Adam
1484 3236 628 120 Raymond,
2180 3236 324 104 1887-

580 3384 472 104 General
1152 3384 672 132 psychology
1928 3388 176 96 for
2200 3380 732 132 professional
3032 3388 528 124 students,
3652 3384 148 132 by
3900 3384 136 100 A.
4132 3388 104 100 R
4248 3468 20 20 .

448 3536 184 104 Gil
640 3536 124 96 lil
776 3536 248 128 and,
1088 3536 300 104 John
1452 3536 104 104 J.
1628 3536 128 96 B.
1820 3532 472 132 Morgan
2360 3532 220 100 and
2648 3532 76 108 S
2736 3616 20 16 .
2824 3532 132 104 N.
3032 3532 448 108 Stevens
3564 3556 64 104 …
3824 3536 444 124 Boston,

448 3684 264 104 New
772 3668 304 116 York
1148 3700 260 112 [etc.,
1480 3684 136 100 D.
1684 3684 116 104 C.
1860 3680 372 104 Heath
2296 3680 212 104 and
2576 3716 536 96 company
3180 3688 264 124 1(193
3456 3688 88 108 0]

580 3836 152 96 vii,
788 3836 172 80 439
1012 3860 80 72 p.
1208 3836 104 80 ill
1320 3856 164 72 us.,
1540 3836 344 92 diagrs.
2004 3836 284 96 20j-'.

584 3904 44 76 "
640 3944 416 80 Selected
1112 3900 576 124 references"
1740 3944 96 80 at
1892 3944 176 80 end
2120 3944 100 80 of
2268 3944 228 80 each
2548 3944 416 92 chapter.

460 4048 92 88 ©
608 4060 196 76 Oct.
856 4056 72 92 9,
980 4056 268 92 1930;
1304 4064 128 72 2c.
1488 4060 192 76 Oct.
1736 4056 104 76 20
1876 4076 16 60 :
1948 4056 96 76 af
2044 4056 36 76 f
2088 4120 16 16 .
2160 4056 196 80 Oct.
2408 4056 156 88 18;
2620 4052 80 80 A
2748 4052 228 84 2899
2976 4056 56 76 6
3060 4076 16 72 ;
3164 4060 76 88 D.
3300 4056 68 80 C
3380 4120 12 12 .
3448 4056 316 76 Heath
3820 4060 68 72 &
3936 4080 44 52 c
3992 4076 48 56 o
4052 4120 12 16 .

604 4164 536 96 (30-29123)
3812 4160 288 84 11643

444 4348 340 124 Hare,
844 4348 440 100 Hobart
1348 4344 464 124 Amory,
1884 4356 316 96 1862-

572 4492 104 100 A
752 4504 232 92 text
1056 4488 276 104 book
1408 4492 124 100 of
1604 4488 520 132 practical
2208 4488 764 132 therapeutics,
3044 4488 264 104 with
3396 4492 452 128 especial
3932 4488 332 108 refer-

440 4676 240 64 ence
764 4656 108 84 to
948 4640 184 100 the
1212 4640 668 132 application
1964 4640 120 100 of
2160 4636 516 104 remedial
2756 4672 536 68 measures
3368 4652 112 88 to
3564 4640 408 100 disease
4052 4644 212 96 and

436 4788 288 100 their
804 4788 728 132 employment
1620 4820 292 96 upon
2000 4824 56 64 a
2140 4784 472 104 rational
2700 4784 320 132 basis,
3104 4788 140 136 by
3332 4788 436 104 Hobart
3848 4792 420 128 Amory

444 4936 292 100 Hare
808 4944 60 104 …
1064 4944 60 92 2
1140 4944 160 96 1st
1348 4936 196 132 ed.,
1604 4972 128 64 en
1736 4932 36 100 l
1784 5016 60 44 .,
1896 4932 660 140 thoroughly
2620 4976 212 64 rev.
2896 4936 220 100 and
3176 4940 300 128 large
3480 4936 36 100 l
3524 4980 68 92 y
3652 4936 372 104 rewrit
4028 4952 28 88 t
4076 4976 188 92 en;

436 5084 616 100 illustrated
1132 5084 264 100 with
1492 5088 120 96 14
1620 5092 56 88 5
1760 5084 656 132 engravings
2500 5084 208 100 and
2796 5092 52 88 6
2936 5084 288 132 plate
3224 5104 48 72 s
3292 5172 20 16 .
3456 5084 812 136 Philadelphia,

440 5236 208 96 Lea
700 5236 88 100 &
836 5232 496 132 Febiger,
1384 5240 288 96 1930.

572 5412 88 68 x,
712 5392 388 80 17-1104
1152 5412 80 72 p.
1348 5392 68 72 il
1424 5396 196 84 lus.,
1676 5404 92 64 vi
1824 5412 56 72 p
1884 5396 32 72 l
1928 5456 12 12 .
1996 5392 260 92 (part
2308 5412 100 56 co
2416 5392 28 76 l
2456 5396 64 88 .)
2576 5392 340 92 diagrs.
3032 5388 212 80 240T.

460 5500 92 88 ©
616 5504 240 92 Sept.
916 5504 72 92 8,
1044 5500 268 92 1930;
1372 5496 124 88 2c.
1556 5504 72 72 O
1636 5504 112 72 ct.
1808 5504 156 88 18;
2024 5500 160 80 aff.
2244 5500 244 92 Sept.
2544 5504 156 88 11;
2760 5504 76 72 A
2892 5500 172 80 300
3064 5504 48 72 5
3116 5504 104 88 1;
3284 5504 180 76 Lea
3524 5508 68 72 &
3652 5504 72 76 F
3732 5532 44 48 e
3784 5508 52 72 b
3840 5508 28 72 i
3880 5512 220 84 ger.'

612 5612 372 96 (30-291
996 5612 52 76 6
1052 5612 96 96 2)
3812 5612 284 80 11644

448 5792 512 124 Hartley,
1020 5792 124 92 M
1148 5808 48 76 r
1196 5812 48 76 s
1268 5880 16 20 .
1352 5792 420 100 Helene
1856 5792 512 124 (Willey)
2452 5804 324 96 1893-

580 5940 308 104 Tests
960 5940 128 104 of
1160 5940 180 104 the
1420 5940 828 132 interpretative
2328 5940 460 132 reading
2868 5940 120 104 of
3068 5952 388 124 poetry
3536 5944 176 100 for
3788 5948 484 96 teachers

444 6092 120 100 of
648 6088 504 136 English,
1232 6092 144 132 by
1452 6092 416 100 Helene
1944 6092 416 132 Willey
2440 6092 480 132 Hartley
2968 6092 60 112 …
3272 6092 268 100 New
3624 6092 308 100 York
4016 6092 256 136 city,

444 6240 528 100 Teachers
1028 6240 436 128 college,
1524 6236 576 104 Columbia
2160 6236 640 132 university,
2864 6244 288 96 1930.

580 6412 80 76 v,
728 6392 112 76 47
908 6408 80 76 p.
1104 6388 108 80 23
1224 6392 44 96 x
1260 6392 96 52 em
1368 6452 16 16 .
1520 6392 508 92 (Teachers
2104 6392 360 88 college.
2552 6392 476 80 Columbia
3108 6392 544 96 university.
3792 6392 480 84 Contribu-

448 6500 240 96 tipns
752 6504 92 72 to
904 6500 524 92 education,
1488 6520 148 60 no.
1688 6496 216 96 433)

580 6608 500 76 Published
1136 6608 200 76 also
1388 6624 104 60 as
1544 6608 296 76 thesis
1916 6608 200 92 (PH.
2176 6608 124 92 n.)
2380 6604 480 80 Columbia
2920 6608 548 92 university.

580 6716 716 88 Bibliography:
1368 6732 76 72 p.
1520 6712 164 80 30-
1688 6712 52 80 3
1748 6716 76 80 1.

460 6820 96 88 ©
624 6828 220 84 July
896 6824 48 76 2
956 6824 44 76 5
1012 6888 16 28 ,
1084 6828 48 72 1
1196 6824 56 76 0
1252 6824 104 88 0;
1416 6832 128 72 2c.
1604 6824 228 88 Aug.
1892 6828 152 76 27;
2112 6824 156 80 aff.
2336 6824 240 92 Sept.
2640 6828 156 88 26;
2860 6828 80 72 A
2996 6824 328 88 27814;
3388 6828 76 72 T
3468 6848 48 52 e
3524 6828 172 76 ach
3700 6852 48 52 e
3756 6848 92 52 rs
3908 6832 356 80 college.

588 6932 480 84 Columbia
1124 6936 540 92 university.
1808 6932 536 108 (30-29133)
3812 6932 284 84 11645

448 7116 680 120 Herrmann,
1192 7116 420 104 Ernest
1672 7116 520 128 Edward,
2260 7124 324 96 1896-

576 7256 508 104 Exterior
1144 7260 564 108 ballistics,
1768 7268 308 120 1930;
2140 7300 52 60 a
2260 7260 508 104 textbook
2824 7260 120 104 of
3004 7264 296 100 those
3360 7268 500 96 elements
3920 7264 120 100 of
4092 7300 172 64 ex-

444 7408 328 100 terior
832 7404 524 104 ballistics
1412 7408 352 104 which
1832 7444 172 68 are
2064 7408 180 100 the
2304 7408 812 104 fundamentals
3180 7412 120 100 of
3364 7412 312 100 naval
3744 7448 524 96 gunnery.
