4752 8320
564 640 692 104 Conference
1312 676 140 68 on
1520 640 1704 124 unemployment-Continued

556 796 184 100 the
800 792 528 104 National
1384 788 412 104 bureau
1864 788 124 104 of
2052 788 544 104 economic
2664 788 528 132 research,
3256 792 208 100 inc.
3612 796 164 100 1st
3836 792 164 104 ed.
4144 792 264 104 New

564 944 340 128 York,
960 940 524 100 National
1544 940 408 100 bureau
2012 940 124 100 of
2192 940 544 100 economic
2796 944 528 128 research,
3376 940 244 132 inc.,
3684 944 284 100 1930.

692 1124 56 52 x
760 1124 56 52 x
824 1120 56 56 v
884 1100 32 72 i
924 1100 68 72 ii
1048 1120 108 72 p.,
1212 1100 56 72 2
1320 1100 28 72 l
1360 1160 44 28 .,
1468 1100 164 76 260
1684 1120 80 72 p.
1824 1100 96 76 in
1928 1104 76 76 cl
2020 1160 16 16 .
2092 1100 328 92 tables,
2476 1096 348 96 diagrs.
2940 1100 104 76 23
3056 1100 48 92 ½ͨͫ
3356 1096 580 96 (Half-title:
3992 1100 420 80 Publica-

560 1208 72 80 ti
640 1232 48 56 o
696 1228 108 56 ns
848 1228 48 56 o
904 1208 44 72 f
988 1208 156 76 the
1188 1208 80 76 N
1276 1228 48 56 a
1340 1208 252 76 tiona
1604 1208 32 72 l
1676 1208 356 76 bureau
2084 1228 52 60 o
2140 1208 44 76 f
2224 1228 48 56 e
2280 1228 44 56 c
2332 1228 116 56 on
2456 1232 48 52 o
2516 1208 124 76 mi
2648 1232 48 56 c
2744 1208 460 92 research,
3248 1208 32 80 i
3292 1228 112 60 nc
3404 1228 52 60 o
3464 1228 112 76 rp
3580 1228 48 56 o
3640 1208 296 80 rated.
4048 1232 64 56 n
4116 1232 56 56 o
4176 1268 20 24 .
4244 1208 152 96 17)

692 1316 312 80 "First
1052 1316 440 92 printing,
1544 1316 56 80 J
1612 1340 52 56 u
1676 1340 140 68 ne,
1868 1316 304 80 1930."

572 1448 92 88 ©
736 1452 220 92 July
1020 1452 128 84 14.
1216 1456 48 72 1
1276 1448 48 76 9
1332 1452 108 76 30
1472 1472 16 68 ;
1556 1448 48 80 2
1612 1472 72 60 c.
1752 1456 184 72 and
2000 1452 152 76 aff.
2228 1456 228 88 Aug.
2520 1452 164 80 30:
2752 1456 76 72 A
2892 1452 52 76 2
2948 1460 56 72 6
3004 1448 216 96 976;
3300 1452 548 80 Committee
3908 1472 116 60 on
4096 1460 308 72 recent

704 1564 460 72 economic
1248 1564 400 88 changes
1732 1564 100 72 of
1912 1564 160 76 the
2152 1560 568 80 Pusident's
2800 1564 548 76 conference
3432 1584 116 56 on
3632 1564 776 92 unemployment,

700 1672 644 84 Washington.
1480 1668 540 100 (30-30294)
3940 1668 292 88 12227

568 1852 792 124 Debû-Bridel,
1420 1856 524 120 Jacques.

740 2004 68 108 …
876 2000 156 100 La
1088 2032 384 96 guerre
1528 1996 184 132 qui
1768 2016 332 112 paye;
2168 2000 376 132 Alger,
2604 2008 288 96 1830.
3020 2000 156 100 Pr
3180 2000 52 104 é
3244 2000 232 104 face
3536 2000 128 104 de
3724 2000 308 104 Jules
4096 2000 308 108 Cam-

556 2148 132 100 bo
696 2180 64 68 n
832 2152 68 108 …
1080 2144 352 136 Paris,
1492 2144 500 104 Éditions
2056 2152 676 132 Prométhée,
2796 2156 288 96 1930.

688 2300 52 80 3
804 2320 80 76 p.
956 2308 84 88 l.,
1112 2300 80 96 [9
1200 2300 256 96 ]-152
1516 2324 80 72 p.
1716 2304 312 92 front.,
2100 2308 328 88 plates.
2544 2308 224 76 18ͨͫ.
2904 2308 28 88 (
2956 2308 136 76 On
3160 2332 100 56 co
3280 2332 40 52 v
3332 2332 140 56 er:
3540 2308 392 96 Figures
4000 2316 88 76 et
4156 2332 260 72 ques-

556 2408 248 80 tions
860 2412 124 76 du
1032 2408 264 96 jour)

692 2520 120 76 At
860 2520 244 80 head
1160 2524 100 72 of
1312 2520 256 80 title:
1632 2524 404 88 Jacques
2088 2520 624 80 Debu-Bridel
2768 2544 52 56 e
2828 2532 32 68 t
2916 2528 260 72 Marc
3228 2528 76 72 B
3312 2524 324 84 enoist.

564 2672 96 96 ©
720 2680 56 76 J
784 2700 60 56 u
852 2700 108 56 ne
1012 2680 76 92 6,
1144 2676 272 92 1930;
1476 2700 124 64 1c.
1652 2680 228 88 July
1932 2676 156 84 25:
2148 2676 600 92 A-Foreign
2800 2680 272 88 8305;
3132 2680 316 84 Éitio
3456 2700 108 56 ns
3624 2680 280 76 Prom
3908 2680 48 76 é
3964 2680 100 76 th
4072 2680 48 76 é
4124 2704 72 56 e.

716 2788 544 92 (30-30350)
3940 2780 288 84 12228

556 2972 168 96 De
776 2968 160 104 La
992 2972 356 116 Mare,
1404 2968 428 104 Walter
1888 2968 336 120 John,
2288 2972 312 100 1873-

748 3120 68 108 …
884 3120 388 100 Poems
1344 3116 176 100 for
1588 3116 532 104 children.
2264 3116 268 100 New
2604 3112 348 136 York,
3016 3116 148 100 H.
3236 3116 284 104 Holt
3588 3116 216 104 and
3872 3152 540 96 company

600 3280 36 40 [ͨ
648 3272 256 96 1930
916 3328 20 68 ]

680 3424 52 72 5
792 3440 80 76 p.
936 3424 84 92 l.,
1076 3420 392 88 ix-xxii,
1524 3420 164 80 229
1748 3440 84 72 p.
1948 3420 224 80 2100.

680 3532 124 76 At
856 3532 244 76 head
1152 3532 100 76 of
1304 3532 204 76 title
1548 3548 16 56 :
1624 3532 368 76 Walter
2040 3532 136 76 De
2236 3528 132 80 La
2428 3532 88 72 M
2528 3548 112 60 ar
2640 3552 48 56 e
2700 3592 12 16 .

696 3640 348 76 "Three
1116 3640 424 76 hundred
1608 3640 308 92 copies
1980 3636 100 80 of
2148 3640 384 76 "Poems
2600 3640 156 76 for
2820 3636 476 80 children"
3368 3640 236 76 have
3672 3636 232 80 been
3968 3640 448 92 specially

556 3748 368 92 printed
984 3752 188 72 and
1228 3748 52 72 b
1288 3748 276 84 ound,
1624 3748 180 76 and
1872 3748 232 76 have
2164 3748 228 76 been
2452 3748 320 88 signed
2832 3748 120 88 by
3012 3748 156 80 the
3232 3748 368 76 author.
3720 3748 124 76 Of
3904 3752 260 76 these
4228 3752 184 76 two

556 3856 424 76 hundred
1032 3860 188 72 and
1272 3856 316 92 eighty
1644 3876 156 60 are
1860 3856 148 76 for
2064 3856 220 76 sale.
2396 3856 228 76 This
2684 3872 224 76 copy
2968 3856 84 76 is
3100 3856 504 80 numbered
3668 3856 740 84 Presentation."

572 3988 92 88 ©
728 3992 196 80 Oct.
980 3992 128 84 17.
1168 3992 156 76 193
1336 4004 56 68 0
1420 4016 16 68 ;
1496 3992 48 72 2
1548 4012 48 60 c
1604 4052 20 20 .
1676 4012 52 60 a
1736 4012 56 56 n
1796 4004 56 68 d
1916 4012 48 56 a
1976 3992 100 80 ff.
2132 3992 196 80 Oct.
2384 4012 60 64 2
2452 3992 36 72 5
2524 4012 16 60 :
2600 3992 76 72 A
2736 4012 28 64 3
2788 3992 56 76 0
2844 3992 108 76 17
2956 3992 52 80 3
3044 4012 16 68 ;
3124 3992 320 92 Henry
3504 3992 88 76 H
3600 4016 52 56 o
3660 3996 80 76 lt
3784 3992 72 80 &
3908 4016 164 68 co.,
4128 3992 96 76 in
4232 4016 48 56 c
4288 4056 16 16 .

716 4100 212 96 (30-
932 4104 48 76 3
992 4104 100 76 01
1092 4132 56 72 0
1160 4104 96 88 0)
3944 4100 288 80 12229

568 4284 628 128 Dwiggins,
1256 4284 488 104 William
1804 4284 544 124 Addison,
2416 4296 316 96 1880-

692 4436 336 100 Form
1092 4436 428 100 letters:
1584 4436 616 100 illustrator
2264 4448 112 88 to
2440 4436 396 100 author
2916 4500 24 64 [
2948 4436 144 132 by
3096 4496 28 68 ]
3196 4436 176 100 W.
3436 4436 132 100 A.
3640 4436 584 132 Dwiggins
4296 4436 60 108 …

560 4584 264 104 New
880 4584 344 132 York,
1272 4584 172 104 W.
1504 4584 124 104 E.
1688 4584 424 132 Rudge,
2172 4592 292 96 1930.

692 4744 156 80 xvi
908 4744 308 80 numb.
1276 4748 60 76 1.
1448 4740 280 84 24".

696 4856 276 76 "Two
1028 4856 428 76 hundred
1512 4856 184 72 and
1752 4852 60 76 fi
1824 4852 148 92 fty
2028 4852 304 92 copies
2392 4852 372 92 printed
2828 4856 60 84 …
2980 4856 508 76 numbered
3540 4856 192 76 and
3784 4856 412 92 signed."

700 4964 244 76 "The
992 4964 428 76 illustrat
1428 4988 44 52 o
1480 4984 48 52 r
1592 4968 56 80 …
1736 4964 572 76 undertakes
2376 4968 56 80 …
2508 4968 92 72 to
2652 4960 440 80 convince
3156 4968 56 80 …
3296 4964 152 76 the
3504 4964 344 76 author
3900 4964 204 76 that
4156 4964 260 80 illus-

560 5076 404 80 trations
1020 5096 216 68 may
1292 5072 116 76 be
1456 5092 120 56 an
1636 5072 748 88 advantage-at
2444 5072 236 76 least
2740 5076 164 72 not
2956 5072 604 76 detrimental
3648 5080 60 84 …
3784 5096 24 60 [
3812 5076 184 72 and]
4060 5080 60 84 …
4256 5096 160 56 un-

556 5188 264 76 loads
892 5204 116 56 on
1072 5184 156 76 the
1296 5184 344 76 author
1704 5204 116 52 an
1884 5184 572 72 assortment
2520 5180 104 76 of
2684 5180 424 92 opinions
3176 5180 284 76 about
3532 5184 152 76 the
3752 5204 336 72 proper
4152 5184 260 80 func-

560 5296 192 80 tion
812 5292 104 80 of
968 5292 584 80 illustration
1604 5292 184 72 and
1848 5292 156 72 the
2064 5288 280 76 relati
2348 5312 48 48 o
2408 5312 56 52 n
2520 5288 412 76 between
2992 5288 412 92 pictures
3460 5292 180 76 and
3700 5300 92 68 te
3796 5296 108 72 xt
3912 5292 72 80 ."

644 5408 24 88 ©
728 5408 244 88 Sept.
1024 5404 132 88 10,
1208 5396 272 80 1920:
1532 5400 132 80 2c.
1716 5400 180 76 and
1952 5416 48 60 a
2016 5396 96 84 ff.
2172 5400 244 92 Sept.
2468 5396 156 92 12;
2684 5396 76 76 A
2812 5396 108 76 28
2928 5396 52 76 2
2980 5396 56 72 2
3040 5396 52 76 5
3096 5420 44 68 ;
3200 5396 416 80 William
3672 5400 332 80 Edwin
4060 5400 348 92 Rudge.

716 5516 156 92 (30
864 5536 48 40 -
956 5516 24 76 3
988 5512 104 80 02
1092 5512 56 76 09
1228 5512 24 88 )
3944 5508 292 84 12230

560 5696 572 120 Eldridge,
1188 5696 488 100 Edward
1732 5696 432 120 Henry,
2224 5696 312 100 1870-

692 5844 520 104 Business
1260 5844 400 132 speller
1712 5844 216 100 and
1980 5840 704 132 vocabulary,
2736 5840 140 136 by
2936 5840 484 104 Edward
3476 5844 152 100 H.
3684 5844 544 132 Eldridge
4312 5848 68 112 …

560 5996 260 100 New
896 5992 348 104 York.
1316 5988 636 108 Cincinnati
2032 6000 268 120 [etc.]
2384 5988 592 104 American
3048 5988 284 104 book
3404 6028 536 100 company
4024 6024 28 76 t
4060 5996 236 100 [ͨ193
4304 6000 60 96 0
4372 6056 24 68 ]

688 6152 184 76 xiv.
944 6148 164 80 205
1172 6148 80 92 p.
1372 6144 108 80 17
1492 6152 44 88 ½ͨͫ
1564 6152 88 72 .

572 6256 96 96 ©
728 6260 232 92 Aug.
1020 6264 60 84 1.
1160 6260 104 76 19
1268 6260 48 76 3
1324 6260 100 84 0;
1488 6256 124 80 2c.
1676 6260 184 72 and
1920 6268 156 72 aff.
2140 6256 196 80 Oct.
2396 6252 48 80 2
2452 6252 100 80 9:
2616 6256 80 76 A
2752 6252 328 88 29680:
3152 6256 100 80 E.
3312 6268 112 72 H.
3496 6260 72 72 E
3576 6260 28 72 l
3612 6256 352 92 dridge,
4028 6260 376 80 Boston.

704 6412 20 56 [
748 6376 84 96 ©
892 6372 368 92 general
1324 6392 44 48 r
1372 6388 108 56 ev
1488 6368 116 80 isi
1612 6392 48 48 o
1672 6388 52 52 n
1896 6364 380 92 (30-302
2284 6368 108 72 04
2412 6372 28 88 )
3940 6368 284 80 12231

560 6556 468 116 Farson,
1088 6552 472 120 Negley.

692 6696 352 104 Black
1128 6700 336 100 bread
1556 6696 216 104 and
1860 6696 192 104 red
2140 6696 392 128 coffins,
2616 6696 148 132 by
2848 6696 420 132 Negley
3360 6696 420 104 Farson
3840 6696 64 120 …
4148 6696 260 104 New

560 6848 340 124 York,
956 6848 496 120 London,
1512 6848 228 100 The
1800 6844 492 136 Century
2348 6876 544 100 company
2956 6848 268 124 [ͨ193
3236 6848 144 112 0]

692 7008 192 92 viii,
948 7008 168 80 316
1184 7028 76 72 p.
1380 7016 44 60 c
1432 7008 112 76 ol.
1608 7008 316 88 front.,
1984 7008 172 72 col.
2220 7008 332 88 plates.
2664 7004 108 76 21
2784 7004 44 68 ½ͨͫ
2932 7064 16 16 .
3172 7004 108 96 $4
3292 7068 12 12 .
3312 7004 108 76 00

692 7120 316 76 "First
1060 7112 500 100 printing."

692 7228 384 76 London
1144 7224 352 80 edition
1588 7224 292 92 (Eyre
1952 7220 68 76 &
2100 7220 676 92 Spottiswoode
2848 7220 264 92 ltd.),
3188 7220 232 76 with
3492 7224 288 84 slight
3848 7224 556 84 differences

560 7340 92 76 in
704 7344 224 76 text,
984 7340 168 72 has
1204 7332 260 80 title:
1528 7332 332 92 Seeing
1908 7332 160 72 red
2104 7348 20 56 :
2176 7332 284 88 today
2508 7328 96 76 in
2660 7328 368 76 Russia.

568 7420 92 88 ©
724 7448 196 76 Oct.
972 7448 132 76 17.
1156 7448 44 72 1
1212 7440 168 80 930
1408 7464 20 56 ;
1480 7440 48 80 2
1528 7440 84 84 c.
1664 7440 196 80 Oct.
1916 7440 156 84 22;
2132 7436 152 80 aff.
2344 7436 200 80 Oct.
2592 7436 160 88 23;
2812 7436 76 76 A
2940 7440 48 72 3
2996 7436 56 76 0
3048 7436 60 76 0
3108 7436 56 76 9
3168 7440 100 92 7;
3332 7440 412 96 Century
3796 7464 124 56 co.

724 7556 536 88 (30-30111)
3940 7548 164 84 122
4108 7552 56 80 3
4176 7556 52 76 2

2352 7656 252 88 1893
