4752 8320
424 664 460 120 Adams,
940 664 424 120 Joseph
1420 664 428 124 Henry,
1908 668 316 100 1867-

544 832 524 132 Harpers'
1116 832 596 132 electricity
1760 832 280 100 book
2088 836 180 100 for
2320 836 296 132 boys,
2664 836 436 100 written
3156 836 212 100 and
3428 832 364 104 illustr
3796 840 84 96 at
3916 836 124 96 ed
4092 836 136 132 by

412 980 408 132 Joseph
884 980 144 104 H.
1100 980 416 104 Adams
1596 988 64 112 …
1768 980 264 100 with
2108 1020 136 64 an
2308 980 700 132 explanation
3068 980 120 104 of
3248 980 184 108 the
3492 1016 236 68 uses
3796 980 120 100 of
3976 980 252 104 elec-

412 1124 368 140 tricity
868 1132 356 132 today,
1296 1128 180 108 the
1556 1128 396 104 advent
2028 1132 120 96 of
2220 1132 184 100 the
2480 1132 500 128 dynamo,
3052 1132 428 100 electric
3552 1128 320 132 light,
3952 1132 280 132 heat,

408 1276 460 100 traction
904 1316 20 84 ;
968 1276 344 132 radio,
1360 1276 592 132 television,
1992 1280 428 128 talking
2460 1276 444 132 moving
2940 1276 504 132 pictures,
3492 1292 224 92 etc.,
3764 1276 136 132 by
3952 1280 276 128 Ray-

412 1428 316 100 mond
788 1424 120 104 F.
968 1424 340 104 Yates
1360 1424 208 104 and
1628 1424 268 104 with
1956 1468 56 60 a
2076 1424 640 132 completely
2772 1424 416 104 revised
3248 1424 488 132 glossary
3796 1424 120 100 of
3976 1424 252 104 elec-

408 1572 316 108 trical
764 1584 356 92 terms.
1232 1572 260 104 New
1544 1572 308 100 York
1896 1572 212 100 and
2152 1576 492 124 London,
2688 1576 440 128 Harper
3172 1580 80 92 &
3300 1576 496 100 brothers
3856 1600 32 88 r
3888 1580 228 92 [ͨ193
4128 1580 60 92 0]

544 1724 48 80 1
640 1748 80 72 p.
768 1732 84 84 l.,
900 1724 352 92 vii-xii,
1312 1764 20 56 [
1336 1728 108 100 1],
1488 1724 192 96 404,
1736 1760 24 60 [
1764 1724 48 76 1
1812 1756 24 68 ]
1892 1748 80 72 p.
2088 1728 96 76 fr
2188 1744 52 60 o
2244 1732 128 72 nt.
2428 1724 100 92 (p
2536 1748 48 56 o
2596 1724 164 92 rt.)
2820 1728 32 76 i
2860 1732 204 72 llus.
3184 1728 152 92 20.
3384 1732 48 40 ½ͨͫ
3444 1792 16 16 .

420 1888 92 96 ©
588 1900 212 76 Dec.
868 1896 128 92 18,
1068 1896 268 88 1930;
1408 1896 52 76 2
1468 1916 48 56 c
1520 1956 16 16 .
1608 1896 212 76 Dec.
1888 1896 156 88 17;
2124 1892 152 80 aff.
2348 1892 216 80 Dec.
2636 1892 160 92 20;
2860 1896 84 76 A
3012 1896 160 76 317
3180 1896 52 76 3
3236 1892 104 96 9;
3412 1896 372 92 Harper
3856 1900 72 76 &
3992 1900 240 72 bros.

556 2044 24 60 [
588 1996 96 100 ©
748 2024 208 60 new
1012 2008 348 72 matter]
1524 2004 212 92 (31-
1736 2004 108 76 55
1848 2004 100 96 3)
3772 2004 104 80 14
3888 2000 48 80 0
3948 2004 48 76 2
4012 2004 48 80 7

412 2216 700 120 Adermann;
1156 2216 676 104 Woldemar.

536 2384 212 104 Die
864 2388 528 104 russische
1504 2388 1132 104 baumwollindustrie
2748 2392 280 96 nach
3144 2392 244 100 dem
3500 2392 404 132 kriege,
4020 2428 208 64 von

404 2536 628 104 Woldemar
1104 2536 668 100 Adermann.
1912 2536 384 100 Berlin
2372 2540 216 100 und
2668 2536 732 136 Königsberg,
3476 2540 748 132 Ost-Europa-

408 2688 404 128 verlag,
868 2692 288 96 1929.

540 2844 120 92 xi,
724 2848 164 76 117
948 2848 48 76 p
1004 2868 20 48 .
1140 2832 220 92 23ͨͫ.
1496 2844 124 92 (A
1632 2848 56 72 d
1696 2848 56 72 d
1756 2864 48 56 e
1812 2848 56 72 d
1932 2848 36 72 t
1976 2860 188 76 .-p.:
2224 2844 72 76 O
2304 2864 40 56 s
2352 2844 648 92 teuropäische
3064 2848 152 76 for
3224 2864 40 56 s
3272 2848 416 92 chungen
3748 2844 56 84 …
3976 2852 132 72 Ne
4120 2872 52 52 n
4184 2872 48 56 e

408 2956 272 92 folge,
732 2956 144 76 bd.
928 2952 100 92 5)

540 3064 644 76 "Literatur":
1236 3080 84 72 p.
1372 3064 96 72 ix
1472 3104 56 12 -
1532 3064 96 72 xi
1640 3124 12 16 .

412 3228 100 96 ©
580 3232 244 92 Sept.
892 3232 136 88 18,
1088 3224 272 96 1929;
1428 3228 48 76 1
1476 3244 80 68 c.
1664 3244 112 96 Ma
1788 3248 72 56 r.
1928 3232 76 84 7,
2068 3224 268 92 1930;
2408 3224 596 96 A-Foreign
3068 3228 276 92 6844;
3416 3232 284 76 Ost-E
3712 3252 52 56 u
3776 3248 252 76 rop-
4040 3256 52 52 v
4100 3248 84 64 er
4208 3280 24 8 -

540 3344 176 92 lag.
860 3340 424 96 (31-754)
3768 3340 284 84 14028

408 3544 460 128 Akeley,
948 3548 292 120 Carl,
1320 3556 624 96 1864-1926.

532 3724 696 104 Adventures
1312 3724 108 100 in
1504 3724 184 100 the
1768 3720 476 104 African
2324 3720 412 132 jungle,
2816 3720 144 132 by
3048 3720 264 108 Carl
3392 3720 208 100 and
3688 3720 332 132 Mary
4092 3720 132 104 L.

396 3872 76 108 J
480 3908 60 68 o
544 3872 128 104 be
724 3872 424 136 Akeley
1212 3880 68 112 …
1472 3876 268 100 New
1796 3872 344 128 York,
2200 3872 364 124 Dodd,
2624 3872 324 100 Mead
3012 3872 92 92 &
3168 3904 568 100 company,
3804 3876 116 92 19
3932 3872 128 96 30
4072 3948 16 20 .

532 4024 160 76 xvi
748 4044 108 76 p.,
908 4024 48 76 1
1004 4028 88 88 l.,
1140 4024 168 76 275
1360 4044 80 76 p.
1552 4024 316 92 front.,
1928 4024 272 88 illus.,
2256 4024 328 92 plates,
2640 4028 280 88 ports.
3040 4024 100 76 21
3152 4028 40 36 ͨͫ
3184 4028 72 64 .

532 4160 272 88 Mary
860 4160 100 76 L.
1020 4160 228 76 Jobe
1316 4160 348 88 Akeley
1724 4160 172 76 has
1964 4160 216 76 here
2248 4156 516 80 assembled
2824 4156 532 80 narratives
3420 4160 304 76 which
3792 4160 164 72 her
4020 4160 212 76 hus-

396 4268 248 76 band
704 4268 472 92 delighted
1240 4268 92 76 to
1400 4272 296 72 relate
1752 4268 188 76 and
1996 4268 320 76 others
2376 4268 448 88 compiled
2896 4268 240 72 from
3200 4260 68 76 h
3308 4288 40 52 s
3412 4268 212 76 field
3688 4268 216 76 note
3912 4284 40 56 s
3964 4328 16 28 ,
4048 4268 184 76 and

400 4380 300 76 added
760 4376 432 92 chapters
1260 4376 548 92 recounting
1860 4376 244 88 joint
2164 4376 568 76 adventures
2800 4376 180 76 and
3052 4396 48 56 a
3172 4376 172 72 few
3420 4376 96 72 of
3580 4376 168 76 her
3812 4392 204 60 own
4084 4392 148 56 ex-

400 4484 496 96 periences.
1012 4504 48 56 c
1064 4484 64 96 f.
1192 4484 252 76 Pref.

412 4648 96 92 ©
576 4656 216 80 Dec.
860 4656 76 92 5,
1004 4652 164 80 193
1176 4652 52 76 0
1260 4676 16 68 ;
1348 4652 132 76 2c.
1548 4656 184 72 and
1800 4648 156 80 aff.
2032 4652 212 72 Dec.
2312 4644 108 96 9;
2492 4648 76 76 A
2636 4648 52 76 3
2696 4648 268 88 1481;
3044 4656 104 72 M
3144 4668 176 72 ary
3384 4648 96 76 L.
3556 4648 228 76 Jobe
3852 4644 380 96 Akeley,

532 4768 224 76 New
808 4764 272 76 York.
1216 4764 212 92 (31-
1392 4760 88 72 4
1488 4760 152 92 55)
3768 4752 284 84 14029

396 4976 404 120 Amiel,
856 4976 420 124 Denys.

616 5164 68 104 …
752 5156 500 100 Théâtre.
1408 5216 24 64 [
1440 5160 76 92 t.
1604 5156 96 120 3]
1792 5148 544 132 L'image;
2428 5144 568 104 L'homme
3076 5144 108 104 d'
3184 5180 76 64 u
3260 5180 80 68 n
3420 5148 220 104 soir
3752 5148 188 132 (en
4024 5148 208 104 col-

396 5308 612 104 laboration
1072 5340 252 68 avec
1392 5304 452 104 Charles
1912 5300 576 120 Lafaurie)
2652 5300 356 132 Paris,
3068 5300 140 100 A.
3272 5300 412 104 Michel
3760 5308 224 124 1193
3992 5308 60 92 0

532 5464 168 76 264
752 5484 112 72 p.,
920 5460 52 76 2
1028 5464 60 76 l.
1204 5456 224 80 19ͨͫ.

412 5612 92 92 ©
568 5628 228 76 Nov.
864 5624 132 92 12,
1064 5624 268 76 1930:
1408 5612 124 88 1c.
1604 5620 212 76 Dec.
1884 5616 156 84 19;
2116 5616 596 92 A-Foreign
2776 5612 272 96 9951;
3124 5616 280 80 Albin
3468 5616 364 84 Michel.

3764 5724 292 88 14030

400 5864 420 124 Banks,
884 5860 464 108 Charles
1412 5860 524 116 Edward,
2000 5868 332 92 1854-

528 6044 232 96 The
840 6040 492 132 planters
1412 6032 124 104 of
1612 6032 188 104 the
1880 6032 956 128 commonwealth;
2924 6068 56 64 a
3068 6032 332 132 study
3484 6036 128 100 of
3692 6036 188 104 the
3964 6036 256 104 emi-

392 6200 380 124 grants
844 6188 212 100 and
1128 6184 648 132 emigration
1848 6180 116 104 in
2028 6180 472 104 colonial
2564 6180 376 104 times:
3008 6192 112 92 to
3184 6180 360 104 which
3612 6220 184 68 are
3868 6188 356 104 added

396 6336 236 104 lists
688 6336 124 104 of
864 6368 636 96 passengers
1556 6344 108 88 to
1720 6332 416 100 Boston
2192 6328 220 104 and
2464 6336 112 96 to
2628 6332 192 100 the
2872 6332 244 132 Bay
3172 6332 440 132 colony;
3676 6336 184 100 the
3916 6336 304 132 ships

396 6484 352 100 which
836 6480 472 132 brought
1400 6480 348 128 them;
1844 6476 284 100 their
2224 6476 472 132 English
2784 6480 404 128 homes,
3280 6480 216 104 and
3588 6480 184 104 the
3860 6488 360 128 places

392 6632 124 100 of
568 6632 288 100 their
916 6632 612 100 settlement
1588 6624 112 104 in
1756 6624 884 104 Massachusetts.
2772 6632 624 100 1620-1640.
3528 6632 180 132 By
3768 6632 456 108 Charles

396 6780 480 104 Edward
944 6776 376 100 Banks
1408 6780 68 112 …
1640 6776 456 124 Boston,
2152 6772 616 136 Houghton
2832 6776 168 100 Mi
3004 6776 40 100 f
3056 6776 40 92 f
3076 6776 28 100 l
3112 6776 116 100 in
3292 6812 568 100 company,
3932 6788 288 100 1930.

528 6956 56 52 x
592 6936 32 72 i
628 6936 72 76 ii
708 6996 16 32 ,
800 6944 24 72 [
824 6936 72 76 1]
960 6956 116 72 p.,
1136 6932 48 76 3
1240 6932 84 88 l.,
1396 6968 24 60 [
1420 6928 52 80 3
1456 6920 276 84 ]-231
1784 6948 88 72 p.
1984 6928 96 76 fr
2084 6948 52 56 o
2140 6932 132 76 nt.
2328 6924 332 100 (port.)
2736 6948 288 76 maps,
3088 6932 204 76 facs
3300 6928 32 80 i
3336 6952 168 64 ms.
3616 6932 224 84 25ͨͫ.

528 7068 552 80 "Erratum"
1136 7068 436 72 mounted
1624 7080 120 60 on
1788 7064 256 88 plate
2096 7060 484 96 following
2624 7080 232 76 page
2912 7064 48 76 1
2968 7064 52 76 0
3024 7064 76 80 0.

528 7176 284 80 "This
872 7172 360 80 edition
1296 7168 400 80 consists
1760 7172 100 76 of
1928 7188 272 60 seven
2268 7172 428 76 hundred
2764 7176 184 72 and
3012 7172 632 96 eighty-seven
3716 7180 500 84 numbered

396 7284 296 92 copies
764 7288 56 88 …
948 7280 232 80 This
1228 7280 84 76 is
1360 7276 388 80 number
1796 7272 248 84 782."

408 7440 96 96 ©
564 7452 212 76 Dec.
832 7448 140 92 23,
1024 7440 272 96 1930;
1356 7440 128 80 2c.
1540 7440 188 80 and
1780 7436 160 80 aff.
1996 7440 216 80 Dec.
2268 7436 160 92 26;
2488 7440 80 76 A
2620 7436 332 96 32409;
3016 7440 72 84 C
3092 7504 20 20 .
3172 7444 100 80 E.
3332 7448 344 96 Banks,
3740 7452 132 80 Ro
3856 7460 48 68 sto
4028 7476 88 56 n.

552 7560 28 92 (
596 7560 100 76 31
704 7604 60 8 -
764 7556 48 76 2
820 7560 48 72 1
876 7556 48 76 1
944 7556 28 92 )
3764 7560 104 80 14
3880 7560 168 84 031

2172 7652 264 100 2186
