4800 8268
228 736 88 100 E
324 732 32 100 l
368 764 296 96 sner,
720 740 268 104 Mrs.
1044 732 520 124 Eleanor,
1624 736 316 100 1879-

356 884 236 100 The
656 880 416 132 airway
1136 892 112 88 to
1316 916 168 64 see
1548 880 500 128 Europe;
2120 916 60 64 a
2244 916 428 64 woman
2736 880 352 100 round
3160 880 180 100 the
3404 876 468 132 airways
3940 880 120 100 of

224 1032 476 132 Europe,
748 1032 144 128 by
940 1028 480 104 Eleanor
1468 1028 96 96 E
1572 1028 36 96 l
1616 1064 244 64 sner
1916 1112 64 12 ..
2008 1108 16 20 .
2080 1028 272 100 with
2404 1064 60 64 a
2520 1028 548 100 foreword
3116 1028 144 128 by
3308 1028 300 100 Lord
3656 1024 400 100 Thom-

220 1216 192 64 son
480 1260 104 20 …
720 1180 496 132 London,
1268 1176 140 100 A.
1468 1180 124 96 E.
1652 1176 528 100 Marriott
2236 1172 424 104 limited
2732 1180 300 124 [1930]

356 1360 60 52 x
424 1396 16 32 ,
500 1336 168 76 150
716 1360 76 72 p.
912 1336 316 88 front.,
1280 1336 332 88 plates,
1672 1332 292 92 diagr.
2080 1332 220 80 19ͨͫ.

232 1468 96 96 ©
388 1472 124 88 1c.
564 1472 220 92 Apr.
832 1472 136 92 14,
1020 1468 112 76 19
1132 1468 112 80 30
1276 1492 16 68 ;
1348 1468 76 76 A
1480 1472 116 72 ad
1648 1468 168 76 int.
1868 1468 216 76 1373
2096 1480 56 72 5
2176 1488 16 68 ;
2252 1468 276 92 pubd.
2584 1468 216 76 Feb.
2852 1468 160 88 13;
3072 1480 96 72 E.
3232 1468 72 76 E
3312 1468 28 76 l
3348 1488 240 76 sner,
3644 1472 408 76 London.

380 1580 536 96 (30-12763)
3660 1572 240 88 4740

232 1784 520 128 Erskine,
808 1788 392 124 Helen,
1260 1792 160 100 ed.

352 1936 160 100 To
560 1936 184 100 the
788 1936 276 132 gods
1108 1932 124 100 of
1280 1932 444 128 Hellas;
1776 1932 332 132 lyrics
2156 1932 124 100 of
2328 1932 184 100 the
2560 1932 360 104 Greek
2968 1968 364 96 games
3380 1944 120 92 at
3544 1936 516 100 Barnard

216 2084 436 132 college,
724 2084 364 100 edited
1152 2084 144 132 by
1360 2080 360 100 Helen
1784 2080 500 100 Erskine.
2424 2080 268 100 New
2760 2084 344 128 York,
3176 2080 576 108 Columbia
3820 2084 236 100 uni

216 2236 408 132 versity
688 2268 336 96 press,
1084 2236 292 96 1930.

352 2416 148 72 xv,
560 2392 76 96 [1
640 2412 28 64 ]
680 2452 20 36 ,
752 2392 164 76 139
964 2412 112 68 p.,
1128 2392 48 72 1
1228 2392 36 72 l
1268 2424 16 40 .
1400 2388 320 92 front.,
1772 2392 332 88 plates.
2216 2388 224 76 21ͨͫ.

356 2524 376 96 "Compi
736 2528 36 72 l
776 2528 112 72 ed
952 2524 184 76 and
1200 2524 492 92 published
1752 2524 152 76 for
1964 2524 160 76 the
2180 2524 488 76 Associate
2728 2528 440 72 alumnae
3224 2524 100 76 of
3388 2528 436 80 Barnard
3884 2532 176 76 col

220 2640 196 88 lege
464 2636 120 92 by
640 2636 156 76 the
844 2632 460 76 Alumnae
1352 2628 648 92 council."-p.
2068 2668 16 56 [
2092 2632 60 92 1]

228 2764 100 96 ©
376 2772 220 92 Apr.
644 2768 80 92 2,
776 2768 112 76 19
884 2768 116 80 30
1028 2788 20 72 ;
1100 2768 56 72 2
1160 2788 44 56 c
1216 2828 16 20 .
1280 2768 220 92 Apr.
1548 2768 104 92 4;
1708 2764 156 80 aff.
1916 2768 220 92 Apr.
2188 2764 160 92 28;
2404 2768 80 72 A
2532 2764 328 92 22460;
2924 2768 124 80 Co
3052 2768 36 72 l
3092 2768 316 80 umbia
3460 2772 248 76 univ.
3764 2792 288 72 press.

376 2876 536 96 (30-12256)
3664 2876 232 84 4741

224 3088 432 124 Espina
712 3088 132 100 de
904 3088 392 120 Serna,
1360 3084 480 128 Concha,
1912 3088 328 108 1877-

344 3236 336 100 Altar
736 3272 420 96 mayor,
1212 3236 144 128 by
1428 3232 440 108 Concha
1936 3232 480 132 Espina;
2488 3236 364 100 edited
2908 3236 148 132 by
3116 3236 324 104 Anne
3504 3236 552 136 Harring-

216 3400 188 88 ton
472 3468 108 20 …
728 3388 272 100 New
1060 3384 348 128 York,
1464 3384 148 100 H.
1676 3384 284 100 Holt
2020 3388 216 96 and
2296 3420 540 96 company
2908 3388 360 104 [ͨ1930]

348 3568 64 52 x
416 3544 132 92 iii,
604 3544 168 80 218
824 3568 88 72 p.
1024 3544 284 92 17½ͨͫ.

232 3672 96 96 ©
388 3680 220 92 Apr.
668 3680 80 92 7,
808 3676 268 92 1930;
1140 3680 132 76 2c.
1336 3680 184 72 and
1580 3688 160 68 aff.
1800 3676 220 92 Apr.
2080 3676 160 88 26;
2308 3676 76 76 A
2444 3676 332 92 23053;
2844 3680 328 92 Henry
3232 3680 92 76 H
3332 3684 80 76 ol
3424 3688 40 72 t
3524 3688 72 80 &
3656 3704 104 56 co
3772 3748 40 28 .,
3880 3688 172 76 inc.

360 3828 20 56 [
396 3776 92 92 ©
560 3788 664 92 introduction,
1296 3788 488 92 exercises,
1856 3788 260 76 notes
2192 3788 184 76 and
2444 3788 568 92 vocabulary
3080 3788 120 92 by
3268 3792 268 76 Anne
3604 3796 88 72 H
3700 3808 48 60 a
3764 3792 288 92 rring-

356 3904 164 76 ton
524 3936 20 60 ]
672 3896 536 96 (30-12255)
3660 3900 240 84 4742

232 4112 420 132 [Esser,
712 4108 468 132 Gerard]

340 4256 732 132 Psychologia
1136 4256 552 104 sensitiva.
1844 4256 516 136 [Techny,
2420 4256 220 132 Ill.,
2708 4268 292 124 1930]

340 4416 192 92 207,
596 4420 80 92 [3
676 4432 24 64 ]
768 4436 88 72 p.
968 4412 176 80 23"

352 4552 564 92 "Copyright
984 4612 92 16 …
1140 4552 116 88 by
1320 4552 160 72 the
1544 4548 368 92 Society
1972 4552 100 76 of
2136 4552 164 72 the
2356 4548 316 80 divine
2732 4552 340 76 word."

228 4680 96 88 ©
380 4688 224 92 Apr.
656 4688 132 92 14,
848 4688 116 80 19
964 4688 104 76 30
1100 4708 20 68 ;
1180 4688 128 80 2c.
1364 4688 224 92 Apr.
1644 4684 156 92 18;
1864 4684 160 80 aff.
2080 4684 220 96 Apr.
2356 4688 56 72 2
2412 4684 52 80 3
2500 4704 16 68 ͨͫ;
2580 4684 80 76 A
2716 4688 336 92 22321;
3116 4688 372 92 Society
3544 4688 100 80 of
3704 4688 160 80 the
3920 4688 132 80 di-

352 4796 216 80 vine
616 4796 284 96 word,
952 4796 400 92 Techny,
1408 4796 144 96 Ill.
1680 4792 536 96 (30-12247)
3656 4792 240 84 4743

212 4996 680 104 Federation
952 4996 124 100 of
1136 4996 444 104 mutual
1640 4996 200 100 fire
1908 4996 600 104 insurance
2576 4996 680 124 companies.

356 5228 108 20 …
560 5148 736 136 Proceedings
1384 5152 216 100 and
1688 5184 396 96 papers
2172 5148 128 104 of
2380 5152 184 96 the
2648 5156 392 96 second
3128 5152 408 100 annual
3624 5148 428 104 Under-

212 5300 456 104 writers'
736 5300 636 104 conference
1432 5300 252 100 held
1752 5312 116 88 at
1928 5300 336 100 Hotel
2336 5296 632 136 Cleveland,
3028 5300 636 132 Cleveland,
3728 5296 324 136 Ohio,

212 5452 264 132 May
548 5456 156 128 13,
776 5456 156 128 14,
1004 5456 156 128 15,
1228 5452 288 96 1929.
1672 5444 556 136 [Chicago,
2296 5448 220 132 Ill.,
2580 5452 464 100 Printed
3112 5452 144 136 by
3328 5452 232 100 The
3628 5452 424 128 Agger-

208 5600 268 104 beck
524 5636 56 68 c
584 5636 60 64 o
656 5680 60 52 .,
768 5600 292 128 1930]

352 5752 168 80 199
580 5776 84 72 p.
776 5756 52 72 2
832 5756 504 84 3½ͨͫ.

228 5884 96 96 ©
368 5892 220 92 Apr.
632 5892 136 92 24,
812 5888 116 80 19
928 5884 112 84 30
1068 5908 16 72 ;
1132 5884 52 80 2
1192 5908 48 60 c
1244 5948 20 20 .
1312 5888 220 92 May
1580 5888 100 92 6;
1732 5888 156 80 aff.
1940 5888 216 92 May
2204 5888 160 92 12;
2416 5888 76 76 A
2540 5888 328 92 22828;
2924 5888 564 80 Federation
3540 5888 100 80 of
3684 5912 88 52 m
3784 5908 60 60 u
3848 5892 200 76 tual

352 6004 168 76 fire
568 6000 500 80 insurance
1112 6020 208 72 cos.,
1376 5996 428 96 Chicago.
3652 5992 236 84 4744

220 6208 612 124 Fitzhugh,
892 6208 360 124 Percy
1312 6208 400 124 Keese,
1780 6208 320 104 1876-

352 6356 348 132 Lefty
748 6356 588 132 Leighton,
1388 6356 148 132 by
1592 6356 352 132 Percy
2000 6356 348 104 Keese
2404 6352 564 136 Fitzhugh
3040 6440 108 20 …
3220 6356 624 104 illustrated
3908 6352 140 136 by

224 6504 404 104 Alfred
688 6504 532 108 Skrenda.
1340 6504 268 104 New
1664 6500 348 132 York,
2068 6500 448 108 Grosset
2564 6508 92 96 &
2704 6504 460 132 Dunlap
3232 6504 368 108 [019301

344 6664 52 76 3
452 6684 84 72 p.
592 6664 88 92 1.,
736 6664 160 72 212
956 6684 84 72 p.
1144 6660 316 92 front.,
1520 6664 328 88 plates.
1960 6660 276 92 19½ͨͫ.

228 6776 100 96 ©
380 6800 216 88 Apr.
652 6796 136 96 28,
844 6796 112 76 19
956 6796 112 76 30
1096 6816 16 68 ;
1168 6796 136 76 2c.
1360 6796 188 76 and
1604 6796 156 76 aff.
1816 6796 216 92 Apr.
2092 6796 160 92 30;
2312 6796 80 72 A
2444 6796 332 88 22479;
2840 6796 384 76 Grosset
3280 6796 72 76 &
3404 6796 404 88 Dunlap,
3872 6792 176 76 Inc.

376 6904 532 100 (30-12298)
3652 6900 228 80 4745

220 7112 740 128 Fitzpatrick,
1024 7112 580 128 Benedict,
1672 7120 316 100 1881-

344 7264 452 132 Donjon
840 7260 124 104 of
1008 7264 500 128 demons;
1556 7300 64 64 a
1660 7264 352 100 hero's
2056 7264 220 100 tale
2324 7264 288 100 from
2664 7264 184 100 the
2896 7264 364 104 Jesuit
3304 7264 556 128 relations,
3900 7260 148 132 by

220 7412 528 104 Benedict
820 7408 696 132 Fitzpatrick
1600 7492 108 20 …
1856 7412 264 104 New
2200 7412 352 128 York,
2620 7412 152 100 H.
2852 7412 288 104 Holt
3212 7416 216 100 and
3508 7444 540 96 company

224 7620 28 68 [
260 7564 304 96 ͨ1930
568 7624 28 64 ]

2000 7700 124 116 71
2132 7708 68 96 7
