4752 8320
272 720 688 124 Martignon,
1016 716 220 104 Mm
1252 752 84 68 e.
1392 712 484 104 Andrée.

580 868 452 112 …Montag
1044 904 68 60 n
1124 900 52 64 e
1260 876 68 104 …
1476 856 356 124 Paris,
1896 856 364 124 Stock,
2320 860 288 96 1930.

620 1052 32 64 5
492 1040 52 72 p
560 1088 12 12 .
624 1024 32 68 l
680 1068 20 40 .
760 1060 16 52 [
788 1016 252 88 13]-2
1044 1020 52 72 6
1100 1016 52 76 0
1200 1036 104 72 p.,
1352 1016 40 72 1
1452 1016 52 72 l.
1624 1012 276 104 18½ͨͫ.
2040 1008 220 92 (Les
2308 1008 280 76 livres
2640 1012 108 76 de
2796 1012 284 72 natur
3088 1028 44 56 e
3144 1072 12 12 .
3284 1044 12 56 [
3308 1004 136 92 14
3468 1004 24 84 ]

288 1148 88 100 ©
424 1160 216 84 July
684 1160 76 80 4,
808 1156 36 72 1
864 1156 52 72 9
920 1156 48 72 3
976 1152 56 76 0
1060 1172 16 56 ;
1128 1152 124 76 1c.
1296 1152 224 88 Aug.
1568 1144 48 76 2
1624 1144 52 76 9
1708 1168 20 68 ;
1776 1144 592 88 A--Foreign
2416 1144 160 76 879
2588 1160 52 68 6
2664 1160 20 72 ;
2736 1140 464 80 Librairie
3248 1140 304 92 Stock,
3600 1140 172 72 Del
3780 1156 52 56 a
3844 1136 248 76 main

404 1280 64 72 &
532 1264 576 88 Bontelleau.
1244 1256 536 92 (30-33257)
3628 1240 288 84 13446

272 1444 180 100 Ma
460 1476 72 68 u
544 1476 56 64 r
608 1444 32 96 i
648 1472 164 88 ac,
884 1436 572 132 François,
1532 1448 188 92 188
1732 1444 60 92 5
1796 1504 64 12 -

460 1604 64 104 …
588 1588 148 108 Ce
780 1592 184 128 qui
1012 1588 268 100 &3xE9;tait
1324 1588 384 128 perdu,
1752 1616 412 68 roman.
2308 1580 356 128 Paris,
2712 1580 132 104 B.
2896 1576 448 108 Grasset
3404 1580 320 116 [1930]

404 1748 52 76 2
516 1772 76 68 p.
660 1752 80 84 l.,
808 1748 76 92 [7
892 1784 16 56 ]
916 1744 224 76 -267
1200 1764 108 72 p.,
1368 1744 52 72 2
1480 1744 52 76 l.
1648 1736 224 84 19ͨͫ.

280 1880 96 88 ©
432 1884 244 76 June
724 1880 132 92 13,
908 1876 268 88 1930;
1232 1880 124 80 1c.
1412 1876 228 88 Aug.
1692 1884 112 72 29
1812 1900 32 68 ;
1904 1888 92 68 A
1988 1876 516 88 -Foreign
2556 1872 268 88 8816;
2884 1868 428 80 Bernard
3368 1868 412 80 Grasset.

436 1988 536 96 (30-33176)
3636 1972 288 84 13447

276 2172 304 116 May,
640 2168 488 104 William
1192 2168 100 100 J.

408 2316 320 100 Bible
792 2316 384 100 stories
1244 2312 212 100 and
1532 2312 244 100 how
1844 2320 112 92 to
2024 2312 196 100 tell
2284 2312 332 128 them,
2680 2308 144 132 by
2896 2308 500 100 William
3464 2308 108 104 J.
3644 2308 264 128 May
3960 2316 60 112 …

272 2464 600 128 Nashville,
924 2464 376 128 Tenn.,
1356 2460 628 132 Cokesbury
2036 2492 336 96 press,
2420 2464 124 96 19
2556 2464 56 96 3
2624 2464 88 96 0.

400 2624 164 76 239
604 2640 84 76 p.
800 2620 52 76 2
860 2624 56 68 0
968 2624 112 68 ½ͨͫ.

284 2748 96 100 @
452 2756 192 76 Oct.
716 2752 132 96 16,
916 2756 108 76 19
1032 2752 44 76 3
1084 2752 100 88 0;
1256 2764 128 68 2c.
1456 2756 184 72 and
1708 2752 152 76 aff.
1932 2752 84 72 N
2020 2772 48 56 o
2080 2772 80 56 v.
2228 2752 160 88 21;
2460 2752 84 72 A
2604 2744 328 96 31245;
3008 2748 340 76 Lamar
3420 2748 72 76 &
3560 2748 540 92 Whitmore,

412 2864 508 76 Nashville.
1056 2860 376 96 (30-328
1432 2892 52 68 5
1496 2860 96 92 6)
3640 2852 288 84 13448

276 3044 440 124 Melick,
768 3052 124 96 M
900 3080 132 68 rs.
1092 3044 352 100 Edith
1496 3040 544 108 Moulton.

420 3192 232 100 The
716 3192 668 132 evangelical
1452 3188 344 132 synod
1868 3192 112 100 in
2044 3188 364 132 India,
2472 3188 144 132 by
2684 3188 352 104 Edith
3100 3188 504 100 Moulton
3676 3184 432 100 Melick.

288 3340 232 100 The
592 3344 368 96 Board
1040 3340 120 100 of
1236 3340 436 132 foreign
1740 3340 508 100 missions
2320 3336 124 104 of
2516 3336 184 104 the
2772 3332 720 136 Evangelical
3564 3340 348 128 synod
3988 3336 124 100 of

288 3492 360 100 North
716 3488 508 100 America
1308 3500 72 104 …
1572 3488 160 104 St.
1804 3488 368 128 Louis,
2244 3488 256 128 Mo.,
2576 3484 520 136 Chicago,
3164 3484 104 100 Il
3272 3484 48 100 l
3328 3564 56 52 .,
3456 3484 320 104 Eden
3844 3484 268 132 pub-

288 3640 412 132 lishing
752 3640 364 128 house,
1180 3644 288 96 1930.

424 3796 184 92 166,
676 3800 72 92 [1
752 3816 24 60 ]
844 3816 80 72 p.
1040 3796 332 92 plates.
1488 3792 228 84 19ͨͫ.

412 3904 724 92 Bibliography:
1204 3924 84 76 p.
1360 3940 24 60 [
1388 3904 164 80 167]

284 4008 92 96 ©
448 4016 244 92 Sept.
748 4016 80 88 3,
884 4012 164 80 193
1056 4012 48 76 0
1140 4036 16 68 ;
1216 4016 128 80 2c.
1404 4016 188 72 and
1648 4012 156 80 aff.
1864 4016 224 72 Nov.
2148 4012 156 92 10;
2368 4016 80 72 A
2500 4012 328 88 29898;
2896 4016 256 72 Eden
3212 4012 208 92 pub.
3480 4012 312 76 house.

436 4120 536 96 (30-33023)
3648 4112 284 88 13449

284 4300 460 124 Merrill,
800 4304 356 100 Amos
1212 4300 564 124 Newlove,
1836 4304 328 100 1875-

424 4452 480 100 Balance
984 4452 424 128 wheels,
1492 4452 440 100 written
2016 4448 184 104 for
2276 4448 372 132 junior
2732 4448 552 136 seminary
3364 4452 532 104 students,
3980 4448 136 132 by

288 4604 340 100 Amos
724 4604 132 100 N.
952 4600 436 100 Merrill
1476 4600 64 112 …
1760 4596 240 108 Salt
2092 4600 300 100 Lake
2492 4596 292 136 City,
2884 4600 340 128 Utah,
3320 4600 280 100 Pub.
3700 4600 144 132 by
3936 4600 184 100 the

288 4752 448 100 Deseret
828 4748 284 100 book
1204 4784 540 96 company
1844 4748 176 100 for
2112 4752 184 100 the
2392 4752 332 128 Dept.
2820 4748 128 104 of
3044 4748 580 104 education
3720 4748 124 100 of
3940 4752 176 96 the

296 4900 440 104 Church
788 4896 128 104 of
964 4900 320 104 Jesus
1344 4896 372 108 Christ
1772 4896 124 104 of
1948 4900 596 132 latter-day
2600 4900 344 104 saints
3008 4900 272 120 [ͨ193
3292 4904 60 96 0
3348 4928 32 80 ]

432 5060 124 88 xi,
604 5056 52 76 2
660 5060 52 72 5
716 5056 48 76 2
812 5076 84 72 p.
1012 5060 248 76 illus.
1380 5056 108 76 20
1504 5060 64 48 ͨͫ
1588 5120 12 16 .
1736 5060 28 88 (
1788 5096 20 56 [
1820 5060 368 76 Church
2240 5060 96 76 of
2384 5060 280 76 Jesus
2716 5060 324 76 Christ
3084 5060 100 76 of
3232 5060 504 88 latter-day
3792 5056 328 80 saints.

292 5168 268 88 Dept.
620 5168 100 76 of
772 5168 524 92 education]
1420 5168 268 76 Class
1740 5168 240 76 book
2032 5192 148 56 no.
2232 5168 104 96 3)

428 5276 132 76 "A
604 5276 240 76 book
888 5276 436 88 designed
1372 5276 152 76 for
1576 5276 152 76 the
1776 5280 300 72 moral
2128 5280 180 72 and
2360 5276 344 80 ethical
2756 5276 420 92 training
3224 5276 100 76 of
3372 5276 292 92 youth
3676 5276 72 76 ."
3752 5320 116 8 -
3868 5276 72 76 P
3952 5296 40 52 r
4000 5296 44 56 e
4052 5276 40 76 f
4100 5340 16 12 .

316 5376 64 88 ©
460 5384 108 76 Se
576 5408 60 68 p
648 5388 32 72 t
688 5444 16 16 .
772 5388 128 76 10,
976 5384 172 80 193
1140 5384 52 76 0
1224 5408 16 60 ;
1312 5384 128 80 2c.
1512 5384 196 76 Oct.
1776 5388 44 72 1
1832 5388 52 72 5
1916 5408 16 68 ;
2004 5388 156 72 aff.
2232 5388 196 76 Oct.
2492 5388 48 72 1
2548 5388 52 76 3
2636 5408 16 72 ;
2724 5388 76 72 A
2864 5384 224 80 2938
3092 5384 52 80 0
3176 5408 16 68 ;
3264 5384 316 76 Heber
3640 5388 84 76 J.
3796 5384 184 80 Gra
3992 5408 60 52 n
4056 5388 64 84 t,

424 5492 40 76 f
472 5520 48 44 o
528 5516 48 52 r
652 5500 24 68 t
680 5496 120 72 he
868 5492 76 76 D
924 5496 20 64 e
956 5496 528 88 partment
1548 5496 100 76 of
1712 5496 500 76 education
2276 5496 104 76 of
2444 5496 160 76 the
2676 5496 372 76 Church
3116 5496 100 76 of
3284 5496 280 76 Jesus
3636 5492 316 80 Christ
4024 5496 100 76 of

424 5604 508 88 latter-day
984 5604 248 72 saint
1240 5624 60 52 s.
1368 5600 208 80 Salt
1628 5604 248 76 Lake
1932 5604 240 92 City.
2308 5600 536 96 (30-32938)
3652 5600 292 84 13450

288 5780 400 120 Miller,
748 5780 472 100 Francis
1272 5780 668 128 Trevelyan,
2004 5788 328 104 1877-

420 5928 228 96 The
692 5924 348 100 world
1080 5924 116 100 in
1240 5928 184 100 the
1472 5928 216 132 air;
1736 5928 184 104 the
1964 5940 300 124 story
2308 5932 124 100 of
2476 5928 348 136 flying
2868 5936 112 96 in
3032 5928 508 136 pictures,
3588 5932 140 136 by
3780 5932 336 96 Fran-

288 6068 152 108 cis
520 6076 612 132 Trevelyan
1216 6072 376 104 Miller
1644 6076 56 112 …
1964 6076 296 112 First
2344 6080 452 104 historic
2884 6080 560 100 collection
3540 6080 116 100 of
3744 6076 372 104 official

288 6224 360 128 prints
696 6224 212 100 and
968 6224 748 132 photographs
1772 6228 292 96 from
2112 6236 708 120 government
2880 6228 488 108 archives
3424 6224 216 108 and
3696 6224 428 132 private

288 6372 616 104 collections
960 6372 580 132 recording
1592 6372 208 108 five
1860 6372 540 104 thousand
2456 6412 312 100 years
2828 6376 124 100 of
3008 6380 340 100 man's
3408 6376 544 128 struggles
4012 6384 112 96 to

292 6552 456 96 conquer
812 6520 180 104 the
1056 6520 192 104 air.
1384 6520 560 108 Associate
2004 6524 108 100 in
2184 6524 620 104 aeronautic
2868 6524 452 132 history,
3380 6524 408 132 Joseph
3860 6520 256 104 Olin

288 6668 380 132 Howe,
720 6668 112 100 in
884 6668 780 108 collaboration
1716 6668 268 104 with
2044 6672 608 104 Frederick.
2684 6672 128 100 A.
2872 6672 424 104 Barber
3344 6672 124 104 of
3520 6668 596 104 Historical

296 6816 736 132 foundations,
1100 6820 268 104 with
1444 6856 52 64 a
1572 6820 336 100 board
1980 6820 120 100 of
2172 6820 776 104 international
3024 6820 668 104 authorities.
3836 6816 288 104 Over

300 6972 288 124 1,200
628 6964 728 108 illustrations
1436 6972 64 104 …
1640 6964 264 104 New
1956 6968 340 132 York,
2340 6968 492 136 London,
2884 6968 128 108 G.
3064 6972 120 96 P.
3236 6968 568 100 Putnam's
3848 7000 276 84 sons,

300 7120 284 96 1930.

432 7268 52 72 2
552 7288 80 56 v.
744 7268 364 84 fronts.,
1180 7268 248 80 illus.
1480 7268 144 96 (in
1628 7292 48 52 c
1680 7272 56 72 l.
1808 7276 312 88 ports.,
2188 7272 464 88 facsims.)
2784 7272 52 76 2
2840 7272 728 80 8ͨͫ.

436 7376 548 76 Illustrated
1016 7376 700 92 lining-papers.

332 7480 72 88 ©
460 7492 228 76 Nov.
736 7496 48 72 7
788 7528 20 40 ,
864 7488 268 92 1930;
1184 7496 52 72 2
1244 7512 68 60 c.
1364 7492 224 76 each
1640 7496 216 72 Dec.
1908 7492 100 88 8;
2064 7488 156 80 aff.
2276 7488 212 80 Dec.
2540 7492 100 88 6;
2700 7496 76 72 A
2824 7496 52 72 3
2884 7496 104 72 14
2992 7496 52 72 5
3048 7488 104 92 2;
3212 7492 100 80 F.
3360 7496 100 72 T.
3516 7500 100 68 M
3612 7492 228 80 iller,
3904 7488 224 76 New

448 7600 272 76 York.
856 7600 380 92 (30-329
1240 7600 48 76 9
1296 7600 100 92 9)
3664 7596 108 80 13
3784 7596 48 80 4
3840 7596 108 80 51

2076 7704 260 96 2091
