4752 8320
312 716 1344 120 Michigan-Continued

436 876 80 88 1,
576 872 164 80 768
788 892 84 72 p.
1036 872 116 80 23
1152 876 28 40 e
1240 932 20 20 .

328 1000 88 100 D
472 1008 216 76 Dec.
740 1004 132 92 22,
928 1004 272 92 1930;
1256 1004 128 76 2c.
1444 1004 80 72 D
1532 1024 48 56 e
1556 1020 100 68 c.
1712 1004 160 88 26;
1932 1000 156 84 aff.
2148 1004 212 76 Dec.
2416 1000 160 88 27;
2640 1000 80 76 A
2772 1000 328 76 31812:
3160 1000 248 76 John
3468 1000 84 76 S.
3616 1000 372 88 Hagger
4000 1000 28 72 t
4100 1060 20 28 ,

448 1132 92 60 se
548 1136 44 56 c
600 1120 316 84 retary
960 1112 96 80 of
1104 1120 136 92 sta
1280 1136 8 8 -
1300 1136 48 56 e
1388 1112 152 76 for
1588 1112 156 80 the
1788 1116 252 76 state
2080 1112 100 76 of
2224 1112 500 92 Michigan,
2772 1108 436 92 Lansing,
3260 1108 96 76 M
3356 1108 156 76 ich
3520 1172 16 12 .
3660 1104 284 80 13157

304 1292 392 124 Minot,
756 1292 296 104 John
1112 1292 332 120 Clair,
1508 1292 188 104 187
1700 1300 124 92 2-
2240 1328 48 64 c
2300 1324 56 64 o
2360 1312 104 76 m
2476 1328 104 92 p.

452 1444 228 100 The
748 1440 232 104 best
1048 1440 248 100 bird
1368 1440 380 100 stories
1820 1440 60 100 I
1944 1440 356 128 know,
2368 1440 148 132 by
2584 1436 300 108 John
2960 1432 308 112 Clair
3336 1436 416 104 Minot:
3828 1436 296 104 illus-

320 1592 356 100 trated
736 1592 144 128 by
944 1588 452 104 Charles
1456 1588 656 132 Livingston
2176 1588 260 100 Bull
2500 1588 224 100 and
2780 1588 436 100 Harold
3284 1580 256 112 Cue.
3684 1588 448 124 Boston,

316 1740 168 104 W.
540 1740 136 100 A.
736 1736 368 108 Wilde
1160 1768 536 100 company
1760 1740 268 124 1193
2040 1740 60 100 0

444 1896 164 76 316
668 1916 108 72 p.,
844 1900 48 72 1
952 1900 56 72 1.
1124 1896 284 76 front.
1520 1892 228 80 20-.

448 2004 228 76 Bird
728 2024 312 72 poems
1092 2008 228 72 used
1372 2024 104 56 as
1528 2004 232 92 lyric
1816 2004 516 76 interludes
2384 2004 412 76 between
2852 2000 160 80 the
3064 2000 364 80 stories.

320 2132 92 92 ©
484 2140 240 88 Sept.
788 2140 72 84 1,
920 2140 268 88 1930;
1248 2144 48 68 2
1300 2160 44 56 c
1360 2200 16 16 .
1440 2140 68 72 O
1520 2160 44 52 c
1572 2144 60 72 t.
1692 2140 108 76 25
1832 2156 16 72 ;
1912 2132 156 80 af.
2128 2140 228 76 Nov.
2420 2140 44 72 1
2468 2132 52 80 9
2552 2156 20 72 ;
2636 2140 80 72 A
2772 2136 328 92 30686;
3164 2140 136 76 W.
3360 2140 104 76 A.
3528 2140 304 76 Wilde
3892 2156 100 56 co
4004 2200 12 12 .

468 2248 532 92 (30-32304)
3668 2240 284 84 13158

312 2424 536 104 National
900 2428 680 100 association
1636 2428 120 100 of
1804 2428 236 100 real
2092 2432 368 96 estate
2516 2428 448 100 boards.

444 2580 428 100 Annals
948 2580 120 100 of
1136 2580 224 100 real
1432 2588 332 92 estate
1844 2580 504 128 practice.
2424 2584 256 96 1930
2760 2580 68 108 …
3028 2576 512 136 Chicago,
3616 2580 100 100 N
3724 2576 296 104 ation
4032 2576 104 100 al

312 2728 644 100 association
1012 2728 124 100 of
1184 2732 224 96 real
1456 2740 272 88 estat
1740 2768 48 60 e
1836 2732 404 96 boards
2300 2792 24 64 [
2336 2740 32 36 °
2380 2736 40 88 1
2444 2732 120 96 93
2576 2732 60 92 0

448 2888 84 88 x,
592 2880 160 80 911
812 2904 80 68 p.
1008 2884 244 76 illus.
1308 2884 256 84 (incl.
1624 2884 376 92 ports.),
2060 2884 296 92 plans,
2416 2884 324 92 tables,
2804 2880 340 96 diagrs.
3260 2880 52 76 2
3312 2884 60 76 3
3368 2876 32 76 f
3400 2876 28 76 t
3516 2908 20 48 .

320 3012 96 88 ©
468 3016 224 80 Nov.
740 3012 132 100 29,
920 3016 268 88 1930;
1240 3016 48 76 2
1296 3032 44 64 e
1352 3080 16 12 .
1420 3020 180 72 and
1652 3016 156 80 aff.
1860 3020 212 76 Dec.
2124 3016 152 92 26;
2332 3020 76 72 A
2456 3016 328 92 32445;
2840 3020 244 76 Nat].
3140 3036 248 60 assn.
3440 3020 100 76 of
3592 3020 192 72 real
3836 3020 300 76 estate

448 3124 360 96 boards,
876 3124 424 96 Chicago.
3672 3120 284 84 13159

312 3304 540 124 Ockham,
908 3304 524 128 William,
1492 3316 100 96 d.
1652 3348 56 64 c
1712 3348 60 64 a
1784 3392 16 20 .
1868 3320 284 92 1349.

436 3448 232 108 The
728 3452 164 100 De
948 3464 660 92 sacramento
1664 3456 380 104 altaris
2100 3456 120 100 of
2272 3456 496 104 William
2820 3460 124 96 of
3000 3452 524 132 Ockham,
3580 3456 360 104 edited
4000 3460 132 132 by

308 3600 124 100 T.
488 3600 352 100 Bruce
896 3596 332 104 Birch
1284 3604 64 108 …
1552 3604 332 100 Latin
1940 3620 232 88 text
2228 3604 216 104 and
2500 3604 468 132 English
3032 3604 676 108 translation.
3856 3604 276 100 Bur-

304 3748 460 132 lington,
828 3748 192 136 Ia.,
1080 3752 232 96 The
1372 3752 560 104 Lutheran
1992 3752 452 136 literary
2508 3752 372 132 board,
2940 3760 292 96 1930.

440 3904 260 88 xlvii,
772 3940 24 56 [
784 3920 36 64 1
828 3920 80 76 ],
972 3904 164 76 576
1192 3924 84 76 p.
1392 3904 172 76 illu
1568 3924 68 56 s.
1692 3904 148 92 (fa
1848 3928 44 52 c
1900 3908 300 92 sims.)
2332 3896 488 88 22½ͨͫ
2584 3928 20 48 .

444 4012 220 76 "No.
712 4008 248 96 218",
1016 4012 372 92 signed:
1444 4012 100 80 T.
1600 4016 108 72 B.
1760 4016 108 80 B.

448 4120 132 76 "A
648 4120 276 76 Latin
996 4124 196 72 text
1264 4124 188 72 and
1520 4144 120 56 an
1708 4120 384 92 English
2164 4124 568 76 translation
2800 4128 280 76 based
3152 4148 244 72 upon
3468 4128 156 76 the
3696 4132 192 72 text
3956 4132 184 76 edi-

312 4224 220 92 tion,
620 4228 576 92 Strassburg,
1272 4228 244 92 1491,
1592 4248 244 60 were
1908 4232 508 76 submitted
2488 4232 96 76 in
2652 4232 228 76 1908
2944 4256 108 52 as
3124 4256 56 56 a
3256 4232 292 80 thesis
3624 4236 28 72 i
3660 4260 60 48 n
3796 4256 52 68 p
3856 4232 184 80 arti
4048 4236 88 76 al

308 4332 540 80 fulfillment
908 4336 100 76 of
1064 4340 156 72 the
1276 4332 680 96 requirements
2008 4340 156 76 for
2220 4340 160 76 the
2440 4340 328 92 degree
2832 4340 96 76 of
2992 4364 148 56 PH.
3212 4344 108 84 n.,
3384 4348 96 72 at
3548 4344 152 76 the
3768 4344 64 76 U
3848 4344 152 76 niv
4012 4368 48 52 e
4068 4364 72 52 r-

312 4440 184 96 sity
576 4448 96 72 of
748 4444 1144 92 Pennsylvania."-Pref.

448 4552 180 80 "Te
628 4556 64 64 x
700 4556 36 76 t
796 4552 84 80 is
936 4556 284 76 based
1288 4572 240 72 upon
1596 4556 156 76 the
1816 4556 344 76 Balliol
2220 4556 368 92 college,
2660 4560 152 76 the
2872 4560 368 76 Merton
3308 4560 364 92 college,
3744 4584 40 52 a
3772 4584 48 48 n
3868 4564 48 72 d
3992 4564 148 76 the

316 4664 540 88 University
900 4664 100 76 of
1044 4664 80 72 R
1136 4684 48 56 o
1192 4684 112 56 ue
1308 4684 60 52 n
1416 4664 652 92 manuscripts,
2116 4664 184 76 and
2352 4668 156 72 the
2556 4668 200 76 text
2800 4668 404 76 editions
3248 4668 100 76 of
3396 4688 72 60 c.
3520 4664 244 96 1490,
3820 4668 316 92 Paris;

312 4772 244 88 1491,
632 4772 604 88 Strassburg;
1308 4768 248 92 1504,
1632 4768 416 80 Venice."
2064 4764 460 84 --Introd.

448 4880 388 76 "Works
904 4880 96 76 of
1064 4880 408 76 Ockham
1532 4880 96 76 in
1688 4880 192 76 this
1944 4900 100 56 co
2056 4880 388 88 untry":
2508 4884 92 88 p:
2652 4904 508 56 xxxv-xxx
3172 4904 48 52 v
3228 4884 28 72 i
3268 4880 28 76 i
3304 4944 16 16 .

444 4988 720 92 Bibliography:
1240 5012 84 72 p.
1400 4988 412 76 503-526.

324 5120 92 88 ©
480 5132 192 76 Oct.
728 5128 128 92 10,
912 5128 268 80 1930:
1236 5128 128 76 2c.
1420 5132 180 72 and
1652 5148 52 56 a
1712 5124 96 80 ff.
1860 5128 224 76 Nov.
2140 5124 156 92 15;
2356 5124 84 80 A
2488 5124 324 92 30638;
2872 5128 100 80 T.
3028 5128 100 80 B.
3188 5128 308 92 Birch,
3560 5128 580 92 Springfield,

460 5260 104 76 O.
696 5236 536 100 (30-32398)
3676 5232 288 84 13160

312 5424 568 120 Perrotta,
944 5420 528 104 Antonio.

444 5564 232 108 The
752 5564 596 104 modernist
1432 5576 600 88 movement
2112 5564 116 100 in
2312 5564 300 136 Italy
2700 5572 216 100 and
3000 5568 140 100 its
3224 5564 452 100 relation
3768 5580 108 88 to
3964 5568 176 100 the

312 5712 388 132 spread
752 5712 120 104 of
920 5712 628 104 Protestant
1600 5712 732 140 Christianity
2392 5780 24 64 [
2424 5712 144 132 by
2576 5780 24 64 ]
2664 5712 484 104 Antonio
3196 5716 532 100 Perrotta.
3880 5716 260 100 Bos-

316 5872 216 124 ton,
604 5864 124 100 R.
808 5860 124 104 G.
1012 5864 440 132 Badger
1612 5868 292 128 19291

448 6016 48 76 2
564 6036 84 72 p.
712 6004 84 104 i.,
860 6016 220 80 3-11
1088 6016 48 76 6
1200 6036 80 72 p.
1396 6008 156 88 19j
1616 6020 32 40 "
1656 6080 20 16 .

448 6124 724 92 Bibliography:
1236 6144 84 72 p.
1388 6120 412 84 115-116.

332 6232 92 88 ©
492 6240 244 92 Sept.
792 6240 132 92 21,
980 6240 52 76 1
1040 6236 48 76 9
1092 6236 160 92 29;
1312 6236 128 80 2c.
1500 6240 228 80 Nov.
1784 6236 132 96 28,
1976 6236 268 92 1930;
2312 6236 100 76 af
2408 6240 36 72 f
2452 6300 16 16 .
2528 6240 228 76 Nov.
2812 6236 160 92 25;
3036 6240 76 72 A
3172 6240 328 92 30881;
3564 6236 412 80 Richard
4040 6240 100 80 G.

456 6352 392 92 Badger.
984 6344 532 100 (30-32395)
3680 6344 284 84 13161

316 6528 476 124 Pitfield,
848 6532 424 100 Robert
1328 6532 400 124 Lucas,
1788 6532 328 104 1870-

648 6676 120 96 A.
808 6680 528 132 compend
1396 6716 136 64 on
1588 6676 780 136 bacteriology,
2428 6676 572 136 including
3060 6680 660 132 pathogenic
3784 6684 356 124 proto-

324 6864 56 64 z
388 6864 56 68 o
456 6864 96 96 a,
592 6828 148 132 by
788 6828 412 104 Robert
1244 6828 124 104 L.
1416 6824 452 108 Pitfield
1928 6828 64 112 …
2100 6832 212 100 and
2360 6828 500 104 Howard
2908 6828 172 104 W.
3140 6824 216 112 Sch
3368 6828 136 100 af
3452 6824 64 104 f
3524 6864 112 68 er
3708 6828 64 112 …
3960 6836 56 88 5
4024 6828 116 96 th

324 6980 196 128 ed.,
600 6980 272 100 with
948 6984 68 96 4
1092 6980 352 128 plates
1528 6980 212 100 and
1828 6984 124 96 82
2032 6980 312 100 other
2424 6976 764 104 illustrations.
3324 6972 816 132 Philadelphia.

324 7128 124 100 P.
508 7128 668 100 Blakiston's
1232 7160 192 68 son
1484 7128 88 100 &
1628 7160 184 96 co.,
1872 7124 208 104 inc.
2152 7128 264 128 1193
2428 7128 60 100 0

452 7284 156 92 vii,
660 7284 164 80 317
872 7304 84 72 p.
1008 7284 32 76 i
1044 7304 60 56 n
1112 7288 76 76 cl
1204 7344 16 20 .
1272 7284 100 76 ill
1384 7304 136 60 us.
1572 7284 260 92 (part
1884 7284 212 92 col.)
2172 7284 88 68 iv
2312 7304 60 72 p
2376 7288 28 72 l
2416 7348 16 16 .
2552 7268 220 96 18-i.
2912 7280 616 100 (Blakiston's
3584 7284 492 92 compends
4100 7284 24 68 )

456 7392 368 80 Earlier
876 7392 404 80 editions
1336 7396 116 92 by
1512 7396 348 76 Robert
1916 7392 100 80 L.
2076 7392 184 80 Pitf
2260 7384 28 80 i
2296 7396 180 76 eld.

328 7496 88 88 ©
484 7504 228 80 Nov.
772 7500 132 96 19,
964 7500 268 92 1930;
1296 7500 128 84 2c.
1488 7508 184 72 and
1728 7504 156 76 aff.
1948 7508 228 76 Nov.
2236 7504 156 92 20;
2460 7508 76 72 A
2600 7504 160 76 311
2768 7504 48 76 5
2824 7504 104 92 5;
2992 7504 96 80 P.
3156 7500 624 80 Blackiston's
3844 7524 160 52 son
4072 7500 64 80 &

456 7632 44 56 e
504 7632 48 56 o
568 7672 44 32 .,
688 7612 172 80 inc.
996 7612 536 96 (30-32302)
3672 7608 292 80 13162

2092 7716 264 100 2043
