4800 8268
2440 7716 192 100 802

620 656 464 128 Kligler,
1156 660 348 100 Israel
1576 656 348 104 Jacob
2072 656 620 104 Continued

752 820 56 68 x
820 836 80 72 v,
952 812 168 80 240
1172 836 84 72 p.
1372 812 32 80 i
1408 820 240 88 llus.,
1704 832 268 72 maps
2044 812 264 92 (part
2360 808 280 92 fold.)
2716 808 344 92 diagrs.
3176 808 228 80 24ͨͫ.

752 920 680 96 Bibliography
1464 944 20 56 :
1548 944 84 72 p.
1688 920 420 80 229-231.

632 1032 96 92 ©
788 1036 236 80 Mar.
1080 1036 132 92 18,
1272 1036 272 88 1930;
1600 1036 132 76 2c.
1788 1032 184 76 and
2032 1028 156 80 aff.
2248 1028 220 92 May
2524 1028 160 92 10;
2748 1028 76 72 A
2876 1024 336 96 23342;
3272 1024 548 96 University
3876 1028 104 76 of
4040 1024 432 100 Chicago,

768 1144 428 92 Chicago.
1324 1144 544 92 (30-13632)
4084 1132 52 84 5
4148 1132 168 84 279

620 1324 380 124 König
1092 1356 216 68 von
1408 1328 224 96 und
1728 1356 136 68 zu
1960 1320 808 124 Warthausen,
2872 1316 588 108 Friedrich
3556 1320 316 124 Karl,
3968 1324 224 132 frei
4196 1324 64 100 h
4276 1360 208 96 err,

760 1484 328 96 1906–

752 1628 396 132 Wings
1200 1628 420 104 around
1676 1628 188 104 the
1916 1624 380 132 world,
2348 1624 140 132 by
2544 1624 124 100 F.
2728 1624 140 104 K.
2928 1628 376 96 Baron
3356 1660 208 64 von
3620 1624 860 132 Koenig-Wart

620 1780 440 124 hausen,
1120 1780 268 96 with
1444 1784 128 92 23
1628 1772 768 104 illustrations.
2544 1772 264 100 New
2872 1772 348 136 York,
3276 1772 500 132 London,
3832 1772 100 108 G
3948 1856 20 20 .
4028 1776 124 100 P.
4216 1776 264 100 Put-

616 1928 344 104 nam's
1012 1964 280 96 sons,
1356 1928 288 100 1930.

756 2088 60 68 x
824 2084 96 80 ii,
980 2084 104 76 18
1088 2080 48 76 5
1192 2104 84 72 p.
1384 2080 316 92 front.,
1760 2084 332 88 plates,
2144 2084 288 88 ports.
2548 2080 228 80 20ͨͫ.

760 2192 268 92 Maps
1084 2212 116 56 on
1252 2184 708 100 lining-papers.

760 2300 312 76 "First
1128 2296 440 80 edition."

640 2404 92 88 ©
800 2412 220 88 May
1072 2408 76 92 2,
1208 2404 272 92 1930;
1536 2408 132 76 2c.
1724 2408 188 72 and
1968 2428 52 52 a
2032 2404 72 76 ff
2112 2468 20 16 .
2188 2404 220 92 May
2464 2404 104 88 9;
2632 2404 76 76 A
2764 2404 332 92 22710;
3164 2404 96 80 F.
3324 2404 112 84 K.
3496 2408 296 76 baron
3848 2428 180 56 von
4088 2408 396 92 Koenig-

768 2516 660 92 Warthausen,
1484 2516 780 92 Wuerttemberg,
2320 2516 496 92 Germany.
2948 2516 544 96 (30-13376)
4092 2516 232 80 5280

620 2700 464 124 Kunitz,
1140 2700 480 124 Stanley
1672 2700 104 108 J.

752 2852 700 104 Intellectual
1536 2848 412 136 things,
2032 2852 148 128 by
2268 2848 460 136 Stanley
2812 2852 108 104 J.
3012 2848 460 104 Kunitz.
3648 2852 452 104 Garden
4188 2852 296 140 City,

620 3004 132 108 N.
820 3008 172 128 Y.,
1052 3004 688 128 Doubleday,
1804 3004 384 100 Doran
2252 3000 216 100 and
2536 3036 572 96 company,
3172 2996 244 140 inc.,
3484 3008 288 100 1930.

752 3180 60 56 x
820 3160 28 76 i
860 3160 28 76 i
896 3160 32 76 i
976 3184 112 72 p.,
1140 3160 48 76 1
1240 3164 28 72 l
1284 3220 44 32 .,
1384 3160 108 76 63
1540 3180 88 72 p.
1736 3156 108 80 21
1876 3160 44 44 ͨͫ
1908 3164 32 36 "
1948 3220 20 16 .

756 3272 316 76 "First
1124 3268 440 80 edition."

752 3380 360 80 Poems.

640 3484 96 96 ©
788 3496 216 88 Apr.
1060 3492 132 88 18,
1244 3488 272 92 1930;
1568 3488 52 76 2
1624 3504 76 68 c.
1752 3488 180 76 and
1988 3488 100 80 af
2084 3488 40 76 f
2128 3548 16 20 .
2200 3492 220 88 May
2472 3492 156 88 14;
2684 3488 80 76 A
2816 3488 332 92 22852;
3208 3488 60 80 S
3280 3548 12 20 .
3352 3488 88 80 J.
3488 3488 384 96 Kunitz,
3924 3488 228 80 New
4204 3492 280 80 York.

784 3600 540 96 (30-13440)
4088 3596 236 84 5281

624 3756 400 124 Laflin,
1088 3752 344 104 Louis
1496 3752 648 128 Ellsworth,
2216 3764 632 96 1861-1922.

756 3908 364 104 Laflin
1196 3908 640 132 genealogy,
1912 3904 544 132 compiled
2540 3904 296 108 from
2912 3908 188 100 the
3176 3904 688 132 manuscript
3944 3904 128 104 of
4148 3908 336 104 Louis

628 4060 596 100 Ellsworth
1316 4056 396 132 Laflin,
1804 4056 264 104 with
2160 4052 596 136 additions,
2836 4060 148 132 by
3068 4052 412 108 Alfred
3568 4060 120 100 L.
3776 4056 492 104 Holman
4316 4056 60 120 …

628 4208 520 132 Chicago,
1212 4208 304 104 Priv.
1592 4208 328 128 print,
2004 4204 180 104 for
2252 4208 264 104 Mrs.
2584 4208 340 100 Louis
2992 4208 132 100 E.
3188 4208 212 100 Laf
3384 4208 48 100 l
3444 4208 148 128 in,
3664 4216 288 96 1930.

756 4364 52 76 3
864 4384 84 72 p.
1004 4364 84 92 l.,
1144 4364 168 76 142
1360 4384 84 72 p.
1560 4364 316 92 front.,
1936 4364 288 92 ports.
2336 4360 156 84 23
2548 4364 76 80 ½ͨͫ.

644 4460 100 92 ©
812 4480 224 88 May
1100 4476 124 76 13.
1300 4472 268 92 1930;
1640 4476 120 76 2c.
1840 4476 180 76 and
2092 4472 156 80 aff.
2320 4476 220 88 May
2608 4476 160 88 1;
2840 4468 72 76 A
2984 4472 332 80 23418:
3392 4472 504 92 Josephine
3968 4472 116 80 K.
4156 4464 188 88 Lad
4328 4472 28 76 l
4364 4472 120 84 in.

776 4588 252 76 Lake
1088 4588 356 88 Forest,
1508 4588 44 76 I
1560 4588 68 72 ll
1636 4648 16 16 .
1788 4584 544 96 (30-13436)
4096 4580 236 84 5282

632 4736 708 128 Larremore,
1400 4740 472 124 Wilbur,
1940 4748 624 100 1855-1918.

768 4892 268 104 Last
1120 4892 364 132 lyrics,
1568 4892 144 136 by
1796 4892 180 104 Wi
1992 4892 32 100 l
2032 4892 72 104 b
2116 4928 56 68 u
2188 4932 52 64 r
2324 4892 696 128 Larremore;
3112 4892 356 104 edited
3560 4896 144 132 by
3788 4892 484 104 Thomas
4360 4888 136 100 A.

636 5044 676 100 Larremore.
1452 5044 540 132 Jamaica,
2044 5044 136 104 N.
2240 5044 168 132 Y.,
2464 5044 232 100 The
2752 5044 436 100 Marion
3244 5080 340 96 press,
3640 5048 288 96 1930.

764 5196 132 92 53,
988 5200 44 72 [1]
1128 5216 84 72 p.
1328 5196 108 80 21
1440 5204 52 40 ͨͫ
1528 5220 16 48 .

772 5308 248 76 "One
1084 5308 424 76 hundred
1576 5312 612 88 seventy-two
2252 5308 308 92 copies
2624 5308 400 92 printed,
3092 5308 100 76 of
3256 5308 312 76 which
3628 5308 192 76 this
3884 5308 84 76 is
4028 5328 144 56 no.
4240 5304 252 80 171."

644 5412 100 96 ©
808 5420 216 92 May
1084 5420 72 88 7,
1220 5420 268 80 1930:
1552 5420 128 80 2c.
1744 5420 184 76 and
1988 5440 48 56 a
2052 5416 96 80 ff.
2212 5420 220 92 May
2492 5420 156 88 12;
2716 5420 76 72 A
2852 5420 332 92 22813;
3248 5416 412 80 Thomas
3720 5416 488 88 Armitage
4268 5416 220 76 Lar

776 5548 384 72 remore,
1228 5528 480 92 Syracuse,
1772 5528 104 80 N.
1940 5528 104 80 Y.
2176 5528 544 96 (30-13526)
4092 5520 232 84 5283

632 5680 644 124 Lawrence,
1336 5684 484 104 Edward
1880 5684 384 124 Stone,
2332 5692 308 100 1900–

764 5828 236 104 The
1072 5828 768 104 manufacture
1912 5828 124 104 of
2108 5836 252 96 steel
2444 5836 384 128 sheets,
2900 5836 144 128 by
3116 5832 496 104 Edward
3688 5828 112 108 S.
3876 5832 616 100 Lawrence.

640 5992 160 92 1st
856 5980 164 100 ed.
1156 5980 628 132 Cleveland,
1852 5980 96 108 O
1964 6064 52 44 .,
2076 5984 236 100 The
2372 5984 428 96 Penton
2860 5980 648 136 publishing
3568 6016 188 96 co.,
3820 5984 292 96 1930.

772 6140 56 64 x
844 6200 16 28 ,
920 6140 164 76 233
1140 6160 76 72 p.
1340 6136 272 96 illus.,
1676 6136 348 96 diagrs.
2136 6140 284 92 23½ͨͫ.

776 6248 248 76 "The
1104 6248 376 88 general
1560 6248 536 92 processing
2172 6248 184 80 and
2436 6252 512 76 treatment
3024 6248 100 80 of
3196 6248 552 96 high-grade
3824 6244 312 80 sheets
4216 6252 96 72 to
4384 6248 108 76 be

640 6356 228 80 used
924 6356 100 72 in
1080 6356 156 76 the
1292 6356 660 76 manufacture
2012 6356 104 76 of
2172 6356 568 76 automobile
2800 6352 268 84 bodie
3076 6376 44 56 s
3128 6356 556 80 ."—Introd.

652 6460 96 96 ©
804 6468 220 88 May
1072 6464 76 88 8,
1200 6460 104 76 19
1312 6464 48 76 8
1368 6464 100 76 0:
1520 6464 132 80 2c.
1708 6468 180 72 and
1940 6488 52 52 a
2004 6464 56 76 f
2020 6464 80 84 f.
2156 6468 216 88 May
2424 6464 160 92 10;
2640 6468 80 76 A
2768 6464 328 92 22824;
3156 6464 128 80 Pe
3288 6488 60 52 n
3356 6472 36 72 t
3400 6484 52 60 o
3456 6488 60 56 n
3568 6464 216 96 pub.
3836 6484 104 60 co
3952 6528 16 16 .

796 6572 544 96 (30-13454)
4092 6572 232 80 5284

636 6728 640 124 Lindquist,
1340 6728 356 108 Ruth.

772 6880 108 96 A
952 6880 328 124 study
1360 6876 124 100 of
1556 6880 316 100 home
1948 6896 768 116 management
2792 6880 112 100 in
2984 6880 144 104 its
3200 6880 468 104 relation
3748 6892 112 88 to
3936 6880 300 100 child
4312 6876 176 104 de-

640 7028 652 128 velopment,
1356 7024 140 132 by
1564 7028 304 104 Ruth
1932 7028 624 132 Lindquist.
2692 7028 520 108 Omicron
3272 7068 152 64 nu
3488 7028 216 104 and
3768 7028 220 104 Phi
4048 7028 444 132 upsilon

640 7172 484 104 omicron
1212 7176 712 136 cooperating
2000 7180 264 100 with
2356 7180 188 100 the
2632 7176 652 108 Committee
3372 7216 136 64 on
3600 7180 296 100 child
3988 7176 500 128 develop-

640 7336 292 92 ment
988 7328 216 96 and
1264 7328 504 128 parental
1824 7328 580 104 education
2456 7328 128 104 of
2636 7328 188 104 the
2880 7328 584 104 American
3520 7328 316 104 home
3892 7328 600 104 economics

640 7472 680 104 association.
1464 7540 20 64 [
1496 7472 140 104 Pi
1644 7484 96 92 tt
1744 7476 364 132 sburg,
2176 7480 324 128 Kan.,
2560 7484 304 96 c1929
2872 7540 28 68 ]
