4752 8320
492 692 468 128 Haight,
1028 696 448 104 Gordon
1540 696 1328 108 Sherman-Continued

612 856 60 68 x
728 872 112 72 p.,
896 852 52 76 2
1004 856 84 88 1.,
1144 852 164 76 201
1364 872 84 72 p.
1560 852 316 92 front.,
1940 856 324 88 plates,
2320 856 316 88 ports.,
2692 856 104 76 fa
2808 876 44 56 c
2856 852 200 80 sim.
3172 852 508 84 21ͨͫ.

620 960 556 76 "Published
1228 980 120 56 on
1400 964 156 72 the
1612 960 320 92 Henry
1984 964 96 76 L.
2136 964 420 76 Johnson
2604 964 484 76 memorial
3140 960 320 80 fund."

616 1068 720 92 Bibliography:
1392 1088 80 72 p.
1532 1104 24 56 [
1560 1068 448 92 1753-178.

492 1196 96 96 ©
648 1204 196 80 Oct.
892 1204 76 92 3,
1020 1204 264 76 1930:
1340 1204 52 72 2
1396 1216 44 68 c
1456 1268 16 12 .
1520 1204 228 76 Nov.
1800 1204 156 88 14;
2012 1204 160 76 aff.
2220 1204 224 76 Nov.
2500 1204 156 88 13;
2712 1208 76 72 A
2840 1204 328 92 30625;
3224 1204 228 76 Yale
3504 1204 244 80 univ.
3808 1224 284 76 press.

640 1312 536 96 (30-31243)
3844 1312 228 80 1274
4080 1312 44 80 1

484 1496 488 120 Hamlin,
1052 1492 504 124 Scoville,
1628 1532 52 68 e
1688 1500 100 100 d.

612 1640 228 100 The
916 1676 428 72 menace
1420 1640 120 96 of
1620 1640 940 132 overproduction,
2640 1640 144 104 its
2860 1676 348 96 cause,
3288 1652 360 92 extent
3732 1640 208 104 and
4024 1676 280 96 cure,

476 1788 360 104 edited
892 1788 140 136 by
1096 1788 468 104 Scoville
1620 1784 488 104 Hamlin.
2236 1788 264 100 New
2568 1788 340 136 York,
2968 1792 100 100 J.
3132 1788 360 140 Wiley
3552 1792 88 100 &
3700 1824 280 96 sons,
4036 1788 260 128 inc.;

472 1936 492 136 London,
1028 1936 568 132 Chapman
1648 1940 88 96 &
1796 1936 304 136 Hall,
2156 1936 460 136 limited,
2676 1944 280 92 1930.

608 2088 56 72 x
676 2148 16 32 ,
752 2092 168 76 202
972 2108 84 72 p.
1172 2092 344 88 diagrs.
1628 2088 276 80 211".
2132 2088 248 92 $2.75

612 2200 136 76 "A
804 2200 568 88 symposium
1396 2196 56 88 …
1600 2200 152 76 the
1820 2196 500 92 composite
2388 2200 236 76 view
2688 2200 100 76 of
2848 2224 280 68 many
3192 2204 204 76 able
3464 2204 552 92 specialists,
4080 2204 220 76 each

476 2308 372 92 dealing
904 2308 232 76 with
1192 2312 212 72 that
1468 2312 316 88 aspect
1844 2308 100 76 of
2004 2308 436 92 industry
2496 2308 304 76 which
2860 2312 116 76 he
3040 2312 1048 76 knows."-Foreword.

488 2444 96 92 ©
636 2452 224 76 Nov.
908 2448 132 96 12,
1092 2448 268 80 1930:
1412 2448 128 84 2c.
1592 2452 224 76 Nov.
1868 2452 156 80 15;
2080 2448 156 80 aff.
2288 2452 228 76 Nov.
2564 2452 156 88 14;
2776 2448 80 76 A
2904 2444 328 92 31096;
3292 2452 248 76 John
3588 2452 296 88 Wiley
3936 2456 68 76 &
4060 2472 240 56 sons.

616 2560 180 76 inc.
928 2560 536 92 (30-31374)
3840 2556 296 80 12742

476 2744 488 120 Hedges,
1024 2744 388 100 James
1472 2740 204 100 Bla
1684 2740 32 100 i
1728 2776 172 72 ne.

612 2892 388 136 Henry
1052 2892 104 104 V
1160 2892 328 104 illard
1548 2896 212 100 and
1812 2896 184 96 the
2048 2892 508 132 railways
2612 2896 124 96 of
2788 2896 184 96 the
3024 2892 660 132 Northwest,
3736 2896 144 128 by
3932 2892 372 104 James

480 3044 388 100 Blaine
936 3040 444 132 Hedges
1460 3048 64 104 …
1720 3044 264 96 New
2056 3044 428 128 Haven,
2556 3044 280 100 Yale
2908 3040 608 136 university
3592 3076 352 96 press;
4020 3044 284 96 Lon-

476 3196 252 128 don,
776 3192 148 100 H.
980 3192 508 128 Milford,
1544 3188 440 108 Oxford
2040 3188 604 136 university
2700 3228 336 92 press,
3092 3196 288 96 1930.

600 3344 52 72 7
704 3364 80 72 p.
848 3344 32 72 1
884 3404 40 32 .,
984 3344 168 72 224
1204 3364 84 72 p.
1404 3364 284 72 maps.
1808 3344 52 72 2
1860 3344 112 92 31
1976 3348 28 40 -
1992 3348 68 52 "

608 3452 244 76 "The
916 3452 256 76 sixth
1228 3452 256 76 work
1540 3448 492 96 published
2092 3452 120 88 by
2272 3452 156 76 the
2492 3448 220 80 Yale
2780 3448 520 96 university
3356 3472 260 72 press
3684 3472 120 56 on
3864 3452 152 80 the
4084 3452 220 76 Wil-

472 3556 216 80 liam
748 3556 416 80 McKean
1216 3556 340 76 Brown
1612 3556 480 80 memorial
2148 3556 576 92 publication
2776 3556 324 80 fund."

604 3664 848 92 "Bibliographical
1516 3664 320 80 note":
1908 3688 84 68 p.
2064 3704 16 56 [
2088 3656 452 88 213J-217.

484 3796 100 96 ©
644 3804 192 76 Oct.
892 3804 132 88 31,
1080 3800 268 88 1930;
1408 3800 48 76 2
1464 3824 44 56 c
1520 3868 16 12 .
1592 3804 224 80 Nov.
1872 3804 104 88 7;
2036 3800 152 80 aff.
2248 3804 228 76 Nov.
2528 3804 100 88 4;
2692 3808 80 72 A
2824 3800 328 96 29862;
3212 3804 228 76 Yale
3496 3804 248 76 univ.
3804 3824 288 72 press.

632 3908 532 96 (30-31285)
3836 3908 292 84 12743

472 4096 452 120 Helder,
988 4096 380 124 Jacob,
1440 4132 116 68 co
1560 4136 112 60 m
1676 4132 104 96 p.

604 4244 504 108 Greatest
1180 4248 524 128 thoughts
1776 4280 140 64 on
1988 4244 760 136 immortality,
2820 4248 536 128 compiled
3432 4248 292 100 from
3796 4248 504 128 personal

476 4396 368 104 letters
896 4408 112 88 to
1068 4400 180 96 the
1308 4400 392 96 author
1760 4400 216 96 and
2032 4396 292 100 from
2380 4396 440 104 various
2876 4428 60 68 o
2944 4404 44 92 t
2992 4400 192 96 her
3244 4432 456 100 sources,
3756 4400 144 132 by
3956 4396 344 104 Jacob

472 4544 416 100 Helder
1072 4552 76 104 ….
1212 4544 260 100 New
1528 4544 344 124 York,
1920 4544 132 100 R.
2104 4544 128 100 R.
2296 4544 400 132 Smith,
2744 4544 112 100 in
2864 4584 52 60 c
2928 4624 60 52 .,
3040 4548 120 96 19
3172 4548 124 96 30
3308 4624 16 20 .

600 4696 164 76 xxi
772 4720 48 52 v
880 4724 104 68 p.,
1040 4700 52 72 2
1148 4700 80 88 1.,
1284 4696 276 80 3-183
1616 4716 84 72 p.
1816 4696 108 80 19
1932 4700 48 92 1
1984 4692 108 84 ".

484 4800 96 92 ©
636 4808 224 76 Nov.
916 4808 128 88 11,
1100 4808 268 88 1930;
1428 4808 48 72 2
1508 4812 48 76 '.
1604 4808 232 76 Nov.
1888 4808 152 76 12:
2104 4808 156 76 aff.
2312 4808 232 76 Nov.
2596 4808 160 88 13;
2812 4808 80 76 A
2944 4808 328 92 30581;
3332 4808 424 76 Richard
3804 4808 80 76 R
3896 4872 12 12 .
3972 4808 328 92 Smith,

612 4916 92 76 in
712 4940 48 56 e
768 4980 16 12 .
920 4916 536 92 (30-31235)
3836 4912 288 84 12744

472 5096 700 124 Henderson,
1228 5100 388 104 Cicero
1672 5100 248 100 Ado
1928 5100 36 96 l
1968 5100 328 124 phus,
2356 5104 328 100 1875-

604 5252 232 100 The
896 5252 672 132 psychology
1628 5252 124 100 of
1808 5252 484 100 business
2352 5264 796 120 management,
3208 5252 144 136 by
3416 5252 120 104 C.
3600 5252 136 100 A.
3804 5252 480 100 Hender-

468 5436 192 68 son
716 5412 64 104 …
984 5400 440 104 Babson
1472 5400 336 128 Park,
1864 5400 368 120 Mass.,
2284 5400 440 104 Babson
2776 5400 536 132 institute,
3376 5408 288 96 1930.

600 5552 164 76 136
812 5576 112 68 p.,
984 5552 48 76 8
1088 5552 56 76 1.
1260 5552 344 92 diagrs.
1716 5540 280 108 301"'.

600 5660 304 76 Blank
956 5660 312 76 leaves
1320 5660 152 76 for
1524 5660 392 76 "Notes"
1996 5660 96 92 (7
2144 5680 56 56 a
2208 5664 36 72 t
2300 5660 220 96 end)

600 5768 428 76 Includes
1092 5764 568 92 "Suggested
1720 5764 520 92 readings".

484 5868 92 88 ©
640 5876 188 80 Oct.
888 5880 72 92 1,
1020 5876 268 88 1930;
1348 5876 48 72 2
1404 5888 72 68 c.
1532 5880 196 76 Oct.
1788 5876 156 92 28;
2004 5880 76 72 A
2136 5876 328 92 30431;
2524 5876 92 76 C.
2676 5880 104 76 A.
2836 5880 576 92 Henderson,
3476 5880 488 88 Wellesley
4024 5876 128 76 Hi
4156 5880 64 72 ll
4232 5900 64 60 s,

608 6000 96 72 M
712 6008 172 56 ass.
1028 5984 532 100 (30-31287)
3832 5984 288 84 12745

472 6168 528 124 Herbert,
1060 6168 288 100 Alan
1400 6168 504 104 Patrick.

604 6320 208 100 Mr.
872 6320 488 132 Dough's
1424 6324 348 128 diary.
1916 6320 88 100 7.

628 6472 28 88 (
672 6468 48 76 I
736 6476 48 68 a
840 6468 72 84 P
920 6492 56 56 u
984 6468 180 84 nch
1216 6468 528 100 magazine,
1804 6468 204 84 Oct.
2068 6472 132 92 29,
2264 6468 276 96 1930)

484 6572 96 92 ©
652 6580 128 80 1c.
848 6584 216 76 Dec.
1136 6584 48 76 2
1192 6584 52 76 6
1248 6644 16 16 .
1336 6584 108 76 19
1452 6584 104 76 30
1592 6608 16 68 ;
1684 6588 76 72 A
1832 6588 120 72 ad
2020 6588 164 72 int.
2256 6584 324 92 14019;
2660 6588 264 88 pubd.
3008 6584 200 80 Oct.
3280 6584 156 80 29:
3516 6584 100 80 A.
3692 6584 100 76 P.
3864 6584 144 76 He
4016 6584 276 84 rbert,

612 6692 404 80 London.
3832 6688 288 80 12746

472 6872 436 124 Hewes,
980 6872 340 124 Amy,
1396 6876 324 104 1877-

600 7016 232 104 The
880 7016 732 108 contribution
1660 7020 120 100 of
1828 7020 592 104 economics
2468 7032 108 92 to
2628 7020 324 104 social
3004 7020 332 128 work,
3384 7020 140 120 by
3572 7020 284 108 Amy
3908 7020 116 96 H
4028 7052 268 64 ewes

600 7168 64 112 …
728 7164 260 104 New
1060 7164 340 132 York,
1464 7164 268 104 Pub.
1808 7168 176 100 for
2044 7172 180 100 the
2292 7164 260 108 New
2624 7168 308 100 York
2992 7172 364 100 school
3420 7168 120 100 of
3604 7164 324 104 social
4000 7164 292 104 work

472 7316 136 132 by
668 7308 568 108 Columbia
1300 7352 64 64 u
1372 7312 532 140 niversity
1956 7352 332 92 press,
2348 7320 288 96 1930.

604 7464 124 96 ix,
796 7464 168 80 135
1036 7488 112 72 p.,
1224 7472 48 72 1
1344 7472 52 72 1.
1516 7452 220 96 20"'.
1872 7468 136 92 (H
2016 7472 88 76 al
2116 7472 152 92 f-ti
2280 7476 68 72 tl
2360 7496 88 56 e:
2520 7472 192 76 The
2784 7472 344 76 Forbes
3200 7472 400 76 lectures
3672 7472 100 76 of
3844 7480 24 68 t
3884 7476 112 72 he
4076 7472 216 76 New

472 7572 248 80 York
772 7576 308 80 school
1128 7576 100 76 of
1276 7576 288 80 social
1616 7576 304 92 work)

2256 7692 52 92 1
2320 7692 52 92 9
2392 7688 116 100 75
