4752 8320
348 740 316 120 Kjer,
724 728 448 128 Ludvig
1228 728 392 124 Peder,
1688 736 328 96 1885-

468 880 228 100 The
784 876 400 104 church
1272 872 516 128 militant,
1864 872 180 100 the
2128 868 428 100 conflict
2636 868 468 100 between
3184 864 180 104 the
3452 860 396 104 church
3940 860 212 100 and

336 1032 192 100 her
600 1024 488 124 enemies,
1172 1024 136 128 by
1384 1020 120 104 L.
1592 1020 120 104 P.
1796 1016 308 132 Kjer.
2252 1016 764 128 Minneapolis,
3096 1016 384 124 Minn.,
3564 1012 592 132 Augsburg

336 1180 216 128 pub
556 1176 36 100 l
600 1176 368 128 ishing
1020 1172 328 100 house
1460 1184 32 40 °
1488 1200 20 64 '
1504 1172 120 96 19
1636 1172 56 96 3
1700 1172 60 96 0

472 1336 152 92 vii,
680 1336 164 76 120
896 1348 84 76 p.
1092 1328 564 92 20½ͨͫ.

356 1468 92 92 ©
504 1472 196 80 Oct.
744 1468 56 76 2
800 1472 56 72 5
860 1532 16 28 ,
924 1468 268 88 1930;
1248 1464 48 76 2
1360 1528 12 16 .
1428 1460 188 80 Oct.
1668 1464 156 88 31;
1880 1460 160 80 aff.
2088 1460 196 80 Oct.
2332 1460 160 92 30;
2544 1460 84 72 A
2668 1456 324 96 30287;
3052 1456 496 96 Augsburg
3588 1456 212 96 pub.
3852 1456 308 76 house.

500 1580 424 96 (31-504)
3700 1560 288 84 14077

348 1760 632 116 Lawrence,
1032 1756 488 100 William
1576 1748 584 124 Witherle,
2220 1752 188 100 187
2416 1756 60 96 6
2480 1816 64 12 -

480 1904 480 108 Selected
1056 1900 780 132 bibliography
1932 1896 120 104 of
2140 1892 536 104 medieval
2772 1892 564 104 literature
3432 1892 116 104 in
3644 1892 520 132 England

344 2056 284 100 from
704 2056 180 100 the
960 2048 652 132 beginnings
1688 2056 112 92 to
1872 2048 184 96 the
2132 2048 328 96 death
2536 2040 124 104 of
2736 2044 528 128 Chaucer,
3336 2044 272 100 with
3684 2040 480 132 syllabus

344 2200 120 108 of
552 2200 472 132 English
1116 2200 472 96 223-224
1672 2196 116 100 in
1884 2192 576 104 Columbia
2556 2188 608 136 university
3272 2232 36 76 [
3300 2188 152 136 by
3448 2232 32 76 ]
3588 2188 576 104 Professor

344 2352 168 104 W.
596 2352 100 100 W
628 2352 48 100 A
728 2432 20 20 .
808 2348 636 124 Lawrence;
1512 2344 360 100 issued
1936 2340 180 104 for
2176 2340 184 104 the
2424 2344 732 124 Department
3220 2336 124 104 of
3408 2336 472 136 English
3952 2336 212 104 and

344 2496 736 132 comparative
1172 2492 604 128 literature,
1868 2488 576 104 Columbia
2540 2488 608 132 university
3244 2488 112 100 in
3452 2488 184 100 the
3732 2488 220 132 city
4048 2488 124 100 of

344 2648 268 104 New
676 2644 336 100 York.
1148 2644 268 96 Rev.
1476 2640 160 100 ed.
1776 2640 264 100 New
2108 2636 344 128 York,
2520 2636 572 104 Columbia
3160 2636 612 132 university
3836 2672 336 96 press,

348 2800 288 96 1930.

480 2948 52 76 2
536 2948 52 80 3
648 2968 56 72 p
712 2980 16 44 .
844 2944 108 76 22
960 2944 48 96 ½
1036 2948 44 44 ͨͫ
1108 3008 16 20 .

360 3076 100 92 ©
528 3084 232 92 Aug.
820 3088 48 72 1
880 3080 48 76 5
936 3144 16 32 ,
1028 3080 264 84 1930;
1360 3084 52 68 2
1412 3100 52 60 c
1472 3140 20 16 .
1560 3080 228 88 Aug.
1856 3080 156 92 19;
2088 3076 132 76 aff
2228 3136 16 16 .
2312 3080 216 76 Dec.
2596 3076 160 92 29;
2828 3076 80 76 A
2968 3076 332 96 32454;
3376 3076 480 80 Columbia
3928 3100 60 52 u
4000 3080 176 80 niv.

484 3212 288 76 press.
908 3192 424 92 (31-474)
3712 3180 288 88 14078

352 3376 156 100 Le
576 3376 316 124 Glay,
956 3372 536 104 Maurice.

572 3528 60 104 …
692 3520 208 100 Les
984 3520 456 100 sentiers
1520 3520 128 100 de
1736 3520 104 100 la
1928 3552 388 100 guerre
2404 3528 104 92 et
2592 3520 128 100 de
2808 3516 512 132 l'amour;
3416 3516 320 104 récits
3828 3552 340 64 maro-

348 3704 116 68 ca
476 3672 116 100 in
596 3704 80 68 s.
800 3668 360 128 Paris,
1216 3664 1032 136 Berger-Levrault,
2312 3668 288 96 1930.

484 3824 48 80 3
580 3844 84 72 p.
716 3824 84 92 l.,
852 3844 200 68 v-x,
1104 3820 168 80 254
1316 3844 112 72 p.,
1480 3820 48 76 1
1580 3824 60 76 l.
1760 3824 32 72 1
1792 3828 480 84 9ͨͫ.

364 3972 96 96 ©
552 3976 224 96 July
860 3976 56 76 2
920 3976 48 76 5
972 4036 20 36 ,
1080 3972 112 80 19
1192 3976 52 76 3
1252 3976 96 88 0;
1448 3996 128 64 1c.
1660 3976 232 92 Aug.
1980 3976 160 88 29;
2232 3972 600 96 A-Foreign
2920 3972 268 92 8821;
3284 3976 28 72 É
3352 3984 64 72 d
3432 3972 76 80 it
3512 3976 88 76 io
3604 3996 116 56 ns
3808 3976 376 92 Berger-

488 4100 472 80 Levrault.
1096 4096 424 92 (31-630)
3716 4092 288 80 14079

356 4276 604 120 Lockhart,
1028 4276 296 104 John
1392 4272 792 128 Washington,
2252 4284 628 96 1824-1900.

492 4424 320 132 Sixty
872 4460 312 96 years
1240 4460 140 64 on
1440 4424 184 100 the
1688 4424 464 128 Brazos;
2220 4428 180 96 the
2464 4424 200 100 life
2728 4424 216 100 and
3008 4424 372 100 letters
3440 4424 124 100 of
3624 4424 196 100 Dr.
3884 4424 300 100 John

356 4572 732 132 Washington
1172 4572 592 128 Lockhart,
1848 4576 628 124 1824-1900,
2556 4572 144 132 by
2784 4572 268 104 Mrs.
3136 4572 404 104 Jonnie
3628 4572 548 104 Lockhart

356 4720 396 104 Wallis
828 4724 116 96 in
1020 4720 652 104 association
1748 4720 268 100 with
2092 4720 568 104 Laurance
2740 4724 120 96 L.
2944 4720 284 100 Hill.
3380 4720 216 104 Los
3676 4724 508 128 Angeles,

360 4868 372 128 Calif.,
784 4868 304 104 Priv.
1140 4872 336 128 print.
1548 4872 352 108 [Press
1952 4868 124 100 of
2128 4872 336 96 Dunn
2516 4868 320 132 bros.]
2908 4872 120 96 19
3036 4872 56 96 3
3104 4876 92 96 0.

488 5024 52 76 7
588 5044 80 72 p.
728 5032 28 68 l
760 5084 44 32 .,
856 5024 52 76 3
916 5024 104 76 36
1076 5044 84 72 p.
1272 5024 40 76 f
1320 5044 48 56 r
1372 5044 48 56 o
1428 5028 156 84 nt.,
1640 5024 324 92 plates,
2020 5028 288 88 ports,
2364 5028 208 72 coat
2624 5024 100 76 of
2776 5048 56 52 a
2840 5044 136 56 rm
2988 5048 64 64 s,
3112 5024 48 76 f
3160 5048 52 52 a
3220 5048 48 52 c
3272 5024 252 76 sims.
3640 5024 108 76 24
3756 5024 48 96 ½
3796 5024 20 76 ͨͫ
3888 5056 24 44 .

492 5132 272 76 "Two
820 5132 420 76 hundred
1296 5132 304 88 copies
1668 5132 56 84 …
1808 5132 240 76 have
2100 5132 232 76 been
2384 5132 372 92 printed
2812 5132 44 76 f
2860 5152 48 56 o
2920 5152 44 52 r
3016 5136 160 72 the
3232 5132 468 92 relatives,
3760 5136 428 76 descend-

356 5244 216 72 ants
636 5244 184 72 and
892 5240 360 76 friends
1324 5240 104 76 of
1496 5240 164 76 Dr.
1732 5240 244 76 John
2052 5240 616 92 Washington
2744 5240 552 76 Lockhart."
3424 5240 228 76 This
3724 5260 228 76 copy
4024 5244 164 76 not

356 5348 528 76 numbered.

372 5476 96 88 ©
532 5484 136 80 De
676 5508 44 56 c
728 5544 16 16 .
800 5484 132 92 23,
996 5484 268 92 1930;
1328 5484 52 72 2
1384 5504 48 56 c
1440 5544 16 16 .
1516 5484 184 76 and
1760 5504 52 56 a
1820 5484 72 72 ff
1896 5544 20 16 .
1976 5484 216 80 Dec.
2248 5484 160 92 27;
2468 5484 84 76 A
2608 5484 324 92 31807;
3000 5488 224 76 Mrs.
3288 5488 56 76 J
3356 5548 16 16 .
3432 5488 100 76 L.
3592 5488 176 76 Wa
3772 5488 64 72 ll
3844 5484 108 92 is,
4012 5484 72 76 L
4092 5508 48 52 o

500 5596 420 88 Angeles.
1056 5592 28 96 (
1100 5592 48 80 3
1156 5592 324 96 1-206)
3732 5588 284 84 14080

360 5776 424 124 Logan,
840 5772 368 104 Jessie
1264 5780 164 120 E.,
1480 5784 160 96 ed.

496 5916 428 140 Goodly
1016 5952 564 100 company,
1672 5960 56 64 a
1820 5920 280 104 book
2184 5924 124 100 of
2388 5924 620 128 quotations
3100 5924 208 100 and
3404 5924 512 132 proverbs
4016 5920 172 100 for

360 6068 320 100 chara
692 6104 52 64 c
748 6080 168 88 ter
984 6068 204 100 dev
1192 6104 56 64 e
1252 6068 432 132 lopmen
1688 6080 48 88 t
1744 6152 24 48 ,
1836 6072 140 136 by
2044 6068 344 108 Jessie
2452 6072 128 100 E.
2652 6072 96 96 L
2756 6108 56 60 o
2820 6104 216 100 gan
3092 6072 64 108 …
3300 6072 268 104 with
3640 6072 440 104 introdu
4076 6084 108 76 c-

360 6216 292 104 tions
716 6216 144 136 by
936 6216 376 108 Carrie
1384 6216 128 108 E.
1592 6216 308 108 Scott
1984 6228 64 104 …
2176 6220 216 100 and
2468 6220 328 104 Clara
2872 6224 172 104 W.
3116 6220 464 104 Nieman
3640 6228 64 104 …
3932 6216 252 108 Chi-

360 6400 296 96 cago,
724 6364 896 136 Beckley-Cardy
1680 6404 528 100 company
2320 6372 232 96 [ͨ193
2560 6376 60 92 0
2628 6436 28 64 ]

496 6528 164 76 221
716 6548 80 72 p.
916 6524 272 80 front.
1308 6524 228 84 19ͨͫ.

384 6656 96 92 ©
544 6664 136 76 De
656 6668 48 72 c
740 6724 16 16 .
816 6664 132 88 18,
1012 6664 264 88 1930;
1348 6660 124 80 2c.
1536 6668 180 72 and
1784 6684 48 56 a
1844 6664 72 76 ff
1924 6728 16 16 .
2004 6668 212 76 Dec.
2276 6664 164 92 29;
2504 6668 76 72 A
2644 6664 328 92 32452;
3040 6668 752 92 Beckley-Cardy
3852 6688 128 56 co.

528 6772 420 92 (31-513)
3732 6772 280 80 14081

372 6948 448 124 Lovett,
876 6956 484 100 William
1416 6956 424 124 Pierce,
1904 6956 324 108 1872-

504 7096 428 104 Detroit
1000 7100 288 100 rules
1352 7100 308 100 itself
1704 7096 204 136 [by
1892 7088 48 88 ]
2020 7100 496 108 William
2584 7104 124 104 P.
2776 7104 420 104 Lovett.
3336 7104 444 116 Boston,
3852 7112 128 96 R.
4060 7104 116 104 G.

372 7244 432 132 Badger
872 7316 28 64 1
904 7260 36 44 1
948 7256 188 92 [ͨ193
1148 7256 60 92 0
1212 7316 28 64 ]

504 7404 164 80 235
728 7424 80 72 p.
924 7404 308 80 front.,
1304 7412 284 88 ports.
1696 7408 560 84 19½ͨͫ.

384 7504 100 92 ©
544 7512 84 80 N
632 7532 112 60 ov
752 7580 16 12 .
828 7516 128 92 19,
1016 7516 272 88 1930;
1352 7520 124 76 2c.
1536 7516 136 76 De
1680 7540 44 56 c
1736 7580 16 16 .
1808 7516 104 92 9;
1976 7536 44 60 a
2036 7516 100 80 ff.
2196 7520 212 76 Dec.
2468 7520 100 76 3:
2636 7520 76 72 A
2768 7520 328 92 32114;
3164 7520 412 76 Richard
3640 7524 104 76 G.
3808 7524 72 72 B
3892 7540 40 56 a
3952 7524 244 88 dgr.

532 7624 424 92 (31-304)
3736 7628 288 80 14082

2156 7728 252 100 2194
