4800 8268
408 668 628 124 Crawford,
1100 668 500 104 Thomas
1660 664 1252 124 Dwight—Continued

404 820 528 132 Higgins'
1036 832 460 120 reports,
1600 828 52 88 8
1760 820 540 112 volumes;
2412 820 80 92 S
2500 816 532 100 hannon's
3136 844 324 88 cases,
3564 820 56 96 3
3728 812 532 108 volumes;

412 972 720 132 Thompson's
1204 1008 176 64 cas
1388 1004 52 68 e
1444 1000 48 64 s
1508 1056 20 20 .
1604 980 52 92 1
1732 972 484 96 volume;
2300 964 336 108 Court
2716 968 124 100 of
2912 968 396 128 appeal
3380 976 468 120 reports,
3952 980 64 104 6
4048 964 224 100 vol-

412 1160 348 68 umes:
848 1124 224 100 also
1148 1124 152 96 all
1376 1124 596 96 Tennessee
2056 1156 288 64 cases
2420 1112 616 136 appearing
3112 1112 120 104 in
3308 1116 184 100 the
3568 1112 468 104 Federal
4116 1152 156 64 re-

412 1288 372 116 porter
860 1276 328 100 down
1260 1280 112 92 to
1448 1308 100 60 v.
1628 1276 164 124 20,
1868 1268 392 104 second
2336 1268 364 128 series,
2780 1268 216 100 and
3076 1268 148 100 all
3304 1268 600 100 Tennessee
3980 1300 296 68 cases

412 1424 532 132 appealed
1004 1432 112 92 to
1180 1424 184 96 the
1432 1420 528 132 Supreme
2024 1424 308 96 court
2396 1420 124 100 of
2580 1420 184 100 the
2828 1416 108 104 U
2940 1412 160 104 nit
3116 1452 52 64 e
3176 1416 72 100 d
3316 1412 396 116 States,
3776 1416 324 100 down
4160 1432 116 84 to

412 1612 92 60 v.
572 1576 228 112 277,
872 1568 348 104 either
1292 1572 288 100 from
1648 1572 184 100 the
1908 1568 532 108 Supreme
2512 1576 292 96 court
2892 1568 124 100 of
3080 1568 636 112 Tennessee,
3788 1600 120 64 or
3980 1564 296 100 from

404 1720 180 104 the
656 1724 460 96 interme
1124 1724 68 96 d
1204 1724 216 96 iate
1492 1720 108 100 fe
1612 1720 68 100 d
1688 1724 228 96 eral
1984 1732 396 104 courts,
2448 1720 148 132 by
2664 1720 124 100 T.
2860 1720 104 96 D
2980 1804 16 16 .
3076 1712 384 104 Crawf
3468 1752 60 64 o
3536 1720 128 100 rd
3728 1728 64 104 …
4004 1752 72 64 v
4088 1800 20 16 .
4184 1728 56 84 5
4252 1796 16 20 .

408 1876 308 100 Libel
812 1876 216 96 and
1116 1872 440 100 slander
1648 1880 112 92 to
1852 1868 772 104 Prostitution.
2776 1864 160 108 St.
3032 1868 368 100 Louis.
3496 1868 480 104 Thomas
4064 1868 212 100 law

400 2024 284 100 book
744 2056 188 88 co.,
1000 2024 288 104 1930.

532 2180 52 76 3
640 2200 80 72 p.
784 2180 36 72 l
828 2240 40 28 .,
928 2176 276 76 4075-
1212 2180 56 72 5
1276 2176 168 76 079
1500 2200 84 72 p.
1700 2180 48 72 2
1756 2176 512 88 6ͨͫ.

408 2280 96 96 ©
560 2288 212 76 Feb.
828 2288 76 92 5,
956 2284 160 80 193
1124 2284 60 76 0
1208 2308 20 68 ;
1284 2288 52 72 2
1340 2308 48 52 c
1400 2348 12 16 .
1472 2288 212 76 Feb.
1736 2288 104 88 7;
1900 2284 156 84 aff,
2116 2284 216 80 Feb.
2384 2284 104 88 8;
2548 2284 76 76 A
2680 2284 324 88 19530;
3068 2284 96 76 T.
3224 2284 108 76 D.
3392 2284 524 88 Crawford,
3976 2284 288 76 Little

536 2396 284 92 Rock,
880 2396 220 80 Ark.
3868 2388 232 84 1574

404 2576 548 124 Crawley,
1024 2576 400 104 Edwin
1492 2576 592 120 Schofield,
2156 2588 332 96 1862-
2908 2608 56 68 e
2968 2576 104 108 d.

524 2724 396 104 Tables
964 2728 124 100 of
1124 2720 664 140 logarithms
1832 2736 112 92 to
1988 2724 208 104 five
2240 2728 364 128 places
2648 2728 128 100 of
2820 2724 520 104 decimals
3388 2724 268 100 with
3708 2724 556 132 auxiliary

396 2872 372 132 tables,
832 2876 368 104 edited
1256 2876 148 132 by
1468 2876 408 104 Edwin
1940 2872 108 108 S.
2116 2872 508 132 Crawley
2680 2884 64 108 …
2948 2876 268 100 Rev.
3280 2876 168 100 ed.
3584 2876 268 100 New
3916 2872 348 132 York,

392 3024 124 100 F.
580 3020 108 108 S.
756 3020 384 108 Crofts
1196 3028 92 96 &
1340 3060 188 100 co.,
1596 3032 288 96 1929.

528 3180 320 92 xxxvi,
912 3180 112 80 79
1080 3204 88 72 p.
1280 3184 572 80 21ͨͫ.

400 3284 96 96 ©
556 3292 216 76 Dec.
824 3292 132 80 24.
1012 3292 160 76 192
1180 3292 56 76 9
1268 3316 20 68 ;
1340 3292 52 76 2
1400 3316 48 52 c
1456 3356 16 12 .
1524 3296 184 76 and
1764 3316 52 52 a
1820 3300 104 76 ff.
1976 3296 216 76 Feb.
2248 3292 104 76 19
2356 3328 20 48 ,
2436 3292 112 76 19
2552 3292 112 80 30
2692 3316 16 68 ;
2768 3292 76 76 A
2896 3292 108 76 19
3012 3292 56 80 6
3068 3296 160 88 12;
3292 3292 96 76 F.
3452 3292 84 80 S.
3596 3292 320 76 Crofts
3976 3296 68 72 &
4096 3316 160 72 co.,

532 3400 172 80 inc.
820 3404 120 92 [©
1004 3424 204 52 new
1256 3424 84 52 m
1360 3432 48 60 a
1420 3408 184 72 tter
1652 3404 120 92 by
1824 3404 332 76 Edwin
2216 3404 84 80 S.
2356 3404 456 96 Crawley]
2944 3400 492 96 (30-6051)
3868 3400 228 76 1575

400 3556 392 120 Dame,
852 3556 456 100 Arthur
1360 3556 344 124 Kent,
1772 3568 332 96 1860-

532 3708 112 100 A
704 3708 360 136 digest
1120 3712 124 100 of
1300 3712 184 100 the
1544 3712 532 100 decisions
2132 3712 128 100 of
2316 3712 184 100 the
2564 3712 532 132 Supreme
3152 3724 312 88 court
3524 3712 124 100 of
3708 3704 568 108 Nebraska

404 3860 296 96 from
764 3864 188 96 185
964 3868 56 88 5
1084 3872 108 88 to
1252 3860 152 104 Ju
1412 3860 36 100 l
1456 3900 72 92 y
1596 3868 152 108 10,
1828 3868 280 124 1928,
2168 3868 504 124 reported
2744 3864 116 100 in
2924 3860 96 104 N
3032 3900 52 60 e
3092 3860 396 104 braska
3552 3872 428 120 reports
4088 3896 20 20 v
4120 3860 148 100 ol-

444 4028 68 76 u
512 4048 192 64 mes
784 4016 360 124 1-116,
1220 4052 60 60 a
1360 4024 248 120 part
1688 4016 124 96 of
1892 4016 192 100 117
2164 4016 216 96 and
2456 4008 716 104 "Unofficial"
3256 4016 460 128 reports,
3788 4012 488 100 volumes

412 4168 48 88 1
464 4220 68 12 -
536 4168 56 84 5
608 4244 24 24 ,
728 4164 216 100 and
1048 4156 116 108 in
1256 4164 188 100 the
1544 4160 836 104 Northwestern
2480 4172 492 120 reporter
3076 4164 484 100 volumes
3668 4168 360 100 1-220,
4132 4160 144 124 by

404 4312 292 96 Arth
700 4348 72 64 u
784 4348 52 64 r
896 4312 144 100 K.
1108 4312 292 100 Dam
1408 4348 52 64 e
1544 4316 68 104 …
1720 4316 216 100 and
2000 4312 156 100 Ra
2176 4312 24 96 l
2220 4316 152 128 ph
2444 4312 104 104 S.
2620 4316 488 132 Moseley
3104 4352 28 56 .
3200 4348 140 64 LL
3344 4396 20 16 .
3428 4348 64 64 B
3504 4396 16 12 .
3668 4352 96 60 v.
3836 4320 88 92 6.
3992 4312 280 100 Wit-

400 4496 356 68 nesses
832 4476 108 88 to
1016 4460 324 104 Year.
1496 4460 164 108 St.
1732 4464 364 100 Louis.
2176 4464 120 92 M
2304 4500 60 64 o
2376 4544 16 20 .
2408 4548 24 20 ,
2504 4468 480 100 Thomas
3060 4468 208 96 law
3336 4468 292 96 book
3700 4496 580 96 company,

404 4616 292 96 1929.

528 4768 52 72 1
648 4788 80 72 p.
796 4768 32 68 l
836 4828 44 32 .,
944 4768 168 76 496
1116 4820 20 20 3
1168 4792 52 32 -
1232 4768 108 76 56
1344 4768 52 80 3
1404 4768 52 76 3
1524 4792 60 72 p
1592 4832 12 20 .
1724 4764 1020 84 26½ͨͫ.

404 4860 100 92 ©
564 4876 216 76 Feb.
840 4876 132 92 13,
1028 4876 268 76 1930;
1364 4880 132 76 2c.
1556 4880 216 80 Feb.
1832 4880 160 88 17;
2056 4880 156 80 aff.
2276 4880 216 80 Feb.
2556 4880 104 76 19
2684 4888 24 64 ;
2780 4880 76 76 A
2916 4880 328 84 19619;
3312 4880 412 80 Thomas
3780 4880 84 76 la
3884 4904 84 52 w
4024 4880 240 76 book

528 5004 132 60 co.
3868 4984 232 84 1576

404 5136 288 124 Day,
744 5140 556 100 Marshall
1352 5140 520 128 Mallory,
1936 5152 320 96 1884-

536 5288 328 104 Brief
920 5304 308 92 notes
1292 5324 140 72 on
1492 5296 184 100 the
1740 5296 656 100 ceremonial
2456 5300 128 96 of
2644 5296 484 136 bishops,
3188 5300 148 132 by
3396 5300 184 100 the
3644 5296 268 104 Rev.
3976 5296 128 96 M
4108 5336 168 60 ar-

404 5440 284 104 shall
740 5444 156 96 M.
948 5444 288 128 Day,
1292 5476 48 64 S
1344 5488 24 52 .
1424 5480 44 64 T
1496 5528 20 20 .
1572 5480 64 60 B
1648 5524 16 16 .
1812 5444 696 132 Milwaukee,
2560 5448 308 124 Wis.,
2920 5444 652 108 Morehouse
3628 5444 648 136 publishing

404 5624 212 96 co.;
676 5588 496 136 London,
1228 5596 136 96 A.
1420 5596 136 100 R.
1612 5596 580 132 Mowbray
2244 5600 88 96 &
2384 5632 152 68 co.
2608 5628 32 80 [
2648 5604 296 124 1930]

524 5744 96 80 vi
668 5764 116 76 p.,
832 5748 48 76 1
936 5748 32 76 l
980 5808 44 32 .,
1084 5744 132 96 59,
1284 5748 20 68 [
1300 5752 128 84 1]
1436 5772 84 72 p.
1636 5748 636 88 19½ͨͫ.

408 5840 96 92 ©
564 5856 212 80 Feb.
832 5856 136 96 10,
1028 5860 268 80 1930:
1360 5860 48 76 2
1420 5880 40 56 c
1472 5920 16 16 .
1544 5864 188 72 and
1784 5860 164 80 aff.
2008 5860 208 76 Feb.
2276 5864 164 88 21;
2500 5864 80 72 A
2636 5864 332 92 19713;
3032 5864 560 80 Morehouse
3644 5864 188 96 pub
3840 5924 16 20 .
3916 5884 108 56 co
4032 5924 16 16 .

552 5964 28 92 (
596 5968 52 76 3
656 5964 384 96 0-6073)
3872 5968 228 84 1577

404 6112 676 132 Dictionary
1140 6128 124 96 of
1320 6124 596 100 American
1976 6124 664 136 biography,
2696 6132 356 100 under
3108 6128 188 104 the
3356 6128 500 132 auspices
3908 6128 128 100 of
4092 6128 184 96 the

536 6272 596 104 American
1192 6272 424 104 council
1684 6280 124 96 of
1868 6280 444 100 learned
2380 6280 516 100 societies.
3048 6280 208 100 Ed.
3320 6284 148 108 by
3532 6280 336 100 Allen
3928 6276 348 104 John-

540 6452 192 68 son
812 6424 220 100 and
1112 6424 420 100 Dumas
1612 6420 472 104 Malone.
2308 6464 96 64 v.
2488 6436 88 92 4.
2668 6428 316 104 Chan
2996 6428 112 100 fr
3116 6424 292 104 au-C
3428 6464 72 64 u
3508 6428 356 128 shing.
4008 6428 272 96 New

544 6572 344 116 York,
952 6572 456 104 Charles
1472 6572 604 108 Scribner's
2136 6612 284 64 sons.
2488 6584 280 92 1930.

532 6728 32 72 i
564 6732 60 60 x
644 6788 16 32 ,
724 6728 160 76 637
944 6748 80 72 p.
1136 6728 60 76 2
1192 6724 448 84 6ͨͫ
1348 6792 16 16 .

412 6824 96 96 ©
564 6836 212 76 Feb.
832 6836 132 92 26,
1016 6836 272 92 1930;
1344 6836 128 80 2e.
1528 6844 184 72 and
1764 6836 100 80 af
1864 6836 60 80 f.
2028 6828 100 96 Ma
2144 6860 72 60 r.
2272 6840 56 76 5
2356 6860 16 60 ;
2432 6840 80 76 A
2560 6844 332 88 20077;
2948 6844 308 76 Amer.
3316 6844 360 76 council
3728 6844 104 76 of
3876 6844 388 76 learned

540 6964 44 56 s
592 6964 48 56 o
648 6944 348 92 cieties,
1052 6944 648 96 Washington.
3872 6944 228 84 1578

408 7092 456 124 Duffus,
924 7096 428 104 Robert
1416 7100 476 108 Luther.

532 7240 616 136 Mastering
1232 7280 60 68 a
1376 7248 700 128 metropolis;
2164 7252 552 132 planning
2796 7252 184 104 the
3068 7252 376 104 future
3528 7256 124 100 of
3732 7256 184 100 the
4000 7256 268 96 New

404 7388 312 104 York
776 7388 416 136 region,
1244 7392 152 136 by
1456 7396 132 100 R.
1648 7396 128 108 L.
1840 7396 440 104 Duffus.
2416 7400 272 100 New
2748 7400 316 104 York
3128 7404 216 100 and
3412 7404 496 112 London,
3972 7404 292 112 Har-

400 7572 196 96 per
644 7544 104 100 &
796 7540 536 140 brothers,
1388 7548 292 100 1930.

2200 7696 204 108 243
