4800 8268
2156 7640 200 104 317

312 592 640 124 [Joachim,
1016 592 432 108 Carroll
1460 660 24 64 ]

484 744 300 104 Joe's
832 756 356 92 motor
1240 744 372 136 repair
1668 784 572 92 processes.
2400 748 520 128 [Topeka,
2976 744 328 136 Kan.,
3396 752 196 116 ͨ193
3604 752 60 92 0
3660 764 28 96 ]

484 900 544 92 cover-title,
1088 900 164 76 162
1308 920 88 72 p.
1508 896 348 96 diagrs.
1968 896 504 88 19ͨͫ.

480 1008 396 76 Preface
928 1008 380 92 signed:
1364 1008 368 80 Carroll
1784 1004 456 80 Joachim.

352 1116 96 88 ©
520 1116 212 76 Jan.
800 1116 132 80 31.
1000 1116 112 76 19
1112 1116 48 76 3
1168 1116 100 88 0;
1340 1116 128 80 2c.
1540 1116 216 80 Feb.
1824 1112 156 92 10;
2056 1116 156 76 aff.
2284 1116 216 80 Feb.
2564 1116 160 88 26;
2800 1116 76 76 A
2944 1112 332 96 18965;
3348 1116 416 76 Thomas
3828 1116 364 80 Carroll

484 1224 456 92 Joachim,
1004 1224 508 92 Chapman,
1572 1240 88 76 K
1672 1244 144 56 an.
1952 1224 488 96 (30-7122)
3804 1220 232 84 2095

352 1404 372 124 Kahn,
780 1404 508 104 Theresa
1340 1404 132 104 G.

476 1552 108 100 A
632 1552 332 100 series
1016 1552 128 100 of
1192 1552 168 100 six
1412 1552 316 104 radio
1780 1552 292 100 talks
2124 1592 136 64 on
2324 1552 560 132 debating,
2936 1556 148 128 by
3140 1552 476 104 Theresa
3676 1552 132 108 G.
3864 1552 340 108 Kahn

392 1700 68 112 …
528 1700 220 104 and
804 1700 496 104 Richard
1356 1700 500 132 Murphy
1920 1700 68 112 …
2188 1768 20 64 [
2220 1700 664 136 Pittsburgh
2896 1768 24 64 ]
2996 1708 288 96 1929.

476 1856 56 80 3
596 1876 112 72 p.,
776 1856 48 76 1
892 1856 32 76 l
932 1916 48 36 .,
1048 1852 220 84 5-65
1336 1880 84 72 p.
1532 1860 56 76 2
1592 1856 448 88 3ͨͫ
1744 1920 16 16 .
1892 1856 600 96 (University
2560 1860 100 76 of
2728 1856 584 96 Pittsburgh.
3432 1856 300 80 Radio
3808 1860 400 92 publica-

352 1972 36 72 t
392 1960 32 80 i
428 1984 116 60 on
596 1984 148 60 no.
804 1964 52 80 5
860 1964 100 92 5)

484 2072 580 80 "Broadcast
1152 2076 248 76 from
1492 2072 160 80 the
1744 2076 548 92 University
2380 2076 104 76 of
2572 2072 556 96 Pittsburgh
3224 2072 312 80 studio
3636 2080 104 72 of
3824 2076 384 92 KDKA,

348 2180 720 92 Westinghouse
1140 2180 368 88 electric
1588 2184 184 76 and
1848 2180 780 96 manufacturing
2700 2204 480 76 company,
3260 2180 580 96 Pittsburgh,
3924 2188 288 76 Penn-

344 2288 524 92 sylvania."

484 2396 364 80 "Select
904 2396 760 96 bibliography":
1728 2420 80 72 p.
1868 2396 136 84 62.

352 2500 96 96 ©
516 2508 212 80 Feb.
788 2512 80 88 5,
928 2508 112 80 19
1040 2512 48 76 3
1096 2512 104 88 0;
1264 2512 128 76 2c.
1456 2512 232 76 Mar.
1752 2512 104 84 7;
1920 2512 160 76 aff.
2144 2512 232 76 Mar.
2444 2512 96 80 6:
2608 2512 80 72 A
2748 2512 328 88 20126;
3148 2512 544 92 University
3760 2512 96 76 of
3920 2512 264 76 Pitts-

480 2620 328 88 burgh,
868 2620 576 92 Pittsburgh.
1584 2620 92 92 (3
1684 2620 56 76 0
1740 2620 328 92 -7221)
3808 2616 232 80 2096

356 2792 532 128 Kendrie,
944 2800 388 100 Frank
1388 2800 380 124 Estes,
1828 2800 332 104 1887-

476 2944 636 100 Handbook
1156 2980 140 68 on
1340 2948 668 132 conducting
2056 2948 220 104 and
2320 2948 604 104 orchestral
2968 2948 436 104 routine
3452 2948 180 100 for
3676 2948 188 104 the
3908 2984 300 96 pros-

352 3092 416 132 pective
856 3100 596 100 conductor
1536 3096 128 104 of
1748 3096 352 104 either
2188 3100 388 100 chorus
2656 3132 124 68 or
2868 3100 556 100 orchestra
3524 3100 212 132 [by]
3832 3100 384 100 Frank

352 3244 312 100 Estes
720 3248 496 100 Kendrie
1296 3248 68 104 …
1520 3248 268 100 New
1844 3244 348 132 York,
2248 3248 232 104 The
2536 3248 148 104 H.
2740 3244 108 96 N
2896 3328 20 24 .
2972 3248 312 132 Gray
3340 3280 148 68 co.
3600 3248 480 112 [ͨ1
3704 3256 192 92 930
3912 3312 20 64 ]

476 3404 112 76 45
640 3424 84 72 p.
832 3404 252 80 illus.
1136 3404 392 96 (music)
1600 3404 348 96 diagrs.
2056 3396 600 88 23½ͨͫ.

480 3512 728 92 Bibliography:
1272 3532 88 76 p.
1408 3516 56 76 4
1468 3512 48 80 3
1520 3512 196 80 -44.

356 3612 96 96 ©
512 3620 212 80 Feb.
780 3620 56 76 2
840 3620 56 80 6
888 3652 24 56 ,
972 3624 48 76 1
1028 3620 168 80 930
1228 3644 16 68 ;
1304 3624 128 76 2c.
1492 3624 184 76 and
1744 3636 48 68 ti
1792 3620 72 76 ff
1872 3684 12 16 .
1948 3624 212 76 Feb.
2216 3624 160 88 28;
2440 3624 76 76 A
2572 3620 328 96 20021;
2960 3628 112 76 H.
3140 3624 136 80 W.
3336 3624 256 92 Gray
3648 3644 128 60 co.

504 3724 488 100 (30-7203)
3812 3728 236 84 2097

352 3904 512 128 Kinsley,
920 3908 412 128 Philip,
1392 3920 332 96 1880-

488 4064 232 100 The
780 4064 304 100 truth
1148 4064 332 100 about
1536 4064 184 104 the
1776 4064 688 132 prohibition
2516 4064 500 136 killings,
3072 4068 144 136 by
3272 4064 384 132 Philip
3716 4064 500 108 Kinsley.

368 4208 560 140 [Chicago]
1004 4212 488 136 Chicago
1552 4216 440 100 tribune
2064 4208 368 140 [ͨ1930]

480 4364 56 80 9
540 4368 52 76 6
640 4388 84 72 p.
840 4368 248 76 illus.
1144 4368 144 92 (in
1296 4372 80 76 cl
1384 4432 20 16 .
1460 4372 344 92 ports.)
1932 4364 444 88 21ͨͫ.

360 4472 96 96 ©
516 4480 212 84 Feb.
784 4480 136 92 24,
976 4480 108 76 19
1088 4480 52 76 3
1144 4480 104 76 0;
1304 4480 136 80 2c.
1496 4480 184 76 and
1736 4496 48 64 a
1796 4480 100 80 ff.
1956 4484 212 80 Feb.
2228 4480 156 96 28;
2444 4484 84 72 A
2584 4480 328 96 18975;
2976 4480 412 80 Tribune
3448 4504 156 72 co.,
3668 4480 432 96 Chicago.

500 4588 488 96 (30-7131)
3796 4588 232 84 2098

356 4764 696 128 KleinSmid,
1108 4768 384 104 Rufus
1540 4772 600 100 Bernhard
2192 4804 256 88 von,
2508 4772 312 104 1875-

584 4920 60 112 …
704 4916 540 108 Effective
1320 4924 332 132 study
1728 4924 656 132 procedures
2464 4924 120 100 in
2656 4924 376 132 junior
3112 4924 408 136 college
3600 4928 220 104 and
3892 4924 336 104 lower

360 5068 480 108 division
896 5108 464 96 courses,
1408 5072 148 132 by
1608 5072 368 108 Rufus
2032 5080 124 96 B.
2216 5112 216 68 von
2484 5076 116 100 K
2600 5076 44 100 l
2648 5072 500 108 einSmid
3216 5076 68 112 …
3392 5080 212 100 and
3664 5076 384 100 Frank
4108 5072 120 108 C.

356 5224 164 100 To
524 5260 72 64 u
604 5236 184 88 ton
856 5232 68 104 …
1124 5224 216 108 Los
1396 5224 428 132 Angele
1828 5264 48 64 s
1888 5312 24 48 ,
1972 5236 124 92 19
2104 5232 60 92 2
2176 5236 84 92 9.

480 5380 52 76 3
604 5400 88 72 p.
768 5380 88 88 l.,
932 5380 168 76 117
1172 5400 116 72 p.,
1364 5380 48 76 1
1488 5380 64 80 1.
1692 5380 52 76 2
1748 5376 504 88 3½ͨͫ
1960 5440 16 20 .
2168 5380 596 96 (University
2872 5384 100 80 of
3084 5384 472 80 Southern
3656 5384 560 80 California.

352 5488 404 76 Studies.
872 5488 528 76 Education
1456 5508 208 76 ser.,
1720 5512 148 56 no.
1920 5488 100 96 8)

480 5596 544 76 Half-title:
1088 5596 788 76 Semicentennial
1928 5596 632 96 publications
2616 5600 100 76 of
2768 5600 156 80 the
2984 5600 552 92 University
3588 5600 104 80 of
3748 5600 468 80 Southern

352 5704 556 80 California.

484 5812 732 92 Bibliography:
1268 5812 48 76 1
1372 5812 196 76 leaf
1616 5816 104 76 at
1772 5816 204 76 end.

356 5896 100 88 ©
516 5920 196 76 Oct.
768 5920 52 76 3
824 5920 80 92 1,
960 5920 48 76 1
1020 5912 52 76 9
1072 5920 48 76 2
1124 5920 64 72 9
1216 5944 12 64 ;
1292 5920 124 76 2c.
1476 5924 184 76 and
1720 5924 156 76 aff.
1936 5924 84 72 N
2024 5944 48 56 o
2084 5944 72 52 v.
2224 5924 48 72 2
2280 5916 52 76 9
2364 5944 16 68 ;
2444 5924 80 72 A
2576 5924 116 76 19
2692 5924 52 76 0
2744 5924 56 80 7
2804 5924 48 80 3
2888 5944 20 72 ;
2972 5924 548 96 University
3576 5932 104 72 of
3740 5928 472 80 Southern

492 6028 556 80 California.
1184 6028 28 96 (
1228 6032 48 80 3
1288 6028 384 96 0-7000)
3820 6032 232 84 2099

356 6184 632 120 Koopman,
1048 6184 372 100 Sieste
1472 6184 548 100 Bernard.

496 6332 772 104 Fundamenta
1276 6340 88 96 ls
1448 6340 120 100 of
1640 6340 768 132 bookkeeping
2488 6340 216 100 and
2784 6344 688 132 accounting,
3544 6344 148 132 by
3776 6344 104 104 S.
3960 6340 80 88 b
4072 6384 156 64 er-

356 6520 72 64 n
440 6484 200 100 ard
692 6484 180 100 Ko
880 6520 60 64 o
952 6520 328 96 pman
1348 6492 68 104 …
1516 6488 216 104 and
1784 6488 96 96 R
1892 6524 60 64 o
1960 6524 72 96 y
2080 6492 124 96 B.
2260 6488 396 104 Kester
2740 6492 68 104 …
2984 6500 164 92 1st
3196 6532 160 80 yr.
3412 6532 400 64 course.
3964 6496 264 96 Rev.

360 6636 160 100 ed.
668 6636 272 100 New
992 6636 348 116 York,
1396 6640 236 100 The
1684 6640 444 100 Ronald
2188 6676 296 96 press
2544 6676 544 100 company
3148 6636 376 136 [ͨ1930]

488 6812 88 68 x,
632 6788 176 80 404
860 6808 80 72 p.
1056 6788 328 80 forms.
1496 6788 540 84 22ͨͫ.

364 6888 92 88 ©
524 6896 212 80 Jan.
792 6896 56 76 2
848 6896 48 80 3
908 6956 20 36 ,
984 6896 104 80 19
1096 6900 52 76 3
1156 6896 100 92 0;
1320 6900 128 76 2c.
1508 6904 188 76 and
1756 6900 156 80 aff.
1972 6904 212 76 Jan.
2248 6904 156 88 27;
2472 6904 76 76 A
2608 6904 328 92 18386;
3000 6904 368 80 Ronald
3432 6928 260 72 press
3756 6932 128 56 co.

3824 7012 232 84 2100

360 7108 352 120 Korn,
772 7100 368 128 Ralph
1200 7108 548 124 Herman,
1808 7120 332 96 1882-

492 7252 544 132 Building
1092 7256 188 100 the
1340 7268 492 92 amateur
1896 7292 332 96 opera
2288 7296 596 96 company;
2956 7300 60 64 a
3076 7264 332 124 guide
3476 7264 176 100 for
3716 7300 500 96 prospec-

360 7400 216 104 tive
648 7404 628 132 organizers
1348 7408 124 100 of
1540 7416 492 92 amateur
2104 7444 332 96 opera
2508 7412 656 132 companies,
3236 7412 476 136 offering
3776 7416 444 128 helpful
