4752 8320
2168 7648 260 108 1711

348 688 708 120 Shropshire,
1128 680 312 108 Olive
1504 676 1064 108 Estil-Continued

480 844 188 92 viii,
724 844 168 76 262
948 864 80 68 p.
1144 860 104 56 co
1252 840 60 76 l.
1372 836 284 80 front.
1712 832 328 96 (port.)
2116 832 244 76 illus.
2480 832 44 72 1
2532 832 52 76 9
2588 836 48 40 ͨͫ
2684 892 12 16 .
2832 832 240 88 (The
3132 828 188 92 city
3380 828 364 88 history
3808 828 332 88 series)

368 948 68 100 ©
524 952 224 92 Aug.
816 952 72 76 1,
956 948 264 76 1930;
1288 948 132 76 2c.
1484 948 188 76 and
1736 964 44 56 a
1792 944 96 76 ff.
1960 944 192 76 Oct.
2220 944 152 88 11;
2448 940 76 76 A
2584 936 332 92 28794;
2988 936 384 76 Charles
3440 940 100 76 E.
3608 936 360 76 Merrill
4036 956 100 56 co
4148 1000 16 12 .

508 1056 532 96 (30-27844)
3700 1040 292 80 11092

348 1240 260 100 Stee
616 1240 32 96 l
660 1268 92 92 e,
816 1236 332 120 John,
1224 1244 120 96 18
1348 1244 124 92 32
1476 1244 200 92 -19
1684 1240 124 96 05
1820 1316 16 20 .

480 1388 400 96 Across
944 1384 184 100 the
1196 1384 360 132 plains
1628 1384 112 96 in
1820 1388 280 120 1850,
2168 1380 144 128 by
2380 1380 296 104 John
2752 1376 400 116 Steele;
3232 1376 360 104 edited
3660 1376 268 100 with
4004 1376 152 100 in-

352 1532 620 104 troduction
1032 1532 216 100 and
1308 1540 308 92 notes
1672 1532 144 128 by
1876 1528 412 132 Joseph
2360 1528 464 108 Schafer
2892 1536 60 112 …
3080 1528 728 100 illustrations
3872 1528 284 96 from

348 1684 476 100 hitherto
972 1676 732 132 unpublished
1860 1684 832 120 contemporary
2840 1676 584 132 drawings.
3652 1676 512 132 Chicago.

348 1832 460 100 Printed
860 1828 180 100 for
1092 1828 184 100 the
1328 1828 228 108 Cax
1568 1840 188 88 ton
1808 1828 280 112 club,
2148 1832 284 96 1930.

480 1984 352 76 xxxvii.
892 1984 164 76 234
1112 2008 80 68 p.
1204 2044 20 28 ,
1284 1984 48 72 1
1392 1988 52 68 l.
1560 1984 316 88 front.,
1932 1984 332 88 plates,
2320 1984 264 88 port.,
2648 1980 224 76 fold.
2932 2000 240 72 map.
3292 1980 224 76 22

480 2092 240 76 Title
776 2092 436 92 vignette.

488 2200 180 76 "Of
716 2200 192 76 this
960 2200 260 88 book,
1280 2200 436 88 designed
1776 2200 120 88 by
1944 2196 416 80 William
2416 2196 104 76 A.
2576 2196 520 92 Kittredge,
3160 2200 256 72 three
3480 2200 180 72 hun
3676 2200 48 72 d
3748 2200 148 72 red
3964 2196 100 76 fif
4076 2204 28 68 t
4116 2216 56 60 y

352 2308 304 92 copies
716 2308 240 76 have
1016 2308 228 76 been
1308 2304 372 92 printed
1740 2308 244 76 from
2048 2312 216 84 type
2328 2308 96 72 at
2492 2304 156 76 the
2712 2304 456 76 Lakeside
3232 2324 284 72 press,
3584 2308 36 72 I
3620 2312 32 68 t
3660 2340 20 40 .
3764 2312 100 72 I.
3936 2308 76 72 D
4024 2328 140 52 on-

356 2416 296 88 nelley
700 2416 68 72 &
820 2436 208 56 sons
1080 2412 532 92 company."
1728 2412 228 80 This
2004 2432 228 72 copy
2284 2416 156 72 not
2492 2412 536 80 numbered.

492 2524 240 76 "The
820 2524 436 76 material
1344 2520 476 92 reprinted
1900 2524 96 72 in
2084 2524 152 76 the
2328 2528 376 84 present
2784 2524 368 72 volume
3244 2540 188 56 was
3520 2528 200 72 also
3804 2524 360 92 printed

356 2632 380 88 serially
784 2632 96 76 in
936 2632 156 76 the
1140 2632 228 76 Lodi
1424 2632 324 88 Valley
1800 2652 280 68 news,
2136 2632 152 76 the
2348 2628 308 80 initial
2712 2628 580 76 installment
3348 2652 52 52 a
3416 2632 444 88 ppearing
3916 2632 248 92 April

356 2740 68 76 8,
492 2740 156 76 the
708 2740 552 88 concluding
1316 2756 168 60 one
1544 2740 512 76 November
2116 2740 136 88 18,
2312 2736 780 80 1899."

496 2848 248 76 "The
812 2848 412 76 hitherto
1284 2848 620 88 unpublished
1968 2848 428 76 sketches
2460 2848 568 88 reproduced
3092 2848 96 76 in
3256 2848 188 76 this
3512 2852 360 72 volume
3940 2872 236 52 were

356 2960 264 72 made
680 2956 96 76 in
828 2956 248 92 1849,
1132 2956 212 92 and,
1400 2976 116 56 on
1572 2956 232 92 good
1864 2956 508 88 authority,
2432 2976 160 56 are
2652 2956 516 76 attributed
3236 2956 312 76 to.Lie
3552 2980 56 52 u
3624 2960 320 72 tenant
4004 2960 168 72 An-

356 3068 256 72 drew
668 3064 408 76 Jackson
1136 3064 436 92 Lindsay,
1632 3064 104 76 of
1796 3064 148 76 the
2012 3064 100 68 M
2112 3064 344 76 ounted
2516 3064 136 72 rif
2624 3064 40 72 l
2672 3084 48 56 e
2784 3064 476 88 regiment,
3332 3064 364 76 Colonel
3764 3068 392 72 William

360 3172 272 96 Wing
680 3172 344 96 Loring
1072 3172 932 92 commanding.&
2056 3192 276 56 xxxv.

372 3260 88 88 ©
528 3284 224 92 July
808 3284 128 92 28,
996 3280 272 80 1930;
1332 3280 128 80 2c.
1520 3280 228 92 Aug.
1812 3280 52 72 8
1896 3304 12 60 ;
1976 3280 156 76 aff.
2200 3280 244 92 Sept.
2508 3280 156 88 17;
2732 3280 76 76 A
2868 3280 328 88 29053;
3268 3280 360 80 Caxton
3688 3284 240 72 club.
4048 3320 24 56 [
4088 3284 88 80 ©

496 3392 632 76 introduction
1176 3388 68 72 &
1288 3396 264 72 notes
1596 3392 116 92 by
1760 3388 344 96 Joseph
2160 3388 416 96 Schafer,
2624 3388 632 80 illustrations
3300 3392 120 92 by
3468 3392 400 76 Andrew
3920 3392 268 80 Jack-

504 3520 160 60 son
720 3500 408 92 Lindsay
1296 3500 28 92 ]
1340 3500 116 76 30
1456 3500 376 92 -27842)
3724 3496 168 84 110
3900 3500 52 80 9
3960 3500 52 80 3

356 3680 512 120 Stevens,
936 3676 380 132 Louis,
1388 3680 328 108 1897–

492 3824 292 104 Here
844 3864 348 64 comes
1244 3832 448 100 Pancho
1748 3828 356 128 Villa;
2168 3828 184 104 the
2412 3832 568 96 anecdotal
3036 3832 428 132 history
3524 3828 120 104 of
3704 3856 52 76 a
3820 3832 364 108 genial

360 3972 356 136 killer,
796 3976 148 132 by
1028 3976 332 100 Louis
1452 3972 484 108 Stevens.
2096 3976 268 100 New
2452 3976 344 128 York,
2888 3976 592 100 Frederick
3568 3980 132 96 A.
3804 3976 384 108 Stokes

360 4156 572 96 company,
1000 4128 288 96 1930.

496 4276 52 76 4
600 4296 80 72 p.
740 4280 80 80 l.,
880 4272 164 80 309
1096 4296 84 72 p.
1296 4276 280 96 19½ͨͫ.

380 4380 92 88 ©
544 4388 196 76 Oct.
808 4384 72 92 9,
944 4388 48 72 1
1004 4384 100 80 93
1116 4388 100 88 0;
1284 4388 124 76 2c.
1480 4392 180 72 and
1728 4388 152 76 aff.
1952 4388 192 76 Oct.
2212 4388 156 84 11;
2436 4388 80 76 A
2580 4388 324 92 28819;
2976 4392 100 76 L.
3148 4392 412 92 Stevens,
3628 4392 220 76 New
3920 4392 272 80 York.

528 4496 532 92 (30-27936)
3732 4496 284 84 11094

372 4676 436 124 Stover,
872 4676 524 104 Webster
1456 4680 496 120 Schultz,
2012 4688 332 96 1902–

492 4820 456 100 Alumni
1028 4820 680 108 stimulation
1776 4824 144 132 by
1992 4824 184 104 the
2248 4824 584 104 American
2908 4828 404 132 college
3388 4832 580 124 president,
4048 4832 136 128 by

368 4968 480 104 Webster
916 4968 448 108 Schultz
1428 4972 384 104 Stover
1888 4972 64 108 …
2136 4976 260 100 New
2468 4976 304 100 York
2840 4976 252 132 city,
3164 4980 528 100 Teachers
3756 4980 432 132 college.

364 5116 568 104 Columbia
1008 5120 632 132 university,
1728 5128 284 96 1930.

496 5280 52 76 3
616 5300 80 72 p.
760 5280 88 92 1.,
912 5280 160 80 127
1132 5288 84 72 p.
1332 5280 164 96 23i
1496 5280 84 56 m
1592 5340 16 16 .
1748 5280 504 96 (Teachers
2320 5284 368 92 college,
2760 5288 64 72 C
2836 5288 76 72 ol
2932 5288 308 76 umbia
3312 5288 536 88 university.
3968 5288 68 72 C
4040 5300 48 56 o
4100 5312 88 52 n-

368 5384 496 80 tributions
916 5396 92 72 to
1060 5388 516 92 education,
1628 5408 144 60 no.
1824 5388 208 96 432)

504 5492 500 80 Published
1064 5516 40 52 a
1116 5496 84 72 ls
1204 5516 48 52 o
1312 5516 44 56 a
1380 5520 40 52 s
1472 5496 296 80 thesis
1844 5504 196 88 (PH.
2104 5504 128 88 D.)
2312 5504 156 76 Col
2480 5504 208 72 umb
2700 5500 84 76 ia
2852 5524 52 52 u
2912 5504 92 72 ni
3020 5524 40 52 v
3076 5496 312 100 ersity.

500 5604 712 92 Bibliography:
1276 5628 80 72 p.
1420 5604 412 80 117-127.

388 5704 96 96 ©
552 5712 212 92 July
832 5716 72 76 3.
968 5712 108 76 19
1080 5716 48 72 3
1136 5712 100 80 0:
1304 5712 52 76 2
1360 5736 48 56 c
1420 5776 12 16 .
1492 5716 232 88 Aug.
1788 5712 104 80 27
1916 5732 24 68 ;
2012 5712 116 80 af
2076 5712 96 80 f.
2244 5716 240 92 Sept.
2544 5712 164 96 26;
2772 5716 80 76 A
2908 5724 56 68 2
2972 5720 264 88 7810;
3308 5720 460 76 Teachers
3832 5724 340 80 college
4172 5760 20 40 .

516 5820 480 80 Columbia
1064 5820 544 92 university.
1748 5820 536 96 (30-27986)
3736 5828 284 84 11095

372 6004 512 124 Sturges,
968 6008 440 120 Wesley
1480 6004 328 108 Alba.

520 6152 324 104 Cases
920 6156 216 96 and
1208 6152 556 104 materials
1844 6192 132 64 on
2056 6156 184 104 the
2316 6156 208 104 law
2600 6156 128 104 of
2800 6160 352 100 credit
3224 6164 760 104 transactions,
4064 6160 136 108 by

384 6300 424 132 Wesley
912 6300 132 104 A.
1156 6300 456 132 Sturges
1700 6308 68 108 …
1980 6304 156 104 St.
2248 6308 316 128 Paul,
2664 6308 388 132 Minn.,
3156 6308 300 104 West
3564 6308 636 136 publishing

384 6488 564 96 company,
1020 6456 280 96 1930.

512 6608 124 88 xi,
692 6608 164 76 122
860 6608 52 68 8
968 6632 84 72 p.
1172 6608 48 76 2
1228 6608 100 80 64
1364 6612 84 76 ".

516 6716 248 76 Each
832 6720 460 92 appendix
1356 6728 260 84 preceded
1628 6716 60 72 d
1696 6716 20 64 '
1732 6716 56 72 d
1868 6720 112 92 by
2044 6716 452 84 half-title
2564 6728 160 72 not
2788 6720 428 80 included
3284 6724 96 80 in
3448 6720 156 84 the
3672 6720 360 96 piging.

396 6792 88 88 ©
552 6824 244 96 Sept.
848 6824 128 80 20,
1032 6824 268 80 1930;
1356 6828 52 72 2
1472 6860 24 32 c
1492 6860 24 32 .
1540 6852 40 52 a
1604 6848 52 52 n
1668 6832 52 72 d
1776 6828 136 72 aff
1920 6892 12 16 .
1992 6828 124 80 Oc
2128 6836 32 68 t
2172 6896 16 12 .
2240 6828 100 92 9;
2396 6832 80 76 A
2528 6832 324 92 29730;
2916 6836 256 76 West
3224 6836 208 88 pub.
3488 6852 132 60 co.

544 6932 532 96 (30-27942)
3744 6940 284 80 11096

384 7116 428 120 Talbot,
876 7116 312 104 Fritz
1244 7120 520 124 Bradley,
1832 7128 320 100 1878–

516 7268 212 96 Tre
736 7300 56 64 a
800 7276 348 92 tment
1212 7268 124 100 of
1408 7268 520 132 epilepsy,
1992 7272 144 132 by
2208 7272 308 100 Fritz
2588 7272 124 104 B.
2788 7276 396 100 Talbot
3268 7272 64 108 …
3520 7276 264 100 New
3856 7272 340 104 York.

384 7408 232 104 The
664 7412 636 108 Macmillan
1360 7452 572 96 company,
1996 7428 280 92 1930.
