4800 8320
2116 7672 256 96 1119

280 696 416 120 Myers,
760 692 436 120 George
1256 688 1300 108 Edmund-Continued

416 848 164 92 xii,
648 848 164 76 417
880 868 76 72 p.
1036 848 28 72 i
1072 868 56 52 n
1136 868 48 56 c
1188 848 56 80 l.
1312 848 316 88 front.,
1696 848 64 72 il
1768 848 28 72 l
1808 868 140 52 us.
2044 844 264 92 diagr
2316 864 44 56 s
2372 908 12 12 .
2500 844 224 76 21".
2948 840 104 96 $1
3064 904 16 16 .
3092 844 108 76 50

424 956 712 92 Bibliography:
1220 976 84 68 p.
1376 956 444 88 401-407;
1904 952 360 76 "Books
2344 956 88 72 to
2512 952 280 76 read"
2872 956 96 72 at
3044 952 176 76 end
3296 952 100 72 of
3472 952 240 76 most
3784 952 100 72 of
3956 956 156 72 the

284 1064 460 88 chapters.

296 1168 96 92 ©
460 1172 220 92 July
736 1172 76 92 7,
876 1168 268 88 1930;
1208 1164 52 76 2
1268 1192 68 56 c.
1400 1172 184 72 and
1648 1168 156 76 aff.
1868 1168 224 88 July
2152 1168 156 88 11;
2376 1168 80 72 A
2512 1164 328 92 26087;
2912 1164 228 76 McG
3148 1164 436 76 raw-Hill
3652 1164 52 76 b
3712 1168 180 72 ook
3952 1184 40 60 c
4004 1188 100 68 o.,

424 1280 172 76 inc.
724 1276 536 96 (30-18570)
3720 1268 232 84 7324

280 1432 280 100 New
612 1432 308 100 York
1000 1436 420 132 (State)
1580 1436 356 132 Laws,
1988 1444 492 124 statutes,
2536 1448 192 92 etc.

420 1576 464 104 General
948 1580 264 100 laws
1280 1576 120 100 of
1460 1576 188 100 the
1712 1584 276 92 state
2048 1576 124 100 of
2236 1576 268 104 New
2572 1576 344 132 York,
2980 1572 636 136 containing
3680 1576 432 100 amend-

284 1736 344 92 ments
712 1740 108 88 to
900 1724 180 100 the
1168 1720 772 108 Consolidated
2028 1724 304 132 laws,
2416 1724 184 100 the
2692 1724 292 104 Code
3064 1724 124 100 of
3276 1724 500 100 criminal
3872 1756 240 96 pro-

284 1872 416 136 cedure,
768 1876 188 100 the
1024 1868 492 104 Practice
1588 1880 256 128 acts,
1912 1872 180 100 the
2164 1868 456 108 Greater
2688 1872 268 104 New
3028 1868 312 104 York
3408 1872 464 128 charter,
3940 1872 176 100 the

284 2020 484 100 Inferior
824 2020 500 100 criminal
1376 2032 360 88 courts
1792 2032 204 124 act,
2052 2020 180 104 the
2288 2020 612 128 Municipal
2960 2032 308 88 court
3324 2020 288 128 code,
3672 2020 212 108 and
3940 2020 176 100 the

292 2168 460 104 General
832 2180 508 104 statutes;
1424 2168 224 100 also
1724 2168 180 100 the
1988 2176 256 96 1929
2324 2168 740 104 amendments
3148 2176 108 88 to
3340 2168 180 104 the
3604 2176 512 96 constitu-

288 2316 268 132 tion,
640 2320 212 100 and
936 2320 180 100 the
1196 2320 536 128 proposed
1820 2316 740 104 amendments
2652 2316 116 100 th
2780 2348 48 68 e
2836 2324 264 120 reto,
3188 2316 440 100 enacted
3716 2316 140 136 by
3940 2316 180 96 the

284 2464 680 136 Legislature
1016 2476 108 88 at
1168 2468 180 100 the
1396 2464 440 132 regular
1884 2464 396 100 session
2332 2464 120 100 of
2500 2468 288 96 1930.
2936 2464 156 104 St.
3148 2464 232 100 Pau
3392 2464 32 100 l
3440 2548 24 52 ,
3512 2464 300 100 West
3856 2464 260 132 pub-

284 2612 416 132 lishing
760 2648 188 96 co.,
1016 2620 288 96 1930.

420 2768 132 92 iii,
620 2768 176 76 400
856 2792 84 68 p.
1052 2768 528 84 23½ͨͫ.

424 2876 436 80 Lettered
928 2896 116 60 on
1112 2896 320 60 cover:
1512 2872 764 96 Supplementing
2344 2876 660 80 Consolidated
3072 2880 256 88 laws,
3404 2876 420 80 Practice
3900 2884 224 88 acts,

292 2992 168 76 etc.

308 3096 100 96 ©
464 3104 244 76 June
760 3100 132 92 27,
948 3100 268 88 1930;
1276 3100 124 84 2c.
1460 3100 224 88 July
1736 3100 156 76 10:
1956 3096 156 80 aff.
2172 3100 228 88 July
2452 3096 156 92 11;
2668 3096 80 76 A
2804 3100 52 72 2
2864 3096 52 76 6
2920 3100 48 72 1
2976 3096 156 92 13;
3196 3100 256 76 West
3508 3100 208 88 pub.
3776 3116 132 60 co.

456 3208 532 96 (30-18395)
3740 3204 224 80 7325

308 3364 572 124 ,Penman,
932 3368 272 104 Mrs.
1256 3364 424 104 Satella
1732 3364 424 124 Jaques
2168 3428 24 64 ]

428 3512 232 100 The
740 3524 264 88 west
1076 3512 216 96 rim
1308 3512 64 112 …
1648 3508 264 132 [San
1988 3508 392 136 Diego,
2460 3508 376 132 Calif.,
2912 3508 468 104 Printed
3456 3512 144 132 by
3680 3512 292 132 Frye
4048 3512 84 96 &

300 3660 400 132 Smith,
752 3668 300 92 ͨ1929
1064 3724 24 64 ]

436 3824 52 72 7
532 3844 84 68 p.
668 3812 80 100 l.,
800 3816 356 92 19-139,
1220 3812 88 84 [1]
1372 3836 80 72 p.
1568 3820 244 76 illus.
1872 3820 256 92 (part
2180 3824 48 64 c
2232 3840 48 52 o
2288 3824 84 84 l.,
2428 3816 96 76 in
2528 3836 44 60 c
2584 3824 52 72 l.
2688 3828 60 64 p
2752 3840 48 52 o
2812 3816 160 92 rt.)
3104 3816 116 76 20
3224 3820 44 88 ½
3276 3816 104 72 ͨͫ.

440 3928 44 32 "
496 3928 76 76 V
576 3944 228 72 erse,
856 3944 228 72 song
1132 3928 180 72 and
1364 3932 260 84 story
1672 3928 116 88 by
1844 3924 352 80 Satella
2252 3928 348 88 Jaques
2652 3924 496 76 Penman."

316 4020 96 96 ©
464 4036 212 76 Dec.
724 4036 48 76 1
780 4036 48 72 5
844 4096 12 28 ,
908 4032 264 92 1929;
1228 4036 128 76 2c.
1404 4036 240 76 June
1688 4036 52 72 2
1748 4036 56 72 6
1808 4096 16 28 ,
1872 4032 272 92 1930;
2200 4036 88 72 af
2288 4036 36 72 f
2340 4096 16 16 .
2404 4032 244 76 June
2692 4032 160 92 24;
2908 4032 76 76 A
3032 4032 172 76 248
3204 4036 108 72 30
3344 4052 20 72 ;
3424 4032 52 76 S
3492 4096 16 12 .
3560 4036 84 76 J.
3696 4036 124 72 Pe
3844 4052 56 56 n
3872 4052 76 56 m
3976 4048 48 60 a
4044 4056 88 64 n,

448 4144 184 76 San
684 4144 312 92 Diego.
1052 4144 276 80 Calif.
1456 4144 540 92 (30-18580)
3736 4140 228 80 7326

296 4296 500 124 Pirsson,
852 4296 344 104 Louis
1252 4296 636 124 Valentine,
1948 4308 624 92 1860-1919.

436 4440 504 108 Outlines
1004 4440 124 104 of
1188 4444 500 128 physical
1752 4448 516 128 geology;
2344 4444 540 128 prepared
2944 4440 292 104 from
3300 4448 184 100 the
3544 4440 312 104 third
3920 4440 216 108 edi-

304 4592 228 100 tion
596 4592 128 100 of
788 4604 252 120 part
1104 4620 40 64 I
1208 4628 60 64 o
1280 4592 56 100 f
1396 4592 108 100 A
1568 4596 520 96 textbook
2144 4592 128 100 of
2336 4596 464 132 geology
2860 4592 148 136 by
3068 4592 188 104 the
3320 4596 216 96 late
3604 4592 332 104 Louis
4004 4596 136 104 V.

300 4740 488 132 Pirsson,
848 4740 452 104 Charles
1372 4740 636 132 Schuchert,
2068 4740 144 132 by
2276 4740 452 108 Chester
2788 4744 132 100 R.
2980 4740 572 132 Longwell
3632 4744 60 112 …
3876 4748 268 100 New

308 4892 344 128 York,
716 4892 104 100 J.
892 4892 364 132 Wiley
1320 4896 88 96 &
1472 4928 280 92 sons,
1820 4892 260 112 inc.;
2152 4892 496 128 London,
2720 4892 576 132 Chapman
3368 4896 88 96 &
3524 4892 308 132 Hall,
3900 4892 224 100 lim

304 5040 256 128 ited,
620 5048 288 96 1930.

440 5200 48 76 2
556 5220 76 72 p.
704 5204 24 68 l
744 5256 44 36 .,
848 5196 144 76 iii-
996 5208 48 60 r
1060 5256 16 32 ,
1136 5196 112 80 37
1252 5200 56 76 6
1364 5220 84 72 p.
1564 5196 308 92 front.,
1944 5196 64 76 il
2020 5204 24 68 l
2048 5220 60 56 u
2120 5216 40 52 s
2172 5256 16 16 .
2248 5196 72 96 (i
2356 5196 32 68 n
2324 5216 176 64 cl.
2564 5204 308 88 maps)
2928 5200 340 92 diagrs.
3388 5200 276 100 23½ͨͫ.
3888 5200 252 100 $3.00

440 5308 228 76 Part
716 5300 24 64 I
792 5308 100 76 of
936 5308 132 76 "A
1108 5304 444 80 textbook
1592 5308 100 76 of
1736 5308 428 88 geology"
2236 5304 476 96 (Physical
2756 5312 428 92 geology)
3248 5312 116 92 by
3412 5312 96 76 L.
3556 5312 100 76 V.
3704 5312 428 84 Pirsson:

304 5416 124 88 pt.
524 5428 112 84 II
652 5412 412 96 (Histori
1072 5432 40 60 c
1124 5420 84 72 al
1276 5420 196 84 geol
1484 5432 44 52 o
1540 5412 156 92 gy)
1776 5416 116 92 by
1952 5412 392 80 Charles
2408 5416 56 76 S
2472 5436 44 56 c
2524 5416 416 76 huchert.

328 5508 92 92 ©
484 5528 224 88 July
760 5528 76 84 1,
892 5520 112 80 19
1008 5520 112 80 30
1148 5544 16 68 ;
1224 5524 128 76 2c.
1412 5524 120 76 Ju
1544 5528 24 68 l
1580 5544 52 68 y
1688 5520 60 72 8
1772 5544 16 68 ;
1852 5520 160 80 aff.
2068 5524 224 88 July
2344 5520 104 92 3;
2512 5520 80 76 A
2644 5520 52 76 2
2704 5520 52 72 0
2756 5520 216 96 039;
3036 5528 260 72 Eliza
3360 5528 312 76 Brush
3728 5528 160 72 Pir
4000 5552 44 48 sso
4056 5552 80 52 n.

448 5636 228 76 New
724 5636 352 72 Haven.
1216 5632 316 92 (30-18
1540 5632 48 76 5
1592 5632 156 92 40)
3736 5636 228 80 7327

308 5760 708 120 Plattsburg,
1072 5760 144 104 N.
1268 5760 132 104 Y.
1528 5756 680 124 Physicians
2260 5760 532 120 hospital.

440 5904 468 100 Medical
1032 5904 212 100 and
1364 5904 468 128 surgical
1944 5904 620 132 year-book,
2676 5904 644 132 Physicians
3432 5912 476 128 hospital
4024 5912 120 100 of

312 6060 724 128 Plattsburgh
1092 6064 64 104 …
1364 6056 92 100 v.
1524 6068 92 120 1,
1676 6068 192 92 192
1880 6068 56 92 9
1948 6136 16 16 .
2112 6060 760 132 Plattsburgh,
2932 6064 132 100 N.
3128 6064 176 128 Y.,
3364 6068 228 100 The
3644 6068 148 100 W
3792 6068 88 96 il
3884 6068 40 96 l
3932 6068 220 100 iam

316 6208 144 100 H.
520 6208 360 100 Miner
932 6208 696 132 foundation,
1684 6216 288 92 1930.

464 6380 148 76 xv,
664 6356 164 84 322
880 6384 84 68 p.
1064 6360 312 96 front.,
1436 6364 276 84 illus.,
1764 6368 328 88 plates.
2148 6364 392 92 facsim.,
2600 6368 344 92 diagrs.
2996 6368 92 92 (1
3148 6368 272 92 fold.)
3544 6368 52 76 2
3604 6376 48 68 4
3660 6364 104 72 ͨͫ.

452 6468 636 92 "Comprising
1148 6468 584 96 Wednesday
1800 6476 488 72 afternoon
2360 6476 492 76 invitation
2932 6480 416 92 lectures,
3420 6500 332 72 papers
3824 6480 100 76 of
3992 6480 156 80 the

316 6576 384 80 Cardiac
776 6580 288 72 round
1132 6580 276 88 table,
1476 6580 156 76 the
1696 6576 56 88 …
1864 6584 516 76 Beaumont
2452 6584 372 92 lecture,
2900 6604 44 56 c
2952 6584 388 80 ollected
3404 6608 336 72 papers
3808 6588 116 92 by
3992 6588 156 80 the

316 6680 304 84 staff."

452 6792 448 80 Contains
952 6792 392 92 bibliogr
1324 6792 196 92 aph
1540 6792 156 80 ies.

336 6892 96 92 ©
492 6900 240 80 June
788 6900 132 92 17,
980 6900 264 92 1930;
1304 6900 128 80 2c.
1496 6904 224 88 July
1772 6900 100 92 2;
1936 6904 156 80 aff.
2152 6908 228 88 July
2432 6908 104 88 1;
2596 6904 84 76 A
2732 6908 48 72 2
2788 6912 52 68 5
2844 6908 216 92 345;
3124 6908 552 92 Physicians
3736 6908 408 96 hospital

464 7008 100 76 of
612 7008 636 92 Plattsburgh,
1300 7012 252 76 Platt
1564 7032 40 56 s
1612 7012 324 88 burgh,
1988 7016 104 76 N.
2144 7016 80 72 Y
2228 7076 16 16 .
2372 7016 320 92 (30-18
2700 7016 48 76 5
2756 7016 48 72 2
2812 7016 56 76 6
2880 7016 28 92 )
3752 7016 224 84 7328

320 7132 504 124 Rendall,
880 7136 296 100 John
1236 7136 472 108 Charles
1760 7140 868 128 Shuttleworth,
2692 7152 328 96 1882-

452 7276 420 136 Things
920 7280 120 96 th
1052 7292 108 88 at
1204 7292 396 88 matter
1648 7284 112 96 in
1808 7284 280 100 lawn
2140 7288 384 112 tennis,
2572 7288 136 132 by
2764 7292 184 96 Ma
2960 7292 112 128 jo
3080 7328 56 60 r
3184 7292 104 100 J.
3344 7292 116 100 C.
3516 7296 76 104 S
3608 7376 16 16 .
3684 7292 372 100 Renda
4068 7292 68 96 ll

476 7428 64 104 …
604 7428 524 128 [London]
1196 7432 408 100 Besant
1660 7436 84 96 &
1796 7472 152 64 co.
2008 7436 232 112 ltd.,
2300 7444 284 96 1930.
