4800 8268
272 672 452 124 Keppel,
784 668 604 104 Frederick
1444 668 312 124 Paul,
1816 676 316 96 1875-

412 824 232 100 The
700 820 712 132 foundation;
1472 824 140 100 its
1664 824 308 128 place
2024 820 120 100 in
2196 820 592 100 American
2840 820 236 132 life,
3128 820 144 132 by
3328 816 596 100 Frederick
3976 820 120 100 P.

272 972 432 128 Keppel
800 972 68 112 …
992 1004 144 68 an
1216 976 456 96 account
1752 972 120 100 of
1952 968 188 104 the
2220 968 760 128 development
3060 968 124 96 of
3260 964 832 132 philanthropic

280 1120 760 132 endowments,
1104 1120 220 100 and
1384 1116 288 104 their
1736 1128 432 120 present
2236 1112 536 108 activities
2836 1116 116 100 in
3016 1112 468 104 relation
3544 1124 112 92 to
3724 1116 376 100 educa-

280 1268 232 104 tion
568 1268 216 104 and
844 1264 520 108 scientific
1428 1268 216 104 and
1708 1264 328 104 social
2096 1300 536 96 progress.
2780 1264 264 100 New
3116 1264 340 132 York,
3516 1264 232 100 The
3808 1264 292 100 Mac-

264 1420 388 100 millan
700 1452 568 100 company,
1324 1420 288 96 1930.

412 1592 56 56 v
472 1572 32 76 i
512 1572 68 76 ii
640 1592 112 72 p.,
812 1572 56 76 2
924 1572 88 92 l.,
1076 1572 220 76 3-11
1300 1568 52 80 3
1416 1592 60 72 p
1484 1632 20 16 .
1616 1568 52 80 2
1676 1568 416 88 0ͨͫ
1824 1628 20 24 .

408 1708 764 88 "Page-Barbour
1232 1708 428 88 lectures,
1724 1704 544 92 University
2328 1704 100 76 of
2492 1700 512 96 Virginia."

292 1816 92 88 ©
444 1840 248 80 June
740 1840 132 92 10,
928 1840 268 88 1930;
1256 1840 128 76 2c.
1444 1844 184 72 and
1684 1840 156 80 aff.
1892 1840 248 76 June
2192 1840 160 88 11;
2412 1840 80 72 A
2544 1840 164 76 244
2716 1840 48 76 6
2772 1840 48 76 9
2852 1856 20 72 ;
2936 1836 544 80 Macmillan
3532 1856 132 60 co.

436 1948 532 96 (30-16033)
3708 1940 232 84 6760

268 2156 340 128 Kern,
668 2156 284 104 Paul
1012 2156 516 128 Bentley,
1596 2168 332 96 1882-

392 2300 232 104 The
680 2300 444 104 miracle
1184 2304 116 100 of
1360 2300 184 104 the
1608 2300 100 104 G
1712 2300 452 132 alilean;
2232 2304 184 100 the
2468 2300 516 104 Fondren
3040 2300 456 104 lectures
3556 2300 176 100 for
3804 2308 292 124 1930,

268 2448 544 104 delivered
892 2452 368 100 before
1340 2452 552 100 Southern
1972 2452 604 100 Methodist
2660 2452 636 132 university,
3376 2452 140 132 by
3604 2452 280 96 Paul
3968 2452 92 96 B
4072 2528 20 20 .

264 2600 304 96 Kern
624 2604 64 104 …
892 2600 592 132 Nashville,
1544 2600 372 132 Tenn.,
1976 2600 624 132 Cokesbury
2656 2636 336 96 press,
3052 2608 288 88 1930.

396 2752 164 76 263
624 2772 84 72 p.
820 2748 564 88 19½ͨͫ

404 2888 248 76 "The
716 2888 596 92 significance
1376 2908 48 60 o
1432 2888 44 76 f
1540 2896 160 72 the
1760 2888 172 80 life
1996 2912 52 56 a
2056 2912 52 52 n
2124 2892 56 76 d
2244 2888 480 92 teachings
2792 2892 96 76 of
2956 2892 276 76 Jesus
3304 2892 64 76 C
3376 2896 60 72 h
3448 2892 560 76 rist."-For
3992 2900 56 60 e
4068 2932 28 12 -

272 2996 276 80 word.

280 3132 100 96 ©
448 3144 104 76 M
548 3160 120 72 ay
736 3140 72 92 9,
876 3136 272 96 1930;
1220 3140 132 76 2c.
1420 3140 184 76 and
1672 3160 52 52 a
1732 3136 40 76 f
1764 3136 44 76 f
1816 3200 16 16 .
1904 3140 240 72 June
2216 3136 156 92 14;
2444 3136 80 76 A
2588 3136 332 92 25248;
2996 3140 340 72 Lamar
3408 3136 68 76 &
3544 3136 544 96 Whitmore,

416 3248 260 76 Nash
680 3268 56 60 v
740 3248 188 92 ille,
980 3248 284 80 Tenn.
1392 3248 320 92 (30-17
1720 3248 48 76 5
1772 3248 156 92 47)
3688 3244 228 84 6761

272 3452 476 128 Kerner,
804 3456 424 104 Robert
1288 3456 460 124 Joseph,
1812 3460 332 104 1887-

404 3600 360 108 Social
832 3604 460 100 sciences
1360 3604 120 100 in
1544 3608 180 100 the
1792 3604 492 100 Balkans
2352 3608 220 96 and
2636 3608 116 96 in
2816 3604 496 132 Turkey;
3388 3640 60 64 a
3516 3640 392 96 survey
3976 3604 128 100 of

264 3784 544 72 resources
872 3752 180 100 for
1112 3752 328 136 study
1500 3756 220 100 and
1780 3756 492 100 research
2336 3756 116 100 in
2512 3756 300 100 these
2872 3756 312 100 fields
3244 3756 124 100 of
3424 3752 676 136 knowledge,

264 3904 140 128 by
472 3904 412 100 Robert
948 3904 416 132 Joseph
1432 3904 424 100 Kerner
1924 3900 60 112 …
2192 3904 564 132 Berkeley,
2828 3904 372 132 Calif.,
3264 3904 648 132 University
3976 3904 124 100 of

268 4052 624 104 California
952 4088 336 96 press,
1352 4060 288 96 1930.

404 4212 164 80 137
620 4232 84 72 p.
816 4212 104 76 19
932 4216 48 88 ½
996 4208 100 80 ͨͫ.

404 4348 252 76 Lists
700 4348 100 76 of
844 4348 628 92 publications
1516 4348 184 76 and
1748 4368 48 56 o
1804 4348 40 72 f
1888 4348 560 88 periodicals
2492 4352 104 72 at
2640 4348 176 76 end
2864 4368 48 56 o
2920 4348 40 76 f
3004 4352 244 72 most
3284 4348 104 76 of
3436 4352 156 72 the
3640 4352 460 92 chapters.

284 4476 92 96 ©
448 4484 220 92 Apr.
740 4484 132 92 30,
944 4484 272 92 1930;
1288 4484 60 72 2
1348 4504 72 60 c.
1492 4484 96 72 M
1592 4504 120 72 ay
1780 4484 156 92 12;
2012 4504 56 52 a
2072 4480 28 76 l
2080 4484 92 76 f.
2244 4484 244 76 June
2556 4484 104 92 2;
2732 4484 84 72 A
2884 4484 328 92 24182;
3292 4484 400 92 Regents
3764 4504 48 60 o
3824 4484 44 76 f
3936 4484 160 84 the

424 4592 272 80 Univ.
752 4612 48 60 o
808 4592 40 76 f
904 4592 552 92 California,
1516 4592 480 92 Berkeley,
2052 4592 280 80 Calif.
2456 4592 540 96 (30-17164)
3712 4588 232 84 6762

268 4804 432 120 Kessel,
764 4800 456 124 Joseph,
1292 4812 316 96 1898-

464 4960 64 108 …
592 4952 160 104 La
812 4988 264 96 rage
1136 4988 140 68 au
1336 4960 404 96 ventre.
1884 4952 356 132 Paris,
2300 4956 164 104 La
2528 4956 528 100 Nouvelle
3120 4956 220 104 soci
3336 4952 60 92 é
3404 4968 44 88 t
3444 4952 56 92 é
3572 4956 108 104 d'
3668 4948 76 88 é
3748 4956 352 100 dition

264 5108 116 108 [1
388 5108 228 124 930]

404 5260 52 76 3
504 5280 84 72 p.
640 5260 84 88 l.,
772 5256 160 76 9-2
944 5260 48 72 5
1000 5260 48 76 0
1096 5280 112 72 p.,
1256 5260 56 76 3
1356 5260 60 76 l.
1532 5256 504 88 19ͨͫ.

404 5392 128 76 At
580 5392 240 76 head
872 5392 96 76 of
1024 5392 256 76 title:
1336 5392 84 76 J.
1472 5392 360 80 Kessel.

284 5508 96 92 ©
440 5524 212 76 Feb.
712 5528 48 72 1
764 5528 52 72 5
824 5588 20 32 ,
896 5528 48 72 1
952 5528 108 72 93
1068 5524 52 76 0
1148 5548 20 68 ;
1228 5512 32 76 1
1272 5528 80 76 c.
1412 5512 100 80 M
1516 5548 136 60 ar.
1704 5528 160 92 21;
1924 5524 604 96 A-Foreign
2580 5528 272 92 6976;
2912 5528 452 80 Nouvelle
3420 5528 192 80 soci
3608 5512 40 76 é
3672 5516 120 96 té
3820 5528 84 80 d'
3916 5528 48 80 é
3968 5528 132 80 di-

420 5632 224 84 tion.
772 5632 536 96 (30-17123)
3712 5636 228 84 6763

272 5844 412 124 Keyes,
748 5848 444 120 Angela
1248 5848 368 120 Mary.

408 5996 604 104 Advanced
1084 6032 592 96 grammar,
1748 6000 144 132 by
1968 5996 432 132 Angela
2476 6000 152 100 M.
2708 6000 360 132 Keyes
3164 6008 72 108 …
3416 6000 272 104 New
3760 6004 348 128 York,

280 6144 592 136 Schwartz,
928 6144 440 104 Kirwin
1420 6152 84 92 &
1556 6148 92 96 F
1660 6184 244 68 auss
1968 6144 372 132 [ͨ1930]

408 6300 60 72 x
476 6300 96 92 ii,
608 6300 168 80 419
812 6320 84 72 p.
1012 6300 504 84 19ͨͫ.

292 6428 88 88 ©
452 6436 248 76 June
756 6436 136 88 16,
952 6436 276 92 1930;
1288 6440 132 80 2c.
1484 6440 248 80 June
1792 6436 156 92 24;
2020 6440 160 80 aff.
2244 6440 248 80 June
2548 6440 160 92 27;
2776 6440 80 76 A
2920 6440 328 92 24814;
3320 6440 504 92 Schwartz,
3892 6440 208 80 Kir-

416 6544 188 76 win
656 6544 72 80 &
780 6544 328 84 Fauss.
1232 6548 540 96 (30-17102)
3708 6544 232 84 6764

280 6724 320 124 Kirk,
656 6728 412 104 Harris
1132 6728 428 124 Elliott,
1624 6736 324 100 1872-

404 6872 236 100 The
732 6872 324 128 spirit
1156 6872 120 100 of
1368 6872 868 132 Protestantism,
2336 6876 140 136 by
2580 6880 400 100 Harris
3076 6880 96 96 E
3184 6880 32 96 l
3224 6876 252 100 liott
3580 6876 288 100 Kirk
3916 6872 60 112 …

272 7016 596 140 Nashville,
932 7024 372 132 Tenn.,
1372 7024 624 132 Cokesbury
2056 7060 332 96 press,
2460 7032 284 92 1930.

408 7172 164 80 233
668 7192 80 72 p.
868 7168 36 72 1
908 7160 540 96 9½ͨͫ
1148 7236 16 16 .
1300 7160 120 108 (H
1448 7180 88 72 al
1544 7180 72 88 f-
1624 7180 36 72 t
1672 7176 68 76 it
1748 7184 84 72 le
1848 7204 28 52 :
1972 7180 196 76 The
2264 7180 220 76 Cole
2576 7180 400 76 lectures
3072 7180 152 76 for
3320 7180 220 80 1930
3632 7180 468 80 delivered

280 7276 312 80 before
652 7280 552 80 Vanderbilt
1264 7280 568 96 university)

296 7416 92 88 ©
460 7424 100 76 M
560 7444 120 68 ay
736 7420 132 84 10.
932 7424 104 76 19
1064 7424 140 92 30;
1268 7424 132 80 2c.
1468 7432 180 72 and
1712 7424 160 80 aff.
1936 7424 248 80 June
2244 7424 160 92 14;
2472 7428 80 76 A
2612 7424 52 76 2
2672 7428 52 72 5
2728 7428 108 76 24
2840 7424 56 80 9
2924 7448 20 68 ;
3016 7432 348 72 Lamar
3424 7428 68 76 &
3556 7424 352 80 Whitm
3916 7448 48 56 o
3976 7444 120 68 re,

420 7532 512 92 Nashville,
988 7532 188 80 Ten
1180 7552 64 56 n
1252 7592 16 20 .
1400 7532 324 92 (30-17
1728 7532 52 80 5
1780 7532 156 96 44)
3708 7532 232 84 6765

2064 7640 124 100 10
2192 7640 64 96 3
2264 7640 60 100 1
