4800 8268
296 628 492 124 Stidger,
852 628 488 104 William
1400 632 156 100 Le
1616 632 1024 120 Roy-Continued

436 784 64 76 C
508 808 52 52 O
568 784 644 80 NTENTs.-As
1272 808 52 52 a
1384 788 56 72 b
1448 804 56 56 u
1512 784 300 76 siness
1868 808 152 52 ma
2028 808 60 52 n
2152 804 196 56 sees
2412 784 100 92 it,
2576 788 116 92 by
2752 780 112 80 H.
2928 788 136 72 W.
3128 784 716 76 Babson.-The
3904 784 228 76 kind

296 888 104 76 of
460 892 316 76 Christ
844 912 136 56 we
1040 892 196 76 will
1300 892 284 76 share
1640 892 236 76 with
1936 892 160 76 the
2156 892 320 92 world,
2548 892 112 92 by
2732 892 80 76 R
2824 952 16 16 .
2900 892 108 76 A.
3080 892 736 88 Doan.-Henry
3884 892 248 76 Ford

296 996 252 76 talks
612 1000 416 92 religion,
1092 1000 604 76 interviewed
1764 1000 116 88 by
1944 1000 136 76 W.
2144 1000 100 76 L.
2320 996 716 96 Stidger.-God
3104 1000 80 76 is
3252 996 92 76 in
3416 996 180 80 His
3660 1000 464 76 heaven-

292 1108 184 72 and
548 1100 96 80 in
720 1108 452 92 business,
1244 1108 120 88 by
1432 1108 108 76 R.
1608 1108 112 76 A.
1792 1108 816 88 Long.-Citizens
2680 1108 100 76 of
2856 1104 160 80 the
3092 1108 192 88 city
3356 1104 104 76 of
3532 1104 228 96 God,
3836 1108 120 88 by
4028 1108 104 72 E.

296 1208 932 84 Markham.-What
1324 1212 316 80 Christ
1736 1232 320 60 means
2152 1220 92 72 to
2340 1232 172 72 me,
2608 1216 120 88 by
2824 1216 100 72 T.
3020 1216 100 76 L.
3216 1212 924 92 Masson.-Putting

292 1316 484 80 Christian
828 1320 504 92 principles
1388 1328 96 72 to
1544 1324 260 72 work
1852 1320 96 76 in
2008 1320 452 92 business,
2520 1324 116 88 by
2696 1324 84 76 J.
2840 1324 96 76 C.
3000 1320 716 92 Penney.-The
3776 1324 72 68 s
3824 1324 156 72 oul
4040 1316 100 80 of

292 1448 48 56 a
396 1424 216 92 city,
664 1432 116 88 by
832 1432 80 76 J.
968 1428 1068 80 Schermerhorn.-The
2088 1432 380 88 layman
2520 1428 96 76 in
2672 1448 48 56 a
2776 1424 468 96 changing
3292 1428 324 92 world,
3668 1428 116 88 by
3840 1432 136 72 W.
4036 1428 100 76 E.

296 1532 648 80 Sweet.-Can
996 1540 160 76 the
1200 1556 200 72 pew
1444 1536 216 92 help
1708 1540 156 72 the
1912 1532 364 96 pulpit?
2320 1540 120 88 by
2492 1536 104 76 E.
2644 1536 100 76 T.
2800 1532 664 80 Welch.-God
3520 1540 216 84 only
3788 1536 344 88 knows,

296 1640 120 92 by
476 1640 144 80 W.
672 1644 104 76 A.
844 1644 748 80 White.-Life's
1652 1660 380 76 voyage,
2096 1648 120 88 by
2284 1644 92 76 C.
2444 1644 108 76 D.
2620 1640 852 80 Wilbur.-"Jesus
3536 1660 196 60 was
3800 1640 336 92 right",

296 1748 116 92 by
476 1748 92 80 C.
632 1752 140 76 W.
836 1744 720 84 Wood.-Wbat
1624 1748 84 80 is
1772 1748 256 96 right
2092 1748 96 76 in
2256 1752 172 76 bus
2436 1748 24 76 i
2468 1744 276 84 ness?
2808 1748 116 92 by
2992 1740 104 88 0.
3164 1752 108 76 D.
3344 1752 356 88 Young.

300 1856 96 88 ©
468 1860 76 76 F
540 1868 52 72 e
600 1860 80 76 b.
744 1864 136 88 27,
948 1864 104 76 19
1060 1864 56 76 8
1116 1864 100 88 0;
1284 1864 132 76 2c.
1484 1864 180 72 and
1732 1856 156 84 aff.
1956 1864 236 76 Mar.
2260 1864 156 88 17;
2488 1856 80 80 A
2632 1856 112 80 20
2744 1860 52 76 3
2804 1860 156 92 64;
3036 1860 344 76 Lamar
3448 1860 72 76 &
3580 1856 256 84 Whit
3880 1876 56 64 u
4004 1876 120 72 re,

428 1968 512 80 Nashville.
1072 1968 28 92 (
1112 1972 52 76 3
1172 1972 328 76 0-7911
1512 2020 4 4 -
1528 1972 24 88 )
3736 1960 228 84 2580

296 2144 752 128 Sudermann,
1108 2152 624 120 Hermann,
1796 2152 624 100 1857-1928.

428 2300 236 104 The
716 2300 572 104 excursion
1340 2316 108 88 to
1504 2300 364 132 Tilsit,
1920 2304 144 124 by
2116 2300 580 104 Hermann
2756 2300 728 132 Sudermann,
3536 2296 608 108 translated

304 2448 292 100 from
592 2496 24 48 ,
660 2452 184 100 the
904 2452 480 100 German
1444 2452 144 132 by
1648 2452 352 100 Lewis
2060 2448 668 104 Galantiere.
2876 2452 264 100 New
3208 2448 348 136 York,
3616 2452 148 100 H.
3824 2448 316 100 Live-

296 2600 340 132 right,
700 2608 288 92 1930.

424 2752 56 76 4
532 2776 84 68 p.
672 2744 84 100 1.,
812 2752 52 76 3
868 2752 220 76 -371
1148 2776 80 72 p.
1344 2752 560 84 19½ͨͫ.

428 2860 128 76 CO
564 2860 712 76 NTENTs.-The
1376 2860 492 76 excursion
1976 2864 92 72 to
2168 2856 680 80 Tilsit.-Miks
2948 2856 912 84 Bumbullis.-Son;
3964 2864 180 76 and

296 2968 688 76 Erdma.-The
1040 2972 268 76 hired
1364 2968 208 96 girl.

308 3076 88 88 ©
464 3080 236 76 Mar.
752 3080 48 72 1
812 3080 48 76 5
860 3116 20 48 .
944 3080 108 76 19
1052 3080 52 76 3
1112 3080 104 92 0;
1276 3080 128 84 2c.
1460 3084 184 76 and
1700 3100 48 56 a
1764 3080 92 76 ff.
1920 3080 236 80 Mar.
2212 3080 156 88 21;
2432 3080 76 76 A
2564 3076 332 96 20427;
2960 3080 372 80 Horace
3388 3080 508 92 Liverighi,
3960 3080 160 80 inc.

456 3184 32 96 (
500 3184 52 80 3
560 3184 380 96 0-8170)
3748 3184 232 84 2581

296 3364 408 108 Texas.
852 3368 344 108 Court
1252 3412 56 64 o
1316 3372 52 108 f
1424 3372 504 100 criminal
1984 3376 480 132 appeals.

440 3520 236 100 The
740 3524 352 96 Texas
1156 3520 460 104 crimina
1624 3524 36 96 l
1724 3532 480 120 reports;
2280 3556 296 68 cases
2636 3524 412 128 argued
3116 3524 212 104 and
3400 3520 140 100 ad
3548 3520 36 128 j
3600 3520 284 128 udge
3892 3524 72 96 d
4028 3520 68 112 …

308 3668 408 132 during
760 3668 604 136 February,
1412 3672 420 132 March,
1888 3668 324 132 April
2264 3676 216 100 and
2524 3672 304 128 May,
2872 3712 68 60 A
2956 3752 16 20 .
3020 3712 60 60 D
3092 3756 16 16 .
3164 3680 288 92 1929.
3596 3672 560 100 Reported

300 3820 144 132 by
500 3820 172 104 W.
728 3820 172 104 W.
964 3820 160 100 Ne
1132 3824 36 96 l
1172 3856 192 64 ms.
1508 3856 96 68 v.
1672 3824 220 96 112.
2044 3820 520 136 Chicago,
2624 3820 620 120 Callaghan
3304 3824 216 100 and
3580 3852 576 100 company,

308 3972 288 100 1930.

428 4144 60 56 x
496 4148 52 56 v
556 4124 28 76 i
596 4124 56 88 i,
720 4124 168 80 765
952 4144 80 72 p.
1152 4120 504 88 24ͨͫ.

308 4216 96 96 ©
472 4236 232 76 Mar.
760 4232 128 76 25.
952 4232 104 76 19
1060 4232 116 80 30
1204 4256 16 68 ;
1280 4232 128 80 2c.
1472 4240 180 72 and
1708 4232 156 80 aff.
1928 4236 236 76 Mar.
2216 4236 52 76 2
2272 4228 60 76 9
2360 4256 16 72 ;
2440 4240 76 72 A
2572 4236 332 92 21402;
2968 4240 136 76 W.
3164 4240 144 76 W.
3364 4236 136 80 Ne
3508 4240 28 72 l
3544 4256 168 72 ms,
3772 4232 368 96 Austin,

440 4340 80 80 T
520 4360 52 60 e
572 4360 92 60 x.
3752 4340 240 84 2582

304 4520 372 104 Texas
760 4524 888 132 jurisprudence;
1740 4560 60 68 a
1888 4528 528 132 complete
2500 4536 584 96 statement
3164 4528 124 100 of
3368 4528 188 100 the
3640 4528 208 100 law
3940 4564 56 60 a
4004 4528 152 100 nd

444 4672 476 132 practice
968 4676 128 104 of
1136 4676 120 104 th
1260 4708 64 72 o
1356 4692 56 80 s
1412 4676 228 104 tate
1684 4676 124 104 of
1856 4676 384 132 Texas,
2284 4680 144 132 by
2472 4676 504 104 William
3020 4676 152 100 M.
3224 4672 668 108 McKinney.
3944 4676 216 104 and

440 4824 312 100 other
852 4828 36 96 l
900 4860 444 96 awyers.
1492 4864 68 60 v
1572 4904 20 20 .
1696 4832 88 92 5.
1892 4824 664 136 Assignmen
2564 4836 40 88 t
2604 4868 56 60 s
2764 4840 112 92 to
2984 4828 560 100 Bailment
3636 4832 68 104 …
3924 4828 76 104 S
4008 4864 60 64 a
4076 4864 72 64 n

440 4972 620 116 Francisco,
1124 4972 1120 140 Bancroft-Whitney
2312 5012 572 100 company,
2956 4984 288 96 1930.

432 5128 60 76 4
544 5152 84 72 p.
684 5124 88 100 1.,
828 5128 224 80 1087
1108 5152 84 72 p.
1300 5124 508 88 25ͨͫ.

308 5248 96 88 ©
472 5240 96 72 M
572 5260 136 60 ar.
764 5240 136 92 18,
964 5240 44 72 1
1016 5240 104 72 93
1132 5240 52 76 0
1216 5260 16 64 ;
1300 5240 128 88 2c.
1488 5240 184 76 and
1732 5240 156 80 aff.
1952 5244 236 76 Mar.
2248 5240 156 92 24;
2468 5240 84 80 A
2608 5240 328 96 20548;
3008 5244 940 88 Bancroft-Whitney
4012 5264 48 56 c
4064 5264 48 56 o
4128 5308 16 16 .

304 5388 576 124 Thomazi,
936 5392 532 120 Auguste
1524 5392 528 124 Antoine,
2116 5396 332 104 1873-
3760 5348 168 84 258
3940 5348 52 84 3

496 5544 68 108 …
632 5544 164 100 La
860 5540 420 104 marine
1348 5544 544 124 frangaise
1960 5548 272 100 dans
2296 5548 100 92 Ia
2472 5548 416 128 grande
2956 5584 388 92 guerre
3432 5548 704 136 (1914-1918)

352 5704 76 88 t.
476 5700 96 120 41
724 5692 164 100 La
940 5728 384 96 guerre
1372 5696 388 100 navale
1808 5696 272 104 dans
2128 5700 36 96 l
2172 5736 60 64 a
2280 5696 128 92 M
2408 5696 56 100 e
2468 5696 672 112 diterrane;
3192 5732 136 96 pr
3336 5696 52 100 é
3396 5696 244 104 face
3688 5704 72 100 d
3768 5736 68 64 u
3884 5700 276 100 vice-

308 5840 392 104 amiral
760 5840 608 104 Dumesnil.
1512 5844 356 112 Paris,
1924 5848 396 104 Payot.
2384 5852 284 96 1929.

440 5996 52 80 3
556 6020 84 72 p.
700 6000 88 92 1.,
860 5984 340 92 [9]-254
1260 6020 84 72 p.
1460 5996 328 80 tables.
1908 6000 52 76 2
1964 5996 448 88 3ͨͫ
2116 6064 16 12 .
2272 6004 556 88 (Collection
2896 6004 120 76 de
3076 5992 148 88 mé
3224 6028 88 52 m
3324 6004 268 92 oires,
3664 6004 156 76 etu
3828 6008 56 72 d
3884 6004 52 68 e
3948 6024 40 56 s
4056 6008 92 72 et

312 6112 544 76 documents
908 6124 236 76 pour
1196 6104 300 80 servir
1552 6100 24 80 f
1696 6104 424 80 'histoire
2168 6112 120 76 de
2332 6108 32 72 l
2368 6116 48 68 a
2484 6132 336 72 guerre
2872 6112 520 96 mondiale)

440 6212 124 80 At
632 6216 240 76 head
944 6212 104 80 of
1112 6212 264 80 title:
1448 6212 108 80 A.
1628 6216 472 80 Thomazi.

444 6320 472 80 "Premier
988 6320 324 92 tirage,
1388 6324 520 92 septembre
1976 6324 308 80 1929."

444 6428 628 80 "Documents
1120 6436 96 72 et
1264 6452 52 56 o
1324 6452 404 72 uvrages
1772 6452 224 60 cons
2000 6452 68 60 u
2068 6436 72 76 lt
2148 6432 52 80 é
2204 6436 152 76 s":
2416 6456 80 76 p.
2560 6472 16 60 [
2584 6436 108 76 23
2700 6436 52 76 3

316 6528 92 92 ©
472 6536 196 80 Oct.
724 6536 132 84 12.
912 6536 272 96 1929;
1240 6540 128 80 le.
1424 6540 216 80 Feb.
1700 6544 76 88 7,
1832 6544 108 76 19
1940 6544 52 76 3
2000 6544 100 76 0:
2164 6544 604 92 A-Foreign
2820 6544 48 76 6
2872 6544 52 76 3
2932 6544 160 92 72;
3156 6544 328 96 Payot.
3756 6540 228 80 2584

308 6688 872 124 Timmermans,
1244 6692 352 108 Felix.

448 6844 232 100 Dro
688 6844 80 96 ll
832 6844 360 132 Peter,
1256 6880 60 64 a
1376 6880 276 64 nove
1660 6848 36 96 l
1772 6844 176 132 [by
1960 6908 24 68 ]
2056 6848 96 100 F
2160 6848 220 100 elix
2440 6848 840 128 Timmermans,
3344 6852 608 100 translated
4016 6852 144 128 by

308 6988 384 108 Maida
796 6992 120 104 C.
1024 6992 508 104 Darnton
1636 7000 216 100 and
1952 6996 716 104 Wilhelmina
2772 7000 104 100 J.
2984 7000 316 100 Paul.
3448 7000 264 100 New
3820 6992 344 132 York,

316 7140 1060 132 Coward-McCann,
1432 7140 244 132 inc.,
1732 7148 288 100 1930.

444 7292 52 80 5
548 7316 60 68 p
608 7336 20 32 .
692 7292 84 92 1.,
836 7292 48 80 3
892 7292 112 80 40
1060 7316 60 68 p
1120 7320 20 48 .
1256 7292 104 80 ill
1372 7316 56 56 u
1436 7316 44 56 s
1492 7360 12 12 .
1620 7296 108 80 19
1732 7304 56 88 ½
1788 7304 392 88 ͨͫ.

320 7388 92 92 ©
476 7408 236 76 Mar.
768 7404 136 80 12.
960 7404 112 76 19
1068 7404 116 76 30
1216 7424 16 72 ;
1292 7408 128 76 2c.
1484 7408 232 76 Mar.
1776 7408 160 92 20;
2000 7408 156 76 aff.
2216 7412 240 76 Mar.
2512 7408 160 92 19;
2732 7412 80 72 A
2868 7412 168 76 204
3040 7412 52 80 3
3100 7412 100 92 1;
3268 7416 64 76 C
3340 7432 52 60 o
3400 7412 292 80 ward-
3704 7412 88 76 M
3788 7404 356 100 cCann,

448 7512 96 76 in
552 7532 44 60 e
604 7572 16 16 .
748 7512 28 92 (
792 7512 52 76 3
848 7512 280 76 0-817
1132 7512 56 80 6
1204 7512 24 92 )
3196 7564 16 12 -
3756 7516 228 84 2585

2096 7620 64 96 3
2164 7616 124 104 91
2328 7640 16 12 ,
