4752 8320
2396 7704 264 104 1948

576 712 812 124 Presbyterian
1444 712 424 104 church
1928 712 112 100 in
2092 712 196 100 the
2344 712 136 104 U.
2540 712 108 104 S.
2700 708 136 104 A.

708 864 236 104 The
1008 860 708 104 constitution
1792 860 124 100 of
1980 860 184 100 the
2232 856 784 132 Presbyterian
3084 860 404 100 church
3564 856 112 100 in
3748 856 184 100 the
4000 856 404 104 United

576 1012 364 108 States
996 1012 124 100 of
1172 1012 544 124 America,
1768 1008 332 136 being
2148 1020 60 112 …
2332 1008 184 100 the
2568 1004 616 108 confession
3244 1008 124 100 of
3432 1004 324 128 faith,
3816 1008 184 100 the
4052 1004 368 132 larger

576 1164 220 100 and
860 1160 428 104 shorter
1348 1160 672 128 catechisms,
2088 1160 184 96 the
2336 1156 292 100 form
2700 1156 124 100 of
2888 1168 748 124 government,
3700 1156 184 100 the
3948 1156 284 100 book
4296 1156 124 100 of

576 1312 612 128 discipline,
1252 1312 212 100 and
1532 1312 184 96 the
1784 1308 548 132 directory
2400 1304 180 104 for
2640 1304 184 104 the
2892 1304 480 132 worship
3440 1308 124 100 of
3628 1304 280 132 God,
3976 1340 112 68 as
4152 1304 268 104 rati-

580 1460 208 104 fied
836 1460 216 100 and
1108 1460 472 128 adopted
1636 1456 144 132 by
1828 1460 180 96 the
2068 1456 384 132 Synod
2500 1456 128 100 of
2676 1460 264 100 New
2996 1460 312 100 York
3360 1456 220 100 and
3636 1452 784 136 Philadelphia

580 1604 112 108 in
760 1608 68 112 …
968 1608 260 104 1788
1300 1608 216 100 and
1592 1640 116 68 as
1784 1604 528 108 amended
2384 1604 112 104 in
2572 1604 188 104 the
2832 1640 312 96 years
3224 1612 628 124 1805-1930,
3920 1604 504 132 together

580 1756 268 100 with
920 1756 184 100 the
1180 1756 828 100 constitutional
2088 1756 288 100 rules
2452 1756 476 132 adopted
3008 1752 108 104 in
3200 1760 600 96 1893-1912
3872 1756 216 100 and
4168 1792 252 96 gen-

576 1904 224 104 eral
876 1904 288 104 rules
1240 1904 180 104 for
1492 1904 740 132 judicatories.
2380 1904 820 132 Philadelphia,
3272 1904 276 108 Pub.
3628 1904 184 100 for
3880 1904 184 104 the
4136 1904 292 104 office

576 2056 124 100 of
752 2056 192 100 the
996 2056 476 108 General
1532 2052 532 128 assembly
2124 2052 140 136 by
2324 2056 184 100 the
2564 2052 684 132 publication
3308 2056 696 128 department
4060 2052 128 104 of
4240 2056 188 100 the

576 2204 772 132 Presbyterian
1420 2204 340 100 board
1824 2204 128 96 of
2016 2200 568 112 Christian
2656 2200 612 132 education,
3340 2212 288 96 1930.

712 2360 52 80 2
820 2380 56 72 p
884 2424 16 16 .
952 2356 88 96 1.,
1092 2356 32 80 i
1152 2360 20 72 I
1200 2380 120 56 -v
1324 2420 20 32 ,
1396 2356 284 84 3-512
1736 2380 60 72 p
1800 2420 20 20 .
1932 2360 112 80 18
2052 2356 44 96 1
2132 2364 16 56 '
2124 2364 40 40 "
2196 2420 16 16 .

592 2492 96 88 ©
748 2496 196 80 Oct.
1000 2496 52 76 2
1052 2500 48 76 2
1116 2560 16 28 ,
1192 2500 40 72 1
1244 2496 56 76 9
1300 2496 112 76 30
1444 2516 16 72 ;
1516 2504 52 72 2
1572 2516 48 60 c
1628 2560 20 12 .
1708 2492 164 80 Oct
1888 2560 12 12 .
1956 2496 52 72 2
2016 2500 100 84 7;
2176 2496 136 76 aff
2320 2560 16 12 .
2392 2496 228 80 Nov.
2676 2500 156 84 11;
2896 2496 80 76 A
3028 2496 48 76 2
3084 2492 52 80 9
3140 2492 52 80 9
3196 2504 56 72 0
3256 2496 104 88 2;
3420 2496 316 76 Board
3792 2496 100 76 of
3952 2496 480 76 Christian

720 2608 492 76 education
1296 2604 100 80 of
1480 2608 156 76 the
1716 2604 180 80 lre
1884 2612 44 64 s
1952 2608 52 72 b
2012 2628 52 68 y
2076 2608 304 76 terian
2464 2604 348 80 church
2896 2604 100 76 in
3076 2604 160 80 the
3320 2608 104 76 U.
3516 2608 56 76 S
3584 2668 16 16 .
3688 2608 104 76 A.
3912 2596 136 108 [©
4132 2608 300 76 added

728 2716 344 76 matter
1236 2716 200 92 (30-
1436 2712 56 72 3
1508 2716 108 76 08
1620 2712 52 80 9
1680 2720 96 92 1)
3964 2708 292 88 12567

712 2896 456 100 Manual
1228 2896 180 100 for
1460 2896 408 100 church
1920 2896 404 100 officers
2380 2896 216 100 and
2652 2896 560 132 members,
3268 2896 124 100 of
3444 2896 184 100 the
3684 2908 748 120 government,

580 3044 616 132 discipline,
1292 3048 216 100 and
1604 3044 484 132 worship
2180 3052 124 96 of
2392 3044 184 104 the
2664 3044 784 132 Presbyterian
3540 3048 408 100 church
4040 3044 112 104 in
4248 3048 184 100 the

584 3196 416 104 United
1072 3196 360 108 States
1504 3196 124 96 of
1696 3196 544 100 America.
2384 3196 184 100 4th
2648 3196 160 100 ed.
2964 3196 844 132 [Philadelphia]
3904 3196 264 104 Pub,
4252 3196 180 100 for

584 3344 180 104 the
832 3344 284 104 office
1184 3344 124 104 of
1372 3344 184 100 the
1624 3344 476 108 General
2168 3344 540 132 assembly
2772 3344 144 132 by
2984 3344 180 104 the
3240 3344 676 132 publication
3992 3344 436 132 depart-

584 3508 292 88 ment
940 3496 124 100 of
1120 3496 184 100 the
1368 3496 372 100 Board
1800 3496 128 100 of
1992 3492 564 112 Christian
2624 3492 612 128 education,
3304 3500 288 96 1930.

712 3648 168 80 393
932 3672 84 76 p.
1132 3652 48 76 1
1188 3652 52 76 8
1244 3648 512 88 ½ͨͫ
1396 3712 20 20 .

720 3760 652 76 Introduction
1444 3760 376 92 signed:
1900 3760 300 76 Lewis
2272 3764 448 84 Seymour
2788 3756 364 96 ludge,
3228 3760 420 76 William
3720 3764 96 72 P.
3888 3764 384 92 Finney.

720 3868 724 96 Bibliography:
1504 3888 84 76 p.
1648 3868 304 80 11-12.

596 3976 88 88 ©
752 3980 196 80 Oct.
1004 3980 136 92 22,
1200 3976 264 92 1930;
1520 3984 132 76 2c.
1712 3976 196 84 Oct.
1964 3976 156 92 27;
2184 3976 132 76 aff
2324 4044 16 16 .
2396 3980 224 76 Nov.
2688 3980 148 84 11;
2900 3980 80 72 A
3032 3980 168 76 299
3200 3976 56 80 9
3260 3984 100 88 1;
3428 3980 312 80 Board
3796 3980 104 80 of
3956 3980 484 80 Christian

736 4088 492 80 education
1312 4088 96 76 of
1492 4088 160 80 the
1728 4088 664 92 Presbyterian
2476 4088 344 80 church
2908 4088 92 76 in
3084 4088 160 80 the
3328 4092 104 76 U.
3524 4088 88 84 S.
3692 4092 104 80 A.
3920 4128 24 60 [
3964 4076 80 96 ©
4136 4092 300 80 added

724 4204 372 88 matter]
1236 4196 328 96 (30-30
1568 4200 52 76 8
1620 4196 156 96 90)
3976 4196 288 84 12568

588 4380 320 120 Pym,
984 4380 520 124 Michael,
1584 4392 316 92 1889-

724 4532 232 100 The
1016 4568 364 96 power
1436 4532 124 104 of
1612 4532 332 104 India
2012 4596 20 68 [
2044 4532 144 136 by
2200 4596 24 68 ]
2288 4532 476 104 Michael
2824 4536 280 128 Pym
3156 4532 76 112 …
3436 4536 264 100 New
3760 4536 344 136 York,
4160 4536 284 100 Lon-

588 4684 248 128 don,
892 4680 128 108 G.
1076 4680 124 104 P.
1260 4680 568 108 Putnam's
1880 4716 284 96 sons,
2224 4688 284 96 1930.

716 4836 168 80 317
944 4856 80 72 p.
1140 4836 316 92 front.,
1520 4836 328 92 plates,
1908 4844 288 84 ports.
2312 4836 284 96 224,-.

724 4944 316 80 "First
1096 4944 440 80 edition."

724 5052 724 96 Bibliography:
1512 5076 84 72 p.
1652 5056 196 80 317.

652 5160 48 100 )
752 5168 196 76 Oct.
996 5164 52 76 2
1056 5168 80 88 4,
1188 5168 40 72 1
1240 5168 56 76 9
1296 5168 52 76 3
1352 5168 56 72 0
1436 5184 16 68 ;
1508 5168 48 72 2
1556 5184 80 64 c.
1688 5168 184 72 and
1928 5164 156 80 aff.
2136 5164 196 80 Oct.
2384 5164 160 88 28;
2600 5168 76 72 A
2728 5168 48 72 3
2784 5164 272 92 0214;
3116 5172 224 76 Mrs.
3396 5172 120 80 A.
3568 5172 260 92 Pym,
3880 5172 560 92 Tarrytown

736 5300 116 52 on
908 5276 408 92 Hudson.
1388 5276 104 76 N.
1556 5276 100 76 Y.
1792 5276 540 96 (30-30704)
3980 5276 288 84 12569

592 5456 456 124 Rachie,
1128 5456 344 124 Elias,
1556 5460 328 100 1875-

724 5600 596 108 Seventeen
1416 5600 260 136 keys
1764 5616 112 88 to
1968 5604 524 132 freedom,
2584 5604 140 132 by
2820 5608 96 100 E
2928 5612 36 96 l
2968 5608 160 100 ias
3224 5612 408 100 Rachie
3700 5612 60 108 …
4012 5612 424 100 Minne-

592 5752 384 128 apolis,
1040 5748 348 108 Seven
1448 5760 332 96 states
1844 5788 184 92 co.,
2092 5756 292 100 1930.

728 5904 160 80 149
940 5924 84 76 p.
1140 5904 332 80 double
1536 5928 236 72 map.
1888 5904 108 80 20
2004 5912 28 40 0
2012 5904 100 84 m.

628 6008 76 88 C
760 6016 244 92 Sept.
1064 6020 128 88 17,
1248 6012 264 96 1930;
1568 6020 128 76 2c.
1752 6020 112 76 Se
1868 6024 92 84 pt
1984 6080 16 16 .
2052 6020 48 72 2
2108 6024 52 68 0
2192 6040 16 64 ;
2264 6040 52 56 a
2328 6020 40 72 f
2364 6020 60 80 f.
2480 6020 112 76 Se
2600 6044 124 68 p.
2776 6032 56 64 2
2832 6028 100 68 9:
2992 6020 76 76 A
3116 6020 332 96 27924;
3512 6028 96 76 E.
3664 6024 80 76 R
3752 6024 288 92 achie,
4100 6024 348 80 Minne-

736 6144 176 76 apo
920 6124 144 80 lis.
1204 6128 324 88 (30-30
1532 6128 56 76 G
1588 6128 152 88 77)
3976 6132 292 84 12570

604 6304 780 136 [Richardson,
1444 6308 400 100 Albert
1904 6312 424 100 Ernest
2432 6324 56 92 1
2500 6320 52 96 8
2564 6324 60 92 6
2632 6324 132 92 8-

728 6456 232 100 The
1016 6456 392 100 Lord's
1464 6492 400 96 prayer
1924 6456 108 104 in
2092 6456 516 140 practice,
2664 6464 148 132 by
2872 6500 140 64 an
3068 6464 552 100 unknown
3684 6468 568 108 Christian
4320 6464 68 108 …

600 6604 264 100 New
920 6608 344 124 York,
1328 6604 484 136 Chicago
1884 6620 268 120 [etc.]
2224 6608 512 136 Fleming
2796 6612 148 104 H.
3012 6612 380 104 Revell
3452 6648 540 104 company
4060 6600 372 152 (1930]

728 6756 168 80 119
948 6780 80 72 p.
1148 6756 172 84 19j
1348 6768 28 36 °
1408 6824 16 16 .

612 6844 96 88 ©
764 6868 196 80 Oct.
1008 6872 80 88 4,
1144 6872 40 72 1
1192 6868 56 80 9
1252 6872 48 76 3
1308 6872 56 76 0
1392 6892 16 68 ;
1460 6872 132 76 2c.
1644 6876 184 72 and
1880 6872 152 80 aff.
2088 6876 224 76 Nov.
2368 6876 152 92 10;
2580 6876 72 76 A
2708 6872 328 100 29931;
3092 6876 424 100 Fleming
3564 6880 120 80 H.
3736 6884 320 76 Revell
4112 6904 132 60 co.

764 6976 328 96 (30-30
1092 6976 108 80 89
1204 6980 100 92 3)
3980 6988 288 84 12571

600 7160 664 128 Richmond,
1340 7164 472 108 Charles
1884 7172 124 100 E.

736 7308 316 104 Bible
1124 7312 384 104 stories
1580 7320 216 104 and
1868 7316 820 108 miscellaneous
2756 7356 332 84 verse,
3160 7328 144 108 by
3380 7328 456 104 Charles
3908 7328 128 104 E.
4112 7328 328 104 Rich-

600 7460 360 100 mond.
1108 7464 448 116 Boston,
1628 7464 228 104 The
1932 7464 728 136 Christopher
2728 7472 644 136 publishing
3444 7476 336 104 house
3856 7484 268 124 [0193
4136 7488 60 92 0
