4752 8320
296 744 432 116 Polner,
792 736 432 100 Tikhon
1292 728 1380 108 Ivanovich-Continued

300 884 596 132 university
948 916 352 96 press;
1356 880 492 132 London,
1896 880 148 96 H.
2096 872 512 128 Milford,
2660 868 440 108 Oxford
3152 868 604 104 university
3816 896 292 96 press

296 1036 176 100 for
532 1036 180 100 the
772 1028 536 132 Carnegie
1368 1028 680 100 endowment
2112 1024 176 100 for
2344 1020 784 100 international
3188 1052 356 96 peace,
3600 1012 504 104 Division

296 1184 120 104 of
468 1180 480 104 economi
956 1216 48 64 c
1016 1216 44 64 s
1120 1180 216 96 and
1392 1172 456 132 history,
1912 1180 288 92 1930.

432 1364 144 68 xv,
640 1340 48 76 3
700 1340 104 76 17
868 1360 84 72 p.
1096 1340 56 72 d
1160 1336 280 88 iagrs.
1580 1332 228 76 25ͨͫ.
1956 1368 20 56 [
1984 1328 452 92 Carnegie
2528 1328 580 76 endowment
3200 1324 148 76 for
3440 1320 664 80 international

300 1468 296 76 peace.
712 1448 428 72 Division
1188 1444 100 76 of
1336 1440 516 80 economics
1904 1440 180 76 and
2136 1436 384 92 history.
2640 1432 496 80 Economic
3184 1432 176 76 and
3420 1432 280 76 social
3756 1432 356 88 history

300 1560 96 76 of
444 1556 156 80 the
652 1556 288 76 world
992 1572 224 56 war.
1328 1552 80 72 R
1416 1568 56 56 u
1480 1548 260 76 ssian
1788 1544 288 112 serifs

432 1688 720 92 Bibliography:
1216 1708 88 72 p.
1372 1684 136 96 [30
1512 1684 140 92 8]-
1656 1680 164 80 309
1832 1744 12 16 .

312 1812 96 88 ©
468 1828 244 92 Sept.
764 1824 132 92 19,
956 1824 268 76 1930:
1284 1828 48 64 2
1340 1844 44 52 c
1396 1884 12 16 .
1472 1820 244 92 Sept.
1772 1816 112 76 25
1912 1840 16 64 ;
1992 1836 44 56 a
2052 1816 76 72 ff
2132 1876 16 16 .
2212 1816 176 88 Sep
2388 1824 32 68 t
2440 1876 12 12 .
2512 1816 156 76 24:
2728 1812 84 76 A
2864 1812 108 76 27
2976 1812 104 80 83
3088 1812 108 92 4;
3260 1812 120 76 Ca
3396 1832 104 56 rn
3512 1832 48 52 e
3564 1832 56 68 g
3624 1808 84 76 ie
3768 1816 352 72 endow-

444 1960 88 52 m
540 1940 152 72 ent
748 1936 152 76 for
952 1936 96 72 in
1056 1928 372 80 ternatl.
1484 1952 116 68 pe
1604 1952 48 52 a
1664 1948 100 56 ce
1772 1988 12 12 .
1924 1924 28 92 (
1968 1928 48 72 3
2024 1924 160 76 0-2
2172 1928 84 88 81
2252 1948 48 68 1
2308 1924 100 72 (3
2432 1928 24 88 )
3660 1912 284 84 11170

300 2140 552 124 Pomfret,
912 2140 292 100 John
1268 2132 432 108 Edwin.

436 2292 232 100 The
748 2288 488 128 struggle
1320 2284 180 104 for
1576 2284 260 100 land
1920 2284 108 96 in
2112 2280 480 116 Ireland,
2684 2284 620 120 1800-1923,
3384 2280 140 128 by
3608 2280 300 100 John
3992 2280 124 100 E.

304 2436 504 104 Pomfret
884 2448 60 104 …
1140 2432 620 112 Princeton,
1828 2436 156 96 Pr
1996 2428 24 96 i
2032 2440 244 88 ncet
2284 2464 60 64 o
2348 2464 72 64 n
2488 2428 612 132 university
3164 2464 336 92 press,
3572 2432 116 96 19
3700 2432 128 96 30
3836 2508 20 16 .

432 2592 136 76 xii
616 2612 112 72 p.,
784 2592 48 76 1
880 2596 88 88 1.,
1020 2592 164 76 334
1232 2612 84 72 p.
1428 2588 52 76 2
1484 2588 48 80 3
1568 2588 40 68 1
1692 2648 16 16 .

444 2700 280 76 "This
796 2696 384 84 treatise
1248 2696 92 76 in
1412 2696 120 76 its
1600 2696 392 76 original
2068 2692 244 76 form
2380 2712 196 56 was
2648 2712 60 72 p
2712 2692 424 76 resented
3212 2696 88 72 to
3372 2692 152 76 the
3592 2692 364 88 faculty
4028 2692 96 72 of

308 2812 156 76 the
520 2812 480 76 Graduate
1056 2808 304 76 school
1420 2804 100 76 of
1576 2804 156 76 the
1788 2800 540 92 University
2392 2800 96 76 of
2544 2800 688 88 Pennsylvania
3292 2800 92 72 in
3444 2800 348 88 partial
3852 2800 96 72 fu
3964 2804 60 68 lf
4024 2800 100 72 il-

312 2924 248 72 ment
616 2920 96 76 of
776 2920 156 72 the
988 2912 676 92 requirements
1716 2912 156 76 for
1932 2912 156 76 the
2148 2912 328 84 degree
2532 2932 48 52 o
2588 2908 40 76 f
2688 2912 324 72 doctor
3068 2908 96 76 of
3224 2908 632 92 philosophy."

440 3028 720 88 Bibliography:
1216 3044 84 72 p.
1360 3060 20 56 [
1384 3020 164 80 315
1568 3056 60 60 ]
1604 3020 228 80 -326.

324 3152 92 88 ©
468 3160 220 88 July
736 3160 132 88 14,
916 3156 104 76 19
1028 3160 112 76 30
1172 3180 12 56 :
1236 3160 132 80 -c.
1420 3156 192 76 Oct.
1664 3156 156 88 10;
1880 3172 28 68 :
1908 3172 24 68 a
1936 3152 92 76 ff.
2084 3152 196 80 Oct.
2332 3152 100 92 S;
2488 3152 76 72 A
2612 3148 332 96 29244;
2996 3152 500 80 Princeton
3548 3152 244 76 univ.
3848 3172 56 68 p
3908 3172 148 52 res
4056 3176 44 52 s
4116 3212 16 16 .

468 3268 28 92 (
508 3268 48 76 3
568 3268 56 76 0
624 3268 376 88 -28167)
3672 3256 284 84 11171

312 3476 328 120 Pope,
700 3472 676 124 Alexander,
1444 3476 616 100 1688-1744.

440 3620 236 104 The
716 3620 548 128 Dunciad,
1312 3620 592 128 variorum,
1952 3620 268 96 with
2268 3620 184 96 the
2500 3620 768 128 prolegomena
3320 3616 120 100 of
3496 3616 640 124 Scriblerus,

312 3772 140 128 by
528 3772 632 96 Alexander
1236 3772 356 124 Pope;
1680 3768 672 128 reproduced
2432 3768 108 96 in
2636 3764 540 104 facsimile
3260 3764 292 100 from
3636 3768 180 100 the
3900 3764 236 104 first

316 3916 276 104 issue
672 3916 124 100 of
868 3916 184 100 the
1132 3916 476 132 original
1692 3916 412 100 edition
2184 3912 128 104 of
2396 3916 308 124 1729;
2792 3916 272 100 with
3152 3952 140 60 an
3372 3916 368 100 introd
3760 3952 56 60 u
3832 3924 304 120 ctory

312 4100 308 96 essay
676 4064 144 132 by
880 4064 416 100 Robert
1352 4064 492 96 Kilburn
1904 4064 316 96 Root.
2356 4064 628 124 Princeton,
3052 4060 588 100 Princeton
3720 4064 416 96 univer-

312 4212 220 132 sity
592 4244 336 100 press,
996 4212 284 100 1929.

448 4364 48 76 2
552 4384 80 76 p.
692 4364 84 96 1.,
832 4364 112 76 42
992 4384 116 72 p.,
1164 4364 416 76 facsim.:
1640 4364 52 72 1
1752 4384 80 72 p.
1892 4364 88 92 l.,
2036 4364 108 76 29
2200 4384 120 72 p.,
2376 4364 44 72 1
2484 4356 32 72 l
2520 4424 44 24 .,
2632 4364 188 92 118,
2884 4364 276 76 cxix-
3164 4388 48 52 e
3212 4364 228 76 xxiv
3500 4380 56 76 p
3564 4428 16 12 .
3892 4364 336 84 26½ͨͫ.

452 4496 244 80 "The
764 4520 56 52 v
824 4496 144 76 ari
976 4520 52 56 o
1036 4520 108 52 us
1212 4496 400 80 editions
1684 4496 100 76 of
1852 4500 160 76 the
2088 4496 520 92 'Complete'
2684 4496 428 80 Dunciad
3188 4496 96 80 of
3356 4496 328 76 1729":
3760 4500 104 72 In
3880 4504 32 72 t
3920 4520 44 52 r
3968 4500 116 76 od
4092 4556 48 32 .,

320 4628 76 72 p.
460 4604 52 80 3
516 4604 248 84 8-9.

336 4736 96 96 ©
484 4744 212 76 Dec.
744 4740 132 96 27,
924 4740 164 76 192
1096 4740 56 80 9
1176 4764 16 68 ;
1248 4740 128 80 2c.
1432 4740 244 92 Sept.
1724 4740 132 96 15,
1904 4740 108 76 19
2016 4740 48 80 3
2076 4740 52 76 0
2160 4764 16 68 ;
2232 4740 156 80 aff.
2440 4740 200 80 Oct.
2688 4740 100 92 8;
2844 4740 76 76 A
2968 4740 328 92 29246;
3356 4740 492 80 Princeton
3900 4744 248 76 univ.

460 4872 292 72 press.
868 4868 132 84 [©
1048 4852 648 88 introductory
1744 4868 296 84 essay]
2184 4852 24 92 (
2224 4852 48 76 3
2284 4848 436 96 0-28087)
3688 4848 284 80 11172

320 5032 488 120 Purnell,
872 5032 380 104 Idella.

456 5176 288 132 Why
796 5176 184 104 the
1028 5176 184 104 bee
1268 5176 96 100 is
1416 5176 272 136 busy
1744 5176 216 100 and
2020 5180 304 96 other
2384 5172 628 104 Rumanian
3064 5176 300 140 fairy
3424 5180 264 100 tales
3748 5180 228 100 told
4036 5192 112 88 to

320 5324 280 100 little
660 5328 308 96 Marc
972 5360 68 64 u
1100 5324 140 132 by
1300 5324 304 100 Baba
1664 5324 508 128 Maritza,
2232 5324 140 132 by
2432 5324 352 100 Idella
2844 5328 92 96 P
2948 5364 64 60 u
3024 5328 272 96 rnell
3356 5328 216 96 and
3632 5328 292 104 John
3992 5332 76 96 A
3992 5332 120 100 M
4124 5412 16 20 .

328 5472 804 128 Weatherwax;
1224 5472 616 104 illustrated
1928 5472 140 132 by
2152 5472 356 100 Helen
2600 5472 392 108 Smith.
3136 5476 260 100 New
3492 5476 232 100 Yor
3728 5476 96 96 k.
3920 5480 92 96 T
4016 5476 132 104 he

320 5616 636 104 Macmillan
1020 5656 568 96 company,
1648 5628 288 100 1930.

460 5784 48 72 7
552 5800 80 72 p.
684 5780 80 88 1.,
812 5784 48 72 1
868 5780 48 76 3
924 5780 52 76 4
1024 5800 80 72 p.
1156 5780 32 76 i
1192 5804 120 52 ne
1308 5780 28 72 l
1344 5844 20 16 .
1416 5780 68 76 il
1488 5780 100 76 lu
1592 5800 96 76 s.,
1736 5780 328 92 plates.
2180 5784 164 76 col.
2396 5784 280 76 front.
2796 5784 104 76 19
2936 5780 136 72 ½ͨͫ.

352 5904 88 100 O
496 5916 128 76 Oc
632 5920 60 72 t.
744 5916 112 72 14
860 5976 16 24 ,
924 5912 108 76 19
1040 5916 108 72 30
1180 5936 20 68 ;
1252 5912 128 80 2c.
1436 5920 184 76 and
1672 5912 84 80 af
1756 5912 68 84 f.
1884 5916 192 80 Oct.
2132 5916 160 92 15;
2344 5916 80 76 A
2476 5912 160 84 293
2648 5916 48 80 5
2700 5920 104 88 7;
2860 5916 548 80 Macmillan
3456 5940 104 56 co
3568 5984 16 16 .

492 6020 536 96 (30-28190)
3696 6024 284 84 11173

336 6200 600 124 Robinson,
1004 6204 324 104 Clara
1392 6204 344 124 Lucy,
1796 6212 188 100 187
2000 6208 60 92 8
2056 6276 68 12 -

460 6348 680 132 Psychology
1212 6348 212 100 and
1500 6348 180 104 the
1748 6352 708 128 preparation
2520 6356 120 96 of
2712 6360 180 96 the
2964 6356 428 100 teacher
3460 6356 176 100 for
3708 6360 176 96 the
3952 6392 52 64 e
4012 6360 136 96 le-

336 6508 488 124 mentary
892 6500 408 124 school;
1380 6536 56 60 a
1512 6536 388 92 survey
1968 6500 212 100 and
2256 6540 140 60 an
2468 6540 136 60 an
2612 6540 52 60 a
2676 6504 264 128 lysis
3012 6504 124 100 of
3200 6504 524 132 practices
3792 6508 112 100 in
3972 6520 44 88 t
4024 6504 132 104 he

336 6644 500 132 teaching
896 6644 120 100 of
1080 6648 652 132 psychology
1808 6648 108 100 in
1988 6648 408 104 certain
2464 6652 720 128 professional
3252 6656 412 100 schools
3732 6656 180 100 for
3980 6656 172 100 the

332 6792 700 132 preparation
1092 6792 120 100 of
1272 6796 512 116 teachers,
1848 6796 144 136 by
2056 6796 328 104 Clara
2444 6800 120 100 L.
2636 6800 552 100 Robinson
3244 6792 64 112 …
3516 6804 268 104 New
3848 6804 304 104 York

336 6940 252 128 city,
636 6944 528 100 Teachers
1212 6944 436 132 college,
1700 6944 572 108 Columbia
2324 6948 636 132 university,
3024 6960 284 92 1930.

472 7104 56 60 v
532 7100 32 76 i
568 7128 20 44 .
676 7104 160 76 121
920 7124 84 72 p.
1116 7100 164 96 23
1324 7112 12 36 ½ͨͫ
1380 7164 16 20 .
1532 7104 508 96 (Teachers
2124 7108 368 92 college,
2580 7112 68 76 C
2660 7128 40 56 o
2716 7112 340 76 lumbia
3152 7112 540 96 university.
3808 7116 352 80 Contri-

340 7208 364 76 butions
756 7216 40 72 t
808 7232 44 52 o
908 7212 508 80 education,
1476 7236 116 56 no
1640 7212 212 88 41S)

476 7344 496 80 Published
1020 7368 48 56 a
1088 7348 72 72 ls
1172 7368 44 52 o
1272 7368 96 56 as
1428 7352 288 76 thesis
1788 7352 32 84 (
1836 7368 48 56 r
1880 7332 112 92 t.
2056 7332 116 108 n.)
2244 7352 476 76 Columbia
2772 7352 540 96 university.

360 7472 96 92 ©
512 7480 228 92 Aug.
800 7484 132 88 11,
988 7480 272 80 1930:
1316 7484 128 76 2'.
1504 7484 140 76 Au
1652 7504 60 68 g
1716 7548 16 12 .
1788 7484 156 76 27:
2048 7492 24 64 a
2072 7484 56 72 f
2100 7484 64 76 f.
2232 7484 244 96 Sept.
2536 7488 156 92 20;
2756 7488 80 72 A
2892 7484 212 84 2781
3116 7488 48 80 3
3200 7512 16 72 ;
3284 7492 464 76 Teachers
3804 7492 356 92 college.

488 7592 468 76 Columbia
1032 7592 244 76 univ.
1416 7592 24 92 (
1456 7592 120 76 30
1576 7592 216 72 -280
1840 7592 108 76 2)
3708 7600 280 80 11174

2136 7700 248 100 1723
