4800 8268
2080 7640 204 108 457

308 640 468 124 Abbott,
844 640 456 100 Austin.

436 788 316 104 Abbo
760 800 100 92 tt
916 788 104 104 N
1024 824 156 68 ew
1244 788 312 104 York
1616 788 360 132 digest
2056 788 64 120 …
2292 784 412 108 Consol
2704 788 36 96 i
2744 788 332 104 dated
3136 788 204 132 ed.,
3396 788 520 132 covering
3968 788 188 104 the

304 944 508 128 reported
872 976 288 68 cases
1228 940 288 100 from
1576 940 184 100 the
1820 932 436 108 earliest
2312 936 296 132 time,
2668 936 268 100 with
2996 944 440 96 current
3496 936 660 104 cumulative

304 1088 400 104 service
800 1088 476 132 keeping
1364 1088 188 104 the
1648 1088 356 132 digest
2096 1088 412 132 always
2600 1096 112 96 to
2808 1088 280 104 date.
3260 1084 580 132 Compiled
3936 1088 220 104 and

300 1240 364 100 edited
724 1244 148 128 by
936 1240 232 100 The
1232 1240 516 128 Lawyers
1816 1236 736 128 co-operative
2620 1232 644 140 publishing
3328 1272 544 100 company
3940 1240 216 100 and

296 1388 256 104 Wes
556 1396 48 92 t
652 1388 648 132 publishing
1348 1424 568 92 company.
2040 1420 96 64 v.
2192 1392 332 92 30-32
2596 1400 68 104 …
2824 1384 160 108 St.
3040 1388 316 128 Paul,
3408 1388 124 96 M
3536 1388 264 132 inn.,
3844 1388 312 104 West

296 1540 648 132 publishing
1000 1572 592 96 company;
1652 1536 272 100 New
1976 1532 316 104 York
2344 1536 256 132 city,
2656 1532 136 104 N.
2852 1536 176 128 Y.,
3084 1532 400 116 Baker,
3536 1536 480 104 Voorhis
4068 1544 88 96 &

296 1724 596 96 company;
956 1688 596 100 Rochester
1612 1688 216 100 and
1888 1684 264 100 New
2216 1684 316 100 York
2592 1684 256 132 city,
2908 1684 132 100 N.
3104 1688 180 128 Y.,
3344 1688 236 104 The
3632 1684 524 132 Lawyers

296 1840 736 128 co-operative
1096 1836 648 132 publishing
1800 1868 544 100 company
2404 1840 272 96 [ͨ193
2688 1840 60 96 0

428 1996 56 76 3
540 2012 80 60 v.
736 1992 212 76 26ͨͫ.

304 2088 96 92 ©
468 2104 236 76 Mar.
768 2104 136 84 27,
968 2096 276 96 1930;
1308 2104 132 76 2c.
1508 2100 224 80 each
1796 2096 216 96 Apr.
2080 2100 104 88 1;
2256 2120 52 56 a
2316 2096 76 76 ff
2396 2120 68 60 s.
2528 2100 224 92 Apr.
2816 2100 104 88 9;
2992 2100 84 76 A
3136 2100 672 92 20988-20990;
3880 2100 260 84 West

432 2212 212 92 pub.
692 2232 132 56 co.
876 2212 72 76 &
992 2212 444 88 Lawyers
1492 2228 136 60 co-
1636 2228 48 56 o
1688 2204 428 96 perative
2164 2208 208 92 pub.
2428 2228 52 56 c
2480 2228 48 56 o
2544 2268 16 16 .
3448 2204 108 84 30
3568 2204 48 84 5
3628 2208 48 80 0
3680 2212 116 76 -3
3808 2212 48 76 0
3868 2208 48 80 5
3928 2212 60 76 2

300 2388 676 124 Ackerman,
1036 2392 256 104 Carl
1344 2388 528 124 William,
1932 2396 328 96 1890-

420 2536 428 136 George
904 2540 572 128 Eastman,
1532 2536 148 132 by
1740 2536 264 108 Carl
2060 2536 176 104 W.
2296 2536 684 132 Ackerman;
3044 2540 272 104 with
3380 2576 144 68 an
3580 2540 556 108 introduc-

284 2688 236 100 tion
592 2684 148 136 by
812 2688 404 100 Edwin
1292 2688 104 100 R
1408 2768 16 20 .
1504 2688 136 100 A.
1724 2680 568 140 Seligman
2380 2768 108 20 ...
2644 2692 424 96 Boston
3148 2692 216 100 and
3440 2692 272 100 New
3796 2692 348 132 York,

284 2836 612 132 Houghton
956 2836 272 100 Miff
1160 2836 68 100 l
1236 2836 116 100 in
1408 2872 572 96 company,
2044 2840 292 96 1930.

424 2992 232 76 xviii
708 3012 112 72 p.,
876 2992 48 76 1
976 2992 88 92 1.,
1124 2992 164 76 522
1340 3012 84 72 p.
1540 2992 316 88 front.,
1912 2992 332 92 plates,
2300 2992 288 92 ports.
2704 2988 280 88 24½ͨͫ.

296 3084 100 96 ©
460 3104 96 76 M
560 3124 132 60 ar.
748 3100 56 76 2
808 3104 52 72 6
868 3164 16 32 ,
940 3104 112 76 19
1052 3104 116 76 30
1188 3104 24 72 ;
1276 3104 48 72 2
1336 3124 44 56 c
1388 3164 16 16 .
1464 3104 236 80 Mar.
1756 3100 160 92 29;
1976 3100 160 76 aff.
2196 3104 236 76 Mar.
2488 3104 160 92 27;
2712 3104 80 76 A
2844 3104 332 92 21424;
3244 3108 512 92 Houghton
3852 3092 160 100 Miff
4012 3100 28 76 l
4044 3108 100 76 in

428 3236 128 56 co.
692 3208 484 96 (30-9003)
3740 3212 232 84 3053

292 3392 612 104 American
960 3392 296 120 legal
1312 3388 796 124 publications,
2168 3392 828 124 incorporated.

428 3544 108 100 D
544 3548 336 128 igests
932 3544 124 100 of
1108 3548 36 96 l
1156 3580 52 64 e
1216 3544 340 132 ading
1608 3584 52 60 c
1668 3580 232 68 ases
1948 3544 116 100 in
2120 3556 380 88 contra
2504 3584 52 64 c
2564 3556 100 96 ts
2728 3628 108 16 ...
2984 3616 24 60 [
3008 3584 104 68 v.
3176 3560 92 120 1,
3320 3560 64 92 2
3372 3544 32 88 ]
3548 3552 608 136 Brooklyn,

296 3696 132 100 N.
496 3696 172 116 Y.,
732 3692 340 104 Amer
1080 3696 32 100 i
1124 3732 200 64 can
1388 3696 284 128 legal
1736 3696 224 128 pub
1964 3696 40 100 l
2012 3692 164 104 ica
2184 3704 48 92 t
2240 3692 236 108 ions
2536 3700 696 128 incorporate
3240 3704 72 100 d
3420 3720 44 96 1
3532 3708 56 96 9
3596 3712 56 92 3
3664 3708 60 96 0
3724 3732 28 76 ,

424 3852 52 76 2
536 3872 60 56 v
608 3912 12 16 .
740 3848 224 80 28ͨͫ.

428 3956 900 96 "Mimeographed."

300 4060 96 96 ©
460 4068 248 92 Sept.
760 4068 136 92 25,
952 4068 272 88 1928;
1280 4072 132 76 2c.
1468 4068 228 76 each
1752 4068 212 76 Jan.
2020 4068 136 92 24,
2212 4068 272 92 1930;
2548 4072 208 76 affs.
2816 4072 212 80 Jan.
3084 4076 160 84 23;
3304 4072 84 76 A
3440 4076 308 96 20327,
3804 4076 332 80 20328:

428 4180 308 76 Amer.
788 4180 208 92 lega
1000 4180 36 72 l
1084 4176 652 96 publications,
1792 4180 172 88 inc.
3432 4180 260 100 3054,
3748 4184 228 84 3055

428 4360 452 136 Digests
960 4360 128 100 of
1168 4360 444 132 leading
1684 4396 300 72 cases
2060 4364 116 100 in
2256 4372 276 96 torts
2624 4448 108 20 ...
2896 4396 136 76 [v.
3120 4376 92 124 1,
3288 4376 64 92 2
3360 4436 24 64 ]
3544 4376 608 136 Brooklyn,

296 4516 128 96 N.
496 4516 172 128 Y.,
728 4508 596 104 American
1384 4508 284 124 legal
1736 4508 736 132 publications
2536 4516 772 132 incorporated
3380 4512 92 88 [ͨ
3464 4528 52 92 1
3532 4528 52 96 9
3596 4528 152 96 30]

420 4668 56 76 2
532 4692 56 56 v
596 4732 16 16 .
724 4668 228 80 28ͨͫ.

428 4772 900 96 "Mimeographed."

296 4876 96 92 ©
456 4888 248 88 Sept.
756 4888 52 72 2
816 4888 52 76 5
872 4948 20 32 ,
948 4884 272 80 1928;
1276 4888 52 72 2
1332 4896 48 68 c
1392 4948 16 16 .
1464 4884 232 80 each
1748 4888 212 76 Jan.
2012 4888 136 92 24,
2208 4888 272 88 1930;
2540 4888 212 80 affs.
2812 4892 212 76 Jan.
3080 4892 160 92 23;
3300 4892 80 80 A
3436 4896 304 92 20325,
3800 4892 332 92 20326;

424 4996 304 76 Amer.
784 4996 244 92 legal
1076 4996 656 92 publications,
1784 4996 176 84 inc.
3428 5000 260 92 3056,
3744 5004 232 84 3057

284 5172 624 128 Assheton,
964 5168 408 128 Ralph,
1436 5176 324 104 1878-
2180 5212 348 100 comp.

412 5324 476 132 History
948 5320 124 100 of
1136 5320 624 132 explosions
1828 5360 136 64 on
2032 5324 360 104 which
2456 5328 188 100 the
2708 5324 596 108 American
3368 5336 296 104 table
3732 5340 124 100 of
3924 5344 212 100 dis-

280 5484 364 92 tances
704 5508 224 64 was
980 5468 368 132 based,
1408 5468 580 136 including
2048 5472 312 104 other
2396 5476 624 132 explosions
3052 5480 124 100 of
3208 5480 304 136 large
3548 5492 596 128 quantities

280 5620 124 104 of
468 5620 644 132 explosives,
1176 5620 548 132 compiled
1784 5624 144 132 by
1996 5620 376 132 Ralph
2436 5624 552 104 Assheton
3068 5716 108 16 ...
3252 5632 272 104 with
3592 5672 144 68 an
3796 5640 340 104 intro-

280 5768 456 108 duction
788 5768 144 132 by
996 5768 452 104 Colonel
1508 5772 136 100 B.
1696 5768 176 104 W.
1932 5768 344 104 Dunn
2348 5852 108 20 ...
2608 5776 808 136 [Wilmington,
3476 5784 276 104 Del..
3816 5792 328 104 Press

280 5920 124 100 of
460 5920 460 104 Charles
972 5920 124 100 L.
1156 5912 340 136 Story
1548 5952 576 100 company,
2184 5928 56 80 0
2224 5924 292 128 19301

416 6076 176 80 316
640 6096 84 72 p.
772 6076 32 76 i
812 6096 60 52 n
880 6076 76 76 cl
968 6136 16 16 .
1040 6072 316 92 front.,
1412 6072 300 92 diagr.
1824 6092 268 76 maps
2168 6076 264 92 (part
2480 6076 284 96 fold.)
2888 6080 224 80 248.

424 6184 128 76 "P
556 6208 60 52 u
620 6184 368 76 blished
1052 6200 60 60 u
1120 6184 232 76 nder
1416 6180 160 80 the
1636 6180 460 80 direction
2164 6184 100 76 of
2324 6184 160 76 the
2548 6188 456 80 Institute
3068 6192 104 80 of
3232 6196 372 84 makers
3676 6204 100 76 of
3840 6224 48 60 e
3892 6224 64 60 x
3960 6212 188 92 plo-

284 6292 248 80 sives
528 6288 88 72 ."

296 6396 96 88 ©
448 6404 236 80 Mar.
736 6404 76 92 3,
860 6400 272 88 1930;
1184 6400 132 76 2c.
1372 6400 232 76 Mar.
1652 6400 164 88 21;
1868 6420 56 56 a
1928 6404 104 76 ff.
2084 6404 236 76 Mar.
2368 6400 160 96 20;
2588 6404 80 76 A
2716 6404 332 96 20543;
3108 6412 284 80 Instit
3400 6440 64 52 u
3468 6424 92 72 te
3612 6420 104 80 of
3760 6428 376 80 makers

428 6512 108 80 of
580 6508 552 96 explosives,
1188 6508 228 76 New
1468 6508 276 76 York.
1872 6508 484 92 (30-9001)
3748 6528 228 84 3058

296 6688 724 104 Association
1076 6688 128 100 of
1260 6688 508 100 national
1824 6688 740 104 advertisers.

416 6840 236 104 The
716 6836 604 104 advertiser
1376 6836 312 104 looks
1756 6844 112 92 at
1928 6836 344 104 radio.
2408 6840 268 104 New
2740 6844 316 104 York
3116 6848 260 140 city,
3440 6856 700 112 Association

280 6988 124 100 of
452 6984 500 104 national
1012 6984 692 128 advertisers,
1756 6984 204 100 inc.
2036 7024 32 72 [
2076 6992 224 96 0193
2312 6992 84 104 0]

424 7144 168 80 102
636 7168 88 72 p.
824 7140 252 80 illus.
1132 7140 360 92 (maps)
1552 7136 352 96 diagrs.
2008 7140 112 80 28
2128 7136 100 76 ͨͫ.

424 7252 228 80 This
704 7252 320 92 report
1076 7268 196 60 was
1324 7252 460 88 prepared
1836 7248 156 76 for
2048 7252 160 76 the
2260 7252 592 80 Association
2904 7256 104 80 of
3052 7264 432 80 national
3536 7276 600 88 advertisers,

288 7364 100 80 in
392 7388 48 56 c
448 7424 44 32 .,
564 7364 296 76 under
932 7360 160 76 the
1160 7356 588 92 supervision
1820 7356 104 80 of
1988 7356 124 76 its
2188 7356 300 80 Radio
2556 7364 536 80 committee
3156 7372 236 80 with
3460 7380 164 76 the
3688 7388 448 88 approval

288 7496 48 56 o
344 7472 48 80 f
428 7472 32 80 i
472 7476 84 76 ts
604 7468 472 84 Research
1124 7464 392 92 council,
1564 7464 120 92 by
1732 7464 276 80 Cross
2012 7468 36 72 l
2052 7484 136 72 ey,
2240 7464 32 76 i
2276 7484 60 60 n
2344 7484 44 60 c
2400 7532 16 12 .
