4752 8320
380 676 648 120 Steadman,
1096 676 424 100 Robert
1592 672 436 104 Foster.

504 820 392 104 Public
944 820 372 100 health
1368 812 760 132 organization
2184 812 112 100 in
2348 812 180 104 the
2584 812 480 128 Chicago
3124 804 412 136 region,
3580 808 152 132 by
3784 808 404 100 Robert

376 976 120 96 F.
588 968 596 108 Steadman
1248 972 68 112 …
1548 964 520 132 Chicago,
2148 960 220 128 Ill.,
2452 960 232 100 The
2768 956 648 132 University
3504 952 120 104 of
3712 952 484 132 Chicago

380 1152 292 96 press
744 1164 32 76 [
784 1120 120 96 19
916 1120 124 96 30
1032 1164 32 76 ]

504 1288 148 72 xv,
724 1268 164 76 279
960 1288 80 72 p.
1152 1264 288 76 front.
1496 1264 300 92 (map)
1928 1264 52 72 2
1992 1264 468 88 1½ͨͫ
2192 1324 20 16 .
2348 1264 28 88 (
2412 1264 40 72 H
2488 1280 52 60 a
2552 1264 76 88 lf
2632 1304 28 12 -
2672 1264 32 76 t
2712 1260 24 76 i
2748 1264 124 76 tle
2888 1284 28 56 :
3000 1256 300 80 Social
3380 1256 352 80 science
3812 1256 384 92 studies,

372 1376 416 80 directed
844 1376 116 92 by
1020 1376 156 76 the
1244 1372 304 76 Social
1612 1372 352 76 science
2028 1372 428 76 research
2520 1372 524 72 committee
3104 1364 104 80 of
3268 1368 160 76 the
3492 1364 544 92 University
4100 1364 100 80 of

372 1484 432 92 Chicago.
920 1504 140 56 no.
1124 1484 172 92 xx)

508 1588 720 96 Bibliography:
1288 1612 80 68 p.
1432 1584 412 80 270-273.

400 1720 88 100 ©
464 1728 24 88 )
544 1732 224 72 Nov.
824 1728 132 92 11,
1016 1724 268 92 1930;
1344 1720 48 76 2
1404 1744 44 56 c
1456 1784 16 16 .
1532 1724 180 72 and
1772 1744 52 52 a
1832 1720 96 80 ff.
1988 1720 224 80 Nov.
2272 1720 156 88 21;
2488 1716 80 76 A
2624 1716 328 96 31193;
3016 1720 540 88 University
3616 1716 104 80 of
3776 1716 424 92 Chicago,

520 1836 424 92 Chicago.
1088 1832 536 92 (30-31987)
3740 1820 292 84 12990

384 2012 704 120 Stringham,
1152 2012 584 120 Emerson,
1808 2020 328 96 1888-

516 2160 400 100 Patent
972 2160 556 132 soliciting
1596 2160 216 100 and
1876 2156 684 128 examining;
2632 2192 60 64 a
2756 2156 324 132 guide
3148 2164 112 92 to
3324 2188 132 68 ex
3516 2164 312 120 parte
3896 2192 304 92 prac-

380 2308 204 100 tice
636 2308 104 100 in
796 2308 184 100 the
1032 2308 412 100 United
1504 2304 360 104 States
1916 2308 396 96 Patent
2368 2300 320 132 office,
2736 2300 148 136 by
2940 2304 528 100 Emerson
3524 2300 676 132 Stringham.

376 2456 772 132 Washington,
1200 2456 136 96 D.
1396 2452 156 132 C.,
1608 2456 344 96 Pacot
2008 2452 736 132 publications
2812 2516 24 64 [ͨ
2892 2456 188 96 193
3088 2456 96 120 0,]

516 2612 44 72 1
616 2632 84 72 p.
752 2604 84 92 l.,
888 2608 168 76 463
1104 2632 84 68 p.
1304 2608 108 76 22
1420 2608 116 96 ½ͨͫ
1556 2636 20 44 .

520 2700 160 92 "In
776 2700 496 92 substance
1368 2720 48 64 a
1508 2700 204 92 new
1808 2700 356 92 edition
2260 2700 96 88 of
2452 2668 592 132 'Examining
3140 2700 328 104 patent
3564 2704 644 100 applications'

404 2824 264 92 (1924
748 2828 184 72 and
1012 2824 264 76 three
1356 2828 188 72 sets
1628 2824 100 76 of
1808 2820 684 92 supplemental
2568 2820 356 92 sheets)
3028 2820 228 80 with
3344 2824 156 76 the
3584 2816 440 84 omission
4116 2816 92 84 of

384 2948 248 60 some
684 2932 100 76 of
836 2932 156 76 the
1040 2932 184 76 less
1276 2932 228 76 used
1556 2928 1000 80 material."-Introd.
2608 2932 244 76 note.

520 3040 336 76 "Table
916 3040 100 76 of
1068 3036 372 80 cases":
1496 3056 80 72 p.
1640 3032 416 80 392-416.

520 3148 528 76 "Treatises
1100 3148 184 72 and
1336 3140 488 80 articles":
1888 3160 84 76 p.
2024 3140 416 80 376-383.

400 3252 88 88 ©
572 3256 192 80 Oct.
836 3256 108 76 16
948 3316 20 24 ,
1036 3252 272 92 1930;
1380 3252 48 76 2
1440 3276 64 56 c.
1576 3256 188 76 and
1832 3272 48 56 a
1892 3252 92 80 ff.
2056 3256 228 76 Nov.
2356 3256 156 88 18;
2588 3256 76 72 A
2732 3252 328 92 30671;
3140 3260 68 72 E
3224 3320 16 12 .
3316 3252 192 76 Stri
3516 3272 56 56 n
3580 3256 304 88 gham,
3956 3256 260 72 Falls

528 3364 396 96 Church,
972 3364 168 76 Va.
1280 3364 92 92 (3
1380 3364 56 76 0
1432 3364 388 92 -31876)
3756 3360 284 80 12991

388 3544 844 124 Tannenbaum,
1296 3544 452 104 Samuel
1808 3544 420 124 Aaron,
2296 3544 404 104 1874?-

520 3700 236 96 The
812 3692 756 136 handwriting
1624 3692 124 104 of
1804 3696 180 100 the
2048 3692 708 132 renaissance,
2812 3692 144 132 by
3016 3692 440 108 Samuel
3516 3696 136 100 A.
3712 3700 496 96 Tannen-

392 3844 372 132 baum;
824 3844 328 132 being
1204 3844 180 100 the
1444 3844 760 132 development
2260 3844 220 100 and
2536 3844 860 100 characteristics
3456 3844 124 96 of
3636 3844 188 100 the
3872 3844 340 132 script

392 3988 120 104 of
560 3988 700 136 Shakspere's
1308 3992 296 128 time,
1652 3992 268 100 with
1976 4028 136 68 an
2160 3992 748 100 introduction
2952 3992 148 132 by
3144 3992 416 132 Ashley
3608 3996 148 100 H.
3792 3996 420 96 Thorn-

392 4136 252 108 dike
724 4144 68 108 …
968 4144 268 96 New
1296 4140 344 120 York,
1704 4140 576 108 Columbia
2336 4140 608 132 university
3012 4176 332 96 press,
3412 4148 288 96 1930.

528 4292 160 96 xii,
748 4296 168 76 210
976 4316 76 72 p.
1116 4296 96 72 in
1216 4296 84 76 cl
1312 4356 12 16 .
1384 4296 284 80 front.
1684 4356 16 32 ,
1760 4296 64 72 il
1832 4296 96 76 lu
1940 4316 92 72 s.,
2100 4280 156 92 XIV
2312 4296 156 76 fac
2476 4316 44 56 s
2524 4296 152 76 im.
2792 4296 108 80 23
2908 4296 48 92 ½
2944 4288 44 60 ͨ
2980 4288 60 60 ͫ
3048 4316 20 48 .

528 4404 600 92 Transcripts
1196 4404 100 76 of
1360 4404 156 80 the
1588 4404 512 76 facsimiles
2172 4424 112 56 on
2360 4424 316 56 versos
2744 4404 152 76 fac
2904 4404 92 76 in
3004 4424 56 68 g
3128 4388 92 96 th
3240 4428 44 56 e
3356 4404 92 76 fa
3456 4408 104 72 cs
3572 4388 304 96 imilet

528 4512 720 92 Bibliography:
1316 4536 80 68 p.
1460 4512 412 80 163-168.

408 4616 88 88 ©
568 4624 84 76 N
660 4644 116 56 ov
784 4684 12 16 .
864 4620 48 76 1
920 4620 52 72 5
980 4680 12 32 ,
1064 4624 48 76 1
1120 4620 160 80 930
1316 4644 16 60 ;
1404 4620 52 76 2
1460 4644 48 56 c
1516 4684 16 16 .
1600 4624 84 76 N
1688 4644 112 56 ov
1812 4688 12 12 .
1896 4624 36 72 1
1948 4624 96 84 4;
2124 4620 136 76 aff
2268 4688 16 12 .
2348 4620 84 76 N
2436 4644 116 56 ov
2560 4688 16 16 .
2644 4620 48 76 2
2700 4624 100 88 1;
2872 4620 80 80 A
3016 4620 332 92 31182;
3424 4620 68 80 C
3496 4628 84 72 ol
3592 4624 312 76 umbia
3976 4624 164 76 uni
4140 4644 56 56 v
4208 4692 16 12 .

532 4752 284 72 press.
952 4728 536 96 (30-31806)
3760 4728 292 84 12992

408 4908 476 124 [Taylor,
948 4908 268 108 Alta
1276 4912 572 132 Lucretia,
1924 4924 328 96 1885-
2656 4948 52 68 e
2716 4920 104 100 d.

524 5056 740 104 Wide-awake
1356 5056 408 128 stories,
1848 5060 364 100 edited
2296 5060 144 132 by
2528 5060 400 100 Athea
3020 5064 112 96 L.
3228 5060 88 104 C
3324 5060 28 100 l
3364 5060 304 100 inton
3772 5060 436 132 [pseud.,

392 5204 616 104 illustrated
1076 5204 144 136 by
1288 5204 220 100 Bill
1588 5204 416 136 Bailey.
2144 5208 412 128 Akron,
2628 5208 168 124 O.,
2860 5208 264 100 New
3204 5208 340 132 York,
3612 5212 232 100 The
3916 5216 212 100 Saa
4136 5212 40 100 l

392 5352 252 104 field
700 5352 636 136 publishing
1392 5388 528 104 company
1984 5364 56 104 [ͨ
2064 5364 292 124 1930,]

532 5512 192 96 [187
732 5552 20 60 ,
820 5536 76 68 p.
960 5512 32 76 i
996 5532 60 56 n
1064 5532 44 56 c
1112 5516 28 72 l
1152 5576 16 16 .
1228 5536 48 56 c
1288 5536 48 56 o
1340 5516 56 76 l.
1464 5516 92 72 fr
1564 5532 108 56 on
1684 5520 88 80 t.,
1832 5516 68 76 il
1904 5504 28 76 l
1940 5516 56 64 u
2008 5536 68 56 s.
2136 5520 256 92 (part
2456 5520 208 84 col.)
2800 5496 272 116 24½ͨͫ.

408 5616 96 92 ©
568 5624 240 92 Sept.
860 5628 76 76 4.
992 5624 108 76 19
1104 5624 112 76 30
1248 5648 16 68 ;
1320 5624 128 76 2c.
1504 5628 180 72 and
1740 5648 48 52 a
1800 5624 96 80 ff.
1952 5628 224 76 Nov.
2232 5624 156 92 21;
2448 5628 80 72 A
2576 5628 328 92 31172;
2968 5628 56 80 S
3036 5648 44 56 a
3100 5628 308 80 alfield
3464 5628 212 96 pub.
3732 5648 128 60 co.

564 5736 96 92 (3
664 5732 60 76 0
724 5768 40 40 -
768 5748 52 76 3
832 5732 268 96 1912)
3768 5736 224 84 1299
4004 5736 48 80 3

400 5912 392 124 Troth,
856 5916 428 100 Dennis
1348 5912 512 124 Clayton,
1928 5920 324 104 1878-
2660 5952 52 68 e
2720 5920 104 100 d.

536 6060 484 104 Selected
1096 6060 508 132 readings
1676 6060 108 100 in
1864 6064 552 100 character
2488 6064 608 128 education,
3168 6064 356 104 edited
3604 6068 144 132 by
3820 6068 412 100 Dennis

404 6208 464 132 Clayton
924 6212 348 100 Troth
1328 6220 64 104 …
1580 6212 440 128 Boston,
2080 6212 364 132 Mass.,
2496 6212 228 100 The
2780 6216 92 96 B
2884 6248 324 68 eacon
3264 6248 328 100 press,
3644 6216 116 96 in
3768 6248 52 64 c
3828 6296 56 52 .,
3944 6224 48 88 1
4008 6224 56 92 9
4072 6224 56 92 3
4140 6224 60 92 0
4208 6296 20 20 .

532 6360 164 92 xii,
752 6360 168 80 387
976 6384 80 72 p.
1172 6364 228 76 fold.
1456 6368 188 72 tab.
1760 6368 276 76 23½ͨͫ.

536 6468 724 96 Bibliography:
1320 6492 80 72 p.
1456 6468 412 84 367-387.

416 6564 92 88 ©
572 6588 192 80 Oct.
820 6588 104 72 31
928 6612 20 48 .
1012 6580 264 84 1930;
1336 6584 124 80 2c.
1516 6588 224 80 Nov.
1800 6588 56 64 5
1884 6608 16 68 ;
1960 6588 100 76 af
2048 6588 68 80 f.
2172 6588 224 76 Nov.
2452 6588 100 92 4;
2616 6588 76 76 A
2744 6588 168 76 303
2916 6580 52 80 8
2972 6588 100 92 2;
3136 6592 368 76 Beacon
3556 6612 284 72 press.
3900 6588 172 80 inc.

564 6692 536 96 (30-31713)
3772 6696 288 84 12994

412 6876 248 96 Van
716 6876 476 120 Druten,
1252 6876 336 124 John,
1652 6888 328 96 1902-

540 7020 108 104 A
724 7056 424 68 woman
1228 7056 140 68 on
1444 7024 196 100 her
1716 7060 276 100 way,
2068 7028 144 128 by
2292 7028 300 104 John
2672 7028 248 100 Van
3000 7028 460 100 Druten.
3612 7028 460 100 London
4148 7028 72 92 &

412 7172 256 100 New
728 7172 340 128 York,
1120 7172 132 108 G.
1304 7176 124 96 P.
1484 7172 568 108 Putnam's
2100 7208 248 72 sons
2416 7180 324 124 [1930,

544 7332 52 76 3
648 7352 80 72 p.
784 7320 84 100 l.,
920 7332 168 76 412
1140 7352 80 72 p.
1336 7332 280 92 192-.

424 7432 92 92 ©
584 7440 124 80 1c. ID=
776 7440 224 80 Nov.
1064 7440 132 84 26,
1260 7440 268 92 1930;
1592 7444 84 72 A
1736 7444 112 76 ad
1916 7440 28 80 i
1952 7448 128 72 nt.
2148 7440 328 92 14481;
2540 7440 272 96 pubd.
2884 7440 248 96 Sept.
3196 7444 160 92 30;
3424 7448 84 76 J.
3576 7444 80 76 V
3660 7468 116 56 an
3844 7444 388 92 Druten,

548 7548 404 80 London.
1088 7548 208 96 (30-
1300 7556 48 72 3
1356 7552 268 92 3144)
1732 7556 12 12 '
3772 7548 288 88 12995

2188 7660 268 96 2015
