4852 8284
628 684 584 124 Spengler,
1268 680 428 124 Joseph
1748 680 340 120 John,
2152 688 328 96 1902-

856 836 68 108 …
992 832 228 100 The
1324 828 576 128 fecundity
1992 824 124 104 of
2212 824 368 100 native
2684 824 216 100 and
3000 820 764 132 foreign-born
3864 852 416 68 women
4380 816 116 104 in

640 988 260 96 New
1004 980 560 132 England,
1664 980 144 132 by
1908 976 416 128 Joseph
2432 976 104 100 J.
2648 972 572 132 Spengler.
3384 968 780 132 Washington,
4264 968 232 100 The

640 1132 620 132 Brookings
1316 1124 632 108 institution
2024 1172 28 64 [
2060 1132 48 92 1
2128 1132 192 92 930
2332 1184 24 68 ]

776 1292 44 76 5
892 1312 72 72 p.
1040 1292 88 92 1.,
1196 1292 108 72 63
1372 1312 84 68 p.
1520 1288 28 72 i
1556 1288 176 76 nel.
1804 1288 328 76 tables.
2252 1284 228 80 23tp.
2624 1280 244 92 (The
2940 1280 524 92 Brookings
3536 1276 572 80 institution.
4236 1280 264 76 Pam-

640 1400 252 92 phlet
944 1400 320 88 series,
1312 1400 180 76 vol.
1548 1400 100 84 is,
1700 1412 144 60 no.
1900 1392 96 92 1)

772 1536 92 72 H
868 1532 440 80 alf-title:
1408 1532 196 72 The
1700 1528 456 76 Institute
2248 1528 100 76 of
2440 1524 520 80 economies
3056 1528 96 72 of
3248 1524 160 76 the
3504 1520 524 92 Brookings
4128 1520 372 80 institu-

636 1640 192 80 tion
828 1672 20 44 .

792 1780 220 88 July
1060 1780 40 72 1
1112 1784 52 72 0
1176 1832 16 24 ,
1244 1772 268 84 1930;
1564 1772 128 84 2e.
1744 1772 184 76 and
1980 1772 156 76 aff.
2188 1772 220 92 July
2464 1768 156 88 16;
2676 1768 76 76 A
2808 1768 48 72 2
2868 1768 264 92 5554;
3200 1768 68 72 B
3288 1788 40 52 r
3332 1788 52 56 o
3392 1792 48 52 o
3448 1768 228 88 king
3680 1792 40 48 s
3776 1764 568 80 institution.

788 1884 540 104 (30-19260)
4100 1872 228 84 7585

628 2092 712 124 Stringham,
1400 2092 596 120 Emerson,
2056 2104 204 92 183
2260 2100 60 92 8
2316 2156 68 12 -

772 2236 396 108 Patent
1268 2236 716 100 interference
2084 2236 368 136 equity
2548 2232 304 132 suits,
2952 2236 140 136 by
3192 2236 524 96 Emerson
3820 2228 680 132 Stringhan.

636 2388 72 100 S
724 2384 376 136 tringh
1108 2424 52 64 a
1176 2420 104 68 m
1404 2392 372 132 (1930)
1896 2384 460 104 sections
2456 2384 632 104 7901-7999.
3236 2380 768 136 Washington,
4104 2384 136 104 D.
4348 2384 156 128 C.,

636 2540 328 100 Pacot
1012 2536 736 132 publications
1800 2540 200 128 [°19
2012 2540 160 128 301

768 2696 164 80 213
980 2716 84 76 p.
1180 2696 900 88 23ͨ^0368B^.

772 2836 340 76 "Table
1172 2836 100 76 of
1328 2860 48 52 c
1380 2836 316 76 ases":
1764 2852 84 72 p.
1904 2836 420 76 190-197.

776 2944 532 80 "'Treatises
1368 2944 184 76 and
1616 2940 492 80 articles":
2176 2964 84 72 p.
2324 2944 52 76 1
2380 2944 108 76 88
2492 2944 108 72 -1
2608 2944 104 76 89
2724 3004 20 16 .

708 3072 32 80 )
796 3084 184 76 Jun
992 3104 56 56 e
1084 3080 136 96 26,
1268 3080 276 92 1930;
1596 3080 132 80 2c.
1780 3084 184 76 and
2016 3080 100 80 af
2116 3080 36 76 f
2160 3140 16 20 .
2228 3080 228 92 July
2508 3080 156 92 16;
2720 3080 76 76 A
2852 3088 52 64 2
2908 3084 56 68 6
2972 3080 36 72 1
3020 3080 52 76 9
3056 3072 124 96 M;
3240 3080 96 80 E.
3400 3080 384 92 Stringh
3784 3088 52 56 a
3844 3084 128 84 m,
4024 3080 108 76 W
4140 3100 108 52 as
4256 3076 256 88 hing-

772 3196 92 72 to
872 3212 84 56 n.
1096 3188 540 96 (30-19159)
4116 3184 228 84 7586

640 3404 456 120 Strong,
1152 3400 440 104 Walter
1636 3400 360 108 Wills.

776 3548 240 100 The
1100 3560 340 92 secret
1528 3548 124 104 of
1732 3552 288 128 good
2108 3548 428 128 health;
2632 3584 56 68 a
2780 3544 284 108 book
3152 3548 180 100 for
3416 3548 180 104 the
3684 3548 248 100 well
4020 3548 220 100 and
4324 3544 188 100 the

644 3696 260 132 sick,
976 3700 576 132 including
1624 3700 456 112 mother,
2152 3700 296 112 wife,
2516 3736 356 88 nurse,
2944 3700 416 128 doctor,
3428 3732 136 64 on
3636 3700 184 100 the
3888 3696 280 100 vital
4236 3692 276 104 rela-

644 3848 236 104 tion
948 3848 128 104 of
1148 3848 264 104 food
1484 3860 108 92 to
1664 3848 408 112 health,
2148 3868 132 84 an
2444 3852 176 100 (he
2692 3860 412 92 correct
3176 3848 552 124 selection,
3800 3844 708 136 preparation

648 4000 216 100 and
964 4000 376 128 eating
1436 4000 120 100 of
1664 4000 252 100 fool
2032 4000 496 128 together
2624 4000 264 100 with
2988 4000 596 100 directions
3692 4000 176 100 for
3968 4000 548 128 restoring

652 4148 372 100 health
1108 4160 112 88 at
1304 4148 348 128 home,
1732 4148 144 132 by
1960 4148 428 104 Walter
2464 4148 332 104 Wills
2880 4148 416 132 Strong
3360 4156 68 112 …
3668 4148 252 132 [Los
4000 4148 516 132 Angeles,

648 4300 332 108 '19301

788 4460 120 88 xi,
964 4460 160 76 163
1176 4480 80 72 p.
1312 4456 24 76 i
1348 4480 56 52 n
1412 4480 48 56 c
1460 4460 32 76 l
1504 4520 16 16 .
1576 4456 284 80 front.
1920 4456 488 92 (mounted
2460 4476 56 72 p
2524 4476 48 56 o
2588 4456 160 88 rt.)
2880 4456 228 80 20".

680 4588 32 88 f
808 4596 220 92 July
1076 4604 56 68 s
1136 4656 16 28 ,
1208 4596 108 72 19
1320 4600 48 68 3
1376 4600 56 68 0
1460 4616 20 60 ;
1532 4596 48 72 2
1628 4620 68 52 c.
1748 4596 124 72 Ju
1880 4596 24 72 l
1920 4616 56 68 y
2024 4592 156 80 15:
2236 4592 160 76 aff.
2448 4596 220 88 July
2724 4596 156 80 14;
2936 4596 72 72 A
3068 4592 328 92 26192;
3456 4596 132 80 W.
3648 4596 136 76 W.
3844 4596 268 76 Stron
4116 4612 56 64 g
4192 4656 16 20 .
4264 4596 256 92 Long

788 4704 308 80 Beach
1112 4764 12 24 ,
1172 4732 60 88 t'
1244 4728 48 52 a
1312 4704 136 76 lif.
1588 4704 24 92 (
1628 4704 116 72 30
1752 4748 4 4 -
1756 4704 156 76 -19
1920 4704 40 72 1
1972 4704 48 72 4
2032 4704 48 72 3
2112 4724 16 64 )
4124 4700 228 84 7587

648 4888 340 124 Targ,
1044 4884 528 124 William,
1636 4888 328 104 1907-

788 5032 388 132 Targ's
1236 5032 592 100 American
1892 5032 236 100 first
2188 5032 468 104 editions
2716 5036 80 96 &
2864 5032 288 104 their
3216 5036 408 128 prices;
3692 5072 60 64 a
3812 5028 524 108 checklist
4396 5036 124 96 of

656 5184 180 104 the
912 5180 524 104 foremost
1504 5180 592 104 American
2176 5184 316 100 firsts.
2636 5180 524 136 Chicago,
3232 5184 172 104 W.
3476 5184 336 132 Targ,
3892 5192 288 96 1930.

792 5344 44 68 6
896 5364 80 72 p.
1028 5348 24 72 1
1068 5404 44 28 .,
1168 5340 328 80 1-114
1552 5360 56 72 p
1620 5400 40 32 .,
1716 5340 52 76 5
1816 5344 24 72 1
1856 5400 20 20 .
1988 5340 108 80 17
2108 5340 36 80 j
2160 5348 112 72 ".

796 5476 180 80 "Of
1036 5476 192 76 this
1288 5476 256 76 work
1608 5476 176 76 five
1844 5476 428 76 hundred
2332 5476 308 92 copies
2704 5480 236 76 have
3000 5480 228 72 been
3288 5480 372 88 printed
3724 5480 152 76 for
3940 5480 220 76 subs
4168 5504 44 52 c
4224 5480 296 80 ribers

660 5596 56 56 o
720 5608 52 52 n
784 5588 84 72 ly
884 5648 20 28 ,
956 5588 252 72 after
1264 5584 304 76 which
1624 5584 156 76 the
1836 5592 216 84 type
2104 5584 172 76 has
2332 5584 224 76 been
2612 5584 276 76 distri
2900 5588 116 76 bu
3032 5588 232 76 ted."

796 5696 252 72 "The
1100 5692 396 76 authors
1552 5688 436 80 included
2044 5692 56 84 …
2204 5712 164 56 are
2420 5692 336 92 chiefly
2816 5696 96 76 of
2976 5700 24 68 t
3016 5696 112 76 he
3188 5696 540 76 nineteenth
3788 5700 176 72 and
4028 5696 320 76 twenti
4364 5704 76 68 et
4460 5700 56 72 h

660 5828 44 48 c
712 5804 340 88 entury
1116 5800 60 84 …
1288 5800 112 76 ab
1412 5820 52 56 o
1472 5804 104 72 ut
1636 5800 108 76 22
1756 5796 48 80 5
1868 5800 376 76 writers
2312 5804 180 72 and
2556 5800 60 84 …
2736 5804 104 72 th
2848 5824 48 56 e
2904 5800 24 76 i
2944 5820 44 56 r
3052 5824 52 56 o
3116 5820 52 56 u
3180 5804 488 92 tstanding
3732 5828 84 52 w
3824 5824 48 56 o
3884 5804 240 80 rks."
4120 5824 56 36 -
4136 5852 84 8 -
4256 5808 124 72 Fo
4392 5828 48 52 r
4440 5824 48 56 e
4496 5844 24 12 -

664 5912 284 76 word.

800 6012 308 80 Blank
1160 6020 312 72 leaves
1520 6016 152 76 for
1724 6012 612 80 "Notations"
2408 6012 100 96 (5
2560 6020 100 72 at
2708 6012 228 92 end)

672 6140 84 88 ©
820 6152 220 88 July
1092 6156 40 68 1
1148 6152 52 68 0
1196 6184 20 44 .
1276 6148 160 76 193
1444 6148 52 76 0
1528 6168 16 72 ;
1600 6148 132 80 2e.
1784 6152 224 88 July
2056 6148 100 92 2;
2216 6148 156 76 aff.
2432 6152 220 88 July
2708 6152 156 88 12;
2924 6152 72 72 A
3052 6156 108 68 25
3168 6152 216 88 531;
3444 6156 136 72 W.
3632 6156 192 72 Tar
3828 6176 56 68 g
3888 6212 12 16 .

812 6260 96 88 (3
916 6256 56 76 0
972 6300 52 8 -
1032 6260 280 72 1915G
1304 6288 24 64 1
4128 6260 228 84 7588

656 6440 476 120 Turner,
1184 6440 492 100 William
1732 6440 336 108 Wirt.

800 6584 864 104 Fundamentals
1748 6588 124 100 of
1956 6588 776 104 architectural
2816 6592 444 132 design;
3344 6628 60 64 a
3480 6592 528 104 textbook
4088 6592 180 104 for
4352 6596 168 100 be-

660 6732 476 132 ginning
1196 6732 408 136 college
1672 6740 552 128 students;
2296 6776 64 64 a
2428 6740 336 132 ready
2832 6740 548 104 reference
3456 6740 176 100 for
3700 6740 616 132 architects,
4380 6740 144 132 by

664 6884 496 104 William
1228 6884 296 104 Wirt
1592 6888 428 100 Turner
2088 6892 60 108 …
2356 6896 156 96 1st
2580 6888 164 104 ed.
2880 6888 268 104 New
3220 6892 100 100 Y
3332 6924 60 68 o
3404 6888 124 104 rk
3608 6908 268 112 [etc.]
3956 6896 564 100 McGraw-

664 7032 244 100 Hill
964 7032 284 104 book
1300 7068 576 96 company,
1932 7036 236 128 inc.,
2228 7040 288 96 1930.

800 7192 124 88 xi,
980 7192 164 76 175
1196 7212 80 72 p.
1332 7196 208 76 inel,
1600 7196 304 76 front..
1972 7196 276 88 illus.,
2304 7196 104 76 16
2460 7196 104 88 (i.
2624 7220 72 52 e.
2748 7196 156 92 18)
2976 7220 56 72 p
3040 7200 20 72 l
3080 7260 16 16 .
3152 7200 96 92 (1
3296 7204 220 84 col.;
3560 7200 96 76 in
3660 7220 48 60 c
3712 7204 60 76 l.
3808 7200 316 92 plans)
4176 7200 348 96 diagrs.

664 7300 52 76 3
724 7300 840 84 8ͨ^0368B^.

676 7428 32 32 ©
820 7436 212 76 July
1088 7436 72 84 7,
1224 7436 180 88 193
1452 7436 120 88 0;
1532 7436 128 76 2,.
1708 7440 180 72 and
1936 7436 156 76 aff.
2144 7440 224 88 July
2412 7436 156 88 10;
2624 7440 76 72 A
2748 7440 52 72 2
2808 7440 52 72 5
2860 7444 52 68 4
2916 7444 52 68 5
2980 7444 100 88 7;
3132 7440 672 80 McGraw-Hill
3856 7448 236 72 book
4140 7464 164 72 co.,
4352 7444 176 80 inc.

824 7544 552 84 (30-19248)
4128 7552 228 80 7589

2472 7652 260 96 1160
