4752 8320
316 684 592 124 Celestine,
1100 684 220 112 Sister
1372 684 404 120 M[ary
1776 684 80 88 ]
1820 688 212 100 -C
2040 724 60 64 o
2108 688 456 100 ntinued

448 840 48 72 1
504 840 40 72 1
560 836 52 76 4
700 856 84 72 p.
896 836 52 76 2
952 836 52 80 3
1032 844 88 72 -.
1256 836 236 96 (The
1588 836 68 80 C
1664 860 48 56 a
1728 836 96 80 th
1836 860 48 56 o
1896 836 56 72 li
1968 860 44 56 c
2104 836 520 92 university
2716 836 104 80 of
2908 836 456 80 America.
3512 836 660 80 Educational.

320 948 420 76 research
796 944 468 96 bulletins,
1312 944 104 80 T.
1472 944 96 80 G.
1624 944 340 96 Foran,
2012 944 320 80 editor.
2452 944 176 80 vol.
2688 964 84 72 v,
2820 964 144 56 no.
3020 944 212 92 2-3)

448 1052 716 92 Bibliography:
1236 1072 80 72 p.
1388 1052 412 80 113-114.

328 1180 92 96 ©
480 1188 224 88 July
752 1184 132 92 10,
940 1184 268 92 1930;
1268 1184 128 80 2c.
1448 1188 220 92 July
1724 1184 156 92 14;
1940 1184 152 80 aff.
2152 1188 224 88 July
2428 1180 160 96 19;
2644 1184 80 76 A
2776 1180 328 96 25592;
3168 1184 412 84 Catholic
3644 1184 492 80 education

456 1316 284 72 press.
880 1292 536 96 (30-25442)
3668 1292 292 80 10510

312 1472 368 124 Clark,
748 1472 468 108 Charles
1272 1476 144 100 Al
1420 1476 36 100 l
1464 1508 172 92 en,
1704 1484 320 96 1878-

444 1624 232 100 The
756 1624 444 104 Korean
1284 1628 404 96 church
1776 1628 216 96 and
2076 1624 184 100 the
2344 1624 412 104 Nevins
2832 1628 536 132 methods,
3448 1624 144 132 by
3680 1624 452 104 Charles

312 1772 328 104 Allen
700 1772 340 108 Clark
1084 1776 60 112 …
1360 1776 264 100 New
1684 1772 344 132 York,
2092 1772 480 132 Chicago
2640 1784 268 120 [etc.]
2976 1772 512 136 Fleming
3540 1776 148 100 H.
3756 1772 376 104 Revell

308 1952 52 68 c
368 1952 56 68 o
432 1952 412 100 mpany
904 1968 44 64 1
936 1932 36 40 °
980 1928 188 96 193
1180 1928 60 96 0
1224 1964 44 68 1

440 2076 168 76 278
660 2096 80 72 p.
852 2076 316 92 front.,
1224 2080 328 88 plates,
1604 2096 240 72 map,
1900 2076 292 92 diagr.
2308 2076 224 80 21-.

448 2184 132 76 "A
640 2184 608 80 dissertation
1308 2188 148 72 for
1520 2188 156 76 the
1740 2184 416 80 author's
2220 2188 480 76 doctorate
2764 2188 100 72 of
2920 2188 552 88 philosophy
3536 2188 100 76 at
3700 2188 156 72 the
3920 2188 216 76 Uni-

312 2292 348 92 versity
712 2296 100 76 of
860 2296 416 88 Chicago,
1336 2296 268 88 June,
1660 2296 860 76 1929."-Author's
2576 2312 104 72 pr
2680 2304 52 60 e
2744 2296 36 72 f
2776 2324 20 40 .

456 2404 632 76 "Authorities
1156 2404 420 76 referred
1640 2408 96 72 to
1800 2404 96 76 in
1968 2404 184 76 this
2220 2404 628 76 discussion":
2924 2420 80 72 p.
3068 2404 416 76 273-276.

328 2528 92 96 ©
480 2536 232 92 Aug.
764 2536 132 92 22,
956 2536 160 76 193
1124 2536 56 76 0
1208 2560 16 68 ;
1284 2536 128 80 2e.
1472 2540 180 72 and
1712 2536 156 80 aff.
1932 2536 244 92 Sept.
2232 2536 160 92 12;
2452 2536 76 76 A
2580 2536 332 92 27413;
2976 2536 420 92 Fleming
3452 2544 84 72 H
3552 2596 16 16 .
3628 2536 324 76 Revell
4008 2560 132 52 co.

472 2644 532 92 (30-25510)
3672 2640 284 84 10511

312 2824 368 124 Clark,
748 2828 480 100 Edward
1292 2828 548 124 Brayton,
1908 2836 308 96 1860--

440 2968 484 104 William
1016 2972 120 104 L.
1224 2972 392 132 Sibert,
1704 2972 180 100 the
1972 3008 304 80 army
2364 2972 532 132 engineer,
2984 2972 352 128 major
3420 2972 468 132 general,
3972 3004 156 72 re-

304 3132 44 88 t
352 3116 96 100 ir
456 3140 52 80 e
516 3116 120 132 d;
704 3116 420 104 builder
1188 3120 284 104 Gatu
1492 3156 64 64 n
1624 3124 32 96 l
1668 3124 248 100 ocks
1976 3124 216 96 and
2252 3124 140 96 da
2392 3140 108 76 m
2516 3200 24 48 ,
2600 3124 416 96 Panam
3032 3160 48 64 a
3152 3124 304 100 canal
3548 3120 64 112 …
3704 3124 140 132 by
3908 3124 212 96 Ed-

304 3268 300 100 ward
688 3268 124 104 B.
900 3268 340 104 Clark
1292 3272 64 108 …
1592 3268 808 132 Philadelphia,
2484 3272 552 96 Dorrance
3112 3272 84 92 &
3280 3304 564 96 company,
3928 3272 196 100 inc.

308 3432 72 116 t°
388 3424 288 120 19301

436 3576 52 76 2
492 3576 108 76 06
656 3596 80 72 p.
852 3576 308 80 front..
1224 3580 40 72 1
1324 3580 240 76 illus.
1564 3604 20 48 .
1652 3580 328 88 plates,
2032 3580 212 88 port
2248 3596 68 60 s.
2432 3580 280 92 21J-.

324 3696 92 96 ©
484 3712 232 96 Aug.
780 3716 132 84 15,
976 3712 268 92 1930;
1312 3712 128 80 2c.
1508 3736 116 52 an
1636 3716 60 72 d
1756 3712 152 80 aff.
1984 3712 240 96 Sept.
2288 3712 164 92 20;
2520 3716 80 72 A
2660 3712 328 92 28389;
3060 3712 484 80 Dorrance
3600 3716 72 76 &
3736 3736 152 56 co.,
3964 3716 172 76 inc.

468 3820 260 96 (30-2
732 3836 52 72 5
792 3824 108 80 48
904 3824 52 76 3
976 3820 28 92 )
3672 3820 288 84 10512

308 4004 556 120 Coffman,
932 4004 436 120 George
1432 4004 516 124 Raleigh,
2020 4016 316 92 1889-
2756 4004 160 104 ed.

444 4156 268 104 Five
756 4156 624 132 significant
1432 4156 472 132 English
1952 4160 348 128 plays,
2344 4160 460 100 selected
2852 4160 216 100 and
3116 4156 364 104 edited
3524 4160 144 132 by
3716 4156 424 136 George

312 4304 460 132 Raleigh
848 4304 504 108 Coffman
1416 4308 68 108 …
1688 4308 264 96 New
2020 4308 344 128 York,
2428 4308 124 100 T.
2620 4308 404 100 Nelson
3088 4308 212 104 and
3368 4340 284 100 sons,
3720 4316 288 96 1930.

444 4452 60 72 x
568 4476 108 72 p.,
740 4456 44 64 1
848 4456 56 80 1.
916 4520 16 32 ,
992 4456 220 76 13-4
1216 4456 108 80 33
1384 4476 80 72 p.
1588 4460 36 72 1
1640 4460 52 76 6
1696 4464 112 72 ".
1944 4460 572 92 (Half-title:
2580 4460 424 76 Nelson's
3068 4460 388 92 English
3528 4460 340 84 series;
3940 4480 200 76 gen-

304 4568 200 76 eral
564 4568 524 76 editor--E.
1156 4568 572 88 Bernbaum)

448 4676 840 88 "Bibliographical
1348 4676 316 76 notes"
1728 4680 96 72 at
1880 4680 176 72 end
2116 4696 48 56 o
2180 4676 36 76 f
2272 4676 224 76 each
2556 4676 240 88 play.

444 4780 1260 92 CONTENTs.-Christopher
1764 4784 444 76 Marlowe
2272 4784 180 76 and
2516 4784 160 80 Dr.
2744 4784 960 76 Faustus.-Thomas
3768 4784 376 80 Dekker

308 4892 184 76 and
584 4892 192 76 The
872 4892 624 76 shoemakers'
1588 4892 996 88 holiday.-Richard
2688 4888 300 80 Steele
3088 4896 184 72 and
3368 4892 192 76 The
3660 4892 480 76 conscious

312 4996 612 80 lovers.-Ric
932 5000 60 72 h
1000 5000 172 76 ard
1244 4996 436 92 Brinsley
1760 4996 456 80 Sheridan
2296 5000 184 76 and
2556 5000 196 76 The
2832 5000 304 76 school
3224 5000 148 76 for
3456 5000 680 76 scandal.-Sir

308 5108 356 76 Arthur
712 5108 276 88 Wing
1040 5108 280 76 Piner
1324 5128 52 56 o
1428 5108 184 76 and
1668 5108 192 76 The
1916 5108 332 76 second
2308 5108 216 72 Mrs.
2588 5108 584 92 Tanqueray.

324 5200 96 92 ©
480 5216 244 92 Sept.
776 5220 128 88 17,
960 5212 264 80 1930:
1284 5216 52 76 2
1340 5240 44 52 c
1396 5280 12 12 .
1460 5220 184 72 and
1696 5216 152 80 alf.
1908 5216 244 92 Sept.
2208 5216 152 92 25;
2416 5216 80 76 A
2544 5216 328 92 28504;
2928 5216 404 76 Thomas
3384 5216 344 76 Nelson
3780 5224 68 76 &
3900 5236 240 60 sons.

472 5324 532 96 (30-25108)
3672 5320 296 84 10513

308 5508 428 120 Colum,
792 5508 512 124 Padraic,
1364 5516 324 96 1881-

496 5664 76 108 …
648 5656 564 132 Orpheus:
1296 5660 364 128 myths
1736 5656 124 100 of
1932 5660 184 100 the
2192 5660 376 100 world.
2716 5660 460 132 Twenty
3256 5660 660 132 engravings
3988 5660 148 132 by

316 5804 320 104 Boris
728 5804 804 136 Artzybasheff.
1712 5808 268 100 New
2072 5808 344 128 York,
2508 5808 236 104 The
2832 5804 644 104 Macmillan
3568 5840 572 96 company,

316 5960 252 100 1930

440 6112 56 76 4
544 6132 84 72 p.
676 6108 84 96 1.,
816 6108 192 80 vii-
1000 6120 192 60 xxx
1208 6108 56 96 i,
1312 6112 164 76 327
1524 6132 80 72 p.
1724 6112 276 92 illus.,
2056 6112 328 92 plates.
2500 6112 560 84 27½ͨͫ
2752 6140 20 44 .

448 6216 280 80 "This
808 6216 228 80 editi
1044 6240 52 56 o
1100 6240 60 56 n
1204 6216 52 96 …
1420 6216 76 80 is
1576 6220 364 76 limited
2016 6228 96 72 to
2192 6220 264 76 three
2528 6220 428 76 hundred
3040 6216 212 96 fifty
3324 6216 336 96 copies,
3736 6224 228 72 each
4040 6216 100 80 of

320 6328 296 76 which
680 6328 176 76 has
920 6328 224 80 been
1212 6328 320 92 signed
1600 6328 112 76 by
1784 6332 156 72 the
2004 6332 344 76 author
2416 6332 180 72 and
2664 6332 160 72 the
2888 6328 308 80 artist.
3312 6328 228 76 This
3600 6324 84 80 is
3756 6328 380 76 number

308 6432 248 84 345."

328 6536 92 96 ©
492 6544 244 92 Sept.
792 6544 132 88 30,
984 6540 268 84 1930:
1320 6548 124 76 2c.
1504 6548 184 72 and
1748 6544 156 80 aff.
1968 6548 196 76 Oct.
2224 6548 100 80 1:
2388 6544 80 76 A
2524 6540 164 84 279
2696 6544 104 80 96
2832 6564 20 72 ;
2920 6544 540 80 Macmillan
3520 6564 132 60 co.

472 6652 28 92 (
516 6652 152 76 30-
684 6652 320 80 25512)
3676 6648 48 84 1
3736 6648 48 84 0
3796 6648 176 84 514

316 6832 420 120 Curtis,
800 6836 424 120 Agnes.

448 6976 608 104 Christmas
1092 6980 316 132 plays
1452 6984 176 96 for
1664 7016 200 64 one
1904 6980 212 100 and
2160 6984 196 96 all:
2408 7020 60 64 a
2508 6980 564 104 collection
3112 6984 124 100 of
3260 6992 416 92 one-act
3724 6980 416 104 Christ-

316 7160 224 72 mas
600 7124 316 136 plays
980 7128 180 100 for
1224 7128 144 104 all
1432 7164 280 96 ages,
1776 7128 292 104 from
2128 7128 496 140 primary
2688 7132 392 128 grades
3140 7140 116 92 to
3320 7128 180 104 the
3564 7144 240 92 teen
3868 7160 280 96 ages,

312 7272 136 132 by
516 7272 372 132 Agnes
956 7276 376 104 Curtis
1396 7280 216 100 and
1676 7280 392 100 others.
2212 7280 512 128 Chicago.
2792 7280 124 100 T.
2988 7280 108 100 S.
3172 7276 480 104 Denison
3720 7280 84 96 &
3868 7308 276 68 com-

316 7460 284 96 pany
668 7420 60 88 1
704 7436 36 44 *
748 7428 288 104 19301

448 7572 160 80 183
668 7596 84 72 p.
868 7576 44 76 1
924 7580 48 76 8
980 7576 108 80 "".

2104 7692 256 96 1619
