4752 8320
2320 7732 268 100 2196

548 728 508 124 Phillips,
1112 728 292 104 John
1468 724 504 124 Charles,
2036 724 328 108 1876-

680 880 592 100 American
1356 872 664 136 waterfowl;
2104 872 292 104 their
2476 884 440 120 present
2992 872 532 104 situation
3604 876 216 104 and
3896 876 184 104 the
4160 884 228 96 out-

552 1028 248 104 look
872 1028 180 100 for
1124 1028 292 100 their
1484 1024 412 132 future,
1964 1024 148 136 by
2180 1024 300 108 John
2552 1024 124 108 C.
2748 1024 488 132 Phillips
3308 1024 216 100 and
3596 1024 600 104 Frederick
4268 1028 116 104 C.

548 1176 516 132 Lincoln;
1120 1176 268 100 with
1444 1172 732 104 illustrations
2232 1172 140 132 by
2428 1172 344 104 Allan
2828 1172 424 104 Brooks
3308 1176 216 100 and
3580 1176 136 104 A.
3776 1176 120 100 L.
3956 1176 140 100 Ri
4100 1176 112 108 pl
4232 1208 156 104 ey.

552 1328 408 100 Boston
1028 1328 212 96 and
1308 1328 268 96 New
1648 1320 344 132 York,
2056 1324 616 132 Houghton
2736 1320 268 104 Miff
2960 1320 44 104 l
3020 1320 112 104 in
3200 1360 572 96 company,
3848 1332 120 96 19
3976 1328 60 96 3
4044 1332 88 96 0.

680 1484 180 72 xiv.
924 1520 20 56 [
952 1484 32 72 1
1044 1540 20 36 ]
1112 1480 52 80 3
1176 1480 104 76 12
1332 1500 84 76 p.
1532 1480 316 92 front.,
1904 1480 328 96 plates,
2284 1496 292 76 maps.
2692 1480 52 76 2
2748 1480 48 76 5
2804 1484 112 76 ͨͫ.

680 1588 644 96 Head-pieces.

688 1696 640 96 Frontispiece
1380 1700 180 76 and
1612 1700 304 92 plates
1964 1696 660 96 accompanied
2672 1700 116 92 by
2836 1700 300 92 guard
3188 1700 316 76 sheets
3552 1700 228 76 with
3836 1700 560 92 descriptive

544 1812 576 88 letterpress.

680 1916 196 80 The
932 1916 304 96 plates
1300 1936 160 60 are
1520 1916 244 80 from
1824 1916 472 92 drawings
2360 1916 120 92 by
2540 1916 276 76 Allan
2884 1916 412 92 Brooks;
3368 1920 156 76 the
3584 1916 584 96 head-pieces
4236 1940 160 56 are

544 2024 244 80 from
836 2024 476 92 drawings
1356 2024 116 92 by
1524 2024 100 80 A.
1684 2024 92 80 L.
1824 2024 364 96 Ripley.

680 2136 80 76 A
816 2132 520 80 discussion
1396 2136 100 76 of
1556 2132 316 96 ducks,
1932 2156 292 72 geese,
2288 2132 188 80 and
2532 2156 312 56 swans
2904 2136 244 76 from
3216 2136 152 76 the
3432 2132 544 96 standpoint
4036 2136 100 76 of
4192 2156 200 60 con-

544 2244 500 80 servation.

552 2348 96 96 ©
700 2356 232 76 Nov.
976 2352 132 96 28,
1164 2356 36 72 1
1216 2352 52 76 9
1272 2352 160 92 30;
1488 2352 128 84 2c.
1672 2356 212 76 Dec.
1936 2356 56 72 6
2020 2372 20 72 ;
2092 2352 160 80 aff.
2308 2356 212 80 Dec.
2572 2352 104 92 5;
2732 2356 80 72 A
2860 2352 328 96 31470;
3248 2356 84 76 J.
3388 2352 100 80 C.
3540 2356 424 92 Phillips,
4016 2356 380 80 Boston.

704 2464 424 96 (31-551)
3932 2456 288 92 14095

544 2616 84 100 P
636 2620 32 100 i
680 2628 204 116 tts,
936 2624 300 100 John
1300 2620 472 124 Abram,
1836 2632 328 92 1849-

672 2768 532 104 Personal
1276 2768 216 104 and
1568 2768 740 132 professional
2380 2768 820 104 reminiscences
3276 2764 124 104 of
3476 2804 140 64 an
3692 2768 184 104 old
3952 2768 444 132 lawyer.

536 2920 304 100 John
916 2920 132 100 A.
1124 2920 328 100 Pitts.
1596 2916 312 136 King
1916 2956 44 64 s
1972 2928 284 120 port,
2332 2920 380 128 Tenn.,
2796 2912 552 108 Southern
3428 2916 648 132 publishers,
4152 2920 232 100 inc.,

544 3076 288 96 1930.

676 3224 228 92 xxii,
960 3224 164 80 381
1196 3244 80 72 p.
1396 3224 288 80 front.
1736 3220 332 96 (port.)
2200 3224 52 72 2
2260 3224 40 72 1
2296 3224 44 72 ½
2392 3224 44 44 ͨͫ
2464 3280 16 20 .

672 3332 356 80 "These
1120 3328 732 88 reminiscences,
1940 3336 332 84 except
2356 3332 160 76 the
2608 3328 188 80 last
2884 3332 388 92 chapter
3344 3324 56 88 …
3560 3352 236 60 were
3892 3328 500 100 originally

536 3440 380 80 written
984 3440 152 76 for
1200 3440 184 76 and
1456 3436 488 96 published
2016 3436 356 92 weekly
2448 3440 24 72 i
2480 3460 60 56 n
2612 3440 156 76 the
2840 3436 360 84 Citizen
3280 3440 356 92 appeal,
3708 3440 104 80 of
3880 3440 504 80 Nashville.

532 3548 316 92 Tenn.,
908 3548 500 92 beginning
1464 3548 96 76 in
1620 3540 264 84 June.
1956 3544 952 80 1929."-Foreword.

548 3652 88 88 ©
712 3656 196 80 Oct.
968 3664 132 88 21,
1160 3656 276 92 1930;
1496 3660 48 76 2
1552 3672 48 68 e
1612 3724 16 12 .
1692 3656 196 80 Oct.
1952 3656 152 92 23;
2176 3672 48 68 a
2236 3656 96 80 ff.
2396 3656 224 80 Nov.
2684 3656 160 92 28;
2908 3656 80 80 A
3044 3656 336 96 32474;
3448 3660 84 80 J.
3592 3656 108 84 A.
3764 3656 276 96 Pitts,
4104 3660 296 76 Nash-

676 3788 60 56 v
740 3768 32 76 i
776 3772 68 72 ll
848 3788 72 60 e.
1060 3768 424 92 (31-781)
3928 3764 288 84 14096

540 3932 504 120 Proctor,
1104 3928 332 120 Mary
1492 3928 516 104 Adaline.

668 4076 236 104 The
1020 4072 464 108 Indians
1608 4072 124 104 of
1848 4076 184 100 the
2152 4072 928 132 Winnipesaukee
3204 4076 212 100 and
3548 4072 848 136 Pemigewasset

544 4224 440 132 valleys,
1052 4224 144 132 by
1272 4224 324 132 Mary
1672 4224 136 100 A.
1884 4224 468 100 Proctor
2432 4232 68 104 …
2696 4220 584 132 Franklin,
3352 4224 136 100 N.
3564 4224 184 128 H.,
3828 4224 404 104 Towne
4308 4228 84 100 &

532 4376 384 128 Robie,
980 4380 288 96 1930.

668 4548 152 76 xv,
876 4528 52 80 6
932 4532 52 72 7
1044 4548 84 72 p.
1188 4528 28 76 i
1228 4548 56 56 n
1292 4528 80 76 cl
1376 4556 24 48 .
1460 4528 292 80 front.
1864 4528 324 92 plates.
2308 4524 220 80 23ͨͫ.

668 4636 600 80 Illustration
1336 4640 440 76 mounted
1840 4656 120 56 on
2020 4656 300 60 cover.

668 4744 560 92 "Primarily
1328 4748 436 76 intended
1860 4752 96 72 to
2052 4740 376 80 furnish
2524 4744 236 80 local
2860 4744 484 80 historical
3452 4744 428 80 material
3988 4748 148 76 for
4232 4748 156 80 the

528 4856 420 76 children
1008 4856 92 76 in
1160 4856 152 76 the
1368 4856 360 76 schools
1784 4856 100 76 of
1940 4852 348 76 Frankl
2296 4852 36 76 i
2336 4848 788 88 n."-Foreword.

664 4960 672 92 Bibliography
1404 4964 424 76 included
1896 4964 96 76 in
2056 4964 496 76 foreword.

544 5052 96 88 ©
720 5076 136 72 De
852 5080 48 68 c
916 5136 16 20 .
1008 5076 32 72 1
1064 5076 48 72 5
1120 5136 16 28 ,
1212 5076 32 72 1
1264 5072 56 76 9
1324 5076 48 72 3
1380 5072 56 76 0
1464 5092 16 64 ;
1556 5072 132 76 2c.
1760 5072 84 76 D
1852 5092 44 56 e
1904 5096 72 52 c.
2052 5072 156 88 18;
2284 5072 160 80 aff.
2516 5072 216 80 Dec.
2808 5072 156 92 26;
3040 5072 80 76 A
3188 5072 332 92 31787;
3600 5076 120 80 M.
3796 5076 104 80 A.
3976 5076 124 76 Pr
4108 5096 48 52 o
4164 5084 224 84 ctor,

676 5184 484 92 Franklin,
1212 5184 108 80 N.
1372 5184 116 80 H.
1628 5180 428 96 (31-208)
3924 5180 288 84 14097

536 5340 532 124 Ramsey,
1140 5340 560 100 Leonidas
1764 5340 168 104 W.

668 5484 444 108 Garden
1172 5484 336 132 pools,
1568 5484 304 132 large
1928 5484 212 108 and
2200 5484 352 132 small,
2604 5484 144 136 by
2808 5484 540 104 Leonidas
3408 5484 172 108 W.
3636 5484 472 136 Ramsey
4172 5484 208 104 and

532 5636 452 108 Charles
1064 5640 140 96 H.
1284 5636 608 104 Lawrence.
2040 5636 260 100 New
2380 5632 344 136 York,
2796 5636 232 100 The
3100 5636 124 100 M
3232 5672 52 64 a
3300 5632 444 104 cmillan
3820 5668 564 100 company.

532 5792 292 96 1930.

664 5948 56 64 x
732 5940 120 92 iv,
904 5940 164 80 108
1120 5960 80 72 p.
1320 5960 100 56 co
1428 5940 24 72 l
1468 6000 16 16 .
1540 5940 316 88 front.,
1908 5940 280 80 illus..
2236 5940 328 92 plates.
2684 5936 108 76 22
2796 5940 48 92 ½ͨͫ
2876 5944 80 68 .

544 6052 92 88 ©
700 6056 136 76 De
844 6080 48 56 c
896 6120 20 20 .
972 6060 44 72 1
1028 6056 52 76 6
1084 6120 20 28 ,
1164 6056 268 88 1930;
1492 6056 124 76 2c.
1680 6056 176 72 and
1920 6052 100 88 af
2012 6060 32 72 f
2060 6092 12 44 .
2136 6052 216 80 Dec.
2408 6056 156 76 17:
2628 6052 80 76 A
2760 6048 336 96 32241;
3156 6048 344 84 Macmi
3504 6056 32 72 l
3536 6056 36 72 l
3580 6072 120 60 an
3760 6072 132 60 co.

692 6168 148 92 (31
844 6168 172 76 -45
1020 6168 96 88 7)
3920 6156 288 84 14098

536 6296 460 124 Robert,
1060 6296 392 120 Henri,
1520 6304 316 92 1863-

728 6448 64 108 …
856 6440 148 104 Le
1068 6440 372 104 Palais
1508 6452 104 84 et
1672 6444 36 96 l
1716 6476 56 64 a
1844 6440 292 132 ville,
2196 6440 596 100 souvenirs.
2948 6436 388 132 [Paris]
3416 6440 120 96 H
3544 6440 420 100 achette
4040 6468 32 76 [
4076 6444 48 92 1
4140 6440 196 100 930]

660 6596 192 92 222,
920 6600 76 96 [2
1004 6636 20 60 ]
1088 6616 84 72 p.
1284 6596 108 76 19
1404 6600 28 44 0
1492 6656 16 16 .
1648 6596 140 88 (C'
1796 6596 52 80 é
1852 6596 180 76 tait
2092 6596 252 92 hier)

660 6708 124 76 At
836 6708 240 76 head
1140 6708 100 76 of
1296 6704 260 80 title:
1616 6704 716 80 Henri-Robert.

540 6808 96 88 ©
716 6816 216 92 May
1004 6816 132 92 21,
1212 6812 268 84 1930:
1556 6816 128 80 1c.
1768 6816 248 92 Sept.
2088 6808 48 80 2
2144 6812 56 80 6
2228 6836 16 56 :
2324 6812 596 92 A-Foreign
2992 6812 128 80 90
3112 6812 156 96 98;
3348 6812 468 76 Librairie
3892 6812 488 80 Hachette.

692 6924 424 96 (31-777)
3916 6920 284 84 14099

532 7052 424 120 Rogge,
1016 7052 468 108 Charles
1540 7052 408 124 Philip,
2012 7060 332 96 1883-

664 7196 804 132 Super-selling
1544 7196 268 104 with
1900 7196 412 132 Rogge,
2388 7196 144 136 by
2620 7196 448 108 Charles
3160 7196 120 104 P.
3368 7196 380 132 Rogge
3840 7200 72 112 …
4112 7196 260 100 New

528 7344 340 132 York,
932 7344 132 104 N.
1128 7348 104 96 Y
1240 7428 60 44 .,
1360 7344 484 132 Chicago
1916 7356 260 120 [etc.]
2312 7344 232 108 The
2600 7340 576 136 Spectator
3236 7380 568 96 company,
3868 7344 496 104 Division

524 7496 120 96 of
704 7496 364 100 united
1120 7496 484 100 business
1652 7496 644 132 publishers,
2356 7496 200 100 inc.
2624 7496 56 104 [ͨ
2708 7500 292 128 1930]
