4752 8320
604 672 380 124 Wood,
1056 668 480 104 Eleanor
1604 668 592 108 Vellacott.

740 824 488 100 Radiant
1280 820 508 132 girlhood
1860 816 68 120 …
2020 824 140 116 by
2220 820 476 104 Eleanor
2748 824 548 104 Vellacott
3344 824 392 132 Wood,
3792 824 264 104 with
4112 828 332 100 intro-

604 976 68 96 d
688 972 364 104 uction
1124 976 140 128 by
1336 976 324 132 Mary
1732 972 456 132 Kilgore
2280 972 320 132 (Mrs.
2676 972 104 104 S.
2856 972 100 100 D
2972 976 72 132 .)
3136 976 480 100 Gordon.
3768 976 268 100 New
4108 976 344 132 York,

608 1124 484 128 Chicago
1160 1132 132 120 fet
1296 1140 48 76 c
1368 1200 16 16 .
1364 1124 52 88 3
1492 1124 512 128 Fleming
2056 1124 144 92 I.
2268 1120 380 104 Revell
2704 1160 540 96 company
3312 1128 56 104 (
3392 1128 256 96 1930

728 1272 56 76 3
836 1292 84 72 p.
980 1272 32 72 1
1020 1304 44 48 ..
1120 1272 216 76 5-61
1392 1292 84 72 p.
1596 1272 216 76 19-.

688 1412 24 80 )
780 1412 196 80 Oct.
1040 1412 76 92 4,
1184 1408 268 84 1930:
1516 1408 132 80 2c.
1716 1412 180 76 and
1964 1432 44 56 a
2028 1412 32 72 f
2056 1412 44 72 f
2104 1476 16 16 .
2188 1412 224 76 Nov.
2484 1412 156 72 10:
2712 1412 72 76 A
2852 1408 328 88 21929;
3256 1412 424 96 Fleming
3744 1412 88 76 H
3844 1480 16 16 .
3928 1416 284 76 Revel
4220 1420 28 72 l
4316 1440 48 52 c
4368 1436 76 56 o.

744 1560 20 56 [
792 1516 80 92 ©
932 1520 512 80 introducti
1452 1540 52 56 o
1512 1540 52 56 n
1576 1560 24 56 ]
1744 1520 536 92 (30-31288)
3980 1520 288 84 13189

604 1728 484 124 Wright,
1148 1728 472 124 Quincy,
1688 1744 44 88 1
1748 1740 192 92 890
1944 1796 64 12 -
2420 1732 160 100 ed.

732 1876 928 132 Interpretations
1748 1876 124 100 of
1968 1876 584 104 American
2648 1876 440 136 foreign
3184 1880 368 132 policy
3640 1880 580 100 <Lectures
4308 1916 136 68 on

596 2024 180 104 the
836 2024 404 104 Harris
1304 2024 660 104 foundation
2028 2032 324 96 1930>
2480 2028 436 136 Quincy
2976 2028 480 136 Wright,
3516 2028 352 104 editor
3952 2024 68 120 …
4188 2028 256 104 Chi-

592 2212 300 96 cago,
960 2176 220 132 Ill.,
1248 2176 232 104 The
1548 2180 648 128 University
2264 2180 128 96 of
2464 2176 480 136 Chicago
3020 2212 300 96 press
3396 2184 268 96 (193
3676 2184 60 96 0

732 2336 120 92 ix,
908 2336 196 92 260,
1180 2356 28 64 [
1196 2340 32 72 1
1232 2340 28 64 ]
1340 2356 80 76 p.
1540 2336 596 84 19½ͨͫ
1792 2372 20 40 .

728 2476 68 76 C
808 2492 48 56 O
868 2492 312 56 NTENT
1188 2492 44 56 S
1240 2532 20 16 .
1264 2476 256 72 -Th
1532 2496 48 56 e
1632 2476 364 88 foreign
2052 2472 300 92 policy
2408 2476 96 76 of
2560 2476 156 76 the
2772 2476 76 76 U
2856 2496 60 56 n
2924 2476 192 76 ited
3172 2472 344 96 States,
3568 2476 120 92 by
3740 2476 104 80 G.
3892 2480 120 76 H.
4124 2476 32 68 l
4188 2480 240 80 akes-

592 2580 752 84 lee.-Canada's
1408 2604 388 56 concern
1864 2584 96 76 in
2024 2584 496 76 American
2580 2584 372 96 foreign
3016 2584 328 96 policy,
3408 2584 116 92 by
3588 2588 100 76 P.
3752 2588 104 76 E.
3920 2584 524 84 Corbett.-

600 2696 360 92 Europe
1028 2696 184 72 and
1284 2696 152 72 the
1508 2692 340 76 United
1920 2692 344 92 States,
2328 2692 116 92 by
2516 2692 352 96 George
2936 2692 752 96 Young.-Latin
3760 2696 424 80 America
4260 2696 180 80 and

592 2808 160 76 the
820 2804 340 80 United
1236 2804 340 84 States,
1644 2804 116 92 by
1824 2808 72 68 V
1912 2864 16 16 .
1996 2804 104 76 A.
2176 2804 216 72 Bela
2404 2824 60 52 n
2476 2804 520 76 nde.-The
3064 2804 188 76 Far
3324 2804 228 80 East
3620 2804 184 80 and
3872 2804 160 80 the
4100 2804 340 80 United

596 2912 340 84 States,
988 2912 116 92 by
1156 2912 380 80 Yusnke
1588 2912 468 76 Tsurumi.

604 3040 96 104 0
760 3052 224 76 Nov.
1044 3048 124 84 18.
1228 3048 272 88 1130;
1564 3044 128 80 2c.
1748 3044 184 80 and
1992 3068 48 56 a
2056 3044 40 76 f
2088 3044 64 80 f.
2208 3044 224 80 Nov.
2496 3044 156 92 21;
2720 3044 76 76 A
2848 3040 328 96 31191;
3248 3044 544 96 University
3848 3048 104 80 of
4012 3048 428 96 Chicago,

728 3160 428 88 Chicago.
1296 3172 88 84 (3
1396 3156 436 92 0-32273)
3976 3156 284 84 13190

588 3368 856 128 Yeats-Brown,
1508 3368 472 104 Francis
2040 3368 472 104 Charles
2576 3364 536 124 Claypon,
3184 3376 324 96 1886-

784 3520 72 112 …
928 3520 236 100 The
1236 3520 268 100 lives
1576 3516 124 104 of
1772 3556 56 64 a
1908 3520 424 132 Bengal
2408 3520 392 96 lancer.
2948 3516 268 104 New
3296 3512 344 136 York,
3716 3520 232 100 The
4024 3516 100 100 V
4132 3512 312 132 iking

580 3700 324 96 press,
980 3672 284 92 1930.

712 3832 44 72 4
820 3848 84 72 p.
960 3832 76 84 l.,
1092 3828 52 76 3
1152 3828 220 76 -299
1428 3848 108 72 p.,
1600 3832 44 72 1
1704 3828 48 76 I.
1872 3824 104 80 21
2004 3832 40 40 "
2076 3888 16 16 .

728 3968 120 72 At
904 3964 232 76 head
1192 3964 96 76 of
1344 3972 32 68 t
1384 3964 216 76 itle:
1664 3964 388 76 Francis
2108 3964 696 76 Yeats-Brown.

716 4072 68 76 L
796 4092 48 48 o
856 4096 52 52 u
916 4076 52 76 d
980 4092 44 48 o
1032 4096 56 52 n
1152 4072 344 76 edition
1580 4076 144 88 (V.
1792 4076 64 72 G
1928 4076 184 72 llan
2116 4084 108 64 cz
2292 4072 204 88 ltd.)
2580 4072 28 64 l
2620 4072 28 72 i
2708 4092 40 56 s
2812 4072 256 80 title:
3140 4072 348 92 Bengal
3548 4072 340 76 lancer.

712 4180 760 92 Autobiography
1544 4184 100 72 of
1712 4200 44 56 a
1836 4180 352 76 British
2312 4188 40 60 a
2348 4184 172 72 nval
2540 4200 100 76 ry
2712 4184 304 72 officer
3084 4180 96 76 in
3252 4200 396 72 pre-war
3716 4180 272 80 India
4060 4184 184 76 and
4316 4200 116 60 on

584 4292 152 80 the
816 4296 392 72 western
1296 4292 280 84 front,
1664 4292 204 76 who
1952 4292 236 76 later
2268 4288 52 76 b
2332 4308 40 56 e
2352 4292 284 72 cine
2720 4304 40 56 a
2860 4288 404 80 member
3344 4292 100 76 of
3528 4292 156 76 the
3768 4292 292 96 Royal
4148 4288 284 100 flying

576 4420 272 76 corps
928 4400 92 76 in
1112 4400 80 72 M
1208 4400 596 92 esopotamia.
1944 4400 192 76 The
2220 4396 348 92 closing
2656 4400 436 92 chapters
3172 4416 388 60 concern
3644 4400 152 76 his
3876 4400 556 96 subsequent

592 4512 352 80 travels
1012 4512 96 72 in
1184 4512 264 76 India
1528 4508 180 76 and
1784 4508 204 88 give
2060 4508 148 76 his
2280 4508 724 92 interpretation
3080 4508 100 76 of
3252 4508 160 76 the
3488 4508 316 76 Hindu
3884 4508 552 92 philosophy

576 4620 36 72 t
612 4628 60 68 h
688 4620 284 92 rough
1040 4620 156 80 the
1252 4620 240 76 medi
1508 4640 48 56 u
1572 4640 80 56 m
1716 4620 96 72 of
1872 4616 144 80 his
2076 4640 196 52 own
2340 4620 428 88 personal
2832 4616 564 92 experience.

592 4728 96 88 ©
752 4760 224 72 Nov.
1040 4760 72 72 1.
1180 4756 36 76 1
1232 4752 52 76 )
1288 4752 116 80 80
1432 4776 20 56 :
1516 4752 48 80 2
1572 4776 72 56 c.
1708 4756 224 76 Nov.
1996 4756 156 88 10;
2224 4752 156 80 aff.
2444 4752 224 80 Nov.
2732 4752 160 92 11;
2960 4752 80 76 A
3100 4752 328 92 30548;
3500 4752 344 96 Viking
3904 4772 288 76 press,
4256 4752 176 80 inc.

740 4864 544 92 (30-30790)
3968 4860 284 84 13191

584 5076 436 124 Young,
1088 5076 388 104 James
1540 5076 360 120 Kelly,
1976 5084 324 96 1862-
2320 5088 40 92 1
2428 5084 172 96 23.

712 5228 632 100 Handbook
1404 5228 124 100 of
1592 5236 548 120 anatomy.
2212 5224 320 128 being
2604 5264 48 60 a
2732 5264 52 60 c
2792 5268 60 56 o
2860 5228 400 128 mplete
3332 5228 528 128 compend
3932 5224 124 100 of
4124 5232 288 96 anat-

580 5392 280 96 omy,
932 5376 172 104 inc
1116 5376 28 100 l
1160 5376 140 104 ud
1320 5376 16 100 i
1356 5396 144 88 ng
1576 5376 176 100 the
1824 5384 516 120 anatomy
2412 5376 120 104 of
2600 5376 184 96 the
2856 5372 444 112 viscera,
3372 5412 60 64 a
3500 5376 408 100 section
3984 5412 136 64 on
4192 5412 228 64 sur-

576 5528 284 132 gical
924 5564 48 64 a
992 5540 184 88 nat
1192 5564 60 60 o
1260 5564 212 96 my,
1532 5564 60 60 a
1652 5528 456 128 chapter
2164 5564 60 60 o
2236 5560 64 64 n
2368 5528 320 96 denta
2704 5524 32 100 l
2796 5560 56 64 a
2868 5532 480 124 natomy.
3408 5556 580 68 numerous
4044 5528 188 100 tab
4240 5528 32 96 l
4284 5564 140 88 es,

580 5680 216 100 and
880 5676 540 132 adopting
1504 5676 180 100 the
1768 5708 356 64 newer
2208 5676 812 96 nomenclature
3104 5672 644 136 designated
3832 5676 184 100 the
4100 5676 320 104 Basle

580 5828 840 108 nomenclature,
1480 5824 616 132 commonly
2160 5824 340 100 called
2576 5828 84 96 B
2676 5828 212 100 NA
2904 5908 20 44 ,
2988 5824 144 136 by
3188 5828 376 100 James
3620 5824 144 100 K.
3828 5828 408 128 Young
4300 5832 68 108 …

580 5976 416 104 revised
1068 5976 144 132 by
1284 5976 424 128 George
1776 5972 172 108 W.
2020 5972 372 104 Miller
2464 5976 60 108 …
2732 5976 188 100 7th
2996 6008 216 68 rev.
3284 5972 164 104 ed.
3592 5972 312 108 With
3988 5984 188 92 154
4244 6008 172 68 en-

576 6120 556 136 gravings,
1184 6156 284 68 some
1520 6124 116 100 in
1684 6124 160 100 col
1856 6160 208 64 ors.
2212 6124 208 100 Phi
2428 6124 36 96 l
2480 6124 196 100 ade
2688 6124 32 100 l
2732 6124 296 128 phia,
3080 6128 128 100 F.
3260 6128 136 96 A.
3452 6120 348 108 Davis
3848 6160 572 100 company,

580 6280 288 100 1930.

712 6428 120 92 xi,
884 6428 164 80 460
1100 6452 76 72 p.
1296 6428 100 76 ill
1408 6452 52 52 u
1472 6452 96 64 s.,
1620 6432 300 92 plates
1976 6428 260 96 (part
2284 6452 104 52 co
2396 6432 84 84 l.,
2536 6432 212 92 part
2796 6428 280 76 fold.)
3128 6428 220 76 fold,
3392 6432 184 72 tab.
3692 6428 148 80 21j
3880 6432 44 44 -
3860 6432 32 44 e
3956 6492 20 16 .
4172 6428 248 96 $3.75

588 6560 88 88 ©
736 6572 168 72 Oct
916 6632 16 16 .
980 6572 52 68 8
1040 6632 12 20 ,
1108 6572 28 68 1
1160 6568 52 68 9
1272 6568 56 72 0
1356 6588 16 68 ;
1432 6576 56 68 2
1456 6592 100 52 -.
1612 6568 180 76 and
1844 6564 156 80 aff.
2052 6568 224 76 Nov.
2332 6568 100 76 8:
2488 6564 76 76 A
2612 6568 48 72 3
2672 6564 40 76 1
2724 6564 108 76 00
2868 6572 24 68 :
2924 6584 20 72 ;
3000 6564 100 80 F.
3164 6564 92 80 A.
3312 6564 292 80 Davis
3652 6584 136 60 co.

728 6680 28 88 (
776 6680 48 72 3
832 6680 276 76 0-313
1120 6680 16 12 -
1120 6680 44 72 5
1168 6680 56 72 4
1244 6680 24 88 )
3956 6672 292 84 13192

568 6884 444 124 Zeydel,
1076 6888 392 100 Edwin
1532 6888 620 120 Hermann,
2220 6896 312 96 1893-

708 7040 180 100 An
976 7040 664 132 elementary
1728 7040 480 104 German
2300 7040 380 104 reader
2776 7104 24 68 (
2812 7040 136 132 by
2964 7104 24 64 ,
3088 7040 396 100 Edwin
3572 7040 148 100 H.
3816 7040 392 132 Zeydel
4308 7040 68 108 …

580 7188 96 100 N
680 7224 156 68 ew
904 7188 336 104 York.
1320 7192 128 100 A.
1516 7192 132 100 A.
1716 7188 432 132 Knopf,
2224 7196 284 96 1925.

704 7344 124 92 xi,
880 7344 164 80 143
1100 7364 72 72 p.
1292 7344 288 80 front.
1636 7344 308 96 (map)
2016 7344 328 96 plates.
2460 7340 284 84 19j-.

656 7476 24 88 )
740 7476 168 80 Oct
992 7480 72 72 6.
1124 7476 224 80 1925
1376 7500 16 68 ;
1452 7480 128 76 2c.
1640 7480 168 76 Oct
1820 7544 16 16 .
1892 7484 76 76 6.
2032 7484 264 88 1930;
2356 7480 156 80 aff.
2576 7480 196 80 Oct.
2832 7484 100 88 7;
2992 7484 76 72 A
3128 7480 328 92 31079;
3516 7480 336 80 Alfred
3908 7480 104 76 A.
4072 7476 344 96 Knopf,

704 7584 176 80 inc.
1016 7588 192 92 (30-
1208 7588 52 68 3
1256 7588 88 68 11
1344 7592 52 72 0
1400 7592 156 92 20)
3952 7584 284 84 13193

2360 7700 264 96 2048
