4884 8252
2308 7672 136 112 74

480 660 376 104 Maine
916 668 136 100 de
1112 664 388 124 Biran,
1556 664 392 104 Pierre
1948 728 152 16 —
2108 668 620 104 Continued

608 824 128 80 "A
804 824 260 80 work
1128 824 304 80 which
1500 824 436 80 obtained
2008 824 156 80 the
2228 824 256 92 prize
2552 844 116 56 on
2740 824 156 76 the
2960 816 432 100 question
3456 816 460 92 proposed
3984 812 120 92 by
4172 812 156 80 the

468 936 248 76 class
780 932 100 80 of
944 936 296 76 moral
1312 936 184 76 and
1564 932 416 96 political
2048 932 408 80 sciences
2524 932 100 76 of
2696 936 32 68 t
2736 928 116 80 he
2912 928 400 76 Institut
3380 924 476 80 national:
3928 920 400 92 namely,

468 1040 132 80 To
660 1040 516 80 determine
1236 1040 252 80 what
1548 1040 84 80 is
1692 1040 160 80 the
1908 1040 460 80 influence
2428 1040 100 76 of
2584 1036 264 76 habit
2912 1056 244 76 upon
3220 1040 164 72 the
3436 1036 372 88 faculty
3864 1032 100 76 of
4020 1028 308 80 think-

468 1148 160 96 ing
744 1148 96 84 …"
840 1192 116 12 —
936 1152 108 76 p.
1104 1184 24 60 [
1132 1152 52 76 4
1196 1148 32 80 1
1248 1188 24 56 ]

484 1256 96 88 ©
640 1260 212 80 Jan.
908 1260 136 92 15,
1100 1256 268 92 1930;
1428 1260 132 80 2c.
1612 1260 188 76 and
1852 1276 48 60 a
1912 1256 96 80 ff.
2068 1256 208 80 Jan.
2332 1256 164 92 23;
2556 1256 76 72 A
2688 1252 328 92 18301;
3080 1252 468 76 Williams
3604 1252 72 76 &
3728 1244 408 84 Wilkins
4192 1264 132 60 co.

632 1364 484 96 (30-3565)
3992 1352 172 84 460

468 1520 440 124 Marsh,
960 1520 492 104 William
1508 1520 660 124 Lockwood,
2228 1528 260 96 1886
2492 1588 56 12 –

608 1672 432 132 Wings,
1088 1672 184 104 the
1324 1676 108 96 A
1488 1672 92 100 B
1644 1672 88 108 C
1788 1672 124 104 of
1964 1668 384 136 flying,
2396 1672 144 132 by
2596 1672 168 100 W.
2824 1672 616 100 Lockwood
3500 1668 412 104 Marsh.
4064 1668 260 100 New

476 1820 340 136 York,
864 1820 616 132 Vanguard
1536 1856 304 96 press
1904 1824 120 112 [ͨ
1984 1828 280 104 1929]

600 1976 92 80 iv
740 1996 104 72 p.,
904 1976 48 76 2
1000 1980 28 72 l
1044 2036 44 32 .,
1136 1976 52 80 3
1196 2020 48 12 –
1252 1976 36 76 1
1312 1980 44 76 3
1368 1976 52 80 8
1464 1996 88 72 p.
1668 1972 536 88 18ͨͫ.

480 2072 96 92 ©
648 2088 212 76 Jan.
924 2084 128 80 16,
1128 2092 44 72 1
1184 2084 168 80 930
1380 2108 16 60 ;
1464 2088 132 76 2c.
1660 2088 212 80 Jan.
1936 2084 164 92 25;
2168 2072 156 92 aff.
2396 2088 212 76 Jan.
2672 2084 164 92 24;
2904 2084 80 76 A
3048 2084 332 92 19193;
3452 2084 508 92 Vanguard
4032 2104 288 72 press,

608 2196 96 76 in
700 2200 48 68 c
764 2260 16 16 .
920 2180 484 108 (30-3681)
3988 2188 172 84 461

476 2348 460 124 Martin,
992 2356 124 92 M
1116 2384 140 68 rs.
1312 2348 356 104 Helen
1724 2348 940 124 Reimensnyder,
2724 2356 252 100 1868
2980 2416 68 12 –

600 2500 388 100 Yoked
1044 2496 268 104 with
1360 2536 60 64 a
1468 2496 296 104 lamb
1816 2500 216 100 and
2084 2500 312 100 other
2448 2496 420 132 stories,
2920 2500 144 132 by
3116 2500 360 100 Helen
3528 2500 104 100 R
3644 2576 16 24 .
3720 2500 420 100 Martin
4192 2500 60 112 …

468 2648 260 104 New
788 2648 348 128 York,
1188 2648 364 128 Dodd,
1608 2644 332 108 Mead
1992 2648 220 104 and
2272 2680 576 100 company,
2904 2652 292 100 1930.

600 2808 48 76 4
704 2824 84 76 p.
840 2796 36 80 l
876 2864 52 32 .,
976 2804 172 80 325
1200 2824 80 72 p.
1396 2804 596 88 19½ͨͫ.

608 2912 64 80 C
680 2932 52 60 O
740 2932 316 60 NTENT
1080 2920 52 68 S
1120 2976 16 16 .
1140 2956 116 12 —
1260 2912 328 80 Birdie
1648 2916 408 76 reduces
2036 2956 116 12 —
2152 2912 204 80 Her
2412 2912 320 92 wifely
2800 2916 228 88 duty
3040 2972 16 16 .
3060 2956 112 12 —
3180 2912 196 80 The
3440 2912 360 92 wooing
3864 2912 100 80 of
4036 2908 72 76 A
4116 2916 124 76 dd
4244 2912 24 76 i
4284 2936 52 56 e

468 3020 788 80 Swisher.—Mrs.
1308 3020 608 80 Gladfelter's
1972 3020 644 80 revolt.—The
2668 3020 380 80 mission
3112 3020 100 80 of
3264 3020 156 80 the
3480 3020 380 92 Sunday
3920 3044 400 68 serge.—

468 3132 196 76 The
752 3128 360 96 wooing
1196 3132 100 76 of
1380 3128 760 80 Weesie.—The
2224 3128 472 92 marriage
2780 3128 100 80 of
2972 3128 336 80 Gussie
3396 3128 304 96 Gump
3712 3128 32 76 f
3756 3120 252 88 .—A
4120 3152 48 72 p
4180 3148 108 60 oe
4296 3136 20 72 t

468 3236 356 96 though
876 3236 660 80 married.—If
1588 3256 176 60 one
1816 3256 212 72 may
2088 3236 112 80 be
2252 3256 104 60 so
2416 3236 676 80 bold.—Yoked
3152 3236 228 80 with
3444 3260 48 52 a
3556 3232 28 76 l
3596 3236 236 80 amb.

480 3324 92 88 ©
636 3352 188 76 Jan
876 3352 136 84 24,
1076 3348 268 80 1930;
1408 3352 128 72 2c.
1596 3348 56 72 J
1660 3368 144 60 an.
1864 3348 164 88 29;
2088 3344 160 80 aff.
2308 3348 212 76 Jan.
2576 3348 52 76 2
2636 3340 56 76 8
2720 3368 20 56 ;
2804 3348 76 76 A
2940 3352 44 72 1
2996 3340 52 72 8
3048 3348 216 88 399;
3332 3348 300 80 Dodd.
3696 3352 96 72 M
3796 3352 172 76 ead
4032 3348 68 80 &
4160 3368 156 60 co.,

608 3460 172 76 inc.
920 3460 488 92 (30-3539)
3984 3452 176 84 462

464 3560 32 96 l
504 3572 172 88 ate
684 3560 68 104 d
816 3556 292 104 from
1172 3560 180 100 the
1408 3556 468 104 Russian
1944 3556 140 136 by
2148 3556 588 108 Catherine
2800 3560 700 128 Zvegintzov.
3648 3560 264 100 New
3984 3560 332 100 York.

456 3760 828 104 Merezhkovsk
1296 3764 84 96 ïǐ
1384 3844 32 40 ,
1472 3760 384 100 Dmitr
1852 3760 96 104 ïǐ
2192 3760 60 112 S
2084 3792 204 92 erg
2284 3772 36 80 i
2324 3760 444 124 eevich,
2832 3760 260 112 1865
3092 3760 64 112 –

596 3912 232 104 The
908 3904 204 108 life
1192 3908 120 104 of
1396 3912 608 128 Napoleon,
2080 3908 148 136 by
2308 3908 420 104 Dmitri
2804 3912 128 92 M
2932 3908 744 140 erezhkovsky
3744 3908 68 120 …
3968 3928 104 84 tr
4084 3952 48 64 a
4148 3952 172 64 ns-

468 4064 120 100 E.
648 4064 124 100 P.
836 4064 104 100 D
956 4096 60 68 u
1024 4072 240 92 tton
1320 4064 88 100 &
1464 4096 52 68 c
1524 4096 132 96 o.,
1708 4060 40 104 i
1752 4100 72 64 n
1836 4096 52 68 c
1896 4144 24 20 .
2000 4064 320 112 [ͨ1929
2308 4092 36 64 ]

592 4224 52 76 4
708 4240 80 76 p.
848 4228 28 72 l
888 4284 48 32 .,
992 4224 52 76 3
1052 4264 48 12 –
1104 4224 168 76 375
1332 4240 84 76 p.
1528 4224 960 84 21½ͨͫ.

596 4332 312 76 "First
976 4328 440 80 edition."

480 4432 88 88 ©
628 4444 128 72 Oc
764 4448 36 68 t
808 4500 16 16 .
876 4440 128 80 30,
1064 4440 268 76 1929;
1384 4440 132 76 2c.
1568 4440 228 76 Nov.
1844 4440 52 76 1
1904 4440 56 76 8
1984 4460 24 68 ;
2060 4460 56 56 a
2120 4440 104 76 ff.
2272 4440 216 76 Jan.
2540 4444 60 76 6,
2668 4440 272 88 1930;
2996 4440 76 72 A
3128 4440 216 76 1823
3356 4440 48 76 5
3440 4460 16 68 ;
3516 4444 104 80 E.
3668 4444 104 80 P.
3828 4444 176 76 Dut
4032 4452 160 72 ton
4244 4448 68 76 &

596 4572 168 72 co.,
816 4548 176 92 inc.
1116 4548 96 96 (3
1220 4548 60 76 0
1244 4564 52 76 -
1332 4548 48 76 3
1392 4548 108 76 66
1500 4564 56 76 8
1572 4548 28 92 )
3972 4552 176 80 463

464 4704 788 124 Mildeberger,
1312 4704 396 120 Henry
1764 4704 132 108 D.

596 4848 340 108 Smile
996 4852 588 132 thoughts;
1648 4848 568 108 selections
2276 4852 300 100 from
2636 4852 592 104 humorous
3288 4888 372 96 poems
3720 4856 136 132 by
3924 4860 392 132 Henry

456 5004 140 100 D.
672 5000 744 136 Mildeberger
1480 5012 60 108 …
1776 5064 24 64 [
1808 5000 264 104 New
2156 5000 344 116 York,
2572 5004 328 104 Press
2972 5004 124 100 of
3172 5004 332 104 Heiss
3576 5008 740 132 corporation,

456 5148 240 136 inc.,
764 5156 292 124 1929]

592 5312 104 76 62
760 5332 84 72 p.
960 5312 288 76 front.
1300 5308 336 96 (port.)
1764 5308 540 88 21ͨͫ.

512 5416 56 88 ©
624 5424 80 72 D
716 5440 100 60 ec
824 5484 16 16 .
892 5424 124 72 17,
1076 5416 268 92 1929;
1396 5420 132 80 2c.
1580 5420 184 76 and
1816 5440 48 56 a
1876 5416 96 80 ff.
2028 5420 212 76 Jan.
2288 5420 136 92 24,
2476 5416 268 92 1930;
2804 5420 76 76 A
2932 5420 328 92 19165;
3320 5424 120 76 H.
3492 5424 108 76 D.
3656 5416 448 88 Mildeber
4108 5428 60 72 g
4176 5452 128 72 er,

600 5532 224 76 New
876 5532 280 76 York.
1284 5528 480 96 (30-3557)
3972 5536 176 80 464

456 5656 416 120 Moore,
940 5656 476 120 George,
1480 5664 264 96 1852
1748 5720 64 12 –

672 5820 68 104 …
808 5804 852 108 Conversations
1740 5804 268 104 with
2096 5808 428 124 George
2608 5808 404 100 Moore.
3160 5808 496 120 London,
3748 5816 120 104 E.
3968 5820 340 112 Benn,

452 5952 460 132 limited,
972 5960 288 100 1929.

588 6096 52 76 x
660 6172 16 20 ,
740 6112 100 72 11
848 6152 56 12 –
908 6108 188 92 179,
1164 6112 68 92 [1
1248 6144 20 60 ]
1328 6132 84 72 p.
1528 6108 536 84 22ͨͫ.

588 6220 312 76 "First
956 6216 488 96 published
1500 6220 100 76 in
1652 6216 304 80 1929."

588 6328 120 80 At
764 6328 236 76 head
1060 6328 100 72 of
1212 6324 256 80 title:
1532 6324 280 76 Gerai
1816 6332 60 64 n
1888 6328 32 72 t
1980 6324 476 76 Goodwin.

468 6432 100 100 ©
636 6428 128 88 1c.
828 6436 212 80 Jan.
1104 6436 132 92 11,
1308 6432 268 92 1930;
1648 6436 76 72 A
1788 6436 120 72 ad
1972 6436 168 80 int.
2208 6436 328 88 13477;
2608 6456 120 72 pu
2732 6432 56 76 b
2796 6436 84 80 d.
2948 6436 220 76 Nov.
3244 6436 132 92 15,
3448 6436 272 96 1929;
3792 6444 328 84 Alfred
4192 6448 104 80 A.

600 6544 344 96 Knopf.
1004 6544 196 84 inc..
1256 6544 224 76 New
1536 6544 268 76 York.
1940 6540 484 96 (30-3219)
3964 6552 168 84 465

452 6668 112 104 M
576 6700 396 92 orrow,
1028 6672 404 100 Lester
1488 6668 516 124 Coridon,
2072 6680 252 96 1888
2328 6736 68 12 –
2804 6708 120 64 co
2928 6712 108 64 m
3044 6712 108 92 p.

596 6824 332 104 Plant
1012 6820 596 136 engineer's
1692 6824 500 124 manual;
2288 6820 288 104 facts
2656 6824 216 100 and
2960 6820 400 136 figures
3452 6824 180 104 for
3712 6828 180 104 the
3992 6836 300 100 plant

456 6972 544 136 engineer,
1060 6972 536 132 compiled
1660 6972 144 136 by
1864 6972 120 104 L.
2052 6972 116 104 C.
2232 6972 484 100 Morrow
2756 6984 68 104 …
3048 6968 524 140 Chicago,
3628 6976 216 132 Ill.,
3904 6980 392 104 Indus-

456 7128 260 96 trial
772 7120 740 136 engineering,
1576 7128 288 96 1929.

584 7276 168 80 207
812 7296 84 72 p.
1012 7276 64 72 il
1088 7276 28 72 l
1124 7296 56 56 u
1188 7296 100 72 s.,
1348 7272 348 96 diagrs.
1808 7276 600 88 20½ͨͫ.

512 7388 56 88 ©
624 7392 228 72 Nov.
908 7384 136 96 25,
1100 7384 272 84 1929;
1432 7384 128 80 2c.
1620 7384 80 76 D
1708 7408 124 56 ec.
1888 7384 160 88 23;
2112 7384 160 80 aff.
2328 7384 136 76 De
2464 7388 52 64 c
2528 7444 20 20 .
2600 7384 160 92 26;
2824 7384 72 72 A
2956 7384 328 92 18190;
3352 7384 464 80 McGraw-
3824 7392 88 72 H
3924 7392 100 76 ill
4084 7396 212 80 nub.

600 7516 48 56 c
652 7516 48 48 o
740 7556 16 16 .
812 7496 204 92 inc.,
1072 7496 216 76 New
1352 7492 280 80 York.
1764 7492 480 96 (30-3680)
3960 7496 172 80 466
