4800 8268
328 664 520 104 Aircraft
920 704 260 68 year
1244 672 284 100 book
1596 668 176 104 for
1852 676 48 96 1
1912 676 56 92 9
1976 676 160 92 30.
2284 704 96 68 v.
2456 676 152 92 12.
2792 664 584 136 Compiled,
3444 668 440 104 written
3956 672 216 100 and

460 820 364 100 edited
900 824 148 108 by
1120 816 784 104 Aeronautical
1984 820 504 100 chamber
2564 820 124 96 of
2792 828 256 88 clm
3028 856 60 60 m
3124 852 168 68 erc
3300 860 52 60 e
3428 820 124 100 of
3620 820 552 116 America,

460 968 116 96 in
572 996 56 64 c
644 1048 20 20 .
796 968 268 104 New
1124 968 344 128 York,
1528 968 136 96 D.
1724 968 260 104 Van
2036 964 572 104 Nostrand
2668 1000 572 96 company,
3304 968 244 128 inc.,
3612 972 292 96 1930.

452 1120 164 96 xii,
680 1124 56 76 6
740 1124 108 80 47
904 1144 84 72 p.
1100 1124 320 92 front.,
1484 1124 272 92 illus.,
1820 1120 228 80 fold.
2116 1140 292 76 maps,
2472 1120 348 96 diagrs.
2936 1120 508 84 23ͨͫ.

328 1248 96 96 ©
484 1256 212 80 Feb.
748 1256 132 92 15,
932 1256 108 80 19
1048 1256 112 80 30
1188 1280 16 68 ;
1260 1256 128 80 2c.
1444 1260 96 72 M
1544 1276 136 60 ar.
1732 1256 100 92 4;
1892 1256 156 80 aff.
2108 1260 228 76 Mar.
2396 1256 156 92 11;
2612 1256 80 76 A
2740 1256 332 92 20315;
3132 1256 668 80 Aeronautical
3856 1260 172 76 cha
4028 1276 136 64 in-

456 1388 64 76 h
520 1384 100 56 er
676 1364 100 80 of
828 1384 504 60 commerce
1388 1368 104 76 of
1544 1364 456 92 America,
2060 1364 200 104 inc.,
2320 1364 228 80 New
2604 1364 280 80 York.
3752 1364 236 80 2592

320 1572 516 124 Almack,
892 1572 300 108 John
1256 1576 480 108 Conrad.

460 1724 544 104 Research
1080 1732 216 96 and
1372 1728 332 104 thesis
1784 1724 504 136 writing;
2372 1760 60 68 a
2504 1728 524 100 textbook
3100 1764 144 68 on
3316 1732 180 100 the
3572 1728 604 136 principles

324 1876 220 100 and
608 1876 628 132 techniques
1304 1880 124 96 of
1492 1880 332 104 thesis
1892 1876 744 100 construction
2704 1876 180 100 for
2948 1876 184 108 the
3200 1916 184 68 use
3452 1880 124 100 of
3640 1880 532 132 graduate

320 2028 496 100 students
892 2032 116 96 in
1080 2024 692 108 universities
1848 2032 216 96 and
2140 2028 496 128 colleges,
2704 2032 148 132 by
2924 2028 304 104 John
3304 2028 120 104 C.
3496 2032 472 100 Almack
4016 2028 60 112 …

320 2176 452 132 Boston,
836 2176 268 100 New
1172 2176 312 100 York
1556 2188 264 120 [etc.]
1896 2176 616 132 Houghton
2576 2176 272 100 Miff
2780 2176 68 96 l
2860 2176 112 104 in
3040 2212 540 100 company
3656 2180 368 108 11930]

440 2328 224 96 xvii,
720 2328 172 80 310
940 2356 84 72 p.
1136 2332 296 92 diagr.
1552 2328 592 84 19½ͨͫ.

448 2464 376 80 "Under
888 2468 156 76 the
1104 2468 520 92 editorship
1684 2468 100 76 of
1844 2468 416 76 Ellwood
2324 2468 100 80 P.
2488 2468 804 92 Cubberley."-p.
3364 2504 20 60 [
3388 2468 28 84 ti

448 2576 476 80 "Selected
976 2576 580 80 references"
1612 2580 100 72 at
1760 2576 176 76 end
1988 2576 104 76 of
2140 2576 232 76 each
2420 2576 416 92 chapter.

324 2708 96 92 ©
476 2708 216 80 Feb.
740 2712 132 92 26,
928 2712 108 76 19
1040 2712 116 80 30
1184 2732 16 72 ;
1256 2712 128 80 2c.
1440 2716 96 72 M
1540 2732 132 60 ar.
1724 2716 104 84 7;
1888 2708 156 80 aff.
2096 2720 100 72 M
2200 2732 132 60 ar.
2388 2716 156 88 17;
2600 2712 80 76 A
2732 2712 332 92 20398;
3124 2716 80 76 J.
3264 2716 92 80 C.
3412 2716 420 88 Almack,
3892 2716 264 76 Stan-

452 2824 216 72 ford
724 2824 568 88 University,
1360 2820 276 80 Calif.
1768 2820 480 92 (30-8251)
3764 2820 232 80 2593

320 3028 608 100 American
984 3028 536 104 institute
1572 3028 124 104 of
1744 3032 784 104 accountants.

504 3184 68 104 …
640 3184 296 96 Year
992 3184 284 100 book
1344 3188 156 120 [19
1508 3188 60 92 2
1580 3188 92 124 9]
1784 3184 68 104 …
2012 3180 736 132 Proceedings
2804 3184 124 100 of
2984 3184 124 100 th
3116 3220 48 64 e
3228 3220 284 64 annu
3532 3188 100 100 al
3692 3184 480 132 meeting

320 3340 112 88 at
476 3332 776 128 Washington,
1300 3332 136 100 D.
1492 3332 156 132 C.,
1696 3332 636 132 September
2388 3340 124 96 17
2560 3336 216 100 and
2836 3344 156 124 18,
3044 3340 252 96 1929
3376 3344 68 108 …
3628 3332 544 132 [Newark,

316 3484 232 100 The
604 3480 348 100 Essex
1004 3516 336 100 press,
1404 3488 292 124 1929]

448 3632 164 80 215
668 3656 80 72 p.
868 3636 468 88 24ͨͫ.

320 3748 100 88 ©
472 3772 228 76 Nov.
756 3772 132 92 12,
944 3772 272 88 1929;
1276 3772 48 72 2
1336 3796 44 52 c
1388 3832 16 16 .
1460 3772 232 76 Mar.
1752 3772 128 92 29,
1940 3772 272 92 1930;
2272 3772 160 76 aff.
2492 3776 236 72 Mar.
2784 3776 160 92 24;
3004 3776 80 72 A
3136 3772 328 96 21407;
3528 3776 308 80 Amer.
3892 3776 264 80 insti-

452 3884 204 72 tute
704 3880 100 76 of
856 3884 636 88 accountants,
1544 3880 228 76 New
1820 3884 276 76 York.
3764 3884 236 80 2594

316 4060 612 100 American
980 4060 216 104 law
1256 4068 452 116 reports
1764 4064 664 104 annotated.

452 4208 452 108 Annual
980 4252 240 64 cum
1228 4216 108 96 la
1340 4216 224 100 tive
1636 4216 744 132 index-digest
2472 4216 68 108 …
2660 4216 120 100 fo
2784 4256 56 64 r
2912 4220 184 100 the
3168 4256 260 96 year
3512 4228 120 92 19
3640 4224 176 96 29;
3904 4224 264 100 vols.

320 4364 324 100 58-63
716 4360 140 100 A.
928 4360 124 100 L.
1124 4364 100 96 R
1240 4444 16 16 .
1404 4360 604 108 Combined
2080 4364 448 108 indexes
2596 4372 112 100 to
2784 4404 288 68 cases
3144 4372 216 100 and
3436 4384 336 88 annot
3780 4408 60 64 a
3848 4372 320 100 tions.

316 4516 628 132 Rochester,
1012 4516 132 100 N.
1228 4516 172 124 Y.,
1468 4516 236 100 The
1772 4516 516 132 Lawyers
2360 4520 740 128 co-operative
3168 4520 648 136 publishing
3892 4564 276 60 com-

320 4696 348 100 pany;
740 4664 660 132 Northport,
1460 4664 124 104 L.
1656 4668 128 116 I.,
1856 4664 132 100 N.
2060 4664 176 116 Y.,
2304 4664 488 108 Edward
2864 4672 636 132 Thompson
3572 4692 580 116 company;

320 4812 228 104 San
604 4812 612 104 Francisco.
1292 4812 372 116 Calif.,
1728 4816 1124 136 Bancroft-Whitney
2912 4856 576 100 company,
3556 4828 284 96 1930.

444 4968 188 96 464,
696 4968 168 80 278
920 4988 84 72 p.
1120 4968 56 76 2
1172 4968 448 84 5ͨͫ
1328 5032 16 16 .

320 5088 100 96 ©
476 5108 236 72 Mar.
760 5104 76 88 3,
892 5100 268 92 1930;
1216 5104 48 72 2
1272 5108 44 68 c
1336 5164 12 16 .
1408 5108 228 72 Mar.
1688 5104 104 92 4;
1852 5104 156 80 aff.
2060 5108 240 72 Mar.
2356 5104 100 92 5;
2512 5104 84 76 A
2644 5108 328 92 19895;
3032 5108 444 84 Lawyers
3532 5116 632 92 co-operative

448 5212 208 92 pub.
712 5236 160 68 co.,
932 5212 408 76 Edward
1396 5212 76 72 T
1472 5212 60 72 h
1544 5232 380 72 ompson
1984 5236 44 52 c
2036 5236 48 52 o
2096 5276 16 12 .
2168 5216 72 76 &
2296 5216 944 96 Bancroft-Whitney
3300 5240 128 60 co.
3764 5224 224 76 2595

316 5388 560 124 Athearn,
932 5388 436 104 Walter
1424 5392 356 120 Scott,
1840 5392 332 108 1872-

448 5540 184 104 An
700 5548 600 96 adventure
1364 5544 116 100 in
1544 5540 520 136 religious
2132 5544 632 132 education;
2836 5552 184 104 the
3084 5564 304 124 story
3452 5556 124 104 of
3640 5592 60 64 a
3772 5560 396 100 decade

316 5696 124 96 of
496 5692 992 136 experimentation
1544 5688 116 104 in
1720 5692 184 104 the
1964 5696 572 128 collegiate
2596 5704 216 100 and
2876 5700 740 132 professional
3672 5708 500 132 training

316 5844 124 100 of
500 5840 576 108 Christian
1132 5840 508 136 workers,
1704 5844 144 132 by
1904 5844 432 104 Walter
2404 5848 304 104 Scott
2772 5848 536 140 Athearn,
3376 5860 280 100 dean
3716 5860 128 100 of
3904 5864 256 104 Bos-

316 6004 188 96 ton
556 5992 616 132 university
1232 5992 396 104 School
1680 5992 124 100 of
1856 5996 520 132 religious
2432 5996 580 108 education
3068 6008 216 100 and
3340 6004 336 108 social
3728 6016 444 120 service,

320 6148 624 100 1918-1929.
1088 6140 272 104 New
1432 6140 316 104 York
1820 6148 216 100 and
2108 6144 500 136 London,
2680 6152 232 100 The
2984 6148 492 140 Century
3548 6192 156 68 co.
3788 6160 56 104 (
3868 6164 188 96 193
4064 6164 60 96 0
4132 6224 28 68 1

448 6300 192 92 xxi,
696 6296 164 84 505
916 6316 84 76 p.
1056 6296 28 76 i
1096 6316 112 60 nc
1208 6296 32 76 l
1252 6356 16 20 .
1328 6296 324 96 tables,
1712 6296 344 96 diagrs.
2168 6296 560 88 20½ͨͫ.
2672 6300 256 100 $3.50

448 6432 452 80 Contains
964 6428 756 96 bibliographies.

320 6564 96 96 ©
476 6576 236 72 Mar.
764 6568 132 92 14,
956 6564 112 80 19
1064 6564 112 80 30
1208 6584 16 72 ;
1284 6568 104 76 2c
1396 6628 16 16 .
1472 6568 180 76 and
1712 6568 156 76 aff.
1928 6568 236 76 Mar.
2220 6572 156 92 17;
2440 6572 76 76 A
2572 6572 328 96 20330;
2968 6576 412 100 Century
3436 6608 132 56 co.

472 6676 484 96 (30-8106)
3764 6696 228 80 2596

316 6864 232 100 The
604 6852 560 104 Author's
1220 6856 440 120 annual,
1720 6860 288 96 1930.
2156 6856 412 108 Edited
2624 6864 148 132 by
2828 6868 392 104 Josiah
3280 6872 432 104 Titzell.
3900 6876 100 92 N
4012 6916 156 64 ew

452 7008 316 104 York
912 7008 440 100 Brewer
1452 7008 220 100 and
1768 7004 504 116 Warren,
2368 7008 244 136 inc.,
2708 7016 444 104 Payson
3248 7028 84 92 &
3436 7024 432 116 Clarke,
3964 7040 200 96 ltd.

492 7148 308 152 [ͨ1930
808 7220 24 64 ]

448 7312 188 96 202,
724 7316 104 84 [1]
872 7328 84 76 p.
1072 7304 520 96 19½ͨͫ.

320 7432 100 96 ©
484 7448 208 76 Feb.
752 7448 76 92 3,
884 7440 272 92 1930;
1216 7444 128 76 2c.
1404 7444 236 76 Mar.
1696 7440 156 92 29;
1916 7440 160 80 aff.
2140 7444 212 76 Feb.
2412 7444 156 92 12;
2632 7448 76 76 A
2764 7448 332 100 21410;
3164 7460 380 84 Brewer
3600 7468 72 80 &
3728 7472 116 72 W
3848 7468 52 64 a
3916 7492 236 64 rren,

448 7556 28 76 i
484 7580 64 56 n
2156 7600 64 96 9
3760 7576 232 100 2597
