4984 8300
2392 7756 136 108 77

468 676 564 124 Smedley,
1100 676 444 104 Emma.

600 824 236 104 The
936 824 368 104 school
1416 824 384 120 lunch;
1912 824 144 100 its
2156 824 768 132 organization
3036 824 216 100 and
3360 832 772 120 management
4240 820 108 100 in

468 976 820 128 Philadelphia.
1340 976 148 132 by
1540 972 392 104 Emma
1996 972 512 132 Smedley
2584 980 72 108 …
2804 972 140 104 2d
2992 972 204 104 ed.,
3252 976 288 96 1930.
3660 972 412 104 Media.
4124 972 232 100 Pa.,

472 1124 324 104 Emm
808 1164 52 64 a
940 1124 516 136 Smedley
1528 1124 128 120 [ͨ
1608 1132 52 92 1
1672 1128 124 96 93
1808 1124 144 120 0]

612 1284 144 72 xv,
812 1284 168 80 210
1036 1304 80 72 p.
1236 1284 92 76 fr
1336 1304 52 56 o
1392 1288 132 76 nt.
1524 1300 20 56 ,
1608 1284 332 92 plates,
1996 1284 268 92 plans
2340 1280 92 92 (1
2492 1284 364 76 double.
2912 1284 44 72 1
3020 1280 228 76 fold.
3272 1280 24 76 )
3372 1280 296 76 forms
3748 1280 220 92 (par
3972 1296 36 60 t
4068 1280 280 88 fold.)

472 1392 348 96 diagrs.
940 1392 52 80 2
1000 1392 480 88 0ͨͫ
1148 1456 16 16 .

612 1524 456 80 Contains
1136 1528 588 92 advertising
1788 1548 88 56 m
1888 1548 52 56 a
1952 1532 32 72 t
1996 1536 168 68 ter.

612 1632 732 96 Bibliography:
1408 1656 84 72 p.
1556 1636 168 76 197
1720 1680 60 8 –
1784 1632 192 80 199.

500 1748 80 88 ©
648 1748 52 88 J
712 1768 148 56 an.
924 1748 132 88 17,
1116 1748 116 76 19
1232 1756 56 72 3
1288 1748 52 76 0
1376 1768 16 60 ;
1456 1748 124 88 2c.
1648 1748 184 76 and
1900 1764 48 60 a
1960 1748 92 76 ff.
2120 1748 112 76 Ja
2252 1768 84 56 n.
2396 1748 56 72 2
2456 1748 36 76 1
2540 1764 16 72 ;
2628 1748 76 76 A
2768 1744 328 88 19071;
3168 1748 268 72 Emm
3432 1768 52 60 a
3568 1744 460 92 Smedley.

636 1856 192 96 (30-
848 1856 52 80 3
896 1860 224 88 730)
4004 1848 172 84 480

472 2040 364 104 South
904 2040 492 104 Dakota.
1536 2044 352 104 Laws,
1956 2052 496 104 statutes,
2516 2052 196 92 etc.

616 2184 356 104 South
1032 2188 444 100 Dakota
1540 2192 544 124 compiled
2152 2192 268 96 laws
2436 2268 24 24 ,
2524 2192 308 104 1929;
2912 2192 184 96 the
3164 2184 760 108 Constitution
3996 2184 124 104 of
4180 2188 184 100 the

484 2340 104 104 U
588 2340 308 100 nited
968 2336 400 112 States,
1432 2340 188 104 the
1684 2340 168 100 En
1868 2376 52 64 a
1936 2340 252 100 bling
2316 2352 208 96 act,
2596 2340 180 104 the
2840 2336 728 104 constitution
3640 2336 124 104 of
3832 2340 184 100 the
4088 2348 276 92 state

476 2484 124 104 of
696 2484 356 108 South
1152 2488 484 104 Dakota.
1728 2524 48 68 a
1880 2488 680 132 description
2660 2488 124 100 of
2880 2500 408 120 county
3384 2488 668 104 boundaries
4148 2488 212 100 and

488 2644 292 104 rules
836 2644 124 100 of
1012 2644 104 100 al
1128 2648 24 96 l
1216 2656 368 92 courts
1636 2644 128 104 of
1816 2644 184 100 the
2056 2656 280 92 state
2412 2652 64 104 …
2668 2676 96 64 v.
2836 2656 80 88 1.
3060 2644 424 104 Pierre.
3544 2640 108 108 S.
3712 2644 180 132 D.,
3944 2640 432 132 Hipple

484 2796 516 132 printing
1060 2832 116 64 co
1188 2832 448 96 mpany,
1700 2800 288 96 1929.

616 2952 56 76 2
732 2972 76 76 p.
848 2952 108 92 l.,
1016 2952 28 76 i
1056 2952 28 76 i
1092 2952 96 76 i–
1188 2976 60 52 x
1256 2952 88 76 vi
1356 3016 20 32 ,
1440 2952 228 80 1398
1720 2972 84 76 p.
1920 2952 636 84 26½ͨͫ.

624 3060 132 76 "O
764 3080 84 56 m
860 3060 236 76 itted
1152 3076 188 60 ann
1348 3076 52 60 o
1408 3060 468 76 tations":
1936 3084 56 52 v
2000 3120 16 16 .
2072 3064 76 84 1,
2204 3064 48 72 1
2264 3064 84 72 st
2408 3080 160 76 pre
2580 3060 60 76 li
2652 3084 116 52 m.
2828 3064 28 72 l
2864 3080 48 56 e
2920 3060 108 76 af
3036 3120 12 16 .

628 3168 192 76 "Th
832 3168 24 76 i
868 3192 44 52 s
976 3168 608 96 compilation
1652 3168 80 76 is
1796 3172 276 72 made
2144 3160 60 88 …
2304 3168 120 96 by
2484 3168 280 92 using
2828 3168 156 76 the
3056 3168 404 92 original
3536 3172 164 88 typ
3704 3188 48 56 e
3820 3168 260 88 slugs
4152 3172 224 72 used

488 3276 96 76 in
644 3276 156 80 the
860 3280 92 72 of
952 3280 40 72 f
992 3276 204 80 icial
1256 3280 220 76 code
1532 3276 604 96 publication,
2204 3276 232 80 with
2496 3276 400 96 original
2964 3280 260 92 slugs
3284 3280 228 76 used
3576 3276 96 76 in
3736 3276 424 96 printing
4220 3276 160 80 the

492 3388 88 76 of
584 3388 36 68 f
616 3384 208 80 icial
888 3388 360 76 session
1312 3388 236 76 laws
1612 3384 280 96 since,
1964 3388 216 80 thus
2244 3388 276 92 being
2588 3392 156 76 the
2812 3384 404 96 original
3280 3388 188 76 law
3528 3396 108 68 as
3700 3384 520 96 appearing
4288 3388 88 76 in

492 3496 128 76 all
668 3496 92 76 of
764 3496 48 76 fi
824 3496 176 80 cial
1056 3500 248 76 state
1352 3500 188 72 law
1588 3496 636 92 publications
2276 3516 124 72 up
2452 3500 96 76 to
2600 3496 180 80 and
2840 3496 480 92 including
3372 3496 224 80 1929
3644 3496 360 80 session
4056 3496 320 80 laws."

496 3600 100 88 ©
656 3608 228 76 Nov.
944 3608 112 76 20
1056 3648 16 40 ,
1140 3612 44 72 1
1176 3624 32 64 9
1252 3608 52 76 2
1308 3608 52 72 9
1396 3628 16 60 ;
1476 3612 128 76 2c.
1668 3612 184 72 and
1916 3624 48 64 a
1972 3612 72 76 ff
2060 3672 12 12 .
2136 3608 84 76 D
2228 3628 100 56 ec
2336 3668 16 16 .
2416 3604 48 80 2
2472 3604 128 96 8;
2644 3608 76 76 A
2780 3612 48 72 1
2840 3624 60 68 8
2896 3604 168 80 060
3084 3624 20 64 ;
3180 3616 92 72 H
3280 3608 248 92 ipple
3588 3604 428 96 printing
4072 3628 128 56 co.

652 3716 28 92 (
696 3720 48 76 3
752 3716 388 96 0-2674)
4040 3712 172 80 481

488 3900 484 124 Spitzer,
1024 3900 488 104 Marian.

624 4048 100 100 A
812 4052 448 128 hungry
1340 4084 380 96 young
1804 4052 264 128 lady
2168 4116 24 64 [
2212 4052 132 108 by
2352 4084 24 76 ]
2484 4052 120 92 M
2616 4048 316 100 arian
3028 4048 472 132 Spitzer.
3668 4048 264 100 New
4032 4048 348 108 York,

488 4196 148 104 H.
696 4196 624 140 Liveright,
1380 4204 292 100 1930.

624 4356 104 80 31
744 4356 48 76 5
860 4376 80 72 p.
1060 4356 956 88 19½ͨͫ.

508 4464 100 96 ©
676 4476 52 72 J
736 4488 148 60 an.
944 4472 52 72 2
1000 4468 52 80 5
1060 4532 16 28 ,
1136 4468 228 80 1930
1384 4488 24 64 ;
1476 4472 132 76 2c.
1668 4472 128 96 Ja
1756 4488 56 64 n
1868 4536 12 16 .
1940 4472 52 72 2
2004 4472 96 84 5;
2168 4496 44 52 a
2232 4472 36 72 f
2264 4472 64 80 f.
2388 4472 216 80 Jan.
2664 4472 160 88 30;
2892 4472 76 72 A
3028 4472 44 72 1
3084 4468 52 76 8
3140 4468 172 76 412
3328 4488 28 64 ;
3428 4472 372 76 Horace
3864 4468 376 96 Liverig
4248 4468 56 76 h
4320 4476 28 68 t
4364 4532 16 20 ,

636 4580 172 76 inc.
944 4580 328 92 (30-35
1280 4580 108 80 55
1408 4580 28 92 )
4044 4572 180 88 482

496 4760 528 124 Sumner,
1076 4760 300 104 John
1428 4764 136 100 D.

628 4912 268 100 New
952 4912 316 104 York
1316 4916 340 132 barge
1704 4916 316 100 canal
2072 4912 344 104 traffic
2428 4996 24 24 ,
2496 4916 148 132 by
2696 4916 300 104 John
3048 4920 140 100 D.
3248 4916 500 108 Sumner.
3900 4916 484 120 Buffalo,

492 5064 232 104 The
792 5060 528 108 Universi
1328 5072 48 96 t
1380 5100 72 68 y
1516 5064 124 100 of
1708 5068 216 100 Buf
1924 5064 52 104 f
1984 5068 208 104 alo.
2264 5072 432 96 Bureau
2776 5068 124 100 of
2964 5064 496 104 business
3528 5068 216 100 and
3812 5068 336 100 social
4216 5104 160 64 re-

492 5216 412 116 search,
976 5224 284 96 1929.

636 5372 52 80 5
696 5372 48 72 5
820 5392 84 76 p.
1048 5372 352 92 diagrs.
1544 5372 472 88 21ͨͫ.
1936 5372 140 96 (H
2084 5376 88 76 al
2184 5376 72 92 f-
2268 5376 208 76 title
2488 5396 32 56 :
2596 5372 548 96 University
3220 5376 100 76 of
3396 5376 380 76 Buffalo
3856 5376 360 76 studies
4292 5376 92 80 in

496 5480 456 92 business,
1008 5504 144 56 no.
1208 5480 104 92 2)

512 5584 96 88 ©
664 5596 232 84 Aug.
952 5596 76 84 8,
1084 5596 272 80 1929;
1416 5596 52 76 2
1472 5612 44 60 c
1532 5660 16 12 .
1604 5596 212 76 Jan.
1872 5596 136 88 23,
2064 5596 272 88 1930;
2400 5596 156 80 aff.
2616 5600 212 72 Jan.
2888 5596 160 88 21;
3112 5596 80 76 A
3244 5596 224 76 1914
3476 5596 48 76 5
3556 5616 20 72 ;
3640 5600 48 72 J
3712 5660 12 16 .
3784 5596 108 76 D.
3956 5596 424 80 Sumner.

648 5704 404 76 Buffalo.
1192 5704 488 92 (30-3749)
4052 5700 108 92 48
4172 5704 52 80 3

500 5888 440 120 Syrett,
1000 5884 404 108 Netta.

652 6032 500 104 Portrait
1248 6032 128 104 of
1468 6072 48 64 a
1620 6036 332 132 rebel,
2040 6036 148 132 by
2280 6036 336 104 Netta
2720 6036 412 132 Syrett.
3292 6036 508 128 London,
3896 6036 100 108 G
4008 6120 28 20 .
4132 6036 260 100 Bles

524 6248 20 64 [
564 6188 292 124 1929]

648 6344 168 76 320
884 6364 84 72 p.
1096 6344 560 84 19½ͨͫ.

520 6444 96 92 ©
740 6452 120 88 1c.
888 6452 56 76 J
952 6476 44 52 a
1012 6476 88 52 n.
1168 6464 76 68 8,
1316 6452 224 76 1930
1572 6476 16 52 ;
1660 6452 80 76 A
1812 6472 44 56 a
1872 6456 56 72 d
1996 6452 28 76 i
2036 6456 128 72 nt.
2240 6452 220 80 1346
2464 6452 56 76 6
2548 6476 20 64 ;
2644 6456 276 92 pubd.
2988 6456 236 76 Nov.
3288 6452 140 96 12,
3500 6452 276 92 1929;
3852 6456 108 76 N.
4040 6452 344 92 Syrett,

652 6560 408 80 London.
1200 6560 484 96 (30-2698)
4056 6556 176 84 484

508 6744 576 120 Taggard,
1140 6744 680 112 Genevieve,
1876 6788 52 64 e
1904 6764 56 76 d
2020 6836 16 16 .

648 6888 924 132 Circumference,
1644 6892 516 104 varieties
2236 6896 128 100 of
2436 6896 792 132 metaphysical
3316 6932 340 84 verse,
3736 6900 260 96 1456
4000 6956 64 12 –
4076 6896 256 100 1928
4356 6912 28 80 ;

508 7040 364 104 edited
960 7040 148 136 by
1196 7044 612 104 Genevieve
1900 7044 560 132 Taggard.
2656 7044 272 104 New
3016 7044 348 132 York,
3456 7044 420 128 Covici,
3960 7044 436 124 Friede,

516 7196 292 100 1929.

648 7360 60 60 x
716 7352 132 88 iii,
980 7356 168 80 [1],
1112 7352 192 84 236.
1396 7356 168 80 [1]
1540 7376 84 72 p.
1740 7356 52 76 2
1840 7348 512 88 5ͨͫ
1920 7404 44 24 .

652 7464 252 76 "The
960 7460 356 80 edition
1376 7464 404 76 consists
1840 7464 100 76 of
1996 7464 164 76 105
2168 7464 52 76 0
2280 7484 100 56 co
2388 7468 60 68 p
2452 7468 164 76 ies.
2676 7464 224 76 1000
2956 7464 308 96 copies
3320 7468 152 72 for
3536 7488 40 52 s
3580 7460 176 84 ubs
3764 7488 44 52 c
3816 7460 220 84 ribe
4020 7460 112 84 rs
4176 7468 216 88 only

516 7572 184 72 and
756 7572 160 76 the
968 7572 268 76 other
1292 7572 32 72 f
1324 7572 28 76 i
1360 7572 148 92 fty
1560 7576 164 72 not
1772 7572 156 76 for
1984 7576 224 76 sale.
2336 7612 16 56 [
2360 7596 128 52 no.
2524 7612 12 56 ]
2596 7572 48 80 6
2652 7572 136 84 8."
