4800 8268
576 680 308 124 Peik,
940 680 452 124 Wesley
1444 684 460 104 Ernest.

708 836 236 100 The
996 836 736 128 professional
1784 836 576 104 education
2420 836 124 104 of
2596 836 268 132 high
2924 836 364 104 school
3344 840 540 128 teachers;
3944 876 140 64 an
4136 836 300 104 anal-

568 984 228 132 ysis
856 988 220 100 and
1136 984 632 100 evaluation
1828 988 124 100 of
2012 988 180 96 the
2256 988 620 128 prescribed
2944 1024 428 64 courses
3436 988 112 100 in
3612 988 580 100 education
4256 992 180 100 for

572 1136 684 128 prospective
1328 1136 268 128 high
1668 1136 368 104 school
2104 1136 488 104 teachers
2660 1148 116 92 at
2844 1140 184 100 the
3092 1136 656 136 University
3816 1140 124 100 of
4004 1136 432 108 Minne-

572 1292 272 120 sota,
900 1288 144 132 by
1096 1288 172 100 W.
1332 1280 124 104 E.
1516 1284 280 100 Peik
1860 1292 68 104 …
2120 1284 780 136 Minneapolis,
2960 1288 232 100 The
3252 1288 656 136 University
3964 1292 124 104 of
4144 1288 292 100 Min-

568 1444 376 92 nesota
1000 1468 336 96 press.
1396 1436 284 96 1930.

700 1588 220 92 xvii,
980 1588 164 80 184
1200 1612 80 72 p.
1396 1588 348 92 diagrs.
1856 1588 600 84 23½ͨͫ.

700 1724 676 96 Bibliography
1412 1744 16 60 :
1480 1744 88 76 p.
1616 1724 424 84 181-184.

608 1832 12 88 '
736 1868 216 84 May
996 1864 132 92 22,
1180 1864 268 88 1930;
1504 1864 100 76 2c
1616 1924 16 16 .
1684 1864 180 76 and
1916 1884 44 56 a
1972 1852 32 76 l
1980 1864 76 72 f
2060 1928 12 12 .
2128 1864 148 76 Ma
2284 1864 36 72 )
2392 1868 52 72 2
2452 1868 52 68 9
2536 1884 16 64 ;
2672 1856 60 100 A
2732 1864 264 76 23721
3044 1884 20 52 ;
3124 1852 84 76 U
3208 1860 460 96 niversity
3720 1864 104 76 of
3872 1864 560 96 Minnesota,

712 1976 648 92 Minneapolis.
1496 1972 548 100 (30-15773)
4020 1968 232 88 6277

568 2152 416 128 Peirce,
1048 2156 444 104 Heman
1552 2156 640 124 Winthrop,
2264 2168 312 96 1850-

704 2312 172 96 Th
884 2348 48 64 e
1000 2308 424 136 history
1488 2312 124 100 of
1676 2312 180 100 the
1928 2308 396 108 School
2384 2312 124 104 of
2572 2312 180 100 the
2812 2312 508 104 Museum
3380 2312 124 100 of
3564 2308 208 108 fine
3844 2324 256 120 arts,
4168 2316 264 100 Bos-

568 2476 220 116 ton,
852 2468 52 96 1
916 2476 56 84 8
980 2464 500 128 77-1927,
1536 2464 148 132 by
1736 2460 148 100 H.
1944 2460 604 132 Winthrop
2604 2456 384 108 Peirce
3064 2460 708 136 (1877-1878)
3948 2464 492 136 [Boston,

568 2612 464 104 Printed
1088 2612 144 132 by
1288 2612 124 100 T.
1472 2608 96 104 O
1584 2692 16 16 .
1664 2608 360 104 Metca
2032 2612 36 100 l
2080 2608 52 100 f
2188 2644 576 96 company,
2820 2616 340 124 '19301

696 2764 164 80 129
916 2788 80 72 p.
1052 2764 148 76 inc
1208 2768 32 72 l
1248 2828 16 16 .
1320 2764 292 80 front.
1724 2768 332 92 plates,
2116 2768 288 92 ports.
2516 2760 292 88 22j-.

700 2900 468 80 "Written
1252 2900 92 80 in
1428 2900 220 80 1927
1732 2908 92 72 to
1904 2904 720 72 commemorate
2708 2900 156 80 the
2944 2900 36 76 f
2980 2900 24 72 i
3012 2896 292 84 ftieth
3380 2896 628 96 anniversary
4088 2900 104 80 of
4268 2904 160 76 the

560 3012 344 92 school,
968 3008 492 96 published
1520 3012 188 76 and
1772 3008 404 92 brought
2236 3028 128 76 up
2420 3012 40 76 t
2468 3028 52 60 o
2584 3012 220 76 date
2864 3008 32 76 i
2904 3028 56 60 n
3028 3008 304 80 1930."

648 3124 28 88 )
728 3112 216 104 Slay
1000 3124 72 76 1.
1120 3124 48 72 1
1224 3116 60 76 0
1288 3116 104 88 0;
1444 3124 132 76 2c.
1628 3124 224 72 May
1900 3120 156 88 19;
2112 3116 160 84 aff.
2324 3124 224 84 May
2596 3116 156 96 26;
2808 3120 80 76 A
2936 3116 332 92 24215;
3328 3124 432 72 Museum
3812 3120 100 80 of
3964 3120 180 76 fine
4196 3124 228 88 arts,

704 3236 76 72 B
788 3252 100 60 os
900 3244 28 68 t
940 3256 120 56 on
1068 3296 16 16 .
1220 3248 28 76 (
1264 3232 112 80 30
1380 3232 96 76 -1
1492 3232 52 76 5
1552 3236 48 72 7
1604 3232 56 76 0
1664 3236 96 92 7)
4032 3228 232 84 6278

560 3416 388 128 Poore,
1004 3416 396 124 Henry
1456 3412 488 124 Rankin,
2008 3424 332 96 1859-

696 3568 220 104 Art
988 3568 604 132 principles
1668 3568 116 100 in
1860 3568 512 132 practice,
2452 3564 180 104 for
2712 3568 184 100 the
2972 3568 444 100 student
3496 3568 216 100 and
3788 3572 448 128 layman
4312 3568 112 100 in

560 3728 212 108 art,
844 3720 144 136 by
1060 3720 396 132 Henry
1532 3716 448 104 Rankin
2056 3716 356 104 Poore
2492 3724 68 112 …
2692 3712 264 104 with
3044 3724 128 92 80
3248 3716 764 100 illustrations.
4160 3716 268 104 New

560 3872 344 100 York.
968 3872 500 120 London,
1528 3864 132 108 G.
1724 3868 128 100 P.
1916 3864 572 104 Putnam's
2552 3900 284 84 sons,
2900 3872 288 96 1930.

688 4044 64 56 x
760 4024 88 76 vi
856 4024 28 76 i
896 4024 56 96 i,
1004 4024 168 76 242
1228 4044 84 72 p.
1424 4020 100 76 fr
1528 4040 120 60 on
1652 4024 92 88 t.,
1800 4020 280 92 illus.,
2136 4024 332 88 plates.
2584 4024 228 92 24"'.

572 4212 92 96 ©
720 4220 248 76 June
1008 4212 76 92 6,
1132 4212 268 92 1930;
1456 4212 124 80 2c.
1636 4216 180 72 and
1864 4232 48 56 a
1928 4208 96 80 ff.
2072 4212 248 76 June
2364 4208 100 92 9;
2516 4208 80 76 A
2640 4208 112 80 24
2756 4208 48 80 3
2816 4212 156 88 77;
3028 4208 116 80 H.
3196 4212 108 76 R.
3352 4208 320 96 Poore,
3728 4208 392 96 Orange,
4172 4212 108 80 N.
4336 4212 84 80 J.

716 4328 264 92 (30-1
992 4328 48 76 5
1048 4324 208 92 706)
4028 4316 228 88 6279

560 4516 432 116 Potter,
1048 4508 468 120 Andrey
1572 4504 628 124 Abraham,
2264 4516 328 96 1882-

708 4660 556 100 Elements
1332 4652 124 104 of
1520 4672 344 84 steam
1936 4656 216 100 and
2224 4688 196 100 gas
2488 4688 364 96 power
2932 4652 744 136 engineering,
3748 4652 144 132 by
3960 4652 456 116 Andrey

568 4812 132 100 A.
752 4812 384 100 Potter
1220 4820 68 104 …
1364 4808 216 100 and
1628 4804 376 104 James
2052 4808 124 96 P.
2232 4804 88 104 C
2332 4840 60 64 a
2396 4808 36 96 l
2444 4804 516 100 derwood
3024 4820 68 104 …
3284 4808 56 96 3
3352 4804 72 100 d
3476 4804 160 100 ed.
3784 4804 268 100 New
4108 4800 316 104 York

580 4976 88 112 te
672 4972 132 88 tc.
904 4952 832 108 McGraw-Hill
1784 4952 284 104 book
2120 4984 580 100 company,
2752 4952 248 132 inc.,
3056 4956 288 100 1930.

700 5116 196 88 xiii,
936 5116 164 76 367
1144 5136 84 68 p.
1340 5112 276 92 illus.,
1660 5112 52 76 d
1724 5108 32 80 i
1760 5116 116 68 ne
1888 5128 120 60 rs.
2120 5104 228 84 21-'.
2572 5108 256 96 $2.75

636 5220 28 80 )
712 5228 244 76 June
996 5224 172 92 2,1
1180 5224 48 76 9
1232 5224 52 76 3
1292 5220 52 80 0
1376 5244 16 68 ;
1440 5224 52 72 2
1500 5228 136 72 c.;
1684 5248 76 48 n-
1784 5228 20 68 t
1848 5220 20 72 I
1924 5228 52 68 f
1912 5228 56 68 l
1992 5284 16 16 .
2056 5224 48 72 J
2120 5240 60 56 u
2188 5240 116 56 ne
2356 5224 40 72 1
2428 5240 20 72 ;
2500 5224 80 72 A
2624 5220 108 76 23
2740 5224 48 72 7
2800 5220 52 76 9
2852 5220 104 92 3;
3012 5220 472 80 McGraw-
3488 5216 92 80 H
3588 5216 68 80 il
3660 5224 32 72 l
3740 5220 172 76 boo
3916 5216 64 80 k
4024 5236 108 60 co
4144 5276 40 32 .,
4236 5216 28 80 i
4272 5240 60 52 n
4340 5240 48 56 c
4396 5280 16 20 .

712 5336 544 92 (30-15513)
4020 5324 52 84 6
4084 5324 108 84 28
4204 5324 52 84 0

548 5516 444 128 Powell,
1052 5516 604 104 Hickman.

688 5668 232 100 The
1016 5668 36 96 l
1064 5676 164 88 ast
1328 5696 272 96 para
1612 5664 64 100 d
1740 5684 28 68 i
1768 5708 44 44 -
1852 5744 24 20 .
1976 5672 60 92 1)
2212 5660 564 104 Hickman
2864 5664 328 100 Powe
3200 5664 80 96 ll
3316 5696 20 96 ;
3440 5660 36 100 i
3484 5664 36 96 l
3532 5660 644 104 lustrations
4268 5660 144 132 by

556 5812 636 104 Alexander
1296 5812 344 132 King,
1744 5816 768 128 photographs
2608 5812 148 132 by
2856 5812 388 100 Andre
3344 5812 616 100 Roosevelt.
4140 5808 268 100 New

556 5968 340 128 York,
960 5964 108 104 J.
1136 5960 308 132 Cape
1504 5964 216 100 and
1784 5964 148 100 H.
2008 5960 364 104 Smith
2488 5968 336 124 19301

688 6128 188 92 xix,
928 6124 168 76 292
1152 6144 104 72 p.,
1316 6124 44 72 1
1416 6124 56 76 1.
1580 6120 316 92 front.,
1952 6120 248 76 illus.
2252 6120 32 92 (
2300 6120 32 76 i
2340 6140 112 60 nc
2456 6124 28 72 l
2500 6184 16 16 .
2568 6120 348 92 music)
2984 6124 332 88 plates.
3428 6124 224 72 22".

688 6236 268 92 Maps
1012 6252 116 56 on
1176 6232 704 92 lining-papers.

720 6344 244 80 June
1012 6336 48 76 9
1072 6400 16 32 ,
1144 6344 40 72 1
1200 6336 52 76 9
1256 6340 108 76 30
1396 6360 16 68 ;
1468 6340 52 76 2
1528 6364 44 52 c
1584 6400 16 16 .
1652 6340 184 76 and
1892 6340 156 76 aff.
2104 6340 248 76 June
2404 6340 156 88 11;
2620 6340 76 72 A
2748 6340 332 88 24442;
3140 6340 120 76 H.
3316 6340 68 72 P
3392 6356 52 60 o
3452 6340 236 96 well,
3744 6340 232 76 New
4024 6340 76 76 Y
4104 6360 52 56 o
4168 6364 44 52 r
4216 6340 64 76 k
4288 6396 16 16 .

712 6452 544 96 (30-15833)
4016 6440 168 88 628
4196 6444 48 84 1

564 6640 72 100 P
648 6668 68 68 u
728 6636 252 100 nch.
1124 6676 96 60 v.
1284 6636 220 132 178,
1556 6672 72 64 n
1636 6676 60 60 o
1708 6716 16 20 .
1772 6644 68 92 4
1840 6640 56 92 0
1916 6632 124 104 37
2040 6676 28 56 .
2124 6632 120 100 M
2252 6668 140 96 ay
2440 6640 60 92 2
2512 6640 92 124 1,
2660 6640 188 96 193
2860 6640 60 92 0
2932 6712 16 24 .

568 6788 92 92 ©
724 6796 44 72 l
760 6788 52 88 c
836 6856 16 16 .
908 6792 228 92 July
1192 6792 132 92 17,
1380 6788 272 80 1930:
1712 6792 76 76 A
1848 6796 116 76 ad
2024 6788 32 76 i
2060 6812 60 52 n
2132 6796 32 72 t
2180 6848 12 20 .
2252 6788 108 76 14
2364 6788 108 80 09
2480 6788 100 92 8;
2644 6788 276 96 pubd.
2984 6792 220 88 May
3260 6788 160 92 21;
3484 6788 408 80 Herbert
3952 6788 448 96 Heather,

696 6904 404 76 London.
4008 6896 52 84 6
4072 6896 108 84 28
4192 6896 60 84 2

548 7080 536 124 Redfield,
1144 7080 468 108 Robert.

696 7232 640 128 Tepoztlan,
1400 7264 60 64 a
1516 7228 508 100 Mexican
2084 7228 464 132 village;
2612 7264 64 64 a
2736 7228 332 132 study
3124 7228 132 100 of
3312 7228 248 104 folk
3616 7224 240 136 life,
3908 7228 152 132 by
4112 7224 288 104 Rob-

560 7392 168 88 ert
788 7376 536 104 Redfield.
1460 7376 528 132 Chicago,
2048 7376 220 132 Ill.,
2328 7376 240 104 The
2632 7376 652 132 University
3348 7372 128 108 of
3544 7372 484 136 Chicago
4100 7408 304 96 press

644 7528 264 100 1930

2368 7680 200 104 956
