4800 8268
208 604 408 120 Cabell,
676 604 388 100 James
1120 600 1228 108 Branch-Continued

344 760 132 76 CO
476 768 516 68 NTENTS.-
992 760 520 76 Townsend
1592 756 104 80 of
1772 756 792 80 Lichfield.-The
2644 756 288 76 white
3008 760 220 72 robe
3236 816 16 16 .
3256 760 316 72 -The
3656 764 188 68 way
3940 760 108 76 of

208 868 328 76 Ecben.
568 908 108 12 -
712 868 340 76 Taboo.
1080 908 104 12 -
1232 868 392 76 Sonnets
1700 868 248 76 from
2020 864 1048 92 Antan.-Concerning
3136 868 312 76 David
3516 868 528 88 Jogram.-

204 976 332 76 Words
604 992 100 60 as
772 980 92 72 to
932 976 312 76 books.
1280 1020 116 8 -
1424 976 76 76 A
1564 976 216 76 note
1848 996 244 72 upon
2160 976 1084 76 Poictesme.-Another
3308 976 216 76 note
3588 996 116 56 on
3776 976 264 76 Lich-

200 1084 440 80 field.-A
680 1084 252 76 little
976 1104 256 56 more
1280 1088 288 72 about
1616 1084 216 76 Eve.

220 1216 96 92 ©
372 1220 232 76 Mar.
656 1220 132 92 15,
844 1220 112 76 19
956 1220 108 76 30
1096 1240 16 72 ;
1168 1220 52 72 2
1228 1240 56 56 c
1276 1260 20 40 .
1352 1220 144 92 Ap
1500 1240 68 56 r.
1624 1220 48 72 1
1680 1220 52 76 5
1764 1240 16 72 ;
1840 1216 156 80 aff.
2048 1220 216 92 Apr.
2320 1216 52 76 2
2376 1216 56 76 5
2464 1236 20 72 ;
2540 1216 84 76 A
2672 1216 164 76 224
2840 1216 116 76 00
2984 1236 16 72 ;
3060 1216 88 80 J.
3200 1220 108 76 B.
3364 1216 344 88 Cabell,
3764 1216 272 76 Rich

344 1332 304 76 mond.
764 1368 20 56 [
828 1364 64 84 ©
952 1328 456 80 revisions
1460 1328 184 80 and
1700 1352 56 56 a
1808 1352 208 56 new
2068 1328 376 96 preface]
2608 1328 540 92 (30-11756)
3644 1320 228 84 4419

208 1508 652 108 California.
1008 1516 352 132 Laws,
1420 1528 492 120 statutes,
1972 1528 192 88 etc.

336 1664 512 100 Biennial
904 1664 692 128 supplement
1648 1672 112 92 to
1812 1664 184 100 the
2056 1664 344 104 Codes
2456 1664 124 104 of
2632 1664 184 100 the
2872 1668 276 96 state
3200 1660 124 104 of
3380 1656 660 140 California,

196 1812 496 128 showing
740 1816 152 96 all
940 1812 180 100 the
1168 1816 472 128 changes
1688 1812 524 136 affecting
2252 1816 184 96 the
2488 1816 312 100 codes
2852 1816 384 124 passed
3292 1820 112 92 at
3452 1812 184 100 the
3688 1808 348 132 forty-

200 1960 380 132 eighth
628 1960 408 104 session
1084 1964 124 100 of
1256 1964 180 100 the
1488 1964 632 128 legislature
2192 1964 368 132 (1929)
2648 1960 60 112 …
2908 1960 532 104 Connects
3496 1960 272 100 with
3820 1960 220 100 and

196 2108 556 104 continues
880 2108 532 136 Hillyer's
1536 2108 484 104 biennial
2144 2112 724 128 supplement,
2992 2144 216 68 ann
3216 2144 60 64 o
3280 2112 340 132 tated,
3748 2108 292 132 1927,

196 2260 356 100 which
596 2260 116 100 in
760 2268 260 92 turn
1068 2272 496 88 connects
1616 2260 272 100 with
1936 2260 120 100 H
2060 2260 320 132 illyer
2392 2260 24 20 '
2420 2300 48 60 s
2520 2260 744 100 consolidated
3316 2260 724 132 supplement,

196 2408 624 108 annotated,
932 2416 624 96 1921-1925.
1704 2408 580 132 Compiled
2388 2412 220 100 and
2716 2412 592 100 annotated
3412 2408 148 132 by
3668 2408 372 104 Curtis

188 2556 476 132 Hillyer.
816 2556 224 108 San
1112 2556 616 136 Francisco,
1796 2560 788 100 Bender-Moss
2648 2592 572 100 company,
3292 2564 288 96 1930.

332 2712 264 96 xviii,
664 2712 504 80 1183-2415
1232 2736 84 68 p.
1432 2712 224 80 26ͨͫ.

208 2832 96 92 ©
372 2848 220 96 Apr.
652 2848 136 96 22,
848 2848 272 92 1930;
1188 2852 128 76 2c.
1384 2852 184 76 and
1632 2848 156 80 aff.
1856 2848 216 96 Apr.
2136 2848 160 92 28;
2368 2848 76 76 A
2504 2848 332 92 22456;
2908 2848 664 76 Bender-Moss
3636 2868 156 72 co.,
3860 2848 176 76 inc.

3640 2952 232 84 4420

200 3064 400 124 Carey,
664 3064 436 120 Nancy,
1160 3068 376 132 pseud.

344 3212 304 132 Soup
708 3224 112 92 to
880 3224 288 108 nuts,
1232 3256 60 60 a
1352 3212 512 108 selection
1924 3216 124 100 of
2108 3212 364 108 choice
2532 3212 412 136 recipes
2944 3260 28 68 ,
3032 3220 152 128 by
3244 3212 388 136 Nancy
3692 3212 352 132 Carey

212 3448 108 16 ...
472 3364 820 132 Philadelphia,
1364 3364 440 104 Macrae
1880 3364 368 108 Smith
2316 3400 540 100 company
2936 3376 68 120 [ͨ
3016 3372 120 92 19
3144 3368 60 92 2
3212 3368 60 96 9]

332 3524 48 72 3
436 3544 84 72 p.
580 3524 84 92 1.,
724 3520 280 80 9-186
1060 3544 108 72 p.,
1228 3520 48 76 1
1336 3524 56 72 l.
1508 3520 64 76 il
1580 3520 100 76 lu
1684 3540 72 60 s.
1868 3520 104 80 23
1984 3520 48 96 ͨͫ
2056 3524 96 76 -.

332 3656 552 76 Illustrated
948 3656 116 92 by
1132 3656 88 80 C.
1288 3656 120 80 H.
1476 3656 316 92 Sykes.

208 3784 96 96 ©
364 3788 216 80 Feb.
636 3788 136 92 10,
824 3788 48 76 1
884 3788 48 80 9
940 3792 48 76 3
996 3788 56 80 0
1080 3808 20 72 ;
1160 3788 128 80 2c.
1348 3788 220 96 Apr.
1624 3788 48 76 1
1680 3788 56 80 9
1768 3812 16 68 ;
1848 3788 160 80 aff.
2064 3788 220 92 Apr.
2340 3788 160 92 21;
2564 3788 84 80 A
2700 3788 168 80 222
2868 3792 52 76 3
2924 3792 108 92 2;
3100 3792 380 76 Macrae
3536 3788 304 80 Smith
3904 3812 44 64 c
3952 3812 80 56 o.

356 3896 536 96 (30-11823)
3644 3896 236 84 4421

200 4080 740 128 Charnwood,
1000 4080 576 104 Dorothea
1636 4084 336 124 Mary
2032 4084 320 124 Roby
2428 4084 564 124 (Thorpe)
3068 4088 536 104 baroness.

320 4228 188 100 An
592 4232 624 132 autograph
1296 4232 572 104 collection
1956 4232 220 104 and
2256 4236 184 100 the
2524 4232 456 132 making
3068 4232 128 104 of
3280 4232 120 132 it,
3484 4232 152 132 by
3716 4232 324 132 Lady

192 4376 724 108 Charnwood.
1040 4380 500 132 London,
1592 4384 132 100 E.
1780 4384 316 100 Benn
2148 4384 468 132 limited,
2676 4388 284 96 1930.

324 4532 168 80 292
552 4560 80 68 p.
748 4536 100 76 fr
852 4556 48 56 o
904 4560 60 52 n
972 4540 36 72 t
1024 4600 40 28 .,
1124 4536 108 80 fa
1240 4560 44 56 c
1288 4536 80 80 si
1376 4556 92 56 m
1472 4560 68 56 s.
1656 4540 108 76 22
1756 4540 32 52 ͨͫ
1772 4544 108 72 .

208 4652 96 96 ©
360 4672 48 76 1
416 4696 72 56 c.
544 4672 220 92 Apr.
816 4672 136 96 12,
1004 4672 272 92 1930;
1336 4672 80 76 A
1468 4676 116 76 ad
1640 4672 96 80 in
1744 4676 36 76 t
1788 4736 16 16 .
1864 4672 324 96 13730;
2248 4676 276 92 pubd.
2584 4676 212 76 Feb.
2856 4676 160 92 14;
3076 4676 112 76 D.
3244 4676 120 76 M.
3424 4672 612 96 Charnwood,

332 4784 408 80 London.
876 4784 536 96 (30-11739)
3676 4780 240 84 4422

200 4964 536 124 Christie,
788 4972 124 100 M
916 5008 56 64 r
976 5008 48 64 s
1036 5056 16 16 .
1112 4968 468 124 Agatha
1652 4968 480 128 (Miller)

332 5120 236 104 The
620 5120 656 132 mysterious
1332 5120 212 104 Mr.
1612 5120 332 132 Quin,
2000 5124 148 128 by
2200 5120 448 132 Agatha
2720 5120 504 108 Christie.
3376 5124 264 100 New
3704 5120 344 132 York,

200 5268 364 136 Dodd,
616 5272 328 100 Mead
996 5276 88 96 &
1136 5308 572 96 company,
1764 5276 288 96 1930.

328 5424 56 76 4
436 5444 84 72 p.
572 5428 84 88 1.,
712 5424 168 76 290
928 5448 84 68 p.
1124 5424 284 80 19½ͨͫ.

208 5548 96 96 ©
364 5560 220 92 Apr.
632 5560 56 76 2
692 5560 52 76 5
752 5620 20 32 ,
824 5560 272 92 1930;
1152 5560 132 80 2c.
1336 5560 220 96 Apr.
1612 5560 160 92 29;
1832 5560 160 84 aff.
2044 5564 220 92 Apr.
2320 5560 156 96 30;
2536 5560 84 76 A
2668 5564 332 92 22516;
3064 5564 296 96 Dodd,
3420 5568 280 76 Mead
3752 5568 72 76 &
3876 5588 160 68 co.,

332 5668 176 100 inc.
644 5668 540 96 (30-11715)
3644 5672 232 84 4423

200 5852 424 128 Cicero,
680 5856 460 104 Marcus
1192 5856 468 108 Tullius.

336 6004 328 132 Sight
724 6008 220 104 and
1000 6012 900 128 comprehension
1956 6044 508 96 passages
2528 6012 292 104 from
2884 6012 412 136 Cicero,
3356 6016 144 132 by
3556 6012 492 104 Edward

200 6156 120 100 T.
380 6156 432 100 Russell
872 6236 108 20 ...
1132 6160 268 100 New
1456 6160 344 132 York,
1856 6156 444 108 Oxford
2348 6160 288 104 book
2684 6196 576 96 company,
3316 6168 288 96 1930.

328 6308 48 76 1
436 6332 84 68 p.
572 6312 84 92 1.,
712 6308 112 80 62
872 6332 84 72 p.
1072 6312 220 80 17ͨͫ.

208 6412 96 96 ©
368 6420 224 92 Apr.
652 6420 132 84 14.
848 6420 272 92 1930;
1184 6424 132 80 2c.
1380 6424 184 76 and
1628 6424 156 76 aff.
1852 6424 220 92 Apr.
2132 6424 160 92 17;
2360 6424 84 76 A
2500 6424 336 92 21872;
2908 6424 360 80 Oxford
3332 6428 236 76 book
3632 6448 160 72 co.,
3860 6428 172 80 inc.

356 6528 536 92 (30-11597)
3640 6532 240 84 4424

204 6712 152 104 Co
360 6712 32 100 l
404 6712 280 124 well,
736 6712 108 104 A
1388 6716 152 108 M.

340 6860 636 140 Genealogy
1064 6868 124 100 of
1276 6868 484 132 Captain
1848 6872 368 128 Roger
2300 6872 444 132 Dudley
2844 6952 108 16 …
3064 6872 200 132 [by]
3380 6868 404 108 Colwel
3796 6876 32 96 l
3932 6952 108 20 …

220 7008 92 108 [I
320 7012 732 136 ndianapolis,
1104 7016 384 104 Arden
1540 7020 460 132 literary
2052 7016 436 140 service,
2540 7024 48 80 ͨ
2588 7028 188 92 193
2788 7028 92 120 0]

328 7168 544 92 cover-title,
928 7168 112 76 15
1088 7192 84 72 p.
1284 7168 276 80 22½ͨͫ.'t

328 7276 420 80 Portrait
800 7300 116 52 on
976 7300 296 56 cover.

212 7376 100 88 ©
364 7384 212 96 Apr.
628 7388 48 72 1
688 7388 52 76 6
748 7448 12 24 ,
812 7388 104 72 19
924 7388 156 80 30:
1136 7388 132 80 2c.
1320 7392 184 76 and
1556 7388 152 80 aff.
1764 7392 220 92 Apr.
2032 7388 160 96 21;
2248 7392 76 76 A
2376 7392 172 76 222
2548 7392 52 76 5
2608 7392 96 92 2;
2760 7396 104 76 A.
2920 7396 96 76 M
3028 7456 12 16 .
3100 7396 124 80 Co
3232 7396 28 76 l
3268 7396 240 96 well,
3560 7392 476 96 Waconia,

340 7496 96 76 M
440 7496 192 80 inn.
756 7496 536 96 (30-11878)
3624 7500 228 88 4425

1988 7612 60 92 6
2060 7612 56 96 6
