4752 8320
2220 7656 124 96 15
2348 7656 60 96 3
2420 7656 56 96 1

452 672 64 104 …
580 668 232 96 The
860 656 408 104 Pacific
1324 672 488 116 reporter
1956 656 88 104 C
2052 692 56 64 o
2116 692 72 64 n
2196 668 40 88 t
2244 656 328 104 inued

544 840 60 52 x
612 836 56 56 x
676 876 16 32 ,
776 820 104 72 11
892 812 104 80 93
1068 836 64 72 p
1136 880 16 12 .
1264 812 468 88 26ͨͫ.
1628 812 488 92 (National
2200 816 416 88 reporter
2696 812 736 92 system-State
3508 808 336 100 series)

420 920 92 96 ©
576 920 244 96 Sept.
872 924 48 76 2
932 928 72 76 5.
1056 920 108 80 19
1172 920 104 80 30
1312 944 12 68 ;
1384 920 124 80 2c.
1564 924 184 72 and
1800 944 48 52 a
1860 920 96 80 ff.
2016 920 192 80 Oct.
2264 920 56 76 9
2348 940 20 72 ;
2424 920 80 76 A
2556 920 216 80 2873
2780 920 56 80 8
2864 940 16 72 ;
2940 920 260 80 West
3248 920 212 92 pub.
3516 940 48 56 c
3568 940 56 56 o
3628 980 20 20 .
3816 916 228 84 9953

404 1100 868 124 Pennsylvania.
1412 1108 260 96 Law
1684 1140 44 64 s
1740 1184 24 48 ,
1824 1144 44 64 s
1880 1120 40 84 t
1928 1144 60 64 a
1996 1116 44 88 t
2044 1144 72 60 u
2124 1120 40 84 t
2172 1140 140 100 es,
2368 1116 192 92 etc.

536 1252 540 104 Purdon's
1128 1252 804 132 Pennsylvania
1992 1260 488 124 statutes,
2532 1256 616 96 annotated.
3296 1256 660 96 Permanent
4008 1256 216 100 edi-

404 1408 260 100 tion.
808 1408 108 96 A
972 1440 256 64 com
1220 1428 72 84 p
1292 1404 392 100 ilation
1736 1404 124 100 of
1912 1408 180 96 the
2152 1408 440 124 general
2648 1408 216 96 and
2924 1412 640 120 permanent
3612 1404 268 100 laws
3940 1404 292 100 from

404 1556 184 100 the
648 1584 256 104 year
968 1556 252 100 1700
1280 1568 112 84 to
1456 1560 432 124 present
1940 1552 296 108 time,
2296 1556 492 124 together
2848 1552 268 100 with
3184 1552 692 104 annotations
3936 1552 296 100 from

404 1708 184 96 the
668 1716 280 92 eases
1028 1700 636 132 construing
1736 1704 304 100 those
2112 1708 296 92 laws.
2552 1700 132 100 Ti
2696 1712 40 88 t
2748 1704 96 100 le
2916 1704 160 128 48,
3152 1708 156 92 49.
3452 1704 560 128 Prepared
4088 1704 144 128 by

408 1856 180 96 the
664 1852 644 132 publishers'
1384 1852 512 100 editorial
1972 1848 284 104 staff.
2400 1852 820 128 Philadelphia,
3296 1852 228 112 Pa.,
3604 1852 424 128 George
4104 1852 124 100 T.

408 2004 300 100 Bisel
772 2040 208 72 co.;
1052 2000 500 116 Newark,
1620 2000 132 100 N.
1820 2000 144 116 J.,
2032 2000 360 132 Soney
2456 2004 84 92 &
2608 2000 284 132 Sage
2956 2036 204 92 co.;
3236 2000 160 104 St.
3464 2000 320 136 Paul,
3844 2000 388 132 Minn.,

400 2164 300 88 West
760 2152 640 132 publishing
1452 2188 148 64 co.
1672 2156 364 120 [ͨ1930]

552 2308 196 92 xiii,
808 2308 164 76 314
1032 2328 80 68 p.
1224 2308 508 84 24ͨͫ.

556 2440 60 80 C
636 2448 60 64 o
688 2456 308 60 NTENT
1004 2464 40 52 S
1064 2504 12 12 .
1084 2432 308 84 -Titl
1400 2456 52 60 e
1508 2436 132 80 48.
1708 2440 88 72 M
1808 2460 52 52 a
1868 2460 96 52 rr
1968 2440 36 72 i
2008 2464 48 52 a
2068 2460 56 68 g
2124 2456 48 56 e
2184 2432 248 80 .-Ti
2440 2428 132 88 tle
2628 2432 140 84 49.
2824 2440 152 72 Me
2980 2436 172 80 cha
3160 2456 60 56 n
3224 2436 36 76 i
3264 2456 92 60 cs
3368 2436 16 32 '
3444 2440 264 76 liens.

424 2564 96 92 ©
604 2576 56 80 S
668 2584 176 84 ept.
916 2576 132 92 30,
1120 2576 160 76 193
1288 2576 48 76 0
1372 2596 16 68 ;
1460 2572 52 76 2
1520 2596 48 56 e
1576 2640 16 12 .
1664 2576 184 72 and
1920 2572 156 76 aff.
2152 2572 196 76 Oct.
2420 2572 52 76 9
2504 2592 16 68 ;
2596 2572 80 76 A
2744 2572 224 76 2874
2972 2572 52 76 6
3052 2592 24 72 ;
3152 2572 132 80 Ge
3288 2592 56 60 o
3348 2592 160 76 rge
3576 2572 96 80 T.
3744 2572 80 72 B
3832 2572 136 76 ise
3972 2576 28 72 l
4076 2596 48 52 c
4128 2596 52 56 o
4188 2632 44 32 .,

564 2684 112 80 So
688 2708 172 68 ney
916 2684 68 80 &
1044 2684 236 92 Sage
1336 2704 44 56 c
1388 2708 44 52 o
1448 2752 12 12 .
1520 2684 188 76 and
1764 2684 256 76 West
2076 2684 204 92 pub,
2348 2704 44 56 c
2400 2704 76 56 o.
3828 2680 232 84 9954

408 2864 448 124 Perutz,
916 2864 152 104 Le
1076 2896 64 72 o
1148 2944 28 44 ,
1240 2876 320 92 1884-

596 3020 60 104 …
716 3012 336 128 Herr,
1104 3008 488 104 erbarme
1644 3008 288 104 Dich
1984 3008 468 104 meiner!
2580 3012 564 100 Novellen.
3268 3012 356 132 Wien,
3676 3012 556 104 Phaidon-

412 3160 408 132 verlag,
892 3164 292 96 1930.

544 3316 192 88 263,
808 3356 20 56 [
832 3316 48 72 1
892 3352 20 60 )
972 3332 88 72 p.
1176 3312 560 84 18½cm.

544 3448 72 76 C
624 3472 52 56 O
680 3448 844 92 NTENT.-"Herr,
1600 3448 420 76 erbarme
2092 3448 240 76 Dich
2408 3448 404 76 meiner!
2856 3448 192 56 "-
3080 3448 176 76 Die
3260 3472 56 52 n
3328 3468 40 56 s
3376 3452 40 72 t
3420 3468 140 72 ag,
3640 3448 136 76 12.
3856 3452 116 72 ok
3976 3452 40 80 t
4024 3472 52 56 o
4076 3448 160 84 ber

412 3556 540 76 1916.-Die
1012 3556 332 92 geburt
1408 3548 156 84 des
1628 3556 864 76 Antichrist.-Der
2556 3560 272 72 mond
2896 3556 596 76 lacht-Das
3556 3556 272 92 gasth
3864 3560 56 64 u
3872 3560 140 72 ns
4076 3580 164 56 zur

416 3644 396 96 Kartits
820 3684 44 52 c
872 3664 460 76 he.-Nur
1408 3664 148 76 ein
1644 3656 288 84 druck
2016 3664 172 76 auf
2264 3668 180 72 den
2528 3664 624 92 knopf.-Der
3232 3668 164 88 tag
3480 3668 236 76 ohne
3800 3668 444 76 abend.-

412 3772 292 88 Gespr
712 3772 52 76 a
772 3772 112 76 ch
952 3772 172 76 mit
1188 3772 296 76 einem
1556 3772 448 76 soldaten.

432 3884 92 88 ©
604 3908 216 92 Apr.
892 3908 132 92 18,
1100 3904 268 96 1930;
1448 3908 128 80 it.
1648 3912 92 72 M
1748 3928 120 72 ay
1940 3908 156 92 27;
2176 3904 596 96 A-Foreign
2844 3904 272 96 8409;
3196 3908 800 92 Phaidon-verlag,
4084 3912 160 76 Dr.

564 4020 88 72 H
660 4040 48 56 o
716 4040 44 52 r
768 4040 112 56 ov
884 4016 156 80 itz.
1176 4016 536 96 (30-24636)
3832 4016 232 84 9955

412 4196 316 124 Pike,
784 4196 436 124 Albert,
1288 4208 620 96 1809-1891.

552 4352 732 132 Indo-Aryan
1360 4348 380 104 deities
1820 4352 216 100 and
2116 4348 484 136 worship
2680 4388 116 68 as
2872 4352 580 100 contained
3528 4352 116 100 in
3720 4352 188 100 the
3984 4352 264 132 Rig-

424 4500 96 104 V
528 4500 188 104 eda
792 4504 176 128 [by
1060 4500 108 96 A
1176 4504 28 92 l
1216 4500 240 104 bert
1508 4500 308 132 Pike,
1872 4500 288 104 1872.
2300 4500 636 132 Louisville,
2992 4500 852 108 The-Standard
3896 4500 348 132 print-

424 4652 192 132 ing
664 4688 184 96 co.,
908 4656 288 96 1930.

552 4804 124 88 ix,
748 4840 20 56 [
772 4800 48 80 3
832 4840 20 56 1
868 4860 16 36 ,
948 4800 164 80 650
1172 4824 56 68 p
1228 4832 20 44 .
1368 4800 104 76 ill
1480 4824 56 56 u
1544 4824 44 56 s
1600 4864 12 16 .
1672 4800 140 96 (in
1820 4820 44 60 c
1868 4800 56 80 l.
1984 4800 320 96 chart)
2384 4820 56 72 p
2448 4800 32 76 l
2488 4860 44 32 .,
2604 4800 340 92 diagrs.
3056 4796 188 84 26w
3256 4828 20 48 .

560 4908 280 80 "This
908 4912 252 76 cloth
1224 4908 356 80 edition
1632 4904 56 88 …
1820 4912 80 76 is
1972 4908 360 80 limited
2404 4916 88 72 to
2568 4908 256 92 eight
2892 4912 428 76 hundred
3392 4908 304 96 copies
3772 4912 184 76 and
4028 4912 220 92 they

420 5036 160 60 are
632 5016 504 80 numbered
1188 5016 244 76 from
1492 5008 44 76 1
1596 5020 100 76 to
1752 5016 188 92 800,
1996 5016 452 80 inclusive
2512 5012 56 88 …
2716 5016 228 80 This
3004 5036 228 72 copy
3284 5016 84 80 is
3420 5040 144 56 no.
3624 5008 248 88 392.'"

552 5116 140 84 Ed
700 5124 192 80 ited
944 5124 120 92 by
1124 5124 92 72 M
1228 5184 12 20 .
1304 5124 136 80 W.
1500 5124 112 76 W
1616 5144 108 60 oo
1732 5124 84 80 d.

560 5232 248 76 "The
860 5228 440 96 Supreme
1356 5232 360 76 council
1768 5232 392 76 ordered
2212 5232 212 76 that
2476 5252 172 60 one
2696 5228 356 84 edition
3108 5232 104 76 of
3260 5232 192 80 this
3504 5252 88 56 m
3604 5232 484 92 anuscript
4136 5232 112 80 be

420 5336 652 96 printed."-p.
1160 5328 88 92 [1]

436 5448 96 88 ©
596 5472 240 80 June
952 5468 112 100 15,
1080 5472 268 92 1930;
1408 5472 52 76 2
1464 5476 48 64 c
1524 5536 16 16 .
1600 5476 184 76 and
1840 5472 156 80 aff.
2060 5472 244 92 Sept.
2364 5476 156 88 11;
2580 5472 80 76 A
2716 5472 328 92 28204;
3116 5472 444 96 Supreme
3616 5472 384 96 council,
4060 5476 48 76 3
4116 5472 48 80 3
4184 5472 68 96 *,

564 5584 396 76 Ancient
1020 5588 184 72 and
1264 5584 436 92 accepted
1764 5580 412 80 Scottish
2236 5580 180 80 rite
2480 5580 96 80 of
2636 5584 672 92 freemasonry,
3368 5584 156 76 for
3588 5584 160 76 the
3808 5584 444 76 southern

568 5696 32 88 j
612 5712 56 56 u
680 5692 484 76 risdiction
1220 5692 100 76 of
1372 5692 156 76 the
1584 5688 72 76 U
1672 5756 16 16 .
1748 5692 84 76 S.
1892 5692 124 76 A..
2080 5688 640 96 Washington.
2856 5688 540 96 (30-24322)
3844 5688 232 84 9956

560 5876 508 104 Lectures
1152 5876 124 100 of
1352 5880 188 96 the
1620 5876 308 132 Arya
2020 5940 28 64 l
2056 5880 144 128 by
2208 5940 24 64 ]
2324 5876 396 100 Albert
2796 5876 316 132 Pike,
3196 5876 292 104 1873.
3624 5872 636 136 Louisville,

428 6024 252 136 Ky.,
724 6032 236 96 The
1008 6024 560 108 Standard
1612 6024 508 132 printing
2160 6060 188 100 co.,
2392 6024 772 132 incorporated
3248 6032 340 124 0°19301

556 6176 48 76 3
668 6196 56 72 p
724 6208 20 44 .
812 6180 20 68 l
848 6236 48 36 .,
952 6176 168 76 340
1176 6196 88 76 p.
1376 6176 224 76 26-.

564 6284 280 76 "This
896 6284 244 76 cloth
1192 6284 352 76 edition
1596 6280 56 88 …
1740 6284 80 76 is
1872 6284 360 76 limited
2276 6288 100 72 to
2424 6304 276 56 seven
2748 6284 428 80 hundred
3224 6284 308 92 copies
3588 6288 184 76 and
3824 6284 220 84 they
4092 6304 164 60 are

432 6396 56 64 n
492 6392 436 76 umbered
980 6392 244 76 from
1276 6392 48 72 1
1380 6392 96 76 to
1524 6388 188 92 700,
1768 6392 452 76 inclusive
2284 6392 56 84 …
2476 6392 228 76 This
2760 6408 228 76 copy
3040 6392 80 76 is
3176 6416 144 52 no.
3372 6392 252 80 392."

568 6500 524 88 "Prepared
1136 6500 152 76 for
1336 6500 160 76 the
1544 6500 364 88 printer
1956 6500 120 88 by
2128 6496 376 80 Colonel
2552 6500 96 72 M
2660 6560 16 16 .
2724 6500 136 76 W.
2920 6496 1020 80 Wood."-Foreword.

568 6608 248 76 "The
892 6608 440 88 Supreme
1404 6608 364 72 council
1836 6608 392 76 ordered
2296 6608 212 76 that
2576 6624 172 60 one
2820 6604 352 80 edition
3244 6604 104 80 of
3416 6608 192 76 this
3676 6604 580 92 manuscript

432 6712 48 76 b
488 6736 44 56 e
600 6704 576 88 printed."-
1176 6716 48 72 1
1236 6716 84 72 st
1388 6712 344 92 prelim.
1812 6712 216 80 leaf.

568 6816 128 80 CO
704 6836 60 56 N
772 6840 236 56 TENT
1020 6840 44 56 s
1076 6884 16 12 .
1096 6820 312 76 -The
1464 6820 320 92 Aryan
1844 6816 552 80 race.-The
2456 6816 764 80 Veda.-Deities
3280 6816 104 80 of
3440 6824 160 76 the
3660 6816 600 80 Veda.-The

432 6916 656 88 Zend-Avesta.
1188 6924 196 80 The
1432 6924 72 80 G
1432 6908 388 96 Cthds.
1920 6924 196 80 The
2164 6924 416 80 doctrine
2628 6924 104 80 of
2776 6928 288 76 Zarat
3072 6916 64 76 h
3136 6928 724 80 ustra.-Ahura
3924 6928 324 76 Mazda

432 7040 180 72 and
700 7036 104 76 th
808 7056 48 56 e
944 7032 76 76 A
1048 7036 56 68 n
1180 7036 200 76 sha-
1380 7024 196 100 Qpe
1580 7032 612 80 ntas.-The
2280 7032 188 80 last
2552 7032 220 80 four
2860 7032 364 80 Gathas
3312 7036 188 76 and
3588 7032 528 92 legendary.
4148 7076 96 12 -

428 7144 316 88 Aryan
800 7140 372 80 notions
1228 7140 104 80 of
1388 7140 272 80 Philo
1712 7124 408 96 Jud'us.

448 7228 88 88 ©
604 7252 244 76 June
900 7244 128 96 15,
1088 7248 268 92 1930;
1420 7248 124 80 2c.
1604 7252 184 76 and
1848 7248 156 80 aff.
2068 7248 240 92 Sept.
2368 7252 156 88 11;
2588 7248 80 76 A
2724 7248 328 96 28205;
3124 7248 440 96 Supreme
3624 7248 384 92 council,
4068 7248 192 84 33'.

584 7360 388 76 An'-ient
1040 7388 48 48 a
1100 7380 56 56 n
1164 7364 56 72 d
1284 7364 432 88 accepted
1788 7356 408 80 Scottish
2260 7356 184 80 rite
2508 7360 96 76 of
2668 7360 644 92 freemasonry
3376 7360 156 76 for
3596 7360 160 80 the
3820 7356 440 80 southern

576 7472 240 88 juris
828 7472 48 72 d
892 7472 160 72 icti
1060 7496 44 48 o
1116 7488 56 56 n
1228 7492 48 56 o
1284 7472 40 72 f
1380 7472 156 72 the
1588 7460 108 88 I.
1760 7468 84 76 S.
1904 7472 72 72 A
1988 7528 44 32 .,
2088 7468 644 92 Washington.
2868 7468 536 92 (30-24323)
3852 7464 232 80 9957
