4752 8320
300 668 364 120 Ozias,
728 664 468 108 Charles
1260 664 476 120 Othello,
1808 672 324 92 1861-

436 820 232 100 The
752 856 380 64 cancer
1216 816 520 128 problem,
1824 816 184 100 the
2092 816 260 124 diet,
2440 848 196 64 our
2724 808 500 104 deficient
3308 808 496 104 children
3904 872 24 64 t
3932 812 160 128 by]

304 968 448 104 Charles
808 964 440 104 Othello
1308 964 356 100 Ozias.
1716 992 128 68 M.
1904 1000 92 60 D.
2152 960 464 128 [Kansas
2672 956 292 132 City,
3012 960 260 112 Mo.,
3324 964 328 112 ͨ1930]

432 1120 160 76 127
652 1140 84 72 p.
848 1120 244 76 illus.
1204 1116 504 88 23ͨͫ.

428 1228 244 76 Title
724 1228 248 76 from
1024 1244 296 60 cover.

312 1328 96 96 ©
456 1336 232 92 Aug.
736 1336 72 88 6,
860 1332 268 92 1930;
1176 1332 52 76 2
1236 1352 44 56 c
1288 1396 20 16 .
1356 1336 184 72 and
1588 1328 160 84 aff.
1796 1332 228 88 Aug.
2076 1328 156 92 28;
2284 1328 76 76 A
2412 1328 324 92 27165;
2796 1328 96 80 C.
2948 1336 96 80 O.
3100 1328 124 76 Oz
3232 1328 88 76 ia
3332 1348 68 72 s,
3452 1328 376 80 Kansas
3880 1328 236 92 City,

436 1460 152 76 Mo
600 1508 16 12 .
756 1444 160 92 (CA
944 1440 112 96 30
1060 1440 272 80 -1223
1368 1440 452 92 Unrev'd)
3656 1432 288 84 13551

304 1592 336 128 Pach,
704 1592 464 128 Walter,
1240 1604 324 96 1883-

500 1748 68 108 …
636 1736 176 104 An
884 1740 276 100 hour
1228 1736 124 104 of
1420 1752 208 116 art,
1692 1740 144 136 by
1916 1740 200 100 Wa
2120 1736 96 108 lt
2220 1780 112 60 er
2404 1740 164 100 Pa
2576 1776 48 64 c
2628 1736 72 100 h
2764 1748 68 108 …
3048 1736 772 132 Philadelphia
3904 1736 208 104 and

304 1888 88 100 L
396 1924 132 64 on
540 1888 76 100 d
616 1924 60 64 o
680 1924 64 60 n
760 1972 24 48 ,
848 1888 104 104 J.
1020 1888 128 100 B.
1224 1888 640 132 Lippincott
1932 1924 532 100 company
2544 1892 264 96 [ͨ193
2816 1892 60 96 0
2884 1952 24 68 ]

432 2040 168 80 158
664 2060 80 72 p.
860 2044 48 72 1
916 2044 52 72 8
976 2044 160 88 ½ͨͫ.
1272 2040 240 92 (The
1576 2060 168 60 one
1808 2044 236 72 hour
2112 2044 336 88 series)

436 2144 312 84 "First
804 2148 432 80 edition."

316 2252 92 92 ©
472 2264 244 92 Sept.
768 2264 52 72 2
828 2264 48 76 6
884 2324 20 32 ,
956 2260 112 80 19
1072 2264 148 76 30;
1284 2260 124 76 2c.
1468 2264 180 72 and
1704 2260 156 80 aff.
1916 2264 224 76 Nov.
2200 2260 156 92 15;
2416 2260 76 76 A
2544 2260 328 88 30605;
2936 2260 136 80 W.
3128 2260 276 92 Pach,
3464 2260 224 76 New
3744 2260 276 76 York.

460 2368 536 100 (31-26091)
3664 2364 288 80 13552

308 2524 640 124 Patterson,
1012 2524 448 104 Samuel
1524 2524 416 124 White,
2008 2536 324 96 1883-

436 2668 556 132 Teaching
1080 2672 180 96 the
1348 2668 296 100 child
1736 2680 108 92 to
1936 2668 312 132 read;
2344 2668 524 132 practical
2968 2672 404 100 studies
3468 2668 112 100 in
3676 2668 456 132 reading

300 2816 476 132 method,
836 2816 144 136 by
1048 2816 436 104 Samuel
1548 2816 380 104 White
1984 2820 572 100 Patterson
2620 2820 64 108 …
2884 2812 444 108 Garden
3400 2816 288 136 City,
3752 2816 132 104 N.
3960 2816 172 100 Y..

304 2960 676 140 Doubleday,
1044 2968 376 100 Doran
1484 2968 92 96 &
1644 3004 568 96 company,
2272 2964 204 104 inc.
2552 2968 360 108 [ͨ1930]

440 3116 160 92 xii,
680 3120 164 76 524
916 3140 80 72 p.
1112 3120 64 76 il
1184 3124 200 88 lus.,
1460 3120 340 92 diagrs.
1916 3120 212 76 21ͨͫ.

444 3228 316 80 "First
812 3224 440 84 edition."

444 3336 720 92 Bibliography:
1224 3356 80 72 p.
1356 3332 416 84 499-516.

320 3432 92 88 ©
472 3452 228 80 Nov.
748 3452 136 92 21,
936 3452 48 72 1
992 3448 104 80 93
1108 3452 56 76 0
1188 3472 20 68 ;
1264 3448 128 76 2c.
1452 3452 184 72 and
1688 3456 44 64 a
1748 3448 36 76 f
1784 3448 36 76 f
1832 3512 16 12 .
1904 3448 132 76 De
2044 3472 48 48 c
2100 3512 16 12 .
2172 3448 56 72 6
2252 3468 20 68 ;
2332 3448 76 76 A
2464 3448 324 88 32067;
2856 3448 568 96 Doubleday,
3480 3452 80 72 D
3576 3472 96 52 or
3680 3472 52 52 a
3740 3472 64 52 n
3852 3448 64 76 &
3980 3452 156 92 co.,

444 3560 176 80 inc.
760 3556 536 96 (30-33272)
3676 3556 288 84 13553

312 3712 288 100 Pear
604 3712 36 100 l
648 3740 296 96 man,
1020 3716 356 120 Myer.

444 3856 400 132 Seeing
916 3860 204 104 the.
1168 3868 296 124 story
1536 3856 120 100 of
1724 3860 180 100 the
1984 3856 352 132 Bible,
2408 3860 144 132 by
2624 3860 316 132 Myer
3016 3860 580 100 Pearlman
3656 3864 64 112 …
3872 3856 264 104 with

312 4004 552 132 diagrams
944 4008 216 100 and
1244 4040 136 68 ou
1388 4016 44 92 t
1436 4004 300 104 lines.
1892 4004 712 132 Springfield,
2680 4008 256 128 Mo.,
3024 4004 396 132 Gospel
3504 4004 640 136 publishing

308 4156 328 104 house
700 4160 268 128 [ͨ193
976 4160 60 96 0]
1044 4220 28 64 1

448 4308 188 92 123,
704 4344 20 56 [
728 4308 48 72 1
788 4344 20 60 ]
868 4328 88 72 p.
1008 4308 32 76 i
1044 4328 60 56 n
1112 4312 80 76 cl
1204 4368 16 20 .
1280 4308 316 92 front.,
1652 4308 280 88 illus.,
1992 4308 344 92 diagrs.
2448 4304 224 84 19ͨͫ.

328 4408 92 92 ©
480 4424 224 76 Nov.
756 4424 76 92 1,
884 4420 268 92 1930;
1208 4420 48 76 2
1264 4448 72 52 c.
1388 4424 216 76 Dec.
1652 4424 100 88 4;
1812 4420 100 80 af
1900 4420 52 76 f
1956 4484 16 16 .
2024 4424 220 76 Dec.
2292 4424 104 88 3;
2452 4420 80 76 A
2580 4420 224 80 3140
2808 4420 56 76 6
2892 4440 16 72 ;
2972 4420 332 92 Gospel
3360 4424 208 88 pub.
3624 4424 60 72 h
3692 4444 52 56 o
3748 4444 192 56 use.

480 4532 540 96 (30-33151)
3684 4528 292 80 13554

320 4684 552 120 Prescott,
932 4688 500 100 Maurice
1488 4688 520 120 Sheldon,
2072 4696 332 92 1892-

448 4836 1072 104 Holstein-Friesian
1588 4836 464 132 history,
2120 4836 144 132 by
2336 4836 496 104 Maurice
2904 4836 484 108 Sheldon
3456 4840 500 100 Prescott
4028 4832 60 112 …

320 4984 216 100 and
584 4980 376 104 Frank
1008 4984 404 104 Tilden
1452 4984 324 104 Price
1848 4984 64 112 …
1992 4984 112 104 in
2152 4984 792 104 collaboration
2992 4988 268 100 with
3312 4988 392 128 Henry
3748 4988 396 100 Hiram

316 5132 344 132 Wing
708 5132 60 120 …
928 5136 216 100 and
1212 5132 500 108 William
1788 5132 108 104 A
1900 5136 40 100 l
1940 5132 192 104 ber
2136 5144 52 88 t
2256 5136 500 100 Prescott
2828 5132 60 120 …
3100 5136 104 100 A
3276 5136 432 128 history
3776 5136 128 100 of
3972 5136 180 104 the

324 5280 740 104 introduction
1144 5280 216 104 and
1444 5280 764 132 development
2284 5280 124 104 of
2484 5288 188 100 the
2744 5288 324 100 breed
3152 5288 116 100 in
3344 5284 512 104 America
3940 5288 204 100 and

324 5432 672 132 throughout
1048 5432 188 100 the
1288 5436 384 128 world,
1720 5432 188 104 the
1960 5432 480 104 families
2496 5432 124 104 of
2672 5436 184 104 the
2908 5436 364 128 breed,
3324 5436 188 104 the
3560 5436 584 128 personali

328 5580 192 104 ties
588 5580 236 100 who
880 5580 276 104 have
1212 5580 692 104 contributed
1964 5592 108 92 to
2128 5584 144 100 its
2324 5584 824 100 establishment
3204 5588 208 96 and
3480 5588 184 100 the
3724 5588 424 124 organi-

324 5732 364 96 zation
740 5732 240 96 that
1036 5732 196 100 has
1288 5728 480 104 fostered
1824 5732 148 100 its
2020 5732 464 132 growth.
2632 5732 296 108 Over
2984 5732 260 100 four
3296 5736 496 100 hundred
3864 5736 284 100 illus-

328 5872 492 108 trations.
980 5904 44 80 [
1008 5876 472 132 Lacona,
1524 5880 136 104 N.
1708 5880 176 132 Y.,
1928 5880 236 104 The
2212 5880 332 108 Corse
2588 5916 336 96 press,
2976 5888 284 100 1930]

456 6032 52 80 6
552 6056 80 72 p.
688 6024 84 104 l.,
816 6036 164 76 254
1020 6056 84 72 p.
1208 6036 104 76 ill
1320 6060 160 68 us.,
1532 6036 344 96 diagrs.
1976 6036 112 80 29
2120 6040 40 68 ½
2180 6044 52 40 ͨͫ

464 6144 244 76 "The
756 6144 552 92 concluding
1356 6148 352 76 section
1752 6144 100 80 of
1904 6148 152 76 the
2104 6148 116 80 bo
2224 6168 52 56 o
2280 6148 64 76 k
2388 6148 396 80 consists
2840 6172 52 56 o
2896 6148 44 76 f
2988 6172 48 56 a
3096 6152 456 88 thorough
3604 6152 408 76 revision
4060 6152 96 76 of

332 6252 148 76 the
544 6252 340 76 earlier
948 6252 280 92 work,
1296 6252 904 80 Holstein-Friesian
2256 6252 612 84 foundations
2928 6256 468 92 (Prescott
3460 6260 180 76 and
3712 6260 444 88 Prescott,

332 6360 208 76 1923
552 6352 32 80 )
612 6360 48 32 "
664 6360 364 80 -Pref.

344 6460 96 96 ©
492 6468 224 80 Nov.
764 6468 48 72 2
824 6468 48 76 5
880 6528 16 24 ,
944 6472 48 72 1
1000 6464 52 80 9
1056 6468 116 80 30
1200 6492 12 68 ;
1268 6476 48 68 2
1328 6492 68 56 c.
1452 6472 176 76 and
1680 6492 48 56 a
1740 6468 56 76 f
1760 6468 56 76 f
1820 6532 16 16 .
1888 6472 228 80 Nov.
2164 6472 112 76 28
2308 6492 16 64 ;
2380 6472 76 80 A
2504 6476 104 76 31
2620 6476 44 72 5
2676 6476 100 76 31
2816 6492 16 68 ;
2888 6476 92 72 H
2988 6476 804 76 olstein-Friesian
3844 6476 316 96 world,

472 6576 196 92 inc.,
740 6576 232 92 Syra
984 6600 48 52 c
1036 6596 176 76 use.
1288 6580 108 76 N.
1460 6580 104 76 Y.
1700 6576 92 92 (3
1800 6576 48 80 0
1852 6584 384 92 -33758)
3704 6580 284 80 13555

340 6724 576 128 Prichard,
968 6732 424 104 Harold
1452 6732 356 124 Adye,
1868 6744 328 96 1882-

464 6872 336 104 God's
908 6876 928 140 communicating
1944 6884 320 128 door;
2380 6920 292 64 some
2780 6888 684 128 suggestions
3576 6884 284 104 from
3988 6888 176 100 the

340 7020 656 136 philosophy
1048 7024 124 100 of
1224 7028 444 128 psychic
1720 7032 524 128 research,
2296 7028 144 136 by
2492 7036 180 100 the
2728 7036 260 100 Rev.
3044 7036 148 100 H.
3256 7036 312 104 Adye
3620 7040 532 96 Prichard

468 7176 68 104 …
604 7176 448 112 Boston,
1100 7176 128 100 R.
1288 7176 128 104 G.
1476 7180 440 128 Badger
1980 7188 368 120 [ͨ1929]

472 7328 52 76 9
528 7328 52 76 9
636 7352 80 72 p.
840 7332 104 80 19
956 7332 76 80 ½ͨͫ
1088 7352 20 48 .

348 7428 92 96 ©
496 7440 216 80 Feb.
760 7440 132 92 12,
940 7440 108 80 19
1052 7440 108 80 30
1192 7464 20 68 ;
1264 7440 132 84 2c.
1444 7444 228 80 Nov.
1716 7444 160 92 28;
1932 7448 100 76 af
2028 7448 36 72 f
2076 7512 16 16 .
2140 7448 228 80 Nov.
2420 7448 156 96 25;
2636 7452 76 72 A
2760 7452 328 92 30882;
3148 7452 408 84 Richard
3612 7452 100 84 G.
3772 7456 392 88 Badger.

492 7544 208 96 (30-
700 7548 52 72 3
764 7548 268 96 3232)
3700 7560 52 80 1
3760 7560 52 84 3
3816 7560 172 84 556

2116 7664 264 100 2109
