<?xml version="1.0"?>
<alto xmlns="http://www.loc.gov/standards/alto/ns-v2#" xmlns:xlink="http://www.w3.org/1999/xlink" xmlns:xsi="http://www.w3.org/2001/XMLSchema-instance" xsi:schemaLocation="http://www.loc.gov/standards/alto/ns-v2# http://www.loc.gov/standards/alto/alto-v2.0.xsd">
	<Description>
		<MeasurementUnit>inch1200</MeasurementUnit>
		<sourceImageInformation>
			<fileIdentifier>catalogofcopyri271libr_001-2321.pdf_Page_0251.jpg</fileIdentifier>
		</sourceImageInformation>
		<OCRProcessing ID="OCR1">
			<ocrProcessingStep>
				<processingDateTime>2018-04-20T16:59:22</processingDateTime>
				<processingAgency>Data Conversion Laboratory</processingAgency>
				<processingSoftware>
					<softwareCreator>Prime</softwareCreator>
					<softwareName>Prime OCR</softwareName>
					<softwareVersion>4.40</softwareVersion>
				</processingSoftware>
			</ocrProcessingStep>
			<postProcessingStep>
				<processingDateTime>2018-04-25T17:28:58</processingDateTime>
				<processingAgency>Data Conversion Laboratory</processingAgency>
				<processingStepDescription>PRO -&gt; ALTO</processingStepDescription>
				<processingSoftware>
					<softwareCreator>Data Conversion Laboratory</softwareCreator>
					<softwareName>pro2alto.2018.02.27</softwareName>
					<softwareVersion>2.0</softwareVersion>
				</processingSoftware>
			</postProcessingStep>
		</OCRProcessing>
	</Description>
<Styles>
		<TextStyle ID="Style_1" FONTSIZE="8" FONTTYPE="serif" FONTWIDTH="proportional" FONTSTYLE="bold"/>
		<TextStyle ID="Style_2" FONTSIZE="8" FONTTYPE="serif" FONTWIDTH="proportional"/>
		<TextStyle ID="Style_3" FONTSIZE="7" FONTTYPE="serif" FONTWIDTH="proportional"/>
		<TextStyle ID="Style_4" FONTSIZE="6" FONTTYPE="serif" FONTWIDTH="proportional"/>
		<TextStyle ID="Style_5" FONTSIZE="7" FONTTYPE="sans-serif" FONTWIDTH="fixed" FONTSTYLE="bold underline superscript subscript"/>
		<TextStyle ID="Style_6" FONTSIZE="9" FONTTYPE="serif" FONTWIDTH="proportional"/>
		<TextStyle ID="Style_7" FONTSIZE="8" FONTTYPE="sans-serif" FONTWIDTH="fixed" FONTSTYLE="bold underline superscript subscript"/>
		<TextStyle ID="Style_8" FONTSIZE="7" FONTTYPE="serif" FONTWIDTH="proportional" FONTSTYLE="italics"/>
		<TextStyle ID="Style_9" FONTSIZE="8" FONTTYPE="serif" FONTWIDTH="proportional" FONTSTYLE="italics"/>
		<TextStyle ID="Style_10" FONTSIZE="10" FONTTYPE="serif" FONTWIDTH="proportional"/>
		<TextStyle ID="Style_11" FONTSIZE="9" FONTTYPE="serif" FONTWIDTH="proportional" FONTSTYLE="superscript"/>
		<TextStyle ID="Style_12" FONTSIZE="9" FONTTYPE="serif" FONTWIDTH="proportional" FONTSTYLE="bold"/>
		<TextStyle ID="Style_13" FONTSIZE="7" FONTTYPE="serif" FONTWIDTH="proportional" FONTSTYLE="bold"/>
	</Styles>
	<Layout>
		<Page ID="Page_1" PHYSICAL_IMG_NR="1" HEIGHT="8268" WIDTH="4800">
			<PrintSpace ID="PS_1" HPOS="0" VPOS="0" HEIGHT="8268" WIDTH="4800">
				<TextBlock ID="TB_1.1" HPOS="2144" VPOS="7680" WIDTH="456" HEIGHT="256">
					<TextLine ID="TL_1.1.1" HPOS="2288" VPOS="7696" HEIGHT="108" WIDTH="208">
						<String CONTENT="251" ID="St_1.1.1.1" HPOS="2288" VPOS="7696" HEIGHT="108" WIDTH="208" STYLEREFS="Style_1" WC="1" CC="000"/>
					</TextLine>
				</TextBlock>
				<TextBlock ID="TB_1.2" HPOS="364" VPOS="564" WIDTH="4192" HEIGHT="7068">
					<TextLine ID="TL_1.2.1" HPOS="472" VPOS="664" HEIGHT="132" WIDTH="2508">
						<String CONTENT="Nornabell," ID="St_1.2.1.1" HPOS="472" VPOS="668" HEIGHT="128" WIDTH="652" STYLEREFS="Style_2" WC="1" CC="0000000000"/>
						<SP ID="SP_1.2.1.2" HPOS="1108" VPOS="712" WIDTH="44"/>
						<String CONTENT="Henry" ID="St_1.2.1.3" HPOS="1188" VPOS="672" HEIGHT="120" WIDTH="396" STYLEREFS="Style_2" WC="1" CC="00000"/>
						<SP ID="SP_1.2.1.4" HPOS="1540" VPOS="688" WIDTH="68"/>
						<String CONTENT="Marshall" ID="St_1.2.1.5" HPOS="1640" VPOS="664" HEIGHT="104" WIDTH="556" STYLEREFS="Style_2" WC="1" CC="00000000"/>
						<String CONTENT="&#x0097;" ID="St_1.2.1.6" HPOS="2200" VPOS="728" HEIGHT="12" WIDTH="148" STYLEREFS="Style_3" WC="1" CC="0"/>
						<String CONTENT="Continued" ID="St_1.2.1.7" HPOS="2356" VPOS="664" HEIGHT="108" WIDTH="624" STYLEREFS="Style_3" WC="1" CC="000000000"/>
					</TextLine>
					<TextLine ID="TL_1.2.2" HPOS="600" VPOS="832" HEIGHT="76" WIDTH="548">
						<String CONTENT="Addresses." ID="St_1.2.2.1" HPOS="600" VPOS="832" HEIGHT="76" WIDTH="548" STYLEREFS="Style_3" WC="1" CC="0000000000"/>
					</TextLine>
					<TextLine ID="TL_1.2.3" HPOS="604" VPOS="924" HEIGHT="104" WIDTH="3028">
						<String CONTENT="&quot;Reprinted" ID="St_1.2.3.1" HPOS="604" VPOS="936" HEIGHT="92" WIDTH="568" STYLEREFS="Style_4" WC="1" CC="0000000000"/>
						<SP ID="SP_1.2.3.2" HPOS="1140" VPOS="932" WIDTH="60"/>
						<String CONTENT="from" ID="St_1.2.3.3" HPOS="1232" VPOS="936" HEIGHT="76" WIDTH="252" STYLEREFS="Style_4" WC="1" CC="0000"/>
						<SP ID="SP_1.2.3.4" HPOS="1432" VPOS="940" WIDTH="80"/>
						<String CONTENT="the" ID="St_1.2.3.5" HPOS="1544" VPOS="932" HEIGHT="80" WIDTH="156" STYLEREFS="Style_4" WC="1" CC="000"/>
						<SP ID="SP_1.2.3.6" HPOS="1672" VPOS="940" WIDTH="56"/>
						<String CONTENT="Highlander," ID="St_1.2.3.7" HPOS="1760" VPOS="932" HEIGHT="92" WIDTH="620" STYLEREFS="Style_4" WC="1" CC="00000000000"/>
						<SP ID="SP_1.2.3.8" HPOS="2364" VPOS="956" WIDTH="44"/>
						<String CONTENT="Lake" ID="St_1.2.3.9" HPOS="2444" VPOS="928" HEIGHT="76" WIDTH="252" STYLEREFS="Style_4" WC="1" CC="0000"/>
						<SP ID="SP_1.2.3.10" HPOS="2668" VPOS="936" WIDTH="56"/>
						<String CONTENT="Wales," ID="St_1.2.3.11" HPOS="2756" VPOS="928" HEIGHT="92" WIDTH="344" STYLEREFS="Style_4" WC="1" CC="000000"/>
						<SP ID="SP_1.2.3.12" HPOS="3084" VPOS="956" WIDTH="44"/>
						<String CONTENT="Florida.&quot;" ID="St_1.2.3.13" HPOS="3164" VPOS="924" HEIGHT="80" WIDTH="468" STYLEREFS="Style_4" WC="1" CC="000000000"/>
					</TextLine>
					<TextLine ID="TL_1.2.4" HPOS="608" VPOS="1040" HEIGHT="84" WIDTH="768">
						<String CONTENT="&quot;29th" ID="St_1.2.4.1" HPOS="608" VPOS="1044" HEIGHT="80" WIDTH="276" STYLEREFS="Style_4" WC="1" CC="00000"/>
						<SP ID="SP_1.2.4.2" HPOS="848" VPOS="1040" WIDTH="60"/>
						<String CONTENT="edition.&quot;" ID="St_1.2.4.3" HPOS="940" VPOS="1040" HEIGHT="84" WIDTH="436" STYLEREFS="Style_4" WC="1" CC="000000000"/>
					</TextLine>
					<TextLine ID="TL_1.2.5" HPOS="480" VPOS="1136" HEIGHT="108" WIDTH="3852">
						<String CONTENT="&#x00A9;" ID="St_1.2.5.1" HPOS="480" VPOS="1136" HEIGHT="96" WIDTH="100" STYLEREFS="Style_4" WC="0.555555555555556" CC="4"/>
						<SP ID="SP_1.2.5.2" HPOS="528" VPOS="1136" WIDTH="80"/>
						<String CONTENT="Jan." ID="St_1.2.5.3" HPOS="636" VPOS="1156" HEIGHT="76" WIDTH="212" STYLEREFS="Style_4" WC="0.925555555555556" CC="0000"/>
						<SP ID="SP_1.2.5.4" HPOS="836" VPOS="1180" WIDTH="40"/>
						<String CONTENT="1," ID="St_1.2.5.5" HPOS="904" VPOS="1156" HEIGHT="88" WIDTH="76" STYLEREFS="Style_4" WC="0.95" CC="00"/>
						<SP ID="SP_1.2.5.6" HPOS="968" VPOS="1176" WIDTH="40"/>
						<String CONTENT="1" ID="St_1.2.5.7" HPOS="1036" VPOS="1152" HEIGHT="76" WIDTH="48" STYLEREFS="Style_5" WC="0.958888888888889" CC="0"/>
						<String CONTENT="9" ID="St_1.2.5.8" HPOS="1088" VPOS="1152" HEIGHT="76" WIDTH="48" STYLEREFS="Style_6" WC="0.916666666666667" CC="5"/>
						<String CONTENT="3" ID="St_1.2.5.9" HPOS="1148" VPOS="1152" HEIGHT="76" WIDTH="48" STYLEREFS="Style_6" WC="0.922222222222222" CC="0"/>
						<String CONTENT="0" ID="St_1.2.5.10" HPOS="1204" VPOS="1152" HEIGHT="76" WIDTH="56" STYLEREFS="Style_7" WC="0.927777777777778" CC="0"/>
						<String CONTENT=";" ID="St_1.2.5.11" HPOS="1288" VPOS="1172" HEIGHT="68" WIDTH="16" STYLEREFS="Style_7" WC="0.933333333333333" CC="0"/>
						<SP ID="SP_1.2.5.12" HPOS="1292" VPOS="1152" WIDTH="40"/>
						<String CONTENT="2c." ID="St_1.2.5.13" HPOS="1364" VPOS="1152" HEIGHT="76" WIDTH="128" STYLEREFS="Style_7" WC="0.946666666666667" CC="000"/>
						<SP ID="SP_1.2.5.14" HPOS="1480" VPOS="1176" WIDTH="40"/>
						<String CONTENT="and" ID="St_1.2.5.15" HPOS="1552" VPOS="1152" HEIGHT="76" WIDTH="184" STYLEREFS="Style_7" WC="0.955555555555556" CC="000"/>
						<SP ID="SP_1.2.5.16" HPOS="1704" VPOS="1148" WIDTH="60"/>
						<String CONTENT="aff." ID="St_1.2.5.17" HPOS="1792" VPOS="1148" HEIGHT="80" WIDTH="156" STYLEREFS="Style_7" WC="0.963333333333333" CC="0000"/>
						<SP ID="SP_1.2.5.18" HPOS="1936" VPOS="1176" WIDTH="40"/>
						<String CONTENT="Jan." ID="St_1.2.5.19" HPOS="2008" VPOS="1148" HEIGHT="76" WIDTH="208" STYLEREFS="Style_7" WC="0.968888888888889" CC="0000"/>
						<SP ID="SP_1.2.5.20" HPOS="2204" VPOS="1176" WIDTH="36"/>
						<String CONTENT="25;" ID="St_1.2.5.21" HPOS="2272" VPOS="1144" HEIGHT="92" WIDTH="160" STYLEREFS="Style_7" WC="0.96" CC="040"/>
						<SP ID="SP_1.2.5.22" HPOS="2420" VPOS="1156" WIDTH="40"/>
						<String CONTENT="A" ID="St_1.2.5.23" HPOS="2492" VPOS="1144" HEIGHT="76" WIDTH="80" STYLEREFS="Style_7" WC="0.962222222222222" CC="0"/>
						<SP ID="SP_1.2.5.24" HPOS="2528" VPOS="1144" WIDTH="68"/>
						<String CONTENT="18514;" ID="St_1.2.5.25" HPOS="2624" VPOS="1144" HEIGHT="88" WIDTH="332" STYLEREFS="Style_7" WC="0.967777777777778" CC="000000"/>
						<SP ID="SP_1.2.5.26" HPOS="2944" VPOS="1156" WIDTH="40"/>
						<String CONTENT="Highlander" ID="St_1.2.5.27" HPOS="3020" VPOS="1140" HEIGHT="96" WIDTH="596" STYLEREFS="Style_7" WC="0.974444444444444" CC="0000000000"/>
						<SP ID="SP_1.2.5.28" HPOS="3588" VPOS="1156" WIDTH="52"/>
						<String CONTENT="pub." ID="St_1.2.5.29" HPOS="3668" VPOS="1144" HEIGHT="92" WIDTH="204" STYLEREFS="Style_7" WC="0.968888888888889" CC="0004"/>
						<SP ID="SP_1.2.5.30" HPOS="3864" VPOS="1176" WIDTH="44"/>
						<String CONTENT="co.," ID="St_1.2.5.31" HPOS="3940" VPOS="1160" HEIGHT="72" WIDTH="156" STYLEREFS="Style_7" WC="0.963333333333333" CC="0005"/>
						<SP ID="SP_1.2.5.32" HPOS="4080" VPOS="1172" WIDTH="44"/>
						<String CONTENT="inc." ID="St_1.2.5.33" HPOS="4156" VPOS="1140" HEIGHT="76" WIDTH="176" STYLEREFS="Style_7" WC="0.965555555555556" CC="0000"/>
					</TextLine>
					<TextLine ID="TL_1.2.6" HPOS="632" VPOS="1244" HEIGHT="116" WIDTH="3548">
						<String CONTENT="(30-6" ID="St_1.2.6.1" HPOS="632" VPOS="1256" HEIGHT="104" WIDTH="264" STYLEREFS="Style_7" WC="0.822222222222222" CC="00044"/>
						<String CONTENT="0" ID="St_1.2.6.2" HPOS="900" VPOS="1256" HEIGHT="80" WIDTH="56" STYLEREFS="Style_7" WC="0.758888888888889" CC="5"/>
						<String CONTENT="40)" ID="St_1.2.6.3" HPOS="964" VPOS="1264" HEIGHT="92" WIDTH="156" STYLEREFS="Style_7" WC="0.838888888888889" CC="000"/>
						<SP ID="SP_1.2.6.4" HPOS="1100" VPOS="1256" WIDTH="2848"/>
						<String CONTENT="1625" ID="St_1.2.6.5" HPOS="3948" VPOS="1244" HEIGHT="84" WIDTH="232" STYLEREFS="Style_7" WC="0.637777777777778" CC="0000"/>
					</TextLine>
					<TextLine ID="TL_1.2.7" HPOS="472" VPOS="1440" HEIGHT="132" WIDTH="2232">
						<String CONTENT="North" ID="St_1.2.7.1" HPOS="472" VPOS="1440" HEIGHT="104" WIDTH="384" STYLEREFS="Style_7" WC="1" CC="00000"/>
						<SP ID="SP_1.2.7.2" HPOS="812" VPOS="1440" WIDTH="72"/>
						<String CONTENT="Dakota." ID="St_1.2.7.3" HPOS="916" VPOS="1440" HEIGHT="100" WIDTH="488" STYLEREFS="Style_7" WC="1" CC="0000000"/>
						<SP ID="SP_1.2.7.4" HPOS="1384" VPOS="1480" WIDTH="84"/>
						<String CONTENT="La" ID="St_1.2.7.5" HPOS="1544" VPOS="1444" HEIGHT="96" WIDTH="168" STYLEREFS="Style_8" WC="1" CC="00"/>
						<String CONTENT="ws" ID="St_1.2.7.6" HPOS="1724" VPOS="1476" HEIGHT="64" WIDTH="144" STYLEREFS="Style_9" WC="1" CC="00"/>
						<String CONTENT="," ID="St_1.2.7.7" HPOS="1880" VPOS="1528" HEIGHT="44" WIDTH="24" STYLEREFS="Style_9" WC="1" CC="0"/>
						<SP ID="SP_1.2.7.8" HPOS="1888" VPOS="1488" WIDTH="40"/>
						<String CONTENT="statutes," ID="St_1.2.7.9" HPOS="1956" VPOS="1448" HEIGHT="124" WIDTH="496" STYLEREFS="Style_9" WC="1" CC="000000000"/>
						<SP ID="SP_1.2.7.10" HPOS="2436" VPOS="1484" WIDTH="44"/>
						<String CONTENT="etc." ID="St_1.2.7.11" HPOS="2512" VPOS="1448" HEIGHT="96" WIDTH="192" STYLEREFS="Style_9" WC="1" CC="0000"/>
					</TextLine>
					<TextLine ID="TL_1.2.8" HPOS="616" VPOS="1584" HEIGHT="140" WIDTH="3732">
						<String CONTENT="Laws" ID="St_1.2.8.1" HPOS="616" VPOS="1596" HEIGHT="100" WIDTH="316" STYLEREFS="Style_9" WC="1" CC="0000"/>
						<SP ID="SP_1.2.8.2" HPOS="904" VPOS="1616" WIDTH="68"/>
						<String CONTENT="passed" ID="St_1.2.8.3" HPOS="1020" VPOS="1596" HEIGHT="128" WIDTH="392" STYLEREFS="Style_9" WC="1" CC="000000"/>
						<SP ID="SP_1.2.8.4" HPOS="1372" VPOS="1596" WIDTH="80"/>
						<String CONTENT="at" ID="St_1.2.8.5" HPOS="1500" VPOS="1604" HEIGHT="92" WIDTH="112" STYLEREFS="Style_9" WC="1" CC="00"/>
						<SP ID="SP_1.2.8.6" HPOS="1584" VPOS="1600" WIDTH="68"/>
						<String CONTENT="the" ID="St_1.2.8.7" HPOS="1696" VPOS="1592" HEIGHT="100" WIDTH="184" STYLEREFS="Style_9" WC="1" CC="000"/>
						<SP ID="SP_1.2.8.8" HPOS="1848" VPOS="1612" WIDTH="72"/>
						<String CONTENT="twenty-first" ID="St_1.2.8.9" HPOS="1964" VPOS="1584" HEIGHT="140" WIDTH="708" STYLEREFS="Style_9" WC="1" CC="000000000000"/>
						<SP ID="SP_1.2.8.10" HPOS="2648" VPOS="1596" WIDTH="68"/>
						<String CONTENT="se" ID="St_1.2.8.11" HPOS="2764" VPOS="1624" HEIGHT="64" WIDTH="104" STYLEREFS="Style_9" WC="1" CC="00"/>
						<String CONTENT="s" ID="St_1.2.8.12" HPOS="2876" VPOS="1636" HEIGHT="52" WIDTH="48" STYLEREFS="Style_10" WC="0.983333333333333" CC="5"/>
						<String CONTENT="sion" ID="St_1.2.8.13" HPOS="2932" VPOS="1588" HEIGHT="100" WIDTH="240" STYLEREFS="Style_10" WC="0.985555555555556" CC="0000"/>
						<SP ID="SP_1.2.8.14" HPOS="3132" VPOS="1608" WIDTH="80"/>
						<String CONTENT="of" ID="St_1.2.8.15" HPOS="3256" VPOS="1588" HEIGHT="100" WIDTH="124" STYLEREFS="Style_10" WC="0.986666666666667" CC="00"/>
						<SP ID="SP_1.2.8.16" HPOS="3348" VPOS="1592" WIDTH="68"/>
						<String CONTENT="the" ID="St_1.2.8.17" HPOS="3460" VPOS="1588" HEIGHT="100" WIDTH="184" STYLEREFS="Style_10" WC="0.987777777777778" CC="000"/>
						<SP ID="SP_1.2.8.18" HPOS="3612" VPOS="1608" WIDTH="68"/>
						<String CONTENT="l" ID="St_1.2.8.19" HPOS="3732" VPOS="1588" HEIGHT="96" WIDTH="40" STYLEREFS="Style_10" WC="0.987777777777778" CC="0"/>
						<String CONTENT="egi" ID="St_1.2.8.20" HPOS="3776" VPOS="1588" HEIGHT="132" WIDTH="172" STYLEREFS="Style_10" WC="0.988888888888889" CC="000"/>
						<String CONTENT="slat" ID="St_1.2.8.21" HPOS="3948" VPOS="1592" HEIGHT="112" WIDTH="228" STYLEREFS="Style_10" WC="0.965555555555556" CC="4440"/>
						<String CONTENT="ive" ID="St_1.2.8.22" HPOS="4144" VPOS="1592" HEIGHT="92" WIDTH="204" STYLEREFS="Style_10" WC="0.953333333333333" CC="511"/>
					</TextLine>
					<TextLine ID="TL_1.2.9" HPOS="484" VPOS="1736" HEIGHT="140" WIDTH="3864">
						<String CONTENT="assembly" ID="St_1.2.9.1" HPOS="484" VPOS="1744" HEIGHT="132" WIDTH="536" STYLEREFS="Style_10" WC="1" CC="00000000"/>
						<SP ID="SP_1.2.9.2" HPOS="980" VPOS="1764" WIDTH="76"/>
						<String CONTENT="of" ID="St_1.2.9.3" HPOS="1100" VPOS="1744" HEIGHT="100" WIDTH="128" STYLEREFS="Style_10" WC="1" CC="00"/>
						<SP ID="SP_1.2.9.4" HPOS="1196" VPOS="1744" WIDTH="68"/>
						<String CONTENT="the" ID="St_1.2.9.5" HPOS="1308" VPOS="1744" HEIGHT="100" WIDTH="184" STYLEREFS="Style_10" WC="1" CC="000"/>
						<SP ID="SP_1.2.9.6" HPOS="1460" VPOS="1764" WIDTH="72"/>
						<String CONTENT="state" ID="St_1.2.9.7" HPOS="1576" VPOS="1752" HEIGHT="92" WIDTH="276" STYLEREFS="Style_10" WC="1" CC="00000"/>
						<SP ID="SP_1.2.9.8" HPOS="1824" VPOS="1764" WIDTH="68"/>
						<String CONTENT="of" ID="St_1.2.9.9" HPOS="1936" VPOS="1744" HEIGHT="100" WIDTH="124" STYLEREFS="Style_10" WC="1" CC="00"/>
						<SP ID="SP_1.2.9.10" HPOS="2028" VPOS="1744" WIDTH="72"/>
						<String CONTENT="North" ID="St_1.2.9.11" HPOS="2144" VPOS="1740" HEIGHT="100" WIDTH="360" STYLEREFS="Style_10" WC="1" CC="00000"/>
						<SP ID="SP_1.2.9.12" HPOS="2464" VPOS="1744" WIDTH="80"/>
						<String CONTENT="Dakota," ID="St_1.2.9.13" HPOS="2588" VPOS="1736" HEIGHT="108" WIDTH="484" STYLEREFS="Style_10" WC="0.984444444444444" CC="0000005"/>
						<SP ID="SP_1.2.9.14" HPOS="3052" VPOS="1784" WIDTH="52"/>
						<String CONTENT="begun" ID="St_1.2.9.15" HPOS="3148" VPOS="1740" HEIGHT="128" WIDTH="364" STYLEREFS="Style_10" WC="0.986666666666667" CC="00000"/>
						<SP ID="SP_1.2.9.16" HPOS="3472" VPOS="1760" WIDTH="80"/>
						<String CONTENT="and" ID="St_1.2.9.17" HPOS="3596" VPOS="1736" HEIGHT="104" WIDTH="224" STYLEREFS="Style_10" WC="0.987777777777778" CC="000"/>
						<SP ID="SP_1.2.9.18" HPOS="3776" VPOS="1740" WIDTH="80"/>
						<String CONTENT="held" ID="St_1.2.9.19" HPOS="3896" VPOS="1736" HEIGHT="104" WIDTH="256" STYLEREFS="Style_10" WC="0.988888888888889" CC="0000"/>
						<SP ID="SP_1.2.9.20" HPOS="4112" VPOS="1740" WIDTH="80"/>
						<String CONTENT="at" ID="St_1.2.9.21" HPOS="4236" VPOS="1744" HEIGHT="88" WIDTH="112" STYLEREFS="Style_10" WC="0.99" CC="00"/>
					</TextLine>
					<TextLine ID="TL_1.2.10" HPOS="484" VPOS="1888" HEIGHT="136" WIDTH="3868">
						<String CONTENT="Bismar" ID="St_1.2.10.1" HPOS="484" VPOS="1896" HEIGHT="100" WIDTH="444" STYLEREFS="Style_10" WC="1" CC="000000"/>
						<String CONTENT="c" ID="St_1.2.10.2" HPOS="932" VPOS="1928" HEIGHT="68" WIDTH="52" STYLEREFS="Style_10" WC="0.935555555555556" CC="4"/>
						<String CONTENT="k" ID="St_1.2.10.3" HPOS="988" VPOS="1892" HEIGHT="100" WIDTH="76" STYLEREFS="Style_10" WC="0.944444444444444" CC="0"/>
						<SP ID="SP_1.2.10.4" HPOS="1020" VPOS="1896" WIDTH="68"/>
						<String CONTENT="&#x0085;" ID="St_1.2.10.5" HPOS="1124" VPOS="1896" HEIGHT="112" WIDTH="68" STYLEREFS="Style_10" WC="0.955555555555556" CC="0"/>
						<SP ID="SP_1.2.10.6" HPOS="1216" VPOS="1960" WIDTH="40"/>
						<String CONTENT="on" ID="St_1.2.10.7" HPOS="1292" VPOS="1928" HEIGHT="68" WIDTH="136" STYLEREFS="Style_10" WC="0.965555555555556" CC="00"/>
						<SP ID="SP_1.2.10.8" HPOS="1388" VPOS="1912" WIDTH="60"/>
						<String CONTENT="Tuesday," ID="St_1.2.10.9" HPOS="1480" VPOS="1892" HEIGHT="128" WIDTH="548" STYLEREFS="Style_10" WC="0.978888888888889" CC="00000000"/>
						<SP ID="SP_1.2.10.10" HPOS="2012" VPOS="1936" WIDTH="36"/>
						<String CONTENT="the" ID="St_1.2.10.11" HPOS="2076" VPOS="1892" HEIGHT="100" WIDTH="188" STYLEREFS="Style_10" WC="0.982222222222222" CC="000"/>
						<SP ID="SP_1.2.10.12" HPOS="2228" VPOS="1912" WIDTH="56"/>
						<String CONTENT="eighth" ID="St_1.2.10.13" HPOS="2312" VPOS="1888" HEIGHT="132" WIDTH="384" STYLEREFS="Style_10" WC="0.985555555555556" CC="000000"/>
						<SP ID="SP_1.2.10.14" HPOS="2656" VPOS="1892" WIDTH="64"/>
						<String CONTENT="day" ID="St_1.2.10.15" HPOS="2748" VPOS="1892" HEIGHT="132" WIDTH="220" STYLEREFS="Style_10" WC="0.987777777777778" CC="000"/>
						<SP ID="SP_1.2.10.16" HPOS="2924" VPOS="1912" WIDTH="64"/>
						<String CONTENT="of" ID="St_1.2.10.17" HPOS="3020" VPOS="1888" HEIGHT="104" WIDTH="120" STYLEREFS="Style_10" WC="0.988888888888889" CC="00"/>
						<SP ID="SP_1.2.10.18" HPOS="3108" VPOS="1892" WIDTH="52"/>
						<String CONTENT="January," ID="St_1.2.10.19" HPOS="3188" VPOS="1888" HEIGHT="132" WIDTH="544" STYLEREFS="Style_10" WC="0.99" CC="00000000"/>
						<SP ID="SP_1.2.10.20" HPOS="3716" VPOS="1936" WIDTH="40"/>
						<String CONTENT="1929," ID="St_1.2.10.21" HPOS="3788" VPOS="1892" HEIGHT="124" WIDTH="296" STYLEREFS="Style_10" WC="0.991111111111111" CC="00000"/>
						<SP ID="SP_1.2.10.22" HPOS="4068" VPOS="1936" WIDTH="40"/>
						<String CONTENT="and" ID="St_1.2.10.23" HPOS="4136" VPOS="1888" HEIGHT="100" WIDTH="216" STYLEREFS="Style_10" WC="0.992222222222222" CC="000"/>
					</TextLine>
					<TextLine ID="TL_1.2.11" HPOS="476" VPOS="2036" HEIGHT="140" WIDTH="3876">
						<String CONTENT="conc" ID="St_1.2.11.1" HPOS="476" VPOS="2080" HEIGHT="68" WIDTH="260" STYLEREFS="Style_10" WC="1" CC="0000"/>
						<String CONTENT="l" ID="St_1.2.11.2" HPOS="744" VPOS="2048" HEIGHT="96" WIDTH="40" STYLEREFS="Style_10" WC="1" CC="0"/>
						<String CONTENT="uding" ID="St_1.2.11.3" HPOS="784" VPOS="2044" HEIGHT="132" WIDTH="352" STYLEREFS="Style_10" WC="1" CC="00000"/>
						<SP ID="SP_1.2.11.4" HPOS="1096" VPOS="2068" WIDTH="72"/>
						<String CONTENT="Ma" ID="St_1.2.11.5" HPOS="1204" VPOS="2044" HEIGHT="100" WIDTH="188" STYLEREFS="Style_10" WC="1" CC="00"/>
						<String CONTENT="rch" ID="St_1.2.11.6" HPOS="1408" VPOS="2044" HEIGHT="100" WIDTH="184" STYLEREFS="Style_10" WC="0.951111111111111" CC="313"/>
						<SP ID="SP_1.2.11.7" HPOS="1552" VPOS="2052" WIDTH="72"/>
						<String CONTENT="eighth." ID="St_1.2.11.8" HPOS="1664" VPOS="2044" HEIGHT="128" WIDTH="420" STYLEREFS="Style_10" WC="0.966666666666667" CC="0000000"/>
						<SP ID="SP_1.2.11.9" HPOS="2064" VPOS="2088" WIDTH="52"/>
						<String CONTENT="19" ID="St_1.2.11.10" HPOS="2156" VPOS="2048" HEIGHT="92" WIDTH="120" STYLEREFS="Style_10" WC="0.971111111111111" CC="00"/>
						<String CONTENT="2" ID="St_1.2.11.11" HPOS="2284" VPOS="2052" HEIGHT="88" WIDTH="60" STYLEREFS="Style_10" WC="0.952222222222222" CC="5"/>
						<String CONTENT="9." ID="St_1.2.11.12" HPOS="2360" VPOS="2048" HEIGHT="92" WIDTH="88" STYLEREFS="Style_10" WC="0.955555555555556" CC="00"/>
						<SP ID="SP_1.2.11.13" HPOS="2432" VPOS="2084" WIDTH="92"/>
						<String CONTENT="[" ID="St_1.2.11.14" HPOS="2608" VPOS="2104" HEIGHT="60" WIDTH="20" STYLEREFS="Style_10" WC="0.933333333333333" CC="7"/>
						<String CONTENT="B" ID="St_1.2.11.15" HPOS="2644" VPOS="2044" HEIGHT="96" WIDTH="88" STYLEREFS="Style_10" WC="0.922222222222222" CC="4"/>
						<String CONTENT="ismarck," ID="St_1.2.11.16" HPOS="2752" VPOS="2036" HEIGHT="120" WIDTH="508" STYLEREFS="Style_10" WC="0.902222222222222" CC="00031414"/>
						<SP ID="SP_1.2.11.17" HPOS="3240" VPOS="2084" WIDTH="48"/>
						<String CONTENT="N" ID="St_1.2.11.18" HPOS="3320" VPOS="2044" HEIGHT="96" WIDTH="100" STYLEREFS="Style_10" WC="0.895555555555556" CC="3"/>
						<String CONTENT="." ID="St_1.2.11.19" HPOS="3440" VPOS="2124" HEIGHT="16" WIDTH="16" STYLEREFS="Style_10" WC="0.898888888888889" CC="0"/>
						<SP ID="SP_1.2.11.20" HPOS="3444" VPOS="2088" WIDTH="48"/>
						<String CONTENT="D.," ID="St_1.2.11.21" HPOS="3532" VPOS="2040" HEIGHT="132" WIDTH="172" STYLEREFS="Style_10" WC="0.906666666666667" CC="000"/>
						<SP ID="SP_1.2.11.22" HPOS="3684" VPOS="2088" WIDTH="48"/>
						<String CONTENT="Bismarck" ID="St_1.2.11.23" HPOS="3772" VPOS="2036" HEIGHT="100" WIDTH="580" STYLEREFS="Style_10" WC="0.913333333333333" CC="00000031"/>
					</TextLine>
					<TextLine ID="TL_1.2.12" HPOS="484" VPOS="2192" HEIGHT="132" WIDTH="1080">
						<String CONTENT="Tribune" ID="St_1.2.12.1" HPOS="484" VPOS="2192" HEIGHT="104" WIDTH="480" STYLEREFS="Style_10" WC="1" CC="0000000"/>
						<SP ID="SP_1.2.12.2" HPOS="936" VPOS="2216" WIDTH="56"/>
						<String CONTENT="co.," ID="St_1.2.12.3" HPOS="1024" VPOS="2228" HEIGHT="96" WIDTH="188" STYLEREFS="Style_10" WC="1" CC="0000"/>
						<SP ID="SP_1.2.12.4" HPOS="1196" VPOS="2236" WIDTH="44"/>
						<String CONTENT="192" ID="St_1.2.12.5" HPOS="1272" VPOS="2200" HEIGHT="96" WIDTH="188" STYLEREFS="Style_10" WC="1" CC="000"/>
						<String CONTENT="9" ID="St_1.2.12.6" HPOS="1472" VPOS="2200" HEIGHT="92" WIDTH="56" STYLEREFS="Style_10" WC="0.973333333333333" CC="4"/>
						<String CONTENT="]" ID="St_1.2.12.7" HPOS="1540" VPOS="2256" HEIGHT="64" WIDTH="24" STYLEREFS="Style_10" WC="0.925555555555556" CC="8"/>
					</TextLine>
					<TextLine ID="TL_1.2.13" HPOS="608" VPOS="2348" HEIGHT="96" WIDTH="1272">
						<String CONTENT="x" ID="St_1.2.13.1" HPOS="608" VPOS="2372" HEIGHT="56" WIDTH="60" STYLEREFS="Style_10" WC="1" CC="0"/>
						<String CONTENT="i" ID="St_1.2.13.2" HPOS="676" VPOS="2348" HEIGHT="80" WIDTH="36" STYLEREFS="Style_10" WC="1" CC="0"/>
						<String CONTENT="v" ID="St_1.2.13.3" HPOS="712" VPOS="2372" HEIGHT="56" WIDTH="60" STYLEREFS="Style_10" WC="1" CC="0"/>
						<String CONTENT="," ID="St_1.2.13.4" HPOS="776" VPOS="2412" HEIGHT="32" WIDTH="20" STYLEREFS="Style_10" WC="1" CC="0"/>
						<SP ID="SP_1.2.13.5" HPOS="780" VPOS="2372" WIDTH="44"/>
						<String CONTENT="441" ID="St_1.2.13.6" HPOS="856" VPOS="2352" HEIGHT="76" WIDTH="168" STYLEREFS="Style_10" WC="1" CC="000"/>
						<SP ID="SP_1.2.13.7" HPOS="996" VPOS="2348" WIDTH="56"/>
						<String CONTENT="p." ID="St_1.2.13.8" HPOS="1084" VPOS="2368" HEIGHT="76" WIDTH="88" STYLEREFS="Style_10" WC="1" CC="00"/>
						<SP ID="SP_1.2.13.9" HPOS="1156" VPOS="2380" WIDTH="68"/>
						<String CONTENT="23&#x00BD;&#x0368;&#x036b;." ID="St_1.2.13.10" HPOS="1284" VPOS="2348" HEIGHT="88" WIDTH="596" STYLEREFS="Style_10" WC="0.968888888888889" CC="000005"/>
					</TextLine>
					<TextLine ID="TL_1.2.14" HPOS="484" VPOS="2452" HEIGHT="100" WIDTH="3852">
						<String CONTENT="&#x00A9;" ID="St_1.2.14.1" HPOS="484" VPOS="2456" HEIGHT="88" WIDTH="92" STYLEREFS="Style_10" WC="0.222222222222222" CC="7"/>
						<SP ID="SP_1.2.14.2" HPOS="528" VPOS="2452" WIDTH="80"/>
						<String CONTENT="July" ID="St_1.2.14.3" HPOS="636" VPOS="2460" HEIGHT="92" WIDTH="224" STYLEREFS="Style_10" WC="0.795555555555556" CC="0000"/>
						<SP ID="SP_1.2.14.4" HPOS="828" VPOS="2472" WIDTH="52"/>
						<String CONTENT="23," ID="St_1.2.14.5" HPOS="904" VPOS="2456" HEIGHT="96" WIDTH="136" STYLEREFS="Style_10" WC="0.877777777777778" CC="000"/>
						<SP ID="SP_1.2.14.6" HPOS="1028" VPOS="2496" WIDTH="32"/>
						<String CONTENT="192" ID="St_1.2.14.7" HPOS="1088" VPOS="2456" HEIGHT="80" WIDTH="172" STYLEREFS="Style_10" WC="0.912222222222222" CC="000"/>
						<String CONTENT="9" ID="St_1.2.14.8" HPOS="1256" VPOS="2456" HEIGHT="76" WIDTH="56" STYLEREFS="Style_10" WC="0.881111111111111" CC="5"/>
						<String CONTENT=";" ID="St_1.2.14.9" HPOS="1348" VPOS="2480" HEIGHT="68" WIDTH="16" STYLEREFS="Style_10" WC="0.888888888888889" CC="0"/>
						<SP ID="SP_1.2.14.10" HPOS="1352" VPOS="2472" WIDTH="36"/>
						<String CONTENT="2" ID="St_1.2.14.11" HPOS="1416" VPOS="2456" HEIGHT="76" WIDTH="52" STYLEREFS="Style_11" WC="0.901111111111111" CC="0"/>
						<String CONTENT="c" ID="St_1.2.14.12" HPOS="1468" VPOS="2472" HEIGHT="68" WIDTH="48" STYLEREFS="Style_11" WC="0.876666666666667" CC="5"/>
						<String CONTENT="." ID="St_1.2.14.13" HPOS="1532" VPOS="2520" HEIGHT="16" WIDTH="12" STYLEREFS="Style_11" WC="0.883333333333333" CC="0"/>
						<SP ID="SP_1.2.14.14" HPOS="1532" VPOS="2492" WIDTH="36"/>
						<String CONTENT="July" ID="St_1.2.14.15" HPOS="1596" VPOS="2456" HEIGHT="92" WIDTH="224" STYLEREFS="Style_11" WC="0.888888888888889" CC="0400"/>
						<SP ID="SP_1.2.14.16" HPOS="1784" VPOS="2472" WIDTH="56"/>
						<String CONTENT="27;" ID="St_1.2.14.17" HPOS="1868" VPOS="2460" HEIGHT="88" WIDTH="160" STYLEREFS="Style_11" WC="0.903333333333333" CC="000"/>
						<SP ID="SP_1.2.14.18" HPOS="2012" VPOS="2472" WIDTH="40"/>
						<String CONTENT="a" ID="St_1.2.14.19" HPOS="2084" VPOS="2476" HEIGHT="56" WIDTH="48" STYLEREFS="Style_11" WC="0.895555555555556" CC="4"/>
						<String CONTENT="f" ID="St_1.2.14.20" HPOS="2144" VPOS="2456" HEIGHT="72" WIDTH="40" STYLEREFS="Style_11" WC="0.898888888888889" CC="0"/>
						<String CONTENT="f" ID="St_1.2.14.21" HPOS="2168" VPOS="2456" HEIGHT="72" WIDTH="52" STYLEREFS="Style_11" WC="0.902222222222222" CC="0"/>
						<String CONTENT="." ID="St_1.2.14.22" HPOS="2228" VPOS="2516" HEIGHT="20" WIDTH="16" STYLEREFS="Style_11" WC="0.904444444444445" CC="0"/>
						<SP ID="SP_1.2.14.23" HPOS="2228" VPOS="2496" WIDTH="36"/>
						<String CONTENT="Jan." ID="St_1.2.14.24" HPOS="2296" VPOS="2456" HEIGHT="80" WIDTH="216" STYLEREFS="Style_11" WC="0.916666666666667" CC="0000"/>
						<SP ID="SP_1.2.14.25" HPOS="2496" VPOS="2492" WIDTH="36"/>
						<String CONTENT="24," ID="St_1.2.14.26" HPOS="2556" VPOS="2456" HEIGHT="92" WIDTH="136" STYLEREFS="Style_11" WC="0.924444444444444" CC="000"/>
						<SP ID="SP_1.2.14.27" HPOS="2680" VPOS="2492" WIDTH="36"/>
						<String CONTENT="1930;" ID="St_1.2.14.28" HPOS="2744" VPOS="2452" HEIGHT="92" WIDTH="276" STYLEREFS="Style_11" WC="0.933333333333333" CC="00000"/>
						<SP ID="SP_1.2.14.29" HPOS="3004" VPOS="2472" WIDTH="36"/>
						<String CONTENT="A" ID="St_1.2.14.30" HPOS="3072" VPOS="2456" HEIGHT="72" WIDTH="84" STYLEREFS="Style_11" WC="0.936666666666667" CC="0"/>
						<SP ID="SP_1.2.14.31" HPOS="3108" VPOS="2460" WIDTH="68"/>
						<String CONTENT="193" ID="St_1.2.14.32" HPOS="3204" VPOS="2452" HEIGHT="80" WIDTH="164" STYLEREFS="Style_11" WC="0.941111111111111" CC="000"/>
						<String CONTENT="36" ID="St_1.2.14.33" HPOS="3372" VPOS="2452" HEIGHT="80" WIDTH="112" STYLEREFS="Style_11" WC="0.935555555555556" CC="31"/>
						<String CONTENT=";" ID="St_1.2.14.34" HPOS="3516" VPOS="2472" HEIGHT="72" WIDTH="20" STYLEREFS="Style_11" WC="0.936666666666667" CC="0"/>
						<SP ID="SP_1.2.14.35" HPOS="3520" VPOS="2468" WIDTH="40"/>
						<String CONTENT="Robert" ID="St_1.2.14.36" HPOS="3592" VPOS="2452" HEIGHT="76" WIDTH="352" STYLEREFS="Style_11" WC="0.943333333333333" CC="000000"/>
						<SP ID="SP_1.2.14.37" HPOS="3920" VPOS="2460" WIDTH="48"/>
						<String CONTENT="Byrne," ID="St_1.2.14.38" HPOS="4000" VPOS="2456" HEIGHT="92" WIDTH="336" STYLEREFS="Style_11" WC="0.948888888888889" CC="000000"/>
					</TextLine>
					<TextLine ID="TL_1.2.15" HPOS="616" VPOS="2560" HEIGHT="100" WIDTH="3504">
						<String CONTENT="secretary" ID="St_1.2.15.1" HPOS="616" VPOS="2572" HEIGHT="88" WIDTH="480" STYLEREFS="Style_11" WC="1" CC="000000000"/>
						<SP ID="SP_1.2.15.2" HPOS="1064" VPOS="2572" WIDTH="56"/>
						<String CONTENT="of" ID="St_1.2.15.3" HPOS="1148" VPOS="2568" HEIGHT="76" WIDTH="104" STYLEREFS="Style_11" WC="1" CC="00"/>
						<SP ID="SP_1.2.15.4" HPOS="1224" VPOS="2560" WIDTH="52"/>
						<String CONTENT="state" ID="St_1.2.15.5" HPOS="1304" VPOS="2572" HEIGHT="72" WIDTH="252" STYLEREFS="Style_11" WC="1" CC="00000"/>
						<SP ID="SP_1.2.15.6" HPOS="1528" VPOS="2572" WIDTH="52"/>
						<String CONTENT="of" ID="St_1.2.15.7" HPOS="1604" VPOS="2568" HEIGHT="76" WIDTH="108" STYLEREFS="Style_11" WC="1" CC="00"/>
						<SP ID="SP_1.2.15.8" HPOS="1684" VPOS="2560" WIDTH="52"/>
						<String CONTENT="the" ID="St_1.2.15.9" HPOS="1760" VPOS="2564" HEIGHT="80" WIDTH="164" STYLEREFS="Style_11" WC="1" CC="000"/>
						<SP ID="SP_1.2.15.10" HPOS="1892" VPOS="2568" WIDTH="56"/>
						<String CONTENT="state" ID="St_1.2.15.11" HPOS="1976" VPOS="2572" HEIGHT="72" WIDTH="252" STYLEREFS="Style_11" WC="1" CC="00000"/>
						<SP ID="SP_1.2.15.12" HPOS="2200" VPOS="2572" WIDTH="52"/>
						<String CONTENT="of" ID="St_1.2.15.13" HPOS="2280" VPOS="2564" HEIGHT="80" WIDTH="104" STYLEREFS="Style_11" WC="1" CC="00"/>
						<SP ID="SP_1.2.15.14" HPOS="2356" VPOS="2560" WIDTH="52"/>
						<String CONTENT="North" ID="St_1.2.15.15" HPOS="2432" VPOS="2564" HEIGHT="80" WIDTH="308" STYLEREFS="Style_11" WC="1" CC="00000"/>
						<SP ID="SP_1.2.15.16" HPOS="2704" VPOS="2560" WIDTH="64"/>
						<String CONTENT="Dakota," ID="St_1.2.15.17" HPOS="2796" VPOS="2564" HEIGHT="92" WIDTH="404" STYLEREFS="Style_11" WC="0.99" CC="4000000"/>
						<SP ID="SP_1.2.15.18" HPOS="3188" VPOS="2588" WIDTH="40"/>
						<String CONTENT="Bismarck," ID="St_1.2.15.19" HPOS="3260" VPOS="2560" HEIGHT="96" WIDTH="524" STYLEREFS="Style_11" WC="0.992222222222222" CC="000000000"/>
						<SP ID="SP_1.2.15.20" HPOS="3768" VPOS="2588" WIDTH="44"/>
						<String CONTENT="N." ID="St_1.2.15.21" HPOS="3844" VPOS="2564" HEIGHT="76" WIDTH="108" STYLEREFS="Style_11" WC="0.992222222222222" CC="00"/>
						<SP ID="SP_1.2.15.22" HPOS="3940" VPOS="2588" WIDTH="40"/>
						<String CONTENT="D." ID="St_1.2.15.23" HPOS="4052" VPOS="2564" HEIGHT="88" WIDTH="68" STYLEREFS="Style_11" WC="0.991111111111111" CC="01"/>
					</TextLine>
					<TextLine ID="TL_1.2.16" HPOS="3952" VPOS="2668" HEIGHT="80" WIDTH="232">
						<String CONTENT="1626" ID="St_1.2.16.1" HPOS="3952" VPOS="2668" HEIGHT="80" WIDTH="232" STYLEREFS="Style_11" WC="1" CC="0000"/>
					</TextLine>
					<TextLine ID="TL_1.2.17" HPOS="488" VPOS="2848" HEIGHT="144" WIDTH="3868">
						<String CONTENT="O" ID="St_1.2.17.1" HPOS="488" VPOS="2856" HEIGHT="100" WIDTH="88" STYLEREFS="Style_11" WC="1" CC="0"/>
						<String CONTENT="hi" ID="St_1.2.17.2" HPOS="584" VPOS="2852" HEIGHT="104" WIDTH="120" STYLEREFS="Style_11" WC="1" CC="00"/>
						<String CONTENT="o" ID="St_1.2.17.3" HPOS="712" VPOS="2888" HEIGHT="68" WIDTH="64" STYLEREFS="Style_11" WC="1" CC="0"/>
						<SP ID="SP_1.2.17.4" HPOS="740" VPOS="2872" WIDTH="68"/>
						<String CONTENT="j" ID="St_1.2.17.5" HPOS="848" VPOS="2860" HEIGHT="132" WIDTH="36" STYLEREFS="Style_11" WC="1" CC="0"/>
						<String CONTENT="urisprudence" ID="St_1.2.17.6" HPOS="904" VPOS="2860" HEIGHT="132" WIDTH="780" STYLEREFS="Style_11" WC="1" CC="000000000000"/>
						<SP ID="SP_1.2.17.7" HPOS="1656" VPOS="2876" WIDTH="72"/>
						<String CONTENT="&#x0085;" ID="St_1.2.17.8" HPOS="1764" VPOS="2856" HEIGHT="112" WIDTH="64" STYLEREFS="Style_11" WC="1" CC="0"/>
						<SP ID="SP_1.2.17.9" HPOS="1872" VPOS="2920" WIDTH="52"/>
						<String CONTENT="a" ID="St_1.2.17.10" HPOS="1972" VPOS="2896" HEIGHT="64" WIDTH="60" STYLEREFS="Style_11" WC="1" CC="0"/>
						<SP ID="SP_1.2.17.11" HPOS="1996" VPOS="2876" WIDTH="76"/>
						<String CONTENT="complete" ID="St_1.2.17.12" HPOS="2112" VPOS="2856" HEIGHT="132" WIDTH="532" STYLEREFS="Style_11" WC="1" CC="00000000"/>
						<SP ID="SP_1.2.17.13" HPOS="2616" VPOS="2876" WIDTH="64"/>
						<String CONTENT="sta" ID="St_1.2.17.14" HPOS="2720" VPOS="2868" HEIGHT="92" WIDTH="168" STYLEREFS="Style_11" WC="1" CC="000"/>
						<String CONTENT="t" ID="St_1.2.17.15" HPOS="2896" VPOS="2864" HEIGHT="92" WIDTH="48" STYLEREFS="Style_11" WC="1" CC="0"/>
						<String CONTENT="ement" ID="St_1.2.17.16" HPOS="2948" VPOS="2868" HEIGHT="92" WIDTH="356" STYLEREFS="Style_11" WC="1" CC="00000"/>
						<SP ID="SP_1.2.17.17" HPOS="3280" VPOS="2860" WIDTH="60"/>
						<String CONTENT="o" ID="St_1.2.17.18" HPOS="3380" VPOS="2896" HEIGHT="64" WIDTH="64" STYLEREFS="Style_11" WC="1" CC="0"/>
						<String CONTENT="f" ID="St_1.2.17.19" HPOS="3452" VPOS="2860" HEIGHT="96" WIDTH="56" STYLEREFS="Style_11" WC="1" CC="0"/>
						<SP ID="SP_1.2.17.20" HPOS="3476" VPOS="2860" WIDTH="68"/>
						<String CONTENT="the" ID="St_1.2.17.21" HPOS="3580" VPOS="2856" HEIGHT="104" WIDTH="184" STYLEREFS="Style_11" WC="1" CC="000"/>
						<SP ID="SP_1.2.17.22" HPOS="3736" VPOS="2876" WIDTH="68"/>
						<String CONTENT="law" ID="St_1.2.17.23" HPOS="3844" VPOS="2852" HEIGHT="100" WIDTH="212" STYLEREFS="Style_11" WC="1" CC="000"/>
						<SP ID="SP_1.2.17.24" HPOS="4004" VPOS="2872" WIDTH="92"/>
						<String CONTENT="and" ID="St_1.2.17.25" HPOS="4136" VPOS="2848" HEIGHT="108" WIDTH="220" STYLEREFS="Style_11" WC="1" CC="000"/>
					</TextLine>
					<TextLine ID="TL_1.2.18" HPOS="620" VPOS="3004" HEIGHT="136" WIDTH="3736">
						<String CONTENT="practice" ID="St_1.2.18.1" HPOS="620" VPOS="3008" HEIGHT="132" WIDTH="476" STYLEREFS="Style_11" WC="1" CC="00000000"/>
						<SP ID="SP_1.2.18.2" HPOS="1068" VPOS="3024" WIDTH="56"/>
						<String CONTENT="of" ID="St_1.2.18.3" HPOS="1160" VPOS="3012" HEIGHT="100" WIDTH="124" STYLEREFS="Style_11" WC="1" CC="00"/>
						<SP ID="SP_1.2.18.4" HPOS="1256" VPOS="3008" WIDTH="60"/>
						<String CONTENT="the" ID="St_1.2.18.5" HPOS="1344" VPOS="3008" HEIGHT="104" WIDTH="184" STYLEREFS="Style_11" WC="1" CC="000"/>
						<SP ID="SP_1.2.18.6" HPOS="1500" VPOS="3024" WIDTH="60"/>
						<String CONTENT="state" ID="St_1.2.18.7" HPOS="1588" VPOS="3016" HEIGHT="96" WIDTH="280" STYLEREFS="Style_11" WC="1" CC="00000"/>
						<SP ID="SP_1.2.18.8" HPOS="1840" VPOS="3024" WIDTH="60"/>
						<String CONTENT="of" ID="St_1.2.18.9" HPOS="1932" VPOS="3008" HEIGHT="104" WIDTH="124" STYLEREFS="Style_11" WC="1" CC="00"/>
						<SP ID="SP_1.2.18.10" HPOS="2024" VPOS="3008" WIDTH="60"/>
						<String CONTENT="Ohio," ID="St_1.2.18.11" HPOS="2120" VPOS="3004" HEIGHT="120" WIDTH="328" STYLEREFS="Style_11" WC="1" CC="00000"/>
						<SP ID="SP_1.2.18.12" HPOS="2432" VPOS="3048" WIDTH="44"/>
						<String CONTENT="with" ID="St_1.2.18.13" HPOS="2512" VPOS="3008" HEIGHT="100" WIDTH="272" STYLEREFS="Style_11" WC="1" CC="0000"/>
						<SP ID="SP_1.2.18.14" HPOS="2740" VPOS="3008" WIDTH="76"/>
						<String CONTENT="forms." ID="St_1.2.18.15" HPOS="2852" VPOS="3008" HEIGHT="100" WIDTH="376" STYLEREFS="Style_11" WC="1" CC="000000"/>
						<SP ID="SP_1.2.18.16" HPOS="3216" VPOS="3048" WIDTH="84"/>
						<String CONTENT="Editor" ID="St_1.2.18.17" HPOS="3380" VPOS="3004" HEIGHT="104" WIDTH="404" STYLEREFS="Style_11" WC="1" CC="000000"/>
						<SP ID="SP_1.2.18.18" HPOS="3752" VPOS="3024" WIDTH="60"/>
						<String CONTENT="in" ID="St_1.2.18.19" HPOS="3844" VPOS="3008" HEIGHT="100" WIDTH="120" STYLEREFS="Style_11" WC="1" CC="00"/>
						<SP ID="SP_1.2.18.20" HPOS="3920" VPOS="3024" WIDTH="72"/>
						<String CONTENT="chief," ID="St_1.2.18.21" HPOS="4024" VPOS="3004" HEIGHT="128" WIDTH="332" STYLEREFS="Style_11" WC="1" CC="000000"/>
					</TextLine>
					<TextLine ID="TL_1.2.19" HPOS="616" VPOS="3156" HEIGHT="136" WIDTH="3732">
						<String CONTENT="Willis" ID="St_1.2.19.1" HPOS="616" VPOS="3160" HEIGHT="104" WIDTH="372" STYLEREFS="Style_11" WC="1" CC="000000"/>
						<SP ID="SP_1.2.19.2" HPOS="964" VPOS="3180" WIDTH="48"/>
						<String CONTENT="A." ID="St_1.2.19.3" HPOS="1040" VPOS="3160" HEIGHT="100" WIDTH="132" STYLEREFS="Style_11" WC="1" CC="00"/>
						<SP ID="SP_1.2.19.4" HPOS="1164" VPOS="3200" WIDTH="36"/>
						<String CONTENT="Estrich:" ID="St_1.2.19.5" HPOS="1232" VPOS="3160" HEIGHT="100" WIDTH="500" STYLEREFS="Style_11" WC="1" CC="00000000"/>
						<SP ID="SP_1.2.19.6" HPOS="1720" VPOS="3176" WIDTH="40"/>
						<String CONTENT="consulting" ID="St_1.2.19.7" HPOS="1788" VPOS="3160" HEIGHT="132" WIDTH="628" STYLEREFS="Style_11" WC="1" CC="0000000000"/>
						<SP ID="SP_1.2.19.8" HPOS="2376" VPOS="3176" WIDTH="64"/>
						<String CONTENT="editor." ID="St_1.2.19.9" HPOS="2464" VPOS="3156" HEIGHT="104" WIDTH="388" STYLEREFS="Style_11" WC="1" CC="0000000"/>
						<SP ID="SP_1.2.19.10" HPOS="2840" VPOS="3200" WIDTH="32"/>
						<String CONTENT="Wi" ID="St_1.2.19.11" HPOS="2900" VPOS="3160" HEIGHT="96" WIDTH="184" STYLEREFS="Style_11" WC="0.988888888888889" CC="40"/>
						<String CONTENT="l" ID="St_1.2.19.12" HPOS="3096" VPOS="3160" HEIGHT="96" WIDTH="36" STYLEREFS="Style_11" WC="0.988888888888889" CC="0"/>
						<String CONTENT="li" ID="St_1.2.19.13" HPOS="3140" VPOS="3160" HEIGHT="96" WIDTH="80" STYLEREFS="Style_11" WC="0.988888888888889" CC="00"/>
						<String CONTENT="a" ID="St_1.2.19.14" HPOS="3232" VPOS="3196" HEIGHT="60" WIDTH="48" STYLEREFS="Style_11" WC="0.988888888888889" CC="0"/>
						<String CONTENT="m" ID="St_1.2.19.15" HPOS="3296" VPOS="3196" HEIGHT="60" WIDTH="104" STYLEREFS="Style_11" WC="0.99" CC="0"/>
						<SP ID="SP_1.2.19.16" HPOS="3344" VPOS="3176" WIDTH="80"/>
						<String CONTENT="M." ID="St_1.2.19.17" HPOS="3524" VPOS="3160" HEIGHT="112" WIDTH="80" STYLEREFS="Style_11" WC="0.99" CC="00"/>
						<SP ID="SP_1.2.19.18" HPOS="3588" VPOS="3196" WIDTH="40"/>
						<String CONTENT="McKinney;" ID="St_1.2.19.19" HPOS="3656" VPOS="3156" HEIGHT="128" WIDTH="692" STYLEREFS="Style_11" WC="0.99" CC="000000001"/>
					</TextLine>
					<TextLine ID="TL_1.2.20" HPOS="612" VPOS="3304" HEIGHT="136" WIDTH="3744">
						<String CONTENT="managing" ID="St_1.2.20.1" HPOS="612" VPOS="3308" HEIGHT="132" WIDTH="608" STYLEREFS="Style_11" WC="1" CC="00000000"/>
						<SP ID="SP_1.2.20.2" HPOS="1180" VPOS="3328" WIDTH="68"/>
						<String CONTENT="editor," ID="St_1.2.20.3" HPOS="1280" VPOS="3308" HEIGHT="132" WIDTH="392" STYLEREFS="Style_11" WC="1" CC="0000000"/>
						<SP ID="SP_1.2.20.4" HPOS="1656" VPOS="3352" WIDTH="44"/>
						<String CONTENT="George" ID="St_1.2.20.5" HPOS="1736" VPOS="3308" HEIGHT="132" WIDTH="428" STYLEREFS="Style_11" WC="1" CC="000000"/>
						<SP ID="SP_1.2.20.6" HPOS="2136" VPOS="3332" WIDTH="60"/>
						<String CONTENT="S." ID="St_1.2.20.7" HPOS="2236" VPOS="3308" HEIGHT="104" WIDTH="104" STYLEREFS="Style_11" WC="1" CC="00"/>
						<SP ID="SP_1.2.20.8" HPOS="2328" VPOS="3352" WIDTH="44"/>
						<String CONTENT="Gulick." ID="St_1.2.20.9" HPOS="2408" VPOS="3304" HEIGHT="104" WIDTH="436" STYLEREFS="Style_11" WC="1" CC="0000000"/>
						<SP ID="SP_1.2.20.10" HPOS="2832" VPOS="3352" WIDTH="84"/>
						<String CONTENT="v." ID="St_1.2.20.11" HPOS="2992" VPOS="3344" HEIGHT="68" WIDTH="96" STYLEREFS="Style_11" WC="1" CC="00"/>
						<SP ID="SP_1.2.20.12" HPOS="3076" VPOS="3352" WIDTH="48"/>
						<String CONTENT="10." ID="St_1.2.20.13" HPOS="3164" VPOS="3316" HEIGHT="96" WIDTH="148" STYLEREFS="Style_11" WC="1" CC="000"/>
						<SP ID="SP_1.2.20.14" HPOS="3300" VPOS="3340" WIDTH="44"/>
						<String CONTENT="Corporations" ID="St_1.2.20.15" HPOS="3384" VPOS="3304" HEIGHT="136" WIDTH="796" STYLEREFS="Style_11" WC="1" CC="000000000000"/>
						<SP ID="SP_1.2.20.16" HPOS="4152" VPOS="3328" WIDTH="56"/>
						<String CONTENT="to" ID="St_1.2.20.17" HPOS="4244" VPOS="3312" HEIGHT="92" WIDTH="112" STYLEREFS="Style_11" WC="1" CC="00"/>
					</TextLine>
					<TextLine ID="TL_1.2.21" HPOS="628" VPOS="3452" HEIGHT="140" WIDTH="3732">
						<String CONTENT="Co-servants." ID="St_1.2.21.1" HPOS="628" VPOS="3460" HEIGHT="108" WIDTH="736" STYLEREFS="Style_11" WC="1" CC="000000000000"/>
						<SP ID="SP_1.2.21.2" HPOS="1352" VPOS="3504" WIDTH="80"/>
						<String CONTENT="Rochester," ID="St_1.2.21.3" HPOS="1508" VPOS="3460" HEIGHT="112" WIDTH="636" STYLEREFS="Style_11" WC="1" CC="0000000000"/>
						<SP ID="SP_1.2.21.4" HPOS="2128" VPOS="3508" WIDTH="56"/>
						<String CONTENT="N." ID="St_1.2.21.5" HPOS="2224" VPOS="3460" HEIGHT="100" WIDTH="132" STYLEREFS="Style_11" WC="1" CC="00"/>
						<SP ID="SP_1.2.21.6" HPOS="2344" VPOS="3504" WIDTH="52"/>
						<String CONTENT="Y.," ID="St_1.2.21.7" HPOS="2444" VPOS="3460" HEIGHT="132" WIDTH="176" STYLEREFS="Style_11" WC="1" CC="000"/>
						<SP ID="SP_1.2.21.8" HPOS="2604" VPOS="3508" WIDTH="56"/>
						<String CONTENT="The" ID="St_1.2.21.9" HPOS="2700" VPOS="3460" HEIGHT="100" WIDTH="232" STYLEREFS="Style_11" WC="1" CC="000"/>
						<SP ID="SP_1.2.21.10" HPOS="2904" VPOS="3484" WIDTH="68"/>
						<String CONTENT="Lawyers" ID="St_1.2.21.11" HPOS="3016" VPOS="3460" HEIGHT="132" WIDTH="516" STYLEREFS="Style_11" WC="1" CC="0000000"/>
						<SP ID="SP_1.2.21.12" HPOS="3508" VPOS="3484" WIDTH="64"/>
						<String CONTENT="co-operative" ID="St_1.2.21.13" HPOS="3620" VPOS="3452" HEIGHT="136" WIDTH="740" STYLEREFS="Style_11" WC="1" CC="000000000000"/>
					</TextLine>
					<TextLine ID="TL_1.2.22" HPOS="620" VPOS="3608" HEIGHT="136" WIDTH="1628">
						<String CONTENT="publishing" ID="St_1.2.22.1" HPOS="620" VPOS="3608" HEIGHT="136" WIDTH="648" STYLEREFS="Style_11" WC="1" CC="0000000000"/>
						<SP ID="SP_1.2.22.2" HPOS="1228" VPOS="3628" WIDTH="68"/>
						<String CONTENT="company," ID="St_1.2.22.3" HPOS="1324" VPOS="3644" HEIGHT="96" WIDTH="576" STYLEREFS="Style_11" WC="1" CC="00000000"/>
						<SP ID="SP_1.2.22.4" HPOS="1884" VPOS="3652" WIDTH="44"/>
						<String CONTENT="1930." ID="St_1.2.22.5" HPOS="1960" VPOS="3616" HEIGHT="96" WIDTH="288" STYLEREFS="Style_11" WC="1" CC="00000"/>
					</TextLine>
					<TextLine ID="TL_1.2.23" HPOS="616" VPOS="3764" HEIGHT="96" WIDTH="1300">
						<String CONTENT="ix" ID="St_1.2.23.1" HPOS="616" VPOS="3764" HEIGHT="80" WIDTH="100" STYLEREFS="Style_11" WC="0.888888888888889" CC="11"/>
						<String CONTENT="," ID="St_1.2.23.2" HPOS="716" VPOS="3792" HEIGHT="48" WIDTH="20" STYLEREFS="Style_11" WC="0.925555555555556" CC="0"/>
						<SP ID="SP_1.2.23.3" HPOS="728" VPOS="3792" WIDTH="44"/>
						<String CONTENT="1301" ID="St_1.2.23.4" HPOS="804" VPOS="3768" HEIGHT="76" WIDTH="220" STYLEREFS="Style_11" WC="0.972222222222222" CC="0000"/>
						<SP ID="SP_1.2.23.5" HPOS="996" VPOS="3764" WIDTH="56"/>
						<String CONTENT="p." ID="St_1.2.23.6" HPOS="1084" VPOS="3788" HEIGHT="72" WIDTH="88" STYLEREFS="Style_11" WC="0.978888888888889" CC="00"/>
						<SP ID="SP_1.2.23.7" HPOS="1160" VPOS="3792" WIDTH="36"/>
						<String CONTENT="24&#x00BD;&#x0368;&#x036b;." ID="St_1.2.23.8" HPOS="1284" VPOS="3764" HEIGHT="88" WIDTH="632" STYLEREFS="Style_11" WC="0.981111111111111" CC="000001"/>
					</TextLine>
					<TextLine ID="TL_1.2.24" HPOS="496" VPOS="3868" HEIGHT="100" WIDTH="3852">
						<String CONTENT="&#x00A9;" ID="St_1.2.24.1" HPOS="496" VPOS="3868" HEIGHT="96" WIDTH="96" STYLEREFS="Style_11" WC="0.555555555555556" CC="4"/>
						<SP ID="SP_1.2.24.2" HPOS="544" VPOS="3868" WIDTH="84"/>
						<String CONTENT="Feb." ID="St_1.2.24.3" HPOS="664" VPOS="3876" HEIGHT="80" WIDTH="216" STYLEREFS="Style_11" WC="0.925555555555556" CC="0000"/>
						<SP ID="SP_1.2.24.4" HPOS="864" VPOS="3912" WIDTH="44"/>
						<String CONTENT="28," ID="St_1.2.24.5" HPOS="944" VPOS="3876" HEIGHT="92" WIDTH="132" STYLEREFS="Style_11" WC="0.955555555555556" CC="000"/>
						<SP ID="SP_1.2.24.6" HPOS="1064" VPOS="3908" WIDTH="48"/>
						<String CONTENT="1930;" ID="St_1.2.24.7" HPOS="1148" VPOS="3872" HEIGHT="92" WIDTH="272" STYLEREFS="Style_11" WC="0.972222222222222" CC="00000"/>
						<SP ID="SP_1.2.24.8" HPOS="1408" VPOS="3888" WIDTH="44"/>
						<String CONTENT="2c." ID="St_1.2.24.9" HPOS="1488" VPOS="3876" HEIGHT="80" WIDTH="128" STYLEREFS="Style_11" WC="0.955555555555556" CC="040"/>
						<SP ID="SP_1.2.24.10" HPOS="1604" VPOS="3908" WIDTH="44"/>
						<String CONTENT="and" ID="St_1.2.24.11" HPOS="1688" VPOS="3876" HEIGHT="76" WIDTH="188" STYLEREFS="Style_11" WC="0.962222222222222" CC="000"/>
						<SP ID="SP_1.2.24.12" HPOS="1840" VPOS="3880" WIDTH="64"/>
						<String CONTENT="aff." ID="St_1.2.24.13" HPOS="1940" VPOS="3872" HEIGHT="84" WIDTH="160" STYLEREFS="Style_11" WC="0.953333333333333" CC="4000"/>
						<SP ID="SP_1.2.24.14" HPOS="2088" VPOS="3908" WIDTH="48"/>
						<String CONTENT="Mar." ID="St_1.2.24.15" HPOS="2172" VPOS="3876" HEIGHT="80" WIDTH="232" STYLEREFS="Style_11" WC="0.941111111111111" CC="0033"/>
						<SP ID="SP_1.2.24.16" HPOS="2396" VPOS="3908" WIDTH="44"/>
						<String CONTENT="3;" ID="St_1.2.24.17" HPOS="2476" VPOS="3872" HEIGHT="96" WIDTH="104" STYLEREFS="Style_11" WC="0.945555555555556" CC="00"/>
						<SP ID="SP_1.2.24.18" HPOS="2564" VPOS="3888" WIDTH="48"/>
						<String CONTENT="A" ID="St_1.2.24.19" HPOS="2648" VPOS="3872" HEIGHT="80" WIDTH="84" STYLEREFS="Style_11" WC="0.947777777777778" CC="0"/>
						<SP ID="SP_1.2.24.20" HPOS="2684" VPOS="3876" WIDTH="76"/>
						<String CONTENT="20043;" ID="St_1.2.24.21" HPOS="2796" VPOS="3872" HEIGHT="92" WIDTH="332" STYLEREFS="Style_11" WC="0.946666666666667" CC="000040"/>
						<SP ID="SP_1.2.24.22" HPOS="3112" VPOS="3888" WIDTH="52"/>
						<String CONTENT="Lawyers" ID="St_1.2.24.23" HPOS="3204" VPOS="3872" HEIGHT="96" WIDTH="452" STYLEREFS="Style_11" WC="0.954444444444444" CC="0000000"/>
						<SP ID="SP_1.2.24.24" HPOS="3628" VPOS="3888" WIDTH="56"/>
						<String CONTENT="co-operative" ID="St_1.2.24.25" HPOS="3716" VPOS="3872" HEIGHT="96" WIDTH="632" STYLEREFS="Style_11" WC="0.963333333333333" CC="000000000000"/>
					</TextLine>
					<TextLine ID="TL_1.2.25" HPOS="616" VPOS="3980" HEIGHT="96" WIDTH="3564">
						<String CONTENT="pub." ID="St_1.2.25.1" HPOS="616" VPOS="3988" HEIGHT="88" WIDTH="216" STYLEREFS="Style_11" WC="1" CC="0000"/>
						<SP ID="SP_1.2.25.2" HPOS="820" VPOS="4024" WIDTH="32"/>
						<String CONTENT="co." ID="St_1.2.25.3" HPOS="880" VPOS="4004" HEIGHT="60" WIDTH="136" STYLEREFS="Style_11" WC="1" CC="000"/>
						<SP ID="SP_1.2.25.4" HPOS="1004" VPOS="4000" WIDTH="2944"/>
						<String CONTENT="1627" ID="St_1.2.25.5" HPOS="3948" VPOS="3980" HEIGHT="84" WIDTH="232" STYLEREFS="Style_11" WC="0.653333333333333" CC="0000"/>
					</TextLine>
					<TextLine ID="TL_1.2.26" HPOS="492" VPOS="4160" HEIGHT="140" WIDTH="3796">
						<String CONTENT="Ohio" ID="St_1.2.26.1" HPOS="492" VPOS="4160" HEIGHT="104" WIDTH="292" STYLEREFS="Style_11" WC="1" CC="0000"/>
						<SP ID="SP_1.2.26.2" HPOS="748" VPOS="4176" WIDTH="76"/>
						<String CONTENT="jurisprudence;" ID="St_1.2.26.3" HPOS="872" VPOS="4168" HEIGHT="132" WIDTH="888" STYLEREFS="Style_11" WC="1" CC="00000000000000"/>
						<SP ID="SP_1.2.26.4" HPOS="1748" VPOS="4180" WIDTH="60"/>
						<String CONTENT="cumulative" ID="St_1.2.26.5" HPOS="1856" VPOS="4164" HEIGHT="104" WIDTH="664" STYLEREFS="Style_11" WC="1" CC="0000000000"/>
						<SP ID="SP_1.2.26.6" HPOS="2492" VPOS="4180" WIDTH="68"/>
						<String CONTENT="supplement" ID="St_1.2.26.7" HPOS="2608" VPOS="4168" HEIGHT="128" WIDTH="700" STYLEREFS="Style_11" WC="1" CC="0000000000"/>
						<SP ID="SP_1.2.26.8" HPOS="3280" VPOS="4168" WIDTH="68"/>
						<String CONTENT="to" ID="St_1.2.26.9" HPOS="3392" VPOS="4172" HEIGHT="96" WIDTH="116" STYLEREFS="Style_11" WC="1" CC="00"/>
						<SP ID="SP_1.2.26.10" HPOS="3472" VPOS="4180" WIDTH="76"/>
						<String CONTENT="vols." ID="St_1.2.26.11" HPOS="3592" VPOS="4168" HEIGHT="100" WIDTH="268" STYLEREFS="Style_11" WC="1" CC="00000"/>
						<SP ID="SP_1.2.26.12" HPOS="3844" VPOS="4200" WIDTH="56"/>
						<String CONTENT="1-7" ID="St_1.2.26.13" HPOS="3952" VPOS="4168" HEIGHT="100" WIDTH="192" STYLEREFS="Style_11" WC="1" CC="000"/>
						<SP ID="SP_1.2.26.14" HPOS="4108" VPOS="4164" WIDTH="80"/>
						<String CONTENT="&#x0085;" ID="St_1.2.26.15" HPOS="4220" VPOS="4168" HEIGHT="108" WIDTH="68" STYLEREFS="Style_11" WC="0.993333333333333" CC="0"/>
					</TextLine>
					<TextLine ID="TL_1.2.27" HPOS="628" VPOS="4312" HEIGHT="132" WIDTH="3724">
						<String CONTENT="Contains" ID="St_1.2.27.1" HPOS="628" VPOS="4316" HEIGHT="104" WIDTH="532" STYLEREFS="Style_11" WC="1" CC="00000000"/>
						<SP ID="SP_1.2.27.2" HPOS="1132" VPOS="4336" WIDTH="60"/>
						<String CONTENT="all" ID="St_1.2.27.3" HPOS="1228" VPOS="4316" HEIGHT="104" WIDTH="148" STYLEREFS="Style_11" WC="1" CC="000"/>
						<SP ID="SP_1.2.27.4" HPOS="1352" VPOS="4320" WIDTH="52"/>
						<String CONTENT="new" ID="St_1.2.27.5" HPOS="1436" VPOS="4352" HEIGHT="64" WIDTH="240" STYLEREFS="Style_11" WC="1" CC="000"/>
						<SP ID="SP_1.2.27.6" HPOS="1624" VPOS="4336" WIDTH="80"/>
						<String CONTENT="decisions" ID="St_1.2.27.7" HPOS="1740" VPOS="4312" HEIGHT="108" WIDTH="536" STYLEREFS="Style_11" WC="1" CC="000000000"/>
						<SP ID="SP_1.2.27.8" HPOS="2248" VPOS="4336" WIDTH="60"/>
						<String CONTENT="published" ID="St_1.2.27.9" HPOS="2344" VPOS="4316" HEIGHT="128" WIDTH="580" STYLEREFS="Style_11" WC="0.974444444444444" CC="040000004"/>
						<SP ID="SP_1.2.27.10" HPOS="2884" VPOS="4316" WIDTH="72"/>
						<String CONTENT="to" ID="St_1.2.27.11" HPOS="2992" VPOS="4328" HEIGHT="88" WIDTH="112" STYLEREFS="Style_11" WC="0.976666666666667" CC="00"/>
						<SP ID="SP_1.2.27.12" HPOS="3068" VPOS="4336" WIDTH="68"/>
						<String CONTENT="December" ID="St_1.2.27.13" HPOS="3172" VPOS="4316" HEIGHT="100" WIDTH="596" STYLEREFS="Style_11" WC="0.981111111111111" CC="00000000"/>
						<SP ID="SP_1.2.27.14" HPOS="3736" VPOS="4336" WIDTH="60"/>
						<String CONTENT="31," ID="St_1.2.27.15" HPOS="3832" VPOS="4324" HEIGHT="92" WIDTH="160" STYLEREFS="Style_11" WC="0.982222222222222" CC="000"/>
						<SP ID="SP_1.2.27.16" HPOS="3980" VPOS="4360" WIDTH="56"/>
						<String CONTENT="1929." ID="St_1.2.27.17" HPOS="4072" VPOS="4320" HEIGHT="96" WIDTH="280" STYLEREFS="Style_11" WC="0.972222222222222" CC="50000"/>
					</TextLine>
					<TextLine ID="TL_1.2.28" HPOS="636" VPOS="4464" HEIGHT="136" WIDTH="3172">
						<String CONTENT="[Rochester." ID="St_1.2.28.1" HPOS="636" VPOS="4468" HEIGHT="128" WIDTH="660" STYLEREFS="Style_11" WC="0.888888888888889" CC="70000000004"/>
						<SP ID="SP_1.2.28.2" HPOS="1280" VPOS="4524" WIDTH="40"/>
						<String CONTENT="N." ID="St_1.2.28.3" HPOS="1348" VPOS="4468" HEIGHT="96" WIDTH="132" STYLEREFS="Style_11" WC="0.912222222222222" CC="00"/>
						<SP ID="SP_1.2.28.4" HPOS="1464" VPOS="4520" WIDTH="40"/>
						<String CONTENT="Y.," ID="St_1.2.28.5" HPOS="1536" VPOS="4464" HEIGHT="136" WIDTH="172" STYLEREFS="Style_11" WC="0.931111111111111" CC="000"/>
						<SP ID="SP_1.2.28.6" HPOS="1696" VPOS="4524" WIDTH="36"/>
						<String CONTENT="E." ID="St_1.2.28.7" HPOS="1756" VPOS="4468" HEIGHT="96" WIDTH="132" STYLEREFS="Style_11" WC="0.941111111111111" CC="00"/>
						<SP ID="SP_1.2.28.8" HPOS="1876" VPOS="4524" WIDTH="32"/>
						<String CONTENT="R." ID="St_1.2.28.9" HPOS="1936" VPOS="4468" HEIGHT="108" WIDTH="128" STYLEREFS="Style_11" WC="0.911111111111111" CC="44"/>
						<SP ID="SP_1.2.28.10" HPOS="2048" VPOS="4520" WIDTH="44"/>
						<String CONTENT="Andrews" ID="St_1.2.28.11" HPOS="2120" VPOS="4464" HEIGHT="104" WIDTH="544" STYLEREFS="Style_11" WC="0.933333333333333" CC="0000000"/>
						<SP ID="SP_1.2.28.12" HPOS="2636" VPOS="4504" WIDTH="52"/>
						<String CONTENT="printing" ID="St_1.2.28.13" HPOS="2716" VPOS="4464" HEIGHT="136" WIDTH="508" STYLEREFS="Style_11" WC="0.947777777777778" CC="00000000"/>
						<SP ID="SP_1.2.28.14" HPOS="3184" VPOS="4500" WIDTH="60"/>
						<String CONTENT="co." ID="St_1.2.28.15" HPOS="3272" VPOS="4504" HEIGHT="64" WIDTH="148" STYLEREFS="Style_11" WC="0.952222222222222" CC="000"/>
						<String CONTENT="," ID="St_1.2.28.16" HPOS="3440" VPOS="4552" HEIGHT="20" WIDTH="20" STYLEREFS="Style_11" WC="0.953333333333333" CC="0"/>
						<SP ID="SP_1.2.28.17" HPOS="3448" VPOS="4524" WIDTH="40"/>
						<String CONTENT="1930" ID="St_1.2.28.18" HPOS="3516" VPOS="4472" HEIGHT="96" WIDTH="260" STYLEREFS="Style_11" WC="0.948888888888889" CC="4000"/>
						<String CONTENT="]" ID="St_1.2.28.19" HPOS="3784" VPOS="4532" HEIGHT="64" WIDTH="24" STYLEREFS="Style_11" WC="0.933333333333333" CC="8"/>
					</TextLine>
					<TextLine ID="TL_1.2.29" HPOS="620" VPOS="4620" HEIGHT="88" WIDTH="904">
						<String CONTENT="7" ID="St_1.2.29.1" HPOS="620" VPOS="4624" HEIGHT="76" WIDTH="52" STYLEREFS="Style_11" WC="1" CC="0"/>
						<SP ID="SP_1.2.29.2" HPOS="640" VPOS="4624" WIDTH="60"/>
						<String CONTENT="v" ID="St_1.2.29.3" HPOS="728" VPOS="4644" HEIGHT="56" WIDTH="60" STYLEREFS="Style_11" WC="1" CC="0"/>
						<String CONTENT="." ID="St_1.2.29.4" HPOS="796" VPOS="4684" HEIGHT="16" WIDTH="16" STYLEREFS="Style_11" WC="1" CC="0"/>
						<SP ID="SP_1.2.29.5" HPOS="800" VPOS="4644" WIDTH="68"/>
						<String CONTENT="24&#x0368;&#x036b;." ID="St_1.2.29.6" HPOS="928" VPOS="4620" HEIGHT="88" WIDTH="596" STYLEREFS="Style_11" WC="0.988888888888889" CC="00001"/>
					</TextLine>
					<TextLine ID="TL_1.2.30" HPOS="628" VPOS="4724" HEIGHT="96" WIDTH="3720">
						<String CONTENT="These" ID="St_1.2.30.1" HPOS="628" VPOS="4732" HEIGHT="76" WIDTH="300" STYLEREFS="Style_11" WC="1" CC="00000"/>
						<SP ID="SP_1.2.30.2" HPOS="900" VPOS="4728" WIDTH="52"/>
						<String CONTENT="pamphlets" ID="St_1.2.30.3" HPOS="976" VPOS="4732" HEIGHT="88" WIDTH="532" STYLEREFS="Style_11" WC="1" CC="000000000"/>
						<SP ID="SP_1.2.30.4" HPOS="1484" VPOS="4728" WIDTH="48"/>
						<String CONTENT="are" ID="St_1.2.30.5" HPOS="1564" VPOS="4752" HEIGHT="56" WIDTH="164" STYLEREFS="Style_11" WC="1" CC="000"/>
						<SP ID="SP_1.2.30.6" HPOS="1700" VPOS="4732" WIDTH="52"/>
						<String CONTENT="to" ID="St_1.2.30.7" HPOS="1780" VPOS="4736" HEIGHT="72" WIDTH="96" STYLEREFS="Style_11" WC="1" CC="00"/>
						<SP ID="SP_1.2.30.8" HPOS="1844" VPOS="4732" WIDTH="56"/>
						<String CONTENT="be" ID="St_1.2.30.9" HPOS="1928" VPOS="4732" HEIGHT="76" WIDTH="116" STYLEREFS="Style_11" WC="1" CC="00"/>
						<SP ID="SP_1.2.30.10" HPOS="2016" VPOS="4732" WIDTH="48"/>
						<String CONTENT="f" ID="St_1.2.30.11" HPOS="2092" VPOS="4732" HEIGHT="72" WIDTH="44" STYLEREFS="Style_11" WC="1" CC="0"/>
						<String CONTENT="itted" ID="St_1.2.30.12" HPOS="2128" VPOS="4732" HEIGHT="76" WIDTH="232" STYLEREFS="Style_11" WC="1" CC="00000"/>
						<SP ID="SP_1.2.30.13" HPOS="2332" VPOS="4724" WIDTH="56"/>
						<String CONTENT="into" ID="St_1.2.30.14" HPOS="2416" VPOS="4732" HEIGHT="76" WIDTH="204" STYLEREFS="Style_11" WC="1" CC="0000"/>
						<SP ID="SP_1.2.30.15" HPOS="2592" VPOS="4732" WIDTH="52"/>
						<String CONTENT="the" ID="St_1.2.30.16" HPOS="2672" VPOS="4732" HEIGHT="76" WIDTH="164" STYLEREFS="Style_11" WC="1" CC="000"/>
						<SP ID="SP_1.2.30.17" HPOS="2804" VPOS="4732" WIDTH="56"/>
						<String CONTENT="back" ID="St_1.2.30.18" HPOS="2888" VPOS="4732" HEIGHT="76" WIDTH="240" STYLEREFS="Style_11" WC="0.99" CC="4000"/>
						<SP ID="SP_1.2.30.19" HPOS="3092" VPOS="4724" WIDTH="60"/>
						<String CONTENT="of" ID="St_1.2.30.20" HPOS="3184" VPOS="4732" HEIGHT="76" WIDTH="100" STYLEREFS="Style_11" WC="0.99" CC="00"/>
						<SP ID="SP_1.2.30.21" HPOS="3256" VPOS="4724" WIDTH="52"/>
						<String CONTENT="the" ID="St_1.2.30.22" HPOS="3340" VPOS="4732" HEIGHT="76" WIDTH="156" STYLEREFS="Style_11" WC="0.991111111111111" CC="000"/>
						<SP ID="SP_1.2.30.23" HPOS="3468" VPOS="4732" WIDTH="56"/>
						<String CONTENT="volumes" ID="St_1.2.30.24" HPOS="3556" VPOS="4732" HEIGHT="76" WIDTH="416" STYLEREFS="Style_11" WC="0.992222222222222" CC="0000000"/>
						<SP ID="SP_1.2.30.25" HPOS="3944" VPOS="4732" WIDTH="52"/>
						<String CONTENT="of" ID="St_1.2.30.26" HPOS="4028" VPOS="4732" HEIGHT="76" WIDTH="104" STYLEREFS="Style_11" WC="0.992222222222222" CC="00"/>
						<SP ID="SP_1.2.30.27" HPOS="4104" VPOS="4724" WIDTH="52"/>
						<String CONTENT="the" ID="St_1.2.30.28" HPOS="4184" VPOS="4732" HEIGHT="76" WIDTH="164" STYLEREFS="Style_11" WC="0.993333333333333" CC="000"/>
					</TextLine>
					<TextLine ID="TL_1.2.31" HPOS="484" VPOS="4836" HEIGHT="96" WIDTH="1364">
						<String CONTENT="set" ID="St_1.2.31.1" HPOS="484" VPOS="4844" HEIGHT="72" WIDTH="148" STYLEREFS="Style_11" WC="1" CC="000"/>
						<SP ID="SP_1.2.31.2" HPOS="608" VPOS="4836" WIDTH="52"/>
						<String CONTENT="to" ID="St_1.2.31.3" HPOS="688" VPOS="4844" HEIGHT="72" WIDTH="96" STYLEREFS="Style_11" WC="1" CC="00"/>
						<SP ID="SP_1.2.31.4" HPOS="756" VPOS="4844" WIDTH="56"/>
						<String CONTENT="which" ID="St_1.2.31.5" HPOS="844" VPOS="4840" HEIGHT="76" WIDTH="304" STYLEREFS="Style_11" WC="1" CC="00000"/>
						<SP ID="SP_1.2.31.6" HPOS="1112" VPOS="4836" WIDTH="64"/>
						<String CONTENT="they" ID="St_1.2.31.7" HPOS="1208" VPOS="4840" HEIGHT="88" WIDTH="224" STYLEREFS="Style_11" WC="1" CC="0000"/>
						<SP ID="SP_1.2.31.8" HPOS="1400" VPOS="4844" WIDTH="60"/>
						<String CONTENT="belong." ID="St_1.2.31.9" HPOS="1492" VPOS="4840" HEIGHT="92" WIDTH="356" STYLEREFS="Style_11" WC="1" CC="0000000"/>
					</TextLine>
					<TextLine ID="TL_1.2.32" HPOS="496" VPOS="4936" HEIGHT="104" WIDTH="3848">
						<String CONTENT="&#x00A9;" ID="St_1.2.32.1" HPOS="496" VPOS="4936" HEIGHT="88" WIDTH="88" STYLEREFS="Style_11" WC="0.222222222222222" CC="7"/>
						<SP ID="SP_1.2.32.2" HPOS="540" VPOS="4940" WIDTH="84"/>
						<String CONTENT="Fe" ID="St_1.2.32.3" HPOS="664" VPOS="4948" HEIGHT="76" WIDTH="132" STYLEREFS="Style_11" WC="0.805555555555556" CC="00"/>
						<String CONTENT="b" ID="St_1.2.32.4" HPOS="800" VPOS="4948" HEIGHT="72" WIDTH="56" STYLEREFS="Style_11" WC="0.844444444444444" CC="0"/>
						<String CONTENT="." ID="St_1.2.32.5" HPOS="864" VPOS="5008" HEIGHT="16" WIDTH="16" STYLEREFS="Style_11" WC="0.87" CC="0"/>
						<SP ID="SP_1.2.32.6" HPOS="868" VPOS="4976" WIDTH="40"/>
						<String CONTENT="28" ID="St_1.2.32.7" HPOS="944" VPOS="4948" HEIGHT="76" WIDTH="108" STYLEREFS="Style_11" WC="0.826666666666667" CC="07"/>
						<String CONTENT="," ID="St_1.2.32.8" HPOS="1052" VPOS="4976" HEIGHT="52" WIDTH="20" STYLEREFS="Style_11" WC="0.844444444444444" CC="0"/>
						<SP ID="SP_1.2.32.9" HPOS="1036" VPOS="4948" WIDTH="72"/>
						<String CONTENT="1" ID="St_1.2.32.10" HPOS="1148" VPOS="4948" HEIGHT="72" WIDTH="40" STYLEREFS="Style_11" WC="0.87" CC="0"/>
						<String CONTENT="93" ID="St_1.2.32.11" HPOS="1204" VPOS="4948" HEIGHT="76" WIDTH="104" STYLEREFS="Style_11" WC="0.856666666666667" CC="04"/>
						<String CONTENT="0" ID="St_1.2.32.12" HPOS="1316" VPOS="4948" HEIGHT="76" WIDTH="56" STYLEREFS="Style_11" WC="0.866666666666667" CC="0"/>
						<String CONTENT=";" ID="St_1.2.32.13" HPOS="1396" VPOS="4968" HEIGHT="68" WIDTH="24" STYLEREFS="Style_11" WC="0.874444444444444" CC="0"/>
						<SP ID="SP_1.2.32.14" HPOS="1408" VPOS="4956" WIDTH="48"/>
						<String CONTENT="2c" ID="St_1.2.32.15" HPOS="1492" VPOS="4948" HEIGHT="76" WIDTH="96" STYLEREFS="Style_11" WC="0.871111111111111" CC="04"/>
						<String CONTENT="." ID="St_1.2.32.16" HPOS="1604" VPOS="5012" HEIGHT="12" WIDTH="16" STYLEREFS="Style_11" WC="0.877777777777778" CC="0"/>
						<SP ID="SP_1.2.32.17" HPOS="1608" VPOS="4980" WIDTH="44"/>
						<String CONTENT="ea" ID="St_1.2.32.18" HPOS="1688" VPOS="4968" HEIGHT="56" WIDTH="104" STYLEREFS="Style_11" WC="0.893333333333333" CC="00"/>
						<String CONTENT="c" ID="St_1.2.32.19" HPOS="1804" VPOS="4968" HEIGHT="56" WIDTH="48" STYLEREFS="Style_11" WC="0.897777777777778" CC="0"/>
						<String CONTENT="h" ID="St_1.2.32.20" HPOS="1856" VPOS="4948" HEIGHT="72" WIDTH="60" STYLEREFS="Style_11" WC="0.902222222222222" CC="0"/>
						<SP ID="SP_1.2.32.21" HPOS="1884" VPOS="4948" WIDTH="64"/>
						<String CONTENT="a" ID="St_1.2.32.22" HPOS="1984" VPOS="4968" HEIGHT="56" WIDTH="52" STYLEREFS="Style_11" WC="0.908888888888889" CC="0"/>
						<String CONTENT="nd" ID="St_1.2.32.23" HPOS="2044" VPOS="4948" HEIGHT="76" WIDTH="124" STYLEREFS="Style_11" WC="0.915555555555556" CC="00"/>
						<SP ID="SP_1.2.32.24" HPOS="2136" VPOS="4948" WIDTH="64"/>
						<String CONTENT="a" ID="St_1.2.32.25" HPOS="2240" VPOS="4968" HEIGHT="56" WIDTH="52" STYLEREFS="Style_11" WC="0.906666666666667" CC="4"/>
						<String CONTENT="f" ID="St_1.2.32.26" HPOS="2300" VPOS="4948" HEIGHT="72" WIDTH="40" STYLEREFS="Style_11" WC="0.908888888888889" CC="0"/>
						<String CONTENT="f" ID="St_1.2.32.27" HPOS="2332" VPOS="4948" HEIGHT="72" WIDTH="44" STYLEREFS="Style_11" WC="0.912222222222222" CC="0"/>
						<String CONTENT="s." ID="St_1.2.32.28" HPOS="2380" VPOS="4968" HEIGHT="56" WIDTH="68" STYLEREFS="Style_11" WC="0.916666666666667" CC="00"/>
						<SP ID="SP_1.2.32.29" HPOS="2436" VPOS="4980" WIDTH="48"/>
						<String CONTENT="M" ID="St_1.2.32.30" HPOS="2524" VPOS="4948" HEIGHT="76" WIDTH="100" STYLEREFS="Style_11" WC="0.908888888888889" CC="4"/>
						<String CONTENT="ar." ID="St_1.2.32.31" HPOS="2624" VPOS="4968" HEIGHT="56" WIDTH="132" STYLEREFS="Style_11" WC="0.916666666666667" CC="000"/>
						<SP ID="SP_1.2.32.32" HPOS="2744" VPOS="4980" WIDTH="44"/>
						<String CONTENT="3" ID="St_1.2.32.33" HPOS="2828" VPOS="4948" HEIGHT="76" WIDTH="48" STYLEREFS="Style_12" WC="0.92" CC="0"/>
						<String CONTENT=";" ID="St_1.2.32.34" HPOS="2912" VPOS="4968" HEIGHT="72" WIDTH="20" STYLEREFS="Style_13" WC="0.922222222222222" CC="0"/>
						<SP ID="SP_1.2.32.35" HPOS="2916" VPOS="4960" WIDTH="52"/>
						<String CONTENT="A" ID="St_1.2.32.36" HPOS="3008" VPOS="4948" HEIGHT="76" WIDTH="76" STYLEREFS="Style_13" WC="0.925555555555556" CC="0"/>
						<SP ID="SP_1.2.32.37" HPOS="3040" VPOS="4948" WIDTH="76"/>
						<String CONTENT="2" ID="St_1.2.32.38" HPOS="3152" VPOS="4948" HEIGHT="76" WIDTH="48" STYLEREFS="Style_13" WC="0.928888888888889" CC="0"/>
						<String CONTENT="00" ID="St_1.2.32.39" HPOS="3212" VPOS="4948" HEIGHT="76" WIDTH="108" STYLEREFS="Style_13" WC="0.931111111111111" CC="00"/>
						<String CONTENT="36-2" ID="St_1.2.32.40" HPOS="3324" VPOS="4948" HEIGHT="76" WIDTH="220" STYLEREFS="Style_13" WC="0.936666666666667" CC="0000"/>
						<String CONTENT="00" ID="St_1.2.32.41" HPOS="3552" VPOS="4948" HEIGHT="76" WIDTH="112" STYLEREFS="Style_13" WC="0.938888888888889" CC="00"/>
						<String CONTENT="42;" ID="St_1.2.32.42" HPOS="3664" VPOS="4948" HEIGHT="88" WIDTH="160" STYLEREFS="Style_13" WC="0.942222222222222" CC="000"/>
						<SP ID="SP_1.2.32.43" HPOS="3812" VPOS="4960" WIDTH="48"/>
						<String CONTENT="Lawyer" ID="St_1.2.32.44" HPOS="3904" VPOS="4952" HEIGHT="84" WIDTH="388" STYLEREFS="Style_13" WC="0.947777777777778" CC="000000"/>
						<String CONTENT="s" ID="St_1.2.32.45" HPOS="4300" VPOS="4968" HEIGHT="56" WIDTH="44" STYLEREFS="Style_13" WC="0.948888888888889" CC="0"/>
					</TextLine>
					<TextLine ID="TL_1.2.33" HPOS="628" VPOS="5052" HEIGHT="104" WIDTH="3540">
						<String CONTENT="co-operative" ID="St_1.2.33.1" HPOS="628" VPOS="5056" HEIGHT="92" WIDTH="628" STYLEREFS="Style_13" WC="1" CC="000000000000"/>
						<SP ID="SP_1.2.33.2" HPOS="1224" VPOS="5076" WIDTH="52"/>
						<String CONTENT="pub." ID="St_1.2.33.3" HPOS="1304" VPOS="5060" HEIGHT="92" WIDTH="212" STYLEREFS="Style_13" WC="0.973333333333333" CC="0400"/>
						<SP ID="SP_1.2.33.4" HPOS="1504" VPOS="5100" WIDTH="40"/>
						<String CONTENT="co.," ID="St_1.2.33.5" HPOS="1572" VPOS="5080" HEIGHT="72" WIDTH="160" STYLEREFS="Style_13" WC="0.978888888888889" CC="0000"/>
						<SP ID="SP_1.2.33.6" HPOS="1720" VPOS="5100" WIDTH="40"/>
						<String CONTENT="Rochester," ID="St_1.2.33.7" HPOS="1788" VPOS="5056" HEIGHT="96" WIDTH="540" STYLEREFS="Style_13" WC="0.985555555555556" CC="0000000000"/>
						<SP ID="SP_1.2.33.8" HPOS="2316" VPOS="5100" WIDTH="40"/>
						<String CONTENT="N." ID="St_1.2.33.9" HPOS="2384" VPOS="5056" HEIGHT="80" WIDTH="116" STYLEREFS="Style_13" WC="0.986666666666667" CC="00"/>
						<SP ID="SP_1.2.33.10" HPOS="2484" VPOS="5100" WIDTH="40"/>
						<String CONTENT="Y" ID="St_1.2.33.11" HPOS="2552" VPOS="5060" HEIGHT="72" WIDTH="80" STYLEREFS="Style_13" WC="0.975555555555556" CC="4"/>
						<String CONTENT="." ID="St_1.2.33.12" HPOS="2640" VPOS="5120" HEIGHT="16" WIDTH="16" STYLEREFS="Style_13" WC="0.976666666666667" CC="0"/>
						<SP ID="SP_1.2.33.13" HPOS="2644" VPOS="5072" WIDTH="988"/>
						<String CONTENT="1628-1634" ID="St_1.2.33.14" HPOS="3632" VPOS="5052" HEIGHT="84" WIDTH="536" STYLEREFS="Style_13" WC="0.915555555555556" CC="000000000"/>
					</TextLine>
					<TextLine ID="TL_1.2.34" HPOS="496" VPOS="5208" HEIGHT="140" WIDTH="3864">
						<String CONTENT="The" ID="St_1.2.34.1" HPOS="496" VPOS="5212" HEIGHT="100" WIDTH="232" STYLEREFS="Style_13" WC="1" CC="000"/>
						<SP ID="SP_1.2.34.2" HPOS="696" VPOS="5228" WIDTH="64"/>
						<String CONTENT="Ohi" ID="St_1.2.34.3" HPOS="800" VPOS="5208" HEIGHT="104" WIDTH="220" STYLEREFS="Style_13" WC="1" CC="000"/>
						<String CONTENT="o" ID="St_1.2.34.4" HPOS="1028" VPOS="5240" HEIGHT="72" WIDTH="64" STYLEREFS="Style_13" WC="1" CC="0"/>
						<SP ID="SP_1.2.34.5" HPOS="1056" VPOS="5224" WIDTH="64"/>
						<String CONTENT="l" ID="St_1.2.34.6" HPOS="1156" VPOS="5216" HEIGHT="96" WIDTH="40" STYLEREFS="Style_13" WC="1" CC="0"/>
						<String CONTENT="aw" ID="St_1.2.34.7" HPOS="1208" VPOS="5252" HEIGHT="60" WIDTH="164" STYLEREFS="Style_13" WC="1" CC="00"/>
						<SP ID="SP_1.2.34.8" HPOS="1320" VPOS="5228" WIDTH="88"/>
						<String CONTENT="reporter." ID="St_1.2.34.9" HPOS="1444" VPOS="5224" HEIGHT="120" WIDTH="520" STYLEREFS="Style_13" WC="1" CC="000000000"/>
						<SP ID="SP_1.2.34.10" HPOS="1952" VPOS="5252" WIDTH="84"/>
						<String CONTENT="v" ID="St_1.2.34.11" HPOS="2112" VPOS="5252" HEIGHT="60" WIDTH="68" STYLEREFS="Style_13" WC="1" CC="0"/>
						<String CONTENT="." ID="St_1.2.34.12" HPOS="2192" VPOS="5300" HEIGHT="20" WIDTH="20" STYLEREFS="Style_13" WC="1" CC="0"/>
						<SP ID="SP_1.2.34.13" HPOS="2196" VPOS="5252" WIDTH="52"/>
						<String CONTENT="3" ID="St_1.2.34.14" HPOS="2288" VPOS="5220" HEIGHT="92" WIDTH="56" STYLEREFS="Style_13" WC="1" CC="0"/>
						<String CONTENT="0" ID="St_1.2.34.15" HPOS="2360" VPOS="5220" HEIGHT="92" WIDTH="60" STYLEREFS="Style_13" WC="1" CC="0"/>
						<String CONTENT="." ID="St_1.2.34.16" HPOS="2428" VPOS="5292" HEIGHT="16" WIDTH="16" STYLEREFS="Style_13" WC="1" CC="0"/>
						<SP ID="SP_1.2.34.17" HPOS="2432" VPOS="5248" WIDTH="80"/>
						<String CONTENT="A" ID="St_1.2.34.18" HPOS="2592" VPOS="5216" HEIGHT="96" WIDTH="112" STYLEREFS="Style_13" WC="1" CC="0"/>
						<SP ID="SP_1.2.34.19" HPOS="2644" VPOS="5212" WIDTH="88"/>
						<String CONTENT="week" ID="St_1.2.34.20" HPOS="2768" VPOS="5216" HEIGHT="100" WIDTH="300" STYLEREFS="Style_13" WC="1" CC="0000"/>
						<String CONTENT="l" ID="St_1.2.34.21" HPOS="3072" VPOS="5216" HEIGHT="96" WIDTH="40" STYLEREFS="Style_13" WC="1" CC="0"/>
						<String CONTENT="y" ID="St_1.2.34.22" HPOS="3116" VPOS="5252" HEIGHT="96" WIDTH="72" STYLEREFS="Style_13" WC="1" CC="0"/>
						<SP ID="SP_1.2.34.23" HPOS="3148" VPOS="5228" WIDTH="72"/>
						<String CONTENT="journal" ID="St_1.2.34.24" HPOS="3260" VPOS="5216" HEIGHT="132" WIDTH="440" STYLEREFS="Style_13" WC="1" CC="0000000"/>
						<SP ID="SP_1.2.34.25" HPOS="3676" VPOS="5216" WIDTH="56"/>
						<String CONTENT="published" ID="St_1.2.34.26" HPOS="3776" VPOS="5212" HEIGHT="136" WIDTH="584" STYLEREFS="Style_13" WC="0.991111111111111" CC="040000000"/>
					</TextLine>
					<TextLine ID="TL_1.2.35" HPOS="632" VPOS="5360" HEIGHT="136" WIDTH="3720">
						<String CONTENT="in" ID="St_1.2.35.1" HPOS="632" VPOS="5360" HEIGHT="104" WIDTH="116" STYLEREFS="Style_13" WC="0.777777777777778" CC="13"/>
						<SP ID="SP_1.2.35.2" HPOS="708" VPOS="5392" WIDTH="68"/>
						<String CONTENT="the" ID="St_1.2.35.3" HPOS="808" VPOS="5364" HEIGHT="100" WIDTH="184" STYLEREFS="Style_13" WC="0.925555555555556" CC="000"/>
						<SP ID="SP_1.2.35.4" HPOS="964" VPOS="5380" WIDTH="60"/>
						<String CONTENT="interest" ID="St_1.2.35.5" HPOS="1060" VPOS="5364" HEIGHT="100" WIDTH="456" STYLEREFS="Style_13" WC="0.97" CC="00000000"/>
						<SP ID="SP_1.2.35.6" HPOS="1488" VPOS="5376" WIDTH="56"/>
						<String CONTENT="of" ID="St_1.2.35.7" HPOS="1580" VPOS="5364" HEIGHT="100" WIDTH="124" STYLEREFS="Style_13" WC="0.974444444444444" CC="00"/>
						<SP ID="SP_1.2.35.8" HPOS="1676" VPOS="5368" WIDTH="56"/>
						<String CONTENT="the" ID="St_1.2.35.9" HPOS="1764" VPOS="5364" HEIGHT="104" WIDTH="184" STYLEREFS="Style_13" WC="0.978888888888889" CC="000"/>
						<SP ID="SP_1.2.35.10" HPOS="1916" VPOS="5384" WIDTH="60"/>
						<String CONTENT="legal" ID="St_1.2.35.11" HPOS="2012" VPOS="5368" HEIGHT="128" WIDTH="288" STYLEREFS="Style_13" WC="0.983333333333333" CC="00000"/>
						<SP ID="SP_1.2.35.12" HPOS="2276" VPOS="5364" WIDTH="56"/>
						<String CONTENT="profession" ID="St_1.2.35.13" HPOS="2372" VPOS="5368" HEIGHT="128" WIDTH="620" STYLEREFS="Style_13" WC="0.987777777777778" CC="0000000000"/>
						<SP ID="SP_1.2.35.14" HPOS="2952" VPOS="5384" WIDTH="68"/>
						<String CONTENT="in" ID="St_1.2.35.15" HPOS="3056" VPOS="5368" HEIGHT="100" WIDTH="112" STYLEREFS="Style_13" WC="0.988888888888889" CC="00"/>
						<SP ID="SP_1.2.35.16" HPOS="3132" VPOS="5384" WIDTH="72"/>
						<String CONTENT="the" ID="St_1.2.35.17" HPOS="3244" VPOS="5368" HEIGHT="100" WIDTH="180" STYLEREFS="Style_13" WC="0.99" CC="000"/>
						<SP ID="SP_1.2.35.18" HPOS="3396" VPOS="5384" WIDTH="60"/>
						<String CONTENT="state" ID="St_1.2.35.19" HPOS="3496" VPOS="5372" HEIGHT="96" WIDTH="276" STYLEREFS="Style_13" WC="0.991111111111111" CC="00000"/>
						<SP ID="SP_1.2.35.20" HPOS="3740" VPOS="5388" WIDTH="64"/>
						<String CONTENT="of" ID="St_1.2.35.21" HPOS="3840" VPOS="5368" HEIGHT="100" WIDTH="124" STYLEREFS="Style_13" WC="0.991111111111111" CC="00"/>
						<SP ID="SP_1.2.35.22" HPOS="3932" VPOS="5372" WIDTH="64"/>
						<String CONTENT="Ohio." ID="St_1.2.35.23" HPOS="4036" VPOS="5360" HEIGHT="104" WIDTH="316" STYLEREFS="Style_13" WC="0.984444444444444" CC="40000"/>
					</TextLine>
					<TextLine ID="TL_1.2.36" HPOS="628" VPOS="5512" HEIGHT="132" WIDTH="3732">
						<String CONTENT="V" ID="St_1.2.36.1" HPOS="628" VPOS="5516" HEIGHT="88" WIDTH="104" STYLEREFS="Style_13" WC="0.444444444444444" CC="5"/>
						<String CONTENT="inton" ID="St_1.2.36.2" HPOS="740" VPOS="5512" HEIGHT="100" WIDTH="316" STYLEREFS="Style_13" WC="0.906666666666667" CC="00000"/>
						<SP ID="SP_1.2.36.3" HPOS="1016" VPOS="5536" WIDTH="76"/>
						<String CONTENT="R." ID="St_1.2.36.4" HPOS="1128" VPOS="5512" HEIGHT="100" WIDTH="124" STYLEREFS="Style_13" WC="0.888888888888889" CC="40"/>
						<SP ID="SP_1.2.36.5" HPOS="1240" VPOS="5552" WIDTH="52"/>
						<String CONTENT="Shepard," ID="St_1.2.36.6" HPOS="1340" VPOS="5512" HEIGHT="132" WIDTH="540" STYLEREFS="Style_13" WC="0.918888888888889" CC="00000004"/>
						<SP ID="SP_1.2.36.7" HPOS="1864" VPOS="5552" WIDTH="48"/>
						<String CONTENT="editor." ID="St_1.2.36.8" HPOS="1952" VPOS="5512" HEIGHT="104" WIDTH="388" STYLEREFS="Style_13" WC="0.944444444444444" CC="0000000"/>
						<SP ID="SP_1.2.36.9" HPOS="2328" VPOS="5552" WIDTH="80"/>
						<String CONTENT="Cincinnati." ID="St_1.2.36.10" HPOS="2488" VPOS="5512" HEIGHT="104" WIDTH="668" STYLEREFS="Style_13" WC="0.946666666666667" CC="00000000005"/>
						<SP ID="SP_1.2.36.11" HPOS="3148" VPOS="5556" WIDTH="48"/>
						<String CONTENT="The" ID="St_1.2.36.12" HPOS="3236" VPOS="5516" HEIGHT="100" WIDTH="236" STYLEREFS="Style_13" WC="0.952222222222222" CC="000"/>
						<SP ID="SP_1.2.36.13" HPOS="3440" VPOS="5532" WIDTH="68"/>
						<String CONTENT="Ohio" ID="St_1.2.36.14" HPOS="3548" VPOS="5512" HEIGHT="104" WIDTH="296" STYLEREFS="Style_13" WC="0.956666666666667" CC="0000"/>
						<SP ID="SP_1.2.36.15" HPOS="3808" VPOS="5532" WIDTH="68"/>
						<String CONTENT="law" ID="St_1.2.36.16" HPOS="3912" VPOS="5516" HEIGHT="96" WIDTH="212" STYLEREFS="Style_13" WC="0.96" CC="000"/>
						<SP ID="SP_1.2.36.17" HPOS="4072" VPOS="5536" WIDTH="88"/>
						<String CONTENT="re-" ID="St_1.2.36.18" HPOS="4204" VPOS="5552" HEIGHT="60" WIDTH="156" STYLEREFS="Style_13" WC="0.951111111111111" CC="411"/>
					</TextLine>
					<TextLine ID="TL_1.2.37" HPOS="628" VPOS="5668" HEIGHT="132" WIDTH="1352">
						<String CONTENT="porter" ID="St_1.2.37.1" HPOS="628" VPOS="5676" HEIGHT="116" WIDTH="376" STYLEREFS="Style_13" WC="1" CC="000000"/>
						<SP ID="SP_1.2.37.2" HPOS="976" VPOS="5680" WIDTH="56"/>
						<String CONTENT="company," ID="St_1.2.37.3" HPOS="1060" VPOS="5696" HEIGHT="104" WIDTH="576" STYLEREFS="Style_13" WC="1" CC="00000000"/>
						<SP ID="SP_1.2.37.4" HPOS="1620" VPOS="5708" WIDTH="44"/>
						<String CONTENT="1930." ID="St_1.2.37.5" HPOS="1696" VPOS="5668" HEIGHT="96" WIDTH="284" STYLEREFS="Style_13" WC="1" CC="00000"/>
					</TextLine>
					<TextLine ID="TL_1.2.38" HPOS="624" VPOS="5808" HEIGHT="104" WIDTH="1092">
						<String CONTENT="xiii," ID="St_1.2.38.1" HPOS="624" VPOS="5816" HEIGHT="92" WIDTH="200" STYLEREFS="Style_13" WC="1" CC="00000"/>
						<SP ID="SP_1.2.38.2" HPOS="812" VPOS="5840" WIDTH="40"/>
						<String CONTENT="680" ID="St_1.2.38.3" HPOS="884" VPOS="5816" HEIGHT="80" WIDTH="168" STYLEREFS="Style_13" WC="1" CC="000"/>
						<SP ID="SP_1.2.38.4" HPOS="1020" VPOS="5808" WIDTH="60"/>
						<String CONTENT="p." ID="St_1.2.38.5" HPOS="1108" VPOS="5836" HEIGHT="76" WIDTH="80" STYLEREFS="Style_13" WC="1" CC="00"/>
						<SP ID="SP_1.2.38.6" HPOS="1176" VPOS="5840" WIDTH="68"/>
						<String CONTENT="24&#x0368;&#x036b;." ID="St_1.2.38.7" HPOS="1304" VPOS="5812" HEIGHT="88" WIDTH="412" STYLEREFS="Style_13" WC="0.974444444444444" CC="00004"/>
					</TextLine>
					<TextLine ID="TL_1.2.39" HPOS="500" VPOS="5916" HEIGHT="104" WIDTH="3840">
						<String CONTENT="&#x00A9;" ID="St_1.2.39.1" HPOS="500" VPOS="5916" HEIGHT="96" WIDTH="96" STYLEREFS="Style_13" WC="0.555555555555556" CC="4"/>
						<SP ID="SP_1.2.39.2" HPOS="544" VPOS="5916" WIDTH="84"/>
						<String CONTENT="Feb." ID="St_1.2.39.3" HPOS="664" VPOS="5924" HEIGHT="80" WIDTH="216" STYLEREFS="Style_13" WC="0.925555555555556" CC="0000"/>
						<SP ID="SP_1.2.39.4" HPOS="864" VPOS="5960" WIDTH="44"/>
						<String CONTENT="10," ID="St_1.2.39.5" HPOS="940" VPOS="5924" HEIGHT="96" WIDTH="132" STYLEREFS="Style_13" WC="0.955555555555556" CC="000"/>
						<SP ID="SP_1.2.39.6" HPOS="1060" VPOS="5960" WIDTH="40"/>
						<String CONTENT="1930;" ID="St_1.2.39.7" HPOS="1132" VPOS="5924" HEIGHT="92" WIDTH="276" STYLEREFS="Style_13" WC="0.972222222222222" CC="00000"/>
						<SP ID="SP_1.2.39.8" HPOS="1392" VPOS="5940" WIDTH="44"/>
						<String CONTENT="2c." ID="St_1.2.39.9" HPOS="1472" VPOS="5928" HEIGHT="76" WIDTH="128" STYLEREFS="Style_13" WC="0.977777777777778" CC="000"/>
						<SP ID="SP_1.2.39.10" HPOS="1588" VPOS="5960" WIDTH="40"/>
						<String CONTENT="and" ID="St_1.2.39.11" HPOS="1664" VPOS="5932" HEIGHT="72" WIDTH="188" STYLEREFS="Style_13" WC="0.981111111111111" CC="000"/>
						<SP ID="SP_1.2.39.12" HPOS="1816" VPOS="5932" WIDTH="64"/>
						<String CONTENT="aff." ID="St_1.2.39.13" HPOS="1912" VPOS="5928" HEIGHT="76" WIDTH="156" STYLEREFS="Style_13" WC="0.984444444444444" CC="0000"/>
						<SP ID="SP_1.2.39.14" HPOS="2056" VPOS="5960" WIDTH="40"/>
						<String CONTENT="Feb." ID="St_1.2.39.15" HPOS="2132" VPOS="5928" HEIGHT="76" WIDTH="216" STYLEREFS="Style_13" WC="0.986666666666667" CC="0000"/>
						<SP ID="SP_1.2.39.16" HPOS="2336" VPOS="5960" WIDTH="40"/>
						<String CONTENT="12;" ID="St_1.2.39.17" HPOS="2412" VPOS="5928" HEIGHT="92" WIDTH="160" STYLEREFS="Style_13" WC="0.987777777777778" CC="000"/>
						<SP ID="SP_1.2.39.18" HPOS="2556" VPOS="5940" WIDTH="44"/>
						<String CONTENT="A" ID="St_1.2.39.19" HPOS="2636" VPOS="5932" HEIGHT="72" WIDTH="84" STYLEREFS="Style_13" WC="0.988888888888889" CC="0"/>
						<SP ID="SP_1.2.39.20" HPOS="2672" VPOS="5932" WIDTH="72"/>
						<String CONTENT="19494;" ID="St_1.2.39.21" HPOS="2776" VPOS="5928" HEIGHT="92" WIDTH="332" STYLEREFS="Style_13" WC="0.99" CC="000000"/>
						<SP ID="SP_1.2.39.22" HPOS="3096" VPOS="5940" WIDTH="44"/>
						<String CONTENT="Ohio" ID="St_1.2.39.23" HPOS="3180" VPOS="5928" HEIGHT="80" WIDTH="236" STYLEREFS="Style_13" WC="0.991111111111111" CC="0000"/>
						<SP ID="SP_1.2.39.24" HPOS="3384" VPOS="5940" WIDTH="60"/>
						<String CONTENT="law" ID="St_1.2.39.25" HPOS="3476" VPOS="5932" HEIGHT="72" WIDTH="188" STYLEREFS="Style_13" WC="0.991111111111111" CC="000"/>
						<SP ID="SP_1.2.39.26" HPOS="3616" VPOS="5940" WIDTH="76"/>
						<String CONTENT="reporter" ID="St_1.2.39.27" HPOS="3724" VPOS="5932" HEIGHT="88" WIDTH="424" STYLEREFS="Style_13" WC="0.992222222222222" CC="00000000"/>
						<SP ID="SP_1.2.39.28" HPOS="4120" VPOS="5940" WIDTH="56"/>
						<String CONTENT="c" ID="St_1.2.39.29" HPOS="4212" VPOS="5940" HEIGHT="68" WIDTH="44" STYLEREFS="Style_13" WC="0.986666666666667" CC="4"/>
						<String CONTENT="o" ID="St_1.2.39.30" HPOS="4264" VPOS="5952" HEIGHT="56" WIDTH="52" STYLEREFS="Style_13" WC="0.981111111111111" CC="3"/>
						<String CONTENT="." ID="St_1.2.39.31" HPOS="4328" VPOS="5996" HEIGHT="12" WIDTH="12" STYLEREFS="Style_13" WC="0.98" CC="1"/>
					</TextLine>
					<TextLine ID="TL_1.2.40" HPOS="3956" VPOS="6032" HEIGHT="84" WIDTH="232">
						<String CONTENT="1635" ID="St_1.2.40.1" HPOS="3956" VPOS="6032" HEIGHT="84" WIDTH="232" STYLEREFS="Style_13" WC="1" CC="0000"/>
					</TextLine>
					<TextLine ID="TL_1.2.41" HPOS="496" VPOS="6188" HEIGHT="124" WIDTH="1924">
						<String CONTENT="Pennsylvania" ID="St_1.2.41.1" HPOS="496" VPOS="6188" HEIGHT="120" WIDTH="844" STYLEREFS="Style_13" WC="1" CC="000000000000"/>
						<SP ID="SP_1.2.41.2" HPOS="1304" VPOS="6200" WIDTH="64"/>
						<String CONTENT="German" ID="St_1.2.41.3" HPOS="1400" VPOS="6188" HEIGHT="104" WIDTH="496" STYLEREFS="Style_13" WC="1" CC="000000"/>
						<SP ID="SP_1.2.41.4" HPOS="1852" VPOS="6200" WIDTH="68"/>
						<String CONTENT="society." ID="St_1.2.41.5" HPOS="1952" VPOS="6188" HEIGHT="124" WIDTH="468" STYLEREFS="Style_13" WC="1" CC="00000000"/>
					</TextLine>
					<TextLine ID="TL_1.2.42" HPOS="692" VPOS="6340" HEIGHT="136" WIDTH="3664">
						<String CONTENT="&#x0085;" ID="St_1.2.42.1" HPOS="692" VPOS="6344" HEIGHT="104" WIDTH="64" STYLEREFS="Style_13" WC="1" CC="0"/>
						<SP ID="SP_1.2.42.2" HPOS="736" VPOS="6420" WIDTH="16"/>
						<String CONTENT="Proceedings" ID="St_1.2.42.3" HPOS="820" VPOS="6340" HEIGHT="132" WIDTH="736" STYLEREFS="Style_13" WC="0.973333333333333" CC="00000000000"/>
						<SP ID="SP_1.2.42.4" HPOS="1528" VPOS="6356" WIDTH="56"/>
						<String CONTENT="and" ID="St_1.2.42.5" HPOS="1616" VPOS="6344" HEIGHT="100" WIDTH="212" STYLEREFS="Style_13" WC="0.98" CC="000"/>
						<SP ID="SP_1.2.42.6" HPOS="1792" VPOS="6340" WIDTH="64"/>
						<String CONTENT="addresses" ID="St_1.2.42.7" HPOS="1892" VPOS="6344" HEIGHT="104" WIDTH="564" STYLEREFS="Style_13" WC="0.986666666666667" CC="000000000"/>
						<SP ID="SP_1.2.42.8" HPOS="2428" VPOS="6360" WIDTH="56"/>
						<String CONTENT="at" ID="St_1.2.42.9" HPOS="2516" VPOS="6352" HEIGHT="92" WIDTH="112" STYLEREFS="Style_13" WC="0.988888888888889" CC="00"/>
						<SP ID="SP_1.2.42.10" HPOS="2600" VPOS="6344" WIDTH="56"/>
						<String CONTENT="Lancaster," ID="St_1.2.42.11" HPOS="2684" VPOS="6344" HEIGHT="132" WIDTH="636" STYLEREFS="Style_13" WC="0.991111111111111" CC="0000000000"/>
						<SP ID="SP_1.2.42.12" HPOS="3304" VPOS="6380" WIDTH="40"/>
						<String CONTENT="October" ID="St_1.2.42.13" HPOS="3376" VPOS="6344" HEIGHT="104" WIDTH="472" STYLEREFS="Style_13" WC="0.992222222222222" CC="0000000"/>
						<SP ID="SP_1.2.42.14" HPOS="3816" VPOS="6356" WIDTH="60"/>
						<String CONTENT="9," ID="St_1.2.42.15" HPOS="3908" VPOS="6352" HEIGHT="100" WIDTH="96" STYLEREFS="Style_13" WC="0.993333333333333" CC="00"/>
						<SP ID="SP_1.2.42.16" HPOS="3988" VPOS="6380" WIDTH="44"/>
						<String CONTENT="1925." ID="St_1.2.42.17" HPOS="4064" VPOS="6348" HEIGHT="96" WIDTH="292" STYLEREFS="Style_13" WC="0.993333333333333" CC="00000"/>
					</TextLine>
					<TextLine ID="TL_1.2.43" HPOS="496" VPOS="6488" HEIGHT="140" WIDTH="2412">
						<String CONTENT="v." ID="St_1.2.43.1" HPOS="496" VPOS="6524" HEIGHT="68" WIDTH="100" STYLEREFS="Style_13" WC="1" CC="00"/>
						<SP ID="SP_1.2.43.2" HPOS="584" VPOS="6528" WIDTH="40"/>
						<String CONTENT="36." ID="St_1.2.43.3" HPOS="656" VPOS="6496" HEIGHT="92" WIDTH="156" STYLEREFS="Style_13" WC="1" CC="000"/>
						<SP ID="SP_1.2.43.4" HPOS="800" VPOS="6528" WIDTH="88"/>
						<String CONTENT="[" ID="St_1.2.43.5" HPOS="972" VPOS="6556" HEIGHT="60" WIDTH="20" STYLEREFS="Style_13" WC="0.902222222222222" CC="7"/>
						<String CONTENT="Norristown" ID="St_1.2.43.6" HPOS="1004" VPOS="6488" HEIGHT="104" WIDTH="692" STYLEREFS="Style_13" WC="0.956666666666667" CC="0000000000"/>
						<String CONTENT="]" ID="St_1.2.43.7" HPOS="1708" VPOS="6556" HEIGHT="64" WIDTH="24" STYLEREFS="Style_13" WC="0.958888888888889" CC="0"/>
						<SP ID="SP_1.2.43.8" HPOS="1716" VPOS="6520" WIDTH="44"/>
						<String CONTENT="The" ID="St_1.2.43.9" HPOS="1796" VPOS="6492" HEIGHT="100" WIDTH="232" STYLEREFS="Style_13" WC="0.965555555555556" CC="000"/>
						<SP ID="SP_1.2.43.10" HPOS="1996" VPOS="6508" WIDTH="60"/>
						<String CONTENT="Society" ID="St_1.2.43.11" HPOS="2088" VPOS="6488" HEIGHT="140" WIDTH="440" STYLEREFS="Style_13" WC="0.974444444444444" CC="0000000"/>
						<String CONTENT="," ID="St_1.2.43.12" HPOS="2528" VPOS="6532" HEIGHT="52" WIDTH="28" STYLEREFS="Style_13" WC="0.975555555555556" CC="0"/>
						<SP ID="SP_1.2.43.13" HPOS="2548" VPOS="6532" WIDTH="44"/>
						<String CONTENT="1929." ID="St_1.2.43.14" HPOS="2624" VPOS="6496" HEIGHT="96" WIDTH="284" STYLEREFS="Style_13" WC="0.978888888888889" CC="00000"/>
					</TextLine>
					<TextLine ID="TL_1.2.44" HPOS="628" VPOS="6640" HEIGHT="100" WIDTH="2124">
						<String CONTENT="iv" ID="St_1.2.44.1" HPOS="628" VPOS="6640" HEIGHT="80" WIDTH="96" STYLEREFS="Style_13" WC="1" CC="00"/>
						<String CONTENT="," ID="St_1.2.44.2" HPOS="732" VPOS="6704" HEIGHT="28" WIDTH="16" STYLEREFS="Style_13" WC="1" CC="0"/>
						<SP ID="SP_1.2.44.3" HPOS="736" VPOS="6664" WIDTH="44"/>
						<String CONTENT="5" ID="St_1.2.44.4" HPOS="820" VPOS="6644" HEIGHT="76" WIDTH="48" STYLEREFS="Style_13" WC="0.911111111111111" CC="4"/>
						<String CONTENT="-222" ID="St_1.2.44.5" HPOS="872" VPOS="6644" HEIGHT="72" WIDTH="224" STYLEREFS="Style_13" WC="0.95" CC="0000"/>
						<SP ID="SP_1.2.44.6" HPOS="1064" VPOS="6640" WIDTH="64"/>
						<String CONTENT="p" ID="St_1.2.44.7" HPOS="1168" VPOS="6668" HEIGHT="68" WIDTH="60" STYLEREFS="Style_13" WC="0.958888888888889" CC="0"/>
						<String CONTENT="." ID="St_1.2.44.8" HPOS="1228" VPOS="6672" HEIGHT="44" WIDTH="20" STYLEREFS="Style_13" WC="0.925555555555556" CC="4"/>
						<SP ID="SP_1.2.44.9" HPOS="1240" VPOS="6672" WIDTH="68"/>
						<String CONTENT="front." ID="St_1.2.44.10" HPOS="1372" VPOS="6644" HEIGHT="80" WIDTH="292" STYLEREFS="Style_13" WC="0.952222222222222" CC="000000"/>
						<SP ID="SP_1.2.44.11" HPOS="1652" VPOS="6672" WIDTH="36"/>
						<String CONTENT="(port.)" ID="St_1.2.44.12" HPOS="1720" VPOS="6644" HEIGHT="96" WIDTH="332" STYLEREFS="Style_13" WC="0.966666666666667" CC="0000000"/>
						<SP ID="SP_1.2.44.13" HPOS="2032" VPOS="6640" WIDTH="84"/>
						<String CONTENT="25&#x00BD;&#x0368;&#x036b;." ID="St_1.2.44.14" HPOS="2192" VPOS="6640" HEIGHT="84" WIDTH="560" STYLEREFS="Style_13" WC="0.96" CC="000004"/>
					</TextLine>
					<TextLine ID="TL_1.2.45" HPOS="504" VPOS="6740" HEIGHT="108" WIDTH="3836">
						<String CONTENT="&#x00A9;" ID="St_1.2.45.1" HPOS="504" VPOS="6740" HEIGHT="100" WIDTH="96" STYLEREFS="Style_13" WC="0.555555555555556" CC="4"/>
						<SP ID="SP_1.2.45.2" HPOS="548" VPOS="6744" WIDTH="84"/>
						<String CONTENT="Dec." ID="St_1.2.45.3" HPOS="668" VPOS="6752" HEIGHT="80" WIDTH="212" STYLEREFS="Style_13" WC="0.925555555555556" CC="0000"/>
						<SP ID="SP_1.2.45.4" HPOS="868" VPOS="6784" WIDTH="40"/>
						<String CONTENT="6," ID="St_1.2.45.5" HPOS="944" VPOS="6748" HEIGHT="96" WIDTH="76" STYLEREFS="Style_13" WC="0.95" CC="00"/>
						<SP ID="SP_1.2.45.6" HPOS="1008" VPOS="6784" WIDTH="40"/>
						<String CONTENT="1929;" ID="St_1.2.45.7" HPOS="1084" VPOS="6752" HEIGHT="80" WIDTH="260" STYLEREFS="Style_13" WC="0.955555555555556" CC="00110"/>
						<SP ID="SP_1.2.45.8" HPOS="1340" VPOS="6764" WIDTH="40"/>
						<String CONTENT="2c." ID="St_1.2.45.9" HPOS="1420" VPOS="6752" HEIGHT="80" WIDTH="128" STYLEREFS="Style_13" WC="0.928888888888889" CC="140"/>
						<SP ID="SP_1.2.45.10" HPOS="1536" VPOS="6788" WIDTH="40"/>
						<String CONTENT="Feb." ID="St_1.2.45.11" HPOS="1612" VPOS="6756" HEIGHT="80" WIDTH="216" STYLEREFS="Style_13" WC="0.944444444444444" CC="0000"/>
						<SP ID="SP_1.2.45.12" HPOS="1816" VPOS="6788" WIDTH="40"/>
						<String CONTENT="8" ID="St_1.2.45.13" HPOS="1892" VPOS="6756" HEIGHT="76" WIDTH="52" STYLEREFS="Style_13" WC="0.931111111111111" CC="4"/>
						<String CONTENT="," ID="St_1.2.45.14" HPOS="1952" VPOS="6816" HEIGHT="20" WIDTH="20" STYLEREFS="Style_13" WC="0.933333333333333" CC="0"/>
						<SP ID="SP_1.2.45.15" HPOS="1956" VPOS="6784" WIDTH="44"/>
						<String CONTENT="19" ID="St_1.2.45.16" HPOS="2032" VPOS="6756" HEIGHT="76" WIDTH="108" STYLEREFS="Style_13" WC="0.94" CC="00"/>
						<String CONTENT="3" ID="St_1.2.45.17" HPOS="2144" VPOS="6756" HEIGHT="76" WIDTH="52" STYLEREFS="Style_13" WC="0.927777777777778" CC="4"/>
						<String CONTENT="0;" ID="St_1.2.45.18" HPOS="2204" VPOS="6756" HEIGHT="92" WIDTH="100" STYLEREFS="Style_13" WC="0.932222222222222" CC="00"/>
						<SP ID="SP_1.2.45.19" HPOS="2292" VPOS="6764" WIDTH="44"/>
						<String CONTENT="aff." ID="St_1.2.45.20" HPOS="2372" VPOS="6756" HEIGHT="76" WIDTH="156" STYLEREFS="Style_13" WC="0.941111111111111" CC="0000"/>
						<SP ID="SP_1.2.45.21" HPOS="2516" VPOS="6788" WIDTH="44"/>
						<String CONTENT="Jan." ID="St_1.2.45.22" HPOS="2600" VPOS="6760" HEIGHT="76" WIDTH="212" STYLEREFS="Style_13" WC="0.947777777777778" CC="0000"/>
						<SP ID="SP_1.2.45.23" HPOS="2796" VPOS="6788" WIDTH="44"/>
						<String CONTENT="27;" ID="St_1.2.45.24" HPOS="2876" VPOS="6760" HEIGHT="88" WIDTH="156" STYLEREFS="Style_13" WC="0.952222222222222" CC="000"/>
						<SP ID="SP_1.2.45.25" HPOS="3020" VPOS="6768" WIDTH="44"/>
						<String CONTENT="A" ID="St_1.2.45.26" HPOS="3104" VPOS="6756" HEIGHT="76" WIDTH="84" STYLEREFS="Style_13" WC="0.954444444444444" CC="0"/>
						<SP ID="SP_1.2.45.27" HPOS="3140" VPOS="6756" WIDTH="76"/>
						<String CONTENT="19467;" ID="St_1.2.45.28" HPOS="3248" VPOS="6756" HEIGHT="92" WIDTH="328" STYLEREFS="Style_13" WC="0.96" CC="000000"/>
						<SP ID="SP_1.2.45.29" HPOS="3560" VPOS="6768" WIDTH="48"/>
						<String CONTENT="Pennsylvania" ID="St_1.2.45.30" HPOS="3648" VPOS="6756" HEIGHT="92" WIDTH="692" STYLEREFS="Style_13" WC="0.967777777777778" CC="000000000000"/>
					</TextLine>
					<TextLine ID="TL_1.2.46" HPOS="640" VPOS="6860" HEIGHT="100" WIDTH="3540">
						<String CONTENT="German" ID="St_1.2.46.1" HPOS="640" VPOS="6860" HEIGHT="76" WIDTH="404" STYLEREFS="Style_13" WC="1" CC="000000"/>
						<SP ID="SP_1.2.46.2" HPOS="1008" VPOS="6884" WIDTH="60"/>
						<String CONTENT="soc.," ID="St_1.2.46.3" HPOS="1096" VPOS="6880" HEIGHT="76" WIDTH="208" STYLEREFS="Style_13" WC="1" CC="00000"/>
						<SP ID="SP_1.2.46.4" HPOS="1292" VPOS="6904" WIDTH="36"/>
						<String CONTENT="Norristown," ID="St_1.2.46.5" HPOS="1360" VPOS="6860" HEIGHT="96" WIDTH="616" STYLEREFS="Style_13" WC="1" CC="00000000000"/>
						<SP ID="SP_1.2.46.6" HPOS="1960" VPOS="6904" WIDTH="40"/>
						<String CONTENT="Pa." ID="St_1.2.46.7" HPOS="2032" VPOS="6868" HEIGHT="76" WIDTH="160" STYLEREFS="Style_13" WC="1" CC="000"/>
						<SP ID="SP_1.2.46.8" HPOS="2180" VPOS="6860" WIDTH="1772"/>
						<String CONTENT="1636" ID="St_1.2.46.9" HPOS="3952" VPOS="6860" HEIGHT="84" WIDTH="228" STYLEREFS="Style_13" WC="0.807777777777778" CC="0000"/>
					</TextLine>
					<TextLine ID="TL_1.2.47" HPOS="500" VPOS="7012" HEIGHT="128" WIDTH="2088">
						<String CONTENT="Percy," ID="St_1.2.47.1" HPOS="500" VPOS="7012" HEIGHT="120" WIDTH="396" STYLEREFS="Style_13" WC="1" CC="000000"/>
						<SP ID="SP_1.2.47.2" HPOS="876" VPOS="7048" WIDTH="48"/>
						<String CONTENT="William" ID="St_1.2.47.3" HPOS="956" VPOS="7012" HEIGHT="104" WIDTH="492" STYLEREFS="Style_13" WC="1" CC="0000000"/>
						<SP ID="SP_1.2.47.4" HPOS="1388" VPOS="7028" WIDTH="88"/>
						<String CONTENT="Alexander," ID="St_1.2.47.5" HPOS="1504" VPOS="7016" HEIGHT="124" WIDTH="688" STYLEREFS="Style_13" WC="1" CC="0000000000"/>
						<SP ID="SP_1.2.47.6" HPOS="2172" VPOS="7056" WIDTH="48"/>
						<String CONTENT="1885-" ID="St_1.2.47.7" HPOS="2260" VPOS="7028" HEIGHT="96" WIDTH="328" STYLEREFS="Style_13" WC="1" CC="00000"/>
					</TextLine>
					<TextLine ID="TL_1.2.48" HPOS="648" VPOS="7160" HEIGHT="144" WIDTH="3712">
						<String CONTENT="Selected" ID="St_1.2.48.1" HPOS="648" VPOS="7160" HEIGHT="108" WIDTH="488" STYLEREFS="Style_13" WC="1" CC="00000000"/>
						<SP ID="SP_1.2.48.2" HPOS="1096" VPOS="7164" WIDTH="68"/>
						<String CONTENT="poems" ID="St_1.2.48.3" HPOS="1196" VPOS="7200" HEIGHT="96" WIDTH="368" STYLEREFS="Style_13" WC="1" CC="00000"/>
						<SP ID="SP_1.2.48.4" HPOS="1536" VPOS="7184" WIDTH="60"/>
						<String CONTENT="[" ID="St_1.2.48.5" HPOS="1636" VPOS="7160" HEIGHT="88" WIDTH="48" STYLEREFS="Style_13" WC="1" CC="0"/>
						<String CONTENT="by" ID="St_1.2.48.6" HPOS="1664" VPOS="7168" HEIGHT="132" WIDTH="148" STYLEREFS="Style_13" WC="0.986666666666667" CC="11"/>
						<String CONTENT="]" ID="St_1.2.48.7" HPOS="1820" VPOS="7232" HEIGHT="64" WIDTH="24" STYLEREFS="Style_13" WC="0.941111111111111" CC="8"/>
						<SP ID="SP_1.2.48.8" HPOS="1824" VPOS="7196" WIDTH="48"/>
						<String CONTENT="William" ID="St_1.2.48.9" HPOS="1908" VPOS="7168" HEIGHT="104" WIDTH="500" STYLEREFS="Style_13" WC="0.957777777777778" CC="0000000"/>
						<SP ID="SP_1.2.48.10" HPOS="2348" VPOS="7184" WIDTH="88"/>
						<String CONTENT="Alexander" ID="St_1.2.48.11" HPOS="2468" VPOS="7168" HEIGHT="104" WIDTH="636" STYLEREFS="Style_13" WC="0.968888888888889" CC="000000000"/>
						<SP ID="SP_1.2.48.12" HPOS="3072" VPOS="7184" WIDTH="56"/>
						<String CONTENT="Percy," ID="St_1.2.48.13" HPOS="3160" VPOS="7172" HEIGHT="132" WIDTH="388" STYLEREFS="Style_13" WC="0.974444444444444" CC="000000"/>
						<SP ID="SP_1.2.48.14" HPOS="3532" VPOS="7208" WIDTH="44"/>
						<String CONTENT="with" ID="St_1.2.48.15" HPOS="3608" VPOS="7172" HEIGHT="100" WIDTH="268" STYLEREFS="Style_13" WC="0.976666666666667" CC="0000"/>
						<SP ID="SP_1.2.48.16" HPOS="3836" VPOS="7168" WIDTH="68"/>
						<String CONTENT="a" ID="St_1.2.48.17" HPOS="3940" VPOS="7208" HEIGHT="68" WIDTH="60" STYLEREFS="Style_13" WC="0.977777777777778" CC="0"/>
						<SP ID="SP_1.2.48.18" HPOS="3964" VPOS="7184" WIDTH="64"/>
						<String CONTENT="pref-" ID="St_1.2.48.19" HPOS="4060" VPOS="7172" HEIGHT="132" WIDTH="300" STYLEREFS="Style_13" WC="0.98" CC="00000"/>
					</TextLine>
					<TextLine ID="TL_1.2.49" HPOS="508" VPOS="7312" HEIGHT="144" WIDTH="3844">
						<String CONTENT="ace" ID="St_1.2.49.1" HPOS="508" VPOS="7348" HEIGHT="64" WIDTH="176" STYLEREFS="Style_13" WC="1" CC="000"/>
						<SP ID="SP_1.2.49.2" HPOS="652" VPOS="7332" WIDTH="60"/>
						<String CONTENT="by" ID="St_1.2.49.3" HPOS="748" VPOS="7312" HEIGHT="132" WIDTH="148" STYLEREFS="Style_13" WC="1" CC="00"/>
						<SP ID="SP_1.2.49.4" HPOS="856" VPOS="7328" WIDTH="68"/>
						<String CONTENT="Llewellyn" ID="St_1.2.49.5" HPOS="956" VPOS="7312" HEIGHT="136" WIDTH="600" STYLEREFS="Style_13" WC="1" CC="000000000"/>
						<SP ID="SP_1.2.49.6" HPOS="1516" VPOS="7328" WIDTH="72"/>
						<String CONTENT="Jones." ID="St_1.2.49.7" HPOS="1624" VPOS="7316" HEIGHT="104" WIDTH="364" STYLEREFS="Style_13" WC="1" CC="000000"/>
						<SP ID="SP_1.2.49.8" HPOS="1976" VPOS="7352" WIDTH="84"/>
						<String CONTENT="New" ID="St_1.2.49.9" HPOS="2136" VPOS="7316" HEIGHT="104" WIDTH="268" STYLEREFS="Style_13" WC="1" CC="000"/>
						<SP ID="SP_1.2.49.10" HPOS="2352" VPOS="7328" WIDTH="80"/>
						<String CONTENT="Haven," ID="St_1.2.49.11" HPOS="2468" VPOS="7316" HEIGHT="136" WIDTH="436" STYLEREFS="Style_13" WC="1" CC="000000"/>
						<SP ID="SP_1.2.49.12" HPOS="2888" VPOS="7360" WIDTH="44"/>
						<String CONTENT="Yale" ID="St_1.2.49.13" HPOS="2972" VPOS="7320" HEIGHT="104" WIDTH="276" STYLEREFS="Style_13" WC="1" CC="0000"/>
						<SP ID="SP_1.2.49.14" HPOS="3216" VPOS="7332" WIDTH="60"/>
						<String CONTENT="university" ID="St_1.2.49.15" HPOS="3316" VPOS="7320" HEIGHT="136" WIDTH="616" STYLEREFS="Style_13" WC="1" CC="0000000000"/>
						<SP ID="SP_1.2.49.16" HPOS="3888" VPOS="7332" WIDTH="72"/>
						<String CONTENT="press;" ID="St_1.2.49.17" HPOS="4000" VPOS="7352" HEIGHT="100" WIDTH="352" STYLEREFS="Style_13" WC="1" CC="000000"/>
					</TextLine>
					<TextLine ID="TL_1.2.50" HPOS="504" VPOS="7460" HEIGHT="144" WIDTH="3156">
						<String CONTENT="London," ID="St_1.2.50.1" HPOS="504" VPOS="7460" HEIGHT="136" WIDTH="500" STYLEREFS="Style_13" WC="1" CC="0000000"/>
						<SP ID="SP_1.2.50.2" HPOS="988" VPOS="7504" WIDTH="36"/>
						<String CONTENT="H." ID="St_1.2.50.3" HPOS="1052" VPOS="7460" HEIGHT="104" WIDTH="152" STYLEREFS="Style_13" WC="0.955555555555556" CC="40"/>
						<SP ID="SP_1.2.50.4" HPOS="1188" VPOS="7500" WIDTH="36"/>
						<String CONTENT="Milford," ID="St_1.2.50.5" HPOS="1252" VPOS="7464" HEIGHT="128" WIDTH="516" STYLEREFS="Style_13" WC="0.975555555555556" CC="00000000"/>
						<SP ID="SP_1.2.50.6" HPOS="1748" VPOS="7500" WIDTH="40"/>
						<String CONTENT="Oxford" ID="St_1.2.50.7" HPOS="1820" VPOS="7464" HEIGHT="104" WIDTH="444" STYLEREFS="Style_13" WC="0.982222222222222" CC="000000"/>
						<SP ID="SP_1.2.50.8" HPOS="2220" VPOS="7464" WIDTH="64"/>
						<String CONTENT="university" ID="St_1.2.50.9" HPOS="2312" VPOS="7468" HEIGHT="132" WIDTH="612" STYLEREFS="Style_13" WC="0.987777777777778" CC="0000000000"/>
						<SP ID="SP_1.2.50.10" HPOS="2884" VPOS="7480" WIDTH="64"/>
						<String CONTENT="press," ID="St_1.2.50.11" HPOS="2980" VPOS="7504" HEIGHT="100" WIDTH="336" STYLEREFS="Style_13" WC="0.988888888888889" CC="000000"/>
						<SP ID="SP_1.2.50.12" HPOS="3296" VPOS="7508" WIDTH="44"/>
						<String CONTENT="1930." ID="St_1.2.50.13" HPOS="3372" VPOS="7476" HEIGHT="96" WIDTH="288" STYLEREFS="Style_13" WC="0.991111111111111" CC="00000"/>
					</TextLine>
				</TextBlock>
			</PrintSpace>
		</Page>
	</Layout>
</alto>
