4800 8268
2256 7704 192 100 579

424 724 404 120 Meine,
892 724 544 100 Franklin
1496 720 884 108 J.-Continued

560 880 296 96 xxxii,
912 884 56 72 4
976 880 108 76 56
1136 904 108 72 p.,
1304 880 48 76 1
1408 880 36 76 l
1456 940 16 16 .
1584 880 48 76 f
1636 900 48 52 r
1688 896 48 60 o
1744 880 156 88 nt.,
1960 896 60 72 p
2020 880 32 72 l
2064 940 16 16 .
2192 876 600 88 21½ͨͫ.
2612 872 488 96 (Lettered
3156 896 124 56 on
3332 892 316 64 cover:
3704 872 560 80 Americana

428 988 420 96 deserta)

564 1120 260 80 With
872 1124 36 76 t
920 1136 140 80 .-p.
1112 1144 52 56 o
1168 1120 48 76 f
1264 1144 48 56 o
1320 1120 304 92 rigina
1632 1120 32 76 l
1720 1120 352 76 edition
2128 1120 100 76 of
2280 1112 456 96 "Georgia
2792 1132 268 64 scene
3064 1136 48 60 s
3116 1112 80 84 ͨͫ.

440 1252 96 88 ©
604 1256 220 92 Apr.
884 1256 132 92 11,
1080 1256 104 76 19
1188 1256 52 76 3
1248 1252 104 88 0;
1412 1252 132 80 2c.
1604 1252 180 76 and
1852 1252 160 80 aff.
2076 1252 220 92 Apr.
2356 1252 156 88 14;
2584 1252 76 76 A
2720 1248 332 92 21791;
3116 1252 336 76 Alfred
3516 1252 100 76 A.
3680 1252 348 88 Knopf,
4096 1252 172 80 inc.

580 1400 20 60 [
620 1388 88 84 ©
768 1364 664 92 introduction,
1492 1364 552 92 appendices
2104 1364 184 72 and
2344 1360 452 76 correctio
2804 1380 112 56 ns
3080 1360 540 96 (30-10495)
3884 1356 228 84 3857

432 1544 520 128 Melville,
1004 1544 552 124 Herman,
1612 1552 628 96 1819-1891.

556 1692 436 128 Pierre;
1068 1728 156 100 or,
1292 1692 236 100 The
1596 1688 736 132 ambiguities,
2404 1688 364 104 edited
2836 1688 152 132 by
3056 1688 416 104 Robert
3548 1688 108 108 S.
3732 1692 544 132 Forsythe

436 1904 24 68 [
472 1840 144 136 by
620 1904 28 68 ]
704 1840 500 100 Herman
1252 1840 524 100 Melville.
1896 1840 272 100 New
2216 1840 348 128 York,
2612 1836 140 104 A.
2804 1836 140 104 A.
2996 1836 436 132 Knopf,
3488 1844 288 96 1930.

560 2000 56 72 4
664 2020 84 72 p.
796 2000 88 92 1.,
932 1996 592 88 vii-xxxviii,
1572 1996 172 76 416
1788 2016 112 72 p.,
1952 1996 48 76 1
2052 1996 32 76 l
2092 2056 16 16 .
2224 1992 600 88 21½ͨͫ.
2644 1992 124 92 (L
2776 2000 184 72 ette
2968 2016 100 56 re
3076 1996 60 76 d
3184 2016 48 56 o
3244 2016 60 56 n
3356 2012 220 60 cove
3580 2016 92 56 r:
3724 1992 556 84 Americana

428 2104 424 96 deserts)

564 2236 260 80 With
872 2236 472 80 facsimile
1396 2240 100 72 of
1548 2240 160 72 the
1760 2240 192 92 t.-p.
2004 2252 52 60 o
2060 2236 48 76 f
2156 2236 160 76 the
2368 2236 400 92 original
2828 2236 380 76 edition.

440 2372 100 92 ©
604 2376 216 92 Apr.
884 2380 132 88 11,
1076 2372 276 92 1930;
1412 2372 56 76 2
1472 2396 48 56 c
1528 2440 16 12 .
1608 2372 184 80 and
1856 2368 156 84 aff.
2072 2372 216 92 Apr.
2356 2372 160 92 14;
2584 2372 84 76 A
2720 2368 332 96 21794;
3124 2372 328 80 Alfred
3520 2372 108 80 A.
3688 2372 348 96 Knopf,
4100 2372 176 80 inc.

584 2524 20 60 [
616 2476 100 100 ©
776 2504 208 60 new
1040 2484 464 92 material,
1572 2484 116 92 by
1748 2480 360 80 Robert
2168 2480 88 84 S.
2320 2480 464 96 Forsythe
2848 2484 184 76 and
3100 2484 424 80 Bernard
3596 2480 448 108 DeVoto]

592 2592 540 96 (30-10468)
3896 2588 224 84 3858

440 2776 512 124 Mercier,
1012 2776 348 100 Louis
1412 2776 424 120 Joseph
1892 2776 684 104 Alexandre.

644 2952 60 104 …
764 2928 124 100 M
892 2964 108 68 es
1060 2924 352 132 premi
1416 2928 56 100 è
1480 2964 168 68 res
1708 2932 36 96 l
1756 2964 112 64 ec
1872 2936 44 92 t
1924 2964 276 96 ures,
2260 2932 144 128 by
2464 2928 336 104 Louis
2860 2928 108 104 J.
3028 2928 136 100 A.
3232 2928 240 100 Mer
3476 2964 56 64 c
3540 2924 156 104 ier
3764 2948 60 104 …
4028 2924 268 104 New

448 3076 340 136 York,
844 3076 480 104 Newark
1384 3084 268 124 [etc.]
1724 3076 396 132 Silver,
2180 3076 472 100 Burdett
2712 3080 216 100 and
2988 3112 544 100 company
3632 3080 232 112 [ͨ193
3872 3080 120 112 0]

564 3256 132 52 xx
748 3256 108 72 p.,
908 3232 48 76 1
1004 3232 92 92 l.,
1144 3232 172 76 226
1364 3252 84 72 p.
1504 3232 28 72 i
1540 3256 60 52 n
1608 3256 44 52 c
1660 3232 56 76 l.
1768 3232 316 88 front.,
2140 3232 252 76 illus.
2504 3252 60 72 p
2568 3232 28 72 l
2608 3292 16 16 .
2740 3232 564 84 19½ͨͫ.
3160 3232 240 96 (The
3452 3232 836 96 oral-self-expres-

428 3344 200 76 sion
684 3340 380 80 method
1112 3340 344 96 series)

452 3444 100 96 ©
612 3452 220 92 Apr.
896 3452 132 92 11,
1092 3448 112 80 19
1208 3452 108 80 30
1348 3472 16 72 ;
1432 3452 48 72 2
1484 3468 48 64 c
1544 3512 16 16 .
1624 3452 184 76 and
1876 3448 156 80 aff.
2096 3448 224 96 Apr.
2380 3448 160 88 14;
2608 3448 84 76 A
2752 3448 328 92 22039;
3160 3448 328 96 Silver,
3556 3452 400 76 Burdett
4024 3452 72 76 &
4156 3472 132 60 co.

596 3560 544 96 (30-10365)
3896 3556 228 84 3859

432 3740 680 104 Minnesota.
1260 3748 532 128 Supreme
1852 3752 340 96 court.

568 3896 624 100 Minnesota
1268 3904 456 120 reports.
1872 3932 96 60 v.
2052 3892 220 104 177.
2428 3892 324 104 Cases
2828 3896 416 132 argued
3320 3896 216 104 and
3616 3892 676 108 determined

528 4048 64 108 …
656 4048 392 96 March
1136 4044 500 104 22-June
1724 4048 156 128 14,
1976 4048 288 96 1929.
2412 4044 392 132 Henry
2896 4044 540 132 Burleigh
3524 4048 524 112 Wenzell,
4140 4080 160 68 re-

436 4204 424 124 porter;
936 4196 328 100 Ethel
1328 4196 152 96 M.
1544 4192 456 132 Martin,
2068 4192 520 104 assistant
2648 4204 524 120 reporter.
3320 4192 324 108 Saint
3704 4196 320 132 Paul,
4088 4196 208 100 La-

436 4348 344 100 vallee
832 4344 288 104 book
1172 4380 188 96 co.,
1424 4348 284 100 1929.

580 4520 132 56 xx
716 4524 60 52 x
784 4520 52 56 v
844 4500 56 92 i,
960 4496 172 80 687
1180 4520 84 72 p.
1376 4496 596 88 22½ͨͫ.

452 4592 100 96 ©
608 4612 228 76 Nov.
896 4612 132 88 18,
1088 4608 272 92 1929;
1420 4608 132 80 2c.
1608 4608 220 92 Apr.
1888 4604 132 96 19,
2080 4608 112 76 19
2196 4608 112 76 30
2332 4628 20 68 ;
2416 4628 52 56 a
2476 4608 32 76 f
2508 4608 68 80 f.
2632 4612 220 88 Apr.
2912 4608 160 92 24;
3136 4612 80 72 A
3272 4608 332 92 23036;
3672 4612 252 76 Mike
3984 4612 152 76 Ho
4140 4612 28 72 l
4176 4632 116 68 m,

584 4724 476 84 secretary
1128 4720 100 76 of
1300 4720 156 76 the
1520 4720 252 76 state
1840 4720 100 76 of
2008 4720 532 76 Minnesota
2608 4720 100 76 in
2776 4720 256 76 trust
3100 4720 156 76 for
3324 4720 160 76 the
3556 4720 336 76 benefit
3968 4720 96 76 of
4136 4720 156 80 the

584 4832 324 92 people
956 4828 104 80 of
1108 4828 208 76 said
1372 4832 272 92 state,
1704 4828 132 80 St.
1888 4828 204 76 Pau
2096 4828 32 76 l
2136 4892 16 12 .
3896 4828 48 80 3
3956 4828 112 80 86
4076 4828 60 80 0

448 5012 508 128 Mueller,
1016 5012 476 108 Francis
1544 5016 336 104 John.

584 5168 336 128 Upon
976 5164 224 108 this
1256 5168 260 100 rock
1568 5180 64 104 …
1756 5168 144 132 by
1956 5168 264 104 Rev.
2276 5168 128 100 F.
2464 5168 108 104 J.
2632 5168 496 100 Mueller.
3280 5168 264 104 New
3604 5168 348 132 York,
4012 5172 124 96 P.
4196 5168 108 104 J.

436 5312 468 136 Kenedy
952 5320 88 100 &
1092 5348 248 68 sons
1408 5312 368 132 [ͨ1930]

572 5468 140 80 xii
760 5492 112 72 p.,
920 5472 48 76 1
1016 5472 88 92 l.,
1156 5468 52 80 3
1212 5468 116 80 02
1368 5492 84 72 p.
1564 5468 564 88 20½ͨͫ.

460 5576 96 96 ©
616 5584 220 88 Apr.
888 5584 80 84 4,
1024 5580 276 92 1930;
1356 5584 136 76 2c.
1544 5584 216 88 Apr.
1820 5584 104 88 8;
1984 5580 160 80 aff.
2200 5584 220 92 Apr.
2480 5580 100 92 9;
2644 5584 80 72 A
2780 5580 328 92 20912;
3172 5584 100 76 P.
3332 5584 84 76 J.
3476 5584 392 92 Kenedy
3924 5584 72 76 &
4052 5600 248 60 sons.

608 5688 540 100 (30-10361)
3908 5684 228 88 3861

452 5872 308 120 Olds,
816 5872 356 100 Helen
1232 5868 292 104 Dieh
1528 5872 36 96 l
1572 5952 24 24 .

580 6016 292 104 Joan
944 6016 128 104 of
1144 6020 184 100 the
1400 6020 512 128 Journal,
1984 6020 148 132 by
2204 6020 364 104 Helen
2644 6020 292 104 Dieh
2940 6024 40 100 l
3060 6020 312 132 Olds,
3452 6024 628 100 illustrated
4156 6020 148 132 by

448 6164 340 104 Robb.
816 6168 380 100 Beebe.
1324 6168 272 104 New
1656 6168 344 132 York,
2056 6172 500 128 London,
2612 6172 140 100 D.
2816 6164 568 136 Appleton
3448 6172 220 100 and
3728 6204 576 100 company,

448 6320 292 96 1930.

588 6472 52 76 5
692 6496 84 72 p.
828 6472 88 92 l.,
976 6472 188 92 245,
1228 6488 24 64 [
1256 6476 76 76 1]
1388 6496 84 72 p.
1588 6472 316 96 front.,
1964 6472 248 80 illus.
2328 6472 524 84 19½ͨͫ.

464 6572 100 96 ©
628 6584 220 92 Apr.
904 6584 136 92 11,
1096 6584 276 92 1930;
1432 6584 132 80 2c.
1624 6588 184 76 and
1868 6584 156 76 aff.
2084 6584 220 92 Apr.
2368 6584 160 92 14;
2592 6584 80 76 A
2724 6584 332 92 22079;
3124 6584 112 84 D.
3296 6588 468 92 Appleton
3820 6584 72 80 &
3952 6604 132 60 co.

616 6688 540 96 (30-10466)
3912 6688 236 88 3862

464 6872 584 124 Orecchia,
1096 6872 460 124 Joseph.

604 7020 328 136 "May
976 7024 60 100 I
1084 7024 300 100 show
1424 7064 216 96 you
1684 7024 484 104 Rome?"
2216 7028 600 132 historical,
2868 7028 796 132 archaelogical
3724 7096 24 64 [
3772 7028 60 128 !]
3892 7020 424 112 artistic

464 7172 332 132 guide
880 7172 316 104 book.
1336 7172 316 104 With
1744 7216 60 60 a
1892 7176 536 132 complete
2512 7180 812 128 chronological
3412 7180 188 100 list
3688 7180 124 100 of
3896 7176 152 104 all
4132 7172 184 100 the

468 7356 340 96 popes
860 7324 292 100 from
1208 7324 160 104 St.
1424 7324 320 100 Peter
1796 7340 112 88 to
1960 7324 272 104 Pius
2284 7336 112 88 xi
2452 7328 220 100 and
2724 7364 136 64 an
2912 7328 568 104 historical
3536 7328 372 104 sketch
3960 7324 124 108 of
4132 7328 180 100 the

468 7504 320 68 seven
832 7472 360 132 kings,
1240 7472 184 104 the
1468 7472 492 132 republic
2008 7476 220 100 and
2272 7476 184 100 the
2508 7512 548 92 emperors
3104 7476 128 104 of
3276 7480 376 132 Rome,
3700 7476 272 100 with
4024 7476 228 100 brie
4264 7472 52 104 f
