4800 8268
656 708 492 124 Fossier,
1204 708 400 104 Albert
1664 704 400 124 Emile,
2124 712 328 96 1881–

788 860 472 132 History
1340 856 128 104 of
1540 860 184 100 the
1808 856 468 104 Orleans
2356 848 404 104 Parish
2840 844 468 104 medical
3388 844 412 132 society
3888 840 632 136 1878-1928,

660 1008 140 104 by
864 1008 136 104 A.
1072 1012 132 100 E.
1272 1004 440 104 Fossier
1784 1088 108 20 …
1972 1000 624 104 illustrated
2668 996 276 104 with
3016 996 328 100 views
3416 992 124 104 of
3608 992 480 132 meeting
4160 992 360 132 places

656 1160 216 104 and
944 1156 532 136 portraits
1544 1156 120 100 of
1732 1152 564 104 members.
2440 1148 304 128 [New
2816 1148 504 128 Orleans]
3396 1144 308 100 Priv.
3776 1144 380 132 print..
4232 1148 288 96 1930.

796 1316 96 76 ix
904 1376 16 32 ,
996 1352 20 60 [
1032 1312 44 76 1
1116 1376 16 32 ]
1200 1312 332 80 11-238
1600 1332 80 72 p.
1744 1312 100 76 in
1852 1312 76 76 cl
1940 1372 20 16 .
2024 1312 96 72 fr
2124 1328 52 56 o
2184 1312 156 88 nt.,
2408 1304 248 80 illus.
2712 1300 140 96 (in
2864 1304 76 76 cl
2952 1364 16 20 .
3040 1300 340 96 ports.)
3512 1304 48 72 2
3572 1300 504 104 5½ͨͫ
3768 1340 20 40 .

680 1444 100 96 ©
848 1456 224 88 Apr.
1136 1448 136 96 29,
1344 1448 272 92 1930;
1688 1448 128 84 2c.
1892 1448 188 72 and
2148 1444 160 80 aff.
2380 1444 216 88 May
2668 1440 160 92 12;
2904 1440 80 76 A
3056 1436 332 96 22815;
3464 1436 108 80 A.
3644 1440 104 76 E.
3820 1432 404 96 Fossier,
4300 1436 224 76 New

812 1564 420 76 Orleans.
1360 1556 264 96 (30-1
1628 1556 52 80 3
1688 1556 216 96 319)
4124 1540 240 84 5160

668 1744 588 124 Franklin,
1312 1736 648 128 Benjamin,
2024 1736 632 108 1706-1790.

800 1888 932 136 Autobiography
1820 1884 128 104 of
2040 1884 592 136 Benjamin
2724 1880 584 132 Franklin,
3400 1880 424 104 revised
3912 1880 148 132 by
4148 1880 148 100 H.
4392 1880 140 100 Y.

664 2040 480 132 Moffett,
1228 2036 628 104 illustrated
1928 2036 148 132 by
2156 2036 420 100 Homer
2656 2036 172 104 W.
2920 2032 384 136 Colby.
3508 2032 264 100 New
3856 2028 348 132 York,
4300 2028 232 104 The

668 2188 644 108 Macmillan
1372 2216 552 104 company
2012 2192 308 96 [ͨ1930
2332 2248 24 68 ]

808 2356 124 68 xx
944 2352 96 92 ii,
1096 2348 168 80 380
1316 2372 60 68 p
1376 2376 20 48 .
1456 2348 152 76 inc
1612 2348 28 72 l
1652 2408 20 20 .
1728 2348 288 76 front.
2072 2344 336 96 (port.)
2480 2348 332 88 plates.
2924 2340 228 80 17ͨͫ.
3284 2344 28 92 (
3328 2344 156 72 Ha
3496 2344 108 92 lf-
3612 2340 208 80 title
3836 2360 32 60 :
3920 2344 228 76 New
4208 2340 332 96 pocket

676 2460 432 88 classics)

812 2592 564 80 "Published
1468 2588 424 92 October,
1984 2588 276 92 1901;
2356 2588 364 80 revised
2816 2588 360 80 edition
3264 2584 232 80 with
3592 2584 636 80 illustrations
4320 2588 220 92 pub-

676 2704 300 76 lished
1040 2704 248 88 May,
1352 2700 108 76 19
1464 2696 112 80 30
1584 2696 72 80 ."

816 2836 732 84 CONTENTS.—A
1556 2856 56 56 u
1624 2832 616 96 tobiography
2324 2832 96 76 of
2504 2828 500 96 Benjamin
3088 2828 1128 84 Franklin.—Selections
4296 2828 244 80 from

680 2948 240 76 Poor
968 2944 496 76 Richard's
1520 2944 452 92 almanac,
2028 2940 832 80 1757.—Familiar
2912 2944 360 76 letters.

692 3076 100 88 ©
852 3084 220 92 May
1128 3084 132 92 13,
1320 3080 272 92 1930;
1652 3080 132 80 2c.
1844 3080 184 76 and
2088 3076 100 80 af
2188 3076 36 76 f
2232 3140 16 20 .
2308 3080 224 88 May
2588 3076 160 92 14;
2812 3076 80 76 A
2948 3076 336 92 22832;
3348 3076 548 80 Macmillan
3956 3100 128 56 co.
4212 3116 20 56 [
4240 3068 100 104 ©
4404 3096 136 56 re-

820 3196 260 76 vised
1136 3192 436 80 material
1628 3192 188 76 and
1872 3208 208 60 new
2128 3184 640 84 illustrations
2932 3184 544 96 (30-13209)
4136 3184 232 84 5161

688 3380 264 120 Fry,
1016 3376 468 108 Walter.

820 3524 220 132 Big
1100 3536 312 116 trees,
1476 3520 144 136 by
1684 3520 212 108 Wa
1904 3520 32 100 l
1944 3532 168 88 ter
2176 3520 232 132 Fry
2480 3604 108 16 …
2664 3524 220 96 and
2948 3520 300 104 John
3312 3520 136 100 R.
3512 3520 376 104 White
3964 3600 112 20 …
4220 3520 324 104 Stan-

688 3672 252 104 ford
1028 3668 684 136 University,
1804 3668 376 132 Calif.,
2272 3668 540 108 Stanford
2900 3668 620 132 university
3604 3704 356 96 press;
4052 3672 500 128 London,

688 3824 144 104 H.
892 3824 124 100 M
1020 3824 80 100 il
1112 3824 292 128 ford,
1460 3820 176 108 Ox
1648 3820 52 100 f
1708 3820 196 100 ord
1964 3820 612 132 university
2636 3856 304 96 press
3008 3824 120 120 [ͨ
3088 3828 52 92 1
3156 3824 196 96 930
3336 3860 44 68 ]

824 3968 160 108 xii,
1040 3984 164 76 114
1260 4004 84 72 p.
1452 3980 316 92 front.,
1824 3980 248 80 illus.
2128 3980 312 92 (map)
2512 3984 328 88 plates,
2900 3988 240 84 port.
3252 3968 224 92 23ͨͫ.

828 4120 268 92 Maps
1148 4136 120 56 on
1324 4120 700 88 lining-papers.

832 4228 248 76 "The
1132 4224 528 80 California
1712 4224 152 92 big
1920 4232 196 72 tree
2164 4220 440 96 groves":
2660 4244 84 72 p.
2796 4220 364 80 97-108.

832 4332 724 80 "References":
1624 4352 84 72 p.
1772 4332 192 80 109.

704 4460 100 96 ©
856 4472 220 92 Apr.
1128 4468 136 96 26,
1316 4468 272 92 1930;
1644 4468 128 80 2c.
1832 4472 184 72 and
2068 4468 104 76 af
2148 4468 56 76 f
2212 4532 16 16 .
2284 4468 220 92 May
2560 4468 100 92 5;
2720 4468 80 76 A
2848 4468 336 88 23230;
3244 4468 312 80 Board
3616 4472 100 76 of
3772 4476 408 76 trustees
4232 4472 104 80 of
4388 4472 164 80 the

836 4580 352 80 Leland
1252 4580 448 80 Stanford
1756 4580 320 92 junior
2132 4576 552 96 university,
2744 4576 456 80 Stanford
3256 4580 576 96 University,
3896 4580 280 84 Calif.

852 4688 540 96 (30-13127)
4156 4688 240 84 5162

700 4888 492 124 Gabory,
1252 4868 400 148 Émile,
1720 4900 328 100 1872-

836 5036 320 108 Alias
1232 5040 672 128 Bluebeard;
1984 5044 180 100 the
2236 5040 204 104 life
2516 5044 216 100 and
2808 5044 332 100 death
3212 5040 128 104 of
3412 5040 348 104 Gilles
3832 5044 132 100 de
4036 5040 312 136 Raiz,
4416 5044 144 132 by

704 5184 348 112 Émile
1148 5188 480 136 Gabory,
1724 5188 476 136 English
2296 5188 428 108 version
2820 5192 140 132 by
3056 5192 372 104 Alvah
3528 5192 120 104 C.
3748 5192 400 104 Bessie.
4292 5192 272 104 New

704 5340 348 136 York,
1108 5344 444 96 Brewer
1600 5344 88 96 &
1736 5340 468 104 Warren
2260 5340 240 128 inc.,
2560 5344 192 100 193
2756 5348 60 92 0
2828 5420 24 24 .

836 5496 48 76 6
940 5516 84 72 p.
1076 5496 84 92 l.,
1216 5492 308 96 3-315,
1588 5528 20 60 [
1612 5488 44 80 1]
1756 5516 84 72 p.
1952 5492 288 84 front.
2292 5492 340 96 (port.)
2700 5500 332 88 plates.
3148 5480 228 96 21ͨͫ.

832 5604 560 80 Illustrated
1448 5612 188 84 t.-p.

840 5716 444 76 Sources:
1340 5736 84 72 p.
1472 5716 420 76 311-315.

716 5808 104 96 ©
872 5828 216 92 May
1136 5828 80 92 5,
1264 5824 268 92 1930;
1588 5828 52 72 2
1644 5828 44 64 c
1700 5888 20 16 .
1772 5828 216 88 May
2036 5828 104 88 7;
2196 5824 156 76 aff.
2408 5828 216 92 May
2676 5828 104 88 8;
2832 5824 80 76 A
2960 5824 332 96 23273;
3348 5828 380 80 Brewer
3784 5828 68 80 &
3904 5832 424 92 Warren,
4380 5828 176 84 inc.

864 5936 544 96 (30-13366)
4164 5936 236 84 5163

712 6116 368 128 Garis,
1136 6120 492 104 Howard
1684 6120 412 124 Roger,
2164 6124 320 104 1873–

844 6272 408 132 Buddy
1316 6276 216 100 and
1592 6272 168 104 his
1820 6272 380 128 chum;
2264 6308 156 96 or,
2480 6268 104 104 A
2644 6272 300 132 boy's
3004 6308 328 96 queer
3388 6276 408 128 search,
3860 6280 144 132 by
4064 6276 496 104 Howard

708 6424 132 100 R.
896 6420 236 108 Gar
1144 6424 24 96 i
1184 6464 44 60 s
1292 6500 108 20 …
1552 6424 268 100 New
1880 6420 344 136 York,
2284 6424 88 104 C
2380 6460 64 64 u
2456 6460 152 92 pp
2620 6424 36 96 l
2660 6460 108 68 es
2824 6428 88 96 &
2968 6424 296 100 Leon
3320 6460 540 100 company
3928 6440 60 68 1
4008 6432 292 124 1930,

848 6580 52 72 2
952 6596 84 72 p.
1092 6580 84 84 l.,
1232 6576 164 76 210
1452 6596 84 72 p.
1648 6576 288 80 front.
2052 6572 112 80 19
2172 6580 44 88 1
2164 6560 172 96 ½ͨͫ.
2468 6576 228 92 (His
2752 6576 336 92 Buddy
3140 6580 340 92 books)

848 6688 440 72 Lettered
1336 6704 124 56 on
1508 6704 324 56 cover:
1892 6688 332 88 Buddy
2280 6688 184 72 and
2524 6684 144 80 his
2728 6688 348 76 chums.

724 6788 100 92 ©
884 6796 236 76 Mar.
1176 6796 76 88 1,
1308 6792 272 92 1930;
1640 6796 132 76 2c.
1828 6796 180 76 and
2072 6796 96 76 af
2152 6792 52 76 f
2212 6856 16 16 .
2284 6796 220 88 May
2564 6796 156 88 17;
2788 6796 76 72 A
2920 6796 332 88 23474;
3316 6792 264 96 Cupp
3584 6796 28 72 l
3616 6816 100 56 es
3776 6796 72 76 &
3908 6796 244 76 Leon
4212 6820 132 56 co.

872 6904 540 96 (30-13350)
4168 6904 232 80 5164

852 7088 412 132 Buddy
1312 7100 108 92 at
1468 7088 536 104 Rainbow
2048 7088 352 128 Lake;
2452 7128 156 96 or,
2656 7088 108 104 A
2804 7092 212 132 boy
3064 7096 216 100 and
3324 7092 176 104 his
3544 7096 292 132 boat,
3876 7096 144 132 by
4068 7092 492 104 Howard

716 7240 104 104 R
832 7324 16 16 .
916 7240 328 104 Garis
1316 7320 108 20 …
1576 7240 268 100 New
1908 7240 344 132 York,
2320 7240 328 132 Cupp
2656 7244 36 96 l
2700 7276 104 68 es
2872 7244 84 96 &
3016 7240 300 104 Leon
3380 7276 540 100 company
3992 7244 336 128 [ͨ1930

856 7396 52 72 2
964 7412 84 72 p.
1100 7396 84 88 l.,
1240 7392 168 76 210
1460 7412 84 72 p.
1660 7392 288 80 front.
2060 7388 596 88 19½ͨͫ.
2476 7392 228 92 (His
2756 7396 336 88 Buddy
3152 7396 332 92 books)

732 7496 100 92 ©
892 7504 236 76 Mar.
1188 7504 76 88 1,
1324 7500 264 80 1930:
1660 7504 128 76 2c.
1852 7504 180 76 and
2096 7504 156 76 aft.
2316 7504 220 92 May
2596 7504 160 88 17;
2820 7504 76 76 A
2960 7504 332 92 23473;
3356 7500 264 96 Cupp
3628 7504 24 72 l
3664 7520 96 60 es
3824 7508 68 80 &
3952 7504 248 76 Leon
4264 7524 132 56 co.

880 7612 540 96 (30-13351)
4168 7608 228 84 5165

2512 7712 196 108 782
