4800 8268
436 612 368 124 Adler,
864 608 352 128 Felix,
1280 620 328 96 1851-

548 760 960 132 Incompatibility
1580 760 116 100 in
1772 756 584 128 marriage,
2428 756 148 132 by
2648 756 320 100 Felix
3044 752 380 104 Adler.
3568 756 268 100 New
3916 756 348 128 York,

416 912 496 132 London,
968 912 136 100 D.
1164 908 568 132 Appleton
1788 908 216 100 and
2064 940 572 100 company,
2700 908 292 96 1930.

544 1076 60 72 4
652 1092 80 72 p.
784 1076 88 84 1.,
924 1072 188 92 104,
1172 1108 28 60 [
1208 1072 44 68 1
1252 1108 28 56 ]
1336 1088 84 72 p.
1532 1072 48 72 1
1592 1064 56 80 9
1640 1068 148 80 ½ͨͫ
1796 1128 20 16 .

548 1208 124 80 CO
684 1224 316 60 NTENT
1004 1224 48 60 S
1064 1208 248 72 .-In
1316 1228 48 56 c
1372 1228 208 68 omp
1588 1228 52 52 a
1648 1204 352 88 tibility
2072 1204 100 72 in
2240 1200 472 92 marriage
2724 1264 16 12 .
2744 1204 312 76 -The
3128 1200 432 96 spiritual
3644 1204 416 76 attitude
4128 1212 132 72 to-

416 1320 304 76 wards
792 1320 152 76 old
1016 1312 784 96 age.-Woman's
1872 1312 440 92 spiritual
2384 1312 460 76 influence
2908 1312 100 76 in
3076 1312 816 88 marriage.-The
3960 1316 300 76 revolt

412 1424 376 92 against
840 1424 652 80 conventional
1544 1420 784 88 morality.-The
2384 1420 344 76 ethical
2780 1420 416 76 attitude
3248 1420 412 76 towards
3712 1424 548 80 enemies.-

412 1536 192 76 The
664 1532 308 80 strain
1024 1536 420 76 between
1496 1532 160 76 the
1712 1532 264 72 older
2032 1528 548 96 generation
2636 1532 188 72 and
2876 1532 164 72 the
3092 1532 760 92 younger.-The
3912 1532 344 80 ethical

412 1644 412 76 attitude
876 1644 412 76 towards
1344 1640 160 80 the
1552 1640 480 92 departed.

424 1772 96 96 ©
580 1780 216 76 Feb.
848 1780 136 92 21,
1040 1780 112 76 19
1152 1780 112 76 30
1292 1800 20 68 ;
1372 1780 124 80 2c.
1556 1780 212 76 Feb.
1824 1776 160 92 26;
2044 1776 160 76 aff.
2264 1780 236 72 Mar.
2556 1772 160 96 10;
2776 1780 76 72 A
2912 1772 328 96 18935;
3304 1776 112 80 D.
3472 1776 464 92 Appleton
3996 1780 68 76 &
4124 1796 128 60 co.

572 1888 480 92 (30-6393)
3860 1884 232 80 2805

420 2096 572 120 Anspach,
1048 2096 444 100 Brooke
1544 2092 372 104 Melan
1928 2112 64 76 c
1988 2092 320 124 thon,
2368 2096 328 104 1876-

544 2240 744 132 Gynecology,
1360 2244 144 128 by
1580 2240 432 104 Brooke
2088 2240 152 104 M.
2324 2240 516 132 Anspach
2912 2252 68 112 …
3136 2244 268 100 with
3484 2276 136 68 an
3704 2244 552 104 introduc-

408 2392 232 100 tion
700 2392 148 136 by
912 2392 300 104 John
1276 2392 132 108 G.
1480 2392 432 104 Clarke.
2044 2392 184 100 4th
2296 2392 200 132 ed.,
2560 2428 220 64 rev.
2848 2392 144 132 by
3056 2392 180 100 the
3304 2392 432 132 author,
3800 2392 460 104 assisted

404 2544 144 132 by
640 2544 384 132 Philip
1120 2544 120 100 F.
1328 2540 184 108 Wi
1520 2544 36 96 l
1568 2540 320 104 liams
1984 2624 108 20 ...
2264 2548 192 96 532
2548 2540 364 104 illustr
2924 2580 56 64 a
2988 2544 320 100 tions.
3472 2540 788 132 Philadelphia

408 2696 216 100 and
680 2692 496 128 London,
1232 2692 104 104 J.
1396 2696 132 96 B.
1584 2692 652 128 Lippincott
2288 2728 540 92 company
2896 2692 372 132 [ͨ1929]

544 2852 184 92 xvi,
808 2852 188 96 619,
1072 2852 536 92 619a-619b,
1684 2848 396 84 620-752
2148 2872 84 72 p.
2348 2852 140 76 col
2500 2912 16 20 ,
2584 2848 320 96 front.,
2976 2852 280 92 illus.,
3332 2852 300 96 plates
3688 2852 264 96 (part
4024 2880 44 56 c
4076 2856 92 80 ol
4172 2852 68 96 .)

404 2960 488 88 23½ͨͫ
672 3024 16 16 .

544 3096 676 92 Bibliography
1272 3100 100 72 at
1424 3100 176 72 end
1652 3096 104 76 of
1804 3096 228 76 each
2084 3096 388 92 chapter
2524 3104 328 84 except
2904 3100 212 72 two.

424 3228 96 96 ©
580 3232 196 80 Oct.
832 3236 132 92 11,
1016 3232 272 80 1929;
1348 3236 124 72 2c.
1528 3232 232 80 Mar.
1812 3232 76 84 3,
1944 3232 272 88 1930;
2276 3232 152 76 aff.
2488 3232 220 80 Dec.
2760 3232 76 88 3,
2896 3232 268 96 1929;
3224 3236 80 72 A
3356 3236 332 92 17177;
3748 3236 56 80 J
3816 3300 16 16 .
3968 3280 20 36 .
4052 3244 200 88 Lip-

548 3344 360 92 pincott
956 3364 132 60 co.
1216 3340 376 108 (30-802
1600 3340 52 80 8
1668 3340 28 92 )
3856 3344 232 80 2806

412 3552 532 100 Arizona.
1088 3556 356 132 Laws,
1496 3564 492 124 statutes,
2048 3564 104 92 et
2160 3592 56 64 c
2224 3636 16 20 .

540 3700 236 100 The
824 3700 472 100 Revised
1348 3700 256 100 code
1656 3700 124 100 of
1824 3696 524 136 Arizona,
2404 3704 288 124 1928,
2744 3700 584 132 published
3380 3704 152 132 by
3572 3704 188 104 the
3812 3704 444 104 author-

408 3848 168 128 ity
640 3848 128 104 of
832 3852 184 100 the
1080 3860 312 116 state,
1460 3848 460 104 codified
1988 3852 216 100 and
2276 3848 420 104 revised
2768 3848 272 104 with
3112 3852 568 104 historical
3752 3856 296 100 data.
4112 3860 144 128 by

404 4000 128 104 F.
620 4000 120 108 C.
836 4000 188 108 Str
1028 4036 68 64 u
1108 4000 496 132 ckmeyer
1700 4084 104 16 ...
1900 4000 588 104 annotated
2584 4004 220 100 and
2876 4000 476 108 indexed
3428 4004 148 132 by
3664 4008 592 100 Bancroft-

404 4152 532 128 Whitney
1012 4184 568 96 company,
1656 4152 736 104 distributors.
2540 4152 536 100 Phoenix.
3156 4152 340 136 Ariz.,
3568 4156 468 104 Printed
4112 4156 144 136 by

408 4304 184 104 the
644 4300 844 108 Manufacturin
1492 4324 76 88 g
1628 4300 612 128 stationers,
2300 4300 204 104 inc.
2580 4304 268 128 [ͨ193
2860 4308 60 96 0
2924 4368 24 64 ]

540 4464 252 76 cxlix
848 4484 112 72 p..
1016 4468 48 72 1
1120 4464 84 88 1.,
1264 4460 224 80 1359
1536 4484 84 68 p.
1732 4460 228 80 28ͨͫ.

416 4592 100 96 ©
580 4600 212 80 Jan.
852 4600 132 92 31,
1048 4596 268 84 1930;
1384 4596 124 76 2c.
1576 4600 184 72 and
1820 4596 156 80 aff.
2040 4596 212 80 Feb.
2316 4600 104 84 3;
2488 4596 76 76 A
2624 4596 328 92 19331;
3024 4600 496 80 Manufact
3524 4624 56 56 u
3592 4604 208 92 ring
3864 4604 388 76 station-

548 4732 176 68 ers,
780 4732 172 76 inc.
1088 4708 316 100 (30-58
1384 4708 52 76 5
1468 4708 100 96 7)
3860 4712 232 80 2807

416 4920 612 120 Atherton,
1088 4916 368 104 Sarah
1512 4916 428 120 Henry.

556 5072 348 128 Blow,
980 5064 520 128 whistles,
1572 5064 344 104 blow!
2080 5128 24 64 [
2116 5068 172 132 By
2300 5128 24 64 ,
2420 5068 356 104 Sarah
2856 5068 584 104 Atherton.
3592 5072 264 104 New
3944 5072 312 104 York

424 5220 256 128 city,
728 5220 444 100 Brewer
1216 5216 216 100 and
1480 5216 464 100 Warren
1996 5216 244 128 inc.,
2284 5216 440 128 Payson
2776 5216 220 104 and
3048 5216 400 104 Clarke
3496 5224 240 128 ltd.,
3788 5228 284 96 1930.

548 5376 188 92 329,
804 5396 24 60 [
832 5376 120 88 1]
972 5384 80 68 p.
1160 5372 596 92 19½ͨͫ.

552 5512 316 76 "First
932 5528 108 72 pr
1048 5504 28 80 i
1084 5504 292 96 nting,
1448 5504 324 80 March
1844 5504 304 80 1930."

424 5636 96 96 ©
584 5648 236 76 Mar.
884 5644 132 92 10,
1076 5640 272 92 1930;
1412 5644 132 80 2c.
1604 5644 232 76 Mar.
1904 5644 156 88 12;
2132 5644 156 76 aff.
2356 5644 232 76 Mar.
2652 5640 160 92 20;
2876 5644 80 76 A
3020 5644 332 96 21208;
3428 5648 300 80 Sarah
3792 5652 292 76 Ather
4100 5656 28 72 t
4136 5672 112 60 on

548 5752 296 96 Bridg
848 5776 88 52 m
944 5772 124 56 an
1124 5752 60 76 i.
1252 5772 76 56 e.
1392 5752 220 76 Mrs.
1680 5752 368 76 Donald
2116 5752 540 88 Bridgman.
2732 5752 292 76 South
3092 5756 472 96 Norwalk,
3640 5756 64 76 C
3716 5780 48 56 o
3772 5780 148 56 nn.

568 5860 480 100 (30-7963)
3844 5864 228 84 2808

420 6072 468 116 Barton,
948 6064 476 104 Francis
1480 6064 680 108 Alexander.

556 6220 316 108 Good
924 6220 428 124 health;
1408 6220 244 96 how
1708 6232 108 88 to
1872 6220 376 100 obtain
2304 6256 136 64 an
2452 6224 60 96 d
2572 6220 540 104 maintain
3164 6224 92 100 it
3328 6224 324 128 (with
3712 6232 552 128 forty-one

424 6368 780 132 illustrations)
1300 6368 144 132 by
1520 6368 128 96 F.
1724 6368 636 100 Alexander
2436 6368 424 104 Barton
2948 6452 108 20 ...
3144 6372 268 100 with
3496 6372 540 108 foreword
4120 6380 144 132 by

428 6520 180 108 Sir
700 6520 480 100 Herbert
1264 6516 452 100 Barker.
1864 6520 496 128 London,
2448 6516 232 104 The
2772 6520 116 104 C.
2980 6520 172 104 W.
3236 6524 404 104 Daniel
3728 6560 540 100 company

428 6736 24 64 [
468 6676 260 96 1930
736 6732 24 64 ]

548 6824 188 92 155,
808 6860 20 56 [
836 6824 48 72 1
892 6860 24 56 ]
980 6836 84 68 p.
1176 6820 316 88 front.,
1552 6820 336 92 plates.
2000 6820 112 80 19
2120 6820 44 96 ½
2168 6824 116 80 ͨͫ.

552 6956 312 80 "First
924 6952 492 96 published
1480 6952 304 80 1930."

548 7068 80 76 A
712 7064 292 80 series
1088 7060 100 76 of
1264 7064 400 72 lectures
1756 7060 468 76 delivered
2312 7084 120 52 on
2516 7064 160 72 the
2764 7064 352 80 Italian
3204 7068 380 80 Riviera
3676 7076 340 92 during
4100 7080 156 76 the

416 7172 320 96 spring
796 7172 184 76 and
1040 7168 336 76 winter
1436 7168 96 76 of
1592 7168 248 92 1929,
1900 7168 160 76 the
2120 7168 368 88 subject
2548 7168 272 92 being
2884 7172 48 32 "
2940 7172 72 76 G
3020 7176 176 76 ood
3256 7176 324 80 health
3644 7184 184 72 and
3892 7184 208 76 how
4160 7188 96 76 to

412 7280 468 80 maintain
928 7276 156 80 it".
1196 7296 48 56 c
1252 7276 64 92 f.
1372 7276 440 76 Author's
1868 7276 236 88 pref.

428 7392 92 88 ©
600 7412 124 84 1c.
796 7416 232 76 Mar.
1100 7412 132 88 17,
1304 7408 272 88 1930;
1652 7408 80 76 A
1800 7408 116 76 ad
1988 7408 168 76 int.
2232 7408 44 72 1
2288 7408 108 76 36
2396 7408 56 72 4
2456 7456 24 28 3
2544 7428 16 56 :
2636 7408 276 92 pubd.
2988 7412 208 80 Jan.
3272 7420 156 84 16;
3512 7420 96 84 F.
3680 7424 108 84 A.
3868 7428 232 72 Bart
4108 7448 48 56 o
4164 7452 84 64 n,

556 7524 396 88 Alassio,
1008 7520 280 92 Italy.
1412 7512 540 100 (30-10066)
3864 7532 228 84 2809

2200 7620 196 96 425
