4752 8320
2252 7712 252 96 1815

468 732 256 120 Gee,
780 728 460 124 Wilson,
1304 740 324 96 1888-
2032 764 52 68 e
2092 736 100 100 d.

600 884 224 100 The
916 896 460 92 country
1460 880 200 100 life
1748 884 120 96 of
1956 884 184 96 the
2228 880 412 112 nation,
2724 884 144 104 by
2952 880 372 100 James
3416 880 392 100 Ernest
3908 880 372 112 Boyle.

468 1036 84 96 C
560 1036 356 96 harles
992 1032 228 100 Ern
1232 1064 52 68 e
1288 1040 96 88 st
1460 1036 104 92 Al
1572 1036 32 92 l
1604 1040 40 88 r
1656 1036 188 96 ed
1932 1032 240 124 land
2252 1032 360 96 others
2688 1036 60 108 …
2928 1028 392 128 edited,
3396 1028 260 96 with
3736 1064 132 60 an
3944 1028 228 96 intr
4176 1064 56 56 o
4248 1092 32 12 -

460 1184 476 128 duction,
1032 1180 144 132 by
1276 1180 180 100 Wi
1468 1184 24 92 l
1508 1216 188 64 son
1796 1176 248 104 Gee.
2196 1180 408 124 Chapel
2712 1176 152 100 Hi
2880 1180 80 96 ll
2976 1260 20 40 ,
3092 1176 232 100 The
3420 1176 636 112 University
4160 1176 124 100 of

468 1332 348 96 North
872 1328 512 104 Carolina
1448 1364 328 92 press,
1836 1332 288 92 1930.

596 1512 52 68 2
720 1528 60 72 p
788 1568 16 20 .
884 1512 28 72 l
924 1568 44 32 .,
1056 1544 20 56 [
1080 1508 88 76 vi
1176 1508 28 72 i]
1240 1552 60 4 -
1300 1528 124 52 xv
1432 1568 20 32 ,
1528 1504 164 76 214
1772 1528 56 68 p
1832 1568 16 12 .
1968 1504 128 72 22ͨͫ
2104 1508 72 68 .
2316 1504 236 88 [The
2636 1504 540 92 University
3256 1504 104 76 of
3432 1504 300 76 North
3816 1504 116 76 Ci
3952 1524 44 52 r
4004 1532 48 44 o
4060 1504 124 72 lin
4200 1520 80 64 a.

464 1620 56 72 S
528 1640 52 56 o
592 1628 48 56 c
640 1616 124 76 ial
824 1616 280 92 study
1164 1616 332 88 Series]

468 1728 92 88 ©
620 1756 192 72 Oct.
864 1748 132 84 25,
1052 1748 108 76 19
1160 1748 52 80 3
1216 1748 104 92 0;
1372 1748 132 80 2c.
1556 1744 196 84 Oct.
1804 1740 156 96 80;
2016 1772 48 52 a
2080 1748 96 80 ff.
2232 1748 224 80 Nov.
2508 1748 44 72 1
2564 1748 52 76 0
2648 1768 20 72 ;
2720 1748 84 76 A
2848 1744 332 96 29894;
3236 1748 544 92 University
3828 1748 104 76 of
3980 1748 300 76 North

596 1856 436 80 Carolina
1068 1876 308 76 .press.
3816 1852 288 84 11739

464 2036 468 108 Genetic
972 2044 408 100 studies
1424 2044 120 100 of
1588 2044 404 128 genius.
2144 2080 92 64 v.
2288 2048 56 92 3
2360 2124 12 16 .
2456 2044 228 100 The
2732 2044 468 128 promise
3248 2044 120 100 of
3412 2044 396 132 youth;
3864 2044 404 100 follow-

592 2228 148 96 up
796 2192 412 104 studies
1260 2192 124 104 of
1432 2228 60 64 a
1548 2192 544 100 thousand
2148 2192 360 132 gifted
2568 2192 496 104 children
3128 2196 52 88 [
3160 2192 144 132 by
3312 2260 24 60 ]
3404 2192 492 104 Barbara
3964 2192 320 104 Stod-

592 2344 276 100 dard
956 2344 392 116 Burks,
1436 2344 432 96 Dortha
1948 2340 552 104 Williams
2584 2344 440 112 Jensen,
3104 2340 352 104 Lewis
3540 2340 148 100 M.
3780 2344 508 108 Terman,

596 2492 448 104 assisted
1096 2492 144 132 by
1288 2496 104 88 A
1396 2492 204 100 lice
1648 2492 144 96 M.
1844 2492 300 96 Leah
2152 2528 72 96 y
2232 2576 20 32 ,
2304 2488 356 100 Helen
2712 2492 572 104 Marshall,
3332 2492 388 100 Melita
3768 2492 144 96 H.
3972 2488 308 104 Oden

748 2644 60 108 …
868 2640 576 104 Stanford
1472 2652 108 84 U
1584 2640 532 132 niversity
2224 2640 368 108 Calif.,
2672 2640 536 104 Stanford
3276 2636 608 136 university
3952 2676 136 92 pr
4092 2672 152 72 ess
4204 2668 76 72 ,

596 2796 288 96 1930.

592 2972 92 76 xi
696 2992 56 56 v
800 2992 112 72 p.,
968 2972 48 68 5
1020 2968 112 76 08
1184 2992 52 72 p
1248 3036 12 12 .
1380 2972 24 72 i
1416 2972 64 72 ll
1492 2988 104 56 us
1612 2992 32 52 ..
1712 2976 88 68 ta
1812 2972 92 72 bl
1912 2992 96 52 es
2060 2968 104 92 (p
2172 2992 44 52 a
2236 2972 84 72 rt
2372 2968 44 76 f
2420 2972 84 72 ol
2516 2968 132 88 d.)
2720 2968 344 92 diagrs.
3180 2968 52 76 2
3236 2968 52 76 3
3312 2972 92 76 ͨͫ.

492 3124 44 48 ©
624 3108 192 76 Oct.
872 3108 48 72 3
928 3104 76 92 0,
1064 3108 44 72 1
1116 3104 52 72 9
1172 3104 160 92 30;
1392 3112 96 72 2c
1500 3168 8 16 ,
1572 3100 224 80 Nov.
1856 3112 100 80 5;
2016 3112 52 72 a
2080 3104 96 76 ff.
2232 3100 224 80 Nov.
2512 3104 104 88 4;
2676 3104 84 76 A
2808 3100 164 80 303
2980 3100 108 84 89
3116 3124 20 72 ;
3204 3104 308 80 Board
3568 3104 104 80 of
3724 3108 80 72 tr
3824 3128 56 52 u
3876 3116 44 68 s
3912 3112 36 76 t
3980 3124 48 56 c
4032 3124 96 56 es
4188 3104 96 76 of

600 3216 344 76 Leland
1008 3212 444 80 Stanford
1508 3212 320 92 junior
1884 3212 276 104 univ.,
2224 3212 448 80 Stanford
2732 3212 568 96 University,
3368 3212 280 84 Calif.
3820 3208 288 84 11740

460 3392 464 128 Gilbert,
988 3396 380 100 Frank
1424 3392 408 124 Bixby,
1900 3400 324 100 1867-

596 3544 516 100 Bender's
1208 3544 496 128 manual;
1808 3544 744 132 supervisors',
2648 3556 404 120 county
3152 3544 212 100 and
3464 3556 296 88 town
3856 3544 436 100 officers'

464 3692 472 132 manual,
988 3692 640 132 containing
1676 3696 180 100 the
1912 3704 432 120 county,
2392 3704 332 120 town,
2772 3692 564 132 highway,
3384 3692 436 132 general
3880 3692 408 104 munic-

468 3844 260 132 ipal,
800 3856 192 88 tax
1072 3844 212 100 and
1364 3844 368 132 public
1812 3844 448 100 welfare
2336 3844 300 128 laws,
2720 3844 216 100 and
3016 3844 144 100 all
3240 3844 312 100 other
3628 3848 460 96 statutes
4164 3844 124 100 of

468 3996 180 100 the
692 4004 280 92 state
1020 3992 124 100 of
1192 3992 268 100 New
1516 3992 344 128 York,
1912 3992 476 132 relating
2436 4004 116 92 to
2600 3988 400 108 boards
3052 3988 124 108 of
3228 3992 716 132 supervisors,
3992 4004 300 88 town

468 4144 424 128 boards,
952 4152 404 120 county
1416 4140 216 104 and
1696 4152 292 92 town
2052 4140 436 128 officers,
2552 4140 216 104 and
2828 4140 188 104 the
3080 4136 380 108 affairs
3524 4144 212 100 and
3804 4136 488 108 business

464 4292 124 100 of
652 4292 484 100 counties
1204 4292 212 100 and
1488 4300 348 92 towns
1908 4328 112 64 as
2092 4288 528 104 amended
2688 4300 108 92 to
2868 4288 188 104 the
3124 4292 280 100 close
3472 4288 124 104 of
3664 4288 180 104 the
3916 4288 368 136 Legis-

468 4440 32 92 l
508 4452 304 92 ature
872 4440 124 104 of
1060 4444 308 124 1930;
1436 4440 264 104 with
1768 4452 312 88 court
2136 4436 572 132 decisions,
2768 4436 736 132 annotations,
3564 4440 716 132 explanatory

468 4604 332 116 notes,
864 4624 288 68 cross
1220 4588 636 128 references,
1928 4584 380 132 forms,
2372 4620 60 72 a
2500 4588 364 132 digest
2928 4584 120 108 of
3120 4584 224 108 fees
3412 4588 124 104 of
3600 4604 404 116 county
4072 4592 208 100 and

468 4752 288 88 town
812 4740 436 128 officers,
1308 4740 212 100 and
1584 4772 56 64 a
1708 4740 256 100 time
2024 4736 296 104 table
2376 4736 504 132 showing
2932 4736 320 104 times
3312 4736 316 100 when
3688 4740 180 96 the
3936 4736 352 104 duties

464 4892 124 96 of
652 4888 260 104 such
976 4888 404 100 officers
1444 4920 184 68 are
1692 4896 108 92 to
1872 4888 124 100 be
2064 4884 672 132 performed,
2796 4884 148 136 by
3012 4884 380 104 Frank
3460 4888 128 100 B.
3660 4884 432 108 Gilbert
4168 4888 60 112 …

472 5040 248 100 14th
764 5040 200 128 ed.,
1004 5040 144 132 by
1192 5040 300 104 John
1536 5040 124 96 T.
1712 5036 696 132 Fitzpatrick
2456 5044 64 108 …
2720 5036 480 132 Albany,
3248 5036 132 100 N.
3432 5036 180 132 Y.,
3652 5036 152 100 M.
3860 5036 432 100 Bender

460 5220 568 100 company,
1084 5184 808 132 incorporated,
1952 5192 288 96 1930.

600 5372 56 68 x
664 5372 100 76 ix
772 5432 16 32 ,
844 5368 220 76 1445
1132 5368 28 92 (
1180 5372 32 72 i
1216 5432 20 16 .
1288 5388 48 56 e
1344 5432 16 16 .
1416 5364 268 96 2033)
1752 5392 84 72 p.
1952 5364 52 84 2
2008 5368 52 72 6
2092 5372 84 76 ͨͫ.

596 5508 132 72 "N
736 5528 52 52 o
796 5508 88 72 te
948 5508 96 72 to
1116 5504 72 76 F
1192 5524 48 56 o
1252 5504 432 76 urteenth
1752 5504 408 76 edition"
2232 5524 80 56 m
2324 5524 48 56 o
2384 5504 280 76 unted
2736 5524 116 56 on
2916 5504 96 76 fr
3020 5524 48 56 o
3076 5508 108 72 nt
3248 5504 64 76 li
3320 5504 568 92 ning-paper.

596 5616 296 76 Extra
956 5616 500 76 numbered
1516 5628 280 80 pages
1860 5612 436 84 inserted.

468 5736 92 92 ©
624 5748 68 80 O
704 5756 48 68 c
760 5756 60 72 t.
880 5752 128 88 17,
1068 5744 104 80 19
1176 5748 112 80 30
1320 5772 16 60 ;
1396 5748 128 80 2c.
1588 5748 124 80 Oc
1720 5756 60 72 t.
1840 5748 156 92 20;
2060 5748 160 80 aff.
2284 5748 192 84 Oct.
2532 5748 52 76 2
2592 5752 100 88 3;
2756 5752 80 76 A
2892 5748 220 80 2962
3116 5752 52 76 3
3200 5772 20 68 ;
3284 5748 456 80 Matthew
3800 5752 360 76 Bender
4220 5748 64 76 &

596 5884 44 44 c
648 5880 100 72 o.,
812 5860 28 76 i
848 5880 60 56 n
912 5880 44 56 c
968 5924 12 12 .
1120 5856 28 96 (
1164 5860 48 76 3
1216 5856 60 80 0
1280 5904 52 8 -
1332 5856 164 80 294
1504 5860 52 76 5
1560 5860 96 92 8)
3824 5852 228 84 1174
4060 5852 52 84 1

456 6036 612 128 Ginzburg,
1124 6040 640 124 Benjamin,
1832 6056 324 92 1898-

588 6184 224 100 The
904 6188 592 100 adventure
1580 6188 124 100 of
1792 6188 400 100 science
2288 6260 24 60 [
2332 6184 168 136 by]
2596 6188 588 132 Benjamin
3272 6188 592 128 Ginzburg.
4028 6188 256 96 New

468 6332 332 136 York,
864 6332 380 108 Simon
1304 6336 212 100 and
1584 6336 552 132 Schuster,
2204 6344 288 96 1930.

588 6488 184 92 xvi,
832 6488 168 76 487
1052 6512 112 72 p.,
1224 6492 48 72 1
1336 6492 56 76 l.
1508 6488 276 96 illus.,
1840 6500 312 84 ports.,
2220 6492 88 72 di
2320 6512 240 72 agrs.
2676 6484 224 88 24ͨͫ.

592 6620 680 96 "Corrigenda"
1348 6624 180 96 slip
1564 6620 464 84 inserted.

592 6756 124 80 CO
724 6776 316 60 NTENT
1044 6776 48 56 S
1100 6760 776 92 .-Pythagoras:
1976 6764 156 76 the
2220 6764 248 76 birth
2564 6764 96 72 of
2748 6760 184 80 mat
2948 6768 60 72 h
3016 6764 436 76 ematical
3540 6760 752 80 science.-Aris-

456 6868 280 76 totle:
788 6864 148 80 his
988 6868 356 76 science
1396 6872 180 76 and
1628 6872 148 76 his
1832 6872 688 88 system.-The
2572 6872 640 76 Alexaudrian
3268 6872 368 92 period:
3696 6876 68 68 A
3780 6896 40 48 r
3828 6872 140 72 chi
3988 6872 256 76 mede
4252 6892 40 52 s

456 6972 184 80 and
696 6976 120 76 Pt
820 6980 84 72 ol
912 6976 424 88 emy.-C
1344 6996 48 56 o
1400 6976 260 92 perni
1672 6996 44 56 c
1724 6996 108 56 us
1884 6980 184 76 and
2128 6980 156 76 the
2344 6980 352 76 revival
2748 6980 100 76 of
2904 6976 916 80 science.-Galileo:
3884 7000 12 52 t
3932 6972 24 64 h
3992 7004 44 48 e
4092 7004 112 52 ne
4216 7000 76 52 w

456 7080 356 80 science
872 7084 356 76 clashes
1288 7084 224 80 with
1572 7088 724 88 theology.-Ha
2312 7104 44 56 r
2360 7104 168 72 vey
2564 7088 184 76 and
2784 7096 36 68 t
2828 7092 112 72 he
2976 7088 336 76 circula
3336 7096 32 68 t
3376 7088 152 76 ion
3564 7088 96 76 of
3700 7092 152 72 the
3884 7088 412 76 blood.-

460 7192 268 76 Isaac
780 7192 444 76 Newton:
1284 7192 352 80 science
1692 7212 300 56 comes
2044 7196 96 76 of
2196 7196 848 88 age.-Lavoisier:
3112 7196 156 76 the
3320 7196 316 76 father
3688 7196 100 76 of
3844 7192 364 80 scientif
4212 7196 24 72 i
4248 7216 44 56 c

456 7320 48 56 c
508 7296 828 96 hemistry.-Dalt
1344 7320 48 56 o
1400 7324 56 52 n
1516 7304 180 72 and
1752 7304 156 76 the
1964 7308 100 68 at
2072 7304 236 76 omic
2368 7296 912 96 theory.-Faraday
3344 7324 48 56 a
3404 7308 112 72 nd
3588 7308 144 72 Ma
3744 7328 60 52 x
3812 7320 84 56 w
3896 7324 48 56 e
3952 7308 64 72 ll
4056 7324 16 56 :
4136 7308 36 72 t
4184 7304 108 76 he

460 7428 44 56 s
508 7428 44 56 c
556 7404 256 84 ience
892 7412 100 72 of
1060 7400 1360 100 electro-magnetism.-Helm
2412 7400 60 76 h
2496 7412 184 76 oltz
2756 7432 116 56 an
2884 7412 48 76 d
3016 7412 156 76 the
3248 7432 44 52 c
3296 7432 112 56 on
3420 7432 208 64 ser
3632 7416 52 60 v
3700 7424 32 64 at
3744 7412 24 72 i
3780 7432 48 52 o
3836 7436 52 52 n
3976 7428 48 56 o
4032 7412 40 72 f
4148 7432 48 52 e
4204 7432 88 52 n-

456 7520 752 88 ergy.-Lamare
1212 7512 64 72 k
1352 7520 180 76 and
1604 7520 196 72 Dar
1812 7540 80 52 w
1896 7516 148 76 in:
2112 7520 160 76 the
2340 7520 420 76 doctrine
2824 7544 52 48 o
2888 7520 36 76 f
2992 7516 404 80 evolutio
3404 7540 56 52 n
3476 7508 316 88 .-Pas
3808 7524 20 68 t
3844 7536 48 60 e
3904 7544 48 48 u
3972 7540 92 56 r:
4140 7520 96 72 th
4248 7536 48 52 e
