<?xml version="1.0"?>
<alto xmlns="http://www.loc.gov/standards/alto/ns-v2#" xmlns:xlink="http://www.w3.org/1999/xlink" xmlns:xsi="http://www.w3.org/2001/XMLSchema-instance" xsi:schemaLocation="http://www.loc.gov/standards/alto/ns-v2# http://www.loc.gov/standards/alto/alto-v2.0.xsd">
	<Description>
		<MeasurementUnit>inch1200</MeasurementUnit>
		<sourceImageInformation>
			<fileIdentifier>catalogofcopyri271libr_001-2321.pdf_Page_0911.jpg</fileIdentifier>
		</sourceImageInformation>
		<OCRProcessing ID="OCR1">
			<ocrProcessingStep>
				<processingDateTime>2018-04-24T14:36:19</processingDateTime>
				<processingAgency>Data Conversion Laboratory</processingAgency>
				<processingSoftware>
					<softwareCreator>Prime</softwareCreator>
					<softwareName>Prime OCR</softwareName>
					<softwareVersion>4.40</softwareVersion>
				</processingSoftware>
			</ocrProcessingStep>
			<postProcessingStep>
				<processingDateTime>2018-04-25T17:25:36</processingDateTime>
				<processingAgency>Data Conversion Laboratory</processingAgency>
				<processingStepDescription>PRO -&gt; ALTO</processingStepDescription>
				<processingSoftware>
					<softwareCreator>Data Conversion Laboratory</softwareCreator>
					<softwareName>pro2alto.2018.02.27</softwareName>
					<softwareVersion>2.0</softwareVersion>
				</processingSoftware>
			</postProcessingStep>
		</OCRProcessing>
	</Description>
<Styles>
		<TextStyle ID="Style_1" FONTSIZE="8" FONTTYPE="serif" FONTWIDTH="proportional"/>
		<TextStyle ID="Style_2" FONTSIZE="8" FONTTYPE="serif" FONTWIDTH="proportional" FONTSTYLE="bold"/>
		<TextStyle ID="Style_3" FONTSIZE="7" FONTTYPE="serif" FONTWIDTH="proportional"/>
		<TextStyle ID="Style_4" FONTSIZE="10" FONTTYPE="serif" FONTWIDTH="proportional"/>
		<TextStyle ID="Style_5" FONTSIZE="6" FONTTYPE="serif" FONTWIDTH="proportional"/>
		<TextStyle ID="Style_6" FONTSIZE="6" FONTTYPE="sans-serif" FONTWIDTH="fixed" FONTSTYLE="bold underline superscript subscript"/>
		<TextStyle ID="Style_7" FONTSIZE="6" FONTTYPE="serif" FONTWIDTH="proportional" FONTSTYLE="bold"/>
		<TextStyle ID="Style_8" FONTSIZE="6" FONTTYPE="serif" FONTWIDTH="proportional" FONTSTYLE="italics"/>
		<TextStyle ID="Style_9" FONTSIZE="8" FONTTYPE="serif" FONTWIDTH="proportional" FONTSTYLE="italics"/>
		<TextStyle ID="Style_10" FONTSIZE="5" FONTTYPE="serif" FONTWIDTH="proportional" FONTSTYLE="italics"/>
		<TextStyle ID="Style_11" FONTSIZE="5" FONTTYPE="serif" FONTWIDTH="proportional"/>
		<TextStyle ID="Style_12" FONTSIZE="9" FONTTYPE="serif" FONTWIDTH="proportional"/>
		<TextStyle ID="Style_13" FONTSIZE="5" FONTTYPE="serif" FONTWIDTH="proportional" FONTSTYLE="bold"/>
		<TextStyle ID="Style_14" FONTSIZE="7" FONTTYPE="sans-serif" FONTWIDTH="fixed" FONTSTYLE="bold underline superscript subscript"/>
		<TextStyle ID="Style_15" FONTSIZE="7" FONTTYPE="serif" FONTWIDTH="fixed"/>
		<TextStyle ID="Style_16" FONTSIZE="7" FONTTYPE="serif" FONTWIDTH="fixed" FONTSTYLE="bold"/>
	</Styles>
	<Layout>
		<Page ID="Page_1" PHYSICAL_IMG_NR="1" HEIGHT="8268" WIDTH="4800">
			<PrintSpace ID="PS_1" HPOS="0" VPOS="0" HEIGHT="8268" WIDTH="4800">
				<TextBlock ID="TB_1.1" HPOS="2048" VPOS="7668" WIDTH="400" HEIGHT="212">
					<TextLine ID="TL_1.1.1" HPOS="2148" VPOS="7696" HEIGHT="92" WIDTH="188">
						<String CONTENT="911" ID="St_1.1.1.1" HPOS="2148" VPOS="7696" HEIGHT="92" WIDTH="188" STYLEREFS="Style_1" WC="1" CC="000"/>
					</TextLine>
				</TextBlock>
				<TextBlock ID="TB_1.2" HPOS="164" VPOS="660" WIDTH="4100" HEIGHT="6976">
					<TextLine ID="TL_1.2.1" HPOS="360" VPOS="696" HEIGHT="100" WIDTH="596">
						<String CONTENT="Homerus." ID="St_1.2.1.1" HPOS="360" VPOS="696" HEIGHT="100" WIDTH="596" STYLEREFS="Style_2" WC="1" CC="00000000"/>
					</TextLine>
					<TextLine ID="TL_1.2.2" HPOS="488" VPOS="836" HEIGHT="136" WIDTH="3692">
						<String CONTENT="The" ID="St_1.2.2.1" HPOS="488" VPOS="844" HEIGHT="100" WIDTH="232" STYLEREFS="Style_2" WC="1" CC="000"/>
						<SP ID="SP_1.2.2.2" HPOS="692" VPOS="864" WIDTH="64"/>
						<String CONTENT="Iliad" ID="St_1.2.2.3" HPOS="792" VPOS="840" HEIGHT="100" WIDTH="296" STYLEREFS="Style_2" WC="1" CC="00000"/>
						<SP ID="SP_1.2.2.4" HPOS="1048" VPOS="844" WIDTH="76"/>
						<String CONTENT="of" ID="St_1.2.2.5" HPOS="1164" VPOS="844" HEIGHT="100" WIDTH="124" STYLEREFS="Style_2" WC="1" CC="00"/>
						<SP ID="SP_1.2.2.6" HPOS="1256" VPOS="844" WIDTH="64"/>
						<String CONTENT="Homer," ID="St_1.2.2.7" HPOS="1360" VPOS="844" HEIGHT="120" WIDTH="448" STYLEREFS="Style_2" WC="1" CC="000000"/>
						<SP ID="SP_1.2.2.8" HPOS="1796" VPOS="884" WIDTH="48"/>
						<String CONTENT="done" ID="St_1.2.2.9" HPOS="1884" VPOS="840" HEIGHT="100" WIDTH="272" STYLEREFS="Style_2" WC="1" CC="0000"/>
						<SP ID="SP_1.2.2.10" HPOS="2128" VPOS="860" WIDTH="68"/>
						<String CONTENT="into" ID="St_1.2.2.11" HPOS="2236" VPOS="836" HEIGHT="100" WIDTH="228" STYLEREFS="Style_2" WC="1" CC="0000"/>
						<SP ID="SP_1.2.2.12" HPOS="2428" VPOS="860" WIDTH="72"/>
						<String CONTENT="English" ID="St_1.2.2.13" HPOS="2544" VPOS="836" HEIGHT="128" WIDTH="468" STYLEREFS="Style_2" WC="1" CC="0000000"/>
						<SP ID="SP_1.2.2.14" HPOS="2972" VPOS="844" WIDTH="76"/>
						<String CONTENT="prose" ID="St_1.2.2.15" HPOS="3088" VPOS="872" HEIGHT="96" WIDTH="316" STYLEREFS="Style_2" WC="1" CC="00000"/>
						<SP ID="SP_1.2.2.16" HPOS="3376" VPOS="860" WIDTH="60"/>
						<String CONTENT="by" ID="St_1.2.2.17" HPOS="3476" VPOS="836" HEIGHT="136" WIDTH="144" STYLEREFS="Style_2" WC="1" CC="00"/>
						<SP ID="SP_1.2.2.18" HPOS="3576" VPOS="864" WIDTH="76"/>
						<String CONTENT="Andrew" ID="St_1.2.2.19" HPOS="3692" VPOS="840" HEIGHT="100" WIDTH="488" STYLEREFS="Style_2" WC="1" CC="000000"/>
					</TextLine>
					<TextLine ID="TL_1.2.3" HPOS="364" VPOS="984" HEIGHT="140" WIDTH="3816">
						<String CONTENT="Lang," ID="St_1.2.3.1" HPOS="364" VPOS="992" HEIGHT="132" WIDTH="336" STYLEREFS="Style_2" WC="1" CC="00000"/>
						<SP ID="SP_1.2.3.2" HPOS="684" VPOS="1032" WIDTH="56"/>
						<String CONTENT="Walter" ID="St_1.2.3.3" HPOS="784" VPOS="988" HEIGHT="104" WIDTH="424" STYLEREFS="Style_2" WC="1" CC="000000"/>
						<SP ID="SP_1.2.3.4" HPOS="1176" VPOS="1008" WIDTH="72"/>
						<String CONTENT="Leaf," ID="St_1.2.3.5" HPOS="1292" VPOS="984" HEIGHT="116" WIDTH="320" STYLEREFS="Style_2" WC="1" CC="00000"/>
						<SP ID="SP_1.2.3.6" HPOS="1596" VPOS="1028" WIDTH="56"/>
						<String CONTENT="Ernest" ID="St_1.2.3.7" HPOS="1696" VPOS="992" HEIGHT="96" WIDTH="392" STYLEREFS="Style_2" WC="1" CC="000000"/>
						<SP ID="SP_1.2.3.8" HPOS="2064" VPOS="996" WIDTH="64"/>
						<String CONTENT="Myers," ID="St_1.2.3.9" HPOS="2180" VPOS="988" HEIGHT="128" WIDTH="404" STYLEREFS="Style_2" WC="1" CC="000000"/>
						<SP ID="SP_1.2.3.10" HPOS="2568" VPOS="1028" WIDTH="56"/>
						<String CONTENT="abridged" ID="St_1.2.3.11" HPOS="2668" VPOS="984" HEIGHT="128" WIDTH="528" STYLEREFS="Style_2" WC="1" CC="00000000"/>
						<SP ID="SP_1.2.3.12" HPOS="3156" VPOS="988" WIDTH="80"/>
						<String CONTENT="and" ID="St_1.2.3.13" HPOS="3284" VPOS="988" HEIGHT="100" WIDTH="216" STYLEREFS="Style_2" WC="1" CC="000"/>
						<SP ID="SP_1.2.3.14" HPOS="3460" VPOS="988" WIDTH="80"/>
						<String CONTENT="edited" ID="St_1.2.3.15" HPOS="3588" VPOS="988" HEIGHT="104" WIDTH="364" STYLEREFS="Style_2" WC="1" CC="000000"/>
						<SP ID="SP_1.2.3.16" HPOS="3912" VPOS="992" WIDTH="80"/>
						<String CONTENT="by" ID="St_1.2.3.17" HPOS="4036" VPOS="988" HEIGHT="132" WIDTH="144" STYLEREFS="Style_2" WC="1" CC="00"/>
					</TextLine>
					<TextLine ID="TL_1.2.4" HPOS="352" VPOS="1136" HEIGHT="132" WIDTH="3808">
						<String CONTENT="Wallace" ID="St_1.2.4.1" HPOS="352" VPOS="1140" HEIGHT="104" WIDTH="480" STYLEREFS="Style_3" WC="1" CC="0000000"/>
						<SP ID="SP_1.2.4.2" HPOS="804" VPOS="1160" WIDTH="52"/>
						<String CONTENT="B." ID="St_1.2.4.3" HPOS="884" VPOS="1140" HEIGHT="100" WIDTH="128" STYLEREFS="Style_3" WC="1" CC="00"/>
						<SP ID="SP_1.2.4.4" HPOS="996" VPOS="1184" WIDTH="40"/>
						<String CONTENT="Moff" ID="St_1.2.4.5" HPOS="1064" VPOS="1136" HEIGHT="100" WIDTH="276" STYLEREFS="Style_3" WC="0.97" CC="0040"/>
						<String CONTENT="ett" ID="St_1.2.4.6" HPOS="1348" VPOS="1148" HEIGHT="84" WIDTH="152" STYLEREFS="Style_3" WC="0.974444444444444" CC="000"/>
						<String CONTENT="," ID="St_1.2.4.7" HPOS="1512" VPOS="1220" HEIGHT="36" WIDTH="20" STYLEREFS="Style_3" WC="0.952222222222222" CC="4"/>
						<SP ID="SP_1.2.4.8" HPOS="1516" VPOS="1184" WIDTH="40"/>
						<String CONTENT="illustrated" ID="St_1.2.4.9" HPOS="1584" VPOS="1136" HEIGHT="100" WIDTH="620" STYLEREFS="Style_3" WC="0.971111111111111" CC="00000000000"/>
						<SP ID="SP_1.2.4.10" HPOS="2168" VPOS="1140" WIDTH="56"/>
						<String CONTENT="by" ID="St_1.2.4.11" HPOS="2252" VPOS="1136" HEIGHT="132" WIDTH="148" STYLEREFS="Style_3" WC="0.973333333333333" CC="00"/>
						<SP ID="SP_1.2.4.12" HPOS="2360" VPOS="1160" WIDTH="56"/>
						<String CONTENT="W." ID="St_1.2.4.13" HPOS="2444" VPOS="1136" HEIGHT="104" WIDTH="164" STYLEREFS="Style_3" WC="0.966666666666667" CC="03"/>
						<SP ID="SP_1.2.4.14" HPOS="2600" VPOS="1180" WIDTH="36"/>
						<String CONTENT="M." ID="St_1.2.4.15" HPOS="2668" VPOS="1140" HEIGHT="96" WIDTH="148" STYLEREFS="Style_3" WC="0.957777777777778" CC="30"/>
						<SP ID="SP_1.2.4.16" HPOS="2804" VPOS="1184" WIDTH="40"/>
						<String CONTENT="Berger." ID="St_1.2.4.17" HPOS="2876" VPOS="1136" HEIGHT="128" WIDTH="440" STYLEREFS="Style_3" WC="0.964444444444444" CC="0000000"/>
						<SP ID="SP_1.2.4.18" HPOS="3300" VPOS="1180" WIDTH="92"/>
						<String CONTENT="[New" ID="St_1.2.4.19" HPOS="3472" VPOS="1136" HEIGHT="128" WIDTH="300" STYLEREFS="Style_3" WC="0.953333333333333" CC="7000"/>
						<SP ID="SP_1.2.4.20" HPOS="3720" VPOS="1160" WIDTH="72"/>
						<String CONTENT="York]" ID="St_1.2.4.21" HPOS="3820" VPOS="1136" HEIGHT="116" WIDTH="340" STYLEREFS="Style_3" WC="0.95" CC="00004"/>
					</TextLine>
					<TextLine ID="TL_1.2.5" HPOS="352" VPOS="1284" HEIGHT="128" WIDTH="1908">
						<String CONTENT="The" ID="St_1.2.5.1" HPOS="352" VPOS="1288" HEIGHT="96" WIDTH="228" STYLEREFS="Style_3" WC="0.851111111111111" CC="400"/>
						<SP ID="SP_1.2.5.2" HPOS="548" VPOS="1304" WIDTH="52"/>
						<String CONTENT="Macmillan" ID="St_1.2.5.3" HPOS="628" VPOS="1284" HEIGHT="104" WIDTH="644" STYLEREFS="Style_3" WC="0.965555555555556" CC="000000000"/>
						<SP ID="SP_1.2.5.4" HPOS="1232" VPOS="1304" WIDTH="64"/>
						<String CONTENT="company" ID="St_1.2.5.5" HPOS="1324" VPOS="1316" HEIGHT="96" WIDTH="540" STYLEREFS="Style_3" WC="0.977777777777778" CC="0000000"/>
						<SP ID="SP_1.2.5.6" HPOS="1824" VPOS="1300" WIDTH="68"/>
						<String CONTENT="[&#x0368;193" ID="St_1.2.5.7" HPOS="1928" VPOS="1292" HEIGHT="120" WIDTH="264" STYLEREFS="Style_3" WC="0.921111111111111" CC="78000"/>
						<String CONTENT="0]" ID="St_1.2.5.8" HPOS="2204" VPOS="1288" HEIGHT="96" WIDTH="56" STYLEREFS="Style_4" WC="0.907777777777778" CC="4"/>
					</TextLine>
					<TextLine ID="TL_1.2.6" HPOS="484" VPOS="1432" HEIGHT="100" WIDTH="3696">
						<String CONTENT="xv" ID="St_1.2.6.1" HPOS="484" VPOS="1460" HEIGHT="56" WIDTH="124" STYLEREFS="Style_4" WC="1" CC="00"/>
						<String CONTENT="i" ID="St_1.2.6.2" HPOS="616" VPOS="1440" HEIGHT="76" WIDTH="28" STYLEREFS="Style_5" WC="1" CC="0"/>
						<String CONTENT="ii" ID="St_1.2.6.3" HPOS="652" VPOS="1440" HEIGHT="76" WIDTH="68" STYLEREFS="Style_5" WC="1" CC="00"/>
						<SP ID="SP_1.2.6.4" HPOS="700" VPOS="1432" WIDTH="52"/>
						<String CONTENT="p.," ID="St_1.2.6.5" HPOS="792" VPOS="1460" HEIGHT="72" WIDTH="112" STYLEREFS="Style_6" WC="1" CC="000"/>
						<SP ID="SP_1.2.6.6" HPOS="892" VPOS="1472" WIDTH="48"/>
						<String CONTENT="2" ID="St_1.2.6.7" HPOS="980" VPOS="1440" HEIGHT="76" WIDTH="48" STYLEREFS="Style_6" WC="1" CC="0"/>
						<SP ID="SP_1.2.6.8" HPOS="1000" VPOS="1440" WIDTH="64"/>
						<String CONTENT="l.," ID="St_1.2.6.9" HPOS="1104" VPOS="1444" HEIGHT="88" WIDTH="88" STYLEREFS="Style_6" WC="1" CC="000"/>
						<SP ID="SP_1.2.6.10" HPOS="1176" VPOS="1472" WIDTH="48"/>
						<String CONTENT="3-471" ID="St_1.2.6.11" HPOS="1264" VPOS="1440" HEIGHT="76" WIDTH="268" STYLEREFS="Style_6" WC="0.977777777777778" CC="00400"/>
						<SP ID="SP_1.2.6.12" HPOS="1508" VPOS="1440" WIDTH="64"/>
						<String CONTENT="p." ID="St_1.2.6.13" HPOS="1616" VPOS="1460" HEIGHT="68" WIDTH="84" STYLEREFS="Style_7" WC="0.981111111111111" CC="00"/>
						<SP ID="SP_1.2.6.14" HPOS="1688" VPOS="1472" WIDTH="48"/>
						<String CONTENT="in" ID="St_1.2.6.15" HPOS="1776" VPOS="1444" HEIGHT="72" WIDTH="92" STYLEREFS="Style_7" WC="0.957777777777778" CC="33"/>
						<String CONTENT="cl" ID="St_1.2.6.16" HPOS="1880" VPOS="1440" HEIGHT="76" WIDTH="76" STYLEREFS="Style_7" WC="0.945555555555556" CC="13"/>
						<String CONTENT="." ID="St_1.2.6.17" HPOS="1972" VPOS="1504" HEIGHT="12" WIDTH="12" STYLEREFS="Style_7" WC="0.947777777777778" CC="0"/>
						<SP ID="SP_1.2.6.18" HPOS="1972" VPOS="1472" WIDTH="48"/>
						<String CONTENT="front.," ID="St_1.2.6.19" HPOS="2060" VPOS="1436" HEIGHT="92" WIDTH="316" STYLEREFS="Style_7" WC="0.958888888888889" CC="0000000"/>
						<SP ID="SP_1.2.6.20" HPOS="2364" VPOS="1468" WIDTH="48"/>
						<String CONTENT="plates." ID="St_1.2.6.21" HPOS="2452" VPOS="1436" HEIGHT="92" WIDTH="328" STYLEREFS="Style_7" WC="0.965555555555556" CC="0000000"/>
						<SP ID="SP_1.2.6.22" HPOS="2768" VPOS="1468" WIDTH="80"/>
						<String CONTENT="17&#x0368;&#x036B;." ID="St_1.2.6.23" HPOS="2924" VPOS="1436" HEIGHT="76" WIDTH="224" STYLEREFS="Style_7" WC="0.937777777777778" CC="00780"/>
						<SP ID="SP_1.2.6.24" HPOS="3132" VPOS="1468" WIDTH="92"/>
						<String CONTENT="(H" ID="St_1.2.6.25" HPOS="3308" VPOS="1436" HEIGHT="92" WIDTH="140" STYLEREFS="Style_8" WC="0.941111111111111" CC="00"/>
						<String CONTENT="a" ID="St_1.2.6.26" HPOS="3452" VPOS="1456" HEIGHT="56" WIDTH="56" STYLEREFS="Style_9" WC="0.934444444444444" CC="4"/>
						<String CONTENT="lf-" ID="St_1.2.6.27" HPOS="3516" VPOS="1436" HEIGHT="92" WIDTH="112" STYLEREFS="Style_9" WC="0.937777777777778" CC="000"/>
						<String CONTENT="t" ID="St_1.2.6.28" HPOS="3632" VPOS="1440" HEIGHT="68" WIDTH="32" STYLEREFS="Style_9" WC="0.931111111111111" CC="4"/>
						<String CONTENT="i" ID="St_1.2.6.29" HPOS="3676" VPOS="1436" HEIGHT="76" WIDTH="28" STYLEREFS="Style_10" WC="0.932222222222222" CC="0"/>
						<String CONTENT="tle:" ID="St_1.2.6.30" HPOS="3716" VPOS="1444" HEIGHT="72" WIDTH="164" STYLEREFS="Style_10" WC="0.928888888888889" CC="0040"/>
						<SP ID="SP_1.2.6.31" HPOS="3860" VPOS="1452" WIDTH="52"/>
						<String CONTENT="New" ID="St_1.2.6.32" HPOS="3956" VPOS="1440" HEIGHT="76" WIDTH="224" STYLEREFS="Style_10" WC="0.933333333333333" CC="000"/>
					</TextLine>
					<TextLine ID="TL_1.2.7" HPOS="352" VPOS="1544" HEIGHT="96" WIDTH="840">
						<String CONTENT="pocket" ID="St_1.2.7.1" HPOS="352" VPOS="1544" HEIGHT="96" WIDTH="324" STYLEREFS="Style_10" WC="1" CC="000000"/>
						<SP ID="SP_1.2.7.2" HPOS="652" VPOS="1552" WIDTH="64"/>
						<String CONTENT="classics)" ID="St_1.2.7.3" HPOS="760" VPOS="1544" HEIGHT="92" WIDTH="432" STYLEREFS="Style_10" WC="1" CC="000000000"/>
					</TextLine>
					<TextLine ID="TL_1.2.8" HPOS="488" VPOS="1652" HEIGHT="92" WIDTH="3688">
						<String CONTENT="&quot;Published" ID="St_1.2.8.1" HPOS="488" VPOS="1656" HEIGHT="76" WIDTH="560" STYLEREFS="Style_10" WC="1" CC="0000000000"/>
						<SP ID="SP_1.2.8.2" HPOS="1016" VPOS="1660" WIDTH="72"/>
						<String CONTENT="February," ID="St_1.2.8.3" HPOS="1132" VPOS="1656" HEIGHT="88" WIDTH="504" STYLEREFS="Style_10" WC="1" CC="000000000"/>
						<SP ID="SP_1.2.8.4" HPOS="1620" VPOS="1684" WIDTH="52"/>
						<String CONTENT="1905;" ID="St_1.2.8.5" HPOS="1716" VPOS="1652" HEIGHT="92" WIDTH="268" STYLEREFS="Style_10" WC="1" CC="00000"/>
						<SP ID="SP_1.2.8.6" HPOS="1972" VPOS="1668" WIDTH="52"/>
						<String CONTENT="revised" ID="St_1.2.8.7" HPOS="2072" VPOS="1652" HEIGHT="80" WIDTH="360" STYLEREFS="Style_10" WC="1" CC="0000000"/>
						<SP ID="SP_1.2.8.8" HPOS="2400" VPOS="1656" WIDTH="68"/>
						<String CONTENT="edition" ID="St_1.2.8.9" HPOS="2512" VPOS="1652" HEIGHT="76" WIDTH="348" STYLEREFS="Style_10" WC="1" CC="0000000"/>
						<SP ID="SP_1.2.8.10" HPOS="2828" VPOS="1668" WIDTH="72"/>
						<String CONTENT="with" ID="St_1.2.8.11" HPOS="2948" VPOS="1652" HEIGHT="76" WIDTH="224" STYLEREFS="Style_10" WC="1" CC="0000"/>
						<SP ID="SP_1.2.8.12" HPOS="3140" VPOS="1660" WIDTH="72"/>
						<String CONTENT="illustrations" ID="St_1.2.8.13" HPOS="3256" VPOS="1652" HEIGHT="80" WIDTH="628" STYLEREFS="Style_10" WC="0.99" CC="5000000000000"/>
						<SP ID="SP_1.2.8.14" HPOS="3856" VPOS="1668" WIDTH="64"/>
						<String CONTENT="pub-" ID="St_1.2.8.15" HPOS="3964" VPOS="1660" HEIGHT="84" WIDTH="212" STYLEREFS="Style_10" WC="0.988888888888889" CC="0001"/>
					</TextLine>
					<TextLine ID="TL_1.2.9" HPOS="348" VPOS="1764" HEIGHT="92" WIDTH="952">
						<String CONTENT="lished" ID="St_1.2.9.1" HPOS="348" VPOS="1768" HEIGHT="76" WIDTH="296" STYLEREFS="Style_10" WC="1" CC="000000"/>
						<SP ID="SP_1.2.9.2" HPOS="612" VPOS="1768" WIDTH="56"/>
						<String CONTENT="May," ID="St_1.2.9.3" HPOS="700" VPOS="1768" HEIGHT="88" WIDTH="244" STYLEREFS="Style_10" WC="1" CC="0000"/>
						<SP ID="SP_1.2.9.4" HPOS="932" VPOS="1796" WIDTH="36"/>
						<String CONTENT="1930.&quot;" ID="St_1.2.9.5" HPOS="996" VPOS="1764" HEIGHT="76" WIDTH="304" STYLEREFS="Style_10" WC="1" CC="000000"/>
					</TextLine>
					<TextLine ID="TL_1.2.10" HPOS="360" VPOS="1864" HEIGHT="104" WIDTH="3808">
						<String CONTENT="&#x00A9;" ID="St_1.2.10.1" HPOS="360" VPOS="1872" HEIGHT="92" WIDTH="92" STYLEREFS="Style_10" WC="0.555555555555556" CC="4"/>
						<SP ID="SP_1.2.10.2" HPOS="404" VPOS="1872" WIDTH="80"/>
						<String CONTENT="May" ID="St_1.2.10.3" HPOS="512" VPOS="1876" HEIGHT="88" WIDTH="216" STYLEREFS="Style_10" WC="0.911111111111111" CC="000"/>
						<SP ID="SP_1.2.10.4" HPOS="696" VPOS="1896" WIDTH="52"/>
						<String CONTENT="27," ID="St_1.2.10.5" HPOS="776" VPOS="1876" HEIGHT="92" WIDTH="136" STYLEREFS="Style_10" WC="0.95" CC="000"/>
						<SP ID="SP_1.2.10.6" HPOS="900" VPOS="1916" WIDTH="36"/>
						<String CONTENT="1930;" ID="St_1.2.10.7" HPOS="968" VPOS="1876" HEIGHT="88" WIDTH="268" STYLEREFS="Style_10" WC="0.97" CC="00000"/>
						<SP ID="SP_1.2.10.8" HPOS="1224" VPOS="1892" WIDTH="36"/>
						<String CONTENT="2c." ID="St_1.2.10.9" HPOS="1292" VPOS="1876" HEIGHT="76" WIDTH="132" STYLEREFS="Style_10" WC="0.935555555555556" CC="070"/>
						<SP ID="SP_1.2.10.10" HPOS="1412" VPOS="1916" WIDTH="40"/>
						<String CONTENT="and" ID="St_1.2.10.11" HPOS="1480" VPOS="1876" HEIGHT="72" WIDTH="180" STYLEREFS="Style_10" WC="0.946666666666667" CC="000"/>
						<SP ID="SP_1.2.10.12" HPOS="1628" VPOS="1884" WIDTH="60"/>
						<String CONTENT="aff." ID="St_1.2.10.13" HPOS="1716" VPOS="1872" HEIGHT="76" WIDTH="156" STYLEREFS="Style_10" WC="0.94" CC="0040"/>
						<SP ID="SP_1.2.10.14" HPOS="1856" VPOS="1916" WIDTH="40"/>
						<String CONTENT="May" ID="St_1.2.10.15" HPOS="1928" VPOS="1876" HEIGHT="84" WIDTH="216" STYLEREFS="Style_10" WC="0.947777777777778" CC="000"/>
						<SP ID="SP_1.2.10.16" HPOS="2112" VPOS="1892" WIDTH="56"/>
						<String CONTENT="29;" ID="St_1.2.10.17" HPOS="2192" VPOS="1872" HEIGHT="88" WIDTH="164" STYLEREFS="Style_10" WC="0.953333333333333" CC="000"/>
						<SP ID="SP_1.2.10.18" HPOS="2344" VPOS="1892" WIDTH="40"/>
						<String CONTENT="A" ID="St_1.2.10.19" HPOS="2416" VPOS="1872" HEIGHT="72" WIDTH="80" STYLEREFS="Style_10" WC="0.955555555555556" CC="0"/>
						<SP ID="SP_1.2.10.20" HPOS="2448" VPOS="1884" WIDTH="72"/>
						<String CONTENT="23692;" ID="St_1.2.10.21" HPOS="2552" VPOS="1868" HEIGHT="92" WIDTH="324" STYLEREFS="Style_10" WC="0.962222222222222" CC="000000"/>
						<SP ID="SP_1.2.10.22" HPOS="2864" VPOS="1896" WIDTH="40"/>
						<String CONTENT="Macmillan" ID="St_1.2.10.23" HPOS="2936" VPOS="1868" HEIGHT="80" WIDTH="540" STYLEREFS="Style_10" WC="0.968888888888889" CC="000000000"/>
						<SP ID="SP_1.2.10.24" HPOS="3440" VPOS="1896" WIDTH="60"/>
						<String CONTENT="c" ID="St_1.2.10.25" HPOS="3532" VPOS="1896" HEIGHT="60" WIDTH="48" STYLEREFS="Style_10" WC="0.962222222222222" CC="4"/>
						<String CONTENT="o" ID="St_1.2.10.26" HPOS="3556" VPOS="1888" HEIGHT="68" WIDTH="76" STYLEREFS="Style_10" WC="0.946666666666667" CC="54"/>
						<String CONTENT="." ID="St_1.2.10.27" HPOS="3648" VPOS="1936" HEIGHT="12" WIDTH="16" STYLEREFS="Style_10" WC="0.945555555555556" CC="1"/>
						<SP ID="SP_1.2.10.28" HPOS="3652" VPOS="1916" WIDTH="84"/>
						<String CONTENT="&#x00A9;" ID="St_1.2.10.29" HPOS="3784" VPOS="1908" HEIGHT="56" WIDTH="16" STYLEREFS="Style_10" WC="0.933333333333333" CC="7"/>
						<String CONTENT="[" ID="St_1.2.10.30" HPOS="3812" VPOS="1864" HEIGHT="96" WIDTH="100" STYLEREFS="Style_11" WC="0.922222222222222" CC="7"/>
						<SP ID="SP_1.2.10.31" HPOS="3856" VPOS="1868" WIDTH="84"/>
						<String CONTENT="new" ID="St_1.2.10.32" HPOS="3972" VPOS="1892" HEIGHT="56" WIDTH="196" STYLEREFS="Style_11" WC="0.926666666666667" CC="000"/>
					</TextLine>
					<TextLine ID="TL_1.2.11" HPOS="488" VPOS="1976" HEIGHT="112" WIDTH="3508">
						<String CONTENT="introductio" ID="St_1.2.11.1" HPOS="488" VPOS="1984" HEIGHT="76" WIDTH="564" STYLEREFS="Style_11" WC="1" CC="00000000000"/>
						<String CONTENT="n" ID="St_1.2.11.2" HPOS="1064" VPOS="2008" HEIGHT="52" WIDTH="60" STYLEREFS="Style_11" WC="0.972222222222222" CC="3"/>
						<SP ID="SP_1.2.11.3" HPOS="1088" VPOS="2016" WIDTH="72"/>
						<String CONTENT="a" ID="St_1.2.11.4" HPOS="1204" VPOS="2024" HEIGHT="64" WIDTH="32" STYLEREFS="Style_11" WC="0.912222222222222" CC="7"/>
						<String CONTENT="n" ID="St_1.2.11.5" HPOS="1236" VPOS="2004" HEIGHT="52" WIDTH="56" STYLEREFS="Style_11" WC="0.858888888888889" CC="8"/>
						<String CONTENT="d" ID="St_1.2.11.6" HPOS="1304" VPOS="1984" HEIGHT="76" WIDTH="56" STYLEREFS="Style_11" WC="0.867777777777778" CC="0"/>
						<SP ID="SP_1.2.11.7" HPOS="1328" VPOS="2004" WIDTH="56"/>
						<String CONTENT="new" ID="St_1.2.11.8" HPOS="1412" VPOS="2000" HEIGHT="60" WIDTH="200" STYLEREFS="Style_11" WC="0.894444444444444" CC="000"/>
						<SP ID="SP_1.2.11.9" HPOS="1560" VPOS="2012" WIDTH="80"/>
						<String CONTENT="illustrations]" ID="St_1.2.11.10" HPOS="1672" VPOS="1984" HEIGHT="88" WIDTH="656" STYLEREFS="Style_11" WC="0.926666666666667" CC="00040000000000"/>
						<SP ID="SP_1.2.11.11" HPOS="2316" VPOS="2020" WIDTH="76"/>
						<String CONTENT="(30-15184)" ID="St_1.2.11.12" HPOS="2464" VPOS="1980" HEIGHT="92" WIDTH="536" STYLEREFS="Style_11" WC="0.944444444444444" CC="0000000000"/>
						<SP ID="SP_1.2.11.13" HPOS="2980" VPOS="1984" WIDTH="788"/>
						<String CONTENT="5976" ID="St_1.2.11.14" HPOS="3768" VPOS="1976" HEIGHT="84" WIDTH="228" STYLEREFS="Style_11" WC="0.895555555555556" CC="0000"/>
					</TextLine>
					<TextLine ID="TL_1.2.12" HPOS="352" VPOS="2164" HEIGHT="124" WIDTH="2040">
						<String CONTENT="Hoskier," ID="St_1.2.12.1" HPOS="352" VPOS="2164" HEIGHT="124" WIDTH="516" STYLEREFS="Style_11" WC="1" CC="00000000"/>
						<SP ID="SP_1.2.12.2" HPOS="852" VPOS="2204" WIDTH="44"/>
						<String CONTENT="Herman" ID="St_1.2.12.3" HPOS="932" VPOS="2164" HEIGHT="100" WIDTH="504" STYLEREFS="Style_11" WC="1" CC="000000"/>
						<SP ID="SP_1.2.12.4" HPOS="1396" VPOS="2184" WIDTH="68"/>
						<String CONTENT="Charles," ID="St_1.2.12.5" HPOS="1504" VPOS="2164" HEIGHT="120" WIDTH="504" STYLEREFS="Style_11" WC="1" CC="00000000"/>
						<SP ID="SP_1.2.12.6" HPOS="1988" VPOS="2204" WIDTH="52"/>
						<String CONTENT="1864-" ID="St_1.2.12.7" HPOS="2080" VPOS="2172" HEIGHT="92" WIDTH="312" STYLEREFS="Style_11" WC="1" CC="00000"/>
					</TextLine>
					<TextLine ID="TL_1.2.13" HPOS="480" VPOS="2308" HEIGHT="132" WIDTH="3700">
						<String CONTENT="What" ID="St_1.2.13.1" HPOS="480" VPOS="2312" HEIGHT="104" WIDTH="336" STYLEREFS="Style_11" WC="1" CC="0000"/>
						<SP ID="SP_1.2.13.2" HPOS="788" VPOS="2320" WIDTH="72"/>
						<String CONTENT="i" ID="St_1.2.13.3" HPOS="904" VPOS="2312" HEIGHT="96" WIDTH="32" STYLEREFS="Style_11" WC="1" CC="0"/>
						<String CONTENT="s" ID="St_1.2.13.4" HPOS="944" VPOS="2344" HEIGHT="68" WIDTH="48" STYLEREFS="Style_11" WC="1" CC="0"/>
						<SP ID="SP_1.2.13.5" HPOS="964" VPOS="2332" WIDTH="68"/>
						<String CONTENT="Nirvana?" ID="St_1.2.13.6" HPOS="1076" VPOS="2308" HEIGHT="104" WIDTH="564" STYLEREFS="Style_11" WC="1" CC="00000000"/>
						<SP ID="SP_1.2.13.7" HPOS="1620" VPOS="2324" WIDTH="284"/>
						<String CONTENT="[By" ID="St_1.2.13.8" HPOS="1812" VPOS="2312" HEIGHT="128" WIDTH="212" STYLEREFS="Style_11" WC="0.871111111111111" CC="711"/>
						<String CONTENT="]" ID="St_1.2.13.9" HPOS="2036" VPOS="2372" HEIGHT="64" WIDTH="20" STYLEREFS="Style_11" WC="0.875555555555556" CC="0"/>
						<SP ID="SP_1.2.13.10" HPOS="2040" VPOS="2344" WIDTH="60"/>
						<String CONTENT="H." ID="St_1.2.13.11" HPOS="2152" VPOS="2308" HEIGHT="100" WIDTH="148" STYLEREFS="Style_11" WC="0.888888888888889" CC="00"/>
						<SP ID="SP_1.2.13.12" HPOS="2288" VPOS="2356" WIDTH="60"/>
						<String CONTENT="C." ID="St_1.2.13.13" HPOS="2396" VPOS="2308" HEIGHT="104" WIDTH="116" STYLEREFS="Style_11" WC="0.898888888888889" CC="00"/>
						<SP ID="SP_1.2.13.14" HPOS="2500" VPOS="2356" WIDTH="52"/>
						<String CONTENT="H" ID="St_1.2.13.15" HPOS="2600" VPOS="2312" HEIGHT="96" WIDTH="116" STYLEREFS="Style_11" WC="0.904444444444445" CC="0"/>
						<String CONTENT="osk" ID="St_1.2.13.16" HPOS="2728" VPOS="2312" HEIGHT="96" WIDTH="192" STYLEREFS="Style_11" WC="0.912222222222222" CC="000"/>
						<String CONTENT="i" ID="St_1.2.13.17" HPOS="2928" VPOS="2312" HEIGHT="96" WIDTH="32" STYLEREFS="Style_11" WC="0.914444444444444" CC="0"/>
						<String CONTENT="er." ID="St_1.2.13.18" HPOS="2972" VPOS="2344" HEIGHT="64" WIDTH="140" STYLEREFS="Style_11" WC="0.921111111111111" CC="000"/>
						<SP ID="SP_1.2.13.19" HPOS="3100" VPOS="2356" WIDTH="88"/>
						<String CONTENT="Portland." ID="St_1.2.13.20" HPOS="3268" VPOS="2312" HEIGHT="100" WIDTH="576" STYLEREFS="Style_11" WC="0.936666666666667" CC="000000000"/>
						<SP ID="SP_1.2.13.21" HPOS="3832" VPOS="2356" WIDTH="56"/>
						<String CONTENT="Me.," ID="St_1.2.13.22" HPOS="3936" VPOS="2312" HEIGHT="108" WIDTH="244" STYLEREFS="Style_11" WC="0.942222222222222" CC="0000"/>
					</TextLine>
					<TextLine ID="TL_1.2.14" HPOS="344" VPOS="2460" HEIGHT="128" WIDTH="1460">
						<String CONTENT="The" ID="St_1.2.14.1" HPOS="344" VPOS="2464" HEIGHT="96" WIDTH="232" STYLEREFS="Style_11" WC="0.74" CC="313"/>
						<SP ID="SP_1.2.14.2" HPOS="548" VPOS="2484" WIDTH="52"/>
						<String CONTENT="Mosher" ID="St_1.2.14.3" HPOS="628" VPOS="2460" HEIGHT="100" WIDTH="444" STYLEREFS="Style_11" WC="0.922222222222222" CC="000000"/>
						<SP ID="SP_1.2.14.4" HPOS="1040" VPOS="2480" WIDTH="56"/>
						<String CONTENT="press," ID="St_1.2.14.5" HPOS="1120" VPOS="2492" HEIGHT="96" WIDTH="336" STYLEREFS="Style_11" WC="0.953333333333333" CC="000000"/>
						<SP ID="SP_1.2.14.6" HPOS="1444" VPOS="2504" WIDTH="40"/>
						<String CONTENT="1930." ID="St_1.2.14.7" HPOS="1516" VPOS="2464" HEIGHT="96" WIDTH="288" STYLEREFS="Style_11" WC="0.965555555555556" CC="00000"/>
					</TextLine>
					<TextLine ID="TL_1.2.15" HPOS="480" VPOS="2616" HEIGHT="92" WIDTH="1372">
						<String CONTENT="12," ID="St_1.2.15.1" HPOS="480" VPOS="2616" HEIGHT="88" WIDTH="136" STYLEREFS="Style_11" WC="1" CC="000"/>
						<SP ID="SP_1.2.15.2" HPOS="596" VPOS="2676" WIDTH="20"/>
						<String CONTENT="[" ID="St_1.2.15.3" HPOS="676" VPOS="2652" HEIGHT="56" WIDTH="24" STYLEREFS="Style_12" WC="1" CC="0"/>
						<String CONTENT="1]" ID="St_1.2.15.4" HPOS="732" VPOS="2632" HEIGHT="68" WIDTH="36" STYLEREFS="Style_12" WC="0.962222222222222" CC="2"/>
						<SP ID="SP_1.2.15.5" HPOS="760" VPOS="2652" WIDTH="24"/>
						<String CONTENT="p.," ID="St_1.2.15.6" HPOS="844" VPOS="2636" HEIGHT="72" WIDTH="112" STYLEREFS="Style_12" WC="0.977777777777778" CC="000"/>
						<SP ID="SP_1.2.15.7" HPOS="940" VPOS="2676" WIDTH="16"/>
						<String CONTENT="1" ID="St_1.2.15.8" HPOS="1012" VPOS="2620" HEIGHT="72" WIDTH="40" STYLEREFS="Style_12" WC="0.981111111111111" CC="0"/>
						<SP ID="SP_1.2.15.9" HPOS="1012" VPOS="2620" WIDTH="40"/>
						<String CONTENT="l" ID="St_1.2.15.10" HPOS="1120" VPOS="2616" HEIGHT="76" WIDTH="28" STYLEREFS="Style_12" WC="0.983333333333333" CC="0"/>
						<String CONTENT="." ID="St_1.2.15.11" HPOS="1160" VPOS="2676" HEIGHT="16" WIDTH="16" STYLEREFS="Style_12" WC="0.984444444444444" CC="0"/>
						<SP ID="SP_1.2.15.12" HPOS="1160" VPOS="2676" WIDTH="16"/>
						<String CONTENT="19&#x0368;&#x036B;." ID="St_1.2.15.13" HPOS="1288" VPOS="2616" HEIGHT="92" WIDTH="564" STYLEREFS="Style_12" WC="0.977777777777778" CC="00002"/>
					</TextLine>
					<TextLine ID="TL_1.2.16" HPOS="488" VPOS="2720" HEIGHT="92" WIDTH="3696">
						<String CONTENT="&quot;Five" ID="St_1.2.16.1" HPOS="488" VPOS="2724" HEIGHT="76" WIDTH="276" STYLEREFS="Style_12" WC="1" CC="00000"/>
						<SP ID="SP_1.2.16.2" HPOS="736" VPOS="2732" WIDTH="60"/>
						<String CONTENT="hundred" ID="St_1.2.16.3" HPOS="824" VPOS="2724" HEIGHT="76" WIDTH="424" STYLEREFS="Style_12" WC="1" CC="0000000"/>
						<SP ID="SP_1.2.16.4" HPOS="1216" VPOS="2720" WIDTH="60"/>
						<String CONTENT="copies" ID="St_1.2.16.5" HPOS="1308" VPOS="2724" HEIGHT="88" WIDTH="304" STYLEREFS="Style_12" WC="1" CC="000000"/>
						<SP ID="SP_1.2.16.6" HPOS="1588" VPOS="2732" WIDTH="52"/>
						<String CONTENT="of" ID="St_1.2.16.7" HPOS="1672" VPOS="2720" HEIGHT="80" WIDTH="100" STYLEREFS="Style_12" WC="1" CC="00"/>
						<SP ID="SP_1.2.16.8" HPOS="1748" VPOS="2720" WIDTH="52"/>
						<String CONTENT="this" ID="St_1.2.16.9" HPOS="1836" VPOS="2720" HEIGHT="80" WIDTH="188" STYLEREFS="Style_12" WC="1" CC="0000"/>
						<SP ID="SP_1.2.16.10" HPOS="2000" VPOS="2732" WIDTH="56"/>
						<String CONTENT="book" ID="St_1.2.16.11" HPOS="2084" VPOS="2724" HEIGHT="76" WIDTH="236" STYLEREFS="Style_12" WC="1" CC="0000"/>
						<SP ID="SP_1.2.16.12" HPOS="2284" VPOS="2720" WIDTH="64"/>
						<String CONTENT="have" ID="St_1.2.16.13" HPOS="2384" VPOS="2724" HEIGHT="76" WIDTH="232" STYLEREFS="Style_12" WC="1" CC="0000"/>
						<SP ID="SP_1.2.16.14" HPOS="2592" VPOS="2728" WIDTH="52"/>
						<String CONTENT="been" ID="St_1.2.16.15" HPOS="2680" VPOS="2724" HEIGHT="72" WIDTH="224" STYLEREFS="Style_12" WC="1" CC="0000"/>
						<SP ID="SP_1.2.16.16" HPOS="2872" VPOS="2732" WIDTH="60"/>
						<String CONTENT="printed" ID="St_1.2.16.17" HPOS="2968" VPOS="2720" HEIGHT="92" WIDTH="372" STYLEREFS="Style_12" WC="1" CC="0000000"/>
						<SP ID="SP_1.2.16.18" HPOS="3308" VPOS="2720" WIDTH="60"/>
						<String CONTENT="on" ID="St_1.2.16.19" HPOS="3404" VPOS="2740" HEIGHT="60" WIDTH="116" STYLEREFS="Style_12" WC="0.991111111111111" CC="04"/>
						<SP ID="SP_1.2.16.20" HPOS="3484" VPOS="2732" WIDTH="64"/>
						<String CONTENT="Van" ID="St_1.2.16.21" HPOS="3580" VPOS="2724" HEIGHT="76" WIDTH="204" STYLEREFS="Style_12" WC="0.992222222222222" CC="000"/>
						<SP ID="SP_1.2.16.22" HPOS="3748" VPOS="2732" WIDTH="64"/>
						<String CONTENT="Gelder" ID="St_1.2.16.23" HPOS="3848" VPOS="2720" HEIGHT="80" WIDTH="336" STYLEREFS="Style_12" WC="0.992222222222222" CC="000000"/>
					</TextLine>
					<TextLine ID="TL_1.2.17" HPOS="352" VPOS="2852" HEIGHT="76" WIDTH="416">
						<String CONTENT="paper" ID="St_1.2.17.1" HPOS="352" VPOS="2852" HEIGHT="72" WIDTH="280" STYLEREFS="Style_12" WC="1" CC="00000"/>
						<SP ID="SP_1.2.17.2" HPOS="588" VPOS="2852" WIDTH="44"/>
						<String CONTENT="&#x0085;" ID="St_1.2.17.3" HPOS="708" VPOS="2856" HEIGHT="72" WIDTH="60" STYLEREFS="Style_12" WC="0.952222222222222" CC="0"/>
					</TextLine>
					<TextLine ID="TL_1.2.18" HPOS="484" VPOS="2936" HEIGHT="92" WIDTH="2872">
						<String CONTENT="C" ID="St_1.2.18.1" HPOS="484" VPOS="2940" HEIGHT="68" WIDTH="80" STYLEREFS="Style_12" WC="0.555555555555556" CC="4"/>
						<String CONTENT="O" ID="St_1.2.18.2" HPOS="556" VPOS="2960" HEIGHT="56" WIDTH="48" STYLEREFS="Style_12" WC="0.555555555555556" CC="4"/>
						<String CONTENT="NTENT.-" ID="St_1.2.18.3" HPOS="616" VPOS="2960" HEIGHT="56" WIDTH="512" STYLEREFS="Style_13" WC="0.715555555555556" CC="4134111"/>
						<String CONTENT="What" ID="St_1.2.18.4" HPOS="1112" VPOS="2940" HEIGHT="76" WIDTH="300" STYLEREFS="Style_13" WC="0.76" CC="5000"/>
						<SP ID="SP_1.2.18.5" HPOS="1392" VPOS="2940" WIDTH="48"/>
						<String CONTENT="is" ID="St_1.2.18.6" HPOS="1472" VPOS="2936" HEIGHT="80" WIDTH="80" STYLEREFS="Style_13" WC="0.805555555555556" CC="00"/>
						<SP ID="SP_1.2.18.7" HPOS="1528" VPOS="2948" WIDTH="48"/>
						<String CONTENT="Nir" ID="St_1.2.18.8" HPOS="1604" VPOS="2936" HEIGHT="76" WIDTH="172" STYLEREFS="Style_13" WC="0.844444444444444" CC="000"/>
						<String CONTENT="v" ID="St_1.2.18.9" HPOS="1784" VPOS="2956" HEIGHT="56" WIDTH="56" STYLEREFS="Style_13" WC="0.851111111111111" CC="0"/>
						<String CONTENT="an" ID="St_1.2.18.10" HPOS="1844" VPOS="2956" HEIGHT="56" WIDTH="120" STYLEREFS="Style_13" WC="0.864444444444444" CC="00"/>
						<String CONTENT="a" ID="St_1.2.18.11" HPOS="1976" VPOS="2956" HEIGHT="56" WIDTH="48" STYLEREFS="Style_13" WC="0.87" CC="0"/>
						<SP ID="SP_1.2.18.12" HPOS="1996" VPOS="2948" WIDTH="40"/>
						<String CONTENT="?-" ID="St_1.2.18.13" HPOS="2052" VPOS="2936" HEIGHT="76" WIDTH="152" STYLEREFS="Style_13" WC="0.851111111111111" CC="40"/>
						<String CONTENT="M" ID="St_1.2.18.14" HPOS="2204" VPOS="2940" HEIGHT="72" WIDTH="92" STYLEREFS="Style_13" WC="0.856666666666667" CC="0"/>
						<String CONTENT="y" ID="St_1.2.18.15" HPOS="2308" VPOS="2956" HEIGHT="72" WIDTH="52" STYLEREFS="Style_13" WC="0.861111111111111" CC="0"/>
						<SP ID="SP_1.2.18.16" HPOS="2332" VPOS="2948" WIDTH="56"/>
						<String CONTENT="c" ID="St_1.2.18.17" HPOS="2420" VPOS="2956" HEIGHT="56" WIDTH="48" STYLEREFS="Style_13" WC="0.87" CC="0"/>
						<String CONTENT="reed" ID="St_1.2.18.18" HPOS="2476" VPOS="2936" HEIGHT="76" WIDTH="212" STYLEREFS="Style_13" WC="0.885555555555556" CC="0000"/>
						<SP ID="SP_1.2.18.19" HPOS="2656" VPOS="2936" WIDTH="60"/>
						<String CONTENT="and" ID="St_1.2.18.20" HPOS="2752" VPOS="2936" HEIGHT="76" WIDTH="180" STYLEREFS="Style_13" WC="0.896666666666667" CC="000"/>
						<SP ID="SP_1.2.18.21" HPOS="2900" VPOS="2936" WIDTH="60"/>
						<String CONTENT="prayer." ID="St_1.2.18.22" HPOS="2988" VPOS="2956" HEIGHT="72" WIDTH="368" STYLEREFS="Style_13" WC="0.914444444444444" CC="0000000"/>
					</TextLine>
					<TextLine ID="TL_1.2.19" HPOS="356" VPOS="3044" HEIGHT="96" WIDTH="3812">
						<String CONTENT="&#x00A9;" ID="St_1.2.19.1" HPOS="356" VPOS="3044" HEIGHT="92" WIDTH="92" STYLEREFS="Style_13" WC="0.555555555555556" CC="4"/>
						<SP ID="SP_1.2.19.2" HPOS="400" VPOS="3044" WIDTH="84"/>
						<String CONTENT="Apr." ID="St_1.2.19.3" HPOS="512" VPOS="3052" HEIGHT="88" WIDTH="216" STYLEREFS="Style_13" WC="0.925555555555556" CC="0000"/>
						<SP ID="SP_1.2.19.4" HPOS="720" VPOS="3092" WIDTH="36"/>
						<String CONTENT="4," ID="St_1.2.19.5" HPOS="788" VPOS="3052" HEIGHT="88" WIDTH="76" STYLEREFS="Style_13" WC="0.95" CC="00"/>
						<SP ID="SP_1.2.19.6" HPOS="852" VPOS="3088" WIDTH="40"/>
						<String CONTENT="1930;" ID="St_1.2.19.7" HPOS="928" VPOS="3052" HEIGHT="88" WIDTH="264" STYLEREFS="Style_13" WC="0.94" CC="00004"/>
						<SP ID="SP_1.2.19.8" HPOS="1180" VPOS="3068" WIDTH="40"/>
						<String CONTENT="2c." ID="St_1.2.19.9" HPOS="1256" VPOS="3052" HEIGHT="72" WIDTH="128" STYLEREFS="Style_13" WC="0.952222222222222" CC="000"/>
						<SP ID="SP_1.2.19.10" HPOS="1376" VPOS="3088" WIDTH="36"/>
						<String CONTENT="Apr." ID="St_1.2.19.11" HPOS="1444" VPOS="3052" HEIGHT="88" WIDTH="216" STYLEREFS="Style_13" WC="0.962222222222222" CC="0000"/>
						<SP ID="SP_1.2.19.12" HPOS="1652" VPOS="3088" WIDTH="40"/>
						<String CONTENT="19;" ID="St_1.2.19.13" HPOS="1720" VPOS="3048" HEIGHT="88" WIDTH="156" STYLEREFS="Style_13" WC="0.967777777777778" CC="000"/>
						<SP ID="SP_1.2.19.14" HPOS="1864" VPOS="3068" WIDTH="44"/>
						<String CONTENT="aff." ID="St_1.2.19.15" HPOS="1944" VPOS="3044" HEIGHT="80" WIDTH="156" STYLEREFS="Style_13" WC="0.958888888888889" CC="0040"/>
						<SP ID="SP_1.2.19.16" HPOS="2088" VPOS="3088" WIDTH="44"/>
						<String CONTENT="Apr." ID="St_1.2.19.17" HPOS="2160" VPOS="3048" HEIGHT="88" WIDTH="220" STYLEREFS="Style_13" WC="0.964444444444444" CC="0000"/>
						<SP ID="SP_1.2.19.18" HPOS="2368" VPOS="3088" WIDTH="40"/>
						<String CONTENT="18;" ID="St_1.2.19.19" HPOS="2440" VPOS="3048" HEIGHT="88" WIDTH="156" STYLEREFS="Style_13" WC="0.967777777777778" CC="000"/>
						<SP ID="SP_1.2.19.20" HPOS="2584" VPOS="3068" WIDTH="40"/>
						<String CONTENT="A" ID="St_1.2.19.21" HPOS="2660" VPOS="3044" HEIGHT="76" WIDTH="80" STYLEREFS="Style_13" WC="0.968888888888889" CC="0"/>
						<SP ID="SP_1.2.19.22" HPOS="2696" VPOS="3056" WIDTH="72"/>
						<String CONTENT="22210;" ID="St_1.2.19.23" HPOS="2796" VPOS="3044" HEIGHT="92" WIDTH="328" STYLEREFS="Style_13" WC="0.973333333333333" CC="000000"/>
						<SP ID="SP_1.2.19.24" HPOS="3108" VPOS="3064" WIDTH="44"/>
						<String CONTENT="H." ID="St_1.2.19.25" HPOS="3188" VPOS="3048" HEIGHT="76" WIDTH="120" STYLEREFS="Style_13" WC="0.974444444444444" CC="00"/>
						<SP ID="SP_1.2.19.26" HPOS="3296" VPOS="3088" WIDTH="40"/>
						<String CONTENT="C." ID="St_1.2.19.27" HPOS="3368" VPOS="3044" HEIGHT="80" WIDTH="96" STYLEREFS="Style_13" WC="0.975555555555556" CC="00"/>
						<SP ID="SP_1.2.19.28" HPOS="3452" VPOS="3088" WIDTH="40"/>
						<String CONTENT="Hos" ID="St_1.2.19.29" HPOS="3528" VPOS="3048" HEIGHT="76" WIDTH="196" STYLEREFS="Style_13" WC="0.977777777777778" CC="000"/>
						<String CONTENT="ki" ID="St_1.2.19.30" HPOS="3728" VPOS="3044" HEIGHT="76" WIDTH="96" STYLEREFS="Style_13" WC="0.97" CC="41"/>
						<String CONTENT="er," ID="St_1.2.19.31" HPOS="3836" VPOS="3064" HEIGHT="72" WIDTH="120" STYLEREFS="Style_13" WC="0.965555555555556" CC="300"/>
						<SP ID="SP_1.2.19.32" HPOS="3948" VPOS="3088" WIDTH="44"/>
						<String CONTENT="So." ID="St_1.2.19.33" HPOS="4028" VPOS="3048" HEIGHT="76" WIDTH="140" STYLEREFS="Style_13" WC="0.967777777777778" CC="000"/>
					</TextLine>
					<TextLine ID="TL_1.2.20" HPOS="484" VPOS="3152" HEIGHT="104" WIDTH="3508">
						<String CONTENT="Orange," ID="St_1.2.20.1" HPOS="484" VPOS="3160" HEIGHT="92" WIDTH="388" STYLEREFS="Style_13" WC="1" CC="0000000"/>
						<SP ID="SP_1.2.20.2" HPOS="860" VPOS="3208" WIDTH="36"/>
						<String CONTENT="N." ID="St_1.2.20.3" HPOS="920" VPOS="3160" HEIGHT="76" WIDTH="108" STYLEREFS="Style_13" WC="1" CC="00"/>
						<SP ID="SP_1.2.20.4" HPOS="1016" VPOS="3208" WIDTH="32"/>
						<String CONTENT="J" ID="St_1.2.20.5" HPOS="1072" VPOS="3160" HEIGHT="76" WIDTH="56" STYLEREFS="Style_13" WC="0.962222222222222" CC="4"/>
						<String CONTENT="." ID="St_1.2.20.6" HPOS="1140" VPOS="3220" HEIGHT="16" WIDTH="16" STYLEREFS="Style_13" WC="0.965555555555556" CC="0"/>
						<SP ID="SP_1.2.20.7" HPOS="1144" VPOS="3208" WIDTH="72"/>
						<String CONTENT="(30-1" ID="St_1.2.20.8" HPOS="1276" VPOS="3160" HEIGHT="92" WIDTH="264" STYLEREFS="Style_13" WC="0.975555555555556" CC="00000"/>
						<String CONTENT="5" ID="St_1.2.20.9" HPOS="1548" VPOS="3160" HEIGHT="76" WIDTH="52" STYLEREFS="Style_13" WC="0.955555555555556" CC="4"/>
						<String CONTENT="133)" ID="St_1.2.20.10" HPOS="1600" VPOS="3160" HEIGHT="92" WIDTH="216" STYLEREFS="Style_13" WC="0.962222222222222" CC="0000"/>
						<SP ID="SP_1.2.20.11" HPOS="1800" VPOS="3172" WIDTH="1964"/>
						<String CONTENT="5977" ID="St_1.2.20.12" HPOS="3764" VPOS="3152" HEIGHT="84" WIDTH="228" STYLEREFS="Style_13" WC="0.758888888888889" CC="0000"/>
					</TextLine>
					<TextLine ID="TL_1.2.21" HPOS="344" VPOS="3340" HEIGHT="124" WIDTH="1172">
						<String CONTENT="Huff," ID="St_1.2.21.1" HPOS="344" VPOS="3340" HEIGHT="124" WIDTH="312" STYLEREFS="Style_13" WC="1" CC="00000"/>
						<SP ID="SP_1.2.21.2" HPOS="640" VPOS="3380" WIDTH="44"/>
						<String CONTENT="Elizabeth" ID="St_1.2.21.3" HPOS="716" VPOS="3340" HEIGHT="100" WIDTH="592" STYLEREFS="Style_13" WC="1" CC="000000000"/>
						<SP ID="SP_1.2.21.4" HPOS="1268" VPOS="3340" WIDTH="68"/>
						<String CONTENT="M." ID="St_1.2.21.5" HPOS="1364" VPOS="3344" HEIGHT="104" WIDTH="152" STYLEREFS="Style_13" WC="1" CC="00"/>
					</TextLine>
					<TextLine ID="TL_1.2.22" HPOS="476" VPOS="3488" HEIGHT="140" WIDTH="3700">
						<String CONTENT="The" ID="St_1.2.22.1" HPOS="476" VPOS="3496" HEIGHT="96" WIDTH="232" STYLEREFS="Style_13" WC="1" CC="000"/>
						<SP ID="SP_1.2.22.2" HPOS="680" VPOS="3512" WIDTH="52"/>
						<String CONTENT="community" ID="St_1.2.22.3" HPOS="760" VPOS="3496" HEIGHT="132" WIDTH="676" STYLEREFS="Style_13" WC="1" CC="000000000"/>
						<SP ID="SP_1.2.22.4" HPOS="1396" VPOS="3512" WIDTH="64"/>
						<String CONTENT="room" ID="St_1.2.22.5" HPOS="1488" VPOS="3528" HEIGHT="64" WIDTH="300" STYLEREFS="Style_13" WC="0.981111111111111" CC="0003"/>
						<SP ID="SP_1.2.22.6" HPOS="1732" VPOS="3520" WIDTH="84"/>
						<String CONTENT="in" ID="St_1.2.22.7" HPOS="1844" VPOS="3492" HEIGHT="100" WIDTH="112" STYLEREFS="Style_13" WC="0.977777777777778" CC="00"/>
						<SP ID="SP_1.2.22.8" HPOS="1916" VPOS="3524" WIDTH="68"/>
						<String CONTENT="the" ID="St_1.2.22.9" HPOS="2012" VPOS="3492" HEIGHT="100" WIDTH="176" STYLEREFS="Style_13" WC="0.964444444444444" CC="040"/>
						<SP ID="SP_1.2.22.10" HPOS="2160" VPOS="3524" WIDTH="52"/>
						<String CONTENT="platoon" ID="St_1.2.22.11" HPOS="2244" VPOS="3496" HEIGHT="124" WIDTH="452" STYLEREFS="Style_13" WC="0.972222222222222" CC="0000000"/>
						<SP ID="SP_1.2.22.12" HPOS="2656" VPOS="3512" WIDTH="64"/>
						<String CONTENT="school," ID="St_1.2.22.13" HPOS="2748" VPOS="3492" HEIGHT="128" WIDTH="400" STYLEREFS="Style_13" WC="0.977777777777778" CC="0000000"/>
						<SP ID="SP_1.2.22.14" HPOS="3132" VPOS="3536" WIDTH="36"/>
						<String CONTENT="by" ID="St_1.2.22.15" HPOS="3196" VPOS="3492" HEIGHT="132" WIDTH="144" STYLEREFS="Style_13" WC="0.978888888888889" CC="00"/>
						<SP ID="SP_1.2.22.16" HPOS="3300" VPOS="3512" WIDTH="64"/>
						<String CONTENT="Elizabeth" ID="St_1.2.22.17" HPOS="3392" VPOS="3488" HEIGHT="104" WIDTH="576" STYLEREFS="Style_13" WC="0.983333333333333" CC="000000000"/>
						<SP ID="SP_1.2.22.18" HPOS="3928" VPOS="3492" WIDTH="64"/>
						<String CONTENT="M." ID="St_1.2.22.19" HPOS="4024" VPOS="3492" HEIGHT="100" WIDTH="152" STYLEREFS="Style_14" WC="0.983333333333333" CC="00"/>
					</TextLine>
					<TextLine ID="TL_1.2.23" HPOS="344" VPOS="3640" HEIGHT="132" WIDTH="2360">
						<String CONTENT="Huf" ID="St_1.2.23.1" HPOS="344" VPOS="3640" HEIGHT="100" WIDTH="236" STYLEREFS="Style_14" WC="1" CC="000"/>
						<String CONTENT="f" ID="St_1.2.23.2" HPOS="572" VPOS="3640" HEIGHT="100" WIDTH="56" STYLEREFS="Style_14" WC="1" CC="0"/>
						<SP ID="SP_1.2.23.3" HPOS="604" VPOS="3640" WIDTH="52"/>
						<String CONTENT="&#x0085;" ID="St_1.2.23.4" HPOS="708" VPOS="3648" HEIGHT="104" WIDTH="68" STYLEREFS="Style_14" WC="1" CC="0"/>
						<SP ID="SP_1.2.23.5" HPOS="784" VPOS="3704" WIDTH="88"/>
						<String CONTENT="B" ID="St_1.2.23.6" HPOS="948" VPOS="3640" HEIGHT="100" WIDTH="92" STYLEREFS="Style_14" WC="1" CC="0"/>
						<String CONTENT="oston," ID="St_1.2.23.7" HPOS="1052" VPOS="3652" HEIGHT="116" WIDTH="344" STYLEREFS="Style_14" WC="1" CC="000000"/>
						<SP ID="SP_1.2.23.8" HPOS="1384" VPOS="3684" WIDTH="40"/>
						<String CONTENT="R." ID="St_1.2.23.9" HPOS="1452" VPOS="3640" HEIGHT="100" WIDTH="128" STYLEREFS="Style_14" WC="1" CC="00"/>
						<SP ID="SP_1.2.23.10" HPOS="1568" VPOS="3684" WIDTH="44"/>
						<String CONTENT="G." ID="St_1.2.23.11" HPOS="1640" VPOS="3640" HEIGHT="104" WIDTH="128" STYLEREFS="Style_14" WC="1" CC="00"/>
						<SP ID="SP_1.2.23.12" HPOS="1752" VPOS="3684" WIDTH="44"/>
						<String CONTENT="Badger" ID="St_1.2.23.13" HPOS="1828" VPOS="3640" HEIGHT="132" WIDTH="440" STYLEREFS="Style_14" WC="1" CC="000000"/>
						<SP ID="SP_1.2.23.14" HPOS="2236" VPOS="3660" WIDTH="64"/>
						<String CONTENT="[&#x0368;193" ID="St_1.2.23.15" HPOS="2336" VPOS="3644" HEIGHT="124" WIDTH="264" STYLEREFS="Style_14" WC="0.948888888888889" CC="78000"/>
						<String CONTENT="0" ID="St_1.2.23.16" HPOS="2608" VPOS="3644" HEIGHT="96" WIDTH="60" STYLEREFS="Style_14" WC="0.95" CC="0"/>
						<String CONTENT="]" ID="St_1.2.23.17" HPOS="2680" VPOS="3704" HEIGHT="64" WIDTH="24" STYLEREFS="Style_14" WC="0.926666666666667" CC="8"/>
					</TextLine>
					<TextLine ID="TL_1.2.24" HPOS="476" VPOS="3796" HEIGHT="88" WIDTH="2756">
						<String CONTENT="7," ID="St_1.2.24.1" HPOS="476" VPOS="3796" HEIGHT="88" WIDTH="76" STYLEREFS="Style_14" WC="1" CC="00"/>
						<SP ID="SP_1.2.24.2" HPOS="540" VPOS="3824" WIDTH="36"/>
						<String CONTENT="i" ID="St_1.2.24.3" HPOS="604" VPOS="3796" HEIGHT="72" WIDTH="32" STYLEREFS="Style_14" WC="1" CC="0"/>
						<String CONTENT="x" ID="St_1.2.24.4" HPOS="640" VPOS="3816" HEIGHT="52" WIDTH="60" STYLEREFS="Style_14" WC="0.933333333333333" CC="3"/>
						<String CONTENT="-" ID="St_1.2.24.5" HPOS="704" VPOS="3836" HEIGHT="12" WIDTH="48" STYLEREFS="Style_14" WC="0.925555555555556" CC="1"/>
						<String CONTENT="x" ID="St_1.2.24.6" HPOS="760" VPOS="3816" HEIGHT="52" WIDTH="60" STYLEREFS="Style_14" WC="0.872222222222222" CC="4"/>
						<String CONTENT="i" ID="St_1.2.24.7" HPOS="832" VPOS="3796" HEIGHT="72" WIDTH="28" STYLEREFS="Style_14" WC="0.888888888888889" CC="0"/>
						<SP ID="SP_1.2.24.8" HPOS="844" VPOS="3796" WIDTH="36"/>
						<String CONTENT="p.," ID="St_1.2.24.9" HPOS="908" VPOS="3812" HEIGHT="72" WIDTH="112" STYLEREFS="Style_14" WC="0.925555555555556" CC="000"/>
						<SP ID="SP_1.2.24.10" HPOS="1008" VPOS="3824" WIDTH="36"/>
						<String CONTENT="1" ID="St_1.2.24.11" HPOS="1072" VPOS="3796" HEIGHT="72" WIDTH="44" STYLEREFS="Style_14" WC="0.935555555555556" CC="0"/>
						<SP ID="SP_1.2.24.12" HPOS="1088" VPOS="3796" WIDTH="52"/>
						<String CONTENT="l.," ID="St_1.2.24.13" HPOS="1168" VPOS="3796" HEIGHT="88" WIDTH="84" STYLEREFS="Style_14" WC="0.95" CC="000"/>
						<SP ID="SP_1.2.24.14" HPOS="1240" VPOS="3824" WIDTH="32"/>
						<String CONTENT="15-223" ID="St_1.2.24.15" HPOS="1300" VPOS="3796" HEIGHT="76" WIDTH="332" STYLEREFS="Style_14" WC="0.964444444444444" CC="000000"/>
						<SP ID="SP_1.2.24.16" HPOS="1604" VPOS="3796" WIDTH="52"/>
						<String CONTENT="p." ID="St_1.2.24.17" HPOS="1684" VPOS="3816" HEIGHT="68" WIDTH="76" STYLEREFS="Style_14" WC="0.967777777777778" CC="00"/>
						<SP ID="SP_1.2.24.18" HPOS="1752" VPOS="3824" WIDTH="64"/>
						<String CONTENT="front.," ID="St_1.2.24.19" HPOS="1876" VPOS="3796" HEIGHT="84" WIDTH="312" STYLEREFS="Style_14" WC="0.962222222222222" CC="0000004"/>
						<SP ID="SP_1.2.24.20" HPOS="2176" VPOS="3824" WIDTH="36"/>
						<String CONTENT="illus.," ID="St_1.2.24.21" HPOS="2240" VPOS="3796" HEIGHT="88" WIDTH="276" STYLEREFS="Style_14" WC="0.958888888888889" CC="0004000"/>
						<SP ID="SP_1.2.24.22" HPOS="2504" VPOS="3824" WIDTH="40"/>
						<String CONTENT="plates." ID="St_1.2.24.23" HPOS="2572" VPOS="3796" HEIGHT="88" WIDTH="328" STYLEREFS="Style_14" WC="0.965555555555556" CC="0000000"/>
						<SP ID="SP_1.2.24.24" HPOS="2888" VPOS="3824" WIDTH="60"/>
						<String CONTENT="20&#x0368;&#x036B;." ID="St_1.2.24.25" HPOS="3004" VPOS="3796" HEIGHT="76" WIDTH="228" STYLEREFS="Style_14" WC="0.936666666666667" CC="00881"/>
					</TextLine>
					<TextLine ID="TL_1.2.25" HPOS="352" VPOS="3896" HEIGHT="100" WIDTH="3820">
						<String CONTENT="&#x00A9;" ID="St_1.2.25.1" HPOS="352" VPOS="3896" HEIGHT="96" WIDTH="96" STYLEREFS="Style_14" WC="0.555555555555556" CC="4"/>
						<SP ID="SP_1.2.25.2" HPOS="400" VPOS="3896" WIDTH="80"/>
						<String CONTENT="M" ID="St_1.2.25.3" HPOS="508" VPOS="3908" HEIGHT="72" WIDTH="96" STYLEREFS="Style_14" WC="0.851111111111111" CC="0"/>
						<String CONTENT="ar." ID="St_1.2.25.4" HPOS="608" VPOS="3924" HEIGHT="56" WIDTH="132" STYLEREFS="Style_14" WC="0.925555555555556" CC="000"/>
						<SP ID="SP_1.2.25.5" HPOS="732" VPOS="3932" WIDTH="36"/>
						<String CONTENT="5," ID="St_1.2.25.6" HPOS="796" VPOS="3904" HEIGHT="92" WIDTH="76" STYLEREFS="Style_14" WC="0.95" CC="00"/>
						<SP ID="SP_1.2.25.7" HPOS="860" VPOS="3944" WIDTH="40"/>
						<String CONTENT="1930;" ID="St_1.2.25.8" HPOS="928" VPOS="3904" HEIGHT="88" WIDTH="268" STYLEREFS="Style_14" WC="0.97" CC="00000"/>
						<SP ID="SP_1.2.25.9" HPOS="1184" VPOS="3924" WIDTH="40"/>
						<String CONTENT="2c." ID="St_1.2.25.10" HPOS="1252" VPOS="3904" HEIGHT="80" WIDTH="128" STYLEREFS="Style_14" WC="0.975555555555556" CC="000"/>
						<SP ID="SP_1.2.25.11" HPOS="1368" VPOS="3944" WIDTH="36"/>
						<String CONTENT="Apr." ID="St_1.2.25.12" HPOS="1432" VPOS="3904" HEIGHT="92" WIDTH="220" STYLEREFS="Style_14" WC="0.981111111111111" CC="0000"/>
						<SP ID="SP_1.2.25.13" HPOS="1640" VPOS="3944" WIDTH="36"/>
						<String CONTENT="28;" ID="St_1.2.25.14" HPOS="1704" VPOS="3904" HEIGHT="88" WIDTH="160" STYLEREFS="Style_14" WC="0.983333333333333" CC="000"/>
						<SP ID="SP_1.2.25.15" HPOS="1852" VPOS="3924" WIDTH="40"/>
						<String CONTENT="aff." ID="St_1.2.25.16" HPOS="1924" VPOS="3904" HEIGHT="76" WIDTH="156" STYLEREFS="Style_14" WC="0.972222222222222" CC="0040"/>
						<SP ID="SP_1.2.25.17" HPOS="2068" VPOS="3944" WIDTH="36"/>
						<String CONTENT="Apr." ID="St_1.2.25.18" HPOS="2132" VPOS="3904" HEIGHT="92" WIDTH="220" STYLEREFS="Style_14" WC="0.975555555555556" CC="0000"/>
						<SP ID="SP_1.2.25.19" HPOS="2340" VPOS="3944" WIDTH="40"/>
						<String CONTENT="26;" ID="St_1.2.25.20" HPOS="2408" VPOS="3904" HEIGHT="88" WIDTH="156" STYLEREFS="Style_14" WC="0.977777777777778" CC="000"/>
						<SP ID="SP_1.2.25.21" HPOS="2552" VPOS="3924" WIDTH="40"/>
						<String CONTENT="A" ID="St_1.2.25.22" HPOS="2624" VPOS="3904" HEIGHT="72" WIDTH="80" STYLEREFS="Style_14" WC="0.978888888888889" CC="0"/>
						<SP ID="SP_1.2.25.23" HPOS="2660" VPOS="3912" WIDTH="68"/>
						<String CONTENT="23099;" ID="St_1.2.25.24" HPOS="2756" VPOS="3904" HEIGHT="88" WIDTH="332" STYLEREFS="Style_14" WC="0.982222222222222" CC="000000"/>
						<SP ID="SP_1.2.25.25" HPOS="3072" VPOS="3920" WIDTH="44"/>
						<String CONTENT="Richard" ID="St_1.2.25.26" HPOS="3148" VPOS="3904" HEIGHT="76" WIDTH="408" STYLEREFS="Style_14" WC="0.984444444444444" CC="0000000"/>
						<SP ID="SP_1.2.25.27" HPOS="3524" VPOS="3916" WIDTH="60"/>
						<String CONTENT="G." ID="St_1.2.25.28" HPOS="3620" VPOS="3904" HEIGHT="76" WIDTH="100" STYLEREFS="Style_14" WC="0.985555555555556" CC="00"/>
						<SP ID="SP_1.2.25.29" HPOS="3708" VPOS="3944" WIDTH="40"/>
						<String CONTENT="Badger." ID="St_1.2.25.30" HPOS="3776" VPOS="3904" HEIGHT="92" WIDTH="396" STYLEREFS="Style_14" WC="0.986666666666667" CC="0000000"/>
					</TextLine>
					<TextLine ID="TL_1.2.26" HPOS="500" VPOS="4008" HEIGHT="104" WIDTH="3492">
						<String CONTENT="(30-15091)" ID="St_1.2.26.1" HPOS="500" VPOS="4012" HEIGHT="96" WIDTH="536" STYLEREFS="Style_14" WC="1" CC="0000000000"/>
						<SP ID="SP_1.2.26.2" HPOS="1020" VPOS="4020" WIDTH="2744"/>
						<String CONTENT="5978" ID="St_1.2.26.3" HPOS="3764" VPOS="4008" HEIGHT="84" WIDTH="228" STYLEREFS="Style_14" WC="0.67" CC="0000"/>
					</TextLine>
					<TextLine ID="TL_1.2.27" HPOS="340" VPOS="4168" HEIGHT="124" WIDTH="1756">
						<String CONTENT="Hungerford," ID="St_1.2.27.1" HPOS="340" VPOS="4168" HEIGHT="120" WIDTH="772" STYLEREFS="Style_14" WC="1" CC="00000000000"/>
						<SP ID="SP_1.2.27.2" HPOS="1096" VPOS="4208" WIDTH="48"/>
						<String CONTENT="Edward," ID="St_1.2.27.3" HPOS="1180" VPOS="4168" HEIGHT="124" WIDTH="520" STYLEREFS="Style_14" WC="1" CC="0000000"/>
						<SP ID="SP_1.2.27.4" HPOS="1684" VPOS="4208" WIDTH="48"/>
						<String CONTENT="1875-" ID="St_1.2.27.5" HPOS="1772" VPOS="4168" HEIGHT="104" WIDTH="324" STYLEREFS="Style_14" WC="1" CC="00000"/>
					</TextLine>
					<TextLine ID="TL_1.2.28" HPOS="472" VPOS="4320" HEIGHT="136" WIDTH="3700">
						<String CONTENT="The" ID="St_1.2.28.1" HPOS="472" VPOS="4320" HEIGHT="100" WIDTH="232" STYLEREFS="Style_14" WC="1" CC="000"/>
						<SP ID="SP_1.2.28.2" HPOS="672" VPOS="4340" WIDTH="60"/>
						<String CONTENT="run" ID="St_1.2.28.3" HPOS="760" VPOS="4356" HEIGHT="64" WIDTH="208" STYLEREFS="Style_14" WC="1" CC="000"/>
						<SP ID="SP_1.2.28.4" HPOS="928" VPOS="4340" WIDTH="64"/>
						<String CONTENT="of" ID="St_1.2.28.5" HPOS="1020" VPOS="4324" HEIGHT="100" WIDTH="120" STYLEREFS="Style_14" WC="1" CC="00"/>
						<SP ID="SP_1.2.28.6" HPOS="1108" VPOS="4324" WIDTH="56"/>
						<String CONTENT="the" ID="St_1.2.28.7" HPOS="1192" VPOS="4324" HEIGHT="96" WIDTH="184" STYLEREFS="Style_14" WC="1" CC="000"/>
						<SP ID="SP_1.2.28.8" HPOS="1344" VPOS="4340" WIDTH="56"/>
						<String CONTENT="Twentieth" ID="St_1.2.28.9" HPOS="1428" VPOS="4320" HEIGHT="100" WIDTH="612" STYLEREFS="Style_14" WC="1" CC="000000000"/>
						<SP ID="SP_1.2.28.10" HPOS="2004" VPOS="4324" WIDTH="64"/>
						<String CONTENT="century," ID="St_1.2.28.11" HPOS="2104" VPOS="4332" HEIGHT="124" WIDTH="484" STYLEREFS="Style_14" WC="1" CC="00000000"/>
						<SP ID="SP_1.2.28.12" HPOS="2572" VPOS="4364" WIDTH="40"/>
						<String CONTENT="by" ID="St_1.2.28.13" HPOS="2640" VPOS="4324" HEIGHT="132" WIDTH="144" STYLEREFS="Style_14" WC="1" CC="00"/>
						<SP ID="SP_1.2.28.14" HPOS="2744" VPOS="4340" WIDTH="64"/>
						<String CONTENT="Edward" ID="St_1.2.28.15" HPOS="2840" VPOS="4320" HEIGHT="104" WIDTH="488" STYLEREFS="Style_14" WC="1" CC="000000"/>
						<SP ID="SP_1.2.28.16" HPOS="3292" VPOS="4324" WIDTH="60"/>
						<String CONTENT="Hungerford;" ID="St_1.2.28.17" HPOS="3380" VPOS="4324" HEIGHT="128" WIDTH="792" STYLEREFS="Style_14" WC="1" CC="00000000000"/>
					</TextLine>
					<TextLine ID="TL_1.2.29" HPOS="344" VPOS="4468" HEIGHT="136" WIDTH="3836">
						<String CONTENT="illustrations" ID="St_1.2.29.1" HPOS="344" VPOS="4468" HEIGHT="108" WIDTH="720" STYLEREFS="Style_14" WC="1" CC="0000000000000"/>
						<SP ID="SP_1.2.29.2" HPOS="1036" VPOS="4488" WIDTH="72"/>
						<String CONTENT="by" ID="St_1.2.29.3" HPOS="1156" VPOS="4472" HEIGHT="132" WIDTH="144" STYLEREFS="Style_14" WC="1" CC="00"/>
						<SP ID="SP_1.2.29.4" HPOS="1260" VPOS="4488" WIDTH="80"/>
						<String CONTENT="Frank" ID="St_1.2.29.5" HPOS="1388" VPOS="4472" HEIGHT="96" WIDTH="376" STYLEREFS="Style_14" WC="1" CC="00000"/>
						<SP ID="SP_1.2.29.6" HPOS="1724" VPOS="4468" WIDTH="80"/>
						<String CONTENT="B." ID="St_1.2.29.7" HPOS="1852" VPOS="4472" HEIGHT="96" WIDTH="128" STYLEREFS="Style_14" WC="1" CC="00"/>
						<SP ID="SP_1.2.29.8" HPOS="1968" VPOS="4508" WIDTH="56"/>
						<String CONTENT="Masters" ID="St_1.2.29.9" HPOS="2072" VPOS="4468" HEIGHT="104" WIDTH="468" STYLEREFS="Style_14" WC="1" CC="0000000"/>
						<SP ID="SP_1.2.29.10" HPOS="2512" VPOS="4488" WIDTH="72"/>
						<String CONTENT="and" ID="St_1.2.29.11" HPOS="2632" VPOS="4472" HEIGHT="100" WIDTH="216" STYLEREFS="Style_14" WC="1" CC="000"/>
						<SP ID="SP_1.2.29.12" HPOS="2808" VPOS="4468" WIDTH="80"/>
						<String CONTENT="others." ID="St_1.2.29.13" HPOS="2936" VPOS="4472" HEIGHT="104" WIDTH="396" STYLEREFS="Style_14" WC="1" CC="0000000"/>
						<SP ID="SP_1.2.29.14" HPOS="3316" VPOS="4508" WIDTH="84"/>
						<String CONTENT="New" ID="St_1.2.29.15" HPOS="3476" VPOS="4472" HEIGHT="100" WIDTH="268" STYLEREFS="Style_14" WC="1" CC="000"/>
						<SP ID="SP_1.2.29.16" HPOS="3688" VPOS="4488" WIDTH="100"/>
						<String CONTENT="York," ID="St_1.2.29.17" HPOS="3836" VPOS="4472" HEIGHT="128" WIDTH="344" STYLEREFS="Style_14" WC="1" CC="00000"/>
					</TextLine>
					<TextLine ID="TL_1.2.30" HPOS="340" VPOS="4616" HEIGHT="136" WIDTH="1800">
						<String CONTENT="New" ID="St_1.2.30.1" HPOS="340" VPOS="4620" HEIGHT="100" WIDTH="264" STYLEREFS="Style_14" WC="1" CC="000"/>
						<SP ID="SP_1.2.30.2" HPOS="552" VPOS="4640" WIDTH="80"/>
						<String CONTENT="York" ID="St_1.2.30.3" HPOS="660" VPOS="4616" HEIGHT="104" WIDTH="312" STYLEREFS="Style_14" WC="1" CC="0000"/>
						<SP ID="SP_1.2.30.4" HPOS="932" VPOS="4620" WIDTH="64"/>
						<String CONTENT="central" ID="St_1.2.30.5" HPOS="1024" VPOS="4624" HEIGHT="96" WIDTH="412" STYLEREFS="Style_14" WC="1" CC="0000000"/>
						<SP ID="SP_1.2.30.6" HPOS="1412" VPOS="4624" WIDTH="48"/>
						<String CONTENT="lines," ID="St_1.2.30.7" HPOS="1488" VPOS="4620" HEIGHT="132" WIDTH="304" STYLEREFS="Style_14" WC="1" CC="000000"/>
						<SP ID="SP_1.2.30.8" HPOS="1776" VPOS="4664" WIDTH="44"/>
						<String CONTENT="1930." ID="St_1.2.30.9" HPOS="1852" VPOS="4624" HEIGHT="96" WIDTH="288" STYLEREFS="Style_14" WC="1" CC="00000"/>
					</TextLine>
					<TextLine ID="TL_1.2.31" HPOS="472" VPOS="4772" HEIGHT="96" WIDTH="3724">
						<String CONTENT="3" ID="St_1.2.31.1" HPOS="472" VPOS="4776" HEIGHT="76" WIDTH="48" STYLEREFS="Style_14" WC="1" CC="0"/>
						<SP ID="SP_1.2.31.2" HPOS="492" VPOS="4772" WIDTH="48"/>
						<String CONTENT="p." ID="St_1.2.31.3" HPOS="568" VPOS="4796" HEIGHT="68" WIDTH="84" STYLEREFS="Style_14" WC="1" CC="00"/>
						<SP ID="SP_1.2.31.4" HPOS="640" VPOS="4804" WIDTH="32"/>
						<String CONTENT="l.," ID="St_1.2.31.5" HPOS="700" VPOS="4772" HEIGHT="92" WIDTH="84" STYLEREFS="Style_14" WC="0.944444444444444" CC="400"/>
						<SP ID="SP_1.2.31.6" HPOS="768" VPOS="4800" WIDTH="36"/>
						<String CONTENT="110" ID="St_1.2.31.7" HPOS="832" VPOS="4772" HEIGHT="76" WIDTH="168" STYLEREFS="Style_14" WC="0.962222222222222" CC="000"/>
						<SP ID="SP_1.2.31.8" HPOS="968" VPOS="4772" WIDTH="48"/>
						<String CONTENT="p.," ID="St_1.2.31.9" HPOS="1040" VPOS="4792" HEIGHT="72" WIDTH="108" STYLEREFS="Style_14" WC="0.972222222222222" CC="000"/>
						<SP ID="SP_1.2.31.10" HPOS="1136" VPOS="4800" WIDTH="32"/>
						<String CONTENT="1" ID="St_1.2.31.11" HPOS="1196" VPOS="4772" HEIGHT="76" WIDTH="48" STYLEREFS="Style_14" WC="0.974444444444444" CC="0"/>
						<SP ID="SP_1.2.31.12" HPOS="1216" VPOS="4772" WIDTH="48"/>
						<String CONTENT="l." ID="St_1.2.31.13" HPOS="1292" VPOS="4772" HEIGHT="76" WIDTH="60" STYLEREFS="Style_14" WC="0.977777777777778" CC="00"/>
						<SP ID="SP_1.2.31.14" HPOS="1340" VPOS="4800" WIDTH="68"/>
						<String CONTENT="front.," ID="St_1.2.31.15" HPOS="1468" VPOS="4772" HEIGHT="92" WIDTH="312" STYLEREFS="Style_14" WC="0.984444444444444" CC="0000000"/>
						<SP ID="SP_1.2.31.16" HPOS="1768" VPOS="4800" WIDTH="32"/>
						<String CONTENT="illus." ID="St_1.2.31.17" HPOS="1828" VPOS="4772" HEIGHT="80" WIDTH="248" STYLEREFS="Style_14" WC="0.986666666666667" CC="000000"/>
						<SP ID="SP_1.2.31.18" HPOS="2064" VPOS="4804" WIDTH="40"/>
						<String CONTENT="(in" ID="St_1.2.31.19" HPOS="2132" VPOS="4772" HEIGHT="92" WIDTH="140" STYLEREFS="Style_14" WC="0.968888888888889" CC="043"/>
						<String CONTENT="cl" ID="St_1.2.31.20" HPOS="2280" VPOS="4776" HEIGHT="76" WIDTH="80" STYLEREFS="Style_14" WC="0.96" CC="13"/>
						<String CONTENT="." ID="St_1.2.31.21" HPOS="2372" VPOS="4836" HEIGHT="16" WIDTH="16" STYLEREFS="Style_14" WC="0.961111111111111" CC="0"/>
						<SP ID="SP_1.2.31.22" HPOS="2376" VPOS="4804" WIDTH="32"/>
						<String CONTENT="map)" ID="St_1.2.31.23" HPOS="2436" VPOS="4776" HEIGHT="92" WIDTH="260" STYLEREFS="Style_14" WC="0.964444444444444" CC="0000"/>
						<SP ID="SP_1.2.31.24" HPOS="2680" VPOS="4772" WIDTH="48"/>
						<String CONTENT="fold." ID="St_1.2.31.25" HPOS="2764" VPOS="4772" HEIGHT="80" WIDTH="228" STYLEREFS="Style_14" WC="0.96" CC="00004"/>
						<SP ID="SP_1.2.31.26" HPOS="2976" VPOS="4804" WIDTH="32"/>
						<String CONTENT="plans." ID="St_1.2.31.27" HPOS="3032" VPOS="4776" HEIGHT="92" WIDTH="300" STYLEREFS="Style_14" WC="0.964444444444444" CC="000000"/>
						<SP ID="SP_1.2.31.28" HPOS="3316" VPOS="4804" WIDTH="68"/>
						<String CONTENT="23&#x0368;&#x036B;" ID="St_1.2.31.29" HPOS="3444" VPOS="4776" HEIGHT="76" WIDTH="220" STYLEREFS="Style_14" WC="0.951111111111111" CC="0055"/>
						<String CONTENT="." ID="St_1.2.31.30" HPOS="4184" VPOS="4804" HEIGHT="16" WIDTH="12" STYLEREFS="Style_14" WC="0.94" CC="7"/>
					</TextLine>
					<TextLine ID="TL_1.2.32" HPOS="476" VPOS="4880" HEIGHT="92" WIDTH="1072">
						<String CONTENT="Maps" ID="St_1.2.32.1" HPOS="476" VPOS="4880" HEIGHT="92" WIDTH="268" STYLEREFS="Style_14" WC="1" CC="0000"/>
						<SP ID="SP_1.2.32.2" HPOS="720" VPOS="4888" WIDTH="52"/>
						<String CONTENT="on" ID="St_1.2.32.3" HPOS="800" VPOS="4900" HEIGHT="52" WIDTH="116" STYLEREFS="Style_14" WC="1" CC="00"/>
						<SP ID="SP_1.2.32.4" HPOS="880" VPOS="4888" WIDTH="60"/>
						<String CONTENT="end-papers." ID="St_1.2.32.5" HPOS="968" VPOS="4880" HEIGHT="92" WIDTH="580" STYLEREFS="Style_14" WC="1" CC="00000000000"/>
					</TextLine>
					<TextLine ID="TL_1.2.33" HPOS="344" VPOS="4980" HEIGHT="100" WIDTH="3824">
						<String CONTENT="&#x00A9;" ID="St_1.2.33.1" HPOS="344" VPOS="4980" HEIGHT="92" WIDTH="96" STYLEREFS="Style_14" WC="0.555555555555556" CC="4"/>
						<SP ID="SP_1.2.33.2" HPOS="388" VPOS="4980" WIDTH="84"/>
						<String CONTENT="May" ID="St_1.2.33.3" HPOS="500" VPOS="4988" HEIGHT="92" WIDTH="220" STYLEREFS="Style_14" WC="0.911111111111111" CC="000"/>
						<SP ID="SP_1.2.33.4" HPOS="688" VPOS="5008" WIDTH="56"/>
						<String CONTENT="15," ID="St_1.2.33.5" HPOS="772" VPOS="4988" HEIGHT="92" WIDTH="132" STYLEREFS="Style_14" WC="0.95" CC="000"/>
						<SP ID="SP_1.2.33.6" HPOS="892" VPOS="5024" WIDTH="44"/>
						<String CONTENT="1" ID="St_1.2.33.7" HPOS="964" VPOS="4988" HEIGHT="76" WIDTH="44" STYLEREFS="Style_14" WC="0.958888888888889" CC="0"/>
						<String CONTENT="9" ID="St_1.2.33.8" HPOS="1016" VPOS="4988" HEIGHT="80" WIDTH="56" STYLEREFS="Style_14" WC="0.925555555555556" CC="4"/>
						<String CONTENT="30:" ID="St_1.2.33.9" HPOS="1072" VPOS="4988" HEIGHT="84" WIDTH="156" STYLEREFS="Style_14" WC="0.895555555555556" CC="114"/>
						<SP ID="SP_1.2.33.10" HPOS="1220" VPOS="5004" WIDTH="40"/>
						<String CONTENT="2c." ID="St_1.2.33.11" HPOS="1288" VPOS="4988" HEIGHT="80" WIDTH="128" STYLEREFS="Style_14" WC="0.917777777777778" CC="000"/>
						<SP ID="SP_1.2.33.12" HPOS="1404" VPOS="5024" WIDTH="40"/>
						<String CONTENT="and" ID="St_1.2.33.13" HPOS="1476" VPOS="4992" HEIGHT="72" WIDTH="184" STYLEREFS="Style_14" WC="0.912222222222222" CC="004"/>
						<SP ID="SP_1.2.33.14" HPOS="1628" VPOS="4996" WIDTH="60"/>
						<String CONTENT="aff." ID="St_1.2.33.15" HPOS="1716" VPOS="4988" HEIGHT="76" WIDTH="156" STYLEREFS="Style_14" WC="0.912222222222222" CC="0040"/>
						<SP ID="SP_1.2.33.16" HPOS="1860" VPOS="5028" WIDTH="40"/>
						<String CONTENT="May" ID="St_1.2.33.17" HPOS="1932" VPOS="4992" HEIGHT="88" WIDTH="220" STYLEREFS="Style_14" WC="0.923333333333333" CC="000"/>
						<SP ID="SP_1.2.33.18" HPOS="2120" VPOS="5008" WIDTH="56"/>
						<String CONTENT="20;" ID="St_1.2.33.19" HPOS="2204" VPOS="4988" HEIGHT="92" WIDTH="156" STYLEREFS="Style_14" WC="0.931111111111111" CC="000"/>
						<SP ID="SP_1.2.33.20" HPOS="2348" VPOS="5004" WIDTH="40"/>
						<String CONTENT="A" ID="St_1.2.33.21" HPOS="2420" VPOS="4988" HEIGHT="76" WIDTH="80" STYLEREFS="Style_14" WC="0.935555555555556" CC="0"/>
						<SP ID="SP_1.2.33.22" HPOS="2456" VPOS="4996" WIDTH="68"/>
						<String CONTENT="23" ID="St_1.2.33.23" HPOS="2556" VPOS="4988" HEIGHT="80" WIDTH="100" STYLEREFS="Style_14" WC="0.94" CC="00"/>
						<String CONTENT="5" ID="St_1.2.33.24" HPOS="2668" VPOS="4992" HEIGHT="76" WIDTH="48" STYLEREFS="Style_14" WC="0.931111111111111" CC="4"/>
						<String CONTENT="03;" ID="St_1.2.33.25" HPOS="2720" VPOS="4988" HEIGHT="92" WIDTH="164" STYLEREFS="Style_14" WC="0.935555555555556" CC="000"/>
						<SP ID="SP_1.2.33.26" HPOS="2868" VPOS="5004" WIDTH="44"/>
						<String CONTENT="New" ID="St_1.2.33.27" HPOS="2944" VPOS="4988" HEIGHT="80" WIDTH="232" STYLEREFS="Style_14" WC="0.94" CC="000"/>
						<SP ID="SP_1.2.33.28" HPOS="3124" VPOS="5008" WIDTH="72"/>
						<String CONTENT="York" ID="St_1.2.33.29" HPOS="3224" VPOS="4988" HEIGHT="80" WIDTH="256" STYLEREFS="Style_14" WC="0.945555555555556" CC="0000"/>
						<SP ID="SP_1.2.33.30" HPOS="3444" VPOS="4996" WIDTH="60"/>
						<String CONTENT="central" ID="St_1.2.33.31" HPOS="3532" VPOS="4992" HEIGHT="76" WIDTH="360" STYLEREFS="Style_14" WC="0.945555555555556" CC="4000000"/>
						<SP ID="SP_1.2.33.32" HPOS="3872" VPOS="4996" WIDTH="48"/>
						<String CONTENT="rail-" ID="St_1.2.33.33" HPOS="3952" VPOS="4988" HEIGHT="80" WIDTH="216" STYLEREFS="Style_14" WC="0.95" CC="00000"/>
					</TextLine>
					<TextLine ID="TL_1.2.34" HPOS="476" VPOS="5096" HEIGHT="104" WIDTH="3512">
						<String CONTENT="road" ID="St_1.2.34.1" HPOS="476" VPOS="5104" HEIGHT="72" WIDTH="228" STYLEREFS="Style_14" WC="1" CC="0000"/>
						<SP ID="SP_1.2.34.2" HPOS="668" VPOS="5120" WIDTH="56"/>
						<String CONTENT="co." ID="St_1.2.34.3" HPOS="752" VPOS="5120" HEIGHT="56" WIDTH="128" STYLEREFS="Style_15" WC="1" CC="000"/>
						<SP ID="SP_1.2.34.4" HPOS="868" VPOS="5144" WIDTH="72"/>
						<String CONTENT="(30-15082)" ID="St_1.2.34.5" HPOS="1004" VPOS="5096" HEIGHT="96" WIDTH="536" STYLEREFS="Style_16" WC="1" CC="0000000000"/>
						<SP ID="SP_1.2.34.6" HPOS="1524" VPOS="5096" WIDTH="2232"/>
						<String CONTENT="5979" ID="St_1.2.34.7" HPOS="3756" VPOS="5096" HEIGHT="84" WIDTH="232" STYLEREFS="Style_16" WC="0.735555555555556" CC="0000"/>
					</TextLine>
					<TextLine ID="TL_1.2.35" HPOS="336" VPOS="5252" HEIGHT="128" WIDTH="1844">
						<String CONTENT="Jones," ID="St_1.2.35.1" HPOS="336" VPOS="5252" HEIGHT="124" WIDTH="376" STYLEREFS="Style_16" WC="1" CC="000000"/>
						<SP ID="SP_1.2.35.2" HPOS="696" VPOS="5292" WIDTH="44"/>
						<String CONTENT="Gilmer" ID="St_1.2.35.3" HPOS="776" VPOS="5252" HEIGHT="104" WIDTH="424" STYLEREFS="Style_16" WC="1" CC="000000"/>
						<SP ID="SP_1.2.35.4" HPOS="1168" VPOS="5272" WIDTH="60"/>
						<String CONTENT="Andrew," ID="St_1.2.35.5" HPOS="1260" VPOS="5256" HEIGHT="124" WIDTH="528" STYLEREFS="Style_16" WC="1" CC="0000000"/>
						<SP ID="SP_1.2.35.6" HPOS="1772" VPOS="5296" WIDTH="48"/>
						<String CONTENT="1891-" ID="St_1.2.35.7" HPOS="1856" VPOS="5264" HEIGHT="96" WIDTH="324" STYLEREFS="Style_16" WC="1" CC="00000"/>
					</TextLine>
					<TextLine ID="TL_1.2.36" HPOS="472" VPOS="5404" HEIGHT="136" WIDTH="3700">
						<String CONTENT="Jones&apos;" ID="St_1.2.36.1" HPOS="472" VPOS="5404" HEIGHT="104" WIDTH="364" STYLEREFS="Style_16" WC="1" CC="000000"/>
						<SP ID="SP_1.2.36.2" HPOS="824" VPOS="5404" WIDTH="40"/>
						<String CONTENT="quizzer," ID="St_1.2.36.3" HPOS="900" VPOS="5404" HEIGHT="132" WIDTH="460" STYLEREFS="Style_16" WC="0.97" CC="00000004"/>
						<SP ID="SP_1.2.36.4" HPOS="1348" VPOS="5448" WIDTH="40"/>
						<String CONTENT="consisting" ID="St_1.2.36.5" HPOS="1424" VPOS="5408" HEIGHT="132" WIDTH="600" STYLEREFS="Style_16" WC="0.982222222222222" CC="0000000000"/>
						<SP ID="SP_1.2.36.6" HPOS="1984" VPOS="5424" WIDTH="68"/>
						<String CONTENT="of" ID="St_1.2.36.7" HPOS="2084" VPOS="5408" HEIGHT="104" WIDTH="120" STYLEREFS="Style_16" WC="0.984444444444444" CC="00"/>
						<SP ID="SP_1.2.36.8" HPOS="2172" VPOS="5408" WIDTH="60"/>
						<String CONTENT="North" ID="St_1.2.36.9" HPOS="2268" VPOS="5408" HEIGHT="100" WIDTH="356" STYLEREFS="Style_16" WC="0.986666666666667" CC="00000"/>
						<SP ID="SP_1.2.36.10" HPOS="2584" VPOS="5408" WIDTH="72"/>
						<String CONTENT="Carolina" ID="St_1.2.36.11" HPOS="2692" VPOS="5408" HEIGHT="104" WIDTH="516" STYLEREFS="Style_16" WC="0.988888888888889" CC="00000000"/>
						<SP ID="SP_1.2.36.12" HPOS="3176" VPOS="5428" WIDTH="64"/>
						<String CONTENT="Supreme" ID="St_1.2.36.13" HPOS="3280" VPOS="5408" HEIGHT="132" WIDTH="524" STYLEREFS="Style_16" WC="0.991111111111111" CC="0000000"/>
						<SP ID="SP_1.2.36.14" HPOS="3772" VPOS="5428" WIDTH="60"/>
						<String CONTENT="court" ID="St_1.2.36.15" HPOS="3868" VPOS="5420" HEIGHT="92" WIDTH="304" STYLEREFS="Style_16" WC="0.992222222222222" CC="00000"/>
					</TextLine>
					<TextLine ID="TL_1.2.37" HPOS="336" VPOS="5556" HEIGHT="136" WIDTH="3836">
						<String CONTENT="questions" ID="St_1.2.37.1" HPOS="336" VPOS="5556" HEIGHT="128" WIDTH="548" STYLEREFS="Style_16" WC="0.95" CC="130000000"/>
						<SP ID="SP_1.2.37.2" HPOS="856" VPOS="5576" WIDTH="68"/>
						<String CONTENT="and" ID="St_1.2.37.3" HPOS="972" VPOS="5560" HEIGHT="96" WIDTH="216" STYLEREFS="Style_16" WC="0.965555555555556" CC="000"/>
						<SP ID="SP_1.2.37.4" HPOS="1152" VPOS="5556" WIDTH="76"/>
						<String CONTENT="answers," ID="St_1.2.37.5" HPOS="1276" VPOS="5592" HEIGHT="80" WIDTH="504" STYLEREFS="Style_16" WC="0.978888888888889" CC="00000000"/>
						<SP ID="SP_1.2.37.6" HPOS="1764" VPOS="5596" WIDTH="56"/>
						<String CONTENT="arranged" ID="St_1.2.37.7" HPOS="1868" VPOS="5560" HEIGHT="124" WIDTH="536" STYLEREFS="Style_16" WC="0.985555555555556" CC="00000000"/>
						<SP ID="SP_1.2.37.8" HPOS="2364" VPOS="5556" WIDTH="80"/>
						<String CONTENT="in" ID="St_1.2.37.9" HPOS="2496" VPOS="5560" HEIGHT="100" WIDTH="116" STYLEREFS="Style_16" WC="0.986666666666667" CC="00"/>
						<SP ID="SP_1.2.37.10" HPOS="2572" VPOS="5576" WIDTH="80"/>
						<String CONTENT="digest" ID="St_1.2.37.11" HPOS="2696" VPOS="5560" HEIGHT="132" WIDTH="360" STYLEREFS="Style_16" WC="0.988888888888889" CC="000000"/>
						<SP ID="SP_1.2.37.12" HPOS="3024" VPOS="5564" WIDTH="68"/>
						<String CONTENT="form" ID="St_1.2.37.13" HPOS="3140" VPOS="5560" HEIGHT="100" WIDTH="292" STYLEREFS="Style_16" WC="0.99" CC="0000"/>
						<SP ID="SP_1.2.37.14" HPOS="3376" VPOS="5576" WIDTH="100"/>
						<String CONTENT="from" ID="St_1.2.37.15" HPOS="3524" VPOS="5560" HEIGHT="100" WIDTH="292" STYLEREFS="Style_16" WC="0.991111111111111" CC="0000"/>
						<SP ID="SP_1.2.37.16" HPOS="3756" VPOS="5576" WIDTH="100"/>
						<String CONTENT="Sep-" ID="St_1.2.37.17" HPOS="3908" VPOS="5560" HEIGHT="132" WIDTH="264" STYLEREFS="Style_16" WC="0.991111111111111" CC="0000"/>
					</TextLine>
					<TextLine ID="TL_1.2.38" HPOS="340" VPOS="5704" HEIGHT="140" WIDTH="3832">
						<String CONTENT="tember" ID="St_1.2.38.1" HPOS="340" VPOS="5704" HEIGHT="100" WIDTH="408" STYLEREFS="Style_16" WC="1" CC="000000"/>
						<SP ID="SP_1.2.38.2" HPOS="720" VPOS="5720" WIDTH="48"/>
						<String CONTENT="term," ID="St_1.2.38.3" HPOS="796" VPOS="5716" HEIGHT="120" WIDTH="316" STYLEREFS="Style_16" WC="1" CC="00000"/>
						<SP ID="SP_1.2.38.4" HPOS="1096" VPOS="5744" WIDTH="44"/>
						<String CONTENT="1898," ID="St_1.2.38.5" HPOS="1176" VPOS="5712" HEIGHT="128" WIDTH="280" STYLEREFS="Style_16" WC="1" CC="00000"/>
						<SP ID="SP_1.2.38.6" HPOS="1440" VPOS="5744" WIDTH="40"/>
						<String CONTENT="to" ID="St_1.2.38.7" HPOS="1508" VPOS="5720" HEIGHT="88" WIDTH="108" STYLEREFS="Style_16" WC="1" CC="00"/>
						<SP ID="SP_1.2.38.8" HPOS="1580" VPOS="5720" WIDTH="64"/>
						<String CONTENT="August" ID="St_1.2.38.9" HPOS="1676" VPOS="5708" HEIGHT="128" WIDTH="432" STYLEREFS="Style_16" WC="1" CC="000000"/>
						<SP ID="SP_1.2.38.10" HPOS="2084" VPOS="5708" WIDTH="48"/>
						<String CONTENT="term," ID="St_1.2.38.11" HPOS="2164" VPOS="5720" HEIGHT="116" WIDTH="312" STYLEREFS="Style_16" WC="1" CC="00000"/>
						<SP ID="SP_1.2.38.12" HPOS="2460" VPOS="5744" WIDTH="40"/>
						<String CONTENT="1920;" ID="St_1.2.38.13" HPOS="2532" VPOS="5712" HEIGHT="124" WIDTH="308" STYLEREFS="Style_16" WC="1" CC="00000"/>
						<SP ID="SP_1.2.38.14" HPOS="2824" VPOS="5720" WIDTH="40"/>
						<String CONTENT="not" ID="St_1.2.38.15" HPOS="2896" VPOS="5720" HEIGHT="92" WIDTH="192" STYLEREFS="Style_16" WC="1" CC="000"/>
						<SP ID="SP_1.2.38.16" HPOS="3060" VPOS="5708" WIDTH="52"/>
						<String CONTENT="arranged" ID="St_1.2.38.17" HPOS="3144" VPOS="5712" HEIGHT="128" WIDTH="540" STYLEREFS="Style_16" WC="1" CC="00000000"/>
						<SP ID="SP_1.2.38.18" HPOS="3644" VPOS="5704" WIDTH="64"/>
						<String CONTENT="by" ID="St_1.2.38.19" HPOS="3736" VPOS="5708" HEIGHT="136" WIDTH="144" STYLEREFS="Style_16" WC="1" CC="00"/>
						<SP ID="SP_1.2.38.20" HPOS="3836" VPOS="5724" WIDTH="64"/>
						<String CONTENT="sub-" ID="St_1.2.38.21" HPOS="3928" VPOS="5708" HEIGHT="104" WIDTH="244" STYLEREFS="Style_16" WC="1" CC="0000"/>
					</TextLine>
					<TextLine ID="TL_1.2.39" HPOS="340" VPOS="5852" HEIGHT="140" WIDTH="3836">
						<String CONTENT="jects" ID="St_1.2.39.1" HPOS="340" VPOS="5852" HEIGHT="128" WIDTH="264" STYLEREFS="Style_16" WC="1" CC="00000"/>
						<SP ID="SP_1.2.39.2" HPOS="576" VPOS="5868" WIDTH="60"/>
						<String CONTENT="from" ID="St_1.2.39.3" HPOS="676" VPOS="5852" HEIGHT="104" WIDTH="288" STYLEREFS="Style_16" WC="0.955555555555556" CC="0004"/>
						<SP ID="SP_1.2.39.4" HPOS="908" VPOS="5868" WIDTH="84"/>
						<String CONTENT="spring" ID="St_1.2.39.5" HPOS="1032" VPOS="5852" HEIGHT="132" WIDTH="388" STYLEREFS="Style_16" WC="0.973333333333333" CC="000000"/>
						<SP ID="SP_1.2.39.6" HPOS="1380" VPOS="5868" WIDTH="68"/>
						<String CONTENT="term," ID="St_1.2.39.7" HPOS="1484" VPOS="5864" HEIGHT="120" WIDTH="312" STYLEREFS="Style_16" WC="0.961111111111111" CC="00040"/>
						<SP ID="SP_1.2.39.8" HPOS="1780" VPOS="5892" WIDTH="48"/>
						<String CONTENT="1921," ID="St_1.2.39.9" HPOS="1868" VPOS="5860" HEIGHT="124" WIDTH="292" STYLEREFS="Style_16" WC="0.968888888888889" CC="00000"/>
						<SP ID="SP_1.2.39.10" HPOS="2144" VPOS="5896" WIDTH="44"/>
						<String CONTENT="to" ID="St_1.2.39.11" HPOS="2228" VPOS="5864" HEIGHT="92" WIDTH="108" STYLEREFS="Style_16" WC="0.972222222222222" CC="00"/>
						<SP ID="SP_1.2.39.12" HPOS="2300" VPOS="5872" WIDTH="68"/>
						<String CONTENT="fall" ID="St_1.2.39.13" HPOS="2408" VPOS="5856" HEIGHT="100" WIDTH="204" STYLEREFS="Style_16" WC="0.975555555555556" CC="0000"/>
						<SP ID="SP_1.2.39.14" HPOS="2588" VPOS="5856" WIDTH="56"/>
						<String CONTENT="term," ID="St_1.2.39.15" HPOS="2684" VPOS="5868" HEIGHT="120" WIDTH="308" STYLEREFS="Style_16" WC="0.978888888888889" CC="00000"/>
						<SP ID="SP_1.2.39.16" HPOS="2976" VPOS="5896" WIDTH="48"/>
						<String CONTENT="1928," ID="St_1.2.39.17" HPOS="3064" VPOS="5864" HEIGHT="128" WIDTH="288" STYLEREFS="Style_16" WC="0.981111111111111" CC="00000"/>
						<SP ID="SP_1.2.39.18" HPOS="3336" VPOS="5896" WIDTH="48"/>
						<String CONTENT="prepared" ID="St_1.2.39.19" HPOS="3424" VPOS="5860" HEIGHT="128" WIDTH="540" STYLEREFS="Style_16" WC="0.984444444444444" CC="00000000"/>
						<SP ID="SP_1.2.39.20" HPOS="3920" VPOS="5856" WIDTH="72"/>
						<String CONTENT="by" ID="St_1.2.39.21" HPOS="4028" VPOS="5860" HEIGHT="132" WIDTH="148" STYLEREFS="Style_16" WC="0.984444444444444" CC="00"/>
					</TextLine>
					<TextLine ID="TL_1.2.40" HPOS="340" VPOS="6004" HEIGHT="136" WIDTH="3832">
						<String CONTENT="Gilmer" ID="St_1.2.40.1" HPOS="340" VPOS="6004" HEIGHT="100" WIDTH="420" STYLEREFS="Style_16" WC="1" CC="000000"/>
						<SP ID="SP_1.2.40.2" HPOS="728" VPOS="6020" WIDTH="76"/>
						<String CONTENT="A." ID="St_1.2.40.3" HPOS="852" VPOS="6004" HEIGHT="100" WIDTH="136" STYLEREFS="Style_16" WC="1" CC="00"/>
						<SP ID="SP_1.2.40.4" HPOS="972" VPOS="6044" WIDTH="64"/>
						<String CONTENT="Jones" ID="St_1.2.40.5" HPOS="1088" VPOS="6004" HEIGHT="100" WIDTH="336" STYLEREFS="Style_16" WC="1" CC="00000"/>
						<SP ID="SP_1.2.40.6" HPOS="1396" VPOS="6020" WIDTH="80"/>
						<String CONTENT="&#x0085;" ID="St_1.2.40.7" HPOS="1504" VPOS="6008" HEIGHT="108" WIDTH="64" STYLEREFS="Style_16" WC="1" CC="0"/>
						<SP ID="SP_1.2.40.8" HPOS="1624" VPOS="6064" WIDTH="92"/>
						<String CONTENT="[Charl" ID="St_1.2.40.9" HPOS="1804" VPOS="6004" HEIGHT="124" WIDTH="372" STYLEREFS="Style_16" WC="0.966666666666667" CC="700000"/>
						<String CONTENT="o" ID="St_1.2.40.10" HPOS="2188" VPOS="6040" HEIGHT="64" WIDTH="60" STYLEREFS="Style_16" WC="0.968888888888889" CC="0"/>
						<String CONTENT="ttesvil" ID="St_1.2.40.11" HPOS="2252" VPOS="6004" HEIGHT="100" WIDTH="372" STYLEREFS="Style_16" WC="0.975555555555556" CC="0000000"/>
						<String CONTENT="l" ID="St_1.2.40.12" HPOS="2632" VPOS="6008" HEIGHT="92" WIDTH="28" STYLEREFS="Style_16" WC="0.975555555555556" CC="0"/>
						<String CONTENT="e," ID="St_1.2.40.13" HPOS="2676" VPOS="6040" HEIGHT="84" WIDTH="88" STYLEREFS="Style_16" WC="0.977777777777778" CC="00"/>
						<SP ID="SP_1.2.40.14" HPOS="2748" VPOS="6044" WIDTH="56"/>
						<String CONTENT="Va.," ID="St_1.2.40.15" HPOS="2856" VPOS="6004" HEIGHT="132" WIDTH="244" STYLEREFS="Style_16" WC="0.968888888888889" CC="0400"/>
						<SP ID="SP_1.2.40.16" HPOS="3080" VPOS="6044" WIDTH="64"/>
						<String CONTENT="Prin" ID="St_1.2.40.17" HPOS="3196" VPOS="6004" HEIGHT="100" WIDTH="276" STYLEREFS="Style_16" WC="0.972222222222222" CC="0000"/>
						<String CONTENT="t" ID="St_1.2.40.18" HPOS="3476" VPOS="6016" HEIGHT="88" WIDTH="44" STYLEREFS="Style_16" WC="0.973333333333333" CC="0"/>
						<String CONTENT="ed" ID="St_1.2.40.19" HPOS="3524" VPOS="6008" HEIGHT="100" WIDTH="132" STYLEREFS="Style_16" WC="0.974444444444444" CC="00"/>
						<SP ID="SP_1.2.40.20" HPOS="3616" VPOS="6004" WIDTH="80"/>
						<String CONTENT="by" ID="St_1.2.40.21" HPOS="3748" VPOS="6004" HEIGHT="136" WIDTH="148" STYLEREFS="Style_16" WC="0.975555555555556" CC="00"/>
						<SP ID="SP_1.2.40.22" HPOS="3856" VPOS="6024" WIDTH="80"/>
						<String CONTENT="t" ID="St_1.2.40.23" HPOS="3988" VPOS="6016" HEIGHT="92" WIDTH="48" STYLEREFS="Style_16" WC="0.976666666666667" CC="0"/>
						<String CONTENT="he" ID="St_1.2.40.24" HPOS="4036" VPOS="6008" HEIGHT="100" WIDTH="136" STYLEREFS="Style_16" WC="0.977777777777778" CC="00"/>
					</TextLine>
					<TextLine ID="TL_1.2.41" HPOS="340" VPOS="6152" HEIGHT="132" WIDTH="1384">
						<String CONTENT="Michie" ID="St_1.2.41.1" HPOS="340" VPOS="6152" HEIGHT="100" WIDTH="400" STYLEREFS="Style_16" WC="1" CC="000000"/>
						<SP ID="SP_1.2.41.2" HPOS="712" VPOS="6168" WIDTH="56"/>
						<String CONTENT="company," ID="St_1.2.41.3" HPOS="800" VPOS="6168" HEIGHT="116" WIDTH="568" STYLEREFS="Style_16" WC="0.962222222222222" CC="00050000"/>
						<SP ID="SP_1.2.41.4" HPOS="1352" VPOS="6192" WIDTH="44"/>
						<String CONTENT="&#x0368;1930]" ID="St_1.2.41.5" HPOS="1428" VPOS="6152" HEIGHT="100" WIDTH="296" STYLEREFS="Style_16" WC="0.935555555555556" CC="70000"/>
					</TextLine>
					<TextLine ID="TL_1.2.42" HPOS="464" VPOS="6304" HEIGHT="96" WIDTH="1820">
						<String CONTENT="xx," ID="St_1.2.42.1" HPOS="464" VPOS="6328" HEIGHT="68" WIDTH="156" STYLEREFS="Style_16" WC="1" CC="000"/>
						<SP ID="SP_1.2.42.2" HPOS="608" VPOS="6336" WIDTH="36"/>
						<String CONTENT="280" ID="St_1.2.42.3" HPOS="676" VPOS="6304" HEIGHT="80" WIDTH="160" STYLEREFS="Style_16" WC="1" CC="000"/>
						<SP ID="SP_1.2.42.4" HPOS="808" VPOS="6304" WIDTH="52"/>
						<String CONTENT="p.," ID="St_1.2.42.5" HPOS="892" VPOS="6328" HEIGHT="68" WIDTH="108" STYLEREFS="Style_16" WC="1" CC="000"/>
						<SP ID="SP_1.2.42.6" HPOS="988" VPOS="6336" WIDTH="40"/>
						<String CONTENT="1" ID="St_1.2.42.7" HPOS="1056" VPOS="6308" HEIGHT="72" WIDTH="44" STYLEREFS="Style_16" WC="1" CC="0"/>
						<SP ID="SP_1.2.42.8" HPOS="1072" VPOS="6304" WIDTH="56"/>
						<String CONTENT="l.," ID="St_1.2.42.9" HPOS="1160" VPOS="6308" HEIGHT="84" WIDTH="84" STYLEREFS="Style_16" WC="1" CC="000"/>
						<SP ID="SP_1.2.42.10" HPOS="1228" VPOS="6336" WIDTH="44"/>
						<String CONTENT="[" ID="St_1.2.42.11" HPOS="1304" VPOS="6344" HEIGHT="56" WIDTH="20" STYLEREFS="Style_16" WC="0.982222222222222" CC="3"/>
						<String CONTENT="281" ID="St_1.2.42.12" HPOS="1336" VPOS="6304" HEIGHT="80" WIDTH="156" STYLEREFS="Style_16" WC="0.958888888888889" CC="131"/>
						<String CONTENT="]" ID="St_1.2.42.13" HPOS="1504" VPOS="6344" HEIGHT="56" WIDTH="16" STYLEREFS="Style_16" WC="0.922222222222222" CC="8"/>
						<String CONTENT="-482" ID="St_1.2.42.14" HPOS="1536" VPOS="6308" HEIGHT="80" WIDTH="220" STYLEREFS="Style_16" WC="0.933333333333333" CC="0000"/>
						<SP ID="SP_1.2.42.15" HPOS="1724" VPOS="6308" WIDTH="56"/>
						<String CONTENT="p." ID="St_1.2.42.16" HPOS="1812" VPOS="6332" HEIGHT="68" WIDTH="80" STYLEREFS="Style_16" WC="0.94" CC="00"/>
						<SP ID="SP_1.2.42.17" HPOS="1880" VPOS="6336" WIDTH="68"/>
						<String CONTENT="23&#x00BD;&#x0368;&#x036B;." ID="St_1.2.42.18" HPOS="2008" VPOS="6304" HEIGHT="96" WIDTH="276" STYLEREFS="Style_16" WC="0.925555555555556" CC="00044"/>
					</TextLine>
					<TextLine ID="TL_1.2.43" HPOS="476" VPOS="6412" HEIGHT="100" WIDTH="3692">
						<String CONTENT="&quot;A" ID="St_1.2.43.1" HPOS="476" VPOS="6416" HEIGHT="72" WIDTH="128" STYLEREFS="Style_16" WC="1" CC="00"/>
						<SP ID="SP_1.2.43.2" HPOS="560" VPOS="6412" WIDTH="68"/>
						<String CONTENT="supplement" ID="St_1.2.43.3" HPOS="660" VPOS="6416" HEIGHT="92" WIDTH="580" STYLEREFS="Style_16" WC="1" CC="0000000000"/>
						<SP ID="SP_1.2.43.4" HPOS="1216" VPOS="6412" WIDTH="52"/>
						<String CONTENT="was" ID="St_1.2.43.5" HPOS="1296" VPOS="6436" HEIGHT="56" WIDTH="196" STYLEREFS="Style_16" WC="1" CC="000"/>
						<SP ID="SP_1.2.43.6" HPOS="1464" VPOS="6420" WIDTH="52"/>
						<String CONTENT="simply" ID="St_1.2.43.7" HPOS="1548" VPOS="6416" HEIGHT="92" WIDTH="332" STYLEREFS="Style_16" WC="1" CC="000000"/>
						<SP ID="SP_1.2.43.8" HPOS="1852" VPOS="6424" WIDTH="56"/>
						<String CONTENT="added" ID="St_1.2.43.9" HPOS="1940" VPOS="6416" HEIGHT="76" WIDTH="296" STYLEREFS="Style_16" WC="1" CC="00000"/>
						<SP ID="SP_1.2.43.10" HPOS="2200" VPOS="6412" WIDTH="64"/>
						<String CONTENT="to" ID="St_1.2.43.11" HPOS="2296" VPOS="6420" HEIGHT="72" WIDTH="96" STYLEREFS="Style_16" WC="1" CC="00"/>
						<SP ID="SP_1.2.43.12" HPOS="2360" VPOS="6424" WIDTH="56"/>
						<String CONTENT="the" ID="St_1.2.43.13" HPOS="2448" VPOS="6420" HEIGHT="76" WIDTH="160" STYLEREFS="Style_16" WC="1" CC="000"/>
						<SP ID="SP_1.2.43.14" HPOS="2576" VPOS="6424" WIDTH="52"/>
						<String CONTENT="second" ID="St_1.2.43.15" HPOS="2660" VPOS="6424" HEIGHT="72" WIDTH="332" STYLEREFS="Style_16" WC="1" CC="000000"/>
						<SP ID="SP_1.2.43.16" HPOS="2960" VPOS="6416" WIDTH="60"/>
						<String CONTENT="edition," ID="St_1.2.43.17" HPOS="3056" VPOS="6416" HEIGHT="92" WIDTH="380" STYLEREFS="Style_16" WC="1" CC="00000000"/>
						<SP ID="SP_1.2.43.18" HPOS="3420" VPOS="6444" WIDTH="36"/>
						<String CONTENT="which" ID="St_1.2.43.19" HPOS="3488" VPOS="6416" HEIGHT="80" WIDTH="308" STYLEREFS="Style_16" WC="1" CC="00000"/>
						<SP ID="SP_1.2.43.20" HPOS="3760" VPOS="6416" WIDTH="60"/>
						<String CONTENT="brings" ID="St_1.2.43.21" HPOS="3848" VPOS="6420" HEIGHT="92" WIDTH="320" STYLEREFS="Style_16" WC="1" CC="000000"/>
					</TextLine>
					<TextLine ID="TL_1.2.44" HPOS="340" VPOS="6516" HEIGHT="100" WIDTH="3820">
						<String CONTENT="t" ID="St_1.2.44.1" HPOS="340" VPOS="6528" HEIGHT="68" WIDTH="36" STYLEREFS="Style_16" WC="0.888888888888889" CC="1"/>
						<String CONTENT="he" ID="St_1.2.44.2" HPOS="380" VPOS="6524" HEIGHT="76" WIDTH="116" STYLEREFS="Style_16" WC="0.851111111111111" CC="30"/>
						<SP ID="SP_1.2.44.3" HPOS="468" VPOS="6528" WIDTH="56"/>
						<String CONTENT="work" ID="St_1.2.44.4" HPOS="560" VPOS="6524" HEIGHT="76" WIDTH="260" STYLEREFS="Style_16" WC="0.944444444444444" CC="0000"/>
						<SP ID="SP_1.2.44.5" HPOS="784" VPOS="6516" WIDTH="68"/>
						<String CONTENT="up" ID="St_1.2.44.6" HPOS="888" VPOS="6544" HEIGHT="72" WIDTH="116" STYLEREFS="Style_16" WC="0.958888888888889" CC="00"/>
						<SP ID="SP_1.2.44.7" HPOS="972" VPOS="6528" WIDTH="64"/>
						<String CONTENT="through" ID="St_1.2.44.8" HPOS="1072" VPOS="6524" HEIGHT="88" WIDTH="400" STYLEREFS="Style_16" WC="0.975555555555556" CC="0000000"/>
						<SP ID="SP_1.2.44.9" HPOS="1440" VPOS="6516" WIDTH="64"/>
						<String CONTENT="the" ID="St_1.2.44.10" HPOS="1544" VPOS="6524" HEIGHT="76" WIDTH="160" STYLEREFS="Style_16" WC="0.98" CC="000"/>
						<SP ID="SP_1.2.44.11" HPOS="1676" VPOS="6528" WIDTH="60"/>
						<String CONTENT="August," ID="St_1.2.44.12" HPOS="1772" VPOS="6524" HEIGHT="92" WIDTH="392" STYLEREFS="Style_16" WC="0.985555555555556" CC="0000000"/>
						<SP ID="SP_1.2.44.13" HPOS="2148" VPOS="6548" WIDTH="44"/>
						<String CONTENT="1928" ID="St_1.2.44.14" HPOS="2228" VPOS="6524" HEIGHT="80" WIDTH="224" STYLEREFS="Style_16" WC="0.986666666666667" CC="0000"/>
						<SP ID="SP_1.2.44.15" HPOS="2420" VPOS="6520" WIDTH="60"/>
						<String CONTENT="examination.&quot;-Pref." ID="St_1.2.44.16" HPOS="2516" VPOS="6524" HEIGHT="80" WIDTH="1096" STYLEREFS="Style_16" WC="0.983333333333333" CC="0000000400000000000"/>
						<SP ID="SP_1.2.44.17" HPOS="3600" VPOS="6552" WIDTH="40"/>
						<String CONTENT="to" ID="St_1.2.44.18" HPOS="3680" VPOS="6532" HEIGHT="72" WIDTH="92" STYLEREFS="Style_16" WC="0.984444444444444" CC="00"/>
						<SP ID="SP_1.2.44.19" HPOS="3744" VPOS="6532" WIDTH="56"/>
						<String CONTENT="3d" ID="St_1.2.44.20" HPOS="3840" VPOS="6532" HEIGHT="72" WIDTH="116" STYLEREFS="Style_16" WC="0.985555555555556" CC="00"/>
						<SP ID="SP_1.2.44.21" HPOS="3924" VPOS="6524" WIDTH="60"/>
						<String CONTENT="ed." ID="St_1.2.44.22" HPOS="4024" VPOS="6532" HEIGHT="76" WIDTH="136" STYLEREFS="Style_16" WC="0.985555555555556" CC="000"/>
					</TextLine>
					<TextLine ID="TL_1.2.45" HPOS="348" VPOS="6624" HEIGHT="104" WIDTH="3800">
						<String CONTENT="&#x00A9;" ID="St_1.2.45.1" HPOS="348" VPOS="6624" HEIGHT="92" WIDTH="92" STYLEREFS="Style_16" WC="0.555555555555556" CC="4"/>
						<SP ID="SP_1.2.45.2" HPOS="392" VPOS="6624" WIDTH="80"/>
						<String CONTENT="June" ID="St_1.2.45.3" HPOS="508" VPOS="6632" HEIGHT="80" WIDTH="244" STYLEREFS="Style_16" WC="0.925555555555556" CC="0000"/>
						<SP ID="SP_1.2.45.4" HPOS="724" VPOS="6640" WIDTH="52"/>
						<String CONTENT="4," ID="St_1.2.45.5" HPOS="808" VPOS="6636" HEIGHT="84" WIDTH="76" STYLEREFS="Style_16" WC="0.95" CC="00"/>
						<SP ID="SP_1.2.45.6" HPOS="872" VPOS="6668" WIDTH="40"/>
						<String CONTENT="1930;" ID="St_1.2.45.7" HPOS="952" VPOS="6632" HEIGHT="92" WIDTH="268" STYLEREFS="Style_16" WC="0.97" CC="00000"/>
						<SP ID="SP_1.2.45.8" HPOS="1208" VPOS="6648" WIDTH="40"/>
						<String CONTENT="2c." ID="St_1.2.45.9" HPOS="1288" VPOS="6632" HEIGHT="80" WIDTH="124" STYLEREFS="Style_16" WC="0.975555555555556" CC="000"/>
						<SP ID="SP_1.2.45.10" HPOS="1400" VPOS="6668" WIDTH="40"/>
						<String CONTENT="and" ID="St_1.2.45.11" HPOS="1480" VPOS="6636" HEIGHT="72" WIDTH="176" STYLEREFS="Style_16" WC="0.98" CC="000"/>
						<SP ID="SP_1.2.45.12" HPOS="1624" VPOS="6640" WIDTH="64"/>
						<String CONTENT="af" ID="St_1.2.45.13" HPOS="1724" VPOS="6632" HEIGHT="76" WIDTH="100" STYLEREFS="Style_16" WC="0.982222222222222" CC="00"/>
						<String CONTENT="f" ID="St_1.2.45.14" HPOS="1800" VPOS="6632" HEIGHT="76" WIDTH="56" STYLEREFS="Style_16" WC="0.966666666666667" CC="4"/>
						<String CONTENT="." ID="St_1.2.45.15" HPOS="1864" VPOS="6692" HEIGHT="20" WIDTH="16" STYLEREFS="Style_16" WC="0.967777777777778" CC="0"/>
						<SP ID="SP_1.2.45.16" HPOS="1868" VPOS="6668" WIDTH="40"/>
						<String CONTENT="June" ID="St_1.2.45.17" HPOS="1948" VPOS="6632" HEIGHT="80" WIDTH="244" STYLEREFS="Style_16" WC="0.972222222222222" CC="0000"/>
						<SP ID="SP_1.2.45.18" HPOS="2164" VPOS="6652" WIDTH="56"/>
						<String CONTENT="5;" ID="St_1.2.45.19" HPOS="2252" VPOS="6632" HEIGHT="92" WIDTH="100" STYLEREFS="Style_16" WC="0.974444444444444" CC="00"/>
						<SP ID="SP_1.2.45.20" HPOS="2340" VPOS="6652" WIDTH="40"/>
						<String CONTENT="A" ID="St_1.2.45.21" HPOS="2420" VPOS="6632" HEIGHT="76" WIDTH="72" STYLEREFS="Style_16" WC="0.975555555555556" CC="0"/>
						<SP ID="SP_1.2.45.22" HPOS="2452" VPOS="6640" WIDTH="72"/>
						<String CONTENT="23790;" ID="St_1.2.45.23" HPOS="2560" VPOS="6632" HEIGHT="92" WIDTH="328" STYLEREFS="Style_16" WC="0.98" CC="000000"/>
						<SP ID="SP_1.2.45.24" HPOS="2872" VPOS="6652" WIDTH="48"/>
						<String CONTENT="G." ID="St_1.2.45.25" HPOS="2960" VPOS="6632" HEIGHT="80" WIDTH="104" STYLEREFS="Style_16" WC="0.972222222222222" CC="40"/>
						<SP ID="SP_1.2.45.26" HPOS="3052" VPOS="6672" WIDTH="40"/>
						<String CONTENT="A." ID="St_1.2.45.27" HPOS="3128" VPOS="6636" HEIGHT="80" WIDTH="104" STYLEREFS="Style_16" WC="0.973333333333333" CC="00"/>
						<SP ID="SP_1.2.45.28" HPOS="3216" VPOS="6672" WIDTH="44"/>
						<String CONTENT="Jones," ID="St_1.2.45.29" HPOS="3296" VPOS="6636" HEIGHT="92" WIDTH="312" STYLEREFS="Style_16" WC="0.976666666666667" CC="000000"/>
						<SP ID="SP_1.2.45.30" HPOS="3596" VPOS="6672" WIDTH="40"/>
						<String CONTENT="Franklin." ID="St_1.2.45.31" HPOS="3676" VPOS="6636" HEIGHT="80" WIDTH="472" STYLEREFS="Style_16" WC="0.973333333333333" CC="000000004"/>
					</TextLine>
					<TextLine ID="TL_1.2.46" HPOS="472" VPOS="6740" HEIGHT="100" WIDTH="3508">
						<String CONTENT="N." ID="St_1.2.46.1" HPOS="472" VPOS="6744" HEIGHT="76" WIDTH="108" STYLEREFS="Style_16" WC="1" CC="00"/>
						<SP ID="SP_1.2.46.2" HPOS="568" VPOS="6792" WIDTH="32"/>
						<String CONTENT="C." ID="St_1.2.46.3" HPOS="624" VPOS="6744" HEIGHT="76" WIDTH="92" STYLEREFS="Style_16" WC="1" CC="00"/>
						<SP ID="SP_1.2.46.4" HPOS="704" VPOS="6792" WIDTH="80"/>
						<String CONTENT="(30-14" ID="St_1.2.46.5" HPOS="856" VPOS="6740" HEIGHT="96" WIDTH="316" STYLEREFS="Style_16" WC="1" CC="000000"/>
						<String CONTENT="9" ID="St_1.2.46.6" HPOS="1180" VPOS="6744" HEIGHT="76" WIDTH="52" STYLEREFS="Style_16" WC="0.965555555555556" CC="4"/>
						<String CONTENT="69)" ID="St_1.2.46.7" HPOS="1236" VPOS="6740" HEIGHT="96" WIDTH="156" STYLEREFS="Style_16" WC="0.972222222222222" CC="000"/>
						<SP ID="SP_1.2.46.8" HPOS="1372" VPOS="6744" WIDTH="2380"/>
						<String CONTENT="5980" ID="St_1.2.46.9" HPOS="3752" VPOS="6744" HEIGHT="80" WIDTH="228" STYLEREFS="Style_16" WC="0.705555555555556" CC="0000"/>
					</TextLine>
					<TextLine ID="TL_1.2.47" HPOS="336" VPOS="6896" HEIGHT="124" WIDTH="804">
						<String CONTENT="Justus," ID="St_1.2.47.1" HPOS="336" VPOS="6896" HEIGHT="124" WIDTH="440" STYLEREFS="Style_16" WC="1" CC="0000000"/>
						<SP ID="SP_1.2.47.2" HPOS="760" VPOS="6936" WIDTH="44"/>
						<String CONTENT="May." ID="St_1.2.47.3" HPOS="836" VPOS="6900" HEIGHT="120" WIDTH="304" STYLEREFS="Style_16" WC="1" CC="0000"/>
					</TextLine>
					<TextLine ID="TL_1.2.48" HPOS="476" VPOS="7044" HEIGHT="140" WIDTH="3692">
						<String CONTENT="At" ID="St_1.2.48.1" HPOS="476" VPOS="7048" HEIGHT="96" WIDTH="152" STYLEREFS="Style_16" WC="1" CC="00"/>
						<SP ID="SP_1.2.48.2" HPOS="604" VPOS="7044" WIDTH="56"/>
						<String CONTENT="the" ID="St_1.2.48.3" HPOS="696" VPOS="7048" HEIGHT="104" WIDTH="184" STYLEREFS="Style_16" WC="1" CC="000"/>
						<SP ID="SP_1.2.48.4" HPOS="852" VPOS="7064" WIDTH="60"/>
						<String CONTENT="foot" ID="St_1.2.48.5" HPOS="952" VPOS="7048" HEIGHT="100" WIDTH="236" STYLEREFS="Style_16" WC="1" CC="0000"/>
						<SP ID="SP_1.2.48.6" HPOS="1160" VPOS="7048" WIDTH="64"/>
						<String CONTENT="of" ID="St_1.2.48.7" HPOS="1260" VPOS="7052" HEIGHT="100" WIDTH="124" STYLEREFS="Style_16" WC="1" CC="00"/>
						<SP ID="SP_1.2.48.8" HPOS="1356" VPOS="7044" WIDTH="56"/>
						<String CONTENT="Windy" ID="St_1.2.48.9" HPOS="1448" VPOS="7052" HEIGHT="132" WIDTH="416" STYLEREFS="Style_16" WC="1" CC="00000"/>
						<SP ID="SP_1.2.48.10" HPOS="1828" VPOS="7064" WIDTH="68"/>
						<String CONTENT="Low," ID="St_1.2.48.11" HPOS="1932" VPOS="7052" HEIGHT="120" WIDTH="300" STYLEREFS="Style_16" WC="1" CC="0000"/>
						<SP ID="SP_1.2.48.12" HPOS="2216" VPOS="7088" WIDTH="48"/>
						<String CONTENT="by" ID="St_1.2.48.13" HPOS="2296" VPOS="7052" HEIGHT="132" WIDTH="148" STYLEREFS="Style_16" WC="1" CC="00"/>
						<SP ID="SP_1.2.48.14" HPOS="2404" VPOS="7064" WIDTH="72"/>
						<String CONTENT="May" ID="St_1.2.48.15" HPOS="2512" VPOS="7052" HEIGHT="132" WIDTH="264" STYLEREFS="Style_16" WC="1" CC="000"/>
						<SP ID="SP_1.2.48.16" HPOS="2736" VPOS="7064" WIDTH="72"/>
						<String CONTENT="Justus," ID="St_1.2.48.17" HPOS="2844" VPOS="7052" HEIGHT="124" WIDTH="424" STYLEREFS="Style_16" WC="1" CC="0000000"/>
						<SP ID="SP_1.2.48.18" HPOS="3252" VPOS="7088" WIDTH="48"/>
						<String CONTENT="illustrated" ID="St_1.2.48.19" HPOS="3336" VPOS="7056" HEIGHT="100" WIDTH="620" STYLEREFS="Style_16" WC="1" CC="00000000000"/>
						<SP ID="SP_1.2.48.20" HPOS="3920" VPOS="7048" WIDTH="68"/>
						<String CONTENT="by" ID="St_1.2.48.21" HPOS="4024" VPOS="7056" HEIGHT="128" WIDTH="144" STYLEREFS="Style_16" WC="1" CC="00"/>
					</TextLine>
					<TextLine ID="TL_1.2.49" HPOS="344" VPOS="7196" HEIGHT="136" WIDTH="3816">
						<String CONTENT="Carrie" ID="St_1.2.49.1" HPOS="344" VPOS="7196" HEIGHT="104" WIDTH="376" STYLEREFS="Style_16" WC="1" CC="000000"/>
						<SP ID="SP_1.2.49.2" HPOS="692" VPOS="7216" WIDTH="68"/>
						<String CONTENT="Dudley." ID="St_1.2.49.3" HPOS="800" VPOS="7196" HEIGHT="132" WIDTH="468" STYLEREFS="Style_16" WC="1" CC="0000000"/>
						<SP ID="SP_1.2.49.4" HPOS="1260" VPOS="7240" WIDTH="80"/>
						<String CONTENT="Joliet," ID="St_1.2.49.5" HPOS="1412" VPOS="7196" HEIGHT="136" WIDTH="380" STYLEREFS="Style_16" WC="1" CC="0000000"/>
						<SP ID="SP_1.2.49.6" HPOS="1776" VPOS="7244" WIDTH="52"/>
						<String CONTENT="New" ID="St_1.2.49.7" HPOS="1868" VPOS="7200" HEIGHT="100" WIDTH="272" STYLEREFS="Style_16" WC="1" CC="000"/>
						<SP ID="SP_1.2.49.8" HPOS="2088" VPOS="7216" WIDTH="88"/>
						<String CONTENT="York" ID="St_1.2.49.9" HPOS="2216" VPOS="7200" HEIGHT="100" WIDTH="312" STYLEREFS="Style_16" WC="1" CC="0000"/>
						<SP ID="SP_1.2.49.10" HPOS="2484" VPOS="7200" WIDTH="84"/>
						<String CONTENT="[etc.]" ID="St_1.2.49.11" HPOS="2616" VPOS="7200" HEIGHT="128" WIDTH="264" STYLEREFS="Style_16" WC="1" CC="000000"/>
						<SP ID="SP_1.2.49.12" HPOS="2864" VPOS="7232" WIDTH="60"/>
						<String CONTENT="The" ID="St_1.2.49.13" HPOS="2972" VPOS="7204" HEIGHT="100" WIDTH="228" STYLEREFS="Style_16" WC="1" CC="000"/>
						<SP ID="SP_1.2.49.14" HPOS="3168" VPOS="7220" WIDTH="68"/>
						<String CONTENT="P." ID="St_1.2.49.15" HPOS="3280" VPOS="7204" HEIGHT="100" WIDTH="124" STYLEREFS="Style_16" WC="1" CC="00"/>
						<SP ID="SP_1.2.49.16" HPOS="3392" VPOS="7240" WIDTH="52"/>
						<String CONTENT="F." ID="St_1.2.49.17" HPOS="3484" VPOS="7204" HEIGHT="100" WIDTH="124" STYLEREFS="Style_16" WC="1" CC="00"/>
						<SP ID="SP_1.2.49.18" HPOS="3596" VPOS="7240" WIDTH="52"/>
						<String CONTENT="Volland" ID="St_1.2.49.19" HPOS="3688" VPOS="7204" HEIGHT="100" WIDTH="472" STYLEREFS="Style_16" WC="1" CC="0000000"/>
					</TextLine>
					<TextLine ID="TL_1.2.50" HPOS="340" VPOS="7352" HEIGHT="128" WIDTH="928">
						<String CONTENT="company" ID="St_1.2.50.1" HPOS="340" VPOS="7376" HEIGHT="104" WIDTH="536" STYLEREFS="Style_16" WC="1" CC="0000000"/>
						<SP ID="SP_1.2.50.2" HPOS="840" VPOS="7364" WIDTH="68"/>
						<String CONTENT="[9301]" ID="St_1.2.50.3" HPOS="940" VPOS="7352" HEIGHT="120" WIDTH="328" STYLEREFS="Style_16" WC="0.88" CC="700008"/>
					</TextLine>
					<TextLine ID="TL_1.2.51" HPOS="472" VPOS="7496" HEIGHT="100" WIDTH="3088">
						<String CONTENT="80" ID="St_1.2.51.1" HPOS="472" VPOS="7496" HEIGHT="80" WIDTH="112" STYLEREFS="Style_16" WC="1" CC="00"/>
						<SP ID="SP_1.2.51.2" HPOS="552" VPOS="7496" WIDTH="60"/>
						<String CONTENT="p." ID="St_1.2.51.3" HPOS="644" VPOS="7520" HEIGHT="72" WIDTH="84" STYLEREFS="Style_16" WC="1" CC="00"/>
						<SP ID="SP_1.2.51.4" HPOS="716" VPOS="7528" WIDTH="44"/>
						<String CONTENT="i" ID="St_1.2.51.5" HPOS="796" VPOS="7496" HEIGHT="80" WIDTH="28" STYLEREFS="Style_16" WC="0.935555555555556" CC="4"/>
						<String CONTENT="n" ID="St_1.2.51.6" HPOS="832" VPOS="7520" HEIGHT="56" WIDTH="60" STYLEREFS="Style_16" WC="0.902222222222222" CC="3"/>
						<String CONTENT="cl" ID="St_1.2.51.7" HPOS="900" VPOS="7504" HEIGHT="72" WIDTH="76" STYLEREFS="Style_16" WC="0.866666666666667" CC="14"/>
						<String CONTENT="." ID="St_1.2.51.8" HPOS="992" VPOS="7564" HEIGHT="12" WIDTH="12" STYLEREFS="Style_16" WC="0.867777777777778" CC="1"/>
						<SP ID="SP_1.2.51.9" HPOS="996" VPOS="7532" WIDTH="40"/>
						<String CONTENT="col" ID="St_1.2.51.10" HPOS="1072" VPOS="7500" HEIGHT="76" WIDTH="136" STYLEREFS="Style_16" WC="0.844444444444444" CC="331"/>
						<String CONTENT="." ID="St_1.2.51.11" HPOS="1220" VPOS="7564" HEIGHT="16" WIDTH="20" STYLEREFS="Style_16" WC="0.833333333333333" CC="3"/>
						<SP ID="SP_1.2.51.12" HPOS="1228" VPOS="7532" WIDTH="44"/>
						<String CONTENT="front.," ID="St_1.2.51.13" HPOS="1304" VPOS="7500" HEIGHT="92" WIDTH="316" STYLEREFS="Style_16" WC="0.888888888888889" CC="0000000"/>
						<SP ID="SP_1.2.51.14" HPOS="1608" VPOS="7532" WIDTH="44"/>
						<String CONTENT="illus." ID="St_1.2.51.15" HPOS="1688" VPOS="7504" HEIGHT="76" WIDTH="248" STYLEREFS="Style_16" WC="0.913333333333333" CC="000000"/>
						<SP ID="SP_1.2.51.16" HPOS="1924" VPOS="7532" WIDTH="36"/>
						<String CONTENT="(part" ID="St_1.2.51.17" HPOS="1988" VPOS="7500" HEIGHT="92" WIDTH="260" STYLEREFS="Style_16" WC="0.927777777777778" CC="00000"/>
						<SP ID="SP_1.2.51.18" HPOS="2228" VPOS="7504" WIDTH="48"/>
						<String CONTENT="c" ID="St_1.2.51.19" HPOS="2312" VPOS="7524" HEIGHT="56" WIDTH="44" STYLEREFS="Style_16" WC="0.922222222222222" CC="3"/>
						<String CONTENT="ol.)" ID="St_1.2.51.20" HPOS="2368" VPOS="7500" HEIGHT="92" WIDTH="160" STYLEREFS="Style_16" WC="0.922222222222222" CC="3000"/>
						<SP ID="SP_1.2.51.21" HPOS="2508" VPOS="7500" WIDTH="84"/>
						<String CONTENT="col" ID="St_1.2.51.22" HPOS="2660" VPOS="7504" HEIGHT="76" WIDTH="140" STYLEREFS="Style_16" WC="0.912222222222222" CC="331"/>
						<String CONTENT="," ID="St_1.2.51.23" HPOS="2800" VPOS="7532" HEIGHT="44" WIDTH="24" STYLEREFS="Style_16" WC="0.906666666666667" CC="3"/>
						<SP ID="SP_1.2.51.24" HPOS="2816" VPOS="7532" WIDTH="40"/>
						<String CONTENT="plates." ID="St_1.2.51.25" HPOS="2892" VPOS="7504" HEIGHT="92" WIDTH="332" STYLEREFS="Style_16" WC="0.92" CC="0000000"/>
						<SP ID="SP_1.2.51.26" HPOS="3212" VPOS="7532" WIDTH="68"/>
						<String CONTENT="21&#x0368;&#x036B;." ID="St_1.2.51.27" HPOS="3336" VPOS="7508" HEIGHT="76" WIDTH="224" STYLEREFS="Style_16" WC="0.895555555555556" CC="3374"/>
					</TextLine>
				</TextBlock>
			</PrintSpace>
		</Page>
	</Layout>
</alto>
