4984 8300
2356 7716 140 100 39

532 628 528 124 Georgia.
1736 636 320 108 Laws.
1736 636 104 108 st
1836 664 72 64 a
1928 636 192 108 tut
2012 636 128 108 es.
2180 644 164 92 etc
2356 692 160 36 .—
2524 632 628 108 Continued

520 776 180 132 gia
788 780 292 100 code.
1228 780 508 100 Atlanta.
1816 780 236 100 The
2136 776 556 104 Harrison
2776 816 604 96 company;
3472 780 936 132 Charlottesville,

520 928 240 128 Va.,
820 924 236 104 The
1112 924 412 104 Michie
1584 932 576 128 company.
2228 932 292 96 1930.

660 1108 52 56 v
720 1088 32 76 i
760 1088 64 76 ii
836 1148 20 28 ,
908 1088 52 76 3
968 1088 48 76 5
1020 1092 52 68 7
1128 1108 84 72 p.
1328 1084 52 76 2
1388 1084 504 88 6½ͨͫ
1596 1148 16 20 .

664 1220 288 76 "This
1032 1224 372 72 volume
1484 1224 556 92 supersedes
2128 1220 372 80 volume
2584 1224 108 72 14
2780 1224 104 76 of
2968 1224 336 80 Park's
3388 1248 52 52 a
3448 1244 132 56 nn
3584 1244 52 60 o
3644 1232 36 72 t
3688 1244 48 56 a
3752 1228 156 76 ted
4000 1220 24 68 c
4056 1248 48 56 o
4112 1228 112 76 de
4312 1248 52 56 o
4372 1224 44 80 f

528 1328 392 96 Georgia
1016 1332 184 76 and
1284 1332 160 80 the
1528 1332 40 76 1
1584 1332 52 80 9
1644 1332 104 76 28
1840 1328 608 96 Supplement
2536 1332 104 76 of
2720 1332 428 80 Michie's
3232 1332 224 80 code
3544 1332 100 80 of
3732 1332 248 80 1926.
4100 1332 44 80 I
4156 1344 28 68 t
4280 1336 132 76 in-

520 1440 320 80 cludes
900 1440 128 76 all
1100 1440 156 80 the
1316 1440 380 92 general
1764 1440 232 76 laws
2064 1440 388 80 enacted
2524 1440 344 92 during
2936 1444 156 76 the
3164 1440 220 80 1927
3452 1444 184 76 and
3708 1440 224 84 1929
3996 1444 420 80 sessions

520 1548 104 80 of
708 1548 160 80 the
956 1548 400 92 Georgia
1444 1548 620 92 Legislature,
2156 1548 232 80 with
2476 1548 456 96 complete
3024 1548 640 80 annotations.
3812 1552 88 76 It
3992 1552 196 76 also
4276 1552 136 76 in-

520 1656 324 80 cludes
916 1656 156 80 the
1144 1664 412 72 statutes
1628 1660 388 76 enacted
2096 1668 96 68 at
2268 1656 160 80 the
2500 1660 736 92 extraordinary
3312 1660 360 76 session
3748 1660 100 76 of
3924 1660 224 80 1926
4224 1664 180 76 and

520 1764 156 80 the
728 1768 460 76 amended
1240 1768 252 76 rules
1548 1768 100 80 of
1704 1764 732 88 court."—Pref.

548 1880 68 88 ©
676 1880 212 76 Jan.
940 1876 76 96 3,
1068 1884 112 76 19
1184 1884 52 76 3
1240 1888 56 68 0
1312 1896 24 68 ;
1456 1880 192 88 2c.
1584 1884 180 72 and
1820 1880 160 76 aff.
2032 1880 52 72 J
2104 1896 144 64 an.
2300 1880 100 80 6;
2460 1880 76 76 A
2588 1880 224 76 1772
2832 1880 88 76 4;
2980 1884 100 76 M
3084 1880 24 76 i
3120 1904 48 52 c
3172 1880 152 84 hie
3380 1908 48 48 c
3432 1908 52 48 o
3496 1944 36 32 .,
3608 1880 124 96 Ch
3736 1900 52 60 a
3804 1880 140 76 rlo
3952 1888 28 68 t
3996 1888 92 68 te
4096 1900 44 56 s
4144 1880 248 96 ville,

672 2012 152 68 Va.
884 2008 120 56 an
1012 1992 60 72 d
1124 1988 148 76 Ha
1292 2012 96 52 rr
1388 2008 88 72 is
1444 2024 68 56 o
1540 2012 52 52 n
1652 2012 48 56 c
1704 2012 48 52 o
1768 2052 12 12 .
1796 2048 12 20 ,
1876 1992 68 72 A
1960 1988 60 76 tl
2036 1996 224 68 anta
2280 2052 16 16 .
2424 1988 28 92 (
2472 1988 108 80 30
2584 1988 108 76 -2
2704 1988 48 76 6
2756 1992 52 76 7
2816 1988 56 80 6
2888 1992 24 80 )
4064 1988 52 76 2
4124 1984 112 84 46

512 2172 476 120 Gilbert,
1052 2172 592 124 Anthony.

648 2320 232 104 The
948 2336 68 80 m
1060 2356 68 100 y
1140 2332 300 124 stery
1504 2320 124 100 of
1692 2320 180 100 the
1940 2352 60 68 o
2016 2356 200 96 pen
2292 2324 504 124 window,
2864 2360 56 60 a
3584 2320 576 112 detective
3584 2320 312 132 story
3960 2320 144 132 by
4188 2324 212 96 An-

508 2472 348 132 thony
936 2468 472 104 Gilbert.
1560 2468 264 104 New
1900 2472 356 120 York,
2336 2472 356 100 Dodd.
2780 2472 328 100 Mead
3188 2476 88 96 &
3352 2516 52 56 c
3412 2508 132 92 o.,
3636 2476 284 96 1930.

640 2632 52 80 3
752 2652 84 72 p.
888 2628 36 80 l
932 2692 44 32 .,
1036 2632 164 80 307
1260 2656 84 72 p.
1464 2632 632 88 19½ͨͫ
1716 2664 24 44 .

520 2764 96 88 ©
684 2768 48 80 J
748 2788 52 56 a
808 2788 84 56 n.
948 2772 80 88 4,
1088 2772 40 72 1
1144 2768 164 76 930
1340 2788 20 72 ;
1420 2768 132 80 2c.
1608 2768 56 76 J
1676 2792 48 52 a
1736 2788 84 56 n.
1880 2772 160 88 11;
2104 2768 136 76 aff
2248 2832 16 16 .
2324 2772 56 72 J
2388 2792 48 52 a
2448 2788 88 56 n.
2600 2772 36 72 1
2648 2772 56 72 3
2736 2788 20 68 ;
2816 2768 80 76 A
2956 2772 44 72 1
3012 2772 168 76 787
3184 2772 104 88 1;
3352 2772 252 88 Lucy
3668 2772 132 72 Be
3808 2776 96 68 at
3916 2768 136 76 ric
4056 2792 52 52 e
4164 2772 96 72 M
4264 2768 96 76 al
4372 2812 8 8 -

656 2908 132 72 les
784 2916 148 88 on,
1000 2908 68 72 L
1072 2916 116 64 on
1196 2908 56 72 d
1256 2920 116 60 on
1380 2940 20 40 .
1540 2908 32 80 (
1584 2908 116 72 30
1704 2912 92 68 -1
1804 2908 112 72 93
1928 2880 92 108 6)
4056 2904 172 76 247

504 3060 484 124 Gilbert,
1048 3060 364 124 Lydia
1476 3060 628 124 Northrop.

640 3208 304 104 Wild
1012 3208 420 104 flowers
1492 3208 216 104 and
1768 3220 280 92 state
2112 3208 420 104 flowers
2596 3208 124 104 of
2784 3208 360 104 North
3208 3208 552 132 America,
3820 3208 148 136 by
4032 3208 360 136 Lydia

504 3360 572 132 Northrop
1156 3360 140 104 Gi
1312 3360 32 100 l
1352 3360 236 100 bert
1688 3368 68 108 …
1952 3360 264 100 New
2304 3360 100 100 Y
2412 3396 60 64 o
2484 3360 164 104 rk.
2732 3360 132 108 G.
2956 3360 76 108 S
3048 3396 60 64 u
3120 3360 156 132 lly
3352 3364 92 96 &
3520 3396 56 64 c
3580 3396 520 96 ompany,
4184 3360 32 100 i
4224 3396 72 64 n
4308 3400 52 64 c
4368 3444 20 20 .

508 3540 512 108 [ͨ1
656 3516 124 96 93
788 3516 60 96 0
860 3576 24 64 ]

640 3668 164 76 110
856 3688 112 72 p.,
1020 3672 44 72 1
1092 3668 80 84 l.
1232 3668 28 76 i
1272 3692 56 52 n
1336 3672 80 76 cl
1428 3732 16 16 .
1496 3672 172 76 col.
1720 3672 316 92 front.,
2088 3672 164 76 col.
2308 3672 248 76 illus.
2680 3668 628 84 17½ͨͫ
2932 3708 24 32 .

512 3800 96 96 ©
668 3804 56 76 J
732 3828 52 52 a
800 3828 80 52 n.
940 3816 48 68 1
992 3816 48 68 4
1056 3868 16 32 ,
1124 3808 228 76 1930
1380 3828 20 72 ;
1456 3808 100 80 2c
1572 3868 16 16 .
1644 3808 180 76 and
1884 3812 192 96 aff
2028 3868 16 16 .
2128 3816 36 76 J
2168 3824 48 64 a
2228 3828 88 56 n.
2448 3812 128 96 16;
2592 3808 76 72 A
2724 3804 332 96 18162;
3120 3808 364 92 George
3540 3808 264 92 Sully
3860 3804 72 80 &
3984 3828 108 52 co
4104 3864 44 36 .,
4208 3804 176 84 inc.

724 3932 112 88 [©
836 3932 112 88 re
948 3936 56 60 v
1008 3916 200 80 ised
1268 3924 228 88 text]
1632 3916 488 96 (30-2498)
4052 3912 172 84 248

500 4096 604 124 Goldberg,
1160 4100 396 124 Israel,
1620 4104 260 100 1887
1884 4168 68 12 –

640 4248 100 100 O
744 4268 68 76 u
824 4264 40 88 t
876 4252 32 96 l
920 4252 176 100 ine
1156 4252 124 104 of
1336 4252 416 108 Jewish
1812 4252 684 132 knowledge,
2548 4252 336 132 being
2940 4292 56 64 a
3052 4252 432 136 history
3540 4252 128 100 of
3724 4252 184 100 the
3968 4248 424 108 Jewish

496 4400 392 132 people
944 4408 212 96 and
1220 4440 140 64 an
1416 4404 608 136 anthology
2076 4404 128 104 of
2252 4404 412 100 Jewish
2728 4404 576 104 literature
3360 4404 296 100 from
3712 4404 184 100 the
3948 4400 444 108 earliest

496 4552 320 108 times
880 4572 108 84 to
1056 4556 180 104 the
1296 4568 500 116 present:
1860 4556 572 112 including
2508 4592 56 68 a
2632 4552 300 108 brief
2996 4568 460 92 account
3520 4556 124 104 of
3704 4552 188 108 the
3952 4552 432 136 history

496 4708 220 100 and
768 4704 684 104 civilization
1504 4708 128 100 of
1680 4708 184 100 the
1916 4708 232 100 nati
2164 4744 60 60 o
2228 4740 128 72 ns
2416 4708 268 100 with
2744 4704 360 104 whom
3164 4708 184 100 the
3400 4704 300 108 Jews
3748 4708 284 100 have
4088 4740 300 68 come

504 4856 232 104 into
800 4868 468 120 contact,
1332 4860 220 100 and
1624 4888 136 72 an
1828 4852 624 136 exposition
2524 4856 124 104 of
2708 4856 188 104 the
2964 4856 716 136 present-day
3748 4864 352 96 status
4168 4856 216 104 and

496 5008 552 132 problems
1104 5008 128 104 of
1292 5008 184 100 the
1532 5008 468 104 Jewries
2056 5008 124 104 of
2236 5008 188 104 the
2484 5008 344 100 world
2900 5028 68 112 …
3084 5008 272 100 with
3420 5044 312 96 maps
3796 5008 212 100 and
4076 5008 304 104 illus-

496 5160 508 112 trations,
1056 5160 144 132 by
1248 5156 356 104 Israel
1656 5156 564 112 Goldberg
2276 5168 64 104 …
2460 5160 212 100 and
2732 5156 468 104 Samson
3260 5160 436 100 Bender
3700 5160 40 100 l
3740 5196 72 100 y
3868 5168 64 104 …
4140 5192 68 68 v
4216 5244 20 20 .
4300 5168 84 96 1.

504 5312 76 104 S
592 5312 480 104 tudent's
1152 5312 204 132 ed.,
1432 5308 276 104 with
1792 5344 372 68 course
2244 5308 124 100 of
2448 5312 364 128 study.
2960 5308 268 100 New
3308 5308 348 136 York,
3740 5312 448 100 Bureau
4264 5312 128 104 of

500 5464 420 100 Jewish
980 5460 616 136 education,
1664 5468 120 96 19
1792 5464 64 96 2
1864 5464 88 96 9.

636 5620 224 88 xvii,
920 5620 168 76 382
1148 5640 108 72 p.,
1320 5620 40 72 1
1428 5620 28 76 l
1476 5680 40 28 .,
1580 5620 164 76 xxi
1748 5664 56 8 –
1808 5620 304 76 xxviii
2172 5640 60 72 p
2240 5680 16 16 .
2380 5620 248 76 illus.
2684 5616 24 92 (
2728 5620 96 76 in
2832 5620 84 76 cl
2924 5684 20 16 .
3004 5616 320 96 maps)
3428 5620 636 84 21½ͨͫ.

624 5756 444 76 Includes
1116 5752 676 92 "Suggestions
1840 5752 160 76 for
2052 5752 528 76 additional
2636 5752 476 92 reading".

504 5884 92 88 ©
664 5892 72 80 O
748 5900 112 72 ct.
920 5892 108 76 28
1040 5952 16 24 ,
1112 5888 164 80 192
1284 5888 52 80 9
1368 5912 20 68 ;
1444 5888 132 80 2c.
1636 5916 44 48 a
1700 5912 60 52 n
1768 5892 56 72 d
1896 5912 32 48 a
1944 5888 96 76 ff.
2100 5892 84 72 D
2192 5912 48 52 e
2248 5912 44 52 c
2304 5956 12 12 .
2380 5892 160 84 27;
2604 5892 76 72 A
2740 5888 328 92 17818;
3136 5892 380 72 Bureau
3580 5912 48 56 o
3636 5888 44 76 f
3740 5888 356 80 Jewish
4160 5892 212 76 edu-

636 6000 340 80 cation.
1112 6000 488 92 (30-2061)
4040 5996 168 84 249

492 6180 472 124 Graves,
1032 6184 472 124 Robert,
1576 6192 256 96 1895
1840 6252 72 8 –

624 6332 576 132 Good-bye
1268 6344 108 88 to
1444 6332 152 100 all
1656 6332 304 116 that;
2028 6368 136 64 an
2236 6332 932 132 autobiography,
3224 6332 148 112 by
3436 6332 412 100 Robert
3920 6328 452 108 Graves.

484 6488 268 100 New
800 6484 352 100 York.
1200 6484 108 100 J.
1368 6480 300 132 Cape
1716 6488 88 92 &
1852 6480 152 104 H.
2060 6480 368 108 Smith
2496 6484 412 116 [ͨ1930]

628 6644 48 76 5
732 6668 84 72 p.
868 6644 32 76 l
908 6704 48 32 .,
1008 6644 168 76 430
1236 6664 84 72 p.
1436 6644 332 92 plates,
1824 6644 52 72 2
1936 6644 236 88 port.
2232 6636 136 96 (in
2372 6644 48 68 c
2428 6644 60 72 l.
2544 6640 340 92 front.)
2960 6660 296 72 maps,
3312 6636 232 84 fold.
3600 6640 104 76 fa
3712 6660 48 60 c
3764 6640 208 80 sim.
4088 6640 636 88 22½ͨͫ.

628 6776 316 80 "First
1000 6776 420 96 printing
1480 6780 140 72 De
1628 6800 44 52 c
1680 6776 312 76 ember
2048 6776 224 76 1929
2332 6768 56 96 …
2544 6776 296 76 Third
2900 6776 144 92 pri
3056 6796 52 56 n
3120 6776 204 92 ting
3384 6776 140 76 De
3528 6792 48 60 c
3580 6776 316 76 ember
3952 6772 308 80 1929."

500 6872 96 96 ©
660 6892 212 76 Jan.
932 6888 76 92 6,
1060 6884 168 96 193
1236 6888 56 76 0
1320 6912 20 68 ;
1400 6888 132 80 2c.
1588 6888 204 80 Jan.
1864 6888 156 88 11;
2084 6888 156 76 aff.
2304 6888 212 76 Jan.
2576 6884 160 96 10;
2796 6888 80 72 A
2936 6888 112 76 17
3052 6888 104 76 82
3160 6888 108 84 2;
3328 6888 84 72 R
3424 6948 20 16 .
3504 6888 128 76 Gr
3640 6908 52 52 a
3700 6908 60 52 v
3764 6900 104 60 es
3872 6948 16 24 ,
3948 6884 76 76 L
4032 6908 48 52 o
4088 6888 180 72 ndo
4276 6908 56 52 n
4348 6948 16 12 .

648 6996 488 96 (30-2231)
4032 6988 172 84 250

496 7184 348 120 Gray,
900 7176 492 108 William
1460 7184 360 100 Scott.
1884 7188 256 96 1885
2144 7248 76 8 –
2640 7212 52 68 e
2700 7180 104 100 d.

728 7332 60 120 …
848 7332 240 104 The
1176 7328 376 136 junior
1644 7332 412 132 college
2148 7332 704 128 curriculum,
2948 7328 368 104 edited
3408 7328 152 132 by
3648 7328 512 104 William
4252 7320 112 108 S.

492 7480 312 136 Gray
868 7484 68 120 …
1124 7480 524 136 Chicago,
1692 7480 220 132 Ill.,
1960 7480 232 104 The
2240 7480 656 132 University
2940 7476 128 104 of
3116 7476 488 136 Chicago
3656 7512 304 96 press
4020 7476 332 128 [1929]
