<?xml version="1.0"?>
<alto xmlns="http://www.loc.gov/standards/alto/ns-v2#" xmlns:xlink="http://www.w3.org/1999/xlink" xmlns:xsi="http://www.w3.org/2001/XMLSchema-instance" xsi:schemaLocation="http://www.loc.gov/standards/alto/ns-v2# http://www.loc.gov/standards/alto/alto-v2.0.xsd">
	<Description>
		<MeasurementUnit>inch1200</MeasurementUnit>
		<sourceImageInformation>
			<fileIdentifier>catalogofcopyri271libr_001-2321.pdf_Page_1969.jpg</fileIdentifier>
		</sourceImageInformation>
		<OCRProcessing ID="OCR1">
			<ocrProcessingStep>
				<processingDateTime>2018-04-25T12:24:40</processingDateTime>
				<processingAgency>Data Conversion Laboratory</processingAgency>
				<processingSoftware>
					<softwareCreator>Prime</softwareCreator>
					<softwareName>Prime OCR</softwareName>
					<softwareVersion>4.40</softwareVersion>
				</processingSoftware>
			</ocrProcessingStep>
			<postProcessingStep>
				<processingDateTime>2018-04-25T17:23:20</processingDateTime>
				<processingAgency>Data Conversion Laboratory</processingAgency>
				<processingStepDescription>PRO -&gt; ALTO</processingStepDescription>
				<processingSoftware>
					<softwareCreator>Data Conversion Laboratory</softwareCreator>
					<softwareName>pro2alto.2018.02.27</softwareName>
					<softwareVersion>2.0</softwareVersion>
				</processingSoftware>
			</postProcessingStep>
		</OCRProcessing>
	</Description>
<Styles>
		<TextStyle ID="Style_1" FONTSIZE="8" FONTTYPE="serif" FONTWIDTH="proportional"/>
		<TextStyle ID="Style_2" FONTSIZE="8" FONTTYPE="serif" FONTWIDTH="proportional" FONTSTYLE="bold"/>
		<TextStyle ID="Style_3" FONTSIZE="7" FONTTYPE="serif" FONTWIDTH="proportional"/>
		<TextStyle ID="Style_4" FONTSIZE="7" FONTTYPE="serif" FONTWIDTH="proportional" FONTSTYLE="bold"/>
		<TextStyle ID="Style_5" FONTSIZE="10" FONTTYPE="serif" FONTWIDTH="proportional"/>
		<TextStyle ID="Style_6" FONTSIZE="8" FONTTYPE="sans-serif" FONTWIDTH="fixed" FONTSTYLE="bold underline superscript subscript"/>
		<TextStyle ID="Style_7" FONTSIZE="6" FONTTYPE="sans-serif" FONTWIDTH="fixed" FONTSTYLE="bold underline superscript subscript"/>
		<TextStyle ID="Style_8" FONTSIZE="9" FONTTYPE="sans-serif" FONTWIDTH="fixed" FONTSTYLE="bold underline superscript subscript"/>
		<TextStyle ID="Style_9" FONTSIZE="6" FONTTYPE="serif" FONTWIDTH="proportional" FONTSTYLE="bold"/>
		<TextStyle ID="Style_10" FONTSIZE="9" FONTTYPE="serif" FONTWIDTH="proportional" FONTSTYLE="bold"/>
		<TextStyle ID="Style_11" FONTSIZE="9" FONTTYPE="serif" FONTWIDTH="proportional"/>
		<TextStyle ID="Style_12" FONTSIZE="11" FONTTYPE="serif" FONTWIDTH="proportional" FONTSTYLE="bold"/>
		<TextStyle ID="Style_13" FONTSIZE="6" FONTTYPE="serif" FONTWIDTH="proportional"/>
		<TextStyle ID="Style_14" FONTSIZE="10" FONTTYPE="serif" FONTWIDTH="proportional" FONTSTYLE="bold"/>
		<TextStyle ID="Style_15" FONTSIZE="7" FONTTYPE="serif" FONTWIDTH="fixed" FONTSTYLE="bold"/>
		<TextStyle ID="Style_16" FONTSIZE="6" FONTTYPE="serif" FONTWIDTH="proportional" FONTSTYLE="bold italics"/>
		<TextStyle ID="Style_17" FONTSIZE="7" FONTTYPE="serif" FONTWIDTH="proportional" FONTSTYLE="bold italics"/>
		<TextStyle ID="Style_18" FONTSIZE="9" FONTTYPE="serif" FONTWIDTH="proportional" FONTSTYLE="italics"/>
		<TextStyle ID="Style_19" FONTSIZE="8" FONTTYPE="serif" FONTWIDTH="proportional" FONTSTYLE="italics"/>
	</Styles>
	<Layout>
		<Page ID="Page_1" PHYSICAL_IMG_NR="1" HEIGHT="8320" WIDTH="4752">
			<PrintSpace ID="PS_1" HPOS="0" VPOS="0" HEIGHT="8320" WIDTH="4752">
				<TextBlock ID="TB_1.1" HPOS="2120" VPOS="7560" WIDTH="380" HEIGHT="204">
					<TextLine ID="TL_1.1.1" HPOS="2172" VPOS="7568" HEIGHT="96" WIDTH="256">
						<String CONTENT="1969" ID="St_1.1.1.1" HPOS="2172" VPOS="7568" HEIGHT="96" WIDTH="256" STYLEREFS="Style_1" WC="1" CC="0000"/>
					</TextLine>
				</TextBlock>
				<TextBlock ID="TB_1.2" HPOS="308" VPOS="520" WIDTH="4136" HEIGHT="7008">
					<TextLine ID="TL_1.2.1" HPOS="388" VPOS="572" HEIGHT="120" WIDTH="1956">
						<String CONTENT="American" ID="St_1.2.1.1" HPOS="388" VPOS="572" HEIGHT="104" WIDTH="596" STYLEREFS="Style_2" WC="1" CC="00000000"/>
						<SP ID="SP_1.2.1.2" HPOS="944" VPOS="592" WIDTH="68"/>
						<String CONTENT="institute" ID="St_1.2.1.3" HPOS="1044" VPOS="572" HEIGHT="104" WIDTH="532" STYLEREFS="Style_2" WC="1" CC="000000000"/>
						<SP ID="SP_1.2.1.4" HPOS="1544" VPOS="588" WIDTH="60"/>
						<String CONTENT="of" ID="St_1.2.1.5" HPOS="1632" VPOS="572" HEIGHT="104" WIDTH="120" STYLEREFS="Style_2" WC="1" CC="00"/>
						<SP ID="SP_1.2.1.6" HPOS="1720" VPOS="572" WIDTH="60"/>
						<String CONTENT="banking." ID="St_1.2.1.7" HPOS="1808" VPOS="572" HEIGHT="120" WIDTH="536" STYLEREFS="Style_2" WC="1" CC="00000000"/>
					</TextLine>
					<TextLine ID="TL_1.2.2" HPOS="508" VPOS="716" HEIGHT="132" WIDTH="3684">
						<String CONTENT="Manual" ID="St_1.2.2.1" HPOS="508" VPOS="724" HEIGHT="100" WIDTH="460" STYLEREFS="Style_3" WC="1" CC="000000"/>
						<SP ID="SP_1.2.2.2" HPOS="948" VPOS="724" WIDTH="48"/>
						<String CONTENT="for" ID="St_1.2.2.3" HPOS="1032" VPOS="724" HEIGHT="96" WIDTH="180" STYLEREFS="Style_3" WC="1" CC="000"/>
						<SP ID="SP_1.2.2.4" HPOS="1184" VPOS="740" WIDTH="56"/>
						<String CONTENT="instructors" ID="St_1.2.2.5" HPOS="1272" VPOS="724" HEIGHT="96" WIDTH="648" STYLEREFS="Style_3" WC="1" CC="00000000000"/>
						<SP ID="SP_1.2.2.6" HPOS="1892" VPOS="740" WIDTH="56"/>
						<String CONTENT="in" ID="St_1.2.2.7" HPOS="1980" VPOS="716" HEIGHT="104" WIDTH="112" STYLEREFS="Style_4" WC="1" CC="00"/>
						<SP ID="SP_1.2.2.8" HPOS="2052" VPOS="740" WIDTH="72"/>
						<String CONTENT="commercial" ID="St_1.2.2.9" HPOS="2160" VPOS="716" HEIGHT="104" WIDTH="676" STYLEREFS="Style_4" WC="1" CC="0000000000"/>
						<SP ID="SP_1.2.2.10" HPOS="2812" VPOS="720" WIDTH="52"/>
						<String CONTENT="law," ID="St_1.2.2.11" HPOS="2896" VPOS="720" HEIGHT="128" WIDTH="244" STYLEREFS="Style_4" WC="1" CC="0000"/>
						<SP ID="SP_1.2.2.12" HPOS="3124" VPOS="760" WIDTH="44"/>
						<String CONTENT="prepared" ID="St_1.2.2.13" HPOS="3204" VPOS="724" HEIGHT="124" WIDTH="536" STYLEREFS="Style_4" WC="1" CC="00000000"/>
						<SP ID="SP_1.2.2.14" HPOS="3700" VPOS="720" WIDTH="68"/>
						<String CONTENT="by" ID="St_1.2.2.15" HPOS="3804" VPOS="720" HEIGHT="108" WIDTH="136" STYLEREFS="Style_4" WC="0.991111111111111" CC="04"/>
						<SP ID="SP_1.2.2.16" HPOS="3908" VPOS="736" WIDTH="64"/>
						<String CONTENT="the" ID="St_1.2.2.17" HPOS="4012" VPOS="720" HEIGHT="100" WIDTH="180" STYLEREFS="Style_4" WC="0.991111111111111" CC="000"/>
					</TextLine>
					<TextLine ID="TL_1.2.3" HPOS="380" VPOS="864" HEIGHT="136" WIDTH="3812">
						<String CONTENT="American" ID="St_1.2.3.1" HPOS="380" VPOS="868" HEIGHT="104" WIDTH="580" STYLEREFS="Style_4" WC="1" CC="00000000"/>
						<SP ID="SP_1.2.3.2" HPOS="920" VPOS="892" WIDTH="64"/>
						<String CONTENT="institute" ID="St_1.2.3.3" HPOS="1012" VPOS="868" HEIGHT="100" WIDTH="496" STYLEREFS="Style_4" WC="1" CC="000000000"/>
						<SP ID="SP_1.2.3.4" HPOS="1480" VPOS="892" WIDTH="48"/>
						<String CONTENT="of" ID="St_1.2.3.5" HPOS="1556" VPOS="868" HEIGHT="100" WIDTH="124" STYLEREFS="Style_4" WC="1" CC="00"/>
						<SP ID="SP_1.2.3.6" HPOS="1648" VPOS="872" WIDTH="48"/>
						<String CONTENT="banking" ID="St_1.2.3.7" HPOS="1716" VPOS="864" HEIGHT="136" WIDTH="492" STYLEREFS="Style_4" WC="1" CC="0000000"/>
						<SP ID="SP_1.2.3.8" HPOS="2168" VPOS="892" WIDTH="64"/>
						<String CONTENT="&#x0085;" ID="St_1.2.3.9" HPOS="2256" VPOS="880" HEIGHT="108" WIDTH="60" STYLEREFS="Style_4" WC="1" CC="0"/>
						<SP ID="SP_1.2.3.10" HPOS="2356" VPOS="936" WIDTH="36"/>
						<String CONTENT="New" ID="St_1.2.3.11" HPOS="2424" VPOS="872" HEIGHT="96" WIDTH="264" STYLEREFS="Style_4" WC="1" CC="000"/>
						<SP ID="SP_1.2.3.12" HPOS="2636" VPOS="888" WIDTH="72"/>
						<String CONTENT="York" ID="St_1.2.3.13" HPOS="2736" VPOS="868" HEIGHT="100" WIDTH="316" STYLEREFS="Style_4" WC="1" CC="0000"/>
						<SP ID="SP_1.2.3.14" HPOS="3008" VPOS="872" WIDTH="60"/>
						<String CONTENT="c" ID="St_1.2.3.15" HPOS="3092" VPOS="900" HEIGHT="64" WIDTH="56" STYLEREFS="Style_4" WC="1" CC="0"/>
						<String CONTENT="ity." ID="St_1.2.3.16" HPOS="3152" VPOS="868" HEIGHT="100" WIDTH="192" STYLEREFS="Style_4" WC="1" CC="0000"/>
						<SP ID="SP_1.2.3.17" HPOS="3328" VPOS="876" WIDTH="296"/>
						<String CONTENT="K" ID="St_1.2.3.18" HPOS="3500" VPOS="876" HEIGHT="88" WIDTH="80" STYLEREFS="Style_4" WC="0.941111111111111" CC="8"/>
						<String CONTENT="N" ID="St_1.2.3.19" HPOS="3556" VPOS="872" HEIGHT="92" WIDTH="92" STYLEREFS="Style_5" WC="0.933333333333333" CC="4"/>
						<String CONTENT="ew" ID="St_1.2.3.20" HPOS="3644" VPOS="888" HEIGHT="76" WIDTH="148" STYLEREFS="Style_5" WC="0.925555555555556" CC="14"/>
						<SP ID="SP_1.2.3.21" HPOS="3744" VPOS="888" WIDTH="76"/>
						<String CONTENT="Y" ID="St_1.2.3.22" HPOS="3848" VPOS="868" HEIGHT="100" WIDTH="104" STYLEREFS="Style_5" WC="0.928888888888889" CC="0"/>
						<String CONTENT="o" ID="St_1.2.3.23" HPOS="3960" VPOS="904" HEIGHT="64" WIDTH="56" STYLEREFS="Style_5" WC="0.93" CC="0"/>
						<String CONTENT="rk," ID="St_1.2.3.24" HPOS="4028" VPOS="868" HEIGHT="132" WIDTH="164" STYLEREFS="Style_5" WC="0.933333333333333" CC="000"/>
					</TextLine>
					<TextLine ID="TL_1.2.4" HPOS="380" VPOS="1016" HEIGHT="132" WIDTH="332">
						<String CONTENT="01930" ID="St_1.2.4.1" HPOS="380" VPOS="1016" HEIGHT="104" WIDTH="300" STYLEREFS="Style_5" WC="0.822222222222222" CC="80000"/>
						<String CONTENT="1" ID="St_1.2.4.2" HPOS="688" VPOS="1084" HEIGHT="64" WIDTH="24" STYLEREFS="Style_6" WC="0.703333333333333" CC="8"/>
					</TextLine>
					<TextLine ID="TL_1.2.5" HPOS="516" VPOS="1168" HEIGHT="96" WIDTH="1176">
						<String CONTENT="co" ID="St_1.2.5.1" HPOS="516" VPOS="1192" HEIGHT="60" WIDTH="100" STYLEREFS="Style_6" WC="1" CC="00"/>
						<String CONTENT="ver-title," ID="St_1.2.5.2" HPOS="624" VPOS="1172" HEIGHT="92" WIDTH="436" STYLEREFS="Style_6" WC="1" CC="0000000000"/>
						<SP ID="SP_1.2.5.3" HPOS="1048" VPOS="1192" WIDTH="40"/>
						<String CONTENT="67" ID="St_1.2.5.4" HPOS="1116" VPOS="1172" HEIGHT="76" WIDTH="108" STYLEREFS="Style_6" WC="1" CC="00"/>
						<SP ID="SP_1.2.5.5" HPOS="1196" VPOS="1168" WIDTH="52"/>
						<String CONTENT="p." ID="St_1.2.5.6" HPOS="1276" VPOS="1192" HEIGHT="72" WIDTH="84" STYLEREFS="Style_6" WC="1" CC="00"/>
						<SP ID="SP_1.2.5.7" HPOS="1348" VPOS="1200" WIDTH="68"/>
						<String CONTENT="2" ID="St_1.2.5.8" HPOS="1472" VPOS="1172" HEIGHT="72" WIDTH="56" STYLEREFS="Style_7" WC="1" CC="0"/>
						<String CONTENT="3" ID="St_1.2.5.9" HPOS="1528" VPOS="1172" HEIGHT="76" WIDTH="48" STYLEREFS="Style_8" WC="1" CC="0"/>
						<String CONTENT="w." ID="St_1.2.5.10" HPOS="1576" VPOS="1176" HEIGHT="68" WIDTH="116" STYLEREFS="Style_8" WC="0.936666666666667" CC="85"/>
					</TextLine>
					<TextLine ID="TL_1.2.6" HPOS="524" VPOS="1304" HEIGHT="92" WIDTH="1484">
						<String CONTENT="&quot;C" ID="St_1.2.6.1" HPOS="524" VPOS="1304" HEIGHT="80" WIDTH="124" STYLEREFS="Style_8" WC="0.777777777777778" CC="40"/>
						<String CONTENT="oll" ID="St_1.2.6.2" HPOS="652" VPOS="1308" HEIGHT="76" WIDTH="124" STYLEREFS="Style_8" WC="0.911111111111111" CC="000"/>
						<String CONTENT="atera" ID="St_1.2.6.3" HPOS="784" VPOS="1312" HEIGHT="72" WIDTH="256" STYLEREFS="Style_8" WC="0.955555555555556" CC="00000"/>
						<String CONTENT="l" ID="St_1.2.6.4" HPOS="1056" VPOS="1308" HEIGHT="72" WIDTH="32" STYLEREFS="Style_8" WC="0.958888888888889" CC="0"/>
						<SP ID="SP_1.2.6.5" HPOS="1068" VPOS="1304" WIDTH="40"/>
						<String CONTENT="r" ID="St_1.2.6.6" HPOS="1136" VPOS="1328" HEIGHT="52" WIDTH="48" STYLEREFS="Style_8" WC="0.965555555555556" CC="0"/>
						<String CONTENT="eading&quot;:" ID="St_1.2.6.7" HPOS="1188" VPOS="1304" HEIGHT="92" WIDTH="440" STYLEREFS="Style_9" WC="0.977777777777778" CC="00000000"/>
						<SP ID="SP_1.2.6.8" HPOS="1616" VPOS="1312" WIDTH="40"/>
						<String CONTENT="p." ID="St_1.2.6.9" HPOS="1688" VPOS="1324" HEIGHT="72" WIDTH="80" STYLEREFS="Style_9" WC="0.981111111111111" CC="00"/>
						<SP ID="SP_1.2.6.10" HPOS="1756" VPOS="1336" WIDTH="36"/>
						<String CONTENT="3-" ID="St_1.2.6.11" HPOS="1820" VPOS="1304" HEIGHT="80" WIDTH="108" STYLEREFS="Style_9" WC="0.983333333333333" CC="00"/>
						<String CONTENT="4" ID="St_1.2.6.12" HPOS="1932" VPOS="1316" HEIGHT="64" WIDTH="48" STYLEREFS="Style_10" WC="0.972222222222222" CC="3"/>
						<String CONTENT="." ID="St_1.2.6.13" HPOS="1996" VPOS="1364" HEIGHT="16" WIDTH="12" STYLEREFS="Style_10" WC="0.968888888888889" CC="1"/>
					</TextLine>
					<TextLine ID="TL_1.2.7" HPOS="396" VPOS="1428" HEIGHT="108" WIDTH="3804">
						<String CONTENT="&#x00A9;" ID="St_1.2.7.1" HPOS="396" VPOS="1428" HEIGHT="92" WIDTH="92" STYLEREFS="Style_10" WC="0.555555555555556" CC="4"/>
						<SP ID="SP_1.2.7.2" HPOS="440" VPOS="1428" WIDTH="88"/>
						<String CONTENT="Sept." ID="St_1.2.7.3" HPOS="568" VPOS="1444" HEIGHT="92" WIDTH="244" STYLEREFS="Style_10" WC="0.935555555555556" CC="00000"/>
						<SP ID="SP_1.2.7.4" HPOS="800" VPOS="1468" WIDTH="44"/>
						<String CONTENT="27," ID="St_1.2.7.5" HPOS="880" VPOS="1444" HEIGHT="92" WIDTH="136" STYLEREFS="Style_10" WC="0.958888888888889" CC="000"/>
						<SP ID="SP_1.2.7.6" HPOS="1000" VPOS="1468" WIDTH="48"/>
						<String CONTENT="1930;" ID="St_1.2.7.7" HPOS="1084" VPOS="1440" HEIGHT="92" WIDTH="272" STYLEREFS="Style_10" WC="0.946666666666667" CC="00400"/>
						<SP ID="SP_1.2.7.8" HPOS="1340" VPOS="1448" WIDTH="48"/>
						<String CONTENT="2c." ID="St_1.2.7.9" HPOS="1428" VPOS="1440" HEIGHT="80" WIDTH="124" STYLEREFS="Style_10" WC="0.956666666666667" CC="000"/>
						<SP ID="SP_1.2.7.10" HPOS="1544" VPOS="1468" WIDTH="44"/>
						<String CONTENT="and" ID="St_1.2.7.11" HPOS="1628" VPOS="1444" HEIGHT="76" WIDTH="184" STYLEREFS="Style_10" WC="0.964444444444444" CC="000"/>
						<SP ID="SP_1.2.7.12" HPOS="1780" VPOS="1440" WIDTH="68"/>
						<String CONTENT="aff." ID="St_1.2.7.13" HPOS="1884" VPOS="1440" HEIGHT="80" WIDTH="156" STYLEREFS="Style_10" WC="0.97" CC="0000"/>
						<SP ID="SP_1.2.7.14" HPOS="2028" VPOS="1468" WIDTH="48"/>
						<String CONTENT="Sept." ID="St_1.2.7.15" HPOS="2116" VPOS="1444" HEIGHT="88" WIDTH="244" STYLEREFS="Style_10" WC="0.974444444444444" CC="00000"/>
						<SP ID="SP_1.2.7.16" HPOS="2352" VPOS="1468" WIDTH="40"/>
						<String CONTENT="29;" ID="St_1.2.7.17" HPOS="2432" VPOS="1440" HEIGHT="88" WIDTH="156" STYLEREFS="Style_10" WC="0.977777777777778" CC="000"/>
						<SP ID="SP_1.2.7.18" HPOS="2576" VPOS="1448" WIDTH="48"/>
						<String CONTENT="A" ID="St_1.2.7.19" HPOS="2668" VPOS="1444" HEIGHT="72" WIDTH="80" STYLEREFS="Style_10" WC="0.977777777777778" CC="0"/>
						<SP ID="SP_1.2.7.20" HPOS="2704" VPOS="1440" WIDTH="72"/>
						<String CONTENT="27935;" ID="St_1.2.7.21" HPOS="2812" VPOS="1436" HEIGHT="92" WIDTH="328" STYLEREFS="Style_10" WC="0.981111111111111" CC="000000"/>
						<SP ID="SP_1.2.7.22" HPOS="3128" VPOS="1448" WIDTH="48"/>
						<String CONTENT="Amer." ID="St_1.2.7.23" HPOS="3220" VPOS="1440" HEIGHT="80" WIDTH="304" STYLEREFS="Style_10" WC="0.983333333333333" CC="00000"/>
						<SP ID="SP_1.2.7.24" HPOS="3512" VPOS="1468" WIDTH="48"/>
						<String CONTENT="institute" ID="St_1.2.7.25" HPOS="3600" VPOS="1440" HEIGHT="80" WIDTH="432" STYLEREFS="Style_10" WC="0.985555555555556" CC="000000000"/>
						<SP ID="SP_1.2.7.26" HPOS="4004" VPOS="1448" WIDTH="60"/>
						<String CONTENT="of" ID="St_1.2.7.27" HPOS="4104" VPOS="1444" HEIGHT="72" WIDTH="96" STYLEREFS="Style_11" WC="0.98" CC="31"/>
					</TextLine>
					<TextLine ID="TL_1.2.8" HPOS="520" VPOS="1544" HEIGHT="104" WIDTH="3500">
						<String CONTENT="banking," ID="St_1.2.8.1" HPOS="520" VPOS="1552" HEIGHT="92" WIDTH="428" STYLEREFS="Style_11" WC="1" CC="00000000"/>
						<SP ID="SP_1.2.8.2" HPOS="936" VPOS="1592" WIDTH="40"/>
						<String CONTENT="New" ID="St_1.2.8.3" HPOS="1008" VPOS="1552" HEIGHT="76" WIDTH="228" STYLEREFS="Style_11" WC="1" CC="000"/>
						<SP ID="SP_1.2.8.4" HPOS="1188" VPOS="1572" WIDTH="72"/>
						<String CONTENT="York." ID="St_1.2.8.5" HPOS="1284" VPOS="1552" HEIGHT="76" WIDTH="276" STYLEREFS="Style_11" WC="1" CC="00000"/>
						<SP ID="SP_1.2.8.6" HPOS="1548" VPOS="1592" WIDTH="76"/>
						<String CONTENT="(30-31276)" ID="St_1.2.8.7" HPOS="1696" VPOS="1552" HEIGHT="92" WIDTH="536" STYLEREFS="Style_11" WC="0.976666666666667" CC="0033000000"/>
						<SP ID="SP_1.2.8.8" HPOS="2216" VPOS="1552" WIDTH="1520"/>
						<String CONTENT="12698" ID="St_1.2.8.9" HPOS="3736" VPOS="1544" HEIGHT="84" WIDTH="284" STYLEREFS="Style_11" WC="0.803333333333333" CC="00000"/>
					</TextLine>
					<TextLine ID="TL_1.2.9" HPOS="380" VPOS="1732" HEIGHT="124" WIDTH="1000">
						<String CONTENT="Arabian" ID="St_1.2.9.1" HPOS="380" VPOS="1732" HEIGHT="104" WIDTH="500" STYLEREFS="Style_11" WC="1" CC="0000000"/>
						<SP ID="SP_1.2.9.2" HPOS="840" VPOS="1752" WIDTH="72"/>
						<String CONTENT="nights." ID="St_1.2.9.3" HPOS="948" VPOS="1736" HEIGHT="120" WIDTH="432" STYLEREFS="Style_11" WC="1" CC="0000000"/>
					</TextLine>
					<TextLine ID="TL_1.2.10" HPOS="508" VPOS="1880" HEIGHT="132" WIDTH="3688">
						<String CONTENT="The" ID="St_1.2.10.1" HPOS="508" VPOS="1880" HEIGHT="100" WIDTH="232" STYLEREFS="Style_11" WC="1" CC="000"/>
						<SP ID="SP_1.2.10.2" HPOS="712" VPOS="1896" WIDTH="64"/>
						<String CONTENT="book" ID="St_1.2.10.3" HPOS="812" VPOS="1880" HEIGHT="100" WIDTH="280" STYLEREFS="Style_11" WC="1" CC="0000"/>
						<SP ID="SP_1.2.10.4" HPOS="1052" VPOS="1880" WIDTH="72"/>
						<String CONTENT="of" ID="St_1.2.10.5" HPOS="1164" VPOS="1880" HEIGHT="100" WIDTH="124" STYLEREFS="Style_11" WC="1" CC="00"/>
						<SP ID="SP_1.2.10.6" HPOS="1260" VPOS="1880" WIDTH="60"/>
						<String CONTENT="the" ID="St_1.2.10.7" HPOS="1356" VPOS="1880" HEIGHT="100" WIDTH="184" STYLEREFS="Style_11" WC="1" CC="000"/>
						<SP ID="SP_1.2.10.8" HPOS="1512" VPOS="1896" WIDTH="60"/>
						<String CONTENT="thousand" ID="St_1.2.10.9" HPOS="1612" VPOS="1880" HEIGHT="100" WIDTH="544" STYLEREFS="Style_11" WC="1" CC="00000000"/>
						<SP ID="SP_1.2.10.10" HPOS="2120" VPOS="1880" WIDTH="72"/>
						<String CONTENT="nights" ID="St_1.2.10.11" HPOS="2228" VPOS="1880" HEIGHT="132" WIDTH="376" STYLEREFS="Style_11" WC="1" CC="000000"/>
						<SP ID="SP_1.2.10.12" HPOS="2576" VPOS="1896" WIDTH="64"/>
						<String CONTENT="and" ID="St_1.2.10.13" HPOS="2684" VPOS="1880" HEIGHT="100" WIDTH="212" STYLEREFS="Style_11" WC="1" CC="000"/>
						<SP ID="SP_1.2.10.14" HPOS="2856" VPOS="1880" WIDTH="76"/>
						<String CONTENT="one" ID="St_1.2.10.15" HPOS="2972" VPOS="1916" HEIGHT="64" WIDTH="200" STYLEREFS="Style_11" WC="1" CC="000"/>
						<SP ID="SP_1.2.10.16" HPOS="3140" VPOS="1896" WIDTH="64"/>
						<String CONTENT="night," ID="St_1.2.10.17" HPOS="3244" VPOS="1880" HEIGHT="132" WIDTH="356" STYLEREFS="Style_11" WC="1" CC="000000"/>
						<SP ID="SP_1.2.10.18" HPOS="3584" VPOS="1920" WIDTH="48"/>
						<String CONTENT="rendered" ID="St_1.2.10.19" HPOS="3672" VPOS="1880" HEIGHT="100" WIDTH="524" STYLEREFS="Style_11" WC="1" CC="00000000"/>
					</TextLine>
					<TextLine ID="TL_1.2.11" HPOS="380" VPOS="2024" HEIGHT="132" WIDTH="3812">
						<String CONTENT="from" ID="St_1.2.11.1" HPOS="380" VPOS="2032" HEIGHT="96" WIDTH="288" STYLEREFS="Style_11" WC="1" CC="0000"/>
						<SP ID="SP_1.2.11.2" HPOS="612" VPOS="2048" WIDTH="88"/>
						<String CONTENT="the" ID="St_1.2.11.3" HPOS="736" VPOS="2032" HEIGHT="96" WIDTH="180" STYLEREFS="Style_11" WC="1" CC="000"/>
						<SP ID="SP_1.2.11.4" HPOS="888" VPOS="2052" WIDTH="60"/>
						<String CONTENT="literal" ID="St_1.2.11.5" HPOS="984" VPOS="2028" HEIGHT="100" WIDTH="364" STYLEREFS="Style_11" WC="1" CC="0000000"/>
						<SP ID="SP_1.2.11.6" HPOS="1324" VPOS="2032" WIDTH="56"/>
						<String CONTENT="and" ID="St_1.2.11.7" HPOS="1420" VPOS="2032" HEIGHT="96" WIDTH="216" STYLEREFS="Style_11" WC="1" CC="000"/>
						<SP ID="SP_1.2.11.8" HPOS="1596" VPOS="2032" WIDTH="72"/>
						<String CONTENT="complete" ID="St_1.2.11.9" HPOS="1704" VPOS="2032" HEIGHT="124" WIDTH="528" STYLEREFS="Style_11" WC="1" CC="00000000"/>
						<SP ID="SP_1.2.11.10" HPOS="2204" VPOS="2048" WIDTH="56"/>
						<String CONTENT="version" ID="St_1.2.11.11" HPOS="2296" VPOS="2028" HEIGHT="100" WIDTH="428" STYLEREFS="Style_11" WC="1" CC="0000000"/>
						<SP ID="SP_1.2.11.12" HPOS="2684" VPOS="2048" WIDTH="68"/>
						<String CONTENT="of" ID="St_1.2.11.13" HPOS="2788" VPOS="2028" HEIGHT="100" WIDTH="128" STYLEREFS="Style_11" WC="1" CC="00"/>
						<SP ID="SP_1.2.11.14" HPOS="2884" VPOS="2032" WIDTH="60"/>
						<String CONTENT="Dr." ID="St_1.2.11.15" HPOS="2980" VPOS="2032" HEIGHT="96" WIDTH="192" STYLEREFS="Style_11" WC="1" CC="000"/>
						<SP ID="SP_1.2.11.16" HPOS="3160" VPOS="2072" WIDTH="48"/>
						<String CONTENT="J." ID="St_1.2.11.17" HPOS="3248" VPOS="2028" HEIGHT="104" WIDTH="108" STYLEREFS="Style_11" WC="1" CC="00"/>
						<SP ID="SP_1.2.11.18" HPOS="3340" VPOS="2072" WIDTH="52"/>
						<String CONTENT="C." ID="St_1.2.11.19" HPOS="3432" VPOS="2024" HEIGHT="108" WIDTH="116" STYLEREFS="Style_11" WC="1" CC="00"/>
						<SP ID="SP_1.2.11.20" HPOS="3532" VPOS="2072" WIDTH="48"/>
						<String CONTENT="Mardrus;" ID="St_1.2.11.21" HPOS="3620" VPOS="2028" HEIGHT="128" WIDTH="572" STYLEREFS="Style_11" WC="1" CC="00000000"/>
					</TextLine>
					<TextLine ID="TL_1.2.12" HPOS="376" VPOS="2176" HEIGHT="132" WIDTH="3820">
						<String CONTENT="and" ID="St_1.2.12.1" HPOS="376" VPOS="2180" HEIGHT="96" WIDTH="212" STYLEREFS="Style_11" WC="1" CC="000"/>
						<SP ID="SP_1.2.12.2" HPOS="552" VPOS="2176" WIDTH="68"/>
						<String CONTENT="collated" ID="St_1.2.12.3" HPOS="652" VPOS="2180" HEIGHT="96" WIDTH="464" STYLEREFS="Style_11" WC="1" CC="00000000"/>
						<SP ID="SP_1.2.12.4" HPOS="1076" VPOS="2176" WIDTH="72"/>
						<String CONTENT="with" ID="St_1.2.12.5" HPOS="1184" VPOS="2176" HEIGHT="100" WIDTH="268" STYLEREFS="Style_11" WC="1" CC="0000"/>
						<SP ID="SP_1.2.12.6" HPOS="1412" VPOS="2176" WIDTH="68"/>
						<String CONTENT="other" ID="St_1.2.12.7" HPOS="1512" VPOS="2180" HEIGHT="96" WIDTH="312" STYLEREFS="Style_11" WC="1" CC="00000"/>
						<SP ID="SP_1.2.12.8" HPOS="1792" VPOS="2196" WIDTH="60"/>
						<String CONTENT="sources;" ID="St_1.2.12.9" HPOS="1884" VPOS="2212" HEIGHT="92" WIDTH="476" STYLEREFS="Style_11" WC="1" CC="00000000"/>
						<SP ID="SP_1.2.12.10" HPOS="2344" VPOS="2192" WIDTH="48"/>
						<String CONTENT="by" ID="St_1.2.12.11" HPOS="2428" VPOS="2176" HEIGHT="132" WIDTH="140" STYLEREFS="Style_11" WC="1" CC="00"/>
						<SP ID="SP_1.2.12.12" HPOS="2532" VPOS="2192" WIDTH="64"/>
						<String CONTENT="E." ID="St_1.2.12.13" HPOS="2632" VPOS="2176" HEIGHT="100" WIDTH="128" STYLEREFS="Style_11" WC="1" CC="00"/>
						<SP ID="SP_1.2.12.14" HPOS="2748" VPOS="2216" WIDTH="40"/>
						<String CONTENT="Powys" ID="St_1.2.12.15" HPOS="2824" VPOS="2176" HEIGHT="132" WIDTH="396" STYLEREFS="Style_11" WC="1" CC="00000"/>
						<SP ID="SP_1.2.12.16" HPOS="3196" VPOS="2196" WIDTH="52"/>
						<String CONTENT="Mathers;" ID="St_1.2.12.17" HPOS="3280" VPOS="2176" HEIGHT="116" WIDTH="548" STYLEREFS="Style_11" WC="1" CC="00000000"/>
						<SP ID="SP_1.2.12.18" HPOS="3808" VPOS="2216" WIDTH="20"/>
						<String CONTENT="i" ID="St_1.2.12.19" HPOS="3900" VPOS="2176" HEIGHT="100" WIDTH="32" STYLEREFS="Style_11" WC="0.987777777777778" CC="3"/>
						<String CONTENT="l" ID="St_1.2.12.20" HPOS="3944" VPOS="2180" HEIGHT="96" WIDTH="36" STYLEREFS="Style_11" WC="0.981111111111111" CC="3"/>
						<String CONTENT="lus-" ID="St_1.2.12.21" HPOS="3988" VPOS="2180" HEIGHT="96" WIDTH="208" STYLEREFS="Style_11" WC="0.958888888888889" CC="3433"/>
					</TextLine>
					<TextLine ID="TL_1.2.13" HPOS="372" VPOS="2324" HEIGHT="136" WIDTH="3828">
						<String CONTENT="trations" ID="St_1.2.13.1" HPOS="372" VPOS="2328" HEIGHT="100" WIDTH="468" STYLEREFS="Style_11" WC="1" CC="00000000"/>
						<SP ID="SP_1.2.13.2" HPOS="812" VPOS="2344" WIDTH="64"/>
						<String CONTENT="from" ID="St_1.2.13.3" HPOS="916" VPOS="2324" HEIGHT="104" WIDTH="292" STYLEREFS="Style_11" WC="1" CC="0000"/>
						<SP ID="SP_1.2.13.4" HPOS="1152" VPOS="2344" WIDTH="92"/>
						<String CONTENT="drawings" ID="St_1.2.13.5" HPOS="1284" VPOS="2324" HEIGHT="132" WIDTH="556" STYLEREFS="Style_11" WC="1" CC="00000000"/>
						<SP ID="SP_1.2.13.6" HPOS="1812" VPOS="2344" WIDTH="60"/>
						<String CONTENT="by" ID="St_1.2.13.7" HPOS="1908" VPOS="2324" HEIGHT="132" WIDTH="148" STYLEREFS="Style_11" WC="1" CC="00"/>
						<SP ID="SP_1.2.13.8" HPOS="2016" VPOS="2344" WIDTH="72"/>
						<String CONTENT="Roderick" ID="St_1.2.13.9" HPOS="2128" VPOS="2324" HEIGHT="100" WIDTH="548" STYLEREFS="Style_11" WC="1" CC="00000000"/>
						<SP ID="SP_1.2.13.10" HPOS="2636" VPOS="2324" WIDTH="76"/>
						<String CONTENT="McRae" ID="St_1.2.13.11" HPOS="2748" VPOS="2324" HEIGHT="104" WIDTH="416" STYLEREFS="Style_11" WC="1" CC="00000"/>
						<SP ID="SP_1.2.13.12" HPOS="3132" VPOS="2344" WIDTH="72"/>
						<String CONTENT="&#x0085;" ID="St_1.2.13.13" HPOS="3248" VPOS="2336" HEIGHT="112" WIDTH="68" STYLEREFS="Style_11" WC="1" CC="0"/>
						<SP ID="SP_1.2.13.14" HPOS="3344" VPOS="2388" WIDTH="88"/>
						<String CONTENT="New" ID="St_1.2.13.15" HPOS="3512" VPOS="2328" HEIGHT="100" WIDTH="264" STYLEREFS="Style_11" WC="1" CC="000"/>
						<SP ID="SP_1.2.13.16" HPOS="3724" VPOS="2344" WIDTH="88"/>
						<String CONTENT="York," ID="St_1.2.13.17" HPOS="3856" VPOS="2328" HEIGHT="132" WIDTH="344" STYLEREFS="Style_11" WC="1" CC="00000"/>
					</TextLine>
					<TextLine ID="TL_1.2.14" HPOS="376" VPOS="2476" HEIGHT="132" WIDTH="1660">
						<String CONTENT="Dingwall-Rock," ID="St_1.2.14.1" HPOS="376" VPOS="2476" HEIGHT="132" WIDTH="948" STYLEREFS="Style_11" WC="1" CC="00000000000000"/>
						<SP ID="SP_1.2.14.2" HPOS="1308" VPOS="2520" WIDTH="48"/>
						<String CONTENT="ltd." ID="St_1.2.14.3" HPOS="1392" VPOS="2476" HEIGHT="100" WIDTH="196" STYLEREFS="Style_11" WC="1" CC="0000"/>
						<SP ID="SP_1.2.14.4" HPOS="1572" VPOS="2516" WIDTH="72"/>
						<String CONTENT="019301" ID="St_1.2.14.5" HPOS="1704" VPOS="2476" HEIGHT="124" WIDTH="332" STYLEREFS="Style_11" WC="0.935555555555556" CC="800007"/>
					</TextLine>
					<TextLine ID="TL_1.2.15" HPOS="508" VPOS="2628" HEIGHT="96" WIDTH="1440">
						<String CONTENT="8" ID="St_1.2.15.1" HPOS="508" VPOS="2636" HEIGHT="80" WIDTH="56" STYLEREFS="Style_11" WC="0.555555555555556" CC="4"/>
						<SP ID="SP_1.2.15.2" HPOS="532" VPOS="2628" WIDTH="56"/>
						<String CONTENT="v." ID="St_1.2.15.3" HPOS="612" VPOS="2656" HEIGHT="56" WIDTH="80" STYLEREFS="Style_11" WC="0.888888888888889" CC="00"/>
						<SP ID="SP_1.2.15.4" HPOS="680" VPOS="2656" WIDTH="68"/>
						<String CONTENT="fronts.," ID="St_1.2.15.5" HPOS="808" VPOS="2636" HEIGHT="88" WIDTH="364" STYLEREFS="Style_11" WC="0.965555555555556" CC="00000000"/>
						<SP ID="SP_1.2.15.6" HPOS="1160" VPOS="2656" WIDTH="40"/>
						<String CONTENT="plates." ID="St_1.2.15.7" HPOS="1228" VPOS="2636" HEIGHT="88" WIDTH="328" STYLEREFS="Style_11" WC="0.977777777777778" CC="0000000"/>
						<SP ID="SP_1.2.15.8" HPOS="1544" VPOS="2656" WIDTH="68"/>
						<String CONTENT="2" ID="St_1.2.15.9" HPOS="1668" VPOS="2632" HEIGHT="76" WIDTH="52" STYLEREFS="Style_11" WC="0.98" CC="0"/>
						<String CONTENT="3" ID="St_1.2.15.10" HPOS="1728" VPOS="2632" HEIGHT="76" WIDTH="48" STYLEREFS="Style_11" WC="0.981111111111111" CC="0"/>
						<String CONTENT="Z" ID="St_1.2.15.11" HPOS="1788" VPOS="2632" HEIGHT="92" WIDTH="44" STYLEREFS="Style_11" WC="0.946666666666667" CC="8"/>
						<String CONTENT="e" ID="St_1.2.15.12" HPOS="1836" VPOS="2636" HEIGHT="44" WIDTH="32" STYLEREFS="Style_12" WC="0.914444444444444" CC="8"/>
						<String CONTENT="." ID="St_1.2.15.13" HPOS="1920" VPOS="2656" HEIGHT="48" WIDTH="28" STYLEREFS="Style_12" WC="0.896666666666667" CC="5"/>
					</TextLine>
					<TextLine ID="TL_1.2.16" HPOS="512" VPOS="2764" HEIGHT="96" WIDTH="1588">
						<String CONTENT="&quot;" ID="St_1.2.16.1" HPOS="512" VPOS="2768" HEIGHT="36" WIDTH="48" STYLEREFS="Style_12" WC="0.555555555555556" CC="4"/>
						<String CONTENT="New" ID="St_1.2.16.2" HPOS="544" VPOS="2772" HEIGHT="76" WIDTH="244" STYLEREFS="Style_13" WC="0.888888888888889" CC="000"/>
						<SP ID="SP_1.2.16.3" HPOS="744" VPOS="2776" WIDTH="72"/>
						<String CONTENT="edition," ID="St_1.2.16.4" HPOS="844" VPOS="2768" HEIGHT="92" WIDTH="376" STYLEREFS="Style_13" WC="0.965555555555556" CC="00000000"/>
						<SP ID="SP_1.2.16.5" HPOS="1208" VPOS="2792" WIDTH="40"/>
						<String CONTENT="with" ID="St_1.2.16.6" HPOS="1276" VPOS="2768" HEIGHT="76" WIDTH="232" STYLEREFS="Style_13" WC="0.974444444444444" CC="0000"/>
						<SP ID="SP_1.2.16.7" HPOS="1472" VPOS="2764" WIDTH="64"/>
						<String CONTENT="revisions.&quot;" ID="St_1.2.16.8" HPOS="1564" VPOS="2764" HEIGHT="80" WIDTH="536" STYLEREFS="Style_13" WC="0.984444444444444" CC="00000000000"/>
					</TextLine>
					<TextLine ID="TL_1.2.17" HPOS="392" VPOS="2900" HEIGHT="96" WIDTH="3812">
						<String CONTENT="&#x00A9;" ID="St_1.2.17.1" HPOS="392" VPOS="2900" HEIGHT="92" WIDTH="92" STYLEREFS="Style_13" WC="0.444444444444444" CC="5"/>
						<SP ID="SP_1.2.17.2" HPOS="436" VPOS="2900" WIDTH="80"/>
						<String CONTENT="Oct." ID="St_1.2.17.3" HPOS="552" VPOS="2908" HEIGHT="76" WIDTH="196" STYLEREFS="Style_13" WC="0.906666666666667" CC="0000"/>
						<SP ID="SP_1.2.17.4" HPOS="732" VPOS="2940" WIDTH="44"/>
						<String CONTENT="27," ID="St_1.2.17.5" HPOS="808" VPOS="2908" HEIGHT="88" WIDTH="132" STYLEREFS="Style_13" WC="0.944444444444444" CC="000"/>
						<SP ID="SP_1.2.17.6" HPOS="928" VPOS="2936" WIDTH="40"/>
						<String CONTENT="193" ID="St_1.2.17.7" HPOS="1004" VPOS="2900" HEIGHT="80" WIDTH="160" STYLEREFS="Style_13" WC="0.96" CC="000"/>
						<String CONTENT="0" ID="St_1.2.17.8" HPOS="1172" VPOS="2900" HEIGHT="80" WIDTH="52" STYLEREFS="Style_13" WC="0.962222222222222" CC="0"/>
						<String CONTENT=";" ID="St_1.2.17.9" HPOS="1256" VPOS="2924" HEIGHT="68" WIDTH="16" STYLEREFS="Style_13" WC="0.964444444444444" CC="0"/>
						<SP ID="SP_1.2.17.10" HPOS="1260" VPOS="2916" WIDTH="40"/>
						<String CONTENT="2" ID="St_1.2.17.11" HPOS="1336" VPOS="2904" HEIGHT="72" WIDTH="48" STYLEREFS="Style_13" WC="0.968888888888889" CC="0"/>
						<String CONTENT="c" ID="St_1.2.17.12" HPOS="1396" VPOS="2924" HEIGHT="56" WIDTH="44" STYLEREFS="Style_13" WC="0.946666666666667" CC="4"/>
						<String CONTENT="." ID="St_1.2.17.13" HPOS="1452" VPOS="2964" HEIGHT="16" WIDTH="12" STYLEREFS="Style_13" WC="0.95" CC="0"/>
						<SP ID="SP_1.2.17.14" HPOS="1456" VPOS="2936" WIDTH="36"/>
						<String CONTENT="each" ID="St_1.2.17.15" HPOS="1528" VPOS="2904" HEIGHT="76" WIDTH="224" STYLEREFS="Style_13" WC="0.96" CC="0000"/>
						<SP ID="SP_1.2.17.16" HPOS="1720" VPOS="2904" WIDTH="60"/>
						<String CONTENT="an" ID="St_1.2.17.17" HPOS="1816" VPOS="2920" HEIGHT="56" WIDTH="124" STYLEREFS="Style_13" WC="0.963333333333333" CC="00"/>
						<String CONTENT="d" ID="St_1.2.17.18" HPOS="1948" VPOS="2908" HEIGHT="72" WIDTH="52" STYLEREFS="Style_13" WC="0.964444444444444" CC="0"/>
						<SP ID="SP_1.2.17.19" HPOS="1968" VPOS="2908" WIDTH="60"/>
						<String CONTENT="a" ID="St_1.2.17.20" HPOS="2064" VPOS="2920" HEIGHT="56" WIDTH="52" STYLEREFS="Style_13" WC="0.966666666666667" CC="0"/>
						<String CONTENT="f" ID="St_1.2.17.21" HPOS="2112" VPOS="2900" HEIGHT="76" WIDTH="56" STYLEREFS="Style_13" WC="0.967777777777778" CC="0"/>
						<String CONTENT="f" ID="St_1.2.17.22" HPOS="2152" VPOS="2900" HEIGHT="72" WIDTH="48" STYLEREFS="Style_13" WC="0.968888888888889" CC="0"/>
						<String CONTENT="s." ID="St_1.2.17.23" HPOS="2200" VPOS="2920" HEIGHT="60" WIDTH="72" STYLEREFS="Style_13" WC="0.971111111111111" CC="00"/>
						<SP ID="SP_1.2.17.24" HPOS="2260" VPOS="2936" WIDTH="44"/>
						<String CONTENT="O" ID="St_1.2.17.25" HPOS="2340" VPOS="2900" HEIGHT="80" WIDTH="68" STYLEREFS="Style_13" WC="0.972222222222222" CC="0"/>
						<String CONTENT="c" ID="St_1.2.17.26" HPOS="2420" VPOS="2920" HEIGHT="60" WIDTH="44" STYLEREFS="Style_13" WC="0.973333333333333" CC="0"/>
						<String CONTENT="t." ID="St_1.2.17.27" HPOS="2472" VPOS="2908" HEIGHT="72" WIDTH="60" STYLEREFS="Style_13" WC="0.974444444444444" CC="00"/>
						<SP ID="SP_1.2.17.28" HPOS="2520" VPOS="2936" WIDTH="40"/>
						<String CONTENT="3" ID="St_1.2.17.29" HPOS="2596" VPOS="2900" HEIGHT="80" WIDTH="48" STYLEREFS="Style_13" WC="0.975555555555556" CC="0"/>
						<String CONTENT="1;" ID="St_1.2.17.30" HPOS="2656" VPOS="2900" HEIGHT="92" WIDTH="100" STYLEREFS="Style_13" WC="0.976666666666667" CC="00"/>
						<SP ID="SP_1.2.17.31" HPOS="2744" VPOS="2912" WIDTH="44"/>
						<String CONTENT="A" ID="St_1.2.17.32" HPOS="2824" VPOS="2900" HEIGHT="76" WIDTH="76" STYLEREFS="Style_13" WC="0.977777777777778" CC="0"/>
						<SP ID="SP_1.2.17.33" HPOS="2856" VPOS="2904" WIDTH="72"/>
						<String CONTENT="3" ID="St_1.2.17.34" HPOS="2964" VPOS="2900" HEIGHT="80" WIDTH="56" STYLEREFS="Style_13" WC="0.978888888888889" CC="0"/>
						<String CONTENT="1" ID="St_1.2.17.35" HPOS="3020" VPOS="2904" HEIGHT="76" WIDTH="44" STYLEREFS="Style_13" WC="0.978888888888889" CC="0"/>
						<String CONTENT="124-" ID="St_1.2.17.36" HPOS="3076" VPOS="2900" HEIGHT="80" WIDTH="224" STYLEREFS="Style_13" WC="0.981111111111111" CC="0000"/>
						<String CONTENT="3" ID="St_1.2.17.37" HPOS="3300" VPOS="2904" HEIGHT="76" WIDTH="48" STYLEREFS="Style_13" WC="0.981111111111111" CC="0"/>
						<String CONTENT="11" ID="St_1.2.17.38" HPOS="3360" VPOS="2900" HEIGHT="80" WIDTH="100" STYLEREFS="Style_13" WC="0.981111111111111" CC="00"/>
						<String CONTENT="3" ID="St_1.2.17.39" HPOS="3468" VPOS="2904" HEIGHT="76" WIDTH="48" STYLEREFS="Style_13" WC="0.982222222222222" CC="0"/>
						<String CONTENT="1;" ID="St_1.2.17.40" HPOS="3528" VPOS="2904" HEIGHT="92" WIDTH="100" STYLEREFS="Style_13" WC="0.982222222222222" CC="00"/>
						<SP ID="SP_1.2.17.41" HPOS="3616" VPOS="2916" WIDTH="44"/>
						<String CONTENT="Dingwal" ID="St_1.2.17.42" HPOS="3700" VPOS="2908" HEIGHT="88" WIDTH="428" STYLEREFS="Style_13" WC="0.977777777777778" CC="4000000"/>
						<String CONTENT="l" ID="St_1.2.17.43" HPOS="4136" VPOS="2912" HEIGHT="72" WIDTH="32" STYLEREFS="Style_13" WC="0.977777777777778" CC="0"/>
						<String CONTENT="-" ID="St_1.2.17.44" HPOS="4172" VPOS="2948" HEIGHT="12" WIDTH="32" STYLEREFS="Style_13" WC="0.978888888888889" CC="0"/>
					</TextLine>
					<TextLine ID="TL_1.2.18" HPOS="520" VPOS="3008" HEIGHT="112" WIDTH="3504">
						<String CONTENT="R" ID="St_1.2.18.1" HPOS="520" VPOS="3016" HEIGHT="76" WIDTH="72" STYLEREFS="Style_13" WC="1" CC="0"/>
						<String CONTENT="o" ID="St_1.2.18.2" HPOS="604" VPOS="3036" HEIGHT="56" WIDTH="52" STYLEREFS="Style_13" WC="1" CC="0"/>
						<String CONTENT="c" ID="St_1.2.18.3" HPOS="660" VPOS="3036" HEIGHT="56" WIDTH="48" STYLEREFS="Style_13" WC="1" CC="0"/>
						<String CONTENT="k" ID="St_1.2.18.4" HPOS="712" VPOS="3016" HEIGHT="76" WIDTH="60" STYLEREFS="Style_13" WC="1" CC="0"/>
						<String CONTENT="," ID="St_1.2.18.5" HPOS="780" VPOS="3076" HEIGHT="32" WIDTH="16" STYLEREFS="Style_13" WC="1" CC="0"/>
						<SP ID="SP_1.2.18.6" HPOS="784" VPOS="3068" WIDTH="44"/>
						<String CONTENT="l" ID="St_1.2.18.7" HPOS="860" VPOS="3036" HEIGHT="76" WIDTH="28" STYLEREFS="Style_13" WC="0.935555555555556" CC="4"/>
						<String CONTENT="td." ID="St_1.2.18.8" HPOS="896" VPOS="3016" HEIGHT="76" WIDTH="124" STYLEREFS="Style_13" WC="0.955555555555556" CC="000"/>
						<SP ID="SP_1.2.18.9" HPOS="1008" VPOS="3068" WIDTH="80"/>
						<String CONTENT="(" ID="St_1.2.18.10" HPOS="1164" VPOS="3008" HEIGHT="96" WIDTH="28" STYLEREFS="Style_13" WC="0.962222222222222" CC="0"/>
						<String CONTENT="30" ID="St_1.2.18.11" HPOS="1204" VPOS="3012" HEIGHT="76" WIDTH="116" STYLEREFS="Style_13" WC="0.967777777777778" CC="00"/>
						<String CONTENT="-3" ID="St_1.2.18.12" HPOS="1320" VPOS="3016" HEIGHT="72" WIDTH="104" STYLEREFS="Style_13" WC="0.972222222222222" CC="00"/>
						<String CONTENT="12" ID="St_1.2.18.13" HPOS="1432" VPOS="3012" HEIGHT="76" WIDTH="108" STYLEREFS="Style_13" WC="0.974444444444444" CC="00"/>
						<String CONTENT="5" ID="St_1.2.18.14" HPOS="1536" VPOS="3036" HEIGHT="76" WIDTH="56" STYLEREFS="Style_13" WC="0.946666666666667" CC="5"/>
						<String CONTENT="6" ID="St_1.2.18.15" HPOS="1600" VPOS="3012" HEIGHT="72" WIDTH="52" STYLEREFS="Style_13" WC="0.95" CC="0"/>
						<String CONTENT=")" ID="St_1.2.18.16" HPOS="1672" VPOS="3008" HEIGHT="92" WIDTH="24" STYLEREFS="Style_13" WC="0.952222222222222" CC="0"/>
						<SP ID="SP_1.2.18.17" HPOS="1680" VPOS="3032" WIDTH="1704"/>
						<String CONTENT="12699-" ID="St_1.2.18.18" HPOS="3384" VPOS="3008" HEIGHT="84" WIDTH="348" STYLEREFS="Style_13" WC="0.763333333333333" CC="000000"/>
						<String CONTENT="1" ID="St_1.2.18.19" HPOS="3736" VPOS="3012" HEIGHT="80" WIDTH="48" STYLEREFS="Style_13" WC="0.767777777777778" CC="0"/>
						<String CONTENT="27" ID="St_1.2.18.20" HPOS="3800" VPOS="3012" HEIGHT="84" WIDTH="104" STYLEREFS="Style_13" WC="0.775555555555556" CC="00"/>
						<String CONTENT="0" ID="St_1.2.18.21" HPOS="3916" VPOS="3016" HEIGHT="76" WIDTH="48" STYLEREFS="Style_13" WC="0.778888888888889" CC="0"/>
						<String CONTENT="6" ID="St_1.2.18.22" HPOS="3976" VPOS="3016" HEIGHT="76" WIDTH="48" STYLEREFS="Style_13" WC="0.783333333333333" CC="0"/>
					</TextLine>
					<TextLine ID="TL_1.2.19" HPOS="384" VPOS="3192" HEIGHT="104" WIDTH="900">
						<String CONTENT="Arnaud." ID="St_1.2.19.1" HPOS="384" VPOS="3196" HEIGHT="100" WIDTH="492" STYLEREFS="Style_13" WC="1" CC="0000000"/>
						<SP ID="SP_1.2.19.2" HPOS="876" VPOS="3236" WIDTH="36"/>
						<String CONTENT="Ren" ID="St_1.2.19.3" HPOS="944" VPOS="3196" HEIGHT="100" WIDTH="236" STYLEREFS="Style_13" WC="1" CC="000"/>
						<String CONTENT="e" ID="St_1.2.19.4" HPOS="1192" VPOS="3192" HEIGHT="104" WIDTH="56" STYLEREFS="Style_14" WC="0.953333333333333" CC="5"/>
						<String CONTENT="," ID="St_1.2.19.5" HPOS="1260" VPOS="3276" HEIGHT="20" WIDTH="24" STYLEREFS="Style_14" WC="0.896666666666667" CC="7"/>
					</TextLine>
					<TextLine ID="TL_1.2.20" HPOS="580" VPOS="3336" HEIGHT="144" WIDTH="3624">
						<String CONTENT="&#x0085;" ID="St_1.2.20.1" HPOS="580" VPOS="3352" HEIGHT="108" WIDTH="68" STYLEREFS="Style_14" WC="1" CC="0"/>
						<SP ID="SP_1.2.20.2" HPOS="616" VPOS="3432" WIDTH="12"/>
						<String CONTENT="La" ID="St_1.2.20.3" HPOS="716" VPOS="3348" HEIGHT="100" WIDTH="152" STYLEREFS="Style_14" WC="0.916666666666667" CC="00"/>
						<SP ID="SP_1.2.20.4" HPOS="840" VPOS="3364" WIDTH="68"/>
						<String CONTENT="d" ID="St_1.2.20.5" HPOS="956" VPOS="3352" HEIGHT="96" WIDTH="56" STYLEREFS="Style_14" WC="0.851111111111111" CC="5"/>
						<String CONTENT="euxi" ID="St_1.2.20.6" HPOS="1032" VPOS="3344" HEIGHT="104" WIDTH="244" STYLEREFS="Style_14" WC="0.911111111111111" CC="0000"/>
						<String CONTENT="&#x00E8;" ID="St_1.2.20.7" HPOS="1284" VPOS="3344" HEIGHT="100" WIDTH="52" STYLEREFS="Style_14" WC="0.918888888888889" CC="0"/>
						<String CONTENT="me" ID="St_1.2.20.8" HPOS="1344" VPOS="3380" HEIGHT="68" WIDTH="164" STYLEREFS="Style_14" WC="0.931111111111111" CC="00"/>
						<SP ID="SP_1.2.20.9" HPOS="1476" VPOS="3360" WIDTH="68"/>
						<String CONTENT="r" ID="St_1.2.20.10" HPOS="1588" VPOS="3384" HEIGHT="60" WIDTH="52" STYLEREFS="Style_14" WC="0.94" CC="0"/>
						<String CONTENT="&#x00E9;" ID="St_1.2.20.11" HPOS="1640" VPOS="3344" HEIGHT="92" WIDTH="60" STYLEREFS="Style_14" WC="0.944444444444444" CC="0"/>
						<String CONTENT="pub" ID="St_1.2.20.12" HPOS="1708" VPOS="3344" HEIGHT="128" WIDTH="216" STYLEREFS="Style_14" WC="0.952222222222222" CC="000"/>
						<String CONTENT="l" ID="St_1.2.20.13" HPOS="1940" VPOS="3344" HEIGHT="100" WIDTH="24" STYLEREFS="Style_14" WC="0.927777777777778" CC="5"/>
						<String CONTENT="ique" ID="St_1.2.20.14" HPOS="1976" VPOS="3344" HEIGHT="132" WIDTH="248" STYLEREFS="Style_14" WC="0.938888888888889" CC="0000"/>
						<SP ID="SP_1.2.20.15" HPOS="2192" VPOS="3360" WIDTH="68"/>
						<String CONTENT="et" ID="St_1.2.20.16" HPOS="2296" VPOS="3356" HEIGHT="92" WIDTH="96" STYLEREFS="Style_14" WC="0.945555555555556" CC="00"/>
						<SP ID="SP_1.2.20.17" HPOS="2368" VPOS="3348" WIDTH="64"/>
						<String CONTENT="l" ID="St_1.2.20.18" HPOS="2516" VPOS="3384" HEIGHT="52" WIDTH="24" STYLEREFS="Style_14" WC="0.95" CC="0"/>
						<String CONTENT="e" ID="St_1.2.20.19" HPOS="2520" VPOS="3360" HEIGHT="72" WIDTH="44" STYLEREFS="Style_14" WC="0.936666666666667" CC="4"/>
						<SP ID="SP_1.2.20.20" HPOS="2540" VPOS="3360" WIDTH="68"/>
						<String CONTENT="secon" ID="St_1.2.20.21" HPOS="2636" VPOS="3352" HEIGHT="108" WIDTH="316" STYLEREFS="Style_14" WC="0.922222222222222" CC="01411"/>
						<String CONTENT="d" ID="St_1.2.20.22" HPOS="2964" VPOS="3348" HEIGHT="100" WIDTH="60" STYLEREFS="Style_14" WC="0.908888888888889" CC="5"/>
						<SP ID="SP_1.2.20.23" HPOS="2988" VPOS="3344" WIDTH="76"/>
						<String CONTENT="e" ID="St_1.2.20.24" HPOS="3112" VPOS="3360" HEIGHT="72" WIDTH="56" STYLEREFS="Style_14" WC="0.9" CC="4"/>
						<String CONTENT="inpir" ID="St_1.2.20.25" HPOS="3172" VPOS="3348" HEIGHT="128" WIDTH="288" STYLEREFS="Style_14" WC="0.865555555555556" CC="47331"/>
						<String CONTENT="e" ID="St_1.2.20.26" HPOS="3468" VPOS="3336" HEIGHT="104" WIDTH="56" STYLEREFS="Style_14" WC="0.861111111111111" CC="3"/>
						<String CONTENT="." ID="St_1.2.20.27" HPOS="3528" VPOS="3432" HEIGHT="20" WIDTH="24" STYLEREFS="Style_14" WC="0.862222222222222" CC="1"/>
						<SP ID="SP_1.2.20.28" HPOS="3536" VPOS="3384" WIDTH="52"/>
						<String CONTENT="p" ID="St_1.2.20.29" HPOS="3632" VPOS="3384" HEIGHT="96" WIDTH="68" STYLEREFS="Style_14" WC="0.863333333333333" CC="1"/>
						<String CONTENT="e" ID="St_1.2.20.30" HPOS="3708" VPOS="3340" HEIGHT="88" WIDTH="64" STYLEREFS="Style_14" WC="0.85" CC="7"/>
						<String CONTENT="r" ID="St_1.2.20.31" HPOS="3780" VPOS="3388" HEIGHT="52" WIDTH="52" STYLEREFS="Style_14" WC="0.851111111111111" CC="1"/>
						<SP ID="SP_1.2.20.32" HPOS="3800" VPOS="3364" WIDTH="72"/>
						<String CONTENT="Ren" ID="St_1.2.20.33" HPOS="3908" VPOS="3352" HEIGHT="100" WIDTH="232" STYLEREFS="Style_14" WC="0.846666666666667" CC="114"/>
						<String CONTENT="&#x00E9;" ID="St_1.2.20.34" HPOS="4148" VPOS="3352" HEIGHT="100" WIDTH="56" STYLEREFS="Style_14" WC="0.85" CC="0"/>
					</TextLine>
					<TextLine ID="TL_1.2.21" HPOS="388" VPOS="3492" HEIGHT="128" WIDTH="1972">
						<String CONTENT="Arnaud." ID="St_1.2.21.1" HPOS="388" VPOS="3496" HEIGHT="100" WIDTH="484" STYLEREFS="Style_14" WC="1" CC="0000000"/>
						<SP ID="SP_1.2.21.2" HPOS="860" VPOS="3536" WIDTH="84"/>
						<String CONTENT="Paris." ID="St_1.2.21.3" HPOS="1016" VPOS="3496" HEIGHT="104" WIDTH="352" STYLEREFS="Style_14" WC="1" CC="000000"/>
						<SP ID="SP_1.2.21.4" HPOS="1356" VPOS="3536" WIDTH="44"/>
						<String CONTENT="Hachette" ID="St_1.2.21.5" HPOS="1432" VPOS="3496" HEIGHT="100" WIDTH="540" STYLEREFS="Style_14" WC="0.98" CC="40000000"/>
						<SP ID="SP_1.2.21.6" HPOS="1944" VPOS="3512" WIDTH="60"/>
						<String CONTENT="11929]" ID="St_1.2.21.7" HPOS="2040" VPOS="3492" HEIGHT="128" WIDTH="320" STYLEREFS="Style_14" WC="0.917777777777778" CC="700047"/>
					</TextLine>
					<TextLine ID="TL_1.2.22" HPOS="516" VPOS="3640" HEIGHT="108" WIDTH="3520">
						<String CONTENT="3" ID="St_1.2.22.1" HPOS="516" VPOS="3652" HEIGHT="76" WIDTH="48" STYLEREFS="Style_14" WC="0.555555555555556" CC="4"/>
						<SP ID="SP_1.2.22.2" HPOS="540" VPOS="3644" WIDTH="52"/>
						<String CONTENT="p." ID="St_1.2.22.3" HPOS="616" VPOS="3672" HEIGHT="72" WIDTH="76" STYLEREFS="Style_14" WC="0.888888888888889" CC="00"/>
						<SP ID="SP_1.2.22.4" HPOS="684" VPOS="3676" WIDTH="32"/>
						<String CONTENT="i" ID="St_1.2.22.5" HPOS="748" VPOS="3648" HEIGHT="76" WIDTH="28" STYLEREFS="Style_14" WC="0.833333333333333" CC="5"/>
						<String CONTENT=".," ID="St_1.2.22.6" HPOS="788" VPOS="3712" HEIGHT="32" WIDTH="44" STYLEREFS="Style_14" WC="0.874444444444444" CC="00"/>
						<SP ID="SP_1.2.22.7" HPOS="820" VPOS="3676" WIDTH="52"/>
						<String CONTENT="1" ID="St_1.2.22.8" HPOS="892" VPOS="3688" HEIGHT="60" WIDTH="16" STYLEREFS="Style_14" WC="0.811111111111111" CC="8"/>
						<String CONTENT="5" ID="St_1.2.22.9" HPOS="916" VPOS="3652" HEIGHT="76" WIDTH="52" STYLEREFS="Style_14" WC="0.787777777777778" CC="4"/>
						<String CONTENT="1-" ID="St_1.2.22.10" HPOS="972" VPOS="3688" HEIGHT="56" WIDTH="84" STYLEREFS="Style_14" WC="0.76" CC="70"/>
						<String CONTENT="3" ID="St_1.2.22.11" HPOS="1060" VPOS="3652" HEIGHT="76" WIDTH="48" STYLEREFS="Style_14" WC="0.777777777777778" CC="0"/>
						<String CONTENT="4" ID="St_1.2.22.12" HPOS="1112" VPOS="3652" HEIGHT="72" WIDTH="56" STYLEREFS="Style_14" WC="0.792222222222222" CC="0"/>
						<String CONTENT="5" ID="St_1.2.22.13" HPOS="1176" VPOS="3652" HEIGHT="76" WIDTH="52" STYLEREFS="Style_14" WC="0.777777777777778" CC="4"/>
						<String CONTENT="," ID="St_1.2.22.14" HPOS="1232" VPOS="3712" HEIGHT="28" WIDTH="16" STYLEREFS="Style_14" WC="0.783333333333333" CC="1"/>
						<SP ID="SP_1.2.22.15" HPOS="1236" VPOS="3660" WIDTH="40"/>
						<String CONTENT="1]" ID="St_1.2.22.16" HPOS="1324" VPOS="3640" HEIGHT="92" WIDTH="80" STYLEREFS="Style_14" WC="0.75" CC="47"/>
						<SP ID="SP_1.2.22.17" HPOS="1400" VPOS="3664" WIDTH="40"/>
						<String CONTENT="p." ID="St_1.2.22.18" HPOS="1468" VPOS="3668" HEIGHT="72" WIDTH="80" STYLEREFS="Style_14" WC="0.782222222222222" CC="00"/>
						<SP ID="SP_1.2.22.19" HPOS="1536" VPOS="3676" WIDTH="68"/>
						<String CONTENT="2160." ID="St_1.2.22.20" HPOS="1664" VPOS="3648" HEIGHT="76" WIDTH="220" STYLEREFS="Style_15" WC="0.765555555555556" CC="00880"/>
						<SP ID="SP_1.2.22.21" HPOS="1876" VPOS="3676" WIDTH="76"/>
						<String CONTENT="(L&apos;histoire" ID="St_1.2.22.22" HPOS="2020" VPOS="3648" HEIGHT="92" WIDTH="544" STYLEREFS="Style_15" WC="0.812222222222222" CC="00400000040"/>
						<SP ID="SP_1.2.22.23" HPOS="2536" VPOS="3652" WIDTH="48"/>
						<String CONTENT="de" ID="St_1.2.22.24" HPOS="2612" VPOS="3652" HEIGHT="76" WIDTH="112" STYLEREFS="Style_15" WC="0.825555555555556" CC="00"/>
						<SP ID="SP_1.2.22.25" HPOS="2696" VPOS="3656" WIDTH="52"/>
						<String CONTENT="France" ID="St_1.2.22.26" HPOS="2772" VPOS="3652" HEIGHT="76" WIDTH="360" STYLEREFS="Style_15" WC="0.848888888888889" CC="000000"/>
						<SP ID="SP_1.2.22.27" HPOS="3104" VPOS="3656" WIDTH="56"/>
						<String CONTENT="racont" ID="St_1.2.22.28" HPOS="3188" VPOS="3656" HEIGHT="72" WIDTH="316" STYLEREFS="Style_15" WC="0.857777777777778" CC="000041"/>
						<String CONTENT="d" ID="St_1.2.22.29" HPOS="3516" VPOS="3652" HEIGHT="76" WIDTH="48" STYLEREFS="Style_15" WC="0.845555555555556" CC="8"/>
						<String CONTENT="e" ID="St_1.2.22.30" HPOS="3568" VPOS="3676" HEIGHT="52" WIDTH="48" STYLEREFS="Style_15" WC="0.84" CC="4"/>
						<SP ID="SP_1.2.22.31" HPOS="3588" VPOS="3656" WIDTH="52"/>
						<String CONTENT="a" ID="St_1.2.22.32" HPOS="3668" VPOS="3652" HEIGHT="76" WIDTH="56" STYLEREFS="Style_15" WC="0.834444444444444" CC="5"/>
						<SP ID="SP_1.2.22.33" HPOS="3692" VPOS="3644" WIDTH="56"/>
						<String CONTENT="tons)" ID="St_1.2.22.34" HPOS="3776" VPOS="3656" HEIGHT="88" WIDTH="260" STYLEREFS="Style_15" WC="0.838888888888889" CC="00411"/>
					</TextLine>
					<TextLine ID="TL_1.2.23" HPOS="392" VPOS="3780" HEIGHT="100" WIDTH="3488">
						<String CONTENT="&#x00A9;" ID="St_1.2.23.1" HPOS="392" VPOS="3780" HEIGHT="92" WIDTH="92" STYLEREFS="Style_15" WC="0.555555555555556" CC="4"/>
						<SP ID="SP_1.2.23.2" HPOS="436" VPOS="3780" WIDTH="76"/>
						<String CONTENT="July" ID="St_1.2.23.3" HPOS="540" VPOS="3788" HEIGHT="92" WIDTH="224" STYLEREFS="Style_15" WC="0.851111111111111" CC="3000"/>
						<SP ID="SP_1.2.23.4" HPOS="732" VPOS="3800" WIDTH="52"/>
						<String CONTENT="3," ID="St_1.2.23.5" HPOS="808" VPOS="3788" HEIGHT="92" WIDTH="76" STYLEREFS="Style_15" WC="0.901111111111111" CC="00"/>
						<SP ID="SP_1.2.23.6" HPOS="872" VPOS="3820" WIDTH="36"/>
						<String CONTENT="1929;" ID="St_1.2.23.7" HPOS="936" VPOS="3784" HEIGHT="92" WIDTH="268" STYLEREFS="Style_15" WC="0.94" CC="00000"/>
						<SP ID="SP_1.2.23.8" HPOS="1192" VPOS="3800" WIDTH="40"/>
						<String CONTENT="1c." ID="St_1.2.23.9" HPOS="1260" VPOS="3788" HEIGHT="76" WIDTH="124" STYLEREFS="Style_15" WC="0.888888888888889" CC="740"/>
						<SP ID="SP_1.2.23.10" HPOS="1376" VPOS="3820" WIDTH="36"/>
						<String CONTENT="Oct." ID="St_1.2.23.11" HPOS="1444" VPOS="3784" HEIGHT="80" WIDTH="196" STYLEREFS="Style_15" WC="0.911111111111111" CC="0000"/>
						<SP ID="SP_1.2.23.12" HPOS="1628" VPOS="3820" WIDTH="32"/>
						<String CONTENT="11;" ID="St_1.2.23.13" HPOS="1688" VPOS="3784" HEIGHT="88" WIDTH="160" STYLEREFS="Style_15" WC="0.924444444444444" CC="000"/>
						<SP ID="SP_1.2.23.14" HPOS="1832" VPOS="3796" WIDTH="40"/>
						<String CONTENT="A-Foreign" ID="St_1.2.23.15" HPOS="1900" VPOS="3784" HEIGHT="92" WIDTH="596" STYLEREFS="Style_15" WC="0.932222222222222" CC="004000000"/>
						<SP ID="SP_1.2.23.16" HPOS="2460" VPOS="3800" WIDTH="56"/>
						<String CONTENT="4779;" ID="St_1.2.23.17" HPOS="2544" VPOS="3784" HEIGHT="92" WIDTH="272" STYLEREFS="Style_15" WC="0.941111111111111" CC="00000"/>
						<SP ID="SP_1.2.23.18" HPOS="2800" VPOS="3800" WIDTH="40"/>
						<String CONTENT="Librairie" ID="St_1.2.23.19" HPOS="2872" VPOS="3784" HEIGHT="80" WIDTH="464" STYLEREFS="Style_15" WC="0.952222222222222" CC="000000000"/>
						<SP ID="SP_1.2.23.20" HPOS="3308" VPOS="3800" WIDTH="52"/>
						<String CONTENT="Hachette." ID="St_1.2.23.21" HPOS="3388" VPOS="3788" HEIGHT="80" WIDTH="492" STYLEREFS="Style_15" WC="0.952222222222222" CC="400000000"/>
					</TextLine>
					<TextLine ID="TL_1.2.24" HPOS="540" VPOS="3896" HEIGHT="108" WIDTH="3488">
						<String CONTENT="(29-22871)" ID="St_1.2.24.1" HPOS="540" VPOS="3896" HEIGHT="96" WIDTH="536" STYLEREFS="Style_15" WC="1" CC="0000000000"/>
						<SP ID="SP_1.2.24.2" HPOS="1060" VPOS="3912" WIDTH="2676"/>
						<String CONTENT="12707" ID="St_1.2.24.3" HPOS="3736" VPOS="3896" HEIGHT="84" WIDTH="292" STYLEREFS="Style_15" WC="0.673333333333333" CC="00000"/>
					</TextLine>
					<TextLine ID="TL_1.2.25" HPOS="384" VPOS="4076" HEIGHT="108" WIDTH="3684">
						<String CONTENT="Association" ID="St_1.2.25.1" HPOS="384" VPOS="4076" HEIGHT="104" WIDTH="708" STYLEREFS="Style_15" WC="1" CC="00000000000"/>
						<SP ID="SP_1.2.25.2" HPOS="1052" VPOS="4096" WIDTH="72"/>
						<String CONTENT="for" ID="St_1.2.25.3" HPOS="1164" VPOS="4076" HEIGHT="100" WIDTH="180" STYLEREFS="Style_15" WC="1" CC="000"/>
						<SP ID="SP_1.2.25.4" HPOS="1312" VPOS="4096" WIDTH="64"/>
						<String CONTENT="research" ID="St_1.2.25.5" HPOS="1408" VPOS="4076" HEIGHT="104" WIDTH="536" STYLEREFS="Style_15" WC="1" CC="00000000"/>
						<SP ID="SP_1.2.25.6" HPOS="1904" VPOS="4080" WIDTH="72"/>
						<String CONTENT="in" ID="St_1.2.25.7" HPOS="2008" VPOS="4076" HEIGHT="100" WIDTH="108" STYLEREFS="Style_15" WC="1" CC="00"/>
						<SP ID="SP_1.2.25.8" HPOS="2080" VPOS="4096" WIDTH="68"/>
						<String CONTENT="nervous" ID="St_1.2.25.9" HPOS="2188" VPOS="4108" HEIGHT="72" WIDTH="492" STYLEREFS="Style_15" WC="1" CC="0000000"/>
						<SP ID="SP_1.2.25.10" HPOS="2648" VPOS="4096" WIDTH="64"/>
						<String CONTENT="and" ID="St_1.2.25.11" HPOS="2748" VPOS="4080" HEIGHT="100" WIDTH="216" STYLEREFS="Style_15" WC="1" CC="000"/>
						<SP ID="SP_1.2.25.12" HPOS="2928" VPOS="4080" WIDTH="68"/>
						<String CONTENT="mental" ID="St_1.2.25.13" HPOS="3032" VPOS="4080" HEIGHT="100" WIDTH="428" STYLEREFS="Style_15" WC="1" CC="000000"/>
						<SP ID="SP_1.2.25.14" HPOS="3440" VPOS="4080" WIDTH="52"/>
						<String CONTENT="diseases." ID="St_1.2.25.15" HPOS="3528" VPOS="4080" HEIGHT="104" WIDTH="540" STYLEREFS="Style_15" WC="1" CC="000000000"/>
					</TextLine>
					<TextLine ID="TL_1.2.26" HPOS="584" VPOS="4224" HEIGHT="136" WIDTH="3612">
						<String CONTENT="&#x0085;" ID="St_1.2.26.1" HPOS="584" VPOS="4236" HEIGHT="104" WIDTH="60" STYLEREFS="Style_15" WC="1" CC="0"/>
						<SP ID="SP_1.2.26.2" HPOS="616" VPOS="4288" WIDTH="48"/>
						<String CONTENT="The." ID="St_1.2.26.3" HPOS="704" VPOS="4224" HEIGHT="104" WIDTH="252" STYLEREFS="Style_15" WC="1" CC="0000"/>
						<SP ID="SP_1.2.26.4" HPOS="952" VPOS="4264" WIDTH="32"/>
						<String CONTENT="vegetative" ID="St_1.2.26.5" HPOS="1008" VPOS="4224" HEIGHT="132" WIDTH="612" STYLEREFS="Style_15" WC="1" CC="0000000000"/>
						<SP ID="SP_1.2.26.6" HPOS="1588" VPOS="4240" WIDTH="64"/>
						<String CONTENT="nervous" ID="St_1.2.26.7" HPOS="1688" VPOS="4256" HEIGHT="68" WIDTH="464" STYLEREFS="Style_15" WC="1" CC="0000000"/>
						<SP ID="SP_1.2.26.8" HPOS="2124" VPOS="4240" WIDTH="64"/>
						<String CONTENT="system;" ID="St_1.2.26.9" HPOS="2224" VPOS="4236" HEIGHT="120" WIDTH="448" STYLEREFS="Style_15" WC="1" CC="0000000"/>
						<SP ID="SP_1.2.26.10" HPOS="2660" VPOS="4244" WIDTH="52"/>
						<String CONTENT="an" ID="St_1.2.26.11" HPOS="2756" VPOS="4260" HEIGHT="64" WIDTH="132" STYLEREFS="Style_15" WC="1" CC="00"/>
						<SP ID="SP_1.2.26.12" HPOS="2848" VPOS="4240" WIDTH="76"/>
						<String CONTENT="investigation" ID="St_1.2.26.13" HPOS="2968" VPOS="4228" HEIGHT="132" WIDTH="780" STYLEREFS="Style_15" WC="1" CC="0000000000000"/>
						<SP ID="SP_1.2.26.14" HPOS="3708" VPOS="4244" WIDTH="76"/>
						<String CONTENT="of" ID="St_1.2.26.15" HPOS="3824" VPOS="4232" HEIGHT="96" WIDTH="120" STYLEREFS="Style_15" WC="1" CC="00"/>
						<SP ID="SP_1.2.26.16" HPOS="3912" VPOS="4228" WIDTH="64"/>
						<String CONTENT="the" ID="St_1.2.26.17" HPOS="4016" VPOS="4236" HEIGHT="96" WIDTH="180" STYLEREFS="Style_15" WC="1" CC="000"/>
					</TextLine>
					<TextLine ID="TL_1.2.27" HPOS="380" VPOS="4372" HEIGHT="136" WIDTH="3816">
						<String CONTENT="most" ID="St_1.2.27.1" HPOS="380" VPOS="4388" HEIGHT="88" WIDTH="276" STYLEREFS="Style_15" WC="1" CC="0000"/>
						<SP ID="SP_1.2.27.2" HPOS="628" VPOS="4388" WIDTH="52"/>
						<String CONTENT="recent" ID="St_1.2.27.3" HPOS="704" VPOS="4388" HEIGHT="88" WIDTH="360" STYLEREFS="Style_15" WC="1" CC="000000"/>
						<SP ID="SP_1.2.27.4" HPOS="1040" VPOS="4388" WIDTH="48"/>
						<String CONTENT="advances;" ID="St_1.2.27.5" HPOS="1116" VPOS="4376" HEIGHT="132" WIDTH="584" STYLEREFS="Style_15" WC="1" CC="000000000"/>
						<SP ID="SP_1.2.27.6" HPOS="1684" VPOS="4392" WIDTH="40"/>
						<String CONTENT="the" ID="St_1.2.27.7" HPOS="1752" VPOS="4376" HEIGHT="100" WIDTH="188" STYLEREFS="Style_15" WC="1" CC="000"/>
						<SP ID="SP_1.2.27.8" HPOS="1912" VPOS="4392" WIDTH="52"/>
						<String CONTENT="proceedings" ID="St_1.2.27.9" HPOS="1992" VPOS="4372" HEIGHT="132" WIDTH="708" STYLEREFS="Style_15" WC="1" CC="00000000000"/>
						<SP ID="SP_1.2.27.10" HPOS="2672" VPOS="4392" WIDTH="52"/>
						<String CONTENT="of" ID="St_1.2.27.11" HPOS="2752" VPOS="4376" HEIGHT="104" WIDTH="120" STYLEREFS="Style_15" WC="1" CC="00"/>
						<SP ID="SP_1.2.27.12" HPOS="2840" VPOS="4376" WIDTH="52"/>
						<String CONTENT="the" ID="St_1.2.27.13" HPOS="2920" VPOS="4380" HEIGHT="96" WIDTH="188" STYLEREFS="Style_15" WC="1" CC="000"/>
						<SP ID="SP_1.2.27.14" HPOS="3072" VPOS="4392" WIDTH="56"/>
						<String CONTENT="Association." ID="St_1.2.27.15" HPOS="3152" VPOS="4376" HEIGHT="100" WIDTH="724" STYLEREFS="Style_15" WC="0.991111111111111" CC="000000000004"/>
						<SP ID="SP_1.2.27.16" HPOS="3868" VPOS="4416" WIDTH="36"/>
						<String CONTENT="New" ID="St_1.2.27.17" HPOS="3932" VPOS="4384" HEIGHT="100" WIDTH="264" STYLEREFS="Style_15" WC="0.992222222222222" CC="000"/>
					</TextLine>
					<TextLine ID="TL_1.2.28" HPOS="380" VPOS="4520" HEIGHT="136" WIDTH="3816">
						<String CONTENT="York," ID="St_1.2.28.1" HPOS="380" VPOS="4524" HEIGHT="132" WIDTH="344" STYLEREFS="Style_15" WC="1" CC="00000"/>
						<SP ID="SP_1.2.28.2" HPOS="708" VPOS="4568" WIDTH="40"/>
						<String CONTENT="December" ID="St_1.2.28.3" HPOS="776" VPOS="4524" HEIGHT="104" WIDTH="592" STYLEREFS="Style_15" WC="1" CC="00000000"/>
						<SP ID="SP_1.2.28.4" HPOS="1340" VPOS="4544" WIDTH="60"/>
						<String CONTENT="27th" ID="St_1.2.28.5" HPOS="1428" VPOS="4520" HEIGHT="104" WIDTH="256" STYLEREFS="Style_15" WC="1" CC="0000"/>
						<SP ID="SP_1.2.28.6" HPOS="1644" VPOS="4524" WIDTH="72"/>
						<String CONTENT="and" ID="St_1.2.28.7" HPOS="1748" VPOS="4524" HEIGHT="100" WIDTH="216" STYLEREFS="Style_15" WC="1" CC="000"/>
						<SP ID="SP_1.2.28.8" HPOS="1928" VPOS="4524" WIDTH="64"/>
						<String CONTENT="28th," ID="St_1.2.28.9" HPOS="2024" VPOS="4520" HEIGHT="124" WIDTH="288" STYLEREFS="Style_15" WC="1" CC="00000"/>
						<SP ID="SP_1.2.28.10" HPOS="2300" VPOS="4564" WIDTH="44"/>
						<String CONTENT="1928" ID="St_1.2.28.11" HPOS="2380" VPOS="4532" HEIGHT="92" WIDTH="252" STYLEREFS="Style_15" WC="1" CC="0000"/>
						<SP ID="SP_1.2.28.12" HPOS="2600" VPOS="4528" WIDTH="64"/>
						<String CONTENT="&#x0085;" ID="St_1.2.28.13" HPOS="2696" VPOS="4524" HEIGHT="112" WIDTH="60" STYLEREFS="Style_15" WC="1" CC="0"/>
						<SP ID="SP_1.2.28.14" HPOS="2800" VPOS="4588" WIDTH="44"/>
						<String CONTENT="with" ID="St_1.2.28.15" HPOS="2884" VPOS="4524" HEIGHT="100" WIDTH="264" STYLEREFS="Style_15" WC="1" CC="0000"/>
						<SP ID="SP_1.2.28.16" HPOS="3108" VPOS="4524" WIDTH="76"/>
						<String CONTENT="18" ID="St_1.2.28.17" HPOS="3224" VPOS="4532" HEIGHT="96" WIDTH="116" STYLEREFS="Style_15" WC="1" CC="00"/>
						<String CONTENT="5" ID="St_1.2.28.18" HPOS="3344" VPOS="4532" HEIGHT="88" WIDTH="56" STYLEREFS="Style_15" WC="0.986666666666667" CC="5"/>
						<SP ID="SP_1.2.28.19" HPOS="3376" VPOS="4532" WIDTH="56"/>
						<String CONTENT="i" ID="St_1.2.28.20" HPOS="3468" VPOS="4524" HEIGHT="100" WIDTH="36" STYLEREFS="Style_15" WC="0.987777777777778" CC="0"/>
						<String CONTENT="l" ID="St_1.2.28.21" HPOS="3516" VPOS="4528" HEIGHT="84" WIDTH="36" STYLEREFS="Style_15" WC="0.987777777777778" CC="0"/>
						<String CONTENT="l" ID="St_1.2.28.22" HPOS="3556" VPOS="4524" HEIGHT="92" WIDTH="36" STYLEREFS="Style_15" WC="0.976666666666667" CC="5"/>
						<String CONTENT="t" ID="St_1.2.28.23" HPOS="3592" VPOS="4524" HEIGHT="88" WIDTH="40" STYLEREFS="Style_15" WC="0.962222222222222" CC="7"/>
						<String CONTENT="strations" ID="St_1.2.28.24" HPOS="3676" VPOS="4532" HEIGHT="100" WIDTH="520" STYLEREFS="Style_15" WC="0.967777777777778" CC="000000000"/>
					</TextLine>
					<TextLine ID="TL_1.2.29" HPOS="380" VPOS="4668" HEIGHT="144" WIDTH="3816">
						<String CONTENT="and" ID="St_1.2.29.1" HPOS="380" VPOS="4676" HEIGHT="100" WIDTH="212" STYLEREFS="Style_15" WC="1" CC="000"/>
						<SP ID="SP_1.2.29.2" HPOS="556" VPOS="4672" WIDTH="64"/>
						<String CONTENT="19" ID="St_1.2.29.3" HPOS="652" VPOS="4680" HEIGHT="96" WIDTH="124" STYLEREFS="Style_15" WC="1" CC="00"/>
						<SP ID="SP_1.2.29.4" HPOS="744" VPOS="4672" WIDTH="60"/>
						<String CONTENT="tables." ID="St_1.2.29.5" HPOS="832" VPOS="4676" HEIGHT="96" WIDTH="372" STYLEREFS="Style_15" WC="1" CC="0000000"/>
						<SP ID="SP_1.2.29.6" HPOS="1192" VPOS="4708" WIDTH="80"/>
						<String CONTENT="Baltimore," ID="St_1.2.29.7" HPOS="1348" VPOS="4668" HEIGHT="132" WIDTH="640" STYLEREFS="Style_15" WC="1" CC="0000000000"/>
						<SP ID="SP_1.2.29.8" HPOS="1976" VPOS="4708" WIDTH="40"/>
						<String CONTENT="The" ID="St_1.2.29.9" HPOS="2048" VPOS="4676" HEIGHT="96" WIDTH="232" STYLEREFS="Style_15" WC="1" CC="000"/>
						<SP ID="SP_1.2.29.10" HPOS="2252" VPOS="4684" WIDTH="60"/>
						<String CONTENT="Williams" ID="St_1.2.29.11" HPOS="2332" VPOS="4668" HEIGHT="108" WIDTH="560" STYLEREFS="Style_15" WC="1" CC="00000000"/>
						<SP ID="SP_1.2.29.12" HPOS="2864" VPOS="4688" WIDTH="52"/>
						<String CONTENT="&amp;" ID="St_1.2.29.13" HPOS="2948" VPOS="4672" HEIGHT="92" WIDTH="84" STYLEREFS="Style_15" WC="0.988888888888889" CC="4"/>
						<SP ID="SP_1.2.29.14" HPOS="2988" VPOS="4672" WIDTH="72"/>
						<String CONTENT="Wilkins" ID="St_1.2.29.15" HPOS="3088" VPOS="4672" HEIGHT="104" WIDTH="480" STYLEREFS="Style_15" WC="0.99" CC="0000000"/>
						<SP ID="SP_1.2.29.16" HPOS="3544" VPOS="4688" WIDTH="52"/>
						<String CONTENT="company," ID="St_1.2.29.17" HPOS="3628" VPOS="4712" HEIGHT="100" WIDTH="568" STYLEREFS="Style_15" WC="0.983333333333333" CC="00000004"/>
					</TextLine>
					<TextLine ID="TL_1.2.30" HPOS="384" VPOS="4824" HEIGHT="100" WIDTH="280">
						<String CONTENT="1930." ID="St_1.2.30.1" HPOS="384" VPOS="4824" HEIGHT="100" WIDTH="280" STYLEREFS="Style_15" WC="1" CC="00000"/>
					</TextLine>
					<TextLine ID="TL_1.2.31" HPOS="512" VPOS="4960" HEIGHT="108" WIDTH="3692">
						<String CONTENT="xxxix," ID="St_1.2.31.1" HPOS="512" VPOS="4980" HEIGHT="88" WIDTH="324" STYLEREFS="Style_15" WC="1" CC="000000"/>
						<SP ID="SP_1.2.31.2" HPOS="824" VPOS="5000" WIDTH="40"/>
						<String CONTENT="832" ID="St_1.2.31.3" HPOS="896" VPOS="4976" HEIGHT="76" WIDTH="168" STYLEREFS="Style_15" WC="1" CC="000"/>
						<SP ID="SP_1.2.31.4" HPOS="1032" VPOS="4968" WIDTH="56"/>
						<String CONTENT="p." ID="St_1.2.31.5" HPOS="1116" VPOS="5000" HEIGHT="68" WIDTH="84" STYLEREFS="Style_15" WC="1" CC="00"/>
						<SP ID="SP_1.2.31.6" HPOS="1188" VPOS="5000" WIDTH="68"/>
						<String CONTENT="illus.," ID="St_1.2.31.7" HPOS="1312" VPOS="4976" HEIGHT="92" WIDTH="276" STYLEREFS="Style_15" WC="0.977777777777778" CC="0004000"/>
						<SP ID="SP_1.2.31.8" HPOS="1576" VPOS="5000" WIDTH="40"/>
						<String CONTENT="diagrs." ID="St_1.2.31.9" HPOS="1652" VPOS="4976" HEIGHT="92" WIDTH="344" STYLEREFS="Style_15" WC="0.984444444444444" CC="0000000"/>
						<SP ID="SP_1.2.31.10" HPOS="1984" VPOS="5000" WIDTH="68"/>
						<String CONTENT="23j-&apos;." ID="St_1.2.31.11" HPOS="2108" VPOS="4960" HEIGHT="108" WIDTH="280" STYLEREFS="Style_15" WC="0.906666666666667" CC="047780"/>
						<SP ID="SP_1.2.31.12" HPOS="2376" VPOS="5000" WIDTH="76"/>
						<String CONTENT="(I" ID="St_1.2.31.13" HPOS="2520" VPOS="4972" HEIGHT="96" WIDTH="100" STYLEREFS="Style_16" WC="0.914444444444444" CC="00"/>
						<String CONTENT="ts" ID="St_1.2.31.14" HPOS="2624" VPOS="4980" HEIGHT="72" WIDTH="88" STYLEREFS="Style_17" WC="0.917777777777778" CC="00"/>
						<SP ID="SP_1.2.31.15" HPOS="2684" VPOS="4984" WIDTH="56"/>
						<String CONTENT="Series" ID="St_1.2.31.16" HPOS="2776" VPOS="4976" HEIGHT="76" WIDTH="304" STYLEREFS="Style_17" WC="0.93" CC="000000"/>
						<SP ID="SP_1.2.31.17" HPOS="3056" VPOS="4980" WIDTH="52"/>
						<String CONTENT="of" ID="St_1.2.31.18" HPOS="3144" VPOS="4976" HEIGHT="76" WIDTH="100" STYLEREFS="Style_17" WC="0.934444444444444" CC="00"/>
						<SP ID="SP_1.2.31.19" HPOS="3220" VPOS="4968" WIDTH="52"/>
						<String CONTENT="research" ID="St_1.2.31.20" HPOS="3308" VPOS="4980" HEIGHT="76" WIDTH="428" STYLEREFS="Style_17" WC="0.944444444444444" CC="00000000"/>
						<SP ID="SP_1.2.31.21" HPOS="3704" VPOS="4972" WIDTH="60"/>
						<String CONTENT="p" ID="St_1.2.31.22" HPOS="3800" VPOS="5004" HEIGHT="60" WIDTH="56" STYLEREFS="Style_17" WC="0.938888888888889" CC="4"/>
						<String CONTENT="u" ID="St_1.2.31.23" HPOS="3864" VPOS="5004" HEIGHT="56" WIDTH="52" STYLEREFS="Style_17" WC="0.934444444444444" CC="3"/>
						<String CONTENT="b" ID="St_1.2.31.24" HPOS="3928" VPOS="4984" HEIGHT="76" WIDTH="52" STYLEREFS="Style_17" WC="0.93" CC="3"/>
						<String CONTENT="li" ID="St_1.2.31.25" HPOS="3988" VPOS="4984" HEIGHT="76" WIDTH="64" STYLEREFS="Style_17" WC="0.932222222222222" CC="00"/>
						<String CONTENT="ca-" ID="St_1.2.31.26" HPOS="4064" VPOS="5004" HEIGHT="56" WIDTH="140" STYLEREFS="Style_17" WC="0.928888888888889" CC="031"/>
					</TextLine>
					<TextLine ID="TL_1.2.32" HPOS="384" VPOS="5084" HEIGHT="96" WIDTH="1052">
						<String CONTENT="ti" ID="St_1.2.32.1" HPOS="384" VPOS="5084" HEIGHT="76" WIDTH="64" STYLEREFS="Style_17" WC="0.666666666666667" CC="33"/>
						<String CONTENT="ons," ID="St_1.2.32.2" HPOS="460" VPOS="5108" HEIGHT="68" WIDTH="188" STYLEREFS="Style_17" WC="0.888888888888889" CC="0000"/>
						<SP ID="SP_1.2.32.3" HPOS="636" VPOS="5108" WIDTH="40"/>
						<String CONTENT="vol." ID="St_1.2.32.4" HPOS="704" VPOS="5088" HEIGHT="76" WIDTH="180" STYLEREFS="Style_17" WC="0.938888888888889" CC="0000"/>
						<SP ID="SP_1.2.32.5" HPOS="872" VPOS="5108" WIDTH="40"/>
						<String CONTENT="ix" ID="St_1.2.32.6" HPOS="944" VPOS="5104" HEIGHT="56" WIDTH="100" STYLEREFS="Style_17" WC="0.888888888888889" CC="71"/>
						<SP ID="SP_1.2.32.7" HPOS="1012" VPOS="5088" WIDTH="64"/>
						<String CONTENT="19281)" ID="St_1.2.32.8" HPOS="1136" VPOS="5084" HEIGHT="96" WIDTH="300" STYLEREFS="Style_17" WC="0.82" CC="331381"/>
					</TextLine>
					<TextLine ID="TL_1.2.33" HPOS="516" VPOS="5188" HEIGHT="100" WIDTH="3684">
						<String CONTENT="Each" ID="St_1.2.33.1" HPOS="516" VPOS="5196" HEIGHT="76" WIDTH="256" STYLEREFS="Style_17" WC="1" CC="0000"/>
						<SP ID="SP_1.2.33.2" HPOS="740" VPOS="5188" WIDTH="72"/>
						<String CONTENT="section" ID="St_1.2.33.3" HPOS="852" VPOS="5192" HEIGHT="80" WIDTH="352" STYLEREFS="Style_17" WC="1" CC="0000000"/>
						<SP ID="SP_1.2.33.4" HPOS="1172" VPOS="5200" WIDTH="72"/>
						<String CONTENT="preceded" ID="St_1.2.33.5" HPOS="1284" VPOS="5192" HEIGHT="96" WIDTH="444" STYLEREFS="Style_17" WC="1" CC="00000000"/>
						<SP ID="SP_1.2.33.6" HPOS="1700" VPOS="5188" WIDTH="68"/>
						<String CONTENT="by" ID="St_1.2.33.7" HPOS="1808" VPOS="5192" HEIGHT="88" WIDTH="120" STYLEREFS="Style_17" WC="1" CC="00"/>
						<SP ID="SP_1.2.33.8" HPOS="1896" VPOS="5196" WIDTH="68"/>
						<String CONTENT="leaf" ID="St_1.2.33.9" HPOS="2004" VPOS="5192" HEIGHT="76" WIDTH="196" STYLEREFS="Style_17" WC="1" CC="0000"/>
						<SP ID="SP_1.2.33.10" HPOS="2176" VPOS="5188" WIDTH="64"/>
						<String CONTENT="with" ID="St_1.2.33.11" HPOS="2280" VPOS="5192" HEIGHT="76" WIDTH="228" STYLEREFS="Style_17" WC="1" CC="0000"/>
						<SP ID="SP_1.2.33.12" HPOS="2476" VPOS="5188" WIDTH="72"/>
						<String CONTENT="half-title" ID="St_1.2.33.13" HPOS="2588" VPOS="5192" HEIGHT="80" WIDTH="452" STYLEREFS="Style_17" WC="1" CC="0000000000"/>
						<SP ID="SP_1.2.33.14" HPOS="3012" VPOS="5200" WIDTH="64"/>
						<String CONTENT="not" ID="St_1.2.33.15" HPOS="3116" VPOS="5200" HEIGHT="72" WIDTH="164" STYLEREFS="Style_17" WC="1" CC="000"/>
						<SP ID="SP_1.2.33.16" HPOS="3256" VPOS="5192" WIDTH="60"/>
						<String CONTENT="included" ID="St_1.2.33.17" HPOS="3356" VPOS="5196" HEIGHT="80" WIDTH="432" STYLEREFS="Style_17" WC="1" CC="00000000"/>
						<SP ID="SP_1.2.33.18" HPOS="3756" VPOS="5192" WIDTH="68"/>
						<String CONTENT="in" ID="St_1.2.33.19" HPOS="3868" VPOS="5200" HEIGHT="76" WIDTH="96" STYLEREFS="Style_17" WC="1" CC="00"/>
						<SP ID="SP_1.2.33.20" HPOS="3928" VPOS="5200" WIDTH="76"/>
						<String CONTENT="the" ID="St_1.2.33.21" HPOS="4048" VPOS="5204" HEIGHT="76" WIDTH="152" STYLEREFS="Style_17" WC="1" CC="000"/>
					</TextLine>
					<TextLine ID="TL_1.2.34" HPOS="384" VPOS="5300" HEIGHT="96" WIDTH="356">
						<String CONTENT="paging." ID="St_1.2.34.1" HPOS="384" VPOS="5300" HEIGHT="96" WIDTH="356" STYLEREFS="Style_17" WC="1" CC="0000000"/>
					</TextLine>
					<TextLine ID="TL_1.2.35" HPOS="516" VPOS="5400" HEIGHT="100" WIDTH="1620">
						<String CONTENT="&quot;List" ID="St_1.2.35.1" HPOS="516" VPOS="5408" HEIGHT="84" WIDTH="256" STYLEREFS="Style_17" WC="1" CC="00000"/>
						<SP ID="SP_1.2.35.2" HPOS="752" VPOS="5404" WIDTH="48"/>
						<String CONTENT="of" ID="St_1.2.35.3" HPOS="824" VPOS="5408" HEIGHT="80" WIDTH="100" STYLEREFS="Style_17" WC="1" CC="00"/>
						<SP ID="SP_1.2.35.4" HPOS="900" VPOS="5400" WIDTH="44"/>
						<String CONTENT="members&quot;" ID="St_1.2.35.5" HPOS="968" VPOS="5408" HEIGHT="76" WIDTH="508" STYLEREFS="Style_17" WC="0.973333333333333" CC="00000004"/>
						<String CONTENT=":" ID="St_1.2.35.6" HPOS="1516" VPOS="5428" HEIGHT="56" WIDTH="16" STYLEREFS="Style_17" WC="0.974444444444444" CC="0"/>
						<SP ID="SP_1.2.35.7" HPOS="1520" VPOS="5412" WIDTH="36"/>
						<String CONTENT="p." ID="St_1.2.35.8" HPOS="1584" VPOS="5428" HEIGHT="72" WIDTH="84" STYLEREFS="Style_17" WC="0.977777777777778" CC="00"/>
						<SP ID="SP_1.2.35.9" HPOS="1656" VPOS="5432" WIDTH="40"/>
						<String CONTENT="821-832." ID="St_1.2.35.10" HPOS="1724" VPOS="5408" HEIGHT="76" WIDTH="412" STYLEREFS="Style_17" WC="0.984444444444444" CC="00000000"/>
					</TextLine>
					<TextLine ID="TL_1.2.36" HPOS="520" VPOS="5512" HEIGHT="100" WIDTH="2328">
						<String CONTENT="Bibliography" ID="St_1.2.36.1" HPOS="520" VPOS="5520" HEIGHT="92" WIDTH="668" STYLEREFS="Style_17" WC="1" CC="000000000000"/>
						<SP ID="SP_1.2.36.2" HPOS="1156" VPOS="5524" WIDTH="56"/>
						<String CONTENT="at" ID="St_1.2.36.3" HPOS="1236" VPOS="5520" HEIGHT="72" WIDTH="100" STYLEREFS="Style_17" WC="1" CC="00"/>
						<SP ID="SP_1.2.36.4" HPOS="1316" VPOS="5516" WIDTH="40"/>
						<String CONTENT="end" ID="St_1.2.36.5" HPOS="1380" VPOS="5520" HEIGHT="72" WIDTH="176" STYLEREFS="Style_17" WC="1" CC="000"/>
						<SP ID="SP_1.2.36.6" HPOS="1528" VPOS="5516" WIDTH="52"/>
						<String CONTENT="of" ID="St_1.2.36.7" HPOS="1604" VPOS="5516" HEIGHT="76" WIDTH="104" STYLEREFS="Style_17" WC="1" CC="00"/>
						<SP ID="SP_1.2.36.8" HPOS="1680" VPOS="5512" WIDTH="48"/>
						<String CONTENT="most" ID="St_1.2.36.9" HPOS="1748" VPOS="5520" HEIGHT="72" WIDTH="240" STYLEREFS="Style_17" WC="1" CC="0000"/>
						<SP ID="SP_1.2.36.10" HPOS="1968" VPOS="5512" WIDTH="44"/>
						<String CONTENT="of" ID="St_1.2.36.11" HPOS="2036" VPOS="5516" HEIGHT="76" WIDTH="100" STYLEREFS="Style_17" WC="1" CC="00"/>
						<SP ID="SP_1.2.36.12" HPOS="2108" VPOS="5512" WIDTH="48"/>
						<String CONTENT="the" ID="St_1.2.36.13" HPOS="2180" VPOS="5516" HEIGHT="76" WIDTH="156" STYLEREFS="Style_17" WC="1" CC="000"/>
						<SP ID="SP_1.2.36.14" HPOS="2308" VPOS="5520" WIDTH="52"/>
						<String CONTENT="chapters." ID="St_1.2.36.15" HPOS="2384" VPOS="5516" HEIGHT="92" WIDTH="464" STYLEREFS="Style_17" WC="1" CC="000000000"/>
					</TextLine>
					<TextLine ID="TL_1.2.37" HPOS="392" VPOS="5648" HEIGHT="100" WIDTH="3820">
						<String CONTENT="&#x00A9;" ID="St_1.2.37.1" HPOS="392" VPOS="5648" HEIGHT="96" WIDTH="96" STYLEREFS="Style_17" WC="0.555555555555556" CC="4"/>
						<SP ID="SP_1.2.37.2" HPOS="440" VPOS="5648" WIDTH="80"/>
						<String CONTENT="Oct." ID="St_1.2.37.3" HPOS="552" VPOS="5656" HEIGHT="76" WIDTH="192" STYLEREFS="Style_17" WC="0.925555555555556" CC="0000"/>
						<SP ID="SP_1.2.37.4" HPOS="736" VPOS="5688" WIDTH="36"/>
						<String CONTENT="30," ID="St_1.2.37.5" HPOS="800" VPOS="5652" HEIGHT="96" WIDTH="132" STYLEREFS="Style_17" WC="0.955555555555556" CC="000"/>
						<SP ID="SP_1.2.37.6" HPOS="920" VPOS="5688" WIDTH="40"/>
						<String CONTENT="1930;" ID="St_1.2.37.7" HPOS="992" VPOS="5652" HEIGHT="92" WIDTH="268" STYLEREFS="Style_17" WC="0.944444444444444" CC="00004"/>
						<SP ID="SP_1.2.37.8" HPOS="1248" VPOS="5664" WIDTH="44"/>
						<String CONTENT="2" ID="St_1.2.37.9" HPOS="1324" VPOS="5652" HEIGHT="80" WIDTH="48" STYLEREFS="Style_17" WC="0.918888888888889" CC="4"/>
						<String CONTENT="c." ID="St_1.2.37.10" HPOS="1376" VPOS="5672" HEIGHT="60" WIDTH="72" STYLEREFS="Style_17" WC="0.927777777777778" CC="00"/>
						<SP ID="SP_1.2.37.11" HPOS="1436" VPOS="5684" WIDTH="40"/>
						<String CONTENT="and" ID="St_1.2.37.12" HPOS="1504" VPOS="5652" HEIGHT="76" WIDTH="184" STYLEREFS="Style_17" WC="0.938888888888889" CC="000"/>
						<SP ID="SP_1.2.37.13" HPOS="1656" VPOS="5656" WIDTH="60"/>
						<String CONTENT="a" ID="St_1.2.37.14" HPOS="1748" VPOS="5664" HEIGHT="68" WIDTH="48" STYLEREFS="Style_17" WC="0.931111111111111" CC="3"/>
						<String CONTENT="l" ID="St_1.2.37.15" HPOS="1800" VPOS="5656" HEIGHT="76" WIDTH="64" STYLEREFS="Style_17" WC="0.916666666666667" CC="4"/>
						<String CONTENT="." ID="St_1.2.37.16" HPOS="1872" VPOS="5684" HEIGHT="48" WIDTH="20" STYLEREFS="Style_17" WC="0.9" CC="5"/>
						<SP ID="SP_1.2.37.17" HPOS="1844" VPOS="5656" WIDTH="80"/>
						<String CONTENT="N" ID="St_1.2.37.18" HPOS="1960" VPOS="5652" HEIGHT="72" WIDTH="80" STYLEREFS="Style_17" WC="0.906666666666667" CC="0"/>
						<String CONTENT="ov" ID="St_1.2.37.19" HPOS="2048" VPOS="5672" HEIGHT="56" WIDTH="112" STYLEREFS="Style_17" WC="0.912222222222222" CC="00"/>
						<String CONTENT="." ID="St_1.2.37.20" HPOS="2172" VPOS="5712" HEIGHT="16" WIDTH="12" STYLEREFS="Style_17" WC="0.915555555555556" CC="0"/>
						<SP ID="SP_1.2.37.21" HPOS="2172" VPOS="5684" WIDTH="40"/>
						<String CONTENT="5" ID="St_1.2.37.22" HPOS="2244" VPOS="5652" HEIGHT="72" WIDTH="44" STYLEREFS="Style_17" WC="0.92" CC="0"/>
						<String CONTENT=";" ID="St_1.2.37.23" HPOS="2324" VPOS="5672" HEIGHT="68" WIDTH="20" STYLEREFS="Style_17" WC="0.922222222222222" CC="0"/>
						<SP ID="SP_1.2.37.24" HPOS="2328" VPOS="5664" WIDTH="44"/>
						<String CONTENT="A" ID="St_1.2.37.25" HPOS="2404" VPOS="5652" HEIGHT="72" WIDTH="80" STYLEREFS="Style_17" WC="0.926666666666667" CC="0"/>
						<SP ID="SP_1.2.37.26" HPOS="2440" VPOS="5656" WIDTH="68"/>
						<String CONTENT="29826;" ID="St_1.2.37.27" HPOS="2532" VPOS="5648" HEIGHT="92" WIDTH="328" STYLEREFS="Style_17" WC="0.937777777777778" CC="000000"/>
						<SP ID="SP_1.2.37.28" HPOS="2848" VPOS="5664" WIDTH="44"/>
						<String CONTENT="Association" ID="St_1.2.37.29" HPOS="2928" VPOS="5652" HEIGHT="80" WIDTH="588" STYLEREFS="Style_17" WC="0.951111111111111" CC="00000000000"/>
						<SP ID="SP_1.2.37.30" HPOS="3480" VPOS="5668" WIDTH="60"/>
						<String CONTENT="for" ID="St_1.2.37.31" HPOS="3572" VPOS="5656" HEIGHT="80" WIDTH="152" STYLEREFS="Style_17" WC="0.954444444444444" CC="000"/>
						<SP ID="SP_1.2.37.32" HPOS="3696" VPOS="5668" WIDTH="52"/>
						<String CONTENT="research" ID="St_1.2.37.33" HPOS="3780" VPOS="5664" HEIGHT="72" WIDTH="432" STYLEREFS="Style_17" WC="0.96" CC="00000000"/>
					</TextLine>
					<TextLine ID="TL_1.2.38" HPOS="520" VPOS="5760" HEIGHT="112" WIDTH="3516">
						<String CONTENT="in" ID="St_1.2.38.1" HPOS="520" VPOS="5764" HEIGHT="76" WIDTH="96" STYLEREFS="Style_17" WC="1" CC="00"/>
						<SP ID="SP_1.2.38.2" HPOS="584" VPOS="5796" WIDTH="56"/>
						<String CONTENT="nervous" ID="St_1.2.38.3" HPOS="664" VPOS="5784" HEIGHT="56" WIDTH="404" STYLEREFS="Style_17" WC="1" CC="0000000"/>
						<SP ID="SP_1.2.38.4" HPOS="1040" VPOS="5796" WIDTH="52"/>
						<String CONTENT="&amp;" ID="St_1.2.38.5" HPOS="1116" VPOS="5784" HEIGHT="76" WIDTH="68" STYLEREFS="Style_17" WC="0.962222222222222" CC="4"/>
						<SP ID="SP_1.2.38.6" HPOS="1152" VPOS="5784" WIDTH="60"/>
						<String CONTENT="mental" ID="St_1.2.38.7" HPOS="1236" VPOS="5764" HEIGHT="76" WIDTH="348" STYLEREFS="Style_17" WC="0.975555555555556" CC="000000"/>
						<SP ID="SP_1.2.38.8" HPOS="1564" VPOS="5784" WIDTH="44"/>
						<String CONTENT="disease," ID="St_1.2.38.9" HPOS="1636" VPOS="5760" HEIGHT="100" WIDTH="388" STYLEREFS="Style_17" WC="0.967777777777778" CC="00004000"/>
						<SP ID="SP_1.2.38.10" HPOS="2012" VPOS="5812" WIDTH="40"/>
						<String CONTENT="New" ID="St_1.2.38.11" HPOS="2080" VPOS="5760" HEIGHT="76" WIDTH="224" STYLEREFS="Style_17" WC="0.972222222222222" CC="000"/>
						<SP ID="SP_1.2.38.12" HPOS="2260" VPOS="5792" WIDTH="68"/>
						<String CONTENT="York." ID="St_1.2.38.13" HPOS="2356" VPOS="5760" HEIGHT="76" WIDTH="276" STYLEREFS="Style_17" WC="0.975555555555556" CC="00000"/>
						<SP ID="SP_1.2.38.14" HPOS="2620" VPOS="5812" WIDTH="80"/>
						<String CONTENT="(30-313" ID="St_1.2.38.15" HPOS="2768" VPOS="5760" HEIGHT="92" WIDTH="372" STYLEREFS="Style_17" WC="0.98" CC="0000000"/>
						<String CONTENT="5" ID="St_1.2.38.16" HPOS="3152" VPOS="5760" HEIGHT="80" WIDTH="48" STYLEREFS="Style_17" WC="0.971111111111111" CC="4"/>
						<String CONTENT="3)" ID="St_1.2.38.17" HPOS="3204" VPOS="5764" HEIGHT="96" WIDTH="100" STYLEREFS="Style_17" WC="0.972222222222222" CC="00"/>
						<SP ID="SP_1.2.38.18" HPOS="3288" VPOS="5764" WIDTH="464"/>
						<String CONTENT="12708" ID="St_1.2.38.19" HPOS="3752" VPOS="5768" HEIGHT="80" WIDTH="284" STYLEREFS="Style_17" WC="0.926666666666667" CC="40000"/>
					</TextLine>
					<TextLine ID="TL_1.2.39" HPOS="380" VPOS="5940" HEIGHT="128" WIDTH="1648">
						<String CONTENT="Ballentine," ID="St_1.2.39.1" HPOS="380" VPOS="5948" HEIGHT="120" WIDTH="668" STYLEREFS="Style_17" WC="1" CC="00000000000"/>
						<SP ID="SP_1.2.39.2" HPOS="1032" VPOS="5984" WIDTH="44"/>
						<String CONTENT="James" ID="St_1.2.39.3" HPOS="1104" VPOS="5948" HEIGHT="100" WIDTH="388" STYLEREFS="Style_17" WC="1" CC="00000"/>
						<SP ID="SP_1.2.39.4" HPOS="1464" VPOS="5960" WIDTH="56"/>
						<String CONTENT="Arthur." ID="St_1.2.39.5" HPOS="1548" VPOS="5940" HEIGHT="108" WIDTH="480" STYLEREFS="Style_17" WC="1" CC="0000000"/>
					</TextLine>
					<TextLine ID="TL_1.2.40" HPOS="512" VPOS="6088" HEIGHT="136" WIDTH="3688">
						<String CONTENT="Law" ID="St_1.2.40.1" HPOS="512" VPOS="6096" HEIGHT="100" WIDTH="264" STYLEREFS="Style_17" WC="1" CC="000"/>
						<SP ID="SP_1.2.40.2" HPOS="724" VPOS="6108" WIDTH="84"/>
						<String CONTENT="dictionary" ID="St_1.2.40.3" HPOS="848" VPOS="6092" HEIGHT="132" WIDTH="620" STYLEREFS="Style_17" WC="1" CC="0000000000"/>
						<SP ID="SP_1.2.40.4" HPOS="1432" VPOS="6108" WIDTH="72"/>
						<String CONTENT="with" ID="St_1.2.40.5" HPOS="1540" VPOS="6092" HEIGHT="100" WIDTH="268" STYLEREFS="Style_17" WC="1" CC="0000"/>
						<SP ID="SP_1.2.40.6" HPOS="1768" VPOS="6088" WIDTH="76"/>
						<String CONTENT="pronunciations," ID="St_1.2.40.7" HPOS="1884" VPOS="6092" HEIGHT="128" WIDTH="928" STYLEREFS="Style_17" WC="1" CC="000000000000000"/>
						<SP ID="SP_1.2.40.8" HPOS="2800" VPOS="6128" WIDTH="44"/>
						<String CONTENT="by" ID="St_1.2.40.9" HPOS="2884" VPOS="6096" HEIGHT="128" WIDTH="144" STYLEREFS="Style_17" WC="1" CC="00"/>
						<SP ID="SP_1.2.40.10" HPOS="2992" VPOS="6108" WIDTH="72"/>
						<String CONTENT="James" ID="St_1.2.40.11" HPOS="3104" VPOS="6096" HEIGHT="104" WIDTH="372" STYLEREFS="Style_17" WC="1" CC="00000"/>
						<SP ID="SP_1.2.40.12" HPOS="3448" VPOS="6116" WIDTH="64"/>
						<String CONTENT="A." ID="St_1.2.40.13" HPOS="3552" VPOS="6100" HEIGHT="100" WIDTH="136" STYLEREFS="Style_17" WC="1" CC="00"/>
						<SP ID="SP_1.2.40.14" HPOS="3676" VPOS="6136" WIDTH="52"/>
						<String CONTENT="Ballen-" ID="St_1.2.40.15" HPOS="3768" VPOS="6104" HEIGHT="100" WIDTH="432" STYLEREFS="Style_17" WC="1" CC="0000000"/>
					</TextLine>
					<TextLine ID="TL_1.2.41" HPOS="380" VPOS="6240" HEIGHT="140" WIDTH="3820">
						<String CONTENT="t" ID="St_1.2.41.1" HPOS="380" VPOS="6252" HEIGHT="92" WIDTH="44" STYLEREFS="Style_17" WC="0.888888888888889" CC="1"/>
						<String CONTENT="i" ID="St_1.2.41.2" HPOS="432" VPOS="6240" HEIGHT="104" WIDTH="36" STYLEREFS="Style_17" WC="0.777777777777778" CC="3"/>
						<String CONTENT="ne" ID="St_1.2.41.3" HPOS="472" VPOS="6280" HEIGHT="64" WIDTH="132" STYLEREFS="Style_17" WC="0.888888888888889" CC="00"/>
						<SP ID="SP_1.2.41.4" HPOS="576" VPOS="6268" WIDTH="64"/>
						<String CONTENT="&#x0085;" ID="St_1.2.41.5" HPOS="684" VPOS="6244" HEIGHT="112" WIDTH="64" STYLEREFS="Style_17" WC="0.925555555555556" CC="0"/>
						<SP ID="SP_1.2.41.6" HPOS="768" VPOS="6308" WIDTH="88"/>
						<String CONTENT="Rochester." ID="St_1.2.41.7" HPOS="932" VPOS="6244" HEIGHT="100" WIDTH="616" STYLEREFS="Style_17" WC="0.941111111111111" CC="0000000005"/>
						<SP ID="SP_1.2.41.8" HPOS="1540" VPOS="6284" WIDTH="44"/>
						<String CONTENT="N." ID="St_1.2.41.9" HPOS="1616" VPOS="6240" HEIGHT="104" WIDTH="136" STYLEREFS="Style_17" WC="0.95" CC="00"/>
						<SP ID="SP_1.2.41.10" HPOS="1736" VPOS="6284" WIDTH="48"/>
						<String CONTENT="Y" ID="St_1.2.41.11" HPOS="1820" VPOS="6244" HEIGHT="100" WIDTH="108" STYLEREFS="Style_18" WC="0.954444444444444" CC="0"/>
						<String CONTENT=".," ID="St_1.2.41.12" HPOS="1936" VPOS="6320" HEIGHT="44" WIDTH="56" STYLEREFS="Style_19" WC="0.957777777777778" CC="00"/>
						<SP ID="SP_1.2.41.13" HPOS="1976" VPOS="6276" WIDTH="48"/>
						<String CONTENT="The" ID="St_1.2.41.14" HPOS="2052" VPOS="6244" HEIGHT="100" WIDTH="236" STYLEREFS="Style_19" WC="0.963333333333333" CC="000"/>
						<SP ID="SP_1.2.41.15" HPOS="2256" VPOS="6260" WIDTH="60"/>
						<String CONTENT="Lawyers" ID="St_1.2.41.16" HPOS="2348" VPOS="6240" HEIGHT="108" WIDTH="512" STYLEREFS="Style_19" WC="0.972222222222222" CC="0000000"/>
						<SP ID="SP_1.2.41.17" HPOS="2832" VPOS="6260" WIDTH="60"/>
						<String CONTENT="co-operative" ID="St_1.2.41.18" HPOS="2920" VPOS="6248" HEIGHT="124" WIDTH="732" STYLEREFS="Style_19" WC="0.978888888888889" CC="000000000000"/>
						<SP ID="SP_1.2.41.19" HPOS="3624" VPOS="6264" WIDTH="60"/>
						<String CONTENT="p&apos;ubliab-" ID="St_1.2.41.20" HPOS="3720" VPOS="6244" HEIGHT="136" WIDTH="480" STYLEREFS="Style_19" WC="0.914444444444444" CC="085511781"/>
					</TextLine>
					<TextLine ID="TL_1.2.42" HPOS="380" VPOS="6392" HEIGHT="136" WIDTH="1160">
						<String CONTENT="ing" ID="St_1.2.42.1" HPOS="380" VPOS="6392" HEIGHT="136" WIDTH="192" STYLEREFS="Style_19" WC="0.851111111111111" CC="400"/>
						<SP ID="SP_1.2.42.2" HPOS="532" VPOS="6416" WIDTH="68"/>
						<String CONTENT="company," ID="St_1.2.42.3" HPOS="628" VPOS="6428" HEIGHT="96" WIDTH="564" STYLEREFS="Style_19" WC="0.962222222222222" CC="00000000"/>
						<SP ID="SP_1.2.42.4" HPOS="1180" VPOS="6432" WIDTH="40"/>
						<String CONTENT="1930." ID="St_1.2.42.5" HPOS="1252" VPOS="6396" HEIGHT="96" WIDTH="288" STYLEREFS="Style_19" WC="0.974444444444444" CC="00000"/>
					</TextLine>
					<TextLine ID="TL_1.2.43" HPOS="516" VPOS="6540" HEIGHT="100" WIDTH="1684">
						<String CONTENT="xi," ID="St_1.2.43.1" HPOS="516" VPOS="6548" HEIGHT="88" WIDTH="124" STYLEREFS="Style_19" WC="1" CC="000"/>
						<SP ID="SP_1.2.43.2" HPOS="632" VPOS="6572" WIDTH="40"/>
						<String CONTENT="1494" ID="St_1.2.43.3" HPOS="700" VPOS="6548" HEIGHT="76" WIDTH="220" STYLEREFS="Style_19" WC="1" CC="0000"/>
						<SP ID="SP_1.2.43.4" HPOS="892" VPOS="6540" WIDTH="52"/>
						<String CONTENT="p." ID="St_1.2.43.5" HPOS="972" VPOS="6568" HEIGHT="72" WIDTH="84" STYLEREFS="Style_19" WC="1" CC="00"/>
						<SP ID="SP_1.2.43.6" HPOS="1048" VPOS="6572" WIDTH="68"/>
						<String CONTENT="front." ID="St_1.2.43.7" HPOS="1176" VPOS="6548" HEIGHT="76" WIDTH="288" STYLEREFS="Style_19" WC="1" CC="000000"/>
						<SP ID="SP_1.2.43.8" HPOS="1452" VPOS="6572" WIDTH="36"/>
						<String CONTENT="(p" ID="St_1.2.43.9" HPOS="1516" VPOS="6544" HEIGHT="92" WIDTH="108" STYLEREFS="Style_19" WC="1" CC="00"/>
						<String CONTENT="o" ID="St_1.2.43.10" HPOS="1628" VPOS="6564" HEIGHT="56" WIDTH="48" STYLEREFS="Style_19" WC="0.978888888888889" CC="4"/>
						<String CONTENT="rt.)" ID="St_1.2.43.11" HPOS="1688" VPOS="6544" HEIGHT="92" WIDTH="160" STYLEREFS="Style_19" WC="0.982222222222222" CC="0000"/>
						<SP ID="SP_1.2.43.12" HPOS="1832" VPOS="6540" WIDTH="80"/>
						<String CONTENT="26C0." ID="St_1.2.43.13" HPOS="1980" VPOS="6544" HEIGHT="76" WIDTH="220" STYLEREFS="Style_19" WC="0.916666666666667" CC="00884"/>
					</TextLine>
					<TextLine ID="TL_1.2.44" HPOS="524" VPOS="6640" HEIGHT="100" WIDTH="3676">
						<String CONTENT="&quot;P" ID="St_1.2.44.1" HPOS="524" VPOS="6660" HEIGHT="72" WIDTH="124" STYLEREFS="Style_19" WC="0.888888888888889" CC="11"/>
						<String CONTENT="o" ID="St_1.2.44.2" HPOS="660" VPOS="6676" HEIGHT="56" WIDTH="48" STYLEREFS="Style_19" WC="0.777777777777778" CC="4"/>
						<String CONTENT="cket" ID="St_1.2.44.3" HPOS="712" VPOS="6656" HEIGHT="76" WIDTH="208" STYLEREFS="Style_19" WC="0.904444444444445" CC="0000"/>
						<SP ID="SP_1.2.44.4" HPOS="900" VPOS="6652" WIDTH="56"/>
						<String CONTENT="device" ID="St_1.2.44.5" HPOS="992" VPOS="6656" HEIGHT="76" WIDTH="316" STYLEREFS="Style_19" WC="0.952222222222222" CC="000000"/>
						<SP ID="SP_1.2.44.6" HPOS="1280" VPOS="6660" WIDTH="64"/>
						<String CONTENT="in" ID="St_1.2.44.7" HPOS="1380" VPOS="6656" HEIGHT="72" WIDTH="96" STYLEREFS="Style_19" WC="0.96" CC="00"/>
						<SP ID="SP_1.2.44.8" HPOS="1444" VPOS="6660" WIDTH="64"/>
						<String CONTENT="the" ID="St_1.2.44.9" HPOS="1544" VPOS="6656" HEIGHT="76" WIDTH="160" STYLEREFS="Style_19" WC="0.967777777777778" CC="000"/>
						<SP ID="SP_1.2.44.10" HPOS="1676" VPOS="6656" WIDTH="60"/>
						<String CONTENT="inside" ID="St_1.2.44.11" HPOS="1772" VPOS="6652" HEIGHT="76" WIDTH="300" STYLEREFS="Style_19" WC="0.975555555555556" CC="000000"/>
						<SP ID="SP_1.2.44.12" HPOS="2044" VPOS="6656" WIDTH="60"/>
						<String CONTENT="back" ID="St_1.2.44.13" HPOS="2140" VPOS="6652" HEIGHT="76" WIDTH="240" STYLEREFS="Style_19" WC="0.978888888888889" CC="0000"/>
						<SP ID="SP_1.2.44.14" HPOS="2344" VPOS="6648" WIDTH="68"/>
						<String CONTENT="cover" ID="St_1.2.44.15" HPOS="2448" VPOS="6672" HEIGHT="56" WIDTH="272" STYLEREFS="Style_19" WC="0.982222222222222" CC="00000"/>
						<SP ID="SP_1.2.44.16" HPOS="2696" VPOS="6660" WIDTH="60"/>
						<String CONTENT="&#x0085;" ID="St_1.2.44.17" HPOS="2780" VPOS="6652" HEIGHT="88" WIDTH="52" STYLEREFS="Style_19" WC="0.983333333333333" CC="0"/>
						<SP ID="SP_1.2.44.18" HPOS="2868" VPOS="6696" WIDTH="52"/>
						<String CONTENT="will" ID="St_1.2.44.19" HPOS="2960" VPOS="6656" HEIGHT="76" WIDTH="192" STYLEREFS="Style_19" WC="0.984444444444444" CC="0000"/>
						<SP ID="SP_1.2.44.20" HPOS="3132" VPOS="6652" WIDTH="52"/>
						<String CONTENT="h" ID="St_1.2.44.21" HPOS="3224" VPOS="6660" HEIGHT="72" WIDTH="56" STYLEREFS="Style_19" WC="0.985555555555556" CC="0"/>
						<String CONTENT="o" ID="St_1.2.44.22" HPOS="3292" VPOS="6680" HEIGHT="48" WIDTH="44" STYLEREFS="Style_19" WC="0.976666666666667" CC="4"/>
						<String CONTENT="ld" ID="St_1.2.44.23" HPOS="3344" VPOS="6660" HEIGHT="72" WIDTH="96" STYLEREFS="Style_19" WC="0.977777777777778" CC="00"/>
						<SP ID="SP_1.2.44.24" HPOS="3408" VPOS="6652" WIDTH="68"/>
						<String CONTENT="a" ID="St_1.2.44.25" HPOS="3516" VPOS="6680" HEIGHT="52" WIDTH="44" STYLEREFS="Style_19" WC="0.978888888888889" CC="0"/>
						<SP ID="SP_1.2.44.26" HPOS="3536" VPOS="6660" WIDTH="64"/>
						<String CONTENT="c" ID="St_1.2.44.27" HPOS="3640" VPOS="6680" HEIGHT="60" WIDTH="44" STYLEREFS="Style_19" WC="0.978888888888889" CC="0"/>
						<String CONTENT="u" ID="St_1.2.44.28" HPOS="3696" VPOS="6684" HEIGHT="52" WIDTH="56" STYLEREFS="Style_19" WC="0.977777777777778" CC="1"/>
						<String CONTENT="m" ID="St_1.2.44.29" HPOS="3756" VPOS="6664" HEIGHT="64" WIDTH="84" STYLEREFS="Style_19" WC="0.97" CC="4"/>
						<String CONTENT="n" ID="St_1.2.44.30" HPOS="3820" VPOS="6684" HEIGHT="52" WIDTH="56" STYLEREFS="Style_19" WC="0.961111111111111" CC="5"/>
						<String CONTENT="ol" ID="St_1.2.44.31" HPOS="3840" VPOS="6640" HEIGHT="80" WIDTH="88" STYLEREFS="Style_19" WC="0.933333333333333" CC="88"/>
						<String CONTENT="." ID="St_1.2.44.32" HPOS="3972" VPOS="6684" HEIGHT="44" WIDTH="20" STYLEREFS="Style_19" WC="0.926666666666667" CC="4"/>
						<SP ID="SP_1.2.44.33" HPOS="3988" VPOS="6640" WIDTH="72"/>
						<String CONTENT="ir" ID="St_1.2.44.34" HPOS="4064" VPOS="6640" HEIGHT="100" WIDTH="80" STYLEREFS="Style_19" WC="0.908888888888889" CC="18"/>
						<String CONTENT="e" ID="St_1.2.44.35" HPOS="4152" VPOS="6664" HEIGHT="64" WIDTH="48" STYLEREFS="Style_19" WC="0.902222222222222" CC="5"/>
					</TextLine>
					<TextLine ID="TL_1.2.45" HPOS="388" VPOS="6752" HEIGHT="108" WIDTH="3816">
						<String CONTENT="supplement" ID="St_1.2.45.1" HPOS="388" VPOS="6768" HEIGHT="92" WIDTH="580" STYLEREFS="Style_19" WC="1" CC="0000000000"/>
						<SP ID="SP_1.2.45.2" HPOS="948" VPOS="6760" WIDTH="48"/>
						<String CONTENT="which" ID="St_1.2.45.3" HPOS="1024" VPOS="6764" HEIGHT="76" WIDTH="300" STYLEREFS="Style_19" WC="1" CC="00000"/>
						<SP ID="SP_1.2.45.4" HPOS="1292" VPOS="6756" WIDTH="64"/>
						<String CONTENT="will" ID="St_1.2.45.5" HPOS="1392" VPOS="6760" HEIGHT="76" WIDTH="184" STYLEREFS="Style_19" WC="0.977777777777778" CC="4000"/>
						<SP ID="SP_1.2.45.6" HPOS="1560" VPOS="6756" WIDTH="48"/>
						<String CONTENT="be" ID="St_1.2.45.7" HPOS="1636" VPOS="6764" HEIGHT="72" WIDTH="108" STYLEREFS="Style_19" WC="0.981111111111111" CC="00"/>
						<SP ID="SP_1.2.45.8" HPOS="1716" VPOS="6764" WIDTH="56"/>
						<String CONTENT="issued" ID="St_1.2.45.9" HPOS="1800" VPOS="6760" HEIGHT="76" WIDTH="312" STYLEREFS="Style_19" WC="0.985555555555556" CC="000000"/>
						<SP ID="SP_1.2.45.10" HPOS="2080" VPOS="6756" WIDTH="60"/>
						<String CONTENT="from" ID="St_1.2.45.11" HPOS="2172" VPOS="6760" HEIGHT="76" WIDTH="244" STYLEREFS="Style_19" WC="0.986666666666667" CC="0000"/>
						<SP ID="SP_1.2.45.12" HPOS="2368" VPOS="6764" WIDTH="80"/>
						<String CONTENT="time" ID="St_1.2.45.13" HPOS="2476" VPOS="6760" HEIGHT="76" WIDTH="224" STYLEREFS="Style_19" WC="0.988888888888889" CC="0000"/>
						<SP ID="SP_1.2.45.14" HPOS="2672" VPOS="6764" WIDTH="60"/>
						<String CONTENT="to" ID="St_1.2.45.15" HPOS="2760" VPOS="6768" HEIGHT="72" WIDTH="88" STYLEREFS="Style_19" WC="0.988888888888889" CC="00"/>
						<SP ID="SP_1.2.45.16" HPOS="2820" VPOS="6772" WIDTH="60"/>
						<String CONTENT="tim" ID="St_1.2.45.17" HPOS="2916" VPOS="6764" HEIGHT="76" WIDTH="160" STYLEREFS="Style_19" WC="0.981111111111111" CC="004"/>
						<String CONTENT="e" ID="St_1.2.45.18" HPOS="3084" VPOS="6784" HEIGHT="56" WIDTH="44" STYLEREFS="Style_19" WC="0.978888888888889" CC="1"/>
						<String CONTENT=":&apos;-" ID="St_1.2.45.19" HPOS="3180" VPOS="6752" HEIGHT="76" WIDTH="80" STYLEREFS="Style_19" WC="0.94" CC="784"/>
						<String CONTENT="-" ID="St_1.2.45.20" HPOS="3264" VPOS="6812" HEIGHT="4" WIDTH="4" STYLEREFS="Style_19" WC="0.925555555555556" CC="7"/>
						<String CONTENT="P" ID="St_1.2.45.21" HPOS="3336" VPOS="6768" HEIGHT="72" WIDTH="72" STYLEREFS="Style_19" WC="0.918888888888889" CC="4"/>
						<String CONTENT="u" ID="St_1.2.45.22" HPOS="3420" VPOS="6788" HEIGHT="56" WIDTH="48" STYLEREFS="Style_19" WC="0.918888888888889" CC="1"/>
						<String CONTENT="blish" ID="St_1.2.45.23" HPOS="3480" VPOS="6768" HEIGHT="76" WIDTH="240" STYLEREFS="Style_19" WC="0.912222222222222" CC="31111"/>
						<String CONTENT="e" ID="St_1.2.45.24" HPOS="3732" VPOS="6792" HEIGHT="52" WIDTH="44" STYLEREFS="Style_19" WC="0.908888888888889" CC="3"/>
						<String CONTENT="r&apos;1" ID="St_1.2.45.25" HPOS="3784" VPOS="6772" HEIGHT="76" WIDTH="204" STYLEREFS="Style_19" WC="0.886666666666667" CC="177"/>
						<SP ID="SP_1.2.45.26" HPOS="3868" VPOS="6760" WIDTH="128"/>
						<String CONTENT="&quot;." ID="St_1.2.45.27" HPOS="4068" VPOS="6780" HEIGHT="60" WIDTH="136" STYLEREFS="Style_19" WC="0.872222222222222" CC="74"/>
					</TextLine>
					<TextLine ID="TL_1.2.46" HPOS="400" VPOS="6892" HEIGHT="112" WIDTH="3816">
						<String CONTENT="&#x00A9;" ID="St_1.2.46.1" HPOS="400" VPOS="6892" HEIGHT="92" WIDTH="92" STYLEREFS="Style_19" WC="0.555555555555556" CC="4"/>
						<SP ID="SP_1.2.46.2" HPOS="444" VPOS="6892" WIDTH="84"/>
						<String CONTENT="Nov." ID="St_1.2.46.3" HPOS="556" VPOS="6900" HEIGHT="80" WIDTH="220" STYLEREFS="Style_19" WC="0.925555555555556" CC="0000"/>
						<SP ID="SP_1.2.46.4" HPOS="768" VPOS="6932" WIDTH="36"/>
						<String CONTENT="12," ID="St_1.2.46.5" HPOS="840" VPOS="6900" HEIGHT="92" WIDTH="132" STYLEREFS="Style_19" WC="0.955555555555556" CC="000"/>
						<SP ID="SP_1.2.46.6" HPOS="960" VPOS="6932" WIDTH="44"/>
						<String CONTENT="1930;" ID="St_1.2.46.7" HPOS="1032" VPOS="6896" HEIGHT="84" WIDTH="268" STYLEREFS="Style_19" WC="0.944444444444444" CC="04000"/>
						<SP ID="SP_1.2.46.8" HPOS="1288" VPOS="6912" WIDTH="40"/>
						<String CONTENT="2" ID="St_1.2.46.9" HPOS="1364" VPOS="6896" HEIGHT="72" WIDTH="48" STYLEREFS="Style_19" WC="0.925555555555556" CC="4"/>
						<String CONTENT="c." ID="St_1.2.46.10" HPOS="1420" VPOS="6912" HEIGHT="64" WIDTH="72" STYLEREFS="Style_19" WC="0.911111111111111" CC="40"/>
						<SP ID="SP_1.2.46.11" HPOS="1480" VPOS="6932" WIDTH="44"/>
						<String CONTENT="Nov." ID="St_1.2.46.12" HPOS="1552" VPOS="6896" HEIGHT="76" WIDTH="224" STYLEREFS="Style_19" WC="0.928888888888889" CC="0000"/>
						<SP ID="SP_1.2.46.13" HPOS="1764" VPOS="6928" WIDTH="40"/>
						<String CONTENT="13;" ID="St_1.2.46.14" HPOS="1840" VPOS="6896" HEIGHT="88" WIDTH="156" STYLEREFS="Style_19" WC="0.937777777777778" CC="000"/>
						<SP ID="SP_1.2.46.15" HPOS="1984" VPOS="6908" WIDTH="44"/>
						<String CONTENT="aff." ID="St_1.2.46.16" HPOS="2064" VPOS="6892" HEIGHT="80" WIDTH="156" STYLEREFS="Style_19" WC="0.946666666666667" CC="0000"/>
						<SP ID="SP_1.2.46.17" HPOS="2208" VPOS="6928" WIDTH="40"/>
						<String CONTENT="Nov." ID="St_1.2.46.18" HPOS="2276" VPOS="6896" HEIGHT="76" WIDTH="228" STYLEREFS="Style_19" WC="0.953333333333333" CC="0000"/>
						<SP ID="SP_1.2.46.19" HPOS="2496" VPOS="6928" WIDTH="36"/>
						<String CONTENT="14;" ID="St_1.2.46.20" HPOS="2564" VPOS="6896" HEIGHT="88" WIDTH="160" STYLEREFS="Style_19" WC="0.957777777777778" CC="000"/>
						<SP ID="SP_1.2.46.21" HPOS="2712" VPOS="6908" WIDTH="44"/>
						<String CONTENT="A" ID="St_1.2.46.22" HPOS="2788" VPOS="6896" HEIGHT="76" WIDTH="80" STYLEREFS="Style_19" WC="0.96" CC="0"/>
						<SP ID="SP_1.2.46.23" HPOS="2824" VPOS="6900" WIDTH="72"/>
						<String CONTENT="30617;" ID="St_1.2.46.24" HPOS="2928" VPOS="6896" HEIGHT="92" WIDTH="328" STYLEREFS="Style_19" WC="0.965555555555556" CC="000000"/>
						<SP ID="SP_1.2.46.25" HPOS="3240" VPOS="6912" WIDTH="44"/>
						<String CONTENT="Lawyers" ID="St_1.2.46.26" HPOS="3320" VPOS="6900" HEIGHT="96" WIDTH="436" STYLEREFS="Style_19" WC="0.97" CC="0000000"/>
						<SP ID="SP_1.2.46.27" HPOS="3732" VPOS="6916" WIDTH="52"/>
						<String CONTENT="co-oper-" ID="St_1.2.46.28" HPOS="3820" VPOS="6928" HEIGHT="76" WIDTH="396" STYLEREFS="Style_19" WC="0.973333333333333" CC="00000000"/>
					</TextLine>
					<TextLine ID="TL_1.2.47" HPOS="532" VPOS="7004" HEIGHT="108" WIDTH="3504">
						<String CONTENT="ative" ID="St_1.2.47.1" HPOS="532" VPOS="7008" HEIGHT="80" WIDTH="252" STYLEREFS="Style_19" WC="1" CC="00000"/>
						<SP ID="SP_1.2.47.2" HPOS="756" VPOS="7040" WIDTH="52"/>
						<String CONTENT="pub." ID="St_1.2.47.3" HPOS="832" VPOS="7008" HEIGHT="100" WIDTH="204" STYLEREFS="Style_19" WC="0.955555555555556" CC="0004"/>
						<SP ID="SP_1.2.47.4" HPOS="1028" VPOS="7060" WIDTH="36"/>
						<String CONTENT="co." ID="St_1.2.47.5" HPOS="1092" VPOS="7028" HEIGHT="56" WIDTH="124" STYLEREFS="Style_19" WC="0.967777777777778" CC="000"/>
						<SP ID="SP_1.2.47.6" HPOS="1208" VPOS="7060" WIDTH="76"/>
						<String CONTENT="(30-31277)" ID="St_1.2.47.7" HPOS="1356" VPOS="7004" HEIGHT="92" WIDTH="536" STYLEREFS="Style_19" WC="0.982222222222222" CC="0000000000"/>
						<SP ID="SP_1.2.47.8" HPOS="1876" VPOS="7012" WIDTH="1876"/>
						<String CONTENT="12709" ID="St_1.2.47.9" HPOS="3752" VPOS="7008" HEIGHT="88" WIDTH="284" STYLEREFS="Style_19" WC="0.773333333333333" CC="00000"/>
					</TextLine>
					<TextLine ID="TL_1.2.48" HPOS="392" VPOS="7188" HEIGHT="124" WIDTH="1316">
						<String CONTENT="Benoit," ID="St_1.2.48.1" HPOS="392" VPOS="7188" HEIGHT="124" WIDTH="440" STYLEREFS="Style_19" WC="1" CC="0000000"/>
						<SP ID="SP_1.2.48.2" HPOS="816" VPOS="7228" WIDTH="44"/>
						<String CONTENT="Pierre," ID="St_1.2.48.3" HPOS="892" VPOS="7188" HEIGHT="120" WIDTH="420" STYLEREFS="Style_19" WC="1" CC="0000000"/>
						<SP ID="SP_1.2.48.4" HPOS="1296" VPOS="7228" WIDTH="52"/>
						<String CONTENT="1886-" ID="St_1.2.48.5" HPOS="1384" VPOS="7196" HEIGHT="96" WIDTH="324" STYLEREFS="Style_19" WC="1" CC="00000"/>
					</TextLine>
					<TextLine ID="TL_1.2.49" HPOS="572" VPOS="7332" HEIGHT="148" WIDTH="3436">
						<String CONTENT="&#x0085;" ID="St_1.2.49.1" HPOS="572" VPOS="7348" HEIGHT="108" WIDTH="68" STYLEREFS="Style_19" WC="1" CC="0"/>
						<SP ID="SP_1.2.49.2" HPOS="616" VPOS="7428" WIDTH="20"/>
						<String CONTENT="Le" ID="St_1.2.49.3" HPOS="708" VPOS="7344" HEIGHT="96" WIDTH="160" STYLEREFS="Style_19" WC="0.916666666666667" CC="00"/>
						<SP ID="SP_1.2.49.4" HPOS="836" VPOS="7360" WIDTH="60"/>
						<String CONTENT="soleil" ID="St_1.2.49.5" HPOS="920" VPOS="7340" HEIGHT="100" WIDTH="308" STYLEREFS="Style_19" WC="0.968888888888889" CC="000000"/>
						<SP ID="SP_1.2.49.6" HPOS="1208" VPOS="7340" WIDTH="52"/>
						<String CONTENT="de" ID="St_1.2.49.7" HPOS="1296" VPOS="7340" HEIGHT="100" WIDTH="128" STYLEREFS="Style_19" WC="0.975555555555556" CC="00"/>
						<SP ID="SP_1.2.49.8" HPOS="1396" VPOS="7360" WIDTH="60"/>
						<String CONTENT="minuit," ID="St_1.2.49.9" HPOS="1484" VPOS="7332" HEIGHT="132" WIDTH="432" STYLEREFS="Style_19" WC="0.984444444444444" CC="0000000"/>
						<SP ID="SP_1.2.49.10" HPOS="1904" VPOS="7380" WIDTH="44"/>
						<String CONTENT="roman." ID="St_1.2.49.11" HPOS="1984" VPOS="7368" HEIGHT="68" WIDTH="408" STYLEREFS="Style_19" WC="0.987777777777778" CC="000000"/>
						<SP ID="SP_1.2.49.12" HPOS="2380" VPOS="7380" WIDTH="84"/>
						<String CONTENT="Paris," ID="St_1.2.49.13" HPOS="2540" VPOS="7332" HEIGHT="136" WIDTH="356" STYLEREFS="Style_19" WC="0.99" CC="000000"/>
						<SP ID="SP_1.2.49.14" HPOS="2880" VPOS="7380" WIDTH="44"/>
						<String CONTENT="A." ID="St_1.2.49.15" HPOS="2956" VPOS="7340" HEIGHT="104" WIDTH="136" STYLEREFS="Style_19" WC="0.991111111111111" CC="00"/>
						<SP ID="SP_1.2.49.16" HPOS="3080" VPOS="7384" WIDTH="44"/>
						<String CONTENT="Michel" ID="St_1.2.49.17" HPOS="3160" VPOS="7340" HEIGHT="104" WIDTH="404" STYLEREFS="Style_19" WC="0.992222222222222" CC="000000"/>
						<SP ID="SP_1.2.49.18" HPOS="3544" VPOS="7344" WIDTH="56"/>
						<String CONTENT="(1" ID="St_1.2.49.19" HPOS="3640" VPOS="7348" HEIGHT="112" WIDTH="72" STYLEREFS="Style_19" WC="0.97" CC="55"/>
						<String CONTENT="9301" ID="St_1.2.49.20" HPOS="3784" VPOS="7352" HEIGHT="128" WIDTH="224" STYLEREFS="Style_19" WC="0.955555555555556" CC="0008"/>
					</TextLine>
				</TextBlock>
			</PrintSpace>
		</Page>
	</Layout>
</alto>
