4752 8320
300 700 396 120 Lewis,
760 700 376 100 Harve
1204 696 524 120 Spencer,
1796 700 188 96 188
1992 700 116 96 3-

420 844 564 100 Mansions
1040 840 124 104 of
1216 840 184 100 the
1456 840 288 128 soul;
1808 840 176 100 the
2040 836 392 104 cosmic
2488 832 672 132 conception,
3220 832 136 132 by
3416 832 152 100 H.
3636 824 468 132 Spencer

288 992 352 104 Lewis
720 996 64 108 …
1040 988 220 104 San
1380 988 288 124 Jose,
1792 980 372 132 Calif.,
2284 980 712 104 Rosicrucian
3112 1012 332 100 press,
3568 972 536 108 AMORC

288 1144 404 128 college
760 1144 224 124 [193
996 1144 60 92 0
1040 1172 40 76 1

420 1292 168 80 339
640 1312 76 72 p.
836 1292 244 80 illus.
1192 1288 52 76 2
1252 1288 416 100 0ͨͫ
1404 1352 12 16 .
1552 1284 656 92 (Rosicrucian
2260 1280 384 96 library,
2700 1304 76 56 v.
2836 1304 140 56 no.
3036 1280 152 92 11)

420 1400 848 76 Advertisements:
1336 1412 80 76 p.
1480 1388 416 84 335-339.

428 1508 312 76 "First
796 1504 380 88 edition,
1236 1500 516 80 November
1812 1496 304 80 1930."

328 1636 60 96 ©
448 1644 228 76 Nov.
720 1644 132 88 14,
896 1636 268 92 1930;
1216 1636 128 76 2c.
1392 1640 188 72 and
1624 1636 152 76 aff.
1832 1636 208 76 Dec.
2092 1636 156 88 15;
2296 1636 84 72 A
2424 1636 52 76 3
2476 1628 172 80 219
2652 1636 48 72 4
2732 1652 20 72 ;
2800 1636 84 72 A
2884 1632 100 76 M
2992 1632 160 80 OR
3160 1632 68 80 C
3296 1632 444 92 (Ancient
3784 1628 332 92 mystic

432 1752 268 76 order
748 1748 188 76 Ros
944 1764 48 56 a
1004 1768 52 56 e
1100 1744 328 96 crucis,
1480 1748 28 72 i
1516 1768 60 52 n
1580 1768 72 56 e.
1676 1744 24 76 )
1716 1820 8 8 .
1776 1744 188 76 San
2012 1744 244 92 Jose,
2312 1744 276 76 Calif.
2724 1740 536 96 (30-34218)
3652 1736 288 80 13900

300 1980 696 124 Lietzmann,
1052 1980 548 124 Walther,
1664 1988 320 96 1880-

528 2132 64 108 …
656 2128 500 132 Lustiges
1276 2128 204 96 and
1572 2124 856 128 merkwiirdiges
2520 2160 212 64 von
2828 2120 376 108 zahlen
3312 2124 224 100 und
3636 2120 480 128 formen;

292 2276 412 104 allerlei
752 2272 1588 132 unterhaltungsmathematik,
2388 2312 212 64 von
2652 2272 204 104 den
2904 2276 416 128 zahlen,
3364 2308 208 64 von
3624 2272 204 100 den
3880 2304 236 96 geo-

288 2424 640 100 metrischen
1024 2424 480 128 formen;
1592 2424 204 100 mit
1876 2428 192 96 203
2164 2420 416 132 figuren
2672 2424 144 100 im
2904 2432 232 88 text
3212 2420 228 100 und
3524 2424 128 96 20
3736 2416 380 104 tafeln.

296 2580 124 124 4.,
476 2572 856 132 durchgesehene
1392 2572 224 100 und
1668 2572 504 132 erglnzte
2228 2572 188 100 auf
2388 2572 52 96 l
2452 2652 20 20 .
2604 2572 376 100 Bresla
2992 2608 64 60 u
3072 2648 20 48 ,
3152 2572 124 100 F.
3332 2564 304 132 Hirt,
3700 2576 48 92 1
3760 2572 124 96 03
3896 2572 88 96 0.

432 2728 116 88 vi,
608 2728 164 76 307
840 2744 80 72 p.
1040 2728 100 72 ill
1152 2744 160 72 us.,
1376 2732 124 64 xx
1564 2744 56 72 p
1628 2728 28 72 l
1664 2788 20 12 .
1736 2720 192 92 (inc
1940 2724 20 72 l
1976 2788 16 12 .
2056 2724 336 92 front.)
2480 2724 340 88 diagrs.
2936 2724 108 76 21
3044 2720 48 76 4
3096 2728 32 64 1
3120 2720 96 80 ".

308 2840 96 88 ©
464 2872 224 88 July
740 2872 132 88 17,
928 2864 272 92 1930;
1260 2876 8 8 -
1308 2872 80 72 c.
1448 2864 196 80 Oct.
1700 2864 156 92 23;
1920 2864 596 92 A-Foreign
2568 2860 276 96 9210;
2908 2864 532 76 Ferdinand
3500 2860 88 76 H
3600 2860 148 80 irt.

456 2976 416 96 (31-559)
3660 2964 284 84 13901

300 3184 464 120 Martin,
824 3184 448 104 Clinton
1328 3184 76 104 S
1948 3220 52 64 e
2008 3188 100 96 d.

432 3332 240 128 Boy
724 3344 352 92 scouts
1128 3332 216 100 and
1396 3332 184 100 the
1636 3328 440 136 Oregon
2124 3332 296 132 trail,
2480 3332 644 124 1830-1930;
3184 3328 184 100 the
3420 3340 300 120 story
3772 3324 124 104 of
3944 3328 184 96 the

300 3476 332 108 Scout
716 3476 664 136 pilgrimage
1468 3492 108 88 to
1664 3480 832 128 Independence
2576 3476 292 132 rock,
2952 3476 628 132 Wyoming,
3668 3488 112 88 to
3864 3476 264 100 hold

300 3632 660 96 rendezvous
1032 3628 112 100 in
1212 3632 352 96 honor
1628 3628 128 100 of
1820 3628 184 100 the
2076 3632 496 128 pioneers
2640 3628 244 100 who
2956 3628 312 100 "won
3336 3628 216 100 and
3624 3624 252 100 held
3952 3628 172 100 the

296 3776 424 132 West";
808 3776 268 104 with
1152 3812 60 68 a
1288 3776 568 104 historical
1932 3776 368 104 sketch
2380 3776 124 104 of
2580 3776 184 104 the
2836 3772 444 136 Oregon
3352 3772 260 108 trail
3696 3776 216 100 and
3992 3812 136 64 an

300 3928 412 100 outline
772 3928 124 100 of
952 3928 188 100 the
1200 3928 304 100 work
1564 3928 124 100 of
1748 3928 180 100 the
1996 3924 440 136 Oregon
2500 3924 260 104 trail
2816 3924 572 104 memorial
3452 3924 680 132 association,

300 4080 348 100 under
712 4076 356 104 whose
1140 4076 520 132 auspices,
1728 4076 116 100 in
1916 4076 696 132 cooperation
2680 4076 272 100 with
3016 4076 184 104 the
3272 4076 244 116 Boy
3584 4084 360 96 scouts
4012 4108 60 68 o
4080 4076 52 100 f

296 4224 544 132 America,
892 4224 184 104 the
1124 4224 664 132 pilgrimage
1840 4256 220 72 was
2108 4224 736 128 undertaken;
2900 4224 368 104 edited
3312 4224 152 132 by
3516 4224 348 132 Eagle
3916 4224 216 104 and

304 4388 436 88 veteran
840 4380 332 124 scout,
1272 4372 452 104 Clinton
1824 4372 112 104 S.
2032 4372 424 104 Martin
2504 4380 60 108 …
2780 4372 272 104 with
3144 4376 128 96 33
3372 4372 760 104 illustrations.

300 4524 264 104 New
620 4524 344 136 York,
1016 4524 496 128 London,
1568 4520 132 108 G.
1752 4524 128 96 P.
1932 4520 572 104 Putnam's
2556 4556 280 96 sons,
2896 4528 288 100 1930.

436 4688 60 64 x
504 4680 92 96 ii,
652 4680 160 80 210
868 4704 80 72 p.
1068 4680 312 92 front.,
1436 4680 104 76 ill
1544 4700 140 60 us.
1740 4680 304 92 (map)
2116 4680 328 92 plates,
2504 4684 284 88 ports.
2904 4668 276 92 20j'.

440 4824 92 72 M
540 4840 168 72 aps
760 4844 116 52 on
928 4820 700 92 lining-papers.

440 4928 308 76 "First
804 4928 436 76 edition."

316 5044 88 88 ©
468 5068 212 76 Dec.
728 5068 52 76 5
788 5128 16 32 ,
860 5064 160 80 193
1028 5064 92 76 0:
1184 5064 48 72 2
1240 5088 68 48 c.
1368 5064 212 76 Dec.
1632 5060 156 80 11:
1844 5060 156 76 aff.
2056 5064 212 72 Dec.
2320 5060 156 88 10;
2532 5060 80 72 A
2660 5060 328 92 31488;
3052 5064 100 76 G.
3208 5064 96 80 P.
3356 5064 308 80 Putna
3672 5088 172 56 ms
3896 5088 44 56 s
3940 5088 196 60 ons.

460 5172 536 96 (30-34236)
3672 5168 288 88 13902

308 5384 404 124 Miller,
788 5384 520 120 Spencer,
1392 5388 324 96 1891-

436 5532 232 104 The
720 5532 404 104 church
1180 5532 216 100 and
1452 5524 540 136 industry,
2044 5528 144 132 by
2244 5528 480 132 Spencer
2772 5528 404 136 Miller,
3232 5532 172 132 jr.,
3460 5540 216 96 and
3728 5536 412 128 Joseph

312 5684 120 100 F.
492 5684 540 100 Fletcher.
1176 5676 264 104 New
1504 5676 344 132 York,
1908 5680 460 104 London
2444 5692 268 116 [etc.]
2780 5680 664 136 Longmans,
3508 5684 356 104 Green
3928 5684 208 100 and

308 5868 564 96 company,
932 5832 284 100 1930.

436 5984 168 84 xiii
616 6048 20 32 ,
688 5988 160 80 273
896 6008 80 72 p.
1096 5988 284 76 front.
1436 5988 92 92 (4
1580 5988 288 92 port.)
1932 5988 328 92 plates.
2376 5980 152 80 21"'
2584 6048 16 20 ,

440 6124 200 76 The
684 6124 280 88 study
1008 6144 196 56 was
1256 6124 272 76 made
1576 6120 404 96 possible
2028 6120 120 92 by
2196 6140 52 60 a
2300 6128 276 88 grant
2628 6124 244 76 from
2928 6128 160 72 the
3136 6120 444 84 National
3628 6128 364 76 council
4044 6128 96 76 of

308 6232 160 76 the
524 6232 496 92 Episcopal
1080 6232 348 76 church
1480 6236 96 72 to
1636 6236 160 72 the
1852 6232 612 92 Department
2524 6236 104 72 of
2684 6232 484 80 Christian
3232 6232 288 80 social
3576 6232 356 80 service
3992 6232 152 80 for

308 6340 160 76 the
516 6340 708 76 establishment
1276 6340 96 76 of
1420 6360 52 56 a
1520 6336 432 80 Division
2004 6360 112 56 on
2164 6340 512 76 industrial
2724 6340 480 80 relations.
3316 6344 200 76 The
3560 6344 348 76 church
3960 6344 180 76 and

312 6452 432 88 industry
800 6448 80 76 is
936 6452 160 72 the
1148 6448 200 76 first
1408 6452 100 72 of
1564 6468 56 56 a
1676 6448 288 80 series
2020 6452 104 72 of
2176 6452 436 76 research
2672 6448 356 80 studies
3088 6456 96 72 to
3240 6452 112 76 be
3404 6452 316 76 issued
3776 6452 120 92 by
3952 6452 188 76 this

308 6556 428 80 Division
784 6576 120 60 on
952 6556 508 76 industrial
1516 6556 1184 80 relations."-Foreword.

448 6668 244 76 "The
748 6668 356 88 precise
1156 6684 400 72 purpose
1612 6668 96 76 of
1760 6664 192 80 this
2004 6688 56 56 v
2068 6668 80 76 ol
2164 6688 208 56 ume
2428 6660 52 88 …
2588 6668 80 76 is
2724 6672 92 72 to
2872 6672 260 72 trace
3184 6668 328 96 briefly
3568 6668 160 80 the
3780 6668 360 96 history

312 6796 48 56 o
368 6776 44 72 f
456 6776 156 76 the
660 6772 184 80 Chr
852 6776 28 72 i
892 6776 248 76 stian
1188 6776 288 76 social
1520 6796 88 52 m
1616 6796 48 56 o
1672 6780 372 72 vement
2116 6772 56 88 …
2312 6776 92 76 It
2448 6780 172 72 has
2664 6776 228 76 been
2936 6776 300 76 found
3280 6776 228 80 wise
3552 6780 36 76 t
3596 6800 52 56 o
3696 6780 28 72 l
3732 6776 124 76 im
3868 6776 20 76 i
3904 6784 32 68 t
3988 6780 156 76 the

312 6880 372 96 inquiry
764 6888 92 72 to
936 6884 156 76 the
1164 6884 644 92 development
1884 6884 100 76 of
2060 6884 192 76 this
2328 6888 520 72 movement
2928 6884 332 76 within
3340 6884 160 80 the
3576 6884 564 80 established

312 6992 348 76 church
716 6992 96 76 in
880 6992 424 92 England
1368 6992 184 76 and
1612 6996 164 72 the
1836 6996 544 72 Protestant
2444 6992 496 96 Episcopal
3004 6996 352 76 church
3416 6992 96 80 in
3580 6996 156 76 the
3804 6992 336 80 United

316 7096 768 84 States."-Pref.

452 7208 308 76 "First
808 7208 432 80 edition."

448 7316 668 96 Bibliography
1152 7336 20 56 :
1220 7340 80 72 p.
1348 7316 280 76 251-2
1636 7316 52 76 6
1692 7316 80 80 6.

324 7428 96 96 ©
480 7452 212 80 Dec.
748 7452 76 88 3,
880 7448 268 92 1930;
1208 7448 128 80 2c.
1396 7452 132 72 De
1536 7472 44 56 c
1592 7512 12 20 .
1664 7452 156 88 16;
1884 7452 156 76 aff.
2096 7452 212 80 Dec.
2368 7452 152 92 15;
2588 7456 76 72 A
2716 7452 52 80 3
2776 7452 268 92 1624;
3108 7452 548 96 Longmans,
3724 7452 292 80 Green
4076 7440 64 80 &

460 7580 48 52 c
512 7580 52 56 o
572 7620 16 16 .
724 7556 536 100 (30-34200)
3684 7560 284 80 13903

2096 7668 260 96 2165
