4984 8300
2424 7756 132 104 57

468 704 156 104 La
680 704 124 96 M
800 704 244 100 otte
1100 696 548 112 chemical
1704 696 548 120 products
2300 720 596 92 company,
2948 688 648 100 Baltimore.

604 852 160 104 La
828 856 360 100 Motte
1244 848 328 104 blood
1632 844 596 132 chemistry
2288 836 644 120 handbook;
3008 832 652 136 containing
3720 828 636 132 up-to-date

480 1004 728 104 information
1288 1036 136 68 on
1504 992 596 136 simplified
2184 992 504 100 methods
2768 984 216 108 and
3068 992 612 124 apparatus
3760 980 184 104 for
4020 972 328 108 blood

476 1156 592 128 chemistry
1160 1188 120 68 as
1372 1148 508 132 required
1972 1148 116 100 in
2180 1144 188 100 the
2460 1140 436 104 routine
2988 1136 488 132 practice
3568 1128 124 108 of
3780 1128 572 104 medicine.

480 1304 648 108 Baltimore,
1188 1304 124 96 M
1320 1304 140 100 d.,
1520 1296 544 108 Research
2132 1292 724 104 laboratories
2920 1284 128 104 of
3104 1284 188 104 the
3352 1284 160 104 La
3580 1284 364 104 Motte
4000 1280 356 104 chem-

480 1460 208 100 ical
764 1456 528 132 products
1364 1484 576 100 company,
2012 1444 520 104 Division
2604 1440 128 104 of
2800 1440 332 104 blood
3204 1432 604 136 chemistry
3880 1464 476 100 appara-

476 1620 208 100 tus,
796 1608 292 116 ͨ1929.

612 1768 136 92 77,
824 1764 72 100 [1
908 1800 20 60 ]
1000 1784 84 76 p.
1204 1760 108 80 ill
1320 1784 136 60 us.
1576 1760 56 76 2
1636 1760 540 100 3½ͨͫ
1844 1820 20 20 .

616 1896 736 84 "References":
1428 1916 84 76 p.
1584 1896 108 76 21
1696 1940 60 8 –
1756 1892 136 96 22,
1964 1892 56 76 4
2028 1892 80 80 9.

496 2028 92 104 ©
660 2036 84 76 D
748 2056 104 60 ec
860 2100 16 16 .
944 2040 136 76 16,
1152 2032 276 80 1929;
1496 2032 132 80 2c.
1700 2032 212 76 Jan.
1984 2032 48 72 1
2040 2028 52 72 6
2104 2088 16 20 ,
2196 2028 48 72 1
2248 2024 168 76 930
2448 2048 16 68 ;
2544 2024 160 80 aff.
2780 2024 208 76 Jan.
3060 2024 44 72 1
3120 2028 56 76 8
3204 2040 16 68 ;
3300 2020 76 76 A
3448 2012 328 96 18221;
3856 2016 72 76 L
3928 2040 52 56 a
4064 2016 244 76 Mott
4312 2036 48 56 e

608 2136 176 96 che
792 2144 124 76 mi
912 2144 156 72 cal
1128 2160 108 76 pr
1240 2152 60 64 o
1300 2144 60 72 d
1368 2148 152 72 uct
1524 2156 44 60 s
1632 2160 100 56 co
1748 2204 16 12 .
1900 2136 488 96 (30-3164)
4028 2120 172 84 357

480 2352 608 128 Laughlin,
1148 2352 396 108 Curtis
1596 2352 444 104 Stuart.

616 2500 716 108 Continental
1384 2496 628 104 breakfast:
2068 2532 56 64 a
2184 2496 212 100 few
2456 2528 336 100 pages
2840 2492 296 100 from
3192 2488 184 104 the
3428 2488 592 132 European
4072 2484 300 136 jour-

480 2656 180 104 nal
760 2652 124 108 of
988 2652 376 108 Curtis
1464 2648 392 112 Stuart
1956 2644 600 136 Laughlin,
2656 2644 268 104 with
3024 2640 596 108 additions.
3788 2636 588 132 Portland,

480 2808 252 132 Me.,
796 2812 292 96 1929.

616 2992 64 60 v
680 2968 92 92 ii,
896 2988 180 80 [1],
1028 2968 136 84 41,
1224 3004 20 56 [
1264 2984 120 84 1]
1392 2984 108 76 p.,
1556 2968 44 72 1
1656 2964 28 76 l
1700 3024 16 16 .
1832 2964 536 104 24ͨͫ.

624 3108 316 76 "Done
1024 3108 96 72 at
1208 3100 484 92 Portland,
1784 3100 340 80 Maine,
2216 3096 188 80 this
2496 3096 536 88 December,
3120 3096 220 76 1929
3428 3096 116 88 by
3628 3092 324 80 Curtis
4044 3092 56 80 S
4116 3100 36 72 t
4160 3096 220 72 uart

488 3216 196 76 Lau
688 3228 60 64 g
756 3216 224 88 hlin,
1040 3212 96 76 in
1196 3212 168 80 235
1424 3208 696 96 impressions."

480 3348 60 88 ©
660 3352 188 80 Dec
860 3412 12 16 .
860 3348 184 88 28,
1132 3352 28 72 1
1192 3348 204 88 929;
1460 3348 120 88 2c
1572 3408 16 16 .
1780 3348 180 88 Jan.
1916 3348 48 72 1
1976 3344 48 72 5
2036 3404 16 16 ,
2112 3348 36 72 1
2168 3344 108 76 93
2284 3348 100 76 0;
2448 3348 180 88 aff
2592 3404 16 16 .
2668 3340 52 80 J
2732 3364 48 56 a
2796 3364 84 56 n.
2944 3348 40 72 1
3000 3344 104 88 1;
3168 3348 72 72 A
3304 3344 32 76 1
3360 3340 272 92 8157;
3700 3340 96 80 C.
3860 3340 88 80 S.
4016 3340 124 76 La
4156 3336 216 96 ugh-

628 3460 140 84 tin
776 3520 16 20 .
848 3460 260 96 Port
1088 3476 28 68 l
1128 3460 200 88 and,
1396 3460 120 96 Me
1552 3520 12 12 .
1692 3456 328 100 (30-30
2024 3456 52 76 8
2080 3456 100 88 0)
4044 3444 56 84 3
4104 3444 112 84 58

492 3644 632 120 Linklater,
1188 3640 300 108 Eric.

624 3792 368 104 Poet's
1060 3792 244 100 Pub
1384 3852 24 68 [
1416 3788 180 136 by]
1680 3784 260 108 Eric
2012 3784 612 104 Linklater.
2776 3784 264 104 New
3120 3784 340 132 York,
3528 3784 108 104 J.
3712 3784 304 132 Cape
4080 3796 80 88 &
4236 3784 148 100 H.

492 3940 372 112 Smith
936 3940 376 132 [ͨ1930]

628 4104 56 80 3
736 4128 84 68 p.
936 4112 60 80 l
916 4164 48 32 .,
1016 4104 168 80 373
1236 4120 84 76 p.
1440 4104 596 88 19½ͨͫ.

508 4228 100 96 ©
668 4240 212 76 Jan.
936 4236 136 92 20,
1132 4240 44 72 1
1188 4240 56 68 9
1244 4236 160 80 30;
1468 4236 132 80 2c.
1660 4240 184 72 and
1904 4240 180 100 aff.
2124 4232 212 80 Jan.
2396 4232 48 80 2
2448 4236 56 76 3
2540 4256 16 60 ;
2620 4232 80 80 A
2756 4232 180 88 183
2936 4244 52 68 0
2996 4252 92 72 8;
3156 4232 488 80 Jonathan
3708 4232 248 96 Cape
4020 4244 64 72 &
4176 4240 208 72 Har-

640 4348 80 76 ri
732 4368 44 56 s
780 4372 52 52 o
840 4368 60 56 n
960 4348 332 88 Smith,
1352 4348 176 96 inc.
1660 4344 488 96 (30-3073)
4052 4340 108 80 35
4172 4340 52 80 9

504 4524 480 128 Ludwig
1036 4528 148 104 Sa
1188 4528 36 96 l
1236 4556 140 72 va
1384 4532 48 96 t
1440 4560 164 92 or,
1660 4548 188 88 arc
1852 4532 72 92 h
1932 4528 288 104 duke
2276 4532 124 132 of
2456 4532 96 96 A
2564 4540 180 88 ust
2752 4564 56 64 r
2816 4528 76 96 ia
2932 4616 24 28 ,
3016 4528 288 112 1847
3272 4592 68 12 –
3348 4536 292 100 1915.

632 4680 216 104 Los
896 4676 484 136 Angeles
1432 4676 116 104 in
1596 4676 188 104 the
1832 4692 356 96 sunny
2240 4676 568 104 seventies.
2928 4676 104 104 A
3084 4676 372 104 flower
3504 4676 296 104 from
3848 4676 188 104 the
4088 4676 308 132 gold-

500 4868 136 68 en
688 4832 300 128 land,
1048 4832 148 132 by
1248 4828 484 136 Ludwig
1784 4828 340 108 Louis
2188 4828 572 112 Salvator;
2832 4828 612 104 translated
3504 4828 148 136 by
3712 4828 692 132 Marguerite

508 4988 292 104 Eyer
880 4984 500 116 Wilbur;
1464 4980 376 104 introd
1856 5016 64 64 u
1928 5016 56 68 c
1988 4992 48 92 t
2040 4984 184 96 ion
2304 4980 148 136 by
2536 4976 264 108 Phil
2884 4980 616 104 Townsend
3584 4984 448 100 Hanna.
4184 4984 216 100 Los

504 5136 516 132 Angeles,
1076 5136 132 100 B.
1260 5128 752 136 McCallister,
2064 5132 112 104 J.
2232 5132 444 116 Zeitlin,
2740 5136 288 100 1929.

644 5296 52 76 2
748 5320 80 72 p.
888 5292 40 68 l
924 5356 44 28 .,
1020 5304 60 60 x
1088 5296 120 92 vi,
1260 5296 44 72 1
1316 5292 108 72 88
1432 5356 20 28 ,
1512 5296 132 92 [13
1644 5292 20 68 ]
1728 5312 84 72 p.
1928 5292 292 80 front.
2232 5352 20 20 ,
2300 5296 332 92 plates.
2748 5292 900 88 25ͨͫ.

648 5432 220 76 "900
924 5428 316 96 copies
1304 5432 56 84 …
1448 5432 244 72 have
1744 5428 232 80 been
2032 5428 376 96 printed
2468 5428 148 76 for
2672 5428 248 80 Jake
2976 5428 340 80 Zeitlin
3380 5432 116 92 by
3556 5432 304 80 Bruce
3920 5420 320 92 MeCal
4248 5428 28 68 l
4288 5432 116 80 is-

516 5552 32 68 t
556 5564 100 56 er
724 5540 96 76 in
892 5540 184 76 Los
1144 5540 428 92 Angeles,
1648 5540 156 76 the
1876 5540 260 76 work
2208 5536 276 96 being
2548 5536 400 80 finished
3020 5540 100 72 in
3196 5540 568 92 September,
3840 5564 88 56 A.
4000 5564 52 56 D
4064 5604 16 16 .
4152 5540 44 68 1
4212 5544 48 76 9
4264 5548 52 72 2
4324 5544 52 76 9
4384 5608 20 16 .

516 5648 196 80 The
784 5648 644 76 illustrations
1500 5668 160 56 are
1736 5648 572 92 reproduced
2388 5644 252 76 from
2716 5648 160 76 the
2952 5644 208 80 first
3236 5648 360 80 edition
3692 5648 324 96 (Prag,
4100 5648 308 96 1878).

516 5756 196 76 The
764 5756 212 80 title
1028 5776 232 72 page
1316 5756 540 76 decoration
1912 5756 80 76 is
2048 5756 112 88 by
2220 5752 488 96 Raymond
2768 5756 500 76 Winters."

528 5876 100 96 ©
700 5892 244 96 Sept.
1008 5892 140 96 20,
1212 5896 44 72 1
1268 5892 52 80 9
1324 5892 60 76 2
1380 5892 60 80 9
1468 5916 16 68 ;
1552 5892 132 80 2c.
1756 5892 196 80 Oct.
2020 5892 48 76 2
2072 5892 108 92 8;
2252 5892 156 80 aff.
2472 5892 216 80 Jan.
2756 5892 132 96 20,
2960 5892 52 76 1
3016 5892 52 80 9
3072 5892 164 92 30;
3304 5896 84 76 A
3452 5896 48 76 1
3508 5896 56 76 9
3568 5896 112 80 08
3680 5896 56 80 9
3764 5916 20 72 ;
3856 5900 56 76 J
3920 5924 52 48 a
3980 5900 116 72 ke
4164 5896 240 80 Zeit-

660 6008 32 72 l
700 6004 124 80 in.
960 6000 492 100 (30-3201)
4076 6000 172 84 360

520 6184 700 124 Lundsford,
1284 6180 392 128 Hugh.

660 6336 420 132 Flying
1128 6336 328 128 heels,
1508 6336 148 136 by
1712 6336 348 132 Hugh
2120 6332 648 108 Lundsford
2856 6332 76 120 …
3104 6344 268 96 New
3444 6340 304 100 York
3752 6376 28 56 .
3844 6344 232 100 The
4136 6340 272 104 Cur-

520 6484 200 104 tiss
772 6520 304 100 press
1140 6492 336 128 [ͨ1929
1488 6552 24 64 ]

660 6648 52 72 4
772 6664 80 72 p.
908 6644 36 68 l
948 6704 44 32 .,
1048 6644 160 76 271
1264 6664 84 72 p.
1464 6640 564 88 19½ͨͫ.

540 6768 100 96 ©
700 6776 252 96 Sept.
1004 6780 80 92 7,
1136 6780 48 72 1
1196 6776 52 80 9
1248 6780 48 72 2
1304 6776 52 80 9
1392 6800 16 72 ;
1468 6776 128 80 2c.
1656 6780 212 80 Jan.
1924 6780 132 92 25,
2112 6780 48 72 1
2172 6776 112 80 93
2288 6780 100 92 0;
2448 6780 160 80 aff.
2668 6780 212 80 Jan.
2936 6780 52 76 2
2992 6780 56 76 4
3080 6800 16 72 ;
3156 6780 80 76 A
3292 6780 332 96 19183;
3688 6780 376 80 Curtiss
4120 6800 288 72 press.

696 6884 484 96 (30-3229)
4080 6888 172 84 361

532 7064 420 128 Maloy,
1008 7068 520 104 Bernard
1588 7072 72 104 S
2224 7076 192 100 187
2424 7084 52 92 5
2484 7140 72 12 –

668 7220 348 132 Legal
1076 7228 524 124 anatomy
1660 7220 220 100 and
1940 7256 520 96 surgery;
2528 7256 60 64 a
2652 7224 536 128 complete
3252 7224 216 100 and
3532 7220 532 104 scientific
4124 7256 292 96 pres-

540 7368 488 100 entation
1100 7364 124 104 of
1296 7380 520 120 anatomy
1888 7372 220 100 and
2180 7404 464 100 surgery
2716 7372 528 132 designed
3312 7388 116 88 to
3496 7384 280 92 meet
3844 7376 184 100 the
4104 7408 316 96 pecu-

540 7516 216 104 liar
832 7516 328 104 needs
1236 7516 128 104 of
1436 7516 192 104 the
1704 7520 292 132 legal
2072 7520 664 132 profession,
2816 7524 144 132 by
3044 7524 504 100 Bernard
3636 7524 112 104 S.
3832 7524 376 104 Maloy
4264 7520 64 112 …
