4920 8268
608 764 24 68 [
640 700 472 124 Mercer,
1172 696 240 104 Asa
1468 692 400 136 Shinn]
1944 704 328 100 1839-

736 852 232 100 The
1056 848 488 108 banditti
1636 852 128 104 of
1848 856 188 100 the
2124 848 400 136 plains,
2616 852 432 132 author,
3136 848 92 104 I.
3328 848 132 108 G.
3552 848 684 108 McPherren
4296 852 68 112 …

600 1000 584 132 Sheridan,
1232 1000 352 132 Wyo.,
1684 1004 128 116 ͨ19
1820 1004 132 96 30
1956 1084 24 20 .

724 1172 360 88 [80]
948 1176 88 76 p.
1144 1156 708 104 20½ͨͫ.

720 1268 140 88 By
944 1264 100 76 A.
1136 1264 60 76 S
1208 1324 16 16 .
1312 1264 412 88 Mercer;
1812 1260 500 96 originally
2396 1260 496 92 published
2968 1264 300 76 under
3348 1264 160 76 the
3588 1268 380 88 present
4048 1264 216 80 title
4348 1264 120 80 in.

584 1372 272 88 1894;
932 1372 312 76 edited
1320 1372 160 76 192
1484 1372 52 76 3
1608 1372 120 92 by
1800 1368 84 80 J.
1964 1372 120 76 M.
2160 1372 284 76 Boots
2516 1372 188 76 and
2772 1372 496 92 published
3340 1372 300 76 under
3712 1372 264 76 title:
4056 1372 388 80 Powder

584 1480 288 76 River
932 1480 460 76 invasion.
1504 1480 232 76 This
1800 1480 352 76 edition
2212 1476 316 80 issued
2592 1480 116 92 by
2780 1476 64 76 I.
2916 1480 104 80 G.
3088 1480 92 76 M
3188 1504 44 52 c
3240 1480 444 76 Pherren.

592 1584 96 96 ©
752 1592 212 76 Feb.
1016 1588 136 96 12,
1208 1588 268 88 1930;
1532 1588 132 92 2c.
1716 1588 184 76 and
1956 1596 156 76 aff.
2172 1588 212 76 Feb.
2444 1592 156 88 17;
2660 1588 76 76 A
2792 1588 328 92 18912;
3184 1596 56 84 I.
3312 1588 80 80 G
3400 1652 20 12 .
3476 1592 92 72 M
3576 1612 48 52 c
3628 1588 72 76 P
3708 1588 56 72 h
3780 1608 296 72 erren,
4136 1592 56 72 S
4204 1588 164 72 her
4376 1588 24 72 i
4412 1632 28 8 -

724 1700 212 92 dan,
988 1700 200 92 Wy.
1316 1696 484 96 (30-7117)
4044 1692 232 88 2240

588 1880 276 104 Mist
872 1880 36 100 l
912 1912 156 92 er,
1128 1880 324 104 Jean.

772 2036 72 108 …
916 2024 512 108 Ethelka.
1556 2024 360 132 Paris,
1980 2024 692 108 Calmann-L
2660 2032 64 92 é
2736 2060 180 100 vy,
2976 2032 292 100 1929.

724 2188 52 76 2
828 2208 84 72 p.
968 2184 88 92 1.,
1104 2184 172 80 210
1328 2204 108 76 p.,
1496 2188 44 72 1
1596 2188 32 72 l
1636 2244 20 20 .
1764 2184 596 88 19½ͨͫ.
2172 2184 196 96 (On
2420 2204 312 60 cover:
2788 2184 516 80 Collection
3364 2188 128 76 Le
3544 2184 396 96 prisme)

588 2292 96 92 ©
744 2296 228 76 Nov.
1028 2296 76 88 6,
1164 2296 272 88 1929;
1552 2292 112 96 1c.
1684 2296 216 76 Dec.
1956 2296 104 88 2;
2124 2296 596 92 A-Foreign
2776 2296 276 92 4431;
3116 2292 776 96 Calmann-Livy.

736 2404 484 96 (30-7654)
4044 2400 232 84 2241

584 2584 628 124 Monnette,
1272 2584 292 104 Orra
1628 2584 496 124 Eugene,
2196 2588 328 104 1873-

724 2736 104 104 A
892 2740 308 100 short
1268 2752 456 88 account
1788 2736 128 104 of
1980 2740 252 100 Don
2300 2732 388 136 Felipe
2752 2740 132 100 de
2956 2736 332 128 Neve,
3360 2736 484 132 Spanish
3912 2772 544 100 governor

584 2888 128 104 of
764 2888 632 104 California
1448 2888 220 104 and
1724 2888 476 100 founder
2252 2888 124 100 of
2428 2888 180 104 the
2664 2888 232 132 city
2944 2888 124 104 of
3120 2888 212 104 Los
3384 2888 516 132 Angeles,
3964 2884 288 132 1781,
4308 2892 140 128 by

584 3036 292 108 Orra
960 3040 452 132 Eugene
1492 3036 572 104 Monnette
2164 3048 76 108 …
2424 3040 256 124 [Los
2760 3036 516 136 Angeles,
3356 3040 236 100 The
3672 3040 216 100 Los
3968 3040 480 132 Angeles

584 3188 372 132 public
1008 3188 456 136 library,
1528 3188 292 128 1930]

712 3344 100 76 11
876 3364 84 76 p.
1076 3344 248 80 illus.
1380 3340 464 96 (facsim.)
1968 3340 444 88 23ͨͫ.

708 3452 724 92 Bibliography:
1496 3472 84 76 p.
1640 3452 136 80 11.

656 3560 24 88 ©
752 3560 208 80 Feb.
1032 3560 132 92 10,
1232 3560 272 92 1930;
1572 3560 132 80 2c.
1772 3560 212 76 Feb.
2056 3560 156 92 17;
2280 3556 164 84 aff.
2512 3560 212 80 Feb.
2792 3560 160 92 28;
3028 3560 80 76 A
3168 3560 336 92 20016;
3580 3556 96 84 O.
3748 3564 104 80 E.
3924 3564 148 76 Mo
4080 3584 60 56 n
4148 3568 280 88 nette,

712 3668 184 80 Los
944 3672 424 88 Angeles.
1500 3668 488 96 (30-7114)
4036 3668 240 84 2242

580 3856 428 120 Moyer,
1064 3848 392 104 James
1508 3848 600 128 Ambrose,
2172 3848 332 108 1875-

704 4000 620 104 Industrial
1376 3996 604 136 electricity
2032 4000 220 100 and
2304 4000 440 132 wiring,
2788 4000 148 132 by
2984 4000 376 104 James
3412 4000 132 100 A.
3600 4000 396 132 Moyer
4064 4000 64 112 …
4220 4000 216 104 and

568 4148 304 108 John
944 4148 124 104 F.
1144 4148 208 104 Wo
1360 4160 220 92 stre
1588 4148 36 100 l
1716 4160 64 108 …
1976 4156 56 88 1
2036 4156 100 96 st
2204 4148 168 104 ed.
2512 4148 272 104 New
2856 4148 316 104 York
3252 4160 340 116 [etc.]
3604 4148 832 108 McGraw-Hill

568 4300 280 100 book
900 4336 576 96 company,
1532 4296 240 136 inc.,
1832 4304 292 96 1930.

700 4460 120 84 ix,
884 4460 108 80 46
996 4460 60 80 9
1112 4480 84 72 p.
1308 4460 280 88 illus.,
1648 4456 348 96 diagrs.
2112 4456 560 88 21½ͨͫ.
2620 4456 252 96 $2.75

704 4568 616 80 "References
1380 4576 96 72 to
1528 4568 452 76 National
2036 4564 476 80 electrical
2568 4564 332 80 code":
2964 4588 80 72 p.
3100 4568 56 76 4
3160 4568 52 76 G
3216 4568 304 80 3-469.

580 4672 92 88 ©
736 4680 232 80 Mar.
1020 4676 76 92 6,
1152 4680 48 76 1
1208 4676 52 80 9
1264 4676 160 80 30:
1488 4692 60 64 2
1596 4736 12 20 .
1700 4684 120 88 an
1796 4676 52 80 d
1904 4684 136 72 aff
2048 4740 16 16 .
2160 4684 196 88 Mar.
2412 4672 100 76 8;
2572 4676 68 72 A
2708 4676 104 76 19
2852 4680 36 76 9
2872 4676 48 76 4
2928 4676 108 80 0:
3096 4676 56 80 J
3164 4740 16 16 .
3236 4680 104 76 A.
3396 4680 100 76 M
3496 4700 228 72 oyer
3776 4684 184 72 and
4020 4684 244 76 John
4324 4684 100 76 F.

708 4788 432 92 Wostrel,
1196 4788 376 80 Boston.
1708 4784 484 92 (30-7393)
4032 4788 232 80 2243

572 4972 596 120 Newgass,
1232 4968 420 124 Edgar.

696 5120 380 100 Mixed
1144 5152 572 96 company,
1784 5116 332 136 being
2180 5152 296 68 verse
2556 5120 248 100 wise
2868 5120 220 104 and
3152 5120 612 132 otherwise,
3828 5124 144 128 by
4044 5128 388 128 Edgar

560 5272 528 132 Newgass
1100 5288 32 80 ;
1236 5268 632 104 illustrated
1952 5268 148 132 by
2192 5264 472 132 Majorie
2756 5264 364 108 Firth.
3276 5304 32 76 [
3308 5272 504 132 London]
3912 5276 236 100 The
4240 5308 184 72 au-

556 5428 48 92 t
608 5420 204 104 hor
808 5464 28 56 .
876 5428 352 104 ͨ1929.

696 5576 124 84 xi.
876 5572 284 84 13-55
1212 5596 84 72 p.
1412 5576 244 76 illus.
1776 5572 504 92 19ͨͫ.

572 5680 96 96 ©
784 5688 120 100 1c.
920 5688 216 76 Dec.
1196 5688 132 80 21,
1392 5684 268 88 1929;
1724 5688 76 76 A
1860 5684 120 80 ad
2040 5684 168 80 int.
2268 5684 328 92 13572;
2664 5684 272 96 pubd.
3000 5684 216 84 Dec.
3280 5692 104 88 4;
3452 5692 100 72 E.
3616 5692 472 84 Newgass.

716 5792 488 96 (30-7877)
4024 5792 228 84 2244

568 5972 652 128 Nicholson,
1284 5972 384 104 Frank
1732 5976 460 120 Ernest,
2256 6012 344 100 comp.

704 6128 520 104 Favorite
1304 6124 304 132 jokes
1688 6128 124 104 of
1892 6128 436 104 famous
2408 6128 420 132 people,
2908 6128 272 104 with
3264 6164 140 68 an
3484 6128 752 104 introduction
4316 6136 108 96 to

568 6280 260 100 each
924 6276 552 136 celebrity,
1572 6316 120 64 as
1780 6276 236 104 told
2112 6292 112 88 to
2320 6280 216 100 and
2632 6280 840 132 conspicuously
3568 6280 624 104 illustrated
4284 6280 148 116 by

568 6428 384 104 Frank
1012 6428 404 104 Ernest
1476 6424 600 108 Nicholson
2140 6432 68 108 …
2408 6428 268 100 New
2736 6424 352 136 York,
3148 6428 132 104 N.
3352 6428 176 132 Y.,
3588 6428 500 132 Popular
4144 6424 288 108 book

564 6580 740 132 corporation,
1400 6580 292 112 ͨ1930.

692 6732 108 80 94
852 6752 84 72 p.
1048 6732 252 80 illus.
1412 6728 444 92 30ͨͫ
1620 6796 20 16 .

568 6836 96 92 ©
728 6844 216 76 Feb.
1000 6844 132 80 26.
1196 6840 268 88 1930;
1528 6844 48 72 2
1584 6864 48 52 c
1640 6904 16 16 .
1716 6844 184 76 and
1960 6844 160 76 aff.
2180 6844 232 76 Mar.
2476 6840 156 88 12;
2700 6844 76 72 A
2836 6840 332 92 20240;
3232 6844 412 92 Popular
3704 6844 236 76 book
4000 6864 244 68 corp.

716 6952 484 96 (30-7432)
4020 6948 228 84 2245

556 7132 608 124 Pederson,
1220 7128 504 104 Mathew
1780 7132 136 108 A.

700 7284 140 100 In
900 7288 184 96 the
1136 7284 264 100 land
1464 7280 128 104 of
1644 7280 184 104 the
1896 7280 496 104 Santals:
2460 7280 384 104 stories
2912 7280 292 104 from
3264 7288 528 100 northern
3856 7280 364 112 India,
4276 7280 148 104 by

564 7432 488 100 Mathew
1112 7428 136 104 A.
1308 7428 588 104 Pederson.
2028 7428 272 104 New
2364 7428 348 132 York,
2776 7424 488 140 Chicago
3340 7440 268 120 [etc.]
3684 7428 520 136 Fleming
4260 7428 112 96 H
4388 7508 24 24 .

564 7576 380 104 Revell
1004 7608 540 104 company
1604 7576 132 132 [ͨ1
1748 7580 132 100 92
1884 7576 128 120 9]

2348 7732 196 96 340
