4800 8268
488 656 448 116 Brown,
1000 652 336 104 Beth.

620 800 552 128 Wedding
1232 800 288 128 ring,
1588 796 136 132 by
1792 792 284 100 Beth
2144 792 440 100 Brown.
2728 784 444 104 Garden
3244 784 292 132 City,
3604 780 132 104 N.
3808 780 176 128 Y.,
4052 780 104 100 D
4168 812 60 68 o
4224 812 68 80 u
4312 844 36 12 -

492 952 420 132 bleday,
964 948 376 100 Doran
1396 944 216 108 and
1672 976 568 96 company,
2296 940 240 128 inc.,
2596 944 288 96 1930.

620 1112 56 76 4
716 1132 84 72 p.
828 1108 104 92 l.,
980 1108 48 76 3
1036 1108 112 80 17
1184 1128 84 72 p.
1384 1108 564 88 19½ͨͫ
1652 1164 20 20 .

628 1220 312 76 "First
988 1216 436 80 edition."

508 1312 96 88 ©
668 1328 244 80 June
964 1328 136 92 20,
1156 1324 272 92 1930;
1488 1324 128 76 2c.
1676 1324 184 76 and
1920 1316 160 84 aff.
2136 1320 244 76 June
2436 1316 160 92 28;
2660 1316 80 72 A
2792 1312 332 88 25447;
3188 1316 108 72 B.
3356 1316 372 88 Brown,
3784 1312 232 76 New
4072 1312 280 76 York.

656 1432 544 100 (30-17935)
3960 1416 232 84 7094

508 1620 480 128 [Brown,
1048 1616 124 100 M
1176 1652 60 68 r
1240 1656 48 64 s
1300 1700 16 20 .
1380 1612 408 104 Zenith
1868 1612 464 124 (Jones)
2356 1676 24 68 ]
2528 1616 332 100 1898-

664 1776 72 104 …
808 1768 236 100 The
1092 1760 880 108 Hammersmith
2020 1764 504 100 murders
2620 1776 72 104 …
2824 1756 456 108 Garden
3328 1756 292 136 City,
3672 1756 136 100 N.
3860 1752 168 108 Y.,
4084 1748 280 104 Pub.

500 1916 180 104 for
756 1916 236 104 The
1064 1912 372 108 Crime
1508 1912 284 132 club,
1864 1912 244 128 inc.,
2180 1912 144 132 by
2400 1908 692 136 Doubleday,
3168 1908 384 100 Doran
3628 1912 88 96 &
3792 1936 572 100 company,

496 2068 244 136 inc.,
800 2072 296 96 1930.

632 2228 52 76 3
740 2248 80 72 p.
872 2224 88 96 l.,
1012 2224 168 76 294
1228 2248 84 72 p.
1428 2216 112 84 19
1540 2220 48 88 ½ͨͫ
1684 2252 20 48 .

636 2332 448 80 Author's
1136 2332 348 92 pseud.,
1540 2332 308 76 David
1900 2332 364 88 Frome,
2316 2332 104 72 at
2468 2328 244 76 head
2764 2324 100 80 of
2912 2324 240 84 title.

644 2444 312 76 "First
1004 2440 440 80 edition."

520 2532 92 88 ©
680 2552 248 80 June
984 2552 136 92 20,
1184 2548 272 92 1930;
1520 2548 132 76 2c.
1716 2548 184 76 and
1964 2544 160 80 aff.
2188 2544 248 80 June
2492 2540 160 96 28;
2720 2544 80 76 A
2860 2540 332 92 25446;
3264 2540 576 96 Doubleday,
3908 2540 84 76 D
4004 2564 48 56 o
4060 2560 172 60 ran
4300 2540 68 80 &

652 2668 164 84 co.,
868 2660 176 80 inc.
1172 2652 548 104 (30-17702)
3976 2648 232 84 7095

504 2844 352 124 Buck,
924 2840 476 108 Charles
1460 2840 428 124 Edgar.

640 2988 396 104 Buck's
1084 2988 544 132 problems
1676 2988 116 100 in
1832 2984 492 108 business
2364 2984 880 132 letter-writing;
3300 3028 56 64 a
3404 3020 372 68 course
3824 2984 120 100 of
3988 2984 388 104 twelve

508 3140 28 100 l
548 3172 388 72 essons,
992 3140 140 132 by
1192 3136 452 108 Charles
1700 3136 384 136 Edgar
2144 3136 172 100 Bu
2324 3136 136 100 ck
2520 3144 68 108 …
2784 3136 448 132 Boston,
3296 3136 92 100 E
3404 3136 60 100 d
3480 3136 552 100 ucational
4088 3172 168 64 ser
4264 3172 68 64 v
4340 3200 32 12 -

512 3292 148 100 ice
716 3292 412 100 bureau
1276 3292 296 132 [ͨ1930]

656 3452 404 80 Various
1116 3448 416 96 pagings.
1640 3448 56 76 2
1696 3452 56 76 4
1776 3452 88 76 ͨͫ.

652 3560 548 84 Loose-leaf.

648 3668 256 80 "The
944 3668 284 80 blank
1276 3660 280 100 pager
1672 3676 36 68 at
1764 3668 160 80 the
1972 3672 180 76 end
2204 3668 104 76 of
2356 3668 228 80 each
2636 3672 308 76 lesson
2996 3688 212 72 may
3264 3668 112 80 be
3432 3692 164 56 use
3600 3688 60 60 d
3712 3668 148 80 for
3916 3668 468 84 notes."—

516 3780 496 76 Foreword
1072 3784 96 72 to
1276 3764 148 108 Key
1492 3784 96 72 to
1648 3780 72 72 B
1740 3784 100 68 uc
1852 3776 136 80 k's
2048 3780 464 92 problems
2572 3776 96 80 in
2728 3776 432 80 business
3220 3776 724 96 letter-writing.

648 3888 132 76 To
860 3888 116 76 be
1056 3892 224 76 used
1368 3884 96 80 in
1540 3884 600 96 conjunction
2224 3884 228 80 with
2540 3888 164 80 the
2784 3888 424 76 author's
3288 3892 200 76 The
3564 3888 428 80 business
4076 3892 308 76 letter-

516 3996 396 80 writer's
980 3992 408 84 manual.

536 4092 96 96 ©
692 4108 224 88 July
964 4108 76 88 1,
1096 4108 268 88 1930;
1424 4108 132 76 2c.
1608 4108 188 72 and
1844 4104 164 80 aff.
2060 4104 228 92 July
2336 4108 104 88 3;
2500 4108 76 72 A
2628 4100 332 96 25331;
3020 4104 96 80 C.
3172 4108 108 76 E.
3332 4108 288 92 Buck,
3676 4108 384 76 Boston.

680 4216 544 100 (30-17611)
3992 4216 232 80 7096

524 4400 348 120 Bush,
940 4396 792 124 Christopher.

656 4544 236 104 The
952 4544 328 104 death
1340 4544 128 104 of
1528 4548 388 104 Cosmo
1980 4552 448 128 Revere,
2488 4552 144 132 by
2696 4548 728 132 Christopher
3488 4552 300 100 Bush
3864 4544 72 112 …
4112 4548 276 104 Gar

568 4696 16 60 d
604 4732 52 60 e
664 4732 72 64 n
796 4696 296 132 City,
1144 4696 136 100 N.
1340 4696 176 132 Y.,
1568 4696 276 100 Pub.
1904 4696 180 100 for
2140 4700 240 100 The
2440 4700 368 104 Crime
2864 4700 280 108 club,
3204 4700 240 128 inc.,
3500 4700 144 132 by
3704 4700 692 128 Doubleday,

524 4844 384 104 Doran
956 4848 84 96 &
1096 4880 576 96 company,
1720 4844 244 132 inc.,
2020 4852 296 100 1930.

664 5004 136 76 xii
848 5024 108 72 p.,
1012 5008 40 72 1
1108 5008 88 88 l.,
1244 5008 168 76 312
1460 5024 88 72 p.
1600 5004 96 76 in
1704 5008 80 76 cl
1796 5068 20 16 .
1864 5008 288 80 front.
2208 5008 308 96 (map)
2648 4996 284 92 19½ͨͫ.

668 5112 312 80 "First
1040 5108 440 84 edition."

548 5204 84 88 ©
700 5224 220 88 May
968 5220 132 88 23,
1160 5224 268 88 1930;
1484 5216 132 84 2c.
1672 5224 180 76 and
1912 5244 44 56 a
1972 5224 96 76 ff.
2124 5224 56 72 J
2188 5244 180 56 une
2416 5228 108 84 6;
2576 5228 80 72 A
2708 5220 156 80 25
2900 5224 140 88 440;
3104 5216 96 92 C.
3256 5228 76 76 B
3344 5228 200 92 ush,
3604 5228 408 80 London.

692 5332 540 92 (30-17711)
3992 5336 236 84 7097

532 5508 576 124 Capuana,
1172 5512 372 124 Luigi,
1608 5524 124 96 18
1744 5524 56 92 3
1812 5524 428 96 9-1917.

664 5656 956 136 Golden-feather,
1672 5664 148 128 by
1876 5664 528 128 Capuana
2488 5664 68 112 …
2648 5668 612 104 translated
3292 5672 152 132 by
3476 5672 512 132 Dorothy
4024 5672 372 104 Emm-

544 5804 256 132 rich,
860 5808 268 100 with
1188 5812 560 132 drawings
1808 5812 144 132 by
2008 5816 568 132 Margaret
2640 5816 568 104 Freeman.
3340 5820 268 100 New
3664 5820 348 136 York,
4080 5824 128 100 E.
4268 5824 128 100 P.

532 5956 432 100 Dutton
1012 5960 88 96 &
1156 5992 544 100 company
1748 5960 212 104 inc.
2024 5972 76 76 [ͨ
2104 5968 124 96 19
2236 5968 128 96 30
2372 6028 24 64 ]

676 6112 132 72 vii
816 6172 16 24 ,
892 6148 24 60 [
904 6128 32 68 1
920 6112 44 72 ]
1056 6128 112 72 p.,
1228 6112 40 72 1
1328 6112 84 96 l.,
1468 6112 336 84 11-205
1856 6136 84 72 p.
1996 6116 144 80 inc
2152 6116 20 72 l
2192 6184 16 16 .
2264 6120 164 80 col.
2488 6116 312 92 front.,
2860 6120 276 96 illus.,
3188 6144 56 72 p
3252 6124 32 76 l
3292 6188 16 16 .
3424 6124 112 76 21
3556 6116 96 84 ͨͫ.

680 6220 316 76 "First
1048 6220 436 80 edition."

556 6324 88 88 ©
708 6332 248 76 June
1004 6332 136 88 24,
1196 6332 272 84 1930;
1528 6332 48 76 2
1584 6356 44 56 c
1640 6400 16 16 .
1712 6340 184 76 and
1952 6340 164 76 aff.
2172 6340 224 92 July
2448 6344 104 84 7;
2612 6340 80 76 A
2744 6340 332 92 25392;
3140 6344 104 80 E.
3300 6344 96 76 P.
3452 6344 364 80 Dutton
3876 6344 68 80 &
4000 6368 156 60 co.,
4220 6344 176 80 inc.

700 6440 372 112 (30-176
1084 6440 52 80 3
1144 6440 96 92 1)
4000 6448 228 88 7098

544 6616 552 124 Clement,
1152 6620 300 104 John
1508 6628 552 124 Addison,
2124 6636 328 100 1875-

772 6852 16 16 .
892 6764 88 104 … C
984 6764 132 100 oa
1124 6772 488 124 perative
1700 6776 672 128 supervision
2476 6780 104 100 in
2680 6816 124 80 gr
2816 6784 128 96 ad
2960 6820 108 64 es
3208 6780 260 108 even
3556 6796 108 88 to
3752 6796 208 88 twe
3968 6784 32 100 l
4012 6820 124 64 ve
4132 6812 28 56 ,
4256 6784 144 132 by

536 6912 300 100 John
884 6916 500 100 Addison
1444 6920 488 104 Clement
2044 6924 76 104 …
2168 6928 204 100 and
2432 6932 372 104 James
2856 6932 416 100 Homer
3324 6932 88 104 C
3416 6932 36 100 l
3460 6948 360 88 ement
3928 6928 76 104 …
4140 6932 260 104 New

544 7064 308 96 York
896 7072 100 96 &
1048 7064 492 136 London,
1592 7072 236 108 The
1880 7072 484 144 Century
2420 7112 152 68 co.
2636 7060 336 132 [ͨ1930
2956 7060 40 88 ]

676 7220 56 68 x
740 7240 56 56 v
808 7280 16 32 ,
892 7228 52 72 4
952 7228 48 72 5
1004 7228 52 72 2
1124 7244 76 72 p.
1328 7232 272 88 diagr
1608 7252 40 52 s
1656 7292 16 20 .
1792 7220 564 92 20½ͨͫ.
2224 7240 236 88 (The
2528 7240 416 92 Century
3016 7236 492 88 education
3580 7244 332 80 series)
4156 7244 248 92 $2.25

680 7332 476 80 "Selected
1212 7336 488 96 readings"
1756 7320 100 100 at
1908 7348 172 72 end
2140 7348 100 72 of
2288 7368 48 56 e
2348 7340 48 72 c
2380 7320 136 100 ch
2572 7348 408 88 chapter.

584 7424 32 76 ©
716 7436 224 96 July
988 7444 52 72 2
1052 7504 16 28 ,
1120 7444 272 84 1930;
1448 7448 52 72 2
1492 7424 28 76 c
1564 7512 16 12 .
1664 7424 36 76 a
1696 7448 60 64 n
1764 7452 52 76 d
1872 7448 160 84 aff.
2088 7456 224 88 July
2364 7456 48 76 7
2444 7476 20 68 ;
2524 7456 72 76 A
2652 7456 328 96 24947;
3048 7460 412 96 Century
3516 7480 132 60 co.

712 7552 532 92 (30-17716)
4012 7568 228 84 7099

2348 7672 260 100 1082
