4800 8268
2248 7652 192 96 511

548 796 164 76 602
772 816 84 72 p.
968 796 248 76 illus.
1328 796 524 84 23½ͨͫ.

428 900 96 92 ©
588 908 232 72 Mar.
880 904 136 92 31,
1076 904 108 76 19
1184 904 116 76 30
1328 924 16 68 ;
1408 904 52 72 2
1464 924 48 60 c
1520 964 20 16 .
1600 904 184 72 and
1840 896 156 80 aff.
2060 900 216 92 Apr.
2336 896 56 80 9
2420 920 20 68 ;
2500 896 84 80 A
2636 896 116 80 20
2752 896 56 80 9
2808 896 160 96 78;
3040 896 72 80 C
3116 956 16 20 .
3196 896 100 80 V.
3360 896 324 96 Mosby
3744 920 132 56 co.

576 1012 544 96 (30-10063)
3868 1000 240 84 3410

420 1164 520 124 Hosmer,
1004 1164 436 120 George
1496 1160 552 128 Leonard,
2116 1164 328 104 1874-

544 1312 532 132 Geodesy,
1132 1308 576 132 including
1760 1308 776 104 astronomical
2588 1308 784 132 observations,
3424 1308 444 132 gravity
3920 1340 336 68 meas-

416 1468 576 120 urements,
1060 1460 220 100 and
1336 1456 448 104 method
1848 1456 124 104 of
2032 1460 276 100 least
2368 1492 472 96 squares,
2904 1460 148 132 by
3112 1456 432 132 George
3596 1456 128 100 L.
3788 1456 476 100 Hosmer

552 1616 64 104 …
680 1612 144 100 2d
896 1612 200 128 ed.,
1168 1644 216 64 rev.
1460 1608 220 100 and
1752 1640 136 68 en
1880 1612 36 88 l
1936 1684 24 24 .
2100 1608 268 100 New
2444 1604 348 132 York,
2864 1604 108 108 J.
3040 1608 368 132 Wiley
3476 1612 92 96 &
3636 1640 280 96 sons,
3992 1604 264 124 inc.;

412 1760 500 132 London,
972 1756 576 132 Chapman
1604 1760 92 96 &
1748 1752 308 136 Hall,
2112 1756 464 132 limited,
2636 1760 292 96 1930.

552 1920 52 76 2
664 1940 84 72 p.
808 1924 84 88 l.,
952 1916 360 92 iii-xiv,
1364 1916 168 76 461
1592 1936 84 72 p.
1792 1912 276 96 illus.,
2128 1912 348 96 diagrs.
2588 1916 524 88 23½ͨͫ.
3096 1912 248 96 $4.50

428 2020 100 96 ©
588 2028 220 92 Apr.
864 2032 80 88 1,
1004 2024 272 92 1930;
1336 2024 132 88 2c.
1524 2024 220 92 Apr.
1804 2024 104 84 4;
1972 2024 160 76 aff.
2192 2020 216 96 Apr.
2472 2024 104 88 3;
2644 2024 80 72 A
2780 2020 332 96 21579;
3184 2024 100 80 G.
3348 2024 96 76 L.
3508 2024 424 92 Hosmer,
4000 2024 260 80 Cam-

560 2136 348 92 bridge,
960 2140 284 72 Mass.
1372 2132 204 96 (30-
1584 2132 56 76 9
1644 2132 212 92 856)
3872 2128 224 84 3411

420 2292 576 124 Jameson,
1060 2292 392 120 Henry
1508 2284 368 108 Allen.

552 2440 528 104 Contract
1120 2436 392 136 bridge
1556 2436 116 100 in
1728 2440 188 96 193
1916 2444 68 104 0
1996 2516 24 52 ,
2068 2432 144 136 by
2256 2432 400 136 Henry
2700 2432 332 108 Allen
3080 2436 524 104 Jameson
3660 2444 64 112 …
3912 2448 64 88 [
3948 2436 316 104 Cam-

416 2588 244 132 den,
724 2588 136 104 N.
928 2588 144 132 J.,
1136 2584 468 104 Printed
1672 2588 144 128 by
1880 2588 92 96 I.
2044 2584 124 100 F.
2236 2584 708 132 Huntzinger
3016 2620 192 96 co.,
3272 2584 248 132 inc.,
3564 2592 360 124 [ͨ1930]

556 2744 56 80 6
660 2768 84 72 p.
792 2744 88 96 l.,
932 2744 104 76 11
1040 2788 60 8 -
1100 2744 168 76 172
1316 2764 84 72 p.
1512 2740 52 76 1
1616 2740 36 76 i
1656 2744 32 72 l
1692 2744 32 72 l
1732 2760 136 56 us.
1980 2744 636 88 23ͨͫ.

436 2848 100 100 ©
604 2860 220 88 Apr.
884 2856 84 92 2,
1032 2852 272 92 1930;
1372 2852 52 76 2
1428 2864 48 60 c
1488 2916 16 16 .
1576 2852 180 76 and
1824 2852 156 76 aff.
2048 2852 224 92 Apr.
2336 2852 104 92 3;
2512 2852 80 72 A
2656 2852 332 92 21520;
3060 2852 116 80 H.
3244 2852 108 80 A.
3424 2852 468 92 Jameson,
3964 2852 308 80 Phila-

564 2964 404 92 delphia.
1100 2960 216 96 (30-
1316 2960 56 80 9
1376 2960 212 92 826)
3880 2956 236 84 3412

428 3120 332 120 Kerr,
812 3116 504 108 Lennox.

560 3260 308 104 Back
924 3264 268 100 door
1252 3272 348 120 guest,
1652 3260 152 132 by
1856 3260 456 104 Lennox
2372 3260 328 132 Kerr,
2760 3264 688 100 decorations
3508 3264 144 132 by
3712 3260 376 108 James
4152 3260 120 104 C.

424 3412 316 108 Reid.
884 3412 804 132 Indianapolis,
1748 3412 236 100 The
2044 3412 856 100 Bobbs-Merrill
2960 3448 540 96 company
3572 3416 412 120 [ͨ1930]

560 3572 168 76 275
788 3592 88 72 p.
988 3572 36 72 i
1028 3572 212 80 llus.
1352 3568 560 84 22½ͨͫ.

568 3680 316 80 "First
948 3676 436 80 edition."

440 3780 100 92 ©
596 3788 236 76 Mar.
892 3788 132 92 21,
1080 3784 272 96 1930;
1408 3784 60 76 2
1468 3808 48 56 c
1524 3848 16 12 .
1600 3788 236 76 Mar.
1888 3784 160 88 31;
2116 3784 156 76 aff.
2332 3784 236 76 Mar.
2624 3784 52 76 2
2680 3784 60 76 9
2764 3804 20 72 ;
2848 3784 76 76 A
2980 3784 332 96 21433;
3376 3788 96 76 L.
3532 3788 272 96 Kerr,
3864 3788 412 80 London.

588 3896 484 96 (30-9723)
3884 3892 232 84 3413

432 4048 560 124 Klooster,
1052 4052 280 100 Bert
1388 4048 380 108 Louis.

568 4204 404 96 Patent
1048 4200 760 136 accountings;
1888 4236 56 64 a
2024 4204 336 128 phase
2428 4200 124 100 of
2620 4216 228 88 cost
2920 4204 708 132 accounting;
3708 4204 288 104 rules
4064 4208 224 100 and

436 4352 600 132 principles
1108 4352 180 100 for
1360 4348 736 136 determining
2168 4352 388 132 profits
2628 4352 220 104 and
2920 4352 676 136 deductions,
3668 4352 620 132 advantage

436 4504 480 132 derived,
996 4504 544 132 damages,
1620 4504 216 100 and
1912 4500 628 104 reasonable
2620 4504 468 132 royalty,
3164 4540 116 64 as
3352 4508 456 100 evolved
3880 4504 148 132 by
4100 4508 184 96 the

436 4664 364 92 courts
896 4652 116 100 in
1120 4660 380 124 patent
1596 4648 800 136 infringement
2492 4648 744 136 accountings,
3332 4652 148 136 by
3580 4660 272 96 Bert
3952 4656 336 104 Louis

436 4804 516 100 Klooster
1016 4804 60 108 …
1208 4800 264 100 with
1544 4832 60 68 a
1668 4804 52 96 f
1724 4836 60 64 o
1796 4832 344 68 rewor
2148 4804 64 100 d
2284 4804 140 100 by
2492 4804 248 96 Dav
2752 4800 28 100 i
2792 4804 68 100 d
2928 4804 152 96 Hi
3096 4840 100 60 m
3220 4820 68 72 m
3324 4840 52 64 e
3384 4804 32 96 l
3428 4804 64 100 b
3500 4808 32 96 l
3548 4844 56 60 a
3608 4820 68 76 u
3728 4804 60 108 …
4020 4804 268 100 New

440 4952 344 132 York,
840 4948 868 136 Prentice-Hall,
1768 4948 244 136 inc.,
2072 4956 292 92 1930.

572 5108 292 92 xxvii,
924 5104 164 80 795
1144 5128 84 72 p.
1336 5104 596 88 23½ͨͫ.

448 5208 96 96 ©
612 5216 236 80 Mar.
908 5212 136 92 19,
1108 5212 272 96 1930;
1444 5216 132 80 2c.
1636 5216 220 92 Apr.
1916 5216 108 92 4;
2096 5212 156 80 aff.
2316 5216 220 92 Apr.
2600 5216 104 88 3;
2768 5212 84 76 A
2912 5216 332 92 21577;
3316 5216 720 96 Prentice-Hall,
4108 5220 172 76 inc.

596 5324 216 96 (30-
812 5324 56 80 9
868 5324 56 80 9
920 5324 56 80 5
980 5324 104 92 9)
3892 5324 232 84 3414

448 5480 632 120 Landauer,
1136 5480 264 104 Mrs.
1460 5476 312 100 Bella
1828 5476 368 124 Clara,
2260 5480 260 104 1874
2520 5548 60 12 -

584 5628 632 132 "Chalking
1292 5632 180 100 the
1552 5628 296 132 hat",
1924 5640 232 124 etc.,
2240 5632 292 96 from
2608 5632 184 100 the
2872 5632 624 108 collections
3572 5636 128 100 of
3776 5636 316 100 Bella
4172 5632 124 108 C.

452 5780 580 104 Landauer
1116 5788 68 104 …
1384 5776 268 104 New
1736 5776 348 136 York,
2164 5780 304 100 Priv.
2552 5780 336 132 print.
2980 5792 112 92 at
3168 5784 188 104 the
3432 5784 448 104 Harbor
3964 5820 336 96 press,

452 5936 288 96 1930.

604 6084 52 76 6
704 6104 88 72 p.
852 6084 32 68 l
888 6116 44 60 .,
996 6080 340 80 ,[11]-28
1388 6104 112 72 p.,
1556 6084 52 76 2
1664 6088 60 72 1.
1840 6080 276 96 illus.,
2168 6084 104 76 fa
2276 6092 52 60 c
2332 6084 256 80 sims.
2704 6088 632 80 26ͨͫ.

584 6192 328 92 "Sixty
992 6188 312 96 copies
1376 6188 372 96 printed
1832 6196 100 72 at
2008 6196 160 72 the
2244 6192 380 76 Harbor
2700 6196 344 88 press."
3180 6196 232 76 This
3488 6220 228 72 copy
3796 6204 164 72 not
4040 6220 252 56 num-

448 6304 300 76 bered.

584 6408 132 76 "A
796 6404 188 80 few
1060 6404 252 80 little
1392 6404 280 80 items
1752 6404 100 80 of
1936 6404 416 80 railroad
2436 6404 396 80 interest
2916 6412 448 88 gathered
3448 6412 248 76 from
3784 6416 156 76 the
4024 6416 268 76 olden

444 6512 796 96 days."-Introd.

588 6620 328 80 "Some
988 6620 412 96 printers
1472 6620 104 76 of
1648 6620 420 80 railroad
2140 6620 384 80 items":
2608 6624 356 92 prelim.
3036 6628 312 76 leaves
3424 6628 192 76 5-6.

464 6716 100 92 ©
616 6732 232 80 Mar.
900 6728 136 96 27,
1088 6728 272 92 1930;
1412 6728 52 76 2
1468 6752 48 56 c
1524 6792 16 16 .
1592 6728 216 92 Apr.
1856 6732 108 88 4;
2020 6724 156 84 aff.
2228 6728 224 92 Apr.
2500 6736 104 84 3;
2660 6732 80 76 A
2788 6732 328 92 20799;
3176 6736 104 76 B.
3340 6732 96 80 C.
3488 6736 324 76 Landa
3820 6760 60 52 u
3884 6760 128 72 er,
4068 6740 224 80 New

588 6840 276 76 York.
1000 6836 544 96 (30-10060)
3928 6844 224 84 3415

452 6968 512 100 Lanston
1024 6968 608 120 monotype
1688 6964 524 104 machine
2268 7000 592 92 company.

584 7108 776 136 Adjustments
1444 7112 124 100 of
1648 7112 188 104 the
1924 7112 428 136 casting
2432 7116 536 132 machine,
3056 7120 180 100 for
3324 7124 496 104 students
3908 7124 128 100 of
4112 7124 188 100 the

452 7260 432 136 casting
928 7260 496 104 machine
1476 7296 372 68 course
1900 7264 128 100 of
2068 7264 184 100 the
2304 7264 604 132 Monotype
2960 7268 400 104 school.
3480 7272 820 132 Philadelphia,

452 7408 488 104 Lanston
996 7416 592 124 monotype
1640 7412 500 104 machine
2192 7448 188 96 co.,
2440 7420 292 96 1930.
