4800 8268
296 716 24 64 [
328 644 420 104 Pinzón
808 648 468 104 Castilla
1328 652 132 100 de
1520 648 400 104 Carreñ
1872 648 72 100 i
1952 644 744 124 o-Mallarino,
2748 644 404 132 Isabel]

460 832 68 104 …
596 828 424 128 Hados,
1076 824 416 104 novela.
1644 824 224 104 San
1928 824 620 132 Francisco,
2612 820 376 136 Calif.,
3044 820 1072 132 Hispano-America

292 1008 120 108 [ͨ
372 980 256 96 1929
636 1036 24 64 ]

404 1124 168 80 427
620 1148 84 72 p.
756 1124 32 80 i
796 1148 60 56 n
860 1132 80 72 cl
952 1192 16 16 .
1024 1148 56 72 p
1084 1132 28 72 l
1124 1188 16 16 .
1196 1128 308 92 (port.,
1556 1128 416 92 facsim.)
2104 1124 212 80 19ͨͫ.

404 1264 444 76 Author's
896 1268 348 92 pseud.,
1292 1268 312 72 Isabel
1652 1268 116 72 de
1820 1268 612 84 Monserrate,
2488 1268 96 72 at
2636 1264 60 76 h
2704 1264 168 76 ead
2924 1264 104 76 of
3076 1264 240 76 title.

296 1388 96 104 ©
452 1400 216 80 Dec.
720 1404 52 76 3
780 1400 76 92 0,
916 1400 48 76 1
968 1400 52 80 9
1024 1404 48 72 2
1080 1400 52 80 9
1168 1424 16 68 ;
1244 1404 128 76 2c.
1432 1404 184 76 and
1672 1400 160 80 aff.
1892 1400 220 92 May
2168 1400 76 92 6,
2304 1396 272 92 1930;
2636 1400 84 72 A
2772 1400 164 76 232
2944 1400 48 76 3
3000 1396 104 92 9;
3164 1404 76 76 I.
3304 1396 248 84 Pinó
3592 1420 60 52 n
3712 1396 396 84 Castilla

424 1508 108 76 de
596 1508 444 116 Carreffo-
1048 1512 96 76 M
1148 1512 428 92 allarino,
1644 1508 188 80 San
1892 1508 528 80 Francisco.
2560 1508 92 92 (3
2660 1508 56 76 0
2712 1508 220 76 -135
2932 1536 52 76 1
2996 1504 100 96 9)
3724 1500 224 80 5308

280 1716 528 124 Putnam,
864 1720 436 120 George
1360 1720 468 100 Granvil
1832 1720 36 96 l
1876 1748 96 76 e.

424 1892 364 108 Salem
844 1896 388 104 vessels
1292 1900 216 100 and
1564 1900 288 96 their
1904 1928 520 100 voyages;
2488 1936 60 60 a
2600 1896 428 128 history
3080 1892 128 104 of
3256 1892 184 104 the
3496 1892 624 132 European,

280 2040 508 136 African,
836 2044 652 100 Australian
1540 2048 216 100 and
1816 2044 348 108 South
2216 2044 408 100 Pacific
2676 2044 436 100 Islands
3164 2044 316 100 trade
3532 2080 112 64 as
3696 2040 424 104 carried

284 2228 136 64 on
476 2192 144 132 by
684 2192 364 104 Salem
1100 2192 652 132 merchants,
1812 2192 728 136 particularly
2596 2192 184 104 the
2840 2192 248 100 firm
3144 2192 124 104 of
3320 2192 136 104 N.
3512 2192 128 96 L.
3700 2192 420 132 Rogers

284 2344 96 96 &
436 2340 532 136 brothers,
1024 2344 144 132 by
1228 2340 424 136 George
1708 2344 576 104 Granville
2336 2344 516 100 Putnam.
3004 2340 400 136 Salem,
3460 2344 368 132 Mass.,
3888 2344 236 100 The

284 2488 344 104 Essex
676 2488 532 136 institute,
1268 2496 284 96 1930.

404 2644 80 92 8,
536 2644 168 80 175
748 2668 84 68 p.
944 2644 48 76 f
996 2648 268 92 ront.,
1316 2668 56 72 p
1372 2648 32 72 l
1416 2668 52 52 a
1480 2648 36 76 t
1520 2668 124 72 es,
1696 2648 212 92 port
1912 2668 40 56 s
1964 2708 20 20 .
2096 2644 180 80 25ͨͫ
2288 2672 32 48 .

404 2780 436 80 Lettered
896 2800 116 60 on
1068 2800 324 60 cover:
1456 2780 304 80 Series
1860 2804 52 56 IV
1920 2844 20 16 .

412 2888 564 96 "Reprinted
1048 2888 248 80 from
1364 2892 164 76 the
1596 2892 296 76 Essex
1960 2888 436 80 institute
2472 2888 520 80 Historical
3064 2888 560 92 collections,
3696 2892 416 76 volumes

272 2984 176 96 Lxv
500 3004 188 72 and
796 3004 60 64 x
856 3004 56 64 v
912 2984 128 88 r."

292 3116 96 88 ©
444 3136 220 92 Apr.
716 3136 132 88 14,
908 3136 264 88 1930;
1232 3136 128 76 2c.
1416 3136 216 92 Apr.
1692 3136 156 84 16;
1912 3136 156 76 aff.
2128 3140 216 84 May
2396 3136 164 88 10;
2620 3136 76 72 A
2752 3132 328 92 22805;
3140 3136 300 76 Essex
3492 3132 464 80 institute.

444 3244 536 96 (30-13531)
3724 3236 52 84 5
3788 3236 108 84 30
3900 3236 60 84 9

280 3448 408 128 Quinn,
744 3452 452 104 Arthur
1248 3452 500 124 Hobson,
1808 3460 192 100 187
2008 3464 52 92 5
2068 3520 72 12 –
2556 3452 164 104 ed.

408 3628 904 128 Representative
1392 3628 592 100 American
2064 3628 352 132 plays,
2500 3628 296 100 from
2880 3628 260 100 1767
3220 3636 112 92 to
3416 3628 188 100 the
3680 3628 440 128 present

272 3776 252 128 day,
600 3776 364 104 edited
1040 3776 268 100 with
1384 3776 804 104 introductions
2264 3780 216 100 and
2556 3788 304 92 notes
2936 3776 144 132 by
3152 3776 440 100 Arthur
3660 3772 460 104 Hobson

280 3924 100 120 Q
388 3924 268 100 uinn
720 3932 68 104 …
980 3928 180 96 5th
1224 3928 196 124 ed.,
1480 3960 112 68 re
1600 3964 72 60 v
1676 4008 20 16 .
1760 3928 220 100 and
2044 3964 128 64 en
2180 3928 36 96 l
2228 4008 20 20 .
2380 3928 268 100 New
2712 3924 112 100 Y
2824 3964 60 64 o
2892 3924 168 136 rk,
3116 3928 236 96 The
3416 3920 224 108 Cen
3648 3932 48 92 t
3700 3956 208 100 ury
3964 3964 52 60 c
4024 3956 64 68 o
4096 4004 24 24 .

284 4080 372 124 [ͨ1930]

412 4232 124 96 xi,
596 4232 216 80 1107
868 4256 84 68 p.
1068 4232 248 80 illus.
1372 4232 508 92 (facsims.)
2012 4236 224 76 23ͨͫ.
2460 4232 256 92 $5.00

416 4364 448 80 Contains
920 4368 708 92 reproductions
1684 4368 100 76 of
1840 4368 400 92 original
2300 4368 528 92 title-pages
2884 4368 104 76 of
3044 4388 252 56 some
3352 4368 100 76 of
3508 4372 156 72 the
3720 4372 296 88 plays.

420 4476 452 76 "General
932 4476 648 92 bibliography
1640 4476 100 76 of
1796 4480 160 72 the
2016 4476 496 76 American
2572 4476 436 76 drama":
3072 4496 84 72 p.
3216 4472 528 80 1101-1107.

292 4596 96 92 ©
448 4616 96 72 M
548 4632 116 72 ay
720 4612 48 76 1
776 4612 48 76 5
832 4672 16 28 ,
904 4612 48 76 1
960 4612 164 76 930
1156 4632 16 68 ;
1232 4612 128 76 2c.
1420 4612 180 76 and
1656 4612 100 76 af
1744 4612 48 72 f
1800 4672 16 16 .
1872 4612 220 88 May
2148 4612 148 76 17;
2360 4612 80 72 A
2492 4612 48 72 2
2544 4612 56 76 3
2608 4612 52 72 4
2664 4612 104 76 59
2804 4628 20 72 ;
2884 4612 232 76 Cent
3124 4632 60 56 u
3192 4632 104 72 ry
3352 4636 48 52 c
3404 4636 52 52 o
3468 4672 16 16 .

440 4720 540 92 (30-13762)
3728 4720 52 80 5
3788 4720 172 84 310

280 4900 168 96 Ra
448 4896 36 100 l
484 4900 72 120 l,
616 4900 412 100 Harris
1084 4900 580 124 Franklin,
1724 4904 332 104 1870–

484 5080 68 112 …
620 5080 236 100 The
932 5080 564 128 teachings
1576 5076 120 100 of
1776 5080 352 124 Jesus,
2204 5076 148 136 by
2428 5076 404 104 Harris
2912 5080 544 100 Franklin
3532 5080 312 132 Rall;
3932 5116 184 96 ap-

280 5228 412 128 proved
744 5228 148 132 by
944 5228 188 96 the
1184 5224 652 108 Committee
1888 5264 140 60 on
2084 5224 428 104 curricu
2516 5228 36 96 l
2564 5264 184 64 um
2804 5224 124 100 of
2980 5228 184 100 the
3224 5232 372 100 Board
3656 5228 128 104 of
3840 5228 276 108 Sun-

276 5380 220 128 day
560 5376 420 100 schools
1052 5372 128 104 of
1240 5380 184 96 the
1496 5376 608 100 Methodist
2180 5376 596 128 Episcopal
2852 5380 436 100 church.
3432 5376 268 104 New
3772 5372 348 136 York,

280 5524 628 104 Cincinnati
984 5588 28 68 [
1016 5536 192 88 etc.
1224 5588 24 68 ]
1324 5528 232 96 The
1612 5524 612 100 Methodist
2280 5524 284 100 book
2624 5560 456 64 concern
3152 5528 372 128 [ͨ1930]

412 5680 164 76 224
624 5704 84 72 p.
824 5680 108 76 19
1028 5740 20 20 .
1180 5680 512 92 (Kingdom
1748 5700 52 56 o
1804 5680 48 76 f
1904 5680 200 80 God
2156 5704 44 52 s
2204 5680 288 92 eries)

300 5808 96 96 ©
460 5816 220 92 Apr.
740 5816 136 92 29,
944 5816 268 92 1930;
1280 5820 48 72 2
1336 5832 44 64 c
1396 5880 12 16 .
1476 5820 184 76 and
1724 5836 48 60 a
1784 5816 40 72 f
1816 5816 44 76 f
1868 5880 12 16 .
1952 5816 216 92 May
2236 5816 100 92 8;
2408 5816 80 76 A
2544 5816 332 92 23256;
2948 5816 116 80 H.
3132 5816 100 80 F.
3300 5816 80 80 R
3388 5820 156 92 all,
3616 5820 504 92 Evanston,

428 5956 36 68 I
480 5928 28 72 l
504 5932 68 76 l.
692 5968 20 52 [
728 5932 92 100 ©
884 5932 372 88 general
1316 5924 428 108 revision]
1888 5924 540 96 (30-13737)
3728 5920 232 84 5311

292 6104 448 128 Roddis,
800 6104 348 104 Louis
1196 6108 424 124 Harry,
1684 6116 316 96 1886–

416 6284 488 96 Edward
968 6280 420 104 Jenner
1444 6284 216 100 and
1728 6284 184 100 the
1972 6284 568 132 discovery
2608 6280 124 104 of
2792 6284 548 132 smallpox
3404 6284 720 128 vaccination,

292 6428 132 132 by
488 6428 332 104 Louis
884 6432 148 100 H.
1100 6432 424 100 Roddis
1624 6440 72 104 …
1868 6432 596 128 [Menasha,
2528 6432 272 104 Wis.
2816 6496 24 64 ]
2920 6432 424 132 George
3416 6436 360 96 Banta
3852 6436 268 128 pub-

292 6580 404 132 lishing
748 6612 572 100 company,
1376 6584 292 96 1930.

420 6736 52 72 4
528 6752 80 72 p.
664 6736 84 88 l.,
800 6732 168 76 155
1016 6752 80 72 p.
1216 6732 244 80 illus.
1516 6732 144 92 (in
1664 6756 48 56 c
1712 6736 60 76 l.
1832 6736 312 92 ports.,
2200 6732 416 92 facsim.)
2744 6728 524 88 18½ͨͫ.

428 6864 564 92 "Reprinted
1048 6868 244 76 from
1348 6868 160 76 the
1564 6868 428 92 Military
2048 6888 428 76 surgeon,
2532 6872 176 72 vol.
2764 6868 136 96 65,
2956 6892 192 56 nos.
3212 6868 76 96 5,
3344 6868 104 92 6;
3512 6872 180 76 and
3760 6872 172 76 vol.
3992 6872 132 92 66,

296 6992 140 60 no.
488 6968 48 76 1
544 6976 80 68 ."

424 7080 724 92 Bibliography:
1228 7100 84 72 p.
1400 7120 20 56 [
1424 7080 168 80 140
1600 7120 16 56 ]
1624 7084 252 76 -146.
1996 7084 132 72 "A
2204 7084 564 92 chronology
2848 7084 100 76 of
3020 7084 164 76 the
3260 7084 464 96 principal
3800 7088 324 76 events

296 7188 96 76 of
468 7188 424 80 Jenner's
976 7188 276 80 life":
1340 7212 76 68 p.
1508 7228 20 56 [
1532 7192 168 76 147
1708 7228 16 56 ]
1736 7192 248 76 -148.
2104 7188 256 80 "List
2444 7192 100 76 of
2624 7192 424 76 Jenner's
3128 7192 492 96 published
3704 7188 416 80 works":

296 7312 80 72 p.
440 7332 20 56 [
464 7292 192 96 149]

308 7404 92 88 ©
464 7432 212 92 Apr.
732 7436 44 72 1
784 7424 48 76 5
848 7496 12 20 ,
920 7432 264 92 1930;
1244 7436 128 76 2c.
1432 7436 216 92 May
1700 7436 92 72 5;
1860 7436 100 76 af
1952 7436 64 76 f.
2076 7436 216 88 May
2348 7436 100 92 3;
2508 7436 80 72 A
2640 7432 328 92 23298;
3028 7436 100 80 L.
3184 7436 116 80 H.
3360 7436 368 76 Roddis.
3796 7432 324 76 Wash-

436 7540 344 96 ington.
904 7540 320 96 (30-13
1232 7544 48 76 6
1288 7544 152 92 30)
3724 7540 240 84 5312

2080 7644 192 104 807
