4752 8320
444 632 592 128 Corcoran,
1100 632 432 120 George
1588 632 900 104 F.-Continued

436 784 424 132 George
956 784 96 96 F
1064 860 20 20 .
1188 776 88 108 C
1284 812 60 68 o
1352 812 384 68 rcoran
1932 796 64 104 …
2124 780 64 92 2
2196 776 68 100 d
2360 776 164 96 ed.
2700 772 516 132 Chicago,
3320 768 152 104 Ca
3480 772 36 96 l
3528 772 404 132 laghan
4040 808 132 60 an
4184 772 60 100 d

436 964 568 96 company,
1064 932 288 96 1930.

568 1080 52 76 3
688 1104 76 56 v.
880 1080 108 76 24
996 1084 48 92 1
1068 1072 88 80 ".

568 1192 304 88 Paged
936 1184 680 92 continuously.

576 1296 272 76 "New
920 1296 184 76 and
1180 1292 360 80 revised
1612 1292 352 80 edition
2032 1292 104 76 of
2208 1292 152 76 the
2432 1288 404 88 original
2908 1284 488 80 Nebraska
3472 1284 612 80 instructions
4160 1288 96 76 to

436 1400 292 92 juries
796 1400 444 92 compiled
1308 1400 184 76 and
1556 1400 496 92 published
2116 1396 120 92 by
2304 1396 252 76 Good
2628 1396 184 76 and
2884 1396 464 76 Corcoran
3420 1392 96 76 in
3584 1392 672 80 1901."--Pref.

572 1508 332 80 "Table
960 1508 96 80 of
1104 1528 256 56 cases
1412 1504 348 80 cited":
1820 1528 80 52 v.
1952 1504 76 84 3,
2076 1528 84 68 p.
2216 1504 528 76 1983-2058.

448 1604 96 92 ©
608 1620 192 80 Oct.
856 1616 132 92 30,
1044 1616 268 92 1930;
1372 1616 52 72 2
1428 1620 44 68 c
1484 1676 16 16 .
1560 1616 220 76 each
1840 1616 180 72 and
2080 1612 116 76 of
2156 1612 56 76 f
2220 1676 16 16 .
2296 1612 224 80 Nov.
2576 1612 104 92 1;
2740 1612 80 76 A
2872 1612 328 92 29765;
3268 1608 516 96 Callaghan
3840 1616 68 80 &
3968 1632 44 52 c
4016 1628 80 60 o.

596 1724 532 96 (30-31130)
3796 1716 288 80 12608

436 1904 616 128 Cornelius,
1112 1904 372 104 Asher
1540 1908 364 124 Lynn,
1968 1908 320 100 1879-

568 2056 228 100 The
860 2056 208 100 law
1128 2088 64 68 o
1200 2052 56 100 f
1316 2056 376 100 search
1756 2056 208 96 and
2036 2052 460 128 seizure;
2568 2048 324 132 being
2956 2084 60 64 a
3080 2084 384 96 presen
3472 2056 48 92 t
3524 2084 56 64 a
3592 2056 48 92 t
3644 2048 32 100 i
3688 2080 60 64 o
3756 2084 68 60 n
3896 2044 108 104 in
4072 2048 184 100 the

436 2200 292 100 form
796 2200 124 100 of
988 2200 344 100 briefs
1404 2200 360 100 which
1836 2236 320 64 cover
2224 2200 148 96 all
2444 2196 120 104 of
2636 2200 184 96 the
2896 2196 436 100 various
3412 2196 388 128 phases
3876 2192 124 104 of
4076 2196 180 100 the

432 2348 452 132 subject,
936 2348 504 132 together
1496 2348 264 100 with
1824 2348 556 128 pertinent
2440 2344 380 128 forms,
2880 2344 144 132 by
3080 2344 360 100 Asher
3496 2344 124 100 L.
3684 2340 572 104 Cornelius

552 2496 68 112 …
688 2504 60 92 2
752 2500 72 96 d
888 2496 164 104 ed.
1184 2492 800 132 Indianapolis,
2048 2492 232 104 The
2344 2488 852 104 Bobbs-Merrill
3260 2524 540 96 company
3880 2496 136 120 [ͨ
3956 2492 184 96 193
4152 2496 88 108 0]

568 2648 316 96 lxxvii,
944 2644 220 84 1188
1208 2668 116 76 p.,
1372 2652 48 76 1
1476 2648 56 80 1.
1644 2644 540 88 26ͨͫ.

568 2756 336 80 "Table
956 2756 100 76 of
1108 2756 364 80 cases":
1532 2776 84 72 p.
1672 2752 624 80 xxiii-lxxvii.

444 2864 96 92 ©
604 2868 196 76 Oct.
848 2864 136 96 28,
1040 2864 268 92 1930;
1368 2864 48 72 2
1428 2884 44 60 c
1480 2932 16 12 .
1552 2868 224 76 Nov.
1832 2868 100 88 3;
1996 2884 48 56 a
2056 2864 40 72 f
2088 2864 40 72 f
2136 2928 16 16 .
2212 2864 196 80 Oct.
2460 2864 160 92 31;
2680 2864 80 72 A
2812 2860 328 92 29831;
3200 2860 708 76 Bobbs-Merrill
3968 2884 44 52 c
4020 2884 48 52 o
4084 2924 12 12 .

592 2972 536 96 (30-31131)
3796 2964 284 84 12609

436 3152 616 128 Cornelius,
1108 3156 496 100 Roberta
1660 3152 540 128 Douglas,
2260 3164 328 96 1890-

568 3308 228 96 The
868 3300 584 136 figurative
1520 3304 384 124 castle;
1980 3324 56 72 a
2112 3304 328 132 study
2508 3300 112 104 in
2696 3304 180 100 the
2944 3304 564 100 medimval
3576 3340 60 64 a
3644 3304 36 96 l
3692 3304 368 128 legory
4136 3300 120 100 of

432 3452 180 104 the
680 3452 372 104 edifice
1116 3452 268 100 with
1452 3452 460 128 especial
1976 3452 548 104 reference
2588 3464 112 88 to
2768 3452 516 132 religious
3352 3452 500 128 writing;
3960 3456 60 112 …
4116 3448 140 132 by

432 3604 476 100 Roberta
964 3604 140 100 D.
1164 3600 604 108 Cornelius.
1916 3604 308 128 Bryn
2280 3604 388 128 Mawr,
2724 3604 232 124 Pa.,
3016 3608 284 92 1930.

572 3760 48 72 3
672 3764 84 72 p.
804 3756 88 92 l.,
940 3756 164 76 112
1152 3780 112 68 p.,
1312 3760 48 72 1
1412 3760 32 72 1
1452 3820 16 12 .
1584 3760 284 76 22J-.

568 3864 328 80 Thesis
968 3864 100 92 (P
1072 3852 64 80 n
1160 3928 16 16 .
1224 3864 520 92 D.)--Bryn
1800 3868 296 76 Mawr
2148 3868 364 88 college,
2568 3864 244 80 1930.

564 3972 248 80 Vita.

568 4080 500 92 Appended
1120 4080 80 80 is
1252 4084 156 76 the
1460 4080 348 80 Middle
1856 4080 392 92 English
2296 4100 292 72 poem,
2636 4084 480 88 Templum
3172 4080 372 76 Domini
3616 4080 128 92 (p.
3804 4096 28 64 [
3828 4080 412 92 91]-112)

432 4188 584 80 transcribed
1068 4188 244 80 from
1368 4188 160 80 the
1580 4188 360 80 British
2004 4212 412 52 museum
2480 4188 536 76 Additional
3080 4212 84 52 m
3176 4208 40 52 s
3224 4256 20 12 .
3300 4188 52 76 3
3356 4192 48 72 2
3416 4188 104 80 57
3528 4192 72 76 8.
3720 4188 220 80 This
4000 4204 284 80 poem-

432 4296 80 80 is
576 4300 284 76 based
924 4320 248 68 upon
1240 4296 344 80 Robert
1660 4296 432 80 Grossete
2096 4304 44 64 s
2160 4296 156 80 te's
2384 4296 280 80 Latin
2736 4304 244 72 tract
3052 4300 92 76 of
3216 4304 100 72 th
3440 4288 256 88 rame
3764 4300 220 76 title.
4136 4296 120 84 cf.

432 4428 84 68 p.
580 4404 156 96 [90]
800 4408 184 76 and
1044 4404 96 80 C.
1196 4408 368 92 Brown,
1624 4408 76 72 A
1760 4404 392 92 register
2212 4408 96 76 of
2368 4404 348 80 Middle
2776 4408 232 92 Engl
3012 4404 32 76 i
3056 4428 40 56 s
3096 4404 64 76 h
3224 4404 232 92 relig
3464 4408 148 76 iou
3624 4428 40 56 s
3728 4408 68 76 &
3856 4408 396 76 didactic

436 4532 284 76 verse,
776 4512 244 96 1920,
1068 4516 180 76 vol.
1296 4532 76 60 n
1380 4576 16 28 ,
1448 4536 60 56 n
1516 4536 48 56 o
1576 4576 16 16 .
1644 4512 188 80 605.

576 4620 132 80 "A
796 4620 280 80 classi
1080 4624 32 76 f
1116 4620 24 80 i
1148 4624 112 76 ed
1348 4620 160 80 list
1600 4620 100 80 of
1788 4624 276 80 Latin
2160 4624 488 92 allegories
2736 4624 100 76 of
2928 4628 152 76 the
3172 4624 320 80 edifice
3600 4628 28 76 (
3648 4644 40 56 s
3696 4624 432 88 elective)
4152 4624 100 76 ":

432 4752 80 68 p.
576 4744 28 68 [
604 4732 100 76 82
716 4768 20 56 1
740 4728 196 84 -87.

568 4836 720 96 Bibliography:
1348 4860 84 72 p.
1492 4840 360 92 1751-81.

444 4932 96 92 ©
596 4948 196 80 Oct.
836 4952 76 88 4,
960 4936 104 88 19
1072 4944 112 80 30
1212 4968 16 72 ;
1280 4948 132 80 2c.
1456 4952 228 76 Nov.
1728 4948 104 92 6;
1884 4948 160 80 aff.
2092 4952 224 72 Nov.
2368 4936 100 104 5;
2524 4948 76 76 A
2648 4948 328 92 29859;
3028 4952 108 76 R.
3188 4952 112 80 D.
3352 4952 508 92 Cornelius,
3916 4952 348 88 Lynch-

576 5060 256 88 burg,
892 5060 164 76 Va.
1192 5056 536 92 (30-30900)
3800 5056 284 80 12610

436 5208 264 124 Cox,
772 5208 692 112 Trenchard.

568 5356 228 100 The
860 5360 476 100 Nationa
1344 5360 36 96 l
1440 5360 480 132 gallery:
1980 5396 60 64 a
2104 5396 300 64 room
2464 5372 112 88 to
2640 5396 300 68 room
3004 5360 360 136 guide,
3420 5364 144 132 by
3628 5364 284 96 Tren
3920 5376 56 76 c
3984 5360 276 100 hard

436 5504 264 104 Cox.
840 5508 496 128 London,
1408 5508 356 104 Faber
1832 5516 88 96 &
1988 5508 356 104 Faber
2416 5508 424 104 limited
2924 5516 160 96 119
3088 5516 132 96 30

568 5664 48 76 3
668 5684 84 72 p.
800 5664 84 92 l.,
936 5664 276 80 9-267
1264 5684 56 72 p
1320 5692 20 48 .
1460 5664 248 80 illus.
1764 5664 360 96 (plans)
2196 5672 324 88 plates.
2636 5660 224 88 21$".

444 5764 96 92 ©
604 5772 124 80 le.
784 5772 228 84 Nov..
1068 5772 72 96 6,
1200 5776 48 76 1
1252 5772 52 80 9
1312 5776 156 88 30;
1528 5776 80 76 A
1660 5780 124 76 ad
1836 5776 164 80 int.
2056 5776 328 92 14402;
2444 5780 276 88 pubd.
2784 5780 196 76 Oct.
3036 5776 160 92 19;
3256 5780 100 80 T.
3420 5780 120 76 Co
3544 5788 60 68 x
3616 5840 20 32 ,
3696 5780 404 76 London.

592 5880 536 96 (30-32807)
3800 5884 284 84 12611

436 6032 496 124 Crowell,
992 6040 124 96 M
1120 6072 136 68 rs.
1324 6036 356 104 Grace
1752 6040 372 124 (Noll)
2208 6044 312 104 1877-

560 6176 356 136 Songs
972 6180 176 100 for
1212 6216 256 64 cour
1472 6216 52 68 a
1540 6216 160 96 ge,
1760 6180 144 140 by
1968 6184 96 104 G
2076 6220 180 64 rac
2260 6220 52 64 e
2380 6188 256 96 Noll
2704 6188 460 104 Crowell
3264 6188 68 108 …
3488 6192 412 128 Dallas,
3964 6192 292 104 Tex.,

424 6324 228 104 The
724 6324 612 108 Southwest
1408 6368 296 92 press
1824 6348 32 40 1
1868 6336 116 96 19
1996 6340 128 92 30
2136 6400 20 64 ]

564 6484 188 92 viii,
816 6488 104 76 32
984 6508 84 68 p.
1184 6488 104 76 15
1368 6492 68 44 m
1432 6512 20 44 .

444 6584 96 92 ©
604 6596 192 76 Oct.
848 6596 132 92 23,
1040 6596 268 80 1930:
1368 6600 124 80 2c.
1548 6600 228 80 Nov.
1832 6600 152 92 12;
2052 6600 148 80 aff.
2260 6604 228 76 Nov.
2544 6604 100 88 8;
2708 6604 76 76 A
2836 6596 328 100 29993;
3232 6608 532 76 Southwest
3816 6628 284 72 press.

596 6704 324 92 (30-30
916 6716 52 76 0
980 6708 48 72 1
1036 6708 48 72 5
1108 6708 24 92 )
3804 6712 288 84 12612

436 6852 432 128 Daniel,
936 6860 736 124 Hawthorne,
1740 6876 328 92 1890-

568 7008 232 104 The
856 7012 440 104 shadow
1352 7016 120 100 of
1520 7020 188 96 the
1756 7052 148 64 sw
1916 7052 60 60 o
1984 7020 164 104 rd.
2200 7012 140 124 hy
2392 7020 684 104 Hawthorne
3132 7028 448 120 Daniel;
3648 7016 600 108 illustratel

432 7160 144 132 by
636 7160 124 100 E.
820 7160 564 132 Verpilleu
1400 7200 68 60 x
1480 7244 16 16 .
1640 7164 264 104 New
1968 7172 340 104 York,
2364 7172 228 100 The
2652 7172 636 104 Macmillan
3348 7208 568 96 company.
3980 7180 280 92 1930.

572 7308 48 80 6
680 7332 84 72 p.
820 7312 44 76 L
860 7332 20 48 .
892 7372 16 20 .
964 7316 276 76 3-221
1304 7340 80 68 p.
1452 7316 92 76 in
1552 7320 80 76 cl
1644 7380 16 16 .
1720 7320 244 76 illus.
1980 7380 12 20 ,
2056 7316 300 96 plates
2416 7324 24 72 (
2464 7328 44 72 1
2572 7328 112 72 do
2696 7344 56 56 u
2760 7324 52 76 b
2816 7320 136 84 le)
3084 7328 132 76 col
3236 7388 12 16 .
3312 7328 284 76 front.
3712 7292 280 112 221"'.

448 7388 88 88 ©
604 7420 228 76 Nov.
888 7424 132 88 11,
1080 7424 268 84 1930;
1412 7424 128 84 2c.
1600 7448 44 56 a
1660 7448 56 60 n
1728 7428 48 76 d
1840 7428 156 80 aff.
2056 7432 224 76 Nov.
2344 7432 160 92 12;
2568 7432 72 80 A
2704 7428 52 80 2
2760 7416 52 76 0
2816 7432 216 92 972;
3100 7436 536 76 Macmillan
3696 7456 132 60 co.

592 7528 536 92 (30-31026)
3804 7544 284 80 12613

2220 7648 256 96 1955
2432 7652 44 88 ,
