4920 8268
652 712 436 124 Hauck,
1144 708 412 108 Louise
1608 712 316 104 Platt
1928 776 148 12 —
2084 716 620 104 Continued

776 868 168 80 300
1004 892 84 72 p.
1204 868 560 88 19½ͨͫ.

656 972 96 96 ©
812 980 212 76 Feb.
1076 976 132 92 28,
1264 980 44 72 1
1320 976 168 80 930
1520 1000 16 72 ;
1596 980 128 80 2c.
1776 980 188 76 and
2016 980 156 76 aff.
2228 984 100 76 M
2332 1000 132 60 ar.
2520 980 156 92 12;
2736 980 76 76 A
2868 980 328 92 20214;
3256 980 256 80 Penn
3568 980 212 92 pub.
3836 996 104 60 co
3948 1040 16 16 .

800 1084 484 96 (30-7196)
4108 1080 228 88 2088

656 1264 612 124 Hayward,
1328 1268 396 104 Grace.

776 1412 240 100 Her
1092 1412 428 104 unborn
1596 1412 336 132 child,
2008 1412 560 104 novelized
2648 1416 148 128 by
2864 1412 352 108 Grace
3296 1412 576 132 Hayward
3952 1412 296 104 from
4324 1412 184 104 the

640 1564 484 100 scenario
1172 1564 144 120 by
1364 1564 520 100 Frederic
1928 1568 216 96 and
2196 1564 396 132 Fanny
2636 1564 472 136 Hatton,
3156 1564 624 100 illustrated
3832 1564 268 100 with
4148 1596 360 72 scenes

648 1712 284 104 from
1008 1712 188 104 the
1268 1712 532 104 Windsor
1868 1712 444 132 talking
2384 1712 456 132 picture.
2988 1716 268 100 New
3336 1712 348 132 York,
3756 1716 392 104 World
4232 1712 276 108 wide

644 1860 644 136 publishing
1340 1900 192 92 co.,
1580 1864 208 100 inc.
1860 1868 264 96 c193
2136 1864 96 128 01

772 2024 48 80 3
876 2044 84 72 p.
1020 2024 84 92 1.,
1168 2024 132 80 [11
1308 2060 24 56 ]
1340 2024 168 76 -18
1512 2020 52 72 8
1620 2044 84 72 p.
1820 2024 336 92 plates.
2268 2024 536 88 17ͨͫ.

776 2132 480 92 "Adapted
1312 2132 248 72 from
1616 2132 420 76 Howard
2088 2132 408 80 McKent
2544 2132 388 76 Barnes'
2988 2132 216 96 play
3260 2132 116 92 by
3436 2132 432 80 Frederic
3928 2136 184 76 and
4172 2136 328 92 Fanny

640 2236 444 84 Hatton."

652 2344 92 96 ©
824 2344 208 84 Feb.
1104 2348 132 88 27,
1316 2344 264 80 1930:
1656 2348 52 72 2
1712 2364 48 64 c
1772 2408 16 16 .
1860 2348 152 80 Ma
2024 2364 64 64 r.
2168 2348 100 88 6;
2348 2348 156 76 aff.
2584 2348 228 76 Mar.
2888 2348 100 92 4;
3068 2348 76 76 A
3216 2344 220 76 2014
3444 2352 56 76 8
3528 2368 16 72 ;
3624 2348 440 80 Windsor
4132 2348 148 92 pic
4292 2356 208 72 ture

776 2480 60 76 p
836 2472 232 76 lays,
1128 2456 92 76 in
1232 2480 48 56 c
1276 2500 52 48 .,
1388 2472 220 76 New
1672 2456 276 80 York.
2084 2456 484 96 (30-7198)
4084 2456 232 84 2089

644 2636 424 128 Hobbs,
1128 2636 492 104 William
1680 2640 536 124 Herbert,
2280 2648 320 96 1864-

784 2792 632 132 Exploring
1484 2792 336 104 about
1884 2792 188 104 the
2144 2792 356 104 North
2576 2792 244 132 pole
2892 2792 124 100 of
3084 2792 184 104 the
3340 2792 388 132 winds,
3796 2792 148 136 by
4008 2792 504 104 William

640 2940 484 104 Herbert
1188 2940 384 104 Hobbs
1652 2940 64 112 …
1908 2940 728 104 Decorations
2692 2944 148 132 by
2904 2940 184 104 the
3152 2940 452 132 author;
3676 2940 272 104 with
4012 2948 132 96 26
4208 2944 300 100 illus-

644 3092 468 104 trations
1168 3092 212 104 and
1444 3124 344 100 maps.
1936 3092 268 100 New
2264 3088 344 136 York,
2664 3092 500 132 London,
3220 3092 132 104 G.
3412 3092 128 100 P.
3596 3092 576 108 Putnam's
4228 3132 288 92 sons,

648 3248 284 96 1930.

776 3396 188 92 viii,
1028 3396 172 80 376
1268 3420 80 72 p.
1460 3396 320 88 front.,
1852 3396 168 76 illu
2032 3416 40 56 s
2084 3460 16 16 .
2156 3396 140 88 (in
2356 3396 28 76 l
2400 3456 12 16 .
2484 3416 288 72 maps,
2844 3396 268 92 plan)
3196 3400 332 88 plates,
3600 3404 208 88 port
3816 3424 40 52 s
3868 3464 20 16 .
4004 3400 224 84 24-,

772 3508 268 88 Maps
1092 3524 116 60 on
1256 3504 708 96 lining-papers.

772 3620 136 72 An
984 3620 396 72 account
1448 3616 104 76 of
1624 3616 264 76 three
1952 3616 592 92 expeditions
2616 3620 92 72 to
2784 3612 528 80 Greenland
3384 3616 516 80 conducted
3976 3620 292 80 under
4340 3620 160 80 the

632 3728 432 92 auspices
1116 3728 96 72 of
1272 3728 156 76 the
1488 3716 540 100 University
2088 3724 100 76 of
2244 3724 500 88 Michigan,
2800 3724 152 76 for
3008 3724 160 76 the
3228 3744 400 76 purpose
3684 3728 100 76 of
3840 3728 448 92 studying
4340 3728 156 80 the

632 3836 296 80 winds
980 3856 220 60 over
1252 3836 160 80 the
1460 3836 256 84 great
1776 3832 376 92 ice-cap.

644 3932 100 96 ©
800 3944 216 80 Feb.
1064 3944 52 80 2
1116 3944 52 76 8
1184 4008 12 20 ,
1252 3940 288 96 1930;
1600 3940 180 96 2c,
2064 3940 60 96 3
2124 3952 24 64 ;
2208 3940 132 96 aff
2352 4004 20 20 .
2424 3940 232 76 Mar.
2728 3940 120 96 1;
2900 3940 36 76 A
3004 3944 48 72 1
3060 3940 232 96 9835
3316 3964 20 72 ;
3396 3944 72 76 G
3484 4008 12 12 .
3552 3944 100 80 P.
3708 3948 408 76 Putnam
4124 3944 16 20 '
4152 3968 48 56 s
4252 3968 240 56 sons.

788 4052 488 96 (30-7088)
4100 4048 228 88 2090

640 4212 352 120 Horn,
1056 4204 552 108 Annabel.

776 4360 104 100 K
892 4400 52 64 e
948 4400 72 96 y
1104 4384 116 76 to
1304 4356 96 92 U
1420 4392 64 68 n
1500 4356 68 104 it
1736 4368 300 108 tests
2028 4364 116 96 fo
2156 4396 44 64 r
2276 4368 180 108 use
2680 4364 240 112 with
2976 4368 300 108 First
3328 4360 136 100 La
3480 4360 76 100 ti
3580 4396 68 64 n
3736 4364 96 96 le
3840 4396 100 64 ss
3948 4396 60 64 o
4016 4396 68 64 n
4088 4368 120 108 s.
4264 4400 72 80 p
4344 4396 160 68 re-

628 4508 332 132 pared
1028 4504 144 132 by
1232 4504 508 100 Annabel
1800 4504 324 100 Horn
2188 4508 220 100 and
2468 4504 308 100 Harr
2804 4576 8 60 y
2920 4508 512 100 Fletcher
3496 4504 344 108 Scott.
3972 4504 524 136 Chicago,

628 4660 264 100 New
956 4656 312 100 York
1340 4664 264 120 [etc.]
1684 4652 344 132 Scott,
2088 4656 600 100 Foresman
2752 4656 220 100 and
3036 4692 544 96 company
3664 4660 260 112 [ͨ193
3932 4660 60 100 0
4000 4720 28 64 ]

764 4816 104 76 14
924 4816 24 76 l
964 4876 16 12 .
1100 4812 592 84 24½ͨͫ.

636 4920 96 96 ©
792 4924 212 80 Feb.
1056 4924 76 88 8,
1188 4924 272 88 1930;
1512 4924 52 76 2
1568 4940 48 60 c
1628 4988 12 12 .
1696 4928 184 72 and
1932 4920 156 80 aff.
2148 4924 212 76 Feb.
2416 4924 156 88 12;
2632 4924 76 72 A
2760 4920 328 92 19485;
3156 4924 284 92 Scott,
3500 4924 508 76 Foresman
4068 4924 68 80 &
4184 4944 108 60 co
4304 4988 16 16 .

788 5032 28 96 (
828 5032 116 80 30
944 5068 48 48 -
1004 5028 268 92 7093)
4096 5028 228 88 2091

820 5184 60 112 …
940 5180 292 108 Unit
1292 5196 268 88 tests
1624 5180 184 104 for
1868 5216 184 68 use
2112 5180 272 104 with
2456 5180 304 104 First
2824 5180 336 104 Latin
3228 5188 440 124 lessons,
3736 5188 540 132 prepared
4348 5188 148 132 by

620 5332 508 104 Annabel
1232 5332 324 100 Horn
1656 5332 216 100 and
1976 5332 388 132 Harry
2464 5332 512 100 Fletcher
3080 5332 340 108 Scott.
3592 5332 528 136 Chicago,
4228 5336 264 104 New

628 5480 312 104 York
1008 5548 24 64 [
1044 5492 108 92 et
1148 5500 76 80 c.
1256 5548 24 64 ]
1352 5480 344 132 Scott,
1760 5480 604 104 Foresman
2424 5480 216 104 and
2704 5516 544 100 company
3324 5480 268 132 [ͨ193
3600 5480 120 120 0]

760 5640 108 76 24
920 5644 56 72 1.
1092 5636 508 88 27ͨͫ.
1452 5636 244 92 (The
1748 5636 256 80 Lake
2060 5636 432 80 classical
2548 5636 344 96 series)

652 5740 80 92 ©
788 5752 216 76 Feb.
1056 5752 76 88 5,
1188 5752 48 72 1
1244 5752 48 72 9
1296 5752 160 88 30;
1512 5752 128 72 2c.
1700 5752 184 76 and
1936 5748 136 80 aff
2076 5816 16 12 .
2328 5748 180 104 Feb.
2420 5760 100 64 8;
2580 5752 76 72 A
2712 5752 116 76 18
2824 5764 56 60 5
2880 5752 52 72 4
2940 5760 52 64 5
3024 5768 16 56 ;
3108 5752 168 76 Sco
3288 5756 24 72 t
3328 5756 60 72 t.
3452 5752 508 76 Foresman
4020 5752 68 80 &
4140 5776 104 52 co
4256 5816 12 16 .

780 5860 488 92 (30-7093)
4084 5856 240 84 2092

636 6016 360 120 Hyde,
1056 6012 428 104 Robert
1548 6012 528 104 Edward.

768 6164 104 104 A
956 6164 588 104 handbook
1628 6200 140 68 on
1848 6164 512 104 criminal
2460 6164 204 120 law
2740 6168 212 100 and
3040 6168 512 100 criminal
3640 6168 632 128 procedure,
4360 6164 140 132 by

632 6316 412 100 Robert
1104 6316 128 96 E.
1296 6316 360 132 Hyde.
1816 6380 20 60 [
1856 6316 628 128 Cleveland]
2560 6316 236 100 The
2856 6316 704 104 Weidenthal
3624 6352 188 96 co.,
3880 6320 284 96 1929.

760 6472 160 76 191
972 6488 84 80 p.
1172 6468 600 88 18½ͨͫ.

632 6560 96 96 ©
800 6584 216 76 Dec.
1080 6580 80 88 3,
1224 6580 272 88 1929;
1568 6564 128 92 2c.
1764 6580 180 76 and
2016 6600 44 56 a
2076 6576 96 80 ff.
2244 6580 216 76 Dec.
2528 6580 52 72 6
2596 6580 24 72 ;
2704 6580 72 76 A
2848 6580 324 92 17224;
3252 6580 104 76 R.
3428 6576 84 76 K
3504 6604 16 48 .
3600 6584 300 88 Hyde,
3972 6576 500 80 Cleveland

760 6688 428 96 Heights.
1260 6676 104 88 O.
1496 6688 328 88 (30-70
1820 6676 56 76 8
1884 6692 100 92 4)
4084 6684 232 84 2093

628 6848 64 100 J
704 6844 56 100 é
768 6876 412 92 ramec,
1236 6844 528 124 Jacques.

852 7000 60 104 …
972 6992 156 100 La
1220 6992 176 104 vie
1476 6992 132 104 de
1700 6992 532 132 Scarron;
2324 7028 176 92 ou,
2584 6992 156 104 Le
2828 6992 220 104 rire
3136 7004 372 92 contre
3600 6992 96 104 le
3784 6992 396 104 destin.
4276 7024 204 100 par

620 7144 468 128 Jacques
1144 7140 532 104 Jéramec.
1800 7144 360 124 Paris,
2216 7140 664 116 Gallimard,
2940 7144 288 100 1929.

760 7300 48 72 2
880 7316 84 72 p.
1040 7300 28 72 l
1076 7324 48 64 .,
1208 7332 20 60 [
1236 7300 52 76 7
1344 7340 12 12 ]
1360 7296 196 76 -240
1620 7316 108 72 p.,
1808 7300 44 72 1
1932 7300 32 72 l
1976 7360 16 16 .
2108 7300 288 76 front.
2512 7296 536 84 19ͨͫ.
2872 7292 264 96 (Vies
3216 7300 160 76 des
3456 7300 416 76 hommes
3952 7300 24 72 i
3984 7292 36 80 l
4024 7300 468 72 lustres-

620 7404 120 88 n°
788 7404 160 92 39)

628 7512 96 88 ©
804 7512 192 84 Oct.
1072 7516 48 76 2
1128 7512 48 80 5
1188 7576 12 24 ,
1280 7516 268 84 1929;
1684 7516 112 96 1c.
1832 7516 208 76 Jan.
2112 7516 76 88 2,
2264 7516 272 88 1930;
2616 7512 596 96 A—Foreign
3292 7516 268 88 5778;
3640 7512 468 80 Librairie
4184 7512 176 76 Gal
4360 7512 32 76 l
4404 7516 68 72 i-

756 7624 296 80 mard.
1184 7620 484 96 (30-7346)
4072 7616 228 88 2094

2424 7732 56 96 3
2496 7732 48 96 1
2552 7724 56 92 6
