4800 8268
364 628 352 124 Niles,
772 632 124 100 M
904 664 136 68 rs.
1096 624 348 112 Blair.

500 780 308 132 Free,
884 784 144 132 by
1104 784 320 96 Blair
1496 780 308 104 Niles
1884 784 64 108 …
2152 776 268 104 New
2500 776 348 140 York,
2920 776 604 136 Harcourt,
3600 780 352 100 Brace
4028 780 220 100 and

356 964 548 100 company
972 932 372 128 [ͨ1930]

488 1084 44 76 5
592 1108 84 72 p.
728 1088 88 92 1.,
872 1088 168 80 296
1092 1108 84 72 p.
1292 1088 48 72 1
1348 1084 540 88 9½ͨͫ
1560 1148 16 20 .

368 1184 92 92 ©
544 1196 212 80 Jan.
824 1196 112 80 30
944 1260 16 28 ,
1036 1196 104 76 19
1148 1196 48 80 3
1204 1196 100 92 0;
1384 1196 52 76 2
1436 1200 48 68 c
1496 1264 16 12 .
1588 1196 180 76 and
1844 1196 156 76 aff.
2080 1192 216 80 Feb.
2372 1196 56 76 6
2452 1216 20 72 ;
2548 1196 80 72 A
2700 1196 48 72 1
2756 1188 56 80 8
2812 1192 220 96 499;
3112 1196 108 76 B.
3292 1192 288 96 Niles,
3656 1196 228 76 New
3956 1196 284 80 York.

520 1304 488 96 (30-4237)
3908 1296 172 88 768

368 1484 288 104 Ohio
736 1488 840 136 jurisprudence
1652 1488 64 112 …
1864 1528 56 64 a
2000 1488 536 132 complete
2616 1496 584 96 statement
3280 1492 124 100 of
3476 1488 192 104 the
3740 1488 216 100 law
4036 1484 220 104 and

500 1640 484 132 practice
1044 1640 124 104 of
1228 1640 184 104 the
1476 1644 284 100 state
1820 1640 128 104 of
2008 1636 328 132 Ohio,
2396 1640 276 100 with
2740 1640 384 100 forms.
3268 1636 408 104 Editor
3740 1640 116 104 in
3920 1636 336 136 chief,

496 1788 372 108 Willis
916 1792 136 96 A.
1112 1788 504 128 Estrich;
1672 1788 632 136 consalting
2352 1792 396 132 editor,
2792 1788 504 104 William
3344 1792 156 104 M.
3552 1788 700 128 McKinney;

496 1940 608 132 managing
1148 1940 396 128 editor,
1588 1940 432 132 George
2072 1940 108 104 S.
2228 1940 440 104 Gulick.
2816 1976 96 68 v.
2968 1948 88 92 9.
3112 1940 600 132 Contempt
3752 1948 116 96 to
3920 1940 332 108 Coro-

492 2128 276 68 ners.
920 2092 632 120 Rochester,
1616 2092 132 100 N.
1820 2092 176 132 Y.,
2060 2092 236 100 The
2360 2088 524 136 Lawyers
2948 2132 48 60 c
3008 2092 684 132 o-operative
3756 2088 496 136 publish-

488 2244 196 112 ing
740 2276 580 100 company,
1384 2248 288 96 1930.

484 2400 32 76 i
516 2408 60 64 x
592 2464 16 32 ,
680 2400 104 80 82
792 2396 52 80 0
908 2420 80 72 p.
1112 2396 292 80 front.
1460 2396 332 96 (port.)
1932 2396 560 88 25ͨͫ.

356 2496 96 92 ©
520 2512 216 76 Jan.
788 2512 132 76 23.
980 2512 44 72 1
1040 2508 168 76 930
1240 2528 16 72 ;
1316 2508 52 76 2
1372 2520 48 60 c
1432 2572 16 12 .
1508 2512 56 76 J
1584 2516 44 64 a
1636 2528 88 60 n.
1780 2512 52 72 3
1840 2508 100 80 0:
2004 2528 52 56 a
2068 2508 36 76 f
2092 2508 52 76 f
2152 2572 12 16 .
2224 2512 216 76 Jan.
2500 2516 48 72 3
2560 2512 100 88 1;
2724 2512 80 72 A
2864 2508 332 88 19295;
3264 2512 76 72 L
3344 2532 48 52 a
3412 2528 296 72 wyers
3772 2532 48 56 c
3824 2536 48 52 o
3884 2552 24 12 -
3916 2528 52 56 o
3976 2528 164 72 per
4140 2512 96 68 a-

484 2620 192 76 tive
740 2624 212 92 pub.
1016 2640 132 56 co.
3896 2612 176 88 769

352 2804 252 120 Orr,
664 2800 624 108 Christine.

484 2952 564 104 Artificial
1112 2956 248 112 silk,
1424 2992 60 64 a
1544 2956 360 132 novel,
1964 2956 148 132 by
2180 2952 572 108 Christine
2812 2952 252 104 Orr.
3212 2956 504 132 London,
3772 2956 472 104 Hodder

344 3112 220 100 and
632 3104 632 136 Stoughton
1336 3104 332 132 [1929]

476 3260 120 96 vi,
648 3264 96 76 7-
760 3260 52 80 3
820 3260 108 80 17
980 3284 80 72 p.
1180 3256 52 76 1
1236 3252 540 96 9½ͨͫ
1448 3324 12 16 .

352 3368 96 96 ©
568 3376 120 96 1c.
696 3376 212 76 Jan.
968 3372 128 84 29.
1160 3372 104 76 19
1276 3380 56 76 3
1328 3372 104 84 0;
1492 3376 80 72 A
1628 3376 120 72 ad
1808 3372 92 76 in
1912 3376 60 72 i.
2036 3376 28 68 1
2092 3380 52 72 3
2148 3372 212 88 528:
2428 3376 276 88 pubd.
2768 3372 140 76 De
2912 3392 48 56 c
2968 3432 16 16 .
3044 3372 52 80 3
3104 3436 20 28 ,
3184 3372 276 92 1929;
3524 3376 96 80 C.
3684 3372 76 80 O
3768 3392 124 72 rr,
3952 3372 280 76 Edin-

480 3484 328 88 burgh.
944 3484 28 92 (
988 3480 120 80 30
1108 3520 52 16 -
1156 3480 168 80 449
1328 3484 48 76 3
1404 3488 28 88 )
3896 3476 168 84 770

340 3636 472 124 Parker,
876 3640 268 104 Mrs.
1216 3632 540 108 Florence
1828 3636 456 104 Gordon
2368 3636 680 124 (Williams)
3136 3648 332 96 1885-

472 3788 664 124 Quotations
1232 3788 296 104 from
1612 3824 292 68 some
1988 3784 128 104 of
2196 3788 188 100 the
2464 3788 440 104 world's
2988 3788 236 104 best
3308 3788 612 104 literature.
4012 3792 216 100 and

332 3940 164 108 Or
504 3940 28 96 i
544 3940 308 136 ginal
928 3940 372 132 lyrics,
1372 3940 148 104 by
1592 3940 408 100 Floren
2008 3976 52 64 c
2048 3976 76 108 p
2200 3940 140 104 W
2348 3936 924 104 illiams-Parker.
3420 3944 216 96 Los
3712 3940 324 108 Ange
4044 3940 36 96 l
4088 3976 140 96 es,

352 4088 376 108 Calif.,
796 4088 424 108 Wetzel
1292 4088 652 132 publishing
2012 4124 48 68 c
2072 4124 60 64 o
2144 4168 56 48 .,
2272 4088 248 136 inc.,
2596 4096 288 96 1929.

472 4252 112 76 47
636 4252 52 76 p
700 4312 16 16 .
832 4248 600 88 21ͨͫ.

352 4344 92 96 ©
516 4360 80 76 D
608 4380 48 56 e
664 4384 48 56 c
720 4424 16 12 .
796 4364 80 80 4,
940 4360 108 76 19
1052 4360 120 76 29
1196 4380 20 68 ;
1284 4360 52 76 2
1344 4384 48 52 c
1400 4424 16 12 .
1480 4360 60 76 J
1548 4380 44 56 a
1612 4384 84 52 n.
1760 4360 80 92 9,
1904 4360 48 72 1
1964 4360 48 76 9
2020 4356 112 76 30
2148 4368 28 64 ;
2252 4356 160 80 aff.
2480 4360 216 76 Jan.
2764 4360 48 72 2
2848 4376 16 72 ;
2936 4360 80 72 A
3080 4360 48 76 1
3140 4360 48 76 7
3192 4360 56 72 8
3256 4360 52 76 0
3316 4360 96 88 7;
3488 4360 456 76 Florence
4004 4356 152 76 Wi
4164 4360 24 72 l
4200 4400 28 12 -

472 4472 708 80 liams-Parker.
1248 4472 184 76 Los
1496 4468 400 92 Angeles
1896 4496 20 44 .
2068 4468 28 92 (
2116 4468 112 76 30
2232 4512 48 8 -
2284 4468 52 76 4
2344 4468 112 76 00
2460 4468 100 96 7)
3884 4464 116 80 77
4012 4460 44 84 1

348 4624 368 124 Potts,
768 4624 340 124 John,
1168 4628 256 104 1879
1432 4692 64 8 –

468 4772 468 132 Getting
1036 4772 248 104 well
1388 4776 224 100 and
1716 4772 452 136 staying
2272 4772 300 120 well;
2684 4808 60 64 a
2852 4772 284 104 book
3244 4772 180 100 for
3528 4772 700 104 tuberculous

336 4960 72 96 p
420 4960 60 64 a
488 4924 228 100 tien
724 4936 44 88 t
776 4960 84 96 s,
924 4924 228 132 pub
1156 4924 36 100 l
1204 4924 36 100 i
1248 4960 52 64 c
1328 4924 420 100 'health
1808 4960 420 96 nurses,
2296 4924 220 100 and
2584 4924 472 108 doctors,
3124 4924 148 132 by
3340 4924 304 104 John
3716 4924 92 100 P
3816 4936 112 88 ot
3940 4936 96 88 ts
4124 4924 68 112 …

340 5072 756 104 introduction
1168 5072 148 136 by
1388 5072 104 108 J.
1576 5076 128 100 B.
1784 5072 636 136 McKnight
2520 5072 72 112 …
2776 5072 136 104 2d
2996 5072 160 104 ed.
3312 5072 160 104 St.
3552 5072 372 104 Louis.
4004 5072 240 104 The

344 5220 120 108 C.
524 5224 140 108 V.
724 5224 396 136 Mosby
1180 5260 580 96 company,
1828 5228 288 96 1930.

476 5380 164 84 221
704 5404 84 72 p.
908 5380 48 76 2
964 5376 540 88 0½ͨͫ.

364 5472 92 88 ©
524 5492 212 80 Jan.
800 5492 48 76 2
856 5492 60 80 0
920 5552 12 32 ,
996 5492 56 72 1
1052 5488 60 72 9
1112 5480 160 104 30;
1336 5492 132 80 2c.
1528 5496 184 76 and
1780 5512 44 60 a
1840 5492 36 72 f
1872 5492 64 80 f.
2004 5492 212 80 Jan.
2280 5492 160 92 27;
2504 5492 84 76 A
2648 5488 172 80 192
2820 5492 52 80 3
2876 5492 104 92 1;
3052 5492 96 80 C.
3212 5492 104 76 V.
3384 5492 328 92 Mosby
3776 5512 128 56 co.

484 5604 92 92 (3
584 5600 56 80 0
644 5600 328 92 -3974)
3880 5596 180 84 772

336 5752 568 120 Progress
956 5752 128 104 of
1136 5752 496 108 nations;
1692 5752 188 104 the
1936 5764 304 124 story
2296 5752 124 100 of
2476 5752 184 100 the
2720 5756 348 96 world
3128 5756 220 100 and
3408 5752 124 100 of
3588 5756 140 100 its
3788 5752 444 132 peoples

476 5900 300 104 from
856 5900 184 104 the
1128 5900 324 104 dawn
1536 5896 124 108 of
1740 5900 436 132 history
2256 5912 116 92 to
2456 5900 192 104 the
2728 5912 444 120 present
3260 5900 252 132 day,
3600 5900 632 104 chronicled

468 6052 276 100 with
804 6052 192 100 the
1052 6052 600 100 assistance
1708 6048 124 104 of
1892 6052 488 100 eminent
2440 6052 604 100 historians
3112 6048 296 104 from
3476 6052 448 108 leading
3988 6052 240 100 uni-

472 6200 496 104 versities
1040 6200 212 104 and
1332 6200 464 132 colleges
1864 6200 220 104 and
2156 6200 588 132 published
2820 6200 112 100 in
3008 6200 184 104 the
3264 6200 512 104 interests
3848 6200 128 104 of
4044 6200 184 104 the

468 6352 536 100 Disabled
1092 6352 596 100 American
1780 6360 504 92 veterans
2380 6348 124 104 of
2588 6352 192 100 the
2868 6352 352 100 world
3316 6388 232 64 war
3640 6352 216 100 and
3952 6352 124 100 of
4168 6388 60 64 a

468 6500 524 132 patriotic
1076 6500 224 104 and
1384 6500 628 132 intelligent
2096 6500 816 104 Americanism
2928 6500 64 112 …
3284 6500 528 132 Chicago,
3892 6504 168 100 De
4068 6516 72 88 p
4152 6512 76 92 t.

472 6648 124 104 of
660 6652 868 116 rehabilitation,
1592 6652 540 100 Disabled
2200 6652 596 100 American
2860 6660 504 92 veterans
3436 6648 124 104 of
3624 6652 184 100 the
3880 6652 348 100 world

476 6840 236 64 war
776 6808 44 88 [
804 6816 36 40 ͨ
848 6812 320 104 1930]

472 6956 44 64 6
572 6984 56 56 v
640 7024 16 16 .
764 6964 96 72 fr
864 6984 52 56 o
920 6980 64 56 n
988 6964 84 76 ts
1084 7024 16 12 .
1156 6960 220 92 (par
1384 6964 36 76 t
1472 6984 104 56 co
1580 6964 108 88 l.)
1744 6964 276 92 illus.,
2072 6964 308 88 plates
2436 6960 264 96 (part
2752 6984 104 56 co
2860 6964 112 88 l.)
3020 6964 292 88 ports.
3368 6960 264 92 (part
3688 6984 100 56 co
3796 6964 108 92 l.)
3952 6980 268 72 maps

356 7076 264 88 (part
680 7072 280 88 fold.)
1012 7072 328 80 tables.
1460 7072 48 76 2
1520 7068 504 88 3ͨͫ.

472 7180 564 76 Illustrated
1096 7180 708 92 lining-papers.

472 7288 456 76 Contains
992 7288 764 96 bibliographies.

352 7368 88 88 ©
512 7400 212 76 Jan.
788 7400 132 88 24,
988 7396 112 76 19
1096 7400 52 76 3
1156 7396 104 88 0;
1324 7388 48 76 2
1380 7420 48 56 c
1440 7460 16 16 .
1520 7400 228 80 each
1812 7400 212 76 Jan.
2092 7396 156 96 30;
2320 7420 52 56 a
2380 7396 44 76 f
2416 7396 64 84 f.
2544 7400 212 76 Jan.
2824 7400 48 72 2
2876 7396 64 80 9
2964 7420 20 72 ;
3052 7400 84 72 A
3196 7396 328 92 19275;
3596 7400 624 92 Department

448 7508 100 72 of
604 7508 732 80 rehabilitation.
1404 7508 448 76 Disabled
1912 7508 500 76 American
2468 7508 440 76 veterans
2968 7508 100 80 of
3124 7508 164 80 the
3340 7508 296 76 world
3696 7524 224 68 war,
3980 7504 212 80 Chi-

460 7616 256 92 cago.
852 7616 96 92 (3
956 7608 120 96 0-
1024 7600 316 112 4312)
3864 7608 176 88 773

2120 7724 192 96 123
