4800 8268
2272 7652 204 108 197

472 612 660 124 Buchanan,
1192 612 300 104 John
1548 608 524 128 Jenkins,
2132 620 324 96 1855-

604 764 304 104 Take
980 800 284 104 your
1336 800 252 68 own
1660 800 184 68 car
1924 764 412 104 abroad
2416 764 216 104 and
2716 760 232 108 find
3020 800 284 96 your
3376 796 248 72 own
3700 764 504 128 Europe;
4284 800 64 64 a

472 916 280 104 book
816 916 128 104 of
1008 920 460 100 modern
1532 916 744 132 independent
2348 928 360 88 motor
2776 948 184 68 car
3032 916 356 100 travel
3468 976 20 68 (
3500 916 144 132 by
3656 976 24 64 ,
3756 912 112 104 J.
3936 912 112 104 J.
4120 912 220 100 Bu-

472 1072 464 132 chanan,
1020 1092 64 68 H
1112 1148 24 20 .
1212 1100 152 96 D.;
1444 1100 216 100 pen
1736 1068 216 100 and
2032 1064 192 100 ink
2300 1064 564 132 drawings
2940 1064 148 132 by
3160 1064 508 104 Yolande
3744 1064 108 104 J.
3928 1060 420 108 Riefer.

472 1216 696 136 Pittsburgh,
1220 1220 232 132 Pa.,
1504 1216 664 132 Pittsburgh
2224 1212 508 136 printing
2788 1252 188 96 co.,
3028 1216 624 132 publishers
3716 1224 56 100 (
3796 1220 256 96 1930

592 1372 196 96 372,
860 1408 24 60 t
884 1372 116 76 12
1000 1408 24 60 ]
1096 1396 84 72 p.
1292 1372 108 76 ill
1408 1388 140 64 us.
1660 1368 112 76 24
1796 1372 44 44 -
1868 1432 20 16 .

596 1484 220 92 Map
868 1504 120 52 on
1040 1480 656 96 lining-paper.

476 1584 92 100 J
640 1592 216 80 Jan.
920 1592 136 92 20,
1132 1592 44 72 1
1184 1592 168 76 930
1384 1612 16 60 ;
1476 1592 132 76 2e.
1680 1588 212 80 Jan.
1964 1588 164 92 20;
2204 1612 48 52 a
2264 1588 96 76 ff.
2436 1588 216 76 Feb.
2724 1592 100 88 7;
2900 1588 80 76 A
3052 1588 336 92 19413;
3464 1588 56 80 J
3532 1648 16 16 .
3624 1588 80 76 J.
3784 1588 548 92 Buchanan,

604 1700 580 96 Pittsburgh.
1316 1700 484 96 (30-5419)
3936 1692 232 84 1284

468 1880 420 128 Burke,
948 1880 536 128 Thomas,
1552 1884 328 104 1887-

588 2032 240 104 The
904 2032 364 100 flower
1348 2032 124 100 of
1544 2032 244 128 life,
1868 2068 60 64 a
2012 2032 620 104 Christmas
2720 2032 332 128 fable,
3136 2032 144 132 by
3360 2032 484 100 Thomas
3940 2032 392 100 Burke.

452 2180 452 108 Garden
964 2180 300 136 City,
1316 2180 140 104 N.
1516 2180 176 132 Y.,
1748 2180 696 132 Doubleday,
2504 2184 384 100 Doran
2948 2184 92 96 &
3092 2216 584 96 company,
3732 2180 244 100 inc..
4048 2192 36 88 1
4108 2188 60 92 0
4176 2188 56 92 3
4244 2192 60 92 0
4316 2264 20 20 .

592 2340 52 76 1
700 2360 84 72 p.
840 2340 32 76 1
880 2396 48 36 .,
984 2336 112 80 85
1148 2360 84 72 p.
1348 2336 228 80 19-.

596 2448 320 80 "First
976 2444 444 84 edition."

532 2552 28 88 )
628 2560 212 76 Feb.
892 2560 76 92 3,
1024 2556 276 92 1930;
1356 2560 132 76 2e.
1544 2580 48 52 a
1608 2560 124 76 nd
1784 2560 104 72 af
1876 2556 48 76 f
1928 2620 16 16 .
2000 2556 128 76 Fe
2140 2556 76 80 b.
2272 2560 160 88 10;
2492 2556 84 76 A
2632 2556 324 92 19451;
3020 2556 216 80 Dou
3240 2560 364 92 bleday,
3668 2560 188 76 Dor
3868 2580 120 56 an
4048 2564 72 72 &
4172 2584 48 52 c
4228 2576 48 60 o
4284 2596 48 52 .,

600 2668 100 76 in
704 2692 44 52 e
760 2728 16 16 .
904 2668 200 96 (30-
1108 2684 56 72 5
1172 2668 216 92 342)
3928 2664 224 84 1285

464 2852 420 120 Burns,
940 2848 300 104 John
1292 2848 524 124 Morgan.

596 3004 296 136 Why
944 3000 280 104 Taft
1276 3004 384 100 vetoed
1712 3004 184 100 the
1944 3004 352 100 Webb
2348 2996 476 140 Kenyon
2876 3012 228 120 act;
3168 3004 256 136 why
3468 3004 436 108 Wilson
3956 3008 384 100 vetoed

472 3152 176 108 the
700 3152 528 104 Volstead
1280 3164 228 120 act;
1564 3188 64 64 a
1676 3152 572 104 historical
2300 3152 612 104 discussion
2964 3156 600 136 disclosing
3616 3156 184 104 the
3856 3156 316 104 effect
4224 3160 124 100 of

468 3308 184 104 the
732 3308 524 104 blunders
1340 3304 360 104 which
1784 3308 280 100 have
2144 3304 272 104 been
2492 3304 320 108 made
2892 3308 144 132 by
3116 3308 184 104 the
3388 3304 532 136 Supreme
4004 3344 48 68 c
4064 3320 284 124 ourt,

472 3456 540 136 Congress
1100 3460 220 100 and
1408 3464 688 120 temperance
2188 3456 112 100 in
2384 3452 292 104 their
2764 3456 500 136 dealings
3356 3456 272 104 with
3712 3460 184 104 the
3988 3460 360 132 liquor

464 3608 212 104 traf
676 3604 32 100 f
704 3616 132 96 ic.
980 3608 176 136 By
1256 3604 308 108 John
1668 3604 476 136 Morgan
2248 3608 372 104 Burns
2708 3616 68 108 …
2992 3608 820 140 Montgomery,
3916 3612 432 104 Wilson

468 3772 232 120 ptg.
756 3796 192 96 co.,
1004 3764 332 96 ͨ1930.

584 3916 556 92 cover-title,
1196 3908 132 96 15,
1388 3952 24 60 [
1420 3916 76 92 1]
1556 3932 84 72 p.
1756 3912 52 76 2
1812 3912 52 80 3
1868 3916 32 40 e
1904 3916 80 76 m.

472 4016 96 96 ©
628 4028 212 80 Jan.
896 4028 72 92 1,
1024 4024 268 84 1930:
1352 4024 52 76 2
1412 4052 48 48 c
1464 4084 20 16 .
1544 4024 180 76 and
1784 4044 44 56 a
1844 4024 96 76 ff.
1996 4024 212 80 Jan.
2268 4024 152 88 16;
2484 4024 76 76 A
2616 4024 332 92 18164;
3008 4024 84 80 J.
3152 4028 120 76 M.
3332 4028 336 92 Burns,
3736 4028 148 80 Sel
3892 4052 60 52 n
3944 4052 128 72 m,
4128 4032 204 76 Ala.

608 4132 488 96 (30-5547)
3940 4136 228 84 1286

468 4316 616 128 Campbell,
1136 4320 128 100 M
1264 4356 140 68 rs.
1460 4316 576 100 Kathleen
2092 4312 604 128 Winifred,
2756 4356 56 64 c
2816 4352 60 68 o
2880 4356 112 64 m
2996 4356 108 96 p.

584 4468 188 100 An
824 4468 608 132 anthology
1484 4460 128 108 of
1660 4464 480 132 English
2192 4472 444 120 poetry:
2696 4468 392 132 Wyatt
3144 4480 112 88 to
3308 4472 500 136 Dryden,
3868 4476 136 128 by
4064 4480 268 100 Mrs.

452 4620 124 100 F.
644 4620 128 100 E.
836 4616 140 100 A.
1044 4616 608 128 Campbell.
1784 4612 268 100 New
2120 4612 348 132 York,
2528 4616 152 100 H.
2744 4616 284 104 Holt
3092 4616 220 104 and
3376 4656 600 100 company;
4048 4628 284 104 Lon-

452 4768 256 132 don,
760 4768 124 100 T.
944 4764 800 132 Butterworth,
1792 4764 204 100 ltd.
2068 4772 56 104 [
2144 4768 288 96 1930]

592 4924 164 76 249
812 4944 84 72 p.
1016 4920 224 80 17"0.
1376 4920 584 96 (Half-title:
2012 4920 304 76 Home
2372 4916 528 96 university
2960 4924 360 92 library
3388 4928 96 76 of
3544 4932 388 76 modern
3996 4936 340 76 knowl-

456 5036 256 92 edge,
772 5052 148 56 no.
984 5032 216 88 134)

592 5144 388 76 London
1056 5140 356 76 edition
1508 5136 144 92 (T.
1736 5140 680 88 Butterworth,
2500 5140 216 88 ltd.)
2816 5140 172 80 has
3072 5144 260 80 title:
3416 5144 144 80 An
3644 5152 292 76 antho
3936 5140 92 72 lo
4040 5168 116 80 gy
4240 5156 100 80 of

460 5248 392 96 English
908 5252 380 92 poetry:
1352 5248 108 76 16
1472 5252 28 68 t
1508 5248 56 76 h
1624 5248 180 76 and
1868 5248 216 76 17th
2144 5248 500 88 centuries,
2704 5248 532 96 1503-1683,
3300 5252 116 92 by
3476 5256 468 80 Kathleen
4016 5272 64 68 C
4092 5280 248 76 amp-

456 5360 212 80 bell.

472 5456 96 92 ©
636 5472 212 76 Jan.
908 5468 136 92 24,
1108 5468 272 88 1930;
1448 5468 48 72 2
1504 5476 44 64 e
1560 5528 16 16 .
1644 5468 232 76 Star.
1940 5468 104 88 (1;
2112 5464 160 80 aff.
2336 5468 236 80 Mar.
2636 5468 104 88 5;
2812 5472 76 72 A
2948 5468 332 96 20113;
3352 5476 324 96 Henry
3740 5480 96 72 H
3844 5500 48 56 o
3900 5480 72 80 lt
4040 5488 72 80 &
4172 5500 160 76 co.,

600 5584 176 72 inc.
904 5576 540 96 (30-26191)
3940 5584 232 84 1287

468 5732 332 128 Cecil,
860 5732 408 108 David.

592 5884 232 100 The
892 5880 480 104 stricken
1436 5884 308 124 deer;
1816 5920 156 88 or,
2036 5884 236 100 The
2340 5880 204 104 life
2608 5884 128 100 of
2804 5884 500 132 Cowper,
3372 5888 144 136 by
3588 5896 368 100 David
4036 5896 300 104 Cecil

564 6044 68 104 …
700 6032 508 132 London,
1256 6028 588 108 Constable
1900 6036 88 96 &
2036 6068 188 92 co.,
2276 6032 236 128 ltd.,
2576 6040 288 96 1929.

592 6200 64 60 x
664 6188 56 96 i,
772 6188 116 80 30
888 6188 52 80 3
992 6212 84 72 p.
1192 6188 328 92 plates,
1576 6188 52 76 2
1680 6192 236 88 port.
1972 6184 148 96 (in
2116 6196 48 60 e
2176 6188 60 76 l.
2288 6188 344 92 front.)
2764 6184 128 84 23c
2900 6188 60 56 m
2964 6216 16 44 .

472 6284 96 92 ©
636 6300 124 80 le.
824 6304 212 76 Feb.
1096 6304 76 88 1,
1232 6296 272 92 1530;
1568 6300 80 76 A
1704 6300 124 76 ad
1888 6300 168 76 int.
2116 6300 108 76 13
2232 6300 52 68 5
2288 6300 156 88 60;
2512 6300 276 92 pubd.
2852 6304 140 72 De
2996 6324 48 56 c
3052 6364 16 16 .
3132 6304 76 96 5,
3272 6304 272 96 1929;
3616 6308 256 80 Bobb
3880 6332 40 56 s
3932 6316 356 76 -Merril
4300 6320 28 72 l

604 6432 156 72 co.,
832 6412 40 72 I
880 6412 348 76 ndiana
1240 6432 52 68 p
1304 6412 200 76 olis.
1644 6404 264 96 (30-5
1916 6408 52 72 9
1972 6408 156 96 28)
3920 6416 228 84 1288

472 6564 576 108 Chemical
1104 6564 424 104 rubber
1588 6592 596 96 company,
2248 6568 632 104 Cleveland.

604 6716 636 104 Handbook
1348 6716 124 104 of
1580 6716 596 136 chemistry
2284 6720 220 100 and
2612 6720 500 132 physics;
3224 6756 60 64 a
3396 6728 944 132 ready-reference

476 6868 388 132 pocket
936 6868 280 100 book
1288 6868 124 104 of
1480 6868 528 100 chemical
2076 6868 220 104 and
2368 6868 504 132 physical
2944 6872 292 100 data.
3388 6880 252 100 14th
3716 6880 164 100 ed.
4028 6880 316 100 Com-

480 7020 296 128 piled
832 7020 296 100 from
1180 7016 184 104 the
1416 7028 284 92 most
1748 7024 360 96 recent
2168 7016 792 108 authoritative
3016 7060 428 72 sources
3492 7028 144 132 by
3696 7028 460 108 Charles
4204 7032 136 100 D.

472 7168 608 136 Hodgman
1148 7176 72 104 …
1304 7172 220 100 and
1576 7168 480 100 Norbert
2104 7168 140 100 A.
2292 7168 380 132 Lange
2764 7176 72 104 …
2996 7168 92 104 C
3092 7172 40 96 l
3140 7208 188 68 eve
3332 7172 40 100 l
3380 7176 256 136 and,
3688 7176 96 104 O
3800 7256 56 60 .,
3908 7180 436 108 Chemi-

476 7324 164 100 cal
696 7320 400 100 rubber
1152 7316 652 132 publishing
1856 7352 152 68 co.
2084 7320 364 108 119291

596 7484 60 60 x
664 7472 96 92 ii,
812 7472 224 80 1386
1080 7496 84 72 p.
1208 7472 32 80 i
1248 7496 64 56 n
1316 7476 80 76 cl
1408 7536 16 16 .
1472 7472 332 96 tables,
1860 7472 348 92 diagrs.
2324 7472 284 92 17j-.
