4752 8320
348 692 472 120 Sohrab,
880 688 488 108 Ahmad.

476 840 228 100 The
756 872 272 96 song
1080 836 124 104 of
1252 836 188 100 the
1492 868 504 96 caravan,
2052 836 144 132 by
2248 836 356 96 Mirza
2664 832 436 100 Ahmad
3172 832 420 104 Sohrab
3664 840 68 112 …
3908 832 260 100 New

356 988 332 128 York,
744 988 276 96 Pub.
1084 984 180 100 for
1320 988 184 96 the
1564 988 264 96 New
1892 980 428 132 history
2380 980 656 100 foundation
3100 980 144 132 by
3308 980 128 104 G.
3500 980 672 128 Dobsevage,

352 1140 284 96 1930.

484 1280 92 84 xi
588 1288 60 92 i,
700 1288 108 72 41
816 1288 56 76 0
920 1308 112 72 p.,
1092 1288 48 72 l
1196 1288 60 76 1.
1368 1280 148 84 19½
1560 1288 44 44 ͨͫ
1632 1348 16 16 .

484 1420 640 96 Head-pieces.

368 1556 92 92 ©
548 1560 240 76 June
864 1564 76 84 1,
1020 1556 268 84 1930;
1376 1580 128 68 2c.
1584 1556 240 80 June
1904 1556 156 92 27;
2148 1556 100 76 af
2244 1560 24 68 f
2264 1580 40 52 .
2384 1556 228 92 Aug.
2696 1552 156 92 20;
2940 1552 80 76 A
3096 1552 328 92 24823;
3512 1556 224 72 New
3816 1564 56 72 h
3816 1552 184 76 ist
4012 1576 48 52 o
4072 1576 104 72 ry

496 1668 584 80 foundation.
1216 1664 536 96 (30-20213)
3768 1660 232 84 8337

352 1880 520 120 Spencer,
932 1876 464 104 Willard
1456 1876 396 120 Wylie.

492 2024 236 108 Our
796 2028 636 132 knowledge
1504 2028 124 100 of
1696 2032 312 96 other
2076 2024 416 128 minds;
2568 2064 60 64 a
2700 2028 332 132 study
3100 2024 116 104 in
3280 2024 408 104 mental
3760 2036 424 120 nature,

356 2180 560 128 existence,
1012 2180 212 100 and
1324 2176 692 132 intercourse,
2108 2180 144 128 by
2348 2176 168 104 W.
2612 2176 368 128 Wylie
3080 2176 472 128 Spencer
3620 2188 60 104 …
3916 2176 264 100 New

356 2328 428 128 Haven,
864 2328 276 100 Yale
1216 2324 612 136 university
1908 2360 356 96 press;
2348 2324 496 108 London.,
2920 2324 148 104 H.
3152 2324 208 100 Mil
3372 2324 52 100 f
3428 2328 232 128 ord,
3744 2320 436 108 Oxford

356 2476 604 132 university
1016 2512 332 96 press,
1408 2484 120 92 19
1536 2480 56 96 3
1604 2484 92 92 0.

488 2636 52 72 5
588 2652 80 72 p.
724 2628 84 92 l.,
860 2628 108 80 14
972 2636 48 72 5
1076 2648 112 72 p.,
1240 2632 48 72 1
1340 2632 28 72 l
1380 2692 16 16 .
1508 2632 108 72 21
1628 2632 44 92 ½
1692 2628 92 76 ͨͫ

492 2768 188 76 "Pu
684 2768 52 76 b
740 2768 32 72 l
784 2768 260 76 ished
1104 2788 48 52 o
1160 2788 56 52 n
1284 2768 36 72 t
1324 2768 60 72 h
1392 2788 48 56 e
1504 2764 44 68 M
1504 2768 148 72 a
1672 2776 100 84 ry
1840 2768 68 80 C
1916 2788 48 52 a
1980 2768 52 76 d
2040 2788 56 72 y
2160 2768 72 72 T
2240 2788 48 56 e
2292 2788 80 56 w
2440 2764 316 76 fund."

376 2900 92 88 ©
540 2912 100 72 M
640 2924 120 72 ay
820 2900 52 76 2
880 2900 48 76 9
936 2964 16 32 ,
1020 2908 48 72 1
1080 2900 48 80 9
1136 2900 156 92 30;
1364 2900 128 80 2c.
1564 2904 216 88 July
1848 2904 156 88 11;
2080 2900 100 80 af
2172 2900 40 72 f
2220 2968 16 12 .
2308 2900 220 92 July
2592 2900 160 92 10;
2824 2900 80 76 A
2968 2900 328 92 26158;
3372 2900 228 76 Yale
3668 2900 520 92 university

500 3032 288 72 press.
920 3012 540 92 (30-19842)
3780 3004 172 84 833
3960 3008 52 80 8

360 3220 500 120 Stakely,
920 3220 476 104 Charles
1452 3220 520 124 Averett,
2032 3232 120 92 18
2164 3232 124 92 59
2292 3288 68 8 -
2780 3256 116 64 co
2904 3260 108 60 m
3016 3256 104 96 p.

496 3372 472 128 History
1040 3376 124 96 of
1232 3376 184 100 the
1488 3372 304 104 First
1864 3376 444 128 Baptist
2380 3376 404 96 church
2860 3376 124 96 of
3052 3372 804 132 Montgomery,
3928 3368 264 104 Ala-

364 3524 348 132 bama,
776 3524 264 100 with
1108 3524 484 104 sketches
1652 3524 124 100 of
1836 3524 180 104 the
2080 3524 308 100 other
2452 3520 448 132 Baptist
2964 3524 516 104 churches
3544 3524 120 100 of
3724 3524 184 100 the
3972 3524 220 128 city

368 3676 212 100 and
640 3684 428 120 county,
1124 3668 116 104 in
1300 3708 396 96 papers
1752 3676 568 128 presented
2380 3684 112 88 at
2548 3676 184 100 the
2788 3676 628 100 hundredth
3480 3668 716 140 anniversary

368 3824 120 104 of
528 3824 184 100 the
760 3820 304 108 First
1112 3824 444 132 Baptist
1604 3824 400 100 church
2056 3824 608 104 celebrated
2712 3824 120 100 in
2872 3824 808 132 Montgomery,
3732 3824 460 96 Novem-

368 3976 184 100 ber
640 3976 792 100 29-December
1528 3984 88 124 1,
1708 3980 288 92 1929.
2140 3976 548 128 Together
2772 3972 268 100 with
3136 4012 60 64 a
3288 4012 108 64 re
3408 4012 68 76 p
3488 3972 224 104 rint
3804 3976 120 100 of
4012 3976 184 96 the

368 4124 488 100 church's
932 4124 672 100 declaration
1672 4124 124 100 of
1868 4124 328 132 faith,
2264 4124 748 132 constitution,
3084 4136 564 116 covenant,
3720 4160 60 60 a
3784 4124 148 100 nd
4004 4124 184 132 by-

368 4276 32 100 l
412 4312 216 64 aws
704 4276 60 112 …
984 4276 232 100 The
1296 4272 352 104 histor
1644 4292 72 92 y
1808 4272 440 104 written
2332 4276 216 100 and
2632 4272 180 104 the
2904 4308 392 96 papers
3380 4312 52 64 c
3440 4272 140 104 oll
3596 4272 296 100 ected
3980 4272 216 104 and

372 4424 536 132 compiled
964 4424 116 100 in
1136 4424 532 128 chapters.
1800 4424 176 132 By
2032 4424 452 100 Charles
2544 4420 132 100 A.
2744 4420 484 136 Stakely.
3368 4484 24 64 [
3400 4424 124 96 M
3528 4452 60 68 o
3592 4460 76 60 n
3672 4428 48 92 t
3724 4456 480 100 gomery,

380 4572 276 132 Ala.,
708 4576 232 100 The
988 4572 516 132 Paragon
1552 4608 336 96 press,
1988 4580 184 92 ͨ193
2184 4576 92 124 0]

492 4728 112 76 20
608 4728 44 76 5
716 4748 88 72 p.
916 4724 68 76 il
988 4728 32 72 l
1028 4748 132 56 us.
1216 4724 80 96 (i
1284 4736 124 64 uc
1416 4728 36 76 l
1444 4756 20 44 .
1536 4728 332 92 ports.)
2004 4728 40 72 1
2056 4724 52 76 9
2172 4728 28 44 ͨͫc
2188 4728 68 44 m
2264 4784 12 16 .

392 4856 88 88 ©
556 4864 120 76 Ju
684 4868 32 68 l
720 4884 56 72 y
844 4860 104 80 30
960 4928 12 28 ,
1044 4864 48 72 1
1100 4860 48 76 9
1156 4860 156 92 30;
1384 4860 48 76 2
1444 4884 44 52 e
1496 4928 16 12 ,
1580 4880 44 56 a
1640 4864 128 76 nd
1832 4860 104 80 af
1928 4860 40 76 f
1976 4928 16 12 .
2060 4860 228 92 Aug.
2356 4864 104 88 1;
2532 4860 80 76 A
2676 4860 328 88 26477;
3084 4860 92 80 C.
3248 4864 100 76 A.
3428 4860 408 92 Stakely.
3912 4872 96 68 M
4012 4868 192 72 ont-

516 4992 396 80 gomery,
992 4972 200 76 Ala.
1332 4968 536 96 (30-20141)
3792 4968 48 80 8
3856 4968 44 80 3
3912 4968 108 80 39

372 5180 376 124 Swift,
804 5180 616 124 Jonathan,
1484 5184 620 104 1667-1745.

504 5328 588 108 Gulliver's
1160 5332 404 100 travels
1628 5328 236 104 into
1928 5332 412 100 several
2408 5344 404 88 remote
2872 5332 440 100 nations
3376 5332 124 100 of
3564 5336 184 96 the
3816 5332 380 100 world,

372 5484 540 128 arranged
968 5480 120 100 in
1144 5484 304 96 three
1508 5492 308 120 parts
1880 5480 292 100 from
2232 5484 188 96 the
2476 5480 476 132 original
3012 5480 120 100 of
3196 5484 560 104 Jonathan
3828 5480 368 128 Swift,

372 5624 140 132 by
596 5624 144 100 M.
840 5624 384 132 Dodge
1312 5624 484 124 Holmes,
1884 5660 60 64 P
1948 5660 96 64 H
2052 5708 16 16 .
2112 5660 64 64 D
2188 5708 56 28 .,
2332 5624 268 100 with
2688 5624 476 132 original
3256 5624 716 100 illustrations
4064 5628 60 92 h
4136 5660 64 92 y

380 5772 396 104 Edwin
836 5780 108 100 J.
1008 5776 432 104 Prittie.
1572 5780 820 128 Philadelphia,
2456 5780 484 132 Chicago
3012 5792 264 120 [etc.]
3416 5784 232 96 The
3708 5780 300 100 John
4080 5784 116 104 C.

372 5924 508 108 Winston
940 5960 540 100 company
1552 5924 480 132 [ͨ1
1692 5936 120 92 93
1824 5936 92 120 0]

512 6080 100 76 xi
672 6104 112 72 p.,
852 6084 48 72 1
968 6084 88 92 l.,
1124 6084 164 76 274
1356 6104 84 72 p.
1552 6104 48 56 c
1604 6084 88 76 ol
1704 6148 16 16 .
1784 6084 316 84 front.,
2172 6084 272 92 illus.,
2516 6108 44 56 c
2568 6084 88 80 ol
2652 6108 24 44 ,
2752 6084 328 92 plates.
3192 6076 284 88 22½ͨͫ.

516 6216 96 68 M
612 6236 168 76 aps
840 6236 116 60 on
1008 6216 700 96 lining-papers.

396 6332 92 92 ©
552 6352 220 92 July
820 6352 108 76 21
928 6380 20 40 ,
1008 6352 164 80 193
1180 6352 56 76 0
1260 6372 16 72 ;
1336 6352 52 76 2
1388 6348 76 84 c.
1520 6356 228 88 Aug.
1804 6356 100 76 6;
1964 6356 156 76 aff.
2176 6356 72 72 A
2256 6360 56 64 u
2324 6376 80 68 g.
2464 6356 44 72 5
2544 6376 16 56 ;
2624 6356 76 72 A
2752 6356 48 72 2
2812 6356 44 76 5
2868 6356 212 88 865;
3140 6356 244 76 John
3444 6356 92 80 C.
3596 6352 148 80 Wi
3748 6376 108 56 ns
3868 6376 156 56 ton
4080 6380 128 52 co.

540 6460 116 68 [©
720 6464 648 76 introduction.
1428 6484 116 52 no
1552 6468 36 32 t
1592 6484 116 56 es,
1772 6464 476 80 revisions,
2300 6464 120 92 by
2520 6480 72 84 M.
2644 6464 316 92 Dodge
3012 6464 404 76 Holmes.
3552 6460 36 68 I
3592 6468 24 72 l
3624 6468 96 72 lu
3732 6476 496 84 stratons,

524 6572 116 88 by
700 6572 328 76 Edwin
1088 6572 84 80 J.
1232 6572 284 76 Pritti
1524 6596 44 52 e
1572 6612 28 52 ]
1740 6576 92 88 (3
1840 6572 56 76 0
1900 6572 104 76 -2
2000 6572 56 72 0
2068 6572 208 88 161)
3804 6568 228 84 8340

388 6776 520 124 Thomas,
968 6780 488 104 Edward
1508 6784 480 120 Harper.

524 6928 640 136 Electricity
1228 6932 176 100 for
1464 6932 612 132 beginners,
2136 6972 132 64 an
2332 6936 448 100 element
2796 6972 52 64 a
2868 6972 124 96 ry
3056 6936 300 96 work
3416 6972 136 60 on
3612 6932 600 136 electricity

396 7112 148 64 wr
548 7076 32 100 i
596 7088 224 92 tten
872 7080 112 100 in
1032 7080 804 104 non-technical
1888 7088 480 128 languag
2376 7120 52 64 e
2476 7084 180 104 for
2704 7088 184 100 the
2932 7088 556 100 beginner.
3536 7088 148 132 by
3724 7084 412 100 Edwar
4128 7080 68 92 d

396 7224 440 132 Harper
880 7228 472 104 Thomas
1436 7228 64 104 …
1640 7232 132 100 2d
1828 7268 212 64 rev.
2092 7236 212 96 and
2352 7236 200 100 enl.
2608 7236 196 100 ed.,
2856 7232 612 100 illustrated
3516 7236 148 128 by
3708 7236 64 96 2
3772 7232 56 88 8
3880 7232 332 128 origi-

400 7376 176 96 nal
624 7376 576 132 drawings.
1348 7380 264 96 New
1664 7380 344 108 York,
2056 7380 232 104 The
2336 7380 484 100 Norman
2872 7380 128 100 1'
3024 7464 12 12 .
3092 7380 108 92 H
3192 7372 332 144 enley
3576 7380 636 132 publishing

396 7556 560 100 company,
1020 7532 120 96 19
1148 7532 128 96 30
1272 7564 24 52 .

2176 7664 260 112 1279
