4800 8268
2188 7712 188 96 891

388 672 280 124 Gay,
728 668 1076 108 John-Continued

528 828 404 76 "'Rural
1000 824 336 92 sports'
1408 824 184 76 and
1664 824 216 76 'The
1952 824 248 76 birth
2276 820 96 80 of
2444 824 156 72 the
2672 820 336 92 squire'
3084 840 104 56 as
3260 824 496 92 presented
3824 824 220 76 here
4124 884 48 16 …

392 940 232 72 have
680 932 432 80 followed
1172 936 156 72 the
1388 932 348 76 edition
1796 932 100 76 of
1952 928 248 96 1720,
2260 940 324 80 except
2636 928 156 76 for
2848 948 220 68 very
3128 928 300 76 minor
3488 932 404 88 changes
3948 932 268 72 made

392 1048 112 88 by
560 1040 200 96 Gay
812 1040 96 76 in
960 1040 248 80 later
1256 1036 404 80 editions
1736 1044 60 84 …
1936 1040 216 72 'The
2212 1040 52 72 h
2280 1040 244 72 ound
2580 1036 184 76 and
2828 1036 152 76 the
3040 1036 232 76 hunt
3280 1056 40 56 s
3328 1036 244 76 man'
3632 1036 368 76 follows
4060 1040 92 72 th
4160 1052 48 60 e

392 1156 196 72 text
644 1148 96 80 of
800 1152 160 76 the
1012 1148 400 92 original
1468 1144 352 76 edition
1876 1144 100 76 of
2032 1148 156 72 the
2248 1144 384 76 'Fables'
2704 1144 816 92 [1727]"—Introd.

392 1244 92 92 ©
560 1260 212 76 Feb.
840 1260 136 92 27,
1044 1256 268 92 1930;
1384 1256 132 80 2c.
1588 1256 232 80 Mar.
1884 1260 104 84 3;
2068 1252 156 80 aff.
2296 1256 232 72 Mar.
2600 1252 160 92 25;
2836 1252 76 76 A
2984 1252 324 92 19906;
3388 1252 416 80 William
3872 1252 332 76 Edwin

520 1372 348 88 Rudge.
992 1364 124 84 [©
1204 1364 636 80 introduction
1916 1364 116 92 by
2116 1364 284 80 Owen
2476 1360 556 80 Culbertson
3112 1364 184 76 and
3376 1360 632 80 illustrations
4088 1360 116 92 by

524 1480 368 76 Gordon
932 1480 240 72 Ross
1340 1472 480 96 (30-7028)
3800 1468 228 84 5747

392 1696 68 88 [
428 1656 640 124 Gompertz,
1124 1656 428 100 Martin
1604 1652 344 104 Louis
2000 1652 296 104 Alan
2404 1664 324 96 1886–

512 1804 356 108 Walls
944 1804 276 100 have
1304 1840 272 96 eyes,
1660 1804 144 128 by
1888 1800 580 132 "Ganpat"
2564 1804 444 128 [pseud.]
3172 1804 496 128 London,
3752 1804 460 100 Hodder

380 1952 216 104 and
656 1952 628 132 Stoughton
1340 1952 36 96 l
1388 1952 380 100 imited
1840 1956 300 124 [1930]

516 2108 168 76 320
740 2128 84 72 p.
940 2108 48 72 1
996 2108 52 76 9
1068 2108 52 68 ½ͨͫ
1188 2108 20 68 .

392 2204 92 92 ©
540 2216 128 80 1c.
716 2220 224 88 May
980 2216 136 96 21,
1168 2216 264 88 1930;
1488 2216 76 76 A
1616 2216 116 76 ad
1780 2216 168 76 int.
2000 2216 324 84 13889;
2380 2216 276 92 pubd.
2708 2216 228 80 Mar.
2992 2216 48 72 2
3052 2216 52 76 5
3136 2236 16 72 ;
3208 2216 120 76 M.
3380 2216 96 76 L.
3532 2216 100 80 A.
3692 2216 292 84 Gomp
3988 2236 48 52 e
4048 2216 160 76 rtz.

524 2324 324 96 Wana,
904 2324 600 96 Waziristan,
1556 2324 300 80 India.
1996 2324 532 92 (30-14888)
3800 2320 228 84 5848

380 2508 360 120 Grier,
800 2508 364 124 Ralph
1228 2508 88 100 E
1868 2540 48 68 e
1924 2512 108 100 d.

512 2652 348 108 South
920 2652 520 104 Carolina
1496 2656 212 100 and
1768 2656 192 100 her
2012 2656 516 124 builders,
2584 2692 60 64 a
2704 2656 300 100 work
3060 2652 180 104 for
3296 2692 636 92 newspaper
3996 2656 208 100 and

380 2804 416 128 library
884 2800 548 104 reference
1520 2804 216 96 and
1828 2804 312 96 home
2232 2804 512 128 reading;
2840 2800 760 132 biographical
3696 2804 516 104 sketches,

376 2952 360 100 edited
780 2952 140 132 by
968 2952 372 128 Ralph
1388 2952 128 100 E.
1568 2948 356 108 Grier.
2052 2948 648 132 [Columbia,
2752 2948 108 108 S.
2916 2948 120 104 C.]
3132 2952 232 100 The
3416 2948 524 104 Carolina
3980 2952 216 100 bio-

376 3100 568 132 graphical
1012 3100 684 128 association,
1760 3100 244 128 inc.,
2072 3104 288 96 1930.

508 3256 52 76 3
568 3256 104 76 58
728 3276 80 72 p.
928 3256 244 76 illus.
1228 3256 144 88 (in
1376 3276 44 56 c
1424 3256 60 76 l.
1544 3256 336 88 ports.)
2012 3256 272 88 27½ͨͫ.

392 3360 92 96 ©
544 3368 208 92 Apr.
812 3364 128 88 16,
996 3364 268 88 1930;
1316 3364 128 80 2c.
1496 3368 216 88 Apr.
1768 3368 40 72 1
1824 3368 56 72 8
1908 3388 16 64 ;
1984 3364 152 76 aff.
2192 3368 216 88 Apr.
2460 3364 160 88 21;
2676 3368 76 72 A
2804 3364 108 76 22
2916 3364 52 76 5
2976 3368 160 88 78;
3196 3364 436 76 Carolina
3688 3364 520 92 biographi-

520 3476 140 76 cal
712 3496 272 72 assn.,
1036 3476 172 76 inc.
1348 3472 536 96 (30-14061)
3800 3472 228 84 5849

384 3652 576 124 Haertter,
1016 3656 512 100 Leonard
1584 3656 408 120 Daum,
2056 3664 324 96 1895–

520 3804 144 108 So
668 3808 36 96 l
716 3808 32 96 i
760 3812 68 96 d
916 3816 588 124 geometry,
1588 3808 140 132 by
1816 3808 504 100 Leonard
2404 3812 136 96 D.
2632 3812 84 92 H
2760 3820 400 88 aertter
3240 3816 64 108 …
3520 3808 260 100 New
3872 3812 344 116 York,

380 3960 488 128 London,
920 3956 232 104 The
1216 3956 484 132 Century
1752 3992 148 68 co.
1972 3956 360 108 [ͨ1930]

512 4112 96 72 ix
656 4132 112 72 p.,
820 4116 40 68 1
920 4112 80 80 l.,
1052 4132 84 72 p.
1184 4112 420 76 331-554.
1896 4116 280 80 illus.,
2048 4112 332 92 plates,
2432 4112 344 92 diagrs.
2888 4112 240 76 19½ͨͫ
3156 4172 8 20 .
3392 4112 248 88 $1.10

384 4216 88 88 ©
544 4224 216 88 May
816 4224 76 88 3,
952 4220 260 80 1930:
1288 4220 124 80 2c.
1472 4220 188 76 and
1720 4220 156 80 aff.
1936 4232 92 68 M
2036 4240 52 56 a
2096 4240 56 72 y
2212 4224 100 88 7;
2380 4220 76 76 A
2512 4220 328 92 22686;
2912 4224 408 88 Century
3380 4240 132 60 co.

536 4328 536 96 (30-13337)
3796 4328 228 84 5850

376 4480 488 124 Harlow,
924 4484 244 100 Rex
1228 4484 204 96 Fra
1444 4484 184 100 nci
1640 4516 92 88 s,
1796 4492 324 96 1892-
2536 4520 120 68 co
2660 4520 108 68 m
2776 4520 104 96 p.

500 4632 444 100 Makers
1000 4636 120 100 of
1176 4644 712 116 government
1940 4636 116 96 in
2112 4636 676 132 Oklahoma;
2852 4672 60 64 a
2972 4636 656 132 descriptive
3684 4648 344 88 roster
4084 4636 124 100 of

372 4780 748 108 Oklahomans
1192 4784 360 100 whose
1620 4784 528 100 influence
2220 4788 216 100 and
2508 4780 464 136 activity
3040 4784 312 104 make
3420 4784 296 104 them
3788 4784 412 132 signifi-

368 4940 248 92 cant
676 4928 112 104 in
848 4936 180 96 the
1096 4964 368 68 course
1520 4928 128 104 of
1704 4928 368 136 public
2132 4940 372 92 events
2564 4936 116 96 in
2736 4932 292 100 their
3088 4944 308 116 state,
3460 4932 540 132 compiled
4060 4932 140 132 by

372 5080 232 100 Rex
676 5084 124 100 F.
872 5080 464 100 Harlow
1408 5080 344 104 under
1824 5084 180 96 the
2080 5080 508 100 editorial
2660 5080 684 132 supervision
3416 5080 128 100 of
3608 5084 388 104 Victor
4068 5084 128 100 E.

368 5228 456 104 Harlow
1028 5228 68 112 …
1232 5228 612 108 Oklahoma
1948 5228 292 132 City,
2336 5228 464 104 Harlow
2896 5228 640 132 publishing
3636 5264 568 100 company,

372 5384 284 96 1930.

500 5552 84 72 v,
652 5572 20 56 [
680 5532 48 76 1
736 5572 20 56 ]
772 5596 16 28 ,
848 5536 164 76 857
1064 5552 80 72 p.
1260 5532 248 80 illus.
1564 5532 376 92 (ports.)
2076 5536 128 80 26
2264 5544 64 52 ͨͫ
2332 5572 20 40 .

380 5636 92 92 ©
536 5644 216 92 Apr.
804 5644 132 84 19,
992 5644 268 84 1930;
1312 5644 128 80 2c.
1496 5648 180 72 and
1732 5644 160 84 aff.
1944 5648 220 88 May
2216 5648 44 72 5
2296 5668 20 68 ;
2372 5644 80 76 A
2500 5644 328 92 22648;
2888 5648 392 72 Harlow
3332 5644 204 92 pub.
3600 5664 40 56 c
3652 5664 48 56 o
3712 5704 12 16 .

532 5752 536 96 (30-12857)
3792 5748 228 80 5851

376 5908 480 120 Hunter,
908 5912 100 96 D
1016 5912 240 120 ard,
1316 5920 328 96 1883-

508 6056 820 136 Papermaking
1400 6064 480 128 through
1956 6060 500 128 eighteen
2528 6064 568 128 centuries,
3168 6064 140 132 by
3380 6064 312 100 Dard
3764 6064 444 100 Hunter

500 6216 72 104 …
644 6208 264 100 New
960 6212 344 128 York,
1352 6208 168 104 W.
1576 6208 128 100 E.
1760 6212 420 128 Rudge,
2240 6212 284 96 1930.

516 6364 220 92 xvii,
788 6364 168 76 358
1004 6384 84 72 p.
1144 6364 28 76 i
1180 6388 60 52 n
1244 6368 80 72 cl
1336 6424 16 16 .
1408 6364 276 88 illus.,
1740 6368 328 88 plates,
2120 6364 416 76 facsims.
2644 6364 224 76 fold,
2928 6364 316 92 front.,
3304 6364 328 80 double
3692 6384 56 72 p
3752 6368 32 72 l
3796 6424 16 16 .
3920 6364 164 92 24
4104 6364 68 52 ½ͨͫ
4188 6424 16 16 .

516 6476 192 72 The
760 6476 376 92 present
1188 6476 236 76 book
1480 6476 256 76 deals
1792 6476 228 72 with
2076 6476 156 76 the
2288 6496 44 56 s
2340 6496 204 60 ame
2596 6476 288 92 phase
2944 6472 96 80 of
3096 6476 672 92 papermaking
3824 6496 48 56 a
3884 6496 44 52 s
3988 6476 216 72 does

384 6584 176 76 Old
616 6584 692 92 papermaking,
1372 6584 160 80 but
1592 6584 96 76 in
1748 6604 48 56 a
1864 6604 248 60 more
2176 6584 748 92 comprehensive
2988 6604 392 60 manner
3436 6584 232 80 than
3728 6584 156 80 the
3948 6584 256 72 older

380 6692 280 80 work,
780 6692 44 72 c
824 6692 44 92 f
876 6756 16 16 .
952 6692 244 80 Pref.

388 6796 92 92 ©
544 6808 216 88 May
812 6804 48 76 2
864 6804 56 76 0
920 6844 20 40 .
1000 6804 108 76 19
1112 6804 112 76 30
1176 6808 88 76 ;
1328 6808 48 72 2
1384 6820 44 60 c
1444 6868 12 12 .
1516 6824 44 56 a
1576 6804 112 76 nd
1756 6824 44 56 a
1816 6804 52 76 f
1832 6804 56 76 f
1896 6868 16 16 .
1968 6808 220 88 May
2240 6808 156 88 28;
2460 6804 80 76 A
2592 6804 328 92 24133;
2980 6804 108 76 D.
3148 6808 396 88 Hunter,
3604 6804 264 76 Lime
3920 6800 280 80 Rock.

512 6912 284 80 Conn.
932 6912 372 92 (30-149
1304 6932 56 68 9
1364 6916 100 88 1)
3808 6912 228 80 5852

376 7064 480 128 Huxley,
916 7068 384 100 Julian
1360 7072 384 120 Sorell,
1808 7072 328 104 1887–

592 7224 72 104 …
736 7216 324 136 Ants,
1156 7220 144 132 by
1396 7220 384 104 Julian
1880 7220 476 132 Huxley.
2504 7224 492 112 London,
3100 7220 124 100 E.
3332 7216 92 92 B
3440 7256 236 72 enn,
3780 7216 408 104 limited

388 7372 324 120 [1930]

512 7516 48 76 8
568 7516 52 76 0
680 7540 80 72 p.
876 7520 220 76 17ͨͫ.
1232 7504 380 108 (Bean's
1676 7520 456 92 sixpenny
2188 7520 380 92 library.
2700 7504 44 64 [
2720 7540 144 60 no.
2928 7520 240 92 142])
