<?xml version="1.0"?>
<alto xmlns="http://www.loc.gov/standards/alto/ns-v2#" xmlns:xlink="http://www.w3.org/1999/xlink" xmlns:xsi="http://www.w3.org/2001/XMLSchema-instance" xsi:schemaLocation="http://www.loc.gov/standards/alto/ns-v2# http://www.loc.gov/standards/alto/alto-v2.0.xsd">
	<Description>
		<MeasurementUnit>inch1200</MeasurementUnit>
		<sourceImageInformation>
			<fileIdentifier>catalogofcopyri271libr_001-2321.pdf_Page_0464.jpg</fileIdentifier>
		</sourceImageInformation>
		<OCRProcessing ID="OCR1">
			<ocrProcessingStep>
				<processingDateTime>2018-04-23T14:12:25</processingDateTime>
				<processingAgency>Data Conversion Laboratory</processingAgency>
				<processingSoftware>
					<softwareCreator>Prime</softwareCreator>
					<softwareName>Prime OCR</softwareName>
					<softwareVersion>4.40</softwareVersion>
				</processingSoftware>
			</ocrProcessingStep>
			<postProcessingStep>
				<processingDateTime>2018-04-25T17:28:42</processingDateTime>
				<processingAgency>Data Conversion Laboratory</processingAgency>
				<processingStepDescription>PRO -&gt; ALTO</processingStepDescription>
				<processingSoftware>
					<softwareCreator>Data Conversion Laboratory</softwareCreator>
					<softwareName>pro2alto.2018.02.27</softwareName>
					<softwareVersion>2.0</softwareVersion>
				</processingSoftware>
			</postProcessingStep>
		</OCRProcessing>
	</Description>
<Styles>
		<TextStyle ID="Style_1" FONTSIZE="8" FONTTYPE="sans-serif" FONTWIDTH="fixed" FONTSTYLE="bold underline superscript subscript"/>
		<TextStyle ID="Style_2" FONTSIZE="8" FONTTYPE="serif" FONTWIDTH="proportional"/>
		<TextStyle ID="Style_3" FONTSIZE="8" FONTTYPE="serif" FONTWIDTH="proportional" FONTSTYLE="italics"/>
		<TextStyle ID="Style_4" FONTSIZE="10" FONTTYPE="serif" FONTWIDTH="proportional" FONTSTYLE="italics"/>
		<TextStyle ID="Style_5" FONTSIZE="7" FONTTYPE="serif" FONTWIDTH="proportional"/>
		<TextStyle ID="Style_6" FONTSIZE="10" FONTTYPE="serif" FONTWIDTH="proportional"/>
		<TextStyle ID="Style_7" FONTSIZE="7" FONTTYPE="serif" FONTWIDTH="proportional" FONTSTYLE="italics"/>
		<TextStyle ID="Style_8" FONTSIZE="5" FONTTYPE="serif" FONTWIDTH="proportional"/>
		<TextStyle ID="Style_9" FONTSIZE="9" FONTTYPE="serif" FONTWIDTH="proportional" FONTSTYLE="bold"/>
		<TextStyle ID="Style_10" FONTSIZE="8" FONTTYPE="serif" FONTWIDTH="proportional" FONTSTYLE="bold"/>
		<TextStyle ID="Style_11" FONTSIZE="7" FONTTYPE="serif" FONTWIDTH="proportional" FONTSTYLE="bold"/>
		<TextStyle ID="Style_12" FONTSIZE="9" FONTTYPE="serif" FONTWIDTH="proportional"/>
		<TextStyle ID="Style_13" FONTSIZE="6" FONTTYPE="serif" FONTWIDTH="proportional" FONTSTYLE="italics"/>
		<TextStyle ID="Style_14" FONTSIZE="8" FONTTYPE="serif" FONTWIDTH="proportional" FONTSTYLE="subscript"/>
		<TextStyle ID="Style_15" FONTSIZE="6" FONTTYPE="serif" FONTWIDTH="proportional"/>
		<TextStyle ID="Style_16" FONTSIZE="7" FONTTYPE="serif" FONTWIDTH="proportional" FONTSTYLE="superscript"/>
		<TextStyle ID="Style_17" FONTSIZE="7" FONTTYPE="serif" FONTWIDTH="proportional" FONTSTYLE="bold italics"/>
		<TextStyle ID="Style_18" FONTSIZE="7" FONTTYPE="sans-serif" FONTWIDTH="fixed" FONTSTYLE="bold underline superscript subscript"/>
		<TextStyle ID="Style_19" FONTSIZE="8" FONTTYPE="serif" FONTWIDTH="fixed"/>
		<TextStyle ID="Style_20" FONTSIZE="6" FONTTYPE="sans-serif" FONTWIDTH="fixed" FONTSTYLE="bold underline superscript subscript"/>
		<TextStyle ID="Style_21" FONTSIZE="9" FONTTYPE="sans-serif" FONTWIDTH="fixed" FONTSTYLE="bold underline superscript subscript"/>
	</Styles>
	<Layout>
		<Page ID="Page_1" PHYSICAL_IMG_NR="1" HEIGHT="8268" WIDTH="4920">
			<PrintSpace ID="PS_1" HPOS="0" VPOS="0" HEIGHT="8268" WIDTH="4920">
				<TextBlock ID="TB_1.1" HPOS="2356" VPOS="7716" WIDTH="340" HEIGHT="176">
					<TextLine ID="TL_1.1.1" HPOS="2456" VPOS="7716" HEIGHT="88" WIDTH="196">
						<String CONTENT="464" ID="St_1.1.1.1" HPOS="2456" VPOS="7716" HEIGHT="88" WIDTH="196" STYLEREFS="Style_1" WC="1" CC="000"/>
					</TextLine>
				</TextBlock>
				<TextBlock ID="TB_1.2" HPOS="540" VPOS="552" WIDTH="4080" HEIGHT="7104">
					<TextLine ID="TL_1.2.1" HPOS="644" VPOS="640" HEIGHT="132" WIDTH="2208">
						<String CONTENT="La" ID="St_1.2.1.1" HPOS="644" VPOS="644" HEIGHT="104" WIDTH="160" STYLEREFS="Style_2" WC="1" CC="00"/>
						<SP ID="SP_1.2.1.2" HPOS="768" VPOS="660" WIDTH="60"/>
						<String CONTENT="Tour," ID="St_1.2.1.3" HPOS="856" VPOS="644" HEIGHT="128" WIDTH="340" STYLEREFS="Style_2" WC="1" CC="00000"/>
						<SP ID="SP_1.2.1.4" HPOS="1176" VPOS="684" WIDTH="44"/>
						<String CONTENT="Ernest," ID="St_1.2.1.5" HPOS="1248" VPOS="644" HEIGHT="124" WIDTH="464" STYLEREFS="Style_2" WC="1" CC="0000000"/>
						<SP ID="SP_1.2.1.6" HPOS="1692" VPOS="684" WIDTH="44"/>
						<String CONTENT="vico" ID="St_1.2.1.7" HPOS="1764" VPOS="640" HEIGHT="108" WIDTH="240" STYLEREFS="Style_3" WC="1" CC="0000"/>
						<String CONTENT="m" ID="St_1.2.1.8" HPOS="2012" VPOS="680" HEIGHT="68" WIDTH="108" STYLEREFS="Style_4" WC="0.978888888888889" CC="4"/>
						<String CONTENT="te" ID="St_1.2.1.9" HPOS="2132" VPOS="656" HEIGHT="92" WIDTH="100" STYLEREFS="Style_4" WC="0.981111111111111" CC="00"/>
						<SP ID="SP_1.2.1.10" HPOS="2204" VPOS="664" WIDTH="56"/>
						<String CONTENT="de," ID="St_1.2.1.11" HPOS="2288" VPOS="640" HEIGHT="124" WIDTH="172" STYLEREFS="Style_4" WC="0.983333333333333" CC="000"/>
						<SP ID="SP_1.2.1.12" HPOS="2440" VPOS="684" WIDTH="48"/>
						<String CONTENT="1861-" ID="St_1.2.1.13" HPOS="2520" VPOS="648" HEIGHT="100" WIDTH="332" STYLEREFS="Style_4" WC="0.986666666666667" CC="00000"/>
					</TextLine>
					<TextLine ID="TL_1.2.2" HPOS="776" VPOS="792" HEIGHT="136" WIDTH="3732">
						<String CONTENT="..." ID="St_1.2.2.1" HPOS="776" VPOS="880" HEIGHT="20" WIDTH="112" STYLEREFS="Style_5" WC="0.666666666666667" CC="333"/>
						<SP ID="SP_1.2.2.2" HPOS="868" VPOS="880" WIDTH="20"/>
						<String CONTENT="La" ID="St_1.2.2.3" HPOS="956" VPOS="800" HEIGHT="96" WIDTH="160" STYLEREFS="Style_5" WC="0.777777777777778" CC="00"/>
						<SP ID="SP_1.2.2.4" HPOS="1080" VPOS="820" WIDTH="64"/>
						<String CONTENT="plume" ID="St_1.2.2.5" HPOS="1172" VPOS="796" HEIGHT="132" WIDTH="372" STYLEREFS="Style_5" WC="0.888888888888889" CC="00000"/>
						<SP ID="SP_1.2.2.6" HPOS="1512" VPOS="816" WIDTH="60"/>
						<String CONTENT="et" ID="St_1.2.2.7" HPOS="1604" VPOS="800" HEIGHT="96" WIDTH="108" STYLEREFS="Style_5" WC="0.911111111111111" CC="00"/>
						<SP ID="SP_1.2.2.8" HPOS="1684" VPOS="800" WIDTH="52"/>
						<String CONTENT="l" ID="St_1.2.2.9" HPOS="1764" VPOS="800" HEIGHT="92" WIDTH="36" STYLEREFS="Style_6" WC="0.888888888888889" CC="5"/>
						<String CONTENT="&apos;&#x00E9;p" ID="St_1.2.2.10" HPOS="1812" VPOS="796" HEIGHT="128" WIDTH="164" STYLEREFS="Style_6" WC="0.877777777777778" CC="401"/>
						<String CONTENT="&#x00E9;" ID="St_1.2.2.11" HPOS="1980" VPOS="800" HEIGHT="92" WIDTH="60" STYLEREFS="Style_6" WC="0.883333333333333" CC="0"/>
						<String CONTENT="e," ID="St_1.2.2.12" HPOS="2048" VPOS="828" HEIGHT="100" WIDTH="88" STYLEREFS="Style_6" WC="0.893333333333333" CC="00"/>
						<SP ID="SP_1.2.2.13" HPOS="2120" VPOS="840" WIDTH="40"/>
						<String CONTENT="&#x00E9;" ID="St_1.2.2.14" HPOS="2192" VPOS="796" HEIGHT="100" WIDTH="52" STYLEREFS="Style_6" WC="0.871111111111111" CC="7"/>
						<String CONTENT="t" ID="St_1.2.2.15" HPOS="2248" VPOS="800" HEIGHT="96" WIDTH="48" STYLEREFS="Style_6" WC="0.862222222222222" CC="3"/>
						<String CONTENT="udes" ID="St_1.2.2.16" HPOS="2300" VPOS="792" HEIGHT="100" WIDTH="264" STYLEREFS="Style_6" WC="0.87" CC="3000"/>
						<SP ID="SP_1.2.2.17" HPOS="2536" VPOS="816" WIDTH="52"/>
						<String CONTENT="sur" ID="St_1.2.2.18" HPOS="2620" VPOS="824" HEIGHT="68" WIDTH="188" STYLEREFS="Style_6" WC="0.885555555555556" CC="000"/>
						<SP ID="SP_1.2.2.19" HPOS="2776" VPOS="812" WIDTH="60"/>
						<String CONTENT="les" ID="St_1.2.2.20" HPOS="2868" VPOS="792" HEIGHT="100" WIDTH="152" STYLEREFS="Style_6" WC="0.896666666666667" CC="000"/>
						<SP ID="SP_1.2.2.21" HPOS="2992" VPOS="816" WIDTH="56"/>
						<String CONTENT="temps" ID="St_1.2.2.22" HPOS="3080" VPOS="800" HEIGHT="120" WIDTH="356" STYLEREFS="Style_6" WC="0.911111111111111" CC="00000"/>
						<SP ID="SP_1.2.2.23" HPOS="3404" VPOS="816" WIDTH="56"/>
						<String CONTENT="nouveaux." ID="St_1.2.2.24" HPOS="3492" VPOS="824" HEIGHT="72" WIDTH="612" STYLEREFS="Style_6" WC="0.927777777777778" CC="000000000"/>
						<SP ID="SP_1.2.2.25" HPOS="4088" VPOS="836" WIDTH="80"/>
						<String CONTENT="Pr&#x00E9;-" ID="St_1.2.2.26" HPOS="4244" VPOS="796" HEIGHT="100" WIDTH="264" STYLEREFS="Style_6" WC="0.925555555555556" CC="0031"/>
					</TextLine>
					<TextLine ID="TL_1.2.3" HPOS="644" VPOS="940" HEIGHT="136" WIDTH="3964">
						<String CONTENT="face" ID="St_1.2.3.1" HPOS="644" VPOS="944" HEIGHT="104" WIDTH="236" STYLEREFS="Style_6" WC="1" CC="0000"/>
						<SP ID="SP_1.2.3.2" HPOS="848" VPOS="964" WIDTH="56"/>
						<String CONTENT="du" ID="St_1.2.3.3" HPOS="936" VPOS="948" HEIGHT="100" WIDTH="148" STYLEREFS="Style_6" WC="1" CC="00"/>
						<SP ID="SP_1.2.3.4" HPOS="1048" VPOS="964" WIDTH="64"/>
						<String CONTENT="comte" ID="St_1.2.3.5" HPOS="1140" VPOS="956" HEIGHT="92" WIDTH="348" STYLEREFS="Style_6" WC="1" CC="00000"/>
						<SP ID="SP_1.2.3.6" HPOS="1456" VPOS="964" WIDTH="60"/>
						<String CONTENT="de" ID="St_1.2.3.7" HPOS="1548" VPOS="944" HEIGHT="104" WIDTH="132" STYLEREFS="Style_6" WC="1" CC="00"/>
						<SP ID="SP_1.2.3.8" HPOS="1652" VPOS="964" WIDTH="60"/>
						<String CONTENT="Saint-Aulaire" ID="St_1.2.3.9" HPOS="1748" VPOS="940" HEIGHT="112" WIDTH="840" STYLEREFS="Style_6" WC="1" CC="0000000000000"/>
						<SP ID="SP_1.2.3.10" HPOS="2556" VPOS="960" WIDTH="64"/>
						<String CONTENT="&#x0085;" ID="St_1.2.3.11" HPOS="2664" VPOS="956" HEIGHT="108" WIDTH="64" STYLEREFS="Style_6" WC="1" CC="0"/>
						<SP ID="SP_1.2.3.12" HPOS="2756" VPOS="1008" WIDTH="88"/>
						<String CONTENT="Paris," ID="St_1.2.3.13" HPOS="2924" VPOS="940" HEIGHT="132" WIDTH="360" STYLEREFS="Style_6" WC="1" CC="000000"/>
						<SP ID="SP_1.2.3.14" HPOS="3264" VPOS="984" WIDTH="44"/>
						<String CONTENT="J." ID="St_1.2.3.15" HPOS="3340" VPOS="944" HEIGHT="104" WIDTH="108" STYLEREFS="Style_6" WC="1" CC="00"/>
						<SP ID="SP_1.2.3.16" HPOS="3436" VPOS="988" WIDTH="40"/>
						<String CONTENT="Peyronnet" ID="St_1.2.3.17" HPOS="3516" VPOS="944" HEIGHT="132" WIDTH="628" STYLEREFS="Style_6" WC="1" CC="000000000"/>
						<SP ID="SP_1.2.3.18" HPOS="4116" VPOS="952" WIDTH="56"/>
						<String CONTENT="&amp;" ID="St_1.2.3.19" HPOS="4204" VPOS="952" HEIGHT="96" WIDTH="92" STYLEREFS="Style_6" WC="1" CC="0"/>
						<SP ID="SP_1.2.3.20" HPOS="4244" VPOS="952" WIDTH="76"/>
						<String CONTENT="c&#x0365;&#x0364;," ID="St_1.2.3.21" HPOS="4352" VPOS="964" HEIGHT="108" WIDTH="256" STYLEREFS="Style_6" WC="1" CC="0000"/>
					</TextLine>
					<TextLine ID="TL_1.2.4" HPOS="640" VPOS="1104" HEIGHT="100" WIDTH="284">
						<String CONTENT="1929." ID="St_1.2.4.1" HPOS="640" VPOS="1104" HEIGHT="100" WIDTH="284" STYLEREFS="Style_6" WC="1" CC="00000"/>
					</TextLine>
					<TextLine ID="TL_1.2.5" HPOS="772" VPOS="1248" HEIGHT="100" WIDTH="1652">
						<String CONTENT="79" ID="St_1.2.5.1" HPOS="772" VPOS="1252" HEIGHT="80" WIDTH="112" STYLEREFS="Style_6" WC="1" CC="00"/>
						<SP ID="SP_1.2.5.2" HPOS="852" VPOS="1248" WIDTH="56"/>
						<String CONTENT="p.," ID="St_1.2.5.3" HPOS="936" VPOS="1276" HEIGHT="72" WIDTH="108" STYLEREFS="Style_6" WC="1" CC="000"/>
						<SP ID="SP_1.2.5.4" HPOS="1032" VPOS="1276" WIDTH="40"/>
						<String CONTENT="1" ID="St_1.2.5.5" HPOS="1104" VPOS="1256" HEIGHT="72" WIDTH="48" STYLEREFS="Style_6" WC="1" CC="0"/>
						<SP ID="SP_1.2.5.6" HPOS="1124" VPOS="1248" WIDTH="56"/>
						<String CONTENT="1." ID="St_1.2.5.7" HPOS="1208" VPOS="1252" HEIGHT="76" WIDTH="60" STYLEREFS="Style_6" WC="0.958888888888889" CC="04"/>
						<SP ID="SP_1.2.5.8" HPOS="1256" VPOS="1276" WIDTH="68"/>
						<String CONTENT="fr" ID="St_1.2.5.9" HPOS="1384" VPOS="1252" HEIGHT="76" WIDTH="100" STYLEREFS="Style_6" WC="0.967777777777778" CC="00"/>
						<String CONTENT="o" ID="St_1.2.5.10" HPOS="1488" VPOS="1272" HEIGHT="56" WIDTH="48" STYLEREFS="Style_6" WC="0.97" CC="0"/>
						<String CONTENT="nt." ID="St_1.2.5.11" HPOS="1544" VPOS="1256" HEIGHT="76" WIDTH="132" STYLEREFS="Style_6" WC="0.974444444444444" CC="000"/>
						<SP ID="SP_1.2.5.12" HPOS="1660" VPOS="1272" WIDTH="40"/>
						<String CONTENT="(port.)" ID="St_1.2.5.13" HPOS="1728" VPOS="1252" HEIGHT="92" WIDTH="336" STYLEREFS="Style_6" WC="0.982222222222222" CC="0000000"/>
						<SP ID="SP_1.2.5.14" HPOS="2044" VPOS="1248" WIDTH="84"/>
						<String CONTENT="19&#x0368;&#x036b;." ID="St_1.2.5.15" HPOS="2196" VPOS="1248" HEIGHT="80" WIDTH="228" STYLEREFS="Style_6" WC="0.926666666666667" CC="00881"/>
					</TextLine>
					<TextLine ID="TL_1.2.6" HPOS="772" VPOS="1356" HEIGHT="88" WIDTH="2164">
						<String CONTENT="At" ID="St_1.2.6.1" HPOS="772" VPOS="1364" HEIGHT="80" WIDTH="124" STYLEREFS="Style_6" WC="1" CC="00"/>
						<SP ID="SP_1.2.6.2" HPOS="876" VPOS="1360" WIDTH="40"/>
						<String CONTENT="head" ID="St_1.2.6.3" HPOS="940" VPOS="1360" HEIGHT="84" WIDTH="244" STYLEREFS="Style_6" WC="0.935555555555556" CC="4000"/>
						<SP ID="SP_1.2.6.4" HPOS="1152" VPOS="1360" WIDTH="52"/>
						<String CONTENT="of" ID="St_1.2.6.5" HPOS="1228" VPOS="1360" HEIGHT="80" WIDTH="104" STYLEREFS="Style_6" WC="0.955555555555556" CC="00"/>
						<SP ID="SP_1.2.6.6" HPOS="1304" VPOS="1356" WIDTH="48"/>
						<String CONTENT="title:" ID="St_1.2.6.7" HPOS="1380" VPOS="1360" HEIGHT="80" WIDTH="260" STYLEREFS="Style_6" WC="0.973333333333333" CC="000000"/>
						<SP ID="SP_1.2.6.8" HPOS="1624" VPOS="1368" WIDTH="40"/>
						<String CONTENT="Vicomte" ID="St_1.2.6.9" HPOS="1692" VPOS="1360" HEIGHT="76" WIDTH="424" STYLEREFS="Style_6" WC="0.964444444444444" CC="0040000"/>
						<SP ID="SP_1.2.6.10" HPOS="2084" VPOS="1368" WIDTH="52"/>
						<String CONTENT="E." ID="St_1.2.6.11" HPOS="2164" VPOS="1360" HEIGHT="80" WIDTH="104" STYLEREFS="Style_6" WC="0.952222222222222" CC="40"/>
						<SP ID="SP_1.2.6.12" HPOS="2256" VPOS="1388" WIDTH="32"/>
						<String CONTENT="de" ID="St_1.2.6.13" HPOS="2312" VPOS="1360" HEIGHT="76" WIDTH="120" STYLEREFS="Style_6" WC="0.956666666666667" CC="00"/>
						<SP ID="SP_1.2.6.14" HPOS="2400" VPOS="1368" WIDTH="52"/>
						<String CONTENT="La" ID="St_1.2.6.15" HPOS="2476" VPOS="1360" HEIGHT="76" WIDTH="128" STYLEREFS="Style_6" WC="0.96" CC="00"/>
						<SP ID="SP_1.2.6.16" HPOS="2572" VPOS="1364" WIDTH="56"/>
						<String CONTENT="Tour." ID="St_1.2.6.17" HPOS="2656" VPOS="1360" HEIGHT="76" WIDTH="280" STYLEREFS="Style_6" WC="0.966666666666667" CC="00000"/>
					</TextLine>
					<TextLine ID="TL_1.2.7" HPOS="776" VPOS="1464" HEIGHT="100" WIDTH="3740">
						<String CONTENT="&quot;I" ID="St_1.2.7.1" HPOS="776" VPOS="1472" HEIGHT="80" WIDTH="100" STYLEREFS="Style_6" WC="0.888888888888889" CC="11"/>
						<String CONTENT="l" ID="St_1.2.7.2" HPOS="888" VPOS="1476" HEIGHT="72" WIDTH="24" STYLEREFS="Style_6" WC="0.777777777777778" CC="4"/>
						<SP ID="SP_1.2.7.3" HPOS="896" VPOS="1464" WIDTH="48"/>
						<String CONTENT="a" ID="St_1.2.7.4" HPOS="980" VPOS="1492" HEIGHT="60" WIDTH="52" STYLEREFS="Style_7" WC="0.866666666666667" CC="0"/>
						<SP ID="SP_1.2.7.5" HPOS="1004" VPOS="1472" WIDTH="60"/>
						<String CONTENT="&#x00E9;t" ID="St_1.2.7.6" HPOS="1100" VPOS="1464" HEIGHT="84" WIDTH="84" STYLEREFS="Style_7" WC="0.75" CC="57"/>
						<String CONTENT="&#x00E9;" ID="St_1.2.7.7" HPOS="1132" VPOS="1472" HEIGHT="80" WIDTH="80" STYLEREFS="Style_8" WC="0.691111111111111" CC="7"/>
						<SP ID="SP_1.2.7.8" HPOS="1220" VPOS="1468" WIDTH="56"/>
						<String CONTENT="tir&#x00E9;" ID="St_1.2.7.9" HPOS="1308" VPOS="1468" HEIGHT="84" WIDTH="184" STYLEREFS="Style_8" WC="0.737777777777778" CC="0008"/>
						<SP ID="SP_1.2.7.10" HPOS="1460" VPOS="1464" WIDTH="60"/>
						<String CONTENT="de" ID="St_1.2.7.11" HPOS="1556" VPOS="1472" HEIGHT="76" WIDTH="112" STYLEREFS="Style_8" WC="0.783333333333333" CC="00"/>
						<SP ID="SP_1.2.7.12" HPOS="1640" VPOS="1476" WIDTH="56"/>
						<String CONTENT="c" ID="St_1.2.7.13" HPOS="1728" VPOS="1492" HEIGHT="56" WIDTH="48" STYLEREFS="Style_8" WC="0.783333333333333" CC="4"/>
						<String CONTENT="et" ID="St_1.2.7.14" HPOS="1784" VPOS="1472" HEIGHT="76" WIDTH="92" STYLEREFS="Style_8" WC="0.803333333333333" CC="00"/>
						<SP ID="SP_1.2.7.15" HPOS="1852" VPOS="1468" WIDTH="52"/>
						<String CONTENT="ouvrage" ID="St_1.2.7.16" HPOS="1936" VPOS="1488" HEIGHT="72" WIDTH="412" STYLEREFS="Style_8" WC="0.842222222222222" CC="0400000"/>
						<SP ID="SP_1.2.7.17" HPOS="2320" VPOS="1476" WIDTH="56"/>
						<String CONTENT="mi" ID="St_1.2.7.18" HPOS="2412" VPOS="1468" HEIGHT="76" WIDTH="124" STYLEREFS="Style_8" WC="0.828888888888889" CC="53"/>
						<String CONTENT="l" ID="St_1.2.7.19" HPOS="2544" VPOS="1468" HEIGHT="76" WIDTH="24" STYLEREFS="Style_8" WC="0.824444444444444" CC="3"/>
						<String CONTENT="le" ID="St_1.2.7.20" HPOS="2584" VPOS="1468" HEIGHT="76" WIDTH="84" STYLEREFS="Style_8" WC="0.834444444444444" CC="00"/>
						<SP ID="SP_1.2.7.21" HPOS="2640" VPOS="1476" WIDTH="52"/>
						<String CONTENT="deux" ID="St_1.2.7.22" HPOS="2724" VPOS="1468" HEIGHT="76" WIDTH="252" STYLEREFS="Style_8" WC="0.855555555555556" CC="0000"/>
						<SP ID="SP_1.2.7.23" HPOS="2940" VPOS="1480" WIDTH="64"/>
						<String CONTENT="cent" ID="St_1.2.7.24" HPOS="3040" VPOS="1472" HEIGHT="72" WIDTH="216" STYLEREFS="Style_8" WC="0.871111111111111" CC="0000"/>
						<SP ID="SP_1.2.7.25" HPOS="3228" VPOS="1468" WIDTH="56"/>
						<String CONTENT="c" ID="St_1.2.7.26" HPOS="3316" VPOS="1476" HEIGHT="68" WIDTH="52" STYLEREFS="Style_8" WC="0.864444444444444" CC="5"/>
						<String CONTENT="inquante" ID="St_1.2.7.27" HPOS="3372" VPOS="1468" HEIGHT="96" WIDTH="456" STYLEREFS="Style_8" WC="0.884444444444444" CC="00000000"/>
						<SP ID="SP_1.2.7.28" HPOS="3796" VPOS="1480" WIDTH="60"/>
						<String CONTENT="exemplaires" ID="St_1.2.7.29" HPOS="3892" VPOS="1468" HEIGHT="96" WIDTH="624" STYLEREFS="Style_8" WC="0.897777777777778" CC="00040000000"/>
					</TextLine>
					<TextLine ID="TL_1.2.8" HPOS="640" VPOS="1572" HEIGHT="104" WIDTH="3876">
						<String CONTENT="s" ID="St_1.2.8.1" HPOS="640" VPOS="1608" HEIGHT="52" WIDTH="40" STYLEREFS="Style_8" WC="0.555555555555556" CC="4"/>
						<String CONTENT="ur" ID="St_1.2.8.2" HPOS="692" VPOS="1604" HEIGHT="56" WIDTH="112" STYLEREFS="Style_8" WC="0.851111111111111" CC="00"/>
						<SP ID="SP_1.2.8.3" HPOS="776" VPOS="1588" WIDTH="52"/>
						<String CONTENT="papier" ID="St_1.2.8.4" HPOS="856" VPOS="1580" HEIGHT="96" WIDTH="328" STYLEREFS="Style_8" WC="0.955555555555556" CC="000000"/>
						<SP ID="SP_1.2.8.5" HPOS="1160" VPOS="1588" WIDTH="52"/>
						<String CONTENT="v" ID="St_1.2.8.6" HPOS="1240" VPOS="1604" HEIGHT="56" WIDTH="56" STYLEREFS="Style_8" WC="0.925555555555556" CC="4"/>
						<String CONTENT="elin" ID="St_1.2.8.7" HPOS="1304" VPOS="1580" HEIGHT="80" WIDTH="184" STYLEREFS="Style_8" WC="0.944444444444444" CC="0000"/>
						<SP ID="SP_1.2.8.8" HPOS="1452" VPOS="1588" WIDTH="64"/>
						<String CONTENT="sup" ID="St_1.2.8.9" HPOS="1548" VPOS="1600" HEIGHT="72" WIDTH="172" STYLEREFS="Style_8" WC="0.955555555555556" CC="000"/>
						<String CONTENT="&#x00E9;" ID="St_1.2.8.10" HPOS="1728" VPOS="1576" HEIGHT="80" WIDTH="48" STYLEREFS="Style_8" WC="0.931111111111111" CC="5"/>
						<String CONTENT="rieur" ID="St_1.2.8.11" HPOS="1784" VPOS="1576" HEIGHT="80" WIDTH="256" STYLEREFS="Style_8" WC="0.944444444444444" CC="00000"/>
						<SP ID="SP_1.2.8.12" HPOS="2012" VPOS="1588" WIDTH="52"/>
						<String CONTENT="des" ID="St_1.2.8.13" HPOS="2092" VPOS="1580" HEIGHT="76" WIDTH="164" STYLEREFS="Style_8" WC="0.951111111111111" CC="000"/>
						<SP ID="SP_1.2.8.14" HPOS="2232" VPOS="1588" WIDTH="52"/>
						<String CONTENT="Marais," ID="St_1.2.8.15" HPOS="2316" VPOS="1576" HEIGHT="96" WIDTH="384" STYLEREFS="Style_8" WC="0.961111111111111" CC="0000000"/>
						<SP ID="SP_1.2.8.16" HPOS="2688" VPOS="1604" WIDTH="40"/>
						<String CONTENT="num&#x00E9;rot&#x00E9;s" ID="St_1.2.8.17" HPOS="2756" VPOS="1572" HEIGHT="84" WIDTH="540" STYLEREFS="Style_8" WC="0.932222222222222" CC="000800080"/>
						<SP ID="SP_1.2.8.18" HPOS="3268" VPOS="1588" WIDTH="52"/>
						<String CONTENT="de" ID="St_1.2.8.19" HPOS="3352" VPOS="1580" HEIGHT="76" WIDTH="116" STYLEREFS="Style_8" WC="0.936666666666667" CC="00"/>
						<SP ID="SP_1.2.8.20" HPOS="3440" VPOS="1588" WIDTH="52"/>
						<String CONTENT="1" ID="St_1.2.8.21" HPOS="3520" VPOS="1580" HEIGHT="72" WIDTH="48" STYLEREFS="Style_8" WC="0.938888888888889" CC="0"/>
						<SP ID="SP_1.2.8.22" HPOS="3536" VPOS="1576" WIDTH="60"/>
						<String CONTENT="&#x00E0;" ID="St_1.2.8.23" HPOS="3628" VPOS="1572" HEIGHT="80" WIDTH="48" STYLEREFS="Style_8" WC="0.916666666666667" CC="8"/>
						<SP ID="SP_1.2.8.24" HPOS="3652" VPOS="1576" WIDTH="56"/>
						<String CONTENT="1250." ID="St_1.2.8.25" HPOS="3740" VPOS="1576" HEIGHT="80" WIDTH="252" STYLEREFS="Style_8" WC="0.924444444444444" CC="00000"/>
						<SP ID="SP_1.2.8.26" HPOS="3980" VPOS="1608" WIDTH="64"/>
						<String CONTENT="n&#x00b0;" ID="St_1.2.8.27" HPOS="4104" VPOS="1600" HEIGHT="56" WIDTH="64" STYLEREFS="Style_8" WC="0.92" CC="4"/>
						<SP ID="SP_1.2.8.28" HPOS="4188" VPOS="1580" WIDTH="48"/>
						<String CONTENT="375.&quot;" ID="St_1.2.8.29" HPOS="4264" VPOS="1576" HEIGHT="84" WIDTH="252" STYLEREFS="Style_8" WC="0.926666666666667" CC="00000"/>
					</TextLine>
					<TextLine ID="TL_1.2.9" HPOS="648" VPOS="1684" HEIGHT="100" WIDTH="3868">
						<String CONTENT="&#x00A9;" ID="St_1.2.9.1" HPOS="648" VPOS="1688" HEIGHT="96" WIDTH="96" STYLEREFS="Style_8" WC="0.555555555555556" CC="4"/>
						<SP ID="SP_1.2.9.2" HPOS="692" VPOS="1688" WIDTH="84"/>
						<String CONTENT="June" ID="St_1.2.9.3" HPOS="812" VPOS="1696" HEIGHT="76" WIDTH="252" STYLEREFS="Style_8" WC="0.925555555555556" CC="0000"/>
						<SP ID="SP_1.2.9.4" HPOS="1032" VPOS="1712" WIDTH="56"/>
						<String CONTENT="25," ID="St_1.2.9.5" HPOS="1120" VPOS="1692" HEIGHT="92" WIDTH="136" STYLEREFS="Style_8" WC="0.955555555555556" CC="000"/>
						<SP ID="SP_1.2.9.6" HPOS="1240" VPOS="1732" WIDTH="44"/>
						<String CONTENT="1" ID="St_1.2.9.7" HPOS="1320" VPOS="1692" HEIGHT="80" WIDTH="48" STYLEREFS="Style_8" WC="0.962222222222222" CC="0"/>
						<String CONTENT="9" ID="St_1.2.9.8" HPOS="1376" VPOS="1700" HEIGHT="76" WIDTH="52" STYLEREFS="Style_8" WC="0.922222222222222" CC="5"/>
						<String CONTENT="29;" ID="St_1.2.9.9" HPOS="1432" VPOS="1688" HEIGHT="92" WIDTH="160" STYLEREFS="Style_8" WC="0.936666666666667" CC="000"/>
						<SP ID="SP_1.2.9.10" HPOS="1580" VPOS="1708" WIDTH="44"/>
						<String CONTENT="lc." ID="St_1.2.9.11" HPOS="1664" VPOS="1696" HEIGHT="80" WIDTH="124" STYLEREFS="Style_8" WC="0.9" CC="441"/>
						<SP ID="SP_1.2.9.12" HPOS="1776" VPOS="1732" WIDTH="48"/>
						<String CONTENT="Jan." ID="St_1.2.9.13" HPOS="1856" VPOS="1688" HEIGHT="80" WIDTH="216" STYLEREFS="Style_8" WC="0.897777777777778" CC="4000"/>
						<SP ID="SP_1.2.9.14" HPOS="2056" VPOS="1728" WIDTH="44"/>
						<String CONTENT="10," ID="St_1.2.9.15" HPOS="2136" VPOS="1688" HEIGHT="92" WIDTH="132" STYLEREFS="Style_8" WC="0.911111111111111" CC="000"/>
						<SP ID="SP_1.2.9.16" HPOS="2256" VPOS="1728" WIDTH="40"/>
						<String CONTENT="1930;" ID="St_1.2.9.17" HPOS="2336" VPOS="1684" HEIGHT="96" WIDTH="272" STYLEREFS="Style_8" WC="0.926666666666667" CC="00000"/>
						<SP ID="SP_1.2.9.18" HPOS="2592" VPOS="1708" WIDTH="44"/>
						<String CONTENT="A-F" ID="St_1.2.9.19" HPOS="2676" VPOS="1688" HEIGHT="76" WIDTH="280" STYLEREFS="Style_8" WC="0.934444444444444" CC="000"/>
						<String CONTENT="o" ID="St_1.2.9.20" HPOS="2956" VPOS="1708" HEIGHT="56" WIDTH="52" STYLEREFS="Style_8" WC="0.924444444444444" CC="4"/>
						<String CONTENT="reign" ID="St_1.2.9.21" HPOS="3020" VPOS="1684" HEIGHT="96" WIDTH="260" STYLEREFS="Style_8" WC="0.923333333333333" CC="00004"/>
						<SP ID="SP_1.2.9.22" HPOS="3244" VPOS="1708" WIDTH="64"/>
						<String CONTENT="5891;" ID="St_1.2.9.23" HPOS="3348" VPOS="1684" HEIGHT="96" WIDTH="276" STYLEREFS="Style_8" WC="0.932222222222222" CC="00000"/>
						<SP ID="SP_1.2.9.24" HPOS="3608" VPOS="1708" WIDTH="48"/>
						<String CONTENT="J" ID="St_1.2.9.25" HPOS="3696" VPOS="1688" HEIGHT="80" WIDTH="56" STYLEREFS="Style_8" WC="0.925555555555556" CC="4"/>
						<String CONTENT="." ID="St_1.2.9.26" HPOS="3764" VPOS="1748" HEIGHT="20" WIDTH="16" STYLEREFS="Style_8" WC="0.927777777777778" CC="0"/>
						<SP ID="SP_1.2.9.27" HPOS="3764" VPOS="1728" WIDTH="44"/>
						<String CONTENT="Peyronnet" ID="St_1.2.9.28" HPOS="3844" VPOS="1688" HEIGHT="92" WIDTH="536" STYLEREFS="Style_8" WC="0.938888888888889" CC="000000000"/>
						<SP ID="SP_1.2.9.29" HPOS="4352" VPOS="1700" WIDTH="56"/>
						<String CONTENT="&amp;" ID="St_1.2.9.30" HPOS="4444" VPOS="1692" HEIGHT="76" WIDTH="72" STYLEREFS="Style_8" WC="0.94" CC="0"/>
					</TextLine>
					<TextLine ID="TL_1.2.10" HPOS="780" VPOS="1792" HEIGHT="112" WIDTH="3572">
						<String CONTENT="ci" ID="St_1.2.10.1" HPOS="780" VPOS="1804" HEIGHT="80" WIDTH="84" STYLEREFS="Style_9" WC="0.555555555555556" CC="44"/>
						<String CONTENT="e" ID="St_1.2.10.2" HPOS="872" VPOS="1820" HEIGHT="60" WIDTH="48" STYLEREFS="Style_10" WC="0.703333333333333" CC="0"/>
						<String CONTENT="." ID="St_1.2.10.3" HPOS="928" VPOS="1864" HEIGHT="20" WIDTH="20" STYLEREFS="Style_11" WC="0.777777777777778" CC="0"/>
						<SP ID="SP_1.2.10.4" HPOS="936" VPOS="1852" WIDTH="72"/>
						<String CONTENT="(30-8934)" ID="St_1.2.10.5" HPOS="1072" VPOS="1800" HEIGHT="100" WIDTH="488" STYLEREFS="Style_11" WC="0.935555555555556" CC="000000000"/>
						<SP ID="SP_1.2.10.6" HPOS="1540" VPOS="1804" WIDTH="2580"/>
						<String CONTENT="3099" ID="St_1.2.10.7" HPOS="4120" VPOS="1792" HEIGHT="88" WIDTH="232" STYLEREFS="Style_11" WC="0.685555555555556" CC="0000"/>
					</TextLine>
					<TextLine ID="TL_1.2.11" HPOS="648" VPOS="1976" HEIGHT="128" WIDTH="2088">
						<String CONTENT="Lehmann-Russbildt," ID="St_1.2.11.1" HPOS="648" VPOS="1976" HEIGHT="128" WIDTH="1320" STYLEREFS="Style_11" WC="0.95" CC="000000000000080000"/>
						<SP ID="SP_1.2.11.2" HPOS="1948" VPOS="2024" WIDTH="48"/>
						<String CONTENT="Otto," ID="St_1.2.11.3" HPOS="2028" VPOS="1980" HEIGHT="124" WIDTH="312" STYLEREFS="Style_11" WC="0.962222222222222" CC="00000"/>
						<SP ID="SP_1.2.11.4" HPOS="2320" VPOS="2020" WIDTH="48"/>
						<String CONTENT="1873-" ID="St_1.2.11.5" HPOS="2404" VPOS="1980" HEIGHT="104" WIDTH="332" STYLEREFS="Style_11" WC="0.97" CC="00000"/>
					</TextLine>
					<TextLine ID="TL_1.2.12" HPOS="776" VPOS="2128" HEIGHT="140" WIDTH="3744">
						<String CONTENT="War" ID="St_1.2.12.1" HPOS="776" VPOS="2132" HEIGHT="104" WIDTH="276" STYLEREFS="Style_11" WC="1" CC="000"/>
						<SP ID="SP_1.2.12.2" HPOS="1020" VPOS="2152" WIDTH="72"/>
						<String CONTENT="for" ID="St_1.2.12.3" HPOS="1140" VPOS="2132" HEIGHT="100" WIDTH="180" STYLEREFS="Style_11" WC="1" CC="000"/>
						<SP ID="SP_1.2.12.4" HPOS="1292" VPOS="2152" WIDTH="76"/>
						<String CONTENT="profits," ID="St_1.2.12.5" HPOS="1416" VPOS="2128" HEIGHT="136" WIDTH="424" STYLEREFS="Style_11" WC="1" CC="00000000"/>
						<SP ID="SP_1.2.12.6" HPOS="1824" VPOS="2176" WIDTH="60"/>
						<String CONTENT="by" ID="St_1.2.12.7" HPOS="1932" VPOS="2132" HEIGHT="136" WIDTH="140" STYLEREFS="Style_11" WC="1" CC="00"/>
						<SP ID="SP_1.2.12.8" HPOS="2032" VPOS="2156" WIDTH="88"/>
						<String CONTENT="Otto" ID="St_1.2.12.9" HPOS="2172" VPOS="2128" HEIGHT="108" WIDTH="272" STYLEREFS="Style_11" WC="1" CC="0000"/>
						<SP ID="SP_1.2.12.10" HPOS="2408" VPOS="2152" WIDTH="76"/>
						<String CONTENT="Lehmann-Russbfildt," ID="St_1.2.12.11" HPOS="2532" VPOS="2128" HEIGHT="132" WIDTH="1280" STYLEREFS="Style_11" WC="0.948888888888889" CC="0000000000511850000"/>
						<SP ID="SP_1.2.12.12" HPOS="3796" VPOS="2176" WIDTH="56"/>
						<String CONTENT="translated" ID="St_1.2.12.13" HPOS="3904" VPOS="2132" HEIGHT="100" WIDTH="616" STYLEREFS="Style_11" WC="0.958888888888889" CC="0000000000"/>
					</TextLine>
					<TextLine ID="TL_1.2.13" HPOS="636" VPOS="2276" HEIGHT="140" WIDTH="3880">
						<String CONTENT="and" ID="St_1.2.13.1" HPOS="636" VPOS="2284" HEIGHT="104" WIDTH="216" STYLEREFS="Style_11" WC="1" CC="000"/>
						<SP ID="SP_1.2.13.2" HPOS="812" VPOS="2284" WIDTH="64"/>
						<String CONTENT="with" ID="St_1.2.13.3" HPOS="908" VPOS="2284" HEIGHT="100" WIDTH="268" STYLEREFS="Style_11" WC="1" CC="0000"/>
						<SP ID="SP_1.2.13.4" HPOS="1136" VPOS="2284" WIDTH="64"/>
						<String CONTENT="an" ID="St_1.2.13.5" HPOS="1232" VPOS="2320" HEIGHT="64" WIDTH="136" STYLEREFS="Style_11" WC="1" CC="00"/>
						<SP ID="SP_1.2.13.6" HPOS="1332" VPOS="2300" WIDTH="64"/>
						<String CONTENT="introduction" ID="St_1.2.13.7" HPOS="1424" VPOS="2280" HEIGHT="104" WIDTH="748" STYLEREFS="Style_11" WC="1" CC="000000000000"/>
						<SP ID="SP_1.2.13.8" HPOS="2132" VPOS="2300" WIDTH="60"/>
						<String CONTENT="by" ID="St_1.2.13.9" HPOS="2220" VPOS="2284" HEIGHT="132" WIDTH="148" STYLEREFS="Style_11" WC="1" CC="00"/>
						<SP ID="SP_1.2.13.10" HPOS="2328" VPOS="2300" WIDTH="64"/>
						<String CONTENT="Pierre" ID="St_1.2.13.11" HPOS="2420" VPOS="2280" HEIGHT="104" WIDTH="380" STYLEREFS="Style_11" WC="1" CC="000000"/>
						<SP ID="SP_1.2.13.12" HPOS="2768" VPOS="2300" WIDTH="56"/>
						<String CONTENT="Loving." ID="St_1.2.13.13" HPOS="2852" VPOS="2276" HEIGHT="136" WIDTH="468" STYLEREFS="Style_11" WC="1" CC="0000000"/>
						<SP ID="SP_1.2.13.14" HPOS="3304" VPOS="2324" WIDTH="76"/>
						<String CONTENT="New" ID="St_1.2.13.15" HPOS="3448" VPOS="2284" HEIGHT="100" WIDTH="268" STYLEREFS="Style_11" WC="1" CC="000"/>
						<SP ID="SP_1.2.13.16" HPOS="3664" VPOS="2300" WIDTH="76"/>
						<String CONTENT="York," ID="St_1.2.13.17" HPOS="3768" VPOS="2276" HEIGHT="136" WIDTH="352" STYLEREFS="Style_11" WC="1" CC="00000"/>
						<SP ID="SP_1.2.13.18" HPOS="4100" VPOS="2324" WIDTH="40"/>
						<String CONTENT="A." ID="St_1.2.13.19" HPOS="4172" VPOS="2284" HEIGHT="100" WIDTH="132" STYLEREFS="Style_11" WC="1" CC="00"/>
						<SP ID="SP_1.2.13.20" HPOS="4288" VPOS="2324" WIDTH="44"/>
						<String CONTENT="H." ID="St_1.2.13.21" HPOS="4364" VPOS="2284" HEIGHT="100" WIDTH="152" STYLEREFS="Style_11" WC="1" CC="00"/>
					</TextLine>
					<TextLine ID="TL_1.2.14" HPOS="636" VPOS="2432" HEIGHT="136" WIDTH="688">
						<String CONTENT="King," ID="St_1.2.14.1" HPOS="636" VPOS="2432" HEIGHT="136" WIDTH="344" STYLEREFS="Style_11" WC="1" CC="00000"/>
						<SP ID="SP_1.2.14.2" HPOS="964" VPOS="2476" WIDTH="44"/>
						<String CONTENT="1930." ID="St_1.2.14.3" HPOS="1036" VPOS="2440" HEIGHT="96" WIDTH="288" STYLEREFS="Style_11" WC="1" CC="00000"/>
					</TextLine>
					<TextLine ID="TL_1.2.15" HPOS="772" VPOS="2584" HEIGHT="100" WIDTH="1528">
						<String CONTENT="xvii" ID="St_1.2.15.1" HPOS="772" VPOS="2588" HEIGHT="80" WIDTH="200" STYLEREFS="Style_11" WC="1" CC="0000"/>
						<SP ID="SP_1.2.15.2" HPOS="948" VPOS="2584" WIDTH="44"/>
						<String CONTENT="p.," ID="St_1.2.15.3" HPOS="1020" VPOS="2612" HEIGHT="72" WIDTH="112" STYLEREFS="Style_11" WC="1" CC="000"/>
						<SP ID="SP_1.2.15.4" HPOS="1120" VPOS="2616" WIDTH="40"/>
						<String CONTENT="1" ID="St_1.2.15.5" HPOS="1188" VPOS="2592" HEIGHT="76" WIDTH="48" STYLEREFS="Style_11" WC="1" CC="0"/>
						<SP ID="SP_1.2.15.6" HPOS="1208" VPOS="2588" WIDTH="52"/>
						<String CONTENT="1.," ID="St_1.2.15.7" HPOS="1288" VPOS="2592" HEIGHT="88" WIDTH="84" STYLEREFS="Style_11" WC="1" CC="000"/>
						<SP ID="SP_1.2.15.8" HPOS="1360" VPOS="2616" WIDTH="40"/>
						<String CONTENT="21-175" ID="St_1.2.15.9" HPOS="1428" VPOS="2588" HEIGHT="80" WIDTH="336" STYLEREFS="Style_11" WC="1" CC="000000"/>
						<SP ID="SP_1.2.15.10" HPOS="1736" VPOS="2584" WIDTH="48"/>
						<String CONTENT="p." ID="St_1.2.15.11" HPOS="1812" VPOS="2608" HEIGHT="76" WIDTH="84" STYLEREFS="Style_11" WC="1" CC="00"/>
						<SP ID="SP_1.2.15.12" HPOS="1884" VPOS="2616" WIDTH="68"/>
						<String CONTENT="1" ID="St_1.2.15.13" HPOS="2016" VPOS="2588" HEIGHT="76" WIDTH="44" STYLEREFS="Style_11" WC="1" CC="0"/>
						<String CONTENT="9" ID="St_1.2.15.14" HPOS="2072" VPOS="2584" HEIGHT="84" WIDTH="52" STYLEREFS="Style_12" WC="0.983333333333333" CC="4"/>
						<String CONTENT="&#x00bd;&#x0368;&#x036b;." ID="St_1.2.15.15" HPOS="2104" VPOS="2584" HEIGHT="84" WIDTH="196" STYLEREFS="Style_12" WC="0.895555555555556" CC="8881"/>
					</TextLine>
					<TextLine ID="TL_1.2.16" HPOS="776" VPOS="2692" HEIGHT="100" WIDTH="2236">
						<String CONTENT="Translation" ID="St_1.2.16.1" HPOS="776" VPOS="2696" HEIGHT="84" WIDTH="616" STYLEREFS="Style_12" WC="1" CC="00000000000"/>
						<SP ID="SP_1.2.16.2" HPOS="1356" VPOS="2704" WIDTH="60"/>
						<String CONTENT="of" ID="St_1.2.16.3" HPOS="1444" VPOS="2696" HEIGHT="80" WIDTH="104" STYLEREFS="Style_12" WC="1" CC="00"/>
						<SP ID="SP_1.2.16.4" HPOS="1520" VPOS="2692" WIDTH="52"/>
						<String CONTENT="Die" ID="St_1.2.16.5" HPOS="1600" VPOS="2696" HEIGHT="80" WIDTH="176" STYLEREFS="Style_12" WC="1" CC="000"/>
						<SP ID="SP_1.2.16.6" HPOS="1748" VPOS="2704" WIDTH="52"/>
						<String CONTENT="b" ID="St_1.2.16.7" HPOS="1832" VPOS="2700" HEIGHT="76" WIDTH="52" STYLEREFS="Style_12" WC="1" CC="0"/>
						<String CONTENT="l" ID="St_1.2.16.8" HPOS="1892" VPOS="2700" HEIGHT="76" WIDTH="28" STYLEREFS="Style_12" WC="0.983333333333333" CC="3"/>
						<String CONTENT="utige" ID="St_1.2.16.9" HPOS="1932" VPOS="2696" HEIGHT="96" WIDTH="256" STYLEREFS="Style_12" WC="0.973333333333333" CC="30000"/>
						<SP ID="SP_1.2.16.10" HPOS="2160" VPOS="2700" WIDTH="52"/>
						<String CONTENT="internationale." ID="St_1.2.16.11" HPOS="2240" VPOS="2692" HEIGHT="88" WIDTH="772" STYLEREFS="Style_12" WC="0.983333333333333" CC="000000000000000"/>
					</TextLine>
					<TextLine ID="TL_1.2.17" HPOS="780" VPOS="2804" HEIGHT="100" WIDTH="1336">
						<String CONTENT="Bibliography:" ID="St_1.2.17.1" HPOS="780" VPOS="2808" HEIGHT="96" WIDTH="728" STYLEREFS="Style_12" WC="1" CC="0000000000000"/>
						<SP ID="SP_1.2.17.2" HPOS="1492" VPOS="2812" WIDTH="36"/>
						<String CONTENT="p." ID="St_1.2.17.3" HPOS="1556" VPOS="2828" HEIGHT="76" WIDTH="88" STYLEREFS="Style_12" WC="1" CC="00"/>
						<SP ID="SP_1.2.17.4" HPOS="1632" VPOS="2832" WIDTH="32"/>
						<String CONTENT="171-175." ID="St_1.2.17.5" HPOS="1692" VPOS="2804" HEIGHT="84" WIDTH="424" STYLEREFS="Style_12" WC="1" CC="00000000"/>
					</TextLine>
					<TextLine ID="TL_1.2.18" HPOS="656" VPOS="2912" HEIGHT="100" WIDTH="3860">
						<String CONTENT="&#x00A9;" ID="St_1.2.18.1" HPOS="656" VPOS="2916" HEIGHT="96" WIDTH="96" STYLEREFS="Style_12" WC="0.555555555555556" CC="4"/>
						<SP ID="SP_1.2.18.2" HPOS="700" VPOS="2916" WIDTH="84"/>
						<String CONTENT="M" ID="St_1.2.18.3" HPOS="820" VPOS="2920" HEIGHT="80" WIDTH="92" STYLEREFS="Style_12" WC="0.851111111111111" CC="0"/>
						<String CONTENT="ar." ID="St_1.2.18.4" HPOS="920" VPOS="2940" HEIGHT="60" WIDTH="136" STYLEREFS="Style_12" WC="0.925555555555556" CC="000"/>
						<SP ID="SP_1.2.18.5" HPOS="1044" VPOS="2952" WIDTH="40"/>
						<String CONTENT="2" ID="St_1.2.18.6" HPOS="1112" VPOS="2924" HEIGHT="72" WIDTH="52" STYLEREFS="Style_12" WC="0.944444444444444" CC="0"/>
						<String CONTENT="8" ID="St_1.2.18.7" HPOS="1168" VPOS="2924" HEIGHT="76" WIDTH="52" STYLEREFS="Style_12" WC="0.888888888888889" CC="5"/>
						<String CONTENT="," ID="St_1.2.18.8" HPOS="1232" VPOS="2980" HEIGHT="28" WIDTH="16" STYLEREFS="Style_12" WC="0.9" CC="0"/>
						<SP ID="SP_1.2.18.9" HPOS="1236" VPOS="2956" WIDTH="40"/>
						<String CONTENT="1930;" ID="St_1.2.18.10" HPOS="1308" VPOS="2920" HEIGHT="88" WIDTH="272" STYLEREFS="Style_12" WC="0.936666666666667" CC="00000"/>
						<SP ID="SP_1.2.18.11" HPOS="1568" VPOS="2936" WIDTH="40"/>
						<String CONTENT="2" ID="St_1.2.18.12" HPOS="1644" VPOS="2920" HEIGHT="76" WIDTH="52" STYLEREFS="Style_12" WC="0.944444444444444" CC="0"/>
						<String CONTENT="c" ID="St_1.2.18.13" HPOS="1704" VPOS="2940" HEIGHT="56" WIDTH="48" STYLEREFS="Style_12" WC="0.923333333333333" CC="4"/>
						<String CONTENT="." ID="St_1.2.18.14" HPOS="1760" VPOS="2980" HEIGHT="16" WIDTH="16" STYLEREFS="Style_12" WC="0.927777777777778" CC="0"/>
						<SP ID="SP_1.2.18.15" HPOS="1764" VPOS="2956" WIDTH="44"/>
						<String CONTENT="Mar." ID="St_1.2.18.16" HPOS="1844" VPOS="2920" HEIGHT="76" WIDTH="232" STYLEREFS="Style_12" WC="0.942222222222222" CC="0000"/>
						<SP ID="SP_1.2.18.17" HPOS="2064" VPOS="2956" WIDTH="40"/>
						<String CONTENT="29;" ID="St_1.2.18.18" HPOS="2136" VPOS="2916" HEIGHT="92" WIDTH="164" STYLEREFS="Style_12" WC="0.923333333333333" CC="700"/>
						<SP ID="SP_1.2.18.19" HPOS="2284" VPOS="2932" WIDTH="44"/>
						<String CONTENT="af" ID="St_1.2.18.20" HPOS="2364" VPOS="2920" HEIGHT="72" WIDTH="104" STYLEREFS="Style_12" WC="0.93" CC="00"/>
						<String CONTENT="f" ID="St_1.2.18.21" HPOS="2468" VPOS="2916" HEIGHT="76" WIDTH="32" STYLEREFS="Style_12" WC="0.922222222222222" CC="3"/>
						<String CONTENT="." ID="St_1.2.18.22" HPOS="2512" VPOS="2980" HEIGHT="16" WIDTH="12" STYLEREFS="Style_12" WC="0.914444444444444" CC="3"/>
						<SP ID="SP_1.2.18.23" HPOS="2512" VPOS="2956" WIDTH="40"/>
						<String CONTENT="Mar." ID="St_1.2.18.24" HPOS="2588" VPOS="2920" HEIGHT="76" WIDTH="236" STYLEREFS="Style_12" WC="0.925555555555556" CC="0000"/>
						<SP ID="SP_1.2.18.25" HPOS="2812" VPOS="2956" WIDTH="40"/>
						<String CONTENT="31;" ID="St_1.2.18.26" HPOS="2888" VPOS="2916" HEIGHT="92" WIDTH="160" STYLEREFS="Style_12" WC="0.932222222222222" CC="000"/>
						<SP ID="SP_1.2.18.27" HPOS="3032" VPOS="2932" WIDTH="44"/>
						<String CONTENT="A" ID="St_1.2.18.28" HPOS="3116" VPOS="2916" HEIGHT="76" WIDTH="80" STYLEREFS="Style_12" WC="0.935555555555556" CC="0"/>
						<SP ID="SP_1.2.18.29" HPOS="3152" VPOS="2924" WIDTH="72"/>
						<String CONTENT="20699;" ID="St_1.2.18.30" HPOS="3256" VPOS="2912" HEIGHT="96" WIDTH="332" STYLEREFS="Style_12" WC="0.944444444444444" CC="000000"/>
						<SP ID="SP_1.2.18.31" HPOS="3572" VPOS="2932" WIDTH="48"/>
						<String CONTENT="Alfred" ID="St_1.2.18.32" HPOS="3656" VPOS="2912" HEIGHT="80" WIDTH="340" STYLEREFS="Style_12" WC="0.95" CC="000000"/>
						<SP ID="SP_1.2.18.33" HPOS="3960" VPOS="2924" WIDTH="64"/>
						<String CONTENT="H." ID="St_1.2.18.34" HPOS="4056" VPOS="2916" HEIGHT="76" WIDTH="116" STYLEREFS="Style_12" WC="0.953333333333333" CC="00"/>
						<SP ID="SP_1.2.18.35" HPOS="4156" VPOS="2956" WIDTH="44"/>
						<String CONTENT="King," ID="St_1.2.18.36" HPOS="4240" VPOS="2912" HEIGHT="96" WIDTH="276" STYLEREFS="Style_12" WC="0.956666666666667" CC="00000"/>
					</TextLine>
					<TextLine ID="TL_1.2.19" HPOS="788" VPOS="3020" HEIGHT="112" WIDTH="3576">
						<String CONTENT="i" ID="St_1.2.19.1" HPOS="788" VPOS="3032" HEIGHT="72" WIDTH="28" STYLEREFS="Style_12" WC="1" CC="0"/>
						<String CONTENT="n" ID="St_1.2.19.2" HPOS="824" VPOS="3052" HEIGHT="56" WIDTH="64" STYLEREFS="Style_12" WC="1" CC="0"/>
						<String CONTENT="c" ID="St_1.2.19.3" HPOS="888" VPOS="3052" HEIGHT="60" WIDTH="48" STYLEREFS="Style_12" WC="1" CC="0"/>
						<String CONTENT="." ID="St_1.2.19.4" HPOS="944" VPOS="3092" HEIGHT="20" WIDTH="16" STYLEREFS="Style_12" WC="1" CC="0"/>
						<SP ID="SP_1.2.19.5" HPOS="948" VPOS="3072" WIDTH="76"/>
						<String CONTENT="(30-9106)" ID="St_1.2.19.6" HPOS="1092" VPOS="3028" HEIGHT="96" WIDTH="488" STYLEREFS="Style_12" WC="1" CC="000000000"/>
						<SP ID="SP_1.2.19.7" HPOS="1560" VPOS="3024" WIDTH="2560"/>
						<String CONTENT="3100" ID="St_1.2.19.8" HPOS="4120" VPOS="3020" HEIGHT="84" WIDTH="244" STYLEREFS="Style_12" WC="0.701111111111111" CC="0000"/>
					</TextLine>
					<TextLine ID="TL_1.2.20" HPOS="656" VPOS="3208" HEIGHT="108" WIDTH="1584">
						<String CONTENT="Lou" ID="St_1.2.20.1" HPOS="656" VPOS="3212" HEIGHT="104" WIDTH="228" STYLEREFS="Style_12" WC="1" CC="000"/>
						<String CONTENT="i" ID="St_1.2.20.2" HPOS="900" VPOS="3212" HEIGHT="96" WIDTH="24" STYLEREFS="Style_12" WC="1" CC="0"/>
						<String CONTENT="siana." ID="St_1.2.20.3" HPOS="940" VPOS="3208" HEIGHT="108" WIDTH="364" STYLEREFS="Style_12" WC="1" CC="000000"/>
						<SP ID="SP_1.2.20.4" HPOS="1284" VPOS="3256" WIDTH="92"/>
						<String CONTENT="Constit" ID="St_1.2.20.5" HPOS="1452" VPOS="3208" HEIGHT="108" WIDTH="440" STYLEREFS="Style_12" WC="1" CC="0000000"/>
						<String CONTENT="u" ID="St_1.2.20.6" HPOS="1900" VPOS="3248" HEIGHT="68" WIDTH="68" STYLEREFS="Style_13" WC="0.975555555555556" CC="4"/>
						<String CONTENT="tion." ID="St_1.2.20.7" HPOS="1976" VPOS="3212" HEIGHT="104" WIDTH="264" STYLEREFS="Style_13" WC="0.981111111111111" CC="00000"/>
					</TextLine>
					<TextLine ID="TL_1.2.21" HPOS="776" VPOS="3356" HEIGHT="132" WIDTH="3748">
						<String CONTENT="Constitutions" ID="St_1.2.21.1" HPOS="776" VPOS="3356" HEIGHT="108" WIDTH="816" STYLEREFS="Style_13" WC="1" CC="0000000000000"/>
						<SP ID="SP_1.2.21.2" HPOS="1564" VPOS="3384" WIDTH="56"/>
						<String CONTENT="of" ID="St_1.2.21.3" HPOS="1652" VPOS="3356" HEIGHT="104" WIDTH="124" STYLEREFS="Style_13" WC="1" CC="00"/>
						<SP ID="SP_1.2.21.4" HPOS="1744" VPOS="3360" WIDTH="56"/>
						<String CONTENT="the" ID="St_1.2.21.5" HPOS="1832" VPOS="3356" HEIGHT="104" WIDTH="184" STYLEREFS="Style_13" WC="1" CC="000"/>
						<SP ID="SP_1.2.21.6" HPOS="1984" VPOS="3380" WIDTH="56"/>
						<String CONTENT="elate" ID="St_1.2.21.7" HPOS="2072" VPOS="3364" HEIGHT="96" WIDTH="284" STYLEREFS="Style_13" WC="0.931111111111111" CC="88000"/>
						<SP ID="SP_1.2.21.8" HPOS="2324" VPOS="3380" WIDTH="60"/>
						<String CONTENT="of" ID="St_1.2.21.9" HPOS="2416" VPOS="3356" HEIGHT="104" WIDTH="124" STYLEREFS="Style_13" WC="0.937777777777778" CC="00"/>
						<SP ID="SP_1.2.21.10" HPOS="2508" VPOS="3360" WIDTH="60"/>
						<String CONTENT="Louisiana;" ID="St_1.2.21.11" HPOS="2600" VPOS="3356" HEIGHT="132" WIDTH="656" STYLEREFS="Style_13" WC="0.955555555555556" CC="0000000000"/>
						<SP ID="SP_1.2.21.12" HPOS="3236" VPOS="3380" WIDTH="52"/>
						<String CONTENT="tex" ID="St_1.2.21.13" HPOS="3332" VPOS="3368" HEIGHT="92" WIDTH="176" STYLEREFS="Style_13" WC="0.933333333333333" CC="433"/>
						<String CONTENT="t" ID="St_1.2.21.14" HPOS="3516" VPOS="3368" HEIGHT="92" WIDTH="44" STYLEREFS="Style_13" WC="0.935555555555556" CC="0"/>
						<SP ID="SP_1.2.21.15" HPOS="3532" VPOS="3368" WIDTH="56"/>
						<String CONTENT="of" ID="St_1.2.21.16" HPOS="3620" VPOS="3356" HEIGHT="104" WIDTH="128" STYLEREFS="Style_13" WC="0.938888888888889" CC="00"/>
						<SP ID="SP_1.2.21.17" HPOS="3716" VPOS="3360" WIDTH="56"/>
						<String CONTENT="constitution" ID="St_1.2.21.18" HPOS="3804" VPOS="3356" HEIGHT="104" WIDTH="720" STYLEREFS="Style_13" WC="0.952222222222222" CC="000000000000"/>
					</TextLine>
					<TextLine ID="TL_1.2.22" HPOS="640" VPOS="3508" HEIGHT="136" WIDTH="3884">
						<String CONTENT="adopted" ID="St_1.2.22.1" HPOS="640" VPOS="3512" HEIGHT="132" WIDTH="476" STYLEREFS="Style_13" WC="1" CC="0000000"/>
						<SP ID="SP_1.2.22.2" HPOS="1080" VPOS="3512" WIDTH="64"/>
						<String CONTENT="June" ID="St_1.2.22.3" HPOS="1184" VPOS="3508" HEIGHT="104" WIDTH="292" STYLEREFS="Style_13" WC="1" CC="0000"/>
						<SP ID="SP_1.2.22.4" HPOS="1448" VPOS="3528" WIDTH="60"/>
						<String CONTENT="18," ID="St_1.2.22.5" HPOS="1548" VPOS="3512" HEIGHT="128" WIDTH="156" STYLEREFS="Style_13" WC="1" CC="000"/>
						<SP ID="SP_1.2.22.6" HPOS="1688" VPOS="3552" WIDTH="48"/>
						<String CONTENT="1921," ID="St_1.2.22.7" HPOS="1772" VPOS="3512" HEIGHT="128" WIDTH="296" STYLEREFS="Style_13" WC="1" CC="00000"/>
						<SP ID="SP_1.2.22.8" HPOS="2052" VPOS="3552" WIDTH="48"/>
						<String CONTENT="with" ID="St_1.2.22.9" HPOS="2136" VPOS="3508" HEIGHT="100" WIDTH="272" STYLEREFS="Style_13" WC="1" CC="0000"/>
						<SP ID="SP_1.2.22.10" HPOS="2368" VPOS="3512" WIDTH="68"/>
						<String CONTENT="text" ID="St_1.2.22.11" HPOS="2472" VPOS="3520" HEIGHT="88" WIDTH="232" STYLEREFS="Style_13" WC="0.985555555555556" CC="0040"/>
						<SP ID="SP_1.2.22.12" HPOS="2680" VPOS="3516" WIDTH="52"/>
						<String CONTENT="of" ID="St_1.2.22.13" HPOS="2768" VPOS="3508" HEIGHT="100" WIDTH="128" STYLEREFS="Style_13" WC="0.986666666666667" CC="00"/>
						<SP ID="SP_1.2.22.14" HPOS="2864" VPOS="3512" WIDTH="60"/>
						<String CONTENT="corresponding" ID="St_1.2.22.15" HPOS="2956" VPOS="3508" HEIGHT="132" WIDTH="876" STYLEREFS="Style_13" WC="0.99" CC="0000000000000"/>
						<SP ID="SP_1.2.22.16" HPOS="3788" VPOS="3528" WIDTH="72"/>
						<String CONTENT="articles" ID="St_1.2.22.17" HPOS="3900" VPOS="3508" HEIGHT="104" WIDTH="440" STYLEREFS="Style_13" WC="0.992222222222222" CC="00000000"/>
						<SP ID="SP_1.2.22.18" HPOS="4312" VPOS="3528" WIDTH="56"/>
						<String CONTENT="in" ID="St_1.2.22.19" HPOS="4408" VPOS="3508" HEIGHT="100" WIDTH="116" STYLEREFS="Style_13" WC="0.992222222222222" CC="00"/>
					</TextLine>
					<TextLine ID="TL_1.2.23" HPOS="640" VPOS="3656" HEIGHT="132" WIDTH="3888">
						<String CONTENT="all" ID="St_1.2.23.1" HPOS="640" VPOS="3660" HEIGHT="100" WIDTH="152" STYLEREFS="Style_13" WC="1" CC="000"/>
						<SP ID="SP_1.2.23.2" HPOS="768" VPOS="3660" WIDTH="44"/>
						<String CONTENT="of" ID="St_1.2.23.3" HPOS="840" VPOS="3660" HEIGHT="100" WIDTH="128" STYLEREFS="Style_13" WC="1" CC="00"/>
						<SP ID="SP_1.2.23.4" HPOS="936" VPOS="3660" WIDTH="52"/>
						<String CONTENT="the" ID="St_1.2.23.5" HPOS="1016" VPOS="3664" HEIGHT="100" WIDTH="184" STYLEREFS="Style_13" WC="1" CC="000"/>
						<SP ID="SP_1.2.23.6" HPOS="1168" VPOS="3676" WIDTH="56"/>
						<String CONTENT="constitutions" ID="St_1.2.23.7" HPOS="1256" VPOS="3656" HEIGHT="108" WIDTH="780" STYLEREFS="Style_13" WC="1" CC="0000000000000"/>
						<SP ID="SP_1.2.23.8" HPOS="2008" VPOS="3676" WIDTH="52"/>
						<String CONTENT="of" ID="St_1.2.23.9" HPOS="2088" VPOS="3656" HEIGHT="104" WIDTH="128" STYLEREFS="Style_13" WC="1" CC="00"/>
						<SP ID="SP_1.2.23.10" HPOS="2188" VPOS="3656" WIDTH="52"/>
						<String CONTENT="the" ID="St_1.2.23.11" HPOS="2268" VPOS="3660" HEIGHT="100" WIDTH="188" STYLEREFS="Style_13" WC="1" CC="000"/>
						<SP ID="SP_1.2.23.12" HPOS="2424" VPOS="3676" WIDTH="56"/>
						<String CONTENT="state," ID="St_1.2.23.13" HPOS="2508" VPOS="3668" HEIGHT="120" WIDTH="316" STYLEREFS="Style_13" WC="1" CC="000000"/>
						<SP ID="SP_1.2.23.14" HPOS="2808" VPOS="3700" WIDTH="44"/>
						<String CONTENT="including" ID="St_1.2.23.15" HPOS="2884" VPOS="3656" HEIGHT="132" WIDTH="580" STYLEREFS="Style_13" WC="1" CC="000000000"/>
						<SP ID="SP_1.2.23.16" HPOS="3420" VPOS="3676" WIDTH="72"/>
						<String CONTENT="all" ID="St_1.2.23.17" HPOS="3524" VPOS="3656" HEIGHT="104" WIDTH="152" STYLEREFS="Style_13" WC="1" CC="000"/>
						<SP ID="SP_1.2.23.18" HPOS="3656" VPOS="3656" WIDTH="48"/>
						<String CONTENT="amendments," ID="St_1.2.23.19" HPOS="3736" VPOS="3656" HEIGHT="132" WIDTH="792" STYLEREFS="Style_13" WC="1" CC="00000000000"/>
					</TextLine>
					<TextLine ID="TL_1.2.24" HPOS="640" VPOS="3808" HEIGHT="136" WIDTH="3884">
						<String CONTENT="compiled" ID="St_1.2.24.1" HPOS="640" VPOS="3808" HEIGHT="136" WIDTH="536" STYLEREFS="Style_13" WC="0.888888888888889" CC="11330000"/>
						<SP ID="SP_1.2.24.2" HPOS="1140" VPOS="3812" WIDTH="72"/>
						<String CONTENT="by" ID="St_1.2.24.3" HPOS="1256" VPOS="3812" HEIGHT="128" WIDTH="144" STYLEREFS="Style_13" WC="0.918888888888889" CC="00"/>
						<SP ID="SP_1.2.24.4" HPOS="1360" VPOS="3828" WIDTH="72"/>
						<String CONTENT="Huey" ID="St_1.2.24.5" HPOS="1472" VPOS="3808" HEIGHT="132" WIDTH="332" STYLEREFS="Style_13" WC="0.944444444444444" CC="0000"/>
						<SP ID="SP_1.2.24.6" HPOS="1764" VPOS="3828" WIDTH="76"/>
						<String CONTENT="P." ID="St_1.2.24.7" HPOS="1880" VPOS="3808" HEIGHT="100" WIDTH="124" STYLEREFS="Style_13" WC="0.952222222222222" CC="00"/>
						<SP ID="SP_1.2.24.8" HPOS="1988" VPOS="3852" WIDTH="52"/>
						<String CONTENT="Long," ID="St_1.2.24.9" HPOS="2084" VPOS="3808" HEIGHT="132" WIDTH="352" STYLEREFS="Style_13" WC="0.964444444444444" CC="00000"/>
						<SP ID="SP_1.2.24.10" HPOS="2420" VPOS="3852" WIDTH="48"/>
						<String CONTENT="governor" ID="St_1.2.24.11" HPOS="2508" VPOS="3840" HEIGHT="100" WIDTH="548" STYLEREFS="Style_13" WC="0.973333333333333" CC="00000000"/>
						<SP ID="SP_1.2.24.12" HPOS="3024" VPOS="3828" WIDTH="60"/>
						<String CONTENT="of" ID="St_1.2.24.13" HPOS="3124" VPOS="3808" HEIGHT="100" WIDTH="128" STYLEREFS="Style_13" WC="0.975555555555556" CC="00"/>
						<SP ID="SP_1.2.24.14" HPOS="3220" VPOS="3812" WIDTH="64"/>
						<String CONTENT="Louisiana." ID="St_1.2.24.15" HPOS="3324" VPOS="3808" HEIGHT="100" WIDTH="640" STYLEREFS="Style_13" WC="0.981111111111111" CC="0000000000"/>
						<SP ID="SP_1.2.24.16" HPOS="3944" VPOS="3848" WIDTH="92"/>
						<String CONTENT="[" ID="St_1.2.24.17" HPOS="4120" VPOS="3840" HEIGHT="80" WIDTH="48" STYLEREFS="Style_14" WC="0.971111111111111" CC="5"/>
						<String CONTENT="Baton" ID="St_1.2.24.18" HPOS="4156" VPOS="3808" HEIGHT="104" WIDTH="368" STYLEREFS="Style_14" WC="0.973333333333333" CC="00000"/>
					</TextLine>
					<TextLine ID="TL_1.2.25" HPOS="644" VPOS="3956" HEIGHT="136" WIDTH="2628">
						<String CONTENT="Rouge," ID="St_1.2.25.1" HPOS="644" VPOS="3956" HEIGHT="132" WIDTH="420" STYLEREFS="Style_14" WC="1" CC="000000"/>
						<SP ID="SP_1.2.25.2" HPOS="1048" VPOS="4000" WIDTH="44"/>
						<String CONTENT="Ramires-Jones" ID="St_1.2.25.3" HPOS="1124" VPOS="3956" HEIGHT="104" WIDTH="900" STYLEREFS="Style_14" WC="1" CC="0000000000000"/>
						<SP ID="SP_1.2.25.4" HPOS="1996" VPOS="3980" WIDTH="60"/>
						<String CONTENT="printing" ID="St_1.2.25.5" HPOS="2092" VPOS="3956" HEIGHT="136" WIDTH="512" STYLEREFS="Style_14" WC="1" CC="00000000"/>
						<SP ID="SP_1.2.25.6" HPOS="2560" VPOS="3980" WIDTH="72"/>
						<String CONTENT="co.," ID="St_1.2.25.7" HPOS="2672" VPOS="3992" HEIGHT="96" WIDTH="192" STYLEREFS="Style_14" WC="1" CC="0000"/>
						<SP ID="SP_1.2.25.8" HPOS="2844" VPOS="4000" WIDTH="48"/>
						<String CONTENT="&#x0368;1930" ID="St_1.2.25.9" HPOS="2928" VPOS="3960" HEIGHT="100" WIDTH="312" STYLEREFS="Style_14" WC="0.977777777777778" CC="80000"/>
						<String CONTENT="]" ID="St_1.2.25.10" HPOS="3244" VPOS="4020" HEIGHT="68" WIDTH="28" STYLEREFS="Style_14" WC="0.964444444444444" CC="5"/>
					</TextLine>
					<TextLine ID="TL_1.2.26" HPOS="784" VPOS="4108" HEIGHT="104" WIDTH="3000">
						<String CONTENT="7," ID="St_1.2.26.1" HPOS="784" VPOS="4120" HEIGHT="88" WIDTH="76" STYLEREFS="Style_14" WC="1" CC="00"/>
						<SP ID="SP_1.2.26.2" HPOS="844" VPOS="4140" WIDTH="40"/>
						<String CONTENT="[1]," ID="St_1.2.26.3" HPOS="976" VPOS="4116" HEIGHT="92" WIDTH="112" STYLEREFS="Style_14" WC="1" CC="0000"/>
						<SP ID="SP_1.2.26.4" HPOS="1036" VPOS="4132" WIDTH="36"/>
						<String CONTENT="xxi" ID="St_1.2.26.5" HPOS="1100" VPOS="4116" HEIGHT="76" WIDTH="164" STYLEREFS="Style_14" WC="1" CC="000"/>
						<SP ID="SP_1.2.26.6" HPOS="1244" VPOS="4108" WIDTH="40"/>
						<String CONTENT="p.," ID="St_1.2.26.7" HPOS="1312" VPOS="4136" HEIGHT="72" WIDTH="112" STYLEREFS="Style_14" WC="1" CC="000"/>
						<SP ID="SP_1.2.26.8" HPOS="1412" VPOS="4140" WIDTH="36"/>
						<String CONTENT="1" ID="St_1.2.26.9" HPOS="1476" VPOS="4116" HEIGHT="76" WIDTH="48" STYLEREFS="Style_14" WC="1" CC="0"/>
						<SP ID="SP_1.2.26.10" HPOS="1496" VPOS="4108" WIDTH="48"/>
						<String CONTENT="1.," ID="St_1.2.26.11" HPOS="1572" VPOS="4116" HEIGHT="92" WIDTH="84" STYLEREFS="Style_14" WC="1" CC="000"/>
						<SP ID="SP_1.2.26.12" HPOS="1644" VPOS="4136" WIDTH="40"/>
						<String CONTENT="783," ID="St_1.2.26.13" HPOS="1712" VPOS="4112" HEIGHT="96" WIDTH="188" STYLEREFS="Style_14" WC="1" CC="0000"/>
						<SP ID="SP_1.2.26.14" HPOS="1884" VPOS="4136" WIDTH="40"/>
						<String CONTENT="[" ID="St_1.2.26.15" HPOS="1956" VPOS="4156" HEIGHT="56" WIDTH="20" STYLEREFS="Style_14" WC="0.967777777777778" CC="8"/>
						<String CONTENT="1]" ID="St_1.2.26.16" HPOS="1980" VPOS="4120" HEIGHT="72" WIDTH="48" STYLEREFS="Style_15" WC="0.953333333333333" CC="4"/>
						<String CONTENT="," ID="St_1.2.26.17" HPOS="2076" VPOS="4172" HEIGHT="36" WIDTH="16" STYLEREFS="Style_15" WC="0.955555555555556" CC="0"/>
						<SP ID="SP_1.2.26.18" HPOS="2080" VPOS="4136" WIDTH="36"/>
						<String CONTENT="xxxi," ID="St_1.2.26.19" HPOS="2144" VPOS="4112" HEIGHT="96" WIDTH="260" STYLEREFS="Style_15" WC="0.962222222222222" CC="00000"/>
						<SP ID="SP_1.2.26.20" HPOS="2392" VPOS="4136" WIDTH="36"/>
						<String CONTENT="[1]" ID="St_1.2.26.21" HPOS="2472" VPOS="4128" HEIGHT="68" WIDTH="36" STYLEREFS="Style_16" WC="0.952222222222222" CC="4"/>
						<SP ID="SP_1.2.26.22" HPOS="2552" VPOS="4128" WIDTH="40"/>
						<String CONTENT="p." ID="St_1.2.26.23" HPOS="2620" VPOS="4136" HEIGHT="72" WIDTH="88" STYLEREFS="Style_16" WC="0.945555555555556" CC="30"/>
						<SP ID="SP_1.2.26.24" HPOS="2692" VPOS="4136" WIDTH="32"/>
						<String CONTENT="i" ID="St_1.2.26.25" HPOS="2752" VPOS="4112" HEIGHT="80" WIDTH="36" STYLEREFS="Style_16" WC="0.947777777777778" CC="0"/>
						<String CONTENT="n" ID="St_1.2.26.26" HPOS="2792" VPOS="4136" HEIGHT="56" WIDTH="56" STYLEREFS="Style_16" WC="0.948888888888889" CC="0"/>
						<String CONTENT="cl" ID="St_1.2.26.27" HPOS="2860" VPOS="4112" HEIGHT="80" WIDTH="84" STYLEREFS="Style_16" WC="0.938888888888889" CC="41"/>
						<String CONTENT="." ID="St_1.2.26.28" HPOS="2952" VPOS="4172" HEIGHT="24" WIDTH="20" STYLEREFS="Style_16" WC="0.933333333333333" CC="3"/>
						<SP ID="SP_1.2.26.29" HPOS="2956" VPOS="4132" WIDTH="32"/>
						<String CONTENT="f" ID="St_1.2.26.30" HPOS="3016" VPOS="4112" HEIGHT="80" WIDTH="48" STYLEREFS="Style_16" WC="0.935555555555556" CC="0"/>
						<String CONTENT="a" ID="St_1.2.26.31" HPOS="3072" VPOS="4132" HEIGHT="60" WIDTH="48" STYLEREFS="Style_16" WC="0.937777777777778" CC="0"/>
						<String CONTENT="c" ID="St_1.2.26.32" HPOS="3132" VPOS="4132" HEIGHT="60" WIDTH="48" STYLEREFS="Style_16" WC="0.938888888888889" CC="0"/>
						<String CONTENT="s" ID="St_1.2.26.33" HPOS="3184" VPOS="4136" HEIGHT="56" WIDTH="44" STYLEREFS="Style_16" WC="0.931111111111111" CC="4"/>
						<String CONTENT="ims." ID="St_1.2.26.34" HPOS="3232" VPOS="4112" HEIGHT="80" WIDTH="212" STYLEREFS="Style_16" WC="0.935555555555556" CC="0000"/>
						<SP ID="SP_1.2.26.35" HPOS="3428" VPOS="4132" WIDTH="68"/>
						<String CONTENT="24&#x0368;&#x036b;." ID="St_1.2.26.36" HPOS="3556" VPOS="4112" HEIGHT="84" WIDTH="228" STYLEREFS="Style_16" WC="0.926666666666667" CC="0071"/>
					</TextLine>
					<TextLine ID="TL_1.2.27" HPOS="660" VPOS="4224" HEIGHT="96" WIDTH="3864">
						<String CONTENT="&#x00A9;" ID="St_1.2.27.1" HPOS="660" VPOS="4224" HEIGHT="88" WIDTH="92" STYLEREFS="Style_16" WC="0.222222222222222" CC="7"/>
						<SP ID="SP_1.2.27.2" HPOS="752" VPOS="4224" WIDTH="64"/>
						<String CONTENT="Mar." ID="St_1.2.27.3" HPOS="824" VPOS="4228" HEIGHT="76" WIDTH="236" STYLEREFS="Style_16" WC="0.795555555555556" CC="0000"/>
						<SP ID="SP_1.2.27.4" HPOS="1048" VPOS="4256" WIDTH="40"/>
						<String CONTENT="1" ID="St_1.2.27.5" HPOS="1120" VPOS="4232" HEIGHT="72" WIDTH="40" STYLEREFS="Style_16" WC="0.791111111111111" CC="4"/>
						<String CONTENT="9," ID="St_1.2.27.6" HPOS="1176" VPOS="4228" HEIGHT="92" WIDTH="76" STYLEREFS="Style_16" WC="0.833333333333333" CC="00"/>
						<SP ID="SP_1.2.27.7" HPOS="1236" VPOS="4260" WIDTH="44"/>
						<String CONTENT="19" ID="St_1.2.27.8" HPOS="1312" VPOS="4224" HEIGHT="84" WIDTH="112" STYLEREFS="Style_16" WC="0.836666666666667" CC="04"/>
						<String CONTENT="30" ID="St_1.2.27.9" HPOS="1424" VPOS="4228" HEIGHT="76" WIDTH="112" STYLEREFS="Style_16" WC="0.858888888888889" CC="00"/>
						<String CONTENT=";" ID="St_1.2.27.10" HPOS="1568" VPOS="4248" HEIGHT="68" WIDTH="16" STYLEREFS="Style_16" WC="0.867777777777778" CC="0"/>
						<SP ID="SP_1.2.27.11" HPOS="1572" VPOS="4236" WIDTH="40"/>
						<String CONTENT="2" ID="St_1.2.27.12" HPOS="1648" VPOS="4228" HEIGHT="76" WIDTH="52" STYLEREFS="Style_16" WC="0.882222222222222" CC="0"/>
						<String CONTENT="c" ID="St_1.2.27.13" HPOS="1704" VPOS="4244" HEIGHT="60" WIDTH="52" STYLEREFS="Style_16" WC="0.864444444444444" CC="4"/>
						<String CONTENT="." ID="St_1.2.27.14" HPOS="1760" VPOS="4288" HEIGHT="16" WIDTH="16" STYLEREFS="Style_16" WC="0.872222222222222" CC="0"/>
						<SP ID="SP_1.2.27.15" HPOS="1764" VPOS="4256" WIDTH="40"/>
						<String CONTENT="and" ID="St_1.2.27.16" HPOS="1840" VPOS="4228" HEIGHT="76" WIDTH="184" STYLEREFS="Style_16" WC="0.893333333333333" CC="000"/>
						<SP ID="SP_1.2.27.17" HPOS="1992" VPOS="4224" WIDTH="60"/>
						<String CONTENT="aff." ID="St_1.2.27.18" HPOS="2084" VPOS="4224" HEIGHT="80" WIDTH="160" STYLEREFS="Style_16" WC="0.911111111111111" CC="0000"/>
						<SP ID="SP_1.2.27.19" HPOS="2232" VPOS="4260" WIDTH="40"/>
						<String CONTENT="M" ID="St_1.2.27.20" HPOS="2308" VPOS="4228" HEIGHT="76" WIDTH="52" STYLEREFS="Style_17" WC="0.888888888888889" CC="8"/>
						<String CONTENT="a" ID="St_1.2.27.21" HPOS="2332" VPOS="4236" HEIGHT="68" WIDTH="68" STYLEREFS="Style_18" WC="0.874444444444444" CC="5"/>
						<SP ID="SP_1.2.27.22" HPOS="2420" VPOS="4248" WIDTH="48"/>
						<String CONTENT="r" ID="St_1.2.27.23" HPOS="2476" VPOS="4248" HEIGHT="52" WIDTH="44" STYLEREFS="Style_18" WC="0.868888888888889" CC="0"/>
						<String CONTENT="." ID="St_1.2.27.24" HPOS="2528" VPOS="4288" HEIGHT="16" WIDTH="16" STYLEREFS="Style_18" WC="0.872222222222222" CC="0"/>
						<SP ID="SP_1.2.27.25" HPOS="2532" VPOS="4256" WIDTH="40"/>
						<String CONTENT="24;" ID="St_1.2.27.26" HPOS="2608" VPOS="4224" HEIGHT="92" WIDTH="156" STYLEREFS="Style_18" WC="0.874444444444444" CC="040"/>
						<SP ID="SP_1.2.27.27" HPOS="2752" VPOS="4232" WIDTH="40"/>
						<String CONTENT="A" ID="St_1.2.27.28" HPOS="2832" VPOS="4224" HEIGHT="76" WIDTH="76" STYLEREFS="Style_18" WC="0.88" CC="0"/>
						<SP ID="SP_1.2.27.29" HPOS="2864" VPOS="4224" WIDTH="72"/>
						<String CONTENT="2" ID="St_1.2.27.30" HPOS="2968" VPOS="4228" HEIGHT="72" WIDTH="52" STYLEREFS="Style_18" WC="0.885555555555556" CC="0"/>
						<String CONTENT="056" ID="St_1.2.27.31" HPOS="3024" VPOS="4224" HEIGHT="84" WIDTH="172" STYLEREFS="Style_18" WC="0.883333333333333" CC="004"/>
						<String CONTENT="2;" ID="St_1.2.27.32" HPOS="3196" VPOS="4228" HEIGHT="88" WIDTH="104" STYLEREFS="Style_18" WC="0.888888888888889" CC="00"/>
						<SP ID="SP_1.2.27.33" HPOS="3284" VPOS="4232" WIDTH="48"/>
						<String CONTENT="Huey" ID="St_1.2.27.34" HPOS="3368" VPOS="4228" HEIGHT="92" WIDTH="276" STYLEREFS="Style_18" WC="0.886666666666667" CC="3300"/>
						<SP ID="SP_1.2.27.35" HPOS="3608" VPOS="4236" WIDTH="64"/>
						<String CONTENT="P." ID="St_1.2.27.36" HPOS="3708" VPOS="4228" HEIGHT="80" WIDTH="100" STYLEREFS="Style_18" WC="0.892222222222222" CC="00"/>
						<SP ID="SP_1.2.27.37" HPOS="3792" VPOS="4256" WIDTH="44"/>
						<String CONTENT="L" ID="St_1.2.27.38" HPOS="3868" VPOS="4228" HEIGHT="72" WIDTH="72" STYLEREFS="Style_18" WC="0.895555555555556" CC="0"/>
						<String CONTENT="o" ID="St_1.2.27.39" HPOS="3948" VPOS="4248" HEIGHT="56" WIDTH="52" STYLEREFS="Style_18" WC="0.897777777777778" CC="0"/>
						<String CONTENT="ng," ID="St_1.2.27.40" HPOS="4008" VPOS="4244" HEIGHT="72" WIDTH="140" STYLEREFS="Style_18" WC="0.902222222222222" CC="000"/>
						<SP ID="SP_1.2.27.41" HPOS="4132" VPOS="4256" WIDTH="44"/>
						<String CONTENT="B" ID="St_1.2.27.42" HPOS="4216" VPOS="4228" HEIGHT="72" WIDTH="76" STYLEREFS="Style_18" WC="0.905555555555556" CC="0"/>
						<String CONTENT="a" ID="St_1.2.27.43" HPOS="4300" VPOS="4244" HEIGHT="56" WIDTH="52" STYLEREFS="Style_18" WC="0.906666666666667" CC="0"/>
						<String CONTENT="t" ID="St_1.2.27.44" HPOS="4364" VPOS="4228" HEIGHT="76" WIDTH="36" STYLEREFS="Style_18" WC="0.908888888888889" CC="0"/>
						<String CONTENT="o" ID="St_1.2.27.45" HPOS="4408" VPOS="4244" HEIGHT="60" WIDTH="52" STYLEREFS="Style_18" WC="0.91" CC="0"/>
						<String CONTENT="n" ID="St_1.2.27.46" HPOS="4468" VPOS="4244" HEIGHT="56" WIDTH="56" STYLEREFS="Style_18" WC="0.911111111111111" CC="0"/>
					</TextLine>
					<TextLine ID="TL_1.2.28" HPOS="792" VPOS="4328" HEIGHT="108" WIDTH="3548">
						<String CONTENT="Rouge." ID="St_1.2.28.1" HPOS="792" VPOS="4336" HEIGHT="96" WIDTH="344" STYLEREFS="Style_18" WC="1" CC="000000"/>
						<SP ID="SP_1.2.28.2" HPOS="1124" VPOS="4376" WIDTH="76"/>
						<String CONTENT="(30-9149)" ID="St_1.2.28.3" HPOS="1268" VPOS="4336" HEIGHT="96" WIDTH="484" STYLEREFS="Style_18" WC="1" CC="000000000"/>
						<SP ID="SP_1.2.28.4" HPOS="1732" VPOS="4344" WIDTH="2376"/>
						<String CONTENT="3101" ID="St_1.2.28.5" HPOS="4108" VPOS="4328" HEIGHT="88" WIDTH="232" STYLEREFS="Style_18" WC="0.718888888888889" CC="0000"/>
					</TextLine>
					<TextLine ID="TL_1.2.29" HPOS="656" VPOS="4516" HEIGHT="140" WIDTH="1876">
						<String CONTENT="Louisiana." ID="St_1.2.29.1" HPOS="656" VPOS="4516" HEIGHT="104" WIDTH="652" STYLEREFS="Style_18" WC="1" CC="0000000000"/>
						<SP ID="SP_1.2.29.2" HPOS="1288" VPOS="4556" WIDTH="92"/>
						<String CONTENT="C" ID="St_1.2.29.3" HPOS="1460" VPOS="4520" HEIGHT="100" WIDTH="88" STYLEREFS="Style_18" WC="0.962222222222222" CC="4"/>
						<String CONTENT="ourts" ID="St_1.2.29.4" HPOS="1556" VPOS="4532" HEIGHT="92" WIDTH="300" STYLEREFS="Style_18" WC="0.973333333333333" CC="00000"/>
						<SP ID="SP_1.2.29.5" HPOS="1828" VPOS="4540" WIDTH="56"/>
						<String CONTENT="of" ID="St_1.2.29.6" HPOS="1924" VPOS="4524" HEIGHT="132" WIDTH="124" STYLEREFS="Style_18" WC="0.977777777777778" CC="00"/>
						<SP ID="SP_1.2.29.7" HPOS="2012" VPOS="4520" WIDTH="64"/>
						<String CONTENT="appeal." ID="St_1.2.29.8" HPOS="2108" VPOS="4524" HEIGHT="128" WIDTH="424" STYLEREFS="Style_18" WC="0.967777777777778" CC="0000004"/>
					</TextLine>
					<TextLine ID="TL_1.2.30" HPOS="796" VPOS="4668" HEIGHT="136" WIDTH="3744">
						<String CONTENT="Reports" ID="St_1.2.30.1" HPOS="796" VPOS="4672" HEIGHT="132" WIDTH="472" STYLEREFS="Style_18" WC="1" CC="0000000"/>
						<SP ID="SP_1.2.30.2" HPOS="1244" VPOS="4692" WIDTH="64"/>
						<String CONTENT="of" ID="St_1.2.30.3" HPOS="1352" VPOS="4672" HEIGHT="100" WIDTH="124" STYLEREFS="Style_18" WC="1" CC="00"/>
						<SP ID="SP_1.2.30.4" HPOS="1448" VPOS="4672" WIDTH="68"/>
						<String CONTENT="the" ID="St_1.2.30.5" HPOS="1556" VPOS="4672" HEIGHT="100" WIDTH="184" STYLEREFS="Style_18" WC="1" CC="000"/>
						<SP ID="SP_1.2.30.6" HPOS="1708" VPOS="4688" WIDTH="72"/>
						<String CONTENT="Louisiana" ID="St_1.2.30.7" HPOS="1824" VPOS="4668" HEIGHT="104" WIDTH="588" STYLEREFS="Style_18" WC="1" CC="000000000"/>
						<SP ID="SP_1.2.30.8" HPOS="2380" VPOS="4688" WIDTH="76"/>
						<String CONTENT="C" ID="St_1.2.30.9" HPOS="2504" VPOS="4672" HEIGHT="100" WIDTH="88" STYLEREFS="Style_18" WC="1" CC="0"/>
						<String CONTENT="o" ID="St_1.2.30.10" HPOS="2604" VPOS="4708" HEIGHT="64" WIDTH="60" STYLEREFS="Style_18" WC="0.983333333333333" CC="4"/>
						<String CONTENT="urs" ID="St_1.2.30.11" HPOS="2640" VPOS="4688" HEIGHT="84" WIDTH="260" STYLEREFS="Style_18" WC="0.955555555555556" CC="314"/>
						<SP ID="SP_1.2.30.12" HPOS="2856" VPOS="4676" WIDTH="88"/>
						<String CONTENT="of" ID="St_1.2.30.13" HPOS="2988" VPOS="4672" HEIGHT="100" WIDTH="124" STYLEREFS="Style_18" WC="0.958888888888889" CC="00"/>
						<SP ID="SP_1.2.30.14" HPOS="3080" VPOS="4672" WIDTH="72"/>
						<String CONTENT="a" ID="St_1.2.30.15" HPOS="3196" VPOS="4712" HEIGHT="60" WIDTH="52" STYLEREFS="Style_18" WC="0.948888888888889" CC="4"/>
						<String CONTENT="ppea" ID="St_1.2.30.16" HPOS="3276" VPOS="4708" HEIGHT="96" WIDTH="276" STYLEREFS="Style_18" WC="0.945555555555556" CC="0003"/>
						<String CONTENT="l" ID="St_1.2.30.17" HPOS="3556" VPOS="4672" HEIGHT="96" WIDTH="36" STYLEREFS="Style_18" WC="0.938888888888889" CC="3"/>
						<String CONTENT=".." ID="St_1.2.30.18" HPOS="3592" VPOS="4756" HEIGHT="16" WIDTH="36" STYLEREFS="Style_18" WC="0.922222222222222" CC="70"/>
						<SP ID="SP_1.2.30.19" HPOS="3612" VPOS="4716" WIDTH="88"/>
						<String CONTENT="v." ID="St_1.2.30.20" HPOS="3780" VPOS="4708" HEIGHT="64" WIDTH="96" STYLEREFS="Style_18" WC="0.927777777777778" CC="00"/>
						<SP ID="SP_1.2.30.21" HPOS="3860" VPOS="4716" WIDTH="56"/>
						<String CONTENT="11." ID="St_1.2.30.22" HPOS="3968" VPOS="4680" HEIGHT="92" WIDTH="152" STYLEREFS="Style_18" WC="0.933333333333333" CC="000"/>
						<SP ID="SP_1.2.30.23" HPOS="4104" VPOS="4716" WIDTH="52"/>
						<String CONTENT="Cases" ID="St_1.2.30.24" HPOS="4208" VPOS="4668" HEIGHT="104" WIDTH="332" STYLEREFS="Style_18" WC="0.941111111111111" CC="00000"/>
					</TextLine>
					<TextLine ID="TL_1.2.31" HPOS="660" VPOS="4820" HEIGHT="136" WIDTH="3880">
						<String CONTENT="argued" ID="St_1.2.31.1" HPOS="660" VPOS="4824" HEIGHT="128" WIDTH="412" STYLEREFS="Style_18" WC="1" CC="000000"/>
						<SP ID="SP_1.2.31.2" HPOS="1032" VPOS="4824" WIDTH="68"/>
						<String CONTENT="and" ID="St_1.2.31.3" HPOS="1132" VPOS="4824" HEIGHT="100" WIDTH="220" STYLEREFS="Style_18" WC="0.944444444444444" CC="041"/>
						<SP ID="SP_1.2.31.4" HPOS="1312" VPOS="4824" WIDTH="64"/>
						<String CONTENT="d" ID="St_1.2.31.5" HPOS="1404" VPOS="4824" HEIGHT="100" WIDTH="68" STYLEREFS="Style_18" WC="0.906666666666667" CC="4"/>
						<String CONTENT="etermined" ID="St_1.2.31.6" HPOS="1484" VPOS="4820" HEIGHT="104" WIDTH="604" STYLEREFS="Style_18" WC="0.946666666666667" CC="000000000"/>
						<SP ID="SP_1.2.31.7" HPOS="2044" VPOS="4824" WIDTH="68"/>
						<String CONTENT="in" ID="St_1.2.31.8" HPOS="2144" VPOS="4824" HEIGHT="100" WIDTH="112" STYLEREFS="Style_18" WC="0.953333333333333" CC="00"/>
						<SP ID="SP_1.2.31.9" HPOS="2216" VPOS="4844" WIDTH="68"/>
						<String CONTENT="the" ID="St_1.2.31.10" HPOS="2316" VPOS="4824" HEIGHT="100" WIDTH="184" STYLEREFS="Style_18" WC="0.96" CC="000"/>
						<SP ID="SP_1.2.31.11" HPOS="2468" VPOS="4840" WIDTH="60"/>
						<String CONTENT="Courts" ID="St_1.2.31.12" HPOS="2560" VPOS="4820" HEIGHT="108" WIDTH="404" STYLEREFS="Style_18" WC="0.967777777777778" CC="000000"/>
						<SP ID="SP_1.2.31.13" HPOS="2936" VPOS="4844" WIDTH="52"/>
						<String CONTENT="of" ID="St_1.2.31.14" HPOS="3020" VPOS="4824" HEIGHT="100" WIDTH="124" STYLEREFS="Style_18" WC="0.97" CC="00"/>
						<SP ID="SP_1.2.31.15" HPOS="3116" VPOS="4824" WIDTH="52"/>
						<String CONTENT="appeal" ID="St_1.2.31.16" HPOS="3200" VPOS="4824" HEIGHT="132" WIDTH="400" STYLEREFS="Style_18" WC="0.974444444444444" CC="000000"/>
						<SP ID="SP_1.2.31.17" HPOS="3576" VPOS="4824" WIDTH="52"/>
						<String CONTENT="of" ID="St_1.2.31.18" HPOS="3660" VPOS="4824" HEIGHT="104" WIDTH="124" STYLEREFS="Style_18" WC="0.976666666666667" CC="00"/>
						<SP ID="SP_1.2.31.19" HPOS="3752" VPOS="4824" WIDTH="56"/>
						<String CONTENT="the" ID="St_1.2.31.20" HPOS="3840" VPOS="4828" HEIGHT="96" WIDTH="184" STYLEREFS="Style_18" WC="0.977777777777778" CC="000"/>
						<SP ID="SP_1.2.31.21" HPOS="3992" VPOS="4840" WIDTH="56"/>
						<String CONTENT="state" ID="St_1.2.31.22" HPOS="4080" VPOS="4832" HEIGHT="92" WIDTH="280" STYLEREFS="Style_18" WC="0.98" CC="00000"/>
						<SP ID="SP_1.2.31.23" HPOS="4324" VPOS="4840" WIDTH="60"/>
						<String CONTENT="of" ID="St_1.2.31.24" HPOS="4416" VPOS="4820" HEIGHT="108" WIDTH="124" STYLEREFS="Style_18" WC="0.981111111111111" CC="00"/>
					</TextLine>
					<TextLine ID="TL_1.2.32" HPOS="660" VPOS="4972" HEIGHT="136" WIDTH="3876">
						<String CONTENT="Louisiana" ID="St_1.2.32.1" HPOS="660" VPOS="4972" HEIGHT="104" WIDTH="596" STYLEREFS="Style_18" WC="1" CC="000000000"/>
						<SP ID="SP_1.2.32.2" HPOS="1220" VPOS="4992" WIDTH="56"/>
						<String CONTENT="at" ID="St_1.2.32.3" HPOS="1304" VPOS="4984" HEIGHT="88" WIDTH="112" STYLEREFS="Style_18" WC="1" CC="00"/>
						<SP ID="SP_1.2.32.4" HPOS="1392" VPOS="4980" WIDTH="44"/>
						<String CONTENT="the" ID="St_1.2.32.5" HPOS="1464" VPOS="4972" HEIGHT="104" WIDTH="184" STYLEREFS="Style_18" WC="1" CC="000"/>
						<SP ID="SP_1.2.32.6" HPOS="1616" VPOS="4992" WIDTH="52"/>
						<String CONTENT="term" ID="St_1.2.32.7" HPOS="1692" VPOS="4980" HEIGHT="92" WIDTH="284" STYLEREFS="Style_18" WC="1" CC="0000"/>
						<SP ID="SP_1.2.32.8" HPOS="1912" VPOS="4992" WIDTH="80"/>
						<String CONTENT="beginning" ID="St_1.2.32.9" HPOS="2016" VPOS="4972" HEIGHT="136" WIDTH="612" STYLEREFS="Style_18" WC="1" CC="000000000"/>
						<SP ID="SP_1.2.32.10" HPOS="2584" VPOS="4992" WIDTH="64"/>
						<String CONTENT="first" ID="St_1.2.32.11" HPOS="2676" VPOS="4972" HEIGHT="100" WIDTH="240" STYLEREFS="Style_18" WC="1" CC="00000"/>
						<SP ID="SP_1.2.32.12" HPOS="2888" VPOS="4980" WIDTH="48"/>
						<String CONTENT="Mon" ID="St_1.2.32.13" HPOS="2964" VPOS="4972" HEIGHT="100" WIDTH="268" STYLEREFS="Style_18" WC="1" CC="000"/>
						<String CONTENT="d" ID="St_1.2.32.14" HPOS="3240" VPOS="4972" HEIGHT="100" WIDTH="72" STYLEREFS="Style_18" WC="1" CC="0"/>
						<String CONTENT="ay" ID="St_1.2.32.15" HPOS="3324" VPOS="5012" HEIGHT="96" WIDTH="136" STYLEREFS="Style_18" WC="1" CC="00"/>
						<SP ID="SP_1.2.32.16" HPOS="3420" VPOS="4992" WIDTH="60"/>
						<String CONTENT="of" ID="St_1.2.32.17" HPOS="3508" VPOS="4972" HEIGHT="100" WIDTH="128" STYLEREFS="Style_18" WC="1" CC="00"/>
						<SP ID="SP_1.2.32.18" HPOS="3604" VPOS="4972" WIDTH="52"/>
						<String CONTENT="October," ID="St_1.2.32.19" HPOS="3684" VPOS="4972" HEIGHT="136" WIDTH="512" STYLEREFS="Style_18" WC="1" CC="00000000"/>
						<SP ID="SP_1.2.32.20" HPOS="4176" VPOS="5016" WIDTH="44"/>
						<String CONTENT="1929." ID="St_1.2.32.21" HPOS="4248" VPOS="4976" HEIGHT="100" WIDTH="288" STYLEREFS="Style_18" WC="1" CC="00000"/>
					</TextLine>
					<TextLine ID="TL_1.2.33" HPOS="664" VPOS="5120" HEIGHT="136" WIDTH="3880">
						<String CONTENT="Court" ID="St_1.2.33.1" HPOS="664" VPOS="5120" HEIGHT="108" WIDTH="348" STYLEREFS="Style_18" WC="1" CC="00000"/>
						<SP ID="SP_1.2.33.2" HPOS="988" VPOS="5132" WIDTH="60"/>
						<String CONTENT="of" ID="St_1.2.33.3" HPOS="1088" VPOS="5124" HEIGHT="100" WIDTH="128" STYLEREFS="Style_18" WC="1" CC="00"/>
						<SP ID="SP_1.2.33.4" HPOS="1188" VPOS="5124" WIDTH="68"/>
						<String CONTENT="appeal;" ID="St_1.2.33.5" HPOS="1296" VPOS="5120" HEIGHT="136" WIDTH="452" STYLEREFS="Style_18" WC="1" CC="0000000"/>
						<SP ID="SP_1.2.33.6" HPOS="1732" VPOS="5144" WIDTH="56"/>
						<String CONTENT="first" ID="St_1.2.33.7" HPOS="1836" VPOS="5120" HEIGHT="108" WIDTH="240" STYLEREFS="Style_18" WC="1" CC="00000"/>
						<SP ID="SP_1.2.33.8" HPOS="2048" VPOS="5140" WIDTH="64"/>
						<String CONTENT="circuit," ID="St_1.2.33.9" HPOS="2156" VPOS="5124" HEIGHT="132" WIDTH="424" STYLEREFS="Style_18" WC="1" CC="00000000"/>
						<SP ID="SP_1.2.33.10" HPOS="2564" VPOS="5168" WIDTH="56"/>
						<String CONTENT="Baton" ID="St_1.2.33.11" HPOS="2664" VPOS="5128" HEIGHT="96" WIDTH="364" STYLEREFS="Style_18" WC="1" CC="00000"/>
						<SP ID="SP_1.2.33.12" HPOS="2988" VPOS="5144" WIDTH="80"/>
						<String CONTENT="Rouge;" ID="St_1.2.33.13" HPOS="3112" VPOS="5124" HEIGHT="132" WIDTH="440" STYLEREFS="Style_18" WC="1" CC="000000"/>
						<SP ID="SP_1.2.33.14" HPOS="3536" VPOS="5144" WIDTH="56"/>
						<String CONTENT="second" ID="St_1.2.33.15" HPOS="3640" VPOS="5128" HEIGHT="100" WIDTH="396" STYLEREFS="Style_18" WC="1" CC="000000"/>
						<SP ID="SP_1.2.33.16" HPOS="3992" VPOS="5128" WIDTH="80"/>
						<String CONTENT="circuit," ID="St_1.2.33.17" HPOS="4116" VPOS="5120" HEIGHT="132" WIDTH="428" STYLEREFS="Style_18" WC="1" CC="00000000"/>
					</TextLine>
					<TextLine ID="TL_1.2.34" HPOS="668" VPOS="5272" HEIGHT="132" WIDTH="3872">
						<String CONTENT="Shreveport;" ID="St_1.2.34.1" HPOS="668" VPOS="5272" HEIGHT="132" WIDTH="728" STYLEREFS="Style_18" WC="1" CC="00000000000"/>
						<SP ID="SP_1.2.34.2" HPOS="1380" VPOS="5296" WIDTH="56"/>
						<String CONTENT="parish" ID="St_1.2.34.3" HPOS="1484" VPOS="5272" HEIGHT="132" WIDTH="384" STYLEREFS="Style_18" WC="1" CC="000000"/>
						<SP ID="SP_1.2.34.4" HPOS="1828" VPOS="5276" WIDTH="76"/>
						<String CONTENT="of" ID="St_1.2.34.5" HPOS="1948" VPOS="5272" HEIGHT="104" WIDTH="128" STYLEREFS="Style_18" WC="1" CC="00"/>
						<SP ID="SP_1.2.34.6" HPOS="2044" VPOS="5276" WIDTH="68"/>
						<String CONTENT="Orleans," ID="St_1.2.34.7" HPOS="2156" VPOS="5272" HEIGHT="132" WIDTH="504" STYLEREFS="Style_18" WC="1" CC="00000000"/>
						<SP ID="SP_1.2.34.8" HPOS="2644" VPOS="5320" WIDTH="56"/>
						<String CONTENT="New" ID="St_1.2.34.9" HPOS="2744" VPOS="5272" HEIGHT="104" WIDTH="268" STYLEREFS="Style_18" WC="1" CC="000"/>
						<SP ID="SP_1.2.34.10" HPOS="2960" VPOS="5296" WIDTH="92"/>
						<String CONTENT="Orleans." ID="St_1.2.34.11" HPOS="3100" VPOS="5272" HEIGHT="108" WIDTH="500" STYLEREFS="Style_18" WC="1" CC="00000000"/>
						<SP ID="SP_1.2.34.12" HPOS="3584" VPOS="5320" WIDTH="88"/>
						<String CONTENT="This" ID="St_1.2.34.13" HPOS="3752" VPOS="5276" HEIGHT="104" WIDTH="272" STYLEREFS="Style_18" WC="1" CC="0000"/>
						<SP ID="SP_1.2.34.14" HPOS="3996" VPOS="5300" WIDTH="68"/>
						<String CONTENT="volume" ID="St_1.2.34.15" HPOS="4108" VPOS="5276" HEIGHT="104" WIDTH="432" STYLEREFS="Style_18" WC="1" CC="000000"/>
					</TextLine>
					<TextLine ID="TL_1.2.35" HPOS="660" VPOS="5420" HEIGHT="140" WIDTH="3880">
						<String CONTENT="contains" ID="St_1.2.35.1" HPOS="660" VPOS="5424" HEIGHT="104" WIDTH="496" STYLEREFS="Style_18" WC="1" CC="00000000"/>
						<SP ID="SP_1.2.35.2" HPOS="1128" VPOS="5444" WIDTH="60"/>
						<String CONTENT="references" ID="St_1.2.35.3" HPOS="1224" VPOS="5424" HEIGHT="100" WIDTH="608" STYLEREFS="Style_18" WC="1" CC="0000000000"/>
						<SP ID="SP_1.2.35.4" HPOS="1804" VPOS="5444" WIDTH="56"/>
						<String CONTENT="to" ID="St_1.2.35.5" HPOS="1896" VPOS="5440" HEIGHT="88" WIDTH="116" STYLEREFS="Style_18" WC="1" CC="00"/>
						<SP ID="SP_1.2.35.6" HPOS="1976" VPOS="5440" WIDTH="64"/>
						<String CONTENT="the" ID="St_1.2.35.7" HPOS="2080" VPOS="5428" HEIGHT="96" WIDTH="180" STYLEREFS="Style_18" WC="1" CC="000"/>
						<SP ID="SP_1.2.35.8" HPOS="2228" VPOS="5440" WIDTH="60"/>
						<String CONTENT="Louisiana" ID="St_1.2.35.9" HPOS="2324" VPOS="5420" HEIGHT="108" WIDTH="604" STYLEREFS="Style_18" WC="1" CC="000000000"/>
						<SP ID="SP_1.2.35.10" HPOS="2892" VPOS="5444" WIDTH="64"/>
						<String CONTENT="digest" ID="St_1.2.35.11" HPOS="2992" VPOS="5420" HEIGHT="140" WIDTH="360" STYLEREFS="Style_18" WC="1" CC="000000"/>
						<SP ID="SP_1.2.35.12" HPOS="3328" VPOS="5428" WIDTH="52"/>
						<String CONTENT="subject" ID="St_1.2.35.13" HPOS="3420" VPOS="5424" HEIGHT="132" WIDTH="424" STYLEREFS="Style_18" WC="1" CC="0000000"/>
						<SP ID="SP_1.2.35.14" HPOS="3812" VPOS="5428" WIDTH="60"/>
						<String CONTENT="matter" ID="St_1.2.35.15" HPOS="3912" VPOS="5432" HEIGHT="96" WIDTH="400" STYLEREFS="Style_18" WC="1" CC="000000"/>
						<SP ID="SP_1.2.35.16" HPOS="4276" VPOS="5444" WIDTH="64"/>
						<String CONTENT="in-" ID="St_1.2.35.17" HPOS="4380" VPOS="5428" HEIGHT="96" WIDTH="160" STYLEREFS="Style_18" WC="1" CC="000"/>
					</TextLine>
					<TextLine ID="TL_1.2.36" HPOS="664" VPOS="5568" HEIGHT="140" WIDTH="3876">
						<String CONTENT="d" ID="St_1.2.36.1" HPOS="664" VPOS="5576" HEIGHT="96" WIDTH="68" STYLEREFS="Style_18" WC="0.555555555555556" CC="4"/>
						<String CONTENT="ex," ID="St_1.2.36.2" HPOS="740" VPOS="5608" HEIGHT="72" WIDTH="164" STYLEREFS="Style_18" WC="0.888888888888889" CC="000"/>
						<SP ID="SP_1.2.36.3" HPOS="892" VPOS="5612" WIDTH="40"/>
						<String CONTENT="table" ID="St_1.2.36.4" HPOS="968" VPOS="5572" HEIGHT="104" WIDTH="288" STYLEREFS="Style_18" WC="0.955555555555556" CC="00000"/>
						<SP ID="SP_1.2.36.5" HPOS="1224" VPOS="5592" WIDTH="60"/>
						<String CONTENT="of" ID="St_1.2.36.6" HPOS="1320" VPOS="5572" HEIGHT="104" WIDTH="128" STYLEREFS="Style_18" WC="0.965555555555556" CC="00"/>
						<SP ID="SP_1.2.36.7" HPOS="1416" VPOS="5572" WIDTH="60"/>
						<String CONTENT="cases" ID="St_1.2.36.8" HPOS="1508" VPOS="5608" HEIGHT="68" WIDTH="288" STYLEREFS="Style_18" WC="0.975555555555556" CC="00000"/>
						<SP ID="SP_1.2.36.9" HPOS="1768" VPOS="5592" WIDTH="56"/>
						<String CONTENT="reported," ID="St_1.2.36.10" HPOS="1860" VPOS="5576" HEIGHT="132" WIDTH="552" STYLEREFS="Style_18" WC="0.984444444444444" CC="000000000"/>
						<SP ID="SP_1.2.36.11" HPOS="2396" VPOS="5616" WIDTH="44"/>
						<String CONTENT="table" ID="St_1.2.36.12" HPOS="2472" VPOS="5576" HEIGHT="100" WIDTH="292" STYLEREFS="Style_18" WC="0.986666666666667" CC="00000"/>
						<SP ID="SP_1.2.36.13" HPOS="2732" VPOS="5592" WIDTH="60"/>
						<String CONTENT="of" ID="St_1.2.36.14" HPOS="2828" VPOS="5576" HEIGHT="104" WIDTH="128" STYLEREFS="Style_18" WC="0.987777777777778" CC="00"/>
						<SP ID="SP_1.2.36.15" HPOS="2924" VPOS="5572" WIDTH="60"/>
						<String CONTENT="cases" ID="St_1.2.36.16" HPOS="3016" VPOS="5612" HEIGHT="68" WIDTH="296" STYLEREFS="Style_18" WC="0.988888888888889" CC="00000"/>
						<SP ID="SP_1.2.36.17" HPOS="3280" VPOS="5592" WIDTH="60"/>
						<String CONTENT="cited" ID="St_1.2.36.18" HPOS="3376" VPOS="5576" HEIGHT="104" WIDTH="288" STYLEREFS="Style_18" WC="0.991111111111111" CC="00000"/>
						<SP ID="SP_1.2.36.19" HPOS="3624" VPOS="5576" WIDTH="68"/>
						<String CONTENT="and" ID="St_1.2.36.20" HPOS="3724" VPOS="5580" HEIGHT="100" WIDTH="224" STYLEREFS="Style_18" WC="0.991111111111111" CC="000"/>
						<SP ID="SP_1.2.36.21" HPOS="3908" VPOS="5576" WIDTH="68"/>
						<String CONTENT="tables" ID="St_1.2.36.22" HPOS="4008" VPOS="5568" HEIGHT="112" WIDTH="348" STYLEREFS="Style_18" WC="0.992222222222222" CC="000000"/>
						<SP ID="SP_1.2.36.23" HPOS="4324" VPOS="5592" WIDTH="60"/>
						<String CONTENT="of" ID="St_1.2.36.24" HPOS="4420" VPOS="5576" HEIGHT="104" WIDTH="120" STYLEREFS="Style_18" WC="0.992222222222222" CC="00"/>
					</TextLine>
					<TextLine ID="TL_1.2.37" HPOS="664" VPOS="5720" HEIGHT="132" WIDTH="3876">
						<String CONTENT="acts" ID="St_1.2.37.1" HPOS="664" VPOS="5740" HEIGHT="88" WIDTH="224" STYLEREFS="Style_18" WC="1" CC="0000"/>
						<SP ID="SP_1.2.37.2" HPOS="860" VPOS="5752" WIDTH="60"/>
						<String CONTENT="of" ID="St_1.2.37.3" HPOS="960" VPOS="5724" HEIGHT="104" WIDTH="120" STYLEREFS="Style_18" WC="1" CC="00"/>
						<SP ID="SP_1.2.37.4" HPOS="1052" VPOS="5732" WIDTH="60"/>
						<String CONTENT="Legislature," ID="St_1.2.37.5" HPOS="1152" VPOS="5720" HEIGHT="132" WIDTH="724" STYLEREFS="Style_18" WC="1" CC="000000000000"/>
						<SP ID="SP_1.2.37.6" HPOS="1860" VPOS="5768" WIDTH="44"/>
						<String CONTENT="codes," ID="St_1.2.37.7" HPOS="1944" VPOS="5728" HEIGHT="124" WIDTH="352" STYLEREFS="Style_18" WC="1" CC="000000"/>
						<SP ID="SP_1.2.37.8" HPOS="2280" VPOS="5768" WIDTH="44"/>
						<String CONTENT="and" ID="St_1.2.37.9" HPOS="2364" VPOS="5728" HEIGHT="100" WIDTH="216" STYLEREFS="Style_18" WC="1" CC="000"/>
						<SP ID="SP_1.2.37.10" HPOS="2540" VPOS="5728" WIDTH="72"/>
						<String CONTENT="constitutions" ID="St_1.2.37.11" HPOS="2652" VPOS="5724" HEIGHT="104" WIDTH="780" STYLEREFS="Style_18" WC="1" CC="0000000000000"/>
						<SP ID="SP_1.2.37.12" HPOS="3404" VPOS="5748" WIDTH="60"/>
						<String CONTENT="cited" ID="St_1.2.37.13" HPOS="3504" VPOS="5728" HEIGHT="104" WIDTH="284" STYLEREFS="Style_18" WC="1" CC="00000"/>
						<SP ID="SP_1.2.37.14" HPOS="3748" VPOS="5732" WIDTH="76"/>
						<String CONTENT="..." ID="St_1.2.37.15" HPOS="3868" VPOS="5808" HEIGHT="20" WIDTH="112" STYLEREFS="Style_18" WC="1" CC="000"/>
						<SP ID="SP_1.2.37.16" HPOS="3964" VPOS="5792" WIDTH="84"/>
						<String CONTENT="Edited" ID="St_1.2.37.17" HPOS="4124" VPOS="5724" HEIGHT="104" WIDTH="416" STYLEREFS="Style_18" WC="1" CC="000000"/>
					</TextLine>
					<TextLine ID="TL_1.2.38" HPOS="664" VPOS="5872" HEIGHT="140" WIDTH="3868">
						<String CONTENT="by" ID="St_1.2.38.1" HPOS="664" VPOS="5876" HEIGHT="132" WIDTH="144" STYLEREFS="Style_18" WC="1" CC="00"/>
						<SP ID="SP_1.2.38.2" HPOS="768" VPOS="5892" WIDTH="68"/>
						<String CONTENT="J." ID="St_1.2.38.3" HPOS="868" VPOS="5876" HEIGHT="96" WIDTH="104" STYLEREFS="Style_18" WC="1" CC="00"/>
						<SP ID="SP_1.2.38.4" HPOS="960" VPOS="5916" WIDTH="44"/>
						<String CONTENT="B." ID="St_1.2.38.5" HPOS="1044" VPOS="5876" HEIGHT="96" WIDTH="128" STYLEREFS="Style_18" WC="1" CC="00"/>
						<SP ID="SP_1.2.38.6" HPOS="1160" VPOS="5916" WIDTH="44"/>
						<String CONTENT="Herold" ID="St_1.2.38.7" HPOS="1244" VPOS="5872" HEIGHT="104" WIDTH="424" STYLEREFS="Style_18" WC="1" CC="000000"/>
						<SP ID="SP_1.2.38.8" HPOS="1628" VPOS="5876" WIDTH="76"/>
						<String CONTENT="..." ID="St_1.2.38.9" HPOS="1748" VPOS="5956" HEIGHT="16" WIDTH="104" STYLEREFS="Style_18" WC="1" CC="000"/>
						<SP ID="SP_1.2.38.10" HPOS="1840" VPOS="5936" WIDTH="80"/>
						<String CONTENT="New" ID="St_1.2.38.11" HPOS="2000" VPOS="5876" HEIGHT="100" WIDTH="264" STYLEREFS="Style_18" WC="1" CC="000"/>
						<SP ID="SP_1.2.38.12" HPOS="2212" VPOS="5892" WIDTH="84"/>
						<String CONTENT="Orleans," ID="St_1.2.38.13" HPOS="2336" VPOS="5872" HEIGHT="120" WIDTH="500" STYLEREFS="Style_18" WC="0.988888888888889" CC="00000003"/>
						<SP ID="SP_1.2.38.14" HPOS="2816" VPOS="5916" WIDTH="48"/>
						<String CONTENT="Hauser" ID="St_1.2.38.15" HPOS="2900" VPOS="5876" HEIGHT="104" WIDTH="440" STYLEREFS="Style_18" WC="0.98" CC="300000"/>
						<SP ID="SP_1.2.38.16" HPOS="3308" VPOS="5896" WIDTH="60"/>
						<String CONTENT="printing" ID="St_1.2.38.17" HPOS="3408" VPOS="5876" HEIGHT="136" WIDTH="512" STYLEREFS="Style_18" WC="0.983333333333333" CC="00000000"/>
						<SP ID="SP_1.2.38.18" HPOS="3880" VPOS="5892" WIDTH="68"/>
						<String CONTENT="co.," ID="St_1.2.38.19" HPOS="3984" VPOS="5880" HEIGHT="108" WIDTH="252" STYLEREFS="Style_18" WC="0.984444444444444" CC="0000"/>
						<SP ID="SP_1.2.38.20" HPOS="4140" VPOS="5912" WIDTH="64"/>
						<String CONTENT="1930." ID="St_1.2.38.21" HPOS="4248" VPOS="5880" HEIGHT="100" WIDTH="284" STYLEREFS="Style_18" WC="0.986666666666667" CC="00000"/>
					</TextLine>
					<TextLine ID="TL_1.2.39" HPOS="796" VPOS="6028" HEIGHT="96" WIDTH="1140">
						<String CONTENT="x" ID="St_1.2.39.1" HPOS="796" VPOS="6052" HEIGHT="52" WIDTH="56" STYLEREFS="Style_18" WC="1" CC="0"/>
						<String CONTENT="xi" ID="St_1.2.39.2" HPOS="860" VPOS="6028" HEIGHT="76" WIDTH="96" STYLEREFS="Style_18" WC="1" CC="00"/>
						<String CONTENT="x" ID="St_1.2.39.3" HPOS="960" VPOS="6052" HEIGHT="52" WIDTH="60" STYLEREFS="Style_18" WC="1" CC="0"/>
						<String CONTENT="," ID="St_1.2.39.4" HPOS="1032" VPOS="6088" HEIGHT="36" WIDTH="20" STYLEREFS="Style_18" WC="1" CC="0"/>
						<SP ID="SP_1.2.39.5" HPOS="1036" VPOS="6044" WIDTH="40"/>
						<String CONTENT="7" ID="St_1.2.39.6" HPOS="1104" VPOS="6032" HEIGHT="76" WIDTH="56" STYLEREFS="Style_18" WC="1" CC="0"/>
						<String CONTENT="6" ID="St_1.2.39.7" HPOS="1164" VPOS="6028" HEIGHT="76" WIDTH="48" STYLEREFS="Style_18" WC="1" CC="0"/>
						<String CONTENT="8," ID="St_1.2.39.8" HPOS="1220" VPOS="6028" HEIGHT="96" WIDTH="76" STYLEREFS="Style_18" WC="1" CC="00"/>
						<SP ID="SP_1.2.39.9" HPOS="1280" VPOS="6044" WIDTH="44"/>
						<String CONTENT="[2" ID="St_1.2.39.10" HPOS="1356" VPOS="6028" HEIGHT="96" WIDTH="84" STYLEREFS="Style_18" WC="0.931111111111111" CC="71"/>
						<String CONTENT="]" ID="St_1.2.39.11" HPOS="1444" VPOS="6068" HEIGHT="56" WIDTH="20" STYLEREFS="Style_19" WC="0.904444444444445" CC="4"/>
						<SP ID="SP_1.2.39.12" HPOS="1448" VPOS="6036" WIDTH="44"/>
						<String CONTENT="p." ID="St_1.2.39.13" HPOS="1524" VPOS="6048" HEIGHT="76" WIDTH="84" STYLEREFS="Style_19" WC="0.894444444444444" CC="30"/>
						<SP ID="SP_1.2.39.14" HPOS="1596" VPOS="6048" WIDTH="64"/>
						<String CONTENT="2" ID="St_1.2.39.15" HPOS="1716" VPOS="6032" HEIGHT="72" WIDTH="48" STYLEREFS="Style_20" WC="0.905555555555556" CC="0"/>
						<String CONTENT="3" ID="St_1.2.39.16" HPOS="1764" VPOS="6028" HEIGHT="80" WIDTH="60" STYLEREFS="Style_20" WC="0.888888888888889" CC="4"/>
						<String CONTENT="&#x0368;&#x036b;" ID="St_1.2.39.17" HPOS="1816" VPOS="6028" HEIGHT="56" WIDTH="96" STYLEREFS="Style_21" WC="0.857777777777778" CC="44"/>
						<String CONTENT="," ID="St_1.2.39.18" HPOS="1912" VPOS="6060" HEIGHT="40" WIDTH="24" STYLEREFS="Style_21" WC="0.844444444444444" CC="4"/>
					</TextLine>
					<TextLine ID="TL_1.2.40" HPOS="668" VPOS="6128" HEIGHT="108" WIDTH="3640">
						<String CONTENT="&#x00A9;" ID="St_1.2.40.1" HPOS="668" VPOS="6132" HEIGHT="88" WIDTH="92" STYLEREFS="Style_21" WC="0.222222222222222" CC="7"/>
						<SP ID="SP_1.2.40.2" HPOS="712" VPOS="6128" WIDTH="84"/>
						<String CONTENT="Feb." ID="St_1.2.40.3" HPOS="828" VPOS="6140" HEIGHT="76" WIDTH="212" STYLEREFS="Style_21" WC="0.795555555555556" CC="0000"/>
						<SP ID="SP_1.2.40.4" HPOS="1028" VPOS="6164" WIDTH="40"/>
						<String CONTENT="28," ID="St_1.2.40.5" HPOS="1100" VPOS="6132" HEIGHT="88" WIDTH="132" STYLEREFS="Style_21" WC="0.8" CC="070"/>
						<SP ID="SP_1.2.40.6" HPOS="1220" VPOS="6164" WIDTH="40"/>
						<String CONTENT="1930;" ID="St_1.2.40.7" HPOS="1292" VPOS="6136" HEIGHT="92" WIDTH="268" STYLEREFS="Style_21" WC="0.846666666666667" CC="00004"/>
						<SP ID="SP_1.2.40.8" HPOS="1548" VPOS="6144" WIDTH="40"/>
						<String CONTENT="2e." ID="St_1.2.40.9" HPOS="1624" VPOS="6140" HEIGHT="76" WIDTH="128" STYLEREFS="Style_21" WC="0.877777777777778" CC="000"/>
						<SP ID="SP_1.2.40.10" HPOS="1740" VPOS="6164" WIDTH="40"/>
						<String CONTENT="and" ID="St_1.2.40.11" HPOS="1812" VPOS="6140" HEIGHT="76" WIDTH="184" STYLEREFS="Style_21" WC="0.883333333333333" CC="003"/>
						<SP ID="SP_1.2.40.12" HPOS="1964" VPOS="6136" WIDTH="60"/>
						<String CONTENT="a" ID="St_1.2.40.13" HPOS="2056" VPOS="6160" HEIGHT="60" WIDTH="52" STYLEREFS="Style_21" WC="0.875555555555556" CC="3"/>
						<String CONTENT="ff." ID="St_1.2.40.14" HPOS="2120" VPOS="6140" HEIGHT="80" WIDTH="96" STYLEREFS="Style_21" WC="0.888888888888889" CC="000"/>
						<SP ID="SP_1.2.40.15" HPOS="2204" VPOS="6168" WIDTH="40"/>
						<String CONTENT="Apr." ID="St_1.2.40.16" HPOS="2280" VPOS="6140" HEIGHT="92" WIDTH="216" STYLEREFS="Style_21" WC="0.904444444444445" CC="0000"/>
						<SP ID="SP_1.2.40.17" HPOS="2480" VPOS="6168" WIDTH="44"/>
						<String CONTENT="7;" ID="St_1.2.40.18" HPOS="2556" VPOS="6140" HEIGHT="92" WIDTH="100" STYLEREFS="Style_21" WC="0.912222222222222" CC="00"/>
						<SP ID="SP_1.2.40.19" HPOS="2640" VPOS="6152" WIDTH="44"/>
						<String CONTENT="A" ID="St_1.2.40.20" HPOS="2724" VPOS="6140" HEIGHT="76" WIDTH="76" STYLEREFS="Style_21" WC="0.916666666666667" CC="0"/>
						<SP ID="SP_1.2.40.21" HPOS="2756" VPOS="6140" WIDTH="72"/>
						<String CONTENT="20902;" ID="St_1.2.40.22" HPOS="2860" VPOS="6136" HEIGHT="88" WIDTH="332" STYLEREFS="Style_21" WC="0.92" CC="004000"/>
						<SP ID="SP_1.2.40.23" HPOS="3176" VPOS="6148" WIDTH="44"/>
						<String CONTENT="Hauser" ID="St_1.2.40.24" HPOS="3256" VPOS="6144" HEIGHT="76" WIDTH="384" STYLEREFS="Style_21" WC="0.917777777777778" CC="330000"/>
						<SP ID="SP_1.2.40.25" HPOS="3612" VPOS="6148" WIDTH="52"/>
						<String CONTENT="printing" ID="St_1.2.40.26" HPOS="3696" VPOS="6144" HEIGHT="92" WIDTH="424" STYLEREFS="Style_21" WC="0.921111111111111" CC="00000041"/>
						<SP ID="SP_1.2.40.27" HPOS="4084" VPOS="6148" WIDTH="60"/>
						<String CONTENT="c" ID="St_1.2.40.28" HPOS="4176" VPOS="6148" HEIGHT="72" WIDTH="44" STYLEREFS="Style_21" WC="0.912222222222222" CC="5"/>
						<String CONTENT="o." ID="St_1.2.40.29" HPOS="4228" VPOS="6164" HEIGHT="56" WIDTH="80" STYLEREFS="Style_21" WC="0.912222222222222" CC="11"/>
					</TextLine>
					<TextLine ID="TL_1.2.41" HPOS="4132" VPOS="6248" HEIGHT="84" WIDTH="240">
						<String CONTENT="3102" ID="St_1.2.41.1" HPOS="4132" VPOS="6248" HEIGHT="84" WIDTH="240" STYLEREFS="Style_21" WC="1" CC="0000"/>
					</TextLine>
					<TextLine ID="TL_1.2.42" HPOS="664" VPOS="6428" HEIGHT="128" WIDTH="3872">
						<String CONTENT="McAdams," ID="St_1.2.42.1" HPOS="664" VPOS="6428" HEIGHT="120" WIDTH="656" STYLEREFS="Style_21" WC="1" CC="00000000"/>
						<SP ID="SP_1.2.42.2" HPOS="1304" VPOS="6468" WIDTH="80"/>
						<String CONTENT="Ednah" ID="St_1.2.42.3" HPOS="1452" VPOS="6428" HEIGHT="100" WIDTH="404" STYLEREFS="Style_21" WC="0.967777777777778" CC="00004"/>
						<SP ID="SP_1.2.42.4" HPOS="1816" VPOS="6428" WIDTH="328"/>
						<String CONTENT="(Wilson)" ID="St_1.2.42.5" HPOS="2004" VPOS="6428" HEIGHT="124" WIDTH="548" STYLEREFS="Style_21" WC="0.881111111111111" CC="00000000"/>
						<SP ID="SP_1.2.42.6" HPOS="2524" VPOS="6428" WIDTH="112"/>
						<String CONTENT="&quot;Mrs." ID="St_1.2.42.7" HPOS="2692" VPOS="6436" HEIGHT="100" WIDTH="336" STYLEREFS="Style_21" WC="0.885555555555556" CC="50000"/>
						<SP ID="SP_1.2.42.8" HPOS="3012" VPOS="6472" WIDTH="76"/>
						<String CONTENT="Harry" ID="St_1.2.42.9" HPOS="3160" VPOS="6436" HEIGHT="120" WIDTH="392" STYLEREFS="Style_21" WC="0.901111111111111" CC="00000"/>
						<SP ID="SP_1.2.42.10" HPOS="3496" VPOS="6428" WIDTH="276"/>
						<String CONTENT="Kennett" ID="St_1.2.42.11" HPOS="3676" VPOS="6436" HEIGHT="100" WIDTH="508" STYLEREFS="Style_21" WC="0.878888888888889" CC="0000000"/>
						<SP ID="SP_1.2.42.12" HPOS="4156" VPOS="6436" WIDTH="88"/>
						<String CONTENT="Mc-" ID="St_1.2.42.13" HPOS="4312" VPOS="6440" HEIGHT="100" WIDTH="224" STYLEREFS="Style_21" WC="0.886666666666667" CC="000"/>
					</TextLine>
					<TextLine ID="TL_1.2.43" HPOS="796" VPOS="6576" HEIGHT="140" WIDTH="1716">
						<String CONTENT="Adams,&quot;" ID="St_1.2.43.1" HPOS="796" VPOS="6576" HEIGHT="116" WIDTH="544" STYLEREFS="Style_21" WC="1" CC="0000000"/>
						<SP ID="SP_1.2.43.2" HPOS="1300" VPOS="6576" WIDTH="72"/>
						<String CONTENT="1866-" ID="St_1.2.43.3" HPOS="1412" VPOS="6584" HEIGHT="96" WIDTH="328" STYLEREFS="Style_21" WC="1" CC="00000"/>
						<SP ID="SP_1.2.43.4" HPOS="1700" VPOS="6584" WIDTH="464"/>
						<String CONTENT="c" ID="St_1.2.43.5" HPOS="2164" VPOS="6596" HEIGHT="76" WIDTH="56" STYLEREFS="Style_21" WC="0.83" CC="3"/>
						<String CONTENT="om" ID="St_1.2.43.6" HPOS="2228" VPOS="6616" HEIGHT="68" WIDTH="172" STYLEREFS="Style_21" WC="0.822222222222222" CC="14"/>
						<String CONTENT="p." ID="St_1.2.43.7" HPOS="2404" VPOS="6620" HEIGHT="96" WIDTH="108" STYLEREFS="Style_21" WC="0.826666666666667" CC="11"/>
					</TextLine>
					<TextLine ID="TL_1.2.44" HPOS="796" VPOS="6724" HEIGHT="144" WIDTH="3732">
						<String CONTENT="Kentucky" ID="St_1.2.44.1" HPOS="796" VPOS="6724" HEIGHT="136" WIDTH="596" STYLEREFS="Style_21" WC="1" CC="00000000"/>
						<SP ID="SP_1.2.44.2" HPOS="1348" VPOS="6744" WIDTH="64"/>
						<String CONTENT="pioneer" ID="St_1.2.44.3" HPOS="1440" VPOS="6728" HEIGHT="132" WIDTH="452" STYLEREFS="Style_21" WC="1" CC="0000000"/>
						<SP ID="SP_1.2.44.4" HPOS="1860" VPOS="6748" WIDTH="52"/>
						<String CONTENT="and" ID="St_1.2.44.5" HPOS="1940" VPOS="6728" HEIGHT="104" WIDTH="220" STYLEREFS="Style_21" WC="1" CC="000"/>
						<SP ID="SP_1.2.44.6" HPOS="2116" VPOS="6728" WIDTH="68"/>
						<String CONTENT="court" ID="St_1.2.44.7" HPOS="2216" VPOS="6740" HEIGHT="92" WIDTH="312" STYLEREFS="Style_21" WC="1" CC="00000"/>
						<SP ID="SP_1.2.44.8" HPOS="2496" VPOS="6736" WIDTH="52"/>
						<String CONTENT="records;" ID="St_1.2.44.9" HPOS="2580" VPOS="6732" HEIGHT="132" WIDTH="492" STYLEREFS="Style_21" WC="1" CC="00000000"/>
						<SP ID="SP_1.2.44.10" HPOS="3052" VPOS="6748" WIDTH="48"/>
						<String CONTENT="abstracts" ID="St_1.2.44.11" HPOS="3136" VPOS="6736" HEIGHT="100" WIDTH="540" STYLEREFS="Style_21" WC="1" CC="000000000"/>
						<SP ID="SP_1.2.44.12" HPOS="3644" VPOS="6752" WIDTH="44"/>
						<String CONTENT="of" ID="St_1.2.44.13" HPOS="3708" VPOS="6736" HEIGHT="100" WIDTH="128" STYLEREFS="Style_21" WC="1" CC="00"/>
						<SP ID="SP_1.2.44.14" HPOS="3804" VPOS="6732" WIDTH="44"/>
						<String CONTENT="early" ID="St_1.2.44.15" HPOS="3868" VPOS="6736" HEIGHT="132" WIDTH="304" STYLEREFS="Style_21" WC="1" CC="00000"/>
						<SP ID="SP_1.2.44.16" HPOS="4132" VPOS="6752" WIDTH="52"/>
						<String CONTENT="wills," ID="St_1.2.44.17" HPOS="4208" VPOS="6736" HEIGHT="128" WIDTH="320" STYLEREFS="Style_21" WC="1" CC="000000"/>
					</TextLine>
					<TextLine ID="TL_1.2.45" HPOS="664" VPOS="6876" HEIGHT="136" WIDTH="3856">
						<String CONTENT="deeds" ID="St_1.2.45.1" HPOS="664" VPOS="6876" HEIGHT="104" WIDTH="328" STYLEREFS="Style_21" WC="1" CC="00000"/>
						<SP ID="SP_1.2.45.2" HPOS="964" VPOS="6900" WIDTH="64"/>
						<String CONTENT="and" ID="St_1.2.45.3" HPOS="1072" VPOS="6876" HEIGHT="100" WIDTH="220" STYLEREFS="Style_21" WC="1" CC="000"/>
						<SP ID="SP_1.2.45.4" HPOS="1252" VPOS="6880" WIDTH="76"/>
						<String CONTENT="marriages" ID="St_1.2.45.5" HPOS="1368" VPOS="6876" HEIGHT="136" WIDTH="608" STYLEREFS="Style_21" WC="1" CC="000000000"/>
						<SP ID="SP_1.2.45.6" HPOS="1944" VPOS="6900" WIDTH="72"/>
						<String CONTENT="from" ID="St_1.2.45.7" HPOS="2060" VPOS="6876" HEIGHT="104" WIDTH="296" STYLEREFS="Style_21" WC="1" CC="0000"/>
						<SP ID="SP_1.2.45.8" HPOS="2296" VPOS="6900" WIDTH="96"/>
						<String CONTENT="court" ID="St_1.2.45.9" HPOS="2436" VPOS="6888" HEIGHT="92" WIDTH="320" STYLEREFS="Style_21" WC="1" CC="00000"/>
						<SP ID="SP_1.2.45.10" HPOS="2724" VPOS="6884" WIDTH="68"/>
						<String CONTENT="houses" ID="St_1.2.45.11" HPOS="2832" VPOS="6884" HEIGHT="100" WIDTH="388" STYLEREFS="Style_21" WC="1" CC="000000"/>
						<SP ID="SP_1.2.45.12" HPOS="3192" VPOS="6900" WIDTH="68"/>
						<String CONTENT="and" ID="St_1.2.45.13" HPOS="3304" VPOS="6884" HEIGHT="100" WIDTH="224" STYLEREFS="Style_21" WC="1" CC="000"/>
						<SP ID="SP_1.2.45.14" HPOS="3488" VPOS="6884" WIDTH="80"/>
						<String CONTENT="records" ID="St_1.2.45.15" HPOS="3612" VPOS="6884" HEIGHT="104" WIDTH="436" STYLEREFS="Style_21" WC="1" CC="0000000"/>
						<SP ID="SP_1.2.45.16" HPOS="4016" VPOS="6904" WIDTH="72"/>
						<String CONTENT="of" ID="St_1.2.45.17" HPOS="4132" VPOS="6884" HEIGHT="104" WIDTH="124" STYLEREFS="Style_21" WC="1" CC="00"/>
						<SP ID="SP_1.2.45.18" HPOS="4224" VPOS="6884" WIDTH="68"/>
						<String CONTENT="old" ID="St_1.2.45.19" HPOS="4340" VPOS="6884" HEIGHT="104" WIDTH="180" STYLEREFS="Style_21" WC="1" CC="000"/>
					</TextLine>
					<TextLine ID="TL_1.2.46" HPOS="664" VPOS="7020" HEIGHT="148" WIDTH="3860">
						<String CONTENT="Bibles," ID="St_1.2.46.1" HPOS="664" VPOS="7024" HEIGHT="132" WIDTH="412" STYLEREFS="Style_21" WC="1" CC="0000000"/>
						<SP ID="SP_1.2.46.2" HPOS="1060" VPOS="7064" WIDTH="68"/>
						<String CONTENT="churches," ID="St_1.2.46.3" HPOS="1184" VPOS="7024" HEIGHT="132" WIDTH="556" STYLEREFS="Style_21" WC="1" CC="000000000"/>
						<SP ID="SP_1.2.46.4" HPOS="1720" VPOS="7064" WIDTH="72"/>
						<String CONTENT="grave" ID="St_1.2.46.5" HPOS="1848" VPOS="7060" HEIGHT="100" WIDTH="344" STYLEREFS="Style_21" WC="1" CC="00000"/>
						<SP ID="SP_1.2.46.6" HPOS="2156" VPOS="7040" WIDTH="84"/>
						<String CONTENT="yards," ID="St_1.2.46.7" HPOS="2296" VPOS="7028" HEIGHT="132" WIDTH="372" STYLEREFS="Style_21" WC="1" CC="000000"/>
						<SP ID="SP_1.2.46.8" HPOS="2652" VPOS="7064" WIDTH="68"/>
						<String CONTENT="and" ID="St_1.2.46.9" HPOS="2776" VPOS="7028" HEIGHT="104" WIDTH="220" STYLEREFS="Style_21" WC="1" CC="000"/>
						<SP ID="SP_1.2.46.10" HPOS="2956" VPOS="7024" WIDTH="92"/>
						<String CONTENT="cemeteries," ID="St_1.2.46.11" HPOS="3112" VPOS="7028" HEIGHT="132" WIDTH="660" STYLEREFS="Style_21" WC="1" CC="00000000000"/>
						<SP ID="SP_1.2.46.12" HPOS="3756" VPOS="7064" WIDTH="68"/>
						<String CONTENT="copied" ID="St_1.2.46.13" HPOS="3880" VPOS="7032" HEIGHT="132" WIDTH="384" STYLEREFS="Style_21" WC="1" CC="000000"/>
						<SP ID="SP_1.2.46.14" HPOS="4204" VPOS="7020" WIDTH="292"/>
						<String CONTENT="by" ID="St_1.2.46.15" HPOS="4384" VPOS="7028" HEIGHT="140" WIDTH="140" STYLEREFS="Style_21" WC="0.956666666666667" CC="00"/>
					</TextLine>
					<TextLine ID="TL_1.2.47" HPOS="664" VPOS="7172" HEIGHT="140" WIDTH="3860">
						<String CONTENT="American" ID="St_1.2.47.1" HPOS="664" VPOS="7172" HEIGHT="104" WIDTH="592" STYLEREFS="Style_21" WC="1" CC="00000000"/>
						<SP ID="SP_1.2.47.2" HPOS="1216" VPOS="7188" WIDTH="68"/>
						<String CONTENT="war" ID="St_1.2.47.3" HPOS="1324" VPOS="7208" HEIGHT="68" WIDTH="228" STYLEREFS="Style_21" WC="1" CC="000"/>
						<SP ID="SP_1.2.47.4" HPOS="1520" VPOS="7188" WIDTH="64"/>
						<String CONTENT="mothers;" ID="St_1.2.47.5" HPOS="1620" VPOS="7176" HEIGHT="128" WIDTH="536" STYLEREFS="Style_21" WC="1" CC="00000000"/>
						<SP ID="SP_1.2.47.6" HPOS="2140" VPOS="7192" WIDTH="52"/>
						<String CONTENT="genealogical" ID="St_1.2.47.7" HPOS="2232" VPOS="7172" HEIGHT="140" WIDTH="748" STYLEREFS="Style_21" WC="1" CC="000000000000"/>
						<SP ID="SP_1.2.47.8" HPOS="2956" VPOS="7176" WIDTH="56"/>
						<String CONTENT="material" ID="St_1.2.47.9" HPOS="3052" VPOS="7176" HEIGHT="104" WIDTH="516" STYLEREFS="Style_21" WC="1" CC="00000000"/>
						<SP ID="SP_1.2.47.10" HPOS="3540" VPOS="7176" WIDTH="52"/>
						<String CONTENT="collected" ID="St_1.2.47.11" HPOS="3632" VPOS="7180" HEIGHT="100" WIDTH="520" STYLEREFS="Style_21" WC="1" CC="000000000"/>
						<SP ID="SP_1.2.47.12" HPOS="4112" VPOS="7176" WIDTH="76"/>
						<String CONTENT="from" ID="St_1.2.47.13" HPOS="4232" VPOS="7180" HEIGHT="100" WIDTH="292" STYLEREFS="Style_21" WC="1" CC="0000"/>
					</TextLine>
					<TextLine ID="TL_1.2.48" HPOS="664" VPOS="7320" HEIGHT="136" WIDTH="3860">
						<String CONTENT="authentic" ID="St_1.2.48.1" HPOS="664" VPOS="7320" HEIGHT="104" WIDTH="560" STYLEREFS="Style_21" WC="1" CC="000000000"/>
						<SP ID="SP_1.2.48.2" HPOS="1192" VPOS="7336" WIDTH="72"/>
						<String CONTENT="sources;" ID="St_1.2.48.3" HPOS="1308" VPOS="7352" HEIGHT="100" WIDTH="488" STYLEREFS="Style_21" WC="1" CC="00000000"/>
						<SP ID="SP_1.2.48.4" HPOS="1776" VPOS="7336" WIDTH="60"/>
						<String CONTENT="records" ID="St_1.2.48.5" HPOS="1884" VPOS="7324" HEIGHT="104" WIDTH="432" STYLEREFS="Style_21" WC="1" CC="0000000"/>
						<SP ID="SP_1.2.48.6" HPOS="2284" VPOS="7340" WIDTH="68"/>
						<String CONTENT="from" ID="St_1.2.48.7" HPOS="2404" VPOS="7324" HEIGHT="104" WIDTH="296" STYLEREFS="Style_21" WC="1" CC="0000"/>
						<SP ID="SP_1.2.48.8" HPOS="2640" VPOS="7340" WIDTH="100"/>
						<String CONTENT="Anderson," ID="St_1.2.48.9" HPOS="2784" VPOS="7324" HEIGHT="132" WIDTH="624" STYLEREFS="Style_21" WC="1" CC="000000000"/>
						<SP ID="SP_1.2.48.10" HPOS="3392" VPOS="7360" WIDTH="56"/>
						<String CONTENT="Bourbon," ID="St_1.2.48.11" HPOS="3496" VPOS="7324" HEIGHT="132" WIDTH="560" STYLEREFS="Style_21" WC="1" CC="00000000"/>
						<SP ID="SP_1.2.48.12" HPOS="4040" VPOS="7360" WIDTH="56"/>
						<String CONTENT="Boyle," ID="St_1.2.48.13" HPOS="4144" VPOS="7328" HEIGHT="128" WIDTH="380" STYLEREFS="Style_21" WC="1" CC="000000"/>
					</TextLine>
					<TextLine ID="TL_1.2.49" HPOS="668" VPOS="7468" HEIGHT="136" WIDTH="3856">
						<String CONTENT="Clark," ID="St_1.2.49.1" HPOS="668" VPOS="7468" HEIGHT="132" WIDTH="376" STYLEREFS="Style_21" WC="1" CC="000000"/>
						<SP ID="SP_1.2.49.2" HPOS="1028" VPOS="7512" WIDTH="40"/>
						<String CONTENT="Estill," ID="St_1.2.49.3" HPOS="1096" VPOS="7468" HEIGHT="132" WIDTH="376" STYLEREFS="Style_21" WC="1" CC="0000000"/>
						<SP ID="SP_1.2.49.4" HPOS="1456" VPOS="7512" WIDTH="36"/>
						<String CONTENT="Fayette," ID="St_1.2.49.5" HPOS="1520" VPOS="7472" HEIGHT="132" WIDTH="500" STYLEREFS="Style_21" WC="1" CC="00000000"/>
						<SP ID="SP_1.2.49.6" HPOS="2004" VPOS="7516" WIDTH="40"/>
						<String CONTENT="Garrard," ID="St_1.2.49.7" HPOS="2076" VPOS="7468" HEIGHT="136" WIDTH="536" STYLEREFS="Style_21" WC="1" CC="00000000"/>
						<SP ID="SP_1.2.49.8" HPOS="2596" VPOS="7512" WIDTH="40"/>
						<String CONTENT="Harrison," ID="St_1.2.49.9" HPOS="2668" VPOS="7472" HEIGHT="132" WIDTH="592" STYLEREFS="Style_21" WC="1" CC="000000000"/>
						<SP ID="SP_1.2.49.10" HPOS="3240" VPOS="7516" WIDTH="40"/>
						<String CONTENT="Jessamine," ID="St_1.2.49.11" HPOS="3312" VPOS="7472" HEIGHT="132" WIDTH="656" STYLEREFS="Style_21" WC="1" CC="0000000000"/>
						<SP ID="SP_1.2.49.12" HPOS="3948" VPOS="7512" WIDTH="44"/>
						<String CONTENT="Lincoln," ID="St_1.2.49.13" HPOS="4024" VPOS="7472" HEIGHT="132" WIDTH="500" STYLEREFS="Style_21" WC="1" CC="00000000"/>
					</TextLine>
				</TextBlock>
			</PrintSpace>
		</Page>
	</Layout>
</alto>
