4800 8268
348 676 608 124 501
348 676 608 124 Robinson,
1016 676 340 108 Clark
1412 676 408 124 Shove,
1880 688 332 96 1888-

476 824 232 104 The
756 824 512 104 elements
1316 824 128 104 of
1492 824 596 104 fractional
2140 824 700 132 distillation,
2884 824 144 132 by
3088 820 340 108 Clark
3484 820 360 108 Shove
3896 820 288 104 Rob-

348 976 228 100 inso
580 1008 72 68 n
708 984 64 104 …
1004 976 144 100 2d
1224 976 164 100 ed.
1532 976 272 100 New
1884 976 316 100 York
2280 1008 36 76 [
2316 984 196 92 etc.
2508 1008 32 76 ]
2636 968 788 108 McGraw-Hil
3428 976 36 96 l
3544 972 284 100 book
3904 1004 280 68 com-

340 1156 328 96 pany,
728 1124 240 128 inc.,
1036 1124 288 100 1930.

476 1288 56 64 x
544 1280 92 92 ii,
692 1280 48 76 2
752 1280 48 80 5
808 1280 52 80 5
912 1304 64 68 p
972 1308 24 44 .
1056 1280 32 76 i
1096 1300 60 56 n
1160 1280 80 80 cl
1252 1340 16 20 .
1324 1280 28 76 i
1360 1284 132 72 llu
1500 1300 100 72 s.,
1660 1284 324 88 tables,
2044 1280 344 92 diagrs.
2500 1280 564 88 21ͨͫ.
2860 1276 580 96 (Half-title:
3496 1276 692 84 International

340 1388 448 80 chemical
844 1388 344 92 series;
1244 1388 84 80 J.
1388 1388 104 80 F.
1544 1388 356 92 Norris,
1960 1388 532 92 consulting
2548 1388 352 92 editor)
3140 1384 252 96 $3.00

476 1520 452 80 Contains
992 1520 704 80 "References.

344 1644 100 92 ©
508 1652 100 76 M
608 1676 132 60 ar.
804 1660 52 72 2
860 1660 52 72 8
920 1720 16 28 ,
1000 1660 108 72 19
1112 1660 112 76 30
1252 1676 16 72 ;
1336 1660 96 72 2c
1448 1720 16 16 .
1528 1660 184 76 and
1772 1656 100 76 af
1848 1656 60 76 f
1916 1720 12 16 .
1992 1660 220 88 Apr.
2272 1660 104 88 1;
2440 1660 80 72 A
2580 1656 104 76 21
2692 1660 108 72 45
2804 1656 104 92 1;
2980 1656 604 80 McGraw-Hi
3592 1660 64 72 ll
3720 1660 52 76 b
3784 1676 108 56 oo
3896 1660 60 72 k
4020 1680 104 56 co
4136 1716 44 32 .,

472 1764 176 80 inc.
764 1804 24 60 [
816 1764 84 92 ©
956 1768 468 76 revisions
1472 1768 188 76 and
1720 1788 200 56 new
1976 1768 436 76 material]
2580 1764 484 96 (30-9448)
3788 1768 52 76 3
3848 1764 168 80 348

340 1976 268 124 Roe,
668 1976 384 120 Harry
1108 1976 440 104 Mason.

476 2128 396 132 Lanky
932 2128 468 100 Lawson
1468 2132 216 96 and
1748 2128 172 104 his
1984 2128 436 100 trained
2484 2128 376 128 zebra;
2932 2128 244 100 how
3240 2128 132 100 he
3436 2128 580 132 happened
4084 2140 112 88 to

344 2284 188 124 get
608 2276 184 104 the
872 2280 332 128 beast,
1288 2280 244 100 how
1616 2276 184 104 the
1880 2276 796 108 cantankerous
2764 2276 408 104 animal
3256 2276 636 132 performed
3976 2284 220 96 and

352 2428 296 100 what
716 2428 580 132 happened
1376 2440 116 88 at
1560 2428 188 100 the
1816 2436 404 124 county
2296 2428 256 128 fair,
2624 2428 148 132 by
2840 2428 384 136 Harry
3300 2428 392 100 Mason
3764 2432 228 100 Roe
4084 2428 72 112 …

344 2576 624 104 illustrated
1036 2576 144 132 by
1252 2576 372 104 David
1696 2576 628 132 Randolph.
2468 2576 272 100 New
2812 2576 348 132 York,
3232 2576 136 104 N.
3440 2576 176 132 Y.,
3688 2576 512 132 Newark,

344 2728 132 100 N.
528 2728 148 132 J.,
724 2728 344 100 Barse
1112 2728 88 96 &
1244 2760 156 68 co.
1460 2732 364 112 [ͨ1930]

472 2884 168 76 216
712 2900 84 72 p.
872 2880 32 76 i
908 2900 112 60 nc
1024 2884 32 72 l
1068 2944 16 16 .
1160 2884 332 88 plates.
1608 2880 288 80 front.
2012 2876 560 88 19½ͨͫ.
2428 2880 228 92 (His
2732 2880 328 96 Lanky
3140 2884 400 76 Lawson
3616 2880 340 92 series)

344 3000 96 92 ©
500 3020 236 72 Mar.
792 3016 132 92 17,
980 3016 44 76 1
1040 3016 104 76 93
1148 3016 60 76 0
1232 3036 20 68 ;
1312 3016 60 76 2
1368 3020 44 64 c
1428 3080 16 12 .
1500 3016 236 76 Mar.
1792 3016 160 84 19;
2012 3012 96 80 af
2092 3012 52 76 f
2152 3076 16 16 .
2228 3016 220 92 Apr.
2504 3016 100 88 1;
2668 3016 76 76 A
2800 3016 328 88 21528;
3196 3016 292 76 Barse
3548 3016 72 80 &
3680 3040 128 56 co.

488 3124 488 96 (30-9459)
3788 3124 236 84 3349

340 3336 452 120 Rosser,
856 3332 372 124 Angie
1292 3332 456 124 Ousley.

464 3480 352 104 Uncle
868 3476 268 132 Jim,
1184 3480 188 100 the
1420 3480 196 104 fire
1664 3480 332 104 chief.
2108 3480 320 132 (Rev.
2484 3480 220 136 ed.)
2812 3484 172 128 By
3036 3480 368 136 Angie
3460 3484 408 132 Ousley
3920 3484 272 100 Ros-

332 3636 200 96 ser.
672 3632 424 128 Dallas,
1160 3632 300 128 Tex.,
1532 3632 236 100 The
1840 3628 548 108 Southern
2464 3632 652 132 publishing
3184 3668 540 96 company
3808 3644 544 116 [ͨ1
3952 3640 192 96 930

472 3788 156 96 vii,
684 3788 168 80 207
904 3812 84 72 p.
1040 3788 32 80 i
1084 3812 60 52 n
1148 3792 84 76 cl
1240 3856 16 12 .
1308 3788 316 92 front.,
1684 3788 28 80 i
1720 3792 28 72 l
1752 3792 32 72 l
1796 3812 132 56 us.
1988 3788 264 96 (part
2304 3788 220 92 col.)
2652 3788 560 88 19ͨͫ.

340 3916 96 96 ©
500 3928 208 76 Feb.
772 3924 132 84 10,
964 3924 272 92 1930;
1296 3924 128 80 2c.
1484 3928 188 72 and
1728 3924 160 80 aff.
1948 3928 232 72 Mar.
2240 3924 48 76 3
2300 3924 100 92 1;
2464 3924 76 76 A
2596 3920 332 96 20697;
2996 3924 468 80 Southern
3524 3928 212 92 pub.
3796 3952 100 52 co
3908 3992 16 12 .
4028 3924 120 96 [©

476 4036 408 76 revision
940 4036 184 76 and
1180 4056 204 56 new
1436 4032 644 80 illustrations
2236 4032 488 96 (30-9440)
3768 4032 232 84 3350

340 4216 660 124 Roughead,
1060 4216 528 124 William,
1652 4216 260 104 1870
1916 4284 72 8 -

480 4372 232 96 The
768 4368 220 104 evil
1040 4368 248 104 that
1340 4404 244 68 men
1728 4368 136 136 do,
1872 4368 144 132 by
2068 4368 500 104 William
2624 4368 644 136 Roughead,
3328 4372 540 132 compiled
3928 4372 268 100 with

344 4552 140 68 an
544 4516 748 104 introduction
1352 4520 144 120 by
1556 4520 524 100 Edmund
2140 4520 488 100 Pearson
2692 4528 68 108 …
2960 4516 452 108 Garden
3472 4520 292 136 City,
3824 4520 136 104 N.
4028 4520 172 132 Y.,

344 4672 276 100 Pub.
700 4668 180 100 for
952 4672 184 100 the
1216 4668 364 104 Crime
1652 4664 280 132 club,
2008 4668 244 128 inc.,
2320 4672 144 132 by
2536 4668 108 100 D
2652 4704 60 64 o
2720 4668 144 104 ub
2868 4668 40 100 l
2912 4672 312 132 eday,
3300 4672 380 100 Doran
3756 4676 88 96 &
3916 4708 280 68 com-

336 4852 336 100 pany,
724 4820 244 132 inc.,
1024 4824 124 92 19
1156 4820 60 96 2
1224 4824 88 92 9.

464 4972 56 76 2
576 4992 60 56 v
644 5032 20 20 .
772 4972 56 76 2
832 4968 540 88 3½ͨͫ
1040 5032 16 16 .

464 5080 316 92 Paged
844 5080 684 88 continuously.

468 5216 312 76 "First
840 5212 440 84 edition."

464 5324 300 76 These
840 5324 112 76 14
1020 5344 324 72 essays
1420 5344 160 56 are
1656 5324 240 80 selec
1904 5328 36 72 t
1948 5324 104 76 ed
2132 5324 248 76 from
2456 5324 156 80 the
2692 5324 428 80 author's
3196 5328 192 76 The
3472 5324 300 80 riddle
3852 5328 100 76 of
4032 5332 156 76 the

332 5432 488 80 Ruthvens
904 5428 312 96 (1919)
1304 5432 180 76 and
1552 5432 372 80 Twelve
1996 5432 264 80 Scots
2324 5432 276 80 trials
2688 5432 316 92 (1913)
3136 5436 120 92 cf.
3328 5436 360 76 Introd.

464 5540 132 80 CO
604 5548 516 72 NTENTS.—
1120 5560 84 60 v.
1292 5536 80 84 1.
1452 5540 196 80 The
1728 5560 56 72 p
1784 5560 60 56 a
1852 5540 112 80 ck
2044 5540 100 80 of
2228 5540 156 80 the
2468 5540 508 92 travelling
3056 5548 516 72 merchant.
3708 5548 72 72 T
3788 5564 52 56 o
3844 5548 348 88 uching

328 5668 172 60 one
556 5648 312 92 Major
916 5648 284 92 Weir,
1256 5672 56 56 a
1368 5648 436 80 warlock.
1912 5648 196 80 The
2164 5652 324 76 ordeal
2540 5648 104 80 of
2696 5648 212 80 Phil
2908 5648 32 76 i
2952 5672 60 72 p
3064 5648 240 80 Stan
3308 5648 60 80 fi
3376 5656 176 72 eld.
3664 5652 192 76 The
3916 5656 272 88 ghost

328 5756 108 80 of
496 5756 452 92 Sergeant
1008 5756 380 80 Davies.
1508 5756 536 80 Katharine
2104 5756 304 80 Nairn
2468 5756 288 80 Keith
2828 5756 100 80 of
2992 5756 304 80 North
3304 5756 56 76 fi
3368 5760 180 76 eld.
3672 5756 516 96 "Antique"

332 5864 540 80 Smith.-v.
916 5864 84 80 2.
1048 5864 96 80 M
1152 5888 40 56 a
1212 5864 364 80 ckcoull
1620 5868 184 76 and
1852 5868 156 76 the
2060 5864 344 92 Begbie
2452 5868 440 88 mystery.
3000 5864 248 80 "The
3296 5864 224 80 wife
3568 5864 76 80 o'
3692 5864 496 84 Denside."

328 5972 584 96 Concerning
980 5972 484 80 Christina
1540 5972 448 80 Gilmour.
2116 5976 196 76 The
2392 5972 128 80 St.
2600 5972 356 96 Fergus
3032 5972 308 80 affair.
3472 5976 196 76 The
3740 5980 188 72 law
4004 5980 184 72 and

328 6080 228 80 Mrs.
616 6084 528 76 Yelverton.
1264 6084 192 76 The
1520 6080 432 80 Dunecht
2020 6084 444 88 mystery.
2580 6084 196 76 The
2840 6080 312 80 Arran
3220 6088 408 76 murder.

340 6208 96 92 ©
500 6220 84 76 N
592 6240 136 56 ov.
788 6220 76 92 8,
928 6220 268 92 1929;
1264 6220 128 80 2c.
1456 6220 228 76 each
1748 6220 184 76 and
1996 6220 156 76 aff.
2216 6220 100 72 M
2320 6236 132 60 ar.
2516 6220 132 88 21,
2716 6216 272 92 1930;
3056 6220 76 76 A
3196 6220 332 88 21325;
3596 6220 576 88 Doubleday,

472 6324 324 80 Doran
856 6332 68 80 &
984 6352 160 68 co.,
1208 6328 176 76 inc.
1508 6312 52 76 [
1548 6316 88 88 ©
1704 6328 640 76 introduction
2408 6328 184 76 and
2656 6324 504 96 compiling
3224 6328 116 92 by
3408 6328 428 76 Edmund
3904 6324 276 80 Pear-

464 6456 196 76 son]
796 6436 484 92 (30-9405)
3780 6428 232 88 3351

332 6616 548 124 Rufener,
932 6616 352 100 Louis
1332 6616 500 124 August.

468 6768 620 112 Principles
1144 6768 124 104 of
1320 6772 632 120 economics,
2008 6772 148 120 by
2208 6768 120 100 L.
2392 6768 136 104 A.
2584 6768 496 104 Rufener
3160 6776 64 104 …
3416 6772 444 124 Boston,
3920 6772 96 96 N
4028 6800 152 68 ew

340 6916 312 100 York
720 6920 260 104 [etc.]
1052 6916 616 132 Houghton
1724 6916 236 100 Mif
1932 6916 64 100 f
1932 6916 64 100 l
2008 6916 112 104 in
2176 6952 544 100 company
2788 6980 24 68 [
2848 6916 24 88 ͨ
2864 6924 128 92 19
2996 6912 188 120 30]

456 7068 60 72 x
524 7068 32 76 i
560 7092 64 56 x
632 7132 20 28 ,
700 7068 164 80 842
916 7088 84 72 p.
1108 7068 340 92 diagrs.
1556 7068 560 84 22½ͨͫ.

464 7200 672 80 "References"
1188 7208 100 72 at
1340 7208 180 72 end
1568 7204 104 76 of
1716 7208 244 72 most
2008 7204 104 76 of
2164 7208 156 72 the
2372 7204 464 92 chapters.

340 7328 96 96 ©
504 7340 100 76 M
604 7360 136 56 ar.
808 7340 132 88 12,
1004 7336 268 84 1930:
1340 7340 132 76 2c.
1540 7340 240 76 Mar.
1840 7340 160 88 29;
2072 7340 112 76 af
2160 7340 40 76 f
2216 7400 16 20 .
2300 7340 236 76 Mar.
2600 7340 160 88 27;
2836 7340 80 76 A
2976 7340 332 92 21423;
3380 7340 96 80 L.
3544 7340 108 80 A.
3720 7336 444 96 Rufener,

472 7448 668 84 Morgantown,
1204 7448 136 80 W.
1400 7448 164 76 Va.
1684 7488 16 56 [
1716 7428 96 92 ©
1876 7468 204 60 new
2136 7448 440 76 editorial
2632 7448 532 92 equipment]

480 7556 212 92 (30-
684 7548 60 76 9
744 7556 220 92 413)
3772 7552 240 84 3352
