4752 8320
372 620 700 120 Borgstrom,
1136 616 1136 120 Parry-Continued

372 772 104 80 19
480 776 48 76 0
532 776 80 92 7,
672 772 480 88 inclusive,
1212 772 184 76 and
1456 768 100 76 of
1620 764 468 80 Chemical
2152 764 464 76 abstracts
2676 764 148 76 for
2892 764 152 76 the
3112 760 316 96 period
3492 760 220 76 1907
3776 764 36 72 t
3820 784 48 52 o
3932 760 36 76 1
3988 760 188 92 929,

368 876 732 96 inclusive."-p.
1164 880 68 72 1.

504 992 64 76 C
576 1004 48 60 O
636 984 644 92 NTENTs.-pt.
1348 996 56 64 i.
1472 980 816 92 Literature.-pt.
2400 996 56 64 I.
2520 980 80 76 U
2612 1040 12 16 .
2700 980 56 76 S
2768 1040 16 12 .
2848 980 400 92 patents.

376 1120 96 92 ©
540 1124 196 80 Oct.
800 1124 132 84 21,
1004 1120 268 92 1930;
1340 1120 128 76 2c.
1536 1120 228 76 Nov.
1832 1120 100 88 8;
2004 1116 156 80 aff.
2228 1116 224 76 Nov.
2520 1112 160 92 21;
2752 1116 80 76 A
2896 1112 328 92 31230;
3296 1112 304 80 Amer.
3668 1112 512 92 petroleum

496 1232 460 80 institute.
1092 1228 536 96 (30-31807)
3720 1216 284 80 12916

360 1412 92 96 B
460 1412 372 120 randt,
888 1412 384 116 Harry
1324 1408 460 124 Alonzo,
1840 1420 316 92 1885-

492 1556 224 96 The
780 1564 504 120 conquest
1344 1552 120 100 of
1524 1588 352 96 peace,
1932 1552 144 136 by
2136 1552 116 100 H
2260 1588 56 64 a
2324 1588 188 100 rry
2576 1548 136 104 A.
2780 1548 432 100 Brandt
3304 1560 68 108 …
3536 1548 92 96 E
3636 1548 40 100 l
3684 1544 220 132 gin,
3972 1552 60 88 T
4004 1552 172 108 I!.,

360 1708 228 96 The
644 1700 340 132 Elgin
1040 1736 332 100 press,
1436 1708 284 96 1930.

492 1856 168 80 156
720 1876 80 72 p.
920 1856 100 76 ill
1032 1876 56 56 u
1096 1876 68 60 s.
1220 1856 252 92 (incl.
1540 1852 264 96 map)
1936 1856 48 72 2
1992 1852 52 80 0
2048 1856 80 44 em

372 1968 96 96 ©
516 1976 84 72 N
604 1992 48 56 o
664 1996 80 56 v.
796 1972 128 92 12,
972 1968 116 80 19
1088 1972 112 76 30
1228 1988 20 72 ;
1300 1972 48 72 2
1356 1992 48 56 c
1416 2036 12 12 .
1480 1988 52 56 a
1540 1972 120 76 nd
1712 1988 52 56 a
1772 1968 32 76 f
1808 1968 60 80 f.
1920 1972 228 76 Nov.
2200 1964 156 92 15;
2408 1964 84 76 A
2536 1964 224 80 3064
2768 1964 44 76 5
2848 1984 20 72 ;
2928 1964 272 92 Elgin
3248 1984 288 72 press.

516 2080 96 96 (3
616 2080 56 76 0
676 2128 48 4 -
728 2080 48 80 3
788 2080 264 92 1795)
3720 2068 108 80 12
3832 2068 52 84 9
3896 2068 108 84 17

360 2260 508 124 Brieger,
932 2256 620 124 Friedrich,
1628 2272 112 92 19
1752 2272 128 88 00
1884 2324 68 12 -

500 2408 880 108 Selbststerilitt
1432 2416 224 96 und
1708 2408 1140 132 kreuzungssterilitiit
2904 2408 148 96 im
3104 2404 800 132 pflanzenreich
3964 2428 208 76 un-i

360 2560 504 104 tierreich
912 2572 60 104 …
1192 2560 416 124 Berlin,
1668 2560 108 100 J.
1844 2560 572 132 Springer,
2480 2560 288 96 1930.

492 2740 60 52 x
560 2716 32 76 i
600 2780 16 28 ,
712 2716 184 80 395,
1004 2716 72 80 [1
1072 2716 28 68 ]
1208 2736 64 72 p
1276 2780 12 12 .
1404 2716 104 76 ill
1520 2736 56 56 u
1584 2736 96 72 s.,
1776 2716 348 92 diagrs.
2240 2712 960 92 21½ͨͫ.
2656 2712 368 92 (Added
3124 2716 36 72 t
3180 2728 36 44 -
3228 2732 56 72 p
3292 2732 64 56 .:
3452 2708 100 76 M
3556 2728 48 60 o
3612 2728 60 52 n
3676 2728 48 60 o
3732 2728 164 72 gra
3908 2728 60 72 p
3968 2708 216 72 hien

360 2848 56 52 a
424 2848 108 52 us
588 2828 196 72 dem
840 2824 660 96 gesamtgebiet
1556 2828 160 72 der
1768 2824 576 92 physiologie
2396 2824 168 76 der
2612 2820 96 92 pf
2712 2820 24 76 l
2744 2840 296 56 anzen
3088 2832 60 60 u
3152 2824 128 72 nd
3332 2824 168 72 der
3552 2816 232 80 tiere
3848 2820 56 88 …
4052 2816 128 76 21.

360 2936 196 92 bd.)

372 3036 92 96 ©
528 3044 96 76 M
628 3064 116 72 ay
800 3044 48 76 3
856 3040 52 80 0
916 3104 16 32 ,
992 3040 104 76 19
1104 3040 112 80 30
1244 3064 16 68 ;
1324 3060 128 68 it.
1508 3044 232 84 Aug.
1796 3040 160 92 26;
2024 3040 588 88 A-Foreign
2672 3040 272 88 9417;
3012 3040 312 76 Julius
3388 3032 468 96 Springer.

3720 3140 284 84 12918

356 3252 444 124 Brown,
864 3252 496 124 Stephen
1428 3252 384 100 James
1872 3252 608 120 Meredith,
2548 3260 328 96 1881-
3324 3284 52 68 c
3384 3284 56 64 o
3448 3288 112 64 m
3564 3284 104 96 p.

488 3400 404 104 Novels
956 3404 204 100 and
1236 3400 268 104 tales
1568 3404 144 128 by
1780 3400 504 108 Catholic
2348 3400 456 132 writers,
2872 3400 540 132 compiled
3476 3400 144 120 by
3696 3400 480 124 Stephen

356 3556 104 100 J.
548 3556 400 100 Brown
1008 3564 64 104 …
1300 3548 588 104 American
1968 3548 204 132 ed.,
2248 3584 216 68 rev.
2544 3548 144 132 by
2768 3548 428 104 Walter
3276 3548 436 128 Romig,
3792 3548 160 104 ed.
4032 3548 144 128 by

356 3704 296 96 Fran
664 3736 52 64 c
720 3700 92 100 is
884 3700 144 108 X.
1100 3700 280 104 Talb
1388 3740 60 60 o
1456 3712 44 88 t
1584 3708 64 104 …
1844 3700 264 100 New
2180 3700 344 132 York,
2596 3700 228 100 The
2896 3696 508 104 America
3476 3732 332 96 press,
3888 3704 284 96 1930.

488 3856 192 92 viii,
740 3856 108 76 12
856 3856 48 76 5
960 3876 84 72 p.
1164 3856 220 76 19-.

492 3964 432 76 Includes
992 3968 124 72 all
1184 3964 340 92 fiction,
1596 3964 396 92 original
2060 3984 104 56 or
2232 3964 548 92 translated,
2848 3964 96 72 in
3012 3964 156 76 the
3236 3960 392 92 English
3692 3964 484 88 language,

360 4072 112 92 by
540 4068 420 84 Catholic
1028 4072 392 92 writers,
1488 4072 464 88 arranged
2016 4068 728 96 alphabetically
2800 4072 120 88 by
2984 4072 368 76 author.
3468 4072 116 92 cf.
3652 4072 524 76 Foreword.

492 4180 252 80 First
800 4180 376 92 edition,
1228 4180 244 92 1927,
1528 4184 172 72 has
1752 4180 232 92 title,
2044 4180 448 88 "Catalog
2540 4180 100 76 of
2688 4200 60 56 n
2756 4200 44 56 o
2812 4180 196 76 vels
3060 4184 184 72 and
3292 4180 240 76 tales
3584 4180 116 88 by
3756 4180 416 76 Catholic

360 4284 452 84 writers".
932 4288 228 76 This
1232 4288 496 80 American
1796 4288 356 76 edition
2224 4288 84 76 is
2380 4308 52 56 a
2508 4288 408 76 revision
2992 4288 100 76 of
3168 4292 156 72 the
3396 4288 328 76 fourth
3800 4288 376 92 edition,

360 4396 156 76 the
568 4416 320 60 names
948 4400 100 76 of
1104 4396 496 80 American
1660 4396 528 92 publishers
2252 4400 184 72 and
2500 4400 324 88 agents
2884 4392 352 96 having
3292 4400 224 72 been
3580 4392 596 96 substituted,

356 4508 480 76 wherever
884 4504 428 92 possible,
1368 4508 152 76 for
1576 4508 268 76 those
1900 4508 100 76 of
2056 4504 252 76 Irish
2368 4508 184 72 and
2608 4504 364 80 British
3028 4508 556 92 publishers,
3640 4504 120 92 by
3820 4508 108 72 W
3940 4508 88 72 al
4036 4512 140 68 ter

360 4616 76 72 R
444 4636 52 56 o
500 4616 192 88 mig
752 4616 180 76 and
1004 4616 96 76 C.
1160 4616 108 76 A.
1336 4616 84 76 S.
1492 4612 448 92 Fazakas,
2008 4612 228 76 each
2300 4612 560 92 completing
2920 4632 56 56 a
3044 4616 360 76 revised
3472 4616 188 84 list,
3732 4616 156 76 the
3956 4616 220 72 final

360 4724 548 92 rechecking
952 4724 272 88 being
1272 4724 232 76 done
1552 4724 120 88 by
1724 4724 172 76 Mr.
1948 4724 356 88 Romig.
2428 4728 48 60 c
2480 4724 64 92 f.
2600 4720 248 80 Pref.

368 4824 96 92 ©
524 4836 224 72 Nov.
808 4832 128 96 22,
996 4832 164 80 193
1168 4840 56 68 0
1252 4856 16 68 ;
1332 4832 128 76 2c.
1524 4836 180 72 and
1764 4832 156 76 aff.
1980 4832 232 80 Nov.
2268 4832 52 72 2
2328 4832 44 76 5
2408 4852 20 68 ;
2492 4832 80 76 A
2628 4832 48 76 3
2684 4840 60 68 0
2744 4832 212 88 828;
3024 4832 420 76 America
3512 4852 284 72 press.

508 4940 544 96 (30-31809)
3716 4936 288 84 12919

360 5124 512 120 Carfrae,
944 5120 628 112 Elizabeth.

484 5268 232 104 The
808 5268 272 104 bone
1172 5268 128 104 of
1392 5268 652 132 contention,
2136 5272 144 132 by
2372 5268 580 104 Elizabeth
3048 5268 496 108 Carfrae.
3688 5272 496 124 London,

356 5420 156 100 Mi
524 5420 40 96 l
568 5420 92 104 ls
716 5424 88 96 &
856 5420 344 132 Boon,
1256 5420 40 100 l
1304 5420 380 104 imited
1752 5460 36 72 1
1788 5424 124 96 19
1920 5424 128 96 30
2036 5460 40 72 1

484 5576 56 76 2
544 5580 104 76 51
704 5600 84 72 p.
904 5576 108 80 19
1020 5580 44 92 1
1068 5584 32 40 °
1164 5640 16 16 .

368 5680 96 96 ©
512 5704 128 68 it.
688 5688 224 80 Nov.
960 5688 132 92 21,
1144 5688 268 92 1930;
1468 5688 76 76 A
1588 5688 120 76 ad
1760 5688 96 76 in
1864 5696 36 72 t
1908 5752 16 16 .
1976 5684 324 96 14449;
2356 5688 272 92 pubd.
2688 5688 244 92 Sept.
2980 5688 160 92 26;
3200 5688 484 80 Elizabeth
3736 5688 444 92 Cradock,

496 5796 620 96 Charlemont,
1180 5800 276 76 Mass.
1596 5796 260 96 (30-3
1860 5800 56 76 3
1920 5796 212 96 136)
3720 5796 284 80 12920

364 5980 508 124 Carneal,
940 5980 648 124 Georgette.

492 6132 108 100 A
664 6164 592 96 conqueror
1320 6132 124 104 of
1504 6168 368 96 space;
1952 6168 136 68 an
2156 6132 636 104 authorized
2856 6132 624 136 biography
3548 6136 124 100 of
3736 6136 180 100 the
3984 6132 200 104 life

364 6284 212 100 and
624 6280 304 104 work
968 6284 124 100 of
1136 6284 212 100 Lee
1392 6284 164 100 De
1600 6284 416 108 Forest,
2060 6284 140 108 by
2252 6284 580 120 Georgette
2884 6284 496 104 Carneal.
3528 6284 264 100 New
3844 6288 340 120 York,

360 6428 120 100 H
488 6512 16 16 .
568 6428 612 132 Liveright.
1248 6436 120 96 19
1380 6440 52 88 3
1444 6440 88 92 0.

496 6584 52 72 5
600 6604 60 72 p
664 6648 16 16 .
736 6588 84 80 1.,
872 6584 48 76 3
924 6584 228 76 -296
1204 6608 80 72 p.
1396 6588 288 76 front.
1740 6584 328 96 (port.)
2200 6584 220 80 21C'.

368 6684 96 92 ©
536 6696 224 80 Nov.
828 6696 48 72 1
888 6696 72 92 5,
1032 6692 268 76 1930;
1376 6692 48 76 2
1428 6704 76 72 c.
1576 6696 80 72 D
1664 6716 124 60 ec.
1860 6696 48 72 3
1932 6704 28 68 :
2036 6696 100 80 af
2136 6696 36 72 f
2180 6760 16 16 .
2264 6696 84 72 D
2356 6720 48 56 e
2408 6716 72 60 c.
2552 6700 48 76 1
2636 6716 16 60 :
2732 6696 72 76 A
2872 6696 328 80 32018:
3284 6696 72 76 G
3368 6756 12 16 .
3460 6696 248 80 Carn
3704 6704 116 72 ea
3816 6696 32 76 l
3868 6760 12 20 ,
3956 6700 228 72 New

496 6804 276 76 York.
3720 6804 284 80 12921

360 6984 508 120 Century
932 6984 284 124 club,
1284 6992 212 100 Chi
1504 7028 292 92 cago.

492 7128 224 104 The
776 7164 488 72 common
1324 7172 296 64 sense
1684 7136 124 100 of
1860 7136 472 132 keeping
2388 7136 296 120 well;
2752 7148 180 92 ten
2992 7140 408 100 lessons
3456 7140 148 128 by
3660 7136 184 100 the
3908 7136 268 104 Cen-

360 7284 252 124 tury
664 7280 280 128 club,
996 7280 196 104 Dr.
1248 7280 352 108 Lewis
1660 7284 124 104 B.
1844 7284 304 104 Hall,
2212 7272 84 116 B.
2360 7320 48 68 S
2416 7272 128 140 C.,
2600 7284 656 132 supervisor.
3384 7284 520 132 Chicago,
3960 7284 216 108 Ill.,

360 7428 288 96 1930.

2136 7588 260 96 2003
