4752 8320
616 684 556 120 Verkade,
1236 680 680 128 Willibrord,
1984 692 328 96 1868-

752 832 668 132 Yesterdays
1476 832 124 100 of
1656 868 136 64 an
1852 832 740 132 artist-monk,
2648 828 148 136 by
2848 832 288 100 Dom
3196 832 232 104 Wil
3432 832 40 100 l
3480 832 376 104 ibrord
3916 832 532 108 Verkade.

620 1016 88 68 o.
760 1016 48 68 S
820 1064 20 20 .
888 1020 152 92 B.;
1096 980 604 104 translated
1760 980 292 104 from
2100 984 184 100 the
2332 980 480 132 original
2868 980 484 108 German
3404 980 144 136 by
3596 984 308 104 John
3952 984 124 100 L.
4136 980 320 108 Stod-

616 1136 312 100 dard.
1072 1132 268 100 New
1408 1132 344 132 York,
1824 1132 124 100 P.
2016 1132 108 104 J.
2196 1132 468 132 Kenedy
2724 1132 92 100 &
2880 1164 248 68 sons
3212 1144 56 104 (
3292 1136 260 96 1930
3556 1192 28 68 1

744 1316 80 68 v,
884 1292 160 80 304
1112 1312 80 72 p.
1312 1288 288 80 front.
1652 1292 332 92 (port.)
2116 1292 48 72 2
2176 1288 540 88 0½ͨͫ.

648 1416 64 92 3
772 1432 240 88 Sept.
1060 1428 132 92 22,
1240 1424 272 92 1930;
1564 1424 132 84 2c.
1740 1432 180 72 and
1972 1424 156 80 aff.
2184 1428 192 76 Oct.
2424 1428 48 76 3
2484 1428 100 88 1;
2636 1424 160 80 aff.
2844 1424 220 80 Nov.
3120 1424 100 92 1;
3276 1428 80 76 A
3404 1424 328 92 30292;
3784 1428 100 80 P.
3936 1428 84 80 J.
4068 1428 384 92 Kenedy

744 1540 68 76 &
872 1560 40 60 s
920 1560 48 56 o
980 1560 132 56 ns.
1248 1536 540 92 (30-3011()
3988 1532 280 84 12201

608 1720 556 124 Virginia.
1308 1724 84 96 L
1408 1756 60 64 a
1464 1744 156 76 ws
1640 1808 20 44 ,
1716 1732 492 112 statutes,
2264 1736 196 88 etc.

740 1872 228 100 The
1040 1872 292 104 Code
1396 1868 124 104 of
1580 1868 520 132 Virginia
2172 1904 112 64 as
2352 1872 528 100 amended
2948 1880 108 96 to
3128 1868 140 104 ad
3276 1868 108 132 jo
3396 1880 508 92 urnment
3976 1904 60 68 o
4044 1868 56 104 f
4160 1872 284 104 Gen-

604 2020 220 100 eral
916 2020 536 132 assembly
1540 2024 292 120 1930,
1916 2024 500 128 together
2504 2020 268 100 with
2860 2020 148 100 all
3092 2020 312 100 other
3488 2020 440 132 general
4016 2032 228 88 acts
4336 2020 108 100 in

608 2168 292 104 force
984 2168 276 136 July
1344 2176 192 108 1st,
1624 2176 120 96 19
1752 2176 132 92 30
1892 2252 20 32 ,
1996 2168 268 104 with
2344 2168 184 104 the
2612 2168 708 104 Declaration
3404 2168 124 100 of
3604 2168 844 132 independence,

604 2320 176 100 the
844 2320 748 108 Constitution
1652 2320 124 100 of
1828 2320 180 100 the
2068 2320 108 100 U
2180 2320 300 100 nited
2548 2320 396 128 States,
3000 2320 180 100 the
3236 2320 716 100 constitution
4012 2316 124 104 of
4188 2320 256 104 Vir-

600 2468 336 132 ginia,
1004 2472 184 100 the
1256 2472 240 100 Tax
1564 2468 292 132 code,
1924 2468 532 128 complete
2528 2464 756 108 annotations:
3356 2468 540 132 compiled
3972 2468 216 104 and
4260 2504 168 68 an-

600 2620 440 100 notated
1124 2620 140 132 by
1344 2620 180 100 the
1604 2620 512 100 editorial
2196 2620 260 100 staff
2532 2616 140 112 of.
2732 2620 180 100 the
2992 2616 408 104 Michie
3480 2652 540 100 company
4100 2620 344 100 under

600 2768 180 104 the
868 2768 684 132 supervision
1640 2768 124 100 of
1848 2768 136 104 A.
2076 2772 112 100 H
2188 2784 56 76 e
2260 2804 296 64 wson
2640 2768 444 108 Michie,
3176 2768 464 104 indexed
3732 2768 140 132 by
3968 2772 476 100 Thomas

596 2920 504 104 Johnson
1176 2916 436 104 Michie.
1760 2916 928 136 Charlottesville,
2768 2920 236 128 Va.,
3080 2920 232 100 The
3392 2916 404 104 Michie
3872 2956 572 96 company,

604 3076 280 92 1930.

736 3244 60 60 x
800 3224 168 92 liii,
1020 3224 220 80 2477
1296 3244 80 72 p.
1492 3220 272 96 2611-.

616 3352 72 80 7
760 3360 164 76 Oct
936 3424 16 16 .
996 3360 52 80 3
1056 3360 76 88 1,
1192 3364 28 72 1
1240 3356 56 76 9
1300 3364 48 72 3
1356 3360 52 72 0
1444 3380 12 56 :
1508 3364 52 72 2
1564 3356 44 64 c
1624 3424 16 16 .
1696 3364 176 72 and
1932 3380 44 56 a
1992 3360 96 80 ff.
2136 3364 80 72 N
2224 3380 48 56 o
2284 3380 76 60 v.
2412 3364 52 68 3
2500 3380 16 68 ;
2576 3360 76 76 A
2696 3356 52 80 2
2756 3356 52 76 9
2812 3360 48 76 7
2868 3356 56 64 0
2920 3356 60 80 9
3012 3380 16 68 ;
3092 3360 28 44 '
3100 3356 100 80 M
3228 3384 44 52 c
3280 3356 92 80 hi
3384 3380 44 56 e
3480 3380 48 56 c
3532 3380 48 56 o
3592 3420 16 16 .

760 3476 20 80 (
800 3476 52 72 3
860 3472 280 76 0-300
1144 3468 48 72 4
1176 3468 44 72 1
3988 3464 284 84 12202

612 3652 524 124 Walpole,
1196 3652 384 124 Hugh,
1648 3664 328 96 1884-

784 3812 68 104 …
920 3800 148 96 Le
1132 3800 372 100 cheval
1572 3800 128 100 de
1764 3800 268 128 bois,
2092 3796 424 108 traduit
2580 3800 128 100 de
2772 3804 40 92 l
2820 3796 464 136 'anglais
3352 3836 200 96 par
3616 3800 124 100 L.
3816 3800 124 100 A.
4016 3796 428 104 Delieu-

596 3964 260 88 traz.
1000 4016 24 68 [
1036 3948 320 104 Paris
1368 4016 24 64 ]
1456 3952 124 96 H
1588 3952 416 100 achette
2076 3956 332 128 119301

728 4104 164 76 254
948 4124 84 72 p.
1148 4104 220 80 19".
1508 4104 220 92 (Les
1780 4104 480 76 meilleurs
2320 4124 368 60 romans
2748 4124 20 56 (
2800 4108 480 88 trangers)

628 4268 48 48 c
668 4260 32 72 )
760 4248 184 76 Feb
940 4280 20 48 .
1024 4248 76 84 5,
1152 4248 36 72 1
1204 4248 172 76 930
1388 4260 24 68 :
1480 4248 28 72 l
1524 4264 48 60 c
1576 4280 24 48 .
1660 4248 220 88 July
1932 4248 100 84 7;
2092 4252 76 72 A
2300 4248 64 72 F
2368 4260 56 64 o
2428 4268 48 52 r
2472 4260 52 64 e
2536 4244 28 76 i
2572 4264 116 68 gn
2744 4244 268 92 8166;
3072 4244 68 76 L
3148 4244 388 80 ibrairie
3588 4244 496 80 Hachette.

752 4356 328 92 (30-30
1080 4356 48 76 3
1136 4356 156 92 44)
3980 4352 288 84 12203

596 4544 588 120 Waxman,
1244 4544 428 120 Meyer,
1732 4548 320 96 1884-

728 4688 104 100 A
896 4688 428 132 history
1392 4688 124 100 of
1580 4688 412 104 Jewish
2068 4688 572 100 literature
2712 4688 292 100 from
3068 4688 188 100 the
3324 4688 276 100 close
3676 4688 124 100 of
3868 4688 184 100 the
4124 4688 320 100 Bible

600 4860 32 84 t
652 4876 60 68 o
788 4880 200 64 our
1064 4880 240 64 own
1384 4844 60 100 d
1464 4880 48 64 a
1528 4880 72 92 y
1608 4880 44 60 s
1668 4924 20 32 ,
1764 4844 144 132 by
1988 4844 184 96 Me
2176 4880 192 92 yer
2440 4840 544 104 Waxman
3072 4860 76 104 …
3344 4880 64 60 v
3420 4920 12 20 .
3524 4848 84 92 1.
3756 4840 264 104 New
4100 4840 348 136 York,

604 4992 332 104 Bloch
1008 4992 644 132 publishing
1712 5028 188 68 co..
1968 4996 284 100 1930.

732 5148 156 76 xvi
944 5168 108 72 p.,
1112 5152 28 68 1
1208 5140 32 76 1
1248 5208 40 32 .,
1344 5148 52 72 5
1400 5140 48 76 0
1460 5148 36 76 1
1564 5168 80 72 p.
1760 5168 60 72 p
1824 5148 24 72 l
1864 5208 44 32 .,
1964 5148 332 80 double
2348 5164 240 76 map,
2640 5144 420 84 facsims.
3176 5140 220 88 230".

728 5256 472 80 "Selected
1256 5252 760 96 bibliography":
2080 5256 172 76 vol.
2316 5240 52 80 s.
2432 5276 88 72 p.
2576 5252 420 88 470-476.

604 5384 96 100 o
760 5388 196 84 Oct.
1012 5392 132 92 24,
1204 5388 272 80 1930:
1540 5392 124 76 2c.
1728 5392 196 76 Oct.
1980 5392 160 92 28;
2204 5388 156 80 aff.
2420 5392 200 80 Oct.
2676 5392 52 76 2
2736 5384 52 80 0
2820 5412 16 72 ;
2896 5388 84 80 A
3036 5392 48 76 2
3092 5388 168 80 966
3260 5388 104 92 2;
3428 5392 76 76 B
3512 5392 204 76 loch
3780 5396 212 88 pub.
4052 5412 156 72 co.,
4268 5388 176 80 inc.

752 5504 536 88 (30-300161
3980 5500 224 80 1220
4220 5496 48 80 4

600 5684 556 124 Wensley,
1212 5684 608 104 Frederick
1872 5684 440 108 Porter.

728 5840 512 132 Wensley
1360 5840 412 100 reveals
1888 5840 184 96 the
2188 5836 348 132 flying
2652 5872 256 92 squa
2920 5840 64 92 d
3112 5832 112 104 in
3344 5836 392 104 action.
3880 5840 120 96 H
4004 5876 60 60 o
4064 5864 104 68 w
4288 5876 156 64 we

592 5992 472 128 trapped
1128 5988 296 104 "The
1492 5988 240 132 spid
1748 6028 48 60 e
1808 5988 148 100 r".

752 6128 144 92 (Is
964 6136 388 84 London
1408 6136 388 100 Sunday
1856 6164 428 72 express,
2340 6136 236 100 Oct.,
2636 6140 140 96 19,
2836 6136 280 100 1930)

620 6248 80 84 7
772 6256 44 72 1
816 6268 80 68 c.
968 6252 216 80 Dec.
1252 6252 132 80 16.
1456 6248 268 84 1930:
1804 6252 76 76 A
1952 6252 116 80 ad
2140 6252 164 80 int.
2372 6248 332 96 14569;
2776 6252 276 92 pubd.
3128 6252 196 80 Oct.
3400 6252 160 92 19;
3636 6252 100 80 F.
3808 6252 100 80 P.
3980 6256 460 92 Wensley,

732 6364 408 76 London.
3976 6360 284 80 12205

596 6540 292 128 Why
936 6548 60 96 I
1044 6584 172 64 am
1272 6548 212 100 and
1540 6548 244 132 why
1840 6548 56 96 I
1948 6584 176 64 am
2172 6560 196 88 not
2416 6588 60 60 a
2528 6548 540 132 Catholic,
3116 6548 144 132 by
3308 6548 440 100 Hilaire
3800 6544 372 104 Belloc
4224 6548 212 100 and

720 6696 396 96 others.
1264 6692 264 100 New
1608 6692 348 128 York,
2032 6692 232 104 The
2344 6692 452 100 Macmil
2804 6692 32 100 l
2848 6732 140 60 an
3068 6728 572 100 company,
3724 6696 292 96 1930.

720 6848 164 76 246
952 6864 80 72 p.
1152 6848 104 72 19
1268 6848 112 96 1-
1412 6912 56 32 ..

724 6956 228 76 Part
1024 6964 28 60 i
1068 7016 12 16 .
1160 6956 244 88 Why
1480 6956 40 72 I
1596 6976 148 56 am
1824 6976 48 56 a
1952 6956 452 84 Catholic,
2488 6956 428 76 contains
2992 6956 380 76 articles
3452 6956 116 92 by
3648 6956 368 76 Hilaire
4092 6956 340 88 Belloc,

592 7064 576 88 Archbishop
1236 7064 72 72 G
1320 7064 340 84 oodier,
1728 7064 360 76 Father
2152 7064 84 76 R
2244 7124 16 16 .
2332 7064 304 84 Knox,
2708 7064 484 76 Reverend
3268 7064 96 76 C.
3440 7064 96 76 C.
3604 7064 572 76 Martindale
4248 7068 180 72 and

592 7168 304 80 Sheila
960 7172 208 88 Kay
1176 7192 48 56 e
1236 7168 388 88 -Smith;
1688 7176 216 84 part
1960 7192 72 56 n
2044 7236 16 32 ,
2124 7172 240 88 Why
2420 7172 44 72 I
2520 7188 152 60 am
2732 7176 164 72 not
2952 7192 52 56 a
3064 7172 452 88 Catholic,
3576 7172 124 96 by
3752 7172 480 76 Reverend
4296 7172 132 76 W.

588 7276 448 92 Orchard,
1088 7280 468 88 Principal
1616 7280 80 76 J.
1752 7280 140 76 W.
1944 7276 316 80 Oman.
2324 7280 496 76 Professor
2868 7280 100 72 A.
3028 7276 72 76 E
3112 7344 16 12 .
3184 7280 372 88 Taylor,
3612 7280 496 76 Professor
4160 7268 108 76 H.
4332 7280 96 72 L.

588 7372 76 80 G
668 7388 296 88 oudge
1020 7408 44 52 a
1084 7388 116 76 nd
1260 7388 160 76 the
1472 7388 240 76 Lord
1772 7388 352 88 Bishop
2184 7388 100 76 of
2336 7384 568 80 Gloucester.

596 7468 92 88 ©
752 7496 196 76 Oct.
996 7500 48 72 2
1048 7488 52 76 8
1112 7560 16 20 ,
1180 7496 108 76 19
1292 7500 48 72 3
1348 7496 104 80 0:
1504 7500 48 72 2
1564 7520 72 56 c.
1688 7520 44 52 a
1748 7500 120 72 nd
1920 7520 48 52 a
1980 7496 96 80 ff.
2132 7500 196 76 Oct.
2380 7496 160 80 29:
2596 7496 80 76 A
2724 7492 284 80 29646
3036 7516 16 64 ;
3112 7500 304 76 Macm
3428 7496 28 76 i
3464 7500 28 72 l
3496 7500 84 76 la
3596 7520 60 52 n
3708 7520 48 56 c
3760 7520 56 56 o
3820 7556 16 20 .

752 7604 320 96 (30-30
1076 7600 168 80 006
3968 7604 288 80 12206

2384 7716 256 96 1888
