4752 8320
604 688 280 100 New
944 688 308 100 York
1336 688 368 136 (City)
1872 688 552 100 Charters.

796 840 68 112 …
932 844 232 96 The
1224 840 436 104 charter
1720 840 124 100 of
1904 840 184 100 the
2152 840 220 132 city
2436 840 120 100 of
2624 836 264 100 New
2952 836 364 128 York;
3384 844 456 124 chapter
3900 844 228 124 466,
4188 836 264 100 laws

612 992 120 100 of
784 1000 292 124 1901,
1120 988 264 100 with
1440 992 744 100 amendments
2236 1000 108 88 to
2392 988 116 100 M
2524 1020 136 100 ay
2712 996 88 124 1,
2852 992 284 96 1930.
3284 988 268 100 Also
3600 988 184 100 the
3840 984 256 136 City
4144 988 312 100 home

616 1144 228 100 rule
888 1144 264 120 law;
1200 1140 456 128 chapter
1700 1144 228 120 363,
1972 1140 264 100 laws
2280 1140 120 100 of
2452 1144 288 124 1924,
2784 1136 260 100 with
3100 1140 748 100 amendments
3892 1148 112 92 to
4052 1136 268 132 May
4368 1144 92 120 1,

616 1296 288 96 1930.
1048 1288 468 104 Revised
1580 1300 112 88 to
1764 1292 256 96 1930
2080 1288 144 132 by
2284 1288 184 100 the
2532 1284 616 132 Municipal
3216 1280 376 108 affairs
3660 1280 612 108 committee
4340 1288 116 96 of

616 1440 180 104 the
840 1440 264 100 New
1160 1436 312 104 York
1520 1436 220 132 city
1788 1440 380 128 league
2220 1436 116 100 of
2384 1472 416 68 women
2852 1444 396 124 voters,
3296 1436 348 104 under
3688 1436 184 104 the
3924 1436 532 104 direction

612 1592 124 96 of
780 1588 176 100 He
964 1592 40 96 l
1008 1628 128 60 en
1188 1592 380 96 Potter
1616 1588 460 100 Hanson
2136 1596 64 104 …
2304 1584 368 104 edited
2716 1588 144 132 by
2908 1584 392 128 Henry
3348 1588 108 100 J.
3508 1588 212 100 Lee
3796 1596 64 104 …
4044 1588 224 100 Bro
4276 1624 60 64 o
4340 1580 100 100 k-

612 1736 220 132 lyn,
884 1736 136 104 N.
1076 1740 176 132 Y.,
1300 1736 348 132 Eagle
1704 1736 420 132 library
2176 1732 772 132 publications,
3004 1740 328 96 '1930.

736 1888 168 84 328
968 1900 84 72 p.
1168 1888 224 80 26-.
1528 1888 244 92 (The
1840 1888 288 92 Eagle
2200 1888 376 88 library.
2696 1888 168 76 Vol.
2940 1904 124 60 XL
3004 1900 140 80 v,
3220 1884 280 80 serial
3572 1908 144 56 no.
3784 1880 216 100 297)

620 2012 96 96 ©
772 2028 232 92 Aug.
1056 2024 132 92 28,
1240 2024 44 76 1
1296 2024 48 76 9
1348 2024 48 80 3
1408 2024 60 80 0
1480 2036 24 64 :
1568 2024 128 80 2c.
1748 2024 184 80 and
1984 2024 156 76 aff.
2200 2024 196 76 Oct.
2452 2024 152 88 10;
2664 2020 80 76 A
2788 2020 112 80 28
2904 2020 52 76 9
2964 2020 156 92 00;
3180 2024 212 72 Hen
3396 2044 48 52 r
3448 2044 56 72 y
3560 2024 56 76 J
3628 2084 12 16 .
3700 2020 204 96 Lee,
3960 2024 504 92 Brooklyn.

776 2132 544 100 (30-31289)
4000 2128 44 84 1
4056 2128 168 84 277
4236 2128 48 84 3

616 2348 276 100 New
944 2344 348 104 York.
1440 2344 808 124 Metropolitan
2308 2372 516 72 museum
2884 2344 124 100 of
3064 2348 220 96 art.

836 2504 64 108 …
964 2496 556 104 Peruvian
1612 2492 488 108 textiles:
2184 2500 556 128 examples
2828 2496 120 100 of
3040 2496 180 100 the
3312 2492 620 132 pre-Incaic
4024 2496 436 128 period;

616 2648 264 100 with
944 2684 60 68 a
1064 2648 676 132 chronology
1796 2648 120 104 of
1976 2648 304 132 early
2336 2644 556 104 Peruvian
2956 2648 476 100 cultures
3488 2648 144 132 by
3688 2644 388 132 Philip
4140 2644 324 104 Ains-

616 2800 348 100 worth
1060 2796 380 100 Means
1536 2800 212 104 and
1848 2832 136 64 an
2080 2792 748 104 introduction
2924 2796 140 136 by
3156 2796 416 128 Joseph
3672 2796 380 104 Breck.
4200 2796 268 100 New

620 2948 340 132 York,
1020 2952 284 100 1930.

740 3100 136 92 27,
956 3100 92 96 11)
1108 3116 80 72 p.
1308 3100 248 76 illus.
1616 3100 304 92 (map)
1996 3116 228 56 xxv
2284 3116 56 72 p
2348 3096 24 76 l
2384 3156 16 16 .
2516 3096 108 80 31
2636 3096 48 96 1
2688 3100 100 72 ".

744 3236 124 76 At
916 3236 236 76 head
1200 3232 104 76 of
1348 3232 264 76 title:
1664 3232 200 80 The
1916 3232 88 72 M
2016 3236 148 72 etr
2168 3256 52 52 o
2224 3252 56 72 p
2288 3232 120 76 oli
2420 3236 36 72 t
2464 3252 52 56 a
2524 3252 56 56 n
2636 3252 416 56 museum
3112 3232 104 76 of
3264 3236 176 76 art.

748 3340 184 76 "Of
984 3344 196 76 this
1236 3340 240 76 book
1532 3340 252 92 2,000
1844 3340 308 92 copies
2212 3360 244 60 were
2520 3340 372 92 printed
2956 3340 88 76 in
3112 3340 540 92 November,
3720 3340 304 80 1930."

748 3448 720 96 Bibliography:
1532 3468 84 76 p.
1676 3448 132 80 19.

628 3572 96 96 ©
788 3584 228 84 Nov.
1076 3584 132 92 10,
1272 3584 268 80 1930:
1604 3584 48 72 2
1652 3600 84 64 c.
1796 3588 184 76 and
2044 3584 100 80 af
2120 3584 56 72 f
2188 3652 12 12 .
2264 3584 80 76 N
2352 3608 52 48 o
2408 3608 84 56 v.
2552 3584 160 88 12;
2780 3588 76 72 A
2920 3584 48 76 2
2976 3584 52 80 9
3032 3584 52 80 9
3092 3584 104 80 05
3232 3604 16 72 ;
3320 3588 92 76 M
3420 3584 564 96 etropolitan
4048 3608 324 56 museu
4368 3600 92 60 m

756 3700 100 76 of
908 3700 176 88 art,
1140 3700 228 76 New
1420 3696 276 76 York.
1840 3692 264 96 (30-3
2112 3696 48 76 1
2168 3696 212 92 298)
4004 3692 288 84 12774

616 3904 548 124 Orchard,
1228 3904 300 104 John
1600 3904 440 124 Ewing.

752 4056 464 132 Japan's
1264 4060 548 100 economic
1868 4060 528 128 position;
2456 4060 744 128 the.progress
3256 4064 116 96 of
3432 4060 1036 132 industrialization,

616 4208 140 132 by
796 4208 304 104 John
1140 4208 132 100 E.
1316 4208 508 104 Orchard
1888 4208 68 112 …
2036 4208 268 100 with
2348 4212 184 100 the
2576 4208 788 104 collaboration
3412 4212 124 100 of
3576 4212 508 132 Dorothy
4124 4212 348 104 John-

620 4392 192 68 son
916 4356 536 108 Orchard.
1600 4356 268 104 New
1976 4356 344 136 York,
2416 4356 664 140 Whittlesey
3180 4364 368 124 house,
3648 4356 820 108 McGraw-Hill

620 4508 280 104 book
956 4544 572 96 company,
1584 4508 240 132 inc.,
1884 4512 288 96 1930.

752 4660 184 92 xvi,
996 4656 168 80 504
1220 4680 80 72 p.
1368 4660 184 80 incl
1560 4724 16 16 .
1640 4664 316 88 front.,
2020 4660 276 92 illus.,
2360 4680 292 72 maps,
2712 4660 344 92 diagrs.
3172 4656 112 80 24
3292 4664 44 52 e
3384 4724 12 16 .
3624 4660 252 96 $5.00

760 4796 516 92 "Prepared
1368 4796 296 76 under
1740 4800 164 72 the
1984 4796 428 92 auspices
2488 4800 108 72 of
2668 4800 156 76 the
2908 4796 388 76 Council
3380 4796 148 76 for
3616 4800 436 76 research
4136 4800 96 72 in
4316 4800 160 80 the

616 4904 292 76 social
960 4904 408 76 sciences
1420 4908 104 72 of
1576 4904 488 80 Columbia
2124 4904 456 80 universit
2588 4924 52 68 y
2652 4904 76 76 ."

756 5008 312 80 "First
1128 5012 440 76 edition."

752 5116 260 80 "List
1064 5120 104 76 of
1216 5120 464 88 principal
1736 5120 480 76 sources":
2276 5136 84 76 p.
2416 5120 416 76 490-491.

652 5272 4 56 t
788 5256 228 80 Nov.
1068 5256 132 76 13.
1260 5252 268 96 1030;
1584 5252 128 84 2c.
1764 5256 228 80 Nov.
2052 5252 156 84 IT:
2268 5256 100 76 ai
2408 5316 16 16 .
2480 5252 148 72 N&.
2696 5320 12 16 .
2768 5256 40 68 1
2824 5268 96 64 N:
3000 5260 64 72 1
3116 5252 28 68 3
3184 5252 156 80 0056
3428 5276 16 72 ;
3512 5260 92 76 M
3608 5252 136 76 cG
3748 5276 108 60 ra
3860 5280 88 56 w
3952 5252 236 84 -Hill
4244 5260 236 76 book

760 5384 160 72 co.,
980 5364 92 80 in
1080 5388 52 56 e
1136 5424 16 16 .
1288 5364 540 92 (30-31290)
4008 5364 288 84 12775

628 5576 152 104 Or
788 5576 32 100 l
832 5576 200 124 iac,
1108 5576 516 100 Jehanne
1700 5576 136 108 d'.

760 5732 236 100 The
1064 5764 316 64 moon
1452 5728 520 132 mistres-,
2040 5732 100 96 D
2160 5732 172 96 ian
2344 5768 56 64 e
2468 5736 64 96 d
2544 5772 56 60 e
2672 5732 416 100 Poitier
3096 5780 28 52 s
3156 5816 24 48 ,
3248 5736 360 128 grant'
3676 5732 184 104 sin
3868 5732 52 100 d
3928 5732 348 104 challe
4352 5736 128 100 de

624 5876 676 132 Normandy,
1336 5880 144 108 by
1520 5880 500 100 Jehanne
2064 5900 56 76 i
2180 5876 92 108 O
2288 5880 204 100 rlia
2504 5916 52 68 c
2588 5916 20 92 ;
2672 5880 604 104 translated
3320 5884 144 128 by
3504 5884 124 100 F.
3672 5884 120 100 M
3804 5964 20 16 .
3868 5880 608 128 Atkinson;

632 6028 264 100 with
960 6032 128 100 27
1152 6032 764 100 illustrations.
2064 6032 784 128 Philadelphia
2916 6036 96 92 &
3076 6032 500 124 London,
3640 6036 108 104 J.
3820 6036 124 96 B.
4012 6032 464 132 Lippin-

628 6188 220 92 cott
896 6212 576 100 company,
1528 6184 284 92 1930.

756 6332 48 76 3
812 6332 108 76 18
984 6352 80 72 p.
1184 6332 308 88 front.,
1556 6332 328 92 plates,
1956 6332 280 96 ports.
2348 6332 108 76 23
2468 6336 48 92 1
2540 6336 92 76 -.

760 6464 312 84 "First
1140 6464 436 84 edition."

640 6592 96 88 ©
796 6600 196 84 Oct.
1044 6604 52 76 3
1104 6664 16 32 ,
1172 6604 108 76 19
1284 6600 112 80 30
1428 6624 16 72 ;
1496 6608 52 72 2
1548 6620 48 60 c
1612 6668 12 12 .
1680 6608 184 72 and
1920 6604 156 80 aff.
2128 6608 228 76 Nov.
2412 6608 44 72 1
2468 6608 48 72 5
2552 6628 16 64 ;
2628 6608 80 72 A
2756 6608 328 88 31081;
3140 6608 88 80 J.
3284 6612 100 76 B.
3440 6608 540 96 Lippincott
4032 6632 128 60 co.

788 6712 540 92 (30-31226)
4012 6716 292 84 12776

640 6936 48 76 1
676 6888 344 128 Pelly,
1080 6892 496 104 Thomas
1628 6896 372 100 Minor
2108 6908 320 96 1902-

764 7044 360 104 North
1204 7044 216 104 and
1504 7048 316 100 south
1900 7056 312 120 seats,
2296 7048 144 132 by
2512 7052 136 100 A.
2736 7048 416 136 Bridge
3232 7056 700 104 Contract-or
4016 7072 60 88 [
4052 7052 492 132 pseud.]

644 7188 112 136 [S
764 7192 364 136 eattle,
1180 7196 524 100 Lowman
1760 7200 96 96 &
1916 7196 528 104 Hanford
2504 7232 572 100 company,
3132 7208 328 112 '19301

764 7344 116 80 35
928 7372 80 72 p.
1056 7352 28 72 i
1096 7352 176 76 nel.
1324 7352 312 88 front.,
1688 7352 244 76 illus.
2056 7352 108 76 15
2196 7360 56 60 ×
2292 7352 516 80 11½ͨͫ
2552 7416 16 16 .

648 7472 92 88 ©
808 7488 232 88 Aug.
1100 7484 132 92 28,
1296 7484 268 92 1930;
1628 7484 52 76 2
1680 7500 80 68 c.
1828 7488 244 92 Sept.
2140 7492 32 68 1
2196 7488 52 76 0
2276 7508 16 72 ;
2364 7488 156 80 aff.
2588 7492 224 80 Nov.
2880 7492 48 68 3
2960 7512 16 72 ;
3048 7496 80 72 A
3188 7488 328 96 30397;
3588 7496 440 76 Lawman
4092 7496 68 68 &
4228 7496 252 76 Han-

776 7596 216 72 ford
1040 7616 128 60 co.
1304 7596 540 96 (30-31267)
4012 7600 292 84 12777

2428 7708 256 100 1980
