4800 8268
320 656 752 120 McSpadden,
1132 652 424 124 Joseph
1616 652 492 124 Walker,
2176 656 328 104 1874-
2924 684 56 68 e
2984 652 108 100 d.

460 808 480 100 Famous
996 808 272 132 dogs
1328 808 112 100 in
1496 800 408 136 fiction,
1964 804 364 104 edited
2384 808 144 128 by
2588 804 108 104 J.
2756 800 452 104 Walker
3268 800 348 132 McSp
3628 840 60 64 a
3696 800 292 104 dden
4036 808 64 112 …

324 956 264 100 Rev.
656 956 160 100 ed.
964 956 264 100 New
1292 952 348 132 York,
1700 952 480 104 Thomas
2244 960 140 96 Y.
2452 952 424 104 Crowel
2876 956 44 96 l
2984 988 540 100 company
3600 956 268 96 ['193
3880 956 60 96 0

452 1120 56 60 x
520 1108 28 76 i
556 1132 88 68 x,
700 1108 168 76 342
924 1132 84 68 p.
1124 1112 168 72 col.
1344 1108 96 72 fr
1444 1128 52 56 o
1500 1108 160 88 nt.,
1724 1108 328 88 plates.
2168 1104 560 88 20½ͨͫ.

456 1216 308 76 "First
820 1216 424 92 printing
1296 1216 100 76 of
1452 1212 364 80 revised
1876 1212 436 76 edition."

452 1324 68 76 C
524 1344 56 56 O
584 1340 316 60 NTENT
908 1340 48 60 S
964 1324 336 76 .-The
1372 1324 180 88 dog
1616 1324 96 72 in
1784 1320 788 76 literature.-Ra
2584 1320 52 76 b
2708 1324 188 72 and
2968 1320 148 76 his
3188 1320 392 92 friends,
3656 1324 120 88 by
3848 1324 164 76 Dr.
4084 1324 84 76 J.

320 1432 568 76 Brown.-A
956 1432 180 88 dog
1200 1432 100 76 of
1368 1432 484 88 Flanders,
1924 1432 408 88 adapted
2400 1428 248 76 from
2720 1432 168 72 the
2956 1432 260 88 story
3288 1432 116 88 by
3480 1428 340 76 Louise
3892 1432 112 76 de
4076 1432 92 76 la

320 1540 240 76 Ram
568 1536 48 80 é
620 1560 48 56 e
780 1536 868 96 ("Ouida").-Bill
1756 1536 268 80 Sikes
2116 1540 184 72 and
2396 1532 156 80 his
2644 1540 200 88 dog,
2944 1540 408 88 adapted
3448 1540 248 72 from
3800 1536 372 80 "Oliver

316 1644 376 96 Twist",
752 1648 120 88 by
928 1648 96 76 C.
1080 1648 808 76 Dickens.-Dora
1948 1640 660 96 Copperfield's
2672 1644 44 32 "
2728 1644 52 76 J
2772 1640 36 76 i
2828 1640 140 96 p",
3032 1648 288 88 adapt
3328 1668 44 52 e
3380 1648 56 72 d
3496 1644 252 76 from
3808 1644 360 80 "David

320 1752 664 96 Copperfield",
1048 1756 116 88 by
1228 1752 92 80 C.
1384 1752 740 92 Dickens.-Rip
2180 1752 208 76 Van
2452 1748 372 80 Winkle
2884 1756 184 72 and
3128 1752 152 76 his
3344 1756 200 88 dog,
3608 1752 244 76 from
3924 1752 256 76 "The

316 1864 328 76 sketch
696 1864 320 92 book",
1068 1864 116 92 by
1240 1864 140 76 W.
1432 1864 160 76 Irv
1596 1852 36 80 i
1636 1860 636 92 ng.-Dandie
2328 1860 452 80 Dinmont
2840 1864 180 72 and
3080 1860 152 76 his
3288 1860 416 92 terriers,
3764 1864 404 88 adapted

316 1972 248 76 from
644 1972 260 88 "Guy
980 1968 636 92 Mannering",
1692 1972 120 88 by
1892 1964 152 84 Sir
2116 1972 140 72 W.
2336 1968 772 80 Scott.-Stories
3188 1968 96 76 of
3360 1988 156 72 my
3596 1972 248 88 dogs,
3924 1968 248 76 from

320 2080 44 32 "
380 2080 356 76 Stories
800 2080 156 76 for
1020 2080 508 88 children",
1592 2080 120 88 by
1780 2080 96 72 L.
1948 2080 108 76 N.
2124 2076 732 92 Tolstoi.-Bob,
2932 2096 168 56 son
3168 2076 100 76 of
3344 2080 344 88 Battle,
3764 2080 404 88 adapted

316 2188 252 76 from
620 2188 164 76 the
844 2192 260 88 story
1160 2188 120 92 by
1340 2188 104 76 A.
1512 2184 1064 80 Ollivant.-Beautiful
2640 2184 196 92 Joe,
2904 2188 404 88 adapted
3372 2184 252 76 from
3692 2188 156 72 the
3916 2188 256 88 story

320 2296 116 92 by
496 2300 92 72 M
596 2356 20 20 .
676 2296 504 76 Saunders.

328 2400 96 96 ©
480 2408 236 76 Mar.
764 2404 140 96 20,
956 2408 48 72 1
1016 2404 52 76 9
1068 2408 160 88 30;
1288 2408 48 72 2
1340 2424 44 64 c
1400 2468 16 12 .
1472 2408 184 72 and
1712 2404 100 76 af
1808 2404 36 72 f
1852 2468 16 12 .
1928 2404 232 76 Mar.
2212 2404 48 72 2
2272 2404 48 76 5
2340 2420 24 68 :
2432 2404 80 72 A
2560 2404 52 72 2
2620 2404 48 76 1
2680 2404 212 88 287;
2952 2404 408 76 Thomas
3416 2404 104 76 Y.
3580 2404 124 76 Cr
3708 2420 52 60 o
3756 2404 180 80 wel
3944 2408 28 68 l
4032 2424 44 56 c
4084 2420 76 60 o.

476 2512 484 96 (30-8294)
3772 2504 232 84 2644

320 2668 588 124 Marshall,
964 2668 300 100 Leon
1324 2668 468 120 Carroll,
1852 2672 160 100 ed.

520 2828 64 104 …
648 2820 620 100 Industrial
1332 2820 436 128 society.
1912 2820 180 100 Pt.
2156 2824 92 96 3.
2328 2820 268 108 [The
2660 2816 812 104 co-ordination
3536 2820 124 100 of
3728 2816 448 112 special-

320 2972 200 104 ists
568 2976 48 92 t
620 2972 436 128 hrough
1108 2968 184 104 the
1348 2968 372 100 marke
1728 2972 44 92 t
1964 2972 92 96 B
2068 3008 68 92 y
2192 2968 300 100 Leon
2552 2968 84 104 C
2648 3004 48 64 a
2720 3004 108 64 rr
2836 2972 100 96 ol
2940 2968 36 92 l
3044 2968 500 100 Marshal
3552 2968 36 96 l
3688 2968 68 112 …
3920 2960 260 108 Chi-

324 3156 304 96 cago,
680 3120 220 132 Ill.,
956 3124 232 96 The
1256 3116 636 120 University
1948 3116 120 104 of
2128 3116 484 136 Chicago
2672 3152 300 96 press
3036 3120 128 120 [ͨ
3116 3124 328 116 1930]

452 3272 192 96 xxi,
712 3312 24 56 1
740 3276 48 76 2
800 3312 20 56 7
832 3332 16 32 ,
912 3272 448 80 949-1658
1420 3296 80 72 p.
1616 3272 504 88 24ͨͫ.
1976 3272 28 92 (
2020 3268 108 76 M
2124 3272 392 80 aterials
2576 3276 156 76 for
2792 3276 156 76 the
3012 3276 280 92 study
3352 3276 100 76 of
3512 3268 476 96 business)

452 3384 456 76 "Revised
972 3388 184 72 and
1220 3388 440 88 enlarged
1724 3380 436 80 edition."

328 3484 100 96 ©
484 3492 212 76 Jan.
748 3492 52 76 2
804 3492 60 76 9
868 3552 16 32 ,
940 3492 108 76 19
1052 3492 52 76 3
1112 3492 100 92 0;
1272 3496 132 76 2c.
1464 3496 184 72 and
1704 3496 156 76 aff.
1924 3496 232 72 Mar.
2216 3492 156 88 13;
2432 3488 84 80 A
2568 3488 332 96 21049;
2968 3488 548 96 University
3572 3492 100 76 of
3736 3488 432 96 Chicago,

460 3600 432 92 Chicago.
3776 3596 232 84 2645

320 3752 588 128 Mencken,
968 3756 396 120 Henry
1416 3756 380 124 Louis,
1860 3764 332 96 1880-

460 3908 492 104 Treatise
1012 3944 136 68 on
1204 3908 184 104 the
1444 3912 268 128 gods
1788 3908 200 132 [by]
2060 3908 148 100 H.
2268 3908 124 104 L.
2452 3908 564 104 Mencken.
3164 3908 268 104 New
3492 3908 344 140 York,
3896 3908 280 104 Lon-

320 4060 252 132 don,
632 4056 140 104 A.
832 4056 140 104 A.
1036 4056 432 136 Knopf,
1536 4064 292 100 1930.

460 4216 96 76 ix
604 4240 112 68 p.,
772 4216 52 76 2
872 4216 84 88 1.,
1012 4216 188 92 363,
1260 4204 136 100 [1],
1448 4216 140 76 xii
1636 4240 112 68 p.,
1804 4216 44 76 1
1904 4216 60 76 1.
2068 4216 560 84 21½ͨͫ.

464 4324 852 92 "Bibliographical
1388 4324 324 76 note":
1792 4344 84 72 p.
1948 4324 224 76 354-
2172 4324 52 76 3
2232 4324 136 92 63,
2460 4316 112 88 [1]

328 4424 96 96 ©
488 4432 236 76 Mar.
784 4432 132 88 14,
980 4432 272 84 1930;
1312 4432 132 76 2c.
1500 4436 184 76 and
1744 4436 96 72 af
1836 4436 36 76 f
1888 4496 16 12 .
1964 4436 240 72 Mar.
2264 4432 156 92 17;
2484 4432 84 76 A
2624 4432 332 92 21163;
3020 4432 336 76 Alfred
3412 4436 108 76 A.
3580 4432 348 92 Knopf,
3992 4432 172 76 inc.

476 4540 488 96 (30-8107)
3756 4540 232 80 2646

324 4692 580 124 Merriam,
964 4692 300 104 John
1328 4696 612 124 Campbell,
2004 4708 316 96 1869-

464 4848 236 100 The
764 4848 356 132 living
1184 4860 284 124 past,
1528 4852 144 132 by
1736 4852 304 100 John
2104 4848 124 108 C.
2292 4848 536 104 Merriam
2852 4852 68 108 …
3152 4852 268 100 New
3484 4852 348 132 York,
3896 4856 284 96 Lon-

328 5000 252 132 don,
640 4996 112 108 C.
820 4996 600 108 Scribner's
1472 5036 284 96 sons,
1816 5004 288 100 1930.

452 5172 64 52 x
520 5152 36 72 i
604 5172 108 68 p.,
768 5152 52 72 2
868 5152 84 88 1.,
1004 5152 52 76 3
1060 5192 48 12 -
1120 5152 48 72 1
1172 5152 116 72 44
1340 5172 80 68 p.
1532 5152 320 92 front.,
1908 5152 112 76 15
2068 5176 56 68 p
2128 5156 32 72 l
2168 5216 20 16 .
2304 5148 596 84 19½ͨͫ.

328 5244 96 96 ©
484 5260 216 80 Feb.
756 5260 132 96 21,
944 5260 272 92 1930;
1276 5260 52 76 2
1332 5284 44 52 e
1392 5324 16 12 .
1468 5264 212 76 Feb.
1732 5264 160 88 27;
1956 5256 156 84 aff.
2176 5264 212 76 Feb.
2444 5264 164 92 26;
2668 5264 76 76 A
2804 5264 328 92 20378;
3200 5264 392 80 Charles
3652 5264 200 80 Scri
3856 5260 28 76 b
3924 5264 244 80 ner's

456 5392 244 56 sons.
836 5368 324 92 (30-84
1168 5372 48 76 5
1220 5368 100 96 2)
3776 5372 228 80 2647

332 5492 700 136 [Merriman,
1088 5500 120 96 M
1212 5496 252 100 ansf
1440 5496 64 100 i
1512 5524 56 72 e
1576 5492 36 100 l
1616 5500 104 128 d]
1796 5508 628 128 1848-1925,
2484 5504 164 104 ed.

448 5644 592 100 American
1116 5644 264 100 civil
1452 5644 596 132 engineers'
2120 5648 624 132 handbook,
2820 5648 908 132 editor-in-chief,
3808 5648 92 100 T
3908 5648 72 100 h
3988 5648 184 100 ad-

320 5792 260 104 deus
640 5792 644 132 Merriman,
1352 5792 520 104 associate
1936 5796 908 128 editor-in-chief,
2908 5800 328 100 Thos.
3304 5800 148 100 H.
3516 5800 464 132 Wiggin
4028 5804 60 104 …

324 5944 184 100 5th
576 5944 196 132 ed.,
836 5944 676 132 thoroughly
1580 5980 216 64 rev.
1868 5948 216 100 and
2152 5948 204 96 enl.
2492 5948 328 100 Total
2884 5948 316 128 issue,
3272 5948 300 132 fifty-
3584 5948 72 100 fi
3664 5984 128 68 ve
3856 5948 312 100 thou-

320 6092 300 104 sand.
752 6092 264 104 New
1084 6088 340 116 York,
1484 6092 108 104 J.
1652 6096 364 128 Wiley
2072 6100 88 96 &
2220 6132 112 64 so
2356 6116 36 76 n
2420 6136 80 88 s,
2560 6096 260 128 inc.;
2884 6100 500 124 London,
3448 6100 580 108 Chapman
4088 6104 88 96 &

316 6244 304 128 Hall,
680 6244 460 128 limited,
1200 6248 292 96 1930.

452 6404 48 76 2
568 6424 80 72 p.
708 6404 88 92 1.,
856 6400 224 76 2263
1140 6424 84 68 p.
1284 6400 96 76 in
1388 6404 80 72 cl
1480 6464 16 12 .
1556 6400 276 96 illus.,
1900 6404 328 92 tables,
2292 6404 352 92 diagrs.
2756 6404 508 84 19ͨͫ.
3204 6404 252 96 $8.00

456 6508 280 80 "This
796 6508 352 76 edition
1208 6512 344 88 closely
1604 6512 376 76 follows
2036 6516 160 72 the
2252 6516 220 88 plan
2528 6516 184 76 and
2772 6520 160 72 the
2992 6536 268 72 scope
3316 6520 100 72 of
3472 6520 160 76 the
3688 6516 208 80 first
3952 6520 220 76 four

320 6620 408 80 editions
792 6620 100 76 of
956 6616 308 76 which
1336 6620 156 76 the
1560 6620 192 76 late
1820 6620 312 80 Mansf
2136 6620 24 76 i
2168 6624 148 76 eld
2388 6620 512 80 Merriman
2972 6644 196 60 was
3240 6624 936 80 editor-in-chief."-

320 6728 248 76 Pref.
628 6728 96 76 to
776 6724 164 80 5th
992 6728 140 76 ed.

328 6828 96 96 ©
500 6840 236 76 Mar.
800 6836 136 92 14,
1004 6832 272 96 1930;
1352 6836 124 80 2c.
1548 6836 236 76 Mar.
1852 6836 156 88 18;
2084 6836 156 80 aff.
2312 6836 236 80 Mar.
2620 6836 160 92 17;
2852 6836 80 80 A
2996 6840 332 92 21232;
3404 6844 248 76 John
3724 6844 300 88 Wiley
4096 6844 72 76 &

460 6964 240 76 sons,
760 6944 176 76 inc.
1072 6944 484 96 (30-8145)
3772 6944 228 88 2648

328 7064 432 124 Morey,
820 7064 388 124 Lloyd,
1276 7076 304 96 1886-

464 7216 648 132 University
1164 7220 212 100 and
1428 7220 404 132 college
1880 7224 688 128 accounting,
2612 7220 148 132 by
2804 7224 356 132 Lloyd
3208 7228 388 132 Morey
3652 7216 64 120 …
3912 7220 268 104 New

332 7364 348 136 York,
780 7368 108 104 J.
992 7364 360 136 Wiley
1456 7372 88 96 &
1640 7404 284 92 sons,
2024 7372 264 124 inc.;
2396 7372 500 132 London,
3000 7372 580 132 Chapman
3680 7376 92 96 &
3868 7372 308 132 Hall,

328 7516 460 136 limited,
852 7520 292 104 1930.

2108 7672 200 96 401
