4800 8268
336 704 616 124 McAdory,
1012 704 628 120 Margaret,
1704 712 332 96 1890–

468 856 236 100 The
760 852 752 104 construction
1568 856 224 100 and
1848 852 620 104 validation
2528 848 128 104 of
2716 888 144 64 an
2916 860 180 92 art
3152 860 248 120 test,
3448 852 148 132 by
3656 852 576 132 Margaret

336 1004 176 104 Mc
524 1004 392 132 Adory
972 1004 64 112 …
1244 1004 268 104 New
1568 1004 320 104 York
1936 1004 264 128 city,
2252 1004 540 104 Teachers
2848 1004 448 132 college,
3352 1000 584 108 Columbia
3992 1000 236 100 uni-

336 1156 444 132 versity,
844 1160 292 96 1929.

468 1316 56 76 4
580 1336 84 72 p.
728 1312 32 76 l
764 1376 48 32 .,
872 1316 56 80 3
932 1316 56 76 5
1040 1336 88 72 p.
1240 1316 280 92 illus.,
1580 1316 352 92 diagrs.
2044 1316 52 72 2
2092 1312 540 88 3½ͨͫ
2312 1376 20 16 .
2464 1316 516 92 (Teachers
3040 1316 376 92 college,
3480 1312 476 80 Columbia
4036 1312 196 80 uni-

340 1424 376 92 versity.
836 1424 716 80 Contributions
1596 1432 96 72 to
1736 1424 536 92 education,
2320 1448 148 56 no.
2512 1424 52 80 3
2572 1420 52 80 8
2624 1424 104 92 3)

468 1564 512 76 Published
1024 1564 204 76 also
1272 1580 108 60 as
1424 1564 300 76 thesis
1780 1564 96 92 (P
1880 1580 80 60 H
1972 1624 16 16 .
2032 1580 56 56 D
2096 1564 68 88 .)
2216 1560 492 80 Columbia
2756 1560 560 92 university.

464 1672 732 96 Bibliography:
1264 1696 84 72 p.
1384 1676 52 76 3
1448 1672 48 76 5
1508 1736 20 16 .

356 1800 92 100 ©
512 1808 216 80 Dec.
788 1808 48 80 5
848 1868 20 36 ,
924 1812 48 72 1
980 1808 168 80 929
1180 1828 20 64 ;
1260 1808 48 76 2
1316 1820 76 68 c.
1448 1808 216 80 Jan.
1720 1808 140 92 23,
1920 1808 120 104 19
2032 1808 116 76 30
2176 1828 16 72 ;
2260 1804 160 84 aff.
2480 1808 216 80 Jan.
2752 1804 164 92 21;
2980 1804 84 76 A
3116 1804 336 88 19137;
3516 1804 472 80 Teachers
4048 1808 176 72 col-

476 1920 228 92 lege,
768 1916 488 80 Columbia
1312 1916 256 80 univ.
1700 1916 164 96 (30
1884 1916 88 80 -4
1976 1916 216 92 646)
3884 1912 180 84 874

332 2120 692 128 Macmillan,
1084 2124 556 104 Norman.

464 2272 272 104 Into
792 2276 188 100 the
1044 2272 288 132 blue,
1396 2276 148 132 by
1608 2272 488 132 Captain
2164 2272 500 100 Norman
2732 2272 652 100 Macmillan
3448 2280 68 112 …
3724 2272 504 128 London,

340 2420 720 140 Duckworth,
1124 2428 292 100 1929.

472 2580 168 80 213
692 2600 84 72 p.
892 2580 292 80 front.
1240 2580 336 92 (port.)
1652 2584 336 88 plates.
2104 2576 560 88 22½ͨͫ.

344 2712 100 92 ©
496 2720 48 72 1
532 2724 96 80 c.
680 2720 216 72 Jan.
944 2716 236 96 4,19
1184 2716 120 80 30
1328 2740 20 68 ;
1404 2720 80 72 A
1532 2720 120 72 ad
1704 2720 164 72 134
1880 2716 48 76 5
1936 2720 100 84 7;
2096 2716 276 96 pubd.
2428 2716 232 80 Nov.
2708 2716 80 96 8,
2844 2716 276 92 1929;
3176 2716 112 80 N.
3344 2716 572 88 Macmillan,
3976 2716 244 92 Iver,

476 2824 336 104 Bucks,
880 2828 460 92 England.
1472 2824 212 96 (30-
1668 2848 68 80 4
1752 2824 212 96 503)
3884 2820 176 84 875

332 3004 428 124 Manly,
816 3004 220 108 Wil
1040 3004 36 100 l
1084 3004 228 104 iam
1372 3008 404 128 Lewis,
1840 3016 60 100 b
1916 3092 20 20 .
2000 3020 52 92 1
2064 3016 60 88 8
2128 3016 160 96 20.

476 3160 368 100 Death
928 3160 400 136 Valley
1412 3164 116 100 in
1616 3160 212 112 '49;
1916 3200 140 64 an
2144 3164 608 132 important
2844 3164 460 132 chapter
3388 3164 124 104 of
3600 3160 632 108 California

340 3308 448 132 pioneer
848 3316 488 132 history;
1400 3316 180 100 the
1644 3316 896 132 autobiography
2608 3316 124 100 of
2788 3348 56 64 a
2912 3316 484 132 pioneer,
3456 3312 548 136 detailing
4060 3316 176 100 his

340 3464 208 104 life
608 3464 296 104 from
968 3500 56 68 a
1088 3468 448 100 humble
1592 3468 320 100 home
1976 3468 116 100 in
2156 3468 184 100 the
2404 3464 360 104 Green
2828 3464 656 108 Mountains
3544 3480 112 92 to
3720 3468 188 100 the
3968 3468 264 132 gold

332 3616 348 104 mines
740 3616 124 100 of
920 3616 632 104 California
1612 3620 220 100 and
1892 3616 736 136 particularly
2684 3616 476 136 reciting
3220 3620 184 100 the
3456 3616 596 136 sufferings
4108 3616 124 104 of

340 3768 180 100 the
572 3772 296 100 band
924 3768 124 104 of
1104 3804 276 64 men,
1444 3800 420 72 women
1920 3772 220 100 and
2196 3768 504 104 children
2760 3772 244 100 who
3064 3804 276 100 gave
3400 3768 368 104 Death
3832 3768 400 104 Valley

340 3916 136 104 its
540 3952 348 72 name.
1036 3920 180 116 By
1272 3920 188 104 Wi
1468 3920 36 100 l
1516 3920 264 100 liam
1844 3920 360 104 Lewis
2260 3920 128 100 M
2396 3956 140 68 an
2540 3924 36 96 l
2588 3952 104 96 y,
2756 3920 272 104 with
3100 3920 552 104 foreword
3712 3924 148 128 by
3928 3920 304 104 John

340 4064 404 108 Steven
812 4068 128 100 M
948 4108 56 64 c
1008 4064 164 108 Gr
1180 4108 60 64 o
1252 4108 120 64 ar
1380 4080 48 92 t
1428 4108 128 96 y;
1640 4072 632 104 illustrated
2348 4072 144 112 by
2572 4072 352 104 Alson
3008 4072 372 108 Clark.
3528 4072 272 100 New
3880 4072 352 136 York,

340 4220 340 104 Santa
744 4220 536 132 Barbara,
1328 4220 180 104 W.
1560 4220 528 108 Hebberd
2152 4228 372 104 [ͨ1929]

468 4380 60 64 x
540 4372 132 96 iii,
740 4412 20 60 [
768 4376 48 76 1
828 4412 20 60 ]
860 4436 20 36 ,
944 4372 192 96 523,
1204 4412 24 60 [
1216 4372 104 88 1]
1376 4400 84 72 p.
1524 4376 28 76 i
1560 4400 56 52 n
1628 4380 80 76 cl
1720 4440 20 16 .
1800 4376 320 92 front.,
2184 4376 252 80 illus.
2552 4380 336 92 plates.
3004 4372 528 88 21ͨͫ.

472 4512 276 92 Maps
800 4532 116 56 on
976 4508 708 96 lining-papers.

472 4616 260 84 First
792 4620 356 80 edition
1212 4624 500 92 published
1772 4620 252 80 1894.

344 4752 96 96 ©
508 4760 216 80 Dec.
788 4756 132 96 10,
980 4760 276 88 1929;
1320 4760 56 72 2
1372 4764 80 80 c.
1512 4760 188 80 and
1760 4760 164 80 aff.
1984 4760 216 80 Jan.
2260 4756 136 96 29,
2456 4756 276 96 1930;
2800 4764 76 72 A
2944 4760 328 88 18468;
3340 4760 428 80 Wallace
3824 4760 88 80 J.
3976 4756 244 80 Heb-

476 4868 56 76 b
540 4868 192 96 erd,
784 4868 232 80 New
1064 4868 284 80 York.
1472 4868 220 96 (30-
1696 4868 48 80 4
1748 4868 216 92 543)
3888 4864 172 84 876

332 5048 604 128 Mathews,
1000 5052 240 100 Asa
1300 5052 100 100 A
1956 5052 260 104 Lee.

516 5204 68 112 …
652 5204 232 104 The
932 5208 332 100 lower
1316 5204 488 104 Triassic
1852 5208 688 128 cephalopod
2596 5204 340 104 fauna
2992 5204 124 104 of
3160 5204 184 104 the
3400 5204 280 104 Fort
3728 5204 500 132 Douglas

332 5388 288 84 area,
672 5356 308 100 Utah
1044 5356 224 132 [by]
1320 5356 228 104 Asa
1600 5356 136 100 A.
1788 5360 124 96 L.
1964 5356 548 104 Mathews
2600 5360 68 108 …
2832 5356 608 104 Published
3496 5356 492 132 through
4040 5352 188 108 the

332 5504 188 104 aid
604 5504 124 104 of
808 5508 180 100 the
1072 5504 412 132 Kappa
1572 5504 424 136 epsilon
2084 5512 116 128 pi
2288 5504 636 132 fraternity.
3076 5508 528 136 Chicago,
3688 5508 220 136 Ill.,
3988 5512 240 100 The

336 5656 656 136 University
1044 5660 124 104 of
1220 5656 492 136 Chicago
1764 5696 308 96 press
2132 5664 332 108 [1929]

468 5836 56 56 v
532 5872 20 36 ,
612 5812 116 80 46
792 5836 88 72 p.
992 5812 48 76 l
1104 5812 284 96 illus.,
1448 5836 112 56 xi
1616 5836 64 72 p
1680 5816 32 72 l
1724 5876 20 16 .
1856 5812 600 88 30ͨͫ
2068 5876 20 20 .
2220 5812 524 96 ([Chicago.
2868 5816 548 92 University
3576 5816 388 76 Walker
4032 5836 192 60 mu-

328 5944 268 60 seum
648 5920 472 96 memoirs,
1172 5924 180 80 vol.
1404 5940 44 56 I
1452 5984 20 32 ,
1524 5944 152 60 no.
1732 5920 100 96 1)

464 6056 596 96 Descriptive
1120 6056 552 96 letterpress
1736 6080 116 56 on
1908 6080 324 56 versos
2288 6056 328 96 facing
2672 6064 160 72 the
2892 6060 332 92 plates.

472 6168 252 76 "The
776 6188 296 72 paper
1128 6188 196 56 was
1384 6156 356 92 offered
1796 6188 112 60 as
1964 6168 356 92 partial
2372 6168 516 80 fulfilment
2948 6168 104 80 of
3104 6172 156 76 the
3324 6188 100 56 re
3428 6188 52 72 q
3492 6168 420 80 uiremen
3924 6176 36 72 t
3968 6192 44 56 s
4068 6172 44 76 f
4112 6176 56 64 o
4176 6192 44 56 r

332 6280 156 76 the
564 6280 336 88 degree
976 6276 100 80 of
1152 6280 328 76 doctor
1552 6276 108 80 of
1728 6276 568 92 philosophy
2368 6280 100 76 at
2548 6280 156 76 the
2780 6276 552 92 University
3404 6280 104 76 of
3580 6280 492 92 Chicago."
4112 6324 108 12 —

328 6388 48 76 I
380 6412 60 52 n
452 6388 240 76 trod.

340 6520 92 88 ©
496 6520 220 80 Dec.
764 6524 140 92 23,
956 6520 276 92 1929;
1344 6524 120 96 2c.
1476 6524 212 76 Jan.
1744 6524 136 92 17,
1936 6520 276 92 1930;
2272 6520 160 80 aff.
2488 6524 216 76 Jan.
2756 6520 164 96 16;
2980 6520 80 76 A
3112 6524 336 92 18189;
3508 6524 552 92 University
4112 6524 104 80 of

476 6632 432 92 Chicago.
1048 6628 196 96 (30-
1244 6632 72 76 4
1316 6632 216 96 346)
3872 6628 176 84 877

328 6812 716 124 Menninger,
1100 6812 284 100 Karl
1436 6812 648 124 Augustus,
2148 6824 256 96 1893
2408 6880 60 12 –

460 6964 232 100 The
752 6964 416 100 human
1232 6964 348 132 mind,
1636 6964 152 132 by
1844 6964 288 100 Karl
2196 6964 140 100 A.
2400 6964 664 132 Menninger
3172 6968 80 108 …
3396 6964 268 100 New
3732 6964 320 100 York
4112 6972 100 96 &

324 7112 500 128 London,
876 7112 140 100 A.
1072 7112 136 100 A.
1268 7108 444 136 Knopf,
1768 7120 296 96 1930.

464 7272 56 68 x
532 7268 120 96 iv,
704 7268 196 92 447,
956 7276 60 64 x
1024 7268 60 96 i,
1148 7272 72 92 [1
1224 7284 24 64 ]
1316 7292 84 72 p.
1520 7268 272 96 diagr
1796 7292 44 56 s
1852 7336 16 16 .
1984 7264 596 88 24ͨͫ.

464 7404 488 80 "Selected
1008 7404 656 92 bibliography
1724 7404 160 80 for
1948 7408 156 76 the
2168 7408 384 92 general
2620 7404 444 80 reader":
3132 7428 84 72 p.
3284 7408 164 72 441
3452 7448 64 12 –
3520 7408 44 72 4
3572 7408 136 76 47.

340 7532 96 96 ©
496 7540 216 80 Feb.
764 7544 80 88 3,
900 7540 228 80 1930
1144 7552 28 76 ;
1228 7544 136 80 2c.
1420 7544 188 76 and
1660 7564 52 52 a
1720 7544 100 76 ff.
1880 7544 216 80 Feb.
2152 7544 60 76 6
2236 7564 20 72 ;
2312 7544 88 72 A
2452 7540 332 92 18537;
2840 7540 340 80 Alfred
3236 7540 112 80 A.
3400 7540 352 96 Knopf,
3808 7540 180 80 inc.

484 7644 264 100 (30-4
760 7652 48 72 5
812 7648 160 96 06)
3868 7644 172 88 878

2132 7756 200 100 139
