4752 8320
396 668 228 100 The
704 668 68 108 …
856 664 596 120 European
1504 700 312 96 scrap
1868 664 284 100 book
2212 668 32 76 [
2252 668 188 96 193
2448 668 60 96 0
2692 664 268 100 New
3012 664 344 132 York,
3412 664 416 100 Forum
3876 700 332 96 press,

504 848 128 108 [ͨ
612 820 284 124 1930]

524 968 52 80 5
624 992 84 68 p.
760 972 84 88 l.,
896 968 276 80 3-312
1220 992 60 68 p
1276 988 20 48 .
1420 968 312 80 front..
1784 968 328 92 plates,
2164 988 60 72 p
2228 988 56 56 o
2288 968 164 80 rts.
2568 964 124 76 24
2692 964 44 96 ½
2760 968 92 76 ͨͫ.

528 1076 376 80 Editor:
968 1076 416 80 William
1448 1076 392 80 Griffith.

396 1232 100 100 ©
552 1240 208 76 Feb.
820 1240 72 92 1,
948 1240 48 72 1
1004 1236 172 80 930
1200 1260 16 68 ;
1276 1240 48 72 2
1328 1260 76 64 c.
1464 1240 212 76 Dec.
1732 1240 100 88 6;
1896 1240 96 72 af
1988 1240 40 72 f
2036 1304 16 12 .
2108 1240 216 76 Dec.
2380 1236 156 92 26;
2600 1240 80 72 A
2732 1236 220 80 3238
2956 1236 48 76 3
3040 1256 20 72 ;
3124 1236 344 76 Forum
3524 1256 284 72 press,
3868 1236 176 76 inc.

3744 1340 284 84 13036

392 1532 772 100 Freemasons.
1320 1532 148 96 Te
1472 1552 68 72 x
1552 1564 148 64 as.
1848 1532 384 100 Grand
2304 1532 40 92 l
2348 1532 304 128 odge.
2800 1532 84 96 C
2896 1564 284 64 omm
3184 1528 44 100 i
3236 1540 208 92 ttee
3520 1568 140 64 on
3728 1564 180 64 ma
3912 1564 48 64 s
3968 1564 56 64 o
4032 1564 72 64 n
4112 1528 40 96 i
4156 1568 52 64 c

516 1676 576 104 education
1144 1684 224 96 and
1416 1684 432 96 service.

508 1820 232 104 Ten
784 1820 300 104 short
1128 1820 396 104 lessons
1568 1820 116 96 in
1732 1820 476 104 masonic
2252 1820 688 132 philosophy.
3056 1820 592 104 Published
3700 1820 140 128 by
3892 1820 308 104 Com-

380 1972 364 100 mittee
808 2004 140 64 on
1008 1968 568 100 education
1644 1968 216 104 and
1924 1968 400 100 service
2384 1972 124 100 of
2568 1972 180 96 the
2812 1964 384 108 Grand
3260 1968 316 132 lodge
3640 1964 120 104 of
3824 1968 380 132 Texas,

380 2120 128 96 A.
564 2120 120 96 F.
736 2120 80 92 &
872 2120 132 96 A.
1060 2116 188 132 M.,
1296 2116 140 132 by
1492 2116 556 136 authority
2104 2120 216 100 and
2368 2120 268 104 with
2692 2120 180 96 the
2928 2120 528 128 approval
3512 2116 124 104 of
3680 2116 180 100 the
3912 2116 292 100 Most

376 2264 696 132 Worshipful
1128 2264 352 132 grand
1540 2276 428 120 master,
2028 2264 184 104 for
2264 2264 708 104 distribution
3036 2300 396 96 among
3484 2264 352 132 newly
3896 2264 308 100 made

376 2428 396 92 master
824 2452 452 64 masons.
1396 2416 472 128 [Dallas,
1976 2420 284 108 ͨ1930]

508 2564 108 80 62
680 2588 84 72 p.
876 2568 508 84 16ͨͫ.

392 2704 96 96 ©
560 2708 232 84 Mar.
864 2708 72 96 1,
1008 2708 268 92 1930;
1348 2712 132 76 2c.
1552 2720 240 76 June
1860 2708 156 92 28;
2092 2708 160 76 aff.
2324 2708 196 80 Oct.
2592 2704 156 92 27;
2824 2704 84 76 A
2968 2704 332 96 30266;
3380 2704 316 80 Grand
3768 2708 264 92 lodge
4104 2708 100 76 of

516 2820 308 76 Texas
880 2820 100 76 A.
1044 2820 96 76 F.
1204 2820 72 76 &
1332 2816 100 80 A.
1496 2820 96 76 M
1600 2876 48 32 .,
1708 2820 304 88 Waco,
2076 2816 220 80 Tex.
2432 2812 536 96 (30-32001)
3740 2812 288 84 13037

380 3028 644 120 Goldmark,
1080 3028 608 120 Josephine
1756 3028 364 120 Clara,
2188 3036 324 96 1877-

508 3172 520 132 Pilgrims
1096 3172 120 100 of
1284 3172 208 128 '48;
1568 3208 196 64 one
1832 3172 340 100 man's
2240 3188 252 116 part
2560 3172 112 96 in
2744 3172 180 100 the
3000 3172 524 100 Austrian
3592 3172 604 100 revolution

372 3320 120 100 of
576 3328 292 124 1848,
948 3320 216 104 and
1252 3356 60 64 a
1400 3320 396 132 family
1880 3316 592 136 migration
2560 3332 104 92 to
2756 3320 536 132 America,
3376 3320 144 132 by
3604 3320 592 132 Josephine

372 3468 660 128 Goldmark;
1104 3468 264 100 with
1440 3508 56 60 a
1564 3504 192 92 pre
1764 3464 56 104 f
1824 3504 176 64 ace
2068 3468 144 136 by
2276 3468 316 104 Josef
2660 3468 236 100 Red
2900 3472 32 96 l
2944 3468 172 100 ich
3172 3476 64 120 …
3444 3468 256 104 New
3772 3472 428 124 Haven,

380 3616 268 100 Yale
708 3616 600 136 university
1368 3652 348 96 press;
1784 3616 488 132 London,
2332 3620 144 104 H.
2532 3616 508 132 Milford,
3100 3616 436 104 Oxford
3592 3620 608 132 university

368 3800 324 96 press,
760 3772 292 100 1930.

500 3948 64 56 x
568 3928 164 76 viii
784 3952 112 68 p.,
956 3928 52 76 2
1064 3928 84 88 l.,
1212 3964 24 60 [
1236 3928 52 76 3
1296 3964 88 60 ]-
1384 3928 164 76 311
1604 3932 52 76 p
1672 3988 16 16 .
1804 3928 312 88 front.,
2172 3928 328 88 plates,
2560 3944 56 76 p
2624 3952 48 52 o
2680 3928 156 76 rts.
2952 3928 180 76 24-
3144 3956 28 48 ͨͫ

504 4060 556 80 "Published
1124 4084 48 56 o
1180 4084 56 52 n
1296 4060 160 80 the
1504 4064 260 92 Mary
1840 4060 252 96 Cady
2152 4064 216 76 Tew
2432 4064 40 72 f
2484 4080 52 56 u
2540 4060 204 76 nd."

508 4168 128 76 "B
644 4188 108 60 oo
760 4172 108 72 ks
920 4172 184 76 and
1160 4168 624 96 publications
1832 4188 124 76 qu
1964 4188 44 56 o
2016 4168 264 80 ted":
2336 4188 84 72 p.
2480 4172 192 96 [297
2680 4208 20 60 ]
2708 4168 248 80 -300.

388 4296 92 96 ©
532 4308 88 72 N
624 4328 48 56 o
684 4328 80 60 v.
808 4308 76 92 7,
936 4304 268 92 1930;
1256 4304 128 80 2c.
1432 4308 228 76 Nov.
1712 4304 156 92 14;
1920 4304 160 80 aff.
2128 4304 228 80 Nov.
2408 4304 156 88 13;
2620 4304 80 76 A
2748 4304 328 92 30626;
3128 4308 232 76 Yale
3408 4308 252 80 univ.
3708 4328 292 72 press.

532 4412 536 100 (30-31907)
3740 4412 48 84 1
3796 4412 52 84 3
3856 4412 172 84 038

380 4624 568 124 Goodwin,
1004 4624 524 104 Cardinal
1580 4624 600 108 Leonidas.

504 4772 296 100 John
856 4768 452 108 Charles
1360 4772 548 124 Frémont,
1964 4808 136 64 an
2148 4772 708 128 explanation
2908 4772 120 100 of
3076 4772 168 104 his
3300 4808 392 96 career,
3740 4772 144 132 by
3940 4772 260 104 Car-

372 4916 304 104 dinal
736 4916 532 108 Goodwin
1328 4920 64 112 …
1596 4916 532 108 Stanford
2192 4916 676 136 University,
2932 4920 368 132 Calif.,
3368 4920 536 104 Stanford
3968 4920 236 100 uni-

376 5068 404 136 versity
856 5104 352 92 press;
1292 5068 488 132 London,
1860 5068 144 100 H.
2088 5064 504 140 Milford,
2676 5064 436 104 Oxford
3196 5064 600 140 university
3872 5104 332 96 press,

380 5224 284 96 1930.

504 5372 96 76 xi
612 5432 20 28 ,
696 5372 112 76 28
812 5372 48 76 5
932 5396 84 68 p.
1128 5372 228 76 fold.
1428 5392 244 72 map.
1784 5372 500 84 23ͨͫ.

508 5508 720 92 Bibliography:
1288 5528 84 72 p.
1424 5504 416 84 263-272.

388 5644 92 88 ©
552 5648 244 96 Sept.
856 5648 128 92 25,
1044 5648 268 88 1930;
1376 5648 128 80 2c.
1568 5648 196 76 Oct.
1820 5648 156 88 16;
2040 5644 100 80 af
2136 5644 40 76 f
2184 5708 16 16 .
2264 5648 196 76 Oct.
2516 5648 160 84 15;
2740 5644 80 76 A
2872 5648 328 88 30821;
3268 5648 76 76 B
3356 5668 48 56 o
3408 5648 172 76 ard
3636 5648 100 76 of
3800 5656 32 68 t
3848 5660 356 64 rustees

516 5760 96 72 of
668 5760 352 76 Leland
1084 5760 444 76 Stanford
1592 5756 308 88 junior
1960 5756 276 96 univ.,
2300 5756 452 76 Stanford
2812 5756 568 96 University,
3444 5756 276 84 Calif.

536 5864 368 100 (13039)
3740 5864 288 84 13039

380 6072 432 128 Gwinn,
880 6072 344 128 Clyde
1284 6076 520 104 Wallace.

504 6224 184 96 An
764 6220 780 128 experimental
1628 6220 324 140 study
2032 6224 120 96 of
2236 6220 400 136 college
2716 6224 572 100 classroom
3376 6224 552 108 teaching:
4020 6224 180 100 the

372 6368 1220 132 question-and-answer
1704 6372 436 100 method
2252 6408 364 64 versus
2724 6372 184 100 the
3016 6372 400 104 lecture
3528 6372 436 100 method
4076 6372 124 100 of

372 6516 504 132 teaching
964 6516 400 136 college
1456 6516 504 136 English,
2052 6516 144 140 by
2288 6516 344 136 Clyde
2720 6520 252 104 Wal
2980 6520 32 100 l
3024 6552 176 68 ace
3292 6520 432 132 Gwinn,
3816 6556 64 64 P
3876 6540 36 68 H
3984 6604 16 16 .
4100 6520 48 88 D
4172 6604 16 20 .

372 6668 596 128 Nashville,
1040 6672 372 128 Tenn.,
1492 6668 420 132 George
1992 6668 512 136 Peabody
2584 6668 400 132 college
3064 6668 180 100 for
3312 6672 516 128 teachers,
3908 6676 284 100 1930.

508 6824 188 96 viii,
764 6828 104 76 13
880 6828 48 76 5
992 6848 76 72 p.
1188 6828 264 92 diagr
1460 6848 44 52 s
1512 6892 16 16 .
1640 6820 504 88 23ͨͫ.
2000 6828 28 92 (
2128 6824 12 64 H
2144 6824 88 72 al
2232 6828 52 92 f
2284 6872 28 12 -
2324 6828 112 76 tit
2480 6820 120 88 le
2544 6852 24 56 :
2636 6828 696 80 Contributions
3396 6840 92 68 to
3548 6812 488 100 education
4104 6852 48 56 o
4160 6836 44 72 f

380 6936 344 92 George
784 6936 428 96 Peabody
1272 6936 340 92 college
1668 6936 152 80 for
1880 6936 444 92 teachers,
2392 6960 140 60 no.
2600 6936 152 96 76)

508 7072 192 76 The
704 7092 48 60 s
760 7072 24 76 i
796 7092 44 56 s
936 7076 28 88 (
976 7092 56 56 P
1048 7092 92 60 H.
1220 7092 56 56 D
1284 7072 556 96 .)-George
1924 7076 424 88 Peabody
2432 7076 336 88 college
2852 7076 148 76 for
3080 7080 444 88 teachers,
3608 7080 244 76 1930.

508 7176 424 84 Without
1000 7184 296 76 thesis
1356 7188 244 76 note.

504 7284 716 100 Bibliography:
1288 7308 84 76 p.
1440 7292 300 76 84-85.

392 7416 88 88 ©
532 7428 84 72 N
624 7448 44 52 o
676 7448 88 56 v.
804 7428 76 92 1,
924 7424 164 76 193
1096 7424 56 76 0
1176 7448 20 68 ;
1244 7424 52 76 2
1300 7448 72 52 c.
1420 7448 52 52 a
1476 7428 128 72 nd
1652 7424 96 76 af
1744 7424 40 76 f
1796 7488 12 16 .
1856 7428 224 80 Nov.
2128 7428 60 72 6
2212 7448 20 68 ;
2280 7428 80 72 A
2404 7424 160 80 303
2568 7424 60 80 9
2628 7424 100 96 2;
2784 7428 352 92 George
3184 7428 432 92 Peabody
3664 7428 340 92 college
4048 7428 160 80 for

520 7536 448 80 teachers.
1100 7532 536 96 (30-32141)
3744 7532 292 84 13040

2160 7640 260 100 2023
