4752 8320
2280 7700 260 100 1624

496 696 544 124 Labaree,
1100 692 512 104 Leonard
1676 688 448 108 Woods.

624 840 304 128 Roya
940 844 32 96 l
1052 848 708 120 government
1836 832 112 100 in
2032 836 564 120 America;
2680 872 52 64 a
2816 832 324 132 study
3220 832 120 100 of
3412 832 176 100 the
3672 828 420 104 British
4172 864 160 64 co-

492 992 100 96 lo
600 988 184 100 nia
792 988 28 96 l
928 1000 392 120 system
1420 980 368 104 before
1892 984 120 100 17
2024 988 56 92 8
2092 988 56 92 3
2160 1064 24 44 ,
2280 980 144 136 by
2520 976 504 104 Leonard
3124 984 136 100 W
3268 980 260 100 oods
3628 980 232 96 Lab
3868 1016 48 60 a
3940 1012 48 64 r
3992 1016 52 56 e
4056 1016 48 64 e
4192 988 68 112 …

492 1136 260 100 New
808 1136 428 124 Haven,
1292 1136 104 96 Y
1404 1132 160 100 ale
1624 1132 380 100 univer
2008 1156 48 72 s
2060 1136 164 128 ity
2284 1164 352 92 press;
2700 1144 264 116 lets.,
3016 1140 192 88 etc.
3320 1136 116 92 19
3444 1136 56 92 3
3512 1136 88 96 0.

628 1296 60 72 x
696 1296 60 76 ii
772 1360 16 28 ,
856 1296 48 76 4
912 1296 52 76 9
968 1300 52 72 1
1096 1316 80 72 p.
1292 1292 220 76 22Cm.
1652 1292 132 92 (H
1796 1288 88 76 al
1892 1288 76 96 f-
1980 1296 24 68 t
2024 1292 68 72 it
2104 1292 80 72 le
2200 1312 24 56 :
2300 1292 164 72 Yal
2480 1312 44 52 e
2592 1288 484 80 historical
3156 1288 644 96 publications.
3940 1288 396 80 Studies.

488 1408 144 88 VI)

628 1512 48 32 "
684 1516 72 72 B
768 1508 704 92 ibliographicol
1528 1504 324 84 note":
1916 1528 76 72 p.
2064 1504 392 96 (449-46
2452 1508 52 72 8
2520 1564 16 16 .

508 1624 96 88 ©
668 1624 228 88 Aug.
952 1620 132 88 29,
1144 1624 44 72 1
1196 1616 104 80 93
1312 1620 52 68 0
1384 1644 24 60 :
1472 1616 128 96 2c.
1664 1616 244 92 Sept.
1964 1616 160 84 25:
2188 1636 48 56 a
2248 1612 96 80 ff.
2408 1616 244 92 Sept.
2712 1612 48 76 2
2768 1616 104 92 4;
2932 1616 80 72 A
3068 1612 164 80 278
3236 1612 52 80 3
3296 1612 100 92 2;
3460 1616 228 72 Yale
3748 1636 60 52 U
3816 1612 92 76 ni
3916 1636 56 52 v
3984 1676 16 12 .
4060 1632 284 76 press.

660 1732 536 96 (30-25-75)
3880 1716 52 84 1
3940 1720 48 84 0
4000 1720 48 80 5
4060 1720 48 84 3
4116 1720 52 80 8

496 1888 580 120 Lambert,
1136 1888 384 120 Avery
1580 1884 524 120 Eldorus,
2168 1888 328 100 1872-

628 2032 356 108 Guide
1032 2044 108 88 to
1192 2032 328 132 study
1568 2032 120 100 of
1736 2028 548 136 histology
2332 2028 216 104 and
2600 2024 700 132 microscopic
3352 2044 548 120 anatomy,
3948 2028 176 100 for
4176 2028 176 100 the

496 2216 180 68 use
740 2180 124 104 of
924 2180 500 104 students
1484 2180 116 100 in
1672 2176 456 104 medical
2200 2180 448 124 schools,
2720 2176 212 100 and
3004 2180 488 128 colleges,
3564 2180 144 132 by
3772 2176 372 136 Avery
4220 2176 128 100 E.

496 2332 516 104 Lambert
1100 2332 64 112 …
1380 2336 188 96 152
1652 2324 764 108 illustrations.
2572 2324 816 136 Philadelphia,
3476 2328 120 100 P.
3688 2324 656 104 Blakiston's

496 2516 192 72 son
732 2488 88 96 &
868 2516 184 96 co.,
1104 2480 112 104 in
1228 2516 52 68 c
1288 2560 20 24 .
1380 2496 68 120 (
1460 2484 256 96 1930
1728 2548 24 64 ]

628 2636 92 76 ix
736 2696 16 32 ,
824 2636 168 80 262
1068 2660 80 68 p.
1268 2636 248 76 illus.
1572 2636 252 92 (part
1904 2632 220 88 col.)
2252 2632 224 80 24".

508 2752 96 88 ©
680 2756 244 92 Sept.
992 2756 132 92 27,
1188 2756 52 72 1
1252 2748 164 80 930
1448 2772 20 68 ;
1536 2760 48 72 2
1588 2772 76 60 c.
1736 2752 244 88 Sept.
2048 2748 160 88 30;
2280 2748 160 80 aff.
2512 2748 248 92 Sept.
2824 2744 160 92 29;
3056 2748 84 76 A
3204 2744 328 92 28541;
3608 2748 96 76 P.
3776 2744 576 80 Blakiston's

640 2884 40 56 s
692 2888 48 56 o
748 2884 56 56 n
860 2864 72 80 &
988 2884 104 56 co
1104 2924 44 32 .,
1204 2864 100 72 in
1308 2884 44 56 c
1364 2924 16 16 .
1520 2856 436 100 (30-2559
1964 2860 48 76 5
2032 2860 28 92 )
3884 2852 288 84 10539

496 3020 160 104 La
708 3020 916 120 Motte-Fouqum,
1676 3012 584 104 Friedrich
2316 3008 544 108 Heinrich
2908 3012 316 124 Karl,
3272 3016 228 132 frei
3504 3016 44 100 l
3580 3048 176 68 err
3804 3012 172 124 de,
4028 3016 324 104 1777-

640 3176 284 100 1843.

632 3320 472 108 Undine.
1192 3324 136 128 by
1412 3320 120 104 F.
1616 3320 168 104 De
1864 3320 156 104 La
2104 3320 356 104 Motte
2540 3316 300 116 Fouq
2844 3340 64 76 u
2900 3328 120 120 6,
3100 3320 608 100 translated
3796 3316 288 100 from
4172 3316 180 100 the

496 3472 480 104 German
1044 3476 148 132 by
1260 3472 516 100 Edmund
1848 3468 372 124 Gosse,
2288 3468 308 104 wood
2604 3504 56 64 c
2668 3480 176 92 uts
2904 3472 140 132 by
3116 3472 324 100 Allen
3512 3464 384 104 Lewis.
4056 3464 296 132 (New

496 3624 316 104 York
912 3628 228 96 The
1196 3620 480 104 Limited
1736 3620 472 104 editions
2264 3620 280 132 club,
2604 3624 288 100 1930.

636 3776 88 80 vi
724 3776 28 68 i
772 3836 12 16 .
844 3776 184 92 141,
1092 3812 20 60 [
1116 3776 48 72 1
1172 3812 24 60 ]
1252 3792 112 76 p.,
1416 3776 48 72 1
1520 3776 20 72 1
1556 3804 16 44 .
1620 3776 152 72 inc
1780 3776 52 80 l.
1888 3772 312 88 front.,
2252 3772 248 76 illus.
2616 3772 108 76 32
2760 3772 64 60 4
2872 3804 24 44 .

628 3884 152 80 Tit
792 3884 80 80 le
884 3904 84 72 -p
976 3908 44 52 a
1036 3904 104 68 ge
1200 3884 188 76 and
1452 3892 84 68 te
1544 3892 56 60 x
1612 3884 32 76 t
1708 3880 332 76 within
2100 3900 48 56 o
2168 3900 40 56 r
2208 3892 56 60 n
2268 3880 48 68 s
2280 3904 44 52 a
2344 3880 348 76 mental
2752 3880 360 76 border.

632 3988 288 80 "This
968 3992 356 80 edition
1380 3988 104 80 of
1536 3988 320 80 fifteen
1924 3988 420 76 hundred
2404 3988 308 92 copies
2772 3992 268 72 made
3096 3988 152 76 for
3308 3992 156 72 the
3520 4008 140 56 me
3672 3988 304 76 mbers
4036 3988 100 76 of
4188 3992 152 76 the

496 4100 68 76 L
576 4100 24 76 i
612 4120 80 56 m
712 4100 16 76 i
744 4108 88 72 te
840 4100 56 76 d
948 4100 408 80 editions
1408 4096 232 88 club,
1696 4116 56 72 p
1764 4116 40 56 r
1808 4096 28 76 i
1844 4100 104 76 nt
1956 4100 112 72 ed
2124 4096 116 88 by
2296 4100 156 72 the
2512 4096 200 76 Har
2720 4096 52 76 b
2780 4116 104 56 or
2940 4116 260 72 press
3260 4096 100 76 of
3416 4096 224 76 New
3696 4096 248 76 York
4004 4096 188 92 city
4248 4088 56 96 …

496 4208 228 76 This
776 4224 224 72 copy
1100 4212 56 60 s
1220 4208 60 84 …
1336 4204 488 84 copyright
1876 4200 308 96 copy."
2300 4200 392 92 Signed:
2748 4200 268 80 Allen
3080 4200 324 84 Lewis.

508 4300 104 96 ©
676 4320 228 92 July
968 4320 132 88 25,
1172 4320 44 72 1
1228 4316 104 76 93
1340 4316 100 88 0;
1516 4324 48 64 2
1572 4340 68 52 c.
1712 4316 232 92 Aug.
2012 4316 48 72 2
2068 4316 64 76 6
2152 4336 20 60 :
2244 4336 48 52 a
2308 4312 96 80 ff.
2476 4312 196 80 Oct.
2740 4312 104 92 9;
2920 4316 80 72 A
3064 4312 332 92 28141;
3476 4316 396 76 Limited
3944 4316 408 76 editions

648 4452 44 56 c
696 4428 28 68 l
748 4428 132 92 ub,
948 4428 92 72 in
1040 4444 44 56 c
1104 4488 12 16 .
1280 4408 88 88 ®
1276 4416 100 104 @
1444 4424 632 76 illustrations
2144 4428 180 72 and
2396 4424 588 76 decorations
3048 4424 120 92 by
3236 4424 268 76 Allen
3572 4424 300 76 Lewis

660 4536 28 92 (
700 4536 52 80 3
760 4536 440 92 0-24045)
3884 4532 288 80 10540

492 4688 560 124 Luzzatti,
1112 4688 372 124 Luigi,
1552 4692 624 104 1841-1927.

628 4840 244 104 God
924 4840 112 100 in
1092 4840 544 128 freedom;
1696 4836 572 108 studies.in
2324 4840 180 100 the
2560 4840 524 100 relations
3132 4840 480 100 between
3664 4844 400 96 church
4128 4840 204 100 and

492 5000 308 104 state,
852 4992 140 128 by
1044 4992 188 100 the
1284 4992 212 96 late
1552 4988 328 132 Luigi
1940 4988 508 104 Luzzatti
2532 4992 60 112 …
2680 4992 604 100 translated
3344 4988 292 104 from
3688 4992 184 100 the
3928 4992 408 100 Italian

488 5136 144 136 by
692 5136 480 104 Alfonso
1232 5136 776 120 Arbib-Costa,
2072 5136 264 104 with
2404 5136 584 104 American
3052 5140 900 132 supplementary
4016 5140 312 132 chap-

492 5296 216 92 ters
776 5288 144 136 by
992 5288 576 100 President
1640 5288 500 104 William
2216 5292 144 100 H.
2436 5288 308 108 Taft,
2812 5292 116 96 H
2940 5324 168 72 on.
3184 5292 396 132 Irving
3652 5292 484 96 Lehman
4208 5292 68 108 …

496 5436 252 132 land
808 5436 368 104 others
1264 5444 68 108 …
1548 5440 264 100 New
1876 5440 344 128 York,
2280 5444 228 96 The
2568 5436 652 108 Macmillan
3272 5472 572 100 company.
3916 5444 284 96 1930.

628 5604 120 60 xx
756 5604 60 60 x
828 5592 88 76 ix
932 5652 16 28 ,
1016 5592 160 80 794
1240 5612 80 76 p.
1436 5592 44 80 f
1488 5616 44 52 r
1540 5616 48 56 o
1596 5600 128 72 nt.
1780 5592 332 96 (port.)
2244 5592 224 80 24"'.

628 5700 408 80 Editor's
1092 5700 372 96 preface
1520 5700 376 92 signed:
1956 5704 216 76 Max
2236 5704 84 80 J.
2376 5704 380 76 Kohler.

628 5812 152 76 "Is
788 5832 44 52 s
840 5816 172 72 ued
1080 5800 28 80 i
1112 5808 60 72 n
1240 5832 104 56 co
1356 5832 328 56 mmem
1696 5832 44 56 o
1756 5832 40 52 r
1800 5816 104 72 at
1908 5812 32 76 i
1948 5832 48 56 o
2004 5832 56 56 n
2128 5832 48 56 o
2188 5812 40 76 f
2296 5816 156 72 the
2520 5836 48 52 o
2580 5832 108 56 ne
2756 5816 52 72 h
2824 5816 240 72 undr
3068 5816 112 72 ed
3248 5832 120 56 an
3380 5816 52 76 d
3500 5816 32 72 f
3532 5816 24 72 i
3568 5816 40 72 f
3616 5816 232 76 tieth
3916 5836 112 56 an
4048 5840 52 48 n
4116 5816 84 72 iv
4208 5840 132 52 er-

492 5940 220 68 sary
772 5920 100 76 of
932 5920 156 76 the
1148 5920 716 76 constitutional
1924 5920 712 80 establishment
2704 5924 96 72 of
2868 5920 444 92 religions
3372 5920 280 80 lilert
3644 5928 60 68 y
3724 5924 72 76 ."

628 6028 324 92 "Luigi
1024 6032 72 72 L
1104 6048 112 56 uz
1224 6028 308 80 zatti's
1604 6028 116 68 Di
1664 6028 88 68 N
1736 6052 48 52 o
1852 6032 244 76 nella
2172 6028 344 80 libert$
2568 6028 56 84 …
2760 6052 196 56 was
3024 6032 488 92 published
3580 6032 96 76 in
3748 6032 120 76 its
3940 6036 392 88 original

492 6136 244 80 form
812 6140 92 76 in
988 6136 348 80 Italian
1416 6140 88 72 in
1588 6136 220 80 1909
1884 6140 292 76 under
2252 6140 156 76 the
2488 6136 208 80 title
2772 6140 124 76 La
2980 6140 332 76 libertA
3396 6140 92 76 di
3568 6140 468 76 coscienza
4120 6152 44 60 e
4244 6140 88 72 di

492 6248 364 76 scienza
924 6248 60 84 …
1132 6248 104 76 In
1292 6248 220 76 1926
1560 6248 156 76 the
1764 6248 412 88 distingu
2192 6248 28 76 i
2220 6248 236 76 shed
2504 6248 344 76 author
2900 6252 436 88 enlarged
3396 6252 68 76 it
3524 6256 92 72 to
3668 6252 284 76 about
4004 6252 332 76 double

492 6356 124 76 its
668 6356 400 88 original
1128 6352 212 92 size,
1396 6360 92 72 to
1540 6376 104 56 co
1652 6376 56 56 n
1720 6356 168 76 stit
1896 6380 60 52 u
1964 6360 32 72 t
2004 6376 52 56 e
2108 6356 156 76 the
2324 6360 336 72 second
2712 6360 364 76 volume
3132 6356 100 76 of
3284 6360 148 72 his
3484 6360 444 80 collected
3988 6360 348 80 Italian

492 6464 332 80 works.
944 6468 88 72 It
1100 6464 80 76 is
1248 6464 192 76 this
1500 6464 356 76 edition
1924 6464 308 80 which
2296 6464 80 76 is
2444 6468 220 76 here
2732 6468 492 92 presented
3292 6468 92 76 in
3456 6468 392 92 English
3912 6468 416 92 garb."-

492 6572 404 76 Editor's
948 6572 236 96 pref.

624 6684 248 76 "The
924 6684 168 80 life
1148 6704 48 52 a
1212 6680 120 76 nd
1388 6684 260 76 work
1696 6680 100 76 of
1852 6680 272 96 Luigi
2176 6680 456 96 Luzzatti,
2688 6684 116 92 by
2840 6684 160 80 Dr.
3040 6684 192 80 Dor
3240 6704 44 60 a
3328 6684 600 80 Askowith":
3968 6708 80 72 p.
4084 6708 56 56 x
4152 6688 88 76 vi
4216 6652 68 88 n
4284 6732 52 12 -

484 6796 60 60 x
548 6800 152 72 xv.

500 6872 96 88 ©
660 6900 240 92 Sept.
956 6900 132 80 23.
1144 6892 264 100 1930;
1468 6900 48 72 2
1524 6920 48 52 c
1580 6960 20 20 .
1648 6924 52 52 a
1712 6904 120 72 nd
1884 6924 56 56 a
1948 6900 72 76 ff
2028 6964 16 16 .
2104 6900 244 92 Sept.
2400 6900 156 92 24;
2616 6900 84 80 A
2748 6900 220 80 2772
2976 6904 48 76 3
3060 6924 16 56 :
3140 6904 544 80 Macmillan
3736 6928 100 56 co
3848 6968 12 16 .

656 7008 536 92 (30-25515)
3868 7008 288 84 10541

484 7160 424 124 Lyttle,
964 7164 296 104 John
1320 7164 456 120 Dooley,
1840 7176 320 96 1889-

668 7324 64 104 …
796 7312 688 132 Laboratory
1540 7316 624 128 pediatrics,
2220 7316 148 136 by
2416 7320 296 104 John
2768 7324 136 100 D.
2964 7320 368 132 Lyttle
3412 7332 64 104 …
3660 7328 264 96 New
3980 7320 348 128 York,

484 7460 496 132 London,
1048 7464 136 104 D.
1260 7460 560 132 Appleton
1896 7464 216 104 and
2184 7500 572 100 company,
2832 7476 284 96 1930.
