4752 8320
2132 7652 252 96 1891

380 680 512 124 Bridges,
948 680 428 104 Victor.

508 836 232 96 The
800 832 268 132 king
1124 868 344 64 comes
1528 832 296 100 back.
1984 832 740 108 [Instalments
2788 836 216 104 1-9]

536 976 92 88 (I
640 1004 52 56 n
752 980 384 80 London
1192 980 436 96 Evening
1684 1004 284 72 news,
2032 980 200 80 Oct.
2300 980 312 96 23-25,
2676 980 316 96 26-31,
3056 976 240 84 Nov.
3360 980 76 92 1,
3500 976 280 96 1930)

384 1112 92 92 ©
544 1124 120 80 1c.
724 1120 212 76 Dec.
996 1120 52 72 2
1056 1120 52 76 0
1112 1180 16 32 ,
1192 1116 268 92 1930;
1524 1120 84 72 A
1664 1120 120 76 ad
1844 1120 164 76 int.
2068 1116 324 92 14598;
2464 1120 268 88 pubd.
2800 1116 192 80 Oct.
3056 1116 304 92 23-25,
3420 1116 304 92 27-31,
3788 1120 224 76 Nov.
4076 1124 52 76 1
4160 1140 16 56 :

512 1248 72 76 V
596 1288 16 16 .
684 1228 416 92 Bridges.
1172 1228 404 76 London.
3724 1224 292 80 12222

372 1432 608 124 Burdekin,
1036 1440 264 100 Mrs.
1356 1436 672 104 Katharine.

496 1576 328 120 Quiet
904 1612 324 96 ways,
1308 1576 144 136 by
1532 1580 604 100 Katherine
2216 1580 592 100 Burdekin.
2964 1580 488 128 London,
3536 1580 120 104 T.
3748 1580 428 100 Butter-

368 1724 340 104 worth
768 1724 424 104 limited
1264 1764 32 80 [
1304 1736 184 92 193
1500 1736 60 92 0]

492 1888 52 72 4
596 1908 52 68 p
660 1948 16 16 .
732 1892 32 72 l
772 1948 44 28 .,
872 1888 356 92 11-317,
1292 1928 20 56 [
1320 1888 76 96 1]
1452 1908 56 68 p
1516 1948 16 16 .
1648 1888 108 76 19
1768 1888 100 96 ½ͨͫ
1908 1948 20 16 .

380 2016 92 96 ©
524 2032 124 76 1c.
692 2024 228 80 Nov.
968 2024 40 72 1
1020 2024 48 76 3
1072 2080 24 32 ,
1144 2024 44 72 1
1196 2020 164 80 930
1392 2044 16 68 ;
1456 2024 84 72 A
1580 2024 120 76 ad
1744 2024 164 76 int.
1956 2024 164 72 144
2124 2024 108 72 08
2264 2044 20 68 ;
2332 2024 272 92 pubd.
2660 2020 236 96 Sept.
2952 2024 152 88 18;
3160 2024 532 76 Katharine
3736 2024 448 92 Penelope

508 2132 308 80 Burde
800 2128 60 76 k
884 2128 120 96 in,
1068 2132 68 72 P
1144 2156 48 56 o
1200 2132 156 76 rth
1416 2132 328 92 Curno,
1808 2132 488 92 Cornwall,
2360 2132 448 92 England.
2948 2132 532 92 (30-31719)
3724 2128 284 84 12223

364 2344 408 120 Cabell,
832 2344 384 100 James
1276 2344 488 120 Branch,
1828 2348 316 100 1879-

500 2488 316 108 Some
880 2488 120 104 of
1056 2524 180 96 us;
1304 2528 140 60 an
1508 2528 304 92 essay
1872 2492 120 100 in
2052 2492 540 128 epitaphs,
2652 2492 144 132 by
2860 2492 372 104 James
3292 2492 452 104 Branch
3804 2492 368 104 Cabell

492 2640 68 104 …
628 2636 264 104 New
944 2636 344 132 York,
1336 2640 132 100 R.
1520 2640 152 100 M.
1724 2640 528 100 McBride
2300 2644 92 96 &
2444 2672 568 100 company,
3068 2644 288 96 1930.

488 2792 52 76 6
600 2816 84 68 p.
752 2792 84 92 l.,
904 2792 272 80 3-135
1240 2816 84 68 p.
1444 2792 48 76 2
1500 2792 48 80 5
1576 2800 40 40 ͨͫ
1648 2856 16 16 .

496 2924 436 80 "Printed
992 2928 244 76 from
1304 2932 212 88 type
1580 2928 96 76 in
1740 2948 120 56 an
1924 2924 356 80 edition
2344 2928 96 76 of
2504 2928 328 76 twelve
2900 2928 424 76 hundred
3396 2932 184 72 and
3644 2932 532 88 ninety-five

356 3036 328 92 copies,
748 3032 104 80 of
916 3036 300 76 which
1284 3036 324 76 twelve
1672 3040 424 72 hundred
2160 3040 184 72 and
2412 3036 216 92 fifty
2688 3056 160 56 are
2912 3032 152 80 for
3128 3036 224 80 sale.
3464 3036 192 80 The
3728 3044 212 84 type
4016 3040 168 76 has

356 3140 228 80 been
644 3144 520 88 destroyed.
1276 3140 228 80 This
1568 3144 84 76 is
1716 3160 224 72 copy
2004 3140 220 80 1277
2296 3140 352 96 [signed]
2744 3144 316 76 James
3124 3144 372 80 Branch
3564 3144 400 80 Cabell."

492 3272 68 80 C
568 3284 60 64 O
624 3280 508 76 NTENTS.-
1136 3276 340 76 Dizain
1524 3276 100 76 of
1672 3280 156 76 the
1880 3272 408 92 doomed,
2336 3296 56 56 a
2444 3280 212 76 note
2708 3296 104 56 as
2868 3280 88 76 to
3008 3276 396 80 amiable
3456 3284 716 84 agreements.-

360 3380 524 92 Sanctuary
932 3384 96 76 in
1080 3384 496 92 porcelain,
1632 3404 56 56 a
1740 3388 212 76 note
2008 3404 108 56 as
2176 3388 88 76 to
2320 3384 212 76 Elin
2540 3404 52 56 o
2604 3404 44 56 r
2700 3384 808 88 Wylie.-Shades
3564 3384 100 80 of
3712 3388 352 92 purple,
4124 3412 56 52 a

356 3496 208 72 note
632 3512 104 56 as
800 3496 96 72 to
960 3492 408 76 Frances
1432 3492 1052 80 Newman.-Remarks
2548 3492 100 76 in
2712 3496 376 88 transit,
3156 3512 56 56 a
3276 3496 212 76 note
3560 3512 104 60 as
3736 3496 92 76 to
3900 3496 276 76 Willa

356 3596 708 80 Cather.-Two
1128 3600 244 76 sides
1436 3600 96 76 of
1592 3604 156 76 the
1812 3600 440 80 shielded.
2320 3620 52 56 a
2436 3604 212 76 note
2712 3620 108 56 as
2884 3604 92 72 to
3044 3600 268 80 Ellen
3372 3600 656 92 Glasgow.-G
4036 3624 48 56 o
4088 3604 92 76 b-

356 3704 176 80 lins
588 3708 92 76 in
740 3708 560 88 Winnemac,
1356 3728 56 56 a
1468 3712 212 76 note
1736 3728 108 56 as
1896 3712 96 72 to
2052 3704 400 80 Sinclair
2508 3708 676 80 Lewis.-Prot
3188 3708 48 80 e
3240 3728 56 72 g
3300 3712 48 76 e
3356 3728 44 56 s
3452 3708 104 80 of
3612 3712 152 76 the
3828 3728 348 60 censor.

352 3836 56 56 a
480 3820 212 72 note
768 3836 104 56 as
944 3820 96 72 to
1112 3816 380 76 various
1568 3816 828 80 writers.-About
2468 3836 168 56 one
2712 3820 184 72 and
2976 3820 420 88 another,
3476 3836 52 56 a
3604 3820 216 76 note
3896 3840 108 56 as
4084 3820 92 76 to

352 3920 348 96 Joseph
792 3924 88 76 H
884 3944 44 56 e
944 3924 1100 92 rgesheimer.-Dreams
2136 3944 116 56 on
2348 3944 572 72 cosmogony,
3016 3944 56 56 a
3164 3928 216 76 note
3476 3944 104 56 as
3680 3928 92 76 to
3864 3924 116 76 H.
4084 3924 92 80 L.

348 4028 96 76 M
412 4024 824 88 encken.-Doom
1288 4032 104 76 of
1444 4036 148 76 the
1648 4032 340 92 dizain,
2040 4052 56 56 a
2152 4036 212 76 note
2424 4052 104 56 as
2584 4036 96 72 to
2736 4036 156 76 the
2952 4036 196 76 real
3200 4032 392 80 trouble.

368 4144 88 88 ©
524 4168 192 76 Oct.
776 4168 132 80 10.
968 4168 268 80 1930:
1296 4168 132 80 2c.
1488 4168 196 80 Oct.
1740 4168 96 76 31
1884 4188 16 60 :
1964 4168 156 76 aff.
2184 4168 192 76 Oct.
2440 4168 156 84 30;
2660 4168 84 72 A
2796 4168 328 88 30286;
3188 4168 84 80 J.
3336 4172 104 76 B.
3504 4168 124 76 Ca
3636 4172 56 72 b
3700 4172 144 76 ell.
3908 4172 80 72 R
3996 4168 32 76 i
4028 4164 152 72 ch-

496 4280 296 76 mond.
932 4276 536 92 (30-30201)
3720 4272 40 80 1
3776 4272 228 80 2224

356 4488 460 120 Carroll,
872 4488 496 104 Herbert
1424 4488 360 120 Allen,
1848 4492 328 100 1897-

484 4636 884 104 Generalization
1440 4636 124 100 of
1628 4636 380 136 bright
2080 4640 212 100 and
2364 4640 236 100 dull
2672 4636 548 116 children;
3300 4672 60 64 a
3432 4636 740 128 comparative

348 4788 332 132 study
764 4784 272 104 with
1124 4784 400 132 special
1612 4784 548 100 reference
2248 4796 112 88 to
2452 4784 504 136 spelling,
3040 4784 148 132 by
3272 4784 484 100 Herbert
3844 4788 320 100 Allen

356 4932 428 108 Carroll
876 4944 64 108 …
1124 4936 260 100 New
1460 4936 312 100 York
1844 4932 256 136 city,
2172 4936 528 104 Teachers
2772 4936 436 132 college,
3284 4936 572 104 Columbia
3932 4932 224 104 uni-

348 5084 440 132 versity,
848 5088 288 96 1930.

484 5260 56 56 v
544 5240 32 76 i
580 5240 32 72 i
616 5240 60 92 i,
756 5240 52 76 5
812 5244 52 72 4
940 5260 84 76 p.
1144 5240 92 76 di
1240 5264 56 52 a
1304 5264 180 68 grs.
1600 5240 144 76 23
1776 5240 76 56 ͨͫ
1860 5304 20 16 .
2016 5240 504 88 (Teachers
2604 5240 368 92 college,
3056 5240 480 76 Columbia
3624 5240 544 96 university.

352 5344 64 80 C
424 5368 52 56 o
480 5348 192 76 ntri
676 5348 56 76 b
740 5368 56 56 u
808 5352 36 72 t
848 5348 204 76 ions
1100 5352 92 72 to
1248 5348 520 92 education,
1820 5372 148 56 no.
2016 5348 212 88 439)

492 5480 500 76 Published
1052 5484 196 76 also
1312 5504 104 56 as
1480 5484 292 76 thesis
1848 5480 208 88 (PH.
2116 5484 128 80 D.)
2324 5480 480 84 Columbia
2868 5480 548 92 university.

360 5588 92 88 ©
520 5616 228 92 Aug.
812 5620 128 76 18.
1008 5608 268 88 1030:
1344 5608 104 88 2c
1456 5684 16 12 .
1540 5620 196 80 Oct.
1800 5620 112 76 10
1940 5640 16 56 :
2024 5616 156 80 aff.
2252 5616 192 80 Oct.
2512 5620 44 72 1
2564 5616 52 80 3
2652 5636 16 72 ;
2740 5620 72 72 A
2880 5616 324 80 29284:
3276 5616 460 80 Teachers
3804 5616 364 92 college,

488 5724 480 80 Columbia
1032 5728 248 80 univ.
1416 5728 536 96 (30-30177)
3708 5720 284 84 12225

356 5936 408 128 [Collie,
820 5940 268 100 Mrs.
1148 5940 312 100 Ruth]
1576 5952 320 92 1889-

480 6084 232 104 The
776 6084 516 132 fragrant
1356 6088 448 112 minute,
1872 6088 144 132 by
2080 6088 716 100 Wilhelmina
2872 6084 360 108 Stitch
3308 6076 60 88 [
3348 6120 184 96 pse
3536 6124 76 64 u
3616 6088 104 100 d.]
3908 6088 260 100 New

356 6228 332 132 York,
744 6236 128 96 E.
928 6236 124 100 P.
1108 6236 428 100 Dutton
1588 6236 84 92 &
1728 6268 188 96 co.,
1968 6236 208 100 inc.
2248 6240 52 100 [ͨ
2324 6240 256 96 1930]

484 6428 20 56 [
504 6384 56 80 9
564 6388 52 80 8]
708 6408 56 72 p
776 6448 12 16 .
908 6388 108 76 17
1044 6392 40 40 ͨͫ
1112 6448 16 16 .

360 6496 88 88 ©
508 6524 128 76 Oc
644 6528 60 72 t.
760 6528 72 76 7.
880 6516 108 84 19
992 6528 108 72 30
1120 6528 24 68 :
1200 6524 128 84 2c.
1380 6528 124 72 Oc
1516 6536 60 68 t.
1628 6528 108 72 10
1764 6548 20 68 ;
1836 6528 48 64 a
1896 6528 76 72 ff
1980 6592 12 16 .
2044 6528 172 76 Oct
2224 6588 12 16 .
2288 6528 56 72 9
2376 6548 16 72 ;
2448 6528 72 72 A
2572 6528 164 76 300
2744 6528 152 88 57;
2956 6528 100 76 E.
3112 6528 96 80 P.
3260 6528 360 76 Dutton
3668 6528 72 76 &
3788 6548 100 60 co
3900 6588 44 32 .,
4000 6524 168 80 inc.

504 6632 156 92 (30
660 6636 100 76 -3
772 6632 164 76 020
936 6636 56 72 5
1012 6636 28 80 )
3712 6632 284 84 12226

356 6812 692 104 Conference
1160 6848 140 68 on
1416 6816 956 128 unemployment,
2492 6820 760 136 Washington,
3364 6824 136 96 D.
3612 6820 160 104 C.,
3880 6824 60 96 1
3944 6824 68 96 9
4016 6824 60 84 9
4088 6824 52 92 1
4152 6900 16 16 .

488 6968 640 100 Committee
1188 7004 136 64 on
1380 6984 360 88 recent
1796 6972 544 104 economic
2396 6972 496 128 changes.

476 7116 564 132 Planning
1104 7116 212 100 and
1388 7116 420 104 control
1876 7116 120 104 of
2064 7116 368 132 public
2500 7116 408 128 works;
2980 7128 372 120 report
3420 7116 120 104 of
3604 7120 184 100 the
3860 7116 312 104 Com-

348 7260 368 104 mittee
784 7296 136 68 on
984 7276 364 88 recent
1404 7268 540 100 economic
2008 7268 468 132 changes
2544 7264 124 104 of
2732 7268 184 100 the
2980 7268 664 100 President's
3712 7264 460 104 Confer-

344 7444 252 68 ence
636 7448 128 64 on
812 7416 940 128 unemployment;
1808 7416 576 132 including
2420 7416 184 104 the
2648 7428 376 120 report
3064 7416 124 104 of
3228 7416 220 104 Leo
3492 7416 508 104 Wolman
4052 7412 120 100 of
