4920 8268
620 712 516 124 Morgan,
1188 712 376 120 Anna,
1620 712 168 104 ed.

752 864 516 104 Tributes
1356 876 116 92 to
1556 860 396 132 Henry
2040 860 96 100 B
2152 944 16 16 .
2264 860 292 100 from
2648 856 428 108 friends
3164 856 116 100 in
3368 860 360 104 whose
3812 856 368 104 minds
4268 860 216 104 and

616 1016 364 104 hearts
1040 1016 132 100 he
1232 1012 228 100 will
1516 1012 216 100 live
1788 1012 448 132 always,
2292 1008 544 132 compiled
2896 1012 220 100 and
3172 1012 368 100 edited
3600 1012 140 132 by
3796 1004 332 108 Anna
4188 1008 300 100 Mor-

612 1200 248 100 gan.
1000 1200 32 76 [
1032 1160 492 116 Chicago
1516 1200 36 76 ]
1628 1160 132 108 R.
1820 1160 124 100 F.
2012 1160 532 128 Seymour
2696 1164 292 124 19291

740 1324 56 72 4
840 1340 84 72 p.
976 1316 84 96 1.,
1116 1316 332 80 11-143
1500 1340 84 68 p.
1688 1316 252 80 illus.
1992 1316 144 92 (fa
2140 1324 52 64 c
2168 1312 288 88 sim.)
2520 1316 292 80 ports.
2916 1316 108 72 22
3056 1312 56 60 ͨͫ
3120 1340 16 48 .

616 1428 100 96 ©
784 1432 212 76 Dec.
1060 1432 136 88 20,
1268 1428 268 88 1929;
1604 1424 52 80 2
1664 1448 48 56 e
1716 1492 20 16 .
1800 1436 100 76 M
1904 1448 136 56 ar.
2100 1428 80 88 3,
2244 1424 276 92 1930;
2588 1424 156 84 aff.
2816 1424 216 80 Feb.
3096 1424 164 92 24;
3328 1424 84 76 A
3472 1424 336 92 20051;
3876 1424 108 92 A.
4052 1428 420 92 Morgan,

756 1540 432 96 Chicago.
1312 1536 488 96 (30-6740)
4068 1532 232 84 2874

608 1668 472 124 Morley,
1140 1664 756 124 Christopher
1956 1664 724 124 Darlington,
2740 1672 316 96 1890-

740 1820 304 96 Born
1104 1816 116 100 in
1284 1852 60 64 a
1412 1816 244 100 beer
1716 1816 480 132 garden;
2264 1848 156 92 or,
2484 1808 220 108 She
2768 1824 452 120 troupes
3284 1824 112 88 to
3464 1848 528 96 conquer:
4060 1816 420 132 sundry

604 1964 724 132 ejaculations
1380 1964 144 132 by
1584 1960 740 132 Christopher
2376 1960 472 136 Morley,
2908 1960 344 108 Cleon
3312 1964 884 104 Throckmorton
4260 1964 220 104 and

604 2116 392 136 Ogden
1076 2116 340 128 Nash,
1496 2116 216 100 and
1792 2108 416 108 certain
2292 2108 124 104 of
2488 2112 188 100 the
2752 2108 548 104 Hoboken
3384 2108 228 136 ads,
3696 2112 268 104 with
4052 2152 60 64 a
4192 2148 284 76 com-

600 2288 504 108 mentary
1164 2300 140 68 on
1368 2264 300 104 them
1728 2260 144 136 by
1936 2264 472 100 Earnest
2476 2264 324 100 Elmo
2872 2260 492 108 Calkins.
3504 2260 980 108 Embellishments

600 2416 140 132 by
820 2416 488 100 Edward
1388 2412 136 104 A.
1612 2412 464 128 Wilson,
2156 2408 428 136 George
2668 2412 104 100 Il
2780 2412 40 100 l
2828 2408 216 132 ian,
3128 2408 344 108 Cleon
3556 2412 924 136 Throckmorton,

596 2564 444 132 August
1112 2560 504 108 William
1692 2560 380 100 Hutaf
2148 2560 220 104 and
2444 2564 256 132 Jay.
2848 2560 268 104 New
3196 2560 352 132 York,
3628 2560 236 100 The
3940 2564 536 136 Foundry

600 2748 356 100 press:
1012 2712 132 104 R.
1208 2708 120 108 C.
1384 2708 696 136 Rimington,
2140 2716 292 96 1930.

736 2872 164 80 118
948 2888 116 76 p.,
1112 2876 48 72 1
1216 2872 56 76 1.
1328 2864 32 80 i
1364 2864 148 80 ncl
1524 2932 20 12 .
1596 2864 320 96 front.,
1968 2864 32 80 i
2004 2868 36 76 l
2040 2868 32 76 l
2080 2888 56 56 u
2148 2888 72 60 s.
2332 2864 160 80 fac
2496 2888 44 56 s
2548 2864 152 80 im.
2820 2864 108 80 24
2940 2864 88 96 ½
2976 2860 24 68 ͨͫ
3084 2928 16 20 .

736 2980 260 76 With
1060 2976 472 80 facsimile
1600 2976 100 76 of
1764 2976 616 92 Christopher
2448 2972 436 96 Morley's
2952 2972 540 96 suggestion
3564 2976 152 76 for
3784 2980 164 76 the
4012 2984 192 88 t.-p.

740 3088 180 84 "Of
980 3088 192 80 this
1240 3088 352 76 edition
1664 3084 168 80 999
1896 3084 308 92 copies
2276 3088 236 72 have
2580 3084 224 80 been
2872 3084 380 92 printed
3308 3092 56 88 …
3500 3084 104 80 of
3672 3084 304 80 which
4048 3088 312 92 copies
4428 3092 48 72 1

604 3204 88 76 to
760 3196 112 80 50
932 3220 160 56 are
1156 3196 152 80 for
1376 3196 420 88 hilarity,
1860 3196 188 76 and
2112 3192 312 96 copies
2488 3192 108 76 51
2664 3196 92 76 to
2824 3192 164 80 999
3052 3196 156 76 for
3276 3196 220 76 sale.
3624 3196 336 92 Copies
4032 3196 48 76 5
4100 3200 32 72 1
4208 3200 92 72 to
4372 3200 104 76 71

596 3332 116 56 on
764 3308 464 92 imported
1284 3324 288 76 paper
1620 3304 188 76 and
1856 3300 324 92 signed
2240 3304 112 88 by
2408 3304 128 76 all
2592 3304 664 76 contributors.
3376 3300 228 80 This
3660 3304 84 76 is
3796 3324 228 72 copy
4084 3308 64 64 n
4148 3324 76 56 o.
4280 3304 196 80 37."

736 3416 140 80 CO
872 3436 60 60 N
944 3436 244 60 TENT
1068 3420 48 68 S
1248 3472 20 16 .
1272 3416 304 76 -She
1636 3420 380 84 troupes
2076 3416 96 72 to
2228 3428 432 76 conquer,
2720 3412 120 92 by
2900 3412 620 92 Christopher
3580 3412 904 96 Morley.-Putting

600 3524 160 80 the
844 3520 100 84 O.
1032 3520 108 84 K.
1224 3524 96 76 in
1404 3520 92 80 H
1500 3520 384 88 oboken,
1972 3520 116 92 by
2176 3520 280 80 Cleon
2548 3520 684 76 Throckmorto
3236 3544 56 52 n
3308 3520 288 96 .-Up
3684 3520 184 80 and
3956 3520 272 80 down
4316 3524 164 80 the

596 3636 520 88 Amazons;
1196 3652 128 72 or,
1404 3632 196 76 The
1680 3628 272 80 black
2028 3628 284 80 crook
2384 3628 248 76 from
2708 3624 396 80 behind:
3196 3648 52 56 a
3332 3632 428 92 travelog
3768 3652 52 60 u
3832 3652 48 56 e
3956 3632 116 92 by
4156 3632 320 92 Ogden

596 3744 408 76 Nash.-
984 3736 112 76 M
1116 3764 68 56 r.
1256 3740 360 92 Morley
1688 3736 324 80 writes
2084 3736 148 80 his
2304 3756 236 72 own,
2616 3736 112 88 by
2816 3732 88 80 E.
2992 3732 96 84 E.
3168 3736 940 96 Calkis.-"Opposi
4128 3744 24 72 t
4168 3764 48 56 e
4288 3736 188 80 edi-

600 3852 336 76 torial"
1016 3848 836 96 (advertisements
1916 3844 96 84 in
2068 3848 160 76 the
2288 3848 228 76 New
2576 3844 252 84 York
2896 3848 344 76 World.
3308 3844 444 96 1928-29)

616 3980 24 44 '
680 3964 28 88 )
776 3964 212 80 Feb.
1052 3956 136 100 19,
1256 3960 268 92 1930;
1592 3956 132 84 2c.
1788 3964 184 72 and
2036 3956 160 80 aff.
2264 3956 212 80 Feb.
2544 3956 160 92 27;
2776 3956 76 76 A
2916 3956 332 92 20279;
3320 3956 448 96 Foundry
3832 3976 288 76 press,
4196 3960 104 76 R.
4372 3956 96 80 C.

740 4072 312 76 Rimin
1060 4076 96 84 gt
1164 4092 144 60 on.
1440 4068 488 96 (30-8124)
4072 4064 228 84 2875

612 4204 504 120 Murray,
1176 4200 428 104 James.

744 4352 620 104 Caribbean
1420 4368 72 92 g
1496 4384 60 64 o
1568 4352 148 104 ld.
1776 4352 140 132 by
1976 4352 380 104 James
2412 4348 124 100 M
2548 4384 60 64 u
2620 4384 260 100 rray
2952 4432 104 16 ...
3216 4348 496 136 London,
3772 4348 120 100 H
3900 4384 64 64 u
3976 4348 508 100 tchinson

604 4508 96 92 &
748 4540 116 64 co
880 4552 52 52 ..
992 4504 32 100 l
1036 4516 40 88 t
1084 4504 64 100 d
1168 4588 20 20 .
1256 4568 24 64 [
1300 4508 116 96 19
1428 4504 128 100 30
1568 4568 24 64 ]

728 4664 56 76 3
844 4664 80 76 p.
980 4660 84 84 1.,
1128 4660 332 76 11-287
1520 4680 80 72 p.
1712 4652 140 80 19
1904 4660 44 44 ½ͨͫ
1980 4720 16 16 .

680 4772 24 84 )
772 4776 124 76 lc.
960 4772 236 80 Mar.
1256 4768 132 84 29.
1452 4768 272 88 1930;
1792 4768 76 76 A
1928 4768 120 76 ad
2112 4768 32 72 i
2148 4772 128 72 nt.
2340 4764 332 92 13679;
2740 4768 276 88 pubd.
3084 4768 212 76 Jan.
3360 4764 160 92 31;
3592 4764 84 80 J.
3744 4768 96 72 M
3844 4784 312 68 urray.
4228 4760 236 80 Bab-

796 4900 52 56 a
848 4900 52 64 c
900 4900 56 60 o
948 4900 56 60 n
972 4880 144 76 mb
1124 4900 48 52 e
1184 4940 16 32 ,
1260 4880 372 92 Torqua
1640 4900 60 60 y
1708 4940 16 12 .
1788 4876 456 92 England.
2376 4876 324 92 (30-99
2704 4876 56 76 7
2764 4876 104 88 0)
4068 4868 232 84 2876

596 5012 484 120 Musser,
1136 5008 280 100 Paul
1476 5008 532 100 Howard.

736 5164 372 100 James
1208 5160 408 100 Nelson
1716 5156 460 132 Barker,
2280 5156 648 128 1784-1858;
3028 5156 272 100 with
3396 5188 64 68 a
3556 5152 432 136 reprint
4084 5156 124 100 of
4300 5152 176 108 his

600 5312 452 132 comedy
1128 5308 336 104 Tears
1544 5312 216 100 and
1840 5308 400 124 smiles,
2312 5312 148 128 by
2536 5308 288 100 Paul
2900 5308 148 100 H.
3124 5308 432 100 Musser
3644 5388 112 20 ...
3908 5300 564 108 Philadel-

600 5464 300 132 phia,
968 5460 648 132 University
1680 5460 124 104 of
1860 5460 828 132 Pennsylvania
2752 5492 360 96 press;
3180 5456 504 132 London,
3744 5456 148 100 H.
3960 5452 512 132 Milford,

600 5612 176 108 Ox
788 5612 48 104 f
840 5616 204 100 ord
1100 5612 616 108 university
1772 5644 336 96 press,
2168 5612 292 100 1929.

728 5768 48 80 3
828 5788 84 72 p.
972 5764 24 72 I
1004 5792 48 68 .,
1104 5764 168 80 230
1328 5784 80 76 p.
1524 5760 224 84 22".

736 5876 256 80 With
1076 5872 656 96 reproduction
1812 5872 104 76 of
1992 5872 408 88 original
2484 5876 192 84 t.-p.
2760 5868 100 80 of
2940 5868 448 80 Barker's
3472 5868 76 76 T
3552 5888 52 60 e
3612 5888 156 60 ars
3852 5868 184 80 and
4120 5864 344 84 smiles.

596 5980 684 96 Philadelphia,
1336 5980 248 80 1808.

728 6092 508 80 Published
1284 6092 200 76 also
1532 6108 108 56 as
1692 6084 296 80 thesis
2060 6088 208 96 (PH.
2316 6084 132 92 D.)
2516 6084 548 92 University
3116 6084 104 76 of
3268 6080 728 96 Pennsylvania.

728 6200 728 92 Bibliography:
1520 6204 84 72 p.
1664 6196 420 76 211-230.

608 6304 92 88 ©
764 6316 228 72 Nov.
1052 6308 136 96 25,
1248 6308 272 80 1929;
1580 6308 56 76 2
1640 6328 48 56 e
1700 6372 16 16 .
1776 6304 212 84 Jan.
2052 6304 76 96 9,
2192 6304 272 92 1930;
2532 6304 100 76 af
2604 6304 64 76 f
2676 6368 16 16 .
2752 6304 216 80 Jan.
3028 6304 104 88 7;
3204 6304 76 76 A
3348 6300 324 88 19213;
3744 6300 548 92 University
4356 6300 100 80 of

732 6420 468 92 Pennsylv
1208 6440 52 56 a
1268 6420 156 76 nia
1484 6436 284 72 press.
1904 6416 24 72 (
1944 6416 444 92 30-4244)
4060 6404 228 84 2877

596 6552 280 100 New
932 6544 312 108 York
1308 6544 684 120 university.
2132 6548 408 104 School
2596 6584 60 68 o
2664 6548 60 132 f
2780 6544 272 104 educ
3056 6548 116 96 at
3172 6544 48 96 i
3220 6576 60 68 o
3288 6580 108 64 n.

736 6780 104 20 ...
920 6692 712 140 Symposium
1700 6728 140 68 on
1908 6688 504 136 physical
2480 6688 580 104 education
3136 6688 216 100 and
3424 6688 416 124 health,
3912 6688 544 128 compiled

592 6848 216 104 and
876 6844 360 104 edited
1308 6844 144 132 by
1516 6844 224 124 Jay
1808 6844 128 100 B.
2008 6844 308 100 Nash
2396 6920 104 20 ...
2580 6836 460 104 assisted
3108 6836 148 132 by
3324 6836 400 104 Emma
3796 6836 132 104 R.
4004 6832 452 104 Frazier

592 6996 216 104 and
892 6992 680 132 Marguerite
1664 6992 552 128 Vollmer;
2312 6988 576 132 February
2976 6984 160 136 27,
3232 6992 164 120 28,
3484 6984 392 104 March
3976 6992 92 120 1,
4164 6988 292 96 1930.

588 7144 268 104 New
904 7140 348 128 York,
1296 7140 132 100 N.
1476 7140 176 128 Y.,
1700 7140 268 100 New
2016 7136 312 104 York
2376 7136 616 132 university
3040 7172 308 96 press
3388 7132 288 108 book
3720 7144 292 92 store
4068 7136 272 124 [ͨ193
4348 7136 64 96 0]

728 7300 168 76 320
944 7320 84 72 p.
1140 7300 56 72 2
1240 7316 56 72 p
1300 7300 32 72 l
1344 7360 16 12 .
1412 7316 108 56 on
1572 7300 52 72 1
1672 7300 88 84 1.,
1808 7300 252 88 plan,
2112 7292 348 96 diagrs.
2512 7292 96 92 (1
2656 7288 284 96 fold.)
3068 7288 112 84 19
3192 7292 112 92 ½ͨͫ
3336 7352 20 20 .

728 7408 676 88 Bibliography
1456 7412 100 72 at
1608 7408 176 72 end
1840 7404 100 80 of
1992 7424 256 56 some
2304 7400 100 80 of
2456 7404 160 76 the
2668 7392 468 100 chapters.

604 7508 96 96 ©
764 7520 232 76 Mar.
1048 7516 76 92 1,
1184 7516 268 92 1930;
1512 7516 124 80 2c.
1700 7516 180 80 and
1936 7512 100 80 af
2036 7516 32 76 t
2080 7576 16 16 .
2156 7516 236 76 Mar.
2444 7516 104 84 7;
2608 7512 80 76 A
2740 7508 332 92 20124;
3136 7508 184 96 Jay
3376 7512 104 76 B.
3536 7508 284 80 Nash.
3880 7508 228 76 New
4164 7508 280 76 York.

752 7628 480 92 (30-7615)
4056 7612 228 84 2878

2388 7728 64 96 4
2460 7724 56 100 3
2520 7724 60 96 0
