4800 8268
520 672 696 124 Haberman,
1272 664 1276 108 Roberto-Continued

664 832 140 76 Co
796 848 316 56 NTENT
1116 832 76 72 s.
1196 872 116 8 -
1316 828 84 72 h
1412 824 324 92 istory.
1740 820 196 76 -G
1948 844 40 52 r
1996 844 48 52 o
2056 816 508 80 unds.-Pr
2576 812 396 80 ocedure
3020 812 92 72 in
3172 812 156 76 the
3380 816 248 72 state
3684 808 100 76 of
3836 808 92 76 M
3936 828 160 56 ore
4100 808 88 76 lo
4196 828 72 56 s.
4296 832 80 44 -

528 940 524 76 Procedure
1108 936 96 76 in
1268 940 156 72 the
1484 940 252 72 state
1796 928 100 80 of
1964 924 1032 84 Sonora.-Procedure
3056 920 92 76 in
3212 924 156 72 the
3428 924 300 72 states
3788 916 104 80 of
3952 920 424 72 Yucatan

524 1052 184 72 and
784 1048 660 92 Campeche.-
1448 1044 88 72 H
1548 1040 360 92 oldings
1984 1032 92 80 of
2156 1032 492 80 American
2720 1052 172 56 cou
2904 1052 44 52 r
2956 1036 84 72 ts
3116 1028 228 80 with
3424 1032 360 88 respect
3848 1028 96 76 to
4012 1024 372 96 foreign

524 1152 924 92 decrees.-Foreign
1504 1148 420 80 divorces
1972 1148 256 72 wher
2236 1168 48 52 e
2332 1144 220 76 both
2600 1136 360 96 parties
3012 1136 900 96 appear.-Foreign
3956 1136 428 80 divorces

524 1268 440 76 obtained
1016 1268 452 88 ex-parte.

548 1380 92 88 ©
696 1408 244 72 June
988 1396 48 80 5
1048 1460 16 32 ,
1116 1400 104 76 19
1228 1400 108 76 30
1372 1420 16 68 ;
1444 1400 100 72 2c
2104 1404 24 60 and
2156 1412 52 52 aff.
2204 1416 20 44 June
2452 1408 12 56 9;
2532 1392 68 68 A
2652 1384 296 84 24369
2968 1408 12 60 ;
3044 1384 72 76 R
3128 1444 16 16 .
3204 1384 264 76 Habe
3476 1400 140 60 rm
3628 1400 144 72 an,
3828 1384 228 72 New
4108 1376 280 80 York.

692 1512 324 92 (30-15
1020 1512 52 76 3
1076 1508 156 96 06)
3996 1488 52 80 6
4060 1484 48 84 0
4120 1484 108 84 79

532 1724 332 120 Hart,
932 1720 424 120 James,
1432 1728 304 108 1896-

668 1876 428 96 Tenure
1156 1864 124 108 of
1336 1864 288 104 office
1684 1888 120 76 un
1916 1900 52 64 de
1984 1904 24 56 r
2096 1872 172 88 the
2336 1856 812 128 Constitution;
3220 1892 52 64 a
3340 1852 328 132 study
3732 1852 116 100 in
3908 1856 212 96 law
4184 1852 220 100 and

540 2024 368 132 public
964 2020 400 136 policy,
1420 2020 144 132 by
1620 2032 376 88 James
2052 2012 296 104 Hart
2444 2028 68 112 …
2680 2008 644 132 Baltimore,
3380 2008 240 104 The
3672 2004 360 108 Johns
4088 2008 308 132 Hop-

536 2176 248 104 kins
836 2204 356 100 press;
1248 2168 496 132 London,
1792 2168 148 96 H.
1992 2164 120 100 M
2120 2164 36 96 i
2164 2164 40 96 l
2212 2164 292 132 ford,
2560 2156 444 108 Oxford
3056 2156 612 132 university
3720 2192 340 100 press,
4112 2164 288 96 1930.

684 2332 92 76 ix
788 2392 20 32 ,
880 2328 172 80 384
1124 2348 84 72 p.
1336 2324 144 76 22
1476 2324 60 60 ͨͫ
1544 2384 16 16 .
1712 2320 28 96 (
1756 2320 192 80 Hal
1960 2320 68 96 f-
2044 2320 204 76 title
2264 2336 28 60 :
2368 2320 300 76 Johns
2744 2312 432 96 Hopkins
3260 2312 524 96 university
3868 2312 360 80 studies
4304 2312 100 80 in

552 2440 488 80 historical
1096 2440 184 76 and
1340 2432 420 96 political
1816 2432 388 76 science.
2320 2432 300 72 Extra
2676 2428 444 76 volumes.
3236 2444 204 60 new
3496 2444 208 72 ser.,
3764 2444 144 60 no.
3968 2424 96 96 9)

684 2580 148 76 An
884 2572 520 96 expansion
1460 2572 100 76 of
1616 2592 48 56 a
1728 2584 292 80 paper
2080 2564 488 96 published
2632 2564 96 76 in
2788 2564 156 80 the
3004 2560 500 84 American
3564 2564 420 92 political
4048 2560 360 80 science

560 2692 40 64 r
604 2688 292 80 eview
940 2688 156 76 for
1124 2684 408 92 -August,
1584 2680 248 92 1929,
1884 2680 296 76 under
2232 2680 160 76 the
2436 2680 212 76 title
2700 2676 252 80 "The
3000 2672 392 96 bearing
3440 2676 100 76 of
3592 2676 312 92 Myers
3940 2696 84 56 v.
4060 2672 340 80 United

560 2804 312 76 States
936 2820 240 72 upon
1236 2796 160 80 the
1456 2792 632 96 independenc
2096 2812 44 56 e
2204 2788 96 80 of
2360 2788 364 76 federal
2788 2788 768 76 administrative
3616 2784 556 80 tribunals".
4288 2784 92 92 cf
4388 2844 20 20 .

556 2912 244 80 Pref.

692 3020 420 92 Bibliogr
1120 3040 44 56 a
1180 3020 240 92 phy:
1488 3040 80 72 p.
1632 3012 424 80 375-379.

632 3160 28 72 ©
720 3160 92 72 M
824 3180 48 52 a
884 3176 56 72 y
988 3160 48 72 2
1044 3148 80 100 9,
1180 3152 268 92 1930;
1516 3152 36 68 2
1564 3176 48 52 c
1620 3212 16 20 .
1692 3152 184 76 and
1932 3172 44 56 a
1992 3152 76 72 ff
2072 3212 16 16 .
2144 3152 52 72 J
2212 3172 176 52 une
2608 3148 80 72 A
2732 3156 48 68 2
2788 3152 52 72 4
2848 3160 48 64 2
2908 3152 48 72 7
2960 3164 104 64 2;
3124 3148 40 76 J
3188 3172 56 52 o
3248 3148 60 72 h
3316 3168 108 56 ns
3480 3152 212 84 Hop
3700 3148 96 72 ki
3800 3168 56 52 n
3868 3164 44 60 s
3964 3164 292 76 press.

712 3268 28 96 (
760 3268 104 76 30
892 3308 12 12 -
920 3264 332 92 15392)
4000 3252 232 84 6080

556 3472 496 124 Heilner,
1120 3472 244 104 Van
1432 3472 532 120 Campen,
2032 3484 120 92 18
2168 3476 60 92 0
2232 3480 128 92 9-

692 3628 492 100 Beneath
1264 3628 180 100 the
1524 3624 548 104 Southern
2152 3620 88 108 C
2252 3660 48 64 r
2308 3660 60 64 oss
3028 3636 80 76 [by]
3476 3644 68 72 Van
3608 3660 72 64 Campen
3752 3620 464 104 Heilner
4292 3628 64 112 …

560 3780 488 100 sketches
1140 3780 140 128 by
1372 3776 292 100 John
1768 3776 120 104 L.
1988 3772 368 100 Hawk
2364 3780 236 92 iuso
2608 3808 104 96 n,
2804 3772 764 132 photographs
3656 3772 144 136 by
3892 3772 304 108 John
4292 3776 128 96 B.

560 3928 408 120 Drake,
1024 3928 168 128 jr.,
1248 3928 216 100 and
1520 3928 180 100 the
1756 3920 424 104 author.
2332 3928 448 124 Boston,
2836 3920 128 104 R.
3024 3920 128 108 G.
3216 3924 448 128 Badger
3732 3936 32 76 t
3764 3928 232 96 [©193
4004 3928 60 92 0
4076 3988 24 64 ]

700 4084 192 88 203,
948 4084 108 96 [1]
1112 4104 84 68 p.
1256 4080 24 76 i
1292 4100 56 56 n
1356 4076 76 80 cl
1448 4144 16 12 .
1528 4076 268 92 illus.,
1860 4084 312 84 ports.,
2232 4076 96 76 fa
2340 4072 128 80 csi
2480 4096 168 56 ms.
2764 4100 48 56 c
2816 4096 48 52 o
2872 4076 60 80 l.
2992 4076 284 80 front.
3392 4068 288 88 20½ͨͫ.

704 4216 436 80 Lettered
1196 4236 120 56 on
1376 4232 104 60 co
1488 4236 52 52 v
1548 4232 44 56 e
1604 4232 92 56 r:
1800 4212 60 88 …
1944 4208 64 72 Y
2016 4232 48 56 e
2124 4212 308 76 cruise
2492 4208 100 80 of
2648 4232 112 68 ye
2820 4212 284 88 goode
3172 4212 328 92 shippe
3564 4216 484 88 Nepenthe
4112 4232 72 56 Il
4196 4276 16 16 .

704 4324 548 80 Facsimiles
1312 4324 180 76 and
1556 4340 216 72 map
1828 4340 116 56 on
2008 4320 696 92 lining-papers.

704 4428 288 80 "Folk
1052 4452 280 72 songs
1392 4428 104 80 of
1552 4432 160 76 the
1780 4424 256 80 West
2104 4424 104 76 In
2220 4428 308 76 dies":
2596 4452 80 68 p.
2760 4424 508 104 [193]-[2021

812 4572 80 80 ©
904 4592 56 72 may
1016 4572 72 88 2,
1152 4568 268 100 1930;
1480 4568 52 72 2
1540 4592 48 44 c
1596 4628 12 12 .
1712 4580 108 88 Ma
1832 4588 56 68 y
1952 4568 28 68 1
2004 4568 48 68 5
2088 4584 16 68 ;
2172 4580 180 88 aff
2312 4624 12 16 .
2388 4568 244 72 June
2688 4568 56 72 4
2772 4584 16 68 ;
2856 4564 72 76 A
2988 4564 328 92 23784;
3388 4564 412 76 Richard
3868 4568 72 72 G
3952 4628 16 16 .
4028 4564 396 92 Badger.

732 4676 536 96 (30-15344)
4036 4672 112 84 60
4156 4672 52 84 8
4220 4672 44 84 1

572 4864 656 120 Holmgren,
1292 4856 552 128 Ephraim
1904 4860 76 104 S
1992 4940 60 40 .,
2132 4884 24 68 19
2252 4872 60 88 0
2320 4900 20 60 2
2380 4928 72 8 -
2728 4880 120 80 co
2856 4880 212 84 mp.

704 5012 336 104 Rules
1100 5012 176 96 for
1336 5012 600 100 admission
2000 5020 108 88 to
2168 5012 116 100 th
2296 5044 52 64 e
2408 5008 196 104 bar
2660 5008 116 108 in
2836 5012 180 100 the
3072 5012 416 100 several
3548 5024 336 92 states
3944 5012 216 104 and
4220 5024 204 92 ter-

572 5164 436 100 ritories
1072 5160 124 100 of
1264 5160 184 100 the
1516 5156 412 108 United
2008 5164 364 100 States
2444 5160 116 100 in
2632 5160 296 100 force
3004 5160 332 132 April
3408 5172 88 120 1,
3568 5168 292 128 1930,
3928 5164 508 132 together

576 5312 268 104 with
904 5312 180 100 the
1144 5308 296 108 Code
1496 5312 124 96 of
1680 5308 340 100 ethics
2080 5308 476 132 adopted
2620 5312 144 112 by
2824 5312 184 100 the
3068 5312 592 100 American
3720 5312 200 104 bar
3976 5312 456 104 associa-

572 5464 268 100 tion,
904 5460 596 100 annotated
1560 5468 112 92 to
1732 5492 292 68 cases
2080 5456 120 104 in
2260 5460 348 128 point,
2672 5460 216 100 and
2948 5460 192 100 list
3196 5456 128 108 of
3380 5464 212 100 law
3648 5464 460 124 schools,
4164 5500 280 64 com-

580 5612 300 128 piled
956 5612 140 128 by
1180 5608 124 100 E.
1392 5608 108 108 S.
1580 5608 652 136 Holmgren.
2384 5612 252 100 17th
2716 5612 168 100 ed.
3032 5608 160 108 St.
3272 5612 324 128 Paul,
3676 5612 388 128 Minn.,
4144 5612 300 104 West

580 5756 644 136 publishing
1276 5792 576 96 company,
1912 5768 288 96 1930.

716 5936 60 56 x
784 5936 60 56 x
848 5936 60 56 x
916 5976 16 32 ,
988 5912 160 80 211
1196 5932 84 76 p.
1396 5908 192 84 20½ͨͫ
1592 5908 60 60 m
1660 5976 16 16 .

724 6052 492 76 "Includes
1268 6052 440 76 valuable
1756 6052 616 76 information
2428 6052 96 76 in
2584 6056 336 92 regard
2972 6064 92 68 to
3128 6056 156 72 the
3340 6056 240 72 local
3640 6056 364 92 reports
4056 6052 100 80 of
4212 6056 228 80 each

588 6168 272 84 state,
932 6160 180 76 and
1180 6160 272 76 other
1520 6164 184 72 law
1772 6160 312 92 books,
2152 6160 504 96 especially
2724 6164 436 76 valuable
3228 6164 100 76 to
3392 6164 156 80 the
3620 6164 356 92 lawyer
4044 6160 400 96 opening

584 6292 52 52 a
692 6292 204 52 new
944 6260 712 88 office."-Pref.

608 6400 88 88 ©
764 6408 212 92 May
1024 6408 132 88 13,
1212 6408 112 76 19
1320 6408 112 76 30
1468 6428 16 68 ;
1540 6408 48 72 2
1592 6416 48 68 c
1652 6472 16 12 .
1724 6408 244 76 June
2020 6408 96 88 6;
2176 6404 156 80 aff.
2392 6408 244 76 June
2684 6412 104 84 7;
2844 6412 80 72 A
2976 6404 328 92 23836;
3368 6408 256 80 West
3680 6412 212 88 pub.
3944 6428 132 60 co.

756 6516 536 92 (30-15305)
4056 6512 232 84 6082

588 6704 484 120 Hoover,
1136 6700 380 104 Oliver
1568 6704 396 120 Perry.

728 6848 320 100 Jesus
1128 6848 124 100 of
1332 6848 160 104 St.
1580 6840 324 112 Mark
1996 6872 32 76 [
2032 6852 168 132 by]
2300 6848 380 108 Oliver
2764 6856 348 128 Perry
3192 6848 452 104 Hoover
3728 6864 68 108 …
4000 6856 448 124 Boston,

596 7000 128 96 R.
784 6996 132 104 G.
976 7000 444 132 Badger
1492 6992 260 108 [ͨ193
1760 7004 60 96 0
1832 7064 24 64 ]

732 7156 52 72 2
836 7180 84 68 p.
980 7144 80 100 l.,
1116 7156 524 92 iii-xxxvii,
1696 7160 164 72 142
1912 7180 84 72 p.
2112 7160 144 72 21ͨͫ.

736 7288 724 96 Bibliography:
1520 7312 84 72 p.
1664 7292 416 80 141-142.

632 7412 80 88 ©
768 7424 216 92 Apr.
1040 7436 40 64 2
1088 7460 16 40 ,
1224 7428 40 72 1930
1416 7444 16 48 ;
1484 7436 100 60 2c
1600 7488 16 12 .
1720 7424 28 76 May
1760 7448 56 56 15
1760 7448 56 56 ;
2152 7448 48 56 a
2212 7428 40 72 f
2248 7428 60 76 f.
2360 7428 188 72 Jun
2556 7448 48 56 e
2648 7428 108 88 4;
2812 7428 76 76 A
2936 7428 108 76 23
3052 7428 48 76 7
3048 7424 64 76 8
3164 7428 52 72 3
3248 7448 16 72 ;
3328 7424 408 80 Richard
3796 7428 72 76 G
3880 7492 16 12 .
3952 7432 396 88 Badger.

764 7532 24 92 (
808 7540 52 72 3
868 7532 52 76 0
924 7536 100 72 -1
1036 7532 160 80 528
1208 7532 48 80 7
1276 7552 24 72 )
4040 7536 52 80 6
4100 7532 52 84 0
4160 7532 112 84 83

2420 7648 196 96 928
