4800 8268
2108 7580 200 104 727

288 640 464 120 Walter,
812 636 404 104 Alexia
1276 640 904 104 E.-Continued

304 780 96 96 ©
468 796 212 76 Feb.
744 796 128 88 18,
940 796 272 88 1930;
1276 796 132 76 2c.
1476 796 232 76 Mar.
1772 796 104 88 3;
1948 788 156 80 aff.
2168 792 216 92 Apr.
2452 792 100 88 1;
2624 792 80 76 A
2764 788 328 92 23124;
3160 792 108 76 A.
3336 792 104 76 E.
3504 792 360 76 Walter
3928 796 188 76 and

428 904 372 76 Hubert
856 904 96 76 C.
1008 904 384 92 Walter,
1452 904 152 76 Du
1608 904 80 76 ci
1696 924 48 56 e
1804 900 280 92 Mills,
2144 904 272 76 Miles
2472 900 448 92 Platting,
2980 896 616 96 Manchester,
3660 900 452 92 England.

444 1012 536 96 (30-11717)
3704 1004 236 84 4805

296 1220 464 124 Walter,
816 1220 496 104 Herbert
1372 1220 500 120 Eugene,
1936 1220 328 104 1867-

416 1364 540 132 Genetics,
1060 1408 140 60 an
1300 1368 752 100 introduction
2156 1376 116 92 to
2372 1368 188 100 the
2664 1368 332 128 study
3104 1364 124 104 of
3328 1364 540 136 heredity,
3976 1364 144 136 by

284 1516 484 104 Herbert
852 1516 448 132 Eugene
1376 1516 432 104 Walter
1904 1600 108 16 …
2172 1520 140 96 3d
2396 1516 160 100 ed.
2716 1516 268 100 New
3072 1512 348 136 York,
3500 1516 236 100 The
3824 1516 296 100 Mac

284 1664 388 104 millan
732 1700 572 96 company,
1364 1672 292 96 1930.

424 1820 160 80 xxi
636 1840 112 76 p.,
800 1820 48 76 1
896 1824 88 88 1.,
1036 1820 168 80 359
1252 1844 80 68 p.
1448 1820 276 92 illus.,
1780 1820 328 92 plates,
2164 1816 344 96 diagrs.
2620 1816 280 84 19".

428 1952 244 80 "The
736 1952 488 96 following
1284 1976 284 72 pages
1632 1952 188 80 had
1880 1952 252 80 their
2200 1952 300 92 origin
2564 1952 96 76 in
2728 1976 52 56 a
2848 1972 324 60 course
3244 1952 100 80 of
3412 1952 404 80 lectures
3880 1972 248 76 upon

292 2060 456 96 heredity,
820 2060 276 92 given
1160 2068 104 72 at
1340 2064 340 76 Brown
1756 2060 524 92 university
2356 2060 340 92 during
2772 2064 156 76 the
3008 2060 336 80 winter
3420 2060 104 80 of
3596 2060 532 96 1911-1912,

292 2168 304 80 which
664 2192 244 56 were
980 2168 472 92 amplified
1524 2176 188 72 and
1780 2172 444 88 repeated
2296 2168 96 76 in
2464 2172 216 92 part
2756 2168 156 80 the
2988 2168 488 92 following
3548 2192 408 56 summer
4028 2176 104 72 at

292 2276 232 80 Cold
584 2276 336 96 Spring
984 2280 400 92 Harbor,
1448 2276 252 96 Long
1764 2280 352 92 Island,
2180 2276 324 80 before
2564 2276 156 80 the
2788 2276 492 92 biological
3344 2296 408 60 summer
3816 2276 316 80 school

292 2384 100 80 of
448 2388 160 76 the
660 2384 472 92 Brooklyn
1188 2384 436 80 institute
1676 2384 104 80 of
1828 2392 204 72 arts
2088 2388 184 76 and
2328 2380 864 84 sciences."-Pref.
3252 2392 96 72 to
3412 2384 160 80 the
3628 2384 144 80 1st
3832 2388 136 76 ed.

428 2492 668 96 Bibliography
1132 2516 16 56 :
1212 2516 80 72 p.
1352 2496 112 76 33
1468 2492 52 80 3
1524 2492 248 80 -339.

304 2628 96 92 ©
460 2636 220 88 May
732 2632 76 88 2,
868 2632 268 88 1930;
1196 2632 132 80 2c.
1384 2636 184 72 and
1624 2632 156 80 aff.
1840 2632 220 88 May
2112 2632 104 88 3;
2276 2632 80 72 A
2408 2628 332 92 23182;
2804 2624 540 84 Macmillan
3400 2652 136 56 co.

452 2740 536 96 (30-12269)
3728 2732 236 84 4806

296 2948 624 128 Weygand,
976 2944 532 132 Maxime,
1568 2952 324 104 1867-

424 3104 536 128 Turenne,
1040 3100 488 104 marshal
1604 3100 128 100 of
1812 3100 96 100 F
1916 3132 356 100 rance,
2352 3100 148 136 by
2580 3100 424 104 Genera
3012 3100 40 100 l
3136 3104 268 96 Max
3484 3100 636 132 Weygand;

292 3248 604 104 translated
988 3248 148 136 by
1224 3248 428 136 George
1740 3256 128 96 B.
1964 3252 252 100 Ives
2316 3332 108 20 …
2612 3252 416 100 Boston
3116 3248 216 104 and
3424 3252 264 100 New
3784 3256 232 96 Yor
4020 3244 76 108 k
4108 3332 20 48 ,

284 3400 612 132 Houghton
944 3400 396 100 Miffin
1388 3436 572 96 company,
2020 3404 284 96 1930.

424 3556 124 92 xi,
616 3556 108 96 [11
784 3580 108 68 p.,
952 3556 48 76 2
1060 3556 88 92 1.,
1208 3552 304 96 3-281,
1576 3556 108 96 [11
1744 3580 84 68 p.
1940 3556 320 92 front.,
2320 3560 288 88 ports.
2720 3556 108 72 22
2840 3552 52 84 ½ͨͫ
2892 3552 112 80 .

308 3684 96 96 ©
460 3692 220 92 Apr.
732 3692 136 92 30,
920 3692 272 92 1930;
1252 3692 128 80 2c.
1436 3696 224 88 May
1708 3692 104 92 3;
1872 3688 160 84 aff.
2092 3692 216 92 May
2360 3692 108 88 1;
2524 3692 80 72 A
2656 3688 332 92 22609;
3052 3688 508 96 Houghton
3620 3692 128 72 Mi
3752 3692 32 72 f
3768 3696 72 72 fl
3848 3688 24 76 i
3884 3712 56 52 n
4000 3712 48 56 c
4052 3712 48 56 o
4112 3752 20 20 .

456 3800 536 96 (30-12397)
3740 3796 232 84 4807

304 4012 416 124 White,
776 4008 336 108 Clara
1160 4012 132 108 L.

428 4160 480 132 Helpers
980 4160 116 100 in
1176 4156 340 108 God's
1592 4160 384 128 world,
2056 4160 540 132 prepared
2680 4156 180 104 for
2936 4196 188 68 use
3208 4160 268 104 with
3560 4160 580 128 beginners

296 4308 116 100 in
484 4308 184 100 the
740 4308 508 100 vacation
1324 4308 404 104 church
1804 4308 400 128 school,
2280 4312 148 128 by
2504 4308 332 104 Clara
2912 4308 128 104 L.
3116 4308 432 116 White;
3632 4312 300 104 John
4012 4312 124 100 T.

296 4456 160 100 Fa
468 4456 96 100 ri
572 4496 84 92 s,
716 4492 60 64 D
788 4540 20 16 .
872 4492 64 64 D
944 4540 60 48 .,
1068 4456 388 100 editor.
1588 4456 828 132 Philadelphia,
2480 4460 372 100 Board
2924 4456 120 104 of
3116 4456 572 108 Christian
3756 4460 380 104 educa-

300 4604 232 104 tion
604 4604 128 104 of
800 4604 184 104 the
1056 4604 776 132 Presbyterian
1904 4604 408 104 church
2392 4608 112 100 in
2580 4608 184 100 the
2840 4612 140 100 U.
3064 4604 108 108 S.
3248 4604 176 132 A.,
3504 4612 288 100 1930,

436 4760 168 80 207
656 4780 80 76 p.
852 4760 316 92 front.,
1220 4760 276 96 illus.,
1556 4760 332 96 plates.
2000 4764 108 76 23
2116 4752 56 88 4
2172 4756 112 84 ".

440 4892 356 84 "Music
856 4892 464 84 section":
1388 4920 84 68 p.
1528 4892 420 84 183-205.

436 5004 728 92 Bibliography:
1228 5028 84 68 p.
1364 5004 192 80 207.

320 5136 96 92 ©
476 5144 220 92 Apr.
752 5144 136 92 22,
944 5144 276 92 1930;
1280 5144 132 80 2c.
1472 5144 184 76 and
1712 5144 156 76 aff.
1932 5144 220 92 Apr.
2212 5144 160 92 24;
2432 5144 80 76 A
2572 5144 112 80 23
2684 5144 60 76 0
2740 5144 160 92 35;
2968 5144 664 96 Presbyterian
3692 5148 292 80 board
4048 5148 100 80 of

452 5252 480 80 Christian
988 5252 520 80 education.
1644 5252 536 96 (30-11744)
3752 5252 228 84 4808

308 5432 420 124 White,
784 5432 496 108 William
1340 5436 632 124 Crawford,
2036 5444 332 96 1886-

460 5668 108 16 …
660 5584 416 108 Cancer
1156 5588 120 104 of
1352 5588 188 104 the
1616 5588 396 132 breast,
2088 5588 148 124 by
2312 5588 500 104 William
2896 5588 592 108 Crawford
3564 5592 376 104 White
4036 5676 104 20 …

312 5732 268 104 New
632 5732 316 104 York
1004 5740 212 100 and
1276 5736 496 120 London,
1828 5740 448 128 Harper
2332 5740 96 96 &
2488 5736 532 128 brothers,
3080 5744 288 100 1930.

452 5912 64 56 x
588 5912 112 72 p.,
776 5892 48 76 1
904 5896 84 88 l.,
1064 5892 164 76 221
1308 5912 80 72 p.
1520 5888 276 96 illus.,
1880 5892 344 92 diagrs.
2356 5888 280 96 17ͨͫ.
2792 5892 500 96 (Harper's
3368 5896 396 76 medical
3848 5920 300 56 mono

316 5996 400 96 graphs)

460 6132 664 80 "References"
1184 6140 104 72 at
1340 6140 180 72 end
1576 6136 100 76 of
1732 6136 228 80 each
2016 6136 416 96 chapter.

328 6260 96 92 ©
480 6272 220 92 Apr.
756 6272 132 92 15,
944 6268 104 80 19
1052 6268 116 80 30
1196 6292 20 72 ;
1272 6268 132 80 2c.
1456 6272 220 92 Apr.
1732 6272 108 80 18
1860 6280 28 76 ;
1952 6296 52 56 a
2012 6272 80 76 ff
2100 6336 16 16 .
2168 6272 224 92 Apr.
2444 6276 156 88 17;
2664 6276 80 76 A
2800 6276 56 76 2
2856 6276 108 80 18
2968 6272 56 80 9
3020 6276 108 92 4;
3188 6280 372 88 Harper
3620 6280 72 76 &
3748 6280 52 76 b
3808 6300 96 56 ro
3916 6300 68 56 s.

476 6376 536 96 (30-11510)
3752 6384 236 80 4809

312 6556 604 128 Whitlock,
968 6560 424 124 Brand,
1452 6572 332 96 1869-

448 6712 572 100 Abraham
1096 6712 496 136 Lincoln,
1672 6716 144 132 by
1896 6716 380 104 Brand
2356 6716 592 104 Whitlock.
3096 6724 264 100 New
3448 6724 340 108 York,
3872 6724 280 100 Lon

320 6864 248 128 don,
628 6860 136 104 D.
820 6860 568 132 Appleton
1448 6868 212 100 and
1720 6900 572 100 company,
2352 6872 284 100 1930.

456 7016 192 92 210,
716 7048 20 60 [
740 7004 48 76 1]
884 7040 84 68 p.
1024 7016 32 72 i
1064 7036 60 52 n
1132 7036 44 56 c
1180 7020 28 72 l
1220 7080 20 16 .
1296 7016 268 80 front
1568 7076 16 20 .
1636 7016 336 96 (port.)
2096 7016 116 80 19
2208 7008 52 84 ½ͨͫ
2352 7040 24 48 .

464 7148 720 96 Bibliography:
1252 7176 80 68 p.
1388 7152 228 80 207-
1624 7192 24 60 [
1648 7156 164 76 211
1820 7192 24 60 ]

336 7264 96 96 ©
496 7288 232 72 Mar.
784 7284 136 92 21,
976 7284 272 92 1930;
1304 7288 56 72 2
1356 7268 80 96 c.
1500 7292 232 76 Mar.
1792 7288 156 92 24;
2012 7288 160 80 aff.
2228 7292 220 92 Apr.
2504 7292 108 92 4;
2672 7292 80 76 A
2808 7292 332 96 20540;
3200 7292 88 80 D
3296 7360 20 16 .
3376 7292 456 96 Appleton
3892 7296 72 76 &
4020 7320 44 56 c
4072 7316 48 56 o
4132 7360 16 16 .

472 7372 128 116 [©
656 7396 396 92 preface,
1108 7400 472 76 corrected
1628 7400 648 92 bibliography
2432 7400 484 96 (30-8465)
3760 7400 228 84 4810
