4752 8320
2164 7676 136 100 21
2308 7676 60 100 6
2332 7668 68 100 8

396 696 580 128 Edwards,
1040 692 1376 108 Frederick-Continued

520 848 108 84 72
688 872 84 72 p.
884 848 508 92 20ͨͫ.

400 956 92 92 ©
548 964 216 76 Dec.
812 960 76 92 5,
940 956 264 92 1930;
1260 956 104 84 2c
1380 1020 12 16 .
1444 960 184 76 and
1676 956 156 80 aff.
1884 956 88 72 D
1976 976 124 64 ee.
2152 952 156 92 31;
2368 952 76 76 A
2492 952 328 92 32489;
2880 952 96 84 F.
3032 956 480 88 Edwards,
3568 952 388 88 Deland,
4012 948 188 80 Fla.

3752 1052 284 84 13888

524 1252 228 100 The
812 1252 440 100 natural
1304 1280 288 96 year.
1736 1244 292 104 June
2128 1260 76 104 …
2356 1244 172 132 By
2588 1244 596 100 Frederick
3236 1240 572 100 Edwards.
3952 1240 260 100 New

396 1400 340 132 York,
788 1400 368 104 James
1208 1400 124 96 T.
1384 1396 376 104 White
1812 1400 88 96 &
1956 1428 184 100 co.,
2200 1400 288 96 1930.

516 1552 112 80 72
684 1572 84 76 p.
884 1552 112 76 20
996 1556 28 40 0
1088 1616 16 16 .

548 1688 56 76 J
552 1708 236 64 June
832 1688 76 88 1,
956 1684 268 88 1930;
1276 1684 128 80 2c.
1460 1684 188 76 and
1688 1684 160 76 aff.
1900 1684 212 76 Dec.
2160 1684 160 88 31;
2372 1680 84 76 A
2500 1676 324 92 32490;
2884 1680 100 76 F.
3036 1680 480 92 Edwards,
3572 1676 388 92 Deland,
4016 1676 196 76 Fla.

3752 1780 48 84 1
3808 1780 52 84 3
3868 1780 172 84 889

392 1896 580 120 Edwards,
1036 1892 432 124 George
1528 1892 588 120 Wharton,
2180 1900 328 96 1859-

528 2048 932 128 Constantinople.
1588 2044 636 100 Istamboul.
2348 2044 172 132 By
2568 2040 428 136 George
3044 2044 544 100 Wharton
3640 2040 568 104 Edwards.

392 2196 812 128 Philadelphia,
1260 2196 232 100 The
1544 2196 312 100 Penn
1904 2192 640 132 publishing
2600 2224 536 100 company
3200 2196 368 124 1°19301

516 2348 168 80 312
724 2372 80 72 p.
924 2352 164 76 col.
1132 2348 316 92 front.,
1492 2352 300 88 plates
1848 2348 260 92 (part
2156 2368 44 52 c
2208 2368 48 56 o
2260 2348 108 92 l.)
2432 2352 288 88 ports.
2836 2344 140 80 280
3040 2408 16 16 .

516 2484 516 92 Title-page
1080 2480 540 80 illustrated
1672 2480 92 76 in
1820 2480 328 80 colors.

520 2592 248 76 Each
820 2592 252 92 plate
1124 2588 652 96 accompanied
1828 2588 116 92 by
1988 2588 300 92 guard
2336 2588 264 76 sheet
2648 2588 232 76 with
2928 2584 560 96 descriptive
3540 2588 568 88 letterpress.

520 2704 204 72 "All
784 2700 96 76 of
936 2700 156 76 the
1152 2696 472 96 paintings
1688 2696 184 76 and
1928 2696 160 76 the
2148 2696 468 92 drawings
2676 2696 96 72 in
2832 2700 488 72 monotone
3380 2692 180 76 and
3620 2696 28 72 l
3660 2692 28 76 i
3696 2716 52 52 n
3764 2720 16 36 ,
3868 2696 92 72 in
4028 2692 184 76 this

384 2812 232 76 book
664 2828 240 56 were
952 2808 232 76 done
1236 2804 96 80 in
1380 2804 768 92 Constantinople
2196 2804 336 92 during
2580 2804 156 76 the
2784 2804 176 76 fall
3012 2804 96 76 of
3156 2800 224 76 1928
3420 2804 120 84 by
3588 2804 96 76 th
3696 2824 48 52 e
3796 2816 132 60 ;u
3968 2804 48 72 b
4036 2824 124 52 ar.

516 2920 436 72 Lettered
1032 2936 116 56 on
1228 2932 320 60 cover:
1640 2912 792 92 Constantinople.
2556 2912 620 80 'Stamboul."
3296 2912 92 72 M
3396 2912 340 92 ustaph
3748 2932 48 52 a
3884 2912 84 72 K
3964 2912 244 72 nmnal

384 3028 184 76 and
616 3028 76 72 A
700 3028 124 72 nk
832 3032 164 68 Ara
1064 3020 468 96 (Angora)

396 3140 92 92 ©
552 3160 212 76 Dec.
824 3160 76 88 3,
960 3160 48 72 1
1016 3152 52 80 9
1076 3152 152 92 30;
1296 3152 124 80 2c.
1480 3160 188 72 and
1724 3176 48 56 a
1780 3152 100 80 ff.
1944 3156 212 76 Dec.
2220 3152 156 96 19;
2440 3152 84 76 A
2576 3152 328 92 32282;
2976 3152 72 80 G
3060 3216 16 16 .
3136 3152 136 80 W.
3336 3152 484 88 Edwards,
3884 3152 76 76 G
3968 3172 252 52 reen-

520 3268 236 76 wich
768 3328 16 32 ,
852 3268 64 76 C
928 3284 176 60 onn
1116 3328 12 12 .
1268 3264 28 92 (
1312 3264 112 76 30
1424 3300 56 16 -
1480 3268 52 72 3
1532 3264 108 76 43
1648 3260 56 80 9
1708 3264 96 92 4)
3752 3256 48 84 1
3808 3256 52 84 3
3868 3256 108 84 89
3988 3256 48 84 0

396 3480 48 80 [
436 3448 352 124 Elert,
848 3448 368 120 Georg
1228 3512 24 64 ]

512 3592 308 100 Weib
888 3592 112 96 in
1068 3592 188 100 der
1324 3604 404 116 steppe,
1792 3608 380 80 roman
2240 3624 208 68 von
2516 3592 620 100 Haireddin
3216 3588 384 136 Ipsettd.
3588 3592 56 88 1
3800 3588 412 128 Berlin,

376 3740 132 104 A.
564 3740 376 104 Scherl
992 3776 72 92 g
1060 3784 24 52 .
1148 3776 136 68 m.
1336 3740 92 100 b.
1484 3740 96 100 h.
1648 3784 36 68 [
1688 3748 288 104 19291

512 3900 188 92 221,
764 3940 20 60 [
792 3900 48 76 1
848 3940 20 60 ]
924 3920 84 72 p.
1128 3904 60 72 1
1184 3904 48 72 0
1260 3904 40 40 -
1332 3964 16 20 .

392 4020 92 104 ©
564 4036 196 80 Oct.
832 4040 128 88 31,
1032 4032 112 84 19
1144 4036 112 76 29
1288 4056 16 68 ;
1380 4028 124 96 1c.
1580 4036 208 76 Feb.
1864 4036 128 88 14,
2068 4036 268 88 1930;
2412 4036 604 92 A-Foreign
3080 4036 56 76 6
3140 4036 56 76 6
3196 4036 156 92 15;
3428 4036 372 92 August
3872 4036 280 76 Scher
4160 4036 28 72 l
4200 4096 12 28 ,

528 4164 76 72 g.
676 4148 112 76 m.
860 4148 84 76 b.
1012 4148 84 72 h.
1236 4144 420 92 (31-229)
3756 4136 284 88 13891

392 4324 428 124 Elliott,
872 4332 92 96 M
940 4328 200 100 frs.
1196 4328 412 100 Maude
1684 4328 460 120 (Howe)
2228 4336 324 96 1854-

516 4472 300 104 John
872 4472 452 128 Elliott;
1388 4472 180 100 the
1624 4484 304 120 story
1980 4472 124 100 of
2156 4508 144 68 an
2348 4476 356 128 artist,
2756 4476 144 132 by
2956 4472 404 104 Maude
3412 4476 348 100 Howe
3820 4472 400 100 Elliott

512 4624 68 112 …
648 4620 408 104 Boston
1128 4620 216 104 and
1408 4620 268 104 New
1744 4620 344 132 York,
2152 4624 612 132 Houghton
2828 4624 124 100 M
2960 4624 36 100 i
3000 4620 40 104 f
3040 4620 60 104 f
3052 4620 48 104 l
3108 4624 112 100 in
3284 4656 572 96 company,
3928 4628 284 96 1930.

520 4804 60 52 a
628 4800 108 72 p.,
780 4784 56 72 2
880 4784 80 88 1.,
1012 4780 164 76 265
1224 4800 80 72 p.
1420 4784 316 88 front.,
1788 4784 300 88 plates
2140 4780 264 92 (part
2452 4780 212 92 col.)
2732 4788 312 84 ports.,
3096 4784 56 72 2
3196 4784 100 76 fa
3308 4804 44 56 c
3360 4784 200 76 sim.
3672 4784 272 72 24i".

520 4916 232 76 Coat
808 4916 100 76 of
956 4936 248 56 arms
1264 4936 112 56 on
1432 4920 188 84 t.-p.

520 5024 280 76 "This
848 5024 352 76 edition
1252 5024 76 76 is
1380 5024 368 76 limited
1788 5028 96 72 to
1932 5044 172 56 one
2152 5024 468 76 thousand
2672 5024 384 92 copies."

520 5132 228 76 This
832 5132 168 76 life
1080 5132 104 76 of
1260 5132 248 76 John
1592 5132 332 76 Elliott
2004 5132 84 76 is
2172 5132 192 76 told
2448 5132 116 92 by
2640 5132 148 76 his
2868 5132 248 92 wife,
3200 5132 148 76 for
3440 5136 152 72 the
3676 5136 240 72 most
4004 5136 208 92 part

388 5244 400 92 through
840 5240 144 80 his
1036 5240 356 76 letters.

396 5372 96 92 ©
552 5380 216 80 Dec.
820 5380 132 92 11,
1008 5376 268 92 1930;
1336 5376 128 80 2c.
1520 5376 188 76 and
1760 5396 52 56 a
1820 5376 100 72 ff.
1976 5376 212 80 Dec.
2244 5376 44 76 1
2300 5376 48 76 5
2384 5396 16 72 ;
2460 5376 84 72 A
2592 5372 328 96 32200;
2984 5376 96 80 M
3088 5440 16 16 .
3160 5376 116 80 H.
3336 5376 360 96 Elliott,
3756 5380 460 92 Newport,

528 5492 108 76 R.
696 5508 68 76 I.
900 5484 536 96 (30-34237)
3752 5484 48 80 1
3812 5484 48 80 3
3872 5484 172 84 892

388 5668 480 124 Grilgor,
932 5664 632 104 Bernhard.

516 5812 216 100 Mit
780 5812 468 100 faltboot
1296 5812 224 100 und
1576 5812 464 100 fahrrad
2088 5816 280 100 nach
2416 5812 468 128 Afrika;
2940 5816 168 100 ein
3160 5816 452 132 lustiges
3664 5816 552 100 reisebuch

384 6000 204 64 von
636 5960 580 104 Bernhard
1260 5960 492 132 Grflgor;
1800 5960 204 100 mit
2048 5968 124 92 56
2220 5960 732 132 abbildungen
3028 5964 200 100 und
3276 5964 292 100 einer
3608 5964 604 100 landkarte.

380 6108 488 132 Leipzig,
920 6108 104 104 V
1028 6112 296 120 erlag
1384 6108 536 104 Deutsche
1972 6108 136 104 bu
2124 6128 56 76 c
2184 6108 368 104 hwerk
2560 6144 44 64 s
2612 6112 352 104 tatten
3016 6148 100 96 g.
3172 6148 132 64 m.
3364 6116 96 100 b.
3516 6116 100 96 h.
3688 6120 324 100 119301

516 6264 188 92 211,
780 6300 20 60 [
804 6264 48 72 1
860 6300 20 56 1
944 6284 84 72 p.
1144 6264 284 76 front.
1484 6260 332 96 (port.)
1892 6264 328 92 plates,
2284 6284 236 72 map.
2712 6268 48 56 1

392 6400 96 92 ©
552 6408 240 76 June
848 6408 76 88 3,
984 6404 268 92 1930;
1320 6404 48 76 l
1368 6424 48 60 e
1432 6468 12 12 .
1508 6404 228 92 Aug.
1800 6404 156 88 26;
2020 6404 596 96 A-Foreign
2676 6404 272 92 8958;
3016 6408 340 92 Verlag
3416 6408 468 80 Deutsche
3944 6408 56 72 b
4004 6424 56 60 u
4072 6408 144 76 ch-

524 6516 640 92 werkststten,
1224 6536 80 72 g.
1364 6536 116 56 m.
1540 6516 76 72 b.
1676 6512 64 76 h
1748 6576 16 16 .
1904 6512 420 96 (31-468)
3752 6516 284 80 13893

388 6692 524 124 Harmer,
968 6696 464 120 Harvey
1484 6692 492 124 Walker,
2040 6704 320 96 1865-

524 6840 108 104 A
680 6840 732 136 magistrate's
1468 6848 440 96 manual
1968 6844 216 100 and
2244 6844 344 104 forms
2648 6844 116 100 in
2816 6844 260 104 civil
3136 6848 216 100 and
3408 6848 504 100 criminal
3976 6880 236 96 pro-

392 6992 500 132 ceedings
972 6992 216 100 and
1272 6992 524 124 ordinary
1872 6992 488 104 business
2440 6992 760 132 transactions,
3284 6996 288 132 adap
3580 7004 48 96 t
3632 6996 128 104 ed
3844 7008 112 92 to
4040 6996 176 100 the

396 7176 232 68 new
692 7140 296 104 Code
1048 7140 124 104 of
1228 7144 304 104 West
1596 7140 552 132 Virginia,
2212 7152 112 96 to
2388 7144 356 100 which
2808 7144 92 104 is
2964 7148 356 100 added
3388 7144 452 132 chapter
3908 7148 124 100 50
4092 7140 124 104 of

396 7292 180 100 the
624 7328 236 64 new
908 7288 296 104 Code
1252 7292 216 100 and
1520 7292 184 100 the
1752 7292 484 132 syllabus
2288 7292 124 100 of
2456 7292 184 100 the
2696 7292 528 104 decisions
3280 7292 124 104 of
3452 7296 184 100 the
3696 7292 520 132 Supreme

396 7472 260 68 cour
660 7448 44 92 t
776 7476 60 64 o
848 7436 56 104 f
972 7444 448 128 appeals
1496 7440 128 104 of
1692 7440 304 104 West
2068 7440 556 136 Virginia,
2704 7444 112 100 in
2892 7476 292 68 cases
3260 7444 596 132 originally
3936 7448 200 96 trie
4136 7444 64 92 d
