4752 8320
392 724 420 116 James,
868 720 132 100 W
1008 716 116 104 ill
1128 800 28 44 ,
1216 728 316 92 1892-

524 896 296 100 Lone
884 896 492 128 cowboy;
1444 928 184 96 my
1692 892 200 104 life
1956 904 332 120 story,
2352 896 144 128 by
2564 892 268 100 Will
2896 892 424 128 James;
3392 892 620 100 illustrated
4076 896 144 128 by

400 1048 172 100 the
644 1048 420 96 author.
1212 1044 260 100 New
1548 1040 340 108 York,
1956 1040 492 132 London,
2520 1040 116 104 C.
2716 1036 596 108 Scribner's
3380 1076 280 96 sons,
3732 1044 284 96 1930.

528 1248 60 52 x
648 1244 100 72 p..
812 1228 48 68 1
920 1228 84 84 1.,
1064 1228 48 68 4
1120 1224 48 76 3
1180 1224 72 88 1,
1316 1232 168 76 [1]
1484 1244 108 68 p.,
1652 1224 44 72 1
1760 1224 48 72 1.
1872 1220 96 76 in
1976 1244 44 52 c
2028 1224 52 76 l.
2140 1220 288 76 front.
2488 1220 100 92 (p
2592 1240 48 56 o
2652 1220 160 92 rt.)
2892 1220 272 92 illus.,
3228 1220 324 92 plates.
3668 1220 224 72 22-.

412 1352 96 100 ©
572 1360 232 88 Aug.
868 1360 76 88 1,
1008 1356 268 84 1930;
1348 1352 124 80 2c.
1540 1360 76 72 A
1628 1376 56 56 u
1692 1376 76 68 g.
1836 1356 52 68 8
1920 1376 20 56 :
2008 1352 156 80 aff.
2232 1352 228 88 Aug.
2532 1352 52 72 6
2612 1372 16 72 ;
2700 1352 80 72 A
2844 1352 328 92 26567;
3248 1352 392 80 Charles
3708 1352 224 80 Seri'
3940 1372 92 56 m
4040 1352 172 80 er's

540 1488 240 56 sons.
920 1468 324 88 (30-20
1248 1468 48 72 6
1300 1468 152 88 57)
3808 1460 228 80 8099

396 1648 344 120 Jeter,
800 1648 356 96 Helen
1216 1644 484 124 Rankin,
1772 1656 328 92 1895-

532 1820 740 132 Registration
1344 1824 120 100 of
1528 1820 320 104 social
1920 1820 520 104 statistics
2504 1820 176 104 for
2748 1828 176 96 the
2984 1856 260 96 year
3312 1828 288 124 1928,
3664 1824 140 128 by
3864 1824 360 100 Helen

400 1976 128 100 R.
612 1976 304 100 Jeter
1008 2036 28 64 l
1044 2008 52 64 a
1112 1976 148 96 nd
1392 1972 128 100 A.
1612 1972 160 100 W.
1860 1972 184 96 AfIc
2048 1972 128 92 M
2176 1972 316 112 illen;
2580 2008 56 64 a
2720 1984 368 120 report
3176 1972 592 100 submitted
3848 1984 112 88 to
4040 1976 180 96 the

396 2124 308 104 Joint
776 2124 608 100 committee
1456 2124 124 100 of
1644 2124 180 100 the
1896 2120 692 104 Association
2660 2120 116 104 of
2848 2120 668 136 community
3588 2124 344 100 chests
4008 2124 216 100 and

396 2272 472 104 councils
936 2276 212 96 and
1216 2276 124 96 th
1348 2312 52 60 e
1464 2272 332 100 Local
1868 2272 668 132 community
2604 2272 488 100 research
3168 2268 612 104 committee
3848 2272 124 100 of
4040 2272 180 100 the

400 2424 632 132 University
1100 2424 124 100 of
1292 2420 508 132 Chicago.
1960 2460 36 72 [
1996 2420 516 132 Chicago,
2580 2452 56 68 0
2624 2428 184 92 193
2820 2428 92 120 01

540 2608 48 72 1
652 2612 76 72 p.
784 2608 84 72 1..
936 2644 20 52 L
964 2604 36 72 i
1004 2604 24 68 i
1040 2644 20 52 l
1068 2648 56 8 -
1120 2604 180 72 xlii
1308 2660 16 32 ,
1384 2604 52 72 9
1436 2604 108 64 50
1628 2604 24 92 (
1676 2604 24 72 i
1688 2632 32 44 ..
1788 2624 68 56 e.
1920 2600 104 76 97
2028 2600 100 92 2)
2208 2624 72 68 p.
2344 2600 148 72 ine
2496 2604 56 72 l.
2624 2600 268 92 diagr
2896 2624 48 56 s
2932 2632 60 60 .,
3052 2600 324 80 forms.
3500 2600 56 76 2
3560 2600 416 88 8ͨͫ
3708 2660 12 16 .

544 2740 892 88 "Mimeographed."

412 2864 92 100 ©
568 2876 244 76 June
868 2872 128 92 30,
1060 2872 268 92 1930;
1444 2876 120 96 2c.
1580 2876 244 72 June
1880 2872 160 88 23;
2100 2892 56 64 a
2164 2872 96 76 ff.
2324 2876 224 88 Aug.
2612 2880 60 72 6
2700 2892 12 68 ;
2776 2872 84 76 A
2916 2872 220 76 2541
3144 2872 48 76 5
3228 2892 16 68 ;
3308 2876 284 72 Local
3652 2872 560 92 community

544 2984 432 76 research
1032 2984 524 76 committee
1612 2984 96 72 of
1764 2992 72 104 th
1872 3004 44 52 e
1980 2984 536 92 University
2572 2984 100 76 of
2728 2984 424 92 Chicago,
3216 2984 424 92 Chicago.
3816 2980 224 80 8100

396 3164 536 120 Johnson,
996 3164 472 104 Charles
1524 3164 448 120 Morris,
2036 3176 324 92 1869-

532 3344 372 128 Rapid
976 3344 496 100 methods
1552 3344 176 96 for
1800 3344 184 100 the
2056 3344 520 100 chemical
2652 3344 476 132 analysis
3204 3344 120 100 of
3404 3344 404 128 special
3880 3352 348 124 steels,

400 3492 760 132 steel-making
1228 3496 376 128 alloys,
1672 3492 284 100 their
2016 3528 268 92 ores,
2348 3492 600 132 graphites,
3012 3496 212 100 and
3296 3488 452 136 bearing
3812 3496 416 128 metals,

396 3644 144 132 by
628 3644 448 104 Charles
1160 3644 408 100 Morris
1652 3644 496 100 Johnson
2208 3648 64 108 …
2504 3644 184 96 4th
2776 3644 200 128 ed.,
3060 3644 268 96 with
3416 3644 492 132 eighteen
3996 3680 232 64 new

400 3792 684 132 appendices.
1228 3792 264 100 New
1592 3792 336 100 York.
2032 3792 104 100 J.
2232 3792 364 132 Wiley
2692 3796 216 96 and
3000 3832 280 92 sons,
3372 3788 264 132 inc.;
3736 3796 484 124 London,

404 3944 568 132 Chapman
1028 3944 88 96 &
1164 3944 308 120 Hall,
1524 3940 460 132 limited,
2040 3944 288 96 1930.

528 4132 56 56 x
596 4124 120 88 ix,
768 4124 168 76 729
980 4148 80 68 p.
1116 4120 204 80 inel.
1380 4120 272 88 illus.,
1708 4120 340 92 diagrs.
2164 4124 104 72 23
2272 4120 68 80 y
2344 4120 64 56 m
2428 4180 12 12 .
2668 4120 252 92 $7.50

532 4260 284 72 Table
872 4280 116 56 on
1044 4256 648 96 lining-paper.

412 4372 92 88 ©
572 4396 240 76 June
868 4392 128 92 19,
1060 4392 268 92 1930;
1392 4392 48 72 2
1452 4416 64 56 e.
1580 4396 184 72 and
1824 4392 100 76 af
1920 4392 40 72 f
1968 4452 12 16 .
2044 4392 240 76 June
2340 4392 160 92 23;
2564 4392 80 72 A
2700 4392 328 92 24753;
3100 4392 72 80 C
3176 4456 12 16 .
3256 4396 116 76 M.
3436 4392 444 88 Johnson,
3944 4392 148 76 Pit
4104 4400 88 68 ts

544 4504 324 92 burgh.
992 4524 32 72 [
1040 4508 68 88 0
1184 4500 480 92 rewriting
1720 4504 184 76 and
1960 4520 204 60 new
2220 4500 432 80 material
2824 4500 536 96 (30-21460)
3816 4500 228 80 8101

396 4684 404 124 Judge.

532 4856 452 132 Judge's
1056 4860 392 100 second
1524 4896 284 64 cross
1888 4860 300 100 word
2268 4860 376 128 puzzle
2716 4860 336 124 book;
3136 4896 60 64 a
3268 4856 764 132 compendium
4108 4860 116 100 of

404 5004 252 132 fifty
748 5040 284 68 cross
1124 5012 304 96 word
1520 5012 432 124 puzzles
2040 5012 460 96 selected
2596 5008 288 100 from
2976 5008 180 100 the
3248 5008 532 132 originals
3872 5004 356 104 which

400 5156 268 100 have
736 5160 548 128 appeared
1356 5156 108 100 in
1528 5156 424 132 Judge;
2028 5156 360 100 edited
2456 5160 144 128 by
2664 5160 180 96 the
2912 5156 260 104 staff
3236 5156 120 100 of
3420 5156 400 136 Judge.
3964 5160 268 100 New

404 5304 336 132 York,
792 5304 228 104 The
1068 5304 296 104 John
1416 5308 252 128 Day
1716 5340 536 96 company
2316 5304 360 108 [01930]

536 5492 52 76 4
636 5512 80 72 p.
764 5496 84 88 1.,
904 5492 188 92 101,
1152 5528 20 60 [
1176 5492 136 96 14,
1368 5516 80 68 p.
1544 5492 364 88 -diagrs.
2020 5492 104 76 21
2136 5496 28 40 C
2232 5552 16 16 .

420 5620 84 88 ©
588 5628 220 92 July
872 5628 136 92 22,
1076 5628 112 76 19
1196 5628 104 72 30
1316 5644 24 64 :
1420 5628 124 80 2c.
1616 5628 232 92 Aug.
1916 5628 156 88 13;
2152 5648 44 56 a
2212 5628 68 76 fT
2292 5688 16 16 .
2376 5628 232 92 Aug.
2672 5628 104 92 2;
2856 5628 76 72 A
3000 5624 332 96 26637;
3408 5628 304 92 Judge
3780 5632 208 92 pub.
4064 5652 156 72 co.,

552 5740 220 76 New
824 5740 276 76 York.
1240 5736 536 92 (30-21410)
3816 5736 236 84 8102

408 5916 488 124 Kipling,
956 5916 576 120 Rudyard,
1596 5924 324 96 1865-

536 6060 224 100 The
840 6096 444 64 manner
1368 6060 116 100 of
1564 6092 272 100 men,
1920 6060 140 132 by
2148 6060 528 132 Rudyard
2764 6060 236 132 Kip
3004 6064 36 92 l
3048 6060 216 132 ing.
3416 6060 96 104 G
3524 6064 328 100 arden
3940 6064 288 132 City,

400 6204 128 104 N.
596 6208 168 136 Y.,
824 6208 672 132 Doubleday,
1556 6208 372 100 Doran
1992 6212 84 96 &
2128 6244 568 96 company,
2752 6208 240 132 inc.,
3056 6216 280 96 1930.

532 6388 52 76 2
636 6408 80 72 p.
780 6388 80 92 1.,
916 6392 220 76 3-22
1188 6412 80 68 p.
1384 6392 112 76 20
1500 6392 44 88 s
1572 6388 60 52 m
1632 6384 24 68 .

416 6520 92 88 ©
572 6528 220 92 Aug.
860 6536 124 76 13,
1044 6528 268 92 1930;
1372 6528 128 80 2c.
1560 6532 180 76 and
1800 6528 100 80 af
1876 6528 56 76 f
1940 6592 12 16 .
2012 6528 232 92 Aug.
2300 6532 156 88 16;
2520 6532 80 76 A
2652 6528 328 92 26733;
3044 6532 104 80 R.
3208 6532 412 92 Kipling,
3684 6536 532 76 Batemans.

548 6640 140 76 Bu
696 6636 308 96 rwash
1016 6700 12 32 ,
1092 6644 56 72 S
1160 6660 56 56 u
1224 6660 236 72 ssex,
1520 6644 448 84 England.
2104 6636 536 96 (30-21640)
3816 6640 224 80 8103

404 6816 464 128 Knibbs,
932 6824 392 120 Henry
1384 6824 524 120 Herbert,
1976 6828 324 100 1874-

540 6968 352 136 Songs
944 6972 124 104 of
1124 6976 176 100 the
1356 6980 208 96 lost
1624 6976 500 108 frontier,
2176 6980 144 128 by
2372 6976 396 136 Henry
2816 6980 476 100 Herbert
3352 6976 460 104 Knibbs.
3960 6984 248 96 Bos-

408 7128 180 92 ton
648 7128 208 96 and
916 7124 260 100 New
1236 7124 340 112 York,
1628 7124 608 128 Houghton
2296 7124 272 96 Miff
2516 7124 48 96 l
2572 7124 112 100 in
2740 7160 568 96 company,
3372 7136 280 92 1930.

528 7296 32 72 i
568 7320 56 52 x
636 7360 12 20 ,
712 7300 104 96 113
832 7364 12 24 ,
908 7304 48 72 8
960 7304 52 76 5
1020 7364 20 28 ,
1112 7304 128 96 [1]
1272 7324 56 72 p
1340 7364 16 16 .
1472 7304 48 72 2
1524 7304 416 88 0ͨͫ
1676 7368 16 16 .

420 7424 88 88 ©
588 7440 220 84 Aug.
880 7440 76 72 13
988 7500 20 28 ,
1076 7440 44 72 1
1132 7444 48 68 9
1184 7444 48 68 3
1244 7440 52 72 0
1328 7460 16 60 :
1416 7440 128 80 2c.
1616 7440 228 88 Aug.
1916 7444 152 76 15:
2148 7440 96 80 af
2224 7440 52 76 f
2288 7504 12 16 .
2372 7440 228 92 Aug.
2672 7444 156 88 14;
2904 7444 76 76 A
3048 7440 324 96 27003;
3448 7448 116 76 H.
3640 7448 116 76 H.
3828 7444 184 76 Kni
4032 7448 32 64 i
4084 7448 48 64 h
4140 7464 44 48 s
4180 7476 20 44 .

548 7548 448 92 Banning,
1068 7548 276 80 Calif.
1480 7548 428 92 (30-2143
1908 7544 56 68 5
1992 7564 20 72 )
3820 7548 228 84 8104

2180 7660 256 92 1241
