4752 8320
2052 7744 268 100 2301

288 752 736 124 Chassaigne,
1088 752 1088 104 Marc-Continued

412 904 56 76 2
528 928 84 68 p.
672 908 28 68 l
712 964 44 32 .,
820 904 164 76 348
1044 928 116 68 p.,
1216 904 56 72 2
1336 904 56 76 1.
1504 904 316 92 front.,
1884 904 332 92 plates,
2280 908 312 88 ports.,
2660 904 100 76 fa
2772 924 40 56 c
2824 904 248 76 sims.
3184 904 176 76 21
3352 908 32 40 ͨͫ
3392 964 16 16 .
3548 904 188 92 (On
3796 924 308 64 cover:

288 1016 268 72 Ames
616 1016 96 72 et
764 1012 368 88 visages
1192 1008 604 92 d'autrefois)

296 1124 88 88 ©
448 1120 196 80 Oct.
696 1120 132 96 25,
880 1120 272 88 1930;
1208 1124 128 76 1c.
1388 1120 84 72 D
1476 1140 124 56 ec.
1652 1120 160 88 19;
1868 1120 596 92 A--Foreign
2512 1116 276 96 9955;
2844 1120 280 76 Albin
3176 1120 136 76 Mi
3316 1140 52 56 c
3368 1120 176 76 hel.

444 1228 480 96 (31-5074)
3640 1228 292 84 14759

288 1412 660 120 Chevallier,
1008 1408 488 108 Gabriel.

484 1568 64 104 …
612 1564 160 96 La
840 1592 132 96 pe
980 1576 64 80 u
1056 1596 84 92 r,
1208 1592 384 64 roman
1644 1568 64 104 …
1928 1556 356 132 Paris,
2356 1560 332 104 Stock
2776 1560 640 136 (Delamain
3484 1572 104 88 et
3660 1564 436 100 Boutel

272 1708 100 100 le
380 1744 60 64 a
452 1744 64 64 u
532 1712 36 128 )
648 1712 288 96 1930.

420 1864 52 76 2
520 1888 60 68 p
588 1924 16 16 .
660 1864 84 88 l.,
808 1864 76 92 [7
892 1900 20 56 ]
932 1864 216 76 -319
1192 1888 116 68 p.,
1360 1864 48 72 1
1456 1868 60 72 l.
1628 1864 108 76 19
1764 1868 40 40 ͨͫ
1836 1924 20 16 .

364 1972 28 88 ©
456 1972 196 76 Oct.
712 1972 136 88 22,
908 1968 268 92 1930;
1248 1992 124 64 1c.
1440 1972 208 76 Dec.
1716 1972 156 84 12;
1940 1972 600 88 A—Foreign
2600 1972 268 92 9765;
2940 1972 464 76 Librairie
3468 1972 304 92 Stock,
3840 1972 268 88 Dela

420 2080 256 76 main
728 2080 72 80 &
856 2084 576 72 Boutelleau.
1568 2080 484 92 (31-5556)
3640 2080 292 84 14760

284 2260 456 124 Chiray,
800 2260 536 124 Maurice,
1408 2264 308 104 1877-

520 2412 60 112 …
640 2408 208 104 Les
952 2408 548 104 fonctions
1604 2408 996 132 hépato-biliaires;
2708 2408 688 136 physiologie
3436 2472 132 16 -
3604 2412 492 132 explora-

288 2584 32 76 t
332 2560 212 128 ion,
648 2560 380 100 valeur
1124 2572 104 88 et
1328 2560 316 100 choix
1748 2560 184 100 des
2036 2568 264 92 tests
2400 2560 136 100 de
2636 2560 752 100 l'insuffisance
3488 2560 612 132 hépatique.

284 2708 352 132 Paris,
688 2708 448 104 Masson
1188 2720 104 92 et
1348 2708 156 132 cie,
1564 2716 288 96 1930.

412 2872 56 72 4
516 2888 84 72 p.
652 2876 88 84 l,
796 2868 76 84 [3
880 2908 24 52 ]
924 2864 216 84 -170
1184 2892 112 68 p.,
1348 2872 48 72 1
1452 2872 60 76 l.
1624 2868 504 88 23ͨͫ
1828 2932 20 16 .

412 2980 128 76 At
588 2976 240 80 head
880 2980 100 76 of
1028 2980 256 76 title:
1344 2980 96 72 M
1448 3040 16 16 .
1520 2980 348 92 Chiray
1932 2976 60 84 …
2068 2984 96 72 et
2220 2980 96 76 F.
2372 2976 76 76 T
2448 2976 64 76 h
2516 2976 36 76 i
2556 2972 48 84 é
2608 2976 116 80 ba
2732 2996 60 60 u
2796 2984 68 72 t.

416 3088 744 88 "Bibliographie
1224 3108 48 56 r
1276 3088 48 76 é
1340 3092 52 64 c
1380 3088 320 76 ente":
1764 3112 84 68 p.
1912 3124 20 60 [
1940 3080 452 88 161]-164.

296 3192 88 88 ©
456 3196 244 92 Sept.
764 3200 72 92 5,
900 3196 268 96 1930;
1292 3196 112 96 1c.
1428 3200 80 72 D
1516 3216 44 56 e
1568 3220 72 56 c.
1700 3196 160 96 19;
1928 3196 600 96 A—Foreign
2584 3196 324 92 10002;
2980 3200 384 72 Masson
3420 3196 72 76 &
3556 3220 44 52 c
3604 3196 116 80 ie.

436 3304 376 96 (31-502
812 3324 56 72 0
892 3308 24 92 )
3640 3300 288 88 14761

288 3488 364 128 [Cory,
728 3484 448 136 Vivian]

408 3632 228 100 The
728 3636 704 104 unconscious
1520 3632 396 132 sinner,
2004 3636 136 128 by
2244 3632 484 104 Victoria
2824 3632 324 108 Cross
3248 3624 60 88 [
3284 3632 368 132 pseud.
3668 3700 24 64 ]
3844 3632 252 104 New

280 3780 336 132 York,
668 3784 228 96 The
952 3784 576 132 Macaulay
1592 3816 528 100 company
2196 3784 360 132 [ͨ1930]

408 3932 48 76 2
468 3932 48 76 5
520 3932 48 76 2
624 3952 84 76 p.
824 3932 104 80 19
1012 3940 40 40 ½ͨͫ
1084 3996 16 16 .

288 4040 92 88 ©
440 4052 212 76 Dec.
700 4052 136 92 15,
884 4048 272 92 1930;
1208 4056 128 72 2c.
1392 4052 212 76 Dec.
1656 4048 156 92 16;
1868 4048 160 80 aff.
2080 4052 216 76 Dec.
2348 4052 156 88 17;
2560 4052 80 72 A
2688 4048 328 92 32245;
3076 4048 332 80 Vivien
3460 4048 240 92 Cory
3756 4048 348 96 Griffin,

416 4160 404 88 Menton,
888 4160 380 76 France.
1408 4160 532 88 (30-33615)
3640 4156 292 80 14762

276 4336 372 128 Craig,
712 4340 484 100 Edward
1252 4340 484 124 Gordon,
1800 4344 328 104 1872-

404 4492 108 100 A
576 4492 712 132 production;
1356 4492 328 132 being
1752 4492 620 132 thirty-two
2444 4496 544 132 collotype
3052 4496 352 128 plates
3476 4496 124 100 of
3668 4492 436 136 designs

276 4644 552 132 projected
888 4680 120 64 or
1068 4640 460 104 realised
1592 4644 180 100 for
1832 4644 232 100 The
2124 4644 640 132 pretenders
2820 4644 124 104 of
3000 4644 440 104 Henrik
3500 4640 328 108 Ibsen
3888 4640 220 108 and

276 4796 548 128 produced
908 4804 108 88 at
1100 4796 184 100 the
1364 4796 352 132 Royal
1796 4796 456 128 theatre,
2336 4792 772 136 Copenhagen,
3192 4800 288 96 1926.
3624 4796 180 136 By
3880 4796 224 100 Ed-

276 4944 300 104 ward
636 4940 456 108 Gordon
1152 4940 368 136 Craig.
1660 4944 496 128 London,
2212 4944 148 100 H.
2420 4940 512 136 Milford,
2996 4944 444 104 Oxford
3496 4944 608 136 university

276 5132 328 96 press,
660 5100 288 96 1930.

408 5252 48 76 3
520 5272 84 68 p.
664 5252 84 88 1.,
808 5248 108 76 21
972 5268 116 72 p.,
1144 5248 40 76 1
1248 5252 88 88 l.,
1396 5268 192 56 XXX
1620 5268 56 56 II
1728 5268 60 72 p
1792 5252 32 72 l
1832 5312 16 12 .
1904 5248 260 92 (part
2224 5252 220 88 col.;
2508 5248 148 80 ine
2660 5252 32 72 l
2704 5312 16 12 .
2780 5248 316 96 plans)
3232 5252 280 88 51½ͨͫ.

412 5360 256 72 Each
724 5360 248 88 plate
1040 5356 656 92 accompanied
1756 5356 116 92 by
1932 5360 300 84 guard
2292 5360 264 76 sheet
2612 5360 232 72 with
2908 5356 556 92 descriptive
3532 5360 572 88 letterpress.

412 5464 224 80 "Six
684 5464 428 76 hundred
1164 5464 72 76 &
1284 5464 176 76 five
1516 5464 304 92 copies
1884 5464 56 88 …
2028 5468 56 72 h
2096 5484 168 56 ave
2320 5468 224 72 been
2600 5464 372 92 printed
3028 5464 56 88 …
3188 5464 96 80 of
3340 5468 264 76 these
3652 5464 180 80 five
3880 5464 60 76 h
3948 5484 56 56 u
4012 5484 60 56 n
4076 5504 28 12 -

276 5576 224 76 dred
564 5572 304 92 copies
932 5592 112 56 on
1108 5572 620 76 mould-made
1788 5592 316 72 paper,
2168 5576 184 72 and
2416 5592 168 56 one
2648 5576 428 72 hundred
3136 5576 176 72 and
3380 5572 180 80 five
3620 5572 304 92 copies
3988 5592 116 56 on

276 5684 556 72 hand-made
916 5700 288 72 paper
1288 5680 500 76 numbered
1880 5684 184 72 and
2148 5680 320 92 signed
2552 5684 120 88 by
2756 5684 160 72 the
3000 5680 424 80 author."
3564 5680 228 80 This
3876 5704 228 68 copy

276 5792 364 72 neither
688 5792 504 72 numbered
1240 5808 176 56 nor
1460 5788 352 92 signed.

288 5872 88 88 ©
440 5884 128 92 1c.
624 5900 224 88 July
896 5892 136 84 25.
1088 5892 112 80 19
1200 5896 48 76 3
1256 5896 100 92 0;
1416 5896 80 76 A
1552 5900 116 72 ad
1724 5896 164 80 int.
1944 5896 220 76 1413
2172 5896 48 76 3
2252 5916 20 68 ;
2332 5896 272 92 pubd.
2664 5896 224 92 May
2940 5896 160 92 29;
3168 5896 72 80 O
3244 5916 64 56 x
3312 5896 212 80 ford
3588 5896 516 80 university

416 6028 160 72 pre
580 6004 44 80 s
632 6028 68 72 s,
764 6008 224 76 New
1052 6008 272 88 York,
1392 6008 200 88 inc.,
1656 6008 224 72 New
1944 6008 276 76 York.
2356 6004 536 92 (30-20273)
3648 6000 48 84 1
3704 6000 228 88 4763

272 6192 100 96 D
380 6204 64 76 a
448 6188 284 124 chis,
792 6188 380 124 Louis,
1236 6192 636 132 defendant.

408 6344 236 100 The
704 6340 412 100 Dachis
1180 6376 268 76 case,
1504 6344 144 132 by
1708 6340 568 100 Abraham
2336 6340 460 128 Kaplan
2856 6344 212 100 and
3140 6340 440 108 Samuel
3640 6344 140 96 A.
3848 6344 260 100 Ber-

276 6528 240 92 ger;
580 6492 468 120 counsel,
1100 6488 432 132 Special
1588 6488 612 104 committee
2252 6492 120 100 of
2424 6492 180 100 the
2660 6492 268 96 New
2984 6488 312 104 York
3344 6492 344 104 board
3744 6492 120 100 of
3916 6488 188 104 fire

276 6672 60 68 u
352 6644 144 96 nd
508 6636 568 108 erwriters.
1224 6640 264 100 New
1556 6636 340 104 York.
1964 6640 232 100 The
2256 6640 576 100 Davidson
2896 6676 296 96 press
3272 6704 24 64 [ͨ
3348 6648 52 92 1
3412 6644 124 96 93
3544 6648 60 92 0
3612 6704 24 64 ]

424 6792 48 80 6
516 6816 84 72 p.
640 6796 88 88 l.,
776 6792 356 96 17-311,
1188 6832 16 56 [
1216 6792 40 68 1]
1340 6816 84 68 p.
1468 6792 28 76 i
1508 6812 112 60 nc
1624 6792 28 76 l
1664 6856 20 16 .
1724 6792 316 92 front.,
2092 6796 300 88 plates
2448 6788 92 96 (1
2588 6792 136 76 fol
2732 6796 132 92 d.)
2928 6816 60 72 p
2992 6816 52 56 o
3052 6796 192 92 rts.,
3292 6792 44 80 f
3344 6812 48 60 a
3404 6816 44 56 c
3456 6792 80 80 si
3540 6816 88 52 m
3640 6816 64 56 s.
3820 6792 272 76 22½ͨͫ.

412 6904 144 76 An
612 6912 392 68 account
1060 6904 100 76 of
1216 6908 156 72 the
1428 6900 600 80 indictments
2084 6900 92 76 in
2240 6904 152 76 the
2452 6904 352 76 Dachis
2860 6924 240 72 case,
3164 6904 156 80 the
3376 6924 172 56 one
3604 6900 352 96 having
4012 6908 92 72 to

284 7016 112 72 do
460 7012 228 76 with
756 7012 152 76 the
972 7016 348 72 Lerner
1384 7016 72 72 &
1520 7008 524 96 Greenberg
2104 7008 168 80 fire
2340 7016 100 72 of
2504 7016 52 76 J
2568 7032 56 56 u
2628 7016 104 88 ly
2792 7012 188 96 8th,
3048 7008 244 96 1929,
3360 7016 188 76 and
3616 7016 152 76 the
3836 7012 268 76 other

292 7124 224 76 with
588 7124 160 76 the
820 7120 280 80 Louis
1176 7124 352 76 Dachis
1604 7124 160 76 fire
1848 7124 96 76 of
2020 7124 224 88 July
2320 7120 244 96 29th,
2640 7124 244 92 1929,
2968 7124 184 76 and
3236 7124 152 76 the
3468 7124 220 76 trial
3768 7124 100 76 of
3944 7124 156 76 the

284 7232 556 76 defendants
908 7232 96 72 in
1076 7232 160 76 the
1304 7232 288 76 Court
1664 7252 48 56 o
1716 7232 44 72 f
1828 7236 372 88 general
2276 7232 428 96 sessions,
2776 7236 340 88 county
3188 7252 56 56 o
3248 7232 44 76 f
3360 7232 228 76 New
3660 7232 76 76 Y
3740 7248 52 56 o
3796 7232 112 72 rk
3904 7244 20 60 ,
4004 7228 32 76 i
4048 7252 52 52 n

284 7340 140 76 Ap
428 7348 40 56 r
476 7340 68 76 il
604 7340 112 76 19
716 7340 112 76 30
836 7404 16 12 .

360 7448 28 88 ©
448 7452 224 88 May
728 7448 48 76 2
784 7452 56 72 8
836 7484 20 44 .
920 7448 268 88 1930;
1260 7448 48 76 2
1312 7472 72 56 c.
1452 7452 236 72 June
1748 7448 104 92 2;
1920 7452 76 72 A
2056 7452 164 72 244
2224 7452 48 76 8
2284 7452 96 88 5;
2456 7452 468 72 Abraham
2988 7448 376 92 Kaplan
3428 7460 68 76 &
3564 7448 368 80 Samuel
4000 7448 100 76 A.

424 7560 368 92 Berger.
860 7560 136 76 Ne
1004 7580 80 52 w
1144 7560 276 76 York.
1556 7556 208 96 (31-
1772 7560 44 76 5
1824 7560 208 92 666)
3640 7552 288 88 14764
