4800 8268
2168 7652 188 92 905

332 676 212 100 Am
556 676 36 100 i
600 712 56 64 e
664 680 32 96 l
704 760 28 40 ,
784 676 360 100 Henri
1200 680 152 96 Fr
1348 676 64 96 é
1424 676 64 96 d
1492 676 64 96 é
1564 676 196 124 ric,
1824 684 624 96 1821-1881.

464 828 476 132 Philine,
1016 832 288 96 from
1384 832 184 96 the
1644 824 736 132 unpublished
2460 824 488 132 journals
3028 824 124 96 of
3228 820 568 100 Henri-Fr
3776 828 64 92 é
3864 820 68 100 d
3920 828 64 92 é
4000 820 144 100 ric

332 976 416 132 Amiel;
832 980 604 96 translated
1508 976 148 132 by
1732 976 244 100 Van
2052 980 220 124 Wy
2268 996 60 76 c
2332 976 76 96 k
2480 968 480 132 Brooks;
3044 968 268 104 with
3388 1004 140 68 an
3604 968 548 104 introduc-

332 1124 228 104 tion
628 1128 144 128 by
844 1124 516 104 Edmond
1428 1124 440 104 Jaloux.
2012 1124 416 100 Boston
2500 1120 216 100 and
2788 1120 264 100 New
3128 1116 344 136 York,
3544 1120 612 128 Houghton

328 1272 160 100 Mi
504 1276 92 92 ff
492 1272 64 100 l
600 1276 112 100 in
776 1308 572 96 company,
1412 1276 288 96 1930.

460 1424 328 80 xxxvii
796 1424 56 92 i,
916 1460 20 60 [
940 1424 48 76 1
1000 1460 52 60 ],
1104 1420 192 96 400,
1360 1432 72 84 [1
1436 1448 24 60 ],
1520 1444 84 72 p.
1716 1420 104 76 21
1832 1424 48 92 ½ͨͫ
1972 1460 24 40 .

336 1532 96 92 ©
484 1540 216 80 May
744 1536 136 92 28,
928 1532 112 76 19
1040 1532 112 80 30
1184 1556 20 68 ;
1252 1536 48 72 2
1312 1556 44 56 c
1364 1600 16 12 .
1432 1536 244 76 June
1724 1532 104 92 2;
1880 1532 156 80 aff.
2092 1536 216 88 May
2356 1532 160 92 29;
2572 1532 76 72 A
2692 1532 336 88 23729;
3084 1532 336 88 Hough
3432 1532 28 72 t
3472 1552 116 52 on
3640 1528 260 76 Miffli
3904 1548 60 52 n
4016 1552 48 52 c
4068 1548 80 60 o.

480 1640 536 96 (30-14915)
3736 1632 228 84 5939

324 1824 488 124 Ballard,
884 1824 308 104 Colin
1256 1824 460 120 Robert,
1788 1832 324 96 1868-

460 1976 204 100 Kit
668 2008 56 64 c
728 1976 364 112 hener,
1184 1976 144 128 by
1424 1972 352 132 Brig.-
1792 1972 96 104 G
1900 2008 316 64 enera
2224 1976 28 92 l
2360 1976 84 100 C
2460 2056 16 16 .
2576 1976 128 100 R.
2804 1976 92 96 B
2908 1972 280 100 allar
3196 1972 68 100 d
3332 1992 68 104 …
3656 1972 500 132 London,

328 2124 352 104 Faber
728 2132 88 92 &
868 2124 356 100 Faber
1276 2120 424 104 limited
1768 2128 224 108 [193
2004 2132 56 92 0
2072 2188 24 64 ]

460 2280 164 76 380
676 2300 80 68 p.
872 2276 284 80 front.
1212 2276 104 92 (p
1324 2300 48 56 o
1380 2276 160 92 rt.)
1616 2276 32 76 i
1652 2280 28 72 l
1688 2280 32 72 l
1728 2296 132 60 us.
1916 2272 360 96 (maps)
2408 2276 220 76 23ͨͫ.

332 2364 96 88 ©
488 2388 128 76 lc.
672 2392 244 76 June
968 2392 132 88 11,
1160 2388 268 88 1930;
1488 2388 80 76 A
1620 2388 120 76 ad
1796 2388 164 76 int.
2020 2384 328 92 13987;
2404 2384 276 92 pubd.
2740 2384 216 92 Apr.
3016 2384 160 92 15;
3240 2384 92 80 C.
3392 2384 416 92 Ballard,
3872 2384 272 76 Much

464 2500 464 88 Hadham,
988 2500 316 88 Herts,
1364 2500 236 88 Engl
1604 2516 52 56 a
1664 2500 152 72 nd.
1948 2492 536 96 (30-16814)
3740 2488 236 84 5940

328 2676 472 124 Barnes,
856 2680 424 96 Homer
1336 2676 508 124 Francis,
1904 2688 320 92 1895-

464 2828 452 104 Charles
972 2828 376 104 Fenno
1408 2824 572 136 Hoffman,
2032 2828 144 132 by
2232 2828 416 104 Homer
2708 2828 128 104 F.
2896 2828 444 96 Barnes.
3488 2824 268 100 New
3812 2824 348 136 York,

332 2976 572 104 Columbia
968 2980 612 132 university
1640 3016 336 96 press,
2036 2980 288 96 1930.

464 3128 168 80 viii
716 3152 108 68 p.,
916 3128 48 80 1
1048 3128 84 92 l.,
1220 3128 164 80 361
1472 3148 112 72 p.,
1672 3128 48 80 1
1808 3128 60 80 l.
1984 3128 104 76 21
2100 3128 44 92 ½ͨͫ
2172 3132 92 76 .
2396 3128 320 92 (Half-
2728 3136 28 72 ti
2804 3128 172 80 tle:
3064 3124 464 80 Columbia
3644 3128 524 88 university

332 3236 356 80 studies
740 3236 100 80 in
896 3236 384 92 English
1340 3240 180 76 and
1580 3236 632 92 comparative
2272 3236 540 92 literature)

464 3344 504 80 Published
1024 3348 196 76 also
1276 3368 100 56 as
1428 3344 296 80 thesis
1792 3344 208 92 (PH.
2048 3368 76 56 D.
2148 3344 28 92 )
2248 3344 480 76 Columbia
2788 3344 552 92 university.

468 3452 720 92 Bibliography:
1252 3476 80 68 p.
1396 3452 208 80 317-
1620 3456 104 76 33
1736 3456 76 76 3.

340 3556 96 96 ©
504 3568 232 72 Mar.
800 3564 132 92 15,
996 3564 272 92 1930;
1336 3564 128 76 2c.
1532 3568 236 72 Mar.
1832 3572 40 68 1
1888 3560 104 92 5;
2060 3560 156 80 aff.
2284 3564 232 76 Mar.
2584 3560 160 92 19;
2812 3560 76 76 A
2956 3560 328 92 20383;
3356 3560 480 80 Columbia
3908 3556 248 80 univ.

468 3692 284 72 press.
892 3672 540 92 (30-14916)
3752 3664 228 84 5941

332 3824 272 128 Bell,
660 3824 464 104 Landon
1184 3824 672 128 Covington,
1920 3836 328 96 1880-

476 3976 660 108 Cumberlan
1136 3980 72 96 d
1320 3976 416 136 parish,
1832 3980 672 128 Lunenburg
2612 3980 472 132 County,
3184 3976 552 132 Virginia,
3844 3976 328 100 1746-

336 4136 288 96 1816.
768 4132 400 132 Vestry
1220 4128 312 128 book,
1588 4132 624 100 1746-1816.
2360 4132 172 132 By
2584 4128 464 104 Landon
3100 4124 120 108 C.
3276 4132 244 96 Bell
3612 4132 64 108 …
3840 4124 328 104 Rich-

332 4280 368 132 mond,
748 4280 240 128 Va.,
1044 4280 232 100 The
1324 4276 496 108 William
1880 4280 312 128 Byrd
2248 4312 332 96 press,
2636 4276 204 100 inc.
2908 4280 52 104 [ͨ
2984 4280 292 128 1930]

468 4432 52 76 4
572 4452 80 72 p.
704 4432 84 92 l.,
848 4468 20 60 [
876 4436 52 72 7
960 4432 220 76 ]-633
1240 4452 76 72 p.
1436 4436 260 84 port.,
1748 4432 228 76 fold.
2024 4452 244 72 map.
2384 4432 48 76 2
2440 4436 504 80 3½ͨͫ
2648 4496 20 16 .

476 4540 168 76 "At
732 4544 152 72 the
972 4540 220 76 time
1276 4540 96 76 of
1448 4540 128 76 its
1656 4560 44 56 c
1708 4540 364 76 reation
2156 4540 396 76 Cumber
2556 4540 32 76 l
2600 4540 180 76 and
2860 4540 324 92 parish
3260 4540 488 76 embraced
3804 4540 56 84 …
4012 4540 156 76 the

340 4648 264 76 territ
616 4668 52 56 o
676 4672 108 48 ry
832 4648 300 76 which
1180 4648 80 76 is
1304 4668 60 52 n
1372 4668 48 56 o
1432 4668 76 52 w
1556 4648 516 76 comprised
2120 4648 96 72 in
2264 4648 156 76 the
2468 4648 420 76 counties
2932 4648 100 76 of
3080 4648 584 84 Lunenburg,
3716 4648 456 76 Mecklen-

336 4760 256 88 burg,
652 4756 424 88 Halifax,
1144 4756 508 92 Charlotte,
1712 4756 660 92 Pittsylvania,
2432 4756 144 76 He
2584 4776 56 52 n
2652 4776 132 68 ry,
2840 4756 416 88 Patrick,
3316 4756 180 76 and
3560 4756 452 72 Franklin
4076 4808 56 20 …

336 4864 184 76 and
580 4864 156 76 the
800 4868 372 88 greater
1228 4868 212 84 part
1504 4864 100 76 of
1664 4864 416 76 Bedford
2140 4864 184 76 and
2388 4864 472 92 Campbell
2924 4864 448 84 counties,
3436 4864 184 76 and
3680 4880 48 56 a
3800 4868 212 84 part
4076 4856 96 80 of

336 4972 660 88 Appomattox.
1132 4972 88 76 It
1304 4988 220 72 was,
1604 4972 472 76 therefore
2144 4972 56 84 …
2344 4972 152 76 the
2572 4976 336 84 parent
2988 4972 168 80 of,
3220 4964 372 84 Antrim
3676 4968 316 96 parish
4076 4964 96 80 in

340 5076 400 80 Halifax
808 5076 364 92 County
1232 5080 60 84 …
1404 5076 100 80 of
1568 5076 472 80 Cornwall
2104 5076 320 92 parish
2484 5080 60 84 …
2656 5076 100 76 of
2824 5076 132 80 St.
3020 5080 320 76 James
3400 5076 324 92 parish
3788 5080 60 84 …
3956 5076 216 80 [and

336 5184 632 92 others]."-p.
1028 5188 140 76 22.

352 5288 96 96 ©
500 5296 220 92 May
764 5296 80 88 3,
892 5296 112 76 19
1004 5292 112 80 30
1144 5316 16 68 ;
1216 5296 132 76 2c.
1428 5296 148 76 and
1628 5288 156 80 aff.
1840 5296 240 76 June
2132 5296 104 88 2;
2288 5292 76 76 A
2416 5292 324 92 24207;
2800 5296 96 76 L.
2948 5292 96 80 C.
3100 5292 228 92 Bell,
3388 5288 524 96 Columbus,
3968 5292 72 80 O
4052 5356 20 16 .

512 5404 536 96 (30-14809)
3768 5396 232 84 5942

336 5560 268 120 Bell,
660 5560 488 112 William
1216 5560 648 104 Gladstone.

488 5708 416 100 Echoes
976 5704 292 104 from
1336 5708 428 128 pillows
1844 5768 24 68 [
1876 5708 144 128 by
2032 5768 24 68 ]
2128 5704 504 108 William
2704 5704 604 108 Gladstone
3376 5704 276 104 Bell.
3800 5736 48 76 [
3836 5704 340 104 Pitts-

352 5856 392 132 burgh,
808 5852 596 104 Nicholson
1468 5888 340 96 press,
1868 5860 336 124 ͨ19303]

484 6012 120 92 vi,
664 6016 104 72 12
772 6016 52 72 3
836 6076 16 28 ,
928 6012 96 80 [1]
1096 6032 84 72 p.
1292 6016 292 72 front.
1636 6012 104 92 (p
1744 6032 52 56 o
1804 6012 160 92 rt.)
2100 6012 48 76 1
2156 6008 52 80 9
2220 6012 40 92 ½ͨͫ
2364 6068 16 20 .

488 6124 352 76 Poems.

356 6208 96 88 ©
512 6232 188 76 Jun
708 6252 44 56 e
808 6232 72 76 5.
940 6232 268 84 1930;
1268 6232 48 72 2
1328 6256 68 52 c.
1452 6252 44 56 a
1516 6236 116 68 nd
1696 6232 96 76 af
1792 6232 36 72 f
1836 6296 12 12 .
1908 6236 52 72 J
1976 6240 56 60 u
2036 6240 112 68 ne
2204 6232 52 72 6
2276 6240 20 64 :
2368 6232 76 76 A
2496 6232 328 88 24299;
2888 6232 132 76 W.
3084 6232 100 76 G.
3244 6232 232 92 Bell,
3536 6232 636 88 McKeesport,

484 6340 156 76 Pa.
776 6336 536 92 (30-15140)
3760 6336 228 84 5943

344 6492 504 124 Bibesco,
952 6496 456 100 Marthe
1508 6496 236 100 Luc
1748 6496 36 96 i
1792 6528 56 68 e
1964 6496 720 124 (Lahovary)
2804 6496 624 104 "Princesse
3532 6496 124 104 G.
3760 6496 132 100 V.
3992 6492 180 104 Bi

476 6640 436 104 besco."

484 6784 320 108 Some
856 6788 516 132 royalties
1424 6796 216 96 and
1696 6828 60 64 a
1808 6792 352 128 prime
2212 6792 552 124 minister;
2820 6788 528 132 portraits
3404 6788 292 108 from
3752 6788 232 108 life,
4036 6788 144 132 by

352 6932 492 108 Princess
896 6940 440 100 Marthe
1392 6940 452 100 Bibesco
1920 6944 68 104 …
2152 6940 260 100 New
2476 6940 340 108 York,
2872 6940 496 132 London,
3424 6940 132 100 D.
3616 6940 564 132 Appleton

348 7088 220 96 and
628 7124 568 96 company,
1256 7092 288 96 1930.

484 7244 52 76 4
584 7264 88 72 p.
716 7244 88 92 l.,
860 7244 188 92 215,
1108 7280 20 60 [
1136 7248 76 92 11
1272 7264 80 72 p.
1468 7244 312 92 front.,
1840 7252 288 88 ports.
2240 7244 132 80 21ͨͫ
2448 7312 12 12 _

488 7348 856 84 CoNTENTS.-Don
1412 7352 392 80 Alfonso
1876 7372 56 56 X
1940 7372 132 56 III,
2152 7352 220 92 king
2440 7352 100 80 of
2608 7352 224 96 Spai
2836 7376 60 52 n
2908 7356 208 76 .-A
3188 7348 204 84 first
3460 7352 556 92 impression
4080 7352 104 80 of

364 7460 420 92 Edward,
856 7460 316 92 prince
1244 7460 100 72 of
1412 7456 648 84 Wales.-The
2132 7460 488 76 Nemeses:
2700 7464 436 88 Empress
3208 7460 972 80 Maria-Feodorowna
