4752 8320
2052 7704 128 88 20
2188 7704 124 92 87

304 712 164 100 Ga
472 708 68 100 ll
552 788 28 40 ,
632 712 304 100 Irma
988 712 928 104 M.-Continued

428 860 108 80 80
588 880 80 76 p.
784 864 160 76 col.
1008 864 312 88 front.,
1376 860 32 80 i
1416 860 24 72 l
1452 860 168 80 lus.
1736 860 220 76 24ͨͫ.

424 968 724 80 "References":
1204 988 80 72 p.
1348 968 132 76 79.

308 1084 92 92 ©
456 1108 224 72 Nov.
736 1104 132 92 18,
920 1100 160 80 193
1088 1100 52 80 0
1168 1124 20 68 ;
1252 1100 48 76 2
1300 1124 72 56 c.
1428 1104 184 76 and
1664 1100 156 80 aff.
1876 1104 228 76 Nov.
2156 1100 156 92 28;
2372 1100 80 76 A
2500 1100 172 80 308
2676 1100 52 76 6
2732 1104 96 88 7;
2892 1104 304 76 Bruce
3244 1104 212 92 pub.
3512 1124 128 56 co.

448 1212 532 92 (30-33118)
3652 1208 288 84 13421

296 1388 784 128 Gildersleeve,
1148 1388 308 104 Basil
1516 1388 460 104 Lannea
1984 1424 72 68 u
2064 1468 24 44 ,
2160 1400 620 92 1831-1924.

436 1536 592 108 Selections
1084 1536 288 104 from
1424 1536 180 104 the
1660 1532 324 108 Brief
2032 1536 488 104 mention
2572 1532 124 108 of
2748 1540 308 100 Basil
3112 1540 448 100 Lannea
3564 1576 64 64 u
3688 1540 428 100 Gilder-

300 1688 372 128 sleeve,
752 1688 396 128 edited,
1228 1688 268 100 with
1580 1724 56 60 a
1716 1684 764 132 biographical
2556 1684 376 104 sketch
3012 1688 224 104 and
3312 1720 140 72 an
3536 1688 192 100 ind
3736 1724 56 64 e
3796 1724 104 92 x,
3976 1684 144 132 by

304 1836 448 104 Charles
804 1836 500 104 William
1360 1836 300 100 Emil
1712 1836 376 100 Miller
2168 1836 68 120 …
2412 1832 640 132 Baltimore,
3112 1836 232 104 The
3396 1836 356 104 Johns
3808 1836 304 128 Hop

296 1988 244 100 kins
588 2020 356 96 press;
992 1984 496 132 London,
1532 1984 152 100 H.
1728 1984 516 132 Milford,
2288 1980 448 112 Oxford
2776 1984 616 132 university
3440 2020 336 96 press,
3832 1988 280 96 1930.

424 2144 168 92 liii,
660 2140 164 76 493
896 2164 76 72 p.
1044 2140 148 76 inc
1200 2144 28 72 l
1240 2204 16 16 .
1328 2140 288 80 front.
1668 2140 332 96 (port.)
2124 2140 108 84 24
2244 2140 44 96 ½
2316 2144 44 44 ͨͫ
2392 2204 16 20 ,

424 2276 268 72 Brief
760 2272 432 96 mention,
1264 2296 56 56 a
1392 2276 588 92 department
2048 2276 100 80 of
2212 2276 156 76 the
2440 2276 496 80 American
3004 2276 380 92 journal
3452 2276 100 80 of
3616 2272 492 96 philology.

296 2404 188 60 was
544 2384 388 80 devoted
988 2392 96 72 to
1140 2384 236 76 book
1432 2384 352 80 notices
1844 2384 180 80 and
2088 2384 388 80 reviews
2532 2384 96 80 of
2688 2388 384 76 current
3128 2384 592 96 philological
3780 2384 324 80 works.

288 2512 48 60 c
340 2492 60 96 f.
472 2492 252 80 Pref.

428 2600 252 80 "List
748 2600 100 80 of
916 2600 816 96 [Gildersleeve's]
1744 2600 732 96 publications":
2544 2624 84 72 p.
2692 2624 196 56 xxx
2888 2648 52 12 -
2912 2612 40 76 l
2956 2608 40 80 i
3024 2600 68 80 ii
3100 2660 20 24 .

296 2728 88 88 ©
452 2736 228 76 Nov.
740 2732 132 96 12,
936 2732 264 92 1930;
1268 2736 128 80 2c.
1460 2736 188 76 and
1708 2748 48 68 a
1764 2736 76 76 ff
1844 2800 16 12 .
1924 2740 228 76 Nov.
2212 2736 160 92 22;
2436 2736 84 76 A
2576 2732 332 96 30788;
2976 2740 300 76 Johns
3332 2740 428 88 Hopkins
3828 2756 284 72 press.

444 2840 532 96 (30-33013)
3648 2840 292 88 13422

288 3028 380 120 Golen,
732 3028 396 120 Henry
1188 3028 168 104 de.

480 3180 60 104 …
600 3172 148 100 Le
816 3176 372 100 drame
1252 3172 316 104 d'une
1636 3176 448 100 mission
2148 3212 228 68 secr
2380 3176 56 100 è
2440 3188 104 92 te
2612 3180 60 104 …
2872 3176 356 128 Paris,
3300 3176 132 104 G.
3504 3176 152 104 Cr
3660 3180 52 96 è
3720 3212 48 68 s
3832 3184 88 92 &
3988 3180 512 104 cie

288 3384 24 64 [
328 3328 256 92 1930
576 3372 40 72 ]

408 3472 48 76 3
508 3496 76 72 p.
644 3476 32 72 l
680 3536 44 32 .,
776 3476 160 72 211
992 3496 112 72 p.,
1160 3476 44 72 1
1260 3476 56 80 l.
1432 3468 500 92 19ͨͫ.
1792 3476 724 96 ("Aventures")

408 3604 144 76 On
608 3628 316 60 cover:
984 3608 104 76 21
1100 3612 36 40 e
1192 3608 48 80 é
1244 3608 324 80 dition.

284 3752 92 88 ©
444 3760 208 80 Feb.
712 3760 132 96 28,
904 3764 44 72 19
1016 3760 112 80 30
1156 3784 16 68 ;
1236 3776 36 64 1
1296 3784 44 56 c
1348 3824 12 16 .
1420 3764 232 92 Aug.
1712 3764 100 92 8;
1876 3764 604 92 A-Foreign
2532 3764 272 92 8622;
2868 3748 432 96 Éditions
3360 3764 104 80 G.
3528 3764 124 80 Cr
3656 3768 44 76 è
3708 3788 44 56 s
3812 3768 72 76 &
3940 3764 164 84 cie.

436 3880 536 100 (30-33251)
3644 3884 292 88 13423

276 4060 484 120 Hamon,
820 4064 248 116 Ray
1132 4064 576 104 Laforest.

408 4208 664 100 Utilization
1132 4208 124 100 of
1312 4208 404 132 college
1776 4208 660 104 instruction
2500 4244 392 96 rooms,
2956 4212 144 132 by
3160 4212 248 132 Ray
3468 4212 124 104 L.
3660 4212 444 100 Hamon

400 4360 64 104 …
528 4356 600 124 Nashville,
1188 4356 376 128 Tenn.,
1628 4364 288 96 1930.

412 4508 188 92 viii,
656 4508 108 76 99
816 4528 80 72 p.
952 4508 32 76 i
992 4532 60 52 n
1052 4512 84 72 cl
1148 4568 12 16 .
1220 4508 324 96 tables,
1604 4512 292 92 diagr.
2008 4504 280 92 22½ͨͫ-.

408 4640 716 96 Bibliography:
1188 4664 80 72 p.
1328 4640 132 84 99.

288 4784 92 96 ©
432 4796 228 80 Nov.
704 4796 52 72 2
764 4796 56 76 5
824 4856 16 28 ,
892 4792 160 80 193
1056 4796 60 76 0
1140 4816 20 72 ;
1212 4796 128 76 2c.
1392 4800 184 72 and
1628 4796 156 80 aff.
1832 4800 228 80 Nov.
2108 4796 156 96 29;
2324 4800 80 76 A
2448 4796 328 96 30973;
2836 4800 80 80 R
2924 4864 16 16 .
2996 4804 96 76 L.
3148 4804 392 88 Hamon,
3596 4800 508 80 Nashville.

428 4916 532 96 (30-33124)
3636 4920 108 84 13
3756 4920 172 80 424

280 5096 476 120 Harper,
824 5096 352 120 Floyd
1244 5096 428 124 Henry,
1748 5108 328 96 1901-

408 5244 552 100 Elements
1032 5240 124 104 of
1216 5244 528 128 practical
1812 5244 560 132 statistics,
2432 5248 148 132 by
2648 5252 124 96 F.
2844 5252 148 100 H.
3056 5252 448 128 Harper
3584 5244 64 108 …
3836 5248 264 104 New

284 5388 332 132 York,
672 5392 232 100 The
960 5392 640 100 Macmillan
1660 5428 572 104 company,
2292 5400 288 96 1930.

404 5548 56 64 x
472 5544 96 76 ix
620 5568 112 68 p.,
788 5540 28 72 1
892 5544 76 76 l.,
1028 5544 168 80 324
1248 5568 84 72 p.
1452 5548 264 92 diagr
1724 5572 44 56 s
1776 5608 12 16 .
1908 5532 268 92 20½ͨͫ.

284 5688 92 92 ©
432 5696 136 76 De
576 5720 48 52 c
632 5760 16 16 .
692 5696 56 76 2
752 5760 20 32 ,
820 5700 48 72 1
880 5696 160 80 930
1076 5720 16 68 ;
1144 5700 124 76 2c.
1324 5720 48 56 a
1384 5704 124 76 n
1496 5708 56 68 d
1560 5708 48 68 a
1620 5700 96 80 ff.
1768 5700 216 80 Dec.
2036 5704 56 76 3
2120 5724 20 68 ;
2196 5704 76 76 A
2320 5700 328 96 31398;
2708 5708 100 72 M
2808 5708 240 76 acmi
3056 5704 64 76 ll
3128 5724 120 60 an
3300 5728 48 56 c
3356 5728 48 56 o
3416 5768 12 16 .

424 5816 536 96 (30-33108)
3640 5820 284 84 13425

276 5996 608 124 Hayward,
948 6000 388 104 Grace.

404 6144 556 132 Wedding
1008 6144 340 128 rings,
1396 6148 560 100 novelized
2008 6148 140 132 by
2200 6148 348 104 Grace
2600 6152 572 132 Hayward
3224 6152 296 100 from
3568 6152 184 100 the
3804 6152 300 96 First

268 6288 496 104 national
816 6296 216 96 and
1080 6296 632 128 Vitaphone
1768 6296 452 132 picture.
2344 6300 268 104 New
2664 6300 344 132 York,
3056 6300 396 104 World
3504 6300 280 100 wide
3836 6300 264 128 pub-

272 6440 408 132 lishing
736 6476 184 96 co.,
972 6444 212 100 inc.
1252 6440 324 112 [1930]

408 6600 52 72 2
512 6624 84 68 p.
652 6592 32 76 l
688 6660 44 32 .,
796 6600 80 96 [9
876 6640 60 56 ]
920 6600 212 80 -188
1184 6624 80 72 p.
1380 6600 192 80 17ͨͫ
1588 6664 16 16 .

408 6708 276 76 From
748 6712 156 76 the
968 6716 284 88 story,
1324 6712 244 76 "The
1636 6716 232 72 dark
1932 6712 340 80 swan",
2340 6716 116 88 by
2520 6716 340 76 Ernest
2924 6716 360 76 Pascal.

280 6852 96 96 ©
432 6860 220 96 Apr.
704 6860 136 96 28,
896 6860 112 80 19
1008 6860 116 80 30
1152 6884 12 72 ;
1228 6864 128 76 2c.
1416 6864 184 76 and
1656 6864 156 76 aff.
1872 6864 220 92 May
2148 6864 156 92 14;
2368 6864 80 76 A
2500 6864 328 92 22869;
2896 6868 256 76 First
3208 6864 420 80 national
3688 6888 56 72 p
3756 6868 344 76 ictures

408 6980 204 96 inc.,
668 6984 224 76 New
948 6984 280 76 York.
1364 6984 264 92 (30-3
1620 7000 52 76 3
1688 6980 200 100 139)
3632 6984 228 84 1342
3868 6988 48 76 6

276 7160 552 124 Hegland,
900 7160 464 124 Martin,
1444 7172 324 96 1880-

412 7308 536 132 Walking
1020 7308 268 104 with
1368 7308 296 104 God;
1752 7344 52 68 a
1884 7312 284 100 book
2248 7308 176 108 for
2504 7312 304 132 daily
2884 7316 604 124 devotions,
3564 7316 532 128 arranged

284 7460 272 100 with
612 7496 56 64 a
724 7460 296 128 topic
1080 7460 180 100 for
1312 7460 264 100 each
1632 7464 292 96 week
1980 7464 220 100 and
2260 7500 56 64 a
2376 7460 544 132 sub-topic
2984 7460 180 108 for
3224 7464 256 104 each
3544 7464 240 128 day.
3936 7468 168 128 By
