<?xml version="1.0"?>
<alto xmlns="http://www.loc.gov/standards/alto/ns-v2#" xmlns:xlink="http://www.w3.org/1999/xlink" xmlns:xsi="http://www.w3.org/2001/XMLSchema-instance" xsi:schemaLocation="http://www.loc.gov/standards/alto/ns-v2# http://www.loc.gov/standards/alto/alto-v2.0.xsd">
	<Description>
		<MeasurementUnit>inch1200</MeasurementUnit>
		<sourceImageInformation>
			<fileIdentifier>catalogofcopyri271libr_001-2321.pdf_Page_1156.jpg</fileIdentifier>
		</sourceImageInformation>
		<OCRProcessing ID="OCR1">
			<ocrProcessingStep>
				<processingDateTime>2018-04-23T12:57:20</processingDateTime>
				<processingAgency>Data Conversion Laboratory</processingAgency>
				<processingSoftware>
					<softwareCreator>Prime</softwareCreator>
					<softwareName>Prime OCR</softwareName>
					<softwareVersion>4.40</softwareVersion>
				</processingSoftware>
			</ocrProcessingStep>
			<postProcessingStep>
				<processingDateTime>2018-04-25T17:25:07</processingDateTime>
				<processingAgency>Data Conversion Laboratory</processingAgency>
				<processingStepDescription>PRO -&gt; ALTO</processingStepDescription>
				<processingSoftware>
					<softwareCreator>Data Conversion Laboratory</softwareCreator>
					<softwareName>pro2alto.2018.02.27</softwareName>
					<softwareVersion>2.0</softwareVersion>
				</processingSoftware>
			</postProcessingStep>
		</OCRProcessing>
	</Description>
<Styles>
		<TextStyle ID="Style_1" FONTSIZE="8" FONTTYPE="serif" FONTWIDTH="proportional" FONTSTYLE="bold"/>
		<TextStyle ID="Style_2" FONTSIZE="8" FONTTYPE="serif" FONTWIDTH="proportional" FONTSTYLE="bold italics"/>
		<TextStyle ID="Style_3" FONTSIZE="8" FONTTYPE="serif" FONTWIDTH="proportional"/>
		<TextStyle ID="Style_4" FONTSIZE="7" FONTTYPE="serif" FONTWIDTH="proportional"/>
		<TextStyle ID="Style_5" FONTSIZE="10" FONTTYPE="serif" FONTWIDTH="proportional"/>
		<TextStyle ID="Style_6" FONTSIZE="9" FONTTYPE="serif" FONTWIDTH="proportional"/>
		<TextStyle ID="Style_7" FONTSIZE="7" FONTTYPE="serif" FONTWIDTH="proportional" FONTSTYLE="bold"/>
		<TextStyle ID="Style_8" FONTSIZE="9" FONTTYPE="serif" FONTWIDTH="proportional" FONTSTYLE="bold"/>
		<TextStyle ID="Style_9" FONTSIZE="7" FONTTYPE="sans-serif" FONTWIDTH="fixed" FONTSTYLE="bold underline superscript subscript"/>
		<TextStyle ID="Style_10" FONTSIZE="6" FONTTYPE="serif" FONTWIDTH="proportional" FONTSTYLE="bold"/>
		<TextStyle ID="Style_11" FONTSIZE="10" FONTTYPE="serif" FONTWIDTH="proportional" FONTSTYLE="bold"/>
		<TextStyle ID="Style_12" FONTSIZE="6" FONTTYPE="serif" FONTWIDTH="proportional"/>
		<TextStyle ID="Style_13" FONTSIZE="6" FONTTYPE="sans-serif" FONTWIDTH="fixed" FONTSTYLE="bold underline superscript subscript"/>
		<TextStyle ID="Style_14" FONTSIZE="5" FONTTYPE="serif" FONTWIDTH="proportional"/>
		<TextStyle ID="Style_15" FONTSIZE="8" FONTTYPE="serif" FONTWIDTH="proportional" FONTSTYLE="italics"/>
	</Styles>
	<Layout>
		<Page ID="Page_1" PHYSICAL_IMG_NR="1" HEIGHT="8284" WIDTH="4852">
			<PrintSpace ID="PS_1" HPOS="0" VPOS="0" HEIGHT="8284" WIDTH="4852">
				<TextBlock ID="TB_1.1" HPOS="496" VPOS="664" WIDTH="4068" HEIGHT="7300">
					<TextLine ID="TL_1.1.1" HPOS="612" VPOS="764" HEIGHT="124" WIDTH="2168">
						<String CONTENT="Hall," ID="St_1.1.1.1" HPOS="612" VPOS="764" HEIGHT="124" WIDTH="292" STYLEREFS="Style_1" WC="1" CC="00000"/>
						<SP ID="SP_1.1.1.2" HPOS="888" VPOS="804" WIDTH="44"/>
						<String CONTENT="George" ID="St_1.1.1.3" HPOS="960" VPOS="764" HEIGHT="120" WIDTH="436" STYLEREFS="Style_1" WC="1" CC="000000"/>
						<SP ID="SP_1.1.1.4" HPOS="1364" VPOS="780" WIDTH="60"/>
						<String CONTENT="D.," ID="St_1.1.1.5" HPOS="1456" VPOS="764" HEIGHT="124" WIDTH="168" STYLEREFS="Style_1" WC="1" CC="000"/>
						<SP ID="SP_1.1.1.6" HPOS="1608" VPOS="804" WIDTH="44"/>
						<String CONTENT="company," ID="St_1.1.1.7" HPOS="1684" VPOS="796" HEIGHT="88" WIDTH="588" STYLEREFS="Style_1" WC="1" CC="00000000"/>
						<SP ID="SP_1.1.1.8" HPOS="2252" VPOS="804" WIDTH="48"/>
						<String CONTENT="Boston." ID="St_1.1.1.9" HPOS="2332" VPOS="764" HEIGHT="104" WIDTH="448" STYLEREFS="Style_2" WC="1" CC="0000000"/>
					</TextLine>
					<TextLine ID="TL_1.1.2" HPOS="748" VPOS="908" HEIGHT="140" WIDTH="3724">
						<String CONTENT="Official" ID="St_1.1.2.1" HPOS="748" VPOS="912" HEIGHT="108" WIDTH="412" STYLEREFS="Style_3" WC="1" CC="00000000"/>
						<SP ID="SP_1.1.2.2" HPOS="1144" VPOS="920" WIDTH="56"/>
						<String CONTENT="chronicle" ID="St_1.1.2.3" HPOS="1240" VPOS="916" HEIGHT="104" WIDTH="552" STYLEREFS="Style_3" WC="1" CC="000000000"/>
						<SP ID="SP_1.1.2.4" HPOS="1760" VPOS="936" WIDTH="64"/>
						<String CONTENT="and" ID="St_1.1.2.5" HPOS="1864" VPOS="916" HEIGHT="100" WIDTH="216" STYLEREFS="Style_3" WC="1" CC="000"/>
						<SP ID="SP_1.1.2.6" HPOS="2040" VPOS="920" WIDTH="68"/>
						<String CONTENT="tribute" ID="St_1.1.2.7" HPOS="2148" VPOS="912" HEIGHT="104" WIDTH="412" STYLEREFS="Style_3" WC="1" CC="0000000"/>
						<SP ID="SP_1.1.2.8" HPOS="2528" VPOS="936" WIDTH="64"/>
						<String CONTENT="book;" ID="St_1.1.2.9" HPOS="2632" VPOS="912" HEIGHT="128" WIDTH="336" STYLEREFS="Style_3" WC="1" CC="00000"/>
						<SP ID="SP_1.1.2.10" HPOS="2952" VPOS="936" WIDTH="52"/>
						<String CONTENT="containing" ID="St_1.1.2.11" HPOS="3048" VPOS="908" HEIGHT="140" WIDTH="644" STYLEREFS="Style_3" WC="1" CC="0000000000"/>
						<SP ID="SP_1.1.2.12" HPOS="3652" VPOS="936" WIDTH="72"/>
						<String CONTENT="a" ID="St_1.1.2.13" HPOS="3764" VPOS="952" HEIGHT="64" WIDTH="60" STYLEREFS="Style_3" WC="1" CC="0"/>
						<SP ID="SP_1.1.2.14" HPOS="3792" VPOS="936" WIDTH="64"/>
						<String CONTENT="record" ID="St_1.1.2.15" HPOS="3896" VPOS="916" HEIGHT="100" WIDTH="380" STYLEREFS="Style_3" WC="1" CC="000000"/>
						<SP ID="SP_1.1.2.16" HPOS="4236" VPOS="920" WIDTH="76"/>
						<String CONTENT="of" ID="St_1.1.2.17" HPOS="4352" VPOS="916" HEIGHT="100" WIDTH="120" STYLEREFS="Style_3" WC="1" CC="00"/>
					</TextLine>
					<TextLine ID="TL_1.1.3" HPOS="608" VPOS="1060" HEIGHT="136" WIDTH="3864">
						<String CONTENT="the" ID="St_1.1.3.1" HPOS="608" VPOS="1064" HEIGHT="104" WIDTH="188" STYLEREFS="Style_3" WC="1" CC="000"/>
						<SP ID="SP_1.1.3.2" HPOS="764" VPOS="1084" WIDTH="72"/>
						<String CONTENT="establishment" ID="St_1.1.3.3" HPOS="880" VPOS="1068" HEIGHT="100" WIDTH="824" STYLEREFS="Style_3" WC="1" CC="0000000000000"/>
						<SP ID="SP_1.1.3.4" HPOS="1680" VPOS="1076" WIDTH="64"/>
						<String CONTENT="of" ID="St_1.1.3.5" HPOS="1784" VPOS="1064" HEIGHT="104" WIDTH="128" STYLEREFS="Style_3" WC="1" CC="00"/>
						<SP ID="SP_1.1.3.6" HPOS="1884" VPOS="1068" WIDTH="68"/>
						<String CONTENT="the" ID="St_1.1.3.7" HPOS="1996" VPOS="1064" HEIGHT="104" WIDTH="180" STYLEREFS="Style_3" WC="1" CC="000"/>
						<SP ID="SP_1.1.3.8" HPOS="2148" VPOS="1084" WIDTH="68"/>
						<String CONTENT="Massachusetts" ID="St_1.1.3.9" HPOS="2260" VPOS="1064" HEIGHT="104" WIDTH="856" STYLEREFS="Style_3" WC="1" CC="0000000000000"/>
						<SP ID="SP_1.1.3.10" HPOS="3088" VPOS="1088" WIDTH="68"/>
						<String CONTENT="Bay" ID="St_1.1.3.11" HPOS="3200" VPOS="1064" HEIGHT="132" WIDTH="248" STYLEREFS="Style_3" WC="1" CC="000"/>
						<SP ID="SP_1.1.3.12" HPOS="3408" VPOS="1084" WIDTH="76"/>
						<String CONTENT="colony" ID="St_1.1.3.13" HPOS="3528" VPOS="1064" HEIGHT="132" WIDTH="392" STYLEREFS="Style_3" WC="1" CC="000000"/>
						<SP ID="SP_1.1.3.14" HPOS="3880" VPOS="1084" WIDTH="80"/>
						<String CONTENT="in" ID="St_1.1.3.15" HPOS="4004" VPOS="1060" HEIGHT="104" WIDTH="112" STYLEREFS="Style_3" WC="1" CC="00"/>
						<SP ID="SP_1.1.3.16" HPOS="4076" VPOS="1084" WIDTH="80"/>
						<String CONTENT="New" ID="St_1.1.3.17" HPOS="4200" VPOS="1064" HEIGHT="100" WIDTH="272" STYLEREFS="Style_3" WC="1" CC="000"/>
					</TextLine>
					<TextLine ID="TL_1.1.4" HPOS="616" VPOS="1212" HEIGHT="136" WIDTH="3856">
						<String CONTENT="England" ID="St_1.1.4.1" HPOS="616" VPOS="1216" HEIGHT="132" WIDTH="520" STYLEREFS="Style_3" WC="1" CC="0000000"/>
						<SP ID="SP_1.1.4.2" HPOS="1096" VPOS="1216" WIDTH="72"/>
						<String CONTENT="by" ID="St_1.1.4.3" HPOS="1204" VPOS="1220" HEIGHT="128" WIDTH="144" STYLEREFS="Style_3" WC="1" CC="00"/>
						<SP ID="SP_1.1.4.4" HPOS="1308" VPOS="1232" WIDTH="68"/>
						<String CONTENT="the" ID="St_1.1.4.5" HPOS="1412" VPOS="1216" HEIGHT="100" WIDTH="188" STYLEREFS="Style_3" WC="1" CC="000"/>
						<SP ID="SP_1.1.4.6" HPOS="1568" VPOS="1232" WIDTH="60"/>
						<String CONTENT="Puritans," ID="St_1.1.4.7" HPOS="1664" VPOS="1216" HEIGHT="132" WIDTH="564" STYLEREFS="Style_3" WC="1" CC="000000000"/>
						<SP ID="SP_1.1.4.8" HPOS="2212" VPOS="1256" WIDTH="52"/>
						<String CONTENT="and" ID="St_1.1.4.9" HPOS="2300" VPOS="1216" HEIGHT="100" WIDTH="216" STYLEREFS="Style_3" WC="1" CC="000"/>
						<SP ID="SP_1.1.4.10" HPOS="2480" VPOS="1216" WIDTH="68"/>
						<String CONTENT="the" ID="St_1.1.4.11" HPOS="2584" VPOS="1216" HEIGHT="104" WIDTH="184" STYLEREFS="Style_3" WC="1" CC="000"/>
						<SP ID="SP_1.1.4.12" HPOS="2736" VPOS="1232" WIDTH="64"/>
						<String CONTENT="setting" ID="St_1.1.4.13" HPOS="2836" VPOS="1216" HEIGHT="132" WIDTH="412" STYLEREFS="Style_3" WC="1" CC="0000000"/>
						<SP ID="SP_1.1.4.14" HPOS="3208" VPOS="1232" WIDTH="68"/>
						<String CONTENT="up" ID="St_1.1.4.15" HPOS="3312" VPOS="1252" HEIGHT="96" WIDTH="152" STYLEREFS="Style_3" WC="1" CC="00"/>
						<SP ID="SP_1.1.4.16" HPOS="3424" VPOS="1232" WIDTH="72"/>
						<String CONTENT="of" ID="St_1.1.4.17" HPOS="3536" VPOS="1212" HEIGHT="104" WIDTH="124" STYLEREFS="Style_3" WC="1" CC="00"/>
						<SP ID="SP_1.1.4.18" HPOS="3628" VPOS="1212" WIDTH="64"/>
						<String CONTENT="independent" ID="St_1.1.4.19" HPOS="3728" VPOS="1212" HEIGHT="136" WIDTH="744" STYLEREFS="Style_3" WC="1" CC="00000000000"/>
					</TextLine>
					<TextLine ID="TL_1.1.5" HPOS="612" VPOS="1364" HEIGHT="136" WIDTH="3860">
						<String CONTENT="government" ID="St_1.1.5.1" HPOS="612" VPOS="1384" HEIGHT="116" WIDTH="712" STYLEREFS="Style_3" WC="1" CC="0000000000"/>
						<SP ID="SP_1.1.5.2" HPOS="1296" VPOS="1372" WIDTH="64"/>
						<String CONTENT="in" ID="St_1.1.5.3" HPOS="1400" VPOS="1364" HEIGHT="104" WIDTH="112" STYLEREFS="Style_3" WC="1" CC="00"/>
						<SP ID="SP_1.1.5.4" HPOS="1472" VPOS="1384" WIDTH="76"/>
						<String CONTENT="America;" ID="St_1.1.5.5" HPOS="1588" VPOS="1364" HEIGHT="132" WIDTH="568" STYLEREFS="Style_3" WC="1" CC="00000000"/>
						<SP ID="SP_1.1.5.6" HPOS="2144" VPOS="1380" WIDTH="52"/>
						<String CONTENT="a" ID="St_1.1.5.7" HPOS="2240" VPOS="1400" HEIGHT="64" WIDTH="60" STYLEREFS="Style_3" WC="1" CC="0"/>
						<SP ID="SP_1.1.5.8" HPOS="2264" VPOS="1380" WIDTH="72"/>
						<String CONTENT="chronicle" ID="St_1.1.5.9" HPOS="2380" VPOS="1364" HEIGHT="104" WIDTH="548" STYLEREFS="Style_3" WC="1" CC="000000000"/>
						<SP ID="SP_1.1.5.10" HPOS="2896" VPOS="1380" WIDTH="64"/>
						<String CONTENT="of" ID="St_1.1.5.11" HPOS="3000" VPOS="1364" HEIGHT="104" WIDTH="124" STYLEREFS="Style_3" WC="1" CC="00"/>
						<SP ID="SP_1.1.5.12" HPOS="3092" VPOS="1364" WIDTH="64"/>
						<String CONTENT="three" ID="St_1.1.5.13" HPOS="3196" VPOS="1364" HEIGHT="104" WIDTH="308" STYLEREFS="Style_3" WC="1" CC="00000"/>
						<SP ID="SP_1.1.5.14" HPOS="3472" VPOS="1380" WIDTH="64"/>
						<String CONTENT="hundred" ID="St_1.1.5.15" HPOS="3576" VPOS="1364" HEIGHT="104" WIDTH="508" STYLEREFS="Style_3" WC="1" CC="0000000"/>
						<SP ID="SP_1.1.5.16" HPOS="4044" VPOS="1364" WIDTH="72"/>
						<String CONTENT="years" ID="St_1.1.5.17" HPOS="4152" VPOS="1400" HEIGHT="96" WIDTH="320" STYLEREFS="Style_3" WC="1" CC="00000"/>
					</TextLine>
					<TextLine ID="TL_1.1.6" HPOS="612" VPOS="1508" HEIGHT="140" WIDTH="3856">
						<String CONTENT="outstanding" ID="St_1.1.6.1" HPOS="612" VPOS="1516" HEIGHT="132" WIDTH="720" STYLEREFS="Style_4" WC="1" CC="00000000000"/>
						<SP ID="SP_1.1.6.2" HPOS="1296" VPOS="1536" WIDTH="72"/>
						<String CONTENT="events" ID="St_1.1.6.3" HPOS="1408" VPOS="1528" HEIGHT="88" WIDTH="372" STYLEREFS="Style_4" WC="1" CC="000000"/>
						<SP ID="SP_1.1.6.4" HPOS="1752" VPOS="1536" WIDTH="64"/>
						<String CONTENT="in" ID="St_1.1.6.5" HPOS="1856" VPOS="1512" HEIGHT="104" WIDTH="116" STYLEREFS="Style_4" WC="1" CC="00"/>
						<SP ID="SP_1.1.6.6" HPOS="1932" VPOS="1536" WIDTH="76"/>
						<String CONTENT="the" ID="St_1.1.6.7" HPOS="2048" VPOS="1516" HEIGHT="100" WIDTH="184" STYLEREFS="Style_4" WC="1" CC="000"/>
						<SP ID="SP_1.1.6.8" HPOS="2200" VPOS="1536" WIDTH="68"/>
						<String CONTENT="history" ID="St_1.1.6.9" HPOS="2308" VPOS="1508" HEIGHT="140" WIDTH="428" STYLEREFS="Style_4" WC="1" CC="0000000"/>
						<SP ID="SP_1.1.6.10" HPOS="2696" VPOS="1536" WIDTH="76"/>
						<String CONTENT="of" ID="St_1.1.6.11" HPOS="2812" VPOS="1516" HEIGHT="100" WIDTH="124" STYLEREFS="Style_4" WC="1" CC="00"/>
						<SP ID="SP_1.1.6.12" HPOS="2908" VPOS="1520" WIDTH="64"/>
						<String CONTENT="the" ID="St_1.1.6.13" HPOS="3012" VPOS="1516" HEIGHT="100" WIDTH="184" STYLEREFS="Style_4" WC="1" CC="000"/>
						<SP ID="SP_1.1.6.14" HPOS="3168" VPOS="1536" WIDTH="60"/>
						<String CONTENT="commonwealth;" ID="St_1.1.6.15" HPOS="3268" VPOS="1516" HEIGHT="120" WIDTH="960" STYLEREFS="Style_4" WC="1" CC="0000000000000"/>
						<SP ID="SP_1.1.6.16" HPOS="4212" VPOS="1536" WIDTH="56"/>
						<String CONTENT="to-" ID="St_1.1.6.17" HPOS="4316" VPOS="1520" HEIGHT="92" WIDTH="152" STYLEREFS="Style_4" WC="1" CC="000"/>
					</TextLine>
					<TextLine ID="TL_1.1.7" HPOS="612" VPOS="1664" HEIGHT="136" WIDTH="3856">
						<String CONTENT="gether" ID="St_1.1.7.1" HPOS="612" VPOS="1672" HEIGHT="128" WIDTH="380" STYLEREFS="Style_4" WC="1" CC="000000"/>
						<SP ID="SP_1.1.7.2" HPOS="964" VPOS="1688" WIDTH="60"/>
						<String CONTENT="with" ID="St_1.1.7.3" HPOS="1060" VPOS="1668" HEIGHT="100" WIDTH="268" STYLEREFS="Style_4" WC="1" CC="0000"/>
						<SP ID="SP_1.1.7.4" HPOS="1288" VPOS="1668" WIDTH="72"/>
						<String CONTENT="a" ID="St_1.1.7.5" HPOS="1396" VPOS="1704" HEIGHT="64" WIDTH="60" STYLEREFS="Style_4" WC="1" CC="0"/>
						<SP ID="SP_1.1.7.6" HPOS="1420" VPOS="1688" WIDTH="64"/>
						<String CONTENT="tribute" ID="St_1.1.7.7" HPOS="1520" VPOS="1664" HEIGHT="104" WIDTH="412" STYLEREFS="Style_4" WC="1" CC="0000000"/>
						<SP ID="SP_1.1.7.8" HPOS="1900" VPOS="1688" WIDTH="60"/>
						<String CONTENT="section" ID="St_1.1.7.9" HPOS="1996" VPOS="1664" HEIGHT="104" WIDTH="408" STYLEREFS="Style_4" WC="1" CC="0000000"/>
						<SP ID="SP_1.1.7.10" HPOS="2364" VPOS="1684" WIDTH="72"/>
						<String CONTENT="which" ID="St_1.1.7.11" HPOS="2472" VPOS="1664" HEIGHT="104" WIDTH="356" STYLEREFS="Style_4" WC="1" CC="00000"/>
						<SP ID="SP_1.1.7.12" HPOS="2788" VPOS="1668" WIDTH="72"/>
						<String CONTENT="shall" ID="St_1.1.7.13" HPOS="2896" VPOS="1664" HEIGHT="104" WIDTH="284" STYLEREFS="Style_4" WC="1" CC="00000"/>
						<SP ID="SP_1.1.7.14" HPOS="3156" VPOS="1668" WIDTH="52"/>
						<String CONTENT="be" ID="St_1.1.7.15" HPOS="3244" VPOS="1668" HEIGHT="100" WIDTH="128" STYLEREFS="Style_4" WC="1" CC="00"/>
						<SP ID="SP_1.1.7.16" HPOS="3340" VPOS="1684" WIDTH="64"/>
						<String CONTENT="an" ID="St_1.1.7.17" HPOS="3440" VPOS="1704" HEIGHT="64" WIDTH="136" STYLEREFS="Style_4" WC="1" CC="00"/>
						<SP ID="SP_1.1.7.18" HPOS="3536" VPOS="1688" WIDTH="72"/>
						<String CONTENT="end" ID="St_1.1.7.19" HPOS="3644" VPOS="1664" HEIGHT="104" WIDTH="204" STYLEREFS="Style_4" WC="1" CC="000"/>
						<String CONTENT="u" ID="St_1.1.7.20" HPOS="3864" VPOS="1684" HEIGHT="80" WIDTH="64" STYLEREFS="Style_5" WC="0.988888888888889" CC="5"/>
						<String CONTENT="rin" ID="St_1.1.7.21" HPOS="3944" VPOS="1664" HEIGHT="100" WIDTH="160" STYLEREFS="Style_5" WC="0.988888888888889" CC="000"/>
						<String CONTENT="g" ID="St_1.1.7.22" HPOS="4112" VPOS="1684" HEIGHT="92" WIDTH="72" STYLEREFS="Style_5" WC="0.981111111111111" CC="4"/>
						<SP ID="SP_1.1.7.23" HPOS="4152" VPOS="1684" WIDTH="72"/>
						<String CONTENT="me-" ID="St_1.1.7.24" HPOS="4264" VPOS="1700" HEIGHT="68" WIDTH="204" STYLEREFS="Style_5" WC="0.967777777777778" CC="331"/>
					</TextLine>
					<TextLine ID="TL_1.1.8" HPOS="616" VPOS="1816" HEIGHT="132" WIDTH="3852">
						<String CONTENT="morial" ID="St_1.1.8.1" HPOS="616" VPOS="1816" HEIGHT="104" WIDTH="384" STYLEREFS="Style_5" WC="1" CC="000000"/>
						<SP ID="SP_1.1.8.2" HPOS="980" VPOS="1816" WIDTH="60"/>
						<String CONTENT="of" ID="St_1.1.8.3" HPOS="1084" VPOS="1816" HEIGHT="104" WIDTH="124" STYLEREFS="Style_5" WC="1" CC="00"/>
						<SP ID="SP_1.1.8.4" HPOS="1180" VPOS="1816" WIDTH="64"/>
						<String CONTENT="its" ID="St_1.1.8.5" HPOS="1280" VPOS="1820" HEIGHT="96" WIDTH="144" STYLEREFS="Style_5" WC="1" CC="000"/>
						<SP ID="SP_1.1.8.6" HPOS="1396" VPOS="1832" WIDTH="68"/>
						<String CONTENT="present" ID="St_1.1.8.7" HPOS="1504" VPOS="1832" HEIGHT="116" WIDTH="436" STYLEREFS="Style_5" WC="1" CC="0000000"/>
						<SP ID="SP_1.1.8.8" HPOS="1912" VPOS="1824" WIDTH="64"/>
						<String CONTENT="men" ID="St_1.1.8.9" HPOS="2012" VPOS="1848" HEIGHT="68" WIDTH="248" STYLEREFS="Style_5" WC="1" CC="000"/>
						<SP ID="SP_1.1.8.10" HPOS="2220" VPOS="1832" WIDTH="80"/>
						<String CONTENT="and" ID="St_1.1.8.11" HPOS="2340" VPOS="1816" HEIGHT="100" WIDTH="216" STYLEREFS="Style_5" WC="1" CC="000"/>
						<SP ID="SP_1.1.8.12" HPOS="2516" VPOS="1816" WIDTH="76"/>
						<String CONTENT="women," ID="St_1.1.8.13" HPOS="2636" VPOS="1852" HEIGHT="96" WIDTH="452" STYLEREFS="Style_5" WC="1" CC="000000"/>
						<SP ID="SP_1.1.8.14" HPOS="3076" VPOS="1856" WIDTH="52"/>
						<String CONTENT="companies," ID="St_1.1.8.15" HPOS="3168" VPOS="1816" HEIGHT="132" WIDTH="660" STYLEREFS="Style_5" WC="1" CC="0000000000"/>
						<SP ID="SP_1.1.8.16" HPOS="3812" VPOS="1856" WIDTH="52"/>
						<String CONTENT="organiza-" ID="St_1.1.8.17" HPOS="3904" VPOS="1816" HEIGHT="132" WIDTH="564" STYLEREFS="Style_5" WC="1" CC="000000000"/>
					</TextLine>
					<TextLine ID="TL_1.1.9" HPOS="616" VPOS="1960" HEIGHT="136" WIDTH="3848">
						<String CONTENT="tions," ID="St_1.1.9.1" HPOS="616" VPOS="1972" HEIGHT="124" WIDTH="320" STYLEREFS="Style_5" WC="1" CC="000000"/>
						<SP ID="SP_1.1.9.2" HPOS="924" VPOS="2008" WIDTH="32"/>
						<String CONTENT="cities" ID="St_1.1.9.3" HPOS="980" VPOS="1968" HEIGHT="100" WIDTH="308" STYLEREFS="Style_5" WC="1" CC="000000"/>
						<SP ID="SP_1.1.9.4" HPOS="1264" VPOS="1988" WIDTH="48"/>
						<String CONTENT="and" ID="St_1.1.9.5" HPOS="1340" VPOS="1968" HEIGHT="100" WIDTH="216" STYLEREFS="Style_5" WC="1" CC="000"/>
						<SP ID="SP_1.1.9.6" HPOS="1520" VPOS="1968" WIDTH="64"/>
						<String CONTENT="towns" ID="St_1.1.9.7" HPOS="1612" VPOS="1976" HEIGHT="92" WIDTH="348" STYLEREFS="Style_5" WC="1" CC="00000"/>
						<SP ID="SP_1.1.9.8" HPOS="1932" VPOS="1984" WIDTH="48"/>
						<String CONTENT="listed" ID="St_1.1.9.9" HPOS="2008" VPOS="1964" HEIGHT="104" WIDTH="324" STYLEREFS="Style_5" WC="1" CC="000000"/>
						<SP ID="SP_1.1.9.10" HPOS="2296" VPOS="1968" WIDTH="60"/>
						<String CONTENT="herein" ID="St_1.1.9.11" HPOS="2384" VPOS="1960" HEIGHT="108" WIDTH="372" STYLEREFS="Style_5" WC="1" CC="000000"/>
						<SP ID="SP_1.1.9.12" HPOS="2716" VPOS="1984" WIDTH="64"/>
						<String CONTENT="who" ID="St_1.1.9.13" HPOS="2808" VPOS="1968" HEIGHT="100" WIDTH="244" STYLEREFS="Style_5" WC="1" CC="000"/>
						<SP ID="SP_1.1.9.14" HPOS="3016" VPOS="1984" WIDTH="60"/>
						<String CONTENT="have" ID="St_1.1.9.15" HPOS="3104" VPOS="1964" HEIGHT="104" WIDTH="276" STYLEREFS="Style_5" WC="1" CC="0000"/>
						<SP ID="SP_1.1.9.16" HPOS="3352" VPOS="1984" WIDTH="52"/>
						<String CONTENT="been" ID="St_1.1.9.17" HPOS="3432" VPOS="1968" HEIGHT="100" WIDTH="264" STYLEREFS="Style_5" WC="1" CC="0000"/>
						<SP ID="SP_1.1.9.18" HPOS="3656" VPOS="1984" WIDTH="64"/>
						<String CONTENT="pre-eminent" ID="St_1.1.9.19" HPOS="3748" VPOS="1964" HEIGHT="132" WIDTH="716" STYLEREFS="Style_5" WC="1" CC="00000000000"/>
					</TextLine>
					<TextLine ID="TL_1.1.10" HPOS="616" VPOS="2116" HEIGHT="136" WIDTH="3844">
						<String CONTENT="in" ID="St_1.1.10.1" HPOS="616" VPOS="2120" HEIGHT="104" WIDTH="108" STYLEREFS="Style_5" WC="1" CC="00"/>
						<SP ID="SP_1.1.10.2" HPOS="684" VPOS="2140" WIDTH="68"/>
						<String CONTENT="making" ID="St_1.1.10.3" HPOS="780" VPOS="2116" HEIGHT="136" WIDTH="456" STYLEREFS="Style_5" WC="1" CC="000000"/>
						<SP ID="SP_1.1.10.4" HPOS="1196" VPOS="2136" WIDTH="60"/>
						<String CONTENT="the" ID="St_1.1.10.5" HPOS="1280" VPOS="2116" HEIGHT="104" WIDTH="188" STYLEREFS="Style_5" WC="1" CC="000"/>
						<SP ID="SP_1.1.10.6" HPOS="1440" VPOS="2136" WIDTH="52"/>
						<String CONTENT="proud" ID="St_1.1.10.7" HPOS="1520" VPOS="2120" HEIGHT="128" WIDTH="356" STYLEREFS="Style_5" WC="1" CC="00000"/>
						<SP ID="SP_1.1.10.8" HPOS="1836" VPOS="2120" WIDTH="68"/>
						<String CONTENT="history" ID="St_1.1.10.9" HPOS="1932" VPOS="2116" HEIGHT="128" WIDTH="424" STYLEREFS="Style_5" WC="1" CC="0000000"/>
						<SP ID="SP_1.1.10.10" HPOS="2320" VPOS="2136" WIDTH="60"/>
						<String CONTENT="of" ID="St_1.1.10.11" HPOS="2408" VPOS="2116" HEIGHT="100" WIDTH="124" STYLEREFS="Style_5" WC="1" CC="00"/>
						<SP ID="SP_1.1.10.12" HPOS="2504" VPOS="2120" WIDTH="56"/>
						<String CONTENT="Massachusetts." ID="St_1.1.10.13" HPOS="2588" VPOS="2116" HEIGHT="100" WIDTH="884" STYLEREFS="Style_5" WC="1" CC="00000000000000"/>
						<SP ID="SP_1.1.10.14" HPOS="3456" VPOS="2160" WIDTH="88"/>
						<String CONTENT="Compiled" ID="St_1.1.10.15" HPOS="3620" VPOS="2116" HEIGHT="132" WIDTH="580" STYLEREFS="Style_5" WC="1" CC="00000000"/>
						<SP ID="SP_1.1.10.16" HPOS="4160" VPOS="2120" WIDTH="68"/>
						<String CONTENT="and" ID="St_1.1.10.17" HPOS="4260" VPOS="2120" HEIGHT="96" WIDTH="200" STYLEREFS="Style_5" WC="0.992222222222222" CC="004"/>
					</TextLine>
					<TextLine ID="TL_1.1.11" HPOS="616" VPOS="2264" HEIGHT="140" WIDTH="3848">
						<String CONTENT="pub" ID="St_1.1.11.1" HPOS="616" VPOS="2272" HEIGHT="132" WIDTH="216" STYLEREFS="Style_5" WC="1" CC="000"/>
						<String CONTENT="l" ID="St_1.1.11.2" HPOS="840" VPOS="2276" HEIGHT="96" WIDTH="32" STYLEREFS="Style_6" WC="1" CC="0"/>
						<String CONTENT="ished" ID="St_1.1.11.3" HPOS="884" VPOS="2268" HEIGHT="104" WIDTH="308" STYLEREFS="Style_6" WC="1" CC="00000"/>
						<SP ID="SP_1.1.11.4" HPOS="1152" VPOS="2272" WIDTH="72"/>
						<String CONTENT="by" ID="St_1.1.11.5" HPOS="1264" VPOS="2268" HEIGHT="132" WIDTH="148" STYLEREFS="Style_6" WC="1" CC="00"/>
						<SP ID="SP_1.1.11.6" HPOS="1372" VPOS="2288" WIDTH="76"/>
						<String CONTENT="George" ID="St_1.1.11.7" HPOS="1484" VPOS="2264" HEIGHT="132" WIDTH="428" STYLEREFS="Style_6" WC="1" CC="000000"/>
						<SP ID="SP_1.1.11.8" HPOS="1880" VPOS="2288" WIDTH="68"/>
						<String CONTENT="D." ID="St_1.1.11.9" HPOS="1984" VPOS="2264" HEIGHT="104" WIDTH="136" STYLEREFS="Style_6" WC="0.968888888888889" CC="33"/>
						<SP ID="SP_1.1.11.10" HPOS="2108" VPOS="2308" WIDTH="52"/>
						<String CONTENT="Hall" ID="St_1.1.11.11" HPOS="2200" VPOS="2264" HEIGHT="104" WIDTH="272" STYLEREFS="Style_6" WC="0.974444444444444" CC="0000"/>
						<SP ID="SP_1.1.11.12" HPOS="2448" VPOS="2268" WIDTH="60"/>
						<String CONTENT="company," ID="St_1.1.11.13" HPOS="2548" VPOS="2300" HEIGHT="96" WIDTH="572" STYLEREFS="Style_6" WC="0.981111111111111" CC="00000000"/>
						<SP ID="SP_1.1.11.14" HPOS="3108" VPOS="2308" WIDTH="52"/>
						<String CONTENT="Boston" ID="St_1.1.11.15" HPOS="3200" VPOS="2268" HEIGHT="104" WIDTH="420" STYLEREFS="Style_6" WC="0.984444444444444" CC="000000"/>
						<SP ID="SP_1.1.11.16" HPOS="3580" VPOS="2284" WIDTH="80"/>
						<String CONTENT="&#x2026;" ID="St_1.1.11.17" HPOS="3684" VPOS="2272" HEIGHT="112" WIDTH="68" STYLEREFS="Style_6" WC="0.984444444444444" CC="0"/>
						<SP ID="SP_1.1.11.18" HPOS="3796" VPOS="2328" WIDTH="96"/>
						<String CONTENT="[" ID="St_1.1.11.19" HPOS="3976" VPOS="2332" HEIGHT="64" WIDTH="20" STYLEREFS="Style_6" WC="0.975555555555556" CC="4"/>
						<String CONTENT="Boston," ID="St_1.1.11.20" HPOS="4012" VPOS="2272" HEIGHT="120" WIDTH="452" STYLEREFS="Style_6" WC="0.971111111111111" CC="0000004"/>
					</TextLine>
					<TextLine ID="TL_1.1.12" HPOS="616" VPOS="2428" HEIGHT="100" WIDTH="288">
						<String CONTENT="19" ID="St_1.1.12.1" HPOS="616" VPOS="2428" HEIGHT="96" WIDTH="120" STYLEREFS="Style_6" WC="0.888888888888889" CC="11"/>
						<String CONTENT="3" ID="St_1.1.12.2" HPOS="744" VPOS="2428" HEIGHT="92" WIDTH="56" STYLEREFS="Style_6" WC="0.74" CC="5"/>
						<String CONTENT="0." ID="St_1.1.12.3" HPOS="812" VPOS="2428" HEIGHT="100" WIDTH="92" STYLEREFS="Style_6" WC="0.8" CC="11"/>
					</TextLine>
					<TextLine ID="TL_1.1.13" HPOS="740" VPOS="2560" HEIGHT="100" WIDTH="2900">
						<String CONTENT="448" ID="St_1.1.13.1" HPOS="740" VPOS="2572" HEIGHT="76" WIDTH="168" STYLEREFS="Style_7" WC="0.777777777777778" CC="114"/>
						<SP ID="SP_1.1.13.2" HPOS="880" VPOS="2564" WIDTH="48"/>
						<String CONTENT="p." ID="St_1.1.13.3" HPOS="956" VPOS="2588" HEIGHT="72" WIDTH="84" STYLEREFS="Style_7" WC="0.888888888888889" CC="00"/>
						<SP ID="SP_1.1.13.4" HPOS="1028" VPOS="2596" WIDTH="40"/>
						<String CONTENT="incl." ID="St_1.1.13.5" HPOS="1096" VPOS="2568" HEIGHT="84" WIDTH="212" STYLEREFS="Style_7" WC="0.786666666666667" CC="33704"/>
						<SP ID="SP_1.1.13.6" HPOS="1276" VPOS="2564" WIDTH="56"/>
						<String CONTENT="front." ID="St_1.1.13.7" HPOS="1360" VPOS="2568" HEIGHT="76" WIDTH="288" STYLEREFS="Style_7" WC="0.841111111111111" CC="000004"/>
						<SP ID="SP_1.1.13.8" HPOS="1636" VPOS="2592" WIDTH="40"/>
						<String CONTENT="(map)" ID="St_1.1.13.9" HPOS="1704" VPOS="2564" HEIGHT="96" WIDTH="308" STYLEREFS="Style_7" WC="0.88" CC="00000"/>
						<SP ID="SP_1.1.13.10" HPOS="1996" VPOS="2560" WIDTH="44"/>
						<String CONTENT="il" ID="St_1.1.13.11" HPOS="2068" VPOS="2564" HEIGHT="76" WIDTH="60" STYLEREFS="Style_8" WC="0.868888888888889" CC="33"/>
						<String CONTENT="lus.," ID="St_1.1.13.12" HPOS="2136" VPOS="2568" HEIGHT="92" WIDTH="204" STYLEREFS="Style_8" WC="0.877777777777778" CC="30000"/>
						<SP ID="SP_1.1.13.13" HPOS="2328" VPOS="2592" WIDTH="36"/>
						<String CONTENT="ports." ID="St_1.1.13.14" HPOS="2396" VPOS="2568" HEIGHT="92" WIDTH="288" STYLEREFS="Style_8" WC="0.894444444444444" CC="000011"/>
						<SP ID="SP_1.1.13.15" HPOS="2668" VPOS="2628" WIDTH="16"/>
						<String CONTENT="30&#x0368;^0368B^" ID="St_1.1.13.16" HPOS="2800" VPOS="2564" HEIGHT="88" WIDTH="840" STYLEREFS="Style_8" WC="0.896666666666667" CC="3300000000"/>
					</TextLine>
					<TextLine ID="TL_1.1.14" HPOS="740" VPOS="2692" HEIGHT="108" WIDTH="3716">
						<String CONTENT="On" ID="St_1.1.14.1" HPOS="740" VPOS="2704" HEIGHT="80" WIDTH="140" STYLEREFS="Style_8" WC="1" CC="00"/>
						<SP ID="SP_1.1.14.2" HPOS="848" VPOS="2712" WIDTH="68"/>
						<String CONTENT="cover:" ID="St_1.1.14.3" HPOS="956" VPOS="2728" HEIGHT="56" WIDTH="320" STYLEREFS="Style_8" WC="1" CC="000000"/>
						<SP ID="SP_1.1.14.4" HPOS="1264" VPOS="2712" WIDTH="52"/>
						<String CONTENT="16" ID="St_1.1.14.5" HPOS="1356" VPOS="2708" HEIGHT="76" WIDTH="108" STYLEREFS="Style_8" WC="1" CC="00"/>
						<String CONTENT="3" ID="St_1.1.14.6" HPOS="1468" VPOS="2708" HEIGHT="80" WIDTH="52" STYLEREFS="Style_8" WC="0.965555555555556" CC="4"/>
						<String CONTENT="0." ID="St_1.1.14.7" HPOS="1528" VPOS="2708" HEIGHT="76" WIDTH="72" STYLEREFS="Style_8" WC="0.97" CC="00"/>
						<SP ID="SP_1.1.14.8" HPOS="1592" VPOS="2732" WIDTH="68"/>
						<String CONTENT="Massachusetts" ID="St_1.1.14.9" HPOS="1724" VPOS="2700" HEIGHT="84" WIDTH="740" STYLEREFS="Style_8" WC="0.961111111111111" CC="0000033000000"/>
						<SP ID="SP_1.1.14.10" HPOS="2440" VPOS="2712" WIDTH="60"/>
						<String CONTENT="fay" ID="St_1.1.14.11" HPOS="2544" VPOS="2696" HEIGHT="104" WIDTH="196" STYLEREFS="Style_8" WC="0.942222222222222" CC="700"/>
						<SP ID="SP_1.1.14.12" HPOS="2708" VPOS="2712" WIDTH="68"/>
						<String CONTENT="tercentenary" ID="St_1.1.14.13" HPOS="2816" VPOS="2708" HEIGHT="92" WIDTH="648" STYLEREFS="Style_8" WC="0.948888888888889" CC="000400000000"/>
						<SP ID="SP_1.1.14.14" HPOS="3432" VPOS="2712" WIDTH="68"/>
						<String CONTENT="in" ID="St_1.1.14.15" HPOS="3544" VPOS="2704" HEIGHT="76" WIDTH="92" STYLEREFS="Style_8" WC="0.952222222222222" CC="00"/>
						<SP ID="SP_1.1.14.16" HPOS="3604" VPOS="2712" WIDTH="72"/>
						<String CONTENT="New" ID="St_1.1.14.17" HPOS="3720" VPOS="2708" HEIGHT="76" WIDTH="220" STYLEREFS="Style_8" WC="0.955555555555556" CC="000"/>
						<SP ID="SP_1.1.14.18" HPOS="3896" VPOS="2712" WIDTH="80"/>
						<String CONTENT="Englan" ID="St_1.1.14.19" HPOS="4020" VPOS="2700" HEIGHT="96" WIDTH="352" STYLEREFS="Style_8" WC="0.936666666666667" CC="411331"/>
						<String CONTENT="d" ID="St_1.1.14.20" HPOS="4384" VPOS="2692" HEIGHT="80" WIDTH="36" STYLEREFS="Style_8" WC="0.937777777777778" CC="0"/>
						<String CONTENT="." ID="St_1.1.14.21" HPOS="4436" VPOS="2732" HEIGHT="44" WIDTH="20" STYLEREFS="Style_8" WC="0.931111111111111" CC="4"/>
					</TextLine>
					<TextLine ID="TL_1.1.15" HPOS="604" VPOS="2816" HEIGHT="80" WIDTH="248">
						<String CONTENT="1" ID="St_1.1.15.1" HPOS="604" VPOS="2816" HEIGHT="76" WIDTH="40" STYLEREFS="Style_8" WC="0.888888888888889" CC="1"/>
						<String CONTENT="93" ID="St_1.1.15.2" HPOS="656" VPOS="2816" HEIGHT="80" WIDTH="112" STYLEREFS="Style_8" WC="0.703333333333333" CC="43"/>
						<String CONTENT="0." ID="St_1.1.15.3" HPOS="776" VPOS="2816" HEIGHT="80" WIDTH="76" STYLEREFS="Style_8" WC="0.777777777777778" CC="11"/>
					</TextLine>
					<TextLine ID="TL_1.1.16" HPOS="740" VPOS="2916" HEIGHT="104" WIDTH="3712">
						<String CONTENT="Title-page" ID="St_1.1.16.1" HPOS="740" VPOS="2924" HEIGHT="92" WIDTH="516" STYLEREFS="Style_8" WC="1" CC="0000000000"/>
						<SP ID="SP_1.1.16.2" HPOS="1228" VPOS="2928" WIDTH="48"/>
						<String CONTENT="and" ID="St_1.1.16.3" HPOS="1300" VPOS="2928" HEIGHT="76" WIDTH="184" STYLEREFS="Style_9" WC="1" CC="000"/>
						<SP ID="SP_1.1.16.4" HPOS="1452" VPOS="2920" WIDTH="52"/>
						<String CONTENT="text" ID="St_1.1.16.5" HPOS="1528" VPOS="2928" HEIGHT="76" WIDTH="200" STYLEREFS="Style_9" WC="1" CC="0000"/>
						<SP ID="SP_1.1.16.6" HPOS="1708" VPOS="2920" WIDTH="40"/>
						<String CONTENT="within" ID="St_1.1.16.7" HPOS="1772" VPOS="2924" HEIGHT="80" WIDTH="332" STYLEREFS="Style_9" WC="1" CC="000000"/>
						<SP ID="SP_1.1.16.8" HPOS="2072" VPOS="2928" WIDTH="52"/>
						<String CONTENT="ornamental" ID="St_1.1.16.9" HPOS="2148" VPOS="2924" HEIGHT="80" WIDTH="584" STYLEREFS="Style_9" WC="1" CC="0000000000"/>
						<SP ID="SP_1.1.16.10" HPOS="2712" VPOS="2920" WIDTH="36"/>
						<String CONTENT="border," ID="St_1.1.16.11" HPOS="2772" VPOS="2924" HEIGHT="92" WIDTH="364" STYLEREFS="Style_9" WC="0.99" CC="0040000"/>
						<SP ID="SP_1.1.16.12" HPOS="3124" VPOS="2948" WIDTH="32"/>
						<String CONTENT="with" ID="St_1.1.16.13" HPOS="3180" VPOS="2924" HEIGHT="80" WIDTH="228" STYLEREFS="Style_9" WC="0.991111111111111" CC="0000"/>
						<SP ID="SP_1.1.16.14" HPOS="3376" VPOS="2916" WIDTH="56"/>
						<String CONTENT="running" ID="St_1.1.16.15" HPOS="3460" VPOS="2924" HEIGHT="96" WIDTH="404" STYLEREFS="Style_9" WC="0.992222222222222" CC="0000000"/>
						<SP ID="SP_1.1.16.16" HPOS="3832" VPOS="2928" WIDTH="52"/>
						<String CONTENT="title:" ID="St_1.1.16.17" HPOS="3912" VPOS="2924" HEIGHT="80" WIDTH="260" STYLEREFS="Style_9" WC="0.991111111111111" CC="000001"/>
						<SP ID="SP_1.1.16.18" HPOS="4152" VPOS="2948" WIDTH="20"/>
						<String CONTENT="la:" ID="St_1.1.16.19" HPOS="4224" VPOS="2932" HEIGHT="72" WIDTH="128" STYLEREFS="Style_9" WC="0.952222222222222" CC="885"/>
						<String CONTENT="n" ID="St_1.1.16.20" HPOS="4380" VPOS="2932" HEIGHT="64" WIDTH="72" STYLEREFS="Style_9" WC="0.945555555555556" CC="5"/>
					</TextLine>
					<TextLine ID="TL_1.1.17" HPOS="608" VPOS="3032" HEIGHT="92" WIDTH="2088">
						<String CONTENT="Massachusetts" ID="St_1.1.17.1" HPOS="608" VPOS="3032" HEIGHT="80" WIDTH="736" STYLEREFS="Style_9" WC="1" CC="0000000000000"/>
						<SP ID="SP_1.1.17.2" HPOS="1320" VPOS="3036" WIDTH="56"/>
						<String CONTENT="Bay" ID="St_1.1.17.3" HPOS="1404" VPOS="3032" HEIGHT="92" WIDTH="200" STYLEREFS="Style_9" WC="0.973333333333333" CC="400"/>
						<SP ID="SP_1.1.17.4" HPOS="1576" VPOS="3040" WIDTH="56"/>
						<String CONTENT="tercentenary." ID="St_1.1.17.5" HPOS="1660" VPOS="3032" HEIGHT="92" WIDTH="676" STYLEREFS="Style_9" WC="0.971111111111111" CC="0004000000000"/>
						<SP ID="SP_1.1.17.6" HPOS="2324" VPOS="3060" WIDTH="68"/>
						<String CONTENT="19" ID="St_1.1.17.7" HPOS="2452" VPOS="3032" HEIGHT="80" WIDTH="108" STYLEREFS="Style_9" WC="0.973333333333333" CC="00"/>
						<String CONTENT="30" ID="St_1.1.17.8" HPOS="2564" VPOS="3032" HEIGHT="80" WIDTH="112" STYLEREFS="Style_9" WC="0.958888888888889" CC="41"/>
						<String CONTENT="." ID="St_1.1.17.9" HPOS="2676" VPOS="3056" HEIGHT="52" WIDTH="20" STYLEREFS="Style_9" WC="0.951111111111111" CC="3"/>
					</TextLine>
					<TextLine ID="TL_1.1.18" HPOS="744" VPOS="3140" HEIGHT="96" WIDTH="3088">
						<String CONTENT="&quot;Authorized" ID="St_1.1.18.1" HPOS="744" VPOS="3140" HEIGHT="80" WIDTH="628" STYLEREFS="Style_9" WC="0.958888888888889" CC="40000000000"/>
						<SP ID="SP_1.1.18.2" HPOS="1344" VPOS="3140" WIDTH="56"/>
						<String CONTENT="by" ID="St_1.1.18.3" HPOS="1424" VPOS="3140" HEIGHT="92" WIDTH="116" STYLEREFS="Style_9" WC="0.967777777777778" CC="00"/>
						<SP ID="SP_1.1.18.4" HPOS="1512" VPOS="3148" WIDTH="56"/>
						<String CONTENT="the" ID="St_1.1.18.5" HPOS="1596" VPOS="3144" HEIGHT="76" WIDTH="160" STYLEREFS="Style_9" WC="0.974444444444444" CC="000"/>
						<SP ID="SP_1.1.18.6" HPOS="1728" VPOS="3148" WIDTH="52"/>
						<String CONTENT="Massachusetts" ID="St_1.1.18.7" HPOS="1808" VPOS="3140" HEIGHT="80" WIDTH="744" STYLEREFS="Style_9" WC="0.985555555555556" CC="0000000000000"/>
						<SP ID="SP_1.1.18.8" HPOS="2528" VPOS="3144" WIDTH="48"/>
						<String CONTENT="Bay" ID="St_1.1.18.9" HPOS="2604" VPOS="3140" HEIGHT="96" WIDTH="204" STYLEREFS="Style_9" WC="0.986666666666667" CC="000"/>
						<SP ID="SP_1.1.18.10" HPOS="2776" VPOS="3148" WIDTH="60"/>
						<String CONTENT="tercentenary," ID="St_1.1.18.11" HPOS="2864" VPOS="3144" HEIGHT="92" WIDTH="676" STYLEREFS="Style_9" WC="0.991111111111111" CC="0000000000000"/>
						<SP ID="SP_1.1.18.12" HPOS="3528" VPOS="3164" WIDTH="40"/>
						<String CONTENT="inc.&quot;" ID="St_1.1.18.13" HPOS="3608" VPOS="3140" HEIGHT="84" WIDTH="224" STYLEREFS="Style_9" WC="0.977777777777778" CC="00511"/>
					</TextLine>
					<TextLine ID="TL_1.1.19" HPOS="744" VPOS="3248" HEIGHT="96" WIDTH="1500">
						<String CONTENT="Contains" ID="St_1.1.19.1" HPOS="744" VPOS="3248" HEIGHT="84" WIDTH="448" STYLEREFS="Style_9" WC="1" CC="00000000"/>
						<SP ID="SP_1.1.19.2" HPOS="1168" VPOS="3256" WIDTH="48"/>
						<String CONTENT="advertising" ID="St_1.1.19.3" HPOS="1244" VPOS="3248" HEIGHT="96" WIDTH="584" STYLEREFS="Style_9" WC="1" CC="00000000000"/>
						<SP ID="SP_1.1.19.4" HPOS="1796" VPOS="3256" WIDTH="56"/>
						<String CONTENT="matter." ID="St_1.1.19.5" HPOS="1876" VPOS="3252" HEIGHT="76" WIDTH="368" STYLEREFS="Style_9" WC="1" CC="0000000"/>
					</TextLine>
					<TextLine ID="TL_1.1.20" HPOS="616" VPOS="3384" HEIGHT="96" WIDTH="3764">
						<String CONTENT="&#x00A9;" ID="St_1.1.20.1" HPOS="616" VPOS="3388" HEIGHT="88" WIDTH="92" STYLEREFS="Style_9" WC="0.222222222222222" CC="7"/>
						<SP ID="SP_1.1.20.2" HPOS="708" VPOS="3388" WIDTH="68"/>
						<String CONTENT="July" ID="St_1.1.20.3" HPOS="772" VPOS="3392" HEIGHT="88" WIDTH="220" STYLEREFS="Style_9" WC="0.684444444444444" CC="3300"/>
						<SP ID="SP_1.1.20.4" HPOS="960" VPOS="3404" WIDTH="56"/>
						<String CONTENT="1," ID="St_1.1.20.5" HPOS="1044" VPOS="3388" HEIGHT="88" WIDTH="76" STYLEREFS="Style_9" WC="0.79" CC="00"/>
						<SP ID="SP_1.1.20.6" HPOS="1108" VPOS="3424" WIDTH="36"/>
						<String CONTENT="19" ID="St_1.1.20.7" HPOS="1168" VPOS="3388" HEIGHT="76" WIDTH="112" STYLEREFS="Style_9" WC="0.842222222222222" CC="00"/>
						<String CONTENT="30" ID="St_1.1.20.8" HPOS="1284" VPOS="3388" HEIGHT="76" WIDTH="108" STYLEREFS="Style_9" WC="0.833333333333333" CC="31"/>
						<String CONTENT=";" ID="St_1.1.20.9" HPOS="1424" VPOS="3408" HEIGHT="68" WIDTH="20" STYLEREFS="Style_9" WC="0.844444444444444" CC="0"/>
						<SP ID="SP_1.1.20.10" HPOS="1432" VPOS="3404" WIDTH="40"/>
						<String CONTENT="2c." ID="St_1.1.20.11" HPOS="1500" VPOS="3388" HEIGHT="76" WIDTH="128" STYLEREFS="Style_9" WC="0.876666666666667" CC="000"/>
						<SP ID="SP_1.1.20.12" HPOS="1620" VPOS="3424" WIDTH="36"/>
						<String CONTENT="July" ID="St_1.1.20.13" HPOS="1684" VPOS="3388" HEIGHT="88" WIDTH="220" STYLEREFS="Style_9" WC="0.874444444444444" CC="3300"/>
						<SP ID="SP_1.1.20.14" HPOS="1876" VPOS="3404" WIDTH="56"/>
						<String CONTENT="12;" ID="St_1.1.20.15" HPOS="1960" VPOS="3388" HEIGHT="88" WIDTH="156" STYLEREFS="Style_9" WC="0.892222222222222" CC="000"/>
						<SP ID="SP_1.1.20.16" HPOS="2104" VPOS="3400" WIDTH="40"/>
						<String CONTENT="aff." ID="St_1.1.20.17" HPOS="2176" VPOS="3384" HEIGHT="80" WIDTH="156" STYLEREFS="Style_9" WC="0.908888888888889" CC="0000"/>
						<SP ID="SP_1.1.20.18" HPOS="2324" VPOS="3424" WIDTH="32"/>
						<String CONTENT="July" ID="St_1.1.20.19" HPOS="2384" VPOS="3388" HEIGHT="88" WIDTH="228" STYLEREFS="Style_9" WC="0.908888888888889" CC="4000"/>
						<SP ID="SP_1.1.20.20" HPOS="2580" VPOS="3404" WIDTH="56"/>
						<String CONTENT="11;" ID="St_1.1.20.21" HPOS="2664" VPOS="3388" HEIGHT="88" WIDTH="156" STYLEREFS="Style_9" WC="0.917777777777778" CC="000"/>
						<SP ID="SP_1.1.20.22" HPOS="2808" VPOS="3400" WIDTH="40"/>
						<String CONTENT="A" ID="St_1.1.20.23" HPOS="2880" VPOS="3388" HEIGHT="72" WIDTH="76" STYLEREFS="Style_9" WC="0.921111111111111" CC="0"/>
						<SP ID="SP_1.1.20.24" HPOS="2916" VPOS="3392" WIDTH="64"/>
						<String CONTENT="2" ID="St_1.1.20.25" HPOS="3008" VPOS="3388" HEIGHT="72" WIDTH="48" STYLEREFS="Style_9" WC="0.924444444444444" CC="0"/>
						<String CONTENT="5" ID="St_1.1.20.26" HPOS="3064" VPOS="3392" HEIGHT="76" WIDTH="56" STYLEREFS="Style_9" WC="0.914444444444444" CC="5"/>
						<String CONTENT="665;" ID="St_1.1.20.27" HPOS="3120" VPOS="3388" HEIGHT="88" WIDTH="216" STYLEREFS="Style_9" WC="0.921111111111111" CC="0000"/>
						<SP ID="SP_1.1.20.28" HPOS="3324" VPOS="3400" WIDTH="40"/>
						<String CONTENT="George" ID="St_1.1.20.29" HPOS="3396" VPOS="3388" HEIGHT="88" WIDTH="356" STYLEREFS="Style_9" WC="0.93" CC="000000"/>
						<SP ID="SP_1.1.20.30" HPOS="3724" VPOS="3404" WIDTH="52"/>
						<String CONTENT="D." ID="St_1.1.20.31" HPOS="3804" VPOS="3388" HEIGHT="76" WIDTH="108" STYLEREFS="Style_9" WC="0.933333333333333" CC="00"/>
						<SP ID="SP_1.1.20.32" HPOS="3900" VPOS="3424" WIDTH="36"/>
						<String CONTENT="Hall" ID="St_1.1.20.33" HPOS="3968" VPOS="3388" HEIGHT="76" WIDTH="224" STYLEREFS="Style_9" WC="0.938888888888889" CC="0000"/>
						<SP ID="SP_1.1.20.34" HPOS="4172" VPOS="3392" WIDTH="44"/>
						<String CONTENT="co" ID="St_1.1.20.35" HPOS="4244" VPOS="3404" HEIGHT="60" WIDTH="104" STYLEREFS="Style_9" WC="0.933333333333333" CC="41"/>
						<String CONTENT="." ID="St_1.1.20.36" HPOS="4360" VPOS="3448" HEIGHT="16" WIDTH="20" STYLEREFS="Style_10" WC="0.933333333333333" CC="1"/>
					</TextLine>
					<TextLine ID="TL_1.1.21" HPOS="764" VPOS="3492" HEIGHT="120" WIDTH="3544">
						<String CONTENT="(" ID="St_1.1.21.1" HPOS="764" VPOS="3500" HEIGHT="92" WIDTH="24" STYLEREFS="Style_10" WC="0.888888888888889" CC="1"/>
						<String CONTENT="3" ID="St_1.1.21.2" HPOS="808" VPOS="3500" HEIGHT="72" WIDTH="48" STYLEREFS="Style_10" WC="0.722222222222222" CC="4"/>
						<String CONTENT="0-19747)" ID="St_1.1.21.3" HPOS="864" VPOS="3496" HEIGHT="96" WIDTH="440" STYLEREFS="Style_10" WC="0.944444444444444" CC="00000000"/>
						<SP ID="SP_1.1.21.4" HPOS="1288" VPOS="3516" WIDTH="2792"/>
						<String CONTENT="7561" ID="St_1.1.21.5" HPOS="4080" VPOS="3492" HEIGHT="80" WIDTH="228" STYLEREFS="Style_10" WC="0.658888888888889" CC="0000"/>
					</TextLine>
					<TextLine ID="TL_1.1.22" HPOS="616" VPOS="3700" HEIGHT="128" WIDTH="2252">
						<String CONTENT="Hannover," ID="St_1.1.22.1" HPOS="616" VPOS="3704" HEIGHT="124" WIDTH="648" STYLEREFS="Style_10" WC="1" CC="000000000"/>
						<SP ID="SP_1.1.22.2" HPOS="1248" VPOS="3744" WIDTH="48"/>
						<String CONTENT="Harald" ID="St_1.1.22.3" HPOS="1324" VPOS="3700" HEIGHT="108" WIDTH="428" STYLEREFS="Style_10" WC="1" CC="000000"/>
						<SP ID="SP_1.1.22.4" HPOS="1716" VPOS="3704" WIDTH="68"/>
						<String CONTENT="Immanuel," ID="St_1.1.22.5" HPOS="1812" VPOS="3704" HEIGHT="124" WIDTH="668" STYLEREFS="Style_10" WC="1" CC="000000000"/>
						<SP ID="SP_1.1.22.6" HPOS="2464" VPOS="3744" WIDTH="44"/>
						<String CONTENT="18" ID="St_1.1.22.7" HPOS="2544" VPOS="3716" HEIGHT="92" WIDTH="120" STYLEREFS="Style_10" WC="1" CC="00"/>
						<String CONTENT="6" ID="St_1.1.22.8" HPOS="2676" VPOS="3716" HEIGHT="92" WIDTH="56" STYLEREFS="Style_11" WC="0.984444444444444" CC="4"/>
						<String CONTENT="1-" ID="St_1.1.22.9" HPOS="2748" VPOS="3716" HEIGHT="92" WIDTH="120" STYLEREFS="Style_11" WC="0.978888888888889" CC="11"/>
					</TextLine>
					<TextLine ID="TL_1.1.23" HPOS="748" VPOS="3856" HEIGHT="132" WIDTH="3728">
						<String CONTENT="Tekstilindustri." ID="St_1.1.23.1" HPOS="748" VPOS="3856" HEIGHT="108" WIDTH="944" STYLEREFS="Style_11" WC="0.972222222222222" CC="0000000000000400"/>
						<SP ID="SP_1.1.23.2" HPOS="1680" VPOS="3868" WIDTH="172"/>
						<String CONTENT="H." ID="St_1.1.23.3" HPOS="1852" VPOS="3892" HEIGHT="64" WIDTH="108" STYLEREFS="Style_11" WC="0.916666666666667" CC="70"/>
						<SP ID="SP_1.1.23.4" HPOS="1948" VPOS="3900" WIDTH="40"/>
						<String CONTENT="Spinding," ID="St_1.1.23.5" HPOS="2020" VPOS="3856" HEIGHT="132" WIDTH="596" STYLEREFS="Style_11" WC="0.925555555555556" CC="000000005"/>
						<SP ID="SP_1.1.23.6" HPOS="2600" VPOS="3900" WIDTH="44"/>
						<String CONTENT="af" ID="St_1.1.23.7" HPOS="2676" VPOS="3856" HEIGHT="100" WIDTH="116" STYLEREFS="Style_11" WC="0.915555555555556" CC="31"/>
						<SP ID="SP_1.1.23.8" HPOS="2764" VPOS="3856" WIDTH="52"/>
						<String CONTENT="H" ID="St_1.1.23.9" HPOS="2840" VPOS="3860" HEIGHT="96" WIDTH="120" STYLEREFS="Style_11" WC="0.904444444444445" CC="4"/>
						<String CONTENT="." ID="St_1.1.23.10" HPOS="2972" VPOS="3940" HEIGHT="16" WIDTH="16" STYLEREFS="Style_11" WC="0.903333333333333" CC="1"/>
						<SP ID="SP_1.1.23.11" HPOS="2976" VPOS="3900" WIDTH="44"/>
						<String CONTENT="T." ID="St_1.1.23.12" HPOS="3056" VPOS="3860" HEIGHT="92" WIDTH="80" STYLEREFS="Style_11" WC="0.876666666666667" CC="74"/>
						<SP ID="SP_1.1.23.13" HPOS="3092" VPOS="3856" WIDTH="76"/>
						<String CONTENT="Hannover" ID="St_1.1.23.14" HPOS="3196" VPOS="3860" HEIGHT="100" WIDTH="608" STYLEREFS="Style_11" WC="0.9" CC="00000000"/>
						<SP ID="SP_1.1.23.15" HPOS="3772" VPOS="3876" WIDTH="60"/>
						<String CONTENT="&#x2026;" ID="St_1.1.23.16" HPOS="3896" VPOS="3868" HEIGHT="104" WIDTH="72" STYLEREFS="Style_11" WC="0.904444444444445" CC="0"/>
						<SP ID="SP_1.1.23.17" HPOS="3964" VPOS="3924" WIDTH="40"/>
						<String CONTENT="ud" ID="St_1.1.23.18" HPOS="4040" VPOS="3856" HEIGHT="100" WIDTH="148" STYLEREFS="Style_11" WC="0.908888888888889" CC="00"/>
						<String CONTENT="g" ID="St_1.1.23.19" HPOS="4200" VPOS="3896" HEIGHT="92" WIDTH="68" STYLEREFS="Style_11" WC="0.911111111111111" CC="0"/>
						<String CONTENT="." ID="St_1.1.23.20" HPOS="4280" VPOS="3940" HEIGHT="20" WIDTH="16" STYLEREFS="Style_11" WC="0.912222222222222" CC="0"/>
						<SP ID="SP_1.1.23.21" HPOS="4284" VPOS="3900" WIDTH="40"/>
						<String CONTENT="a" ID="St_1.1.23.22" HPOS="4356" VPOS="3876" HEIGHT="80" WIDTH="60" STYLEREFS="Style_11" WC="0.91" CC="3"/>
						<String CONTENT="f" ID="St_1.1.23.23" HPOS="4428" VPOS="3860" HEIGHT="100" WIDTH="48" STYLEREFS="Style_11" WC="0.908888888888889" CC="1"/>
					</TextLine>
					<TextLine ID="TL_1.1.24" HPOS="608" VPOS="4004" HEIGHT="136" WIDTH="3536">
						<String CONTENT="den" ID="St_1.1.24.1" HPOS="608" VPOS="4012" HEIGHT="100" WIDTH="212" STYLEREFS="Style_11" WC="1" CC="000"/>
						<SP ID="SP_1.1.24.2" HPOS="784" VPOS="4028" WIDTH="68"/>
						<String CONTENT="Polyt." ID="St_1.1.24.3" HPOS="884" VPOS="4012" HEIGHT="128" WIDTH="360" STYLEREFS="Style_11" WC="1" CC="000000"/>
						<SP ID="SP_1.1.24.4" HPOS="1232" VPOS="4048" WIDTH="44"/>
						<String CONTENT="læreanstalt." ID="St_1.1.24.5" HPOS="1316" VPOS="4008" HEIGHT="100" WIDTH="692" STYLEREFS="Style_11" WC="0.936666666666667" CC="080000000050"/>
						<SP ID="SP_1.1.24.6" HPOS="1996" VPOS="4048" WIDTH="84"/>
						<String CONTENT="Kjøbenhavn," ID="St_1.1.24.7" HPOS="2156" VPOS="4004" HEIGHT="132" WIDTH="776" STYLEREFS="Style_11" WC="0.916666666666667" CC="00800000005"/>
						<SP ID="SP_1.1.24.8" HPOS="2920" VPOS="4052" WIDTH="44"/>
						<String CONTENT="J." ID="St_1.1.24.9" HPOS="2996" VPOS="4012" HEIGHT="100" WIDTH="104" STYLEREFS="Style_11" WC="0.923333333333333" CC="00"/>
						<SP ID="SP_1.1.24.10" HPOS="3084" VPOS="4052" WIDTH="48"/>
						<String CONTENT="G" ID="St_1.1.24.11" HPOS="3172" VPOS="4012" HEIGHT="100" WIDTH="96" STYLEREFS="Style_11" WC="0.913333333333333" CC="5"/>
						<String CONTENT="jeller" ID="St_1.1.24.12" HPOS="3280" VPOS="4004" HEIGHT="132" WIDTH="316" STYLEREFS="Style_11" WC="0.924444444444444" CC="000000"/>
						<String CONTENT="u" ID="St_1.1.24.13" HPOS="3596" VPOS="4028" HEIGHT="76" WIDTH="68" STYLEREFS="Style_11" WC="0.914444444444444" CC="5"/>
						<String CONTENT="p," ID="St_1.1.24.14" HPOS="3676" VPOS="4044" HEIGHT="96" WIDTH="112" STYLEREFS="Style_11" WC="0.917777777777778" CC="00"/>
						<SP ID="SP_1.1.24.15" HPOS="3772" VPOS="4052" WIDTH="48"/>
						<String CONTENT="19" ID="St_1.1.24.16" HPOS="3856" VPOS="4016" HEIGHT="96" WIDTH="124" STYLEREFS="Style_11" WC="0.922222222222222" CC="00"/>
						<String CONTENT="3" ID="St_1.1.24.17" HPOS="3988" VPOS="4016" HEIGHT="88" WIDTH="56" STYLEREFS="Style_11" WC="0.915555555555556" CC="4"/>
						<String CONTENT="0." ID="St_1.1.24.18" HPOS="4056" VPOS="4016" HEIGHT="92" WIDTH="88" STYLEREFS="Style_11" WC="0.914444444444444" CC="11"/>
					</TextLine>
					<TextLine ID="TL_1.1.25" HPOS="748" VPOS="4160" HEIGHT="100" WIDTH="2272">
						<String CONTENT="1" ID="St_1.1.25.1" HPOS="748" VPOS="4164" HEIGHT="80" WIDTH="48" STYLEREFS="Style_11" WC="1" CC="0"/>
						<SP ID="SP_1.1.25.2" HPOS="772" VPOS="4160" WIDTH="44"/>
						<String CONTENT="p" ID="St_1.1.25.3" HPOS="840" VPOS="4184" HEIGHT="72" WIDTH="60" STYLEREFS="Style_11" WC="1" CC="0"/>
						<String CONTENT="." ID="St_1.1.25.4" HPOS="900" VPOS="4188" HEIGHT="48" WIDTH="16" STYLEREFS="Style_11" WC="0.916666666666667" CC="3"/>
						<SP ID="SP_1.1.25.5" HPOS="912" VPOS="4188" WIDTH="32"/>
						<String CONTENT="1.," ID="St_1.1.25.6" HPOS="972" VPOS="4160" HEIGHT="96" WIDTH="80" STYLEREFS="Style_11" WC="0.874444444444444" CC="500"/>
						<SP ID="SP_1.1.25.7" HPOS="1040" VPOS="4188" WIDTH="32"/>
						<String CONTENT="xii," ID="St_1.1.25.8" HPOS="1096" VPOS="4164" HEIGHT="80" WIDTH="160" STYLEREFS="Style_11" WC="0.922222222222222" CC="0000"/>
						<SP ID="SP_1.1.25.9" HPOS="1248" VPOS="4188" WIDTH="40"/>
						<String CONTENT="[" ID="St_1.1.25.10" HPOS="1316" VPOS="4204" HEIGHT="56" WIDTH="20" STYLEREFS="Style_11" WC="0.895555555555556" CC="5"/>
						<String CONTENT="177" ID="St_1.1.25.11" HPOS="1344" VPOS="4164" HEIGHT="80" WIDTH="160" STYLEREFS="Style_11" WC="0.913333333333333" CC="000"/>
						<String CONTENT="1" ID="St_1.1.25.12" HPOS="1516" VPOS="4204" HEIGHT="56" WIDTH="16" STYLEREFS="Style_11" WC="0.888888888888889" CC="5"/>
						<String CONTENT="-" ID="St_1.1.25.13" HPOS="1544" VPOS="4208" HEIGHT="8" WIDTH="56" STYLEREFS="Style_12" WC="0.894444444444444" CC="0"/>
						<String CONTENT="588" ID="St_1.1.25.14" HPOS="1604" VPOS="4164" HEIGHT="76" WIDTH="168" STYLEREFS="Style_12" WC="0.907777777777778" CC="000"/>
						<SP ID="SP_1.1.25.15" HPOS="1744" VPOS="4160" WIDTH="48"/>
						<String CONTENT="p" ID="St_1.1.25.16" HPOS="1816" VPOS="4184" HEIGHT="72" WIDTH="60" STYLEREFS="Style_12" WC="0.902222222222222" CC="3"/>
						<String CONTENT="." ID="St_1.1.25.17" HPOS="1880" VPOS="4220" HEIGHT="16" WIDTH="12" STYLEREFS="Style_12" WC="0.892222222222222" CC="3"/>
						<SP ID="SP_1.1.25.18" HPOS="1884" VPOS="4188" WIDTH="68"/>
						<String CONTENT="illus." ID="St_1.1.25.19" HPOS="2016" VPOS="4164" HEIGHT="76" WIDTH="244" STYLEREFS="Style_12" WC="0.915555555555556" CC="000000"/>
						<String CONTENT="." ID="St_1.1.25.20" HPOS="2264" VPOS="4188" HEIGHT="48" WIDTH="20" STYLEREFS="Style_12" WC="0.904444444444445" CC="4"/>
						<SP ID="SP_1.1.25.21" HPOS="2276" VPOS="4188" WIDTH="32"/>
						<String CONTENT="diagr" ID="St_1.1.25.22" HPOS="2336" VPOS="4164" HEIGHT="88" WIDTH="268" STYLEREFS="Style_12" WC="0.918888888888889" CC="00000"/>
						<String CONTENT="s" ID="St_1.1.25.23" HPOS="2612" VPOS="4184" HEIGHT="52" WIDTH="40" STYLEREFS="Style_12" WC="0.91" CC="4"/>
						<String CONTENT="." ID="St_1.1.25.24" HPOS="2668" VPOS="4224" HEIGHT="16" WIDTH="16" STYLEREFS="Style_12" WC="0.912222222222222" CC="0"/>
						<SP ID="SP_1.1.25.25" HPOS="2672" VPOS="4188" WIDTH="68"/>
						<String CONTENT="2" ID="St_1.1.25.26" HPOS="2796" VPOS="4164" HEIGHT="72" WIDTH="48" STYLEREFS="Style_12" WC="0.916666666666667" CC="0"/>
						<String CONTENT="2" ID="St_1.1.25.27" HPOS="2848" VPOS="4164" HEIGHT="72" WIDTH="56" STYLEREFS="Style_13" WC="0.917777777777778" CC="0"/>
						<String CONTENT="-" ID="St_1.1.25.28" HPOS="2928" VPOS="4168" HEIGHT="40" WIDTH="40" STYLEREFS="Style_13" WC="0.903333333333333" CC="7"/>
						<String CONTENT="&quot;" ID="St_1.1.25.29" HPOS="2960" VPOS="4168" HEIGHT="40" WIDTH="32" STYLEREFS="Style_14" WC="0.888888888888889" CC="7"/>
						<String CONTENT="." ID="St_1.1.25.30" HPOS="3008" VPOS="4224" HEIGHT="16" WIDTH="12" STYLEREFS="Style_14" WC="0.888888888888889" CC="1"/>
					</TextLine>
					<TextLine ID="TL_1.1.26" HPOS="616" VPOS="4276" HEIGHT="116" WIDTH="3864">
						<String CONTENT="&#x00A9;" ID="St_1.1.26.1" HPOS="616" VPOS="4276" HEIGHT="88" WIDTH="96" STYLEREFS="Style_14" WC="0.222222222222222" CC="7"/>
						<SP ID="SP_1.1.26.2" HPOS="664" VPOS="4284" WIDTH="84"/>
						<String CONTENT="May" ID="St_1.1.26.3" HPOS="784" VPOS="4304" HEIGHT="88" WIDTH="220" STYLEREFS="Style_14" WC="0.755555555555556" CC="000"/>
						<SP ID="SP_1.1.26.4" HPOS="972" VPOS="4304" WIDTH="56"/>
						<String CONTENT="15," ID="St_1.1.26.5" HPOS="1052" VPOS="4300" HEIGHT="88" WIDTH="132" STYLEREFS="Style_14" WC="0.863333333333333" CC="000"/>
						<SP ID="SP_1.1.26.6" HPOS="1176" VPOS="4324" WIDTH="40"/>
						<String CONTENT="1930;" ID="St_1.1.26.7" HPOS="1244" VPOS="4292" HEIGHT="96" WIDTH="272" STYLEREFS="Style_14" WC="0.866666666666667" CC="03400"/>
						<SP ID="SP_1.1.26.8" HPOS="1504" VPOS="4304" WIDTH="44"/>
						<String CONTENT="It." ID="St_1.1.26.9" HPOS="1584" VPOS="4288" HEIGHT="88" WIDTH="124" STYLEREFS="Style_14" WC="0.812222222222222" CC="770"/>
						<SP ID="SP_1.1.26.10" HPOS="1696" VPOS="4324" WIDTH="44"/>
						<String CONTENT="June" ID="St_1.1.26.11" HPOS="1768" VPOS="4300" HEIGHT="76" WIDTH="244" STYLEREFS="Style_14" WC="0.851111111111111" CC="0000"/>
						<SP ID="SP_1.1.26.12" HPOS="1984" VPOS="4304" WIDTH="56"/>
						<String CONTENT="2;" ID="St_1.1.26.13" HPOS="2068" VPOS="4296" HEIGHT="92" WIDTH="104" STYLEREFS="Style_14" WC="0.867777777777778" CC="00"/>
						<SP ID="SP_1.1.26.14" HPOS="2160" VPOS="4304" WIDTH="44"/>
						<String CONTENT="A" ID="St_1.1.26.15" HPOS="2236" VPOS="4300" HEIGHT="72" WIDTH="72" STYLEREFS="Style_14" WC="0.876666666666667" CC="0"/>
						<SP ID="SP_1.1.26.16" HPOS="2268" VPOS="4292" WIDTH="148"/>
						<String CONTENT="F" ID="St_1.1.26.17" HPOS="2436" VPOS="4296" HEIGHT="76" WIDTH="68" STYLEREFS="Style_14" WC="0.874444444444444" CC="0"/>
						<String CONTENT="o" ID="St_1.1.26.18" HPOS="2516" VPOS="4324" HEIGHT="44" WIDTH="48" STYLEREFS="Style_14" WC="0.867777777777778" CC="3"/>
						<String CONTENT="r" ID="St_1.1.26.19" HPOS="2572" VPOS="4320" HEIGHT="52" WIDTH="44" STYLEREFS="Style_14" WC="0.862222222222222" CC="3"/>
						<String CONTENT="e" ID="St_1.1.26.20" HPOS="2624" VPOS="4324" HEIGHT="52" WIDTH="48" STYLEREFS="Style_14" WC="0.856666666666667" CC="3"/>
						<String CONTENT="ign" ID="St_1.1.26.21" HPOS="2680" VPOS="4296" HEIGHT="92" WIDTH="148" STYLEREFS="Style_14" WC="0.867777777777778" CC="000"/>
						<SP ID="SP_1.1.26.22" HPOS="2796" VPOS="4304" WIDTH="64"/>
						<String CONTENT="83" ID="St_1.1.26.23" HPOS="2892" VPOS="4292" HEIGHT="76" WIDTH="112" STYLEREFS="Style_14" WC="0.855555555555556" CC="44"/>
						<String CONTENT="20:" ID="St_1.1.26.24" HPOS="3008" VPOS="4296" HEIGHT="76" WIDTH="152" STYLEREFS="Style_14" WC="0.85" CC="114"/>
						<SP ID="SP_1.1.26.25" HPOS="3152" VPOS="4304" WIDTH="40"/>
						<String CONTENT="H" ID="St_1.1.26.26" HPOS="3228" VPOS="4300" HEIGHT="76" WIDTH="84" STYLEREFS="Style_14" WC="0.847777777777778" CC="3"/>
						<String CONTENT="." ID="St_1.1.26.27" HPOS="3328" VPOS="4360" HEIGHT="16" WIDTH="16" STYLEREFS="Style_14" WC="0.85" CC="0"/>
						<SP ID="SP_1.1.26.28" HPOS="3332" VPOS="4324" WIDTH="40"/>
						<String CONTENT="I." ID="St_1.1.26.29" HPOS="3404" VPOS="4304" HEIGHT="72" WIDTH="72" STYLEREFS="Style_14" WC="0.86" CC="00"/>
						<SP ID="SP_1.1.26.30" HPOS="3464" VPOS="4324" WIDTH="40"/>
						<String CONTENT="Hannover." ID="St_1.1.26.31" HPOS="3536" VPOS="4304" HEIGHT="76" WIDTH="532" STYLEREFS="Style_14" WC="0.883333333333333" CC="000000000"/>
						<SP ID="SP_1.1.26.32" HPOS="4056" VPOS="4324" WIDTH="44"/>
						<String CONTENT="Co" ID="St_1.1.26.33" HPOS="4136" VPOS="4300" HEIGHT="76" WIDTH="124" STYLEREFS="Style_14" WC="0.888888888888889" CC="00"/>
						<String CONTENT="p" ID="St_1.1.26.34" HPOS="4268" VPOS="4320" HEIGHT="72" WIDTH="60" STYLEREFS="Style_14" WC="0.883333333333333" CC="4"/>
						<String CONTENT="n-" ID="St_1.1.26.35" HPOS="4376" VPOS="4300" HEIGHT="68" WIDTH="104" STYLEREFS="Style_14" WC="0.88" CC="31"/>
					</TextLine>
					<TextLine ID="TL_1.1.27" HPOS="752" VPOS="4404" HEIGHT="92" WIDTH="3564">
						<String CONTENT="hage" ID="St_1.1.27.1" HPOS="752" VPOS="4412" HEIGHT="84" WIDTH="236" STYLEREFS="Style_14" WC="1" CC="0000"/>
						<String CONTENT="n." ID="St_1.1.27.2" HPOS="984" VPOS="4424" HEIGHT="68" WIDTH="88" STYLEREFS="Style_14" WC="0.87" CC="43"/>
						<SP ID="SP_1.1.27.3" HPOS="1068" VPOS="4444" WIDTH="28"/>
						<String CONTENT="Den" ID="St_1.1.27.4" HPOS="1120" VPOS="4412" HEIGHT="72" WIDTH="204" STYLEREFS="Style_14" WC="0.922222222222222" CC="000"/>
						<String CONTENT="m" ID="St_1.1.27.5" HPOS="1332" VPOS="4428" HEIGHT="56" WIDTH="88" STYLEREFS="Style_14" WC="0.918888888888889" CC="1"/>
						<String CONTENT="a" ID="St_1.1.27.6" HPOS="1428" VPOS="4428" HEIGHT="56" WIDTH="44" STYLEREFS="Style_14" WC="0.897777777777778" CC="3"/>
						<String CONTENT="rk." ID="St_1.1.27.7" HPOS="1492" VPOS="4412" HEIGHT="72" WIDTH="136" STYLEREFS="Style_14" WC="0.917777777777778" CC="000"/>
						<SP ID="SP_1.1.27.8" HPOS="1616" VPOS="4420" WIDTH="2464"/>
						<String CONTENT="7562" ID="St_1.1.27.9" HPOS="4080" VPOS="4404" HEIGHT="84" WIDTH="236" STYLEREFS="Style_14" WC="0.684444444444444" CC="0000"/>
					</TextLine>
					<TextLine ID="TL_1.1.28" HPOS="616" VPOS="4616" HEIGHT="124" WIDTH="1492">
						<String CONTENT="Hicks," ID="St_1.1.28.1" HPOS="616" VPOS="4620" HEIGHT="120" WIDTH="384" STYLEREFS="Style_14" WC="1" CC="000000"/>
						<SP ID="SP_1.1.28.2" HPOS="988" VPOS="4660" WIDTH="44"/>
						<String CONTENT="Thomas" ID="St_1.1.28.3" HPOS="1060" VPOS="4620" HEIGHT="100" WIDTH="500" STYLEREFS="Style_14" WC="1" CC="000000"/>
						<SP ID="SP_1.1.28.4" HPOS="1528" VPOS="4636" WIDTH="56"/>
						<String CONTENT="Willing." ID="St_1.1.28.5" HPOS="1612" VPOS="4616" HEIGHT="124" WIDTH="496" STYLEREFS="Style_14" WC="1" CC="00000000"/>
					</TextLine>
					<TextLine ID="TL_1.1.29" HPOS="748" VPOS="4764" HEIGHT="136" WIDTH="3724">
						<String CONTENT="And" ID="St_1.1.29.1" HPOS="748" VPOS="4768" HEIGHT="100" WIDTH="260" STYLEREFS="Style_14" WC="1" CC="000"/>
						<SP ID="SP_1.1.29.2" HPOS="972" VPOS="4764" WIDTH="64"/>
						<String CONTENT="on" ID="St_1.1.29.3" HPOS="1060" VPOS="4800" HEIGHT="68" WIDTH="140" STYLEREFS="Style_14" WC="1" CC="00"/>
						<SP ID="SP_1.1.29.4" HPOS="1160" VPOS="4780" WIDTH="64"/>
						<String CONTENT="the" ID="St_1.1.29.5" HPOS="1252" VPOS="4768" HEIGHT="100" WIDTH="184" STYLEREFS="Style_14" WC="1" CC="000"/>
						<SP ID="SP_1.1.29.6" HPOS="1404" VPOS="4784" WIDTH="56"/>
						<String CONTENT="third" ID="St_1.1.29.7" HPOS="1488" VPOS="4768" HEIGHT="100" WIDTH="308" STYLEREFS="Style_14" WC="1" CC="00000"/>
						<SP ID="SP_1.1.29.8" HPOS="1756" VPOS="4764" WIDTH="68"/>
						<String CONTENT="day," ID="St_1.1.29.9" HPOS="1852" VPOS="4768" HEIGHT="128" WIDTH="248" STYLEREFS="Style_14" WC="0.973333333333333" CC="0005"/>
						<SP ID="SP_1.1.29.10" HPOS="2088" VPOS="4804" WIDTH="40"/>
						<String CONTENT="by" ID="St_1.1.29.11" HPOS="2152" VPOS="4764" HEIGHT="136" WIDTH="144" STYLEREFS="Style_14" WC="0.976666666666667" CC="00"/>
						<SP ID="SP_1.1.29.12" HPOS="2260" VPOS="4784" WIDTH="64"/>
						<String CONTENT="Thomas" ID="St_1.1.29.13" HPOS="2352" VPOS="4768" HEIGHT="100" WIDTH="480" STYLEREFS="Style_14" WC="0.981111111111111" CC="000000"/>
						<SP ID="SP_1.1.29.14" HPOS="2804" VPOS="4780" WIDTH="52"/>
						<String CONTENT="Wil" ID="St_1.1.29.15" HPOS="2880" VPOS="4768" HEIGHT="100" WIDTH="228" STYLEREFS="Style_14" WC="0.983333333333333" CC="000"/>
						<String CONTENT="l" ID="St_1.1.29.16" HPOS="3120" VPOS="4772" HEIGHT="96" WIDTH="32" STYLEREFS="Style_14" WC="0.984444444444444" CC="0"/>
						<String CONTENT="ing" ID="St_1.1.29.17" HPOS="3164" VPOS="4768" HEIGHT="132" WIDTH="196" STYLEREFS="Style_14" WC="0.985555555555556" CC="000"/>
						<SP ID="SP_1.1.29.18" HPOS="3316" VPOS="4784" WIDTH="68"/>
						<String CONTENT="Hicks," ID="St_1.1.29.19" HPOS="3412" VPOS="4768" HEIGHT="112" WIDTH="388" STYLEREFS="Style_14" WC="0.987777777777778" CC="000000"/>
						<SP ID="SP_1.1.29.20" HPOS="3784" VPOS="4804" WIDTH="40"/>
						<String CONTENT="a" ID="St_1.1.29.21" HPOS="3852" VPOS="4804" HEIGHT="64" WIDTH="60" STYLEREFS="Style_14" WC="0.987777777777778" CC="0"/>
						<SP ID="SP_1.1.29.22" HPOS="3876" VPOS="4780" WIDTH="64"/>
						<String CONTENT="descend-" ID="St_1.1.29.23" HPOS="3968" VPOS="4768" HEIGHT="104" WIDTH="504" STYLEREFS="Style_14" WC="0.99" CC="00000000"/>
					</TextLine>
					<TextLine ID="TL_1.1.30" HPOS="616" VPOS="4912" HEIGHT="136" WIDTH="3860">
						<String CONTENT="ant" ID="St_1.1.30.1" HPOS="616" VPOS="4928" HEIGHT="88" WIDTH="192" STYLEREFS="Style_14" WC="1" CC="000"/>
						<SP ID="SP_1.1.30.2" HPOS="780" VPOS="4920" WIDTH="60"/>
						<String CONTENT="of" ID="St_1.1.30.3" HPOS="872" VPOS="4916" HEIGHT="100" WIDTH="120" STYLEREFS="Style_14" WC="1" CC="00"/>
						<SP ID="SP_1.1.30.4" HPOS="964" VPOS="4912" WIDTH="60"/>
						<String CONTENT="one" ID="St_1.1.30.5" HPOS="1056" VPOS="4952" HEIGHT="64" WIDTH="200" STYLEREFS="Style_14" WC="1" CC="000"/>
						<SP ID="SP_1.1.30.6" HPOS="1224" VPOS="4932" WIDTH="64"/>
						<String CONTENT="of" ID="St_1.1.30.7" HPOS="1324" VPOS="4916" HEIGHT="100" WIDTH="120" STYLEREFS="Style_14" WC="1" CC="00"/>
						<SP ID="SP_1.1.30.8" HPOS="1420" VPOS="4912" WIDTH="56"/>
						<String CONTENT="the" ID="St_1.1.30.9" HPOS="1508" VPOS="4916" HEIGHT="100" WIDTH="188" STYLEREFS="Style_14" WC="1" CC="000"/>
						<SP ID="SP_1.1.30.10" HPOS="1664" VPOS="4932" WIDTH="64"/>
						<String CONTENT="seventy;" ID="St_1.1.30.11" HPOS="1760" VPOS="4928" HEIGHT="116" WIDTH="500" STYLEREFS="Style_14" WC="1" CC="00000000"/>
						<SP ID="SP_1.1.30.12" HPOS="2248" VPOS="4932" WIDTH="52"/>
						<String CONTENT="with" ID="St_1.1.30.13" HPOS="2336" VPOS="4916" HEIGHT="100" WIDTH="268" STYLEREFS="Style_14" WC="1" CC="0000"/>
						<SP ID="SP_1.1.30.14" HPOS="2564" VPOS="4912" WIDTH="72"/>
						<String CONTENT="frontispiece" ID="St_1.1.30.15" HPOS="2676" VPOS="4916" HEIGHT="132" WIDTH="712" STYLEREFS="Style_14" WC="1" CC="000000000000"/>
						<SP ID="SP_1.1.30.16" HPOS="3356" VPOS="4932" WIDTH="64"/>
						<String CONTENT="and" ID="St_1.1.30.17" HPOS="3456" VPOS="4916" HEIGHT="100" WIDTH="216" STYLEREFS="Style_14" WC="1" CC="000"/>
						<SP ID="SP_1.1.30.18" HPOS="3632" VPOS="4912" WIDTH="72"/>
						<String CONTENT="illustrations" ID="St_1.1.30.19" HPOS="3740" VPOS="4916" HEIGHT="104" WIDTH="736" STYLEREFS="Style_14" WC="1" CC="0000000000000"/>
					</TextLine>
					<TextLine ID="TL_1.1.31" HPOS="612" VPOS="5064" HEIGHT="136" WIDTH="3864">
						<String CONTENT="by" ID="St_1.1.31.1" HPOS="612" VPOS="5068" HEIGHT="132" WIDTH="144" STYLEREFS="Style_14" WC="1" CC="00"/>
						<SP ID="SP_1.1.31.2" HPOS="716" VPOS="5084" WIDTH="72"/>
						<String CONTENT="Harold" ID="St_1.1.31.3" HPOS="816" VPOS="5064" HEIGHT="104" WIDTH="436" STYLEREFS="Style_14" WC="1" CC="000000"/>
						<SP ID="SP_1.1.31.4" HPOS="1216" VPOS="5064" WIDTH="68"/>
						<String CONTENT="Lo" ID="St_1.1.31.5" HPOS="1316" VPOS="5064" HEIGHT="104" WIDTH="164" STYLEREFS="Style_14" WC="1" CC="00"/>
						<String CONTENT="c" ID="St_1.1.31.6" HPOS="1484" VPOS="5104" HEIGHT="60" WIDTH="48" STYLEREFS="Style_14" WC="1" CC="0"/>
						<String CONTENT="kerman" ID="St_1.1.31.7" HPOS="1540" VPOS="5068" HEIGHT="100" WIDTH="456" STYLEREFS="Style_14" WC="0.97" CC="000500"/>
						<SP ID="SP_1.1.31.8" HPOS="1960" VPOS="5080" WIDTH="68"/>
						<String CONTENT="Fate" ID="St_1.1.31.9" HPOS="2060" VPOS="5064" HEIGHT="104" WIDTH="276" STYLEREFS="Style_14" WC="0.976666666666667" CC="0000"/>
						<SP ID="SP_1.1.31.10" HPOS="2304" VPOS="5080" WIDTH="68"/>
						<String CONTENT="&#x2026;" ID="St_1.1.31.11" HPOS="2420" VPOS="5068" HEIGHT="112" WIDTH="68" STYLEREFS="Style_14" WC="0.977777777777778" CC="0"/>
						<SP ID="SP_1.1.31.12" HPOS="2504" VPOS="5128" WIDTH="108"/>
						<String CONTENT="[Los" ID="St_1.1.31.13" HPOS="2672" VPOS="5064" HEIGHT="132" WIDTH="244" STYLEREFS="Style_14" WC="0.956666666666667" CC="7000"/>
						<SP ID="SP_1.1.31.14" HPOS="2892" VPOS="5084" WIDTH="52"/>
						<String CONTENT="Angeles," ID="St_1.1.31.15" HPOS="2980" VPOS="5064" HEIGHT="132" WIDTH="512" STYLEREFS="Style_14" WC="0.966666666666667" CC="00000000"/>
						<SP ID="SP_1.1.31.16" HPOS="3476" VPOS="5104" WIDTH="48"/>
						<String CONTENT="The" ID="St_1.1.31.17" HPOS="3560" VPOS="5068" HEIGHT="104" WIDTH="232" STYLEREFS="Style_14" WC="0.968888888888889" CC="000"/>
						<SP ID="SP_1.1.31.18" HPOS="3764" VPOS="5084" WIDTH="60"/>
						<String CONTENT="Bert" ID="St_1.1.31.19" HPOS="3860" VPOS="5072" HEIGHT="100" WIDTH="268" STYLEREFS="Style_14" WC="0.972222222222222" CC="0000"/>
						<SP ID="SP_1.1.31.20" HPOS="4100" VPOS="5072" WIDTH="64"/>
						<String CONTENT="Rose" ID="St_1.1.31.21" HPOS="4200" VPOS="5072" HEIGHT="100" WIDTH="276" STYLEREFS="Style_14" WC="0.974444444444444" CC="0000"/>
					</TextLine>
					<TextLine ID="TL_1.1.32" HPOS="612" VPOS="5220" HEIGHT="128" WIDTH="972">
						<String CONTENT="company," ID="St_1.1.32.1" HPOS="612" VPOS="5252" HEIGHT="96" WIDTH="572" STYLEREFS="Style_14" WC="1" CC="00000000"/>
						<SP ID="SP_1.1.32.2" HPOS="1172" VPOS="5256" WIDTH="44"/>
						<String CONTENT="19" ID="St_1.1.32.3" HPOS="1292" VPOS="5220" HEIGHT="96" WIDTH="120" STYLEREFS="Style_14" WC="0.938888888888889" CC="33"/>
						<String CONTENT="2" ID="St_1.1.32.4" HPOS="1424" VPOS="5220" HEIGHT="96" WIDTH="56" STYLEREFS="Style_14" WC="0.934444444444444" CC="1"/>
						<String CONTENT="9" ID="St_1.1.32.5" HPOS="1492" VPOS="5220" HEIGHT="96" WIDTH="56" STYLEREFS="Style_14" WC="0.914444444444444" CC="3"/>
						<String CONTENT="1" ID="St_1.1.32.6" HPOS="1560" VPOS="5276" HEIGHT="68" WIDTH="24" STYLEREFS="Style_14" WC="0.896666666666667" CC="3"/>
					</TextLine>
					<TextLine ID="TL_1.1.33" HPOS="752" VPOS="5368" HEIGHT="104" WIDTH="1604">
						<String CONTENT="8" ID="St_1.1.33.1" HPOS="752" VPOS="5376" HEIGHT="80" WIDTH="52" STYLEREFS="Style_14" WC="1" CC="0"/>
						<SP ID="SP_1.1.33.2" HPOS="776" VPOS="5368" WIDTH="52"/>
						<String CONTENT="p." ID="St_1.1.33.3" HPOS="856" VPOS="5400" HEIGHT="72" WIDTH="80" STYLEREFS="Style_14" WC="1" CC="00"/>
						<SP ID="SP_1.1.33.4" HPOS="924" VPOS="5400" WIDTH="40"/>
						<String CONTENT="1.," ID="St_1.1.33.5" HPOS="992" VPOS="5380" HEIGHT="88" WIDTH="84" STYLEREFS="Style_14" WC="1" CC="000"/>
						<SP ID="SP_1.1.33.6" HPOS="1068" VPOS="5400" WIDTH="36"/>
						<String CONTENT="21-144" ID="St_1.1.33.7" HPOS="1132" VPOS="5376" HEIGHT="76" WIDTH="336" STYLEREFS="Style_14" WC="1" CC="000000"/>
						<SP ID="SP_1.1.33.8" HPOS="1440" VPOS="5368" WIDTH="56"/>
						<String CONTENT="p." ID="St_1.1.33.9" HPOS="1524" VPOS="5396" HEIGHT="72" WIDTH="80" STYLEREFS="Style_14" WC="1" CC="00"/>
						<SP ID="SP_1.1.33.10" HPOS="1596" VPOS="5400" WIDTH="68"/>
						<String CONTENT="illus." ID="St_1.1.33.11" HPOS="1724" VPOS="5372" HEIGHT="80" WIDTH="248" STYLEREFS="Style_14" WC="1" CC="000000"/>
						<SP ID="SP_1.1.33.12" HPOS="1964" VPOS="5400" WIDTH="64"/>
						<String CONTENT="21" ID="St_1.1.33.13" HPOS="2080" VPOS="5372" HEIGHT="76" WIDTH="100" STYLEREFS="Style_14" WC="1" CC="00"/>
						<String CONTENT="}" ID="St_1.1.33.14" HPOS="2200" VPOS="5372" HEIGHT="96" WIDTH="44" STYLEREFS="Style_14" WC="0.968888888888889" CC="8"/>
						<String CONTENT="." ID="St_1.1.33.15" HPOS="2328" VPOS="5400" HEIGHT="44" WIDTH="28" STYLEREFS="Style_14" WC="0.951111111111111" CC="5"/>
					</TextLine>
					<TextLine ID="TL_1.1.34" HPOS="748" VPOS="5508" HEIGHT="96" WIDTH="3064">
						<String CONTENT="The" ID="St_1.1.34.1" HPOS="748" VPOS="5516" HEIGHT="72" WIDTH="196" STYLEREFS="Style_14" WC="1" CC="000"/>
						<SP ID="SP_1.1.34.2" HPOS="920" VPOS="5516" WIDTH="56"/>
						<String CONTENT="fr" ID="St_1.1.34.3" HPOS="1008" VPOS="5512" HEIGHT="76" WIDTH="92" STYLEREFS="Style_14" WC="1" CC="00"/>
						<String CONTENT="o" ID="St_1.1.34.4" HPOS="1108" VPOS="5532" HEIGHT="52" WIDTH="48" STYLEREFS="Style_14" WC="1" CC="0"/>
						<String CONTENT="ntisp" ID="St_1.1.34.5" HPOS="1164" VPOS="5508" HEIGHT="96" WIDTH="256" STYLEREFS="Style_14" WC="1" CC="00000"/>
						<String CONTENT="i" ID="St_1.1.34.6" HPOS="1424" VPOS="5508" HEIGHT="76" WIDTH="28" STYLEREFS="Style_14" WC="1" CC="0"/>
						<String CONTENT="ec" ID="St_1.1.34.7" HPOS="1460" VPOS="5532" HEIGHT="56" WIDTH="104" STYLEREFS="Style_14" WC="1" CC="00"/>
						<String CONTENT="e" ID="St_1.1.34.8" HPOS="1568" VPOS="5528" HEIGHT="60" WIDTH="48" STYLEREFS="Style_14" WC="1" CC="0"/>
						<SP ID="SP_1.1.34.9" HPOS="1588" VPOS="5512" WIDTH="60"/>
						<String CONTENT="is" ID="St_1.1.34.10" HPOS="1676" VPOS="5508" HEIGHT="76" WIDTH="84" STYLEREFS="Style_14" WC="1" CC="00"/>
						<SP ID="SP_1.1.34.11" HPOS="1736" VPOS="5520" WIDTH="56"/>
						<String CONTENT="an" ID="St_1.1.34.12" HPOS="1820" VPOS="5528" HEIGHT="56" WIDTH="124" STYLEREFS="Style_14" WC="1" CC="00"/>
						<SP ID="SP_1.1.34.13" HPOS="1916" VPOS="5520" WIDTH="60"/>
						<String CONTENT="illustration" ID="St_1.1.34.14" HPOS="2004" VPOS="5508" HEIGHT="80" WIDTH="584" STYLEREFS="Style_14" WC="1" CC="000000000000"/>
						<SP ID="SP_1.1.34.15" HPOS="2556" VPOS="5520" WIDTH="64"/>
						<String CONTENT="on" ID="St_1.1.34.16" HPOS="2656" VPOS="5532" HEIGHT="56" WIDTH="112" STYLEREFS="Style_14" WC="1" CC="00"/>
						<SP ID="SP_1.1.34.17" HPOS="2736" VPOS="5520" WIDTH="64"/>
						<String CONTENT="front" ID="St_1.1.34.18" HPOS="2832" VPOS="5508" HEIGHT="80" WIDTH="264" STYLEREFS="Style_14" WC="1" CC="00000"/>
						<SP ID="SP_1.1.34.19" HPOS="3072" VPOS="5512" WIDTH="52"/>
						<String CONTENT="lining-paper." ID="St_1.1.34.20" HPOS="3156" VPOS="5508" HEIGHT="96" WIDTH="656" STYLEREFS="Style_14" WC="1" CC="0000000000000"/>
					</TextLine>
					<TextLine ID="TL_1.1.35" HPOS="752" VPOS="5616" HEIGHT="96" WIDTH="2400">
						<String CONTENT="&quot;In" ID="St_1.1.35.1" HPOS="752" VPOS="5624" HEIGHT="72" WIDTH="168" STYLEREFS="Style_14" WC="1" CC="000"/>
						<SP ID="SP_1.1.35.2" HPOS="892" VPOS="5624" WIDTH="52"/>
						<String CONTENT="a" ID="St_1.1.35.3" HPOS="968" VPOS="5640" HEIGHT="56" WIDTH="56" STYLEREFS="Style_14" WC="1" CC="0"/>
						<SP ID="SP_1.1.35.4" HPOS="996" VPOS="5624" WIDTH="56"/>
						<String CONTENT="de" ID="St_1.1.35.5" HPOS="1076" VPOS="5624" HEIGHT="72" WIDTH="112" STYLEREFS="Style_14" WC="1" CC="00"/>
						<SP ID="SP_1.1.35.6" HPOS="1164" VPOS="5624" WIDTH="48"/>
						<String CONTENT="luxe" ID="St_1.1.35.7" HPOS="1232" VPOS="5624" HEIGHT="72" WIDTH="224" STYLEREFS="Style_14" WC="1" CC="0000"/>
						<SP ID="SP_1.1.35.8" HPOS="1428" VPOS="5624" WIDTH="48"/>
						<String CONTENT="edition." ID="St_1.1.35.9" HPOS="1500" VPOS="5616" HEIGHT="80" WIDTH="380" STYLEREFS="Style_14" WC="1" CC="00000000"/>
						<SP ID="SP_1.1.35.10" HPOS="1872" VPOS="5644" WIDTH="68"/>
						<String CONTENT="On" ID="St_1.1.35.11" HPOS="2004" VPOS="5616" HEIGHT="80" WIDTH="136" STYLEREFS="Style_14" WC="1" CC="00"/>
						<SP ID="SP_1.1.35.12" HPOS="2108" VPOS="5624" WIDTH="56"/>
						<String CONTENT="the" ID="St_1.1.35.13" HPOS="2192" VPOS="5616" HEIGHT="80" WIDTH="160" STYLEREFS="Style_14" WC="1" CC="000"/>
						<SP ID="SP_1.1.35.14" HPOS="2324" VPOS="5624" WIDTH="56"/>
						<String CONTENT="Rose" ID="St_1.1.35.15" HPOS="2408" VPOS="5616" HEIGHT="80" WIDTH="240" STYLEREFS="Style_14" WC="0.973333333333333" CC="8000"/>
						<SP ID="SP_1.1.35.16" HPOS="2624" VPOS="5624" WIDTH="52"/>
						<String CONTENT="presses.&quot;" ID="St_1.1.35.17" HPOS="2700" VPOS="5616" HEIGHT="96" WIDTH="452" STYLEREFS="Style_14" WC="0.978888888888889" CC="000000000"/>
					</TextLine>
					<TextLine ID="TL_1.1.36" HPOS="752" VPOS="5712" HEIGHT="108" WIDTH="3716">
						<String CONTENT="&apos;Thi" ID="St_1.1.36.1" HPOS="752" VPOS="5712" HEIGHT="92" WIDTH="232" STYLEREFS="Style_14" WC="0.805555555555556" CC="7000"/>
						<String CONTENT="s" ID="St_1.1.36.2" HPOS="992" VPOS="5748" HEIGHT="56" WIDTH="44" STYLEREFS="Style_14" WC="0.844444444444444" CC="0"/>
						<SP ID="SP_1.1.36.3" HPOS="1012" VPOS="5728" WIDTH="72"/>
						<String CONTENT="autographed" ID="St_1.1.36.4" HPOS="1136" VPOS="5728" HEIGHT="92" WIDTH="644" STYLEREFS="Style_14" WC="0.953333333333333" CC="00000000000"/>
						<SP ID="SP_1.1.36.5" HPOS="1748" VPOS="5720" WIDTH="80"/>
						<String CONTENT="edition" ID="St_1.1.36.6" HPOS="1880" VPOS="5724" HEIGHT="80" WIDTH="352" STYLEREFS="Style_14" WC="0.968888888888889" CC="0000000"/>
						<SP ID="SP_1.1.36.7" HPOS="2204" VPOS="5728" WIDTH="76"/>
						<String CONTENT="is" ID="St_1.1.36.8" HPOS="2332" VPOS="5724" HEIGHT="76" WIDTH="80" STYLEREFS="Style_14" WC="0.972222222222222" CC="00"/>
						<SP ID="SP_1.1.36.9" HPOS="2392" VPOS="5728" WIDTH="68"/>
						<String CONTENT="limited" ID="St_1.1.36.10" HPOS="2508" VPOS="5724" HEIGHT="80" WIDTH="364" STYLEREFS="Style_14" WC="0.977777777777778" CC="0000000"/>
						<SP ID="SP_1.1.36.11" HPOS="2840" VPOS="5716" WIDTH="84"/>
						<String CONTENT="to" ID="St_1.1.36.12" HPOS="2976" VPOS="5732" HEIGHT="72" WIDTH="92" STYLEREFS="Style_14" WC="0.98" CC="00"/>
						<SP ID="SP_1.1.36.13" HPOS="3044" VPOS="5728" WIDTH="72"/>
						<String CONTENT="the" ID="St_1.1.36.14" HPOS="3168" VPOS="5732" HEIGHT="72" WIDTH="160" STYLEREFS="Style_14" WC="0.981111111111111" CC="000"/>
						<SP ID="SP_1.1.36.15" HPOS="3300" VPOS="5728" WIDTH="76"/>
						<String CONTENT="fi" ID="St_1.1.36.16" HPOS="3424" VPOS="5728" HEIGHT="76" WIDTH="60" STYLEREFS="Style_14" WC="0.982222222222222" CC="00"/>
						<String CONTENT="rst" ID="St_1.1.36.17" HPOS="3496" VPOS="5732" HEIGHT="76" WIDTH="136" STYLEREFS="Style_14" WC="0.983333333333333" CC="000"/>
						<SP ID="SP_1.1.36.18" HPOS="3612" VPOS="5720" WIDTH="68"/>
						<String CONTENT="one" ID="St_1.1.36.19" HPOS="3732" VPOS="5748" HEIGHT="60" WIDTH="172" STYLEREFS="Style_14" WC="0.984444444444444" CC="000"/>
						<SP ID="SP_1.1.36.20" HPOS="3876" VPOS="5728" WIDTH="76"/>
						<String CONTENT="thousand" ID="St_1.1.36.21" HPOS="4000" VPOS="5732" HEIGHT="80" WIDTH="468" STYLEREFS="Style_14" WC="0.986666666666667" CC="00000000"/>
					</TextLine>
					<TextLine ID="TL_1.1.37" HPOS="616" VPOS="5832" HEIGHT="96" WIDTH="3064">
						<String CONTENT="copies.&quot;" ID="St_1.1.37.1" HPOS="616" VPOS="5836" HEIGHT="92" WIDTH="388" STYLEREFS="Style_14" WC="1" CC="00000000"/>
						<SP ID="SP_1.1.37.2" HPOS="980" VPOS="5832" WIDTH="80"/>
						<String CONTENT="This" ID="St_1.1.37.3" HPOS="1116" VPOS="5832" HEIGHT="80" WIDTH="228" STYLEREFS="Style_14" WC="1" CC="0000"/>
						<SP ID="SP_1.1.37.4" HPOS="1324" VPOS="5840" WIDTH="48"/>
						<String CONTENT="copy" ID="St_1.1.37.5" HPOS="1396" VPOS="5856" HEIGHT="72" WIDTH="228" STYLEREFS="Style_14" WC="1" CC="0000"/>
						<SP ID="SP_1.1.37.6" HPOS="1596" VPOS="5840" WIDTH="56"/>
						<String CONTENT="is" ID="St_1.1.37.7" HPOS="1676" VPOS="5832" HEIGHT="80" WIDTH="76" STYLEREFS="Style_14" WC="1" CC="00"/>
						<SP ID="SP_1.1.37.8" HPOS="1728" VPOS="5840" WIDTH="52"/>
						<String CONTENT="neither" ID="St_1.1.37.9" HPOS="1808" VPOS="5832" HEIGHT="80" WIDTH="368" STYLEREFS="Style_14" WC="1" CC="0000000"/>
						<SP ID="SP_1.1.37.10" HPOS="2152" VPOS="5840" WIDTH="52"/>
						<String CONTENT="autographed" ID="St_1.1.37.11" HPOS="2228" VPOS="5836" HEIGHT="92" WIDTH="640" STYLEREFS="Style_14" WC="1" CC="00000000000"/>
						<SP ID="SP_1.1.37.12" HPOS="2840" VPOS="5832" WIDTH="56"/>
						<String CONTENT="nor" ID="St_1.1.37.13" HPOS="2928" VPOS="5856" HEIGHT="56" WIDTH="168" STYLEREFS="Style_14" WC="1" CC="000"/>
						<SP ID="SP_1.1.37.14" HPOS="3072" VPOS="5840" WIDTH="44"/>
						<String CONTENT="numbered." ID="St_1.1.37.15" HPOS="3144" VPOS="5836" HEIGHT="80" WIDTH="536" STYLEREFS="Style_14" WC="1" CC="000000000"/>
					</TextLine>
					<TextLine ID="TL_1.1.38" HPOS="752" VPOS="5948" HEIGHT="76" WIDTH="396">
						<String CONTENT="Fiction." ID="St_1.1.38.1" HPOS="752" VPOS="5948" HEIGHT="76" WIDTH="396" STYLEREFS="Style_14" WC="1" CC="00000000"/>
					</TextLine>
					<TextLine ID="TL_1.1.39" HPOS="756" VPOS="6048" HEIGHT="84" WIDTH="904">
						<String CONTENT="&quot;Second" ID="St_1.1.39.1" HPOS="756" VPOS="6052" HEIGHT="80" WIDTH="412" STYLEREFS="Style_14" WC="1" CC="0000000"/>
						<SP ID="SP_1.1.39.2" HPOS="1136" VPOS="6048" WIDTH="56"/>
						<String CONTENT="edition.&quot;" ID="St_1.1.39.3" HPOS="1220" VPOS="6048" HEIGHT="80" WIDTH="440" STYLEREFS="Style_14" WC="1" CC="000000000"/>
					</TextLine>
					<TextLine ID="TL_1.1.40" HPOS="752" VPOS="6148" HEIGHT="112" WIDTH="3712">
						<String CONTENT="&quot;Acknowledgment" ID="St_1.1.40.1" HPOS="752" VPOS="6160" HEIGHT="88" WIDTH="940" STYLEREFS="Style_14" WC="1" CC="000000000000000"/>
						<SP ID="SP_1.1.40.2" HPOS="1672" VPOS="6152" WIDTH="48"/>
						<String CONTENT="to" ID="St_1.1.40.3" HPOS="1748" VPOS="6160" HEIGHT="76" WIDTH="96" STYLEREFS="Style_14" WC="1" CC="00"/>
						<SP ID="SP_1.1.40.4" HPOS="1816" VPOS="6160" WIDTH="56"/>
						<String CONTENT="other" ID="St_1.1.40.5" HPOS="1904" VPOS="6160" HEIGHT="76" WIDTH="268" STYLEREFS="Style_14" WC="1" CC="00000"/>
						<SP ID="SP_1.1.40.6" HPOS="2148" VPOS="6156" WIDTH="52"/>
						<String CONTENT="author" ID="St_1.1.40.7" HPOS="2228" VPOS="6156" HEIGHT="76" WIDTH="348" STYLEREFS="Style_14" WC="1" CC="000000"/>
						<String CONTENT="s" ID="St_1.1.40.8" HPOS="2580" VPOS="6176" HEIGHT="60" WIDTH="44" STYLEREFS="Style_14" WC="1" CC="0"/>
						<SP ID="SP_1.1.40.9" HPOS="2600" VPOS="6156" WIDTH="56"/>
						<String CONTENT="and" ID="St_1.1.40.10" HPOS="2684" VPOS="6156" HEIGHT="80" WIDTH="184" STYLEREFS="Style_14" WC="1" CC="000"/>
						<SP ID="SP_1.1.40.11" HPOS="2836" VPOS="6148" WIDTH="60"/>
						<String CONTENT="credit" ID="St_1.1.40.12" HPOS="2928" VPOS="6156" HEIGHT="80" WIDTH="296" STYLEREFS="Style_14" WC="1" CC="000000"/>
						<SP ID="SP_1.1.40.13" HPOS="3204" VPOS="6152" WIDTH="52"/>
						<String CONTENT="for" ID="St_1.1.40.14" HPOS="3284" VPOS="6160" HEIGHT="76" WIDTH="152" STYLEREFS="Style_14" WC="1" CC="000"/>
						<SP ID="SP_1.1.40.15" HPOS="3412" VPOS="6160" WIDTH="52"/>
						<String CONTENT="help" ID="St_1.1.40.16" HPOS="3492" VPOS="6152" HEIGHT="100" WIDTH="216" STYLEREFS="Style_14" WC="0.991111111111111" CC="4000"/>
						<SP ID="SP_1.1.40.17" HPOS="3676" VPOS="6160" WIDTH="60"/>
						<String CONTENT="from" ID="St_1.1.40.18" HPOS="3764" VPOS="6164" HEIGHT="76" WIDTH="244" STYLEREFS="Style_14" WC="0.991111111111111" CC="0000"/>
						<SP ID="SP_1.1.40.19" HPOS="3932" VPOS="6160" WIDTH="104"/>
						<String CONTENT="original" ID="St_1.1.40.20" HPOS="4068" VPOS="6164" HEIGHT="96" WIDTH="396" STYLEREFS="Style_14" WC="0.992222222222222" CC="00000000"/>
					</TextLine>
					<TextLine ID="TL_1.1.41" HPOS="616" VPOS="6264" HEIGHT="96" WIDTH="1104">
						<String CONTENT="sources&quot;:" ID="St_1.1.41.1" HPOS="616" VPOS="6264" HEIGHT="84" WIDTH="484" STYLEREFS="Style_14" WC="1" CC="000000000"/>
						<SP ID="SP_1.1.41.2" HPOS="1092" VPOS="6272" WIDTH="40"/>
						<String CONTENT="p." ID="St_1.1.41.3" HPOS="1160" VPOS="6288" HEIGHT="72" WIDTH="84" STYLEREFS="Style_14" WC="1" CC="00"/>
						<SP ID="SP_1.1.41.4" HPOS="1232" VPOS="6292" WIDTH="40"/>
						<String CONTENT="1" ID="St_1.1.41.5" HPOS="1300" VPOS="6268" HEIGHT="76" WIDTH="44" STYLEREFS="Style_14" WC="1" CC="0"/>
						<String CONTENT="3" ID="St_1.1.41.6" HPOS="1356" VPOS="6268" HEIGHT="76" WIDTH="52" STYLEREFS="Style_14" WC="0.977777777777778" CC="3"/>
						<String CONTENT="9-140." ID="St_1.1.41.7" HPOS="1412" VPOS="6264" HEIGHT="80" WIDTH="308" STYLEREFS="Style_14" WC="0.967777777777778" CC="300000"/>
					</TextLine>
					<TextLine ID="TL_1.1.42" HPOS="620" VPOS="6396" HEIGHT="100" WIDTH="3852">
						<String CONTENT="&#x00A9;" ID="St_1.1.42.1" HPOS="620" VPOS="6400" HEIGHT="88" WIDTH="100" STYLEREFS="Style_14" WC="0.222222222222222" CC="7"/>
						<SP ID="SP_1.1.42.2" HPOS="668" VPOS="6400" WIDTH="80"/>
						<String CONTENT="Oct." ID="St_1.1.42.3" HPOS="776" VPOS="6408" HEIGHT="76" WIDTH="192" STYLEREFS="Style_14" WC="0.87" CC="0000"/>
						<SP ID="SP_1.1.42.4" HPOS="960" VPOS="6440" WIDTH="32"/>
						<String CONTENT="1" ID="St_1.1.42.5" HPOS="1016" VPOS="6408" HEIGHT="72" WIDTH="36" STYLEREFS="Style_14" WC="0.902222222222222" CC="0"/>
						<String CONTENT="5" ID="St_1.1.42.6" HPOS="1072" VPOS="6408" HEIGHT="72" WIDTH="44" STYLEREFS="Style_14" WC="0.851111111111111" CC="5"/>
						<String CONTENT="," ID="St_1.1.42.7" HPOS="1132" VPOS="6464" HEIGHT="32" WIDTH="12" STYLEREFS="Style_14" WC="0.866666666666667" CC="0"/>
						<SP ID="SP_1.1.42.8" HPOS="1136" VPOS="6436" WIDTH="32"/>
						<String CONTENT="1929:" ID="St_1.1.42.9" HPOS="1196" VPOS="6404" HEIGHT="76" WIDTH="268" STYLEREFS="Style_14" WC="0.916666666666667" CC="00000"/>
						<SP ID="SP_1.1.42.10" HPOS="1456" VPOS="6416" WIDTH="36"/>
						<String CONTENT="2c." ID="St_1.1.42.11" HPOS="1516" VPOS="6404" HEIGHT="76" WIDTH="128" STYLEREFS="Style_14" WC="0.933333333333333" CC="000"/>
						<SP ID="SP_1.1.42.12" HPOS="1632" VPOS="6436" WIDTH="36"/>
						<String CONTENT="De" ID="St_1.1.42.13" HPOS="1692" VPOS="6404" HEIGHT="76" WIDTH="136" STYLEREFS="Style_14" WC="0.941111111111111" CC="00"/>
						<String CONTENT="c" ID="St_1.1.42.14" HPOS="1832" VPOS="6416" HEIGHT="64" WIDTH="44" STYLEREFS="Style_14" WC="0.921111111111111" CC="5"/>
						<String CONTENT="." ID="St_1.1.42.15" HPOS="1892" VPOS="6464" HEIGHT="16" WIDTH="16" STYLEREFS="Style_14" WC="0.924444444444444" CC="0"/>
						<SP ID="SP_1.1.42.16" HPOS="1896" VPOS="6436" WIDTH="32"/>
						<String CONTENT="2;" ID="St_1.1.42.17" HPOS="1952" VPOS="6404" HEIGHT="88" WIDTH="100" STYLEREFS="Style_14" WC="0.932222222222222" CC="00"/>
						<SP ID="SP_1.1.42.18" HPOS="2040" VPOS="6416" WIDTH="36"/>
						<String CONTENT="a" ID="St_1.1.42.19" HPOS="2104" VPOS="6420" HEIGHT="56" WIDTH="56" STYLEREFS="Style_14" WC="0.925555555555556" CC="3"/>
						<String CONTENT="ff" ID="St_1.1.42.20" HPOS="2168" VPOS="6400" HEIGHT="76" WIDTH="76" STYLEREFS="Style_14" WC="0.923333333333333" CC="11"/>
						<String CONTENT="." ID="St_1.1.42.21" HPOS="2248" VPOS="6460" HEIGHT="16" WIDTH="16" STYLEREFS="Style_14" WC="0.925555555555556" CC="0"/>
						<SP ID="SP_1.1.42.22" HPOS="2252" VPOS="6436" WIDTH="36"/>
						<String CONTENT="Jan." ID="St_1.1.42.23" HPOS="2312" VPOS="6404" HEIGHT="76" WIDTH="208" STYLEREFS="Style_14" WC="0.935555555555556" CC="0000"/>
						<SP ID="SP_1.1.42.24" HPOS="2512" VPOS="6436" WIDTH="36"/>
						<String CONTENT="21," ID="St_1.1.42.25" HPOS="2572" VPOS="6404" HEIGHT="88" WIDTH="132" STYLEREFS="Style_14" WC="0.941111111111111" CC="000"/>
						<SP ID="SP_1.1.42.26" HPOS="2696" VPOS="6436" WIDTH="36"/>
						<String CONTENT="19" ID="St_1.1.42.27" HPOS="2756" VPOS="6396" HEIGHT="80" WIDTH="112" STYLEREFS="Style_14" WC="0.945555555555556" CC="00"/>
						<String CONTENT="30" ID="St_1.1.42.28" HPOS="2868" VPOS="6400" HEIGHT="76" WIDTH="108" STYLEREFS="Style_14" WC="0.937777777777778" CC="31"/>
						<String CONTENT=";" ID="St_1.1.42.29" HPOS="3000" VPOS="6416" HEIGHT="72" WIDTH="24" STYLEREFS="Style_14" WC="0.93" CC="4"/>
						<SP ID="SP_1.1.42.30" HPOS="3016" VPOS="6416" WIDTH="36"/>
						<String CONTENT="A" ID="St_1.1.42.31" HPOS="3080" VPOS="6404" HEIGHT="72" WIDTH="76" STYLEREFS="Style_14" WC="0.933333333333333" CC="0"/>
						<SP ID="SP_1.1.42.32" HPOS="3116" VPOS="6408" WIDTH="64"/>
						<String CONTENT="18" ID="St_1.1.42.33" HPOS="3204" VPOS="6404" HEIGHT="76" WIDTH="108" STYLEREFS="Style_14" WC="0.936666666666667" CC="00"/>
						<String CONTENT="2" ID="St_1.1.42.34" HPOS="3320" VPOS="6404" HEIGHT="72" WIDTH="48" STYLEREFS="Style_14" WC="0.937777777777778" CC="0"/>
						<String CONTENT="6" ID="St_1.1.42.35" HPOS="3376" VPOS="6404" HEIGHT="76" WIDTH="52" STYLEREFS="Style_14" WC="0.938888888888889" CC="0"/>
						<String CONTENT="6" ID="St_1.1.42.36" HPOS="3432" VPOS="6404" HEIGHT="76" WIDTH="48" STYLEREFS="Style_14" WC="0.932222222222222" CC="4"/>
						<String CONTENT=":" ID="St_1.1.42.37" HPOS="3516" VPOS="6428" HEIGHT="56" WIDTH="16" STYLEREFS="Style_14" WC="0.933333333333333" CC="0"/>
						<SP ID="SP_1.1.42.38" HPOS="3520" VPOS="6420" WIDTH="36"/>
						<String CONTENT="T." ID="St_1.1.42.39" HPOS="3584" VPOS="6404" HEIGHT="80" WIDTH="100" STYLEREFS="Style_14" WC="0.936666666666667" CC="00"/>
						<SP ID="SP_1.1.42.40" HPOS="3676" VPOS="6440" WIDTH="36"/>
						<String CONTENT="W." ID="St_1.1.42.41" HPOS="3744" VPOS="6408" HEIGHT="80" WIDTH="128" STYLEREFS="Style_14" WC="0.928888888888889" CC="51"/>
						<SP ID="SP_1.1.42.42" HPOS="3864" VPOS="6440" WIDTH="32"/>
						<String CONTENT="Hicks." ID="St_1.1.42.43" HPOS="3924" VPOS="6408" HEIGHT="84" WIDTH="320" STYLEREFS="Style_14" WC="0.927777777777778" CC="400000"/>
						<SP ID="SP_1.1.42.44" HPOS="4232" VPOS="6440" WIDTH="36"/>
						<String CONTENT="Los" ID="St_1.1.42.45" HPOS="4296" VPOS="6412" HEIGHT="76" WIDTH="176" STYLEREFS="Style_14" WC="0.923333333333333" CC="411"/>
					</TextLine>
					<TextLine ID="TL_1.1.43" HPOS="748" VPOS="6512" HEIGHT="108" WIDTH="3556">
						<String CONTENT="Angeles." ID="St_1.1.43.1" HPOS="748" VPOS="6516" HEIGHT="92" WIDTH="428" STYLEREFS="Style_14" WC="1" CC="00000000"/>
						<SP ID="SP_1.1.43.2" HPOS="1168" VPOS="6568" WIDTH="76"/>
						<String CONTENT="(30-" ID="St_1.1.43.3" HPOS="1312" VPOS="6512" HEIGHT="92" WIDTH="212" STYLEREFS="Style_14" WC="0.947777777777778" CC="0411"/>
						<String CONTENT="1" ID="St_1.1.43.4" HPOS="1520" VPOS="6540" HEIGHT="72" WIDTH="44" STYLEREFS="Style_14" WC="0.912222222222222" CC="5"/>
						<String CONTENT="92" ID="St_1.1.43.5" HPOS="1580" VPOS="6512" HEIGHT="76" WIDTH="108" STYLEREFS="Style_14" WC="0.908888888888889" CC="11"/>
						<String CONTENT="8" ID="St_1.1.43.6" HPOS="1692" VPOS="6536" HEIGHT="76" WIDTH="56" STYLEREFS="Style_14" WC="0.882222222222222" CC="5"/>
						<String CONTENT="4)" ID="St_1.1.43.7" HPOS="1744" VPOS="6512" HEIGHT="88" WIDTH="108" STYLEREFS="Style_14" WC="0.894444444444444" CC="00"/>
						<SP ID="SP_1.1.43.8" HPOS="1836" VPOS="6532" WIDTH="2240"/>
						<String CONTENT="7563" ID="St_1.1.43.9" HPOS="4076" VPOS="6516" HEIGHT="80" WIDTH="228" STYLEREFS="Style_14" WC="0.702222222222222" CC="0000"/>
					</TextLine>
					<TextLine ID="TL_1.1.44" HPOS="616" VPOS="6720" HEIGHT="128" WIDTH="2512">
						<String CONTENT="Hinton," ID="St_1.1.44.1" HPOS="616" VPOS="6724" HEIGHT="124" WIDTH="464" STYLEREFS="Style_14" WC="1" CC="0000000"/>
						<SP ID="SP_1.1.44.2" HPOS="1068" VPOS="6760" WIDTH="44"/>
						<String CONTENT="Edward" ID="St_1.1.44.3" HPOS="1144" VPOS="6720" HEIGHT="104" WIDTH="488" STYLEREFS="Style_14" WC="1" CC="000000"/>
						<SP ID="SP_1.1.44.4" HPOS="1600" VPOS="6720" WIDTH="64"/>
						<String CONTENT="Wilcox," ID="St_1.1.44.5" HPOS="1696" VPOS="6720" HEIGHT="120" WIDTH="464" STYLEREFS="Style_14" WC="1" CC="0000000"/>
						<SP ID="SP_1.1.44.6" HPOS="2144" VPOS="6760" WIDTH="48"/>
						<String CONTENT="1868-" ID="St_1.1.44.7" HPOS="2228" VPOS="6728" HEIGHT="96" WIDTH="328" STYLEREFS="Style_14" WC="0.983333333333333" CC="00400"/>
						<SP ID="SP_1.1.44.8" HPOS="2520" VPOS="6724" WIDTH="444"/>
						<String CONTENT="ed." ID="St_1.1.44.9" HPOS="2964" VPOS="6728" HEIGHT="100" WIDTH="164" STYLEREFS="Style_15" WC="0.883333333333333" CC="000"/>
					</TextLine>
					<TextLine ID="TL_1.1.45" HPOS="752" VPOS="6860" HEIGHT="136" WIDTH="3704">
						<String CONTENT="A" ID="St_1.1.45.1" HPOS="752" VPOS="6872" HEIGHT="96" WIDTH="104" STYLEREFS="Style_15" WC="1" CC="0"/>
						<SP ID="SP_1.1.45.2" HPOS="800" VPOS="6868" WIDTH="92"/>
						<String CONTENT="se" ID="St_1.1.45.3" HPOS="932" VPOS="6904" HEIGHT="64" WIDTH="108" STYLEREFS="Style_15" WC="1" CC="00"/>
						<String CONTENT="l" ID="St_1.1.45.4" HPOS="1040" VPOS="6868" HEIGHT="100" WIDTH="40" STYLEREFS="Style_15" WC="1" CC="0"/>
						<String CONTENT="ection" ID="St_1.1.45.5" HPOS="1088" VPOS="6864" HEIGHT="104" WIDTH="348" STYLEREFS="Style_15" WC="1" CC="000000"/>
						<SP ID="SP_1.1.45.6" HPOS="1400" VPOS="6884" WIDTH="76"/>
						<String CONTENT="of" ID="St_1.1.45.7" HPOS="1516" VPOS="6864" HEIGHT="104" WIDTH="124" STYLEREFS="Style_15" WC="1" CC="00"/>
						<SP ID="SP_1.1.45.8" HPOS="1612" VPOS="6864" WIDTH="64"/>
						<String CONTENT="cases" ID="St_1.1.45.9" HPOS="1716" VPOS="6900" HEIGHT="68" WIDTH="284" STYLEREFS="Style_15" WC="1" CC="00000"/>
						<SP ID="SP_1.1.45.10" HPOS="1976" VPOS="6888" WIDTH="64"/>
						<String CONTENT="on" ID="St_1.1.45.11" HPOS="2084" VPOS="6896" HEIGHT="68" WIDTH="136" STYLEREFS="Style_15" WC="1" CC="00"/>
						<SP ID="SP_1.1.45.12" HPOS="2180" VPOS="6880" WIDTH="76"/>
						<String CONTENT="t" ID="St_1.1.45.13" HPOS="2296" VPOS="6876" HEIGHT="88" WIDTH="36" STYLEREFS="Style_15" WC="1" CC="0"/>
						<String CONTENT="rial" ID="St_1.1.45.14" HPOS="2348" VPOS="6860" HEIGHT="108" WIDTH="208" STYLEREFS="Style_15" WC="1" CC="0000"/>
						<SP ID="SP_1.1.45.15" HPOS="2532" VPOS="6868" WIDTH="64"/>
						<String CONTENT="practice" ID="St_1.1.45.16" HPOS="2636" VPOS="6864" HEIGHT="132" WIDTH="480" STYLEREFS="Style_15" WC="1" CC="00000000"/>
						<SP ID="SP_1.1.45.17" HPOS="3088" VPOS="6884" WIDTH="68"/>
						<String CONTENT="at" ID="St_1.1.45.18" HPOS="3196" VPOS="6884" HEIGHT="88" WIDTH="112" STYLEREFS="Style_15" WC="1" CC="00"/>
						<SP ID="SP_1.1.45.19" HPOS="3284" VPOS="6876" WIDTH="64"/>
						<String CONTENT="common" ID="St_1.1.45.20" HPOS="3392" VPOS="6904" HEIGHT="68" WIDTH="484" STYLEREFS="Style_15" WC="0.985555555555556" CC="003300"/>
						<SP ID="SP_1.1.45.21" HPOS="3840" VPOS="6888" WIDTH="80"/>
						<String CONTENT="l" ID="St_1.1.45.22" HPOS="3960" VPOS="6872" HEIGHT="96" WIDTH="24" STYLEREFS="Style_15" WC="0.986666666666667" CC="0"/>
						<String CONTENT="aw" ID="St_1.1.45.23" HPOS="4004" VPOS="6908" HEIGHT="64" WIDTH="160" STYLEREFS="Style_15" WC="0.986666666666667" CC="00"/>
						<SP ID="SP_1.1.45.24" HPOS="4116" VPOS="6888" WIDTH="92"/>
						<String CONTENT="an" ID="St_1.1.45.25" HPOS="4252" VPOS="6912" HEIGHT="60" WIDTH="128" STYLEREFS="Style_15" WC="0.987777777777778" CC="00"/>
						<String CONTENT="d" ID="St_1.1.45.26" HPOS="4400" VPOS="6880" HEIGHT="92" WIDTH="56" STYLEREFS="Style_15" WC="0.98" CC="4"/>
					</TextLine>
					<TextLine ID="TL_1.1.46" HPOS="616" VPOS="7012" HEIGHT="140" WIDTH="3840">
						<String CONTENT="under" ID="St_1.1.46.1" HPOS="616" VPOS="7020" HEIGHT="100" WIDTH="340" STYLEREFS="Style_15" WC="1" CC="00000"/>
						<SP ID="SP_1.1.46.2" HPOS="928" VPOS="7036" WIDTH="60"/>
						<String CONTENT="modern" ID="St_1.1.46.3" HPOS="1012" VPOS="7016" HEIGHT="100" WIDTH="444" STYLEREFS="Style_15" WC="1" CC="000000"/>
						<SP ID="SP_1.1.46.4" HPOS="1420" VPOS="7032" WIDTH="64"/>
						<String CONTENT="statutes," ID="St_1.1.46.5" HPOS="1512" VPOS="7028" HEIGHT="112" WIDTH="484" STYLEREFS="Style_15" WC="1" CC="000000000"/>
						<SP ID="SP_1.1.46.6" HPOS="1984" VPOS="7052" WIDTH="44"/>
						<String CONTENT="collected" ID="St_1.1.46.7" HPOS="2056" VPOS="7012" HEIGHT="104" WIDTH="516" STYLEREFS="Style_15" WC="1" CC="000000000"/>
						<SP ID="SP_1.1.46.8" HPOS="2536" VPOS="7012" WIDTH="64"/>
						<String CONTENT="and" ID="St_1.1.46.9" HPOS="2628" VPOS="7012" HEIGHT="104" WIDTH="212" STYLEREFS="Style_15" WC="1" CC="000"/>
						<SP ID="SP_1.1.46.10" HPOS="2804" VPOS="7012" WIDTH="64"/>
						<String CONTENT="annotated" ID="St_1.1.46.11" HPOS="2904" VPOS="7016" HEIGHT="100" WIDTH="584" STYLEREFS="Style_15" WC="1" CC="000000000"/>
						<SP ID="SP_1.1.46.12" HPOS="3452" VPOS="7012" WIDTH="64"/>
						<String CONTENT="by" ID="St_1.1.46.13" HPOS="3548" VPOS="7020" HEIGHT="132" WIDTH="136" STYLEREFS="Style_15" WC="1" CC="00"/>
						<SP ID="SP_1.1.46.14" HPOS="3648" VPOS="7036" WIDTH="68"/>
						<String CONTENT="Edward" ID="St_1.1.46.15" HPOS="3744" VPOS="7020" HEIGHT="104" WIDTH="488" STYLEREFS="Style_15" WC="1" CC="000000"/>
						<SP ID="SP_1.1.46.16" HPOS="4196" VPOS="7020" WIDTH="72"/>
						<String CONTENT="WV." ID="St_1.1.46.17" HPOS="4304" VPOS="7012" HEIGHT="116" WIDTH="152" STYLEREFS="Style_15" WC="0.972222222222222" CC="771"/>
					</TextLine>
					<TextLine ID="TL_1.1.47" HPOS="616" VPOS="7160" HEIGHT="144" WIDTH="3844">
						<String CONTENT="Hinton" ID="St_1.1.47.1" HPOS="616" VPOS="7164" HEIGHT="104" WIDTH="424" STYLEREFS="Style_15" WC="1" CC="000000"/>
						<SP ID="SP_1.1.47.2" HPOS="1004" VPOS="7180" WIDTH="68"/>
						<String CONTENT="&#x2026;" ID="St_1.1.47.3" HPOS="1108" VPOS="7176" HEIGHT="104" WIDTH="68" STYLEREFS="Style_15" WC="1" CC="0"/>
						<SP ID="SP_1.1.47.4" HPOS="1204" VPOS="7228" WIDTH="84"/>
						<String CONTENT="2" ID="St_1.1.47.5" HPOS="1364" VPOS="7172" HEIGHT="92" WIDTH="60" STYLEREFS="Style_15" WC="1" CC="0"/>
						<String CONTENT="d" ID="St_1.1.47.6" HPOS="1436" VPOS="7164" HEIGHT="96" WIDTH="68" STYLEREFS="Style_15" WC="1" CC="0"/>
						<SP ID="SP_1.1.47.7" HPOS="1468" VPOS="7164" WIDTH="64"/>
						<String CONTENT="e" ID="St_1.1.47.8" HPOS="1556" VPOS="7196" HEIGHT="64" WIDTH="52" STYLEREFS="Style_15" WC="1" CC="0"/>
						<String CONTENT="d." ID="St_1.1.47.9" HPOS="1616" VPOS="7160" HEIGHT="104" WIDTH="100" STYLEREFS="Style_15" WC="1" CC="00"/>
						<SP ID="SP_1.1.47.10" HPOS="1704" VPOS="7204" WIDTH="44"/>
						<String CONTENT="&#x2026;" ID="St_1.1.47.11" HPOS="1832" VPOS="7176" HEIGHT="104" WIDTH="68" STYLEREFS="Style_15" WC="0.973333333333333" CC="0"/>
						<SP ID="SP_1.1.47.12" HPOS="1880" VPOS="7228" WIDTH="88"/>
						<String CONTENT="Chicago," ID="St_1.1.47.13" HPOS="2044" VPOS="7160" HEIGHT="132" WIDTH="516" STYLEREFS="Style_15" WC="0.982222222222222" CC="00000000"/>
						<SP ID="SP_1.1.47.14" HPOS="2548" VPOS="7204" WIDTH="36"/>
						<String CONTENT="Ca" ID="St_1.1.47.15" HPOS="2612" VPOS="7160" HEIGHT="108" WIDTH="160" STYLEREFS="Style_15" WC="0.984444444444444" CC="00"/>
						<String CONTENT="ll" ID="St_1.1.47.16" HPOS="2780" VPOS="7160" HEIGHT="100" WIDTH="76" STYLEREFS="Style_15" WC="0.985555555555556" CC="00"/>
						<String CONTENT="aghan" ID="St_1.1.47.17" HPOS="2868" VPOS="7164" HEIGHT="128" WIDTH="360" STYLEREFS="Style_15" WC="0.986666666666667" CC="00000"/>
						<SP ID="SP_1.1.47.18" HPOS="3188" VPOS="7180" WIDTH="64"/>
						<String CONTENT="and" ID="St_1.1.47.19" HPOS="3280" VPOS="7164" HEIGHT="104" WIDTH="220" STYLEREFS="Style_15" WC="0.988888888888889" CC="000"/>
						<SP ID="SP_1.1.47.20" HPOS="3460" VPOS="7164" WIDTH="64"/>
						<String CONTENT="company," ID="St_1.1.47.21" HPOS="3548" VPOS="7204" HEIGHT="100" WIDTH="568" STYLEREFS="Style_15" WC="0.981111111111111" CC="00400000"/>
						<SP ID="SP_1.1.47.22" HPOS="4104" VPOS="7208" WIDTH="40"/>
						<String CONTENT="1" ID="St_1.1.47.23" HPOS="4176" VPOS="7184" HEIGHT="88" WIDTH="48" STYLEREFS="Style_15" WC="0.982222222222222" CC="0"/>
						<String CONTENT="9" ID="St_1.1.47.24" HPOS="4236" VPOS="7184" HEIGHT="88" WIDTH="60" STYLEREFS="Style_15" WC="0.982222222222222" CC="0"/>
						<String CONTENT="3" ID="St_1.1.47.25" HPOS="4304" VPOS="7184" HEIGHT="92" WIDTH="56" STYLEREFS="Style_15" WC="0.974444444444444" CC="4"/>
						<String CONTENT="0" ID="St_1.1.47.26" HPOS="4372" VPOS="7184" HEIGHT="92" WIDTH="60" STYLEREFS="Style_15" WC="0.972222222222222" CC="1"/>
						<String CONTENT="." ID="St_1.1.47.27" HPOS="4440" VPOS="7260" HEIGHT="16" WIDTH="20" STYLEREFS="Style_15" WC="0.971111111111111" CC="1"/>
					</TextLine>
					<TextLine ID="TL_1.1.48" HPOS="752" VPOS="7312" HEIGHT="112" WIDTH="3708">
						<String CONTENT="xxi," ID="St_1.1.48.1" HPOS="752" VPOS="7328" HEIGHT="84" WIDTH="188" STYLEREFS="Style_15" WC="1" CC="0000"/>
						<SP ID="SP_1.1.48.2" HPOS="932" VPOS="7348" WIDTH="40"/>
						<String CONTENT="6" ID="St_1.1.48.3" HPOS="1004" VPOS="7328" HEIGHT="76" WIDTH="52" STYLEREFS="Style_15" WC="1" CC="0"/>
						<String CONTENT="3" ID="St_1.1.48.4" HPOS="1060" VPOS="7328" HEIGHT="76" WIDTH="52" STYLEREFS="Style_15" WC="0.935555555555556" CC="4"/>
						<String CONTENT="2" ID="St_1.1.48.5" HPOS="1120" VPOS="7328" HEIGHT="72" WIDTH="48" STYLEREFS="Style_15" WC="0.944444444444444" CC="0"/>
						<SP ID="SP_1.1.48.6" HPOS="1140" VPOS="7316" WIDTH="60"/>
						<String CONTENT="p." ID="St_1.1.48.7" HPOS="1228" VPOS="7344" HEIGHT="72" WIDTH="84" STYLEREFS="Style_15" WC="0.958888888888889" CC="00"/>
						<SP ID="SP_1.1.48.8" HPOS="1300" VPOS="7344" WIDTH="68"/>
						<String CONTENT="26&quot;." ID="St_1.1.48.9" HPOS="1424" VPOS="7324" HEIGHT="76" WIDTH="224" STYLEREFS="Style_15" WC="0.916666666666667" CC="0044"/>
						<SP ID="SP_1.1.48.10" HPOS="1644" VPOS="7344" WIDTH="76"/>
						<String CONTENT="(National" ID="St_1.1.48.11" HPOS="1788" VPOS="7312" HEIGHT="104" WIDTH="488" STYLEREFS="Style_15" WC="0.922222222222222" CC="140000000"/>
						<SP ID="SP_1.1.48.12" HPOS="2260" VPOS="7312" WIDTH="48"/>
						<String CONTENT="casebook" ID="St_1.1.48.13" HPOS="2336" VPOS="7320" HEIGHT="80" WIDTH="448" STYLEREFS="Style_15" WC="0.942222222222222" CC="00000000"/>
						<SP ID="SP_1.1.48.14" HPOS="2752" VPOS="7316" WIDTH="60"/>
						<String CONTENT="series;" ID="St_1.1.48.15" HPOS="2848" VPOS="7320" HEIGHT="96" WIDTH="340" STYLEREFS="Style_15" WC="0.953333333333333" CC="0000000"/>
						<SP ID="SP_1.1.48.16" HPOS="3176" VPOS="7324" WIDTH="48"/>
						<String CONTENT="E" ID="St_1.1.48.17" HPOS="3260" VPOS="7328" HEIGHT="72" WIDTH="72" STYLEREFS="Style_15" WC="0.945555555555556" CC="4"/>
						<String CONTENT="." ID="St_1.1.48.18" HPOS="3340" VPOS="7392" HEIGHT="16" WIDTH="16" STYLEREFS="Style_15" WC="0.944444444444444" CC="1"/>
						<SP ID="SP_1.1.48.19" HPOS="3348" VPOS="7348" WIDTH="40"/>
						<String CONTENT="M." ID="St_1.1.48.20" HPOS="3424" VPOS="7328" HEIGHT="76" WIDTH="116" STYLEREFS="Style_15" WC="0.945555555555556" CC="00"/>
						<SP ID="SP_1.1.48.21" HPOS="3528" VPOS="7348" WIDTH="44"/>
						<String CONTENT="Morgan," ID="St_1.1.48.22" HPOS="3612" VPOS="7332" HEIGHT="92" WIDTH="416" STYLEREFS="Style_15" WC="0.952222222222222" CC="0000000"/>
						<SP ID="SP_1.1.48.23" HPOS="4016" VPOS="7348" WIDTH="44"/>
						<String CONTENT="gener" ID="St_1.1.48.24" HPOS="4092" VPOS="7352" HEIGHT="72" WIDTH="276" STYLEREFS="Style_15" WC="0.956666666666667" CC="00000"/>
						<String CONTENT="al" ID="St_1.1.48.25" HPOS="4376" VPOS="7340" HEIGHT="76" WIDTH="84" STYLEREFS="Style_15" WC="0.958888888888889" CC="00"/>
					</TextLine>
					<TextLine ID="TL_1.1.49" HPOS="616" VPOS="7436" HEIGHT="92" WIDTH="344">
						<String CONTENT="editor)" ID="St_1.1.49.1" HPOS="616" VPOS="7436" HEIGHT="92" WIDTH="344" STYLEREFS="Style_15" WC="1" CC="0000000"/>
					</TextLine>
					<TextLine ID="TL_1.1.50" HPOS="632" VPOS="7560" HEIGHT="104" WIDTH="3296">
						<String CONTENT="&#x00A9;" ID="St_1.1.50.1" HPOS="632" VPOS="7560" HEIGHT="88" WIDTH="88" STYLEREFS="Style_15" WC="0.222222222222222" CC="7"/>
						<SP ID="SP_1.1.50.2" HPOS="672" VPOS="7560" WIDTH="76"/>
						<String CONTENT="July" ID="St_1.1.50.3" HPOS="772" VPOS="7572" HEIGHT="92" WIDTH="224" STYLEREFS="Style_15" WC="0.795555555555556" CC="0000"/>
						<SP ID="SP_1.1.50.4" HPOS="968" VPOS="7588" WIDTH="52"/>
						<String CONTENT="1" ID="St_1.1.50.5" HPOS="1044" VPOS="7576" HEIGHT="68" WIDTH="48" STYLEREFS="Style_15" WC="0.805555555555556" CC="3"/>
						<String CONTENT="5" ID="St_1.1.50.6" HPOS="1096" VPOS="7576" HEIGHT="68" WIDTH="52" STYLEREFS="Style_15" WC="0.777777777777778" CC="4"/>
						<String CONTENT="," ID="St_1.1.50.7" HPOS="1156" VPOS="7628" HEIGHT="28" WIDTH="16" STYLEREFS="Style_15" WC="0.8" CC="0"/>
						<SP ID="SP_1.1.50.8" HPOS="1164" VPOS="7604" WIDTH="28"/>
						<String CONTENT="19" ID="St_1.1.50.9" HPOS="1216" VPOS="7568" HEIGHT="76" WIDTH="108" STYLEREFS="Style_15" WC="0.845555555555556" CC="00"/>
						<String CONTENT="30" ID="St_1.1.50.10" HPOS="1328" VPOS="7568" HEIGHT="76" WIDTH="112" STYLEREFS="Style_15" WC="0.836666666666667" CC="31"/>
						<String CONTENT=";" ID="St_1.1.50.11" HPOS="1468" VPOS="7588" HEIGHT="72" WIDTH="20" STYLEREFS="Style_15" WC="0.84" CC="1"/>
						<SP ID="SP_1.1.50.12" HPOS="1476" VPOS="7584" WIDTH="40"/>
						<String CONTENT="2" ID="St_1.1.50.13" HPOS="1540" VPOS="7568" HEIGHT="76" WIDTH="52" STYLEREFS="Style_15" WC="0.826666666666667" CC="4"/>
						<String CONTENT="e" ID="St_1.1.50.14" HPOS="1588" VPOS="7588" HEIGHT="56" WIDTH="52" STYLEREFS="Style_15" WC="0.788888888888889" CC="8"/>
						<String CONTENT="." ID="St_1.1.50.15" HPOS="1652" VPOS="7628" HEIGHT="16" WIDTH="16" STYLEREFS="Style_15" WC="0.8" CC="0"/>
						<SP ID="SP_1.1.50.16" HPOS="1656" VPOS="7604" WIDTH="32"/>
						<String CONTENT="and" ID="St_1.1.50.17" HPOS="1712" VPOS="7568" HEIGHT="76" WIDTH="188" STYLEREFS="Style_15" WC="0.833333333333333" CC="000"/>
						<SP ID="SP_1.1.50.18" HPOS="1868" VPOS="7576" WIDTH="52"/>
						<String CONTENT="a" ID="St_1.1.50.19" HPOS="1940" VPOS="7584" HEIGHT="60" WIDTH="56" STYLEREFS="Style_15" WC="0.833333333333333" CC="3"/>
						<String CONTENT="f" ID="St_1.1.50.20" HPOS="2000" VPOS="7564" HEIGHT="76" WIDTH="40" STYLEREFS="Style_15" WC="0.834444444444444" CC="1"/>
						<String CONTENT="f" ID="St_1.1.50.21" HPOS="2040" VPOS="7564" HEIGHT="76" WIDTH="36" STYLEREFS="Style_15" WC="0.836666666666667" CC="1"/>
						<String CONTENT="." ID="St_1.1.50.22" HPOS="2084" VPOS="7628" HEIGHT="16" WIDTH="12" STYLEREFS="Style_15" WC="0.842222222222222" CC="0"/>
						<SP ID="SP_1.1.50.23" HPOS="2088" VPOS="7604" WIDTH="32"/>
						<String CONTENT="July" ID="St_1.1.50.24" HPOS="2144" VPOS="7564" HEIGHT="92" WIDTH="224" STYLEREFS="Style_15" WC="0.865555555555556" CC="0000"/>
						<SP ID="SP_1.1.50.25" HPOS="2336" VPOS="7584" WIDTH="52"/>
						<String CONTENT="18;" ID="St_1.1.50.26" HPOS="2412" VPOS="7568" HEIGHT="88" WIDTH="156" STYLEREFS="Style_15" WC="0.88" CC="000"/>
						<SP ID="SP_1.1.50.27" HPOS="2560" VPOS="7584" WIDTH="36"/>
						<String CONTENT="A" ID="St_1.1.50.28" HPOS="2624" VPOS="7568" HEIGHT="72" WIDTH="76" STYLEREFS="Style_15" WC="0.885555555555556" CC="0"/>
						<SP ID="SP_1.1.50.29" HPOS="2660" VPOS="7576" WIDTH="64"/>
						<String CONTENT="2" ID="St_1.1.50.30" HPOS="2744" VPOS="7568" HEIGHT="72" WIDTH="52" STYLEREFS="Style_15" WC="0.891111111111111" CC="0"/>
						<String CONTENT="6" ID="St_1.1.50.31" HPOS="2800" VPOS="7568" HEIGHT="72" WIDTH="48" STYLEREFS="Style_15" WC="0.883333333333333" CC="4"/>
						<String CONTENT="223:" ID="St_1.1.50.32" HPOS="2856" VPOS="7568" HEIGHT="80" WIDTH="216" STYLEREFS="Style_15" WC="0.893333333333333" CC="0000"/>
						<SP ID="SP_1.1.50.33" HPOS="3060" VPOS="7584" WIDTH="36"/>
						<String CONTENT="C" ID="St_1.1.50.34" HPOS="3124" VPOS="7568" HEIGHT="72" WIDTH="64" STYLEREFS="Style_15" WC="0.888888888888889" CC="4"/>
						<String CONTENT="al" ID="St_1.1.50.35" HPOS="3200" VPOS="7572" HEIGHT="72" WIDTH="88" STYLEREFS="Style_15" WC="0.892222222222222" CC="00"/>
						<String CONTENT="l" ID="St_1.1.50.36" HPOS="3300" VPOS="7572" HEIGHT="72" WIDTH="20" STYLEREFS="Style_15" WC="0.894444444444444" CC="0"/>
						<String CONTENT="aghan" ID="St_1.1.50.37" HPOS="3336" VPOS="7572" HEIGHT="88" WIDTH="308" STYLEREFS="Style_15" WC="0.904444444444445" CC="00000"/>
						<SP ID="SP_1.1.50.38" HPOS="3612" VPOS="7588" WIDTH="52"/>
						<String CONTENT="&amp;" ID="St_1.1.50.39" HPOS="3688" VPOS="7576" HEIGHT="72" WIDTH="64" STYLEREFS="Style_15" WC="0.9" CC="4"/>
						<SP ID="SP_1.1.50.40" HPOS="3716" VPOS="7576" WIDTH="60"/>
						<String CONTENT="co." ID="St_1.1.50.41" HPOS="3800" VPOS="7596" HEIGHT="56" WIDTH="128" STYLEREFS="Style_15" WC="0.905555555555556" CC="000"/>
					</TextLine>
					<TextLine ID="TL_1.1.51" HPOS="772" VPOS="7672" HEIGHT="104" WIDTH="3532">
						<String CONTENT="(" ID="St_1.1.51.1" HPOS="772" VPOS="7680" HEIGHT="96" WIDTH="28" STYLEREFS="Style_15" WC="0.888888888888889" CC="1"/>
						<String CONTENT="3" ID="St_1.1.51.2" HPOS="816" VPOS="7680" HEIGHT="80" WIDTH="52" STYLEREFS="Style_15" WC="0.777777777777778" CC="3"/>
						<String CONTENT="0-19162)" ID="St_1.1.51.3" HPOS="872" VPOS="7676" HEIGHT="96" WIDTH="440" STYLEREFS="Style_15" WC="0.955555555555556" CC="00000000"/>
						<SP ID="SP_1.1.51.4" HPOS="1296" VPOS="7672" WIDTH="2780"/>
						<String CONTENT="7564" ID="St_1.1.51.5" HPOS="4076" VPOS="7680" HEIGHT="84" WIDTH="228" STYLEREFS="Style_15" WC="0.66" CC="0000"/>
					</TextLine>
					<TextLine ID="TL_1.1.52" HPOS="2420" VPOS="7776" HEIGHT="100" WIDTH="260">
						<String CONTENT="1156" ID="St_1.1.52.1" HPOS="2420" VPOS="7776" HEIGHT="100" WIDTH="260" STYLEREFS="Style_15" WC="1" CC="0000"/>
					</TextLine>
				</TextBlock>
			</PrintSpace>
		</Page>
	</Layout>
</alto>
