4800 8268
2116 7676 192 112 703

336 688 428 120 Hardy,
832 692 64 96 3
896 704 112 76 m
1080 772 16 16 .
1168 688 532 100 Florence
1768 688 380 124 Emily
2228 688 1424 128 (Dugdale)-Continued

472 844 124 92 xi,
652 844 168 76 289
868 864 80 72 p.
1056 844 316 96 front.,
1428 848 328 92 plates,
1812 848 316 92 ports.,
2180 844 448 96 facsims.,
2684 848 344 96 diagrs.
3136 844 288 88 24½ͨͫ.

476 976 248 84 "The
788 980 380 92 present
1236 980 364 76 volume
1664 980 300 76 forms
2036 980 156 80 the
2264 984 336 76 second
2672 984 188 76 and
2928 984 552 96 concluding
3548 992 216 88 part
3840 1024 24 36 .
3876 1048 56 16 ..
4008 992 164 76 the

336 1088 212 80 first
596 1092 216 88 part
860 1088 272 92 being
1188 1088 220 76 'The
1460 1084 260 96 early
1772 1088 168 76 life
1996 1088 96 80 of
2144 1092 408 76 Thomas
2604 1092 388 96 Hardy',
3048 1096 496 92 published
3592 1096 120 84 in.
3748 1088 380 84 1928."-

336 1200 56 76 P
392 1220 24 48 .
488 1220 84 72 [v
572 1220 24 56 ]

344 1324 96 96 ©
488 1332 220 92 Apr.
752 1332 56 76 2
812 1332 52 76 5
868 1392 20 32 ,
936 1332 272 92 1930;
1256 1332 132 80 2c.
1436 1336 180 76 and
1668 1352 52 56 a
1728 1332 100 80 ff.
1872 1336 220 92 Apr.
2140 1336 156 88 26;
2348 1336 80 76 A
2476 1336 324 80 23070:
2860 1336 100 84 F.
3012 1340 100 76 E.
3164 1340 356 96 Hardy,
3572 1340 592 96 Dorchester,

476 1440 364 92 Dorset,
896 1444 452 92 England.
1480 1444 540 96 (30-11943)
3772 1444 264 84 4648.

336 1616 496 128 Hebard,
896 1620 356 104 Grace
1312 1624 636 124 Raymond,
2016 1636 320 96 1861-

460 1768 648 132 Washakie;
1192 1804 144 68 an
1408 1784 452 92 account
1936 1772 124 104 of
2124 1772 412 104 Indian
2608 1776 588 104 resistance
3264 1780 124 100 of
3460 1780 184 100 the
3716 1788 456 100 covered

328 1952 384 96 wagon
772 1924 220 100 and
1044 1916 376 108 Union
1472 1920 408 104 Pacific
1936 1920 484 104 railroad
2480 1924 556 104 invasions
3088 1928 124 100 of
3264 1928 292 100 their
3604 1928 564 136 territory,

328 2068 144 132 by
556 2068 348 104 Grace
988 2072 584 128 Raymond
1656 2068 456 108 Hebard
2204 2156 108 20 ...
2468 2072 632 136 Cleveland,
3184 2076 232 100 The
3500 2076 432 104 Arthur
4016 2080 152 104 H.

328 2216 340 108 Clark
716 2252 572 96 company,
1348 2228 288 96 1930.

460 2372 108 80 33
572 2376 52 76 7
684 2396 84 72 p.
832 2372 28 76 i
868 2396 60 56 n
932 2376 84 76 cl
1024 2436 16 16 .
1100 2372 320 96 front.,
1476 2380 332 88 plates,
1864 2380 316 88 ports.,
2248 2396 268 72 maps
2564 2372 264 96 (part
2884 2376 276 92 fold.)
3292 2380 108 76 24
3416 2368 56 76 ½ͨͫ
3556 2440 20 24 .

464 2504 728 96 "Bibliography
1240 2508 100 80 of
1388 2508 528 80 references
1964 2508 356 80 cited":
2372 2532 84 72 p.
2512 2508 196 100 [315
2712 2548 20 60 ]
2740 2512 252 76 -337.

340 2636 96 96 ©
488 2644 220 96 Apr.
760 2644 132 96 18,
944 2644 272 92 1930;
1268 2644 52 76 2
1324 2660 44 64 c
1384 2704 16 20 .
1452 2648 188 72 and
1688 2644 160 80 aff.
1900 2644 216 92 Apr.
2168 2644 160 92 21;
2384 2648 80 72 A
2512 2644 328 96 22267;
2900 2648 360 76 Arthur
3312 2648 120 80 H.
3488 2648 284 80 Clark
3824 2668 132 60 co.

492 2752 536 96 (30-11367)
3776 2752 236 88 4649

332 2932 324 128 Held,
716 2936 336 124 John,
1120 2944 328 96 1889-

460 3088 320 108 Grim
856 3088 380 132 youth,
1312 3084 144 136 by
1536 3088 304 108 John
1924 3084 328 132 Held,
2336 3084 172 136 jr.,
2592 3088 272 100 with
2944 3088 732 104 illustrations
3756 3088 144 136 by
3988 3092 184 104 the

340 3240 424 100 author.
908 3240 268 100 New
1236 3236 348 136 York,
1640 3236 232 104 The
1932 3236 612 132 Vanguard
2600 3272 300 96 press
2964 3244 368 104 [ͨ1930]

456 3416 88 68 x,
600 3392 172 80 209
820 3416 76 72 p.
956 3392 32 76 i
992 3412 116 60 nc
1108 3396 32 72 l
1152 3452 16 20 .
1220 3392 316 92 front.,
1592 3396 332 88 plates.
2036 3392 228 80 20ͨͫ.

340 3496 96 96 ©
496 3508 216 88 Apr.
772 3508 132 88 17,
964 3500 268 96 1930;
1292 3504 108 76 le
1408 3564 12 16 .
1484 3500 216 96 Apr.
1760 3500 160 92 24;
1984 3500 128 84 lc.
2172 3500 220 96 Apr.
2452 3500 156 92 29;
2672 3500 160 80 aff.
2896 3504 220 92 Apr.
3172 3504 160 92 26;
3396 3500 84 80 A
3532 3504 220 80 2311
3760 3504 52 76 5
3844 3524 16 72 ;
3928 3508 240 76 Van-

472 3616 300 92 guard
820 3632 288 76 press,
1168 3612 172 84 inc.
1468 3608 544 100 (30-11850)
3772 3608 240 84 4650

328 3796 500 124 Hernan,
884 3792 492 104 William
1436 3796 424 120 James,
1928 3800 332 96 1868-

464 3944 404 108 "What
928 3980 216 96 you
1208 3952 296 96 want
1564 3956 112 92 to
1736 3980 196 96 say
1996 3948 216 100 and
2272 3944 244 104 how
2580 3956 112 92 to
2752 3980 196 104 say
3008 3944 156 104 it"
3224 3944 116 104 in
3400 3944 448 104 Italian.
3996 3952 176 128 By

324 4100 172 104 W.
548 4100 108 104 J.
708 4096 492 104 Hernan.
1320 4096 188 100 7th
1560 4096 332 100 ed....
2020 4096 496 132 London,
2572 4096 132 104 G.
2756 4096 492 132 Newnes,
3296 4100 36 96 l
3340 4096 196 100 imi
3544 4104 44 92 t
3596 4100 128 100 ed
3784 4140 40 68 [
3832 4120 52 68 ͨ
3868 4100 284 108 1930]

460 4248 112 80 96
628 4272 84 72 p.
824 4244 52 76 1
880 4244 56 80 3
936 4244 112 80 ͨͫ;.

460 4360 308 76 Blank
820 4376 280 72 pages
1156 4356 156 76 for
1364 4352 716 80 "Memoranda"
2156 4352 272 96 (93-9
2432 4356 56 76 6
2500 4352 28 96 )

340 4460 96 96 ©
508 4472 124 80 1c.
704 4472 216 88 Apr.
988 4468 136 92 22,
1192 4468 268 88 1930;
1532 4468 80 72 A
1676 4468 124 76 ad
1868 4468 96 76 in
1972 4468 36 76 t
2016 4528 16 16 .
2104 4468 324 88 13803;
2500 4468 276 88 pubd.
2848 4468 236 76 Mar.
3152 4468 52 76 2
3212 4468 48 76 5
3292 4488 20 72 ;
3388 4468 136 80 W.
3596 4468 84 80 J.
3748 4468 420 96 Hernan,

468 4576 300 84 Paris.
892 4616 16 56 [
920 4560 96 96 ©
1084 4576 456 76 revisions
1600 4580 184 72 and
1848 4576 476 76 additions
2380 4576 100 76 of
2544 4580 92 72 te
2640 4580 112 72 xt
2804 4596 92 56 m
2908 4600 52 52 a
2968 4580 84 72 tt
3056 4596 96 56 er]

484 4688 540 96 (30-13268)
3772 4684 232 84 4651

336 4868 496 120 Holmes,
892 4864 592 104 Fenwicke
1544 4864 536 124 Lindsay,
2144 4876 328 96 1883-

452 5012 392 136 Lyrics
892 5020 120 100 of
1060 5012 204 104 life
1312 5016 220 100 and
1576 5012 276 132 love,
1896 5016 148 132 by
2092 5012 576 104 Fenwicke
2716 5020 124 100 L.
2888 5012 488 104 Holmes.
3516 5020 268 100 New
3820 5016 348 136 York,

320 5164 104 100 R
436 5248 16 16 .
504 5168 156 104 M.
712 5164 536 100 McBride
1292 5168 88 92 &
1432 5200 572 96 company,
2068 5168 284 96 1930.

456 5320 100 76 ix
608 5344 112 72 p.,
772 5324 48 72 1
872 5324 84 92 l.,
1012 5320 280 80 13-97
1340 5344 84 72 p.
1540 5320 104 76 13
1648 5320 48 76 1
1664 5320 32 40 '

340 5424 96 92 ©
488 5432 216 92 Apr.
760 5432 132 92 11,
944 5432 116 76 19
1060 5428 112 84 30
1200 5452 16 68 ;
1272 5432 52 72 2
1328 5452 48 56 c
1388 5492 16 20 .
1452 5432 220 92 Apr.
1724 5432 160 92 21;
1940 5428 160 80 aff.
2152 5428 220 96 Apr.
2428 5428 156 92 19;
2640 5432 80 72 A
2772 5428 172 76 219
2948 5432 48 76 7
3000 5428 100 96 5;
3164 5428 96 80 F.
3316 5428 100 80 L.
3472 5428 408 92 Holmes,
3940 5428 224 76 New

464 5544 276 76 York.
880 5540 536 96 (30-11292)
3772 5532 240 84 4652

344 5724 656 136 ,Houghton
1052 5720 276 104 Miff
1260 5720 68 104 l
1340 5720 116 104 in
1508 5752 556 92 company
2052 5776 36 76 ]

460 5872 328 132 Fifty
844 5908 316 96 years
1216 5872 124 100 of
1396 5868 696 132 publishing;
2160 5904 64 68 a
2276 5868 428 132 history
2764 5864 124 104 of
2944 5868 184 100 the
3188 5864 740 104 Educational
3988 5872 144 112 de

328 6028 556 124 partment
972 6016 124 104 of
1184 6016 612 136 Houghton
1888 6016 124 100 M
2016 6020 36 96 i
2056 6016 52 100 f
2100 6016 56 100 f
2112 6016 44 100 l
2164 6016 120 104 in
2372 6052 572 100 company.
3116 6048 52 80 [
3156 6020 448 128 Boston]
3700 6016 468 132 Hough-

324 6184 44 88 t
376 6204 64 68 o
440 6208 76 64 n
572 6168 272 104 Miff
776 6168 68 100 l
848 6168 116 100 in
1024 6200 572 96 company,
1660 6196 56 68 ͨ
1700 6172 264 96 1930]

464 6324 544 92 cover-title,
1072 6324 136 92 31,
1280 6336 48 72 [1
1368 6360 20 56 1]
1456 6344 84 72 p.
1652 6320 248 80 illus.
1956 6320 140 96 (in
2104 6324 80 76 cl
2196 6380 16 20 .
2280 6320 340 96 ports.)
2704 6320 344 96 diagrs.
3160 6316 284 96 23½ͨͫ.

460 6436 240 76 Text
752 6452 116 60 on
916 6452 84 72 p.
1068 6424 24 80 [
1084 6436 52 72 2
1140 6448 24 68 ]
1224 6432 188 76 and
1468 6468 24 56 [
1492 6428 52 84 3
1544 6456 24 56 ]
1632 6452 48 56 o
1688 6428 44 80 f
1780 6452 52 56 c
1836 6448 52 60 o
1892 6448 192 64 ver.

464 6544 68 76 C
536 6560 56 60 O
596 6564 68 56 N
672 6560 180 60 TEN
860 6544 132 76 Ts.
1000 6544 196 72 -A
1264 6536 364 92 history
1708 6536 96 80 of
1880 6536 156 80 the
2116 6536 624 80 Educational
2816 6536 596 92 department
3484 6532 104 84 of
3660 6536 148 76 Ho
3820 6556 52 60 u
3880 6536 288 92 ghton

332 6656 92 72 M
432 6652 64 76 if
496 6652 36 76 f
532 6636 24 84 l
560 6652 96 76 in
732 6652 676 88 company.-A
1484 6644 380 96 graphic
1948 6644 236 80 view
2260 6644 100 80 of
2440 6648 312 76 school
2828 6648 360 92 growth
3292 6640 592 100 (1880-1930)
3980 6644 188 80 and

332 6760 100 76 of
484 6760 440 76 textbook
976 6760 276 84 costs,
1304 6760 120 88 by
1480 6752 96 84 F.
1628 6760 120 72 M.
1804 6752 400 96 Phillips
2216 6816 12 16 .
2236 6756 312 76 -The
2600 6752 492 80 Riverside
3144 6772 292 72 press.

340 6852 96 92 ©
492 6868 220 92 Apr.
764 6868 80 88 3,
896 6868 272 88 1930;
1224 6868 56 72 2
1280 6872 44 64 c
1336 6928 16 12 .
1408 6868 188 76 and
1648 6864 156 80 aff.
1860 6864 216 92 Apr.
2132 6864 104 88 7;
2296 6864 76 76 A
2428 6860 328 92 20874;
2816 6860 512 96 Houghton
3380 6860 96 80 M
3484 6860 24 76 i
3520 6860 84 76 ff
3564 6860 40 76 l
3612 6860 96 76 in
3760 6880 132 60 co.

488 6976 536 96 (30-10585)
3768 6964 172 84 465
3952 6964 52 84 3

340 7156 528 124 Howard,
920 7156 432 124 Henry,
1412 7164 328 96 1859-

472 7312 232 100 The
796 7312 540 128 shepherd
1428 7308 388 132 psalm,
1900 7312 148 128 by
2132 7308 396 132 Henry
2612 7304 500 104 Howard
3212 7384 108 20 ...
3468 7304 268 104 New
3828 7296 344 136 York,

344 7456 516 136 Chicago,
920 7456 516 132 Fleming
1492 7456 148 100 H.
1708 7456 384 100 Revell
2152 7476 536 112 company
2764 7504 44 64 1
2792 7468 36 40 °
2840 7460 188 96 193
3040 7460 60 92 0
