4752 8320
316 664 420 124 Rogge,
800 664 468 104 Charles
1328 664 1140 120 Philip-Continued

440 820 56 80 3
540 840 84 72 p.
680 820 36 72 1
712 848 48 60 .,
812 820 164 76 150
1032 840 72 68 p.
1224 836 56 76 p
1288 836 48 56 o
1344 836 48 56 r
1396 820 40 72 t
1440 880 16 16 .
1564 820 500 88 24ͨͫ.

332 920 92 100 ©
476 928 212 80 Dec.
740 928 76 92 5,
864 928 272 88 1930;
1188 928 128 76 2c.
1368 928 180 76 and
1604 948 48 56 a
1664 928 96 76 ff.
1812 928 208 76 Dec.
2080 928 96 88 8;
2236 928 80 76 A
2360 928 328 88 31477;
2748 928 488 92 Spectator
3288 948 128 56 co.

468 1036 424 96 (31-307)
3672 1028 280 84 14100

316 1216 548 124 Sanborn,
924 1216 528 104 Frederic
1504 1216 596 124 Rockwell,
2160 1228 328 96 1899-

520 1368 64 112 …
648 1360 452 132 Origins
1176 1360 124 100 of
1368 1364 184 100 the
1624 1360 300 136 early
1996 1360 472 132 English
2544 1360 544 104 maritime
3168 1364 208 104 and
3456 1360 664 100 commercial

312 1508 240 132 law,
624 1508 140 136 by
840 1508 508 104 Frederic
1416 1508 548 104 Rockwell
2044 1508 496 104 Sanborn
2612 1512 68 108 …
2892 1512 260 100 New
3232 1508 340 120 York,
3648 1508 472 104 London.

312 1660 228 100 The
600 1660 480 132 Century
1140 1692 148 68 co.
1360 1664 340 128 [ͨ1930]

520 1808 112 88 xxi
616 1808 32 80 i
700 1832 112 72 p.,
872 1808 48 80 2
972 1812 84 88 l.,
1116 1808 280 80 3-424
1456 1832 76 72 p.
1652 1808 560 88 22½ͨͫ.
2152 1808 252 96 $4.00

444 1924 120 72 At
620 1924 240 72 head
912 1920 104 76 of
1064 1920 208 76 title
1308 1940 16 56 :
1380 1920 196 76 The
1624 1916 492 80 American
2172 1916 480 80 historical
2716 1920 588 80 association.

448 2024 280 80 "This
784 2028 364 76 volume
1208 2028 84 76 is
1348 2024 488 96 published
1892 2024 244 80 from
2204 2048 48 56 a
2320 2028 232 76 fund
2616 2028 588 76 contributed
3272 2036 88 72 to
3428 2036 32 72 t
3468 2032 56 72 h
3536 2048 44 60 e
3648 2032 272 72 Amer
3892 2024 236 80 ican

316 2136 480 80 historical
840 2132 568 80 association
1448 2136 112 88 by
1604 2140 160 72 the
1808 2132 452 96 Carnegie
2300 2132 588 96 corporation
2936 2136 100 76 of
3076 2140 224 72 New
3344 2136 332 76 York."

448 2240 744 80 "Authorities":
1248 2264 84 72 p.
1384 2240 160 76 xix
1552 2284 60 12 -
1596 2244 60 72 x
1656 2240 120 76 xi
1780 2240 32 76 i
1820 2304 16 16 .

320 2356 92 88 ©
480 2360 136 80 De
624 2380 44 56 c
680 2420 16 20 .
752 2356 132 96 22,
944 2356 268 92 1930;
1276 2356 52 76 2
1336 2380 44 52 c
1392 2420 12 12 .
1464 2360 184 72 and
1708 2356 156 76 aff.
1928 2356 212 76 Dec.
2196 2356 160 88 27;
2420 2356 80 76 A
2556 2356 328 88 31813;
2952 2356 304 76 Amer.
3320 2356 484 76 historical
3864 2376 104 56 as
3972 2376 44 56 s
4024 2380 104 60 n.,

448 2468 644 92 Washington.
1228 2468 196 92 (31-
1444 2464 108 76 65
1556 2464 100 96 0)
3676 2460 284 80 14101

324 2648 572 132 [Schmitz,
964 2652 436 108 Ettore]
1492 2656 620 96 1861-1928.

444 2800 236 100 The
732 2800 240 100 nice
1028 2800 184 100 old
1268 2832 252 68 man
1584 2796 216 104 and
1860 2796 184 104 the
2108 2808 372 120 pretty
2536 2796 220 136 girl
2816 2796 220 100 and
3092 2796 312 100 other
3464 2796 384 104 stories
3920 2860 24 64 [
3952 2796 148 132 by]

320 2952 52 96 I
380 2956 104 96 ta
496 2952 40 96 l
544 2984 56 68 o
652 2948 352 104 Svevo
1064 2948 444 128 [pseud.]
1560 2948 608 100 translated
2216 2944 292 100 from
2556 2944 184 104 the
2784 2944 416 104 Italian
3244 2944 148 132 by
3432 2944 128 100 L.
3604 2944 532 104 Collison-

312 3100 452 128 Morley.
908 3096 500 128 London,
1456 3096 124 100 L.
1636 3096 220 104 and
1904 3096 520 132 Virginia
2472 3092 416 132 Woolf,
2944 3100 288 96 1930.

436 3256 156 88 vii,
636 3252 280 80 9-162
952 3272 84 76 p.
1148 3248 280 88 19½ͨͫ.

444 3364 660 88 Introductory
1148 3376 220 64 note
1412 3364 324 92 signed
1780 3364 120 88 by
1944 3364 412 88 Eugenio
2412 3364 436 76 Montale.

448 3472 136 76 Co
580 3488 60 60 N
652 3488 240 60 TENT
936 3476 48 68 S
956 3532 16 16 .
976 3472 312 76 -The
1332 3476 88 72 st
1428 3492 100 56 or
1536 3492 56 68 y
1636 3468 100 80 of
1780 3472 160 76 the
1984 3472 200 76 nice
2228 3472 152 76 old
2424 3492 216 56 man
2688 3472 188 76 and
2920 3472 156 72 the
3128 3472 300 88 pretty
3484 3488 52 72 g
3544 3468 596 80 irl--Gener-

308 3600 112 56 ou
432 3600 40 56 s
524 3580 580 76 wine.-The
1152 3580 704 76 mother.-The
1908 3580 172 88 old,
2136 3580 152 76 old
2340 3596 240 60 man.

324 3680 92 96 ©
492 3688 52 76 1
552 3708 48 56 c
604 3748 20 16 .
696 3688 212 80 Dec.
980 3688 132 88 30,
1188 3688 268 88 1930;
1532 3688 80 72 A
1684 3688 116 76 ad
1872 3688 100 72 in
1980 3692 56 72 t.
2116 3684 324 92 146.30;
2516 3708 64 72 p
2580 3704 60 56 u
2648 3688 144 76 bd.
2868 3688 224 76 Nov.
3172 3684 100 92 6;
3348 3688 364 88 Hogart
3720 3688 60 72 h
3856 3704 284 76 press,

444 3796 408 80 London.
988 3796 480 96 (31-1820)
3680 3788 284 84 14102

312 3980 588 124 Sigmund,
960 3980 224 120 Jay
1248 3980 132 108 G.

436 4124 236 104 The
752 4124 312 132 ridge
1144 4124 300 132 road,
1524 4124 300 100 short
1908 4120 380 104 stories
2368 4120 216 104 and
2664 4160 404 96 poems,
3148 4124 144 132 by
3372 4124 216 136 Jay
3672 4124 124 100 G.
3884 4124 244 132 Sig-

312 4268 356 104 mund.
828 4272 348 104 Cedar
1260 4268 460 136 Rapids,
1796 4272 196 128 Ia.,
2072 4272 232 100 The
2380 4268 432 104 Prairie
2892 4272 636 132 publishing
3604 4308 532 96 company

312 4424 364 104 [ͨ1930]

436 4580 108 76 82
600 4600 80 72 p.
796 4576 136 84 24
932 4576 60 60 ͨͫ
1004 4644 16 16 .

320 4684 96 96 ©
476 4692 212 76 Dec.
748 4692 132 92 16,
944 4688 268 92 1930;
1272 4688 128 84 2c.
1456 4692 188 76 and
1700 4688 156 76 aff.
1916 4692 212 76 Dec.
2192 4688 156 92 22;
2408 4692 84 72 A
2544 4688 328 84 31773;
2936 4688 364 80 Prairie
3360 4692 208 92 pub.
3628 4712 132 56 co.

476 4796 428 100 (31-228)
3680 4796 288 84 14103

312 4956 544 120 Slattery,
916 4956 624 120 Margaret.

436 5100 176 100 He
672 5100 260 100 took
992 5100 92 104 it
1144 5136 288 96 upon
1500 5100 444 104 himself
2024 5100 48 88 [
2052 5104 144 128 by
2204 5168 24 64 ]
2300 5100 568 132 Margaret
2932 5104 120 104 Sl
3060 5140 60 64 a
3132 5116 28 88 t
3176 5112 264 120 tery.
3584 5100 260 104 Rev.
3920 5104 216 100 and

304 5248 200 104 enl.
564 5252 160 96 ed.
848 5252 448 124 Boston,
1352 5248 512 136 Chicago,
1924 5252 232 100 The
2216 5252 468 128 Pilgrim
2744 5288 296 92 press
3112 5260 332 124 [ͨ1930]

436 5408 56 76 4
540 5432 80 72 p.
680 5408 84 92 l.,
820 5412 104 76 88
980 5428 80 76 p.
1176 5412 48 76 1
1232 5408 52 76 8
1292 5412 48 92 ½ͨͫ
1368 5412 88 80 .

444 5516 308 84 "First
800 5516 416 96 printing
1268 5520 500 76 December
1824 5520 108 80 19
1936 5520 108 80 30
2052 5520 72 80 ."

324 5620 88 88 ©
492 5628 212 80 Dec.
776 5628 136 92 11,
984 5624 268 88 1930;
1328 5628 132 80 2c.
1532 5628 216 80 Dec.
1820 5628 156 80 22:
2056 5648 48 56 a
2116 5628 96 80 ff.
2288 5628 216 80 Dec.
2580 5628 156 92 17;
2812 5628 80 76 A
2964 5628 328 92 32357;
3380 5628 340 92 Sidney
3792 5636 348 72 Adams

448 5740 404 92 Weston,
912 5740 376 76 Boston.
1428 5736 208 92 (31-
1640 5736 48 76 5
1696 5736 152 96 03)
3680 5736 284 84 14104

308 5892 372 120 Sloan,
736 5892 632 124 Farquhar.

440 6044 232 100 The
740 6036 312 108 divid
1060 6040 32 100 i
1104 6080 148 96 ng
1312 6076 348 100 years,
1724 6044 144 104 by
1932 6048 580 128 Farquhar
2580 6044 76 108 S
2668 6044 32 96 l
2712 6080 56 60 o
2780 6080 168 64 an.
3092 6048 92 96 L
3192 6080 56 64 o
3256 6048 140 96 nd
3416 6084 60 60 o
3480 6084 104 68 n,
3652 6048 104 100 J.
3832 6048 292 100 Mur-

308 6224 200 96 ray
556 6196 320 100 [1930]

436 6348 56 76 3
500 6348 48 72 5
552 6348 52 72 2
664 6348 48 76 p
728 6408 12 16 .
864 6344 112 76 19
980 6348 84 92 40
1112 6368 24 48 .

320 6444 92 96 ©
472 6456 128 76 1c.
660 6456 216 92 Apr.
932 6456 128 80 23.
1124 6456 112 80 19
1236 6456 104 80 30
1364 6476 24 60 :
1456 6456 68 76 A
1588 6460 120 76 ad
1760 6456 168 80 int.
1984 6456 328 92 14137;
2376 6456 272 92 pubd.
2712 6460 232 76 Mar.
3004 6456 156 92 27;
3228 6460 260 76 Anne
3548 6460 96 76 Ma
3712 6456 208 80 ckin
3960 6472 56 64 to
4032 6460 104 76 sh

444 6568 184 76 and
680 6568 256 76 Alice
992 6564 516 96 Chauncey,
1564 6568 404 76 London.
2104 6564 480 92 (31-2172)
3676 6564 280 80 14105

308 6716 436 108 Société
804 6720 196 104 des
1064 6720 212 100 Am
1292 6720 56 100 é
1356 6720 608 104 ricanistes
2020 6720 136 104 de
2212 6724 364 104 Paris.

436 6872 472 100 Journal
972 6876 132 96 de
1168 6876 32 96 l
1212 6912 60 60 a
1344 6872 140 100 So
1496 6912 52 60 c
1556 6876 32 96 i
1600 6876 52 96 é
1656 6884 108 88 t,-é
1828 6876 184 100 des
2072 6872 392 100 Améri
2468 6912 48 64 c
2528 6876 400 100 anistes
3016 6876 580 120 (reconnue
3668 6876 180 104 d'u
3856 6864 264 108 tilité

308 7020 564 132 publique)
1036 7024 528 100 Nouvelle
1616 7024 108 100 sé
1732 7060 52 64 r
1788 7024 128 100 ie.
2064 7040 72 84 t.
2188 7032 160 92 22.
2408 7028 176 100 fas
2576 7052 56 76 c
2652 7104 20 20 .
2740 7040 72 88 1.
2980 7088 20 64 [
3016 7028 352 124 Paris]
3428 7036 184 92 Au
3668 7024 284 120 siége
4012 7028 60 100 d
4088 7064 48 60 e

304 7172 104 96 la
468 7172 272 100 socié
752 7180 40 92 t
788 7172 96 132 é,
948 7176 288 96 1930.

444 7324 52 76 2
548 7344 80 72 p.
680 7316 84 100 l.,
816 7324 168 80 247
1032 7344 80 72 p.
1232 7328 28 72 i
1268 7328 128 76 llu
1408 7348 96 64 s.,
1556 7332 328 88 plates,
1936 7332 288 92 ports,
2272 7344 292 80 maps.
2676 7320 288 104 28½ͨͫ.

316 7424 92 92 ©
496 7432 244 92 Sept.
820 7436 48 72 1
872 7464 16 48 .
972 7436 228 76 1930
1224 7456 16 64 ;
1324 7440 96 72 1c
1440 7500 12 12 .
1536 7436 212 80 Dec.
1828 7436 108 76 12
1968 7460 16 60 ;
2068 7436 596 96 A-Foreign
2744 7436 48 76 9
2800 7440 48 76 8
2856 7440 48 72 4
2912 7440 56 76 0
3000 7460 12 64 ;
3104 7436 268 84 Socié
3352 7436 56 80 t
3416 7436 48 76 é
3544 7440 160 76 des
3784 7440 172 76 Am
3964 7464 20 52 é
4012 7448 120 68 ri-

440 7544 408 76 canistes
916 7548 104 72 de
1088 7544 296 80 Paris.
3660 7544 292 84 14106

2076 7644 272 112 2198
