4752 8320
2296 7648 56 92 1
2360 7648 124 92 95
2488 7644 64 96 7

464 708 396 124 Fendt,
916 700 636 108 Leonhard.

592 856 468 100 Luthers
1116 856 364 100 schule
1532 856 188 96 der
1772 844 572 132 heiligung
2392 880 212 64 von
2656 848 156 96 dr.
2872 844 320 96 theol.
3252 840 580 100 Leonhard
3884 832 388 104 Fendt.

464 1004 484 132 Leipzig,
1000 1004 148 96 H.
1204 1000 144 112 G.,
1392 1000 208 100 Wa
1604 1000 40 96 l
1652 1000 376 96 lmann
2132 1000 252 116 [1929
2392 1056 28 64 ]

592 1160 104 76 72
752 1180 84 72 p.
948 1156 560 88 22½ͨͫ.

472 1276 92 92 ©
628 1292 216 92 May
896 1288 136 96 25,
1088 1284 268 92 1929;
1416 1288 128 76 1c.
1604 1288 196 76 Oct.
1856 1280 156 92 21;
2072 1280 596 92 A-Foreign
2724 1276 268 88 4943;
3056 1276 116 80 H.
3236 1276 100 76 G.
3396 1276 556 76 Wallmann.

3816 1376 288 84 12620

464 1528 412 120 Frank,
944 1524 496 104 Thomas
1508 1520 128 108 B.

596 1672 664 124 Cincinnati,
1336 1668 184 100 the
1596 1668 224 128 city
1896 1664 120 100 of
2092 1660 708 136 personality,
2876 1660 148 132 by
3100 1660 476 100 Thomas
3660 1660 124 96 B.
3868 1652 408 104 Frank.

468 1816 704 132 [Cincinnati,
1232 1824 60 88 0
1276 1820 124 96 19
1408 1820 128 96 30
1540 1880 28 64 1

592 1972 108 76 95
752 1992 80 72 p.
948 1972 108 76 ill
1064 1992 128 56 us.
1308 1972 284 80 21J-.

596 2104 552 76 Illustrated
1196 2108 188 84 t.-p.
1440 2104 100 72 in
1592 2100 324 76 colors.

480 2236 92 96 ©
632 2240 224 80 Nov.
916 2240 128 92 14,
1104 2236 268 92 1930;
1432 2236 124 76 2c.
1616 2240 228 72 Nov.
1900 2236 152 88 17;
2116 2256 56 56 a
2180 2232 96 80 ff.
2332 2236 224 76 Nov.
2616 2228 156 96 18;
2836 2232 80 76 A
2968 2228 328 92 30648;
3356 2228 100 80 T.
3516 2232 104 76 B.
3684 2228 340 92 Frank,
4088 2228 204 84 Cin-

604 2348 380 80 cinnati.
1120 2348 536 92 (30-31137)
3828 2332 288 84 12621

472 2556 520 124 Georgia.
1140 2560 344 100 Court
1540 2596 60 64 o
1604 2560 60 132 f
1716 2556 480 132 appeals.

608 2712 368 128 Repor
976 2716 52 88 t
1032 2744 44 68 s
1144 2708 120 100 of
1328 2744 288 64 cases
1680 2708 372 100 decide
2056 2708 72 100 d
2176 2716 60 108 …
2384 2712 116 92 at
2560 2704 184 100 the
2808 2700 472 104 October
3344 2708 40 92 t
3392 2736 260 96 erm,
3724 2704 120 96 19
3852 2704 60 92 2
3920 2704 92 124 9,
4080 2696 204 100 and

472 2860 384 100 March
944 2868 308 120 term,
1344 2860 284 96 1930.
1772 2892 96 64 v.
1960 2860 152 96 41.
2268 2852 452 104 Stevens
2808 2852 216 100 and
3112 2848 524 132 Graham,
3720 2852 568 128 reporters.

476 3008 492 132 Atlanta,
1028 3008 232 100 The
1312 3004 548 100 Harrison
1920 3036 568 100 company,
2552 3004 284 96 1930.

604 3172 60 60 x
668 3164 156 88 lvi,
884 3160 168 80 948
1112 3184 80 72 p.
1304 3160 280 76 221.

480 3288 100 92 ©
628 3300 212 76 Dec.
884 3296 48 76 1
940 3304 52 72 0
1000 3356 16 32 ,
1064 3296 268 92 1930;
1380 3296 128 80 2c.
1556 3296 184 76 and
1784 3292 156 80 aff.
1988 3296 212 76 Dec.
2248 3288 156 92 19;
2456 3292 80 76 A
2576 3292 48 76 3
2636 3300 52 68 2
2688 3288 216 92 275;
2960 3292 264 76 State
3268 3288 100 76 of
3416 3284 420 96 Georgia,
3884 3284 420 80 Atlanta.

3840 3388 288 84 12622

484 3536 396 120 Green,
948 3536 336 120 Leon,
1348 3540 160 100 ed.

612 3688 232 100 The
928 3684 460 132 judicial
1472 3716 428 96 process
1984 3684 116 100 in
2184 3692 224 92 tort
2492 3716 316 68 cases.
2956 3680 328 104 Cases
3368 3676 364 104 edited
3816 3680 212 100 and
4120 3712 180 64 an-

480 3836 444 100 notated
1020 3836 144 132 by
1260 3836 296 96 Leon
1652 3832 356 104 Green
2068 3840 64 104 …
2408 3868 96 60 v.
2612 3836 56 92 6
2684 3912 12 16 .
2892 3828 552 136 [Chicago,
3540 3828 108 100 Il
3652 3828 40 96 l
3704 3908 56 52 .,
3852 3824 124 104 M
3980 3824 212 104 ime
4196 3860 60 64 o
4268 3888 36 12 -

480 3988 492 124 graphed
1032 3988 144 128 by
1240 3984 100 104 J.
1412 3980 124 104 F.
1604 3980 548 132 Chetlain,
2220 3988 256 96 1930
2488 4044 20 64 ]

616 4136 32 76 i
652 4156 80 76 v,
792 4136 504 76 1832-2129
1352 4140 56 72 1.
1520 4136 108 76 27
1652 4140 44 44 -
1724 4196 16 16 .

492 4260 100 92 ©
648 4276 212 76 Dec.
912 4272 76 92 4,
1044 4272 268 92 1930;
1372 4272 52 76 2
1432 4292 40 56 c
1484 4336 16 16 .
1556 4272 184 76 and
1796 4272 156 80 aff.
2008 4272 216 80 Dec.
2284 4268 152 96 15;
2496 4268 80 76 A
2628 4268 328 92 32244;
3016 4268 96 80 L.
3176 4268 324 96 Green,
3564 4268 424 88 Chicago.

3848 4372 292 80 12623

496 4508 276 132 [Grif
772 4508 72 100 fi
852 4544 104 88 n,
1024 4508 420 104 Austin
1508 4508 160 112 B.]

628 4660 716 132 Supplement
1396 4672 112 88 to
1556 4660 396 132 Digest
2000 4664 124 100 of
2172 4664 184 100 the
2404 4656 696 136 bankruptcy
3152 4660 528 100 decisions
3732 4656 352 104 under
4132 4660 188 100 the

488 4808 492 104 national
1068 4808 692 136 bankruptcy
1848 4820 160 88 act
2104 4812 124 96 of
2320 4816 256 96 1898
2660 4808 512 132 reported
3260 4808 112 100 in
3460 4812 184 96 the
3732 4804 588 104 American

488 4960 696 132 bankruptcy
1236 4968 460 120 reports,
1744 4992 236 68 new
2036 4956 356 132 series,
2444 4960 480 100 volumes
2980 4964 60 96 9
3092 4968 108 92 to
3260 4964 120 96 15
3432 4956 560 128 inclusive,
4048 4956 268 100 with

496 5148 56 60 a
612 5112 296 96 table
964 5108 124 100 of
1140 5112 184 96 the
1380 5144 288 64 cases
1728 5108 492 132 digested
2280 5108 212 100 and
2556 5144 56 64 a
2672 5108 296 100 table
3024 5108 124 100 of
3204 5108 460 100 sections
3724 5108 120 100 of
3904 5108 184 96 the
4148 5116 168 92 act

492 5260 124 100 of
696 5264 288 124 1898,
1064 5260 212 100 and
1356 5256 120 100 of
1552 5260 180 100 the
1808 5256 440 132 general
2324 5256 404 132 orders,
2804 5256 612 132 construed,
3492 5252 632 108 considered
4200 5292 120 60 or

496 5444 60 64 a
564 5404 84 100 ff
656 5408 296 100 ected
1044 5408 144 132 by
1284 5408 256 100 such
1640 5444 52 64 c
1700 5440 252 68 ases.
2104 5408 168 132 By
2368 5408 100 96 R
2480 5440 60 64 a
2544 5404 196 132 lph
2836 5404 128 100 E.
3064 5408 416 128 Rogers
3552 5420 60 108 …
3844 5400 108 104 A
3956 5404 40 96 l
4000 5408 320 124 bany,

496 5556 132 104 N.
684 5556 176 132 Y.,
908 5556 532 100 Matthew
1492 5556 432 100 Bender
1976 5556 84 96 &
2108 5588 568 96 company,
2724 5552 804 136 incorporated,
3584 5560 284 96 1930.

628 5712 32 72 l
664 5720 60 56 x
728 5712 120 92 iv,
908 5708 168 80 598
1128 5732 84 72 p.
1332 5704 224 84 24"".

508 5824 96 96 ©
664 5848 208 76 Dec.
928 5844 128 96 12,
1112 5844 268 84 1930;
1444 5844 124 80 2c.
1624 5844 212 76 Dec.
1892 5844 48 72 1
1952 5844 48 76 5
2032 5864 16 72 ;
2108 5844 92 76 af
2204 5840 40 76 f
2248 5904 16 12 .
2320 5844 212 76 Dec.
2592 5844 156 88 13;
2808 5844 80 76 A
2940 5844 100 76 31
3052 5840 48 80 6
3104 5840 160 96 25;
3324 5840 460 84 Matthew
3836 5844 364 76 Bender
4256 5844 72 76 &

636 5976 104 56 co
748 6012 44 36 .,
852 5952 100 80 in
952 5960 48 72 c
1008 6012 16 20 .
3860 5948 112 80 12
3976 5948 52 80 6
4036 5944 112 84 24

500 6132 384 128 Gross,
944 6132 492 108 William
1496 6132 648 124 Benjamin,
2212 6144 324 96 1859-

636 6288 232 100 The
936 6296 504 120 conquest
1512 6288 124 100 of
1704 6284 656 132 California,
2432 6324 60 64 a
2564 6284 536 104 dramatic
3164 6320 508 68 romance
3736 6288 124 96 of
3928 6320 140 64 an
4136 6324 188 64 un-

500 6432 396 104 known
956 6436 292 128 hero,
1300 6440 152 128 by
1500 6436 500 104 William
2056 6440 120 96 B.
2248 6432 364 104 Gross.
2756 6440 452 128 Boston,
3260 6436 364 132 Mass.,
3684 6440 232 96 The
3976 6432 352 108 Strat-

504 6584 256 100 ford
832 6620 536 96 company
1492 6580 56 88 0
1528 6588 288 124 19301

636 6740 48 72 2
736 6756 84 72 p.
876 6736 80 92 l.,
1008 6736 96 76 vi
1148 6756 112 72 p.,
1312 6740 48 72 2
1412 6740 84 88 1.,
1548 6736 272 80 3-361
1880 6756 80 72 p.
2076 6740 324 88 plates,
2456 6740 264 88 port.,
2776 6740 360 76 facsim.
3252 6728 276 88 20j'O.

520 6856 96 96 ©
692 6876 244 92 Sept.
1004 6872 132 92 10,
1204 6872 268 88 1930;
1544 6872 132 80 2c.
1748 6872 244 92 Sept.
2064 6872 152 88 12;
2296 6872 156 80 aff.
2528 6872 240 96 Sept.
2840 6876 160 88 17;
3068 6872 84 76 A
3220 6872 328 92 27493;
3624 6876 480 76 Stratford
4176 6896 156 68 co.,

648 6980 552 96 publishers.
1336 6980 532 96 (30-31027)
3872 6980 280 80 12625

512 7160 552 124 Guilford,
1132 7164 344 104 Conn.
1620 7164 372 104 Board
2056 7164 120 104 of
2236 7164 364 108 trade.

640 7304 548 104 Guilford.
1380 7304 172 108 Gu
1556 7304 380 132 ilford,
1996 7308 236 100 The
2292 7308 368 100 Board
2728 7308 120 104 of
2908 7308 340 132 trade,
3320 7316 292 124 19301

640 7464 108 80 25
804 7488 108 72 p.,
968 7472 44 72 1
1068 7468 56 76 1.
1240 7464 68 76 il
1316 7468 92 76 lu
1420 7484 92 72 s.,
1572 7468 224 76 fold.
1856 7484 232 72 map.
2204 7460 136 84 24C
2372 7472 32 40 "
2408 7528 16 16 .
