4800 8268
536 680 432 132 Irving,
1024 680 800 128 Washington,
1880 684 632 104 1783-1859.

656 836 744 132 Washington
1460 832 396 136 Irving
1916 832 356 132 diary,
2336 832 356 132 Spain
2744 836 632 128 1828-1829,
3432 828 368 104 edited
3860 824 296 108 from
4212 832 184 100 the

524 988 692 132 manuscript
1268 988 116 100 in
1444 988 184 100 the
1684 984 424 136 library
2164 980 124 104 of
2344 980 188 104 the
2584 980 412 132 society
3052 980 144 132 by
3256 980 336 108 Clara
3648 976 412 108 Louisa
4112 980 284 100 Pen-

520 1172 216 100 ney
784 1140 60 112 …
976 1128 272 112 with
1304 1172 324 68 seven
1688 1132 768 104 illustrations.
2600 1132 272 104 New
2932 1128 348 136 York,
3340 1128 468 104 Printed
3872 1132 140 132 by
4072 1132 328 100 order

524 1288 128 100 of
700 1288 184 108 the
932 1296 496 120 trustees,
1484 1288 288 100 1930.

664 1444 60 72 x
736 1444 124 76 vii
872 1444 56 92 i,
988 1444 164 76 142
1208 1464 84 72 p.
1408 1440 288 80 front.
1748 1440 276 92 (fold.
2084 1436 264 96 map)
2420 1460 60 72 p
2484 1440 32 76 l
2524 1496 48 36 .,
2632 1444 264 88 port.,
2956 1436 96 80 fa
3060 1444 52 68 c
3116 1436 256 80 sims.
3488 1436 116 80 19
3604 1444 28 36 L
3656 1444 32 36 "
3696 1496 16 20 .
3820 1436 32 96 (
3868 1424 156 92 He
4036 1444 24 68 l
4064 1432 80 88 f-
4152 1440 152 76 titl
4312 1456 48 60 e
4372 1460 36 56 :

532 1552 460 96 Hispanic
1064 1556 268 72 notes
1408 1552 72 76 &
1552 1552 684 88 monographs;
2316 1568 352 72 essays,
2744 1548 392 92 studies,
3216 1552 188 72 and
3480 1544 248 80 brief
3800 1544 600 96 biographies

532 1664 312 80 issued
908 1664 116 92 by
1084 1664 156 76 the
1300 1660 460 92 Hispanic
1816 1660 352 88 society
2228 1656 104 80 of
2384 1656 468 80 America.
2968 1676 32 68 [
3000 1656 516 92 Catalogue
3572 1656 380 96 series])

664 1800 464 80 "Referen
1136 1816 44 60 c
1188 1796 208 80 es":
1452 1816 88 76 p.
1592 1792 424 84 124-125.

544 1932 100 96 ©
700 1940 220 92 Apr.
976 1936 136 96 25,
1168 1936 272 88 1930;
1496 1936 132 80 2c.
1688 1936 184 76 and
1928 1932 156 80 aff.
2140 1936 220 88 Apr.
2420 1932 160 92 26;
2636 1936 84 72 A
2772 1928 332 96 23069;
3172 1932 460 92 Hispanic
3688 1952 184 60 soc.
3928 1932 100 80 of
4084 1932 320 76 Amer

680 2048 172 96 ica,
904 2048 224 80 New
1184 2048 276 76 York.
1576 2084 20 60 [
1640 2092 64 88 ©
1768 2044 408 104 changes
2224 2048 184 72 and
2464 2044 484 96 title-page]
3112 2044 544 92 (30-11937)
3988 2040 232 84 4553

536 2260 552 124 Johnson,
1152 2260 452 100 Palmer
1664 2256 420 104 Oliver.

668 2408 648 108 Curricular
1380 2408 552 132 problems
1992 2404 116 100 in
2172 2404 412 104 science
2648 2416 112 92 at
2828 2408 188 100 the
3080 2408 408 132 college
3556 2408 312 132 level,
3936 2404 148 136 by
4148 2408 256 104 Pal-

524 2596 236 64 mer
828 2556 100 108 O
940 2640 20 20 .
1036 2560 504 104 Johnson
1604 2564 68 108 …
1880 2556 608 132 Minneapo
2492 2556 40 100 l
2540 2556 128 132 is,
2740 2556 232 104 The
3048 2556 656 136 University
3776 2556 128 104 of
3976 2560 124 92 M
4108 2560 296 100 inne-

528 2720 236 92 sota
828 2744 340 96 press,
1228 2712 292 100 1930.

668 2872 60 68 x
740 2864 92 80 vi
916 2888 112 72 p.,
1112 2872 48 72 1
1244 2864 88 92 l.,
1420 2864 164 80 188
1668 2884 80 72 p.
1892 2864 348 92 diagrs.
2388 2864 52 72 2
2444 2864 48 80 3
2528 2864 40 68 ½ͨͫ
2652 2924 16 16 .
2836 2860 24 96 (
2880 2864 92 80 H
2980 2864 92 76 al
3120 2856 40 92 l
3128 2908 24 12 -
3164 2872 32 72 t
3208 2864 28 76 i
3248 2864 68 80 tl
3328 2884 48 60 e
3388 2888 28 56 :
3500 2864 200 80 The
3784 2864 444 96 teaching
4312 2864 104 80 of

536 2972 360 84 science
956 2980 104 72 at
1112 2976 160 76 the
1332 2972 344 96 college
1736 2972 268 96 level,
2060 2976 144 76 ed.
2264 2972 120 92 by
2444 2972 104 80 E.
2612 2972 120 80 M.
2792 2972 464 80 Freeman
3308 2976 56 88 …
3532 2972 180 80 vol.
3776 2980 76 68 II
3872 2972 32 80 )

668 3112 440 76 Lettered
1160 3128 120 60 on
1336 3128 324 60 cover:
1732 3100 588 84 [Minnesota.
2440 3104 576 100 University]
3132 3104 372 96 College
3564 3108 468 92 problems
4088 3112 324 84 series.

668 3220 288 76 "This
1024 3220 288 92 study
1376 3220 176 76 has
1624 3220 436 76 centered
2132 3220 368 72 around
2576 3236 120 56 an
2768 3216 552 80 evaluation
3392 3216 104 76 of
3572 3220 156 76 the
3804 3220 228 76 func
4040 3232 36 60 t
4084 3220 156 76 ion
4312 3220 104 80 of

532 3332 160 76 the
752 3348 328 60 course
1144 3328 96 76 in
1304 3328 400 76 General
1768 3328 348 88 botany
2180 3328 96 72 in
2344 3324 504 92 preparing
2912 3328 436 76 students
3408 3324 160 80 for
3628 3328 160 76 the
3852 3328 392 96 pursual
4312 3328 104 80 of

532 3440 396 92 sequent
976 3456 380 60 courses
1412 3436 96 76 in
1564 3436 160 76 the
1780 3432 372 96 College
2204 3436 100 76 of
2360 3436 588 92 agriculture
3000 3436 184 76 and
3244 3436 712 96 forestry."-p.
4024 3432 28 76 [
4048 3440 168 76 134
4220 3472 24 60 ]

548 3560 100 96 ©
716 3572 96 76 M
812 3596 132 56 ar.
1004 3576 140 92 25,
1204 3572 272 92 1930;
1540 3572 132 80 2c.
1732 3576 220 92 Apr.
2012 3576 104 88 4;
2184 3572 92 80 af
2280 3568 32 76 f
2324 3636 20 16 .
2404 3572 220 92 Apr.
2684 3572 104 88 3;
2856 3572 76 76 A
2992 3572 336 92 20844;
3400 3572 548 96 University
4012 3572 96 80 of
4172 3572 236 80 Min-

676 3692 356 88 nesota,
1096 3684 652 92 Minneapolis.
1884 3684 544 92 (30-12275)
3988 3680 240 84 4554

532 3896 108 104 K
644 3928 380 72 ansas.
1168 3904 540 128 Supreme
1768 3908 336 96 court.

672 4052 472 132 Reports
1192 4052 124 96 of
1364 4088 296 64 cases
1708 4052 412 132 argued
2176 4052 208 100 and
2440 4052 684 100 determined
3180 4064 64 108 …
3352 4052 276 100 Earl
3676 4052 148 104 H.
3880 4052 532 132 Hatcher,

536 4200 384 104 official
988 4216 516 116 reporter.
1660 4236 100 64 v.
1832 4204 224 132 128,
2120 4196 392 108 March
2580 4204 160 132 13,
2808 4208 292 128 1929,
3164 4216 112 92 to
3344 4196 476 108 October
3884 4208 164 108 31,
4120 4208 288 96 1929.

536 4352 488 132 Topeka,
1076 4352 468 104 Printed
1600 4352 148 132 by
1800 4348 440 108 Kansas
2296 4360 280 96 state
2632 4348 516 136 printing
3200 4352 348 132 plant,
3612 4360 292 96 1929.

680 4516 192 64 xxx
884 4508 92 92 ii,
1044 4508 164 80 835
1268 4528 84 76 p.
1468 4508 228 80 23ͨͫ.

556 4640 96 88 ©
724 4648 212 76 Feb.
996 4648 136 88 23,
1196 4644 272 92 1930;
1536 4648 132 76 2c.
1736 4648 184 76 and
1984 4644 160 80 aff.
2212 4648 220 88 May
2496 4644 160 92 14;
2724 4648 80 72 A
2868 4644 332 92 22839;
3272 4648 228 76 Earl
3568 4648 120 76 H.
3756 4648 448 88 Hatcher,
4276 4668 128 56 re

684 4764 344 88 porter,
1080 4756 152 76 for
1280 4756 164 76 the
1488 4756 348 76 benefit
1880 4756 104 76 of
2036 4756 156 80 the
2244 4760 252 72 state
2548 4756 96 80 of
2696 4756 408 96 Kansas,
3160 4756 408 96 Topeka,
3624 4760 244 80 Kan.
4012 4756 228 80 4555

548 4940 404 124 Kemp,
1008 4940 424 124 Harry,
1492 4948 332 100 1883-

672 5092 232 104 The
976 5092 400 132 golden
1444 5092 360 132 word;
1876 5128 60 64 a
2004 5092 472 132 religion
2552 5088 180 104 for
2800 5092 152 100 all
3020 5104 480 92 creators
3568 5088 124 108 of
3760 5096 436 132 beauty,
4264 5092 140 136 by

540 5240 380 132 Harry
972 5240 396 132 Kemp.
1516 5240 876 132 Provincetown,
2444 5240 368 136 Mass.,
2876 5248 288 104 1930.

668 5400 56 76 2
776 5420 84 72 p.
920 5392 80 100 1.,
1064 5408 36 68 [
1088 5400 56 76 7
1176 5400 112 76 ]
1292 5400 52 76 -41
1396 5420 112 72 p.,
1560 5404 52 76 2
1660 5396 60 84 l.
1832 5396 112 80 22
1972 5404 40 40 ͨͫ
2044 5460 20 20 .

564 5532 88 88 ©
708 5540 220 88 Apr.
976 5536 136 92 15,
1164 5536 272 92 1930;
1492 5536 132 80 2c.
1672 5536 184 76 and
1912 5536 156 76 aff.
2120 5536 220 96 Apr.
2396 5536 156 92 16;
2608 5540 84 72 A
2740 5536 332 96 22102;
3132 5540 120 80 H.
3304 5540 328 92 Kemp,
3688 5540 224 76 New
3968 5540 280 76 York.

704 5644 540 96 (30-11926)
4012 5648 232 80 4556

548 5828 648 128 Kittredge,
1256 5828 652 128 Benjamin.

680 5980 540 108 Crowded
1332 5984 504 132 solitude,
1948 5984 144 132 by
2204 5984 596 132 Benjamin
2912 5984 624 136 Kittredge.
3684 5988 268 100 New
4064 5988 352 132 York,

556 6132 1060 136 Coward-McCann,
1676 6132 248 140 inc.,
1984 6140 288 96 1930.

680 6292 48 76 3
784 6312 84 72 p.
920 6292 88 92 1.,
1064 6288 172 80 339
1284 6308 84 76 p.
1480 6288 280 96 19½ͨͫ.

560 6416 104 96 ©
720 6428 220 88 Apr.
1004 6424 132 92 16,
1196 6424 272 88 1930;
1536 6424 128 80 2c.
1728 6424 220 96 Apr.
2008 6428 160 88 30;
2240 6424 160 84 aff.
2464 6428 220 92 Apr.
2744 6428 164 92 18;
2972 6428 84 76 A
3116 6428 332 92 22531;
3520 6428 68 80 C
3584 6428 820 96 oward-MlcCann,

688 6536 172 96 inc.
1000 6532 540 96 (30-12148)
4008 6536 236 84 4557

552 6716 1152 104 Kömmissarzhevsk
1704 6720 84 96 þi
1804 6800 28 44 ,
1892 6720 360 104 Fedor
2316 6720 736 124 Fedorovich,
3116 6732 324 96 1882-

732 6876 64 104 …
860 6864 424 136 Myself
1340 6868 224 100 and
1620 6868 184 100 the
1864 6868 456 104 theatre.
2464 6872 268 100 New
2792 6872 348 132 York,
3200 6872 132 104 E.
3392 6872 128 104 P.
3584 6872 432 104 Dutton
4072 6876 88 96 &
4220 6904 188 84 co.,

540 7016 204 104 inc.
824 7020 264 124 [ͨ193
1100 7024 64 96 0
1168 7076 28 68 ]

680 7180 56 76 6
788 7196 84 72 p.
928 7168 84 100 1.,
1064 7176 168 76 205
1288 7196 84 72 p.
1484 7172 44 80 f
1536 7196 44 56 r
1588 7196 48 56 o
1640 7184 160 84 nt.,
1860 7180 332 92 plates,
2248 7184 288 88 ports.
2648 7176 600 88 21½ͨͫ.

680 7312 124 76 At
856 7312 236 76 head
1144 7312 104 76 of
1300 7312 260 76 title:
1616 7312 480 84 Theodore
2152 7316 808 96 Komisarjevsky.

560 7432 104 96 ©
716 7448 216 80 Feb.
980 7448 136 92 20,
1172 7444 272 96 1930;
1496 7448 132 80 2c.
1712 7444 208 88 Mar.
1972 7452 160 92 10;
2192 7452 160 80 aff.
2412 7444 96 76 M
2508 7472 136 60 ar.
2696 7456 104 88 7;
2856 7448 80 80 A
2988 7452 332 92 23125;
3380 7456 76 76 E
3468 7516 16 16 .
3544 7456 96 76 P.
3700 7456 84 72 D
3788 7460 272 72 utton
4116 7456 68 76 &
4240 7476 48 56 c
4292 7476 52 56 o
4352 7516 48 36 .,

688 7556 172 84 inc.
992 7556 540 100 (30-12259)
3984 7564 232 80 4558

2340 7672 192 100 688
