4752 8320
2308 7724 268 108 2170

492 700 444 120 Bolton,
996 700 492 100 Herbert
1552 696 1240 124 Eugene-Continued

676 856 224 80 Nov.
960 856 56 76 2
1016 856 48 68 8
1080 916 16 24 ,
1164 856 268 88 1930;
1500 856 132 76 2c.
1696 856 228 72 each
1988 856 136 72 De
2132 876 44 52 c
2188 916 12 12 .
2272 856 48 72 1
2324 856 40 72 1
2408 872 20 68 ;
2500 852 156 76 aff.
2724 852 216 76 Dec.
3004 848 156 92 15;
3232 852 80 76 A
3372 852 56 76 3
3432 848 156 80 161
3600 852 52 68 5
3688 872 16 68 ;
3780 852 404 88 Regents
4252 848 100 76 of

648 964 152 80 the
848 968 144 76 Un
1004 964 88 76 iv
1092 1004 24 48 .
1172 988 44 48 o
1224 964 44 76 f
1316 964 552 80 California.
1920 964 76 72 B
2004 980 44 56 e
2056 964 192 76 rkel
2264 988 44 52 e
2320 984 68 68 y.
2452 964 68 76 C
2528 980 48 56 a
2588 964 144 72 lif.
2868 956 368 96 (31-76)
3884 956 284 80 13928

504 1148 560 120 Chapelle,
1128 1144 492 104 Howard
1684 1144 428 124 Irving.

640 1296 232 100 The
972 1292 608 104 Baltimore
1684 1292 480 132 clipper;
2268 1292 148 104 its
2516 1288 368 136 origin
2988 1292 212 100 and
3312 1292 800 132 development,
4212 1284 68 108 b
4284 1324 60 68 y

504 1444 496 100 Howard
1052 1444 400 132 Irving
1504 1440 560 136 Chapelle.
2212 1440 400 132 Salem,
2664 1440 372 136 Mass.,
3084 1440 236 100 The
3372 1436 432 108 Marine
3860 1436 492 104 research

504 1636 48 60 s
556 1632 60 64 o
628 1596 316 132 ciety,
1008 1600 120 96 19
1136 1600 132 96 30
1276 1672 20 24 .

636 1752 160 92 xii,
888 1748 156 80 192
1136 1768 76 76 p.
1336 1752 316 92 front.,
1744 1752 28 76 i
1784 1756 60 72 ll
1856 1772 164 72 us.,
2112 1752 328 92 plates.
2556 1748 560 88 29½ͨͫ.
2960 1784 20 60 (
2992 1748 364 80 Marine
3448 1768 44 40 r
3552 1748 332 76 search
3976 1748 376 92 society,

508 1864 332 88 Salem,
904 1864 280 76 Mass.
1308 1860 592 80 Publication
1956 1880 144 60 no.
2160 1856 140 100 22]

572 1972 56 84 ©
684 1972 196 76 Oct.
952 1972 124 76 17.
1160 1968 264 80 1030:
1496 1976 52 68 2
1556 2000 72 48 r.
1700 1972 224 76 Nov.
2004 1972 148 76 12:
2232 1972 156 76 aff.
2464 1972 80 72 D
2552 1992 48 56 e
2604 1996 44 48 c
2664 2032 12 16 .
2748 1972 100 84 3;
2924 1972 80 72 A
3076 1964 328 88 30964;
3488 1964 364 80 Marine
3924 1968 432 76 research

644 2084 376 88 society.
1156 2076 292 96 (31-5
1432 2084 48 64 :
1500 2084 24 76 )
3892 2072 40 80 1
3948 2072 228 84 3929

508 2264 304 104 Char
820 2264 32 96 l
860 2272 232 112 ton,
1152 2268 436 116 Moyra.

636 2408 324 136 Tally
1020 2408 216 132 Ho,
1288 2408 184 108 the
1528 2420 300 92 story
1888 2408 120 104 of
2064 2444 132 68 an
2272 2408 288 100 Irish
2624 2408 428 108 hunter,
3108 2408 140 132 by
3304 2404 388 136 Moyra
3764 2404 296 108 Char
4064 2404 28 100 l
4112 2420 240 112 ton;

504 2552 612 108 illustrated
1184 2556 140 124 by
1388 2552 384 112 Lionel
1840 2556 596 128 Edwards;
2508 2556 264 104 with
2844 2592 136 68 an
3044 2552 740 108 introduction
3856 2556 140 136 by
4064 2552 288 104 Lord

504 2708 88 100 L
600 2744 60 64 o
664 2704 400 108 nsdale.
1192 2708 452 100 London
1708 2708 84 96 &
1848 2708 264 100 New
2176 2704 340 120 York,
2576 2704 128 108 G.
2764 2708 120 96 P.
2944 2704 168 104 Pu
3124 2716 40 88 t
3172 2708 340 100 nam's
3568 2740 248 68 sons
3880 2712 160 104 119
4052 2708 124 96 30
4172 2752 36 64 1

640 2860 124 88 xi,
812 2860 136 92 82,
1004 2856 108 100 121
1164 2880 84 76 p.
1364 2864 168 76 col.
1584 2860 320 92 front.,
1956 2864 328 92 plates.
2400 2860 512 84 21ͨͫ.

644 2972 312 76 "First
1008 2972 516 92 published,
1580 2972 396 80 October
2024 2968 272 88 1930;
2356 2972 332 76 second
2744 2972 576 92 impression.
3380 2972 516 76 November
3956 2968 104 80 19
4120 2968 132 76 0."

596 3088 20 84 ©
664 3096 132 72 le.
844 3088 212 76 Dec.
1100 3084 132 80 23.
1284 3088 264 80 11130:
1612 3096 60 68 A
1728 3096 112 72 ad
1896 3088 164 76 int.
2112 3088 108 72 14
2224 3084 48 76 6
2276 3084 160 88 01;
2492 3108 60 68 p
2552 3088 212 76 uhd.
2812 3084 228 80 Nov.
3088 3084 104 92 3;
3248 3088 120 76 M.
3420 3080 484 84 Charlton.
3952 3084 408 76 London.

668 3196 480 96 (31-1523)
3896 3188 288 84 13930

516 3376 632 128 Charteris,
1204 3376 400 108 Leslie.

640 3524 440 136 Knight
1140 3528 560 128 Templar,
1764 3524 140 136 by
1968 3524 356 104 Leslie
2388 3524 568 104 Charteris
3052 3524 72 120 …
3292 3524 532 128 (London]
3900 3524 464 104 Hodder

504 3676 220 100 and
788 3672 620 136 Stoughton
1488 3676 224 100 [193
1724 3680 92 108 01

640 3832 52 76 3
700 3832 48 72 1
756 3824 52 84 0
816 3892 16 28 ,
896 3868 24 60 [
932 3852 32 52 1
1064 3848 84 72 p.
1260 3832 36 72 1
1320 3828 52 80 9
1372 3832 60 64 j'
1468 3836 52 40 0
1528 3892 16 16 .

520 3912 92 88 ©
680 3940 128 80 le.
868 3940 212 80 Dec.
1136 3940 132 92 29,
1328 3944 36 72 1
1384 3940 164 76 90
1576 3964 24 52 :
1660 3944 64 72 A
1772 3940 112 84 ad
1976 3944 116 72 im
2212 3940 168 84 146
2364 3944 156 72 27.
2588 3948 56 72 p
2664 3940 196 80 ild.
2964 3948 56 60 0
3020 3940 100 80 1.
3180 3940 156 88 30;
3408 3944 92 72 L.
3564 3940 512 88 Charteris,
4136 3940 232 80 Lon-

652 4052 204 80 don.
996 4048 436 96 (31-1390
1460 4068 16 64 )
3900 4048 228 84 1393
4140 4048 40 80 1

520 4232 520 124 Colburn,
1112 4232 732 124 Evangeline.

736 4384 64 112 …
864 4384 104 100 A
1052 4380 420 132 library
1560 4380 180 104 for
1824 4384 176 100 the
2092 4384 764 100 intermediate
2936 4388 448 132 grades;
3480 4420 132 68 an
3708 4396 456 92 account
4252 4388 116 96 of

520 4532 184 104 the
780 4532 496 104 methods
1356 4536 568 128 employed
2008 4544 108 92 to
2196 4532 560 104 stimulate
2832 4536 220 104 and
3128 4544 116 92 to
3320 4532 332 136 guide
3732 4536 184 100 the
3992 4532 376 104 volun-

520 4696 252 120 tary
836 4684 460 132 reading
1356 4680 124 104 of
1544 4684 372 132 pupils
1980 4684 124 100 of
2164 4684 396 132 grades
2624 4700 148 112 iv,
2836 4704 104 112 v,
3004 4688 216 100 and
3288 4716 116 72 vi
3468 4684 108 104 in
3648 4688 184 100 the
3896 4680 472 104 Labora-

520 4844 248 124 tory
836 4836 420 104 schools
1324 4832 124 104 of
1516 4836 184 100 the
1768 4836 652 132 University
2488 4832 124 104 of
2684 4832 524 136 Chicago,
3276 4836 216 104 and
3568 4872 136 64 an
3780 4832 580 100 annotated

524 4984 184 104 list
776 4984 124 104 of
968 4984 336 104 books
1372 4988 764 132 representing
2200 4988 184 100 the
2456 5000 280 88 most
2812 4988 512 128 frequent
3392 4984 420 104 choices
3884 4984 120 100 of
4080 4980 292 104 these

524 5136 372 132 pupils
972 5136 112 100 in
1164 5136 184 104 the
1428 5136 592 136 voluntary
2100 5136 460 132 reading
2636 5136 420 132 period,
3136 5132 144 136 by
3360 5136 680 132 Evangeline
4132 5132 236 104 Col-

520 5284 288 104 burn
868 5284 68 120 …
1136 5280 524 140 Chicago,
1712 5288 60 100 I
1784 5288 24 100 l
1828 5288 100 112 l.,
1984 5288 236 100 The
2276 5284 652 136 University
2984 5284 128 104 of
3172 5280 488 140 Chicago
3720 5288 232 96 [193
3964 5288 60 96 0
4012 5320 44 76 1

652 5444 120 92 iv,
860 5444 164 76 150
1104 5468 80 72 p.
1300 5444 108 76 22
1404 5444 44 80 1
1564 5508 16 16 .
1716 5444 692 92 (Publications
2492 5444 96 76 of
2676 5444 152 80 the
2916 5444 584 92 Laboratory
3584 5444 364 76 schools
4032 5440 100 80 of
4220 5444 148 76 the

528 5552 540 96 University
1124 5556 100 76 of
1284 5552 424 92 Chicago.
1832 5576 144 60 no.
2036 5556 76 80 1.
2236 5556 540 92 November,
2836 5552 276 100 1930)

664 5664 200 80 List
916 5664 96 80 of
1064 5664 284 80 books
1400 5660 268 84 arri
1636 5684 48 52 u
1668 5660 192 84 ed
1920 5668 112 92 by
2088 5664 364 96 subject
2508 5664 228 80 with
2796 5664 340 80 author
3192 5664 188 80 and
3432 5664 212 80 title
3700 5664 408 76 indexes.

532 5744 88 88 ©
688 5772 228 80 Nov.
972 5768 132 84 29.
1164 5772 272 80 1930:
1496 5772 48 68 2
1544 5768 44 64 e
1608 5836 12 16 .
1688 5788 68 60 :t
1748 5796 60 56 n
1816 5780 52 72 d
1932 5804 44 48 a
1984 5768 24 64 i
2156 5780 24 68 l
2036 5768 16 64 '
2288 5804 16 28 ,
2336 5804 20 40 .
2424 5772 112 72 16
2564 5796 16 52 :
2672 5788 28 44 A
2780 5780 92 72 31
2896 5776 56 76 6
2948 5772 164 92 22;
3176 5772 548 96 University
3784 5772 100 80 of
3940 5772 432 92 Chicago,

660 5880 428 96 Chicago.
1224 5880 268 92 (31-7
1488 5884 56 68 8
1568 5884 24 84 )
3904 5880 292 84 13932

524 6068 308 100 Cond
844 6068 56 100 e
908 6148 24 40 ,
996 6068 128 108 E.
1184 6068 128 104 R.

652 6212 468 104 Scandal
1192 6212 400 112 sheets;
1672 6252 44 64 a
1788 6252 136 64 no
1932 6256 68 60 v
2004 6216 96 104 el
2160 6216 328 104 based
2552 6252 132 64 on
2756 6228 20 88 t
2800 6216 128 104 he
2992 6216 200 100 life
3260 6216 120 100 of
3440 6216 372 104 Pietro
3888 6212 484 108 Aretino,

516 6356 184 112 the
760 6360 236 104 first
1044 6364 388 132 yellow
1492 6360 620 132 journalist,
2172 6368 140 132 by
2372 6368 128 100 E.
2568 6368 128 96 R.
2764 6364 84 108 C
2856 6400 60 64 o
2928 6368 140 96 nd
3080 6388 48 80 e
3140 6448 20 16 .
3296 6364 264 100 New
3624 6360 336 104 York.
4028 6360 132 104 G.
4220 6360 148 104 H.

516 6508 344 140 Watt,
916 6516 288 96 1930.

656 6660 96 80 ix
816 6684 108 76 p.,
984 6668 44 76 1
1092 6668 84 84 1.,
1236 6668 352 76 13-375.
1628 6688 84 76 p.
1828 6668 288 80 front.
2172 6668 332 96 (port.)
2636 6668 108 76 19
2756 6672 40 92 1
2800 6668 44 56 0
2900 6732 16 12 .

532 6760 96 96 ©
692 6780 216 92 Apr.
968 6780 48 68 1
1028 6832 16 16 5
1076 6808 20 48 ,
1164 6780 264 80 1930;
1496 6772 132 88 2c.
1696 6788 128 72 De
1832 6808 72 56 c.
1960 6784 160 88 23;
2188 6784 156 80 aff.
2408 6780 80 72 D
2492 6804 52 56 e
2548 6808 72 56 c.
2680 6784 156 92 22;
2904 6784 72 76 A
3040 6780 228 80 3240
3268 6788 52 72 3
3352 6804 16 72 ;
3440 6784 76 76 G
3524 6844 16 16 .
3604 6784 148 76 Ho
3756 6804 144 56 wa
3916 6784 100 76 rd
4080 6780 288 80 Watt.

688 6888 260 92 (31-1
956 6888 112 80 09
1088 6896 24 84 )
3904 6888 48 80 1
3964 6892 48 80 3
4024 6888 168 80 933

528 7040 560 132 Coolidge,
1148 7052 408 100 Emma
1612 7044 596 128 Downing,
2272 7060 320 96 1884-

656 7192 748 104 Descendants
1492 7196 120 100 of
1700 7196 296 104 John
2088 7200 212 100 and
2396 7200 332 132 Mary
2820 7196 528 132 Coolidge
3440 7196 124 104 of
3648 7200 720 120 Watertown,

524 7336 868 112 Massachusetts.
1464 7352 292 124 1630,
1808 7344 148 132 by
2008 7348 392 100 Emma
2456 7344 560 132 Downing
3076 7344 528 132 Coolidge
3688 7340 68 108 …
3916 7352 452 100 Boston,

520 7484 444 128 Wright
1024 7496 76 96 &
1164 7496 388 100 Potter
1604 7496 508 132 printing
2172 7532 540 96 company
2780 7460 88 112 K
2860 7500 120 100 19
2992 7500 124 96 30
3132 7560 20 64 1
