4920 8252
620 664 588 124 Munkres,
1264 664 516 108 Alberta.

812 816 68 112 …
948 812 524 132 Primary
1532 812 444 104 method
2040 812 116 100 in
2224 812 184 104 the
2472 812 408 100 church
2944 804 404 116 school,
3412 808 152 132 by
3628 804 464 100 Alberta
4156 800 324 100 Mun-

616 964 244 100 kres
932 968 60 104 …
1248 964 260 100 Rev,
1600 964 216 100 and
1904 964 596 100 rewritten.
2680 960 264 100 New
3036 952 348 120 York,
3472 948 636 112 Cincinnati
4204 1012 24 64 [
4240 960 220 92 etc.]

616 1112 232 100 The
900 1112 600 132 Abingdon
1560 1148 304 96 press
1932 1144 32 76 [
1964 1124 36 40 ͨ
2012 1120 188 96 193
2208 1108 120 112 0]

752 1268 52 76 2
808 1268 52 80 9
868 1268 52 76 2
988 1292 60 68 p
1052 1328 16 16 .
1188 1268 316 92 front.,
1580 1268 172 76 illu
1764 1288 96 72 s.,
1932 1268 332 92 plates,
2332 1264 276 96 diagr
2612 1288 44 52 s
2668 1328 12 12 .
2796 1264 52 76 2
2856 1264 540 88 0ͨͫ
3008 1324 16 16 .
3160 1264 244 88 (The
3472 1260 80 76 A
3560 1260 52 76 b
3620 1256 344 92 ingdon
4040 1252 444 96 religious

616 1376 376 80 educati
1000 1400 52 56 o
1056 1400 60 56 n
1184 1384 92 72 te
1276 1380 60 68 x
1348 1384 36 72 t
1388 1400 48 56 s
1444 1436 16 32 ,
1532 1376 84 80 J.
1688 1372 104 76 W
1808 1440 16 16 .
1896 1376 324 92 Langd
2228 1396 44 56 a
2288 1376 112 92 le,
2468 1392 344 76 genera
2820 1376 28 72 l
2916 1372 336 76 editor.
3396 1372 68 76 C
3476 1388 240 56 omm
3724 1364 272 92 unity
4068 1372 36 68 t
4116 1364 372 92 raining

620 1488 312 76 school
996 1488 320 92 series,
1380 1488 108 80 N.
1556 1488 100 76 E.
1724 1484 620 92 Richardson,
2412 1484 108 76 ed
2532 1484 28 72 i
2572 1480 192 96 tor)

760 1624 568 76 "Reference
1396 1616 272 84 list':
1740 1644 84 68 p.
1892 1620 48 76 2
1948 1616 56 76 8
2004 1620 164 76 2–2
2176 1616 52 76 8
2232 1616 104 92 9;
2412 1616 364 80 "Books
2840 1616 152 76 for
3064 1612 536 80 reference"
3668 1616 100 72 at
3832 1612 176 76 end
4080 1608 100 76 of
4244 1612 240 72 most

612 1736 104 72 of
768 1736 156 76 the
980 1736 468 92 chapters.

628 1868 96 88 ©
800 1868 216 80 Jan.
1076 1868 136 92 20,
1280 1864 272 96 1930;
1620 1868 132 80 2c.
1824 1868 180 76 and
2076 1864 156 76 aff.
2304 1864 212 76 Jan.
2588 1864 160 88 31;
2820 1864 84 72 A
2964 1860 332 92 19285;
3372 1860 104 76 A.
3552 1856 472 92 Munkres,
4100 1856 380 72 Boston.

776 1976 32 96 (
820 1976 116 80 30
936 1976 216 104 -412
1164 1976 56 80 6
1236 1976 24 96 )
4148 1956 180 88 762

620 2156 444 124 Munro,
1120 2156 492 104 William
1664 2156 540 120 Bennett,
2260 2160 192 100 187
2460 2168 56 92 5
2524 2224 56 8 –

756 2312 236 104 The
1044 2308 428 104 makers
1524 2308 124 100 of
1696 2308 184 104 the
1932 2308 600 100 unwritten
2588 2304 772 124 constitution;
3424 2308 180 96 the
3664 2300 292 104 Fred
4012 2300 480 128 Morgan

620 2460 364 136 Kirby
1056 2464 500 128 lectures,
1624 2456 552 104 delivered
2256 2468 116 92 at
2444 2452 592 136 Lafayette
3108 2452 444 132 college,
3628 2456 296 120 1929,
3996 2452 144 132 by
4212 2444 188 104 Wi
4404 2448 40 100 l
4456 2508 28 16 -

620 2612 268 100 liam
964 2612 476 100 Bennett
1520 2608 432 100 Munro.
2108 2608 264 100 New
2452 2604 344 136 York,
2872 2604 236 104 The
3184 2600 648 104 Macmillan
3916 2632 580 100 company,

628 2768 288 96 1930.

752 2912 56 80 6
860 2936 84 72 p.
1000 2908 36 76 l
1040 2972 44 36 .,
1144 2912 168 80 156
1364 2932 84 72 p.
1560 2912 600 88 19½ͨͫ.

628 3020 96 88 ©
788 3028 212 76 Jan.
1064 3024 132 84 28,
1260 3024 104 76 19
1368 3024 52 72 3
1428 3020 104 96 0;
1596 3024 128 84 2c.
1788 3024 188 76 and
2036 3020 160 80 aff.
2256 3020 216 80 Jan.
2532 3020 160 92 29;
2760 3020 80 76 A
2900 3020 332 88 19254;
3300 3016 548 76 Macmillan
3912 3036 132 56 co.

776 3136 96 92 (3
876 3132 60 80 0
940 3176 52 12 -
996 3136 44 72 4
1048 3136 56 72 2
1108 3136 156 88 53)
4148 3116 176 84 763

620 3316 424 120 Myers,
1096 3308 488 128 Leopold
1640 3308 628 128 Hamilton,
2328 3316 256 100 1882
2588 3380 72 8 –

760 3468 232 100 The
1064 3500 264 68 near
1400 3468 220 100 and
1692 3464 188 104 the
1952 3464 216 132 far,
2240 3464 144 132 by
2460 3464 124 104 L.
2656 3464 152 104 H.
2884 3464 404 132 Myers.
3436 3464 264 100 New
3780 3460 344 132 York,
4196 3460 292 100 Har-

616 3656 120 68 co
744 3652 68 64 u
820 3628 140 124 rt,
1016 3616 344 100 Brace
1412 3616 220 100 and
1684 3652 316 92 comp
2012 3652 60 64 a
2076 3652 152 96 ny
2292 3616 96 128 [ͨ
2372 3620 188 96 193
2572 3620 60 92 0
2640 3676 24 68 ]

748 3776 52 76 2
852 3792 80 72 p.
984 3772 24 76 l
1028 3832 40 24 .,
1116 3772 52 76 3
1176 3768 228 80 –306
1452 3792 84 72 p.
1652 3768 600 92 20ͨͫ.

632 3880 96 88 ©
788 3884 216 76 Jan.
1056 3880 132 92 30,
1248 3880 112 76 19
1360 3880 108 76 30
1500 3900 20 68 ;
1580 3880 48 76 2
1636 3896 44 64 c
1692 3940 16 16 .
1764 3880 180 76 and
2008 3880 160 76 aff.
2228 3880 212 76 Feb.
2496 3880 60 72 6
2580 3900 20 68 ;
2664 3880 72 72 A
2796 3880 44 72 1
2856 3884 52 76 8
2908 3876 216 92 500;
3188 3880 100 76 L.
3348 3880 112 72 H.
3528 3880 340 88 Myers,
3928 3880 228 72 East
4220 3872 272 80 Grin-

760 3992 292 92 stead,
1116 3992 452 88 England.
1704 3988 484 92 (30-4238)
4148 3980 172 80 764

624 4172 456 124 Nelson,
1136 4172 408 100 Lester
1596 4168 440 112 Edwin.

764 4324 464 104 Federal
1308 4324 360 128 liquor
1744 4324 324 128 laws;
2152 4360 60 64 a
2292 4320 716 132 compilation
3088 4324 124 96 of
3288 4324 148 96 all
3524 4320 424 104 federal
4032 4320 268 100 laws
4372 4320 124 100 of

616 4508 724 100 consequence
1412 4476 112 100 in
1592 4476 188 100 the
1840 4472 744 104 enforcement
2656 4472 124 104 of
2856 4476 356 124 liquor
3284 4472 268 100 laws
3620 4472 124 100 of
3816 4476 184 100 the
4072 4468 420 108 United

628 4624 400 132 States,
1076 4624 264 104 with
1400 4660 132 68 an
1584 4620 640 108 exhaustive
2276 4624 356 132 digest
2684 4624 124 100 of
2860 4624 144 100 all
3064 4624 424 104 federal
3540 4624 540 104 decisions
4120 4660 144 64 on
4312 4620 188 100 the

616 4776 420 132 subject
1116 4776 548 132 arranged
1744 4776 180 100 for
2004 4768 648 108 convenient
2736 4768 584 140 reference,
3396 4776 144 132 by
3624 4776 376 100 Lester
4084 4772 400 104 Edwin

620 4924 156 104 Ne
788 4928 32 96 l
828 4960 196 68 son
1092 4932 68 108 …
1364 4924 520 132 Chicago,
1948 4920 200 108 Cal
2160 4924 32 96 l
2204 4924 364 132 aghan
2632 4924 216 100 and
2912 4956 576 100 company,
3556 4932 44 92 1
3616 4932 60 92 9
3684 4932 60 92 3
3756 4928 60 92 0
3824 5008 20 16 .

752 5080 28 76 l
792 5080 28 76 i
876 5100 108 72 p.,
1040 5080 44 76 1
1136 5080 28 72 l
1180 5140 44 24 .,
1280 5076 104 80 10
1392 5076 48 76 8
1448 5076 48 80 9
1548 5100 84 72 p.
1748 5080 52 72 2
1808 5076 540 88 6ͨͫ
1956 5140 20 16 .

632 5172 104 96 ©
792 5188 208 80 Jan.
1056 5192 136 88 31,
1256 5188 268 88 1930;
1584 5188 52 72 2
1644 5192 72 76 c.
1772 5188 188 80 and
2016 5188 164 80 aff.
2240 5188 208 80 Feb.
2508 5188 104 88 5;
2676 5188 76 72 A
2812 5184 328 96 19346;
3208 5188 528 92 Callaghan
3796 5188 72 80 &
3924 5208 128 60 co.

780 5296 484 96 (30-4496)
4152 5292 176 84 765

620 5476 280 104 New
972 5480 528 104 standard
1580 5476 828 140 encyclopedia;
2488 5480 768 136 systematized
3336 5480 768 128 information,
4176 5484 320 128 clear,

752 5628 452 124 concise,
1280 5628 532 132 complete
1888 5632 64 108 …
2160 5628 524 132 Chicago,
2764 5628 560 108 Standard
3404 5632 780 132 encyclopedia
4264 5668 220 64 cor-

752 5776 544 132 poration,
1360 5784 288 96 1930.

760 5932 104 80 10
912 5956 80 56 v.
1112 5932 100 80 ill
1224 5956 164 68 us.,
1440 5936 308 92 plates
1796 5932 268 96 (part
2112 5936 200 80 col.,
2364 5940 216 88 part
2632 5932 384 92 double)
3084 5940 316 88 ports.,
3460 5956 260 72 maps
3772 5940 264 88 (part
4088 5936 388 92 double)

624 6048 324 88 tables,
1000 6044 348 92 diagrs.
1464 6044 560 84 24½ͨͫ.

760 6152 276 80 Chief
1088 6156 100 72 of
1248 6152 436 80 editorial
1740 6148 284 80 staff:
2080 6152 360 76 Harold
2500 6152 96 76 M
2608 6216 12 12 .
2684 6152 484 80 Stanford.

764 6264 532 76 Published.
1364 6260 252 92 1927,
1688 6264 300 72 under
2060 6256 260 80 title:
2396 6260 196 76 The
2672 6260 472 80 Standard
3220 6264 480 76 reference
3772 6264 260 76 work
4108 6264 152 76 for
4336 6268 156 72 the

624 6372 288 92 home,
968 6372 340 80 school,
1364 6372 184 76 and
1600 6368 392 92 library.

632 6476 104 92 ©
788 6484 212 76 Jan.
1052 6484 132 88 31,
1240 6480 268 88 1930;
1568 6476 132 76 2c.
1808 6484 240 96 each
2036 6480 180 100 and
2188 6476 244 80 aff.
2540 6484 240 96 Feb.
2792 6484 120 96 4;
2920 6480 76 76 A
3052 6480 292 100 18483:
3452 6484 56 72 S
3524 6496 160 64 tan
3692 6484 116 76 da
3816 6504 52 52 r
3876 6484 52 72 d
3984 6480 504 76 education

764 6612 180 60 soc.
1080 6588 484 96 (30-4373)
4156 6584 172 88 766

628 6768 604 124 Newfang,
1292 6768 388 104 Oscar.

764 6924 232 100 The
1068 6916 376 108 united
1524 6928 96 92 st
1628 6952 48 68 a
1696 6928 40 88 t
1748 6920 128 112 es
1928 6964 60 56 o
2008 6920 44 100 f
2116 6920 184 100 the
2372 6920 364 112 world
2752 6956 20 84 ;
2856 6948 48 64 a
2988 6928 688 124 comparison
3756 6924 476 100 between
4308 6924 184 100 the

636 7072 436 132 League
1116 7072 128 100 of
1288 7072 440 100 nations
1780 7100 136 68 an
1928 7072 64 100 d
2048 7072 184 100 the
2292 7068 100 104 U
2396 7068 304 104 nited
2760 7068 368 108 States
3180 7072 124 104 of
3352 7072 552 120 America,
3952 7076 148 128 by
4152 7072 344 104 Oscar

628 7220 584 128 Newfang.
1356 7216 272 104 New
1676 7216 316 104 York
2048 7224 216 96 and
2316 7216 500 132 London,
2868 7216 136 108 G.
3052 7216 128 108 P.
3232 7224 576 100 Putnam's
3864 7260 280 88 sons,
4204 7228 288 96 1930.

760 7372 56 72 x
828 7432 20 32 ,
904 7372 168 80 284
1128 7396 84 72 p.
1328 7372 600 88 21ͨͫ.

652 7476 32 24 ©
808 7484 208 76 Jan.
1080 7480 136 92 31,
1280 7480 276 92 1930;
1620 7480 48 76 2
1676 7484 44 68 c
1736 7540 12 16 .
1816 7484 184 76 and
2064 7504 52 56 a
2128 7480 96 80 ff.
2292 7480 216 80 Feb.
2576 7484 100 76 1:
2752 7484 72 72 A
2892 7480 336 92 18453;
3300 7480 72 80 O
3384 7548 16 12 .
3468 7484 488 92 Newfang,
4028 7484 464 92 Hastings

772 7612 116 56 on
944 7592 424 88 Hudson,
1424 7588 108 80 N.
1592 7592 100 76 Y.
1824 7588 388 92 (30-439
2216 7588 52 80 6
2280 7588 28 96 )
4156 7588 172 84 767

2432 7692 196 100 122
