4800 8268
396 816 232 116 519

396 816 232 116 etc.,
684 816 236 120 etc.,
972 804 144 136 by
1172 804 420 132 Joseph
1648 804 132 100 R.
1844 800 360 108 Swan.
2332 800 256 104 27th
2656 800 192 128 ed.,
2912 796 420 108 revised
3396 808 116 92 to
3572 796 504 104 conform
4136 808 116 92 to

396 952 460 136 judicial
936 956 536 104 decisions
1548 956 216 100 and
1844 952 152 104 all
2072 952 664 132 legislation,
2812 960 120 92 to
3008 956 292 124 1930,
3376 948 144 136 by
3604 948 384 100 Aaron
4060 952 184 100 Du

400 1100 264 104 Bois
752 1112 68 104 …
988 1100 668 132 Cincinnati,
1720 1100 236 104 The
2012 1100 152 104 W
2168 1180 24 24 .
2256 1100 148 100 H.
2468 1096 592 104 Anderson
3120 1132 572 96 company,
3764 1100 288 96 1930.

536 1264 132 84 cv,
728 1260 224 76 1010
1008 1280 84 72 p.
1204 1256 52 80 2
1264 1256 504 88 6ͨͫ
1412 1316 20 20 .

416 1356 100 92 ©
572 1372 224 92 Apr.
856 1372 76 92 5,
992 1372 272 88 1930;
1324 1372 52 72 2
1384 1388 48 60 c
1440 1432 16 16 .
1516 1368 184 76 and
1760 1364 104 80 af
1856 1364 36 76 f
1904 1432 20 12 .
1984 1368 220 92 Apr.
2264 1368 104 88 7;
2432 1364 80 76 A
2568 1364 112 80 20
2680 1364 56 76 9
2740 1364 160 92 07;
2968 1364 320 80 James
3348 1364 108 76 A.
3524 1360 300 96 Swan,
3892 1364 360 72 trustee

544 1480 104 76 of
696 1484 160 76 the
904 1484 304 72 estate
1264 1480 100 76 of
1412 1480 348 88 Joseph
1816 1480 108 76 R.
1984 1476 300 92 Swan,
2344 1480 224 72 New
2624 1472 276 80 York.
3032 1472 160 96 (30
3196 1472 100 76 -9
3304 1472 216 92 956)
3856 1468 232 80 3457

412 1632 508 124 Sweden,
1004 1636 516 132 Norway,
1604 1636 572 100 Denmark
2260 1636 216 104 and
2560 1636 456 100 Iceland
3104 1632 116 100 in
3296 1636 188 100 the
3568 1628 348 104 world
4000 1664 260 68 war.

544 1776 492 136 Sweden,
1108 1780 144 136 by
1320 1780 100 100 E
1424 1784 40 96 l
1472 1780 36 100 i
1580 1780 92 100 F
1684 1864 24 20 .
1776 1780 628 104 Heckscher
2488 1788 68 108 …
2688 1844 24 64 [
2724 1780 252 128 and]
3056 1780 300 100 Kurt
3428 1772 512 132 Bergend
3952 1780 104 96 al
4156 1788 68 108 …

540 1932 516 132 Norway,
1108 1928 148 132 by
1304 1928 528 104 Wilhelm
1888 1928 484 104 Keilhau
2440 1928 68 120 …
2684 1928 600 128 Denmark,
3332 1928 148 132 by
3540 1924 352 104 Einar
3948 1924 316 104 Cohn

676 2088 64 104 …
804 2080 484 132 Iceland,
1360 2080 144 132 by
1572 2080 672 100 Thorsteinn
2312 2080 848 100 Thorsteinsson
3212 2096 64 104 …
3492 2080 272 100 New
3828 2076 440 132 Haven,

548 2228 276 104 Yale
880 2228 616 136 university
1556 2264 356 96 press;
1980 2228 496 132 London,
2536 2228 152 104 H.
2748 2228 512 128 Milford,
3320 2228 444 104 Oxford
3828 2228 432 100 univer-

544 2380 220 132 sity
848 2416 336 96 press,
1272 2380 184 100 for
1532 2380 188 100 the
1808 2380 540 132 Carnegie
2432 2380 692 100 endowment
3212 2376 176 104 for
3476 2376 792 104 international

544 2568 380 92 peace:
980 2528 520 104 Division
1552 2528 128 104 of
1736 2528 600 104 economics
2396 2528 216 104 and
2672 2528 464 136 history,
3200 2532 288 100 1930.

548 2696 60 64 x
616 2692 156 76 vii.
836 2692 160 76 593
1060 2712 88 68 p.
1264 2688 344 92 diagrs.
1660 2684 96 88 (1
1820 2684 276 92 fold.)
2224 2688 564 88 25ͨͫ.
2576 2724 20 60 [
2608 2688 452 92 Carnegie
3124 2692 588 72 endowment
3772 2688 152 80 for
3988 2688 280 76 inter-

416 2800 428 76 national
904 2820 304 68 peace.
1328 2796 432 80 Division
1824 2796 100 80 of
1980 2796 416 80 economi
2404 2820 48 56 c
2456 2816 44 56 s
2564 2800 184 72 and
2812 2796 396 92 history.
3324 2792 500 84 Economic
3884 2800 188 76 and
4132 2816 136 60 so-

416 2908 180 76 cial
656 2904 368 88 history
1084 2908 104 76 of
1248 2908 160 76 the
1468 2908 292 72 world
1824 2924 224 60 war.
2168 2904 564 76 Translated
2800 2908 184 76 and
3048 2904 448 88 abridged
3560 2904 316 80 series]

556 3016 252 76 "The
860 3016 380 88 present
1296 3016 364 76 volume
1716 3012 84 80 is
1856 3032 124 56 an
2036 3012 592 92 abridgment
2684 3012 100 76 of
2840 3016 160 76 the
3064 3012 696 80 Scandinavian
3820 3012 288 80 series
4184 3008 60 88 …

416 3124 200 76 The
676 3120 400 96 original
1136 3120 292 80 series
1496 3120 56 88 …
1664 3112 204 84 [has
1864 3136 24 64 ]
1964 3140 120 56 an
2148 3120 528 76 individual
2740 3124 364 76 volume
3168 3120 152 80 for
3384 3124 232 76 each
3676 3116 596 96 country."-

416 3256 88 68 p.
580 3228 32 76 [
616 3228 56 84 ii
660 3244 28 68 ]

556 3340 468 76 "Denmar
1032 3340 64 76 k
1140 3336 100 76 in
1288 3340 156 72 the
1492 3340 268 88 great
1808 3356 196 56 war
2080 3332 60 88 …
2204 3332 448 96 abridged
2700 3332 40 80 f
2752 3356 40 56 r
2800 3356 52 56 o
2860 3356 88 56 m
2996 3340 160 72 the
3204 3332 248 80 Dani
3460 3356 44 56 s
3508 3336 64 76 h
3620 3340 52 72 b
3680 3356 56 72 y
3788 3340 116 76 K.
3952 3340 248 76 Vede
4204 3336 32 76 l
4244 3380 28 12 -

420 3444 736 92 Petersen."-p.
1220 3460 20 64 [
1244 3440 172 84 409
1420 3484 20 56 ]

428 3540 100 92 ©
584 3556 236 76 Mar.
872 3556 136 88 14,
1060 3556 272 88 1930;
1388 3556 132 76 2c.
1568 3552 224 92 Apr.
1840 3552 104 88 4;
2000 3548 104 80 af
2096 3548 32 76 f
2144 3612 16 16 .
2216 3552 220 92 Apr.
2492 3548 100 92 2;
2652 3548 80 80 A
2780 3548 332 92 21586;
3176 3552 452 92 Carnegie
3684 3556 584 76 endowment

560 3664 156 76 for
772 3660 484 84 internatl.
1320 3684 304 72 peace,
1688 3660 648 92 Washington.
2476 3660 484 96 (30-9720)
3876 3664 52 76 3
3932 3656 56 84 4
3996 3660 112 80 58

424 3812 452 128 Taylor,
928 3820 272 104 Mrs.
1256 3816 364 104 Marie
1676 3820 132 104 E.

552 3964 264 104 Just
904 3964 272 132 boys
1268 3968 216 100 and
1580 3964 276 136 girls
1956 3964 124 100 of
2176 3968 264 100 dear
2536 3968 180 100 old
2824 3964 520 136 Chicago,
3440 3964 148 136 by
3684 3968 356 104 Marie
4144 3968 132 104 E.

420 4112 416 136 Taylor
920 4112 68 120 …
1156 4116 452 128 Boston,
1672 4116 236 100 The
1976 4112 728 132 Christopher
2768 4112 648 136 publishing
3484 4116 328 104 house
3896 4112 544 132 [ͨ1930]

560 4272 156 76 143
784 4292 84 72 p.
980 4268 564 88 20½ͨͫ.

448 4372 96 96 ©
620 4384 220 88 Apr.
916 4384 76 88 3,
1068 4384 160 76 193
1240 4384 52 76 0
1324 4400 16 72 ;
1416 4384 132 76 2c.
1620 4384 220 88 Apr.
1920 4384 52 76 9
2000 4404 16 68 ;
2100 4404 48 56 a
2156 4384 72 76 ff
2240 4444 16 16 .
2332 4384 220 92 Apr.
2632 4384 100 88 7;
2812 4384 80 76 A
2964 4384 112 76 20
3076 4384 60 72 9
3136 4384 160 88 31;
3380 4384 612 92 Christopher
4068 4388 212 92 pub.

572 4492 320 76 house.
1024 4492 540 92 (30-10091)
3880 4488 232 88 3459

424 4640 448 128 Taylor,
920 4648 432 100 Robert
1404 4648 404 124 Bruce,
1856 4652 164 104 ed.

560 4796 372 104 Lands
1028 4800 220 100 and
1344 4800 476 128 peoples,
1916 4804 180 96 the
2200 4800 344 104 world
2644 4804 116 100 in
2856 4804 320 100 color.
3328 4800 952 132 Editor-in-chief,

428 4944 132 104 R.
616 4948 356 104 Bruce
1024 4948 164 100 Ta
1188 4948 112 108 yl
1316 4984 120 64 or
1520 4944 68 112 …
1760 4948 144 100 In
1904 4988 52 64 c
1964 4952 316 100 ludin
2288 4988 68 92 g
2412 4988 56 64 a
2528 4952 360 132 specia
2900 4952 24 100 l
2984 4988 120 68 su
3116 4988 264 96 rvey
3436 4952 124 104 of
3612 4964 44 92 t
3660 4952 136 104 he
3848 4952 432 132 League

440 5096 128 104 of
612 5096 472 132 nations,
1132 5100 144 132 by
1324 5096 492 108 Graham
1876 5100 292 132 Spry
2232 5104 68 108 …
2400 5104 216 100 and
2672 5140 56 64 a
2788 5104 552 100 foreword
3388 5104 144 132 by
3580 5104 148 100 H.
3784 5104 152 100 M.
3992 5104 300 136 Tory

712 5284 96 64 v.
896 5252 92 128 6,
1068 5248 88 100 7.
1304 5252 524 132 Toronto,
1904 5252 236 100 The
2220 5248 100 108 G
2332 5252 328 104 rolier
2740 5248 408 136 society
3224 5252 488 128 limited;
3796 5256 496 128 London,

432 5396 232 104 The
724 5396 736 104 Educational
1520 5396 284 104 book
1856 5436 540 100 company
2456 5400 424 104 limited
2952 5392 360 120 [ͨ1930]

572 5552 56 76 2
688 5572 84 60 v.
888 5552 68 76 il
964 5552 172 80 lus.
1192 5552 260 92 (part
1516 5572 100 60 co
1620 5556 112 92 l.)
1864 5548 528 88 25ͨͫ
2068 5580 20 48 .

452 5644 96 96 ©
616 5660 224 96 Apr.
908 5664 80 92 2,
1052 5660 272 92 1930;
1396 5664 132 80 2c.
1600 5668 228 72 each
1896 5668 184 76 and
2152 5664 100 80 af
2244 5664 44 76 f
2296 5728 16 16 .
2384 5668 216 92 Apr.
2676 5668 156 88 16;
2908 5668 80 76 A
3056 5668 332 92 22158;
3464 5668 368 80 Grolier
3904 5668 376 96 society,

580 5772 232 80 New
856 5772 280 80 York.
3876 5776 232 80 3460

444 5896 576 124 Thoburn,
1076 5900 428 120 Joseph
1564 5900 604 128 Bradfield,
2232 5916 260 92 1866
2496 5972 56 12 -

580 6044 676 132 Oklahoma;
1324 6080 60 68 a
1444 6044 432 140 history
1936 6048 124 104 of
2116 6052 184 100 the
2360 6060 280 92 state
2704 6052 216 100 and
2984 6056 144 100 its
3188 6056 420 128 people,
3664 6056 148 132 by
3872 6052 412 132 Joseph

444 6196 128 100 B.
632 6196 528 100 Thoburn
1220 6196 216 100 and
1496 6196 408 104 Muriel
1960 6200 148 100 H.
2164 6200 460 132 Wright
2720 6200 72 108 …
2932 6208 268 100 New
3260 6200 348 132 York,
3664 6200 356 108 Lewis
4076 6204 212 100 his-

440 6340 392 104 torical
892 6344 648 132 publishing
1592 6380 576 100 company,
2228 6352 240 128 inc.,
2536 6356 288 96 1929.

584 6500 52 80 4
692 6524 88 56 v.
892 6504 368 92 fronts.,
1324 6508 328 88 plates,
1712 6512 320 88 ports.,
2096 6528 288 72 maps,
2444 6508 368 80 facsim.
2928 6500 560 88 27½ͨͫ.

580 6608 252 80 Vols.
884 6612 168 76 1-2
1104 6616 184 72 and
1340 6616 52 72 3
1396 6656 56 8 -
1456 6616 48 72 4
1560 6616 292 88 paged
1912 6616 684 96 continuously.

584 6716 660 96 Biographical
1304 6720 484 80 sketches:
1844 6744 84 56 v.
1976 6724 196 80 3-4.

464 6820 100 92 ©
616 6824 216 80 Feb.
880 6824 76 96 1,
1008 6828 272 92 1930;
1332 6828 52 76 2
1388 6840 44 68 c
1444 6892 16 16 .
1516 6832 228 76 each
1792 6832 220 88 Apr.
2060 6832 104 88 3;
2220 6832 92 76 af
2316 6832 40 72 f
2360 6892 16 16 .
2432 6832 236 80 Mar.
2720 6832 156 88 25;
2936 6832 76 76 A
3064 6836 220 76 2154
3292 6836 48 72 5
3376 6856 16 72 ;
3452 6836 300 80 Lewis
3804 6836 488 80 historical

588 6940 212 88 pub.
852 6960 48 56 c
904 6956 52 56 o
964 6996 48 32 .,
1064 6936 32 76 i
1100 6964 60 52 n
1168 6960 48 56 c
1220 7000 20 16 .
1364 6940 480 92 (30-9715)
3900 6944 224 80 3461

460 7056 504 112 Tristan.

600 7216 452 100 Tristan
1112 7220 216 100 and
1388 7216 380 136 Iseult,
1824 7220 148 128 by
2028 7220 416 132 Joseph
2508 7224 92 96 B
2604 7216 64 92 é
2672 7220 272 132 dier,
3000 7228 608 100 translated
3668 7228 144 132 by
3872 7220 440 108 Hilaire

460 7360 428 128 Belloc;
952 7364 624 104 illustrated
1636 7372 148 132 by
1840 7368 252 104 Mac
2148 7372 804 132 Harshberger.
3100 7376 264 96 New
3428 7376 344 132 York,
3832 7376 136 100 A.
4028 7376 92 100 &
4180 7372 120 108 C.

472 7508 316 140 Boni,
848 7516 292 100 1930.

2248 7672 196 96 519
