4752 8320
560 668 420 124 Hayes,
1044 668 416 100 Ernest
1524 668 428 120 Henry.

692 812 344 136 Forty
1104 848 312 100 years
1480 848 136 64 on
1680 812 180 104 the
1924 812 620 128 Labrador;
2616 812 180 104 the
2860 808 556 140 life-story
3488 812 120 100 of
3672 812 188 104 Sir
3920 812 176 100 Wi
4108 812 36 96 l
4160 812 244 104 fred

556 960 536 136 Grenfell,
1160 996 112 64 K.
1344 980 52 76 C
1412 1040 16 20 .
1504 992 88 68 M
1612 1040 16 20 .
1700 980 128 112 G.,
1892 960 136 136 by
2104 956 396 112 Ernest
2564 964 388 132 Henry
3020 964 372 132 Hayes
3468 980 60 104 …
3724 960 264 104 New
4068 960 340 132 York,

560 1112 480 132 Chicago
1104 1124 264 120 [etc.,
1436 1108 512 132 Fleming
1992 1112 112 96 H
2120 1192 20 16 .
2204 1108 372 100 Revell
2628 1144 536 100 company
3284 1116 316 124 [ͨ1930]

692 1264 168 80 128
920 1284 84 76 p.
1116 1264 44 76 f
1172 1280 160 60 ron
1344 1268 36 72 t
1388 1324 44 16 ..
1488 1264 336 92 (port.)
1908 1264 328 92 plates.
2348 1264 48 76 1
2408 1264 104 96 9½
2524 1260 104 84 ͨͫ.

576 1356 88 88 ©
728 1384 228 76 Nov.
1016 1384 132 88 15,
1208 1376 272 96 1930;
1540 1376 132 84 2c.
1728 1384 188 72 and
1972 1376 100 80 af
2064 1372 32 76 f
2116 1444 12 12 .
2192 1380 72 76 N
2280 1400 112 56 ov
2400 1444 16 12 .
2476 1380 48 72 2
2532 1380 36 72 1
2604 1384 28 64 :
2704 1380 72 76 A
2832 1376 332 96 31223;
3232 1380 428 92 Fleming
3712 1380 120 80 H.
3892 1380 80 76 R
3980 1384 240 72 evell
4272 1400 136 60 co.

708 1532 20 56 [
740 1484 96 100 ©
900 1512 204 56 new
1160 1492 432 76 material]
1768 1480 436 100 (30-3200
2204 1484 56 72 6
2280 1492 28 92 )
3944 1484 288 84 13041

568 1648 416 124 Heard,
1048 1648 336 120 John,
1448 1656 140 104 jr.

692 1792 304 108 John
1056 1792 828 132 Wheelwright,
1948 1796 628 108 1592-1679,
2644 1796 136 108 by
2848 1792 300 104 John
3212 1792 416 132 Heard,
3688 1792 136 132 jr.
3940 1804 68 108 …
4152 1792 260 100 Bos-

564 1960 184 88 ton
808 1940 212 104 and
1080 1940 260 104 New
1404 1940 336 104 York.
1800 1940 616 132 Houghton
2468 1940 124 104 M
2588 1948 32 92 iff
2664 1948 32 92 l
2748 1948 112 96 in
2920 1976 568 100 company,
3552 1948 292 96 1930.

696 2096 52 80 6
804 2116 80 76 p.
940 2096 88 92 l.,
1120 2096 80 96 [3
1204 2096 108 72 ]-1
1324 2096 48 76 3
1384 2100 48 76 7
1496 2116 80 72 p.
1688 2096 316 88 front.,
2064 2104 60 76 p
2128 2092 32 80 l
2164 2100 156 76 ate
2316 2104 44 64 s
2380 2156 16 32 ,
2460 2100 288 88 ports.
2864 2096 836 88 21½ͨͫ.

652 2216 24 84 ©
748 2216 228 76 Nov.
1052 2212 132 92 22,
1260 2204 156 84 193
1428 2212 100 80 0;
1644 2216 120 104 2c.
1812 2200 220 84 Nov.
2112 2212 48 72 2
2168 2212 100 80 8;
2340 2224 48 60 a
2396 2208 92 76 ff
2492 2276 16 16 .
2580 2200 80 84 N
2664 2212 52 68 o
2728 2232 52 52 v
2792 2272 16 16 .
2880 2208 52 76 2
2940 2212 56 76 6
3024 2228 16 72 ;
3116 2212 84 76 A
3272 2212 108 76 30
3388 2212 52 76 8
3440 2208 112 80 69
3584 2232 20 68 ;
3684 2212 84 76 J.
3844 2212 348 88 Heard,
4268 2212 148 88 jr.,

704 2324 376 76 Boston.
1216 2320 440 96 (30-3200
1660 2324 100 76 3)
3952 2316 292 84 13042

564 2480 412 124 Ingles,
1040 2480 304 120 May.

712 2628 560 136 Teaching
1320 2628 184 100 the
1548 2664 184 68 use
1780 2624 124 104 of
1952 2624 332 108 books
2332 2624 220 108 and
2604 2624 556 132 libraries;
3216 2660 60 72 a
3328 2628 444 104 manual
3828 2624 184 104 for
4060 2624 320 108 schoo
4388 2628 28 100 l

576 2780 588 104 librarians
1236 2776 216 104 and
1524 2780 588 100 classroom
2176 2776 524 132 teachers,
2772 2788 112 92 to
2956 2812 672 100 accompany
3700 2776 232 104 The
4004 2772 424 136 library

576 2932 72 100 k
656 2964 180 100 ey;
912 2928 144 136 by
1128 2928 268 132 May
1468 2928 220 136 Ing
1696 2928 32 100 l
1736 2960 108 72 es
1956 2936 80 112 …
2124 2928 212 104 and
2412 2928 332 104 Anna
2820 2924 564 136 McCague
3496 2936 80 112 …
3732 2924 268 108 New
4084 2924 344 132 York,

576 3080 236 104 The
872 3080 148 104 H.
1080 3084 172 96 W.
1316 3080 432 100 Wilson
1812 3112 576 100 company,
2456 3080 288 104 1930.

704 3236 168 84 198
944 3260 80 72 p.
1140 3236 108 80 26
1264 3240 104 92 ½ͨͫ
1404 3300 16 16 .

712 3344 728 84 "References":
1492 3352 76 76 p.
1628 3348 144 92 [1
1764 3348 48 80 87]
1848 3348 112 76 -1
1968 3344 108 80 92
2108 3368 16 68 ;
2184 3344 324 80 "Brief
2552 3344 652 96 bibliography
3252 3368 116 56 on
3420 3344 476 80 reference
3944 3344 284 80 books
4276 3344 152 80 for

576 3460 156 76 the
796 3460 420 76 business
1284 3456 364 80 office":
1716 3480 56 68 p
1768 3484 20 44 .
1860 3456 416 84 172-173.

580 3544 92 88 ©
740 3572 220 76 Nov.
1020 3560 132 84 18.
1212 3564 268 80 1930;
1540 3556 124 88 2c.
1724 3568 228 76 Nov.
2004 3564 160 92 29;
2228 3568 156 80 aff.
2440 3568 228 80 Nov.
2724 3568 52 72 2
2784 3560 56 76 8
2868 3588 16 68 ;
2944 3568 84 76 A
3080 3568 328 88 31363;
3472 3568 116 80 H.
3648 3568 140 76 W.
3844 3568 364 76 Wilson
4260 3588 44 56 c
4316 3584 48 60 o
4376 3628 44 32 .,

712 3680 172 76 inc.
1020 3676 376 96 (30-322
1396 3672 56 76 8
1460 3676 100 96 9)
3956 3668 232 88 1304
4196 3672 52 80 3

568 3804 572 124 Jameson,
1204 3808 424 120 Storm,
1696 3812 320 100 1897-

700 3952 232 100 The
1008 3952 408 100 decline
1488 3952 124 100 of
1676 3988 364 100 merry
2108 3952 556 132 England,
2732 3956 148 132 by
2952 3952 364 104 Storm
3392 3952 508 108 Jameson
3972 3956 68 108 …
4244 3952 180 100 In-

568 4100 652 136 dianapolis,
1276 4104 236 100 The
1576 4100 844 108 Bobbs-Merrill
2480 4140 148 68 co.
2696 4100 368 112 (ͨ1930]

704 4276 56 56 v
768 4256 28 76 i
804 4256 64 76 ii
932 4276 108 72 p.,
1100 4256 48 76 1
1208 4248 32 80 l
1248 4316 48 32 .,
1356 4256 332 80 11-320
1748 4280 80 72 p.
1944 4256 108 76 22
2064 4260 40 92 ½
2136 4264 92 72 ͨͫ.

708 4364 164 76 "In
928 4364 188 80 this
1168 4384 272 76 essay
1492 4388 112 52 on
1660 4364 604 92 Puritanism,
2324 4368 44 76 I
2416 4368 120 80 ha
2552 4388 48 52 v
2608 4392 48 56 e
2708 4376 160 72 not
2924 4368 520 92 attempted
3500 4388 52 60 a
3604 4368 592 80 consecutive
4248 4368 180 76 his-

572 4476 208 88 tory
836 4472 56 88 …
1044 4468 152 100 My
1252 4476 304 92 object
1612 4476 172 80 has
1836 4476 228 76 been
2124 4484 92 72 to
2272 4476 260 80 show
2584 4476 212 80 that
2848 4476 344 84 during
3248 4480 156 76 the
3460 4476 336 80 second
3852 4476 208 80 half
4116 4476 96 80 of
4272 4480 160 76 the

568 4584 476 80 sixteenth
1092 4584 188 80 and
1328 4584 156 80 the
1532 4584 60 76 fi
1600 4588 140 76 rst
1788 4584 208 80 half
2044 4584 100 80 of
2192 4588 160 76 the
2400 4588 608 76 seventeenth
3064 4584 492 92 centuries,
3616 4588 156 76 the
3824 4592 604 88 government

572 4692 96 80 of
728 4692 428 92 England
1216 4692 56 76 h
1284 4696 116 76 ad
1456 4692 356 92 always
1872 4692 324 80 before
2248 4692 76 80 it
2380 4716 120 56 an
2564 4692 268 96 ideal,
2892 4696 148 76 wh
3056 4696 16 72 i
3088 4696 108 76 ch
3256 4696 428 76 however
3744 4696 276 92 badly
4084 4696 68 76 it
4216 4712 212 72 may

572 4804 240 76 have
856 4804 224 76 been
1132 4800 180 80 fulf
1316 4800 24 80 i
1348 4804 216 92 lled,
1616 4824 196 56 was
1864 4808 100 72 at
2012 4804 244 76 least
2308 4808 260 72 truer
2620 4808 180 72 and
2848 4804 324 76 nobler
3220 4808 232 76 than
3504 4808 208 72 that
3764 4804 304 76 which
4120 4820 312 76 super-

572 4912 280 80 seded
916 4912 72 80 it
1056 4912 228 80 with
1344 4912 160 80 the
1568 4916 344 76 advent
1972 4912 96 76 of
2132 4912 160 80 the
2356 4912 344 76 middle
2768 4912 344 80 classes
3176 4932 104 56 as
3348 4932 56 56 a
3468 4912 296 80 result
3828 4916 100 76 of
3996 4916 156 76 the
4212 4908 216 84 civil

572 5020 652 80 war."-Pref.

712 5128 312 80 "First
1080 5128 440 80 edition."

712 5240 340 76 "Table
1104 5240 100 76 of
1260 5236 636 80 references":
1952 5260 80 72 p.
2088 5236 52 76 2
2148 5236 48 80 9
2204 5236 300 80 7-303.

588 5348 96 96 ©
744 5360 172 76 Oct
924 5420 20 16 .
996 5356 52 76 2
1056 5352 52 76 9
1116 5420 16 28 ,
1192 5360 44 72 1
1248 5352 160 88 930
1444 5376 12 56 ;
1520 5352 48 76 2
1568 5352 80 88 c.
1708 5356 80 76 N
1796 5376 52 56 o
1856 5376 80 56 v.
1992 5356 104 88 1;
2160 5348 156 84 aff.
2376 5352 228 80 Nov.
2664 5352 104 92 7;
2828 5352 80 72 A
2964 5348 108 80 30
3076 5348 56 84 6
3132 5352 56 80 8
3192 5352 100 92 1;
3356 5352 76 76 B
3444 5372 48 56 o
3500 5352 200 76 bbs-
3708 5352 92 76 M
3804 5352 192 72 erri
4004 5352 64 76 ll
4128 5360 44 72 c
4180 5372 52 56 o
4244 5412 12 16 .

736 5468 92 92 (3
832 5456 60 84 0
896 5464 272 80 -3212
1176 5468 52 76 5
1248 5464 28 88 )
3956 5456 292 84 13044

576 5592 544 128 Johnson,
1180 5592 608 104 Frederick
1848 5592 524 120 William,
2440 5600 328 96 1888-

708 5744 1112 132 Non-interpolating
1896 5740 692 136 logarithms,
2672 5736 820 136 cologarithms,
3576 5740 216 100 and
3884 5740 536 132 antiloga-

572 5892 448 128 rithms;
1084 5892 544 132 arranged
1684 5928 116 64 so
1856 5928 112 64 as
2028 5900 112 92 to
2196 5888 248 136 give
2500 5884 300 104 four-
2868 5888 212 100 and
3144 5888 572 132 five-place
3768 5888 660 132 logarithms

576 6044 212 100 and
864 6040 896 132 antilogarithms
1832 6040 220 100 and
2128 6036 620 128 four-place
2820 6036 784 132 cologarithms
3676 6036 144 132 by
3896 6072 288 68 mere
4260 6036 164 104 in-

572 6188 524 132 spection,
1200 6188 464 100 without
1764 6224 220 96 any
2084 6188 660 100 calculation
2848 6188 608 128 whatever;
3568 6188 216 100 and
3888 6184 540 136 provided

576 6336 264 104 with
900 6372 60 68 a
1008 6336 776 104 thumb-index
1844 6336 516 132 enabling
2416 6336 184 100 the
2652 6372 248 68 user
2956 6344 112 96 to
3124 6348 260 88 turn
3444 6336 540 132 instantly
4040 6348 112 92 to
4212 6372 216 96 any

576 6488 316 100 value
944 6488 508 100 recorded
1508 6488 108 96 in
1672 6488 180 100 the
1904 6484 380 128 tables,
2332 6484 144 132 by
2528 6480 596 104 Frederick
3168 6488 172 100 W.
3396 6484 508 104 Johnson
3956 6492 64 108 …
4200 6484 220 108 San

576 6636 624 128 Francisco,
1276 6632 376 132 Calif.,
1728 6632 236 104 The
2044 6632 620 132 Simplified
2752 6632 324 104 series
3156 6632 652 136 publishing
3884 6668 544 100 company

600 6788 356 124 [ͨ1930]

712 6956 88 72 x,
868 6936 132 96 23,
1080 6948 24 68 [
1108 6936 160 80 105
1280 6976 20 56 ]
1372 6956 80 72 p.
1580 6932 600 88 21½ͨͫ.
2004 6936 488 96 (Lettered
2556 6960 112 56 on
2748 6956 100 60 co
2856 6956 52 60 v
2916 6940 140 76 er:
3132 6940 168 76 No.
3372 6936 48 80 3
3496 6936 100 80 of
3660 6936 196 80 The
3932 6936 344 96 simplif
4280 6936 24 80 i
4312 6940 108 80 ed

576 7048 340 92 series)

712 7152 236 80 Text
1008 7172 116 60 on
1184 7152 696 92 lining-papers.

716 7256 300 80 Blank
1064 7280 284 72 pages
1396 7260 152 76 for
1600 7256 396 84 "Notes"
2052 7260 184 76 and
2288 7260 552 80 "Formulas
2892 7260 260 80 often
3208 7260 284 80 used"
3548 7260 76 96 [
3624 7260 112 80 99
3740 7260 168 80 -10
3908 7252 68 96 5]
4016 7264 28 92 )

716 7364 184 80 Incl
920 7388 56 56 u
984 7368 48 72 d
1044 7388 96 56 es
1184 7392 52 52 a
1240 7368 120 76 dv
1368 7368 396 84 ertising
2496 7388 84 52 m
2588 7368 280 80 atter.

748 7476 76 76 ©A
836 7488 52 64 u
900 7496 80 64 g.
1044 7500 64 60 8,
1164 7476 276 80 1930;
1496 7476 48 72 2
1556 7500 68 56 c.
1688 7476 244 92 Sept.
1988 7480 52 72 2
2044 7480 100 88 7;
2208 7500 52 56 a
2272 7476 32 76 f
2304 7476 40 76 f
2352 7544 16 12 .
2428 7476 172 80 Oct
2604 7540 16 16 .
2684 7480 100 88 1;
2848 7480 76 76 A
2976 7476 332 96 29008;
3372 7480 100 80 F.
3532 7480 136 80 W.
3728 7480 444 88 Johnson,
4240 7480 188 80 San

720 7568 520 100 Francisco.
1384 7584 28 96 (
1428 7588 112 76 30
1544 7588 164 76 -31
1708 7576 56 76 0
1772 7588 152 92 78)
3956 7584 288 84 13045

2368 7692 268 104 2024
