4752 8320
2356 7712 256 96 1998

608 700 500 124 Squires,
1172 704 428 100 Walter
1664 700 1184 108 Albion-Continued

600 848 180 100 the
824 860 272 92 state
1144 848 264 100 with
1460 860 56 92 tt
1568 848 264 104 view
1884 860 104 92 to
2036 848 688 132 discovering
2764 848 284 108 their
3100 848 684 132 significance
3832 852 180 100 for
4060 856 388 100 moral-

604 996 32 100 i
648 1008 40 88 t
692 1036 72 96 y
832 996 212 104 and
1120 996 500 132 religion,
1688 1000 136 116 by
1896 1000 416 100 Walter
2384 996 408 104 Albion
2864 1000 140 132 Sq
3028 1036 56 64 u
3100 1000 208 100 ires
3388 1008 64 112 …
3640 1000 816 132 Philadelphia,

600 1148 368 100 Board
1052 1148 120 96 of
1248 1144 564 108 Christian
1888 1148 576 104 education
2548 1148 116 96 of
2748 1148 180 100 the
3004 1148 764 108 Presbyterian
3856 1148 396 104 church
4340 1148 104 104 in

600 1296 176 100 the
832 1292 132 108 U.
1024 1292 112 108 S.
1188 1296 172 136 A.,
1416 1300 284 96 1930.

732 1448 160 92 xii,
948 1448 168 80 268
1176 1468 76 76 p.
1372 1448 344 92 diagrs.
1836 1448 280 80 190".

736 1584 668 96 Bibliography
1440 1604 16 56 :
1520 1608 80 68 p.
1656 1588 276 76 265-2
1940 1588 52 72 6
1996 1588 76 84 6.

736 1696 540 80 CONTENTS.
1272 1744 104 8 -
1392 1720 52 76 p
1452 1700 40 76 t
1500 1756 20 20 .
1584 1700 32 68 I
1628 1756 20 20 .
1708 1696 412 76 Moveme
2132 1716 52 52 n
2200 1700 80 72 ts
2344 1696 24 76 i
2380 1720 60 52 n
2500 1720 112 68 pu
2628 1696 48 76 b
2688 1700 24 72 l
2720 1696 28 76 i
2752 1704 44 60 e
2868 1700 108 72 ed
3036 1696 68 68 lt
3096 1704 44 60 a
3220 1700 12 12 '
3248 1720 52 52 o
3288 1704 64 60 n
3380 1744 48 32 ,-
3524 1704 124 92 pt.
3712 1716 72 64 n
3796 1760 16 20 .
3884 1696 264 84 Move
4156 1724 80 56 m
4248 1724 48 56 e
4304 1724 52 56 n
4416 1736 28 36 -

600 1804 92 76 in
756 1804 444 92 religious
1264 1804 784 96 education.-pt.
2112 1812 72 68 Il
2136 1820 116 64 m.
2324 1804 372 76 Church
2764 1808 180 72 and
3016 1816 248 68 state
3328 1808 88 72 in
3492 1832 48 52 a
3612 1808 424 80 national
4104 1816 252 84 syste
4364 1836 84 52 m

592 1916 104 76 of
748 1912 520 80 education.

612 2052 96 96 ©
772 2060 220 80 Nov.
1060 2056 76 84 6,
1200 2056 108 76 19
1324 2068 84 68 31
1456 2076 12 56 :
1536 2056 76 88 C8
1732 2056 224 76 N-.
2048 2064 56 96 8
2104 2072 16 52 ;
2188 2076 48 52 o
2252 2052 88 80 ff,
2420 2056 76 72 N
2504 2076 108 52 ov
2628 2116 12 16 .
2708 2068 100 68 7:
2876 2052 76 76 A
3016 2052 332 92 21179;
3420 2056 312 76 Board
3800 2056 100 76 of
3964 2056 480 76 Christian

736 2168 108 76 ed
856 2188 112 56 uc
976 2192 48 48 a
1040 2168 68 76 ti
1116 2192 52 48 o
1176 2188 56 52 n
1284 2164 84 76 oi
1452 2184 52 52 't
1592 2164 28 68 i
1700 2172 12 28 '
2012 2192 12 8 -
2136 2188 12 12 -
2160 2164 16 72 i
2180 2180 20 52 :
2248 2172 56 60 u
2420 2164 292 76 (torch
2764 2168 28 64 i
2916 2164 156 76 the
3128 2164 104 80 U.
3292 2164 88 80 S.
3432 2168 108 80 A.

760 2276 156 92 (30
920 2320 52 8 -
972 2276 52 76 3
1032 2276 204 76 1711
1276 2308 24 56 1
3980 2272 48 84 1
4040 2272 228 84 2887

592 2520 516 120 Stathas,
1176 2520 376 100 Peter.

724 2668 588 108 Universal
1380 2700 336 64 cour-
1816 2668 108 96 in
2028 2704 172 88 -xp
2220 2700 116 64 tt
2440 2692 56 72 c
2500 2664 208 100 ook
2712 2692 60 72 e
2772 2688 164 92 ry,
3000 2664 144 116 by
3212 2668 88 96 P
3312 2704 52 60 e
3372 2680 104 84 te
3488 2700 48 64 r
3604 2668 452 104 Stathas
4072 2752 16 28 ,
4156 2668 276 104 chef.

592 2824 264 96 New
912 2816 340 104 York.
1308 2820 132 100 N.
1500 2820 172 116 Y.,
1724 2816 228 100 The
2008 2816 264 100 auth
2284 2848 60 64 o
2356 2848 48 64 r
2476 2820 256 112 [ͨ193
2748 2824 56 92 0
2816 2876 20 68 ]

732 2976 108 76 87
892 2996 80 72 p.
1088 2972 104 76 21
1220 2976 44 44 -
1236 2976 52 44 m
1296 3036 16 16 .

760 3112 124 76 Oc
892 3116 32 72 t
936 3172 20 16 .
1008 3116 48 68 2
1064 3112 52 76 3
1124 3168 16 32 ,
1196 3108 112 76 19
1312 3112 44 72 3
1368 3108 100 88 0;
1528 3112 128 76 2c.
1712 3108 184 76 and
1952 3104 160 80 aff.
2168 3108 224 76 Nov.
2452 3116 100 80 7;
2612 3104 76 80 A
2744 3104 108 76 29
2860 3112 52 72 8
2912 3104 160 92 54;
3140 3108 96 76 P.
3296 3108 416 92 Stathas,
3772 3112 224 72 New
4056 3112 276 76 York.

748 3224 28 80 (
792 3224 52 72 3
848 3220 56 76 0
908 3268 52 4 -
960 3220 224 76 3156
1188 3220 100 88 8)
3980 3212 44 84 1
4040 3212 228 84 2888

588 3428 152 104 Ta
752 3428 24 100 l
792 3428 304 104 mud.
1248 3432 88 100 T
1344 3464 64 68 a
1416 3464 20 20 -
1472 3444 64 76 a
1520 3464 60 60 n
1600 3428 80 96 it
1684 3468 20 56 .

556 3664 192 100 ...
812 3664 1216 100 מסכת
2412 3664 1600 100 תענית
4396 3664 324 100 מן
4656 3664 64 100 תלמוד
4656 3664 64 100 בבלי.
4656 3664 64 100 הוצאה
4656 3664 64 100 מדויקת
4656 3664 64 100 על
4656 3664 64 100 פי
4656 3664 64 100 עשרים
4656 3664 64 100 וארבעה
4656 3664 64 100 כתבי־יד
4656 3664 64 100 ועל
4656 3664 64 100 פי
4656 3664 64 100 נוסחאות
4656 3664 64 100 הראשונים

836 4788 16 32 ,
916 4728 104 72 15
1024 4728 52 72 3
1136 4748 80 72 p.
1332 4728 220 76 31'".
1692 4720 688 92 (Publications
2436 4720 100 76 of
2592 4724 156 76 the
2804 4720 496 80 American
3360 4724 444 88 academy
3868 4720 148 76 for
4076 4724 352 76 Jewish

580 4836 452 80 research.
1160 4836 168 76 vol.
1388 4840 40 68 a
1436 4836 28 80 )

716 4976 324 76 Added
1104 4972 28 68 t
1148 4992 192 72 .-p.:
1444 4972 60 84 …
1568 4968 196 80 The
1824 4968 388 80 treatise
2272 4964 368 80 Ta'anit
2708 4968 96 72 of
2868 4972 24 72 t
2908 4968 52 72 h
2976 4992 48 52 e
3084 4964 580 80 Babylonian
3732 4968 420 88 Talmud,
4216 4968 212 76 crit-

576 5084 280 92 ically
916 5084 188 76 edit
1112 5104 48 52 e
1172 5084 52 72 d
1284 5100 116 56 on
1460 5080 156 76 the
1680 5076 248 80 basis
1988 5076 100 80 of
2148 5080 104 76 24
2312 5076 660 92 manuscripts,
3028 5076 540 92 quotations
3628 5076 120 92 by
3804 5076 148 80 old
4016 5076 412 80 authori-

580 5192 172 80 ties
816 5192 180 76 and
1064 5192 256 88 early
1380 5188 432 88 editions,
1872 5188 180 76 and
2116 5184 444 96 provided
2624 5184 228 80 with
2916 5192 268 72 notes
3236 5184 544 92 containing
3840 5188 160 76 the
4060 5184 364 80 critical

576 5308 516 88 apparatus
1148 5320 104 56 as
1308 5316 136 60 we
1452 5300 24 72 l
1484 5300 28 72 l
1568 5316 108 56 as
1728 5292 572 80 discussions
2356 5296 184 76 and
2592 5296 660 92 explanations
3308 5296 96 76 of
3464 5296 152 76 the
3676 5304 88 68 te
3768 5304 60 60 x
3836 5300 36 72 t
3928 5296 116 92 by
4100 5296 76 68 h
4196 5316 224 72 enry

580 5412 148 80 Ma
756 5412 32 72 l
820 5432 100 52 er
1000 5408 60 84 …
1248 5408 220 76 New
1552 5408 268 76 York.
1912 5408 196 72 The
2188 5400 488 80 American
2764 5404 444 92 academy
3292 5404 152 76 for
3524 5404 356 76 Jewish
3960 5408 460 88 research,

576 5520 244 80 1930.

604 5648 76 96 D
740 5660 128 76 Oc
880 5664 56 68 t.
992 5656 104 72 22
1112 5716 12 20 ,
1188 5652 100 76 19
1292 5656 52 72 3
1352 5652 100 80 0:
1512 5664 48 68 2
1580 5676 20 20 "
1620 5704 8 28 .
1696 5652 224 76 Nov.
1976 5648 160 80 22:
2236 5648 120 84 iff.
2416 5648 72 76 O
2496 5672 44 52 c
2548 5652 64 76 t.
2664 5648 112 76 30
2808 5668 16 60 :
2888 5648 76 76 A
3020 5648 224 76 3078
3248 5648 48 76 5
3332 5664 16 72 ;
3412 5648 308 80 Amer.
3772 5652 448 92 academy
4276 5652 152 76 for

716 5764 356 76 Jewish
1128 5784 156 76 res
1336 5784 48 56 a
1400 5784 44 52 r
1452 5784 44 48 c
1504 5760 84 88 h,
1648 5760 76 76 N
1732 5800 48 60 e
1788 5784 80 48 w
1932 5760 276 76 York.
2344 5756 24 92 (
2388 5760 52 72 3
2444 5760 112 72 0-
2556 5760 52 76 3
2616 5756 264 92 1746)
3956 5756 288 84 12889

568 5972 440 124 Theiss,
1068 5972 368 100 Lewis
1496 5972 436 120 Edwin,
1996 5976 328 100 1878-

704 6120 228 104 The
984 6120 352 132 flying
1384 6128 524 120 reporter,
1960 6120 144 132 by
2156 6116 352 104 Lewis
2568 6120 128 100 E.
2752 6116 436 132 Theiss;
3248 6116 620 104 illustrated
3928 6116 140 104 by
4128 6120 284 100 Har-

568 6272 180 100 old
808 6272 256 112 Cue.
1212 6272 448 112 Boston,
1716 6268 176 104 W.
1952 6272 136 96 A.
2144 6264 368 108 Wilde
2568 6300 544 100 company
3180 6332 20 64 (
3220 6276 184 92 193
3416 6276 60 92 0
3492 6332 20 64 ]

700 6428 168 76 312
920 6448 84 72 p.
1120 6428 288 76 front.
1524 6424 268 76 194"t.

576 6552 96 96 ©
740 6560 180 96 Sep
924 6572 32 64 t
968 6624 16 12 .
1044 6564 72 88 1,
1172 6564 44 72 1
1228 6568 52 68 9
1284 6560 48 76 3
1336 6560 60 76 0
1424 6584 16 56 :
1500 6560 48 72 -
1548 6576 80 68 >.
1688 6560 192 76 Oct.
1940 6560 156 84 28:
2160 6560 156 76 aff.
2372 6560 84 72 N
2464 6580 112 56 ov
2584 6620 16 16 .
2660 6552 156 96 19;
2880 6560 76 72 A
3012 6560 192 76 300
3240 6560 44 72 1
3320 6576 20 72 ;
3404 6560 140 76 W.
3600 6560 100 76 A.
3764 6560 304 76 Wilde
4124 6580 104 56 co
4240 6624 16 12 .

724 6672 96 84 (3
824 6672 276 100 0-814
1112 6668 48 72 9
1164 6668 100 88 2)
3948 6664 288 84 12890

560 6876 528 124 Thomas,
1164 6880 608 100 Theodore.
1872 6888 512 96 1835-190
2388 6884 60 92 5
2444 6952 32 20 .

688 7024 340 100 Talks
1088 7024 324 100 about
1476 7020 708 104 Beeihoven's
2248 7024 572 128 symphoni
2804 7036 56 80 c
2900 7060 24 52 .
2968 7060 24 80 ;
3064 7064 52 60 a
3060 7020 36 88 ;
3316 7060 68 96 y
3212 7020 440 104 .dvtical
3716 7040 360 88 essays
4136 7024 268 100 with

560 7172 580 132 diagrams.
1260 7172 136 108 by
1508 7172 560 100 Theodore
2184 7172 476 104 Thomas
2768 7176 212 96 and
3092 7172 592 100 Frederick
3792 7176 128 96 A.
4040 7172 364 108 Stock,

556 7320 360 104 edited
976 7320 140 136 by
1184 7324 276 104 Rose
1524 7328 236 124 Fay
1824 7324 500 100 Thomas.
2464 7320 444 128 Boston,
2980 7324 260 104 New
3312 7324 336 96 York.
3720 7320 376 104 Oliver
4160 7324 240 100 Dit-

556 7504 184 64 son
800 7504 588 96 company;
1452 7468 516 132 Chicago,
2020 7472 308 132 Lyon
2384 7476 84 96 &
2532 7468 392 136 Healy,
2980 7476 204 96 inc.
3224 7508 20 72 ;
3384 7468 188 108 'i.,
3640 7484 224 120 etc.,
3920 7476 300 96 °1930
