4752 8320
392 692 536 124 Johnson,
992 696 248 120 Guy
1296 696 476 124 Benton,
1836 708 316 92 1901-

520 836 280 104 Folk
860 840 412 104 culture
1336 876 132 64 on
1536 844 160 100 St.
1760 844 424 108 Helena
2244 844 416 132 Island,
2720 844 344 108 South
3140 844 548 132 Carolina,
3752 848 140 132 by
3960 844 244 136 Guy

392 988 124 96 B.
564 988 496 100 Johnson
1116 980 64 120 …
1352 988 412 132 Chapel
1812 992 280 132 Hill,
2140 992 228 104 The
2420 992 636 136 University
3112 992 120 104 of
3284 992 352 104 North
3692 992 508 108 Carolina

392 1168 324 100 press,
784 1140 120 92 19
916 1144 124 92 30
1048 1216 20 20 .

520 1284 120 92 xi,
716 1288 164 76 183
952 1312 80 68 p.
1152 1292 104 72 22
1284 1292 44 44 ͨ
1296 1292 52 44 m
1356 1352 16 16 .
1496 1292 220 96 [The
1792 1292 544 96 University
2404 1300 100 72 of
2576 1300 296 72 North
2952 1296 464 80 Carolina.
3552 1300 304 76 Social
3932 1300 276 88 study

388 1392 304 84 series]

520 1504 436 76 Includes
1008 1504 324 84 music.

520 1612 228 76 This
792 1616 392 88 volume,
1236 1616 424 88 together
1712 1616 228 76 with
1984 1616 292 76 Black
2324 1636 508 76 yeomanry
2872 1624 56 72 b
2936 1640 52 72 y
3040 1620 100 76 T.
3196 1624 84 76 J.
3328 1620 452 88 Woofter,
3836 1624 144 88 jr.,
4032 1624 176 72 and

392 1724 72 72 A
516 1720 284 76 social
848 1720 364 92 history
1260 1724 100 72 of
1412 1724 156 72 the
1624 1724 172 76 Sea
1856 1724 368 80 Islands
2276 1724 116 92 by
2448 1724 300 80 Guion
2800 1728 104 76 G.
2960 1728 444 92 Johnson,
3456 1732 172 72 has
3680 1748 312 72 grown
4052 1736 152 72 out

388 1828 96 76 of
536 1848 48 56 a
644 1832 280 88 study
976 1828 100 76 of
1124 1848 284 72 negro
1460 1832 360 72 culture
1876 1852 108 52 on
2052 1832 124 80 St.
2244 1832 352 80 Helena
2656 1832 348 92 Island,
3068 1836 84 76 S.
3208 1840 124 84 C.,
3388 1840 268 72 made
3708 1840 292 76 under
4060 1840 152 76 the

384 1936 244 96 joint
680 1936 428 92 auspices
1160 1940 100 72 of
1312 1940 156 76 the
1524 1940 452 76 Institute
2028 1940 152 76 for
2236 1960 312 56 resear
2556 1960 48 56 c
2604 1940 60 76 h
2724 1944 88 72 in
2876 1940 280 80 social
3220 1940 352 80 science
3628 1948 104 76 of
3784 1948 156 76 the
4000 1948 212 76 Uni-

384 2044 356 96 versity
796 2044 104 80 of
956 2048 304 76 North
1320 2044 440 80 Carolina
1824 2048 184 76 and
2076 2048 156 76 the
2300 2048 300 80 Social
2672 2048 356 80 science
3096 2056 432 72 research
3588 2052 328 76 counci
3920 2052 32 76 l
3956 2116 16 12 .
4096 2072 44 56 c
4148 2052 64 92 f.

392 2152 244 80 Pref.

520 2260 720 96 Bibliography:
1308 2284 80 72 p.
1452 2260 416 80 174-179.

520 2372 1044 80 CONTENTS.-Gullah:
1620 2372 156 76 the
1824 2372 340 76 dialect
2220 2372 96 72 of
2368 2372 156 76 the
2572 2392 388 68 negroes
3008 2372 96 76 of
3160 2372 132 80 St.
3344 2376 356 76 Helena
3756 2376 440 76 Island.-

388 2480 232 80 Folk
676 2500 272 72 songs
1004 2480 100 76 of
1168 2480 124 76 St.
1352 2480 360 72 Helena
1772 2476 904 76 Island.-Folklore
2732 2480 248 72 from
3044 2480 128 76 St.
3236 2480 356 80 Helena
3656 2484 348 76 Island.

396 2576 92 88 ©
544 2600 224 76 Nov.
812 2596 132 92 11,
992 2592 272 92 1930;
1312 2592 128 76 2c.
1492 2592 224 76 Nov.
1764 2592 156 88 13;
1976 2588 152 80 aff.
2184 2592 220 76 Nov.
2456 2588 156 92 28;
2668 2592 80 72 A
2792 2588 324 96 30914;
3176 2592 540 92 University
3768 2596 100 76 of
3912 2596 300 72 North

528 2704 432 80 Carolina
1036 2724 284 72 press.
1456 2700 536 96 (30-32135)
3752 2696 288 84 13046

384 2888 600 120 Johnston,
1056 2884 312 108 Paul.

532 3032 1264 132 Biblio-typographica,
1848 3072 60 64 a
1956 3068 392 96 survey
2396 3028 124 104 of
2568 3044 836 120 contemporary
3456 3032 212 104 fine
3720 3032 496 132 printing

400 3188 304 132 style,
764 3184 144 132 by
964 3184 288 100 Paul
1308 3184 584 104 Johnston.
2032 3184 268 100 New
2360 3180 348 132 York,
2772 3176 412 136 Covici,
3244 3180 432 132 Friede,
3744 3188 288 96 1930.

532 3344 56 76 6
636 3364 76 72 p.
768 3344 84 92 l.,
908 3340 272 80 3-303
1236 3364 80 72 p.
1372 3340 32 76 i
1408 3364 60 52 n
1472 3344 84 72 cl
1564 3404 16 12 .
1636 3340 276 88 illus.,
1964 3340 324 92 plates,
2344 3336 416 80 facsims.
2872 3336 112 80 27
2992 3340 76 56 ͨm
3072 3372 20 40 .

532 3452 100 76 "1
640 3452 168 76 050
856 3452 304 92 copies
1212 3452 368 92 printed
1640 3448 56 88 …
1792 3452 116 88 by
1960 3452 160 76 the
2176 3448 604 76 Southworth
2832 3468 284 76 press,
3176 3448 480 92 Portland,
3716 3448 396 76 Maine."

528 3560 588 92 Descriptive
1168 3560 544 92 letterpress
1764 3580 120 56 on
1940 3580 52 56 v
2000 3580 256 56 ersos
2308 3556 320 96 facing
2684 3560 244 76 most
2984 3556 100 80 of
3140 3556 156 80 the
3352 3556 540 80 facsimiles.

532 3668 248 80 "The
828 3672 496 76 literature
1372 3668 100 80 of
1520 3668 184 80 fine
1752 3668 288 80 books
2092 3672 180 76 and
2328 3664 524 96 printing":
2912 3688 84 72 p.
3052 3664 440 96 198-208;
3552 3664 668 96 Bibliography

396 3780 424 76 included
884 3780 96 76 in
1044 3780 156 76 the
1260 3776 400 96 preface.

400 3872 92 92 ©
548 3892 228 76 Nov.
824 3888 56 76 2
884 3888 48 76 5
944 3952 16 28 ,
1012 3888 272 92 1930;
1336 3888 124 80 2c.
1516 3892 224 72 Nov.
1796 3884 156 96 21;
2008 3908 48 56 a
2072 3884 92 84 ff.
2220 3888 224 76 Nov.
2500 3884 160 92 28;
2716 3888 80 76 A
2844 3884 328 92 30927;
3236 3884 332 96 Covici,
3628 3884 360 92 Friede,
4040 3884 180 80 inc.

544 4000 204 92 (30-
756 4000 56 76 3
816 4000 264 88 2291)
3752 3988 288 84 13047

388 4180 328 100 Konu
724 4180 60 100 š
788 4260 28 44 ,
872 4180 420 120 Joseph
1348 4180 424 120 James,
1836 4188 328 96 1904-

516 4320 636 108 Slovensko-
1164 4360 52 64 a
1228 4320 376 132 nglick
1592 4320 72 88 ý
1748 4324 304 100 slovn
2056 4328 44 96 í
2104 4324 100 100 k.
2344 4320 932 132 Slovak-English
3344 4320 644 128 dictionary,
4056 4356 156 68 so-

384 4472 320 100 stavil
748 4476 108 104 J.
900 4476 104 104 J.
1052 4476 328 96 Konu
1392 4492 48 80 š
1448 4556 20 16 .
1556 4472 612 132 [Scranton,
2208 4476 92 96 P
2312 4508 48 64 a
2380 4556 16 16 .
2368 4464 64 88 ]
2492 4472 616 100 Nákladom
3156 4472 288 100 Sdru
3456 4476 56 96 ž
3520 4472 236 100 enia
3808 4472 404 100 sloven-

380 4620 180 104 sky
572 4640 60 76 c
640 4624 72 100 h
776 4624 76 96 k
860 4632 176 92 ato
1040 4624 88 100 lí
1132 4624 72 96 k
1212 4656 56 68 o
1280 4660 64 64 v
1412 4664 68 64 v
1544 4620 548 132 Amerike,
2160 4628 280 96 1930.

516 4784 164 80 628
756 4804 80 76 p.
952 4784 52 76 2
1008 4784 52 76 0
1088 4788 44 44 ͨͫ
1156 4844 16 16 .

400 4880 96 96 ©
572 4896 192 76 Oct.
832 4892 132 96 10,
1032 4896 48 72 1
1088 4892 52 76 9
1144 4892 156 88 30;
1376 4892 128 80 2c.
1572 4896 224 72 Nov.
1868 4892 156 88 14;
2100 4912 52 56 a
2160 4892 72 72 ff
2240 4956 12 12 .
2324 4892 224 76 Nov.
2624 4892 156 88 11;
2848 4892 84 76 A
3000 4888 164 80 310
3172 4892 44 76 5
3224 4892 100 92 0;
3408 4892 344 76 Slovak
3816 4892 400 76 catholic

528 5004 528 80 federation
1116 5004 100 76 of
1276 5004 452 92 America,
1796 5000 628 96 Middletown,
2492 5004 160 76 Pa.
2784 5000 204 96 (30-
2988 5004 52 72 3
3052 5000 268 96 2164)
3760 5000 284 80 13048

392 5184 460 124 Larkin,
912 5188 336 116 Mary
1300 5188 64 100 J
1908 5188 152 96 M.

556 5336 68 108 …
692 5332 440 104 Widow
1184 5332 456 128 Dineen,
1692 5332 216 100 and
1956 5332 308 100 other
2320 5332 216 100 bits
2588 5328 124 104 of
2760 5332 412 100 human
3220 5344 424 116 nature,
3696 5332 140 128 by
3896 5336 312 128 Mary

392 5484 100 96 J.
552 5480 148 100 M.
760 5480 448 100 Larkin.
1340 5484 448 128 Boston,
1848 5480 236 100 The
2148 5476 576 108 Stratford
2784 5516 536 96 company
3396 5484 128 124 [ͨ
3472 5484 188 96 193
3672 5484 128 108 0]

520 5636 104 72 31
688 5656 80 68 p.
884 5628 540 88 25ͨͫ.
1244 5636 240 92 (The
1552 5632 480 80 Stratford
2092 5636 312 92 poets)

524 5744 136 76 On
716 5760 316 60 cover:
1100 5744 192 76 The
1356 5744 480 76 Stratford
1896 5740 448 84 booklets.

404 5848 96 88 ©
560 5856 224 76 Nov.
844 5852 76 92 4,
980 5852 268 92 1930;
1312 5852 128 80 2c.
1496 5856 228 72 Nov.
1784 5852 100 92 6;
1948 5852 156 80 aff.
2164 5856 228 72 Nov.
2452 5856 100 88 7;
2616 5852 80 76 A
2748 5852 332 96 29876;
3148 5852 488 80 Stratford
3692 5876 44 56 c
3744 5872 48 56 o
3804 5916 44 32 .,
3908 5876 60 72 p
3976 5856 116 76 ub
4100 5876 120 60 rs.

552 5960 536 96 (30-31989)
3760 5960 48 84 1
3816 5960 52 84 3
3876 5960 52 84 0
3932 5960 116 84 49

392 6140 356 128 Laux,
808 6144 296 104 John
1164 6144 456 124 Joseph,
1688 6148 312 104 1878-

528 6292 440 104 Church
1040 6292 460 136 history,
1568 6332 60 60 a
1700 6296 532 128 complete
2296 6292 424 136 history
2796 6292 124 104 of
2980 6296 188 100 the
3236 6296 508 108 Catholic
3808 6296 408 100 church

392 6452 112 88 to
572 6440 180 104 the
828 6456 432 116 present
1332 6444 252 128 day,
1652 6444 144 132 by
1868 6444 260 104 Rev.
2200 6444 300 104 John
2568 6444 352 128 Laux,
2988 6480 48 60 M
3096 6528 16 20 .
3188 6480 136 92 A.,
3392 6444 272 100 with
3732 6444 480 104 illustra-

392 6592 284 100 tions
736 6596 212 100 and
1004 6628 344 92 maps.
1492 6592 268 104 New
1816 6592 344 136 York,
2220 6588 636 112 Cincinnati
2920 6604 212 120 [etc.
3252 6588 540 136 Benziger
3840 6588 372 104 broth-

392 6776 196 88 ers,
644 6748 288 96 1930.

524 6904 60 60 x
592 6896 120 92 ix,
772 6896 164 76 620
984 6920 84 68 p.
1124 6896 28 76 i
1160 6920 56 52 n
1224 6920 48 52 c
1276 6900 56 76 l.
1384 6896 316 92 front.,
1752 6896 276 88 illus.,
2088 6896 296 92 diagr.
2496 6896 564 84 20½ͨͫ.

404 7000 96 92 ©
564 7004 244 96 Sept.
864 7008 72 92 6,
992 7004 272 88 1930;
1320 7008 132 80 2c.
1508 7008 192 76 Oct.
1760 7008 52 72 6
1840 7028 16 68 ;
1920 7004 156 80 aff.
2132 7008 224 76 Nov.
2416 7004 156 92 18;
2632 7008 80 72 A
2764 7004 328 96 30661;
3152 7004 452 96 Benziger
3660 7008 240 76 bros.

556 7112 532 96 (30-31737)
3760 7112 284 84 13050

396 7268 252 120 Lee,
708 7272 380 96 Frank
1148 7272 464 120 Harold,
1676 7276 324 100 1882-
2408 7308 52 64 e
2468 7272 104 104 d.

524 7416 284 100 Folk
852 7416 272 104 tales
1172 7416 124 104 of
1344 7416 148 104 all
1540 7416 468 112 nations,
2064 7420 364 100 edited
2476 7420 140 128 by
2672 7420 124 100 F.
2852 7420 144 100 H.
3052 7420 208 100 Lee
3340 7424 64 112 …
3560 7416 260 104 New
3876 7412 344 128 York,

396 7564 1056 132 Coward-McCann,
1500 7568 244 128 inc.,
1796 7572 288 96 1930.

2172 7724 264 100 2025
