4752 8320
612 700 672 124 Marcireau,
1348 704 1048 120 Jacques-Contin
2408 740 68 64 u
2484 708 132 100 ed

740 860 52 80 3
844 880 80 72 p.
984 856 80 88 L.,
1120 896 20 56 (
1148 860 52 76 [9
1204 880 88 72 ]-
1296 860 100 76 23
1408 860 52 76 6
1508 880 112 72 p.,
1668 856 56 76 2
1772 860 60 76 1.
1944 856 224 80 19ͨͫ.
2304 856 404 96 ("Jeune
2712 884 44 56 s
2764 860 96 92 ")

748 968 64 80 C
828 976 60 64 o
884 984 312 56 NTENT
1204 988 44 52 S
1260 1024 16 16 .
1308 1008 116 8 -
1460 964 140 76 Ln
1696 976 228 84 pays
2016 968 296 76 moral
2424 968 156 92 (18
2672 968 492 76 novembre
3256 968 268 92 1928)
3572 1012 112 12 -
3720 968 736 80 Commentaires

628 1076 148 92 (ju
784 1076 28 76 i
824 1100 56 52 n
960 1084 92 72 et
1128 1076 524 92 septembre
1728 1076 512 88 1926)R
2276 1096 48 56 é
2260 1072 172 96 cit,
2508 1080 112 72 on
2708 1076 76 72 A
2864 1076 416 80 combien
3360 1072 28 76 l
3400 1076 356 80 'amour
3832 1100 96 56 re
3932 1100 56 56 v
3996 1076 188 80 ient
4268 1100 48 56 a
4328 1100 60 56 u
4392 1084 56 68 x

604 1184 96 92 je
700 1192 124 68 un
840 1208 48 56 e
892 1208 44 56 s
996 1188 224 88 gens
1304 1184 168 96 (fin
1540 1180 476 96 1927)-A
2028 1204 56 56 u
2100 1192 188 72 tres
2348 1184 716 80 commentaires
3148 1180 332 100 (début
3544 1184 560 92 1928)-L'a
4116 1208 60 56 u
4184 1188 272 92 borge

628 1304 20 68 (
676 1300 48 72 d
740 1292 48 80 e
792 1296 52 68 b
856 1304 100 68 ut
1016 1292 164 80 192
1188 1296 48 72 5
1256 1292 544 92 )-L'autre
1864 1312 228 72 pays
2156 1296 288 76 moral
2532 1292 228 92 (1er
2768 1296 52 76 d
2832 1292 48 76 e
2884 1292 312 80 cembr
3200 1316 48 56 e
3308 1292 160 80 192
3476 1292 52 76 8
3552 1296 24 88 )

616 1408 96 88 ©
788 1408 136 76 De
932 1424 48 56 c
984 1468 20 12 .
1072 1404 132 88 31,
1276 1400 268 92 1929;
1624 1404 44 72 1
1656 1428 92 68 c.
1820 1404 232 92 Aug.
2124 1404 76 92 8,
2272 1400 268 92 1930;
2616 1400 604 96 A-Foreign
3292 1400 52 80 8
3344 1400 112 80 66
3460 1404 104 92 8;
3636 1404 464 80 Librairie
4176 1404 140 80 Ga
4316 1416 60 72 u
4344 1416 32 72 l
4396 1404 24 76 i
4428 1448 28 12 -

748 1536 88 56 m
844 1532 52 60 a
908 1516 132 76 rd.
1176 1508 424 96 (31-764)
3992 1512 44 80 1
4048 1512 108 80 41
4172 1516 104 76 55

604 1700 500 116 Monroe,
1160 1696 324 100 Anne
1540 1696 572 104 Shannon.

740 1844 412 104 Feelin'
1244 1844 272 108 fine!
1668 1848 232 100 Bill
1988 1844 532 140 Hanley's
2612 1848 316 132 book,
3016 1864 196 116 put
3308 1852 500 128 together
3896 1852 148 132 by
4136 1852 320 100 Anne

608 1996 528 108 Shannon
1196 1996 456 104 Monroe
1736 2004 68 112 …
1896 2000 812 132 photographic
2772 1996 732 108 illustrations
3560 2000 148 132 by
3764 2000 504 104 William
4328 2000 124 100 L.

604 2148 396 136 Finley
1060 2152 212 96 and
1344 2148 392 100 others.
1880 2144 444 108 Garden
2396 2148 292 136 City,
2748 2148 132 100 N.
2948 2148 172 136 Y.,
3180 2152 688 132 Doubleday,
3928 2152 380 100 Doran
4368 2152 80 92 &

604 2332 572 96 company,
1236 2296 112 100 in
1352 2328 56 68 c
1420 2380 60 48 .,
1548 2304 188 96 193
1748 2300 60 96 0
1816 2380 20 20 .

736 2476 124 52 xv
908 2476 108 72 p.,
1068 2456 48 72 1
1164 2456 88 88 l.,
1300 2452 48 76 3
1360 2452 108 76 04
1516 2472 84 72 p.
1716 2452 328 92 plates,
2096 2456 288 92 ports.
2496 2452 568 84 21½ͨͫ.

740 2564 268 92 Maps
1064 2584 112 52 on
1236 2560 700 96 lining-papers.

740 2672 308 76 "First
1108 2668 436 84 edition."

612 2776 96 96 ©
760 2780 228 80 Nov.
1040 2784 76 92 7,
1172 2780 268 88 1930;
1492 2784 128 76 2c.
1672 2780 184 76 and
1908 2800 48 56 a
1972 2776 96 80 ff.
2120 2780 140 72 De
2264 2800 48 56 c
2320 2840 12 16 .
2384 2780 108 88 3;
2544 2780 84 72 A
2676 2776 328 96 31394;
3064 2780 104 80 A.
3224 2780 84 80 S.
3368 2780 408 96 Monroe,
3832 2780 412 96 Oswego,
4300 2784 152 80 Or.

760 2888 424 96 (31-832)
3992 2888 284 84 14156

600 3076 836 124 Montgomery,
1492 3080 264 100 Mrs.
1820 3076 360 100 Vaida
2260 3076 616 124 (Stewart)
2956 3084 324 96 1888-

728 3228 424 100 Locoed
1236 3224 216 104 and
1532 3224 312 104 other
1928 3256 400 100 poems,
2408 3224 140 132 by
2632 3224 364 104 Vaida
3084 3220 472 108 Stewart
3640 3228 804 136 Montgomery.

596 3376 420 128 Dallas,
1076 3376 300 128 Tex.,
1436 3376 236 100 The
1728 3372 800 132 Kaleidoscope
2592 3372 652 132 publishers,
3316 3380 288 96 1930.

724 3532 52 72 5
832 3548 52 72 p
896 3592 12 16 .
968 3532 84 84 l.,
1112 3528 48 76 5
1164 3540 48 80 9
1272 3548 52 72 p
1336 3592 16 16 .
1472 3532 24 72 i
1508 3532 28 72 l
1540 3532 28 72 l
1580 3548 136 60 us.
1832 3524 188 108 20½ͨͫ
2020 3532 84 84 ".

680 3640 24 88 ©
764 3640 140 80 De
900 3656 52 68 c
964 3704 16 16 .
1040 3644 76 72 5,
1176 3644 48 72 1
1232 3636 52 80 9
1288 3640 52 76 3
1288 3644 48 68 0
1432 3660 16 56 ;
1512 3640 52 76 2
1560 3656 80 64 c.
1704 3640 80 72 D
1788 3660 128 56 ec.
1980 3640 156 84 20;
2200 3664 48 52 a
2264 3640 96 76 ff.
2428 3640 132 72 De
2544 3664 48 56 c
2624 3700 16 16 .
2700 3636 156 92 19;
2924 3640 80 76 A
3060 3640 332 96 32360;
3460 3644 100 76 V.
3628 3644 88 80 S.
3780 3644 672 96 Montgomery,

736 3752 332 76 Dallas
1060 3776 24 48 .
1228 3752 20 80 (
1272 3756 48 68 3
1344 3752 32 72 1
1452 3740 208 104 -636)
3984 3752 288 80 14157

608 3936 872 128 [Morgenstern,
1544 3936 348 132 Irvin]
1968 3948 312 92 1885-

728 4084 524 128 Reprints
1344 4084 284 100 from
1716 4124 60 64 a
1868 4084 640 128 printshop;
2596 4084 456 100 selected
3140 4084 508 128 writings
3732 4084 356 100 which
4172 4084 272 104 have

592 4268 232 64 now
892 4232 212 104 and
1164 4236 256 96 then
1484 4232 548 132 appeared
2096 4232 636 132 expressing
2796 4232 216 104 and
3076 4232 736 132 interpreting
3872 4232 184 100 the
4120 4232 324 132 spirit

588 4380 124 104 of
776 4380 312 104 Irvin
1156 4384 764 132 Morgenstern
1984 4416 332 100 press,
2384 4380 240 132 inc.,
2696 4380 224 104 best
2992 4380 392 104 known
3452 4392 112 92 to
3628 4380 144 104 its
3840 4380 428 104 friends
4332 4420 116 68 as

592 4532 528 132 Impress;
1168 4532 252 100 here
1460 4532 512 100 collected
2020 4532 180 100 for
2248 4532 180 100 the
2476 4532 232 108 first
2756 4528 296 136 time,
3100 4532 620 132 December,
3772 4536 292 100 1930.
4184 4532 260 100 New

592 4684 340 128 York,
1000 4680 308 104 Irvin
1372 4684 760 128 Morgenstern
2200 4716 328 100 press,
2600 4680 200 104 inc.
2876 4692 40 124 (ͨ
2956 4688 188 96 193
3152 4688 64 96 0

720 4840 56 76 4
832 4860 80 68 p.
972 4836 84 92 l.,
1116 4832 224 84 5-16
1344 4836 56 80 6
1456 4860 84 72 p.
1652 4836 284 80 25½ͨͫ.

724 4948 180 80 "Of
972 4944 192 80 this
1236 4944 232 80 book
1540 4948 264 76 there
1876 4944 176 80 has
2124 4944 224 80 been
2424 4944 372 92 printed
2868 4948 220 76 four
3160 4944 420 80 hundred
3656 4948 60 76 fi
3724 4948 144 92 fty
3940 4948 336 92 copies,
4352 4952 92 72 of

592 5056 300 80 which
944 5056 192 80 this
1188 5056 80 76 is
1312 5056 392 76 number
1756 5044 204 88 164."
2116 5052 336 92 Signed
2492 5076 16 56 :
2568 5052 260 80 Irvin
2880 5056 92 76 M
2984 5076 52 56 o
3044 5076 224 68 rgen
3272 5064 84 68 st
3368 5076 100 56 er
3476 5076 52 56 n
3540 5120 16 12 .

600 5168 92 88 ©
752 5172 80 80 D
832 5188 104 64 ee
948 5232 20 20 .
1012 5172 136 80 24.
1200 5172 104 76 19
1308 5172 112 76 30
1440 5184 20 68 ;
1520 5172 128 80 2c.
1700 5172 180 76 and
1936 5192 48 52 a
2008 5168 40 76 f
1996 5192 96 64 f.
2156 5176 16 72 D
2236 5184 96 64 ec
2344 5232 16 12 .
2408 5168 52 72 2
2468 5172 56 76 7
2552 5188 16 68 ;
2628 5168 72 76 A
2752 5168 328 88 31814;
3140 5168 264 76 Irvin
3456 5168 644 96 Morgenstern
4152 5184 280 80 press,

728 5284 172 92 inc.
1044 5284 424 108 (31-857)
3976 5276 284 80 14158

588 5472 280 100 New
928 5468 344 100 York.
1416 5464 808 124 Metropolitan
2284 5496 524 72 museum
2868 5460 124 104 of
3044 5468 224 100 art.

788 5612 60 120 …
908 5616 336 104 Notes
1308 5652 136 64 on
1508 5616 416 128 prints;
1992 5612 332 136 being
2380 5616 188 100 the
2628 5620 236 92 text
2924 5608 124 104 of
3112 5612 340 100 labels
3516 5612 544 132 prepared
4128 5608 180 108 for
4376 5652 52 68 a

580 5764 408 132 special
1064 5764 608 100 exhibition
1760 5760 120 104 of
1964 5760 356 132 prints
2404 5760 296 104 from
2776 5760 188 104 the
3040 5796 488 68 museum
3604 5760 608 132 collection,
4288 5760 144 136 by

580 5916 500 104 William
1152 5912 152 100 M.
1384 5912 348 128 Ivins,
1808 5912 172 132 jr.,
2056 5920 440 92 curator
2568 5912 128 100 of
2768 5912 184 100 the
3024 5912 736 132 Department
3836 5908 128 104 of
4040 5908 388 136 prints.

580 6060 264 104 New
908 6060 344 132 York,
1320 6068 288 96 1930.

712 6216 52 76 4
812 6236 80 72 p.
952 6208 80 100 l.,
1088 6216 272 80 3-194
1420 6236 112 72 p.,
1584 6216 44 72 1
1688 6216 52 76 l.
1860 6216 244 80 illus.
2164 6216 28 92 (
2212 6216 92 76 in
2312 6212 76 80 cl
2404 6280 16 16 .
2476 6216 336 92 ports.)
2944 6200 224 92 22ͨͫ.

712 6332 120 72 At
888 6328 112 76 he
1008 6344 44 60 a
1068 6328 56 76 d
1180 6324 100 76 of
1332 6324 260 80 title:
1652 6324 196 80 The
1900 6324 668 92 Metropolitan
2628 6344 416 60 museum
3104 6324 100 80 of
3256 6324 176 80 art.

716 6432 180 80 "Of
952 6432 188 80 this
1192 6432 236 80 book
1484 6428 252 84 2.000
1792 6432 308 92 copies
2152 6452 244 60 were
2456 6432 368 92 printed
2888 6432 92 76 in
3040 6432 540 80 November,
3644 6428 300 84 1930."

592 6536 96 88 ©
740 6544 228 80 Nov.
1016 6548 48 72 1
1076 6548 52 72 5
1136 6608 12 28 ,
1200 6544 268 88 1930;
1524 6544 128 80 2c.
1704 6544 180 76 and
1940 6540 156 80 aff.
2148 6544 136 72 De
2288 6564 48 52 c
2348 6608 12 12 .
2416 6540 156 92 16;
2628 6540 80 80 A
2752 6540 216 80 3161
2980 6544 56 80 0
3064 6564 16 68 ;
3140 6540 672 96 Metropolitan
3860 6564 424 56 museum
4336 6544 96 76 of

724 6660 176 72 art.
1032 6652 428 92 (31-623)
3968 6648 284 84 14159

580 6840 532 120 Putnam,
1172 6840 588 100 Elizabeth
1832 6836 528 124 (Lowell)
2432 6844 52 44 "
2500 6840 116 96 M
2624 6876 136 64 rs.
2816 6836 492 104 William
3360 6836 408 100 Lowell
3824 6836 600 100 Putnam."

716 6984 436 104 Odours
1240 6984 128 104 of
1448 6984 616 132 hyacinths,
2152 6984 220 104 and
2456 6984 316 104 other
2860 7020 400 100 poems,
3344 6984 144 132 by
3572 6984 268 104 Mrs.
3928 6980 500 108 William

580 7136 412 100 Lowell
1052 7136 512 100 Putnam.
1700 7136 264 100 New
2028 7136 344 128 York,
2432 7136 172 104 W.
2668 7136 128 100 E.
2860 7136 428 132 Rudge,
3352 7136 288 100 1930.

712 7296 136 88 41,
908 7332 20 60 [
936 7296 44 72 1
996 7332 20 56 ]
1076 7316 80 72 p.
1272 7296 108 72 22
1384 7300 84 76 ͨͫ
1480 7356 16 20 .

716 7400 280 80 "Five
1052 7404 424 76 hundred
1532 7400 308 96 copies
1892 7400 456 96 printed."

592 7504 96 92 ©
756 7512 192 80 Oct.
1012 7512 48 80 6
1064 7544 20 48 .
1148 7512 272 92 1930;
1484 7512 128 76 2c.
1676 7512 180 76 and
1920 7512 160 76 aff.
2148 7508 192 80 Oct.
2404 7512 156 88 17;
2628 7512 80 72 A
2768 7508 160 76 311
2940 7508 48 76 5
2992 7508 100 88 3;
3164 7512 104 76 E.
3332 7512 432 88 Putnam,
3828 7512 380 72 Boston.

744 7624 324 92 (31-76
1068 7624 56 76 3
1144 7628 28 88 )
3960 7612 288 84 14160

2372 7728 264 96 2206
