<?xml version="1.0"?>
<alto xmlns="http://www.loc.gov/standards/alto/ns-v2#" xmlns:xlink="http://www.w3.org/1999/xlink" xmlns:xsi="http://www.w3.org/2001/XMLSchema-instance" xsi:schemaLocation="http://www.loc.gov/standards/alto/ns-v2# http://www.loc.gov/standards/alto/alto-v2.0.xsd">
	<Description>
		<MeasurementUnit>inch1200</MeasurementUnit>
		<sourceImageInformation>
			<fileIdentifier>catalogofcopyri271libr_001-2321.pdf_Page_0253.jpg</fileIdentifier>
		</sourceImageInformation>
		<OCRProcessing ID="OCR1">
			<ocrProcessingStep>
				<processingDateTime>2018-04-20T17:09:54</processingDateTime>
				<processingAgency>Data Conversion Laboratory</processingAgency>
				<processingSoftware>
					<softwareCreator>Prime</softwareCreator>
					<softwareName>Prime OCR</softwareName>
					<softwareVersion>4.40</softwareVersion>
				</processingSoftware>
			</ocrProcessingStep>
			<postProcessingStep>
				<processingDateTime>2018-04-25T17:25:19</processingDateTime>
				<processingAgency>Data Conversion Laboratory</processingAgency>
				<processingStepDescription>PRO -&gt; ALTO</processingStepDescription>
				<processingSoftware>
					<softwareCreator>Data Conversion Laboratory</softwareCreator>
					<softwareName>pro2alto.2018.02.27</softwareName>
					<softwareVersion>2.0</softwareVersion>
				</processingSoftware>
			</postProcessingStep>
		</OCRProcessing>
	</Description>
<Styles>
		<TextStyle ID="Style_1" FONTSIZE="8" FONTTYPE="serif" FONTWIDTH="proportional"/>
		<TextStyle ID="Style_2" FONTSIZE="8" FONTTYPE="serif" FONTWIDTH="proportional" FONTSTYLE="bold"/>
		<TextStyle ID="Style_3" FONTSIZE="7" FONTTYPE="serif" FONTWIDTH="proportional" FONTSTYLE="bold"/>
		<TextStyle ID="Style_4" FONTSIZE="7" FONTTYPE="serif" FONTWIDTH="proportional" FONTSTYLE="italics"/>
		<TextStyle ID="Style_5" FONTSIZE="7" FONTTYPE="serif" FONTWIDTH="proportional"/>
		<TextStyle ID="Style_6" FONTSIZE="9" FONTTYPE="serif" FONTWIDTH="proportional" FONTSTYLE="bold"/>
		<TextStyle ID="Style_7" FONTSIZE="6" FONTTYPE="serif" FONTWIDTH="proportional"/>
		<TextStyle ID="Style_8" FONTSIZE="9" FONTTYPE="serif" FONTWIDTH="proportional"/>
		<TextStyle ID="Style_9" FONTSIZE="9" FONTTYPE="sans-serif" FONTWIDTH="fixed" FONTSTYLE="bold underline superscript subscript"/>
		<TextStyle ID="Style_10" FONTSIZE="7" FONTTYPE="sans-serif" FONTWIDTH="fixed" FONTSTYLE="bold underline superscript subscript"/>
		<TextStyle ID="Style_11" FONTSIZE="6" FONTTYPE="serif" FONTWIDTH="proportional" FONTSTYLE="bold"/>
		<TextStyle ID="Style_12" FONTSIZE="10" FONTTYPE="serif" FONTWIDTH="proportional"/>
		<TextStyle ID="Style_13" FONTSIZE="8" FONTTYPE="serif" FONTWIDTH="proportional" FONTSTYLE="italics"/>
		<TextStyle ID="Style_14" FONTSIZE="10" FONTTYPE="sans-serif" FONTWIDTH="fixed" FONTSTYLE="bold underline superscript subscript"/>
		<TextStyle ID="Style_15" FONTSIZE="8" FONTTYPE="sans-serif" FONTWIDTH="fixed" FONTSTYLE="bold underline superscript subscript"/>
		<TextStyle ID="Style_16" FONTSIZE="9" FONTTYPE="serif" FONTWIDTH="proportional" FONTSTYLE="italics"/>
	</Styles>
	<Layout>
		<Page ID="Page_1" PHYSICAL_IMG_NR="1" HEIGHT="8268" WIDTH="4800">
			<PrintSpace ID="PS_1" HPOS="0" VPOS="0" HEIGHT="8268" WIDTH="4800">
				<TextBlock ID="TB_1.1" HPOS="2224" VPOS="7704" WIDTH="344" HEIGHT="200">
					<TextLine ID="TL_1.1.1" HPOS="2312" VPOS="7712" HEIGHT="96" WIDTH="196">
						<String CONTENT="253" ID="St_1.1.1.1" HPOS="2312" VPOS="7712" HEIGHT="96" WIDTH="196" STYLEREFS="Style_1" WC="1" CC="000"/>
					</TextLine>
				</TextBlock>
				<TextBlock ID="TB_1.2" HPOS="248" VPOS="600" WIDTH="4368" HEIGHT="7080">
					<TextLine ID="TL_1.2.1" HPOS="476" VPOS="664" HEIGHT="124" WIDTH="2388">
						<String CONTENT="Reynolds," ID="St_1.2.1.1" HPOS="476" VPOS="664" HEIGHT="124" WIDTH="608" STYLEREFS="Style_2" WC="1" CC="000000000"/>
						<SP ID="SP_1.2.1.2" HPOS="1068" VPOS="708" WIDTH="44"/>
						<String CONTENT="Joseph" ID="St_1.2.1.3" HPOS="1144" VPOS="664" HEIGHT="120" WIDTH="424" STYLEREFS="Style_2" WC="1" CC="000000"/>
						<SP ID="SP_1.2.1.4" HPOS="1528" VPOS="664" WIDTH="68"/>
						<String CONTENT="Benson" ID="St_1.2.1.5" HPOS="1628" VPOS="664" HEIGHT="100" WIDTH="452" STYLEREFS="Style_2" WC="1" CC="000000"/>
						<String CONTENT="&#x0097;" ID="St_1.2.1.6" HPOS="2084" VPOS="724" HEIGHT="16" WIDTH="84" STYLEREFS="Style_3" WC="1" CC="0"/>
						<String CONTENT="Continued" ID="St_1.2.1.7" HPOS="2240" VPOS="664" HEIGHT="104" WIDTH="624" STYLEREFS="Style_3" WC="1" CC="000000000"/>
					</TextLine>
					<TextLine ID="TL_1.2.2" HPOS="604" VPOS="816" HEIGHT="100" WIDTH="2060">
						<String CONTENT="x" ID="St_1.2.2.1" HPOS="604" VPOS="844" HEIGHT="52" WIDTH="64" STYLEREFS="Style_4" WC="1" CC="0"/>
						<SP ID="SP_1.2.2.2" HPOS="632" VPOS="828" WIDTH="64"/>
						<String CONTENT="p.," ID="St_1.2.2.3" HPOS="724" VPOS="844" HEIGHT="72" WIDTH="112" STYLEREFS="Style_5" WC="1" CC="000"/>
						<SP ID="SP_1.2.2.4" HPOS="824" VPOS="848" WIDTH="40"/>
						<String CONTENT="1" ID="St_1.2.2.5" HPOS="896" VPOS="824" HEIGHT="72" WIDTH="48" STYLEREFS="Style_5" WC="1" CC="0"/>
						<SP ID="SP_1.2.2.6" HPOS="916" VPOS="820" WIDTH="56"/>
						<String CONTENT="l" ID="St_1.2.2.7" HPOS="1000" VPOS="824" HEIGHT="72" WIDTH="28" STYLEREFS="Style_5" WC="1" CC="0"/>
						<String CONTENT=".," ID="St_1.2.2.8" HPOS="1040" VPOS="848" HEIGHT="64" WIDTH="44" STYLEREFS="Style_5" WC="0.958888888888889" CC="40"/>
						<SP ID="SP_1.2.2.9" HPOS="1072" VPOS="848" WIDTH="40"/>
						<String CONTENT="307" ID="St_1.2.2.10" HPOS="1144" VPOS="820" HEIGHT="76" WIDTH="168" STYLEREFS="Style_5" WC="0.97" CC="000"/>
						<SP ID="SP_1.2.2.11" HPOS="1280" VPOS="820" WIDTH="56"/>
						<String CONTENT="p." ID="St_1.2.2.12" HPOS="1364" VPOS="840" HEIGHT="72" WIDTH="84" STYLEREFS="Style_5" WC="0.974444444444444" CC="00"/>
						<SP ID="SP_1.2.2.13" HPOS="1436" VPOS="848" WIDTH="68"/>
						<String CONTENT="d" ID="St_1.2.2.14" HPOS="1568" VPOS="820" HEIGHT="76" WIDTH="56" STYLEREFS="Style_5" WC="0.977777777777778" CC="0"/>
						<String CONTENT="i" ID="St_1.2.2.15" HPOS="1632" VPOS="816" HEIGHT="76" WIDTH="32" STYLEREFS="Style_6" WC="0.956666666666667" CC="4"/>
						<String CONTENT="agrs." ID="St_1.2.2.16" HPOS="1672" VPOS="836" HEIGHT="72" WIDTH="244" STYLEREFS="Style_6" WC="0.965555555555556" CC="00000"/>
						<SP ID="SP_1.2.2.17" HPOS="1904" VPOS="848" WIDTH="68"/>
						<String CONTENT="23&#x00BD;&#x0368;&#x036b;." ID="St_1.2.2.18" HPOS="2032" VPOS="816" HEIGHT="88" WIDTH="632" STYLEREFS="Style_6" WC="0.958888888888889" CC="000004"/>
					</TextLine>
					<TextLine ID="TL_1.2.3" HPOS="484" VPOS="940" HEIGHT="108" WIDTH="3576">
						<String CONTENT="&#x00A9;" ID="St_1.2.3.1" HPOS="484" VPOS="940" HEIGHT="96" WIDTH="92" STYLEREFS="Style_6" WC="0.444444444444444" CC="5"/>
						<SP ID="SP_1.2.3.2" HPOS="528" VPOS="940" WIDTH="80"/>
						<String CONTENT="Feb." ID="St_1.2.3.3" HPOS="644" VPOS="956" HEIGHT="80" WIDTH="216" STYLEREFS="Style_6" WC="0.906666666666667" CC="0000"/>
						<SP ID="SP_1.2.3.4" HPOS="848" VPOS="984" WIDTH="40"/>
						<String CONTENT="3," ID="St_1.2.3.5" HPOS="920" VPOS="956" HEIGHT="88" WIDTH="80" STYLEREFS="Style_6" WC="0.888888888888889" CC="04"/>
						<SP ID="SP_1.2.3.6" HPOS="988" VPOS="980" WIDTH="40"/>
						<String CONTENT="1930;" ID="St_1.2.3.7" HPOS="1060" VPOS="952" HEIGHT="96" WIDTH="268" STYLEREFS="Style_6" WC="0.903333333333333" CC="00004"/>
						<SP ID="SP_1.2.3.8" HPOS="1316" VPOS="960" WIDTH="40"/>
						<String CONTENT="2" ID="St_1.2.3.9" HPOS="1396" VPOS="956" HEIGHT="76" WIDTH="48" STYLEREFS="Style_6" WC="0.901111111111111" CC="1"/>
						<String CONTENT="c" ID="St_1.2.3.10" HPOS="1448" VPOS="960" HEIGHT="68" WIDTH="44" STYLEREFS="Style_6" WC="0.906666666666667" CC="0"/>
						<String CONTENT="." ID="St_1.2.3.11" HPOS="1508" VPOS="1020" HEIGHT="16" WIDTH="12" STYLEREFS="Style_6" WC="0.912222222222222" CC="0"/>
						<SP ID="SP_1.2.3.12" HPOS="1508" VPOS="984" WIDTH="44"/>
						<String CONTENT="and" ID="St_1.2.3.13" HPOS="1588" VPOS="956" HEIGHT="76" WIDTH="180" STYLEREFS="Style_6" WC="0.926666666666667" CC="000"/>
						<SP ID="SP_1.2.3.14" HPOS="1736" VPOS="952" WIDTH="60"/>
						<String CONTENT="aff." ID="St_1.2.3.15" HPOS="1832" VPOS="952" HEIGHT="80" WIDTH="156" STYLEREFS="Style_6" WC="0.924444444444444" CC="0040"/>
						<SP ID="SP_1.2.3.16" HPOS="1976" VPOS="980" WIDTH="44"/>
						<String CONTENT="Feb." ID="St_1.2.3.17" HPOS="2056" VPOS="956" HEIGHT="76" WIDTH="212" STYLEREFS="Style_6" WC="0.935555555555556" CC="0000"/>
						<SP ID="SP_1.2.3.18" HPOS="2256" VPOS="980" WIDTH="40"/>
						<String CONTENT="20;" ID="St_1.2.3.19" HPOS="2328" VPOS="952" HEIGHT="84" WIDTH="160" STYLEREFS="Style_6" WC="0.93" CC="004"/>
						<SP ID="SP_1.2.3.20" HPOS="2476" VPOS="960" WIDTH="40"/>
						<String CONTENT="A" ID="St_1.2.3.21" HPOS="2552" VPOS="948" HEIGHT="76" WIDTH="68" STYLEREFS="Style_6" WC="0.922222222222222" CC="3"/>
						<SP ID="SP_1.2.3.22" HPOS="2584" VPOS="948" WIDTH="72"/>
						<String CONTENT="18863;" ID="St_1.2.3.23" HPOS="2692" VPOS="948" HEIGHT="96" WIDTH="328" STYLEREFS="Style_6" WC="0.924444444444444" CC="000040"/>
						<SP ID="SP_1.2.3.24" HPOS="3004" VPOS="960" WIDTH="48"/>
						<String CONTENT="Prentice-" ID="St_1.2.3.25" HPOS="3092" VPOS="952" HEIGHT="76" WIDTH="468" STYLEREFS="Style_6" WC="0.937777777777778" CC="000000000"/>
						<String CONTENT="H" ID="St_1.2.3.26" HPOS="3568" VPOS="952" HEIGHT="72" WIDTH="88" STYLEREFS="Style_7" WC="0.925555555555556" CC="7"/>
						<String CONTENT="al" ID="St_1.2.3.27" HPOS="3648" VPOS="948" HEIGHT="76" WIDTH="92" STYLEREFS="Style_7" WC="0.914444444444444" CC="34"/>
						<String CONTENT="l" ID="St_1.2.3.28" HPOS="3748" VPOS="948" HEIGHT="76" WIDTH="32" STYLEREFS="Style_8" WC="0.908888888888889" CC="4"/>
						<String CONTENT="," ID="St_1.2.3.29" HPOS="3800" VPOS="1012" HEIGHT="28" WIDTH="20" STYLEREFS="Style_8" WC="0.91" CC="0"/>
						<SP ID="SP_1.2.3.30" HPOS="3804" VPOS="980" WIDTH="44"/>
						<String CONTENT="inc." ID="St_1.2.3.31" HPOS="3884" VPOS="952" HEIGHT="76" WIDTH="176" STYLEREFS="Style_8" WC="0.916666666666667" CC="0000"/>
					</TextLine>
					<TextLine ID="TL_1.2.4" HPOS="632" VPOS="1056" HEIGHT="108" WIDTH="3548">
						<String CONTENT="(3" ID="St_1.2.4.1" HPOS="632" VPOS="1064" HEIGHT="92" WIDTH="92" STYLEREFS="Style_8" WC="0.777777777777778" CC="13"/>
						<String CONTENT="0" ID="St_1.2.4.2" HPOS="736" VPOS="1064" HEIGHT="80" WIDTH="52" STYLEREFS="Style_9" WC="0.814444444444444" CC="1"/>
						<String CONTENT="-6053)" ID="St_1.2.4.3" HPOS="788" VPOS="1064" HEIGHT="100" WIDTH="332" STYLEREFS="Style_10" WC="0.901111111111111" CC="300000"/>
						<SP ID="SP_1.2.4.4" HPOS="1100" VPOS="1072" WIDTH="2844"/>
						<String CONTENT="1644" ID="St_1.2.4.5" HPOS="3944" VPOS="1056" HEIGHT="80" WIDTH="236" STYLEREFS="Style_10" WC="0.645555555555556" CC="0000"/>
					</TextLine>
					<TextLine ID="TL_1.2.5" HPOS="476" VPOS="1268" HEIGHT="124" WIDTH="1852">
						<String CONTENT="Root," ID="St_1.2.5.1" HPOS="476" VPOS="1272" HEIGHT="120" WIDTH="332" STYLEREFS="Style_10" WC="1" CC="00000"/>
						<SP ID="SP_1.2.5.2" HPOS="788" VPOS="1308" WIDTH="44"/>
						<String CONTENT="William" ID="St_1.2.5.3" HPOS="864" VPOS="1268" HEIGHT="108" WIDTH="496" STYLEREFS="Style_10" WC="1" CC="0000000"/>
						<SP ID="SP_1.2.5.4" HPOS="1296" VPOS="1284" WIDTH="88"/>
						<String CONTENT="Thomas," ID="St_1.2.5.5" HPOS="1412" VPOS="1268" HEIGHT="124" WIDTH="536" STYLEREFS="Style_10" WC="1" CC="0000000"/>
						<SP ID="SP_1.2.5.6" HPOS="1928" VPOS="1312" WIDTH="48"/>
						<String CONTENT="18" ID="St_1.2.5.7" HPOS="2012" VPOS="1280" HEIGHT="96" WIDTH="120" STYLEREFS="Style_10" WC="1" CC="00"/>
						<String CONTENT="82" ID="St_1.2.5.8" HPOS="2144" VPOS="1280" HEIGHT="96" WIDTH="128" STYLEREFS="Style_10" WC="1" CC="00"/>
						<String CONTENT="-" ID="St_1.2.5.9" HPOS="2276" VPOS="1336" HEIGHT="12" WIDTH="52" STYLEREFS="Style_10" WC="1" CC="0"/>
					</TextLine>
					<TextLine ID="TL_1.2.6" HPOS="604" VPOS="1412" HEIGHT="140" WIDTH="3732">
						<String CONTENT="A" ID="St_1.2.6.1" HPOS="604" VPOS="1420" HEIGHT="100" WIDTH="112" STYLEREFS="Style_10" WC="1" CC="0"/>
						<SP ID="SP_1.2.6.2" HPOS="656" VPOS="1424" WIDTH="88"/>
						<String CONTENT="series" ID="St_1.2.6.3" HPOS="772" VPOS="1420" HEIGHT="100" WIDTH="324" STYLEREFS="Style_10" WC="1" CC="000000"/>
						<SP ID="SP_1.2.6.4" HPOS="1068" VPOS="1440" WIDTH="56"/>
						<String CONTENT="of" ID="St_1.2.6.5" HPOS="1156" VPOS="1420" HEIGHT="100" WIDTH="124" STYLEREFS="Style_10" WC="1" CC="00"/>
						<SP ID="SP_1.2.6.6" HPOS="1248" VPOS="1424" WIDTH="60"/>
						<String CONTENT="ten" ID="St_1.2.6.7" HPOS="1340" VPOS="1432" HEIGHT="88" WIDTH="184" STYLEREFS="Style_10" WC="1" CC="000"/>
						<SP ID="SP_1.2.6.8" HPOS="1480" VPOS="1440" WIDTH="72"/>
						<String CONTENT="radio" ID="St_1.2.6.9" HPOS="1584" VPOS="1420" HEIGHT="100" WIDTH="316" STYLEREFS="Style_10" WC="1" CC="00000"/>
						<SP ID="SP_1.2.6.10" HPOS="1864" VPOS="1440" WIDTH="64"/>
						<String CONTENT="talks" ID="St_1.2.6.11" HPOS="1964" VPOS="1416" HEIGHT="104" WIDTH="288" STYLEREFS="Style_10" WC="1" CC="00000"/>
						<SP ID="SP_1.2.6.12" HPOS="2224" VPOS="1440" WIDTH="56"/>
						<String CONTENT="on" ID="St_1.2.6.13" HPOS="2312" VPOS="1456" HEIGHT="64" WIDTH="132" STYLEREFS="Style_10" WC="1" CC="00"/>
						<SP ID="SP_1.2.6.14" HPOS="2412" VPOS="1440" WIDTH="64"/>
						<String CONTENT="psychology" ID="St_1.2.6.15" HPOS="2516" VPOS="1420" HEIGHT="132" WIDTH="680" STYLEREFS="Style_10" WC="1" CC="0000000000"/>
						<SP ID="SP_1.2.6.16" HPOS="3156" VPOS="1440" WIDTH="68"/>
						<String CONTENT="and" ID="St_1.2.6.17" HPOS="3260" VPOS="1412" HEIGHT="104" WIDTH="224" STYLEREFS="Style_10" WC="1" CC="000"/>
						<SP ID="SP_1.2.6.18" HPOS="3444" VPOS="1420" WIDTH="68"/>
						<String CONTENT="human" ID="St_1.2.6.19" HPOS="3544" VPOS="1412" HEIGHT="104" WIDTH="412" STYLEREFS="Style_10" WC="1" CC="00000"/>
						<SP ID="SP_1.2.6.20" HPOS="3916" VPOS="1440" WIDTH="68"/>
						<String CONTENT="prob-" ID="St_1.2.6.21" HPOS="4020" VPOS="1416" HEIGHT="128" WIDTH="316" STYLEREFS="Style_10" WC="1" CC="00000"/>
					</TextLine>
					<TextLine ID="TL_1.2.7" HPOS="472" VPOS="1568" HEIGHT="132" WIDTH="3032">
						<String CONTENT="lems," ID="St_1.2.7.1" HPOS="472" VPOS="1568" HEIGHT="132" WIDTH="304" STYLEREFS="Style_10" WC="1" CC="00000"/>
						<SP ID="SP_1.2.7.2" HPOS="760" VPOS="1612" WIDTH="36"/>
						<String CONTENT="by" ID="St_1.2.7.3" HPOS="824" VPOS="1568" HEIGHT="132" WIDTH="148" STYLEREFS="Style_10" WC="1" CC="00"/>
						<SP ID="SP_1.2.7.4" HPOS="932" VPOS="1588" WIDTH="64"/>
						<String CONTENT="William" ID="St_1.2.7.5" HPOS="1028" VPOS="1568" HEIGHT="104" WIDTH="508" STYLEREFS="Style_10" WC="1" CC="0000000"/>
						<SP ID="SP_1.2.7.6" HPOS="1476" VPOS="1592" WIDTH="88"/>
						<String CONTENT="T." ID="St_1.2.7.7" HPOS="1596" VPOS="1568" HEIGHT="104" WIDTH="124" STYLEREFS="Style_10" WC="1" CC="00"/>
						<SP ID="SP_1.2.7.8" HPOS="1704" VPOS="1616" WIDTH="44"/>
						<String CONTENT="Root" ID="St_1.2.7.9" HPOS="1780" VPOS="1568" HEIGHT="104" WIDTH="292" STYLEREFS="Style_10" WC="1" CC="0000"/>
						<SP ID="SP_1.2.7.10" HPOS="2044" VPOS="1580" WIDTH="60"/>
						<String CONTENT="&#x0085;" ID="St_1.2.7.11" HPOS="2152" VPOS="1572" HEIGHT="112" WIDTH="64" STYLEREFS="Style_10" WC="1" CC="0"/>
						<SP ID="SP_1.2.7.12" HPOS="2240" VPOS="1636" WIDTH="84"/>
						<String CONTENT="[Pittsburgh]" ID="St_1.2.7.13" HPOS="2400" VPOS="1568" HEIGHT="132" WIDTH="736" STYLEREFS="Style_10" WC="0.96" CC="700000000007"/>
						<SP ID="SP_1.2.7.14" HPOS="3120" VPOS="1604" WIDTH="52"/>
						<String CONTENT="1929." ID="St_1.2.7.15" HPOS="3216" VPOS="1568" HEIGHT="96" WIDTH="288" STYLEREFS="Style_10" WC="0.964444444444444" CC="00000"/>
					</TextLine>
					<TextLine ID="TL_1.2.8" HPOS="608" VPOS="1720" HEIGHT="100" WIDTH="3740">
						<String CONTENT="4" ID="St_1.2.8.1" HPOS="608" VPOS="1728" HEIGHT="76" WIDTH="56" STYLEREFS="Style_10" WC="1" CC="0"/>
						<SP ID="SP_1.2.8.2" HPOS="632" VPOS="1720" WIDTH="60"/>
						<String CONTENT="p.," ID="St_1.2.8.3" HPOS="724" VPOS="1748" HEIGHT="72" WIDTH="108" STYLEREFS="Style_10" WC="1" CC="000"/>
						<SP ID="SP_1.2.8.4" HPOS="816" VPOS="1748" WIDTH="44"/>
						<String CONTENT="1" ID="St_1.2.8.5" HPOS="896" VPOS="1724" HEIGHT="80" WIDTH="48" STYLEREFS="Style_10" WC="1" CC="0"/>
						<SP ID="SP_1.2.8.6" HPOS="916" VPOS="1720" WIDTH="56"/>
						<String CONTENT="l" ID="St_1.2.8.7" HPOS="1004" VPOS="1720" HEIGHT="76" WIDTH="36" STYLEREFS="Style_10" WC="1" CC="0"/>
						<String CONTENT=".," ID="St_1.2.8.8" HPOS="1044" VPOS="1748" HEIGHT="72" WIDTH="44" STYLEREFS="Style_10" WC="0.968888888888889" CC="30"/>
						<SP ID="SP_1.2.8.9" HPOS="1072" VPOS="1748" WIDTH="44"/>
						<String CONTENT="5-88" ID="St_1.2.8.10" HPOS="1152" VPOS="1724" HEIGHT="80" WIDTH="224" STYLEREFS="Style_10" WC="0.978888888888889" CC="0000"/>
						<SP ID="SP_1.2.8.11" HPOS="1344" VPOS="1720" WIDTH="60"/>
						<String CONTENT="p." ID="St_1.2.8.12" HPOS="1436" VPOS="1748" HEIGHT="72" WIDTH="84" STYLEREFS="Style_10" WC="0.982222222222222" CC="00"/>
						<SP ID="SP_1.2.8.13" HPOS="1508" VPOS="1752" WIDTH="68"/>
						<String CONTENT="22&#x00BD;&#x0368;&#x036b;." ID="St_1.2.8.14" HPOS="1636" VPOS="1724" HEIGHT="88" WIDTH="636" STYLEREFS="Style_10" WC="0.986666666666667" CC="000000"/>
						<SP ID="SP_1.2.8.15" HPOS="1908" VPOS="1752" WIDTH="80"/>
						<String CONTENT="(University" ID="St_1.2.8.16" HPOS="2056" VPOS="1724" HEIGHT="92" WIDTH="600" STYLEREFS="Style_10" WC="0.991111111111111" CC="00000000000"/>
						<SP ID="SP_1.2.8.17" HPOS="2620" VPOS="1728" WIDTH="60"/>
						<String CONTENT="of" ID="St_1.2.8.18" HPOS="2712" VPOS="1724" HEIGHT="80" WIDTH="100" STYLEREFS="Style_10" WC="0.991111111111111" CC="00"/>
						<SP ID="SP_1.2.8.19" HPOS="2784" VPOS="1720" WIDTH="56"/>
						<String CONTENT="Pittsburgh." ID="St_1.2.8.20" HPOS="2872" VPOS="1720" HEIGHT="96" WIDTH="584" STYLEREFS="Style_10" WC="0.993333333333333" CC="00000000000"/>
						<SP ID="SP_1.2.8.21" HPOS="3444" VPOS="1748" WIDTH="68"/>
						<String CONTENT="Radio" ID="St_1.2.8.22" HPOS="3572" VPOS="1720" HEIGHT="76" WIDTH="308" STYLEREFS="Style_10" WC="0.993333333333333" CC="00000"/>
						<SP ID="SP_1.2.8.23" HPOS="3848" VPOS="1728" WIDTH="56"/>
						<String CONTENT="publica-" ID="St_1.2.8.24" HPOS="3944" VPOS="1720" HEIGHT="96" WIDTH="404" STYLEREFS="Style_10" WC="0.987777777777778" CC="00000031"/>
					</TextLine>
					<TextLine ID="TL_1.2.9" HPOS="480" VPOS="1832" HEIGHT="92" WIDTH="612">
						<String CONTENT="t" ID="St_1.2.9.1" HPOS="480" VPOS="1840" HEIGHT="72" WIDTH="32" STYLEREFS="Style_11" WC="0.555555555555556" CC="4"/>
						<String CONTENT="ion" ID="St_1.2.9.2" HPOS="520" VPOS="1832" HEIGHT="80" WIDTH="152" STYLEREFS="Style_11" WC="0.888888888888889" CC="000"/>
						<SP ID="SP_1.2.9.3" HPOS="640" VPOS="1840" WIDTH="60"/>
						<String CONTENT="no." ID="St_1.2.9.4" HPOS="732" VPOS="1856" HEIGHT="56" WIDTH="144" STYLEREFS="Style_11" WC="0.944444444444444" CC="000"/>
						<SP ID="SP_1.2.9.5" HPOS="864" VPOS="1860" WIDTH="40"/>
						<String CONTENT="54)" ID="St_1.2.9.6" HPOS="940" VPOS="1832" HEIGHT="92" WIDTH="152" STYLEREFS="Style_11" WC="0.962222222222222" CC="000"/>
					</TextLine>
					<TextLine ID="TL_1.2.10" HPOS="612" VPOS="1960" HEIGHT="100" WIDTH="3736">
						<String CONTENT="&quot;Broadcast" ID="St_1.2.10.1" HPOS="612" VPOS="1968" HEIGHT="76" WIDTH="584" STYLEREFS="Style_11" WC="1" CC="0000000000"/>
						<SP ID="SP_1.2.10.2" HPOS="1172" VPOS="1964" WIDTH="64"/>
						<String CONTENT="from" ID="St_1.2.10.3" HPOS="1280" VPOS="1968" HEIGHT="76" WIDTH="252" STYLEREFS="Style_11" WC="1" CC="0000"/>
						<SP ID="SP_1.2.10.4" HPOS="1480" VPOS="1972" WIDTH="92"/>
						<String CONTENT="the" ID="St_1.2.10.5" HPOS="1624" VPOS="1972" HEIGHT="76" WIDTH="156" STYLEREFS="Style_11" WC="1" CC="000"/>
						<SP ID="SP_1.2.10.6" HPOS="1752" VPOS="1972" WIDTH="72"/>
						<String CONTENT="University" ID="St_1.2.10.7" HPOS="1876" VPOS="1964" HEIGHT="96" WIDTH="548" STYLEREFS="Style_11" WC="1" CC="0000000000"/>
						<SP ID="SP_1.2.10.8" HPOS="2388" VPOS="1972" WIDTH="76"/>
						<String CONTENT="of" ID="St_1.2.10.9" HPOS="2516" VPOS="1964" HEIGHT="80" WIDTH="100" STYLEREFS="Style_11" WC="1" CC="00"/>
						<SP ID="SP_1.2.10.10" HPOS="2588" VPOS="1960" WIDTH="68"/>
						<String CONTENT="Pittsburgh" ID="St_1.2.10.11" HPOS="2708" VPOS="1964" HEIGHT="96" WIDTH="564" STYLEREFS="Style_11" WC="1" CC="0000000000"/>
						<SP ID="SP_1.2.10.12" HPOS="3236" VPOS="1964" WIDTH="76"/>
						<String CONTENT="studio" ID="St_1.2.10.13" HPOS="3364" VPOS="1964" HEIGHT="80" WIDTH="316" STYLEREFS="Style_11" WC="1" CC="000000"/>
						<SP ID="SP_1.2.10.14" HPOS="3648" VPOS="1972" WIDTH="76"/>
						<String CONTENT="of" ID="St_1.2.10.15" HPOS="3776" VPOS="1964" HEIGHT="76" WIDTH="96" STYLEREFS="Style_11" WC="1" CC="00"/>
						<SP ID="SP_1.2.10.16" HPOS="3848" VPOS="1960" WIDTH="68"/>
						<String CONTENT="KDKA," ID="St_1.2.10.17" HPOS="3968" VPOS="1964" HEIGHT="92" WIDTH="380" STYLEREFS="Style_11" WC="0.992222222222222" CC="04000"/>
					</TextLine>
					<TextLine ID="TL_1.2.11" HPOS="484" VPOS="2072" HEIGHT="96" WIDTH="3868">
						<String CONTENT="Westinghouse" ID="St_1.2.11.1" HPOS="484" VPOS="2076" HEIGHT="92" WIDTH="712" STYLEREFS="Style_11" WC="1" CC="000000000000"/>
						<SP ID="SP_1.2.11.2" HPOS="1168" VPOS="2084" WIDTH="64"/>
						<String CONTENT="electric" ID="St_1.2.11.3" HPOS="1272" VPOS="2076" HEIGHT="80" WIDTH="380" STYLEREFS="Style_11" WC="1" CC="00000000"/>
						<SP ID="SP_1.2.11.4" HPOS="1624" VPOS="2084" WIDTH="64"/>
						<String CONTENT="and" ID="St_1.2.11.5" HPOS="1724" VPOS="2080" HEIGHT="76" WIDTH="188" STYLEREFS="Style_11" WC="1" CC="000"/>
						<SP ID="SP_1.2.11.6" HPOS="1880" VPOS="2076" WIDTH="64"/>
						<String CONTENT="manufacturing" ID="St_1.2.11.7" HPOS="1980" VPOS="2072" HEIGHT="96" WIDTH="780" STYLEREFS="Style_11" WC="1" CC="0000000000000"/>
						<SP ID="SP_1.2.11.8" HPOS="2728" VPOS="2084" WIDTH="68"/>
						<String CONTENT="company," ID="St_1.2.11.9" HPOS="2836" VPOS="2092" HEIGHT="76" WIDTH="480" STYLEREFS="Style_11" WC="1" CC="00000000"/>
						<SP ID="SP_1.2.11.10" HPOS="3304" VPOS="2100" WIDTH="52"/>
						<String CONTENT="Pittsburgh." ID="St_1.2.11.11" HPOS="3400" VPOS="2072" HEIGHT="92" WIDTH="580" STYLEREFS="Style_11" WC="1" CC="00000000000"/>
						<SP ID="SP_1.2.11.12" HPOS="3968" VPOS="2100" WIDTH="52"/>
						<String CONTENT="Penn-" ID="St_1.2.11.13" HPOS="4064" VPOS="2072" HEIGHT="80" WIDTH="288" STYLEREFS="Style_11" WC="1" CC="00000"/>
					</TextLine>
					<TextLine ID="TL_1.2.12" HPOS="476" VPOS="2184" HEIGHT="92" WIDTH="520">
						<String CONTENT="sylvania.&quot;" ID="St_1.2.12.1" HPOS="476" VPOS="2184" HEIGHT="92" WIDTH="520" STYLEREFS="Style_11" WC="1" CC="0000000000"/>
					</TextLine>
					<TextLine ID="TL_1.2.13" HPOS="616" VPOS="2288" HEIGHT="100" WIDTH="1688">
						<String CONTENT="&quot;Select" ID="St_1.2.13.1" HPOS="616" VPOS="2292" HEIGHT="80" WIDTH="360" STYLEREFS="Style_11" WC="1" CC="0000000"/>
						<SP ID="SP_1.2.13.2" HPOS="956" VPOS="2292" WIDTH="52"/>
						<String CONTENT="bibliography&quot;:" ID="St_1.2.13.3" HPOS="1036" VPOS="2288" HEIGHT="100" WIDTH="760" STYLEREFS="Style_11" WC="1" CC="00000000000000"/>
						<SP ID="SP_1.2.13.4" HPOS="1784" VPOS="2300" WIDTH="40"/>
						<String CONTENT="p." ID="St_1.2.13.5" HPOS="1860" VPOS="2316" HEIGHT="72" WIDTH="76" STYLEREFS="Style_11" WC="0.982222222222222" CC="04"/>
						<SP ID="SP_1.2.13.6" HPOS="1928" VPOS="2320" WIDTH="40"/>
						<String CONTENT="82-85." ID="St_1.2.13.7" HPOS="1996" VPOS="2288" HEIGHT="84" WIDTH="308" STYLEREFS="Style_11" WC="0.985555555555556" CC="000000"/>
					</TextLine>
					<TextLine ID="TL_1.2.14" HPOS="492" VPOS="2424" HEIGHT="100" WIDTH="3848">
						<String CONTENT="&#x00A9;" ID="St_1.2.14.1" HPOS="492" VPOS="2424" HEIGHT="96" WIDTH="96" STYLEREFS="Style_11" WC="0.555555555555556" CC="4"/>
						<SP ID="SP_1.2.14.2" HPOS="540" VPOS="2424" WIDTH="76"/>
						<String CONTENT="Jan." ID="St_1.2.14.3" HPOS="644" VPOS="2432" HEIGHT="76" WIDTH="212" STYLEREFS="Style_11" WC="0.925555555555556" CC="0000"/>
						<SP ID="SP_1.2.14.4" HPOS="844" VPOS="2464" WIDTH="36"/>
						<String CONTENT="15," ID="St_1.2.14.5" HPOS="908" VPOS="2432" HEIGHT="92" WIDTH="132" STYLEREFS="Style_11" WC="0.955555555555556" CC="000"/>
						<SP ID="SP_1.2.14.6" HPOS="1028" VPOS="2464" WIDTH="40"/>
						<String CONTENT="1930;" ID="St_1.2.14.7" HPOS="1096" VPOS="2428" HEIGHT="96" WIDTH="268" STYLEREFS="Style_11" WC="0.964444444444444" CC="00001"/>
						<SP ID="SP_1.2.14.8" HPOS="1352" VPOS="2444" WIDTH="40"/>
						<String CONTENT="2c." ID="St_1.2.14.9" HPOS="1420" VPOS="2432" HEIGHT="80" WIDTH="128" STYLEREFS="Style_11" WC="0.922222222222222" CC="404"/>
						<SP ID="SP_1.2.14.10" HPOS="1536" VPOS="2464" WIDTH="40"/>
						<String CONTENT="Feb." ID="St_1.2.14.11" HPOS="1604" VPOS="2432" HEIGHT="76" WIDTH="212" STYLEREFS="Style_11" WC="0.937777777777778" CC="0000"/>
						<SP ID="SP_1.2.14.12" HPOS="1808" VPOS="2464" WIDTH="32"/>
						<String CONTENT="17;" ID="St_1.2.14.13" HPOS="1868" VPOS="2432" HEIGHT="88" WIDTH="160" STYLEREFS="Style_11" WC="0.945555555555556" CC="000"/>
						<SP ID="SP_1.2.14.14" HPOS="2016" VPOS="2444" WIDTH="40"/>
						<String CONTENT="aff." ID="St_1.2.14.15" HPOS="2088" VPOS="2432" HEIGHT="76" WIDTH="160" STYLEREFS="Style_11" WC="0.941111111111111" CC="0040"/>
						<SP ID="SP_1.2.14.16" HPOS="2236" VPOS="2464" WIDTH="40"/>
						<String CONTENT="Feb." ID="St_1.2.14.17" HPOS="2304" VPOS="2432" HEIGHT="80" WIDTH="208" STYLEREFS="Style_11" WC="0.94" CC="0003"/>
						<SP ID="SP_1.2.14.18" HPOS="2504" VPOS="2464" WIDTH="40"/>
						<String CONTENT="1" ID="St_1.2.14.19" HPOS="2576" VPOS="2432" HEIGHT="76" WIDTH="52" STYLEREFS="Style_11" WC="0.932222222222222" CC="3"/>
						<String CONTENT="5" ID="St_1.2.14.20" HPOS="2632" VPOS="2436" HEIGHT="72" WIDTH="56" STYLEREFS="Style_12" WC="0.925555555555556" CC="3"/>
						<String CONTENT=";" ID="St_1.2.14.21" HPOS="2712" VPOS="2448" HEIGHT="72" WIDTH="20" STYLEREFS="Style_12" WC="0.926666666666667" CC="0"/>
						<SP ID="SP_1.2.14.22" HPOS="2716" VPOS="2444" WIDTH="40"/>
						<String CONTENT="A" ID="St_1.2.14.23" HPOS="2788" VPOS="2428" HEIGHT="76" WIDTH="76" STYLEREFS="Style_12" WC="0.93" CC="0"/>
						<SP ID="SP_1.2.14.24" HPOS="2820" VPOS="2432" WIDTH="68"/>
						<String CONTENT="18789;" ID="St_1.2.14.25" HPOS="2920" VPOS="2428" HEIGHT="92" WIDTH="332" STYLEREFS="Style_12" WC="0.94" CC="000000"/>
						<SP ID="SP_1.2.14.26" HPOS="3236" VPOS="2444" WIDTH="40"/>
						<String CONTENT="University" ID="St_1.2.14.27" HPOS="3308" VPOS="2428" HEIGHT="92" WIDTH="552" STYLEREFS="Style_12" WC="0.95" CC="0000000000"/>
						<SP ID="SP_1.2.14.28" HPOS="3828" VPOS="2444" WIDTH="56"/>
						<String CONTENT="of" ID="St_1.2.14.29" HPOS="3912" VPOS="2428" HEIGHT="76" WIDTH="100" STYLEREFS="Style_12" WC="0.952222222222222" CC="00"/>
						<SP ID="SP_1.2.14.30" HPOS="3984" VPOS="2432" WIDTH="52"/>
						<String CONTENT="Pi" ID="St_1.2.14.31" HPOS="4064" VPOS="2428" HEIGHT="76" WIDTH="104" STYLEREFS="Style_12" WC="0.941111111111111" CC="44"/>
						<String CONTENT="t" ID="St_1.2.14.32" HPOS="4184" VPOS="2428" HEIGHT="76" WIDTH="32" STYLEREFS="Style_12" WC="0.941111111111111" CC="1"/>
						<String CONTENT="ts" ID="St_1.2.14.33" HPOS="4228" VPOS="2432" HEIGHT="72" WIDTH="100" STYLEREFS="Style_12" WC="0.936666666666667" CC="13"/>
						<String CONTENT="-" ID="St_1.2.14.34" HPOS="4308" VPOS="2456" HEIGHT="44" WIDTH="32" STYLEREFS="Style_12" WC="0.931111111111111" CC="4"/>
					</TextLine>
					<TextLine ID="TL_1.2.15" HPOS="616" VPOS="2532" HEIGHT="116" WIDTH="3564">
						<String CONTENT="burgh." ID="St_1.2.15.1" HPOS="616" VPOS="2540" HEIGHT="92" WIDTH="328" STYLEREFS="Style_12" WC="1" CC="000000"/>
						<SP ID="SP_1.2.15.2" HPOS="932" VPOS="2592" WIDTH="80"/>
						<String CONTENT="(" ID="St_1.2.15.3" HPOS="1080" VPOS="2540" HEIGHT="92" WIDTH="28" STYLEREFS="Style_12" WC="1" CC="0"/>
						<String CONTENT="30" ID="St_1.2.15.4" HPOS="1124" VPOS="2540" HEIGHT="80" WIDTH="112" STYLEREFS="Style_12" WC="0.944444444444444" CC="41"/>
						<String CONTENT="-4187)" ID="St_1.2.15.5" HPOS="1240" VPOS="2540" HEIGHT="92" WIDTH="324" STYLEREFS="Style_12" WC="0.936666666666667" CC="400000"/>
						<SP ID="SP_1.2.15.6" HPOS="1548" VPOS="2556" WIDTH="2404"/>
						<String CONTENT="1645" ID="St_1.2.15.7" HPOS="3952" VPOS="2532" HEIGHT="80" WIDTH="228" STYLEREFS="Style_12" WC="0.694444444444444" CC="0000"/>
					</TextLine>
					<TextLine ID="TL_1.2.16" HPOS="488" VPOS="2748" HEIGHT="124" WIDTH="1944">
						<String CONTENT="Ross," ID="St_1.2.16.1" HPOS="488" VPOS="2752" HEIGHT="120" WIDTH="324" STYLEREFS="Style_12" WC="1" CC="00000"/>
						<SP ID="SP_1.2.16.2" HPOS="796" VPOS="2788" WIDTH="44"/>
						<String CONTENT="Malcolm" ID="St_1.2.16.3" HPOS="868" VPOS="2748" HEIGHT="104" WIDTH="520" STYLEREFS="Style_12" WC="1" CC="0000000"/>
						<SP ID="SP_1.2.16.4" HPOS="1332" VPOS="2764" WIDTH="84"/>
						<String CONTENT="Harrison," ID="St_1.2.16.5" HPOS="1448" VPOS="2748" HEIGHT="124" WIDTH="600" STYLEREFS="Style_12" WC="1" CC="000000000"/>
						<SP ID="SP_1.2.16.6" HPOS="2032" VPOS="2788" WIDTH="48"/>
						<String CONTENT="1895-" ID="St_1.2.16.7" HPOS="2112" VPOS="2760" HEIGHT="96" WIDTH="320" STYLEREFS="Style_12" WC="1" CC="00000"/>
					</TextLine>
					<TextLine ID="TL_1.2.17" HPOS="608" VPOS="2896" HEIGHT="136" WIDTH="3744">
						<String CONTENT="Hymn" ID="St_1.2.17.1" HPOS="608" VPOS="2896" HEIGHT="136" WIDTH="392" STYLEREFS="Style_12" WC="1" CC="0000"/>
						<SP ID="SP_1.2.17.2" HPOS="960" VPOS="2916" WIDTH="64"/>
						<String CONTENT="t" ID="St_1.2.17.3" HPOS="1048" VPOS="2908" HEIGHT="92" WIDTH="48" STYLEREFS="Style_12" WC="1" CC="0"/>
						<String CONTENT="o" ID="St_1.2.17.4" HPOS="1100" VPOS="2936" HEIGHT="64" WIDTH="60" STYLEREFS="Style_12" WC="1" CC="0"/>
						<SP ID="SP_1.2.17.5" HPOS="1128" VPOS="2924" WIDTH="56"/>
						<String CONTENT="the" ID="St_1.2.17.6" HPOS="1212" VPOS="2896" HEIGHT="104" WIDTH="184" STYLEREFS="Style_12" WC="1" CC="000"/>
						<SP ID="SP_1.2.17.7" HPOS="1368" VPOS="2916" WIDTH="52"/>
						<String CONTENT="sun," ID="St_1.2.17.8" HPOS="1444" VPOS="2932" HEIGHT="96" WIDTH="244" STYLEREFS="Style_12" WC="1" CC="0000"/>
						<SP ID="SP_1.2.17.9" HPOS="1672" VPOS="2940" WIDTH="36"/>
						<String CONTENT="by" ID="St_1.2.17.10" HPOS="1736" VPOS="2896" HEIGHT="136" WIDTH="140" STYLEREFS="Style_12" WC="1" CC="00"/>
						<SP ID="SP_1.2.17.11" HPOS="1836" VPOS="2916" WIDTH="64"/>
						<String CONTENT="Malcolm" ID="St_1.2.17.12" HPOS="1928" VPOS="2896" HEIGHT="104" WIDTH="524" STYLEREFS="Style_12" WC="1" CC="0000000"/>
						<SP ID="SP_1.2.17.13" HPOS="2392" VPOS="2916" WIDTH="88"/>
						<String CONTENT="Ross" ID="St_1.2.17.14" HPOS="2508" VPOS="2900" HEIGHT="100" WIDTH="280" STYLEREFS="Style_12" WC="1" CC="0000"/>
						<SP ID="SP_1.2.17.15" HPOS="2760" VPOS="2916" WIDTH="56"/>
						<String CONTENT="&#x0085;" ID="St_1.2.17.16" HPOS="2876" VPOS="2908" HEIGHT="104" WIDTH="68" STYLEREFS="Style_12" WC="1" CC="0"/>
						<SP ID="SP_1.2.17.17" HPOS="2944" VPOS="2960" WIDTH="76"/>
						<String CONTENT="New" ID="St_1.2.17.18" HPOS="3084" VPOS="2896" HEIGHT="100" WIDTH="268" STYLEREFS="Style_12" WC="1" CC="000"/>
						<SP ID="SP_1.2.17.19" HPOS="3300" VPOS="2916" WIDTH="76"/>
						<String CONTENT="York," ID="St_1.2.17.20" HPOS="3404" VPOS="2896" HEIGHT="132" WIDTH="356" STYLEREFS="Style_12" WC="1" CC="00000"/>
						<SP ID="SP_1.2.17.21" HPOS="3744" VPOS="2940" WIDTH="40"/>
						<String CONTENT="C." ID="St_1.2.17.22" HPOS="3812" VPOS="2896" HEIGHT="104" WIDTH="116" STYLEREFS="Style_12" WC="1" CC="00"/>
						<SP ID="SP_1.2.17.23" HPOS="3916" VPOS="2940" WIDTH="40"/>
						<String CONTENT="S" ID="St_1.2.17.24" HPOS="3992" VPOS="2896" HEIGHT="100" WIDTH="76" STYLEREFS="Style_12" WC="1" CC="0"/>
						<String CONTENT="c" ID="St_1.2.17.25" HPOS="4076" VPOS="2932" HEIGHT="60" WIDTH="48" STYLEREFS="Style_12" WC="0.991111111111111" CC="4"/>
						<String CONTENT="rib-" ID="St_1.2.17.26" HPOS="4136" VPOS="2896" HEIGHT="100" WIDTH="216" STYLEREFS="Style_12" WC="0.991111111111111" CC="0000"/>
					</TextLine>
					<TextLine ID="TL_1.2.18" HPOS="472" VPOS="3048" HEIGHT="132" WIDTH="980">
						<String CONTENT="ner&apos;s" ID="St_1.2.18.1" HPOS="472" VPOS="3048" HEIGHT="104" WIDTH="284" STYLEREFS="Style_12" WC="1" CC="00000"/>
						<SP ID="SP_1.2.18.2" HPOS="728" VPOS="3072" WIDTH="56"/>
						<String CONTENT="sons," ID="St_1.2.18.3" HPOS="812" VPOS="3080" HEIGHT="100" WIDTH="284" STYLEREFS="Style_12" WC="1" CC="00000"/>
						<SP ID="SP_1.2.18.4" HPOS="1080" VPOS="3092" WIDTH="44"/>
						<String CONTENT="1930." ID="St_1.2.18.5" HPOS="1160" VPOS="3052" HEIGHT="100" WIDTH="292" STYLEREFS="Style_12" WC="1" CC="00000"/>
					</TextLine>
					<TextLine ID="TL_1.2.19" HPOS="612" VPOS="3208" HEIGHT="96" WIDTH="1452">
						<String CONTENT="4" ID="St_1.2.19.1" HPOS="612" VPOS="3208" HEIGHT="76" WIDTH="52" STYLEREFS="Style_12" WC="0.888888888888889" CC="1"/>
						<SP ID="SP_1.2.19.2" HPOS="636" VPOS="3208" WIDTH="56"/>
						<String CONTENT="p." ID="St_1.2.19.3" HPOS="720" VPOS="3232" HEIGHT="72" WIDTH="84" STYLEREFS="Style_12" WC="0.833333333333333" CC="11"/>
						<SP ID="SP_1.2.19.4" HPOS="792" VPOS="3240" WIDTH="40"/>
						<String CONTENT="l." ID="St_1.2.19.5" HPOS="860" VPOS="3208" HEIGHT="84" WIDTH="60" STYLEREFS="Style_12" WC="0.856666666666667" CC="00"/>
						<String CONTENT="," ID="St_1.2.19.6" HPOS="932" VPOS="3268" HEIGHT="36" WIDTH="20" STYLEREFS="Style_12" WC="0.861111111111111" CC="1"/>
						<SP ID="SP_1.2.19.7" HPOS="940" VPOS="3236" WIDTH="36"/>
						<String CONTENT="316" ID="St_1.2.19.8" HPOS="1004" VPOS="3208" HEIGHT="80" WIDTH="176" STYLEREFS="Style_12" WC="0.878888888888889" CC="000"/>
						<SP ID="SP_1.2.19.9" HPOS="1148" VPOS="3208" WIDTH="56"/>
						<String CONTENT="p." ID="St_1.2.19.10" HPOS="1232" VPOS="3232" HEIGHT="72" WIDTH="84" STYLEREFS="Style_12" WC="0.873333333333333" CC="00"/>
						<SP ID="SP_1.2.19.11" HPOS="1304" VPOS="3236" WIDTH="68"/>
						<String CONTENT="19&#x00BD;&#x0368;&#x036b;." ID="St_1.2.19.12" HPOS="1432" VPOS="3208" HEIGHT="88" WIDTH="632" STYLEREFS="Style_12" WC="0.888888888888889" CC="000005"/>
					</TextLine>
					<TextLine ID="TL_1.2.20" HPOS="496" VPOS="3336" HEIGHT="100" WIDTH="3856">
						<String CONTENT="&#x00A9;" ID="St_1.2.20.1" HPOS="496" VPOS="3336" HEIGHT="96" WIDTH="92" STYLEREFS="Style_12" WC="0.555555555555556" CC="4"/>
						<SP ID="SP_1.2.20.2" HPOS="540" VPOS="3336" WIDTH="80"/>
						<String CONTENT="Feb." ID="St_1.2.20.3" HPOS="656" VPOS="3344" HEIGHT="80" WIDTH="212" STYLEREFS="Style_12" WC="0.925555555555556" CC="0000"/>
						<SP ID="SP_1.2.20.4" HPOS="856" VPOS="3376" WIDTH="40"/>
						<String CONTENT="21," ID="St_1.2.20.5" HPOS="924" VPOS="3344" HEIGHT="92" WIDTH="132" STYLEREFS="Style_12" WC="0.955555555555556" CC="000"/>
						<SP ID="SP_1.2.20.6" HPOS="1044" VPOS="3376" WIDTH="40"/>
						<String CONTENT="1930;" ID="St_1.2.20.7" HPOS="1112" VPOS="3344" HEIGHT="84" WIDTH="276" STYLEREFS="Style_12" WC="0.972222222222222" CC="00000"/>
						<SP ID="SP_1.2.20.8" HPOS="1376" VPOS="3356" WIDTH="40"/>
						<String CONTENT="2c." ID="St_1.2.20.9" HPOS="1448" VPOS="3344" HEIGHT="80" WIDTH="128" STYLEREFS="Style_12" WC="0.977777777777778" CC="000"/>
						<SP ID="SP_1.2.20.10" HPOS="1568" VPOS="3376" WIDTH="36"/>
						<String CONTENT="Feb." ID="St_1.2.20.11" HPOS="1640" VPOS="3344" HEIGHT="76" WIDTH="212" STYLEREFS="Style_12" WC="0.982222222222222" CC="0000"/>
						<SP ID="SP_1.2.20.12" HPOS="1840" VPOS="3376" WIDTH="40"/>
						<String CONTENT="27;" ID="St_1.2.20.13" HPOS="1908" VPOS="3344" HEIGHT="92" WIDTH="160" STYLEREFS="Style_12" WC="0.984444444444444" CC="000"/>
						<SP ID="SP_1.2.20.14" HPOS="2056" VPOS="3356" WIDTH="40"/>
						<String CONTENT="aff" ID="St_1.2.20.15" HPOS="2132" VPOS="3340" HEIGHT="84" WIDTH="136" STYLEREFS="Style_12" WC="0.955555555555556" CC="414"/>
						<String CONTENT="." ID="St_1.2.20.16" HPOS="2276" VPOS="3404" HEIGHT="16" WIDTH="12" STYLEREFS="Style_12" WC="0.956666666666667" CC="0"/>
						<SP ID="SP_1.2.20.17" HPOS="2276" VPOS="3380" WIDTH="40"/>
						<String CONTENT="Feb." ID="St_1.2.20.18" HPOS="2348" VPOS="3344" HEIGHT="76" WIDTH="216" STYLEREFS="Style_12" WC="0.962222222222222" CC="0000"/>
						<SP ID="SP_1.2.20.19" HPOS="2552" VPOS="3376" WIDTH="40"/>
						<String CONTENT="26;" ID="St_1.2.20.20" HPOS="2624" VPOS="3340" HEIGHT="96" WIDTH="160" STYLEREFS="Style_12" WC="0.965555555555556" CC="000"/>
						<SP ID="SP_1.2.20.21" HPOS="2772" VPOS="3356" WIDTH="40"/>
						<String CONTENT="A" ID="St_1.2.20.22" HPOS="2848" VPOS="3344" HEIGHT="72" WIDTH="76" STYLEREFS="Style_12" WC="0.967777777777778" CC="0"/>
						<SP ID="SP_1.2.20.23" HPOS="2880" VPOS="3348" WIDTH="68"/>
						<String CONTENT="19781;" ID="St_1.2.20.24" HPOS="2980" VPOS="3340" HEIGHT="96" WIDTH="336" STYLEREFS="Style_12" WC="0.972222222222222" CC="000000"/>
						<SP ID="SP_1.2.20.25" HPOS="3300" VPOS="3356" WIDTH="44"/>
						<String CONTENT="Charles" ID="St_1.2.20.26" HPOS="3380" VPOS="3340" HEIGHT="80" WIDTH="396" STYLEREFS="Style_12" WC="0.975555555555556" CC="0000000"/>
						<SP ID="SP_1.2.20.27" HPOS="3748" VPOS="3356" WIDTH="56"/>
						<String CONTENT="Scribner&apos;s" ID="St_1.2.20.28" HPOS="3836" VPOS="3340" HEIGHT="80" WIDTH="516" STYLEREFS="Style_12" WC="0.978888888888889" CC="0000000000"/>
					</TextLine>
					<TextLine ID="TL_1.2.21" HPOS="620" VPOS="3448" HEIGHT="108" WIDTH="3564">
						<String CONTENT="sons." ID="St_1.2.21.1" HPOS="620" VPOS="3476" HEIGHT="56" WIDTH="244" STYLEREFS="Style_12" WC="1" CC="00000"/>
						<SP ID="SP_1.2.21.2" HPOS="852" VPOS="3504" WIDTH="80"/>
						<String CONTENT="(30-61" ID="St_1.2.21.3" HPOS="1000" VPOS="3452" HEIGHT="96" WIDTH="324" STYLEREFS="Style_12" WC="0.944444444444444" CC="000411"/>
						<String CONTENT="5" ID="St_1.2.21.4" HPOS="1332" VPOS="3452" HEIGHT="80" WIDTH="52" STYLEREFS="Style_12" WC="0.914444444444444" CC="4"/>
						<String CONTENT="4)" ID="St_1.2.21.5" HPOS="1384" VPOS="3452" HEIGHT="92" WIDTH="100" STYLEREFS="Style_12" WC="0.925555555555556" CC="00"/>
						<SP ID="SP_1.2.21.6" HPOS="1468" VPOS="3456" WIDTH="2488"/>
						<String CONTENT="1646" ID="St_1.2.21.7" HPOS="3956" VPOS="3448" HEIGHT="80" WIDTH="228" STYLEREFS="Style_12" WC="0.684444444444444" CC="0000"/>
					</TextLine>
					<TextLine ID="TL_1.2.22" HPOS="488" VPOS="3660" HEIGHT="124" WIDTH="1812">
						<String CONTENT="Schell," ID="St_1.2.22.1" HPOS="488" VPOS="3660" HEIGHT="124" WIDTH="408" STYLEREFS="Style_12" WC="1" CC="0000000"/>
						<SP ID="SP_1.2.22.2" HPOS="880" VPOS="3696" WIDTH="44"/>
						<String CONTENT="Erwin" ID="St_1.2.22.3" HPOS="956" VPOS="3660" HEIGHT="104" WIDTH="392" STYLEREFS="Style_12" WC="1" CC="00000"/>
						<SP ID="SP_1.2.22.4" HPOS="1308" VPOS="3676" WIDTH="68"/>
						<String CONTENT="Haskell," ID="St_1.2.22.5" HPOS="1408" VPOS="3660" HEIGHT="124" WIDTH="508" STYLEREFS="Style_12" WC="1" CC="00000000"/>
						<SP ID="SP_1.2.22.6" HPOS="1900" VPOS="3700" WIDTH="48"/>
						<String CONTENT="1889-" ID="St_1.2.22.7" HPOS="1984" VPOS="3672" HEIGHT="96" WIDTH="316" STYLEREFS="Style_12" WC="1" CC="00000"/>
					</TextLine>
					<TextLine ID="TL_1.2.23" HPOS="628" VPOS="3812" HEIGHT="140" WIDTH="3736">
						<String CONTENT="The" ID="St_1.2.23.1" HPOS="628" VPOS="3816" HEIGHT="100" WIDTH="232" STYLEREFS="Style_12" WC="1" CC="000"/>
						<SP ID="SP_1.2.23.2" HPOS="828" VPOS="3832" WIDTH="56"/>
						<String CONTENT="technique" ID="St_1.2.23.3" HPOS="912" VPOS="3816" HEIGHT="128" WIDTH="576" STYLEREFS="Style_12" WC="1" CC="000000000"/>
						<SP ID="SP_1.2.23.4" HPOS="1456" VPOS="3836" WIDTH="56"/>
						<String CONTENT="of" ID="St_1.2.23.5" HPOS="1540" VPOS="3816" HEIGHT="104" WIDTH="124" STYLEREFS="Style_12" WC="1" CC="00"/>
						<SP ID="SP_1.2.23.6" HPOS="1632" VPOS="3816" WIDTH="52"/>
						<String CONTENT="executive" ID="St_1.2.23.7" HPOS="1712" VPOS="3812" HEIGHT="108" WIDTH="560" STYLEREFS="Style_12" WC="1" CC="000000000"/>
						<SP ID="SP_1.2.23.8" HPOS="2240" VPOS="3832" WIDTH="56"/>
						<String CONTENT="control," ID="St_1.2.23.9" HPOS="2324" VPOS="3820" HEIGHT="128" WIDTH="460" STYLEREFS="Style_12" WC="1" CC="00000000"/>
						<SP ID="SP_1.2.23.10" HPOS="2768" VPOS="3856" WIDTH="36"/>
						<String CONTENT="by" ID="St_1.2.23.11" HPOS="2832" VPOS="3820" HEIGHT="132" WIDTH="148" STYLEREFS="Style_12" WC="1" CC="00"/>
						<SP ID="SP_1.2.23.12" HPOS="2940" VPOS="3836" WIDTH="64"/>
						<String CONTENT="Erwin" ID="St_1.2.23.13" HPOS="3032" VPOS="3812" HEIGHT="104" WIDTH="388" STYLEREFS="Style_12" WC="1" CC="00000"/>
						<SP ID="SP_1.2.23.14" HPOS="3380" VPOS="3832" WIDTH="64"/>
						<String CONTENT="Haskell" ID="St_1.2.23.15" HPOS="3472" VPOS="3812" HEIGHT="108" WIDTH="472" STYLEREFS="Style_12" WC="1" CC="0000000"/>
						<SP ID="SP_1.2.23.16" HPOS="3920" VPOS="3816" WIDTH="48"/>
						<String CONTENT="Schell" ID="St_1.2.23.17" HPOS="4000" VPOS="3812" HEIGHT="112" WIDTH="364" STYLEREFS="Style_12" WC="1" CC="000000"/>
					</TextLine>
					<TextLine ID="TL_1.2.24" HPOS="592" VPOS="3964" HEIGHT="132" WIDTH="3776">
						<String CONTENT="&#x0085;" ID="St_1.2.24.1" HPOS="632" VPOS="3972" HEIGHT="104" WIDTH="64" STYLEREFS="Style_12" WC="1" CC="0"/>
						<SP ID="SP_1.2.24.2" HPOS="592" VPOS="4048" WIDTH="16"/>
						<String CONTENT="3d" ID="St_1.2.24.3" HPOS="760" VPOS="3968" HEIGHT="104" WIDTH="144" STYLEREFS="Style_12" WC="0.916666666666667" CC="00"/>
						<SP ID="SP_1.2.24.4" HPOS="864" VPOS="3968" WIDTH="68"/>
						<String CONTENT="ed.," ID="St_1.2.24.5" HPOS="960" VPOS="3968" HEIGHT="124" WIDTH="200" STYLEREFS="Style_12" WC="0.962222222222222" CC="0000"/>
						<SP ID="SP_1.2.24.6" HPOS="1148" VPOS="4004" WIDTH="40"/>
						<String CONTENT="rev." ID="St_1.2.24.7" HPOS="1220" VPOS="4000" HEIGHT="68" WIDTH="216" STYLEREFS="Style_12" WC="0.944444444444444" CC="0004"/>
						<SP ID="SP_1.2.24.8" HPOS="1424" VPOS="4008" WIDTH="44"/>
						<String CONTENT="and" ID="St_1.2.24.9" HPOS="1504" VPOS="3968" HEIGHT="104" WIDTH="216" STYLEREFS="Style_12" WC="0.956666666666667" CC="000"/>
						<SP ID="SP_1.2.24.10" HPOS="1680" VPOS="3968" WIDTH="68"/>
						<String CONTENT="enl." ID="St_1.2.24.11" HPOS="1784" VPOS="3968" HEIGHT="100" WIDTH="204" STYLEREFS="Style_12" WC="0.936666666666667" CC="3300"/>
						<SP ID="SP_1.2.24.12" HPOS="1976" VPOS="4008" WIDTH="84"/>
						<String CONTENT="New" ID="St_1.2.24.13" HPOS="2136" VPOS="3968" HEIGHT="96" WIDTH="268" STYLEREFS="Style_12" WC="0.945555555555556" CC="000"/>
						<SP ID="SP_1.2.24.14" HPOS="2352" VPOS="3984" WIDTH="80"/>
						<String CONTENT="York" ID="St_1.2.24.15" HPOS="2468" VPOS="3964" HEIGHT="100" WIDTH="316" STYLEREFS="Style_12" WC="0.954444444444444" CC="0000"/>
						<SP ID="SP_1.2.24.16" HPOS="2740" VPOS="3964" WIDTH="72"/>
						<String CONTENT="[etc.]" ID="St_1.2.24.17" HPOS="2852" VPOS="3976" HEIGHT="120" WIDTH="264" STYLEREFS="Style_12" WC="0.942222222222222" CC="700000"/>
						<SP ID="SP_1.2.24.18" HPOS="3104" VPOS="3996" WIDTH="48"/>
						<String CONTENT="McGraw-Hill" ID="St_1.2.24.19" HPOS="3188" VPOS="3964" HEIGHT="108" WIDTH="836" STYLEREFS="Style_12" WC="0.955555555555556" CC="00000000000"/>
						<SP ID="SP_1.2.24.20" HPOS="4000" VPOS="3968" WIDTH="52"/>
						<String CONTENT="book" ID="St_1.2.24.21" HPOS="4084" VPOS="3964" HEIGHT="108" WIDTH="284" STYLEREFS="Style_12" WC="0.96" CC="0000"/>
					</TextLine>
					<TextLine ID="TL_1.2.25" HPOS="492" VPOS="4116" HEIGHT="136" WIDTH="1220">
						<String CONTENT="company," ID="St_1.2.25.1" HPOS="492" VPOS="4148" HEIGHT="104" WIDTH="576" STYLEREFS="Style_12" WC="1" CC="00000000"/>
						<SP ID="SP_1.2.25.2" HPOS="1052" VPOS="4164" WIDTH="40"/>
						<String CONTENT="inc.," ID="St_1.2.25.3" HPOS="1120" VPOS="4116" HEIGHT="136" WIDTH="248" STYLEREFS="Style_12" WC="1" CC="00000"/>
						<SP ID="SP_1.2.25.4" HPOS="1352" VPOS="4164" WIDTH="44"/>
						<String CONTENT="1930." ID="St_1.2.25.5" HPOS="1428" VPOS="4120" HEIGHT="100" WIDTH="284" STYLEREFS="Style_12" WC="1" CC="00000"/>
					</TextLine>
					<TextLine ID="TL_1.2.26" HPOS="620" VPOS="4268" HEIGHT="96" WIDTH="1328">
						<String CONTENT="xii," ID="St_1.2.26.1" HPOS="620" VPOS="4272" HEIGHT="92" WIDTH="164" STYLEREFS="Style_12" WC="1" CC="0000"/>
						<SP ID="SP_1.2.26.2" HPOS="768" VPOS="4296" WIDTH="40"/>
						<String CONTENT="171" ID="St_1.2.26.3" HPOS="836" VPOS="4272" HEIGHT="80" WIDTH="164" STYLEREFS="Style_12" WC="1" CC="000"/>
						<SP ID="SP_1.2.26.4" HPOS="972" VPOS="4268" WIDTH="52"/>
						<String CONTENT="p." ID="St_1.2.26.5" HPOS="1052" VPOS="4292" HEIGHT="72" WIDTH="84" STYLEREFS="Style_12" WC="1" CC="00"/>
						<SP ID="SP_1.2.26.6" HPOS="1124" VPOS="4300" WIDTH="68"/>
						<String CONTENT="19&#x0368;&#x036b;." ID="St_1.2.26.7" HPOS="1252" VPOS="4268" HEIGHT="92" WIDTH="504" STYLEREFS="Style_12" WC="1" CC="00000"/>
						<SP ID="SP_1.2.26.8" HPOS="1464" VPOS="4272" WIDTH="176"/>
						<String CONTENT="$2.00" ID="St_1.2.26.9" HPOS="1696" VPOS="4268" HEIGHT="96" WIDTH="252" STYLEREFS="Style_12" WC="0.981111111111111" CC="00000"/>
					</TextLine>
					<TextLine ID="TL_1.2.27" HPOS="500" VPOS="4388" HEIGHT="116" WIDTH="3852">
						<String CONTENT="&#x00A9;" ID="St_1.2.27.1" HPOS="500" VPOS="4388" HEIGHT="92" WIDTH="92" STYLEREFS="Style_13" WC="0.444444444444444" CC="5"/>
						<SP ID="SP_1.2.27.2" HPOS="544" VPOS="4388" WIDTH="80"/>
						<String CONTENT="Feb." ID="St_1.2.27.3" HPOS="660" VPOS="4404" HEIGHT="84" WIDTH="212" STYLEREFS="Style_13" WC="0.906666666666667" CC="0000"/>
						<SP ID="SP_1.2.27.4" HPOS="864" VPOS="4432" WIDTH="36"/>
						<String CONTENT="20," ID="St_1.2.27.5" HPOS="932" VPOS="4408" HEIGHT="80" WIDTH="132" STYLEREFS="Style_13" WC="0.9" CC="004"/>
						<SP ID="SP_1.2.27.6" HPOS="1052" VPOS="4428" WIDTH="40"/>
						<String CONTENT="1930;" ID="St_1.2.27.7" HPOS="1128" VPOS="4408" HEIGHT="88" WIDTH="268" STYLEREFS="Style_13" WC="0.936666666666667" CC="00000"/>
						<SP ID="SP_1.2.27.8" HPOS="1384" VPOS="4412" WIDTH="44"/>
						<String CONTENT="2c." ID="St_1.2.27.9" HPOS="1464" VPOS="4408" HEIGHT="76" WIDTH="128" STYLEREFS="Style_13" WC="0.95" CC="000"/>
						<SP ID="SP_1.2.27.10" HPOS="1580" VPOS="4432" WIDTH="40"/>
						<String CONTENT="and" ID="St_1.2.27.11" HPOS="1652" VPOS="4412" HEIGHT="72" WIDTH="184" STYLEREFS="Style_13" WC="0.957777777777778" CC="000"/>
						<SP ID="SP_1.2.27.12" HPOS="1804" VPOS="4400" WIDTH="60"/>
						<String CONTENT="a" ID="St_1.2.27.13" HPOS="1896" VPOS="4412" HEIGHT="64" WIDTH="48" STYLEREFS="Style_14" WC="0.944444444444444" CC="4"/>
						<String CONTENT="f" ID="St_1.2.27.14" HPOS="1956" VPOS="4408" HEIGHT="76" WIDTH="44" STYLEREFS="Style_14" WC="0.942222222222222" CC="1"/>
						<String CONTENT="f" ID="St_1.2.27.15" HPOS="1972" VPOS="4408" HEIGHT="76" WIDTH="60" STYLEREFS="Style_14" WC="0.927777777777778" CC="4"/>
						<String CONTENT="." ID="St_1.2.27.16" HPOS="2036" VPOS="4472" HEIGHT="12" WIDTH="16" STYLEREFS="Style_14" WC="0.93" CC="0"/>
						<SP ID="SP_1.2.27.17" HPOS="2040" VPOS="4432" WIDTH="40"/>
						<String CONTENT="Feb." ID="St_1.2.27.18" HPOS="2120" VPOS="4408" HEIGHT="76" WIDTH="212" STYLEREFS="Style_14" WC="0.941111111111111" CC="0000"/>
						<SP ID="SP_1.2.27.19" HPOS="2320" VPOS="4432" WIDTH="40"/>
						<String CONTENT="24;" ID="St_1.2.27.20" HPOS="2396" VPOS="4408" HEIGHT="92" WIDTH="156" STYLEREFS="Style_14" WC="0.935555555555556" CC="004"/>
						<SP ID="SP_1.2.27.21" HPOS="2540" VPOS="4412" WIDTH="40"/>
						<String CONTENT="A" ID="St_1.2.27.22" HPOS="2616" VPOS="4412" HEIGHT="72" WIDTH="80" STYLEREFS="Style_14" WC="0.938888888888889" CC="0"/>
						<SP ID="SP_1.2.27.23" HPOS="2652" VPOS="4400" WIDTH="72"/>
						<String CONTENT="189" ID="St_1.2.27.24" HPOS="2752" VPOS="4408" HEIGHT="76" WIDTH="160" STYLEREFS="Style_14" WC="0.944444444444444" CC="000"/>
						<String CONTENT="1" ID="St_1.2.27.25" HPOS="2908" VPOS="4400" HEIGHT="76" WIDTH="44" STYLEREFS="Style_14" WC="0.933333333333333" CC="5"/>
						<String CONTENT="6;" ID="St_1.2.27.26" HPOS="2984" VPOS="4408" HEIGHT="92" WIDTH="100" STYLEREFS="Style_14" WC="0.935555555555556" CC="00"/>
						<SP ID="SP_1.2.27.27" HPOS="3072" VPOS="4408" WIDTH="44"/>
						<String CONTENT="McGraw-Hill" ID="St_1.2.27.28" HPOS="3152" VPOS="4408" HEIGHT="76" WIDTH="680" STYLEREFS="Style_14" WC="0.948888888888889" CC="00000000000"/>
						<SP ID="SP_1.2.27.29" HPOS="3812" VPOS="4404" WIDTH="48"/>
						<String CONTENT="book" ID="St_1.2.27.30" HPOS="3896" VPOS="4412" HEIGHT="76" WIDTH="240" STYLEREFS="Style_14" WC="0.952222222222222" CC="0000"/>
						<SP ID="SP_1.2.27.31" HPOS="4100" VPOS="4404" WIDTH="64"/>
						<String CONTENT="co.," ID="St_1.2.27.32" HPOS="4196" VPOS="4432" HEIGHT="72" WIDTH="156" STYLEREFS="Style_14" WC="0.955555555555556" CC="0000"/>
					</TextLine>
					<TextLine ID="TL_1.2.28" HPOS="628" VPOS="4516" HEIGHT="96" WIDTH="3568">
						<String CONTENT="inc." ID="St_1.2.28.1" HPOS="628" VPOS="4516" HEIGHT="80" WIDTH="176" STYLEREFS="Style_14" WC="1" CC="0000"/>
						<SP ID="SP_1.2.28.2" HPOS="792" VPOS="4548" WIDTH="76"/>
						<String CONTENT="(30-6" ID="St_1.2.28.3" HPOS="940" VPOS="4516" HEIGHT="96" WIDTH="260" STYLEREFS="Style_14" WC="0.911111111111111" CC="00044"/>
						<String CONTENT="03" ID="St_1.2.28.4" HPOS="1208" VPOS="4516" HEIGHT="80" WIDTH="108" STYLEREFS="Style_14" WC="0.888888888888889" CC="13"/>
						<String CONTENT="2)" ID="St_1.2.28.5" HPOS="1324" VPOS="4520" HEIGHT="92" WIDTH="100" STYLEREFS="Style_14" WC="0.904444444444445" CC="00"/>
						<SP ID="SP_1.2.28.6" HPOS="1408" VPOS="4520" WIDTH="2560"/>
						<String CONTENT="1647" ID="St_1.2.28.7" HPOS="3968" VPOS="4516" HEIGHT="84" WIDTH="228" STYLEREFS="Style_14" WC="0.673333333333333" CC="0000"/>
					</TextLine>
					<TextLine ID="TL_1.2.29" HPOS="492" VPOS="4724" HEIGHT="128" WIDTH="1396">
						<String CONTENT="Schlarman," ID="St_1.2.29.1" HPOS="492" VPOS="4724" HEIGHT="128" WIDTH="712" STYLEREFS="Style_14" WC="1" CC="0000000000"/>
						<SP ID="SP_1.2.29.2" HPOS="1184" VPOS="4764" WIDTH="48"/>
						<String CONTENT="Joseph" ID="St_1.2.29.3" HPOS="1260" VPOS="4728" HEIGHT="124" WIDTH="428" STYLEREFS="Style_14" WC="1" CC="000000"/>
						<SP ID="SP_1.2.29.4" HPOS="1644" VPOS="4724" WIDTH="68"/>
						<String CONTENT="H." ID="St_1.2.29.5" HPOS="1744" VPOS="4732" HEIGHT="100" WIDTH="144" STYLEREFS="Style_14" WC="1" CC="00"/>
					</TextLine>
					<TextLine ID="TL_1.2.30" HPOS="632" VPOS="4876" HEIGHT="144" WIDTH="3744">
						<String CONTENT="From" ID="St_1.2.30.1" HPOS="632" VPOS="4880" HEIGHT="104" WIDTH="344" STYLEREFS="Style_14" WC="1" CC="0000"/>
						<SP ID="SP_1.2.30.2" HPOS="920" VPOS="4896" WIDTH="88"/>
						<String CONTENT="Quebec" ID="St_1.2.30.3" HPOS="1048" VPOS="4876" HEIGHT="124" WIDTH="432" STYLEREFS="Style_14" WC="1" CC="000000"/>
						<SP ID="SP_1.2.30.4" HPOS="1448" VPOS="4896" WIDTH="64"/>
						<String CONTENT="to" ID="St_1.2.30.5" HPOS="1552" VPOS="4892" HEIGHT="92" WIDTH="112" STYLEREFS="Style_14" WC="1" CC="00"/>
						<SP ID="SP_1.2.30.6" HPOS="1628" VPOS="4896" WIDTH="64"/>
						<String CONTENT="New" ID="St_1.2.30.7" HPOS="1732" VPOS="4880" HEIGHT="104" WIDTH="268" STYLEREFS="Style_14" WC="1" CC="000"/>
						<SP ID="SP_1.2.30.8" HPOS="1948" VPOS="4896" WIDTH="84"/>
						<String CONTENT="Orleans;" ID="St_1.2.30.9" HPOS="2072" VPOS="4880" HEIGHT="132" WIDTH="528" STYLEREFS="Style_14" WC="1" CC="00000000"/>
						<SP ID="SP_1.2.30.10" HPOS="2580" VPOS="4896" WIDTH="52"/>
						<String CONTENT="the" ID="St_1.2.30.11" HPOS="2672" VPOS="4884" HEIGHT="104" WIDTH="188" STYLEREFS="Style_14" WC="1" CC="000"/>
						<SP ID="SP_1.2.30.12" HPOS="2828" VPOS="4900" WIDTH="64"/>
						<String CONTENT="story" ID="St_1.2.30.13" HPOS="2928" VPOS="4892" HEIGHT="128" WIDTH="304" STYLEREFS="Style_14" WC="1" CC="00000"/>
						<SP ID="SP_1.2.30.14" HPOS="3192" VPOS="4900" WIDTH="72"/>
						<String CONTENT="of" ID="St_1.2.30.15" HPOS="3304" VPOS="4884" HEIGHT="100" WIDTH="124" STYLEREFS="Style_14" WC="1" CC="00"/>
						<SP ID="SP_1.2.30.16" HPOS="3396" VPOS="4880" WIDTH="64"/>
						<String CONTENT="the" ID="St_1.2.30.17" HPOS="3496" VPOS="4888" HEIGHT="100" WIDTH="184" STYLEREFS="Style_14" WC="1" CC="000"/>
						<SP ID="SP_1.2.30.18" HPOS="3648" VPOS="4900" WIDTH="64"/>
						<String CONTENT="French" ID="St_1.2.30.19" HPOS="3752" VPOS="4884" HEIGHT="100" WIDTH="432" STYLEREFS="Style_14" WC="1" CC="000000"/>
						<SP ID="SP_1.2.30.20" HPOS="4144" VPOS="4880" WIDTH="72"/>
						<String CONTENT="in" ID="St_1.2.30.21" HPOS="4256" VPOS="4880" HEIGHT="104" WIDTH="120" STYLEREFS="Style_14" WC="1" CC="00"/>
					</TextLine>
					<TextLine ID="TL_1.2.31" HPOS="504" VPOS="5032" HEIGHT="136" WIDTH="3868">
						<String CONTENT="America" ID="St_1.2.31.1" HPOS="504" VPOS="5032" HEIGHT="100" WIDTH="508" STYLEREFS="Style_14" WC="1" CC="0000000"/>
						<SP ID="SP_1.2.31.2" HPOS="976" VPOS="5048" WIDTH="108"/>
						<String CONTENT="&#x0085;" ID="St_1.2.31.3" HPOS="1088" VPOS="5040" HEIGHT="104" WIDTH="68" STYLEREFS="Style_14" WC="1" CC="0"/>
						<SP ID="SP_1.2.31.4" HPOS="1208" VPOS="5092" WIDTH="60"/>
						<String CONTENT="Fort" ID="St_1.2.31.5" HPOS="1320" VPOS="5032" HEIGHT="100" WIDTH="276" STYLEREFS="Style_14" WC="1" CC="0000"/>
						<SP ID="SP_1.2.31.6" HPOS="1568" VPOS="5036" WIDTH="68"/>
						<String CONTENT="de" ID="St_1.2.31.7" HPOS="1684" VPOS="5036" HEIGHT="100" WIDTH="132" STYLEREFS="Style_14" WC="1" CC="00"/>
						<SP ID="SP_1.2.31.8" HPOS="1788" VPOS="5052" WIDTH="72"/>
						<String CONTENT="Chartres," ID="St_1.2.31.9" HPOS="1908" VPOS="5032" HEIGHT="128" WIDTH="556" STYLEREFS="Style_14" WC="0.983333333333333" CC="000000004"/>
						<SP ID="SP_1.2.31.10" HPOS="2448" VPOS="5072" WIDTH="56"/>
						<String CONTENT="by" ID="St_1.2.31.11" HPOS="2552" VPOS="5036" HEIGHT="132" WIDTH="144" STYLEREFS="Style_14" WC="0.984444444444444" CC="00"/>
						<SP ID="SP_1.2.31.12" HPOS="2656" VPOS="5052" WIDTH="80"/>
						<String CONTENT="J." ID="St_1.2.31.13" HPOS="2780" VPOS="5032" HEIGHT="108" WIDTH="108" STYLEREFS="Style_14" WC="0.985555555555556" CC="00"/>
						<SP ID="SP_1.2.31.14" HPOS="2872" VPOS="5076" WIDTH="56"/>
						<String CONTENT="H." ID="St_1.2.31.15" HPOS="2980" VPOS="5032" HEIGHT="100" WIDTH="148" STYLEREFS="Style_14" WC="0.986666666666667" CC="00"/>
						<SP ID="SP_1.2.31.16" HPOS="3116" VPOS="5076" WIDTH="56"/>
						<String CONTENT="S" ID="St_1.2.31.17" HPOS="3224" VPOS="5032" HEIGHT="108" WIDTH="80" STYLEREFS="Style_14" WC="0.987777777777778" CC="0"/>
						<String CONTENT="c" ID="St_1.2.31.18" HPOS="3308" VPOS="5072" HEIGHT="64" WIDTH="56" STYLEREFS="Style_14" WC="0.987777777777778" CC="0"/>
						<String CONTENT="h" ID="St_1.2.31.19" HPOS="3368" VPOS="5036" HEIGHT="100" WIDTH="72" STYLEREFS="Style_14" WC="0.988888888888889" CC="0"/>
						<String CONTENT="l" ID="St_1.2.31.20" HPOS="3448" VPOS="5036" HEIGHT="96" WIDTH="36" STYLEREFS="Style_14" WC="0.988888888888889" CC="0"/>
						<String CONTENT="arman," ID="St_1.2.31.21" HPOS="3496" VPOS="5072" HEIGHT="96" WIDTH="420" STYLEREFS="Style_14" WC="0.99" CC="000000"/>
						<SP ID="SP_1.2.31.22" HPOS="3900" VPOS="5076" WIDTH="56"/>
						<String CONTENT="PH." ID="St_1.2.31.23" HPOS="4000" VPOS="5064" HEIGHT="72" WIDTH="188" STYLEREFS="Style_14" WC="0.991111111111111" CC="000"/>
						<SP ID="SP_1.2.31.24" HPOS="4176" VPOS="5084" WIDTH="56"/>
						<String CONTENT="D." ID="St_1.2.31.25" HPOS="4280" VPOS="5072" HEIGHT="64" WIDTH="92" STYLEREFS="Style_14" WC="0.976666666666667" CC="43"/>
					</TextLine>
					<TextLine ID="TL_1.2.32" HPOS="500" VPOS="5180" HEIGHT="140" WIDTH="3176">
						<String CONTENT="Bel" ID="St_1.2.32.1" HPOS="500" VPOS="5188" HEIGHT="100" WIDTH="200" STYLEREFS="Style_14" WC="1" CC="000"/>
						<String CONTENT="l" ID="St_1.2.32.2" HPOS="712" VPOS="5188" HEIGHT="96" WIDTH="36" STYLEREFS="Style_14" WC="1" CC="0"/>
						<String CONTENT="eville," ID="St_1.2.32.3" HPOS="756" VPOS="5184" HEIGHT="132" WIDTH="356" STYLEREFS="Style_14" WC="1" CC="0000000"/>
						<SP ID="SP_1.2.32.4" HPOS="1096" VPOS="5228" WIDTH="40"/>
						<String CONTENT="Ill.," ID="St_1.2.32.5" HPOS="1164" VPOS="5180" HEIGHT="136" WIDTH="224" STYLEREFS="Style_14" WC="1" CC="00000"/>
						<SP ID="SP_1.2.32.6" HPOS="1372" VPOS="5228" WIDTH="40"/>
						<String CONTENT="Buechler" ID="St_1.2.32.7" HPOS="1444" VPOS="5184" HEIGHT="104" WIDTH="540" STYLEREFS="Style_14" WC="1" CC="00000000"/>
						<SP ID="SP_1.2.32.8" HPOS="1952" VPOS="5204" WIDTH="60"/>
						<String CONTENT="publishing" ID="St_1.2.32.9" HPOS="2044" VPOS="5180" HEIGHT="140" WIDTH="648" STYLEREFS="Style_14" WC="1" CC="0000000000"/>
						<SP ID="SP_1.2.32.10" HPOS="2652" VPOS="5204" WIDTH="64"/>
						<String CONTENT="company," ID="St_1.2.32.11" HPOS="2748" VPOS="5220" HEIGHT="100" WIDTH="576" STYLEREFS="Style_14" WC="1" CC="00000000"/>
						<SP ID="SP_1.2.32.12" HPOS="3308" VPOS="5228" WIDTH="44"/>
						<String CONTENT="1929." ID="St_1.2.32.13" HPOS="3388" VPOS="5192" HEIGHT="96" WIDTH="288" STYLEREFS="Style_14" WC="1" CC="00000"/>
					</TextLine>
					<TextLine ID="TL_1.2.33" HPOS="628" VPOS="5332" HEIGHT="100" WIDTH="3604">
						<String CONTENT="5" ID="St_1.2.33.1" HPOS="628" VPOS="5336" HEIGHT="84" WIDTH="52" STYLEREFS="Style_14" WC="1" CC="0"/>
						<SP ID="SP_1.2.33.2" HPOS="648" VPOS="5332" WIDTH="56"/>
						<String CONTENT="p." ID="St_1.2.33.3" HPOS="736" VPOS="5360" HEIGHT="72" WIDTH="84" STYLEREFS="Style_14" WC="1" CC="00"/>
						<SP ID="SP_1.2.33.4" HPOS="808" VPOS="5364" WIDTH="40"/>
						<String CONTENT="l" ID="St_1.2.33.5" HPOS="876" VPOS="5340" HEIGHT="76" WIDTH="28" STYLEREFS="Style_14" WC="1" CC="0"/>
						<String CONTENT=".," ID="St_1.2.33.6" HPOS="920" VPOS="5396" HEIGHT="36" WIDTH="44" STYLEREFS="Style_14" WC="1" CC="00"/>
						<SP ID="SP_1.2.33.7" HPOS="948" VPOS="5364" WIDTH="40"/>
						<String CONTENT="3-569" ID="St_1.2.33.8" HPOS="1020" VPOS="5336" HEIGHT="80" WIDTH="284" STYLEREFS="Style_14" WC="1" CC="00000"/>
						<SP ID="SP_1.2.33.9" HPOS="1272" VPOS="5332" WIDTH="56"/>
						<String CONTENT="p." ID="St_1.2.33.10" HPOS="1360" VPOS="5360" HEIGHT="72" WIDTH="84" STYLEREFS="Style_14" WC="1" CC="00"/>
						<SP ID="SP_1.2.33.11" HPOS="1432" VPOS="5364" WIDTH="68"/>
						<String CONTENT="front.," ID="St_1.2.33.12" HPOS="1556" VPOS="5336" HEIGHT="96" WIDTH="324" STYLEREFS="Style_14" WC="1" CC="0000000"/>
						<SP ID="SP_1.2.33.13" HPOS="1864" VPOS="5364" WIDTH="44"/>
						<String CONTENT="plates," ID="St_1.2.33.14" HPOS="1940" VPOS="5340" HEIGHT="92" WIDTH="332" STYLEREFS="Style_14" WC="1" CC="0000000"/>
						<SP ID="SP_1.2.33.15" HPOS="2256" VPOS="5364" WIDTH="44"/>
						<String CONTENT="ports.," ID="St_1.2.33.16" HPOS="2332" VPOS="5344" HEIGHT="88" WIDTH="320" STYLEREFS="Style_14" WC="1" CC="0000000"/>
						<SP ID="SP_1.2.33.17" HPOS="2636" VPOS="5364" WIDTH="40"/>
						<String CONTENT="maps," ID="St_1.2.33.18" HPOS="2708" VPOS="5360" HEIGHT="72" WIDTH="296" STYLEREFS="Style_14" WC="1" CC="00000"/>
						<SP ID="SP_1.2.33.19" HPOS="2988" VPOS="5364" WIDTH="44"/>
						<String CONTENT="facsims." ID="St_1.2.33.20" HPOS="3064" VPOS="5340" HEIGHT="80" WIDTH="424" STYLEREFS="Style_14" WC="0.991111111111111" CC="00040000"/>
						<SP ID="SP_1.2.33.21" HPOS="3472" VPOS="5368" WIDTH="64"/>
						<String CONTENT="23&#x00BD;&#x0368;&#x036b;." ID="St_1.2.33.22" HPOS="3596" VPOS="5340" HEIGHT="88" WIDTH="636" STYLEREFS="Style_14" WC="0.988888888888889" CC="010001"/>
					</TextLine>
					<TextLine ID="TL_1.2.34" HPOS="628" VPOS="5468" HEIGHT="104" WIDTH="3736">
						<String CONTENT="Frontispiece" ID="St_1.2.34.1" HPOS="628" VPOS="5472" HEIGHT="96" WIDTH="640" STYLEREFS="Style_14" WC="1" CC="000000000000"/>
						<SP ID="SP_1.2.34.2" HPOS="1244" VPOS="5476" WIDTH="52"/>
						<String CONTENT="accompanied" ID="St_1.2.34.3" HPOS="1324" VPOS="5476" HEIGHT="92" WIDTH="664" STYLEREFS="Style_14" WC="1" CC="00000000000"/>
						<SP ID="SP_1.2.34.4" HPOS="1952" VPOS="5468" WIDTH="60"/>
						<String CONTENT="by" ID="St_1.2.34.5" HPOS="2044" VPOS="5476" HEIGHT="92" WIDTH="120" STYLEREFS="Style_14" WC="1" CC="00"/>
						<SP ID="SP_1.2.34.6" HPOS="2128" VPOS="5476" WIDTH="56"/>
						<String CONTENT="guard" ID="St_1.2.34.7" HPOS="2212" VPOS="5480" HEIGHT="92" WIDTH="300" STYLEREFS="Style_14" WC="1" CC="00000"/>
						<SP ID="SP_1.2.34.8" HPOS="2480" VPOS="5468" WIDTH="56"/>
						<String CONTENT="sheet" ID="St_1.2.34.9" HPOS="2564" VPOS="5476" HEIGHT="80" WIDTH="264" STYLEREFS="Style_14" WC="1" CC="00000"/>
						<SP ID="SP_1.2.34.10" HPOS="2804" VPOS="5472" WIDTH="48"/>
						<String CONTENT="with" ID="St_1.2.34.11" HPOS="2884" VPOS="5476" HEIGHT="76" WIDTH="232" STYLEREFS="Style_14" WC="1" CC="0000"/>
						<SP ID="SP_1.2.34.12" HPOS="3080" VPOS="5468" WIDTH="60"/>
						<String CONTENT="descriptive" ID="St_1.2.34.13" HPOS="3168" VPOS="5476" HEIGHT="96" WIDTH="568" STYLEREFS="Style_14" WC="1" CC="00000000000"/>
						<SP ID="SP_1.2.34.14" HPOS="3708" VPOS="5480" WIDTH="52"/>
						<String CONTENT="letterpress." ID="St_1.2.34.15" HPOS="3788" VPOS="5480" HEIGHT="92" WIDTH="576" STYLEREFS="Style_14" WC="1" CC="000000000000"/>
					</TextLine>
					<TextLine ID="TL_1.2.35" HPOS="628" VPOS="5584" HEIGHT="92" WIDTH="1200">
						<String CONTENT="Maps" ID="St_1.2.35.1" HPOS="628" VPOS="5584" HEIGHT="92" WIDTH="272" STYLEREFS="Style_14" WC="1" CC="0000"/>
						<SP ID="SP_1.2.35.2" HPOS="876" VPOS="5584" WIDTH="52"/>
						<String CONTENT="on" ID="St_1.2.35.3" HPOS="956" VPOS="5600" HEIGHT="60" WIDTH="116" STYLEREFS="Style_14" WC="1" CC="00"/>
						<SP ID="SP_1.2.35.4" HPOS="1036" VPOS="5588" WIDTH="60"/>
						<String CONTENT="lining-papers." ID="St_1.2.35.5" HPOS="1124" VPOS="5584" HEIGHT="92" WIDTH="704" STYLEREFS="Style_14" WC="1" CC="00000000000000"/>
					</TextLine>
					<TextLine ID="TL_1.2.36" HPOS="508" VPOS="5708" HEIGHT="108" WIDTH="3852">
						<String CONTENT="&#x00A9;" ID="St_1.2.36.1" HPOS="508" VPOS="5712" HEIGHT="88" WIDTH="92" STYLEREFS="Style_14" WC="0.222222222222222" CC="7"/>
						<SP ID="SP_1.2.36.2" HPOS="552" VPOS="5708" WIDTH="84"/>
						<String CONTENT="Jan." ID="St_1.2.36.3" HPOS="668" VPOS="5720" HEIGHT="80" WIDTH="216" STYLEREFS="Style_14" WC="0.795555555555556" CC="0000"/>
						<SP ID="SP_1.2.36.4" HPOS="872" VPOS="5752" WIDTH="36"/>
						<String CONTENT="23," ID="St_1.2.36.5" HPOS="940" VPOS="5720" HEIGHT="92" WIDTH="136" STYLEREFS="Style_14" WC="0.877777777777778" CC="000"/>
						<SP ID="SP_1.2.36.6" HPOS="1064" VPOS="5752" WIDTH="40"/>
						<String CONTENT="1930:" ID="St_1.2.36.7" HPOS="1140" VPOS="5716" HEIGHT="80" WIDTH="272" STYLEREFS="Style_14" WC="0.923333333333333" CC="00000"/>
						<SP ID="SP_1.2.36.8" HPOS="1400" VPOS="5732" WIDTH="40"/>
						<String CONTENT="2" ID="St_1.2.36.9" HPOS="1476" VPOS="5720" HEIGHT="72" WIDTH="52" STYLEREFS="Style_14" WC="0.931111111111111" CC="0"/>
						<String CONTENT="c" ID="St_1.2.36.10" HPOS="1524" VPOS="5724" HEIGHT="76" WIDTH="48" STYLEREFS="Style_14" WC="0.935555555555556" CC="0"/>
						<String CONTENT="." ID="St_1.2.36.11" HPOS="1588" VPOS="5780" HEIGHT="16" WIDTH="16" STYLEREFS="Style_14" WC="0.938888888888889" CC="0"/>
						<SP ID="SP_1.2.36.12" HPOS="1592" VPOS="5752" WIDTH="44"/>
						<String CONTENT="J" ID="St_1.2.36.13" HPOS="1672" VPOS="5720" HEIGHT="76" WIDTH="52" STYLEREFS="Style_14" WC="0.944444444444444" CC="0"/>
						<String CONTENT="a" ID="St_1.2.36.14" HPOS="1728" VPOS="5732" HEIGHT="64" WIDTH="48" STYLEREFS="Style_14" WC="0.922222222222222" CC="5"/>
						<String CONTENT="n." ID="St_1.2.36.15" HPOS="1796" VPOS="5740" HEIGHT="60" WIDTH="84" STYLEREFS="Style_14" WC="0.928888888888889" CC="00"/>
						<SP ID="SP_1.2.36.16" HPOS="1868" VPOS="5756" WIDTH="40"/>
						<String CONTENT="31;" ID="St_1.2.36.17" HPOS="1944" VPOS="5720" HEIGHT="88" WIDTH="160" STYLEREFS="Style_14" WC="0.937777777777778" CC="000"/>
						<SP ID="SP_1.2.36.18" HPOS="2092" VPOS="5732" WIDTH="44"/>
						<String CONTENT="aff" ID="St_1.2.36.19" HPOS="2172" VPOS="5720" HEIGHT="76" WIDTH="136" STYLEREFS="Style_14" WC="0.918888888888889" CC="314"/>
						<String CONTENT="." ID="St_1.2.36.20" HPOS="2316" VPOS="5784" HEIGHT="16" WIDTH="16" STYLEREFS="Style_14" WC="0.921111111111111" CC="0"/>
						<SP ID="SP_1.2.36.21" HPOS="2320" VPOS="5752" WIDTH="40"/>
						<String CONTENT="Feb." ID="St_1.2.36.22" HPOS="2396" VPOS="5720" HEIGHT="80" WIDTH="216" STYLEREFS="Style_14" WC="0.931111111111111" CC="0000"/>
						<SP ID="SP_1.2.36.23" HPOS="2600" VPOS="5752" WIDTH="40"/>
						<String CONTENT="20;" ID="St_1.2.36.24" HPOS="2672" VPOS="5720" HEIGHT="92" WIDTH="164" STYLEREFS="Style_14" WC="0.937777777777778" CC="000"/>
						<SP ID="SP_1.2.36.25" HPOS="2820" VPOS="5732" WIDTH="44"/>
						<String CONTENT="A" ID="St_1.2.36.26" HPOS="2900" VPOS="5724" HEIGHT="76" WIDTH="80" STYLEREFS="Style_14" WC="0.94" CC="0"/>
						<SP ID="SP_1.2.36.27" HPOS="2936" VPOS="5724" WIDTH="72"/>
						<String CONTENT="18837;" ID="St_1.2.36.28" HPOS="3040" VPOS="5720" HEIGHT="96" WIDTH="332" STYLEREFS="Style_14" WC="0.947777777777778" CC="000000"/>
						<SP ID="SP_1.2.36.29" HPOS="3356" VPOS="5732" WIDTH="44"/>
						<String CONTENT="J." ID="St_1.2.36.30" HPOS="3440" VPOS="5724" HEIGHT="80" WIDTH="88" STYLEREFS="Style_14" WC="0.943333333333333" CC="40"/>
						<SP ID="SP_1.2.36.31" HPOS="3516" VPOS="5756" WIDTH="40"/>
						<String CONTENT="H." ID="St_1.2.36.32" HPOS="3592" VPOS="5724" HEIGHT="80" WIDTH="120" STYLEREFS="Style_14" WC="0.945555555555556" CC="00"/>
						<SP ID="SP_1.2.36.33" HPOS="3700" VPOS="5756" WIDTH="40"/>
						<String CONTENT="S" ID="St_1.2.36.34" HPOS="3780" VPOS="5720" HEIGHT="80" WIDTH="56" STYLEREFS="Style_14" WC="0.947777777777778" CC="0"/>
						<String CONTENT="ch" ID="St_1.2.36.35" HPOS="3848" VPOS="5724" HEIGHT="76" WIDTH="116" STYLEREFS="Style_14" WC="0.948888888888889" CC="00"/>
						<String CONTENT="larman," ID="St_1.2.36.36" HPOS="3964" VPOS="5728" HEIGHT="84" WIDTH="396" STYLEREFS="Style_14" WC="0.954444444444444" CC="0000000"/>
					</TextLine>
					<TextLine ID="TL_1.2.37" HPOS="640" VPOS="5828" HEIGHT="112" WIDTH="3556">
						<String CONTENT="Belleville," ID="St_1.2.37.1" HPOS="640" VPOS="5828" HEIGHT="92" WIDTH="508" STYLEREFS="Style_14" WC="0.958888888888889" CC="00000400000"/>
						<SP ID="SP_1.2.37.2" HPOS="1136" VPOS="5884" WIDTH="40"/>
						<String CONTENT="Ill." ID="St_1.2.37.3" HPOS="1208" VPOS="5828" HEIGHT="80" WIDTH="144" STYLEREFS="Style_14" WC="0.972222222222222" CC="0000"/>
						<SP ID="SP_1.2.37.4" HPOS="1340" VPOS="5888" WIDTH="72"/>
						<String CONTENT="(30-6039)" ID="St_1.2.37.5" HPOS="1480" VPOS="5828" HEIGHT="96" WIDTH="484" STYLEREFS="Style_14" WC="0.982222222222222" CC="000000000"/>
						<SP ID="SP_1.2.37.6" HPOS="1944" VPOS="5828" WIDTH="2020"/>
						<String CONTENT="1648" ID="St_1.2.37.7" HPOS="3964" VPOS="5828" HEIGHT="84" WIDTH="232" STYLEREFS="Style_14" WC="0.773333333333333" CC="0011"/>
					</TextLine>
					<TextLine ID="TL_1.2.38" HPOS="512" VPOS="6036" HEIGHT="136" WIDTH="1796">
						<String CONTENT="[" ID="St_1.2.38.1" HPOS="512" VPOS="6108" HEIGHT="64" WIDTH="24" STYLEREFS="Style_14" WC="1" CC="0"/>
						<String CONTENT="Schmitz," ID="St_1.2.38.2" HPOS="548" VPOS="6036" HEIGHT="124" WIDTH="544" STYLEREFS="Style_14" WC="1" CC="00000000"/>
						<SP ID="SP_1.2.38.3" HPOS="1072" VPOS="6072" WIDTH="48"/>
						<String CONTENT="Ettore]" ID="St_1.2.38.4" HPOS="1156" VPOS="6040" HEIGHT="108" WIDTH="436" STYLEREFS="Style_14" WC="0.966666666666667" CC="0000005"/>
						<SP ID="SP_1.2.38.5" HPOS="1584" VPOS="6068" WIDTH="52"/>
						<String CONTENT="1861-1928." ID="St_1.2.38.6" HPOS="1680" VPOS="6052" HEIGHT="96" WIDTH="628" STYLEREFS="Style_14" WC="0.98" CC="0000000000"/>
					</TextLine>
					<TextLine ID="TL_1.2.39" HPOS="632" VPOS="6188" HEIGHT="132" WIDTH="3740">
						<String CONTENT="The" ID="St_1.2.39.1" HPOS="632" VPOS="6188" HEIGHT="100" WIDTH="232" STYLEREFS="Style_14" WC="1" CC="000"/>
						<SP ID="SP_1.2.39.2" HPOS="832" VPOS="6204" WIDTH="60"/>
						<String CONTENT="hoax," ID="St_1.2.39.3" HPOS="924" VPOS="6188" HEIGHT="132" WIDTH="324" STYLEREFS="Style_14" WC="1" CC="00000"/>
						<SP ID="SP_1.2.39.4" HPOS="1232" VPOS="6228" WIDTH="40"/>
						<String CONTENT="by" ID="St_1.2.39.5" HPOS="1304" VPOS="6188" HEIGHT="132" WIDTH="152" STYLEREFS="Style_14" WC="1" CC="00"/>
						<SP ID="SP_1.2.39.6" HPOS="1412" VPOS="6204" WIDTH="64"/>
						<String CONTENT="Italo" ID="St_1.2.39.7" HPOS="1508" VPOS="6188" HEIGHT="104" WIDTH="296" STYLEREFS="Style_14" WC="1" CC="00000"/>
						<SP ID="SP_1.2.39.8" HPOS="1768" VPOS="6204" WIDTH="64"/>
						<String CONTENT="Svevo" ID="St_1.2.39.9" HPOS="1872" VPOS="6188" HEIGHT="108" WIDTH="356" STYLEREFS="Style_14" WC="1" CC="00000"/>
						<SP ID="SP_1.2.39.10" HPOS="2192" VPOS="6208" WIDTH="68"/>
						<String CONTENT="[" ID="St_1.2.39.11" HPOS="2300" VPOS="6256" HEIGHT="64" WIDTH="24" STYLEREFS="Style_14" WC="1" CC="0"/>
						<String CONTENT="pse" ID="St_1.2.39.12" HPOS="2336" VPOS="6224" HEIGHT="96" WIDTH="192" STYLEREFS="Style_15" WC="1" CC="000"/>
						<SP ID="SP_1.2.39.13" HPOS="2496" VPOS="6208" WIDTH="68"/>
						<String CONTENT="d." ID="St_1.2.39.14" HPOS="2608" VPOS="6192" HEIGHT="100" WIDTH="104" STYLEREFS="Style_15" WC="0.995555555555556" CC="01"/>
						<String CONTENT="]" ID="St_1.2.39.15" HPOS="2728" VPOS="6256" HEIGHT="64" WIDTH="24" STYLEREFS="Style_16" WC="0.968888888888889" CC="8"/>
						<SP ID="SP_1.2.39.16" HPOS="2736" VPOS="6224" WIDTH="48"/>
						<String CONTENT="translated" ID="St_1.2.39.17" HPOS="2824" VPOS="6192" HEIGHT="104" WIDTH="608" STYLEREFS="Style_16" WC="0.976666666666667" CC="0000000000"/>
						<SP ID="SP_1.2.39.18" HPOS="3392" VPOS="6192" WIDTH="68"/>
						<String CONTENT="from" ID="St_1.2.39.19" HPOS="3500" VPOS="6192" HEIGHT="104" WIDTH="296" STYLEREFS="Style_16" WC="0.978888888888889" CC="0000"/>
						<SP ID="SP_1.2.39.20" HPOS="3736" VPOS="6212" WIDTH="84"/>
						<String CONTENT="the" ID="St_1.2.39.21" HPOS="3852" VPOS="6196" HEIGHT="100" WIDTH="184" STYLEREFS="Style_16" WC="0.981111111111111" CC="000"/>
						<SP ID="SP_1.2.39.22" HPOS="4004" VPOS="6212" WIDTH="56"/>
						<String CONTENT="Ital-" ID="St_1.2.39.23" HPOS="4096" VPOS="6196" HEIGHT="100" WIDTH="276" STYLEREFS="Style_16" WC="0.982222222222222" CC="00000"/>
					</TextLine>
					<TextLine ID="TL_1.2.40" HPOS="500" VPOS="6332" HEIGHT="144" WIDTH="3872">
						<String CONTENT="ian," ID="St_1.2.40.1" HPOS="500" VPOS="6340" HEIGHT="124" WIDTH="216" STYLEREFS="Style_16" WC="1" CC="0000"/>
						<SP ID="SP_1.2.40.2" HPOS="700" VPOS="6376" WIDTH="44"/>
						<String CONTENT="with" ID="St_1.2.40.3" HPOS="776" VPOS="6332" HEIGHT="104" WIDTH="268" STYLEREFS="Style_16" WC="1" CC="0000"/>
						<SP ID="SP_1.2.40.4" HPOS="1004" VPOS="6336" WIDTH="68"/>
						<String CONTENT="an" ID="St_1.2.40.5" HPOS="1104" VPOS="6376" HEIGHT="60" WIDTH="136" STYLEREFS="Style_16" WC="1" CC="00"/>
						<SP ID="SP_1.2.40.6" HPOS="1200" VPOS="6356" WIDTH="68"/>
						<String CONTENT="introduction," ID="St_1.2.40.7" HPOS="1300" VPOS="6340" HEIGHT="132" WIDTH="792" STYLEREFS="Style_16" WC="1" CC="0000000000000"/>
						<SP ID="SP_1.2.40.8" HPOS="2076" VPOS="6380" WIDTH="36"/>
						<String CONTENT="by" ID="St_1.2.40.9" HPOS="2140" VPOS="6340" HEIGHT="132" WIDTH="148" STYLEREFS="Style_16" WC="1" CC="00"/>
						<SP ID="SP_1.2.40.10" HPOS="2244" VPOS="6356" WIDTH="68"/>
						<String CONTENT="Beryl" ID="St_1.2.40.11" HPOS="2344" VPOS="6344" HEIGHT="128" WIDTH="340" STYLEREFS="Style_16" WC="1" CC="00000"/>
						<SP ID="SP_1.2.40.12" HPOS="2660" VPOS="6340" WIDTH="52"/>
						<String CONTENT="de" ID="St_1.2.40.13" HPOS="2744" VPOS="6344" HEIGHT="100" WIDTH="132" STYLEREFS="Style_16" WC="1" CC="00"/>
						<SP ID="SP_1.2.40.14" HPOS="2844" VPOS="6356" WIDTH="56"/>
						<String CONTENT="Zoete." ID="St_1.2.40.15" HPOS="2932" VPOS="6344" HEIGHT="100" WIDTH="352" STYLEREFS="Style_16" WC="1" CC="000000"/>
						<SP ID="SP_1.2.40.16" HPOS="3268" VPOS="6380" WIDTH="76"/>
						<String CONTENT="London," ID="St_1.2.40.17" HPOS="3412" VPOS="6344" HEIGHT="132" WIDTH="500" STYLEREFS="Style_16" WC="1" CC="0000000"/>
						<SP ID="SP_1.2.40.18" HPOS="3892" VPOS="6380" WIDTH="40"/>
						<String CONTENT="L." ID="St_1.2.40.19" HPOS="3964" VPOS="6344" HEIGHT="104" WIDTH="124" STYLEREFS="Style_16" WC="1" CC="00"/>
						<SP ID="SP_1.2.40.20" HPOS="4072" VPOS="6380" WIDTH="44"/>
						<String CONTENT="and" ID="St_1.2.40.21" HPOS="4156" VPOS="6344" HEIGHT="104" WIDTH="216" STYLEREFS="Style_16" WC="1" CC="000"/>
					</TextLine>
					<TextLine ID="TL_1.2.41" HPOS="496" VPOS="6484" HEIGHT="136" WIDTH="1348">
						<String CONTENT="Virginia" ID="St_1.2.41.1" HPOS="496" VPOS="6484" HEIGHT="136" WIDTH="524" STYLEREFS="Style_16" WC="1" CC="00000000"/>
						<SP ID="SP_1.2.41.2" HPOS="984" VPOS="6504" WIDTH="60"/>
						<String CONTENT="Woolf," ID="St_1.2.41.3" HPOS="1072" VPOS="6484" HEIGHT="136" WIDTH="420" STYLEREFS="Style_16" WC="1" CC="000000"/>
						<SP ID="SP_1.2.41.4" HPOS="1476" VPOS="6528" WIDTH="48"/>
						<String CONTENT="1929." ID="St_1.2.41.5" HPOS="1556" VPOS="6492" HEIGHT="100" WIDTH="288" STYLEREFS="Style_16" WC="1" CC="00000"/>
					</TextLine>
					<TextLine ID="TL_1.2.42" HPOS="632" VPOS="6644" HEIGHT="96" WIDTH="1276">
						<String CONTENT="15" ID="St_1.2.42.1" HPOS="632" VPOS="6644" HEIGHT="80" WIDTH="108" STYLEREFS="Style_16" WC="1" CC="00"/>
						<String CONTENT="0" ID="St_1.2.42.2" HPOS="748" VPOS="6644" HEIGHT="80" WIDTH="56" STYLEREFS="Style_16" WC="1" CC="0"/>
						<String CONTENT="," ID="St_1.2.42.3" HPOS="808" VPOS="6704" HEIGHT="36" WIDTH="16" STYLEREFS="Style_16" WC="1" CC="0"/>
						<SP ID="SP_1.2.42.4" HPOS="808" VPOS="6704" WIDTH="16"/>
						<String CONTENT="[" ID="St_1.2.42.5" HPOS="896" VPOS="6684" HEIGHT="56" WIDTH="24" STYLEREFS="Style_16" WC="1" CC="0"/>
						<String CONTENT="1" ID="St_1.2.42.6" HPOS="924" VPOS="6652" HEIGHT="88" WIDTH="80" STYLEREFS="Style_16" WC="1" CC="0"/>
						<String CONTENT="]" ID="St_1.2.42.7" HPOS="980" VPOS="6684" HEIGHT="56" WIDTH="24" STYLEREFS="Style_16" WC="0.888888888888889" CC="8"/>
						<SP ID="SP_1.2.42.8" HPOS="980" VPOS="6684" WIDTH="24"/>
						<String CONTENT="p." ID="St_1.2.42.9" HPOS="1072" VPOS="6668" HEIGHT="72" WIDTH="88" STYLEREFS="Style_16" WC="0.918888888888889" CC="00"/>
						<SP ID="SP_1.2.42.10" HPOS="1144" VPOS="6708" WIDTH="16"/>
						<String CONTENT="17&#x00BD;&#x0368;&#x036b;." ID="St_1.2.42.11" HPOS="1272" VPOS="6648" HEIGHT="92" WIDTH="636" STYLEREFS="Style_16" WC="0.937777777777778" CC="000002"/>
					</TextLine>
					<TextLine ID="TL_1.2.43" HPOS="516" VPOS="6756" HEIGHT="128" WIDTH="3856">
						<String CONTENT="&#x00A9;" ID="St_1.2.43.1" HPOS="516" VPOS="6756" HEIGHT="88" WIDTH="96" STYLEREFS="Style_16" WC="0.222222222222222" CC="7"/>
						<SP ID="SP_1.2.43.2" HPOS="564" VPOS="6764" WIDTH="80"/>
						<String CONTENT="1c." ID="St_1.2.43.3" HPOS="676" VPOS="6764" HEIGHT="96" WIDTH="120" STYLEREFS="Style_16" WC="0.6" CC="070"/>
						<SP ID="SP_1.2.43.4" HPOS="788" VPOS="6804" WIDTH="40"/>
						<String CONTENT="Dec." ID="St_1.2.43.5" HPOS="856" VPOS="6784" HEIGHT="76" WIDTH="216" STYLEREFS="Style_16" WC="0.8" CC="0000"/>
						<SP ID="SP_1.2.43.6" HPOS="1060" VPOS="6804" WIDTH="36"/>
						<String CONTENT="20," ID="St_1.2.43.7" HPOS="1124" VPOS="6784" HEIGHT="92" WIDTH="136" STYLEREFS="Style_16" WC="0.856666666666667" CC="000"/>
						<SP ID="SP_1.2.43.8" HPOS="1248" VPOS="6804" WIDTH="40"/>
						<String CONTENT="1929;" ID="St_1.2.43.9" HPOS="1316" VPOS="6784" HEIGHT="92" WIDTH="272" STYLEREFS="Style_16" WC="0.9" CC="00000"/>
						<SP ID="SP_1.2.43.10" HPOS="1576" VPOS="6784" WIDTH="40"/>
						<String CONTENT="A" ID="St_1.2.43.11" HPOS="1644" VPOS="6784" HEIGHT="76" WIDTH="80" STYLEREFS="Style_16" WC="0.908888888888889" CC="0"/>
						<SP ID="SP_1.2.43.12" HPOS="1680" VPOS="6776" WIDTH="72"/>
						<String CONTENT="a" ID="St_1.2.43.13" HPOS="1780" VPOS="6808" HEIGHT="52" WIDTH="52" STYLEREFS="Style_16" WC="0.916666666666667" CC="0"/>
						<String CONTENT="d" ID="St_1.2.43.14" HPOS="1840" VPOS="6788" HEIGHT="72" WIDTH="56" STYLEREFS="Style_16" WC="0.906666666666667" CC="3"/>
						<SP ID="SP_1.2.43.15" HPOS="1864" VPOS="6776" WIDTH="56"/>
						<String CONTENT="int." ID="St_1.2.43.16" HPOS="1952" VPOS="6784" HEIGHT="80" WIDTH="168" STYLEREFS="Style_16" WC="0.895555555555556" CC="3300"/>
						<SP ID="SP_1.2.43.17" HPOS="2108" VPOS="6796" WIDTH="40"/>
						<String CONTENT="13409;" ID="St_1.2.43.18" HPOS="2176" VPOS="6776" HEIGHT="100" WIDTH="328" STYLEREFS="Style_16" WC="0.903333333333333" CC="040000"/>
						<SP ID="SP_1.2.43.19" HPOS="2492" VPOS="6788" WIDTH="40"/>
						<String CONTENT="pubd." ID="St_1.2.43.20" HPOS="2564" VPOS="6788" HEIGHT="92" WIDTH="276" STYLEREFS="Style_16" WC="0.916666666666667" CC="00000"/>
						<SP ID="SP_1.2.43.21" HPOS="2828" VPOS="6808" WIDTH="40"/>
						<String CONTENT="Oct." ID="St_1.2.43.22" HPOS="2900" VPOS="6788" HEIGHT="80" WIDTH="196" STYLEREFS="Style_16" WC="0.925555555555556" CC="0000"/>
						<SP ID="SP_1.2.43.23" HPOS="3084" VPOS="6808" WIDTH="40"/>
						<String CONTENT="24;" ID="St_1.2.43.24" HPOS="3156" VPOS="6788" HEIGHT="92" WIDTH="160" STYLEREFS="Style_16" WC="0.931111111111111" CC="000"/>
						<SP ID="SP_1.2.43.25" HPOS="3300" VPOS="6788" WIDTH="44"/>
						<String CONTENT="Harcourt," ID="St_1.2.43.26" HPOS="3380" VPOS="6792" HEIGHT="92" WIDTH="504" STYLEREFS="Style_16" WC="0.942222222222222" CC="000000000"/>
						<SP ID="SP_1.2.43.27" HPOS="3872" VPOS="6808" WIDTH="40"/>
						<String CONTENT="B" ID="St_1.2.43.28" HPOS="3944" VPOS="6796" HEIGHT="72" WIDTH="76" STYLEREFS="Style_16" WC="0.944444444444444" CC="0"/>
						<String CONTENT="r" ID="St_1.2.43.29" HPOS="4028" VPOS="6812" HEIGHT="52" WIDTH="44" STYLEREFS="Style_16" WC="0.936666666666667" CC="5"/>
						<String CONTENT="a" ID="St_1.2.43.30" HPOS="4084" VPOS="6812" HEIGHT="56" WIDTH="52" STYLEREFS="Style_16" WC="0.923333333333333" CC="8"/>
						<String CONTENT="ce" ID="St_1.2.43.31" HPOS="4084" VPOS="6788" HEIGHT="84" WIDTH="160" STYLEREFS="Style_16" WC="0.925555555555556" CC="00"/>
						<SP ID="SP_1.2.43.32" HPOS="4216" VPOS="6792" WIDTH="52"/>
						<String CONTENT="&amp;" ID="St_1.2.43.33" HPOS="4300" VPOS="6792" HEIGHT="76" WIDTH="72" STYLEREFS="Style_16" WC="0.927777777777778" CC="0"/>
					</TextLine>
					<TextLine ID="TL_1.2.44" HPOS="644" VPOS="6884" HEIGHT="104" WIDTH="3560">
						<String CONTENT="co.," ID="St_1.2.44.1" HPOS="644" VPOS="6908" HEIGHT="72" WIDTH="160" STYLEREFS="Style_16" WC="0.833333333333333" CC="1140"/>
						<SP ID="SP_1.2.44.2" HPOS="792" VPOS="6912" WIDTH="40"/>
						<String CONTENT="inc." ID="St_1.2.44.3" HPOS="860" VPOS="6892" HEIGHT="76" WIDTH="176" STYLEREFS="Style_16" WC="0.875555555555556" CC="0040"/>
						<String CONTENT="," ID="St_1.2.44.4" HPOS="1048" VPOS="6952" HEIGHT="16" WIDTH="16" STYLEREFS="Style_16" WC="0.888888888888889" CC="0"/>
						<SP ID="SP_1.2.44.5" HPOS="1052" VPOS="6912" WIDTH="40"/>
						<String CONTENT="New" ID="St_1.2.44.6" HPOS="1120" VPOS="6892" HEIGHT="76" WIDTH="228" STYLEREFS="Style_16" WC="0.92" CC="000"/>
						<SP ID="SP_1.2.44.7" HPOS="1300" VPOS="6892" WIDTH="72"/>
						<String CONTENT="York." ID="St_1.2.44.8" HPOS="1400" VPOS="6896" HEIGHT="76" WIDTH="284" STYLEREFS="Style_16" WC="0.944444444444444" CC="00000"/>
						<SP ID="SP_1.2.44.9" HPOS="1672" VPOS="6912" WIDTH="76"/>
						<String CONTENT="(30-6146)" ID="St_1.2.44.10" HPOS="1816" VPOS="6884" HEIGHT="104" WIDTH="484" STYLEREFS="Style_16" WC="0.94" CC="000330000"/>
						<SP ID="SP_1.2.44.11" HPOS="2284" VPOS="6884" WIDTH="1692"/>
						<String CONTENT="1649" ID="St_1.2.44.12" HPOS="3976" VPOS="6896" HEIGHT="84" WIDTH="228" STYLEREFS="Style_16" WC="0.784444444444445" CC="0000"/>
					</TextLine>
					<TextLine ID="TL_1.2.45" HPOS="512" VPOS="7096" HEIGHT="124" WIDTH="1100">
						<String CONTENT="Shaw," ID="St_1.2.45.1" HPOS="512" VPOS="7096" HEIGHT="124" WIDTH="376" STYLEREFS="Style_16" WC="1" CC="00000"/>
						<SP ID="SP_1.2.45.2" HPOS="872" VPOS="7136" WIDTH="44"/>
						<String CONTENT="Charles" ID="St_1.2.45.3" HPOS="944" VPOS="7096" HEIGHT="108" WIDTH="480" STYLEREFS="Style_16" WC="1" CC="0000000"/>
						<SP ID="SP_1.2.45.4" HPOS="1392" VPOS="7112" WIDTH="56"/>
						<String CONTENT="A." ID="St_1.2.45.5" HPOS="1472" VPOS="7104" HEIGHT="104" WIDTH="140" STYLEREFS="Style_16" WC="1" CC="00"/>
					</TextLine>
					<TextLine ID="TL_1.2.46" HPOS="656" VPOS="7252" HEIGHT="140" WIDTH="3720">
						<String CONTENT="How" ID="St_1.2.46.1" HPOS="656" VPOS="7252" HEIGHT="100" WIDTH="288" STYLEREFS="Style_16" WC="1" CC="000"/>
						<SP ID="SP_1.2.46.2" HPOS="896" VPOS="7268" WIDTH="84"/>
						<String CONTENT="to" ID="St_1.2.46.3" HPOS="1016" VPOS="7264" HEIGHT="92" WIDTH="108" STYLEREFS="Style_16" WC="1" CC="00"/>
						<SP ID="SP_1.2.46.4" HPOS="1092" VPOS="7268" WIDTH="64"/>
						<String CONTENT="buy" ID="St_1.2.46.5" HPOS="1192" VPOS="7256" HEIGHT="132" WIDTH="224" STYLEREFS="Style_16" WC="1" CC="000"/>
						<SP ID="SP_1.2.46.6" HPOS="1376" VPOS="7268" WIDTH="72"/>
						<String CONTENT="a" ID="St_1.2.46.7" HPOS="1484" VPOS="7296" HEIGHT="64" WIDTH="60" STYLEREFS="Style_16" WC="1" CC="0"/>
						<SP ID="SP_1.2.46.8" HPOS="1508" VPOS="7272" WIDTH="68"/>
						<String CONTENT="home" ID="St_1.2.46.9" HPOS="1612" VPOS="7256" HEIGHT="104" WIDTH="316" STYLEREFS="Style_16" WC="1" CC="0000"/>
						<SP ID="SP_1.2.46.10" HPOS="1896" VPOS="7268" WIDTH="64"/>
						<String CONTENT="with" ID="St_1.2.46.11" HPOS="2000" VPOS="7256" HEIGHT="104" WIDTH="272" STYLEREFS="Style_16" WC="1" CC="0000"/>
						<SP ID="SP_1.2.46.12" HPOS="2228" VPOS="7252" WIDTH="76"/>
						<String CONTENT="safety," ID="St_1.2.46.13" HPOS="2340" VPOS="7256" HEIGHT="116" WIDTH="400" STYLEREFS="Style_16" WC="0.984444444444444" CC="0400000"/>
						<SP ID="SP_1.2.46.14" HPOS="2724" VPOS="7296" WIDTH="48"/>
						<String CONTENT="by" ID="St_1.2.46.15" HPOS="2808" VPOS="7264" HEIGHT="128" WIDTH="148" STYLEREFS="Style_16" WC="0.985555555555556" CC="00"/>
						<SP ID="SP_1.2.46.16" HPOS="2916" VPOS="7272" WIDTH="72"/>
						<String CONTENT="Charles" ID="St_1.2.46.17" HPOS="3024" VPOS="7260" HEIGHT="104" WIDTH="460" STYLEREFS="Style_16" WC="0.988888888888889" CC="0000000"/>
						<SP ID="SP_1.2.46.18" HPOS="3456" VPOS="7276" WIDTH="60"/>
						<String CONTENT="A." ID="St_1.2.46.19" HPOS="3552" VPOS="7264" HEIGHT="104" WIDTH="136" STYLEREFS="Style_16" WC="0.988888888888889" CC="00"/>
						<SP ID="SP_1.2.46.20" HPOS="3672" VPOS="7296" WIDTH="52"/>
						<String CONTENT="Shaw" ID="St_1.2.46.21" HPOS="3764" VPOS="7264" HEIGHT="104" WIDTH="332" STYLEREFS="Style_16" WC="0.99" CC="0000"/>
						<SP ID="SP_1.2.46.22" HPOS="4044" VPOS="7272" WIDTH="80"/>
						<String CONTENT="and" ID="St_1.2.46.23" HPOS="4164" VPOS="7264" HEIGHT="100" WIDTH="212" STYLEREFS="Style_16" WC="0.991111111111111" CC="000"/>
					</TextLine>
					<TextLine ID="TL_1.2.47" HPOS="524" VPOS="7396" HEIGHT="148" WIDTH="3860">
						<String CONTENT="Estill" ID="St_1.2.47.1" HPOS="524" VPOS="7400" HEIGHT="104" WIDTH="332" STYLEREFS="Style_16" WC="1" CC="000000"/>
						<SP ID="SP_1.2.47.2" HPOS="832" VPOS="7400" WIDTH="52"/>
						<String CONTENT="W." ID="St_1.2.47.3" HPOS="920" VPOS="7396" HEIGHT="108" WIDTH="176" STYLEREFS="Style_16" WC="0.95" CC="40"/>
						<SP ID="SP_1.2.47.4" HPOS="1084" VPOS="7440" WIDTH="48"/>
						<String CONTENT="Francis." ID="St_1.2.47.5" HPOS="1172" VPOS="7408" HEIGHT="96" WIDTH="488" STYLEREFS="Style_16" WC="0.974444444444444" CC="00000000"/>
						<SP ID="SP_1.2.47.6" HPOS="1648" VPOS="7444" WIDTH="88"/>
						<String CONTENT="St." ID="St_1.2.47.7" HPOS="1816" VPOS="7408" HEIGHT="104" WIDTH="156" STYLEREFS="Style_16" WC="0.978888888888889" CC="000"/>
						<SP ID="SP_1.2.47.8" HPOS="1960" VPOS="7444" WIDTH="48"/>
						<String CONTENT="Louis," ID="St_1.2.47.9" HPOS="2048" VPOS="7408" HEIGHT="108" WIDTH="368" STYLEREFS="Style_16" WC="0.968888888888889" CC="000004"/>
						<SP ID="SP_1.2.47.10" HPOS="2404" VPOS="7448" WIDTH="48"/>
						<String CONTENT="Mo.," ID="St_1.2.47.11" HPOS="2488" VPOS="7412" HEIGHT="132" WIDTH="256" STYLEREFS="Style_16" WC="0.973333333333333" CC="0000"/>
						<SP ID="SP_1.2.47.12" HPOS="2732" VPOS="7448" WIDTH="44"/>
						<String CONTENT="The" ID="St_1.2.47.13" HPOS="2816" VPOS="7404" HEIGHT="112" WIDTH="236" STYLEREFS="Style_16" WC="0.964444444444444" CC="400"/>
						<SP ID="SP_1.2.47.14" HPOS="3020" VPOS="7424" WIDTH="64"/>
						<String CONTENT="McMullen" ID="St_1.2.47.15" HPOS="3124" VPOS="7412" HEIGHT="104" WIDTH="612" STYLEREFS="Style_16" WC="0.971111111111111" CC="00000000"/>
						<SP ID="SP_1.2.47.16" HPOS="3696" VPOS="7424" WIDTH="72"/>
						<String CONTENT="company," ID="St_1.2.47.17" HPOS="3808" VPOS="7448" HEIGHT="96" WIDTH="576" STYLEREFS="Style_16" WC="0.975555555555556" CC="00000000"/>
					</TextLine>
					<TextLine ID="TL_1.2.48" HPOS="524" VPOS="7556" HEIGHT="96" WIDTH="288">
						<String CONTENT="1929." ID="St_1.2.48.1" HPOS="524" VPOS="7556" HEIGHT="96" WIDTH="288" STYLEREFS="Style_16" WC="1" CC="00000"/>
					</TextLine>
				</TextBlock>
			</PrintSpace>
		</Page>
	</Layout>
</alto>
