2484 4405
1093 4105 100 54 573

204 536 83 48 xii,
323 536 85 40 327
441 546 44 37 p.
519 535 109 40 incl.
664 534 129 40 illus.
821 532 161 50 (map)
1025 532 170 48 tables,
1230 530 179 48 diagrs.
1469 530 56 40 23½c
1574 531 27 21 m
1606 562 9 8 .
1687 528 357 49 (Publications
2080 528 51 41 of

132 596 81 38 the
238 592 286 43 Committee
548 603 61 29 on
635 593 81 40 the
742 594 128 39 costs
894 591 53 40 of
969 590 206 40 medical
1200 598 139 31 care:
1366 598 74 29 no.
1467 586 81 47 26)

135 648 51 52 ©
211 652 110 40 Feb.
344 650 69 48 21,
438 649 112 41 1933;
603 650 67 40 2c.
693 651 114 46 May
829 647 53 49 2;
909 648 83 41 aff.
1016 648 115 48 Apr.
1154 646 83 49 29;
1262 647 41 38 A
1327 645 171 48 61560;
1525 643 283 50 University
1833 643 53 41 of
1909 644 224 47 Chicago,

204 708 222 48 Chicago.
496 706 280 49 (33-27130)

129 810 260 66 Fischer,
423 810 272 66 Dorothy
724 811 158 64 May,
917 828 179 51 comp.

201 889 187 55 Guide
423 888 148 52 book
608 886 96 54 for
736 905 194 52 young
967 884 248 71 people’s
1253 884 443 70 organizations,
1733 883 283 69 compiled
2056 884 78 69 by

133 968 262 68 Dorothy
419 966 140 68 May
585 965 250 53 Fischer.
898 965 286 67 Houston,
1211 964 156 67 Tex.,
1393 962 236 54 Diocese
1657 962 65 53 of
1748 962 203 68 Texas,
1981 964 151 52 1932.

201 1040 27 39 2
255 1050 42 37 p.
344 1070 23 16 l.,
396 1039 83 48 xii,
507 1038 85 40 213
617 1048 44 37 p.
721 1048 125 37 map.
906 1036 57 41 19
966 1039 44 21 cm
1014 1069 9 9 .

207 1096 270 40 “Resource
515 1094 282 41 material”:
835 1104 45 37 p.
917 1093 172 48 56-64;
1133 1093 68 38 “A
1238 1091 338 49 bibliography
1613 1091 80 41 for
1730 1101 161 39 young
1928 1090 208 50 people’s

133 1151 188 42 work”:
352 1161 44 39 p.
434 1151 248 51 [207]-212.

138 1207 51 52 ©
228 1212 113 47 May
378 1212 39 46 1,
455 1209 140 48 1932;
634 1210 67 39 2c.
740 1210 95 38 and
874 1208 82 41 aff.
993 1209 114 47 Apr.
1146 1209 68 47 17,
1254 1207 140 48 1933;
1435 1208 40 39 A
1513 1207 169 48 62173;
1723 1208 57 39 D.
1821 1209 62 39 M.
1923 1205 214 48 Fischer,

207 1268 236 40 Houston.
515 1265 280 50 (33-10570)

132 1366 383 69 Fitzpatrick,
547 1370 254 53 Edward
829 1369 335 66 Augustus,
1198 1373 171 51 1884-

134 1446 1979 149 … The life of the soul, by Edward A. Fitzpatrick … in cooperation
465 1525 141 53 with
639 1545 31 33 a
702 1543 186 51 group
922 1525 65 53 of
1020 1524 273 69 religious
1325 1526 281 66 teachers;
1644 1524 300 71 including
135 1543 1977 114 questions

323 1603 153 54 from
512 1605 96 51 the
647 1603 317 53 Baltimore
1003 1602 321 54 catechism.
1394 1603 140 53 New
1574 1602 181 69 York,
1794 1602 346 56 Milwaukee

159 1680 1389 70 [etc.] The Bruce publishing company [ c 1933]
207 1754 83 41 141
319 1764 44 39 p.
423 1755 86 40 col.
539 1754 128 41 illus.
727 1753 55 41 19
786 1756 45 21 cm
834 1786 9 8 .
915 1754 268 47 (Highway
1212 1755 49 39 to
1294 1755 185 39 heaven
1511 1753 164 42 series,
1805 1754 15 49 III)

140 1809 51 52 ©
223 1815 121 40 Mar.
373 1813 70 48 29,
474 1812 140 49 1933;
646 1813 67 40 2c.
743 1815 96 38 and
871 1812 79 40 aff.
984 1813 114 48 Apr.
1130 1814 53 46 5;
1217 1813 40 39 A
1286 1812 170 48 61232;
1491 1814 159 39 Bruce
1678 1813 109 49 pub.
1820 1824 68 30 co.

218 1870 279 49 (33-10565)

135 1972 273 67 Footner,
438 1971 273 68 Hulbert,
743 1974 172 55 1879-

206 2049 1929 70 The ring of eyes, by Hulbert Footner … New York and
137 2129 256 67 London,
421 2128 233 68 Harper
680 2131 54 50 &
761 2129 278 68 brothers,
1070 2129 151 52 1933.

207 2202 655 49 vi p., 1 l., 278 p. 19½cm.
208 2261 41 38 A
277 2260 194 47 Harper
500 2260 163 40 sealed
693 2263 216 45 mystery
937 2262 135 46 story
1112 2259 66 49 (p.
1208 2259 206 42 211-278
1440 2259 189 49 sealed)

210 2316 161 41 “First
398 2314 228 44 edition.”

143 2370 51 52 ©
223 2375 115 47 Apr.
367 2374 68 48 26,
466 2373 140 48 1933;
638 2373 69 41 2c.
736 2373 113 49 Apr.
878 2373 82 48 26;
994 2373 82 41 aff.
1108 2374 117 48 Apr.,
1252 2374 83 48 28;
1366 2375 41 38 A
1437 2374 170 48 62363;

1642 2377 61 38 H.
1735 2376 223 46 Footner,
209 2377 1915 94 Baltimore.
425 2429 279 51 (33-10598)

140 2532 213 68 Fuchs,
385 2534 203 66 Ernst,
621 2539 325 52 1851-1930.

140 2612 2001 153 Diseases of the eye, by Hofrat Ernst Fuchs … the 15th German ed. of the Lehrbuch der augenheilkunde as revised by
139 2768 2001 74 Maximilian Salzmann … authorized translation by E. V. L.
142 2847 1999 69 Brown … 10th English ed. 255 illustrations in the text and
140 2929 65 49 41
247 2926 224 52 colored
512 2924 223 70 figures.
813 2926 426 69 Philadelphia,
1279 2928 288 53 Montreal
1629 2935 120 64 [etc.]
1795 2931 58 55 J.
1895 2935 68 50 B.
142 2931 1974 140 Lippincott
388 3022 281 51 company
702 3038 13 33 [
718 3010 20 22 c
742 3007 152 65 1933]

211 3078 135 48 xviii,
375 3078 84 40 641
488 3089 42 37 p.
591 3078 143 49 illus.,
764 3080 86 40 col.
880 3080 171 48 plates,
1079 3080 182 50 diagrs.
1319 3079 147 45 23½cm.

215 3136 132 39 Each
382 3135 262 40 numbered
682 3136 190 40 colored
910 3138 130 48 plate
1078 3136 342 50 accompanied
1456 3140 62 49 by
1556 3141 102 40 leaf
1694 3139 121 43 with
1850 3142 294 50 descriptive

147 3195 280 46 letterpress
455 3194 95 38 and
578 3195 154 46 guard
761 3194 150 41 sheet.

217 3250 150 39 “Nine
397 3249 226 48 previous
653 3250 322 41 translations
1004 3253 154 39 under
1189 3253 81 39 the
1301 3252 108 42 title
1440 3255 53 39 of
1522 3255 136 41 ‘Text
1690 3256 123 41 book
1842 3259 53 39 of
146 3260 1979 94 ophthalmology’
379 3308 139 38 made
549 3307 61 47 by
641 3307 85 41 Dr.

759 3308 277 40 Alexander
1067 3309 172 40 Duane
1270 3307 129 43 from
1431 3311 197 43 various
1661 3313 208 43 German
1902 3315 243 49 printings

147 3363 121 39 have
294 3365 241 46 appeared
562 3364 51 39 in
639 3363 245 49 English.”

151 3415 51 52 ©
230 3421 110 39 Jan.
365 3420 69 47 25,
463 3421 140 46 1933;
632 3421 67 41 2c.
728 3422 112 40 Feb.
866 3422 82 48 24;
979 3422 83 41 aff.
1088 3423 116 47 Apr.
1230 3423 83 48 21;
1344 3425 40 39 A
1412 3425 170 49 60366;
1613 3428 44 41 J.
1686 3430 55 40 B.
1770 3430 281 48 Lippincott
2077 3441 66 33 co.

227 3475 249 49 (33-5153)

147 3579 335 66 Goldstone,
511 3581 257 54 Richard
798 3582 209 57 David.

218 3656 405 68 Sophomania,
664 3678 184 35 verses
889 3661 75 68 by
1006 3661 151 53 Dick
1198 3663 330 71 Goldstone,
1570 3667 289 72 drawings
1902 3671 75 70 by
2019 3673 125 52 Bob

146 3733 126 54 Lee.
351 3736 340 66 [Westwood
728 3738 227 70 village,
994 3740 195 69 Calif.,
1221 3743 324 55 Westwood
1581 3746 136 55 hills
1753 3768 173 44 press,
1964 3759 17 20 c
1987 3754 133 50 1933]

218 3809 56 40 70
302 3820 48 37 p.
403 3810 129 40 illus.
592 3812 145 42 18½cm.

221 3866 287 41 Illustrated
539 3869 98 46 t.-p.

221 3921 86 40 250
333 3923 261 40 numbered
622 3926 94 39 and
745 3925 166 49 signed
939 3927 160 48 copies
1127 3929 52 40 of
1206 3930 81 40 the
1315 3930 107 41 first
1451 3932 226 42 edition.”

156 3972 51 52 ©
243 3978 113 40 Feb.
388 3980 67 47 18,
492 3978 139 48 1933;
669 3981 67 40 2c.
771 3985 95 38 and
901 3983 84 43 aff.
1020 3986 123 39 Mar.
1179 3986 51 47 1;
1268 3987 41 38 A
1344 3987 170 45 60449;
1553 3990 57 41 R.
1646 3992 57 40 D.
1741 3993 275 39 Goldstone.
2055 3996 92 36 Dos

222 4034 217 47 Angeles.
510 4036 14 47 (CA
606 4037 176 41 33-235
801 4040 235 49 Unrev’d)
