2597 4403
1359 4079 98 49 118

389 402 271 66 Sinclair,
690 402 255 56 Gordon.

461 479 328 54 Foot-loose
828 479 60 51 in
929 479 192 56 India,
1160 480 76 66 by
1277 479 239 54 Gordon
1559 478 280 65 Sinclair;
1884 478 341 53 adventures
2269 478 61 52 of
2374 497 31 33 a

389 574 152 36 news
580 558 196 53 chaser
815 556 156 54 from
1009 556 287 69 Khyber’s
1335 556 152 69 grim
1525 556 143 68 gash
1708 556 64 53 of
1812 556 172 53 death
2022 561 59 48 to
2118 556 95 53 the
2254 556 151 68 tiger

390 633 228 71 jungles
647 635 64 54 of
738 636 223 67 Bengal
991 636 114 53 and
1131 636 98 52 the
1257 636 276 52 Burmese
1560 635 180 53 battle
1767 635 228 66 ground
2025 634 62 54 of
2115 635 97 52 the
2241 634 167 53 black

392 713 199 68 cobra;
636 714 330 52 illustrated
1010 713 140 53 with
1194 713 415 68 photographs.
1687 713 140 53 New
1875 712 179 66 York,
2096 714 217 52 Farrar
2356 716 50 50 &

392 791 972 68 Rinehart, incorporated [ c 1933]
464 864 28 39 4
518 875 44 38 p.
587 865 44 45 L,
658 864 86 41 312
769 875 44 38 p.
867 863 137 42 front.
1049 864 172 49 (port.)
1258 864 173 49 plates.
1486 863 56 40 21½
1577 866 44 21 cm
1625 896 9 9 .

396 919 51 52 ©
479 924 111 40 Jan.
619 924 40 49 3,
690 922 142 47 1933;
863 923 68 41 2c.
961 922 111 41 Jan.
1103 923 52 46 5;
1189 922 81 39 aff.
1303 922 111 41 Jan.
1443 922 55 48 4;
1529 922 43 39 A
1602 922 171 48 59246;
1808 922 54 41 G.
1896 921 226 50 Sinclair,
2154 922 255 50 Islington,

465 980 220 47 Ontario,
722 980 217 41 Canada.
1010 979 252 49 (33-3187)

391 1084 217 66 Smith,
636 1087 140 52 Mrs.
806 1086 224 52 Esther
1056 1086 66 54 L.

464 1161 211 56 Susie’s
715 1163 140 54 cook
893 1163 165 68 book,
1096 1163 77 68 by
1210 1163 212 53 Esther
1460 1164 66 51 L.
1568 1162 209 57 Smith.
1853 1167 85 49 1st
1976 1164 87 52 ed.
391 1162 1991 148 Stroudsburg,
585 1242 234 67 Penna.,
845 1241 241 54 Monroe
1113 1240 340 69 publishing
1479 1260 79 34 co.
1593 1273 13 35 [
1609 1248 20 21 c
1635 1244 134 50 1932]

463 1314 88 41 284
578 1327 44 37 p.
678 1315 57 40 22
739 1317 44 21 cm
788 1347 9 9 .
915 1314 131 50 $5.00

466 1373 288 42 Loose-leaf.

467 1429 163 41 “First
660 1429 234 50 printing,
928 1429 277 48 December,
1240 1428 159 41 1932.”

396 1484 53 53 ©
478 1489 111 39 Dec.
619 1489 71 48 30,
719 1486 142 48 1932;
893 1487 66 40 2c.
990 1489 96 38 and
1116 1485 83 42 aff.
1229 1487 111 41 Jan.
1370 1487 39 48 6,
1440 1486 142 48 1933;
1614 1487 41 39 A
1683 1486 171 49 57812;
1887 1489 53 38 E.
1970 1488 52 41 L.
2055 1487 173 45 Smith,
463 1488 1932 97 Baltimore.
682 1545 253 48 (33-3286)

391 1648 313 66 Strachey,
733 1649 177 65 John,
943 1654 174 50 1901-

462 1727 123 53 The
626 1726 229 69 coming
891 1727 261 68 struggle
1191 1726 94 54 for
1326 1745 211 50 power,
1574 1727 77 68 by
1687 1727 155 54 John
1888 1727 297 68 Strachey.
392 1729 1993 145 London,
553 1806 70 54 Y.
656 1805 276 55 Gollancz
963 1805 124 67 ltd.,
1121 1808 153 50 1932.

462 1879 89 42 399
577 1891 44 38 p.
677 1879 57 41 22
737 1882 45 21 cm
786 1912 9 8 .

469 1938 103 39 “An
599 1936 245 42 economic
874 1938 95 39 and
999 1935 150 41 social
1180 1934 220 50 analysis
1429 1936 52 40 of
1510 1935 518 49 capitalism.”—Pref.

398 1990 53 53 ©
545 2028 7 8 1c.
588 1995 110 40 Jan.
731 1995 41 47 4,
807 1993 142 48 1933;
985 1994 41 39 A
1059 1995 63 40 ad
1157 1993 85 39 int.
1280 1992 143 42 17332;
1488 1994 145 47 pubd.
1667 1994 119 40 Nov.
1822 1995 39 45 7,
1898 1993 142 48 1932;
2079 1995 44 40 J.
2162 1994 250 50 Strachey,

465 2052 264 46 Farnham,
766 2050 225 49 Bishop’s
1030 2050 265 48 Stortford,
1333 2051 239 48 England.
1643 2051 252 50 (33-3703)

393 2157 313 65 Strachey,
735 2156 177 56 Julia.

465 2233 277 56 Cheerful
769 2235 249 54 weather
1049 2235 95 53 for
1170 2235 97 52 the
1293 2232 287 71 wedding,
1606 2234 74 69 by
1708 2234 163 56 Julia
1902 2236 294 68 Strachey.
2273 2237 139 52 New

395 2314 180 68 York,
603 2315 123 53 The
754 2313 224 69 Yiking
1005 2332 177 50 press,
1213 2317 150 51 1933.

464 2388 26 40 3
520 2399 42 37 p.
592 2389 29 38 l.,
665 2388 146 40 3-117
840 2399 42 38 p.
945 2387 55 40 19½
1033 2389 44 21 cm
1082 2420 8 8 .

399 2442 51 52 ©
482 2447 112 41 Feb.
625 2446 38 48 6,
694 2445 142 48 1933;
869 2446 68 40 2c.
969 2445 112 42 Feb.
1112 2445 53 48 8;
1199 2444 82 42 aff.
1312 2445 112 40 Feb.
1456 2446 52 47 7;
1541 2445 43 39 A
1613 2444 170 48 60222;
1860 2444 138 50 Viking
2025 2455 153 39 press,
2209 2445 91 41 inc.

476 2503 252 50 (33-3293)

393 2607 259 64 Struble,
684 2607 252 54 Mildred
970 2608 192 64 Clara,
1195 2612 172 50 1894-

462 2685 1950 70 A Johnson handbook, by Mildred C. Struble … New York,
394 2766 64 52 F.
491 2765 55 56 S.
578 2764 201 56 Crofts
804 2769 46 50 &
877 2784 98 48 co.,
1006 2768 150 52 1933.

463 2838 66 46 xi,
556 2838 84 41 353
670 2848 44 38 p.
774 2838 165 48 front.,
966 2839 174 47 plates,
1167 2839 165 47 ports.,
1360 2836 192 42 facsim.
1613 2837 146 42 19½cm.

463 2895 380 48 Bibliography:
878 2906 43 38 p.
951 2895 220 41 329-339.

399 2950 53 53 ©
483 2955 110 40 Jan.
624 2954 69 47 26,
725 2953 142 47 1933;
900 2954 68 40 2c.
999 2955 96 39 and
1127 2953 83 42 aff.
1241 2953 111 42 Jan.
1383 2952 83 48 28;
1499 2953 43 39 A
1571 2952 171 49 60042;
1777 2953 51 39 F.
1863 2953 45 41 S.
1942 2953 166 41 Crofts
2141 2954 36 40 &
2206 2964 82 37 co.,
2321 2953 92 43 inc.

479 3010 253 50 (33-3101)

396 3116 302 64 Sweeney,
726 3115 280 56 Thomas.

466 3192 262 52 Horizon
776 3190 233 71 frames,
1055 3192 76 70 by
1180 3192 144 53 Tom
1375 3190 298 69 Sweeney;
1725 3191 328 54 illustrated
2102 3192 76 68 by
2227 3191 185 70 Bjorn

398 3270 182 69 Egeli.
659 3270 431 69 Philadelphia,
1131 3271 121 67 Pa.,
1292 3271 216 69 Poetry
1549 3269 341 70 publishers,
1935 3272 151 51 1932.

464 3343 86 40 147
577 3354 42 38 p.
680 3344 129 40 illus.
865 3342 57 42 20½
955 3346 45 21 cm
1004 3375 9 9 .

466 3400 171 41 Poems
669 3402 96 38 and
797 3401 139 40 short
965 3410 141 38 prose
1138 3400 238 42 sketches.

469 3456 1469 48 “Second … revised edition, printed November, 1932.”
401 3516 53 53 ©
481 3521 110 40 Dec.
619 3522 67 47 16,
714 3521 141 42 1932;
883 3523 65 39 2c.
978 3522 112 40 Dec.
1117 3521 81 47 19;
1227 3520 83 42 aff.
1337 3522 110 40 Jan.
1473 3521 70 47 30,
1570 3520 141 49 1933;
1740 3522 40 39 A
1807 3521 171 48 60096;
2008 3523 52 41 T.
2088 3523 53 40 B.
2171 3522 242 47 Sweeney,

469 3577 338 47 Washington.
879 3578 252 48 (33-3113)

396 3679 263 65 Talmey,
689 3681 159 62 Max,
882 3682 171 54 1867-

467 3758 123 52 The
630 3758 299 68 relativity
969 3758 202 70 theory
1213 3757 309 70 simplified
1568 3760 111 52 and
1722 3759 97 53 the
1861 3758 310 54 formative
2212 3758 202 69 period

398 3834 64 54 of
498 3835 74 53 its
607 3835 284 70 inventor,
926 3836 75 69 by
1037 3837 140 52 Max
1214 3838 258 68 Talmey,
1566 3882 9 9 M.
1654 3881 9 9 D.;
1732 3837 140 53 with
1911 3855 70 34 an
2021 3836 392 54 introduction

397 3912 2017 72 by George B. Pegram … New York, N. Y., Falcon press
401 4024 14 34 [
421 3997 17 22 c
444 3994 153 66 1932]
