2582 4453
1310 4160 133 49 1236

425 538 1899 52 “Publié et mis à jour par Marcel Mauss … Raymond Lantier …
347 596 125 40 Jean
506 596 187 39 Marx.”

425 653 424 48 “Bibliographie”:
914 665 44 37 p.
1010 655 235 48 [337]-353.

353 706 2019 55 © Aug. 15, 1932; 1c. Nov. 9; A- Foreign 18469; Renaissance du livre.
432 768 253 49 (33-3001)

485 874 1887 72 … Les Celtes et l’expansion celtique jusqu’à l’époque de La
353 953 181 65 Tène;
565 972 132 35 avec
727 957 64 48 12
818 958 200 53 cartes,
1045 956 65 49 43
1140 951 209 71 figures
1376 955 142 54 dans
1545 956 52 52 le
1622 960 153 48 texte
1803 961 54 47 et
1882 959 33 48 4
1940 956 272 67 planches
2237 956 134 52 hors

353 1032 2020 71 texte, par Henri Hubert … Paris, La Renaissance du livre,
355 1114 151 49 1932.

428 1184 1951 51 xxvi, 403, [1] p. illus. (incl. maps) 4 pl. on 2 l. 20 ½ cm . (L’évolution
353 1242 1531 52 de l’humanité, synthèse collective … [1. section, XXI])
456 1299 1921 51 "Publié et mis à jour par Marcel Mauss … P. Lantier … Jean Marx.”
427 1358 424 49 “Bibliographie”:
915 1371 43 37 p.
995 1359 249 49 [371]-387.

357 1411 2020 54 © Aug. 15, 1932; 1c. Nov. 9; A- Foreign 18469; Renaissance du livre.
437 1474 281 48 (32-17693)

355 1565 234 65 Hulley,
621 1565 262 56 Lincoln.

426 1643 247 56 Dramas
709 1644 58 52 in
802 1649 218 62 twenty
1054 1645 272 67 volumes,
1360 1645 75 67 by
1468 1645 244 53 Lincoln
1745 1646 236 67 Hulley.
2056 1646 246 53 Volume
2336 1662 42 34 x

419 1723 1847 69 … DeLand, Fla., The E. O. Painter printing co. [c1933]
424 1776 371 70 382 p. 19 ½c m .
707 1852 1673 50 CONTENTS. —46. The Eliose chimes. 47. Pirates off Key West. 48.
359 1913 321 47 Christopher
708 1914 83 39 the
817 1914 215 46 peddler.
1089 1913 70 40 49.
1193 1913 172 47 Squire
1395 1913 232 40 William.
1687 1913 68 40 50.
1787 1913 109 47 Lily
1925 1912 132 40 maid
2087 1912 54 40 of
2171 1912 211 45 Shulem,

353 1971 116 39 The.

361 2023 51 53 ©
451 2028 128 47 Sept.
615 2027 69 48 26,
721 2028 114 40 1933;
899 2028 68 40 2c.
1004 2029 96 38 and
1136 2027 83 41 aff.
1259 2028 129 47 Sept.
1424 2027 60 40 29;
1546 2028 41 38 A
1623 2027 148 40 66340;
1834 2028 49 38 L.
1921 2027 196 48 Hulley,
2154 2026 228 45 DeLand,

430 2085 101 41 Fla.

357 2175 243 54 Illinois.
676 2177 281 67 Supreme
989 2184 177 49 court.

432 2255 249 68 Reports
726 2255 62 52 of
833 2273 151 35 cases
1028 2267 59 41 at
1130 2257 111 50 law
1285 2256 111 52 and
1440 2254 60 53 in
1543 2256 280 65 chancery
1867 2255 216 67 argued
2129 2254 113 53 and

358 2254 2021 149 determined … v. 352, containing cases in which opinions were
361 2411 134 55 filed
535 2412 60 53 in
634 2414 176 67 April
853 2414 111 52 and
1006 2415 170 66 June,
1218 2416 153 65 1933,
1413 2414 113 51 and
1566 2432 152 36 cases
1758 2412 250 53 wherein
2047 2412 332 68 rehearings

360 2511 145 34 were
559 2492 205 53 denied
818 2498 57 47 at
926 2493 96 52 the
1074 2492 176 68 April
1303 2492 113 53 and
1467 2494 153 54 June
1670 2498 193 54 terms,
1918 2494 151 50 1933.
2149 2490 230 55 Samuel

360 2572 250 67 Pashley
672 2571 200 67 Irwin,
934 2577 261 63 reporter
1256 2571 63 53 of
1381 2570 296 54 decisions.
1777 2569 430 69 Bloomington,
2267 2570 115 67 Ill.,

363 2654 151 50 1933.

429 2726 64 47 ix,
530 2725 205 50 [11]-707
767 2736 43 36 p.
871 2725 55 39 22½
961 2727 43 20 cm
1011 2757 8 7 .

365 2779 53 52 ©
461 2785 128 46 Sept.
630 2782 69 47 22,
741 2781 113 41 1933;
924 2783 68 40 2c.
1033 2783 96 38 and
1169 2781 82 40 aff.
1296 2781 128 48 Sept.
1464 2781 58 41 28;
1589 2781 42 39 A
1671 2780 145 41 65385;
1889 2781 196 40 Samuel
2126 2780 51 39 P.
2218 2778 166 49 Irwin,

431 2840 358 48 Bloomington,
826 2841 74 39 Ill.

359 2932 267 64 Juniper,
655 2931 278 56 William.

433 3012 54 51 A
518 3029 207 49 merry,
756 3008 317 70 ingenious,
1103 3010 112 52 and
1248 3008 294 70 diverting
1572 3011 158 52 work
1763 3009 237 54 entitled
2033 3009 172 52 Liber
366 3027 1993 131 compotorum

672 3089 257 53 felicium:
1000 3108 80 48 or,
1117 3090 122 52 The
1276 3094 126 48 true
1441 3089 345 55 drunkard’s
1823 3088 242 69 delight,
2100 3087 172 69 being
2310 3105 71 35 an

366 3175 262 61 attempt,
654 3169 54 51 in
737 3187 26 33 a
792 3169 296 52 collection
1115 3167 65 54 of
1203 3169 173 52 brave
1403 3169 108 52 and
1541 3168 167 68 witty
1733 3168 196 66 things
1956 3167 151 53 from
2138 3166 241 68 English

365 3264 156 37 verse
551 3250 111 52 and
693 3265 183 50 prose,
903 3254 57 46 to
989 3253 81 49 set
1101 3247 179 67 forth,
1309 3247 57 53 in
1396 3247 294 68 gratitude
1719 3247 93 53 for
1843 3246 277 54 Bacchus’
2148 3246 234 67 bounty,

366 3327 94 52 the
490 3327 182 53 whole
703 3332 89 46 art
824 3327 111 52 and
969 3326 349 67 philosophy
1347 3325 64 53 of
1440 3325 294 69 drinking,
1764 3331 57 48 to
1855 3325 186 53 which
2072 3343 93 34 are
2197 3324 183 54 added

367 3425 25 32 a
429 3406 245 66 garland
707 3406 63 50 of
802 3405 286 52 convivial
1121 3424 170 48 songs
1325 3406 131 52 such
1493 3424 60 34 as
1585 3423 149 49 may,
1768 3406 52 50 in
1861 3403 185 68 praise
2079 3402 63 53 of
2175 3421 208 49 proper

369 3483 202 69 liquor,
602 3485 64 51 be
697 3503 145 48 sung
872 3485 73 66 by
976 3485 93 51 the
1103 3483 234 69 roaring
1366 3485 139 67 boys
1535 3483 63 52 of
1629 3483 263 69 Elysium
1926 3483 110 53 and
2070 3483 205 52 echoed
2309 3482 72 68 by

367 3563 77 52 all
472 3563 190 55 choice
689 3563 199 67 spirits
915 3565 131 51 here
1075 3563 195 56 below,
1299 3582 151 34 some
1477 3569 235 47 account
1742 3562 63 52 of
1834 3561 277 69 drinking
2139 3568 244 48 customs

370 3639 139 55 with
550 3661 28 33 a
619 3641 267 53 selection
926 3643 64 51 of
1030 3647 195 52 toasts,
1266 3661 30 33 a
1336 3641 223 69 gallery
1597 3640 64 54 of
1699 3641 229 54 notable
1967 3640 343 67 drunkards,
2352 3659 30 34 a

369 3720 326 69 dictionary
728 3720 63 54 of
823 3721 279 69 drinking
1134 3721 183 67 slang,
1351 3739 31 35 a
1416 3721 186 67 digest
1637 3720 63 54 of
1732 3719 344 56 drunkards’
2110 3721 126 58 law,
2270 3719 112 54 and

370 3819 24 32 a
442 3801 293 54 collection
779 3800 63 52 of
879 3800 149 54 tried
1070 3801 108 52 and
1224 3802 293 65 approved
1559 3799 231 69 recipes,
1830 3801 261 67 together
2129 3799 141 53 with
2312 3818 70 34 an

368 3879 387 52 examination
789 3879 64 52 of
883 3880 343 53 teetotalism
1258 3880 112 53 and
1400 3880 74 52 its
1503 3878 298 55 miserable
1830 3897 186 50 songs,
2047 3897 69 34 an
2148 3884 234 47 account

370 3957 63 52 of
469 3976 150 33 some
656 3957 175 68 lively
866 3959 202 52 deaths
1103 3959 107 51 and
1253 3977 28 33 a
1318 3957 265 55 selection
1622 3957 63 52 of
1721 3958 327 52 drunkards
2100 3957 284 67 epitaphs,

370 4040 120 50 etc.,
524 4042 118 53 etc.,
679 4037 76 52 all
789 4036 285 66 carefully
1105 4036 271 55 collected
1409 4037 261 68 together
1704 4039 50 50 &
1789 4036 61 53 in
1882 4041 132 59 part
2047 4035 229 53 written
2307 4035 77 70 by
