2484 4405
1027 4051 101 54 761

106 415 121 66 Alt,
258 415 219 55 Harold
508 418 188 63 Lynn,
730 422 169 49 1885-

179 492 147 54 Alt’s
364 494 170 53 house
572 494 234 66 heating
847 494 179 66 plans.
1103 493 270 66 Chicago,
1413 492 390 67 Engineering
108 493 1962 144 publications,
301 571 106 52 inc.
487 573 132 48 [c1933]

181 670 40 33 v,
249 659 86 41 208
362 670 29 37 p
460 658 128 41 illus.
617 659 130 47 (incl.
778 659 165 48 plans)
981 658 181 48 diagrs.
1217 658 55 38 21
1276 660 41 21 cm
1324 690 8 7 .

111 725 51 52 ©
201 731 113 46 May
349 731 41 44 4,
428 728 139 45 1933;
605 730 66 38 2c.
711 730 95 38 and
844 729 81 39 aff.
966 730 114 46 May
1116 729 82 45 22;
1238 728 41 39 A
1317 728 171 44 62744;
1530 726 323 48 Engineering
178 727 1902 105 publications,

349 786 90 39 inc.
510 786 278 47 (33-13486)

102 888 313 55 American
444 889 366 64 sociological
840 890 242 63 society.

172 965 376 70 Sociological
578 967 286 67 problems,
891 968 112 51 and
1032 968 285 65 methods;
1351 986 205 49 papers
1585 967 297 67 presented
1914 972 58 48 at
1999 968 95 52 the

102 1046 1992 69 twenty-seventh annual meeting … held at Cincinnati,’ Ohio,
101 1124 1994 69 December 28-31, 1932 … Chicago, Ill., The University of
101 1203 251 69 Chicago
380 1222 155 49 press
568 1237 12 33 [
586 1210 17 21 c
609 1207 150 62 1933]

173 1293 61 46 vi,
268 1291 83 41 159
384 1303 42 37 p.
488 1292 178 48 diagrs.
727 1292 54 38 24
785 1294 44 20 cm
834 1323 8 7 .
915 1293 123 46 (The
1070 1292 257 40 American
1362 1292 303 47 sociological
1702 1292 193 46 society,
1931 1305 41 27 v.
2008 1292 80 48 27)

107 1359 51 53 ©
187 1365 126 39 June
340 1364 67 42 13,
437 1364 139 43 1933;
607 1364 65 38 2c.
703 1364 98 39 and
827 1362 82 42 aff.
939 1363 125 39 June
1094 1362 82 43 23;
1208 1364 40 37 A
1277 1363 169 46 63352;
1480 1363 281 48 University
1791 1363 50 40 of
1872 1363 222 47 Chicago,

177 1420 221 49 Chicago.

99 1522 363 65 Andreades,
491 1524 271 52 Andreas
790 1522 270 65 Michael,
1091 1525 170 53 1876-

99 1600 1968 133 A history of Greek public finance, v. l. By A. M. Andreades
423 1681 1669 69 … Rev. and enl. ed., translated by Carroll A. Brown
159 1759 1694 69 … Cambridge, Mass., Harvard university press, 1933.
170 1849 98 45 xix,
300 1850 70 47 [1],
396 1849 86 38 412
510 1859 30 36 p
607 1848 55 39 26½
695 1851 44 20 cm
743 1878 8 7 .

172 1916 1921 50 “In 1918 appeared the first volume of this history … a new edition
102 1974 1990 50 appeared in 1928, of which the present volume is a translation … In
103 2033 120 41 view
247 2033 52 40 of
325 2034 81 39 the
431 2033 208 47 changes
665 2033 152 47 made,
845 2033 39 39 it
911 2033 87 39 has
1027 2033 187 39 seemed
1240 2031 105 41 best
1374 2034 48 38 to
1452 2031 88 41 call
1573 2033 79 39 the
1682 2035 193 45 present
1906 2033 185 41 volume

99 2100 29 30 a
153 2089 202 41 ‘revised
379 2091 95 38 and
498 2089 226 47 enlarged
750 2087 346 42 edition’.’’—v.
1125 2088 38 42 1,
1190 2098 43 38 p.
1261 2088 61 40 vi.

172 2144 1132 49 “Bibliographical addendum”; v. l. p. 267.
103 2214 51 52 ©
185 2220 113 46 May
326 2219 67 45 12,
423 2218 140 45 1933;
593 2218 66 39 2c.
691 2219 113 46 May
834 2218 80 45 19;
947 2217 80 39 aff.
1061 2219 114 45 May
1204 2217 83 47 24;
1319 2218 40 37 A
1389 2217 169 46 62772;
1592 2219 229 39 Harvard
1852 2218 240 39 economic

169 2275 193 47 society,
396 2274 299 48 Cambridge,
728 2276 146 38 Mass.
946 2274 278 46 (33-13579)

95 2377 282 65 Andress,
406 2379 203 53 James
635 2379 183 63 Mace,
847 2381 171 51 1881-

227 2455 1859 70 … Broadcasting health, by J. Mace Andress … and I. H.
95 2532 1992 75 Goldberger … Böston, New York [etc.] Ginn and company
99 2646 13 35 [
117 2620 18 22 c
140 2617 132 50 1933
278 2647 14 34 ]

168 2713 45 34 x,
239 2703 85 39 401
353 2714 41 36 p.
452 2704 85 40 col.
564 2704 163 45 front.,
757 2703 128 40 illus.
941 2702 55 40 19½
1029 2705 15 21 cm
1079 2734 7 8 .
1155 2703 125 48 (The
1306 2702 134 48 story
1470 2702 149 41 series
1650 2703 49 38 in
1727 2702 193 49 health)

101 2771 51 52 ©
189 2776 113 46 Apr.
338 2774 68 47 10,
443 2774 112 39 1933
574 2785 8 29 ;
621 2774 67 39 2c.
727 2775 113 45 May
876 2773 80 45 18;
997 2773 82 40 aff.
1118 2774 113 46 May
1268 2773 82 45 16;
1392 2774 39 37 A
1468 2774 169 43 61849;
1679 2775 43 38 J.
1762 2775 61 38 M.
1862 2774 227 48 Andress,

167 2831 332 46 Newtonville,
535 2832 160 46 Mass.,
731 2832 96 38 and
864 2831 36 37 I.
938 2831 60 38 H.
1036 2830 306 46 Goldberger,
1381 2831 116 38 New
1533 2830 144 40 York.

177 2888 279 48 (33-13608)

92 2988 266 56 Atlantic
397 2996 271 62 reporter.
745 2990 167 53 Cases
953 2991 214 68 argued
1207 2990 112 52 and
1359 2990 349 53 determined
1748 2991 60 52 in
1845 2992 94 51 the
161 2993 1900 144 Supreme

392 3074 187 47 courts
617 3070 63 52 of
718 3069 210 66 Maine,
969 3070 138 50 New
1145 3068 368 68 Hampshire,
1552 3071 295 63 Vermont,
1886 3070 199 53 Rhode

162 3148 216 68 Island,
408 3148 111 54 and
551 3149 398 61 Connecticut;
985 3148 274 67 Supreme
1289 3153 159 48 court
1480 3149 110 51 and
1625 3148 272 68 Superior
1925 3157 160 46 court

163 3229 62 52 of
271 3227 450 69 Pennsylvania;
773 3228 178 54 Court
998 3227 62 52 of
1108 3246 184 35 errors
1340 3228 111 51 and
1500 3229 249 66 appeals,
1799 3229 177 54 Court
2022 3231 63 52 of

162 3308 292 67 chancery,
504 3306 286 68 Orphans’
838 3312 177 52 court,
1065 3307 111 51 and
1228 3306 273 67 Supreme
1552 3307 112 51 and
1712 3309 371 68 Prerogative

161 3393 186 47 courts
378 3388 63 51 of
469 3388 137 50 New
636 3387 227 66 Jersey;
900 3385 274 67 Supreme
1204 3389 177 53 court,
1415 3386 178 53 Court
1623 3385 59 51 in
1712 3386 159 61 banc,
1904 3388 179 53 Court

162 3467 62 52 of
259 3466 292 64 chancery,
589 3464 273 68 Superior
897 3469 176 50 court.
1113 3463 179 54 Court
1326 3464 63 50 of
1424 3465 228 66 general
1686 3466 255 58 sessions.
161 3467 1898 145 Orphans’

395 3550 159 46 court
591 3543 111 52 and
740 3542 176 54 Court
951 3543 64 51 of
1049 3561 133 48 oyer
1219 3543 110 50 and
1366 3542 269 52 terminer
1671 3544 63 51 of
1770 3544 313 69 Delaware,

163 3625 111 51 and
301 3625 181 54 Court
504 3623 63 52 of
593 3623 231 66 appeals
851 3621 61 52 of
937 3621 327 67 Maryland,
1291 3620 138 52 with
1454 3621 107 68 key
1587 3624 236 52 number
161 3630 1895 127 annotations.

396 3721 51 33 v.
488 3704 113 48 164.
642 3699 524 68 February-April,
1205 3702 149 50 1933.
1429 3701 81 53 St.
1547 3702 164 66 Paul,
1747 3705 160 53 West
160 3705 1898 146 publishing
401 3801 97 46 co.,
528 3784 148 49 1933.

161 3870 133 45 xviii,
323 3870 112 39 1017
464 3879 42 36 p.
563 3867 58 39 26½
650 3868 44 21 cm
700 3900 8 8 .

99 3938 49 51 ©
181 3944 115 45 May
323 3939 68 47 19,
422 3939 139 44 1933;
595 3938 65 39 2c.
694 3937 124 39 June
850 3935 80 46 13;
965 3933 81 40 aff.
1077 3934 127 38 June
1235 3934 80 44 14;
1350 3933 42 38 A
1422 3933 168 48 63197;
1626 3937 135 42 West
1791 3940 107 47 pub.
1933 3951 67 30 co.
