2582 4453
1325 4167 134 51 1840

389 471 670 69 Wingfield-Stratford,
1101 476 268 53 Barbara
1414 474 311 54 Elizabeth
1757 472 391 68 (Errington)
2200 478 168 51 1892-

517 552 1886 70 … The amazing epilogue … or the further day and night
385 651 188 34 scenes
617 631 63 54 of
723 632 173 68 Jerry
940 631 347 68 Hawthorn,
1329 633 237 67 esquire,
1610 632 112 52 and
1767 632 87 53 his
1899 633 222 66 elegant
2168 630 239 68 cousins,

385 710 269 68 Thomas,
692 710 350 68 Thompson,
1080 711 262 67 Tommy,
1381 710 113 53 and
1531 711 162 65 Tom,
1728 710 59 51 in
1825 710 151 53 their
2014 710 242 53 rambles
2294 712 112 52 and

383 808 192 50 sprees
604 789 253 69 through
887 790 94 52 the
1012 788 335 68 metropolis
1378 788 64 53 of
1470 788 95 53 the
1597 788 200 54 fourth
1829 790 112 52 and
1972 787 137 54 fifth
2140 788 268 69 Georges,

385 868 198 63 Queen
619 869 278 64 Victoria,
935 868 113 52 and
1086 868 255 52 Edward
1378 867 96 52 the
1513 866 280 67 Seventh;
1832 866 327 55 illustrated
2198 869 59 52 in
2294 866 114 55 line

387 949 112 52 and
552 948 174 52 brush
779 947 75 54 by
907 947 228 52 Roland
1187 947 164 63 Pym.
1429 945 260 65 London,
1740 946 64 52 L.
1858 946 273 64 Dickson,
2183 944 223 56 limited

390 1029 174 64 [1933]

462 1099 1262 51 vii p., 1 l., 342 p. front., illus., plates. 20½cm.
457 1160 62 39 At
550 1160 124 39 head
704 1158 52 41 of
785 1158 109 40 title:
954 1158 224 39 Barbara
1209 1156 551 49 Wingfield-Stratford.

460 1217 39 38 A
530 1215 341 41 continuation
903 1215 51 41 of
987 1215 81 41 the
1099 1218 136 45 story
1269 1213 138 42 “Life
1438 1213 51 41 in
1519 1213 200 41 London;
1781 1224 68 38 or,
1881 1214 102 40 The
2017 1212 94 50 day
2143 1214 96 41 and
2272 1213 137 49 night

387 1283 167 30 scenes
578 1274 52 39 of
653 1274 145 47 Jerry
824 1273 290 39 Hawthorn,
1139 1271 141 48 esq.”,
1305 1273 62 47 by
1391 1272 167 40 Pierce
1583 1272 151 48 Egan,
1761 1271 256 48 published
2044 1271 212 46 London,
2282 1271 128 41 1821.

388 1328 2019 51 © 1c. Nov. 29. 1933: A ad int. 18403: pubd. Nov. 10: Lovat Dickson, ltd.
467 1389 223 47 (34-545)

389 1464 173 65 Wolf,
594 1464 306 65 Heinrich,
933 1467 174 50 1858-

461 1542 338 54 Geschichte
850 1543 101 53 der
997 1541 399 55 katholischen
1442 1542 324 53 staatsidee.
1852 1542 209 53 Kaiser
2110 1542 297 68 Augustus

388 1621 136 52 oder
569 1621 169 54 Jesus
788 1621 301 55 Christus?
1141 1623 129 52 Von
1320 1621 282 53 Heinrich
1649 1621 181 53 Wolf.
1911 1621 260 69 Leipzig,
2219 1621 75 52 K.
2343 1621 65 51 F.

389 1701 252 53 Koehler
674 1704 173 64 [1933]

456 1772 87 43 235
573 1785 42 38 p.
678 1773 146 41 22½cm.

387 1828 2021 52 © Sept. 28, 1933: 1c. Nov. 21: A-Foreign 22785; K. F. Koehler, g. m.
454 1891 40 37 b.
525 1890 45 40 h.
644 1890 222 46 (34-570.)

386 1962 368 69 Woodward,
786 1966 278 55 Frederic
1097 1966 318 66 Campbell,
1451 1968 173 52 1874-

461 2043 168 55 Cases
657 2062 70 34 on
757 2044 95 54 the
883 2044 108 52 law
1024 2044 63 53 of
1117 2044 160 55 sales,
1309 2044 237 54 selected
1577 2044 153 54 from
1763 2043 275 56 decisions
2068 2044 63 54 of
2163 2044 245 69 English

387 2123 2022 69 and American courts, by Frederic Campbell Woodward … 3d
387 2202 2020 70 ed., by Lawrence Vold … St. Paul, West publishing co., 1933.
459 2279 135 40 xxxi,
633 2276 27 40 988
760 2286 44 39 p.
864 2276 118 41 26cm.
1055 2277 283 49 (American
1381 2277 236 41 casebook
1661 2278 165 48 series,
1871 2278 71 41 W.
1984 2279 55 40 R.
2087 2278 172 49 Vance,
387 2288 2004 85 general
519 2334 184 48 editor)

456 2390 178 41 “Table
662 2391 53 40 of
740 2392 206 40 authors
973 2392 156 40 cited”:
1188 2402 43 38 p.
1260 2391 305 42 xxvii-xxxi.

388 2446 52 52 ©
474 2454 126 45 Sept.
631 2451 69 40 29.
732 2451 141 42 1933;
906 2452 67 39 2c.
1004 2452 97 39 and
1131 2451 81 40 aff.
1245 2453 110 38 Dec.
1386 2451 83 47 26;
1501 2453 42 38 A
1573 2452 171 47 67701;
1779 2454 134 39 West
1944 2454 109 47 pub.
2086 2464 67 28 co.

464 2508 223 48 (34-396)

385 2583 287 65 Worster,
701 2583 257 56 William
987 2586 107 63 W.,
1126 2585 174 53 1878-

454 2662 1886 71 Manual of clinical laboratory tbm William W. Worster …
388 2739 119 56 San
534 2742 254 67 Gabriel,
818 2743 176 54 Calif.,
1043 2745 120 52 The
1192 2744 224 56 author,
1447 2748 150 49 1933.

461 2813 920 52 5 p. l., 84 p. illus., diagrs. 20cm.
387 2869 52 51 ©
475 2874 113 39 Dec.
624 2875 67 39 12.
729 2873 141 41 1933:
908 2875 67 39 2c.
1012 2876 96 38 and
1144 2874 82 41 aff.
1264 2876 111 39 Dec.
1412 2875 82 40 18:
1532 2877 41 36 A
1609 2874 171 41 67589:
1818 2876 73 38 W.
1927 2876 70 38 W.
2036 2876 234 37 Worster.
2310 2876 97 40 Sail

456 2932 211 40 Gabriel.
696 2933 144 41 Calif.
915 2933 223 47 (34-315)

385 3006 376 66 Ziegenbein,
790 3009 188 56 Hans.

452 3084 109 54 Die
597 3091 134 62 gute
766 3086 232 54 Wiener
1033 3087 354 67 mehlspeise.
1423 3087 91 53 die
1550 3089 432 51 weltberühmte
2018 3088 208 53 wiener
384 3107 2021 109 süss-und
546 3163 492 68 mehlspeisküche
1084 3165 58 52 in
1193 3168 134 50 1500
1371 3165 303 55 einfachen
1720 3167 118 53 und
1886 3166 193 54 feinen
2124 3173 283 61 rezepten,

384 3242 2022 70 von küchenchef Hans Ziegenbein … [und] küchenchef Julius
383 3321 2020 150 Eckel … Mit 105 abbildungen auf 32 tafeln und 30 text-illustrationen. Wien. Leipzig, Wehle & Höfels verlag, 1932.
454 3475 816 49 352 p. illus., XXXII pl. 24cm.
385 3527 2001 110 © Oct. 17, 1932: 1c. Sept. 26: A — Foreign 22293: Wellie & Höfels Verlag. (33-38993)
387 3652 245 64 Zuman,
663 3654 237 54 Samuel
932 3655 63 55 F.

390 3728 1987 147 Speech making simplified, by Samuel F. Zuman … Rahway. N . J.
767 3809 217 69 Speech
1016 3811 148 54 book
1192 3831 282 50 company
1526 3816 175 63 [c1933]

458 3884 26 36 5
514 3894 41 36 p.
606 3915 7 7 l.,
659 3883 84 40 105
771 3895 41 37 p.
875 3884 155 50 diagr.
1092 3885 146 40 19½cm.

460 3940 164 42 “First
657 3940 230 43 edition.”

388 3995 52 51 ©
482 3999 110 40 Dec.
635 3999 68 40 21,
745 3999 141 40 1933:
930 4001 65 39 2c.
1038 4002 95 38 and
1174 4000 82 41 aff.
1299 4002 110 39 Dec.
1452 4002 81 41 26:
1577 4002 36 39 A
1658 4002 171 41 68575;
1876 4003 190 39 Samuel
2117 4004 44 37 F.
2207 4004 197 42 Zuman,

457 4056 197 45 trading
679 4069 54 27 as
762 4059 181 46 Speech
967 4058 122 39 book
1116 4071 67 27 co.,
1227 4059 233 47 Railway.
1535 4092 7 8 N.
1570 4060 43 39 J.
1685 4061 223 46 (31-241)
