2484 4405
1043 4116 134 49 1553

117 467 313 57 Académie
462 468 316 67 française,
810 467 183 55 Paris.

184 542 359 57 Grammaire
591 544 69 53 de
707 541 347 56 l’Académie
1107 541 298 65 française.
1491 539 183 55 Nouv.
1726 540 85 53 éd.
1920 541 185 66 [Paris]

114 620 436 56 Firmin-Didot
577 626 54 48 et
660 626 65 47 cie
777 623 174 65 [c1933]

185 694 63 49 xi,
277 693 99 50 263,
409 695 54 50 [1]
492 704 43 38 p.
596 693 115 41 19cm.

117 745 1994 59 © June 15, 1933; 1c. Sept. 13; A- Foreign 22070; Firmin-Didot & cie.
196 809 278 49 (33-33118)

112 905 314 54 American
453 904 369 54 foundation.
899 905 339 54 Committee
1265 923 72 35 on
1361 904 271 55 Russian-
1637 905 306 51 American
185 899 1903 142 relations.

184 1059 121 55 The
330 1059 216 55 United
574 1058 188 54 States
790 1058 110 54 and
928 1059 92 54 the
1048 1060 179 53 soviet
1254 1059 171 51 union;
1486 1077 31 33 a
1545 1060 191 67 report
1762 1075 70 33 on
1860 1056 96 54 the
113 1071 1974 136 controlling
381 1136 211 53 factors
623 1136 56 52 in
713 1137 95 53 the
842 1136 238 55 relation
1115 1137 245 53 between
1393 1137 96 53 the
1523 1134 215 56 United
1775 1134 190 55 States
1997 1136 111 52 and

112 1215 94 53 the
235 1215 175 54 soviet
439 1216 189 52 union.
695 1214 134 54 New
866 1214 176 68 York,
1071 1215 121 53 The
1223 1211 299 55 American
1555 1213 359 68 foundation,
111 1210 1972 139 Committee
333 1311 69 33 on
439 1291 572 56 Russian-American
1048 1293 285 66 relations,
1372 1294 149 50 1933.

180 1362 646 51 4 p. l., 279. [1] p. 26½cm.
183 1420 163 43 Curtis
382 1422 116 42 Bok.
534 1421 265 42 chairman.

116 1478 52 51 ©
198 1483 102 40 Oct.
328 1482 68 48 26,
427 1483 140 39 1933:
599 1483 67 38 2c.
695 1482 97 39 and
821 1481 81 40 aff.
933 1481 118 41 Nov.
1080 1482 55 46 2;
1166 1481 42 39 A
1236 1481 171 47 65934;
1439 1481 159 41 Amer.
1628 1482 307 47 foundation,
1966 1483 90 39 inc.

194 1538 280 49 (33-32196)

113 1625 328 67 Anderson,
470 1628 145 52 Paul
643 1628 251 63 Russell,
927 1628 169 53 1907-

183 1703 229 57 Science
457 1706 60 52 in
563 1703 231 56 defense
835 1705 62 54 of
942 1706 202 53 liberal
1189 1706 274 68 religion;
1510 1725 30 34 a
1583 1707 174 67 study
1801 1706 62 52 of
1907 1707 203 67 Henry

116 1782 203 55 More’s
376 1788 242 63 attempt
671 1790 58 47 to
784 1784 125 52 link
960 1784 362 53 seventeenth
1379 1789 236 63 century
1669 1784 242 68 religion
1969 1786 138 51 with

111 1860 228 67 science,
382 1861 74 67 by
502 1862 146 52 Paul
693 1862 224 52 Russell
963 1862 320 65 Anderson,
1416 1904 9 10 PH.
1510 1904 9 10 D.
1602 1863 137 52 New
1789 1863 160 53 York
1996 1864 111 52 and

109 1936 256 70 London,
392 1938 70 55 G.
489 1939 68 51 P.
583 1939 296 53 Putnam’s
906 1956 146 49 sons,
1082 1942 153 50 1933.

182 2009 85 41 232
298 2023 44 39 p.
401 2011 115 42 21cm.

182 2067 170 42 Thesis
392 2070 106 47 (PH.
561 2067 357 48 D.)—Columbia
950 2069 287 49 university,
1270 2069 125 42 1933.

182 2126 221 42 Without
438 2127 153 40 thesis
626 2129 125 38 note.

185 2182 346 51 Bibliography
547 2194 11 29 :
588 2195 44 37 p.
661 2183 218 41 215-221.

114 2237 52 51 ©
197 2242 128 48 Sept.
353 2240 69 47 29,
452 2241 140 45 1933;
622 2241 66 39 2c.
720 2241 100 40 Oct.
850 2240 26 40 6;
934 2241 83 41 aff.
1048 2241 103 40 Oct.
1181 2242 52 45 5;
1266 2242 42 41 A
1334 2242 171 46 65485;
1539 2242 53 42 G.
1623 2245 49 38 P.
1704 2244 251 41 Putnam’s
1985 2255 126 31 sons.

190 2296 279 51 (33-33090)

110 2385 237 66 Arnett,
379 2387 149 52 Alex
559 2386 311 66 Mathews,
906 2389 170 51 1888-

180 2459 1822 73 The story of North Carolina, by Alex Mathews Arnett …
112 2537 1994 80 with the collaboration of Walter Clinton Jackson … Chapel
114 2617 142 67 Hill,
281 2617 120 53 The
425 2617 334 70 University
784 2618 63 53 of
872 2617 186 55 North
1085 2619 271 57 Carolina
1382 2639 172 51 press,
1582 2625 151 52 1933.

179 2687 1088 52 X, 496 p. incl. front. (port.) illus. 20cm.
180 2747 139 47 Maps
353 2756 60 30 on
445 2746 363 48 lining-papers.

180 2803 134 41 “List
342 2802 53 42 of
422 2804 258 47 suggested
710 2802 256 50 readings”
984 2814 10 30 :
1025 2815 43 38 p.
1102 2804 250 50 [485]-488.

113 2860 51 51 ©
190 2864 118 40 Nov.
335 2864 39 48 6,
401 2863 140 45 1933;
570 2864 66 39 2c.
664 2864 96 39 and
787 2863 81 40 aff.
896 2863 118 41 Nov.
1043 2864 51 45 9;
1125 2865 42 38 A
1192 2864 170 48 67044;
1395 2866 286 50 University
1704 2870 54 39 of
1783 2871 158 40 North
179 2870 1916 93 Carolina
306 2930 147 38 press.
519 2920 279 48 (33-32902)

109 3010 243 63 Batson,
381 3007 230 64 Alfred,
645 3011 172 49 1900-

180 3085 245 55 African
458 3086 252 68 intrigue
765 3087 94 67 [by]
900 3085 214 55 Alfred
1148 3090 232 52 Batson.
1457 3091 231 56 Garden
1725 3095 152 68 City,
1912 3098 69 51 N.
2018 3099 90 66 Y.,

113 3165 230 56 Garden
371 3164 136 69 City
534 3164 334 70 publishing
895 3184 298 51 company,
1220 3167 124 69 inc.,
1374 3173 151 53 1933.

184 3237 682 51 viii p., 1 l., 307 p. 23½cm.
185 3296 137 47 Maps
352 3306 60 29 on
440 3295 362 48 lining-papers.

185 3352 102 40 The
318 3354 134 46 story
483 3351 51 41 of
567 3352 81 40 the
680 3351 279 50 expedition
992 3353 186 40 headed
1211 3354 60 48 by
1303 3353 116 42 four
1450 3358 242 40 unnamed
1725 3370 108 30 men
1866 3365 107 37 sent
2007 3363 103 42 into

117 3409 186 40 French
327 3410 135 40 West
486 3408 169 40 Africa
680 3409 61 47 by
768 3408 243 49 Germany
1038 3409 50 40 in
1114 3409 127 41 1911.

184 3465 160 42 “First
375 3464 225 42 edition.”

115 3519 51 51 ©
193 3523 116 40 Nov.
339 3524 38 45 1,
405 3522 140 45 1933;
575 3523 67 39 2c.
670 3523 96 38 and
795 3521 81 42 aff.
905 3522 117 41 Nov.
1052 3523 53 46 2;
1136 3524 45 43 A
1206 3524 169 47 65912;
1408 3526 194 42 Garden
1633 3529 74 41 City
1771 3533 109 46 pub.
1910 3545 82 31 co.,
2021 3534 78 41 inc

195 3578 278 49 (33-33047)

114 3667 207 66 Belloc,
352 3666 243 66 Hilaire,
628 3668 170 51 1870-

178 3744 276 68 William,
489 3744 95 52 the
620 3743 344 70 Conqueror,
999 3743 75 69 by
1109 3743 229 57 Hilaire
1371 3748 222 69 Belloc;
1634 3750 139 56 with
1809 3774 31 34 a
114 3753 1973 140 frontispiece.
361 3823 273 67 [London]
673 3823 65 52 P.
772 3821 227 68 Davies,
1033 3821 240 70 limited,
1307 3827 149 52 1933.

181 3894 746 52 2 p. l. , 153 p. front. 20cm.
117 3951 1981 111 © 1c. Oct. 11, 1933; A ad int. 18260; pubd. Aug. 17; D, Appleton-Century
321 4022 82 36 co.,
428 4011 105 45 inc.,
559 4010 117 38 New
699 4009 145 39 York.
914 4008 282 50 (33-32750)
