2582 4453
1319 4091 136 54 1760

381 403 288 71 Johnson,
701 409 249 55 Francis
981 407 238 68 Rarick,
1254 413 174 50 1901-

454 486 57 51 A
553 485 221 55 critical
818 484 409 71 bibliography
1269 486 63 53 of
1373 487 96 54 the
1509 487 188 53 works
1737 487 63 53 of
1842 487 275 53 Edmund
2160 486 246 69 Spenser

383 564 2021 72 printed before 1700, by Francis R. Johnson … Baltimore, The
382 644 187 53 Johns
598 643 272 70 Hopkins
901 662 175 51 press,
1109 647 151 55 1933.

454 729 1017 50 2 p. l. , iii-xiv, 61 p. facsims. 26½ cm .
454 788 283 41 Half-title:
773 790 41 38 A
845 788 302 49 publication
1181 790 51 40 of
1264 791 82 40 the
1378 792 166 39 Tudor
1575 793 96 39 and
1707 792 172 41 Stuart
1911 793 109 40 club
2053 792 51 40 of
2135 793 83 40 the
2250 793 155 40 Johns

383 846 225 49 Hopkins
639 846 290 49 university.

455 905 1948 52 “The works are arranged … in the order of the date of publication of
382 963 131 41 their
541 963 109 41 first
679 962 363 49 editions.”—p.
1075 962 101 41 xiii.

455 1021 381 42 “References”:
870 1032 44 38 p.
944 1021 104 42 xiii.

386 1094 52 53 ©
468 1100 113 39 Dec.
611 1098 39 47 9,
681 1098 142 47 1933;
855 1098 67 39 2c.
954 1097 96 40 and
1081 1097 83 40 aff.
1196 1098 110 39 Dec.
1339 1098 81 46 14;
1454 1098 41 38 A
1526 1097 172 48 68497;
1731 1098 156 41 Johns
1918 1099 225 48 Hopkins
2173 1109 152 38 press.

465 1156 284 49 (33-38177)

406 1274 309 68 [Kachline,
744 1278 195 54 Susan
970 1275 133 53 Ada]

457 1353 117 56 Old
597 1354 321 67 Nazareth;
948 1374 31 34 a
1005 1354 153 53 brief
1183 1354 198 53 sketch
1408 1354 63 54 of
1499 1354 159 68 early
1684 1354 306 54 Moravian
2018 1354 123 53 life.
385 1354 1995 147 [Bethlehem,
622 1434 121 67 Pa.,
780 1433 245 53 Printed
1062 1433 76 68 by
1175 1433 70 53 E.
1283 1433 76 53 H.
1399 1433 229 68 Lichty,
1664 1440 18 22 c
1688 1436 133 50 1933]

456 1519 776 51 50 p. incl. plates, pl. 24 cm .
458 1578 261 41 Foreword
749 1579 196 49 signed:
980 1582 157 38 Susan
1169 1580 53 39 A.
1251 1579 253 41 Kachline.

385 1647 2005 111 © Dec. 1, 1933; 2c. Dec. 6; aff. Dec. 5: A 68410; S. A. Kachline, Nazareth, Pa. (33-38420) 11525
382 1830 186 66 Kaus,
594 1831 161 51 Frau
783 1828 171 66 Gina,
986 1831 171 50 1894-

448 1905 1955 71 Dark angel, by Gina Kaus … translated from the German
379 1988 74 69 by
501 1988 164 52 Eden
713 1987 113 53 and
876 1986 186 54 Cedar
1108 1986 164 52 Paid.
1350 1985 241 53 London
1661 1988 122 66 [etc.]
1837 1985 216 55 Cassell
2099 1988 113 53 and
379 2007 2002 130 company,
580 2066 226 54 limited
842 2068 173 66 [1933]

449 2154 636 50 4 p. l. , 3-346 p. 19½ cm .
383 2225 2024 52 © 1c. Dec. 14, 1933; A ad int. 18476; pubd. Oct. 19; Macmillan co., New
450 2287 146 40 York.
672 2286 223 48 (34-221)

380 2406 276 65 Kramer,
691 2406 203 65 Stella,
931 2406 174 52 1870-

449 2482 1955 71 A path to understanding, by Stella Kramer … New York,
381 2566 152 51 1933.

451 2652 68 41 vii
549 2663 59 38 p.,
639 2652 25 39 1
731 2683 9 17 l.,
770 2650 90 41 259
888 2662 43 37 p.
991 2651 57 40 23½
1081 2652 45 22 cm
1131 2683 8 8 .

454 2711 178 40 “Deals
663 2709 122 40 with
816 2709 82 40 the
930 2708 191 48 subject
1153 2708 51 40 of
1234 2707 261 41 education
1524 2708 50 39 in
1605 2708 66 40 its
1701 2707 173 49 higher
1906 2718 174 38 ranges
2112 2708 97 40 and
2239 2708 49 40 in
2321 2709 81 40 the

379 2770 208 41 interest
618 2768 51 40 of
701 2768 200 39 student
934 2765 629 49 understanding.”—Pref.

383 2836 2021 53 © Nov. 11, 1933; 2c. Dec. 1 ; aff. Nov. 28; A 67332; S. Kramer, New
454 2899 144 40 York.
671 2896 283 51 (33-38170)

380 3018 185 64 Kroll,
599 3015 294 65 Wilhelm,
931 3017 174 50 1869-

453 3096 111 52 Die
622 3095 202 51 kultur
882 3094 101 52 der
1041 3093 418 54 ciceronischen
1518 3093 128 67 zeit,
1706 3113 111 34 von
1877 3093 275 56 Wilhelm
2211 3094 188 53 Kroll.

409 3218 10 24 I,
501 3217 8 9 II.
587 3175 259 67 Leipzig,
877 3173 313 67 Dieteridi,
1225 3175 151 51 1933.

456 3253 1947 49 2 v. 22 cm . (Added t.-p.: Das erbe der alten … 2. reihe … hft, XXII,
519 3313 12 46 XXIII)

404 3376 1999 54 I, © Apr. 10, 1933; 1c. June 19; ii, © Oct. 20; 1c. Dec. 14; A-Foreign
450 3440 159 47 21319,
642 3439 144 41 22942
806 3449 7 36 ;
850 3437 383 41 Dieterich’sclie
1265 3439 590 47 verlagsbuchhandlung.

459 3497 282 50 (33-16965)

382 3612 366 65 Krusekopf,
775 3615 138 51 Mrs.
942 3612 212 63 Nancy
1182 3611 216 56 Smith.

513 3689 1882 70 … Talks with young parents. St. Louis, Chicago, Eden
379 3768 338 70 publishing
747 3771 189 64 house,
969 3774 149 49 1933.

456 3843 26 40 6
510 3855 41 36 p.
581 3843 159 45 1,123
770 3854 41 37 p.
873 3843 56 40 20
933 3846 43 21 cm
982 3875 7 8 .

455 3902 62 38 At
546 3901 125 39 head
700 3900 50 39 of
778 3901 136 40 title:
945 3901 168 47 Nancy
1144 3900 158 41 Smith
1332 3900 298 48 Krusekopf.

383 3968 51 53 ©
466 3974 111 40 Dec.
606 3975 38 43 1,
675 3973 141 46 1933;
847 3973 65 40 2c.
943 3974 95 38 and
1068 3973 82 40 aff.
1181 3974 111 38 Dec.
1323 3976 51 43 8;
1409 3973 37 38 A
1476 3972 172 48 67420;
1682 3974 133 38 Eden
1845 3973 109 48 pub.
1985 3974 162 38 house.

464 4031 282 48 (33-38021)
