2575 4405
1062 4086 103 51 233

108 456 317 64 Michigan.
499 448 369 66 University.

177 533 122 52 The
342 528 336 68 University
721 528 63 53 of
828 526 316 67 Michigan,
1189 545 30 33 a
1267 522 365 69 description.
1715 522 136 52 Ann
1894 519 210 67 Arbor,

111 608 330 68 University
470 608 62 52 of
559 604 298 69 Michigan
885 622 174 49 press,
1089 606 150 49 1933.

180 680 57 42 38
263 694 43 38 p.
333 679 111 42 incl.
471 680 164 47 front.,
663 678 127 40 illus.
851 676 170 49 plates,
1050 684 151 39 maps.
1261 671 56 43 23½
1350 675 44 22 cm
1398 705 9 9 .

112 737 53 52 ©
194 740 109 40 Feb.
331 739 68 47 15,
427 736 115 41 1933
558 747 11 36 ;
597 737 69 40 2c.
693 736 100 39 and
818 732 83 41 aff.
929 734 111 38 Feb.
1067 732 84 46 23;
1181 732 41 38 A
1249 729 172 50 59621;
1452 728 284 50 University
1765 729 52 40 of
1846 726 261 51 Michigan.

191 794 249 51 (33-5581)

107 884 355 66 Mississippi
519 883 112 53 and
687 879 286 56 Southern
1028 879 203 69 digest.
1307 879 133 50 1932
1495 875 347 55 cumulative
1894 875 211 54 annual

177 963 202 70 pocket
407 968 133 63 part
569 961 94 53 for
690 961 109 52 vol.
830 963 80 49 30.
952 958 177 54 Table
1157 956 63 55 of
1250 973 150 38 cases
1430 955 258 69 digested
1718 955 113 54 and
1860 954 155 54 table
2042 953 65 55 of

176 1033 1926 74 statutes construed … St. Paul, West publishing co. [ c 1933]
178 1120 55 38 31
263 1129 42 36 p.
362 1117 57 39 25
420 1117 43 21 cm
470 1148 8 8 .

180 1172 295 43 Cover-title.

182 1228 119 43 This
323 1228 249 49 pamphlet
593 1227 43 40 is
660 1230 49 37 to
733 1226 58 40 he
814 1224 138 41 fitted
975 1223 104 41 into
1103 1223 84 41 the
1211 1222 172 50 pocket
1406 1225 53 37 at
1482 1222 83 40 the
1589 1221 123 41 back
1737 1220 52 42 of
1814 1220 83 41 the
1920 1221 195 41 volume

113 1288 51 39 of
190 1288 82 40 the
297 1288 73 39 set
397 1289 49 37 to
473 1283 158 41 which
657 1284 38 40 it
722 1281 212 49 belongs.

116 1333 1882 59 © Jan. 31, 1933; 2c. Feb. 13; aff. Feb. 15; A 60287; West pub. co.
107 1481 259 55 Munich.
440 1479 362 55 Technische
847 1475 375 55 hochschule.
1295 1475 456 68 Hydraulisches
1791 1475 249 53 Institut.

181 1558 405 70 Mitteilungen
631 1558 96 54 des
769 1555 466 70 Hydraulischen
1301 1554 236 53 instituts
1580 1554 100 52 der
1724 1552 387 55 Technischen

110 1638 336 56 hochschule
494 1636 303 55 München.
874 1632 478 71 Herausgegeben
1397 1651 130 35 vom
1572 1631 538 56 institutsvorstand

111 1711 2001 74 D. Thoma … hft. 5 … München und Berlin, R. Oldenbourg,
114 1800 152 53 1932.

185 1862 1123 58 3 p l., 67 p. illus., tables, diagrs. 28 ½ cm .
119 1920 1995 57 © Nov. 3, 1932; 1c. Feb. 23, 1933; A —F'oreign 19905; R. Oldenbourg.
116 2065 279 55 National
431 2065 226 64 society
692 2065 63 52 of
789 2064 104 53 the
927 2062 244 55 colonial
1205 2062 206 54 dames
1443 2062 65 53 of
1542 2061 295 56 America.
1911 2062 202 54 Rhode

182 2145 219 54 Island.

188 2222 113 55 Old
337 2221 199 54 houses
571 2222 60 53 in
666 2221 98 53 the
796 2220 168 53 south
1001 2223 210 64 county
1245 2217 65 54 of
1346 2218 202 53 Rhode
1581 2216 219 72 Island,
1835 2217 284 69 compiled

116 2300 74 70 by
224 2301 96 56 the
356 2300 273 54 National
664 2297 212 71 society
912 2298 64 54 of
1010 2298 97 54 the
1142 2296 245 57 colonial
1421 2298 192 54 dames
1649 2297 59 54 in
1743 2296 98 56 the
1873 2297 147 55 state
2053 2293 66 55 of

115 2377 1636 73 Rhode Island and Providence plantations … pt. 1.
116 2377 1974 149 Providence,
334 2458 241 53 Printed
606 2457 94 53 for
728 2457 98 54 the
857 2457 227 69 Society
1120 2456 253 69 [Boston,
1402 2459 73 52 D.
1506 2459 66 51 B.
1603 2455 252 71 Updike]
1893 2460 152 51 1932.

190 2533 63 46 ix,
285 2532 70 51 [5],
384 2531 116 41 3-68
526 2542 43 37 p.
624 2531 130 40 illus.
782 2530 135 50 (incl.
945 2531 139 48 plan)
1120 2541 126 38 map.
1302 2529 60 43 27½c
1407 2533 28 21 m
1441 2563 8 8 .

190 2589 140 48 Maps
357 2599 62 29 on
444 2586 363 50 lining-papers.

122 2642 53 52 ©
207 2647 112 41 Dec.
348 2643 71 49 24,
448 2645 119 41 1932
580 2657 10 35 ;
622 2646 70 40 2c.
721 2646 98 40 and
850 2644 81 40 aff.
965 2645 111 41 Feb.
1107 2645 68 47 17,
1208 2643 143 49 1933;
1384 2644 40 39 A
1456 2643 173 49 59542;
1662 2644 131 42 Natl.
1826 2656 95 30 soc.
1953 2646 53 40 of
2038 2647 82 41 the

190 2701 207 42 colonial
428 2703 168 41 dames
623 2702 51 39 in
706 2702 80 41 the
819 2703 131 39 state
978 2701 52 41 of
1060 2701 169 41 Rhode
1261 2701 182 50 Island,
1476 2700 310 51 Providence,
1820 2702 56 40 R.
1911 2704 35 39 I.

200 2758 250 52 (33-5291)

117 2849 144 53 New
294 2851 161 52 York
490 2849 376 68 supplement.
944 2847 168 55 Cases
1148 2848 214 69 argued
1396 2849 112 52 and
1543 2848 351 55 determined
1928 2849 60 53 in
2022 2850 97 52 the

191 2925 179 56 Court
408 2927 64 53 of
512 2928 251 69 appeals,
805 2926 276 70 Supreme
1121 2927 112 52 and
1274 2929 171 52 lower
1486 2934 188 48 courts
1713 2927 63 54 of
1816 2929 197 53 record
2054 2927 65 55 of

188 3008 137 51 New
378 3007 162 52 York
590 3012 162 62 state,
803 3007 139 53 with
994 3006 107 69 key
1151 3008 238 52 number
1440 3007 364 55 annotations.
1894 3027 51 33 v.
1998 3012 120 50 259.

190 3082 618 73 October-November,
858 3088 151 50 1932.
1088 3086 82 55 St.
1219 3086 166 70 Paul,
1430 3088 161 54 West
1636 3085 336 73 publishing
2020 3106 99 49 co.,

192 3167 152 52 1933.

194 3239 95 48 xvi,
318 3238 126 49 1023,
477 3238 100 49 [16],
605 3238 59 40 35
690 3249 29 37 p
793 3237 146 43 23½cm.

127 3291 51 52 ©
211 3296 109 41 Jan.
349 3294 68 48 27,
450 3294 140 48 1933;
622 3294 68 42 2c.
723 3293 112 43 Feb.
866 3295 82 47 13;
982 3293 83 42 aff.
1097 3294 110 40 Feb.
1238 3294 83 49 15;
1355 3295 41 40 A
1427 3294 170 48 59519;
1632 3295 134 41 West
1799 3296 108 48 pub,
1940 3308 66 29 co.

120 3439 194 53 North
349 3447 220 46 eastern
601 3442 274 67 reporter.
951 3440 169 55 Cases
1153 3441 214 69 argued
1402 3441 111 52 and
1547 3441 351 55 determined
1930 3442 61 53 in
2022 3441 97 53 the

194 3515 273 71 Supreme
510 3523 188 49 courts
741 3519 63 52 of
849 3518 168 68 Ohio,
1060 3518 244 70 Illinois,
1348 3520 267 68 Indiana,
1657 3520 461 70 Massachusetts,

190 3594 309 71 Appellate
533 3603 162 46 court
726 3598 64 51 of
824 3598 268 69 Indiana,
1124 3598 114 53 and
1273 3597 208 57 Courts
1515 3599 65 52 of
1614 3599 234 69 appeals
1882 3599 65 53 of
1979 3601 139 52 New

194 3674 160 53 York
381 3676 112 52 and
522 3676 168 66 Ohio,
716 3677 142 52 with
884 3678 107 65 key
1018 3678 237 51 number
1284 3678 379 54 annotations,
1739 3696 51 37 v.
1822 3682 114 50 182.
193 3680 1899 144 September-November,

837 3757 149 50 1932.
1064 3755 83 55 St.
1202 3756 165 69 Paul,
1419 3758 160 52 West
1632 3757 335 72 publishing
2020 3778 99 48 co.,

193 3834 149 52 1933.

193 3905 98 48 xix,
319 3903 86 42 999
431 3915 43 39 p.
531 3905 59 41 26
589 3908 45 21 cm
639 3939 8 8 .

128 3957 51 52 ©
207 3962 110 41 Jan.
344 3960 68 49 19,
439 3961 113 41 1933
570 3973 9 36 ;
609 3963 67 40 2c.
704 3962 110 43 Feb.
842 3964 82 46 13;
954 3963 82 41 aff.
1066 3963 109 41 Feb.
1203 3965 83 47 15;
1316 3965 39 39 A
1384 3964 170 49 59520;
1585 3967 133 39 West
1747 3967 109 47 pub.
1885 3977 66 30 co.
