2484 4405
1049 4093 129 49 1611

116 456 301 64 Marshall,
448 458 156 51 Leon
637 456 240 64 Carroll,
912 456 170 53 1879-

187 534 121 49 The
351 534 224 53 divorce
619 539 159 47 court.
870 550 50 35 v.
965 536 47 49 2.
1094 534 167 55 Ohio.
1346 536 126 65 [By]
1520 537 154 52 Leon
1720 539 61 53 C.
1825 539 280 51 Marshall

122 611 148 66 [and]
322 608 266 69 Geoffrey
631 612 156 66 May,
831 611 138 52 with
1014 612 96 51 the
1154 612 303 53 statistical
1503 615 303 52 assistance
1850 616 62 52 of
1959 618 147 50 Elva

116 690 63 53 L.
205 690 313 66 Marquard
547 689 111 51 and
685 689 157 52 Ruth
868 688 281 54 Reticker.
1225 690 332 67 Baltimore,
1586 693 120 51 The
1732 693 185 55 Johns
114 696 1966 123 Hopkins
269 785 173 49 press,
471 769 149 51 1933.

183 839 88 40 440
296 851 40 37 p.
395 849 123 39 map,
549 840 192 47 diagrs.,
770 840 153 40 forms
953 839 47 48 (1
1029 840 144 48 fold.)
1239 842 145 42 23½cm.

117 893 51 51 ©
197 899 115 37 Nov.
342 898 68 46 21,
438 896 140 47 1933;
608 897 67 40 2c.
705 899 95 38 and
829 897 81 41 aff.
939 898 117 40 Nov.
1085 898 83 42 27;
1199 899 43 38 A
1269 899 169 47 68331;
1471 901 152 39 Johns
1654 900 221 48 Hopkins
1905 909 148 40 press.

115 984 244 64 Merian,
394 984 362 64 Matthaeus,
793 987 324 50 1593-1650.

186 1061 275 52 Matthew
488 1061 270 53 Merian’s
784 1062 325 52 illustrated
1138 1061 182 68 Bible,
1346 1061 189 53 edited
1563 1062 112 51 and
1704 1061 308 52 annotated
2033 1061 75 67 by

114 1139 259 54 William
405 1141 162 65 Lyon
600 1141 228 66 Phelps.
897 1141 120 52 The
1049 1140 346 67 engravings
1430 1140 110 51 and
1573 1157 182 34 verses
1790 1157 92 34 are
117 1157 1966 112 reproduced
322 1216 152 52 from

499 1218 94 51 the
623 1221 132 47 1650
781 1218 215 52 edition
1022 1218 63 52 of
1110 1219 95 51 the
1233 1218 177 67 Bybel
1438 1218 247 67 printen.
1762 1217 139 53 New
1929 1216 179 68 York,

115 1296 87 52 W.
229 1297 250 50 Morrow
504 1300 44 49 &
573 1313 296 49 company,
899 1299 149 48 1933.

184 1354 768 62 6 p. l., 3-200 p. illus. 26 cm .
119 1421 51 52 ©
204 1427 116 38 Nov.
355 1426 37 41 8.
428 1425 138 42 1933:
603 1426 42 39 2c.
704 1427 95 38 and
833 1426 79 40 aff.
950 1426 117 40 Nov.
1103 1425 81 43 10;
1221 1426 39 38 A
1295 1424 142 42 66982;
1502 1424 214 41 William
1754 1424 132 48 Lyon
1922 1424 189 49 Phelps,

184 1483 116 39 New
332 1484 183 39 Haven.
588 1483 278 48 (33-34129)

114 1571 238 62 Meyers
383 1570 735 56 konversations-lexikon.

186 1648 221 67 Meyers
447 1648 244 53 lexikon.
768 1649 46 52 7.
856 1647 127 55 aufl.
1023 1650 58 50 in
1122 1648 351 69 vollständig
1510 1668 172 32 neuer
1719 1648 390 68 bearbeitung,

115 1726 105 53 mit
259 1733 141 46 etwa
440 1727 135 52 7900
613 1726 510 68 textabbildungen
1163 1727 116 51 und
1318 1727 137 52 über
1495 1726 133 53 1570
1664 1726 204 67 tafeln,
1905 1727 200 51 karten

116 1806 116 51 und
269 1804 430 68 textbeilagen/
745 1810 79 47 15.
864 1805 90 51 bd.
1030 1804 433 67 Laichzeit-ZZ,
1500 1808 417 64 ergänzungen.
115 1805 1969 144 Anhang:

354 1883 310 52 Deutsches
720 1881 302 54 reiche-clie
1078 1882 290 53 nationale
1423 1883 338 52 revolution.
1853 1882 257 68 Leipzig,

117 1960 562 68 Bibliographisches
713 1961 246 66 institut,
995 1964 150 48 1933.

187 2034 1926 49 2 p. l., 1440 numb. col. illus., plates (part col., part fold.) maps (part
115 2091 142 44 fold.)
294 2091 178 47 diagrs.
531 2093 55 38 25
590 2094 44 20 cm
640 2125 7 7 .

117 2143 51 52 ©
210 2149 119 46 Aug.
371 2149 68 45 31,
483 2148 112 40 1933:
668 2149 65 39 1c.
776 2149 116 39 Nov.
937 2148 82 45 21;
1065 2147 311 48 A-Foreign
1420 2147 169 47 212821;
1637 2147 476 47 Bibliographisches

186 2204 210 47 institut,
421 2215 42 29 a.
488 2216 39 36 g.

116 2292 207 67 Miller,
357 2294 242 65 Evelyn,
634 2297 170 50 1896-

188 2371 235 55 Factors
468 2370 391 70 contributing
900 2378 58 47 to
1002 2373 95 51 the
1143 2371 337 68 acquisition
1523 2372 63 52 of
1629 2372 377 52 information
2049 2373 60 51 in

120 2450 212 51 certain
375 2447 187 68 fields;
607 2470 28 32 a
677 2450 171 66 study
890 2450 62 52 of
991 2449 215 55 certain
1249 2449 214 53 factors
1502 2450 63 51 in
1604 2450 98 52 the
1739 2449 370 69 background

118 2527 63 51 of
217 2547 103 34 one
354 2528 260 52 hundred
652 2546 215 35 women
904 2529 258 51 students
1198 2527 237 68 making
1469 2534 246 46 extreme
1751 2547 183 35 scores
1970 2546 70 34 on
2079 2547 28 32 a

119 2611 109 48 test
267 2607 62 51 of
368 2605 228 68 science,
638 2606 226 69 foreign
903 2607 315 66 literature,
1258 2605 112 53 fine
1408 2613 135 62 arts,
1584 2607 113 52 and
1734 2608 223 67 history
1997 2608 112 51 and

120 2684 94 52 the
245 2683 171 55 social
451 2685 230 67 studies,
713 2685 74 65 by
821 2686 221 66 Evelyn
1076 2686 216 51 Mille
1320 2702 99 37 ph.
1452 2704 48 33 d.
1571 2685 137 53 New
1743 2685 179 60 York,
1959 2688 149 50 1932.

184 2758 99 47 viii,
316 2758 84 40 134
431 2770 43 36 p.
533 2759 55 39 23
590 2761 46 20 cm
641 2790 8 8 .

188 2814 169 40 Issued
384 2816 102 38 also
513 2825 54 29 as
595 2814 151 41 thesis
784 2815 105 47 (PH.
949 2815 33 46 D.)
1021 2814 251 40 Columbia
1302 2814 285 48 university.

187 2871 347 48 Bibliography:
593 2883 41 35 p.
668 2871 214 40 129-134.

121 2924 51 51 ©
208 2929 112 45 May
356 2928 68 41 20.
461 2928 138 46 1932;
638 2928 66 40 2c.
741 2928 128 39 June
901 2929 68 46 17,
1006 2926 141 47 1933;
1186 2927 80 40 aff.
1305 2927 101 40 Oct.
1443 2927 81 47 10;
1563 2927 41 39 A
1640 2927 168 47 68397;
1849 2929 53 39 E.
1939 2928 174 46 Miller,

188 2984 270 46 Meadville,
492 2985 79 38 Pa.
645 2983 278 49 (33-25668)

118 3072 297 54 Missouri.
490 3075 181 55 Laws,
701 3079 255 62 statutes,
987 3080 99 47 etc.

189 3149 266 55 Missouri
483 3156 257 62 statutes,
765 3151 323 53 annotated.
1152 3154 347 51 Permanent
1522 3151 85 53 ed.
1670 3150 262 69 October,
1960 3152 151 66 1933,

120 3228 1990 70 cumulative pamphlet, annotations construing the laws … St.
121 3307 163 58 Paul,
315 3309 160 51 West
503 3307 334 68 publishing
867 3326 108 48 co.;
1008 3309 226 51 Kansas
1268 3309 152 67 City,
1450 3310 236 52 Vernon
1714 3310 110 50 law
1853 3307 146 53 book
2032 3325 78 35 co.

126 3418 12 33 [
143 3391 18 21 c
166 3387 151 64 1933]

189 3459 56 39 76
275 3469 41 37 p,
377 3459 54 39 23½
465 3461 43 21 cm
513 3489 8 8 .

123 3510 51 51 ©
207 3515 101 40 Oct.
341 3515 67 46 27,
441 3515 140 41 1933;
615 3515 66 39 2c.
714 3515 117 39 Nov.
865 3516 80 45 17;
981 3514 81 40 aff.
1095 3515 118 39 Nov.
1248 3514 81 46 18;
1363 3515 40 38 A
1436 3514 168 46 68173;
1640 3515 193 38 Vernon
1865 3515 96 38 law
1994 3515 122 39 book

190 3581 64 30 co.
285 3573 95 37 and
408 3572 134 39 West
571 3572 106 47 pub.
708 3583 66 29 co.

120 3662 362 62 Monomack,
516 3661 171 53 Boris
720 3662 70 54 V.

188 3737 233 54 Human
453 3738 176 67 chips,
659 3737 75 67 by
766 3737 165 54 Boris
961 3737 68 52 V.
1063 3736 366 67 Monomack;
1464 3756 30 33 a
1528 3737 194 54 drama
1760 3735 62 54 of
1851 3737 95 53 the
1977 3737 135 54 time

121 3814 61 52 of
210 3815 93 54 the
329 3821 161 61 great
516 3814 244 55 Russian
788 3814 132 53 civil
951 3834 118 35 war
1097 3814 59 53 in
1184 3815 94 53 the
1305 3814 244 53 Russian
1578 3815 115 52 Far

1720 3815 156 53 East.
122 3815 1967 130 Illustrations
400 3892 73 67 by
516 3890 226 55 Kermit
783 3891 311 54 Anderson.
1172 3892 111 52 Los
1327 3892 262 68 Angeles,
1634 3892 116 54 San
1792 3894 319 53 Francisco.

121 3966 550 56 Overland-outwest
698 3967 395 70 publications,
1124 3972 149 50 1933.
