2582 4453
1293 4119 135 50 1020

349 436 269 68 Phillips,
646 439 237 53 Arthur
909 438 276 66 Edward,
1215 439 329 56 1867-1932.

427 516 159 55 John
622 522 61 49 to
721 516 151 55 Kate
912 536 72 35 on
1024 518 97 53 the
1160 517 105 54 life
1308 517 387 69 magnificent,
1733 518 76 67 by
1849 517 228 54 Arthur
2116 519 257 54 Edward

356 595 1672 69 Phillips … Chicago, The Newton company, 1933.
428 681 983 52 3 p. l., 135 p. front, (port.) 20½ cm .
356 753 52 52 ©
447 758 129 39 June
611 758 40 46 5,
690 757 141 47 1933;
871 757 68 40 2c.
978 757 128 39 June
1143 756 55 39 16;
1266 767 83 29 aff.
1387 757 128 40 June
1553 756 82 48 19;
1676 757 41 39 A
1756 757 171 48 63452;
1969 757 152 40 Abbie
2160 757 215 40 Birdsall

425 814 222 49 Phillips,
681 814 279 48 Winnetka,
997 815 74 39 Ill.
1144 813 284 50 (33-18084)

350 920 229 65 Potter,
606 921 232 65 Jeffery
865 922 269 54 Watson.

425 997 333 70 Columbus,
799 998 299 69 discovery
1140 999 114 53 and
1295 1001 324 52 settlement
1661 1000 64 53 of
1768 1001 96 51 the
1907 1006 240 47 western
2190 1001 181 53 world

357 1077 71 68 by
454 1077 359 68 Europeans,
842 1096 32 34 a
900 1077 295 54 narrative
1221 1096 167 50 poem
1417 1079 75 66 by
1519 1077 223 68 Jeffery
1768 1080 92 54 W.
1888 1079 218 53 Potter.

353 1079 1994 145 Providence,
572 1156 71 53 R.
668 1157 68 66 I.,
763 1155 174 56 Snow
963 1159 46 50 &
1035 1156 297 53 Farnham
1360 1175 98 46 co.,
1486 1160 154 50 1933.

428 1243 87 42 179
546 1254 45 39 p.
651 1242 153 43 front,
833 1243 173 51 (port.)
1076 1242 57 40 22½
1165 1246 45 22 cm
1214 1277 10 9 .

429 1317 293 42 Illustrated
751 1320 99 46 t.-p.

359 1387 52 52 ©
442 1392 128 39 June
598 1390 69 47 20,
698 1389 114 41 1933;
871 1390 67 39 2c.
970 1390 95 39 and
1097 1388 81 40 aff.
1210 1389 117 48 July
1358 1389 82 47 19;
1473 1389 40 39 A
1543 1389 172 47 64389;
1748 1391 70 39 W.
1851 1391 169 47 Henry
2051 1391 165 47 Perry,
426 1400 1937 88 executor

570 1448 52 40 of
655 1449 82 39 the
769 1447 101 40 will
904 1447 51 40 of
987 1446 187 48 Jeffery
1207 1447 72 40 W.
1314 1447 183 46 Potter,
1532 1447 283 48 Wakefield,
1851 1448 55 40 R.
1943 1449 37 39 I.

435 1505 284 50 (33-18381)

353 1608 186 64 Price,
568 1609 228 57 Walter
826 1608 294 62 Winston,
1153 1615 173 50 1866-

426 1691 107 54 We
572 1691 144 51 have
757 1689 301 53 recovered
1098 1688 229 54 before!
1407 1688 57 53 A
1505 1689 361 67 comparison
1907 1689 66 53 of
2013 1691 99 51 the
2152 1694 228 64 present

357 1767 330 68 depression
733 1768 141 52 with
919 1767 100 53 the
1060 1766 187 68 major
1293 1767 360 67 depressions
1696 1766 66 54 of
1788 1767 113 63 the
1948 1773 129 62 past
2123 1773 257 63 century,

359 1845 684 67 1837-1857-1873-1893,
1085 1845 77 68 by
1204 1844 226 55 Walter
1470 1845 93 55 W.
1607 1844 184 54 Price.
1870 1846 140 53 New
2055 1844 165 54 York
2263 1847 112 52 and

356 1924 259 66 London,
646 1924 238 67 Harper
914 1925 45 50 &
990 1920 281 70 brothers,
1306 1926 153 51 1933.

426 2010 981 50 xi p., 1 l., 102 p. fold, diagr. 21 cm .
425 2083 165 42 “First
619 2081 229 43 edition.”

358 2153 52 52 ©
445 2158 127 39 June
603 2156 40 47 1,
678 2155 141 47 1933;
856 2155 67 40 2c.
959 2155 127 39 June
1120 2155 53 47 2;
1211 2154 82 41 aff.
1329 2156 127 39 June
1491 2156 81 45 14;
1609 2155 41 39 A
1685 2155 143 40 64053;
1896 2157 193 48 Harper
2125 2157 36 40 &
2195 2158 125 38 bros.

436 2213 284 51 (33-18250)

350 2314 226 56 Punch.
651 2337 53 35 V.
733 2321 117 63 184,
875 2336 90 34 no.
991 2316 157 68 4798,
1173 2317 154 53 June
1355 2320 82 61 14,
1467 2320 151 50 1933.

358 2389 2017 52 © 1c. Aug. 11, 1933; A ad int. 18093; pubd. June 14; Herbert Heather,
429 2452 214 41 London.

351 2554 293 64 Raschen,
673 2555 156 54 John
857 2553 320 55 Frederick
1207 2554 199 65 Louis,
1437 2556 173 55 1875-
1823 2556 86 52 ed.

429 2633 55 52 A
523 2632 251 55 German
811 2631 214 55 science
1063 2632 218 69 reader,
1318 2631 189 53 edited
1547 2632 73 68 by
1656 2631 58 58 J.
1753 2632 64 52 F.
1857 2632 63 51 L.
1961 2631 258 54 Raschen
2259 2633 107 52 and

360 2709 1754 70 Erie Fairfield … New York, Prentice-Hall, inc., 1933.
428 2797 871 49 viii p., 1 l., 287 p. illus. 19 cm .
429 2869 136 41 “List
590 2870 52 39 of
667 2868 249 41 reference
942 2869 161 41 works
1129 2870 97 39 and
1251 2868 345 42 dictionaries”:
1653 2880 44 37 p.
1724 2870 98 40 287.

361 2941 52 52 ©
445 2947 113 46 May
586 2946 71 45 22,
687 2945 142 47 1933;
861 2945 68 40 2c.
960 2945 117 47 July
1108 2945 81 45 11;
1222 2944 82 40 aff.
1336 2945 119 47 July
1484 2945 81 47 12;
1599 2945 40 39 A
1670 2944 171 48 64310;
1876 2944 377 49 Prentice-Hall,
2285 2946 90 40 inc.

431 2999 68 55 [©
539 3003 260 46 foreword,
841 3002 347 46 introduction,
1230 3003 152 43 notes,
1425 3002 84 40 list
1550 3002 53 40 of
1643 3002 378 47 abbreviations,
2063 3002 311 47 vocabulary,

427 3061 251 40 reference
709 3061 161 39 works
903 3061 95 38 and
1032 3059 333 49 dictionaries]
1438 3059 283 49 (33-18398)

353 3164 214 62 Rathé,
599 3164 155 56 Carl.

426 3244 341 66 Zerspanen,
812 3258 111 36 von
969 3241 138 55 Carl
1150 3241 203 53 Rathé.
1433 3240 208 54 Zürich
1690 3245 138 64 [etc.]
1877 3241 252 55 Rascher
2170 3245 47 50 &
2257 3242 118 67 cie.,

357 3340 149 51 a.-g.,
539 3324 153 50 1933.

427 3408 1035 50 2 p; l., 57 p. incl. tables, diagrs. 24 cm .
362 3454 2012 77 © Jan. 21, 1933; 1c. Mar. 25; A-Foreign 20372; Rascher & cie., a.-g.
441 3540 281 49 (33-17959)

355 3643 284 64 Regional
675 3644 134 64 plan
846 3644 380 65 association,
1261 3644 131 65 inc.,
1425 3645 142 53 New
1604 3644 179 54 York.

434 3721 53 52 A
528 3727 196 63 report
761 3721 64 52 of
865 3721 135 56 four
1039 3721 181 70 years’
1260 3738 265 52 progress
1564 3739 71 35 on
1675 3721 96 55 the
1811 3719 256 70 regional
365 3719 1978 135 development

545 3800 63 52 of
635 3800 136 53 New
802 3799 161 54 York
988 3800 110 53 and
1126 3800 76 54 its
1225 3801 281 65 environs,
1534 3798 139 54 with
1703 3819 31 34 a
1762 3817 269 51 program
2058 3799 63 52 of
2146 3804 227 63 present

363 3878 167 54 needs
563 3878 111 53 and
710 3878 448 70 opportunities;
1195 3878 151 53 from
1383 3878 131 67 plan
1552 3884 58 47 to
1645 3877 223 70 reality,
1901 3878 74 67 by
2008 3878 96 53 the
2137 3875 136 56 staff
2307 3876 63 53 of

362 3956 93 53 the
481 3956 278 68 Regional
780 3956 137 68 plan
940 3955 355 55 association.
1353 3955 137 55 New
1516 3955 178 68 York,
1719 3955 70 55 N.
1816 3956 88 65 Y.,
1929 3955 279 69 Regional
2233 3956 133 67 plan

365 4032 728 71 association, inc. [ c 1933]
