2597 4403
1351 4064 105 52 244

394 389 87 54 De
512 388 304 66 Nervaud,
845 387 210 57 Marie.

469 464 259 69 Scarum,
769 466 77 67 by
886 465 186 55 Marie
1115 466 67 53 de
1226 465 293 55 Nervaud.
1595 466 141 54 New
1780 465 182 66 York,
2004 465 247 55 Duffield
2296 465 111 55 and

394 542 421 71 Green [ c 1933]
468 629 465 51 vi, 317 p. 19 ½cm .
472 686 292 43 Illustrated
789 688 100 49 t.-p.
914 697 62 32 on
1001 687 28 40 2
1057 686 177 43 leaves.

400 756 53 53 ©
490 762 121 39 Mar.
648 760 41 48 2,
725 759 114 42 1933
857 770 10 37 ;
904 759 68 42 2c.
1009 761 124 40 Mar.
1170 760 53 47 6;
1262 760 82 40 aff.
1382 761 121 39 Mar.
1543 762 52 46 7;
1635 762 41 39 A
1711 760 172 48 60489;
1922 761 210 41 Duffield
2169 762 36 41 &
2243 762 170 41 Green.

478 817 253 50 (33-5768)

392 918 306 69 Donohue,
729 922 157 54 John
916 920 267 67 Francis,
1216 920 173 56 1897-

527 1000 1884 71 … The impediment of crime; an historical synopsis and
395 1080 2019 71 commentary … by John F. Donohue … Washington, D. C.,
393 1161 122 54 The
548 1160 264 55 Catholic
841 1158 323 71 university
1192 1160 64 53 of
1283 1160 289 69 America,
1603 1163 153 51 1931.

469 1235 102 48 viii,
604 1235 88 40 110
722 1246 43 38 p.
825 1234 56 41 23
885 1236 45 21 cm
935 1266 9 9 .
1015 1235 124 48 (The
1172 1234 225 42 Catholic
1429 1234 273 49 university
1735 1236 54 41 of
1820 1234 239 42 America.
2122 1235 166 42 Canon
2321 1239 97 40 law

396 1293 203 42 studies,
658 1304 77 31 no.
765 1291 82 50 69)

470 1350 177 40 Thesis
684 1350 63 49 (J.
810 1382 8 9 C.
880 1348 334 48 D.)—Catholic
1240 1348 275 50 university
1546 1350 53 40 of
1627 1348 239 51 America,
1897 1350 130 41 1931.

468 1407 128 42 Vita.

469 1464 379 50 Bibliography:
883 1476 42 38 p.
959 1462 159 44 95-98.

403 1533 52 52 ©
483 1536 128 40 June
636 1535 41 48 9,
705 1535 142 47 1931;
877 1536 68 41 2c.
973 1536 118 47 May
1115 1536 70 46 17,
1213 1535 142 47 1932;
1387 1534 82 41 aff.
1499 1536 122 38 Mar.
1651 1536 69 47 17,
1749 1534 113 42 1933
1882 1546 9 37 ;
1921 1537 44 38 A
1990 1535 173 48 59951;
2196 1536 225 41 Catholic

470 1592 132 42 univ.
633 1594 54 40 of
715 1591 241 42 America.
1027 1592 285 49 (31-34135)

394 1697 242 67 Dooley,
667 1700 245 63 Eugene
945 1696 301 67 Aloysius,
1281 1702 173 50 1901-

529 1775 1822 72 … Church law on sacred relics … by Eugene A. Dooley …
395 1855 406 70 Washington,
831 1857 72 52 D.
938 1856 80 68 C.,
1049 1857 121 54 The
1203 1856 265 56 Catholic
1496 1855 321 69 university
1848 1856 64 55 of
1941 1857 289 70 America,
2260 1860 152 50 1931.

471 1932 65 49 ix,
574 1932 84 40 143
695 1943 44 37 p.
799 1931 56 41 23
859 1933 45 21 cm
909 1964 8 8 .
989 1930 125 50 (The
1153 1929 225 42 Catholic
1412 1930 273 49 university
1722 1932 54 39 of
1810 1930 240 41 America.
2119 1931 167 41 Canon
2324 1932 96 40 law

396 1989 203 42 studies,
659 1999 75 30 no.
765 1989 80 47 70)

471 2045 176 42 Thesis
685 2047 62 49 (J.
811 2079 8 8 C.
881 2045 331 48 D.)—Catholic
1241 2044 275 50 university
1547 2045 53 41 of
1628 2044 239 50 America,
1898 2045 130 41 1931.

470 2104 129 40 Vita.

469 2161 381 48 Bibliography:
886 2171 42 38 p.
962 2159 220 42 127-131.

405 2228 53 53 ©
485 2233 129 40 June
639 2231 41 47 9,
709 2230 142 49 1931;
880 2231 69 42 2c.
977 2231 112 41 Jan.
1115 2230 71 47 23,
1214 2229 143 49 1932;
1387 2230 83 41 aff.
1499 2231 124 41 Mar.
1652 2231 69 47 17,
1750 2229 142 49 1933;
1922 2231 42 39 A
1992 2229 172 50 59944;
2197 2228 222 44 Catholic

473 2289 133 43 univ.
637 2290 53 40 of
719 2288 241 41 America.
1032 2287 284 50 (32-21484)

400 2393 237 66 Duclos,
665 2393 207 56 Henri.

399 2469 1995 148 … Laennec; préface du professeur Léon Bernard … [Paris]
529 2551 67 52 E.
626 2549 395 55 Flammarion
1054 2583 14 34 [
1071 2556 20 22 c
1095 2552 155 65 1932]

469 2620 993 53 282 p., 1 l. 19 cm . (“Chefs de file”)
405 2691 2013 54 © Nov. 10, 1932; 1c. Dec. 15; A-Foreign 19153; Ernest Flammarion.
485 2753 254 50 (33-6304)

400 2854 214 69 Dürre,
645 2856 264 67 Konrad,
943 2861 174 52 1884-

399 2933 1994 134 … Erbbiologischer und eugenischer Wegweiser für jedermann.
658 3012 551 69 Berlin-München,
1240 3012 72 54 A.
1343 3013 277 68 Metzner,
1653 3016 152 51 1932.

469 3085 636 53 94, [1] p. illus. 22 ½ cm .
407 3154 2012 55 © Oct. 29, 1932; 1c. Dec. 28; A -Foreign 18990; Alfred Metzner verlag.
486 3216 253 49 (33-6455)

402 3318 264 67 Dugger,
696 3320 310 65 Shepherd
1037 3322 261 63 Monroe,
1333 3327 172 52 1854-

471 3399 122 52 The
633 3417 119 35 war
789 3399 166 54 trails
994 3400 65 53 of
1095 3402 96 52 the
1232 3402 146 53 Blue
1418 3401 180 69 ridge,
1638 3401 336 70 containing
2011 3420 73 35 an
2124 3400 293 55 authentic

400 3475 350 70 description
777 3477 65 55 of
864 3479 96 53 the
983 3479 180 54 battle
1187 3480 65 52 of
1275 3480 192 69 Kings
1493 3482 316 67 mountain,
1833 3481 96 52 the
1955 3478 284 56 incidents
401 3480 1989 145 leading

535 3574 78 50 up
645 3562 59 48 to
737 3558 113 53 and
883 3559 96 53 the
1010 3558 196 54 echoes
1237 3558 66 54 of
1332 3559 96 54 the
1461 3558 317 55 aftermath
1809 3558 65 54 of
1905 3559 116 54 this
2054 3559 237 68 epochal
400 3578 1990 124 engagement,
754 3637 114 51 and
900 3637 164 52 other
1095 3636 203 54 stories
1330 3639 188 51 whose
1549 3655 187 36 scenes
1772 3655 97 35 are
1897 3636 122 55 laid
2051 3637 60 52 in
2142 3639 96 51 the
2271 3639 145 51 Blue

400 3711 2015 73 ridge, by Shepherd M. Dugger … Banner Elk [N. C.] S. M.
399 3791 258 69 Dugger,
688 3794 149 52 1932.

468 3863 90 42 324
590 3875 44 38 p.
694 3864 172 50 plates,
898 3865 28 41 2
956 3868 123 47 port.
1109 3866 135 49 (incl.
1274 3866 177 49 front.)
1521 3867 57 41 19½
1609 3869 45 22 cm
1659 3899 9 10 .

407 3930 53 53 ©
490 3934 112 42 Dec.
633 3936 71 48 31,
734 3935 141 48 1932;
907 3937 68 41 2c.
1008 3938 110 40 Feb.
1149 3939 41 47 8,
1219 3938 143 48 1933;
1396 3939 82 41 aff.
1513 3940 122 41 Mar.
1667 3939 52 47 1;
1753 3939 40 39 A
1825 3937 171 49 59779;
2033 3938 45 42 S.
2111 3939 63 41 M.
2208 3917 209 70 bugger,

474 3992 199 40 Banner
702 3993 105 50 Elk,
837 3995 55 40 N.
926 3993 48 42 C.
1046 3995 254 51 (33-5637)
