2582 4453
1337 4158 102 55 574

349 474 271 66 Goublet,
652 472 270 58 Juliette.

484 550 1403 69 … L’as de la route … Paris, Larousse [1932]
423 626 87 41 238
540 636 44 38 p.
646 625 55 41 18
705 627 16 22 cm
755 657 8 8 .
836 623 203 51 (Contes
1070 626 47 39 et
1153 634 196 31 romans
1379 634 124 38 pour
1534 625 125 39 tous.
1727 622 151 52 [Série
1909 632 125 39 pour
2067 623 48 40 la
2149 622 227 49 jeunesse

363 682 204 49 (reliure
599 693 148 37 rouge
776 684 48 39 et
854 682 78 49 or)
1003 683 54 38 n°
1086 681 98 51 19])

357 739 2022 108 © July 9, 1932; 1c. Dec. 29; A- Foreign 19112; Augé, Gillon, Hollier-Larousse,
714 800 201 39 Moreau
947 803 36 41 &
1012 799 85 40 cie.
1139 798 267 49 (Librairie
1438 798 268 49 Larousse)
1786 797 283 50 (33-10819)

353 903 303 66 Guedalla,
682 903 215 66 Philip.

423 982 198 64 Queen
650 981 264 55 Victoria
946 982 113 53 and
1089 983 112 54 Mr.
1232 980 335 56 Gladstone.
1641 984 49 52 2.

460 1059 60 38 (In
549 1054 204 43 London
784 1054 203 52 Sunday
1017 1054 166 50 times,
1214 1053 123 52 Apr.
1371 1053 69 51 16,
1475 1054 145 50 1933)

360 1111 2019 52 © 1c. June 12, 1933; A ad int. 17888; pubd. Apr. 16; P. Guedalla, London,
356 1263 240 67 Guillot,
631 1265 247 56 Gaston.

359 1339 1997 135 … Les lapins de la mère Jacasse, par Gaston Guillot. Illustrations
636 1421 72 52 de
733 1420 212 53 Daniel
975 1419 234 56 Girard.
1282 1420 205 68 [Paris]
1521 1420 289 53 Hachette
1846 1422 174 66 [1932]

433 1494 1858 51 124 p., 1 l. incl. front., illus. 19 ½c m . (Petite bibliothèque blanche)
363 1550 2022 52 © Nov. 9, 1932; 1c. Feb. 10, 1933; A- Foreign 19666; Librairie Hachette.
443 1611 284 49 (33-10812)

359 1704 231 63 Hague.
666 1703 306 63 Academy
1002 1703 64 53 of
1097 1702 428 55 international
1552 1703 132 56 law.

494 1781 1887 69 … Recueil des cours, t. 2, 1932. t. 40 de la collection.
360 1858 187 72 Paris,
574 1860 289 54 Librairie
891 1861 78 53 du
998 1860 233 54 Recueil
1262 1862 168 68 Sirey
1482 1864 153 64 [1933]

433 1935 996 51 3 p. l., [3]-792 p., 2 l. ports. 24 ½ cm .
439 1993 1411 41 At head of title: Académie de droit international …
369 2048 2021 53 © Mar. 5, 1933; 1c. Apr. 26; A- Foreign 20683; Librairie du Recueil
440 2109 156 49 Sirey.

366 2200 230 65 Hardy,
625 2199 281 66 Thomas,
941 2204 329 51 1840-1928.

437 2280 123 51 The
606 2297 202 50 mayor
854 2278 64 53 of
967 2278 408 69 Casterbridge
1429 2279 109 69 [by]
1592 2280 251 53 Thomas
1889 2281 239 67 Hardy;
2180 2280 208 66 edited,

369 2357 2019 70 with introduction and notes, by Ernest F. Amy … New
370 2438 180 66 York,
575 2440 65 52 T.
668 2437 214 54 Nelson
909 2438 113 53 and
1050 2457 147 40 sons,
1227 2442 150 49 1933.

441 2511 116 48 xlvi,
585 2511 86 40 421
700 2522 43 38 p.
802 2511 55 40 19
860 2512 44 21 cm
911 2544 7 8 .
984 2511 15 48 (
1009 2511 256 49 Half-title
1273 2523 15 29 :
1315 2511 222 40 Nelson’s
1566 2511 205 48 English
1799 2510 176 49 series)

442 2571 143 46 Maps
612 2580 61 30 on
702 2569 138 40 front
866 2568 341 49 lining-paper.

444 2626 69 43 “A
540 2628 210 39 selected
781 2628 85 39 list
894 2627 52 39 of
974 2626 150 40 books
1152 2627 96 39 and
1277 2625 200 40 articles
1506 2637 62 29 on
1595 2626 213 40 Thomas
1837 2626 201 49 Hardy”:
2099 2638 43 37 p.
2171 2627 220 42 419-421.

375 2683 52 52 ©
458 2686 112 41 Feb.
602 2685 70 48 10,
702 2685 142 47 1933;
877 2685 66 40 2c.
977 2685 112 40 Feb.
1120 2685 55 39 15;
1236 2684 84 41 aff.
1352 2686 123 39 Mar.
1507 2684 82 49 10;
1624 2686 40 38 A
1695 2684 173 46 60309;
1901 2686 213 39 Thomas
2146 2686 180 41 Nelson
2359 2686 37 41 &

443 2754 126 30 sons.
645 2739 70 54 [©
759 2742 348 43 introduction,
1152 2742 240 48 principal
1436 2744 139 39 dates
1618 2742 51 39 in
1712 2742 215 48 Hardy’s
1970 2742 102 49 life,
2116 2746 139 38 notes
2299 2744 95 39 and

444 2804 281 44 comments,
759 2801 208 40 selected
1001 2800 85 40 list
1119 2800 54 40 of
1204 2801 151 39 books
1386 2801 97 39 and
1515 2800 200 41 articles
1749 2812 59 29 on
1843 2801 213 40 Thomas
2089 2802 189 48 Hardy]
457 2858 253 50 (33-3932)

374 2947 234 67 Harris,
639 2949 229 65 George
900 2948 199 66 Stiles,
1133 2947 171 56 1887-
1520 2950 86 53 ed.

448 3026 257 57 Selected
738 3028 140 53 New
909 3028 204 68 Jersey
1144 3046 154 36 cases
1330 3046 72 35 on
1433 3028 98 54 the
1562 3029 111 52 law
1705 3027 65 55 of
1800 3028 275 55 domestic
2106 3029 293 68 relations,

376 3105 2023 72 compiled and edited by George S. Harris … Newark, New
375 3186 204 68 Jersey
604 3187 111 52 law
743 3186 193 55 school
965 3204 177 50 press,
1172 3188 152 51 1933.

447 3260 64 45 ix,
538 3259 85 41 401
652 3270 42 38 p.
756 3259 56 41 23½
845 3262 16 22 cm
894 3291 9 8 .

448 3315 1949 49 “In 1916, Professor Calvin McClelland … compiled and edited a book
378 3373 52 39 of
466 3373 219 41 Selected
719 3374 117 39 New
870 3373 172 48 Jersey
1078 3383 137 31 cases
1251 3383 62 31 on
1347 3373 85 40 the
1463 3374 96 39 law
1593 3372 54 42 of
1678 3372 239 42 domestic
1950 3372 251 48 relations,
2238 3373 160 41 which

377 3428 1896 50 book was revised by Judge Edwin C. Caffrey … in 1924. This new
381 3429 1998 106 edition,
527 3486 285 49 containing
839 3487 172 48 nearly
1039 3486 169 50 ninety
1236 3488 197 47 percent
1462 3486 54 41 of
1542 3486 137 40 fresh
1710 3485 243 49 material,
1984 3486 42 42 is
2054 3486 236 50 compiled
2318 3486 81 41 for

379 3553 87 30 use
487 3544 53 39 in
568 3545 82 40 the
677 3544 118 40 New
821 3544 173 48 Jersey
1019 3545 98 39 law
1143 3542 550 42 school.”—Foreword.

385 3597 52 52 ©
474 3602 111 41 Feb.
618 3603 40 45 4,
693 3601 141 47 1933;
871 3602 67 39 2c.
975 3603 97 38 and
1106 3600 83 41 aff.
1225 3600 112 41 Feb.
1373 3602 53 46 7;
1462 3600 36 40 A
1538 3599 170 49 60196;
1747 3601 117 40 New
1900 3601 171 47 Jersey
2105 3602 98 40 law
2237 3601 162 41 school

454 3668 150 38 press.
678 3658 253 49 (33-3602)

380 3747 277 67 Harwell,
687 3749 221 66 Frank,
939 3748 174 57 1867-

452 3828 72 52 In
556 3846 31 33 a
619 3828 215 66 garden
869 3828 112 52 and
1013 3828 163 52 other
1207 3845 211 50 poems,
1449 3827 77 68 by
1557 3826 199 53 Frank
1785 3823 277 56 Harwell.
2137 3826 263 69 Atlanta,

382 3906 125 55 Ga.,
535 3907 178 52 Foote
740 3907 109 51 and
881 3906 214 54 Davies
1122 3925 79 36 co.
1236 3940 12 33 [
1253 3912 19 22 c
1278 3908 152 65 1933]

453 3980 58 41 19
539 3991 44 38 p.
643 3980 57 41 19½c
749 3982 28 21 m
782 4012 9 9 .

389 4035 52 52 ©
467 4039 113 47 Apr.
608 4039 67 44 18,
702 4037 140 46 1933;
871 4039 66 39 2c.
965 4040 95 38 and
1086 4038 83 40 aff.
1195 4039 114 47 Apr.
1335 4038 83 47 20;
1446 4039 41 38 A
1513 4038 171 46 61431;

1715 4038 51 40 F.
1794 4037 234 47 Harwell,
2055 4038 230 46 Decatur,
2314 4037 85 41 Ga.

467 4096 281 46 (33-30583)
