2484 4405
1087 4090 102 50 521

149 443 306 54 Alabama.
530 444 278 66 Supreme
839 446 173 50 court.

149 515 1998 151 Report of cases argued and determined … during the October terms, 1931-1932, 1932-1933, by Noble H. Seay, reporter of
149 678 289 53 decisions,
515 694 50 36 v.
594 680 117 49 225.
790 676 82 55 St.
902 677 164 67 Paul,
1092 678 160 53 West
1279 674 337 69 publishing
1642 692 99 49 co.,
1771 676 148 51 1933.

220 766 102 48 xiii,
353 767 86 40 762
466 776 43 37 p.
566 765 117 40 26cm.

154 835 51 53 ©
236 840 120 39 Mar.
385 837 69 48 28,
484 836 140 48 1933;
655 836 67 42 2c.
752 836 114 49 Apr.
896 836 82 47 14;
1011 834 81 42 aff.
1124 836 115 47 May
1267 835 82 47 17;
1382 834 41 40 A
1452 833 170 48 62069;
1657 835 53 40 B.
1742 835 62 40 M.
1836 832 163 42 Miller,
2044 841 89 41 gov
221 906 143 30 ernor
391 896 52 39 of
470 895 250 46 Alabama,
751 894 78 40 for
859 905 84 29 use
974 893 51 39 of
1055 891 107 42 said
1192 894 142 45 state,
1367 893 347 46 Montgomery,
1746 891 113 39 Ala.
1941 890 118 41 3522.

147 997 315 55 American
491 997 452 63 foundrymen’s
966 995 377 64 association,
1372 995 110 55 inc.

217 1073 1929 70 Transactions … Proceedings of the thirty-sixth annual
146 1154 265 69 meeting,
469 1153 246 68 Detroit,
773 1153 193 66 Mich.,
1022 1154 140 68 May
1219 1157 31 47 2
1308 1156 57 50 to
1424 1156 49 63 5,
1533 1155 149 49 1932.
1757 1153 242 53 Volume
2135 1195 9 10 XL.

147 1233 213 53 Edited
395 1234 74 67 by
504 1233 217 53 Robert
754 1235 66 50 E.
858 1232 296 69 Kennedy.
1232 1231 269 69 Chicago,
1534 1232 113 67 Ill.,
1682 1231 122 55 The
1838 1231 307 54 American

146 1312 430 68 foundrymen’s
605 1310 355 68 association,
989 1314 151 50 1933.

219 1386 152 47 xxxii,
401 1386 87 41 556
513 1396 44 38 p.
613 1386 135 39 front.
792 1385 172 49 (port.)
1002 1385 144 46 illus.,
1177 1386 170 45 tables,
1377 1385 179 47 diagrs.
1614 1384 146 40 23½cm.

221 1458 330 48 Frontispiece
580 1457 340 48 accompanied
949 1458 62 46 by
1039 1456 292 48 descriptive
1362 1457 313 48 letter-press.

153 1525 51 52 ©
228 1531 113 46 Apr.
365 1530 67 46 13,
458 1528 140 48 1933;
625 1528 66 40 2c.
718 1529 95 40 and
838 1527 83 42 aff.
946 1529 113 47 May
1085 1529 54 46 5;
1166 1528 41 39 A
1231 1526 141 41 62542;
1428 1528 145 38 Amer.
1612 1528 365 48 foundrymen’s
2005 1537 142 35 assn.,

219 1586 94 40 inc.

145 1687 174 56 B.-M.
347 1704 138 38 co.’s
510 1686 345 54 cumulative
880 1692 230 48 current
1137 1687 134 54 code
1299 1686 382 69 annotations,
1707 1687 246 70 keeping
1980 1707 82 49 up
2087 1692 59 47 to

216 1767 131 52 date
383 1767 196 52 Kerr’s
616 1765 323 70 cyclopedic
979 1764 326 56 California
1343 1766 179 67 codes,
1558 1764 323 70 Henning’s
1916 1768 230 67 general

215 1844 1929 69 laws, third edition and also cases from Idaho and Montana …
313 1922 274 71 bringing
617 1922 276 56 decisions
925 1924 167 52 down
1122 1929 57 47 to
1213 1927 63 49 85
1310 1923 120 54 Cal.
1463 1924 114 53 dec.
1613 1928 116 64 180,
1758 1924 66 54 72
1857 1925 120 54 Cal.
2011 1944 131 50 app.

217 2002 115 54 dec.
375 2001 120 71 742,
535 2006 31 48 2
611 2003 122 55 Cal.
776 2020 164 52 supp.
986 2005 81 65 50,
1112 2006 63 49 18
1216 2005 132 52 Pac.
1402 2002 127 71 (2d)
1585 2006 133 50 1119
1772 2003 372 73 (California,

215 2082 203 66 Idaho,
445 2083 112 52 and
583 2085 279 50 Montana
890 2081 177 69 cases)
1176 2101 49 33 [v.
1258 2086 81 62 12,
1364 2101 88 35 no.
1484 2087 46 64 1,
1556 2084 192 69 April,
1778 2086 151 65 1933]
215 2088 1906 141 Prepared
429 2161 111 52 and
577 2162 307 52 annotated
918 2162 75 68 by
1029 2163 237 51 Everett
1300 2163 76 52 H.
1413 2164 178 51 Roan.
1670 2163 118 55 San
1822 2164 322 69 Francisco,

215 2240 407 57 Bender-Moss
648 2259 296 50 company,
974 2243 149 50 1933.

217 2315 68 46 iii,
316 2315 83 40 131
431 2324 42 38 p.
530 2313 117 41 25cm.

152 2381 51 52 ©
228 2385 113 48 Apr.
367 2386 70 47 27,
462 2384 112 41 1933;
630 2386 67 39 2c.
723 2386 97 39 and
845 2384 81 42 aff.
953 2386 113 46 May
1092 2386 26 39 3;
1174 2385 40 38 A
1241 2385 169 47 62495;
1440 2387 342 40 Bender-Moss
1809 2397 66 30 co.

144 2487 213 66 Baker,
384 2490 139 53 Mrs.
552 2487 307 55 Elizabeth
896 2488 359 65 (Faulkner)
1294 2493 170 51 1885-

214 2566 426 70 Displacement
676 2566 64 54 of
775 2586 128 34 men
939 2567 74 70 by
1049 2567 315 68 machines;
1402 2565 191 58 effects
1629 2569 65 54 of
1728 2570 415 71 technological

143 2645 2001 71 change in commercial printing, by Elizabeth Faulkner Baker …
284 2724 138 53 New
453 2724 178 68 York,
663 2725 301 55 Columbia
992 2725 319 68 university
1340 2745 175 50 press,
1546 2731 151 50 1933.

220 2798 119 48 xxii,
366 2798 86 41 284
476 2810 59 37 p.,
561 2799 25 39 1
633 2830 9 9 l.
703 2798 141 49 illus.,
873 2800 171 48 plates,
1072 2799 180 49 diagrs.
1312 2800 145 41 23½cm.

223 2867 272 49 “Prepared
522 2869 155 41 under
704 2870 81 40 the
814 2870 222 48 auspices
1065 2870 52 40 of
1146 2871 81 40 the
1257 2868 250 43 Columbia
1538 2872 271 49 university
1841 2873 200 43 Council
2067 2876 78 41 for

151 2928 224 39 research
401 2926 51 39 in
476 2927 81 40 the
585 2926 152 41 social
761 2925 361 50 sciences.”—p.
1167 2926 15 39 [i]

222 2980 246 44 “Selected
498 2981 394 50 bibliography”:
925 2994 42 38 p.
999 2982 218 42 269-271.

151 3052 52 51 ©
239 3055 114 48 Apr.
389 3056 68 45 15,
494 3053 139 47 1933;
672 3054 66 40 2c.
776 3055 114 47 Apr.
927 3055 81 45 17;
1048 3053 84 42 aff.
1168 3055 112 47 Apr.
1319 3055 81 46 18;
1440 3055 40 39 A
1516 3056 169 48 61391;

1727 3058 249 41 Columbia
2016 3058 129 43 univ.

216 3122 155 43 press,
437 3110 250 49 (33-9840)

144 3212 269 68 Barclay,
442 3215 284 65 Shepard,
758 3219 171 50 1889-

147 3293 1970 146 … Win at contract with any partner. New York and London, D. Appleton and company, 1933.
219 3445 114 48 xvii,
366 3445 69 47 95,
472 3445 55 49 [4]
563 3456 41 36 p.
665 3444 135 40 front.
842 3444 173 48 (port.)
1083 3445 146 40 17½cm.

216 3517 124 39 Text
371 3526 59 30 on
460 3515 364 48 lining-papers.

150 3583 51 52 ©
231 3588 113 47 Apr.
376 3588 38 46 7,
445 3586 140 47 1933;
617 3585 68 41 2c.
715 3587 95 39 and
841 3585 86 39 aff.,
953 3586 113 47 Apr.
1099 3585 52 48 8;
1186 3586 39 39 A
1256 3586 170 48 61283;
1462 3587 44 41 S.
1539 3590 224 48 Barclay,
1796 3592 117 40 New
1944 3594 143 39 York.

227 3643 250 49 (33-9996)

144 3747 288 65 Bernage,
459 3747 241 56 Berthe.

311 3824 1660 73 … Brigitte maman. Paris, Gautier-Languereau, 1931.
215 3896 85 41 295
328 3907 42 38 p.
428 3896 115 40 19cm.
609 3897 98 47 (On
732 3907 163 31 cover:
921 3894 339 49 Bibliothèque
1288 3897 58 40 de
1377 3908 77 30 ma
1483 3898 121 48 fille)

151 3967 51 52 ©
230 3972 112 46 May
368 3969 69 48 20,
465 3968 112 41 1931;
692 4000 8 8 1c.
729 3968 109 38 Feb.
866 3968 68 47 15,
964 3966 112 41 1932;
1134 3968 101 38 A-
1238 3967 206 48 Foreign
1471 3970 142 40 15701;
1675 3964 222 52 Éditions
218 3977 1929 98 Gautier-Languereau.
619 4023 279 49 (33-10106)
