2597 4403
1393 4097 64 50 98

406 409 233 66 Medici,
671 411 205 52 House
906 410 83 56 of.

479 485 330 54 Florentine
846 486 324 54 merchants
1205 487 61 51 in
1300 487 96 53 the
1433 505 103 50 age
1573 487 64 52 of
1670 487 97 53 the
1802 485 244 68 Medici;
2082 485 197 55 letters
2313 486 114 53 and

408 563 331 56 documents
761 562 153 55 from
937 563 96 53 the
1058 562 295 70 Selfridge
1379 563 297 54 collection
1700 564 64 53 of
1786 562 213 55 Medici
2026 560 402 74 manuscripts,

406 641 192 56 edited
617 641 76 69 by
716 640 286 56 Gertrude
1023 641 313 71 Randolph
1361 641 318 56 Bramlette
1700 641 302 54 Richards.
2064 640 364 71 Cambridge,

405 720 193 68 Mass.,
628 719 277 55 Harvard
936 721 321 68 university
1287 738 176 51 press,
1496 723 152 50 1932.

476 802 34 29 x
543 801 58 39 p.,
638 791 28 40 2
721 822 24 17 l.,
785 790 179 52 [3]-342
999 802 44 39 p.
1102 791 168 50 front.,
1306 792 145 49 illus.,
1488 803 153 39 maps,
1677 792 233 50 facsims.,
1948 793 106 41 fold.
2105 794 186 48 geneal.
2328 792 99 45 tab.

405 848 149 43 24½cm.

479 906 297 41 “Published
799 908 155 39 under
978 906 84 41 the
1086 906 224 49 auspices
1335 907 52 40 of
1412 907 234 41 Harvard
1670 906 287 49 university,
1985 907 251 42 Graduate
2262 908 165 41 school

406 964 52 41 of
481 962 227 42 business
729 962 420 50 administration,
1177 962 187 50 George
1387 963 53 42 F.
1467 964 164 41 Baker
1653 964 448 48 foundation.”—p.
2132 963 62 51 [iv]

478 1021 132 41 “The
644 1020 248 49 Selfridge
919 1019 255 42 collection
1209 1021 52 41 of
1292 1021 332 48 manuscripts
1657 1022 214 48 relating
1900 1024 49 39 to
1982 1023 82 39 the
2097 1021 178 42 Medici
405 1021 2007 105 family”
522 1088 10 31 :
561 1088 45 39 p.
633 1077 221 43 277-280.

480 1138 381 49 Bibliography:
891 1148 44 39 p.
970 1138 252 51 [325]-352.

411 1199 52 52 ©
487 1203 120 40 Nov.
630 1202 71 47 15,
725 1200 143 49 1932;
894 1201 66 40 2c.
988 1202 110 40 Jan.
1122 1200 71 49 21,
1218 1200 142 48 1933;
1388 1199 83 42 aff.
1495 1201 119 40 Nov.
1640 1200 70 48 28,
1736 1199 141 49 1932;
1906 1201 41 39 A
1972 1200 171 48 60007;
2172 1198 260 43 President

479 1261 99 39 and
611 1260 194 40 fellows
840 1259 52 40 of
926 1259 236 40 Harvard
1196 1258 193 49 college,
1429 1257 303 50 Cambridge,
1771 1260 149 39 Mass.
1983 1254 70 55 [©
2090 1257 341 47 introductory

478 1320 140 38 notes
655 1318 96 39 and
788 1315 331 50 genealogical
1157 1316 157 41 tables
1351 1317 98 39 and
1485 1325 154 40 maps]
1711 1315 253 49 (33-3174)

406 1421 208 67 Militz,
642 1425 141 52 Mrs.
813 1420 199 57 Annie
1046 1419 179 71 (Rix)

477 1499 343 68 Prosperity
856 1500 256 68 through
1150 1500 100 54 the
1283 1499 340 69 knowledge
1660 1500 113 53 and
1811 1517 193 50 power
2040 1498 66 55 of
2140 1499 182 67 mind,
2356 1498 76 67 by

407 1578 194 54 Annie
633 1578 117 54 Rix
781 1577 211 55 Militz.
1067 1578 114 54 Los
1213 1578 272 68 Angeles,
1518 1577 91 54 De
1637 1578 178 55 Vorss
1845 1579 56 51 &
1935 1595 100 50 co.,
2070 1579 154 51 1933.

477 1653 28 40 2
529 1663 43 38 p.
619 1683 25 17 l.,
675 1651 179 52 [9]-122
879 1663 45 39 p.
982 1652 119 41 20cm.

478 1708 244 42 “Seventh
751 1708 187 42 edition
966 1707 280 51 (revised)”

411 1771 53 52 ©
493 1775 113 41 Jan.
632 1774 40 48 2,
702 1773 143 49 1933;
874 1773 69 43 2c.
973 1774 110 40 Jan.
1113 1773 84 49 12;
1229 1772 83 42 aff.
1341 1773 113 41 Jan.
1482 1771 84 49 27;
1597 1772 42 40 A
1668 1771 171 49 60066;
1872 1772 226 40 DeVorss
2129 1771 38 41 &
2193 1781 68 31 co.

490 1831 252 50 (33-2889)

405 1933 213 69 Miller,
651 1934 242 55 Ezekiel
921 1936 222 64 Harry,
1180 1940 173 50 1890-

477 2008 1948 74 The Protestant, by E. H. Miller … [Boston] Christopher]
407 2090 379 70 p[ublishing]
822 2090 215 69 h[ouse,
1067 2097 19 22 c
1091 2092 155 67 1933]

475 2162 66 50 xi,
572 2162 209 51 [13]-122
807 2173 44 39 p.
910 2162 118 41 21cm.

412 2214 2018 58 © Jan. 5, 1933; 2c. Jan. 12; aff. Jan. 11; A 57890; E. H. Miller, ℅ Mrs.
480 2281 51 41 L.
565 2281 53 41 V.
651 2280 178 47 Miller,
863 2279 300 49 Christiana,
1197 2280 85 40 Pa.
1353 2279 254 50 (33-2940)

408 2383 212 67 Miller,
649 2386 141 52 Mrs.
822 2384 168 55 Olive
1018 2385 252 53 Kennon
1309 2384 333 66 (Beaupre)
1679 2384 85 54 ed.

478 2464 178 53 From
689 2463 97 53 the
820 2469 178 48 tower
1032 2463 247 54 window
1315 2463 66 54 of
1413 2482 99 50 my
1545 2462 342 70 bookhouse,
1923 2462 191 54 edited
2147 2462 77 68 by
2261 2461 168 56 Olive

407 2544 265 65 Beaupre
708 2541 215 55 Miller.
1000 2541 274 70 Chicago,
1310 2544 274 65 Toronto,
1621 2542 121 54 The
1779 2541 341 54 Bookhouse
2159 2539 94 54 for
407 2540 1998 135 children

587 2655 13 34 [
605 2627 18 22 c
628 2624 153 65 1932]

478 2696 28 39 4
535 2706 43 37 p.
630 2726 23 17 l.,
682 2694 177 41 11-448
888 2705 43 37 p.
992 2692 130 42 illus.
1151 2694 139 49 (part
1319 2692 114 49 col.)
1501 2693 118 41 24cm.

481 2752 231 41 Lettered
746 2762 60 30 on
839 2762 169 30 cover:
1044 2753 83 46 My
1159 2751 308 41 bookhouse:
1502 2751 147 40 From
1680 2752 82 39 the
1796 2753 153 38 tower
1980 2749 221 47 window,
2237 2749 106 40 five.

483 2810 294 40 Illustrated
805 2812 99 45 t.-p.
932 2811 98 39 and
1059 2808 353 50 lining-papers
1442 2810 50 39 in
1521 2810 169 39 colors.

413 2865 52 52 ©
501 2868 112 42 Dec.
648 2868 70 49 10,
751 2867 143 49 1932;
929 2867 70 42 2c.
1033 2868 113 41 Feb.
1178 2868 41 47 2,
1253 2867 143 49 1933;
1434 2866 83 43 aff.
1552 2867 112 41 Feb.
1696 2867 54 47 3;
1787 2867 42 39 A
1862 2866 173 48 59269;
2073 2866 52 41 O.
2162 2867 54 40 B.
2254 2865 175 49 Miller,

481 2925 278 48 Winnetka,
790 2926 76 40 Ill.
948 2921 52 52 [©
1030 2925 212 49 changes
1271 2924 52 41 in
1351 2927 108 39 text
1486 2926 98 39 and
1613 2924 346 49 illustrations]

493 2983 254 50 (33-3083)

410 3088 371 65 Muzumdar,
811 3087 266 54 Haridas
1102 3087 371 57 Thakordas.

480 3163 237 56 Gandhi
747 3184 194 36 versus
972 3166 96 53 the
1099 3166 259 69 Empire,
1388 3166 75 68 by
1493 3166 258 54 Haridas
1783 3168 63 52 T.
1880 3166 372 66 Muzumdar;
2288 3162 139 55 with

410 3264 32 34 a
470 3243 289 55 foreword
783 3244 77 69 by
883 3245 145 55 Will
1055 3246 248 53 Durant.
1379 3246 141 53 New
1548 3245 180 68 York,
1755 3243 310 56 Universal
2093 3243 337 69 publishing

410 3327 512 65 company [ c 1932]
482 3395 85 50 xii,
601 3398 71 48 [4],
702 3396 176 40 17-352
906 3407 43 37 p.
1010 3396 166 49 front.,
1207 3398 172 47 plates,
1409 3399 150 45 ports.
1620 3396 147 41 23½cm.

417 3457 52 52 ©
505 3461 109 40 Jan.
648 3461 40 46 4,
724 3460 118 41 1933;
902 3459 68 43 2c.
1005 3461 111 41 Jan.
1150 3460 83 48 20;
1271 3460 84 42 aff.
1390 3461 112 40 Jan.
1535 3460 83 48 27;
1655 3461 41 39 A
1730 3458 173 49 60069;
1941 3460 61 40 H.
2038 3460 53 40 T.
2126 3460 304 48 Muzumdar,

484 3518 120 40 New
627 3518 145 40 York.
845 3516 254 52 (33-3095)

411 3620 266 64 Nathan,
707 3622 244 62 Robert,
985 3626 161 50 1894-

483 3697 125 56 One
647 3715 157 36 more
844 3698 204 64 spring
1111 3699 77 63 [by]
1253 3699 218 53 Robert
1511 3700 250 53 Nathan.
1837 3699 140 53 New
2019 3698 180 64 York,
2242 3700 72 54 A.
2355 3699 72 53 A.

412 3776 225 70 Knopf,
671 3781 151 51 1933.

484 3851 28 40 3
537 3861 44 37 p.
628 3882 22 16 l.,
677 3850 147 41 3-212
849 3861 58 38 p.,
934 3852 25 38 1
1007 3883 9 9 l.
1076 3850 147 42 19½cm.

486 3908 164 41 “First
686 3907 229 42 edition.”

418 3968 52 52 ©
500 3972 110 40 Feb.
640 3974 40 45 1,
710 3971 142 49 1933;
883 3972 69 42 2c.
982 3973 97 40 and
1107 3972 82 40 aff.
1221 3972 113 42 Feb.
1363 3973 54 47 3;
1448 3972 43 40 A
1518 3971 170 49 59287;
1768 4002 9 9 R.
1808 3973 215 48 Nathan,
2052 3973 119 39 New
2201 3970 146 42 York.

497 4028 253 50 (33-3086)
