2540 4453
1069 4137 101 49 499

111 492 238 65 Melton,
377 490 346 65 Wightman
754 489 289 65 Fletcher,
1073 489 84 54 ed.

179 570 202 52 Poems
429 568 65 53 of
539 574 171 60 trees;
763 586 31 33 a
846 567 214 68 Sidney
1108 566 209 52 Lanier
1364 565 310 53 memorial.
1749 566 242 53 Volume
2091 606 10 10 II.

110 643 1970 150 Compiled and edited by Wightman F. Melton. Emory University, Ga., Banner press [ c 1933]
183 796 904 51 76 p. front. (port.) illus. 20½ cm .
117 850 1991 53 © Mar. 29, 1933; 2c. Apr. 14; aff. Apr. 15; A 61363; Lawrence W. Neff,
185 912 177 46 Emory
390 909 296 49 University,
716 910 84 40 Ga.

110 1011 213 55 Michie
352 1028 304 49 company,
687 1012 479 68 Charlottesville,
1194 1013 102 53 Va.

181 1088 211 56 Michie
427 1110 73 33 on
535 1090 178 52 banks
751 1090 112 52 and
897 1089 271 70 banking.
1245 1092 133 50 1933
1415 1091 361 68 supplement
1834 1091 113 67 [for]
111 1092 1972 130 volumes

298 1168 1811 71 1-9 … March supplement … Charlottesville, Va., The
111 1247 211 53 Michie
349 1264 296 51 company,
675 1249 152 52 1933.

183 1321 27 39 9
239 1333 43 28 v.
342 1321 55 39 23
400 1323 43 20 cm
449 1353 8 7 .

186 1377 295 41 Cover-title.

187 1435 154 38 These
369 1433 271 48 pamphlets
671 1443 84 29 are
783 1435 50 37 to
859 1434 56 38 be
943 1432 138 40 fitted
1110 1432 103 40 into
1243 1434 82 39 the
1353 1434 196 47 pockets
1580 1436 52 38 at
1662 1435 80 39 the
1772 1435 151 40 backs
1950 1436 51 40 of
2031 1437 81 39 the

117 1492 211 39 volumes
356 1490 53 40 of
433 1490 81 40 the
540 1492 74 38 set
640 1492 49 37 to
716 1489 157 40 which
900 1489 114 47 they
1042 1489 181 48 belong.

121 1543 51 51 ©
208 1548 113 46 Apr.
356 1547 67 46 18,
459 1546 113 40 1933;
635 1546 67 40 2c.
737 1546 120 40 each
890 1547 94 38 and
1020 1545 82 41 aff.
1136 1546 113 48 Apr.
1285 1546 81 48 19;
1403 1547 41 39 A
1479 1547 170 48 62209;
1688 1548 176 41 Michie
1900 1559 66 29 co.

111 1647 299 55 Missouri.
483 1648 184 67 Laws,
693 1652 259 62 statutes,
977 1654 101 47 etc.

182 1725 271 54 Missouri
484 1729 257 64 statutes,
773 1724 324 54 annotated.
1173 1725 346 52 Permanent
1546 1722 84 53 ed.
1705 1722 221 68 March,
1959 1723 153 69 1933,

115 1804 344 53 cumulative
500 1804 316 68 pamphlet,
857 1802 334 69 containing
1231 1803 96 52 the
1367 1802 138 52 laws
1547 1800 64 53 of
1652 1820 31 33 a
1724 1802 232 68 general
1998 1800 113 54 and

116 1888 335 62 permanent
479 1887 202 47 nature
711 1882 64 52 of
806 1882 97 52 the
933 1880 133 53 57th
1099 1881 245 54 General
1374 1881 297 68 assembly,
1701 1885 60 48 to
1792 1881 203 52 March
2030 1883 82 66 15,

118 1963 151 66 1933,
301 1961 140 52 with
474 1960 362 54 annotations
869 1958 334 70 construing
1230 1960 94 52 the
1356 1961 157 66 laws,
1543 1959 113 52 and
1688 1958 142 53 with
117 1958 1971 134 cumulative
259 2040 179 51 tables

116 2037 1975 149 and index … St. Paul, West publishing co.; Kansas City, Vernon law book co. [ c 1933 ]
189 2192 56 39 60
275 2202 44 37 p.
379 2190 56 41 23½cm.

125 2244 51 51 ©
209 2250 121 38 Mar.
360 2247 69 49 29,
461 2247 139 47 1933;
632 2247 68 41 2c.
731 2257 113 38 Apr.
876 2248 82 47 14;
990 2246 83 41 aff.
1104 2248 115 47 Apr.
1250 2248 82 46 15;
1367 2247 42 39 A
1438 2246 170 48 62053;
1644 2246 191 40 Vernon
1867 2249 98 38 law
1995 2248 123 39 book

192 2316 67 29 co.
286 2305 94 39 and
407 2305 133 40 West
565 2305 109 47 pub.
703 2315 65 30 co.

117 2391 343 67 Morecroft,
486 2392 155 54 John
670 2391 240 67 Harold,
942 2398 133 50 1881-

189 2470 321 68 Principles
532 2469 64 54 of
618 2470 162 53 radio
805 2469 495 70 communication,
1323 2470 77 69 by
1421 2470 159 55 John
1604 2470 78 54 H.
1708 2470 320 56 Morecroft…

120 2547 1972 148 assisted by A. Pinto … and W. A. Curry … 3d ed.—thoroughly
372 2646 134 48 rev.,
541 2627 145 52 total
723 2627 164 69 issue,
927 2632 409 63 twenty-seven
1375 2626 302 54 thousand.
1755 2627 140 54 New
1937 2627 182 71 York,

121 2704 55 54 J.
224 2705 190 68 Wiley
456 2706 46 51 &
546 2722 146 50 sons,
738 2705 137 67 inc.;
923 2704 260 68 London,
1229 2703 300 70 Chapman
1576 2705 45 50 &
1666 2705 163 68 Hall,
1875 2705 245 70 limited,

123 2785 149 51 1933.

191 2855 134 46 xviii,
357 2854 114 41 1084
501 2865 43 37 p.
575 2855 109 42 incl.
716 2855 162 44 front.,
912 2855 143 49 illus.,
1087 2855 179 47 diagrs.
1325 2853 57 42 23½
1414 2857 44 22 cm
1463 2887 9 9 .
1591 2853 131 50 $7.50

129 2908 51 52 ©
208 2913 121 41 Mar.
355 2914 69 45 31,
451 2912 139 47 1933;
619 2913 67 40 2c.
712 2914 112 48 Apr.
851 2914 54 46 3;
935 2913 82 41 aff.
1043 2913 113 48 Apr.
1182 2914 55 46 4;
1266 2914 41 38 A
1334 2913 170 48 60889;
1535 2915 44 41 J.
1607 2915 60 40 H.
1697 2915 278 47 Morecroft,
2003 2916 117 39 New

195 2970 143 40 York.
408 2969 250 51 (33-9419)

122 3059 217 65 Myers,
365 3058 154 54 John
546 3060 85 65 B.,
661 3059 171 56 1897-

193 3135 1922 72 Principles of English, by J. B. Myers … and Annie L.
123 3216 1995 75 Peters … Dallas, Tex., The Southern publishing company
145 3297 176 64 [ c 1933]
212 3377 44 37 ix,
284 3368 86 40 434
400 3378 43 37 p.
503 3367 57 41 20
561 3369 44 22 cm
610 3399 10 9 .

197 3423 186 40 “Based
413 3434 126 37 upon
567 3425 96 39 and
691 3424 41 41 is
761 3424 229 49 designed
1019 3427 48 39 to
1096 3425 167 41 follow
1294 3425 397 42 ‘Fundamentals
1720 3427 52 41 of
1801 3428 322 48 English’.”—

125 3478 129 42 Pref.

132 3532 55 51 ©
216 3536 121 40 Mar.
367 3537 40 46 1,
437 3535 141 49 1933;
610 3536 67 42 2c.
709 3538 121 39 Mar.
861 3537 82 48 22;
977 3537 82 42 aff.
1091 3539 122 39 Mar.
1244 3537 82 48 21;
1360 3540 41 38 A
1430 3538 170 49 61059;
1638 3540 241 41 Southern
1911 3542 108 47 pub.
2053 3553 67 30 co.

209 3592 250 49 (33-9385)

125 3681 257 66 Nielsen,
412 3683 166 55 Vitte
609 3684 246 57 Bendix.

127 3760 1968 131 … Ingrid fra Kina; en fortælling om en lille dansk danserinde.
349 3838 373 70 København,
755 3841 344 69 Gyldendal,
1132 3844 150 53 1932.

199 3911 84 39 112
310 3921 44 37 p.
413 3911 56 41 20
473 3914 43 21 cm
520 3943 10 10 .

136 3964 1973 112 © Sept. 24, 1932; 1c. Dec. 30; A-Foreign 19174; Gyldendalske boghandel, Nordisk forlag. (33-9666)
