2575 4405
0 0 0 0 101
119 430 317 67 Raynolds,
467 432 241 63 Robert,
741 433 173 51 1902-

118 502 1977 155 Saunders oak, by Robert Raynolds … New York and London, Harper & brothers, 1933.
187 658 738 52 4 p. l., 3-294 p., 1 l. 21½ cm .
191 724 163 41 “First
381 721 228 43 edition.”

125 787 1998 58 © Feb. 1, 1933.; 2c. Feb. 2; aff. Feb. 3; A 59239; R. Raynolds, Newtown,
196 852 148 41 Conn.
413 849 251 51 (33-2857)

120 952 275 68 Rickard,
422 953 155 57 John
604 952 247 67 Allison,
880 956 171 52 1892-

252 1029 1871 69 … An outline of ancient, medieval and modern history; a
121 1108 2002 73 digest of the history of civilization, by J. A. Rickard … New
122 1188 1095 70 York, Barnes & Noble, inc. [ c 1933]
193 1258 1666 54 5 p. l., 163 p. illus. (maps) 21 cm . (College outline series)
193 1325 377 49 Bibliography:
597 1337 45 37 p.
668 1324 100 42 155.

128 1392 2000 54 © Jan. 3, 1933; 2c. Jan. 6; aff. Jan. 14; A 57943; Barnes & Noble, inc.
205 1453 251 50 (33-2612)

124 1556 121 53 The
279 1556 167 64 right
480 1555 148 53 book
663 1554 95 52 for
793 1555 98 52 the
926 1554 161 69 right
1123 1553 185 67 child;
1349 1573 32 35 a
1417 1553 219 69 graded
1672 1554 221 70 buying
1926 1554 101 54 list
2061 1553 64 52 of

189 1630 1914 72 children’s books. New York, The John Day company [ c 1933]
192 1706 132 52 xxvi,
349 1706 100 49 357,
481 1706 55 51 [1]
562 1716 44 38 p.
665 1705 56 41 21
725 1708 44 21 cm
774 1738 9 10 .

192 1769 200 48 Priced;
419 1769 122 40 with
565 1770 191 46 author,
785 1768 191 48 subject
1004 1770 95 39 and
1125 1768 110 43 title
1261 1768 163 41 index.

196 1826 129 40 “The
360 1825 149 41 books
546 1825 49 40 in
631 1826 101 40 this
768 1826 190 40 volume
995 1825 123 41 have
1153 1824 120 42 been
1311 1825 211 41 selected
1558 1825 97 40 and
1694 1825 268 41 annotated
1997 1824 63 49 by
2099 1835 29 32 a

124 1881 366 42 subcommittee
525 1882 52 41 of
611 1883 81 40 the
730 1881 289 42 Committee
1054 1893 61 29 on
1148 1880 187 48 library
1372 1881 135 40 work
1542 1881 122 41 with
1700 1880 220 42 children
1957 1880 54 42 of
2046 1883 84 40 the

125 1936 2008 107 American library association under the chairmanship of Mary S. Wilkinson … The books have been graded by the Research department of
125 2052 80 41 the
238 2052 262 40 Winnetka
534 2052 163 48 public
731 2052 190 40 schools
955 2053 155 39 under
1143 2052 82 41 the
1262 2050 306 49 supervision
1603 2051 53 40 of
1691 2050 178 42 Vivian
1903 2050 226 48 Weedon,

125 2108 211 41 director
372 2109 53 40 of
461 2109 82 42 the
579 2109 246 40 Research
862 2109 309 47 department
1206 2109 97 40 and
1342 2107 228 42 Carleton
1608 2107 322 50 Washburne,
124 2117 1990 89 superintendent
404 2165 52 40 of
484 2166 201 46 schools,
714 2164 277 50 Winnetka,
1020 2164 340 49 Illinois.”—p.
1395 2164 65 51 [ii]

132 2232 1891 53 © Jan. 9, 1933; 2c. Jan. 9; aff. Jan. 11; A 58806; John Day co., inc.
208 2292 281 51 (33-27010)

127 2394 279 68 Robbins,
438 2397 207 54 Edwin
676 2395 199 67 Clyde,
907 2402 171 51 1883-

126 2472 2002 147 Introduction to industrial management; text, cases, and problems, by E. C. Robbins … and F. E. Folts … 1st ed. New
130 2627 161 52 York
322 2627 112 54 and
467 2628 255 67 London,
754 2627 431 54 McGraw-Hill
1218 2628 145 52 book
1394 2646 296 52 company,
1721 2628 127 70 inc.,
1881 2632 151 50 1933.

196 2697 65 50 xi,
290 2698 89 42 356
405 2709 44 38 p.
477 2698 110 41 incl.
616 2698 164 50 front.,
809 2698 144 51 illus.,
982 2699 194 49 diagrs.,
1206 2700 168 43 forms.
1430 2701 56 41 23½
1536 2704 28 21 m
1568 2736 9 9 .

133 2766 2002 56 © Jan. 25, 1933; 2c. Jan. 27; aff. Jan. 28; A 60048; McGraw-Hill book
201 2837 81 40 co.,
312 2828 90 42 inc.
473 2829 252 50 (33-2879)

127 2933 213 64 Roger,
369 2933 260 65 Georges
658 2934 244 64 Eugene
932 2934 205 57 Henri.

265 3010 1863 75 … Nouveau traité de médecine. fase. x. Pathologie; de
128 3087 302 70 l’appareil
483 3090 361 54 circulatoire
907 3091 178 68 (cœur
1136 3097 54 48 et
1240 3092 325 70 vaisseaux)
1627 3098 42 49 t.
1723 3097 47 66 1,
1821 3098 49 50 2.
1944 3095 186 69 Paris,

128 3168 231 53 Masson
389 3172 46 50 &
463 3168 116 69 cie.,
609 3173 154 51 1933.

202 3239 27 40 2
255 3252 44 30 v.
353 3241 143 48 illus.,
523 3243 86 40 col.
635 3244 172 47 plates,
837 3244 181 47 diagrs.
1046 3242 138 50 (part
1209 3244 144 51 fold.)
1417 3246 60 40 26
1476 3248 45 22 cm
1526 3278 9 9 .

203 3298 65 40 At
298 3298 124 40 head
454 3298 53 40 of
537 3297 135 43 title:
708 3300 52 41 G.
793 3301 62 40 H.
889 3300 170 49 Roger,
1094 3302 227 40 Fernand
1354 3302 176 50 Widal,
1562 3304 52 39 P.
1649 3305 44 40 J.
1725 3303 225 51 Teissier,
133 3314 1955 79 secrétaire
286 3356 57 38 de
371 3356 47 38 la
449 3356 278 41 rédaction:
757 3357 65 40 M.
852 3357 220 42 Garnier.

136 3418 52 53 ©
214 3424 113 41 Dec.
349 3426 41 46 3,
414 3423 113 42 1932;
641 3458 9 9 1c.
674 3426 119 41 each
820 3427 112 41 Feb.
957 3427 70 49 10,
1052 3427 113 42 1933;
1222 3429 311 50 A-Foreign
1560 3430 170 49 19659;
1761 3432 198 41 Masson
1986 3432 38 41 &
2047 3431 84 42 cie.

130 3584 443 66 Royde-Smith,
602 3586 214 54 Naomi
848 3588 294 65 Gwladys.

201 3662 122 52 The
374 3662 219 70 bridge.
668 3663 233 55 Garden
955 3667 153 69 City,
1160 3669 69 53 N.
1283 3671 91 66 Y.,
1424 3671 359 71 Doubleday,
1834 3674 200 53 Doran
2085 3678 46 51 &

131 3757 297 52 company,
455 3742 128 68 inc.,
614 3746 152 51 1933.

203 3813 522 50 5 p. l., 306 p. 20 cm .
204 3870 161 41 “First
393 3871 226 41 edition.”

137 3935 1994 69 © Jan. 3, 1933; 2c. and aff. Jan. 5; A 59085; Naomi Royde-Smith Milton,
0 0 0 0 London.
