2582 4453
1287 4178 136 48 1174

416 571 64 50 vi,
515 571 86 42 295
635 583 44 38 p.
742 572 56 39 21
802 574 45 21 cm
851 604 9 9 .

352 629 52 53 ©
444 635 120 47 Aug.
604 634 40 47 9,
683 634 115 40 1933;
869 634 67 40 2c.
976 634 120 47 Aug.
1138 634 53 39 11;
1264 634 81 40 aff.
1387 635 123 47 Aug.
1550 635 82 47 19;
1676 636 41 39 A
1757 636 171 48 65005;
1973 637 47 41 Z.
2062 638 64 39 M.
2167 637 205 49 Loepke,

419 692 341 47 Moorestown,
793 692 55 39 X.
883 692 44 39 J.
1000 691 283 48 (33-21929)

343 791 319 68 McCurdy,
689 792 259 57 William
976 796 276 67 Edward,
1283 799 173 50 1893-

349 874 2018 152 Cases on the law of persons and domestic relations, by William Edward McCurdy … 2d ed. … Chicago, Callaghan
347 1034 114 52 and
490 1052 300 49 company,
819 1038 151 50 1933.

418 1104 100 45 xix.
547 1106 87 42 896
661 1117 42 38 p.
764 1107 118 42 26cm.
954 1106 256 48 (National
1240 1117 111 31 case
1376 1108 125 40 book
1528 1107 176 48 series)

350 1162 51 52 ©
434 1166 121 49 Aug.
588 1166 69 47 12,
689 1166 114 41 1933;
863 1166 68 40 2c.
964 1167 97 39 and
1093 1166 82 41 aff.
1208 1167 121 47 Aug.
1361 1167 83 46 16;
1478 1167 42 38 A
1551 1165 145 42 63922;
1759 1167 272 48 Callaghan
2065 1168 36 41 &
2133 1179 67 30 co.

428 1224 284 49 (33-21756)

341 1325 230 69 Murry,
602 1328 156 54 John
788 1327 346 67 Middleton,
1169 1331 173 51 1889-

416 1405 454 55 Reminiscences
928 1406 65 53 of
1049 1408 71 51 D.
1180 1407 77 52 H.
1316 1407 325 69 Lawrence,
1695 1408 78 68 by
1830 1408 157 55 John
2042 1408 328 56 Middleton

344 1486 224 54 Murry.
644 1486 142 53 New
820 1485 182 69 York,
1035 1486 78 53 H.
1148 1484 147 54 Holt
1329 1487 114 53 and
1477 1505 284 51 company
1798 1521 13 34 [
1815 1494 18 21 c
1838 1489 135 51 1933
1979 1521 13 35 ]

415 1556 867 54 4 p l., 3-279 p. 1 illus. 21½ cm .
418 1619 164 41 “First
613 1619 263 49 printing.”

349 1675 51 52 ©
434 1679 118 39 July
582 1679 70 40 13.
684 1678 141 41 1933;
860 1679 67 39 2c.
961 1679 96 39 and
1090 1677 82 42 aff.
1206 1678 119 47 Aug.
1360 1678 82 47 12;
1477 1679 42 38 A
1550 1678 171 48 64720;
1758 1679 44 41 J.
1837 1680 61 40 M.
1935 1680 184 48 Murry,
2154 1679 215 49 Larling,

419 1747 70 29 nr.
520 1736 244 46 Norwich,
796 1736 238 48 England.
1107 1734 283 49 (33-21719)

343 1838 244 68 O’Neill,
614 1842 204 53 James
844 1839 231 67 Milton,
1105 1844 173 49 1881-

414 1917 1953 71 The elements of speech, by James Milton O’Neill … and
342 1997 2001 150 Andrew Thomas Weaver … New rev. ed. New York, London [etc.] Longmans, Green and co., 1933.
420 2163 45 37 x,
497 2151 86 41 534
612 2162 44 38 p.
718 2152 143 46 illus.,
892 2152 182 47 diagrs.
1135 2150 58 41 20½
1225 2153 45 22 cm
1274 2183 9 9 .

417 2209 379 48 Bibliography:
827 2219 43 38 p.
902 2208 218 41 513-517.

349 2264 54 53 ©
430 2269 119 47 Aug.
579 2268 69 48 16,
678 2268 143 41 1933;
852 2269 68 41 2c.
950 2269 95 38 and
1074 2267 82 41 aff.
1186 2269 120 47 Aug.
1337 2267 59 41 19;
1451 2269 43 38 A
1521 2268 172 42 64780;
1726 2269 290 48 Longmans,
2048 2269 157 41 Green
2235 2270 36 39 &
2301 2279 66 31 co.

426 2326 283 49 (33-21872)

341 2431 244 64 Person,
620 2430 247 55 Charles
898 2431 89 55 W.

476 2506 1891 71 … From the jungle to the zoo, by Charles Person; illustrated
343 2588 142 53 with
532 2587 399 69 photographs
977 2587 74 69 by
1099 2591 260 64 courtesy
1407 2586 64 53 of
1516 2588 96 51 the
1657 2587 140 52 New
1845 2587 164 53 York
2053 2587 314 69 zoological

342 2665 2001 150 society; cover design by Elizabeth Cross, map by Allen Congdon. Brattleboro, Vt., Stephen Daye press [ c 1933]
415 2822 70 47 95,
519 2822 54 49 [1]
604 2832 44 38 p.
709 2820 130 41 illus.
900 2820 57 41 19
960 2822 44 23 cm
1009 2852 9 9 .

414 2881 66 40 At
506 2881 126 39 head
661 2879 51 41 of
740 2878 136 41 title:
905 2878 41 39 A
974 2877 150 42 social
1153 2877 187 42 studies
1369 2877 188 42 reader.

416 2941 117 46 Map
569 2949 61 29 on
665 2937 368 49 lining-papers.

415 2998 103 40 The
546 2999 136 45 story
709 2995 52 41 of
789 3006 28 30 a
846 3005 162 38 young
1034 2994 177 49 gorilla
1239 2995 95 39 and
1365 3005 27 29 a
1421 2992 312 50 chimpanzee
1761 3004 109 30 now
1897 2993 52 41 in
1977 2994 83 40 the
2087 2994 119 40 New
2233 2993 133 43 York

344 3055 265 49 zoological
655 3054 138 49 park.

349 3111 51 52 ©
432 3115 114 39 July
577 3115 39 39 1.
647 3113 141 41 1933;
820 3112 68 40 2c.,
920 3112 119 46 July
1066 3111 82 45 25;
1182 3109 82 41 aff.
1295 3111 117 47 July
1442 3110 82 46 24;
1558 3110 37 38 A
1630 3109 171 43 64608;
1878 3142 8 8 C.
1917 3110 71 41 W.
2022 3111 196 46 Person,
2250 3110 117 39 New

417 3171 242 47 Rochelle,
685 3171 57 39 N.
768 3170 53 39 Y.
893 3168 284 48 (33-21888)

343 3271 308 70 Peterson,
683 3274 248 55 Francis
963 3273 229 65 Edwin,
1226 3277 172 50 1889-

413 3354 404 68 Philosophies
869 3354 64 53 of
984 3353 303 55 education
1339 3358 232 48 current
1618 3352 60 52 in
1729 3352 97 53 the
1874 3350 376 71 preparation
2300 3350 63 53 of

343 3434 254 53 teachers
633 3436 62 52 in
730 3434 97 53 the
862 3433 220 55 United
1121 3432 221 67 States;
1382 3451 32 33 a
1447 3432 175 69 study
1656 3432 64 54 of
1757 3432 135 52 four
1926 3436 147 49 state
2109 3431 254 53 teachers

343 3515 260 66 colleges,
636 3514 204 52 twelve
871 3514 225 52 normal
1129 3512 240 68 schools,
1402 3512 113 52 and
1548 3511 133 54 nine
1715 3511 204 53 liberal
1955 3515 118 49 arts
2106 3511 257 68 colleges,

344 3589 2020 69 by Francis Edwin Peterson … Published with the approval
345 3672 63 53 of
452 3671 303 53 Professor
795 3673 69 52 R.
910 3674 66 51 B.
1021 3672 189 68 Raup,
1252 3688 255 52 sponsor.
1584 3671 140 52 New
1767 3669 164 54 York
1972 3669 135 69 city,
344 3667 1994 137 Teachers
478 3751 228 68 college,
753 3750 303 57 Columbia
1099 3750 341 70 university,
1485 3752 152 54 1933.

419 3835 42 35 v,
495 3822 87 40 147
614 3833 41 37 p.
718 3822 56 41 23½
807 3824 43 21 cm
857 3856 8 8 .
937 3821 267 48 (Teachers
1238 3822 194 49 college,
1467 3820 253 45 Columbia
1756 3821 288 47 university.
348 3820 1995 101 Contributions
509 3882 47 38 to
589 3880 274 47 education,
894 3890 77 31 no.
1003 3880 110 48 528)

422 3938 173 40 Issued
624 3939 104 39 also
758 3948 55 30 as
845 3937 152 41 thesis
1037 3938 108 48 (PH.
1208 3938 34 47 D.)
1281 3937 253 42 Columbia
1566 3935 288 49 university.

420 3995 380 49 Bibliography:
831 4006 43 37 p.
907 3994 219 42 139-142.

352 4053 51 52 ©
443 4058 123 39 June
595 4057 69 42 10,
698 4056 112 40 1933;
873 4057 67 39 2c.
973 4056 117 46 July
1120 4056 82 41 27;
1238 4055 80 40 aff.
1353 4055 116 47 July
1501 4055 83 45 28;
1618 4054 41 39 A
1691 4054 171 46 64538;
1897 4053 242 40 Teachers
2171 4052 193 47 college,

421 4114 253 40 Columbia
705 4114 131 40 univ.
906 4111 284 47 (33-21923)
