2597 4403
1347 4091 105 52 258

368 414 183 66 Blair,
580 415 246 65 Walter,
893 417 141 52 1900-

441 491 160 53 Mike
652 490 173 69 Fink,
873 491 143 68 king
1066 491 66 52 of
1178 489 356 69 Mississippi
1582 488 411 67 keelboatmen,
2041 488 77 67 by
2164 487 225 54 Walter

372 568 167 54 Blair
573 568 114 55 and
720 567 287 55 Franklin
1041 569 58 55 J.
1132 567 208 54 Meine.
1409 568 143 53 New
1584 567 181 66 York,
1799 566 78 53 H.
1912 566 146 53 Holt
2093 566 113 53 and
369 584 1995 133 company
560 651 196 66 [c1933]

445 732 99 51 xiv,
568 733 87 42 283
681 744 45 39 p.
779 732 165 50 front.,
972 733 174 51 plates,
1172 735 151 48 ports.
1379 731 118 44 21cm.

447 804 380 51 Bibliography:
857 816 45 39 p.
931 804 221 42 269-283.

378 874 53 53 ©
466 880 122 38 Mar.
622 878 41 48 3,
697 876 142 49 1933;
875 876 66 42 2c.
977 880 96 39 and
1107 876 84 40 aff.
1224 878 124 39 Mar.
1382 876 53 47 6;
1472 875 41 40 A
1547 875 170 48 59745;
1755 876 170 47 Henry
1960 876 119 40 Holt
2115 876 38 40 &
2184 884 82 39 co.,
2301 874 92 43 inc.

457 934 253 51 (33-5924)

372 1037 229 68 Blinks,
629 1039 230 54 Ruetta
883 1038 153 66 Day.

509 1114 1822 71 … Food purchasing for the home, by Ruetta Day Blinks …
375 1193 2020 70 and Willetta Moore … 51 illustrations. 2d ed. rev. Chicago,
375 1271 433 70 Philadelphia,
836 1273 58 55 J.
926 1274 69 52 B.
1026 1271 343 70 Lippincott
1399 1290 283 51 company
1735 1274 159 52 [c1933]

447 1344 102 51 xiv,
577 1345 89 41 434
693 1357 46 38 p.
769 1346 112 41 incl.
913 1346 166 48 front.,
1111 1346 144 48 illus.,
1287 1345 173 49 tables,
1492 1345 170 43 forms,
1720 1346 88 41 col.
1840 1358 78 38 pl,
1951 1346 182 50 diagrs.
2162 1346 15 51 (1
2243 1346 144 50 fold.)

379 1401 117 43 22cm.
564 1402 347 51 (Lippincott’s
939 1404 142 41 home
1107 1402 242 49 manuals,
1380 1404 73 47 ed,
1481 1403 61 49 by
1571 1403 55 42 B.
1655 1404 56 41 R.
1740 1404 261 48 Andrews)

452 1474 384 51 “Bibliography
861 1476 82 41 for
969 1486 30 31 a
1025 1474 281 51 marketing
1333 1474 227 42 course”:
1590 1486 44 39 p.
1661 1474 220 43 418-420.

383 1545 53 52 ©
467 1548 130 48 Sept.
625 1548 69 47 15,
723 1546 142 48 1932;
896 1548 69 40 2c.
994 1547 111 40 Feb.
1135 1547 70 47 16,
1233 1546 143 48 1933;
1406 1545 84 42 aff.
1520 1546 110 40 Feb.
1660 1546 82 47 25;
1773 1547 41 39 A
1843 1547 172 47 60407;
2048 1548 44 41 J.
2122 1549 54 38 B.
451 1547 1931 99 Lippincott
580 1615 68 31 co.
720 1603 253 51 (33-5918)

377 1708 187 66 Bond,
593 1708 222 67 Frank,
847 1712 174 51 1856-

449 1785 105 71 My
580 1785 134 54 bird
744 1785 301 68 boarders;
1080 1784 203 55 stories
1312 1783 65 55 of
1409 1785 344 54 adventures
1785 1790 59 49 at
1876 1786 98 54 the
2004 1785 213 71 unique
379 1785 1997 134 cafeteria

559 1863 96 55 for
686 1863 180 69 birds,
899 1865 317 53 conducted
1247 1863 77 70 by
1357 1863 98 53 the
1490 1864 208 53 author
1733 1863 96 54 for
1862 1864 98 54 the
1995 1870 131 64 past

379 1870 2020 128 twenty-five
524 1962 167 51 years
724 1949 63 48 at
820 1942 315 56 Cleveland
1170 1942 177 70 Park,
1382 1941 407 71 Washington,
1824 1943 73 54 D.
1938 1941 94 71 C.;
2072 1944 330 55 illustrated

380 2022 76 70 by
487 2021 375 70 frontispiece
893 2021 60 54 in
982 2021 156 54 color
1167 2021 115 53 and
1314 2021 165 54 other
1508 2020 294 71 drawings
1829 2022 79 70 by
1939 2023 98 53 the
2068 2023 227 70 author,
2325 2023 77 71 by

382 2099 1995 150 Frank Bond; foreword by Dr. Theodore S. Palmer … Washington,
630 2179 72 57 D.
731 2178 83 70 C.,
837 2179 124 53 The
984 2177 189 57 Green
1199 2179 158 68 lamp
1383 2178 201 69 league
1615 2181 175 65 [c1933]

453 2250 1564 53 104 p. incl. illus., col. pl. 19½cm. (Green lamp library)
454 2323 69 40 “A
548 2324 96 40 few
668 2323 152 41 books
845 2322 150 42 about
1017 2321 194 42 birds”:
1237 2331 45 40 p.
1307 2320 101 43 104.

391 2393 53 53 ©
474 2398 112 41 Feb.
615 2398 69 42 14,
714 2395 142 49 1933;
887 2395 68 43 2c.
985 2396 112 40 Feb.
1126 2396 83 48 21;
1240 2395 84 41 aff.
1354 2395 109 40 Feb.
1496 2396 82 48 17;
1611 2396 41 40 A
1680 2395 172 49 59654;
1885 2397 51 40 F.
1969 2397 151 50 Bond,
459 2395 1932 101 Washington.
628 2455 254 49 (33-5841)

383 2560 254 64 Borden,
667 2561 194 63 Mary.

455 2635 305 55 Financial
790 2636 427 69 independence
1247 2636 97 55 for
1370 2636 189 55 wives.

493 2726 61 39 (In
582 2720 138 45 Good
749 2720 390 53 housekeeping,
1170 2721 132 51 Feb.,
1337 2721 145 51 1933)

395 2778 51 53 ©
501 2794 37 30 1c.
564 2783 122 39 Mar.
711 2781 70 49 28,
808 2780 115 43 1933;
978 2782 44 40 A
1044 2783 62 40 ad
1132 2782 88 41 int.
1246 2781 172 48 17712;
1446 2781 144 50 pubd.
1618 2783 110 42 Jan.
1754 2784 83 49 30;
1868 2786 62 40 M.
1958 2785 209 48 Borden,
2195 2785 213 42 London.

388 2887 320 66 Bradford,
737 2885 214 67 Ralph.

459 2966 74 53 In
578 2965 97 54 the
718 2964 188 69 image
951 2964 66 53 of
1057 2983 152 51 man,
1251 2963 76 70 by
1369 2963 195 69 Ralph
1609 2960 316 54 Bradford.
2003 2956 407 73 Washington,

388 3044 72 54 D.
491 3044 83 70 C.,
604 3046 151 51 1932.

461 3117 661 53 39, [1] p. 1 illus. 26cm.
464 3184 1947 54 “Six hundred and twenty-five copies of this edition … printed … at
392 3250 84 40 the
521 3247 221 50 printing
786 3248 152 40 house
983 3247 55 41 of
1082 3246 132 42 Judd
1261 3247 37 41 &
1344 3244 278 51 Detweiler,
1667 3243 357 51 incorporated,
2071 3241 338 53 Washington,

393 3306 57 41 D.
480 3304 79 43 C.”

464 3363 131 40 “The
621 3361 225 50 drawing
868 3362 43 41 is
936 3364 62 47 by
1024 3359 264 50 Benjamin
1315 3358 440 50 Greenstein.”—p.
1798 3359 28 41 [40]

399 3430 52 53 ©
482 3435 111 40 Dec.
625 3433 68 48 19,
725 3434 114 41 1932;
897 3434 67 41 2c.
997 3435 96 40 and
1123 3433 84 41 aff.
1238 3434 114 41 Dec.
1381 3434 84 47 23;
1498 3433 41 40 A
1569 3432 170 48 57579;
1774 3434 56 41 R.
1862 3433 263 47 Bradford,
468 3429 1929 105 Washington.
637 3491 253 49 (33-6048)

394 3596 260 63 Brewer,
684 3595 316 65 Leighton.

465 3672 126 54 Red
634 3671 270 70 hibiscus,
947 3692 73 35 an
1063 3672 149 69 idyll
1255 3672 68 54 of
1365 3672 310 68 Bermuda,
1716 3670 76 69 by
1834 3669 288 71 Leighton
2165 3672 249 52 Brewer.

396 3751 238 68 Boston,
673 3750 124 55 The
837 3751 383 70 Christopher
1260 3749 340 71 publishing
1639 3750 176 53 house
1876 3751 178 66 [c1933]

463 3825 56 41 57
551 3835 44 39 p.
655 3824 119 43 20cm.

465 3896 42 40 A
535 3895 257 42 narrative
817 3907 153 39 poem.

402 3962 53 53 ©
496 3967 110 40 Feb.
645 3968 40 47 3,
725 3966 115 43 1933;
909 3968 68 42 2c.
1018 3969 111 41 Feb.
1171 3968 52 47 6;
1266 3967 83 41 aff.
1391 3968 122 40 Mar.
1555 3966 53 48 6;
1651 3966 40 40 A
1730 3964 172 48 59750;
1946 3964 320 49 Christopher
2306 3964 108 48 pub.

469 4023 166 42 house.
707 4025 252 49 (33-5861)
