2582 4453
1366 4097 98 54 702

386 420 228 63 Hoffer,
645 419 335 55 Henriette.

525 497 1884 65 … La lecture sur les lèvres chez les sourds; rééducation
391 573 1953 70 psycho-visuelle, par Henriette Hoffer … et G. de Parrel …
391 653 156 52 Avec
576 655 65 50 50
668 651 208 69 figures
907 652 141 54 dans
1075 653 49 54 le
1153 658 166 49 texte.
1388 653 185 68 Paris,
1603 652 67 54 G.
1702 652 154 53 Doin
1883 654 47 51 &
1956 673 27 34 c
1988 652 32 30 ie
2027 696 11 24 ,
2067 657 150 50 1932.

460 722 1947 52 3 p. l., [3]-193, [1] p. illus. 21 ½ cm . (Collection de Parrel des manuels
390 782 58 40 de
483 780 328 42 rééducation.
890 782 69 46 [3])

395 838 1931 52 © Sept. 29, 1931; 1c. Dec. 28; A- Foreign 15075; Gaston Doin & cie.
476 900 283 48 (33-12223)

390 993 357 61 Hoornaert,
779 992 47 55 G.

525 1060 1884 78 … Le combat dé la pureté; à ceux qui ont vingt ans. Éd.
395 1146 1503 69 nouv. Paris, Desclée, de Brouwer & c ie [ c 1931]
464 1218 1359 52 2 p. l., [7]-353 p. 19 cm . (Problèmes d'éducation)
398 1276 2016 53 © Not. 25, 1931; 1c. Dec. 28; A- Foreign 15067; Desclée, de Brouwer
466 1339 37 40 &
529 1338 86 41 cie.
687 1338 283 49 (33-12224)

394 1431 184 63 Hope,
609 1430 199 54 Laura
835 1430 135 55 Lee.

467 1510 121 51 The
618 1508 264 56 Outdoor
912 1509 143 68 girls
1085 1509 59 51 in
1174 1510 207 52 Desert
1409 1508 189 69 valley;
1661 1527 80 50 or,
1773 1509 248 68 Strange
2050 1508 364 69 happenings

398 1587 1992 133 in a cowboy camp, by Laura Lee Hope … illustrated by Norman
564 1666 1511 69 Braley. New York, Grosset & Dunlap [ c 1933]
469 1739 1824 51 2 p. l. , 212 p. front., plates. 19½ cm . (Her Outdoor girls series)
403 1795 52 53 ©
487 1801 114 46 May
631 1800 69 45 12,
732 1799 113 40 1933;
905 1799 66 40 2c.
1005 1800 96 38 and
1133 1798 81 40 aff.
1247 1800 115 46 May
1392 1799 56 40 17;
1508 1799 40 38 A
1579 1798 148 40 62680;
1786 1798 200 40 Grosset
2018 1798 36 40 &
2085 1799 210 46 Dunlap,
2327 1798 91 40 inc.

480 1857 282 48 (33-12420)

395 1948 232 65 Horler,
659 1949 258 64 Sydney.

467 2027 140 53 Lass
637 2027 63 52 of
729 2026 251 53 fortune.
1062 2026 366 69 [Instalment
1455 2026 50 68 7]

478 2104 83 46 (In
591 2098 224 52 Tit-bits,
848 2099 119 52 May
1003 2101 71 49 13,
1109 2099 144 50 1933)

404 2156 51 52 ©
489 2161 66 42 1c.
589 2160 115 48 July
736 2161 40 45 1,
810 2160 141 46 1933;
986 2161 44 38 A
1060 2161 61 39 ad
1155 2160 86 41 int.
1275 2159 172 48 17947;
1483 2160 143 48 pubd.
1662 2161 115 47 May
1810 2160 52 47 6;
1902 2158 44 41 S.
1982 2160 192 44 Horler,
474 2160 1928 106 Bournemouth,

691 2219 237 46 England.

399 2299 157 65 Italy
597 2300 114 52 and
750 2301 96 51 the
885 2300 247 53 Italians
1173 2300 60 52 in
1271 2299 435 70 Washington’s
1744 2299 156 69 time,
1938 2301 77 68 by
2053 2300 257 54 Richard
2354 2299 63 56 C.

473 2378 257 67 Garlick,
785 2378 91 69 jr.,
932 2379 228 69 Angelo
1215 2378 206 54 Flavio
1479 2377 199 70 Guidi,
1734 2378 293 70 Giuseppe
2083 2378 343 67 Prezzolini,

475 2459 198 52 Bruno
710 2458 217 53 Roselli
988 2459 132 66 [and]
1160 2458 175 69 Luigi
1369 2458 213 68 Russo;
1623 2458 141 53 with
1803 2477 32 34 a
1873 2457 287 54 foreword
2196 2459 78 67 by
473 2456 1927 134 Edward

664 2535 1435 71 Corsi. New York, Italian publishers [ c 1933]
474 2611 698 51 5 p. l. , 5-131, [1] p. 24 cm .
475 2668 146 41 “This
642 2670 192 39 volume
858 2669 90 40 has
971 2669 119 40 been
1113 2669 238 48 prepared
1376 2669 153 39 under
1555 2669 84 40 the
1660 2666 224 51 auspices
1910 2667 51 42 of
1984 2667 127 42 Casa
2134 2666 210 42 italiana
2372 2666 51 41 of

403 2725 253 42 Columbia
685 2725 288 49 university,
1001 2726 119 39 New
1145 2725 133 40 York
1305 2724 144 49 city.”

474 2783 226 42 Includes
721 2782 395 49 bibliographies.

745 2838 238 49 CONTENTS.—Philip
1010 2838 200 48 Mazzei,
1238 2839 63 48 by
1330 2839 56 40 R.
1416 2838 50 42 C.
1497 2838 213 48 Garlick,
1741 2837 449 49 jr.—Washington
2219 2838 96 40 and
2344 2838 83 40 the

406 2895 225 49 Italians,
660 2897 62 49 by
750 2896 55 42 A.
836 2896 50 40 F.
919 2894 486 43 Guidi.—American
1433 2895 260 42 travellers
1723 2894 51 42 in
1806 2894 132 50 Italy
1967 2897 54 39 at
2051 2895 85 41 the
2164 2893 262 51 beginning

405 2953 53 41 of
488 2955 81 39 the
600 2954 112 40 18th
744 2957 218 45 century,
992 2954 62 48 by
1087 2953 242 49 Giuseppe
1359 2952 621 41 Prezzolini.—Francesco
2010 2951 136 49 Vigo,
2179 2952 164 41 savior
2375 2951 52 41 of

405 3011 82 41 the
515 3009 238 48 midwest,
782 3011 62 48 by
871 3011 167 39 Bruno
1068 3009 478 41 Roselli.—Lorenzo
1574 3010 60 40 da
1665 3010 168 47 Ponte,
1860 3009 61 49 by
1949 3008 144 49 Luigi
2119 3009 175 41 Russo.

409 3062 52 54 ©
492 3070 119 38 Mar.
642 3069 69 46 15,
741 3068 140 41 1933;
913 3068 67 39 2c.
1011 3068 96 39 and
1137 3067 82 41 aff.
1249 3068 112 47 Apr.
1393 3067 82 47 19;
1507 3068 40 38 A
1577 3067 171 41 62200:
1784 3067 182 39 Italian
1996 3065 290 50 publishers.

490 3126 281 48 (33-12556)

404 3200 312 67 Jacobson,
747 3203 182 53 Jacob
961 3202 193 65 Zavel,
1190 3204 172 50 1900-
1576 3202 85 54 ed.

478 3280 117 53 Art
620 3280 65 54 of
711 3281 194 67 today,
934 3279 273 69 Chicago,
1237 3282 153 66 1933,
1418 3279 191 54 edited
1635 3281 78 67 by
1738 3279 57 55 J.
1826 3281 57 51 Z.
1912 3279 302 55 Jacobson.
409 3277 1993 151 Chicago,

593 3358 596 69 L. M. Stein [ c 1932]
478 3434 136 47 xxix,
646 3433 206 51 [31]-154
880 3445 59 37 p.,
967 3434 25 39 1
1042 3466 8 8 l.
1077 3433 112 41 incl.
1215 3433 145 47 illus.,
1387 3433 173 48 plates.
1621 3433 57 41 28½c
1727 3435 27 21 m
1759 3465 9 9 .

482 3490 227 41 “Artists’
754 3492 305 45 statements,
1102 3491 97 39 and
1240 3489 400 49 reproductions”
1659 3500 9 29 :
1712 3500 43 38 p.
1802 3488 207 51 [31]-135;
2082 3487 346 49 Biographical

409 3550 136 37 notes
564 3558 9 29 :
608 3558 40 37 p.
673 3547 217 40 137-154.

415 3601 51 53 ©
500 3607 110 38 Dec.
642 3606 68 43 14,
742 3605 140 41 1932;
916 3604 67 41 2c.
1015 3604 96 40 and
1142 3603 82 41 aff.
1257 3605 117 46 May
1402 3604 39 45 1,
1474 3603 141 47 1933;
1649 3604 40 38 A
1721 3603 171 43 62464;
1927 3603 51 40 L.
2013 3604 59 38 M.
2109 3601 149 42 Stein.

493 3662 282 49 (33-12553)

410 3737 281 68 Kästner,
725 3738 200 66 Erich,
960 3743 171 51 1899-

486 3819 314 52 Annaluise
835 3820 110 51 and
983 3819 215 65 Anton,
1235 3837 30 33 a
1299 3822 159 63 story
1494 3817 93 54 for
1620 3817 276 64 children,
1929 3817 77 68 by
2040 3815 177 54 Erich
415 3816 1986 137 Kästner;

576 3897 322 53 illustrated
931 3897 75 68 by
1034 3896 224 55 Walter
1286 3896 194 63 Trier;
1515 3896 313 53 translated
1865 3894 151 54 from
2048 3896 96 51 the
2174 3894 249 56 German

414 3976 71 67 by
518 3976 135 53 Eric
688 3976 226 55 Sutton.
991 3975 138 53 New
1162 3975 179 67 York,
1373 3976 190 61 Dodd,
1594 3974 170 53 Mead
1795 3978 45 49 &
1871 3992 298 49 company,
2204 3976 148 50 1933.
