2582 4453
1309 4152 138 51 1294

381 468 253 65 Seibert,
665 469 280 52 Kenneth
978 468 260 54 Seward.

445 546 103 67 My
574 546 372 67 candelabra;
973 545 304 68 including
1303 545 164 67 daily
1490 545 285 67 scripture
1800 545 258 67 reading,
2085 546 94 52 the
2209 546 183 65 Bible,

374 643 102 34 one
514 624 218 53 minute
768 624 235 53 reviews
1038 624 63 53 of
1137 624 94 52 the
1269 623 175 53 books
1481 624 64 53 of
1580 624 95 53 the
1716 622 184 68 Bible,
1937 626 100 50 100
2074 624 318 67 important

378 703 163 53 Bible
568 703 340 67 characters,
936 702 426 67 chronological
1387 702 217 53 outline
1632 702 63 53 of
1721 702 96 53 the
1845 702 184 66 Bible,
378 702 1990 131 chronological

519 781 217 52 outline
771 781 64 53 of
867 781 94 53 the
998 780 105 53 life
1138 780 64 54 of
1238 780 216 66 Christ,
1486 780 261 53 miracles
1781 780 64 54 of
1880 780 216 65 Christ,
2134 780 258 54 miracles

375 859 64 52 of
472 860 94 52 the
603 858 116 56 Old
754 860 112 52 and
901 859 141 52 New
1073 860 377 65 Testaments,
1483 859 263 66 parables
1781 858 63 54 of
1881 858 215 69 Christ,
2133 860 259 66 parables

376 937 63 52 of
477 938 95 52 the
613 935 116 56 Old
766 938 349 66 Testament,
1152 936 152 54 table
1344 936 63 54 of
1445 937 312 66 scriptural
1797 936 259 68 weights,
2093 956 300 48 measures,

378 1016 111 52 and
518 1033 222 50 money,
768 1015 313 68 every-day
1109 1015 288 67 questions
1429 1016 112 52 and
1571 1016 185 52 where
1786 1022 59 46 to
1876 1015 115 53 find
2021 1017 95 52 the
2149 1036 245 34 answers

377 1095 59 51 in
475 1094 95 53 the
610 1094 187 68 Bible,
834 1112 255 49 prayers,
1131 1094 73 67 by
1244 1093 270 53 Kenneth
1558 1092 57 56 S.
1658 1093 241 56 Seibert.
1974 1094 145 54 Fort
2155 1095 240 68 Wayne,

378 1172 146 68 Ind.,
558 1173 123 52 The
710 1172 244 54 Lincoln
987 1191 175 48 press,
1196 1175 151 50 1933.

452 1246 26 40 5
506 1257 43 38 p.
580 1246 28 40 l.,
654 1244 188 50 15-143,
875 1246 55 50 [1]
960 1256 43 39 p.
1064 1243 57 42 23c
1141 1246 27 22 m
1173 1278 8 8 .

456 1317 177 41 Tables
659 1329 61 29 on
747 1316 368 50 lining-papers.

476 1377 174 40 “Works
682 1376 52 41 of
766 1376 227 40 valuable
1027 1374 301 41 assistance”
1349 1386 7 28 :
1392 1385 140 30 verso
1567 1376 51 39 of
1650 1376 59 39 3d
1743 1376 173 48 prelim.
1963 1377 114 39 leaf.

385 1443 51 53 ©
463 1449 120 47 Aug.
609 1449 39 46 7,
675 1447 141 46 1933;
844 1447 68 40 2c.
939 1448 95 38 and
1061 1445 83 41 aff.
1170 1446 120 48 Aug.
1318 1446 52 46 9;
1399 1446 41 39 A
1465 1446 171 47 64833;
1666 1447 59 39 K.
1755 1447 42 41 S.
1829 1447 201 49 Seibert,
2061 1449 118 40 Fort
2206 1450 199 47 Wayne,

451 1507 105 38 Ind.
629 1503 283 50 (33-24470)

369 1609 226 67 Sewell,
630 1609 206 67 Helen,
874 1613 172 51 1896-

450 1690 145 52 Blue
644 1689 190 67 barns,
885 1689 96 53 the
1031 1694 158 61 story
1240 1687 65 53 of
1352 1693 115 47 two
1515 1688 100 68 big
1664 1706 158 51 geese
1874 1689 113 53 and
2039 1709 167 40 seven
2255 1691 149 52 little

378 1768 197 67 ducks,
600 1768 75 67 by
702 1768 187 54 Helen
920 1766 221 56 Sewell.
1218 1767 140 52 New
1384 1766 181 68 York,
1592 1768 121 52 The
1741 1767 337 54 Macmillan
2106 1787 299 50 company,

376 1850 149 50 1933.

444 1921 86 50 [46]
563 1931 44 38 p.
668 1920 128 41 illus.
859 1920 56 41 25½
948 1922 45 22 cm
998 1954 9 9 .

374 1988 1770 53 © Sept. 12, 1933 : 2c. and aff. Sept. 13 ; A 66007; Macmillan co.
457 2049 282 50 (33-24349)

370 2154 292 66 Spindler,
693 2154 231 57 Albert.

448 2231 1954 71 Le cheval à l’époque du moteur; production, mise en valeur,
371 2312 341 67 utilisation,
739 2312 79 52 les
877 2312 238 53 éléments
1144 2312 75 52 du
1248 2329 202 35 succes.
1528 2311 242 53 Preface
1799 2313 67 52 de
1893 2332 73 34 m.
1994 2313 78 53 H.
2102 2314 66 53 de
2197 2313 196 56 Pierre

432 2390 1022 69 … Paris, Berger-Levrault, 1933.
442 2466 64 47 ix,
537 2466 87 39 224
655 2476 43 38 p.
760 2465 56 40 22½
849 2467 44 22 cm
899 2496 9 9 .

371 2542 51 52 ©
447 2547 114 47 Apr.
587 2547 39 46 3,
653 2546 113 40 1933
786 2557 8 30 :
822 2546 17 39 3
853 2557 35 28 c.
916 2546 127 39 June
1067 2547 52 41 6;
1148 2545 313 47 A-Foreign
1485 2545 173 48 21089;
1687 2545 225 41 Editions
1939 2546 452 48 Berger-Levrault.

452 2603 283 48 (33-25161)

367 2708 200 65 Stock,
601 2709 119 53 Leo
753 2708 266 65 Francis,
1057 2709 172 54 1878-
1449 2708 85 55 ed.

448 2788 217 55 United
695 2788 190 59 States
910 2786 291 55 ministers
1227 2794 59 47 to
1311 2788 94 53 the
1434 2788 187 68 Papal
1650 2794 202 61 states;
1883 2788 371 54 instructions
2282 2790 108 52 and

376 2867 2017 149 despatches, 1848-1868, edited with introduction by Leo Francis Stock … Washington, D. C., Catholic university press,
379 3029 151 51 1933.

445 3101 169 47 xxxix,
647 3102 88 40 456
765 3113 41 37 p.
870 3102 56 39 26½
959 3104 43 20 cm
1010 3134 7 7 .
1090 3101 302 49 (Half-title:
1425 3100 260 41 American
1720 3101 224 41 Catholic
1977 3100 255 41 historical
373 3111 2004 89 association.

629 3159 311 41 Documents,
998 3160 94 40 vol.
1150 3159 14 47 I)

444 3229 104 39 “All
585 3230 81 39 the
700 3231 285 39 documents
1020 3230 114 40 here
1167 3231 258 46 presented
1461 3240 85 30 are
1579 3230 195 48 printed
1806 3230 129 40 from
1970 3229 161 49 copies
2166 3230 143 40 made
2341 3231 53 39 at

373 3286 2018 48 the Department of state. Futile efforts were made … to secure for
371 3342 239 42 inclusion
648 3343 47 40 in
733 3344 99 40 this
869 3345 190 40 volume
1095 3345 161 48 copies
1292 3345 52 39 of
1379 3345 118 40 such
1535 3346 284 39 documents
1857 3345 49 39 in
1943 3345 80 40 the
2061 3344 122 40 offce
2221 3344 52 40 of
2310 3344 82 39 the

373 3401 144 47 papal
549 3401 257 48 Secretary
837 3401 53 41 of
921 3404 129 38 state
1080 3413 54 29 as
1167 3413 83 29 are
1281 3405 83 37 not
1397 3405 48 38 to
1476 3403 57 40 be
1563 3403 153 39 found
1749 3403 48 39 in
1828 3399 562 50 Washington.”—Pref.

373 3465 51 53 ©
455 3471 116 48 July
599 3471 69 47 28,
699 3472 140 42 1933;
870 3472 66 40 2c.
966 3473 119 46 Aug.
1115 3472 81 41 16:
1228 3472 72 40 aff
1341 3474 119 45 Aug.
1490 3473 83 42 22:
1607 3474 40 38 A
1675 3472 171 48 65007;
1880 3473 259 40 American
2169 3470 223 44 Catholic

440 3528 252 40 historical
728 3540 143 35 assn.
905 3530 335 46 Washington.
1314 3530 283 49 (33-24324)

368 3631 194 62 Swan,
599 3634 277 60 Andrew,
918 3639 127 50 1868-

440 3709 120 55 The
586 3710 355 55 remarkable
966 3717 159 65 story
1149 3712 64 54 of
1237 3712 255 54 Andrew
1520 3711 190 70 Swan,
1734 3713 173 70 being
1932 3731 30 36 a
1989 3712 195 55 record
2211 3711 64 56 of
2300 3713 89 53 his

370 3789 376 67 experiences,
784 3791 64 52 of
884 3790 89 55 his
1009 3792 339 67 shipwreck,
1385 3793 110 52 and
1536 3792 65 54 of
1634 3792 91 54 his
1760 3810 174 51 many
1972 3810 224 50 escapes
2236 3792 150 52 from

371 3867 167 53 death
590 3869 214 70 during
852 3868 325 69 forty-four
1222 3889 163 50 years
1433 3871 64 52 of
1542 3870 336 70 wandering
1926 3871 341 53 adventures
2313 3870 74 67 by

370 3945 135 54 land
537 3948 109 52 and
678 3947 76 70 by
783 3967 108 34 sea.
921 3949 121 53 told
1072 3949 75 54 by
1176 3947 237 55 himself
1444 3950 110 53 and
1589 3949 229 54 written
1850 3950 165 53 down
2046 3949 75 68 by
2152 3948 231 57 Dugald

369 4023 367 70 Macfadyen.
800 4026 260 69 London,
1151 4028 177 53 Hodder
1354 4029 111 52 and
1499 4026 345 69 Stoughton,
1873 4026 241 72 limited,
2142 4030 151 50 1933.
