2484 4405
1077 4114 132 51 1301

95 488 257 61 Marrou,
382 480 278 56 Maurice.

279 538 1812 88 … Yo, le coupeur d’oreilles, par Maurice Marron. Paris,
100 635 319 58 Gallimard
572 635 84 65 [c1933]

100 692 1973 121 2 p. l., [7]—222 p., 1 l. 18 ½ cm. (Les chefs-d'œuvre du roman d’aventures)
102 837 52 53 ©
179 841 114 46 May
316 838 68 41 10.
409 836 140 47 1933;
634 864 8 11 1c.
668 833 127 40 June
817 832 83 45 24;
928 831 98 38 A-
1030 827 207 49 Foreign
1262 825 171 48 21379;
1463 823 241 41 Librairie
1730 821 284 41 Gallimard.

181 890 279 54 (33-25354)

101 996 315 66 Masefield,
450 995 173 63 John,
660 993 170 52 1878-

176 1076 120 52 The
337 1075 269 67 Conway,
645 1069 152 54 from
837 1072 99 51 her
977 1065 340 56 foundation
1360 1071 58 45 to
1457 1065 94 51 the
1592 1067 226 63 present
1857 1061 130 68 day,
2024 1060 73 70 by

106 1156 155 54 John
287 1151 308 55 Masefield.
672 1150 137 51 New
840 1147 177 65 York,
1044 1145 121 53 The
1192 1143 333 53 Macmillan
1554 1157 295 52 company,
1881 1143 148 49 1933.

202 1219 980 57 6 p. l., 3-235 p. front., plates. 23cm.
181 1283 282 42 Illustrated
494 1281 360 48 lining-papers.

110 1351 52 52 ©
189 1355 118 44 Aug.
333 1352 70 46 28,
430 1351 141 39 1933:
599 1350 66 39 2c.
694 1349 94 39 and
817 1346 83 42 aff.
925 1347 120 46 Aug.
1071 1344 85 41 29:
1186 1345 40 37 A
1253 1342 171 42 64856:
1454 1344 43 37 J.
1527 1342 263 48 Masefield,
1821 1339 285 50 Sapperton,

179 1407 428 47 Gloucestershire,
643 1406 232 45 England.
948 1401 280 50 (33-24521)

109 1513 325 64 Monglone,
463 1511 146 53 Jean
639 1510 86 53 de.

242 1577 1866 76 … Mademoiselle de Marsay. Paris, Gautier-Languereau,
117 1669 146 51 1932.

184 1728 1490 59 286 p., 1 l. 19cm (On cover: Bibliothèque de ma fille)
113 1800 53 53 ©
194 1804 116 46 May
336 1802 69 47 15,
434 1802 139 44 1932;
662 1830 9 8 1c.
700 1800 118 45 Aug.
848 1799 39 40 2.
918 1797 139 39 1933:
1090 1796 103 40 A-
1196 1795 207 47 Foreign
1429 1794 173 48 21760;
1636 1784 223 51 Éditions
188 1792 1924 113 Gautier-Languereau.
590 1855 279 48 (33-25521)

115 1963 184 64 Nane,
330 1961 193 68 pseud.

121 2029 1969 151 … Le roman de monsieur Doucet. Paris, Gautier-Languereau, 1933.
191 2184 1068 53 249 p., 2 l. 18cm. (Collection familia)
121 2237 1997 124 © Jan. 15, 1933; 1c. Aug. 2; A- Foreign 21767; Éditions Gautier-Langnereau. (33-25223)
121 2413 145 54 New
296 2411 160 52 York
491 2412 217 67 (State)
795 2409 206 55 Courts
1027 2411 69 67 of
1127 2411 211 51 record.

254 2483 1866 76 … The miscellaneous reports. Cases decided in the Courts
127 2570 62 52 of
225 2568 196 54 record
456 2567 67 53 of
557 2567 95 54 the
687 2572 143 48 state
869 2566 63 54 of
967 2567 138 52 New
1141 2566 162 53 York
1338 2567 162 53 other
1535 2566 141 54 than
1712 2567 94 53 the
1844 2566 180 55 Court
2058 2566 62 53 of

128 2648 230 68 appeals
411 2646 111 53 and
573 2646 95 52 the
721 2645 283 68 appellate
1057 2644 250 54 division
1356 2644 63 54 of
1469 2645 94 51 the
1619 2643 274 70 Supreme
1944 2651 176 47 court.

127 2723 211 55 Austin
373 2726 65 52 B.
474 2719 218 72 Griffin,
723 2726 273 66 reporter.
1097 2739 52 36 v.
1186 2726 115 63 146,
1336 2725 149 50 1932.
1566 2720 239 69 [Official
1837 2723 86 53 ed.]

128 2723 1971 148 Albany,
321 2805 55 53 J.
403 2804 66 52 B.
496 2803 162 65 Lyon
686 2819 295 51 company,
1010 2803 149 49 1932.

197 2876 95 47 xvi,
325 2875 86 41 968
442 2885 44 38 p.
547 2874 143 41 23½cm.

135 2927 51 53 ©
219 2933 125 47 Sept.
375 2931 37 48 8,
443 2931 113 40 1933;
613 2930 66 41 2c.
713 2930 126 48 Sept.
868 2930 55 40 23;
983 2929 80 40 aff.
1099 2929 128 49 Sept.
1254 2929 55 40 21;
1370 2929 41 40 A
1439 2930 143 40 65326;
1643 2930 210 41 Edward
1885 2932 41 38 J.
1959 2931 170 48 Flynn,

202 2990 246 46 secretary
484 2988 52 38 of
569 2987 82 40 the
684 2990 128 37 state
847 2986 54 41 of
933 2986 116 39 New
1086 2986 143 47 York,
1267 2986 50 40 in
1353 2988 129 39 trust
1518 2987 79 39 for
1634 2989 80 38 the
1750 2987 175 41 benefit
1960 2989 53 37 of
2048 2988 82 40 the

206 3046 165 46 people
398 3044 51 40 of
476 3045 82 39 the
585 3045 141 47 state,
754 3042 205 49 Albany.

141 3146 353 68 [Newmark,
519 3146 53 56 J.
600 3146 72 54 H.]

206 3224 149 52 How
384 3228 57 49 to
472 3225 168 51 select
668 3224 136 67 gold
833 3222 225 71 mining
1083 3224 205 69 stocks,
1318 3241 59 37 as
1405 3225 121 52 told
1555 3224 76 70 by
1696 3226 121 51 "The
1847 3226 96 52 old
137 3244 1969 126 prospector”.

463 3301 287 66 [Toronto,
807 3300 251 55 Canada.
1113 3301 366 56 Foundation
1533 3303 305 63 securities,
1891 3303 240 61 limited,

139 3382 173 64 c1933]

207 3452 431 50 22. [1] p. 1 7½cm.
209 3506 295 43 Cover-title.

146 3550 1976 112 © 1c. Oct. 26, 1933: A ad int. 18285; pubd. Sept. 13; Foundation securities. ltd.
148 3718 279 68 [Oldfield,
458 3719 215 57 Claude
703 3719 322 64 Houghton]
1118 3725 138 52 1889-

153 3791 1960 159 … Julian Grant loses his way. Garden City, N. Y. Doubleday, Doran & company, inc., 1933.
215 3949 622 51 4 p. l., 3-357 p. 19½cm.
227 4005 223 43 Author’s
477 4008 178 47 pseud,,
685 4008 181 40 Claude
894 4007 276 50 Houghton,
1199 4012 53 39 at
1277 4010 124 42 head
1430 4012 52 39 of
1510 4010 119 42 title.
