2582 4453
1310 4106 135 54 1766

357 410 353 64 Silverman,
739 407 237 67 Morris,
1005 428 179 46 comp.

422 502 122 51 The
573 501 195 67 junior
797 500 361 68 prayerbook
1452 480 218 73 תפלות
1190 480 239 73 לילדים
1690 497 96 53 for
1806 516 344 51 synagogue,
2173 496 207 71 school,

357 578 1996 149 home, and camp, by Morris Silverman, v. l. Junior congregation
601 658 241 53 services
884 658 95 52 for
1024 658 77 52 all
1147 658 303 60 Sabbaths,
1494 657 281 61 festivals,
1816 658 262 53 national
2121 659 113 52 and
358 677 1992 114 patriotic

591 737 304 53 occasions.
1030 757 82 32 New
1152 737 164 54 York
1355 738 134 68 city,
1529 738 121 53 The
1689 737 219 56 United
1946 755 330 51 synagogue
2315 737 62 53 of

357 816 287 67 America,
678 820 152 51 1933.

420 892 62 46 vi,
516 892 72 49 [1],
617 891 84 39 121
732 902 41 37 p.
833 890 85 42 194
921 894 45 20 cm
972 924 7 7 .

434 948 205 48 English
666 949 95 39 and
785 947 225 41 Hebrew.

357 1016 2006 109 © Oct. 26, 1933; 2c. Nov. 9; aff. Nov. 4; A 68013 ; M. Silverman, Hartford. (33-37970)
359 1178 216 68 Smith,
607 1181 223 53 Homer
859 1179 175 68 John,
1068 1183 173 50 1886-

430 1259 374 54 Automotive
836 1260 193 68 repair
1062 1259 96 54 for
1188 1260 193 53 school
1415 1260 113 52 and
1558 1260 195 66 home;
1788 1279 31 33 a
1851 1259 264 69 working
2147 1257 231 55 manual

360 1338 64 53 of
458 1357 262 35 common
753 1339 143 67 jobs,
929 1339 75 68 by
1037 1338 221 53 Homer
1292 1339 57 54 J.
1385 1338 192 55 Smith
1619 1382 56 9 …
1716 1339 113 52 and
1862 1339 129 67 Roy
2027 1338 58 56 S.
2118 1338 163 53 Kern
2319 1382 55 10 …

361 1417 226 67 Peoria,
621 1418 114 66 Ill.,
771 1417 123 53 The
930 1417 241 53 Manual
1208 1422 117 48 arts
1361 1435 158 51 press
1560 1451 11 33 [
1577 1424 17 21 c
1601 1421 153 64 1933]

431 1490 84 41 123
547 1502 45 38 p.
652 1490 57 41 23
713 1493 15 21 cm
762 1523 8 9 .

357 1557 2023 53 © Nov. 29, 1933 ; 2c. and aff. Dec. 4; A 67366; H. J. Smith, Minneapolis,
428 1621 96 39 and
549 1620 106 48 Roy
681 1621 44 40 S.
751 1621 149 45 Kern,
927 1619 306 40 Milwaukee.
1293 1639 9 30 t
1310 1615 52 52 ©
1388 1629 107 30 new
1519 1622 196 46 matter]
1793 1619 282 49 (33-38429)

360 1721 198 68 Stern,
589 1723 334 66 Bernhard,
958 1725 174 53 1867-

431 1803 123 53 The
598 1805 228 52 scented
873 1804 246 67 garden;
1167 1803 428 68 anthropology
1640 1804 65 52 of
1748 1804 96 52 the
1889 1822 96 36 sex
2030 1803 106 53 life
2181 1803 61 54 in
2285 1805 95 51 the

358 1882 239 67 Levant,
622 1883 77 67 by
726 1883 306 53 Bernhard
1060 1883 188 55 Stern,
1275 1900 66 34 m.
1369 1901 78 48 n.;
1477 1882 320 54 translated
1822 1883 76 67 by
1924 1882 195 54 David
2146 1885 234 66 Berger,

358 1980 66 35 m.
449 1981 52 34 a.
578 1962 140 52 New
746 1962 180 67 York,
950 1962 245 53 Printed
1220 1961 95 53 for
1338 1959 364 70 subscribers,
1727 1961 310 54 American
360 1961 1995 134 ethnological
477 2059 174 51 press,
684 2044 150 51 1934.

435 2116 67 38 xii
532 2124 57 38 p.,
617 2116 22 38 1
702 2146 9 16 l.,
740 2115 174 40 15-443
941 2126 41 37 p.
1013 2116 109 40 incl.
1147 2114 166 47 front.,
1340 2114 129 41 illus.
1531 2114 55 40 23½
1620 2116 44 21 cm
1670 2147 8 8 .

436 2173 240 40 “Limited
710 2176 46 37 to
787 2173 78 40 six
896 2174 221 39 hundred
1148 2172 161 49 copies
1339 2172 104 40 sold
1473 2173 113 46 only
1615 2172 60 47 by
1709 2171 344 48 subscription.
2114 2172 118 39 This
2263 2182 118 39 copy

365 2229 141 49 being
531 2230 204 40 number
761 2230 130 41 459.”

362 2284 2023 52 © Dec. 1, 1933 ; 2c. and aff. Dec. 13; A 67526; Amer. ethnological press.
439 2346 284 48 (33-38026)

361 2448 201 65 Stone,
595 2447 260 56 Richard
893 2448 258 67 Gabriel,
1188 2452 173 51 1903-

439 2573 56 9 …
523 2529 298 53 Hezekiah
849 2528 159 57 Xiles
1032 2548 60 34 as
1116 2547 74 34 an
1212 2527 326 69 economist,
1563 2529 75 67 by
1662 2529 257 52 Richard
1944 2527 237 56 Gabriel
2209 2527 171 56 Stone

365 2650 56 9 …
503 2607 336 66 Baltimore,
869 2608 121 53 The
1019 2608 186 54 Johns
1232 2607 274 68 Hopkins
1534 2626 175 48 press,
1739 2611 151 50 1933.

438 2682 85 39 137
562 2692 42 37 p.
667 2681 54 39 24½
755 2684 43 20 cm
805 2714 7 6 .
885 2682 126 45 (The
1050 2682 155 39 Johns
1244 2680 224 49 Hopkins
1505 2680 274 48 university
1819 2679 187 41 studies
2044 2678 50 39 in
2129 2677 251 41 historical

366 2740 95 39 and
491 2737 219 48 political
738 2738 187 42 science
956 2771 47 8 …
1069 2749 92 31 ser.
1241 2771 8 14 LI,
1277 2749 75 30 no.
1380 2739 51 43 5)

439 2796 172 40 Issued
641 2798 104 38 also
775 2808 53 29 as
863 2797 151 40 thesis
1055 2797 14 48 (PH.
1245 2798 13 46 D.)
1296 2797 154 40 Johns
1481 2795 224 49 Hopkins
1735 2794 289 48 university.

437 2853 380 48 Bibliography:
847 2865 43 37 p.
920 2854 218 41 131-133.

365 2907 1909 54 © Dec. 4. 1933 ; 2c. and aff. Dec. 7; A 68414: Johns Hopkins press.
444 2970 282 48 (33-38193)

365 3069 200 69 Stone,
596 3073 230 55 Wilbur
855 3075 229 65 Macey,
1117 3077 173 50 1862-

437 3150 121 53 The
606 3149 314 70 Gigantick
967 3150 266 54 histories
1281 3151 63 53 of
1389 3152 249 52 Thomas
1685 3151 303 66 Boreman,
2036 3149 74 67 by
2157 3147 229 54 Wilbur

366 3228 200 70 Macey
602 3229 189 54 Stone.
858 3229 300 67 Portland,
1192 3230 129 68 Ale.,
1355 3230 121 52 The
1513 3229 185 55 South
1702 3229 185 53 worth
1922 3246 174 51 press,
2133 3229 150 50 1933.

435 3302 721 47 41 p., 1 l. facsims. 22 cm .
441 3359 143 40 “Two
626 3361 222 39 hundred
891 3362 95 38 and
1026 3360 113 49 fifty
1179 3361 160 48 copies
1381 3361 52 39 of
1473 3360 100 42 this
1613 3362 123 39 book
1777 3364 124 37 have
1941 3362 117 39 been
2098 3360 193 48 printed
2337 3392 45 7 …

368 3416 211 50 [Signed]
613 3418 193 40 Wilbur
839 3418 171 48 Macey
1046 3418 190 41 Stone.”

442 3476 69 39 “A
538 3475 86 41 list
654 3476 52 39 of
734 3476 82 40 the
846 3475 261 42 histories”
1127 3487 9 29 :
1166 3487 42 38 p.
1241 3476 159 41 37-41.

369 3532 52 52 ©
451 3537 119 40 Nov.
600 3538 69 41 14,
701 3536 141 40 1933:
874 3538 67 38 2c.
973 3538 96 39 and
1100 3536 80 40 aff.
1214 3538 112 39 Dec.
1401 3547 8 31 8:
1443 3537 39 38 A
1513 3536 171 46 68434;
1721 3537 316 40 Southworth
2069 3546 150 39 press.

448 3594 282 46 (33-38176)

375 3697 238 65 [Street,
644 3697 154 55 Cecil
825 3698 156 53 John
1012 3697 266 70 Charles]
1316 3701 172 51 1884-

439 3775 120 54 The
598 3776 232 53 Venner
870 3777 191 62 crime,
1100 3776 75 65 by
1215 3776 155 53 John
1413 3776 200 53 Rhode
1678 3777 214 68 [pseud.]
1972 3775 261 67 London,
367 3776 1992 131 Odhams

562 3873 174 49 press,
767 3854 225 54 limited
1032 3857 172 65 [1933]

438 3928 87 41 248
569 3940 43 37 p.
673 3928 56 41 19
732 3931 44 21 cm
782 3960 8 8 .

373 3981 2018 54 © 1c. Dec. 14, 1933; A ad int. 18477; pubd. Nov. 13; Dodd, Mead & co.,
442 4043 107 37 inc..
575 4045 116 35 New
719 4044 143 36 York.
935 4043 193 37 (34-68)
