<alto xmlns="http://www.loc.gov/standards/alto/ns-v3#" xmlns:xlink="http://www.w3.org/1999/xlink" xmlns:xsi="http://www.w3.org/2001/XMLSchema-instance" xsi:schemaLocation="http://www.loc.gov/standards/alto/ns-v3# http://www.loc.gov/alto/v3/alto-3-0.xsd"><Description>
<MeasurementUnit>pixel</MeasurementUnit>
<sourceImageInformation>
<fileName>1933_v1_Part1.pdf</fileName>
</sourceImageInformation>
<OCRProcessing ID="IdOcr">
<ocrProcessingStep>
<processingDateTime>2019-01-03</processingDateTime>
<processingSoftware>
<softwareCreator>ABBYY</softwareCreator>
<softwareName>ABBYY Recognition Server</softwareName>
<softwareVersion>4.0</softwareVersion>
</processingSoftware>
</ocrProcessingStep>
</OCRProcessing>
</Description>
<Styles>
<ParagraphStyle ID="StyleId-FFFFFFFF-FFFF-FFFF-FFFF-FFFFFFFFFFFF-" ALIGN="Left" LEFT="0." RIGHT="0." FIRSTLINE="0."/>
<ParagraphStyle ID="StyleId-6EF5737A-DCEB-4126-A0CF-C5930BF7166A-" ALIGN="Left" LEFT="0." RIGHT="0." FIRSTLINE="0." LINESPACE="8.300000191"/>
<ParagraphStyle ID="StyleId-2DE44258-FD0B-41E1-B542-087C989B01A3-" ALIGN="Left" LEFT="0." RIGHT="0." FIRSTLINE="0." LINESPACE="12.19999981"/>
<ParagraphStyle ID="StyleId-CE3D254A-29D7-4DD7-B5F1-E0FC0EF29B05-" ALIGN="Left" LEFT="0." RIGHT="0." FIRSTLINE="-14." LINESPACE="8.619999886"/>
<ParagraphStyle ID="StyleId-C0E3A137-CE4F-4287-8A90-B599106709D0-" ALIGN="Left" LEFT="0." RIGHT="0." FIRSTLINE="-14." LINESPACE="12.19999981"/>
<ParagraphStyle ID="StyleId-50F26F0C-05DA-4C19-BA58-7A6AC4499BEE-" ALIGN="Left" LEFT="0." RIGHT="0." FIRSTLINE="-14." LINESPACE="11.06999969"/>
<ParagraphStyle ID="StyleId-5DDE65AF-512C-41E2-9B8E-095D6D99EF68-" ALIGN="Center" LEFT="0." RIGHT="0." FIRSTLINE="0." LINESPACE="11.89999962"/>
<ParagraphStyle ID="StyleId-0A81D7A5-6A62-4C52-915E-7768974C704D-" ALIGN="Left" LEFT="0." RIGHT="0." FIRSTLINE="0." LINESPACE="9.399999619"/>
<ParagraphStyle ID="StyleId-F7A0127F-6B48-4157-BB81-FE33E1E1A05B-" ALIGN="Block" LEFT="0." RIGHT="0." FIRSTLINE="-13." LINESPACE="10.63000011"/>
<ParagraphStyle ID="StyleId-E18C69F7-DBD7-48B1-805C-FCD96D0DA019-" ALIGN="Left" LEFT="0." RIGHT="0." FIRSTLINE="0." LINESPACE="11.64000034"/>
<ParagraphStyle ID="StyleId-98F15501-B611-4E83-8BB3-807E891F11F5-" ALIGN="Left" LEFT="0." RIGHT="0." FIRSTLINE="-14." LINESPACE="12.19999981"/>
<ParagraphStyle ID="StyleId-F4A78626-0BBC-4D12-94D9-A1AE75A9855F-" ALIGN="Left" LEFT="0." RIGHT="0." FIRSTLINE="0." LINESPACE="9.399999619"/>
<ParagraphStyle ID="StyleId-6A3F6F4C-D21B-4ADE-902F-7683F18ECEF3-" ALIGN="Left" LEFT="0." RIGHT="0." FIRSTLINE="0." LINESPACE="11.10000038"/>
</Styles>
<Layout>
<Page ID="Page94" PHYSICAL_IMG_NR="94" HEIGHT="4403" WIDTH="2597">
<TopMargin HEIGHT="392" WIDTH="2597" VPOS="0" HPOS="0">
</TopMargin>
<LeftMargin HEIGHT="3646" WIDTH="384" VPOS="392" HPOS="0">
</LeftMargin>
<RightMargin HEIGHT="3646" WIDTH="145" VPOS="392" HPOS="2452">
</RightMargin>
<BottomMargin HEIGHT="365" WIDTH="2597" VPOS="4038" HPOS="0">
<TextBlock ID="Page94_Block1" HEIGHT="70" WIDTH="88" VPOS="4076" HPOS="1394" LANG="en-US" STYLEREFS="StyleId-907B4E6B-50F3-458E-B2C7-347B0A6D5FDD-">
<TextLine HEIGHT="50" WIDTH="67" VPOS="4086" HPOS="1405">
<String CONTENT="94" HEIGHT="50" WIDTH="67" VPOS="4086" HPOS="1405"/>
</TextLine>
</TextBlock>
</BottomMargin>
<PrintSpace HEIGHT="3646" WIDTH="2068" VPOS="392" HPOS="384">
<TextBlock ID="Page94_Block2" HEIGHT="3646" WIDTH="2068" VPOS="392" HPOS="384" LANG="en-US" CS="1" STYLEREFS="StyleId-A784C60E-A447-48EC-A7CA-5B22F3BA334E-">
<TextLine HEIGHT="58" WIDTH="1953" VPOS="475" HPOS="466" CS="1">
<String CONTENT="5" HEIGHT="39" WIDTH="28" VPOS="486" HPOS="466"/>
<SP HEIGHT="47" WIDTH="34" VPOS="486" HPOS="495"/>
<String CONTENT="p." HEIGHT="38" WIDTH="43" VPOS="495" HPOS="530"/>
<SP HEIGHT="39" WIDTH="36" VPOS="485" HPOS="574"/>
<String CS="1" CONTENT="l.," HEIGHT="16" WIDTH="23" VPOS="514" HPOS="633"/>
<SP HEIGHT="47" WIDTH="37" VPOS="483" HPOS="657"/>
<String CONTENT="9-114" HEIGHT="40" WIDTH="146" VPOS="483" HPOS="695"/>
<SP HEIGHT="47" WIDTH="35" VPOS="483" HPOS="842"/>
<String CONTENT="p." HEIGHT="37" WIDTH="43" VPOS="493" HPOS="878"/>
<SP HEIGHT="40" WIDTH="63" VPOS="482" HPOS="922"/>
<String CS="1" CONTENT="24&#189;" HEIGHT="39" WIDTH="58" VPOS="482" HPOS="986"/>
<String STYLE="superscript" CONTENT="cm" HEIGHT="22" WIDTH="44" VPOS="483" HPOS="1077"/>
<String CONTENT="." HEIGHT="8" WIDTH="9" VPOS="513" HPOS="1126"/>
<SP HEIGHT="48" WIDTH="74" VPOS="481" HPOS="1136"/>
<String CONTENT="(The" HEIGHT="48" WIDTH="127" VPOS="481" HPOS="1211"/>
<SP HEIGHT="42" WIDTH="35" VPOS="479" HPOS="1339"/>
<String CONTENT="Johns" HEIGHT="42" WIDTH="156" VPOS="479" HPOS="1375"/>
<SP HEIGHT="40" WIDTH="36" VPOS="480" HPOS="1532"/>
<String CONTENT="Hopkins" HEIGHT="50" WIDTH="224" VPOS="477" HPOS="1569"/>
<SP HEIGHT="29" WIDTH="35" VPOS="490" HPOS="1794"/>
<String CONTENT="university" HEIGHT="49" WIDTH="274" VPOS="477" HPOS="1830"/>
<SP HEIGHT="37" WIDTH="36" VPOS="489" HPOS="2105"/>
<String CONTENT="studies" HEIGHT="45" WIDTH="190" VPOS="475" HPOS="2142"/>
<SP HEIGHT="42" WIDTH="33" VPOS="478" HPOS="2333"/>
<String CONTENT="in" HEIGHT="41" WIDTH="52" VPOS="478" HPOS="2367"/>
</TextLine>
<TextLine HEIGHT="52" WIDTH="1346" VPOS="535" HPOS="395" CS="1">
<String CONTENT="historical" HEIGHT="42" WIDTH="258" VPOS="540" HPOS="395"/>
<SP HEIGHT="39" WIDTH="23" VPOS="540" HPOS="654"/>
<String CONTENT="and" HEIGHT="40" WIDTH="98" VPOS="539" HPOS="678"/>
<SP HEIGHT="48" WIDTH="25" VPOS="539" HPOS="777"/>
<String CONTENT="political" HEIGHT="50" WIDTH="221" VPOS="537" HPOS="803"/>
<SP HEIGHT="40" WIDTH="25" VPOS="539" HPOS="1025"/>
<String CONTENT="science" HEIGHT="43" WIDTH="188" VPOS="536" HPOS="1051"/>
<SP HEIGHT="30" WIDTH="27" VPOS="548" HPOS="1240"/>
<String CS="1" CONTENT="&#8230;"/>
<SP HEIGHT="31" WIDTH="62" VPOS="546" HPOS="1318"/>
<String CONTENT="ser." HEIGHT="33" WIDTH="93" VPOS="545" HPOS="1381"/>
<SP HEIGHT="33" WIDTH="22" VPOS="545" HPOS="1475"/>
<String CS="1" CONTENT="LI," HEIGHT="17" WIDTH="9" VPOS="567" HPOS="1551"/>
<SP HEIGHT="36" WIDTH="26" VPOS="548" HPOS="1561"/>
<String CONTENT="no." HEIGHT="32" WIDTH="77" VPOS="545" HPOS="1588"/>
<SP HEIGHT="41" WIDTH="25" VPOS="536" HPOS="1666"/>
<String CONTENT="1)" HEIGHT="48" WIDTH="49" VPOS="535" HPOS="1692"/>
</TextLine>
<TextLine HEIGHT="53" WIDTH="1608" VPOS="590" HPOS="469" CS="1">
<String CONTENT="Issued" HEIGHT="40" WIDTH="175" VPOS="598" HPOS="469"/>
<SP HEIGHT="39" WIDTH="30" VPOS="598" HPOS="645"/>
<String CONTENT="also" HEIGHT="40" WIDTH="105" VPOS="597" HPOS="676"/>
<SP HEIGHT="30" WIDTH="32" VPOS="607" HPOS="782"/>
<String CONTENT="as" HEIGHT="30" WIDTH="55" VPOS="607" HPOS="815"/>
<SP HEIGHT="39" WIDTH="32" VPOS="598" HPOS="871"/>
<String CONTENT="thesis" HEIGHT="43" WIDTH="155" VPOS="594" HPOS="904"/>
<SP HEIGHT="49" WIDTH="26" VPOS="594" HPOS="1060"/>
<String CS="1" CONTENT="(PH." HEIGHT="49" WIDTH="110" VPOS="594" HPOS="1087"/>
<SP HEIGHT="31" WIDTH="32" VPOS="604" HPOS="1198"/>
<String CS="1" CONTENT="D.)" HEIGHT="48" WIDTH="35" VPOS="594" HPOS="1263"/>
<SP HEIGHT="48" WIDTH="42" VPOS="594" HPOS="1299"/>
<String CONTENT="Johns" HEIGHT="41" WIDTH="156" VPOS="593" HPOS="1342"/>
<SP HEIGHT="40" WIDTH="32" VPOS="593" HPOS="1499"/>
<String CONTENT="Hopkins" HEIGHT="49" WIDTH="224" VPOS="592" HPOS="1532"/>
<SP HEIGHT="30" WIDTH="32" VPOS="603" HPOS="1757"/>
<String CONTENT="university." HEIGHT="49" WIDTH="287" VPOS="590" HPOS="1790"/>
</TextLine>
<TextLine HEIGHT="52" WIDTH="702" VPOS="651" HPOS="467">
<String CONTENT="Bibliography:" HEIGHT="49" WIDTH="380" VPOS="654" HPOS="467"/>
<SP HEIGHT="38" WIDTH="29" VPOS="664" HPOS="848"/>
<String CONTENT="p." HEIGHT="38" WIDTH="44" VPOS="664" HPOS="878"/>
<SP HEIGHT="42" WIDTH="27" VPOS="652" HPOS="923"/>
<String CONTENT="109-111." HEIGHT="42" WIDTH="218" VPOS="651" HPOS="951"/>
</TextLine>
<TextLine HEIGHT="55" WIDTH="1910" VPOS="706" HPOS="403">
<String CONTENT="&#169;" HEIGHT="53" WIDTH="52" VPOS="708" HPOS="403"/>
<SP HEIGHT="53" WIDTH="27" VPOS="708" HPOS="456"/>
<String CONTENT="Jan." HEIGHT="40" WIDTH="112" VPOS="713" HPOS="484"/>
<SP HEIGHT="41" WIDTH="25" VPOS="712" HPOS="597"/>
<String CONTENT="6," HEIGHT="48" WIDTH="41" VPOS="712" HPOS="623"/>
<SP HEIGHT="48" WIDTH="26" VPOS="712" HPOS="665"/>
<String CONTENT="1933;" HEIGHT="48" WIDTH="142" VPOS="711" HPOS="692"/>
<SP HEIGHT="48" WIDTH="27" VPOS="711" HPOS="835"/>
<String CONTENT="2c." HEIGHT="40" WIDTH="69" VPOS="711" HPOS="863"/>
<SP HEIGHT="31" WIDTH="27" VPOS="720" HPOS="933"/>
<String CONTENT="and" HEIGHT="40" WIDTH="97" VPOS="711" HPOS="961"/>
<SP HEIGHT="40" WIDTH="26" VPOS="711" HPOS="1059"/>
<String LANG="de" CONTENT="aff." HEIGHT="42" WIDTH="83" VPOS="708" HPOS="1086"/>
<SP HEIGHT="41" WIDTH="27" VPOS="709" HPOS="1170"/>
<String CONTENT="Jan." HEIGHT="40" WIDTH="112" VPOS="709" HPOS="1198"/>
<SP HEIGHT="41" WIDTH="25" VPOS="708" HPOS="1311"/>
<String CONTENT="10;" HEIGHT="49" WIDTH="83" VPOS="707" HPOS="1337"/>
<SP HEIGHT="48" WIDTH="29" VPOS="708" HPOS="1421"/>
<!-- cceid 3831BB43-6CF9-1014-A6CF-A82867D68027 --><String CONTENT="A" HEIGHT="40" WIDTH="42" VPOS="708" HPOS="1451"/>
<SP HEIGHT="40" WIDTH="25" VPOS="708" HPOS="1494"/>
<String CONTENT="58770;" HEIGHT="49" WIDTH="171" VPOS="707" HPOS="1520"/>
<SP HEIGHT="48" WIDTH="30" VPOS="708" HPOS="1692"/>
<String CONTENT="Johns" HEIGHT="41" WIDTH="160" VPOS="708" HPOS="1723"/>
<SP HEIGHT="42" WIDTH="22" VPOS="707" HPOS="1884"/>
<String CONTENT="Hopkins" HEIGHT="50" WIDTH="227" VPOS="706" HPOS="1907"/>
<SP HEIGHT="38" WIDTH="24" VPOS="718" HPOS="2135"/>
<String CONTENT="press." HEIGHT="40" WIDTH="153" VPOS="716" HPOS="2160"/>
</TextLine>
<TextLine HEIGHT="50" WIDTH="253" VPOS="769" HPOS="482">
<String CONTENT="(33-2834)" HEIGHT="50" WIDTH="253" VPOS="769" HPOS="482"/>
</TextLine>
<TextLine HEIGHT="68" WIDTH="847" VPOS="859" HPOS="399" STYLEREFS="StyleId-E5101DB4-CD8C-4FF8-A995-7EC83DAE96A7-">
<String CONTENT="Henderson," HEIGHT="67" WIDTH="373" VPOS="860" HPOS="399"/>
<SP HEIGHT="68" WIDTH="28" VPOS="859" HPOS="773"/>
<String CONTENT="Junius," HEIGHT="66" WIDTH="237" VPOS="859" HPOS="802"/>
<SP HEIGHT="60" WIDTH="32" VPOS="865" HPOS="1040"/>
<String CONTENT="1865-" HEIGHT="51" WIDTH="173" VPOS="864" HPOS="1073"/>
</TextLine>
<TextLine HEIGHT="73" WIDTH="1955" VPOS="932" HPOS="468" STYLEREFS="StyleId-D08FAB99-A86C-418C-B044-AF5DC0E381A5-" CS="1">
<String CONTENT="Economic" HEIGHT="55" WIDTH="310" VPOS="937" HPOS="468"/>
<SP HEIGHT="34" WIDTH="22" VPOS="957" HPOS="779"/>
<String CONTENT="mammalogy," HEIGHT="68" WIDTH="405" VPOS="937" HPOS="802"/>
<SP HEIGHT="69" WIDTH="26" VPOS="936" HPOS="1208"/>
<String CONTENT="by" HEIGHT="68" WIDTH="76" VPOS="936" HPOS="1235"/>
<SP HEIGHT="68" WIDTH="25" VPOS="936" HPOS="1312"/>
<String CONTENT="Junius" HEIGHT="54" WIDTH="214" VPOS="936" HPOS="1338"/>
<SP HEIGHT="53" WIDTH="25" VPOS="935" HPOS="1553"/>
<String CONTENT="Henderson" HEIGHT="56" WIDTH="340" VPOS="934" HPOS="1579"/>
<SP HEIGHT="36" WIDTH="32" VPOS="953" HPOS="1920"/>
<String CS="1" CONTENT="&#8230;"/>
<SP HEIGHT="34" WIDTH="33" VPOS="954" HPOS="2010"/>
<String CONTENT="and" HEIGHT="55" WIDTH="113" VPOS="932" HPOS="2044"/>
<SP HEIGHT="54" WIDTH="24" VPOS="932" HPOS="2158"/>
<String CONTENT="Elberta" HEIGHT="56" WIDTH="240" VPOS="933" HPOS="2183"/>
</TextLine>
<TextLine HEIGHT="75" WIDTH="2025" VPOS="1010" HPOS="399" STYLEREFS="StyleId-D08FAB99-A86C-418C-B044-AF5DC0E381A5-" CS="1">
<String CONTENT="L." HEIGHT="55" WIDTH="65" VPOS="1016" HPOS="399"/>
<SP HEIGHT="57" WIDTH="33" VPOS="1015" HPOS="465"/>
<String CONTENT="Craig" HEIGHT="70" WIDTH="180" VPOS="1015" HPOS="499"/>
<SP HEIGHT="51" WIDTH="35" VPOS="1034" HPOS="680"/>
<String CS="1" CONTENT="&#8230;"/>
<SP HEIGHT="56" WIDTH="73" VPOS="1014" HPOS="774"/>
<String CONTENT="Springfield," HEIGHT="72" WIDTH="376" VPOS="1012" HPOS="848"/>
<SP HEIGHT="72" WIDTH="31" VPOS="1012" HPOS="1225"/>
<String CONTENT="Ill.," HEIGHT="71" WIDTH="115" VPOS="1012" HPOS="1257"/>
<SP HEIGHT="70" WIDTH="33" VPOS="1013" HPOS="1373"/>
<String CONTENT="Baltimore," HEIGHT="71" WIDTH="335" VPOS="1011" HPOS="1407"/>
<SP HEIGHT="70" WIDTH="32" VPOS="1012" HPOS="1743"/>
<String LANG="de" CONTENT="Md.," HEIGHT="69" WIDTH="141" VPOS="1012" HPOS="1776"/>
<SP HEIGHT="71" WIDTH="35" VPOS="1010" HPOS="1918"/>
<String CONTENT="C." HEIGHT="57" WIDTH="60" VPOS="1010" HPOS="1954"/>
<SP HEIGHT="57" WIDTH="39" VPOS="1011" HPOS="2015"/>
<String CONTENT="C." HEIGHT="57" WIDTH="62" VPOS="1011" HPOS="2055"/>
<SP HEIGHT="53" WIDTH="35" VPOS="1012" HPOS="2118"/>
<String CONTENT="Thomas," HEIGHT="71" WIDTH="270" VPOS="1012" HPOS="2154"/>
</TextLine>
<TextLine HEIGHT="51" WIDTH="152" VPOS="1097" HPOS="401" STYLEREFS="StyleId-D08FAB99-A86C-418C-B044-AF5DC0E381A5-">
<String CONTENT="1932." HEIGHT="51" WIDTH="152" VPOS="1097" HPOS="401"/>
</TextLine>
<TextLine HEIGHT="51" WIDTH="804" VPOS="1164" HPOS="468" CS="1">
<String CONTENT="x" HEIGHT="30" WIDTH="34" VPOS="1177" HPOS="468"/>
<SP HEIGHT="39" WIDTH="24" VPOS="1176" HPOS="503"/>
<String CONTENT="p.," HEIGHT="39" WIDTH="59" VPOS="1176" HPOS="528"/>
<SP HEIGHT="50" WIDTH="28" VPOS="1165" HPOS="588"/>
<String CONTENT="2" HEIGHT="41" WIDTH="30" VPOS="1165" HPOS="617"/>
<SP HEIGHT="42" WIDTH="23" VPOS="1165" HPOS="648"/>
<String CS="1" CONTENT="l.," HEIGHT="19" WIDTH="26" VPOS="1196" HPOS="694"/>
<SP HEIGHT="50" WIDTH="23" VPOS="1165" HPOS="721"/>
<String CONTENT="3-397" HEIGHT="43" WIDTH="148" VPOS="1164" HPOS="745"/>
<SP HEIGHT="49" WIDTH="27" VPOS="1166" HPOS="894"/>
<String CONTENT="p.," HEIGHT="39" WIDTH="59" VPOS="1176" HPOS="922"/>
<SP HEIGHT="49" WIDTH="26" VPOS="1165" HPOS="982"/>
<String CONTENT="1" HEIGHT="41" WIDTH="27" VPOS="1165" HPOS="1009"/>
<SP HEIGHT="41" WIDTH="25" VPOS="1165" HPOS="1037"/>
<String CS="1" CONTENT="l." HEIGHT="9" WIDTH="9" VPOS="1197" HPOS="1086"/>
<SP HEIGHT="42" WIDTH="55" VPOS="1164" HPOS="1096"/>
<String CONTENT="25" HEIGHT="41" WIDTH="58" VPOS="1164" HPOS="1152"/>
<String STYLE="superscript" CONTENT="cm" HEIGHT="22" WIDTH="45" VPOS="1166" HPOS="1212"/>
<String CONTENT="." HEIGHT="10" WIDTH="10" VPOS="1196" HPOS="1262"/>
</TextLine>
<TextLine HEIGHT="53" WIDTH="1504" VPOS="1220" HPOS="470">
<String CONTENT="Bibliography:" HEIGHT="50" WIDTH="383" VPOS="1223" HPOS="470"/>
<SP HEIGHT="39" WIDTH="31" VPOS="1232" HPOS="854"/>
<String CONTENT="p." HEIGHT="38" WIDTH="45" VPOS="1233" HPOS="886"/>
<SP HEIGHT="31" WIDTH="30" VPOS="1242" HPOS="932"/>
<String CONTENT="[348]-373;" HEIGHT="53" WIDTH="265" VPOS="1220" HPOS="963"/>
<SP HEIGHT="48" WIDTH="29" VPOS="1222" HPOS="1229"/>
<String CONTENT="bibliographical" HEIGHT="51" WIDTH="407" VPOS="1220" HPOS="1259"/>
<SP HEIGHT="41" WIDTH="25" VPOS="1221" HPOS="1667"/>
<String CONTENT="foot-notes." HEIGHT="43" WIDTH="281" VPOS="1221" HPOS="1693"/>
</TextLine>
<TextLine HEIGHT="53" WIDTH="2020" VPOS="1280" HPOS="407">
<String CONTENT="&#169;" HEIGHT="53" WIDTH="52" VPOS="1280" HPOS="407"/>
<SP HEIGHT="53" WIDTH="32" VPOS="1280" HPOS="460"/>
<String CONTENT="Nov." HEIGHT="41" WIDTH="121" VPOS="1284" HPOS="493"/>
<SP HEIGHT="41" WIDTH="31" VPOS="1284" HPOS="615"/>
<String CONTENT="18," HEIGHT="48" WIDTH="70" VPOS="1284" HPOS="647"/>
<SP HEIGHT="48" WIDTH="32" VPOS="1284" HPOS="718"/>
<String CONTENT="1932;" HEIGHT="49" WIDTH="143" VPOS="1282" HPOS="751"/>
<SP HEIGHT="48" WIDTH="32" VPOS="1283" HPOS="895"/>
<String CONTENT="2c." HEIGHT="41" WIDTH="69" VPOS="1283" HPOS="928"/>
<SP HEIGHT="41" WIDTH="33" VPOS="1282" HPOS="998"/>
<String CONTENT="Jan." HEIGHT="42" WIDTH="112" VPOS="1282" HPOS="1032"/>
<SP HEIGHT="41" WIDTH="33" VPOS="1283" HPOS="1145"/>
<String CONTENT="16," HEIGHT="49" WIDTH="70" VPOS="1281" HPOS="1179"/>
<SP HEIGHT="48" WIDTH="34" VPOS="1282" HPOS="1250"/>
<String CONTENT="1933;" HEIGHT="49" WIDTH="141" VPOS="1280" HPOS="1285"/>
<SP HEIGHT="37" WIDTH="36" VPOS="1292" HPOS="1427"/>
<String LANG="de" CONTENT="aff." HEIGHT="41" WIDTH="81" VPOS="1281" HPOS="1464"/>
<SP HEIGHT="40" WIDTH="36" VPOS="1282" HPOS="1546"/>
<String CONTENT="Jan." HEIGHT="41" WIDTH="110" VPOS="1282" HPOS="1583"/>
<SP HEIGHT="42" WIDTH="34" VPOS="1281" HPOS="1694"/>
<String CONTENT="23;" HEIGHT="49" WIDTH="83" VPOS="1281" HPOS="1729"/>
<SP HEIGHT="50" WIDTH="34" VPOS="1280" HPOS="1813"/>
<!-- cceid 38329570-6CF9-1014-A6CF-A82867D68027 --><String CONTENT="A" HEIGHT="41" WIDTH="43" VPOS="1280" HPOS="1848"/>
<SP HEIGHT="42" WIDTH="31" VPOS="1280" HPOS="1892"/>
<String CONTENT="59111;" HEIGHT="50" WIDTH="173" VPOS="1280" HPOS="1924"/>
<SP HEIGHT="49" WIDTH="37" VPOS="1281" HPOS="2098"/>
<String CONTENT="Charles" HEIGHT="43" WIDTH="207" VPOS="1280" HPOS="2136"/>
<SP HEIGHT="42" WIDTH="31" VPOS="1280" HPOS="2344"/>
<String CONTENT="C." HEIGHT="43" WIDTH="51" VPOS="1280" HPOS="2376"/>
</TextLine>
<TextLine HEIGHT="50" WIDTH="553" VPOS="1340" HPOS="474">
<String CONTENT="Thomas." HEIGHT="41" WIDTH="227" VPOS="1342" HPOS="474"/>
<SP HEIGHT="49" WIDTH="70" VPOS="1341" HPOS="702"/>
<String CONTENT="(33-2881)" HEIGHT="50" WIDTH="254" VPOS="1340" HPOS="773"/>
</TextLine>
<TextLine HEIGHT="68" WIDTH="1020" VPOS="1430" HPOS="401" STYLEREFS="StyleId-E5101DB4-CD8C-4FF8-A995-7EC83DAE96A7-">
<String CONTENT="Henney," HEIGHT="66" WIDTH="271" VPOS="1432" HPOS="401"/>
<SP HEIGHT="66" WIDTH="31" VPOS="1432" HPOS="673"/>
<String CONTENT="Keith," HEIGHT="67" WIDTH="206" VPOS="1430" HPOS="705"/>
<SP HEIGHT="62" WIDTH="32" VPOS="1435" HPOS="912"/>
<String CONTENT="1896-" HEIGHT="51" WIDTH="173" VPOS="1434" HPOS="945"/>
<SP HEIGHT="36" WIDTH="213" VPOS="1447" HPOS="1119"/>
<String CONTENT="ed." HEIGHT="55" WIDTH="88" VPOS="1430" HPOS="1333"/>
</TextLine>
<TextLine HEIGHT="74" WIDTH="1954" VPOS="1503" HPOS="473" STYLEREFS="StyleId-66C163F6-4425-4039-9F73-3AE504C67053-">
<String CONTENT="The" HEIGHT="53" WIDTH="123" VPOS="1510" HPOS="473"/>
<SP HEIGHT="34" WIDTH="43" VPOS="1529" HPOS="597"/>
<String CONTENT="radio" HEIGHT="55" WIDTH="166" VPOS="1508" HPOS="641"/>
<SP HEIGHT="36" WIDTH="46" VPOS="1527" HPOS="808"/>
<String CONTENT="engineering" HEIGHT="70" WIDTH="372" VPOS="1507" HPOS="855"/>
<SP HEIGHT="69" WIDTH="43" VPOS="1507" HPOS="1228"/>
<String CONTENT="handbook," HEIGHT="70" WIDTH="323" VPOS="1506" HPOS="1272"/>
<SP HEIGHT="50" WIDTH="46" VPOS="1526" HPOS="1596"/>
<String CONTENT="prepared" HEIGHT="69" WIDTH="283" VPOS="1506" HPOS="1643"/>
<SP HEIGHT="54" WIDTH="45" VPOS="1506" HPOS="1927"/>
<String CONTENT="by" HEIGHT="69" WIDTH="76" VPOS="1506" HPOS="1973"/>
<SP HEIGHT="48" WIDTH="47" VPOS="1527" HPOS="2050"/>
<String CONTENT="a" HEIGHT="33" WIDTH="31" VPOS="1528" HPOS="2098"/>
<SP HEIGHT="36" WIDTH="46" VPOS="1525" HPOS="2130"/>
<String CONTENT="staff" HEIGHT="56" WIDTH="136" VPOS="1503" HPOS="2177"/>
<SP HEIGHT="56" WIDTH="47" VPOS="1503" HPOS="2314"/>
<String CONTENT="of" HEIGHT="54" WIDTH="65" VPOS="1505" HPOS="2362"/>
</TextLine>
<TextLine HEIGHT="74" WIDTH="2026" VPOS="1582" HPOS="404" STYLEREFS="StyleId-66C163F6-4425-4039-9F73-3AE504C67053-" CS="1">
<String CONTENT="twenty-two" HEIGHT="63" WIDTH="357" VPOS="1593" HPOS="404"/>
<SP HEIGHT="35" WIDTH="37" VPOS="1605" HPOS="762"/>
<String CONTENT="specialists;" HEIGHT="70" WIDTH="347" VPOS="1585" HPOS="800"/>
<SP HEIGHT="69" WIDTH="39" VPOS="1585" HPOS="1148"/>
<String CONTENT="Keith" HEIGHT="56" WIDTH="182" VPOS="1584" HPOS="1188"/>
<SP HEIGHT="52" WIDTH="37" VPOS="1585" HPOS="1371"/>
<String CONTENT="Henney," HEIGHT="69" WIDTH="263" VPOS="1585" HPOS="1409"/>
<SP HEIGHT="51" WIDTH="35" VPOS="1603" HPOS="1673"/>
<String CONTENT="editor-in-chief" HEIGHT="58" WIDTH="456" VPOS="1582" HPOS="1709"/>
<SP HEIGHT="56" WIDTH="39" VPOS="1583" HPOS="2166"/>
<String CS="1" CONTENT="&#8230;"/>
<SP HEIGHT="53" WIDTH="77" VPOS="1586" HPOS="2266"/>
<String CONTENT="1st" HEIGHT="50" WIDTH="86" VPOS="1586" HPOS="2344"/>
</TextLine>
<TextLine HEIGHT="71" WIDTH="2027" VPOS="1661" HPOS="403" STYLEREFS="StyleId-66C163F6-4425-4039-9F73-3AE504C67053-" CS="1">
<String CONTENT="ed." HEIGHT="54" WIDTH="85" VPOS="1664" HPOS="403"/>
<SP HEIGHT="54" WIDTH="63" VPOS="1664" HPOS="489"/>
<String CONTENT="New" HEIGHT="56" WIDTH="139" VPOS="1664" HPOS="553"/>
<SP HEIGHT="54" WIDTH="28" VPOS="1664" HPOS="693"/>
<String CONTENT="York" HEIGHT="54" WIDTH="164" VPOS="1663" HPOS="722"/>
<SP HEIGHT="55" WIDTH="26" VPOS="1663" HPOS="887"/>
<String CONTENT="and" HEIGHT="54" WIDTH="114" VPOS="1664" HPOS="914"/>
<SP HEIGHT="54" WIDTH="23" VPOS="1663" HPOS="1029"/>
<String CONTENT="London," HEIGHT="69" WIDTH="259" VPOS="1663" HPOS="1053"/>
<SP HEIGHT="69" WIDTH="24" VPOS="1663" HPOS="1313"/>
<String CONTENT="McGraw-Hill" HEIGHT="57" WIDTH="433" VPOS="1661" HPOS="1338"/>
<SP HEIGHT="55" WIDTH="27" VPOS="1662" HPOS="1772"/>
<String CONTENT="book" HEIGHT="55" WIDTH="148" VPOS="1661" HPOS="1800"/>
<SP HEIGHT="55" WIDTH="26" VPOS="1661" HPOS="1949"/>
<String CONTENT="company," HEIGHT="52" WIDTH="298" VPOS="1680" HPOS="1976"/>
<SP HEIGHT="68" WIDTH="23" VPOS="1663" HPOS="2275"/>
<String CONTENT="inc.," HEIGHT="69" WIDTH="131" VPOS="1663" HPOS="2299"/>
</TextLine>
<TextLine HEIGHT="51" WIDTH="151" VPOS="1746" HPOS="407" STYLEREFS="StyleId-66C163F6-4425-4039-9F73-3AE504C67053-">
<String CONTENT="1933." HEIGHT="51" WIDTH="151" VPOS="1746" HPOS="407"/>
</TextLine>
<TextLine HEIGHT="52" WIDTH="862" VPOS="1812" HPOS="473" CS="1">
<String CONTENT="x," HEIGHT="38" WIDTH="48" VPOS="1826" HPOS="473"/>
<SP HEIGHT="49" WIDTH="27" VPOS="1815" HPOS="522"/>
<String CONTENT="583" HEIGHT="42" WIDTH="87" VPOS="1814" HPOS="550"/>
<SP HEIGHT="50" WIDTH="27" VPOS="1814" HPOS="638"/>
<String CONTENT="p." HEIGHT="39" WIDTH="46" VPOS="1825" HPOS="666"/>
<SP HEIGHT="45" WIDTH="54" VPOS="1812" HPOS="713"/>
<String CONTENT="illus.," HEIGHT="51" WIDTH="146" VPOS="1812" HPOS="768"/>
<SP HEIGHT="48" WIDTH="29" VPOS="1815" HPOS="915"/>
<String CONTENT="diagrs." HEIGHT="51" WIDTH="182" VPOS="1812" HPOS="945"/>
<SP HEIGHT="42" WIDTH="56" VPOS="1814" HPOS="1128"/>
<String CS="1" CONTENT="18&#189;" HEIGHT="42" WIDTH="58" VPOS="1813" HPOS="1185"/>
<String STYLE="superscript" CONTENT="m" HEIGHT="23" WIDTH="46" VPOS="1815" HPOS="1275"/>
<String CONTENT="." HEIGHT="11" WIDTH="11" VPOS="1845" HPOS="1324"/>
</TextLine>
<TextLine HEIGHT="51" WIDTH="1265" VPOS="1870" HPOS="475">
<String CONTENT="Bibliography" HEIGHT="49" WIDTH="354" VPOS="1872" HPOS="475"/>
<SP HEIGHT="37" WIDTH="29" VPOS="1883" HPOS="830"/>
<String CONTENT="at" HEIGHT="39" WIDTH="55" VPOS="1874" HPOS="860"/>
<SP HEIGHT="39" WIDTH="28" VPOS="1874" HPOS="916"/>
<String CONTENT="end" HEIGHT="40" WIDTH="94" VPOS="1873" HPOS="945"/>
<SP HEIGHT="41" WIDTH="29" VPOS="1873" HPOS="1040"/>
<String CONTENT="of" HEIGHT="43" WIDTH="53" VPOS="1871" HPOS="1070"/>
<SP HEIGHT="42" WIDTH="28" VPOS="1871" HPOS="1124"/>
<String CONTENT="some" HEIGHT="32" WIDTH="132" VPOS="1881" HPOS="1153"/>
<SP HEIGHT="31" WIDTH="29" VPOS="1882" HPOS="1286"/>
<String CONTENT="of" HEIGHT="43" WIDTH="54" VPOS="1870" HPOS="1316"/>
<SP HEIGHT="43" WIDTH="27" VPOS="1870" HPOS="1371"/>
<String CONTENT="the" HEIGHT="42" WIDTH="84" VPOS="1871" HPOS="1399"/>
<SP HEIGHT="31" WIDTH="29" VPOS="1881" HPOS="1484"/>
<String CONTENT="sections." HEIGHT="44" WIDTH="226" VPOS="1870" HPOS="1514"/>
</TextLine>
<TextLine HEIGHT="52" WIDTH="2021" VPOS="1930" HPOS="410">
<String CONTENT="&#169;" HEIGHT="52" WIDTH="52" VPOS="1930" HPOS="410"/>
<SP HEIGHT="52" WIDTH="27" VPOS="1930" HPOS="463"/>
<String CONTENT="Jan." HEIGHT="40" WIDTH="111" VPOS="1934" HPOS="491"/>
<SP HEIGHT="40" WIDTH="22" VPOS="1934" HPOS="603"/>
<String CONTENT="4," HEIGHT="47" WIDTH="43" VPOS="1934" HPOS="626"/>
<SP HEIGHT="48" WIDTH="23" VPOS="1933" HPOS="670"/>
<String CONTENT="1933;" HEIGHT="48" WIDTH="144" VPOS="1932" HPOS="694"/>
<SP HEIGHT="48" WIDTH="26" VPOS="1932" HPOS="839"/>
<String CONTENT="2c." HEIGHT="42" WIDTH="69" VPOS="1932" HPOS="866"/>
<SP HEIGHT="31" WIDTH="26" VPOS="1943" HPOS="936"/>
<String CONTENT="and" HEIGHT="39" WIDTH="97" VPOS="1933" HPOS="963"/>
<SP HEIGHT="39" WIDTH="25" VPOS="1933" HPOS="1061"/>
<String LANG="de" CONTENT="aff." HEIGHT="41" WIDTH="83" VPOS="1931" HPOS="1087"/>
<SP HEIGHT="41" WIDTH="27" VPOS="1931" HPOS="1171"/>
<String CONTENT="Jan." HEIGHT="41" WIDTH="111" VPOS="1931" HPOS="1199"/>
<SP HEIGHT="41" WIDTH="26" VPOS="1931" HPOS="1311"/>
<String CONTENT="6;" HEIGHT="49" WIDTH="54" VPOS="1931" HPOS="1338"/>
<SP HEIGHT="49" WIDTH="27" VPOS="1931" HPOS="1393"/>
<!-- cceid 38336333-6CF9-1014-A6CF-A82867D68027 --><String CONTENT="A" HEIGHT="40" WIDTH="42" VPOS="1931" HPOS="1421"/>
<SP HEIGHT="41" WIDTH="24" VPOS="1931" HPOS="1464"/>
<String CONTENT="57751;" HEIGHT="48" WIDTH="172" VPOS="1931" HPOS="1489"/>
<SP HEIGHT="46" WIDTH="29" VPOS="1933" HPOS="1662"/>
<String CONTENT="McGraw-Hill" HEIGHT="41" WIDTH="356" VPOS="1931" HPOS="1692"/>
<SP HEIGHT="40" WIDTH="24" VPOS="1932" HPOS="2049"/>
<String CONTENT="book" HEIGHT="41" WIDTH="126" VPOS="1931" HPOS="2074"/>
<SP HEIGHT="41" WIDTH="24" VPOS="1931" HPOS="2201"/>
<String CONTENT="co.," HEIGHT="37" WIDTH="83" VPOS="1942" HPOS="2226"/>
<SP HEIGHT="49" WIDTH="27" VPOS="1930" HPOS="2310"/>
<String CONTENT="inc." HEIGHT="43" WIDTH="93" VPOS="1930" HPOS="2338"/>
</TextLine>
<TextLine HEIGHT="50" WIDTH="253" VPOS="1990" HPOS="488">
<String CONTENT="(33-2878)" HEIGHT="50" WIDTH="253" VPOS="1990" HPOS="488"/>
</TextLine>
<TextLine HEIGHT="66" WIDTH="1032" VPOS="2081" HPOS="406" STYLEREFS="StyleId-66C163F6-4425-4039-9F73-3AE504C67053-">
<String CONTENT="Herrick," HEIGHT="66" WIDTH="274" VPOS="2081" HPOS="406"/>
<SP HEIGHT="64" WIDTH="27" VPOS="2083" HPOS="681"/>
<String CONTENT="Charles" HEIGHT="57" WIDTH="250" VPOS="2081" HPOS="709"/>
<SP HEIGHT="55" WIDTH="22" VPOS="2081" HPOS="960"/>
<String CONTENT="Judson," HEIGHT="66" WIDTH="250" VPOS="2081" HPOS="983"/>
<SP HEIGHT="61" WIDTH="29" VPOS="2086" HPOS="1234"/>
<String CONTENT="1868-" HEIGHT="51" WIDTH="174" VPOS="2086" HPOS="1264"/>
</TextLine>
<TextLine HEIGHT="71" WIDTH="1951" VPOS="2158" HPOS="478" STYLEREFS="StyleId-66C163F6-4425-4039-9F73-3AE504C67053-" CS="1">
<String CONTENT="The" HEIGHT="54" WIDTH="123" VPOS="2161" HPOS="478"/>
<SP HEIGHT="51" WIDTH="41" VPOS="2164" HPOS="602"/>
<String CONTENT="thinking" HEIGHT="71" WIDTH="278" VPOS="2158" HPOS="644"/>
<SP HEIGHT="50" WIDTH="39" VPOS="2179" HPOS="923"/>
<String CONTENT="machine," HEIGHT="70" WIDTH="279" VPOS="2159" HPOS="963"/>
<SP HEIGHT="69" WIDTH="42" VPOS="2160" HPOS="1243"/>
<String CONTENT="by" HEIGHT="69" WIDTH="77" VPOS="2160" HPOS="1286"/>
<SP HEIGHT="69" WIDTH="44" VPOS="2160" HPOS="1364"/>
<String CONTENT="C." HEIGHT="56" WIDTH="64" VPOS="2160" HPOS="1409"/>
<SP HEIGHT="55" WIDTH="43" VPOS="2161" HPOS="1474"/>
<String CONTENT="Judson" HEIGHT="55" WIDTH="227" VPOS="2160" HPOS="1518"/>
<SP HEIGHT="52" WIDTH="41" VPOS="2162" HPOS="1746"/>
<String CONTENT="Herrick" HEIGHT="55" WIDTH="253" VPOS="2159" HPOS="1788"/>
<SP HEIGHT="53" WIDTH="46" VPOS="2161" HPOS="2042"/>
<String CS="1" CONTENT="&#8230;"/>
<SP HEIGHT="50" WIDTH="77" VPOS="2164" HPOS="2146"/>
<String CONTENT="2d" HEIGHT="53" WIDTH="74" VPOS="2161" HPOS="2224"/>
<SP HEIGHT="53" WIDTH="44" VPOS="2161" HPOS="2299"/>
<String CONTENT="ed." HEIGHT="55" WIDTH="85" VPOS="2161" HPOS="2344"/>
</TextLine>
<TextLine HEIGHT="71" WIDTH="1721" VPOS="2237" HPOS="409" STYLEREFS="StyleId-66C163F6-4425-4039-9F73-3AE504C67053-">
<String CONTENT="Chicago," HEIGHT="69" WIDTH="274" VPOS="2239" HPOS="409"/>
<SP HEIGHT="68" WIDTH="26" VPOS="2240" HPOS="684"/>
<String CONTENT="Ill.," HEIGHT="69" WIDTH="115" VPOS="2239" HPOS="711"/>
<SP HEIGHT="67" WIDTH="24" VPOS="2241" HPOS="827"/>
<String CONTENT="The" HEIGHT="53" WIDTH="124" VPOS="2240" HPOS="852"/>
<SP HEIGHT="54" WIDTH="23" VPOS="2240" HPOS="977"/>
<String CONTENT="University" HEIGHT="69" WIDTH="342" VPOS="2239" HPOS="1001"/>
<SP HEIGHT="51" WIDTH="25" VPOS="2257" HPOS="1344"/>
<String CONTENT="of" HEIGHT="55" WIDTH="64" VPOS="2237" HPOS="1370"/>
<SP HEIGHT="58" WIDTH="27" VPOS="2237" HPOS="1435"/>
<String CONTENT="Chicago" HEIGHT="70" WIDTH="253" VPOS="2238" HPOS="1463"/>
<SP HEIGHT="51" WIDTH="26" VPOS="2257" HPOS="1717"/>
<String CONTENT="press" HEIGHT="51" WIDTH="159" VPOS="2257" HPOS="1744"/>
<SP HEIGHT="49" WIDTH="30" VPOS="2259" HPOS="1904"/>
<String STYLE="subscript" CONTENT="[" HEIGHT="35" WIDTH="14" VPOS="2273" HPOS="1935"/>
<String STYLE="superscript" CONTENT="c" HEIGHT="22" WIDTH="18" VPOS="2245" HPOS="1953"/>
<String CONTENT="1932" HEIGHT="50" WIDTH="135" VPOS="2243" HPOS="1977"/>
<String STYLE="subscript" CONTENT="]" HEIGHT="34" WIDTH="14" VPOS="2273" HPOS="2116"/>
</TextLine>
<TextLine HEIGHT="50" WIDTH="642" VPOS="2312" HPOS="480" STYLEREFS="StyleId-66C163F6-4425-4039-9F73-3AE504C67053-">
<String CONTENT="xii," HEIGHT="50" WIDTH="86" VPOS="2312" HPOS="480"/>
<SP HEIGHT="47" WIDTH="26" VPOS="2315" HPOS="567"/>
<String CONTENT="374" HEIGHT="40" WIDTH="87" VPOS="2314" HPOS="594"/>
<SP HEIGHT="48" WIDTH="25" VPOS="2314" HPOS="682"/>
<String CONTENT="p." HEIGHT="38" WIDTH="44" VPOS="2324" HPOS="708"/>
<SP HEIGHT="41" WIDTH="58" VPOS="2313" HPOS="753"/>
<String CONTENT="illus." HEIGHT="41" WIDTH="130" VPOS="2313" HPOS="812"/>
<SP HEIGHT="41" WIDTH="59" VPOS="2313" HPOS="943"/>
<String CONTENT="20" HEIGHT="41" WIDTH="58" VPOS="2312" HPOS="1003"/>
<String STYLE="superscript" CONTENT="cm" HEIGHT="22" WIDTH="43" VPOS="2314" HPOS="1064"/>
<String CONTENT="." HEIGHT="9" WIDTH="10" VPOS="2345" HPOS="1112"/>
</TextLine>
<TextLine HEIGHT="49" WIDTH="1199" VPOS="2370" HPOS="484">
<String CONTENT="&#8220;Readings&#8221;" HEIGHT="49" WIDTH="306" VPOS="2370" HPOS="484"/>
<SP HEIGHT="41" WIDTH="28" VPOS="2370" HPOS="791"/>
<String CONTENT="at" HEIGHT="38" WIDTH="52" VPOS="2373" HPOS="820"/>
<SP HEIGHT="38" WIDTH="25" VPOS="2373" HPOS="873"/>
<String CONTENT="end" HEIGHT="40" WIDTH="93" VPOS="2371" HPOS="899"/>
<SP HEIGHT="40" WIDTH="25" VPOS="2371" HPOS="993"/>
<String CONTENT="of" HEIGHT="39" WIDTH="52" VPOS="2371" HPOS="1019"/>
<SP HEIGHT="39" WIDTH="24" VPOS="2371" HPOS="1072"/>
<String CONTENT="most" HEIGHT="39" WIDTH="126" VPOS="2372" HPOS="1097"/>
<SP HEIGHT="39" WIDTH="26" VPOS="2372" HPOS="1224"/>
<String CONTENT="of" HEIGHT="39" WIDTH="52" VPOS="2371" HPOS="1251"/>
<SP HEIGHT="39" WIDTH="25" VPOS="2371" HPOS="1304"/>
<String CONTENT="the" HEIGHT="42" WIDTH="83" VPOS="2370" HPOS="1330"/>
<SP HEIGHT="31" WIDTH="26" VPOS="2381" HPOS="1414"/>
<String CONTENT="chapters." HEIGHT="48" WIDTH="242" VPOS="2370" HPOS="1441"/>
</TextLine>
<TextLine HEIGHT="54" WIDTH="2022" VPOS="2425" HPOS="415" CS="1">
<String CONTENT="&#169;" HEIGHT="54" WIDTH="52" VPOS="2425" HPOS="415"/>
<SP HEIGHT="54" WIDTH="29" VPOS="2425" HPOS="468"/>
<String CONTENT="Oct." HEIGHT="42" WIDTH="103" VPOS="2429" HPOS="498"/>
<SP HEIGHT="41" WIDTH="27" VPOS="2430" HPOS="602"/>
<String CONTENT="25," HEIGHT="49" WIDTH="70" VPOS="2429" HPOS="630"/>
<SP HEIGHT="47" WIDTH="28" VPOS="2431" HPOS="701"/>
<String CONTENT="1932;" HEIGHT="47" WIDTH="143" VPOS="2429" HPOS="730"/>
<SP HEIGHT="47" WIDTH="28" VPOS="2429" HPOS="874"/>
<String CONTENT="2c." HEIGHT="41" WIDTH="69" VPOS="2429" HPOS="903"/>
<SP HEIGHT="41" WIDTH="28" VPOS="2429" HPOS="973"/>
<String CONTENT="Jan." HEIGHT="40" WIDTH="111" VPOS="2429" HPOS="1002"/>
<SP HEIGHT="39" WIDTH="28" VPOS="2429" HPOS="1114"/>
<String CONTENT="18," HEIGHT="49" WIDTH="71" VPOS="2429" HPOS="1143"/>
<SP HEIGHT="48" WIDTH="28" VPOS="2430" HPOS="1215"/>
<String CONTENT="1933;" HEIGHT="50" WIDTH="143" VPOS="2427" HPOS="1244"/>
<SP HEIGHT="37" WIDTH="31" VPOS="2440" HPOS="1388"/>
<String CS="1" CONTENT="aff."/>
<SP HEIGHT="40" WIDTH="31" VPOS="2429" HPOS="1502"/>
<String CONTENT="Jan." HEIGHT="40" WIDTH="109" VPOS="2429" HPOS="1534"/>
<SP HEIGHT="39" WIDTH="29" VPOS="2429" HPOS="1644"/>
<String CONTENT="16;" HEIGHT="49" WIDTH="83" VPOS="2428" HPOS="1674"/>
<SP HEIGHT="48" WIDTH="29" VPOS="2429" HPOS="1758"/>
<!-- cceid 38342629-6CF9-1014-A6CF-A82867D68027 --><String CONTENT="A" HEIGHT="39" WIDTH="43" VPOS="2429" HPOS="1788"/>
<SP HEIGHT="40" WIDTH="28" VPOS="2429" HPOS="1832"/>
<String CONTENT="57990;" HEIGHT="50" WIDTH="171" VPOS="2427" HPOS="1861"/>
<SP HEIGHT="48" WIDTH="32" VPOS="2429" HPOS="2033"/>
<String CONTENT="University" HEIGHT="50" WIDTH="286" VPOS="2428" HPOS="2066"/>
<SP HEIGHT="38" WIDTH="28" VPOS="2440" HPOS="2353"/>
<String CONTENT="of" HEIGHT="42" WIDTH="55" VPOS="2429" HPOS="2382"/>
</TextLine>
<TextLine HEIGHT="50" WIDTH="839" VPOS="2486" HPOS="484">
<String CONTENT="Chicago," HEIGHT="49" WIDTH="226" VPOS="2487" HPOS="484"/>
<SP HEIGHT="49" WIDTH="29" VPOS="2486" HPOS="711"/>
<String CONTENT="Chicago." HEIGHT="49" WIDTH="226" VPOS="2486" HPOS="741"/>
<SP HEIGHT="50" WIDTH="69" VPOS="2486" HPOS="968"/>
<String CONTENT="(32-28144)" HEIGHT="50" WIDTH="285" VPOS="2486" HPOS="1038"/>
</TextLine>
<TextLine HEIGHT="65" WIDTH="796" VPOS="2583" HPOS="412" STYLEREFS="StyleId-E5101DB4-CD8C-4FF8-A995-7EC83DAE96A7-">
<String LANG="de" CONTENT="Heyneman," HEIGHT="63" WIDTH="372" VPOS="2585" HPOS="412"/>
<SP HEIGHT="64" WIDTH="29" VPOS="2584" HPOS="785"/>
<String LANG="en-US" CONTENT="Julie" HEIGHT="54" WIDTH="156" VPOS="2583" HPOS="815"/>
<SP HEIGHT="53" WIDTH="28" VPOS="2584" HPOS="972"/>
<String LANG="en-US" CONTENT="Helen." HEIGHT="54" WIDTH="207" VPOS="2584" HPOS="1001"/>
</TextLine>
<TextLine HEIGHT="72" WIDTH="1950" VPOS="2657" HPOS="481" STYLEREFS="StyleId-66C163F6-4425-4039-9F73-3AE504C67053-">
<String CONTENT="Arthur" HEIGHT="55" WIDTH="228" VPOS="2659" HPOS="481"/>
<SP HEIGHT="53" WIDTH="32" VPOS="2661" HPOS="710"/>
<String CONTENT="Putnam," HEIGHT="68" WIDTH="272" VPOS="2661" HPOS="743"/>
<SP HEIGHT="49" WIDTH="33" VPOS="2680" HPOS="1016"/>
<String CONTENT="sculptor," HEIGHT="70" WIDTH="275" VPOS="2658" HPOS="1050"/>
<SP HEIGHT="70" WIDTH="32" VPOS="2658" HPOS="1326"/>
<String CONTENT="by" HEIGHT="70" WIDTH="75" VPOS="2658" HPOS="1359"/>
<SP HEIGHT="69" WIDTH="34" VPOS="2659" HPOS="1435"/>
<String CONTENT="Julie" HEIGHT="55" WIDTH="159" VPOS="2658" HPOS="1470"/>
<SP HEIGHT="53" WIDTH="33" VPOS="2659" HPOS="1630"/>
<String CONTENT="Helen" HEIGHT="55" WIDTH="188" VPOS="2659" HPOS="1664"/>
<SP HEIGHT="52" WIDTH="32" VPOS="2659" HPOS="1853"/>
<String LANG="de" CONTENT="Heyneman." HEIGHT="69" WIDTH="355" VPOS="2659" HPOS="1886"/>
<SP HEIGHT="56" WIDTH="73" VPOS="2657" HPOS="2242"/>
<String CONTENT="San" HEIGHT="56" WIDTH="115" VPOS="2657" HPOS="2316"/>
</TextLine>
<TextLine HEIGHT="70" WIDTH="1348" VPOS="2736" HPOS="413" STYLEREFS="StyleId-66C163F6-4425-4039-9F73-3AE504C67053-">
<String CONTENT="Francisco," HEIGHT="69" WIDTH="324" VPOS="2736" HPOS="413"/>
<SP HEIGHT="68" WIDTH="34" VPOS="2737" HPOS="738"/>
<String CONTENT="Calif.," HEIGHT="69" WIDTH="196" VPOS="2737" HPOS="773"/>
<SP HEIGHT="69" WIDTH="33" VPOS="2737" HPOS="970"/>
<String CONTENT="Johnck" HEIGHT="54" WIDTH="229" VPOS="2737" HPOS="1004"/>
<SP HEIGHT="52" WIDTH="30" VPOS="2737" HPOS="1234"/>
<String CONTENT="&amp;" HEIGHT="51" WIDTH="46" VPOS="2738" HPOS="1265"/>
<SP HEIGHT="55" WIDTH="34" VPOS="2736" HPOS="1312"/>
<String CONTENT="Seeger," HEIGHT="70" WIDTH="226" VPOS="2736" HPOS="1347"/>
<SP HEIGHT="65" WIDTH="36" VPOS="2740" HPOS="1574"/>
<String CONTENT="1932." HEIGHT="51" WIDTH="150" VPOS="2740" HPOS="1611"/>
</TextLine>
<TextLine HEIGHT="52" WIDTH="1735" VPOS="2808" HPOS="485" CS="1">
<String CONTENT="5" HEIGHT="40" WIDTH="28" VPOS="2809" HPOS="485"/>
<SP HEIGHT="49" WIDTH="18" VPOS="2809" HPOS="514"/>
<String CONTENT="p." HEIGHT="38" WIDTH="45" VPOS="2820" HPOS="533"/>
<SP HEIGHT="40" WIDTH="22" VPOS="2811" HPOS="579"/>
<String CS="1" CONTENT="l.," HEIGHT="18" WIDTH="23" VPOS="2841" HPOS="625"/>
<SP HEIGHT="39" WIDTH="21" VPOS="2820" HPOS="649"/>
<String CONTENT="viii" HEIGHT="42" WIDTH="90" VPOS="2809" HPOS="671"/>
<SP HEIGHT="50" WIDTH="22" VPOS="2809" HPOS="762"/>
<String CONTENT="p.," HEIGHT="39" WIDTH="59" VPOS="2820" HPOS="785"/>
<SP HEIGHT="47" WIDTH="24" VPOS="2810" HPOS="845"/>
<String CONTENT="1" HEIGHT="39" WIDTH="26" VPOS="2810" HPOS="870"/>
<SP HEIGHT="39" WIDTH="23" VPOS="2810" HPOS="897"/>
<String CS="1" CONTENT="l.," HEIGHT="18" WIDTH="24" VPOS="2841" HPOS="943"/>
<SP HEIGHT="49" WIDTH="22" VPOS="2810" HPOS="968"/>
<String CONTENT="190," HEIGHT="51" WIDTH="100" VPOS="2808" HPOS="991"/>
<SP HEIGHT="30" WIDTH="26" VPOS="2829" HPOS="1092"/>
<String CONTENT="[3]" HEIGHT="50" WIDTH="55" VPOS="2810" HPOS="1119"/>
<SP HEIGHT="40" WIDTH="26" VPOS="2820" HPOS="1175"/>
<String CONTENT="p." HEIGHT="38" WIDTH="44" VPOS="2820" HPOS="1202"/>
<SP HEIGHT="39" WIDTH="51" VPOS="2811" HPOS="1247"/>
<String CONTENT="front.," HEIGHT="48" WIDTH="166" VPOS="2811" HPOS="1299"/>
<SP HEIGHT="49" WIDTH="23" VPOS="2810" HPOS="1466"/>
<String CONTENT="illus.," HEIGHT="49" WIDTH="146" VPOS="2810" HPOS="1490"/>
<SP HEIGHT="38" WIDTH="22" VPOS="2822" HPOS="1637"/>
<String CONTENT="plates," HEIGHT="48" WIDTH="174" VPOS="2812" HPOS="1660"/>
<SP HEIGHT="38" WIDTH="24" VPOS="2822" HPOS="1835"/>
<String CONTENT="ports." HEIGHT="47" WIDTH="151" VPOS="2813" HPOS="1860"/>
<SP HEIGHT="40" WIDTH="59" VPOS="2812" HPOS="2012"/>
<String CS="1" CONTENT="24&#189;c" HEIGHT="40" WIDTH="56" VPOS="2811" HPOS="2072"/>
<String STYLE="superscript" CONTENT="m" HEIGHT="21" WIDTH="29" VPOS="2813" HPOS="2177"/>
<String CONTENT="." HEIGHT="8" WIDTH="9" VPOS="2844" HPOS="2211"/>
</TextLine>
<TextLine HEIGHT="51" WIDTH="1950" VPOS="2866" HPOS="486" CS="1">
<String CONTENT="&#8220;Five" HEIGHT="41" WIDTH="149" VPOS="2867" HPOS="486"/>
<SP HEIGHT="40" WIDTH="43" VPOS="2868" HPOS="636"/>
<String CONTENT="hundred" HEIGHT="40" WIDTH="225" VPOS="2868" HPOS="680"/>
<SP HEIGHT="39" WIDTH="44" VPOS="2868" HPOS="906"/>
<String CONTENT="copies" HEIGHT="49" WIDTH="161" VPOS="2866" HPOS="951"/>
<SP HEIGHT="37" WIDTH="44" VPOS="2878" HPOS="1113"/>
<String CONTENT="printed" HEIGHT="48" WIDTH="197" VPOS="2867" HPOS="1158"/>
<SP HEIGHT="40" WIDTH="46" VPOS="2868" HPOS="1356"/>
<String CS="1" CONTENT="&#8230;"/>
<SP HEIGHT="42" WIDTH="78" VPOS="2867" HPOS="1451"/>
<String CONTENT="October," HEIGHT="50" WIDTH="219" VPOS="2867" HPOS="1530"/>
<SP HEIGHT="37" WIDTH="44" VPOS="2880" HPOS="1750"/>
<String CONTENT="nineteen" HEIGHT="41" WIDTH="229" VPOS="2868" HPOS="1795"/>
<SP HEIGHT="41" WIDTH="43" VPOS="2868" HPOS="2025"/>
<String CONTENT="hundred" HEIGHT="42" WIDTH="224" VPOS="2868" HPOS="2069"/>
<SP HEIGHT="40" WIDTH="44" VPOS="2870" HPOS="2294"/>
<String CONTENT="and" HEIGHT="42" WIDTH="97" VPOS="2868" HPOS="2339"/>
</TextLine>
<TextLine HEIGHT="49" WIDTH="1124" VPOS="2924" HPOS="415" CS="1">
<String CONTENT="thirty-two" HEIGHT="49" WIDTH="278" VPOS="2924" HPOS="415"/>
<SP HEIGHT="30" WIDTH="24" VPOS="2935" HPOS="694"/>
<String CS="1" CONTENT="&#8230;"/>
<SP HEIGHT="40" WIDTH="54" VPOS="2925" HPOS="766"/>
<String CONTENT="This" HEIGHT="41" WIDTH="120" VPOS="2924" HPOS="821"/>
<SP HEIGHT="30" WIDTH="24" VPOS="2935" HPOS="942"/>
<String CONTENT="copy" HEIGHT="38" WIDTH="119" VPOS="2934" HPOS="967"/>
<SP HEIGHT="47" WIDTH="24" VPOS="2924" HPOS="1087"/>
<String CONTENT="is" HEIGHT="40" WIDTH="42" VPOS="2924" HPOS="1112"/>
<SP HEIGHT="29" WIDTH="23" VPOS="2935" HPOS="1155"/>
<String CONTENT="number" HEIGHT="39" WIDTH="206" VPOS="2925" HPOS="1179"/>
<SP HEIGHT="40" WIDTH="22" VPOS="2924" HPOS="1386"/>
<String CONTENT="107.&#8221;" HEIGHT="41" WIDTH="130" VPOS="2924" HPOS="1409"/>
</TextLine>
<TextLine HEIGHT="109" WIDTH="2002" VPOS="2987" HPOS="420" CS="1">
<String CONTENT="&#169;" HEIGHT="53" WIDTH="52" VPOS="2987" HPOS="420"/>
<SP HEIGHT="53" WIDTH="29" VPOS="2987" HPOS="473"/>
<String CONTENT="Nov." HEIGHT="41" WIDTH="120" VPOS="2992" HPOS="503"/>
<SP HEIGHT="42" WIDTH="28" VPOS="2991" HPOS="624"/>
<String CONTENT="22," HEIGHT="47" WIDTH="71" VPOS="2991" HPOS="653"/>
<SP HEIGHT="46" WIDTH="29" VPOS="2992" HPOS="725"/>
<String CONTENT="1932;" HEIGHT="49" WIDTH="143" VPOS="2990" HPOS="755"/>
<SP HEIGHT="49" WIDTH="30" VPOS="2990" HPOS="899"/>
<String CONTENT="2c." HEIGHT="41" WIDTH="69" VPOS="2990" HPOS="930"/>
<SP HEIGHT="41" WIDTH="29" VPOS="2990" HPOS="1000"/>
<String CONTENT="Jan." HEIGHT="41" WIDTH="112" VPOS="2990" HPOS="1030"/>
<SP HEIGHT="42" WIDTH="29" VPOS="2989" HPOS="1143"/>
<String CONTENT="9," HEIGHT="49" WIDTH="41" VPOS="2989" HPOS="1173"/>
<SP HEIGHT="47" WIDTH="29" VPOS="2991" HPOS="1215"/>
<String CONTENT="1933;" HEIGHT="48" WIDTH="144" VPOS="2989" HPOS="1245"/>
<SP HEIGHT="37" WIDTH="32" VPOS="3000" HPOS="1390"/>
<String LANG="de" CONTENT="aff." HEIGHT="43" WIDTH="83" VPOS="2989" HPOS="1423"/>
<SP HEIGHT="42" WIDTH="31" VPOS="2990" HPOS="1507"/>
<String CONTENT="Jan." HEIGHT="41" WIDTH="112" VPOS="2990" HPOS="1539"/>
<SP HEIGHT="41" WIDTH="28" VPOS="2990" HPOS="1652"/>
<String CONTENT="23;" HEIGHT="49" WIDTH="85" VPOS="2990" HPOS="1681"/>
<SP HEIGHT="49" WIDTH="31" VPOS="2990" HPOS="1767"/>
<!-- cceid 3834F7BD-6CF9-1014-A6CF-A82867D68027 --><String CONTENT="A" HEIGHT="41" WIDTH="43" VPOS="2990" HPOS="1799"/>
<SP HEIGHT="41" WIDTH="28" VPOS="2990" HPOS="1843"/>
<String CONTENT="59120;" HEIGHT="50" WIDTH="173" VPOS="2989" HPOS="1872"/>
<SP HEIGHT="48" WIDTH="33" VPOS="2991" HPOS="2046"/>
<String CONTENT="J." HEIGHT="42" WIDTH="46" VPOS="2991" HPOS="2080"/>
<SP HEIGHT="41" WIDTH="28" VPOS="2992" HPOS="2127"/>
<String CONTENT="H." HEIGHT="40" WIDTH="63" VPOS="2992" HPOS="2156"/>
<SP HEIGHT="40" WIDTH="31" VPOS="2992" HPOS="2220"/>
<String CONTENT="Heyneman," HEIGHT="104" WIDTH="1935" VPOS="2992" HPOS="487"/>
</TextLine>
<TextLine HEIGHT="51" WIDTH="731" VPOS="3046" HPOS="647">
<String CONTENT="San" HEIGHT="40" WIDTH="100" VPOS="3049" HPOS="647"/>
<SP HEIGHT="41" WIDTH="27" VPOS="3048" HPOS="748"/>
<String CONTENT="Francisco." HEIGHT="42" WIDTH="277" VPOS="3047" HPOS="776"/>
<SP HEIGHT="49" WIDTH="69" VPOS="3047" HPOS="1054"/>
<String CONTENT="(33-2950)" HEIGHT="51" WIDTH="254" VPOS="3046" HPOS="1124"/>
</TextLine>
<TextLine HEIGHT="68" WIDTH="711" VPOS="3151" HPOS="417" STYLEREFS="StyleId-E5101DB4-CD8C-4FF8-A995-7EC83DAE96A7-">
<String CONTENT="Holland," HEIGHT="67" WIDTH="273" VPOS="3151" HPOS="417"/>
<SP HEIGHT="64" WIDTH="28" VPOS="3154" HPOS="691"/>
<String CONTENT="Edith," HEIGHT="68" WIDTH="206" VPOS="3151" HPOS="720"/>
<SP HEIGHT="60" WIDTH="28" VPOS="3159" HPOS="927"/>
<String CONTENT="1898-" HEIGHT="50" WIDTH="172" VPOS="3158" HPOS="956"/>
</TextLine>
<TextLine HEIGHT="148" WIDTH="1997" VPOS="3231" HPOS="417" STYLEREFS="StyleId-66C163F6-4425-4039-9F73-3AE504C67053-" CS="1">
<String CONTENT="Dangerous" HEIGHT="69" WIDTH="342" VPOS="3231" HPOS="486"/>
<SP HEIGHT="34" WIDTH="22" VPOS="3251" HPOS="829"/>
<String CONTENT="corner," HEIGHT="52" WIDTH="217" VPOS="3248" HPOS="852"/>
<SP HEIGHT="50" WIDTH="23" VPOS="3250" HPOS="1070"/>
<String CONTENT="a" HEIGHT="35" WIDTH="32" VPOS="3250" HPOS="1094"/>
<SP HEIGHT="35" WIDTH="22" VPOS="3250" HPOS="1127"/>
<String CONTENT="novel" HEIGHT="53" WIDTH="167" VPOS="3232" HPOS="1150"/>
<SP HEIGHT="53" WIDTH="21" VPOS="3232" HPOS="1318"/>
<String CONTENT="by" HEIGHT="68" WIDTH="76" VPOS="3232" HPOS="1340"/>
<SP HEIGHT="67" WIDTH="21" VPOS="3233" HPOS="1417"/>
<String CONTENT="Ruth" HEIGHT="53" WIDTH="162" VPOS="3232" HPOS="1439"/>
<SP HEIGHT="54" WIDTH="20" VPOS="3232" HPOS="1602"/>
<String CONTENT="Holland" HEIGHT="54" WIDTH="262" VPOS="3232" HPOS="1623"/>
<SP HEIGHT="53" WIDTH="23" VPOS="3232" HPOS="1886"/>
<String CONTENT="and" HEIGHT="53" WIDTH="114" VPOS="3233" HPOS="1910"/>
<SP HEIGHT="54" WIDTH="21" VPOS="3233" HPOS="2025"/>
<String CONTENT="J." HEIGHT="54" WIDTH="57" VPOS="3233" HPOS="2047"/>
<SP HEIGHT="53" WIDTH="23" VPOS="3234" HPOS="2105"/>
<String CONTENT="B." HEIGHT="52" WIDTH="69" VPOS="3234" HPOS="2129"/>
<SP HEIGHT="53" WIDTH="22" VPOS="3234" HPOS="2199"/>
<String CONTENT="Priestley." HEIGHT="148" WIDTH="1997" VPOS="3231" HPOS="417"/>
</TextLine>
<TextLine HEIGHT="72" WIDTH="1837" VPOS="3308" HPOS="601" STYLEREFS="StyleId-66C163F6-4425-4039-9F73-3AE504C67053-">
<String CONTENT="Garden" HEIGHT="56" WIDTH="236" VPOS="3309" HPOS="601"/>
<SP HEIGHT="56" WIDTH="30" VPOS="3310" HPOS="838"/>
<String CONTENT="City," HEIGHT="71" WIDTH="153" VPOS="3308" HPOS="869"/>
<SP HEIGHT="67" WIDTH="30" VPOS="3312" HPOS="1023"/>
<String CONTENT="N." HEIGHT="53" WIDTH="71" VPOS="3312" HPOS="1054"/>
<SP HEIGHT="53" WIDTH="30" VPOS="3312" HPOS="1126"/>
<String CONTENT="Y.," HEIGHT="67" WIDTH="92" VPOS="3312" HPOS="1157"/>
<SP HEIGHT="68" WIDTH="30" VPOS="3311" HPOS="1250"/>
<String CONTENT="Doubleday," HEIGHT="70" WIDTH="360" VPOS="3309" HPOS="1281"/>
<SP HEIGHT="67" WIDTH="29" VPOS="3312" HPOS="1642"/>
<String CONTENT="Doran" HEIGHT="53" WIDTH="201" VPOS="3312" HPOS="1672"/>
<SP HEIGHT="51" WIDTH="28" VPOS="3314" HPOS="1874"/>
<String CONTENT="&amp;" HEIGHT="51" WIDTH="47" VPOS="3314" HPOS="1903"/>
<SP HEIGHT="51" WIDTH="28" VPOS="3314" HPOS="1951"/>
<String CONTENT="company," HEIGHT="51" WIDTH="300" VPOS="3329" HPOS="1980"/>
<SP HEIGHT="70" WIDTH="30" VPOS="3310" HPOS="2281"/>
<String CONTENT="inc.," HEIGHT="68" WIDTH="126" VPOS="3310" HPOS="2312"/>
</TextLine>
<TextLine HEIGHT="50" WIDTH="150" VPOS="3392" HPOS="421" STYLEREFS="StyleId-66C163F6-4425-4039-9F73-3AE504C67053-">
<String CONTENT="1933." HEIGHT="50" WIDTH="150" VPOS="3392" HPOS="421"/>
</TextLine>
<TextLine HEIGHT="50" WIDTH="647" VPOS="3461" HPOS="491" CS="1">
<String CONTENT="vii" HEIGHT="41" WIDTH="69" VPOS="3462" HPOS="491"/>
<SP HEIGHT="49" WIDTH="26" VPOS="3462" HPOS="561"/>
<String CONTENT="p.," HEIGHT="39" WIDTH="58" VPOS="3472" HPOS="588"/>
<SP HEIGHT="48" WIDTH="27" VPOS="3463" HPOS="647"/>
<String CONTENT="1" HEIGHT="39" WIDTH="26" VPOS="3463" HPOS="675"/>
<SP HEIGHT="40" WIDTH="25" VPOS="3462" HPOS="702"/>
<String CS="1" CONTENT="l.," HEIGHT="18" WIDTH="24" VPOS="3493" HPOS="750"/>
<SP HEIGHT="49" WIDTH="26" VPOS="3462" HPOS="775"/>
<String CONTENT="273" HEIGHT="41" WIDTH="86" VPOS="3462" HPOS="802"/>
<SP HEIGHT="49" WIDTH="26" VPOS="3462" HPOS="889"/>
<String CONTENT="p." HEIGHT="38" WIDTH="44" VPOS="3473" HPOS="916"/>
<SP HEIGHT="41" WIDTH="58" VPOS="3462" HPOS="961"/>
<String CONTENT="20" HEIGHT="42" WIDTH="60" VPOS="3461" HPOS="1020"/>
<String STYLE="superscript" CONTENT="cm" HEIGHT="23" WIDTH="45" VPOS="3464" HPOS="1080"/>
<String CONTENT="." HEIGHT="9" WIDTH="8" VPOS="3494" HPOS="1130"/>
</TextLine>
<TextLine HEIGHT="50" WIDTH="1887" VPOS="3519" HPOS="493">
<String CONTENT="Taken" HEIGHT="40" WIDTH="167" VPOS="3519" HPOS="493"/>
<SP HEIGHT="39" WIDTH="23" VPOS="3520" HPOS="661"/>
<String CONTENT="from" HEIGHT="39" WIDTH="130" VPOS="3520" HPOS="685"/>
<SP HEIGHT="38" WIDTH="24" VPOS="3522" HPOS="816"/>
<String CONTENT="the" HEIGHT="40" WIDTH="83" VPOS="3520" HPOS="841"/>
<SP HEIGHT="38" WIDTH="24" VPOS="3530" HPOS="925"/>
<String CONTENT="play" HEIGHT="48" WIDTH="114" VPOS="3520" HPOS="950"/>
<SP HEIGHT="36" WIDTH="23" VPOS="3532" HPOS="1065"/>
<String CONTENT="of" HEIGHT="41" WIDTH="53" VPOS="3520" HPOS="1089"/>
<SP HEIGHT="41" WIDTH="24" VPOS="3520" HPOS="1143"/>
<String CONTENT="the" HEIGHT="41" WIDTH="83" VPOS="3520" HPOS="1168"/>
<SP HEIGHT="30" WIDTH="24" VPOS="3530" HPOS="1252"/>
<String CONTENT="same" HEIGHT="31" WIDTH="135" VPOS="3529" HPOS="1277"/>
<SP HEIGHT="30" WIDTH="23" VPOS="3530" HPOS="1413"/>
<String CONTENT="name" HEIGHT="30" WIDTH="143" VPOS="3530" HPOS="1437"/>
<SP HEIGHT="41" WIDTH="23" VPOS="3520" HPOS="1581"/>
<String CONTENT="by" HEIGHT="48" WIDTH="63" VPOS="3520" HPOS="1605"/>
<SP HEIGHT="48" WIDTH="22" VPOS="3520" HPOS="1669"/>
<String CONTENT="J." HEIGHT="41" WIDTH="44" VPOS="3520" HPOS="1692"/>
<SP HEIGHT="40" WIDTH="25" VPOS="3521" HPOS="1737"/>
<String CONTENT="B." HEIGHT="43" WIDTH="55" VPOS="3521" HPOS="1763"/>
<SP HEIGHT="44" WIDTH="24" VPOS="3520" HPOS="1819"/>
<String CONTENT="Priestley.," HEIGHT="49" WIDTH="273" VPOS="3519" HPOS="1844"/>
<SP HEIGHT="31" WIDTH="42" VPOS="3530" HPOS="2118"/>
<String CONTENT="cf." HEIGHT="49" WIDTH="62" VPOS="3520" HPOS="2161"/>
<SP HEIGHT="40" WIDTH="25" VPOS="3521" HPOS="2224"/>
<String CONTENT="Pref." HEIGHT="41" WIDTH="130" VPOS="3520" HPOS="2250"/>
</TextLine>
<TextLine HEIGHT="42" WIDTH="426" VPOS="3576" HPOS="493">
<String CONTENT="&#8220;First" HEIGHT="42" WIDTH="165" VPOS="3576" HPOS="493"/>
<SP HEIGHT="39" WIDTH="28" VPOS="3579" HPOS="659"/>
<String CONTENT="edition.&#8221;" HEIGHT="42" WIDTH="231" VPOS="3576" HPOS="688"/>
</TextLine>
<TextLine HEIGHT="55" WIDTH="2015" VPOS="3638" HPOS="427" CS="1">
<String CONTENT="&#169;" HEIGHT="52" WIDTH="52" VPOS="3638" HPOS="427"/>
<SP HEIGHT="52" WIDTH="31" VPOS="3638" HPOS="480"/>
<String CONTENT="Jan." HEIGHT="39" WIDTH="109" VPOS="3644" HPOS="512"/>
<SP HEIGHT="38" WIDTH="30" VPOS="3645" HPOS="622"/>
<String CONTENT="3," HEIGHT="46" WIDTH="41" VPOS="3645" HPOS="653"/>
<SP HEIGHT="47" WIDTH="29" VPOS="3644" HPOS="695"/>
<String CS="1" CONTENT="1933;" HEIGHT="40" WIDTH="113" VPOS="3643" HPOS="725"/>
<SP HEIGHT="46" WIDTH="31" VPOS="3644" HPOS="868"/>
<String CONTENT="2c." HEIGHT="40" WIDTH="67" VPOS="3644" HPOS="900"/>
<SP HEIGHT="30" WIDTH="32" VPOS="3653" HPOS="968"/>
<String CONTENT="and" HEIGHT="39" WIDTH="97" VPOS="3645" HPOS="1001"/>
<SP HEIGHT="39" WIDTH="29" VPOS="3645" HPOS="1099"/>
<String CONTENT="aff." HEIGHT="40" WIDTH="82" VPOS="3643" HPOS="1129"/>
<SP HEIGHT="39" WIDTH="32" VPOS="3643" HPOS="1212"/>
<String CONTENT="Feb." HEIGHT="41" WIDTH="113" VPOS="3643" HPOS="1245"/>
<SP HEIGHT="42" WIDTH="29" VPOS="3642" HPOS="1359"/>
<String CONTENT="2;" HEIGHT="48" WIDTH="53" VPOS="3642" HPOS="1389"/>
<SP HEIGHT="47" WIDTH="32" VPOS="3643" HPOS="1443"/>
<!-- cceid 3835B52B-6CF9-1014-A6CF-A82867D68027 --><String CONTENT="A" HEIGHT="39" WIDTH="42" VPOS="3643" HPOS="1476"/>
<SP HEIGHT="40" WIDTH="28" VPOS="3643" HPOS="1519"/>
<String CONTENT="59245;" HEIGHT="49" WIDTH="172" VPOS="3642" HPOS="1548"/>
<SP HEIGHT="47" WIDTH="32" VPOS="3644" HPOS="1721"/>
<String CONTENT="Doubleday," HEIGHT="48" WIDTH="303" VPOS="3644" HPOS="1754"/>
<SP HEIGHT="48" WIDTH="31" VPOS="3644" HPOS="2058"/>
<String CONTENT="Doran" HEIGHT="39" WIDTH="169" VPOS="3644" HPOS="2090"/>
<SP HEIGHT="40" WIDTH="29" VPOS="3649" HPOS="2260"/>
<String CONTENT="&amp;" HEIGHT="40" WIDTH="38" VPOS="3649" HPOS="2290"/>
<SP HEIGHT="40" WIDTH="28" VPOS="3649" HPOS="2329"/>
<String CONTENT="co.," HEIGHT="40" WIDTH="84" VPOS="3653" HPOS="2358"/>
</TextLine>
<TextLine HEIGHT="51" WIDTH="420" VPOS="3699" HPOS="494">
<String CONTENT="inc." HEIGHT="42" WIDTH="93" VPOS="3699" HPOS="494"/>
<SP HEIGHT="49" WIDTH="72" VPOS="3699" HPOS="588"/>
<String CONTENT="(33-2864)" HEIGHT="51" WIDTH="253" VPOS="3699" HPOS="661"/>
</TextLine>
<TextLine HEIGHT="68" WIDTH="1040" VPOS="3800" HPOS="426" STYLEREFS="StyleId-66C163F6-4425-4039-9F73-3AE504C67053-">
<String CONTENT="Horwood," HEIGHT="68" WIDTH="312" VPOS="3800" HPOS="426"/>
<SP HEIGHT="64" WIDTH="27" VPOS="3804" HPOS="739"/>
<String CONTENT="Murray" HEIGHT="64" WIDTH="251" VPOS="3804" HPOS="767"/>
<SP HEIGHT="64" WIDTH="26" VPOS="3804" HPOS="1019"/>
<String CONTENT="Philip," HEIGHT="66" WIDTH="215" VPOS="3802" HPOS="1046"/>
<SP HEIGHT="58" WIDTH="30" VPOS="3810" HPOS="1262"/>
<String CONTENT="1892-" HEIGHT="51" WIDTH="173" VPOS="3808" HPOS="1293"/>
</TextLine>
<TextLine HEIGHT="71" WIDTH="1880" VPOS="3879" HPOS="495" STYLEREFS="StyleId-66C163F6-4425-4039-9F73-3AE504C67053-" CS="1">
<String CONTENT="The" HEIGHT="54" WIDTH="123" VPOS="3879" HPOS="495"/>
<SP HEIGHT="35" WIDTH="24" VPOS="3899" HPOS="619"/>
<String CONTENT="sanitation" HEIGHT="53" WIDTH="315" VPOS="3881" HPOS="644"/>
<SP HEIGHT="37" WIDTH="26" VPOS="3899" HPOS="960"/>
<String CONTENT="of" HEIGHT="54" WIDTH="64" VPOS="3882" HPOS="987"/>
<SP HEIGHT="53" WIDTH="23" VPOS="3882" HPOS="1052"/>
<String CONTENT="water" HEIGHT="48" WIDTH="178" VPOS="3888" HPOS="1076"/>
<SP HEIGHT="34" WIDTH="25" VPOS="3902" HPOS="1255"/>
<String CONTENT="supplies," HEIGHT="67" WIDTH="275" VPOS="3883" HPOS="1281"/>
<SP HEIGHT="68" WIDTH="23" VPOS="3882" HPOS="1557"/>
<String CONTENT="by" HEIGHT="68" WIDTH="77" VPOS="3882" HPOS="1581"/>
<SP HEIGHT="69" WIDTH="24" VPOS="3881" HPOS="1659"/>
<String CONTENT="Murray" HEIGHT="69" WIDTH="244" VPOS="3881" HPOS="1684"/>
<SP HEIGHT="68" WIDTH="23" VPOS="3882" HPOS="1929"/>
<String CONTENT="P." HEIGHT="54" WIDTH="68" VPOS="3882" HPOS="1953"/>
<SP HEIGHT="54" WIDTH="26" VPOS="3882" HPOS="2022"/>
<String CONTENT="Horwood" HEIGHT="54" WIDTH="295" VPOS="3882" HPOS="2049"/>
<SP HEIGHT="53" WIDTH="30" VPOS="3882" HPOS="2345"/>
<String CS="1" CONTENT="&#8230;"/>
</TextLine>
<TextLine HEIGHT="74" WIDTH="1769" VPOS="3954" HPOS="428" STYLEREFS="StyleId-66C163F6-4425-4039-9F73-3AE504C67053-">
<String CONTENT="Springfield," HEIGHT="73" WIDTH="376" VPOS="3954" HPOS="428"/>
<SP HEIGHT="68" WIDTH="33" VPOS="3959" HPOS="805"/>
<String CONTENT="Ill.," HEIGHT="68" WIDTH="113" VPOS="3959" HPOS="839"/>
<SP HEIGHT="66" WIDTH="35" VPOS="3961" HPOS="953"/>
<String CONTENT="Baltimore," HEIGHT="68" WIDTH="337" VPOS="3960" HPOS="989"/>
<SP HEIGHT="68" WIDTH="32" VPOS="3960" HPOS="1327"/>
<String LANG="de" CONTENT="Md.," HEIGHT="68" WIDTH="142" VPOS="3960" HPOS="1360"/>
<SP HEIGHT="67" WIDTH="35" VPOS="3961" HPOS="1503"/>
<String CONTENT="C." HEIGHT="56" WIDTH="65" VPOS="3961" HPOS="1539"/>
<SP HEIGHT="56" WIDTH="35" VPOS="3960" HPOS="1605"/>
<String CONTENT="C." HEIGHT="56" WIDTH="63" VPOS="3960" HPOS="1641"/>
<SP HEIGHT="52" WIDTH="33" VPOS="3962" HPOS="1705"/>
<String CONTENT="Thomas," HEIGHT="66" WIDTH="268" VPOS="3961" HPOS="1739"/>
<SP HEIGHT="63" WIDTH="36" VPOS="3964" HPOS="2008"/>
<String CONTENT="1932." HEIGHT="51" WIDTH="152" VPOS="3963" HPOS="2045"/>
</TextLine>
</TextBlock>
</PrintSpace>
</Page>
</Layout>
</alto>