2540 4453
1038 4099 101 53 473

114 443 1996 71 Achievements of civilization. nos. 4-6 … prepared under the
187 527 251 67 auspices
468 528 63 51 of
556 527 95 52 the
681 525 337 56 Committee
1046 543 71 34 on
1144 525 292 52 materials
1464 524 62 52 of
1555 523 343 53 instruction
1925 524 63 52 of
2016 524 95 52 the

183 605 307 53 American
519 604 218 54 council
767 624 73 33 on
869 604 318 68 education,
1216 603 139 53 with
1384 604 95 51 the
1508 602 384 69 co-operation
1924 602 64 53 of
2015 602 95 53 the

185 680 1927 149 Subcommittee on political education of the American political science association … Washington, D. C., American
185 839 850 67 council on education [ c 1933]
183 916 26 40 3
272 947 9 8 v.
338 915 141 46 illus.,
510 913 184 48 diagrs.
749 913 55 40 19
805 916 45 21 cm
857 945 9 8 .

187 972 414 40 CONTENTS.—no.
640 968 40 41 4.
723 970 103 39 The
863 972 135 44 story
1038 969 52 40 of
1129 980 88 29 our
1258 970 385 40 calendar.—no.
1683 967 42 42 5.
1766 967 190 50 Telling
1995 968 115 41 time

115 1028 295 49 throughout
440 1027 82 41 the
547 1026 397 42 centuries.—no.
973 1024 41 43 6.
1043 1026 148 41 Rules
1220 1025 53 42 of
1299 1026 83 42 the
1407 1029 133 39 road.

122 1095 52 52 ©
198 1099 110 41 Feb.
331 1098 68 49 23,
425 1097 139 48 1933;
591 1099 66 39 2c.
681 1099 118 39 each
823 1099 95 39 and
944 1097 108 41 affs.
1077 1098 112 47 Apr.
1216 1097 81 47 10;
1325 1098 41 38 A
1390 1097 157 48 61320,
1574 1097 156 47 61321,
1757 1097 169 47 61323;
1956 1098 157 39 Amer.

181 1156 187 40 council
401 1166 60 28 on
494 1155 273 41 education.

112 1258 119 54 The
272 1259 316 55 American
629 1259 269 53 educator
938 1259 428 69 encyclopedia;
1412 1278 31 34 a
1484 1260 351 69 thoroughly
1873 1258 234 54 modern

181 1339 156 52 work
365 1337 270 69 designed
668 1345 57 46 to
754 1345 144 46 meet
928 1339 95 52 the
1053 1338 168 53 needs
1251 1338 63 53 of
1345 1356 167 50 every
1542 1357 120 49 age,
1694 1339 311 51 Ellsworth
2037 1340 70 51 D.

184 1415 1925 70 Foster, LL. B., editor in chief … James Laughlin Hughes,
183 1493 1925 70 editor for Canada … Extension ed. … Chicago, The
182 1573 217 55 United
430 1574 313 66 educators,
772 1573 125 67 inc.,
933 1577 148 49 1933.

180 1647 55 39 10
262 1657 42 31 v.
365 1646 141 47 illus.,
535 1647 156 46 plates
720 1646 133 48 (part
881 1647 99 45 col.,
1009 1648 111 45 part
1148 1644 197 48 double)
1383 1647 161 47 ports.,
1573 1655 137 38 maps
1737 1644 134 49 (part
1899 1646 197 43 double)

112 1704 168 47 tables,
314 1703 180 48 diagrs.
553 1704 55 38 24
611 1705 45 21 cm
661 1735 8 9 .

179 1761 160 48 Paged
369 1761 352 48 continuously.

108 1828 52 52 ©
183 1832 113 48 Apr.
320 1833 40 46 1,
385 1832 139 46 1933;
550 1833 67 39 2c.
640 1831 118 42 each
782 1834 95 38 and
901 1832 82 41 aff.
1006 1833 114 47 Apr.
1143 1832 82 47 10;
1251 1833 41 38 A
1315 1832 170 47 60926;
1513 1832 178 41 United
1716 1834 270 46 educators,
2013 1833 89 40 inc.

203 1885 52 52 [©
282 1899 106 30 new
414 1891 95 38 and
538 1888 188 42 revised
755 1892 103 38 text
886 1892 180 37 matter
1095 1891 96 38 and
1219 1889 344 50 illustrations]

192 1945 251 50 (33-9275)

105 2050 212 65 Baker,
347 2051 243 54 Willard
622 2052 64 55 F.

180 2129 124 52 Bob
343 2130 215 51 Dexter
598 2130 112 52 and
751 2130 94 51 the
885 2129 162 53 radio
1086 2134 280 63 mystery;
1408 2148 80 49 or,
1530 2130 121 54 The
1689 2135 176 48 secret
1904 2130 64 52 of
2007 2132 94 51 the

106 2206 1992 70 counterfeiters, by Willard F. Baker … New York, Cupples &
105 2285 692 68 Leon company [ c 1933]
174 2359 26 38 2
232 2369 43 37 p.
306 2358 45 45 l.,
384 2358 84 39 211
501 2369 43 36 p.
603 2358 149 40 front.
812 2358 56 40 19½
900 2361 43 20 cm
950 2390 9 8 .
1022 2357 106 49 [His
1162 2358 101 38 Bob
1298 2359 184 40 Dexter
1515 2360 213 45 mystery
1762 2357 164 49 series]

109 2424 52 53 ©
189 2430 121 39 Mar.
336 2430 40 48 1,
402 2428 140 49 1933;
570 2430 66 40 2c.
665 2431 95 39 and
787 2429 82 42 aff.
895 2430 113 48 Apr.
1036 2428 82 50 12;
1147 2431 41 39 A
1214 2429 170 43 60996:
1415 2430 208 49 Cupples
1649 2431 37 41 &
1713 2432 129 40 Leon
1869 2441 67 31 co.

184 2486 249 48 (33-9286)

102 2588 291 66 Banning,
423 2591 139 52 Mrs.
592 2590 307 64 Margaret
936 2590 273 66 (Culkin)
1249 2595 169 50 1891-

172 2665 152 53 Path
373 2666 64 51 of
483 2671 125 48 true
656 2667 143 67 love,
848 2666 74 68 by
971 2666 296 69 Margaret
1318 2666 214 55 Culkin
1582 2667 289 71 Banning.
1960 2670 137 53 New

105 2742 178 68 York,
307 2743 258 68 London,
590 2744 233 68 Harper
848 2744 46 50 &
920 2744 277 68 brothers,
1227 2747 151 51 1933.

171 2815 28 40 3
224 2826 43 37 p.
297 2816 43 47 l.,
367 2816 83 40 251
478 2827 45 37 p.
582 2816 57 41 20
641 2819 44 21 cm
688 2850 9 9 .

173 2872 162 42 “First
363 2872 226 41 edition.”

106 2939 52 53 ©
192 2945 112 47 Apr.
340 2945 67 46 12,
444 2944 140 47 1933;
621 2945 65 40 2c.
724 2946 114 47 Apr.
873 2946 82 46 11;
994 2945 82 41 aff.
1112 2946 114 47 Apr.
1262 2947 82 46 14;
1383 2947 41 38 A
1459 2946 171 43 62027:
1671 2950 62 40 M.
1771 2948 49 42 C.
1858 2950 239 49 Banning,

177 3001 201 49 Duluth,
411 3001 150 40 Minn.
630 3001 250 49 (33-9103)

99 3107 179 65 Beau,
308 3107 280 55 Maurice.

231 3183 1865 75 … La caséine. Paris, Le Lait, revue générale. des questions
99 3261 457 68 laitières [ c 1932]
170 3337 26 40 3
222 3347 43 36 p.
291 3338 43 45 l.,
365 3335 160 50 [iii]-v,
555 3336 174 49 [7]-112
755 3346 44 38 p.
851 3336 56 39 24
910 3338 45 21 cm
959 3368 9 8 .

172 3391 447 50 “Bibliographie”:
651 3403 43 38 p.
728 3392 248 50 [109]-110.

170 3450 428 41 CONTENTS.—Les
634 3449 210 40 théories
878 3449 434 48 chimiques.—Les
1347 3452 212 42 théories
1593 3454 273 49 physiques.

103 3518 51 51 ©
182 3522 103 40 Oct.
310 3522 68 46 15,
405 3520 140 47 1932;
603 3533 37 28 1c.
667 3521 111 40 Jan.
804 3519 40 49 9,
871 3521 113 40 1933;
1041 3522 309 48 A-Foreign
1379 3524 168 49 19283;
1578 3527 63 40 M.
1669 3528 149 50 Beau,
169 3531 1908 94 Gournayen-Bray
419 3576 484 50 (Seine-Inférieure)
942 3578 199 40 France.
1212 3578 249 50 (33-9108)

97 3682 160 53 Beau
286 3684 69 52 de
384 3681 295 64 Loménie,
710 3682 367 56 Emmanuel.

230 3757 1863 77 … La restauration manquée; l’affaire du drapeau blanc.
99 3825 1133 80 Paris, Éditions des portiques [ c 1932]
169 3909 28 39 2
218 3920 44 38 p.
289 3909 42 51 l.,
361 3908 175 52 [7]-350
559 3919 57 38 p.,
643 3909 23 38 1
714 3939 10 10 l.
783 3907 56 41 18½
872 3910 45 22 cm
920 3941 10 9 .

101 3964 52 52 ©
193 3969 110 39 Dec.
342 3967 69 48 20,
450 3966 140 47 1932;
661 3977 38 30 1c.
739 3966 111 40 Feb.
890 3965 68 48 10,
1000 3966 140 48 1933;
1183 3968 308 51 A-Foreign
1532 3973 170 51 19704;
1746 3978 223 44 Editions
2010 3985 84 39 des

167 4024 262 49 portiques.
498 4021 250 50 (33-8962)
