2597 4403
1306 4044 98 50 152

405 450 1947 53 ix, 135 p. diagrs. 23 ½ cm. (Publications of the Committee on the
333 515 130 37 costs
495 510 53 41 of
574 510 208 40 medical
812 519 140 30 care:
981 520 78 29 no.
1089 509 82 47 24)

340 567 52 53 ©
424 572 111 39 Jan.
566 570 69 47 10,
667 569 142 47 1933;
843 568 68 42 2c.
943 570 96 39 and
1072 567 83 42 aff.
1187 569 110 39 Jan.
1330 566 82 48 27;
1446 568 41 39 A
1519 566 170 49 59173;
1725 566 286 48 University
2045 566 53 41 of
2130 565 226 50 Chicago,

409 628 226 48 Chicago.
709 627 253 49 (33-4077)

335 722 317 67 Levinson,
681 722 329 66 Abraham,
1041 727 173 51 1886-

336 797 2022 230 Pediatric nursing, a text-book for nurses, by Abraham Levinson … 2d ed., thoroughly rev. Illustrated with 28 engravings and a colored plate. Philadelphia, Lea & Febiger, 1933.
407 1029 97 48 xvi,
539 1029 207 50 [17]-282
776 1040 43 37 p.
879 1029 144 48 illus.,
1055 1030 87 39 col.
1173 1039 77 38 pl.,
1282 1028 155 48 diagr.
1495 1028 147 41 20½cm.

343 1086 52 53 ©
427 1091 112 40 Feb.
570 1091 39 45 1,
641 1089 143 48 1933;
817 1089 68 41 2c.
918 1090 112 40 Feb.
1060 1089 55 47 3;
1148 1087 83 42 aff.
1264 1088 113 41 Feb.
1407 1088 53 48 02;
1495 1088 41 39 A
1568 1087 171 48 59362;
1773 1088 96 40 Lea
1904 1088 36 41 &
1972 1087 218 49 Febiger.

421 1148 253 47 (33-4081)

338 1250 212 67 Lewis,
581 1251 225 55 Robert
838 1252 242 65 Strong,
1113 1256 173 51 1882-

410 1328 1952 70 Elements of mining, by Robert S. Lewis … New York,
339 1409 56 55 J.
422 1409 194 69 Wiley
642 1410 47 52 &
711 1428 150 50 sons,
885 1409 140 68 inc.;
1053 1408 263 68 London,
1344 1406 304 71 Chapman
1675 1410 47 51 &
1746 1408 163 69 Hall,
1936 1408 243 69 limited,
2208 1411 153 50 1933.

412 1484 26 39 2
465 1496 42 37 p.
533 1486 45 44 l.,
605 1484 131 48 iii-v,
764 1484 86 41 510
874 1494 41 38 p.
971 1483 146 47 illus.,
1144 1482 180 49 diagrs.
1356 1481 50 48 (2
1432 1482 201 50 double)
1694 1483 147 41 23½cm.
1960 1480 130 51 $5.00

413 1540 353 48 Bibliography
795 1544 52 36 at
876 1541 91 38 end
996 1540 54 39 of
1075 1539 121 40 each
1226 1539 217 47 chapter.

344 1593 52 53 ©
425 1595 111 42 Feb.
563 1597 39 42 3,
631 1595 141 48 1933;
803 1596 68 41 2c.
899 1596 111 40 Feb.
1039 1597 53 39 7:
1122 1595 82 41 aff.
1233 1596 113 41 Feb.
1374 1595 53 48 6;
1457 1595 41 40 A
1527 1594 170 44 59324:
1729 1596 56 41 R.
1817 1595 43 41 S.
1890 1594 173 50 Lewis,
2095 1596 108 41 Salt
2229 1597 133 39 Lake

413 1654 125 48 City.
610 1654 254 49 (33-4403)
2157 1651 120 43 1047

340 1756 322 67 Lockhart,
692 1757 224 54 Robert
948 1755 307 56 Hamilton
1288 1758 211 66 Bruce,
1534 1758 172 55 1887-

412 1835 223 54 British
670 1841 188 61 agent,
890 1835 77 69 by
999 1836 68 52 R.
1101 1835 78 53 H.
1214 1836 185 53 Bruce
1432 1835 320 67 Lockhart;
1789 1835 140 53 with
1964 1854 72 36 an
340 1835 1996 134 introduction
497 1916 76 69 by
610 1915 181 69 Hugh
827 1914 284 68 Walpole.
1187 1913 140 54 New
1363 1913 165 54 York
1564 1915 113 53 and
1712 1914 263 70 London,
2010 1913 70 57 G.
2116 1914 66 56 P.
338 1915 1999 134 Putnam’s
546 2013 147 47 sons,
725 1997 151 50 1933.

412 2071 27 40 7
466 2081 44 38 p.
540 2071 46 47 l.,
617 2069 147 41 3-354
793 2079 44 38 p.
897 2066 219 42 facsims.
1177 2067 147 40 22½cm.

411 2128 116 40 Two
555 2127 53 41 of
633 2127 83 41 the
741 2125 271 42 facsimiles
1041 2125 345 48 accompanied
1413 2126 62 48 by
1501 2127 156 47 guard
1684 2126 164 42 sheets
1875 2125 118 42 with
2023 2126 336 43 translations.

413 2185 199 41 London
647 2184 185 41 edition
876 2182 263 48 (Putnam)
1182 2184 89 40 has
1306 2182 135 42 title:
1478 2184 230 41 Memoirs
1742 2184 53 41 of
1827 2194 25 30 a
1890 2183 189 43 British
2114 2187 160 44 agent.

346 2239 52 53 ©
425 2244 112 41 Feb.
562 2244 41 48 1,
629 2242 143 48 1933;
799 2242 68 41 2c.
894 2243 111 39 Feb.
1033 2242 53 47 6;
1115 2241 84 41 aff.
1225 2241 111 41 Feb.
1362 2242 84 47 21;
1475 2242 41 39 A
1542 2241 171 50 59645;
1744 2244 55 40 R.
1828 2244 59 39 H.
1916 2245 159 39 Bruce
2100 2244 261 49 Lockhart,

414 2301 214 41 London.
700 2299 253 50 (33-4369)

338 2404 262 65 Ludlow,
629 2404 202 66 Louis,
862 2405 174 55 1873-

410 2483 270 53 America
711 2502 72 51 go
815 2484 159 66 bust;
1010 2503 73 33 an
1114 2502 204 50 expose
1351 2483 65 53 of
1446 2484 96 53 the
1575 2484 223 54 federal
1828 2486 385 70 bureaucracy
2246 2487 113 53 and

340 2562 2020 70 its wasteful and evil tendencies, by Louis Ludlow … Boston,
338 2643 194 66 Mass.,
561 2641 122 53 The
715 2640 303 56 Stratford
1050 2661 77 35 co.
1186 2644 177 64 [c1933]

413 2717 28 38 2
466 2728 44 36 p.
536 2715 43 49 l.,
606 2716 48 40 iv
680 2726 58 37 p.,
764 2715 28 39 2
853 2746 8 15 l,
890 2716 87 39 144
1002 2727 44 37 p.
1102 2717 174 47 plates.
1331 2715 148 41 19½cm.

349 2769 52 53 ©
437 2773 111 41 Feb.
581 2775 41 45 4,
656 2772 114 41 1933
789 2784 8 35 ;
835 2773 67 40 2c.
938 2773 111 40 Feb.
1084 2774 52 47 7;
1173 2773 82 40 aff.
1292 2774 111 40 Feb.
1439 2774 81 46 10;
1558 2775 41 39 A
1633 2773 172 49 59373;
1845 2775 252 41 Stratford
2133 2787 82 37 co.,
416 2778 1930 94 publishers.

342 2930 1045 69 Mallarm é , Stephane, 1842-1898.
476 3011 1887 72 … La Dernière mode, with an introduction by S. A. Rhodes
405 3090 641 68 … New York [c1933]
415 3165 86 40 107
530 3175 44 38 p.
632 3165 117 40 25cm.
819 3164 361 47 (Publications
1212 3167 52 40 of
1293 3167 83 40 the
1406 3165 239 42 Institute
1672 3168 52 40 of
1754 3168 189 41 French
1974 3166 202 51 studies,
2206 3168 118 49 inc.)

415 3222 212 40 Articles
665 3222 309 41 contributed
1013 3224 62 48 by
1111 3224 231 40 Mallarmé
1407 3226 50 39 to
1494 3225 83 40 the
1611 3224 200 41 fashion
1848 3223 252 50 magazine
2138 3225 70 42 La
343 3228 2002 91 Derniere
507 3280 152 40 mode.

349 3332 53 53 ©
432 3338 110 39 Jan.
573 3338 69 46 14,
672 3336 141 48 1933;
846 3338 68 41 2c.
943 3338 112 40 Jan.
1084 3337 83 49 28;
1199 3338 83 41 aff.
1311 3339 111 40 Jan.
1452 3340 84 48 27;
1568 3341 40 39 A
1639 3340 170 49 60256;
1845 3342 43 41 S.
1920 3342 55 41 A.
2007 3343 208 48 Rhodes,
2245 3344 118 41 New

418 3395 144 39 York.
633 3394 253 49 (33-4479)

343 3497 203 64 Mann,
579 3497 248 55 Francis
860 3499 204 56 Oscar.

416 3573 194 69 Grope
651 3574 211 54 carries
904 3592 91 52 on,
1035 3575 173 70 being
1251 3576 95 54 the
1391 3575 230 55 further
1662 3578 343 56 adventures
2046 3580 66 54 of
2154 3580 207 56 Albert

344 3650 213 69 Grope,
583 3651 76 69 by
685 3652 65 52 F.
780 3650 69 56 O.
876 3651 199 55 Mann.
1138 3653 139 53 New
1306 3653 182 70 York,
1515 3653 312 71 Harcourt,
1857 3658 182 53 Brace
2069 3658 114 54 and
345 3675 1990 122 company
557 3733 176 64 [c1933]

349 3799 53 53 ©
434 3804 110 40 Feb.
575 3805 68 41 16,
675 3803 142 48 1933;
850 3805 53 40 2c
948 3806 95 40 and
1075 3805 83 41 aff.
1191 3806 112 40 Feb.
1332 3804 83 50 20;
1450 3807 40 39 A
1521 3807 170 49 59568;
1725 3810 265 47 Harcourt,
2022 3811 156 40 Brace
2210 3811 36 41 &
2277 3822 84 38 co.,

413 3857 87 42 320
530 3869 43 38 p.
633 3859 116 41 21cm.

418 3914 163 42 “First
611 3915 230 42 edition.”

418 3972 90 43 inc.
580 3974 253 48 (33-4501)
