2582 4453
1333 4096 132 51 1408

465 495 130 40 “The
620 493 325 48 descriptions
971 493 52 40 of
1050 494 82 39 the
1158 494 195 46 present
1380 494 204 37 account
1610 492 146 47 apply
1784 494 48 37 to
1858 491 81 39 the
1966 490 246 47 Maricopa
2241 491 164 40 unless

394 551 297 49 specifically
722 550 221 41 ascribed
978 554 48 37 to
1059 551 81 39 the
1173 550 141 40 other
1346 548 405 42 tribes.”—Pref..
1785 559 42 38 p.
1862 548 64 41 ix.

466 608 279 49 “Maricopa
770 608 169 47 music,
965 608 60 48 by
1051 608 185 47 George
1262 606 248 48 Herzog”:
1539 617 43 39 p.
1608 606 204 41 271-279
1875 606 198 48 (Words
2099 606 95 39 and
2224 605 179 41 music:

392 676 43 37 p.
463 666 231 48 274-279)

464 723 202 41 “Tales”:
726 735 43 37 p.
798 723 219 41 345-422.

464 780 351 49 Bibliography:
875 792 42 37 p.
944 780 220 41 423-425.

394 834 2015 53 © Sept. 12. 1933; 2c. and aff. Sept. 22; A 66211; University of Chicago.
463 896 224 47 Chicago.
761 896 281 48 (33-28715)

387 986 385 65 Stanistreet,
802 987 204 53 James
1036 985 277 56 William.

461 1062 334 70 Beginning
818 1064 171 68 again
1015 1064 112 53 and
1154 1063 163 54 other
1342 1082 210 50 poems.
1614 1064 413 65 Hammonton,
2050 1062 71 53 N.
2148 1062 74 67 J.,
2247 1061 159 53 Priv.

388 1140 177 67 print,
595 1141 75 58 by
700 1141 98 53 the
827 1142 225 57 author,
1081 1143 57 53 J.
1169 1143 91 53 W.
1295 1142 345 55 Stanistreet
1676 1175 12 34 [
1694 1148 18 21 c
1719 1144 132 50 1933]

462 1214 101 48 viii,
594 1215 56 42 88
677 1226 44 40 p.
783 1215 55 41 21
842 1218 44 21 cm
892 1249 7 8 .

463 1271 227 43 Includes
720 1274 139 40 short
887 1285 140 37 prose
1059 1274 238 40 sketches.

393 1326 2016 54 © Sept. 29, 1933; 2c. Oct. 5; aff. Oct. 3; A 66472; J. W. Stanistreet,
463 1388 358 48 Philadelphia.
893 1388 282 47 (33-28767)

387 1479 272 65 Stevens,
690 1482 139 51 Mrs.
862 1480 131 53 Ada
1023 1480 253 55 Borden.

460 1555 1946 71 Colonial tales in verse, by Ada Borden Stevens … Cedar
389 1633 243 70 Rapids,
661 1636 123 53 The
814 1636 189 53 Torch
1031 1655 176 49 press,
1238 1640 152 49 1933.

461 1707 56 43 25
548 1719 44 39 p.
653 1709 57 41 20½cm.

464 1765 68 39 “A
565 1765 303 43 Bookfellow
901 1767 166 40 book.”

393 1819 2001 109 © Sept. 23, 1933; 2c. Sept. 29: aff. Oct. 2: A 66365; A. B. Stevens. Newport, R. I. (33-28768)
386 1970 231 66 Stuart,
647 1972 223 53 Harold
904 1974 132 64 Coe,
1071 1975 172 50 1891-

521 2048 1889 72 … Healthy childhood; guidance for physical care, by
387 2128 1999 151 Harold C. Stuart … New York, London, D. Appleton-Century company, incorporated [ c 1933 ]
389 2283 2001 107 xxvii, 393 p. front., illus., plates. diagrs. 21 cm . (The Century childhood library, J. E. Anderson, editor)
392 2396 2018 53 © Sept. 21, 1933; 2c. and aff. Sept. 25; A 66258; D. Appleton-Century
463 2469 81 36 co.,
574 2458 92 41 inc.
738 2457 283 50 (33-28969)

388 2533 230 55 Suffolk
652 2534 251 65 savings
930 2534 157 53 bank
1121 2534 96 53 for
1252 2550 241 37 seamen
1525 2534 115 53 and
1674 2533 225 64 others,
1932 2536 234 51 Boston.

464 2610 125 56 One
631 2612 266 53 hundred
943 2631 165 49 years
1153 2612 62 54 of
1258 2613 99 53 the
1402 2611 230 56 Suffolk
1676 2611 233 68 savings
1952 2610 156 54 bank
2151 2610 95 53 for
391 2628 1992 114 seamen
559 2690 113 53 and
714 2690 220 67 others;
979 2710 31 34 a
1049 2691 225 66 history
1315 2690 63 54 of
1418 2691 97 53 the
1556 2691 191 67 origin
1789 2691 112 52 and
1941 2690 227 67 growth
2207 2688 64 55 of
2310 2688 97 53 the

391 2766 154 53 bank
580 2768 141 52 with
757 2767 257 55 sketches
1051 2769 64 53 of
1150 2767 74 55 its
1264 2768 209 54 officers
1508 2769 263 68 together
1807 2768 142 53 with
1989 2787 31 34 a
2055 2768 352 67 description

388 2845 64 54 of
488 2847 97 52 the
623 2846 344 54 waterfront
1005 2847 63 53 of
1106 2848 216 52 Boston
1364 2866 59 34 as
1457 2847 48 53 it
1542 2866 115 34 was
1692 2847 60 52 in
1794 2850 163 62 1833;
2000 2846 304 68 published
2342 2846 61 52 in

390 2925 502 53 commemoration
930 2926 62 53 of
1030 2927 98 52 the
1166 2926 375 67 anniversary
1579 2926 62 53 of
1678 2927 97 52 the
1810 2925 170 66 bank,
2018 2929 153 50 1933.
388 2927 1993 142 [Boston,
532 3003 237 53 Walton
798 3003 359 69 advertising
1185 3007 53 49 &
1267 3005 265 67 printing
1561 3022 299 50 company,
1890 3010 18 21 c
1914 3007 152 63 1933]

462 3075 1691 52 2 p. l., 82, [2] p. front., illus. (incl. ports., facsims.) 23½ cm .
467 3130 293 51 “Compiled,
793 3135 245 47 arranged
1072 3136 96 38 and
1202 3134 195 48 printed
1431 3135 58 47 by
1521 3135 240 41 direction
1794 3135 51 40 of
1877 3135 197 40 Walton
2107 3135 305 51 advertising

391 3184 46 45 &
466 3190 220 49 printing
713 3201 250 38 company,
993 3191 196 44 Boston,
1221 3191 175 41 Mass.”

395 3244 2017 54 © July 25. 1933; 2c. Aug. 21: aff. Aug. 19; A 64791: Suffolk savings
465 3306 128 40 bank
621 3307 81 38 for
730 3316 195 30 seamen
956 3308 94 38 and
1083 3307 179 39 others.
1296 3307 195 39 Boston.
1567 3305 281 48 (33-28956)

386 3378 172 67 Susa,
590 3381 232 65 Naslm,
857 3384 173 50 1901-

461 3458 124 54 The
618 3459 391 69 capitulatory
1042 3460 215 68 regime
1292 3459 63 54 of
1387 3460 252 67 Turkey,
1673 3461 74 51 its
1777 3459 242 68 history,
2052 3455 208 72 origin,
2294 3459 112 53 and

390 3542 221 62 nature,
649 3537 74 67 by
760 3537 202 53 Nasim
1000 3538 199 67 Sousa,
1234 3556 98 34 pii.
1371 3557 48 33 d.
1492 3538 337 66 Baltimore,
1864 3538 123 53 The
2022 3538 186 53 Johns
387 3536 1994 131 Hopkins
545 3634 176 46 press,
756 3619 152 49 1933.

465 3686 139 42 xxiii.
634 3687 88 40 378
751 3697 43 38 p.
855 3687 85 41 214
945 3690 43 21 cm
995 3722 7 7 .
1071 3689 295 47 (Half-title:
1396 3689 155 41 Johns
1580 3690 225 48 Hopkins
1835 3688 275 47 university
2141 3689 187 40 studios
2360 3690 46 40 in

395 3742 253 43 historical
684 3745 95 40 and
814 3745 219 49 political
1071 3745 200 43 science.
1337 3747 154 41 Extra
1528 3747 230 42 volumes.
1824 3746 115 42 New
1976 3758 106 30 ser..
2120 3758 73 29 no.
2231 3745 79 42 18)

466 3800 218 47 Preface,
728 3801 250 46 Contents,
1022 3802 340 43 Introduction
1407 3805 95 40 and
1545 3805 230 49 chapters
1835 3827 31 5 I-VII
2001 3804 163 41 issued
2208 3805 104 41 also
2353 3814 55 32 as

394 3858 153 41 thesis
586 3858 14 46 (PH.
776 3861 13 46 D.)
828 3859 155 42 Johns
1012 3860 224 49 Hopkins
1266 3861 287 47 university.

465 3916 379 49 Bibliography:
876 3929 43 37 p.
948 3916 221 42 354-373.

395 3969 1934 55 © July 19, 1933; 2c. and aff. July 24; A 64610: Johns Hopkins press.
474 4031 283 50 (33-28950)
