2484 4405
1095 4117 136 51 1397

146 470 277 65 Downey,
453 467 248 55 Fairfax
730 467 203 65 Davis,
965 471 168 49 1893-

322 541 1826 73 … Richard Harding Davis: his day. New York, London,
152 626 60 55 C.
250 626 312 56 Scribner’s
593 645 146 47 sons,
774 630 151 49 1933.

222 706 1586 54 x p., 1 l., 322 p. incl. plates, front., plates, ports. 23cm.
222 770 62 39 At
312 770 122 39 head
462 769 49 39 of
538 769 107 40 title
665 780 8 28 :
702 769 207 38 Fairfax
935 769 228 45 Downey.

221 826 287 39 Illustrated
539 826 358 48 lining-papers.

153 894 51 52 ©
245 899 127 47 Sept.
409 899 69 45 22,
520 898 109 39 1933;
696 898 67 39 2c.
803 898 101 40 Oct.
940 899 27 37 4;
1036 897 53 40 aff.
1158 896 102 41 Oct.
1298 897 52 44 2;
1391 896 41 38 A
1469 895 170 39 66426:
1681 895 49 37 F.
1771 894 228 45 Downey,
2038 893 117 39 New

220 955 145 38 York.
436 954 279 46 (33-28905)

147 1052 542 69 Dubois-Desaulle,
728 1057 244 61 Gaston,
1011 1056 327 53 1873-1903.

309 1130 1839 71 … Bestiality, an historical, medical, legal and literary study;
153 1211 313 52 translated
499 1211 153 53 from
681 1212 96 52 the
809 1211 242 67 French,
1083 1212 141 51 with
1257 1211 280 66 addenda,
1567 1210 76 66 by
1676 1210 71 51 A.
1778 1210 66 52 F.
1875 1209 72 52 N.
2012 1208 139 53 New

153 1285 178 70 York,
363 1288 158 52 Priv.
555 1286 160 70 print.
767 1294 58 47 at
855 1290 95 51 the
982 1289 269 67 Panurge
1284 1307 175 48 press,
1497 1292 150 48 1933.

222 1373 99 48 299,
401 1394 9 29 [1]
440 1385 43 37 p.
544 1373 145 42 24½cm.

227 1428 91 42 “Of
347 1431 99 41 this
472 1431 198 48 edition,
698 1431 81 42 the
808 1431 104 41 first
942 1431 298 41 translation
1268 1431 102 41 into
1401 1431 214 49 English,
1646 1431 111 48 only
1787 1434 94 37 two
1912 1432 239 40 thousand

154 1488 158 47 copies
339 1489 122 40 have
490 1489 118 40 been
634 1489 161 40 issued
823 1489 78 40 for
929 1488 191 49 private
1146 1489 253 40 collectors
1424 1489 50 40 of
1499 1489 197 40 erotica.”

227 1544 236 41 “Textual
491 1546 96 39 and
615 1544 351 49 bibliographic
993 1544 165 41 notes”
1180 1556 9 29 :
1220 1556 43 37 p.
1296 1544 252 50 [281]-[300]

157 1613 51 51 ©
239 1618 126 46 Sept.
391 1618 40 45 1,
457 1615 139 42 1933:
626 1616 66 39 2c.
722 1615 128 48 Sept.
877 1615 81 44 19;
989 1615 80 40 aff.
1101 1616 127 47 Sept.
1256 1616 55 39 20;
1370 1616 39 38 A
1437 1616 170 46 66144;
1639 1616 225 46 Panurge
1890 1626 149 37 press,
2068 1616 89 39 inc.

235 1673 280 47 (33-28947)

150 1776 194 65 Dunn,
375 1777 200 64 Harry
603 1777 92 63 H.,
729 1777 325 54 1879-1932.

222 1852 119 52 The
366 1852 263 54 Crimson
653 1851 189 69 jester,
866 1853 217 67 Zapata
1108 1852 64 53 of
1194 1852 241 67 Mexico,
1461 1852 72 68 by
1560 1853 77 52 H.
1664 1852 77 53 H.
1767 1852 204 67 Dunn;
153 1852 1979 131 illustrated
381 1930 140 52 with
565 1930 393 68 photographs
999 1930 74 69 by
1114 1930 95 53 the
1252 1930 223 53 author.
1556 1930 139 53 New
1740 1930 180 67 York,
1962 1931 69 52 R.
2076 1931 78 52 M.

152 2007 277 54 McBride
455 2008 44 51 &
527 2026 297 51 company,
855 2011 150 51 1933.

225 2094 1782 50 xiv p., 2 l., 3-304 p. front., illus. (map) plates, ports. 22½cm.
157 2163 53 53 ©
238 2168 119 48 Aug.
386 2168 75 40 23;
486 2168 140 40 1933:
657 2168 68 40 2c.
757 2169 100 39 Oct.
887 2169 52 40 2:
972 2168 80 40 aff.
1087 2169 128 47 Sept.
1246 2169 81 46 30;
1360 2169 41 39 A
1430 2169 169 46 65421;
1634 2169 152 40 Reina
1819 2169 150 40 Wiles
1999 2171 158 44 Dunn,

226 2225 96 39 San
351 2224 164 47 Diego,
587 2225 104 39 Calif.
765 2225 280 47 (33-25979)

151 2325 292 66 Duverne,
479 2327 179 65 René,
696 2330 171 49 1893-

323 2403 1659 71 … Mireille 60 c. v. Paris, Gautier-Languereau, 1933.
225 2484 97 46 287,
354 2485 54 47 [1]
439 2495 41 36 p.
537 2483 116 40 19cm.
719 2485 96 47 (On
844 2494 162 32 cover:
1033 2485 341 48 Bibliothèque
1403 2486 57 40 de
1489 2497 76 29 ma
1595 2486 122 47 fille)

158 2554 1984 114 © Jan. 15, 1933; 1c. Aug. 2; A- Foreign 21762; Éditions Gautier-Languereau. (33-25519)
154 2720 305 67 Estaunié,
494 2713 294 76 Édouard,
825 2727 171 50 1862-

225 2798 265 54 Madame
527 2800 276 68 Clapain;
841 2804 318 51 translated
1196 2803 152 52 from
1385 2805 95 52 the
1518 2804 222 52 French
1779 2804 63 53 of
1934 2805 218 52 Édouard

158 2877 292 52 Estaunié.
522 2878 139 52 New
699 2880 177 55 York.
913 2881 70 51 D.
1022 2881 581 68 Appleton-Century
1642 2900 296 49 company,
157 2884 1976 137 incorporated,
450 2958 151 50 1933.

228 3025 625 52 3 p. l., 3-294 p. 19½cm.
231 3081 162 42 “First
425 3084 259 49 printing.”

161 3149 51 53 ©
248 3154 127 48 Sept.
407 3154 69 48 29,
539 3155 82 40 1933;
684 3156 65 40 2c.
785 3156 101 41 Oct.
919 3158 52 41 3;
1008 3156 82 42 aff.
1125 3157 100 41 Oct.
1259 3159 52 46 2;
1347 3159 41 39 A
1420 3159 170 47 66406;
1627 3161 52 41 E.
1714 3160 249 48 Estaunié,
1999 3160 162 48 Dijon,

229 3211 198 41 France.
499 3213 279 48 (33-25686)

160 3310 292 68 Feiertag,
481 3316 245 53 Loretta
758 3316 185 65 Clare,
973 3317 183 65 sister,
1186 3322 166 49 1890-

229 3389 306 55 American
583 3392 194 68 public
823 3395 235 67 opinion
1107 3416 71 33 on
1224 3398 94 52 the
1367 3398 338 66 diplomatic
1749 3401 271 51 relations
160 3401 1971 119 between
369 3468 96 53 the
497 3470 215 53 United
747 3471 188 54 States
969 3474 112 51 and
1113 3474 96 52 the
1242 3475 184 66 Papal
1459 3480 172 49 states
1675 3477 367 67 (1847-1867)
2083 3478 72 67 by

161 3543 1974 149 Sister Loretta Clare Feiertag … Washington, The Catholic university of America, 1933.
235 3694 752 51 vii p., 1 l., 188 p., 1 1. 23cm.
235 3749 170 42 Thesis
451 3752 107 48 (PH.
621 3752 327 47 D.)—Catholic
980 3758 273 49 university
1288 3761 50 39 of
1370 3761 238 46 America,
1642 3760 126 41 1933.

236 3808 126 41 Vita.

237 3864 258 41 Published
525 3868 103 39 also
656 3868 207 41 without
890 3868 151 42 thesis
1072 3877 125 35 note.

238 3918 441 51 “Bibliographical
712 3926 111 39 note”
870 3936 9 29 :
913 3937 42 37 p.
990 3927 217 40 177-181.

169 3986 50 51 ©
251 3991 125 40 June
407 3993 67 46 14,
506 3993 139 46 1933;
679 3994 64 40 2c.
779 3995 113 46 July
923 3994 80 44 19;
1039 3996 81 41 aff.
1153 3998 120 47 Aug.
1305 3998 81 41 19:
1422 4000 38 37 A
1493 3999 170 47 64799;
1699 4002 221 41 Catholic
1953 4004 127 39 univ.
2116 4006 50 38 of

234 4047 236 41 America.
544 4050 279 47 (33-28954)
