2582 4453
1360 4131 135 51 1452

487 514 100 49 145,
620 515 56 50 [1]
705 525 43 38 p.
805 515 86 40 col.
918 514 165 47 front.,
1112 515 159 48 plates
1299 511 50 48 (3
1377 514 114 48 col.)
1528 515 138 47 port.,
1693 513 217 42 facsims.
1941 513 48 48 (1
2019 513 144 48 fold.)
2229 514 55 40 24½
2317 516 44 21 cm
2366 547 8 8 .

489 573 69 40 “A
584 571 182 50 special
790 571 184 41 edition
1003 572 51 39 of
1079 570 86 41 500
1191 571 160 47 copies
1374 571 78 40 for
1479 570 317 41 distribution
1824 582 60 29 on
1912 571 205 42 October
2142 571 228 42 fifteenth
2397 574 37 40 &

417 630 262 46 sixteenth,
717 628 227 42 nineteen
982 628 221 41 hundred
1242 629 95 40 and
1377 628 329 49 thirty-three,
1743 631 52 38 at
1832 629 83 40 the
1952 640 89 29 one
2077 630 222 41 hundred
2337 630 95 41 and

417 687 337 49 seventy-fifth
783 686 323 47 anniversary
1136 686 52 39 of
1219 686 81 40 the
1329 685 240 49 founding
1598 686 51 40 of
1678 686 82 41 the
1790 685 204 50 Lodge.”
2053 687 119 40 This
2200 698 119 38 copy
2348 691 85 37 not

417 745 280 41 numbered.

421 802 53 53 ©
512 807 128 48 Sept.
675 806 69 47 26,
780 804 142 47 1933;
958 804 69 40 2c.
1062 804 95 39 and
1194 803 82 40 aff.
1313 802 103 41 Oct.
1451 803 52 46 9;
1541 804 40 37 A
1616 802 172 47 66505;
1827 804 49 38 P.
1913 804 60 38 H.
2011 804 232 48 Granger,
489 804 1929 108 Philadelphia.
772 860 283 51 (33-30109)

422 966 288 64 Gregory,
743 964 301 57 Claudius.

488 1040 1949 71 Valerie Hathaway, by Claudius Gregory … Toronto, Can.,
416 1121 366 56 McClelland
810 1121 46 51 &
888 1120 267 67 Stewart,
1183 1120 244 69 limited,
1457 1122 152 52 1933.

489 1195 27 42 3
543 1206 43 37 p.
651 1228 8 16 l.,
703 1194 179 51 [9]-15,
959 1215 10 30 [1]
999 1205 44 38 p.
1103 1194 56 40 21
1164 1196 43 23 cm
1213 1227 8 8 .

490 1253 164 41 “First
683 1253 230 42 edition.”

423 1308 2017 53 © 1c. Sept. 25, 1933; A ad int. 18209; pubd. Sept. 11; G. J. Gregory,
490 1370 268 44 Hamilton,
797 1369 219 42 Ontario.
1053 1369 215 41 Canada.
1344 1368 283 48 (33-30569)

418 1461 313 66 Harrison,
764 1461 168 56 Jack.

421 1535 1990 149 Famous saddle horses and distinguished horsemen; a historical narrative and personal reminiscences, by Jack Harrison …
422 1693 214 57 Edited
670 1694 73 69 by
775 1693 148 54 Wra.
958 1693 193 54 Rufus
1183 1693 265 54 Jackson.
1544 1691 84 56 [St.
1662 1693 192 70 Louis,
1889 1701 18 21 c
1913 1697 152 65 1933]

491 1781 77 35 xv,
601 1771 71 48 [1],
701 1770 90 40 448
815 1780 43 38 p.
888 1770 110 39 incl.
1028 1769 166 47 front.,
1224 1769 130 40 illus.
1412 1769 55 40 23½
1501 1771 44 21 cm
1551 1802 8 7 .

423 1823 51 53 ©
509 1828 102 40 Oct.
644 1827 69 47 12,
745 1826 142 48 1933;
922 1827 67 40 2c.
1023 1828 97 39 and
1152 1826 83 41 aff.
1270 1827 102 41 Oct.
1406 1827 55 40 13
1479 1837 9 37 ;
1523 1827 41 39 A
1597 1827 171 48 66600;
1805 1828 43 40 J.
1882 1827 258 48 Harrison,
2173 1825 269 51 Columbia,

490 1886 93 38 Mo.
656 1884 282 48 (33-30094)

418 1973 216 66 Hitler,
682 1974 201 65 Adolf,
935 1977 171 51 1889-

489 2053 103 70 My
615 2052 198 69 battle,
836 2052 74 70 by
934 2051 189 55 Adolf
1145 2053 227 67 Hitler;
1400 2052 278 70 abridged
1703 2053 114 54 and
1840 2053 317 54 translated
2181 2054 74 69 by
2281 2053 68 55 E.
2373 2054 64 53 T.

420 2132 57 56 S.
516 2133 285 69 Dugdale.
879 2134 218 51 Boston
1137 2134 114 51 and
1291 2133 139 52 New
1470 2132 181 69 York,
1689 2132 322 70 Houghton
2049 2132 206 55 Mifflin
418 2152 1997 130 company,
623 2215 151 51 1933.

490 2298 46 37 x,
567 2286 88 42 297
683 2299 42 37 p.
786 2286 166 48 front.,
984 2289 150 46 ports.
1193 2287 57 40 21
1253 2288 45 23 cm
1303 2319 9 10 .

423 2342 53 52 ©
505 2346 102 41 Oct.
637 2347 68 46 11,
734 2346 113 40 1933
867 2356 8 36 ;
906 2346 68 41 2c.
1003 2345 103 41 Oct.
1136 2347 81 38 16:
1249 2346 82 40 aff.
1363 2346 101 40 Oct.
1495 2345 81 41 12:
1609 2346 40 38 A
1708 2345 141 47 66625;
1882 2347 266 46 Houghton
2175 2346 168 39 Mifflin
2374 2356 67 31 co.

503 2404 284 47 (33-30136)

419 2495 344 65 Holdridge,
796 2495 321 55 Desmond.

556 2570 1883 71 … Pindorama; jungle—to you! … New York, Minton,
422 2650 182 53 Balch
635 2652 45 50 &
714 2668 280 51 company
1075 2652 154 66 [c1933]

492 2726 28 41 8
545 2737 42 37 p.
652 2757 9 16 l.,
689 2725 145 41 3-273
864 2737 43 37 p.
963 2726 167 46 front.,
1159 2726 130 40 illus.
1317 2725 188 49 (maps)
1542 2727 173 48 plates.
1771 2726 59 41 22
1831 2729 44 21 cm
1879 2758 8 8 .

492 2784 140 47 Maps
663 2794 59 29 on
754 2782 366 49 lining-papers.

492 2840 311 47 Pindorama,
833 2840 83 41 the
943 2840 137 40 Land
1108 2840 52 41 of
1188 2842 170 47 palms,
1386 2840 126 49 Tupi
1539 2841 79 40 for
1648 2842 82 39 the
1756 2844 139 46 great
1925 2843 159 47 valley
2112 2842 52 41 of
2193 2843 82 40 the
418 2843 2002 95 Amazon.
578 2898 61 49 cf.
669 2898 84 41 4th
783 2897 188 50 prelim,
1002 2897 113 42 leaf.

424 2952 52 52 ©
512 2956 102 41 Oct.
647 2956 39 47 6,
722 2955 140 42 1933;
898 2958 66 37 2c.
1002 2956 100 40 Oct.
1138 2956 82 46 16;
1258 2956 82 41 aff.
1376 2957 102 41 Oct.
1514 2958 81 41 17;
1633 2958 40 37 A
1707 2957 171 47 65675;
1916 2958 57 40 D.
2006 2957 283 48 Holdridge.
2324 2958 117 40 New

492 3014 143 39 York.
709 3013 282 48 (33-30080)

417 3102 283 66 Kästner,
738 3104 200 65 Erich,
977 3109 173 50 1899-

491 3180 121 54 The
651 3181 134 53 35th
824 3181 64 53 of
925 3181 167 68 May;
1134 3201 81 48 or,
1255 3181 279 55 Conrad’s
1573 3183 122 53 ride
1733 3189 58 47 to
1829 3183 96 53 the
1966 3182 185 56 South
2186 3202 138 51 seas,
2361 3183 75 69 by

422 3260 178 52 Erich
637 3260 281 59 Kästner;
960 3260 326 55 illustrated
1323 3262 75 68 by
1433 3262 223 53 Walter
1691 3261 195 68 Trier;
1927 3261 249 70 English
2213 3262 225 55 version

419 3338 74 70 by
525 3337 185 71 Cyrus
740 3338 238 55 Brooks.
1055 3339 259 68 London,
1343 3339 55 54 J.
1431 3339 157 69 Cape
1643 3344 152 65 [1933]

493 3414 85 40 192
604 3426 42 36 p.
675 3415 108 40 incl.
811 3415 144 45 illus.,
984 3415 171 48 plates,
1211 3416 86 40 col.
1327 3415 149 43 front.
1534 3415 56 41 20½
1623 3419 15 21 cm
1671 3448 8 8 .

425 3454 2015 68 © 1c. Sept. 14, 1933; A ad int. 18173; pubd. July 17: Dodd, Mead & co.,
490 3527 105 43 inc..
629 3529 116 38 New
780 3530 142 38 York.
995 3529 282 48 (83-29811)

419 3617 240 66 Kehlor,
693 3620 263 64 Stephen
992 3622 66 53 E.

494 3694 220 54 Kehlor
759 3695 106 70 key
913 3702 58 46 to
1017 3696 309 54 crossword
1374 3698 242 68 puzzles,
1661 3698 73 70 by
1782 3696 253 71 Stephen
2083 3697 65 52 E.
2197 3696 237 56 Kehlor.

424 3772 270 70 Chicago,
729 3774 88 53 W.
852 3775 66 52 E.
955 3773 298 71 Eaithorn,
1287 3778 127 66 inc.,
1451 3779 150 50 1933.

490 3846 27 38 4
546 3856 42 37 p.
654 3877 9 17 l.,
698 3847 203 49 [11]—271
935 3859 41 36 p.
1040 3848 56 39 25
1098 3850 44 21 cm
1147 3880 8 8 .

491 3901 257 43 Alternate
781 3914 146 38 pages
964 3906 134 39 ruled
1133 3905 79 40 for
1246 3906 221 40 notation
1500 3907 51 40 of
1584 3907 270 41 additional
1892 3909 173 40 words.

423 3959 52 52 ©
519 3964 129 48 Sept.
688 3965 68 42 12,
798 3965 112 38 1933
930 3976 7 30 ;
980 3967 67 37 2c.
1088 3967 95 38 and
1224 3966 81 41 aff.
1351 3968 127 46 Sept.
1518 3967 82 45 30;
1643 3967 42 39 A
1723 3967 171 47 66543;
1940 3968 42 39 S.
2026 3969 50 38 E.
2118 3969 184 39 Kehlor
2339 3970 98 39 and

491 4021 189 40 Walter
717 4024 50 37 E.
847 4021 209 46 Faithorn,
1095 4022 225 47 Chicago.
1393 4023 281 49 (33-30101)
