2484 4405
1019 4116 133 49 1065

94 480 252 53 Kansas.
420 480 169 53 State
634 478 214 63 college
893 478 64 52 of
999 477 364 64 agriculture
1407 476 115 53 and
1566 475 230 65 applied
1840 475 246 64 science,

161 553 1669 70 Manhattan. Dept. of food economics and nutrition.
167 633 53 52 A
247 633 323 67 dictionary
597 633 62 53 of
688 633 260 66 culinary
975 633 112 52 and
1115 633 215 52 related
1358 637 172 48 terms
1581 633 92 66 [by]
1708 632 379 66 Department

95 710 64 52 of
187 710 138 53 food
355 710 309 53 economics
696 710 112 52 and
837 709 302 66 nutrition,
1168 710 225 52 Kansas
1421 714 145 49 state
1600 710 209 65 college
1840 708 64 54 of
96 709 1962 130 agriculture

345 787 112 53 and
486 786 233 68 applied
747 786 229 53 science.
1041 787 364 64 Manhattan,
1433 786 169 65 Kan.,
1635 789 152 50 1933.

170 859 54 41 62
251 871 43 39 p.
353 859 56 39 22½cm.

101 914 51 52 ©
180 919 129 38 June
332 919 38 45 7,
398 917 139 46 1933;
566 917 66 39 2c.
661 917 94 38 and
784 915 82 42 aff.
893 916 129 39 June
1046 916 82 46 12;
1157 916 40 38 A
1225 916 168 46 63153;
1425 917 319 47 Department
1773 916 53 40 of
1850 917 114 39 food
167 927 1906 87 economics
390 974 36 39 &
465 973 253 46 nutrition,

761 973 194 39 Kansas
997 975 131 37 state
1168 974 177 46 college
1388 973 51 39 of
1480 972 299 48 agriculture
1822 974 34 39 &
1900 972 191 49 applied

167 1031 198 46 science,
399 1030 307 47 Manhattan,
739 1030 124 39 Kan.
937 1028 280 50 (33-19498)

93 1118 276 66 Keating,
398 1119 315 54 Lawrence
740 1118 72 54 A.

166 1196 120 52 The
321 1196 215 67 deputy
570 1195 65 52 of
671 1194 116 55 San
823 1195 203 67 Kiano,
1059 1196 76 67 by
1169 1197 302 52 Lawrence
1505 1197 70 52 A.
1612 1195 269 70 Keating.
1952 1199 137 53 New

102 1273 172 67 York,
305 1273 65 53 E.
401 1273 55 53 J.
489 1272 193 68 Clode,
711 1273 106 53 inc.
854 1306 13 34 [
871 1279 19 21 c
895 1275 151 65 1933]

164 1346 87 41 255
282 1356 42 39 p.
385 1346 56 41 19½
473 1348 43 22 cm
521 1377 10 10 .

101 1400 51 53 ©
185 1405 118 48 July
332 1405 39 48 5,
404 1404 112 41 1933;
579 1404 67 43 2c.
679 1404 115 48 July
826 1404 83 48 25;
944 1403 82 42 aff.
1060 1404 118 49 July
1210 1405 81 48 28;
1327 1406 40 39 A
1401 1405 169 49 64562;
1609 1408 210 40 Edward
1854 1408 43 41 J.
1933 1407 158 50 Clode,

167 1462 88 40 inc.
327 1462 279 48 (33-19398)

94 1549 233 66 Kelsey,
356 1550 198 53 Erwin
580 1551 173 64 Burr,
783 1556 171 49 1896-

165 1628 356 67 Laboratory
571 1629 232 52 manual
857 1634 57 47 to
969 1647 347 50 accompany
1369 1631 322 67 Principles
1745 1633 65 52 of
1862 1635 229 66 general

97 1704 1930 70 chemistry, by Erwin B. Kelsey and Harold G. Dietrich …
97 1784 136 53 Rev.
270 1785 83 52 ed.
429 1786 137 52 New
602 1785 178 67 York,
813 1786 121 54 The
967 1786 334 53 Macmillan
1337 1805 298 50 company,
1670 1793 149 50 1933.

169 1857 1872 52 x, 4 p., 5-133 numb. l., 6 p., 7-22 numb. l., 23-24 p., 25-69 numb. l.,
99 1913 143 42 71-73
273 1926 42 37 p.
376 1915 142 47 illus.,
550 1915 179 47 diagrs.
788 1915 57 39 22½cm.

170 1972 384 41 “International
583 1972 177 40 atomic
788 1972 216 48 weights,
1035 1972 143 41 1933”
1207 1983 60 30 on
1293 1972 135 42 front
1456 1973 337 51 lining-paper.

169 2029 132 41 First
331 2029 196 48 edition,
557 2029 126 49 1926,
713 2030 62 47 by
807 2031 169 39 Stuart
1007 2031 54 39 R.
1092 2030 235 49 Brinkley
1355 2032 95 40 and
1480 2032 164 42 Erwin
1676 2033 54 43 B.
1759 2034 193 47 Kelsey.

101 2082 51 52 ©
181 2088 115 47 July
323 2088 67 46 11,
421 2087 138 47 1933;
590 2088 65 39 2c.
686 2089 94 38 and
808 2088 81 39 aff.
920 2089 116 47 July
1064 2089 83 47 12;
1177 2090 40 38 A
1246 2089 169 47 64300;
1449 2091 282 40 Macmillan
1760 2102 66 30 co.
1891 2088 68 52 [©
1989 2101 106 31 new

169 2145 91 38 and
298 2146 184 38 revised
519 2144 242 49 material]
837 2145 280 48 (33-19358)

95 2217 167 65 Kirk,
291 2219 154 52 John
476 2220 244 63 George.

167 2294 230 55 Graded
434 2297 212 67 letters,
685 2296 278 53 dictation
1001 2297 95 53 for
1133 2299 235 52 modern
1406 2300 270 69 business,
1712 2302 75 67 by
1824 2303 157 53 John
2022 2303 67 55 G.

97 2372 1993 70 Kirk … and George E. Mumford … bk 2. Benn Pitman and
96 2452 162 52 Isaac
312 2452 233 52 Pitman
599 2454 83 51 ed.
772 2454 269 69 Chicago,
1093 2456 410 69 Philadelphia
1563 2463 137 62 [etc.]
1760 2461 120 52 The
1935 2462 156 54 John

97 2531 60 54 C.
189 2531 266 55 Winston
485 2550 279 51 company
798 2566 11 34 [
816 2539 17 20 c
838 2536 152 64 1933]

168 2606 82 46 xii,
281 2606 88 39 449
397 2617 41 37 p.
470 2606 109 41 incl.
609 2606 164 49 front.,
805 2608 142 46 illus.,
981 2607 179 47 diagrs.
1220 2609 55 40 20½
1308 2612 44 21 cm
1356 2641 8 8 .

171 2663 308 39 “Shorthand
517 2662 209 41 outlines
763 2664 197 39 written
996 2664 61 48 by
1094 2665 165 40 Aaron
1300 2667 42 40 S.
1382 2668 246 47 Longacre
1666 2670 95 38 and
1799 2670 186 40 Arthur
2023 2672 72 41 W.

99 2717 312 48 Sugarman.”

103 2772 51 51 ©
183 2776 118 46 Aug.
328 2777 40 45 4,
397 2776 141 46 1933;
567 2777 66 39 2c.
662 2777 119 46 Aug.
811 2776 52 46 9;
893 2776 82 41 aff.
1003 2777 118 48 Aug.
1153 2778 81 46 10;
1266 2779 40 38 A
1335 2779 169 48 64698;
1537 2782 128 40 John
1695 2783 49 40 C.
1775 2783 222 41 Winston
2026 2792 70 31 co.

94 2846 168 66 Kolb,
291 2850 153 53 John
477 2849 307 66 Harrison,
818 2853 170 50 1888-

166 2926 254 70 Meeting
447 2928 98 52 the
571 2929 153 51 farm
752 2928 177 69 crisis,
956 2929 74 68 by
1059 2931 57 53 J.
1146 2930 76 51 H.
1251 2928 170 52 Kolb.
1487 2926 270 68 Chicago,
1786 2927 305 52 American

96 3005 217 69 library
345 3006 354 68 association,
733 3010 149 50 1933.

169 3081 55 38 24
253 3091 41 37 p.
355 3080 54 39 19½cm.
570 3080 288 47 (On.cover:
888 3079 267 48 Exploring
1184 3080 84 39 the
1297 3079 167 48 times)

175 3137 407 41 “Recommended
618 3136 227 49 reading”:
911 3148 43 38 p.
989 3137 81 46 22;
1112 3137 179 41 “Other
1327 3135 225 40 material
1590 3135 217 39 referred
1843 3137 48 38 to
1930 3135 50 39 in
2014 3134 80 39 the

99 3194 131 40 text”:
286 3204 42 38 p.
355 3195 157 39 23-24.

104 3246 51 52 ©
183 3252 115 46 July
326 3251 68 46 10,
425 3251 139 46 1933;
595 3251 65 39 2c.
691 3251 117 47 July
835 3251 52 46 8;
919 3250 80 40 aff.
1031 3251 117 47 July
1176 3250 81 47 18;
1289 3251 40 38 A
1359 3249 169 47 63666;
1561 3250 157 39 Amer.
1749 3248 186 48 library
1966 3258 128 31 assn.

180 3307 278 48 (33-19662)

94 3378 251 70 Laidler,
373 3383 200 63 Harry
599 3380 375 67 Wellington,
1005 3387 172 50 1884-

167 3459 1922 69 A history of socialist thought, by Harry W. Laidler … New
101 3537 175 66 York,
303 3539 247 52 Thomas
579 3540 70 52 Y.
681 3539 242 54 Crowell
951 3556 281 49 company
1407 3543 48 63 [c1933]

168 3612 117 46 xxii,
311 3612 84 39 713
422 3623 42 37 p.
524 3611 163 47 front.,
713 3615 148 43 ports.
924 3611 58 39 20½cm.
1140 3610 270 47 (Crowell’s
1438 3610 148 40 social
1614 3610 184 40 science
1827 3611 162 47 series,
2018 3612 71 40 ed.

99 3668 60 47 by
190 3669 120 39 Seba
340 3668 253 46 Eldridge)

168 3724 212 43 “Fourth
412 3724 258 50 printing.”

169 3782 67 40 “A
273 3784 393 46 supplementary
700 3783 189 39 volume
925 3786 48 37 to
1013 3782 254 41 Socialism
1302 3782 49 39 in
1385 3782 206 47 thought
1625 3782 96 40 and
1758 3781 174 48 action,
98 3792 1971 94 completed
282 3839 60 47 by
369 3840 80 39 the
477 3840 177 39 author
679 3839 48 40 in
755 3838 350 42 1920.”—Pref.

170 3897 244 39 “Selected
441 3895 300 41 references”
770 3900 51 36 at
847 3897 90 39 end
965 3896 51 40 of
1041 3897 119 38 each
1187 3896 213 47 chapter,
1430 3898 169 45 except
1626 3896 200 46 chapter
1999 3928 9 9 XXXII.

101 3949 51 51 ©
182 3954 118 46 July
326 3953 67 45 13,
423 3954 112 39 1933;
593 3955 67 38 2c.
691 3955 95 38 and
815 3953 82 41 aff.
927 3955 116 46 July
1073 3954 82 46 18;
1187 3954 40 38 A
1257 3953 169 47 63619;
1459 3954 211 39 Thomas
1700 3954 54 41 Y.
1785 3953 205 41 Crowell
2020 3963 68 30 co.

174 4006 66 53 [©
264 4010 236 40 revisions
525 4010 35 39 &
583 4011 307 48 corrections]
962 4010 281 49 (33-19348)
