2484 4405
1074 4121 100 50 819

69 466 212 62 Morse,
311 458 199 57 Jarvis
539 459 224 62 Means,
796 459 169 51 1899-

143 541 54 51 A
233 535 288 70 neglected
561 532 197 69 period
796 529 62 54 of
900 526 414 57 Connecticut’s
1352 524 237 68 history,
1632 519 325 67 1818-1850,
1994 516 75 69 by

77 595 1991 81 Jarvis Means Morse … New Haven, Yale university press;
76 693 253 68 London,
360 691 75 50 H.
469 687 263 68 Milford,
767 683 227 55 Oxford
1026 680 314 69 university
1377 697 174 50 press,
1585 678 149 51 1933.

144 768 27 39 4
202 778 43 37 p.
312 796 9 17 l,
353 763 87 42 359
470 774 43 37 p.
572 760 56 42 22½
661 764 44 20 cm
710 792 8 8 .
790 758 299 49 (Half-title:
1122 757 118 38 Yale
1273 752 254 42 historical
1559 745 339 54 publications.
75 746 1980 127 Miscellany,
304 821 122 50 xxv)

148 860 1926 71 “[Developed] … from a doctoral dissertation at Yale university
79 935 368 55 [1930]”—Pref.

149 992 290 42 “Published
468 991 151 40 under
647 990 80 40 the
755 987 236 42 direction
1017 985 52 41 of
1095 983 80 44 the
1202 983 320 48 Department
1550 980 51 42 of
1625 978 190 48 history
1840 977 128 42 from
1994 975 83 42 the

82 1053 183 41 income
295 1052 53 39 of
381 1051 79 38 the
495 1047 261 41 Frederick
790 1045 127 40 John
951 1041 282 49 Kingsbury
1267 1037 250 44 memorial
1552 1035 305 43 fund.”—1st
1892 1034 171 50 prelim.

80 1109 113 42 leaf.

153 1162 438 51 “Bibliographical
621 1159 141 41 note”:
818 1169 44 39 p.
892 1155 251 53 [336]-343.

87 1233 51 53 ©
172 1238 112 46 May
313 1234 69 48 29,
415 1234 139 45 1933;
585 1233 67 40 2c.
686 1233 124 38 June
841 1230 53 46 3;
928 1228 81 40 aff.
1042 1228 127 41 June
1200 1229 52 45 1;
1287 1227 42 39 A
1359 1226 145 41 63037;
1564 1225 120 40 Yale
1714 1223 129 41 univ.
1877 1231 148 39 press.

168 1292 278 49 (33-14376)

82 1395 237 67 Million,
348 1395 183 55 Oscar
557 1391 227 66 Albert,
817 1393 326 54 1832-1899.

157 1473 253 56 Selected
441 1489 192 50 poems
663 1470 64 52 of
758 1468 179 55 Oscar
965 1466 206 54 Albert
1201 1465 238 54 Mullon.
1518 1464 136 53 New
1687 1463 178 69 York,
1899 1465 146 49 1933.

156 1560 44 35 x,
230 1545 218 48 xiii-xvi,
478 1545 85 40 100
591 1554 42 38 p.
692 1544 135 39 front.
871 1540 173 50 (port.)
1112 1538 55 43 23
1172 1542 43 21 cm
1220 1572 8 8 .

160 1605 162 40 “First
347 1601 226 44 edition.”

92 1672 52 54 ©
170 1678 115 38 May
308 1676 40 47 1,
374 1675 114 40 1933;
542 1673 69 41 2c.
635 1673 127 39 June
786 1673 29 37 2;
868 1671 83 40 aff.
977 1671 132 40 June
1131 1671 24 38 1;
1212 1670 43 38 A
1278 1668 144 42 62853;
1478 1667 156 49 Lydia
1659 1668 57 42 A.
1743 1667 199 47 Mullon,
1971 1667 118 39 New

159 1734 144 39 York.
373 1729 281 49 (33-14324)

87 1838 174 64 Nerz,
291 1836 161 56 Otto.

162 1916 119 51 Der
321 1912 207 68 kampf
568 1930 94 36 um
702 1913 109 51 den
851 1910 145 65 ball;
1040 1909 103 54 das
1182 1910 146 52 buck
1370 1927 131 35 vom
1542 1907 261 68 fussball,
1840 1907 106 54 mit
1994 1911 96 48 136

93 1992 399 69 abbildungen.
574 1995 40 48 1.
648 1991 128 52 aufl.
856 1988 214 68 Berlin,
1103 1987 504 70 Prismen-verlag,
1641 1991 147 50 1933.

167 2069 25 37 3
222 2077 41 37 p.
292 2067 43 42 l.,
365 2065 96 45 176,
494 2065 54 48 [1]
580 2073 55 38 p.,
666 2064 26 38 2
742 2096 8 7 l.
811 2062 141 48 illus.,
981 2062 172 48 plates.
1213 2061 56 39 24
1272 2063 42 21 cm
1321 2093 8 8 .

168 2114 1925 57 On recto of third prelim. leaf: Von Otto Nerz … [und] Carl Koppehel.
102 2182 1995 61 © Jan. 1, 1933; 1c. Mar. 30; A-Foreign 20449; Prismen-verlag, g. m.
168 2252 42 39 b.
237 2252 43 37 h.
352 2248 278 51 (33-13974)

96 2351 145 54 New
266 2352 160 53 York
465 2350 217 70 (State)
766 2350 185 69 Laws,
977 2355 258 63 statutes,
1259 2355 101 48 etc.

168 2427 238 57 Cahill’s
440 2431 139 52 New
618 2429 161 53 York
811 2427 135 56 civil
978 2428 266 68 practice.
1323 2430 132 50 1933
1491 2426 346 55 cumulative
99 2427 1975 148 supplement,
304 2506 333 72 containing
670 2510 95 50 the
799 2508 138 53 laws
972 2507 234 53 enacted
1242 2513 59 46 at
1333 2506 95 55 the
1465 2510 133 48 1932
1644 2505 326 71 (including
2003 2506 96 52 the

101 2584 437 69 extraordinary
566 2585 236 70 session)
843 2586 112 54 and
986 2588 133 51 1933
1148 2585 238 55 sessions
1413 2585 64 54 of
1504 2586 97 53 the
1628 2585 331 70 legislature
1988 2587 112 52 and

103 2666 95 52 the
221 2666 245 69 changes
488 2665 164 54 made
674 2666 76 66 by
772 2666 95 52 the
891 2672 190 47 courts
1105 2665 60 53 in
1188 2668 97 50 the
1310 2665 165 54 rules.
1551 2665 213 54 Edited
1789 2667 76 68 by
1888 2665 214 54 Austin

105 2735 1735 84 B. Griffin … Chicago, Callaghan and company, 1933.
175 2819 28 38 2
236 2829 43 37 p.
314 2819 43 45 l.,
394 2817 87 40 189
514 2828 41 37 p.
620 2817 83 41 264
708 2821 15 20 cm
756 2849 8 7 .

181 2873 295 42 Cover-title.

182 2931 119 39 This
320 2932 250 47 pamphlet
592 2930 43 41 is
659 2933 50 38 to
731 2932 57 38 be
811 2930 138 42 fitted
975 2932 103 39 into
1105 2932 82 39 the
1208 2931 174 47 pocket
1405 2935 53 36 at
1482 2933 81 38 the
1588 2931 123 41 back
1735 2932 53 39 of
1811 2932 81 41 the
1918 2933 192 39 volume

113 2987 51 39 of
189 2988 84 38 the
297 2988 74 40 set
398 2991 48 36 to
473 2987 157 39 which
656 2988 40 39 it
722 2986 210 49 belongs.

117 3038 51 53 ©
201 3045 113 46 May
345 3044 68 46 19,
446 3043 112 40 1933;
619 3042 67 41 2c.
718 3045 95 38 and
846 3044 81 43 aff.
959 3046 115 46 May
1106 3044 55 42 23;
1223 3045 40 38 A
1296 3043 143 42 61917;
1502 3044 270 50 Callaghan
1804 3046 37 39 &
1873 3055 66 31 co.

114 3204 169 64 Otey,
310 3203 154 54 John
492 3205 53 55 J.

189 3278 319 71 “Sexology
545 3280 93 54 for
671 3281 316 69 moderns”,
1019 3284 75 66 by
1128 3283 104 53 Dr.
1267 3283 56 54 J.
1358 3283 56 54 J.
1451 3283 165 67 Otey,
1649 3285 170 67 being
1854 3303 31 35 a
119 3305 1965 119 monologue
318 3361 243 65 attempt
591 3364 57 49 to
682 3362 183 50 reveal
898 3367 58 47 to
988 3362 97 51 the
1117 3361 97 68 lay
1244 3360 199 54 reader
1475 3362 154 52 what
1660 3363 96 52 the
1788 3363 320 67 profession

118 3427 1741 80 knows of the … subject … [Glendale, Calif., 1933]
194 3503 111 50 [149]
342 3514 42 39 p.
444 3505 55 39 20½
531 3508 43 20 cm
581 3539 8 7 .

190 3560 208 41 Various
431 3560 217 50 pagings.

127 3615 51 52 ©
207 3622 112 46 May
345 3621 39 47 5,
411 3621 113 41 1933;
580 3622 67 41 2c.
676 3624 114 46 May
816 3624 51 38 11;
927 3624 82 40 aff.
1038 3624 115 49 May
1180 3624 54 40 10;
1292 3625 40 38 A
1359 3624 143 42 62609;
1561 3626 43 39 J.
1633 3626 42 40 J.
1706 3627 135 47 Otey,
1872 3626 247 49 Glendale,

195 3677 144 40 Calif.
409 3678 280 48 (33-14109)

125 3775 362 71 Paléologue,
517 3782 259 65 Georges
802 3783 278 66 Maurice,
1114 3790 168 50 1859-

255 3852 1865 83 … Alexandra-Féodorowna, impératrice de Russie … Paris,
126 3936 145 51 Plon
306 3940 193 64 [c1932]

203 4010 27 39 3
257 4021 39 36 p.
326 4011 42 46 l.,
397 4010 84 40 254
507 4022 58 36 p.,
592 4013 24 38 1
667 4044 5 7 l.
730 4012 135 43 front.
907 4014 171 49 (port.)
1144 4014 115 42 19cm.
