2582 4453
1331 4152 103 51 540

361 454 315 64 Carmody,
704 451 251 56 Francis
978 452 242 57 Xavier.

431 534 57 53 A
533 532 234 54 treatise
814 551 75 33 on
934 532 278 69 pleading
1259 532 114 52 and
1420 531 252 70 practice
1718 532 60 53 in
1825 534 140 52 New
2013 531 183 69 York,
2241 531 142 54 with

362 610 2024 71 forms. 2d ed. … by Francis X. Carmody … in collaboration
362 688 2023 73 with B. G. Bonomi … and the editorial staff of the Lawyers
361 769 1962 71 co-operative publishing company, v. 5. Permanent ed. …
362 850 140 53 New
551 850 182 67 York,
783 850 178 54 Clark
1010 851 336 53 Boardman
1393 870 98 50 co.,
1538 851 135 67 ltd.;
1723 852 311 53 Rochester
2083 851 114 54 and
2245 851 141 53 New

364 928 183 70 York,
579 931 125 52 The
732 932 271 67 Lawyers
1037 930 387 69 co-operative
1457 930 340 70 publishing
1828 949 301 51 company,
2162 934 152 50 1933.

438 1004 133 49 xxiv,
600 1004 268 42 3473-4498
897 1016 41 37 p.
1000 1005 56 40 24½
1089 1008 44 21 cm
1139 1037 8 8 .

371 1058 52 53 ©
462 1064 114 45 May
611 1063 41 47 4,
691 1061 114 42 1933;
871 1063 71 40 2c.,
977 1064 96 39 and
1110 1062 84 43 aff.
1232 1064 115 47 May
1383 1063 82 47 10;
1507 1063 41 39 A
1584 1063 172 47 62660;
1797 1064 231 47 Lawyers
2066 1060 325 51 co-operative

439 1120 111 48 pub.
579 1131 68 30 co.

366 1209 220 68 Cohen,
616 1209 167 57 Felix
811 1211 59 58 S.

438 1291 236 54 Ethical
712 1296 240 63 systems
991 1292 114 53 and
1142 1291 152 68 legal
1331 1291 208 67 ideals;
1583 1310 69 34 an
1695 1310 161 49 essay
1894 1309 73 35 on
2005 1291 97 55 the
367 1289 1996 135 foundations

559 1368 1824 71 of legal criticism, by Felix S. Cohen … [New York]
367 1449 619 69 Falcon press [ c 1933]
435 1523 52 42 xi,
533 1524 88 42 303
654 1534 43 39 p.
760 1523 28 40 21
819 1525 16 22 cm
870 1557 8 8 .

373 1579 52 53 ©
454 1584 115 48 Apr.
597 1584 41 46 4,
668 1581 116 42 1933;
841 1583 69 39 2c.
939 1582 115 48 Apr.
1084 1581 53 48 6;
1170 1580 83 41 aff.
1283 1581 116 48 Apr.
1428 1582 53 46 7;
1513 1581 42 39 A
1584 1579 172 49 60984;
1790 1581 182 40 Falcon
2003 1589 151 40 press,
2185 1579 91 42 inc.

453 1639 283 50 (33-10008)

366 1730 237 64 Collins,
635 1732 288 63 Norman,
960 1731 173 55 1907-

439 1809 123 55 The
596 1808 150 54 facts
779 1807 65 55 of
875 1807 216 70 fiction,
1123 1809 76 68 by
1232 1807 258 53 Norman
1525 1807 238 56 Collins.
1831 1806 136 54 New
2007 1805 182 70 York,
2223 1805 68 54 E.
2324 1807 68 54 P.

367 1889 795 67 Dutton & co., inc. [ c 1933]
437 1963 89 42 312
555 1973 43 39 p.
658 1963 26 39 21½
748 1965 45 21 cm
798 1995 9 8 .

375 2017 52 53 ©
456 2023 114 48 Apr.
600 2022 69 49 18,
697 2020 116 42 1933;
870 2020 66 41 2c.
967 2022 99 39 and
1093 2020 84 41 aff.
1206 2019 115 49 Apr.
1349 2019 83 48 22;
1463 2019 43 40 A
1533 2019 173 48 62255;
1738 2020 52 39 E.
1821 2020 53 41 P.
1904 2020 189 40 Dutton
2124 2019 36 41 &
2189 2028 83 38 co..,
2301 2019 93 42 inc.

455 2079 282 50 (33-10249)

367 2173 342 54 Commerce
739 2169 264 66 clearing
1032 2170 207 56 house.

463 2252 134 50 1933
630 2248 221 55 United
885 2246 191 57 States
1107 2253 101 48 tax
1241 2246 192 70 guide,
1465 2247 173 54 based
1670 2267 73 34 on
1774 2248 97 53 the
1903 2249 269 52 Revenue
2206 2254 90 47 act
2325 2246 65 55 of

372 2329 137 50 1932
541 2327 114 53 and
685 2328 96 52 the
813 2326 374 68 regulations,
1217 2326 244 68 rulings,
1493 2326 114 53 and
1638 2326 279 54 decisions
1947 2326 184 54 under
2161 2331 228 64 present

371 2404 2019 70 and prior laws, to 1933 … [New York, etc., Commerce clearing
370 2484 193 67 house,
589 2483 129 68 inc.,
743 2484 181 53 Loose
949 2483 121 54 leaf
1095 2482 214 54 service
1337 2482 251 54 division
1614 2483 65 54 of
1702 2483 97 54 the
1826 2484 387 67 Corporation
2238 2489 153 49 trust

371 2581 302 50 company,
704 2568 20 22 c
728 2565 156 64 1933]

447 2636 86 41 186
567 2648 45 38 p.
672 2634 57 41 23
733 2637 44 22 cm
781 2668 9 9 .

378 2690 52 53 ©
455 2695 111 40 Jan.
590 2695 69 46 13,
685 2692 113 42 1933;
851 2692 69 41 2c.
944 2693 97 40 and
1066 2692 82 41 aff.
1173 2692 112 40 Feb.
1310 2692 82 46 11;
1419 2692 42 39 A
1485 2692 172 48 60241;
1687 2692 277 41 Commerce
1989 2693 218 50 clearing
2229 2694 164 49 house,

446 2752 92 41 inc.
610 2750 283 50 (33-10297)

372 2840 439 67 Cunningham,
838 2840 157 55 John
1022 2839 93 66 H.,
1143 2840 85 55 ed.

372 2918 1996 152 … Urology, edited by John H. Cunningham, M. D. … Chicago,
558 3002 123 52 The
707 3001 156 52 Year
888 2999 148 53 book
1063 2999 342 69 publishers,
1431 3000 110 52 inc.
1576 3033 12 35 [
1593 3006 19 22 c
1617 3003 154 65 1933]

447 3076 86 40 464
566 3087 42 37 p.
670 3075 144 47 illus.,
848 3073 180 48 diagrs.
1091 3074 55 41 18½
1179 3075 45 21 cm
1229 3103 12 10 ..
1310 3073 125 49 (The
1468 3075 238 47 practical
1740 3075 237 41 medicine
2010 3075 153 41 series
2194 3075 53 41 of
2279 3083 118 41 year

374 3134 165 40 books.
603 3131 159 42 Series
793 3131 141 52 1932)

381 3186 52 53 ©
466 3191 111 40 Feb.
609 3189 69 48 27,
711 3188 113 42 1933;
885 3188 68 41 2c.
987 3189 95 39 and
1115 3187 83 41 aff.
1229 3188 114 48 Apr.
1376 3187 83 47 27;
1495 3188 43 39 A
1568 3188 172 48 62558;
1777 3191 126 39 Year
1937 3190 122 40 book
2092 3191 177 47 pubrs.,
2303 3191 92 39 inc.

372 3266 86 53 De
488 3266 203 64 Camp,
719 3264 188 55 Helen
938 3262 242 58 Estelle.

445 3342 225 69 Apples
693 3340 65 54 of
783 3339 231 69 Sodom,
1040 3357 194 52 poems
1257 3340 77 68 by
1359 3338 188 53 Helen
1573 3336 216 54 Estelle
1814 3336 69 53 de
1910 3335 200 69 Camp.
2177 3335 217 69 Emory

376 3418 1192 70 University, Ga., Banner press [ c 1933]
448 3493 58 41 48
533 3503 44 39 p.
637 3493 58 41 20½
727 3495 44 21 cm
776 3525 8 7 .
853 3492 163 51 [Verse
1046 3491 131 42 craft
1207 3490 167 50 series]

382 3548 52 53 ©
465 3554 123 39 Mar.
615 3552 70 46 31,
714 3551 142 46 1933;
886 3551 68 41 2c.
982 3551 115 47 Apr.
1125 3551 82 45 14;
1239 3549 82 41 aff.
1350 3550 118 47 Apr.,
1493 3549 82 45 15;
1607 3548 41 39 A
1676 3547 172 46 61365;
1880 3547 261 39 Lawrence
2170 3547 72 39 W.
2272 3544 123 47 Neff,

451 3611 179 46 Emory
667 3608 297 48 University,
1001 3608 85 41 Ga.
1159 3605 283 51 (33-10263)

374 3685 293 65 Dechêne,
698 3684 164 57 Abel

448 3759 1944 71 Contre Pie VII et Bonaparte; le blanchardisme, 1801-1829.
376 3842 188 69 Paris,
592 3841 440 55 Firmin-Didot
1062 3848 54 49 et
1144 3861 28 34 c
1176 3841 34 29 ie
1245 3875 12 35 [
1262 3847 19 22 c
1286 3844 153 65 1932]

449 3909 1573 56 2 p. l., 226, [2] p. front. (facsim.) IV pl. (incl. ports.) 19cm.
451 3973 423 48 “Bibliographie”
895 3984 9 30 :
937 3983 44 39 p.
1016 3971 252 52 [213]-226.

382 4021 2013 59 © July 10, 1932; 1c. Sept. 12; A-Foreign 18076; Firmin-Didot & cie.
461 4088 282 51 (33-10428)
