2484 4405
1069 4103 65 49 821

97 510 1998 78 sett Moore … New Haven, Yale university press; London, H.
95 602 265 66 Milford,
389 599 229 55 Oxford
646 597 317 67 university
990 615 175 50 press,
1195 597 148 50 1933.

166 676 134 43 xviii,
330 674 85 42 634
445 684 42 38 p.
544 674 56 39 23
602 675 45 21 cm
652 705 9 9 .

106 729 51 49 ©
186 734 116 44 July
330 731 41 47 3,
400 730 142 46 1933;
572 730 68 39 2c.
671 729 83 39 July
816 728 83 46 10;
931 725 85 43 aff.
1046 726 118 47 July
1192 726 54 46 8;
1278 726 41 37 A
1349 723 171 47 63535;
1552 721 120 40 Yale
1703 720 130 41 univ.
1864 728 151 40 press.

99 891 328 66 Schreiber,
509 890 150 56 Émile.

103 957 1973 157 … Rome après Moscou. Avec un portrait hors texte. Paris, Plon [1932]
171 1112 1151 55 2 p. l., iv, 221 p., 1 l. front. (port.) 19 cm .
108 1166 1940 59 © Dec. 16, 1932; 1c. Apr. 4, 1933; A-Foreign 20540; Librairie Plon.
183 1231 280 51 (33-14299)

103 1338 184 62 Scott,
313 1335 165 57 Jack.

176 1413 121 52 The
327 1410 165 56 black
522 1411 316 68 horseman,
869 1409 75 70 by
975 1407 149 56 Jack
1160 1406 176 57 Scott.
1407 1406 138 54 New
1579 1404 181 68 York,
1792 1402 236 57 Grosset
2059 1403 47 52 &

106 1490 444 69 Dunlap [ c 1933]
177 1561 554 50 4 p. l., 239 p. 19½ cm .
111 1617 51 52 ©
190 1622 125 40 June
341 1622 39 47 1,
408 1621 112 40 1933;
576 1621 67 40 2c.
670 1621 96 39 and
793 1619 83 40 aff.
903 1617 127 41 June
1054 1619 25 39 3;
1138 1618 41 38 A
1206 1616 170 47 62859;
1408 1615 200 41 Grosset
1635 1614 36 40 &
1697 1614 209 47 Dunlap,
1935 1612 91 41 inc.

189 1678 278 50 (33-14138)

105 1778 304 68 Smeltzer,
435 1781 252 55 Wallace
714 1781 149 62 Guy,
894 1785 170 50 1900-

180 1857 347 56 Homestead
558 1858 350 53 Methodism
950 1857 371 68 (1830-1933)
1362 1857 97 52 the
1489 1854 224 67 history
1747 1852 63 54 of
110 1851 1971 138 Methodism
266 1937 59 52 in
373 1935 203 54 Mifflin
625 1935 304 68 township,
977 1935 326 67 Allegheny
1352 1939 226 60 county,
1625 1933 120 64 Pa.,
1794 1931 169 66 being
2010 1930 96 52 the

109 2018 158 64 story
308 2013 62 56 of
408 2014 97 54 the
542 2013 125 55 first
705 2012 317 55 Methodist
1060 2012 313 68 Episcopal
1412 2011 211 54 church
1662 2010 61 52 in
1763 2009 127 53 that
109 2014 1970 144 township,
307 2091 291 69 variously
648 2092 205 52 named
902 2091 95 54 the
1045 2090 305 54 Whitaker
1399 2088 228 65 church,
1676 2089 96 51 the
1822 2086 281 53 Franklin

113 2168 228 69 church,
380 2167 155 54 “The
571 2168 192 53 Neck”
801 2167 228 69 church,
1069 2168 113 53 and
1221 2168 97 53 the
1356 2167 165 53 Anne
1560 2166 217 66 Ashley
1812 2165 293 52 memorial

113 2245 228 69 church,
377 2247 220 52 located
635 2253 59 46 at
727 2246 473 68 Twenty-second
1235 2250 188 60 street,
1460 2244 283 67 Munhall,
1780 2245 120 63 Pa.,
1936 2243 58 51 in
2032 2244 74 52 its

112 2321 386 71 background,
551 2323 205 68 origin,
809 2325 112 51 and
972 2323 158 53 work
1180 2323 251 66 through
1482 2321 96 54 the
1631 2328 254 60 century,
1936 2322 171 66 along

116 2399 168 54 with:
325 2400 96 54 the
464 2399 312 69 expansion
820 2402 63 52 of
928 2400 349 54 Methodism
1319 2401 59 51 in
1422 2400 96 53 the
1561 2399 349 67 community
1956 2399 148 52 from

113 2477 116 54 this
273 2477 248 70 original
568 2485 204 61 parent
817 2477 242 69 society;
1108 2478 95 52 the
1250 2478 227 66 coming
1522 2477 65 55 of
1631 2478 162 53 other
1837 2477 272 67 religious

115 2555 385 55 communions
529 2560 59 50 to
617 2556 96 53 the
741 2554 271 70 vicinity;
1044 2556 113 53 and
1188 2575 71 33 an
1290 2563 235 46 account
1555 2555 63 54 of
1646 2556 97 52 the
1771 2556 338 63 settlement,

117 2634 111 52 and
264 2634 96 55 the
394 2634 308 53 industrial
742 2635 111 52 and
889 2633 174 55 social
1100 2635 396 65 development
1530 2634 63 53 of
1630 2635 96 52 the
1761 2635 347 52 Homestead

116 2706 1993 150 district. By Wallace Guy Smeltzer … Published in connection with the centennial anniversary of the erection of the
117 2864 245 69 original
400 2864 210 54 church
647 2865 282 69 building,
967 2866 140 67 May
1148 2866 130 53 14th
1314 2866 252 67 through
1604 2867 139 67 May
1780 2871 138 63 21st.
1959 2871 149 50 1933.

122 2941 379 70 [Pittsburgh,
536 2942 241 53 Printed
813 2944 75 67 by
923 2943 96 54 the
1056 2944 71 52 D.
1166 2944 74 52 K.
1276 2942 281 55 Murdoch
1595 2963 298 50 company,
1930 2953 17 20 c
1954 2949 151 64 1933]

192 3015 84 41 167
302 3028 44 37 p.
404 3016 165 48 front.,
596 3016 172 49 plates,
797 3017 165 48 ports.,
989 3027 127 38 map.
1176 3016 56 41 20
1236 3018 43 22 cm
1283 3048 8 9 .

194 3078 68 38 “A
293 3077 335 51 bibliography
658 3079 52 41 of
741 3080 83 40 the
855 3089 131 31 more
1017 3079 268 48 important
1315 3080 196 41 records
1541 3081 308 41 consulted”:
1884 3093 42 37 p.
1961 3082 97 40 167.

124 3133 52 53 ©
207 3137 113 49 Apr.
350 3136 68 49 29,
450 3137 140 47 1933;
623 3136 67 40 2c.
723 3138 96 38 and
850 3136 83 45 aff.
965 3137 113 48 May
1109 3136 53 47 9;
1196 3137 41 38 A
1268 3136 170 49 61662;
1473 3138 71 41 W.
1578 3138 53 41 G.
1667 3139 245 48 Smeltzer,
191 3140 1909 102 Homestead,
374 3194 83 41 Pa.
527 3194 279 48 (33-14156)

118 3299 213 64 Smith,
362 3299 202 66 Lloyd.

192 3375 348 69 Newspaper
580 3375 229 53 district
843 3383 416 63 management,
1297 3376 298 71 including
1635 3377 95 53 the
1769 3378 347 70 hour-a-day

124 3449 1929 78 plan of training newspaper boys to sell, by Lloyd Smith …
128 3529 243 67 [Kansas
407 3529 153 70 City,
590 3530 135 68 Mo.,
759 3537 18 21 c
783 3533 151 65 1933]

191 3605 85 40 184
307 3616 43 38 p.
407 3605 129 40 illus.
594 3606 56 40 23
653 3608 15 21 cm
702 3638 9 8 .

128 3657 55 52 ©
215 3663 115 46 May
360 3661 71 48 24,
465 3661 113 41 1933;
639 3662 69 40 2c.
741 3663 95 39 and
870 3663 82 39 aff.
987 3662 115 48 May
1135 3663 83 46 26;
1253 3662 43 39 A
1327 3662 173 47 62802;
1537 3664 51 40 L.
1624 3665 55 40 B.
1715 3663 170 50 Smith,
1921 3665 196 41 Kansas

198 3718 121 48 City,
351 3719 122 41 Kan.
548 3718 279 50 (33-14173)

123 3823 313 66 Soubigou,
463 3824 198 57 Louis.

260 3897 1855 77 … Sous le charme de l’Évangile selon saint Luc. Paris,
125 3975 246 72 Desclée,
398 3978 67 53 de
490 3981 273 50 Brouwer
787 3985 55 48 et
867 3979 81 55 cie
980 3984 172 64 [1933]
