2575 4405
1101 4091 103 51 203

147 457 307 64 Morrison,
484 458 206 62 Henry
720 455 253 65 Clinton,
1006 455 170 55 1871-

278 530 1803 70 … The evolving common school, by Henry C. Morrison …
148 609 356 69 Cambridge,
540 609 272 52 Harvard
846 607 317 70 university
1199 626 172 50 press,
1410 611 149 48 1933.

211 693 1266 50 3 p. l., 62 p. 18cm. (The Inglis lecture, 1933)
149 768 51 51 ©
225 771 109 40 Jan.
360 771 67 46 13,
453 768 140 48 1933;
620 769 67 40 2c.
715 769 110 40 Feb.
850 769 82 46 11;
961 767 82 42 aff.
1069 767 111 41 Feb.
1205 767 53 48 9;

1286 768 40 38 A
1352 767 169 46 59497;
1550 767 255 42 President
1831 769 96 39 and
1952 768 191 41 fellows

215 828 51 38 of
297 828 227 38 Harvard
555 826 191 48 college,
780 824 302 49 Cambridge,
1116 826 147 39 Mass.
1333 824 251 49 (33-4717)

143 932 268 63 Morrow,
441 933 139 52 Mrs.
612 929 328 57 Elizabeth.

216 1008 144 54 Casa
389 1027 274 49 manana;
695 1014 124 49 text
844 1007 76 68 by
951 1007 302 54 Elizabeth
1278 1007 273 68 Morrow,
1579 1007 293 69 drawings
1897 1007 77 70 by
144 1006 1979 134 William
309 1086 320 69 Spratling.

709 1085 237 69 [Croton
972 1086 177 68 Falls,
1176 1087 70 53 N.
1275 1086 92 68 Y.,
1392 1086 122 54 The
1543 1085 197 70 Spiral
1766 1104 175 51 press,
1968 1092 19 21 c
1991 1088 133 50 1932]

219 1176 83 49 [74]
331 1185 42 37 p.
402 1173 109 41 inch
539 1173 142 48 illus,
710 1176 171 46 plates,
909 1175 154 46 plans.
1120 1173 146 41 28½cm.

215 1231 288 40 Illustrated
532 1229 363 50 lining-papers.

221 1287 114 40 “300
361 1287 157 48 copies
547 1287 263 47 completed
840 1285 51 40 in
920 1286 261 40 December
1210 1285 157 42 1932.”

219 1344 23 17 “
263 1343 115 41 ‘Our
404 1345 149 38 street
580 1342 49 40 in
659 1341 328 42 Cuernavaca’
1015 1342 43 41 is
1085 1341 246 49 reprinted
1359 1343 62 48 by
1449 1343 225 48 courtesy
1703 1342 51 40 of
1782 1343 81 40 the
1890 1341 255 41 American

144 1399 263 49 mercury.”

555 1455 100 41 CONTENTS.—Our
697 1457 151 39 street
890 1455 49 40 in
983 1455 542 41 Cuernavaca.—Plans
1567 1456 96 39 and
1706 1454 178 42 details
1926 1454 53 42 of
2021 1453 124 43 Casa

144 1512 557 42 manana.—Mexicana.

150 1579 51 51 ©
232 1584 111 39 Dec.
373 1583 69 47 18,
471 1581 117 42 1932;
643 1582 67 41 2c.
741 1584 110 39 Jan.
880 1583 39 46 6,
950 1581 140 49 1933;
1123 1581 82 42 aff.
1237 1583 110 39 Feb.
1378 1582 53 48 2;
1463 1583 40 39 A
1534 1582 171 48 59547;

1740 1581 252 41 Elizabeth
218 1584 1912 104 Morrow,
361 1640 303 49 Englewood,
694 1640 54 39 N.
781 1640 42 40 J.
896 1639 250 49 (33-4698)

148 1744 277 53 National
455 1743 318 54 industrial
801 1744 347 54 conference
1177 1744 202 56 board.

217 1820 313 53 Essentials
570 1819 65 54 of
672 1839 32 34 a
745 1838 273 51 program
1056 1819 65 54 of
1160 1820 466 70 unemployment
1667 1839 265 36 reserves.
2007 1820 140 55 New

151 1897 176 68 York,
359 1897 275 54 National
671 1898 309 53 industrial
1016 1896 332 56 conference
1383 1897 199 70 board,
1617 1898 127 69 inc.,
1785 1902 152 51 1933.

219 1986 63 43 ix,
309 1985 56 40 68
393 1995 42 38 p.
496 1984 116 41 23cm.

221 2040 401 49 Supplementary
659 2043 47 38 to
745 2041 81 40 the
866 2039 296 42 Conference
1199 2040 194 41 board’s
1432 2042 165 47 report
1632 2052 61 30 on
1733 2041 418 49 ‘Unemployment

149 2098 199 41 benefits
382 2099 94 39 and
514 2096 273 42 insurance’
827 2096 255 48 published
1117 2097 51 40 in
1206 2095 220 51 October,
1463 2096 129 43 1931.
1652 2099 63 47 cf.
1754 2098 275 41 Foreword.

152 2166 52 52 ©
234 2171 109 39 Jan.
373 2169 68 47 27,
473 2169 138 46 1933;
645 2169 66 40 2c.
743 2171 100 41 and,
870 2168 83 43 aff.
984 2169 110 40 Feb.
1124 2170 54 46 4;
1211 2169 40 38 A
1282 2169 169 47 60159;
1484 2169 234 41 National

1748 2168 265 42 industrial
219 2179 1912 88 conference
438 2226 163 48 board,
631 2225 91 40 inc.
793 2226 251 48 (33-4416)

149 2333 144 52 New
322 2332 180 52 York.
577 2333 272 51 Museum
882 2331 64 53 of
975 2332 242 52 modern
1247 2336 117 51 art.

219 2409 254 54 Maurice
517 2409 203 55 Sterne
758 2409 405 68 retrospective
1202 2409 336 69 exhibition,
1582 2412 338 66 1902-1932;
150 2411 1980 145 paintings,

333 2488 308 67 sculpture,
681 2486 280 70 drawing.
1036 2487 297 68 February
1376 2487 151 69 15th,
1568 2490 152 66 1933,
1758 2488 203 54 March
2001 2488 153 68 25th,

151 2565 1997 70 the Museum of modern art … New York. [New York, c 1933]
220 2638 1206 50 39 p., 2 l. inch front. (port.) plates. 25½cm.
224 2696 129 41 “One
381 2696 242 40 thousand
651 2696 159 47 copies
840 2696 52 40 of
918 2695 98 41 this
1045 2697 194 47 catalog
1265 2706 126 32 were
1419 2696 195 49 printed
1642 2695 79 42 for
1750 2696 82 41 the
1861 2698 210 39 trustees
2102 2697 52 41 of

151 2754 79 39 the
260 2755 219 38 Museum
507 2753 53 40 of
586 2754 197 39 modern
811 2752 124 42 art.”

225 2809 246 41 “Maurice
500 2809 170 41 Sterne
699 2810 96 39 and
824 2808 75 41 his
929 2809 170 40 times”
1138 2810 68 49 (p.
1234 2809 140 50 7-12)
1412 2809 195 49 signed:
1637 2810 59 40 H.
1730 2811 63 39 M.
1822 2810 192 41 Kallen.

225 2866 243 41 “Maurice
501 2866 168 41 Sterne
699 2865 365 49 bibliography”
1084 2877 9 29 :
1125 2876 42 38 p.
1198 2866 159 41 19-20.

156 2934 51 51 ©
238 2938 110 40 Feb.
376 2938 69 47 11,
474 2936 140 48 1933;
643 2938 68 40 2c.
740 2938 96 39 and
863 2936 82 42 aff.
975 2937 110 39 Feb.
1114 2937 83 47 16;

1227 2938 40 38 A
1297 2937 170 48 60268;
1498 2938 222 40 Museum
1750 2938 52 40 of
1830 2939 198 39 modern
2059 2938 92 46 art,

223 2996 116 39 New
367 2995 144 40 York.
581 2994 251 51 (33-4699)

155 3096 231 67 Nyvall,
415 3096 209 67 David,
657 3102 172 51 1863-

225 3176 223 52 Beacon
499 3176 206 69 lights;
760 3176 159 53 three
969 3177 292 53 addresses
1314 3178 114 52 and
1481 3194 72 35 an
1606 3195 177 50 essay,
1834 3177 75 67 by
1961 3177 194 52 David

156 3254 240 67 Nyvall;
434 3255 316 53 translated
787 3254 154 53 from
975 3255 97 53 the
1108 3253 258 56 Swedish
1402 3254 76 69 by
1514 3255 69 52 E.
1619 3254 222 55 Gustav
1877 3255 278 54 Johnson.

158 3329 269 70 Chicago,
461 3331 186 54 North
684 3331 148 69 park
865 3333 214 68 college
1114 3332 216 53 alumni
1366 3332 357 68 association,
1761 3335 150 51 1933.

225 3405 54 40 61
310 3416 43 37 p.
383 3405 109 41 inch
523 3408 125 46 port.
704 3406 119 40 21cm.

159 3472 51 51 ©
242 3477 110 39 Jan.
382 3477 38 46 1,
452 3475 139 48 1933;
624 3476 68 41 2c.
723 3476 111 40 Jan.
863 3476 83 47 12;
980 3476 80 40 aff.
1093 3476 108 40 Jan.
1235 3476 82 48 16;
1349 3477 42 38 A
1420 3475 170 48 57964;
1624 3476 157 41 North
1813 3476 131 40 Park
1976 3477 178 46 college

225 3533 184 39 alumni
437 3543 128 30 assn.
636 3532 252 50 (33-4716)

154 3634 325 56 Oklahoma
521 3637 111 52 and
671 3634 213 58 Pacific
925 3636 203 70 digest,
1169 3636 268 70 covering
1477 3637 76 53 all
1593 3656 150 37 cases
1783 3637 266 70 reported
2090 3638 61 52 in

224 3713 321 54 Oklahoma
605 3719 240 64 reports,
909 3718 326 66 1890-1931,
1294 3713 211 57 Pacific
1565 3722 274 62 reporter,
1899 3719 250 50 volumes

226 3795 186 65 1-300,
444 3793 112 52 and
589 3795 77 51 all
695 3793 64 54 of
789 3795 97 51 the
916 3793 211 55 Pacific
1156 3799 174 48 states
1361 3800 221 63 reports
1614 3795 154 53 from
1797 3796 99 52 the
1925 3796 226 52 earliest

223 3870 1925 72 times … Compiled and edited by the publisher’s editorial
223 3947 135 54 staff.
448 3968 50 34 v.
534 3953 188 49 32-34.
799 3950 84 55 St.
918 3952 165 66 Paul,
1115 3953 160 54 West
1308 3953 337 68 publishing
1677 3971 98 49 co.,
1811 3956 151 65 1932,
1998 3957 152 50 1933.

225 4024 28 40 3
287 4033 45 30 v.
396 4023 116 41 26cm.
