2582 4453
1312 4147 136 54 1170

437 546 71 40 xii
531 556 60 39 p.,
616 547 25 39 1
688 577 24 17 l.,
737 545 177 43 15-176
938 556 42 39 p.
1038 547 128 42 illus.
1196 547 133 50 (incl.
1357 549 166 47 ports.,
1549 558 152 41 maps,
1728 548 217 49 facsim.)
2009 547 57 42 19½
2099 550 44 22 cm
2148 581 9 9 .
368 549 2022 96 (Half-title:
524 603 183 41 “Great
738 603 304 50 occasions”)

373 673 2016 55 © July 21, 1933; 2c. Aug. 7; aff. Aug. 3; A 63825; J. Buchan, London.
452 735 282 48 (33-21860)

365 850 274 68 Buchler,
670 854 257 66 Samuel,
959 857 173 50 1884-

443 934 233 54 “Cohen
703 953 183 36 comes
915 934 161 53 first”
1107 935 113 53 and
1250 935 164 54 other
1442 954 179 49 cases;
1655 936 200 53 stories
1886 936 66 53 of
1980 938 410 54 controversies

372 1012 196 53 before
603 1014 97 52 the
734 1014 139 52 New
909 1014 164 53 York
1107 1014 218 55 Jewish
1359 1020 162 48 court
1554 1014 65 53 of
1653 1012 363 71 arbitration,
2047 1016 77 68 by
2158 1016 230 56 Samuel

372 1092 1688 71 Buchler … New York, The Vanguard press [c1933]
444 1180 123 39 xviii
594 1191 57 37 p.,
678 1181 24 38 1
751 1211 22 18 l.,
800 1180 175 40 21-256
1000 1192 44 37 p.
1105 1180 56 41 20
1164 1183 45 22 cm
1213 1213 9 9 .

375 1248 2020 55 © May 18, 1933; 2c. July 8; aff. May 29; A 63553; Vanguard press, inc.
452 1312 283 48 (33-21755)

367 1429 285 68 Burgess,
682 1432 156 54 John
867 1429 277 69 William,
1177 1435 329 51 1844-1931.

444 1511 1885 71 The foundations of political science, by John W. Burgess …
375 1591 2017 69 with an introduction by Nicholas Murray Butler … New
374 1671 179 68 York,
584 1672 303 56 Columbia
915 1671 323 69 university
1265 1690 177 50 press,
1474 1676 151 49 1933.

446 1759 88 40 viii
560 1770 58 38 p.,
643 1760 28 39 2
696 1761 45 46 l.,
772 1759 179 50 [3]-158
977 1771 58 37 p.,
1061 1760 25 40 1
1133 1792 8 8 l.
1206 1759 56 41 23½
1295 1761 44 22 cm
1345 1792 9 9 .

446 1832 43 40 A
521 1830 228 50 revision,
783 1834 48 38 to
865 1831 117 49 July
1016 1831 129 48 1914,
1180 1831 52 40 of
1265 1832 83 40 the
1380 1831 229 48 chapters
1643 1831 213 49 relating
1888 1834 48 38 to
1971 1831 82 40 the
2084 1831 170 42 nation
2289 1833 97 39 and

376 1890 82 40 the
489 1893 130 37 state
649 1890 130 40 from
812 1890 83 40 the
926 1889 221 41 author’s
1179 1890 204 40 treatise
1414 1900 60 29 on
1507 1888 256 41 “Political
1797 1889 187 41 science
2016 1889 96 40 and
375 1900 1998 88 comparative
500 1948 374 40 constitutional
903 1947 124 41 law”
1056 1947 258 49 published
1341 1947 50 40 in
1418 1946 129 42 1890.
1609 1948 61 48 cf.
1699 1947 133 41 Pref.

376 2017 2018 52 © Aug. 15, 1933; 2c. Aug. 14; aff. Aug. 19; A 64788; Columbia univ.
442 2090 151 37 press.
669 2078 283 50 (33-21769)

369 2197 171 65 Burt,
572 2198 274 53 Maxwell
878 2198 337 65 Struthers,
1251 2201 173 50 1882-

442 2276 416 71 Entertaining
888 2278 98 54 the
1018 2278 299 68 islanders,
1350 2278 74 69 by
1461 2278 299 55 Struthers
1794 2281 165 50 Burt.
2036 2278 140 52 New
2212 2276 180 70 York,

372 2359 62 54 C.
471 2357 315 56 Scribner’s
817 2377 147 47 sons,
998 2361 149 52 1933.

447 2446 620 49 5 p. l., 3-158 p. 19½ cm .
377 2514 53 53 ©
461 2519 127 48 Sept.
618 2519 39 40 8.
686 2518 141 47 1933;
858 2520 68 39 2c.
954 2519 97 40 and
1079 2518 81 40 aff.
1192 2518 130 48 Sept.
1350 2518 83 47 12;
1463 2517 42 40 A
1532 2517 172 47 65194;
1737 2517 204 41 Charles
1973 2516 266 42 Scribner’s
2268 2525 128 32 sons.

371 2633 346 68 Chambers,
747 2636 194 55 David
969 2637 326 65 Laurance,
1327 2637 172 54 1879-

507 2716 1886 70 … Indiana, a Hoosier history, by David Laurance Chambers,
377 2797 170 54 based
583 2818 73 34 on
689 2799 96 52 the
818 2799 188 52 mural
1041 2797 298 69 paintings
1374 2796 65 53 of
1472 2797 251 54 Thomas
1758 2797 156 52 Hart
1951 2797 244 51 Benton.
374 2796 1994 150 [Indianapolis,
747 2878 122 53 The
897 2876 449 56 Bobbs-Merrill
1374 2894 299 51 company]
1709 2879 152 52 1933.

446 2958 287 48 cover-title,
760 2959 71 47 47,
907 2978 10 30 [1]
948 2969 43 38 p.
1053 2958 129 42 illus.
1242 2957 58 42 30½
1332 2960 45 22 cm
1381 2989 9 9 .

451 3029 63 41 At
541 3030 126 40 head
694 3031 52 39 of
771 3031 136 40 title:
935 3031 42 39 A
1002 3034 137 45 story
1162 3031 52 39 in
1238 3031 130 41 form
1395 3031 97 40 and
1518 3031 148 40 word.

447 3087 127 41 Text
599 3098 61 30 on
690 3099 43 37 p.
763 3088 115 51 [2-3]
910 3089 52 40 of
988 3099 156 31 cover.

448 3146 103 40 The
581 3147 161 39 mural
774 3145 252 50 paintings
1055 3149 252 47 represent
1338 3146 212 41 Indiana
1580 3148 52 38 at
1663 3146 82 40 the
1775 3145 212 48 Chicago
2018 3143 290 50 exposition.

379 3212 52 52 ©
462 3217 128 40 June
618 3218 69 47 15,
720 3218 112 40 1933;
893 3220 66 39 2c.
991 3221 95 38 and
1118 3219 82 40 aff.
1232 3220 131 40 June
1390 3219 56 40 19;
1506 3220 41 38 A
1577 3217 172 47 63300;
1784 3216 371 41 Bobbs-Merrill
2186 3227 69 30 co.

456 3275 282 48 (33-21760)

370 3395 322 67 Davidson,
720 3397 186 55 Helen
935 3397 269 67 Mehard,
1235 3401 172 51 1890-

373 3471 2020 152 The growth of European ideas into local American institutions, by Helen Mehard Davidson … Book I. [Pittsburgh,
373 3638 18 22 c
397 3635 152 65 1929]

442 3704 656 51 1 p. l., 5-229 p. 23½ cm .
445 3777 136 40 Book
608 3788 40 29 n
676 3779 88 40 has
793 3779 137 43 title:
958 3781 103 40 The
1088 3782 191 47 growth
1308 3781 52 40 of
1385 3782 126 39 local
1540 3778 313 42 institutions
1881 3777 107 41 into
2012 3779 82 38 the
2122 3776 128 39 form
2282 3774 52 41 of
2362 3785 28 30 a

373 3831 2020 53 nation, 1607-1789; book III has title: The development of the spirit of
369 3892 313 50 nationality,
714 3894 278 43 1789-1877.

442 3951 225 41 Includes
704 3952 366 42 “References”.

376 4021 52 52 ©
456 4026 110 41 Feb.
595 4028 38 41 1.
662 4027 115 41 1930;
832 4029 66 39 2c.
929 4028 110 40 Feb.
1067 4030 40 45 2,
1136 4028 143 48 1933;
1310 4028 82 41 aff.
1421 4028 111 40 Feb.
1561 4026 62 41 18;
1678 4026 38 38 A
1745 4023 171 48 59589;
1949 4024 60 39 H.
2039 4024 63 39 M.
2130 4020 266 46 Davidson,

442 4083 301 41 Pittsburgh.
839 4085 259 39 (33-21737)
