2484 4405
1072 4042 137 57 1387

156 420 117 51 Der
301 418 168 65 Ling,
498 420 267 66 princess.

230 497 276 67 Imperial
551 498 238 66 incense,
835 497 72 67 by
952 496 262 55 Princess
1261 499 117 52 Der
1422 497 180 68 Ling;
1651 496 380 54 illustrations
2074 497 75 68 by

161 576 213 51 Bertha
405 576 203 51 Lumn.
683 576 137 52 New
857 576 176 66 York,
1065 576 191 66 Dodd,
1288 576 170 53 Mead
1493 579 45 49 &
1568 592 297 50 company,
1900 579 150 50 1933.

226 648 50 38 ix
304 658 55 37 p.,
389 650 24 37 1
442 650 29 39 l.,
514 649 86 39 267
627 658 43 37 p.
730 649 84 39 col.
845 650 163 45 front.,
1037 648 145 47 illus.,
1211 650 86 38 col.
1327 648 172 48 plates.
1558 648 116 39 22cm.

224 706 286 39 Illustrated
549 705 359 47 lining-papers.

159 756 51 52 ©
240 761 126 48 Sept.
391 761 69 46 22,
487 761 139 46 1933;
654 762 65 38 2c.
751 761 127 47 Sept.
905 761 59 40 28;
1015 761 84 39 aff.
1127 761 125 48 Sept.
1281 761 82 46 29;
1392 761 40 38 A
1458 761 169 46 66356;
1658 762 153 46 Dodd,
1840 762 142 38 Mead
2009 761 36 40 &
2070 771 83 37 co.,

224 816 90 41 inc.
385 817 277 48 (33-28753)

151 920 237 65 Dooley,
422 919 225 66 Edwin,
684 923 170 49 1905-

327 998 1750 68 … Under the goal posts. New York, J. L. Pratt, 1933.
225 1072 220 48 208 p. 19½cm.
223 1130 59 38 At
313 1129 123 39 head
465 1129 52 40 of
544 1128 106 40 title
670 1139 9 29 :
709 1128 153 40 Eddie
891 1129 194 47 Dooley.

157 1181 51 52 ©
251 1186 127 47 Sept.
416 1186 68 45 15,
523 1185 113 39 1933;
703 1185 67 40 2c.
812 1185 128 48 Sept.
980 1185 80 46 19;
1102 1184 83 41 aff.
1227 1185 126 48 Sept.
1392 1186 83 46 21;
1516 1186 41 38 A
1596 1185 169 47 65319;
1808 1186 127 39 John
1975 1186 178 40 Lowell

226 1243 154 39 Pratt.
452 1241 279 48 (33-28939)

154 1329 204 65 Feller,
389 1329 305 54 Abraham
725 1331 274 64 Howard,
1033 1332 173 50 1904-
1416 1331 83 53 ed.

154 1407 1970 227 A collection of the diplomatic and consular laws and regulations of various countries, edited by A. H. Feller … and Manley
153 1564 1971 147 O. Hudson … Washington, Carnegie endowment for international peace, 1933.
224 1719 28 38 2
282 1730 41 27 v.
384 1718 116 39 25cm.
572 1716 298 49 (Half-title:
903 1716 333 40 Publications
1270 1717 52 39 of
1355 1718 81 39 the
1471 1716 238 48 Carnegie
1738 1717 305 40 endowment
2073 1718 80 40 for

152 1774 350 41 international
536 1784 155 37 peace.
756 1773 221 40 Division
1011 1773 54 39 of
1095 1773 352 40 international
1482 1774 107 46 law,
1625 1773 346 47 Washington)

220 1831 161 48 Paged
410 1830 353 48 continuously.

224 1886 1928 48 “This compilation … has been made in connection with the work
152 1945 52 40 of
237 1946 82 38 the
353 1944 246 40 Research
631 1944 51 38 in
716 1943 351 39 international
1101 1944 97 37 law
1233 1943 267 40 conducted
1535 1944 153 38 under
1726 1944 80 39 the
1843 1942 222 49 auspices
2102 1944 51 38 of

153 2002 80 40 the
259 2001 190 47 faculty
477 2000 52 41 of
558 2001 79 40 the
666 2000 228 40 Harvard
926 2000 112 39 Law
1068 1998 400 41 school.”—Pref.

223 2058 131 40 “List
383 2058 50 40 of
462 2058 200 40 treaties
692 2057 193 47 dealing
914 2056 123 40 with
1063 2056 221 40 consuls”
1305 2067 8 28 :
1347 2057 90 39 vol.
1512 2087 7 16 II,
1551 2068 40 36 p.
1624 2056 274 41 1419-1472.

221 2115 347 47 Bibliography
596 2117 51 36 at
674 2113 262 47 beginning
961 2113 53 39 of
1039 2121 131 31 some
1198 2113 53 40 of
1276 2114 85 38 the
1386 2114 238 46 chapters.

154 2167 51 52 ©
239 2171 124 48 Sept.
395 2171 67 46 25,
494 2170 112 40 1933;
665 2170 67 40 2c.
762 2171 118 38 each
909 2171 95 38 and
1035 2169 82 41 aff.
1152 2170 127 46 Sept.
1308 2169 60 39 29
1425 2170 40 38 A
1496 2170 169 46 66362;
1700 2169 235 48 Carnegie
218 2171 1915 97 endowment
381 2227 79 40 for
492 2227 249 40 internatl.
775 2236 157 38 peace.
1007 2226 281 47 (33-28582)

148 2317 168 65 Ford,
348 2319 152 52 Ford
530 2317 234 65 Madox,
796 2316 173 54 1873-

152 2393 1969 148 It was the nightingale … [by] Ford Madox Ford. Philadelphia & London, J. B. Lippincott company, 1933.
221 2547 99 47 381,
352 2548 54 48 [1]
438 2558 41 37 p.
539 2545 145 42 22½cm.

222 2605 407 48 Autobiography.

223 2662 160 40 “First
410 2662 182 40 edition”

153 2715 51 52 ©
240 2721 127 47 Sept.
398 2720 69 45 21,
500 2719 112 40 1933;
673 2720 66 39 2c.
773 2721 94 38 and
901 2719 79 40 aff.
1016 2720 102 40 Oct.
1151 2721 54 44 4;
1239 2720 40 38 A
1311 2718 170 47 65464;
1517 2719 51 38 F.
1603 2720 62 37 M.
1700 2718 141 47 Ford,
1876 2718 272 48 Cap-Brun,

223 2777 198 46 Toulon,
452 2777 126 47 Var.,
610 2777 196 38 France.
878 2775 281 49 (33-289101)

147 2865 231 66 Fraser,
412 2865 245 54 Chelsea
688 2866 219 64 Curtis,
944 2864 170 54 1876-

151 2938 1991 148 The story of aircraft, by Chelsea Fraser … with one hundred and nine drawings by the author. New York, Thomas Y.
150 3097 239 53 Crowell
428 3115 277 50 company
789 3099 150 64 [c1933]

217 3168 62 48 ix,
316 3168 86 40 510
434 3180 42 37 p.
540 3169 162 46 front.,
737 3169 127 40 illus.
928 3169 115 39 21cm.

153 3225 51 52 ©
234 3230 100 40 Oct.
363 3231 40 46 3,
433 3230 112 39 1933;
604 3230 66 39 2c.
701 3229 101 40 Oct.
832 3230 52 40 7;
916 3228 82 41 aff.
1030 3229 102 39 Oct.
1162 3229 52 40 6;
1247 3229 38 37 A
1317 3228 142 40 66492;
1519 3228 210 40 Thomas
1761 3229 51 37 Y.
1845 3228 199 39 Crowell
2079 3238 67 29 co.

229 3285 278 49 (33-29480)

147 3376 242 64 Graeve,
422 3377 201 55 Oscar.

218 3455 121 53 Hot
367 3473 260 41 summer,
656 3454 73 67 by
760 3454 178 54 Oscar
966 3454 236 55 Graeve.
1278 3454 138 53 New
1446 3453 179 66 York,
1656 3453 214 51 Farrar
1899 3455 46 50 &
151 3451 1967 146 Rinehart,
327 3534 104 52 inc.
507 3537 151 63 [c1933]

219 3608 29 37 4
277 3617 41 37 p.
371 3639 7 8 l.,
421 3605 143 41 3-281
593 3616 43 37 p.
696 3605 145 40 19½cm.

153 3659 51 52 ©
236 3664 100 40 Oct.
367 3664 38 45 5,
436 3663 140 41 1933;
609 3664 67 39 2c.
708 3663 100 39 Oct.
839 3662 52 41 9;
925 3662 81 40 aff.
1039 3662 102 40 Oct.
1173 3662 51 46 6;
1259 3662 40 38 A
1330 3661 169 46 66521;
1535 3661 52 40 O.
1621 3660 198 48 Graeve,
1851 3661 118 39 New
1999 3659 146 41 York.

230 3720 278 49 (33-28727)

149 3810 276 64 Graham,
454 3810 210 56 Lewis.

221 3886 1920 69 Let’s buy a farm, by Lewis Graham … New York, The
151 3963 300 70 Macaulay
479 3984 279 49 company
830 3969 151 64 [c1933]
