2582 4453
1312 4170 132 55 1876

411 569 27 39 3
468 579 42 29 v.
570 567 143 43 illus.,
745 567 158 47 plates
933 565 138 48 (part
1099 566 102 45 col.,
1231 566 113 46 part
1375 563 144 47 fold.)
1559 565 149 46 ports,
1739 562 137 49 (part
1906 563 112 48 col.)
2059 571 138 37 maps
2227 559 136 49 (part

334 625 145 48 fold.)
520 626 87 39 col.
640 624 191 40 facsim.
893 624 55 38 25
952 626 15 20 cm
1002 655 7 7 .

337 690 2025 54 © Dec. 15, 1932; 1c. each Apr. 21, 1933; A-Foreign 21145; Espasa-Calpe,
409 764 35 30 s.
473 765 42 30 a.
587 752 254 49 (33-3249)

343 860 260 63 Duguet,
632 860 172 52 Mme.
832 858 72 57 A.

345 930 1992 137 … Le roman de l’école; livre de lecture courante, cours élémentaire
644 1020 54 47 et
726 1031 218 51 moyen.
1010 1012 185 67 Paris,
1222 1012 284 54 Hachette
1539 1046 12 34 [
1557 1018 17 21 c
1581 1014 133 49 1933]

414 1089 22 39 1
469 1098 44 37 p.
543 1087 44 41 1..
622 1087 98 45 141,
757 1087 54 48 [1]
847 1097 42 37 p.
952 1086 129 40 illus.
1143 1084 55 41 23
1201 1088 44 21 cm
1252 1118 8 8 .

417 1144 1305 47 At head of title: M me A. Duguet … R. Pernet …
345 1203 1962 53 © Sept. 27. 1933; 1c. Nov. 17; A-Foreign 22708; Librairie Hachette.
427 1265 224 48 (34-990)

347 1370 234 63 Dunan,
612 1369 240 54 Marcel.

481 1445 1887 69 … Le drame balkanique de 1915. L’automne serbe; notes
351 1526 135 52 d’un
538 1525 231 56 témoin,
823 1544 133 33 avec
1009 1543 108 34 une
1170 1530 152 48 carte
1376 1544 68 34 en
1496 1526 274 52 couleurs.
1859 1525 187 53 Paris.
2099 1523 270 55 Editions

351 1604 541 70 Berger-Levrault,
924 1607 151 50 1932.

421 1677 920 51 viii, 269 p., 1 l. fold. map. 21 cm .
421 1738 288 40 Illustrated
740 1747 156 29 cover.

350 1791 2022 117 © Feb. 15, 1932; 1c. June 15, 1933; A-Foreign 21206; Éditions Berger-Levrault. (A 32-2105)
351 1965 220 66 Ellard,
604 1965 235 56 Gerald.

428 2043 299 56 Christian
760 2042 105 55 life
901 2045 109 53 and
1050 2043 281 69 worship;
1372 2062 29 35 a
1439 2042 245 71 religion
1720 2049 122 49 text
1878 2043 93 54 for
2005 2043 258 69 colleges,
2299 2042 72 69 by

357 2123 2015 68 Rev. Gerald Ellard … New York, Milwaukee [etc.] The
356 2204 184 53 Bruce
572 2202 339 69 publishing
940 2222 283 49 company
1261 2237 10 33 [
1277 2209 18 22 c
1302 2206 133 50 1933
1442 2238 11 33 ]

429 2276 130 48 xxiv,
595 2276 86 42 379
717 2288 42 37 p.
795 2277 110 40 incl.
942 2277 164 47 front.,
1144 2262 142 59 illus.,
1322 2277 181 45 diagrs.
1532 2276 47 47 (1
1618 2276 199 45 double)
1887 2275 56 39 22
1946 2278 42 21 cm
1996 2308 8 8 .
2075 2276 301 47 (Half-title:

362 2334 1554 49 Science and culture texts, J. Husslein … general editor)
432 2393 189 41 “Select
659 2392 398 49 bibliography”:
1099 2404 40 37 p.
1180 2392 257 40 xvii-xviii;
1509 2392 305 48 “Readings”
1853 2396 50 36 at
1943 2392 90 39 end
2074 2392 51 39 of
2164 2395 122 37 most
2325 2393 51 39 of

359 2449 82 42 the
469 2450 242 49 chapters.

359 2504 1741 53 © Sept. 12, 1933; 2c. and aff. Oct. 2: A 66370; Bruce pub. co.
438 2566 283 49 (33-31105)

357 2668 231 65 Elman,
619 2670 159 55 Saul.

431 2744 271 55 Memoirs
737 2747 63 53 of
834 2747 226 54 Mischa
1096 2748 257 54 Elman’s
1393 2748 212 53 father.
1677 2748 141 53 New
1854 2747 182 67 York,
2072 2747 58 56 S.
2166 2748 212 53 Elman

361 2824 178 67 [Priv.
574 2822 196 71 print.]
810 2829 153 51 1933.

435 2897 945 53 1 p. l., 201 p. front., ports. 26 cm .
436 2953 93 43 “Of
562 2957 99 40 this
697 2957 122 41 book
853 2957 90 41 five
979 2959 224 41 hundred
1239 2958 159 48 copies
1433 2959 124 41 have
1592 2959 117 41 been
1747 2958 243 50 privately
2025 2959 239 48 printed.”

363 3009 2015 54 © Oct. 16, 1933; 2c. Oct. 17; aff. Oct. 19: A 65705: S. Elman, New York.
441 3072 282 48 (33-31403)

365 3176 204 55 Fierro
601 3179 237 57 Blanco.
869 3181 263 54 Antonio
1166 3183 87 54 de.

432 3255 122 53 The
597 3255 243 70 journey
882 3257 64 53 of
989 3259 95 52 the
1127 3259 216 56 Flame,
1386 3259 172 69 being
1600 3279 72 33 an
1716 3264 238 48 account
1997 3260 63 51 of
2103 3276 103 36 one
2248 3275 137 51 year

366 3334 53 52 in
461 3335 95 53 the
597 3335 103 53 life
742 3335 63 53 of
848 3335 180 55 Señor
1067 3338 128 53 Don
1239 3339 153 51 Juan
1435 3337 280 70 Obrigón,
1754 3338 206 53 known
2003 3336 214 70 during
2255 3343 128 62 past

361 3431 164 49 years
565 3413 58 53 in
665 3414 95 53 the
801 3415 158 54 three
1001 3416 357 54 Californias
1398 3437 60 33 as
1499 3418 151 52 Juan
1697 3415 302 56 Colorado,
2039 3417 109 52 and
2192 3421 58 48 to
2290 3415 95 53 the

367 3492 245 54 Indiada
640 3493 64 51 of
728 3494 95 53 the
847 3513 151 35 same
1024 3515 59 33 as
1108 3496 96 53 the
1228 3496 217 60 Flame,
1469 3497 143 53 born
1637 3502 58 48 at
1722 3495 114 56 San
1864 3495 134 55 José
2024 3494 89 54 del
2140 3496 247 66 Arroyo,

365 3571 199 54 Lower
616 3571 345 68 California,
1010 3574 243 62 Mexico,
1302 3574 54 54 in
1411 3575 151 61 1798,
1611 3576 131 66 and,
1789 3574 218 68 having
2053 3592 126 35 seen
2228 3589 158 37 three

364 3651 281 53 centuries
695 3652 217 66 change
961 3659 246 48 customs
1257 3655 107 52 and
1419 3672 282 39 manners,
1751 3653 130 54 died
1931 3653 163 53 alone
2146 3652 53 52 in
2253 3653 134 52 1902

366 3737 56 46 at
476 3730 93 55 the
618 3730 177 55 Great
850 3731 248 58 Cardon,
1149 3751 135 35 near
1334 3733 260 61 Rosario,
1642 3733 242 66 Mexico,
1935 3733 137 54 with
2124 3731 88 54 his
2264 3729 124 56 face

369 3809 204 54 turned
608 3810 216 52 toward
863 3809 93 54 the
990 3812 195 53 south:
1222 3811 228 55 written
1486 3814 162 51 down
1685 3813 73 52 by
1797 3810 253 54 Antonio
2085 3810 65 54 de
2190 3810 198 52 Fierro

372 3886 231 57 Blanco.
646 3888 314 68 Englished
1004 3889 72 67 by
1117 3889 221 57 Walter
1380 3892 68 52 de
1491 3890 292 69 Steiguer;
1830 3888 136 54 with
2011 3889 379 54 illustrations

367 3966 74 67 by
481 3966 246 54 Alfredo
764 3968 210 54 Ramos
1013 3968 301 54 Martinez.
1394 3971 235 55 Boston,
1665 3969 240 53 Printed
1947 3970 74 67 by
2057 3969 94 51 the
365 3967 2001 132 Riverside
522 4065 154 51 press
714 4046 93 53 for
838 4047 320 70 Houghton
1194 4048 203 53 Mifflin
1434 4067 299 52 company,
1770 4051 150 50 1933.
