2484 4405
1060 4098 132 50 1813

204 527 273 39 Half-title:
519 526 151 46 Study
707 525 49 38 of
791 523 202 48 judicial
1030 521 397 41 administration
1466 522 51 39 of
1552 521 135 40 Ohio.
1748 521 101 38 The
1887 520 232 40 Institute

131 584 51 38 of
207 585 93 38 law
326 583 51 40 of
402 583 82 39 the
509 581 154 40 Johns
689 580 222 48 Hopkins
937 578 284 48 university.

201 640 100 39 The
343 638 131 41 basic
519 638 113 39 data
679 638 52 38 of
775 636 98 40 this
917 638 162 45 report
1124 645 125 30 were
1294 635 139 39 made
1478 633 260 41 accessible
1784 634 208 46 through
2039 635 80 38 the

133 694 229 41 facilities
390 695 51 39 of
468 695 80 39 the
577 692 232 41 Institute
838 692 51 40 of
915 694 94 37 law
1036 693 51 38 of
1116 693 80 38 the
1222 692 155 39 Johns
1405 691 222 47 Hopkins
1654 690 283 47 university,
1969 691 149 38 under

133 752 158 39 whose
325 751 234 47 auspices,
597 751 46 38 in
682 748 305 49 cooperation
1028 748 118 39 with
1185 750 82 38 the
1302 747 213 41 Judicial
1552 746 185 41 council
1775 747 50 39 of
1864 747 135 46 Ohio,
2040 748 78 38 the

131 808 143 47 study
303 817 99 30 was
430 808 152 39 made.
643 807 61 47 cf.
735 806 126 40 Pref.

128 874 51 51 ©
203 879 117 39 Nov.
345 879 38 44 1,
407 877 112 40 1933
539 887 7 36 ;
573 878 66 37 2c.
665 878 94 37 and
786 876 78 39 aff.
892 877 116 38 Nov.
1035 876 51 46 9;
1115 876 41 38 A
1181 875 169 46 07040';
1379 876 154 39 Johns
1559 875 222 47 Hopkins
1806 885 149 38 press.

203 934 220 48 (34-205)

127 1033 390 66 Mendenhall,
546 1035 202 53 James
780 1035 218 63 Edgar,
1033 1037 171 49 1903-

197 1114 120 53 The
347 1113 272 52 influence
651 1113 63 52 of
745 1112 346 66 familiarity
1120 1129 151 49 upon
1304 1112 303 52 children’s
1639 1112 355 66 preferences
2026 1111 92 53 for

132 1190 243 67 pictures
411 1192 112 52 and
559 1208 207 48 poems,
801 1190 73 65 by
909 1191 194 53 James
1142 1191 65 52 E.
1244 1190 368 52 Mendenhall
1648 1190 112 52 and
1794 1189 219 52 Marcia
2051 1191 66 50 E.

126 1267 382 53 Mendenhall.
586 1269 136 50 New
756 1268 162 51 York
947 1268 132 65 city,
1109 1267 142 53 Pub.
1282 1266 74 68 by
1388 1269 226 50 Bureau
1645 1266 63 53 of
1738 1266 380 67 publications

127 1345 63 52 of
215 1346 277 52 Teachers
518 1345 226 67 college,
771 1345 298 55 Columbia
1095 1343 335 68 university,
1457 1343 94 53 for
1575 1345 240 53 Lincoln
1842 1345 189 52 school
2056 1345 63 52 of

128 1423 274 54 Teachers
430 1423 226 67 college,
687 1426 149 52 1933.

202 1507 43 31 x.
280 1497 54 39 74
368 1507 41 36 p.
470 1495 55 40 23½
558 1498 42 21 cm
607 1528 8 7 .
689 1494 297 48 (Half-title:
1020 1494 200 40 Lincoln
1256 1495 161 39 school
1452 1494 52 41 of
1536 1495 242 40 Teachers
1814 1496 190 47 college,
132 1496 1974 96 Columbia
341 1552 269 48 university
641 1584 44 7 …
750 1553 197 38 Lincoln
976 1552 162 39 school
1168 1553 225 38 research
1420 1552 211 47 studies)

128 1618 52 51 ©
205 1623 116 39 Nov.
349 1624 67 45 17,
443 1622 139 42 1933;
611 1623 66 38 2c.
704 1623 95 38 and
826 1622 81 40 aff.
935 1623 111 39 Dec.
1073 1623 82 45 20;
1185 1623 40 38 A
1251 1622 169 47 67603;
1449 1622 242 40 Teachers
1718 1623 191 46 college,
196 1622 1910 96 Columbia
300 1679 127 39 univ.
500 1679 219 47 (34-318)

131 1780 214 64 Moore,
373 1782 138 53 Mrs.
543 1783 305 62 Margaret
880 1780 388 67 (Whiteside)
1308 1785 170 50 1906-

198 1861 54 51 A
275 1859 169 68 study
468 1860 63 51 of
553 1878 193 49 young
766 1860 140 66 high
929 1861 190 52 school
1143 1860 323 67 graduates,
1491 1861 73 66 by
1585 1863 295 64 Margaret
1903 1860 214 55 White-

127 1937 118 52 side
273 1939 194 51 Moore
497 1982 55 9 …
633 1938 310 52 Published
973 1939 138 51 with
1138 1939 96 53 the
1260 1938 279 67 approval
1565 1940 64 51 of
1654 1938 301 53 Professor
1980 1941 135 50 Leta

131 2013 54 56 S.
223 2015 450 68 Hollingworth,
709 2034 251 49 sponsor.
1038 2016 137 53 New
1217 2016 160 53 York
1412 2014 133 69 city,
1581 2017 277 53 Teachers
1894 2016 226 68 college.

132 2093 296 54 Columbia
460 2093 333 67 university,
826 2098 148 49 1933.

203 2177 44 36 x,
288 2166 54 40 78
381 2177 42 36 p.
483 2166 55 39 23½
571 2169 43 20 cm
622 2198 5 6 .
699 2167 264 47 (Teachers
1003 2167 192 47 college,
1236 2166 250 41 Columbia
1528 2166 285 48 university.
134 2167 1972 94 Contributions
289 2226 47 36 to
364 2223 269 46 education,
663 2233 75 30 no.
767 2222 108 47 583)

208 2279 165 39 Issued
400 2281 102 38 also
528 2290 54 29 as
609 2281 151 39 thesis
794 2280 109 48 (PH.
961 2281 35 45 D.)
1032 2280 251 41 Columbia
1311 2280 284 48 university.

205 2334 243 42 “Selected
478 2336 364 49 bibliography”
863 2348 8 28 :
903 2349 41 37 p.
975 2337 158 41 75-78.

131 2402 50 52 ©
210 2407 99 40 Oct.
338 2408 67 43 24,
434 2408 138 41 1933;
602 2409 66 39 2c.
696 2409 95 39 and
820 2408 81 40 aff.
929 2409 112 39 Dec.
1069 2409 82 47 20;
1182 2409 41 38 A
1250 2409 170 46 67612;
1451 2409 241 40 Teachers
1720 2411 191 46 college,
202 2410 1907 93 Columbia
308 2465 126 38 univ.
507 2465 219 47 (34-319)

130 2566 280 53 National
434 2568 208 64 league
668 2568 63 53 of
757 2567 315 55 American
1101 2585 110 48 pen
1239 2584 246 50 women,
1512 2569 429 65 incorporated.
2007 2573 121 52 San

197 2646 185 66 Diego
418 2647 227 53 branch.

200 2722 177 55 Wind
419 2723 60 53 in
519 2724 96 52 the
655 2725 212 67 palms;
913 2726 313 67 anthology
1269 2725 63 52 of
1375 2725 115 55 San
1532 2727 185 68 Diego
1759 2744 173 50 verse,
1975 2729 148 49 1932.

135 2801 323 68 Sponsored
497 2802 74 67 by
611 2803 94 51 the
746 2804 271 51 National
1059 2807 198 64 league
1297 2804 61 51 of
1397 2803 307 54 American
1743 2823 110 49 pen
1893 2823 233 51 women,

135 2879 115 54 San
301 2880 184 67 Diego
536 2881 229 51 branch.
845 2880 115 55 San
1013 2881 202 69 Diego,
1269 2882 194 67 Calif.,
1513 2884 167 52 Press
1730 2883 63 53 of
1844 2883 95 53 the
1991 2883 135 69 City

130 2957 263 68 printing
420 2976 279 50 company
731 2992 13 33 [
748 2965 18 21 c
772 2962 133 49 1932
911 2992 12 33 ]

201 3031 85 40 129
314 3043 42 36 p.
415 3032 56 38 22
472 3034 17 20 cm
523 3062 7 8 .

133 3098 51 51 ©
222 3103 110 38 Dec.
369 3103 40 45 3,
447 3102 139 45 1932;
625 3103 66 38 2c.
730 3103 110 39 Dec.
877 3102 81 45 27;
1030 3102 50 40 aff.
1119 3101 109 41 Jan.
1265 3103 69 46 23,
1372 3102 140 47 1933;
1552 3103 41 38 A
1630 3102 169 47 59961;
1843 3103 97 39 San
1979 3104 149 46 Diego

203 3159 181 39 branch
420 3169 74 31 no.
533 3158 28 40 6
595 3159 51 40 of
683 3160 84 39 the
801 3159 128 40 Natl.
969 3160 170 47 league
1177 3159 53 41 of
1265 3159 158 42 Amer.
1461 3167 92 42 pen
1589 3169 198 39 women,
1829 3159 96 42 San
1963 3160 166 51 Diego,

200 3215 143 41 Calif.

134 3315 677 67 Oppeln-Bronikowski,
843 3317 305 55 Friedrich
1180 3335 132 48 von,
1345 3318 172 53 1873-

209 3439 54 7 …
303 3396 481 67 Archaologische
820 3396 428 68 entdeckungen
1282 3398 79 50 im
1396 3399 82 49 20.
1514 3397 399 67 jahrhundert.
134 3399 1968 142 Berlin,
261 3476 77 51 H.
366 3475 215 65 Keller,
611 3478 149 49 1931.

201 3548 83 40 167
313 3558 42 37 p.
385 3548 109 39 incl.
524 3548 162 46 front.,
718 3548 126 39 illus.
903 3547 55 39 22½
991 3549 43 21 cm
1040 3578 8 7 .

208 3605 64 39 “3.
304 3605 96 38 und
427 3605 41 39 4.
499 3605 205 39 tausend
745 3603 427 49 (univeränderter
1201 3603 326 47 neudruck).”

135 3656 1993 52 © June 30, 1931; 1c. Nov. 21, 1933 ; A-Foreign 22839; Heinrich Keller.
212 3717 278 49 (32-24930)

134 3816 216 67 Pilson,
380 3819 251 52 Eleanor
659 3819 182 64 Ingle,
869 3820 53 53 d.
955 3822 151 49 1931.

206 3894 176 68 Light
419 3900 97 47 out
551 3895 61 51 of
647 3894 297 66 darkness;
983 3912 149 36 some
1166 3911 190 50 poems
1393 3894 110 51 and
1541 3913 205 50 papers
1783 3894 62 52 of
1883 3894 245 53 Eleanor

139 3972 161 68 Ingle
333 3972 223 66 Pilson;
589 3971 282 54 foreword
904 3972 70 69 by
1064 4013 10 10 R.
1164 4018 11 11 F.
1208 3970 314 71 Campbell,
1591 4016 10 10 D.
1672 3991 41 33 D.:
1746 3972 275 68 compiled
2056 3972 70 69 by
