2582 4453
1390 4120 100 51 686

407 446 220 63 Heath,
657 447 244 52 Forrest
931 446 71 55 A.

484 536 1939 71 Seven-eleven, a manual of the Heath system of bidding at
412 623 256 50 contract
707 617 221 68 bridge,
969 618 74 56 by
1084 618 234 52 Forrest
1359 618 72 52 A.
1472 618 214 66 Heath,
1729 617 58 52 in
1829 617 413 53 collaboration
2282 618 141 53 with

411 696 2012 69 Henry W Beebe. Upper Montclair, N. J., F. A. Heath, 1933.
483 784 630 48 2 p. l., iv, 55 p. 18½cm.
418 852 52 52 ©
501 857 113 47 Apr.
646 855 69 47 29,
748 856 112 40 1933;
921 856 67 40 2c.
1022 857 113 41 May
1165 858 26 39 3;
1253 856 83 40 aff.
1369 856 114 47 May
1515 856 52 46 8;
1601 856 43 39 A
1675 855 171 47 62569;
1882 856 50 38 F.
1964 856 55 39 A.
2053 856 179 39 Heath.

494 914 282 47 (33-12249)

411 1019 279 64 Herbert,
719 1018 151 54 Alan
899 1019 262 55 Patrick.

482 1110 353 70 Misleading
862 1130 167 34 cases.
1111 1112 367 67 [Instalment
1501 1114 34 49 4]

497 1202 80 47 (In
607 1197 185 49 Punch,
821 1211 45 29 v.
897 1198 102 49 184,
1028 1211 77 29 no.
1136 1198 136 50 4790,
1302 1197 123 51 Apr.
1457 1198 70 49 26,
1560 1197 144 50 1933)

420 1269 52 52 ©
538 1284 36 29 1c.
611 1273 128 40 June
776 1273 67 46 23,
881 1273 140 42 1933;
1062 1274 40 37 A
1137 1273 63 39 ad
1237 1273 85 40 int.
1361 1272 171 46 17927;
1572 1272 142 48 pubd.
1752 1273 114 48 Apr.
1904 1273 83 46 26;
2025 1274 54 38 A.
2118 1274 50 40 P.
2208 1273 226 47 Herbert,

488 1331 213 40 London.

415 1436 55 51 A
499 1435 237 64 history
767 1435 63 52 of
860 1435 96 53 the
985 1435 393 68 departments
1408 1435 63 53 of
1501 1434 309 70 chemistry
1841 1436 112 53 and
1984 1436 231 70 physics
2247 1441 60 48 at
2335 1436 96 53 the

487 1514 78 53 M.
616 1516 48 52 I.
715 1517 83 64 T.,
851 1517 326 50 1865-1933.
1256 1514 366 70 Cambridge,
1669 1516 122 53 The
1839 1515 370 71 Technology
2255 1534 177 51 press,

486 1593 447 56 Massachusetts
963 1593 264 54 institute
1256 1594 63 54 of
1350 1594 342 70 technology
1729 1598 194 64 [c1933]

491 1681 1130 51 2 p. l., 34 p. front., plates, ports. 21½cm.
422 1753 1932 109 “Appeared originally in the Technology review for April, 1933, and … May, 1933.”—Verso of 2d prelim. leaf.
774 1885 164 41 CONTENTS.—The
969 1885 323 47 Department
1325 1883 51 41 of
1407 1883 280 49 chemistry,
1721 1884 59 48 by
1815 1885 52 41 T.
1901 1885 50 39 L.
1985 1884 332 41 Davis.—The
423 1884 1998 107 Department
697 1943 53 39 of
778 1942 210 48 physics,
1018 1943 60 47 by
1108 1943 60 39 H.
1200 1943 62 39 M.
1293 1941 249 42 Goodwin.

426 2009 52 52 ©
510 2014 113 47 Apr.
657 2014 69 46 26,
758 2013 113 41 1933;
933 2014 67 40 2c.
1032 2014 95 39 and
1161 2013 82 43 aff.
1277 2015 114 47 May
1423 2014 52 45 3;
1510 2014 40 38 A
1584 2013 170 46 62479;
1791 2015 390 39 Massachusetts
2212 2012 228 42 institute

495 2071 51 41 of
579 2073 299 48 technology,
913 2071 304 49 Cambridge,
1253 2072 146 40 Mass.
1472 2071 282 50 (33-12093)

421 2177 346 66 Hoffmann,
792 2179 54 55 J.
875 2179 63 55 F.

491 2270 119 52 Das
652 2269 418 69 getreidekorn.
1150 2274 43 48 1.
1237 2269 92 53 bd.
1371 2270 109 53 Die
1523 2270 389 69 behandlung,
1953 2270 325 70 trocknung
2317 2270 121 53 und

420 2348 334 70 bewertung
784 2350 96 53 des
911 2349 298 69 getreides.
1285 2350 114 53 Mit
1427 2349 378 70 mitwirkung
1835 2368 110 35 von
1977 2350 86 53 dr.
2099 2349 189 56 Seidel
2319 2350 119 53 und

423 2429 85 54 dr.
546 2429 68 55 G.
652 2429 314 52 Brückner.
1043 2429 162 69 Hrsg.
1256 2448 111 33 von
1401 2429 152 69 prof.
1591 2429 85 54 dr.
1714 2431 73 52 K.
1823 2431 185 52 Mohs.
2084 2433 46 48 2.
423 2430 1992 131 neubearbeitete
659 2507 128 54 aufl.
864 2509 114 52 Mit
1006 2509 532 69 textabbildungen.
1617 2509 216 69 Berlin,
1862 2512 65 52 P.
1957 2511 204 68 Parey,
2192 2512 150 49 1931.

497 2597 84 45 xii,
611 2597 85 39 384
726 2608 42 36 p.
829 2597 143 45 illus.,
1003 2596 181 48 diagrs.
1242 2596 117 40 25cm.

431 2665 52 52 ©
517 2670 116 39 July
665 2670 70 47 21,
768 2669 142 46 1931;
975 2680 36 29 1c.
1047 2669 111 40 Feb.
1190 2669 71 45 25,
1295 2668 141 43 1932;
1471 2669 312 47 A-Foreign
1819 2668 170 43 15856;
2027 2669 124 40 Paul
2186 2670 170 46 Parey.

429 2784 363 69 [Holmgren,
824 2786 287 65 Ephraim
1141 2788 76 67 S.]
1257 2790 172 50 1902-
1643 2803 179 54 comp.

505 2867 170 53 Rules
707 2866 92 53 for
833 2864 307 53 admission
1174 2873 56 45 to
1262 2866 95 53 the
1389 2865 101 51 bar
1522 2864 59 52 in
1611 2866 95 52 the
1740 2865 215 52 several
1987 2870 171 49 states
2192 2865 112 53 and
433 2869 1987 130 territories
690 2944 63 53 of
785 2947 95 51 the
918 2945 214 53 United
1167 2943 190 54 States
1393 2944 57 51 in
1486 2943 155 55 force
1678 2943 202 54 March
1918 2947 47 65 1,
2001 2946 152 66 1933,
2187 2944 260 68 together

432 3023 139 53 with
602 3023 96 54 the
733 3022 151 55 Code
917 3022 63 52 of
1011 3022 177 53 ethics
1221 3021 247 69 adopted
1500 3022 75 68 by
1608 3022 96 54 the
1735 3020 306 55 American
2075 3022 100 52 bar
431 3021 1990 134 association.
603 3101 307 53 annotated
944 3108 56 45 to
1035 3119 149 34 cases
1215 3099 58 53 in
1305 3102 162 66 point
1499 3099 113 55 and
1643 3099 98 55 list
1774 3099 64 54 of
1866 3100 107 53 law
2010 3101 232 53 schools.
2311 3099 133 53 20th

431 3179 82 52 ed.
582 3178 82 55 St.
696 3179 166 68 Paul,
889 3178 203 68 Minn.,
1198 3184 81 46 West
1307 3177 336 69 publishing
1671 3195 296 51 company,
2003 3181 148 49 1933.

502 3264 120 48 xxii,
651 3265 86 40 174
763 3275 43 38 p.
863 3265 116 40 24cm.

504 3336 234 40 Previous
767 3337 210 40 editions
1006 3335 236 49 compiled
1270 3338 61 47 by
1362 3337 51 40 E.
1447 3337 44 41 S.
1521 3337 280 47 Holmgren.

506 3395 255 39 “Includes
790 3395 226 39 valuable
1044 3393 321 41 information
1394 3394 49 39 in
1475 3395 172 47 regard
1680 3398 48 36 to
1761 3395 78 40 the
1871 3397 226 46 statutes,
2129 3399 189 44 reports
2349 3396 95 40 and

434 3452 183 47 digests
654 3451 50 40 of
737 3453 117 38 each
889 3455 143 42 state,
1066 3450 261 48 especially
1362 3451 226 39 valuable
1622 3454 48 37 to
1705 3452 82 39 the
1820 3451 182 47 lawyer
2038 3451 206 49 opening
2278 3462 26 30 a
2340 3463 107 29 new

433 3508 369 42 office.”—Pref.

439 3579 1727 53 © Apr. 6. 1933; 2c. and aff. May 11; A 61769; West pub. co.
518 3641 280 47 (33-12208)

435 3745 229 63 Horler,
696 3745 257 65 Sydney.

507 3839 138 50 Lass
675 3839 62 50 of
767 3839 249 51 fortune.
1099 3838 364 67 [Instalment
1493 3840 47 63 6]

520 3928 77 43 (In
629 3923 223 49 Tit-bits,
882 3924 117 50 May
1029 3925 41 47 6,
1102 3923 144 49 1933)

443 3994 51 53 ©
552 4012 35 26 1c.
617 3998 126 39 June
770 3999 68 40 26.
870 3997 138 40 1933:
1040 3999 37 36 A
1107 3998 62 39 ad
1197 3997 85 40 int.
1341 3996 141 46 17931;
1513 3997 142 47 pubd.
1685 3996 113 47 Apr.
1826 3994 83 47 29;
1943 3995 44 41 S.
2017 3995 191 46 Horler,
511 3994 1921 106 Bournemouth,
725 4055 234 45 England.
