2484 4405
1099 4106 102 51 527

136 452 244 65 Isarloy,
412 452 245 65 George.

269 525 1869 71 … La peinture fran ç aise à l’Exposition de Londres, 1932.
137 607 185 69 Paris,
349 610 58 54 J.
438 605 179 70 Corti,
647 609 150 52 1932.

209 676 1380 53 1 p. l., 5-38 p., 1 l. 19 ½ cm . (Collection Orbes. 4)
143 732 1996 55 © Dec. 20, 1932; 1c. Feb. 17, 1933; A -Foreign 19741; G. Isarlov, Paris.
224 794 279 50 (33-10129)

136 897 317 65 Iwahashi,
483 898 215 55 Takeo.

209 974 1935 70 Light from darkness, by Takeo Iwahashi … introductory
140 1059 159 49 notes
324 1053 75 68 by
425 1052 192 54 Rufus
640 1053 82 53 M.
751 1053 193 68 Jones,
971 1052 299 69 Toyohiko
1295 1053 261 69 Kagawa
1608 1053 133 68 [and]
1772 1053 105 54 Dr.
1905 1051 63 57 C.
1996 1053 56 55 J.
2076 1053 68 53 L.

143 1133 187 52 Bates.
404 1130 428 70 Philadelphia,
870 1130 254 70 Chicago
1185 1136 121 63 [etc.]
1348 1131 145 54 Pub.
1534 1130 94 55 for
1664 1131 98 54 the
1797 1130 164 55 Book
139 1148 1982 116 committee

364 1209 65 54 of
456 1209 97 54 the
582 1209 298 69 Religious
908 1209 213 68 society
1152 1207 65 56 of
1245 1209 263 68 Friends,
1539 1215 61 49 at
1628 1209 97 55 the
1754 1210 170 54 Press
1954 1208 65 56 of
2049 1208 98 56 the

141 1287 1090 69 John C. Winston company [ c 1933]
211 1361 84 41 103
327 1372 42 38 p.
429 1361 136 41 front.
608 1360 172 50 (port.)
848 1360 55 41 21
906 1363 45 22 cm
955 1392 10 10 .

210 1417 102 42 The
345 1418 191 48 author,
573 1428 28 31 a
637 1417 134 42 blind
807 1417 244 50 Japanese
1086 1417 167 49 youth,
1290 1417 112 42 tells
1435 1417 83 42 the
1552 1419 137 48 story
1724 1418 52 41 of
1810 1417 76 42 his
1924 1417 87 43 life
2048 1417 95 43 and

141 1474 77 41 his
246 1474 283 42 conversion
557 1478 48 38 to
635 1473 339 50 Christianity.

147 1527 2000 53 © Mar. 20, 1933; 2c. and aff. Apr. 1; A 60874; Book committee of the
215 1588 229 49 religious
468 1588 182 48 society
675 1588 51 41 of
750 1587 205 42 Friends
979 1588 51 40 of
1054 1588 342 48 Philadelphia
1423 1590 95 38 and
1544 1588 217 50 vicinity,
1789 1587 356 51 Philadelphia,

226 1644 251 50 (33-9991)

140 1745 233 56 Johann
406 1747 210 66 Georg,
644 1747 196 68 prince
871 1748 65 67 of
961 1748 253 68 Saxony,
1247 1749 172 52 1869-

213 1824 242 55 Neueste
484 1823 313 70 streifzüge
827 1824 179 53 durch
1038 1823 93 54 die
1159 1823 236 54 kirchen
1428 1825 119 54 und
1577 1825 215 54 klöster
1823 1815 322 81 Ägyptens,

140 1921 110 34 von
273 1902 232 54 Johann
528 1899 209 72 Georg,
759 1902 209 69 herzog
989 1920 70 34 zu
1082 1901 265 56 Sachsen.
1405 1902 113 53 Mit
1542 1902 64 55 71
1633 1903 389 70 abbildungen
2042 1903 105 55 auf

143 1980 201 55 tafeln.
411 1979 241 71 Leipzig
680 1981 118 53 und
831 1978 218 72 Berlin,
1079 1981 69 53 B.
1180 1978 70 58 G.
1283 1980 279 71 Teubner,
1595 1984 153 53 1931.

215 2058 27 38 4
266 2067 43 38 p.
358 2088 21 16 l.,
406 2057 59 39 35
486 2067 42 37 p.
583 2056 58 40 30
665 2067 63 37 pl.
753 2067 62 29 on
840 2056 55 39 15
943 2088 8 9 l.
1004 2055 59 41 26
1063 2057 45 22 cm
1114 2088 8 8 .

151 2108 1835 54 © Oct. 3, 1931; 1c. Jan. 7, 1932; A -Foreign 15177; B. G. Teubner.
227 2169 278 49 (33-10285)

142 2259 189 56 Johns
357 2259 273 65 Hopkins
656 2258 352 66 university.

275 2337 1870 74 … Excavations at Olynthus. pt. v. Mosaics, vases and
145 2418 185 67 lamps
360 2415 65 54 of
454 2415 290 70 Olynthus
774 2416 183 53 found
987 2417 61 52 in
1080 2420 135 50 1928
1246 2418 111 52 and
1391 2421 152 66 1931,
1573 2419 141 53 with
1745 2440 31 33 a
1808 2422 237 69 chapter
2073 2442 72 35 on

146 2495 366 69 pre-Persian
542 2499 229 65 pottery
802 2496 74 66 by
907 2495 68 55 G.
1009 2497 65 53 E.
1108 2497 283 68 Mylonas,
1423 2517 31 33 a
1485 2498 238 69 chapter
1752 2519 72 35 on
1854 2503 185 68 lamps
2070 2503 75 70 by

146 2574 54 56 J.
236 2575 224 56 Walter
497 2573 276 71 Graham,
807 2575 112 53 and
959 2594 31 34 a
1027 2575 238 69 chapter
1301 2594 72 35 on
1410 2577 320 70 Byzantine
1766 2598 159 37 vases
1962 2582 73 70 by
2073 2584 70 53 A.

146 2653 2001 76 Xyngopoulos, by David M. Robinson … Baltimore, The
146 2733 182 55 Johns
372 2732 269 69 Hopkins
684 2751 185 50 press;
914 2733 259 68 London,
1216 2735 345 69 Humphrey
1604 2737 266 71 Milford,
1914 2740 233 56 Oxford

145 2812 318 68 university
489 2829 175 51 press,
691 2814 148 52 1933.

220 2886 99 47 xxi,
359 2885 84 41 297
481 2896 42 37 p.
593 2887 90 39 col.,
720 2886 163 47 front.,
926 2886 143 48 illus.,
1109 2888 159 45 plates
1296 2887 135 48 (part
1472 2888 112 48 col.)
1633 2900 124 39 map.
1828 2891 59 42 28c
1904 2895 27 21 m
1936 2925 8 8 .
2026 2896 124 48 (The

151 2944 156 39 Johns
333 2942 223 48 Hopkins
582 2941 271 49 university
882 2941 185 41 studies
1095 2943 48 38 in
1175 2943 333 50 archaeology,
1538 2957 73 29 no.
1643 2947 79 48 18)

223 3000 119 40 Part
367 3000 51 39 of
445 3000 82 39 the
552 3000 156 47 plates
737 3007 85 32 are
846 2998 192 49 printed
1066 3010 61 29 on
1154 3000 114 39 both
1298 3000 142 41 sides.

155 3052 1980 62 © May 2, 1933; 2c. May 6; aff. May 8; A 62567; Johns Hopkins press
151 3159 209 66 Kluge,
390 3160 204 54 Ernst.

220 3236 110 53 Die
368 3235 280 54 Wahrheit
683 3235 140 53 über
862 3233 532 69 Sowjet-Russland
1432 3233 119 52 und
1591 3249 116 36 was
1745 3233 146 52 dazu
1929 3229 222 70 gehört,

154 3314 178 54 erlebt
383 3314 117 52 und
555 3311 429 71 aufgezeichnet
1040 3312 80 52 im
1174 3328 204 35 namen
1432 3309 338 71 unzähliger
153 3308 1972 152 menschenmassen,

414 3391 91 54 die
532 3410 55 34 es
613 3408 171 51 sagen
810 3390 222 68 wollen,
1058 3389 134 53 aber
1219 3407 55 35 es
1298 3387 163 54 nicht
1482 3390 323 66 vermögen,
1832 3405 112 34 von
1971 3386 181 53 Ernst

152 3471 205 68 Kluge.
420 3469 257 69 Leipzig,
703 3468 70 53 R.
801 3466 256 69 Streller,
1085 3468 150 53 1932.

224 3547 28 39 3
280 3556 28 38 p
367 3576 23 16 l.,
419 3543 145 41 9-159
588 3554 44 38 p.
687 3543 56 39 22
746 3545 44 22 cm.

159 3596 1823 55 © Dec. 1, 1932; 1c. Feb. 21, 1933; A-Foreign 19884; R. Streller.
237 3657 278 49 (33-10275)

152 3752 170 64 Kohl,
351 3751 183 56 Louis
559 3769 132 47 von,
723 3753 172 53 1882-

224 3831 310 66 Ursprung
556 3828 118 52 und
700 3826 312 68 Wandlung
1036 3824 450 68 Deutschlands;
1515 3825 359 70 grundlagen
1900 3845 70 34 zu
1997 3827 155 54 einer

157 3908 303 53 deutschen
496 3904 333 71 geopolitik,
862 3921 111 34 von
1008 3903 176 53 Louis
1218 3919 111 36 von
1365 3902 174 53 Kohl.
1612 3902 218 70 Berlin,
1866 3903 286 55 Deutsche

154 3979 592 74 buch-gemeinschaft
771 3999 52 50 g.
850 4000 71 33 m.
949 3981 52 53 b.
1027 3980 57 53 h.
1116 4013 13 34 [
1134 3986 18 22 c
1157 3982 134 50 1932
1296 4012 13 35 ]
