2582 4453
1414 4112 101 55 778

424 431 183 66 Bach,
636 432 194 65 Hugo,
862 435 173 51 1859-

498 508 324 70 Anleitung
881 509 120 53 und
1082 506 379 56 indikationen
1521 506 100 55 für
1677 506 448 69 bestrahlungen
2184 504 108 55 mit
2349 506 101 53 der

429 589 369 70 quarzlampe
849 587 381 56 “Künstliche
1279 586 419 70 höhensonne”,
1748 586 107 54 mit
1905 584 546 72 berücksichtigung

429 669 103 53 der
561 668 377 53 leuchtenden
971 666 489 70 wärmestrahlen,
1490 685 110 35 von
1632 666 127 70 geh.
1788 664 340 57 sanitätsrat
2159 665 85 54 dr.
2274 664 178 71 Hugo

432 744 2021 71 Bach … unter mitwirkung von dr. Ferdinand Bohr … Mit
429 831 67 50 41
533 825 393 70 abbildungen
959 826 79 53 im
1073 832 138 48 text.
1282 828 209 51 22.-23.
1527 824 153 55 verb,
1715 826 119 53 und
1870 844 175 35 verm.
2081 824 131 54 aufl.
432 823 1996 153 Leipzig,
570 905 64 56 C.
661 904 334 71 Kabitzsch,
1058 909 118 50 1931.

503 981 30 40 2
556 992 44 38 p.
646 1012 24 18 l.,
695 980 90 41 258
807 991 58 38 p.,
891 981 25 39 1
963 1012 9 9 l.
1033 980 129 41 illus.
1224 980 119 41 25cm.

507 1039 69 41 “1.
607 1038 113 43 aufl.
752 1037 159 42 1915.”

439 1104 2018 53 © Aug. 1, 1931; 1c . Sept. 7, 1932; A -Foreign 20109; Curt Kabitzsch.
519 1167 283 49 (33-13770)

433 1272 174 66 Bent,
642 1271 173 68 Silas,
852 1277 173 51 1882-

507 1353 108 52 Let
647 1371 66 34 us
744 1352 146 53 have
922 1369 147 51 war;
1105 1351 242 54 another
1376 1352 221 54 modest
1629 1352 272 68 proposal
1935 1356 59 50 to
2029 1352 95 53 the
2157 1351 203 69 people
2392 1351 65 55 of

442 1432 92 52 the
556 1431 222 55 United
801 1431 209 65 States,
1034 1437 58 47 to
1116 1430 207 54 relieve
1348 1449 105 35 our
1475 1430 289 68 financial,
1788 1431 310 54 industrial
2124 1431 115 53 and

440 1430 1993 134 spiritual
573 1509 123 69 ills;
739 1510 116 53 this
893 1516 58 47 to
987 1509 68 54 be
1092 1511 146 52 done
1273 1509 384 70 straightway
1694 1509 76 69 by
1808 1528 31 34 a
1877 1528 120 34 war
2033 1509 61 53 in
2130 1510 96 54 the
2261 1511 183 68 grand

437 1589 2022 69 manner. By Silas Bent … New York, The Vanguard press,
441 1671 153 51 1933.

512 1743 57 40 31
609 1753 43 38 p.
714 1741 115 42 19cm.

447 1801 51 53 ©
527 1806 115 48 Apr.
671 1806 70 47 24,
772 1805 142 48 1933;
945 1806 66 41 2c.
1043 1807 115 48 May
1187 1807 53 46 8;
1273 1806 84 41 aff.
1388 1807 114 47 May
1532 1807 53 45 5;
1618 1806 43 39 A
1688 1804 172 49 61670;
1892 1806 266 48 Vanguard
2189 1815 152 39 press,
2371 1806 92 40 inc.

526 1864 283 48 (33-13209)

441 1964 186 56 Bible.
700 1968 72 52 N.
802 1971 63 51 T.
944 1968 257 68 Gospels.
1275 1967 267 69 English.
1617 1968 334 54 Selections.
2025 1972 155 52 1932.

514 2046 123 54 The
677 2045 188 70 living
907 2046 188 69 word;
1140 2046 96 55 the
1279 2045 184 68 single
1506 2049 304 53 testament
1853 2046 65 54 of
1958 2045 98 55 the
2097 2045 157 55 Lord
2297 2047 169 56 Jesus

446 2125 216 70 Christ,
697 2126 114 54 His
848 2125 147 56 Own
1031 2126 175 68 book;
1246 2126 97 53 the
1377 2125 270 71 teaching
1683 2127 114 53 and
1832 2124 234 72 sayings
2101 2125 66 54 of
2201 2126 169 56 Jesus
2406 2126 60 54 in

443 2203 2023 73 the four Gospels in one consecutive record … arranged by the
444 2285 188 54 editor
676 2284 65 54 of
786 2285 97 53 the
926 2284 314 70 Prophetic
1285 2303 120 51 age.
1481 2285 284 69 Ashland,
1813 2284 87 70 O.,
1945 2284 140 56 Rest
2130 2286 337 71 publishing

444 2364 192 70 house,
671 2367 151 51 1932.

516 2439 30 40 2
573 2450 43 38 p.
666 2470 24 18 l.,
737 2439 166 49 [3]-122
930 2450 44 38 p.
1035 2438 118 42 16cm.

519 2496 250 50 Compiled
795 2497 62 48 by
883 2498 55 40 A.
967 2497 51 41 L.
1047 2497 201 41 Garber.

455 2550 51 53 ©
536 2556 112 40 Dec.
676 2556 71 47 24,
776 2555 115 41 1932;
948 2556 68 41 2c.
1046 2557 113 39 Dec.
1188 2556 57 40 27;
1303 2556 82 40 aff.
1416 2556 113 48 Apr.
1561 2556 39 48 8,
1630 2556 114 41 1933;
1803 2557 42 40 A
1873 2557 146 41 58564;
2077 2559 165 40 Aaron
2271 2558 49 40 L.
524 2558 1929 102 Garber,
653 2614 236 46 Ashland,
924 2613 52 41 O.
1047 2612 254 50 (33-5426)

453 2716 646 68 [Bott-Bodenhausen,
1133 2718 280 54 Manfred]

526 2791 222 72 Sterne,
785 2794 301 69 Schriften,
1122 2795 218 68 hände;
1381 2796 327 55 Charakter-
1745 2798 120 53 und
1901 2798 571 71 Schicksalsdeutung

452 2870 316 56 bekannter
805 2873 207 55 frauen
1052 2875 121 54 und
1210 2877 267 66 männer;
1518 2876 107 54 mit
1665 2877 65 54 67
1769 2877 408 70 abbildungen.
2288 2921 10 11 1.
2338 2879 131 54 aufl.

452 2950 221 70 Berlin,
703 2952 509 70 Prismen-verlag,
1245 2958 154 50 1933.

523 3027 29 39 4
586 3037 44 38 p.
687 3057 23 17 l.,
747 3027 147 41 7-265
929 3038 43 38 p.
1037 3028 132 40 illus.
1196 3027 134 50 (incl.
1366 3028 245 50 facsims.)
1656 3030 56 40 31
1749 3041 63 38 pl.
1841 3030 15 50 (incl.
2013 3033 178 49 ports.)
2235 3042 62 32 on
2333 3032 61 42 25
2449 3062 23 17 l.,

449 3082 391 50 diagrs. 22 ½ cm.
528 3141 312 41 “Bearbeitet
878 3153 93 29 von
1009 3143 70 39 dr.
1122 3143 63 41 M.
1224 3143 497 41 Bott-Bodenhausen
1761 3147 99 39 und
1899 3147 70 39 dr.
2013 3145 46 42 S.
2099 3147 55 41 B.
2195 3147 278 41 Herrmann

456 3200 145 38 unter
639 3197 320 51 mitwirkung
998 3209 93 31 von
1132 3201 54 41 E.
1228 3200 516 51 Issberner-Haldane,
1786 3205 70 39 dr.
1900 3204 64 40 M.
2005 3214 93 30 von
2139 3205 238 47 Kreusch,
2419 3205 55 41 A.

457 3255 359 47 Mendelssohn,
846 3257 72 41 dr.
950 3257 53 41 G.
1034 3256 177 50 Rüger,
1241 3259 225 40 madame
1499 3258 212 49 Sylvia.”

459 3307 53 53 ©
546 3313 109 39 Jan.
690 3313 39 47 1,
763 3313 142 47 1933;
970 3325 37 31 1c.
1042 3315 122 40 Mar.
1198 3315 84 47 30;
1317 3315 42 39 A
1360 3315 274 49 -Foreign
1665 3317 173 48 20378;
1875 3318 423 48 Prismen-verlag.

538 3370 283 48 (33-13470)

454 3472 243 68 Breton,
725 3472 303 68 Nicholas,
1059 3479 385 54 1545?-1626?

530 3550 265 56 Brittons
828 3551 190 56 bowre
1050 3553 66 55 of
1149 3554 270 71 delights,
1455 3558 154 67 1591,
1641 3555 193 55 edited
1868 3557 77 70 by
1978 3557 208 70 Hyder
2220 3559 255 55 Edward

459 3627 244 56 Rollins.
773 3629 367 72 Cambridge,
1172 3632 279 55 Harvard
1482 3633 322 71 university
1836 3653 176 51 press,
2048 3639 152 52 1933.

529 3702 118 40 xxvi
679 3713 61 38 p.,
775 3704 23 38 1
854 3735 24 16 l.,
914 3705 191 41 facsim.
1134 3705 93 50 (59,
1267 3727 55 31 [1]
1359 3708 69 47 p.)
1475 3708 23 38 1
1557 3737 24 15 l.,
1633 3706 195 53 [63]-116
1860 3719 45 39 p.
1964 3720 77 39 pl.,
2077 3709 190 43 facsim.
2327 3710 148 43 23½cm.

473 3759 301 49 (Half-title:
802 3762 313 49 Huntington
1146 3763 186 49 library
1361 3764 352 51 publications)

537 3816 261 44 Facsimile
835 3820 90 41 has
962 3820 109 42 title:
1141 3821 225 42 Brittons
1402 3822 163 41 bowre
1601 3823 53 40 of
1691 3822 226 50 delights.
1987 3824 309 51 Contayning
2333 3835 147 39 many

462 3874 127 39 most
630 3875 266 42 delectable
939 3878 96 40 and
1078 3876 95 43 fine
1215 3878 209 49 deuices,
1469 3880 54 40 of
1566 3890 110 31 rare
1718 3880 268 49 epitaphes,
2031 3881 227 49 pleasant
2299 3892 178 40 poems,

462 3931 246 45 pastorals
750 3934 96 39 and
889 3936 178 46 sonets,
1110 3934 61 50 by
1213 3935 57 42 N.
1313 3935 53 43 B.
1408 3937 127 47 gent.
1613 3936 209 52 [Device]
1869 3938 269 48 Imprinted
2184 3941 51 40 at
2278 3939 199 42 London

464 3984 61 47 by
563 3986 215 44 Richard
822 3989 190 52 Ihones,
1056 3993 52 40 at
1148 3992 82 41 the
1271 3991 127 44 Rose
1437 3995 97 39 and
1577 3992 204 43 Crowne
1821 4005 142 32 neere
2006 3995 248 43 Holborne
2295 3996 184 48 bridge.

491 4041 100 44 1591.
