2582 4453
1263 4147 103 52 804

337 424 178 67 Page,
544 426 258 56 William
830 429 281 66 Herbert,
1144 437 173 52 1868-
1532 436 87 56 ed.

406 507 58 52 A
490 506 188 69 digest
704 506 64 55 of
795 510 78 51 all
898 511 269 68 reported
1195 512 280 55 decisions
1504 515 63 53 of
1594 517 97 54 the
1718 524 191 51 courts
1934 521 64 53 of
2028 521 152 57 Ohio
2208 523 156 55 from

335 584 95 54 the
462 585 230 55 earliest
725 587 203 69 period
962 595 58 48 to
1056 591 147 53 date.
1274 591 278 58 Lifetime
1585 597 86 54 ed.
1744 599 215 54 Edited
1992 602 76 71 by
2099 602 265 57 William

334 664 2028 78 Herbert Page … v. 5. Error x to Fraudulent conversion.
336 743 351 59 Cincinnati,
719 748 121 52 The
870 751 88 54 W.
992 750 78 56 H.
1101 752 307 54 Anderson
1438 773 311 53 company;
1785 759 423 73 Indianapolis,
2240 766 123 53 The

333 824 995 76 Bobbs-Merrill company [ c 1933]
409 901 63 46 vi,
503 901 86 41 886
617 913 43 37 p.
718 901 58 42 26
778 905 14 20 cm
827 935 9 8 .

338 969 55 53 ©
421 974 133 40 June
578 974 72 43 29,
680 973 143 49 1933;
854 975 69 40 2c.
953 976 119 49 July
1101 978 54 45 1;
1187 977 85 44 aff.
1302 979 119 49 July
1449 982 56 46 3;
1537 982 41 40 A
1607 984 172 48 63465;
1877 1021 7 7 W.
1916 988 61 40 H.
2009 989 256 42 Anderson
2294 1004 69 29 co.

330 1082 255 62 Palmer,
614 1083 149 63 Roy.

405 1157 143 66 Quit
585 1157 273 72 guessing
895 1167 60 46 at
991 1167 259 50 contract
1287 1162 203 71 bridge
1527 1163 264 71 bidding,
1827 1165 78 70 by
1943 1168 128 68 Roy
2109 1167 248 55 Palmer.

336 1238 358 71 [Baltimore,
722 1239 123 55 The
875 1241 158 56 John
1063 1242 72 54 D.
1166 1243 187 55 Lucas
1379 1242 269 72 printing
1676 1264 303 52 company,
2007 1253 19 21 c
2031 1249 136 53 1933]

403 1313 86 42 108
524 1325 58 38 p.,
619 1315 24 38 l
703 1348 8 8 l.
772 1314 58 41 20½
862 1318 15 21 cm
912 1348 8 8 .

404 1372 216 43 “Second
648 1372 232 43 edition.”

335 1427 52 52 ©
423 1430 115 50 May
570 1431 71 46 31,
675 1432 143 45 1933;
855 1432 68 41 2c.
959 1434 128 40 June
1120 1435 53 45 1;
1210 1432 82 42 aff.
1329 1435 128 40 June
1492 1436 54 45 2;
1585 1437 38 37 A
1659 1435 172 48 61985;
1870 1437 56 43 R.
1962 1437 208 47 Palmer,
405 1431 1936 105 Baltimore.
624 1488 285 50 (33-14260)

323 1591 461 66 Pennsylvania.
864 1597 225 53 Courts.

394 1670 248 54 District
680 1672 113 54 and
829 1679 212 65 county
1078 1680 225 64 reports
1339 1675 339 71 containing
1713 1696 153 37 cases
1902 1678 236 55 decided
2176 1679 61 53 in
2275 1681 78 53 all

321 1751 99 54 the
461 1750 243 71 judicial
745 1751 260 55 districts
1044 1753 64 53 of
1149 1754 96 54 the
1285 1759 147 50 state
1474 1756 64 53 of
1580 1757 449 71 Pennsylvania.
2107 1760 244 54 Volume

445 1830 1566 78 XVII … Philadelphia, The legal intelligencer, 1933.
396 1906 136 47 xviii,
563 1907 88 40 850
677 1918 40 37 p.
777 1908 55 41 23
837 1909 15 21 cm
886 1939 8 8 .

330 1960 55 53 ©
415 1966 128 40 June
573 1964 69 47 29,
674 1963 142 49 1933;
849 1966 68 40 2c.
949 1966 96 41 and
1077 1965 82 41 aff.
1193 1966 120 50 July
1342 1968 53 46 5;
1429 1968 41 39 A
1501 1967 173 50 64229;
1710 1971 147 49 Legal
1890 1971 349 49 intelligencer.

320 2053 222 68 Pierce,
570 2055 207 55 Bessie
805 2053 236 69 Louise,
1073 2059 175 52 1890-
1460 2055 89 56 ed.

394 2133 84 55 As
517 2134 193 54 others
748 2153 91 35 see
877 2134 285 71 Chicago;
1205 2133 372 71 impressions
1617 2133 65 55 of
1723 2133 251 70 visitors,
2018 2134 333 69 1673-1933,

322 2206 2029 83 compiled and edited by Bessie Louise Pierce … with the
322 2285 2026 79 assistance of Joe L. Norris … Chicago, Ill., The University
321 2369 65 55 of
414 2370 256 71 Chicago
698 2389 159 52 press
889 2373 175 67 [1933]

390 2445 105 49 xiii,
524 2445 88 41 540
641 2455 45 38 p.
746 2444 57 42 23½
836 2447 44 22 cm
885 2477 10 10 .

322 2512 42 38 p.
394 2501 220 42 521-523.

391 2560 43 38 A
463 2558 129 42 brief
620 2559 170 42 sketch
820 2559 52 41 of
903 2560 82 40 the
1017 2558 222 43 author’s
1272 2557 87 42 life
1391 2558 230 49 precedes
1653 2559 120 40 each
1807 2557 246 44 selection.

395 2615 137 42 “List
562 2617 53 39 of
641 2615 275 43 travellers’
949 2614 291 44 accounts”:
1271 2626 44 38 p.
1345 2614 235 48 518-520;
1616 2615 406 42 “Miscellaneous
2053 2615 262 43 citations”

314 2686 42 37 p.
387 2674 220 43 521-523.

322 2729 52 52 ©
409 2733 130 41 June
570 2734 39 46 1,
644 2732 141 46 1933;
822 2733 67 40 2c.
924 2732 96 41 and
1055 2732 83 41 aff.
1171 2733 131 40 June
1333 2732 53 46 2;
1423 2732 41 39 A
1499 2731 171 48 61988;
1709 2731 286 49 University
2029 2733 52 40 of
2116 2731 227 49 Chicago,

392 2790 226 49 Chicago.
689 2789 285 50 (33-14002)

312 2896 191 66 Plum,
533 2897 193 65 Mary.

384 2969 1955 80 Murder at the World’s fair, by Mary Plum … New York
312 3055 115 53 and
453 3054 263 70 London,
742 3057 237 67 Harper
1006 3058 51 51 &
1086 3056 280 68 brothers,
1397 3059 151 50 1933.

383 3127 572 54 3 p. l., 255 p 19½ cm .
386 3189 41 39 A
454 3188 196 48 Harper
677 3187 165 42 sealed
869 3191 217 46 mystery
1115 3192 136 44 story
1289 3188 67 49 (p.
1385 3187 206 43 211-255
1619 3187 189 47 sealed)

386 3244 165 43 “First
583 3243 229 44 edition.”

319 3298 52 52 ©
405 3302 115 49 May
550 3303 70 46 23,
654 3302 141 46 1933;
830 3302 68 41 2c.
931 3303 127 40 June
1091 3304 53 45 1;
1179 3301 83 42 aff.
1297 3302 130 40 June
1455 3303 53 45 3;
1544 3303 39 39 A
1616 3302 173 46 62867;
1824 3302 195 49 Harper
2051 3303 36 40 &
2120 3303 126 39 bros.

396 3358 284 50 (33-14021)

308 3415 224 56 Punch,
608 3439 54 35 v.
692 3423 118 64 184,
836 3439 90 35 no.
955 3419 157 69 4793,
1138 3421 142 68 May
1310 3420 84 68 17,
1424 3423 152 51 1933.

317 3488 2014 62 © 1c. July 12, 1933; A ad int. 17984; pubd. May 17; Herbert Heather,
387 3553 213 41 London.

311 3657 234 66 Quaife,
573 3658 143 54 Milo
740 3658 231 62 Milton,
1002 3664 172 51 1880-

385 3734 330 73 Checagou;
772 3735 153 56 from
976 3735 214 56 Indian
1245 3736 264 71 wigwam
1562 3743 62 49 to
1675 3737 237 55 modern
1966 3736 135 71 city,

316 3729 2016 147 1673-1835
492 3815 110 70 [by]
645 3815 145 54 Milo
828 3816 80 55 M.
949 3814 232 66 Quaife.
1261 3814 273 72 Chicago,
1572 3816 115 68 Ill.,
1724 3816 126 54 The
1885 3815 341 71 University
2264 3815 66 54 of

312 3892 254 70 Chicago
596 3912 158 51 press
789 3897 174 64 [1933]

383 3966 65 45 ix,
480 3966 88 41 212
598 3977 44 38 p.
702 3966 138 42 front.
882 3967 161 50 (map)
1114 3966 59 42 20
1176 3970 43 22 cm
1224 4000 8 8 .

315 4021 53 53 ©
431 4035 92 31 June
552 4028 37 43 1,
619 4026 140 47 1933;
790 4026 66 40 2c.
886 4027 95 39 and
1010 4025 83 42 aff.
1122 4027 128 40 June
1277 4026 52 41 2:
1361 4028 39 37 A
1428 4026 171 43 61987;
1631 4028 61 39 M.
1724 4029 60 37 M.
1816 4025 193 51 Quaife,
2038 4024 208 44 Detroit.

393 4081 282 50 (33-14003)
