2484 4405
1127 4105 133 54 1723

154 514 1997 73 bild nissen und zwei kartenskizzen. Stuttgart, R. Lutz nachfolger
155 607 606 64 O. Schramm [c 1931]
226 691 84 41 206
327 702 43 37 p.
431 690 148 39 front,
610 688 195 48 (ports.)
835 687 127 40 illus.
992 685 134 48 (incl.
1146 686 159 47 maps)
1378 682 53 41 19½cm.
1592 681 299 49 (Half-title:
157 681 1980 109 Lutz’memoiren-bibliothek.
698 746 38 40 7.
769 745 145 45 reihe,
945 744 39 39 5.
1014 743 99 45 bd.)

154 807 1984 117 © Oct. 27, 1981; 1c. Oct. 17, 1933; A-Foreign 22451; Robert Lutz nachfolger,
423 877 114 39 Otto
568 875 263 38 Schramm.
903 870 281 49 (33—38428)

158 997 219 60 Merry,
407 991 191 64 Ralph
629 989 265 55 Vickers.

225 1069 121 52 The
385 1067 299 53 education
725 1065 284 69 problems
1050 1064 58 51 in
1152 1062 247 69 visually
1439 1061 401 68 handicapped
1881 1059 276 67 children,

156 1137 1978 157 by Ralph Vickers Merry … Cambridge, Harvard university press, 1933.
227 1288 1934 58 xiii, [1] p., 1 l., 243 p. front., illus., plates, diagr. 22½ cm . (Half-title:
163 1346 1095 49 Harvard studies in education … v. 19)
237 1423 222 40 Lettered
495 1432 59 29 on
590 1429 139 31 cover:
794 1419 100 40 The
931 1417 259 42 education
1228 1417 52 40 of
1315 1416 210 48 visually
1562 1416 334 48 handicapped
1935 1415 228 42 children.

235 1479 291 40 “Presented
555 1476 258 48 originally
844 1479 48 37 to
922 1477 82 38 the
1034 1475 189 46 faculty
1253 1474 51 40 of
1333 1475 82 40 the
1444 1472 250 42 Graduate
1725 1474 161 40 school
1918 1474 51 39 of
162 1475 1985 107 education,

305 1535 228 40 Harvard
561 1532 285 48 university,
872 1544 53 27 as
953 1544 25 27 a
1010 1532 153 39 thesis
1190 1532 49 38 in
1267 1530 180 48 partial
1474 1530 263 41 fulfilment
1765 1530 52 40 of
1844 1530 81 41 the
164 1530 1982 101 requirements

347 1592 77 39 for
455 1592 81 39 the
568 1592 170 44 degree
771 1589 51 39 of
853 1590 165 38 doctor
1051 1587 51 40 of
1134 1588 257 40 education
1424 1587 49 39 in
1508 1587 185 48 March,
1726 1586 351 43 1932.”—Pref.

239 1647 258 40 Published
538 1646 102 39 also
682 1647 152 38 under
878 1645 105 40 title:
1057 1644 247 40 Problems
1345 1643 49 39 in
1437 1644 82 40 the
1559 1644 259 40 education
1861 1644 51 39 of
1954 1643 209 47 visually

163 1704 332 46 handicapped
529 1702 230 39 children.

234 1758 67 38 “A
330 1760 207 40 selected
568 1758 265 40 annotated
864 1755 366 49 bibliography”:
1289 1765 45 38 p.
1364 1755 218 41 214-230.

170 1827 50 52 ©
261 1831 112 48 Apr.
412 1832 40 45 4,
493 1829 112 40 1933;
733 1862 8 7 2c.
780 1829 119 47 Aug.
940 1829 54 38 10;
1140 1860 7 8 aff.
1192 1829 127 46 Sept.
1360 1829 55 38 15;
1483 1830 42 37 A
1564 1828 147 41 63872;
1779 1828 256 41 President
2075 1831 93 38 and

235 1888 192 39 fellows
451 1888 53 40 of
528 1888 230 38 Harvard
785 1886 191 47 college,
1006 1885 302 47 Cambridge,
1336 1886 148 39 Mass.
1555 1886 280 48 (33-37226)

238 2004 294 54 Problems
560 2003 58 54 in
646 2004 96 52 the
770 2000 299 56 education
1096 2002 66 54 of
1189 2002 248 69 visually
1462 2002 404 70 handicapped
1894 2003 276 69 children,

171 2081 1998 70 by Ralph Vickers Merry … Cambridge, Harvard university
172 2178 173 51 press,
372 2165 151 51 1933.

241 2233 1934 50 xiii, [1] p., 1 l., 243 p. front., illus., plates, diagr. 22½ cm . (Half-title:
175 2290 1094 47 Harvard studies in education … v. 19)
241 2363 226 40 Lettered
496 2374 60 28 on
584 2373 140 29 cover:
783 2362 100 39 The
911 2361 261 41 education
1200 2361 51 41 of
1280 2362 213 48 visually
1521 2363 338 47 handicapped
1889 2362 231 40 children.

276 2419 259 39 "Presented
567 2418 258 47 originally
857 2423 46 35 to
933 2419 81 38 the
1043 2418 190 46 faculty
1263 2418 50 39 of
1343 2419 81 39 the
1456 2418 250 40 Graduate
1735 2419 162 39 school
1927 2419 53 39 of
177 2420 1980 103 education,

317 2476 230 39 Harvard
574 2475 285 48 university,
886 2486 54 29 as
967 2485 27 30 a
1023 2475 152 40 thesis
1202 2475 50 39 in
1280 2475 181 48 partial
1488 2475 264 41 fulfilment
1781 2475 51 41 of
1859 2477 82 39 the
177 2476 1982 97 requirements

362 2533 78 39 for
473 2534 81 38 the
587 2534 170 46 degree
790 2533 50 39 of
873 2535 165 37 doctor
1069 2533 54 39 of
1153 2532 259 40 education
1444 2533 48 39 in
1526 2534 182 46 March,
1742 2533 351 42 1932.”—Pref.

247 2589 68 41 “A
342 2590 207 41 selected
577 2591 266 40 annotated
869 2589 366 49 bibliography”:
1293 2602 43 37 p.
1365 2589 218 42 214-230.

250 2648 262 40 Published
539 2650 103 38 also
670 2649 152 39 under
851 2648 110 41 title:
1015 2650 106 38 The
1144 2649 259 40 education
1429 2650 240 47 problems
1698 2650 50 38 in
1776 2649 212 49 visually
177 2648 1989 104 handicapped
388 2705 231 40 children.

183 2770 1982 101 © Apr. 4, 1933; 2c. Aug. 10; aff. Sept. 15; A 63872; President and fellows
398 2832 52 39 of
477 2832 230 39 Harvard
735 2832 192 47 college,
959 2831 301 49 Cambridge,
1293 2834 145 38 Mass.
1510 2833 280 48 (33-21776)

183 2948 228 65 Mesny,
441 2950 178 55 René.

314 3027 1805 70 … T é l é vision et transmission des images, par René Mesny …
185 3107 64 49 97
278 3105 222 66 figures.
576 3106 183 65 Paris,
787 3107 67 52 A.
889 3107 185 65 Colin,
1107 3111 148 50 1933.

190 3176 1977 107 2 p. l., 216 p. illus., diagrs. 17½ cm . (Collection Armand Colin. (Section de physique) n° 162)
263 3303 419 50 ‘‘Bibliographie”:
746 3317 43 37 p.
825 3306 248 50 [211]-214.

193 3369 1998 58 © June 28, 1933; 1c. Oct. 24; A-Foreign 22543; Max Leclerc & eie.,
258 3431 152 39 Paris.
483 3433 279 49 (33-38201)

192 3548 247 64 Montet,
471 3539 276 65 Édouard
776 3552 198 63 Louis,
1005 3556 172 50 1856-

324 3625 1867 75 … Choix de proverbes, dictons, maximes et pensées de l'Islam.
196 3701 182 68 Paris,
414 3702 68 55 G.
514 3703 66 54 P.
613 3704 396 57 Maisonneuse
1091 3751 8 9 [i.
1138 3726 42 35 e.
1216 3708 424 71 Maisonneuve,
1671 3717 19 20 c
1695 3714 153 65 1933]

267 3773 741 54 3 p. l., [9]-205 p., 1 l. 19 cm .
262 3855 63 39 At
353 3856 124 39 head
506 3857 54 39 of
589 3857 108 40 title:
757 3848 230 51 Édouard
1017 3861 202 40 Montet.

273 3909 323 50 “Principaux
628 3924 235 39 ouvrages
895 3916 272 41 consultés”:
1227 3929 42 37 p.
1305 3918 246 50 [201]-202.

203 3976 1881 61 © Sept. 6, 1933; 1c. Nov. 6; A- Foreign 22615; G. P. Maisonneuve.
279 4038 279 51 (33-38699)
