2568 4328
1168 4041 66 56 17

179 415 251 67 Allport,
462 416 236 55 Gordon
726 412 264 67 Willard,
1024 415 170 54 1897-

251 493 233 58 Studies
517 494 60 53 in
612 493 323 70 expressive
966 496 339 63 movement,
1339 491 77 69 by
1450 490 240 57 Gordon
1721 490 92 56 W.
1848 489 240 70 Allport
2127 531 57 10 …

179 574 114 53 and
320 573 201 68 Philip
551 573 67 53 E.
647 574 234 53 Vernon
915 613 57 11 …
1006 571 141 53 with
1177 589 34 34 a
1237 570 240 68 chapter
1502 588 73 35 on
1602 568 306 68 Matching
1935 566 254 56 sketches

179 651 66 54 of
277 651 356 69 personality
665 650 142 53 with
841 650 197 68 script,
1069 648 78 68 by
1180 648 210 53 Edwin
1423 648 233 54 Powers
1696 689 57 11 …
1831 646 141 54 New
2008 645 182 66 York,

179 730 121 53 The
331 728 337 55 Macmillan
700 746 299 50 company,
1032 729 151 51 1933.

248 802 104 48 xiii,
380 802 88 41 269
492 813 44 38 p.
597 802 25 39 1
647 802 144 45 illus.,
819 801 157 41 tables
1003 800 48 49 (1
1077 799 121 41 fold,
1226 799 51 40 in
1303 798 200 49 pocket)
1529 797 178 49 diagrs.
1768 796 58 41 20½
1857 798 45 22 cm
1907 828 9 10 .

250 857 379 43 “References”:
659 869 43 38 p.
729 857 220 41 249-260.

590 914 73 49 CONTENTS.—pt.
688 920 52 33 A.
765 913 102 41 The
892 912 305 49 consistency
1225 912 52 41 of
1303 913 198 47 gesture
1527 911 95 40 and
1650 909 276 50 style.—pt.
1950 916 47 33 B.
177 910 1992 110 Handwriting
403 972 97 40 and
529 970 317 49 personality.

184 1025 52 52 ©
263 1030 110 39 Jan.
399 1030 39 46 3,
465 1028 142 47 1933;
635 1028 66 40 2c.
729 1030 95 38 and
851 1026 82 41 aff.
960 1027 108 40 Jan.
1094 1027 54 46 4;
1177 1026 42 39 A
1244 1025 170 47 57736;
1445 1024 285 41 Macmillan
1758 1033 66 32 co.
262 1085 251 49 (33-1427)

181 1156 318 55 American
539 1161 110 50 law
690 1162 240 64 reports,
970 1157 325 53 annotated.
1372 1154 239 55 Editors
1650 1155 59 53 in
1751 1154 173 70 chief,
1964 1154 223 68 George

251 1235 77 54 H.
356 1238 263 52 Parmele
646 1237 113 52 and
785 1239 78 51 M.
892 1235 165 55 Blair
1081 1235 233 63 Wailes,
1342 1234 328 69 consulting
1696 1234 203 68 editor,
1924 1233 264 56 William

251 1313 79 55 M.
357 1316 349 68 McKinney,
731 1315 315 69 managing
1069 1315 231 68 editors,
1327 1316 239 54 Charles
1591 1310 361 69 Porterfield,
1978 1310 212 55 Edwin

255 1393 205 68 Stacey
491 1394 205 69 Oakes,
726 1395 238 52 assisted
993 1395 73 68 by
1096 1394 97 52 the
1221 1393 422 69 exceptionally
1672 1391 371 69 experienced
252 1390 1906 136 editorial

470 1473 427 69 organizations
942 1473 63 52 of
1048 1473 96 53 the
1189 1472 341 69 publishers,
1605 1490 52 34 v.
1705 1475 82 49 81.
1861 1471 328 66 Rochester,

252 1552 70 54 N.
382 1554 90 68 Y.,
532 1553 121 55 The
711 1553 268 69 Lawyers
1038 1551 384 69 co-operative
1479 1550 339 70 publishing
1876 1568 311 51 company;

253 1631 343 68 Northport,
630 1633 62 51 L.
728 1633 68 66 I.,
830 1633 71 53 N.
937 1633 91 67 Y.,
1063 1632 257 53 Edward
1354 1632 332 67 Thompson
1723 1648 309 52 company:
2073 1630 115 55 San

254 1709 324 69 Francisco,
610 1710 194 68 Calif.,
832 1710 587 67 Bancroft-Whitney
1447 1729 300 50 company,
1777 1712 151 50 1932.

254 1784 100 48 viii,
385 1784 117 40 1622
530 1795 42 38 p.
632 1784 55 40 25½
720 1787 45 21 cm
770 1817 8 8 .

188 1838 52 52 ©
271 1842 112 40 Dec.
412 1842 69 47 16,
512 1840 142 49 1932;
686 1841 69 42 2c.
786 1842 112 40 Dec.
929 1841 83 47 20;
1047 1840 82 42 aff.
1162 1842 111 39 Jan.
1304 1841 69 47 11,
1406 1840 142 48 1933;
1582 1842 42 39 A
1655 1840 171 46 57871;
1861 1840 229 46 Lawyers
256 1851 1920 95 cooperative

540 1899 109 47 pub.
686 1907 80 39 co.,
803 1899 213 40 Edward
1051 1899 275 47 Thompson
1362 1909 68 30 co.
1466 1899 98 39 and
1601 1895 489 48 Bancroft-Whitney
2127 1908 67 30 co.

185 2015 313 66 Appleton,
530 2015 224 67 Victor,
783 2018 198 66 pseud.

255 2094 145 54 Tom
451 2093 177 57 Swift
676 2096 115 52 and
839 2094 90 54 his
977 2093 297 55 television
1323 2096 279 66 detector;
1655 2113 79 47 or,
1782 2093 268 70 Trailing
2097 2096 96 52 the

185 2178 176 48 secret
387 2173 258 67 plotters,
673 2173 76 68 by
775 2172 203 56 Victor
1004 2174 296 67 Appleton
1334 2217 57 10 …
1423 2173 326 54 illustrated
1776 2173 76 68 by
1881 2174 117 53 Nat
2027 2173 164 54 Falk.

186 2251 139 54 New
352 2252 181 66 York,
561 2250 234 56 Grosset
821 2255 45 51 &
892 2252 237 68 Dunlap
1203 2255 153 65 [c1933]

258 2323 1600 50 2 p. l., 217 p. front. 19½ cm . [His The Tom Swift series]
191 2378 52 52 ©
275 2383 108 39 Jan.
414 2382 68 41 10.
515 2381 141 49 1933;
688 2382 69 41 2c.
788 2383 96 39 and
915 2382 82 41 aff.
1030 2383 110 39 Jan.
1170 2382 83 48 12;
1286 2383 42 39 A
1357 2382 171 47 58796;
1564 2382 201 41 Grosset
1796 2383 36 40 &
1863 2383 209 46 Dunlap,
2104 2382 93 40 inc.

268 2439 253 49 (33-1253)

187 2518 334 67 Ashbrook,
551 2519 327 67 Harriette,
909 2526 171 50 1898-

257 2597 122 54 The
413 2597 232 54 murder
683 2597 64 54 of
786 2597 216 70 Sigurd
1041 2597 224 56 Sharon
1308 2598 91 69 [by]
1459 2599 79 53 H.
1575 2597 307 54 Ashbrook
1923 2642 56 11 …
2056 2599 138 54 New

188 2675 179 67 York,
398 2674 554 69 Coward-McCann,
980 2676 126 68 inc.,
1136 2678 153 51 1933.

260 2748 742 50 viii p., 1 l., 11-282 p. 19 cm .
261 2805 164 41 “First
450 2804 229 42 edition.”

193 2858 52 52 ©
278 2863 108 39 Jan.
419 2862 40 48 9,
491 2862 141 47 1933;
665 2862 67 40 2c.
765 2864 111 39 Jan.
908 2862 81 49 12;
1026 2861 81 42 aff.
1142 2864 110 41 Jan.
1286 2864 81 47 13;
1403 2865 42 39 A
1478 2864 172 48 57907;
1684 2866 62 39 H.
1779 2865 268 47 Ashbrook,
2081 2868 118 38 New

261 2919 145 40 York.
477 2919 251 48 (33-1360)

189 3000 321 65 Atherton,
540 3000 212 54 Lillian
783 3002 234 65 Hawes,
1049 3020 178 50 comp.

257 3078 136 55 Wee
430 3078 284 67 moderns,
752 3096 72 35 an
863 3079 315 68 anthology
1215 3079 65 52 of
1316 3098 157 35 verse
1511 3080 76 68 by
1625 3079 260 55 children
1943 3081 93 70 [by]

188 3082 1986 127 Lillian
352 3155 212 55 Hawes
607 3155 303 53 Atherton.
986 3157 140 52 New
1170 3156 179 69 York,
1393 3157 160 54 Priv.
1599 3158 197 69 print.,
1839 3159 122 55 The
2005 3160 194 55 Attlee

189 3251 158 49 press
386 3267 12 34 [
402 3240 19 21 c
427 3236 152 64 1932]

261 3306 57 41 64
346 3318 42 37 p.
449 3306 57 41 17½
538 3308 45 22 cm
587 3338 10 10 .

264 3363 102 48 “By
395 3363 221 40 children
647 3363 216 40 between
893 3364 82 39 the
1006 3374 114 37 ages
1151 3364 52 39 of
1234 3364 75 39 six
1340 3366 97 39 and
1470 3366 173 41 twelve
1673 3366 524 48 years.”—Foreword.

196 3415 52 53 ©
277 3421 111 40 Dec.
416 3420 70 48 21,
515 3419 141 48 1932;
685 3420 67 41 2c.
783 3421 110 39 Jan.
922 3421 39 47 5,
991 3420 141 49 1933;
1165 3420 81 41 aff.
1276 3423 111 40 Jan.
1416 3424 55 47 7;
1501 3423 44 40 A
1570 3424 172 49 58748;
1772 3425 50 40 L.
1853 3426 63 41 H.
1943 3425 257 51 Atherton,

265 3477 172 40 Mount
463 3477 205 47 Vernon,
698 3477 54 40 N.
782 3478 54 38 Y.
907 3477 250 48 (33-1347)

194 3557 307 67 Bainville,
529 3559 274 64 Jacques,
835 3560 172 55 1879-

263 3636 317 68 Napoleon,
602 3634 78 70 by
705 3636 245 69 Jacques
974 3637 320 69 Bainville;
1324 3640 321 56 translated
1674 3642 154 55 from
1853 3645 99 54 the
1978 3646 227 54 French

194 3714 75 68 by
310 3714 249 54 Hamish
601 3714 171 55 Miles
818 3757 58 12 …
954 3716 236 69 Boston,
1230 3716 198 71 Little,
1472 3720 232 70 Brown,
1745 3723 116 54 and
1903 3741 299 54 company,

197 3795 150 51 1933.

263 3865 1148 50 xiv p., 2 l., [3]-418 p. front., ports. 24cm.
200 3917 51 52 ©
283 3922 110 40 Jan.
424 3923 40 48 3,
497 3921 140 47 1933;
669 3921 67 42 2c.
770 3923 96 40 and
897 3922 83 41 aff.
1013 3924 111 39 Jan.
1156 3924 54 47 7;
1244 3924 43 40 A
1318 3925 173 49 58753;
1526 3927 162 49 Little,
1724 3929 193 49 Brown,
1953 3933 96 39 and
301 3942 1888 74 company.
504 3978 202 38 (33-1431)
