<alto xmlns="http://www.loc.gov/standards/alto/ns-v3#" xmlns:xsi="http://www.w3.org/2001/XMLSchema-instance" xsi:schemaLocation="http://www.loc.gov/standards/alto/ns-v3# http://www.loc.gov/alto/v3/alto-3-0.xsd"><Description>
<MeasurementUnit>pixel</MeasurementUnit>
<sourceImageInformation>
<fileName>1933_v1_Part1.pdf</fileName>
</sourceImageInformation>
<OCRProcessing ID="IdOcr">
<ocrProcessingStep>
<processingDateTime>2019-01-03</processingDateTime>
<processingSoftware>
<softwareCreator>ABBYY</softwareCreator>
<softwareName>ABBYY Recognition Server</softwareName>
<softwareVersion>4.0</softwareVersion>
</processingSoftware>
</ocrProcessingStep>
</OCRProcessing>
</Description>
<Styles>
<ParagraphStyle ALIGN="Left" FIRSTLINE="0." ID="StyleId-FFFFFFFF-FFFF-FFFF-FFFF-FFFFFFFFFFFF-" LEFT="0." RIGHT="0." />
<ParagraphStyle ALIGN="Left" FIRSTLINE="0." ID="StyleId-6EF5737A-DCEB-4126-A0CF-C5930BF7166A-" LEFT="0." LINESPACE="8.300000191" RIGHT="0." />
<ParagraphStyle ALIGN="Left" FIRSTLINE="0." ID="StyleId-2DE44258-FD0B-41E1-B542-087C989B01A3-" LEFT="0." LINESPACE="12.19999981" RIGHT="0." />
<ParagraphStyle ALIGN="Left" FIRSTLINE="-14." ID="StyleId-CE3D254A-29D7-4DD7-B5F1-E0FC0EF29B05-" LEFT="0." LINESPACE="8.619999886" RIGHT="0." />
<ParagraphStyle ALIGN="Left" FIRSTLINE="-14." ID="StyleId-C0E3A137-CE4F-4287-8A90-B599106709D0-" LEFT="0." LINESPACE="12.19999981" RIGHT="0." />
<ParagraphStyle ALIGN="Left" FIRSTLINE="-14." ID="StyleId-50F26F0C-05DA-4C19-BA58-7A6AC4499BEE-" LEFT="0." LINESPACE="11.06999969" RIGHT="0." />
<ParagraphStyle ALIGN="Center" FIRSTLINE="0." ID="StyleId-5DDE65AF-512C-41E2-9B8E-095D6D99EF68-" LEFT="0." LINESPACE="11.89999962" RIGHT="0." />
<ParagraphStyle ALIGN="Left" FIRSTLINE="0." ID="StyleId-0A81D7A5-6A62-4C52-915E-7768974C704D-" LEFT="0." LINESPACE="9.399999619" RIGHT="0." />
<ParagraphStyle ALIGN="Block" FIRSTLINE="-13." ID="StyleId-F7A0127F-6B48-4157-BB81-FE33E1E1A05B-" LEFT="0." LINESPACE="10.63000011" RIGHT="0." />
<ParagraphStyle ALIGN="Left" FIRSTLINE="0." ID="StyleId-E18C69F7-DBD7-48B1-805C-FCD96D0DA019-" LEFT="0." LINESPACE="11.64000034" RIGHT="0." />
<ParagraphStyle ALIGN="Left" FIRSTLINE="-14." ID="StyleId-98F15501-B611-4E83-8BB3-807E891F11F5-" LEFT="0." LINESPACE="12.19999981" RIGHT="0." />
<ParagraphStyle ALIGN="Left" FIRSTLINE="0." ID="StyleId-F4A78626-0BBC-4D12-94D9-A1AE75A9855F-" LEFT="0." LINESPACE="9.399999619" RIGHT="0." />
<ParagraphStyle ALIGN="Left" FIRSTLINE="0." ID="StyleId-6A3F6F4C-D21B-4ADE-902F-7683F18ECEF3-" LEFT="0." LINESPACE="11.10000038" RIGHT="0." />
</Styles>
<Layout>
<Page HEIGHT="4453" ID="Page972" PHYSICAL_IMG_NR="972" WIDTH="2582">
<TopMargin HEIGHT="442" HPOS="0" VPOS="0" WIDTH="2582">
</TopMargin>
<LeftMargin HEIGHT="3754" HPOS="0" VPOS="442" WIDTH="388">
</LeftMargin>
<RightMargin HEIGHT="3754" HPOS="2438" VPOS="442" WIDTH="144">
</RightMargin>
<BottomMargin HEIGHT="257" HPOS="0" VPOS="4196" WIDTH="2582">
</BottomMargin>
<PrintSpace HEIGHT="3754" HPOS="388" VPOS="442" WIDTH="2050">
<TextBlock HEIGHT="76" HPOS="1356" ID="Page972_Block1" LANG="en-US" STYLEREFS="StyleId-395DE337-B10B-4AFD-A430-3B21E872FB85-" VPOS="4120" WIDTH="120">
<TextLine HEIGHT="54" HPOS="1366" VPOS="4131" WIDTH="100">
<String CONTENT="972" HEIGHT="54" HPOS="1366" VPOS="4131" WIDTH="100" />
</TextLine>
</TextBlock>
<TextBlock CS="1" HEIGHT="3680" HPOS="388" ID="Page972_Block2" LANG="en-US" STYLEREFS="StyleId-7D71F01F-8F2C-451F-ADD7-1C8D0E473167-" VPOS="442" WIDTH="2050">
<TextLine HEIGHT="71" HPOS="402" VPOS="529" WIDTH="2017">
<String CONTENT="sketch" HEIGHT="54" HPOS="402" VPOS="533" WIDTH="196" />
<SP HEIGHT="52" HPOS="599" VPOS="533" WIDTH="43" />
<String CONTENT="of" HEIGHT="52" HPOS="643" VPOS="533" WIDTH="64" />
<SP HEIGHT="52" HPOS="708" VPOS="533" WIDTH="41" />
<String CONTENT="its" HEIGHT="53" HPOS="750" VPOS="533" WIDTH="75" />
<SP HEIGHT="52" HPOS="826" VPOS="534" WIDTH="42" />
<String CONTENT="donor," HEIGHT="66" HPOS="869" VPOS="534" WIDTH="198" />
<SP HEIGHT="62" HPOS="1068" VPOS="538" WIDTH="41" />
<String CONTENT="the" HEIGHT="51" HPOS="1110" VPOS="533" WIDTH="99" />
<SP HEIGHT="34" HPOS="1210" VPOS="550" WIDTH="39" />
<String CONTENT="minutes" HEIGHT="54" HPOS="1250" VPOS="531" WIDTH="248" />
<SP HEIGHT="35" HPOS="1499" VPOS="550" WIDTH="43" />
<String CONTENT="of" HEIGHT="53" HPOS="1543" VPOS="532" WIDTH="65" />
<SP HEIGHT="53" HPOS="1609" VPOS="532" WIDTH="41" />
<String CONTENT="the" HEIGHT="53" HPOS="1651" VPOS="532" WIDTH="99" />
<SP HEIGHT="49" HPOS="1751" VPOS="550" WIDTH="42" />
<String CONTENT="proceedings" HEIGHT="70" HPOS="1794" VPOS="530" WIDTH="375" />
<SP HEIGHT="35" HPOS="2170" VPOS="549" WIDTH="44" />
<String CONTENT="of" HEIGHT="55" HPOS="2215" VPOS="529" WIDTH="64" />
<SP HEIGHT="56" HPOS="2280" VPOS="529" WIDTH="40" />
<String CONTENT="the" HEIGHT="54" HPOS="2321" VPOS="531" WIDTH="98" />
</TextLine>
<TextLine CS="1" HEIGHT="69" HPOS="403" VPOS="609" WIDTH="1874">
<String CONTENT="Board" HEIGHT="53" HPOS="403" VPOS="611" WIDTH="196" />
<SP HEIGHT="53" HPOS="600" VPOS="611" WIDTH="44" />
<String CONTENT="of" HEIGHT="53" HPOS="645" VPOS="611" WIDTH="66" />
<SP HEIGHT="52" HPOS="712" VPOS="611" WIDTH="41" />
<String CONTENT="trustees" HEIGHT="48" HPOS="754" VPOS="616" WIDTH="242" />
<SP HEIGHT="55" HPOS="997" VPOS="609" WIDTH="45" />
<String CONTENT="from" HEIGHT="54" HPOS="1043" VPOS="609" WIDTH="155" />
<SP HEIGHT="50" HPOS="1199" VPOS="613" WIDTH="47" />
<String CONTENT="1908" HEIGHT="51" HPOS="1247" VPOS="612" WIDTH="134" />
<SP HEIGHT="50" HPOS="1382" VPOS="613" WIDTH="45" />
<String CONTENT="to" HEIGHT="47" HPOS="1428" VPOS="616" WIDTH="59" />
<SP HEIGHT="49" HPOS="1488" VPOS="614" WIDTH="49" />
<String CONTENT="1932," HEIGHT="66" HPOS="1538" VPOS="612" WIDTH="153" />
<SP HEIGHT="50" HPOS="1692" VPOS="628" WIDTH="44" />
<String CONTENT="and" HEIGHT="54" HPOS="1737" VPOS="609" WIDTH="114" />
<SP HEIGHT="54" HPOS="1852" VPOS="609" WIDTH="45" />
<String CONTENT="the" HEIGHT="53" HPOS="1898" VPOS="609" WIDTH="97" />
<SP HEIGHT="50" HPOS="1996" VPOS="628" WIDTH="45" />
<String CONTENT="policies" HEIGHT="69" HPOS="2042" VPOS="609" WIDTH="235" />
</TextLine>
<TextLine CS="1" HEIGHT="148" HPOS="404" VPOS="610" WIDTH="1990">
<String CONTENT="developed" HEIGHT="148" HPOS="404" VPOS="610" WIDTH="1990" />
<SP HEIGHT="52" HPOS="644" VPOS="690" WIDTH="40" />
<String CONTENT="under" HEIGHT="52" HPOS="685" VPOS="690" WIDTH="182" />
<SP HEIGHT="48" HPOS="868" VPOS="694" WIDTH="38" />
<String CONTENT="the" HEIGHT="53" HPOS="907" VPOS="689" WIDTH="97" />
<SP HEIGHT="52" HPOS="1005" VPOS="689" WIDTH="39" />
<String CONTENT="directions" HEIGHT="54" HPOS="1045" VPOS="687" WIDTH="309" />
<SP HEIGHT="33" HPOS="1355" VPOS="708" WIDTH="41" />
<String CONTENT="of" HEIGHT="53" HPOS="1397" VPOS="688" WIDTH="66" />
<SP HEIGHT="52" HPOS="1464" VPOS="688" WIDTH="37" />
<String CONTENT="the" HEIGHT="53" HPOS="1502" VPOS="688" WIDTH="96" />
<SP HEIGHT="52" HPOS="1599" VPOS="689" WIDTH="43" />
<String CONTENT="Board" HEIGHT="52" HPOS="1643" VPOS="689" WIDTH="196" />
<SP HEIGHT="52" HPOS="1840" VPOS="689" WIDTH="43" />
<String CONTENT="of" HEIGHT="53" HPOS="1884" VPOS="688" WIDTH="64" />
<SP HEIGHT="52" HPOS="1949" VPOS="688" WIDTH="41" />
<String CONTENT="trustees." HEIGHT="47" HPOS="1991" VPOS="694" WIDTH="255" />
</TextLine>
<TextLine CS="1" HEIGHT="147" HPOS="403" VPOS="689" WIDTH="2018">
<String CONTENT="By-Arthur" HEIGHT="131" HPOS="403" VPOS="689" WIDTH="2017" />
<SP HEIGHT="53" HPOS="630" VPOS="768" WIDTH="35" />
<String CONTENT="D." HEIGHT="53" HPOS="666" VPOS="768" WIDTH="71" />
<SP HEIGHT="55" HPOS="738" VPOS="767" WIDTH="36" />
<String CONTENT="Wright," HEIGHT="69" HPOS="775" VPOS="767" WIDTH="256" />
<SP HEIGHT="49" HPOS="1032" VPOS="786" WIDTH="36" />
<String CONTENT="president" HEIGHT="69" HPOS="1069" VPOS="766" WIDTH="297" />
<SP HEIGHT="47" HPOS="1367" VPOS="772" WIDTH="34" />
<String CONTENT="of" HEIGHT="54" HPOS="1402" VPOS="765" WIDTH="65" />
<SP HEIGHT="54" HPOS="1468" VPOS="765" WIDTH="37" />
<String CONTENT="the" HEIGHT="53" HPOS="1506" VPOS="766" WIDTH="99" />
<SP HEIGHT="52" HPOS="1606" VPOS="767" WIDTH="35" />
<String CONTENT="Board" HEIGHT="53" HPOS="1642" VPOS="767" WIDTH="196" />
<SP HEIGHT="52" HPOS="1839" VPOS="768" WIDTH="37" />
<String CONTENT="of" HEIGHT="53" HPOS="1877" VPOS="766" WIDTH="65" />
<SP HEIGHT="53" HPOS="1943" VPOS="766" WIDTH="36" />
<String CONTENT="trustees," HEIGHT="64" HPOS="1980" VPOS="771" WIDTH="258" />
<SP HEIGHT="49" HPOS="2239" VPOS="786" WIDTH="38" />
<String CONTENT="with" HEIGHT="53" HPOS="2278" VPOS="766" WIDTH="143" />
</TextLine>
<TextLine HEIGHT="70" HPOS="403" VPOS="844" WIDTH="2019">
<String CONTENT="the" HEIGHT="52" HPOS="403" VPOS="847" WIDTH="95" />
<SP HEIGHT="34" HPOS="499" VPOS="865" WIDTH="26" />
<String CONTENT="assistance" HEIGHT="53" HPOS="526" VPOS="847" WIDTH="307" />
<SP HEIGHT="35" HPOS="834" VPOS="864" WIDTH="26" />
<String CONTENT="of" HEIGHT="53" HPOS="861" VPOS="846" WIDTH="65" />
<SP HEIGHT="52" HPOS="927" VPOS="846" WIDTH="25" />
<String CONTENT="Edward" HEIGHT="53" HPOS="953" VPOS="846" WIDTH="256" />
<SP HEIGHT="53" HPOS="1210" VPOS="845" WIDTH="28" />
<String CONTENT="E." HEIGHT="53" HPOS="1239" VPOS="845" WIDTH="68" />
<SP HEIGHT="53" HPOS="1308" VPOS="845" WIDTH="26" />
<String CONTENT="Bedcay." HEIGHT="69" HPOS="1335" VPOS="845" WIDTH="249" />
<SP HEIGHT="55" HPOS="1585" VPOS="844" WIDTH="62" />
<String CONTENT="Washington," HEIGHT="69" HPOS="1648" VPOS="844" WIDTH="406" />
<SP HEIGHT="69" HPOS="2055" VPOS="844" WIDTH="27" />
<String CONTENT="D." HEIGHT="53" HPOS="2083" VPOS="844" WIDTH="72" />
<SP HEIGHT="55" HPOS="2156" VPOS="844" WIDTH="30" />
<String CONTENT="C.," HEIGHT="60" HPOS="2187" VPOS="844" WIDTH="82" />
<SP HEIGHT="59" HPOS="2270" VPOS="845" WIDTH="28" />
<String CONTENT="The" HEIGHT="54" HPOS="2299" VPOS="844" WIDTH="123" />
</TextLine>
<TextLine HEIGHT="70" HPOS="403" VPOS="923" WIDTH="1126">
<String CONTENT="Negro" HEIGHT="67" HPOS="403" VPOS="926" WIDTH="193" />
<SP HEIGHT="34" HPOS="597" VPOS="944" WIDTH="27" />
<String CONTENT="rural" HEIGHT="51" HPOS="625" VPOS="926" WIDTH="158" />
<SP HEIGHT="52" HPOS="784" VPOS="926" WIDTH="24" />
<String CONTENT="school" HEIGHT="53" HPOS="809" VPOS="925" WIDTH="192" />
<SP HEIGHT="53" HPOS="1002" VPOS="923" WIDTH="27" />
<String CONTENT="fund," HEIGHT="69" HPOS="1030" VPOS="923" WIDTH="167" />
<SP HEIGHT="69" HPOS="1198" VPOS="923" WIDTH="23" />
<String CONTENT="inc.," HEIGHT="69" HPOS="1222" VPOS="923" WIDTH="128" />
<SP HEIGHT="66" HPOS="1351" VPOS="926" WIDTH="26" />
<String CONTENT="1933." HEIGHT="51" HPOS="1378" VPOS="925" WIDTH="151" />
</TextLine>
<TextLine CS="1" HEIGHT="51" HPOS="474" VPOS="996" WIDTH="775">
<String CONTENT="xi," HEIGHT="45" HPOS="474" VPOS="999" WIDTH="64" />
<SP HEIGHT="45" HPOS="539" VPOS="999" WIDTH="28" />
<String CONTENT="177" HEIGHT="40" HPOS="568" VPOS="998" WIDTH="85" />
<SP HEIGHT="48" HPOS="654" VPOS="998" WIDTH="24" />
<String CONTENT="p." HEIGHT="38" HPOS="679" VPOS="1008" WIDTH="45" />
<SP HEIGHT="38" HPOS="725" VPOS="1008" WIDTH="57" />
<String CONTENT="pl.," CS="1" />
<SP HEIGHT="39" HPOS="863" VPOS="1008" WIDTH="26" />
<String CONTENT="ports." HEIGHT="46" HPOS="890" VPOS="1000" WIDTH="149" />
<SP HEIGHT="41" HPOS="1040" VPOS="996" WIDTH="60" />
<String CONTENT="22&#189;cm." CS="1" HEIGHT="41" HPOS="1101" VPOS="996" WIDTH="148" />
</TextLine>
<TextLine HEIGHT="51" HPOS="475" STYLEREFS="StyleId-EA36E5FD-9BF0-4E1A-BD2F-B7E2931AD065-" VPOS="1052" WIDTH="1946">
<String CONTENT="Each" HEIGHT="40" HPOS="475" VPOS="1055" WIDTH="131" />
<SP HEIGHT="38" HPOS="607" VPOS="1056" WIDTH="42" />
<String CONTENT="chapter" HEIGHT="46" HPOS="650" VPOS="1056" WIDTH="202" />
<SP HEIGHT="38" HPOS="853" VPOS="1064" WIDTH="37" />
<String CONTENT="preceded" HEIGHT="47" HPOS="891" VPOS="1055" WIDTH="236" />
<SP HEIGHT="39" HPOS="1128" VPOS="1055" WIDTH="38" />
<String CONTENT="by" HEIGHT="48" HPOS="1167" VPOS="1055" WIDTH="62" />
<SP HEIGHT="49" HPOS="1230" VPOS="1054" WIDTH="37" />
<String CONTENT="leaf" HEIGHT="40" HPOS="1268" VPOS="1053" WIDTH="103" />
<SP HEIGHT="39" HPOS="1372" VPOS="1053" WIDTH="37" />
<String CONTENT="with" HEIGHT="40" HPOS="1410" VPOS="1053" WIDTH="118" />
<SP HEIGHT="39" HPOS="1529" VPOS="1053" WIDTH="44" />
<String CONTENT="half-title" HEIGHT="41" HPOS="1574" VPOS="1052" WIDTH="237" />
<SP HEIGHT="29" HPOS="1812" VPOS="1064" WIDTH="39" />
<String CONTENT="not" HEIGHT="37" HPOS="1852" VPOS="1056" WIDTH="85" />
<SP HEIGHT="40" HPOS="1938" VPOS="1053" WIDTH="40" />
<String CONTENT="included" HEIGHT="40" HPOS="1979" VPOS="1053" WIDTH="224" />
<SP HEIGHT="41" HPOS="2204" VPOS="1052" WIDTH="41" />
<String CONTENT="in" HEIGHT="40" HPOS="2246" VPOS="1052" WIDTH="49" />
<SP HEIGHT="38" HPOS="2296" VPOS="1055" WIDTH="42" />
<String CONTENT="the" HEIGHT="41" HPOS="2339" VPOS="1052" WIDTH="82" />
</TextLine>
<TextLine HEIGHT="49" HPOS="401" STYLEREFS="StyleId-EA36E5FD-9BF0-4E1A-BD2F-B7E2931AD065-" VPOS="1112" WIDTH="603">
<String CONTENT="pagination" HEIGHT="48" HPOS="401" VPOS="1112" WIDTH="289" />
<SP HEIGHT="48" HPOS="691" VPOS="1113" WIDTH="41" />
<String CONTENT="(7" HEIGHT="48" HPOS="733" VPOS="1113" WIDTH="50" />
<SP HEIGHT="40" HPOS="784" VPOS="1112" WIDTH="30" />
<String CONTENT="leaves)" HEIGHT="48" HPOS="815" VPOS="1112" WIDTH="189" />
</TextLine>
<TextLine CS="1" HEIGHT="53" HPOS="409" STYLEREFS="StyleId-EA36E5FD-9BF0-4E1A-BD2F-B7E2931AD065-" VPOS="1166" WIDTH="2015">
<String CONTENT="&#169;" HEIGHT="53" HPOS="409" VPOS="1166" WIDTH="52" />
<SP HEIGHT="53" HPOS="462" VPOS="1166" WIDTH="37" />
<String CONTENT="June" HEIGHT="39" HPOS="500" VPOS="1172" WIDTH="128" />
<SP HEIGHT="38" HPOS="629" VPOS="1172" WIDTH="33" />
<String CONTENT="16," HEIGHT="47" HPOS="663" VPOS="1171" WIDTH="69" />
<SP HEIGHT="47" HPOS="733" VPOS="1171" WIDTH="37" />
<String CONTENT="1933;" CS="1" HEIGHT="40" HPOS="771" VPOS="1170" WIDTH="114" />
<SP HEIGHT="47" HPOS="913" VPOS="1170" WIDTH="37" />
<String CONTENT="2c." HEIGHT="40" HPOS="951" VPOS="1170" WIDTH="69" />
<SP HEIGHT="29" HPOS="1021" VPOS="1181" WIDTH="36" />
<String CONTENT="and" HEIGHT="39" HPOS="1058" VPOS="1170" WIDTH="94" />
<SP HEIGHT="39" HPOS="1153" VPOS="1170" WIDTH="37" />
<String CONTENT="aff." HEIGHT="43" HPOS="1191" VPOS="1168" WIDTH="82" />
<SP HEIGHT="41" HPOS="1274" VPOS="1170" WIDTH="36" />
<String CONTENT="June" HEIGHT="39" HPOS="1311" VPOS="1170" WIDTH="130" />
<SP HEIGHT="40" HPOS="1442" VPOS="1169" WIDTH="32" />
<String CONTENT="21;" HEIGHT="47" HPOS="1475" VPOS="1169" WIDTH="83" />
<SP HEIGHT="47" HPOS="1559" VPOS="1169" WIDTH="39" />
<String CONTENT="A" HEIGHT="39" HPOS="1599" VPOS="1169" WIDTH="40" />
<SP HEIGHT="40" HPOS="1640" VPOS="1168" WIDTH="36" />
<String CONTENT="63325;" HEIGHT="47" HPOS="1677" VPOS="1168" WIDTH="171" />
<SP HEIGHT="45" HPOS="1849" VPOS="1170" WIDTH="39" />
<String CONTENT="Negro" HEIGHT="46" HPOS="1889" VPOS="1170" WIDTH="159" />
<SP HEIGHT="28" HPOS="2049" VPOS="1180" WIDTH="35" />
<String CONTENT="rural" HEIGHT="38" HPOS="2085" VPOS="1170" WIDTH="136" />
<SP HEIGHT="38" HPOS="2222" VPOS="1170" WIDTH="38" />
<String CONTENT="school" HEIGHT="41" HPOS="2261" VPOS="1167" WIDTH="163" />
</TextLine>
<TextLine HEIGHT="52" HPOS="476" STYLEREFS="StyleId-EA36E5FD-9BF0-4E1A-BD2F-B7E2931AD065-" VPOS="1226" WIDTH="614">
<String CONTENT="fund," HEIGHT="46" HPOS="476" VPOS="1229" WIDTH="138" />
<SP HEIGHT="47" HPOS="615" VPOS="1228" WIDTH="27" />
<String CONTENT="inc." HEIGHT="42" HPOS="643" VPOS="1228" WIDTH="91" />
<SP HEIGHT="50" HPOS="735" VPOS="1228" WIDTH="71" />
<String CONTENT="(33-17093)" HEIGHT="52" HPOS="807" VPOS="1226" WIDTH="283" />
</TextLine>
<TextLine HEIGHT="70" HPOS="400" STYLEREFS="StyleId-0A684057-5FF2-4D8A-B143-E738E98449C7-" VPOS="1302" WIDTH="1293">
<String CONTENT="New" HEIGHT="53" HPOS="400" VPOS="1305" WIDTH="147" />
<SP HEIGHT="53" HPOS="548" VPOS="1305" WIDTH="28" />
<String CONTENT="York" HEIGHT="53" HPOS="577" VPOS="1305" WIDTH="163" />
<SP HEIGHT="66" HPOS="741" VPOS="1306" WIDTH="39" />
<String CONTENT="(State)" HEIGHT="68" HPOS="781" VPOS="1304" WIDTH="221" />
<SP HEIGHT="70" HPOS="1003" VPOS="1302" WIDTH="84" />
<String CONTENT="Laws," HEIGHT="69" HPOS="1088" VPOS="1302" WIDTH="183" />
<SP HEIGHT="48" HPOS="1272" VPOS="1323" WIDTH="28" />
<String CONTENT="statutes," HEIGHT="63" HPOS="1301" VPOS="1309" WIDTH="260" />
<SP HEIGHT="50" HPOS="1562" VPOS="1322" WIDTH="30" />
<String CONTENT="etc." HEIGHT="48" HPOS="1593" VPOS="1309" WIDTH="100" />
</TextLine>
<TextLine CS="1" HEIGHT="70" HPOS="535" VPOS="1381" WIDTH="1731">
<String CONTENT="&#8230;" CS="1" />
<SP HEIGHT="54" HPOS="535" VPOS="1384" WIDTH="31" />
<String CONTENT="Gilbert-Bliss" HEIGHT="55" HPOS="567" VPOS="1383" WIDTH="411" />
<SP HEIGHT="35" HPOS="979" VPOS="1402" WIDTH="25" />
<String CONTENT="civil" HEIGHT="53" HPOS="1005" VPOS="1382" WIDTH="136" />
<SP HEIGHT="67" HPOS="1142" VPOS="1384" WIDTH="25" />
<String CONTENT="practice" HEIGHT="69" HPOS="1168" VPOS="1382" WIDTH="251" />
<SP HEIGHT="34" HPOS="1420" VPOS="1402" WIDTH="23" />
<String CONTENT="of" HEIGHT="55" HPOS="1444" VPOS="1381" WIDTH="64" />
<SP HEIGHT="54" HPOS="1509" VPOS="1381" WIDTH="24" />
<String CONTENT="the" HEIGHT="51" HPOS="1534" VPOS="1384" WIDTH="95" />
<SP HEIGHT="35" HPOS="1630" VPOS="1401" WIDTH="24" />
<String CONTENT="state" HEIGHT="48" HPOS="1655" VPOS="1388" WIDTH="146" />
<SP HEIGHT="33" HPOS="1802" VPOS="1401" WIDTH="25" />
<String CONTENT="of" HEIGHT="51" HPOS="1828" VPOS="1383" WIDTH="62" />
<SP HEIGHT="53" HPOS="1891" VPOS="1383" WIDTH="26" />
<String CONTENT="New" HEIGHT="53" HPOS="1918" VPOS="1383" WIDTH="140" />
<SP HEIGHT="53" HPOS="2059" VPOS="1382" WIDTH="25" />
<String CONTENT="York," HEIGHT="58" HPOS="2085" VPOS="1382" WIDTH="181" />
</TextLine>
<TextLine CS="1" HEIGHT="131" HPOS="404" VPOS="1400" WIDTH="2017">
<String CONTENT="containing" HEIGHT="131" HPOS="404" VPOS="1400" WIDTH="1991" />
<SP HEIGHT="63" HPOS="633" VPOS="1468" WIDTH="35" />
<String CONTENT="the" HEIGHT="50" HPOS="669" VPOS="1465" WIDTH="98" />
<SP HEIGHT="55" HPOS="768" VPOS="1463" WIDTH="37" />
<String CONTENT="Civil" HEIGHT="56" HPOS="806" VPOS="1462" WIDTH="155" />
<SP HEIGHT="66" HPOS="962" VPOS="1465" WIDTH="36" />
<String CONTENT="practice" HEIGHT="70" HPOS="999" VPOS="1461" WIDTH="253" />
<SP HEIGHT="34" HPOS="1253" VPOS="1481" WIDTH="39" />
<String CONTENT="act," HEIGHT="61" HPOS="1293" VPOS="1467" WIDTH="105" />
<SP HEIGHT="60" HPOS="1399" VPOS="1468" WIDTH="37" />
<String CONTENT="the" HEIGHT="52" HPOS="1437" VPOS="1463" WIDTH="97" />
<SP HEIGHT="55" HPOS="1535" VPOS="1462" WIDTH="40" />
<String CONTENT="Surrogate&#8217;s" HEIGHT="70" HPOS="1576" VPOS="1460" WIDTH="359" />
<SP HEIGHT="34" HPOS="1936" VPOS="1481" WIDTH="39" />
<String CONTENT="court" HEIGHT="47" HPOS="1976" VPOS="1468" WIDTH="163" />
<SP HEIGHT="46" HPOS="2140" VPOS="1468" WIDTH="38" />
<String CONTENT="act," HEIGHT="63" HPOS="2179" VPOS="1467" WIDTH="106" />
<SP HEIGHT="62" HPOS="2286" VPOS="1468" WIDTH="38" />
<String CONTENT="the" HEIGHT="53" HPOS="2325" VPOS="1461" WIDTH="96" />
</TextLine>
<TextLine HEIGHT="69" HPOS="402" VPOS="1541" WIDTH="2019">
<String CONTENT="Justice" HEIGHT="54" HPOS="402" VPOS="1543" WIDTH="222" />
<SP HEIGHT="35" HPOS="625" VPOS="1561" WIDTH="34" />
<String CONTENT="court" HEIGHT="47" HPOS="660" VPOS="1549" WIDTH="163" />
<SP HEIGHT="46" HPOS="824" VPOS="1549" WIDTH="35" />
<String CONTENT="act" HEIGHT="46" HPOS="860" VPOS="1548" WIDTH="90" />
<SP HEIGHT="46" HPOS="951" VPOS="1548" WIDTH="33" />
<String CONTENT="and" HEIGHT="51" HPOS="985" VPOS="1543" WIDTH="113" />
<SP HEIGHT="52" HPOS="1099" VPOS="1543" WIDTH="37" />
<String CONTENT="all" HEIGHT="52" HPOS="1137" VPOS="1543" WIDTH="77" />
<SP HEIGHT="51" HPOS="1215" VPOS="1543" WIDTH="35" />
<String CONTENT="other" HEIGHT="52" HPOS="1251" VPOS="1542" WIDTH="162" />
<SP HEIGHT="49" HPOS="1414" VPOS="1561" WIDTH="34" />
<String CONTENT="practice" HEIGHT="69" HPOS="1449" VPOS="1541" WIDTH="251" />
<SP HEIGHT="34" HPOS="1701" VPOS="1560" WIDTH="35" />
<String CONTENT="acts" HEIGHT="50" HPOS="1737" VPOS="1546" WIDTH="118" />
<SP HEIGHT="36" HPOS="1856" VPOS="1560" WIDTH="35" />
<String CONTENT="and" HEIGHT="52" HPOS="1892" VPOS="1542" WIDTH="112" />
<SP HEIGHT="52" HPOS="2005" VPOS="1542" WIDTH="35" />
<String CONTENT="the" HEIGHT="52" HPOS="2041" VPOS="1542" WIDTH="95" />
<SP HEIGHT="34" HPOS="2137" VPOS="1560" WIDTH="35" />
<String CONTENT="rules" HEIGHT="52" HPOS="2173" VPOS="1543" WIDTH="149" />
<SP HEIGHT="34" HPOS="2323" VPOS="1561" WIDTH="34" />
<String CONTENT="of" HEIGHT="52" HPOS="2358" VPOS="1541" WIDTH="63" />
</TextLine>
<TextLine HEIGHT="70" HPOS="403" VPOS="1620" WIDTH="2021">
<String CONTENT="civil" HEIGHT="53" HPOS="403" VPOS="1621" WIDTH="135" />
<SP HEIGHT="66" HPOS="539" VPOS="1624" WIDTH="34" />
<String CONTENT="practice" HEIGHT="69" HPOS="574" VPOS="1621" WIDTH="250" />
<SP HEIGHT="34" HPOS="825" VPOS="1640" WIDTH="37" />
<String CONTENT="and" HEIGHT="53" HPOS="863" VPOS="1621" WIDTH="114" />
<SP HEIGHT="53" HPOS="978" VPOS="1621" WIDTH="35" />
<String CONTENT="other" HEIGHT="53" HPOS="1014" VPOS="1622" WIDTH="164" />
<SP HEIGHT="33" HPOS="1179" VPOS="1642" WIDTH="35" />
<String CONTENT="court" HEIGHT="47" HPOS="1215" VPOS="1628" WIDTH="163" />
<SP HEIGHT="46" HPOS="1379" VPOS="1628" WIDTH="35" />
<String CONTENT="rules," HEIGHT="56" HPOS="1415" VPOS="1623" WIDTH="169" />
<SP HEIGHT="39" HPOS="1585" VPOS="1640" WIDTH="35" />
<String CONTENT="with" HEIGHT="53" HPOS="1621" VPOS="1621" WIDTH="142" />
<SP HEIGHT="52" HPOS="1764" VPOS="1622" WIDTH="37" />
<String CONTENT="amendments" HEIGHT="53" HPOS="1802" VPOS="1621" WIDTH="392" />
<SP HEIGHT="46" HPOS="2195" VPOS="1627" WIDTH="33" />
<String CONTENT="to" HEIGHT="46" HPOS="2229" VPOS="1627" WIDTH="59" />
<SP HEIGHT="46" HPOS="2289" VPOS="1627" WIDTH="34" />
<String CONTENT="the" HEIGHT="53" HPOS="2324" VPOS="1620" WIDTH="100" />
</TextLine>
<TextLine HEIGHT="71" HPOS="404" VPOS="1699" WIDTH="2017">
<String CONTENT="close" HEIGHT="52" HPOS="404" VPOS="1702" WIDTH="146" />
<SP HEIGHT="34" HPOS="551" VPOS="1720" WIDTH="39" />
<String CONTENT="of" HEIGHT="52" HPOS="591" VPOS="1701" WIDTH="64" />
<SP HEIGHT="53" HPOS="656" VPOS="1701" WIDTH="41" />
<String CONTENT="the" HEIGHT="52" HPOS="698" VPOS="1702" WIDTH="95" />
<SP HEIGHT="52" HPOS="794" VPOS="1702" WIDTH="40" />
<String CONTENT="Legislature" HEIGHT="70" HPOS="835" VPOS="1700" WIDTH="362" />
<SP HEIGHT="34" HPOS="1198" VPOS="1719" WIDTH="40" />
<String CONTENT="of" HEIGHT="52" HPOS="1239" VPOS="1701" WIDTH="63" />
<SP HEIGHT="51" HPOS="1303" VPOS="1701" WIDTH="42" />
<String CONTENT="1933." HEIGHT="49" HPOS="1346" VPOS="1703" WIDTH="150" />
<SP HEIGHT="52" HPOS="1497" VPOS="1700" WIDTH="77" />
<String CONTENT="Annotated," HEIGHT="67" HPOS="1575" VPOS="1700" WIDTH="355" />
<SP HEIGHT="47" HPOS="1931" VPOS="1720" WIDTH="41" />
<String CONTENT="with" HEIGHT="54" HPOS="1973" VPOS="1699" WIDTH="140" />
<SP HEIGHT="50" HPOS="2114" VPOS="1702" WIDTH="41" />
<String CONTENT="notes" HEIGHT="46" HPOS="2156" VPOS="1707" WIDTH="160" />
<SP HEIGHT="34" HPOS="2317" VPOS="1719" WIDTH="40" />
<String CONTENT="of" HEIGHT="51" HPOS="2358" VPOS="1701" WIDTH="63" />
</TextLine>
<TextLine CS="1" HEIGHT="70" HPOS="403" VPOS="1779" WIDTH="1633">
<String CONTENT="judicial" HEIGHT="69" HPOS="403" VPOS="1780" WIDTH="243" />
<SP HEIGHT="52" HPOS="647" VPOS="1781" WIDTH="26" />
<String CONTENT="decisions" HEIGHT="54" HPOS="674" VPOS="1779" WIDTH="279" />
<SP HEIGHT="47" HPOS="954" VPOS="1786" WIDTH="26" />
<String CONTENT="to" HEIGHT="47" HPOS="981" VPOS="1786" WIDTH="59" />
<SP HEIGHT="52" HPOS="1041" VPOS="1783" WIDTH="25" />
<String CONTENT="June" HEIGHT="52" HPOS="1067" VPOS="1783" WIDTH="153" />
<SP HEIGHT="48" HPOS="1221" VPOS="1786" WIDTH="28" />
<String CONTENT="1," HEIGHT="62" HPOS="1250" VPOS="1786" WIDTH="46" />
<SP HEIGHT="64" HPOS="1297" VPOS="1784" WIDTH="30" />
<String CONTENT="1926," HEIGHT="62" HPOS="1328" VPOS="1783" WIDTH="151" />
<SP HEIGHT="65" HPOS="1480" VPOS="1780" WIDTH="27" />
<String CONTENT="derivation" HEIGHT="54" HPOS="1508" VPOS="1779" WIDTH="325" />
<SP HEIGHT="33" HPOS="1834" VPOS="1799" WIDTH="24" />
<String CONTENT="notes," HEIGHT="61" HPOS="1859" VPOS="1785" WIDTH="177" />
</TextLine>
<TextLine CS="1" HEIGHT="149" HPOS="403" VPOS="1780" WIDTH="2019">
<String CONTENT="cross" HEIGHT="36" HPOS="2065" VPOS="1799" WIDTH="148" />
<SP HEIGHT="33" HPOS="2214" VPOS="1799" WIDTH="29" />
<String CONTENT="references," HEIGHT="149" HPOS="403" VPOS="1780" WIDTH="1995" />
<SP HEIGHT="51" HPOS="581" VPOS="1878" WIDTH="40" />
<String CONTENT="etc." HEIGHT="48" HPOS="622" VPOS="1866" WIDTH="102" />
<SP HEIGHT="54" HPOS="725" VPOS="1860" WIDTH="77" />
<String CONTENT="Edited" HEIGHT="53" HPOS="803" VPOS="1859" WIDTH="216" />
<SP HEIGHT="52" HPOS="1020" VPOS="1860" WIDTH="39" />
<String CONTENT="by" HEIGHT="68" HPOS="1060" VPOS="1860" WIDTH="75" />
<SP HEIGHT="68" HPOS="1136" VPOS="1860" WIDTH="41" />
<String CONTENT="Joseph" HEIGHT="68" HPOS="1178" VPOS="1860" WIDTH="218" />
<SP HEIGHT="52" HPOS="1397" VPOS="1861" WIDTH="42" />
<String CONTENT="B." HEIGHT="52" HPOS="1440" VPOS="1861" WIDTH="67" />
<SP HEIGHT="53" HPOS="1508" VPOS="1860" WIDTH="45" />
<String CONTENT="Clevenger" HEIGHT="68" HPOS="1554" VPOS="1860" WIDTH="314" />
<SP HEIGHT="32" HPOS="1869" VPOS="1879" WIDTH="48" />
<String CONTENT="&#8230;" CS="1" />
<SP HEIGHT="51" HPOS="1975" VPOS="1861" WIDTH="82" />
<String CONTENT="New" HEIGHT="51" HPOS="2058" VPOS="1861" WIDTH="139" />
<SP HEIGHT="51" HPOS="2198" VPOS="1862" WIDTH="44" />
<String CONTENT="York," HEIGHT="67" HPOS="2243" VPOS="1861" WIDTH="179" />
</TextLine>
<TextLine CS="1" HEIGHT="70" HPOS="405" VPOS="1938" WIDTH="1739">
<String CONTENT="Baker," HEIGHT="66" HPOS="405" VPOS="1940" WIDTH="207" />
<SP HEIGHT="67" HPOS="613" VPOS="1939" WIDTH="21" />
<String CONTENT="Voorhis" HEIGHT="54" HPOS="635" VPOS="1938" WIDTH="248" />
<SP HEIGHT="50" HPOS="884" VPOS="1943" WIDTH="21" />
<String CONTENT="&amp;" HEIGHT="50" HPOS="906" VPOS="1943" WIDTH="46" />
<SP HEIGHT="51" HPOS="953" VPOS="1943" WIDTH="20" />
<String CONTENT="company;" HEIGHT="51" HPOS="974" VPOS="1957" WIDTH="310" />
<SP HEIGHT="64" HPOS="1285" VPOS="1940" WIDTH="25" />
<String CONTENT="Northport," HEIGHT="67" HPOS="1311" VPOS="1940" WIDTH="345" />
<SP HEIGHT="65" HPOS="1657" VPOS="1941" WIDTH="20" />
<String CONTENT="N." HEIGHT="52" HPOS="1678" LANG="fi" VPOS="1941" WIDTH="70" />
<SP HEIGHT="52" HPOS="1749" VPOS="1941" WIDTH="24" />
<String CONTENT="Y.," HEIGHT="57" HPOS="1774" VPOS="1941" WIDTH="91" />
<SP HEIGHT="57" HPOS="1866" VPOS="1941" WIDTH="23" />
<String CONTENT="Edward" HEIGHT="53" HPOS="1890" VPOS="1939" WIDTH="254" />
</TextLine>
<TextLine CS="1" HEIGHT="149" HPOS="403" VPOS="1939" WIDTH="1993">
<String CONTENT="Thompson" HEIGHT="133" HPOS="403" VPOS="1939" WIDTH="1993" />
<SP HEIGHT="34" HPOS="506" VPOS="2038" WIDTH="22" />
<String CONTENT="company;" HEIGHT="52" HPOS="529" VPOS="2036" WIDTH="311" />
<SP HEIGHT="65" HPOS="841" VPOS="2019" WIDTH="27" />
<String CONTENT="New" HEIGHT="53" HPOS="869" VPOS="2019" WIDTH="140" />
<SP HEIGHT="51" HPOS="1010" VPOS="2021" WIDTH="26" />
<String CONTENT="York" HEIGHT="53" HPOS="1037" VPOS="2019" WIDTH="164" />
<SP HEIGHT="51" HPOS="1202" VPOS="2019" WIDTH="24" />
<String CONTENT="and" HEIGHT="52" HPOS="1227" VPOS="2018" WIDTH="113" />
<SP HEIGHT="53" HPOS="1341" VPOS="2018" WIDTH="23" />
<String CONTENT="Albany," HEIGHT="70" HPOS="1365" VPOS="2018" WIDTH="252" />
<SP HEIGHT="56" HPOS="1618" VPOS="2021" WIDTH="24" />
<String CONTENT="Matthew" HEIGHT="53" HPOS="1643" VPOS="2020" WIDTH="281" />
<SP HEIGHT="52" HPOS="1925" VPOS="2021" WIDTH="27" />
<String CONTENT="Bender" HEIGHT="53" HPOS="1953" VPOS="2019" WIDTH="227" />
</TextLine>
<TextLine CS="1" HEIGHT="144" HPOS="402" VPOS="2023" WIDTH="1992">
<String CONTENT="&amp;" HEIGHT="49" HPOS="2206" VPOS="2023" WIDTH="44" />
<SP HEIGHT="51" HPOS="2251" VPOS="2023" WIDTH="24" />
<String CONTENT="company," HEIGHT="129" HPOS="402" VPOS="2038" WIDTH="1992" />
<SP HEIGHT="69" HPOS="575" VPOS="2098" WIDTH="34" />
<String CONTENT="incorporated," HEIGHT="69" HPOS="610" VPOS="2098" WIDTH="421" />
<SP HEIGHT="63" HPOS="1032" VPOS="2103" WIDTH="38" />
<String CONTENT="1933." HEIGHT="51" HPOS="1071" VPOS="2102" WIDTH="152" />
</TextLine>
<TextLine CS="1" HEIGHT="50" HPOS="477" STYLEREFS="StyleId-EA36E5FD-9BF0-4E1A-BD2F-B7E2931AD065-" VPOS="2172" WIDTH="544">
<String CONTENT="3" HEIGHT="39" HPOS="477" VPOS="2175" WIDTH="26" />
<SP />
<String CONTENT="p." HEIGHT="37" HPOS="535" VPOS="2185" WIDTH="42" />
<SP />
<String CONTENT="l.," CS="1" />
<SP HEIGHT="45" HPOS="654" VPOS="2175" WIDTH="30" />
<String CONTENT="131" HEIGHT="39" HPOS="685" VPOS="2174" WIDTH="83" />
<SP HEIGHT="47" HPOS="769" VPOS="2174" WIDTH="31" />
<String CONTENT="p." HEIGHT="38" HPOS="801" VPOS="2183" WIDTH="44" />
<SP HEIGHT="40" HPOS="846" VPOS="2173" WIDTH="57" />
<String CONTENT="26cm." HEIGHT="41" HPOS="904" VPOS="2172" WIDTH="117" />
</TextLine>
<TextLine HEIGHT="48" HPOS="479" STYLEREFS="StyleId-EA36E5FD-9BF0-4E1A-BD2F-B7E2931AD065-" VPOS="2230" WIDTH="1316">
<String CONTENT="At" HEIGHT="39" HPOS="479" VPOS="2232" WIDTH="65" />
<SP HEIGHT="39" HPOS="545" VPOS="2232" WIDTH="24" />
<String CONTENT="head" HEIGHT="39" HPOS="570" VPOS="2231" WIDTH="124" />
<SP HEIGHT="39" HPOS="695" VPOS="2231" WIDTH="27" />
<String CONTENT="of" HEIGHT="40" HPOS="723" VPOS="2230" WIDTH="51" />
<SP HEIGHT="40" HPOS="775" VPOS="2230" WIDTH="25" />
<String CONTENT="title:" HEIGHT="40" HPOS="801" VPOS="2230" WIDTH="136" />
<SP HEIGHT="40" HPOS="938" VPOS="2230" WIDTH="27" />
<String CONTENT="Volume" HEIGHT="40" HPOS="966" VPOS="2230" WIDTH="207" />
<SP HEIGHT="40" HPOS="1174" VPOS="2230" WIDTH="22" />
<String CONTENT="15." HEIGHT="39" HPOS="1197" VPOS="2230" WIDTH="70" />
<SP HEIGHT="39" HPOS="1268" VPOS="2230" WIDTH="56" />
<String CONTENT="Recompiled" HEIGHT="48" HPOS="1325" VPOS="2230" WIDTH="313" />
<SP HEIGHT="40" HPOS="1639" VPOS="2230" WIDTH="25" />
<String CONTENT="1933." HEIGHT="41" HPOS="1665" VPOS="2230" WIDTH="130" />
</TextLine>
<TextLine HEIGHT="52" HPOS="411" STYLEREFS="StyleId-EA36E5FD-9BF0-4E1A-BD2F-B7E2931AD065-" VPOS="2284" WIDTH="2014">
<String CONTENT="&#169;" HEIGHT="52" HPOS="411" VPOS="2284" WIDTH="51" />
<SP HEIGHT="52" HPOS="463" VPOS="2284" WIDTH="29" />
<String CONTENT="July" HEIGHT="46" HPOS="493" VPOS="2289" WIDTH="117" />
<SP HEIGHT="47" HPOS="611" VPOS="2288" WIDTH="25" />
<String CONTENT="28," HEIGHT="47" HPOS="637" VPOS="2287" WIDTH="69" />
<SP HEIGHT="46" HPOS="707" VPOS="2288" WIDTH="29" />
<String CONTENT="1933;" HEIGHT="47" HPOS="737" VPOS="2286" WIDTH="141" />
<SP HEIGHT="46" HPOS="879" VPOS="2287" WIDTH="30" />
<String CONTENT="2c." HEIGHT="40" HPOS="910" VPOS="2287" WIDTH="67" />
<SP HEIGHT="29" HPOS="978" VPOS="2298" WIDTH="29" />
<String CONTENT="and" HEIGHT="39" HPOS="1008" VPOS="2288" WIDTH="97" />
<SP HEIGHT="39" HPOS="1106" VPOS="2288" WIDTH="28" />
<String CONTENT="aff." HEIGHT="41" HPOS="1135" VPOS="2286" WIDTH="81" />
<SP HEIGHT="39" HPOS="1217" VPOS="2288" WIDTH="31" />
<String CONTENT="July" HEIGHT="46" HPOS="1249" VPOS="2288" WIDTH="116" />
<SP HEIGHT="46" HPOS="1366" VPOS="2288" WIDTH="28" />
<String CONTENT="29;" HEIGHT="42" HPOS="1395" VPOS="2287" WIDTH="82" />
<SP HEIGHT="41" HPOS="1478" VPOS="2288" WIDTH="32" />
<String CONTENT="A" HEIGHT="38" HPOS="1511" LANG="fr" VPOS="2288" WIDTH="40" />
<SP HEIGHT="43" HPOS="1559" VPOS="2289" WIDTH="21" />
<String CONTENT="63758;" HEIGHT="46" HPOS="1581" VPOS="2288" WIDTH="171" />
<SP HEIGHT="46" HPOS="1753" VPOS="2288" WIDTH="33" />
<String CONTENT="Matthew" HEIGHT="39" HPOS="1787" VPOS="2288" WIDTH="239" />
<SP HEIGHT="38" HPOS="2027" VPOS="2289" WIDTH="28" />
<String CONTENT="Bender" HEIGHT="39" HPOS="2056" VPOS="2288" WIDTH="190" />
<SP HEIGHT="40" HPOS="2247" VPOS="2288" WIDTH="29" />
<String CONTENT="&amp;" HEIGHT="40" HPOS="2277" VPOS="2288" WIDTH="36" />
<SP HEIGHT="40" HPOS="2314" VPOS="2288" WIDTH="27" />
<String CONTENT="co.," HEIGHT="36" HPOS="2342" VPOS="2298" WIDTH="83" />
</TextLine>
<TextLine HEIGHT="49" HPOS="479" STYLEREFS="StyleId-EA36E5FD-9BF0-4E1A-BD2F-B7E2931AD065-" VPOS="2344" WIDTH="823">
<String CONTENT="inc.," HEIGHT="48" HPOS="479" VPOS="2345" WIDTH="105" />
<SP HEIGHT="47" HPOS="585" VPOS="2346" WIDTH="27" />
<String CONTENT="Baker" HEIGHT="39" HPOS="613" VPOS="2346" WIDTH="162" />
<SP HEIGHT="39" HPOS="776" VPOS="2345" WIDTH="26" />
<String CONTENT="Voorhis" HEIGHT="41" HPOS="803" VPOS="2344" WIDTH="209" />
<SP HEIGHT="41" HPOS="1013" VPOS="2344" WIDTH="26" />
<String CONTENT="&amp;" HEIGHT="40" HPOS="1040" VPOS="2344" WIDTH="37" />
<SP HEIGHT="41" HPOS="1078" VPOS="2344" WIDTH="23" />
<String CONTENT="co.," HEIGHT="37" HPOS="1102" VPOS="2356" WIDTH="82" />
<SP HEIGHT="49" HPOS="1185" VPOS="2344" WIDTH="28" />
<String CONTENT="inc." HEIGHT="40" HPOS="1214" VPOS="2344" WIDTH="88" />
</TextLine>
<TextLine HEIGHT="60" HPOS="403" STYLEREFS="StyleId-B05B2193-3626-44B4-85C1-EC41168B8B76-" VPOS="2420" WIDTH="1066">
<String CONTENT="New" HEIGHT="54" HPOS="403" VPOS="2420" WIDTH="146" />
<SP HEIGHT="53" HPOS="550" VPOS="2421" WIDTH="24" />
<String CONTENT="York" HEIGHT="52" HPOS="575" VPOS="2421" WIDTH="162" />
<SP HEIGHT="53" HPOS="738" VPOS="2421" WIDTH="26" />
<String CONTENT="school" HEIGHT="55" HPOS="765" VPOS="2420" WIDTH="199" />
<SP HEIGHT="52" HPOS="965" VPOS="2422" WIDTH="24" />
<String CONTENT="of" HEIGHT="54" HPOS="990" VPOS="2420" WIDTH="65" />
<SP HEIGHT="54" HPOS="1056" VPOS="2420" WIDTH="24" />
<String CONTENT="social" HEIGHT="55" HPOS="1081" VPOS="2420" WIDTH="182" />
<SP HEIGHT="57" HPOS="1264" VPOS="2420" WIDTH="19" />
<String CONTENT="work." HEIGHT="60" HPOS="1284" VPOS="2420" WIDTH="185" />
</TextLine>
<TextLine HEIGHT="71" HPOS="480" VPOS="2496" WIDTH="1944">
<String CONTENT="Social" HEIGHT="56" HPOS="480" VPOS="2497" WIDTH="191" />
<SP HEIGHT="52" HPOS="672" VPOS="2498" WIDTH="36" />
<String CONTENT="case" HEIGHT="35" HPOS="709" VPOS="2516" WIDTH="123" />
<SP HEIGHT="34" HPOS="833" VPOS="2516" WIDTH="38" />
<String CONTENT="work;" HEIGHT="68" HPOS="872" VPOS="2497" WIDTH="187" />
<SP HEIGHT="49" HPOS="1060" VPOS="2516" WIDTH="40" />
<String CONTENT="an" HEIGHT="34" HPOS="1101" VPOS="2517" WIDTH="72" />
<SP HEIGHT="33" HPOS="1174" VPOS="2517" WIDTH="38" />
<String CONTENT="outline" HEIGHT="53" HPOS="1213" VPOS="2497" WIDTH="217" />
<SP HEIGHT="52" HPOS="1431" VPOS="2498" WIDTH="39" />
<String CONTENT="for" HEIGHT="53" HPOS="1471" VPOS="2498" WIDTH="95" />
<SP HEIGHT="46" HPOS="1567" VPOS="2505" WIDTH="38" />
<String CONTENT="teaching," HEIGHT="69" HPOS="1606" VPOS="2498" WIDTH="285" />
<SP HEIGHT="49" HPOS="1892" VPOS="2517" WIDTH="37" />
<String CONTENT="with" HEIGHT="55" HPOS="1930" VPOS="2496" WIDTH="142" />
<SP HEIGHT="53" HPOS="2073" VPOS="2498" WIDTH="39" />
<String CONTENT="annotated" HEIGHT="54" HPOS="2113" VPOS="2498" WIDTH="311" />
</TextLine>
<TextLine HEIGHT="70" HPOS="407" VPOS="2576" WIDTH="2019">
<String CONTENT="case" HEIGHT="34" HPOS="407" VPOS="2595" WIDTH="124" />
<SP HEIGHT="34" HPOS="532" VPOS="2595" WIDTH="30" />
<String CONTENT="records" HEIGHT="53" HPOS="563" VPOS="2576" WIDTH="227" />
<SP HEIGHT="35" HPOS="791" VPOS="2594" WIDTH="31" />
<String CONTENT="and" HEIGHT="53" HPOS="823" VPOS="2576" WIDTH="112" />
<SP HEIGHT="54" HPOS="936" VPOS="2576" WIDTH="32" />
<String CONTENT="sample" HEIGHT="68" HPOS="969" VPOS="2576" WIDTH="219" />
<SP HEIGHT="35" HPOS="1189" VPOS="2594" WIDTH="29" />
<String CONTENT="course" HEIGHT="36" HPOS="1219" VPOS="2594" WIDTH="194" />
<SP HEIGHT="34" HPOS="1414" VPOS="2596" WIDTH="31" />
<String CONTENT="syllabi," HEIGHT="69" HPOS="1446" VPOS="2576" WIDTH="225" />
<SP HEIGHT="68" HPOS="1672" VPOS="2576" WIDTH="31" />
<String CONTENT="by" HEIGHT="70" HPOS="1704" VPOS="2576" WIDTH="77" />
<SP HEIGHT="51" HPOS="1782" VPOS="2595" WIDTH="30" />
<String CONTENT="a" HEIGHT="34" HPOS="1813" VPOS="2595" WIDTH="31" />
<SP HEIGHT="35" HPOS="1845" VPOS="2595" WIDTH="32" />
<String CONTENT="committee" HEIGHT="55" HPOS="1878" VPOS="2576" WIDTH="321" />
<SP HEIGHT="35" HPOS="2200" VPOS="2596" WIDTH="31" />
<String CONTENT="of" HEIGHT="55" HPOS="2232" VPOS="2576" WIDTH="64" />
<SP HEIGHT="55" HPOS="2297" VPOS="2576" WIDTH="30" />
<String CONTENT="the" HEIGHT="53" HPOS="2328" VPOS="2578" WIDTH="98" />
</TextLine>
<TextLine HEIGHT="71" HPOS="409" VPOS="2653" WIDTH="2017">
<String CONTENT="New" HEIGHT="51" HPOS="409" VPOS="2656" WIDTH="138" />
<SP HEIGHT="52" HPOS="548" VPOS="2655" WIDTH="36" />
<String CONTENT="York" HEIGHT="52" HPOS="585" VPOS="2655" WIDTH="164" />
<SP HEIGHT="52" HPOS="750" VPOS="2656" WIDTH="32" />
<String CONTENT="school" HEIGHT="54" HPOS="783" VPOS="2654" WIDTH="191" />
<SP HEIGHT="52" HPOS="975" VPOS="2656" WIDTH="35" />
<String CONTENT="of" HEIGHT="55" HPOS="1011" VPOS="2653" WIDTH="65" />
<SP HEIGHT="54" HPOS="1077" VPOS="2653" WIDTH="33" />
<String CONTENT="social" HEIGHT="53" HPOS="1111" VPOS="2654" WIDTH="174" />
<SP HEIGHT="51" HPOS="1286" VPOS="2655" WIDTH="34" />
<String CONTENT="work," HEIGHT="68" HPOS="1321" VPOS="2654" WIDTH="176" />
<SP HEIGHT="48" HPOS="1498" VPOS="2674" WIDTH="38" />
<String CONTENT="edited" HEIGHT="53" HPOS="1537" VPOS="2655" WIDTH="190" />
<SP HEIGHT="53" HPOS="1728" VPOS="2655" WIDTH="36" />
<String CONTENT="by" HEIGHT="69" HPOS="1765" VPOS="2655" WIDTH="77" />
<SP HEIGHT="68" HPOS="1843" VPOS="2656" WIDTH="33" />
<String CONTENT="Mary" HEIGHT="68" HPOS="1877" VPOS="2656" WIDTH="172" />
<SP HEIGHT="69" HPOS="2050" VPOS="2655" WIDTH="35" />
<String CONTENT="Antoinette" HEIGHT="54" HPOS="2086" VPOS="2655" WIDTH="340" />
</TextLine>
<TextLine HEIGHT="69" HPOS="410" VPOS="2732" WIDTH="2015">
<String CONTENT="Cannon" HEIGHT="55" HPOS="410" VPOS="2732" WIDTH="241" />
<SP HEIGHT="34" HPOS="652" VPOS="2751" WIDTH="46" />
<String CONTENT="and" HEIGHT="52" HPOS="699" VPOS="2734" WIDTH="112" />
<SP HEIGHT="52" HPOS="812" VPOS="2734" WIDTH="46" />
<String CONTENT="Philip" HEIGHT="69" HPOS="859" VPOS="2732" WIDTH="203" />
<SP HEIGHT="68" HPOS="1063" VPOS="2733" WIDTH="44" />
<String CONTENT="Klein." HEIGHT="53" HPOS="1108" VPOS="2733" WIDTH="193" />
<SP HEIGHT="53" HPOS="1302" VPOS="2733" WIDTH="84" />
<String CONTENT="New" HEIGHT="53" HPOS="1387" VPOS="2733" WIDTH="140" />
<SP HEIGHT="53" HPOS="1528" VPOS="2733" WIDTH="47" />
<String CONTENT="York," HEIGHT="67" HPOS="1576" VPOS="2733" WIDTH="182" />
<SP HEIGHT="66" HPOS="1759" VPOS="2734" WIDTH="45" />
<String CONTENT="Pub." HEIGHT="53" HPOS="1805" VPOS="2734" WIDTH="144" />
<SP HEIGHT="53" HPOS="1950" VPOS="2734" WIDTH="48" />
<String CONTENT="for" HEIGHT="54" HPOS="1999" VPOS="2734" WIDTH="94" />
<SP HEIGHT="47" HPOS="2094" VPOS="2740" WIDTH="46" />
<String CONTENT="the" HEIGHT="53" HPOS="2141" VPOS="2735" WIDTH="96" />
<SP HEIGHT="54" HPOS="2238" VPOS="2734" WIDTH="46" />
<String CONTENT="New" HEIGHT="53" HPOS="2285" VPOS="2734" WIDTH="140" />
</TextLine>
<TextLine HEIGHT="72" HPOS="411" VPOS="2810" WIDTH="2015">
<String CONTENT="York" HEIGHT="53" HPOS="411" VPOS="2812" WIDTH="163" />
<SP HEIGHT="52" HPOS="575" VPOS="2813" WIDTH="42" />
<String CONTENT="school" HEIGHT="53" HPOS="618" VPOS="2812" WIDTH="192" />
<SP HEIGHT="53" HPOS="811" VPOS="2812" WIDTH="44" />
<String CONTENT="of" HEIGHT="54" HPOS="856" VPOS="2811" WIDTH="66" />
<SP HEIGHT="54" HPOS="923" VPOS="2811" WIDTH="40" />
<String CONTENT="social" HEIGHT="54" HPOS="964" VPOS="2811" WIDTH="175" />
<SP HEIGHT="52" HPOS="1140" VPOS="2812" WIDTH="45" />
<String CONTENT="work," HEIGHT="70" HPOS="1186" VPOS="2811" WIDTH="176" />
<SP HEIGHT="69" HPOS="1363" VPOS="2812" WIDTH="44" />
<String CONTENT="by" HEIGHT="68" HPOS="1408" VPOS="2812" WIDTH="77" />
<SP HEIGHT="69" HPOS="1486" VPOS="2811" WIDTH="45" />
<String CONTENT="Columbia" HEIGHT="56" HPOS="1532" VPOS="2810" WIDTH="302" />
<SP HEIGHT="34" HPOS="1835" VPOS="2831" WIDTH="47" />
<String CONTENT="university" HEIGHT="71" HPOS="1883" VPOS="2811" WIDTH="320" />
<SP HEIGHT="50" HPOS="2204" VPOS="2832" WIDTH="45" />
<String CONTENT="press," HEIGHT="50" HPOS="2250" VPOS="2832" WIDTH="176" />
</TextLine>
<TextLine HEIGHT="52" HPOS="410" VPOS="2893" WIDTH="151">
<String CONTENT="1933." HEIGHT="52" HPOS="410" VPOS="2893" WIDTH="151" />
</TextLine>
<TextLine CS="1" HEIGHT="52" HPOS="482" STYLEREFS="StyleId-EA36E5FD-9BF0-4E1A-BD2F-B7E2931AD065-" VPOS="2963" WIDTH="788">
<String CONTENT="vii" HEIGHT="40" HPOS="482" VPOS="2964" WIDTH="66" />
<SP HEIGHT="47" HPOS="549" VPOS="2965" WIDTH="24" />
<String CONTENT="p.," HEIGHT="40" HPOS="574" VPOS="2975" WIDTH="58" />
<SP HEIGHT="50" HPOS="633" VPOS="2965" WIDTH="25" />
<String CONTENT="2" HEIGHT="39" HPOS="659" VPOS="2965" WIDTH="26" />
<SP />
<String CONTENT="l.," CS="1" />
<SP HEIGHT="43" HPOS="757" VPOS="2963" WIDTH="25" />
<String CONTENT="626" HEIGHT="41" HPOS="783" VPOS="2963" WIDTH="87" />
<SP HEIGHT="49" HPOS="871" VPOS="2963" WIDTH="23" />
<String CONTENT="p.," HEIGHT="37" HPOS="895" VPOS="2975" WIDTH="58" />
<SP HEIGHT="45" HPOS="954" VPOS="2963" WIDTH="25" />
<String CONTENT="2" HEIGHT="40" HPOS="980" VPOS="2963" WIDTH="27" />
<SP HEIGHT="40" HPOS="1008" VPOS="2963" WIDTH="24" />
<String CONTENT="l." CS="1" HEIGHT="9" HPOS="1053" VPOS="2996" WIDTH="9" />
<SP />
<String CONTENT="22&#189;cm." CS="1" HEIGHT="42" HPOS="1122" VPOS="2963" WIDTH="148" />
</TextLine>
<TextLine CS="1" HEIGHT="53" HPOS="414" STYLEREFS="StyleId-EA36E5FD-9BF0-4E1A-BD2F-B7E2931AD065-" VPOS="3019" WIDTH="2012">
<String CONTENT="&#169;" HEIGHT="53" HPOS="414" VPOS="3019" WIDTH="52" />
<SP HEIGHT="53" HPOS="467" VPOS="3019" WIDTH="30" />
<String CONTENT="June" HEIGHT="39" HPOS="498" VPOS="3024" WIDTH="128" />
<SP HEIGHT="40" HPOS="627" VPOS="3023" WIDTH="28" />
<String CONTENT="20," HEIGHT="47" HPOS="656" VPOS="3023" WIDTH="69" />
<SP HEIGHT="47" HPOS="726" VPOS="3023" WIDTH="30" />
<String CONTENT="1933;" CS="1" HEIGHT="41" HPOS="757" VPOS="3023" WIDTH="114" />
<SP HEIGHT="45" HPOS="899" VPOS="3024" WIDTH="31" />
<String CONTENT="2c." HEIGHT="40" HPOS="931" VPOS="3024" WIDTH="67" />
<SP HEIGHT="29" HPOS="999" VPOS="3034" WIDTH="31" />
<String CONTENT="and" HEIGHT="40" HPOS="1031" VPOS="3023" WIDTH="96" />
<SP HEIGHT="40" HPOS="1128" VPOS="3023" WIDTH="28" />
<String CONTENT="aff." HEIGHT="40" HPOS="1157" VPOS="3023" WIDTH="82" />
<SP HEIGHT="39" HPOS="1240" VPOS="3024" WIDTH="32" />
<String CONTENT="June" HEIGHT="39" HPOS="1273" VPOS="3024" WIDTH="127" />
<SP HEIGHT="39" HPOS="1401" VPOS="3023" WIDTH="28" />
<String CONTENT="22:" HEIGHT="42" HPOS="1430" VPOS="3023" WIDTH="83" />
<SP HEIGHT="41" HPOS="1514" VPOS="3024" WIDTH="33" />
<String CONTENT="A" HEIGHT="38" HPOS="1548" VPOS="3024" WIDTH="41" />
<SP HEIGHT="40" HPOS="1590" VPOS="3023" WIDTH="30" />
<String CONTENT="64098;" HEIGHT="47" HPOS="1621" VPOS="3023" WIDTH="171" />
<SP HEIGHT="46" HPOS="1793" VPOS="3024" WIDTH="34" />
<String CONTENT="Columbia" HEIGHT="42" HPOS="1828" VPOS="3024" WIDTH="253" />
<SP HEIGHT="30" HPOS="2082" VPOS="3035" WIDTH="31" />
<String CONTENT="univ." HEIGHT="42" HPOS="2114" VPOS="3024" WIDTH="130" />
<SP HEIGHT="37" HPOS="2245" VPOS="3035" WIDTH="29" />
<String CONTENT="press." HEIGHT="39" HPOS="2275" VPOS="3033" WIDTH="151" />
</TextLine>
<TextLine HEIGHT="49" HPOS="493" STYLEREFS="StyleId-EA36E5FD-9BF0-4E1A-BD2F-B7E2931AD065-" VPOS="3080" WIDTH="282">
<String CONTENT="(33-17102)" HEIGHT="49" HPOS="493" VPOS="3080" WIDTH="282" />
</TextLine>
<TextLine HEIGHT="68" HPOS="407" STYLEREFS="StyleId-B05B2193-3626-44B4-85C1-EC41168B8B76-" VPOS="3154" WIDTH="1035">
<String CONTENT="Orchard," HEIGHT="68" HPOS="407" VPOS="3154" WIDTH="286" />
<SP HEIGHT="64" HPOS="694" VPOS="3158" WIDTH="27" />
<String CONTENT="William" HEIGHT="56" HPOS="722" VPOS="3155" WIDTH="257" />
<SP HEIGHT="52" HPOS="980" VPOS="3157" WIDTH="29" />
<String CONTENT="Edwin," HEIGHT="66" HPOS="1010" VPOS="3155" WIDTH="228" />
<SP HEIGHT="58" HPOS="1239" VPOS="3163" WIDTH="32" />
<String CONTENT="1877-" HEIGHT="56" HPOS="1272" VPOS="3157" WIDTH="170" />
</TextLine>
<TextLine CS="1" HEIGHT="139" HPOS="415" VPOS="3235" WIDTH="1988">
<String CONTENT="From" HEIGHT="52" HPOS="484" VPOS="3236" WIDTH="173" />
<SP HEIGHT="51" HPOS="658" VPOS="3236" WIDTH="31" />
<String CONTENT="faith" HEIGHT="52" HPOS="690" VPOS="3235" WIDTH="147" />
<SP HEIGHT="52" HPOS="838" VPOS="3235" WIDTH="32" />
<String CONTENT="to" HEIGHT="48" HPOS="871" VPOS="3240" WIDTH="60" />
<SP HEIGHT="53" HPOS="932" VPOS="3235" WIDTH="26" />
<String CONTENT="faith;" HEIGHT="65" HPOS="959" VPOS="3235" WIDTH="182" />
<SP HEIGHT="46" HPOS="1142" VPOS="3254" WIDTH="31" />
<String CONTENT="an" HEIGHT="35" HPOS="1174" VPOS="3254" WIDTH="72" />
<SP HEIGHT="33" HPOS="1247" VPOS="3254" WIDTH="28" />
<String CONTENT="autobiography" HEIGHT="68" HPOS="1276" VPOS="3235" WIDTH="464" />
<SP HEIGHT="49" HPOS="1741" VPOS="3254" WIDTH="28" />
<String CONTENT="of" HEIGHT="53" HPOS="1770" VPOS="3236" WIDTH="65" />
<SP HEIGHT="52" HPOS="1836" VPOS="3236" WIDTH="27" />
<String CONTENT="religious" HEIGHT="66" HPOS="1864" VPOS="3237" WIDTH="272" />
<SP HEIGHT="52" HPOS="2137" VPOS="3237" WIDTH="27" />
<String CONTENT="development," HEIGHT="137" HPOS="415" VPOS="3237" WIDTH="1988" />
</TextLine>
<TextLine CS="1" HEIGHT="71" HPOS="607" VPOS="3311" WIDTH="1815">
<String CONTENT="by" HEIGHT="66" HPOS="607" VPOS="3313" WIDTH="76" />
<SP HEIGHT="65" HPOS="684" VPOS="3314" WIDTH="20" />
<String CONTENT="W." HEIGHT="52" HPOS="705" VPOS="3314" WIDTH="89" />
<SP HEIGHT="51" HPOS="795" VPOS="3313" WIDTH="27" />
<String CONTENT="E." HEIGHT="50" HPOS="823" VPOS="3313" WIDTH="66" />
<SP HEIGHT="56" HPOS="890" VPOS="3311" WIDTH="26" />
<String CONTENT="Orchard." HEIGHT="56" HPOS="917" VPOS="3311" WIDTH="280" />
<SP HEIGHT="51" HPOS="1198" VPOS="3313" WIDTH="59" />
<String CONTENT="London" HEIGHT="53" HPOS="1258" VPOS="3313" WIDTH="240" />
<SP HEIGHT="50" HPOS="1499" VPOS="3315" WIDTH="26" />
<String CONTENT="&amp;" HEIGHT="50" HPOS="1526" VPOS="3315" WIDTH="46" />
<SP HEIGHT="51" HPOS="1573" VPOS="3314" WIDTH="22" />
<String CONTENT="New" HEIGHT="52" HPOS="1596" VPOS="3314" WIDTH="139" />
<SP HEIGHT="51" HPOS="1736" VPOS="3315" WIDTH="25" />
<String CONTENT="York," HEIGHT="64" HPOS="1762" VPOS="3314" WIDTH="180" />
<SP HEIGHT="63" HPOS="1943" VPOS="3315" WIDTH="23" />
<String CONTENT="Putnam" HEIGHT="52" HPOS="1967" VPOS="3315" WIDTH="251" />
<SP HEIGHT="48" HPOS="2219" VPOS="3334" WIDTH="31" />
<String CONTENT="[1933]" CS="1" HEIGHT="65" HPOS="2272" VPOS="3317" WIDTH="150" />
</TextLine>
<TextLine CS="1" HEIGHT="64" HPOS="480" STYLEREFS="StyleId-EA36E5FD-9BF0-4E1A-BD2F-B7E2931AD065-" VPOS="3371" WIDTH="532">
<String CONTENT="4" HEIGHT="39" HPOS="480" VPOS="3387" WIDTH="28" />
<SP />
<String CONTENT="p." HEIGHT="37" HPOS="536" VPOS="3397" WIDTH="42" />
<SP HEIGHT="38" HPOS="579" VPOS="3388" WIDTH="27" />
<String CONTENT="l.," CS="1" HEIGHT="14" HPOS="629" VPOS="3418" WIDTH="22" />
<SP HEIGHT="56" HPOS="657" VPOS="3371" WIDTH="21" />
<String CONTENT="310" HEIGHT="41" HPOS="679" VPOS="3386" WIDTH="90" />
<SP HEIGHT="49" HPOS="770" VPOS="3386" WIDTH="24" />
<String CONTENT="p." HEIGHT="38" HPOS="795" VPOS="3397" WIDTH="42" />
<SP HEIGHT="39" HPOS="838" VPOS="3386" WIDTH="56" />
<String CONTENT="22cm." HEIGHT="42" HPOS="895" VPOS="3386" WIDTH="117" />
</TextLine>
<TextLine CS="1" HEIGHT="67" HPOS="417" STYLEREFS="StyleId-EA36E5FD-9BF0-4E1A-BD2F-B7E2931AD065-" VPOS="3426" WIDTH="2009">
<String CONTENT="&#169;" HEIGHT="52" HPOS="417" VPOS="3439" WIDTH="51" />
<SP />
<String CONTENT="1c." CS="1" />
<SP />
<String CONTENT="May" HEIGHT="46" HPOS="607" VPOS="3444" WIDTH="116" />
<SP HEIGHT="47" HPOS="724" VPOS="3443" WIDTH="31" />
<String CONTENT="9," HEIGHT="46" HPOS="756" VPOS="3443" WIDTH="39" />
<SP HEIGHT="45" HPOS="796" VPOS="3444" WIDTH="36" />
<String CONTENT="1933;" HEIGHT="42" HPOS="833" VPOS="3443" WIDTH="140" />
<SP HEIGHT="41" HPOS="974" VPOS="3444" WIDTH="38" />
<String CONTENT="A" HEIGHT="38" HPOS="1013" VPOS="3444" WIDTH="40" />
<SP HEIGHT="39" HPOS="1054" VPOS="3444" WIDTH="34" />
<String CONTENT="ad" HEIGHT="39" HPOS="1089" VPOS="3444" WIDTH="61" />
<SP HEIGHT="39" HPOS="1151" VPOS="3444" WIDTH="35" />
<String CONTENT="int." CS="1" HEIGHT="39" HPOS="1187" VPOS="3444" WIDTH="86" />
<SP HEIGHT="38" HPOS="1274" VPOS="3445" WIDTH="36" />
<String CONTENT="17779:" HEIGHT="42" HPOS="1311" VPOS="3443" WIDTH="170" />
<SP HEIGHT="37" HPOS="1482" VPOS="3455" WIDTH="38" />
<String CONTENT="pub" HEIGHT="48" HPOS="1521" VPOS="3444" WIDTH="95" />
<SP HEIGHT="57" HPOS="1667" VPOS="3426" WIDTH="35" />
<String CONTENT="Mar." HEIGHT="39" HPOS="1703" VPOS="3446" WIDTH="121" />
<SP HEIGHT="39" HPOS="1825" VPOS="3446" WIDTH="36" />
<String CONTENT="13;" CS="1" HEIGHT="40" HPOS="1862" VPOS="3445" WIDTH="54" />
<SP HEIGHT="46" HPOS="1945" VPOS="3445" WIDTH="37" />
<String CONTENT="Harper" HEIGHT="48" HPOS="1983" VPOS="3445" WIDTH="195" />
<SP HEIGHT="39" HPOS="2179" VPOS="3445" WIDTH="34" />
<String CONTENT="&amp;" HEIGHT="39" HPOS="2214" VPOS="3445" WIDTH="39" />
<SP HEIGHT="40" HPOS="2254" VPOS="3445" WIDTH="31" />
<String CONTENT="bros.," HEIGHT="47" HPOS="2286" VPOS="3446" WIDTH="140" />
</TextLine>
<TextLine HEIGHT="48" HPOS="483" STYLEREFS="StyleId-EA36E5FD-9BF0-4E1A-BD2F-B7E2931AD065-" VPOS="3501" WIDTH="647">
<String CONTENT="New" HEIGHT="39" HPOS="483" VPOS="3501" WIDTH="120" />
<SP HEIGHT="39" HPOS="604" VPOS="3501" WIDTH="26" />
<String CONTENT="York." HEIGHT="40" HPOS="631" VPOS="3501" WIDTH="145" />
<SP HEIGHT="48" HPOS="777" VPOS="3501" WIDTH="71" />
<String CONTENT="(33-17373)" HEIGHT="48" HPOS="849" VPOS="3501" WIDTH="281" />
</TextLine>
<TextLine HEIGHT="71" HPOS="409" STYLEREFS="StyleId-B05B2193-3626-44B4-85C1-EC41168B8B76-" VPOS="3560" WIDTH="863">
<String CONTENT="Pacific" HEIGHT="56" HPOS="409" VPOS="3560" WIDTH="213" />
<SP HEIGHT="36" HPOS="623" VPOS="3580" WIDTH="27" />
<String CONTENT="reporter" HEIGHT="60" HPOS="651" VPOS="3566" WIDTH="272" />
<SP HEIGHT="63" HPOS="924" VPOS="3564" WIDTH="84" />
<String CONTENT="(2d" HEIGHT="64" HPOS="1009" VPOS="3563" WIDTH="101" />
<SP HEIGHT="52" HPOS="1111" VPOS="3563" WIDTH="27" />
<String CONTENT="ser.)" HEIGHT="69" HPOS="1139" VPOS="3562" WIDTH="133" />
</TextLine>
<TextLine HEIGHT="70" HPOS="481" VPOS="3639" WIDTH="1942">
<String CONTENT="Temporary" HEIGHT="67" HPOS="481" VPOS="3640" WIDTH="356" />
<SP HEIGHT="64" HPOS="838" VPOS="3643" WIDTH="43" />
<String CONTENT="Pacific" HEIGHT="56" HPOS="882" VPOS="3639" WIDTH="214" />
<SP HEIGHT="53" HPOS="1097" VPOS="3642" WIDTH="42" />
<String CONTENT="digest," HEIGHT="68" HPOS="1140" VPOS="3641" WIDTH="204" />
<SP HEIGHT="39" HPOS="1345" VPOS="3661" WIDTH="43" />
<String CONTENT="covering" HEIGHT="66" HPOS="1389" VPOS="3643" WIDTH="269" />
<SP HEIGHT="50" HPOS="1659" VPOS="3659" WIDTH="40" />
<String CONTENT="volumes" HEIGHT="51" HPOS="1700" VPOS="3644" WIDTH="252" />
<SP HEIGHT="48" HPOS="1953" VPOS="3647" WIDTH="45" />
<String CONTENT="16-20" HEIGHT="50" HPOS="1999" VPOS="3646" WIDTH="170" />
<SP HEIGHT="50" HPOS="2170" VPOS="3646" WIDTH="39" />
<String CONTENT="Pacific" HEIGHT="57" HPOS="2210" VPOS="3641" WIDTH="213" />
</TextLine>
<TextLine CS="1" HEIGHT="70" HPOS="411" VPOS="3719" WIDTH="1970">
<String CONTENT="reporter." HEIGHT="63" HPOS="411" VPOS="3724" WIDTH="275" />
<SP HEIGHT="58" HPOS="687" VPOS="3719" WIDTH="37" />
<String CONTENT="Second" HEIGHT="55" HPOS="725" VPOS="3719" WIDTH="215" />
<SP HEIGHT="53" HPOS="941" VPOS="3721" WIDTH="35" />
<String CONTENT="series." HEIGHT="53" HPOS="977" VPOS="3721" WIDTH="187" />
<SP HEIGHT="54" HPOS="1165" VPOS="3721" WIDTH="69" />
<String CONTENT="With" HEIGHT="54" HPOS="1235" VPOS="3721" WIDTH="159" />
<SP HEIGHT="52" HPOS="1395" VPOS="3722" WIDTH="36" />
<String CONTENT="table" HEIGHT="53" HPOS="1432" VPOS="3722" WIDTH="151" />
<SP HEIGHT="34" HPOS="1584" VPOS="3740" WIDTH="33" />
<String CONTENT="of" HEIGHT="52" HPOS="1618" VPOS="3721" WIDTH="62" />
<SP HEIGHT="53" HPOS="1681" VPOS="3721" WIDTH="34" />
<String CONTENT="cases" HEIGHT="35" HPOS="1716" VPOS="3740" WIDTH="150" />
<SP HEIGHT="52" HPOS="1867" VPOS="3723" WIDTH="31" />
<String CONTENT="digested" HEIGHT="66" HPOS="1899" VPOS="3723" WIDTH="255" />
<SP HEIGHT="53" HPOS="2155" VPOS="3723" WIDTH="42" />
<String CONTENT="&#8230;" CS="1" />
<SP HEIGHT="51" HPOS="2254" VPOS="3725" WIDTH="79" />
<String CONTENT="By" CS="1" HEIGHT="50" HPOS="2334" VPOS="3725" WIDTH="47" />
</TextLine>
<TextLine HEIGHT="73" HPOS="412" VPOS="3798" WIDTH="2010">
<String CONTENT="the" HEIGHT="52" HPOS="412" VPOS="3798" WIDTH="93" />
<SP HEIGHT="49" HPOS="506" VPOS="3817" WIDTH="35" />
<String CONTENT="publisher&#8217;s" HEIGHT="68" HPOS="542" VPOS="3798" WIDTH="340" />
<SP HEIGHT="34" HPOS="883" VPOS="3819" WIDTH="31" />
<String CONTENT="editorial" HEIGHT="53" HPOS="915" VPOS="3800" WIDTH="266" />
<SP HEIGHT="50" HPOS="1182" VPOS="3803" WIDTH="34" />
<String CONTENT="staff." HEIGHT="55" HPOS="1217" VPOS="3798" WIDTH="151" />
<SP HEIGHT="52" HPOS="1369" VPOS="3800" WIDTH="79" />
<String CONTENT="St." HEIGHT="55" HPOS="1449" VPOS="3800" WIDTH="81" />
<SP HEIGHT="50" HPOS="1531" VPOS="3805" WIDTH="32" />
<String CONTENT="Paul." HEIGHT="55" HPOS="1564" VPOS="3803" WIDTH="166" />
<SP HEIGHT="53" HPOS="1731" VPOS="3805" WIDTH="30" />
<String CONTENT="West" HEIGHT="52" HPOS="1762" VPOS="3805" WIDTH="157" />
<SP HEIGHT="63" HPOS="1920" VPOS="3808" WIDTH="36" />
<String CONTENT="publishing" HEIGHT="69" HPOS="1957" VPOS="3802" WIDTH="335" />
<SP HEIGHT="49" HPOS="2293" VPOS="3822" WIDTH="32" />
<String CONTENT="co.," HEIGHT="40" HPOS="2326" VPOS="3822" WIDTH="96" />
</TextLine>
<TextLine CS="1" HEIGHT="52" HPOS="448" VPOS="3880" WIDTH="118">
<String CONTENT="1933." CS="1" HEIGHT="52" HPOS="448" VPOS="3880" WIDTH="118" />
</TextLine>
<TextLine HEIGHT="47" HPOS="486" STYLEREFS="StyleId-EA36E5FD-9BF0-4E1A-BD2F-B7E2931AD065-" VPOS="3953" WIDTH="335">
<String CONTENT="445" HEIGHT="38" HPOS="486" VPOS="3953" WIDTH="87" />
<SP HEIGHT="47" HPOS="574" VPOS="3953" WIDTH="27" />
<String CONTENT="p." HEIGHT="37" HPOS="602" VPOS="3963" WIDTH="43" />
<SP HEIGHT="40" HPOS="646" VPOS="3953" WIDTH="58" />
<String CONTENT="24cm." HEIGHT="40" HPOS="705" VPOS="3953" WIDTH="116" />
</TextLine>
<TextLine HEIGHT="57" HPOS="419" STYLEREFS="StyleId-EA36E5FD-9BF0-4E1A-BD2F-B7E2931AD065-" VPOS="4004" WIDTH="1918">
<String CONTENT="&#169;" HEIGHT="53" HPOS="419" VPOS="4004" WIDTH="51" />
<SP HEIGHT="53" HPOS="471" VPOS="4004" WIDTH="31" />
<String CONTENT="June" HEIGHT="39" HPOS="503" VPOS="4010" WIDTH="127" />
<SP HEIGHT="38" HPOS="631" VPOS="4010" WIDTH="27" />
<String CONTENT="30," HEIGHT="45" HPOS="659" VPOS="4010" WIDTH="69" />
<SP HEIGHT="44" HPOS="729" VPOS="4011" WIDTH="32" />
<String CONTENT="1933:" HEIGHT="42" HPOS="762" VPOS="4010" WIDTH="139" />
<SP HEIGHT="41" HPOS="902" VPOS="4011" WIDTH="33" />
<String CONTENT="2c." HEIGHT="40" HPOS="936" VPOS="4011" WIDTH="65" />
<SP HEIGHT="39" HPOS="1002" VPOS="4011" WIDTH="34" />
<String CONTENT="July" HEIGHT="40" HPOS="1037" VPOS="4011" WIDTH="117" />
<SP HEIGHT="40" HPOS="1155" VPOS="4011" WIDTH="29" />
<String CONTENT="24;" HEIGHT="42" HPOS="1185" VPOS="4011" WIDTH="82" />
<SP HEIGHT="31" HPOS="1268" VPOS="4022" WIDTH="34" />
<String CONTENT="aff." HEIGHT="41" HPOS="1303" VPOS="4011" WIDTH="82" />
<SP HEIGHT="40" HPOS="1386" VPOS="4012" WIDTH="31" />
<String CONTENT="July" HEIGHT="40" HPOS="1418" VPOS="4012" WIDTH="117" />
<SP HEIGHT="41" HPOS="1536" VPOS="4011" WIDTH="30" />
<String CONTENT="22:" HEIGHT="42" HPOS="1567" VPOS="4011" WIDTH="81" />
<SP HEIGHT="39" HPOS="1649" VPOS="4014" WIDTH="34" />
<String CONTENT="A" HEIGHT="37" HPOS="1684" VPOS="4014" WIDTH="39" />
<SP HEIGHT="40" HPOS="1724" VPOS="4012" WIDTH="32" />
<String CONTENT="64466;" HEIGHT="43" HPOS="1757" VPOS="4012" WIDTH="170" />
<SP HEIGHT="41" HPOS="1928" VPOS="4014" WIDTH="32" />
<String CONTENT="West" HEIGHT="38" HPOS="1961" VPOS="4014" WIDTH="133" />
<SP HEIGHT="46" HPOS="2095" VPOS="4015" WIDTH="33" />
<String CONTENT="pub." HEIGHT="47" HPOS="2129" VPOS="4014" WIDTH="107" />
<SP HEIGHT="27" HPOS="2237" VPOS="4025" WIDTH="32" />
<String CONTENT="co." HEIGHT="30" HPOS="2270" VPOS="4023" WIDTH="67" />
</TextLine>
</TextBlock>
</PrintSpace>
</Page>
</Layout>
</alto>