2484 4405
1070 4086 137 55 1577

145 444 319 54 Louisiana
512 446 112 52 and
675 445 284 55 Southern
1008 444 201 68 digest.
1286 443 262 68 October,
1598 445 153 64 1933,
1797 440 346 55 cumulative

215 521 1632 70 pamphlet … St. Paul, West publishing co. [ c 1933 ]
211 599 87 39 342
327 609 42 36 p.
428 599 55 37 24
487 600 42 21 cm
535 628 8 8 .

148 657 51 51 ©
228 660 101 40 Oct.
357 660 68 47 31,
453 659 112 40 1933;
621 659 66 39 2c.
716 659 118 40 Nov.
862 658 82 47 16;
974 657 82 40 aff.
1083 658 120 39 Nov.
1231 656 81 42 18:
1343 657 43 38 A
1409 656 172 46 68187;
1612 656 135 39 West
1774 654 109 48 pub.
1912 665 68 29 co.

146 777 302 64 Marshall,
476 776 262 56 Evaline.

217 852 168 56 Goin’
424 854 142 52 back
604 855 182 66 home,
825 853 75 68 by
942 852 243 54 Evaline
1226 852 295 52 Marshall.
1604 854 145 66 [Bay
1790 850 153 69 City,
1982 852 136 51 Tex.]

147 933 251 52 Tribune
429 933 263 67 printing
719 950 296 50 company,
1043 939 17 21 c
1067 934 149 49 1933.

212 1008 57 38 26
319 1038 7 8 l.
388 1008 54 37 23
446 1009 43 20 cm
495 1039 7 7 .

214 1064 179 38 Poems.

148 1121 51 51 ©
235 1125 100 40 Oct.
370 1126 38 45 6,
443 1125 112 39 1933;
619 1125 65 38 2c.
720 1123 97 41 and
850 1123 81 40 aff.
967 1123 101 40 Oct.
1103 1122 83 48 16;
1224 1123 38 38 A
1298 1121 169 48 66614;
1507 1123 52 39 E.
1595 1121 251 46 Marshall,
1883 1122 105 46 Bay
2022 1119 124 47 City,

213 1182 114 40 Tex.
401 1182 14 48 (CA
501 1181 176 40 33-892
694 1180 234 47 Unrev‘d)

146 1299 494 53 Massachusetts.
715 1299 183 60 Laws,
927 1302 259 62 statutes,
1217 1303 99 47 etc.

216 1376 334 52 Annotated
580 1378 137 50 laws
753 1375 62 53 of
850 1376 458 51 Massachusetts.
1383 1377 131 49 1933
1550 1375 376 67 supplement.
147 1374 1973 149 Containing

409 1458 76 49 all
519 1456 96 52 the
649 1456 230 67 general
913 1456 137 52 laws
1086 1455 62 51 of
1186 1457 132 48 1933
1354 1453 338 68 completely
1727 1453 308 52 annotated
2068 1453 76 68 by

147 1530 1972 149 the editorial staffs of the publishers, v. 1-10 … Charlottesville, Va., The
646 1610 210 53 Miehie
892 1629 309 49 company;
1241 1611 325 67 Rochester,
1599 1612 69 51 N.
1705 1612 89 65 Y.,
1827 1610 122 52 The
147 1612 1972 146 Lawyers
302 1690 382 66 co-operative
713 1688 336 69 publishing
1078 1704 281 52 company
1436 1691 152 63 [c1933]

215 1766 56 37 10
300 1776 41 27 v.
401 1765 54 37 23
459 1766 43 20 cm
509 1796 7 7 .

218 1821 155 39 These
403 1820 273 47 pamphlets
707 1830 83 28 are
821 1822 48 36 to
901 1819 58 39 be
987 1818 140 39 fitted
1158 1817 102 40 into
1294 1818 84 39 the
1405 1818 197 47 pockets
1635 1820 50 37 at
1719 1818 81 38 the
1831 1817 122 39 back
1983 1817 54 38 of
2067 1817 81 38 the

146 1878 213 39 volumes
387 1876 52 40 of
467 1877 81 38 the
576 1878 73 37 set
678 1879 50 36 to
755 1875 157 39 which
942 1876 116 45 they
1084 1875 183 46 belong.

149 1929 53 52 ©
236 1934 117 40 Nov.
388 1933 69 46 10,
492 1932 112 39 1933:
669 1933 65 38 2c.
771 1933 118 38 each
925 1932 94 38 and
1056 1930 82 41 aff.
1175 1931 116 39 Nov.
1330 1930 81 46 15;
1450 1930 40 39 A
1525 1929 170 48 68082;
1736 1929 176 40 Miehie
1948 1940 66 29 co.
2053 1931 96 39 and

219 1991 225 47 Lawyers
474 1988 322 49 co-operative
826 1987 107 49 pub.
966 1999 66 30 co.

145 2110 224 63 Meade,
398 2108 271 64 Dorothy
698 2107 152 55 Cole.

217 2182 1929 70 Fatal shadows, by Dorothy Cole Meade … New York,
146 2264 67 51 R.
241 2263 165 67 Long
430 2266 46 49 &
499 2264 71 51 R.
597 2263 70 52 R.
697 2261 208 67 Smith,
937 2264 151 50 1933.

217 2334 84 41 303
336 2347 43 37 p.
440 2335 56 41 19½c
544 2337 28 21 m
576 2367 9 9 .

149 2389 51 51 ©
230 2394 116 39 Nov.
377 2393 38 47 8,
444 2392 140 41 1933:
615 2394 68 37 2c.
713 2393 94 38 and
838 2391 80 40 aff.
948 2391 118 39 Nov.
1095 2391 83 46 15;
1210 2390 41 39 A
1280 2391 142 40 68093;
1483 2392 109 47 Ray
1619 2392 133 47 Long
1781 2391 36 39 &
1847 2391 214 40 Richard
2092 2392 55 42 R.

219 2449 169 47 Smith,
419 2449 90 40 inc.
581 2448 279 48 (33-33268)

147 2568 236 62 Meyers
411 2564 736 57 konversations-lexikon.

216 2644 222 54 Meyers
462 2644 245 53 lexikon.
783 2642 48 55 7.
857 2641 127 54 aufl.
1061 2644 728 69 Atlas-ergänzungsband,
1813 2647 101 49 330
146 2645 1975 129 hauptund

327 2722 402 66 nebenkarten,
793 2722 163 52 nebst
1023 2722 484 68 alphabetischem
1572 2722 570 54 namenverzeichnis.

147 2800 255 68 Leipzig,
434 2800 565 68 Bibliographisches
1028 2800 251 67 institut,
1313 2804 151 49 1933.

215 2874 731 48 4 p. l., 202 p. maps. 25 cm .
216 2931 226 39 Lettered
472 2942 60 28 on
563 2941 166 29 cover:
762 2930 291 47 Ergänzung
1115 2960 7 8 .
1183 2930 304 41 Atlas-band.

150 2983 1999 51 © Aug. 31, 1933: 1c. Nov. 21: A-Foreign 22822; Bibliographisches
214 3042 216 50 institut,
458 3054 43 30 a.
529 3054 42 37 g.

146 3159 226 65 Milton,
406 3158 173 67 John,
615 3159 323 55 1608-1674.

219 3239 121 53 The
380 3238 275 54 student’s
695 3238 239 67 Milton;
978 3238 171 68 being
1190 3239 96 52 the
1328 3240 276 66 complete
1648 3257 190 49 poems
1881 3239 64 52 of
1987 3240 154 53 John

150 3316 208 52 Milton
393 3315 139 54 with
564 3317 94 51 the
690 3322 225 62 greater
945 3323 131 60 part
1108 3316 63 53 of
1203 3317 88 52 his
1322 3335 164 49 prose
1518 3317 202 67 works,
1752 3335 126 34 now
1912 3317 231 67 printed

151 3395 56 51 in
238 3412 103 34 one
369 3395 239 66 volume,
636 3396 258 66 together
924 3395 140 52 with
1094 3412 123 36 new
1248 3395 369 52 translations
1648 3395 120 52 into
1802 3395 245 67 English
2079 3394 64 54 of

151 3471 86 53 his
276 3473 233 65 Italian,
546 3472 190 66 Latin,
773 3473 112 53 and
923 3473 187 55 Greek
1148 3491 209 48 poems,
1395 3473 190 53 edited
1622 3474 75 66 by
1735 3474 197 52 Frank
1970 3473 168 52 Allen

149 3550 1992 65 Patterson … Rev. ed. New York, Printed for F. S. Crofts
148 3631 44 49 &
219 3647 98 46 co.,
347 3632 149 49 1933.

220 3699 80 48 liv,
329 3699 126 48 1170,
483 3699 86 41 119
595 3711 43 37 p.
698 3700 56 41 23½
786 3703 44 21 cm
834 3731 8 9 .

219 3758 101 40 The
355 3768 163 38 poems
553 3768 82 29 are
670 3760 102 38 also
805 3757 255 49 published
1095 3760 278 46 separately
1407 3759 153 40 under
1594 3758 136 41 title:
1768 3758 214 42 Milton’s
151 3770 1971 91 complete
303 3824 175 37 poems.

222 3870 348 49 “Biographies
598 3871 52 40 of
678 3871 230 40 Milton”:
939 3882 43 37 p.
1011 3871 197 42 xvi-liv.

149 3923 51 52 ©
231 3928 101 40 Oct.
363 3928 67 46 16,
459 3927 140 47 1933;
631 3929 65 39 2c.
729 3928 101 41 Oct.
861 3930 80 44 18;
974 3928 81 41 aff.
1085 3930 118 39 Nov.
1234 3929 52 46 9;
1319 3929 40 38 A
1388 3929 169 46 67118;
1591 3929 165 39 Frank
1786 3930 139 39 Allen

212 3930 1914 101 Patterson,
335 3984 117 39 New
474 3984 143 40 York.
698 3981 51 51 [©
776 3985 245 40 additions
1046 3987 96 38 and
1167 3984 309 49 corrections]
1552 3985 280 48 (33-33294)
