<alto xmlns="http://www.loc.gov/standards/alto/ns-v3#" xmlns:xlink="http://www.w3.org/1999/xlink" xmlns:xsi="http://www.w3.org/2001/XMLSchema-instance" xsi:schemaLocation="http://www.loc.gov/standards/alto/ns-v3# http://www.loc.gov/alto/v3/alto-3-0.xsd"><Description>
<MeasurementUnit>pixel</MeasurementUnit>
<sourceImageInformation>
<fileName>1933_v1_Part1.pdf</fileName>
</sourceImageInformation>
<OCRProcessing ID="IdOcr">
<ocrProcessingStep>
<processingDateTime>2019-01-03</processingDateTime>
<processingSoftware>
<softwareCreator>ABBYY</softwareCreator>
<softwareName>ABBYY Recognition Server</softwareName>
<softwareVersion>4.0</softwareVersion>
</processingSoftware>
</ocrProcessingStep>
</OCRProcessing>
</Description>
<Styles>
<ParagraphStyle ID="StyleId-FFFFFFFF-FFFF-FFFF-FFFF-FFFFFFFFFFFF-" ALIGN="Left" LEFT="0." RIGHT="0." FIRSTLINE="0."/>
<ParagraphStyle ID="StyleId-6EF5737A-DCEB-4126-A0CF-C5930BF7166A-" ALIGN="Left" LEFT="0." RIGHT="0." FIRSTLINE="0." LINESPACE="8.300000191"/>
<ParagraphStyle ID="StyleId-2DE44258-FD0B-41E1-B542-087C989B01A3-" ALIGN="Left" LEFT="0." RIGHT="0." FIRSTLINE="0." LINESPACE="12.19999981"/>
<ParagraphStyle ID="StyleId-CE3D254A-29D7-4DD7-B5F1-E0FC0EF29B05-" ALIGN="Left" LEFT="0." RIGHT="0." FIRSTLINE="-14." LINESPACE="8.619999886"/>
<ParagraphStyle ID="StyleId-C0E3A137-CE4F-4287-8A90-B599106709D0-" ALIGN="Left" LEFT="0." RIGHT="0." FIRSTLINE="-14." LINESPACE="12.19999981"/>
<ParagraphStyle ID="StyleId-50F26F0C-05DA-4C19-BA58-7A6AC4499BEE-" ALIGN="Left" LEFT="0." RIGHT="0." FIRSTLINE="-14." LINESPACE="11.06999969"/>
<ParagraphStyle ID="StyleId-5DDE65AF-512C-41E2-9B8E-095D6D99EF68-" ALIGN="Center" LEFT="0." RIGHT="0." FIRSTLINE="0." LINESPACE="11.89999962"/>
<ParagraphStyle ID="StyleId-0A81D7A5-6A62-4C52-915E-7768974C704D-" ALIGN="Left" LEFT="0." RIGHT="0." FIRSTLINE="0." LINESPACE="9.399999619"/>
<ParagraphStyle ID="StyleId-F7A0127F-6B48-4157-BB81-FE33E1E1A05B-" ALIGN="Block" LEFT="0." RIGHT="0." FIRSTLINE="-13." LINESPACE="10.63000011"/>
<ParagraphStyle ID="StyleId-E18C69F7-DBD7-48B1-805C-FCD96D0DA019-" ALIGN="Left" LEFT="0." RIGHT="0." FIRSTLINE="0." LINESPACE="11.64000034"/>
<ParagraphStyle ID="StyleId-98F15501-B611-4E83-8BB3-807E891F11F5-" ALIGN="Left" LEFT="0." RIGHT="0." FIRSTLINE="-14." LINESPACE="12.19999981"/>
<ParagraphStyle ID="StyleId-F4A78626-0BBC-4D12-94D9-A1AE75A9855F-" ALIGN="Left" LEFT="0." RIGHT="0." FIRSTLINE="0." LINESPACE="9.399999619"/>
<ParagraphStyle ID="StyleId-6A3F6F4C-D21B-4ADE-902F-7683F18ECEF3-" ALIGN="Left" LEFT="0." RIGHT="0." FIRSTLINE="0." LINESPACE="11.10000038"/>
</Styles>
<Layout>
<Page ID="Page1490" PHYSICAL_IMG_NR="1490" HEIGHT="4453" WIDTH="2582">
<TopMargin HEIGHT="436" WIDTH="2582" VPOS="0" HPOS="0">
</TopMargin>
<LeftMargin HEIGHT="3745" WIDTH="234" VPOS="436" HPOS="0">
</LeftMargin>
<RightMargin HEIGHT="3745" WIDTH="168" VPOS="436" HPOS="2414">
</RightMargin>
<BottomMargin HEIGHT="272" WIDTH="2582" VPOS="4181" HPOS="0">
</BottomMargin>
<PrintSpace HEIGHT="3745" WIDTH="2180" VPOS="436" HPOS="234">
<TextBlock ID="Page1490_Block1" HEIGHT="55" WIDTH="156" VPOS="4126" HPOS="1310" LANG="en-US" STYLEREFS="StyleId-9E918823-A311-4874-A391-E74210377503-">
<TextLine HEIGHT="44" WIDTH="135" VPOS="4136" HPOS="1321">
<String STYLE="superscript" CONTENT="1490" HEIGHT="44" WIDTH="135" VPOS="4136" HPOS="1321"/>
</TextLine>
</TextBlock>
<TextBlock ID="Page1490_Block2" HEIGHT="3694" WIDTH="2054" VPOS="436" HPOS="360" LANG="de" CS="1" STYLEREFS="StyleId-8161C27F-F52E-4017-A95F-2095DD9BF134-">
<TextLine HEIGHT="66" WIDTH="470" VPOS="447" HPOS="371" STYLEREFS="StyleId-55EFA04A-9665-42CA-AB64-597F7067A8C0-" LANG="en-US">
<String STYLE="superscript" CONTENT="Keist," HEIGHT="66" WIDTH="193" VPOS="447" HPOS="371"/>
<SP HEIGHT="65" WIDTH="30" VPOS="448" HPOS="565"/>
<String STYLE="superscript" CONTENT="Robert." HEIGHT="56" WIDTH="245" VPOS="448" HPOS="596"/>
</TextLine>
<TextLine HEIGHT="71" WIDTH="1954" VPOS="522" HPOS="442" STYLEREFS="StyleId-E1B3CFDC-B492-48E4-869F-09F0258AF3D3-">
<String STYLE="superscript" LANG="en-US" CONTENT="Johann" HEIGHT="54" WIDTH="234" VPOS="525" HPOS="442"/>
<SP HEIGHT="55" WIDTH="39" VPOS="524" HPOS="677"/>
<String STYLE="superscript" LANG="en-US" CONTENT="Caspar" HEIGHT="69" WIDTH="220" VPOS="524" HPOS="717"/>
<SP HEIGHT="34" WIDTH="35" VPOS="543" HPOS="938"/>
<String STYLE="superscript" LANG="de" CONTENT="von" HEIGHT="34" WIDTH="111" VPOS="543" HPOS="974"/>
<SP HEIGHT="54" WIDTH="38" VPOS="523" HPOS="1086"/>
<String STYLE="superscript" LANG="en-US" CONTENT="Orelli" HEIGHT="54" WIDTH="182" VPOS="523" HPOS="1125"/>
<SP HEIGHT="54" WIDTH="38" VPOS="524" HPOS="1308"/>
<String STYLE="superscript" LANG="de" CONTENT="als" HEIGHT="55" WIDTH="81" VPOS="525" HPOS="1347"/>
<SP HEIGHT="56" WIDTH="37" VPOS="524" HPOS="1429"/>
<String STYLE="superscript" LANG="de" CONTENT="begr&#252;nder" HEIGHT="68" WIDTH="324" VPOS="524" HPOS="1467"/>
<SP HEIGHT="52" WIDTH="35" VPOS="524" HPOS="1792"/>
<String STYLE="superscript" LANG="de" CONTENT="der" HEIGHT="52" WIDTH="100" VPOS="524" HPOS="1828"/>
<SP HEIGHT="34" WIDTH="37" VPOS="542" HPOS="1929"/>
<String STYLE="superscript" LANG="de" CONTENT="z&#252;rcherischen" HEIGHT="55" WIDTH="429" VPOS="522" HPOS="1967"/>
</TextLine>
<TextLine HEIGHT="136" WIDTH="2003" VPOS="601" HPOS="370" STYLEREFS="StyleId-E1B3CFDC-B492-48E4-869F-09F0258AF3D3-" CS="1">
<String STYLE="superscript" CONTENT="kantonsschiile" HEIGHT="53" WIDTH="440" VPOS="604" HPOS="370"/>
<SP HEIGHT="34" WIDTH="31" VPOS="622" HPOS="811"/>
<String STYLE="superscript" CONTENT="und" HEIGHT="53" WIDTH="118" VPOS="604" HPOS="843"/>
<SP HEIGHT="53" WIDTH="28" VPOS="604" HPOS="962"/>
<String STYLE="superscript" CONTENT="Universit&#228;t;" HEIGHT="67" WIDTH="372" VPOS="603" HPOS="991"/>
<SP HEIGHT="48" WIDTH="29" VPOS="622" HPOS="1364"/>
<String STYLE="superscript" CONTENT="mit" HEIGHT="54" WIDTH="106" VPOS="604" HPOS="1394"/>
<SP HEIGHT="46" WIDTH="29" VPOS="612" HPOS="1501"/>
<String STYLE="superscript" CONTENT="einer" HEIGHT="55" WIDTH="154" VPOS="602" HPOS="1531"/>
<SP HEIGHT="32" WIDTH="29" VPOS="623" HPOS="1686"/>
<String STYLE="superscript" CONTENT="Vorgeschichte" HEIGHT="70" WIDTH="427" VPOS="602" HPOS="1716"/>
<SP HEIGHT="54" WIDTH="29" VPOS="601" HPOS="2144"/>
<String STYLE="superscript" CONTENT="der" HEIGHT="56" WIDTH="100" VPOS="601" HPOS="2174"/>
<SP HEIGHT="50" WIDTH="29" VPOS="621" HPOS="2275"/>
<String STYLE="superscript" CONTENT="gedanken" HEIGHT="116" WIDTH="2000" VPOS="621" HPOS="373"/>
</TextLine>
<TextLine HEIGHT="71" WIDTH="1741" VPOS="680" HPOS="653" STYLEREFS="StyleId-E1B3CFDC-B492-48E4-869F-09F0258AF3D3-">
<String STYLE="superscript" CONTENT="und" HEIGHT="52" WIDTH="116" VPOS="684" HPOS="653"/>
<SP HEIGHT="52" WIDTH="49" VPOS="684" HPOS="770"/>
<String STYLE="superscript" CONTENT="einrichtungen" HEIGHT="69" WIDTH="439" VPOS="682" HPOS="820"/>
<SP HEIGHT="36" WIDTH="48" VPOS="701" HPOS="1260"/>
<String STYLE="superscript" CONTENT="seit" HEIGHT="57" WIDTH="107" VPOS="680" HPOS="1309"/>
<SP HEIGHT="54" WIDTH="49" VPOS="682" HPOS="1417"/>
<String STYLE="superscript" LANG="en-US" CONTENT="Bodmer," HEIGHT="68" WIDTH="267" VPOS="682" HPOS="1467"/>
<SP HEIGHT="49" WIDTH="47" VPOS="701" HPOS="1735"/>
<String STYLE="superscript" CONTENT="von" HEIGHT="34" WIDTH="111" VPOS="700" HPOS="1783"/>
<SP HEIGHT="52" WIDTH="49" VPOS="682" HPOS="1895"/>
<String STYLE="superscript" CONTENT="Robert" HEIGHT="54" WIDTH="217" VPOS="682" HPOS="1945"/>
<SP HEIGHT="54" WIDTH="46" VPOS="682" HPOS="2163"/>
<String STYLE="superscript" CONTENT="Keist." HEIGHT="54" WIDTH="184" VPOS="682" HPOS="2210"/>
</TextLine>
<TextLine HEIGHT="71" WIDTH="1152" VPOS="759" HPOS="370" STYLEREFS="StyleId-E1B3CFDC-B492-48E4-869F-09F0258AF3D3-">
<String STYLE="superscript" CONTENT="Z&#252;rich/Leipzig," HEIGHT="70" WIDTH="508" VPOS="760" HPOS="370"/>
<SP HEIGHT="71" WIDTH="30" VPOS="759" HPOS="879"/>
<String STYLE="superscript" CONTENT="Orell" HEIGHT="55" WIDTH="159" VPOS="759" HPOS="910"/>
<SP HEIGHT="53" WIDTH="27" VPOS="761" HPOS="1070"/>
<String STYLE="superscript" CONTENT="F&#252;ssli" HEIGHT="55" WIDTH="193" VPOS="760" HPOS="1098"/>
<SP HEIGHT="70" WIDTH="35" VPOS="760" HPOS="1292"/>
<String STYLE="superscript" CONTENT="[c1933]" HEIGHT="67" WIDTH="194" VPOS="763" HPOS="1328"/>
</TextLine>
<TextLine HEIGHT="51" WIDTH="1217" VPOS="833" HPOS="442" CS="1">
<String STYLE="superscript" CONTENT="3" HEIGHT="39" WIDTH="25" VPOS="835" HPOS="442"/>
<SP HEIGHT="47" WIDTH="31" VPOS="835" HPOS="468"/>
<String STYLE="superscript" CONTENT="p." HEIGHT="38" WIDTH="44" VPOS="844" HPOS="500"/>
<SP/>
<String STYLE="superscript" CS="1" CONTENT="l.,"/>
<SP/>
<String STYLE="superscript" CONTENT="335," HEIGHT="49" WIDTH="100" VPOS="834" HPOS="653"/>
<SP HEIGHT="29" WIDTH="35" VPOS="854" HPOS="754"/>
<String STYLE="superscript" CONTENT="[1]" HEIGHT="50" WIDTH="55" VPOS="834" HPOS="790"/>
<SP HEIGHT="39" WIDTH="32" VPOS="845" HPOS="846"/>
<String STYLE="superscript" CONTENT="p.," HEIGHT="38" WIDTH="58" VPOS="845" HPOS="879"/>
<SP HEIGHT="48" WIDTH="31" VPOS="834" HPOS="938"/>
<String STYLE="superscript" CONTENT="2" HEIGHT="39" WIDTH="26" VPOS="834" HPOS="970"/>
<SP/>
<String STYLE="superscript" CS="1" CONTENT="l."/>
<SP/>
<String STYLE="superscript" CONTENT="front," HEIGHT="41" WIDTH="151" VPOS="834" HPOS="1119"/>
<SP HEIGHT="44" WIDTH="28" VPOS="833" HPOS="1271"/>
<String STYLE="superscript" LANG="en-US" CONTENT="(port.)" HEIGHT="50" WIDTH="174" VPOS="833" HPOS="1300"/>
<SP HEIGHT="48" WIDTH="66" VPOS="835" HPOS="1475"/>
<String STYLE="superscript" CONTENT="23cm." HEIGHT="40" WIDTH="117" VPOS="835" HPOS="1542"/>
</TextLine>
<TextLine HEIGHT="108" WIDTH="2024" VPOS="891" HPOS="372" CS="1">
<String STYLE="superscript" CONTENT="&#8220;Entstanden" HEIGHT="40" WIDTH="340" VPOS="892" HPOS="443"/>
<SP HEIGHT="39" WIDTH="24" VPOS="892" HPOS="784"/>
<String STYLE="superscript" CONTENT="ist" HEIGHT="40" WIDTH="65" VPOS="892" HPOS="809"/>
<SP HEIGHT="39" WIDTH="24" VPOS="893" HPOS="875"/>
<String STYLE="superscript" CONTENT="die" HEIGHT="40" WIDTH="78" VPOS="892" HPOS="900"/>
<SP HEIGHT="29" WIDTH="24" VPOS="902" HPOS="979"/>
<String STYLE="superscript" CONTENT="arbeit" HEIGHT="40" WIDTH="161" VPOS="892" HPOS="1004"/>
<SP HEIGHT="38" WIDTH="24" VPOS="894" HPOS="1166"/>
<String STYLE="superscript" CONTENT="als" HEIGHT="39" WIDTH="74" VPOS="893" HPOS="1191"/>
<SP HEIGHT="40" WIDTH="25" VPOS="892" HPOS="1266"/>
<String STYLE="superscript" CONTENT="l&#246;sung" HEIGHT="48" WIDTH="174" VPOS="892" HPOS="1292"/>
<SP HEIGHT="47" WIDTH="26" VPOS="893" HPOS="1467"/>
<String STYLE="superscript" CONTENT="der" HEIGHT="39" WIDTH="85" VPOS="893" HPOS="1494"/>
<SP HEIGHT="38" WIDTH="24" VPOS="903" HPOS="1580"/>
<String STYLE="superscript" CONTENT="preisaufgabe" HEIGHT="50" WIDTH="349" VPOS="891" HPOS="1605"/>
<SP HEIGHT="39" WIDTH="26" VPOS="895" HPOS="1955"/>
<String STYLE="superscript" CONTENT="der" HEIGHT="39" WIDTH="85" VPOS="895" HPOS="1982"/>
<SP HEIGHT="38" WIDTH="26" VPOS="895" HPOS="2068"/>
<String STYLE="superscript" CONTENT="Philosophischen" HEIGHT="97" WIDTH="2004" VPOS="893" HPOS="372"/>
<SP HEIGHT="39" WIDTH="23" VPOS="950" HPOS="520"/>
<String STYLE="superscript" CONTENT="fakult&#228;t" HEIGHT="41" WIDTH="224" VPOS="949" HPOS="544"/>
<SP HEIGHT="38" WIDTH="24" VPOS="952" HPOS="769"/>
<String STYLE="superscript" CONTENT="I" HEIGHT="29" WIDTH="18" VPOS="959" HPOS="794"/>
<SP HEIGHT="40" WIDTH="24" VPOS="949" HPOS="813"/>
<String STYLE="superscript" CONTENT="der" HEIGHT="40" WIDTH="86" VPOS="949" HPOS="838"/>
<SP HEIGHT="39" WIDTH="25" VPOS="950" HPOS="925"/>
<String STYLE="superscript" CONTENT="Universit&#228;t" HEIGHT="42" WIDTH="309" VPOS="948" HPOS="951"/>
<SP HEIGHT="39" WIDTH="23" VPOS="950" HPOS="1261"/>
<String STYLE="superscript" CONTENT="Z&#252;rich" HEIGHT="42" WIDTH="178" VPOS="948" HPOS="1285"/>
<SP HEIGHT="40" WIDTH="21" VPOS="949" HPOS="1464"/>
<String STYLE="superscript" CONTENT="f&#252;r" HEIGHT="40" WIDTH="84" VPOS="949" HPOS="1486"/>
<SP HEIGHT="39" WIDTH="25" VPOS="952" HPOS="1571"/>
<String STYLE="superscript" CONTENT="die" HEIGHT="43" WIDTH="78" VPOS="948" HPOS="1597"/>
<SP HEIGHT="48" WIDTH="24" VPOS="950" HPOS="1676"/>
<String STYLE="superscript" CONTENT="jahre" HEIGHT="48" WIDTH="144" VPOS="950" HPOS="1701"/>
<SP HEIGHT="38" WIDTH="25" VPOS="952" HPOS="1846"/>
<String STYLE="superscript" CS="1" CONTENT="1929/30" HEIGHT="49" WIDTH="176" VPOS="950" HPOS="1901"/>
<SP HEIGHT="49" WIDTH="16" VPOS="950" HPOS="2078"/>
<String STYLE="superscript" CONTENT=";" HEIGHT="37" WIDTH="8" VPOS="962" HPOS="2095"/>
<SP HEIGHT="37" WIDTH="28" VPOS="962" HPOS="2104"/>
<String STYLE="superscript" CONTENT="als" HEIGHT="39" WIDTH="75" VPOS="953" HPOS="2133"/>
<SP HEIGHT="29" WIDTH="25" VPOS="963" HPOS="2209"/>
<String STYLE="superscript" CONTENT="solche" HEIGHT="42" WIDTH="161" VPOS="951" HPOS="2235"/>
</TextLine>
<TextLine HEIGHT="50" WIDTH="1865" VPOS="1006" HPOS="371">
<String STYLE="superscript" LANG="de" CONTENT="preisgekr&#246;nt," HEIGHT="50" WIDTH="354" VPOS="1006" HPOS="371"/>
<SP HEIGHT="38" WIDTH="27" VPOS="1018" HPOS="726"/>
<String STYLE="superscript" LANG="de" CONTENT="wurde" HEIGHT="39" WIDTH="169" VPOS="1008" HPOS="754"/>
<SP HEIGHT="30" WIDTH="24" VPOS="1017" HPOS="924"/>
<String STYLE="superscript" LANG="de" CONTENT="sie" HEIGHT="40" WIDTH="70" VPOS="1007" HPOS="949"/>
<SP HEIGHT="30" WIDTH="24" VPOS="1017" HPOS="1020"/>
<String STYLE="superscript" LANG="de" CONTENT="nachher" HEIGHT="41" WIDTH="220" VPOS="1006" HPOS="1045"/>
<SP HEIGHT="29" WIDTH="21" VPOS="1018" HPOS="1266"/>
<String STYLE="superscript" LANG="de" CONTENT="als" HEIGHT="41" WIDTH="73" VPOS="1006" HPOS="1288"/>
<SP HEIGHT="39" WIDTH="27" VPOS="1008" HPOS="1362"/>
<String STYLE="superscript" LANG="en-US" CONTENT="dissertation" HEIGHT="42" WIDTH="322" VPOS="1006" HPOS="1390"/>
<SP HEIGHT="29" WIDTH="23" VPOS="1019" HPOS="1713"/>
<String STYLE="superscript" LANG="de" CONTENT="verwendet.&#8221;&#8212;p." HEIGHT="47" WIDTH="431" VPOS="1009" HPOS="1737"/>
<SP HEIGHT="41" WIDTH="26" VPOS="1010" HPOS="2169"/>
<String STYLE="superscript" LANG="de" CONTENT="2." HEIGHT="40" WIDTH="40" VPOS="1010" HPOS="2196"/>
</TextLine>
<TextLine HEIGHT="53" WIDTH="1954" VPOS="1063" HPOS="444">
<String STYLE="superscript" CONTENT="&#8220;Schriften" HEIGHT="42" WIDTH="282" VPOS="1065" HPOS="444"/>
<SP HEIGHT="40" WIDTH="31" VPOS="1065" HPOS="727"/>
<String STYLE="superscript" CONTENT="J." HEIGHT="40" WIDTH="43" VPOS="1065" HPOS="759"/>
<SP HEIGHT="41" WIDTH="32" VPOS="1065" HPOS="803"/>
<String STYLE="superscript" CONTENT="C." HEIGHT="41" WIDTH="50" VPOS="1065" HPOS="836"/>
<SP HEIGHT="41" WIDTH="33" VPOS="1064" HPOS="887"/>
<String STYLE="superscript" CONTENT="Orellis" HEIGHT="41" WIDTH="179" VPOS="1064" HPOS="921"/>
<SP HEIGHT="30" WIDTH="17" VPOS="1074" HPOS="1101"/>
<String STYLE="superscript" CONTENT=":" HEIGHT="29" WIDTH="8" VPOS="1075" HPOS="1119"/>
<SP HEIGHT="38" WIDTH="34" VPOS="1075" HPOS="1128"/>
<String STYLE="superscript" CONTENT="p." HEIGHT="38" WIDTH="41" VPOS="1075" HPOS="1163"/>
<SP HEIGHT="30" WIDTH="37" VPOS="1084" HPOS="1205"/>
<String STYLE="superscript" CONTENT="[321-333]" HEIGHT="51" WIDTH="234" VPOS="1063" HPOS="1243"/>
<SP HEIGHT="50" WIDTH="36" VPOS="1064" HPOS="1478"/>
<String STYLE="superscript" CONTENT="Quellen" HEIGHT="49" WIDTH="204" VPOS="1064" HPOS="1515"/>
<SP HEIGHT="28" WIDTH="31" VPOS="1077" HPOS="1720"/>
<String STYLE="superscript" CONTENT="und" HEIGHT="38" WIDTH="98" VPOS="1068" HPOS="1752"/>
<SP HEIGHT="38" WIDTH="32" VPOS="1068" HPOS="1851"/>
<String STYLE="superscript" CONTENT="literatur&#8221;" HEIGHT="41" WIDTH="259" VPOS="1066" HPOS="1884"/>
<SP HEIGHT="40" WIDTH="20" VPOS="1067" HPOS="2144"/>
<String STYLE="superscript" CONTENT=":" HEIGHT="28" WIDTH="8" VPOS="1079" HPOS="2165"/>
<SP HEIGHT="38" WIDTH="33" VPOS="1078" HPOS="2174"/>
<String STYLE="superscript" CONTENT="p." HEIGHT="38" WIDTH="42" VPOS="1078" HPOS="2208"/>
<SP HEIGHT="40" WIDTH="28" VPOS="1069" HPOS="2251"/>
<String STYLE="superscript" CONTENT="334-" HEIGHT="41" WIDTH="118" VPOS="1068" HPOS="2280"/>
</TextLine>
<TextLine HEIGHT="51" WIDTH="116" VPOS="1122" HPOS="375">
<String STYLE="superscript" CONTENT="[335]" HEIGHT="51" WIDTH="116" VPOS="1122" HPOS="375"/>
</TextLine>
<TextLine HEIGHT="53" WIDTH="1860" VPOS="1181" HPOS="377" CS="1">
<String STYLE="superscript" CONTENT="&#169;" HEIGHT="52" WIDTH="52" VPOS="1182" HPOS="377"/>
<SP HEIGHT="52" WIDTH="25" VPOS="1182" HPOS="430"/>
<String STYLE="superscript" CS="1" CONTENT="May" HEIGHT="39" WIDTH="79" VPOS="1186" HPOS="456"/>
<SP HEIGHT="41" WIDTH="22" VPOS="1185" HPOS="572"/>
<String STYLE="superscript" CONTENT="1," HEIGHT="48" WIDTH="39" VPOS="1185" HPOS="595"/>
<SP HEIGHT="48" WIDTH="24" VPOS="1185" HPOS="635"/>
<String STYLE="superscript" CONTENT="1933" HEIGHT="41" WIDTH="115" VPOS="1184" HPOS="660"/>
<SP HEIGHT="47" WIDTH="16" VPOS="1184" HPOS="776"/>
<String STYLE="superscript" CONTENT=";" HEIGHT="37" WIDTH="9" VPOS="1194" HPOS="793"/>
<SP HEIGHT="46" WIDTH="28" VPOS="1185" HPOS="803"/>
<String STYLE="superscript" CS="1" CONTENT="1c"/>
<String STYLE="superscript" LANG="fr" CONTENT="." HEIGHT="8" WIDTH="8" VPOS="1214" HPOS="889"/>
<SP HEIGHT="40" WIDTH="28" VPOS="1184" HPOS="898"/>
<String STYLE="superscript" LANG="fr" CONTENT="Sept." HEIGHT="47" WIDTH="128" VPOS="1184" HPOS="927"/>
<SP HEIGHT="37" WIDTH="25" VPOS="1185" HPOS="1056"/>
<String STYLE="superscript" CONTENT="1" HEIGHT="37" WIDTH="24" VPOS="1185" HPOS="1082"/>
<SP HEIGHT="45" WIDTH="18" VPOS="1185" HPOS="1107"/>
<String STYLE="superscript" CONTENT=";" HEIGHT="37" WIDTH="8" VPOS="1193" HPOS="1126"/>
<SP HEIGHT="47" WIDTH="26" VPOS="1183" HPOS="1135"/>
<!-- cceid 49DDDCF7-6CF9-1014-A6CF-A82867D68027 --><String STYLE="superscript" LANG="fr" CONTENT="A" HEIGHT="38" WIDTH="42" VPOS="1183" HPOS="1162"/>
<String STYLE="superscript" CONTENT="-Foreign" HEIGHT="47" WIDTH="272" VPOS="1181" HPOS="1205"/>
<SP HEIGHT="39" WIDTH="23" VPOS="1183" HPOS="1478"/>
<String STYLE="superscript" CONTENT="21981" HEIGHT="41" WIDTH="145" VPOS="1182" HPOS="1502"/>
<SP HEIGHT="47" WIDTH="18" VPOS="1183" HPOS="1648"/>
<String STYLE="superscript" CONTENT=";" HEIGHT="37" WIDTH="8" VPOS="1193" HPOS="1667"/>
<SP HEIGHT="48" WIDTH="29" VPOS="1182" HPOS="1676"/>
<String STYLE="superscript" CONTENT="Orell" HEIGHT="41" WIDTH="132" VPOS="1182" HPOS="1706"/>
<SP HEIGHT="38" WIDTH="26" VPOS="1184" HPOS="1839"/>
<String STYLE="superscript" CONTENT="F&#252;ssli" HEIGHT="41" WIDTH="164" VPOS="1183" HPOS="1866"/>
<SP HEIGHT="40" WIDTH="23" VPOS="1184" HPOS="2031"/>
<String STYLE="superscript" CONTENT="verlag." HEIGHT="49" WIDTH="182" VPOS="1184" HPOS="2055"/>
</TextLine>
<TextLine HEIGHT="50" WIDTH="283" VPOS="1242" HPOS="455">
<String STYLE="superscript" CONTENT="(33-31684)" HEIGHT="50" WIDTH="283" VPOS="1242" HPOS="455"/>
</TextLine>
<TextLine HEIGHT="66" WIDTH="599" VPOS="1346" HPOS="375" STYLEREFS="StyleId-55EFA04A-9665-42CA-AB64-597F7067A8C0-">
<String STYLE="superscript" CONTENT="Kipling," HEIGHT="66" WIDTH="262" VPOS="1346" HPOS="375"/>
<SP HEIGHT="64" WIDTH="29" VPOS="1348" HPOS="638"/>
<String STYLE="superscript" CONTENT="Rudyard." HEIGHT="64" WIDTH="306" VPOS="1347" HPOS="668"/>
</TextLine>
<TextLine HEIGHT="56" WIDTH="612" VPOS="1423" HPOS="447" STYLEREFS="StyleId-E1B3CFDC-B492-48E4-869F-09F0258AF3D3-">
<String STYLE="superscript" LANG="en-US" CONTENT="Bonfires" HEIGHT="56" WIDTH="262" VPOS="1423" HPOS="447"/>
<SP HEIGHT="35" WIDTH="27" VPOS="1444" HPOS="710"/>
<String STYLE="superscript" LANG="en-US" CONTENT="on" HEIGHT="34" WIDTH="72" VPOS="1444" HPOS="738"/>
<SP HEIGHT="48" WIDTH="26" VPOS="1430" HPOS="811"/>
<String STYLE="superscript" LANG="en-US" CONTENT="the" HEIGHT="53" WIDTH="96" VPOS="1425" HPOS="838"/>
<SP HEIGHT="53" WIDTH="24" VPOS="1425" HPOS="935"/>
<String STYLE="superscript" LANG="fi" CONTENT="ice." HEIGHT="53" WIDTH="99" VPOS="1425" HPOS="960"/>
</TextLine>
<TextLine HEIGHT="55" WIDTH="1182" VPOS="1495" HPOS="453">
<String STYLE="superscript" LANG="fi" CONTENT="(In" HEIGHT="48" WIDTH="85" VPOS="1502" HPOS="453"/>
<SP HEIGHT="45" WIDTH="25" VPOS="1496" HPOS="539"/>
<String STYLE="superscript" LANG="fi" CONTENT="London" HEIGHT="44" WIDTH="205" VPOS="1496" HPOS="565"/>
<SP HEIGHT="43" WIDTH="25" VPOS="1497" HPOS="771"/>
<String STYLE="superscript" LANG="en-US" CONTENT="Morning" HEIGHT="53" WIDTH="239" VPOS="1495" HPOS="797"/>
<SP HEIGHT="39" WIDTH="29" VPOS="1509" HPOS="1037"/>
<String STYLE="superscript" LANG="en-US" CONTENT="post," HEIGHT="49" WIDTH="128" VPOS="1498" HPOS="1067"/>
<SP HEIGHT="51" WIDTH="28" VPOS="1495" HPOS="1196"/>
<String STYLE="superscript" LANG="en-US" CONTENT="Nov." HEIGHT="44" WIDTH="127" VPOS="1495" HPOS="1225"/>
<SP HEIGHT="42" WIDTH="31" VPOS="1497" HPOS="1353"/>
<String STYLE="superscript" LANG="en-US" CONTENT="13," HEIGHT="50" WIDTH="72" VPOS="1497" HPOS="1385"/>
<SP HEIGHT="51" WIDTH="31" VPOS="1496" HPOS="1458"/>
<String STYLE="superscript" LANG="en-US" CONTENT="1933)" HEIGHT="51" WIDTH="145" VPOS="1495" HPOS="1490"/>
</TextLine>
<TextLine HEIGHT="109" WIDTH="2008" VPOS="1554" HPOS="376" LANG="en-US" CS="1">
<String STYLE="superscript" CONTENT="&#169;" HEIGHT="52" WIDTH="52" VPOS="1554" HPOS="376"/>
<SP/>
<String STYLE="superscript" CS="1" CONTENT="1c."/>
<SP/>
<String STYLE="superscript" CONTENT="Nov." HEIGHT="40" WIDTH="120" VPOS="1558" HPOS="556"/>
<SP HEIGHT="39" WIDTH="29" VPOS="1558" HPOS="677"/>
<String STYLE="superscript" CONTENT="29," HEIGHT="47" WIDTH="70" VPOS="1557" HPOS="707"/>
<SP HEIGHT="47" WIDTH="30" VPOS="1557" HPOS="778"/>
<String STYLE="superscript" CONTENT="1933;" HEIGHT="47" WIDTH="143" VPOS="1556" HPOS="809"/>
<SP HEIGHT="47" WIDTH="31" VPOS="1556" HPOS="953"/>
<!-- cceid 49DE1123-6CF9-1014-A6CF-A82867D68027 --><String STYLE="superscript" CONTENT="A" HEIGHT="39" WIDTH="42" VPOS="1556" HPOS="985"/>
<SP HEIGHT="40" WIDTH="29" VPOS="1556" HPOS="1028"/>
<String STYLE="superscript" CONTENT="ad" HEIGHT="39" WIDTH="61" VPOS="1557" HPOS="1058"/>
<SP HEIGHT="41" WIDTH="29" VPOS="1555" HPOS="1120"/>
<String STYLE="superscript" CONTENT="int." HEIGHT="41" WIDTH="88" VPOS="1555" HPOS="1150"/>
<SP HEIGHT="40" WIDTH="30" VPOS="1556" HPOS="1239"/>
<String STYLE="superscript" CONTENT="18410';" HEIGHT="48" WIDTH="172" VPOS="1555" HPOS="1270"/>
<SP HEIGHT="38" WIDTH="32" VPOS="1566" HPOS="1443"/>
<String STYLE="superscript" CONTENT="pubd." HEIGHT="48" WIDTH="143" VPOS="1556" HPOS="1476"/>
<SP HEIGHT="38" WIDTH="32" VPOS="1557" HPOS="1620"/>
<String STYLE="superscript" CONTENT="Nov." HEIGHT="40" WIDTH="119" VPOS="1557" HPOS="1653"/>
<SP HEIGHT="40" WIDTH="30" VPOS="1557" HPOS="1773"/>
<String STYLE="superscript" CONTENT="13;" HEIGHT="47" WIDTH="81" VPOS="1556" HPOS="1804"/>
<SP HEIGHT="47" WIDTH="34" VPOS="1556" HPOS="1886"/>
<String STYLE="superscript" CONTENT="R." HEIGHT="39" WIDTH="54" VPOS="1556" HPOS="1921"/>
<SP HEIGHT="38" WIDTH="32" VPOS="1557" HPOS="1976"/>
<String STYLE="superscript" CONTENT="Kipling," HEIGHT="50" WIDTH="217" VPOS="1555" HPOS="2009"/>
<SP HEIGHT="48" WIDTH="31" VPOS="1557" HPOS="2227"/>
<String STYLE="superscript" CONTENT="Bateman&#8217;s," HEIGHT="106" WIDTH="1942" VPOS="1557" HPOS="442"/>
<SP HEIGHT="48" WIDTH="31" VPOS="1615" HPOS="612"/>
<String STYLE="superscript" CONTENT="Burwash," HEIGHT="48" WIDTH="258" VPOS="1614" HPOS="644"/>
<SP HEIGHT="48" WIDTH="34" VPOS="1614" HPOS="903"/>
<String STYLE="superscript" CONTENT="Sussex," HEIGHT="47" WIDTH="196" VPOS="1614" HPOS="938"/>
<SP HEIGHT="47" WIDTH="32" VPOS="1614" HPOS="1135"/>
<String STYLE="superscript" CONTENT="England." HEIGHT="47" WIDTH="239" VPOS="1614" HPOS="1168"/>
</TextLine>
<TextLine HEIGHT="66" WIDTH="544" VPOS="1718" HPOS="371" STYLEREFS="StyleId-55EFA04A-9665-42CA-AB64-597F7067A8C0-" LANG="en-US">
<String STYLE="superscript" CONTENT="Kittler," HEIGHT="66" WIDTH="244" VPOS="1718" HPOS="371"/>
<SP HEIGHT="65" WIDTH="30" VPOS="1719" HPOS="616"/>
<String STYLE="superscript" CONTENT="Werner." HEIGHT="55" WIDTH="268" VPOS="1719" HPOS="647"/>
</TextLine>
<TextLine HEIGHT="70" WIDTH="1960" VPOS="1795" HPOS="444" STYLEREFS="StyleId-E1B3CFDC-B492-48E4-869F-09F0258AF3D3-">
<String STYLE="superscript" CONTENT="Der" HEIGHT="53" WIDTH="120" VPOS="1797" HPOS="444"/>
<SP HEIGHT="54" WIDTH="50" VPOS="1796" HPOS="565"/>
<String STYLE="superscript" CONTENT="internationale" HEIGHT="55" WIDTH="448" VPOS="1796" HPOS="616"/>
<SP HEIGHT="35" WIDTH="49" VPOS="1816" HPOS="1065"/>
<String STYLE="superscript" CONTENT="elektrische" HEIGHT="55" WIDTH="340" VPOS="1795" HPOS="1115"/>
<SP HEIGHT="36" WIDTH="49" VPOS="1814" HPOS="1456"/>
<String STYLE="superscript" CONTENT="energieverkehr" HEIGHT="70" WIDTH="476" VPOS="1795" HPOS="1506"/>
<SP HEIGHT="54" WIDTH="49" VPOS="1796" HPOS="1983"/>
<String STYLE="superscript" CONTENT="in" HEIGHT="54" WIDTH="61" VPOS="1796" HPOS="2033"/>
<SP HEIGHT="53" WIDTH="52" VPOS="1797" HPOS="2095"/>
<String STYLE="superscript" CONTENT="Europa," HEIGHT="68" WIDTH="256" VPOS="1797" HPOS="2148"/>
</TextLine>
<TextLine HEIGHT="73" WIDTH="2026" VPOS="1872" HPOS="375" STYLEREFS="StyleId-E1B3CFDC-B492-48E4-869F-09F0258AF3D3-" CS="1">
<String STYLE="superscript" LANG="de" CONTENT="von" HEIGHT="35" WIDTH="109" VPOS="1893" HPOS="375"/>
<SP HEIGHT="55" WIDTH="29" VPOS="1874" HPOS="485"/>
<String STYLE="superscript" LANG="de" CONTENT="Werner" HEIGHT="55" WIDTH="242" VPOS="1874" HPOS="515"/>
<SP HEIGHT="54" WIDTH="30" VPOS="1872" HPOS="758"/>
<String STYLE="superscript" LANG="de" CONTENT="Kittler" HEIGHT="54" WIDTH="222" VPOS="1872" HPOS="789"/>
<SP HEIGHT="34" WIDTH="32" VPOS="1893" HPOS="1012"/>
<String STYLE="superscript" LANG="de" CS="1" CONTENT="&#8230;"/>
<SP HEIGHT="53" WIDTH="70" VPOS="1873" HPOS="1104"/>
<String STYLE="superscript" LANG="de" CONTENT="M&#252;nchen" HEIGHT="54" WIDTH="292" VPOS="1872" HPOS="1175"/>
<SP HEIGHT="35" WIDTH="29" VPOS="1891" HPOS="1468"/>
<String STYLE="superscript" LANG="de" CONTENT="und" HEIGHT="54" WIDTH="120" VPOS="1873" HPOS="1498"/>
<SP HEIGHT="54" WIDTH="31" VPOS="1873" HPOS="1619"/>
<String STYLE="superscript" LANG="de" CONTENT="Berlin," HEIGHT="69" WIDTH="221" VPOS="1873" HPOS="1651"/>
<SP HEIGHT="69" WIDTH="29" VPOS="1873" HPOS="1873"/>
<String STYLE="superscript" LANG="fr" CONTENT="R." HEIGHT="54" WIDTH="69" VPOS="1873" HPOS="1903"/>
<SP HEIGHT="56" WIDTH="32" VPOS="1872" HPOS="1973"/>
<String STYLE="superscript" LANG="fr" CONTENT="Oldenbourg," HEIGHT="73" WIDTH="395" VPOS="1872" HPOS="2006"/>
</TextLine>
<TextLine HEIGHT="51" WIDTH="152" VPOS="1956" HPOS="373" STYLEREFS="StyleId-E1B3CFDC-B492-48E4-869F-09F0258AF3D3-">
<String STYLE="superscript" CONTENT="1933." HEIGHT="51" WIDTH="152" VPOS="1956" HPOS="373"/>
</TextLine>
<TextLine HEIGHT="50" WIDTH="1012" VPOS="2025" HPOS="443" CS="1">
<String STYLE="superscript" LANG="de" CONTENT="viii," HEIGHT="47" WIDTH="101" VPOS="2027" HPOS="443"/>
<SP/>
<String STYLE="superscript" LANG="de" CONTENT="166" HEIGHT="42" WIDTH="86" VPOS="2026" HPOS="570"/>
<SP HEIGHT="49" WIDTH="25" VPOS="2026" HPOS="657"/>
<String STYLE="superscript" LANG="de" CONTENT="p." HEIGHT="38" WIDTH="43" VPOS="2037" HPOS="683"/>
<SP HEIGHT="41" WIDTH="59" VPOS="2026" HPOS="727"/>
<String STYLE="superscript" LANG="de" CONTENT="10" HEIGHT="40" WIDTH="57" VPOS="2026" HPOS="787"/>
<SP HEIGHT="40" WIDTH="25" VPOS="2026" HPOS="845"/>
<String STYLE="superscript" LANG="en-US" CONTENT="maps" HEIGHT="38" WIDTH="137" VPOS="2036" HPOS="871"/>
<SP HEIGHT="48" WIDTH="37" VPOS="2027" HPOS="1009"/>
<String STYLE="superscript" LANG="de" CONTENT="(2" HEIGHT="49" WIDTH="49" VPOS="2026" HPOS="1047"/>
<SP HEIGHT="41" WIDTH="26" VPOS="2025" HPOS="1097"/>
<String STYLE="superscript" LANG="en-US" CONTENT="fold.)" HEIGHT="49" WIDTH="144" VPOS="2025" HPOS="1124"/>
<SP HEIGHT="48" WIDTH="67" VPOS="2026" HPOS="1269"/>
<String STYLE="superscript" LANG="de" CONTENT="25cm." HEIGHT="44" WIDTH="118" VPOS="2025" HPOS="1337"/>
</TextLine>
<TextLine HEIGHT="50" WIDTH="997" VPOS="2082" HPOS="443">
<String STYLE="superscript" CONTENT="&#8220;Literatur-verzeichnis&#8221;" HEIGHT="44" WIDTH="636" VPOS="2082" HPOS="443"/>
<SP HEIGHT="42" WIDTH="18" VPOS="2082" HPOS="1080"/>
<String STYLE="superscript" CONTENT=":" HEIGHT="29" WIDTH="8" VPOS="2095" HPOS="1099"/>
<SP HEIGHT="38" WIDTH="33" VPOS="2094" HPOS="1108"/>
<String STYLE="superscript" CONTENT="p." HEIGHT="38" WIDTH="44" VPOS="2094" HPOS="1142"/>
<SP HEIGHT="42" WIDTH="32" VPOS="2083" HPOS="1187"/>
<String STYLE="superscript" CONTENT="161-166." HEIGHT="43" WIDTH="220" VPOS="2082" HPOS="1220"/>
</TextLine>
<TextLine HEIGHT="53" WIDTH="1778" VPOS="2140" HPOS="376" CS="1">
<String STYLE="superscript" LANG="de" CONTENT="&#169;" HEIGHT="53" WIDTH="52" VPOS="2140" HPOS="376"/>
<SP HEIGHT="53" WIDTH="27" VPOS="2140" HPOS="429"/>
<String STYLE="superscript" LANG="de" CONTENT="May" HEIGHT="48" WIDTH="116" VPOS="2145" HPOS="457"/>
<SP HEIGHT="48" WIDTH="23" VPOS="2145" HPOS="574"/>
<String STYLE="superscript" LANG="de" CONTENT="4," HEIGHT="47" WIDTH="41" VPOS="2145" HPOS="598"/>
<SP HEIGHT="48" WIDTH="27" VPOS="2144" HPOS="640"/>
<String STYLE="superscript" LANG="de" CONTENT="1933;" HEIGHT="48" WIDTH="142" VPOS="2144" HPOS="668"/>
<SP/>
<String STYLE="superscript" LANG="de" CS="1" CONTENT="1c."/>
<SP/>
<String STYLE="superscript" LANG="en-US" CONTENT="July" HEIGHT="48" WIDTH="118" VPOS="2144" HPOS="936"/>
<SP HEIGHT="48" WIDTH="24" VPOS="2144" HPOS="1055"/>
<String STYLE="superscript" LANG="de" CONTENT="24;" HEIGHT="47" WIDTH="83" VPOS="2144" HPOS="1080"/>
<SP HEIGHT="47" WIDTH="28" VPOS="2144" HPOS="1164"/>
<!-- cceid 49DE4263-6CF9-1014-A6CF-A82867D68027 --><String STYLE="superscript" LANG="en-US" CONTENT="A" HEIGHT="39" WIDTH="43" VPOS="2144" HPOS="1193"/>
<String STYLE="superscript" LANG="de" CONTENT="-Foreign" HEIGHT="49" WIDTH="273" VPOS="2143" HPOS="1236"/>
<SP HEIGHT="39" WIDTH="26" VPOS="2144" HPOS="1510"/>
<String STYLE="superscript" LANG="de" CONTENT="21652;" HEIGHT="48" WIDTH="172" VPOS="2144" HPOS="1537"/>
<SP HEIGHT="47" WIDTH="32" VPOS="2145" HPOS="1710"/>
<String STYLE="superscript" LANG="fr" CONTENT="R." HEIGHT="39" WIDTH="54" VPOS="2145" HPOS="1743"/>
<SP HEIGHT="41" WIDTH="30" VPOS="2144" HPOS="1798"/>
<String STYLE="superscript" LANG="fr" CONTENT="Oldenbourg." HEIGHT="48" WIDTH="325" VPOS="2144" HPOS="1829"/>
</TextLine>
<TextLine HEIGHT="49" WIDTH="283" VPOS="2201" HPOS="455">
<String STYLE="superscript" CONTENT="(33-31131)" HEIGHT="49" WIDTH="283" VPOS="2201" HPOS="455"/>
</TextLine>
<TextLine HEIGHT="66" WIDTH="776" VPOS="2305" HPOS="370" STYLEREFS="StyleId-E1B3CFDC-B492-48E4-869F-09F0258AF3D3-">
<String STYLE="superscript" CONTENT="Klein," HEIGHT="65" WIDTH="193" VPOS="2305" HPOS="370"/>
<SP HEIGHT="63" WIDTH="30" VPOS="2307" HPOS="564"/>
<String STYLE="superscript" CONTENT="Felix," HEIGHT="66" WIDTH="185" VPOS="2305" HPOS="595"/>
<SP HEIGHT="62" WIDTH="33" VPOS="2309" HPOS="781"/>
<String STYLE="superscript" CONTENT="1849-1925." HEIGHT="51" WIDTH="331" VPOS="2308" HPOS="815"/>
</TextLine>
<TextLine HEIGHT="148" WIDTH="2025" VPOS="2382" HPOS="371" STYLEREFS="StyleId-E1B3CFDC-B492-48E4-869F-09F0258AF3D3-" CS="1">
<String STYLE="superscript" CS="1" CONTENT="&#8230;"/>
<SP HEIGHT="54" WIDTH="33" VPOS="2384" HPOS="506"/>
<String STYLE="superscript" CONTENT="Vorlesungen" HEIGHT="68" WIDTH="400" VPOS="2384" HPOS="540"/>
<SP HEIGHT="50" WIDTH="27" VPOS="2386" HPOS="941"/>
<String STYLE="superscript" CONTENT="&#252;ber" HEIGHT="54" WIDTH="143" VPOS="2383" HPOS="969"/>
<SP HEIGHT="52" WIDTH="27" VPOS="2384" HPOS="1113"/>
<String STYLE="superscript" CONTENT="die" HEIGHT="53" WIDTH="93" VPOS="2383" HPOS="1141"/>
<SP HEIGHT="53" WIDTH="27" VPOS="2383" HPOS="1235"/>
<String STYLE="superscript" CONTENT="hypergeometrische" HEIGHT="70" WIDTH="600" VPOS="2382" HPOS="1263"/>
<SP HEIGHT="54" WIDTH="31" VPOS="2382" HPOS="1864"/>
<String STYLE="superscript" LANG="fi" CONTENT="funktion" HEIGHT="54" WIDTH="276" VPOS="2382" HPOS="1896"/>
<SP HEIGHT="51" WIDTH="31" VPOS="2402" HPOS="2173"/>
<String STYLE="superscript" CONTENT="gehalten" HEIGHT="132" WIDTH="2003" VPOS="2383" HPOS="371"/>
<SP HEIGHT="34" WIDTH="49" VPOS="2481" HPOS="468"/>
<String STYLE="superscript" CONTENT="an" HEIGHT="34" WIDTH="73" VPOS="2481" HPOS="518"/>
<SP HEIGHT="52" WIDTH="46" VPOS="2463" HPOS="592"/>
<String STYLE="superscript" CONTENT="der" HEIGHT="52" WIDTH="102" VPOS="2463" HPOS="639"/>
<SP HEIGHT="55" WIDTH="40" VPOS="2462" HPOS="742"/>
<String STYLE="superscript" CONTENT="Universit&#228;t" HEIGHT="55" WIDTH="370" VPOS="2462" HPOS="783"/>
<SP HEIGHT="55" WIDTH="48" VPOS="2461" HPOS="1154"/>
<String STYLE="superscript" CONTENT="G&#246;ttingen" HEIGHT="69" WIDTH="320" VPOS="2461" HPOS="1203"/>
<SP HEIGHT="52" WIDTH="48" VPOS="2462" HPOS="1524"/>
<String STYLE="superscript" CONTENT="im" HEIGHT="52" WIDTH="80" VPOS="2462" HPOS="1573"/>
<SP HEIGHT="34" WIDTH="46" VPOS="2480" HPOS="1654"/>
<String STYLE="superscript" CONTENT="Wintersemester" HEIGHT="49" WIDTH="475" VPOS="2466" HPOS="1701"/>
<SP HEIGHT="49" WIDTH="51" VPOS="2466" HPOS="2177"/>
<String STYLE="superscript" CONTENT="1893/" HEIGHT="63" WIDTH="167" VPOS="2465" HPOS="2229"/>
</TextLine>
<TextLine HEIGHT="70" WIDTH="2026" VPOS="2540" HPOS="373" STYLEREFS="StyleId-E1B3CFDC-B492-48E4-869F-09F0258AF3D3-">
<String STYLE="superscript" CONTENT="94." HEIGHT="49" WIDTH="82" VPOS="2544" HPOS="373"/>
<SP HEIGHT="53" WIDTH="71" VPOS="2540" HPOS="456"/>
<String STYLE="superscript" CONTENT="Ausgearbeitet" HEIGHT="70" WIDTH="446" VPOS="2540" HPOS="528"/>
<SP HEIGHT="48" WIDTH="33" VPOS="2546" HPOS="975"/>
<String STYLE="superscript" CONTENT="von" HEIGHT="35" WIDTH="112" VPOS="2559" HPOS="1009"/>
<SP HEIGHT="52" WIDTH="40" VPOS="2541" HPOS="1122"/>
<String STYLE="superscript" CONTENT="Ernst" HEIGHT="53" WIDTH="180" VPOS="2541" HPOS="1163"/>
<SP HEIGHT="53" WIDTH="37" VPOS="2541" HPOS="1344"/>
<String STYLE="superscript" CONTENT="Ritter," HEIGHT="68" WIDTH="211" VPOS="2540" HPOS="1382"/>
<SP HEIGHT="67" WIDTH="35" VPOS="2541" HPOS="1594"/>
<String STYLE="superscript" CONTENT="herausgegeben" HEIGHT="70" WIDTH="463" VPOS="2540" HPOS="1630"/>
<SP HEIGHT="34" WIDTH="39" VPOS="2559" HPOS="2094"/>
<String STYLE="superscript" CONTENT="und" HEIGHT="53" WIDTH="116" VPOS="2541" HPOS="2134"/>
<SP HEIGHT="53" WIDTH="40" VPOS="2541" HPOS="2251"/>
<String STYLE="superscript" CONTENT="mit" HEIGHT="53" WIDTH="107" VPOS="2540" HPOS="2292"/>
</TextLine>
<TextLine HEIGHT="70" WIDTH="2027" VPOS="2619" HPOS="373" STYLEREFS="StyleId-E1B3CFDC-B492-48E4-869F-09F0258AF3D3-" CS="1">
<String STYLE="superscript" CONTENT="anmerkungen" HEIGHT="69" WIDTH="431" VPOS="2620" HPOS="373"/>
<SP HEIGHT="34" WIDTH="42" VPOS="2640" HPOS="805"/>
<String STYLE="superscript" CONTENT="versehen" HEIGHT="54" WIDTH="273" VPOS="2621" HPOS="848"/>
<SP HEIGHT="34" WIDTH="39" VPOS="2640" HPOS="1122"/>
<String STYLE="superscript" CONTENT="von" HEIGHT="35" WIDTH="113" VPOS="2640" HPOS="1162"/>
<SP HEIGHT="56" WIDTH="41" VPOS="2620" HPOS="1276"/>
<String STYLE="superscript" CONTENT="Otto" HEIGHT="56" WIDTH="142" VPOS="2620" HPOS="1318"/>
<SP HEIGHT="54" WIDTH="42" VPOS="2621" HPOS="1461"/>
<String STYLE="superscript" CONTENT="Haupt" HEIGHT="68" WIDTH="209" VPOS="2621" HPOS="1504"/>
<SP HEIGHT="47" WIDTH="46" VPOS="2626" HPOS="1714"/>
<String STYLE="superscript" CS="1" CONTENT="&#8230;"/>
<SP HEIGHT="52" WIDTH="78" VPOS="2621" HPOS="1818"/>
<String STYLE="superscript" CONTENT="Mit" HEIGHT="53" WIDTH="114" VPOS="2620" HPOS="1897"/>
<SP HEIGHT="49" WIDTH="41" VPOS="2624" HPOS="2012"/>
<String STYLE="superscript" CONTENT="96" HEIGHT="51" WIDTH="66" VPOS="2622" HPOS="2054"/>
<SP HEIGHT="54" WIDTH="41" VPOS="2619" HPOS="2121"/>
<String STYLE="superscript" CONTENT="figuren." HEIGHT="70" WIDTH="237" VPOS="2619" HPOS="2163"/>
</TextLine>
<TextLine HEIGHT="71" WIDTH="819" VPOS="2697" HPOS="373" STYLEREFS="StyleId-E1B3CFDC-B492-48E4-869F-09F0258AF3D3-">
<String STYLE="superscript" CONTENT="Berlin," HEIGHT="65" WIDTH="220" VPOS="2699" HPOS="373"/>
<SP HEIGHT="65" WIDTH="25" VPOS="2699" HPOS="594"/>
<String STYLE="superscript" CONTENT="J." HEIGHT="54" WIDTH="56" VPOS="2699" HPOS="620"/>
<SP HEIGHT="56" WIDTH="30" VPOS="2697" HPOS="677"/>
<String STYLE="superscript" CONTENT="Springer," HEIGHT="71" WIDTH="302" VPOS="2697" HPOS="708"/>
<SP HEIGHT="65" WIDTH="28" VPOS="2702" HPOS="1011"/>
<String STYLE="superscript" CONTENT="1933." HEIGHT="50" WIDTH="152" VPOS="2701" HPOS="1040"/>
</TextLine>
<TextLine HEIGHT="109" WIDTH="2009" VPOS="2770" HPOS="371" STYLEREFS="StyleId-A87D22A4-EFF9-4400-BC2B-E78F40A226A6-" CS="1">
<String STYLE="superscript" CONTENT="ix," HEIGHT="46" WIDTH="64" VPOS="2773" HPOS="444"/>
<SP/>
<String STYLE="superscript" CONTENT="344" HEIGHT="41" WIDTH="87" VPOS="2771" HPOS="539"/>
<SP HEIGHT="48" WIDTH="29" VPOS="2772" HPOS="627"/>
<String STYLE="superscript" CONTENT="p." HEIGHT="38" WIDTH="43" VPOS="2782" HPOS="657"/>
<SP HEIGHT="39" WIDTH="63" VPOS="2774" HPOS="701"/>
<String STYLE="superscript" CONTENT="diagrs." HEIGHT="47" WIDTH="180" VPOS="2773" HPOS="765"/>
<SP HEIGHT="40" WIDTH="60" VPOS="2772" HPOS="946"/>
<String STYLE="superscript" CONTENT="24" HEIGHT="40" WIDTH="58" VPOS="2771" HPOS="1007"/>
<String STYLE="superscript" LANG="en-US" CS="1" CONTENT="&#189;"/>
<String STYLE="superscript" CONTENT="cm." HEIGHT="38" WIDTH="59" VPOS="2774" HPOS="1097"/>
<SP/>
<String STYLE="superscript" CONTENT="(" HEIGHT="48" WIDTH="14" VPOS="2773" HPOS="1227"/>
<String STYLE="superscript" LANG="en-US" CONTENT="Added" HEIGHT="40" WIDTH="168" VPOS="2773" HPOS="1250"/>
<String STYLE="superscript" CONTENT="," HEIGHT="14" WIDTH="6" VPOS="2808" HPOS="1418"/>
<SP HEIGHT="47" WIDTH="29" VPOS="2775" HPOS="1425"/>
<String STYLE="superscript" CONTENT="t.-p.:" HEIGHT="45" WIDTH="119" VPOS="2775" HPOS="1455"/>
<SP HEIGHT="41" WIDTH="32" VPOS="2772" HPOS="1575"/>
<String STYLE="superscript" CONTENT="Die" HEIGHT="40" WIDTH="92" VPOS="2772" HPOS="1608"/>
<SP HEIGHT="38" WIDTH="31" VPOS="2782" HPOS="1701"/>
<String STYLE="superscript" CONTENT="grundlehren" HEIGHT="50" WIDTH="330" VPOS="2770" HPOS="1733"/>
<SP HEIGHT="39" WIDTH="32" VPOS="2772" HPOS="2064"/>
<String STYLE="superscript" CONTENT="der" HEIGHT="39" WIDTH="86" VPOS="2772" HPOS="2097"/>
<SP HEIGHT="28" WIDTH="31" VPOS="2781" HPOS="2184"/>
<String STYLE="superscript" CONTENT="mathematischen" HEIGHT="99" WIDTH="2009" VPOS="2772" HPOS="371"/>
<SP HEIGHT="29" WIDTH="26" VPOS="2842" HPOS="646"/>
<String STYLE="superscript" CONTENT="Wissenschaften" HEIGHT="42" WIDTH="410" VPOS="2830" HPOS="673"/>
<SP HEIGHT="40" WIDTH="26" VPOS="2830" HPOS="1084"/>
<String STYLE="superscript" CONTENT="in" HEIGHT="41" WIDTH="50" VPOS="2830" HPOS="1111"/>
<SP HEIGHT="30" WIDTH="24" VPOS="2841" HPOS="1162"/>
<String STYLE="superscript" CONTENT="einzeldarstellungen" HEIGHT="49" WIDTH="528" VPOS="2830" HPOS="1187"/>
<SP HEIGHT="28" WIDTH="30" VPOS="2843" HPOS="1716"/>
<String STYLE="superscript" CS="1" CONTENT="&#8230;"/>
<SP HEIGHT="41" WIDTH="65" VPOS="2830" HPOS="1797"/>
<String STYLE="superscript" CONTENT="bd." HEIGHT="41" WIDTH="75" VPOS="2830" HPOS="1863"/>
<SP HEIGHT="30" WIDTH="26" VPOS="2841" HPOS="1939"/>
<String STYLE="superscript" CS="1" CONTENT="XXXIX)" HEIGHT="48" WIDTH="15" VPOS="2831" HPOS="2135"/>
</TextLine>
<TextLine HEIGHT="52" WIDTH="1012" VPOS="2886" HPOS="445">
<String STYLE="superscript" CONTENT="&#8220;Literaturverzeichnis&#8221;" HEIGHT="42" WIDTH="616" VPOS="2886" HPOS="445"/>
<SP HEIGHT="42" WIDTH="18" VPOS="2886" HPOS="1062"/>
<String STYLE="superscript" CONTENT=":" HEIGHT="31" WIDTH="9" VPOS="2897" HPOS="1081"/>
<SP HEIGHT="40" WIDTH="33" VPOS="2896" HPOS="1091"/>
<String STYLE="superscript" CONTENT="p." HEIGHT="40" WIDTH="43" VPOS="2896" HPOS="1125"/>
<SP HEIGHT="31" WIDTH="37" VPOS="2907" HPOS="1169"/>
<String STYLE="superscript" CONTENT="[336]-342." HEIGHT="52" WIDTH="250" VPOS="2886" HPOS="1207"/>
</TextLine>
<TextLine HEIGHT="53" WIDTH="1852" VPOS="2942" HPOS="379" CS="1">
<String STYLE="superscript" CONTENT="&#169;" HEIGHT="52" WIDTH="52" VPOS="2942" HPOS="379"/>
<SP HEIGHT="52" WIDTH="28" VPOS="2942" HPOS="432"/>
<String STYLE="superscript" CONTENT="June" HEIGHT="40" WIDTH="128" VPOS="2947" HPOS="461"/>
<SP HEIGHT="41" WIDTH="26" VPOS="2946" HPOS="590"/>
<String STYLE="superscript" CONTENT="23," HEIGHT="45" WIDTH="70" VPOS="2946" HPOS="617"/>
<SP HEIGHT="44" WIDTH="29" VPOS="2947" HPOS="688"/>
<String STYLE="superscript" CONTENT="1933:" HEIGHT="42" WIDTH="142" VPOS="2946" HPOS="718"/>
<SP HEIGHT="40" WIDTH="31" VPOS="2948" HPOS="861"/>
<String STYLE="superscript" CS="1" CONTENT="1c"/>
<String STYLE="superscript" LANG="fr" CONTENT="." HEIGHT="8" WIDTH="7" VPOS="2979" HPOS="952"/>
<SP HEIGHT="40" WIDTH="32" VPOS="2947" HPOS="960"/>
<String STYLE="superscript" LANG="fr" CONTENT="Sept." HEIGHT="48" WIDTH="129" VPOS="2947" HPOS="993"/>
<SP HEIGHT="40" WIDTH="30" VPOS="2948" HPOS="1123"/>
<String STYLE="superscript" CONTENT="1;" HEIGHT="46" WIDTH="51" VPOS="2948" HPOS="1154"/>
<SP HEIGHT="47" WIDTH="31" VPOS="2947" HPOS="1206"/>
<!-- cceid 49DE759E-6CF9-1014-A6CF-A82867D68027 --><String STYLE="superscript" LANG="fr" CONTENT="A" HEIGHT="39" WIDTH="42" VPOS="2947" HPOS="1238"/>
<String STYLE="superscript" CONTENT="-Foreign" HEIGHT="48" WIDTH="276" VPOS="2946" HPOS="1281"/>
<SP HEIGHT="40" WIDTH="23" VPOS="2946" HPOS="1558"/>
<String STYLE="superscript" CONTENT="22001;" HEIGHT="48" WIDTH="173" VPOS="2945" HPOS="1582"/>
<SP HEIGHT="47" WIDTH="33" VPOS="2946" HPOS="1756"/>
<String STYLE="superscript" CONTENT="Julius" HEIGHT="40" WIDTH="167" VPOS="2946" HPOS="1790"/>
<SP HEIGHT="40" WIDTH="28" VPOS="2946" HPOS="1958"/>
<String STYLE="superscript" CONTENT="Springer." HEIGHT="49" WIDTH="244" VPOS="2945" HPOS="1987"/>
</TextLine>
<TextLine HEIGHT="48" WIDTH="283" VPOS="3004" HPOS="458">
<String STYLE="superscript" CONTENT="(33-30863)" HEIGHT="48" WIDTH="283" VPOS="3004" HPOS="458"/>
</TextLine>
<TextLine HEIGHT="67" WIDTH="552" VPOS="3093" HPOS="372" STYLEREFS="StyleId-55EFA04A-9665-42CA-AB64-597F7067A8C0-">
<String STYLE="superscript" CONTENT="Klepper," HEIGHT="67" WIDTH="277" VPOS="3093" HPOS="372"/>
<SP HEIGHT="65" WIDTH="29" VPOS="3095" HPOS="650"/>
<String STYLE="superscript" CONTENT="Jochen." HEIGHT="56" WIDTH="244" VPOS="3095" HPOS="680"/>
</TextLine>
<TextLine HEIGHT="71" WIDTH="1883" VPOS="3169" HPOS="508" STYLEREFS="StyleId-E1B3CFDC-B492-48E4-869F-09F0258AF3D3-" CS="1">
<String STYLE="superscript" CS="1" CONTENT="&#8230;"/>
<SP HEIGHT="54" WIDTH="45" VPOS="3171" HPOS="508"/>
<String STYLE="superscript" CONTENT="Der" HEIGHT="55" WIDTH="118" VPOS="3171" HPOS="554"/>
<SP HEIGHT="52" WIDTH="37" VPOS="3170" HPOS="673"/>
<String STYLE="superscript" CONTENT="kahn" HEIGHT="54" WIDTH="156" VPOS="3170" HPOS="711"/>
<SP HEIGHT="53" WIDTH="38" VPOS="3171" HPOS="868"/>
<String STYLE="superscript" CONTENT="der" HEIGHT="53" WIDTH="99" VPOS="3171" HPOS="907"/>
<SP HEIGHT="53" WIDTH="39" VPOS="3170" HPOS="1007"/>
<String STYLE="superscript" CONTENT="fr&#246;hlichen" HEIGHT="54" WIDTH="326" VPOS="3170" HPOS="1047"/>
<SP HEIGHT="53" WIDTH="37" VPOS="3171" HPOS="1374"/>
<String STYLE="superscript" CONTENT="leute," HEIGHT="69" WIDTH="168" VPOS="3171" HPOS="1412"/>
<SP HEIGHT="51" WIDTH="36" VPOS="3189" HPOS="1581"/>
<String STYLE="superscript" LANG="fr" CONTENT="roman." HEIGHT="36" WIDTH="215" VPOS="3189" HPOS="1618"/>
<SP HEIGHT="55" WIDTH="77" VPOS="3169" HPOS="1834"/>
<String STYLE="superscript" CONTENT="Stuttgart" HEIGHT="69" WIDTH="296" VPOS="3169" HPOS="1912"/>
<SP HEIGHT="63" WIDTH="43" VPOS="3175" HPOS="2209"/>
<String STYLE="superscript" CONTENT="[etc.]" HEIGHT="65" WIDTH="138" VPOS="3173" HPOS="2253"/>
</TextLine>
<TextLine HEIGHT="70" WIDTH="1035" VPOS="3249" HPOS="376" STYLEREFS="StyleId-E1B3CFDC-B492-48E4-869F-09F0258AF3D3-">
<String STYLE="superscript" CONTENT="Deutsche" HEIGHT="55" WIDTH="284" VPOS="3249" HPOS="376"/>
<SP HEIGHT="34" WIDTH="39" VPOS="3268" HPOS="661"/>
<String STYLE="superscript" CONTENT="verlags-anstalt" HEIGHT="69" WIDTH="468" VPOS="3249" HPOS="701"/>
<SP HEIGHT="62" WIDTH="46" VPOS="3257" HPOS="1170"/>
<String STYLE="superscript" CONTENT="[c1933]" HEIGHT="66" WIDTH="194" VPOS="3253" HPOS="1217"/>
</TextLine>
<TextLine HEIGHT="51" WIDTH="471" VPOS="3321" HPOS="445" CS="1">
<String STYLE="superscript" CONTENT="245," HEIGHT="48" WIDTH="101" VPOS="3321" HPOS="445"/>
<SP HEIGHT="30" WIDTH="32" VPOS="3341" HPOS="547"/>
<String STYLE="superscript" CONTENT="[1]" HEIGHT="50" WIDTH="54" VPOS="3322" HPOS="580"/>
<SP HEIGHT="38" WIDTH="30" VPOS="3334" HPOS="635"/>
<String STYLE="superscript" CONTENT="p." HEIGHT="37" WIDTH="42" VPOS="3334" HPOS="666"/>
<SP HEIGHT="40" WIDTH="60" VPOS="3322" HPOS="709"/>
<String STYLE="superscript" CONTENT="19" HEIGHT="41" WIDTH="55" VPOS="3321" HPOS="770"/>
<String STYLE="superscript" LANG="en-US" CS="1" CONTENT="&#189;"/>
<String STYLE="superscript" CONTENT="cm." HEIGHT="38" WIDTH="57" VPOS="3324" HPOS="859"/>
</TextLine>
<TextLine HEIGHT="111" WIDTH="2005" VPOS="3378" HPOS="378" CS="1">
<String STYLE="superscript" CONTENT="&#169;" HEIGHT="53" WIDTH="52" VPOS="3378" HPOS="378"/>
<SP HEIGHT="53" WIDTH="41" VPOS="3378" HPOS="431"/>
<String STYLE="superscript" CONTENT="June" HEIGHT="39" WIDTH="131" VPOS="3384" HPOS="473"/>
<SP HEIGHT="39" WIDTH="37" VPOS="3384" HPOS="605"/>
<String STYLE="superscript" CONTENT="16:," HEIGHT="48" WIDTH="69" VPOS="3383" HPOS="643"/>
<SP HEIGHT="47" WIDTH="42" VPOS="3384" HPOS="713"/>
<String STYLE="superscript" CONTENT="1933;" HEIGHT="45" WIDTH="141" VPOS="3383" HPOS="756"/>
<SP HEIGHT="44" WIDTH="43" VPOS="3384" HPOS="898"/>
<String STYLE="superscript" CS="1" CONTENT="1c"/>
<String STYLE="superscript" LANG="fr" CONTENT="." HEIGHT="7" WIDTH="6" VPOS="3414" HPOS="1001"/>
<SP HEIGHT="40" WIDTH="46" VPOS="3383" HPOS="1008"/>
<String STYLE="superscript" LANG="fr" CONTENT="Sept." HEIGHT="49" WIDTH="129" VPOS="3383" HPOS="1055"/>
<SP HEIGHT="38" WIDTH="42" VPOS="3384" HPOS="1185"/>
<String STYLE="superscript" CONTENT="1;" HEIGHT="45" WIDTH="53" VPOS="3384" HPOS="1228"/>
<SP HEIGHT="46" WIDTH="43" VPOS="3383" HPOS="1282"/>
<!-- cceid 49DEAC3F-6CF9-1014-A6CF-A82867D68027 --><String STYLE="superscript" LANG="fr" CONTENT="A" HEIGHT="38" WIDTH="41" VPOS="3383" HPOS="1326"/>
<String STYLE="superscript" CONTENT="-Foreign" HEIGHT="48" WIDTH="273" VPOS="3383" HPOS="1367"/>
<SP HEIGHT="39" WIDTH="39" VPOS="3383" HPOS="1641"/>
<String STYLE="superscript" CONTENT="2:1994;" HEIGHT="47" WIDTH="173" VPOS="3382" HPOS="1681"/>
<SP HEIGHT="45" WIDTH="45" VPOS="3384" HPOS="1855"/>
<String STYLE="superscript" CONTENT="Deutsche" HEIGHT="39" WIDTH="247" VPOS="3384" HPOS="1901"/>
<SP HEIGHT="30" WIDTH="40" VPOS="3392" HPOS="2149"/>
<String STYLE="superscript" CONTENT="verlagsanstalt," HEIGHT="98" WIDTH="1936" VPOS="3383" HPOS="447"/>
<SP HEIGHT="48" WIDTH="72" VPOS="3441" HPOS="648"/>
<String STYLE="superscript" CONTENT="(33-31630)" HEIGHT="48" WIDTH="282" VPOS="3441" HPOS="721"/>
</TextLine>
<TextLine HEIGHT="68" WIDTH="1210" VPOS="3530" HPOS="377" STYLEREFS="StyleId-55EFA04A-9665-42CA-AB64-597F7067A8C0-">
<String STYLE="superscript" LANG="de" CONTENT="Kraft," HEIGHT="68" WIDTH="205" VPOS="3530" HPOS="377"/>
<SP HEIGHT="66" WIDTH="29" VPOS="3532" HPOS="583"/>
<String STYLE="superscript" LANG="fr" CONTENT="Frederick" HEIGHT="54" WIDTH="319" VPOS="3531" HPOS="613"/>
<SP HEIGHT="52" WIDTH="28" VPOS="3532" HPOS="933"/>
<String STYLE="superscript" LANG="de" CONTENT="August," HEIGHT="64" WIDTH="262" VPOS="3532" HPOS="962"/>
<SP HEIGHT="58" WIDTH="34" VPOS="3538" HPOS="1225"/>
<String STYLE="superscript" LANG="de" CONTENT="1871-1933." HEIGHT="55" WIDTH="327" VPOS="3533" HPOS="1260"/>
</TextLine>
<TextLine HEIGHT="70" WIDTH="1948" VPOS="3609" HPOS="448" STYLEREFS="StyleId-E1B3CFDC-B492-48E4-869F-09F0258AF3D3-">
<String STYLE="superscript" CONTENT="&#8220;Dorio&#8221;;" HEIGHT="68" WIDTH="280" VPOS="3609" HPOS="448"/>
<SP HEIGHT="47" WIDTH="47" VPOS="3630" HPOS="729"/>
<String STYLE="superscript" CONTENT="eine" HEIGHT="53" WIDTH="122" VPOS="3611" HPOS="777"/>
<SP HEIGHT="34" WIDTH="46" VPOS="3630" HPOS="900"/>
<String STYLE="superscript" CONTENT="stimme" HEIGHT="54" WIDTH="226" VPOS="3611" HPOS="947"/>
<SP HEIGHT="35" WIDTH="48" VPOS="3630" HPOS="1174"/>
<String STYLE="superscript" CONTENT="aus" HEIGHT="35" WIDTH="98" VPOS="3630" HPOS="1223"/>
<SP HEIGHT="53" WIDTH="46" VPOS="3612" HPOS="1322"/>
<String STYLE="superscript" CONTENT="dem" HEIGHT="52" WIDTH="129" VPOS="3612" HPOS="1369"/>
<SP HEIGHT="68" WIDTH="45" VPOS="3611" HPOS="1499"/>
<String STYLE="superscript" CONTENT="jenseits." HEIGHT="68" WIDTH="250" VPOS="3611" HPOS="1545"/>
<SP HEIGHT="51" WIDTH="81" VPOS="3612" HPOS="1796"/>
<String STYLE="superscript" CONTENT="Ein" HEIGHT="52" WIDTH="117" VPOS="3611" HPOS="1878"/>
<SP HEIGHT="35" WIDTH="42" VPOS="3629" HPOS="1996"/>
<String STYLE="superscript" CONTENT="erbaulicher" HEIGHT="54" WIDTH="357" VPOS="3610" HPOS="2039"/>
</TextLine>
<TextLine HEIGHT="72" WIDTH="2020" VPOS="3687" HPOS="375" STYLEREFS="StyleId-E1B3CFDC-B492-48E4-869F-09F0258AF3D3-">
<String STYLE="superscript" CONTENT="und" HEIGHT="52" WIDTH="119" VPOS="3689" HPOS="375"/>
<SP HEIGHT="52" WIDTH="40" VPOS="3689" HPOS="495"/>
<String STYLE="superscript" CONTENT="zeitgem&#228;sser" HEIGHT="69" WIDTH="400" VPOS="3687" HPOS="536"/>
<SP HEIGHT="53" WIDTH="37" VPOS="3689" HPOS="937"/>
<String STYLE="superscript" CONTENT="beitrag" HEIGHT="70" WIDTH="227" VPOS="3689" HPOS="975"/>
<SP HEIGHT="50" WIDTH="40" VPOS="3709" HPOS="1203"/>
<String STYLE="superscript" CONTENT="zur" HEIGHT="35" WIDTH="101" VPOS="3707" HPOS="1244"/>
<SP HEIGHT="50" WIDTH="39" VPOS="3709" HPOS="1346"/>
<String STYLE="superscript" CONTENT="geistlehre," HEIGHT="69" WIDTH="323" VPOS="3690" HPOS="1386"/>
<SP HEIGHT="47" WIDTH="38" VPOS="3709" HPOS="1710"/>
<String STYLE="superscript" CONTENT="von" HEIGHT="34" WIDTH="112" VPOS="3709" HPOS="1749"/>
<SP HEIGHT="52" WIDTH="38" VPOS="3690" HPOS="1862"/>
<String STYLE="superscript" CONTENT="dr." HEIGHT="52" WIDTH="86" VPOS="3690" HPOS="1901"/>
<SP HEIGHT="33" WIDTH="41" VPOS="3709" HPOS="1988"/>
<String STYLE="superscript" CONTENT="med." HEIGHT="53" WIDTH="145" VPOS="3689" HPOS="2030"/>
<SP HEIGHT="53" WIDTH="39" VPOS="3689" HPOS="2176"/>
<String STYLE="superscript" LANG="fr" CONTENT="F." HEIGHT="52" WIDTH="67" VPOS="3689" HPOS="2216"/>
<SP HEIGHT="52" WIDTH="37" VPOS="3689" HPOS="2284"/>
<String STYLE="superscript" CONTENT="A." HEIGHT="52" WIDTH="73" VPOS="3689" HPOS="2322"/>
</TextLine>
<TextLine HEIGHT="72" WIDTH="1366" VPOS="3765" HPOS="377" STYLEREFS="StyleId-E1B3CFDC-B492-48E4-869F-09F0258AF3D3-" CS="1">
<String STYLE="superscript" CS="1" CONTENT="Kraff." HEIGHT="54" WIDTH="91" VPOS="3765" HPOS="377"/>
<SP HEIGHT="53" WIDTH="75" VPOS="3767" HPOS="581"/>
<String STYLE="superscript" CONTENT="Leipzig," HEIGHT="70" WIDTH="263" VPOS="3767" HPOS="657"/>
<SP HEIGHT="68" WIDTH="39" VPOS="3769" HPOS="921"/>
<String STYLE="superscript" CONTENT="R." HEIGHT="53" WIDTH="72" VPOS="3769" HPOS="961"/>
<SP HEIGHT="52" WIDTH="44" VPOS="3770" HPOS="1034"/>
<String STYLE="superscript" CONTENT="Besser" HEIGHT="52" WIDTH="202" VPOS="3770" HPOS="1079"/>
<SP HEIGHT="34" WIDTH="40" VPOS="3788" HPOS="1282"/>
<String STYLE="superscript" CONTENT="nachf." HEIGHT="54" WIDTH="196" VPOS="3768" HPOS="1323"/>
<SP HEIGHT="34" WIDTH="48" VPOS="3803" HPOS="1520"/>
<String STYLE="superscript" CONTENT="[1933]" HEIGHT="64" WIDTH="174" VPOS="3773" HPOS="1569"/>
</TextLine>
<TextLine HEIGHT="51" WIDTH="1022" VPOS="3841" HPOS="486" CS="1">
<String STYLE="superscript" CS="1" CONTENT="v," HEIGHT="12" WIDTH="8" VPOS="3872" HPOS="486"/>
<SP HEIGHT="28" WIDTH="27" VPOS="3861" HPOS="495"/>
<String STYLE="superscript" CONTENT="[1]" HEIGHT="49" WIDTH="54" VPOS="3841" HPOS="523"/>
<SP HEIGHT="38" WIDTH="24" VPOS="3852" HPOS="578"/>
<String STYLE="superscript" CONTENT="p.," HEIGHT="38" WIDTH="58" VPOS="3852" HPOS="603"/>
<SP HEIGHT="44" WIDTH="23" VPOS="3842" HPOS="662"/>
<String STYLE="superscript" CONTENT="3" HEIGHT="40" WIDTH="26" VPOS="3842" HPOS="686"/>
<SP HEIGHT="40" WIDTH="25" VPOS="3842" HPOS="713"/>
<String STYLE="superscript" CS="1" CONTENT="l.," HEIGHT="13" WIDTH="8" VPOS="3874" HPOS="775"/>
<SP HEIGHT="46" WIDTH="27" VPOS="3841" HPOS="784"/>
<String STYLE="superscript" CS="1" CONTENT="110," HEIGHT="14" WIDTH="8" VPOS="3874" HPOS="901"/>
<SP HEIGHT="30" WIDTH="28" VPOS="3862" HPOS="910"/>
<String STYLE="superscript" CS="1" CONTENT="[1]" HEIGHT="30" WIDTH="55" VPOS="3862" HPOS="939"/>
<SP HEIGHT="38" WIDTH="26" VPOS="3854" HPOS="995"/>
<String STYLE="superscript" CONTENT="p." HEIGHT="38" WIDTH="42" VPOS="3854" HPOS="1022"/>
<SP HEIGHT="40" WIDTH="60" VPOS="3843" HPOS="1065"/>
<String STYLE="superscript" CONTENT="3" HEIGHT="39" WIDTH="25" VPOS="3843" HPOS="1126"/>
<SP HEIGHT="48" WIDTH="24" VPOS="3843" HPOS="1152"/>
<String STYLE="superscript" LANG="en-US" CONTENT="port." HEIGHT="47" WIDTH="124" VPOS="3844" HPOS="1177"/>
<SP HEIGHT="41" WIDTH="59" VPOS="3841" HPOS="1302"/>
<String STYLE="superscript" CONTENT="23" HEIGHT="41" WIDTH="54" VPOS="3841" HPOS="1362"/>
<String STYLE="superscript" LANG="en-US" CS="1" CONTENT="&#189;"/>
<String STYLE="superscript" CONTENT="cm." HEIGHT="39" WIDTH="56" VPOS="3844" HPOS="1452"/>
</TextLine>
<TextLine HEIGHT="52" WIDTH="1941" VPOS="3897" HPOS="454">
<String STYLE="superscript" CONTENT="&#8220;Die" HEIGHT="42" WIDTH="120" VPOS="3897" HPOS="454"/>
<SP HEIGHT="31" WIDTH="44" VPOS="3908" HPOS="575"/>
<String STYLE="superscript" CONTENT="verbesserte" HEIGHT="43" WIDTH="302" VPOS="3897" HPOS="620"/>
<SP HEIGHT="30" WIDTH="43" VPOS="3910" HPOS="923"/>
<String STYLE="superscript" CONTENT="und" HEIGHT="40" WIDTH="99" VPOS="3900" HPOS="967"/>
<SP HEIGHT="40" WIDTH="45" VPOS="3900" HPOS="1067"/>
<String STYLE="superscript" CONTENT="erweiterte" HEIGHT="43" WIDTH="277" VPOS="3898" HPOS="1113"/>
<SP HEIGHT="41" WIDTH="45" VPOS="3900" HPOS="1391"/>
<String STYLE="superscript" CONTENT="deutsche" HEIGHT="41" WIDTH="232" VPOS="3900" HPOS="1437"/>
<SP HEIGHT="31" WIDTH="44" VPOS="3910" HPOS="1670"/>
<String STYLE="superscript" CONTENT="ausgabe" HEIGHT="49" WIDTH="214" VPOS="3900" HPOS="1715"/>
<SP HEIGHT="41" WIDTH="44" VPOS="3900" HPOS="1930"/>
<String STYLE="superscript" CONTENT="der" HEIGHT="41" WIDTH="85" VPOS="3900" HPOS="1975"/>
<SP HEIGHT="40" WIDTH="44" VPOS="3900" HPOS="2061"/>
<String STYLE="superscript" CONTENT="bereits" HEIGHT="41" WIDTH="180" VPOS="3900" HPOS="2106"/>
<SP HEIGHT="41" WIDTH="44" VPOS="3900" HPOS="2287"/>
<String STYLE="superscript" CONTENT="im" HEIGHT="40" WIDTH="63" VPOS="3900" HPOS="2332"/>
</TextLine>
<TextLine HEIGHT="53" WIDTH="1681" VPOS="3953" HPOS="379">
<String STYLE="superscript" CONTENT="jahre" HEIGHT="46" WIDTH="143" VPOS="3953" HPOS="379"/>
<SP HEIGHT="38" WIDTH="31" VPOS="3957" HPOS="523"/>
<String STYLE="superscript" CONTENT="1926" HEIGHT="41" WIDTH="113" VPOS="3954" HPOS="555"/>
<SP HEIGHT="41" WIDTH="26" VPOS="3955" HPOS="669"/>
<String STYLE="superscript" CONTENT="erschienenen" HEIGHT="41" WIDTH="348" VPOS="3955" HPOS="696"/>
<SP HEIGHT="30" WIDTH="27" VPOS="3968" HPOS="1045"/>
<String STYLE="superscript" CONTENT="englischen" HEIGHT="48" WIDTH="279" VPOS="3956" HPOS="1073"/>
<SP HEIGHT="37" WIDTH="29" VPOS="3968" HPOS="1353"/>
<String STYLE="superscript" CONTENT="gleichen" HEIGHT="48" WIDTH="219" VPOS="3957" HPOS="1383"/>
<SP HEIGHT="29" WIDTH="30" VPOS="3968" HPOS="1603"/>
<String STYLE="superscript" CONTENT="namens.&#8221;&#8212;p." HEIGHT="49" WIDTH="352" VPOS="3957" HPOS="1634"/>
<SP HEIGHT="29" WIDTH="30" VPOS="3968" HPOS="1987"/>
<String STYLE="superscript" CONTENT="v." HEIGHT="28" WIDTH="42" VPOS="3968" HPOS="2018"/>
</TextLine>
<TextLine HEIGHT="53" WIDTH="2019" VPOS="4010" HPOS="382" CS="1">
<String STYLE="superscript" CONTENT="&#169;" HEIGHT="53" WIDTH="52" VPOS="4010" HPOS="382"/>
<SP HEIGHT="53" WIDTH="32" VPOS="4010" HPOS="435"/>
<String STYLE="superscript" CONTENT="Mar." HEIGHT="39" WIDTH="122" VPOS="4015" HPOS="468"/>
<SP HEIGHT="39" WIDTH="30" VPOS="4015" HPOS="591"/>
<String STYLE="superscript" CONTENT="7," HEIGHT="47" WIDTH="38" VPOS="4015" HPOS="622"/>
<SP HEIGHT="47" WIDTH="32" VPOS="4015" HPOS="661"/>
<String STYLE="superscript" CONTENT="1933;" HEIGHT="47" WIDTH="142" VPOS="4013" HPOS="694"/>
<SP HEIGHT="46" WIDTH="33" VPOS="4014" HPOS="837"/>
<String STYLE="superscript" CONTENT="2c." HEIGHT="40" WIDTH="67" VPOS="4014" HPOS="871"/>
<SP HEIGHT="39" WIDTH="32" VPOS="4015" HPOS="939"/>
<String STYLE="superscript" CS="1" CONTENT="July" HEIGHT="40" WIDTH="81" VPOS="4014" HPOS="972"/>
<SP HEIGHT="40" WIDTH="29" VPOS="4014" HPOS="1090"/>
<String STYLE="superscript" CONTENT="24:" HEIGHT="41" WIDTH="82" VPOS="4014" HPOS="1120"/>
<SP HEIGHT="41" WIDTH="35" VPOS="4014" HPOS="1203"/>
<!-- cceid 49DEDF51-6CF9-1014-A6CF-A82867D68027 --><String STYLE="superscript" LANG="en-US" CONTENT="A" HEIGHT="39" WIDTH="40" VPOS="4014" HPOS="1239"/>
<String STYLE="superscript" CONTENT="-Foreign" HEIGHT="49" WIDTH="271" VPOS="4013" HPOS="1281"/>
<SP HEIGHT="39" WIDTH="31" VPOS="4015" HPOS="1553"/>
<String STYLE="superscript" CONTENT="21635;" HEIGHT="48" WIDTH="171" VPOS="4014" HPOS="1585"/>
<SP HEIGHT="47" WIDTH="35" VPOS="4015" HPOS="1757"/>
<String STYLE="superscript" CONTENT="Verlag" HEIGHT="48" WIDTH="179" VPOS="4015" HPOS="1793"/>
<SP HEIGHT="48" WIDTH="32" VPOS="4015" HPOS="1973"/>
<String STYLE="superscript" CONTENT="Rudolf" HEIGHT="39" WIDTH="184" VPOS="4015" HPOS="2006"/>
<SP HEIGHT="39" WIDTH="33" VPOS="4015" HPOS="2191"/>
<String STYLE="superscript" CONTENT="Besser" HEIGHT="38" WIDTH="176" VPOS="4015" HPOS="2225"/>
</TextLine>
<TextLine HEIGHT="51" WIDTH="521" VPOS="4070" HPOS="450">
<String STYLE="superscript" CONTENT="nachf." HEIGHT="39" WIDTH="162" VPOS="4072" HPOS="450"/>
<SP HEIGHT="48" WIDTH="74" VPOS="4072" HPOS="613"/>
<String STYLE="superscript" CONTENT="(33-30689)" HEIGHT="51" WIDTH="283" VPOS="4070" HPOS="688"/>
</TextLine>
</TextBlock>
</PrintSpace>
</Page>
</Layout>
</alto>