2582 4453
1281 4131 133 50 1018

333 436 341 67 McLaurin,
705 436 275 54 Hamish.

410 515 248 54 Eastern
691 515 353 69 philosophy
1079 514 96 54 for
1208 521 243 48 western
1484 514 221 69 minds;
1743 534 72 34 an
1850 516 294 69 approach
2178 522 58 47 to
2269 516 97 52 the

339 593 318 69 principles
684 594 115 53 and
824 594 242 54 modern
1095 594 255 69 practice
1375 593 65 55 of
1467 612 169 52 yoga,
1663 594 75 69 by
1768 594 252 53 Hamish
2048 594 319 53 McLaurin

401 672 1610 70 … Boston, Mass., The Stratford company [ c 1933]
409 745 634 51 3 p. l., xii, 282 p. 21 cm .
407 803 354 49 Bibliography:
821 814 45 39 p.
895 802 222 44 261-279.

691 874 1675 49 CONTENTS.—pt. I. The ancient Aryan teachings.—pt. II. Fundamentals
337 931 53 42 of
459 931 106 42 Vedic
591 931 300 49 belief.—pt.
983 962 12 11 III.
1021 932 104 41 The
1153 932 216 49 practice
1395 932 54 40 of
1474 942 139 39 yoga.

342 1000 2024 52 © July 5, 1933; 2c. July 6; aff. July 12; A 64297; Stratford co., pubrs.
421 1062 283 49 (33-18494)

334 1164 446 68 Malachowski,
805 1165 213 55 Albert
1046 1166 248 55 Charles
1320 1164 280 65 Ludovic,
1631 1172 171 49 1869-

475 1242 1886 71 … Voulez-vous vivre vingt ans de plus? Préface du r. p.
342 1321 2019 71 Sanson … Illustrations de Roger B. Baron. Paris, Nouvelle
338 1401 260 55 librairie
638 1401 302 69 française,
979 1405 152 52 1933.

412 1474 1435 50 2 p. l., [7]-164 p. front., illus., 35 pl. on 18 l . 19 cm .
412 1534 64 40 At
513 1534 126 40 head
677 1533 51 40 of
766 1533 137 41 title:
944 1534 217 39 Docteur
1199 1533 369 41 Malachowski.

342 1603 2024 53 © Dec. 1, 1932; 1c. Jan. 31, 1933; A-Foreign 19569; Nouvelle librairie
409 1666 263 48 française.
745 1665 283 49 (33-18387)

335 1771 245 65 Martet,
610 1771 169 56 Jean.

475 1845 1680 71 … Le récif de corail, roman. Paris, A. Michel [1933]
410 1918 486 50 283 p., 1 l. 19 cm .
343 1991 1906 53 © Mar. 18, 1933; 1c. May 10; A- Foreign 20889; Albin Michel.
421 2052 284 52 (33-17826)

334 2159 314 67 Maynard,
679 2160 225 53 Harold
932 2160 281 55 Howard.

409 2237 97 53 An
539 2236 396 54 introduction
967 2242 59 48 to
1059 2236 257 54 business
1349 2241 433 65 management;
1820 2255 31 34 a
1888 2235 223 55 revised
2145 2236 215 54 edition

339 2314 1961 71 of “An introduction to business”, by Harold H. Maynard …
338 2393 2025 71 Walter C. Weidler … [and] Karl D. Reyer … New York, The
338 2474 957 69 Ronald press company [ c 1933]
409 2548 106 49 xiii,
544 2548 86 41 558
657 2558 45 39 p.
763 2548 183 48 diagrs.
1005 2547 55 40 21
1065 2550 45 22 cm
1115 2580 9 9 .

344 2615 2020 54 © May 16, 1933; 2c. May 18 ; aff. May 17; A 61860; Ronald press co.
422 2678 283 49 (33-18252)

337 2782 257 67 Medina,
621 2783 224 54 Harold
871 2784 332 65 Raymond,
1235 2789 171 49 1888-

413 2859 310 71 Summary
757 2861 64 54 of
854 2862 97 53 the
986 2863 113 52 law
1132 2862 64 53 of
1230 2862 294 69 pleading,
1561 2862 251 68 practice
1849 2862 114 53 and
1997 2862 266 53 evidence
2300 2862 55 52 in

340 2940 1957 68 the state of New York, with forms. by Harold R. Medina …
343 3020 131 51 10th
502 3019 86 53 ed.
656 3019 159 67 [New
841 3019 182 67 York]
1056 3022 155 51 1933.

415 3091 558 50 2 p. l., 189 p. 19½ cm .
345 3160 53 53 ©
439 3166 114 46 May
590 3165 70 46 22,
701 3164 141 46 1933;
884 3164 67 40 2c.
992 3165 95 39 and
1128 3163 82 41 aff.
1252 3164 118 48 July
1408 3164 52 46 8;
1503 3165 40 38 A
1582 3163 171 48 63520;
1797 3165 59 39 H.
1899 3165 55 39 R.
1997 3165 210 45 Medina,
2246 3165 119 39 New

414 3223 143 39 York.
631 3221 282 50 (33-18485)

339 3325 236 66 Morris,
602 3326 160 64 Max,
792 3330 173 51 1890-

417 3401 1943 70 Differential equations, by Max Morris … and Orley E. Brown
409 3479 1223 70 … New York, Prentice-Hall, inc., 1933.
416 3553 886 49 xii p., 1 l., 409 p. diagrs. 19 cm .
417 3611 258 40 “Answers
715 3613 47 38 to
800 3609 271 42 exercises”:
1141 3622 42 37 p.
1228 3611 248 51 [347]-404.

346 3681 53 53 ©
433 3686 116 48 July
580 3685 39 48 6,
651 3685 142 47 1933;
827 3685 67 41 2c.
928 3685 117 48 July
1077 3685 83 47 13;
1195 3685 82 40 aff.
1311 3685 119 48 July
1460 3686 82 46 12;
1578 3686 39 39 A
1652 3686 170 47 64316;
1859 3686 376 43 Prentice-Hall.
2270 3686 90 40 inc.

424 3741 282 51 (33-18392)

341 3845 287 65 Murchie,
656 3847 224 55 Robert
907 3847 221 65 Welch,
1160 3854 172 49 1883-

415 3925 163 52 Land
624 3926 322 52 settlement
991 3944 60 34 as
1098 3944 30 34 a
1175 3924 169 54 relief
1387 3944 273 49 measure,
1704 3926 76 69 by
1826 3926 69 53 R.
1940 3926 91 53 W.
2080 3926 277 55 Murchie.

351 4002 424 69 [Minneapolis]
808 4004 122 53 The
957 4003 340 70 University
1325 4003 65 54 of
1416 4004 326 54 Minnesota
1770 4022 158 51 press
1960 4038 13 34 [
1975 4011 20 22 c
2002 4008 152 65 1933]
