2582 4453
1343 4106 135 50 1428

477 500 280 40 Humorous
787 510 141 37 prose
956 499 95 39 and
1083 508 150 31 verse.

482 558 284 39 Illustrated
801 557 365 47 lining-papers.

411 610 51 52 ©
494 616 118 45 Aug.
642 615 69 41 23,
742 614 141 39 1933:
915 614 66 38 2c.
1012 616 102 38 Oct.
1143 615 53 38 2:
1228 613 82 41 aff.
1344 614 126 47 Sept.
1501 613 84 41 30:
1619 615 42 37 A
1688 615 170 46 65418;
1894 615 170 40 Roben
2106 617 60 38 M.
2201 615 227 41 McBride

479 673 36 38 6
546 683 67 28 co.
685 670 283 49 (33-29679)

406 771 363 69 Goodspeed,
803 776 203 62 Edgar
1037 772 288 67 Johnson,
478 773 1014 134 1871-The
635 853 271 68 meaning
941 853 65 52 of
1043 852 342 68 Ephesians,
1420 852 74 68 by
1532 852 202 69 Edgar
1766 852 57 55 J.
1860 853 356 70 Goodspeed.
408 854 1994 145 Chicago,
602 931 115 68 Ill.,

753 930 1302 69 The University of Chicago press [ c 1933]
478 1004 100 48 viii,
606 1004 86 41 170
722 1014 44 39 p.
829 1004 55 41 23
888 1007 44 21 cm
937 1035 7 7 .

477 1060 1950 53 Part II presents the continuous text of Ephesians in Greek, with parts
407 1119 51 40 of
494 1118 280 41 Colossians
807 1120 97 39 and
940 1118 139 41 other
1114 1120 172 39 letters
1322 1118 51 40 of
1408 1119 122 39 Paul
1567 1118 194 49 printed
1798 1119 50 40 in
1883 1119 206 48 parallel
2127 1121 217 41 columns
2380 1124 47 37 to

406 1175 134 41 show
571 1175 367 41 resemblances,
1001 1176 63 47 cf.
1092 1184 44 39 p.
1166 1175 71 41 81.

411 1230 51 53 ©
497 1235 128 48 Sept.
657 1234 39 46 5,
728 1233 141 41 1933:
904 1233 66 41 2c.
1003 1234 94 40 and
1130 1233 82 40 aff.
1247 1233 115 48 Sept.
1405 1232 83 42 22:
1522 1233 41 39 A
1595 1232 172 48 66214;
1804 1232 283 49 University
2119 1234 51 40 of
2204 1234 224 50 Chicago,

479 1292 225 48 Chicago.
777 1290 281 50 (33-29519)

406 1395 288 65 Gregory,
729 1395 278 65 Jackson,
1043 1397 172 51 1882-

480 1472 108 67 Ru,
627 1472 94 52 the
759 1489 327 50 conqueror,
1126 1471 72 70 by
1237 1470 247 54 Jackson
1528 1469 277 70 Gregory.
1881 1470 135 54 New
2062 1470 178 68 York,
409 1471 1990 145 London,
577 1550 61 56 C.
681 1549 315 56 Scribner’s
1031 1569 148 48 sons,
1218 1553 150 48 1933.

475 1625 541 50 5 p. l., 289 p. 19cm.
411 1680 52 52 ©
500 1685 101 40 Oct.
638 1684 39 46 6,
713 1683 141 41 1933:
893 1685 65 39 2c.
997 1683 101 40 Oct.
1135 1683 82 40 16:
1256 1683 81 40 aff.
1374 1683 102 41 Oct.
1513 1684 82 46 10;
1633 1685 41 38 A
1710 1684 170 40 66606:
1921 1684 205 40 Charles
2165 1683 266 41 Scribner's

480 1752 127 30 sons.
682 1741 282 49 (33-29340)

414 1833 245 68 [Griffin,
691 1833 222 54 Austin
943 1834 67 53 B.]

482 1911 379 69 Supplement
888 1918 58 46 to
974 1912 205 68 Digest
1207 1913 63 52 of
1297 1913 94 52 the
1419 1913 365 68 bankruptcy
1814 1912 278 55 decisions
2119 1913 183 52 under
2329 1914 95 52 the

409 1992 277 53 National
725 1991 367 68 bankruptcy
1135 1997 88 48 act
1266 1991 63 52 of
1374 1995 152 63 1898,
1567 1992 268 67 reported
1878 1992 60 52 in
1979 1993 95 51 the
2116 1991 308 54 American

410 2071 364 69 bankrupt
809 2076 242 64 reports.
1088 2072 139 52 New
1263 2071 188 56 series,
1486 2072 255 53 volumes
1779 2073 64 50 16
1881 2071 112 53 and
2030 2073 66 50 22
2131 2070 294 55 inclusive,

411 2151 140 53 with
592 2171 31 33 a
662 2152 152 54 table
850 2150 64 52 of
950 2151 95 52 the
1083 2170 151 35 cases
1272 2151 258 67 digested
1570 2152 112 51 and
1723 2170 29 33 a
1790 2151 152 52 table
1981 2151 63 51 of
2081 2151 242 53 sections
2362 2150 64 54 of

411 2232 95 53 the
552 2238 89 46 act
686 2230 63 52 of
795 2232 151 56 1898,
991 2230 114 52 and
1151 2230 62 51 of
1257 2230 94 52 the
1398 2232 230 67 general
1675 2230 212 57 orders,
1932 2230 320 57 construed,
412 2249 1988 114 considered
680 2329 63 35 or

787 2306 1576 72 affected by such cases. By Ralph E. Rogers …
410 2409 50 34 v.
499 2389 46 53 7.
622 2388 252 68 Albany,
913 2390 69 51 N.
1026 2390 89 65 Y.,
1154 2389 281 52 Matthew
1475 2388 228 53 Bender
1742 2392 45 49 &
1827 2406 298 49 company,
410 2387 1990 148 incorporated,
623 2471 152 50 1933.

475 2546 99 44 lxx,
604 2543 88 40 600
718 2554 43 37 p.
818 2542 57 41 24
879 2544 43 20 cm
927 2573 8 8 .

411 2597 51 52 ©
496 2601 103 40 Oct.
629 2601 70 46 20,
730 2600 114 39 1933;
905 2600 66 39 2c.
1005 2600 95 38 and
1135 2598 82 40 aff.
1251 2598 103 40 Oct.
1386 2597 82 48 21;
1503 2598 43 38 A
1575 2596 170 48 65770;
1783 2598 237 39 Matthew
2054 2597 190 40 Bender
2277 2598 36 40 &
2346 2607 81 38 co.,

479 2657 90 42 inc.

403 2745 219 67 Hatch,
656 2746 210 65 Alden,
904 2749 172 50 1898-

479 2823 169 55 Glass
677 2823 161 52 walls
876 2823 91 69 [by]
1026 2822 188 55 Alden
1252 2822 208 53 Hatch.
1531 2821 137 53 New
1707 2820 179 69 York,
1922 2820 135 54 Dial
2093 2839 173 51 press,
2297 2823 126 55 inc..

410 2906 150 50 1933.

476 2979 84 41 241
590 2989 43 39 p.
695 2978 58 41 19½c
800 2981 26 20 m
833 3010 9 8 .

411 3033 52 51 ©
493 3037 102 40 Oct.
625 3037 39 46 5,
694 3035 84 40 1933;
867 3035 65 39 2c.
965 3035 100 40 Oct.
1098 3036 23 38 7:
1182 3034 80 40 aff.
1296 3034 101 40 Oct.
1428 3035 82 45 14;
1542 3034 42 39 A
1611 3033 144 41 65645;
1815 3034 112 40 Dial
1959 3044 150 36 press,
2140 3035 91 40 inc.

487 3093 282 49 (33-29638)

405 3183 137 65 Hill,
572 3183 331 55 Elizabeth.

477 3260 182 53 When
698 3259 173 68 Kitty
909 3276 153 35 came
1097 3265 59 47 to
1192 3257 299 69 Portland,
1528 3257 70 70 by
1637 3257 303 55 Elizabeth
1977 3255 156 70 Hill;
2173 3257 139 53 with
2350 3277 72 35 an

408 3338 391 68 appreciation
850 3337 72 66 by
972 3337 212 53 Rachel
1235 3335 165 55 Field
1449 3336 112 52 and
1611 3334 379 57 illustrations
2038 3336 73 68 by
2162 3336 258 55 Beatrice

409 3416 253 55 Stevens.
737 3396 158 73 Porti
906 3415 129 59 and.
1069 3415 129 54 Me..
1231 3415 120 52 The
1389 3414 294 54 Bradford
1723 3433 171 49 press,
1933 3417 147 49 1933.

477 3493 25 39 7
533 3503 41 37 p.
627 3525 7 7 l.,
678 3491 99 42 307.
814 3512 5 28 [
829 3493 17 37 1]
902 3501 38 37 p.
1004 3490 164 41 front.,
1202 3490 128 40 illus.,
1377 3491 170 47 plates.
1613 3490 53 39 21
1672 3492 43 21 cm
1720 3520 10 10 .

408 3545 51 52 ©
487 3549 102 41 Oct.
616 3549 38 42 5.
679 3548 141 41 1933:
849 3548 66 40 2c.
943 3549 93 38 and
1065 3547 80 40 aff.
1176 3547 101 41 Oct.
1305 3548 81 45 14;
1414 3548 42 38 A
1482 3547 170 41 65648:
1683 3548 180 39 Bertha
1895 3549 70 38 W.
1995 3549 265 45 Chapman.

476 3548 1930 104 Portland,
639 3607 87 38 Me.
801 3605 281 48 (33-29636)

404 3693 2015 150 Howe, George Maxwell, 1873-Fundamentals of German, by George M. Howe … Boston,
405 3850 137 53 New
574 3852 161 52 York
785 3857 121 62 [etc.]
941 3852 156 55 Ginn
1125 3853 109 52 and
1267 3871 281 49 company
1581 3887 11 34 [
1599 3860 17 21 c
1622 3856 152 65 1933]

475 3926 79 45 vii,
590 3926 71 49 [1],
694 3926 84 41 232
811 3937 41 37 p.
916 3938 121 36 map.
1101 3926 55 40 20
1159 3928 44 22 cm
1210 3960 6 6 .

409 3978 51 52 ©
498 3983 128 47 Sept.
659 3984 69 40 20.
763 3982 141 41 1933:
939 3984 68 39 2c.
1044 3983 102 42 Oct.
1179 3985 53 38 4:
1269 3983 81 40 aff.
1388 3984 100 40 Oct.
1525 3985 52 40 3:
1616 3984 39 38 A
1689 3984 137 39 65451:
1899 3984 49 40 O.
1988 3985 59 38 M.
2085 3985 164 41 Ilowe.
474 3984 1927 103 Cambridge,
694 4041 147 39 Mass.
916 4040 282 45 (33-29680)
