<alto xmlns="http://www.loc.gov/standards/alto/ns-v3#" xmlns:xlink="http://www.w3.org/1999/xlink" xmlns:xsi="http://www.w3.org/2001/XMLSchema-instance" xsi:schemaLocation="http://www.loc.gov/standards/alto/ns-v3# http://www.loc.gov/alto/v3/alto-3-0.xsd"><Description>
<MeasurementUnit>pixel</MeasurementUnit>
<sourceImageInformation>
<fileName>1933_v1_Part1.pdf</fileName>
</sourceImageInformation>
<OCRProcessing ID="IdOcr">
<ocrProcessingStep>
<processingDateTime>2019-01-03</processingDateTime>
<processingSoftware>
<softwareCreator>ABBYY</softwareCreator>
<softwareName>ABBYY Recognition Server</softwareName>
<softwareVersion>4.0</softwareVersion>
</processingSoftware>
</ocrProcessingStep>
</OCRProcessing>
</Description>
<Styles>
<ParagraphStyle ID="StyleId-FFFFFFFF-FFFF-FFFF-FFFF-FFFFFFFFFFFF-" ALIGN="Left" LEFT="0." RIGHT="0." FIRSTLINE="0."/>
<ParagraphStyle ID="StyleId-6EF5737A-DCEB-4126-A0CF-C5930BF7166A-" ALIGN="Left" LEFT="0." RIGHT="0." FIRSTLINE="0." LINESPACE="8.300000191"/>
<ParagraphStyle ID="StyleId-2DE44258-FD0B-41E1-B542-087C989B01A3-" ALIGN="Left" LEFT="0." RIGHT="0." FIRSTLINE="0." LINESPACE="12.19999981"/>
<ParagraphStyle ID="StyleId-CE3D254A-29D7-4DD7-B5F1-E0FC0EF29B05-" ALIGN="Left" LEFT="0." RIGHT="0." FIRSTLINE="-14." LINESPACE="8.619999886"/>
<ParagraphStyle ID="StyleId-C0E3A137-CE4F-4287-8A90-B599106709D0-" ALIGN="Left" LEFT="0." RIGHT="0." FIRSTLINE="-14." LINESPACE="12.19999981"/>
<ParagraphStyle ID="StyleId-50F26F0C-05DA-4C19-BA58-7A6AC4499BEE-" ALIGN="Left" LEFT="0." RIGHT="0." FIRSTLINE="-14." LINESPACE="11.06999969"/>
<ParagraphStyle ID="StyleId-5DDE65AF-512C-41E2-9B8E-095D6D99EF68-" ALIGN="Center" LEFT="0." RIGHT="0." FIRSTLINE="0." LINESPACE="11.89999962"/>
<ParagraphStyle ID="StyleId-0A81D7A5-6A62-4C52-915E-7768974C704D-" ALIGN="Left" LEFT="0." RIGHT="0." FIRSTLINE="0." LINESPACE="9.399999619"/>
<ParagraphStyle ID="StyleId-F7A0127F-6B48-4157-BB81-FE33E1E1A05B-" ALIGN="Block" LEFT="0." RIGHT="0." FIRSTLINE="-13." LINESPACE="10.63000011"/>
<ParagraphStyle ID="StyleId-E18C69F7-DBD7-48B1-805C-FCD96D0DA019-" ALIGN="Left" LEFT="0." RIGHT="0." FIRSTLINE="0." LINESPACE="11.64000034"/>
<ParagraphStyle ID="StyleId-98F15501-B611-4E83-8BB3-807E891F11F5-" ALIGN="Left" LEFT="0." RIGHT="0." FIRSTLINE="-14." LINESPACE="12.19999981"/>
<ParagraphStyle ID="StyleId-F4A78626-0BBC-4D12-94D9-A1AE75A9855F-" ALIGN="Left" LEFT="0." RIGHT="0." FIRSTLINE="0." LINESPACE="9.399999619"/>
<ParagraphStyle ID="StyleId-6A3F6F4C-D21B-4ADE-902F-7683F18ECEF3-" ALIGN="Left" LEFT="0." RIGHT="0." FIRSTLINE="0." LINESPACE="11.10000038"/>
</Styles>
<Layout>
<Page ID="Page1807" PHYSICAL_IMG_NR="1807" HEIGHT="4405" WIDTH="2484">
<TopMargin HEIGHT="444" WIDTH="2484" VPOS="0" HPOS="0">
</TopMargin>
<LeftMargin HEIGHT="3772" WIDTH="104" VPOS="444" HPOS="0">
</LeftMargin>
<RightMargin HEIGHT="3772" WIDTH="328" VPOS="444" HPOS="2156">
</RightMargin>
<BottomMargin HEIGHT="189" WIDTH="2484" VPOS="4216" HPOS="0">
</BottomMargin>
<PrintSpace HEIGHT="3772" WIDTH="2052" VPOS="444" HPOS="104">
<TextBlock ID="Page1807_Block1" HEIGHT="129" WIDTH="481" VPOS="4087" HPOS="1003" LANG="en-US" STYLEREFS="StyleId-C3052035-59B3-4F11-8E3A-D3EFFF8F3A33-">
<TextLine HEIGHT="53" WIDTH="136" VPOS="4105" HPOS="1073">
<String CONTENT="1807" HEIGHT="53" WIDTH="136" VPOS="4105" HPOS="1073"/>
</TextLine>
</TextBlock>
<TextBlock ID="Page1807_Block2" HEIGHT="3614" WIDTH="2052" VPOS="444" HPOS="104" LANG="en-US" CS="1" STYLEREFS="StyleId-76EA0BBF-5342-4CB2-8A6A-EF8D9556B67D-">
<TextLine HEIGHT="58" WIDTH="1821" VPOS="524" HPOS="187" CS="1">
<String CONTENT="2" HEIGHT="38" WIDTH="25" VPOS="534" HPOS="187"/>
<SP HEIGHT="47" WIDTH="24" VPOS="534" HPOS="213"/>
<String CONTENT="p." HEIGHT="37" WIDTH="43" VPOS="544" HPOS="238"/>
<SP/>
<String CS="1" CONTENT="l.," HEIGHT="15" WIDTH="7" VPOS="564" HPOS="344"/>
<SP HEIGHT="29" WIDTH="33" VPOS="553" HPOS="352"/>
<String CS="1" CONTENT="[7]&#8212;2-17" HEIGHT="51" WIDTH="173" VPOS="531" HPOS="386"/>
<SP HEIGHT="46" WIDTH="26" VPOS="533" HPOS="560"/>
<String CONTENT="p.," HEIGHT="37" WIDTH="56" VPOS="542" HPOS="587"/>
<SP HEIGHT="45" WIDTH="28" VPOS="533" HPOS="644"/>
<String CONTENT="1" HEIGHT="37" WIDTH="22" VPOS="533" HPOS="673"/>
<SP/>
<String CS="1" CONTENT="l."/>
<SP HEIGHT="38" WIDTH="60" VPOS="532" HPOS="755"/>
<String CONTENT="18" HEIGHT="40" WIDTH="54" VPOS="529" HPOS="816"/>
<String STYLE="superscript" CONTENT="cm" HEIGHT="21" WIDTH="43" VPOS="532" HPOS="873"/>
<String CONTENT="." HEIGHT="7" WIDTH="7" VPOS="562" HPOS="922"/>
<SP HEIGHT="46" WIDTH="67" VPOS="530" HPOS="930"/>
<String CS="1" CONTENT="(Half-title:" HEIGHT="48" WIDTH="299" VPOS="528" HPOS="998"/>
<SP HEIGHT="38" WIDTH="26" VPOS="528" HPOS="1298"/>
<String CONTENT="Le" HEIGHT="39" WIDTH="62" VPOS="528" HPOS="1325"/>
<SP HEIGHT="29" WIDTH="27" VPOS="538" HPOS="1388"/>
<String CONTENT="masque;" HEIGHT="38" WIDTH="223" VPOS="535" HPOS="1416"/>
<SP HEIGHT="34" WIDTH="28" VPOS="535" HPOS="1640"/>
<String CONTENT="collection" HEIGHT="41" WIDTH="251" VPOS="524" HPOS="1669"/>
<SP HEIGHT="28" WIDTH="28" VPOS="534" HPOS="1921"/>
<String CS="1" CONTENT="de" HEIGHT="28" WIDTH="24" VPOS="535" HPOS="1984"/>
</TextLine>
<TextLine HEIGHT="103" WIDTH="1969" VPOS="534" HPOS="119" CS="1">
<String CONTENT="romans" HEIGHT="96" WIDTH="1969" VPOS="534" HPOS="119"/>
<SP HEIGHT="38" WIDTH="25" VPOS="592" HPOS="256"/>
<String CONTENT="d'aventures" HEIGHT="38" WIDTH="307" VPOS="591" HPOS="282"/>
<SP HEIGHT="29" WIDTH="30" VPOS="600" HPOS="590"/>
<String CS="1" CONTENT="&#8230;"/>
<SP HEIGHT="29" WIDTH="31" VPOS="608" HPOS="667"/>
<String CONTENT="[129])" HEIGHT="51" WIDTH="138" VPOS="586" HPOS="699"/>
</TextLine>
<TextLine HEIGHT="114" WIDTH="1994" VPOS="651" HPOS="115" CS="1">
<String CONTENT="&#169;" HEIGHT="51" WIDTH="51" VPOS="658" HPOS="115"/>
<SP HEIGHT="51" WIDTH="27" VPOS="658" HPOS="167"/>
<String CONTENT="Apr." HEIGHT="47" WIDTH="112" VPOS="662" HPOS="195"/>
<SP HEIGHT="38" WIDTH="26" VPOS="662" HPOS="308"/>
<String CONTENT="25," HEIGHT="46" WIDTH="68" VPOS="661" HPOS="335"/>
<SP HEIGHT="46" WIDTH="29" VPOS="661" HPOS="404"/>
<String CONTENT="1933;" HEIGHT="45" WIDTH="138" VPOS="660" HPOS="434"/>
<SP/>
<String CS="1" CONTENT="1c."/>
<SP HEIGHT="38" WIDTH="28" VPOS="659" HPOS="669"/>
<String CONTENT="Nov." HEIGHT="38" WIDTH="115" VPOS="659" HPOS="698"/>
<SP HEIGHT="38" WIDTH="31" VPOS="659" HPOS="814"/>
<String CONTENT="37:" HEIGHT="39" WIDTH="80" VPOS="659" HPOS="846"/>
<SP HEIGHT="40" WIDTH="30" VPOS="658" HPOS="927"/>
<!-- cceid 4ADE9BE3-6CF9-1014-A6CF-A82867D68027 --><String CONTENT="A-Foreign" HEIGHT="47" WIDTH="310" VPOS="656" HPOS="958"/>
<SP HEIGHT="38" WIDTH="26" VPOS="656" HPOS="1269"/>
<String CONTENT="22711;" HEIGHT="45" WIDTH="169" VPOS="655" HPOS="1296"/>
<SP HEIGHT="45" WIDTH="32" VPOS="655" HPOS="1466"/>
<String CS="1" CONTENT="Librairie" HEIGHT="40" WIDTH="239" VPOS="653" HPOS="1499"/>
<SP HEIGHT="38" WIDTH="28" VPOS="654" HPOS="1739"/>
<String CONTENT="des" HEIGHT="38" WIDTH="83" VPOS="654" HPOS="1768"/>
<SP HEIGHT="40" WIDTH="29" VPOS="651" HPOS="1852"/>
<String CS="1" CONTENT="Champs-Elysees." HEIGHT="114" WIDTH="1923" VPOS="651" HPOS="186"/>
</TextLine>
<TextLine HEIGHT="49" WIDTH="220" VPOS="715" HPOS="465">
<String CONTENT="(34-149)" HEIGHT="49" WIDTH="220" VPOS="715" HPOS="465"/>
</TextLine>
<TextLine HEIGHT="67" WIDTH="983" VPOS="832" HPOS="117" STYLEREFS="StyleId-C3052035-59B3-4F11-8E3A-D3EFFF8F3A33-">
<String CONTENT="Stern," HEIGHT="67" WIDTH="193" VPOS="832" HPOS="117"/>
<SP HEIGHT="65" WIDTH="27" VPOS="834" HPOS="311"/>
<String CONTENT="Gladys" HEIGHT="66" WIDTH="220" VPOS="832" HPOS="339"/>
<SP HEIGHT="54" WIDTH="24" VPOS="834" HPOS="560"/>
<String CONTENT="Bronwyn," HEIGHT="62" WIDTH="314" VPOS="834" HPOS="585"/>
<SP HEIGHT="62" WIDTH="23" VPOS="834" HPOS="900"/>
<String CONTENT="1890-" HEIGHT="50" WIDTH="176" VPOS="834" HPOS="924"/>
</TextLine>
<TextLine HEIGHT="75" WIDTH="1921" VPOS="903" HPOS="189" STYLEREFS="StyleId-C3052035-59B3-4F11-8E3A-D3EFFF8F3A33-">
<String CONTENT="The" HEIGHT="52" WIDTH="118" VPOS="911" HPOS="189"/>
<SP HEIGHT="52" WIDTH="36" VPOS="911" HPOS="308"/>
<String CONTENT="Augs," HEIGHT="67" WIDTH="180" VPOS="911" HPOS="345"/>
<SP HEIGHT="50" WIDTH="35" VPOS="928" HPOS="526"/>
<String CONTENT="an" HEIGHT="34" WIDTH="71" VPOS="928" HPOS="562"/>
<SP HEIGHT="34" WIDTH="37" VPOS="928" HPOS="634"/>
<String CONTENT="exaggeration," HEIGHT="70" WIDTH="424" VPOS="908" HPOS="672"/>
<SP HEIGHT="68" WIDTH="36" VPOS="907" HPOS="1097"/>
<String CONTENT="by" HEIGHT="69" WIDTH="74" VPOS="907" HPOS="1134"/>
<SP HEIGHT="71" WIDTH="38" VPOS="905" HPOS="1209"/>
<String CONTENT="G." HEIGHT="56" WIDTH="68" VPOS="905" HPOS="1248"/>
<SP HEIGHT="52" WIDTH="38" VPOS="908" HPOS="1317"/>
<String CONTENT="B." HEIGHT="51" WIDTH="66" VPOS="908" HPOS="1356"/>
<SP HEIGHT="55" WIDTH="41" VPOS="905" HPOS="1423"/>
<String CONTENT="Stern." HEIGHT="55" WIDTH="185" VPOS="905" HPOS="1465"/>
<SP HEIGHT="51" WIDTH="75" VPOS="905" HPOS="1651"/>
<String CONTENT="London," HEIGHT="65" WIDTH="257" VPOS="905" HPOS="1727"/>
<SP HEIGHT="67" WIDTH="35" VPOS="903" HPOS="1985"/>
<String CONTENT="W." HEIGHT="53" WIDTH="89" VPOS="903" HPOS="2021"/>
</TextLine>
<TextLine HEIGHT="68" WIDTH="714" VPOS="987" HPOS="118" STYLEREFS="StyleId-C3052035-59B3-4F11-8E3A-D3EFFF8F3A33-">
<String CONTENT="Heinemann," HEIGHT="68" WIDTH="376" VPOS="987" HPOS="118"/>
<SP HEIGHT="66" WIDTH="25" VPOS="989" HPOS="495"/>
<String CONTENT="ltd." HEIGHT="52" WIDTH="102" VPOS="988" HPOS="521"/>
<SP HEIGHT="34" WIDTH="35" VPOS="1020" HPOS="624"/>
<String CONTENT="[1933]" HEIGHT="65" WIDTH="172" VPOS="989" HPOS="660"/>
</TextLine>
<TextLine HEIGHT="51" WIDTH="1002" VPOS="1060" HPOS="185" CS="1">
<String CONTENT="4" HEIGHT="37" WIDTH="27" VPOS="1065" HPOS="185"/>
<SP HEIGHT="46" WIDTH="23" VPOS="1065" HPOS="213"/>
<String LANG="la" CONTENT="p." HEIGHT="38" WIDTH="44" VPOS="1073" HPOS="237"/>
<SP/>
<String LANG="la" CS="1" CONTENT="l."/>
<String CONTENT="," HEIGHT="15" WIDTH="7" VPOS="1094" HPOS="345"/>
<SP HEIGHT="45" WIDTH="28" VPOS="1064" HPOS="353"/>
<String CONTENT="350" HEIGHT="39" WIDTH="87" VPOS="1064" HPOS="382"/>
<SP HEIGHT="46" WIDTH="24" VPOS="1064" HPOS="470"/>
<String LANG="la" CONTENT="p." HEIGHT="37" WIDTH="42" VPOS="1073" HPOS="495"/>
<SP HEIGHT="38" WIDTH="57" VPOS="1064" HPOS="538"/>
<String CONTENT="1" HEIGHT="36" WIDTH="21" VPOS="1064" HPOS="596"/>
<SP HEIGHT="38" WIDTH="29" VPOS="1062" HPOS="618"/>
<String CONTENT="illus." HEIGHT="39" WIDTH="126" VPOS="1062" HPOS="648"/>
<SP HEIGHT="44" WIDTH="29" VPOS="1064" HPOS="775"/>
<String CONTENT="(music)" HEIGHT="48" WIDTH="200" VPOS="1060" HPOS="805"/>
<SP HEIGHT="45" WIDTH="66" VPOS="1062" HPOS="1006"/>
<String CS="1" CONTENT="19c" HEIGHT="39" WIDTH="54" VPOS="1060" HPOS="1073"/>
<String STYLE="superscript" CONTENT="m" HEIGHT="20" WIDTH="26" VPOS="1062" HPOS="1148"/>
<String CONTENT="." HEIGHT="6" WIDTH="6" VPOS="1093" HPOS="1181"/>
</TextLine>
<TextLine HEIGHT="53" WIDTH="1995" VPOS="1128" HPOS="121" CS="1">
<String CONTENT="&#169;" HEIGHT="52" WIDTH="50" VPOS="1129" HPOS="121"/>
<SP/>
<String CS="1" CONTENT="1c."/>
<SP HEIGHT="39" WIDTH="37" VPOS="1135" HPOS="276"/>
<String CONTENT="Dec." HEIGHT="37" WIDTH="110" VPOS="1135" HPOS="314"/>
<SP HEIGHT="39" WIDTH="36" VPOS="1133" HPOS="425"/>
<String CONTENT="22," HEIGHT="39" WIDTH="68" VPOS="1133" HPOS="462"/>
<SP HEIGHT="39" WIDTH="38" VPOS="1133" HPOS="531"/>
<String CONTENT="1933;" HEIGHT="46" WIDTH="139" VPOS="1131" HPOS="570"/>
<SP HEIGHT="45" WIDTH="39" VPOS="1132" HPOS="710"/>
<!-- cceid 4ADEA52C-6CF9-1014-A6CF-A82867D68027 --><String CONTENT="A" HEIGHT="38" WIDTH="41" VPOS="1132" HPOS="750"/>
<SP HEIGHT="38" WIDTH="35" VPOS="1132" HPOS="792"/>
<String CONTENT="ad" HEIGHT="37" WIDTH="60" VPOS="1133" HPOS="828"/>
<SP HEIGHT="39" WIDTH="36" VPOS="1131" HPOS="889"/>
<String CONTENT="int." HEIGHT="39" WIDTH="87" VPOS="1131" HPOS="926"/>
<SP HEIGHT="38" WIDTH="37" VPOS="1132" HPOS="1014"/>
<String CONTENT="18522;" HEIGHT="46" WIDTH="169" VPOS="1130" HPOS="1052"/>
<SP HEIGHT="36" WIDTH="40" VPOS="1141" HPOS="1222"/>
<String CONTENT="pubd." HEIGHT="46" WIDTH="141" VPOS="1131" HPOS="1263"/>
<SP HEIGHT="40" WIDTH="39" VPOS="1129" HPOS="1405"/>
<String CONTENT="Oct." HEIGHT="40" WIDTH="100" VPOS="1129" HPOS="1445"/>
<SP HEIGHT="39" WIDTH="37" VPOS="1129" HPOS="1546"/>
<String CONTENT="30:" HEIGHT="41" WIDTH="83" VPOS="1129" HPOS="1584"/>
<SP HEIGHT="42" WIDTH="42" VPOS="1128" HPOS="1668"/>
<String CONTENT="Gladys" HEIGHT="47" WIDTH="181" VPOS="1128" HPOS="1711"/>
<SP HEIGHT="39" WIDTH="38" VPOS="1128" HPOS="1893"/>
<String CONTENT="Bertha" HEIGHT="39" WIDTH="184" VPOS="1128" HPOS="1932"/>
</TextLine>
<TextLine HEIGHT="48" WIDTH="855" VPOS="1187" HPOS="191" CS="1">
<String CS="1" CONTENT="Holdsworth," HEIGHT="44" WIDTH="326" VPOS="1191" HPOS="191"/>
<SP HEIGHT="45" WIDTH="27" VPOS="1190" HPOS="518"/>
<String CONTENT="London." HEIGHT="37" WIDTH="208" VPOS="1190" HPOS="546"/>
<SP HEIGHT="46" WIDTH="71" VPOS="1189" HPOS="755"/>
<String CS="1" CONTENT="(34-865)" HEIGHT="48" WIDTH="219" VPOS="1187" HPOS="827"/>
</TextLine>
<TextLine HEIGHT="66" WIDTH="1014" VPOS="1304" HPOS="123" STYLEREFS="StyleId-C7FD4215-92C4-4433-A7F8-D2B07292B8D2-">
<String CONTENT="Strong," HEIGHT="65" WIDTH="236" VPOS="1305" HPOS="123"/>
<SP HEIGHT="62" WIDTH="28" VPOS="1308" HPOS="360"/>
<String CONTENT="Edward" HEIGHT="52" WIDTH="253" VPOS="1307" HPOS="389"/>
<SP HEIGHT="53" WIDTH="26" VPOS="1306" HPOS="643"/>
<String CONTENT="Kellogg," HEIGHT="66" WIDTH="265" VPOS="1304" HPOS="670"/>
<SP HEIGHT="61" WIDTH="30" VPOS="1309" HPOS="936"/>
<String CONTENT="1884-" HEIGHT="48" WIDTH="170" VPOS="1308" HPOS="967"/>
</TextLine>
<TextLine HEIGHT="70" WIDTH="1868" VPOS="1381" HPOS="252" STYLEREFS="StyleId-C3052035-59B3-4F11-8E3A-D3EFFF8F3A33-" CS="1">
<String CS="1" CONTENT="&#8230;"/>
<SP HEIGHT="54" WIDTH="39" VPOS="1383" HPOS="252"/>
<String CONTENT="Japanese" HEIGHT="68" WIDTH="282" VPOS="1383" HPOS="292"/>
<SP HEIGHT="53" WIDTH="37" VPOS="1383" HPOS="575"/>
<String CONTENT="in" HEIGHT="52" WIDTH="58" VPOS="1383" HPOS="613"/>
<SP HEIGHT="55" WIDTH="38" VPOS="1381" HPOS="672"/>
<String CONTENT="California," HEIGHT="68" WIDTH="343" VPOS="1381" HPOS="711"/>
<SP HEIGHT="67" WIDTH="34" VPOS="1382" HPOS="1055"/>
<String CONTENT="based" HEIGHT="52" WIDTH="170" VPOS="1382" HPOS="1090"/>
<SP HEIGHT="52" WIDTH="39" VPOS="1382" HPOS="1261"/>
<String CONTENT="on" HEIGHT="34" WIDTH="71" VPOS="1399" HPOS="1301"/>
<SP HEIGHT="34" WIDTH="37" VPOS="1399" HPOS="1373"/>
<String CONTENT="a" HEIGHT="34" WIDTH="31" VPOS="1399" HPOS="1411"/>
<SP HEIGHT="46" WIDTH="37" VPOS="1387" HPOS="1443"/>
<String CONTENT="ten" HEIGHT="46" WIDTH="93" VPOS="1387" HPOS="1481"/>
<SP HEIGHT="50" WIDTH="38" VPOS="1399" HPOS="1575"/>
<String CONTENT="per" HEIGHT="50" WIDTH="101" VPOS="1399" HPOS="1614"/>
<SP HEIGHT="33" WIDTH="37" VPOS="1400" HPOS="1716"/>
<String CONTENT="cent" HEIGHT="46" WIDTH="124" VPOS="1387" HPOS="1754"/>
<SP HEIGHT="46" WIDTH="37" VPOS="1387" HPOS="1879"/>
<String CONTENT="survey" HEIGHT="51" WIDTH="203" VPOS="1397" HPOS="1917"/>
</TextLine>
<TextLine HEIGHT="71" WIDTH="1998" VPOS="1458" HPOS="121" STYLEREFS="StyleId-C3052035-59B3-4F11-8E3A-D3EFFF8F3A33-">
<String CONTENT="of" HEIGHT="53" WIDTH="63" VPOS="1462" HPOS="121"/>
<SP HEIGHT="54" WIDTH="43" VPOS="1462" HPOS="185"/>
<String CONTENT="Japanese" HEIGHT="66" WIDTH="283" VPOS="1463" HPOS="229"/>
<SP HEIGHT="53" WIDTH="45" VPOS="1462" HPOS="513"/>
<String CONTENT="in" HEIGHT="52" WIDTH="59" VPOS="1462" HPOS="559"/>
<SP HEIGHT="54" WIDTH="47" VPOS="1461" HPOS="619"/>
<String CONTENT="California" HEIGHT="55" WIDTH="324" VPOS="1460" HPOS="667"/>
<SP HEIGHT="34" WIDTH="48" VPOS="1479" HPOS="992"/>
<String CONTENT="and" HEIGHT="52" WIDTH="112" VPOS="1461" HPOS="1041"/>
<SP HEIGHT="52" WIDTH="49" VPOS="1461" HPOS="1154"/>
<String CONTENT="documentary" HEIGHT="66" WIDTH="406" VPOS="1461" HPOS="1204"/>
<SP HEIGHT="49" WIDTH="46" VPOS="1478" HPOS="1611"/>
<String CONTENT="evidence" HEIGHT="52" WIDTH="261" VPOS="1460" HPOS="1658"/>
<SP HEIGHT="54" WIDTH="49" VPOS="1458" HPOS="1920"/>
<String CONTENT="from" HEIGHT="53" WIDTH="149" VPOS="1458" HPOS="1970"/>
</TextLine>
<TextLine HEIGHT="151" WIDTH="2002" VPOS="1536" HPOS="122" STYLEREFS="StyleId-C3052035-59B3-4F11-8E3A-D3EFFF8F3A33-" CS="1">
<String CONTENT="many" HEIGHT="49" WIDTH="169" VPOS="1558" HPOS="122"/>
<SP HEIGHT="49" WIDTH="24" VPOS="1558" HPOS="292"/>
<String CONTENT="sources," HEIGHT="49" WIDTH="238" VPOS="1558" HPOS="317"/>
<SP HEIGHT="67" WIDTH="23" VPOS="1540" HPOS="556"/>
<String CONTENT="by" HEIGHT="68" WIDTH="75" VPOS="1540" HPOS="580"/>
<SP HEIGHT="68" WIDTH="24" VPOS="1540" HPOS="656"/>
<String CONTENT="Edward" HEIGHT="53" WIDTH="254" VPOS="1540" HPOS="681"/>
<SP HEIGHT="53" WIDTH="27" VPOS="1540" HPOS="936"/>
<String CONTENT="K." HEIGHT="51" WIDTH="73" VPOS="1540" HPOS="964"/>
<SP HEIGHT="55" WIDTH="29" VPOS="1538" HPOS="1038"/>
<String CONTENT="Strong," HEIGHT="69" WIDTH="233" VPOS="1538" HPOS="1068"/>
<SP HEIGHT="68" WIDTH="23" VPOS="1538" HPOS="1302"/>
<String CONTENT="jr." HEIGHT="68" WIDTH="71" VPOS="1538" HPOS="1326"/>
<SP HEIGHT="10" WIDTH="31" VPOS="1580" HPOS="1398"/>
<String CS="1" CONTENT="&#8230;"/>
<SP HEIGHT="55" WIDTH="82" VPOS="1537" HPOS="1485"/>
<String CONTENT="Stanford" HEIGHT="56" WIDTH="278" VPOS="1536" HPOS="1568"/>
<SP HEIGHT="53" WIDTH="30" VPOS="1538" HPOS="1847"/>
<String CONTENT="University," HEIGHT="149" WIDTH="1976" VPOS="1538" HPOS="122"/>
<SP HEIGHT="68" WIDTH="41" VPOS="1617" HPOS="253"/>
<String CONTENT="Calif.," HEIGHT="68" WIDTH="194" VPOS="1617" HPOS="295"/>
<SP HEIGHT="67" WIDTH="41" VPOS="1618" HPOS="490"/>
<String CONTENT="Stanford" HEIGHT="55" WIDTH="281" VPOS="1618" HPOS="532"/>
<SP HEIGHT="52" WIDTH="38" VPOS="1619" HPOS="814"/>
<String CONTENT="university" HEIGHT="67" WIDTH="317" VPOS="1617" HPOS="853"/>
<SP HEIGHT="50" WIDTH="42" VPOS="1634" HPOS="1171"/>
<String CONTENT="press;" HEIGHT="48" WIDTH="183" VPOS="1636" HPOS="1214"/>
<SP HEIGHT="65" WIDTH="43" VPOS="1618" HPOS="1398"/>
<String CONTENT="London," HEIGHT="66" WIDTH="257" VPOS="1617" HPOS="1442"/>
<SP HEIGHT="67" WIDTH="38" VPOS="1616" HPOS="1700"/>
<String CONTENT="H." HEIGHT="52" WIDTH="76" VPOS="1616" HPOS="1739"/>
<SP HEIGHT="52" WIDTH="42" VPOS="1616" HPOS="1816"/>
<String CONTENT="Milford," HEIGHT="68" WIDTH="265" VPOS="1615" HPOS="1859"/>
</TextLine>
<TextLine HEIGHT="68" WIDTH="962" VPOS="1696" HPOS="123" STYLEREFS="StyleId-C3052035-59B3-4F11-8E3A-D3EFFF8F3A33-">
<String CONTENT="Oxford" HEIGHT="54" WIDTH="225" VPOS="1696" HPOS="123"/>
<SP HEIGHT="52" WIDTH="32" VPOS="1697" HPOS="349"/>
<String CONTENT="university" HEIGHT="67" WIDTH="317" VPOS="1696" HPOS="382"/>
<SP HEIGHT="50" WIDTH="28" VPOS="1714" HPOS="700"/>
<String CONTENT="press," HEIGHT="50" WIDTH="174" VPOS="1714" HPOS="729"/>
<SP HEIGHT="63" WIDTH="30" VPOS="1700" HPOS="904"/>
<String CONTENT="1933." HEIGHT="50" WIDTH="150" VPOS="1698" HPOS="935"/>
</TextLine>
<TextLine HEIGHT="51" WIDTH="1929" VPOS="1766" HPOS="193" CS="1">
<String CONTENT="188" HEIGHT="41" WIDTH="84" VPOS="1770" HPOS="193"/>
<SP HEIGHT="46" WIDTH="19" VPOS="1770" HPOS="278"/>
<String CONTENT="p." HEIGHT="37" WIDTH="40" VPOS="1779" HPOS="298"/>
<SP HEIGHT="38" WIDTH="63" VPOS="1771" HPOS="339"/>
<String CONTENT="diagrs." HEIGHT="48" WIDTH="177" VPOS="1768" HPOS="403"/>
<SP HEIGHT="39" WIDTH="61" VPOS="1769" HPOS="581"/>
<String CS="1" CONTENT="25&#189;" HEIGHT="39" WIDTH="55" VPOS="1769" HPOS="643"/>
<String STYLE="superscript" CONTENT="cm" HEIGHT="20" WIDTH="44" VPOS="1772" HPOS="731"/>
<String CONTENT="." HEIGHT="9" WIDTH="9" VPOS="1800" HPOS="780"/>
<SP HEIGHT="39" WIDTH="70" VPOS="1778" HPOS="790"/>
<String CONTENT="(Stanford" HEIGHT="49" WIDTH="260" VPOS="1768" HPOS="861"/>
<SP HEIGHT="38" WIDTH="22" VPOS="1769" HPOS="1122"/>
<String CONTENT="university" HEIGHT="50" WIDTH="270" VPOS="1766" HPOS="1145"/>
<SP HEIGHT="38" WIDTH="20" VPOS="1778" HPOS="1416"/>
<String CONTENT="publications." HEIGHT="49" WIDTH="339" VPOS="1767" HPOS="1437"/>
<SP HEIGHT="41" WIDTH="65" VPOS="1768" HPOS="1777"/>
<String CONTENT="University" HEIGHT="49" WIDTH="279" VPOS="1767" HPOS="1843"/>
</TextLine>
<TextLine HEIGHT="49" WIDTH="1243" VPOS="1825" HPOS="122" CS="1">
<String CONTENT="series." HEIGHT="39" WIDTH="161" VPOS="1827" HPOS="122"/>
<SP HEIGHT="38" WIDTH="61" VPOS="1826" HPOS="284"/>
<String CONTENT="Education-psychology," HEIGHT="49" WIDTH="594" VPOS="1825" HPOS="346"/>
<SP HEIGHT="28" WIDTH="61" VPOS="1836" HPOS="941"/>
<String CONTENT="vol." HEIGHT="39" WIDTH="90" VPOS="1826" HPOS="1003"/>
<SP HEIGHT="29" WIDTH="37" VPOS="1836" HPOS="1094"/>
<String CS="1" CONTENT="I," HEIGHT="16" WIDTH="8" VPOS="1856" HPOS="1155"/>
<SP HEIGHT="36" WIDTH="37" VPOS="1836" HPOS="1164"/>
<String CONTENT="no." HEIGHT="29" WIDTH="73" VPOS="1836" HPOS="1202"/>
<SP HEIGHT="39" WIDTH="37" VPOS="1825" HPOS="1276"/>
<String CONTENT="2)" HEIGHT="49" WIDTH="51" VPOS="1825" HPOS="1314"/>
</TextLine>
<TextLine HEIGHT="49" WIDTH="1926" VPOS="1895" HPOS="197">
<String CONTENT="&#8220;Data" HEIGHT="40" WIDTH="155" VPOS="1896" HPOS="197"/>
<SP HEIGHT="30" WIDTH="39" VPOS="1906" HPOS="353"/>
<String CONTENT="are" HEIGHT="29" WIDTH="82" VPOS="1906" HPOS="393"/>
<SP HEIGHT="37" WIDTH="38" VPOS="1906" HPOS="476"/>
<String CONTENT="presented" HEIGHT="46" WIDTH="253" VPOS="1897" HPOS="515"/>
<SP HEIGHT="38" WIDTH="39" VPOS="1897" HPOS="769"/>
<String CONTENT="regarding" HEIGHT="48" WIDTH="258" VPOS="1895" HPOS="809"/>
<SP HEIGHT="46" WIDTH="38" VPOS="1896" HPOS="1068"/>
<String CONTENT="birthplace," HEIGHT="47" WIDTH="283" VPOS="1896" HPOS="1107"/>
<SP HEIGHT="37" WIDTH="39" VPOS="1905" HPOS="1391"/>
<String CONTENT="age," HEIGHT="38" WIDTH="100" VPOS="1905" HPOS="1431"/>
<SP HEIGHT="35" WIDTH="40" VPOS="1907" HPOS="1532"/>
<String CONTENT="sex," HEIGHT="35" WIDTH="98" VPOS="1907" HPOS="1573"/>
<SP HEIGHT="36" WIDTH="37" VPOS="1906" HPOS="1672"/>
<String CONTENT="size" HEIGHT="42" WIDTH="97" VPOS="1895" HPOS="1710"/>
<SP HEIGHT="29" WIDTH="35" VPOS="1908" HPOS="1808"/>
<String CONTENT="of" HEIGHT="40" WIDTH="51" VPOS="1896" HPOS="1844"/>
<SP HEIGHT="39" WIDTH="39" VPOS="1896" HPOS="1896"/>
<String CONTENT="family," HEIGHT="48" WIDTH="187" VPOS="1896" HPOS="1936"/>
</TextLine>
<TextLine HEIGHT="107" WIDTH="1979" VPOS="1952" HPOS="126" CS="1">
<String CONTENT="births" HEIGHT="40" WIDTH="154" VPOS="1953" HPOS="126"/>
<SP HEIGHT="33" WIDTH="35" VPOS="1960" HPOS="281"/>
<String CONTENT="and" HEIGHT="38" WIDTH="94" VPOS="1954" HPOS="317"/>
<SP HEIGHT="38" WIDTH="35" VPOS="1954" HPOS="412"/>
<String CONTENT="deaths," HEIGHT="46" WIDTH="186" VPOS="1953" HPOS="448"/>
<SP HEIGHT="35" WIDTH="35" VPOS="1964" HPOS="635"/>
<String CONTENT="and" HEIGHT="38" WIDTH="94" VPOS="1954" HPOS="671"/>
<SP HEIGHT="38" WIDTH="33" VPOS="1954" HPOS="766"/>
<String CONTENT="also" HEIGHT="39" WIDTH="102" VPOS="1954" HPOS="800"/>
<SP HEIGHT="41" WIDTH="35" VPOS="1952" HPOS="903"/>
<String CONTENT="information" HEIGHT="41" WIDTH="318" VPOS="1952" HPOS="939"/>
<SP HEIGHT="29" WIDTH="33" VPOS="1962" HPOS="1258"/>
<String CONTENT="concerning" HEIGHT="47" WIDTH="290" VPOS="1952" HPOS="1292"/>
<SP HEIGHT="36" WIDTH="36" VPOS="1963" HPOS="1583"/>
<String CONTENT="education," HEIGHT="45" WIDTH="269" VPOS="1953" HPOS="1620"/>
<SP HEIGHT="34" WIDTH="37" VPOS="1964" HPOS="1890"/>
<String CONTENT="occupations," HEIGHT="96" WIDTH="1977" VPOS="1963" HPOS="128"/>
<SP HEIGHT="39" WIDTH="30" VPOS="2020" HPOS="266"/>
<String CONTENT="and" HEIGHT="39" WIDTH="94" VPOS="2011" HPOS="297"/>
<SP HEIGHT="39" WIDTH="29" VPOS="2011" HPOS="392"/>
<String CONTENT="religious" HEIGHT="47" WIDTH="229" VPOS="2009" HPOS="422"/>
<SP HEIGHT="30" WIDTH="28" VPOS="2020" HPOS="652"/>
<String CONTENT="affiliations.&#8221;&#8212;Pref." HEIGHT="42" WIDTH="517" VPOS="2008" HPOS="681"/>
</TextLine>
<TextLine HEIGHT="48" WIDTH="1933" VPOS="2066" HPOS="195">
<String CONTENT="The" HEIGHT="39" WIDTH="99" VPOS="2067" HPOS="195"/>
<SP HEIGHT="29" WIDTH="27" VPOS="2077" HPOS="295"/>
<String CONTENT="second" HEIGHT="38" WIDTH="172" VPOS="2068" HPOS="323"/>
<SP HEIGHT="39" WIDTH="25" VPOS="2067" HPOS="496"/>
<String CONTENT="in" HEIGHT="38" WIDTH="47" VPOS="2067" HPOS="522"/>
<SP HEIGHT="29" WIDTH="27" VPOS="2077" HPOS="570"/>
<String CONTENT="a" HEIGHT="29" WIDTH="27" VPOS="2077" HPOS="598"/>
<SP HEIGHT="29" WIDTH="28" VPOS="2077" HPOS="626"/>
<String CONTENT="series" HEIGHT="41" WIDTH="149" VPOS="2066" HPOS="655"/>
<SP HEIGHT="29" WIDTH="28" VPOS="2077" HPOS="805"/>
<String CONTENT="of" HEIGHT="39" WIDTH="51" VPOS="2067" HPOS="834"/>
<SP HEIGHT="39" WIDTH="26" VPOS="2067" HPOS="886"/>
<String CONTENT="studies" HEIGHT="41" WIDTH="185" VPOS="2066" HPOS="913"/>
<SP HEIGHT="30" WIDTH="30" VPOS="2077" HPOS="1099"/>
<String CONTENT="on" HEIGHT="29" WIDTH="58" VPOS="2077" HPOS="1130"/>
<SP HEIGHT="36" WIDTH="28" VPOS="2071" HPOS="1189"/>
<String CONTENT="the" HEIGHT="41" WIDTH="81" VPOS="2067" HPOS="1218"/>
<SP HEIGHT="41" WIDTH="27" VPOS="2067" HPOS="1300"/>
<String CONTENT="Japanese" HEIGHT="47" WIDTH="243" VPOS="2067" HPOS="1328"/>
<SP HEIGHT="40" WIDTH="28" VPOS="2066" HPOS="1572"/>
<String CONTENT="in" HEIGHT="39" WIDTH="47" VPOS="2066" HPOS="1601"/>
<SP HEIGHT="40" WIDTH="30" VPOS="2067" HPOS="1649"/>
<String CONTENT="California." HEIGHT="41" WIDTH="286" VPOS="2066" HPOS="1680"/>
<SP HEIGHT="39" WIDTH="59" VPOS="2067" HPOS="1967"/>
<String CONTENT="The" HEIGHT="40" WIDTH="101" VPOS="2067" HPOS="2027"/>
</TextLine>
<TextLine HEIGHT="50" WIDTH="1998" VPOS="2122" HPOS="126">
<String CONTENT="first" HEIGHT="40" WIDTH="105" VPOS="2123" HPOS="126"/>
<SP HEIGHT="36" WIDTH="23" VPOS="2127" HPOS="232"/>
<String CONTENT="was" HEIGHT="31" WIDTH="100" VPOS="2132" HPOS="256"/>
<SP HEIGHT="37" WIDTH="21" VPOS="2133" HPOS="357"/>
<String CONTENT="published" HEIGHT="47" WIDTH="252" VPOS="2123" HPOS="379"/>
<SP HEIGHT="39" WIDTH="23" VPOS="2124" HPOS="632"/>
<String CONTENT="under" HEIGHT="38" WIDTH="152" VPOS="2125" HPOS="656"/>
<SP HEIGHT="38" WIDTH="24" VPOS="2125" HPOS="809"/>
<String CONTENT="title:" HEIGHT="40" WIDTH="133" VPOS="2123" HPOS="834"/>
<SP HEIGHT="39" WIDTH="26" VPOS="2124" HPOS="968"/>
<String CONTENT="Vocational" HEIGHT="42" WIDTH="282" VPOS="2122" HPOS="995"/>
<SP HEIGHT="40" WIDTH="26" VPOS="2123" HPOS="1278"/>
<String CONTENT="aptitudes" HEIGHT="48" WIDTH="247" VPOS="2123" HPOS="1305"/>
<SP HEIGHT="29" WIDTH="23" VPOS="2134" HPOS="1553"/>
<String CONTENT="of" HEIGHT="40" WIDTH="50" VPOS="2123" HPOS="1577"/>
<SP HEIGHT="40" WIDTH="21" VPOS="2123" HPOS="1628"/>
<String CONTENT="second-generation" HEIGHT="48" WIDTH="474" VPOS="2124" HPOS="1650"/>
</TextLine>
<TextLine HEIGHT="47" WIDTH="852" VPOS="2179" HPOS="126">
<String CONTENT="Japanese" HEIGHT="47" WIDTH="244" VPOS="2179" HPOS="126"/>
<SP HEIGHT="40" WIDTH="25" VPOS="2180" HPOS="371"/>
<String CONTENT="in" HEIGHT="39" WIDTH="49" VPOS="2180" HPOS="397"/>
<SP HEIGHT="38" WIDTH="29" VPOS="2182" HPOS="447"/>
<String CONTENT="the" HEIGHT="40" WIDTH="81" VPOS="2180" HPOS="477"/>
<SP HEIGHT="39" WIDTH="28" VPOS="2181" HPOS="559"/>
<String CONTENT="United" HEIGHT="41" WIDTH="179" VPOS="2179" HPOS="588"/>
<SP HEIGHT="41" WIDTH="30" VPOS="2179" HPOS="768"/>
<String CONTENT="States." HEIGHT="43" WIDTH="179" VPOS="2179" HPOS="799"/>
</TextLine>
<TextLine HEIGHT="52" WIDTH="1997" VPOS="2246" HPOS="132" CS="1">
<String CONTENT="&#169;" HEIGHT="52" WIDTH="51" VPOS="2246" HPOS="132"/>
<SP HEIGHT="52" WIDTH="29" VPOS="2246" HPOS="184"/>
<String CONTENT="Dec." HEIGHT="39" WIDTH="111" VPOS="2251" HPOS="214"/>
<SP HEIGHT="37" WIDTH="30" VPOS="2253" HPOS="326"/>
<String CS="1" CONTENT="18," HEIGHT="16" WIDTH="8" VPOS="2281" HPOS="417"/>
<SP HEIGHT="45" WIDTH="31" VPOS="2252" HPOS="426"/>
<String CONTENT="1933;" HEIGHT="45" WIDTH="139" VPOS="2251" HPOS="458"/>
<SP HEIGHT="45" WIDTH="31" VPOS="2251" HPOS="598"/>
<String CONTENT="2c." HEIGHT="39" WIDTH="66" VPOS="2251" HPOS="630"/>
<SP HEIGHT="37" WIDTH="32" VPOS="2252" HPOS="697"/>
<String CONTENT="Dec." HEIGHT="38" WIDTH="109" VPOS="2252" HPOS="730"/>
<SP HEIGHT="38" WIDTH="31" VPOS="2252" HPOS="840"/>
<String CONTENT="29;" HEIGHT="46" WIDTH="82" VPOS="2251" HPOS="872"/>
<SP HEIGHT="35" WIDTH="33" VPOS="2262" HPOS="955"/>
<String CONTENT="aff." HEIGHT="40" WIDTH="81" VPOS="2252" HPOS="989"/>
<SP HEIGHT="39" WIDTH="31" VPOS="2253" HPOS="1071"/>
<String CONTENT="Dec." HEIGHT="39" WIDTH="111" VPOS="2253" HPOS="1103"/>
<SP HEIGHT="40" WIDTH="31" VPOS="2252" HPOS="1215"/>
<String CONTENT="26;" HEIGHT="46" WIDTH="82" VPOS="2251" HPOS="1247"/>
<SP HEIGHT="44" WIDTH="32" VPOS="2253" HPOS="1330"/>
<!-- cceid 4ADEB002-6CF9-1014-A6CF-A82867D68027 --><String CONTENT="A" HEIGHT="37" WIDTH="41" VPOS="2253" HPOS="1363"/>
<SP HEIGHT="39" WIDTH="29" VPOS="2252" HPOS="1405"/>
<String CONTENT="67766;" HEIGHT="47" WIDTH="169" VPOS="2251" HPOS="1435"/>
<SP HEIGHT="45" WIDTH="35" VPOS="2253" HPOS="1605"/>
<String CONTENT="Board" HEIGHT="38" WIDTH="161" VPOS="2253" HPOS="1641"/>
<SP HEIGHT="38" WIDTH="32" VPOS="2254" HPOS="1803"/>
<String CONTENT="of" HEIGHT="40" WIDTH="51" VPOS="2252" HPOS="1836"/>
<SP HEIGHT="39" WIDTH="30" VPOS="2252" HPOS="1888"/>
<String CONTENT="trustees" HEIGHT="37" WIDTH="210" VPOS="2255" HPOS="1919"/>
</TextLine>
<TextLine HEIGHT="47" WIDTH="1761" VPOS="2308" HPOS="199">
<String CONTENT="of" HEIGHT="39" WIDTH="50" VPOS="2308" HPOS="199"/>
<SP HEIGHT="39" WIDTH="25" VPOS="2308" HPOS="250"/>
<String CONTENT="the" HEIGHT="38" WIDTH="83" VPOS="2309" HPOS="276"/>
<SP HEIGHT="39" WIDTH="23" VPOS="2308" HPOS="360"/>
<String CONTENT="Leland" HEIGHT="39" WIDTH="181" VPOS="2308" HPOS="384"/>
<SP HEIGHT="37" WIDTH="29" VPOS="2309" HPOS="566"/>
<String CONTENT="Stanford" HEIGHT="39" WIDTH="233" VPOS="2308" HPOS="596"/>
<SP HEIGHT="46" WIDTH="25" VPOS="2309" HPOS="830"/>
<String CONTENT="junior" HEIGHT="46" WIDTH="165" VPOS="2309" HPOS="856"/>
<SP HEIGHT="27" WIDTH="27" VPOS="2320" HPOS="1022"/>
<String CONTENT="univ.," HEIGHT="41" WIDTH="143" VPOS="2309" HPOS="1050"/>
<SP HEIGHT="39" WIDTH="31" VPOS="2311" HPOS="1194"/>
<String CONTENT="Stanford" HEIGHT="39" WIDTH="233" VPOS="2309" HPOS="1226"/>
<SP HEIGHT="39" WIDTH="29" VPOS="2309" HPOS="1460"/>
<String CONTENT="University," HEIGHT="46" WIDTH="295" VPOS="2309" HPOS="1490"/>
<SP HEIGHT="46" WIDTH="29" VPOS="2309" HPOS="1786"/>
<String CONTENT="Calif." HEIGHT="41" WIDTH="144" VPOS="2308" HPOS="1816"/>
</TextLine>
<TextLine HEIGHT="50" WIDTH="220" VPOS="2363" HPOS="209">
<String CONTENT="(34-262)" HEIGHT="50" WIDTH="220" VPOS="2363" HPOS="209"/>
</TextLine>
<TextLine HEIGHT="65" WIDTH="841" VPOS="2480" HPOS="130" STYLEREFS="StyleId-C7FD4215-92C4-4433-A7F8-D2B07292B8D2-">
<String CONTENT="Teele," HEIGHT="65" WIDTH="186" VPOS="2480" HPOS="130"/>
<SP HEIGHT="64" WIDTH="27" VPOS="2481" HPOS="317"/>
<String CONTENT="Stanley" HEIGHT="63" WIDTH="243" VPOS="2481" HPOS="345"/>
<SP HEIGHT="61" WIDTH="28" VPOS="2483" HPOS="589"/>
<String CONTENT="Ferdinand." HEIGHT="56" WIDTH="353" VPOS="2481" HPOS="618"/>
</TextLine>
<TextLine HEIGHT="71" WIDTH="1920" VPOS="2558" HPOS="202">
<String CONTENT="Department" HEIGHT="68" WIDTH="377" VPOS="2558" HPOS="202"/>
<SP HEIGHT="52" WIDTH="48" VPOS="2560" HPOS="580"/>
<String CONTENT="leasing" HEIGHT="67" WIDTH="216" VPOS="2560" HPOS="629"/>
<SP HEIGHT="65" WIDTH="46" VPOS="2562" HPOS="846"/>
<String CONTENT="in" HEIGHT="51" WIDTH="58" VPOS="2562" HPOS="893"/>
<SP HEIGHT="52" WIDTH="46" VPOS="2561" HPOS="952"/>
<String CONTENT="department" HEIGHT="67" WIDTH="361" VPOS="2561" HPOS="999"/>
<SP HEIGHT="46" WIDTH="47" VPOS="2568" HPOS="1361"/>
<String CONTENT="stores," HEIGHT="60" WIDTH="194" VPOS="2568" HPOS="1409"/>
<SP HEIGHT="66" WIDTH="46" VPOS="2562" HPOS="1604"/>
<String CONTENT="by" HEIGHT="67" WIDTH="72" VPOS="2562" HPOS="1651"/>
<SP HEIGHT="68" WIDTH="49" VPOS="2561" HPOS="1724"/>
<String CONTENT="Stanley" HEIGHT="68" WIDTH="235" VPOS="2561" HPOS="1774"/>
<SP HEIGHT="66" WIDTH="48" VPOS="2563" HPOS="2010"/>
<String CONTENT="F." HEIGHT="53" WIDTH="63" VPOS="2563" HPOS="2059"/>
</TextLine>
<TextLine HEIGHT="69" WIDTH="1990" VPOS="2637" HPOS="132" CS="1">
<String CONTENT="Teele" HEIGHT="52" WIDTH="162" VPOS="2637" HPOS="132"/>
<SP HEIGHT="35" WIDTH="34" VPOS="2656" HPOS="295"/>
<String CS="1" CONTENT="&#8230;"/>
<SP HEIGHT="50" WIDTH="80" VPOS="2640" HPOS="385"/>
<String CONTENT="Boston," HEIGHT="64" WIDTH="232" VPOS="2640" HPOS="466"/>
<SP HEIGHT="65" WIDTH="27" VPOS="2639" HPOS="699"/>
<String CONTENT="Mass.," HEIGHT="65" WIDTH="189" VPOS="2639" HPOS="727"/>
<SP HEIGHT="64" WIDTH="27" VPOS="2640" HPOS="917"/>
<String CONTENT="Harvard" HEIGHT="51" WIDTH="273" VPOS="2640" HPOS="945"/>
<SP HEIGHT="51" WIDTH="29" VPOS="2640" HPOS="1219"/>
<String CONTENT="university," HEIGHT="67" WIDTH="334" VPOS="2639" HPOS="1249"/>
<SP HEIGHT="64" WIDTH="29" VPOS="2641" HPOS="1584"/>
<String CONTENT="Graduate" HEIGHT="54" WIDTH="293" VPOS="2641" HPOS="1614"/>
<SP HEIGHT="36" WIDTH="28" VPOS="2659" HPOS="1908"/>
<String CONTENT="school" HEIGHT="54" WIDTH="185" VPOS="2641" HPOS="1937"/>
</TextLine>
<TextLine HEIGHT="71" WIDTH="1967" VPOS="2713" HPOS="134" CS="1">
<String CONTENT="of" HEIGHT="52" WIDTH="62" VPOS="2713" HPOS="134"/>
<SP HEIGHT="54" WIDTH="25" VPOS="2713" HPOS="197"/>
<String CONTENT="business" HEIGHT="54" WIDTH="253" VPOS="2714" HPOS="223"/>
<SP HEIGHT="34" WIDTH="25" VPOS="2734" HPOS="477"/>
<String CONTENT="administration," HEIGHT="68" WIDTH="481" VPOS="2715" HPOS="503"/>
<SP HEIGHT="63" WIDTH="26" VPOS="2720" HPOS="985"/>
<String CONTENT="Bureau" HEIGHT="49" WIDTH="227" VPOS="2720" HPOS="1012"/>
<SP HEIGHT="34" WIDTH="28" VPOS="2735" HPOS="1240"/>
<String CONTENT="of" HEIGHT="54" WIDTH="62" VPOS="2715" HPOS="1269"/>
<SP HEIGHT="54" WIDTH="25" VPOS="2715" HPOS="1332"/>
<String CONTENT="business" HEIGHT="53" WIDTH="253" VPOS="2717" HPOS="1358"/>
<SP HEIGHT="33" WIDTH="27" VPOS="2737" HPOS="1612"/>
<String CONTENT="research" HEIGHT="51" WIDTH="253" VPOS="2720" HPOS="1640"/>
<SP HEIGHT="64" WIDTH="35" VPOS="2720" HPOS="1894"/>
<String CS="1" CONTENT="["/>
<String STYLE="superscript" CONTENT="c" HEIGHT="20" WIDTH="15" VPOS="2725" HPOS="1948"/>
<String CS="1" CONTENT="1933]" HEIGHT="48" WIDTH="129" VPOS="2723" HPOS="1972"/>
</TextLine>
<TextLine HEIGHT="50" WIDTH="1930" VPOS="2787" HPOS="203">
<String CONTENT="viii," HEIGHT="46" WIDTH="99" VPOS="2787" HPOS="203"/>
<SP HEIGHT="45" WIDTH="28" VPOS="2788" HPOS="303"/>
<String CONTENT="39" HEIGHT="40" WIDTH="58" VPOS="2787" HPOS="332"/>
<SP HEIGHT="48" WIDTH="26" VPOS="2787" HPOS="391"/>
<String CONTENT="p." HEIGHT="37" WIDTH="40" VPOS="2798" HPOS="418"/>
<SP HEIGHT="37" WIDTH="59" VPOS="2789" HPOS="459"/>
<String CONTENT="28" HEIGHT="38" WIDTH="55" VPOS="2789" HPOS="519"/>
<String STYLE="superscript" CONTENT="cm" HEIGHT="20" WIDTH="43" VPOS="2790" HPOS="577"/>
<String CONTENT="." HEIGHT="8" WIDTH="8" VPOS="2819" HPOS="626"/>
<SP HEIGHT="46" WIDTH="68" VPOS="2789" HPOS="635"/>
<String CONTENT="([Harvard" HEIGHT="48" WIDTH="270" VPOS="2789" HPOS="704"/>
<SP HEIGHT="39" WIDTH="31" VPOS="2790" HPOS="975"/>
<String CONTENT="university.." HEIGHT="47" WIDTH="309" VPOS="2789" HPOS="1007"/>
<SP HEIGHT="40" WIDTH="37" VPOS="2790" HPOS="1317"/>
<String CONTENT="Graduate" HEIGHT="40" WIDTH="248" VPOS="2790" HPOS="1355"/>
<SP HEIGHT="29" WIDTH="31" VPOS="2801" HPOS="1604"/>
<String CONTENT="school" HEIGHT="39" WIDTH="160" VPOS="2792" HPOS="1636"/>
<SP HEIGHT="39" WIDTH="33" VPOS="2792" HPOS="1797"/>
<String CONTENT="of" HEIGHT="39" WIDTH="50" VPOS="2792" HPOS="1831"/>
<SP HEIGHT="38" WIDTH="32" VPOS="2792" HPOS="1882"/>
<String CONTENT="business" HEIGHT="41" WIDTH="218" VPOS="2790" HPOS="1915"/>
</TextLine>
<TextLine HEIGHT="51" WIDTH="1991" VPOS="2842" HPOS="135">
<String CONTENT="administration]" HEIGHT="50" WIDTH="411" VPOS="2842" HPOS="135"/>
<SP HEIGHT="47" WIDTH="54" VPOS="2845" HPOS="547"/>
<String CONTENT="Division" HEIGHT="41" WIDTH="221" VPOS="2844" HPOS="602"/>
<SP HEIGHT="29" WIDTH="24" VPOS="2856" HPOS="824"/>
<String CONTENT="of" HEIGHT="39" WIDTH="50" VPOS="2846" HPOS="849"/>
<SP HEIGHT="38" WIDTH="23" VPOS="2846" HPOS="900"/>
<String CONTENT="research." HEIGHT="38" WIDTH="237" VPOS="2847" HPOS="924"/>
<SP HEIGHT="38" WIDTH="56" VPOS="2847" HPOS="1162"/>
<String CONTENT="Business" HEIGHT="40" WIDTH="232" VPOS="2846" HPOS="1219"/>
<SP HEIGHT="28" WIDTH="26" VPOS="2858" HPOS="1452"/>
<String CONTENT="research" HEIGHT="38" WIDTH="222" VPOS="2849" HPOS="1479"/>
<SP HEIGHT="38" WIDTH="24" VPOS="2849" HPOS="1702"/>
<String CONTENT="studies&#8212;no." HEIGHT="39" WIDTH="322" VPOS="2848" HPOS="1727"/>
<SP HEIGHT="37" WIDTH="25" VPOS="2850" HPOS="2050"/>
<String CONTENT="4)" HEIGHT="43" WIDTH="50" VPOS="2850" HPOS="2076"/>
</TextLine>
<TextLine HEIGHT="106" WIDTH="1978" VPOS="2899" HPOS="136" CS="1">
<String CONTENT="On" HEIGHT="41" WIDTH="71" VPOS="2899" HPOS="206"/>
<SP HEIGHT="28" WIDTH="26" VPOS="2911" HPOS="278"/>
<String CONTENT="cover:" HEIGHT="29" WIDTH="167" VPOS="2910" HPOS="305"/>
<SP HEIGHT="38" WIDTH="29" VPOS="2900" HPOS="473"/>
<String CONTENT="Publication" HEIGHT="41" WIDTH="303" VPOS="2900" HPOS="503"/>
<SP HEIGHT="29" WIDTH="29" VPOS="2912" HPOS="807"/>
<String CONTENT="of" HEIGHT="39" WIDTH="50" VPOS="2902" HPOS="837"/>
<SP HEIGHT="39" WIDTH="27" VPOS="2902" HPOS="888"/>
<String CONTENT="the" HEIGHT="38" WIDTH="81" VPOS="2903" HPOS="916"/>
<SP HEIGHT="39" WIDTH="28" VPOS="2902" HPOS="998"/>
<String CONTENT="Graduate" HEIGHT="41" WIDTH="248" VPOS="2902" HPOS="1027"/>
<SP HEIGHT="29" WIDTH="29" VPOS="2914" HPOS="1276"/>
<String CONTENT="school" HEIGHT="39" WIDTH="157" VPOS="2904" HPOS="1306"/>
<SP HEIGHT="38" WIDTH="32" VPOS="2905" HPOS="1464"/>
<String CONTENT="of" HEIGHT="39" WIDTH="50" VPOS="2904" HPOS="1497"/>
<SP HEIGHT="39" WIDTH="27" VPOS="2904" HPOS="1548"/>
<String CONTENT="business" HEIGHT="40" WIDTH="221" VPOS="2904" HPOS="1576"/>
<SP HEIGHT="29" WIDTH="29" VPOS="2915" HPOS="1798"/>
<String CONTENT="administration" HEIGHT="92" WIDTH="1978" VPOS="2904" HPOS="136"/>
<SP HEIGHT="29" WIDTH="31" VPOS="2966" HPOS="236"/>
<String CS="1" CONTENT="&#8230;"/>
<SP HEIGHT="38" WIDTH="58" VPOS="2957" HPOS="314"/>
<String CONTENT="Harvard" HEIGHT="39" WIDTH="229" VPOS="2957" HPOS="373"/>
<SP HEIGHT="37" WIDTH="27" VPOS="2959" HPOS="603"/>
<String CONTENT="university," HEIGHT="48" WIDTH="285" VPOS="2957" HPOS="631"/>
<SP HEIGHT="28" WIDTH="56" VPOS="2970" HPOS="917"/>
<String CONTENT="vol." HEIGHT="40" WIDTH="91" VPOS="2960" HPOS="974"/>
<SP HEIGHT="30" WIDTH="28" VPOS="2970" HPOS="1066"/>
<String CONTENT="xx" HEIGHT="28" WIDTH="66" VPOS="2970" HPOS="1095"/>
<SP HEIGHT="29" WIDTH="32" VPOS="2970" HPOS="1162"/>
<String CS="1" CONTENT="&#8230;"/>
<SP HEIGHT="28" WIDTH="59" VPOS="2971" HPOS="1241"/>
<String CONTENT="no." HEIGHT="28" WIDTH="72" VPOS="2971" HPOS="1301"/>
<SP HEIGHT="37" WIDTH="31" VPOS="2962" HPOS="1374"/>
<String CONTENT="7." HEIGHT="37" WIDTH="38" VPOS="2962" HPOS="1406"/>
</TextLine>
<TextLine HEIGHT="52" WIDTH="1928" VPOS="3012" HPOS="208" CS="1">
<String CONTENT="&#8220;Adapted" HEIGHT="47" WIDTH="248" VPOS="3012" HPOS="208"/>
<SP HEIGHT="38" WIDTH="39" VPOS="3014" HPOS="457"/>
<String CONTENT="from" HEIGHT="39" WIDTH="126" VPOS="3014" HPOS="497"/>
<SP HEIGHT="29" WIDTH="41" VPOS="3024" HPOS="624"/>
<String CONTENT="a" HEIGHT="28" WIDTH="25" VPOS="3025" HPOS="666"/>
<SP HEIGHT="36" WIDTH="42" VPOS="3017" HPOS="692"/>
<String CONTENT="thesis" HEIGHT="40" WIDTH="151" VPOS="3014" HPOS="735"/>
<SP HEIGHT="29" WIDTH="39" VPOS="3025" HPOS="887"/>
<String CONTENT="submitted" HEIGHT="40" WIDTH="264" VPOS="3015" HPOS="927"/>
<SP HEIGHT="39" WIDTH="45" VPOS="3017" HPOS="1192"/>
<String CS="1" CONTENT="&#8230;"/>
<SP HEIGHT="40" WIDTH="44" VPOS="3016" HPOS="1283"/>
<String CONTENT="in" HEIGHT="39" WIDTH="47" VPOS="3016" HPOS="1328"/>
<SP HEIGHT="36" WIDTH="41" VPOS="3028" HPOS="1376"/>
<String CONTENT="partial" HEIGHT="47" WIDTH="178" VPOS="3017" HPOS="1418"/>
<SP HEIGHT="38" WIDTH="42" VPOS="3017" HPOS="1597"/>
<String CONTENT="fulfillment" HEIGHT="40" WIDTH="280" VPOS="3017" HPOS="1640"/>
<SP HEIGHT="35" WIDTH="41" VPOS="3022" HPOS="1921"/>
<String CONTENT="of" HEIGHT="40" WIDTH="51" VPOS="3017" HPOS="1963"/>
<SP HEIGHT="39" WIDTH="40" VPOS="3017" HPOS="2015"/>
<String CS="1" CONTENT="the" HEIGHT="39" WIDTH="57" VPOS="3018" HPOS="2079"/>
</TextLine>
<TextLine HEIGHT="95" WIDTH="1985" VPOS="3068" HPOS="135" CS="1">
<String CONTENT="requirements" HEIGHT="47" WIDTH="347" VPOS="3068" HPOS="139"/>
<SP HEIGHT="38" WIDTH="37" VPOS="3070" HPOS="487"/>
<String CONTENT="for" HEIGHT="38" WIDTH="78" VPOS="3070" HPOS="525"/>
<SP HEIGHT="34" WIDTH="38" VPOS="3075" HPOS="604"/>
<String CONTENT="the" HEIGHT="38" WIDTH="79" VPOS="3071" HPOS="643"/>
<SP HEIGHT="38" WIDTH="39" VPOS="3072" HPOS="723"/>
<String CONTENT="degree" HEIGHT="47" WIDTH="170" VPOS="3072" HPOS="763"/>
<SP HEIGHT="29" WIDTH="38" VPOS="3082" HPOS="934"/>
<String CONTENT="of" HEIGHT="38" WIDTH="52" VPOS="3072" HPOS="973"/>
<SP HEIGHT="39" WIDTH="36" VPOS="3072" HPOS="1026"/>
<String CONTENT="doctor" HEIGHT="37" WIDTH="167" VPOS="3074" HPOS="1063"/>
<SP HEIGHT="28" WIDTH="39" VPOS="3084" HPOS="1231"/>
<String CONTENT="of" HEIGHT="40" WIDTH="50" VPOS="3072" HPOS="1271"/>
<SP HEIGHT="41" WIDTH="37" VPOS="3072" HPOS="1322"/>
<String CONTENT="commercial" HEIGHT="40" WIDTH="301" VPOS="3073" HPOS="1360"/>
<SP HEIGHT="38" WIDTH="43" VPOS="3075" HPOS="1662"/>
<String CONTENT="science.&quot;&#8212;Foreword." HEIGHT="90" WIDTH="1985" VPOS="3073" HPOS="135"/>
</TextLine>
<TextLine HEIGHT="54" WIDTH="1997" VPOS="3189" HPOS="141">
<String CONTENT="&#169;" HEIGHT="52" WIDTH="50" VPOS="3189" HPOS="141"/>
<SP HEIGHT="52" WIDTH="39" VPOS="3189" HPOS="192"/>
<String CONTENT="Nov." HEIGHT="40" WIDTH="115" VPOS="3195" HPOS="232"/>
<SP HEIGHT="38" WIDTH="42" VPOS="3195" HPOS="348"/>
<String CONTENT="6," HEIGHT="47" WIDTH="37" VPOS="3195" HPOS="391"/>
<SP HEIGHT="45" WIDTH="39" VPOS="3197" HPOS="429"/>
<String CONTENT="1933:" HEIGHT="41" WIDTH="141" VPOS="3195" HPOS="469"/>
<SP HEIGHT="39" WIDTH="40" VPOS="3197" HPOS="611"/>
<String CONTENT="2c." HEIGHT="40" WIDTH="65" VPOS="3197" HPOS="652"/>
<SP HEIGHT="38" WIDTH="40" VPOS="3198" HPOS="718"/>
<String CONTENT="Nov." HEIGHT="40" WIDTH="118" VPOS="3198" HPOS="759"/>
<SP HEIGHT="39" WIDTH="39" VPOS="3199" HPOS="878"/>
<String CONTENT="11:" HEIGHT="41" WIDTH="81" VPOS="3199" HPOS="918"/>
<SP HEIGHT="30" WIDTH="43" VPOS="3210" HPOS="1000"/>
<String CONTENT="aff." HEIGHT="40" WIDTH="81" VPOS="3199" HPOS="1044"/>
<SP HEIGHT="38" WIDTH="39" VPOS="3201" HPOS="1126"/>
<String CONTENT="Nov." HEIGHT="39" WIDTH="118" VPOS="3201" HPOS="1166"/>
<SP HEIGHT="38" WIDTH="40" VPOS="3202" HPOS="1285"/>
<String CONTENT="13:" HEIGHT="38" WIDTH="80" VPOS="3202" HPOS="1326"/>
<SP HEIGHT="39" WIDTH="44" VPOS="3201" HPOS="1407"/>
<!-- cceid 4ADEB9B2-6CF9-1014-A6CF-A82867D68027 --><String CONTENT="A" HEIGHT="38" WIDTH="38" VPOS="3201" HPOS="1452"/>
<SP HEIGHT="39" WIDTH="40" VPOS="3201" HPOS="1491"/>
<String CONTENT="68066;" HEIGHT="41" WIDTH="169" VPOS="3201" HPOS="1532"/>
<SP HEIGHT="39" WIDTH="44" VPOS="3203" HPOS="1702"/>
<String CONTENT="President" HEIGHT="41" WIDTH="254" VPOS="3202" HPOS="1747"/>
<SP HEIGHT="36" WIDTH="41" VPOS="3207" HPOS="2002"/>
<String CONTENT="and" HEIGHT="37" WIDTH="94" VPOS="3205" HPOS="2044"/>
</TextLine>
<TextLine HEIGHT="56" WIDTH="1568" VPOS="3251" HPOS="207">
<String CONTENT="fellows" HEIGHT="40" WIDTH="188" VPOS="3251" HPOS="207"/>
<SP HEIGHT="28" WIDTH="32" VPOS="3263" HPOS="396"/>
<String CONTENT="of" HEIGHT="39" WIDTH="50" VPOS="3252" HPOS="429"/>
<SP HEIGHT="40" WIDTH="31" VPOS="3252" HPOS="480"/>
<String CONTENT="Harvard" HEIGHT="39" WIDTH="228" VPOS="3254" HPOS="512"/>
<SP HEIGHT="38" WIDTH="31" VPOS="3256" HPOS="741"/>
<String CONTENT="college," HEIGHT="47" WIDTH="190" VPOS="3256" HPOS="773"/>
<SP HEIGHT="46" WIDTH="36" VPOS="3256" HPOS="964"/>
<String CONTENT="Cambridge," HEIGHT="47" WIDTH="300" VPOS="3256" HPOS="1001"/>
<SP HEIGHT="42" WIDTH="35" VPOS="3259" HPOS="1302"/>
<String CONTENT="Mass." HEIGHT="38" WIDTH="145" VPOS="3259" HPOS="1338"/>
<SP HEIGHT="47" WIDTH="70" VPOS="3258" HPOS="1484"/>
<String CONTENT="(34-156)" HEIGHT="49" WIDTH="220" VPOS="3258" HPOS="1555"/>
</TextLine>
<TextLine HEIGHT="71" WIDTH="772" VPOS="3368" HPOS="147" STYLEREFS="StyleId-C7FD4215-92C4-4433-A7F8-D2B07292B8D2-">
<String CONTENT="[Tendron," HEIGHT="66" WIDTH="305" VPOS="3368" HPOS="147"/>
<SP HEIGHT="62" WIDTH="26" VPOS="3372" HPOS="453"/>
<String CONTENT="Marcel]" HEIGHT="67" WIDTH="236" VPOS="3372" HPOS="480"/>
<SP HEIGHT="63" WIDTH="33" VPOS="3376" HPOS="717"/>
<String CONTENT="1884-" HEIGHT="49" WIDTH="168" VPOS="3376" HPOS="751"/>
</TextLine>
<TextLine HEIGHT="76" WIDTH="1840" VPOS="3446" HPOS="273" STYLEREFS="StyleId-C3052035-59B3-4F11-8E3A-D3EFFF8F3A33-" CS="1">
<String CS="1" CONTENT="&#8230;"/>
<SP HEIGHT="54" WIDTH="28" VPOS="3446" HPOS="273"/>
<String CONTENT="Cendres" HEIGHT="54" WIDTH="247" VPOS="3446" HPOS="302"/>
<SP HEIGHT="51" WIDTH="25" VPOS="3449" HPOS="550"/>
<String CONTENT="de" HEIGHT="52" WIDTH="66" VPOS="3449" HPOS="576"/>
<SP HEIGHT="50" WIDTH="23" VPOS="3451" HPOS="643"/>
<String CONTENT="la" HEIGHT="51" WIDTH="55" VPOS="3451" HPOS="667"/>
<SP HEIGHT="34" WIDTH="21" VPOS="3468" HPOS="723"/>
<String CONTENT="nuit," HEIGHT="63" WIDTH="143" VPOS="3451" HPOS="745"/>
<SP HEIGHT="43" WIDTH="24" VPOS="3471" HPOS="889"/>
<String CONTENT="roman." HEIGHT="34" WIDTH="215" VPOS="3470" HPOS="914"/>
<SP HEIGHT="50" WIDTH="57" VPOS="3454" HPOS="1130"/>
<String CONTENT="Paris," HEIGHT="58" WIDTH="184" VPOS="3454" HPOS="1188"/>
<SP HEIGHT="57" WIDTH="22" VPOS="3455" HPOS="1373"/>
<String CONTENT="J." HEIGHT="51" WIDTH="56" VPOS="3455" HPOS="1396"/>
<SP HEIGHT="50" WIDTH="25" VPOS="3456" HPOS="1453"/>
<String CONTENT="Ferenczi" HEIGHT="51" WIDTH="266" VPOS="3455" HPOS="1479"/>
<SP HEIGHT="52" WIDTH="24" VPOS="3455" HPOS="1746"/>
<String CONTENT="&amp;" HEIGHT="50" WIDTH="45" VPOS="3457" HPOS="1771"/>
<SP HEIGHT="52" WIDTH="22" VPOS="3455" HPOS="1817"/>
<String CONTENT="fils" HEIGHT="54" WIDTH="88" VPOS="3454" HPOS="1840"/>
<SP HEIGHT="47" WIDTH="30" VPOS="3475" HPOS="1929"/>
<String CS="1" CONTENT="[1933]" HEIGHT="49" WIDTH="131" VPOS="3459" HPOS="1982"/>
</TextLine>
<TextLine HEIGHT="51" WIDTH="763" VPOS="3518" HPOS="215" CS="1">
<String CONTENT="2" HEIGHT="37" WIDTH="25" VPOS="3518" HPOS="215"/>
<SP HEIGHT="49" WIDTH="24" VPOS="3518" HPOS="241"/>
<String CONTENT="p." HEIGHT="37" WIDTH="43" VPOS="3530" HPOS="266"/>
<SP/>
<String CS="1" CONTENT="l.," HEIGHT="14" WIDTH="7" VPOS="3550" HPOS="371"/>
<SP HEIGHT="29" WIDTH="29" VPOS="3539" HPOS="379"/>
<String CS="1" CONTENT="[7]-217" HEIGHT="49" WIDTH="161" VPOS="3519" HPOS="424"/>
<SP HEIGHT="48" WIDTH="21" VPOS="3521" HPOS="586"/>
<String LANG="la" CONTENT="p.," HEIGHT="37" WIDTH="57" VPOS="3532" HPOS="608"/>
<SP HEIGHT="43" WIDTH="27" VPOS="3524" HPOS="666"/>
<String CONTENT="1" HEIGHT="37" WIDTH="22" VPOS="3524" HPOS="694"/>
<SP/>
<String CS="1" CONTENT="l."/>
<SP HEIGHT="42" WIDTH="62" VPOS="3523" HPOS="772"/>
<String CS="1" CONTENT="18&#189;"/>
<String STYLE="superscript" CS="1" CONTENT="cm" HEIGHT="20" WIDTH="15" VPOS="3527" HPOS="922"/>
<String CONTENT="." HEIGHT="7" WIDTH="8" VPOS="3557" HPOS="970"/>
</TextLine>
<TextLine HEIGHT="50" WIDTH="1242" VPOS="3575" HPOS="218">
<String CONTENT="Author&#8217;s" HEIGHT="41" WIDTH="225" VPOS="3575" HPOS="218"/>
<SP HEIGHT="38" WIDTH="25" VPOS="3587" HPOS="444"/>
<String CONTENT="pseud.," HEIGHT="47" WIDTH="178" VPOS="3578" HPOS="470"/>
<SP HEIGHT="44" WIDTH="28" VPOS="3577" HPOS="649"/>
<String CONTENT="Marc" HEIGHT="42" WIDTH="135" VPOS="3577" HPOS="678"/>
<SP HEIGHT="38" WIDTH="28" VPOS="3581" HPOS="814"/>
<String CONTENT="Elder," HEIGHT="41" WIDTH="158" VPOS="3581" HPOS="843"/>
<SP HEIGHT="31" WIDTH="26" VPOS="3591" HPOS="1002"/>
<String CONTENT="at" HEIGHT="36" WIDTH="50" VPOS="3586" HPOS="1029"/>
<SP HEIGHT="38" WIDTH="27" VPOS="3584" HPOS="1080"/>
<String CONTENT="head" HEIGHT="39" WIDTH="122" VPOS="3584" HPOS="1108"/>
<SP HEIGHT="39" WIDTH="29" VPOS="3584" HPOS="1231"/>
<String CONTENT="of" HEIGHT="39" WIDTH="50" VPOS="3584" HPOS="1261"/>
<SP HEIGHT="40" WIDTH="25" VPOS="3584" HPOS="1312"/>
<String CONTENT="title." HEIGHT="41" WIDTH="122" VPOS="3584" HPOS="1338"/>
</TextLine>
<TextLine HEIGHT="61" WIDTH="1852" VPOS="3640" HPOS="147" CS="1">
<String CONTENT="&#169;" HEIGHT="52" WIDTH="50" VPOS="3640" HPOS="147"/>
<SP HEIGHT="52" WIDTH="28" VPOS="3640" HPOS="198"/>
<String CONTENT="July" HEIGHT="46" WIDTH="116" VPOS="3647" HPOS="227"/>
<SP HEIGHT="45" WIDTH="26" VPOS="3648" HPOS="344"/>
<String CONTENT="1," HEIGHT="45" WIDTH="39" VPOS="3648" HPOS="371"/>
<SP HEIGHT="44" WIDTH="28" VPOS="3649" HPOS="411"/>
<String CONTENT="1933;" HEIGHT="46" WIDTH="139" VPOS="3648" HPOS="440"/>
<SP/>
<String CS="1" CONTENT="1c."/>
<SP HEIGHT="37" WIDTH="29" VPOS="3651" HPOS="676"/>
<String CONTENT="Nov." HEIGHT="38" WIDTH="116" VPOS="3651" HPOS="706"/>
<SP HEIGHT="37" WIDTH="31" VPOS="3652" HPOS="823"/>
<String CONTENT="17:" HEIGHT="40" WIDTH="79" VPOS="3652" HPOS="855"/>
<SP HEIGHT="40" WIDTH="31" VPOS="3652" HPOS="935"/>
<!-- cceid 4ADEC701-6CF9-1014-A6CF-A82867D68027 --><String CONTENT="A-Foreign" HEIGHT="49" WIDTH="312" VPOS="3652" HPOS="967"/>
<SP HEIGHT="38" WIDTH="27" VPOS="3654" HPOS="1280"/>
<String CONTENT="22717;" HEIGHT="41" WIDTH="170" VPOS="3654" HPOS="1308"/>
<SP HEIGHT="39" WIDTH="33" VPOS="3656" HPOS="1479"/>
<String CONTENT="J." HEIGHT="39" WIDTH="42" VPOS="3656" HPOS="1513"/>
<SP HEIGHT="39" WIDTH="31" VPOS="3656" HPOS="1556"/>
<String CONTENT="Ferenczi" HEIGHT="40" WIDTH="227" VPOS="3656" HPOS="1588"/>
<SP HEIGHT="41" WIDTH="28" VPOS="3656" HPOS="1816"/>
<String CONTENT="&amp;" HEIGHT="39" WIDTH="36" VPOS="3658" HPOS="1845"/>
<SP HEIGHT="39" WIDTH="28" VPOS="3658" HPOS="1882"/>
<String CONTENT="fils." HEIGHT="37" WIDTH="88" VPOS="3659" HPOS="1911"/>
</TextLine>
<TextLine HEIGHT="47" WIDTH="218" VPOS="3703" HPOS="225">
<String CONTENT="(34-141)" HEIGHT="47" WIDTH="218" VPOS="3703" HPOS="225"/>
</TextLine>
<TextLine HEIGHT="79" WIDTH="1240" VPOS="3819" HPOS="147" STYLEREFS="StyleId-C7FD4215-92C4-4433-A7F8-D2B07292B8D2-" CS="1">
<String CONTENT="Tetrick," HEIGHT="67" WIDTH="253" VPOS="3819" HPOS="147"/>
<SP HEIGHT="62" WIDTH="27" VPOS="3824" HPOS="401"/>
<String CONTENT="Willis" HEIGHT="54" WIDTH="188" VPOS="3824" HPOS="429"/>
<SP HEIGHT="54" WIDTH="27" VPOS="3825" HPOS="618"/>
<String CONTENT="Guy," HEIGHT="65" WIDTH="149" VPOS="3825" HPOS="646"/>
<SP HEIGHT="59" WIDTH="30" VPOS="3831" HPOS="796"/>
<String CONTENT="1883-" HEIGHT="49" WIDTH="169" VPOS="3831" HPOS="827"/>
<SP HEIGHT="34" WIDTH="213" VPOS="3849" HPOS="997"/>
<String CS="1" CONTENT="comp." HEIGHT="52" WIDTH="146" VPOS="3846" HPOS="1241"/>
</TextLine>
<TextLine HEIGHT="84" WIDTH="1929" VPOS="3897" HPOS="217" STYLEREFS="StyleId-C3052035-59B3-4F11-8E3A-D3EFFF8F3A33-">
<String CONTENT="Obituaries" HEIGHT="57" WIDTH="325" VPOS="3897" HPOS="217"/>
<SP HEIGHT="52" WIDTH="51" VPOS="3902" HPOS="543"/>
<String CONTENT="from" HEIGHT="53" WIDTH="151" VPOS="3902" HPOS="595"/>
<SP HEIGHT="34" WIDTH="51" VPOS="3922" HPOS="747"/>
<String CONTENT="newspapers" HEIGHT="51" WIDTH="362" VPOS="3922" HPOS="799"/>
<SP HEIGHT="33" WIDTH="49" VPOS="3926" HPOS="1162"/>
<String CONTENT="of" HEIGHT="53" WIDTH="64" VPOS="3906" HPOS="1212"/>
<SP HEIGHT="53" WIDTH="48" VPOS="3906" HPOS="1277"/>
<String CONTENT="northern" HEIGHT="52" WIDTH="273" VPOS="3909" HPOS="1326"/>
<SP HEIGHT="52" WIDTH="49" VPOS="3911" HPOS="1600"/>
<String CONTENT="West" HEIGHT="52" WIDTH="158" VPOS="3911" HPOS="1650"/>
<SP HEIGHT="51" WIDTH="50" VPOS="3914" HPOS="1809"/>
<String CONTENT="Virginia," HEIGHT="69" WIDTH="286" VPOS="3912" HPOS="1860"/>
</TextLine>
<TextLine HEIGHT="81" WIDTH="1996" VPOS="3976" HPOS="150" STYLEREFS="StyleId-C3052035-59B3-4F11-8E3A-D3EFFF8F3A33-">
<String CONTENT="principally" HEIGHT="70" WIDTH="345" VPOS="3976" HPOS="150"/>
<SP HEIGHT="67" WIDTH="37" VPOS="3979" HPOS="496"/>
<String CONTENT="from" HEIGHT="54" WIDTH="152" VPOS="3979" HPOS="534"/>
<SP HEIGHT="45" WIDTH="32" VPOS="3989" HPOS="687"/>
<String CONTENT="the" HEIGHT="52" WIDTH="95" VPOS="3983" HPOS="720"/>
<SP HEIGHT="34" WIDTH="34" VPOS="4001" HPOS="816"/>
<String CONTENT="counties" HEIGHT="52" WIDTH="251" VPOS="3985" HPOS="851"/>
<SP HEIGHT="34" WIDTH="34" VPOS="4003" HPOS="1103"/>
<String CONTENT="of" HEIGHT="52" WIDTH="64" VPOS="3984" HPOS="1138"/>
<SP HEIGHT="53" WIDTH="36" VPOS="3984" HPOS="1203"/>
<String CONTENT="Barbour," HEIGHT="63" WIDTH="278" VPOS="3986" HPOS="1240"/>
<SP HEIGHT="59" WIDTH="34" VPOS="3990" HPOS="1519"/>
<String CONTENT="Braxton," HEIGHT="67" WIDTH="277" VPOS="3990" HPOS="1554"/>
<SP HEIGHT="67" WIDTH="36" VPOS="3990" HPOS="1832"/>
<String CONTENT="Calhoun," HEIGHT="67" WIDTH="277" VPOS="3990" HPOS="1869"/>
</TextLine>
</TextBlock>
</PrintSpace>
</Page>
</Layout>
</alto>