2484 4405
1077 4099 134 51 1615

130 448 208 50 Texas.
412 447 183 65 Laics,
625 450 257 61 statutes,
913 450 100 49 etc.

201 522 277 54 Vernon’s
518 522 308 52 annotated
867 521 244 53 Revised
1150 520 135 53 civil
1326 521 112 52 and
1479 520 263 54 criminal
1781 527 240 48 statutes
2061 524 63 52 of

130 601 95 52 the
249 605 145 48 state
419 600 63 53 of
507 602 198 50 Texas.
768 598 263 69 October,
1057 602 152 63 1933,
1230 599 345 53 cumulative
1600 600 314 68 pamphlet.
130 603 1970 128 Constitutional

494 678 391 51 amendments
920 677 249 68 adopted
1207 678 151 67 Aug.
1396 681 85 64 26,
1521 681 151 65 1933,
1710 679 141 52 with
131 686 1968 123 annotations

317 756 112 51 and
466 755 139 53 with
641 754 345 53 cumulative
1021 754 153 53 table
1211 756 112 51 and
1359 756 174 51 index
1572 798 56 10 …
1707 758 227 54 Kansas
1972 758 153 69 City,

137 834 224 54 Vernon
388 835 110 51 law
525 833 147 53 book
699 850 279 52 company
1011 867 12 33 [
1029 838 18 21 c
1052 835 133 50 1933
1193 865 12 35 ]

199 909 23 38 1
251 919 42 37 p.
342 941 8 7 l.,
393 908 144 40 5-143
563 919 43 36 p.
661 908 56 38 24
719 910 43 20 cm
769 939 8 7 .

133 962 51 51 ©
210 965 99 40 Oct.
337 966 68 45 17,
430 964 140 43 1933;
597 965 68 40 2c.
691 965 116 39 Nov.
835 963 81 46 16;
945 962 82 42 aff.
1053 962 118 40 Nov.
1198 964 81 46 18;
1307 964 43 38 A
1375 963 169 48 68176;
1574 966 193 40 Vernon
1792 968 96 38 law
1914 969 122 39 book
2061 980 69 29 co.

132 1068 209 53 Texas.
415 1068 277 65 Supreme
723 1072 174 46 court.

203 1143 120 52 The
363 1145 184 50 Texas
586 1147 252 63 reports;
883 1160 151 35 cases
1074 1142 293 68 adjudged
1409 1141 60 52 in
1511 1142 96 51 the
1648 1141 279 69 Supreme
1966 1157 162 39 court

135 1220 151 53 from
325 1221 168 67 June,
533 1223 151 65 1931,
721 1226 60 47 to
819 1221 170 66 June,
1029 1222 151 50 1932.
1255 1220 290 67 Reported
1582 1220 75 66 by
1693 1222 65 50 L.
1795 1221 74 51 K.
1912 1221 214 55 Smoot,

132 1318 52 35 v.
223 1301 115 50 121.
419 1297 247 69 [Austin,
699 1300 155 64 Tex.]
899 1299 163 55 State
1093 1298 63 53 of
1192 1299 202 65 Texas,
1429 1301 151 49 1933.

199 1373 136 47 xxiii,
365 1373 88 40 752
479 1383 42 37 p.
578 1372 154 47 diagr.
790 1372 55 40 23½
879 1374 43 20 cm
928 1403 8 7 .

134 1426 51 52 ©
211 1431 117 40 Nov.
354 1429 69 48 28,
449 1429 140 46 1933;
617 1429 67 40 2c.
711 1430 95 40 and
833 1427 81 43 aff.
940 1429 112 40 Dec.
1079 1429 54 45 1;
1162 1428 40 39 A
1228 1426 170 48 68367;
1428 1427 50 41 L.
1505 1427 60 41 K.
1595 1427 176 49 Smoot,
1799 1429 190 49 Austin,
2018 1432 112 40 Tex.

134 1531 270 65 Virginia
429 1531 371 64 polytechnic
827 1532 298 63 institute,
1153 1532 375 66 Blacksburg.

200 1606 286 70 Virginia,
514 1606 280 53 economic
822 1606 113 54 and
963 1605 160 70 civic,
1152 1606 281 68 prepared
1461 1607 60 52 in
1552 1607 95 51 the
1672 1605 269 69 Virginia
133 1607 1974 132 polytechnic

376 1684 261 54 institute
663 1684 61 51 in
749 1684 406 53 collaboration
1185 1684 141 53 with
1354 1685 96 53 the
1477 1684 269 67 Virginia
1774 1691 142 46 state
134 1685 1973 132 chamber
269 1763 62 52 of

369 1780 330 49 commerce;
740 1761 141 55 with
920 1781 31 34 a
991 1762 285 54 foreword
1314 1762 73 68 by
1425 1762 328 53 Honorable
1792 1762 156 54 John
134 1761 1973 132 Garland
308 1840 265 66 Pollard;
615 1839 69 54 R.

724 1840 110 54 Lee
873 1839 302 68 Humbert,
1256 1882 10 10 A.
1364 1882 29 25 M.,
1433 1840 184 54 editor
1663 1884 56 10 …
1763 1839 251 54 Willard
2053 1841 76 55 H.

133 1918 300 66 Humbert,
469 1938 52 32 a.
560 1935 84 49 m.,
680 1917 270 53 associate
986 1916 185 54 editor
1211 1961 56 10 …
1308 1917 257 54 Melville
1600 1918 63 51 L.
1700 1916 247 70 Jeffries,
1983 1938 49 33 b.
2071 1936 59 52 s.,

133 1994 265 57 assistant
431 1996 183 54 editor
654 2040 56 9 …
785 1993 214 56 Edited
1033 1994 94 54 for
1162 1996 95 51 the
1291 1992 268 72 Virginia
1595 2001 143 49 state
1773 1996 261 54 chamber
2070 1997 61 53 of

135 2091 301 36 commerce
465 2073 75 69 by
572 2072 268 55 Clarence
868 2073 87 53 W.
990 2073 273 52 Newman
1298 2118 56 9 …
1426 2074 338 68 Richmond,
1793 2075 123 68 Va.,
1946 2074 185 55 Whit-

133 2155 79 48 tet
242 2152 45 50 &
316 2150 378 69 Shepperson,
727 2153 151 52 1933.

203 2221 98 49 xxi,
330 2221 87 41 427
448 2233 42 37 p.
550 2222 126 40 illus.
708 2221 185 49 (maps)
934 2222 179 48 diagrs.
1174 2223 55 40 23½c
1279 2225 28 21 m
1312 2257 8 8 .

206 2277 183 42 “Seven
420 2279 223 40 hundred
674 2277 159 49 copies
867 2280 50 39 of
951 2277 98 42 this
1083 2280 123 40 book
1240 2281 123 40 have
1396 2283 118 39 been
1547 2282 192 48 printed
1773 2284 95 40 and
1903 2286 80 39 the
2020 2289 111 44 type

133 2335 272 48 destroyed.
465 2335 118 40 This
615 2334 41 42 is
687 2336 203 39 number
919 2335 128 41 209.”

205 2392 349 48 Bibliography
588 2396 50 36 at
673 2393 91 39 end
798 2393 51 39 of
880 2394 119 38 each
1033 2393 215 47 chapter.

544 2447 271 42 CONTENTS.—Industrial
859 2450 335 46 development
1239 2450 51 40 of
1336 2451 508 48 Virginia.—Natural
1892 2458 95 38 and

134 2468 1980 78 economic
331 2506 186 40 factors
559 2505 295 49 influencing
892 2505 265 41 industrial
1201 2507 750 55 development.—Government,
136 2516 1976 95 taxation,
282 2562 201 48 finance,
515 2562 272 41 education.

141 2621 51 51 ©
221 2625 101 40 Oct.
348 2626 39 45 1,
414 2624 140 46 1933;
582 2624 66 39 2c.
677 2623 102 41 Oct.
805 2623 82 46 13;
916 2622 81 40 aff.
1023 2623 119 39 Nov.
1170 2624 53 46 7;
1251 2624 43 38 A
1320 2624 169 48 67032;
1520 2626 207 41 Whittet
1756 2628 36 40 &
1822 2628 316 49 Shepperson,

208 2681 168 40 James
407 2680 222 46 Whittet,
666 2680 102 40 sole
801 2689 175 30 owner.
1047 2679 282 50 (33-34476)

139 2770 137 64 Vos,
305 2770 144 53 Bert
476 2769 174 64 John,
682 2768 171 54 1867-

207 2847 56 52 A
290 2847 124 52 first
438 2847 251 55 German
714 2848 215 66 reader,
953 2847 76 67 by
1054 2850 68 51 B.
1147 2849 57 54 J.
1230 2850 118 55 Vos
1378 2896 55 9 …
1514 2853 138 52 New
1678 2855 179 66 York,
1883 2857 76 52 H.
1986 2858 143 52 Holt

137 2927 112 51 and
279 2942 279 50 company
591 2959 12 33 [
606 2930 20 22 c
630 2928 152 64 1933]

211 2996 82 49 vii,
325 2997 98 47 195,
457 2998 34 38 li
525 3008 43 36 p.
629 2996 127 40 illus.
785 2996 134 47 (incl.
951 2997 148 48 port.)
1141 3001 26 39 2
1201 3009 136 37 maps
1366 3000 49 47 (1
1452 3002 197 47 double)
1691 3003 154 47 diagr.
1905 3006 55 40 19
1963 3009 42 20 cm
2012 3039 9 8 .

143 3051 51 51 ©
225 3055 118 40 Nov.
375 3056 39 43 1,
446 3054 142 47 1933;
621 3054 66 40 2c.
721 3054 95 40 and
849 3054 82 41 aff.
962 3056 119 41 Nov.
1113 3058 54 45 4;
1199 3057 43 38 A
1273 3057 169 43 65981;
1478 3060 53 40 B.
1566 3060 43 41 J.
1642 3062 109 46 Vos,
1786 3064 338 46 Bloomington

213 3112 103 39 Ind.
387 3111 279 48 (33-34456)

141 3196 251 67 Walker,
419 3200 221 54 Robert
671 3201 241 66 Sparks,
945 3204 172 52 1878-

208 3275 219 71 Eating
451 3277 248 55 thunder
726 3280 113 53 and
867 3279 162 54 other
1057 3282 218 68 stories,
1302 3283 77 68 by
1404 3286 215 53 Robert
1652 3288 218 67 Sparks
1900 3292 233 54 Walker

145 3394 57 12 …
279 3354 139 54 New
448 3355 179 68 York,
656 3357 362 55 Association
1046 3377 175 50 press,
1251 3365 150 51 1933.

216 3426 82 39 viii
328 3437 56 36 p..
412 3428 18 37 1
485 3461 7 6 l.,
535 3428 84 39 164
646 3439 41 37 p.
749 3429 55 40 19½
836 3433 43 20 cm
885 3462 9 8 .

144 3478 52 53 ©
231 3483 127 50 Sept.
389 3483 69 49 29,
491 3483 143 50 1983;
668 3486 68 41 2c.
770 3486 101 41 Oct.
905 3488 82 47 13;
1023 3488 84 41 aff.
1140 3489 118 41 Nov.
1293 3493 52 44 1;
1381 3492 42 38 A
1455 3493 170 47 66823;
1663 3495 205 41 General
1904 3499 150 41 board
2088 3502 54 39 of

215 3540 55 41 Y.
297 3541 63 40 M.
429 3573 9 9 C.
464 3541 69 48 A.,
561 3541 117 40 New
705 3543 145 41 York.
924 3543 280 50 (33-34489)

150 3624 200 68 Waltz,
379 3629 199 53 Frank
607 3632 70 54 D.
705 3632 86 65 B.,
821 3632 173 54 1878-

212 3705 120 54 The
358 3708 210 56 A-B-C
596 3709 64 53 of
687 3710 329 70 refraction,
1045 3713 76 68 by
1149 3716 63 52 F.
1241 3718 71 52 D.
1344 3719 65 53 B.
1440 3720 189 54 Waltz
1665 3768 55 9 …
1823 3726 188 60 [Delta,
2043 3727 50 56 O]

142 3788 17 21 c
165 3786 147 51 1933.

219 3852 67 49 86,
317 3857 55 47 [4]
400 3867 43 35 p.
503 3857 141 47 illus.,
674 3870 62 37 pl.
796 3862 56 41 18c
870 3865 28 21 m
903 3895 9 8 .

219 3909 162 44 Blank
405 3922 148 39 pages
580 3913 126 42 "For
729 3917 249 42 notation”
1057 3921 42 49 [2]
1130 3924 54 39 at
1212 3923 117 49 end)

150 3962 51 51 ©
239 3968 102 41 Oct.
375 3970 70 47 26,
481 3971 113 41 1933;
659 3974 66 39 2c.
762 3975 119 41 Nov.
918 3977 81 45 10;
1039 3979 82 38 aff.
1160 3980 115 39 Nov.
1313 3982 52 46 9;
1405 3984 43 38 A
1482 3984 169 49 68048;
1693 3988 36 38 F
1782 3990 55 38 D.
1877 3992 38 37 B
1968 3992 159 39 Waltz

216 4024 205 42 Detroit.
492 4027 280 49 (33-34483)
