2484 4405
1106 4044 97 47 990

235 466 1642 49 viii p., 1 l., 387 p., 1 l. front., plates. ports., facsims. 23 ½ cm .
169 523 51 52 ©
253 528 116 46 July
399 526 68 47 10,
499 527 140 46 1933;
672 527 67 41 2c.
771 527 96 38 and
897 525 84 40 aff.
1014 527 116 46 July
1163 527 81 45 12;
1279 526 40 38 A
1351 526 170 46 64293;
1557 526 249 40 Columbia
1841 525 130 40 univ.
2005 535 150 38 press.

244 582 278 48 (33-17822)

159 670 257 64 Holmes,
443 670 153 54 John
627 671 259 64 Haynes,
918 672 170 54 1879-

231 750 119 51 The
375 748 241 55 sensible
635 750 178 51 man’s
837 750 89 52 view
1004 748 64 53 of
1090 748 261 68 religion,
1368 749 74 67 by
1460 750 154 52 John
1634 749 234 66 Haynes
1886 749 265 66 Holmes;

165 828 138 53 with
345 846 71 35 an
461 827 388 55 introduction
890 827 34 52 by
1009 827 250 67 Stephen
1307 827 55 56 S.
1406 826 169 56 Wise.
1651 827 138 52 New
1835 826 161 53 York
2040 827 111 52 and

161 906 255 67 London,
443 907 233 66 Harper
702 910 45 50 &
775 907 274 65 brothers,
1081 909 150 50 1933.

233 978 48 40 ix
309 989 55 37 p..
393 981 23 37 1
467 1010 21 16 l.,
514 979 86 39 126
626 990 43 36 p.
728 979 56 39 20
787 981 43 21 cm
835 1011 7 8 .

233 1036 160 40 “First
423 1035 224 41 edition.”

167 1089 1970 109 © June 1, 1933; 2c. June 27; aff. June 3; A 64222; J. H. Holmes, Brooklyn. (33-17920)
158 1236 238 69 Holtby,
426 1238 310 66 Winifred,
771 1244 170 49 1898-

232 1314 268 68 Mandoa,
538 1315 280 53 Mandoa!
899 1317 52 51 A
992 1315 235 66 comedy
1263 1316 63 52 of
1364 1317 343 51 irrelevance
1747 1316 74 65 by
1859 1315 290 54 Winifred

166 1391 236 69 Holtby.
473 1393 139 53 New
650 1393 177 68 York,
863 1394 121 53 The
1022 1393 334 53 Macmillan
1394 1411 296 50 company,
1726 1397 152 49 1933.

235 1465 65 49 ix,
328 1465 85 40 393
440 1477 44 38 p.
543 1466 56 41 20
602 1468 43 21 cm
650 1498 9 9 .

167 1519 51 51 ©
247 1524 115 46 July
389 1525 68 45 11,
485 1523 113 40 1933;
655 1524 66 39 2c.
751 1525 94 38 and
873 1523 81 40 aff.
983 1524 116 47 July
1127 1523 54 39 12;
1239 1524 40 38 A
1308 1523 170 41 64302;
1508 1524 72 40 W.
1610 1524 195 46 Holtby,
1835 1524 211 39 London.

245 1580 277 48 (33-17936)

157 1669 224 65 Hovey,
411 1669 212 67 Alvah,
657 1674 324 50 1820-1903.

233 1746 294 55 Christian
572 1748 292 67 teaching;
915 1765 71 34 an
1033 1747 361 68 abridgment
1442 1748 63 51 of
1551 1748 292 55 Christian
1890 1749 265 68 teaching

163 1825 1931 69 and life, by Alvah Hovey … edited by George Rice Hovey …
161 1902 424 69 Philadelphia,
611 1907 215 50 Boston
877 1910 118 62 [etc.]
1027 1906 121 51 The
1173 1905 222 53 Judson
1424 1923 156 48 press
1612 1908 191 63 [c1933]

259 1971 587 61 1 p. l., 3-131 p. 204 cm .
235 2034 234 41 “Revised
497 2035 225 40 edition.”

499 2091 737 48 CONTENTS.—Introductory.—Teaching
1281 2091 50 39 of
1378 2092 143 38 Jesus
1568 2091 587 47 Christ.—Development

162 2149 52 38 of
238 2149 248 40 Christian
512 2149 225 47 teaching
762 2150 60 46 by
847 2150 81 39 the
955 2148 539 48 apostles.—Christian
1522 2147 225 48 teaching
1773 2148 129 40 since
1930 2149 80 38 the
2036 2150 120 45 days

162 2205 51 39 of
239 2208 82 38 the
348 2207 226 46 apostles.

168 2260 51 51 ©
249 2265 126 38 June
402 2263 39 46 9,
470 2264 113 39 1933:
641 2264 65 40 2c.
738 2265 93 38 and
862 2263 82 41 aff.
974 2264 125 39 June
1127 2263 83 47 28;
1241 2263 41 39 A
1311 2263 170 42 63403:
1514 2263 187 39 Judson
1730 2272 148 39 press.

244 2320 279 49 (33-17925)

159 2391 166 56 India
353 2394 218 67 speaks,
599 2395 138 52 with
769 2393 255 54 Richard
1053 2395 395 66 Halliburton,
1479 2395 206 53 author
1715 2395 63 53 of
1807 2395 155 52 “The
1995 2395 154 66 royal

229 2474 138 51 road
391 2479 57 47 to
473 2473 311 67 romance”,
806 2478 130 62 etc.;
961 2473 325 52 illustrated
1306 2474 140 51 with
1472 2476 98 48 100
1591 2471 394 69 photographs
2008 2472 150 51 from

234 2550 95 52 the
356 2550 331 68 photoplay,
713 2550 171 53 India
910 2550 219 68 speaks,
1156 2551 287 67 produced
1469 2550 76 68 by
1567 2551 224 54 Walter
1817 2551 205 52 Futter
2046 2549 109 54 and

233 2627 340 52 distributed
609 2628 74 67 by
718 2628 167 54 RKO
922 2629 163 52 radio
1121 2629 262 66 pictures.
1458 2629 136 52 New
1631 2627 178 67 York,
1847 2628 231 54 Grosset
2115 2630 42 50 &

231 2703 234 67 Dunlap
505 2738 12 33 [
521 2711 19 20 c
545 2707 149 64 1933]

235 2777 81 39 111
347 2788 42 37 p.
418 2777 109 40 inch
555 2778 136 39 front.
733 2778 171 48 (port.)
941 2778 143 46 illus.,
1116 2780 169 46 plates.
1344 2778 58 40 30½
1432 2781 44 21 cm
1481 2811 7 8 .

169 2829 54 51 ©
251 2834 114 47 July
394 2834 39 46 3,
463 2833 113 42 1933:
634 2835 66 39 2c.
732 2836 94 38 and
857 2834 80 40 aff.
968 2836 115 40 July
1114 2836 52 41 7:
1199 2836 40 38 A
1269 2835 169 42 64248;
1472 2836 186 39 Walter
1689 2836 53 39 A.
1775 2836 185 42 Futter,
234 2835 1907 99 Hollywood,
413 2890 143 41 Calif.
627 2891 279 47 (33-17796)

160 2964 310 65 Johnston,
501 2966 259 63 Stephen
790 2968 234 54 Morris.

165 3040 1961 148 Sonny, by Stephen Morris Johnston … New York, Cincinnati [etc.] Benziger brothers, 1933.
236 3192 83 40 168
352 3204 43 37 p.
456 3193 54 39 19
514 3195 43 21 cm

169 3245 51 51 ©
246 3250 112 46 Apr.
386 3249 67 42 10,
481 3250 112 40 1933;
650 3252 65 41 2c.
744 3253 113 46 May
882 3252 51 40 9:
964 3252 80 40 aff.
1073 3253 127 39 June
1226 3253 82 45 27;
1338 3253 39 38 A
1404 3253 169 46 64281;
1604 3253 233 47 Benziger
1864 3254 125 40 bros.

246 3306 276 47 (33-17943)

159 3379 195 66 Jones,
381 3382 190 63 Ralph
601 3384 236 60 Ernest,
866 3389 170 49 1885-

233 3457 1923 74 The fighting tanks since 1916, by Ralph E. Jones … George
164 3535 1995 73 H. Rarey … [and] Robert J. Icks … Washington, D. C., The
164 3613 272 53 National
461 3615 209 53 service
696 3617 332 66 publishing
1053 3635 279 50 company
1364 3621 171 63 [1933]

234 3687 95 46 xvi,
356 3689 84 39 325
466 3699 42 36 p.
568 3688 126 41 illus.
724 3689 132 47 (incl.
884 3690 173 48 ports.)
1126 3691 55 38 24
1185 3693 43 21 cm
1234 3724 8 6 .

237 3745 101 40 “1st
365 3745 225 41 edition.”

237 3802 287 40 “Erratum”
553 3804 93 47 slip
671 3807 225 38 mounted
926 3817 57 28 on
1012 3816 44 36 p.
1083 3805 100 40 129.

236 3860 373 47 Bibliography:
641 3872 42 36 p.
712 3861 216 41 314-317.

172 3912 51 51 ©
255 3918 126 39 June
410 3918 67 42 14,
508 3918 112 39 1933:
677 3919 67 38 2c.
776 3920 93 38 and
901 3919 79 40 aff.
1014 3920 128 39 June
1172 3921 80 41 17;
1285 3921 40 38 A
1355 3921 170 42 64046:
1559 3923 129 38 Natl,
1721 3923 182 40 service
1933 3924 108 46 pub.
2075 3931 81 34 co.,

240 3973 312 49 Harrisburg,
584 3976 82 38 Pa.
737 3976 277 47 (33-17951)
