2582 4453
1279 4137 102 49 350

322 444 178 65 Pirey
530 443 377 66 Saint-Alby,
937 444 67 55 B.
1036 444 89 55 de.

462 520 1530 70 … Tabago la jolie. Paris, J. Tallandier [c1932]
398 594 87 41 224
510 605 45 38 p.
615 594 27 39 2
669 595 104 40 fold.
814 593 156 49 plans.
1032 594 117 41 19cm.

331 664 51 52 ©
414 668 119 40 Nov.
564 667 69 48 12,
665 666 142 47 1932;
871 679 36 29 1c.
940 666 111 41 Jan.
1081 665 41 48 9,
1154 665 141 49 1933;
1329 666 315 49 A-Foreign
1674 666 172 49 19355;
1882 668 137 40 Jules
2051 665 300 43 Tallandier.

411 724 252 49 (33-7706)

322 830 224 56 Power.

396 908 252 54 Power’s
710 906 401 55 maintenance
1171 907 253 53 manual.
1517 907 141 54 New
1723 906 166 55 York
1951 907 137 70 city,
2151 908 205 53 Power

345 990 179 66 [c1932]

394 1060 103 49 viii,
525 1061 89 41 270
639 1072 43 38 p.
744 1060 130 42 illus.
904 1060 134 50 (incl.
1066 1060 183 48 forms)
1284 1059 182 49 diagrs.
1526 1060 118 41 21cm.

396 1118 281 49 “Compiled
701 1118 130 41 from
858 1118 81 41 the
964 1118 266 49 composite
1254 1116 313 50 experiences
1591 1118 52 41 of
1667 1128 147 38 many
1839 1118 180 48 plants,
2045 1129 55 30 as
2126 1118 226 49 reported

323 1175 264 50 originally
614 1176 52 40 in
695 1176 84 41 the
806 1186 148 38 pages
982 1174 53 42 of
1062 1174 467 42 Power.”—Introd.

331 1244 51 54 ©
415 1249 130 41 June
575 1249 40 48 1,
647 1246 142 50 1932;
824 1247 68 42 2c.
926 1247 111 42 Feb.
1069 1247 69 50 16,
1172 1245 142 49 1933;
1350 1246 82 41 aff.
1468 1248 124 40 Mar.
1625 1248 54 47 1;
1714 1247 41 40 A
1787 1245 172 50 59737;
1997 1246 353 42 McGraw-Hill

398 1306 108 49 pub.
541 1317 82 37 co.,
655 1306 106 47 inc.,
794 1307 118 39 New
943 1306 145 40 York.
1161 1303 254 51 (33-7530)

322 1410 122 55 The
483 1410 320 55 Princeton
844 1410 330 66 almanack;
1218 1429 31 34 a
1288 1409 292 55 reference
1617 1410 229 54 volume
1881 1410 65 55 of
1983 1410 213 69 unique
2233 1409 114 54 and

395 1488 1954 71 divers fascinating facts & fancies of Princeton, its men,
394 1588 285 49 manners,
716 1572 51 50 &
805 1569 230 68 morals,
1072 1569 51 52 if
1160 1587 130 51 any,
1329 1568 95 53 for
1461 1570 96 52 the
1593 1575 149 63 past,
1777 1575 230 62 present
2043 1572 51 50 &
2133 1569 214 55 future.

397 1647 356 71 Containing
785 1649 119 53 also
936 1668 32 34 a
999 1655 128 48 vast
1160 1655 236 47 amount
1428 1647 65 54 of
1523 1648 250 54 cultural
1807 1648 364 69 intelligence
2201 1655 150 48 most

394 1729 249 69 cleverly
670 1727 297 54 combined
996 1728 142 53 with
1164 1728 140 68 quip
1331 1730 51 50 &
1409 1728 179 53 crank
1615 1730 51 50 &
1692 1733 483 49 not-too-wanton
2203 1728 146 68 wile,

396 1809 78 53 all
513 1815 59 47 to
611 1810 97 51 the
747 1809 167 68 glory
954 1807 66 54 of
1057 1809 97 51 the
1191 1812 148 49 state
1376 1809 113 53 and
1529 1808 97 52 the
1666 1806 444 55 entertainment
2149 1807 65 53 of
2251 1810 95 51 the

395 1886 1951 69 reader. F. D. Halsey … [and] A. C. M. Azoy … editores.
401 1969 156 66 [New
587 1965 182 70 York]
804 1968 165 52 Done
996 1965 122 55 into
1148 1965 162 69 print
1333 1965 77 68 by
1438 1966 70 55 G.
1537 1964 367 69 Ritterband,
1934 1969 151 52 1932.

395 2042 56 40 64
482 2053 43 39 p.
587 2041 129 41 illus.
778 2041 146 41 22½cm.

330 2112 52 53 ©
410 2118 112 40 Dec.
549 2117 40 45 6,
645 2115 89 42 1932
750 2127 8 36 ;
787 2115 67 42 2c.
882 2116 123 40 Mar.
1032 2115 40 48 6,
1099 2113 142 48 1933;
1271 2113 84 42 aff.
1382 2115 122 40 Mar.
1532 2114 53 47 3;
1616 2113 42 40 A
1683 2112 172 49 59941;
1887 2113 212 49 Campus
2127 2115 109 48 pub.
2266 2124 83 40 co.,

397 2174 276 46 Princeton,
699 2174 57 39 N.
782 2174 43 40 J.
897 2172 254 49 (33-7413)

321 2275 205 56 Public
575 2277 244 54 utilities
870 2281 243 64 reports,
1164 2275 338 69 containing
1550 2274 279 56 decisions
1879 2275 65 55 of
1993 2276 99 54 the
2139 2276 208 55 Public

393 2356 213 55 service
633 2357 390 53 commissions
1053 2356 113 53 and
1194 2355 64 53 of
1286 2361 147 48 state
1460 2356 113 52 and
1600 2355 223 54 federal
1851 2360 209 51 courts.
2137 2356 208 53 1932E.

394 2437 204 68 Henry
638 2436 61 56 C.
740 2438 204 67 Spurr,
981 2435 203 54 editor.
1262 2436 327 67 Rochester,
1626 2436 70 53 N.
1734 2437 91 68 Y.,
1860 2434 207 56 Public
2102 2435 244 57 utilities

395 2522 241 62 reports,
666 2516 108 53 inc.
810 2518 195 65 [c1933]

397 2591 135 42 xxix,
567 2590 86 41 592
684 2601 44 38 p.
789 2591 172 39 tables.
1023 2591 117 39 25cm.

331 2644 52 53 ©
419 2650 124 39 Mar.
581 2648 38 48 6,
658 2647 141 48 1933;
839 2647 66 42 2c.
945 2649 124 39 Mar.
1106 2648 83 46 14;
1231 2645 81 43 aff.
1353 2648 122 40 Mar.
1514 2648 82 46 11;
1637 2647 42 40 A
1717 2646 172 48 60602;
1931 2646 171 42 Public
2140 2646 208 45 utilities

397 2708 205 47 reports,
629 2706 91 40 inc.

321 2808 365 67 Rohracher,
718 2810 254 65 Hubert,
1005 2814 174 50 1903-

393 2888 245 55 Theorie
672 2888 95 56 des
806 2887 220 55 willens
1063 2887 104 55 auf
1203 2888 498 69 experimenteller
1734 2889 341 71 grundlage,
2110 2906 112 37 von
2258 2889 86 55 dr.

322 2968 1631 70 Hubert Rohracher … Leipzig, J. A. Barth, 1932.
326 3041 2005 166 x, 194 p. 24cm. (Added t.-p.: Zeitschrift für Psychologie und Physiologie der Sinnesorgane … 1. abt.: Zeitschrift für Psychologie … Ergänzungsband 21)
330 3210 51 53 ©
424 3215 110 40 Jan.
576 3215 39 49 1,
658 3214 141 47 1932;
874 3226 36 29 1c.
954 3215 130 41 June
1122 3214 83 48 28;
1249 3214 41 39 A
1291 3214 271 49 -Foreign
1605 3214 172 48 17270;
1822 3215 195 40 Johann
2061 3215 287 42 Ambrosius

399 3272 172 41 Barth.
643 3271 282 49 (32-17545)

347 3377 172 63 [Rose,
549 3376 227 54 Walter
803 3376 237 70 Malins]

397 3456 135 49 1932
569 3456 367 67 supplement
972 3461 59 48 to
1070 3455 194 54 Rose’s
1301 3459 161 50 notes
1501 3475 72 35 on
1610 3457 97 52 the
1743 3455 221 55 United
2005 3455 190 56 States
327 3455 1991 146 Supreme
553 3539 162 49 court
752 3540 223 62 reports
1022 3536 59 67 (2
1117 3536 203 52 Dallas
1357 3541 59 47 to
1453 3538 101 49 283
1592 3534 220 56 United
1852 3534 190 56 States
2079 3536 253 68 reports)

323 3611 263 70 showing
610 3613 95 53 the
731 3613 271 69 holdings
1029 3613 64 52 of
1117 3615 95 52 the
1240 3615 146 52 later
1412 3619 147 50 state
1586 3614 113 53 and
1727 3614 222 54 federal
1976 3633 151 35 cases
2155 3615 188 53 which

325 3690 109 54 cite
467 3692 96 52 the
598 3691 278 56 decisions
911 3693 63 55 of
1007 3694 98 52 the
1141 3693 278 69 Supreme
1453 3701 163 47 court
1650 3694 64 54 of
1747 3695 96 51 the
1878 3694 219 55 United
2135 3695 208 69 States,

325 3773 118 50 also
491 3771 238 54 citation
780 3773 64 52 of
894 3772 276 69 Supreme
1220 3779 164 48 court
1431 3774 278 54 decisions
1759 3775 58 52 in
1867 3776 366 53 annotations
2280 3775 64 54 in

324 3851 308 52 American
668 3852 108 52 law
810 3858 224 63 reports
1079 3854 97 66 (A.
1211 3856 62 50 L.
1308 3853 126 67 R.),
1468 3855 269 68 Lawyers
1772 3861 224 61 reports
2031 3854 311 55 annotated

336 3929 91 62 (L.
465 3932 67 51 R.
569 3930 128 69 A.),
732 3933 270 64 Lawyers
1038 3936 222 65 reports
1297 3934 329 64 annotated,
1661 3953 123 34 new
1819 3933 170 56 series
2036 3935 93 67 (L.
2163 3935 70 52 R.
2269 3935 70 52 A.

336 4008 97 69 (N.
479 4008 153 69 S.)),
673 4010 334 54 Annotated
1050 4030 150 35 cases
1255 4012 180 68 (Ann.
1477 4013 165 67 cas.),
1686 4013 224 54 British
1953 4014 197 68 ruling
2191 4033 149 34 cases
