2540 4453
1035 4077 101 51 273

117 440 241 64 Adams,
388 438 223 55 Walter
641 437 231 66 Harris,
905 443 171 49 1903-

185 516 121 52 The
339 516 318 67 placement
691 514 64 53 of
787 514 258 53 students
1080 514 60 53 in
1176 513 266 70 teaching
1478 512 280 69 positions
1796 533 60 35 as
1893 515 221 53 carried

115 612 72 34 on
250 593 75 68 by
391 592 206 69 higher
664 592 358 53 educational
1092 590 732 71 institutions—including
1891 594 223 51 normal

114 671 234 67 schools,
376 670 252 53 teachers
659 670 256 69 colleges,
944 670 257 69 colleges,
1233 670 114 52 and
1376 668 379 69 universities,
1786 670 76 69 by
1891 670 224 54 Walter

113 746 1999 71 H. Adams … Abilene, Tex., Abilene Christian college, 1933.
181 818 1080 51 2 p. l ., vii-viii, 9-131 p. diagrs. 23½cm.
183 876 169 41 Issued
378 878 102 39 also
506 888 55 29 as
586 877 154 40 thesis
773 877 108 48 (PH.
938 877 33 48 D.)
1006 874 251 42 Columbia
1283 876 286 46 university.

183 932 1925 48 “The investigation was … made with the cooperation of the United
113 987 163 43 States
306 988 141 42 Office
474 990 52 39 of
552 989 564 46 education.”—Introd.,
1147 998 42 39 p.
1219 989 69 40 17.

185 1044 247 43 “Selected
460 1045 365 49 bibliography”:
885 1054 45 40 p.
961 1044 217 44 129-131.

116 1101 51 52 ©
199 1105 111 41 Feb.
340 1106 67 45 15,
440 1105 139 47 1933;
612 1106 67 40 2c.
712 1107 121 39 Mar.
863 1105 52 46 6;
950 1104 83 41 aff.
1065 1107 122 38 Mar.
1218 1106 52 39 3:
1305 1106 40 38 A
1375 1105 170 46 60479;
1581 1106 70 40 W.
1684 1106 59 38 H.
1777 1105 195 45 Adams,
181 1105 1916 103 Abilene,
327 1163 113 39 Tex.
504 1162 249 48 (33-6325)

111 1250 329 66 Alschuler,
469 1254 138 51 Mrs.
639 1254 152 51 Rose
830 1253 225 65 (Haas)
1092 1253 84 54 ed.

179 1330 138 53 Two
354 1335 57 47 to
448 1328 116 67 six;
604 1328 355 70 suggestions
1000 1328 93 54 for
1128 1334 231 63 parents
1396 1328 65 54 of
1495 1347 194 51 young
1725 1327 276 71 children,
2036 1330 74 68 by

109 1409 148 51 Rose
291 1407 78 53 H.
406 1407 304 53 Alschuler
746 1409 113 51 and
896 1408 95 52 the
1030 1407 387 69 pre-primary
1456 1405 222 71 faculty
1716 1407 65 52 of
1817 1410 96 53 the
1950 1407 155 54 Win-

108 1487 170 51 netka
308 1485 192 68 public
529 1486 236 67 schools,
793 1486 328 68 Winnetka,
1151 1485 243 54 Illinois.
1461 1486 138 52 New
1630 1485 179 69 York,

1836 1486 89 54 W.
108 1486 1980 130 Morrow
252 1565 113 52 and
392 1582 296 50 company,
717 1567 151 50 1933.

176 1637 87 41 160
294 1649 43 37 p.
398 1637 145 41 19½cm.

177 1695 161 40 Blank
367 1705 120 38 page
515 1694 80 41 for
625 1693 205 42 “Notes”
871 1695 133 49 (142)

177 1752 225 41 Includes
434 1752 166 41 music.

177 1809 225 41 Includes
435 1809 390 49 bibliographies.

110 1862 52 53 ©
195 1869 121 38 Mar.
379 1899 8 16 1,
419 1868 113 40 1933:
594 1867 68 42 2c.
695 1868 121 39 Mar.
849 1868 25 39 3;
938 1866 81 41 aff.
1053 1868 122 39 Mar.
1210 1867 24 40 6;
1298 1869 40 38 A
1371 1867 144 42 59754;
1578 1869 216 41 William
1829 1872 210 40 Morrow
2073 1873 36 40 &

177 1934 80 38 co.,
284 1924 89 41 inc.
439 1924 251 49 (33-6314)

102 2014 316 54 American
447 2015 224 53 bureau
701 2015 63 52 of
792 2013 298 68 shipping,
1119 2018 139 51 New
1290 2016 178 52 York.

172 2092 1931 71 Record of the American bureau of shipping … A standard
101 2169 2004 75 American classification of vessels, 1933 … [Chicago, The
102 2249 277 53 Lakeside
406 2267 174 50 press,
606 2251 69 51 R.
702 2252 70 51 R.
799 2251 319 66 Donnelley
1146 2254 46 50 &
1216 2270 127 35 sons
1373 2270 97 49 co.,
1534 2255 144 64 1933].

174 2324 133 47 xxix,
336 2324 84 40 762
447 2335 42 37 p.
547 2324 116 40 27cm.

174 2382 106 46 Key
307 2385 48 36 to
384 2380 363 41 abbreviations
774 2381 230 39 attached
1033 2384 48 37 to
1107 2381 138 40 front
1272 2392 154 30 cover.

107 2433 52 54 ©
191 2438 110 41 Feb.
334 2438 69 49 25,
436 2438 141 48 1933;
611 2438 68 41 2c.
712 2439 94 39 and
841 2437 82 41 aff.
957 2439 122 40 Mar.
1113 2438 53 48 6;
1201 2438 41 40 A
1274 2439 170 48 59765;
1480 2439 160 42 Amer.
1674 2440 185 42 bureau
1893 2442 51 41 of
171 2442 1916 102 shipping.

99 2586 230 64 Bartin,
359 2584 251 55 Etienne
638 2585 285 66 Adolphe,
955 2591 171 50 1860-

168 2664 300 68 Principes
493 2665 71 52 de
590 2664 154 53 droit
767 2664 411 53 international
1206 2664 162 68 privé
1393 2666 156 51 selon
1575 2666 57 52 la
1658 2665 77 54 loi
1764 2673 56 47 et
1846 2669 56 51 la

97 2668 2002 220 jurisprudence françaises, par E. Bartin … Paris, Ed. Domat-Montchrestien, 1930.
172 2897 26 39 8
223 2907 44 37 p.
315 2927 21 16 l.,
366 2894 85 41 634
476 2904 42 38 p.
574 2895 116 39 23cm.

104 2948 51 52 ©
187 2953 117 40 Nov.
335 2952 69 47 15,
435 2951 113 40 1930;
638 2962 37 29 1c.
707 2951 118 40 Nov.
855 2950 41 48 9,
927 2949 113 45 1932;
1101 2951 101 38 A-
1205 2951 207 48 Foreign
1443 2953 146 41 18480;
1649 2954 223 42 Editions
172 2957 1930 92 Domat-Montchrestien.
637 3008 64 47 (A
717 3007 198 47 30-479)

98 3099 147 66 Bax,
277 3097 262 68 Clifford,
571 3102 172 51 1886-

169 3179 205 66 Pretty
408 3177 167 68 witty
611 3177 160 67 Nell;
809 3176 99 54 the
943 3183 158 62 story
1137 3177 65 53 of
1238 3178 131 53 Nell
1406 3177 186 69 Gwyn
1631 3182 113 52 and
1781 3182 101 53 her
1919 3184 182 66 times,

98 3255 74 68 by
204 3254 246 56 Clifford
479 3256 143 51 Bax.
696 3255 140 53 New
864 3254 181 68 York,
1075 3255 90 54 W.
1194 3255 252 53 Morrow
1475 3258 46 50 &
1549 3275 298 53 company,
1913 3264 116 50 1933.

166 3327 1403 50 xii p., 1 l., 294 p. front., ports., map, diagrs. 21cm.
167 3384 376 49 Bibliography:
572 3395 42 38 p.
643 3383 219 42 289-290.

105 3438 51 52 ©
183 3442 110 40 Feb.
320 3442 68 48 15,
415 3441 113 40 1933;
584 3442 65 39 2c.
678 3441 110 41 Feb.
815 3442 54 39 17;
927 3440 70 39 aff
1038 3442 111 39 Feb.
1175 3440 55 39 24;
1287 3442 41 38 A
1354 3441 143 41 59673;
1556 3444 49 40 C.
1634 3445 119 46 Bax,
1783 3447 212 41 London.

181 3498 250 48 (33-6039)

99 3574 141 64 Bell,
268 3575 266 52 Bernard
562 3572 262 65 Iddings,
857 3578 170 49 1886-

169 3650 1925 68 The Holy week, by Bernard Iddings Bell … New York
99 3729 112 52 and
236 3728 258 66 London,
523 3728 231 66 Harper
782 3730 46 50 &
854 3726 278 65 brothers,
1194 3730 118 50 1933.

169 3799 530 52 5 p. l ., 79 p. 19½cm.
170 3858 162 42 “First
361 3856 227 43 edition.”

102 3914 51 52 ©
184 3918 111 39 Feb.
324 3916 68 46 24,
423 3915 112 40 1933;
594 3914 66 39 2c.
694 3914 110 39 Feb.
834 3913 56 39 24;
950 3912 82 41 aff.
1064 3913 110 41 Feb.
1205 3914 55 40 28;
1320 3916 40 38 A
1392 3915 142 43 59703;
1595 3920 54 39 B.
1682 3922 38 39 I.
1753 3923 120 50 Bell,
169 3925 1908 92 Annandale-on-the-Hudson,
723 3971 57 39 N.
805 3971 52 37 Y.
923 3969 250 49 (33-6199)
