<alto xmlns="http://www.loc.gov/standards/alto/ns-v3#" xmlns:xlink="http://www.w3.org/1999/xlink" xmlns:xsi="http://www.w3.org/2001/XMLSchema-instance" xsi:schemaLocation="http://www.loc.gov/standards/alto/ns-v3# http://www.loc.gov/alto/v3/alto-3-0.xsd"><Description>
<MeasurementUnit>pixel</MeasurementUnit>
<sourceImageInformation>
<fileName>1933_v1_Part1.pdf</fileName>
</sourceImageInformation>
<OCRProcessing ID="IdOcr">
<ocrProcessingStep>
<processingDateTime>2019-01-03</processingDateTime>
<processingSoftware>
<softwareCreator>ABBYY</softwareCreator>
<softwareName>ABBYY Recognition Server</softwareName>
<softwareVersion>4.0</softwareVersion>
</processingSoftware>
</ocrProcessingStep>
</OCRProcessing>
</Description>
<Styles>
<ParagraphStyle ID="StyleId-FFFFFFFF-FFFF-FFFF-FFFF-FFFFFFFFFFFF-" ALIGN="Left" LEFT="0." RIGHT="0." FIRSTLINE="0."/>
<ParagraphStyle ID="StyleId-6EF5737A-DCEB-4126-A0CF-C5930BF7166A-" ALIGN="Left" LEFT="0." RIGHT="0." FIRSTLINE="0." LINESPACE="8.300000191"/>
<ParagraphStyle ID="StyleId-2DE44258-FD0B-41E1-B542-087C989B01A3-" ALIGN="Left" LEFT="0." RIGHT="0." FIRSTLINE="0." LINESPACE="12.19999981"/>
<ParagraphStyle ID="StyleId-CE3D254A-29D7-4DD7-B5F1-E0FC0EF29B05-" ALIGN="Left" LEFT="0." RIGHT="0." FIRSTLINE="-14." LINESPACE="8.619999886"/>
<ParagraphStyle ID="StyleId-C0E3A137-CE4F-4287-8A90-B599106709D0-" ALIGN="Left" LEFT="0." RIGHT="0." FIRSTLINE="-14." LINESPACE="12.19999981"/>
<ParagraphStyle ID="StyleId-50F26F0C-05DA-4C19-BA58-7A6AC4499BEE-" ALIGN="Left" LEFT="0." RIGHT="0." FIRSTLINE="-14." LINESPACE="11.06999969"/>
<ParagraphStyle ID="StyleId-5DDE65AF-512C-41E2-9B8E-095D6D99EF68-" ALIGN="Center" LEFT="0." RIGHT="0." FIRSTLINE="0." LINESPACE="11.89999962"/>
<ParagraphStyle ID="StyleId-0A81D7A5-6A62-4C52-915E-7768974C704D-" ALIGN="Left" LEFT="0." RIGHT="0." FIRSTLINE="0." LINESPACE="9.399999619"/>
<ParagraphStyle ID="StyleId-F7A0127F-6B48-4157-BB81-FE33E1E1A05B-" ALIGN="Block" LEFT="0." RIGHT="0." FIRSTLINE="-13." LINESPACE="10.63000011"/>
<ParagraphStyle ID="StyleId-E18C69F7-DBD7-48B1-805C-FCD96D0DA019-" ALIGN="Left" LEFT="0." RIGHT="0." FIRSTLINE="0." LINESPACE="11.64000034"/>
<ParagraphStyle ID="StyleId-98F15501-B611-4E83-8BB3-807E891F11F5-" ALIGN="Left" LEFT="0." RIGHT="0." FIRSTLINE="-14." LINESPACE="12.19999981"/>
<ParagraphStyle ID="StyleId-F4A78626-0BBC-4D12-94D9-A1AE75A9855F-" ALIGN="Left" LEFT="0." RIGHT="0." FIRSTLINE="0." LINESPACE="9.399999619"/>
<ParagraphStyle ID="StyleId-6A3F6F4C-D21B-4ADE-902F-7683F18ECEF3-" ALIGN="Left" LEFT="0." RIGHT="0." FIRSTLINE="0." LINESPACE="11.10000038"/>
</Styles>
<Layout>
<Page ID="Page121" PHYSICAL_IMG_NR="121" HEIGHT="4405" WIDTH="2575">
<TopMargin HEIGHT="424" WIDTH="2575" VPOS="0" HPOS="0">
</TopMargin>
<LeftMargin HEIGHT="3600" WIDTH="108" VPOS="424" HPOS="0">
</LeftMargin>
<RightMargin HEIGHT="3600" WIDTH="437" VPOS="424" HPOS="2138">
</RightMargin>
<BottomMargin HEIGHT="381" WIDTH="2575" VPOS="4024" HPOS="0">
<TextBlock ID="Page121_Block1" HEIGHT="86" WIDTH="339" VPOS="4067" HPOS="995" LANG="en-US" STYLEREFS="StyleId-711994CE-F79F-4AEF-9B21-31DCF3698C84-">
<TextLine HEIGHT="48" WIDTH="97" VPOS="4088" HPOS="1073">
<String CONTENT="121" HEIGHT="48" WIDTH="97" VPOS="4088" HPOS="1073"/>
</TextLine>
</TextBlock>
</BottomMargin>
<PrintSpace HEIGHT="3600" WIDTH="2030" VPOS="424" HPOS="108">
<TextBlock ID="Page121_Block2" HEIGHT="3600" WIDTH="2030" VPOS="424" HPOS="108" LANG="en-US" CS="1" STYLEREFS="StyleId-1B67B9E5-A4AC-4F9D-AC69-153ACCEC0D97-">
<TextLine HEIGHT="67" WIDTH="1016" VPOS="434" HPOS="131" STYLEREFS="StyleId-1B640FE8-8315-4F9C-A624-B2D4F7A93C1C-">
<String CONTENT="Andrews," HEIGHT="64" WIDTH="306" VPOS="437" HPOS="131"/>
<SP HEIGHT="64" WIDTH="25" VPOS="437" HPOS="438"/>
<String CONTENT="Roy" HEIGHT="62" WIDTH="128" VPOS="437" HPOS="464"/>
<SP HEIGHT="62" WIDTH="27" VPOS="437" HPOS="593"/>
<String CONTENT="Chapman," HEIGHT="64" WIDTH="325" VPOS="434" HPOS="621"/>
<SP HEIGHT="57" WIDTH="29" VPOS="440" HPOS="947"/>
<String CONTENT="1884-" HEIGHT="50" WIDTH="170" VPOS="438" HPOS="977"/>
</TextLine>
<TextLine HEIGHT="71" WIDTH="1862" VPOS="508" HPOS="264" CS="1">
<String CS="1" CONTENT="&#8230;"/>
<SP HEIGHT="51" WIDTH="44" VPOS="516" HPOS="264"/>
<String CONTENT="The" HEIGHT="53" WIDTH="121" VPOS="514" HPOS="309"/>
<SP HEIGHT="34" WIDTH="39" VPOS="532" HPOS="431"/>
<String CONTENT="new" HEIGHT="33" WIDTH="123" VPOS="532" HPOS="471"/>
<SP HEIGHT="34" WIDTH="38" VPOS="532" HPOS="595"/>
<String CONTENT="conquest" HEIGHT="61" WIDTH="267" VPOS="518" HPOS="634"/>
<SP HEIGHT="46" WIDTH="45" VPOS="518" HPOS="902"/>
<String CONTENT="of" HEIGHT="53" WIDTH="57" VPOS="511" HPOS="948"/>
<SP HEIGHT="54" WIDTH="41" VPOS="511" HPOS="1006"/>
<String CONTENT="central" HEIGHT="52" WIDTH="215" VPOS="513" HPOS="1048"/>
<SP HEIGHT="51" WIDTH="39" VPOS="513" HPOS="1264"/>
<String CONTENT="Asia;" HEIGHT="65" WIDTH="171" VPOS="511" HPOS="1304"/>
<SP HEIGHT="47" WIDTH="44" VPOS="529" HPOS="1476"/>
<String CONTENT="a" HEIGHT="33" WIDTH="31" VPOS="530" HPOS="1521"/>
<SP HEIGHT="34" WIDTH="37" VPOS="529" HPOS="1553"/>
<String CONTENT="narrative" HEIGHT="52" WIDTH="293" VPOS="510" HPOS="1591"/>
<SP HEIGHT="34" WIDTH="39" VPOS="527" HPOS="1885"/>
<String CONTENT="of" HEIGHT="53" WIDTH="64" VPOS="508" HPOS="1925"/>
<SP HEIGHT="53" WIDTH="39" VPOS="508" HPOS="1990"/>
<String CONTENT="the" HEIGHT="53" WIDTH="96" VPOS="508" HPOS="2030"/>
</TextLine>
<TextLine HEIGHT="73" WIDTH="1995" VPOS="586" HPOS="129">
<String CONTENT="explorations" HEIGHT="68" WIDTH="388" VPOS="591" HPOS="129"/>
<SP HEIGHT="34" WIDTH="37" VPOS="610" HPOS="518"/>
<String CONTENT="of" HEIGHT="54" WIDTH="62" VPOS="590" HPOS="556"/>
<SP HEIGHT="53" WIDTH="39" VPOS="590" HPOS="619"/>
<String CONTENT="the" HEIGHT="51" WIDTH="96" VPOS="592" HPOS="659"/>
<SP HEIGHT="54" WIDTH="39" VPOS="591" HPOS="756"/>
<String CONTENT="Central" HEIGHT="54" WIDTH="236" VPOS="591" HPOS="796"/>
<SP HEIGHT="51" WIDTH="36" VPOS="591" HPOS="1033"/>
<String CONTENT="Asiatic" HEIGHT="55" WIDTH="224" VPOS="589" HPOS="1070"/>
<SP HEIGHT="35" WIDTH="37" VPOS="609" HPOS="1295"/>
<String CONTENT="expeditions" HEIGHT="68" WIDTH="358" VPOS="588" HPOS="1333"/>
<SP HEIGHT="53" WIDTH="39" VPOS="588" HPOS="1692"/>
<String CONTENT="in" HEIGHT="51" WIDTH="59" VPOS="588" HPOS="1732"/>
<SP HEIGHT="52" WIDTH="36" VPOS="589" HPOS="1792"/>
<String CONTENT="Mongolia" HEIGHT="70" WIDTH="295" VPOS="586" HPOS="1829"/>
</TextLine>
<TextLine HEIGHT="71" WIDTH="1935" VPOS="666" HPOS="129" CS="1">
<String CONTENT="and" HEIGHT="51" WIDTH="111" VPOS="671" HPOS="129"/>
<SP HEIGHT="54" WIDTH="28" VPOS="671" HPOS="241"/>
<String CONTENT="China," HEIGHT="68" WIDTH="204" VPOS="669" HPOS="270"/>
<SP HEIGHT="63" WIDTH="26" VPOS="674" HPOS="475"/>
<String CONTENT="1921-1930," HEIGHT="61" WIDTH="327" VPOS="671" HPOS="502"/>
<SP HEIGHT="63" WIDTH="24" VPOS="669" HPOS="830"/>
<String CONTENT="by" HEIGHT="67" WIDTH="75" VPOS="669" HPOS="855"/>
<SP HEIGHT="67" WIDTH="25" VPOS="669" HPOS="931"/>
<String CONTENT="Roy" HEIGHT="67" WIDTH="126" VPOS="669" HPOS="957"/>
<SP HEIGHT="68" WIDTH="28" VPOS="668" HPOS="1084"/>
<String CONTENT="Chapman" HEIGHT="67" WIDTH="300" VPOS="668" HPOS="1113"/>
<SP HEIGHT="51" WIDTH="24" VPOS="668" HPOS="1414"/>
<String CONTENT="Andrews" HEIGHT="53" WIDTH="282" VPOS="667" HPOS="1439"/>
<SP HEIGHT="34" WIDTH="30" VPOS="686" HPOS="1722"/>
<String CS="1" CONTENT="&#8230;"/>
<SP HEIGHT="52" WIDTH="28" VPOS="667" HPOS="1812"/>
<String CONTENT="leader" HEIGHT="53" WIDTH="192" VPOS="666" HPOS="1841"/>
<SP HEIGHT="34" WIDTH="30" VPOS="685" HPOS="2034"/>
<String CS="1" CONTENT="&#8230;"/>
</TextLine>
<TextLine HEIGHT="72" WIDTH="1992" VPOS="743" HPOS="129" CS="1">
<String CONTENT="with" HEIGHT="52" WIDTH="139" VPOS="748" HPOS="129"/>
<SP HEIGHT="51" WIDTH="21" VPOS="748" HPOS="269"/>
<String CONTENT="chapters" HEIGHT="66" WIDTH="262" VPOS="748" HPOS="291"/>
<SP HEIGHT="53" WIDTH="20" VPOS="747" HPOS="554"/>
<String CONTENT="by" HEIGHT="66" WIDTH="71" VPOS="747" HPOS="575"/>
<SP HEIGHT="65" WIDTH="22" VPOS="748" HPOS="647"/>
<String CONTENT="Walter" HEIGHT="55" WIDTH="221" VPOS="746" HPOS="670"/>
<SP HEIGHT="54" WIDTH="19" VPOS="746" HPOS="892"/>
<String CONTENT="Granger" HEIGHT="69" WIDTH="264" VPOS="746" HPOS="912"/>
<SP HEIGHT="33" WIDTH="24" VPOS="765" HPOS="1177"/>
<String CS="1" CONTENT="&#8230;"/>
<SP HEIGHT="54" WIDTH="26" VPOS="745" HPOS="1260"/>
<String CONTENT="Clifford" HEIGHT="56" WIDTH="246" VPOS="743" HPOS="1287"/>
<SP HEIGHT="53" WIDTH="31" VPOS="746" HPOS="1534"/>
<String CONTENT="H." HEIGHT="52" WIDTH="78" VPOS="747" HPOS="1566"/>
<SP HEIGHT="51" WIDTH="30" VPOS="748" HPOS="1645"/>
<String CONTENT="Pope" HEIGHT="66" WIDTH="158" VPOS="748" HPOS="1676"/>
<SP HEIGHT="33" WIDTH="35" VPOS="765" HPOS="1835"/>
<String CS="1" CONTENT="&#8230;"/>
<SP HEIGHT="34" WIDTH="39" VPOS="778" HPOS="1930"/>
<String CS="1" CONTENT="[and]" HEIGHT="67" WIDTH="131" VPOS="744" HPOS="1990"/>
</TextLine>
<TextLine HEIGHT="69" WIDTH="1996" VPOS="824" HPOS="129" CS="1">
<String CONTENT="Nels" HEIGHT="54" WIDTH="135" VPOS="825" HPOS="129"/>
<SP HEIGHT="54" WIDTH="36" VPOS="827" HPOS="265"/>
<String CONTENT="C." HEIGHT="54" WIDTH="62" VPOS="827" HPOS="302"/>
<SP HEIGHT="52" WIDTH="35" VPOS="827" HPOS="365"/>
<String CONTENT="Nelson" HEIGHT="52" WIDTH="210" VPOS="827" HPOS="401"/>
<SP HEIGHT="32" WIDTH="43" VPOS="845" HPOS="612"/>
<String CS="1" CONTENT="&#8230;"/>
<SP HEIGHT="33" WIDTH="40" VPOS="845" HPOS="714"/>
<String CONTENT="and" HEIGHT="52" WIDTH="113" VPOS="826" HPOS="755"/>
<SP HEIGHT="51" WIDTH="36" VPOS="826" HPOS="869"/>
<String CONTENT="summary" HEIGHT="51" WIDTH="291" VPOS="842" HPOS="906"/>
<SP HEIGHT="49" WIDTH="33" VPOS="844" HPOS="1198"/>
<String CONTENT="statements" HEIGHT="48" WIDTH="333" VPOS="829" HPOS="1232"/>
<SP HEIGHT="53" WIDTH="34" VPOS="824" HPOS="1566"/>
<String CONTENT="by" HEIGHT="69" WIDTH="73" VPOS="824" HPOS="1601"/>
<SP HEIGHT="69" WIDTH="36" VPOS="824" HPOS="1675"/>
<String CONTENT="G." HEIGHT="54" WIDTH="70" VPOS="824" HPOS="1712"/>
<SP HEIGHT="52" WIDTH="34" VPOS="825" HPOS="1783"/>
<String CONTENT="M." HEIGHT="52" WIDTH="80" VPOS="825" HPOS="1818"/>
<SP HEIGHT="51" WIDTH="36" VPOS="825" HPOS="1899"/>
<String CONTENT="Allen," HEIGHT="67" WIDTH="189" VPOS="824" HPOS="1936"/>
</TextLine>
<TextLine HEIGHT="68" WIDTH="1997" VPOS="903" HPOS="128" CS="1">
<String CONTENT="R." HEIGHT="52" WIDTH="69" VPOS="905" HPOS="128"/>
<SP HEIGHT="54" WIDTH="27" VPOS="905" HPOS="198"/>
<String CONTENT="C." HEIGHT="54" WIDTH="62" VPOS="905" HPOS="226"/>
<SP HEIGHT="51" WIDTH="25" VPOS="905" HPOS="289"/>
<String CONTENT="Andrews," HEIGHT="65" WIDTH="298" VPOS="905" HPOS="315"/>
<SP HEIGHT="66" WIDTH="27" VPOS="904" HPOS="614"/>
<String CONTENT="C." HEIGHT="54" WIDTH="58" VPOS="904" HPOS="642"/>
<SP HEIGHT="51" WIDTH="29" VPOS="906" HPOS="701"/>
<String CONTENT="P." HEIGHT="51" WIDTH="66" VPOS="906" HPOS="731"/>
<SP HEIGHT="51" WIDTH="28" VPOS="906" HPOS="798"/>
<String CONTENT="Berkey" HEIGHT="66" WIDTH="223" VPOS="903" HPOS="827"/>
<SP HEIGHT="49" WIDTH="30" VPOS="920" HPOS="1051"/>
<String CS="1" CONTENT="&#8230;"/>
<SP HEIGHT="34" WIDTH="35" VPOS="936" HPOS="1140"/>
<String CS="1" CONTENT="[and" HEIGHT="51" WIDTH="111" VPOS="904" HPOS="1195"/>
<SP HEIGHT="52" WIDTH="27" VPOS="904" HPOS="1307"/>
<String CONTENT="others]" HEIGHT="66" WIDTH="208" VPOS="903" HPOS="1335"/>
<SP HEIGHT="65" WIDTH="79" VPOS="904" HPOS="1544"/>
<String CONTENT="With" HEIGHT="55" WIDTH="161" VPOS="903" HPOS="1624"/>
<SP HEIGHT="52" WIDTH="29" VPOS="903" HPOS="1786"/>
<String CONTENT="128" HEIGHT="49" WIDTH="98" VPOS="906" HPOS="1816"/>
<SP HEIGHT="65" WIDTH="27" VPOS="906" HPOS="1915"/>
<String CONTENT="plates" HEIGHT="68" WIDTH="182" VPOS="903" HPOS="1943"/>
</TextLine>
<TextLine HEIGHT="69" WIDTH="1934" VPOS="981" HPOS="129" CS="1">
<String CONTENT="and" HEIGHT="54" WIDTH="112" VPOS="982" HPOS="129"/>
<SP HEIGHT="54" WIDTH="46" VPOS="982" HPOS="242"/>
<String CONTENT="12" HEIGHT="49" WIDTH="64" VPOS="985" HPOS="289"/>
<SP HEIGHT="53" WIDTH="40" VPOS="981" HPOS="354"/>
<String CONTENT="illustrations" HEIGHT="55" WIDTH="382" VPOS="981" HPOS="395"/>
<SP HEIGHT="54" WIDTH="44" VPOS="982" HPOS="778"/>
<String CONTENT="in" HEIGHT="53" WIDTH="60" VPOS="982" HPOS="823"/>
<SP HEIGHT="45" WIDTH="43" VPOS="990" HPOS="884"/>
<String CONTENT="the" HEIGHT="53" WIDTH="95" VPOS="982" HPOS="928"/>
<SP HEIGHT="48" WIDTH="42" VPOS="987" HPOS="1024"/>
<String CONTENT="text" HEIGHT="48" WIDTH="123" VPOS="987" HPOS="1067"/>
<SP HEIGHT="47" WIDTH="42" VPOS="988" HPOS="1191"/>
<String CONTENT="and" HEIGHT="53" WIDTH="111" VPOS="982" HPOS="1234"/>
<SP HEIGHT="53" WIDTH="44" VPOS="982" HPOS="1346"/>
<String CONTENT="three" HEIGHT="53" WIDTH="158" VPOS="982" HPOS="1391"/>
<SP HEIGHT="34" WIDTH="42" VPOS="1001" HPOS="1550"/>
<String CONTENT="maps" HEIGHT="49" WIDTH="162" VPOS="1001" HPOS="1593"/>
<SP HEIGHT="36" WIDTH="44" VPOS="1000" HPOS="1756"/>
<String CONTENT="at" HEIGHT="49" WIDTH="59" VPOS="987" HPOS="1801"/>
<SP HEIGHT="49" WIDTH="42" VPOS="987" HPOS="1861"/>
<String CONTENT="end" HEIGHT="52" WIDTH="107" VPOS="983" HPOS="1904"/>
<SP HEIGHT="52" WIDTH="51" VPOS="983" HPOS="2012"/>
<String CS="1" CONTENT="&#8230;"/>
</TextLine>
<TextLine HEIGHT="69" WIDTH="1927" VPOS="1060" HPOS="127">
<String CONTENT="New" HEIGHT="53" WIDTH="138" VPOS="1061" HPOS="127"/>
<SP HEIGHT="51" WIDTH="31" VPOS="1063" HPOS="266"/>
<String CONTENT="York," HEIGHT="67" WIDTH="178" VPOS="1062" HPOS="298"/>
<SP HEIGHT="66" WIDTH="29" VPOS="1063" HPOS="477"/>
<String CONTENT="The" HEIGHT="52" WIDTH="120" VPOS="1062" HPOS="507"/>
<SP HEIGHT="51" WIDTH="29" VPOS="1063" HPOS="628"/>
<String CONTENT="American" HEIGHT="53" WIDTH="306" VPOS="1061" HPOS="658"/>
<SP HEIGHT="33" WIDTH="30" VPOS="1080" HPOS="965"/>
<String CONTENT="museum" HEIGHT="35" WIDTH="253" VPOS="1078" HPOS="996"/>
<SP HEIGHT="33" WIDTH="29" VPOS="1080" HPOS="1250"/>
<String CONTENT="of" HEIGHT="52" WIDTH="63" VPOS="1061" HPOS="1280"/>
<SP HEIGHT="52" WIDTH="28" VPOS="1061" HPOS="1344"/>
<String CONTENT="natural" HEIGHT="51" WIDTH="230" VPOS="1063" HPOS="1373"/>
<SP HEIGHT="53" WIDTH="28" VPOS="1061" HPOS="1604"/>
<String CONTENT="history," HEIGHT="69" WIDTH="240" VPOS="1060" HPOS="1633"/>
<SP HEIGHT="64" WIDTH="29" VPOS="1065" HPOS="1874"/>
<String CONTENT="1932." HEIGHT="50" WIDTH="150" VPOS="1063" HPOS="1904"/>
</TextLine>
<TextLine HEIGHT="51" WIDTH="1893" VPOS="1133" HPOS="229" STYLEREFS="StyleId-6B81A5D0-28E0-44B3-BA3B-DB3764ABAA11-" CS="1">
<String CS="1" CONTENT="L," HEIGHT="13" WIDTH="8" VPOS="1167" HPOS="229"/>
<SP HEIGHT="43" WIDTH="24" VPOS="1137" HPOS="238"/>
<String CONTENT="678" HEIGHT="39" WIDTH="84" VPOS="1137" HPOS="263"/>
<SP HEIGHT="47" WIDTH="23" VPOS="1137" HPOS="348"/>
<String CONTENT="p." HEIGHT="37" WIDTH="41" VPOS="1147" HPOS="372"/>
<SP HEIGHT="28" WIDTH="53" VPOS="1148" HPOS="414"/>
<String CONTENT="col." HEIGHT="39" WIDTH="86" VPOS="1137" HPOS="468"/>
<SP HEIGHT="40" WIDTH="23" VPOS="1136" HPOS="555"/>
<String CONTENT="front.," HEIGHT="46" WIDTH="163" VPOS="1136" HPOS="579"/>
<SP HEIGHT="46" WIDTH="25" VPOS="1136" HPOS="743"/>
<String CONTENT="illus.," HEIGHT="45" WIDTH="143" VPOS="1136" HPOS="769"/>
<SP HEIGHT="35" WIDTH="25" VPOS="1146" HPOS="913"/>
<String CS="1" CONTENT="CXXVM"/>
<SP HEIGHT="38" WIDTH="23" VPOS="1145" HPOS="1130"/>
<String CS="1" CONTENT="pl." HEIGHT="37" WIDTH="62" VPOS="1146" HPOS="1154"/>
<SP HEIGHT="47" WIDTH="27" VPOS="1135" HPOS="1217"/>
<String CONTENT="(incl." HEIGHT="48" WIDTH="132" VPOS="1134" HPOS="1245"/>
<SP HEIGHT="37" WIDTH="27" VPOS="1146" HPOS="1378"/>
<String CONTENT="ports.)" HEIGHT="46" WIDTH="176" VPOS="1137" HPOS="1406"/>
<SP HEIGHT="46" WIDTH="30" VPOS="1137" HPOS="1583"/>
<String CONTENT="on" HEIGHT="29" WIDTH="62" VPOS="1144" HPOS="1614"/>
<SP HEIGHT="39" WIDTH="16" VPOS="1135" HPOS="1677"/>
<String CONTENT="691." HEIGHT="41" WIDTH="101" VPOS="1133" HPOS="1694"/>
<SP HEIGHT="47" WIDTH="27" VPOS="1135" HPOS="1796"/>
<String CONTENT="(part" HEIGHT="47" WIDTH="136" VPOS="1135" HPOS="1824"/>
<SP HEIGHT="39" WIDTH="15" VPOS="1134" HPOS="1961"/>
<String CONTENT="fold.)" HEIGHT="50" WIDTH="145" VPOS="1134" HPOS="1977"/>
</TextLine>
<TextLine HEIGHT="107" WIDTH="1983" VPOS="1190" HPOS="129" STYLEREFS="StyleId-6B81A5D0-28E0-44B3-BA3B-DB3764ABAA11-" CS="1">
<String CONTENT="maps" HEIGHT="37" WIDTH="136" VPOS="1203" HPOS="129"/>
<SP HEIGHT="48" WIDTH="26" VPOS="1192" HPOS="266"/>
<String CONTENT="(part" HEIGHT="48" WIDTH="134" VPOS="1192" HPOS="293"/>
<SP HEIGHT="40" WIDTH="26" VPOS="1192" HPOS="428"/>
<String CONTENT="fold.)" HEIGHT="48" WIDTH="144" VPOS="1192" HPOS="455"/>
<SP HEIGHT="47" WIDTH="37" VPOS="1193" HPOS="600"/>
<String CONTENT="diagrs." HEIGHT="48" WIDTH="180" VPOS="1192" HPOS="638"/>
<SP HEIGHT="39" WIDTH="56" VPOS="1192" HPOS="819"/>
<String CS="1" CONTENT="28&#189;" HEIGHT="40" WIDTH="56" VPOS="1192" HPOS="876"/>
<String STYLE="superscript" CS="1" CONTENT="cm" HEIGHT="20" WIDTH="15" VPOS="1195" HPOS="965"/>
<String CONTENT="." HEIGHT="9" WIDTH="8" VPOS="1223" HPOS="1014"/>
<SP HEIGHT="47" WIDTH="68" VPOS="1193" HPOS="1023"/>
<String CONTENT="(Central" HEIGHT="49" WIDTH="222" VPOS="1191" HPOS="1092"/>
<SP HEIGHT="38" WIDTH="31" VPOS="1193" HPOS="1315"/>
<String CONTENT="Asiatic" HEIGHT="42" WIDTH="188" VPOS="1190" HPOS="1347"/>
<SP HEIGHT="30" WIDTH="29" VPOS="1202" HPOS="1536"/>
<String CONTENT="expeditions" HEIGHT="49" WIDTH="305" VPOS="1190" HPOS="1566"/>
<SP HEIGHT="31" WIDTH="33" VPOS="1201" HPOS="1872"/>
<String CS="1" CONTENT="&#8230;"/>
<SP HEIGHT="40" WIDTH="58" VPOS="1192" HPOS="1955"/>
<String CONTENT="Natural" HEIGHT="97" WIDTH="1982" VPOS="1192" HPOS="130"/>
<SP HEIGHT="40" WIDTH="27" VPOS="1249" HPOS="237"/>
<String CONTENT="history" HEIGHT="47" WIDTH="188" VPOS="1249" HPOS="265"/>
<SP HEIGHT="36" WIDTH="26" VPOS="1260" HPOS="454"/>
<String CONTENT="of" HEIGHT="40" WIDTH="55" VPOS="1249" HPOS="481"/>
<SP HEIGHT="40" WIDTH="23" VPOS="1249" HPOS="537"/>
<String CONTENT="central" HEIGHT="38" WIDTH="185" VPOS="1251" HPOS="561"/>
<SP HEIGHT="39" WIDTH="27" VPOS="1249" HPOS="747"/>
<String CONTENT="Asia." HEIGHT="41" WIDTH="135" VPOS="1248" HPOS="775"/>
<SP HEIGHT="29" WIDTH="56" VPOS="1260" HPOS="911"/>
<String CONTENT="vol." HEIGHT="38" WIDTH="89" VPOS="1250" HPOS="968"/>
<SP HEIGHT="29" WIDTH="29" VPOS="1258" HPOS="1058"/>
<String CS="1" CONTENT="1)" HEIGHT="46" WIDTH="14" VPOS="1251" HPOS="1118"/>
</TextLine>
<TextLine HEIGHT="41" WIDTH="387" VPOS="1305" HPOS="198" STYLEREFS="StyleId-EAB588AA-3573-4BC7-B0BB-3EE26EEC2552-" CS="1">
<String CONTENT="&#8220;First" HEIGHT="40" WIDTH="162" VPOS="1306" HPOS="198"/>
<SP HEIGHT="37" WIDTH="25" VPOS="1309" HPOS="361"/>
<String CS="1" CONTENT="edition.&#8221;" HEIGHT="41" WIDTH="198" VPOS="1305" HPOS="387"/>
</TextLine>
<TextLine HEIGHT="108" WIDTH="1981" VPOS="1358" HPOS="127" STYLEREFS="StyleId-6B81A5D0-28E0-44B3-BA3B-DB3764ABAA11-" CS="1">
<String CONTENT="Bibliography:" HEIGHT="49" WIDTH="374" VPOS="1361" HPOS="197"/>
<SP HEIGHT="37" WIDTH="28" VPOS="1373" HPOS="572"/>
<String CONTENT="p" HEIGHT="37" WIDTH="27" VPOS="1373" HPOS="601"/>
<SP HEIGHT="48" WIDTH="38" VPOS="1362" HPOS="629"/>
<String CONTENT="615-624;" HEIGHT="47" WIDTH="230" VPOS="1361" HPOS="668"/>
<SP HEIGHT="46" WIDTH="29" VPOS="1362" HPOS="899"/>
<String CONTENT="&#8220;Publications" HEIGHT="41" WIDTH="361" VPOS="1361" HPOS="929"/>
<SP HEIGHT="30" WIDTH="25" VPOS="1372" HPOS="1291"/>
<String CONTENT="of" HEIGHT="41" WIDTH="52" VPOS="1361" HPOS="1317"/>
<SP HEIGHT="41" WIDTH="23" VPOS="1361" HPOS="1370"/>
<String CONTENT="the" HEIGHT="40" WIDTH="81" VPOS="1362" HPOS="1394"/>
<SP HEIGHT="41" WIDTH="26" VPOS="1361" HPOS="1476"/>
<String CONTENT="Central" HEIGHT="41" WIDTH="198" VPOS="1361" HPOS="1503"/>
<SP HEIGHT="38" WIDTH="24" VPOS="1362" HPOS="1702"/>
<String CONTENT="Asiatic" HEIGHT="42" WIDTH="186" VPOS="1360" HPOS="1727"/>
<SP HEIGHT="30" WIDTH="25" VPOS="1372" HPOS="1914"/>
<String CS="1" CONTENT="expeditions&#8221;:" HEIGHT="100" WIDTH="1981" VPOS="1358" HPOS="127"/>
<SP HEIGHT="37" WIDTH="29" VPOS="1429" HPOS="310"/>
<String CONTENT="p." HEIGHT="37" WIDTH="43" VPOS="1429" HPOS="340"/>
<SP HEIGHT="39" WIDTH="26" VPOS="1419" HPOS="384"/>
<String CONTENT="625-630." HEIGHT="39" WIDTH="216" VPOS="1419" HPOS="411"/>
</TextLine>
<TextLine HEIGHT="52" WIDTH="2000" VPOS="1470" HPOS="129" STYLEREFS="StyleId-6B81A5D0-28E0-44B3-BA3B-DB3764ABAA11-" CS="1">
<String CONTENT="&#169;" HEIGHT="52" WIDTH="51" VPOS="1470" HPOS="129"/>
<SP HEIGHT="52" WIDTH="25" VPOS="1470" HPOS="181"/>
<String CONTENT="Dec." HEIGHT="40" WIDTH="111" VPOS="1475" HPOS="207"/>
<SP HEIGHT="39" WIDTH="23" VPOS="1476" HPOS="319"/>
<String CONTENT="29," HEIGHT="48" WIDTH="69" VPOS="1474" HPOS="343"/>
<SP HEIGHT="46" WIDTH="24" VPOS="1476" HPOS="413"/>
<String CONTENT="1932;" HEIGHT="47" WIDTH="140" VPOS="1474" HPOS="438"/>
<SP HEIGHT="46" WIDTH="26" VPOS="1475" HPOS="579"/>
<String CONTENT="2c." HEIGHT="41" WIDTH="66" VPOS="1475" HPOS="606"/>
<SP HEIGHT="41" WIDTH="25" VPOS="1475" HPOS="673"/>
<String CONTENT="Jan." HEIGHT="40" WIDTH="110" VPOS="1475" HPOS="699"/>
<SP HEIGHT="41" WIDTH="25" VPOS="1474" HPOS="810"/>
<String CONTENT="28," HEIGHT="47" WIDTH="68" VPOS="1474" HPOS="836"/>
<SP HEIGHT="45" WIDTH="26" VPOS="1476" HPOS="905"/>
<String CS="1" CONTENT="1933;" HEIGHT="40" WIDTH="112" VPOS="1474" HPOS="932"/>
<SP HEIGHT="35" WIDTH="26" VPOS="1486" HPOS="1073"/>
<String CONTENT="aff." HEIGHT="41" WIDTH="83" VPOS="1474" HPOS="1100"/>
<SP HEIGHT="40" WIDTH="24" VPOS="1475" HPOS="1184"/>
<String CONTENT="Jan." HEIGHT="39" WIDTH="109" VPOS="1475" HPOS="1209"/>
<SP HEIGHT="40" WIDTH="26" VPOS="1474" HPOS="1319"/>
<String CS="1" CONTENT="26;" HEIGHT="40" WIDTH="54" VPOS="1474" HPOS="1346"/>
<SP HEIGHT="47" WIDTH="27" VPOS="1474" HPOS="1429"/>
<!-- cceid 38BB4514-6CF9-1014-A6CF-A82867D68027 --><String CONTENT="A" HEIGHT="39" WIDTH="41" VPOS="1474" HPOS="1457"/>
<SP HEIGHT="40" WIDTH="24" VPOS="1474" HPOS="1499"/>
<String CONTENT="60072;" HEIGHT="47" WIDTH="169" VPOS="1474" HPOS="1524"/>
<SP HEIGHT="46" WIDTH="27" VPOS="1475" HPOS="1694"/>
<String CONTENT="Amer." HEIGHT="39" WIDTH="159" VPOS="1475" HPOS="1722"/>
<SP HEIGHT="27" WIDTH="27" VPOS="1486" HPOS="1882"/>
<String CONTENT="museum" HEIGHT="31" WIDTH="219" VPOS="1483" HPOS="1910"/>
</TextLine>
<TextLine HEIGHT="48" WIDTH="835" VPOS="1531" HPOS="197" STYLEREFS="StyleId-6B81A5D0-28E0-44B3-BA3B-DB3764ABAA11-">
<String CONTENT="of" HEIGHT="39" WIDTH="50" VPOS="1531" HPOS="197"/>
<SP HEIGHT="40" WIDTH="28" VPOS="1531" HPOS="248"/>
<String CONTENT="natural" HEIGHT="38" WIDTH="199" VPOS="1534" HPOS="277"/>
<SP HEIGHT="39" WIDTH="30" VPOS="1532" HPOS="477"/>
<String CONTENT="history." HEIGHT="47" WIDTH="203" VPOS="1531" HPOS="508"/>
<SP HEIGHT="48" WIDTH="68" VPOS="1531" HPOS="712"/>
<String CONTENT="(33-3578)" HEIGHT="48" WIDTH="251" VPOS="1531" HPOS="781"/>
</TextLine>
<TextLine HEIGHT="70" WIDTH="729" VPOS="1635" HPOS="119" STYLEREFS="StyleId-1B640FE8-8315-4F9C-A624-B2D4F7A93C1C-">
<String CONTENT="Barry," HEIGHT="64" WIDTH="211" VPOS="1635" HPOS="119"/>
<SP HEIGHT="62" WIDTH="28" VPOS="1637" HPOS="331"/>
<String CONTENT="Charles," HEIGHT="66" WIDTH="263" VPOS="1635" HPOS="360"/>
<SP HEIGHT="50" WIDTH="27" VPOS="1655" HPOS="624"/>
<String CONTENT="pseud." HEIGHT="69" WIDTH="196" VPOS="1636" HPOS="652"/>
</TextLine>
<TextLine HEIGHT="70" WIDTH="985" VPOS="1713" HPOS="190">
<String CONTENT="The" HEIGHT="52" WIDTH="121" VPOS="1713" HPOS="190"/>
<SP HEIGHT="33" WIDTH="31" VPOS="1732" HPOS="312"/>
<String CONTENT="wrong" HEIGHT="50" WIDTH="199" VPOS="1733" HPOS="344"/>
<SP HEIGHT="50" WIDTH="28" VPOS="1733" HPOS="544"/>
<String CONTENT="murder," HEIGHT="52" WIDTH="248" VPOS="1715" HPOS="573"/>
<SP HEIGHT="33" WIDTH="74" VPOS="1734" HPOS="822"/>
<String CONTENT="chap." HEIGHT="69" WIDTH="161" VPOS="1714" HPOS="897"/>
<SP HEIGHT="48" WIDTH="32" VPOS="1718" HPOS="1059"/>
<String CONTENT="28." HEIGHT="49" WIDTH="83" VPOS="1718" HPOS="1092"/>
</TextLine>
<TextLine HEIGHT="52" WIDTH="772" VPOS="1784" HPOS="227" STYLEREFS="StyleId-5C1DA6EF-F6EC-427F-8898-5076BE0D30A6-" CS="1">
<String CS="1" CONTENT="(In" HEIGHT="38" WIDTH="62" VPOS="1789" HPOS="227"/>
<SP HEIGHT="43" WIDTH="26" VPOS="1784" HPOS="290"/>
<String CONTENT="Universe," HEIGHT="51" WIDTH="259" VPOS="1784" HPOS="317"/>
<SP HEIGHT="51" WIDTH="27" VPOS="1784" HPOS="577"/>
<String CONTENT="Dec." HEIGHT="44" WIDTH="115" VPOS="1784" HPOS="605"/>
<SP HEIGHT="41" WIDTH="28" VPOS="1787" HPOS="721"/>
<String CONTENT="30," HEIGHT="49" WIDTH="73" VPOS="1787" HPOS="750"/>
<SP HEIGHT="49" WIDTH="30" VPOS="1787" HPOS="824"/>
<String CONTENT="1932)" HEIGHT="50" WIDTH="144" VPOS="1785" HPOS="855"/>
</TextLine>
<TextLine HEIGHT="108" WIDTH="1981" VPOS="1839" HPOS="129" STYLEREFS="StyleId-6B81A5D0-28E0-44B3-BA3B-DB3764ABAA11-" CS="1">
<String CONTENT="&#169;" HEIGHT="52" WIDTH="51" VPOS="1839" HPOS="129"/>
<SP/>
<String CS="1" CONTENT="1c." HEIGHT="8" WIDTH="8" VPOS="1877" HPOS="268"/>
<SP HEIGHT="40" WIDTH="27" VPOS="1845" HPOS="277"/>
<String CONTENT="Dec." HEIGHT="39" WIDTH="110" VPOS="1845" HPOS="305"/>
<SP HEIGHT="39" WIDTH="26" VPOS="1845" HPOS="416"/>
<String CONTENT="30," HEIGHT="49" WIDTH="70" VPOS="1844" HPOS="443"/>
<SP HEIGHT="47" WIDTH="27" VPOS="1846" HPOS="514"/>
<String CONTENT="1932;" HEIGHT="48" WIDTH="140" VPOS="1844" HPOS="542"/>
<SP HEIGHT="46" WIDTH="29" VPOS="1846" HPOS="683"/>
<!-- cceid 38BC27D9-6CF9-1014-A6CF-A82867D68027 --><String CONTENT="A" HEIGHT="38" WIDTH="41" VPOS="1846" HPOS="713"/>
<SP HEIGHT="40" WIDTH="25" VPOS="1846" HPOS="755"/>
<String CONTENT="ad" HEIGHT="39" WIDTH="63" VPOS="1847" HPOS="781"/>
<SP HEIGHT="39" WIDTH="26" VPOS="1846" HPOS="845"/>
<String CONTENT="int." HEIGHT="40" WIDTH="87" VPOS="1846" HPOS="872"/>
<SP HEIGHT="39" WIDTH="27" VPOS="1846" HPOS="960"/>
<String CONTENT="17488;" HEIGHT="47" WIDTH="170" VPOS="1846" HPOS="988"/>
<SP HEIGHT="37" WIDTH="29" VPOS="1856" HPOS="1159"/>
<String CONTENT="pubd." HEIGHT="47" WIDTH="143" VPOS="1846" HPOS="1189"/>
<SP HEIGHT="40" WIDTH="29" VPOS="1846" HPOS="1333"/>
<String CONTENT="Feb." HEIGHT="40" WIDTH="111" VPOS="1846" HPOS="1363"/>
<SP HEIGHT="40" WIDTH="28" VPOS="1845" HPOS="1475"/>
<String CONTENT="27," HEIGHT="47" WIDTH="69" VPOS="1845" HPOS="1504"/>
<SP HEIGHT="46" WIDTH="29" VPOS="1846" HPOS="1574"/>
<String CONTENT="1933;" HEIGHT="48" WIDTH="140" VPOS="1844" HPOS="1604"/>
<SP HEIGHT="48" WIDTH="33" VPOS="1844" HPOS="1745"/>
<String CONTENT="Charles" HEIGHT="41" WIDTH="201" VPOS="1844" HPOS="1779"/>
<SP HEIGHT="38" WIDTH="29" VPOS="1847" HPOS="1981"/>
<String CONTENT="Bryson," HEIGHT="100" WIDTH="1914" VPOS="1847" HPOS="196"/>
<SP HEIGHT="45" WIDTH="31" VPOS="1902" HPOS="296"/>
<String CONTENT="London." HEIGHT="39" WIDTH="210" VPOS="1902" HPOS="328"/>
</TextLine>
<TextLine HEIGHT="67" WIDTH="1181" VPOS="2002" HPOS="124" STYLEREFS="StyleId-1B640FE8-8315-4F9C-A624-B2D4F7A93C1C-">
<String CONTENT="Barton," HEIGHT="67" WIDTH="244" VPOS="2002" HPOS="124"/>
<SP HEIGHT="63" WIDTH="26" VPOS="2006" HPOS="369"/>
<String CONTENT="William" HEIGHT="56" WIDTH="256" VPOS="2003" HPOS="396"/>
<SP HEIGHT="51" WIDTH="27" VPOS="2006" HPOS="653"/>
<String CONTENT="Eleazar," HEIGHT="64" WIDTH="265" VPOS="2005" HPOS="681"/>
<SP HEIGHT="57" WIDTH="31" VPOS="2012" HPOS="947"/>
<String CONTENT="1861-1930." HEIGHT="51" WIDTH="326" VPOS="2010" HPOS="979"/>
</TextLine>
<TextLine HEIGHT="71" WIDTH="1933" VPOS="2080" HPOS="193">
<String CONTENT="President" HEIGHT="55" WIDTH="299" VPOS="2080" HPOS="193"/>
<SP HEIGHT="53" WIDTH="28" VPOS="2082" HPOS="493"/>
<String CONTENT="Lincoln," HEIGHT="70" WIDTH="256" VPOS="2080" HPOS="522"/>
<SP HEIGHT="68" WIDTH="26" VPOS="2082" HPOS="779"/>
<String CONTENT="by" HEIGHT="69" WIDTH="74" VPOS="2082" HPOS="806"/>
<SP HEIGHT="70" WIDTH="29" VPOS="2081" HPOS="881"/>
<String CONTENT="William" HEIGHT="53" WIDTH="260" VPOS="2081" HPOS="911"/>
<SP HEIGHT="50" WIDTH="30" VPOS="2082" HPOS="1172"/>
<String CONTENT="E." HEIGHT="54" WIDTH="68" VPOS="2082" HPOS="1203"/>
<SP HEIGHT="54" WIDTH="29" VPOS="2082" HPOS="1272"/>
<String CONTENT="Barton;" HEIGHT="65" WIDTH="247" VPOS="2082" HPOS="1302"/>
<SP HEIGHT="47" WIDTH="31" VPOS="2100" HPOS="1550"/>
<String CONTENT="with" HEIGHT="51" WIDTH="139" VPOS="2083" HPOS="1582"/>
<SP HEIGHT="61" WIDTH="32" VPOS="2089" HPOS="1722"/>
<String CONTENT="preface" HEIGHT="70" WIDTH="227" VPOS="2080" HPOS="1755"/>
<SP HEIGHT="34" WIDTH="30" VPOS="2101" HPOS="1983"/>
<String CONTENT="and" HEIGHT="52" WIDTH="112" VPOS="2081" HPOS="2014"/>
</TextLine>
<TextLine HEIGHT="148" WIDTH="1977" VPOS="2157" HPOS="122" CS="1">
<String CONTENT="the" HEIGHT="53" WIDTH="94" VPOS="2158" HPOS="124"/>
<SP HEIGHT="51" WIDTH="23" VPOS="2161" HPOS="219"/>
<String CONTENT="last" HEIGHT="52" WIDTH="112" VPOS="2161" HPOS="243"/>
<SP HEIGHT="50" WIDTH="22" VPOS="2163" HPOS="356"/>
<String CONTENT="three" HEIGHT="56" WIDTH="156" VPOS="2158" HPOS="379"/>
<SP HEIGHT="36" WIDTH="26" VPOS="2178" HPOS="536"/>
<String CONTENT="chapters" HEIGHT="67" WIDTH="264" VPOS="2159" HPOS="563"/>
<SP HEIGHT="53" WIDTH="21" VPOS="2160" HPOS="828"/>
<String CONTENT="by" HEIGHT="67" WIDTH="73" VPOS="2160" HPOS="850"/>
<SP HEIGHT="68" WIDTH="25" VPOS="2159" HPOS="924"/>
<String CONTENT="William" HEIGHT="53" WIDTH="256" VPOS="2158" HPOS="950"/>
<SP HEIGHT="51" WIDTH="27" VPOS="2159" HPOS="1207"/>
<String CONTENT="II." HEIGHT="51" WIDTH="74" VPOS="2159" HPOS="1235"/>
<SP HEIGHT="50" WIDTH="27" VPOS="2160" HPOS="1310"/>
<String CONTENT="Townsend" HEIGHT="52" WIDTH="313" VPOS="2159" HPOS="1338"/>
<SP HEIGHT="54" WIDTH="33" VPOS="2159" HPOS="1652"/>
<String CS="1" CONTENT="&#8230;"/>
<SP HEIGHT="53" WIDTH="68" VPOS="2159" HPOS="1744"/>
<String CONTENT="Indianapolis," HEIGHT="145" WIDTH="1977" VPOS="2157" HPOS="122"/>
<SP HEIGHT="66" WIDTH="26" VPOS="2236" HPOS="246"/>
<String CONTENT="The" HEIGHT="52" WIDTH="120" VPOS="2236" HPOS="273"/>
<SP HEIGHT="52" WIDTH="27" VPOS="2236" HPOS="394"/>
<String CONTENT="Bobbs-Merrill" HEIGHT="54" WIDTH="443" VPOS="2236" HPOS="422"/>
<SP HEIGHT="52" WIDTH="27" VPOS="2236" HPOS="866"/>
<String CONTENT="company" HEIGHT="51" WIDTH="278" VPOS="2254" HPOS="894"/>
<SP HEIGHT="48" WIDTH="32" VPOS="2257" HPOS="1173"/>
<String CONTENT="[" HEIGHT="33" WIDTH="12" VPOS="2272" HPOS="1206"/>
<String STYLE="superscript" CONTENT="c" HEIGHT="21" WIDTH="18" VPOS="2243" HPOS="1224"/>
<String CONTENT="1933]" HEIGHT="65" WIDTH="150" VPOS="2239" HPOS="1249"/>
</TextLine>
<TextLine HEIGHT="51" WIDTH="890" VPOS="2306" HPOS="193" STYLEREFS="StyleId-6B81A5D0-28E0-44B3-BA3B-DB3764ABAA11-">
<String CONTENT="2" HEIGHT="40" WIDTH="27" VPOS="2306" HPOS="193"/>
<SP HEIGHT="40" WIDTH="23" VPOS="2306" HPOS="221"/>
<String CONTENT="v." HEIGHT="31" WIDTH="42" VPOS="2317" HPOS="245"/>
<SP HEIGHT="42" WIDTH="53" VPOS="2306" HPOS="288"/>
<String CONTENT="fronts.," HEIGHT="49" WIDTH="190" VPOS="2306" HPOS="342"/>
<SP HEIGHT="39" WIDTH="27" VPOS="2318" HPOS="533"/>
<String CONTENT="plates," HEIGHT="49" WIDTH="172" VPOS="2308" HPOS="561"/>
<SP HEIGHT="39" WIDTH="26" VPOS="2318" HPOS="734"/>
<String CONTENT="ports." HEIGHT="47" WIDTH="149" VPOS="2310" HPOS="761"/>
<SP HEIGHT="42" WIDTH="54" VPOS="2308" HPOS="911"/>
<String CONTENT="24" HEIGHT="41" WIDTH="56" VPOS="2308" HPOS="966"/>
<String STYLE="superscript" CONTENT="cm" HEIGHT="22" WIDTH="44" VPOS="2311" HPOS="1026"/>
<String CONTENT="." HEIGHT="9" WIDTH="9" VPOS="2342" HPOS="1074"/>
</TextLine>
<TextLine HEIGHT="51" WIDTH="831" VPOS="2363" HPOS="193" STYLEREFS="StyleId-6B81A5D0-28E0-44B3-BA3B-DB3764ABAA11-">
<String CONTENT="Bibliography," HEIGHT="49" WIDTH="361" VPOS="2363" HPOS="193"/>
<SP HEIGHT="34" WIDTH="30" VPOS="2377" HPOS="555"/>
<String CONTENT="v." HEIGHT="29" WIDTH="44" VPOS="2377" HPOS="586"/>
<SP HEIGHT="41" WIDTH="29" VPOS="2365" HPOS="631"/>
<String CONTENT="2," HEIGHT="48" WIDTH="40" VPOS="2365" HPOS="661"/>
<SP HEIGHT="38" WIDTH="29" VPOS="2376" HPOS="702"/>
<String CONTENT="p." HEIGHT="38" WIDTH="43" VPOS="2376" HPOS="732"/>
<SP HEIGHT="40" WIDTH="29" VPOS="2367" HPOS="776"/>
<String CONTENT="739-747." HEIGHT="41" WIDTH="218" VPOS="2365" HPOS="806"/>
</TextLine>
<TextLine HEIGHT="50" WIDTH="549" VPOS="2419" HPOS="194" STYLEREFS="StyleId-6B81A5D0-28E0-44B3-BA3B-DB3764ABAA11-">
<String CONTENT="Paged" HEIGHT="48" WIDTH="161" VPOS="2421" HPOS="194"/>
<SP HEIGHT="40" WIDTH="30" VPOS="2422" HPOS="356"/>
<String CONTENT="continuously." HEIGHT="50" WIDTH="356" VPOS="2419" HPOS="387"/>
</TextLine>
<TextLine HEIGHT="52" WIDTH="1890" VPOS="2477" HPOS="129" STYLEREFS="StyleId-6B81A5D0-28E0-44B3-BA3B-DB3764ABAA11-">
<String CONTENT="&#169;" HEIGHT="52" WIDTH="51" VPOS="2477" HPOS="129"/>
<SP HEIGHT="52" WIDTH="24" VPOS="2477" HPOS="181"/>
<String CONTENT="Feb." HEIGHT="40" WIDTH="111" VPOS="2482" HPOS="206"/>
<SP HEIGHT="39" WIDTH="23" VPOS="2483" HPOS="318"/>
<String CONTENT="1," HEIGHT="44" WIDTH="38" VPOS="2483" HPOS="342"/>
<SP HEIGHT="45" WIDTH="24" VPOS="2482" HPOS="381"/>
<String CONTENT="1933;" HEIGHT="47" WIDTH="140" VPOS="2481" HPOS="406"/>
<SP HEIGHT="48" WIDTH="24" VPOS="2480" HPOS="547"/>
<String CONTENT="2c." HEIGHT="40" WIDTH="67" VPOS="2480" HPOS="572"/>
<SP HEIGHT="29" WIDTH="25" VPOS="2492" HPOS="640"/>
<String CONTENT="each" HEIGHT="40" WIDTH="118" VPOS="2482" HPOS="666"/>
<SP HEIGHT="39" WIDTH="23" VPOS="2482" HPOS="785"/>
<String CONTENT="and" HEIGHT="38" WIDTH="97" VPOS="2483" HPOS="809"/>
<SP HEIGHT="38" WIDTH="24" VPOS="2483" HPOS="907"/>
<String CONTENT="aff." HEIGHT="40" WIDTH="81" VPOS="2481" HPOS="932"/>
<SP HEIGHT="38" WIDTH="25" VPOS="2483" HPOS="1014"/>
<String CONTENT="Feb." HEIGHT="41" WIDTH="112" VPOS="2482" HPOS="1040"/>
<SP HEIGHT="41" WIDTH="23" VPOS="2482" HPOS="1153"/>
<String CONTENT="10;" HEIGHT="47" WIDTH="84" VPOS="2481" HPOS="1177"/>
<SP HEIGHT="46" WIDTH="25" VPOS="2482" HPOS="1262"/>
<!-- cceid 38BCF815-6CF9-1014-A6CF-A82867D68027 --><String CONTENT="A" HEIGHT="39" WIDTH="41" VPOS="2482" HPOS="1288"/>
<SP HEIGHT="40" WIDTH="24" VPOS="2482" HPOS="1330"/>
<String CONTENT="59379;" HEIGHT="48" WIDTH="170" VPOS="2481" HPOS="1355"/>
<SP HEIGHT="46" WIDTH="27" VPOS="2483" HPOS="1526"/>
<String CONTENT="Bobbs-Merrill" HEIGHT="39" WIDTH="369" VPOS="2483" HPOS="1554"/>
<SP HEIGHT="39" WIDTH="26" VPOS="2484" HPOS="1924"/>
<String CONTENT="co." HEIGHT="29" WIDTH="68" VPOS="2494" HPOS="1951"/>
</TextLine>
<TextLine HEIGHT="48" WIDTH="249" VPOS="2538" HPOS="206" STYLEREFS="StyleId-6B81A5D0-28E0-44B3-BA3B-DB3764ABAA11-">
<String CONTENT="(33-3452)" HEIGHT="48" WIDTH="249" VPOS="2538" HPOS="206"/>
</TextLine>
<TextLine HEIGHT="64" WIDTH="471" VPOS="2643" HPOS="118" STYLEREFS="StyleId-1B640FE8-8315-4F9C-A624-B2D4F7A93C1C-">
<String CONTENT="Borden," HEIGHT="64" WIDTH="251" VPOS="2643" HPOS="118"/>
<SP HEIGHT="63" WIDTH="27" VPOS="2644" HPOS="370"/>
<String CONTENT="Mary." HEIGHT="63" WIDTH="191" VPOS="2644" HPOS="398"/>
</TextLine>
<TextLine HEIGHT="70" WIDTH="1346" VPOS="2719" HPOS="188">
<String CONTENT="Does" HEIGHT="52" WIDTH="150" VPOS="2720" HPOS="188"/>
<SP HEIGHT="46" WIDTH="27" VPOS="2726" HPOS="339"/>
<String CONTENT="the" HEIGHT="52" WIDTH="96" VPOS="2721" HPOS="367"/>
<SP HEIGHT="53" WIDTH="24" VPOS="2720" HPOS="464"/>
<String CONTENT="honeymoon" HEIGHT="68" WIDTH="354" VPOS="2720" HPOS="489"/>
<SP HEIGHT="33" WIDTH="29" VPOS="2740" HPOS="844"/>
<String CONTENT="make" HEIGHT="54" WIDTH="163" VPOS="2720" HPOS="874"/>
<SP HEIGHT="54" WIDTH="30" VPOS="2719" HPOS="1038"/>
<String CONTENT="for" HEIGHT="53" WIDTH="92" VPOS="2719" HPOS="1069"/>
<SP HEIGHT="51" WIDTH="27" VPOS="2721" HPOS="1162"/>
<String CONTENT="happiness" HEIGHT="68" WIDTH="311" VPOS="2721" HPOS="1190"/>
<SP HEIGHT="52" WIDTH="13" VPOS="2724" HPOS="1502"/>
<String CONTENT="?" HEIGHT="52" WIDTH="18" VPOS="2724" HPOS="1516"/>
</TextLine>
<TextLine HEIGHT="52" WIDTH="1124" VPOS="2791" HPOS="228" STYLEREFS="StyleId-5C1DA6EF-F6EC-427F-8898-5076BE0D30A6-" CS="1">
<String CS="1" CONTENT="(In" HEIGHT="38" WIDTH="60" VPOS="2795" HPOS="228"/>
<SP HEIGHT="41" WIDTH="27" VPOS="2791" HPOS="289"/>
<String CONTENT="Home" HEIGHT="42" WIDTH="158" VPOS="2791" HPOS="317"/>
<SP HEIGHT="29" WIDTH="26" VPOS="2804" HPOS="476"/>
<String CONTENT="making" HEIGHT="51" WIDTH="205" VPOS="2791" HPOS="503"/>
<SP HEIGHT="38" WIDTH="29" VPOS="2804" HPOS="709"/>
<String CONTENT="magazine," HEIGHT="52" WIDTH="276" VPOS="2791" HPOS="739"/>
<SP HEIGHT="51" WIDTH="30" VPOS="2791" HPOS="1016"/>
<String CONTENT="Dec.," HEIGHT="52" WIDTH="129" VPOS="2791" HPOS="1047"/>
<SP HEIGHT="50" WIDTH="30" VPOS="2793" HPOS="1177"/>
<String CONTENT="1932)" HEIGHT="50" WIDTH="144" VPOS="2792" HPOS="1208"/>
</TextLine>
<TextLine HEIGHT="55" WIDTH="1997" VPOS="2846" HPOS="128" STYLEREFS="StyleId-6B81A5D0-28E0-44B3-BA3B-DB3764ABAA11-" CS="1">
<String CONTENT="&#169;" HEIGHT="52" WIDTH="51" VPOS="2846" HPOS="128"/>
<SP/>
<String CS="1" CONTENT="1c." HEIGHT="7" WIDTH="8" VPOS="2884" HPOS="269"/>
<SP HEIGHT="40" WIDTH="30" VPOS="2851" HPOS="278"/>
<String CONTENT="Jan." HEIGHT="39" WIDTH="109" VPOS="2851" HPOS="309"/>
<SP HEIGHT="40" WIDTH="29" VPOS="2850" HPOS="419"/>
<String CONTENT="20," HEIGHT="48" WIDTH="69" VPOS="2850" HPOS="449"/>
<SP HEIGHT="19" WIDTH="18" VPOS="2882" HPOS="519"/>
<String CONTENT=",1933;" HEIGHT="51" WIDTH="152" VPOS="2850" HPOS="538"/>
<SP HEIGHT="46" WIDTH="32" VPOS="2852" HPOS="691"/>
<!-- cceid 38BDC72F-6CF9-1014-A6CF-A82867D68027 --><String CONTENT="A" HEIGHT="38" WIDTH="43" VPOS="2852" HPOS="724"/>
<SP HEIGHT="39" WIDTH="28" VPOS="2852" HPOS="768"/>
<String CONTENT="ad" HEIGHT="39" WIDTH="62" VPOS="2853" HPOS="797"/>
<SP HEIGHT="39" WIDTH="30" VPOS="2853" HPOS="860"/>
<String CONTENT="int." HEIGHT="39" WIDTH="87" VPOS="2853" HPOS="891"/>
<SP HEIGHT="39" WIDTH="31" VPOS="2852" HPOS="979"/>
<String CONTENT="17469;" HEIGHT="49" WIDTH="170" VPOS="2850" HPOS="1011"/>
<SP HEIGHT="37" WIDTH="33" VPOS="2863" HPOS="1182"/>
<String CONTENT="pubd." HEIGHT="47" WIDTH="143" VPOS="2853" HPOS="1216"/>
<SP HEIGHT="39" WIDTH="31" VPOS="2853" HPOS="1360"/>
<String CONTENT="Nov." HEIGHT="39" WIDTH="118" VPOS="2853" HPOS="1392"/>
<SP HEIGHT="40" WIDTH="29" VPOS="2852" HPOS="1511"/>
<String CONTENT="26," HEIGHT="48" WIDTH="70" VPOS="2851" HPOS="1541"/>
<SP HEIGHT="46" WIDTH="31" VPOS="2853" HPOS="1612"/>
<String CONTENT="1932;" HEIGHT="48" WIDTH="141" VPOS="2850" HPOS="1644"/>
<SP HEIGHT="45" WIDTH="35" VPOS="2853" HPOS="1786"/>
<String CONTENT="M." HEIGHT="40" WIDTH="62" VPOS="2853" HPOS="1822"/>
<SP HEIGHT="40" WIDTH="32" VPOS="2853" HPOS="1885"/>
<String CONTENT="Borden," HEIGHT="46" WIDTH="207" VPOS="2853" HPOS="1918"/>
</TextLine>
<TextLine HEIGHT="39" WIDTH="211" VPOS="2908" HPOS="193" STYLEREFS="StyleId-6B81A5D0-28E0-44B3-BA3B-DB3764ABAA11-">
<String CONTENT="London." HEIGHT="39" WIDTH="211" VPOS="2908" HPOS="193"/>
</TextLine>
<TextLine HEIGHT="69" WIDTH="1487" VPOS="3010" HPOS="121" STYLEREFS="StyleId-1B640FE8-8315-4F9C-A624-B2D4F7A93C1C-">
<String CONTENT="Bridge" HEIGHT="65" WIDTH="218" VPOS="3010" HPOS="121"/>
<SP HEIGHT="51" WIDTH="32" VPOS="3012" HPOS="340"/>
<String CONTENT="headquarters," HEIGHT="65" WIDTH="452" VPOS="3011" HPOS="373"/>
<SP HEIGHT="64" WIDTH="34" VPOS="3012" HPOS="826"/>
<String CONTENT="inc." HEIGHT="53" WIDTH="110" VPOS="3012" HPOS="861"/>
<SP HEIGHT="51" WIDTH="73" VPOS="3014" HPOS="972"/>
<String CONTENT="Advisory" HEIGHT="66" WIDTH="292" VPOS="3013" HPOS="1046"/>
<SP HEIGHT="48" WIDTH="32" VPOS="3031" HPOS="1339"/>
<String CONTENT="council." HEIGHT="53" WIDTH="236" VPOS="3014" HPOS="1372"/>
</TextLine>
<TextLine HEIGHT="71" WIDTH="1932" VPOS="3086" HPOS="192">
<String CONTENT="The" HEIGHT="54" WIDTH="121" VPOS="3087" HPOS="192"/>
<SP HEIGHT="34" WIDTH="28" VPOS="3107" HPOS="314"/>
<String CONTENT="new" HEIGHT="34" WIDTH="121" VPOS="3107" HPOS="343"/>
<SP HEIGHT="34" WIDTH="33" VPOS="3107" HPOS="465"/>
<String CONTENT="standardized" HEIGHT="57" WIDTH="402" VPOS="3086" HPOS="499"/>
<SP HEIGHT="52" WIDTH="31" VPOS="3091" HPOS="902"/>
<String CONTENT="official" HEIGHT="55" WIDTH="197" VPOS="3086" HPOS="934"/>
<SP HEIGHT="52" WIDTH="29" VPOS="3088" HPOS="1132"/>
<String CONTENT="system" HEIGHT="63" WIDTH="208" VPOS="3093" HPOS="1162"/>
<SP HEIGHT="34" WIDTH="29" VPOS="3107" HPOS="1371"/>
<String CONTENT="of" HEIGHT="53" WIDTH="63" VPOS="3088" HPOS="1401"/>
<SP HEIGHT="53" WIDTH="30" VPOS="3088" HPOS="1465"/>
<String CONTENT="contract" HEIGHT="49" WIDTH="254" VPOS="3093" HPOS="1496"/>
<SP HEIGHT="52" WIDTH="28" VPOS="3088" HPOS="1751"/>
<String CONTENT="bridge," HEIGHT="69" WIDTH="217" VPOS="3088" HPOS="1780"/>
<SP HEIGHT="62" WIDTH="30" VPOS="3094" HPOS="1998"/>
<String CONTENT="the" HEIGHT="52" WIDTH="95" VPOS="3091" HPOS="2029"/>
</TextLine>
<TextLine HEIGHT="71" WIDTH="2001" VPOS="3162" HPOS="123">
<String CONTENT="official" HEIGHT="54" WIDTH="198" VPOS="3162" HPOS="123"/>
<SP HEIGHT="52" WIDTH="25" VPOS="3164" HPOS="322"/>
<String CONTENT="book" HEIGHT="54" WIDTH="145" VPOS="3163" HPOS="348"/>
<SP HEIGHT="54" WIDTH="26" VPOS="3163" HPOS="494"/>
<String CONTENT="on" HEIGHT="34" WIDTH="71" VPOS="3183" HPOS="521"/>
<SP HEIGHT="46" WIDTH="28" VPOS="3172" HPOS="593"/>
<String CONTENT="the" HEIGHT="52" WIDTH="95" VPOS="3166" HPOS="622"/>
<SP HEIGHT="34" WIDTH="26" VPOS="3184" HPOS="718"/>
<String CONTENT="new" HEIGHT="35" WIDTH="123" VPOS="3184" HPOS="745"/>
<SP HEIGHT="34" WIDTH="27" VPOS="3184" HPOS="869"/>
<String CONTENT="standardized" HEIGHT="53" WIDTH="401" VPOS="3165" HPOS="897"/>
<SP HEIGHT="52" WIDTH="28" VPOS="3166" HPOS="1299"/>
<String CONTENT="system" HEIGHT="62" WIDTH="207" VPOS="3171" HPOS="1328"/>
<SP HEIGHT="33" WIDTH="27" VPOS="3184" HPOS="1536"/>
<String CONTENT="with" HEIGHT="53" WIDTH="141" VPOS="3164" HPOS="1564"/>
<SP HEIGHT="54" WIDTH="27" VPOS="3166" HPOS="1706"/>
<String CONTENT="the" HEIGHT="54" WIDTH="95" VPOS="3166" HPOS="1734"/>
<SP HEIGHT="36" WIDTH="28" VPOS="3184" HPOS="1830"/>
<String CONTENT="one" HEIGHT="35" WIDTH="102" VPOS="3184" HPOS="1859"/>
<SP HEIGHT="33" WIDTH="28" VPOS="3186" HPOS="1962"/>
<String CONTENT="over" HEIGHT="34" WIDTH="133" VPOS="3185" HPOS="1991"/>
</TextLine>
<TextLine HEIGHT="150" WIDTH="2000" VPOS="3240" HPOS="123" CS="1">
<String CONTENT="one" HEIGHT="36" WIDTH="102" VPOS="3259" HPOS="123"/>
<SP HEIGHT="33" WIDTH="35" VPOS="3262" HPOS="226"/>
<String CS="1" CONTENT="&#8230;"/>
<SP HEIGHT="55" WIDTH="33" VPOS="3240" HPOS="319"/>
<String CONTENT="including" HEIGHT="69" WIDTH="297" VPOS="3240" HPOS="353"/>
<SP HEIGHT="63" WIDTH="28" VPOS="3246" HPOS="651"/>
<String CONTENT="the" HEIGHT="52" WIDTH="94" VPOS="3242" HPOS="680"/>
<SP HEIGHT="33" WIDTH="31" VPOS="3261" HPOS="775"/>
<String CONTENT="complete" HEIGHT="67" WIDTH="273" VPOS="3242" HPOS="807"/>
<SP HEIGHT="36" WIDTH="31" VPOS="3260" HPOS="1081"/>
<String CONTENT="new" HEIGHT="36" WIDTH="122" VPOS="3260" HPOS="1113"/>
<SP HEIGHT="52" WIDTH="30" VPOS="3244" HPOS="1236"/>
<String CONTENT="international" HEIGHT="54" WIDTH="407" VPOS="3244" HPOS="1267"/>
<SP HEIGHT="51" WIDTH="30" VPOS="3245" HPOS="1675"/>
<String CONTENT="laws." HEIGHT="52" WIDTH="154" VPOS="3245" HPOS="1706"/>
<SP HEIGHT="51" WIDTH="68" VPOS="3244" HPOS="1861"/>
<String CONTENT="Philadelphia," HEIGHT="142" WIDTH="1976" VPOS="3243" HPOS="123"/>
<SP HEIGHT="66" WIDTH="36" VPOS="3318" HPOS="371"/>
<String CONTENT="Chicago" HEIGHT="68" WIDTH="249" VPOS="3318" HPOS="408"/>
<SP HEIGHT="50" WIDTH="38" VPOS="3337" HPOS="658"/>
<String CONTENT="fete.]" HEIGHT="64" WIDTH="137" VPOS="3323" HPOS="697"/>
<SP HEIGHT="67" WIDTH="40" VPOS="3319" HPOS="835"/>
<String CONTENT="Pub." HEIGHT="52" WIDTH="142" VPOS="3319" HPOS="876"/>
<SP HEIGHT="52" WIDTH="36" VPOS="3319" HPOS="1019"/>
<String CONTENT="for" HEIGHT="52" WIDTH="91" VPOS="3319" HPOS="1056"/>
<SP HEIGHT="51" WIDTH="33" VPOS="3320" HPOS="1148"/>
<String CONTENT="Bridge" HEIGHT="69" WIDTH="218" VPOS="3318" HPOS="1182"/>
<SP HEIGHT="53" WIDTH="30" VPOS="3320" HPOS="1401"/>
<String CONTENT="headquarters," HEIGHT="69" WIDTH="423" VPOS="3320" HPOS="1432"/>
<SP HEIGHT="69" WIDTH="34" VPOS="3320" HPOS="1856"/>
<String CONTENT="inc.," HEIGHT="70" WIDTH="125" VPOS="3320" HPOS="1891"/>
<SP HEIGHT="69" WIDTH="33" VPOS="3321" HPOS="2017"/>
<String CONTENT="by" HEIGHT="69" WIDTH="72" VPOS="3321" HPOS="2051"/>
</TextLine>
<TextLine HEIGHT="70" WIDTH="1190" VPOS="3395" HPOS="123" CS="1">
<String CONTENT="the" HEIGHT="53" WIDTH="93" VPOS="3395" HPOS="123"/>
<SP HEIGHT="52" WIDTH="26" VPOS="3396" HPOS="217"/>
<String CONTENT="John" HEIGHT="52" WIDTH="153" VPOS="3396" HPOS="244"/>
<SP HEIGHT="54" WIDTH="30" VPOS="3396" HPOS="398"/>
<String CONTENT="C." HEIGHT="54" WIDTH="61" VPOS="3396" HPOS="429"/>
<SP HEIGHT="51" WIDTH="25" VPOS="3396" HPOS="491"/>
<String CONTENT="Winston" HEIGHT="55" WIDTH="263" VPOS="3395" HPOS="517"/>
<SP HEIGHT="33" WIDTH="27" VPOS="3415" HPOS="781"/>
<String CONTENT="company" HEIGHT="50" WIDTH="278" VPOS="3414" HPOS="809"/>
<SP HEIGHT="61" WIDTH="32" VPOS="3404" HPOS="1088"/>
<String CS="1" CONTENT="[c1933]" HEIGHT="64" WIDTH="151" VPOS="3400" HPOS="1162"/>
</TextLine>
<TextLine HEIGHT="62" WIDTH="1165" VPOS="3454" HPOS="192" CS="1">
<String CONTENT="xviii" HEIGHT="40" WIDTH="119" VPOS="3465" HPOS="192"/>
<SP HEIGHT="48" WIDTH="24" VPOS="3466" HPOS="312"/>
<String CONTENT="p.," HEIGHT="37" WIDTH="57" VPOS="3477" HPOS="337"/>
<SP HEIGHT="41" WIDTH="23" VPOS="3467" HPOS="395"/>
<String CONTENT="1" HEIGHT="38" WIDTH="25" VPOS="3467" HPOS="419"/>
<SP HEIGHT="39" WIDTH="24" VPOS="3467" HPOS="445"/>
<String CS="1" CONTENT="l.," HEIGHT="15" WIDTH="23" VPOS="3498" HPOS="491"/>
<SP HEIGHT="46" WIDTH="23" VPOS="3467" HPOS="515"/>
<String CONTENT="291," HEIGHT="46" WIDTH="98" VPOS="3467" HPOS="539"/>
<SP HEIGHT="35" WIDTH="23" VPOS="3478" HPOS="638"/>
<String CONTENT="vii-ix." HEIGHT="43" WIDTH="166" VPOS="3466" HPOS="662"/>
<SP HEIGHT="41" WIDTH="22" VPOS="3468" HPOS="829"/>
<String CONTENT="54" HEIGHT="39" WIDTH="56" VPOS="3468" HPOS="852"/>
<SP HEIGHT="47" WIDTH="22" VPOS="3469" HPOS="909"/>
<String CONTENT="p." HEIGHT="37" WIDTH="43" VPOS="3479" HPOS="932"/>
<SP HEIGHT="39" WIDTH="50" VPOS="3469" HPOS="976"/>
<String CONTENT="iilus." HEIGHT="55" WIDTH="130" VPOS="3454" HPOS="1027"/>
<SP HEIGHT="39" WIDTH="51" VPOS="3470" HPOS="1158"/>
<String CS="1" CONTENT="19&#189;" HEIGHT="40" WIDTH="55" VPOS="3468" HPOS="1210"/>
<String STYLE="superscript" CONTENT="cm" HEIGHT="21" WIDTH="44" VPOS="3471" HPOS="1298"/>
<String CONTENT="." HEIGHT="9" WIDTH="10" VPOS="3502" HPOS="1347"/>
</TextLine>
<TextLine HEIGHT="54" WIDTH="1927" VPOS="3522" HPOS="193" STYLEREFS="StyleId-6B81A5D0-28E0-44B3-BA3B-DB3764ABAA11-">
<String CONTENT="Portraits" HEIGHT="41" WIDTH="244" VPOS="3522" HPOS="193"/>
<SP HEIGHT="30" WIDTH="34" VPOS="3533" HPOS="438"/>
<String CONTENT="on" HEIGHT="30" WIDTH="60" VPOS="3533" HPOS="473"/>
<SP HEIGHT="39" WIDTH="34" VPOS="3523" HPOS="534"/>
<String CONTENT="front" HEIGHT="41" WIDTH="137" VPOS="3523" HPOS="569"/>
<SP HEIGHT="40" WIDTH="35" VPOS="3524" HPOS="707"/>
<String CONTENT="lining-paper;" HEIGHT="50" WIDTH="351" VPOS="3523" HPOS="743"/>
<SP HEIGHT="45" WIDTH="39" VPOS="3526" HPOS="1095"/>
<String CONTENT="&#8220;Contract" HEIGHT="41" WIDTH="260" VPOS="3525" HPOS="1135"/>
<SP HEIGHT="39" WIDTH="34" VPOS="3527" HPOS="1396"/>
<String CONTENT="bridge" HEIGHT="48" WIDTH="167" VPOS="3526" HPOS="1431"/>
<SP HEIGHT="29" WIDTH="35" VPOS="3538" HPOS="1599"/>
<String CONTENT="scoring" HEIGHT="48" WIDTH="192" VPOS="3528" HPOS="1635"/>
<SP HEIGHT="45" WIDTH="36" VPOS="3531" HPOS="1828"/>
<String CONTENT="table&#8221;" HEIGHT="41" WIDTH="158" VPOS="3528" HPOS="1865"/>
<SP HEIGHT="42" WIDTH="37" VPOS="3528" HPOS="2024"/>
<String CONTENT="on" HEIGHT="29" WIDTH="58" VPOS="3541" HPOS="2062"/>
</TextLine>
<TextLine HEIGHT="49" WIDTH="482" VPOS="3578" HPOS="121" STYLEREFS="StyleId-6B81A5D0-28E0-44B3-BA3B-DB3764ABAA11-">
<String CONTENT="back" HEIGHT="41" WIDTH="120" VPOS="3578" HPOS="121"/>
<SP HEIGHT="39" WIDTH="23" VPOS="3579" HPOS="242"/>
<String CONTENT="lining-paper." HEIGHT="49" WIDTH="337" VPOS="3578" HPOS="266"/>
</TextLine>
<TextLine HEIGHT="58" WIDTH="1995" VPOS="3640" HPOS="127" STYLEREFS="StyleId-6B81A5D0-28E0-44B3-BA3B-DB3764ABAA11-">
<String CONTENT="&#169;" HEIGHT="53" WIDTH="51" VPOS="3640" HPOS="127"/>
<SP HEIGHT="53" WIDTH="34" VPOS="3640" HPOS="179"/>
<String CONTENT="Jan." HEIGHT="41" WIDTH="109" VPOS="3646" HPOS="214"/>
<SP HEIGHT="39" WIDTH="32" VPOS="3648" HPOS="324"/>
<String CONTENT="18," HEIGHT="46" WIDTH="68" VPOS="3647" HPOS="357"/>
<SP HEIGHT="46" WIDTH="33" VPOS="3647" HPOS="426"/>
<String CONTENT="1933;" HEIGHT="48" WIDTH="139" VPOS="3645" HPOS="460"/>
<SP HEIGHT="47" WIDTH="36" VPOS="3646" HPOS="600"/>
<String CONTENT="2c." HEIGHT="41" WIDTH="65" VPOS="3646" HPOS="637"/>
<SP HEIGHT="29" WIDTH="35" VPOS="3658" HPOS="703"/>
<String CONTENT="and" HEIGHT="40" WIDTH="97" VPOS="3647" HPOS="739"/>
<SP HEIGHT="39" WIDTH="34" VPOS="3647" HPOS="837"/>
<String CONTENT="aff." HEIGHT="41" WIDTH="82" VPOS="3645" HPOS="872"/>
<SP HEIGHT="40" WIDTH="34" VPOS="3646" HPOS="955"/>
<String CONTENT="Jan." HEIGHT="41" WIDTH="110" VPOS="3646" HPOS="990"/>
<SP HEIGHT="40" WIDTH="34" VPOS="3647" HPOS="1101"/>
<String CONTENT="25;" HEIGHT="48" WIDTH="82" VPOS="3646" HPOS="1136"/>
<SP HEIGHT="47" WIDTH="36" VPOS="3647" HPOS="1219"/>
<!-- cceid 38BE950F-6CF9-1014-A6CF-A82867D68027 --><String CONTENT="A" HEIGHT="39" WIDTH="41" VPOS="3647" HPOS="1256"/>
<SP HEIGHT="40" WIDTH="33" VPOS="3647" HPOS="1298"/>
<String CONTENT="59130;" HEIGHT="50" WIDTH="170" VPOS="3645" HPOS="1332"/>
<SP HEIGHT="47" WIDTH="37" VPOS="3648" HPOS="1503"/>
<String CONTENT="Bridge" HEIGHT="48" WIDTH="179" VPOS="3648" HPOS="1541"/>
<SP HEIGHT="40" WIDTH="32" VPOS="3649" HPOS="1721"/>
<String CONTENT="headquarters," HEIGHT="49" WIDTH="368" VPOS="3649" HPOS="1754"/>
</TextLine>
<TextLine HEIGHT="56" WIDTH="1590" VPOS="3698" HPOS="194" STYLEREFS="StyleId-6B81A5D0-28E0-44B3-BA3B-DB3764ABAA11-" CS="1">
<String CONTENT="inc.," HEIGHT="48" WIDTH="103" VPOS="3703" HPOS="194"/>
<SP HEIGHT="47" WIDTH="34" VPOS="3704" HPOS="298"/>
<String CONTENT="New" HEIGHT="39" WIDTH="117" VPOS="3704" HPOS="333"/>
<SP HEIGHT="39" WIDTH="30" VPOS="3704" HPOS="451"/>
<String CONTENT="York." HEIGHT="39" WIDTH="143" VPOS="3704" HPOS="482"/>
<SP HEIGHT="29" WIDTH="64" VPOS="3723" HPOS="626"/>
<String CS="1" CONTENT="[&#169;" HEIGHT="52" WIDTH="51" VPOS="3698" HPOS="707"/>
<SP HEIGHT="52" WIDTH="35" VPOS="3698" HPOS="759"/>
<String CONTENT="revisions" HEIGHT="41" WIDTH="237" VPOS="3702" HPOS="795"/>
<SP HEIGHT="29" WIDTH="33" VPOS="3714" HPOS="1033"/>
<String CONTENT="and" HEIGHT="39" WIDTH="96" VPOS="3705" HPOS="1067"/>
<SP HEIGHT="39" WIDTH="33" VPOS="3705" HPOS="1164"/>
<String CONTENT="additions]" HEIGHT="50" WIDTH="262" VPOS="3703" HPOS="1198"/>
<SP HEIGHT="48" WIDTH="71" VPOS="3705" HPOS="1461"/>
<String CONTENT="(33-3468)" HEIGHT="49" WIDTH="251" VPOS="3705" HPOS="1533"/>
</TextLine>
<TextLine HEIGHT="72" WIDTH="1496" VPOS="3803" HPOS="123" STYLEREFS="StyleId-F7A1CFB3-7610-4EC9-8A08-4F6CF1220DAC-" CS="1">
<String CONTENT="Catholic" HEIGHT="57" WIDTH="264" VPOS="3803" HPOS="123"/>
<SP HEIGHT="35" WIDTH="27" VPOS="3825" HPOS="388"/>
<String CONTENT="church." HEIGHT="56" WIDTH="240" VPOS="3804" HPOS="416"/>
<SP HEIGHT="50" WIDTH="73" VPOS="3808" HPOS="657"/>
<String CONTENT="Pope," HEIGHT="65" WIDTH="176" VPOS="3808" HPOS="731"/>
<SP HEIGHT="54" WIDTH="25" VPOS="3812" HPOS="908"/>
<String CONTENT="1922-" HEIGHT="48" WIDTH="173" VPOS="3811" HPOS="934"/>
<SP HEIGHT="65" WIDTH="223" VPOS="3807" HPOS="1108"/>
<String CONTENT="(Pius" HEIGHT="67" WIDTH="167" VPOS="3805" HPOS="1332"/>
<SP HEIGHT="34" WIDTH="23" VPOS="3825" HPOS="1500"/>
<String CS="1" CONTENT="XI)" HEIGHT="67" WIDTH="17" VPOS="3808" HPOS="1602"/>
</TextLine>
<TextLine HEIGHT="143" WIDTH="2000" VPOS="3881" HPOS="124" CS="1">
<String CONTENT="Encyclical" HEIGHT="68" WIDTH="328" VPOS="3882" HPOS="192"/>
<SP HEIGHT="51" WIDTH="30" VPOS="3883" HPOS="521"/>
<String CONTENT="letter" HEIGHT="53" WIDTH="165" VPOS="3883" HPOS="552"/>
<SP HEIGHT="35" WIDTH="30" VPOS="3901" HPOS="718"/>
<String CONTENT="of" HEIGHT="53" WIDTH="65" VPOS="3883" HPOS="749"/>
<SP HEIGHT="52" WIDTH="28" VPOS="3883" HPOS="815"/>
<String CONTENT="His" HEIGHT="52" WIDTH="113" VPOS="3883" HPOS="844"/>
<SP HEIGHT="52" WIDTH="28" VPOS="3883" HPOS="958"/>
<String CONTENT="Holiness," HEIGHT="68" WIDTH="288" VPOS="3881" HPOS="987"/>
<SP HEIGHT="66" WIDTH="30" VPOS="3883" HPOS="1276"/>
<String CONTENT="Pius" HEIGHT="54" WIDTH="140" VPOS="3882" HPOS="1307"/>
<SP HEIGHT="36" WIDTH="29" VPOS="3900" HPOS="1448"/>
<String CS="1" CONTENT="XI," HEIGHT="24" WIDTH="11" VPOS="3927" HPOS="1550"/>
<SP HEIGHT="67" WIDTH="29" VPOS="3884" HPOS="1562"/>
<String CONTENT="by" HEIGHT="68" WIDTH="75" VPOS="3884" HPOS="1592"/>
<SP HEIGHT="68" WIDTH="30" VPOS="3884" HPOS="1668"/>
<String CONTENT="Divine" HEIGHT="57" WIDTH="212" VPOS="3883" HPOS="1699"/>
<SP HEIGHT="53" WIDTH="30" VPOS="3887" HPOS="1912"/>
<String CONTENT="Providence." HEIGHT="127" WIDTH="1974" VPOS="3887" HPOS="124"/>
<SP HEIGHT="44" WIDTH="38" VPOS="3980" HPOS="333"/>
<String CONTENT="pope," HEIGHT="45" WIDTH="163" VPOS="3979" HPOS="372"/>
<SP HEIGHT="57" WIDTH="33" VPOS="3967" HPOS="536"/>
<String CONTENT="to" HEIGHT="46" WIDTH="58" VPOS="3967" HPOS="570"/>
<SP HEIGHT="49" WIDTH="36" VPOS="3964" HPOS="629"/>
<String CONTENT="the" HEIGHT="52" WIDTH="95" VPOS="3961" HPOS="666"/>
<SP HEIGHT="34" WIDTH="35" VPOS="3979" HPOS="762"/>
<String CONTENT="venerable" HEIGHT="52" WIDTH="297" VPOS="3960" HPOS="798"/>
<SP HEIGHT="53" WIDTH="35" VPOS="3959" HPOS="1096"/>
<String CONTENT="brethren," HEIGHT="65" WIDTH="285" VPOS="3959" HPOS="1132"/>
<SP HEIGHT="45" WIDTH="36" VPOS="3979" HPOS="1418"/>
<String CONTENT="patriarchs," HEIGHT="63" WIDTH="340" VPOS="3961" HPOS="1455"/>
<SP HEIGHT="42" WIDTH="35" VPOS="3982" HPOS="1796"/>
<String CONTENT="primates," HEIGHT="61" WIDTH="292" VPOS="3963" HPOS="1832"/>
</TextLine>
</TextBlock>
</PrintSpace>
</Page>
</Layout>
</alto>