2484 4405
1063 4107 134 50 1545

128 463 328 65 Anderson,
490 463 191 52 Hurst
716 459 240 57 Robins.

199 530 1925 77 Practical speaking [by] Hurst It. Anderson … Meadville,
129 616 115 67 Pa.,
275 615 61 52 F.
371 613 65 55 O.
471 616 45 49 &
544 614 77 51 M.
653 613 79 52 M.
763 612 177 69 Dean,
970 613 248 68 printers
1254 647 12 35 [
1272 620 18 22 c
1296 615 132 49 1933
1434 646 13 34 ]

196 685 86 42 326
316 697 43 38 p.
423 685 178 48 diagrs.
663 684 56 40 23½cm.

197 742 349 49 Bibliography
578 745 53 37 at
660 743 93 39 end
785 742 53 40 of
869 744 120 38 each
1021 742 218 47 chapter.

474 797 707 48 CONTENTS.—Introduction.—Syllabus
1228 799 79 40 for
1354 799 273 41 discussion
1675 801 50 40 of
1773 803 170 47 speech
127 799 1977 112 making.—Material
548 856 78 40 for
662 855 197 42 student
894 854 248 50 speaking.

131 917 51 51 ©
222 920 125 48 Sept.
385 919 67 47 15,
489 918 140 45 1933;
667 917 67 40 2c.
772 916 100 41 Oct.
909 917 53 44 4;
1002 914 81 41 aff.
1123 917 102 40 Oct.
1262 917 81 46 28;
1384 916 39 38 A
1459 915 170 48 65868;
1672 917 59 42 H.
1771 919 54 38 R.
1862 919 266 47 Anderson,

197 975 272 48 Meadville,
495 975 82 39 Pa.
652 972 278 50 (33-32547)

134 1080 180 67 [Best,
346 1081 137 51 Mrs.
518 1077 207 52 Aliena
757 1073 400 69 (Cbamplin)]

201 1156 120 55 The
355 1156 224 66 winged
615 1153 113 68 girl
763 1152 63 54 of
859 1153 273 67 Knossos,
1167 1154 74 66 by
1276 1154 177 53 Erick
1488 1157 184 65 Berry
1731 1158 213 65 [pseud.]
1986 1157 136 53 with

130 1233 377 55 illustrations
531 1233 37 52 by
630 1233 97 52 the
751 1231 223 54 author.
1049 1232 141 51 New
1217 1232 180 69 York,
1423 1234 258 67 London,
1708 1235 73 53 D.
1807 1235 291 67 Appleton

130 1312 254 68 Century
415 1329 296 49 company,
744 1309 417 68 incorporated,
1194 1313 149 51 1933.

204 1384 102 49 xiii,
334 1384 84 41 253
445 1395 41 37 p.
513 1384 109 39 incl.
649 1383 164 47 front.,
839 1382 127 41 illus.
1027 1382 56 39 21½cm.

201 1443 140 49 Maps
366 1454 62 29 on
451 1440 363 50 lining-papers.

202 1499 162 41 “First
390 1497 259 50 printing.”

131 1554 50 52 ©
213 1558 118 41 Nov.
361 1559 39 45 1,
431 1556 113 40 1983;
604 1556 65 39 2C.
702 1555 118 41 Nov.
851 1555 53 43 4;
939 1553 80 41 aff.
1052 1555 119 40 Nov.
1203 1554 52 48 6;
1290 1555 39 38 A
1362 1555 169 47 66923;
1566 1558 56 37 D.
1654 1557 477 50 Appleton-Century

201 1625 82 36 co.,
312 1614 91 40 inc.
473 1611 280 50 (33-32924)

128 1716 160 64 Bird,
317 1716 272 56 Zenobia.

131 1790 1966 155 Under whose wings, by Zenobia Bird … New York, London [etc.]
448 1872 265 67 Fleming
739 1872 76 54 H.
845 1872 197 53 Revell
1072 1889 280 51 company
1386 1907 12 33 [
1404 1879 18 21 c
1427 1877 151 64 1933]

205 1942 648 54 5 p. l., [5]-287 p. 19½cm.
132 1999 50 53 ©
211 2004 117 42 Nov.
355 2004 39 46 8,
421 2002 141 43 1983;
592 2003 65 39 2c.
687 2003 95 40 and
810 2001 81 41 aff.
919 2002 118 41 Nov.
1066 2002 82 47 14;
1179 2001 40 40 A
1247 2002 170 48 67088;
1450 2003 223 50 Fleming
1698 2004 58 42 H.
1788 2006 145 41 Revell
1983 2018 68 31 co.

209 2058 279 52 (33-32916)

129 2163 440 65 Brunngraber,
604 2162 240 58 Rudolf.

258 2235 1867 78 … Karl and the twentieth century; translated by Eden
127 2319 112 52 and
272 2318 184 56 Cedar
486 2318 163 52 Paul.
725 2317 139 54 New
895 2317 178 67 York,
1102 2318 90 53 W.
1223 2317 251 55 Morrow
1504 2322 113 51 and
1647 2340 298 51 company,
1979 2328 149 49 1933.

198 2390 590 53 5 p. l., 3-312 p. 21cm.
133 2446 50 52 ©
215 2451 117 41 Nov.
365 2450 38 47 8,
434 2449 140 47 1933;
608 2448 67 41 2c.
707 2449 96 40 and
835 2448 80 41 aff.
947 2449 118 40 Nov.
1098 2448 83 47 10;
1215 2448 41 41 A
1287 2450 169 48 66981;
1492 2452 217 41 William
1742 2456 209 40 Morrow
1984 2458 35 39 &
2049 2468 83 37 co.,

201 2507 91 41 inc.
362 2506 281 50 (33-32587)

131 2595 314 66 Chamson,
480 2596 218 65 André,
734 2600 172 51 1900-

196 2673 122 55 The
349 2671 298 54 mountain
680 2678 218 62 tavern,
930 2672 78 69 by
1039 2673 171 53 André
1275 2675 315 70 Chamson;
1625 2680 316 56 translated
1979 2683 150 54 from

128 2754 94 52 the
263 2751 222 54 French
523 2751 75 69 by
640 2750 210 54 Edwin
890 2750 347 70 Granberry.
1314 2754 138 52 New
1493 2756 180 68 York,
1712 2758 77 54 H.
1829 2760 146 54 Holt
2017 2764 110 53 and

128 2848 277 52 company
447 2863 12 33 [
464 2836 18 21 c
487 2832 133 50 1933
626 2863 12 33 ]

198 2900 916 55 3 p. l., 3-251 p. illus. (map) 19½cm.
200 2961 162 41 “First
395 2960 259 50 printing.”

134 3016 50 52 ©
211 3020 101 42 Oct
335 3020 70 40 26.
431 3019 140 45 1933;
598 3019 64 38 2c.
692 3017 102 42 Oct.
820 3018 82 45 26;
931 3017 80 40 aff.
1039 3019 118 40 Nov.
1182 3019 55 47 4;
1265 3020 40 39 A
1332 3020 169 49 68005;
1531 3024 169 49 Henry
1728 3026 118 41 Holt
1871 3030 36 39 &
1933 3041 81 37 co.,
2041 3031 90 42 inc.

210 3075 280 51 (33-32588)

133 3165 306 67 Chipman,
470 3167 145 52 Bert
645 3165 186 55 Jesse.

199 3243 164 69 “Hey
390 3242 212 68 Rube”,
629 3241 73 68 by
728 3240 139 53 Bert
890 3241 54 53 J.
975 3239 315 71 Chipman;
1318 3245 189 54 edited
1533 3247 73 69 by
1634 3249 197 72 Harry
1858 3254 66 52 B.
135 3252 1969 128 Chipman.

367 3318 377 70 [Hollywood,
793 3318 193 70 Calif.,
1033 3319 239 56 Printed
1318 3322 73 70 by
1439 3324 94 53 the
1579 3327 343 71 Hollywood
1972 3335 158 67 print

133 3400 157 68 shop]
332 3402 148 48 1933.

200 3469 85 42 203
315 3482 42 38 p.
389 3470 109 40 incl.
530 3469 163 46 front.,
726 3467 141 48 illus.,
898 3470 170 46 plates,
1101 3471 148 47 ports.
1308 3472 56 40 23½cm.

137 3527 51 52 ©
220 3532 102 41 Oct.
353 3530 68 47 20,
454 3529 139 46 1933;
626 3529 66 39 2c.
725 3527 117 41 Nov.
875 3528 53 46 2;
962 3527 81 40 aff.
1076 3529 121 40 Nov.
1228 3530 52 46 1;
1316 3532 38 38 A
1387 3533 170 48 65932;
1592 3537 54 39 B.
1678 3539 45 40 J.
1757 3541 251 50 Chipman.
2040 3549 93 39 Los

201 3587 218 48 Angeles.
493 3583 281 52 (33-32541)

136 3674 360 64 Clemensen,
524 3674 137 52 Mrs.
688 3670 192 57 Jessie
914 3670 349 69 (Williams)
1302 3681 170 51 1901-

208 3753 186 69 Study
437 3752 242 54 outlines
723 3751 61 53 in
827 3749 257 70 physics;
1132 3753 386 58 construction
1562 3764 113 52 and
1719 3770 407 65 experimental

136 3826 1993 83 evaluation, by Jessie Williams Clemensen … Published with
138 3912 94 51 the
261 3909 278 69 approval
571 3906 64 55 of
664 3905 302 57 Professor
998 3908 56 55 S.
1088 3909 68 53 R.
1188 3911 246 69 Powers,
1466 3933 253 50 sponsor.
1795 3925 140 58 New
1970 3932 161 55 York

138 3988 132 67 city,
302 3987 277 53 Teachers
611 3986 226 67 college,
873 3986 301 54 Columbia
1206 3987 335 74 university,
1575 4000 150 55 1933.
