2582 4453
1398 4110 29 49 1660

431 424 266 65 Nezelof,
726 422 222 58 Pierre.

563 500 1884 70 … La vie joyeuse et tragique de Marie-Antoinette. Paris,
428 579 71 53 A.
529 578 214 55 Michel
778 582 173 65 [1933]

500 650 1429 50 506 p., 1 l. incl. front., plates, ports., facsim. 21 ½ cm.
432 706 1791 54 © June 19, 1933; 1c. Sept. 13; A- Foreign 22104; Albin Michel.
510 782 283 48 (33-35425)

428 886 260 66 Nordell,
718 886 178 55 Julia.

501 965 178 53 Little
721 963 156 56 faces
917 963 154 55 from
1112 963 95 55 far
1247 966 206 67 places,
1492 965 77 68 by
1610 965 161 54 Julia
1811 966 259 67 Nordell,
2109 966 141 53 with

430 966 1995 131 illustrations
706 1042 76 69 by
812 1043 97 53 the
941 1043 225 53 author.
1236 1043 140 54 New
1409 1044 183 67 York,
1623 1042 234 56 Grosset
1891 1046 50 51 &
1975 1044 237 69 Dunlap
2326 1047 119 64 [c1933]

498 1116 70 47 76,
619 1117 56 50 [2]
722 1127 43 38 p.
827 1118 88 39 col.
961 1116 130 42 illus.
1152 1116 118 42 30cm.

502 1173 292 41 Illustrated
829 1176 99 45 t.-p.
961 1175 98 39 and
1093 1172 353 50 lining-papers
1482 1172 50 41 in
1566 1174 170 41 colors.

501 1230 120 42 Part
660 1230 52 41 of
749 1230 83 42 the
871 1230 333 42 illustrations
1243 1240 85 31 are
1365 1240 154 39 paper
1554 1230 124 42 dolls
1718 1229 120 43 with
1879 1233 243 39 costumes
2161 1230 51 42 of
2251 1231 197 41 various

432 1287 153 49 lands,
620 1290 48 38 to
699 1288 58 40 be
790 1291 83 38 cut
904 1289 97 39 out.

430 1353 52 53 ©
512 1359 119 41 Nov.
660 1359 69 47 24,
760 1359 143 47 1933;
934 1359 67 40 2c.
1034 1361 96 38 and
1161 1359 81 40 aff.
1274 1359 119 41 Nov.
1422 1360 84 46 28;
1540 1360 40 38 A
1611 1358 171 47 67273;
1818 1359 205 40 Grosset
2049 1359 38 40 &
2116 1359 209 46 Dunlap,
2357 1359 92 40 inc.,

508 1416 282 49 (33-34962)

429 1517 254 69 Nuzum,
716 1521 287 53 Franklin
1033 1519 313 67 Richards,
1379 1523 174 51 1888-

499 1597 121 53 The
662 1615 145 51 span
848 1596 65 54 of
953 1596 125 70 life,
1120 1616 59 35 as
1223 1597 318 54 influenced
1586 1598 74 69 by
1703 1598 96 53 the
1843 1598 183 69 heart,
2068 1598 95 53 the
2205 1596 244 70 kidneys

427 1675 2020 71 and the blood vessels, by Franklin R. Nuzum … Springfield,
427 1752 114 71 Ill.,
569 1754 338 69 Baltimore,
935 1754 140 69 Md.,
1106 1752 62 57 C.
1200 1753 62 57 C.
1291 1755 270 67 Thomas,
1591 1756 153 52 1933.

501 1826 1152 51 ix p., 1 l., 108 p., 1 l. illus., diagrs. 24cm.
499 1884 40 38 A
570 1895 250 38 summary
852 1884 51 41 of
933 1885 209 41 lectures
1175 1886 142 47 given
1349 1887 50 39 at
1433 1886 83 40 the
1550 1883 152 43 Santa
1736 1885 224 40 Barbara
1994 1886 193 46 cottage
2220 1885 229 48 hospital.

429 1942 60 46 cf.
522 1942 186 41 Introd.

429 2009 52 52 ©
507 2014 119 47 Aug.
652 2013 69 42 30.
750 2014 141 40 1933:
920 2015 68 40 2c.
1015 2014 119 40 Nov.
1161 2014 58 40 17;
1274 2012 82 42 aff.
1383 2015 119 39 Nov.
1531 2013 81 49 16;
1643 2015 41 39 A
1710 2015 170 46 67186;
1912 2015 203 41 Charles
2144 2015 50 40 C.
2222 2015 226 40 Thomas.

507 2071 282 50 (33-35410)

427 2178 215 63 Olcott,
673 2180 262 53 Frances
961 2178 271 57 Jenkins.

496 2256 119 55 Go!
652 2257 355 68 Champions
1039 2257 64 53 of
1132 2257 197 69 Light,
1358 2258 77 67 by
1466 2260 248 51 Frances
1746 2258 244 55 Jenkins
2025 2258 223 64 Olcott;

424 2258 1993 133 illustrated
643 2336 77 68 by
747 2337 237 68 Dugald
1018 2336 250 56 Stewart
1296 2337 253 55 Walker.
1627 2338 139 52 New
1800 2338 163 52 York
2000 2343 138 62 [etc.]
2175 2336 267 68 Fleming

427 2414 821 70 H. Revell company [ c 1933]
498 2488 88 41 226
613 2498 42 38 p.
683 2489 111 40 incl.
821 2489 165 48 front.,
1017 2490 129 40 illus.
1207 2489 118 41 21cm.

498 2546 291 41 Illustrated
824 2546 367 50 lining-papers.

500 2604 171 41 “Some
705 2605 53 40 of
789 2606 84 39 the
904 2606 296 39 authorities
1233 2604 281 41 consulted”:
1577 2615 43 38 p.
1656 2604 144 39 11-12;
1865 2604 190 39 “Books
2090 2605 48 38 to
2175 2604 113 39 read
2324 2602 118 41 with

428 2662 137 40 these
593 2662 205 41 stories”:
857 2674 42 37 p.
928 2662 218 41 213-220.

429 2729 51 53 ©
510 2735 119 40 Nov.
660 2734 38 47 8,
729 2734 118 41 1933;
903 2735 68 41 2c.
1002 2736 97 38 and
1129 2734 82 40 aff.
1243 2735 120 40 Nov.
1393 2735 82 46 14;
1508 2734 42 39 A
1580 2733 170 42 67091;
1787 2734 51 40 F.
1869 2733 42 39 J.
1945 2732 175 47 Olcott,
2152 2732 121 39 New
2300 2731 145 39 York.

506 2791 283 50 (33-34983)

426 2896 179 65 Page,
636 2896 249 65 Stanley
911 2896 176 57 Hart.

500 2973 239 53 Murder
787 2974 122 54 flies
956 2975 95 53 the
1102 2974 281 66 Atlantic,
1430 2974 75 68 by
1557 2973 238 69 Stanley
1845 2973 153 53 Hart
2049 2973 173 68 Page.
2307 2972 135 52 New

427 3051 182 69 York,
639 3053 73 53 A.
743 3053 77 53 H.
853 3053 164 69 King
1129 3056 119 64 [c1933]

497 3124 85 42 279
618 3137 42 38 p.
724 3125 145 43 19½cm.

429 3193 54 53 ©
511 3199 111 39 Dec.
681 3229 8 16 1,
718 3196 114 42 1933;
890 3198 67 40 2c.
987 3199 96 39 and
1111 3197 83 41 aff.
1223 3199 112 39 Dec.
1364 3199 26 38 2;
1450 3198 43 38 A
1519 3197 144 40 68362;
1721 3197 173 40 Alfred
1924 3198 61 40 H.
2014 3197 144 48 King,
2189 3197 91 40 inc.

511 3255 281 48 (33-35484)

426 3360 256 64 Pappus,
716 3360 63 66 of
809 3360 375 54 Alexandria.

557 3435 1723 70 … La collection mathématique; œuvre traduite pour la
426 3452 1989 132 première fois du grec en français par Paul Ver Eecke …
427 3589 270 73 Ouvrage
725 3592 195 69 publié
947 3611 129 36 sous
1105 3595 79 52 les
1213 3593 255 69 auspices
1500 3594 67 52 de
1595 3594 54 52 la
1680 3592 328 54 Fondation
2040 3590 401 55 universitaire

425 3669 68 54 de
529 3671 292 69 Belgique.
890 3672 187 54 Paris.
1111 3672 242 70 Bruges,
1385 3672 250 66 Desclée,
1670 3672 68 53 de
1773 3672 277 52 Brouwer
2083 3677 54 47 et
2171 3689 83 49 cie,
2323 3671 117 51 1933.

498 3744 725 50 2 v. illus., diagrs. 28 ½ cm.
498 3803 60 40 At
586 3804 121 38 head
739 3802 54 40 of
819 3803 134 40 title:
986 3802 196 49 Pappus
1211 3801 359 42 d’Alexandrie.

499 3856 1940 53 Paged continuously; v. 1, 2 p. l., [Vii]-cxxvi p., 1 l., 364 p.; v. 2,
443 3912 222 44 [365]-883
693 3925 58 38 p.,
780 3917 24 38 1
856 3948 8 8 l.

430 3983 2014 52 © July 3. 1933; 1c. each Sept. 21; A-Foreign 22196: Desclée. de
499 4046 234 38 Brouwer
760 4045 34 40 &
822 4045 84 40 cie.
979 4045 282 48 (33-35673)
