2575 4405
1096 4074 65 50 61

117 411 208 67 Lewis,
353 412 155 55 John
536 410 276 65 Thomas,
844 411 171 54 1876-

182 491 121 52 The
326 489 156 53 voice
505 486 65 55 of
588 488 96 53 the
706 486 261 70 pioneers
989 504 72 35 on
1084 485 405 54 instrumental
1510 484 180 54 music
1713 485 115 53 and
1849 484 275 54 societies,

114 562 1984 152 by John T. Lewis … Nashville, Tenn., Gospel avocate [!] company, 1932.
190 718 86 40 184
305 728 43 38 p.
410 718 148 39 front.
589 716 170 49 (port.)
829 714 57 41 23
889 717 44 22 cm
937 746 11 10 .

189 775 101 39 “An
318 784 191 30 answer
536 775 49 38 to
615 774 81 39 the
727 772 250 47 challenge
1006 772 141 40 made
1175 770 64 48 by
1268 772 83 40 the
1382 772 247 47 secretary
1659 771 53 40 of
1741 771 82 41 the
1853 770 273 41 Tennessee

115 831 251 41 Christian
399 830 293 46 missionary
727 828 183 48 society
960 828 63 40 [M.
1056 828 58 40 D.
1149 826 168 51 Clubb]
1358 858 48 10 …
1459 837 76 41 [on]
1571 827 296 48 missionary
1900 827 224 41 societies

115 890 96 38 and
237 887 298 40 mechanical
561 885 154 41 music
743 886 51 39 in
821 886 81 39 the
930 883 212 49 worship
1171 884 53 40 of
1248 883 344 42 God.”—Pref.

188 943 270 48 Originally
483 942 255 49 published
765 942 50 39 in
841 953 28 29 a
895 941 150 41 series
1072 940 53 41 of
1148 940 200 41 articles
1370 940 51 40 in
1445 942 83 39 the
1554 940 206 48 “Gospel
1786 939 342 42 advocate.”—

118 1001 183 41 Introd.

121 1056 51 52 ©
205 1061 109 39 Jan.
345 1060 40 48 4,
416 1057 141 49 1933;
590 1058 66 41 2c.
691 1059 108 38 Jan.
834 1057 55 40 10;
951 1056 82 42 aff.
1067 1057 110 41 Jan.
1209 1055 53 49 9;
1296 1058 41 38 A
1370 1057 171 47 58784;
1579 1057 175 48 Gospel
1788 1057 238 40 advocate
2057 1067 67 30 co.

199 1115 250 51 (33-2725)

117 1221 292 63 Logsdon,
441 1221 237 62 Mayme
709 1220 198 53 Irwin.

189 1298 369 67 Elementary
591 1296 430 54 mathematical
1056 1296 268 69 analysis,
1357 1297 76 66 by
1466 1299 230 66 Mayme
1732 1296 182 53 Irwin
119 1298 1980 131 Logsdon
284 1421 55 8 …

419 1377 242 53 Volume
757 1417 8 8 II.
848 1379 83 49 1st
978 1375 86 52 ed.
1138 1377 139 53 New
1327 1376 162 53 York
1538 1376 113 54 and
1696 1377 260 67 London,
118 1378 1981 132 McGraw-Hill
479 1455 147 53 book

656 1472 299 50 company,
986 1455 125 67 inc.,
1146 1456 150 52 1933.

188 1531 65 46 ix,
282 1530 86 40 188
394 1540 42 37 p.
496 1529 179 48 diagrs.
733 1529 54 39 23½
822 1531 43 21 cm
872 1561 8 8 .

123 1583 51 52 ©
205 1587 109 40 Jan.
345 1587 68 47 11,
444 1585 140 48 1933;
617 1586 67 40 2c.
715 1586 97 39 Jan
856 1585 81 47 16;
972 1585 52 39 aff.
1085 1586 96 39 Jan
1226 1585 81 47 13;
1342 1586 41 38 A
1413 1584 171 48 57956;
1619 1585 355 41 McGraw-Hill
2004 1586 124 40 book

190 1653 80 39 co.,
299 1643 91 41 inc.

118 1748 217 66 Lyons,
364 1748 184 55 Ruth.

189 1824 174 53 Hotel
412 1823 154 69 wife,
615 1823 74 69 by
736 1823 161 53 Ruth
946 1823 205 69 Lyons.
1237 1823 137 53 New
1426 1823 179 69 York,
1653 1824 122 55 The
1822 1823 304 70 Macaulay

120 1904 504 66 company [ c 1933 ]
187 1973 85 41 248
301 1984 42 37 p.
398 1973 56 40 19½
487 1975 43 21 cm
535 2005 8 8 .

124 2029 51 52 ©
205 2034 109 39 Jan.
343 2033 68 48 19,
441 2032 140 48 1933;
612 2033 67 40 2c.
709 2033 109 39 Jan.
848 2032 82 48 28;
963 2032 81 41 aff.
1075 2033 110 40 Jan.
1214 2033 82 48 31;
1328 2035 41 38 A
1398 2033 170 48 60106;
1603 2035 260 48 Macaulay
1892 2044 68 32 co.

201 2089 251 48 (33-2631)

120 2192 357 67 Mackenzie,
511 2195 309 63 Compton,
855 2199 172 49 1882-

189 2272 207 53 Prince
429 2272 233 56 Charlie
702 2272 96 69 (de
831 2272 126 69 jure
989 2272 236 56 Charles
1255 2291 89 52 in,
1373 2274 144 69 king
1548 2273 65 55 of
1644 2274 293 71 Scotland,
118 2277 1986 142 England,

305 2353 236 66 France,
575 2352 113 53 and
719 2352 264 68 Ireland)
1025 2352 76 68 by
1134 2353 287 68 Compton
1452 2355 331 53 Mackenzie
1820 2399 57 10 …
120 2356 1984 142 [London]
283 2432 65 53 P.

377 2429 229 69 Davies,
634 2429 241 69 limited,
905 2434 151 51 1932.

190 2503 85 40 167
305 2514 43 37 p.
407 2503 137 40 front.
585 2501 174 50 (port.)
828 2503 56 41 19½
916 2506 44 20 cm
965 2535 8 9 .

193 2560 162 40 “First
382 2560 256 48 published
666 2561 50 39 in
745 2561 206 40 October
980 2560 158 41 1932.”

192 2617 376 48 Bibliography:
601 2629 44 37 p.
674 2617 218 42 157-162.

127 2671 2001 58 © 1c. Dec. 27, 1932; A ad int. 17340; pubd. Oct. 27; D. Appleton & co.,
193 2733 117 39 New
338 2733 143 39 York.
555 2731 251 49 (33-2749)

123 2831 336 58 Minnesota
503 2836 113 52 and
659 2836 188 53 North
890 2842 240 47 western
1173 2837 204 69 digest,
1418 2839 270 70 covering
1731 2841 77 52 all
1850 2860 150 36 cases

192 2860 1911 120 reported
423 2913 61 52 in
511 2914 326 53 Minnesota
865 2921 241 63 reports,
1133 2918 187 52 North
1350 2923 242 47 western
1618 2924 258 63 reporter
1906 2920 113 53 and
2048 2921 78 52 all

193 2991 65 53 of
289 2993 96 52 the
417 2995 171 50 north
623 2998 240 50 western
897 3000 172 49 states
1106 3002 222 62 reports
1364 2996 155 54 from
1552 3000 98 50 the
1681 2999 228 53 earliest
1943 3000 183 70 times,

194 3070 140 53 with
370 3078 230 47 current
635 3074 345 52 cumulative
1017 3075 205 67 pocket
1256 3075 212 54 service
1504 3077 247 69 keeping
1785 3078 117 54 this
1941 3078 190 70 digest

196 3151 211 66 always
440 3155 59 48 to
533 3152 130 51 date
702 3194 55 9 …
840 3151 301 69 Compiled
1177 3153 112 53 and
1323 3155 191 52 edited
1547 3156 75 67 by
1655 3158 97 51 the
1785 3158 342 67 publisher’s

193 3227 268 53 editorial
510 3226 151 55 staff,
735 3248 50 33 v.
840 3234 185 49 18-20.
1105 3232 81 54 St.
1237 3234 166 66 Paul,
1450 3235 161 54 West
1659 3236 339 71 publishing
2045 3257 81 35 co.

199 3340 13 33 [
218 3312 18 21 c
240 3309 152 64 1932]

191 3381 25 39 3
249 3391 43 30 v.
351 3381 55 40 26
410 3384 44 20 cm
460 3414 7 7 .

530 3448 46 29 CONTENTS.—v.
611 3437 72 41 18.
715 3438 798 45 Garnishment-Homestead.—v.
1550 3442 74 43 19.
127 3444 1986 89 Homicide-Inspection.—v.
381 3492 73 41 20.
484 3495 278 41 Insurance.

130 3544 51 52 ©
214 3550 111 40 Dec.
356 3550 69 48 23,
457 3550 140 47 1932;
631 3552 67 39 2c.
729 3552 119 39 each
880 3553 109 40 Jan.
1024 3554 68 47 11,
1126 3552 140 49 1933;
1302 3554 108 42 affs.
1444 3555 110 42 Jan.
1588 3557 81 47 12;
1706 3559 41 38 A
1778 3558 351 51 58854-58856;

197 3606 135 40 West
360 3608 109 46 pub.
499 3617 67 30 co.

126 3705 313 56 Nebraska
486 3710 113 51 and
643 3711 188 52 North
877 3718 240 47 western
1162 3712 203 70 digest,
1409 3717 267 69 covering
1723 3720 77 51 all
1845 3738 151 34 cases
197 3738 1904 114 reported

431 3787 60 52 in
523 3789 295 53 Nebraska
849 3795 238 63 reports,
1120 3793 187 54 North
1341 3799 239 49 western
1611 3802 258 62 reporter
1903 3797 113 53 and
2048 3799 79 52 all

198 3863 62 52 of
295 3865 94 51 the
423 3868 170 50 north
629 3871 240 49 western
901 3873 173 48 states
1109 3876 221 62 reports
1366 3871 154 53 from
1553 3874 98 52 the
1682 3876 229 53 earliest
1941 3876 183 69 times,

198 3941 140 53 with
380 3951 199 47 curent
618 3947 345 53 cumulative
1002 3948 205 67 pocket
1246 3951 210 53 service
1495 3952 247 70 keeping
1781 3955 116 53 this
1939 3955 189 69 digest
