2597 4403
1366 4093 102 54 278

469 499 1947 69 hrsg. von L. Asher … und K. Spiro … Mit 205 abbildungen.
470 578 306 67 München,
806 580 56 54 J.
891 580 65 50 F.
989 579 349 67 Bergmann,
1371 580 152 52 1931.

475 653 85 48 xii,
590 652 115 41 1008
732 663 44 37 p.
834 652 143 45 illus.,
1008 651 171 48 tables,
1210 651 181 47 diagrs.
1448 651 56 41 26
1508 654 45 22 cm
1557 683 8 8 .

477 710 237 41 Contains
742 708 395 49 bibliographies.

408 776 52 53 ©
492 780 102 41 Oct.
625 780 69 48 26,
726 780 141 40 1931:
931 790 36 29 1c.
1000 779 111 40 Jan.
1142 777 69 49 19,
1242 777 142 43 1932:
1418 779 103 39 A-
1521 779 208 50 Foreign
1761 779 172 49 20120;
1968 782 43 41 J.
2045 780 51 41 F.
2130 782 291 46 Bergmann.

407 898 177 65 Ezell,
613 899 195 63 Boyce
841 897 245 64 Fowler,
1120 902 172 49 1886-

473 976 123 53 The
636 975 404 69 development
1077 973 65 55 of
1180 974 315 69 secondary
1534 970 303 55 education
1876 970 60 53 in
1978 968 260 71 Florida,
2278 968 145 54 with

403 1054 213 69 special
657 1052 290 55 reference
988 1059 58 48 to
1087 1053 96 53 the
1225 1051 195 70 public
1462 1050 174 53 white
1675 1048 144 71 high
1861 1048 212 70 school,
2112 1048 77 70 by
2232 1049 191 69 Boyce

405 1130 1205 70 Fowler Ezell … DeLand, Fla., 1932.
472 1206 86 48 xii,
585 1206 88 39 144
697 1216 45 38 p.
802 1205 57 40 22½
893 1207 44 22 cm
942 1237 8 9 .

477 1263 137 41 “List
639 1262 52 41 of
717 1261 332 42 references”:
1078 1272 44 38 p.
1151 1260 219 41 142-144.

410 1331 2015 53 © Dec. 13, 1932: 2c. Feb. 11, 1933; aff. Mar. 6; A 59790; B. F. Ezell, De
478 1394 152 47 Land,
660 1394 102 40 Fla.
830 1391 253 51 (33-6329)

408 1509 253 67 Folwell,
687 1511 258 55 William
974 1512 220 62 Watts,
1226 1515 328 51 1833-1929.

474 1588 267 55 William
775 1588 196 54 Watts
1009 1587 270 68 Folwell;
1322 1587 96 53 the
1458 1585 467 70 autobiography
1966 1585 115 53 and
2121 1585 196 53 letters
2360 1583 66 56 of

406 1688 31 34 a
473 1667 234 69 pioneer
742 1666 66 54 of
843 1667 238 67 culture,
1117 1665 192 55 edited
1344 1665 77 70 by
1459 1663 178 57 Solon
1672 1664 57 56 J.
1765 1663 181 54 Buck.
2017 1662 409 70 Minneapolis,

406 1746 122 54 The
554 1745 342 70 University
924 1744 66 54 of
1016 1744 329 54 Minnesota
1373 1761 178 52 press,
1580 1746 152 51 1933.

478 1817 1106 50 7 p. l., 287 p. front., plates, ports. 24 cm .
481 1875 319 43 “Centennial
829 1875 232 42 edition.”

412 1945 1998 110 © Feb. 14, 1933; 2c Mar. 6; aff. Mar. 2; A 59788; University of Minnesota, Minneapolis. (33-6326)
410 2124 318 67 Fosbroke,
762 2124 215 56 Gerald
1009 2125 197 64 Elton,
1239 2126 172 54 1876-

479 2202 315 56 Character
829 2202 242 70 reading
1104 2203 256 69 through
1396 2204 252 66 analysis
1684 2203 63 53 of
1783 2203 96 54 the
1916 2202 271 54 features.
410 2201 1991 148 Complete
591 2299 116 35 rev.
739 2282 114 53 and
886 2283 108 53 enl.
1026 2282 86 53 ed.
1179 2282 55 52 A
1267 2283 174 67 study
1473 2282 64 54 of
1568 2282 97 53 the
1696 2281 419 69 physiological
2148 2281 113 53 and
410 2300 1990 129 psychological
763 2361 283 53 reactions
1083 2361 63 53 of
1180 2361 97 53 the
1310 2361 154 67 body
1500 2361 114 53 and
1649 2360 161 53 mind
1844 2378 157 50 upon
2036 2360 97 54 the
2170 2360 144 68 face,
2349 2360 77 68 by

410 2437 216 55 Gerald
682 2439 179 53 Elton
919 2439 320 67 Fosbroke;
1300 2439 141 53 with
1495 2438 278 67 fifty-two
1829 2439 384 54 illustrations
2271 2439 155 54 from

410 2515 250 70 original
694 2517 292 65 drawings
1016 2518 77 63 by
1124 2516 138 56 Carl
1294 2517 243 53 Bohnen
1569 2517 302 54 contained
1903 2517 60 53 in
1993 2518 96 53 the
2120 2517 127 55 first
2278 2517 148 55 book

412 2595 113 52 and
566 2600 412 61 twenty-seven
1023 2595 323 53 additional
1389 2596 402 53 illustrations.
1867 2596 141 52 New
2052 2596 181 66 York,
411 2597 1990 143 London,
571 2673 69 55 G.
669 2674 66 52 P.
765 2672 299 54 Putnam’s
1093 2692 147 43 sons,
1272 2676 152 50 1933.

485 2744 133 49 xxiv,
651 2744 87 42 348
769 2756 43 39 p.
872 2745 137 42 front.
1053 2745 173 50 (port.)
1268 2745 173 50 plates,
1473 2746 171 50 diagr.,
1673 2746 27 39 2
1731 2746 156 42 forms
1930 2747 50 48 (1
2011 2746 144 50 fold.)
2225 2747 56 42 21
2284 2751 44 22 cm
2333 2780 9 11 .

415 2814 53 52 ©
498 2820 122 38 Mar.
648 2818 39 44 3,
717 2817 141 47 1933;
887 2819 68 40 2c.
984 2818 123 41 Mar.
1136 2818 82 45 33;
1249 2817 82 40 aff.
1363 2819 122 39 Mar.
1514 2818 82 46 11;
1628 2818 41 39 A
1696 2817 172 48 60542;
1901 2818 53 41 G.
1985 2819 52 40 E.
2068 2819 260 49 Fosbroke,
2361 2820 68 41 St.

486 2876 137 40 Paul.
689 2874 253 50 (33-6198)

409 2979 352 66 Fraccaroli,
794 2979 282 66 Arnaldo,
1111 2984 173 50 1883-

543 3057 1883 71 … Splendori e ombre del Paraguay; con 28 illustrazioni.
409 3138 240 67 Milano,
682 3139 200 65 Koma,
913 3137 934 71 Treves-Treccani-Tumminelli,
1881 3141 152 51 1932.

485 3211 1946 52 3 p. l., [3]-200 p., 1 l. plates. 19 cm . (On cover: I libri di viaggio di
415 3271 216 39 Arnaldo
662 3270 306 42 Fraccaroli)

419 3336 2011 53 © Apr. 15, 1932; 1c July 36; A-Foreign 18338; Arnaldo Fraccaroli,
487 3399 198 38 Milano.
751 3398 282 49 (32-23063)

416 3501 298 66 Frankau,
744 3501 248 65 Gilbert,
1022 3508 173 49 1884-

548 3577 1879 65 … The lonely man. New York, E. P. Dutton & co., inc.
419 3689 12 35 [
437 3662 18 22 c
462 3658 151 66 1933]

485 3727 633 48 4 p. l., 13-318 p. 20 cm .
487 3784 64 40 At
576 3785 125 39 head
729 3784 52 40 of
808 3784 136 40 title:
975 3784 40 39 A
1043 3794 225 31 romance
1295 3785 52 40 of
1373 3786 107 40 love
1506 3786 96 40 and
1633 3786 80 40 the
1742 3788 158 39 secret
1926 3786 199 49 service,
2152 3787 62 48 by
2241 3786 189 42 Gilbert

416 3840 247 42 Frankau.

488 3896 164 42 “First
683 3897 229 42 edition.”

422 3969 51 52 ©
502 3974 121 40 Mar.
649 3975 39 42 7,
715 3974 140 41 1933;
883 3975 67 39 2c.
978 3974 93 39 and
1100 3973 82 40 aff.
1211 3974 122 40 Mar.
1359 3973 53 46 9;
1442 3973 38 39 A
1508 3972 169 48 59895;
1710 3974 50 38 E.
1791 3974 48 39 P.
1870 3974 187 39 Dutton
2086 3973 36 40 &
2148 3984 81 35 co.,
2259 3973 89 38 inc.

500 4031 251 47 (33-6259)
