2597 4403
1319 4107 69 50 32

356 432 250 68 Winter,
638 435 250 59 Lumen.

423 525 230 55 Minute
692 526 154 71 epics
884 528 65 54 of
987 528 189 70 flight,
1213 530 75 69 by
1326 532 222 53 Lumen
1584 533 229 55 Winter
1851 536 114 53 and
2004 534 189 55 Glenn
353 535 2007 128 Degner.

547 606 1199 75 New York, Grosset & Dunlap [ c 1933]
426 695 88 41 160
541 707 44 38 p.
646 694 130 42 illus.
837 696 60 40 26
897 697 45 22 cm
947 728 10 9 .

429 767 149 42 Short
604 767 344 50 bibliography
975 768 230 41 included
1232 769 52 40 in
1312 771 83 40 the
1421 770 262 44 foreword.

359 834 53 54 ©
449 840 111 41 Jan.
594 840 41 48 3,
670 839 116 43 1933;
849 839 69 43 2c.
954 842 97 39 and
1085 840 84 42 aff.
1207 842 110 41 Jan.
1353 842 54 49 5;
1443 843 44 40 A
1520 844 173 48 58673;
1731 845 207 44 Grosset
1970 847 36 41 &
2042 848 213 48 Dunlap,
2291 848 94 46 inc.

437 896 255 50 (33-2233)

355 1004 200 65 Wood,
587 1003 231 56 Bertha
846 1005 80 56 M.

427 1094 458 55 Fundamentals
942 1097 65 53 of
1063 1095 291 70 dietetics;
1414 1118 32 35 a
1501 1100 301 54 text-book
1857 1101 95 54 for
2008 1121 199 36 nurses
2267 1105 114 54 and

355 1171 317 71 dietitians,
703 1174 77 69 by
813 1175 220 54 Bertha
1067 1176 82 54 M.
1180 1176 189 56 Wood
1403 1178 114 53 and
1550 1177 193 56 Annie
1776 1180 66 53 L.
1874 1181 225 55 Weeks.
2169 1183 73 53 3d
2275 1183 104 68 ed.,

355 1270 116 35 rev.
554 1252 417 71 Philadelphia
1018 1255 114 53 and
1178 1255 262 69 London,
1483 1257 92 55 W.
1623 1259 68 52 B.
1740 1258 293 57 Saunders
2079 1280 301 52 company,

352 1336 154 51 1932.

428 1417 1415 55 1 p. l., 7-254 p. incl. illus., forms, fold. tab. 20 cm .
427 1491 192 42 “Books
644 1494 50 40 to
720 1494 58 40 be
803 1493 255 42 consulted
1086 1494 51 39 in
1164 1492 217 43 seminar
1406 1494 195 43 work”:
1627 1507 43 38 p.
1694 1494 102 43 248.

355 1563 53 53 ©
437 1567 112 40 Jan.
576 1566 70 47 13,
674 1564 144 49 1933;
846 1564 68 42 2c.
945 1565 111 41 Jan.
1085 1566 83 41 18;
1199 1564 71 42 aff
1275 1597 8 9 .
1312 1566 114 41 Jan.
1453 1567 83 47 17;
1566 1566 44 40 A
1637 1565 172 51 58936;
1841 1569 74 41 W.
1944 1569 56 41 B.
2033 1569 249 43 Saunders
2311 1582 70 33 co.

434 1623 254 50 (33-2388)

349 1735 422 65 Woodthorpe,
801 1734 194 66 Ralph
1028 1735 232 56 Carter.

419 1813 242 54 London
692 1813 50 53 is
773 1830 31 36 a
835 1811 112 54 fine
977 1818 172 63 town,
1182 1832 31 34 a
1243 1811 169 55 novel
1443 1811 76 70 by
1549 1811 70 56 R.
1655 1812 60 54 C.
1750 1812 408 71 Woodthorpe.
349 1813 2006 152 London,
515 1892 48 53 I.
598 1890 315 55 Nicholson
944 1891 48 51 &
1023 1889 259 69 Watson,
1320 1893 154 51 1932.

416 1979 103 49 319,
553 1978 57 51 [1]
640 1990 44 38 p.
740 1977 149 43 19½cm.

353 2050 1823 57 © 1c. Jan. 17, 1933; A ad int. 17383; pubd. Nov. 21, 1932; R. C.
421 2053 1939 112 Woodthorpe,
638 2109 594 50 Caterham-on-the-Hill,
1263 2109 196 51 Surrey,
1486 2112 240 48 England,
1798 2110 253 51 (33-2640)

347 2224 372 66 Yeghenian,
753 2221 319 67 Aghavnie
1102 2222 255 67 Yeghia.

417 2316 123 54 The
578 2315 102 55 red
715 2314 119 71 flag
869 2320 61 50 at
965 2314 239 69 Ararat,
1241 2313 77 72 by
1351 2314 75 55 A.
1465 2314 75 55 Y.
1577 2313 361 73 Yeghenian.
2010 2315 143 55 New
2193 2316 184 71 York,

345 2394 862 69 The Womans press [ c 1932]
415 2479 1501 57 7 p. l., 170 p. front., plates, ports., fold. map. 19½ cm .
416 2556 101 34 “An
554 2556 208 40 account
792 2553 55 41 of
876 2565 90 29 one
999 2552 255 42 traveler’s
1289 2550 697 52 experiences.”—Foreword.

351 2624 52 53 ©
440 2628 112 41 Jan.
587 2628 40 48 6,
663 2626 115 43 1933;
841 2626 69 41 2c.
946 2626 112 40 Jan.
1093 2626 84 48 11;
1215 2625 84 42 aff.
1335 2626 113 41 Jan.
1483 2626 83 48 10;
1604 2626 43 40 A
1681 2626 173 49 58781;
1892 2627 55 40 A.
1984 2627 52 39 Y.
2076 2626 296 51 Yeghenian,

418 2686 119 39 New
563 2684 148 41 York.
782 2683 254 51 (33-2111)

344 2796 235 65 Young,
613 2795 182 66 Clyde
825 2796 251 64 Lyman,
1110 2796 174 55 1877-

415 2888 395 57 Government
843 2887 66 54 of
941 2888 192 54 North
1168 2888 233 54 Dakota
1439 2889 114 53 and
1588 2888 97 53 the
1719 2885 219 72 nation,
1973 2888 77 69 by
2086 2888 184 69 Clyde
2304 2889 65 54 L.

342 2963 2004 158 Young … New York, Cincinnati [etc.] American book company [ c 1933]
414 3134 66 50 xi,
509 3133 101 50 290,
638 3132 216 43 xiii-lxii
881 3145 44 38 p.
955 3134 112 41 incl.
1096 3134 166 48 front.,
1292 3133 130 41 illus.
1483 3132 57 42 19
1543 3136 44 21 cm
1592 3166 10 9 .

415 3205 383 51 Bibliography:
827 3217 45 38 p.
901 3206 101 42 290.

348 3276 53 53 ©
432 3281 113 40 Jan.
578 3280 70 47 14,
680 3278 114 43 1933;
856 3278 68 41 2c.
959 3281 96 40 and
1087 3279 82 41 aff.
1204 3280 112 41 Jan.
1347 3279 84 49 18;
1465 3279 45 40 A
1539 3279 172 49 57985;
1746 3280 162 40 Amer.
1940 3280 126 41 book
2099 3290 68 31 co.

426 3336 255 51 (33-2566)

342 3446 258 66 Zanetti,
631 3445 257 67 Joaquin
920 3446 284 67 Enrique,
1239 3451 174 53 1885-

413 3540 123 53 The
567 3538 368 71 significance
966 3540 66 53 of
1062 3540 286 70 nitrogen,
1381 3540 76 69 by
1489 3540 57 54 J.
1579 3538 258 70 Enrique
1865 3539 227 54 Zanetti
2129 3580 57 10 …
2225 3537 140 57 with

341 3638 75 33 an
458 3618 396 54 introduction
895 3617 76 69 by
1014 3618 243 53 Francis
1300 3620 65 51 P.
1411 3618 238 54 Garvan
1696 3659 58 11 …
1833 3617 141 53 New
2018 3616 181 70 York,
2244 3618 122 52 The

343 3695 295 56 Chemical
674 3693 367 70 foundation,
1077 3693 405 71 incorporated
1523 3729 13 34 [
1545 3698 152 66 1932]

413 3784 105 49 xiii,
553 3785 86 40 101
672 3795 44 38 p.
747 3783 112 42 incl.
893 3784 151 40 front.
1107 3785 172 48 plates,
1313 3785 27 40 2
1373 3795 138 39 maps
1545 3796 61 29 on
1639 3785 26 39 1
1718 3817 8 8 l.
1786 3783 58 41 22½
1876 3786 44 21 cm
1926 3815 10 10 .

414 3855 164 41 “First
606 3854 231 51 printing,
866 3855 144 48 2,000,
1040 3855 159 41 1932.”

414 3912 179 41 “Short
627 3911 340 50 bibliography
1002 3912 52 40 of
1089 3912 160 40 works
1283 3923 60 30 on
1379 3912 281 48 nitrogen”:
1696 3924 43 38 p.
1774 3911 159 42 76-78.

344 3978 54 53 ©
422 3983 114 41 Dec.
559 3983 70 47 20,
653 3982 116 42 1932;
823 3983 71 41 2c.
915 3983 113 40 Jan.
1051 3985 42 46 7,
1118 3983 143 48 1933;
1288 3982 83 43 aff.
1398 3985 113 39 Jan.
1535 3985 54 46 6;
1618 3984 41 39 A
1681 3982 174 50 57824;

1883 3982 245 43 Chemical
416 3978 1927 114 foundation,
559 4040 92 42 inc.
722 4038 255 53 (33-2398)
