2484 4405
1064 4092 132 49 1315

193 531 347 46 Bibliography:
602 539 40 38 p.
697 528 231 49 [275]-278.

124 599 50 51 ©
211 604 125 45 Sept.
370 602 67 38 12.
470 600 139 39 1933:
644 600 65 37 2c.
747 599 125 45 Sept.
906 598 80 38 15:
1022 596 54 39 aff
1141 597 127 45 Sept.
1302 595 80 40 16:
1421 595 35 37 A
1491 595 168 37 65261:
1698 591 256 39 Princeton
1988 589 127 40 univ.

191 668 147 38 press.
409 656 279 40 (33-21708)

124 763 283 61 [Morgan,
437 760 137 51 Mrs.
606 757 271 53 Beatrice
916 756 315 66 (Burton)]
1270 757 170 49 1894-

195 839 118 53 The
358 836 266 68 flapper’s
670 836 298 67 daughter,
1012 835 74 67 by
1133 832 260 54 Beatrice
1437 835 237 50 Burton.
1751 832 136 51 New
1942 830 173 65 York,

127 914 1074 66 Farrar ft Rinehart, incorporated [c1933]
195 987 610 51 3 p. l., 3-316 p. 19½cm.
125 1057 51 51 ©
214 1063 117 42 Aug.
367 1061 69 40 28,
474 1060 138 39 1933:
652 1061 64 37 2c.
755 1059 120 47 Aug.
910 1059 81 39 31:
1032 1057 81 40 aff.
1154 1058 117 44 Aug.
1309 1057 80 39 29:
1430 1057 40 37 A
1507 1055 169 40 65290:
1719 1055 50 38 B.
1811 1055 52 39 B.
1903 1055 216 44 Morgan,

197 1120 215 36 Clearwater
542 1117 98 38 Fla.
713 1115 279 45 (83-24662)

121 1212 1995 149 The Mother’s encyclopedia … compiled and edited by the editors of “The Parents’ magazine”. New York, Home and
193 1374 188 52 school
415 1373 145 52 book
590 1372 210 52 service
855 1375 175 62 [c1933]

196 1448 29 37 4
251 1458 42 28 v.
353 1446 189 48 fronts.,
571 1446 170 48 plates.
800 1446 114 39 18cm.

199 1502 287 41 Illustrated
516 1505 98 45 t.-p.
643 1503 95 39 and
769 1502 362 47 lining-papers.

199 1560 159 48 Paged
389 1557 352 49 continuously.

203 1617 126 40 “The
364 1615 227 40 material
629 1615 49 39 in
716 1615 135 40 these
887 1614 113 40 four
1038 1613 214 41 volumes
1289 1614 224 41 consists.
1532 1614 50 39 of
1619 1614 198 40 articles
1856 1615 108 39 that
2000 1615 123 39 have

130 1673 239 48 appeared
401 1674 48 37 in
481 1672 112 41 ‘The
624 1671 219 41 Parents’
874 1669 646 49 magazine’.’’—Foreword.

129 1728 51 51 ©
213 1732 126 46 Sept.
370 1732 37 39 7,
439 1729 138 45 1933;
610 1729 64 38 2c.
707 1729 116 38 each
857 1729 127 44 Sept.
1015 1728 51 40 8:
1101 1726 82 40 aff.
1217 1729 125 44 Sept.
1375 1728 80 39 14:
1490 1727 39 38 A
1560 1727 137 38 66041:
1764 1727 219 39 Parents’
2016 1729 108 46 pub.

196 1798 138 29 assn.,
370 1787 103 45 inc.,
507 1787 115 37 New
655 1786 142 38 York.
869 1783 280 47 (33-24628)

125 1888 310 52 Nebraska
460 1889 110 51 and
596 1888 182 51 North
807 1893 236 46 western
1066 1887 202 67 digest,
1293 1888 266 66 covering
1584 1889 75 50 all
1683 1906 149 33 cases
1857 1888 264 67 reported

196 1965 58 53 in
289 1965 289 54 Nebraska
615 1971 238 62 reports,
889 1966 185 50 North
1112 1971 233 46 western
1384 1971 254 62 reporter
1674 1967 110 50 and
1821 1967 76 50 all
1933 1966 61 51 of
2028 1967 94 50 the

196 2047 170 50 north
392 2051 239 47 western
653 2050 172 47 states
850 2051 220 60 reports
1096 2044 153 51 from
1275 2045 93 51 the
1395 2044 226 52 earliest
1646 2045 164 52 times
1836 2045 138 51 with

198 2063 1902 113 current
364 2123 342 52 cumulative
748 2123 199 67 pocket
990 2122 209 54 service
1242 2123 244 68 keeping
1527 2123 115 51 this
1684 2122 187 69 digest
1912 2124 210 65 always

198 2200 1925 68 to date … Compiled and edited by the publisher’s editorial
197 2277 149 55 staff,
422 2299 51 34 v.
502 2282 81 48 40.
659 2280 175 50 Table
865 2279 62 52 of
958 2295 151 36 cases
1139 2278 274 67 digested.
1491 2279 82 54 St.
1604 2282 165 51 Paul.

1794 2281 160 53 West
198 2281 1902 144 publishing
442 2377 76 34 co.
557 2361 191 63 [c1933]

199 2433 59 40 vi.
288 2432 112 38 1429
427 2443 41 36 p.
530 2432 115 39 26cm.

133 2485 51 51 ©
331 2521 7 5 Sept.
366 2490 24 37 2,
462 2489 81 37 1933:
629 2492 66 34 2.
723 2489 94 38 and
844 2487 79 39 aff.
954 2488 100 38 Oct.
1084 2487 81 39 12:
1197 2488 37 37 A
1262 2487 169 40 65588:
1462 2488 133 38 West
1624 2498 61 36 pub.
1759 2499 67 27 co.

129 2591 143 52 New
306 2591 160 52 York
498 2591 375 66 supplement.
951 2589 169 54 Cases
1156 2591 213 67 argued
1405 2591 110 53 and
1552 2590 350 54 determined
1935 2592 61 52 in
2030 2592 94 53 the

203 2668 174 54 Court
420 2669 62 51 of
523 2671 250 65 appeals,
815 2668 273 67 Supreme
1132 2669 110 52 and
1284 2671 171 50 lower
1493 2675 187 46 courts
1722 2669 62 51 of
1824 2671 195 52 record
2063 2670 63 52 of

199 2748 137 50 New
390 2747 160 51 York
601 2752 160 52 state,
814 2747 139 52 with
1002 2747 108 67 key
1160 2748 237 51 number
1449 2748 379 52 annotations,
1903 2766 51 36 v.
2007 2752 118 49 263.

199 2824 367 69 April-May,
603 2828 148 48 1933.
831 2824 78 54 St.
947 2827 164 58 Paul,
1144 2826 161 53 West
1335 2826 336 68 publishing
1704 2845 96 37 co.,
1836 2831 149 49 1933.

201 2899 115 40 xxii.
348 2899 125 40 1023.
582 2919 23 29 [60],
637 2900 53 37 54
719 2909 41 36 p.
825 2899 143 39 23½cm.

134 2951 51 51 ©
216 2957 126 45 Sept.
369 2956 68 39 28.
466 2955 110 39 1933:
632 2956 67 38 2c.
727 2956 95 38 and
850 2955 79 40 aff.
960 2955 101 40 Oct.
1090 2956 55 37 12;
1204 2957 38 37 A
1269 2956 143 39 65580:
1470 2957 132 39 West
1631 2958 108 46 pub.
1769 2967 67 28 co.

130 3056 296 65 Newfield,
460 3059 218 51 Ernest
709 3058 184 62 Hans,
929 3060 171 50 1873-

204 3134 118 53 The
352 3134 69 52 A.
455 3135 66 51 B.
552 3134 62 55 C.
647 3134 62 54 of
739 3135 93 53 the
865 3135 305 55 Securities
1203 3143 89 47 act
1325 3141 151 63 1933,
1507 3138 137 52 with
1680 3157 26 34 a
1742 3144 384 62 commentary

137 3212 327 67 pertaining
492 3219 57 46 to
584 3213 365 67 registration
981 3220 329 48 statements
1345 3216 111 52 and
1488 3222 58 47 to
1580 3217 93 51 the
1706 3223 330 60 prospectus
2068 3236 59 34 as

136 3289 1990 72 required by the act. By Ernest H. Newfield … [New York,
134 3366 118 52 The
282 3367 125 52 Abo
437 3385 171 48 press,
638 3368 124 62 inc.,
789 3371 174 61 c1933]

207 3438 55 40 96
295 3450 41 36 p.
396 3438 141 40 form.
597 3438 145 41 23½cm.
831 3439 129 48 $3.00

138 3491 51 51 ©
225 3496 124 47 Sept.
383 3497 67 38 44.
483 3495 138 41 1933:
657 3497 65 38 2c.
758 3497 126 47 Sept.
918 3497 79 40 16:
1033 3498 81 39 aff.
1152 3499 126 46 Sept.
1313 3500 79 40 45;
1429 3501 40 37 A
1501 3500 169 40 66113;
1707 3502 51 37 E.
1794 3502 57 38 H.
1887 3503 244 41 Newfield.

205 3553 114 39 New
354 3553 142 38 York.
570 3553 278 43 (33-24632)

134 3649 194 55 North
357 3655 233 52 Dakota
620 3655 111 51 and
759 3656 184 51 North
975 3662 234 54 western
1239 3657 202 68 digest,
1468 3660 267 67 covering
1764 3663 76 49 all

1868 3680 149 34 cases
206 3681 1897 116 reported
435 3751 55 33 m
520 3733 186 52 North
734 3734 224 53 Dakota
990 3741 237 61 reports.
1254 3738 183 51 North
1468 3744 235 47 western
1733 3746 255 59 reporter
2017 3741 109 52 and

208 3811 75 50 all
328 3810 62 51 of
437 3811 93 51 the
577 3813 166 50 north
794 3819 232 47 western
1076 3819 173 47 states
1297 3822 219 57 reports
1564 3816 150 52 from
1760 3819 95 51 the
1903 3820 225 51 earliest

206 3887 179 56 times,
423 3890 137 50 with
599 3896 225 45 current
864 3892 342 52 cumulative
1246 3894 200 66 pocket
1486 3895 208 52 service
1731 3896 246 69 keeping
2014 3897 114 52 this

208 3964 1919 79 digest always to date … Compiled and edited by the pub-
