2582 4453
1406 4119 101 50 854

514 504 334 49 Frontispiece
877 505 344 48 accompanied
1251 506 60 46 by
1344 504 97 40 leaf
1472 506 94 38 and
1599 504 210 48 portrait
1840 504 342 48 accompanied
2213 505 59 48 by
2303 508 152 46 guard

444 561 147 47 sheet,
622 562 119 40 each
770 562 121 39 with
921 561 295 49 descriptive
1246 562 299 47 letterpress.

446 616 52 52 ©
527 621 112 39 Dec.
667 620 69 45 24,
766 619 115 40 1932;
937 620 66 39 2c.
1034 621 117 46 May
1177 621 69 39 11.
1276 619 140 46 1933;
1448 619 81 40 aff.
1562 620 113 47 May
1703 619 53 42 9;
1789 620 40 38 A
1857 618 171 47 61783;
2062 620 52 38 B.
2145 620 59 39 H.
2236 620 221 40 Roberts.

518 677 105 40 Salt
652 677 131 40 Lake
813 677 125 47 City.
1010 676 282 49 (33-14657)

438 778 171 67 Ross,
638 780 256 54 Edward
922 778 324 67 Alsworth,
1277 786 173 49 1866-

441 858 1955 133 … The outlines of sociology, by Edward Alsworth Ross … illustrated with
973 938 404 66 twenty-three
1406 937 309 66 diagrams.
1781 939 139 51 Rev.
1953 938 85 52 ed.
2104 938 140 53 New
2276 939 180 60 York,

440 1013 261 67 London,
731 1015 122 52 The
883 1014 257 69 Century
1171 1035 80 34 co.
1305 1019 176 63 [c1933]

516 1087 105 48 xiii,
651 1087 86 40 455
765 1098 44 37 p.
868 1088 180 48 diagrs.
1106 1086 117 41 23cm.
1295 1087 124 49 (The
1452 1086 216 48 Century
1701 1087 148 40 social
1883 1087 186 41 science
2103 1088 175 49 series)

443 1142 131 51 $3.00

516 1200 299 49 “Principles
853 1202 52 39 of
945 1202 254 47 sociology,
1243 1201 187 41 revised
1472 1200 198 45 edition,
1712 1204 81 38 cut
1834 1202 139 40 down
2015 1202 155 49 thirty
2210 1214 86 37 per
2337 1212 119 38 cent,

444 1259 224 47 together
698 1260 119 40 with
852 1270 77 36 my
960 1260 142 40 Tests
1137 1261 93 38 and
1265 1259 451 47 challenges.”—To
1751 1261 82 39 the
1869 1261 221 39 teachers
2125 1261 52 40 of
2209 1261 99 40 this
2343 1264 116 38 text.

449 1314 51 53 ©
535 1320 121 39 Mar.
691 1319 67 47 15,
792 1319 141 46 1933;
968 1321 67 38 2c.
1070 1319 96 40 and
1200 1319 82 41 aff.
1317 1319 122 40 Mar.
1472 1320 83 45 21;
1590 1320 41 38 A
1664 1319 171 47 60708;
1872 1321 53 38 E.
1958 1320 56 40 A.
2050 1320 136 48 Ross,
2223 1320 238 47 Madison,

516 1376 118 41 Wis.
706 1376 281 48 (33-14681)

440 1468 195 66 Rowe,
663 1469 208 63 Henry
897 1468 76 63 S.,
1003 1486 179 49 comp.

443 1545 2015 149 The ancestry of John Simmons, founder of Simmons college, compiled by Henry S. Rowe … Cambridge, Priv. print.
443 1712 59 47 at
533 1706 96 52 the
662 1705 301 53 Riverside
997 1723 174 49 press,
1206 1709 150 49 1933.

514 1777 1046 50 4 p. l., 88 p. front. (port.) pl. 23cm.
519 1837 130 40 “One
682 1837 223 39 hundred
939 1838 95 38 and
1068 1836 111 47 fifty
1212 1835 159 49 copies
1404 1835 51 40 of
1488 1835 100 40 this
1620 1836 122 39 book
1777 1845 126 30 were
1941 1835 235 47 printed.”

449 1890 51 53 ©
529 1895 127 40 June
682 1895 39 42 6,
750 1895 142 46 1933;
922 1896 66 39 2c.
1018 1894 128 40 June
1173 1894 82 42 10;
1286 1894 81 40 aff.
1397 1895 127 40 June
1552 1893 52 41 9:
1636 1895 41 38 A
1703 1894 172 45 63108;
1906 1895 60 38 H.
2000 1893 43 41 S.
2074 1894 159 46 Rowe,
2264 1895 199 40 Boston.

527 1952 282 49 (33-14696)

441 2042 112 66 Ry,
582 2044 156 54 Atar
764 2043 109 57 Ell.

516 2125 67 50 20
638 2121 298 54 millionen
992 2122 330 54 arbeitslose
1377 2122 192 53 finden
1624 2122 308 67 verdienst,
1988 2120 91 54 die
2134 2120 330 55 welt-krisis

443 2200 1873 71 überwunden, von Atar Ell Ry … [Gurten (Bern) c1932]
520 2276 285 47 cover-title,
835 2276 56 41 32
919 2287 42 38 p.
1023 2276 117 41 21cm.

450 2330 51 53 ©
532 2335 127 40 June
686 2335 69 47 30,
784 2335 141 42 1932;
987 2347 36 28 1c.
1054 2335 101 40 Oct.
1185 2336 81 45 15;
1298 2335 314 47 A-Foreign
1639 2334 171 47 20250;
1843 2335 228 48 Rychner
2099 2336 162 46 Ernst,
2292 2335 171 46 Berne,

524 2392 336 41 Switzerland.
933 2392 283 49 (33-14844)

444 2495 214 66 Salter,
684 2497 103 53 Sir
809 2498 205 53 James
1041 2496 253 64 Arthur,
1325 2503 172 50 1881-

516 2578 122 52 The
670 2576 349 54 framework
1047 2576 64 53 of
1141 2596 72 33 an
1242 2578 239 53 ordered
1511 2577 229 67 society,
1768 2578 76 67 by
1874 2577 96 56 Sir
1999 2578 225 52 Arthur
2255 2577 206 67 Salter,

497 2702 10 9 K.
591 2701 9 10 C.
687 2699 9 10 B.
773 2657 139 52 New
960 2657 181 65 York,
1187 2657 122 52 The
1354 2655 336 54 Macmillan
1737 2674 309 50 company;
2098 2656 364 68 Cambridge,

446 2736 167 67 Eng.,
643 2736 123 53 The
795 2733 340 70 University
1166 2754 175 49 press,
1377 2738 149 50 1933.

519 2808 528 49 4 p. l., 60 p. 19½cm.
525 2865 1889 48 “The first Alfred Marshall … lectures … Cambridge … February …
449 2925 353 41 1933.”—Pref.
838 2927 128 38 note.

455 2979 51 53 ©
538 2985 127 39 June
695 2983 39 48 6,
766 2983 141 47 1933;
939 2984 67 40 2c.
1038 2985 96 39 and
1165 2983 80 40 aff.
1279 2984 127 39 June
1437 2985 52 40 7:
1523 2984 41 38 A
1595 2983 170 45 63057;
1801 2983 283 39 Macmillan
2114 2993 68 30 co.

530 3041 282 48 (33-14984)

446 3129 344 67 Schebesta,
820 3132 164 64 Paul,
1016 3134 172 53 1887-

518 3209 230 68 Among
783 3208 196 70 Congo
1013 3208 260 70 pigmies,
1306 3211 74 66 by
1412 3209 147 52 Paul
1594 3208 331 65 Schebesta;
1962 3207 314 53 translated
2311 3207 149 52 from

449 3287 96 54 the
576 3286 249 55 German
854 3287 73 69 by
960 3286 211 54 Gerald
1205 3286 230 65 Griffin;
1468 3289 138 53 with
1640 3290 63 49 89
1738 3287 391 68 photographs
2162 3286 112 53 and
2304 3286 157 54 three

451 3384 180 49 maps.
713 3366 257 60 London,
1017 3366 367 53 Hutchinson
1430 3368 45 50 &
1522 3384 97 48 co.,
1663 3365 102 55 ltd.
1819 3369 173 65 [1933]

521 3437 87 42 287
640 3449 42 37 p.
743 3438 164 47 front.,
942 3438 127 40 illus.
1101 3439 49 47 (3
1184 3439 162 48 maps)
1391 3439 169 48 plates,
1599 3442 148 46 ports.
1809 3440 146 41 23½cm.

457 3494 52 52 ©
573 3511 37 28 1c.
646 3500 128 39 June
805 3500 39 44 2,
881 3498 140 43 1933;
1059 3501 40 37 A
1134 3501 65 38 ad
1231 3500 86 40 int.
1354 3500 170 46 17858;
1562 3501 143 47 pubd.
1742 3501 112 47 Apr.
1890 3501 51 39 7:
1981 3499 310 40 Hutchinson
2326 3500 35 40 &
2397 3509 67 30 co.

534 3556 324 48 (publishers)
908 3558 84 38 ltd.
1065 3557 282 48 (33-15770)
2255 3555 120 42 5742

453 3646 205 67 [Scott,
687 3644 256 56 Vincent
972 3647 274 68 Edward]
1282 3649 174 53 1879-

523 3729 66 50 60
653 3727 140 66 days
853 3725 138 55 with
1056 3727 282 53 Franklin
1403 3727 221 53 Delano
1686 3727 318 54 Roosevelt.
2082 3727 138 53 New
2284 3727 178 57 York,

449 3805 251 54 Walters
728 3809 46 50 &
800 3806 235 66 Mahon,
1063 3807 106 53 inc.
1222 3811 155 49 [c1933]

524 3878 864 49 57 p. inch front. (port.) 23½cm.
526 3936 823 47 “Copyright … by V. E. Scott.”
457 3989 51 53 ©
541 3995 113 46 May
683 3994 68 41 22,
783 3995 139 44 1933;
955 3995 67 41 2c.
1053 3997 95 38 and
1179 3995 81 40 aff.
1291 3997 78 37 May
1433 3996 84 46 23;
1550 3996 37 37 A
1619 3995 171 41 61974;
1824 3995 52 38 V.
1910 3996 49 37 E.
1996 3995 146 41 Scott,
2175 3994 115 38 New
2321 3993 142 38 York.

538 4051 281 48 (33-14695)
