2568 4328
1100 4044 63 48 11

115 489 428 68 classification;
576 490 97 53 the
701 487 280 56 Uniform
1010 486 161 55 stock
1199 485 255 54 transfer
1485 491 107 62 act,
1621 486 140 53 laws
1789 484 333 71 regulating

114 572 95 52 the
239 573 115 51 sale
383 570 64 53 of
475 573 301 64 corporate
802 568 188 53 stocks
1018 566 114 52 and
1162 565 290 54 securities
1485 565 113 53 and
1627 566 98 53 the
1753 565 224 53 federal
2007 565 114 52 and

113 655 146 47 state
305 648 301 53 anti-trust
648 648 156 67 laws,
846 645 142 54 with
1032 645 182 52 forms
1259 645 114 52 and
1415 645 352 68 precedents,
1811 644 191 53 edited
2044 644 76 70 by

115 729 157 54 John
314 728 55 55 S.
407 726 221 54 Parker
668 726 113 52 and
819 728 56 53 J.
914 727 67 51 B.
1020 726 69 52 R.
1130 723 209 69 Smith,
1378 723 240 54 assisted
1653 723 78 70 by
1769 741 32 35 a
1839 724 180 53 board
2056 722 65 55 of

116 806 312 53 associated
461 805 214 53 editors
707 803 61 53 in
799 804 97 52 the
926 805 218 51 several
1175 808 189 47 states.
1440 803 136 52 34th
1608 802 86 54 ed.
1768 803 140 55 New
1941 802 181 70 York,

114 885 219 55 United
362 885 189 55 States
580 882 367 69 corporation
973 900 298 50 company,
1301 884 151 50 1933.

185 956 693 52 XV p., 1 l., 2732 p. 25½ cm .
119 1026 51 51 ©
205 1030 109 40 Jan.
347 1029 39 47 3,
421 1026 141 49 1933;
598 1026 66 41 2c.
700 1027 97 39 and
830 1025 61 40 aff
891 1025 9 15 5
904 1058 7 7 .
947 1026 109 40 Jan.
1090 1026 54 46 4;
1181 1025 42 39 A
1256 1024 170 49 57739;
1465 1024 326 49 Corporation
1823 1026 199 39 manual
2057 1036 69 29 co.

114 1148 309 63 Paterson,
453 1147 141 55 Mrs.
625 1144 192 54 Isabel
856 1144 289 65 (Bowler)

184 1224 187 53 Never
415 1224 102 53 ask
560 1224 97 52 the
700 1225 108 52 end
874 1223 93 68 [by]
1017 1222 189 55 Isabel
1250 1225 296 51 Paterson.
1622 1223 139 54 New
1808 1224 181 67 York,
2032 1225 91 54 W.

113 1304 252 52 Morrow
391 1306 45 51 &
462 1321 99 47 co.,
590 1306 151 51 1933.

188 1374 543 51 5 p. l., 332 p. 20 cm .
121 1444 51 52 ©
200 1449 108 39 Jan.
336 1449 41 46 4,
404 1446 141 48 1932;
575 1446 68 42 2c.
670 1448 96 39 and
793 1445 81 41 aff.
904 1446 109 40 Jan.
1042 1445 51 47 6;
1124 1445 40 39 A
1192 1445 172 48 57746;
1394 1446 39 39 I.
1462 1446 65 41 M.
1555 1446 252 48 Paterson,
1836 1446 118 40 New
1982 1446 147 43 York.

199 1504 221 49 (33-774)

117 1609 282 66 Pauchet,
431 1608 224 57 Victor.

194 1731 55 9 …
294 1689 84 51 La
417 1686 268 73 pratique
724 1686 383 69 chirurgicale
1143 1686 273 53 illustrée.
1493 1687 140 53 fasc.
1674 1705 166 36 xviii.
1887 1730 58 10 …
2025 1691 99 51 189

118 1764 208 71 figures
350 1766 278 53 dessinées
653 1765 224 69 d’après
899 1771 206 47 nature
1128 1784 109 50 par
1262 1767 57 55 S.
1343 1768 245 66 Dupret.
1664 1766 186 71 Paris,
1875 1767 72 56 G.
1969 1767 156 54 Doin

119 1867 28 34 c
150 1845 34 28 ie
189 1889 11 25 ,
233 1848 151 50 1932.

188 1918 716 52 2 p. l., 264 p. illus. 27 cm .
192 1977 66 40 At
284 1978 125 39 head
437 1976 55 40 of
518 1975 136 41 title:
686 1974 419 42 Victor-Pauchet.

123 2043 1951 52 © June 24, 1932; 1c. Dec. 29; A-Foreign 19071; Gaston Doin & cie.
119 2164 414 66 Pryce-Jones,
560 2164 173 67 Alan,
765 2168 173 51 1908-

195 2284 58 12 …
286 2242 122 53 Hot
439 2240 204 69 places.
710 2240 138 55 New
882 2238 180 71 York,
1092 2240 71 53 A.
1196 2240 71 54 A.
1299 2241 228 70 Knopf,
1560 2243 150 52 1933.

187 2312 840 50 4 p. l., 3-267, [1] p., 1 1. 19½ cm .
193 2370 184 42 Stories
404 2369 52 41 of
481 2369 92 41 life
600 2369 49 39 in
678 2369 151 49 Chile,
860 2369 167 41 Brazil
1055 2371 96 40 and
1179 2370 239 43 Ecuador.

190 2426 164 42 “First
383 2425 260 41 American
676 2424 227 42 edition.”

191 2485 197 40 London
415 2483 198 47 edition,
642 2481 129 50 1932,
799 2484 90 38 has
917 2482 137 41 title:
1084 2483 175 49 People
1287 2483 50 40 in
1367 2485 83 40 the
1479 2486 160 43 south.

125 2550 52 56 ©
203 2556 110 42 Jan.
336 2557 40 48 2,
401 2557 142 47 1933;
570 2556 68 40 2c.
663 2557 112 39 Jan.
799 2556 53 47 5;
880 2554 80 42 aff.
988 2556 111 41 Jan.
1122 2556 56 47 4;
1204 2556 42 39 A
1271 2555 171 49 58703;
1471 2557 55 41 A.
1553 2558 336 48 Pryce-Jones,
1916 2559 212 41 London.

204 2614 250 50 (33-1134)

121 2711 204 54 Punch
354 2710 317 67 almanack,
700 2712 151 49 1933.
926 2710 219 53 Punch,
1219 2729 91 34 no.
1337 2709 196 70 4765A,
1559 2713 146 54 Nov.
1732 2714 50 67 7,
1810 2716 151 51 1932.

126 2781 2004 54 © 1c. Jan. 4, 1933; A ad int. 17333; pubd. Nov. 7, 1932; Herbert Heather,
194 2843 212 39 London.

122 2931 379 66 Remington,
531 2931 242 55 Harold.

192 3008 350 70 Remington
589 3026 73 35 on
708 3009 379 69 bankruptcy.
1166 3009 380 70 Supplement
1595 3012 350 70 September,
1994 3016 135 51 1932

130 3130 56 9 …
264 3106 52 34 v.
362 3091 98 48 1-9
511 3130 56 9 …
646 3087 327 70 Rochester,
1017 3090 69 53 N.
1132 3091 91 66 Y.,
1267 3091 123 52 The
1430 3092 271 68 Lawyers
1745 3092 385 69 co-operative

125 3165 335 69 publishing
490 3183 297 51 company,
819 3169 152 51 1932.

194 3241 28 39 9
249 3252 43 28 v.
348 3239 55 39 22½
436 3242 45 21 cm
485 3270 9 8 .

195 3296 295 41 Cover-title.

196 3354 155 39 These
380 3353 277 48 pamphlets
686 3363 83 29 are
800 3355 48 38 to
880 3354 57 39 be
966 3353 140 41 fitted
1137 3355 102 39 into
1272 3355 82 40 the
1384 3356 200 47 pockets
1616 3359 52 38 at
1700 3358 83 39 the
1811 3357 124 41 back
1966 3359 55 40 of
2050 3359 82 41 the

125 3409 216 40 volumes
367 3410 52 39 of
444 3410 81 39 the
552 3412 73 38 set
652 3412 48 38 to
727 3409 159 40 which
913 3411 114 47 they
1054 3410 183 49 belong.

130 3468 1999 57 © Dec. 28, 1932; 2c. each Jan. 3, 1933; aff. Dec. 30, 1932; A 58048;
198 3530 60 39 H.
286 3528 304 49 Remington,
619 3530 118 40 New
763 3530 144 40 York.

126 3623 276 66 Rickard,
425 3625 191 54 Jessie
639 3625 236 66 Louisa,
901 3627 173 54 “Mrs.
1097 3627 207 55 Victor
1327 3627 316 66 Rickard,”
1671 3633 171 55 1879-

200 3701 206 57 Sorel’s
431 3705 205 53 second
658 3704 280 69 husband,
961 3705 76 68 by
1057 3704 143 57 Mrs.
1226 3706 202 56 Victor
1453 3707 257 57 Rickard
1739 3753 58 11 …
1874 3711 260 68 London,

127 3781 283 67 Jarrolds,
439 3781 225 55 limited
702 3785 174 66 [1932]

196 3854 86 40 254
307 3864 42 38 p.
411 3854 58 40 19½
499 3857 45 21 cm
548 3888 9 8 .

133 3911 1997 63 © 1c. Jan. 3, 1933; A ad int. 17315; pubd. Nov. 5, 1932; J. L. Rickard,
200 3972 210 40 London.
481 3973 228 43 (33-1627
721 3977 13 39 )
