2582 4453
1361 4109 100 50 932

457 504 1889 49 “A story from life written … in the humble hope that someone …
381 563 207 39 crushed
629 563 96 38 and
765 562 217 40 stricken
1021 572 115 30 over
1176 562 83 40 the
1298 561 144 48 going’
1482 563 139 39 home
1661 563 55 40 of
1753 573 28 29 a
1821 563 139 40 loved
2003 570 101 38 one,
2146 572 112 37 may
2298 562 98 40 find

378 621 151 38 sweet
555 628 147 39 peace
730 620 95 39 and
855 618 252 43 comfort.”

385 672 52 52 ©
473 677 110 39 Dec.
619 676 69 46 28,
724 675 141 47 1932;
904 676 66 40 2c.
1007 677 94 39 and
1139 675 82 41 aff.
1258 676 110 40 Jan.
1404 676 69 47 24,
1511 676 141 46 1933;
1690 675 40 40 A
1766 676 171 47 59403;
1975 676 159 41 Leslie
2171 677 52 40 E.
2260 675 138 49 Bibb,

453 734 95 40 Los
582 733 222 47 Angeles,
876 733 14 48 (CA
976 733 180 41 33-240
1172 732 236 49 Unrev’d)

383 823 293 68 [Conradi,
707 824 252 65 Ludwig
985 823 279 70 Richard]

452 900 305 53 Herkunft
792 901 118 53 und
949 900 197 71 folgen
1183 901 100 53 der
1319 905 513 66 sonntagsgesetze.
1903 900 309 71 Hamburg
2271 906 122 63 [etc.]

381 979 96 53 Ad
481 984 157 49 vent-
644 979 199 70 vertag
881 979 71 70 (e.
981 978 81 72 v.)
1107 982 173 66 [1933]

453 1052 71 46 47,
558 1054 56 49 [1]
645 1064 43 37 p.
749 1052 57 42 20
810 1056 43 21 cm
859 1086 8 9 .

460 1108 177 50 Signed
656 1120 8 29 :
697 1109 50 41 L.
777 1110 55 41 R.
862 1110 228 42 Conradi.

460 1166 592 48 “Quellenverzeichnis”:
1083 1177 45 38 p.
1157 1166 179 52 47-[48]

389 1221 2006 55 © Feb. 23, 1933; 1c. Apr. 29; A-Foreign 20749; Advent-verlag (e. v.)
457 1285 269 48 Hamburg,
766 1285 256 47 Germany.
1095 1284 282 48 (33-16331)

384 1368 211 71 Cooke,
623 1374 219 54 Morris
868 1373 337 67 Llewellyn,
1236 1373 173 55 1872-
1623 1373 86 55 ed.

455 1452 183 54 What
664 1452 316 69 electricity
1009 1456 147 50 costs
1186 1452 60 53 in
1275 1452 96 53 the
1401 1452 165 54 home
1597 1452 114 54 and
1741 1471 72 34 on
1843 1452 99 53 the
1974 1450 183 70 farm;
2191 1472 31 33 a
388 1471 1992 128 symposium,
665 1531 189 53 edited
889 1531 74 69 by
994 1530 216 55 Morris
1242 1530 317 70 Llewellyn
1596 1530 206 55 Cooke.
1874 1531 140 53 New
2049 1530 183 69 York,
2266 1530 139 54 New

388 1609 274 69 republic,
692 1609 126 69 inc.,
852 1613 151 49 1933.

458 1681 1697 53 xxi, 231 p., 1 l., [41] p. inch front., tables, diagrs. pl. 18½ cm .
463 1741 129 39 “The
622 1750 178 38 papers
833 1741 114 40 here
978 1741 259 47 presented
1268 1750 127 31 were
1429 1741 116 39 read
1577 1740 168 40 before
1777 1740 82 41 the
1894 1739 236 42 Institute
2164 1739 52 40 of
2247 1740 162 48 public

388 1797 315 48 engineering
734 1798 213 47 meeting
979 1809 59 28 on
1073 1797 224 48 January
1328 1796 70 46 20,
1433 1796 129 48 1933,
1598 1797 50 40 in
1683 1797 120 41 New
1837 1797 133 41 York
2004 1797 99 47 city
2137 1791 155 47 under
2324 1798 83 41 the

389 1855 223 48 auspices
646 1855 52 41 of
730 1857 82 39 the
847 1855 169 40 Power
1051 1855 253 48 authority
1339 1855 53 40 of
1426 1856 82 39 the
1543 1856 129 41 state
1707 1854 53 42 of
1794 1855 118 40 New
1945 1854 132 41 York
2111 1855 50 39 in
391 1854 1999 99 association
529 1913 119 40 with
683 1914 82 39 the
800 1913 169 40 Public
1005 1912 184 41 service
1227 1910 335 43 commissions
1599 1911 54 41 of
1687 1913 83 40 the
1806 1911 211 42 District
2052 1912 53 41 of
2139 1910 269 51 Columbia,

390 1969 119 41 New
536 1969 130 41 York
692 1971 96 39 and
817 1968 770 48 Pennsylvania.”—Publisher’s
1613 1970 127 40 note.

463 2026 310 42 “Literature
804 2026 300 42 available”:
1135 2037 44 38 p.
1213 2026 158 42 86-88.

397 2082 52 53 ©
477 2088 128 39 June
632 2086 69 48 12,
729 2085 141 48 1933;
901 2086 65 41 2c.
997 2086 129 41 June
1150 2086 82 48 14;
1262 2098 83 29 aff.
1374 2086 129 41 June
1529 2088 81 46 13;
1642 2086 40 40 A
1710 2085 172 49 62978;
1913 2088 118 39 New
2060 2084 230 50 republic,
2320 2085 92 42 inc.

475 2144 282 49 (33-16837)

392 2231 372 68 Culbertson,
794 2236 130 64 Ely,
956 2240 124 50 1891
1095 2270 28 6 -

398 2310 2012 150 Culbertson’s own contract bridge self-teacher; 1933 Culbertson system … by Ely Culbertson … [New York, The Bridge
399 2469 199 68 world,
636 2468 126 68 inc.,
799 2478 17 21 c
821 2472 154 65 1933]

469 2541 286 46 cover-title,
793 2542 55 38 64
887 2553 41 36 p.
994 2542 55 39 28
1051 2544 44 21 cm
1103 2574 5 6 .

401 2598 52 52 ©
486 2604 116 46 May
630 2602 69 46 29,
732 2603 141 47 1933;
906 2604 66 39 2c.
1006 2605 94 38 and
1133 2603 82 41 aff.
1247 2603 127 40 June
1404 2604 82 46 14;
1520 2603 41 40 A
1591 2603 172 47 63256;
1798 2603 180 48 Bridge
2011 2603 166 47 world,
2210 2602 92 43 inc.

481 2659 281 50 (33-16442)

395 2733 1995 153 Delaware and Atlantic digest. June, 1933, cumulative pamphlet … St. Paul, West publishing co. [ c 1933]
467 2890 86 42 352
580 2902 43 38 p.
681 2891 56 40 24
740 2893 43 20 cm
791 2924 6 7 .

404 2944 52 52 ©
487 2949 126 40 June
641 2949 70 47 26,
742 2948 141 48 1933;
915 2950 69 40 2c.
1015 2950 117 48 July
1161 2950 83 46 24;
1277 2948 81 42 aff.
1391 2949 117 48 July
1537 2949 83 48 22;
1653 2950 41 39 A
1724 2950 171 47 64468;
1929 2951 140 40 West
2095 2949 109 48 pub.
2235 2960 69 30 co.

401 3021 278 70 Dickens,
711 3025 264 64 Charles,
1007 3027 328 54 1812-1870.

472 3101 239 56 Charles
746 3102 295 54 Dickens’s
1075 3105 196 51 letters
1303 3108 60 48 to
1399 3102 239 54 Charles
1670 3100 199 64 Lever,
1903 3097 189 53 edited
2128 3097 76 66 by
2238 3096 176 52 Flora

403 3181 71 53 Y.
521 3180 362 69 Livingston,
932 3181 140 53 with
1122 3201 71 33 an
1240 3180 393 53 introduction
1679 3179 76 66 by
1801 3176 205 68 Hyder
2053 3176 70 52 E.
2170 3173 243 55 Rollins.

403 3257 367 71 Cambridge,
801 3260 274 53 Harvard
1105 3259 321 67 university
1457 3276 175 49 press,
1665 3260 151 49 1933.

476 3333 118 47 xvii,
625 3333 56 41 65
716 3345 43 38 p.
820 3333 56 41 20½
909 3336 44 21 cm
957 3366 8 9 .

407 3383 1994 104 “Thirty-two letters … from the originals in the Harry Elkins Widener
521 3446 254 42 collection
803 3447 53 40 of
881 3449 83 41 the
990 3447 233 40 Harvard
1252 3445 179 51 college
1458 3443 482 49 library.”—Introd.

409 3502 52 52 ©
488 3508 128 38 June
641 3508 38 44 8,
708 3505 140 42 1933;
877 3506 65 40 2c.
972 3507 126 38 June
1125 3505 81 40 19:
1236 3503 82 41 aff.
1347 3504 130 39 June
1500 3502 83 47 20;
1614 3502 41 39 A
1681 3501 171 45 64078;
1883 3500 256 40 President
2166 3499 35 39 &
2229 3497 191 41 fellows

480 3563 53 39 of
563 3565 227 38 Harvard
824 3564 192 45 college,
1050 3561 303 48 Cambridge,
1385 3562 147 39 Mass.
1607 3558 282 49 (33-16467)

408 3636 249 69 [Ditzen,
688 3638 239 70 Rudolf]
964 3642 174 50 1893-

474 3717 179 54 Little
696 3737 150 45 man,
890 3719 153 53 what
1087 3717 161 54 now?
1330 3718 89 65 By
1462 3717 167 52 Hans
1673 3714 241 54 Fallada
1984 3711 216 71 [pseud.]
2280 3711 139 54 New

406 3798 179 66 York,
616 3798 197 53 Simon
843 3799 112 53 and
983 3798 289 69 Schuster,
1301 3801 151 49 1933.

476 3872 624 49 vii, 383 p., 1 l. 21 cm .
482 3930 320 40 “Translated
832 3931 129 39 from
993 3931 81 39 the
1106 3930 210 40 German
1346 3929 61 47 by
1438 3927 114 40 Eric
1585 3924 219 43 Sutton.”

412 3983 52 52 ©
497 3988 127 38 June
656 3988 38 46 1,
729 3988 140 47 1933;
904 3989 67 40 2c.
1005 3990 95 38 and
1134 3987 80 40 aff.
1249 3987 130 40 June
1409 3985 53 47 6;
1499 3985 39 39 A
1571 3984 174 46 63048;
1782 3982 163 42 Simon
1980 3983 35 39 &
2052 3981 244 42 Schuster,
2331 3979 92 42 inc.
