2484 4405
1078 4096 133 48 1633

148 452 180 66 Aker,
358 452 220 52 Homer
607 450 219 55 Ferris.

220 529 335 67 Yesterday,
587 528 98 53 the
716 526 344 54 foundation
1092 525 65 54 of
1187 526 193 67 today,
1411 525 76 67 by
1518 525 219 53 Homer
1767 525 197 53 Ferris
1992 524 158 53 Aker

149 602 1975 149 … D. Lloyd Nelson … and Vanza Nielsen Aker … San Francisco,
348 680 1575 70 Calif., Harr Wagner publishing company [ c 1933]
217 753 1127 51 xiv, 467 p. illus. (incl. maps) pl. 19½ cm .
219 814 180 40 “Other
432 813 149 40 books
615 823 93 37 you
744 822 111 38 may
889 814 133 37 want
1057 814 49 37 to
1143 810 144 40 read”
1323 813 52 37 at
1409 812 92 41 end
1536 810 52 40 of
1621 812 126 38 most
1781 810 50 38 of
1868 810 80 39 the
1986 810 158 45 units;

148 871 234 40 “General
421 869 393 49 bibliography”:
853 880 43 37 p.
933 869 219 39 451-453.

149 924 1915 51 © Oct. 1, 1933 ; 2c. and aff. Nov. 1; A 66864; Harr Wagner pub. co.
229 984 278 48 (33-34590)

149 1073 119 52 The
308 1071 316 55 American
663 1073 101 50 bar
809 1074 171 64 [1934]
1060 1074 55 50 A
1153 1071 397 68 biographical
1590 1071 287 68 directory
1917 1071 63 51 of
218 1089 1903 128 contemporary
587 1153 237 65 lawyers
865 1149 62 52 of
968 1150 94 52 the
1106 1149 212 54 United
1364 1149 206 55 States,
1612 1149 253 55 Canada.
1904 1148 242 68 Mexico,

218 1227 1928 147 South America, Central America and West Indies. Prepared and edited by E. W. J. Fifield … Minneapolis, The
218 1384 1049 69 James C. Fifield company [ c 1933]
215 1460 127 46 1318,
375 1461 54 48 [1]
460 1471 42 36 p.
559 1460 128 39 illus.
743 1461 56 38 27
802 1462 43 21 cm
853 1493 7 7 .

149 1512 52 51 ©
228 1517 118 39 Nov.
373 1517 69 45 27,
471 1516 139 42 1933;
641 1516 65 40 2c.
738 1517 110 39 Dec.
877 1518 52 39 1:
960 1515 81 40 aff.
1072 1516 118 38 Nov.
1219 1516 82 42 29;
1333 1516 39 38 A
1401 1515 170 46 67493;
1604 1516 165 39 James
1800 1515 49 40 C.
1881 1515 172 40 Fifield
2080 1526 67 29 co.

222 1570 68 52 [©
317 1584 103 28 new
446 1572 240 49 material]

148 1649 315 52 American
494 1647 356 65 proctologic
877 1647 245 64 society.

149 1724 1997 148 Transactions … Thirty-fourth annual session, held in Chicago, Illinois, June 12 and 13, 1933. Birmingham, Ala.,
147 1881 305 53 American
482 1881 263 69 printing
773 1899 279 51 company
1131 1885 150 63 [c1933]

217 1956 1064 49 ix, [1], 168, [4] p. illus., col. pl. 23½ cm .
217 2012 157 42 “Cecil
402 2014 56 40 D.
489 2012 197 48 Gaston,
716 2012 199 42 editor.”

148 2066 51 51 ©
232 2071 116 38 Nov.
381 2071 69 46 25,
484 2070 113 40 1933
616 2081 8 29 :
659 2071 67 39 2c.
761 2072 94 38 and
889 2070 79 39 aff.
1004 2071 111 39 Dec.
1151 2071 52 45 8;
1240 2071 40 37 A
1312 2070 171 46 67412;
1519 2070 158 40 Amer.
1713 2071 292 47 proctologic
2040 2082 107 34 soc.,

217 2127 348 47 Birmingham,
595 2127 106 40 Ala.

147 2201 120 55 The
297 2199 382 63 Americana;
712 2221 30 33 a
772 2203 288 51 universal
1089 2202 287 52 reference
1405 2201 235 68 library,
1671 2202 351 68 comprising
2050 2202 94 51 the

216 2285 118 48 arts
367 2283 113 51 and
514 2281 256 66 sciences,
803 2280 315 67 literature,
1151 2280 239 68 history,
1423 2279 339 69 biography,
1796 2282 349 66 geography,

213 2376 321 50 commerce,
589 2364 118 61 etc.,
761 2359 64 51 of
875 2359 95 52 the
1023 2359 198 53 world.
1298 2358 395 68 Biographies.
1770 2360 139 51 New
1963 2360 179 64 York,

216 2435 268 69 Chicago,
516 2437 341 53 Americana
889 2437 364 67 corporation
1292 2472 11 32 :
1308 2443 17 21 c
1332 2441 149 62 1933]

220 2509 730 49 1 p. l. , 190 p. ports. 26 cm .
149 2564 51 52 ©
230 2568 101 41 Oct.
359 2568 69 46 23,
457 2568 112 40 1933
589 2579 7 35 ;
627 2568 66 40 2c.
723 2568 102 41 Oct.
854 2568 81 47 25;
968 2567 80 41 aff.
1077 2567 119 40 Nov.
1225 2567 82 47 20;
1339 2567 41 40 A
1408 2567 169 46 68213;
1610 2567 288 40 Americana
218 2576 1912 89 corporation.
403 2625 280 48 (33-34605)

149 2700 358 54 Architects’
541 2716 352 48 emergency
924 2699 358 56 committee.

219 2776 176 55 Great
423 2777 289 68 Georgian
737 2777 201 53 houses
967 2776 62 55 of
1055 2776 284 68 America,
1367 2777 303 68 published
1698 2777 94 53 for
1818 2778 95 53 the
1941 2777 206 53 benefit

149 2855 63 51 of
243 2855 96 53 the
369 2854 324 53 Architects
726 2873 332 50 emergency
1091 2856 318 52 committee
1441 2856 75 67 by
1549 2856 96 52 the
1676 2856 292 53 Editorial
151 2876 1969 124 committee,

413 2932 242 68 Dwight
705 2933 194 53 James
951 2933 205 66 Baum,
1208 2934 256 52 Richard
1518 2934 77 51 H.
1649 2935 185 65 Dana,
1884 2935 259 53 William

154 3010 1969 127 Emerson [and others] … William Lawrence Bottomley, chairman.
362 3087 140 53 New
533 3088 179 66 York,
742 3087 241 53 Printed
1015 3088 75 67 by
1120 3089 95 52 the
1247 3089 281 53 Kalkhoff
1561 3109 173 49 press,
1764 3092 126 63 inc.,
1925 3095 150 50 1933.

220 3157 86 42 264
346 3171 43 37 p.
433 3160 108 41 incl.
584 3161 164 48 front.,
791 3161 143 47 illus.,
979 3162 159 48 plates
1166 3162 135 49 (part
1343 3164 196 47 double)
1592 3163 141 49 plans
1762 3166 134 48 (part
1941 3167 196 48 double)

149 3218 212 41 facsims.
421 3217 58 41 36½
511 3221 44 21 cm
559 3251 8 8 .

223 3275 256 40 Foreword
505 3275 194 48 signed:
728 3276 56 39 R.
813 3276 51 40 T.
891 3275 59 41 H.
979 3276 198 47 Halsey.

151 3329 51 51 ©
228 3334 116 39 Nov.
370 3334 68 45 13,
464 3333 140 40 1933:
632 3334 66 40 2c.
724 3333 117 39 Nov.
868 3333 81 46 16;
978 3333 80 40 aff.
1085 3333 117 39 Nov.
1231 3335 80 40 17;
1342 3336 39 37 A
1407 3336 169 47 68116;
1607 3337 242 41 Editorial
1875 3341 274 41 committee

221 3390 51 40 of
300 3390 82 40 the
411 3389 148 41 Great
588 3389 240 47 Georgian
857 3390 174 38 houses
1058 3389 57 40 of
1139 3390 238 47 America,
1407 3392 117 40 New
1553 3394 142 39 York.

232 3446 278 47 (33-34801)

153 3522 178 64 Arno,
361 3523 157 62 May.

218 3598 210 55 Grains
470 3597 63 52 of
575 3598 158 67 sand,
775 3597 76 68 by
889 3597 140 68 May
1070 3597 191 69 Arno;
1308 3599 379 56 illustrations
1727 3602 74 69 by
1842 3605 185 55 Marie
2069 3609 77 51 H.

150 3675 1868 75 McFerson. Dallas, Tex., The Kaleidograph press [ c 1933]
219 3763 31 27 x
275 3762 57 37 p.,
358 3750 25 39 1
407 3751 45 47 l.,
478 3748 142 41 13-83
646 3760 42 37 p.
715 3748 109 41 incl.
850 3749 163 47 front.,
1042 3748 142 49 illus.,
1211 3752 121 46 port.
1392 3750 118 43 20cm.

222 3808 145 40 “This
398 3808 191 39 volume
618 3806 43 40 is
691 3806 163 39 issued
885 3807 78 38 for
994 3807 84 39 the
1110 3807 317 41 convenience
1458 3810 96 39 and
1587 3812 224 46 pleasure
1841 3815 51 39 of
1923 3818 224 41 students

151 3866 50 39 of
228 3866 80 39 the
337 3864 172 48 speech
537 3862 341 41 arts.”—Pref.

221 3923 182 38 Poems.

157 3976 51 51 ©
235 3981 117 38 Nov.
379 3980 40 46 2,
447 3978 112 40 1933
578 3987 8 36 ;
617 3977 65 39 2c.
711 3977 118 39 Nov.
858 3976 81 46 16;
970 3976 80 39 aff.
1080 3977 117 40 Nov.
1228 3980 80 42 10;
1339 3978 41 39 A
1408 3979 169 47 68104;
1609 3982 364 51 Kaleidograph
2002 3998 150 37 press.

233 4035 277 39 (33—34778)
