2582 4453
0 0 0 0 756
382 381 296 68 Mikusch,
711 382 307 66 Dagobert
1050 399 134 40 von.

519 474 1866 71 … Muhammed; tragödie des erfolgs. Leipzig, P. List [ c 1932]
455 563 100 47 211,
591 564 55 50 [1]
676 573 44 38 p.
781 563 58 39 22
842 565 14 21 cm
891 595 9 9 .

390 633 2021 52 © Oct. 10, 1932; 1c. Mar. 22, 1933; A -Foreign 20344; Paul. List vertag.
471 693 283 50 (33-13159)

388 796 334 68 [Moriarty,
753 799 150 53 Leta
931 797 180 68 Belle]
1148 803 174 50 1905-

458 889 207 54 Riches
703 890 221 68 untold,
962 889 75 70 by
1076 890 274 53 Florence
1386 890 219 69 Tracey
1667 890 195 69 [pseud.]
1962 889 449 70 Independence,

385 968 136 68 Mo.,
548 968 223 55 Herald
803 967 339 70 publishing
1168 968 173 53 house
1375 1002 12 35 [
1393 975 17 21 c
1417 971 133 49 1933
1558 1002 12 34 ]

456 1054 86 41 262
607 1088 9 9 p.
673 1053 118 42 20cm.

391 1126 51 52 ©
474 1131 114 47 Apr.
621 1130 68 45 15,
721 1130 141 47 1933;
895 1130 68 41 2c.
996 1131 115 46 May
1141 1130 83 47 10;
1257 1130 84 41 aff.
1373 1131 116 47 May
1519 1130 53 47 8;
1606 1130 41 39 A
1678 1130 172 46 61782;
1885 1130 189 40 Herald
2105 1130 110 49 pub.
2246 1131 166 40 house.

472 1188 283 48 (33-12645)

383 1294 257 65 Morton,
673 1294 256 53 Edward
960 1294 280 55 Thomas.

456 1384 323 55 Historical
804 1385 328 70 highlights
1159 1385 62 53 in
1246 1384 311 54 American
1582 1385 243 69 history,
1851 1385 77 70 by
1955 1385 68 53 E.
2049 1385 66 53 T.
2143 1385 265 69 Morton;

387 1484 31 33 a
445 1464 154 54 brief
624 1465 114 53 and
765 1464 218 54 concise
1009 1464 298 53 historical
1332 1464 220 53 outline
1577 1464 64 53 of
1666 1464 98 53 the
1788 1470 151 48 most
1961 1464 230 53 notable
2218 1469 195 49 events

387 1544 151 53 since
568 1543 96 53 the
693 1543 311 53 American
1035 1543 325 52 revolution
1391 1548 58 48 to
1479 1543 116 53 this
1626 1543 150 67 date,
1807 1543 143 52 with
1982 1562 31 33 a
387 1543 2000 132 comprehensive

542 1621 1871 71 chart of business activities since 1857 … Framingham,
385 1701 194 68 Mass.,
606 1701 306 53 Lakeview
941 1719 177 50 press,
1148 1703 152 50 1933.

458 1788 57 41 23
544 1799 45 38 p.
650 1789 181 47 diagrs.
894 1788 57 40 23
955 1790 44 21 cm
1004 1819 10 10 .

389 1858 53 52 ©
470 1863 114 47 Apr.
613 1861 69 48 10,
712 1861 114 40 1933
846 1872 8 35 ;
884 1861 68 40 2c.
983 1861 96 39 and
1108 1859 84 43 aff.
1222 1861 114 48 May
1365 1860 81 47 15;
1478 1861 42 38 A
1548 1860 172 47 62674;
1754 1861 53 39 E.
1837 1861 51 38 T.
1921 1861 208 47 Morton,
458 1859 1937 107 Framingham,
616 1921 149 38 Mass.
837 1918 283 49 (33-13078)

383 2024 181 65 Moss,
595 2024 209 54 James
833 2022 234 67 Alfred,
1102 2024 172 55 1872-

459 2118 121 52 The
609 2116 172 69 spirit
809 2116 64 54 of
900 2117 97 53 the
1024 2116 312 53 American
1364 2115 144 70 flag;
1539 2135 73 34 an
1641 2116 375 68 explanation
2044 2115 65 54 of
2135 2116 96 53 the
387 2134 2001 115 symbolism
625 2196 64 53 of
719 2196 97 53 the
845 2195 116 70 flag
992 2195 64 53 of
1087 2195 97 53 the
1217 2194 220 55 United
1473 2194 209 69 States,
1713 2214 31 33 a
1778 2194 317 54 discussion
2127 2194 64 54 of
2225 2194 186 54 forces

388 2275 368 69 threatening
778 2274 311 53 American
1113 2274 181 53 ideals
1317 2274 114 53 and
1457 2272 379 70 institutions,
1861 2274 113 53 and
2001 2274 150 53 rules
2179 2273 94 52 for
389 2272 1997 152 displaying
683 2354 114 52 and
850 2353 326 69 respecting
1228 2370 104 34 our
1383 2351 261 53 national
1698 2352 258 68 emblem,
2010 2352 232 53 written
2297 2352 114 54 and

388 2430 2025 72 copyrighted … by James A. Moss … introduction by Henry
391 2508 2021 72 L. Stimson … Washington, D. C., The United States flag
387 2590 344 54 association
767 2623 13 34 [
785 2595 18 22 c
809 2592 153 64 1933]

457 2678 86 41 176
568 2689 44 38 p.
674 2678 129 41 illus.
833 2678 137 48 (part
997 2677 113 48 col.)
1181 2676 147 41 28½cm.

461 2749 130 43 “The
630 2758 230 39 program
901 2748 52 40 of
993 2748 234 48 patriotic
1268 2747 315 41 educational
1622 2748 136 39 work
1800 2747 54 41 of
1892 2748 83 41 the
2018 2747 181 42 United
2246 2747 163 42 States

389 2803 1319 53 flag association … is based on this book.”—p. [2]
459 2863 379 49 Bibliography:
873 2872 44 38 p.
950 2861 219 41 175-176.

394 2934 54 52 ©
477 2939 111 39 Feb.
618 2937 69 46 10,
718 2937 142 46 1933;
891 2937 69 39 2c.
989 2937 97 39 and
1115 2935 84 41 aff.
1230 2936 115 48 May
1374 2935 52 47 6;
1459 2935 42 39 A
1529 2935 171 47 61649;
1735 2936 43 40 J.
1809 2935 54 41 A.
1895 2937 146 47 Moss,
2072 2933 339 50 Washington.

471 2995 283 48 (33-13075)

386 3100 202 65 Mund,
619 3100 238 54 Vernon
889 3099 256 64 Arthur,
1177 3103 173 50 1906-

459 3191 1884 70 Monopoly; a history and theory, by Vernon A. Mund …
389 3272 327 68 Princeton,
745 3271 310 55 Princeton
1083 3270 322 68 university
1434 3288 175 51 press,
1642 3274 150 51 1933.

462 3362 48 38 vi
540 3371 58 38 p.,
628 3360 27 39 2
681 3361 44 46 l.,
759 3358 177 50 [3]-164
965 3370 44 37 p.
1070 3357 180 49 diagrs.
1312 3357 148 43 23½cm.

464 3434 172 40 Issued
666 3433 104 40 also
798 3443 55 29 as
881 3430 154 42 thesis
1071 3431 110 48 (PH.
1241 3431 35 48 D.)
1313 3430 259 40 Princeton
1603 3429 287 49 university.

463 3491 380 48 Bibliography:
880 3501 42 37 p.
961 3488 250 51 [153]-160.

394 3560 51 52 ©
482 3565 115 47 Apr.
633 3564 69 45 20,
740 3563 112 40 1933
871 3573 9 35 ;
920 3564 67 39 2c.
1024 3562 115 48 Apr.
1175 3561 83 47 21;
1297 3560 83 41 aff.
1417 3560 113 48 Apr.
1568 3560 82 47 22;
1690 3561 41 38 A
1768 3560 172 42 61464:
1980 3560 261 41 Princeton
2278 3558 130 41 univ.

463 3632 150 36 press.
686 3619 283 47 (33-13210)

388 3721 1995 151 New Jersey and Atlantic digest. May, 1933, cumulative pamphlet … St. Paul, West publishing co. [ c 1933 1
461 3894 86 40 268
576 3904 42 38 p.
678 3894 117 40 24cm.

397 3961 53 52 ©
483 3966 78 38 May
627 3965 39 46 5,
699 3964 140 47 1933;
873 3965 66 39 2c.
973 3964 127 39 June
1132 3964 81 46 13;
1249 3962 83 43 aff.
1365 3963 126 40 June
1524 3962 81 46 14;
1641 3962 40 38 A
1713 3960 171 42 63192:
1919 3962 137 39 West
2085 3961 110 47 pub.
2227 3970 69 30 co.
