2484 4405
1054 4070 133 51 1451

108 442 201 63 Davis,
339 439 229 54 Marion
597 440 174 52 Hart.

179 509 1921 75 Supplementary exercises in Isaac Pitman shorthand … by
108 586 1968 154 Marion Hart Davis … bk. l. New York, Pitman publishing corporation [c1933]
177 746 68 47 iii,
279 744 112 41 5-71
425 755 41 37 p.
529 744 55 40 18½
616 745 45 21 cm
664 773 9 9 .

183 798 74 43 On
303 810 167 30 cover:
521 800 41 37 A
609 798 152 41 series
807 797 52 42 of
907 798 182 48 graded
1139 796 252 47 exercises,
1443 794 230 50 specially
1722 794 235 49 compiled
2008 796 97 39 and

112 856 211 49 adapted
346 856 79 42 for
447 867 86 31 use
557 856 122 40 with
702 854 144 42 “New
871 854 238 40 standard
1135 863 169 31 course
1327 853 50 39 in
1402 852 142 41 Isaac
1569 850 195 42 Pitman
1790 852 314 42 shorthand”.

113 913 52 51 ©
198 918 126 46 Sept.
355 916 68 45 14,
454 914 140 46 1933;
627 913 66 39 2c.
725 913 97 39 and
852 911 80 40 aff.
969 912 127 46 Sept.
1129 911 81 46 15;
1244 911 42 38 A
1316 909 169 47 66047;
1520 910 196 39 Pitman
1746 910 108 48 pub.
181 918 1909 94 corporation.

366 970 278 50 (33-30124)

111 1073 227 65 Fisher,
369 1074 127 52 Ella
524 1074 266 62 Warner,
819 1089 178 48 comp.

180 1151 121 52 The
328 1168 123 34 new
480 1149 195 53 sketch
703 1148 162 67 book,
898 1167 71 34 an
1003 1148 314 67 anthology
1346 1147 63 53 of
1440 1147 200 67 voices,
1671 1146 76 67 by
1776 1146 136 52 Ella

110 1146 1971 146 Warner Fisher. Shelburne, Vt., The Excelsior press [ c 1933]
183 1300 69 48 85,
290 1300 54 50 [2]
377 1311 44 37 p.
481 1299 55 40 19
539 1300 44 22 cm
587 1331 9 8 .

115 1354 51 52 ©
205 1359 116 46 July
356 1357 69 47 15,
463 1356 139 46 1933;
643 1356 67 39 2c.
749 1356 118 46 July
901 1355 82 46 31;
1025 1354 82 40 aff.
1149 1354 100 40 Oct.
1287 1355 26 38 2
1332 1365 8 35 ;
1381 1354 43 38 A
1458 1353 172 43 66470;
1673 1353 252 41 Excelsior
1960 1364 149 38 press.

184 1415 206 41 Stanton
421 1415 51 38 E.
505 1413 184 48 Muzzy,
721 1413 101 39 sole
852 1422 175 37 owner,
1063 1411 281 47 Shelburne,
1377 1411 77 40 Vt.
1525 1411 279 49 (33-30117)

110 1518 289 67 Fletcher,
429 1519 221 63 Joseph
680 1516 214 65 Smith,
927 1522 171 50 1863-

244 1591 1865 72 … The grocer’s wife … London, Hutchinson & co., ltd.
118 1677 173 65 [1933]

181 1750 29 37 4
235 1759 43 37 p.
340 1778 9 17 l.,
377 1747 175 41 13-286
577 1758 42 37 p.
677 1746 55 40 19½
764 1748 45 21 cm
812 1777 9 8 .

185 1805 63 40 At
273 1805 124 39 head
423 1804 51 40 of
499 1803 135 40 title:
661 1804 41 38 A
726 1804 140 39 novel
891 1802 61 48 by
978 1803 43 40 J.
1051 1803 45 40 S.
1125 1802 236 40 Fletcher.

185 1861 214 41 “Second
427 1858 329 50 impression.”

118 1914 1996 51 © 1c. Sept. 19, 1933 ; A ad int. 18187; pubd. July 21; J. S. Fletcher,
186 1974 230 47 Dorking,
449 1974 232 47 England.
754 1972 279 49 (33-29810)

116 2077 198 63 Gates,
344 2077 114 63 Jay
488 2077 327 62 Raymond.

187 2156 131 49 1933
369 2154 376 68 supplement.
821 2152 192 55 Gates’
1065 2153 152 55 Ohio
1267 2153 364 67 corporation
1682 2154 249 67 manual,
117 2172 1969 127 containing
366 2250 124 35 new
516 2237 138 61 text,
683 2231 179 52 forms
891 2231 112 53 and
1032 2230 363 55 annotations
1423 2237 59 46 to
1510 2232 246 55 October
1783 2236 132 48 1933
117 2234 1969 144 (covering
317 2311 78 51 all
434 2309 150 55 Ohio
624 2315 187 48 courts
851 2310 112 51 and
1001 2309 265 68 opinions
1306 2309 62 55 of
1405 2310 96 53 the
1542 2314 262 64 attorney
1842 2310 256 68 general)

116 2384 1969 134 By the publisher’s editorial staff … Cleveland, Banks-Baldwin
255 2465 1007 68 law publishing company [ c 1933]
187 2539 283 47 cover-title,
500 2540 24 38 1
555 2550 41 37 p.
663 2570 8 16 l.,
701 2538 87 40 176
815 2550 43 36 p.
917 2538 56 40 19½
1004 2541 44 20 cm
1053 2572 8 8 .

120 2592 51 53 ©
197 2596 101 41 Oct.
322 2596 68 48 13,
414 2595 113 41 1933
546 2607 8 36 ;
581 2596 67 40 2c.
672 2597 95 39 and
792 2595 81 41 aff.
900 2595 100 41 Oct.
1027 2595 81 48 16;
1136 2596 41 39 A
1201 2595 170 48 66645;
1404 2595 211 41 William
1640 2597 214 40 Edward
1876 2596 238 51 Baldwin,

186 2654 273 41 Cleveland.

118 2756 278 66 Gollomb,
435 2757 238 64 Joseph,
713 2760 173 50 1881-

185 2835 123 51 The
335 2833 223 52 curtain
588 2833 63 52 of
679 2839 195 58 storm,
902 2833 74 69 by
1007 2834 214 67 Joseph
1255 2833 282 55 Gollomb.
1612 2835 138 53 New
1784 2835 178 68 York,
1992 2835 121 54 The

118 2912 331 52 Macmillan
479 2929 297 51 company,
811 2914 153 52 1933.

188 2986 26 38 5
242 2996 43 37 p.
347 3016 9 16 l.,
385 2985 85 39 244
498 2995 44 38 p.
601 2984 58 41 19½
689 2987 44 22 cm
736 3016 10 10 .

123 3038 52 51 ©
205 3043 100 40 Oct.
335 3044 69 45 17,
434 3042 112 40 1933
565 3053 8 36 ;
605 3043 66 40 2c.
703 3044 95 39 and
828 3043 81 39 aff.
942 3043 101 40 Oct.
1074 3043 81 45 18;
1188 3044 43 38 A
1258 3043 171 48 66651;
1463 3044 281 40 Macmillan
1774 3055 68 30 co.

197 3099 277 48 (33-30145)

122 3202 308 65 Goodnow,
471 3201 240 67 Minnie,
755 3203 170 53 1871-

193 3276 1922 75 Outlines of nursing history, by Minnie Goodnow … 5th ed.,
125 3361 155 47 reset.
357 3354 403 70 Philadelphia
802 3358 112 52 and
955 3357 257 67 London,
1252 3357 88 53 W.
1383 3358 66 52 B.
1493 3357 287 55 Saunders
1822 3377 294 51 company,

127 3435 147 49 1933.

195 3488 1317 69 2 p. l. 3-517 p. illus. (incl. ports., maps) 20cm.
128 3557 50 52 ©
205 3562 99 41 Oct.
331 3564 68 45 13,
427 3563 111 40 1933
558 3575 8 31 ;
594 3564 67 40 2c.
689 3566 95 38 and
810 3565 80 39 aff.
920 3565 100 40 Oct.
1050 3566 81 46 17;
1160 3567 42 37 A
1229 3565 169 48 65664;
1428 3568 70 39 W.
1527 3568 54 38 B.
1613 3568 245 40 Saunders
1886 3579 66 30 co.

207 3619 278 48 (33-30087)

128 3707 283 66 Granger,
442 3709 265 54 Percival
738 3711 73 55 H.

199 3784 121 55 One
359 3786 258 54 hundred
660 3788 111 51 and
808 3787 366 69 seventy-five
1210 3808 161 49 years
1411 3789 64 54 of
1511 3791 249 55 masonic
1798 3790 219 73 history
2055 3793 66 53 of

129 3861 1965 147 Lodge no. 2, 1758-1933, by Percival H. Granger … Philadelphia,
311 3940 99 54 Pa.
448 3940 162 69 [Wm.
644 3942 62 50 F.
741 3942 124 51 Fell
896 3961 95 50 co.,
1023 3944 266 69 printers]
1326 3948 150 50 1933.
