2575 4405
1098 4090 100 54 187

143 446 225 53 Oxford
397 446 114 52 and
539 443 280 66 Asquith,
847 445 237 64 Margot
1112 444 281 65 Asquith,
1421 451 256 50 countess
1706 445 79 69 of.

211 522 161 53 More
399 522 313 67 memories,
742 522 75 66 by
844 523 164 67 Lady
1039 521 248 55 Oxford.
1367 522 363 67 [Instalment
1760 526 48 63 9]

225 595 77 48 (In
335 593 199 42 London
563 592 201 52 Sunday
793 592 165 51 times,
987 592 112 43 Jan.
1130 595 40 48 1,
1202 593 143 50 1933)

149 649 1976 107 © 1c. Feb. 27, 1933; A ad int. 17492; pubd. Jan. 1; Emma Alice Margaret
382 710 222 39 Tennant
635 708 224 48 Asquith,
893 711 225 38 countess
1151 708 51 39 of
1235 708 189 41 Oxford
1457 710 96 38 and
1585 708 225 48 Asquith,
1844 707 213 42 London.

140 854 454 65 Pennsylvania.
669 854 369 64 University.
1118 855 332 68 University
1478 873 273 37 museum.

141 933 1977 132 … Examples of Maya pottery in the museum and other collections.
466 1011 214 53 Edited
731 1013 74 67 by
858 1013 69 54 G.
979 1015 66 50 B.
1100 1012 253 55 Gordon.
1451 1018 82 62 [pt.
1588 1016 47 63 1]
1714 1012 428 69 Philadelphia,

141 1091 120 53 The
288 1090 336 69 University
651 1109 274 49 museum,
955 1093 150 51 1925.

213 1168 26 36 2
268 1176 42 37 p.
363 1196 23 16 l.,
417 1176 98 28 xxv
544 1165 160 40 numb.
736 1165 88 40 col.
853 1166 172 47 plates.
1086 1164 54 39 52½
1173 1166 44 20 cm
1222 1193 10 10 .

215 1224 62 38 At
316 1222 124 40 head
477 1222 50 38 of
566 1221 133 40 title:
743 1221 281 48 University
1064 1222 51 39 of
1153 1221 373 47 Pennsylvania.
1596 1221 100 38 The
1736 1219 270 50 university
143 1232 1985 87 museum.

149 1331 51 52 ©
235 1336 115 39 Nov.
386 1336 68 44 13,
489 1334 140 47 1925;
665 1334 67 41 2c.
767 1335 113 40 Dec.
914 1334 70 48 30,
1019 1333 140 48 1932;
1198 1333 82 43 aff.
1317 1335 110 40 Feb.
1462 1334 69 48 16,
1568 1333 140 49 1933;
1747 1335 42 38 A
1823 1333 170 49 60352;
215 1334 1914 106 University

431 1401 231 39 museum,
694 1391 356 48 Philadelphia.

146 1484 108 51 Phi
282 1483 194 64 kappa
507 1484 212 62 sigma.

215 1562 244 52 General
500 1559 239 68 register
779 1559 65 51 of
883 1559 96 51 the
1018 1557 273 56 members
1334 1559 63 51 of
1438 1559 96 53 the
1574 1558 114 52 Phi
1727 1557 193 69 kappa
1962 1559 182 69 sigma

147 1638 326 68 fraternity,
505 1640 326 51 1850-1930.
907 1636 426 70 Philadelphia,
1366 1640 151 51 1930.

212 1711 115 42 1023
355 1723 43 38 p.
426 1712 110 41 incl.
565 1713 164 47 front.,
758 1711 131 41 illus.
948 1712 150 47 ports.
1156 1710 57 41 23½
1245 1713 45 22 cm
1294 1743 10 9 .

214 1770 203 39 Preface
450 1769 194 47 signed:
682 1769 182 40 Robert
897 1769 43 40 J.
976 1768 229 48 Pilgram,
1240 1768 131 48 Zeta,
1406 1766 83 50 ’98,
1521 1768 156 48 grand
1709 1766 208 48 upsilon.

215 1826 241 42 “Seventh
483 1824 227 42 edition.”

216 1883 376 48 “Bibliography
619 1883 51 39 of
697 1882 81 39 the
802 1879 325 48 fraternity”:
1155 1892 43 37 p.
1223 1881 159 40 21-23.

149 1936 1997 52 © Feb. 12, 1931; 2c. Jan. 20, 1933; aff. Jan. 26; A 60030; Phi kappa
217 1997 152 48 sigma
400 1996 280 47 fraternity,
714 1994 356 49 Philadelphia.
1141 1994 251 50 (33-2500)

145 2088 338 65 Photiadès,
515 2086 376 56 Constantin.

218 2163 188 56 Count
434 2163 339 68 Cagliostro,
801 2180 73 38 an
903 2160 289 54 authentic
1219 2167 155 64 story
1403 2161 64 53 of
1497 2184 30 33 a
1556 2161 338 69 mysterious
1921 2161 124 69 life,
2074 2162 73 69 by

147 2242 340 55 Constantin
515 2239 327 55 Photiadès.
906 2239 258 68 London,
1192 2238 180 55 Rider
1397 2240 46 50 &
1472 2257 77 35 co.
1584 2242 174 66 [1932]

214 2313 87 42 288
335 2323 44 40 p.
442 2312 137 41 front.
621 2311 173 50 (port.)
840 2311 130 42 illus.
997 2310 186 51 (maps)
1230 2323 64 39 pl.
1359 2313 58 39 24
1418 2313 45 23 cm
1466 2344 10 10 .

215 2372 203 39 Preface
451 2369 196 49 signed:
685 2370 59 40 K.
784 2370 44 40 S.
869 2369 316 47 Shelvankar,
1222 2370 284 40 translator.

150 2427 1998 52 © 1c. Jan. 21, 1933; A ad int. 17435; pubd. Nov. 25, 1932; Constantin
219 2488 275 47 Photiadès,
529 2486 155 40 Paris.
755 2485 251 49 (33-4606)

147 2591 174 65 Piéri,
349 2592 169 55 Jean.

214 2669 84 52 La
325 2668 173 52 fièvre
525 2666 494 68 exanthématique
1049 2668 77 52 du
1153 2667 221 53 littoral
1399 2666 451 54 méditerranéen
1879 2687 71 33 ou
1977 2666 171 55 fièvre

148 2743 2000 71 boutonneuse, par Jean Piéri … Avec 18 figures dans le texte.
146 2827 184 67 Paris,
360 2824 68 56 G.
459 2825 153 53 Doin
641 2827 46 50 &
715 2843 28 34 ci
763 2831 18 21 e
786 2867 11 25 ,
829 2827 151 50 1933.

218 2901 26 39 2
274 2911 45 38 p.
371 2932 22 16 l.,
427 2900 56 39 84
514 2911 42 37 p.
618 2899 142 47 illus.,
793 2898 181 49 diagrs.
1034 2898 58 40 27
1093 2900 44 21 cm
1142 2931 8 8 .
1221 2897 300 51 (Half-title:
1553 2899 68 40 La
1656 2899 224 49 pratique
1914 2899 235 41 médicale

147 2957 246 49 illustrée)

217 3015 264 41 Published
509 3013 128 42 1932.

219 3070 419 51 “Bibliographie”
657 3082 10 30 :
698 3082 45 37 p.
776 3070 192 50 [75]-81.

152 3127 1996 52 © Sept. 19, 1932; 1c. Dec. 29; A-Foreign 19075; Gaston Doin & cie.
234 3187 249 49 (33-4581)

149 3291 374 64 Pittsburgh.
597 3289 370 64 University.
1039 3290 219 53 Mellon
1298 3290 263 53 institute
1604 3291 65 68 of
1708 3290 313 55 industrial
219 3308 1901 117 research.

280 3444 1868 70 … A select, annotated bibliography on the hygienic aspects
149 3524 64 53 of
247 3524 316 52 aluminum
597 3523 113 53 and
745 3522 317 53 aluminum
1098 3522 265 67 utensils;
1402 3521 141 54 with
1581 3541 31 34 a
1650 3522 231 69 preface
1917 3524 76 68 by
151 3524 1970 130 Edward

347 3602 67 51 R.
455 3601 288 54 Weidlein
785 3601 114 52 and
942 3619 72 34 an
1055 3599 391 54 introduction
1486 3600 76 70 by
1605 3599 221 72 George
1869 3602 72 52 D.
1987 3602 161 54 Beal.

150 3679 358 69 Pittsburgh,
533 3681 121 65 Pa.,
682 3680 152 52 1933.

220 3753 63 44 xi,
311 3752 69 47 69,
413 3752 83 50 [10]
525 3762 42 37 p.
625 3751 55 40 23
685 3754 44 21 cm
733 3783 9 9 .
809 3751 98 48 (Its
932 3751 364 49 Bibliographic
1324 3751 164 40 series.
1545 3751 218 41 Bulletin
1791 3762 76 30 no.
1894 3752 52 48 3)

222 3809 63 39 At
311 3809 121 39 head
461 3809 52 39 of
539 3811 124 45 t.-p.:
693 3808 180 41 Mellon
901 3807 226 41 institute
1152 3809 51 39 of
1229 3807 266 41 industrial
1522 3808 239 40 research.

221 3864 132 41 “List
380 3864 53 40 of
453 3864 290 48 periodicals
769 3863 336 42 abstracted”:
1132 3873 42 39 p.
1204 3864 126 40 vi-x.

155 3924 51 52 ©
234 3929 108 39 Jan.
369 3929 68 47 31,
464 3926 140 49 1933;
633 3927 67 41 2c.
728 3930 96 38 and
851 3928 81 40 aff.
961 3929 108 38 Feb.
1098 3929 52 45 3;
1180 3929 41 37 A
1248 3927 168 47 60185;
1449 3929 177 39 Mellon
1655 3928 227 41 institute
1909 3928 52 40 of
222 3927 1908 98 industrial

375 3985 238 47 research,
651 3985 105 48 inc.,
794 3985 301 47 Pittsburgh.
1166 3985 249 48 (33-3308)
