2575 4405
1073 4069 99 49 149

102 436 357 61 Fernandez,
487 434 247 53 Ramon.

231 505 1378 74 … Le pari, roman. [Paris] Gallimard [1932]
169 580 742 55 2 p. l., [7]-328 p., 2 l. 19 cm .
106 653 52 52 ©
181 658 118 39 Nov.
322 656 40 46 5,
385 653 140 48 1932;
551 655 18 38 3
581 665 37 29 c.
644 654 108 39 Jan.
779 650 206 49 9,1983;
1011 649 311 49 A-Foreign
1348 648 170 48 19263;
1546 647 240 41 Librairie
1814 645 287 42 Gallimard.

182 711 249 51 (33-4196)

104 815 305 59 Freeman,
439 813 226 55 Walter
692 812 276 62 Jackson,
1003 816 171 51 1895-

170 890 532 69 Neuropathology;
738 889 96 52 the
870 886 338 55 anatomical
1243 884 342 55 foundation
1618 884 63 53 of

104 880 2002 157 nervous diseases, by Walter Freeman … Philadelphia and London,
105 1047 86 54 W.
226 1047 68 54 B.
328 1046 286 54 Saunders
646 1062 296 50 company,
976 1046 149 50 1933.

173 1129 806 52 2 p. l., 11-349 p. illus. 24 cm .
174 1200 348 42 “References”
553 1202 52 39 at
635 1201 91 39 end
756 1200 52 40 of
837 1201 118 40 each
986 1200 215 47 chapter.

110 1273 52 52 ©
189 1277 113 40 Feb.
329 1276 69 46 10,
426 1275 140 47 1933;
595 1275 68 41 2c.
691 1275 111 41 Feb.
831 1275 81 46 14;
943 1273 83 41 aff.
1055 1274 110 39 Feb.
1195 1274 82 46 15;
1308 1274 41 38 A
1376 1271 171 49 59436;
1578 1274 72 40 W.
1678 1273 52 39 B.
1764 1272 245 41 Saunders
2038 1282 69 30 co.

187 1333 250 49 (33-4080)

109 1435 207 66 Gavin,
347 1436 198 53 Frank
575 1437 256 54 Stanton
859 1436 215 64 Burns,
1106 1440 171 50 1890-

175 1513 123 53 The
323 1512 211 54 church
561 1513 114 52 and
701 1511 230 69 foreign
954 1509 292 70 missions;
1278 1531 31 33 a
1336 1509 170 55 series
1535 1510 64 54 of
1625 1510 159 54 three
1810 1510 296 55 editorials

107 1587 1976 150 in the Living church, by the Reverend Frank Gavin … Milwaukee,
380 1669 337 53 Morehouse
746 1667 338 70 publishing
1112 1684 79 37 co.
1228 1700 14 35 [
1246 1673 18 22 c
1269 1670 152 65 1933]

178 1754 431 49 22 p., 1 l. 21 cm .
181 1824 73 42 On
278 1835 165 30 cover:
469 1825 42 39 A
535 1824 272 41 discussion
834 1823 52 41 of
908 1824 83 40 the
1017 1825 164 46 report
1204 1823 53 41 of
1279 1823 81 41 the
1386 1823 256 49 Laymen’s
1667 1824 192 49 foreign
1884 1824 228 42 missions

111 1881 208 49 inquiry.

112 1950 52 52 ©
193 1955 109 39 Jan.
329 1953 69 46 16,
427 1952 113 41 1933;
597 1952 68 41 2c.
694 1953 109 39 Jan.
833 1951 82 48 26;
947 1951 81 42 aff.
1059 1953 110 39 Jan.
1198 1951 83 48 23;
1311 1952 42 39 A
1381 1951 171 49 60064;
1586 1954 289 41 Morehouse
1901 1954 110 48 pub.
2041 1966 69 30 co.

190 2009 250 50 (33-4059)

112 2112 309 66 Gerhardi,
449 2111 254 56 William
733 2111 356 67 Alexander,
1119 2117 170 50 1895-

179 2191 120 52 The
336 2190 263 54 memoirs
637 2190 64 53 of
740 2189 200 69 Satan,
976 2190 242 54 collated
1256 2191 75 68 by
1368 2191 262 56 William
1668 2194 287 55 Gerhardi
1993 2197 114 52 and

110 2268 180 55 Brian
319 2271 196 66 Lunn;
545 2268 143 54 with
713 2269 355 53 decorations
1093 2269 77 69 by
1196 2270 157 54 John
1380 2270 238 54 Austen.
1692 2271 232 55 Garden
1956 2273 152 71 City,

110 2348 68 55 N.
207 2350 91 66 Y.,
323 2348 355 68 Doubleday,
704 2349 199 52 Doran
927 2351 47 52 &
998 2366 298 51 company,
1321 2347 126 70 inc.,
1475 2353 150 52 1933.

180 2446 46 37 x,
253 2434 86 42 355
365 2446 43 37 p.
467 2433 57 40 21
526 2435 44 22 cm
575 2466 10 9 .

182 2505 287 41 Illustrated
497 2504 364 49 lining-papers.

183 2562 163 41 “First
373 2561 228 43 edition.”

116 2631 52 52 ©
199 2635 112 41 Feb.
341 2636 69 46 15,
441 2633 114 42 1933;
614 2634 66 41 2c.
714 2636 95 39 and
842 2634 81 41 aff.
957 2635 111 41 Feb.
1098 2635 84 48 20;
1214 2636 42 39 A
1287 2635 170 49 59597;
1492 2637 216 42 William
1743 2640 240 41 Gerhardi
2016 2644 96 40 and

183 2692 154 40 Brian
363 2693 153 46 Lunn,
546 2692 213 40 London.
833 2691 251 50 (33-4:389)

115 2793 310 67 Goldberg,
455 2795 335 64 Benjamin,
823 2800 171 50 1893-

183 2871 346 55 Procedures
557 2873 62 52 in
651 2871 370 54 tuberculosis
1052 2872 234 69 control,
1318 2873 94 53 for
1440 2875 96 53 the
1568 2875 350 71 dispensary,
1950 2881 161 51 home

114 2946 1998 79 and sanatorium, by Benjamin Goldberg … with a chapter on
114 3026 1974 131 sanatorium planning, by Thomas B. Kidner … and an introduction
117 3101 1972 150 by David J. Davis … fifty-four illustrations. Philadelphia, F. A. Davis company, 1933.
183 3263 87 41 373
302 3275 42 37 p.
377 3263 110 42 incl.
518 3264 142 49 illus.,
691 3266 155 49 plans,
879 3266 194 51 diagrs.,
1102 3268 170 43 forms.
1328 3270 119 43 24cm.

186 3333 376 49 Bibliography;
603 3346 44 37 p.
685 3335 219 44 361-364.

122 3402 52 52 ©
201 3408 108 39 Jan.
336 3408 69 44 30,
432 3408 140 47 1933;
599 3408 68 41 2c.
693 3409 111 40 Feb.
832 3410 52 46 8;
914 3410 83 40 aff.
1024 3411 111 40 Feb.
1163 3411 82 48 10;
1273 3413 42 39 A
1340 3413 171 49 59376;
1542 3416 50 41 F.
1620 3417 55 42 A.
1702 3416 155 44 Davis
1884 3429 53 30 co

199 3463 251 50 (33-4079)

118 3566 280 67 Graham,
427 3570 224 54 Evarts
675 3570 92 66 A.,
794 3571 86 54 ed.

118 3643 1971 148 … General surgery, edited by Evarts A. Graham … Chicago,
302 3725 1212 75 The Year book publishers, inc. [ c 1933]
193 3811 1876 58 816 p. illus., tables, diagrs. 18½ cm . (The practical medicine series …
123 3867 156 40 Series
309 3866 138 50 1932)

127 3931 52 52 ©
202 3937 107 39 Jan.
335 3938 68 47 17,
426 3936 140 50 1933;
591 3939 68 41 2c.
682 3941 110 42 Jan.
816 3942 83 47 23;
925 3943 82 41 aff.
1030 3945 110 41 Jan.
1164 3945 83 49 25;
1272 3947 42 39 A
1337 3947 170 49 59097;
1534 3951 129 41 Year
1685 3952 122 40 book
1830 3953 275 48 publishers

195 3992 78 40 inc.
