2582 4453
1337 4139 134 49 1260

429 531 1955 70 … Chicago and New York, The American historical society,
368 615 124 66 inc.,
523 616 151 50 1933.

437 690 27 39 3
498 700 42 28 v.
601 689 165 45 front.,
800 688 128 39 illus.
959 687 134 47 (incl.
1128 687 162 48 maps)
1332 690 150 46 ports.
1541 687 56 40 27
1601 689 44 22 cm
1651 720 8 8 .

373 756 2014 53 © Sept. 5, 1933; 2c. each Aug. 31; aff. Sept. 7; A 65163; Amer. historical
443 831 108 35 soc.,
583 819 90 40 inc.
746 818 282 49 (33-23788)

376 924 121 52 The
525 923 144 52 Best
700 925 166 67 plays
893 922 64 54 of
988 927 239 49 1932-33
1258 926 112 51 and
1399 923 96 53 the
1527 924 153 51 Year
1707 922 148 54 book
1883 921 64 54 of
1974 924 95 51 the
2098 924 197 51 drama
2328 920 58 54 in

448 1002 284 54 America.
810 1001 213 55 Edited
1078 1001 75 68 by
1209 1003 192 52 Burns
1454 1002 237 52 Mantle.
1766 1001 164 54 With
1984 1001 397 53 illustrations.

447 1083 139 52 New
615 1082 180 64 York,
822 1082 190 58 Dodd,
1039 1082 166 52 Mead
1239 1082 111 52 and
1380 1099 300 49 company,
1710 1085 149 49 1933.

445 1157 50 39 ix
523 1168 57 37 p.,
608 1157 29 39 2
683 1187 22 15 l.,
733 1157 149 40 3-545
907 1167 42 37 p.
1005 1156 165 43 front.,
1200 1157 171 46 plates.
1428 1156 54 39 21
1487 1157 44 21 cm
1537 1186 7 7 .

377 1224 52 54 ©
459 1229 126 49 Sept.
614 1229 69 41 22.
711 1228 140 47 1933;
880 1228 25 39 2
910 1238 36 31 c.
976 1228 127 48 Sept.
1132 1228 81 46 28;
1244 1227 82 41 aff.
1357 1227 128 49 Sept.
1513 1227 82 48 29;
1625 1228 40 40 A
1691 1228 171 46 66355;
1893 1228 154 48 Dodd,
2077 1228 142 41 Mead
2247 1229 37 40 &
2308 1237 83 38 co.,

446 1287 91 40 inc.

374 1389 346 56 California.
796 1392 185 64 Laws,
1015 1395 260 61 statutes,
1309 1397 101 47 etc.

449 1471 120 52 The
606 1469 155 57 Civil
797 1470 136 53 code
969 1469 64 52 of
1067 1471 95 51 the
1198 1475 146 48 state
1379 1469 64 53 of
1479 1469 345 68 California,
1860 1470 294 67 approved
2188 1471 198 53 March

379 1553 85 63 21,
493 1549 152 67 1872,
672 1548 140 54 with
841 1550 392 52 amendments
1258 1567 79 50 up
1367 1555 57 47 to
1453 1549 94 53 the
1576 1551 107 51 end
1712 1549 63 52 of
1800 1550 97 52 the
1923 1549 230 69 regular
2182 1549 207 54 session

379 1628 63 52 of
469 1629 96 53 the
591 1628 219 53 fiftieth
837 1628 377 69 Legislature,
1243 1633 162 63 1933;
1437 1627 301 70 including
1765 1648 31 33 a
1823 1627 321 70 legislative
2173 1627 219 69 history

379 1707 65 52 of
476 1707 134 53 code
645 1705 260 70 sections,
940 1709 111 52 and
1086 1707 622 68 citations—Supreme
1745 1708 112 53 and
1890 1707 311 68 Appellate
2234 1713 161 47 court

382 1783 295 57 decisions.
743 1786 119 56 San
889 1787 325 67 Francisco,
1240 1787 71 55 A.
1401 1831 9 9 V.
1437 1787 156 54 Lake
1619 1790 46 50 &
1690 1805 79 35 co.
1803 1821 12 33 [
1821 1793 17 21 c
1845 1790 132 50 1933
1983 1819 13 34 ]

452 1860 936 50 2 p. l., vii-xii p., 1 l., 839 p. 19 cm .
457 1933 229 40 Lettered
713 1944 59 29 on
800 1944 169 30 cover:
1000 1933 274 42 California
1303 1932 126 42 Civil
1456 1934 130 47 code,
1615 1933 128 41 1933.

385 1999 52 53 ©
467 2004 121 48 Aug.
618 2004 69 44 24,
719 2003 142 48 1933;
895 2004 67 41 2c.
994 2006 98 39 and
1122 2004 82 40 aff.
1241 2005 127 47 Sept.
1401 2005 82 46 11;
1515 2004 41 39 A
1588 2003 171 48 64974;
1794 2004 52 39 A.
1880 2005 53 40 V.
1967 2004 131 40 Lake
2130 2004 37 41 &
2198 2015 66 29 co.
2347 1998 52 53 [©

453 2072 107 31 new
589 2065 196 48 matter]
859 2061 283 50 (33-23823)
2190 2059 119 44 8393

381 2162 309 70 Cameron,
722 2168 204 53 James
959 2169 170 64 Ross,
1166 2170 171 51 1886-

453 2243 226 54 Motion
729 2244 222 69 picture
1001 2244 322 70 projection
1372 2246 112 52 and
1533 2244 181 55 sound
1764 2244 268 69 pictures,
2081 2244 76 70 by
2206 2244 195 55 James

384 2322 68 53 R.
489 2320 311 70 Cameron;
838 2324 359 53 co-authors:
1233 2324 199 53 Aaron
1467 2324 225 68 Nadell,
1728 2324 157 54 John
1921 2324 66 55 F.
2025 2323 179 54 Rider
2264 2323 133 68 [and]

383 2400 220 70 Joseph
633 2401 71 54 A.
737 2401 272 71 Dubray;
1044 2401 394 56 introduction
1468 2402 77 70 by
1578 2402 103 54 Dr.
1717 2402 213 54 Alfred
1966 2402 69 54 N.
2071 2400 333 57 Goldsmith

386 2480 1993 149 … 5th ed. (fifteenth year) Woodmont, Conn., Cameron publishing company [ c 1933]
457 2632 103 51 xiii,
591 2633 204 42 15-1535
820 2643 44 40 p.
922 2633 144 50 illus.,
1094 2634 180 49 diagrs.
1332 2633 57 41 22½
1422 2635 45 23 cm
1471 2666 10 9 .

458 2704 119 41 This
602 2706 106 39 text
732 2704 42 41 is
799 2715 25 30 a
854 2705 212 41 revision
1092 2706 96 40 and
1214 2704 355 42 consolidation
1597 2705 53 39 of
1673 2707 95 39 two
1795 2704 228 49 previous
2050 2703 352 49 publications:

389 2761 186 41 Motion
605 2762 189 47 picture
822 2761 287 49 projection,
1139 2762 61 47 by
1233 2762 42 41 .T.
1308 2762 53 41 R.
1394 2762 235 41 Cameron
1674 2761 105 48 (4th
1812 2763 87 42 ed.,
1932 2760 139 49 1928)
2113 2762 93 39 and
2242 2760 160 42 Sound

390 2818 215 48 pictures
647 2820 95 39 and
788 2819 190 41 trouble
1022 2820 222 40 shooters
1288 2820 213 48 manual,
1543 2819 28 41 by
1649 2819 43 42 J.
1738 2819 54 41 R.
1840 2817 237 43 Cameron
2123 2818 94 41 and
2265 2818 43 41 J.
2373 2818 32 41 F".

390 2875 153 42 Rider
580 2874 162 53 (1930)

395 2945 53 52 ©
478 2950 130 40 June
635 2950 69 47 10,
735 2950 141 47 1933;
910 2952 67 40 2c.
1009 2950 119 49 July
1155 2951 83 46 21;
1270 2951 82 41 aff.
1384 2951 118 48 Aug.
1535 2951 83 46 23;
1652 2951 40 39 A
1724 2950 170 48 65061;
1929 2950 238 41 Cameron
2198 2949 110 49 pub.
2339 2958 68 31 co.

473 3006 282 49 (33-23796)

390 3109 193 69 Cisek,
617 3112 185 55 Oscar
833 3112 245 65 Walter,
1114 3113 173 54 1897-

528 3190 1877 69 … Unbequeme liebe, roman. Hamburg, Gebrüder Enoch
398 3300 12 34 [
416 3274 17 21 c
440 3270 136 51 1932
581 3301 11 34 ]

466 3340 87 42 302
587 3353 44 39 p.
693 3342 56 41 19½
782 3344 44 22 cm
831 3376 7 8 .

397 3409 52 53 ©
480 3414 102 41 Oct.
612 3415 38 46 1,
682 3414 140 47 1932;
854 3416 65 40 1c.
951 3416 116 48 July
1097 3417 81 42 24;
1210 3415 311 48 A-Foreign
1551 3415 170 43 21619;
1756 3415 250 41 Gebrüder
2037 3415 163 40 Enoch
2232 3414 179 46 verlag.

477 3472 281 48 (33-24481)

394 3572 205 68 Cover,
628 3576 156 54 John
813 3578 250 65 Higson,
1097 3581 170 51 1891-

469 3654 271 54 Business
771 3656 112 52 and
915 3659 264 65 personal
1211 3657 215 54 failure
1456 3659 111 52 and
1601 3657 417 66 readjustment
2047 3655 60 53 in
2138 3653 274 69 Chicago,

397 3729 2013 75 by John H. Cover … Chicago, Ill., The University of Chicago
399 3828 157 50 press
615 3814 152 65 [1933]

474 3883 1941 53 x. 106 p. fold. maps, diagrs. 23 cm . (Half-title: Studies in business
400 3940 417 43 administration,
876 3944 90 41 vol.
1062 3975 8 12 III.
1100 3956 75 29 no.
1203 3945 51 47 4)

402 4007 52 53 ©
488 4013 118 46 Aug.
640 4012 38 48 8,
713 4014 140 42 1933;
888 4014 67 41 2c.
989 4016 94 39 and
1118 4015 81 40 aff.
1231 4015 120 48 Aug.
1387 4016 47 39 11;
1506 4015 40 40 A
1580 4014 171 47 63889;
1789 4013 284 48 University
2106 4013 52 41 of
2191 4012 224 47 Chicago,

471 4069 222 48 Chicago.
771 4072 282 47 (33-23664)
