2484 4405
1078 4046 97 49 595

120 406 203 64 Rendl,
355 407 210 64 Georg,
598 412 169 49 1903-

119 478 1976 151 … Darum lob ich den sommer; geschichte einer liebe. Stuttgart [etc.]
456 560 281 52 Deutsche
767 560 465 68 verlags-anstalt
1341 560 102 50 [c1932]

193 632 473 51 202, [1] p. 16 ½ cm .
127 687 1995 51 © Nov. 22, 1932; 1c. Feb. 23. 1933; A -Foreign 20076; Deutsche verlags-
193 749 198 38 anstalt.
463 746 279 49 (33-10933)

121 837 291 65 Rintelen,
444 838 190 52 Franz
664 854 132 39 von.

253 914 1867 68 … The dark invader; wartime reminiscences of a German
122 995 170 51 naval
331 995 358 65 intelligence
728 994 207 66 officer;
977 993 142 53 with
1157 1013 72 33 an
1268 992 388 54 introduction
1694 993 75 67 by
1811 994 69 52 A.
1923 995 66 50 E.
2029 995 90 53 W.

125 1073 215 52 Mason.
415 1073 138 51 New
586 1073 178 65 York,
794 1074 121 50 The
946 1072 332 53 Macmillan
1312 1089 297 50 company,
1643 1075 149 50 1933.

196 1148 25 38 7
248 1158 39 36 p.
353 1177 8 15 l.,
387 1144 186 43 17-287.
605 1147 52 47 [1]
688 1157 41 36 p.
791 1145 56 40 20½
879 1149 43 20 cm
929 1179 7 7 .

197 1205 61 39 At
289 1205 121 38 head
446 1204 51 38 of
530 1204 133 39 title:
699 1203 204 46 Captain
939 1213 89 29 von
1064 1202 224 39 Rintelen
1333 1201 182 46 (Franz
1547 1201 226 39 Rintelen
1804 1210 92 29 von
1929 1200 184 45 Kleist)

129 1257 51 52 ©
208 1262 112 47 Apr.
350 1262 68 45 18,
448 1261 139 46 1933;
617 1262 68 38 2c.
713 1262 94 38 and
837 1260 82 41 aff.
947 1261 111 47 Apr.
1090 1260 81 46 19;
1203 1260 40 38 A
1271 1259 143 40 62182
1433 1269 8 36 ;
1474 1258 282 40 Macmillan
1783 1269 70 29 co.

206 1318 279 49 (33-10962)

128 1409 188 67 [Rose,
342 1407 225 56 Walter
594 1407 233 68 Malins]

197 1490 133 49 1932
366 1488 360 66 supplement
763 1492 59 46 to
860 1486 191 52 Rose’s
1090 1491 159 47 notes
1286 1503 72 34 on
1395 1486 96 52 the
1529 1484 217 55 United
1788 1484 189 54 States
125 1485 1973 148 Supreme

352 1571 161 46 court
549 1569 221 63 reports
816 1567 58 66 (2
910 1566 202 52 Dallas
1148 1570 59 47 to
1243 1567 99 49 283
1380 1564 218 55 United
1638 1564 187 54 States
1862 1562 250 69 reports)

124 1644 259 68 showing
408 1644 95 52 the
526 1643 268 69 holdings
821 1644 62 52 of
909 1644 95 51 the
1029 1645 146 50 later
1201 1649 144 48 state
1373 1643 113 52 and
1511 1642 221 53 federal
1760 1661 148 36 cases
1937 1642 187 53 which

125 1722 106 53 cite
265 1723 95 52 the
395 1722 276 53 decisions
704 1722 62 52 of
800 1723 94 51 the
931 1723 275 66 Supreme
1242 1728 160 49 court
1436 1721 63 52 of
1534 1723 95 51 the
1663 1720 217 55 United
1917 1722 207 66 States,

126 1803 116 50 also
289 1801 237 52 citation
574 1801 62 53 of
688 1802 274 66 Supreme
1011 1807 162 48 court
1218 1800 277 53 decisions
1543 1801 59 52 in
1652 1800 363 54 annotations
2060 1800 64 52 in

123 1879 307 54 American
462 1882 108 49 law
605 1885 221 62 reports
869 1880 98 67 (A.
1001 1882 63 51 L.
1098 1879 127 68 R.),
1257 1882 266 66 Lawyers
1558 1883 223 64 reports
1816 1879 309 52 annotated

136 1959 90 68 (L.
264 1959 65 50 R.
366 1958 128 69 A.),
527 1961 267 65 Lawyers
830 1964 221 63 reports
1086 1958 327 68 annotated,
1447 1977 124 34 new
1604 1958 168 53 series
1821 1959 91 69 (L.
1947 1960 70 51 R.
2052 1959 72 52 A.

136 2039 97 64 (N.
279 2038 149 68 S.)),
471 2038 330 52 Annotated
844 2056 149 35 cases
1045 2038 180 67 (Ann.
1269 2038 164 68 cas.),
1476 2037 222 53 British
1740 2039 195 68 ruling
1974 2057 150 35 cases

137 2119 94 63 (B.
286 2118 66 51 R.
407 2116 118 68 C.),
577 2117 342 68 Negligence
973 2118 110 51 and
1137 2117 424 68 compensation
1613 2136 149 34 cases
1816 2118 308 52 annotated

139 2197 96 65 (N.
269 2197 59 54 C.
365 2197 62 54 C.
459 2196 128 67 A.),
617 2196 217 54 United
869 2198 187 54 States
1090 2196 275 67 Supreme
1398 2202 160 48 court
1588 2201 239 63 reports,
1857 2199 268 67 Lawyers

128 2274 214 53 edition
398 2275 90 67 (L.
534 2274 112 68 ed.)
731 2291 50 35 v.
826 2279 47 48 4.
951 2277 238 49 139-165
1235 2275 217 54 United
1500 2275 205 54 States.
1783 2276 116 54 San
127 2277 1974 143 Francisco,

318 2354 139 59 Cal.,
486 2353 584 69 Bancroft-Whitney
1097 2371 308 51 company;
1436 2355 324 67 Rochester,
1788 2357 69 52 N.
1886 2357 90 66 Y.,
2005 2357 120 51 The

127 2432 266 52 Lawyers
421 2431 380 68 co-operative
827 2432 337 68 publishing
1192 2449 296 51 company,
1518 2435 150 51 1933.

201 2508 26 39 3
257 2518 42 36 p.
366 2538 8 15 l.,
407 2506 114 39 1125
552 2517 41 36 p.
653 2506 56 38 24½
742 2509 44 20 cm
792 2538 7 8 .

135 2560 51 52 ©
220 2565 114 47 May
364 2565 68 46 12,
466 2563 112 40 1933
597 2574 7 36 ;
639 2563 65 40 2c.
740 2564 115 47 May
885 2562 81 41 25:
1003 2562 80 41 aff.
1120 2564 115 47 May
1266 2563 81 47 27;
1383 2564 41 39 A
1456 2563 170 48 62918;
1662 2564 229 48 Lawyers
203 2573 1910 88 co-operative
365 2621 109 48 pub.
506 2632 64 29 co.
606 2622 36 39 &
674 2620 487 48 Bancroft-Whitney
1194 2632 66 29 co.

129 2708 366 65 Rothschild,
525 2708 287 64 Sigmund
841 2709 45 54 I.

132 2786 1971 133 The ABC stamp book and album, by Sigmund I. Rothschild …
454 2865 1465 69 New York, The Platt & Munk co., inc. [ c 1933]
206 2939 83 49 [64]
322 2950 42 37 p.
424 2939 127 39 illus.
611 2939 56 39 27½
700 2941 43 20 cm
749 2971 9 8 .

205 2997 138 46 Maps
373 3007 60 28 on
461 2996 361 47 lining-papers.

137 3048 51 51 ©
221 3054 119 39 Mar.
370 3053 69 45 29,
470 3053 139 41 1933;
642 3054 65 38 2c.
740 3054 95 38 and
864 3052 81 39 aff.
977 3052 111 47 Apr.
1122 3053 83 44 24;
1238 3052 40 38 A
1308 3051 169 47 62281;
1512 3052 134 40 Platt
1676 3053 36 39 &
1743 3053 152 39 Munk
1925 3063 82 36 co.,
2039 3052 89 40 inc.

215 3109 279 47 (33-10949)

132 3195 217 69 Ruling
379 3217 121 35 case
533 3202 125 50 law.
737 3203 130 49 1933
902 3201 378 66 supplement,
1312 3200 336 69 continuing
1680 3203 108 51 vol.
1822 3201 31 53 7
1888 3201 112 52 and
2037 3202 90 52 the

206 3280 150 64 1930,
384 3281 132 48 1931
546 3279 109 51 and
687 3281 133 49 1932
844 3280 68 51 R.
941 3280 63 54 C.
1031 3281 63 51 L.
1122 3280 402 66 supplements.
1600 3280 141 51 This
1768 3282 360 65 supplement

202 3355 196 69 brings
434 3357 93 52 the
563 3357 224 53 articles
822 3357 58 51 in
916 3357 220 68 Ruling
1168 3375 121 35 case
1323 3359 110 50 law
1467 3358 112 52 and
1615 3360 136 52 vols.
1792 3362 26 47 1
1855 3363 58 48 to
1948 3358 31 53 7
2016 3359 112 51 and

203 3435 95 51 the
331 3438 150 62 1930,
515 3438 129 48 1931
679 3436 111 51 and
823 3438 134 49 1932
989 3438 66 51 R.
1089 3437 61 54 C.
1181 3438 62 49 L.
1276 3437 387 67 supplements
1694 3442 59 47 to
1784 3439 262 67 January
2081 3441 47 64 1,

206 3514 1920 70 1933 … Northport, N. Y., Edward Thompson company;
205 3591 116 55 San
350 3592 321 65 Francisco,
704 3593 194 66 Calif.,
930 3592 583 70 Bancroft-Whitney
1544 3613 306 50 company;
203 3596 1901 126 Rochester

327 3671 69 51 N.
439 3671 89 64 Y.,
569 3671 120 52 The
728 3673 266 66 Lawyers
1036 3672 381 67 co-operative
1458 3672 336 70 publishing
1832 3692 297 51 company,

207 3751 147 50 1933.

209 3825 25 37 2
265 3835 40 36 p.
371 3854 8 15 l.,
408 3824 87 39 408
523 3834 41 36 p.
622 3824 56 39 25½
710 3826 46 21 cm
759 3858 9 8 .

142 3875 51 51 ©
223 3881 112 45 May
363 3880 68 45 10,
460 3880 138 46 1933;
629 3881 65 38 2c.
725 3882 113 46 May
865 3881 83 40 25:
979 3880 80 40 aff.
1091 3882 115 46 May
1233 3882 82 45 27;
1348 3882 41 39 A
1416 3882 170 41 62812:
1618 3883 211 39 Edward
1858 3882 275 47 Thompson

209 3946 80 35 co.,
318 3936 225 47 Lawyers
571 3938 321 45 co-operative
920 3938 106 46 pub.
1057 3948 66 29 co.
1155 3938 95 38 and
1279 3939 486 48 Bancroft-Whitney
1794 3950 67 30 co.
