2484 4405
1188 4073 131 51 1909

223 428 329 64 Pickering,
582 426 219 53 Harold
832 425 66 55 G.

289 506 300 68 Dog-days
611 521 71 34 on
706 507 155 47 trout
885 504 220 58 waters,
1129 498 75 66 by
1227 498 76 53 H.
1329 497 68 54 G.
1423 492 335 69 Pickering;
1790 492 322 56 illustrated
2137 492 73 67 by

223 568 1896 75 Donald Gardner … New York, The Derrvdale press, 1933.
295 643 1234 61 5 p. l., 78 p. incl. front., illus. plates. 21½ cm .
225 708 1992 71 © Dec. 18, 1933; 2c. and aff. Dec. 29; A 67772; H. G. Pickering, New
290 782 143 39 York.
505 776 219 51 (34-668)

226 884 250 62 Pickett,
502 880 214 56 Jarrell
742 881 297 54 Waskom.

226 950 1991 159 Christian mass movements in India, a study with recommendations [by] J. Waskom Pickett … Foreword by John R.
228 1105 1992 76 Mott … New York, Cincinnati [etc.] The Abingdon press
248 1195 173 65 [ c 1933]
299 1263 86 41 382
413 1274 42 37 p.
515 1261 136 42 front.
694 1261 159 48 (map)
921 1261 146 40 23½cm.

302 1321 182 47 Report
516 1319 53 41 of
603 1319 81 40 the
717 1319 146 47 study
898 1318 140 40 made
1070 1319 55 38 at
1159 1317 83 40 the
1276 1319 195 45 request
1505 1315 53 40 of
1590 1315 84 41 the
1706 1315 231 40 National
1974 1315 252 42 Christian

232 1377 184 42 council
445 1377 51 39 of
525 1375 156 47 India,
711 1377 181 38 Burma
924 1375 95 40 and
1050 1374 178 46 Ceylon.
1303 1373 61 46 cf.
1394 1373 198 46 Introd.,
1622 1383 42 38 p.
1693 1374 68 38 11.

301 1431 375 52 Bibliography:
708 1443 42 38 p.
779 1430 218 44 365-368.

232 1500 51 52 ©
315 1506 111 38 Dec.
456 1505 40 46 4,
528 1502 113 41 1933;
701 1503 66 40 2c.
801 1503 94 41 and
927 1502 81 40 aff.
1042 1503 111 40 Dec.
1186 1502 52 46 8;
1273 1502 41 38 A
1345 1500 169 47 67430;
1551 1500 42 41 J.
1627 1502 70 39 W.
1731 1501 206 48 Pickett,
1970 1502 256 44 Lucknow,

302 1560 154 40 India.
527 1558 219 51 (34-661)

233 1661 257 66 Pressly,
521 1662 201 64 Harry
751 1664 84 62 T.,
869 1663 172 53 1891-

304 1733 1865 79 Saving the world for democracy, by Harry T. Pressly …
238 1812 313 71 [Clarinda,
615 1834 66 49 Ia.,
709 1816 242 53 Printed
979 1816 75 69 by
1082 1817 97 51 the
1206 1814 287 70 Artcraft,
1523 1823 17 21 c
1547 1818 151 66 1933]

301 1886 87 43 339
413 1899 43 37 p.
483 1887 109 42 incl.
620 1888 163 47 front.,
809 1890 148 47 ports.
1020 1888 57 39 24
1080 1890 45 22 cm
1129 1921 9 8 .

308 1943 219 42 “Letters
571 1944 287 48 concerning
902 1954 78 40 my
1026 1946 199 39 various
1269 1944 310 48 experiences
1623 1956 55 30 as
1725 1956 27 29 a
1799 1944 209 42 member
2054 1946 52 39 of
2151 1946 82 39 the

235 1998 53 41 A.
317 2000 54 41 E.
402 1999 375 43 F.”—Author’s
803 2000 124 50 pref.

236 2068 51 52 ©
311 2073 110 39 Dec.
446 2074 39 41 4,
509 2072 113 43 1933;
676 2075 66 39 2c.
767 2074 111 40 Dec.
901 2075 53 47 8;
981 2074 79 40 aff.
1087 2076 111 39 Dec.
1224 2074 80 43 16;
1330 2077 41 37 A
1395 2076 170 45 68536;
1592 2075 59 41 H.
1677 2077 50 38 T.
1752 2076 209 48 Pressly,
1987 2075 247 46 Clarinda,

335 2140 41 30 Ia.
447 2130 249 48 (34-1103)

240 2231 325 65 Raymond,
596 2233 256 53 Earnest
880 2232 229 57 Albert.

310 2307 192 55 Genus
534 2309 166 54 homo
736 2312 112 52 and
881 2310 90 54 his
1002 2311 119 67 just
1153 2313 237 66 control,
1421 2314 74 66 by
1537 2314 240 54 Earnest
1809 2317 70 51 A.
1914 2315 320 68 Raymond.

280 2427 9 9 A.
356 2427 8 9 B.
445 2387 160 67 [Fort
633 2388 277 67 Johnson,
937 2391 69 52 N.
1034 2391 92 65 Y.]
1161 2394 150 50 1933.

311 2458 966 54 1 p. l., 328 p. front. (port.) 20½ cm .
245 2523 52 52 ©
331 2529 110 38 Dec.
477 2528 67 48 12,
581 2528 139 47 1933;
757 2531 67 39 2c.
859 2531 112 41 Dec.
1005 2531 82 47 18;
1126 2532 81 41 aff.
1243 2534 113 39 Dec.
1390 2533 82 47 28;
1510 2535 40 38 A
1585 2534 169 48 67763;
1794 2537 49 37 E.
1882 2537 54 39 A.
1973 2536 266 48 Raymond,

312 2584 116 42 Fort
456 2586 230 48 Johnson,
713 2585 55 41 N.
797 2587 53 41 Y.
925 2588 221 49 (34-907)

243 2686 291 68 Rhoades,
565 2691 290 65 Winfred,
889 2693 171 54 1872-

316 2765 310 54 Frederick
665 2769 211 54 Ernest
913 2772 256 68 Emrich,
1208 2774 155 54 lover
1401 2776 62 52 of
1501 2776 320 69 humanity,
1859 2778 74 67 by
1971 2779 271 53 Winfred

246 2841 1973 161 Rhoades; with an introduction by Howard Chandler Robbins … Boston, Chicago, The Pilgrim press [ c 1933]
319 2992 135 48 xviii,
487 2993 84 42 152
601 3006 43 37 p.
704 2996 163 49 front.,
899 3002 149 46 ports.
1110 3000 55 40 23
1169 3003 43 21 cm
1217 3033 9 8 .

251 3045 53 52 ©
339 3050 119 41 Nov.
493 3051 71 48 24,
600 3051 141 47 1933;
778 3055 68 40 2c.
882 3055 120 41 Nov.
1036 3057 84 47 29;
1161 3058 80 42 aff.
1278 3060 120 41 Nov.
1434 3062 84 46 28;
1557 3062 42 40 A
1635 3063 171 47 67298;
1849 3064 179 50 Sidney
2063 3066 184 42 Adams

318 3107 211 47 Weston,
556 3110 196 40 Boston.
825 3106 221 56 (34-561)

251 3206 385 70 Richardson,
664 3213 157 54 Leon
849 3217 174 65 Burr,
1057 3219 171 53 1878-
1440 3224 83 52 ed.

317 3286 95 51 An
450 3287 212 54 Indian
702 3292 269 66 preacher
1010 3294 58 52 in
1110 3296 298 69 England;
1450 3301 170 69 being
1658 3302 193 54 letters
1889 3305 112 53 and
2040 3307 209 53 diaries

250 3363 248 69 relating
536 3372 56 46 to
633 3367 93 53 the
764 3370 233 54 mission
1037 3373 63 53 of
1140 3375 94 53 the
1275 3377 293 54 Reverend
1611 3379 238 55 Samson
1891 3381 208 57 Occom
2136 3387 114 52 and

250 3440 94 54 the
374 3441 293 56 Reverend
699 3446 308 56 Nathaniel
1038 3452 303 55 Whitaker
1369 3461 58 47 to
1457 3457 197 54 collect
1686 3458 175 54 funds
1890 3460 60 53 in
1980 3462 270 69 England

255 3517 91 53 for
385 3519 94 53 the
516 3520 204 56 benefit
759 3524 64 52 of
863 3526 238 55 Eleazar
1140 3530 351 56 Wheelock's
1530 3534 211 54 Indian
1781 3538 224 69 charity
2044 3542 206 68 school,

254 3595 151 54 from
431 3597 185 54 which
641 3619 153 49 grew
819 3602 347 57 Dartmouth
1196 3608 237 69 college;
1463 3612 186 54 edited
1679 3614 151 54 from
1856 3617 95 53 the
1976 3617 275 70 originals

255 3672 1997 91 by Leon Burr Richardson … Hanover, N. H., Dartmouth
253 3751 212 70 college
494 3755 399 72 publications,
925 3765 149 50 1933.

326 3825 88 42 376
435 3838 43 37 p.
537 3828 164 50 front.,
726 3835 164 47 ports.,
914 3834 216 42 facsims.
1190 3837 55 40 24½
1279 3840 43 21 cm
1327 3870 8 8 .
1406 3839 321 48 (Dartmouth
1752 3847 178 48 college
1953 3849 299 48 manuscript

258 3881 152 42 series.
482 3895 75 31 no.
584 3886 53 48 2)

264 3934 52 52 ©
343 3940 111 41 Dec.
484 3941 68 49 12,
581 3943 113 42 1933;
750 3946 68 42 2c.
846 3947 112 41 Dec.
987 3949 82 46 16;
1101 3950 81 39 aff.
1214 3952 110 41 Dec.
1354 3954 53 38 15;
1466 3955 43 39 A
1536 3956 169 49 67552;
1739 3961 293 42 Dartmouth
2063 3965 192 44 college,

334 3996 242 51 Hanover,
602 3999 56 43 N.
684 4001 60 41 H.
814 4003 221 45 (34-912)
