2582 4453
1358 4120 135 50 1350

415 435 212 52 Texas.
702 436 168 51 Laws
877 477 11 23 ,
917 440 259 59 statutes,
1209 440 100 47 etc.

488 512 280 54 Vernon’s
816 512 311 52 annotated
1173 512 244 52 Revised
1465 511 133 54 civil
1645 517 240 50 statutes
1931 513 63 52 of
2040 514 94 51 the
2179 520 146 47 state
2370 514 63 52 of

417 593 202 51 Texas.
698 594 133 49 1933
886 591 346 52 cumulative
1288 592 213 51 annual
1553 591 203 68 pocket
1810 596 161 63 parts
2024 592 96 52 for
2171 598 164 63 parts
2387 598 47 63 1,

416 670 2017 71 2. Constitution … Kansas City, Vernon law book company
423 784 12 34 [
441 757 17 21 c
464 753 153 64 1933]

483 825 27 41 2
541 836 42 28 v.
644 824 59 40 25
704 826 43 21 cm
753 857 8 8 .

484 881 300 42 Cover-title.

488 940 157 39 These
676 939 278 48 pamphlets
984 948 84 29 are
1102 943 47 35 to
1182 938 57 38 be
1269 937 140 40 fitted
1440 938 103 39 into
1577 939 81 39 the
1691 938 198 47 pockets
1922 941 50 37 at
2006 939 81 38 the
2120 939 122 38 back
2274 939 50 38 of
2358 939 80 40 the

416 997 219 39 volumes
661 997 53 40 of
741 997 82 39 the
852 1000 72 36 set
955 999 50 36 to
1032 995 159 40 which
1222 996 114 47 they
1364 995 187 48 belong.

420 1062 51 52 ©
497 1067 121 43 Aug.
646 1069 39 38 2.
713 1066 113 40 1933:
883 1067 69 39 2c.
979 1067 118 38 each
1126 1067 97 38 and
1249 1065 84 41 aff.
1362 1065 101 40 Oct.
1493 1065 54 39 12;
1605 1065 40 38 A
1673 1064 143 40 65611;
1876 1066 192 38 Vernon
2098 1067 93 37 law
2219 1066 124 39 book
2371 1078 67 28 co.

411 1184 279 66 Thomas,
727 1187 264 63 Eugene,
1029 1187 171 51 1894-

489 1262 1948 70 Shadow of Chu-Sheng, by Eugene Thomas … New York,
417 1341 169 56 Sears
611 1342 339 70 publishing
973 1360 301 52 company,
1299 1341 107 55 inc.
1441 1374 14 35 [
1459 1348 18 22 c
1483 1344 154 65 1933]

487 1416 100 46 301,
619 1417 55 51 [1]
701 1426 44 39 p.
805 1415 58 42 20
866 1419 43 21 cm
914 1448 9 8 .

418 1485 53 52 ©
515 1490 130 48 Sept.
685 1490 56 39 25,
797 1489 142 41 1933:
983 1490 66 40 2c.
1095 1491 128 47 Sept.
1266 1490 82 40 29:
1393 1489 81 40 aff.
1521 1489 128 48 Sept.
1691 1490 83 39 27:
1819 1490 40 38 A
1901 1489 113 40 66338;
2117 1490 52 39 E.
2212 1489 225 41 Thomas.

487 1546 253 49 Flushing,
771 1548 50 40 L.
852 1548 51 46 I,
935 1548 55 38 N.
1020 1548 53 38 Y.
1150 1547 282 47 (33-25383)

411 1666 335 66 Tuggener,
782 1667 270 66 Hedwig.

486 1745 117 53 Der
631 1745 347 68 hausgarten;
1042 1744 299 69 anleitung
1371 1764 67 33 zu
1467 1745 183 54 seiner
1678 1744 338 68 besorgung,
2047 1761 111 35 von
2189 1741 250 71 Hedwig

415 1823 1723 69 Tuggener … Zürich [etc.] Rascher & co., a.-g., 1931.
483 1895 737 49 138 p. incl. tables. 20 ½ cm .
484 1952 295 50 “Copyright
816 1953 159 41 1928.”

483 2011 69 41 “2.
586 2011 112 40 aufl.
743 2011 63 49 (2.
841 2011 273 47 tausend)”

485 2069 131 41 Four
650 2069 149 41 blank
836 2079 148 39 pages
1019 2068 79 41 for
1133 2071 139 39 notes
1310 2073 50 38 at
1398 2070 106 40 end.

418 2141 52 53 ©
502 2147 112 39 Dec.
646 2147 69 40 31.
748 2146 141 44 1931;
982 2177 8 8 1c.
1027 2145 128 47 Sept.
1187 2144 69 48 29,
1289 2144 142 42 1932:
1465 2144 313 49 A-Foreign
1811 2144 172 46 20902;
2021 2146 216 39 Rascher
2270 2147 35 37 &
2339 2144 98 45 cie.,

487 2214 42 31 a.
558 2215 56 35 g.,
645 2204 181 46 verlag.
901 2203 283 47 (33-25504)

412 2321 71 54 U.
513 2320 59 55 S.
651 2321 220 59 Census,
895 2323 167 68 office.
1139 2323 99 52 7th
1270 2339 214 52 census,
1515 2324 151 51 1850.

487 2399 216 56 Census
740 2405 226 49 returns
1004 2401 63 52 of
1106 2400 362 68 Doddridge,
1504 2400 231 54 Ritchie
1773 2401 113 53 and
1923 2400 223 55 Gilmer
2182 2399 252 54 counties

415 2478 2017 225 (West) Virginia for 1850 and Calhoun county (West) Virginia for 1860 … copied from the original federal census records in the Census bureau, Washington, D. C.; secured and
418 2712 1911 70 arranged by W. Guy Tetrick. Clarksburg, W. Va. [ c 1933]
484 2788 368 48 360 p. 23 ½ cm .
418 2854 52 53 ©
495 2859 122 48 Aug.
643 2859 69 41 10.
739 2859 113 40 1933;
909 2859 68 40 2c.
1003 2859 120 47 Aug.
1151 2859 55 39 17:
1263 2857 81 41 aff.
1370 2858 121 47 Aug.
1519 2858 82 47 18;
1631 2858 40 39 A
1699 2858 144 40 64774;
1901 2857 161 41 Willis
2090 2858 108 47 Guy
2224 2857 211 41 Tetrick.

491 2915 313 50 Clarksburg,
839 2917 71 41 W.
943 2917 85 40 Va.
1101 2915 283 50 (33-25527)

414 3037 130 54 Van
575 3036 271 67 Schaick,
879 3037 175 65 John,
1089 3037 172 55 1873-

486 3116 153 53 Love
688 3116 129 53 that
864 3134 171 36 never
1086 3115 211 68 failed;
1348 3115 298 54 memories
1695 3114 64 54 of
1803 3115 98 53 the
1947 3116 182 52 world
2179 3134 136 49 war,
2361 3115 77 69 by

414 3194 1999 147 John Van Schaick, jr. … Boston, The Universalist publishing house, 1933.
484 3345 105 49 xiii,
625 3345 86 42 279
747 3357 42 38 p.
852 3345 55 41 19½
941 3349 44 21 cm
990 3379 9 9 .

493 3403 148 40 “This
677 3403 122 41 book
835 3402 210 41 consists
1081 3403 52 40 of
1168 3414 27 29 a
1235 3403 151 41 series
1423 3402 51 42 of
1511 3403 200 42 articles
1746 3405 60 45 by
1843 3402 278 43 ‘Johannes’
2159 3403 158 41 which
415 3415 2003 94 appeared
635 3461 49 39 in
727 3461 83 41 the
850 3461 250 41 Christian
1145 3462 180 45 leader,
1366 3461 198 47 Boston,
1606 3461 153 40 under
1799 3460 82 40 the
1921 3460 112 40 title
2073 3460 271 40 'Memories
2385 3462 51 38 of

420 3518 81 41 the
535 3518 151 41 world
721 3517 413 42 war’.”—Introd.

421 3585 52 53 ©
513 3590 127 48 Sept.
678 3591 38 39 1.
753 3590 140 40 1933:
931 3590 66 38 2c.
1038 3590 128 47 Sept.
1204 3589 52 46 5;
1295 3588 80 41 aff.
1417 3589 127 47 Sept.
1581 3589 53 46 2;
1673 3589 40 39 A
1751 3589 171 47 65110;
1965 3588 327 41 Universalist
2329 3587 108 49 pub.

489 3647 163 41 house.
725 3646 283 48 (33-25200)

416 3767 163 65 Véla,
612 3768 238 56 Claude.

552 3845 1545 68 … Tizy et moi. Paris, Gautier-Languereau, 1933.
490 3904 1510 63 286 p., 1 l. 19 cm . (On cover: Bibliothèque de ma fille)
420 3995 52 53 ©
518 3999 115 47 May
679 3999 67 46 15,
792 3998 141 47 1933;
1040 4032 8 8 1c.
1095 3999 119 48 Aug.
1261 4000 53 47 2;
1363 4000 99 38 A-
1466 3998 207 49 Foreign
1720 3998 171 42 21757:
1942 3988 225 52 Éditions
492 3998 1944 105 Gautier-Languereau.
897 4056 283 48 (33-25524)
