2484 4405
1014 4081 133 50 1861

116 496 33 37 l‘ages
297 492 142 40 1-184
470 501 83 30 are
583 491 93 39 full
708 499 120 38 page
858 488 346 39 illustrations.

116 550 285 40 Illustrated
436 559 154 29 cover.

118 609 64 39 At
207 608 125 38 head
359 606 51 39 of
438 605 107 40 title:
602 606 151 38 Ernst
782 603 199 39 Glaeser
1008 603 100 38 und
1137 601 50 41 F.
1219 601 46 40 C.
1296 600 267 47 Weiskopf.

121 663 302 47 Descriptive
454 663 285 46 letterpress
770 660 51 39 in
855 659 223 40 German.
1114 658 203 48 English
1350 659 97 39 and
1479 657 203 40 French.

49 712 1987 111 © Nov. 80. 1931; 1c.. Feb. 23, 1933; A-Foreign 20044; Gustav Kiepenheuer verlag. a.-g. (A 32-1074)
51 879 172 63 Italy.
283 881 182 51 Vasca
489 879 295 55 nazionale
807 896 104 49 per
932 879 50 51 le
1007 879 319 66 esperienze
1350 878 62 52 di
1435 878 377 53 architettura
1836 876 222 68 navale,

122 957 193 54 Rome.

123 1036 217 50 Annali
377 1035 149 52 della
563 1036 182 52 Vasca
782 1035 297 53 nazionale
1115 1053 102 49 per
1251 1037 50 50 le
1339 1035 318 67 esperienze
1694 1033 59 54 di
54 1035 1976 131 architettura
218 1114 201 51 navale
453 1113 60 51 in
550 1115 197 50 Roma.
819 1129 48 35 v.
906 1115 46 49 2.
1025 1115 201 56 Roma,
1263 1113 238 53 Istituto
1537 1111 337 70 poligrafico
1909 1113 148 53 dello

55 1197 166 61 stato,
253 1194 151 50 1932.

121 1266 49 38 vi
199 1277 56 35 p.,
289 1266 20 37 1
365 1297 8 7 l.,
420 1265 46 37 51
505 1276 29 35 p
609 1265 141 40 illus.,
785 1265 156 39 tables
969 1264 136 47 (part
1136 1264 144 48 fold.)
1322 1265 179 48 diagrs.
1531 1265 137 48 (part
1697 1264 144 41 fold.)
1911 1265 56 39 27½
2000 1267 45 21 cm
2049 1295 8 7 .

57 1318 2004 53 © Dec. 31. 1932; 1c.. Dec. 22. 1933; A-Foreign 23138; Ente Vasca
125 1380 252 39 nazionale
408 1389 85 38 per
523 1380 43 37 le
594 1379 278 48 esperienze
904 1379 50 39 di
985 1380 329 40 architettura
1345 1382 176 39 navale
1552 1381 51 39 in
1635 1381 167 47 Roma,
1837 1381 169 39 Roma.

59 1480 184 65 Jokel,
270 1480 182 56 Jules.

124 1558 213 55 Jokel’s
383 1558 166 68 rapid
596 1561 329 52 conversion
973 1560 196 65 tables,
1214 1558 239 69 sterling
1499 1559 112 52 and
1657 1557 240 54 decimal
57 1576 1983 127 currencies;
335 1657 71 33 an
441 1638 428 53 instantaneous
906 1638 277 67 complete
1219 1638 231 53 method
1487 1636 94 53 for
1617 1635 336 70 computing
1988 1636 77 52 all

59 1721 144 48 rates
231 1715 64 53 of
322 1717 301 68 exchange.
690 1717 136 53 Rev.
856 1718 83 52 ed.
1005 1717 140 52 New
1175 1716 179 68 York,
1382 1717 72 53 D.
1483 1714 582 70 Appleton-Century

57 1812 295 51 company,
381 1795 420 68 incorporated,
832 1798 150 50 1933.

128 1868 715 49 4 p. l., 901 p. 33½ × 18½ cm .
133 1926 434 49 “Supplementary
604 1927 155 40 tables
797 1928 79 39 for
911 1927 94 41 low
1040 1928 96 39 and
1175 1926 150 41 above
1362 1937 89 38 par
1489 1928 132 39 rates
1659 1926 51 39 of
1747 1926 204 49 sterling
1989 1925 80 40 for

63 1982 2005 110 use with Jokel’s rapid conversion tables … New York, D. Appleton-Century company, incorporated, 1933” ([53] p.) in pocket mounted on back
63 2110 152 31 cover.

65 2155 51 51 ©
146 2159 100 41 Oct.
275 2159 69 46 12,
373 2158 112 40 1933;
543 2158 65 39 2c.
639 2159 94 38 and
764 2157 79 40 aff.
876 2158 100 40 Oct.
1006 2158 83 46 21;
1121 2159 41 37 A
1190 2158 171 46 65731;
1392 2159 59 40 D.
1478 2157 480 48 Appleton-Century
1988 2165 81 36 co.,

130 2216 89 40 inc.
291 2215 280 49 (33-30755)
1829 2212 149 42 12146

69 2317 234 65 Levine,
333 2319 72 56 A.
436 2319 251 56 Arthur.

134 2394 370 69 Elementary
534 2395 241 69 history,
807 2395 153 54 from
992 2397 95 53 the
1121 2396 318 71 beginning
1472 2397 64 53 of
1569 2397 94 54 the
1698 2398 225 54 French
1958 2397 113 55 and

67 2472 208 52 Indian
316 2491 118 33 war
470 2474 251 68 through
760 2475 94 52 the
894 2474 239 70 making
1170 2474 64 53 of
1271 2474 94 55 the
1407 2475 393 55 Constitution
1859 2476 95 70 [by]
2000 2477 71 53 A.

68 2551 2005 75 Arthur Levine … New York, N. Y., Globe book company
89 2631 175 66 [ c 1933]
137 2701 80 48 vii,
244 2701 86 42 100
357 2712 43 39 p.
461 2702 128 42 illus.
618 2703 133 49 (incl.
778 2705 162 48 maps)
1012 2704 57 42 18½
1101 2707 45 22 cm
1150 2736 8 9 .

143 2758 168 41 “Fifth
339 2762 353 43 year—second
720 2761 150 39 half.”

75 2811 49 52 ©
156 2816 100 41 Oct.
288 2818 68 45 18,
387 2817 113 40 1933;
559 2818 66 40 2c.
659 2819 95 39 and
785 2819 81 40 aff.
899 2820 102 40 Oct.
1031 2820 55 41 23;
1147 2822 42 38 A
1219 2821 170 48 66742;
1425 2821 147 41 Globe
1603 2822 124 40 book
1757 2834 82 36 co.,
1871 2823 90 40 inc.

150 2874 280 47 (33-30720)

75 2962 228 65 Lowell,
334 2963 201 57 Juliet.

141 3040 192 53 Dumb
371 3040 412 72 belles-lettres,
823 3044 409 69 lallapaloozas
1278 3046 153 54 from
1473 3048 95 53 the
1609 3049 271 70 morning
1922 3050 156 67 mail,

76 3116 69 68 by
180 3117 181 54 Juliet
398 3119 243 68 Lowell;
680 3121 326 54 illustrated
1042 3123 77 71 by
1158 3123 246 71 Soglow.
1479 3126 140 54 New
1656 3126 182 70 York,
1879 3126 199 57 Simon

75 3196 108 53 and
216 3195 287 71 Schuster,
533 3200 153 54 1933.

146 3269 84 39 127
262 3279 42 37 p.
368 3271 127 40 illus.
556 3272 56 39 19½
645 3275 43 21 cm
693 3307 9 8 .

83 3321 49 52 ©
171 3327 100 41 Oct.
310 3328 68 41 10,
417 3329 113 40 1933;
597 3331 67 40 2c.
704 3331 102 41 Oct.
845 3334 56 38 17;
968 3333 81 41 aff.
1090 3334 101 40 Oct.
1232 3336 82 46 13;
1356 3336 41 38 A
1435 3336 170 48 65676;
1648 3338 40 39 J.
1731 3338 193 46 Lowell,
1963 3339 118 40 New

146 3384 143 40 York.
363 3386 279 48 (33-30715)

80 3465 294 74 Ludovici,
403 3474 288 67 Anthony
719 3479 208 66 Mario,
960 3484 173 50 1882-

150 3548 213 55 Health
398 3553 111 52 and
540 3553 300 54 education
870 3558 252 67 through
1153 3559 403 71 self-mastery,
1587 3562 74 68 by
1692 3563 277 70 Anthony
2001 3564 78 52 M.

86 3623 1999 85 Ludovici … with a foreword by Alfred Cox … London, Watts
86 3702 42 50 &
157 3720 75 36 co.
272 3707 173 68 [1933]

153 3784 76 38 XV,
260 3776 87 40 125
373 3788 43 37 p.
473 3779 56 40 19
531 3782 44 21 cm
581 3813 9 8 .

156 3832 67 39 “A
251 3833 123 40 book
402 3836 157 40 which
588 3839 134 40 deals
750 3838 118 42 with
897 3852 107 29 new
1033 3843 213 42 theories
1274 3846 51 39 of
1352 3847 284 50 physiology
1667 3852 96 39 and
1792 3854 291 47 psychology

135 3889 1732 62 … the technique of Mr. Matthias Alexander’s work.”—Foreword.
93 3942 1993 70 © 1c.. July 13, 1933; A ad int. 18077; pubd. May 26; A. M. Ludovici,
154 4004 210 44 London.
435 4010 279 49 (33-31432)
