2597 4403
1322 4070 34 41 280

358 398 265 64 Hadath,
658 398 233 64 Gunby.

429 476 244 67 Twenty
705 476 149 67 good
888 474 159 68 ships.
1141 475 163 66 chap.
1337 476 85 65 45,
1452 476 86 51 46.

445 551 83 48 (In
554 545 277 46 Children’s
858 558 312 39 newspaper,
1198 545 117 42 Feb.
1343 546 72 49 25,
1445 543 145 51 1933)

368 603 51 52 ©
477 618 36 30 1c.
540 608 114 47 Apr.
680 605 69 49 19,
777 605 141 41 1933:
948 605 40 39 A
1015 607 61 38 ad
1103 604 88 41 int.
1218 604 172 47 17705;
1420 604 144 48 pubd.
1591 604 112 40 Feb.
1729 602 83 48 23;
1843 602 54 41 G.
1925 602 218 48 Hadath,
2172 602 214 41 London.

364 725 272 66 Heiland,
669 724 137 57 Carl
837 725 262 64 August,
1134 729 174 50 1899-

436 802 327 54 Directions
806 802 97 54 for
942 803 96 53 the
1078 820 97 35 use
1218 803 63 53 of
1319 803 97 52 the
1456 801 261 55 Askania
1756 801 220 54 torsion
2016 801 254 66 balance,
2309 800 77 68 by

366 879 2019 70 C. A. Heiland … Houston, Tex., Chicago, Ill., American
364 961 262 53 Askania
657 960 387 66 corporation,
1077 962 154 51 1933.

439 1030 948 53 3 p. l., 88 p. illus., diagrs. 23½ cm .
442 1089 250 43 “Selected
722 1089 400 50 bibliography”:
1151 1101 44 38 p.
1225 1088 160 42 86-88.

371 1147 51 52 ©
455 1151 111 39 Jan.
594 1151 71 46 21,
696 1148 141 48 1933;
869 1149 56 39 2c
970 1149 110 39 Jan.
1112 1148 55 39 30;
1228 1147 83 42 aff.
1342 1147 112 41 Feb.
1483 1147 54 48 2;
1571 1148 42 39 A
1643 1147 170 48 60121;
1848 1147 159 41 Amer.
2039 1146 221 41 Askania
438 1156 1935 99 corporation.
745 1205 254 51 (33-6191)

366 1307 325 68 Herzberg,
721 1312 141 52 Max
890 1309 176 66 John,
1099 1312 172 50 1886-
1487 1308 86 53 ed.

367 1387 1998 149 Off to Arcady; adventures in poetry, edited with introduction, notes, and study suggestions [by] Max J. Herzberg …
367 1545 141 52 New
537 1545 181 66 York,
748 1545 333 55 Cincinnati
1134 1551 122 61 [etc.]
1292 1545 310 53 American
1632 1545 148 53 book
1809 1563 284 49 company
2127 1577 12 35 [
2145 1551 18 20 c
2168 1549 154 63 1933]

441 1619 86 41 503
560 1630 44 39 p.
666 1619 56 40 19½
756 1621 43 21 cm
803 1651 9 9 .

443 1675 236 41 Contains
709 1676 254 49 “Reading
991 1674 352 50 suggestions”.

374 1732 51 52 ©
453 1737 122 39 Mar.
601 1734 40 49 9,
667 1733 141 49 1933;
837 1735 68 40 2c.
931 1735 97 40 and
1054 1733 83 41 aff.
1164 1735 124 39 Mar.
1315 1734 83 47 14;
1425 1733 41 39 A
1491 1733 172 49 60575;
1691 1733 160 42 Amer.
1878 1733 124 41 book
2029 1744 67 31 co.

452 1792 252 50 (33-6358)

368 1890 249 65 Hinner,
646 1889 167 56 Paul.

439 1967 122 53 The
600 1968 143 68 path
780 1966 65 55 of
882 1967 242 68 history,
1161 1967 77 67 by
1274 1967 150 53 Paul
1463 1967 245 53 Hinner.
1783 1967 142 53 New
1965 1967 181 67 York,
2186 1967 72 53 N.
2304 1967 85 66 Y.,

366 2046 67 54 P.
468 2045 247 63 Hinner,
749 2053 18 21 c
772 2049 153 51 1933.

442 2117 936 52 3 p. l., v-viii p., 1 l., 164 p. 19½ m .
374 2174 51 52 ©
455 2179 122 39 Mar.
603 2179 40 45 3,
672 2178 142 47 1933;
843 2177 67 41 2c.
939 2179 123 39 Mar.
1089 2178 53 46 7;
1171 2177 81 40 aff.
1283 2178 122 38 Mar.
1435 2177 53 47 8;
1517 2177 42 39 A
1586 2176 171 48 59792;
1789 2178 51 41 P.
1869 2177 204 49 Hinner,
2102 2178 117 40 New
2248 2177 146 42 York.

453 2235 252 49 (33-6185)

370 2343 194 64 Hugo,
596 2342 177 56 John.

440 2419 122 55 The
591 2418 139 70 path
762 2426 60 48 to
851 2418 337 55 realization
1219 2418 62 54 of
1308 2419 99 54 the
1432 2418 247 68 eternal;
1710 2417 321 71 aphorisms
2060 2419 114 53 and
2205 2436 188 51 essays

371 2516 72 34 on
479 2498 96 53 the
609 2497 286 68 questions
934 2497 63 52 of
1031 2496 123 69 life,
1191 2498 252 53 creation
1479 2496 113 53 and
1628 2497 94 54 the
1756 2495 277 57 universe.
2108 2497 92 69 By
2234 2496 157 55 John

368 2574 2001 147 Hugo … Milwaukee, Wis., Students of ancient wisdom, Liberty printing co. [ c 1933]
438 2724 549 49 4 p. l., 72 p. 22½ cm .
375 2781 51 52 ©
455 2787 121 38 Mar.
604 2785 39 42 6,
670 2783 141 48 1933;
840 2785 68 41 2c.
935 2786 96 39 and
1059 2784 83 41 aff.
1170 2787 123 38 Mar.
1321 2785 52 47 8;
1401 2785 41 39 A
1468 2784 172 48 59798;
1670 2786 43 40 J.
1742 2786 156 48 Hugo,
1929 2784 307 41 Milwaukee.

454 2842 252 49 (33-6345)

369 2948 216 65 Jotter,
615 2948 187 54 Ernst
832 2947 226 57 Victor.

443 3027 275 68 Forestry
762 3027 113 52 and
919 3026 193 54 school
1155 3026 244 69 studies;
1446 3046 32 34 a
1521 3025 344 56 correlation
1909 3024 93 57 for
2045 3026 349 70 elementary

370 3105 1999 148 grades [by] E. V. Jotter … Ann Arbor, University of Michigan press, 1933.
441 3258 89 41 128
561 3270 43 37 p.
665 3258 131 41 illus.
855 3258 57 41 23
916 3260 15 21 cm
965 3290 8 8 .
1044 3259 75 41 (On
1150 3269 165 31 cover:
1348 3258 286 50 University
1666 3260 51 41 of
1750 3260 249 49 Michigan
2031 3259 175 41 official
372 3259 2002 98 publication.
610 3317 93 40 vol.
889 3348 9 17 XXXIV,
925 3327 76 30 no.
1027 3316 83 49 21)

445 3372 275 49 “Required
763 3372 230 51 teaching
1034 3372 333 43 references”:
1413 3383 42 38 p.
1498 3373 54 50 9;
1598 3374 179 42 “Notes
1819 3384 61 31 on
1922 3375 218 50 forestry
372 3375 2001 96 publications”:
592 3441 44 38 p.
669 3429 251 52 [111]-119.

377 3485 51 52 ©
457 3490 109 39 Jan.
591 3490 71 46 31,
689 3489 141 47 1933;
859 3490 68 40 2c.
956 3490 108 38 Feb.
1093 3490 81 46 11;
1204 3490 81 39 aff.
1315 3490 111 41 Feb.
1453 3490 82 48 23;
1566 3491 39 39 A
1633 3491 170 47 60373;
1835 3491 284 49 University
2148 3493 51 39 of
444 3492 1932 101 Michigan,
581 3546 106 39 Ann
715 3546 172 41 Arbor.
952 3546 252 49 (33-6307)

371 3648 216 66 Keller,
618 3650 256 54 Edward
903 3650 163 66 Levi,
1098 3656 171 50 1884-

443 3726 121 53 The
591 3727 260 67 question
878 3728 64 53 of
967 3729 96 53 the
1089 3748 150 35 cross
1270 3730 111 68 [by]
1414 3731 257 53 Edward
1699 3731 65 53 L.
1789 3731 218 54 Keller.
2072 3732 315 66 Nashville,

372 3803 753 70 Cokesbury press [ c 1933]
449 3877 97 47 135,
584 3879 54 49 [1]
673 3889 43 38 p.
777 3877 56 40 22
837 3881 44 21 cm
885 3911 9 9 .

377 3930 1995 57 © Jan. 24, 1933; 2c. and aff. Feb. 20; A 59001; Whitmore & Smith, Nashville. (33-6195)
