2484 4405
1126 4091 132 50 1891

254 526 221 39 Lettered
507 535 60 30 on
596 535 166 29 cover:
799 524 163 39 Grand
995 523 107 49 prix
1136 524 64 39 du
1231 532 168 31 roman
1431 522 322 40 d'aventures.

180 578 1996 119 © June 10, 1933; 1c. Nov. 17; A-Foreign 22713; Librairie des Champs- É lys é es. (34-1188)
180 737 323 62 Fabricius,
534 737 173 53 Alma
737 738 205 62 Marie,
976 739 171 52 1897-

247 816 407 54 Intermediate
687 816 230 68 algebra
950 814 284 69 problems
1264 815 164 53 made
1460 832 146 50 easy.
1683 814 137 53 Rev.
1854 813 84 54 ed.
178 812 1979 135 Combined

386 895 138 52 with
563 895 275 66 complete
876 893 136 53 drill
1051 893 114 53 and
1203 898 225 62 regents
1467 891 204 53 review
1710 891 265 53 material
2013 890 166 69 (Rev.

177 968 2002 71 ed.) By Alma M. Fabricius … and William Hance … [New
182 1049 176 67 York,
387 1049 367 67 Progressive
785 1048 204 54 review
1019 1047 148 53 book
1195 1065 298 50 company,
1522 1053 18 22 c
1545 1050 151 63 1933]

250 1121 736 49 2 p. l., 3-94 p. diagrs. 20½cm.
247 1177 175 41 Tables
445 1187 57 29 on
531 1188 43 38 p.
617 1177 40 49 [2]
688 1179 96 39 and
814 1178 53 49 [3]
896 1178 52 40 of
974 1187 156 31 cover.

182 1230 1997 52 © Oct. 7, 1933; 2c. Oct. 10; aff. Oct. 9; A 66563; Progressive review
249 1293 120 40 book
397 1303 64 29 co.
534 1291 278 48 (33-30587)

183 1383 243 64 Garner,
459 1382 314 54 Frederick
802 1384 248 64 Horace,
1079 1383 84 53 ed.

251 1459 238 54 Modern
526 1459 137 52 road
699 1458 329 67 emulsions;
1068 1479 31 33 a
1134 1458 228 55 treatise
1398 1457 167 55 based
1602 1476 70 34 on
1710 1476 28 33 a
1776 1458 167 52 series
1978 1456 63 52 of

185 1457 1972 134 lectures
371 1536 72 69 by
481 1536 271 55 members
788 1538 64 51 of
886 1537 92 52 the
1015 1537 163 52 Road
1213 1535 272 55 emulsion
1523 1535 110 53 and
1672 1534 124 53 cold
1836 1534 347 54 bituminous

184 1612 1970 134 roads association, ltd., edited by F. H. Garner … in collaboration
332 1690 1849 67 with L. G. Gabriel … and H. J. Prentice; with forewords
183 1769 1973 132 by C. H. Bressey … P. Le Gavrian … prof, dr.-ing. E. Neumann
441 1847 1573 70 … London, The Carriers publishing co., ltd., 1933.
251 1920 1159 50 5 p. l., 222 p. illus., plates, diagrs. 22 cm .
252 1978 374 49 Bibliography:
660 1990 42 37 p.
735 1977 246 52 [169]-179.

187 2037 1995 51 © 1c. Dec. 22, 1933; A ad int. 18531; pubd. Nov. 13; Carriers pub. co.,
252 2099 86 39 ltd.
409 2098 249 47 (34-1872)

188 2189 321 64 Gebhardt,
539 2190 324 54 Hermann.

257 2266 118 52 Das
401 2267 145 51 buch
572 2284 109 35 von
708 2266 98 52 der
831 2266 938 53 deutsch-völkisch-christlichen
1795 2267 261 68 religion,
2077 2285 110 33 von

189 2345 288 67 professor
531 2345 67 52 lic.
630 2345 85 52 dr.
746 2345 297 52 Hermann
1077 2345 315 54 Gebhardt.
1459 2346 258 66 Breslau,
1747 2346 66 52 F.
1844 2345 159 67 Hirt,
2035 2347 152 51 1934.

259 2418 97 46 175,
393 2419 53 49 [1]
477 2429 43 37 p.
581 2416 54 41 21½
669 2420 43 21 cm
717 2450 8 8 .

189 2472 1829 52 © Nov. 20, 1933; 1c. Dec. 12; A-Foreign 22913; Ferdinand Hirt.
267 2534 249 48 (34-1375)

191 2622 818 68 Ger ö , Katalin, 1853-1933.
321 2702 1745 70 … Erfülltes leben. Leipzig, Koehler & Amelang [ c 1933]
259 2774 895 51 386, [1] p. front. (port.) 22½ cm .
263 2834 61 40 At
351 2834 124 39 head
504 2833 51 40 of
579 2834 135 40 title:
746 2833 277 41 Katharina
1055 2836 138 39 Gero.

261 2892 73 39 An
371 2892 400 48 autobiography.

194 2947 1995 52 © Sept. 14, 1933; 1c. Nov. 21; A-Foreign 22781; Koehler & Amelang.
269 3008 249 49 (34-1216)

195 3084 280 64 Goggins,
504 3084 190 64 Ralph
725 3083 270 56 Damian.

265 3160 242 54 Toward
549 3162 93 53 the
680 3161 524 69 clerical-religious
1240 3162 135 67 life;
1416 3182 30 33 a
1482 3162 194 53 sketch
1716 3162 63 54 of
1814 3163 94 53 the
196 3162 1969 144 requirements,

435 3240 122 66 life,
603 3241 112 51 and
757 3240 188 52 labors
990 3240 63 53 of
1095 3241 96 51 the
1236 3241 329 65 priesthood
1608 3241 59 51 in
1710 3241 95 52 the
1847 3241 343 53 Dominican

197 3318 1998 69 order, by Ralph Damian Goggins … with a preface by Most
195 3395 1996 68 Reverend Martin Stanislaus Gillet … Milwaukee, The Bruce
197 3473 884 68 publishing company [ c 1933]
267 3545 84 48 xii,
382 3546 83 39 140
492 3557 42 37 p.
595 3545 163 45 front.,
786 3546 170 48 plates.
1017 3544 55 41 20½
1107 3548 42 20 cm
1155 3579 8 8 .

199 3601 51 51 ©
278 3606 110 38 Dec.
416 3604 38 46 7,
482 3603 111 40 1933;
650 3604 65 38 2c.
744 3604 109 38 Dec.
955 3614 8 36 18;
1026 3602 47 40 aff.
1103 3604 111 39 Dec.
1243 3603 81 47 16;
1354 3605 41 37 A
1422 3604 169 46 68523;
1622 3605 55 39 R.
1706 3606 55 39 D.
1793 3605 222 49 Goggins,
2047 3606 147 41 River

265 3661 184 46 Forest,
482 3662 74 38 Ill.
627 3660 220 48 (34-567)

200 3737 203 64 Gould,
432 3738 240 52 Medora
698 3738 87 54 W.

266 3814 162 54 Good
464 3814 243 67 English
744 3814 57 51 in
835 3814 94 52 the
965 3814 288 66 rhythmic
1288 3832 153 49 way;
1479 3834 103 33 one
1615 3815 260 55 hundred
1912 3820 111 51 and
2057 3818 134 69 fifty

197 3890 1996 71 rimes correcting errors in speech, copyright … by Medora W.
197 3969 207 54 Gould.
484 3971 251 64 [Boston,
765 3969 121 52 The
914 3968 235 53 Lavalle
1179 3987 172 49 press]
1388 3977 17 20 c
1411 3973 150 51 1933.
