2597 4403
1354 4062 61 49 146

374 382 184 55 Bible.
634 383 264 68 English.
976 386 153 51 1932.
1205 381 379 54 Authorized.

443 461 123 53 The
596 459 366 55 craftsman’s
993 459 196 67 Bible;
1221 458 99 54 the
1349 463 166 64 great
1541 458 152 69 light
1724 459 61 53 in
1815 476 289 52 masonry,

377 459 1990 149 containing
518 538 96 54 the
657 538 165 69 King
863 537 198 55 James
1105 556 64 34 or
1211 536 338 53 authorized
1592 535 226 55 version
1864 535 64 55 of
1972 536 97 55 the
2115 536 116 56 Old
2278 538 114 53 and

375 617 139 54 New
542 616 378 68 Testaments,
948 616 141 53 with
1117 615 96 54 the
1241 615 189 53 words
1457 614 65 54 of
1552 613 197 56 Christ
1778 614 234 69 printed
2041 615 62 53 in
2132 616 120 68 red,
2278 615 113 55 and

375 695 142 54 with
553 694 253 71 original
842 694 229 54 articles
1107 694 77 69 by
1220 693 128 53 well
1386 693 211 53 known
1631 692 278 55 members

375 692 2019 152 of the fraternity … Including the International Bible concordance and
375 852 423 71 encyclopedia.
867 852 116 53 Des
1015 850 243 69 Moines,
1327 869 69 49 Ia.,
1426 850 65 55 T.
1524 850 79 54 H.
1637 850 248 55 Fellows
1920 883 15 35 [
1939 856 19 23 c
1961 853 155 66 1932]

445 923 1898 51 2 p. l., 3-32, 3-995, iv, 390 p. illus., pl., maps, plan, facsims. 22½ cm .
377 980 2003 103 “The international teachers’ handy Bible encyclopedia and concordance …
610 1040 163 41 edited
804 1039 62 48 by
898 1040 116 39 Rev.
1045 1038 141 41 Jesse
1216 1037 187 49 Lyman
1436 1037 234 48 Hurlbut,
1732 1071 9 9 D.
1808 1070 23 17 D.,
1866 1040 96 39 and
1995 1038 118 42 Rev.
2147 1038 173 42 Alfred
2352 1039 46 43 J.

379 1097 48 42 P.
461 1095 240 43 McClure.
765 1094 358 50 Philadelphia,
1156 1095 99 47 Pa.,
1288 1095 103 41 The
1423 1094 131 41 John
1585 1094 51 43 C.
1670 1095 224 41 Winston
1927 1104 237 43 company
2201 1116 12 31 [
2215 1097 19 22 c
2236 1094 161 52 1908]”

387 1154 87 51 (iv,
506 1153 88 42 390
624 1164 43 38 p.
701 1156 53 38 at
786 1154 117 47 end)
947 1153 90 40 has
1071 1152 181 47 special
1286 1154 100 45 t.-p.
1418 1153 98 40 and
1550 1154 227 46 separate
1808 1151 302 50 pagination.

449 1211 222 47 “Family
703 1209 198 42 record”
933 1210 97 41 and
1063 1209 250 41 “Masonic
1344 1208 117 42 life”
1495 1211 166 39 record
1705 1209 84 52 ([2]
1819 1210 71 49 p.)
1932 1210 216 41 inserted
2180 1210 220 42 between

379 1268 91 41 Old
495 1270 96 39 and
618 1269 119 39 New
761 1268 326 46 Testaments,
1113 1269 87 38 not
1224 1266 226 41 included
1475 1266 50 41 in
1551 1266 85 43 the
1657 1266 302 49 pagination.

384 1337 53 53 ©
479 1342 111 40 Dec.
631 1340 71 49 20,
742 1340 142 47 1932;
927 1340 68 41 2c.
1036 1340 98 39 Jan
1190 1340 70 47 14,
1301 1338 142 48 1933;
1488 1339 83 41 aff.
1613 1340 110 41 Jan.
1764 1340 83 47 16;
1892 1341 40 38 A
1973 1340 172 49 57972;
2188 1340 213 41 Thomas

453 1398 215 49 Hinkley
723 1399 220 39 Fellows.
1026 1392 53 53 [©
1131 1396 210 49 original
1395 1397 213 47 articles,
1661 1398 60 47 by
1775 1398 44 41 J.
1872 1398 144 49 Hugo
2069 1398 183 40 Tatsch
2305 1400 95 39 and

451 1456 213 41 Thomas
700 1455 215 48 Hinkley
953 1454 223 49 Fellows]
1250 1452 254 52 (33-4061)

376 1562 235 52 Borden
651 1560 236 66 (Mary)

447 1637 318 54 Husbands
796 1637 114 53 and
942 1637 172 53 wives
1145 1642 62 48 at
1236 1637 184 53 home.

486 1715 62 38 (In
575 1709 137 45 Good
740 1708 389 53 housekeeping,
1160 1708 128 52 Jan.,
1321 1708 145 51 1933)

386 1781 2016 53 © 1c. Feb. 25, 1933; A ad int. 17494; pubd. Dec. 30, 1932; M. Borden,
455 1843 214 39 London.

382 1943 383 66 Brightman,
796 1945 203 65 Edgar
1030 1943 294 65 Sheffield,
1358 1949 172 51 1884-

452 2023 1951 71 Moral laws [by] Edgar Sheffield Brightman … New York,
385 2102 1420 71 Cincinnati [etc.] The Abingdon press [c1933]
455 2177 87 42 322
577 2188 44 38 p.
683 2177 56 40 21½
773 2179 45 22 cm
821 2207 10 10 .

456 2235 382 49 Bibliography:
871 2247 44 37 p.
944 2234 219 42 297-309.

390 2303 53 53 ©
474 2307 111 42 Feb.
616 2309 69 46 14,
716 2306 143 49 1933;
889 2308 70 40 2c.
989 2308 96 40 and
1116 2306 82 41 aff.
1232 2307 112 42 Feb.
1375 2307 83 48 15;
1491 2307 41 40 A
1563 2307 171 48 59433;
1768 2309 53 39 E.
1856 2308 45 42 S.
1932 2308 307 50 Brightman,
458 2310 1931 96 Newton
569 2365 191 48 Center,
788 2366 147 39 Mass.
1008 2364 253 49 (33-4178)

386 2468 352 67 Buchholtz,
765 2470 326 65 Johannes,
1121 2475 174 51 1882-

459 2546 280 68 Susanne,
787 2548 76 68 by
915 2547 297 55 Johannes
1264 2547 354 69 Buchholtz;
1670 2548 337 56 authorized
2059 2549 347 56 translation

388 2623 154 55 from
568 2624 97 55 the
692 2624 227 55 Danish
947 2624 77 71 by
1054 2624 211 55 Edwin
1295 2623 342 71 Bjorkman.
1702 2626 141 54 New
1872 2626 183 71 York,
2083 2628 324 71 Liveright,

387 2703 110 55 inc.
532 2706 177 66 [c1933]

456 2776 593 50 3 p. l., 3-463 p. 20 cm .
394 2845 53 53 ©
478 2850 111 41 Jan.
619 2850 70 47 13,
718 2849 115 42 1933;
893 2850 68 41 2c.
994 2850 111 39 Feb.
1136 2850 83 48 18;
1252 2850 83 41 aff.
1367 2852 112 40 Jan.
1510 2850 83 49 25;
1627 2853 41 39 A
1698 2852 172 47 60343;
1903 2852 267 51 Liveright,
2202 2852 92 43 inc.

473 2906 253 49 (33-4499)

389 3009 347 57 California.
812 3014 281 68 Supreme
1128 3019 177 49 court.

460 3089 1947 76 Reports of cases determined … February 5, 1932, to June
387 3171 85 65 30,
539 3172 150 50 1932.
767 3170 312 69 Randolph
1143 3173 71 53 Y.
1278 3172 287 71 Whiting,
1627 3180 275 63 reporter,
1977 3193 52 36 v.
2092 3179 118 50 215.
2290 3176 117 56 San

388 3248 325 69 Francisco,
754 3250 590 68 Bancroft-Whitnejr
1382 3270 298 53 company,
1724 3258 151 51 1933.

463 3334 148 39 xxxv,
644 3324 85 40 911
762 3335 43 38 p.
864 3324 56 39 22½
954 3328 44 20 cm
1004 3357 8 8 .

397 3390 53 53 ©
480 3394 110 41 Feb.
618 3394 41 49 9,
686 3394 114 42 1933;
857 3395 69 44 2c.
954 3397 96 41 and
1078 3395 82 43 aff.
1190 3397 111 43 Feb.
1330 3396 81 52 15;
1441 3397 43 42 A
1510 3397 170 53 59435;
1712 3400 490 51 Bancroft-Whitney
2233 3414 67 31 co.

394 3498 332 67 Chartens,
754 3500 212 58 Leslie.

463 3573 1882 79 Getaway, the new Saint mystery [by] Leslie Charteris …
392 3651 236 56 Garden
659 3654 155 70 City,
844 3657 70 55 N.
947 3659 91 68 Y.,
1069 3660 144 55 Pub.
1246 3660 95 56 for
1370 3664 97 51 the
1500 3659 191 59 Crime
1722 3659 147 68 club,
1899 3659 126 67 inc.,
2055 3659 76 67 by
392 3656 1994 144 Doubleday,
554 3733 202 55 Doran
786 3738 46 51 &
860 3754 299 54 company,
1190 3739 127 69 inc.,
1350 3743 151 52 1933.

465 3807 618 51 x p., 1 l., 307 p. 20 cm .
465 3868 166 43 “First
661 3870 230 44 edition.”

396 3921 54 53 ©
485 3926 110 41 Feb.
631 3929 69 47 15,
734 3929 142 49 1933;
910 3931 68 42 2c.
1012 3935 96 39 and
1143 3934 83 41 aff.
1262 3935 111 40 Feb.
1407 3936 84 50 20;
1529 3938 41 41 A
1604 3933 172 48 59595;
1814 3934 49 38 L.
1900 3930 268 46 Charteris,
2202 3929 212 41 London.

476 3982 252 55 (33-4391)
