2582 4453
1282 4157 135 50 1230

348 457 121 52 The
497 456 250 55 mineral
774 459 298 67 industry;
1104 458 74 55 its
1205 460 295 69 statistics,
1528 462 343 69 technology

1901 464 113 53 and
2042 464 165 54 trade
418 464 1927 141 during
567 540 151 48 1932.
795 538 281 53 Founded
1121 539 75 68 by
1240 539 258 54 Richard
1543 543 65 51 P.
1654 542 154 53 Roth
1815 543 141 52 well.
2036 542 215 53 Edited
2293 543 76 69 by

420 613 69 55 G.
513 616 71 52 A.
610 616 216 69 Roush,
891 662 9 9 A.
965 659 28 26 B.,
1073 662 10 10 M.
1141 661 10 10 S.
1210 635 51 36 v.
1286 622 86 64 41,
1395 619 470 70 supplementing
1888 621 251 53 volumes
2167 626 27 47 1
2220 628 58 47 to
2303 624 67 50 40

424 738 56 9 …
562 696 141 52 New
745 696 165 53 York
951 697 113 52 and
1106 697 260 68 London,
1406 698 436 55 McGraw-Hill
1882 699 149 53 book
2070 717 300 52 company,

417 772 128 69 inc.,
577 777 150 50 1933.

418 848 136 47 xviii,
584 848 88 41 680
698 859 42 38 p.
798 848 182 49 diagrs.
1037 850 58 40 24
1097 851 45 22 cm
1147 883 7 8 .

353 914 2019 55 © Sept. 15, 1933; 2c. Sept. 19; aff. Sept. 23; A 65340; McGraw-Hill book
419 987 82 37 co.,
529 976 92 41 inc.

344 1080 220 65 Moore,
594 1081 156 53 John
780 1082 266 65 Bassett,
1079 1082 84 54 ed.

416 1157 427 55 International
895 1159 446 69 adjudications,
1391 1159 226 54 ancient
1667 1162 113 52 and
1829 1162 265 66 modern;
2145 1162 222 68 history

347 1239 113 52 and
507 1239 350 67 documents,
901 1239 265 69 together
1211 1238 143 55 with
1397 1240 367 53 mediatorial
1810 1244 243 65 reports,
2099 1240 267 70 advisory

346 1318 284 68 opinions,
662 1319 114 52 and
808 1319 96 52 the
936 1318 280 54 decisions
1249 1319 64 53 of
1344 1319 272 54 domestic
1649 1319 408 67 commissions,
2089 1338 73 35 on
343 1319 2000 131 international

644 1397 216 68 claims,
900 1397 192 53 edited
1132 1399 75 67 by
1246 1399 159 55 John
1443 1401 230 51 Bassett
1711 1401 215 51 Moore.
2002 1399 246 53 Modern
347 1417 1996 127 series,
500 1478 226 51 volume

813 1520 8 9 VI.
887 1475 388 69 [Arbitration
1301 1476 64 53 of
1386 1478 97 52 the
1507 1477 129 53 title
1659 1484 59 46 to
1741 1478 219 52 islands
1985 1478 59 52 in
2069 1480 298 51 Passama

344 1556 232 68 quoddy
603 1556 112 66 bay
744 1556 113 54 and
884 1556 96 54 the
1009 1559 128 66 Bay
1165 1555 64 54 of
1257 1556 213 68 Fundy]
1569 1557 140 52 New
1738 1556 180 67 York,
1945 1556 244 53 London
2223 1563 120 61 [etc.]

344 1633 233 56 Oxford
606 1634 323 69 university
960 1654 177 50 press,
1171 1638 152 51 1933.

417 1721 113 35 xxv,
562 1709 89 40 418
682 1720 44 37 p.
787 1719 139 38 maps
955 1710 137 48 (part
1121 1710 146 48 fold.)
1307 1709 119 40 fold.
1461 1711 129 46 plan.
1652 1709 57 40 24½cm.
1876 1708 300 49 (Half-title:
347 1707 2005 100 Publications
565 1767 51 39 of
644 1767 83 40 the
755 1766 240 48 Carnegie

1021 1768 306 39 endowment
1355 1766 79 42 for
1462 1766 355 40 international
1846 1777 158 37 peace.
2065 1765 224 41 Division
2320 1765 51 42 of

345 1824 355 40 international
730 1825 109 46 law,
870 1823 351 49 Washington)

417 1882 134 39 Each
577 1883 193 38 volume
798 1881 91 40 has
917 1881 181 48 special
1127 1883 99 47 t.-p.

348 1946 52 53 ©
437 1952 129 47 Sept.
598 1953 70 44 14,
701 1950 115 41 1933;
876 1951 66 40 2c.
978 1952 98 39 and
1107 1950 83 42 aff.
1228 1951 128 48 Sept.
1390 1951 83 47 22;
1509 1951 41 39 A
1583 1950 171 47 66198;
1792 1951 237 48 Carnegie
2063 1951 307 39 endowment

417 2009 79 40 for
525 2008 252 41 internatl.
807 2018 158 39 peace,
998 2008 338 48 Washington.

342 2116 176 64 Muir,
547 2118 140 51 Mrs.
719 2115 190 56 Willa.

415 2194 140 55 Mrs.
586 2193 246 57 Ritchie,
859 2194 75 55 by
959 2194 180 55 Willa
1168 2193 174 54 Muir.
1419 2194 261 66 London,
1706 2195 80 52 M.
1817 2192 208 57 Seeker
2057 2197 173 63 [1933]

416 2268 87 41 338
531 2279 56 38 p.,
617 2270 23 37 l
670 2270 30 39 l.
791 2267 26 41 19½
850 2270 15 21 cm.

347 2322 2002 110 © 1c. Sept. 1, 1933; A ad int. 18160; pubd. July 6; W. Muir, Crowborough, Sussex, England. (33-23923)
340 2487 283 54 National
655 2488 320 54 industrial
1007 2488 351 54 conference
1390 2488 203 55 board.

415 2567 308 54 Economic
758 2567 455 54 reconstruction
1247 2566 329 69 legislation
1610 2566 64 53 of
1707 2569 135 50 1933
1879 2609 56 10 …
2016 2566 139 52 New
2188 2564 181 66 York,

343 2646 277 53 National
655 2646 312 54 industrial
1003 2645 335 54 conference
1373 2646 200 67 board,
1608 2645 128 68 inc.,
1772 2649 151 48 1933.

412 2718 640 51 xii p., 1 l., 214 p. 23 cm .
347 2772 2002 111 © Aug. 7, 1933; 2c. and aff. Aug. 9; A 63868; National industrial conference board, inc. (33-23031)
338 2941 178 64 Page,
545 2939 258 56 William
832 2941 279 64 Herbert,
1143 2941 84 54 ed.

412 3018 202 68 Page’s
661 3019 151 55 Ohio
859 3018 348 55 cumulative
1251 3019 136 51 code
1431 3018 230 67 service,
1704 3016 335 69 containing
2082 3017 95 52 the
2223 3017 138 52 laws

341 3099 205 67 passed
597 3104 59 46 at
706 3099 96 52 the
853 3099 213 66 special
1116 3097 242 54 sessions
1407 3097 62 52 of
1520 3097 96 52 the
1667 3095 395 69 eighty-ninth
2112 3094 248 56 General

345 3177 278 67 assembly
689 3177 192 67 (1932)
947 3177 113 52 and
1113 3177 96 52 the
1264 3177 231 67 regular
1547 3175 213 53 session
1813 3175 63 54 of
1930 3175 95 52 the
2077 3172 283 54 ninetieth

340 3255 249 55 General
619 3256 280 68 assembly
939 3255 222 69 (1933),
1190 3254 140 53 with
1360 3261 159 47 notes
1550 3254 64 52 of
1643 3253 279 53 decisions
1951 3250 65 55 of
2044 3253 95 51 the
2171 3256 188 50 courts

342 3335 112 51 and
491 3334 266 68 opinions
791 3334 63 52 of
890 3340 264 62 attorney
1188 3335 250 67 general,
1473 3333 186 53 which
1694 3338 262 48 construe
1988 3331 97 53 the
2118 3335 241 48 statutes

344 3413 63 52 of
458 3413 167 55 Ohio.
702 3413 394 54 Annotations
1141 3413 74 68 by
1268 3412 138 55 Carl
1453 3411 175 54 Louis
1677 3411 180 53 Meier
1913 3453 55 9 …
2022 3410 224 67 George
2296 3409 61 55 C.

341 3491 352 66 Troutwein,
738 3490 317 71 managing
1101 3491 202 53 editor.
1387 3493 107 51 No.
1545 3492 92 51 10:
1686 3493 133 49 1933
1872 3532 55 9 …
2010 3486 349 68 Cincinnati,

341 3572 120 53 The
489 3573 90 53 W.
606 3573 78 52 H.
711 3570 304 54 Anderson
1045 3588 282 50 company
1361 3603 12 33 [
1379 3575 17 21 c
1403 3572 133 50 1933
1544 3602 10 33 3

414 3645 61 46 vi,
505 3645 88 40 519
620 3656 42 38 p.
721 3645 58 41 26
780 3647 44 21 cm
830 3678 8 8 .

347 3697 52 53 ©
432 3703 128 47 Sept.
591 3703 68 41 11,
690 3702 113 40 1933;
863 3702 67 39 2c.
965 3702 126 47 Sept.
1123 3701 82 42 13;
1240 3700 83 40 aff.
1357 3700 129 48 Sept.
1518 3700 81 45 12;
1634 3699 39 39 A
1704 3698 171 41 65212:
1911 3698 70 39 W.
2014 3697 60 38 H.
2108 3695 251 40 Anderson

412 3772 67 29 co.

340 3865 172 65 Peck,
541 3866 315 53 Winifred.

413 3944 121 52 The
562 3942 343 54 Warrielaw
933 3941 181 69 jewel,
1143 3942 76 67 by
1247 3939 297 56 Winifred
1573 3939 168 54 Peck.
1818 3939 138 52 New
1987 3936 180 67 York,
2199 3935 67 52 E.
2295 3935 65 52 P.

343 4021 767 68 Dutton & co., inc. [ c 1933]
411 4094 367 49 320 p. 19½ cm .
