2582 4453
1380 4145 133 50 1622

478 522 347 49 “Supplement
857 522 199 42 service.
1122 523 276 50 Beginning
1425 523 208 42 October
1665 526 70 45 16,
1766 524 129 47 1933,
1929 526 138 39 there
2097 526 102 38 will
2231 529 55 37 be

406 531 2005 90 published
599 580 239 49 biweekly
870 582 84 40 the
988 581 131 38 NRA
1155 585 236 44 reporter,
1425 587 258 45 recording
1717 587 210 44 changes
1961 588 50 34 in
2047 590 97 33 and
2180 591 250 33 additions

406 639 2022 51 to NRA regulations, procedure, codes, agreements or personnel III a
405 696 130 41 form
567 696 192 40 similar
792 699 50 39 to
876 697 111 40 that
1018 696 229 41 followed
1281 696 50 40 in
1363 697 100 41 this
1497 697 343 50 volume.”—p.
1874 704 100 35 413.

407 752 53 52 ©
492 756 129 48 Sept.
650 755 70 48 16,
749 755 115 41 1933;
922 755 68 40 2c.
1020 756 120 40 Nov.
1169 755 83 39 22:
1284 754 83 42 aff.
1398 756 113 41 Dec.
1541 756 53 47 6;
1626 757 43 39 A
1696 757 173 47 67386;
1902 757 207 40 Federal
2140 761 156 43 codes,
2326 762 107 43 inc.,

479 813 121 40 New
625 813 146 40 York.
844 812 282 48 (33-27338)

409 878 220 63 Feuga,
661 876 169 56 Jean.

539 966 1624 69 … La guerre sans armes. Paris, A. Lemerre, 1933.
476 1020 1102 71 4 p. l., [11]-251 p 1 l. incl. maps. 19cm.
479 1100 364 39 International
877 1098 262 49 espionage
1170 1099 50 40 in
1255 1100 168 39 Tunis.

411 1156 2028 50 © Mar. 21, 1933; 1c. July 18; A-Foreign 21524; Librairie Alphonse
480 1218 239 38 Lemerre.
793 1215 283 49 (33-35352)

415 1276 396 68 FitzPatrick,
840 1279 147 53 Paul
1019 1278 242 65 Joseph,
482 1282 950 125 1894-A
578 1356 356 68 comparison
981 1355 64 53 of
1084 1355 96 54 the
1223 1355 178 55 ratios

1443 1356 63 52 of
1546 1357 310 54 successful
1902 1358 311 52 industrial
413 1368 1998 135 enterprises
619 1435 143 53 with
792 1435 158 52 those
981 1435 63 52 of
1076 1435 181 53 failed
1289 1436 321 66 companies
1648 1436 110 68 [by]
1794 1436 149 52 Paul
1975 1436 56 53 J.
2066 1436 371 53 FitzPatrick

474 1512 946 70 … [Washington, D. C., c 1932 ]
482 1586 55 39 21
578 1597 43 37 p.
691 1586 148 39 25½cm.

484 1645 69 38 “A
577 1645 189 47 reprint
791 1645 52 38 of
867 1644 200 39 articles
1095 1644 269 48 appearing
1389 1645 50 38 in
1464 1645 85 40 the
1576 1647 220 47 October,
1822 1648 272 38 November
2119 1650 96 37 and
415 1651 2004 92 December
523 1703 159 39 issues

709 1703 52 38 of
788 1703 84 38 the
899 1701 231 41 Certified
1159 1701 162 48 public
1351 1703 340 39 accountant.”

417 1761 53 51 ©
506 1764 110 39 Jan.
651 1765 42 44 4,
730 1762 142 42 1933:
911 1764 66 38 2c.
1015 1763 99 38 and
1148 1761 82 40 aff.
1269 1763 121 38 Mar.
1428 1762 83 42 22;
1551 1764 41 37 A
1628 1763 172 46 61046;
1840 1765 335 39 Accountants
2212 1769 111 43 pub.
2361 1775 82 34 co.,

488 1820 339 48 Washington.
897 1819 284 49 (33-34470)

417 1883 200 66 Flake,
650 1884 162 64 Otto,
848 1885 174 50 1882-

419 1961 1998 150 … Hortense; oder, Die rückkehr nach Baden-Baden. Berlin, S. Fischer [1933]
487 2106 865 60 3 p. l, 9-403, [1] p., 1 l. 20½ cm .
488 2177 174 38 “Erste
692 2175 74 40 bis
797 2174 169 40 fünfte
997 2173 236 48 auflage.”

421 2228 2012 52 © Apr. 6, 1933; 1c. July 24: A-Foreign 22315: S. Fischer verlag, a. g
503 2289 285 49 (33-33661)

423 2352 289 65 Fleming,
742 2354 304 51 Maureen.

490 2437 54 43 A
571 2429 178 69 caged
774 2429 161 65 bird;
962 2429 97 52 the
1084 2427 283 54 romantic
1392 2428 329 69 biography
1748 2426 64 55 of
1838 2428 274 68 Empress
2139 2426 303 54 Elizabeth

421 2510 65 49 of
514 2508 260 67 Austria,
803 2507 77 70 by
911 2507 277 53 Maureen
1221 2506 269 71 Fleming
1532 2505 168 71 (Mrs.
1733 2506 189 71 Larry
1954 2506 152 70 Rue)
2185 2506 261 63 London,

423 2585 231 72 Selwyn
686 2590 46 50 &
762 2587 237 67 Blount,
1029 2587 105 53 ltd.
1171 2589 175 65 [1933]

491 2661 87 40 255
608 2671 43 38 p.
716 2661 165 42 front.,
913 2660 173 48 plates,
1118 2663 149 45 ports.
1329 2660 57 38 22
1390 2660 44 23 cm
1439 2691 8 9 .

426 2716 2023 52 © 1c. Oct. 20, 1933; A ad int. 18306; pubd. Aug. 25; M. F. Hue, Miami
498 2778 176 42 Beach,
704 2778 102 39 Fla.
881 2776 282 49 (33-35421)

427 2837 310 67 Freeman,
769 2840 289 63 Bernard,
1093 2841 173 50 1852-

495 2916 281 54 Freeman
829 2915 65 55 of
948 2916 332 67 Stamboul;
1333 2915 174 70 being
1556 2915 97 54 the
1706 2913 268 56 memoirs
2026 2914 65 55 of
2144 2913 303 55 Professor

426 2995 297 54 Freeman.
788 2996 261 56 London,
1078 2996 70 54 V.
1180 2995 295 68 Gollancz,
1505 2996 122 67 ltd.,
1660 2997 151 51 1933.

495 3068 871 49 414 p., 1 l. front., ports. 22 cm .
431 3125 2021 52 © 1c. Nov. 10, 1933: A ad int. 18325: pubd. Sept. 15: B. Freeman,
498 3187 214 40 London.
784 3185 284 49 (33-35422)

429 3249 244 64 Garten,
706 3249 266 64 Stanley.

499 3324 1639 69 Commercial law, by Stanley Garten … New York
2161 3324 135 67 city,
428 3323 1994 152 College
580 3411 267 48 entrance
877 3405 149 52 book
1056 3423 282 49 company
1376 3437 12 34 [
1393 3410 19 21 c
1417 3405 153 65 1933]

499 3492 43 35 v,
577 3481 72 49 [1],
682 3479 99 47 261,
832 3479 70 49 [21]
937 3490 43 37 p.
1042 3478 147 41 18½cm.

433 3535 53 52 ©
509 3540 118 38 Nov.
653 3538 68 46 10,
746 3537 114 41 1933;
915 3537 52 39 2c
1039 3538 64 38 and
1128 3535 82 42 aff.
1234 3537 119 39 Nov.
1378 3536 82 41 15:
1487 3536 40 38 A
1551 3535 145 40 68092
1715 3546 8 30 :
1752 3535 193 47 College
1969 3537 232 39 entrance
2225 3534 123 40 book
2373 3545 81 34 co.,

503 3595 92 41 inc.
668 3594 282 49 (33-34550)

434 3659 314 62 Guaranty
776 3660 163 51 trust
969 3673 292 47 company
1289 3656 64 52 of
1380 3656 147 51 New
1554 3654 183 56 York.

503 3735 377 70 Suggestions
913 3735 95 53 for
1037 3736 96 53 the
1165 3733 372 69 preparation
1570 3732 65 56 of
1665 3738 150 49 trust
1846 3733 169 54 deeds
2049 3732 93 54 for
2173 3733 276 53 members

433 3812 2017 68 of the bar exclusively … [New York, etc.] Guaranty trust
431 3912 284 41 company
745 3894 64 52 of
836 3894 140 53 New
1006 3893 181 56 York.
1219 3896 150 50 1933.

507 3968 57 40 27
592 3979 43 37 p.
696 3968 148 41 23½cm.

439 4023 53 52 ©
526 4027 119 39 Nov.
679 4027 39 41 4.
755 4026 141 40 1933:
933 4026 67 39 2c.
1037 4026 94 39 and
1168 4024 82 41 aff.
1286 4025 118 39 Nov.
1441 4024 81 42 15;
1560 4024 40 39 A
1635 4022 172 47 68098;
1847 4022 256 47 Guaranty
2139 4023 128 38 trust
2304 4030 67 30 co.
2407 4020 52 41 of

507 4084 115 38 New
657 4084 146 39 York.
875 4080 281 48 (33-34479)
