2484 4405
1075 4080 134 51 1431

114 440 220 54 Punch,
409 457 51 36 v.
490 441 117 62 185,
634 455 89 34 no.
751 437 154 54 4811,
936 432 156 68 Sept.
1126 434 80 52 13,
1236 433 151 49 1933.

116 509 1993 71 © 1c. Nov. 9, 1933; A ad int. 18331; pubd. Sept. 13; Herbert Heather,
184 586 209 40 London.

112 685 280 65 Qualben,
425 685 148 53 Lars
603 679 313 64 Pederson,
951 680 171 50 1891-

184 747 1868 81 A history of the Christian church, by Lars P. Qualben …
116 841 136 55 New
282 839 178 67 York,
489 839 63 52 T.
581 836 210 55 Nelson
820 834 113 54 and
960 849 147 51 sons,
1138 833 150 51 1933.

184 913 103 41 xxii
315 924 57 37 p..
400 914 24 38 1
475 943 22 15 l.,
525 910 84 40 590
635 920 44 38 p.
740 908 127 41 illus.
897 906 133 48 (inch
1058 905 163 49 maps)
1258 903 178 48 diagrs.
1496 900 144 39 21½cm.

187 985 67 38 “A
281 982 206 41 selected
514 978 365 51 bibliography”
907 982 51 36 at
983 977 91 39 end
1101 976 53 40 of
1180 975 117 40 each
1326 973 212 49 chapter.

120 1050 51 54 ©
202 1055 126 47 Sept.
357 1055 67 44 14,
453 1051 138 42 1933:
620 1052 68 40 2c.
718 1051 125 46 Sept.
871 1049 82 44 23;
984 1047 80 41 aff.
1096 1047 127 47 Sept.
1251 1046 83 45 22;
1365 1044 44 40 A
1434 1043 169 40 66222:
1634 1042 210 41 Thomas
1873 1039 178 41 Nelson
2079 1040 37 38 &

186 1122 127 29 sons.
381 1108 281 48 (33-29522)

115 1213 325 65 Randolph,
468 1212 190 55 Boris.

187 1290 121 52 The
349 1289 188 69 gentle
582 1294 90 46 art
715 1286 61 53 of
821 1284 276 68 chiseling
1142 1285 60 51 in
1243 1289 95 46 ten
1381 1300 131 50 easy
1556 1282 227 65 lessons,
1826 1279 74 67 by
1944 1277 168 55 Boris

117 1366 328 69 Randolph.
505 1365 139 53 New
672 1364 177 66 York,
878 1362 230 67 Carlyle
1137 1361 190 64 house,
1355 1363 151 50 1933.

191 1441 85 42 100
303 1453 41 37 p.
376 1440 107 42 incl.
514 1439 162 44 front.,
707 1437 143 47 illus.,
881 1436 178 48 diagrs.
1124 1454 8 29 [
1139 1437 17 21 c
1160 1434 111 41 1933]

125 1507 51 53 ©
203 1512 126 46 Sept.
353 1511 69 40 25.
448 1509 138 41 1933:
613 1509 67 39 2c.
705 1507 95 41 and
825 1507 82 39 aff.
933 1506 101 39 Oct.
1059 1506 26 40 3:
1142 1505 37 38 A
1204 1504 170 42 65434;
1404 1504 51 40 B.
1484 1502 270 48 Randolph,
1782 1502 91 38 Los
1899 1499 221 48 Angeles.

201 1566 279 49 (33-29681)

119 1668 289 65 Raschen,
435 1668 153 53 John
617 1664 315 55 Frederick
961 1663 198 66 Louis,
1191 1665 171 51 1875-

192 1745 249 54 German
467 1744 204 53 review
695 1760 290 51 grammar
1011 1741 140 54 with
1177 1739 288 68 exercises,
1492 1739 73 67 by
1590 1740 58 52 J.
1674 1739 65 52 F.
1766 1738 65 51 L.
1858 1737 258 53 Raschen

185 1817 1230 72 … New York, Prentice-Hall, inc., 1933.
197 1896 65 48 ix,
289 1895 85 40 303
406 1906 43 37 p.
509 1893 127 42 illus.
697 1892 53 41 21
756 1893 43 24 cm
805 1926 8 7 .

200 1964 138 49 Maps
370 1976 59 29 on
461 1963 361 51 lining-papers.

129 2033 53 54 ©
208 2038 119 46 July
351 2038 69 38 12.
448 2036 139 42 1933;
616 2037 67 38 2c.
713 2036 127 47 Sept.
867 2034 83 46 26;
980 2034 83 41 aff.
1093 2034 128 48 Sept.
1249 2034 83 41 28;
1362 2033 42 40 A
1430 2033 171 40 65396:
1632 2032 375 47 Prentice-Hall,
2035 2031 91 40 inc.

210 2092 278 50 (33-29676)

129 2195 329 65 Roosevelt,
488 2196 138 54 Mrs.
657 2193 251 54 Eleanor
946 2191 374 68 (Roosevelt)
1360 2197 171 51 1884-

201 2273 104 53 It’s
334 2292 78 50 up
442 2280 58 47 to
529 2275 93 50 the
652 2289 234 51 women,
916 2272 74 67 by
1020 2272 138 53 Mrs.
1188 2270 282 54 Franklin
1502 2273 69 51 D.
1604 2272 315 52 Roosevelt.
1986 2271 138 53 New

133 2351 176 58 York,
338 2350 309 55 Frederick
672 2353 72 51 A.
773 2347 203 58 Stokes
1003 2367 297 51 company,
1331 2352 152 52 1933.

200 2422 1044 52 x p., 1 l., 263 p. front. (port.) 19½ cm .
135 2492 51 54 ©
221 2498 118 39 Nov.
373 2498 39 45 2,
447 2495 112 42 1933;
623 2497 67 39 2c.
726 2496 93 40 and
857 2495 80 40 aff.
974 2494 116 41 Nov.
1126 2496 53 45 4;
1218 2495 39 38 A
1294 2493 169 42 65970;
1503 2494 52 38 A.
1594 2495 49 37 E.
1683 2494 270 47 Roosevelt,
1992 2493 139 48 Hyde

202 2554 144 47 Park,
375 2554 56 40 N.
459 2553 53 40 Y.

129 2653 468 70 Sale-Harrison,
629 2655 287 67 Leonard,
952 2657 173 53 1875-

201 2734 318 54 Palestine:
555 2734 174 54 God’s
764 2739 330 48 monument
1128 2733 64 54 of
1228 2734 317 68 prophecy;
1583 2734 93 53 the
1713 2735 256 52 wonders
2005 2732 63 55 of
2104 2754 29 34 a

136 2806 1938 78 remarkable book in a remarkable land, by L. Sale-Harrison …
136 2884 1937 76 illustrated with photographs by the author and his wife …
135 2965 376 71 Harrisburg,
536 2968 233 67 Penna.,
790 2967 66 52 L.
884 2965 474 69 Sale-Harrison;
1386 2967 241 54 London
1676 2973 120 61 [etc.]
1827 2966 310 69 Pickering

134 3046 46 51 &
206 3044 186 68 Inglis
426 3047 193 66 [c1933]

209 3112 1252 57 xxi, 250 p. front. (map) plates, ports. 20 cm .
142 3184 51 54 ©
222 3190 118 46 Aug.
370 3189 70 46 31,
471 3188 139 41 1933:
642 3190 66 39 2c.
739 3189 118 48 Aug.
887 3189 83 45 31;
1003 3188 81 42 aff.
1117 3189 127 47 Sept.
1274 3189 82 47 18;
1390 3188 40 40 A
1460 3189 170 39 65265:
1665 3189 50 42 L.
1749 3188 386 43 Sale-Harrison.

209 3246 222 47 Chicago.
502 3244 281 48 (33-29512)

141 3346 208 55 Texas.
423 3347 183 66 Laws,
634 3351 256 55 statutes,
919 3354 101 46 etc.

211 3422 275 56 Vernon’s
533 3425 307 53 annotated
886 3424 243 54 Revised
1174 3425 134 53 civil
1352 3431 239 50 statutes
1636 3427 62 51 of
1743 3428 95 52 the
1881 3432 145 49 state
2072 3428 62 52 of

143 3500 200 63 Texas,
372 3501 247 54 revision
651 3502 60 52 of
746 3506 150 55 1925,
924 3502 300 70 including
1255 3505 75 51 all
1362 3506 138 52 laws
1530 3505 62 51 of
1622 3508 229 64 general

146 3504 1965 130 application
310 3580 203 67 passed
556 3581 74 66 by
673 3581 95 53 the
810 3582 230 66 regular
1079 3581 211 54 session
1334 3583 64 53 of
1439 3583 97 52 the
1579 3582 140 53 43rd
1762 3582 374 67 Legislature,

147 3656 138 54 with
321 3656 294 56 historical
651 3663 158 49 notes
846 3659 110 52 and
993 3663 158 52 notes
1188 3660 62 52 of
1286 3659 294 55 decisions,
1651 3680 50 35 v.
1740 3665 45 49 8.
149 3661 1990 141 Courts—juvenile
451 3741 57 48 to
564 3734 608 72 Education—public,

1228 3736 840 59 articles 2329 to 2922zz …
148 3813 223 55 Kansas
401 3813 150 69 City,
577 3815 134 58 Mo.,
735 3815 232 53 Vernon
991 3818 109 52 law
1127 3816 146 52 book
1300 3835 296 51 company,
1626 3820 150 51 1933.

214 3898 75 36 xv,
320 3887 86 40 573
435 3898 42 38 p.
536 3888 60 39 26
593 3891 46 20 cm
644 3919 8 7 .

152 3950 51 54 ©
233 3957 118 48 Aug.
379 3957 40 46 2,
451 3956 113 42 1933;
622 3959 66 39 2c.
721 3960 94 40 and
847 3958 82 41 aff.
962 3959 102 40 Oct.
1098 3959 80 43 12;
1213 3960 41 38 A
1284 3959 169 49 65615;
1490 3962 189 39 Vernon
1712 3963 95 39 law
1838 3963 122 40 book
1991 3972 66 31 co.
