2582 4453
1273 4115 103 49 406

311 424 335 68 Monglone,
678 427 150 54 Jean
858 427 90 56 de.

450 502 1755 71 … La vierge du lac. Paris, Gautier-Languereau, 1930.
390 574 89 43 318
510 587 59 39 p.,
604 578 26 39 1
664 576 29 41 1.
756 577 55 40 19
816 579 43 21 cm
863 610 9 9 .
947 578 99 48 (On
1082 587 165 31 cover:
1283 578 343 50 Bibliothèque
1660 581 59 40 de
1752 591 79 29 ma
1867 579 122 50 fille)

320 654 52 53 ©
402 659 120 42 Nov.
550 659 41 49 5,
619 658 143 48 1930;
854 692 8 8 1c.
893 658 112 41 Feb.
1033 657 72 50 29,
1134 656 145 51 1932;
1310 658 316 50 A-Foreign
1655 660 173 48 15785;
1905 660 187 42 Éditions
388 660 1955 105 Gautier-Languereau.
796 714 254 50 (33-8940)

312 820 261 66 Moreno,
603 821 183 54 Jacob
815 821 86 65 L.,
931 824 174 51 1892-

388 896 378 71 Application
807 897 64 53 of
913 897 96 56 the
1049 915 186 52 group
1275 898 231 53 method
1548 903 58 47 to
1649 896 416 55 classification.
2142 900 73 52 2d
2256 898 84 53 ed.

317 976 89 69 By
447 976 56 54 J.
549 976 65 54 L.
656 975 257 70 Moreno,
957 993 66 35 m.
1066 994 48 37 d.
1194 976 57 51 A
1292 974 377 71 preliminary
1715 982 196 63 report
1956 977 281 68 prepared
2281 976 60 53 in

317 1052 2000 149 collaboration with E. Stagg Whitin … New York city, National committee on prisons and prison labor, 1932.
385 1204 88 40 104
510 1214 44 40 p.
615 1204 182 50 diagrs.
857 1204 61 40 22½
947 1206 46 22 cm
997 1237 9 9 .

389 1263 149 41 “This
572 1262 353 49 investigation
961 1264 91 39 has
1086 1264 120 40 been
1241 1265 143 39 made
1418 1264 122 41 with
1576 1265 83 40 the
1693 1265 273 41 assistance
2000 1266 53 41 of
2086 1267 156 40 Helen
2278 1267 63 43 H.

315 1319 390 50 Jennings.”—p.
743 1319 56 51 [2]

386 1377 267 42 Published
691 1377 281 50 previously
1010 1379 157 39 under
1201 1377 137 42 title:
1379 1379 123 39 Plan
1539 1380 94 39 and
1671 1379 259 49 technique
1966 1381 51 40 of
2053 1381 287 49 developing

314 1446 30 30 a
374 1435 168 49 prison
575 1435 104 41 into
711 1447 28 29 a
772 1434 261 42 socialized
1066 1435 313 48 community.

387 1493 229 41 Includes
648 1494 268 40 comments
948 1494 97 39 and
1079 1491 408 49 interpretations
1521 1493 54 40 of
1605 1494 83 40 the
1721 1495 115 47 plan
1870 1495 63 47 by
1963 1497 190 38 several
315 1494 2010 98 workers
422 1550 51 40 in
500 1551 83 41 the
610 1550 113 41 field
751 1550 54 40 of
832 1549 151 42 social
1012 1549 200 50 service,
1244 1550 121 40 with
1395 1551 158 40 added
1583 1551 319 48 explanation
1932 1553 62 47 by
2025 1553 83 40 Dr.
2142 1553 199 41 Moreno

325 1608 69 50 (p.
427 1607 171 49 73-99)

320 1679 52 53 ©
404 1685 114 45 May
546 1683 70 47 20,
646 1682 143 41 1932:
820 1682 68 41 2c.
919 1681 103 42 Oct.
1051 1682 84 46 14;
1166 1680 84 42 aff.
1280 1681 116 40 Jan..
1421 1680 70 45 26,
1522 1679 142 49 1933;
1696 1682 42 38 A
1767 1680 173 49 61235;
1972 1682 44 41 J.
2046 1683 52 41 L.
2129 1683 214 47 Moreno,

390 1742 118 39 New
535 1741 147 40 York.
750 1739 284 50 (32-26884)

313 1844 402 66 Mott-Smith,
750 1846 239 53 Morton
1024 1843 322 66 Churchill,
1384 1844 173 56 1877-

382 1919 1960 72 Heat and its workings, by Morton Mott-Smith … New York,
314 2001 260 69 London,
603 2001 71 56 D.
708 1999 295 70 Appleton
1037 2000 113 54 and
1182 2017 296 51 company,
1514 2002 152 50 1933.

385 2085 33 30 x
450 2084 60 40 p.,
543 2075 26 40 1
621 2106 23 16 l.,
676 2073 101 49 239,
815 2073 56 51 [1]
905 2084 43 39 p.
1011 2072 146 49 illus.,
1192 2072 182 50 diagrs.
1435 2073 56 41 19
1495 2075 14 22 cm
1544 2107 9 9 .
1625 2072 302 52 (Half-title:
1960 2074 242 48 Appleton
2233 2084 108 32 new

316 2134 154 40 world
502 2133 53 41 of
583 2132 190 41 science
805 2131 167 49 series,
1003 2132 72 40 ed.
1108 2132 62 47 by
1204 2131 72 41 W.
1310 2130 180 49 Davis)

388 2190 382 49 Bibliography:
805 2200 44 38 p.
882 2187 220 43 229-230.

321 2262 52 53 ©
402 2266 122 41 Mar.
552 2267 69 47 17,
650 2264 142 48 1933;
820 2264 68 40 2c.
916 2265 97 39 and
1041 2263 82 40 aff.
1154 2264 122 39 Mar.
1305 2263 82 46 18;
1418 2263 40 38 A
1485 2262 173 47 60684;
1690 2262 55 39 D.
1775 2262 242 48 Appleton
2046 2262 36 40 &
2109 2271 66 31 co.

400 2321 253 52 (33-8775)

312 2427 366 64 Nussbaum,
711 2424 320 56 Frederick
1065 2423 199 65 Louis,
1301 2429 173 51 1885-

386 2509 57 53 A
480 2507 224 69 history
742 2506 65 53 of
842 2507 97 52 the
975 2505 288 54 economic
1299 2503 362 55 institutions
1698 2503 65 54 of
1799 2505 238 53 modern
2075 2505 261 67 Europe;

316 2607 73 35 an
418 2586 394 54 introduction
840 2591 60 48 to
930 2587 118 52 Der
1077 2586 270 53 moderne
1375 2583 407 69 kapitalismus
1813 2584 65 53 of
1905 2585 242 54 Werner

316 2584 2024 151 Sombart, by Frederick L. Nussbaum … New York, F. S. Crofts
316 2749 46 51 &
390 2765 99 48 co.,
521 2749 152 51 1933.

388 2820 98 48 xvi,
513 2819 89 41 448
627 2829 44 38 p.
732 2819 173 47 plates,
933 2827 151 38 maps,
1113 2815 233 48 facsims.,
1376 2815 182 48 diagrs.
1621 2815 56 41 23½
1710 2818 45 21 cm
1759 2847 9 9 .

390 2879 142 48 Maps
560 2876 53 41 of
639 2874 288 42 “Economic
954 2874 222 50 Europe”
1204 2885 60 31 on
1291 2873 367 50 lining-papers.

392 2937 324 40 “References
749 2935 81 39 for
861 2934 199 41 further
1093 2932 232 49 reading”
1359 2934 52 39 at
1445 2933 93 40 end
1570 2932 54 40 of
1656 2933 120 39 each
1809 2932 216 48 chapter.

323 3005 52 53 ©
403 3010 115 48 Apr.
544 3009 40 47 5,
612 3007 141 49 1933;
783 3007 68 42 2c.
879 3009 96 38 and
1003 3006 83 41 aff.
1113 3007 114 47 Apr.
1257 3007 53 46 7;
1340 3006 42 39 A
1409 3005 171 47 61247;
1613 3005 52 41 F.
1695 3005 46 42 S.
1771 3005 166 41 Crofts
1967 3010 36 40 &
2031 3015 82 37 co.,
2142 3004 92 42 inc.

401 3065 255 50 (33-8976)

315 3169 181 66 Oake,
528 3172 141 52 Mrs.
700 3171 176 63 Mary
907 3168 332 55 Elisabeth.

388 3246 92 55 No
521 3248 163 68 place
725 3246 96 54 for
864 3266 32 35 a
939 3246 175 54 white
1157 3264 252 48 woman;
1457 3266 31 33 a
1530 3247 264 66 personal
1840 3244 332 68 experience
2237 3245 93 67 [by]

317 3325 174 68 Mary
522 3324 301 54 Elisabeth
859 3324 177 56 Oake.
1106 3325 261 66 London,
1398 3324 66 53 L.
1497 3323 273 66 Dickson,
1803 3323 245 65 limited,
2082 3325 153 51 1933.

393 3399 100 49 191,
528 3401 56 49 [1]
616 3410 43 38 p.
750 3397 28 42 19½
811 3400 45 22 cm
859 3430 10 10 .

324 3467 52 53 ©
462 3505 7 7 1c.
498 3471 110 40 Feb.
636 3472 69 45 11,
731 3469 142 48 1933;
902 3470 40 39 A
969 3473 61 39 ad
1058 3470 85 40 int.
1173 3469 145 41 17538;
1375 3469 143 49 pubd.
1546 3469 112 40 Jan.
1685 3468 83 48 16;
1798 3469 155 40 Lovat
1982 3467 229 47 Dickson,
2238 3469 102 46 ltd.,

392 3529 212 40 London.
677 3527 284 50 (33-10717)

317 3631 198 65 Owen,
545 3632 139 53 Mrs.
714 3632 180 54 Janet
925 3632 247 63 Curren,
1205 3636 173 50 1906-

390 3708 233 70 Family
660 3708 240 55 reunion
959 3709 76 70 [by]
1098 3708 178 55 Janet
1314 3707 219 56 Curren
1577 3707 195 56 Owen.
1841 3706 140 55 New
2020 3706 166 54 York
2223 3707 114 54 and

319 3788 260 55 London.
606 3788 235 68 Harper
871 3790 46 50 &
942 3787 282 69 brothers,
1255 3789 152 52 1933.

390 3862 25 38 4
442 3871 44 37 p.
511 3861 43 46 l.,
582 3861 160 47 3-315,
773 3881 11 31 [1]
856 3870 45 39 p.
961 3860 58 41 20
1021 3862 45 23 cm
1069 3894 9 9 .

393 3918 163 41 “First
588 3917 229 42 edition.”

326 3986 52 53 ©
409 3992 114 46 Apr.
553 3991 67 43 12,
652 3990 140 48 1933;
825 3991 69 41 2c.
923 3991 113 48 Apr.
1068 3991 81 45 11;
1184 3989 83 41 aff.
1298 3990 114 48 Apr.
1442 3990 83 44 14;
1559 3990 39 39 A
1631 3987 171 49 62024;
1835 3990 196 47 Harper
2063 3989 36 40 &
2129 3989 126 40 bros.

402 4047 228 37 (33-9095)
