2484 4405
1056 4094 135 55 1777

153 454 373 55 [Association
553 455 62 52 of
643 452 269 65 casualty
938 453 114 53 and
1080 455 211 61 surety
1317 450 357 66 executives,
1700 454 140 51 New
1870 452 160 53 York]

197 532 203 68 Digest
424 532 63 53 of
514 531 332 54 workmen’s
871 530 424 67 compensation
1322 531 137 51 laws
1485 532 59 51 in
1568 530 94 51 the
1688 530 216 53 United
1934 529 188 55 States

126 612 111 51 and
265 609 330 66 territories,
624 609 139 54 with
794 607 378 54 annotations,
1252 608 129 53 loth
1410 609 103 64 ed.,
1543 607 318 53 November
1894 612 44 58 1,
1970 611 147 49 1933.

127 688 297 67 Compiled
454 688 75 67 by
558 689 64 52 F.
653 686 316 53 Robertson
998 687 191 53 Jones.
1271 686 157 66 [New
1458 685 179 65 York,
1667 685 360 54 Association
2058 684 62 53 of

127 765 253 67 casualty
408 766 111 51 and
548 770 192 61 surety
767 763 331 65 executives,
1125 770 17 20 c
1149 767 131 48 1933]

200 838 130 48 xxvi,
359 837 84 41 620
473 848 41 37 p.
575 837 55 39 22
634 839 43 21 cm
683 870 8 8 .

201 896 113 46 Map
341 905 58 29 on
425 897 91 37 end
545 894 335 49 lining-paper.

128 963 50 51 ©
217 968 109 39 Dec.
367 967 39 46 8,
445 965 112 41 1933;
625 966 66 39 2c.
731 967 96 37 and
866 965 81 41 aff.
987 967 110 38 Dec.
1140 966 55 38 14;
1263 965 40 38 A
1342 964 143 40 68492;
1555 963 261 41 Frederick
1857 965 270 39 Robertson

230 1034 126 36 Jones,
389 1024 116 38 New
535 1023 144 38 York.
751 1022 190 47 (34-41)

127 1138 449 66 Assurbanipal,
603 1141 140 66 king
771 1142 61 65 of
856 1139 259 68 Assyria,
1137 1140 60 67 fl.
1262 1183 7 9 B.
1336 1183 8 9 C.
1374 1141 115 51 650.

129 1217 1969 147 … Historical prism inscriptions of Ashurbanipal. I. Editions E, B1-5, D, and K. By Arthur
1425 1297 135 54 Carl
1602 1296 310 68 Piepkorn.
127 1295 1972 147 Chicago,
308 1375 112 65 Ill.,
447 1375 119 52 The
593 1373 336 67 University
954 1374 63 52 of
1045 1375 253 67 Chicago
1324 1391 156 50 press
1513 1377 172 63 [1933]

198 1448 103 41 xiii.
341 1448 86 40 109
462 1460 42 36 p.
572 1449 54 38 24½
659 1451 14 20 cm
710 1481 7 7 .
795 1449 298 48 (Half-title:
1134 1449 100 38 The
1275 1448 218 40 Oriental
1536 1448 228 40 institute
1803 1449 51 39 of
1894 1451 82 38 the
126 1449 1985 103 University
350 1505 52 39 of

441 1504 1640 49 Chicago. Assyriological studies, ed. by J. H. Breasted …
123 1573 89 37 [no.
240 1562 68 48 5])

197 1619 157 40 Series
383 1618 107 40 title
518 1619 50 38 in
596 1623 112 43 part
736 1621 52 37 at
816 1620 124 39 head
971 1619 51 39 of
1049 1621 98 44 t.-p.

195 1676 100 39 The
324 1678 103 37 text
456 1676 48 38 in
533 1674 394 41 transliteration
955 1676 96 39 and
1081 1675 310 40 translation.

198 1732 426 40 “Abbreviations”:
710 1764 8 15 I,
752 1743 42 37 p.
826 1732 90 39 xiii.

127 1784 51 51 ©
207 1790 116 39 Nov.
354 1789 69 47 21,
453 1788 140 48 1933;
624 1789 66 40 2c.
722 1790 111 39 Dec.
863 1789 82 46 16;
979 1788 81 41 aff.
1092 1790 111 38 Dec.
1235 1790 80 45 15;
1350 1789 41 38 A
1420 1789 169 45 68516;
1625 1790 286 47 University

1938 1791 51 39 of
193 1788 1915 105 Chicago.
352 1845 223 48 Chicago.
646 1846 222 48 (34-127)

127 1959 241 69 Baring,
395 1966 152 51 Hon.
578 1962 279 66 Maurice,
889 1964 171 53 1874-

197 2041 1931 71 Sarah Bernhardt, by Maurice Baring … [London] P.
124 2120 210 53 Davies
366 2121 240 67 limited,
641 2124 150 50 1933.

193 2194 85 39 162
307 2203 42 37 p.
409 2192 149 42 front.
619 2193 56 41 20
678 2197 43 20 cm
726 2225 9 9 .

128 2246 2001 54 © 1c. Dec. 6, 1933; A ad int. 18435; pubd. Oct. 12; D. Appleton-Century
199 2318 80 36 co„
306 2309 104 44 inc.,
436 2308 117 40 New
578 2309 144 39 York.
794 2307 221 49 (34-246)

128 2425 210 65 Bauer,
370 2425 249 65 Marion,
654 2429 172 49 1889-

193 2500 323 54 Twentieth
554 2507 237 64 century
825 2502 206 67 music;
1072 2503 129 52 how
1239 2503 49 53 it
1323 2503 327 68 developed,
1692 2505 127 52 how
1858 2512 57 47 to
1956 2505 168 53 listen

123 2579 1977 147 to it, by Marion Bauer … New York, London, G. P. Putnam’s sons, 1933.
197 2730 83 48 xii,
309 2730 86 42 339
422 2741 43 37 p.
525 2730 127 40 illus.
683 2730 200 49 (music)
924 2732 178 47 diagrs.
1164 2731 55 40 21
1223 2734 16 21 cm
1272 2767 8 8 .

197 2787 347 48 Bibliography:
602 2796 43 38 p.
675 2786 218 42 319-323.

129 2841 50 51 ©
206 2846 116 39 Nov.
348 2846 69 46 17,
442 2845 112 40 1933;
610 2846 66 39 2c.
702 2846 117 39 Nov.
844 2846 56 39 20;
955 2846 82 40 aff.
1065 2848 109 38 Dec.
1203 2846 51 47 9;
1282 2848 41 37 A
1349 2847 142 40 68149;
1549 2850 62 38 M.
1638 2850 174 47 Bauer,
1840 2852 117 38 New
1983 2852 145 39 York.

208 2902 278 47 (33-35399)

129 3016 140 66 Bell,
296 3018 266 54 Bernard
590 3018 262 65 Iddings,
882 3021 169 50 1886-

197 3096 133 53 Men
361 3096 253 53 wanted!
694 3098 90 65 By
815 3098 258 52 Bernard
1105 3098 244 68 Iddings
1379 3100 155 55 Bell:
1567 3101 137 52 with
1736 3122 70 33 an
130 3104 1969 123 introduction
281 3174 75 68 by
389 3174 225 57 Shailer
645 3175 294 53 Mathews.
1016 3176 139 53 New
1190 3178 161 52 York
1382 3180 110 52 and
1526 3181 257 53 London.
1816 3183 232 67 Harper
2081 3187 40 50 &

126 3252 274 55 brothers.
432 3257 148 49 1933.

202 3324 621 48 xiii p., 1 l., 85 p. 20 cm .
204 3381 160 41 “First
394 3381 225 40 edition.”

131 3435 50 51 ©
211 3441 109 38 Dec.
351 3440 38 44 6,
418 3440 112 39 1933;
590 3440 65 39 2c.
686 3441 111 39 Dec.
827 3441 25 39 7;
911 3440 80 40 aff.
1024 3442 112 38 Dec.
1167 3441 24 39 8;
1251 3443 38 37 A
1318 3442 146 41 67404;
1523 3445 193 47 Harper
1746 3447 36 39 &
1812 3449 121 38 bros.

207 3496 278 48 (33-39327)

132 3614 333 63 Bernstein,
494 3613 190 57 Aline.

199 3689 182 53 Three
420 3689 129 53 blue
595 3687 167 53 suits:
806 3688 111 54 Mr.
963 3688 278 72 Froelich,
1286 3692 249 56 Herbert
1579 3695 236 70 Wilson,
1859 3698 262 71 Eugene;

133 3770 196 53 stories
371 3769 74 67 by
489 3767 170 54 Aline
704 3767 318 68 Bernstein,
1064 3768 141 54 with
1251 3792 30 33 a
1331 3770 366 71 frontispiece
1741 3776 73 69 by
1860 3778 150 54 John
2059 3781 62 52 P.

133 3847 195 52 Heins.
391 3846 127 53 New
557 3845 158 52 York
745 3844 132 67 city,
905 3844 265 67 Equinox
1198 3852 356 64 cooperative
1583 3871 170 47 press,
1784 3859 149 50 1933.

202 3916 627 42 74 p., 1 l. front. 22 cm .
134 3976 1997 62 © Nov. 27, 1933; 2c. Dec. 13; aff. Dec. 14; A 68498; Equinox cooperative
201 4046 147 37 press,
377 4035 87 40 inc.
537 4032 191 51 (34-96)
