2575 4405
1100 4081 98 50 191

91 461 270 64 Spencer,
392 452 247 65 Stanley
666 447 267 57 Farwell.

159 550 122 53 The
325 545 248 69 Spencer
614 544 210 66 system
864 537 64 55 of
969 533 267 71 shooting
1277 534 97 51 the
1413 532 125 52 bow
1585 527 110 71 [by]
1744 523 238 73 Stanley
2023 526 66 52 F.

93 606 1998 92 Spencer … [Albany, Ore.] Print. by F. Taylor & son, c 1933.
160 716 29 39 2
215 726 43 37 p.
307 743 24 19 l.,
357 711 88 41 100
469 721 43 37 p.
570 708 130 39 illus.
760 705 57 40 16
818 707 45 22 cm
869 736 8 9 .

97 783 52 53 ©
176 787 109 39 Jan.
311 783 69 49 16,
406 781 140 48 1933;
575 780 67 40 2c.
669 779 96 40 and
791 776 83 42 aff.
902 775 111 40 Feb.
1040 773 25 40 9;
1123 774 41 38 A
1189 771 169 47 60212;
1392 770 45 41 S.
1464 770 50 39 F.
1548 769 219 49 Spencer,
1800 767 97 42 San
1924 765 169 50 Pedro,

166 842 142 41 Calif.
380 836 250 52 (33-4470)

96 942 608 70 St é phani, Jacques.
166 1035 354 55 Traitement
571 1033 97 52 des
718 1045 265 39 cavernes
1035 1023 386 71 pulmonaires
1470 1020 444 70 tuberculeuses;
1969 1037 130 36 cure

98 1114 325 70 climatique
457 1111 151 53 seule
644 1127 71 34 ou
750 1105 290 57 combinée
1074 1121 135 36 avec
1243 1105 53 51 le
1330 1099 455 71 pneumothorax
1819 1096 282 69 artificiel,

101 1175 1999 89 par Jacques Stephani … [et] Georges Delore … Avec 41
102 1272 207 70 figures
335 1269 312 53 hors-texte
673 1271 54 47 et
754 1265 143 52 dans
922 1263 51 51 le
999 1267 167 47 texte.
1241 1256 187 71 Paris,
1455 1257 70 56 G.
1552 1256 155 55 Doin
1733 1259 47 51 &
1805 1253 116 72 cie.,
1950 1258 152 51 1932.

170 1360 31 40 2
231 1369 43 39 p.
330 1387 24 19 l.,
389 1356 69 47 52,
495 1353 57 51 [3]
588 1364 44 37 p.
690 1350 144 49 illus.,
870 1361 48 29 iv
951 1350 64 49 pi.
1073 1348 58 39 27
1132 1349 45 21 cm
1183 1378 9 9 .
1260 1346 301 51 (Half-title:
1595 1345 69 42 La
1698 1344 227 49 pratique
102 1343 1985 116 medicale

239 1411 247 50 illustr é e)
109 1471 1998 66 © July 13, 1932; 1c. Dec. 29; A-Foreign 19073; Gaston Doin & cie.
188 1542 252 50 (33-4583)

109 1646 195 67 Stern,
333 1646 131 53 Neu
469 1646 103 52 ton
601 1641 255 68 Samuel,
887 1644 170 53 1890-

180 1721 243 58 Clinical
463 1719 308 71 diagnosis,
811 1715 261 71 physical
1111 1718 112 53 and
1264 1711 366 74 differential,
1669 1712 75 70 by
1784 1711 224 56 Neuton
2049 1711 58 54 S.

111 1789 1708 80 Stern … New York, The Macmillan company, 1933.
179 1885 135 48 xviii,
347 1884 86 42 364
465 1896 43 37 p.
569 1882 179 48 diagrs.
809 1881 57 40 22
869 1882 44 23 cm
918 1913 9 8 .

116 1957 54 52 ©
205 1961 112 41 Feb.
351 1960 71 46 14,
457 1956 142 50 1933;
634 1957 71 40 2c.
739 1957 99 40 and
873 1954 84 43 aff.
992 1954 114 41 Feb.
1141 1952 84 50 15;
1262 1953 43 39 A
1338 1952 172 49 59429;
1548 1950 283 43 Macmillan
1867 1962 68 30 co.

197 2017 250 49 (33-4443)

115 2122 270 65 Sturges,
418 2120 230 64 Wesley
676 2118 171 56 Alba.

189 2211 170 55 Cases
385 2211 114 53 and
522 2208 295 56 materials
842 2227 72 35 on
940 2209 97 52 the
1061 2210 109 50 law
1198 2208 62 53 of
1286 2205 467 56 administration
1780 2206 63 54 of
1870 2205 245 55 debtors’

119 2281 1999 83 estates, by Wesley A. Sturges … St. Paul, West publishing
120 2391 99 46 co.,
248 2373 151 52 1933.

194 2459 98 48 xiv,
321 2458 113 40 1141
463 2468 45 37 p.
564 2456 60 40 26
624 2458 44 21 cm
674 2488 9 9 .

195 2528 133 40 Each
361 2525 243 49 appendix
637 2526 96 39 and
765 2525 148 40 index
945 2525 235 47 preceded
1216 2524 60 48 by
1310 2522 237 43 half-title
1582 2527 84 38 not
1700 2522 223 43 included
1959 2523 50 39 in
2045 2523 79 41 the

124 2585 191 49 paging.

129 2651 52 53 ©
217 2656 110 40 Jan.
359 2655 40 47 3,
435 2652 140 50 1933;
611 2653 67 40 2c.
715 2652 110 41 Feb.
862 2653 81 46 13;
982 2651 82 41 aff.
1101 2651 110 42 Feb.
1247 2652 84 47 15;
1368 2651 42 41 A
1444 2650 171 49 59525;
1654 2652 136 40 West
1824 2651 107 49 pub.
1969 2661 69 32 co.

207 2712 250 48 (33-4011)

126 2814 324 67 Swainson,
483 2816 196 53 Esme.

199 2907 122 53 The
353 2905 339 54 adventures
723 2905 64 53 of
821 2908 123 51 Rex
979 2906 113 52 and
1125 2905 230 54 Zendah
1387 2905 60 54 in
1479 2906 96 52 the
1606 2905 214 69 zodiac,
1850 2905 76 69 by
1959 2906 170 54 Esme

133 2984 312 57 Swainson.
522 2982 330 72 Oceanside,
912 2982 194 71 Calif.,
1164 2985 121 53 The
1342 2982 370 57 Rosicrucian
1771 2983 356 72 fellowship;

132 3064 257 68 London,
414 3065 64 52 L.
505 3064 69 54 N.
602 3064 225 53 Fowler
853 3067 46 50 &
923 3080 78 40 co.
1035 3066 193 66 [c1932]

205 3150 98 49 107,
337 3150 56 50 [1]
424 3160 42 37 p.
527 3150 87 41 col.
642 3148 165 51 front.,
838 3149 143 49 illus.,
1013 3151 171 46 plates.
1243 3149 56 40 23½c
1349 3152 27 21 m
1381 3182 8 7 .

139 3219 52 52 ©
226 3222 111 41 Dec.
370 3223 69 47 15,
473 3220 142 50 1932;
649 3221 67 41 2c.
753 3221 110 42 Dec.
898 3220 83 50 12;
1018 3221 83 41 aff.
1136 3221 111 42 Feb.
1282 3222 42 47 6,
1357 3221 141 49 1933;
1534 3222 42 40 A
1607 3221 171 43 59323:
1817 3220 320 45 Rosicrucian

206 3278 290 50 fellowship.
567 3278 250 49 (33-4177)

138 3382 242 65 Thoma,
409 3383 329 54 Katherine
768 3381 283 59 Mitchell.

209 3459 159 55 Food
391 3458 60 53 in
475 3458 194 54 health
693 3460 114 53 and
833 3458 241 68 disease;
1100 3457 388 73 preparation,
1512 3458 412 71 physiological
1952 3459 187 57 action

142 3527 1973 155 and therapeutic value, by Katherine Mitchell Thoma … Philadelphia,
421 3614 66 57 F.
516 3611 70 56 A.
619 3613 180 56 Davis
829 3631 295 53 company,
1156 3616 150 52 1933.

212 3698 88 42 370
334 3709 43 39 p.
443 3699 58 39 22
502 3701 44 22 cm
551 3731 9 9 .

215 3768 130 41 “The
377 3769 191 49 subject
597 3772 180 39 matter
808 3771 54 41 of
893 3770 98 43 this
1025 3773 123 39 book
1180 3771 42 43 is
1255 3773 147 41 based
1437 3784 60 30 on
1531 3774 82 41 the
1645 3774 209 43 lectures
1888 3776 95 40 and
2016 3776 126 41 class

146 3826 134 40 work
309 3824 49 42 in
388 3837 85 29 use
504 3829 52 39 at
588 3826 207 42 Michael
831 3827 150 42 Reese
1015 3827 212 49 hospital
1262 3826 465 53 [Chicago]”—Pref.

218 3881 188 43 “Books
437 3884 97 39 and
564 3881 326 51 publications
921 3884 80 40 for
1031 3883 248 43 reference
1309 3884 141 42 use”:
1483 3897 42 37 p.
1556 3885 101 46 350.

154 3951 52 52 ©
240 3955 109 42 Feb.
382 3957 40 46 6,
456 3954 139 51 1933;
631 3956 67 42 2c.
731 3955 109 43 Feb.
877 3958 52 46 8;
966 3957 81 42 aff.
1083 3957 111 42 Feb.
1228 3958 82 46 10;
1347 3959 40 39 A
1421 3958 169 48 59375;
1629 3959 51 39 F.
1715 3961 53 38 A.
1806 3960 151 41 Davis
1992 3970 52 30 co

232 4010 249 51 (33—4442)
