<alto xmlns="http://www.loc.gov/standards/alto/ns-v3#" xmlns:xlink="http://www.w3.org/1999/xlink" xmlns:xsi="http://www.w3.org/2001/XMLSchema-instance" xsi:schemaLocation="http://www.loc.gov/standards/alto/ns-v3# http://www.loc.gov/alto/v3/alto-3-0.xsd"><Description>
<MeasurementUnit>pixel</MeasurementUnit>
<sourceImageInformation>
<fileName>1933_v1_Part1.pdf</fileName>
</sourceImageInformation>
<OCRProcessing ID="IdOcr">
<ocrProcessingStep>
<processingDateTime>2019-01-03</processingDateTime>
<processingSoftware>
<softwareCreator>ABBYY</softwareCreator>
<softwareName>ABBYY Recognition Server</softwareName>
<softwareVersion>4.0</softwareVersion>
</processingSoftware>
</ocrProcessingStep>
</OCRProcessing>
</Description>
<Styles>
<ParagraphStyle ID="StyleId-FFFFFFFF-FFFF-FFFF-FFFF-FFFFFFFFFFFF-" ALIGN="Left" LEFT="0." RIGHT="0." FIRSTLINE="0."/>
<ParagraphStyle ID="StyleId-6EF5737A-DCEB-4126-A0CF-C5930BF7166A-" ALIGN="Left" LEFT="0." RIGHT="0." FIRSTLINE="0." LINESPACE="8.300000191"/>
<ParagraphStyle ID="StyleId-2DE44258-FD0B-41E1-B542-087C989B01A3-" ALIGN="Left" LEFT="0." RIGHT="0." FIRSTLINE="0." LINESPACE="12.19999981"/>
<ParagraphStyle ID="StyleId-CE3D254A-29D7-4DD7-B5F1-E0FC0EF29B05-" ALIGN="Left" LEFT="0." RIGHT="0." FIRSTLINE="-14." LINESPACE="8.619999886"/>
<ParagraphStyle ID="StyleId-C0E3A137-CE4F-4287-8A90-B599106709D0-" ALIGN="Left" LEFT="0." RIGHT="0." FIRSTLINE="-14." LINESPACE="12.19999981"/>
<ParagraphStyle ID="StyleId-50F26F0C-05DA-4C19-BA58-7A6AC4499BEE-" ALIGN="Left" LEFT="0." RIGHT="0." FIRSTLINE="-14." LINESPACE="11.06999969"/>
<ParagraphStyle ID="StyleId-5DDE65AF-512C-41E2-9B8E-095D6D99EF68-" ALIGN="Center" LEFT="0." RIGHT="0." FIRSTLINE="0." LINESPACE="11.89999962"/>
<ParagraphStyle ID="StyleId-0A81D7A5-6A62-4C52-915E-7768974C704D-" ALIGN="Left" LEFT="0." RIGHT="0." FIRSTLINE="0." LINESPACE="9.399999619"/>
<ParagraphStyle ID="StyleId-F7A0127F-6B48-4157-BB81-FE33E1E1A05B-" ALIGN="Block" LEFT="0." RIGHT="0." FIRSTLINE="-13." LINESPACE="10.63000011"/>
<ParagraphStyle ID="StyleId-E18C69F7-DBD7-48B1-805C-FCD96D0DA019-" ALIGN="Left" LEFT="0." RIGHT="0." FIRSTLINE="0." LINESPACE="11.64000034"/>
<ParagraphStyle ID="StyleId-98F15501-B611-4E83-8BB3-807E891F11F5-" ALIGN="Left" LEFT="0." RIGHT="0." FIRSTLINE="-14." LINESPACE="12.19999981"/>
<ParagraphStyle ID="StyleId-F4A78626-0BBC-4D12-94D9-A1AE75A9855F-" ALIGN="Left" LEFT="0." RIGHT="0." FIRSTLINE="0." LINESPACE="9.399999619"/>
<ParagraphStyle ID="StyleId-6A3F6F4C-D21B-4ADE-902F-7683F18ECEF3-" ALIGN="Left" LEFT="0." RIGHT="0." FIRSTLINE="0." LINESPACE="11.10000038"/>
</Styles>
<Layout>
<Page ID="Page1347" PHYSICAL_IMG_NR="1347" HEIGHT="4405" WIDTH="2484">
<TopMargin HEIGHT="459" WIDTH="2484" VPOS="0" HPOS="0">
</TopMargin>
<LeftMargin HEIGHT="3717" WIDTH="93" VPOS="459" HPOS="0">
</LeftMargin>
<RightMargin HEIGHT="3717" WIDTH="348" VPOS="459" HPOS="2136">
</RightMargin>
<BottomMargin HEIGHT="229" WIDTH="2484" VPOS="4176" HPOS="0">
</BottomMargin>
<PrintSpace HEIGHT="3717" WIDTH="2043" VPOS="459" HPOS="93">
<TextBlock ID="Page1347_Block1" HEIGHT="74" WIDTH="156" VPOS="4102" HPOS="1046" LANG="en-US" STYLEREFS="StyleId-3BBA1F68-17FC-49F6-8FA5-53E6D95D09B3-">
<Shape>
<Polygon POINTS="1046,4102 1202,4102 1202,4175 1201,4175 1201,4176 1046,4176 1046,4102"/>
</Shape>
<TextLine HEIGHT="54" WIDTH="135" VPOS="4112" HPOS="1057">
<String CONTENT="1347" HEIGHT="54" WIDTH="135" VPOS="4112" HPOS="1057"/>
</TextLine>
</TextBlock>
<TextBlock ID="Page1347_Block2" HEIGHT="3651" WIDTH="2043" VPOS="459" HPOS="93" LANG="en-US" CS="1" STYLEREFS="StyleId-C37AD6F7-917D-42CC-9DCB-1B5CA8169271-">
<Shape>
<Polygon POINTS="1760,459 2129,459 2129,900 2130,900 2130,1420 2131,1420 2131,1940 2132,1940 2132,2461 2133,2461 2133,2981 2134,2981 2134,3501 2135,3501 2135,4021 2136,4021 2136,4106 1764,4106 1764,4107 1244,4107 1244,4108 724,4108 724,4109 204,4109 204,4110 100,4110 100,4025 99,4025 99,3505 98,3505 98,2985 97,2985 97,2465 96,2465 96,1944 95,1944 95,1424 94,1424 94,904 93,904 93,463 200,463 200,462 720,462 720,461 1240,461 1240,460 1760,460 1760,459"/>
</Shape>
<TextLine HEIGHT="72" WIDTH="937" VPOS="472" HPOS="105" STYLEREFS="StyleId-0CE4CD72-5AFB-4F13-AB6C-97EF3DE3F8CB-">
<String CONTENT="Noyes," HEIGHT="61" WIDTH="213" VPOS="483" HPOS="105"/>
<SP HEIGHT="63" WIDTH="31" VPOS="480" HPOS="319"/>
<String CONTENT="Edward" HEIGHT="54" WIDTH="253" VPOS="477" HPOS="351"/>
<SP HEIGHT="53" WIDTH="31" VPOS="476" HPOS="605"/>
<String CONTENT="Simpson," HEIGHT="65" WIDTH="291" VPOS="473" HPOS="637"/>
<SP HEIGHT="45" WIDTH="29" VPOS="490" HPOS="929"/>
<String CONTENT="ed." HEIGHT="52" WIDTH="83" VPOS="472" HPOS="959"/>
</TextLine>
<TextLine HEIGHT="80" WIDTH="1804" VPOS="543" HPOS="231" STYLEREFS="StyleId-858C2290-0DAC-4E58-855E-9762835220BF-" CS="1">
<String CS="1" CONTENT="Readings" HEIGHT="66" WIDTH="233" VPOS="557" HPOS="231"/>
<SP HEIGHT="54" WIDTH="23" VPOS="554" HPOS="465"/>
<String CONTENT="in" HEIGHT="52" WIDTH="56" VPOS="554" HPOS="489"/>
<SP HEIGHT="45" WIDTH="24" VPOS="561" HPOS="546"/>
<String CONTENT="the" HEIGHT="52" WIDTH="95" VPOS="554" HPOS="571"/>
<SP HEIGHT="33" WIDTH="22" VPOS="572" HPOS="667"/>
<String CONTENT="modern" HEIGHT="53" WIDTH="233" VPOS="552" HPOS="690"/>
<SP HEIGHT="33" WIDTH="22" VPOS="569" HPOS="924"/>
<String CONTENT="essay," HEIGHT="49" WIDTH="176" VPOS="567" HPOS="947"/>
<SP HEIGHT="39" WIDTH="24" VPOS="566" HPOS="1124"/>
<String CONTENT="edited" HEIGHT="53" WIDTH="186" VPOS="547" HPOS="1149"/>
<SP HEIGHT="53" WIDTH="22" VPOS="546" HPOS="1336"/>
<String CONTENT="by" HEIGHT="67" WIDTH="74" VPOS="546" HPOS="1359"/>
<SP HEIGHT="66" WIDTH="24" VPOS="547" HPOS="1434"/>
<String CONTENT="Edward" HEIGHT="53" WIDTH="251" VPOS="544" HPOS="1459"/>
<SP HEIGHT="56" WIDTH="26" VPOS="544" HPOS="1711"/>
<String CONTENT="S." HEIGHT="57" WIDTH="55" VPOS="543" HPOS="1738"/>
<SP HEIGHT="51" WIDTH="25" VPOS="544" HPOS="1794"/>
<String CONTENT="Noyes" HEIGHT="66" WIDTH="186" VPOS="544" HPOS="1820"/>
<SP HEIGHT="32" WIDTH="28" VPOS="563" HPOS="2007"/>
<String CS="1" CONTENT="&#8230;"/>
</TextLine>
<TextLine HEIGHT="77" WIDTH="1886" VPOS="622" HPOS="108" STYLEREFS="StyleId-858C2290-0DAC-4E58-855E-9762835220BF-" CS="1">
<String CONTENT="Boston," HEIGHT="57" WIDTH="230" VPOS="638" HPOS="108"/>
<SP HEIGHT="60" WIDTH="29" VPOS="634" HPOS="339"/>
<String CONTENT="New" HEIGHT="52" WIDTH="135" VPOS="634" HPOS="369"/>
<SP HEIGHT="51" WIDTH="31" VPOS="634" HPOS="505"/>
<String CONTENT="York" HEIGHT="53" WIDTH="161" VPOS="632" HPOS="537"/>
<SP HEIGHT="67" WIDTH="33" VPOS="631" HPOS="699"/>
<String CS="1" CONTENT="[etc.]" HEIGHT="47" WIDTH="82" VPOS="634" HPOS="751"/>
<SP HEIGHT="65" WIDTH="34" VPOS="630" HPOS="870"/>
<String CONTENT="Houghton" HEIGHT="67" WIDTH="316" VPOS="627" HPOS="905"/>
<SP HEIGHT="53" WIDTH="31" VPOS="625" HPOS="1222"/>
<String CONTENT="Mifflin" HEIGHT="52" WIDTH="202" VPOS="623" HPOS="1254"/>
<SP HEIGHT="34" WIDTH="29" VPOS="643" HPOS="1457"/>
<String CONTENT="company" HEIGHT="51" WIDTH="278" VPOS="639" HPOS="1487"/>
<SP HEIGHT="50" WIDTH="36" VPOS="639" HPOS="1766"/>
<String CONTENT="[" HEIGHT="34" WIDTH="11" VPOS="655" HPOS="1803"/>
<String STYLE="superscript" CONTENT="c" HEIGHT="21" WIDTH="17" VPOS="627" HPOS="1820"/>
<String CONTENT="1933]" HEIGHT="63" WIDTH="151" VPOS="624" HPOS="1843"/>
</TextLine>
<TextLine HEIGHT="51" WIDTH="458" VPOS="718" HPOS="177" STYLEREFS="StyleId-858C2290-0DAC-4E58-855E-9762835220BF-">
<String CONTENT="viii," HEIGHT="49" WIDTH="100" VPOS="720" HPOS="177"/>
<SP HEIGHT="48" WIDTH="26" VPOS="720" HPOS="278"/>
<String CONTENT="561" HEIGHT="40" WIDTH="83" VPOS="720" HPOS="305"/>
<SP HEIGHT="47" WIDTH="27" VPOS="720" HPOS="389"/>
<String CONTENT="p." HEIGHT="37" WIDTH="42" VPOS="730" HPOS="417"/>
<SP HEIGHT="41" WIDTH="59" VPOS="718" HPOS="460"/>
<String CONTENT="20" HEIGHT="39" WIDTH="55" VPOS="718" HPOS="520"/>
<String STYLE="superscript" CONTENT="cm" HEIGHT="21" WIDTH="42" VPOS="720" HPOS="578"/>
<String CONTENT="." HEIGHT="7" WIDTH="8" VPOS="750" HPOS="627"/>
</TextLine>
<TextLine HEIGHT="59" WIDTH="1302" VPOS="767" HPOS="181" CS="1">
<String CONTENT="&#8220;Suggestions" HEIGHT="51" WIDTH="341" VPOS="775" HPOS="181"/>
<SP HEIGHT="39" WIDTH="22" VPOS="775" HPOS="523"/>
<String CONTENT="for" HEIGHT="38" WIDTH="78" VPOS="775" HPOS="546"/>
<SP HEIGHT="28" WIDTH="25" VPOS="785" HPOS="625"/>
<String CS="1" CONTENT="reading&quot;" HEIGHT="50" WIDTH="200" VPOS="771" HPOS="651"/>
<SP HEIGHT="40" WIDTH="25" VPOS="771" HPOS="879"/>
<String CONTENT="at" HEIGHT="36" WIDTH="51" VPOS="775" HPOS="905"/>
<SP HEIGHT="36" WIDTH="24" VPOS="775" HPOS="957"/>
<String CONTENT="end" HEIGHT="39" WIDTH="90" VPOS="771" HPOS="982"/>
<SP HEIGHT="38" WIDTH="27" VPOS="771" HPOS="1073"/>
<String CONTENT="of" HEIGHT="40" WIDTH="52" VPOS="768" HPOS="1101"/>
<SP HEIGHT="40" WIDTH="22" VPOS="768" HPOS="1154"/>
<String CONTENT="each" HEIGHT="41" WIDTH="116" VPOS="768" HPOS="1177"/>
<SP HEIGHT="47" WIDTH="24" VPOS="768" HPOS="1294"/>
<String CONTENT="group." HEIGHT="38" WIDTH="164" VPOS="777" HPOS="1319"/>
</TextLine>
<TextLine HEIGHT="62" WIDTH="1991" VPOS="836" HPOS="110" CS="1">
<String CONTENT="&#169;" HEIGHT="53" WIDTH="51" VPOS="845" HPOS="110"/>
<SP HEIGHT="53" WIDTH="31" VPOS="845" HPOS="162"/>
<String CONTENT="Sept." HEIGHT="49" WIDTH="127" VPOS="848" HPOS="194"/>
<SP HEIGHT="41" WIDTH="26" VPOS="848" HPOS="322"/>
<String CONTENT="5," HEIGHT="46" WIDTH="39" VPOS="848" HPOS="349"/>
<SP HEIGHT="45" WIDTH="28" VPOS="849" HPOS="389"/>
<String CONTENT="1933;" HEIGHT="46" WIDTH="140" VPOS="846" HPOS="418"/>
<SP HEIGHT="46" WIDTH="28" VPOS="846" HPOS="559"/>
<String CONTENT="2c." HEIGHT="41" WIDTH="69" VPOS="846" HPOS="588"/>
<SP HEIGHT="43" WIDTH="29" VPOS="844" HPOS="658"/>
<String CONTENT="Sept." HEIGHT="50" WIDTH="128" VPOS="843" HPOS="688"/>
<SP HEIGHT="39" WIDTH="28" VPOS="845" HPOS="817"/>
<String CONTENT="16:" HEIGHT="39" WIDTH="80" VPOS="844" HPOS="846"/>
<SP HEIGHT="31" WIDTH="31" VPOS="852" HPOS="927"/>
<String CS="1" CONTENT="aff." HEIGHT="40" WIDTH="83" VPOS="842" HPOS="959"/>
<SP HEIGHT="41" WIDTH="30" VPOS="841" HPOS="1043"/>
<String CONTENT="Sept." HEIGHT="49" WIDTH="128" VPOS="841" HPOS="1074"/>
<SP HEIGHT="38" WIDTH="30" VPOS="842" HPOS="1203"/>
<String CONTENT="12;" HEIGHT="48" WIDTH="80" VPOS="839" HPOS="1234"/>
<SP HEIGHT="47" WIDTH="32" VPOS="839" HPOS="1315"/>
<!-- cceid 490A061A-6CF9-1014-A6CF-A82867D68027 --><String CONTENT="A" HEIGHT="39" WIDTH="40" VPOS="839" HPOS="1348"/>
<SP HEIGHT="40" WIDTH="26" VPOS="838" HPOS="1389"/>
<String CONTENT="66101;" HEIGHT="46" WIDTH="170" VPOS="838" HPOS="1416"/>
<SP HEIGHT="46" WIDTH="34" VPOS="838" HPOS="1587"/>
<String CONTENT="E." HEIGHT="40" WIDTH="52" VPOS="838" HPOS="1622"/>
<SP HEIGHT="41" WIDTH="31" VPOS="837" HPOS="1675"/>
<String CONTENT="S." HEIGHT="41" WIDTH="44" VPOS="837" HPOS="1707"/>
<SP HEIGHT="42" WIDTH="29" VPOS="836" HPOS="1752"/>
<String CONTENT="Noyes," HEIGHT="48" WIDTH="172" VPOS="836" HPOS="1782"/>
<SP HEIGHT="45" WIDTH="29" VPOS="836" HPOS="1955"/>
<String CONTENT="New" HEIGHT="40" WIDTH="116" VPOS="836" HPOS="1985"/>
</TextLine>
<TextLine HEIGHT="49" WIDTH="534" VPOS="902" HPOS="181">
<String CONTENT="Haven." HEIGHT="40" WIDTH="184" VPOS="906" HPOS="182"/>
<SP HEIGHT="46" WIDTH="68" VPOS="904" HPOS="367"/>
<String CONTENT="(33-25210)" HEIGHT="48" WIDTH="280" VPOS="902" HPOS="435"/>
</TextLine>
<TextLine HEIGHT="68" WIDTH="1093" VPOS="1017" HPOS="108" STYLEREFS="StyleId-0CE4CD72-5AFB-4F13-AB6C-97EF3DE3F8CB-">
<String CONTENT="Orczy," HEIGHT="65" WIDTH="203" VPOS="1019" HPOS="108"/>
<SP HEIGHT="64" WIDTH="29" VPOS="1019" HPOS="312"/>
<String CONTENT="Emmuska," HEIGHT="64" WIDTH="344" VPOS="1018" HPOS="342"/>
<SP HEIGHT="63" WIDTH="31" VPOS="1019" HPOS="687"/>
<String CONTENT="baroness," HEIGHT="66" WIDTH="279" VPOS="1018" HPOS="719"/>
<SP HEIGHT="63" WIDTH="29" VPOS="1020" HPOS="999"/>
<String CONTENT="1865-" HEIGHT="50" WIDTH="172" VPOS="1018" HPOS="1029"/>
</TextLine>
<TextLine HEIGHT="152" WIDTH="1966" VPOS="1090" HPOS="110" STYLEREFS="StyleId-858C2290-0DAC-4E58-855E-9762835220BF-" CS="1">
<String CONTENT="The" HEIGHT="53" WIDTH="119" VPOS="1098" HPOS="179"/>
<SP HEIGHT="33" WIDTH="21" VPOS="1117" HPOS="299"/>
<String CONTENT="way" HEIGHT="48" WIDTH="125" VPOS="1116" HPOS="321"/>
<SP HEIGHT="49" WIDTH="22" VPOS="1115" HPOS="447"/>
<String CONTENT="of" HEIGHT="52" WIDTH="62" VPOS="1097" HPOS="470"/>
<SP HEIGHT="51" WIDTH="21" VPOS="1097" HPOS="533"/>
<String CONTENT="the" HEIGHT="51" WIDTH="97" VPOS="1097" HPOS="555"/>
<SP HEIGHT="55" WIDTH="23" VPOS="1097" HPOS="653"/>
<String CONTENT="Scarlet" HEIGHT="56" WIDTH="218" VPOS="1096" HPOS="677"/>
<SP HEIGHT="51" WIDTH="21" VPOS="1097" HPOS="896"/>
<String CONTENT="Pimpernel," HEIGHT="67" WIDTH="347" VPOS="1093" HPOS="918"/>
<SP HEIGHT="67" WIDTH="22" VPOS="1092" HPOS="1266"/>
<String CONTENT="by" HEIGHT="66" WIDTH="74" VPOS="1092" HPOS="1289"/>
<SP HEIGHT="63" WIDTH="23" VPOS="1095" HPOS="1364"/>
<String CONTENT="Baroness" HEIGHT="50" WIDTH="280" VPOS="1095" HPOS="1388"/>
<SP HEIGHT="54" WIDTH="22" VPOS="1091" HPOS="1669"/>
<String CONTENT="Orczy." HEIGHT="67" WIDTH="202" VPOS="1090" HPOS="1692"/>
<SP HEIGHT="51" WIDTH="58" VPOS="1091" HPOS="1895"/>
<String CONTENT="London." HEIGHT="139" WIDTH="1966" VPOS="1091" HPOS="110"/>
<SP HEIGHT="53" WIDTH="26" VPOS="1176" HPOS="240"/>
<String CONTENT="Hodder" HEIGHT="52" WIDTH="239" VPOS="1175" HPOS="267"/>
<SP HEIGHT="49" WIDTH="24" VPOS="1177" HPOS="507"/>
<String CONTENT="&amp;" HEIGHT="48" WIDTH="44" VPOS="1177" HPOS="532"/>
<SP HEIGHT="54" WIDTH="28" VPOS="1173" HPOS="577"/>
<String CONTENT="Stoughton," HEIGHT="69" WIDTH="341" VPOS="1172" HPOS="606"/>
<SP HEIGHT="53" WIDTH="27" VPOS="1173" HPOS="948"/>
<String CONTENT="limited" HEIGHT="52" WIDTH="220" VPOS="1171" HPOS="976"/>
<SP HEIGHT="67" WIDTH="34" VPOS="1171" HPOS="1197"/>
<String CONTENT="[1933]" HEIGHT="64" WIDTH="171" VPOS="1174" HPOS="1232"/>
</TextLine>
<TextLine HEIGHT="52" WIDTH="659" VPOS="1259" HPOS="176" CS="1">
<String CONTENT="2." HEIGHT="39" WIDTH="29" VPOS="1264" HPOS="176"/>
<SP HEIGHT="37" WIDTH="41" VPOS="1273" HPOS="206"/>
<String CONTENT="p." HEIGHT="37" WIDTH="40" VPOS="1273" HPOS="248"/>
<SP HEIGHT="41" WIDTH="46" VPOS="1261" HPOS="289"/>
<String CONTENT="1" HEIGHT="41" WIDTH="12" VPOS="1261" HPOS="336"/>
<SP HEIGHT="43" WIDTH="21" VPOS="1261" HPOS="349"/>
<String CONTENT="," HEIGHT="11" WIDTH="8" VPOS="1293" HPOS="371"/>
<SP HEIGHT="41" WIDTH="48" VPOS="1263" HPOS="380"/>
<String CS="1" CONTENT="7-318" HEIGHT="38" WIDTH="81" VPOS="1263" HPOS="429"/>
<SP HEIGHT="47" WIDTH="42" VPOS="1262" HPOS="574"/>
<String CONTENT="p." HEIGHT="39" WIDTH="42" VPOS="1270" HPOS="617"/>
<SP HEIGHT="38" WIDTH="60" VPOS="1261" HPOS="660"/>
<String CONTENT="19" HEIGHT="40" WIDTH="53" VPOS="1259" HPOS="721"/>
<String STYLE="superscript" CS="1" CONTENT="cm" HEIGHT="19" WIDTH="14" VPOS="1263" HPOS="778"/>
<String CONTENT="." HEIGHT="7" WIDTH="8" VPOS="1291" HPOS="827"/>
</TextLine>
<TextLine HEIGHT="58" WIDTH="1994" VPOS="1325" HPOS="113" CS="1">
<String CONTENT="&#169;" HEIGHT="52" WIDTH="51" VPOS="1331" HPOS="113"/>
<SP/>
<String CS="1" CONTENT="1c." HEIGHT="7" WIDTH="8" VPOS="1364" HPOS="251"/>
<SP HEIGHT="39" WIDTH="31" VPOS="1333" HPOS="260"/>
<String CONTENT="Sept." HEIGHT="47" WIDTH="128" VPOS="1333" HPOS="292"/>
<SP HEIGHT="38" WIDTH="29" VPOS="1334" HPOS="421"/>
<String CS="1" CONTENT="18," HEIGHT="14" WIDTH="9" VPOS="1363" HPOS="510"/>
<SP HEIGHT="45" WIDTH="29" VPOS="1332" HPOS="520"/>
<String CONTENT="1933;" HEIGHT="45" WIDTH="139" VPOS="1331" HPOS="550"/>
<SP HEIGHT="46" WIDTH="30" VPOS="1330" HPOS="690"/>
<!-- cceid 490A48A6-6CF9-1014-A6CF-A82867D68027 --><String CONTENT="A" HEIGHT="38" WIDTH="38" VPOS="1330" HPOS="721"/>
<SP HEIGHT="38" WIDTH="29" VPOS="1330" HPOS="760"/>
<String CONTENT="ad" HEIGHT="38" WIDTH="61" VPOS="1330" HPOS="790"/>
<SP HEIGHT="39" WIDTH="29" VPOS="1329" HPOS="852"/>
<String CONTENT="int." HEIGHT="39" WIDTH="86" VPOS="1329" HPOS="882"/>
<SP HEIGHT="36" WIDTH="32" VPOS="1330" HPOS="969"/>
<String CONTENT="18188:" HEIGHT="40" WIDTH="169" VPOS="1328" HPOS="1002"/>
<SP HEIGHT="38" WIDTH="31" VPOS="1338" HPOS="1172"/>
<String CONTENT="pubd." HEIGHT="49" WIDTH="142" VPOS="1327" HPOS="1204"/>
<SP HEIGHT="40" WIDTH="31" VPOS="1326" HPOS="1347"/>
<String CONTENT="July" HEIGHT="48" WIDTH="116" VPOS="1326" HPOS="1379"/>
<SP HEIGHT="47" WIDTH="30" VPOS="1327" HPOS="1496"/>
<String CONTENT="27;" HEIGHT="45" WIDTH="82" VPOS="1327" HPOS="1527"/>
<SP HEIGHT="45" WIDTH="33" VPOS="1327" HPOS="1610"/>
<String CONTENT="Einmuska" HEIGHT="40" WIDTH="264" VPOS="1325" HPOS="1644"/>
<SP HEIGHT="40" WIDTH="32" VPOS="1325" HPOS="1909"/>
<String CONTENT="Orczy," HEIGHT="47" WIDTH="165" VPOS="1325" HPOS="1942"/>
</TextLine>
<TextLine HEIGHT="50" WIDTH="933" VPOS="1385" HPOS="181" CS="1">
<String CONTENT="Monte" HEIGHT="40" WIDTH="164" VPOS="1390" HPOS="181"/>
<SP HEIGHT="39" WIDTH="27" VPOS="1390" HPOS="345"/>
<String CONTENT="Carlo," HEIGHT="44" WIDTH="158" VPOS="1390" HPOS="372"/>
<SP HEIGHT="46" WIDTH="34" VPOS="1388" HPOS="530"/>
<String CONTENT="France." HEIGHT="40" WIDTH="198" VPOS="1387" HPOS="564"/>
<SP HEIGHT="45" WIDTH="72" VPOS="1386" HPOS="762"/>
<String CONTENT="(33-29493)" HEIGHT="47" WIDTH="280" VPOS="1385" HPOS="834"/>
<SP/>
</TextLine>
<TextLine HEIGHT="67" WIDTH="390" VPOS="1507" HPOS="111" STYLEREFS="StyleId-0CE4CD72-5AFB-4F13-AB6C-97EF3DE3F8CB-">
<String CONTENT="Orleans," HEIGHT="65" WIDTH="263" VPOS="1509" HPOS="111"/>
<SP HEIGHT="65" WIDTH="25" VPOS="1508" HPOS="375"/>
<String CONTENT="Ilo." HEIGHT="54" WIDTH="100" VPOS="1507" HPOS="401"/>
</TextLine>
<TextLine HEIGHT="76" WIDTH="1925" VPOS="1575" HPOS="182" STYLEREFS="StyleId-858C2290-0DAC-4E58-855E-9762835220BF-" CS="1">
<String CONTENT="Father" HEIGHT="52" WIDTH="214" VPOS="1584" HPOS="182"/>
<SP HEIGHT="54" WIDTH="26" VPOS="1582" HPOS="397"/>
<String CONTENT="Gander," HEIGHT="68" WIDTH="249" VPOS="1582" HPOS="424"/>
<SP HEIGHT="69" WIDTH="27" VPOS="1581" HPOS="674"/>
<String CONTENT="by" HEIGHT="70" WIDTH="73" VPOS="1580" HPOS="702"/>
<SP HEIGHT="68" WIDTH="28" VPOS="1581" HPOS="776"/>
<String CONTENT="Ilo" HEIGHT="53" WIDTH="90" VPOS="1581" HPOS="805"/>
<SP HEIGHT="55" WIDTH="30" VPOS="1579" HPOS="896"/>
<String CONTENT="Orleans" HEIGHT="55" WIDTH="243" VPOS="1579" HPOS="927"/>
<SP HEIGHT="34" WIDTH="32" VPOS="1599" HPOS="1171"/>
<String CS="1" CONTENT="&#8230;"/>
<SP HEIGHT="34" WIDTH="84" VPOS="1612" HPOS="1261"/>
<String CS="1" CONTENT="[New" HEIGHT="53" WIDTH="138" VPOS="1579" HPOS="1363"/>
<SP HEIGHT="53" WIDTH="30" VPOS="1578" HPOS="1502"/>
<String CONTENT="York," HEIGHT="68" WIDTH="180" VPOS="1577" HPOS="1533"/>
<SP HEIGHT="69" WIDTH="30" VPOS="1576" HPOS="1714"/>
<String CONTENT="C." HEIGHT="57" WIDTH="63" VPOS="1575" HPOS="1745"/>
<SP HEIGHT="53" WIDTH="27" VPOS="1577" HPOS="1809"/>
<String CONTENT="Kendall," HEIGHT="67" WIDTH="270" VPOS="1577" HPOS="1837"/>
</TextLine>
<TextLine HEIGHT="65" WIDTH="174" VPOS="1664" HPOS="111" STYLEREFS="StyleId-858C2290-0DAC-4E58-855E-9762835220BF-">
<String STYLE="superscript" CONTENT="c" HEIGHT="21" WIDTH="17" VPOS="1668" HPOS="111"/>
<String CONTENT="1933]" HEIGHT="65" WIDTH="152" VPOS="1664" HPOS="133"/>
</TextLine>
<TextLine HEIGHT="54" WIDTH="576" VPOS="1731" HPOS="184" CS="1">
<String CONTENT="[207]" HEIGHT="53" WIDTH="113" VPOS="1732" HPOS="184"/>
<SP HEIGHT="40" WIDTH="27" VPOS="1744" HPOS="298"/>
<String CONTENT="p." HEIGHT="37" WIDTH="42" VPOS="1744" HPOS="326"/>
<SP HEIGHT="39" WIDTH="59" VPOS="1734" HPOS="369"/>
<String CONTENT="illus." HEIGHT="39" WIDTH="125" VPOS="1733" HPOS="429"/>
<SP HEIGHT="40" WIDTH="59" VPOS="1732" HPOS="555"/>
<String CS="1" CONTENT="24&#189;" HEIGHT="39" WIDTH="56" VPOS="1732" HPOS="615"/>
<String STYLE="superscript" CONTENT="cm" HEIGHT="23" WIDTH="43" VPOS="1733" HPOS="705"/>
<String CONTENT="." HEIGHT="9" WIDTH="8" VPOS="1762" HPOS="752"/>
</TextLine>
<TextLine HEIGHT="51" WIDTH="672" VPOS="1788" HPOS="186">
<String CONTENT="Illustrated" HEIGHT="41" WIDTH="284" VPOS="1790" HPOS="186"/>
<SP HEIGHT="39" WIDTH="27" VPOS="1790" HPOS="471"/>
<String CONTENT="lining-papers." HEIGHT="50" WIDTH="359" VPOS="1788" HPOS="499"/>
</TextLine>
<TextLine HEIGHT="53" WIDTH="1504" VPOS="1841" HPOS="187">
<String CONTENT="Rhymes" HEIGHT="47" WIDTH="208" VPOS="1846" HPOS="187"/>
<SP HEIGHT="39" WIDTH="28" VPOS="1846" HPOS="396"/>
<String CONTENT="for" HEIGHT="39" WIDTH="77" VPOS="1846" HPOS="425"/>
<SP HEIGHT="29" WIDTH="27" VPOS="1856" HPOS="503"/>
<String CONTENT="children," HEIGHT="48" WIDTH="231" VPOS="1845" HPOS="531"/>
<SP HEIGHT="38" WIDTH="26" VPOS="1854" HPOS="763"/>
<String CONTENT="with" HEIGHT="39" WIDTH="119" VPOS="1845" HPOS="790"/>
<SP HEIGHT="39" WIDTH="28" VPOS="1844" HPOS="910"/>
<String CONTENT="illustrations" HEIGHT="42" WIDTH="329" VPOS="1842" HPOS="939"/>
<SP HEIGHT="42" WIDTH="28" VPOS="1841" HPOS="1269"/>
<String CONTENT="by" HEIGHT="48" WIDTH="60" VPOS="1841" HPOS="1298"/>
<SP HEIGHT="44" WIDTH="29" VPOS="1845" HPOS="1359"/>
<String CONTENT="the" HEIGHT="39" WIDTH="82" VPOS="1844" HPOS="1389"/>
<SP HEIGHT="30" WIDTH="27" VPOS="1853" HPOS="1472"/>
<String CONTENT="author." HEIGHT="40" WIDTH="191" VPOS="1842" HPOS="1500"/>
</TextLine>
<TextLine HEIGHT="43" WIDTH="412" VPOS="1901" HPOS="187">
<String CONTENT="&#8220;First" HEIGHT="41" WIDTH="163" VPOS="1903" HPOS="187"/>
<SP HEIGHT="38" WIDTH="21" VPOS="1905" HPOS="351"/>
<String CONTENT="edition.&#8221;" HEIGHT="41" WIDTH="226" VPOS="1901" HPOS="373"/>
</TextLine>
<TextLine HEIGHT="57" WIDTH="1994" VPOS="1968" HPOS="120" CS="1">
<String CONTENT="&#169;" HEIGHT="53" WIDTH="52" VPOS="1972" HPOS="120"/>
<SP HEIGHT="54" WIDTH="31" VPOS="1971" HPOS="173"/>
<String CONTENT="Sept." HEIGHT="50" WIDTH="126" VPOS="1974" HPOS="205"/>
<SP HEIGHT="38" WIDTH="28" VPOS="1975" HPOS="332"/>
<String CONTENT="25," HEIGHT="43" WIDTH="69" VPOS="1975" HPOS="361"/>
<SP HEIGHT="42" WIDTH="30" VPOS="1976" HPOS="431"/>
<String CS="1" CONTENT="1933:" HEIGHT="40" WIDTH="112" VPOS="1974" HPOS="462"/>
<SP HEIGHT="39" WIDTH="30" VPOS="1974" HPOS="603"/>
<String CONTENT="2c." HEIGHT="40" WIDTH="66" VPOS="1974" HPOS="634"/>
<SP HEIGHT="42" WIDTH="33" VPOS="1972" HPOS="701"/>
<String CONTENT="Sept." HEIGHT="48" WIDTH="126" VPOS="1972" HPOS="735"/>
<SP HEIGHT="38" WIDTH="29" VPOS="1974" HPOS="862"/>
<String CONTENT="13;" HEIGHT="45" WIDTH="82" VPOS="1973" HPOS="892"/>
<SP HEIGHT="35" WIDTH="32" VPOS="1983" HPOS="975"/>
<String CONTENT="aff." HEIGHT="42" WIDTH="83" VPOS="1971" HPOS="1008"/>
<SP HEIGHT="41" WIDTH="33" VPOS="1972" HPOS="1092"/>
<String CONTENT="Sept." HEIGHT="49" WIDTH="128" VPOS="1971" HPOS="1126"/>
<SP HEIGHT="40" WIDTH="28" VPOS="1971" HPOS="1255"/>
<String CS="1" CONTENT="28;" HEIGHT="39" WIDTH="58" VPOS="1971" HPOS="1284"/>
<SP HEIGHT="45" WIDTH="32" VPOS="1972" HPOS="1368"/>
<!-- cceid 490A8DFB-6CF9-1014-A6CF-A82867D68027 --><String CONTENT="A" HEIGHT="38" WIDTH="39" VPOS="1972" HPOS="1401"/>
<SP HEIGHT="39" WIDTH="30" VPOS="1972" HPOS="1441"/>
<String CONTENT="65392;" HEIGHT="48" WIDTH="170" VPOS="1970" HPOS="1472"/>
<SP HEIGHT="45" WIDTH="35" VPOS="1973" HPOS="1643"/>
<String CONTENT="I." HEIGHT="38" WIDTH="37" VPOS="1973" HPOS="1679"/>
<SP HEIGHT="41" WIDTH="30" VPOS="1971" HPOS="1717"/>
<String CONTENT="Orleans," HEIGHT="49" WIDTH="218" VPOS="1970" HPOS="1748"/>
<SP HEIGHT="47" WIDTH="29" VPOS="1971" HPOS="1967"/>
<String CONTENT="New" HEIGHT="38" WIDTH="117" VPOS="1971" HPOS="1997"/>
</TextLine>
<TextLine HEIGHT="48" WIDTH="493" VPOS="2031" HPOS="184" CS="1">
<String CONTENT="York." HEIGHT="41" WIDTH="144" VPOS="2032" HPOS="184"/>
<SP HEIGHT="45" WIDTH="68" VPOS="2033" HPOS="329"/>
<String CONTENT="(33-25379)" HEIGHT="47" WIDTH="279" VPOS="2031" HPOS="398"/>
<SP/>
</TextLine>
<TextLine HEIGHT="156" WIDTH="1996" VPOS="2143" HPOS="116" STYLEREFS="StyleId-858C2290-0DAC-4E58-855E-9762835220BF-" CS="1">
<String CONTENT="Pacific" HEIGHT="59" WIDTH="211" VPOS="2146" HPOS="116"/>
<SP HEIGHT="36" WIDTH="54" VPOS="2168" HPOS="328"/>
<String CONTENT="reporter." HEIGHT="62" WIDTH="271" VPOS="2155" HPOS="383"/>
<SP HEIGHT="56" WIDTH="77" VPOS="2148" HPOS="655"/>
<String CONTENT="Second" HEIGHT="55" WIDTH="217" VPOS="2148" HPOS="733"/>
<SP HEIGHT="52" WIDTH="53" VPOS="2149" HPOS="951"/>
<String CONTENT="series." HEIGHT="53" WIDTH="186" VPOS="2148" HPOS="1005"/>
<SP HEIGHT="56" WIDTH="76" VPOS="2147" HPOS="1192"/>
<String CONTENT="Cases" HEIGHT="55" WIDTH="169" VPOS="2147" HPOS="1269"/>
<SP HEIGHT="34" WIDTH="55" VPOS="2166" HPOS="1439"/>
<String CONTENT="argued" HEIGHT="67" WIDTH="213" VPOS="2149" HPOS="1495"/>
<SP HEIGHT="53" WIDTH="54" VPOS="2148" HPOS="1709"/>
<String CONTENT="and" HEIGHT="52" WIDTH="111" VPOS="2148" HPOS="1764"/>
<SP HEIGHT="52" WIDTH="53" VPOS="2148" HPOS="1876"/>
<String CONTENT="determined" HEIGHT="131" WIDTH="1901" VPOS="2149" HPOS="187"/>
<SP HEIGHT="52" WIDTH="24" VPOS="2227" HPOS="377"/>
<String CONTENT="in" HEIGHT="53" WIDTH="59" VPOS="2227" HPOS="402"/>
<SP HEIGHT="46" WIDTH="26" VPOS="2234" HPOS="462"/>
<String CONTENT="the" HEIGHT="52" WIDTH="93" VPOS="2228" HPOS="489"/>
<SP HEIGHT="55" WIDTH="29" VPOS="2227" HPOS="583"/>
<String CONTENT="Supreme" HEIGHT="69" WIDTH="273" VPOS="2226" HPOS="613"/>
<SP HEIGHT="33" WIDTH="27" VPOS="2248" HPOS="887"/>
<String CONTENT="courts" HEIGHT="49" WIDTH="187" VPOS="2232" HPOS="915"/>
<SP HEIGHT="35" WIDTH="26" VPOS="2244" HPOS="1103"/>
<String CONTENT="of" HEIGHT="52" WIDTH="62" VPOS="2227" HPOS="1130"/>
<SP HEIGHT="56" WIDTH="27" VPOS="2227" HPOS="1193"/>
<String CONTENT="California," HEIGHT="59" WIDTH="343" VPOS="2225" HPOS="1221"/>
<SP HEIGHT="56" WIDTH="26" VPOS="2227" HPOS="1565"/>
<String CONTENT="Kansas," HEIGHT="69" WIDTH="244" VPOS="2226" HPOS="1592"/>
<SP HEIGHT="68" WIDTH="26" VPOS="2226" HPOS="1837"/>
<String CONTENT="Oregon," HEIGHT="69" WIDTH="248" VPOS="2226" HPOS="1864"/>
</TextLine>
<TextLine HEIGHT="73" WIDTH="1927" VPOS="2302" HPOS="185" STYLEREFS="StyleId-858C2290-0DAC-4E58-855E-9762835220BF-">
<String CONTENT="Washington," HEIGHT="69" WIDTH="400" VPOS="2305" HPOS="185"/>
<SP HEIGHT="65" WIDTH="42" VPOS="2306" HPOS="586"/>
<String CONTENT="Colorado," HEIGHT="68" WIDTH="300" VPOS="2305" HPOS="629"/>
<SP HEIGHT="67" WIDTH="37" VPOS="2305" HPOS="930"/>
<String CONTENT="Montana," HEIGHT="68" WIDTH="296" VPOS="2304" HPOS="968"/>
<SP HEIGHT="65" WIDTH="38" VPOS="2306" HPOS="1265"/>
<String CONTENT="Arizona," HEIGHT="58" WIDTH="271" VPOS="2305" HPOS="1304"/>
<SP HEIGHT="57" WIDTH="39" VPOS="2306" HPOS="1576"/>
<String CONTENT="Nevada," HEIGHT="68" WIDTH="253" VPOS="2304" HPOS="1616"/>
<SP HEIGHT="65" WIDTH="39" VPOS="2306" HPOS="1870"/>
<String CONTENT="Idaho," HEIGHT="63" WIDTH="202" VPOS="2305" HPOS="1910"/>
</TextLine>
<TextLine HEIGHT="73" WIDTH="1925" VPOS="2380" HPOS="187" STYLEREFS="StyleId-858C2290-0DAC-4E58-855E-9762835220BF-">
<String CONTENT="Wyoming." HEIGHT="69" WIDTH="326" VPOS="2384" HPOS="187"/>
<SP HEIGHT="55" WIDTH="29" VPOS="2385" HPOS="514"/>
<String CONTENT="Utah," HEIGHT="68" WIDTH="175" VPOS="2383" HPOS="544"/>
<SP HEIGHT="68" WIDTH="29" VPOS="2383" HPOS="720"/>
<String CONTENT="New" HEIGHT="52" WIDTH="138" VPOS="2383" HPOS="750"/>
<SP HEIGHT="50" WIDTH="28" VPOS="2386" HPOS="889"/>
<String CONTENT="Mexico," HEIGHT="66" WIDTH="241" VPOS="2383" HPOS="918"/>
<SP HEIGHT="66" WIDTH="29" VPOS="2383" HPOS="1160"/>
<String CONTENT="Oklahoma," HEIGHT="68" WIDTH="338" VPOS="2382" HPOS="1190"/>
<SP HEIGHT="64" WIDTH="29" VPOS="2385" HPOS="1529"/>
<String CONTENT="District" HEIGHT="54" WIDTH="245" VPOS="2382" HPOS="1559"/>
<SP HEIGHT="47" WIDTH="27" VPOS="2388" HPOS="1805"/>
<String CONTENT="courts" HEIGHT="47" WIDTH="188" VPOS="2389" HPOS="1833"/>
<SP HEIGHT="33" WIDTH="28" VPOS="2402" HPOS="2022"/>
<String CONTENT="of" HEIGHT="51" WIDTH="61" VPOS="2384" HPOS="2051"/>
</TextLine>
<TextLine HEIGHT="73" WIDTH="1924" VPOS="2459" HPOS="189" STYLEREFS="StyleId-858C2290-0DAC-4E58-855E-9762835220BF-">
<String CONTENT="appeal" HEIGHT="66" WIDTH="205" VPOS="2464" HPOS="189"/>
<SP HEIGHT="50" WIDTH="40" VPOS="2464" HPOS="394"/>
<String CONTENT="and" HEIGHT="51" WIDTH="111" VPOS="2462" HPOS="434"/>
<SP HEIGHT="51" WIDTH="37" VPOS="2462" HPOS="545"/>
<String CONTENT="appellate" HEIGHT="67" WIDTH="286" VPOS="2462" HPOS="582"/>
<SP HEIGHT="51" WIDTH="38" VPOS="2462" HPOS="868"/>
<String CONTENT="department" HEIGHT="68" WIDTH="363" VPOS="2461" HPOS="906"/>
<SP HEIGHT="45" WIDTH="35" VPOS="2468" HPOS="1270"/>
<String CONTENT="of" HEIGHT="51" WIDTH="64" VPOS="2461" HPOS="1305"/>
<SP HEIGHT="53" WIDTH="36" VPOS="2461" HPOS="1369"/>
<String CONTENT="the" HEIGHT="52" WIDTH="96" VPOS="2462" HPOS="1405"/>
<SP HEIGHT="55" WIDTH="40" VPOS="2461" HPOS="1501"/>
<String CONTENT="Superior" HEIGHT="69" WIDTH="276" VPOS="2460" HPOS="1541"/>
<SP HEIGHT="35" WIDTH="34" VPOS="2480" HPOS="1818"/>
<String CONTENT="court" HEIGHT="48" WIDTH="160" VPOS="2467" HPOS="1853"/>
<SP HEIGHT="47" WIDTH="36" VPOS="2467" HPOS="2014"/>
<String CONTENT="of" HEIGHT="52" WIDTH="62" VPOS="2462" HPOS="2051"/>
</TextLine>
<TextLine HEIGHT="75" WIDTH="1922" VPOS="2536" HPOS="191" STYLEREFS="StyleId-858C2290-0DAC-4E58-855E-9762835220BF-">
<String CONTENT="California" HEIGHT="56" WIDTH="325" VPOS="2539" HPOS="191"/>
<SP HEIGHT="34" WIDTH="23" VPOS="2559" HPOS="517"/>
<String CONTENT="and" HEIGHT="53" WIDTH="111" VPOS="2540" HPOS="541"/>
<SP HEIGHT="54" WIDTH="27" VPOS="2540" HPOS="653"/>
<String CONTENT="Criminal" HEIGHT="56" WIDTH="281" VPOS="2538" HPOS="681"/>
<SP HEIGHT="52" WIDTH="21" VPOS="2542" HPOS="963"/>
<String CONTENT="court" HEIGHT="49" WIDTH="162" VPOS="2545" HPOS="985"/>
<SP HEIGHT="47" WIDTH="23" VPOS="2545" HPOS="1148"/>
<String CONTENT="of" HEIGHT="53" WIDTH="64" VPOS="2538" HPOS="1172"/>
<SP HEIGHT="55" WIDTH="23" VPOS="2537" HPOS="1237"/>
<String CONTENT="appeals" HEIGHT="67" WIDTH="233" VPOS="2541" HPOS="1261"/>
<SP HEIGHT="32" WIDTH="24" VPOS="2560" HPOS="1495"/>
<String CONTENT="of" HEIGHT="52" WIDTH="62" VPOS="2540" HPOS="1520"/>
<SP HEIGHT="54" WIDTH="24" VPOS="2540" HPOS="1583"/>
<String CONTENT="Oklahoma," HEIGHT="68" WIDTH="339" VPOS="2539" HPOS="1608"/>
<SP HEIGHT="45" WIDTH="25" VPOS="2561" HPOS="1948"/>
<String CONTENT="with" HEIGHT="53" WIDTH="139" VPOS="2540" HPOS="1974"/>
</TextLine>
<TextLine HEIGHT="74" WIDTH="1926" VPOS="2616" HPOS="187" STYLEREFS="StyleId-858C2290-0DAC-4E58-855E-9762835220BF-">
<String CONTENT="key" HEIGHT="68" WIDTH="109" VPOS="2619" HPOS="187"/>
<SP HEIGHT="48" WIDTH="23" VPOS="2638" HPOS="297"/>
<String CONTENT="number" HEIGHT="52" WIDTH="238" VPOS="2619" HPOS="321"/>
<SP HEIGHT="33" WIDTH="27" VPOS="2638" HPOS="560"/>
<String CONTENT="annotations," HEIGHT="53" WIDTH="378" VPOS="2619" HPOS="588"/>
<SP HEIGHT="33" WIDTH="74" VPOS="2637" HPOS="967"/>
<String CONTENT="v." HEIGHT="35" WIDTH="48" VPOS="2637" HPOS="1042"/>
<SP HEIGHT="50" WIDTH="32" VPOS="2622" HPOS="1091"/>
<String CONTENT="21" HEIGHT="47" WIDTH="64" VPOS="2622" HPOS="1124"/>
<SP HEIGHT="68" WIDTH="32" VPOS="2619" HPOS="1189"/>
<String CONTENT="(2d)" HEIGHT="69" WIDTH="128" VPOS="2618" HPOS="1222"/>
<SP HEIGHT="68" WIDTH="82" VPOS="2618" HPOS="1351"/>
<String CONTENT="May-June," HEIGHT="69" WIDTH="346" VPOS="2618" HPOS="1434"/>
<SP HEIGHT="60" WIDTH="30" VPOS="2623" HPOS="1781"/>
<String CONTENT="1933." HEIGHT="50" WIDTH="149" VPOS="2622" HPOS="1812"/>
<SP HEIGHT="55" WIDTH="68" VPOS="2620" HPOS="1962"/>
<String CONTENT="St." HEIGHT="55" WIDTH="82" VPOS="2620" HPOS="2031"/>
</TextLine>
<TextLine HEIGHT="70" WIDTH="1019" VPOS="2696" HPOS="190" STYLEREFS="StyleId-858C2290-0DAC-4E58-855E-9762835220BF-">
<String CONTENT="Paul," HEIGHT="68" WIDTH="164" VPOS="2697" HPOS="190"/>
<SP HEIGHT="65" WIDTH="26" VPOS="2699" HPOS="355"/>
<String CONTENT="West" HEIGHT="51" WIDTH="159" VPOS="2699" HPOS="382"/>
<SP HEIGHT="61" WIDTH="27" VPOS="2703" HPOS="542"/>
<String CONTENT="publishing" HEIGHT="69" WIDTH="334" VPOS="2696" HPOS="570"/>
<SP HEIGHT="49" WIDTH="27" VPOS="2715" HPOS="905"/>
<String CONTENT="co.," HEIGHT="37" WIDTH="97" VPOS="2717" HPOS="933"/>
<SP HEIGHT="53" WIDTH="29" VPOS="2701" HPOS="1031"/>
<String CONTENT="1933." HEIGHT="48" WIDTH="148" VPOS="2700" HPOS="1061"/>
</TextLine>
<TextLine HEIGHT="48" WIDTH="527" VPOS="2784" HPOS="187">
<String CONTENT="xviii," HEIGHT="48" WIDTH="135" VPOS="2784" HPOS="187"/>
<SP HEIGHT="46" WIDTH="30" VPOS="2785" HPOS="323"/>
<String CONTENT="1215" HEIGHT="38" WIDTH="115" VPOS="2785" HPOS="354"/>
<SP HEIGHT="46" WIDTH="27" VPOS="2785" HPOS="470"/>
<String CONTENT="p." HEIGHT="36" WIDTH="42" VPOS="2795" HPOS="498"/>
<SP HEIGHT="39" WIDTH="57" VPOS="2785" HPOS="541"/>
<String CONTENT="26" HEIGHT="38" WIDTH="58" VPOS="2785" HPOS="599"/>
<String STYLE="superscript" CONTENT="cm" HEIGHT="21" WIDTH="44" VPOS="2786" HPOS="658"/>
<String CONTENT="." HEIGHT="9" WIDTH="7" VPOS="2815" HPOS="707"/>
</TextLine>
<TextLine HEIGHT="59" WIDTH="1695" VPOS="2847" HPOS="125" CS="1">
<String CONTENT="&#169;" HEIGHT="52" WIDTH="51" VPOS="2851" HPOS="125"/>
<SP HEIGHT="53" WIDTH="28" VPOS="2850" HPOS="177"/>
<String CONTENT="Sept." HEIGHT="48" WIDTH="127" VPOS="2854" HPOS="206"/>
<SP HEIGHT="39" WIDTH="27" VPOS="2856" HPOS="334"/>
<String CONTENT="8," HEIGHT="46" WIDTH="39" VPOS="2856" HPOS="362"/>
<SP HEIGHT="45" WIDTH="29" VPOS="2857" HPOS="402"/>
<String CS="1" CONTENT="1933;" HEIGHT="40" WIDTH="112" VPOS="2854" HPOS="432"/>
<SP HEIGHT="44" WIDTH="27" VPOS="2855" HPOS="573"/>
<String CONTENT="2c." HEIGHT="38" WIDTH="68" VPOS="2855" HPOS="601"/>
<SP HEIGHT="29" WIDTH="27" VPOS="2865" HPOS="670"/>
<String CONTENT="and" HEIGHT="39" WIDTH="95" VPOS="2855" HPOS="698"/>
<SP HEIGHT="38" WIDTH="29" VPOS="2855" HPOS="794"/>
<String CONTENT="aff." HEIGHT="40" WIDTH="80" VPOS="2853" HPOS="824"/>
<SP HEIGHT="40" WIDTH="29" VPOS="2854" HPOS="905"/>
<String CONTENT="Oct." HEIGHT="40" WIDTH="101" VPOS="2854" HPOS="935"/>
<SP HEIGHT="39" WIDTH="28" VPOS="2854" HPOS="1037"/>
<String CONTENT="12;" HEIGHT="47" WIDTH="83" VPOS="2854" HPOS="1066"/>
<SP HEIGHT="46" WIDTH="29" VPOS="2855" HPOS="1150"/>
<!-- cceid 490AD2BB-6CF9-1014-A6CF-A82867D68027 --><String CONTENT="A" HEIGHT="39" WIDTH="40" VPOS="2855" HPOS="1180"/>
<SP HEIGHT="41" WIDTH="28" VPOS="2853" HPOS="1221"/>
<String CONTENT="65574;" HEIGHT="48" WIDTH="169" VPOS="2853" HPOS="1250"/>
<SP HEIGHT="46" WIDTH="30" VPOS="2855" HPOS="1420"/>
<String CONTENT="West" HEIGHT="40" WIDTH="134" VPOS="2855" HPOS="1451"/>
<SP HEIGHT="46" WIDTH="29" VPOS="2857" HPOS="1586"/>
<String CONTENT="pub." HEIGHT="48" WIDTH="106" VPOS="2855" HPOS="1616"/>
<SP HEIGHT="29" WIDTH="30" VPOS="2866" HPOS="1723"/>
<String CONTENT="co." HEIGHT="31" WIDTH="66" VPOS="2865" HPOS="1754"/>
</TextLine>
<TextLine HEIGHT="65" WIDTH="508" VPOS="2972" HPOS="121" STYLEREFS="StyleId-0CE4CD72-5AFB-4F13-AB6C-97EF3DE3F8CB-">
<String CONTENT="Palmer," HEIGHT="65" WIDTH="249" VPOS="2972" HPOS="121"/>
<SP HEIGHT="63" WIDTH="30" VPOS="2973" HPOS="370"/>
<String CONTENT="Stuart." HEIGHT="54" WIDTH="229" VPOS="2973" HPOS="400"/>
</TextLine>
<TextLine HEIGHT="77" WIDTH="1863" VPOS="3044" HPOS="254" STYLEREFS="StyleId-858C2290-0DAC-4E58-855E-9762835220BF-" CS="1">
<String CS="1" CONTENT="&#8230;"/>
<SP HEIGHT="51" WIDTH="38" VPOS="3048" HPOS="254"/>
<String CONTENT="The" HEIGHT="52" WIDTH="120" VPOS="3048" HPOS="293"/>
<SP HEIGHT="49" WIDTH="35" VPOS="3066" HPOS="414"/>
<String CONTENT="puzzle" HEIGHT="67" WIDTH="197" VPOS="3048" HPOS="450"/>
<SP HEIGHT="34" WIDTH="33" VPOS="3066" HPOS="648"/>
<String CONTENT="of" HEIGHT="54" WIDTH="65" VPOS="3046" HPOS="682"/>
<SP HEIGHT="54" WIDTH="31" VPOS="3046" HPOS="748"/>
<String CONTENT="the" HEIGHT="53" WIDTH="94" VPOS="3048" HPOS="780"/>
<SP HEIGHT="49" WIDTH="37" VPOS="3066" HPOS="875"/>
<String CONTENT="pepper" HEIGHT="50" WIDTH="217" VPOS="3066" HPOS="913"/>
<SP HEIGHT="48" WIDTH="30" VPOS="3053" HPOS="1131"/>
<String CONTENT="tree" HEIGHT="50" WIDTH="117" VPOS="3052" HPOS="1162"/>
<SP HEIGHT="34" WIDTH="40" VPOS="3067" HPOS="1280"/>
<String CS="1" CONTENT="&#8230;"/>
<SP HEIGHT="55" WIDTH="78" VPOS="3048" HPOS="1377"/>
<String CONTENT="Garden" HEIGHT="55" WIDTH="232" VPOS="3048" HPOS="1456"/>
<SP HEIGHT="56" WIDTH="36" VPOS="3049" HPOS="1689"/>
<String CONTENT="City," HEIGHT="71" WIDTH="153" VPOS="3048" HPOS="1726"/>
<SP HEIGHT="66" WIDTH="36" VPOS="3052" HPOS="1880"/>
<String CONTENT="N." HEIGHT="52" WIDTH="70" VPOS="3052" HPOS="1917"/>
<SP HEIGHT="53" WIDTH="38" VPOS="3051" HPOS="1988"/>
<String CONTENT="Y.," HEIGHT="67" WIDTH="90" VPOS="3051" HPOS="2027"/>
</TextLine>
<TextLine HEIGHT="152" WIDTH="1967" VPOS="3121" HPOS="125" STYLEREFS="StyleId-858C2290-0DAC-4E58-855E-9762835220BF-" CS="1">
<String CONTENT="Pub." HEIGHT="53" WIDTH="139" VPOS="3126" HPOS="125"/>
<SP HEIGHT="53" WIDTH="41" VPOS="3125" HPOS="265"/>
<String CONTENT="for" HEIGHT="53" WIDTH="92" VPOS="3125" HPOS="307"/>
<SP HEIGHT="46" WIDTH="33" VPOS="3132" HPOS="400"/>
<String CONTENT="the" HEIGHT="53" WIDTH="94" VPOS="3125" HPOS="434"/>
<SP HEIGHT="55" WIDTH="37" VPOS="3124" HPOS="529"/>
<String CONTENT="Crime" HEIGHT="56" WIDTH="192" VPOS="3123" HPOS="567"/>
<SP HEIGHT="35" WIDTH="34" VPOS="3143" HPOS="760"/>
<String CONTENT="club," HEIGHT="69" WIDTH="144" VPOS="3124" HPOS="795"/>
<SP HEIGHT="67" WIDTH="37" VPOS="3126" HPOS="940"/>
<String CONTENT="inc.," HEIGHT="68" WIDTH="127" VPOS="3126" HPOS="978"/>
<SP HEIGHT="69" WIDTH="36" VPOS="3125" HPOS="1106"/>
<String CONTENT="by" HEIGHT="71" WIDTH="73" VPOS="3125" HPOS="1143"/>
<SP HEIGHT="70" WIDTH="37" VPOS="3126" HPOS="1217"/>
<String CONTENT="Doubleday," HEIGHT="71" WIDTH="356" VPOS="3126" HPOS="1255"/>
<SP HEIGHT="68" WIDTH="36" VPOS="3128" HPOS="1612"/>
<String CONTENT="Doran" HEIGHT="56" WIDTH="198" VPOS="3127" HPOS="1649"/>
<SP HEIGHT="51" WIDTH="39" VPOS="3131" HPOS="1848"/>
<String CONTENT="&amp;" HEIGHT="51" WIDTH="45" VPOS="3131" HPOS="1888"/>
<SP HEIGHT="52" WIDTH="37" VPOS="3131" HPOS="1934"/>
<String CONTENT="company," HEIGHT="126" WIDTH="1967" VPOS="3147" HPOS="125"/>
<SP HEIGHT="66" WIDTH="23" VPOS="3204" HPOS="294"/>
<String CONTENT="inc.," HEIGHT="67" WIDTH="125" VPOS="3204" HPOS="318"/>
<SP HEIGHT="64" WIDTH="27" VPOS="3207" HPOS="444"/>
<String CONTENT="1933." HEIGHT="49" WIDTH="150" VPOS="3207" HPOS="472"/>
</TextLine>
<TextLine HEIGHT="51" WIDTH="737" VPOS="3274" HPOS="193" CS="1">
<String CONTENT="4" HEIGHT="40" WIDTH="26" VPOS="3275" HPOS="193"/>
<SP HEIGHT="49" WIDTH="23" VPOS="3275" HPOS="220"/>
<String CS="1" CONTENT="p."/>
<SP/>
<String CS="1" CONTENT="l.," HEIGHT="16" WIDTH="8" VPOS="3308" HPOS="348"/>
<SP HEIGHT="47" WIDTH="24" VPOS="3277" HPOS="357"/>
<String CONTENT="308" HEIGHT="41" WIDTH="86" VPOS="3275" HPOS="382"/>
<SP HEIGHT="49" WIDTH="24" VPOS="3275" HPOS="469"/>
<String CONTENT="p." HEIGHT="38" WIDTH="43" VPOS="3286" HPOS="494"/>
<SP HEIGHT="40" WIDTH="58" VPOS="3276" HPOS="538"/>
<String CONTENT="illus." HEIGHT="42" WIDTH="126" VPOS="3276" HPOS="597"/>
<SP HEIGHT="40" WIDTH="60" VPOS="3277" HPOS="724"/>
<String CS="1" CONTENT="19&#189;" HEIGHT="39" WIDTH="55" VPOS="3277" HPOS="785"/>
<String STYLE="superscript" CONTENT="cm" HEIGHT="21" WIDTH="43" VPOS="3279" HPOS="873"/>
<String CONTENT="." HEIGHT="9" WIDTH="9" VPOS="3308" HPOS="921"/>
</TextLine>
<TextLine HEIGHT="53" WIDTH="671" VPOS="3331" HPOS="196">
<String CONTENT="Illustrated" HEIGHT="42" WIDTH="285" VPOS="3332" HPOS="196"/>
<SP HEIGHT="40" WIDTH="23" VPOS="3333" HPOS="482"/>
<String CONTENT="lining-papers." HEIGHT="51" WIDTH="361" VPOS="3332" HPOS="506"/>
</TextLine>
<TextLine HEIGHT="43" WIDTH="411" VPOS="3388" HPOS="201">
<String CONTENT="&#8220;First" HEIGHT="43" WIDTH="161" VPOS="3388" HPOS="201"/>
<SP HEIGHT="39" WIDTH="23" VPOS="3391" HPOS="363"/>
<String CONTENT="edition.&#8221;" HEIGHT="41" WIDTH="225" VPOS="3389" HPOS="387"/>
</TextLine>
<TextLine HEIGHT="61" WIDTH="1993" VPOS="3452" HPOS="130">
<String CONTENT="&#169;" HEIGHT="52" WIDTH="52" VPOS="3456" HPOS="130"/>
<SP HEIGHT="53" WIDTH="31" VPOS="3455" HPOS="182"/>
<String CONTENT="Sept." HEIGHT="47" WIDTH="127" VPOS="3461" HPOS="213"/>
<SP HEIGHT="38" WIDTH="27" VPOS="3461" HPOS="340"/>
<String CONTENT="20," HEIGHT="46" WIDTH="70" VPOS="3461" HPOS="368"/>
<SP HEIGHT="44" WIDTH="29" VPOS="3463" HPOS="438"/>
<String CONTENT="1933;" HEIGHT="47" WIDTH="140" VPOS="3460" HPOS="467"/>
<SP HEIGHT="45" WIDTH="30" VPOS="3462" HPOS="607"/>
<String CONTENT="2c." HEIGHT="41" WIDTH="67" VPOS="3462" HPOS="637"/>
<SP HEIGHT="32" WIDTH="28" VPOS="3471" HPOS="705"/>
<String CONTENT="and" HEIGHT="39" WIDTH="94" VPOS="3462" HPOS="734"/>
<SP HEIGHT="39" WIDTH="28" VPOS="3462" HPOS="829"/>
<String CONTENT="aff." HEIGHT="41" WIDTH="82" VPOS="3461" HPOS="858"/>
<SP HEIGHT="40" WIDTH="31" VPOS="3462" HPOS="941"/>
<String CONTENT="Sept." HEIGHT="48" WIDTH="129" VPOS="3462" HPOS="973"/>
<SP HEIGHT="40" WIDTH="27" VPOS="3463" HPOS="1102"/>
<String CONTENT="22:" HEIGHT="42" WIDTH="85" VPOS="3463" HPOS="1130"/>
<SP HEIGHT="42" WIDTH="30" VPOS="3463" HPOS="1215"/>
<!-- cceid 490B1999-6CF9-1014-A6CF-A82867D68027 --><String CONTENT="A" HEIGHT="39" WIDTH="40" VPOS="3463" HPOS="1245"/>
<SP HEIGHT="39" WIDTH="28" VPOS="3463" HPOS="1286"/>
<String CONTENT="66315;" HEIGHT="47" WIDTH="171" VPOS="3463" HPOS="1315"/>
<SP HEIGHT="45" WIDTH="33" VPOS="3465" HPOS="1486"/>
<String CONTENT="S." HEIGHT="40" WIDTH="45" VPOS="3465" HPOS="1519"/>
<SP HEIGHT="39" WIDTH="30" VPOS="3466" HPOS="1564"/>
<String CONTENT="Palmer." HEIGHT="43" WIDTH="207" VPOS="3465" HPOS="1594"/>
<SP HEIGHT="41" WIDTH="30" VPOS="3466" HPOS="1801"/>
<String CONTENT="New" HEIGHT="39" WIDTH="118" VPOS="3466" HPOS="1831"/>
<SP HEIGHT="38" WIDTH="28" VPOS="3467" HPOS="1949"/>
<String CONTENT="York." HEIGHT="38" WIDTH="146" VPOS="3467" HPOS="1977"/>
</TextLine>
<TextLine HEIGHT="48" WIDTH="278" VPOS="3516" HPOS="211">
<String CONTENT="(33-25377)" HEIGHT="48" WIDTH="278" VPOS="3516" HPOS="211"/>
</TextLine>
<TextLine HEIGHT="69" WIDTH="733" VPOS="3632" HPOS="125" STYLEREFS="StyleId-0CE4CD72-5AFB-4F13-AB6C-97EF3DE3F8CB-">
<String CONTENT="Post," HEIGHT="66" WIDTH="160" VPOS="3633" HPOS="125"/>
<SP HEIGHT="63" WIDTH="32" VPOS="3635" HPOS="286"/>
<String CONTENT="Augustus," HEIGHT="65" WIDTH="331" VPOS="3635" HPOS="319"/>
<SP HEIGHT="60" WIDTH="36" VPOS="3640" HPOS="651"/>
<String CONTENT="1873-" HEIGHT="56" WIDTH="170" VPOS="3633" HPOS="688"/>
</TextLine>
<TextLine HEIGHT="83" WIDTH="1919" VPOS="3706" HPOS="202" STYLEREFS="StyleId-858C2290-0DAC-4E58-855E-9762835220BF-">
<String CONTENT="Skycraft." HEIGHT="71" WIDTH="288" VPOS="3709" HPOS="202"/>
<SP HEIGHT="52" WIDTH="75" VPOS="3712" HPOS="491"/>
<String CONTENT="New" HEIGHT="53" WIDTH="137" VPOS="3712" HPOS="567"/>
<SP HEIGHT="36" WIDTH="56" VPOS="3730" HPOS="705"/>
<String CONTENT="ed." HEIGHT="53" WIDTH="83" VPOS="3713" HPOS="762"/>
<SP HEIGHT="51" WIDTH="94" VPOS="3715" HPOS="846"/>
<String CONTENT="By" HEIGHT="67" WIDTH="89" VPOS="3715" HPOS="941"/>
<SP HEIGHT="69" WIDTH="55" VPOS="3713" HPOS="1031"/>
<String CONTENT="Augustus" HEIGHT="70" WIDTH="297" VPOS="3712" HPOS="1087"/>
<SP HEIGHT="52" WIDTH="56" VPOS="3717" HPOS="1385"/>
<String CONTENT="Post." HEIGHT="53" WIDTH="154" VPOS="3717" HPOS="1442"/>
<SP HEIGHT="53" WIDTH="73" VPOS="3717" HPOS="1597"/>
<String CONTENT="London," HEIGHT="70" WIDTH="256" VPOS="3716" HPOS="1671"/>
<SP HEIGHT="65" WIDTH="58" VPOS="3720" HPOS="1928"/>
<String CONTENT="New" HEIGHT="53" WIDTH="134" VPOS="3720" HPOS="1987"/>
</TextLine>
<TextLine HEIGHT="77" WIDTH="1345" VPOS="3787" HPOS="130" STYLEREFS="StyleId-858C2290-0DAC-4E58-855E-9762835220BF-" CS="1">
<String CONTENT="York" HEIGHT="54" WIDTH="161" VPOS="3789" HPOS="130"/>
<SP HEIGHT="67" WIDTH="31" VPOS="3790" HPOS="292"/>
<String CONTENT="[etc.]" HEIGHT="61" WIDTH="136" VPOS="3796" HPOS="324"/>
<SP HEIGHT="66" WIDTH="34" VPOS="3790" HPOS="461"/>
<String CONTENT="Oxford" HEIGHT="55" WIDTH="227" VPOS="3789" HPOS="496"/>
<SP HEIGHT="53" WIDTH="26" VPOS="3791" HPOS="724"/>
<String CONTENT="university" HEIGHT="67" WIDTH="317" VPOS="3792" HPOS="751"/>
<SP HEIGHT="49" WIDTH="25" VPOS="3811" HPOS="1069"/>
<String CONTENT="press" HEIGHT="49" WIDTH="156" VPOS="3811" HPOS="1095"/>
<SP HEIGHT="47" WIDTH="31" VPOS="3813" HPOS="1252"/>
<String CS="1" CONTENT="["/>
<String STYLE="superscript" CONTENT="c" HEIGHT="21" WIDTH="18" VPOS="3800" HPOS="1301"/>
<String CONTENT="1933]" HEIGHT="64" WIDTH="150" VPOS="3797" HPOS="1325"/>
</TextLine>
<TextLine HEIGHT="71" WIDTH="1671" VPOS="3848" HPOS="201" CS="1">
<String CONTENT="xiv" HEIGHT="42" WIDTH="83" VPOS="3862" HPOS="201"/>
<SP HEIGHT="37" WIDTH="27" VPOS="3874" HPOS="285"/>
<String CONTENT="p.," HEIGHT="37" WIDTH="58" VPOS="3874" HPOS="313"/>
<SP HEIGHT="47" WIDTH="29" VPOS="3864" HPOS="372"/>
<String CS="1" CONTENT="1"/>
<SP HEIGHT="38" WIDTH="28" VPOS="3864" HPOS="427"/>
<String CS="1" CONTENT="l.," HEIGHT="16" WIDTH="22" VPOS="3894" HPOS="478"/>
<SP HEIGHT="46" WIDTH="29" VPOS="3864" HPOS="501"/>
<String CONTENT="276" HEIGHT="40" WIDTH="86" VPOS="3864" HPOS="531"/>
<SP HEIGHT="49" WIDTH="27" VPOS="3864" HPOS="618"/>
<String CS="1" CONTENT="p.," HEIGHT="37" WIDTH="30" VPOS="3876" HPOS="646"/>
<SP HEIGHT="47" WIDTH="30" VPOS="3865" HPOS="704"/>
<String CONTENT="1" HEIGHT="38" WIDTH="23" VPOS="3865" HPOS="735"/>
<SP HEIGHT="39" WIDTH="31" VPOS="3865" HPOS="759"/>
<String CS="1" CONTENT="l.," HEIGHT="14" WIDTH="22" VPOS="3897" HPOS="813"/>
<SP HEIGHT="43" WIDTH="30" VPOS="3868" HPOS="836"/>
<String CONTENT="18" HEIGHT="39" WIDTH="55" VPOS="3866" HPOS="867"/>
<SP HEIGHT="47" WIDTH="29" VPOS="3866" HPOS="923"/>
<String CONTENT="p." HEIGHT="36" WIDTH="41" VPOS="3877" HPOS="953"/>
<SP HEIGHT="55" WIDTH="29" VPOS="3850" HPOS="995"/>
<String CS="1" CONTENT="incl" HEIGHT="39" WIDTH="13" VPOS="3868" HPOS="1106"/>
<SP HEIGHT="40" WIDTH="30" VPOS="3867" HPOS="1120"/>
<String CONTENT="front.," HEIGHT="48" WIDTH="163" VPOS="3866" HPOS="1151"/>
<SP HEIGHT="45" WIDTH="30" VPOS="3868" HPOS="1315"/>
<String CONTENT="illus.," HEIGHT="48" WIDTH="142" VPOS="3868" HPOS="1346"/>
<SP HEIGHT="46" WIDTH="30" VPOS="3870" HPOS="1489"/>
<String CONTENT="diagrs." HEIGHT="48" WIDTH="177" VPOS="3868" HPOS="1520"/>
<SP HEIGHT="40" WIDTH="58" VPOS="3870" HPOS="1698"/>
<String CONTENT="24" HEIGHT="40" WIDTH="56" VPOS="3869" HPOS="1757"/>
<String STYLE="superscript" CONTENT="cm" HEIGHT="21" WIDTH="43" VPOS="3872" HPOS="1816"/>
<String CONTENT="." HEIGHT="8" WIDTH="8" VPOS="3902" HPOS="1864"/>
</TextLine>
<TextLine HEIGHT="57" WIDTH="1372" VPOS="3918" HPOS="203" CS="1">
<String CONTENT="&#8220;A" HEIGHT="40" WIDTH="68" VPOS="3920" HPOS="203"/>
<SP HEIGHT="39" WIDTH="24" VPOS="3920" HPOS="272"/>
<String CONTENT="supplement," HEIGHT="47" WIDTH="314" VPOS="3921" HPOS="297"/>
<SP HEIGHT="36" WIDTH="24" VPOS="3932" HPOS="612"/>
<String CONTENT="aviation" HEIGHT="42" WIDTH="216" VPOS="3920" HPOS="637"/>
<SP HEIGHT="39" WIDTH="26" VPOS="3922" HPOS="854"/>
<String CONTENT="in" HEIGHT="39" WIDTH="46" VPOS="3922" HPOS="881"/>
<SP HEIGHT="36" WIDTH="27" VPOS="3925" HPOS="928"/>
<String CS="1" CONTENT="1932-33&#8221;:" HEIGHT="40" WIDTH="229" VPOS="3923" HPOS="956"/>
<SP HEIGHT="37" WIDTH="29" VPOS="3927" HPOS="1213"/>
<String CONTENT="18" HEIGHT="41" WIDTH="56" VPOS="3924" HPOS="1243"/>
<SP HEIGHT="48" WIDTH="24" VPOS="3924" HPOS="1300"/>
<String CONTENT="p." HEIGHT="36" WIDTH="42" VPOS="3936" HPOS="1325"/>
<SP HEIGHT="30" WIDTH="24" VPOS="3935" HPOS="1368"/>
<String CONTENT="at" HEIGHT="38" WIDTH="52" VPOS="3927" HPOS="1393"/>
<SP HEIGHT="38" WIDTH="23" VPOS="3927" HPOS="1446"/>
<String CONTENT="end." HEIGHT="40" WIDTH="105" VPOS="3925" HPOS="1470"/>
</TextLine>
<TextLine HEIGHT="68" WIDTH="1990" VPOS="3983" HPOS="137">
<String CONTENT="&#169;" HEIGHT="52" WIDTH="52" VPOS="3987" HPOS="137"/>
<SP HEIGHT="53" WIDTH="37" VPOS="3986" HPOS="189"/>
<String CONTENT="Sept." HEIGHT="49" WIDTH="128" VPOS="3990" HPOS="226"/>
<SP HEIGHT="39" WIDTH="33" VPOS="3992" HPOS="354"/>
<String CONTENT="21," HEIGHT="45" WIDTH="69" VPOS="3992" HPOS="387"/>
<SP HEIGHT="43" WIDTH="34" VPOS="3994" HPOS="456"/>
<String CONTENT="1933;" HEIGHT="43" WIDTH="141" VPOS="3993" HPOS="490"/>
<SP HEIGHT="42" WIDTH="34" VPOS="3994" HPOS="631"/>
<String CONTENT="2c." HEIGHT="41" WIDTH="69" VPOS="3993" HPOS="665"/>
<SP HEIGHT="29" WIDTH="35" VPOS="4004" HPOS="734"/>
<String CONTENT="and" HEIGHT="37" WIDTH="94" VPOS="3996" HPOS="769"/>
<SP HEIGHT="37" WIDTH="35" VPOS="3996" HPOS="863"/>
<String CONTENT="aff." HEIGHT="40" WIDTH="84" VPOS="3995" HPOS="898"/>
<SP HEIGHT="40" WIDTH="37" VPOS="3995" HPOS="982"/>
<String CONTENT="Sept." HEIGHT="48" WIDTH="129" VPOS="3995" HPOS="1019"/>
<SP HEIGHT="39" WIDTH="35" VPOS="3996" HPOS="1148"/>
<String CONTENT="23;" HEIGHT="48" WIDTH="83" VPOS="3995" HPOS="1183"/>
<SP HEIGHT="46" WIDTH="37" VPOS="3996" HPOS="1266"/>
<!-- cceid 490B5D8C-6CF9-1014-A6CF-A82867D68027 --><String CONTENT="A" HEIGHT="39" WIDTH="42" VPOS="3996" HPOS="1303"/>
<SP HEIGHT="39" WIDTH="34" VPOS="3996" HPOS="1345"/>
<String CONTENT="65337;" HEIGHT="47" WIDTH="170" VPOS="3997" HPOS="1379"/>
<SP HEIGHT="47" WIDTH="38" VPOS="3997" HPOS="1549"/>
<String CONTENT="Oxford" HEIGHT="42" WIDTH="187" VPOS="3996" HPOS="1587"/>
<SP HEIGHT="40" WIDTH="37" VPOS="3998" HPOS="1774"/>
<String CONTENT="univ." HEIGHT="41" WIDTH="131" VPOS="3999" HPOS="1811"/>
<SP HEIGHT="36" WIDTH="35" VPOS="4011" HPOS="1942"/>
<String CONTENT="press," HEIGHT="38" WIDTH="150" VPOS="4009" HPOS="1977"/>
</TextLine>
<TextLine HEIGHT="53" WIDTH="756" VPOS="4046" HPOS="202" CS="1">
<String CONTENT="New" HEIGHT="40" WIDTH="115" VPOS="4047" HPOS="202"/>
<SP HEIGHT="38" WIDTH="27" VPOS="4048" HPOS="318"/>
<String CONTENT="York," HEIGHT="47" WIDTH="143" VPOS="4048" HPOS="346"/>
<SP HEIGHT="46" WIDTH="27" VPOS="4049" HPOS="490"/>
<String CONTENT="inc." HEIGHT="40" WIDTH="90" VPOS="4049" HPOS="518"/>
<SP HEIGHT="47" WIDTH="69" VPOS="4050" HPOS="609"/>
<String CONTENT="(33-25318)" HEIGHT="49" WIDTH="279" VPOS="4049" HPOS="679"/>
<SP/>
</TextLine>
</TextBlock>
</PrintSpace>
</Page>
</Layout>
</alto>