2484 4405
1087 4055 133 48 1423

115 417 183 64 Stein,
333 414 310 64 Gertrude,
678 412 170 52 1874-

187 493 183 52 Three
408 490 156 64 lives,
603 489 75 68 by
719 486 283 56 Gertrude
1045 484 179 66 Stein,
1263 481 388 54 introduction
1692 482 74 66 by
1808 480 136 55 Carl
1983 482 125 52 Van

117 569 253 56 Vechten
409 611 53 9 …
538 568 137 51 New
711 565 177 53 York.
923 564 119 54 The
1076 563 243 52 Modern
1353 559 218 69 library
1610 561 192 65 [c1933]

189 644 50 40 xi
275 654 57 37 p.,
368 642 27 40 3
466 673 9 11 l.,
514 640 172 40 11-279
721 650 43 38 p.
826 639 54 40 17
882 640 44 22 cm
930 669 9 9 .
1011 635 300 48 (Half-title:
1347 634 101 40 The
1483 633 199 40 modern
1720 632 183 47 library
1941 632 53 39 of
2031 633 82 38 the

119 700 191 41 world’s
339 699 105 40 best
472 696 172 44 books)

191 757 162 41 “First
383 756 198 39 Modern
612 754 184 45 library
824 747 226 45 edition.”

124 824 51 52 ©
209 828 127 48 Sept.
367 826 67 47 19,
467 825 112 40 1933
597 835 9 30 :
639 825 65 38 2c.
741 824 127 47 Sept.
899 820 82 47 22;
1015 820 80 40 aff.
1133 820 125 48 Sept.
1291 819 82 39 21:
1408 819 40 39 A
1480 817 170 42 66525;
1687 818 200 38 Modern
1918 815 200 46 library,

193 885 88 40 inc.
346 878 68 55 [©
449 881 346 48 introduction]
867 876 280 51 (33-29350)

123 1001 162 63 Stoll,
314 999 190 64 Willy.

194 1075 106 52 Die
348 1073 170 54 bunte
567 1073 150 53 kette
765 1070 241 55 heiterer
1054 1069 460 66 reiseabenteuer,
1562 1085 109 35 von
1720 1065 179 70 Willy
1952 1065 162 54 Stoll.

125 1152 553 66 Berlin-Lankwitz,
707 1154 89 52 W.
831 1150 147 55 Stoll
1015 1182 12 34 [
1033 1155 17 22 c
1056 1152 134 48 1933
1196 1182 13 33 ]

196 1223 55 41 80
287 1234 41 37 p.
391 1222 54 38 19½
477 1225 42 20 cm
526 1255 7 7 .

127 1289 1578 55 © May 1, 1933; 1c. July 24: A-Foreign 21632; W. Stoll.
210 1351 280 48 (33-29174)

129 1470 207 53 Texas.
412 1471 182 63 Laws,
622 1474 257 60 statutes,
908 1473 100 49 etc.

198 1544 277 56 Vernon’s
521 1546 308 51 annotated
874 1543 244 55 Revised
1164 1544 134 53 civil
1342 1547 241 52 statutes
1627 1543 63 53 of
1732 1544 95 51 the
1870 1549 145 46 state
2060 1542 63 54 of

131 1626 197 52 Texas.
407 1627 131 48 1933
576 1623 344 53 cumulative
958 1624 211 51 annual
1206 1622 204 68 pocket
1443 1626 160 63 parts
1641 1622 94 51 for
1771 1622 251 51 volumes
2061 1624 66 49 1-

131 1707 65 48 22
237 1746 55 9 …
371 1701 224 55 Kansas
632 1702 152 67 City,
818 1702 231 52 Vernon
1082 1702 110 51 law
1225 1701 147 52 book
1404 1717 280 51 company
1766 1702 152 63 [c1933]

197 1778 55 40 22
282 1788 42 30 v.
381 1776 55 40 25
439 1778 44 21 cm
488 1806 9 9 .

199 1832 296 42 Cover-title.

202 1890 159 40 These
386 1887 273 49 pamphlets
690 1898 84 29 are
803 1892 50 36 to
884 1888 60 39 be
970 1885 141 41 fitted
1140 1886 106 39 into
1275 1886 84 39 the
1387 1885 198 48 pockets
1616 1888 53 37 at
1700 1886 82 39 the
1813 1885 123 40 back
1967 1886 53 39 of
2051 1883 81 42 the

133 1947 216 39 volumes
377 1944 51 40 of
455 1945 80 40 the
563 1948 73 36 set
664 1947 48 37 to
741 1944 157 40 which
928 1943 114 48 they
1069 1943 185 47 belong.

137 2010 51 53 ©
215 2015 120 47 Aug.
360 2015 38 41 2.
427 2014 111 40 1933
558 2025 8 30 :
595 2013 65 41 2c.
689 2013 118 40 each
834 2014 95 39 and
957 2010 81 42 aff.
1067 2011 101 41 Oct.
1196 2011 81 41 12:
1307 2012 42 38 A
1374 2009 171 49 65614;
1575 2010 192 40 Vernon
1794 2012 96 39 law
1918 2011 121 40 book
2066 2018 68 34 co.

135 2130 297 67 Thomazi,
463 2132 273 62 Auguste
766 2130 274 66 Antoine,
1075 2128 172 55 1873-

213 2252 54 9 …
306 2210 83 52 La
423 2209 218 52 marine
676 2207 285 54 française
995 2208 141 51 dans
1171 2209 52 50 la
1259 2208 216 67 grande
1510 2224 200 52 guerre
1756 2207 365 68 (1914-1918)

161 2285 1529 70 [t. 5] Les marins à terre … Paris, Payot, 1933.
208 2356 1932 55 3 p. l. , [9]-234 p. plans. 23c m . (Collection de memoires, études et.
139 2419 281 40 documents
448 2428 120 36 pour
596 2416 156 40 servir
779 2427 29 29 a
836 2414 238 42 l’histoire
1102 2417 61 38 de
1189 2418 47 37 la
1265 2426 175 36 guerre
1466 2414 268 49 mondiale)

208 2476 67 39 At
305 2474 124 41 head
463 2473 53 40 of
548 2474 136 39 title:
718 2474 55 38 A.
808 2471 246 42 Thomazi.

143 2537 1534 55 © July 12, 1933 ; 1c. Oct. 24 : A-Foreign 22502; Payot.
136 2645 323 67 Thornton,
491 2648 198 52 Frank
719 2646 260 64 Weldon,
1015 2652 172 49 1863-

211 2724 301 53 Financial
554 2722 431 70 examinations,
1026 2724 74 67 by
1142 2723 64 52 F.
1250 2724 90 53 W.
1383 2722 316 54 Thornton.
1780 2723 137 53 New
1959 2722 182 70 York,

142 2799 1640 72 N. Y., American institute publishing co., inc. [ c 1933]
211 2886 32 27 x
264 2884 58 38 p.,
350 2874 25 39 1
436 2905 8 16 l.,
469 2873 84 41 282
577 2884 43 37 p.
680 2874 179 48 diagrs.
919 2873 56 42 18
979 2876 43 21 cm
1026 2906 8 8 .

215 2929 213 42 Editor’s
453 2932 111 38 note
593 2931 193 46 signed:
816 2932 54 40 A.
899 2930 50 41 P.
979 2930 320 40 Richardson.

217 2987 39 39 A
282 2986 210 42 revision
517 2987 51 39 of
595 2987 279 47 “Approved
902 2986 222 42 methods
1149 2986 79 40 for
1252 2988 82 39 the
1360 2986 315 48 preparation
1703 2986 54 41 of
1781 2987 201 41 balance
2009 2986 134 44 sheet

147 3042 316 42 statements”
504 3044 121 39 with
665 3046 83 38 the
785 3043 110 41 title
935 3042 344 42 “Verification
1320 3044 52 39 of
1412 3042 231 42 financial
1683 3044 317 40 statements”
2043 3053 102 32 was

148 3098 265 47 completed
445 3098 62 48 by
538 3110 27 29 a
599 3099 273 40 committee
905 3098 54 42 of
989 3100 81 40 the
1103 3100 258 39 American
1397 3099 227 42 institute
1657 3101 53 39 of
1744 3102 319 39 accountants
2096 3099 49 41 in

149 3154 115 42 1929
296 3156 95 40 and
425 3154 254 49 published
715 3155 61 47 by
811 3156 81 42 the
927 3155 208 42 Federal
1170 3166 192 31 reserve
1395 3155 165 44 board.
1630 3157 46 40 It
1712 3158 42 39 is
1791 3156 264 42 submitted
2091 3166 54 32 as

148 3221 62 30 an
245 3212 241 47 appendix
520 3214 49 38 to
602 3213 99 40 this
734 3213 135 40 book,
905 3211 158 42 which
1098 3213 43 40 is
1174 3213 197 41 written
1405 3225 54 29 as
1496 3224 62 31 an
1594 3214 347 48 amplification
1976 3215 51 39 of
2064 3214 81 41 the

145 3268 264 49 procedure
437 3268 257 41 contained
723 3268 203 42 therein,
989 3271 60 47 cf.
1081 3269 131 40 Pref.

155 3334 51 52 ©
238 3339 119 47 Aug.
390 3339 68 47 22,
493 3340 112 39 1933
624 3351 8 34 ;
668 3341 66 41 2c.
772 3341 125 46 Sept.
932 3341 82 41 27:
1050 3341 81 40 aff.
1170 3343 126 46 Sept.
1331 3343 82 45 28;
1450 3343 39 39 A
1523 3341 170 49 65393;
1730 3343 158 39 Amer.
1924 3342 224 42 institute

223 3396 108 46 pub.
363 3406 81 38 co.,
475 3396 89 40 inc.
636 3397 279 48 (33-28420)

149 3491 345 72 Torchiana,
534 3497 206 66 Henry
776 3498 208 55 Albert
1024 3498 227 55 Willem
1291 3518 114 36 van
1445 3500 249 67 Coenen,
1734 3502 169 53 1867-

225 3571 173 71 Story
440 3573 63 52 of
547 3575 94 52 the
685 3575 233 54 mission
965 3575 180 55 Santa
1192 3576 167 68 Cruz,
1403 3577 76 69 by
1523 3578 78 53 H.
1649 3577 69 53 A.
1765 3597 110 33 van
1923 3577 223 56 Coenen

154 3649 318 55 Torchiana
512 3694 55 9 …
644 3651 117 55 San
796 3653 324 56 Francisco.
1155 3654 195 68 Calif.,
1385 3656 65 52 P.
1490 3655 178 54 Elder
1703 3657 114 52 and
1852 3673 299 54 company,

158 3731 148 51 1933.

225 3799 98 46 xix,
357 3802 85 41 460
475 3813 42 37 p.
579 3803 171 47 plates,
783 3804 27 38 2
844 3806 121 45 port,
996 3803 132 47 (inch
1164 3806 173 48 front.)
1382 3816 150 38 maps,
1567 3807 126 47 plan,
1728 3807 215 42 facsims.
2006 3808 57 40 24½
2095 3810 44 23 cm
2144 3840 7 8 .

224 3856 222 44 Lettered
474 3870 58 29 on
558 3870 164 29 cover:
751 3859 203 42 Mission
977 3863 59 38 de
1063 3861 147 40 Santa
1243 3862 137 39 Cruz.

163 3923 51 52 ©
238 3929 120 49 Aug.
385 3929 67 42 10.
479 3931 139 47 1933;
647 3932 64 40 2c.
741 3935 94 38 and
862 3933 81 41 aff.
971 3933 119 48 Aug.
1118 3934 54 39 29
1191 3945 8 28 :
1230 3936 39 37 A
1296 3935 143 40 64852
1458 3946 7 36 ;
1550 3969 6 6 H.
1585 3937 52 39 A.
1667 3948 94 29 van
1789 3937 48 41 C.
1866 3936 288 48 Torchiana,

233 3985 96 41 San
363 3985 272 44 Francisco.
706 3987 279 51 (33-25981)
