2484 4405
1109 4079 131 50 1019

225 496 56 41 32
312 505 41 39 p.
414 494 55 40 23
473 497 44 21 cm
522 526 8 8 .
604 492 298 51 (Half-title:
935 492 100 41 The
1070 493 96 46 day
1200 491 96 41 and
1329 491 124 39 hour
1488 490 152 40 series
1673 488 52 41 of
1760 488 81 41 the
1875 487 283 49 University

155 547 647 52 of Minnesota … no. 5)
228 607 374 48 Bibliography:
631 616 43 37 p.
703 604 159 43 31-32.

159 663 50 51 ©
237 666 125 41 June
387 666 39 46 9,
454 665 112 40 1933;
622 665 67 39 2c.
717 664 94 40 and
838 663 81 41 aff.
948 664 129 39 June
1100 663 83 45 26;
1212 662 41 40 A
1278 661 171 48 63383;
1480 660 283 50 University
1789 660 53 41 of
1870 657 289 42 Minnesota,

227 721 337 51 Minneapolis.
634 719 280 51 (33-18259)

153 810 279 54 National
483 809 317 67 municipal
850 809 227 65 league.
1156 808 336 56 Committee
1543 826 72 35 on
1662 807 317 70 municipal
223 821 1910 141 program.

227 968 55 51 A
328 967 184 53 model
559 967 116 68 city
721 966 244 68 charter,
1011 965 143 53 with
1199 965 165 54 home
1410 966 122 53 rule
1580 963 323 72 provisions
158 979 1978 123 recommended

427 1044 96 53 for
548 1049 145 49 state
722 1043 422 69 constitutions,
1173 1043 283 70 prepared
1488 1044 74 68 by
1591 1044 97 52 the
1717 1042 341 55 Committee
2087 1061 71 35 on

160 1122 310 70 municipal
511 1139 271 52 program
822 1121 65 53 of
924 1123 93 51 the
1057 1121 276 55 National
1374 1121 314 69 municipal
1730 1123 214 68 league.
2021 1122 138 53 Rev.

159 1202 102 56 ed.,
292 1203 149 51 1933.
505 1201 137 51 New
672 1199 179 69 York,
877 1200 275 53 National
1178 1199 316 69 municipal
1524 1200 198 69 league
1777 1203 152 65 [1933]

231 1271 521 51 1 p. l., 106 p. 23 cm .
164 1327 2000 56 © May 22, 1933; 2c. and aff. June 8; A 62906; Natl. municipal league.
231 1384 1918 113 [© Nominations and elections: Dept. of finance; Dept. of civil service; City planning
773 1446 96 41 and
902 1446 200 46 zoning;
1143 1445 159 42 Slums
1337 1448 96 38 and
1465 1446 217 48 blighted
1717 1456 168 37 areas;
1923 1445 243 48 appendix

233 1514 60 29 on
331 1503 294 48 objectional
663 1503 197 41 charter
896 1503 291 49 provisions]
1258 1504 283 49 (33-18254)

158 1592 145 52 New
332 1592 161 53 York
535 1592 218 69 (State)
837 1592 183 68 Laws,
1049 1599 258 62 statutes,
1338 1601 85 47 etc.

295 1668 1868 72 … Penal law and the Code of criminal procedure of the
161 1750 145 47 state
344 1746 61 53 of
440 1747 139 52 New
615 1748 179 68 York,
829 1748 139 52 with
1006 1749 389 54 amendments
1430 1751 201 65 passed
1669 1750 74 68 by
1777 1750 95 53 the
163 1747 1976 132 Legislature

328 1824 1834 71 to the end of the regular session of 1933 … 25th ed.
164 1901 1975 150 By Thomas W. Cantwell … Albany, N. Y., M. Bender & company, incorporated, 1933.
241 2050 1925 60 1 p. l., v-lviii p., 1 l., 540 (i. e. 598) p., 1 l., v-xlvii, 755 (i. e. 572) p.
167 2107 56 41 23½
256 2111 43 21 cm
303 2141 10 9 .

239 2164 65 41 At
328 2165 123 41 head
478 2166 51 41 of
554 2166 136 42 title:
719 2166 231 43 Bender’s
977 2168 199 41 edition.

241 2221 249 50 Irregular
517 2224 192 48 paging.

171 2276 50 51 ©
252 2280 115 49 July
395 2279 68 47 19,
494 2281 142 46 1933;
666 2281 67 41 2c.
763 2280 95 41 and
887 2281 81 39 aff.
999 2282 117 47 July
1145 2282 82 47 20;
1260 2284 40 39 A
1330 2283 171 48 63637;
1534 2285 237 42 Matthew
1802 2287 190 39 Bender
2023 2287 35 39 &
2086 2298 83 36 co.,

241 2336 89 42 inc.
402 2338 280 49 (33-18487)

164 2423 253 67 Nicklin,
445 2427 155 52 John
627 2427 69 54 W
981 2429 86 53 ed.

243 2502 120 53 The
395 2501 214 55 United
645 2502 189 56 States
866 2503 208 70 album,
1108 2503 312 72 providing
1450 2525 194 51 spaces
1679 2506 93 55 for
1806 2526 166 51 every
173 2523 1972 128 regularly
345 2580 184 55 issued
554 2580 110 54 and
690 2580 321 56 obtainable
1035 2580 264 57 adhesive
1324 2590 232 64 postage
1582 2586 112 54 and
1720 2606 238 36 revenue
1984 2593 185 65 stamp

175 2657 63 53 of
275 2657 94 53 the
408 2659 216 53 United
665 2659 190 55 States
895 2662 112 52 and
1046 2660 175 56 issues
1261 2663 63 51 of
1362 2663 93 52 the
1495 2664 216 56 United
1754 2664 189 55 States
1984 2667 182 68 postal

175 2733 460 57 administration
661 2736 64 53 of
750 2735 179 57 Canal
954 2757 152 51 zone,
1134 2738 175 70 Cuba,
1337 2740 201 69 Guam,
1566 2742 175 56 Porto
1768 2744 140 53 Rico
1937 2746 111 51 and
2077 2746 92 53 the

178 2811 333 70 Philippine
536 2812 229 69 islands,
787 2816 190 53 edited
1001 2817 71 67 by
1092 2817 157 54 John
1272 2818 87 53 W.
1385 2818 247 55 Nicklin.
1696 2820 135 56 New
1860 2823 158 52 York
2040 2824 131 68 city,

176 2890 231 54 Grosset
439 2892 46 49 &
519 2891 233 69 Dunlap
788 2893 73 67 by
893 2902 397 61 arrangement
1323 2895 141 53 with
1496 2898 94 54 the
1624 2897 232 56 Nicklin
1892 2919 277 52 company

202 2969 155 51 [ c 1933]
246 3038 903 49 4 p. l., 137 numb. 1. illus. 29cm.
179 3092 1997 67 © July 10, 1933; 2c. and aff. July 14; A 64327; J. W. Nicklin, New
250 3154 140 42 York.
455 3153 67 53 [©
559 3168 105 30 new
698 3158 241 51 material]
1011 3160 281 51 (33-18383)

174 3245 255 66 O’Mara,
458 3247 260 57 Patrick.

247 3324 119 51 The
410 3325 460 70 autobiography
911 3329 65 51 of
1017 3348 32 33 a
1090 3331 310 69 Liverpool
1442 3333 156 54 Irish
1639 3335 264 70 slummy,
1944 3339 75 67 by
2062 3343 112 51 Pat

177 3400 1635 80 O’Mara … New York, The Vanguard press, 1933.
247 3474 601 52 4 p. l., 3-307 p. 21½ cm
183 3526 1992 70 © June 23, 1933; 2c. July 10; aff. July 7; A 63555; Vanguard press, inc.
261 3587 279 50 (33-18235)

178 3656 345 71 O’Riordan,
563 3665 178 53 Conal
777 3665 326 70 O’Connell,
1145 3673 170 53 1874-

180 3735 1969 153 Napoleon passes [by] Conal O’Riordan … London, Arrowsmith [1933]
255 3885 85 43 343
370 3899 42 38 p.
473 3889 25 38 21
531 3893 43 21 cm
579 3924 8 7 .

187 3939 1990 75 © 1c. May 19, 1933; A ad int. 17898; pubd. Apr. 4; C. H. O. O’Riordan,
254 4001 211 43 London.
535 4005 255 49 (33-18364)
