2582 4453
1375 4121 135 53 1410

427 413 223 67 Banks,
682 414 249 55 Charles
958 414 247 58 Wilbur.

503 492 374 68 Elementary
918 493 235 68 applied
1196 493 242 68 science;
1483 514 32 33 a
1555 500 122 49 text
1717 496 148 53 book
1907 495 96 55 for
2042 516 104 36 one
2186 500 113 53 and
2340 507 115 47 two

430 570 2026 70 year courses [by] Charles Wilbur Banks … 2d ed. Text
430 649 238 68 revised,
704 650 288 68 problems
1025 652 114 52 and
1175 651 292 69 diagrams
1503 652 203 55 added.
1783 654 157 67 [New
1976 655 180 69 York]
2199 660 151 52 1933.

503 738 59 40 80
588 750 42 37 p.
689 738 141 41 illus..
865 738 178 48 diagrs.
1105 739 55 40 23
1163 741 45 21 cm

501 796 161 39 Blank
693 806 122 38 page
844 795 78 41 for
956 796 207 40 “Notes”
1206 796 105 49 (80)

435 860 51 53 ©
525 866 126 47 Sept.
689 867 68 45 18,
793 866 113 40 1933;
972 867 66 40 2c.
1075 868 97 38 and
1207 867 82 40 aff.
1326 868 103 40 Oct.
1464 869 54 46 4;
1553 868 42 39 A
1628 868 172 48 66455;
1839 870 48 41 C,
1925 872 71 39 W.
2032 872 182 47 Banks,
2251 873 205 42 Newton

507 922 293 49 Highlands,
837 924 133 39 Mass
1056 924 283 47 (33-29131)

427 1039 280 68 Bennett,
743 1041 266 67 Charles,
1045 1045 173 50 1901-

502 1117 1950 80 Scientific salesmanship, by Charles Bennett … and Readings
429 1196 1998 150 in salesmanship … St. Louis, Mo., American efficiency bureau, 1933.
505 1351 692 51 xxi, [1] p., 1 l., 702 p. 23½cm.
507 1424 135 40 Each
671 1426 113 47 part
812 1426 236 47 preceded
1074 1425 65 48 by
1167 1425 240 40 half-title
1435 1428 85 38 not
1547 1425 228 44 included
1803 1428 50 39 in
1881 1428 84 40 the
1989 1428 193 49 paging.

508 1481 1944 52 “Parts I and II … were offered as a dissertation in partial fulfillment
436 1539 52 41 of
511 1540 83 40 the
617 1539 356 49 requirements
995 1539 79 41 for
1097 1542 82 39 the
1202 1541 174 47 degree
1400 1540 51 41 of
1475 1540 169 41 doctor
1669 1541 51 40 of
1743 1541 289 49 philosophy
2057 1542 128 40 from
2213 1543 69 43 St.
2306 1543 147 41 Louis

434 1596 514 49 university.”—Pref.

508 1653 277 50 “Readings
825 1654 50 40 in
913 1654 390 49 salesmanship”
1342 1654 90 41 has
1471 1654 182 50 special
1692 1658 126 46 t.-p.:
1859 1655 271 49 Appendix,
2171 1656 283 49 containing

433 1711 87 41 314
543 1713 212 40 selected
781 1713 199 40 articles
1006 1714 59 47 by
1091 1712 199 42 various
1316 1712 195 41 writers
1538 1713 248 48 reprinted
1813 1714 96 39 and
1935 1713 213 48 adapted
2171 1714 61 47 by
436 1713 2000 97 permission

570 1770 52 40 of
649 1771 83 39 the
761 1770 277 49 publishers
1067 1771 96 39 and
1192 1769 185 43 offered
1405 1780 54 30 as
1490 1781 27 29 a
1547 1770 251 40 reference
1824 1770 124 40 book
1975 1768 52 42 of
2055 1771 398 48 supplementary

433 1826 2005 110 Readings in salesmanship, by Charles Bennett … St. Louis, Mo., American efficiency bureau [1933]
505 1941 300 50 “Suggested
833 1943 256 41 collateral
1117 1941 287 50 readings”:
1435 1954 43 37 p.
1507 1941 220 42 701-702.

436 2009 1882 53 © Sept. 26, 1933; 2c. and aff. Oct. 2; A 66371; C. Bennett, St. Louis.
515 2070 284 50 (33-29155)

431 2192 210 64 Berry,
670 2191 266 55 Violetta
965 2191 312 57 Lansdale.

500 2268 122 53 The
648 2276 166 61 great
840 2269 132 54 blue
995 2270 177 52 heron
1205 2270 113 53 and
1347 2270 164 53 other
1540 2287 210 50 poems,
1778 2268 75 67 by
1880 2267 256 55 Violetta
2163 2265 287 54 Lansdale

435 2347 198 64 Berry.
709 2347 141 53 New
892 2347 181 68 York,
1111 2348 261 67 London,
1412 2347 70 55 G.
1521 2348 66 52 P.
1629 2345 299 55 Putnam’s
1966 2363 148 48 sons,
2155 2348 152 50 1933.

506 2421 85 39 112
621 2434 44 37 p.
726 2421 56 40 21
786 2423 44 22 cm
835 2454 9 8 .

435 2487 53 53 ©
517 2493 127 48 Sept.
671 2492 69 48 29,
767 2492 113 41 1933;
936 2493 67 40 2c.
1031 2493 103 40 Oct.
1160 2492 81 42 16;
1270 2491 80 41 aff.
1380 2493 102 41 Oct.
1510 2493 81 46 17;
1621 2492 40 39 A
1686 2492 171 46 65674;
1889 2491 52 41 G.
1969 2492 50 38 P.
2048 2490 253 41 Putnam’s
2328 2500 125 30 sons.

515 2550 283 48 (33-29917)

433 2667 122 53 The
587 2669 145 53 Best
765 2669 226 52 British
1022 2669 163 53 short
1213 2668 219 67 stories,
1467 2671 151 65 1933,
1652 2668 113 52 and
1796 2668 95 52 the
1924 2667 306 54 Yearbook
2260 2665 64 54 of
2355 2666 96 51 the

505 2746 243 69 British,
779 2748 174 68 Irish,
984 2748 113 52 and
1128 2747 247 55 colonial
1403 2748 161 52 short
1592 2752 176 62 story.
1845 2746 215 53 Edited
2089 2746 78 68 by
2195 2744 257 54 Edward

504 2829 55 53 J.
594 2826 268 56 O’Brien.
940 2828 217 52 Boston
1190 2828 112 53 and
1334 2829 139 52 New
1506 2826 181 67 York,
1714 2826 324 68 Houghton
2068 2821 205 57 Mifflin
502 2842 1925 128 company;
721 2905 367 65 Cambridge,
1117 2907 121 53 The
1267 2905 301 55 Riverside
1597 2925 175 45 press,
1802 2908 152 50 1933.

501 2983 98 47 xiv,
633 2982 89 40 256
754 2993 43 37 p.
859 2982 56 39 21½
949 2985 15 20 cm
998 3015 8 7 .

437 3049 53 53 ©
531 3054 101 40 Oct.
674 3053 69 47 18,
782 3052 114 40 1933;
964 3053 66 39 2c.
1072 3053 96 39 and
1208 3051 82 41 aff.
1332 3052 103 40 Oct.
1475 3051 83 46 23;
1601 3051 41 38 A
1681 3049 172 47 65776;
1896 3048 212 40 Edward
2150 3048 41 40 J.
2235 3045 220 49 O’Brien,

506 3109 203 47 Oxford,
740 3110 238 47 England.

430 3227 276 65 Buehler,
738 3228 154 53 Ezra
927 3225 327 69 Christian,
1288 3245 181 51 comp.

566 3295 1887 77 … American vs. British system of radio control, compiled
433 3379 2021 75 by E. C. Buehler … New York, The H. W. Wilson company,
432 3468 153 49 1933.

503 3538 85 41 361
616 3550 42 37 p.
719 3537 59 41 20
780 3540 44 22 cm
829 3569 10 9 .
909 3537 127 49 (The
1063 3537 250 41 reference
1340 3535 143 49 shelf,
1511 3537 92 39 vol.
1727 3566 9 16 VIII,
1763 3545 77 30 no.
1866 3531 81 49 10)

503 3595 381 50 Bibliography:
915 3607 44 37 p.
991 3594 192 51 [25]-50.

435 3663 53 53 ©
519 3669 127 47 Sept.
676 3669 68 41 18.
774 3668 141 46 1933;
945 3668 66 40 2c.
1045 3666 129 49 Sept.
1201 3665 84 48 30;
1317 3665 81 42 aff.
1433 3665 127 48 Sept.
1591 3665 82 45 27;
1706 3664 38 38 A
1773 3661 172 47 66391;
1977 3661 61 40 H.
2068 3661 71 39 W.
2170 3659 186 41 Wilson
2387 3666 69 33 co.

513 3725 283 48 (33-27353)

428 3838 374 67 Butterfield,
834 3842 199 65 Emily
1063 3841 205 65 Helen,
1302 3844 174 51 1884-

501 3920 123 53 The
662 3937 195 51 young
894 3918 249 72 people’s
1178 3924 159 63 story
1379 3916 64 55 of
1481 3915 394 66 architecture,
1915 3911 75 70 by
2030 3909 197 71 Emily
2265 3908 186 53 Helen

429 3997 362 68 Butterfield,
864 4040 10 10 A.
932 4041 10 10 I.
1017 4042 10 10 A.;
1091 3999 141 54 with
1264 4014 105 35 one
1398 3994 265 55 hundred
1696 3991 113 54 and
1841 3990 199 70 eighty
2071 3986 382 57 illustrations
