2575 4405
1093 4115 97 49 135

106 489 227 63 Horler,
367 488 255 63 Sydney.

176 566 120 53 The
322 583 132 34 man
484 563 126 53 who
638 561 178 54 shook
842 561 98 52 the
966 559 179 53 earth.

189 639 83 47 (In
298 633 227 51 Thriller,
555 632 114 43 Jan.
699 634 70 48 14,
801 631 145 50 1933)

115 699 1978 113 © 1c. Mar. 6, 1933; A ad int. 17506; pubcl. Jan. 7; S. Horler, Bournemouth, England.
110 867 389 65 Hovelacque,
532 865 220 65 André,
788 869 171 50 1880-

109 936 1977 155 … Ostéologie … fase. 1. Membre thoracique: membre abdominal. Paris, G. Doin & c ie , 1932.
182 1093 1116 55 2 p. l., 253, [1] p. illus. (part col.) 27 cm .
187 1156 63 40 At
275 1156 125 39 head
426 1154 51 40 of
503 1154 108 40 title:
666 1154 53 38 A.
748 1153 324 46 Hovelacque.

116 1218 1888 58 © Oct. 3, 1932; 1c. Dec. 29; A-Foreign 19081; Gaston Doin & cie.
193 1284 250 48 (33-4026)

115 1386 220 65 Huber,
366 1387 141 53 Otto
537 1385 264 64 Charles,
833 1389 172 49 1884-

185 1465 235 55 Outline
453 1465 64 52 of
550 1463 244 69 hygiene
827 1464 112 51 and
972 1481 151 34 some
1155 1460 65 54 of
1251 1462 95 52 the
1380 1479 155 35 more
1566 1479 257 34 common
1857 1459 260 68 diseases,

116 1538 2002 74 by O. C. Huber … Chicago, Ill., Pub. for Worsham college
116 1621 664 67 of embalming [ c 1933]
188 1693 588 50 2 p. l., 7-229 p. 23 cm .
190 1751 381 49 "Reference[s]”:
631 1751 61 40 2d
721 1750 187 49 prelim,
940 1748 116 42 leaf.

124 1821 51 52 ©
206 1825 109 39 Jan.
345 1824 69 46 30,
444 1823 140 46 1933;
614 1822 68 40 2c.
712 1823 95 38 and
839 1821 80 39 aff.
952 1821 110 40 Feb.
1092 1821 54 45 4;
1179 1821 41 38 A
1248 1819 170 47 60166;
1452 1820 258 40 Worsham
1740 1819 178 47 college
1950 1819 51 40 of
192 1830 1913 99 embalming.
489 1879 251 49 (33-3680)

117 1984 250 64 Hutton,
399 1984 71 55 A.
501 1984 53 55 J.
585 1981 218 66 White,
838 1982 171 55 1877-

191 2057 1872 69 The law of wills in Pennsylvania, by A. J. White Hutton …
122 2138 264 68 Newark,
413 2138 70 54 N.
511 2138 76 67 J.,
615 2137 188 68 Soney
829 2139 46 51 &
903 2136 150 69 Sage
1080 2155 99 49 co.,
1209 2140 151 49 1933.

190 2222 46 38 x,
264 2212 87 41 598
377 2223 41 38 p.
479 2212 57 39 24
537 2214 45 21 cm
587 2244 8 8 .

127 2278 51 54 ©
208 2282 109 39 Jan.
346 2282 70 48 14,
446 2281 113 40 1933;
617 2280 68 40 2c.
715 2281 95 39 and
842 2279 81 41 aff.
954 2280 108 39 Jan.
1094 2279 82 47 19;
1209 2280 41 38 A
1278 2278 171 48 58941;
1485 2279 155 47 Soney
1669 2279 36 40 &
1738 2279 124 47 Sage
1891 2287 66 32 co.

204 2339 250 48 (33-3603)

121 2440 247 55 Indiana
400 2442 158 52 three
586 2441 60 52 in
679 2460 103 33 one
812 2440 212 53 service;
1089 2460 30 33 a
1154 2439 346 55 cumulative
1530 2440 212 53 service
1772 2440 187 53 which

193 2457 1904 130 supplements
501 2520 95 52 the
626 2519 214 68 digests
872 2524 240 48 statutes
1145 2519 113 52 and
1286 2523 158 49 notes
1474 2524 59 48 to
1563 2519 251 53 Indiana
1847 2518 277 54 decisions

255 2596 1563 70 … Prepared by Daniel W. Crockett, assisted by
1853 2598 97 54 the
193 2597 1907 131 publishers’
445 2676 266 52 editorial
745 2673 151 57 staff.
974 2679 135 48 1932
1145 2677 212 51 annual
1391 2677 240 52 volume.
1706 2677 420 69 Indianapolis,

193 2755 121 52 The
345 2754 443 54 Bobbs-Merrill
817 2772 280 51 company
1132 2787 13 34 [
1150 2760 18 21 c
1173 2758 152 64 1933]

200 2827 523 50 1 p. l., 488 p 26 cm .
133 2881 51 53 ©
212 2887 109 39 Jan.
346 2885 69 47 27,
443 2883 140 48 1933;
612 2884 66 40 2c.
707 2886 94 38 and
829 2884 82 40 aff.
940 2885 110 39 Feb.
1077 2883 52 48 2;
1159 2885 41 38 A
1227 2884 143 41 60139;
1427 2885 369 40 Bobbs-Merrill
1824 2897 68 30 co.

131 2987 275 67 Jackson,
437 2988 227 65 George
691 2987 224 66 Pullen,
947 2989 135 55 1874-

199 3066 194 55 White
430 3065 296 69 spirituals
764 3066 59 52 in
860 3066 96 52 the
992 3065 271 54 southern
1298 3066 275 68 uplands;
1612 3066 97 54 the
1743 3071 158 66 story
1938 3068 64 53 of
2037 3068 96 55 the

135 3145 182 53 fasola
355 3144 141 63 folk,
532 3144 150 52 their
718 3162 188 50 songs,
942 3142 277 70 singings,
1258 3145 114 52 and
1407 3144 369 53 “buckwheat
1812 3147 211 68 notes”,
2058 3148 77 68 by

133 3223 220 68 George
410 3221 204 53 Pullen
673 3221 268 54 Jackson.
1018 3221 219 68 Chapel
1293 3221 148 70 Hill,
1497 3223 122 53 The
1675 3224 339 71 University
2070 3226 64 53 of

133 3302 186 53 North
348 3300 270 55 Carolina
645 3318 175 49 press,
850 3303 148 49 1933.

205 3373 1930 54 xv p., 2 l., 3-444 p. front., illus. (incl. music) plates, ports., facsims.
145 3434 134 49 (incl.
304 3430 178 48 music)
550 3431 57 39 24
609 3433 43 21 cm
659 3462 9 9 .

207 3490 225 40 Includes
463 3486 168 42 music.

207 3546 348 47 Bibliography:
612 3555 42 37 p.
682 3544 208 40 434-436;
946 3544 132 41 “List
1106 3545 53 39 of
1186 3556 118 37 song
1329 3546 148 41 books
1504 3546 50 41 in
1582 3548 85 41 the

140 3548 1978 111 four-shape notation’: p. [25]; “Important seven-shape song books … 1832 … [to] 1878”:
139 3673 41 36 p.
209 3661 84 40 323;
353 3660 272 40 “Southern
652 3656 204 42 musical
884 3658 317 48 periodicals”:
1261 3671 42 37 p.
1332 3660 100 42 389.

143 3715 51 52 ©
226 3719 110 39 Jan.
365 3718 70 45 31,
466 3716 113 41 1933;
637 3716 67 40 2c.
737 3717 110 38 Feb.
880 3717 25 38 1;
967 3716 82 40 aff.
1081 3717 111 40 Feb.
1223 3718 26 40 3;
1309 3719 41 38 A
1382 3718 142 41 59265;
1584 3722 284 49 University
1900 3724 50 40 of
1982 3726 156 39 North

212 3775 226 40 Carolina
472 3784 150 37 press.
693 3772 251 48 (33-3792)

141 3876 298 66 Jameson,
471 3876 218 64 Storm,
723 3876 171 54 1897-

211 3954 240 53 Women
504 3952 228 69 against
782 3971 130 36 men
970 3986 14 34 [
987 3952 93 70 by]
1142 3952 193 57 Storm
1388 3956 287 55 Jameson.
1767 3960 139 54 New
1963 3963 179 69 York,

143 4030 69 53 A.
239 4032 71 53 A.
336 4030 225 69 Knopf,
590 4033 150 51 1933.
