2582 4453
1395 4133 136 51 1504

520 518 324 41 Interleaved.

521 575 163 40 “First
713 574 227 42 edition.”

521 631 349 41 “References”:
929 642 43 37 p.
998 631 104 42 xiii.

451 687 51 52 ©
534 691 101 41 Oct.
725 722 7 16 18,
761 690 114 41 1933;
933 691 67 40 2c.
1029 692 96 38 and
1155 690 80 41 aff.
1267 691 102 40 Oct.
1398 691 82 47 20;
1510 691 41 39 A
1579 691 143 41 66713;
1782 692 199 49 Harper
2005 692 37 41 &
2070 693 126 40 bros.

528 747 282 49 (33-31124)

446 850 274 67 Haebler,
753 852 261 64 Konrad,
1051 851 172 55 1857-

518 928 123 54 The
682 929 173 70 study
897 929 64 53 of
1003 928 366 69 incunabula,
1411 929 76 70 by
1531 930 244 53 Konrad
1820 929 282 69 Haebler;
2149 930 317 54 translated

449 1007 153 53 from
629 1008 97 53 the
754 1007 252 56 German
1036 1008 75 70 by
1139 1008 159 69 Lucy
1328 1008 264 70 Eugenia
1623 1008 285 69 Osborne;
1942 1009 142 52 with
2115 1027 32 35 a
2179 1007 288 56 foreword

447 1086 75 70 by
554 1086 216 54 Alfred
801 1087 91 54 W.
924 1087 257 54 Pollard.
1253 1087 141 53 New
1427 1087 180 68 York,
1642 1088 123 53 The
1798 1086 229 57 Grolier
2061 1087 147 69 club,
2245 1090 152 51 1933.

517 1160 83 40 xvi
626 1171 56 38 p.,
712 1161 24 38 1
784 1192 23 17 l.,
834 1160 99 47 241,
967 1161 55 50 [1]
1049 1170 43 39 p.
1153 1160 57 39 24
1214 1163 14 21 cm
1262 1193 8 8 .

522 1217 131 43 “One
680 1219 52 40 of
759 1228 62 31 an
848 1218 185 42 edition
1063 1218 53 41 of
1142 1219 138 41 three
1307 1219 224 41 hundred
1559 1220 97 40 and
1685 1217 112 50 fifty
1826 1218 160 49 copies
2016 1229 59 30 on
2106 1217 199 50 antique
2335 1228 133 32 wove

451 1286 86 38 rag
558 1275 194 49 paper.”

521 1333 324 41 “Translated
875 1333 128 40 from
1033 1334 82 40 the
1146 1332 209 42 German
1388 1332 185 42 edition
1604 1333 52 41 of
1685 1332 130 50 1925,
1843 1333 88 41 but
1962 1333 244 41 embodies
2239 1333 102 41 also
450 1343 2001 88 certain
592 1391 238 40 revisions
867 1391 52 40 of
957 1391 82 40 the
1074 1393 106 38 text
1217 1392 140 40 made
1393 1391 62 46 by
1493 1391 82 41 the
1613 1391 182 40 author
1827 1390 51 40 in
1915 1389 554 43 1932.”—Translators

449 1450 124 46 note,
598 1458 44 38 p.
668 1448 103 40 xiii.

453 1503 53 53 ©
538 1508 100 40 Oct.
670 1507 70 47 25,
772 1507 114 41 1933;
946 1508 66 39 2c.
1047 1508 102 40 Oct.
1179 1507 84 42 27;
1297 1507 82 40 aff.
1414 1508 100 40 Oct.
1546 1507 84 47 28;
1663 1508 42 38 A
1735 1506 171 48 65869;
1942 1507 192 41 Grolier
2165 1507 109 41 club
2307 1507 51 39 of
2390 1506 82 42 the

519 1565 100 47 city
647 1565 52 40 of
727 1565 118 40 New
874 1565 146 39 York.
1093 1564 284 49 (33-31237)

449 1671 168 65 Held,
651 1670 176 67 John,
862 1674 173 51 1889-

524 1747 342 71 Crosstown,
907 1748 74 69 by
1022 1748 157 54 John
1221 1747 174 70 Held,
1435 1746 70 69 jr.
1586 1747 136 55 New
1770 1746 178 70 York,
1988 1746 121 52 The
2150 1746 315 68 Vanguard

449 1844 174 50 press,
658 1829 150 49 1933.

520 1898 625 46 4 p. l., 3-312 p. 19½ cm .
453 1956 51 52 ©
538 1961 100 40 Oct.
670 1959 67 48 19,
770 1959 114 41 1933;
945 1960 67 39 2c.
1044 1961 96 38 and
1171 1959 81 41 aff.
1286 1960 102 40 Oct.
1419 1960 83 45 31;
1535 1958 40 39 A
1606 1959 171 47 65898;
1810 1960 268 47 Vanguard
2109 1969 151 38 press,
2292 1959 92 40 inc.

529 2017 283 49 (33-31312)

448 2109 225 65 Henry,
707 2110 229 64 George
969 2106 337 68 McClellan,
1343 2107 173 55 1877-

521 2186 218 69 Equity
765 2183 366 69 jurisdiction
1158 2185 112 54 and
1297 2184 250 71 practice
1573 2185 58 52 in
1657 2183 443 70 Pennsylvania,
2125 2183 73 68 by
2226 2182 134 55 Geo.
2386 2184 80 52 M.

452 2261 1844 72 Henry … Newark, N. J., Soney & Sage company, 1933.
522 2337 64 48 xi,
622 2336 86 41 397
741 2348 42 37 p.
848 2336 56 39 24
908 2339 43 21 cm
958 2369 6 7 .

454 2394 51 52 ©
537 2399 101 40 Oct.
667 2398 69 47 26,
767 2398 113 40 1933;
938 2398 67 39 2c.
1037 2397 102 40 Oct.
1168 2397 83 46 28;
1283 2396 82 41 aff.
1396 2397 101 40 Oct.
1527 2396 83 47 39;
1641 2397 42 38 A
1711 2396 172 47 66797;
1918 2396 157 48 Soney
2104 2396 36 40 &
2172 2397 122 46 Sage
2323 2406 67 30 co.

531 2456 281 48 (33-31309)

451 2545 260 66 Herwig,
749 2547 211 64 Franz,
999 2546 174 52 1880-

523 2624 117 54 Der
681 2640 190 51 grosse
914 2622 241 69 bischof,
1198 2640 199 34 roman
1439 2638 110 35 von
1595 2621 188 54 Franz
1829 2620 256 68 Herwig.
2166 2620 167 53 Bonn
2379 2637 88 35 am

454 2703 203 68 Rhein,
692 2702 161 52 Buch
859 2699 312 70 gemeinde,
1210 2702 150 50 1930.

523 2771 1944 52 2 p. l., 339, [1] p. front, (port.) 19 cm . (Half-title: Buchgemeinde
453 2834 151 39 Bonn.
665 2832 389 40 Unterhaltende
1083 2828 393 42 Schriftenreihe.
1533 2830 40 41 2.
1604 2830 101 47 bd.)

455 2889 2018 54 © June 30, 1930; 1c. Mar. 19, 1931; A-Foreign 21943; Verlag der
525 2950 403 50 Buchgemeinde.
1002 2948 282 48 (33-31637)

449 3041 248 66 Hillyer,
732 3040 224 55 Robert
991 3040 286 64 Silliman,
1317 3042 173 50 1895-

522 3123 123 52 The
684 3120 272 54 collected
994 3137 158 35 verse
1191 3118 63 55 of
1294 3117 218 53 Robert
1547 3116 250 69 Hillyer.
1893 3117 139 53 New
2072 3117 180 69 York,
2290 3116 73 53 A.
2400 3116 71 53 A.

452 3199 226 69 Knopf,
707 3202 151 50 1933.

521 3269 812 53 7 p. l., 3-190, vii, [1] p. 19½ cm .
524 3330 162 41 “First
720 3329 228 42 edition.”

457 3386 51 52 ©
546 3389 101 40 Oct.
684 3388 68 39 20.
791 3387 139 45 1933;
970 3387 66 38 2c.
1073 3386 97 39 and
1207 3384 81 41 aff.
1327 3384 102 40 Oct.
1466 3384 46 38 21;
1587 3383 40 39 A
1664 3383 170 46 66735;
1874 3383 183 39 Robert
2093 3381 207 48 Hillyer,
526 3381 1929 112 Cambridge,
742 3447 147 37 Mass.
962 3442 282 49 (33-30817)

453 3540 179 61 Hoyt,
662 3536 227 53 Roland
920 3536 279 54 Stewart.

452 3605 2017 155 Planting lists for Southern California, a handbook of ornamental plants … [by] Roland Stewart Hoyt … [Los Angeles,
453 3772 120 53 The
601 3770 344 69 Livingston
975 3787 175 50 press,
1179 3774 17 21 c
1203 3770 152 64 1933]

524 3841 681 51 1 p. l., v-x, 289 p. 23½ cm .
529 3902 130 42 “One
688 3902 52 40 of
770 3914 24 28 a
827 3901 151 41 series
1005 3900 52 40 of
1084 3900 169 40 fifteen
1282 3898 187 41 studies
1499 3897 230 49 designed
1761 3900 47 38 to
1839 3895 199 43 localize
2069 3896 79 40 the
2176 3895 213 48 problem
2419 3894 51 40 of

455 3959 222 48 planting
706 3959 48 39 in
786 3959 82 41 the
897 3957 179 42 United
1108 3955 207 43 States.”

459 4013 51 49 ©
541 4017 118 43 Aug.
691 4017 68 41 15.
792 4016 138 41 1933;
962 4017 66 37 2c.
1059 4015 93 39 and
1184 4013 80 40 aff.
1298 4014 118 45 Aug.
1448 4013 80 40 19;
1563 4012 35 38 A
1633 4012 142 39 65274;
1837 4010 285 48 Livingston
2155 4018 149 39 press.

538 4073 281 49 (33-31253)
