<alto xmlns="http://www.loc.gov/standards/alto/ns-v3#" xmlns:xlink="http://www.w3.org/1999/xlink" xmlns:xsi="http://www.w3.org/2001/XMLSchema-instance" xsi:schemaLocation="http://www.loc.gov/standards/alto/ns-v3# http://www.loc.gov/alto/v3/alto-3-0.xsd"><Description>
<MeasurementUnit>pixel</MeasurementUnit>
<sourceImageInformation>
<fileName>1933_v1_Part1.pdf</fileName>
</sourceImageInformation>
<OCRProcessing ID="IdOcr">
<ocrProcessingStep>
<processingDateTime>2019-01-03</processingDateTime>
<processingSoftware>
<softwareCreator>ABBYY</softwareCreator>
<softwareName>ABBYY Recognition Server</softwareName>
<softwareVersion>4.0</softwareVersion>
</processingSoftware>
</ocrProcessingStep>
</OCRProcessing>
</Description>
<Styles>
<ParagraphStyle ID="StyleId-FFFFFFFF-FFFF-FFFF-FFFF-FFFFFFFFFFFF-" ALIGN="Left" LEFT="0." RIGHT="0." FIRSTLINE="0."/>
<ParagraphStyle ID="StyleId-6EF5737A-DCEB-4126-A0CF-C5930BF7166A-" ALIGN="Left" LEFT="0." RIGHT="0." FIRSTLINE="0." LINESPACE="8.300000191"/>
<ParagraphStyle ID="StyleId-2DE44258-FD0B-41E1-B542-087C989B01A3-" ALIGN="Left" LEFT="0." RIGHT="0." FIRSTLINE="0." LINESPACE="12.19999981"/>
<ParagraphStyle ID="StyleId-CE3D254A-29D7-4DD7-B5F1-E0FC0EF29B05-" ALIGN="Left" LEFT="0." RIGHT="0." FIRSTLINE="-14." LINESPACE="8.619999886"/>
<ParagraphStyle ID="StyleId-C0E3A137-CE4F-4287-8A90-B599106709D0-" ALIGN="Left" LEFT="0." RIGHT="0." FIRSTLINE="-14." LINESPACE="12.19999981"/>
<ParagraphStyle ID="StyleId-50F26F0C-05DA-4C19-BA58-7A6AC4499BEE-" ALIGN="Left" LEFT="0." RIGHT="0." FIRSTLINE="-14." LINESPACE="11.06999969"/>
<ParagraphStyle ID="StyleId-5DDE65AF-512C-41E2-9B8E-095D6D99EF68-" ALIGN="Center" LEFT="0." RIGHT="0." FIRSTLINE="0." LINESPACE="11.89999962"/>
<ParagraphStyle ID="StyleId-0A81D7A5-6A62-4C52-915E-7768974C704D-" ALIGN="Left" LEFT="0." RIGHT="0." FIRSTLINE="0." LINESPACE="9.399999619"/>
<ParagraphStyle ID="StyleId-F7A0127F-6B48-4157-BB81-FE33E1E1A05B-" ALIGN="Block" LEFT="0." RIGHT="0." FIRSTLINE="-13." LINESPACE="10.63000011"/>
<ParagraphStyle ID="StyleId-E18C69F7-DBD7-48B1-805C-FCD96D0DA019-" ALIGN="Left" LEFT="0." RIGHT="0." FIRSTLINE="0." LINESPACE="11.64000034"/>
<ParagraphStyle ID="StyleId-98F15501-B611-4E83-8BB3-807E891F11F5-" ALIGN="Left" LEFT="0." RIGHT="0." FIRSTLINE="-14." LINESPACE="12.19999981"/>
<ParagraphStyle ID="StyleId-F4A78626-0BBC-4D12-94D9-A1AE75A9855F-" ALIGN="Left" LEFT="0." RIGHT="0." FIRSTLINE="0." LINESPACE="9.399999619"/>
<ParagraphStyle ID="StyleId-6A3F6F4C-D21B-4ADE-902F-7683F18ECEF3-" ALIGN="Left" LEFT="0." RIGHT="0." FIRSTLINE="0." LINESPACE="11.10000038"/>
</Styles>
<Layout>
<Page ID="Page317" PHYSICAL_IMG_NR="317" HEIGHT="4453" WIDTH="2540">
<TopMargin HEIGHT="457" WIDTH="2540" VPOS="0" HPOS="0">
</TopMargin>
<LeftMargin HEIGHT="3730" WIDTH="163" VPOS="457" HPOS="0">
</LeftMargin>
<RightMargin HEIGHT="3730" WIDTH="291" VPOS="457" HPOS="2249">
</RightMargin>
<BottomMargin HEIGHT="266" WIDTH="2540" VPOS="4187" HPOS="0">
</BottomMargin>
<PrintSpace HEIGHT="3730" WIDTH="2086" VPOS="457" HPOS="163">
<TextBlock ID="Page317_Block1" HEIGHT="74" WIDTH="122" VPOS="4113" HPOS="1141" LANG="en-US" STYLEREFS="StyleId-F4D02EF2-DAC3-4C3F-BAFE-4EEF8277A8BB-">
<TextLine HEIGHT="55" WIDTH="102" VPOS="4123" HPOS="1151">
<String CONTENT="317" HEIGHT="55" WIDTH="102" VPOS="4123" HPOS="1151"/>
</TextLine>
</TextBlock>
<TextBlock ID="Page317_Block2" HEIGHT="3660" WIDTH="2086" VPOS="457" HPOS="163" LANG="en-US" CS="1" STYLEREFS="StyleId-E2D00C7E-41D1-49A6-8C7B-6110E247057D-">
<Shape>
<Polygon POINTS="171,457 598,457 598,458 1047,458 1047,459 1496,459 1496,460 1945,460 1945,461 2249,461 2249,657 2248,657 2248,1106 2247,1106 2247,1555 2246,1555 2246,2004 2245,2004 2245,2453 2244,2453 2244,2902 2243,2902 2243,3350 2242,3350 2242,3799 2241,3799 2241,4117 1942,4117 1942,4116 1493,4116 1493,4115 1044,4115 1044,4114 595,4114 595,4113 163,4113 163,3796 164,3796 164,3347 165,3347 165,2898 166,2898 166,2449 167,2449 167,2000 168,2000 168,1551 169,1551 169,1103 170,1103 170,654 171,654 171,457"/>
</Shape>
<TextLine HEIGHT="68" WIDTH="946" VPOS="467" HPOS="181" STYLEREFS="StyleId-6E4BB7BC-D1CA-4A67-BBB1-0DDC377062D7-">
<String LANG="de" CONTENT="Sigerist," HEIGHT="65" WIDTH="273" VPOS="468" HPOS="181"/>
<SP HEIGHT="63" WIDTH="27" VPOS="470" HPOS="455"/>
<String LANG="en-US" CONTENT="Henry" HEIGHT="61" WIDTH="207" VPOS="470" HPOS="483"/>
<SP HEIGHT="63" WIDTH="29" VPOS="468" HPOS="691"/>
<String LANG="en-US" CONTENT="Ernst," HEIGHT="62" WIDTH="203" VPOS="468" HPOS="721"/>
<SP HEIGHT="59" WIDTH="31" VPOS="471" HPOS="925"/>
<String LANG="en-US" CONTENT="1891-" HEIGHT="52" WIDTH="170" VPOS="468" HPOS="957"/>
</TextLine>
<TextLine HEIGHT="81" WIDTH="1936" VPOS="534" HPOS="252">
<String LANG="en-US" CONTENT="Grosse" HEIGHT="55" WIDTH="207" VPOS="546" HPOS="252"/>
<SP HEIGHT="49" WIDTH="27" VPOS="549" HPOS="460"/>
<String LANG="de" CONTENT="&#228;rzte" HEIGHT="50" WIDTH="153" VPOS="548" HPOS="488"/>
<String LANG="en-US" CONTENT=";" HEIGHT="48" WIDTH="11" VPOS="563" HPOS="659"/>
<SP HEIGHT="48" WIDTH="29" VPOS="563" HPOS="671"/>
<String LANG="de" CONTENT="eine" HEIGHT="52" WIDTH="122" VPOS="545" HPOS="701"/>
<SP HEIGHT="49" WIDTH="26" VPOS="563" HPOS="824"/>
<String LANG="en-US" CONTENT="geschichte" HEIGHT="72" WIDTH="320" VPOS="541" HPOS="851"/>
<SP HEIGHT="55" WIDTH="28" VPOS="542" HPOS="1172"/>
<String LANG="de" CONTENT="der" HEIGHT="53" WIDTH="100" VPOS="542" HPOS="1201"/>
<SP HEIGHT="51" WIDTH="24" VPOS="542" HPOS="1302"/>
<String LANG="en-US" CONTENT="heilkunde" HEIGHT="56" WIDTH="310" VPOS="539" HPOS="1327"/>
<SP HEIGHT="53" WIDTH="26" VPOS="540" HPOS="1638"/>
<String LANG="en-US" CONTENT="in" HEIGHT="52" WIDTH="61" VPOS="540" HPOS="1665"/>
<SP HEIGHT="51" WIDTH="25" VPOS="541" HPOS="1727"/>
<String LANG="en-US" CONTENT="lebensbildern," HEIGHT="68" WIDTH="435" VPOS="537" HPOS="1753"/>
</TextLine>
<TextLine HEIGHT="80" WIDTH="2006" VPOS="614" HPOS="182" CS="1">
<String LANG="en-US" CONTENT="von" HEIGHT="34" WIDTH="111" VPOS="645" HPOS="182"/>
<SP HEIGHT="52" WIDTH="30" VPOS="626" HPOS="293"/>
<String LANG="en-US" CONTENT="dr." HEIGHT="53" WIDTH="87" VPOS="626" HPOS="323"/>
<SP HEIGHT="36" WIDTH="27" VPOS="643" HPOS="410"/>
<String LANG="en-US" CONTENT="med" HEIGHT="53" WIDTH="129" VPOS="623" HPOS="437"/>
<SP HEIGHT="53" WIDTH="27" VPOS="623" HPOS="566"/>
<String LANG="en-US" CONTENT="Henry" HEIGHT="67" WIDTH="206" VPOS="624" HPOS="593"/>
<SP HEIGHT="66" WIDTH="31" VPOS="625" HPOS="799"/>
<String LANG="en-US" CONTENT="E." HEIGHT="50" WIDTH="67" VPOS="625" HPOS="830"/>
<SP HEIGHT="54" WIDTH="33" VPOS="623" HPOS="897"/>
<String LANG="en-US" CONTENT="Sigerist" HEIGHT="72" WIDTH="246" VPOS="619" HPOS="930"/>
<SP HEIGHT="47" WIDTH="33" VPOS="627" HPOS="1176"/>
<String LANG="en-US" CS="1" CONTENT="&#8230;"/>
<SP HEIGHT="52" WIDTH="67" VPOS="621" HPOS="1266"/>
<String LANG="de" CONTENT="Mit" HEIGHT="53" WIDTH="119" VPOS="620" HPOS="1333"/>
<SP HEIGHT="50" WIDTH="26" VPOS="623" HPOS="1452"/>
<String LANG="en-US" CONTENT="68" HEIGHT="50" WIDTH="67" VPOS="623" HPOS="1478"/>
<SP HEIGHT="52" WIDTH="26" VPOS="621" HPOS="1545"/>
<String LANG="de" CONTENT="bildern." HEIGHT="53" WIDTH="244" VPOS="620" HPOS="1571"/>
<SP HEIGHT="53" WIDTH="65" VPOS="619" HPOS="1815"/>
<String LANG="de" CONTENT="M&#252;nchen," HEIGHT="68" WIDTH="308" VPOS="617" HPOS="1880"/>
</TextLine>
<TextLine HEIGHT="69" WIDTH="932" VPOS="701" HPOS="182">
<String CONTENT="J." HEIGHT="53" WIDTH="55" VPOS="705" HPOS="182"/>
<SP HEIGHT="51" WIDTH="30" VPOS="706" HPOS="238"/>
<String CONTENT="F." HEIGHT="50" WIDTH="64" VPOS="706" HPOS="269"/>
<SP HEIGHT="51" WIDTH="27" VPOS="704" HPOS="334"/>
<String CONTENT="Lehmanns" HEIGHT="54" WIDTH="325" VPOS="703" HPOS="362"/>
<SP HEIGHT="36" WIDTH="29" VPOS="719" HPOS="688"/>
<String CONTENT="verlag," HEIGHT="67" WIDTH="214" VPOS="702" HPOS="718"/>
<SP HEIGHT="63" WIDTH="31" VPOS="706" HPOS="933"/>
<String CONTENT="1932." HEIGHT="53" WIDTH="149" VPOS="702" HPOS="965"/>
</TextLine>
<TextLine HEIGHT="55" WIDTH="902" VPOS="772" HPOS="255" STYLEREFS="StyleId-2BFD374E-1A42-404F-A642-2CB3876F3131-">
<String CONTENT="310" HEIGHT="40" WIDTH="88" VPOS="778" HPOS="255"/>
<SP HEIGHT="47" WIDTH="24" VPOS="778" HPOS="344"/>
<String CONTENT="p." HEIGHT="37" WIDTH="44" VPOS="788" HPOS="369"/>
<SP HEIGHT="41" WIDTH="51" VPOS="776" HPOS="414"/>
<String CONTENT="front.," HEIGHT="49" WIDTH="166" VPOS="776" HPOS="466"/>
<SP HEIGHT="50" WIDTH="27" VPOS="775" HPOS="633"/>
<String CONTENT="illus.," HEIGHT="47" WIDTH="144" VPOS="775" HPOS="661"/>
<SP HEIGHT="37" WIDTH="26" VPOS="786" HPOS="806"/>
<String CONTENT="ports." HEIGHT="46" WIDTH="150" VPOS="777" HPOS="833"/>
<SP HEIGHT="41" WIDTH="56" VPOS="773" HPOS="984"/>
<String CONTENT="23" HEIGHT="41" WIDTH="54" VPOS="773" HPOS="1041"/>
<String STYLE="superscript" CONTENT="cm" HEIGHT="21" WIDTH="44" VPOS="775" HPOS="1099"/>
<String CONTENT="." HEIGHT="8" WIDTH="8" VPOS="804" HPOS="1149"/>
</TextLine>
<TextLine HEIGHT="51" WIDTH="691" VPOS="830" HPOS="258" STYLEREFS="StyleId-2BFD374E-1A42-404F-A642-2CB3876F3131-" CS="1">
<String LANG="de" CS="1" CONTENT="&#8220;Literatur&#8221;:" HEIGHT="44" WIDTH="306" VPOS="830" HPOS="258"/>
<SP HEIGHT="38" WIDTH="29" VPOS="842" HPOS="594"/>
<String LANG="en-US" CONTENT="p." HEIGHT="37" WIDTH="43" VPOS="843" HPOS="624"/>
<SP HEIGHT="29" WIDTH="31" VPOS="852" HPOS="668"/>
<String LANG="en-US" CONTENT="[295]-310." HEIGHT="50" WIDTH="249" VPOS="831" HPOS="700"/>
</TextLine>
<TextLine HEIGHT="63" WIDTH="2002" VPOS="881" HPOS="191" STYLEREFS="StyleId-2BFD374E-1A42-404F-A642-2CB3876F3131-" CS="1">
<String CONTENT="&#169;" HEIGHT="53" WIDTH="51" VPOS="887" HPOS="191"/>
<SP HEIGHT="53" WIDTH="34" VPOS="887" HPOS="243"/>
<String CONTENT="Oct." HEIGHT="41" WIDTH="100" VPOS="891" HPOS="278"/>
<SP HEIGHT="39" WIDTH="34" VPOS="890" HPOS="379"/>
<String CONTENT="27," HEIGHT="47" WIDTH="70" VPOS="890" HPOS="414"/>
<SP HEIGHT="46" WIDTH="32" VPOS="891" HPOS="485"/>
<String CONTENT="1931;" HEIGHT="48" WIDTH="140" VPOS="888" HPOS="518"/>
<SP/>
<String CS="1" CONTENT="1c."/>
<SP/>
<String CONTENT="Feb." HEIGHT="40" WIDTH="111" VPOS="890" HPOS="795"/>
<SP HEIGHT="40" WIDTH="33" VPOS="890" HPOS="907"/>
<String CONTENT="1," HEIGHT="42" WIDTH="39" VPOS="890" HPOS="941"/>
<SP HEIGHT="44" WIDTH="33" VPOS="888" HPOS="981"/>
<String CONTENT="1982;" HEIGHT="47" WIDTH="141" VPOS="885" HPOS="1015"/>
<SP HEIGHT="45" WIDTH="35" VPOS="887" HPOS="1157"/>
<!-- cceid 3C8A0044-6CF9-1014-A6CF-A82867D68027 --><String CONTENT="A-Foreign" HEIGHT="50" WIDTH="311" VPOS="885" HPOS="1193"/>
<SP HEIGHT="39" WIDTH="34" VPOS="888" HPOS="1505"/>
<String CONTENT="16055;" HEIGHT="46" WIDTH="169" VPOS="887" HPOS="1540"/>
<SP HEIGHT="46" WIDTH="38" VPOS="887" HPOS="1710"/>
<String CONTENT="J." HEIGHT="40" WIDTH="42" VPOS="887" HPOS="1749"/>
<SP HEIGHT="39" WIDTH="37" VPOS="887" HPOS="1792"/>
<String CONTENT="F." HEIGHT="40" WIDTH="51" VPOS="887" HPOS="1830"/>
<SP HEIGHT="41" WIDTH="35" VPOS="886" HPOS="1882"/>
<String CONTENT="Lehmanns" HEIGHT="41" WIDTH="275" VPOS="884" HPOS="1918"/>
</TextLine>
<TextLine HEIGHT="50" WIDTH="531" VPOS="945" HPOS="259" STYLEREFS="StyleId-2BFD374E-1A42-404F-A642-2CB3876F3131-">
<String CONTENT="verlag." HEIGHT="44" WIDTH="178" VPOS="950" HPOS="259"/>
<SP HEIGHT="48" WIDTH="70" VPOS="946" HPOS="438"/>
<String CONTENT="(A" HEIGHT="48" WIDTH="65" VPOS="946" HPOS="509"/>
<SP HEIGHT="39" WIDTH="14" VPOS="946" HPOS="575"/>
<String CONTENT="32-210)" HEIGHT="44" WIDTH="200" VPOS="945" HPOS="590"/>
</TextLine>
<TextLine HEIGHT="68" WIDTH="840" VPOS="1034" HPOS="186" STYLEREFS="StyleId-6E4BB7BC-D1CA-4A67-BBB1-0DDC377062D7-">
<String CONTENT="Sipe," HEIGHT="67" WIDTH="153" VPOS="1034" HPOS="186"/>
<SP HEIGHT="62" WIDTH="32" VPOS="1038" HPOS="340"/>
<String CONTENT="Chester" HEIGHT="59" WIDTH="250" VPOS="1034" HPOS="373"/>
<SP HEIGHT="52" WIDTH="29" VPOS="1038" HPOS="624"/>
<String CONTENT="Hale," HEIGHT="64" WIDTH="166" VPOS="1036" HPOS="654"/>
<SP HEIGHT="58" WIDTH="33" VPOS="1042" HPOS="821"/>
<String CONTENT="1880-" HEIGHT="52" WIDTH="171" VPOS="1040" HPOS="855"/>
</TextLine>
<TextLine HEIGHT="78" WIDTH="1938" VPOS="1108" HPOS="257">
<String CONTENT="Fort" HEIGHT="52" WIDTH="144" VPOS="1115" HPOS="257"/>
<SP HEIGHT="52" WIDTH="29" VPOS="1114" HPOS="402"/>
<String CONTENT="Ligonier" HEIGHT="70" WIDTH="275" VPOS="1113" HPOS="432"/>
<SP HEIGHT="34" WIDTH="32" VPOS="1132" HPOS="708"/>
<String CONTENT="and" HEIGHT="53" WIDTH="113" VPOS="1114" HPOS="741"/>
<SP HEIGHT="53" WIDTH="35" VPOS="1114" HPOS="855"/>
<String CONTENT="its" HEIGHT="53" WIDTH="74" VPOS="1114" HPOS="891"/>
<SP HEIGHT="49" WIDTH="31" VPOS="1118" HPOS="966"/>
<String CONTENT="times;" HEIGHT="68" WIDTH="195" VPOS="1112" HPOS="998"/>
<SP HEIGHT="49" WIDTH="38" VPOS="1131" HPOS="1194"/>
<String CONTENT="a" HEIGHT="34" WIDTH="31" VPOS="1132" HPOS="1233"/>
<SP HEIGHT="53" WIDTH="33" VPOS="1113" HPOS="1265"/>
<String CONTENT="history" HEIGHT="71" WIDTH="222" VPOS="1112" HPOS="1299"/>
<SP HEIGHT="52" WIDTH="34" VPOS="1131" HPOS="1522"/>
<String CONTENT="of" HEIGHT="54" WIDTH="64" VPOS="1112" HPOS="1557"/>
<SP HEIGHT="53" WIDTH="33" VPOS="1112" HPOS="1622"/>
<String CONTENT="the" HEIGHT="53" WIDTH="97" VPOS="1113" HPOS="1656"/>
<SP HEIGHT="54" WIDTH="30" VPOS="1112" HPOS="1754"/>
<String CONTENT="first" HEIGHT="54" WIDTH="128" VPOS="1112" HPOS="1785"/>
<SP HEIGHT="54" WIDTH="30" VPOS="1112" HPOS="1914"/>
<String CONTENT="English" HEIGHT="71" WIDTH="250" VPOS="1111" HPOS="1945"/>
</TextLine>
<TextLine HEIGHT="78" WIDTH="2006" VPOS="1185" HPOS="189">
<String CONTENT="fort" HEIGHT="53" WIDTH="123" VPOS="1192" HPOS="189"/>
<SP HEIGHT="48" WIDTH="21" VPOS="1197" HPOS="313"/>
<String CONTENT="west" HEIGHT="49" WIDTH="138" VPOS="1196" HPOS="335"/>
<SP HEIGHT="48" WIDTH="24" VPOS="1196" HPOS="474"/>
<String CONTENT="of" HEIGHT="54" WIDTH="65" VPOS="1190" HPOS="499"/>
<SP HEIGHT="53" WIDTH="24" VPOS="1190" HPOS="565"/>
<String CONTENT="the" HEIGHT="53" WIDTH="96" VPOS="1191" HPOS="590"/>
<SP HEIGHT="53" WIDTH="25" VPOS="1191" HPOS="687"/>
<String CONTENT="Allegheny" HEIGHT="69" WIDTH="325" VPOS="1191" HPOS="713"/>
<SP HEIGHT="53" WIDTH="23" VPOS="1208" HPOS="1039"/>
<String CONTENT="mountains" HEIGHT="53" WIDTH="330" VPOS="1191" HPOS="1063"/>
<SP HEIGHT="35" WIDTH="25" VPOS="1209" HPOS="1394"/>
<String CONTENT="and" HEIGHT="55" WIDTH="113" VPOS="1190" HPOS="1420"/>
<SP HEIGHT="54" WIDTH="27" VPOS="1191" HPOS="1534"/>
<String CONTENT="an" HEIGHT="33" WIDTH="73" VPOS="1210" HPOS="1562"/>
<SP HEIGHT="34" WIDTH="26" VPOS="1210" HPOS="1636"/>
<String CONTENT="account" HEIGHT="48" WIDTH="240" VPOS="1196" HPOS="1663"/>
<SP HEIGHT="48" WIDTH="24" VPOS="1196" HPOS="1904"/>
<String CONTENT="of" HEIGHT="56" WIDTH="66" VPOS="1188" HPOS="1929"/>
<SP HEIGHT="54" WIDTH="23" VPOS="1189" HPOS="1996"/>
<String CONTENT="many" HEIGHT="52" WIDTH="175" VPOS="1208" HPOS="2020"/>
</TextLine>
<TextLine HEIGHT="79" WIDTH="2004" VPOS="1264" HPOS="189">
<String CONTENT="thrilling," HEIGHT="70" WIDTH="284" VPOS="1269" HPOS="189"/>
<SP HEIGHT="63" WIDTH="24" VPOS="1276" HPOS="474"/>
<String CONTENT="tragic," HEIGHT="72" WIDTH="203" VPOS="1268" HPOS="499"/>
<SP HEIGHT="49" WIDTH="26" VPOS="1288" HPOS="703"/>
<String CONTENT="romantic," HEIGHT="68" WIDTH="298" VPOS="1269" HPOS="730"/>
<SP HEIGHT="70" WIDTH="27" VPOS="1268" HPOS="1029"/>
<String CONTENT="important" HEIGHT="68" WIDTH="318" VPOS="1269" HPOS="1057"/>
<SP HEIGHT="53" WIDTH="26" VPOS="1269" HPOS="1376"/>
<String CONTENT="but" HEIGHT="54" WIDTH="103" VPOS="1269" HPOS="1403"/>
<SP HEIGHT="54" WIDTH="25" VPOS="1269" HPOS="1507"/>
<String CONTENT="little" HEIGHT="54" WIDTH="151" VPOS="1268" HPOS="1533"/>
<SP HEIGHT="53" WIDTH="25" VPOS="1268" HPOS="1685"/>
<String CONTENT="known" HEIGHT="54" WIDTH="209" VPOS="1268" HPOS="1711"/>
<SP HEIGHT="37" WIDTH="27" VPOS="1286" HPOS="1921"/>
<String CONTENT="colonial" HEIGHT="54" WIDTH="244" VPOS="1268" HPOS="1949"/>
</TextLine>
<TextLine HEIGHT="76" WIDTH="2008" VPOS="1343" HPOS="188">
<String CONTENT="and" HEIGHT="51" WIDTH="114" VPOS="1349" HPOS="188"/>
<SP HEIGHT="51" WIDTH="44" VPOS="1349" HPOS="303"/>
<String CONTENT="revolutionary" HEIGHT="69" WIDTH="429" VPOS="1347" HPOS="348"/>
<SP HEIGHT="51" WIDTH="45" VPOS="1365" HPOS="778"/>
<String CONTENT="events" HEIGHT="47" WIDTH="193" VPOS="1353" HPOS="824"/>
<SP HEIGHT="56" WIDTH="44" VPOS="1345" HPOS="1018"/>
<String CONTENT="in" HEIGHT="53" WIDTH="59" VPOS="1346" HPOS="1063"/>
<SP HEIGHT="46" WIDTH="46" VPOS="1353" HPOS="1123"/>
<String CONTENT="the" HEIGHT="53" WIDTH="96" VPOS="1347" HPOS="1170"/>
<SP HEIGHT="35" WIDTH="44" VPOS="1365" HPOS="1267"/>
<String CONTENT="region" HEIGHT="71" WIDTH="198" VPOS="1346" HPOS="1312"/>
<SP HEIGHT="33" WIDTH="46" VPOS="1366" HPOS="1511"/>
<String CONTENT="where" HEIGHT="52" WIDTH="186" VPOS="1348" HPOS="1558"/>
<SP HEIGHT="48" WIDTH="44" VPOS="1352" HPOS="1745"/>
<String CONTENT="the" HEIGHT="52" WIDTH="96" VPOS="1348" HPOS="1790"/>
<SP HEIGHT="35" WIDTH="47" VPOS="1365" HPOS="1887"/>
<String CONTENT="winning" HEIGHT="70" WIDTH="261" VPOS="1346" HPOS="1935"/>
</TextLine>
<TextLine HEIGHT="76" WIDTH="2004" VPOS="1421" HPOS="190">
<String CONTENT="of" HEIGHT="54" WIDTH="64" VPOS="1424" HPOS="190"/>
<SP HEIGHT="54" WIDTH="39" VPOS="1424" HPOS="255"/>
<String CONTENT="the" HEIGHT="52" WIDTH="96" VPOS="1426" HPOS="295"/>
<SP HEIGHT="54" WIDTH="40" VPOS="1425" HPOS="392"/>
<String CONTENT="West" HEIGHT="54" WIDTH="161" VPOS="1425" HPOS="433"/>
<SP HEIGHT="56" WIDTH="40" VPOS="1423" HPOS="595"/>
<String CONTENT="began." HEIGHT="70" WIDTH="200" VPOS="1424" HPOS="636"/>
<SP HEIGHT="52" WIDTH="80" VPOS="1425" HPOS="837"/>
<String CONTENT="Based" HEIGHT="55" WIDTH="187" VPOS="1424" HPOS="918"/>
<SP HEIGHT="69" WIDTH="46" VPOS="1425" HPOS="1106"/>
<String CONTENT="primarily" HEIGHT="70" WIDTH="306" VPOS="1424" HPOS="1153"/>
<SP HEIGHT="53" WIDTH="45" VPOS="1442" HPOS="1460"/>
<String CONTENT="on" HEIGHT="35" WIDTH="73" VPOS="1443" HPOS="1506"/>
<SP HEIGHT="47" WIDTH="44" VPOS="1431" HPOS="1580"/>
<String CONTENT="the" HEIGHT="52" WIDTH="96" VPOS="1426" HPOS="1625"/>
<SP HEIGHT="53" WIDTH="44" VPOS="1425" HPOS="1722"/>
<String CONTENT="Pennsylvania" HEIGHT="70" WIDTH="427" VPOS="1424" HPOS="1767"/>
</TextLine>
<TextLine HEIGHT="75" WIDTH="1944" VPOS="1499" HPOS="190" CS="1">
<String CONTENT="archives" HEIGHT="54" WIDTH="257" VPOS="1503" HPOS="190"/>
<SP HEIGHT="35" WIDTH="35" VPOS="1522" HPOS="447"/>
<String CONTENT="and" HEIGHT="52" WIDTH="115" VPOS="1504" HPOS="482"/>
<SP HEIGHT="53" WIDTH="37" VPOS="1504" HPOS="597"/>
<String CONTENT="colonial" HEIGHT="54" WIDTH="246" VPOS="1503" HPOS="634"/>
<SP HEIGHT="52" WIDTH="36" VPOS="1503" HPOS="880"/>
<String CONTENT="records." HEIGHT="55" WIDTH="244" VPOS="1502" HPOS="916"/>
<SP HEIGHT="49" WIDTH="76" VPOS="1506" HPOS="1160"/>
<String CONTENT="1st" HEIGHT="50" WIDTH="86" VPOS="1506" HPOS="1236"/>
<SP HEIGHT="47" WIDTH="38" VPOS="1509" HPOS="1322"/>
<String CONTENT="ed." HEIGHT="53" WIDTH="87" VPOS="1503" HPOS="1360"/>
<SP HEIGHT="53" WIDTH="75" VPOS="1503" HPOS="1447"/>
<String CONTENT="By" HEIGHT="69" WIDTH="94" VPOS="1504" HPOS="1522"/>
<SP HEIGHT="70" WIDTH="38" VPOS="1503" HPOS="1616"/>
<String CONTENT="C." HEIGHT="55" WIDTH="63" VPOS="1503" HPOS="1654"/>
<SP HEIGHT="53" WIDTH="39" VPOS="1503" HPOS="1717"/>
<String CONTENT="Hale" HEIGHT="53" WIDTH="153" VPOS="1503" HPOS="1756"/>
<SP HEIGHT="57" WIDTH="42" VPOS="1502" HPOS="1909"/>
<String CONTENT="Sipe" HEIGHT="69" WIDTH="138" VPOS="1503" HPOS="1951"/>
<SP HEIGHT="34" WIDTH="45" VPOS="1522" HPOS="2089"/>
<String CS="1" CONTENT="&#8230;"/>
</TextLine>
<TextLine HEIGHT="140" WIDTH="1979" VPOS="1576" HPOS="191" CS="1">
<String CONTENT="For" HEIGHT="52" WIDTH="116" VPOS="1582" HPOS="191"/>
<SP HEIGHT="36" WIDTH="20" VPOS="1599" HPOS="308"/>
<String CONTENT="schools," HEIGHT="67" WIDTH="236" VPOS="1582" HPOS="329"/>
<SP HEIGHT="49" WIDTH="23" VPOS="1600" HPOS="566"/>
<String CONTENT="colleges," HEIGHT="70" WIDTH="258" VPOS="1580" HPOS="590"/>
<SP HEIGHT="67" WIDTH="22" VPOS="1581" HPOS="849"/>
<String CONTENT="libraries" HEIGHT="56" WIDTH="264" VPOS="1579" HPOS="872"/>
<SP HEIGHT="35" WIDTH="24" VPOS="1599" HPOS="1137"/>
<String CONTENT="and" HEIGHT="53" WIDTH="113" VPOS="1581" HPOS="1162"/>
<SP HEIGHT="53" WIDTH="24" VPOS="1581" HPOS="1276"/>
<String CONTENT="lovers" HEIGHT="54" WIDTH="186" VPOS="1581" HPOS="1301"/>
<SP HEIGHT="36" WIDTH="24" VPOS="1600" HPOS="1488"/>
<String CONTENT="of" HEIGHT="55" WIDTH="65" VPOS="1580" HPOS="1513"/>
<SP HEIGHT="53" WIDTH="23" VPOS="1580" HPOS="1579"/>
<String CONTENT="informative" HEIGHT="57" WIDTH="375" VPOS="1579" HPOS="1603"/>
<SP HEIGHT="54" WIDTH="22" VPOS="1582" HPOS="1979"/>
<String CONTENT="literature." HEIGHT="138" WIDTH="1979" VPOS="1578" HPOS="191"/>
</TextLine>
<TextLine HEIGHT="75" WIDTH="1425" VPOS="1655" HPOS="399">
<String CONTENT="Harrisburg," HEIGHT="71" WIDTH="379" VPOS="1657" HPOS="399"/>
<SP HEIGHT="68" WIDTH="26" VPOS="1658" HPOS="779"/>
<String CONTENT="Pa.," HEIGHT="70" WIDTH="122" VPOS="1658" HPOS="806"/>
<SP HEIGHT="69" WIDTH="26" VPOS="1659" HPOS="929"/>
<String CONTENT="The" HEIGHT="53" WIDTH="122" VPOS="1659" HPOS="956"/>
<SP HEIGHT="53" WIDTH="27" VPOS="1659" HPOS="1079"/>
<String CONTENT="Telegraph" HEIGHT="71" WIDTH="325" VPOS="1657" HPOS="1107"/>
<SP HEIGHT="68" WIDTH="31" VPOS="1660" HPOS="1433"/>
<String CONTENT="press," HEIGHT="53" WIDTH="175" VPOS="1676" HPOS="1465"/>
<SP HEIGHT="64" WIDTH="31" VPOS="1663" HPOS="1641"/>
<String CONTENT="1932." HEIGHT="51" WIDTH="151" VPOS="1662" HPOS="1673"/>
</TextLine>
<TextLine HEIGHT="58" WIDTH="1848" VPOS="1727" HPOS="261" STYLEREFS="StyleId-2BFD374E-1A42-404F-A642-2CB3876F3131-" CS="1">
<String CONTENT="2" HEIGHT="41" WIDTH="27" VPOS="1731" HPOS="261"/>
<SP/>
<String CONTENT="p." HEIGHT="39" WIDTH="44" VPOS="1742" HPOS="315"/>
<SP HEIGHT="41" WIDTH="30" VPOS="1733" HPOS="360"/>
<String CS="1" CONTENT="l.,"/>
<SP HEIGHT="37" WIDTH="29" VPOS="1742" HPOS="435"/>
<String CONTENT="vii-xiii" HEIGHT="44" WIDTH="191" VPOS="1730" HPOS="465"/>
<SP HEIGHT="49" WIDTH="27" VPOS="1732" HPOS="657"/>
<String CONTENT="p.," HEIGHT="41" WIDTH="59" VPOS="1741" HPOS="685"/>
<SP HEIGHT="50" WIDTH="30" VPOS="1732" HPOS="745"/>
<String CONTENT="1" HEIGHT="39" WIDTH="25" VPOS="1732" HPOS="776"/>
<SP HEIGHT="40" WIDTH="30" VPOS="1731" HPOS="802"/>
<String CS="1" CONTENT="l.,"/>
<SP HEIGHT="50" WIDTH="29" VPOS="1731" HPOS="877"/>
<String CONTENT="699" HEIGHT="43" WIDTH="86" VPOS="1730" HPOS="907"/>
<SP HEIGHT="50" WIDTH="28" VPOS="1731" HPOS="994"/>
<String CONTENT="p." HEIGHT="42" WIDTH="43" VPOS="1740" HPOS="1023"/>
<SP HEIGHT="40" WIDTH="59" VPOS="1741" HPOS="1067"/>
<String CONTENT="plates," HEIGHT="50" WIDTH="172" VPOS="1731" HPOS="1127"/>
<SP HEIGHT="40" WIDTH="28" VPOS="1741" HPOS="1300"/>
<String CONTENT="ports.," HEIGHT="49" WIDTH="164" VPOS="1732" HPOS="1329"/>
<SP HEIGHT="40" WIDTH="32" VPOS="1741" HPOS="1494"/>
<String CONTENT="plans," HEIGHT="48" WIDTH="153" VPOS="1733" HPOS="1527"/>
<SP HEIGHT="48" WIDTH="29" VPOS="1732" HPOS="1681"/>
<String CONTENT="facsim." HEIGHT="43" WIDTH="192" VPOS="1731" HPOS="1711"/>
<SP HEIGHT="44" WIDTH="56" VPOS="1731" HPOS="1904"/>
<String CS="1" CONTENT="20&#189;cm." HEIGHT="44" WIDTH="148" VPOS="1731" HPOS="1961"/>
</TextLine>
<TextLine HEIGHT="57" WIDTH="2000" VPOS="1787" HPOS="199" STYLEREFS="StyleId-2BFD374E-1A42-404F-A642-2CB3876F3131-" CS="1">
<String CONTENT="&#169;" HEIGHT="53" WIDTH="52" VPOS="1787" HPOS="199"/>
<SP HEIGHT="53" WIDTH="28" VPOS="1787" HPOS="252"/>
<String CONTENT="Mar." HEIGHT="38" WIDTH="121" VPOS="1793" HPOS="281"/>
<SP HEIGHT="38" WIDTH="27" VPOS="1793" HPOS="403"/>
<String CONTENT="10." HEIGHT="40" WIDTH="68" VPOS="1791" HPOS="431"/>
<SP HEIGHT="38" WIDTH="28" VPOS="1793" HPOS="500"/>
<String CONTENT="1933;" HEIGHT="48" WIDTH="141" VPOS="1790" HPOS="529"/>
<SP HEIGHT="47" WIDTH="28" VPOS="1791" HPOS="671"/>
<String CONTENT="2c." HEIGHT="40" WIDTH="66" VPOS="1791" HPOS="700"/>
<SP HEIGHT="29" WIDTH="29" VPOS="1802" HPOS="767"/>
<String CONTENT="and" HEIGHT="38" WIDTH="95" VPOS="1793" HPOS="797"/>
<SP HEIGHT="38" WIDTH="28" VPOS="1793" HPOS="893"/>
<String CS="1" CONTENT="aff." HEIGHT="40" WIDTH="82" VPOS="1791" HPOS="922"/>
<SP HEIGHT="39" WIDTH="29" VPOS="1792" HPOS="1005"/>
<String CONTENT="Mar." HEIGHT="42" WIDTH="121" VPOS="1792" HPOS="1035"/>
<SP HEIGHT="42" WIDTH="28" VPOS="1792" HPOS="1157"/>
<String CONTENT="13;" HEIGHT="46" WIDTH="81" VPOS="1792" HPOS="1186"/>
<SP HEIGHT="45" WIDTH="30" VPOS="1793" HPOS="1268"/>
<!-- cceid 3C8AC2EF-6CF9-1014-A6CF-A82867D68027 --><String CONTENT="A" HEIGHT="38" WIDTH="41" VPOS="1793" HPOS="1299"/>
<SP HEIGHT="39" WIDTH="26" VPOS="1792" HPOS="1341"/>
<String CONTENT="59832;" HEIGHT="48" WIDTH="170" VPOS="1791" HPOS="1368"/>
<SP HEIGHT="46" WIDTH="31" VPOS="1793" HPOS="1539"/>
<String CONTENT="C." HEIGHT="40" WIDTH="49" VPOS="1793" HPOS="1571"/>
<SP HEIGHT="39" WIDTH="29" VPOS="1794" HPOS="1621"/>
<String CONTENT="H." HEIGHT="39" WIDTH="60" VPOS="1794" HPOS="1651"/>
<SP HEIGHT="41" WIDTH="31" VPOS="1792" HPOS="1712"/>
<String CONTENT="Sipe," HEIGHT="49" WIDTH="124" VPOS="1792" HPOS="1744"/>
<SP HEIGHT="48" WIDTH="29" VPOS="1793" HPOS="1869"/>
<String CONTENT="Butler," HEIGHT="48" WIDTH="186" VPOS="1791" HPOS="1899"/>
<SP HEIGHT="46" WIDTH="30" VPOS="1793" HPOS="2086"/>
<String CONTENT="Pa." HEIGHT="40" WIDTH="82" VPOS="1793" HPOS="2117"/>
</TextLine>
<TextLine HEIGHT="49" WIDTH="251" VPOS="1848" HPOS="275" STYLEREFS="StyleId-2BFD374E-1A42-404F-A642-2CB3876F3131-">
<String CONTENT="(33-6588)" HEIGHT="49" WIDTH="251" VPOS="1848" HPOS="275"/>
</TextLine>
<TextLine HEIGHT="68" WIDTH="900" VPOS="1951" HPOS="193" STYLEREFS="StyleId-6E4BB7BC-D1CA-4A67-BBB1-0DDC377062D7-">
<String CONTENT="Smith," HEIGHT="66" WIDTH="215" VPOS="1951" HPOS="193"/>
<SP HEIGHT="64" WIDTH="30" VPOS="1953" HPOS="408"/>
<String CONTENT="Helena" HEIGHT="55" WIDTH="226" VPOS="1952" HPOS="438"/>
<SP HEIGHT="54" WIDTH="29" VPOS="1953" HPOS="664"/>
<String CONTENT="Huntington." HEIGHT="67" WIDTH="400" VPOS="1952" HPOS="693"/>
</TextLine>
<TextLine HEIGHT="76" WIDTH="1937" VPOS="2026" HPOS="262">
<String CONTENT="Damned" HEIGHT="54" WIDTH="263" VPOS="2029" HPOS="262"/>
<SP HEIGHT="54" WIDTH="34" VPOS="2029" HPOS="526"/>
<String CONTENT="if" HEIGHT="53" WIDTH="53" VPOS="2029" HPOS="561"/>
<SP HEIGHT="52" WIDTH="32" VPOS="2030" HPOS="615"/>
<String CONTENT="they" HEIGHT="68" WIDTH="136" VPOS="2030" HPOS="648"/>
<SP HEIGHT="67" WIDTH="34" VPOS="2031" HPOS="785"/>
<String CONTENT="do," HEIGHT="68" WIDTH="88" VPOS="2031" HPOS="820"/>
<SP HEIGHT="49" WIDTH="35" VPOS="2050" HPOS="909"/>
<String CONTENT="a" HEIGHT="33" WIDTH="30" VPOS="2050" HPOS="945"/>
<SP HEIGHT="34" WIDTH="33" VPOS="2049" HPOS="976"/>
<String CONTENT="novel," HEIGHT="69" WIDTH="183" VPOS="2030" HPOS="1010"/>
<SP HEIGHT="67" WIDTH="32" VPOS="2032" HPOS="1194"/>
<String CONTENT="by" HEIGHT="67" WIDTH="77" VPOS="2032" HPOS="1227"/>
<SP HEIGHT="70" WIDTH="33" VPOS="2029" HPOS="1305"/>
<String CONTENT="Helena" HEIGHT="56" WIDTH="223" VPOS="2029" HPOS="1339"/>
<SP HEIGHT="53" WIDTH="32" VPOS="2032" HPOS="1563"/>
<String CONTENT="Huntington" HEIGHT="71" WIDTH="375" VPOS="2030" HPOS="1596"/>
<SP HEIGHT="55" WIDTH="36" VPOS="2031" HPOS="1972"/>
<String CONTENT="Smith" HEIGHT="56" WIDTH="190" VPOS="2030" HPOS="2009"/>
</TextLine>
<TextLine HEIGHT="73" WIDTH="1410" VPOS="2107" HPOS="254" CS="1">
<String CS="1" CONTENT="&#8230;"/>
<SP HEIGHT="54" WIDTH="77" VPOS="2107" HPOS="254"/>
<String CONTENT="New" HEIGHT="54" WIDTH="140" VPOS="2107" HPOS="332"/>
<SP HEIGHT="53" WIDTH="28" VPOS="2107" HPOS="473"/>
<String CONTENT="York," HEIGHT="70" WIDTH="179" VPOS="2107" HPOS="502"/>
<SP HEIGHT="69" WIDTH="25" VPOS="2108" HPOS="682"/>
<String CONTENT="W." HEIGHT="55" WIDTH="89" VPOS="2108" HPOS="708"/>
<SP HEIGHT="54" WIDTH="26" VPOS="2108" HPOS="798"/>
<String CONTENT="Morrow" HEIGHT="54" WIDTH="253" VPOS="2108" HPOS="825"/>
<SP HEIGHT="51" WIDTH="26" VPOS="2111" HPOS="1079"/>
<String CONTENT="&amp;" HEIGHT="51" WIDTH="50" VPOS="2111" HPOS="1106"/>
<SP HEIGHT="51" WIDTH="27" VPOS="2111" HPOS="1157"/>
<String CONTENT="company," HEIGHT="53" WIDTH="297" VPOS="2126" HPOS="1185"/>
<SP HEIGHT="68" WIDTH="29" VPOS="2112" HPOS="1483"/>
<String CONTENT="1933." HEIGHT="51" WIDTH="151" VPOS="2112" HPOS="1513"/>
</TextLine>
<TextLine HEIGHT="51" WIDTH="620" VPOS="2180" HPOS="266" STYLEREFS="StyleId-2BFD374E-1A42-404F-A642-2CB3876F3131-" CS="1">
<String CONTENT="6" HEIGHT="40" WIDTH="28" VPOS="2181" HPOS="266"/>
<SP HEIGHT="49" WIDTH="23" VPOS="2181" HPOS="295"/>
<String CONTENT="p." HEIGHT="38" WIDTH="44" VPOS="2192" HPOS="319"/>
<SP HEIGHT="40" WIDTH="26" VPOS="2182" HPOS="364"/>
<String CS="1" CONTENT="l.,"/>
<SP HEIGHT="48" WIDTH="26" VPOS="2182" HPOS="437"/>
<String CONTENT="3-341" HEIGHT="41" WIDTH="144" VPOS="2182" HPOS="464"/>
<SP HEIGHT="47" WIDTH="26" VPOS="2183" HPOS="609"/>
<String CONTENT="p." HEIGHT="38" WIDTH="43" VPOS="2192" HPOS="636"/>
<SP HEIGHT="41" WIDTH="59" VPOS="2182" HPOS="680"/>
<String CS="1" CONTENT="19&#189;" HEIGHT="41" WIDTH="58" VPOS="2181" HPOS="740"/>
<String STYLE="superscript" CONTENT="cm" HEIGHT="22" WIDTH="45" VPOS="2184" HPOS="828"/>
<String CONTENT="." HEIGHT="9" WIDTH="9" VPOS="2214" HPOS="877"/>
</TextLine>
<TextLine HEIGHT="58" WIDTH="2001" VPOS="2234" HPOS="200" STYLEREFS="StyleId-2BFD374E-1A42-404F-A642-2CB3876F3131-" CS="1">
<String CONTENT="&#169;" HEIGHT="52" WIDTH="51" VPOS="2234" HPOS="200"/>
<SP HEIGHT="52" WIDTH="25" VPOS="2234" HPOS="252"/>
<String CONTENT="Mar." HEIGHT="39" WIDTH="121" VPOS="2240" HPOS="278"/>
<SP HEIGHT="39" WIDTH="24" VPOS="2240" HPOS="400"/>
<String CONTENT="15," HEIGHT="47" WIDTH="69" VPOS="2240" HPOS="425"/>
<SP HEIGHT="46" WIDTH="24" VPOS="2241" HPOS="495"/>
<String CONTENT="1933;" HEIGHT="48" WIDTH="139" VPOS="2238" HPOS="520"/>
<SP HEIGHT="47" WIDTH="25" VPOS="2239" HPOS="660"/>
<String CONTENT="2c." HEIGHT="42" WIDTH="66" VPOS="2239" HPOS="686"/>
<SP HEIGHT="30" WIDTH="25" VPOS="2251" HPOS="753"/>
<String CONTENT="and" HEIGHT="38" WIDTH="96" VPOS="2242" HPOS="779"/>
<SP HEIGHT="38" WIDTH="24" VPOS="2242" HPOS="876"/>
<String CS="1" CONTENT="aff."/>
<SP HEIGHT="40" WIDTH="24" VPOS="2241" HPOS="984"/>
<String CONTENT="Mar." HEIGHT="39" WIDTH="120" VPOS="2241" HPOS="1009"/>
<SP HEIGHT="37" WIDTH="27" VPOS="2243" HPOS="1130"/>
<String CONTENT="17;" HEIGHT="45" WIDTH="82" VPOS="2243" HPOS="1158"/>
<SP HEIGHT="46" WIDTH="27" VPOS="2242" HPOS="1241"/>
<!-- cceid 3C8B83C3-6CF9-1014-A6CF-A82867D68027 --><String CONTENT="A" HEIGHT="38" WIDTH="40" VPOS="2242" HPOS="1269"/>
<SP HEIGHT="39" WIDTH="24" VPOS="2242" HPOS="1310"/>
<String CONTENT="59956;" HEIGHT="48" WIDTH="171" VPOS="2241" HPOS="1335"/>
<SP HEIGHT="46" WIDTH="27" VPOS="2243" HPOS="1507"/>
<String CONTENT="H." HEIGHT="39" WIDTH="59" VPOS="2243" HPOS="1535"/>
<SP HEIGHT="38" WIDTH="28" VPOS="2244" HPOS="1595"/>
<String CONTENT="H." HEIGHT="39" WIDTH="59" VPOS="2244" HPOS="1624"/>
<SP HEIGHT="40" WIDTH="29" VPOS="2243" HPOS="1684"/>
<String CONTENT="Smith," HEIGHT="49" WIDTH="171" VPOS="2242" HPOS="1714"/>
<SP HEIGHT="48" WIDTH="26" VPOS="2243" HPOS="1886"/>
<String CONTENT="New" HEIGHT="41" WIDTH="117" VPOS="2243" HPOS="1913"/>
<SP HEIGHT="39" WIDTH="25" VPOS="2245" HPOS="2031"/>
<String CONTENT="York." HEIGHT="42" WIDTH="144" VPOS="2243" HPOS="2057"/>
</TextLine>
<TextLine HEIGHT="48" WIDTH="249" VPOS="2295" HPOS="279" STYLEREFS="StyleId-2BFD374E-1A42-404F-A642-2CB3876F3131-">
<String CONTENT="(33-6478)" HEIGHT="48" WIDTH="249" VPOS="2295" HPOS="279"/>
</TextLine>
<TextLine HEIGHT="71" WIDTH="953" VPOS="2396" HPOS="192" STYLEREFS="StyleId-6E4BB7BC-D1CA-4A67-BBB1-0DDC377062D7-">
<String CONTENT="Snow," HEIGHT="68" WIDTH="190" VPOS="2396" HPOS="192"/>
<SP HEIGHT="64" WIDTH="34" VPOS="2400" HPOS="382"/>
<String CONTENT="Charles" HEIGHT="55" WIDTH="248" VPOS="2399" HPOS="416"/>
<SP HEIGHT="53" WIDTH="28" VPOS="2400" HPOS="664"/>
<String CONTENT="Horace," HEIGHT="66" WIDTH="248" VPOS="2400" HPOS="692"/>
<SP HEIGHT="59" WIDTH="35" VPOS="2407" HPOS="940"/>
<String CONTENT="1877-" HEIGHT="55" WIDTH="170" VPOS="2402" HPOS="975"/>
</TextLine>
<TextLine HEIGHT="77" WIDTH="1934" VPOS="2475" HPOS="266">
<String CONTENT="Tamer" HEIGHT="53" WIDTH="207" VPOS="2476" HPOS="266"/>
<SP HEIGHT="35" WIDTH="26" VPOS="2494" HPOS="474"/>
<String CONTENT="of" HEIGHT="54" WIDTH="66" VPOS="2475" HPOS="501"/>
<SP HEIGHT="54" WIDTH="21" VPOS="2475" HPOS="568"/>
<String CONTENT="bad" HEIGHT="55" WIDTH="113" VPOS="2475" HPOS="590"/>
<SP HEIGHT="52" WIDTH="24" VPOS="2479" HPOS="704"/>
<String CONTENT="men," HEIGHT="50" WIDTH="147" VPOS="2496" HPOS="729"/>
<SP HEIGHT="68" WIDTH="25" VPOS="2478" HPOS="877"/>
<String CONTENT="by" HEIGHT="70" WIDTH="76" VPOS="2478" HPOS="903"/>
<SP HEIGHT="71" WIDTH="29" VPOS="2477" HPOS="980"/>
<String CONTENT="Charles" HEIGHT="56" WIDTH="238" VPOS="2477" HPOS="1010"/>
<SP HEIGHT="52" WIDTH="26" VPOS="2480" HPOS="1249"/>
<String CONTENT="H." HEIGHT="53" WIDTH="78" VPOS="2480" HPOS="1276"/>
<SP HEIGHT="57" WIDTH="31" VPOS="2478" HPOS="1355"/>
<String CONTENT="Snow." HEIGHT="58" WIDTH="187" VPOS="2478" HPOS="1387"/>
<SP HEIGHT="52" WIDTH="66" VPOS="2481" HPOS="1575"/>
<String CONTENT="London," HEIGHT="69" WIDTH="259" VPOS="2481" HPOS="1642"/>
<SP HEIGHT="68" WIDTH="29" VPOS="2482" HPOS="1902"/>
<String CONTENT="J." HEIGHT="56" WIDTH="56" VPOS="2482" HPOS="1932"/>
<SP HEIGHT="54" WIDTH="28" VPOS="2483" HPOS="1989"/>
<String CONTENT="Long," HEIGHT="69" WIDTH="182" VPOS="2483" HPOS="2018"/>
</TextLine>
<TextLine HEIGHT="71" WIDTH="430" VPOS="2552" HPOS="195" CS="1">
<String CONTENT="limited" HEIGHT="56" WIDTH="223" VPOS="2552" HPOS="195"/>
<SP HEIGHT="68" WIDTH="32" VPOS="2554" HPOS="419"/>
<String CS="1" CONTENT="[1932]" HEIGHT="67" WIDTH="153" VPOS="2556" HPOS="472"/>
</TextLine>
<TextLine HEIGHT="51" WIDTH="613" VPOS="2625" HPOS="265" STYLEREFS="StyleId-2BFD374E-1A42-404F-A642-2CB3876F3131-" CS="1">
<String CONTENT="2" HEIGHT="40" WIDTH="28" VPOS="2625" HPOS="265"/>
<SP/>
<String CONTENT="p." HEIGHT="38" WIDTH="45" VPOS="2636" HPOS="317"/>
<SP HEIGHT="41" WIDTH="24" VPOS="2626" HPOS="363"/>
<String CS="1" CONTENT="l.,"/>
<SP HEIGHT="48" WIDTH="23" VPOS="2626" HPOS="433"/>
<String CONTENT="9-287" HEIGHT="43" WIDTH="147" VPOS="2626" HPOS="457"/>
<SP HEIGHT="47" WIDTH="23" VPOS="2629" HPOS="605"/>
<String CONTENT="p." HEIGHT="39" WIDTH="43" VPOS="2637" HPOS="629"/>
<SP HEIGHT="39" WIDTH="59" VPOS="2629" HPOS="673"/>
<String CS="1" CONTENT="19&#189;" HEIGHT="41" WIDTH="56" VPOS="2627" HPOS="733"/>
<String STYLE="superscript" CONTENT="cm" HEIGHT="23" WIDTH="45" VPOS="2630" HPOS="822"/>
<String CONTENT="." HEIGHT="8" WIDTH="8" VPOS="2662" HPOS="870"/>
</TextLine>
<TextLine HEIGHT="61" WIDTH="1999" VPOS="2679" HPOS="204" STYLEREFS="StyleId-2BFD374E-1A42-404F-A642-2CB3876F3131-" CS="1">
<String CONTENT="&#169;" HEIGHT="53" WIDTH="52" VPOS="2679" HPOS="204"/>
<SP/>
<String CS="1" CONTENT="1c."/>
<SP/>
<String CONTENT="Mar." HEIGHT="40" WIDTH="122" VPOS="2686" HPOS="378"/>
<SP HEIGHT="39" WIDTH="26" VPOS="2687" HPOS="501"/>
<String CONTENT="15," HEIGHT="49" WIDTH="70" VPOS="2685" HPOS="528"/>
<SP HEIGHT="46" WIDTH="26" VPOS="2688" HPOS="599"/>
<String CONTENT="1933;" HEIGHT="48" WIDTH="141" VPOS="2685" HPOS="626"/>
<SP HEIGHT="45" WIDTH="28" VPOS="2688" HPOS="768"/>
<!-- cceid 3C8C87D6-6CF9-1014-A6CF-A82867D68027 --><String CONTENT="A" HEIGHT="38" WIDTH="41" VPOS="2688" HPOS="797"/>
<SP HEIGHT="40" WIDTH="24" VPOS="2688" HPOS="839"/>
<String CONTENT="ad" HEIGHT="39" WIDTH="63" VPOS="2689" HPOS="864"/>
<SP HEIGHT="42" WIDTH="23" VPOS="2686" HPOS="928"/>
<String CONTENT="int." HEIGHT="44" WIDTH="87" VPOS="2686" HPOS="952"/>
<SP HEIGHT="43" WIDTH="27" VPOS="2688" HPOS="1040"/>
<String CONTENT="17553;" HEIGHT="47" WIDTH="170" VPOS="2689" HPOS="1068"/>
<SP HEIGHT="38" WIDTH="28" VPOS="2700" HPOS="1239"/>
<String CONTENT="pubd." HEIGHT="49" WIDTH="143" VPOS="2689" HPOS="1268"/>
<SP HEIGHT="40" WIDTH="27" VPOS="2691" HPOS="1412"/>
<String CONTENT="Jan." HEIGHT="41" WIDTH="109" VPOS="2691" HPOS="1440"/>
<SP HEIGHT="41" WIDTH="27" VPOS="2691" HPOS="1550"/>
<String CONTENT="20;" HEIGHT="46" WIDTH="81" VPOS="2691" HPOS="1578"/>
<SP HEIGHT="44" WIDTH="32" VPOS="2693" HPOS="1660"/>
<String CONTENT="C." HEIGHT="40" WIDTH="49" VPOS="2693" HPOS="1693"/>
<SP HEIGHT="39" WIDTH="27" VPOS="2693" HPOS="1743"/>
<String CONTENT="H." HEIGHT="40" WIDTH="61" VPOS="2693" HPOS="1771"/>
<SP HEIGHT="41" WIDTH="30" VPOS="2692" HPOS="1833"/>
<String CONTENT="Snow," HEIGHT="47" WIDTH="155" VPOS="2692" HPOS="1864"/>
<SP HEIGHT="45" WIDTH="29" VPOS="2694" HPOS="2020"/>
<String CONTENT="Napa," HEIGHT="46" WIDTH="153" VPOS="2694" HPOS="2050"/>
</TextLine>
<TextLine HEIGHT="50" WIDTH="466" VPOS="2741" HPOS="271" STYLEREFS="StyleId-2BFD374E-1A42-404F-A642-2CB3876F3131-">
<String CONTENT="Calif." HEIGHT="40" WIDTH="143" VPOS="2742" HPOS="271"/>
<SP HEIGHT="49" WIDTH="71" VPOS="2741" HPOS="415"/>
<String CONTENT="(33-7195)" HEIGHT="50" WIDTH="250" VPOS="2741" HPOS="487"/>
</TextLine>
<TextLine HEIGHT="81" WIDTH="2005" VPOS="2842" HPOS="197">
<String CONTENT="South" HEIGHT="55" WIDTH="188" VPOS="2842" HPOS="198"/>
<SP HEIGHT="52" WIDTH="41" VPOS="2845" HPOS="387"/>
<String CONTENT="Dakota" HEIGHT="57" WIDTH="237" VPOS="2843" HPOS="428"/>
<SP HEIGHT="35" WIDTH="42" VPOS="2865" HPOS="665"/>
<String CONTENT="and" HEIGHT="51" WIDTH="113" VPOS="2848" HPOS="707"/>
<SP HEIGHT="52" WIDTH="40" VPOS="2848" HPOS="820"/>
<String CONTENT="North" HEIGHT="54" WIDTH="189" VPOS="2848" HPOS="860"/>
<SP HEIGHT="53" WIDTH="43" VPOS="2849" HPOS="1049"/>
<String CONTENT="western" HEIGHT="47" WIDTH="239" VPOS="2855" HPOS="1092"/>
<SP HEIGHT="51" WIDTH="42" VPOS="2852" HPOS="1331"/>
<String CONTENT="digest," HEIGHT="69" WIDTH="205" VPOS="2851" HPOS="1373"/>
<SP HEIGHT="44" WIDTH="40" VPOS="2873" HPOS="1578"/>
<String CONTENT="covering" HEIGHT="69" WIDTH="271" VPOS="2853" HPOS="1618"/>
<SP HEIGHT="49" WIDTH="42" VPOS="2873" HPOS="1889"/>
<String CONTENT="all" HEIGHT="53" WIDTH="76" VPOS="2854" HPOS="1931"/>
<SP HEIGHT="52" WIDTH="42" VPOS="2856" HPOS="2007"/>
<String CONTENT="cases" HEIGHT="36" WIDTH="153" VPOS="2873" HPOS="2049"/>
</TextLine>
<TextLine HEIGHT="80" WIDTH="1932" VPOS="2923" HPOS="268">
<String CONTENT="reported" HEIGHT="65" WIDTH="265" VPOS="2925" HPOS="268"/>
<SP HEIGHT="53" WIDTH="31" VPOS="2923" HPOS="534"/>
<String CONTENT="in" HEIGHT="54" WIDTH="63" VPOS="2923" HPOS="566"/>
<SP HEIGHT="55" WIDTH="35" VPOS="2924" HPOS="630"/>
<String CONTENT="South" HEIGHT="55" WIDTH="183" VPOS="2924" HPOS="666"/>
<SP HEIGHT="52" WIDTH="35" VPOS="2927" HPOS="850"/>
<String CONTENT="Dakota" HEIGHT="54" WIDTH="229" VPOS="2926" HPOS="886"/>
<SP HEIGHT="33" WIDTH="34" VPOS="2947" HPOS="1116"/>
<String CONTENT="reports," HEIGHT="62" WIDTH="240" VPOS="2934" HPOS="1151"/>
<SP HEIGHT="65" WIDTH="33" VPOS="2931" HPOS="1392"/>
<String CONTENT="North" HEIGHT="54" WIDTH="188" VPOS="2930" HPOS="1426"/>
<SP HEIGHT="52" WIDTH="35" VPOS="2931" HPOS="1615"/>
<String CONTENT="western" HEIGHT="46" WIDTH="239" VPOS="2938" HPOS="1651"/>
<SP HEIGHT="33" WIDTH="32" VPOS="2951" HPOS="1891"/>
<String CONTENT="reporter," HEIGHT="64" WIDTH="276" VPOS="2939" HPOS="1924"/>
</TextLine>
<TextLine HEIGHT="76" WIDTH="1931" VPOS="3002" HPOS="269">
<String CONTENT="and" HEIGHT="51" WIDTH="113" VPOS="3002" HPOS="269"/>
<SP HEIGHT="52" WIDTH="30" VPOS="3002" HPOS="383"/>
<String CONTENT="all" HEIGHT="52" WIDTH="77" VPOS="3002" HPOS="414"/>
<SP HEIGHT="52" WIDTH="26" VPOS="3003" HPOS="492"/>
<String CONTENT="of" HEIGHT="53" WIDTH="63" VPOS="3002" HPOS="519"/>
<SP HEIGHT="54" WIDTH="26" VPOS="3002" HPOS="583"/>
<String CONTENT="the" HEIGHT="54" WIDTH="95" VPOS="3003" HPOS="610"/>
<SP HEIGHT="34" WIDTH="27" VPOS="3023" HPOS="706"/>
<String CONTENT="north" HEIGHT="52" WIDTH="172" VPOS="3006" HPOS="734"/>
<SP HEIGHT="52" WIDTH="29" VPOS="3006" HPOS="907"/>
<String CONTENT="western" HEIGHT="49" WIDTH="240" VPOS="3011" HPOS="937"/>
<SP HEIGHT="34" WIDTH="27" VPOS="3026" HPOS="1178"/>
<String CONTENT="states" HEIGHT="47" WIDTH="173" VPOS="3014" HPOS="1206"/>
<SP HEIGHT="33" WIDTH="29" VPOS="3028" HPOS="1380"/>
<String CONTENT="reports" HEIGHT="62" WIDTH="222" VPOS="3015" HPOS="1410"/>
<SP HEIGHT="52" WIDTH="30" VPOS="3010" HPOS="1633"/>
<String CONTENT="from" HEIGHT="52" WIDTH="153" VPOS="3010" HPOS="1664"/>
<SP HEIGHT="48" WIDTH="28" VPOS="3016" HPOS="1818"/>
<String CONTENT="the" HEIGHT="53" WIDTH="95" VPOS="3013" HPOS="1847"/>
<SP HEIGHT="34" WIDTH="27" VPOS="3032" HPOS="1943"/>
<String CONTENT="earliest" HEIGHT="54" WIDTH="229" VPOS="3014" HPOS="1971"/>
</TextLine>
<TextLine HEIGHT="82" WIDTH="1933" VPOS="3079" HPOS="268">
<String CONTENT="times," HEIGHT="69" WIDTH="181" VPOS="3079" HPOS="268"/>
<SP HEIGHT="49" WIDTH="36" VPOS="3099" HPOS="450"/>
<String CONTENT="with" HEIGHT="53" WIDTH="140" VPOS="3081" HPOS="487"/>
<SP HEIGHT="54" WIDTH="37" VPOS="3083" HPOS="628"/>
<String CONTENT="current" HEIGHT="48" WIDTH="231" VPOS="3089" HPOS="666"/>
<SP HEIGHT="48" WIDTH="34" VPOS="3089" HPOS="898"/>
<String CONTENT="cumulative" HEIGHT="54" WIDTH="345" VPOS="3085" HPOS="933"/>
<SP HEIGHT="49" WIDTH="36" VPOS="3106" HPOS="1279"/>
<String CONTENT="pocket" HEIGHT="69" WIDTH="203" VPOS="3087" HPOS="1316"/>
<SP HEIGHT="49" WIDTH="34" VPOS="3094" HPOS="1520"/>
<String CONTENT="service" HEIGHT="54" WIDTH="212" VPOS="3089" HPOS="1555"/>
<SP HEIGHT="52" WIDTH="33" VPOS="3090" HPOS="1768"/>
<String CONTENT="keeping" HEIGHT="71" WIDTH="247" VPOS="3090" HPOS="1802"/>
<SP HEIGHT="63" WIDTH="32" VPOS="3098" HPOS="2050"/>
<String CONTENT="this" HEIGHT="53" WIDTH="118" VPOS="3093" HPOS="2083"/>
</TextLine>
<TextLine HEIGHT="137" WIDTH="1908" VPOS="3157" HPOS="268" CS="1">
<String CONTENT="digest" HEIGHT="70" WIDTH="188" VPOS="3157" HPOS="269"/>
<SP HEIGHT="47" WIDTH="30" VPOS="3166" HPOS="458"/>
<String CONTENT="always" HEIGHT="70" WIDTH="210" VPOS="3160" HPOS="489"/>
<SP HEIGHT="49" WIDTH="30" VPOS="3167" HPOS="700"/>
<String CONTENT="to" HEIGHT="48" WIDTH="58" VPOS="3167" HPOS="731"/>
<SP HEIGHT="51" WIDTH="31" VPOS="3165" HPOS="790"/>
<String CONTENT="date" HEIGHT="53" WIDTH="131" VPOS="3165" HPOS="822"/>
<SP HEIGHT="33" WIDTH="36" VPOS="3185" HPOS="954"/>
<String CS="1" CONTENT="&#8230;"/>
<SP HEIGHT="55" WIDTH="79" VPOS="3166" HPOS="1047"/>
<String CONTENT="Compiled" HEIGHT="69" WIDTH="300" VPOS="3166" HPOS="1127"/>
<SP HEIGHT="52" WIDTH="33" VPOS="3167" HPOS="1428"/>
<String CONTENT="and" HEIGHT="52" WIDTH="111" VPOS="3168" HPOS="1462"/>
<SP HEIGHT="52" WIDTH="29" VPOS="3169" HPOS="1574"/>
<String CONTENT="edited" HEIGHT="53" WIDTH="190" VPOS="3170" HPOS="1604"/>
<SP HEIGHT="53" WIDTH="30" VPOS="3170" HPOS="1795"/>
<String CONTENT="by" HEIGHT="68" WIDTH="75" VPOS="3171" HPOS="1826"/>
<SP HEIGHT="63" WIDTH="29" VPOS="3176" HPOS="1902"/>
<String CONTENT="the" HEIGHT="55" WIDTH="97" VPOS="3171" HPOS="1932"/>
<SP HEIGHT="50" WIDTH="29" VPOS="3192" HPOS="2030"/>
<String CONTENT="publisher&#8217;s" HEIGHT="124" WIDTH="1908" VPOS="3170" HPOS="268"/>
</TextLine>
<TextLine HEIGHT="85" WIDTH="1689" VPOS="3238" HPOS="513" CS="1">
<String CONTENT="editorial" HEIGHT="55" WIDTH="267" VPOS="3238" HPOS="513"/>
<SP HEIGHT="52" WIDTH="25" VPOS="3243" HPOS="781"/>
<String CS="1" CONTENT="staff." HEIGHT="55" WIDTH="136" VPOS="3240" HPOS="807"/>
<SP HEIGHT="34" WIDTH="74" VPOS="3261" HPOS="958"/>
<String CONTENT="v." HEIGHT="37" WIDTH="51" VPOS="3261" HPOS="1033"/>
<SP HEIGHT="50" WIDTH="24" VPOS="3248" HPOS="1085"/>
<String CONTENT="24-26." HEIGHT="49" WIDTH="188" VPOS="3248" HPOS="1110"/>
<SP HEIGHT="54" WIDTH="76" VPOS="3246" HPOS="1299"/>
<String CONTENT="St." HEIGHT="54" WIDTH="83" VPOS="3246" HPOS="1376"/>
<SP HEIGHT="51" WIDTH="28" VPOS="3249" HPOS="1460"/>
<String CONTENT="Paul," HEIGHT="69" WIDTH="164" VPOS="3247" HPOS="1489"/>
<SP HEIGHT="66" WIDTH="24" VPOS="3250" HPOS="1654"/>
<String CONTENT="West" HEIGHT="54" WIDTH="159" VPOS="3250" HPOS="1679"/>
<SP HEIGHT="63" WIDTH="25" VPOS="3256" HPOS="1839"/>
<String CONTENT="publishing" HEIGHT="73" WIDTH="337" VPOS="3250" HPOS="1865"/>
</TextLine>
<TextLine HEIGHT="65" WIDTH="311" VPOS="3319" HPOS="269">
<String CONTENT="co." HEIGHT="35" WIDTH="81" VPOS="3334" HPOS="269"/>
<SP HEIGHT="33" WIDTH="34" VPOS="3350" HPOS="350"/>
<String STYLE="subscript" CONTENT="[" HEIGHT="33" WIDTH="13" VPOS="3350" HPOS="385"/>
<String STYLE="superscript" CONTENT="c" HEIGHT="21" WIDTH="18" VPOS="3322" HPOS="404"/>
<String CONTENT="1933" HEIGHT="50" WIDTH="133" VPOS="3319" HPOS="427"/>
<String STYLE="subscript" CONTENT="]" HEIGHT="34" WIDTH="14" VPOS="3350" HPOS="565"/>
</TextLine>
<TextLine HEIGHT="43" WIDTH="270" VPOS="3389" HPOS="273" STYLEREFS="StyleId-2BFD374E-1A42-404F-A642-2CB3876F3131-" CS="1">
<String CONTENT="3" HEIGHT="42" WIDTH="28" VPOS="3390" HPOS="273"/>
<SP/>
<String CONTENT="v." HEIGHT="29" WIDTH="41" VPOS="3400" HPOS="328"/>
<SP HEIGHT="39" WIDTH="56" VPOS="3389" HPOS="370"/>
<String CONTENT="26" HEIGHT="40" WIDTH="57" VPOS="3389" HPOS="427"/>
<String STYLE="superscript" CONTENT="cm" HEIGHT="21" WIDTH="45" VPOS="3392" HPOS="486"/>
<String CONTENT="." HEIGHT="9" WIDTH="8" VPOS="3420" HPOS="535"/>
</TextLine>
<TextLine HEIGHT="59" WIDTH="1652" VPOS="3446" HPOS="553" STYLEREFS="StyleId-2BFD374E-1A42-404F-A642-2CB3876F3131-" CS="1">
<String CS="1" CONTENT="CONTENTS.&#8212;v." HEIGHT="31" WIDTH="105" VPOS="3457" HPOS="553"/>
<SP HEIGHT="41" WIDTH="46" VPOS="3447" HPOS="659"/>
<String CONTENT="24." HEIGHT="43" WIDTH="74" VPOS="3447" HPOS="706"/>
<SP HEIGHT="39" WIDTH="45" VPOS="3451" HPOS="781"/>
<String CONTENT="Liens-Marshaling" HEIGHT="50" WIDTH="485" VPOS="3450" HPOS="827"/>
<SP HEIGHT="36" WIDTH="44" VPOS="3464" HPOS="1313"/>
<String CONTENT="assets" HEIGHT="40" WIDTH="156" VPOS="3457" HPOS="1358"/>
<SP HEIGHT="29" WIDTH="48" VPOS="3468" HPOS="1515"/>
<String CONTENT="and" HEIGHT="39" WIDTH="95" VPOS="3459" HPOS="1564"/>
<SP HEIGHT="40" WIDTH="46" VPOS="3459" HPOS="1660"/>
<String CONTENT="securities.&#8212;v." HEIGHT="43" WIDTH="375" VPOS="3459" HPOS="1707"/>
<SP HEIGHT="41" WIDTH="48" VPOS="3462" HPOS="2083"/>
<String CONTENT="25." HEIGHT="43" WIDTH="73" VPOS="3462" HPOS="2132"/>
</TextLine>
<TextLine HEIGHT="57" WIDTH="1287" VPOS="3502" HPOS="207" STYLEREFS="StyleId-2BFD374E-1A42-404F-A642-2CB3876F3131-">
<String CONTENT="Master" HEIGHT="39" WIDTH="185" VPOS="3502" HPOS="207"/>
<SP HEIGHT="29" WIDTH="29" VPOS="3512" HPOS="393"/>
<String CONTENT="and" HEIGHT="38" WIDTH="94" VPOS="3504" HPOS="423"/>
<SP HEIGHT="38" WIDTH="31" VPOS="3504" HPOS="518"/>
<String CONTENT="servant.&#8212;v." HEIGHT="40" WIDTH="318" VPOS="3507" HPOS="550"/>
<SP HEIGHT="40" WIDTH="33" VPOS="3507" HPOS="869"/>
<String CONTENT="26." HEIGHT="42" WIDTH="71" VPOS="3507" HPOS="903"/>
<SP HEIGHT="40" WIDTH="34" VPOS="3509" HPOS="975"/>
<String CONTENT="Mayhem-Motions." HEIGHT="51" WIDTH="484" VPOS="3508" HPOS="1010"/>
</TextLine>
<TextLine HEIGHT="66" WIDTH="1997" VPOS="3555" HPOS="206" STYLEREFS="StyleId-2BFD374E-1A42-404F-A642-2CB3876F3131-">
<String CONTENT="v." HEIGHT="31" WIDTH="42" VPOS="3567" HPOS="206"/>
<SP HEIGHT="41" WIDTH="23" VPOS="3557" HPOS="249"/>
<String CONTENT="24," HEIGHT="48" WIDTH="69" VPOS="3557" HPOS="273"/>
<SP HEIGHT="48" WIDTH="23" VPOS="3557" HPOS="343"/>
<String CONTENT="25," HEIGHT="49" WIDTH="69" VPOS="3557" HPOS="367"/>
<SP HEIGHT="52" WIDTH="27" VPOS="3555" HPOS="437"/>
<String CONTENT="&#169;" HEIGHT="52" WIDTH="51" VPOS="3555" HPOS="465"/>
<SP HEIGHT="52" WIDTH="25" VPOS="3555" HPOS="517"/>
<String CONTENT="Feb." HEIGHT="41" WIDTH="109" VPOS="3560" HPOS="543"/>
<SP HEIGHT="39" WIDTH="26" VPOS="3562" HPOS="653"/>
<String CONTENT="14," HEIGHT="46" WIDTH="68" VPOS="3562" HPOS="680"/>
<SP HEIGHT="43" WIDTH="26" VPOS="3565" HPOS="749"/>
<String CONTENT="1933;" HEIGHT="47" WIDTH="140" VPOS="3563" HPOS="776"/>
<SP HEIGHT="34" WIDTH="28" VPOS="3576" HPOS="917"/>
<String CONTENT="v." HEIGHT="28" WIDTH="41" VPOS="3577" HPOS="946"/>
<SP HEIGHT="40" WIDTH="25" VPOS="3565" HPOS="988"/>
<String CONTENT="26," HEIGHT="49" WIDTH="68" VPOS="3565" HPOS="1014"/>
<SP HEIGHT="52" WIDTH="29" VPOS="3562" HPOS="1083"/>
<String CONTENT="&#169;" HEIGHT="52" WIDTH="56" VPOS="3562" HPOS="1113"/>
<SP HEIGHT="52" WIDTH="22" VPOS="3562" HPOS="1170"/>
<String CONTENT="Feb." HEIGHT="41" WIDTH="111" VPOS="3567" HPOS="1193"/>
<SP HEIGHT="39" WIDTH="25" VPOS="3569" HPOS="1305"/>
<String CONTENT="20;" HEIGHT="46" WIDTH="83" VPOS="3568" HPOS="1331"/>
<SP HEIGHT="45" WIDTH="26" VPOS="3569" HPOS="1415"/>
<String CONTENT="2c." HEIGHT="41" WIDTH="67" VPOS="3569" HPOS="1442"/>
<SP HEIGHT="29" WIDTH="26" VPOS="3581" HPOS="1510"/>
<String CONTENT="each" HEIGHT="41" WIDTH="117" VPOS="3570" HPOS="1537"/>
<SP HEIGHT="41" WIDTH="27" VPOS="3570" HPOS="1655"/>
<String CONTENT="Mar." HEIGHT="42" WIDTH="121" VPOS="3572" HPOS="1683"/>
<SP HEIGHT="39" WIDTH="26" VPOS="3575" HPOS="1805"/>
<String CONTENT="10;" HEIGHT="46" WIDTH="82" VPOS="3574" HPOS="1832"/>
<SP HEIGHT="38" WIDTH="29" VPOS="3583" HPOS="1915"/>
<String CONTENT="affs." HEIGHT="42" WIDTH="108" VPOS="3574" HPOS="1945"/>
<SP HEIGHT="38" WIDTH="27" VPOS="3578" HPOS="2054"/>
<String CONTENT="Mar." HEIGHT="39" WIDTH="121" VPOS="3578" HPOS="2082"/>
</TextLine>
<TextLine HEIGHT="56" WIDTH="935" VPOS="3615" HPOS="280" STYLEREFS="StyleId-2BFD374E-1A42-404F-A642-2CB3876F3131-" CS="1">
<String CONTENT="13;" HEIGHT="46" WIDTH="80" VPOS="3615" HPOS="280"/>
<SP HEIGHT="45" WIDTH="31" VPOS="3616" HPOS="361"/>
<!-- cceid 3C8D7B94-6CF9-1014-A6CF-A82867D68027 --><String CONTENT="A" HEIGHT="39" WIDTH="39" VPOS="3616" HPOS="393"/>
<SP HEIGHT="39" WIDTH="29" VPOS="3616" HPOS="433"/>
<String CS="1" CONTENT="59838-59840;" HEIGHT="43" WIDTH="319" VPOS="3616" HPOS="463"/>
<SP HEIGHT="45" WIDTH="33" VPOS="3621" HPOS="809"/>
<String CONTENT="West" HEIGHT="41" WIDTH="133" VPOS="3621" HPOS="843"/>
<SP HEIGHT="45" WIDTH="29" VPOS="3625" HPOS="977"/>
<String CONTENT="pub." HEIGHT="48" WIDTH="107" VPOS="3623" HPOS="1007"/>
<SP HEIGHT="28" WIDTH="33" VPOS="3635" HPOS="1115"/>
<String CONTENT="co." HEIGHT="31" WIDTH="66" VPOS="3633" HPOS="1149"/>
</TextLine>
<TextLine HEIGHT="70" WIDTH="747" VPOS="3718" HPOS="205" STYLEREFS="StyleId-6E4BB7BC-D1CA-4A67-BBB1-0DDC377062D7-">
<String CONTENT="Southeastern" HEIGHT="57" WIDTH="429" VPOS="3718" HPOS="205"/>
<SP HEIGHT="35" WIDTH="29" VPOS="3740" HPOS="635"/>
<String CONTENT="reporter." HEIGHT="61" WIDTH="287" VPOS="3727" HPOS="665"/>
</TextLine>
<TextLine HEIGHT="79" WIDTH="1928" VPOS="3796" HPOS="274">
<String CONTENT="Temporary" HEIGHT="70" WIDTH="355" VPOS="3796" HPOS="274"/>
<SP HEIGHT="66" WIDTH="34" VPOS="3800" HPOS="630"/>
<String CONTENT="South" HEIGHT="55" WIDTH="184" VPOS="3800" HPOS="665"/>
<SP HEIGHT="53" WIDTH="31" VPOS="3802" HPOS="850"/>
<String CONTENT="eastern" HEIGHT="47" WIDTH="219" VPOS="3810" HPOS="882"/>
<SP HEIGHT="51" WIDTH="34" VPOS="3806" HPOS="1102"/>
<String CONTENT="digest" HEIGHT="68" WIDTH="187" VPOS="3805" HPOS="1137"/>
<SP HEIGHT="47" WIDTH="31" VPOS="3812" HPOS="1325"/>
<String CONTENT="of" HEIGHT="52" WIDTH="64" VPOS="3807" HPOS="1357"/>
<SP HEIGHT="53" WIDTH="31" VPOS="3807" HPOS="1422"/>
<String CONTENT="volumes" HEIGHT="55" WIDTH="252" VPOS="3809" HPOS="1454"/>
<SP HEIGHT="48" WIDTH="34" VPOS="3816" HPOS="1707"/>
<String CONTENT="156-165" HEIGHT="53" WIDTH="237" VPOS="3816" HPOS="1742"/>
<SP HEIGHT="56" WIDTH="39" VPOS="3817" HPOS="1980"/>
<String CONTENT="South" HEIGHT="56" WIDTH="182" VPOS="3817" HPOS="2020"/>
</TextLine>
<TextLine HEIGHT="83" WIDTH="1997" VPOS="3879" HPOS="205">
<String CONTENT="eastern" HEIGHT="47" WIDTH="220" VPOS="3880" HPOS="205"/>
<SP HEIGHT="32" WIDTH="31" VPOS="3895" HPOS="426"/>
<String CONTENT="reporter," HEIGHT="62" WIDTH="273" VPOS="3884" HPOS="458"/>
<SP HEIGHT="45" WIDTH="30" VPOS="3900" HPOS="732"/>
<String CONTENT="with" HEIGHT="53" WIDTH="139" VPOS="3880" HPOS="763"/>
<SP HEIGHT="52" WIDTH="32" VPOS="3882" HPOS="903"/>
<String CONTENT="table" HEIGHT="54" WIDTH="151" VPOS="3883" HPOS="936"/>
<SP HEIGHT="35" WIDTH="30" VPOS="3902" HPOS="1088"/>
<String CONTENT="of" HEIGHT="51" WIDTH="62" VPOS="3885" HPOS="1119"/>
<SP HEIGHT="54" WIDTH="31" VPOS="3885" HPOS="1182"/>
<String CONTENT="cases" HEIGHT="37" WIDTH="150" VPOS="3904" HPOS="1214"/>
<SP HEIGHT="52" WIDTH="29" VPOS="3889" HPOS="1365"/>
<String CONTENT="digested," HEIGHT="70" WIDTH="275" VPOS="3887" HPOS="1395"/>
<SP HEIGHT="65" WIDTH="29" VPOS="3892" HPOS="1671"/>
<String CONTENT="by" HEIGHT="69" WIDTH="77" VPOS="3892" HPOS="1701"/>
<SP HEIGHT="63" WIDTH="29" VPOS="3898" HPOS="1779"/>
<String CONTENT="the" HEIGHT="53" WIDTH="95" VPOS="3895" HPOS="1809"/>
<SP HEIGHT="34" WIDTH="30" VPOS="3914" HPOS="1905"/>
<String CONTENT="editorial" HEIGHT="56" WIDTH="266" VPOS="3895" HPOS="1936"/>
</TextLine>
<TextLine HEIGHT="156" WIDTH="1973" VPOS="3950" HPOS="204" CS="1">
<String CONTENT="staff" HEIGHT="54" WIDTH="136" VPOS="3950" HPOS="204"/>
<SP HEIGHT="57" WIDTH="31" VPOS="3950" HPOS="341"/>
<String CONTENT="of" HEIGHT="52" WIDTH="62" VPOS="3955" HPOS="373"/>
<SP HEIGHT="52" WIDTH="32" VPOS="3955" HPOS="436"/>
<String CONTENT="the" HEIGHT="53" WIDTH="95" VPOS="3956" HPOS="469"/>
<SP HEIGHT="51" WIDTH="35" VPOS="3959" HPOS="565"/>
<String CONTENT="American" HEIGHT="54" WIDTH="305" VPOS="3959" HPOS="601"/>
<SP HEIGHT="51" WIDTH="32" VPOS="3962" HPOS="907"/>
<String CONTENT="digest" HEIGHT="70" WIDTH="187" VPOS="3961" HPOS="940"/>
<SP HEIGHT="46" WIDTH="31" VPOS="3969" HPOS="1128"/>
<String CONTENT="system" HEIGHT="59" WIDTH="208" VPOS="3970" HPOS="1160"/>
<SP HEIGHT="33" WIDTH="39" VPOS="3985" HPOS="1369"/>
<String CS="1" CONTENT="&#8230;"/>
<SP HEIGHT="56" WIDTH="82" VPOS="3967" HPOS="1465"/>
<String CONTENT="St." HEIGHT="55" WIDTH="82" VPOS="3968" HPOS="1548"/>
<SP HEIGHT="51" WIDTH="36" VPOS="3973" HPOS="1631"/>
<String CONTENT="Paul," HEIGHT="66" WIDTH="164" VPOS="3973" HPOS="1668"/>
<SP HEIGHT="64" WIDTH="32" VPOS="3975" HPOS="1833"/>
<String CONTENT="West" HEIGHT="54" WIDTH="161" VPOS="3975" HPOS="1866"/>
<SP HEIGHT="62" WIDTH="33" VPOS="3982" HPOS="2028"/>
<String CONTENT="publishing" HEIGHT="131" WIDTH="1971" VPOS="3973" HPOS="206"/>
<SP HEIGHT="49" WIDTH="27" VPOS="4051" HPOS="422"/>
<String CONTENT="co.," HEIGHT="49" WIDTH="96" VPOS="4053" HPOS="450"/>
<SP HEIGHT="64" WIDTH="31" VPOS="4038" HPOS="547"/>
<String CONTENT="1933." HEIGHT="52" WIDTH="150" VPOS="4038" HPOS="579"/>
</TextLine>
</TextBlock>
</PrintSpace>
</Page>
</Layout>
</alto>