2597 4403
1312 4036 99 50 240

358 360 284 67 Winkler,
672 360 155 56 John
857 359 308 66 Kennedy,
1197 364 172 50 1891-

428 439 310 55 Woodrow
765 438 256 68 Wilson;
1052 439 97 52 the
1175 456 134 35 man
1338 437 127 54 who
1493 437 142 53 lives
1665 455 89 49 on,
1781 436 75 68 by
1885 435 158 55 John
2071 435 76 53 K.
359 435 1994 134 Winkler

537 515 1331 68 … New York, The Vanguard press, 1933.
433 590 27 41 6
483 600 45 38 p.
589 621 9 16 l.,
623 589 147 40 3-310
794 599 44 38 p.
890 588 167 49 front.,
1083 588 173 50 plates,
1283 590 166 47 ports.,
1475 587 192 42 facsim.
1727 586 56 41 23
1787 589 44 21 cm
1836 618 9 9 .

363 644 53 53 ©
442 650 122 38 Mar.
589 648 41 46 4,
656 646 114 42 1933
789 658 9 36 ;
826 646 68 41 2c.
920 648 123 39 Mar.
1069 646 83 47 10;
1180 645 83 41 aff.
1291 646 122 39 Mar.
1439 645 54 40 11
1513 656 9 37 ;
1549 645 42 40 A
1616 645 148 41 60547
1778 656 9 36 ;
1816 644 267 49 Vanguard
2108 654 152 38 press,
2288 644 90 42 inc.

441 705 284 49 (33-27060)

354 777 334 56 Wisconsin
735 780 113 53 and
892 778 190 55 North
1124 783 242 48 western
1411 777 205 71 digest,
1660 778 271 70 covering
1975 779 78 52 all
2098 796 151 36 cases

426 796 1927 132 reported
674 859 62 52 in
775 856 328 57 Wisconsin
1145 863 242 63 reports,
1430 858 189 54 North
1663 862 241 48 western
1945 862 277 63 reporter,
2263 858 113 52 and

427 939 79 52 all
552 938 64 53 of
662 939 97 53 the
803 938 174 53 north
1024 942 242 49 western
1312 943 175 48 states
1533 942 225 64 reports
1805 936 156 53 from
2005 937 97 53 the
2148 937 230 53 earliest

426 1019 184 68 times,
649 1018 142 52 with
831 1023 231 49 current
1100 1016 349 55 cumulative
1485 1016 207 70 pocket
1728 1016 213 54 service
1976 1015 250 71 keeping
2260 1016 117 54 this

425 1096 1929 135 digest always to date … Compiled and edited by the publisher’s
689 1176 269 54 editorial
998 1173 152 57 staff,
1226 1196 54 35 v.
1320 1179 192 50 21-23.
1590 1176 84 55 St.
1714 1177 168 68 Paul,
1918 1178 162 54 West
424 1175 1930 151 publishing
555 1276 80 35 co.
669 1290 14 35 [
688 1263 18 21 c
712 1260 153 64 1933]

430 1332 272 42 3 v . 26 cm .
432 1390 387 41 Contents.—v.
867 1386 73 42 21.
987 1386 336 42 Insurrection
1370 1389 96 40 and
1513 1387 552 49 sedition-Judges.—v.
2112 1386 74 43 22.
362 1388 2002 106 Judgment-Jury.—
732 1457 44 30 v.

812 1443 71 43 23.
919 1445 217 41 Justices
1171 1446 53 40 of
1258 1445 83 41 the
1375 1445 420 48 peace-Licenses.

359 1515 42 29 v.
429 1504 71 49 21,
531 1499 53 53 ©
612 1504 110 40 Jan.
752 1503 69 47 18,
850 1501 141 49 1933;
1022 1515 43 29 v.
1092 1502 71 48 22,
1190 1503 70 46 23,
1293 1498 55 53 ©
1374 1503 112 40 Jan.
1515 1501 82 49 19;
1627 1503 68 40 2c.
1724 1502 119 42 each
1873 1503 111 40 Feb.
2014 1502 83 47 13;
2130 1502 108 41 affs.
2269 1504 112 41 Feb.

431 1561 58 40 15
505 1572 8 35 ;
544 1562 41 38 A
613 1560 324 40 59440-59442
955 1570 9 37 ;
997 1561 136 39 West
1161 1561 111 46 pub.
1303 1569 68 31 co.

358 1642 124 55 The
517 1659 232 38 woman
786 1643 235 52 accused
1065 1642 111 68 [by]
1217 1643 227 68 Rupert
1478 1642 262 69 Hughes,
1775 1641 172 56 Vicki
1984 1645 206 66 Baum,
2226 1643 151 54 Zane

430 1720 1949 71 Grey [and others] … New York, R. Long & R. R. Smith,
429 1802 128 67 inc.,
626 1805 118 52 1933.

429 1877 29 39 4
486 1888 42 38 p.
578 1907 23 17 l.,
630 1875 146 41 3-214
805 1885 42 38 p.
910 1875 56 40 20½
998 1876 47 23 cm
1049 1907 9 9 .

431 1933 229 41 Lettered
687 1943 60 30 on
774 1943 143 30 cover
934 1943 10 29 :
973 1933 74 47 By
1072 1934 81 39 ten
1182 1932 216 40 eminent
1423 1931 219 41 authors.

363 1987 53 53 ©
442 1992 112 40 Feb.
579 1992 69 48 17,
673 1991 117 41 1933
807 2001 9 38 ;
843 1991 67 41 2c.
937 1990 111 41 Feb.
1073 1990 57 40 20
1148 2001 9 37 ;
1185 1990 82 40 aff.
1294 1991 111 40 Feb.
1432 1990 59 42 18
1506 2001 10 37 ;
1543 1990 41 40 A
1610 1989 142 42 60351
1771 2001 10 37 ;
1810 1991 107 48 Ray
1944 1990 136 49 Long
2103 1991 37 41 &
2165 1990 216 43 Richard

431 2049 56 41 R.
522 2049 172 48 Smith,
726 2048 92 41 inc.
890 2047 253 49 (33-4386)

359 2130 273 66 Wyman,
663 2131 268 54 Rebecca
961 2130 261 65 McDoel,
1258 2131 329 55 1897-1932.

431 2206 187 71 Songs
651 2208 113 52 and
799 2213 243 63 sonnets,
1079 2210 332 65 1915-1932,
1441 2207 77 69 by
1553 2206 251 56 Rebecca
1837 2205 244 55 McDoel
2114 2207 265 70 Wyman.

365 2284 292 71 [Chicago]
694 2283 158 56 Priv.
885 2283 176 71 print.
1098 2284 88 70 [R.
1218 2285 65 52 F.
1317 2284 296 70 Seymour]
1654 2288 149 50 1932.

431 2357 71 49 76,
547 2358 43 49 [2]
621 2368 44 38 p.
722 2358 27 39 21½cm.

363 2413 52 53 ©
449 2419 110 39 Dec.
593 2417 70 48 24,
697 2417 142 48 1932;
874 2418 68 40 2c.
976 2418 111 41 Jan.
1119 2419 41 46 3,
1194 2417 141 49 1933;
1371 2417 83 42 aff.
1487 2418 111 40 Feb.
1633 2419 52 47 1;
1720 2418 42 40 A
1794 2417 171 48 59366;
2004 2419 142 48 Mary
2180 2417 200 43 McDoel

431 2476 173 48 Kenly,
636 2475 225 49 Chicago.
934 2474 254 50 (33-3721)

359 2554 225 67 Yonge,
615 2555 310 57 Charlotte
954 2559 193 62 Mary,
1181 2563 329 51 1823-1901.

428 2635 81 53 Le
550 2634 146 54 livre
736 2634 151 69 d’or;
932 2632 174 57 belles
1148 2635 219 54 actions
1409 2634 358 70 d’autrefois,
1808 2654 109 50 par
1958 2632 300 59 Charlotte
2298 2635 82 54 M.

360 2713 233 70 Yonge;
638 2714 224 56 traduit
905 2716 68 52 de
1014 2713 266 71 l’anglais
1323 2732 108 51 par
1470 2733 165 36 mme.
1678 2715 70 54 de
1785 2712 169 71 Witt,
1994 2713 104 57 née
2138 2712 240 71 Guizot;

359 2791 2022 74 adapted and edited by Laura B. Johnson … Chicago, Ill.,
359 2872 123 53 The
509 2872 342 69 University
877 2871 67 55 of
972 2871 254 71 Chicago
1255 2890 158 52 press
1445 2907 14 34 [
1462 2879 20 22 c
1487 2875 153 66 1932]

430 2946 139 49 xxiii,
602 2947 87 40 160
720 2958 43 38 p.
824 2946 166 50 front.,
1023 2947 173 50 plates.
1257 2947 57 40 20½
1346 2948 46 22 cm
1396 2978 9 9 .
1476 2947 303 50 (Half-title:
1808 2948 103 41 The
1944 2948 212 50 Chicago
2190 2948 190 43 French

359 3004 167 49 series,
555 3004 52 42 O.
636 3004 53 42 F.
715 3005 154 48 Bond,
897 3004 184 51 editor)

434 3062 297 41 “Collateral
758 3061 232 50 reading”
1009 3074 8 30 :
1048 3074 42 38 p.
1118 3061 258 44 xix-xxiii.

365 3115 52 53 ©
447 3120 111 41 Dec.
588 3120 69 47 20,
686 3120 118 42 1932
820 3132 8 36 ;
859 3120 66 41 2c.
955 3123 96 39 and
1080 3121 82 41 aff.
1193 3122 111 40 Jan.
1332 3120 69 51 27,
1431 3121 114 43 1933
1564 3134 9 37 ;
1603 3124 43 39 A
1672 3123 145 41 59164
1835 3135 10 37 ;
1877 3124 285 50 University
2191 3126 54 41 of
432 3124 1932 101 Chicago,

598 3177 225 50 Chicago.
905 3174 53 53 [©
991 3178 211 50 preface,
1236 3180 67 40 To
1338 3180 81 40 the
1453 3182 213 47 student,
1700 3182 377 48 pronunciation
2110 3183 144 48 table,
432 3183 1930 92 collateral

644 3235 217 49 reading,
897 3238 138 39 notes
1069 3238 96 39 and
1199 3236 200 49 editing,
1434 3238 241 41 exercises
1708 3240 97 40 and
1838 3240 313 51 vocabulary]

443 3291 253 49 (33-6226)

360 3380 233 67 Young,
624 3383 320 58 Desmond.

433 3460 147 69 Ship
625 3461 229 67 ashore;
902 3462 342 57 adventures
1287 3464 59 52 in
1389 3464 251 70 salvage,
1680 3465 76 69 by
1798 3463 292 57 Desmond
2134 3465 241 69 Young;

361 3539 1956 73 with an introduction by Admiral of the fleet, Earl Jellicoe …
361 3618 260 67 London,
649 3619 56 53 J.
738 3618 157 69 Cape
929 3623 174 64 [1932]

430 3691 1170 54 4 p. l. , 311 p. front., plates, ports. 20½ cm .
434 3749 236 42 Contains
702 3761 64 30 an
797 3754 206 38 account
1036 3752 53 40 of
1119 3753 83 41 the
1233 3753 136 40 work
1400 3754 52 40 of
1483 3754 83 41 the
1597 3753 220 43 author’s
1848 3753 181 51 father,
2063 3755 316 42 Commodore

363 3806 80 40 Sir
473 3807 263 41 Frederick
766 3809 185 43 Young.

365 3860 2013 60 © 1c. Jan. 11, 1933; A ad int. 17364; pubd. Nov. 14, 1932; D. Young,
435 3922 90 40 Old
555 3924 288 47 Bursledon,
874 3925 310 48 Hampshire,
1215 3926 238 47 England.
1525 3927 251 48 (33-4815)
