2484 4405
1093 4094 133 49 1135

151 437 236 64 Tinker,
419 436 253 53 Edward
704 436 321 64 Larocque,
1058 440 172 49 1881-

224 518 107 52 Les
367 516 167 53 écrits
574 516 67 52 de
678 515 207 67 langue
923 513 286 65 française
1245 532 68 34 en
1350 512 306 53 Louisiane
1693 531 71 34 au
1803 518 122 47 XIXe
1963 512 192 67 siècle;

151 595 171 54 essais
347 593 443 69 biographiques
818 600 53 46 et
897 591 528 69 bibliographiques
1453 610 105 48 par
1586 591 254 53 Edward
1867 593 291 66 Larocque

154 670 1547 68 Tinker … Paris, H. Champion, 1932 [i. e. 1933]
226 741 1937 54 2 p. l., 502 p. incl. plates, facsims. 25 ½ cm. ( Added t.-p.: Bibliothèque
156 800 1273 49 rie la Revue de littérature comparée … t. 85)
226 862 228 46 Authors,
478 859 251 49 including
750 859 225 49 Negroes,
1001 860 241 47 arranged
1267 858 393 48 alphabetically,
1686 857 119 42 with
1829 856 333 50 biographical

157 920 95 38 and
288 918 191 41 critical
515 918 222 39 sketches
773 917 196 40 written
1008 920 48 37 to
1093 918 135 38 show
1265 917 83 39 the
1384 915 370 41 characteristic
1792 916 189 40 French
2019 914 144 50 spirit

158 975 157 41 which
343 976 89 39 has
459 975 92 40 left
580 986 62 28 an
671 974 205 48 impress
903 974 50 39 in
983 973 280 47 Louisiana,
1293 974 228 39 followed
1551 973 61 48 by
1642 974 83 40 the
1754 972 219 42 author’s
2002 973 160 40 works

157 1032 249 48 including
429 1031 203 48 English
657 1031 134 40 titles
815 1031 52 40 of
891 1031 138 39 those
1053 1029 199 49 writing
1276 1031 49 38 in
1350 1030 115 40 both
1490 1031 281 47 languages.
1824 1031 101 40 The
1951 1031 211 40 location

157 1089 53 40 of
233 1100 27 28 a
287 1099 119 37 copy
432 1089 52 40 of
510 1089 82 39 the
617 1088 135 40 work
779 1088 41 40 is
847 1087 155 48 given,
1030 1087 42 40 if
1098 1087 191 40 known.

227 1146 160 40 While
417 1145 320 40 information
769 1145 150 39 about
950 1145 81 40 the
1064 1144 266 48 periodical
1363 1144 260 40 literature
1656 1143 42 41 is
1732 1145 241 40 scattered
2010 1145 154 40 under

159 1204 80 39 the
267 1213 166 29 names
462 1202 52 40 of
542 1203 82 39 the
651 1202 235 40 founders
916 1213 54 29 or
999 1201 198 47 editors,
1228 1202 82 39 the
1339 1200 219 41 author’s
1591 1201 378 49 “Bibliography
2000 1203 52 40 of
2082 1205 82 39 the

157 1259 187 41 French
390 1269 311 38 newspapers
746 1258 96 40 and
888 1258 292 48 periodicals
1227 1259 51 39 of
1324 1258 311 48 Louisiana”,
1682 1259 255 48 published
1985 1261 49 39 in
2082 1260 82 40 the

159 1316 255 40 American
442 1315 316 48 antiquarian
785 1315 223 48 society’s
1036 1315 322 48 Proceedings
1384 1316 79 39 for
1492 1315 101 41 Oct.
1621 1315 114 41 1932
1764 1318 96 38 and
1888 1316 277 49 separately

159 1373 59 47 by
252 1375 84 38 the
371 1373 190 47 Society
594 1373 49 39 in
679 1371 127 48 1933,
842 1382 163 30 serves
1040 1372 49 39 in
1125 1373 83 40 the
1242 1375 179 37 nature
1453 1373 51 40 of
1539 1385 25 28 a
1603 1374 303 47 supplement
1941 1375 80 39 for
2055 1375 108 39 that

158 1433 112 46 part
296 1430 53 41 of
378 1430 81 41 the
487 1430 188 41 French
703 1428 327 50 publications
1058 1430 54 40 of
1141 1429 280 42 Louisiana.

161 1496 52 52 ©
252 1501 127 39 June
414 1502 39 44 7,
492 1500 113 40 1933;
671 1501 68 39 2c.
779 1500 127 39 June
943 1501 55 39 17;
1066 1499 312 49 A-Foreign
1415 1500 145 41 21405;
1630 1503 54 39 E.
1723 1502 49 40 L.
1812 1502 195 47 Tinker,
2048 1502 117 39 New

231 1558 146 39 York.
447 1557 280 47 (33-21149)

155 1661 215 53 Verein
431 1661 318 54 deutscher
808 1660 362 65 Ingenieure,
1233 1662 217 53 Berlin.
1541 1664 459 55 Fachausschuss
2061 1668 102 67 für

224 1740 511 54 schweisstechnik.

229 1818 408 69 Ausgewählte
709 1818 199 52 schwei
919 1818 553 54 sskonstruktionen.
1547 1822 92 51 bd.
1714 1827 44 48 5.
1838 1821 317 70 Schiffbau,

156 1897 186 53 bearb.
405 1916 112 34 von
580 1898 563 52 obermarinebaurat
1205 1900 329 52 Lottmann.
1633 1902 348 54 Gesammelt
2042 1905 120 52 und

156 1977 153 68 hrsg.
341 1995 131 36 vom
504 1976 456 54 Fachausschuss
994 1977 99 53 für
1124 1978 495 54 schweisstechnik
1651 1980 79 53 im
1761 1982 210 54 Verein
160 1983 1979 127 deutscher

374 2057 328 68 Ingenieure
757 2057 117 51 und
930 2076 110 33 von
1096 2057 101 52 der
1250 2059 326 52 Deutschen
1629 2062 369 66 gesellschaft
2054 2064 100 53 für

156 2135 614 69 elektroschweissung.
847 2135 217 66 Berlin,
1095 2137 390 69 VDI-verlag,
1517 2140 192 67 gmbh,
1744 2144 149 50 1933.

230 2210 925 48 viii p., 50 l. illus., diagrs. 29 ½ cm.
164 2276 2000 60 © May 24, 1933: 1c. Aug. 5; A -Foreign 21923; Y. D. I. verlag, g. m. b. h.
158 2382 239 65 Virkus,
433 2383 315 54 Frederick
781 2384 243 64 Adams,
1060 2385 84 53 ed.

230 2462 120 52 The
404 2461 400 68 compendium
858 2461 63 52 of
975 2462 309 52 American
1338 2463 314 67 genealogy;
1735 2463 97 51 the
1884 2464 276 52 standard

157 2539 387 70 genealogical
574 2540 401 69 encyclopedia
1003 2540 63 53 of
1097 2541 96 52 the
1224 2538 125 55 first
1379 2541 250 53 families
1661 2541 63 53 of
1754 2542 285 59 America,
157 2544 1981 128 edited

159 2620 1979 147 by Frederick Adams Virkus … Volume v. 1933. Chicago,
341 2700 53 51 Ill.,
479 2699 120 52 The
626 2700 273 53 Institute
926 2699 62 52 of
1014 2701 308 52 American
1348 2702 314 67 genealogy
1696 2704 192 64 [c1933]

232 2774 85 40 943
342 2784 44 37 p.
442 2774 128 38 illus.
600 2772 132 48 (incl.
761 2774 175 47 ports.)
973 2776 135 37 coats
1137 2773 52 40 of
1216 2784 144 30 arms.
1418 2775 147 40 25½cm.

237 2831 128 39 Title
394 2830 174 40 varies.
629 2831 227 39 Volumes
904 2854 31 3 I-III
1027 2832 126 38 have
1184 2830 109 41 title:
1351 2832 102 39 The
1484 2832 233 48 abridged
1748 2834 335 46 compendium
2117 2833 51 40 of

160 2887 258 40 American
447 2888 275 47 genealogy.

167 2952 52 52 ©
255 2957 121 47 Aug.
414 2956 68 47 10,
522 2956 113 40 1933;
703 2957 67 39 2c.
811 2958 94 38 and
945 2956 82 42 aff.
1066 2958 120 47 Aug.
1226 2958 57 40 18;
1350 2959 42 38 A
1430 2959 145 41 63948;
1643 2960 235 41 Institute
1916 2962 53 40 of
2008 2963 157 39 Amer.

237 3015 276 46 genealogy.

159 3114 266 68 Weaver,
454 3115 223 54 Robert
707 3116 259 57 Bartow.

232 3192 1869 74 United States history by units … by Robert B. Weaver …
163 3272 2001 76 and Howard C. Hill … Chicago, W. F. Quarrie & company
209 3352 131 50 [c1933]

233 3423 64 48 ix,
326 3424 86 40 184
438 3436 43 36 p.
538 3425 129 40 illus.
724 3425 115 41 23cm.

235 3481 224 39 Includes
489 3481 393 49 bibliographies.

513 3539 130 47 CONTENTS.—pt.
679 3537 40 42 1.
753 3538 253 48 Selection,
1038 3541 350 47 organization,
1422 3544 368 48 methods.—pt.
1826 3542 40 43 2.
1899 3545 102 40 The
2034 3543 133 42 units

164 3592 52 39 of
243 3593 81 39 the
352 3604 183 30 course.

170 3644 52 52 ©
249 3650 116 47 July
391 3651 39 46 8,
458 3649 140 48 1933;
628 3651 64 40 2c.
723 3652 116 48 July
865 3652 83 47 28;
979 3653 81 41 aff.
1090 3654 116 47 July
1233 3655 82 41 26:
1346 3657 40 38 A
1415 3656 170 46 63754;
1617 3658 71 39 W.
1718 3658 52 41 F.
1799 3658 206 48 Quarrie
2034 3660 36 39 &
2098 3670 66 30 co.

247 3705 278 49 (33-21145)

163 3807 216 66 Welch,
408 3811 138 52 Mrs.
575 3812 213 53 Maude
817 3814 275 56 Stewart.

235 3886 71 52 In
357 3906 31 33 a
435 3889 286 54 week-end
773 3892 232 66 garden,
1052 3893 77 67 by
1177 3896 212 52 Maude
1440 3896 246 55 Stewart
1732 3899 216 53 Welch.
2023 3900 139 53 New

166 3962 1404 79 York, Sears publishing company, inc. [ c 1933]
