2484 4405
1038 4092 99 49 899

177 510 48 40 vi
254 521 57 38 p.,
342 511 23 38 1
431 542 9 15 l.,
471 510 85 41 280
587 520 41 38 p.
686 510 145 41 19½cm.

109 568 51 51 ©
190 572 126 39 June
342 571 68 46 16,
440 570 112 41 1933;
609 571 65 39 2c.
705 572 95 38 and
829 570 80 40 aff.
940 570 128 40 June
1094 570 83 45 20;
1208 570 40 38 A
1276 569 169 46 64072;
1479 569 153 45 Dodd,
1663 568 140 39 Mead
1834 567 36 40 &
1898 578 82 35 co.,
2010 567 91 40 inc.

185 628 278 48 (33-16248)

101 714 222 67 Butler,
355 715 219 65 Pierce,
607 722 170 49 1886-

175 792 1860 68 An introduction to library science, by Pierce Butler …
105 871 269 69 Chicago,
404 872 113 67 Ill.,
544 873 120 53 The
694 872 336 67 University
1059 873 63 52 of
1152 873 252 66 Chicago
1434 889 155 49 press
1643 874 153 61 [1933]

176 943 97 47 xvi,
305 943 84 41 118
418 955 44 37 p.
522 944 144 40 18½cm.
736 945 294 48 (Half-title:
1059 945 101 41 The
1193 945 282 47 University
1508 944 51 40 of
1591 941 208 50 Chicago
1833 943 185 40 studies
2051 944 45 38 in

106 1001 184 48 library
317 1001 199 41 science,
591 1013 74 30 [no.
695 1003 67 48 1])

179 1056 1918 50 “This volume is not an elementary handbook … On the contrary,
109 1113 1877 51 through the essays … [the author] sets forth the essential nature of
101 1114 1978 97 science
235 1181 55 30 as
311 1172 59 40 he
394 1170 247 42 conceives
663 1171 52 47 it,
735 1170 95 41 and
852 1172 158 40 shows
1033 1172 107 39 how
1165 1172 81 40 the
1268 1172 239 48 problems
1526 1171 51 40 of
1600 1172 81 39 the
1698 1171 198 40 modern
1916 1171 181 46 library

105 1235 54 31 as
179 1237 62 30 an
265 1227 267 49 important
554 1227 150 40 social
728 1226 281 43 institution
1031 1238 112 38 may
1166 1229 54 39 be
1242 1229 192 38 studied
1459 1228 46 38 in
1529 1228 173 39 accord
1725 1227 119 40 with
1869 1227 64 41 its
1956 1228 140 48 spirit

105 1284 95 40 and
221 1283 601 49 methods.”—Foreword,
842 1295 44 38 p.
907 1284 82 40 vii.

105 1339 51 51 ©
195 1344 126 38 June
357 1343 69 47 15,
464 1342 139 41 1933:
643 1342 65 39 2c.
753 1344 123 38 June
911 1342 80 41 16;
1033 1340 82 41 aff.
1154 1343 127 39 June
1318 1343 81 45 17;
1440 1342 40 38 A
1517 1341 171 46 64010;
1730 1340 281 49 University
2050 1341 51 40 of

173 1400 223 49 Chicago,
426 1400 221 46 Chicago.
719 1398 279 50 (33-16039)

99 1485 169 57 Carlo
295 1488 263 65 Alberto,
585 1489 140 68 king
748 1490 67 67 of
840 1488 292 68 Sardinia,
1162 1488 323 54 1798-1849.

229 1567 1866 70 … Carlo Alberto ineclito; il diario autografo del re, lettere
98 1644 199 55 intime
322 1647 67 52 ed
417 1647 134 52 altri
576 1648 184 53 scritti
790 1647 220 52 inediti.
1111 1647 237 66 [Milano]
1382 1649 69 51 A.
1481 1646 364 67 Mondadori,
1875 1649 149 48 1931.

174 1717 1921 52 2 p. l. , [vii]-xi, [1], 500, [2] p. front., ports., facsims. 22½cm. ["Le
99 1773 125 42 scie”;
287 1775 188 39 collana
507 1775 49 40 di
587 1775 265 48 epistolari,
885 1776 243 47 memorie,
1160 1776 229 48 biografie
1421 1788 24 28 e
1476 1775 250 50 curiosità]

171 1832 100 39 The
295 1832 170 47 King’s
488 1833 183 46 letters,
697 1833 140 46 diary
862 1834 94 38 and
982 1834 112 39 other
1148 1833 221 45 writings
1395 1844 82 28 are
1505 1833 47 38 in
1580 1834 201 39 French.

171 1888 119 40 “Tre
325 1888 160 41 scritti
517 1888 369 48 autobiografici
917 1888 202 41 inediti”:
1182 1901 42 37 p.
1273 1888 233 50 [373]—429.

104 1946 1994 51 © July 1, 1931; 1c. Mar. 1, 1933; A-Foreign 20727; Casa éditrice A.
171 2006 300 41 Mondadori.
542 2006 280 49 (33-16232)

97 2094 253 67 Carrier,
378 2095 189 56 Willis
595 2096 311 66 Haviland,
939 2098 171 54 1876-

170 2174 125 51 Fan
328 2173 396 70 engineering;
761 2193 73 34 an
869 2173 310 69 engineer’s
1214 2173 303 54 handbook
1552 2191 72 36 on
1661 2174 104 67 air,
1802 2174 72 52 its
99 2191 1972 112 movement
280 2252 111 52 and
420 2251 370 53 distribution

99 2251 1996 224 in air conditioning, combustion, conveying and other applications employing fans … 3d ed., rewritten and reset, total issue 23,250 … Edited by Richard D.
99 2483 267 54 Madison
402 2485 148 53 under
618 2486 95 52 the
751 2485 276 53 direction
1069 2483 65 56 of
1171 2485 193 54 Willis
1404 2486 76 51 H.
1523 2484 247 55 Carrier.
1847 2484 250 70 Buffalo,

99 2561 1178 72 N. Y., Buffalo forge company [ c 1933]
166 2636 83 40 622
280 2648 41 37 p.
354 2638 109 40 incl.
494 2638 143 42 illus.,
668 2638 180 47 diagrs.
877 2638 48 48 (2
953 2638 143 47 fold.)
1166 2639 144 39 17½cm.

166 2693 347 49 Bibliography
542 2697 51 38 at
621 2696 91 39 end
740 2696 51 38 of
818 2699 125 37 most
969 2696 52 39 of
1046 2695 82 40 the
1156 2694 222 41 sections.

103 2746 51 51 ©
187 2751 109 40 Feb.
327 2750 69 46 21,
428 2751 112 40 1933;
602 2752 65 39 2c.
700 2753 94 38 and
827 2751 81 40 aff.
942 2752 125 40 June
1099 2752 53 40 9:
1187 2753 40 38 A
1258 2752 170 47 62928;
1464 2752 194 41 Buffalo
1690 2753 137 47 forge
1860 2764 67 29 co.

178 2807 280 49 (33-15932)

96 2893 329 68 Chaffurin,
453 2897 196 65 Louis,
680 2904 169 49 1881-

166 2974 79 53 Le
290 2974 221 67 parfait
553 2976 315 61 secretaire,
912 2977 480 67 correspondance
1435 2977 231 67 usuelle,
1708 2976 386 54 commerciale

95 3052 1923 71 et d’affaires, par Louis Chaffurin … Paris, Larousse [1932]
166 3126 88 40 448
282 3138 42 37 p.
385 3127 114 40 18cm.

101 3179 1992 57 © Dec. 10, 1932: 1c. Feb. 17, 1933; A- Foreign 19743; Augé, Gillon,
166 3241 463 48 Hollier-Larousse,
663 3245 199 39 Moreau
894 3247 51 38 et
974 3245 84 40 cie.
1131 3244 263 49 (Librairie
1428 3246 264 47 Larousse)

177 3297 278 48 (33-15901)

95 3371 179 65 Cline,
301 3373 192 55 Lewis
520 3375 218 63 Edgar.

167 3447 231 70 Turkey
436 3450 372 69 production;
849 3473 31 33 a
923 3457 275 65 complete
1237 3460 120 48 text
1396 3475 71 33 on
1509 3456 288 67 breeding,
1839 3455 251 67 feeding,

96 3522 301 72 handling,
437 3529 324 68 marketing
804 3532 110 51 and
958 3532 214 52 disease
1216 3536 235 49 control.
1526 3534 291 66 Prepared
1861 3533 62 52 for
1995 3535 95 50 the

95 3617 96 36 use
229 3604 63 51 of
331 3604 204 68 turkey
574 3607 305 66 producers
921 3610 110 51 and
1072 3610 375 65 agricultural
1488 3611 277 67 students,
1803 3612 74 66 by
1916 3612 64 50 L.
2020 3613 68 49 E.

96 3676 1991 81 Cline … Rev. ed. … New York, Orange Judd publishing
97 3773 294 53 company,
422 3759 108 53 inc.;
596 3761 256 68 London,
884 3764 73 52 K.
993 3766 166 56 Paul,
1192 3766 241 65 Trench,
1464 3767 231 52 Trubner
1759 3770 46 50 &
1836 3786 98 46 co.,
1966 3768 122 66 ltd.,

96 3837 150 50 1933.

168 3905 135 49 xviii,
327 3907 88 41 436
440 3921 42 37 p.
510 3910 110 41 incl.
647 3910 164 49 front.,
838 3913 142 41 illus..
1008 3914 195 48 diagrs.,
1232 3914 167 41 forms.
1460 3916 115 39 24cm.

100 3959 51 51 ©
181 3965 119 39 Mar.
330 3966 68 45 20,
428 3967 111 39 1933;
598 3968 64 40 2c.
694 3970 93 39 and
817 3970 81 40 aff.
929 3972 113 45 May
1071 3972 82 45 18;
1186 3972 41 38 A
1255 3972 169 47 61855;
1457 3974 48 37 L.
1538 3975 51 38 E.
1622 3974 149 48 Cline,
1802 3976 146 39 Reno.
1978 3976 115 39 Nev.

175 4020 277 50 (33-27138)
