2582 4453
1306 4106 135 51 1008

355 416 705 67 U. S. Laws, statutes, etc.
427 494 218 54 United
694 494 190 55 States
930 495 172 58 Code,
1150 495 327 52 annotated.
1557 497 161 66 July,
1765 499 151 62 1933,
1959 494 212 69 special

357 514 1993 128 pamphlet.
613 573 356 70 Containing
1008 574 96 52 the
1145 581 117 46 acts
1301 574 63 52 of
1405 593 30 33 a
1476 577 230 66 general
1749 575 111 52 and
1901 581 339 62 permanent

356 594 1994 113 nature
513 653 66 55 of
605 654 96 53 the
730 653 64 52 73d
869 654 301 68 Congress,
1199 660 161 47 extra
1391 654 230 67 session,
1651 654 153 52 from
1835 654 173 69 April
2039 658 65 49 23
2134 659 60 48 to
2223 657 152 53 June

359 736 81 66 16,
474 735 151 50 1933.
697 732 484 70 Supplementing
1212 735 139 66 May
1386 737 132 49 1933
1551 733 347 54 cumulative
1930 735 301 68 pamphlet
2263 735 112 52 and

357 813 302 68 pamphlet
703 832 89 34 no.
840 817 49 50 3.
932 813 219 54 United
1199 812 190 56 States
1438 812 172 68 Code,
1656 814 278 68 Compact
1979 813 234 54 edition.
2292 814 82 55 St.

356 892 2019 70 Paul, West publishing co.; Northport, Edward Thompson co. [c1933]
430 1048 87 39 195
544 1059 43 36 p.
644 1048 56 39 23½
734 1049 14 20 cm
784 1079 5 7 .

364 1101 51 52 ©
442 1106 117 47 July
583 1105 39 46 6,
648 1104 141 46 1933;
815 1105 66 39 2c.
909 1105 95 39 and
1029 1103 84 43 aff.
1139 1104 117 47 July
1280 1103 57 40 29;
1390 1103 40 39 A
1482 1103 143 43 63710;
1654 1106 136 39 West
1815 1105 108 47 pub.
1950 1115 68 30 co.
2044 1105 95 39 and
2167 1105 209 40 Edward

431 1163 277 47 Thompson
737 1173 66 29 co.

358 1236 272 68 Walling,
658 1237 224 57 Robert
910 1237 212 54 Alfred
1150 1236 176 66 John,
1356 1243 171 50 1869-

433 1319 186 51 Prove
658 1318 64 67 it,
760 1317 113 53 Mr.
912 1317 285 66 Tolefree,
1236 1317 73 66 by
1346 1318 70 52 R.
1455 1317 72 53 A.
1565 1318 58 54 J.
1662 1318 277 65 Walling.
2016 1318 140 52 New
2197 1318 179 65 York,

360 1396 89 54 W.
479 1397 251 52 Morrow
757 1399 47 50 &
832 1414 299 49 company,
1162 1399 153 50 1933.

434 1469 475 50 3 p. l., 307 p. 19½ cm.
365 1525 51 52 ©
443 1529 118 47 July
585 1529 69 46 12,
680 1527 142 46 1933;
850 1527 66 39 2c.
945 1528 95 38 and
1066 1526 81 40 aff.
1176 1527 116 46 July
1319 1527 82 45 14;
1430 1526 41 39 A
1497 1526 171 47 64312;
1698 1527 54 39 R.
1781 1527 54 39 A.
1900 1560 7 7 J.
1935 1526 228 48 Walling,
437 1528 1926 104 Plympton,

565 1587 181 45 Devon,
779 1585 237 47 England.
1089 1583 282 48 (33-17937)

358 1660 200 68 Ward,
588 1660 229 56 Gilbert
844 1660 244 64 Oakley,
1120 1666 171 49 1880-

435 1741 121 53 The
606 1740 276 67 practical
930 1758 96 33 use
1074 1738 64 53 of
1184 1738 176 52 books
1409 1738 113 52 and
1573 1738 291 67 libraries;
1917 1758 72 33 an
2038 1739 345 67 elementary

367 1816 2020 69 manual, by Gilbert O. Ward … 5th ed., rev. and enl. Boston,
364 1898 191 58 Mass.,
586 1897 121 52 The
739 1897 64 52 F.
833 1895 88 54 W.
955 1895 201 52 Faxon
1187 1912 301 50 company,
1522 1897 151 50 1933.

435 1970 64 44 xi,
530 1970 86 41 195
643 1981 43 37 p.
746 1970 127 39 illus.
933 1970 48 38 21½
1021 1971 44 21 cm
1071 2001 8 7 .
1148 1968 302 47 (Half-title:
1479 1968 173 40 Useful
1684 1969 251 40 reference
1965 1968 164 41 series,
2190 1979 73 29 no.
2294 1968 83 45 48)

367 2025 54 52 ©
449 2030 128 39 June
603 2029 70 41 30,
703 2027 141 41 1933:
875 2028 68 39 2c.
974 2027 116 40 July
1118 2028 54 45 3;
1204 2026 82 42 aff.
1317 2026 117 48 July
1463 2026 52 47 8;
1548 2026 40 39 A
1618 2026 171 46 63561;
1821 2025 52 41 F.
1903 2027 71 39 W.
2007 2026 168 41 Faxon
2204 2037 69 30 co.

445 2086 282 49 (33-17659)

361 2162 304 65 Winchell,
696 2160 318 55 Lilbourne
1044 2159 188 67 Alsip,
1267 2167 172 49 1855-

432 2241 246 69 History
711 2241 63 53 of
806 2242 217 51 Fresno
1056 2246 212 63 county
1302 2240 112 53 and
1446 2241 96 53 the
1575 2241 118 55 San
1725 2240 253 68 Joaquin
2013 2242 206 68 valley,

361 2260 1995 115 narrative
584 2322 113 52 and
735 2319 419 70 biographical,
1190 2320 74 69 by
1300 2320 313 53 Lilbourne
1652 2319 170 70 Alsip
1857 2319 307 67 Winchell,
2200 2320 183 53 under

361 2400 1984 69 the editorial supervision of Ben R. Walker … Fresno, Calif,
363 2481 472 55 A. H. Cawston [c1933]
433 2554 100 46 323,
568 2553 54 49 [1]
653 2564 43 37 p.
754 2552 165 48 front.,
950 2551 128 41 illus.
1108 2551 162 48 (map)
1309 2552 171 47 plates,
1516 2554 147 45 ports.
1726 2552 55 39 27½
1814 2554 43 21 cm
1864 2584 8 7 .

369 2612 51 52 ©
449 2617 128 38 June
603 2614 69 46 15,
700 2614 142 46 1933;
871 2614 67 40 2c.
967 2614 97 39 and
1091 2613 83 41 aff.
1203 2613 127 40 June
1357 2611 83 48 29;
1471 2612 41 39 A
1540 2612 171 46 64170;
1741 2612 54 41 A.
1826 2613 58 38 H.
1916 2612 242 41 Cawston.

446 2672 282 48 (33-17134)

362 2729 335 58 Wisconsin
744 2733 113 53 and
901 2733 189 53 North
1134 2738 239 46 western
1420 2732 206 68 digest,
1670 2731 270 69 covering
1984 2734 76 51 all
2106 2751 151 36 cases
435 2750 1922 131 reported

685 2813 59 52 in
800 2811 313 56 Wisconsin
1158 2815 242 64 reports.
1446 2811 188 55 North
1681 2816 238 48 western
1965 2817 259 62 reporter
2270 2812 111 52 and

437 2893 77 53 all
561 2892 64 55 of
671 2892 95 55 the
813 2892 174 53 north
1034 2896 240 48 western
1323 2896 175 48 states
1544 2896 225 64 reports
1816 2889 153 55 from
2014 2892 96 53 the
2155 2890 228 55 earliest

433 2972 184 59 times,
657 2971 142 53 with
838 2978 228 46 current
1107 2971 347 54 cumulative
1494 2970 206 69 pocket
1734 2971 211 53 service
1983 2971 247 69 keeping
2267 2971 115 53 this

436 3049 1920 135 digest always to date … Compiled and edited by the publisher’s
437 3127 1920 152 editorial staff, v. 38, 39. St. Paul, West publishing co. [c1933]
436 3287 29 39 2
498 3297 42 29 v.
607 3285 55 39 26
666 3287 43 20 cm
718 3319 5 7 .

719 3351 105 30 CONTENTS.—v.
859 3339 70 42 38.
963 3339 461 41 Venue-Wills.—v.
1458 3338 72 42 39.
1564 3339 453 41 Witnesses-Work
2050 3340 94 39 and
2179 3341 148 38 labor.

372 3395 52 53 ©
454 3401 116 46 July
598 3399 70 48 20,
700 3399 139 45 1933;
870 3400 68 38 2c.
968 3399 118 40 each
1116 3398 96 40 and
1242 3397 109 42 affs.
1382 3398 120 47 July
1528 3397 83 47 29;
1643 3398 41 38 A
1715 3397 157 47 63727,
1904 3397 171 42 63728;
2108 3399 136 38 West
2274 3399 110 47 pub.

439 3467 65 29 co.

364 3519 376 64 Woodsmall,
770 3518 165 53 Ruth
966 3519 278 53 Frances.

441 3597 245 51 Eastern
740 3613 235 46 women,
1026 3596 179 65 today
1256 3595 112 52 and
1422 3600 324 59 tomorrow,
1798 3593 74 67 by
1926 3593 158 52 Ruth
2137 3595 247 54 Frances

368 3675 372 52 Woodsmall.
827 3675 235 55 Boston,
1109 3674 192 59 Mass.,
1349 3672 121 54 The
1520 3672 234 54 Central
1803 3672 320 54 committee
2171 3692 70 33 on
2289 3674 95 52 the

369 3753 193 53 united
594 3753 172 69 study
793 3752 64 55 of
887 3751 226 70 foreign
1143 3751 280 60 missions,
1454 3754 151 51 1933.

440 3824 1170 52 xviii. 221 p. front. (ports.) plates. 19½ cm .
440 3885 351 48 Bibliography:
851 3896 41 36 p.
925 3884 248 50 [214]—215.

375 3939 51 52 ©
458 3945 119 38 Mar.
605 3943 68 43 25,
703 3944 139 42 1933;
873 3944 53 37 2c
967 3943 127 38 June
1121 3942 82 39 24:
1234 3941 82 40 aff.
1346 3941 127 38 June
1499 3941 82 40 22:
1613 3941 37 38 A
1679 3940 139 40 63391:
1883 3941 198 41 Central
2109 3940 276 42 committee

443 4012 60 28 on
537 4002 81 39 the
650 4001 168 40 united
850 4001 146 40 study
1029 4000 52 39 of
1111 3998 192 48 foreign
1337 3998 241 40 missions.
1651 3997 280 49 (33-17429)
