2597 4403
1369 3995 105 50 224

400 323 324 66 Tobenkin,
757 323 184 65 Elias,
975 326 173 51 1882-

477 447 55 9 …
577 401 239 57 Stalin’s
853 401 229 67 ladder;
1124 419 119 35 war
1279 403 46 50 &
1362 417 169 50 peace
1567 397 60 55 in
1664 400 96 52 the
1797 398 181 54 soviet
2018 397 187 54 union.
2284 399 136 52 New

402 483 181 66 York,
611 481 250 67 Minton,
890 480 182 53 Balch
1103 483 46 50 &
1177 495 301 51 company,
1509 482 152 50 1933.

513 588 8 16 X,
555 554 88 43 308
675 566 43 37 p.
779 554 56 39 21
839 556 43 21 cm
889 586 8 8 .

474 614 64 41 At
566 613 126 41 head
720 612 52 41 of
802 612 109 40 title:
969 611 74 47 By
1072 609 140 41 Elias
1240 607 266 42 Tobenkin.

476 670 448 48 “Bibliographical
955 668 170 41 notes”:
1189 678 43 39 p.
1266 666 218 42 295-302.

408 740 52 53 ©
488 744 111 41 Feb.
626 744 69 47 17,
722 742 114 41 1933;
891 742 67 40 2c.
987 741 110 40 Feb.
1125 740 57 40 25;
1239 739 83 42 aff.
1350 739 112 42 Feb.
1488 739 60 40 27;
1601 739 39 39 A
1667 738 144 41 60434;
1870 739 53 40 E.

1951 735 265 50 Tobenkin,
475 736 1933 114 Brooklyn.
644 800 254 49 (33-5328)

399 905 262 65 Vachell,
694 906 231 52 Horace
960 902 322 65 Annesley.

472 982 222 56 Vicars’
723 982 167 53 walk.
968 980 164 70 chap.
1163 980 49 69 7,
1244 984 47 50 8.

485 1060 85 48 (In
597 1054 349 52 Birmingham
977 1052 191 53 weekly
1200 1055 128 50 post,
1358 1051 117 44 Feb.
1505 1052 41 50 4,
1579 1051 144 51 1933)

409 1122 2017 57 © 1c. Apr. 3, 1933; A ad int. 17667; pubd. Feb. 4; H. A. Vachell, Bath,
477 1188 239 48 England.

404 1292 205 64 Varet,
640 1290 223 65 Pierre,
899 1294 172 51 1902-

480 1413 57 10 …
578 1369 97 53 Au
710 1387 142 51 pays
889 1368 309 54 d’Annam.
1270 1367 108 54 Les
1413 1366 172 54 dieux
1620 1367 97 68 qui
1753 1371 260 48 meurent
2052 1407 56 10 …
2184 1361 244 57 Préface

403 1451 70 53 de
502 1448 260 54 Maurice
793 1447 171 56 Graff
967 1446 115 55 euil
1117 1492 57 9 …
1254 1444 187 69 Paris,
1474 1446 68 52 E.
1575 1443 272 72 Figuière
1882 1477 12 35 [
1898 1450 19 22 c
1923 1448 154 63 1932]

474 1521 788 51 2 p. l., iv, [11]-286 p. 18 ½ cm .
476 1578 426 51 “Bibliographie”:
967 1589 43 39 p.
1050 1577 250 51 [279]-284.

409 1634 2019 54 © Nov. 20, 1932; 1c. Jan. 7, 1933; A- Foreign 19275; P. Varet, Eu
487 1695 492 51 (Seine-Inférieure)
1023 1695 201 39 France.
1298 1692 253 50 (33-5411)

408 1798 313 66 Wagoner,
753 1797 219 56 Lovisa
1004 1795 341 68 Catherine,
1379 1801 172 52 1886-

475 1878 122 53 The
632 1879 402 67 development
1068 1876 64 55 of
1166 1875 266 71 learning
1468 1876 60 54 in
1562 1893 195 52 young
1792 1876 277 68 children,
2105 1876 75 68 by
2217 1875 208 55 Lovisa

406 1959 63 55 C.
513 1959 291 68 Wagoner
851 2002 58 10 …
991 1961 86 50 1st
1117 1957 85 53 ed.
1279 1957 140 53 New
1463 1955 165 55 York
1670 1957 113 53 and
1824 1955 260 67 London,
404 1955 2022 135 McGraw-Hill

565 2037 150 54 book
744 2055 300 51 company,
1076 2035 128 70 inc.,
1237 2039 152 52 1933.

477 2110 98 50 xiv,
604 2111 86 41 322
721 2120 43 38 p.
795 2110 111 42 incl.
935 2110 166 49 front.,
1131 2109 130 42 illus.
1322 2108 55 40 21
1381 2110 45 22 cm
1431 2140 9 9 .
1510 2107 304 51 (Half-title:
1844 2107 354 41 McGraw-Hill
406 2109 2004 101 euthenics
509 2168 178 49 series)

477 2226 253 49 “Reading
762 2225 305 41 references”:
1129 2237 43 37 p.
1204 2224 221 43 301-314.

411 2295 52 53 ©
495 2300 112 40 Feb.
636 2299 70 47 15,
737 2297 114 43 1933;
911 2298 68 41 2c.
1011 2297 112 42 Feb.
1154 2299 54 40 17;
1270 2297 81 42 aff.
1386 2297 110 40 Feb.
1528 2296 60 41 20;
1643 2297 41 40 A
1714 2296 144 42 59571;
1922 2295 354 43 McGraw-Hill
2307 2296 123 40 book

480 2367 82 36 co.,
592 2356 92 41 inc.
756 2356 254 49 (33-5317)

408 2457 445 69 Wassermann,
885 2460 209 65 Jakob,
1131 2461 172 55 1873-

483 2580 58 11 …
585 2537 152 53 Bula
776 2537 248 69 Matari;
1069 2535 259 72 Stanley,
1367 2553 312 53 conqueror
1720 2535 66 55 of
1826 2556 31 34 a
1898 2535 312 55 continent.
2288 2535 141 56 New

408 2614 182 69 York,
615 2615 308 70 Liveright
950 2614 108 55 inc.
1093 2648 12 35 [
1110 2621 19 22 c
1134 2616 154 67 1933]

476 2688 98 50 xvi,
605 2690 85 41 351
723 2699 46 39 p.
828 2690 166 47 front.,
1027 2691 78 48 pi.,
1137 2692 166 47 ports.,
1336 2689 178 42 double
1544 2700 126 38 map.
1730 2688 57 43 23
1790 2691 44 23 cm
1839 2721 10 10 .

479 2745 325 42 “Translated
832 2745 127 41 from
987 2747 83 40 the
1098 2745 211 42 German
1337 2745 61 50 by
1424 2745 137 41 Eden
1587 2746 95 41 and
1710 2743 161 43 Cedar
1897 2743 167 43 Paul.”

480 2802 380 49 Bibliography:
892 2813 44 38 p.
965 2802 101 43 339.

413 2870 52 53 ©
497 2875 110 40 Jan.
639 2875 68 47 13,
740 2874 141 48 1933;
914 2875 66 41 2c.
1014 2875 111 40 Feb.
1157 2874 82 48 18;
1274 2875 82 40 aff.
1389 2877 111 39 Jan.
1531 2875 83 48 25;
1649 2875 38 39 A
1719 2874 171 48 60345;
1925 2874 268 49 Liveright,
2225 2873 92 41 inc.

492 2931 284 50 (33-27038)

407 3032 285 68 Wescott,
724 3035 302 65 Glenway,
1058 3041 173 50 1901-

478 3110 55 53 A
570 3112 269 54 calendar
877 3114 65 53 of
975 3114 182 54 saints
1194 3114 95 55 for
1326 3114 385 66 unbelievers;
1748 3114 97 53 the
1878 3118 124 49 text
2036 3113 76 67 by
2147 3112 279 68 Glenway

409 3188 283 71 Wescott;
720 3191 97 54 the
842 3192 158 69 signs
1028 3192 63 55 of
1118 3194 96 53 the
1241 3192 200 55 zodiac
1467 3194 75 66 by
1570 3194 178 52 Pavel
1775 3192 403 54 Tchelitchew.
2241 3191 187 67 Paris,

410 3267 306 67 Harrison,
747 3273 152 50 1932.

483 3347 946 53 5 p. l , 13-239, [1] p. illus. 23½ cm .
485 3410 232 43 “Printed
747 3412 51 41 in
828 3413 262 42 Holland.”

487 3467 129 43 “The
650 3470 139 39 tenth
822 3468 303 50 publication
1159 3471 53 41 of
1242 3470 246 43 Harrison
1520 3471 53 42 of
1605 3471 142 41 Paris
1785 3502 47 9 …
1866 3471 196 50 printed
2096 3471 49 40 in
2177 3472 251 46 Haarlem,

415 3524 215 43 Holland
673 3558 46 8 …
761 3527 60 48 by
859 3526 109 42 Joh.
1010 3527 252 42 Enschedé
1299 3540 58 29 en
1396 3538 151 32 zonen
1590 3559 46 10 …
1703 3529 102 42 The
1842 3529 185 41 edition
2065 3530 210 40 consists
2314 3529 53 42 of
2401 3529 27 40 6

414 3582 160 50 copies
603 3594 61 30 on
693 3582 157 43 China
879 3594 152 39 paper
1059 3585 79 41 for
1169 3585 83 42 the
1282 3586 194 46 author,
1506 3585 113 39 A-F;
1674 3585 59 42 40
1762 3586 161 49 copies
1963 3586 77 48 (of
2069 3587 158 40 which
2258 3586 56 40 22
2344 3597 85 30 are

413 3640 80 40 for
525 3640 249 48 America)
817 3651 60 31 on
912 3642 293 41 Pannekoek
1237 3643 150 41 white
1418 3653 232 39 pure-rag
1680 3652 151 39 paper
1866 3673 48 11 …
1997 3653 121 40 I-XL;
2153 3644 84 41 695
2269 3644 160 49 copies

425 3695 78 48 (of
542 3695 160 42 which
741 3696 89 42 450
869 3708 86 32 are
994 3698 79 41 for
1116 3698 274 48 America),
1432 3710 60 30 on
1532 3700 261 48 especially
1835 3700 143 42 made
2020 3700 407 42 cream-coloured

416 3753 292 43 Pannekoek
732 3765 164 39 paper,
924 3754 145 42 1-695;
1122 3756 97 40 and
1244 3756 55 41 15
1323 3755 161 50 copies
1509 3767 60 31 on
1596 3756 161 50 Japan
1783 3757 178 41 vellum
1989 3760 85 39 not
2098 3758 80 42 for
2204 3759 102 41 sale
2331 3758 95 40 and

414 3821 53 30 so
492 3811 218 43 marked.
766 3812 119 42 This
914 3813 42 41 is
984 3824 119 38 copy
1130 3824 74 30 no.
1232 3812 130 42 398.”

417 3865 2011 56 © 1c. Jan. 31, 1933; A ad int. 17453; pubd. Dec. 1, 1932; G. Wescott,
489 3926 172 50 Ripon,
694 3927 117 42 Wis.
882 3927 253 49 (33-6355)
