<alto xmlns="http://www.loc.gov/standards/alto/ns-v3#" xmlns:xsi="http://www.w3.org/2001/XMLSchema-instance" xsi:schemaLocation="http://www.loc.gov/standards/alto/ns-v3# http://www.loc.gov/alto/v3/alto-3-0.xsd"><Description>
<MeasurementUnit>pixel</MeasurementUnit>
<sourceImageInformation>
<fileName>1933_v1_Part1.pdf</fileName>
</sourceImageInformation>
<OCRProcessing ID="IdOcr">
<ocrProcessingStep>
<processingDateTime>2019-01-03</processingDateTime>
<processingSoftware>
<softwareCreator>ABBYY</softwareCreator>
<softwareName>ABBYY Recognition Server</softwareName>
<softwareVersion>4.0</softwareVersion>
</processingSoftware>
</ocrProcessingStep>
</OCRProcessing>
</Description>
<Styles>
<ParagraphStyle ALIGN="Left" FIRSTLINE="0." ID="StyleId-FFFFFFFF-FFFF-FFFF-FFFF-FFFFFFFFFFFF-" LEFT="0." RIGHT="0." />
<ParagraphStyle ALIGN="Left" FIRSTLINE="0." ID="StyleId-6EF5737A-DCEB-4126-A0CF-C5930BF7166A-" LEFT="0." LINESPACE="8.300000191" RIGHT="0." />
<ParagraphStyle ALIGN="Left" FIRSTLINE="0." ID="StyleId-2DE44258-FD0B-41E1-B542-087C989B01A3-" LEFT="0." LINESPACE="12.19999981" RIGHT="0." />
<ParagraphStyle ALIGN="Left" FIRSTLINE="-14." ID="StyleId-CE3D254A-29D7-4DD7-B5F1-E0FC0EF29B05-" LEFT="0." LINESPACE="8.619999886" RIGHT="0." />
<ParagraphStyle ALIGN="Left" FIRSTLINE="-14." ID="StyleId-C0E3A137-CE4F-4287-8A90-B599106709D0-" LEFT="0." LINESPACE="12.19999981" RIGHT="0." />
<ParagraphStyle ALIGN="Left" FIRSTLINE="-14." ID="StyleId-50F26F0C-05DA-4C19-BA58-7A6AC4499BEE-" LEFT="0." LINESPACE="11.06999969" RIGHT="0." />
<ParagraphStyle ALIGN="Center" FIRSTLINE="0." ID="StyleId-5DDE65AF-512C-41E2-9B8E-095D6D99EF68-" LEFT="0." LINESPACE="11.89999962" RIGHT="0." />
<ParagraphStyle ALIGN="Left" FIRSTLINE="0." ID="StyleId-0A81D7A5-6A62-4C52-915E-7768974C704D-" LEFT="0." LINESPACE="9.399999619" RIGHT="0." />
<ParagraphStyle ALIGN="Block" FIRSTLINE="-13." ID="StyleId-F7A0127F-6B48-4157-BB81-FE33E1E1A05B-" LEFT="0." LINESPACE="10.63000011" RIGHT="0." />
<ParagraphStyle ALIGN="Left" FIRSTLINE="0." ID="StyleId-E18C69F7-DBD7-48B1-805C-FCD96D0DA019-" LEFT="0." LINESPACE="11.64000034" RIGHT="0." />
<ParagraphStyle ALIGN="Left" FIRSTLINE="-14." ID="StyleId-98F15501-B611-4E83-8BB3-807E891F11F5-" LEFT="0." LINESPACE="12.19999981" RIGHT="0." />
<ParagraphStyle ALIGN="Left" FIRSTLINE="0." ID="StyleId-F4A78626-0BBC-4D12-94D9-A1AE75A9855F-" LEFT="0." LINESPACE="9.399999619" RIGHT="0." />
<ParagraphStyle ALIGN="Left" FIRSTLINE="0." ID="StyleId-6A3F6F4C-D21B-4ADE-902F-7683F18ECEF3-" LEFT="0." LINESPACE="11.10000038" RIGHT="0." />
</Styles>
<Layout>
<Page HEIGHT="4405" ID="Page1567" PHYSICAL_IMG_NR="1567" WIDTH="2484">
<TopMargin HEIGHT="356" HPOS="0" VPOS="0" WIDTH="2484">
</TopMargin>
<LeftMargin HEIGHT="3876" HPOS="0" VPOS="356" WIDTH="92">
</LeftMargin>
<RightMargin HEIGHT="3876" HPOS="2196" VPOS="356" WIDTH="288">
</RightMargin>
<BottomMargin HEIGHT="173" HPOS="0" VPOS="4232" WIDTH="2484">
</BottomMargin>
<PrintSpace HEIGHT="3876" HPOS="92" VPOS="356" WIDTH="2104">
<TextBlock HEIGHT="177" HPOS="1072" ID="Page1567_Block1" LANG="en-US" STYLEREFS="StyleId-7F1FEAF4-3BB5-4023-AF60-07B013E87876-" VPOS="4055" WIDTH="224">
<TextLine HEIGHT="53" HPOS="1078" VPOS="4071" WIDTH="135">
<String CONTENT="1567" HEIGHT="53" HPOS="1078" VPOS="4071" WIDTH="135" />
</TextLine>
</TextBlock>
<TextBlock CS="1" HEIGHT="3699" HPOS="92" ID="Page1567_Block2" LANG="en-US" STYLEREFS="StyleId-BF6DE115-5DD6-4CDB-BA9A-5EEBC216313E-" VPOS="356" WIDTH="2104">
<TextLine CS="1" HEIGHT="48" HPOS="195" VPOS="493" WIDTH="795">
<String CONTENT="2" HEIGHT="39" HPOS="195" VPOS="494" WIDTH="25" />
<SP />
<String CONTENT="v." HEIGHT="28" HPOS="250" VPOS="506" WIDTH="41" />
<SP HEIGHT="40" HPOS="292" VPOS="494" WIDTH="60" />
<String CONTENT="illus.," HEIGHT="46" HPOS="353" VPOS="494" WIDTH="141" />
<SP HEIGHT="36" HPOS="495" VPOS="504" WIDTH="30" />
<String CONTENT="col." HEIGHT="39" HPOS="526" VPOS="494" WIDTH="85" />
<SP HEIGHT="37" HPOS="612" VPOS="504" WIDTH="30" />
<String CONTENT="plates." HEIGHT="47" HPOS="643" VPOS="494" WIDTH="170" />
<SP HEIGHT="39" HPOS="814" VPOS="494" WIDTH="58" />
<String CONTENT="28cm." HEIGHT="40" HPOS="873" VPOS="493" WIDTH="117" />
</TextLine>
<TextLine HEIGHT="48" HPOS="197" VPOS="551" WIDTH="544">
<String CONTENT="Paged" HEIGHT="47" HPOS="197" VPOS="552" WIDTH="160" />
<SP HEIGHT="38" HPOS="358" VPOS="552" WIDTH="28" />
<String CONTENT="continuously." HEIGHT="47" HPOS="387" VPOS="551" WIDTH="354" />
</TextLine>
<TextLine CS="1" HEIGHT="109" HPOS="127" VPOS="604" WIDTH="1983">
<String CONTENT="The" HEIGHT="38" HPOS="196" VPOS="609" WIDTH="99" />
<SP HEIGHT="29" HPOS="296" VPOS="619" WIDTH="27" />
<String CONTENT="original" HEIGHT="48" HPOS="324" VPOS="607" WIDTH="207" />
<SP HEIGHT="41" HPOS="532" VPOS="607" WIDTH="26" />
<String CONTENT="Century" HEIGHT="47" HPOS="559" VPOS="607" WIDTH="214" />
<SP HEIGHT="46" HPOS="774" VPOS="608" WIDTH="25" />
<String CONTENT="dictionary" HEIGHT="47" HPOS="800" VPOS="606" WIDTH="273" />
<SP HEIGHT="36" HPOS="1074" VPOS="617" WIDTH="26" />
<String CONTENT="was" HEIGHT="29" HPOS="1101" VPOS="617" WIDTH="102" />
<SP HEIGHT="29" HPOS="1204" VPOS="617" WIDTH="24" />
<String CONTENT="edited" HEIGHT="40" HPOS="1229" VPOS="605" WIDTH="161" />
<SP HEIGHT="39" HPOS="1391" VPOS="606" WIDTH="26" />
<String CONTENT="by" HEIGHT="47" HPOS="1418" VPOS="606" WIDTH="61" />
<SP HEIGHT="47" HPOS="1480" VPOS="606" WIDTH="24" />
<String CONTENT="William" HEIGHT="40" HPOS="1505" VPOS="605" WIDTH="216" />
<SP HEIGHT="38" HPOS="1722" VPOS="605" WIDTH="25" />
<String CONTENT="Dwight" HEIGHT="48" HPOS="1748" VPOS="604" WIDTH="198" />
<SP HEIGHT="39" HPOS="1947" VPOS="606" WIDTH="27" />
<String CONTENT="Whitney." HEIGHT="109" HPOS="127" VPOS="604" WIDTH="1983" />
</TextLine>
<TextLine CS="1" HEIGHT="107" HPOS="132" VPOS="719" WIDTH="2001">
<String CONTENT="&#169;" HEIGHT="51" HPOS="132" VPOS="720" WIDTH="51" />
<SP HEIGHT="51" HPOS="184" VPOS="720" WIDTH="34" />
<String CONTENT="Nov." HEIGHT="39" HPOS="219" VPOS="724" WIDTH="117" />
<SP HEIGHT="41" HPOS="337" VPOS="722" WIDTH="35" />
<String CONTENT="8," HEIGHT="47" HPOS="373" VPOS="722" WIDTH="38" />
<SP HEIGHT="46" HPOS="412" VPOS="723" WIDTH="35" />
<String CONTENT="1933;" CS="1" HEIGHT="41" HPOS="448" VPOS="722" WIDTH="111" />
<SP HEIGHT="45" HPOS="589" VPOS="722" WIDTH="36" />
<String CONTENT="2c." HEIGHT="39" HPOS="626" VPOS="722" WIDTH="66" />
<SP HEIGHT="29" HPOS="693" VPOS="732" WIDTH="35" />
<String CONTENT="each" HEIGHT="39" HPOS="729" VPOS="722" WIDTH="119" />
<SP HEIGHT="38" HPOS="849" VPOS="721" WIDTH="33" />
<String CONTENT="Nov." HEIGHT="39" HPOS="883" VPOS="721" WIDTH="117" />
<SP HEIGHT="40" HPOS="1001" VPOS="721" WIDTH="35" />
<String CONTENT="8;" CS="1" HEIGHT="40" HPOS="1037" VPOS="721" WIDTH="25" />
<SP HEIGHT="30" HPOS="1090" VPOS="731" WIDTH="39" />
<String CONTENT="aff." HEIGHT="40" HPOS="1130" VPOS="720" WIDTH="81" />
<SP HEIGHT="40" HPOS="1212" VPOS="720" WIDTH="36" />
<String CONTENT="Nov." HEIGHT="40" HPOS="1249" VPOS="720" WIDTH="115" />
<SP HEIGHT="40" HPOS="1365" VPOS="719" WIDTH="38" />
<String CONTENT="9;" HEIGHT="47" HPOS="1404" VPOS="719" WIDTH="52" />
<SP HEIGHT="46" HPOS="1457" VPOS="720" WIDTH="37" />
<String CONTENT="A" HEIGHT="38" HPOS="1495" VPOS="720" WIDTH="41" />
<SP HEIGHT="39" HPOS="1537" VPOS="720" WIDTH="32" />
<String CONTENT="67017;" CS="1" HEIGHT="46" HPOS="1602" VPOS="719" WIDTH="139" />
<SP HEIGHT="44" HPOS="1742" VPOS="721" WIDTH="39" />
<String CONTENT="D." HEIGHT="37" HPOS="1782" VPOS="721" WIDTH="55" />
<SP HEIGHT="40" HPOS="1838" VPOS="719" WIDTH="37" />
<String CONTENT="Appleton-Century" CS="1" HEIGHT="107" HPOS="234" VPOS="719" WIDTH="1899" />
<SP HEIGHT="35" HPOS="409" VPOS="791" WIDTH="26" />
<String CONTENT="co.," HEIGHT="34" HPOS="436" VPOS="791" WIDTH="80" />
<SP HEIGHT="47" HPOS="517" VPOS="778" WIDTH="26" />
<String CONTENT="inc." HEIGHT="40" HPOS="544" VPOS="778" WIDTH="89" />
</TextLine>
<TextLine CS="1" HEIGHT="54" HPOS="703" VPOS="774" WIDTH="825">
<String CONTENT="[&#169;" HEIGHT="54" HPOS="703" VPOS="774" WIDTH="67" />
<SP HEIGHT="51" HPOS="771" VPOS="774" WIDTH="26" />
<String CONTENT="new" HEIGHT="28" HPOS="798" VPOS="789" WIDTH="104" />
<SP HEIGHT="28" HPOS="903" VPOS="788" WIDTH="25" />
<String CONTENT="material]" CS="1" HEIGHT="40" HPOS="929" VPOS="777" WIDTH="228" />
<SP HEIGHT="48" HPOS="1172" VPOS="777" WIDTH="75" />
<String CONTENT="(33-32755)" CS="1" HEIGHT="47" HPOS="1248" VPOS="777" WIDTH="280" />
</TextLine>
<TextLine HEIGHT="68" HPOS="130" STYLEREFS="StyleId-72BACFAC-A095-415F-93DF-613C2BDC82C1-" VPOS="850" WIDTH="1253">
<String CONTENT="Philby," HEIGHT="67" HPOS="130" VPOS="850" WIDTH="229" />
<SP HEIGHT="62" HPOS="360" VPOS="855" WIDTH="27" />
<String CONTENT="Harry" HEIGHT="63" HPOS="388" VPOS="855" WIDTH="199" />
<SP HEIGHT="64" HPOS="588" VPOS="854" WIDTH="25" />
<String CONTENT="St." HEIGHT="54" HPOS="614" VPOS="854" WIDTH="84" />
<SP HEIGHT="56" HPOS="699" VPOS="852" WIDTH="27" />
<String CONTENT="John" HEIGHT="55" HPOS="727" VPOS="851" WIDTH="154" />
<SP HEIGHT="52" HPOS="882" VPOS="854" WIDTH="28" />
<String CONTENT="Bridger," HEIGHT="66" HPOS="911" VPOS="852" WIDTH="270" />
<SP HEIGHT="62" HPOS="1182" VPOS="856" WIDTH="29" />
<String CONTENT="1885-" HEIGHT="50" HPOS="1212" VPOS="856" WIDTH="171" />
</TextLine>
<TextLine CS="1" HEIGHT="149" HPOS="131" STYLEREFS="StyleId-62AD8F46-35CF-478D-B440-035D22E6611B-" VPOS="929" WIDTH="1972">
<String CONTENT="Harun" HEIGHT="51" HPOS="201" VPOS="932" WIDTH="207" />
<SP HEIGHT="32" HPOS="409" VPOS="951" WIDTH="29" />
<String CONTENT="al" HEIGHT="50" HPOS="439" VPOS="933" WIDTH="52" />
<SP HEIGHT="50" HPOS="492" VPOS="933" WIDTH="30" />
<String CONTENT="Rashid," HEIGHT="66" HPOS="523" VPOS="931" WIDTH="239" />
<SP HEIGHT="65" HPOS="763" VPOS="932" WIDTH="30" />
<String CONTENT="by" HEIGHT="65" HPOS="794" VPOS="932" WIDTH="72" />
<SP HEIGHT="63" HPOS="867" VPOS="934" WIDTH="30" />
<String CONTENT="H." HEIGHT="51" HPOS="898" VPOS="934" WIDTH="76" />
<SP HEIGHT="54" HPOS="975" VPOS="933" WIDTH="34" />
<String CONTENT="St." HEIGHT="54" HPOS="1010" VPOS="933" WIDTH="82" />
<SP HEIGHT="51" HPOS="1093" VPOS="934" WIDTH="31" />
<String CONTENT="J." HEIGHT="51" HPOS="1125" VPOS="934" WIDTH="55" />
<SP HEIGHT="49" HPOS="1181" VPOS="935" WIDTH="31" />
<String CONTENT="B." HEIGHT="50" HPOS="1213" VPOS="935" WIDTH="66" />
<SP HEIGHT="51" HPOS="1280" VPOS="934" WIDTH="30" />
<String CONTENT="Philby" HEIGHT="66" HPOS="1311" VPOS="931" WIDTH="212" />
<SP />
<String CONTENT="&#8230;" CS="1" />
<SP HEIGHT="31" HPOS="1617" VPOS="951" WIDTH="38" />
<String CONTENT="with" HEIGHT="52" HPOS="1656" VPOS="931" WIDTH="138" />
<SP HEIGHT="51" HPOS="1795" VPOS="931" WIDTH="31" />
<String CONTENT="a" HEIGHT="32" HPOS="1827" VPOS="950" WIDTH="27" />
<SP HEIGHT="51" HPOS="1855" VPOS="931" WIDTH="35" />
<String CONTENT="frontispiece." HEIGHT="149" HPOS="131" VPOS="929" WIDTH="1972" />
<SP HEIGHT="33" HPOS="301" VPOS="1043" WIDTH="79" />
<String CONTENT="[London]" HEIGHT="66" HPOS="381" VPOS="1010" WIDTH="275" />
<SP HEIGHT="62" HPOS="657" VPOS="1013" WIDTH="33" />
<String CONTENT="P." HEIGHT="50" HPOS="691" VPOS="1013" WIDTH="63" />
<SP HEIGHT="51" HPOS="755" VPOS="1011" WIDTH="27" />
<String CONTENT="Davies," HEIGHT="67" HPOS="783" VPOS="1009" WIDTH="230" />
<SP HEIGHT="65" HPOS="1014" VPOS="1011" WIDTH="24" />
<String CONTENT="limited," HEIGHT="68" HPOS="1039" VPOS="1009" WIDTH="242" />
<SP HEIGHT="63" HPOS="1282" VPOS="1014" WIDTH="29" />
<String CONTENT="1933." HEIGHT="50" HPOS="1312" VPOS="1014" WIDTH="149" />
</TextLine>
<TextLine CS="1" HEIGHT="48" HPOS="200" VPOS="1084" WIDTH="535">
<String CONTENT="159" HEIGHT="40" HPOS="200" VPOS="1084" WIDTH="87" />
<SP HEIGHT="48" HPOS="288" VPOS="1084" WIDTH="24" />
<String CONTENT="p." CS="1" HEIGHT="36" HPOS="313" VPOS="1096" WIDTH="29" />
<SP HEIGHT="38" HPOS="354" VPOS="1084" WIDTH="57" />
<String CONTENT="front." HEIGHT="39" HPOS="412" VPOS="1084" WIDTH="150" />
<SP HEIGHT="39" HPOS="563" VPOS="1084" WIDTH="54" />
<String CONTENT="20cm." CS="1" HEIGHT="39" HPOS="618" VPOS="1084" WIDTH="117" />
</TextLine>
<TextLine CS="1" HEIGHT="51" HPOS="132" VPOS="1137" WIDTH="2001">
<String CONTENT="&#169;" HEIGHT="51" HPOS="132" VPOS="1137" WIDTH="51" />
<SP />
<String CONTENT="1c." CS="1" />
<SP />
<String CONTENT="Oct." HEIGHT="39" HPOS="304" VPOS="1141" WIDTH="102" />
<SP HEIGHT="38" HPOS="407" VPOS="1142" WIDTH="26" />
<String CONTENT="7," HEIGHT="43" HPOS="434" VPOS="1142" WIDTH="38" />
<SP HEIGHT="44" HPOS="473" VPOS="1141" WIDTH="26" />
<String CONTENT="1933;" HEIGHT="41" HPOS="500" VPOS="1140" WIDTH="139" />
<SP HEIGHT="40" HPOS="640" VPOS="1141" WIDTH="28" />
<String CONTENT="A" HEIGHT="37" HPOS="669" VPOS="1141" WIDTH="41" />
<SP HEIGHT="39" HPOS="711" VPOS="1141" WIDTH="25" />
<String CONTENT="ad" HEIGHT="39" HPOS="737" VPOS="1141" WIDTH="61" />
<SP HEIGHT="39" HPOS="799" VPOS="1140" WIDTH="25" />
<String CONTENT="int." HEIGHT="39" HPOS="825" VPOS="1140" WIDTH="86" />
<SP HEIGHT="38" HPOS="912" VPOS="1141" WIDTH="27" />
<String CONTENT="18277;" HEIGHT="46" HPOS="940" VPOS="1139" WIDTH="171" />
<SP HEIGHT="37" HPOS="1112" VPOS="1149" WIDTH="29" />
<String CONTENT="pubd." HEIGHT="47" HPOS="1142" VPOS="1139" WIDTH="139" />
<SP HEIGHT="39" HPOS="1282" VPOS="1139" WIDTH="29" />
<String CONTENT="Aug." HEIGHT="46" HPOS="1312" VPOS="1139" WIDTH="118" />
<SP HEIGHT="37" HPOS="1431" VPOS="1141" WIDTH="28" />
<String CONTENT="10;" HEIGHT="45" HPOS="1460" VPOS="1139" WIDTH="81" />
<SP HEIGHT="44" HPOS="1542" VPOS="1140" WIDTH="30" />
<String CONTENT="D." HEIGHT="37" HPOS="1573" VPOS="1140" WIDTH="55" />
<SP HEIGHT="37" HPOS="1629" VPOS="1140" WIDTH="28" />
<String CONTENT="Appleton-Century" HEIGHT="49" HPOS="1658" VPOS="1137" WIDTH="475" />
</TextLine>
<TextLine CS="1" HEIGHT="47" HPOS="198" VPOS="1196" WIDTH="880">
<String CONTENT="co.," HEIGHT="35" HPOS="198" VPOS="1208" WIDTH="81" />
<SP HEIGHT="46" HPOS="280" VPOS="1197" WIDTH="25" />
<String CONTENT="inc.," HEIGHT="46" HPOS="306" VPOS="1197" WIDTH="105" />
<SP HEIGHT="45" HPOS="412" VPOS="1198" WIDTH="26" />
<String CONTENT="New" HEIGHT="38" HPOS="439" VPOS="1198" WIDTH="119" />
<SP HEIGHT="38" HPOS="559" VPOS="1198" WIDTH="23" />
<String CONTENT="York." HEIGHT="38" HPOS="583" VPOS="1197" WIDTH="142" />
<SP HEIGHT="47" HPOS="726" VPOS="1196" WIDTH="72" />
<String CONTENT="(33-33283)" CS="1" HEIGHT="47" HPOS="799" VPOS="1196" WIDTH="279" />
</TextLine>
<TextLine CS="1" HEIGHT="70" HPOS="132" STYLEREFS="StyleId-62AD8F46-35CF-478D-B440-035D22E6611B-" VPOS="1269" WIDTH="1998">
<String CONTENT="Popular" HEIGHT="64" HPOS="132" VPOS="1269" WIDTH="254" />
<SP HEIGHT="34" HPOS="387" VPOS="1290" WIDTH="37" />
<String CONTENT="science" HEIGHT="52" HPOS="425" VPOS="1272" WIDTH="211" />
<SP HEIGHT="51" HPOS="637" VPOS="1273" WIDTH="39" />
<String CONTENT="library." HEIGHT="67" HPOS="677" VPOS="1272" WIDTH="234" />
<SP HEIGHT="51" HPOS="912" VPOS="1272" WIDTH="76" />
<String CONTENT="Editor-in-chief," HEIGHT="65" HPOS="989" VPOS="1271" WIDTH="496" />
<SP HEIGHT="64" HPOS="1486" VPOS="1272" WIDTH="40" />
<String CONTENT="Garrett" HEIGHT="54" HPOS="1527" VPOS="1272" WIDTH="236" />
<SP HEIGHT="50" HPOS="1764" VPOS="1274" WIDTH="38" />
<String CONTENT="P." HEIGHT="50" HPOS="1803" VPOS="1274" WIDTH="63" />
<SP HEIGHT="55" HPOS="1867" VPOS="1272" WIDTH="44" />
<String CONTENT="Serviss" HEIGHT="56" HPOS="1912" VPOS="1271" WIDTH="218" />
<SP />
<String CONTENT="&#8230;" CS="1" />
</TextLine>
<TextLine CS="1" HEIGHT="68" HPOS="343" STYLEREFS="StyleId-62AD8F46-35CF-478D-B440-035D22E6611B-" VPOS="1349" WIDTH="1787">
<String CONTENT="Illustrated" HEIGHT="53" HPOS="343" VPOS="1349" WIDTH="337" />
<SP />
<String CONTENT="&#8230;" CS="1" />
<SP HEIGHT="52" HPOS="771" VPOS="1351" WIDTH="79" />
<String CONTENT="New" HEIGHT="52" HPOS="851" VPOS="1351" WIDTH="138" />
<SP HEIGHT="51" HPOS="990" VPOS="1352" WIDTH="27" />
<String CONTENT="York," HEIGHT="67" HPOS="1018" VPOS="1349" WIDTH="181" />
<SP HEIGHT="64" HPOS="1200" VPOS="1352" WIDTH="26" />
<String CONTENT="P." HEIGHT="50" HPOS="1227" VPOS="1352" WIDTH="63" />
<SP HEIGHT="51" HPOS="1291" VPOS="1351" WIDTH="28" />
<String CONTENT="F." HEIGHT="51" HPOS="1320" VPOS="1351" WIDTH="65" />
<SP HEIGHT="54" HPOS="1386" VPOS="1351" WIDTH="28" />
<String CONTENT="Collier" HEIGHT="55" HPOS="1415" VPOS="1350" WIDTH="213" />
<SP HEIGHT="49" HPOS="1629" VPOS="1353" WIDTH="25" />
<String CONTENT="&amp;" HEIGHT="49" HPOS="1655" VPOS="1353" WIDTH="46" />
<SP HEIGHT="49" HPOS="1702" VPOS="1353" WIDTH="20" />
<String CONTENT="son" HEIGHT="34" HPOS="1723" VPOS="1368" WIDTH="102" />
<SP HEIGHT="34" HPOS="1826" VPOS="1368" WIDTH="24" />
<String CONTENT="company" HEIGHT="50" HPOS="1851" VPOS="1367" WIDTH="279" />
</TextLine>
<TextLine HEIGHT="65" HPOS="207" STYLEREFS="StyleId-62AD8F46-35CF-478D-B440-035D22E6611B-" VPOS="1430" WIDTH="192">
<String CONTENT="[c1933]" HEIGHT="65" HPOS="207" VPOS="1430" WIDTH="192" />
</TextLine>
<TextLine CS="1" HEIGHT="48" HPOS="201" VPOS="1501" WIDTH="1643">
<String CONTENT="10" HEIGHT="40" HPOS="201" VPOS="1502" WIDTH="56" />
<SP HEIGHT="40" HPOS="258" VPOS="1502" WIDTH="27" />
<String CONTENT="v." HEIGHT="28" HPOS="286" VPOS="1514" WIDTH="41" />
<SP HEIGHT="28" HPOS="328" VPOS="1514" WIDTH="58" />
<String CONTENT="col." HEIGHT="39" HPOS="387" VPOS="1504" WIDTH="85" />
<SP HEIGHT="40" HPOS="473" VPOS="1503" WIDTH="30" />
<String CONTENT="fronts.," HEIGHT="44" HPOS="504" VPOS="1503" WIDTH="189" />
<SP HEIGHT="45" HPOS="694" VPOS="1502" WIDTH="31" />
<String CONTENT="illus.," HEIGHT="46" HPOS="726" VPOS="1502" WIDTH="142" />
<SP HEIGHT="36" HPOS="869" VPOS="1513" WIDTH="32" />
<String CONTENT="plates," HEIGHT="45" HPOS="902" VPOS="1504" WIDTH="170" />
<SP HEIGHT="36" HPOS="1073" VPOS="1513" WIDTH="33" />
<String CONTENT="ports.," HEIGHT="45" HPOS="1107" VPOS="1504" WIDTH="163" />
<SP HEIGHT="34" HPOS="1271" VPOS="1514" WIDTH="32" />
<String CONTENT="maps," HEIGHT="36" HPOS="1304" VPOS="1513" WIDTH="150" />
<SP HEIGHT="46" HPOS="1455" VPOS="1502" WIDTH="33" />
<String CONTENT="diagrs." HEIGHT="46" HPOS="1489" VPOS="1502" WIDTH="179" />
<SP HEIGHT="38" HPOS="1669" VPOS="1503" WIDTH="59" />
<String CONTENT="20cm." CS="1" HEIGHT="40" HPOS="1729" VPOS="1501" WIDTH="115" />
</TextLine>
<TextLine HEIGHT="51" HPOS="133" VPOS="1555" WIDTH="2001">
<String CONTENT="&#169;" HEIGHT="51" HPOS="133" VPOS="1555" WIDTH="51" />
<SP HEIGHT="51" HPOS="185" VPOS="1555" WIDTH="26" />
<String CONTENT="Nov." HEIGHT="39" HPOS="212" VPOS="1560" WIDTH="116" />
<SP HEIGHT="38" HPOS="329" VPOS="1560" WIDTH="26" />
<String CONTENT="2," HEIGHT="44" HPOS="356" VPOS="1560" WIDTH="40" />
<SP HEIGHT="44" HPOS="397" VPOS="1560" WIDTH="25" />
<String CONTENT="1933;" HEIGHT="47" HPOS="423" VPOS="1558" WIDTH="140" />
<SP HEIGHT="45" HPOS="564" VPOS="1560" WIDTH="27" />
<String CONTENT="2c." HEIGHT="39" HPOS="592" VPOS="1560" WIDTH="65" />
<SP HEIGHT="29" HPOS="658" VPOS="1569" WIDTH="28" />
<String CONTENT="each" HEIGHT="39" HPOS="687" VPOS="1560" WIDTH="119" />
<SP HEIGHT="38" HPOS="807" VPOS="1560" WIDTH="25" />
<String CONTENT="Nov." HEIGHT="38" HPOS="833" VPOS="1560" WIDTH="115" />
<SP HEIGHT="37" HPOS="949" VPOS="1560" WIDTH="28" />
<String CONTENT="10;" HEIGHT="46" HPOS="978" VPOS="1558" WIDTH="81" />
<SP HEIGHT="34" HPOS="1060" VPOS="1570" WIDTH="29" />
<String CONTENT="aff." HEIGHT="41" HPOS="1090" VPOS="1558" WIDTH="83" />
<SP HEIGHT="39" HPOS="1174" VPOS="1560" WIDTH="27" />
<String CONTENT="Nov." HEIGHT="39" HPOS="1202" VPOS="1560" WIDTH="117" />
<SP HEIGHT="39" HPOS="1320" VPOS="1560" WIDTH="27" />
<String CONTENT="11:" HEIGHT="40" HPOS="1348" VPOS="1560" WIDTH="83" />
<SP HEIGHT="40" HPOS="1432" VPOS="1560" WIDTH="28" />
<String CONTENT="A" HEIGHT="37" HPOS="1461" VPOS="1560" WIDTH="40" />
<SP HEIGHT="39" HPOS="1502" VPOS="1559" WIDTH="25" />
<String CONTENT="67054;" HEIGHT="46" HPOS="1528" VPOS="1559" WIDTH="171" />
<SP HEIGHT="46" HPOS="1700" VPOS="1559" WIDTH="30" />
<String CONTENT="P." HEIGHT="39" HPOS="1731" VPOS="1559" WIDTH="48" />
<SP HEIGHT="39" HPOS="1780" VPOS="1559" WIDTH="30" />
<String CONTENT="F." HEIGHT="38" HPOS="1811" VPOS="1559" WIDTH="49" />
<SP HEIGHT="40" HPOS="1861" VPOS="1558" WIDTH="30" />
<String CONTENT="Collier" HEIGHT="40" HPOS="1892" VPOS="1558" WIDTH="179" />
<SP HEIGHT="40" HPOS="2072" VPOS="1559" WIDTH="27" />
<String CONTENT="&amp;" HEIGHT="40" HPOS="2100" VPOS="1559" WIDTH="34" />
</TextLine>
<TextLine HEIGHT="53" HPOS="201" VPOS="1612" WIDTH="1438">
<String CONTENT="son" HEIGHT="29" HPOS="201" VPOS="1626" WIDTH="85" />
<SP HEIGHT="29" HPOS="287" VPOS="1626" WIDTH="26" />
<String CONTENT="co." HEIGHT="29" HPOS="314" VPOS="1626" WIDTH="66" />
<SP HEIGHT="29" HPOS="381" VPOS="1636" WIDTH="63" />
<String CONTENT="[&#169;" HEIGHT="53" HPOS="445" VPOS="1612" WIDTH="68" />
<SP HEIGHT="51" HPOS="514" VPOS="1612" WIDTH="27" />
<String CONTENT="new" HEIGHT="29" HPOS="542" VPOS="1626" WIDTH="104" />
<SP HEIGHT="36" HPOS="647" VPOS="1619" WIDTH="27" />
<String CONTENT="text" HEIGHT="37" HPOS="675" VPOS="1618" WIDTH="103" />
<SP HEIGHT="37" HPOS="779" VPOS="1618" WIDTH="27" />
<String CONTENT="and" HEIGHT="38" HPOS="807" VPOS="1617" WIDTH="94" />
<SP HEIGHT="39" HPOS="902" VPOS="1616" WIDTH="26" />
<String CONTENT="illustrations" HEIGHT="39" HPOS="929" VPOS="1616" WIDTH="330" />
<SP HEIGHT="29" HPOS="1260" VPOS="1626" WIDTH="28" />
<String CONTENT="and" HEIGHT="38" HPOS="1289" VPOS="1617" WIDTH="94" />
<SP HEIGHT="38" HPOS="1384" VPOS="1617" WIDTH="28" />
<String CONTENT="revision]" HEIGHT="49" HPOS="1413" VPOS="1615" WIDTH="226" />
</TextLine>
<TextLine HEIGHT="64" HPOS="133" STYLEREFS="StyleId-72BACFAC-A095-415F-93DF-613C2BDC82C1-" VPOS="1690" WIDTH="928">
<String CONTENT="Reeder," HEIGHT="64" HPOS="133" VPOS="1690" WIDTH="243" />
<SP HEIGHT="63" HPOS="377" VPOS="1691" WIDTH="29" />
<String CONTENT="Rudolph" HEIGHT="64" HPOS="407" VPOS="1690" WIDTH="271" />
<SP HEIGHT="52" HPOS="679" VPOS="1690" WIDTH="29" />
<String CONTENT="Rex," HEIGHT="63" HPOS="709" VPOS="1691" WIDTH="144" />
<SP HEIGHT="60" HPOS="854" VPOS="1694" WIDTH="34" />
<String CONTENT="1859-" HEIGHT="49" HPOS="889" VPOS="1693" WIDTH="172" />
</TextLine>
<TextLine HEIGHT="67" HPOS="205" STYLEREFS="StyleId-62AD8F46-35CF-478D-B440-035D22E6611B-" VPOS="1768" WIDTH="1926">
<String CONTENT="Training" HEIGHT="67" HPOS="205" VPOS="1768" WIDTH="285" />
<SP HEIGHT="49" HPOS="491" VPOS="1786" WIDTH="38" />
<String CONTENT="youth" HEIGHT="66" HPOS="530" VPOS="1769" WIDTH="176" />
<SP HEIGHT="52" HPOS="707" VPOS="1768" WIDTH="44" />
<String CONTENT="for" HEIGHT="52" HPOS="752" VPOS="1768" WIDTH="93" />
<SP HEIGHT="46" HPOS="846" VPOS="1775" WIDTH="41" />
<String CONTENT="the" HEIGHT="52" HPOS="888" VPOS="1769" WIDTH="95" />
<SP HEIGHT="33" HPOS="984" VPOS="1787" WIDTH="39" />
<String CONTENT="new" HEIGHT="33" HPOS="1024" VPOS="1788" WIDTH="123" />
<SP HEIGHT="32" HPOS="1148" VPOS="1788" WIDTH="42" />
<String CONTENT="social" HEIGHT="53" HPOS="1191" VPOS="1768" WIDTH="170" />
<SP HEIGHT="51" HPOS="1362" VPOS="1769" WIDTH="41" />
<String CONTENT="order," HEIGHT="60" HPOS="1404" VPOS="1769" WIDTH="184" />
<SP HEIGHT="61" HPOS="1589" VPOS="1768" WIDTH="40" />
<String CONTENT="by" HEIGHT="67" HPOS="1630" VPOS="1768" WIDTH="75" />
<SP HEIGHT="66" HPOS="1706" VPOS="1769" WIDTH="40" />
<String CONTENT="Rudolph" HEIGHT="67" HPOS="1747" VPOS="1768" WIDTH="273" />
<SP HEIGHT="53" HPOS="2021" VPOS="1768" WIDTH="42" />
<String CONTENT="R." HEIGHT="52" HPOS="2064" VPOS="1769" WIDTH="67" />
</TextLine>
<TextLine CS="1" HEIGHT="68" HPOS="134" STYLEREFS="StyleId-62AD8F46-35CF-478D-B440-035D22E6611B-" VPOS="1846" WIDTH="1801">
<String CONTENT="Reeder" HEIGHT="54" HPOS="134" VPOS="1846" WIDTH="217" />
<SP />
<String CONTENT="&#8230;" CS="1" />
<SP HEIGHT="51" HPOS="435" VPOS="1848" WIDTH="79" />
<String CONTENT="Yellow" HEIGHT="52" HPOS="515" VPOS="1847" WIDTH="222" />
<SP HEIGHT="54" HPOS="738" VPOS="1847" WIDTH="25" />
<String CONTENT="Springs," HEIGHT="68" HPOS="764" VPOS="1846" WIDTH="263" />
<SP HEIGHT="64" HPOS="1028" VPOS="1846" WIDTH="22" />
<String CONTENT="O.," HEIGHT="66" HPOS="1051" VPOS="1846" WIDTH="87" />
<SP HEIGHT="63" HPOS="1139" VPOS="1849" WIDTH="24" />
<String CONTENT="The" HEIGHT="51" HPOS="1164" VPOS="1849" WIDTH="121" />
<SP HEIGHT="51" HPOS="1286" VPOS="1848" WIDTH="21" />
<String CONTENT="Antioch" HEIGHT="53" HPOS="1308" VPOS="1846" WIDTH="251" />
<SP HEIGHT="65" HPOS="1560" VPOS="1848" WIDTH="25" />
<String CONTENT="press," HEIGHT="48" HPOS="1586" VPOS="1865" WIDTH="171" />
<SP HEIGHT="59" HPOS="1758" VPOS="1852" WIDTH="27" />
<String CONTENT="1933." HEIGHT="49" HPOS="1786" VPOS="1850" WIDTH="149" />
</TextLine>
<TextLine CS="1" HEIGHT="48" HPOS="204" VPOS="1919" WIDTH="872">
<String CONTENT="4" HEIGHT="37" HPOS="204" VPOS="1920" WIDTH="28" />
<SP HEIGHT="47" HPOS="233" VPOS="1920" WIDTH="26" />
<String CONTENT="p." HEIGHT="37" HPOS="260" VPOS="1930" WIDTH="42" />
<SP />
<String CONTENT="l.," CS="1" />
<SP HEIGHT="46" HPOS="376" VPOS="1919" WIDTH="27" />
<String CONTENT="248" HEIGHT="40" HPOS="404" VPOS="1919" WIDTH="85" />
<SP HEIGHT="48" HPOS="490" VPOS="1919" WIDTH="27" />
<String CONTENT="p." HEIGHT="36" HPOS="518" VPOS="1931" WIDTH="42" />
<SP HEIGHT="41" HPOS="561" VPOS="1919" WIDTH="29" />
<String CONTENT="incl." HEIGHT="41" HPOS="591" VPOS="1919" WIDTH="109" />
<SP HEIGHT="36" HPOS="701" VPOS="1931" WIDTH="27" />
<String CONTENT="plates." HEIGHT="46" HPOS="729" VPOS="1921" WIDTH="169" />
<SP HEIGHT="39" HPOS="899" VPOS="1921" WIDTH="59" />
<String CONTENT="22cm." HEIGHT="40" HPOS="959" VPOS="1920" WIDTH="117" />
</TextLine>
<TextLine CS="1" HEIGHT="50" HPOS="211" VPOS="1976" WIDTH="1922">
<String CONTENT="&#8220;The" HEIGHT="38" HPOS="211" VPOS="1977" WIDTH="127" />
<SP HEIGHT="28" HPOS="339" VPOS="1987" WIDTH="36" />
<String CONTENT="results" HEIGHT="39" HPOS="376" VPOS="1977" WIDTH="177" />
<SP HEIGHT="29" HPOS="554" VPOS="1986" WIDTH="36" />
<String CONTENT="of" HEIGHT="39" HPOS="591" VPOS="1976" WIDTH="50" />
<SP />
<String CONTENT="&#8230;" CS="1" />
<SP HEIGHT="30" HPOS="728" VPOS="1996" WIDTH="43" />
<String CONTENT="[the]" HEIGHT="48" HPOS="772" VPOS="1978" WIDTH="110" />
<SP HEIGHT="49" HPOS="883" VPOS="1977" WIDTH="40" />
<String CONTENT="first" HEIGHT="40" HPOS="924" VPOS="1977" WIDTH="106" />
<SP HEIGHT="36" HPOS="1031" VPOS="1981" WIDTH="35" />
<String CONTENT="effort" HEIGHT="41" HPOS="1067" VPOS="1976" WIDTH="145" />
<SP HEIGHT="38" HPOS="1213" VPOS="1979" WIDTH="36" />
<String CONTENT="were" HEIGHT="29" HPOS="1250" VPOS="1987" WIDTH="124" />
<SP HEIGHT="38" HPOS="1375" VPOS="1987" WIDTH="36" />
<String CONTENT="published" HEIGHT="48" HPOS="1412" VPOS="1977" WIDTH="253" />
<SP HEIGHT="39" HPOS="1666" VPOS="1977" WIDTH="38" />
<String CONTENT="under" HEIGHT="39" HPOS="1705" VPOS="1977" WIDTH="152" />
<SP HEIGHT="36" HPOS="1858" VPOS="1979" WIDTH="36" />
<String CONTENT="the" HEIGHT="39" HPOS="1895" VPOS="1977" WIDTH="78" />
<SP HEIGHT="37" HPOS="1974" VPOS="1979" WIDTH="37" />
<String CONTENT="title," HEIGHT="43" HPOS="2012" VPOS="1976" WIDTH="121" />
</TextLine>
<TextLine CS="1" HEIGHT="49" HPOS="140" VPOS="2034" WIDTH="1994">
<String CONTENT="&#8216;How" HEIGHT="39" HPOS="140" VPOS="2034" WIDTH="137" />
<SP HEIGHT="38" HPOS="278" VPOS="2036" WIDTH="25" />
<String CONTENT="two" HEIGHT="38" HPOS="304" VPOS="2036" WIDTH="94" />
<SP HEIGHT="38" HPOS="399" VPOS="2035" WIDTH="25" />
<String CONTENT="hundred" HEIGHT="39" HPOS="425" VPOS="2035" WIDTH="219" />
<SP HEIGHT="40" HPOS="645" VPOS="2035" WIDTH="28" />
<String CONTENT="children" HEIGHT="42" HPOS="674" VPOS="2034" WIDTH="216" />
<SP HEIGHT="40" HPOS="891" VPOS="2036" WIDTH="28" />
<String CONTENT="live" HEIGHT="41" HPOS="920" VPOS="2034" WIDTH="93" />
<SP HEIGHT="29" HPOS="1014" VPOS="2045" WIDTH="28" />
<String CONTENT="and" HEIGHT="38" HPOS="1043" VPOS="2036" WIDTH="93" />
<SP HEIGHT="39" HPOS="1137" VPOS="2035" WIDTH="28" />
<String CONTENT="learn&#8217;" HEIGHT="40" HPOS="1166" VPOS="2034" WIDTH="151" />
<SP />
<String CONTENT="&#8230;" CS="1" />
<SP HEIGHT="27" HPOS="1394" VPOS="2054" WIDTH="65" />
<String CONTENT="[This" HEIGHT="46" HPOS="1460" VPOS="2035" WIDTH="131" />
<SP HEIGHT="37" HPOS="1592" VPOS="2035" WIDTH="29" />
<String CONTENT="book" HEIGHT="39" HPOS="1622" VPOS="2035" WIDTH="120" />
<SP HEIGHT="39" HPOS="1743" VPOS="2035" WIDTH="30" />
<String CONTENT="is" HEIGHT="39" HPOS="1774" VPOS="2035" WIDTH="38" />
<SP HEIGHT="28" HPOS="1813" VPOS="2044" WIDTH="28" />
<String CONTENT="written]" HEIGHT="49" HPOS="1842" VPOS="2034" WIDTH="212" />
<SP HEIGHT="46" HPOS="2055" VPOS="2037" WIDTH="31" />
<String CONTENT="to" HEIGHT="36" HPOS="2087" VPOS="2037" WIDTH="47" />
</TextLine>
<TextLine HEIGHT="50" HPOS="140" VPOS="2089" WIDTH="1994">
<String CONTENT="bring" HEIGHT="49" HPOS="140" VPOS="2089" WIDTH="139" />
<SP HEIGHT="37" HPOS="280" VPOS="2101" WIDTH="38" />
<String CONTENT="up" HEIGHT="38" HPOS="319" VPOS="2101" WIDTH="64" />
<SP HEIGHT="46" HPOS="384" VPOS="2093" WIDTH="36" />
<String CONTENT="to" HEIGHT="37" HPOS="421" VPOS="2093" WIDTH="48" />
<SP HEIGHT="39" HPOS="470" VPOS="2094" WIDTH="38" />
<String CONTENT="date" HEIGHT="40" HPOS="509" VPOS="2093" WIDTH="111" />
<SP HEIGHT="29" HPOS="621" VPOS="2102" WIDTH="39" />
<String CONTENT="and" HEIGHT="38" HPOS="661" VPOS="2093" WIDTH="95" />
<SP HEIGHT="38" HPOS="757" VPOS="2093" WIDTH="39" />
<String CONTENT="re-interpret" HEIGHT="47" HPOS="797" VPOS="2092" WIDTH="310" />
<SP HEIGHT="38" HPOS="1108" VPOS="2093" WIDTH="41" />
<String CONTENT="the" HEIGHT="39" HPOS="1150" VPOS="2092" WIDTH="79" />
<SP HEIGHT="37" HPOS="1230" VPOS="2102" WIDTH="40" />
<String CONTENT="principles" HEIGHT="48" HPOS="1271" VPOS="2091" WIDTH="260" />
<SP HEIGHT="30" HPOS="1532" VPOS="2101" WIDTH="41" />
<String CONTENT="and" HEIGHT="38" HPOS="1574" VPOS="2093" WIDTH="93" />
<SP HEIGHT="46" HPOS="1668" VPOS="2093" WIDTH="41" />
<String CONTENT="practice" HEIGHT="48" HPOS="1710" VPOS="2091" WIDTH="212" />
<SP HEIGHT="29" HPOS="1923" VPOS="2102" WIDTH="38" />
<String CONTENT="of" HEIGHT="40" HPOS="1962" VPOS="2091" WIDTH="51" />
<SP HEIGHT="40" HPOS="2014" VPOS="2091" WIDTH="39" />
<String CONTENT="the" HEIGHT="39" HPOS="2054" VPOS="2093" WIDTH="80" />
</TextLine>
<TextLine HEIGHT="50" HPOS="137" VPOS="2146" WIDTH="749">
<String CONTENT="former" HEIGHT="40" HPOS="137" VPOS="2146" WIDTH="182" />
<SP HEIGHT="37" HPOS="320" VPOS="2150" WIDTH="25" />
<String CONTENT="treatise.&#8221;&#8212;p." HEIGHT="49" HPOS="346" VPOS="2147" WIDTH="351" />
<SP HEIGHT="42" HPOS="698" VPOS="2148" WIDTH="28" />
<String CONTENT="18-19." HEIGHT="43" HPOS="727" VPOS="2147" WIDTH="159" />
</TextLine>
<TextLine CS="1" HEIGHT="55" HPOS="138" VPOS="2199" WIDTH="2001">
<String CONTENT="&#169;" HEIGHT="52" HPOS="138" VPOS="2199" WIDTH="50" />
<SP HEIGHT="52" HPOS="189" VPOS="2199" WIDTH="35" />
<String CONTENT="Oct." HEIGHT="40" HPOS="225" VPOS="2204" WIDTH="101" />
<SP HEIGHT="38" HPOS="327" VPOS="2205" WIDTH="33" />
<String CONTENT="2," HEIGHT="44" HPOS="361" VPOS="2205" WIDTH="39" />
<SP HEIGHT="42" HPOS="401" VPOS="2207" WIDTH="35" />
<String CONTENT="1933;" CS="1" HEIGHT="40" HPOS="437" VPOS="2205" WIDTH="113" />
<SP HEIGHT="40" HPOS="577" VPOS="2206" WIDTH="37" />
<String CONTENT="2c." HEIGHT="40" HPOS="615" VPOS="2206" WIDTH="66" />
<SP HEIGHT="39" HPOS="682" VPOS="2207" WIDTH="36" />
<String CONTENT="Oct." HEIGHT="39" HPOS="719" VPOS="2207" WIDTH="101" />
<SP HEIGHT="39" HPOS="821" VPOS="2207" WIDTH="34" />
<String CONTENT="20;" CS="1" HEIGHT="39" HPOS="856" VPOS="2206" WIDTH="55" />
<SP HEIGHT="34" HPOS="938" VPOS="2217" WIDTH="37" />
<String CONTENT="aff." HEIGHT="39" HPOS="976" VPOS="2207" WIDTH="82" />
<SP HEIGHT="39" HPOS="1059" VPOS="2207" WIDTH="36" />
<String CONTENT="Oct." CS="1" HEIGHT="7" HPOS="1190" VPOS="2238" WIDTH="7" />
<SP HEIGHT="37" HPOS="1198" VPOS="2208" WIDTH="37" />
<String CONTENT="23;" HEIGHT="44" HPOS="1236" VPOS="2208" WIDTH="81" />
<SP HEIGHT="45" HPOS="1318" VPOS="2207" WIDTH="37" />
<String CONTENT="A" HEIGHT="39" HPOS="1356" VPOS="2207" WIDTH="41" />
<SP HEIGHT="40" HPOS="1398" VPOS="2206" WIDTH="31" />
<String CONTENT="66734;" HEIGHT="45" HPOS="1430" VPOS="2206" WIDTH="170" />
<SP HEIGHT="44" HPOS="1601" VPOS="2207" WIDTH="38" />
<String CONTENT="Antioch" HEIGHT="39" HPOS="1640" VPOS="2207" WIDTH="208" />
<SP HEIGHT="46" HPOS="1849" VPOS="2208" WIDTH="35" />
<String CONTENT="press" HEIGHT="39" HPOS="1885" VPOS="2215" WIDTH="134" />
<SP HEIGHT="29" HPOS="2020" VPOS="2217" WIDTH="34" />
<String CONTENT="co.," HEIGHT="38" HPOS="2055" VPOS="2215" WIDTH="84" />
</TextLine>
<TextLine HEIGHT="50" HPOS="207" VPOS="2260" WIDTH="857">
<String CONTENT="Yellow" HEIGHT="40" HPOS="207" VPOS="2260" WIDTH="181" />
<SP HEIGHT="39" HPOS="389" VPOS="2262" WIDTH="30" />
<String CONTENT="Springs." HEIGHT="49" HPOS="420" VPOS="2261" WIDTH="212" />
<SP HEIGHT="40" HPOS="633" VPOS="2262" WIDTH="28" />
<String CONTENT="O." HEIGHT="40" HPOS="662" VPOS="2262" WIDTH="51" />
<SP HEIGHT="46" HPOS="714" VPOS="2263" WIDTH="70" />
<String CONTENT="(33-32370)" HEIGHT="46" HPOS="785" VPOS="2263" WIDTH="279" />
</TextLine>
<TextLine HEIGHT="67" HPOS="137" STYLEREFS="StyleId-72BACFAC-A095-415F-93DF-613C2BDC82C1-" VPOS="2335" WIDTH="901">
<String CONTENT="Renard," HEIGHT="65" HPOS="137" VPOS="2335" WIDTH="253" />
<SP HEIGHT="62" HPOS="391" VPOS="2338" WIDTH="26" />
<String CONTENT="Maurice" HEIGHT="55" HPOS="418" VPOS="2336" WIDTH="261" />
<SP HEIGHT="52" HPOS="680" VPOS="2340" WIDTH="29" />
<String CONTENT="Ch.," HEIGHT="64" HPOS="710" VPOS="2338" WIDTH="124" />
<SP HEIGHT="60" HPOS="835" VPOS="2342" WIDTH="30" />
<String CONTENT="1888-" HEIGHT="49" HPOS="866" VPOS="2342" WIDTH="172" />
</TextLine>
<TextLine HEIGHT="70" HPOS="215" STYLEREFS="StyleId-62AD8F46-35CF-478D-B440-035D22E6611B-" VPOS="2413" WIDTH="1926">
<String CONTENT="&#8230;" HEIGHT="10" HPOS="215" VPOS="2456" WIDTH="56" />
<SP HEIGHT="55" HPOS="272" VPOS="2413" WIDTH="56" />
<String CONTENT="Sous" HEIGHT="55" HPOS="329" VPOS="2413" WIDTH="143" />
<SP HEIGHT="51" HPOS="473" VPOS="2416" WIDTH="51" />
<String CONTENT="la" HEIGHT="51" HPOS="525" VPOS="2416" WIDTH="56" />
<SP HEIGHT="33" HPOS="582" VPOS="2434" WIDTH="48" />
<String CONTENT="neige" HEIGHT="67" HPOS="631" VPOS="2416" WIDTH="162" />
<SP HEIGHT="33" HPOS="794" VPOS="2435" WIDTH="52" />
<String CONTENT="rose" HEIGHT="34" HPOS="847" VPOS="2435" WIDTH="121" />
<SP HEIGHT="66" HPOS="969" VPOS="2417" WIDTH="63" />
<String CONTENT="(contes" HEIGHT="66" HPOS="1033" VPOS="2417" WIDTH="216" />
<SP HEIGHT="33" HPOS="1250" VPOS="2436" WIDTH="49" />
<String CONTENT="normands)" HEIGHT="66" HPOS="1300" VPOS="2417" WIDTH="337" />
<SP HEIGHT="66" HPOS="1638" VPOS="2417" WIDTH="62" />
<String CONTENT="Elbeuf-Paris," HEIGHT="68" HPOS="1701" VPOS="2415" WIDTH="440" />
</TextLine>
<TextLine HEIGHT="65" HPOS="135" STYLEREFS="StyleId-62AD8F46-35CF-478D-B440-035D22E6611B-" VPOS="2490" WIDTH="492">
<String CONTENT="P." HEIGHT="51" HPOS="135" VPOS="2490" WIDTH="65" />
<SP HEIGHT="51" HPOS="201" VPOS="2491" WIDTH="30" />
<String CONTENT="Duval," HEIGHT="64" HPOS="232" VPOS="2491" WIDTH="210" />
<SP HEIGHT="61" HPOS="443" VPOS="2494" WIDTH="31" />
<String CONTENT="1933." HEIGHT="51" HPOS="475" VPOS="2494" WIDTH="152" />
</TextLine>
<TextLine CS="1" HEIGHT="55" HPOS="207" VPOS="2560" WIDTH="973">
<String CONTENT="3" HEIGHT="41" HPOS="207" VPOS="2560" WIDTH="27" />
<SP />
<String CONTENT="p." HEIGHT="38" HPOS="261" VPOS="2575" WIDTH="43" />
<SP HEIGHT="41" HPOS="305" VPOS="2564" WIDTH="27" />
<String CONTENT="l.," CS="1" HEIGHT="17" HPOS="369" VPOS="2595" WIDTH="8" />
<SP HEIGHT="30" HPOS="378" VPOS="2583" WIDTH="31" />
<String CONTENT="[9]-194" HEIGHT="51" HPOS="410" VPOS="2563" WIDTH="176" />
<SP HEIGHT="49" HPOS="587" VPOS="2566" WIDTH="24" />
<String CONTENT="p.," HEIGHT="38" HPOS="612" VPOS="2577" WIDTH="59" />
<SP HEIGHT="47" HPOS="672" VPOS="2567" WIDTH="30" />
<String CONTENT="1" HEIGHT="40" HPOS="703" VPOS="2567" WIDTH="24" />
<SP HEIGHT="40" HPOS="728" VPOS="2567" WIDTH="26" />
<String CONTENT="l." CS="1" HEIGHT="7" HPOS="776" VPOS="2600" WIDTH="8" />
<SP HEIGHT="40" HPOS="785" VPOS="2567" WIDTH="59" />
<String CONTENT="illus." HEIGHT="41" HPOS="845" VPOS="2567" WIDTH="127" />
<SP HEIGHT="41" HPOS="973" VPOS="2567" WIDTH="59" />
<String CONTENT="20&#189;cm." CS="1" HEIGHT="41" HPOS="1033" VPOS="2567" WIDTH="147" />
</TextLine>
<TextLine CS="1" HEIGHT="55" HPOS="140" VPOS="2618" WIDTH="2000">
<String CONTENT="&#169;" HEIGHT="51" HPOS="140" VPOS="2618" WIDTH="53" />
<SP HEIGHT="51" HPOS="194" VPOS="2618" WIDTH="27" />
<String CONTENT="Aug." HEIGHT="48" HPOS="222" VPOS="2622" WIDTH="120" />
<SP HEIGHT="38" HPOS="343" VPOS="2625" WIDTH="28" />
<String CONTENT="14," HEIGHT="46" HPOS="372" VPOS="2624" WIDTH="69" />
<SP HEIGHT="45" HPOS="442" VPOS="2625" WIDTH="31" />
<String CONTENT="1933;" HEIGHT="46" HPOS="474" VPOS="2624" WIDTH="139" />
<SP />
<String CONTENT="1c." CS="1" />
<SP />
<String CONTENT="Sept." HEIGHT="47" HPOS="749" VPOS="2625" WIDTH="127" />
<SP HEIGHT="39" HPOS="877" VPOS="2626" WIDTH="30" />
<String CONTENT="11;" CS="1" HEIGHT="38" HPOS="908" VPOS="2626" WIDTH="54" />
<SP HEIGHT="41" HPOS="990" VPOS="2626" WIDTH="33" />
<String CONTENT="A-Foreign" HEIGHT="47" HPOS="1024" VPOS="2626" WIDTH="311" />
<SP HEIGHT="37" HPOS="1336" VPOS="2628" WIDTH="30" />
<String CONTENT="22129;" HEIGHT="47" HPOS="1367" VPOS="2626" WIDTH="170" />
<SP HEIGHT="45" HPOS="1538" VPOS="2628" WIDTH="35" />
<String CONTENT="M." HEIGHT="38" HPOS="1574" VPOS="2628" WIDTH="60" />
<SP HEIGHT="40" HPOS="1635" VPOS="2627" WIDTH="33" />
<String CONTENT="C." HEIGHT="40" HPOS="1669" VPOS="2627" WIDTH="48" />
<SP HEIGHT="38" HPOS="1718" VPOS="2627" WIDTH="34" />
<String CONTENT="Renard," HEIGHT="46" HPOS="1753" VPOS="2627" WIDTH="208" />
<SP HEIGHT="47" HPOS="1962" VPOS="2626" WIDTH="34" />
<String CONTENT="Caen," HEIGHT="47" HPOS="1997" VPOS="2626" WIDTH="143" />
</TextLine>
<TextLine HEIGHT="49" HPOS="209" VPOS="2679" WIDTH="550">
<String CONTENT="France." HEIGHT="40" HPOS="209" VPOS="2679" WIDTH="198" />
<SP HEIGHT="48" HPOS="408" VPOS="2680" WIDTH="70" />
<String CONTENT="(33-32761)" HEIGHT="48" HPOS="479" VPOS="2680" WIDTH="280" />
</TextLine>
<TextLine HEIGHT="68" HPOS="137" STYLEREFS="StyleId-72BACFAC-A095-415F-93DF-613C2BDC82C1-" VPOS="2753" WIDTH="802">
<String CONTENT="Rice," HEIGHT="66" HPOS="137" VPOS="2753" WIDTH="157" />
<SP HEIGHT="63" HPOS="295" VPOS="2756" WIDTH="32" />
<String CONTENT="Elmer" HEIGHT="53" HPOS="328" VPOS="2756" WIDTH="197" />
<SP HEIGHT="53" HPOS="526" VPOS="2757" WIDTH="32" />
<String CONTENT="Cook," HEIGHT="64" HPOS="559" VPOS="2757" WIDTH="175" />
<SP HEIGHT="60" HPOS="735" VPOS="2761" WIDTH="32" />
<String CONTENT="1868-" HEIGHT="50" HPOS="768" VPOS="2760" WIDTH="171" />
</TextLine>
<TextLine CS="1" HEIGHT="72" HPOS="209" STYLEREFS="StyleId-62AD8F46-35CF-478D-B440-035D22E6611B-" VPOS="2832" WIDTH="1925">
<String CONTENT="The" HEIGHT="52" HPOS="209" VPOS="2832" WIDTH="121" />
<SP HEIGHT="33" HPOS="331" VPOS="2851" WIDTH="33" />
<String CONTENT="national" HEIGHT="54" HPOS="365" VPOS="2832" WIDTH="256" />
<SP HEIGHT="51" HPOS="622" VPOS="2835" WIDTH="35" />
<String CONTENT="standard" HEIGHT="52" HPOS="658" VPOS="2835" WIDTH="277" />
<SP HEIGHT="52" HPOS="936" VPOS="2836" WIDTH="33" />
<String CONTENT="squab" HEIGHT="67" HPOS="970" VPOS="2836" WIDTH="177" />
<SP HEIGHT="52" HPOS="1148" VPOS="2836" WIDTH="34" />
<String CONTENT="book," HEIGHT="68" HPOS="1183" VPOS="2836" WIDTH="164" />
<SP HEIGHT="67" HPOS="1348" VPOS="2837" WIDTH="32" />
<String CONTENT="by" HEIGHT="66" HPOS="1381" VPOS="2837" WIDTH="75" />
<SP HEIGHT="65" HPOS="1457" VPOS="2838" WIDTH="34" />
<String CONTENT="Elmer" HEIGHT="51" HPOS="1492" VPOS="2838" WIDTH="197" />
<SP HEIGHT="56" HPOS="1690" VPOS="2836" WIDTH="35" />
<String CONTENT="C." HEIGHT="56" HPOS="1726" VPOS="2836" WIDTH="64" />
<SP HEIGHT="52" HPOS="1791" VPOS="2837" WIDTH="33" />
<String CONTENT="Rice" HEIGHT="53" HPOS="1825" VPOS="2837" WIDTH="138" />
<SP />
<String CONTENT="&#8230;" CS="1" />
<SP HEIGHT="34" HPOS="2065" VPOS="2856" WIDTH="42" />
<String CONTENT="a" HEIGHT="34" HPOS="2108" VPOS="2856" WIDTH="26" />
</TextLine>
<TextLine HEIGHT="76" HPOS="141" STYLEREFS="StyleId-62AD8F46-35CF-478D-B440-035D22E6611B-" VPOS="2906" WIDTH="1998">
<String CONTENT="practical" HEIGHT="69" HPOS="141" VPOS="2906" WIDTH="275" />
<SP HEIGHT="51" HPOS="417" VPOS="2911" WIDTH="39" />
<String CONTENT="manual" HEIGHT="50" HPOS="457" VPOS="2913" WIDTH="230" />
<SP HEIGHT="66" HPOS="688" VPOS="2913" WIDTH="37" />
<String CONTENT="giving" HEIGHT="69" HPOS="726" VPOS="2911" WIDTH="203" />
<SP HEIGHT="48" HPOS="930" VPOS="2932" WIDTH="39" />
<String CONTENT="complete" HEIGHT="67" HPOS="970" VPOS="2914" WIDTH="276" />
<SP HEIGHT="33" HPOS="1247" VPOS="2934" WIDTH="39" />
<String CONTENT="and" HEIGHT="51" HPOS="1287" VPOS="2916" WIDTH="111" />
<SP HEIGHT="66" HPOS="1399" VPOS="2916" WIDTH="40" />
<String CONTENT="precise" HEIGHT="67" HPOS="1440" VPOS="2915" WIDTH="214" />
<SP HEIGHT="52" HPOS="1655" VPOS="2916" WIDTH="40" />
<String CONTENT="directions" HEIGHT="54" HPOS="1696" VPOS="2915" WIDTH="307" />
<SP HEIGHT="53" HPOS="2004" VPOS="2916" WIDTH="40" />
<String CONTENT="for" HEIGHT="53" HPOS="2045" VPOS="2916" WIDTH="94" />
</TextLine>
<TextLine HEIGHT="78" HPOS="141" STYLEREFS="StyleId-62AD8F46-35CF-478D-B440-035D22E6611B-" VPOS="2984" WIDTH="1995">
<String CONTENT="the" HEIGHT="54" HPOS="141" VPOS="2984" WIDTH="92" />
<SP HEIGHT="52" HPOS="234" VPOS="2986" WIDTH="31" />
<String CONTENT="installation" HEIGHT="54" HPOS="266" VPOS="2986" WIDTH="357" />
<SP HEIGHT="33" HPOS="624" VPOS="3008" WIDTH="34" />
<String CONTENT="and" HEIGHT="51" HPOS="659" VPOS="2990" WIDTH="112" />
<SP HEIGHT="51" HPOS="772" VPOS="2990" WIDTH="31" />
<String CONTENT="management" HEIGHT="60" HPOS="804" VPOS="2998" WIDTH="397" />
<SP HEIGHT="46" HPOS="1202" VPOS="2998" WIDTH="35" />
<String CONTENT="of" HEIGHT="53" HPOS="1238" VPOS="2991" WIDTH="63" />
<SP HEIGHT="53" HPOS="1302" VPOS="2991" WIDTH="34" />
<String CONTENT="a" HEIGHT="33" HPOS="1337" VPOS="3011" WIDTH="30" />
<SP HEIGHT="34" HPOS="1368" VPOS="3011" WIDTH="31" />
<String CONTENT="successful" HEIGHT="53" HPOS="1400" VPOS="2993" WIDTH="308" />
<SP HEIGHT="51" HPOS="1709" VPOS="2995" WIDTH="34" />
<String CONTENT="squab" HEIGHT="67" HPOS="1744" VPOS="2994" WIDTH="176" />
<SP HEIGHT="68" HPOS="1921" VPOS="2994" WIDTH="35" />
<String CONTENT="plant." HEIGHT="66" HPOS="1957" VPOS="2996" WIDTH="179" />
</TextLine>
<TextLine CS="1" HEIGHT="71" HPOS="145" STYLEREFS="StyleId-62AD8F46-35CF-478D-B440-035D22E6611B-" VPOS="3064" WIDTH="1991">
<String CONTENT="Facts" HEIGHT="53" HPOS="145" VPOS="3064" WIDTH="168" />
<SP HEIGHT="52" HPOS="314" VPOS="3065" WIDTH="51" />
<String CONTENT="from" HEIGHT="53" HPOS="366" VPOS="3065" WIDTH="152" />
<SP HEIGHT="34" HPOS="519" VPOS="3085" WIDTH="51" />
<String CONTENT="experiences" HEIGHT="68" HPOS="571" VPOS="3066" WIDTH="356" />
<SP HEIGHT="33" HPOS="928" VPOS="3088" WIDTH="53" />
<String CONTENT="of" HEIGHT="52" HPOS="982" VPOS="3069" WIDTH="63" />
<SP HEIGHT="52" HPOS="1046" VPOS="3069" WIDTH="49" />
<String CONTENT="many" HEIGHT="47" HPOS="1096" VPOS="3088" WIDTH="173" />
<SP />
<String CONTENT="&#8230;" CS="1" />
<SP HEIGHT="53" HPOS="1385" VPOS="3070" WIDTH="54" />
<String CONTENT="illustrated" HEIGHT="54" HPOS="1440" VPOS="3070" WIDTH="328" />
<SP HEIGHT="53" HPOS="1769" VPOS="3071" WIDTH="55" />
<String CONTENT="with" HEIGHT="53" HPOS="1825" VPOS="3072" WIDTH="139" />
<SP HEIGHT="52" HPOS="1965" VPOS="3072" WIDTH="50" />
<String CONTENT="new" HEIGHT="34" HPOS="2016" VPOS="3091" WIDTH="120" />
</TextLine>
<TextLine HEIGHT="78" HPOS="142" STYLEREFS="StyleId-62AD8F46-35CF-478D-B440-035D22E6611B-" VPOS="3141" WIDTH="1994">
<String CONTENT="sketches" HEIGHT="54" HPOS="142" VPOS="3141" WIDTH="252" />
<SP HEIGHT="35" HPOS="395" VPOS="3160" WIDTH="51" />
<String CONTENT="and" HEIGHT="53" HPOS="447" VPOS="3143" WIDTH="112" />
<SP HEIGHT="53" HPOS="560" VPOS="3143" WIDTH="51" />
<String CONTENT="half" HEIGHT="54" HPOS="612" VPOS="3143" WIDTH="129" />
<SP HEIGHT="53" HPOS="742" VPOS="3145" WIDTH="49" />
<String CONTENT="tone" HEIGHT="48" HPOS="792" VPOS="3151" WIDTH="130" />
<SP HEIGHT="50" HPOS="923" VPOS="3164" WIDTH="52" />
<String CONTENT="plates" HEIGHT="69" HPOS="976" VPOS="3145" WIDTH="182" />
<SP HEIGHT="53" HPOS="1159" VPOS="3147" WIDTH="54" />
<String CONTENT="from" HEIGHT="53" HPOS="1214" VPOS="3147" WIDTH="152" />
<SP HEIGHT="50" HPOS="1367" VPOS="3166" WIDTH="50" />
<String CONTENT="photographs" HEIGHT="70" HPOS="1418" VPOS="3148" WIDTH="394" />
<SP HEIGHT="35" HPOS="1813" VPOS="3168" WIDTH="51" />
<String CONTENT="specially" HEIGHT="69" HPOS="1865" VPOS="3150" WIDTH="271" />
</TextLine>
<TextLine HEIGHT="79" HPOS="143" STYLEREFS="StyleId-62AD8F46-35CF-478D-B440-035D22E6611B-" VPOS="3219" WIDTH="1997">
<String CONTENT="made" HEIGHT="53" HPOS="143" VPOS="3219" WIDTH="161" />
<SP HEIGHT="51" HPOS="305" VPOS="3221" WIDTH="29" />
<String CONTENT="for" HEIGHT="51" HPOS="335" VPOS="3221" WIDTH="95" />
<SP HEIGHT="48" HPOS="431" VPOS="3226" WIDTH="26" />
<String CONTENT="this" HEIGHT="53" HPOS="458" VPOS="3221" WIDTH="114" />
<SP HEIGHT="33" HPOS="573" VPOS="3241" WIDTH="28" />
<String CONTENT="work." HEIGHT="52" HPOS="602" VPOS="3222" WIDTH="172" />
<SP HEIGHT="55" HPOS="775" VPOS="3222" WIDTH="65" />
<String CONTENT="Cambridge," HEIGHT="70" HPOS="841" VPOS="3222" WIDTH="365" />
<SP HEIGHT="65" HPOS="1207" VPOS="3226" WIDTH="29" />
<String CONTENT="Mass.," HEIGHT="65" HPOS="1237" VPOS="3226" WIDTH="190" />
<SP HEIGHT="63" HPOS="1428" VPOS="3228" WIDTH="26" />
<String CONTENT="The" HEIGHT="54" HPOS="1455" VPOS="3227" WIDTH="120" />
<SP HEIGHT="54" HPOS="1576" VPOS="3227" WIDTH="28" />
<String CONTENT="Murray" HEIGHT="69" HPOS="1605" VPOS="3227" WIDTH="242" />
<SP HEIGHT="49" HPOS="1848" VPOS="3247" WIDTH="28" />
<String CONTENT="printing" HEIGHT="69" HPOS="1877" VPOS="3229" WIDTH="263" />
</TextLine>
<TextLine CS="1" HEIGHT="65" HPOS="141" STYLEREFS="StyleId-62AD8F46-35CF-478D-B440-035D22E6611B-" VPOS="3301" WIDTH="508">
<String CONTENT="company" HEIGHT="50" HPOS="141" VPOS="3315" WIDTH="279" />
<SP HEIGHT="48" HPOS="421" VPOS="3317" WIDTH="36" />
<String CONTENT="[c1933]" CS="1" HEIGHT="65" HPOS="476" VPOS="3301" WIDTH="173" />
</TextLine>
<TextLine CS="1" HEIGHT="53" HPOS="215" VPOS="3369" WIDTH="1179">
<String CONTENT="2" HEIGHT="38" HPOS="215" VPOS="3369" WIDTH="26" />
<SP />
<String CONTENT="p." HEIGHT="37" HPOS="265" VPOS="3379" WIDTH="43" />
<SP HEIGHT="40" HPOS="309" VPOS="3370" WIDTH="23" />
<String CONTENT="l.," CS="1" HEIGHT="15" HPOS="368" VPOS="3401" WIDTH="8" />
<SP HEIGHT="46" HPOS="377" VPOS="3370" WIDTH="25" />
<String CONTENT="9-416" HEIGHT="41" HPOS="403" VPOS="3370" WIDTH="145" />
<SP HEIGHT="49" HPOS="549" VPOS="3371" WIDTH="21" />
<String CONTENT="p." HEIGHT="37" HPOS="571" VPOS="3383" WIDTH="43" />
<SP HEIGHT="39" HPOS="615" VPOS="3371" WIDTH="58" />
<String CONTENT="front." CS="1" HEIGHT="42" HPOS="674" VPOS="3371" WIDTH="136" />
<SP HEIGHT="47" HPOS="825" VPOS="3374" WIDTH="28" />
<String CONTENT="(port.)" HEIGHT="48" HPOS="854" VPOS="3374" WIDTH="170" />
<SP HEIGHT="48" HPOS="1025" VPOS="3374" WIDTH="36" />
<String CONTENT="illus." HEIGHT="40" HPOS="1062" VPOS="3375" WIDTH="127" />
<SP HEIGHT="40" HPOS="1190" VPOS="3375" WIDTH="58" />
<String CONTENT="20&#189;cm." CS="1" HEIGHT="41" HPOS="1249" VPOS="3375" WIDTH="145" />
</TextLine>
<TextLine HEIGHT="48" HPOS="216" VPOS="3426" WIDTH="610">
<String CONTENT="&#8220;Fifty-fourth" HEIGHT="48" HPOS="216" VPOS="3426" WIDTH="354" />
<SP HEIGHT="40" HPOS="571" VPOS="3429" WIDTH="28" />
<String CONTENT="edition.&#8221;" HEIGHT="41" HPOS="600" VPOS="3429" WIDTH="226" />
</TextLine>
<TextLine HEIGHT="64" HPOS="148" VPOS="3479" WIDTH="1995">
<String CONTENT="&#169;" HEIGHT="52" HPOS="148" VPOS="3479" WIDTH="50" />
<SP HEIGHT="52" HPOS="199" VPOS="3479" WIDTH="31" />
<String CONTENT="Feb." HEIGHT="40" HPOS="231" VPOS="3484" WIDTH="107" />
<SP HEIGHT="37" HPOS="339" VPOS="3486" WIDTH="31" />
<String CONTENT="5," HEIGHT="44" HPOS="371" VPOS="3486" WIDTH="38" />
<SP HEIGHT="44" HPOS="410" VPOS="3486" WIDTH="29" />
<String CONTENT="1933;" HEIGHT="48" HPOS="440" VPOS="3484" WIDTH="139" />
<SP HEIGHT="45" HPOS="580" VPOS="3487" WIDTH="30" />
<String CONTENT="2c." HEIGHT="39" HPOS="611" VPOS="3487" WIDTH="67" />
<SP HEIGHT="39" HPOS="679" VPOS="3487" WIDTH="31" />
<String CONTENT="Oct." HEIGHT="40" HPOS="711" VPOS="3487" WIDTH="100" />
<SP HEIGHT="39" HPOS="812" VPOS="3488" WIDTH="30" />
<String CONTENT="28;" HEIGHT="42" HPOS="843" VPOS="3487" WIDTH="80" />
<SP HEIGHT="31" HPOS="924" VPOS="3498" WIDTH="32" />
<String CONTENT="aff." HEIGHT="40" HPOS="957" VPOS="3487" WIDTH="81" />
<SP HEIGHT="40" HPOS="1039" VPOS="3488" WIDTH="31" />
<String CONTENT="Oct." HEIGHT="40" HPOS="1071" VPOS="3488" WIDTH="103" />
<SP HEIGHT="38" HPOS="1175" VPOS="3490" WIDTH="30" />
<String CONTENT="26;" HEIGHT="45" HPOS="1206" VPOS="3489" WIDTH="81" />
<SP HEIGHT="43" HPOS="1288" VPOS="3491" WIDTH="30" />
<String CONTENT="A" HEIGHT="37" HPOS="1319" VPOS="3491" WIDTH="40" />
<SP HEIGHT="39" HPOS="1360" VPOS="3491" WIDTH="29" />
<String CONTENT="65862;" HEIGHT="46" HPOS="1390" VPOS="3491" WIDTH="170" />
<SP HEIGHT="44" HPOS="1561" VPOS="3493" WIDTH="32" />
<String CONTENT="E." HEIGHT="39" HPOS="1594" VPOS="3493" WIDTH="52" />
<SP HEIGHT="40" HPOS="1647" VPOS="3492" WIDTH="32" />
<String CONTENT="C." HEIGHT="42" HPOS="1680" VPOS="3492" WIDTH="48" />
<SP HEIGHT="41" HPOS="1729" VPOS="3493" WIDTH="32" />
<String CONTENT="Rice," HEIGHT="43" HPOS="1762" VPOS="3493" WIDTH="128" />
<SP HEIGHT="41" HPOS="1891" VPOS="3495" WIDTH="31" />
<String CONTENT="Melrose," HEIGHT="48" HPOS="1923" VPOS="3495" WIDTH="220" />
</TextLine>
<TextLine HEIGHT="55" HPOS="218" VPOS="3537" WIDTH="985">
<String CONTENT="Mass." HEIGHT="38" HPOS="218" VPOS="3542" WIDTH="142" />
<SP HEIGHT="29" HPOS="361" VPOS="3561" WIDTH="64" />
<String CONTENT="[&#169;" HEIGHT="53" HPOS="426" VPOS="3537" WIDTH="67" />
<SP HEIGHT="52" HPOS="494" VPOS="3537" WIDTH="29" />
<String CONTENT="new" HEIGHT="29" HPOS="524" VPOS="3553" WIDTH="106" />
<SP HEIGHT="28" HPOS="631" VPOS="3554" WIDTH="25" />
<String CONTENT="matter]" HEIGHT="47" HPOS="657" VPOS="3545" WIDTH="193" />
<SP HEIGHT="48" HPOS="851" VPOS="3544" WIDTH="72" />
<String CONTENT="(33-31675)" HEIGHT="48" HPOS="924" VPOS="3544" WIDTH="279" />
</TextLine>
<TextLine HEIGHT="72" HPOS="145" STYLEREFS="StyleId-72BACFAC-A095-415F-93DF-613C2BDC82C1-" VPOS="3604" WIDTH="1036">
<String CONTENT="Richard," HEIGHT="67" HPOS="145" VPOS="3604" WIDTH="274" />
<SP HEIGHT="63" HPOS="420" VPOS="3608" WIDTH="32" />
<String CONTENT="Gaston" HEIGHT="54" HPOS="453" VPOS="3608" WIDTH="223" />
<SP HEIGHT="53" HPOS="677" VPOS="3610" WIDTH="33" />
<String CONTENT="Charles," HEIGHT="68" HPOS="711" VPOS="3608" WIDTH="262" />
<SP HEIGHT="61" HPOS="974" VPOS="3615" WIDTH="35" />
<String CONTENT="1875-" HEIGHT="55" HPOS="1010" VPOS="3610" WIDTH="171" />
</TextLine>
<TextLine HEIGHT="80" HPOS="219" STYLEREFS="StyleId-62AD8F46-35CF-478D-B440-035D22E6611B-" VPOS="3682" WIDTH="1924">
<String CONTENT="&#8230;" HEIGHT="10" HPOS="219" VPOS="3724" WIDTH="56" />
<SP HEIGHT="52" HPOS="276" VPOS="3682" WIDTH="44" />
<String CONTENT="Monique" HEIGHT="69" HPOS="321" VPOS="3682" WIDTH="269" />
<SP HEIGHT="34" HPOS="591" VPOS="3703" WIDTH="41" />
<String CONTENT="et" HEIGHT="48" HPOS="633" VPOS="3689" WIDTH="53" />
<SP HEIGHT="49" HPOS="687" VPOS="3689" WIDTH="39" />
<String CONTENT="son" HEIGHT="34" HPOS="727" VPOS="3704" WIDTH="101" />
<SP HEIGHT="34" HPOS="829" VPOS="3705" WIDTH="40" />
<String CONTENT="chauffeur," HEIGHT="68" HPOS="870" VPOS="3686" WIDTH="311" />
<SP HEIGHT="46" HPOS="1182" VPOS="3708" WIDTH="41" />
<String CONTENT="roman." HEIGHT="35" HPOS="1224" VPOS="3707" WIDTH="213" />
<SP HEIGHT="51" HPOS="1438" VPOS="3692" WIDTH="79" />
<String CONTENT="Paris," HEIGHT="71" HPOS="1518" VPOS="3690" WIDTH="184" />
<SP HEIGHT="69" HPOS="1703" VPOS="3692" WIDTH="43" />
<String CONTENT="A." HEIGHT="53" HPOS="1747" VPOS="3692" WIDTH="71" />
<SP HEIGHT="53" HPOS="1819" VPOS="3692" WIDTH="43" />
<String CONTENT="Lemerre," HEIGHT="70" HPOS="1863" VPOS="3692" WIDTH="280" />
</TextLine>
<TextLine HEIGHT="51" HPOS="149" STYLEREFS="StyleId-62AD8F46-35CF-478D-B440-035D22E6611B-" VPOS="3762" WIDTH="147">
<String CONTENT="1933." HEIGHT="51" HPOS="149" VPOS="3762" WIDTH="147" />
</TextLine>
<TextLine CS="1" HEIGHT="54" HPOS="216" VPOS="3832" WIDTH="710">
<String CONTENT="3" HEIGHT="40" HPOS="216" VPOS="3832" WIDTH="25" />
<SP />
<String CONTENT="p." HEIGHT="37" HPOS="266" VPOS="3843" WIDTH="43" />
<SP />
<String CONTENT="l.," CS="1" />
<SP HEIGHT="29" HPOS="380" VPOS="3854" WIDTH="28" />
<String CONTENT="[9]-255," HEIGHT="49" HPOS="409" VPOS="3834" WIDTH="188" />
<SP HEIGHT="30" HPOS="598" VPOS="3855" WIDTH="28" />
<String CONTENT="[1]" HEIGHT="50" HPOS="627" VPOS="3836" WIDTH="53" />
<SP HEIGHT="39" HPOS="681" VPOS="3847" WIDTH="25" />
<String CONTENT="p." HEIGHT="36" HPOS="707" VPOS="3847" WIDTH="42" />
<SP HEIGHT="38" HPOS="750" VPOS="3838" WIDTH="60" />
<String CONTENT="19cm." HEIGHT="41" HPOS="811" VPOS="3837" WIDTH="115" />
</TextLine>
<TextLine HEIGHT="49" HPOS="217" VPOS="3889" WIDTH="1026">
<String CONTENT="At" HEIGHT="40" HPOS="217" VPOS="3889" WIDTH="62" />
<SP HEIGHT="38" HPOS="280" VPOS="3891" WIDTH="24" />
<String CONTENT="head" HEIGHT="39" HPOS="305" VPOS="3891" WIDTH="122" />
<SP HEIGHT="38" HPOS="428" VPOS="3892" WIDTH="25" />
<String CONTENT="of" HEIGHT="40" HPOS="454" VPOS="3890" WIDTH="51" />
<SP HEIGHT="41" HPOS="506" VPOS="3890" WIDTH="25" />
<String CONTENT="title:" HEIGHT="40" HPOS="532" VPOS="3891" WIDTH="132" />
<SP HEIGHT="41" HPOS="665" VPOS="3891" WIDTH="30" />
<String CONTENT="Gaston-Ch." HEIGHT="46" HPOS="696" VPOS="3891" WIDTH="289" />
<SP HEIGHT="43" HPOS="986" VPOS="3894" WIDTH="26" />
<String CONTENT="Richard." HEIGHT="44" HPOS="1013" VPOS="3894" WIDTH="230" />
</TextLine>
<TextLine CS="1" HEIGHT="66" HPOS="151" VPOS="3941" WIDTH="1995">
<String CONTENT="&#169;" HEIGHT="52" HPOS="151" VPOS="3941" WIDTH="50" />
<SP HEIGHT="52" HPOS="202" VPOS="3941" WIDTH="34" />
<String CONTENT="June" HEIGHT="39" HPOS="237" VPOS="3948" WIDTH="128" />
<SP HEIGHT="38" HPOS="366" VPOS="3949" WIDTH="30" />
<String CONTENT="13," HEIGHT="46" HPOS="397" VPOS="3949" WIDTH="68" />
<SP HEIGHT="44" HPOS="466" VPOS="3951" WIDTH="35" />
<String CONTENT="1933;" HEIGHT="47" HPOS="502" VPOS="3950" WIDTH="140" />
<SP />
<String CONTENT="1c." CS="1" />
<SP />
<String CONTENT="Sept." HEIGHT="47" HPOS="785" VPOS="3952" WIDTH="123" />
<SP HEIGHT="38" HPOS="909" VPOS="3953" WIDTH="38" />
<String CONTENT="13:" HEIGHT="41" HPOS="948" VPOS="3953" WIDTH="82" />
<SP HEIGHT="40" HPOS="1031" VPOS="3954" WIDTH="37" />
<String CONTENT="A-Foreign" HEIGHT="48" HPOS="1069" VPOS="3954" WIDTH="311" />
<SP HEIGHT="38" HPOS="1381" VPOS="3957" WIDTH="32" />
<String CONTENT="22102;" HEIGHT="42" HPOS="1414" VPOS="3957" WIDTH="171" />
<SP HEIGHT="41" HPOS="1586" VPOS="3958" WIDTH="39" />
<String CONTENT="Librairie" HEIGHT="41" HPOS="1626" VPOS="3958" WIDTH="239" />
<SP HEIGHT="39" HPOS="1866" VPOS="3960" WIDTH="36" />
<String CONTENT="Alphonse" HEIGHT="47" HPOS="1903" VPOS="3960" WIDTH="243" />
</TextLine>
<TextLine HEIGHT="51" HPOS="215" VPOS="4003" WIDTH="586">
<String CONTENT="Lemerre." HEIGHT="42" HPOS="215" VPOS="4003" WIDTH="237" />
<SP HEIGHT="48" HPOS="453" VPOS="4006" WIDTH="68" />
<String CONTENT="(33-33110)" HEIGHT="48" HPOS="522" VPOS="4006" WIDTH="279" />
</TextLine>
</TextBlock>
</PrintSpace>
</Page>
</Layout>
</alto>