2484 4405
1086 4083 99 54 571

134 452 190 63 Brett,
353 452 154 52 Eon.
535 449 287 65 Dorothy,
856 453 170 50 1883-

206 520 1865 73 Lawrence and Brett; a friendship, by Dorothy Brett …
135 602 1502 71 Philadelphia, J. B. Lippincott company [ c 1933]
209 672 1697 58 xi, [1] p., 1 l., 15-300, [1] p. col. front., plates, ports. 22½ cm .
142 733 51 52 ©
219 738 113 46 Apr.
359 736 68 46 12,
454 734 112 42 1933;
623 734 68 41 2c.
718 737 95 38 and
840 734 82 40 aff.
950 736 112 46 May
1090 735 53 38 11;
1202 733 39 38 A
1268 732 169 46 61686;
1468 732 58 39 D.
1554 731 155 46 Brett,
1737 730 140 47 Taos,
1905 729 55 39 N.
1991 730 62 37 M.

217 792 278 49 (33-27161)

134 896 374 64 Chesterton,
541 895 227 55 Gilbert
799 894 201 65 Keith,
1034 895 168 54 1874-

223 975 54 51 'All
354 974 31 50 I
415 972 240 68 survey’,
685 994 31 32 a
746 971 146 54 book
923 971 63 53 of
1016 989 204 50 essays,
1250 970 75 68 by
1356 969 68 55 G.
1456 968 73 53 K.
1563 966 353 55 Chesterton.
135 966 1973 153 London,
292 1051 272 53 Methuen
593 1053 45 50 &
666 1069 78 34 co.
776 1051 101 51 ltd.
915 1052 171 64 [1933]

207 1125 61 44 vi.
299 1126 99 46 233,
434 1127 54 47 [1]
524 1135 42 37 p.
627 1124 54 39 17½cm.

141 1176 1990 56 © 1c. Apr. 8, 1933; A ad int. 17670; pubd. Mar. 23; Dodd, Mead & co.,
207 1240 104 46 inc.„
342 1240 116 39 New
488 1239 143 39 York.
703 1236 280 49 (33-10592)

136 1340 376 66 Chittenden,
544 1339 208 54 Hiram
783 1339 243 65 Martin,
1059 1338 325 56 1859-1917.

209 1416 379 55 Yellowstone
647 1417 257 54 national
963 1417 162 68 park,
1183 1416 295 54 historical
1536 1418 46 50 &
1638 1413 360 69 descriptive,
2054 1413 74 67 by

138 1495 209 54 Hiram
385 1495 219 54 Martin
647 1494 365 56 Chittenden.
1089 1498 134 49 1933
1264 1495 105 65 ed.,
1407 1512 114 34 rev.
1562 1494 74 65 by
1678 1493 248 52 Eleanor
136 1491 1970 134 Chittenden
380 1573 165 55 Cress

583 1570 1547 68 and Isabelle F. Story … Illustrated with late
138 1650 410 68 photographs.
624 1649 282 55 Stanford
948 1649 355 67 University,
1345 1649 197 65 Calif.,
1584 1647 281 55 Stanford
138 1648 1970 147 university

307 1745 184 49 press;
549 1728 258 66 London,
861 1727 77 53 H.
994 1726 267 68 Milford,
1318 1726 228 55 Oxford
1604 1725 316 68 university
1980 1744 151 50 press

162 1808 175 63 [ c 1933]
211 1874 1359 52 xi, 286 p. front. (port.) plates, fold. map. 23 cm .
213 1932 132 42 First
377 1933 269 50 published,
680 1933 126 40 1895.
869 1933 145 40 “This
1046 1934 197 48 general
1286 1932 162 49 (1933)
1491 1933 210 40 revision
1735 1934 41 39 is
1808 1934 82 40 the
1920 1934 213 40 fourth."

143 1988 1993 54 © Mar. 13, 1933; 2c. Mar. 22; aff. Apr. 17; A 62390; Board of trustees
211 2050 52 39 of
289 2050 81 40 the
396 2050 182 40 Leland
609 2049 233 40 Stanford
869 2047 167 48 junior
1062 2047 145 50 univ.,
1237 2048 234 40 Stanford
1501 2047 294 49 University,
1827 2047 144 42 Calif.

219 2107 280 48 (33-27145)

137 2196 410 65 Croft-Cooke,
578 2196 246 63 Rupert,
858 2200 171 50 1903-

270 2269 1866 72 … Cosmopolis. New York, L. MacVeagh, Dial press, inc.,
141 2356 150 50 1933.

209 2424 615 50 5 p. l ., 3-323 p. 19½ cm .
144 2479 51 52 ©
230 2484 113 47 Apr.
380 2483 67 46 12,
483 2482 140 47 1933;
661 2483 65 39 2c.
742 2452 17 20 2
762 2482 115 48 Apr.
913 2483 81 45 13;
1034 2481 83 40 aff.
1153 2481 112 48 Apr.
1301 2482 84 47 24;
1423 2482 41 38 A
1500 2482 169 40 62387:
1710 2484 54 38 R.
1804 2482 331 46 Croft-Cooke,

213 2540 276 46 Rochester,
521 2539 238 48 England.,
826 2537 280 50 (33-10596)

139 2630 236 64 Cruppi,
406 2629 162 55 Alice
598 2631 80 53 M.

272 2703 1862 70 … Pattes-Blanches, lapin de Gascogne. Illustrations de
140 2784 319 52 Madeleine
487 2782 289 69 Charléty.
839 2782 185 67 Paris,
1049 2781 72 53 A.
1152 2780 185 69 Colin,
1365 2785 150 50 1932.

211 2857 87 40 240
328 2868 42 37 p.
433 2858 124 39 illus.
619 2856 54 40 19
675 2860 45 19 cm
727 2888 7 7 .
806 2857 99 47 (On
935 2867 161 31 cover:
1129 2856 339 49 Bibliothèque
1501 2859 63 39 du
1598 2857 122 49 petit
1754 2857 260 49 Français)

144 2908 1993 57 © Nov. 5, 1932; 1c. Jan. 31, 1933; A-Foreign 19531; Max Leclerc & cie.,
212 2971 154 40 Paris.
437 2970 278 50 (33-10810)

138 3058 181 65 Dane,
351 3059 227 65 George
609 3060 171 55 Ezra.

212 3138 120 52 The
373 3136 169 68 lucky
583 3137 181 67 louse;
809 3155 80 49 or,
931 3137 186 54 Blood
1159 3137 119 55 will
1319 3138 117 67 tell,
1475 3138 171 69 being
1686 3158 71 36 an
1798 3139 250 70 exciting
2089 3145 45 50 &

142 3215 290 53 authentic
465 3221 156 61 story
654 3215 65 54 of
750 3215 105 52 life
889 3220 45 50 &
966 3217 132 52 luck
1130 3216 60 52 in
1225 3217 96 51 the
1355 3217 324 55 California
1712 3219 179 52 mines
1925 3219 210 67 during

141 3294 95 52 the
269 3295 140 65 days
441 3294 163 52 when
637 3295 135 66 gold
805 3314 115 33 was
956 3296 136 65 free,
1125 3298 46 50 &
1202 3293 357 69 illustrating
1592 3314 32 33 a
1657 3302 147 47 most
1839 3295 297 69 ingenious

141 3372 229 52 method
407 3371 92 52 for
532 3372 224 68 getting
789 3371 90 54 rid
912 3372 64 53 of
1010 3373 61 66 it,
1107 3377 100 61 etc,
1243 3376 91 49 &c.
1410 3373 141 52 Now
1588 3373 93 53 for
1715 3375 96 51 the
1844 3374 124 53 first
2000 3374 137 54 time

144 3451 265 51 recorded
444 3450 75 66 by
557 3451 150 51 Ezra
745 3452 178 51 Dane.
1001 3450 117 55 San
1155 3448 323 69 Francisco,
1513 3452 65 52 L.
1616 3451 280 67 Kennedy
1939 3485 12 34 [
1956 3457 18 22 c
1980 3455 150 65 1933]

215 3522 83 48 [14]
333 3533 41 36 p.
437 3522 147 40 front.
645 3522 146 42 16½cm.

147 3574 51 52 ©
228 3579 113 47 Apr.
371 3580 68 44 18,
470 3578 139 42 1933:
640 3580 67 39 2c.
738 3581 95 39 and
863 3579 81 41 aff.
977 3580 111 47 Apr.
1120 3579 56 39 24;
1235 3580 41 38 A
1305 3578 146 41 62260;
1510 3579 52 41 G.
1594 3581 53 38 E.
1678 3581 149 47 Dane,
1863 3582 95 40 San
213 3581 1909 94 Francisco.
423 3635 279 49 (33-10726)

141 3722 318 68 Davidson,
489 3725 251 58 Clinton.

141 3801 1997 152 Keeping fortunes intact, by Clinton Davidson … An explanation of the causes which underlie the depreciation of
143 3956 259 55 fortunes
442 3961 112 51 and
597 3964 220 64 estates,
858 3962 261 68 together
1160 3963 139 52 with
1340 3963 95 53 the
1475 3982 192 37 means
1708 3965 95 52 for
1842 3963 296 69 removing
