<alto xmlns="http://www.loc.gov/standards/alto/ns-v3#" xmlns:xlink="http://www.w3.org/1999/xlink" xmlns:xsi="http://www.w3.org/2001/XMLSchema-instance" xsi:schemaLocation="http://www.loc.gov/standards/alto/ns-v3# http://www.loc.gov/alto/v3/alto-3-0.xsd"><Description>
<MeasurementUnit>pixel</MeasurementUnit>
<sourceImageInformation>
<fileName>1933_v1_Part1.pdf</fileName>
</sourceImageInformation>
<OCRProcessing ID="IdOcr">
<ocrProcessingStep>
<processingDateTime>2019-01-03</processingDateTime>
<processingSoftware>
<softwareCreator>ABBYY</softwareCreator>
<softwareName>ABBYY Recognition Server</softwareName>
<softwareVersion>4.0</softwareVersion>
</processingSoftware>
</ocrProcessingStep>
</OCRProcessing>
</Description>
<Styles>
<ParagraphStyle ID="StyleId-FFFFFFFF-FFFF-FFFF-FFFF-FFFFFFFFFFFF-" ALIGN="Left" LEFT="0." RIGHT="0." FIRSTLINE="0."/>
<ParagraphStyle ID="StyleId-6EF5737A-DCEB-4126-A0CF-C5930BF7166A-" ALIGN="Left" LEFT="0." RIGHT="0." FIRSTLINE="0." LINESPACE="8.300000191"/>
<ParagraphStyle ID="StyleId-2DE44258-FD0B-41E1-B542-087C989B01A3-" ALIGN="Left" LEFT="0." RIGHT="0." FIRSTLINE="0." LINESPACE="12.19999981"/>
<ParagraphStyle ID="StyleId-CE3D254A-29D7-4DD7-B5F1-E0FC0EF29B05-" ALIGN="Left" LEFT="0." RIGHT="0." FIRSTLINE="-14." LINESPACE="8.619999886"/>
<ParagraphStyle ID="StyleId-C0E3A137-CE4F-4287-8A90-B599106709D0-" ALIGN="Left" LEFT="0." RIGHT="0." FIRSTLINE="-14." LINESPACE="12.19999981"/>
<ParagraphStyle ID="StyleId-50F26F0C-05DA-4C19-BA58-7A6AC4499BEE-" ALIGN="Left" LEFT="0." RIGHT="0." FIRSTLINE="-14." LINESPACE="11.06999969"/>
<ParagraphStyle ID="StyleId-5DDE65AF-512C-41E2-9B8E-095D6D99EF68-" ALIGN="Center" LEFT="0." RIGHT="0." FIRSTLINE="0." LINESPACE="11.89999962"/>
<ParagraphStyle ID="StyleId-0A81D7A5-6A62-4C52-915E-7768974C704D-" ALIGN="Left" LEFT="0." RIGHT="0." FIRSTLINE="0." LINESPACE="9.399999619"/>
<ParagraphStyle ID="StyleId-F7A0127F-6B48-4157-BB81-FE33E1E1A05B-" ALIGN="Block" LEFT="0." RIGHT="0." FIRSTLINE="-13." LINESPACE="10.63000011"/>
<ParagraphStyle ID="StyleId-E18C69F7-DBD7-48B1-805C-FCD96D0DA019-" ALIGN="Left" LEFT="0." RIGHT="0." FIRSTLINE="0." LINESPACE="11.64000034"/>
<ParagraphStyle ID="StyleId-98F15501-B611-4E83-8BB3-807E891F11F5-" ALIGN="Left" LEFT="0." RIGHT="0." FIRSTLINE="-14." LINESPACE="12.19999981"/>
<ParagraphStyle ID="StyleId-F4A78626-0BBC-4D12-94D9-A1AE75A9855F-" ALIGN="Left" LEFT="0." RIGHT="0." FIRSTLINE="0." LINESPACE="9.399999619"/>
<ParagraphStyle ID="StyleId-6A3F6F4C-D21B-4ADE-902F-7683F18ECEF3-" ALIGN="Left" LEFT="0." RIGHT="0." FIRSTLINE="0." LINESPACE="11.10000038"/>
</Styles>
<Layout>
<Page ID="Page1210" PHYSICAL_IMG_NR="1210" HEIGHT="4453" WIDTH="2582">
<TopMargin HEIGHT="440" WIDTH="2582" VPOS="0" HPOS="0">
</TopMargin>
<LeftMargin HEIGHT="3832" WIDTH="374" VPOS="440" HPOS="0">
</LeftMargin>
<RightMargin HEIGHT="3832" WIDTH="152" VPOS="440" HPOS="2430">
</RightMargin>
<BottomMargin HEIGHT="181" WIDTH="2582" VPOS="4272" HPOS="0">
</BottomMargin>
<PrintSpace HEIGHT="3832" WIDTH="2056" VPOS="440" HPOS="374">
<TextBlock ID="Page1210_Block1" HEIGHT="149" WIDTH="344" VPOS="4123" HPOS="1227" LANG="en-US" STYLEREFS="StyleId-FBE57436-D8E6-416D-8AD1-0A7137EC8547-">
<TextLine HEIGHT="54" WIDTH="137" VPOS="4156" HPOS="1331">
<String CONTENT="1210" HEIGHT="54" WIDTH="137" VPOS="4156" HPOS="1331"/>
</TextLine>
</TextBlock>
<TextBlock ID="Page1210_Block2" HEIGHT="3695" WIDTH="2056" VPOS="440" HPOS="374" LANG="en-US" CS="1" STYLEREFS="StyleId-5486C578-0EB7-414A-9801-A771DFA8137A-">
<TextLine HEIGHT="50" WIDTH="1492" VPOS="526" HPOS="467" CS="1">
<String CONTENT="&#8220;The" HEIGHT="41" WIDTH="128" VPOS="526" HPOS="467"/>
<SP HEIGHT="29" WIDTH="24" VPOS="538" HPOS="596"/>
<String CONTENT="origin" HEIGHT="49" WIDTH="159" VPOS="526" HPOS="621"/>
<SP HEIGHT="30" WIDTH="25" VPOS="537" HPOS="781"/>
<String CONTENT="and" HEIGHT="40" WIDTH="96" VPOS="527" HPOS="807"/>
<SP HEIGHT="41" WIDTH="27" VPOS="527" HPOS="904"/>
<String CONTENT="early" HEIGHT="47" WIDTH="136" VPOS="528" HPOS="932"/>
<SP HEIGHT="47" WIDTH="26" VPOS="528" HPOS="1069"/>
<String CONTENT="history" HEIGHT="48" WIDTH="190" VPOS="528" HPOS="1096"/>
<SP HEIGHT="36" WIDTH="26" VPOS="540" HPOS="1287"/>
<String CONTENT="of" HEIGHT="41" WIDTH="51" VPOS="528" HPOS="1314"/>
<SP HEIGHT="40" WIDTH="23" VPOS="528" HPOS="1366"/>
<String CONTENT="the" HEIGHT="41" WIDTH="83" VPOS="529" HPOS="1390"/>
<SP HEIGHT="40" WIDTH="25" VPOS="530" HPOS="1474"/>
<String CS="1" CONTENT="doctrine.&#8221;&#8212;Pref." HEIGHT="41" WIDTH="459" VPOS="530" HPOS="1500"/>
</TextLine>
<TextLine HEIGHT="56" WIDTH="1553" VPOS="579" HPOS="394" CS="1">
<String CONTENT="&#169;" HEIGHT="53" WIDTH="52" VPOS="579" HPOS="394"/>
<SP HEIGHT="53" WIDTH="33" VPOS="579" HPOS="447"/>
<String CONTENT="Aug." HEIGHT="48" WIDTH="119" VPOS="584" HPOS="481"/>
<SP HEIGHT="39" WIDTH="35" VPOS="586" HPOS="601"/>
<String CONTENT="15," HEIGHT="42" WIDTH="68" VPOS="586" HPOS="637"/>
<SP HEIGHT="41" WIDTH="36" VPOS="587" HPOS="706"/>
<String CONTENT="1933;" HEIGHT="41" WIDTH="140" VPOS="585" HPOS="743"/>
<SP HEIGHT="41" WIDTH="37" VPOS="585" HPOS="884"/>
<String CONTENT="2c." HEIGHT="40" WIDTH="66" VPOS="585" HPOS="922"/>
<SP HEIGHT="39" WIDTH="35" VPOS="586" HPOS="989"/>
<String CONTENT="Aug." HEIGHT="47" WIDTH="120" VPOS="586" HPOS="1025"/>
<SP HEIGHT="37" WIDTH="36" VPOS="588" HPOS="1146"/>
<String CONTENT="10;" HEIGHT="46" WIDTH="81" VPOS="586" HPOS="1183"/>
<SP HEIGHT="36" WIDTH="37" VPOS="596" HPOS="1265"/>
<String CONTENT="aff." HEIGHT="41" WIDTH="82" VPOS="586" HPOS="1303"/>
<SP HEIGHT="40" WIDTH="35" VPOS="587" HPOS="1386"/>
<String CONTENT="Aug." HEIGHT="48" WIDTH="119" VPOS="587" HPOS="1422"/>
<SP HEIGHT="37" WIDTH="36" VPOS="588" HPOS="1542"/>
<String CONTENT="19;" HEIGHT="48" WIDTH="81" VPOS="586" HPOS="1579"/>
<SP HEIGHT="46" WIDTH="37" VPOS="588" HPOS="1661"/>
<!-- cceid 4805981D-6CF9-1014-A6CF-A82867D68027 --><String CONTENT="A" HEIGHT="38" WIDTH="41" VPOS="588" HPOS="1699"/>
<SP HEIGHT="40" WIDTH="35" VPOS="587" HPOS="1741"/>
<String CS="1" CONTENT="64785;" HEIGHT="41" WIDTH="170" VPOS="587" HPOS="1777"/>
</TextLine>
<TextLine HEIGHT="41" WIDTH="423" VPOS="586" HPOS="1987" CS="1">
<String CONTENT="Columbia" HEIGHT="40" WIDTH="253" VPOS="587" HPOS="1987"/>
<SP HEIGHT="30" WIDTH="39" VPOS="597" HPOS="2241"/>
<String CS="1" CONTENT="univ." HEIGHT="41" WIDTH="93" VPOS="586" HPOS="2317"/>
</TextLine>
<TextLine HEIGHT="49" WIDTH="506" VPOS="642" HPOS="462">
<String CONTENT="press." HEIGHT="38" WIDTH="149" VPOS="652" HPOS="462"/>
<SP HEIGHT="49" WIDTH="72" VPOS="642" HPOS="612"/>
<String CONTENT="(33-23037)" HEIGHT="49" WIDTH="283" VPOS="642" HPOS="685"/>
</TextLine>
<TextLine HEIGHT="78" WIDTH="1629" VPOS="731" HPOS="389" STYLEREFS="StyleId-F9AD87C1-57F2-4A75-A477-98E3CCEDD5CA-">
<String CONTENT="Berners," HEIGHT="72" WIDTH="276" VPOS="731" HPOS="389"/>
<SP HEIGHT="64" WIDTH="28" VPOS="739" HPOS="666"/>
<String CONTENT="Juliana," HEIGHT="68" WIDTH="257" VPOS="736" HPOS="695"/>
<SP HEIGHT="64" WIDTH="27" VPOS="740" HPOS="953"/>
<String CONTENT="dame," HEIGHT="68" WIDTH="184" VPOS="740" HPOS="981"/>
<SP HEIGHT="68" WIDTH="28" VPOS="740" HPOS="1166"/>
<String CONTENT="b." HEIGHT="53" WIDTH="48" VPOS="740" HPOS="1195"/>
<SP HEIGHT="50" WIDTH="29" VPOS="743" HPOS="1244"/>
<String CONTENT="1388?" HEIGHT="54" WIDTH="169" VPOS="740" HPOS="1274"/>
<SP HEIGHT="54" WIDTH="32" VPOS="740" HPOS="1444"/>
<String CONTENT="supposed" HEIGHT="67" WIDTH="287" VPOS="742" HPOS="1477"/>
<SP HEIGHT="52" WIDTH="27" VPOS="742" HPOS="1765"/>
<String CONTENT="author." HEIGHT="55" WIDTH="225" VPOS="741" HPOS="1793"/>
</TextLine>
<TextLine HEIGHT="71" WIDTH="1953" VPOS="815" HPOS="465" STYLEREFS="StyleId-8C613CC8-27BC-4B39-81CA-948D3666F5BC-">
<String CONTENT="A" HEIGHT="51" WIDTH="55" VPOS="816" HPOS="465"/>
<SP HEIGHT="53" WIDTH="20" VPOS="816" HPOS="521"/>
<String CONTENT="treatise" HEIGHT="56" WIDTH="230" VPOS="815" HPOS="542"/>
<SP HEIGHT="35" WIDTH="25" VPOS="836" HPOS="773"/>
<String CONTENT="on" HEIGHT="33" WIDTH="72" VPOS="836" HPOS="799"/>
<SP HEIGHT="52" WIDTH="21" VPOS="816" HPOS="872"/>
<String CONTENT="fishing" HEIGHT="71" WIDTH="211" VPOS="815" HPOS="894"/>
<SP HEIGHT="50" WIDTH="20" VPOS="836" HPOS="1106"/>
<String CONTENT="with" HEIGHT="52" WIDTH="140" VPOS="817" HPOS="1127"/>
<SP HEIGHT="56" WIDTH="25" VPOS="818" HPOS="1268"/>
<String CONTENT="a" HEIGHT="33" WIDTH="30" VPOS="841" HPOS="1294"/>
<SP HEIGHT="57" WIDTH="23" VPOS="817" HPOS="1325"/>
<String CONTENT="hook," HEIGHT="67" WIDTH="167" VPOS="817" HPOS="1349"/>
<SP HEIGHT="47" WIDTH="25" VPOS="837" HPOS="1517"/>
<String CONTENT="attributed" HEIGHT="55" WIDTH="316" VPOS="817" HPOS="1543"/>
<SP HEIGHT="55" WIDTH="21" VPOS="817" HPOS="1860"/>
<String CONTENT="to" HEIGHT="47" WIDTH="58" VPOS="825" HPOS="1882"/>
<SP HEIGHT="54" WIDTH="24" VPOS="817" HPOS="1941"/>
<String CONTENT="Dame" HEIGHT="54" WIDTH="179" VPOS="817" HPOS="1966"/>
<SP HEIGHT="54" WIDTH="26" VPOS="817" HPOS="2146"/>
<String CONTENT="Juliana" HEIGHT="55" WIDTH="245" VPOS="817" HPOS="2173"/>
</TextLine>
<TextLine HEIGHT="71" WIDTH="2023" VPOS="894" HPOS="396" STYLEREFS="StyleId-8C613CC8-27BC-4B39-81CA-948D3666F5BC-">
<String CONTENT="Berners," HEIGHT="69" WIDTH="261" VPOS="894" HPOS="396"/>
<SP HEIGHT="49" WIDTH="31" VPOS="914" HPOS="658"/>
<String CONTENT="printed" HEIGHT="69" WIDTH="230" VPOS="894" HPOS="690"/>
<SP HEIGHT="53" WIDTH="35" VPOS="895" HPOS="921"/>
<String CONTENT="in" HEIGHT="52" WIDTH="58" VPOS="896" HPOS="957"/>
<SP HEIGHT="52" WIDTH="32" VPOS="896" HPOS="1016"/>
<String CONTENT="The" HEIGHT="53" WIDTH="121" VPOS="896" HPOS="1049"/>
<SP HEIGHT="34" WIDTH="24" VPOS="915" HPOS="1171"/>
<String CONTENT="book" HEIGHT="53" WIDTH="144" VPOS="896" HPOS="1204"/>
<SP HEIGHT="53" WIDTH="32" VPOS="896" HPOS="1349"/>
<String CONTENT="of" HEIGHT="52" WIDTH="63" VPOS="897" HPOS="1382"/>
<SP HEIGHT="55" WIDTH="32" VPOS="896" HPOS="1446"/>
<String CONTENT="Saint" HEIGHT="55" WIDTH="169" VPOS="896" HPOS="1479"/>
<SP HEIGHT="55" WIDTH="32" VPOS="896" HPOS="1649"/>
<String CONTENT="Albans" HEIGHT="55" WIDTH="220" VPOS="896" HPOS="1682"/>
<SP HEIGHT="55" WIDTH="30" VPOS="896" HPOS="1903"/>
<String CONTENT="by" HEIGHT="69" WIDTH="75" VPOS="896" HPOS="1934"/>
<SP HEIGHT="69" WIDTH="32" VPOS="896" HPOS="2010"/>
<String CONTENT="Wynken" HEIGHT="69" WIDTH="266" VPOS="896" HPOS="2043"/>
<SP HEIGHT="52" WIDTH="33" VPOS="897" HPOS="2310"/>
<String LANG="fr" CONTENT="de" HEIGHT="52" WIDTH="75" VPOS="897" HPOS="2344"/>
</TextLine>
<TextLine HEIGHT="72" WIDTH="2028" VPOS="973" HPOS="393" STYLEREFS="StyleId-8C613CC8-27BC-4B39-81CA-948D3666F5BC-" CS="1">
<String CONTENT="Worde," HEIGHT="67" WIDTH="230" VPOS="973" HPOS="393"/>
<SP HEIGHT="49" WIDTH="36" VPOS="991" HPOS="624"/>
<String CS="1" CONTENT="MCCCCLXXXXVI," HEIGHT="24" WIDTH="11" VPOS="1019" HPOS="1116"/>
<SP HEIGHT="48" WIDTH="36" VPOS="995" HPOS="1128"/>
<String CONTENT="and" HEIGHT="53" WIDTH="114" VPOS="975" HPOS="1165"/>
<SP HEIGHT="53" WIDTH="34" VPOS="975" HPOS="1280"/>
<String CONTENT="rendered" HEIGHT="54" WIDTH="273" VPOS="975" HPOS="1315"/>
<SP HEIGHT="53" WIDTH="35" VPOS="976" HPOS="1589"/>
<String CONTENT="into" HEIGHT="52" WIDTH="121" VPOS="977" HPOS="1625"/>
<SP HEIGHT="34" WIDTH="33" VPOS="994" HPOS="1747"/>
<String CONTENT="modern" HEIGHT="55" WIDTH="237" VPOS="974" HPOS="1781"/>
<SP HEIGHT="52" WIDTH="33" VPOS="975" HPOS="2019"/>
<String CONTENT="English" HEIGHT="69" WIDTH="248" VPOS="975" HPOS="2053"/>
<SP HEIGHT="53" WIDTH="34" VPOS="975" HPOS="2302"/>
<String CONTENT="by" HEIGHT="70" WIDTH="84" VPOS="975" HPOS="2337"/>
</TextLine>
<TextLine HEIGHT="71" WIDTH="2019" VPOS="1052" HPOS="394" STYLEREFS="StyleId-8C613CC8-27BC-4B39-81CA-948D3666F5BC-" CS="1">
<String CONTENT="William" HEIGHT="53" WIDTH="259" VPOS="1052" HPOS="394"/>
<SP HEIGHT="53" WIDTH="38" VPOS="1053" HPOS="654"/>
<String CONTENT="Van" HEIGHT="54" WIDTH="130" VPOS="1053" HPOS="693"/>
<SP HEIGHT="53" WIDTH="35" VPOS="1053" HPOS="824"/>
<String CONTENT="Wyck," HEIGHT="70" WIDTH="201" VPOS="1053" HPOS="860"/>
<SP HEIGHT="51" WIDTH="35" VPOS="1072" HPOS="1062"/>
<String CS="1" CONTENT="MCMXXXIII." HEIGHT="9" WIDTH="10" VPOS="1096" HPOS="1437"/>
<SP HEIGHT="35" WIDTH="78" VPOS="1088" HPOS="1448"/>
<String CS="1" CONTENT="[New" HEIGHT="54" WIDTH="138" VPOS="1054" HPOS="1545"/>
<SP HEIGHT="52" WIDTH="40" VPOS="1054" HPOS="1684"/>
<String CONTENT="York," HEIGHT="68" WIDTH="180" VPOS="1054" HPOS="1725"/>
<SP HEIGHT="68" WIDTH="34" VPOS="1054" HPOS="1906"/>
<String CONTENT="The" HEIGHT="55" WIDTH="121" VPOS="1054" HPOS="1941"/>
<SP HEIGHT="55" WIDTH="38" VPOS="1054" HPOS="2063"/>
<String CONTENT="Van" HEIGHT="52" WIDTH="130" VPOS="1054" HPOS="2102"/>
<SP HEIGHT="52" WIDTH="38" VPOS="1054" HPOS="2233"/>
<String CONTENT="Rees" HEIGHT="53" WIDTH="141" VPOS="1054" HPOS="2272"/>
</TextLine>
<TextLine HEIGHT="65" WIDTH="384" VPOS="1135" HPOS="394" STYLEREFS="StyleId-8C613CC8-27BC-4B39-81CA-948D3666F5BC-">
<String CONTENT="press," HEIGHT="50" WIDTH="174" VPOS="1149" HPOS="394"/>
<SP HEIGHT="60" WIDTH="32" VPOS="1139" HPOS="569"/>
<String CONTENT="c1933]" HEIGHT="65" WIDTH="176" VPOS="1135" HPOS="602"/>
</TextLine>
<TextLine HEIGHT="50" WIDTH="832" VPOS="1204" HPOS="466" CS="1">
<String CONTENT="54" HEIGHT="40" WIDTH="55" VPOS="1204" HPOS="466"/>
<SP HEIGHT="49" WIDTH="27" VPOS="1205" HPOS="522"/>
<String CONTENT="p." HEIGHT="39" WIDTH="44" VPOS="1215" HPOS="550"/>
<SP HEIGHT="40" WIDTH="29" VPOS="1205" HPOS="595"/>
<String CONTENT="incl." HEIGHT="40" WIDTH="109" VPOS="1205" HPOS="625"/>
<SP HEIGHT="39" WIDTH="30" VPOS="1206" HPOS="735"/>
<String CONTENT="front.," HEIGHT="45" WIDTH="164" VPOS="1206" HPOS="766"/>
<SP HEIGHT="45" WIDTH="30" VPOS="1206" HPOS="931"/>
<String CONTENT="illus." HEIGHT="40" WIDTH="128" VPOS="1206" HPOS="962"/>
<SP HEIGHT="38" WIDTH="60" VPOS="1208" HPOS="1091"/>
<String CS="1" CONTENT="19&#189;cm." HEIGHT="41" WIDTH="146" VPOS="1205" HPOS="1152"/>
</TextLine>
<TextLine HEIGHT="54" WIDTH="1410" VPOS="1262" HPOS="396" CS="1">
<String CONTENT="&#169;" HEIGHT="53" WIDTH="52" VPOS="1262" HPOS="396"/>
<SP HEIGHT="53" WIDTH="28" VPOS="1262" HPOS="449"/>
<String CONTENT="July" HEIGHT="47" WIDTH="118" VPOS="1268" HPOS="478"/>
<SP HEIGHT="48" WIDTH="23" VPOS="1267" HPOS="597"/>
<String CONTENT="28," HEIGHT="47" WIDTH="70" VPOS="1267" HPOS="621"/>
<SP HEIGHT="44" WIDTH="28" VPOS="1270" HPOS="692"/>
<String CS="1" CONTENT="1933;" HEIGHT="41" WIDTH="112" VPOS="1267" HPOS="721"/>
<SP HEIGHT="45" WIDTH="29" VPOS="1268" HPOS="862"/>
<String CONTENT="2c." HEIGHT="40" WIDTH="68" VPOS="1268" HPOS="892"/>
<SP HEIGHT="41" WIDTH="27" VPOS="1267" HPOS="961"/>
<String CONTENT="July" HEIGHT="49" WIDTH="117" VPOS="1267" HPOS="989"/>
<SP HEIGHT="48" WIDTH="25" VPOS="1268" HPOS="1107"/>
<String CS="1" CONTENT="29;" HEIGHT="40" WIDTH="56" VPOS="1268" HPOS="1133"/>
<SP HEIGHT="36" WIDTH="29" VPOS="1278" HPOS="1217"/>
<String CONTENT="aff." HEIGHT="40" WIDTH="83" VPOS="1268" HPOS="1247"/>
<SP HEIGHT="40" WIDTH="27" VPOS="1268" HPOS="1331"/>
<String CONTENT="Aug." HEIGHT="48" WIDTH="119" VPOS="1268" HPOS="1359"/>
<SP HEIGHT="40" WIDTH="29" VPOS="1268" HPOS="1479"/>
<String CS="1" CONTENT="8;" HEIGHT="39" WIDTH="25" VPOS="1268" HPOS="1509"/>
<SP HEIGHT="42" WIDTH="30" VPOS="1269" HPOS="1561"/>
<!-- cceid 4805ED65-6CF9-1014-A6CF-A82867D68027 --><String CONTENT="A" HEIGHT="38" WIDTH="41" VPOS="1269" HPOS="1592"/>
<SP HEIGHT="40" WIDTH="26" VPOS="1268" HPOS="1634"/>
<String CS="1" CONTENT="64748;" HEIGHT="40" WIDTH="145" VPOS="1268" HPOS="1661"/>
</TextLine>
<TextLine HEIGHT="48" WIDTH="550" VPOS="1268" HPOS="1864">
<String CONTENT="William" HEIGHT="39" WIDTH="219" VPOS="1269" HPOS="1864"/>
<SP HEIGHT="38" WIDTH="26" VPOS="1269" HPOS="2084"/>
<String CONTENT="Van" HEIGHT="39" WIDTH="107" VPOS="1269" HPOS="2111"/>
<SP HEIGHT="40" WIDTH="28" VPOS="1268" HPOS="2219"/>
<String CONTENT="Wyck," HEIGHT="48" WIDTH="166" VPOS="1268" HPOS="2248"/>
</TextLine>
<TextLine HEIGHT="49" WIDTH="650" VPOS="1325" HPOS="466">
<String CONTENT="New" HEIGHT="39" WIDTH="118" VPOS="1325" HPOS="466"/>
<SP HEIGHT="39" WIDTH="28" VPOS="1325" HPOS="585"/>
<String CONTENT="York." HEIGHT="40" WIDTH="147" VPOS="1325" HPOS="614"/>
<SP HEIGHT="47" WIDTH="70" VPOS="1326" HPOS="762"/>
<String CONTENT="(33-23057)" HEIGHT="49" WIDTH="283" VPOS="1325" HPOS="833"/>
</TextLine>
<TextLine HEIGHT="69" WIDTH="1315" VPOS="1419" HPOS="389" STYLEREFS="StyleId-157A2B4C-65CE-4E1B-A543-0E07F7B470A7-">
<String CONTENT="Bohlen," HEIGHT="67" WIDTH="244" VPOS="1419" HPOS="389"/>
<SP HEIGHT="65" WIDTH="31" VPOS="1421" HPOS="634"/>
<String CONTENT="Francis" HEIGHT="55" WIDTH="247" VPOS="1421" HPOS="666"/>
<SP HEIGHT="53" WIDTH="27" VPOS="1423" HPOS="914"/>
<String CONTENT="Hermann," HEIGHT="65" WIDTH="327" VPOS="1423" HPOS="942"/>
<SP HEIGHT="62" WIDTH="34" VPOS="1426" HPOS="1270"/>
<String CONTENT="1868-" HEIGHT="50" WIDTH="173" VPOS="1425" HPOS="1305"/>
<SP HEIGHT="34" WIDTH="141" VPOS="1440" HPOS="1479"/>
<String CONTENT="ed." HEIGHT="53" WIDTH="83" VPOS="1423" HPOS="1621"/>
</TextLine>
<TextLine HEIGHT="68" WIDTH="1951" VPOS="1501" HPOS="461" STYLEREFS="StyleId-E34192C2-A1CD-4EBF-9F65-8ADF7CE0D401-">
<String CONTENT="A" HEIGHT="52" WIDTH="56" VPOS="1502" HPOS="461"/>
<SP HEIGHT="52" WIDTH="24" VPOS="1502" HPOS="518"/>
<String CONTENT="short" HEIGHT="53" WIDTH="164" VPOS="1501" HPOS="543"/>
<SP HEIGHT="46" WIDTH="22" VPOS="1508" HPOS="708"/>
<String CONTENT="selection" HEIGHT="53" WIDTH="268" VPOS="1501" HPOS="731"/>
<SP HEIGHT="35" WIDTH="26" VPOS="1519" HPOS="1000"/>
<String CONTENT="of" HEIGHT="52" WIDTH="63" VPOS="1501" HPOS="1027"/>
<SP HEIGHT="53" WIDTH="24" VPOS="1501" HPOS="1091"/>
<String CONTENT="cases" HEIGHT="34" WIDTH="151" VPOS="1520" HPOS="1116"/>
<SP HEIGHT="34" WIDTH="26" VPOS="1521" HPOS="1268"/>
<String CONTENT="on" HEIGHT="34" WIDTH="72" VPOS="1521" HPOS="1295"/>
<SP HEIGHT="47" WIDTH="23" VPOS="1507" HPOS="1368"/>
<String CONTENT="the" HEIGHT="51" WIDTH="96" VPOS="1503" HPOS="1392"/>
<SP HEIGHT="51" WIDTH="25" VPOS="1503" HPOS="1489"/>
<String CONTENT="law" HEIGHT="52" WIDTH="111" VPOS="1503" HPOS="1515"/>
<SP HEIGHT="33" WIDTH="26" VPOS="1522" HPOS="1627"/>
<String CONTENT="of" HEIGHT="54" WIDTH="62" VPOS="1501" HPOS="1654"/>
<SP HEIGHT="53" WIDTH="23" VPOS="1501" HPOS="1717"/>
<String CONTENT="torts," HEIGHT="61" WIDTH="166" VPOS="1507" HPOS="1741"/>
<SP HEIGHT="47" WIDTH="24" VPOS="1521" HPOS="1908"/>
<String CONTENT="selected," HEIGHT="68" WIDTH="259" VPOS="1501" HPOS="1933"/>
<SP HEIGHT="50" WIDTH="25" VPOS="1519" HPOS="2193"/>
<String CONTENT="edited" HEIGHT="53" WIDTH="193" VPOS="1501" HPOS="2219"/>
</TextLine>
<TextLine HEIGHT="69" WIDTH="2017" VPOS="1580" HPOS="393" STYLEREFS="StyleId-E34192C2-A1CD-4EBF-9F65-8ADF7CE0D401-" CS="1">
<String CONTENT="and" HEIGHT="53" WIDTH="113" VPOS="1580" HPOS="393"/>
<SP HEIGHT="52" WIDTH="32" VPOS="1580" HPOS="507"/>
<String CONTENT="arranged" HEIGHT="68" WIDTH="284" VPOS="1581" HPOS="540"/>
<SP HEIGHT="52" WIDTH="29" VPOS="1581" HPOS="825"/>
<String CONTENT="by" HEIGHT="67" WIDTH="76" VPOS="1581" HPOS="855"/>
<SP HEIGHT="66" WIDTH="31" VPOS="1582" HPOS="932"/>
<String CONTENT="Francis" HEIGHT="53" WIDTH="240" VPOS="1581" HPOS="964"/>
<SP HEIGHT="52" WIDTH="30" VPOS="1582" HPOS="1205"/>
<String CONTENT="H." HEIGHT="53" WIDTH="78" VPOS="1582" HPOS="1236"/>
<SP HEIGHT="52" WIDTH="33" VPOS="1583" HPOS="1315"/>
<String CONTENT="Bohlen" HEIGHT="53" WIDTH="223" VPOS="1581" HPOS="1349"/>
<SP/>
<String CS="1" CONTENT="&#8230;"/>
<SP/>
<String CONTENT="assisted" HEIGHT="53" WIDTH="237" VPOS="1580" HPOS="1705"/>
<SP HEIGHT="52" WIDTH="28" VPOS="1581" HPOS="1943"/>
<String CONTENT="by" HEIGHT="67" WIDTH="76" VPOS="1581" HPOS="1972"/>
<SP HEIGHT="66" WIDTH="32" VPOS="1582" HPOS="2049"/>
<String CONTENT="Fowler" HEIGHT="52" WIDTH="226" VPOS="1581" HPOS="2082"/>
<SP HEIGHT="52" WIDTH="28" VPOS="1581" HPOS="2309"/>
<String CONTENT="V." HEIGHT="52" WIDTH="72" VPOS="1581" HPOS="2338"/>
</TextLine>
<TextLine HEIGHT="63" WIDTH="1998" VPOS="1659" HPOS="389" STYLEREFS="StyleId-E34192C2-A1CD-4EBF-9F65-8ADF7CE0D401-" CS="1">
<String CONTENT="Harper" HEIGHT="63" WIDTH="235" VPOS="1659" HPOS="389"/>
<SP/>
<String CS="1" CONTENT="&#8230;"/>
<SP/>
<String CONTENT="Indianapolis," HEIGHT="63" WIDTH="423" VPOS="1659" HPOS="793"/>
<SP HEIGHT="59" WIDTH="33" VPOS="1661" HPOS="1217"/>
<String CONTENT="The" HEIGHT="51" WIDTH="120" VPOS="1661" HPOS="1251"/>
<SP HEIGHT="51" WIDTH="34" VPOS="1662" HPOS="1372"/>
<String CONTENT="Bobbs-Merrill" HEIGHT="54" WIDTH="447" VPOS="1659" HPOS="1407"/>
<SP HEIGHT="51" WIDTH="32" VPOS="1661" HPOS="1855"/>
<String CONTENT="company" HEIGHT="45" WIDTH="282" VPOS="1677" HPOS="1888"/>
<SP HEIGHT="44" WIDTH="39" VPOS="1678" HPOS="2171"/>
<String CS="1" CONTENT="[c1933]" HEIGHT="49" WIDTH="158" VPOS="1661" HPOS="2229"/>
</TextLine>
<TextLine HEIGHT="49" WIDTH="465" VPOS="1734" HPOS="461" STYLEREFS="StyleId-E34192C2-A1CD-4EBF-9F65-8ADF7CE0D401-" CS="1">
<String LANG="en-US" CONTENT="xvi," HEIGHT="46" WIDTH="97" VPOS="1735" HPOS="461"/>
<SP HEIGHT="46" WIDTH="29" VPOS="1735" HPOS="559"/>
<String LANG="en-US" CONTENT="765" HEIGHT="40" WIDTH="86" VPOS="1735" HPOS="589"/>
<SP HEIGHT="48" WIDTH="28" VPOS="1735" HPOS="676"/>
<String LANG="en-US" CONTENT="p." HEIGHT="38" WIDTH="43" VPOS="1745" HPOS="705"/>
<SP HEIGHT="40" WIDTH="58" VPOS="1734" HPOS="749"/>
<String LANG="fr" CS="1" CONTENT="26cm." HEIGHT="41" WIDTH="118" VPOS="1734" HPOS="808"/>
</TextLine>
<TextLine HEIGHT="52" WIDTH="1965" VPOS="1788" HPOS="397">
<String CONTENT="&#169;" HEIGHT="52" WIDTH="53" VPOS="1788" HPOS="397"/>
<SP HEIGHT="52" WIDTH="27" VPOS="1788" HPOS="451"/>
<String CONTENT="July" HEIGHT="40" WIDTH="117" VPOS="1793" HPOS="479"/>
<SP HEIGHT="40" WIDTH="26" VPOS="1793" HPOS="597"/>
<String CONTENT="30." HEIGHT="41" WIDTH="71" VPOS="1792" HPOS="624"/>
<SP HEIGHT="39" WIDTH="28" VPOS="1794" HPOS="696"/>
<String CONTENT="1933;" HEIGHT="41" WIDTH="141" VPOS="1792" HPOS="725"/>
<SP HEIGHT="41" WIDTH="31" VPOS="1792" HPOS="867"/>
<String CONTENT="2c." HEIGHT="40" WIDTH="65" VPOS="1792" HPOS="899"/>
<SP HEIGHT="40" WIDTH="35" VPOS="1792" HPOS="965"/>
<String CONTENT="Sept." HEIGHT="47" WIDTH="129" VPOS="1792" HPOS="1001"/>
<SP HEIGHT="39" WIDTH="28" VPOS="1793" HPOS="1131"/>
<String CONTENT="1:" HEIGHT="37" WIDTH="51" VPOS="1793" HPOS="1160"/>
<SP HEIGHT="29" WIDTH="33" VPOS="1802" HPOS="1212"/>
<String CONTENT="aff." HEIGHT="40" WIDTH="81" VPOS="1791" HPOS="1246"/>
<SP HEIGHT="40" WIDTH="34" VPOS="1791" HPOS="1328"/>
<String CONTENT="Sept." HEIGHT="48" WIDTH="127" VPOS="1791" HPOS="1363"/>
<SP HEIGHT="38" WIDTH="29" VPOS="1792" HPOS="1491"/>
<String CONTENT="2;" HEIGHT="41" WIDTH="54" VPOS="1792" HPOS="1521"/>
<SP HEIGHT="42" WIDTH="32" VPOS="1791" HPOS="1576"/>
<!-- cceid 480640E7-6CF9-1014-A6CF-A82867D68027 --><String CONTENT="A" HEIGHT="39" WIDTH="40" VPOS="1791" HPOS="1609"/>
<SP HEIGHT="40" WIDTH="29" VPOS="1791" HPOS="1650"/>
<String CONTENT="64900;" HEIGHT="47" WIDTH="171" VPOS="1790" HPOS="1680"/>
<SP HEIGHT="46" WIDTH="32" VPOS="1791" HPOS="1852"/>
<String CONTENT="Bobbs-Merrill" HEIGHT="42" WIDTH="372" VPOS="1788" HPOS="1885"/>
<SP HEIGHT="39" WIDTH="29" VPOS="1791" HPOS="2258"/>
<String CONTENT="co." HEIGHT="30" WIDTH="74" VPOS="1800" HPOS="2288"/>
</TextLine>
<TextLine HEIGHT="49" WIDTH="283" VPOS="1849" HPOS="478">
<String CONTENT="(33-23032)" HEIGHT="49" WIDTH="283" VPOS="1849" HPOS="478"/>
</TextLine>
<TextLine HEIGHT="65" WIDTH="659" VPOS="1940" HPOS="389" STYLEREFS="StyleId-157A2B4C-65CE-4E1B-A543-0E07F7B470A7-">
<String LANG="fr" CONTENT="Boileau," HEIGHT="64" WIDTH="262" VPOS="1941" HPOS="389"/>
<SP HEIGHT="63" WIDTH="25" VPOS="1942" HPOS="652"/>
<String LANG="en-US" CONTENT="Mrs." HEIGHT="52" WIDTH="142" VPOS="1942" HPOS="678"/>
<SP HEIGHT="52" WIDTH="30" VPOS="1942" HPOS="821"/>
<String LANG="en-US" CONTENT="Ethel." HEIGHT="55" WIDTH="196" VPOS="1940" HPOS="852"/>
</TextLine>
<TextLine HEIGHT="71" WIDTH="1958" VPOS="2017" HPOS="460" STYLEREFS="StyleId-E34192C2-A1CD-4EBF-9F65-8ADF7CE0D401-" CS="1">
<String CONTENT="A" HEIGHT="52" WIDTH="56" VPOS="2020" HPOS="460"/>
<SP HEIGHT="68" WIDTH="31" VPOS="2020" HPOS="517"/>
<String CONTENT="gay" HEIGHT="52" WIDTH="112" VPOS="2036" HPOS="549"/>
<SP HEIGHT="67" WIDTH="31" VPOS="2019" HPOS="662"/>
<String CONTENT="family," HEIGHT="70" WIDTH="229" VPOS="2018" HPOS="694"/>
<SP HEIGHT="67" WIDTH="30" VPOS="2019" HPOS="924"/>
<String CONTENT="by" HEIGHT="66" WIDTH="75" VPOS="2019" HPOS="955"/>
<SP HEIGHT="65" WIDTH="30" VPOS="2020" HPOS="1031"/>
<String CONTENT="Ethel" HEIGHT="53" WIDTH="174" VPOS="2018" HPOS="1062"/>
<SP HEIGHT="51" WIDTH="33" VPOS="2020" HPOS="1237"/>
<String LANG="fr" CONTENT="Boileau." HEIGHT="54" WIDTH="255" VPOS="2017" HPOS="1271"/>
<SP HEIGHT="51" WIDTH="70" VPOS="2019" HPOS="1527"/>
<String CONTENT="New" HEIGHT="52" WIDTH="140" VPOS="2019" HPOS="1598"/>
<SP HEIGHT="51" WIDTH="32" VPOS="2019" HPOS="1739"/>
<String CONTENT="York," HEIGHT="66" WIDTH="181" VPOS="2017" HPOS="1772"/>
<SP HEIGHT="65" WIDTH="31" VPOS="2018" HPOS="1954"/>
<String CONTENT="E." HEIGHT="51" WIDTH="68" VPOS="2018" HPOS="1986"/>
<SP HEIGHT="54" WIDTH="29" VPOS="2018" HPOS="2055"/>
<String CONTENT="P." HEIGHT="54" WIDTH="66" VPOS="2018" HPOS="2085"/>
<SP HEIGHT="51" WIDTH="32" VPOS="2017" HPOS="2152"/>
<String CONTENT="Dutton" HEIGHT="52" WIDTH="233" VPOS="2017" HPOS="2185"/>
</TextLine>
<TextLine HEIGHT="67" WIDTH="507" VPOS="2100" HPOS="389" STYLEREFS="StyleId-E34192C2-A1CD-4EBF-9F65-8ADF7CE0D401-">
<String CONTENT="&amp;" HEIGHT="49" WIDTH="46" VPOS="2104" HPOS="389"/>
<SP HEIGHT="49" WIDTH="25" VPOS="2104" HPOS="436"/>
<String CONTENT="co.," HEIGHT="49" WIDTH="98" VPOS="2118" HPOS="462"/>
<SP HEIGHT="67" WIDTH="24" VPOS="2100" HPOS="561"/>
<String CONTENT="inc.," HEIGHT="66" WIDTH="127" VPOS="2100" HPOS="586"/>
<SP HEIGHT="63" WIDTH="29" VPOS="2103" HPOS="714"/>
<String CONTENT="1933." HEIGHT="49" WIDTH="152" VPOS="2103" HPOS="744"/>
</TextLine>
<TextLine HEIGHT="50" WIDTH="653" VPOS="2172" HPOS="464" CS="1">
<String LANG="en-US" CONTENT="5" HEIGHT="40" WIDTH="27" VPOS="2174" HPOS="464"/>
<SP HEIGHT="48" WIDTH="24" VPOS="2174" HPOS="492"/>
<String LANG="fr" CONTENT="p." HEIGHT="37" WIDTH="42" VPOS="2185" HPOS="517"/>
<SP HEIGHT="38" WIDTH="29" VPOS="2176" HPOS="560"/>
<String LANG="fr" CS="1" CONTENT="l.," HEIGHT="16" WIDTH="9" VPOS="2205" HPOS="625"/>
<SP HEIGHT="46" WIDTH="29" VPOS="2175" HPOS="635"/>
<String LANG="en-US" CONTENT="13-288" HEIGHT="40" WIDTH="177" VPOS="2174" HPOS="665"/>
<SP HEIGHT="47" WIDTH="23" VPOS="2174" HPOS="843"/>
<String LANG="en-US" CONTENT="p." HEIGHT="37" WIDTH="43" VPOS="2184" HPOS="867"/>
<SP HEIGHT="39" WIDTH="57" VPOS="2174" HPOS="911"/>
<String LANG="en-US" CS="1" CONTENT="19&#189;cm." HEIGHT="41" WIDTH="148" VPOS="2172" HPOS="969"/>
</TextLine>
<TextLine HEIGHT="57" WIDTH="1949" VPOS="2223" HPOS="466">
<String CONTENT="&#8220;A" HEIGHT="38" WIDTH="69" VPOS="2233" HPOS="466"/>
<SP HEIGHT="47" WIDTH="24" VPOS="2233" HPOS="536"/>
<String CONTENT="gay" HEIGHT="38" WIDTH="92" VPOS="2242" HPOS="561"/>
<SP HEIGHT="47" WIDTH="24" VPOS="2232" HPOS="654"/>
<String CONTENT="family&quot;" HEIGHT="48" WIDTH="204" VPOS="2230" HPOS="679"/>
<SP HEIGHT="39" WIDTH="27" VPOS="2230" HPOS="884"/>
<String CONTENT="is" HEIGHT="40" WIDTH="44" VPOS="2231" HPOS="912"/>
<SP HEIGHT="37" WIDTH="22" VPOS="2242" HPOS="957"/>
<String CONTENT="published" HEIGHT="49" WIDTH="257" VPOS="2230" HPOS="980"/>
<SP HEIGHT="39" WIDTH="26" VPOS="2229" HPOS="1238"/>
<String CONTENT="in" HEIGHT="39" WIDTH="51" VPOS="2229" HPOS="1265"/>
<SP HEIGHT="37" WIDTH="25" VPOS="2231" HPOS="1317"/>
<String CONTENT="England" HEIGHT="46" WIDTH="225" VPOS="2230" HPOS="1343"/>
<SP HEIGHT="39" WIDTH="24" VPOS="2230" HPOS="1569"/>
<String CONTENT="under" HEIGHT="38" WIDTH="158" VPOS="2230" HPOS="1594"/>
<SP HEIGHT="38" WIDTH="23" VPOS="2231" HPOS="1753"/>
<String CONTENT="the" HEIGHT="40" WIDTH="82" VPOS="2229" HPOS="1777"/>
<SP HEIGHT="38" WIDTH="27" VPOS="2230" HPOS="1860"/>
<String CONTENT="title" HEIGHT="40" WIDTH="111" VPOS="2228" HPOS="1888"/>
<SP HEIGHT="40" WIDTH="26" VPOS="2227" HPOS="2000"/>
<String CONTENT="&#8220;Turnip-tops&quot;." HEIGHT="51" WIDTH="388" VPOS="2223" HPOS="2027"/>
</TextLine>
<TextLine HEIGHT="42" WIDTH="421" VPOS="2288" HPOS="467">
<String CONTENT="&#8220;First" HEIGHT="40" WIDTH="163" VPOS="2290" HPOS="467"/>
<SP HEIGHT="38" WIDTH="27" VPOS="2292" HPOS="631"/>
<String CONTENT="edition.&#8221;" HEIGHT="41" WIDTH="229" VPOS="2288" HPOS="659"/>
</TextLine>
<TextLine HEIGHT="55" WIDTH="2015" VPOS="2340" HPOS="398" CS="1">
<String CONTENT="&#169;" HEIGHT="53" WIDTH="52" VPOS="2342" HPOS="398"/>
<SP HEIGHT="53" WIDTH="32" VPOS="2342" HPOS="451"/>
<String CONTENT="Sept." HEIGHT="49" WIDTH="128" VPOS="2346" HPOS="484"/>
<SP HEIGHT="39" WIDTH="28" VPOS="2348" HPOS="613"/>
<String CONTENT="1," HEIGHT="41" WIDTH="39" VPOS="2348" HPOS="642"/>
<SP HEIGHT="41" WIDTH="30" VPOS="2348" HPOS="682"/>
<String CONTENT="1933;" HEIGHT="45" WIDTH="141" VPOS="2347" HPOS="713"/>
<SP HEIGHT="46" WIDTH="31" VPOS="2346" HPOS="855"/>
<String CONTENT="2c." HEIGHT="39" WIDTH="66" VPOS="2346" HPOS="887"/>
<SP HEIGHT="28" WIDTH="32" VPOS="2357" HPOS="954"/>
<String CONTENT="and" HEIGHT="39" WIDTH="94" VPOS="2346" HPOS="987"/>
<SP HEIGHT="39" WIDTH="30" VPOS="2346" HPOS="1082"/>
<String CONTENT="aff." HEIGHT="41" WIDTH="83" VPOS="2344" HPOS="1113"/>
<SP HEIGHT="40" WIDTH="33" VPOS="2345" HPOS="1197"/>
<String CONTENT="Sept." HEIGHT="47" WIDTH="129" VPOS="2345" HPOS="1231"/>
<SP HEIGHT="40" WIDTH="29" VPOS="2344" HPOS="1361"/>
<String CONTENT="6;" HEIGHT="42" WIDTH="52" VPOS="2344" HPOS="1391"/>
<SP HEIGHT="43" WIDTH="32" VPOS="2343" HPOS="1444"/>
<!-- cceid 480692CB-6CF9-1014-A6CF-A82867D68027 --><String CONTENT="A" HEIGHT="39" WIDTH="42" VPOS="2343" HPOS="1477"/>
<SP HEIGHT="40" WIDTH="28" VPOS="2343" HPOS="1520"/>
<String CONTENT="64914;" HEIGHT="47" WIDTH="171" VPOS="2342" HPOS="1549"/>
<SP HEIGHT="45" WIDTH="33" VPOS="2344" HPOS="1721"/>
<String CONTENT="E." HEIGHT="39" WIDTH="53" VPOS="2344" HPOS="1755"/>
<SP HEIGHT="40" WIDTH="30" VPOS="2343" HPOS="1809"/>
<String CONTENT="P." HEIGHT="38" WIDTH="51" VPOS="2343" HPOS="1840"/>
<SP HEIGHT="38" WIDTH="29" VPOS="2343" HPOS="1892"/>
<String CONTENT="Dutton" HEIGHT="38" WIDTH="190" VPOS="2343" HPOS="1922"/>
<SP HEIGHT="39" WIDTH="29" VPOS="2342" HPOS="2113"/>
<String CONTENT="&amp;" HEIGHT="39" WIDTH="39" VPOS="2342" HPOS="2143"/>
<SP HEIGHT="39" WIDTH="25" VPOS="2342" HPOS="2183"/>
<String CS="1" CONTENT="co.," HEIGHT="31" WIDTH="67" VPOS="2350" HPOS="2209"/>
<SP HEIGHT="42" WIDTH="29" VPOS="2340" HPOS="2294"/>
<String CONTENT="inc." HEIGHT="40" WIDTH="89" VPOS="2340" HPOS="2324"/>
</TextLine>
<TextLine HEIGHT="49" WIDTH="284" VPOS="2404" HPOS="475">
<String CONTENT="(33-22937)" HEIGHT="49" WIDTH="284" VPOS="2404" HPOS="475"/>
</TextLine>
<TextLine HEIGHT="66" WIDTH="507" VPOS="2495" HPOS="390" STYLEREFS="StyleId-157A2B4C-65CE-4E1B-A543-0E07F7B470A7-">
<String CONTENT="Borsodi," HEIGHT="66" WIDTH="268" VPOS="2495" HPOS="390"/>
<SP HEIGHT="65" WIDTH="25" VPOS="2496" HPOS="659"/>
<String CONTENT="Ralph." HEIGHT="64" WIDTH="212" VPOS="2495" HPOS="685"/>
</TextLine>
<TextLine HEIGHT="157" WIDTH="2022" VPOS="2565" HPOS="392" STYLEREFS="StyleId-8C613CC8-27BC-4B39-81CA-948D3666F5BC-" CS="1">
<String CONTENT="Flight" HEIGHT="70" WIDTH="205" VPOS="2573" HPOS="463"/>
<SP HEIGHT="53" WIDTH="27" VPOS="2572" HPOS="669"/>
<String CONTENT="from" HEIGHT="53" WIDTH="154" VPOS="2572" HPOS="697"/>
<SP HEIGHT="47" WIDTH="24" VPOS="2578" HPOS="852"/>
<String CONTENT="the" HEIGHT="52" WIDTH="95" VPOS="2573" HPOS="877"/>
<SP HEIGHT="34" WIDTH="25" VPOS="2591" HPOS="973"/>
<String CS="1" CONTENT="city;" HEIGHT="68" WIDTH="118" VPOS="2573" HPOS="999"/>
<SP HEIGHT="61" WIDTH="28" VPOS="2578" HPOS="1146"/>
<String CONTENT="the" HEIGHT="53" WIDTH="95" VPOS="2572" HPOS="1175"/>
<SP HEIGHT="34" WIDTH="27" VPOS="2591" HPOS="1271"/>
<String CONTENT="story" HEIGHT="64" WIDTH="159" VPOS="2576" HPOS="1299"/>
<SP HEIGHT="50" WIDTH="25" VPOS="2590" HPOS="1459"/>
<String CONTENT="of" HEIGHT="53" WIDTH="65" VPOS="2570" HPOS="1485"/>
<SP HEIGHT="54" WIDTH="25" VPOS="2570" HPOS="1551"/>
<String CONTENT="a" HEIGHT="34" WIDTH="31" VPOS="2590" HPOS="1577"/>
<SP HEIGHT="34" WIDTH="25" VPOS="2590" HPOS="1609"/>
<String CONTENT="new" HEIGHT="35" WIDTH="124" VPOS="2588" HPOS="1635"/>
<SP HEIGHT="33" WIDTH="25" VPOS="2588" HPOS="1760"/>
<String CONTENT="way" HEIGHT="50" WIDTH="128" VPOS="2587" HPOS="1786"/>
<SP HEIGHT="63" WIDTH="25" VPOS="2574" HPOS="1915"/>
<String CONTENT="to" HEIGHT="47" WIDTH="57" VPOS="2574" HPOS="1941"/>
<SP HEIGHT="54" WIDTH="28" VPOS="2566" HPOS="1999"/>
<String CONTENT="family" HEIGHT="71" WIDTH="209" VPOS="2565" HPOS="2028"/>
<SP HEIGHT="50" WIDTH="23" VPOS="2586" HPOS="2238"/>
<String CONTENT="security," HEIGHT="138" WIDTH="1997" VPOS="2584" HPOS="392"/>
<SP HEIGHT="68" WIDTH="25" VPOS="2653" HPOS="528"/>
<String CONTENT="by" HEIGHT="69" WIDTH="76" VPOS="2653" HPOS="554"/>
<SP HEIGHT="69" WIDTH="27" VPOS="2653" HPOS="631"/>
<String CONTENT="Ralph" HEIGHT="67" WIDTH="195" VPOS="2653" HPOS="659"/>
<SP HEIGHT="52" WIDTH="28" VPOS="2653" HPOS="855"/>
<String CONTENT="Borsodi" HEIGHT="52" WIDTH="244" VPOS="2653" HPOS="884"/>
<SP/>
<String CS="1" CONTENT="&#8230;"/>
<SP/>
<String CONTENT="New" HEIGHT="51" WIDTH="140" VPOS="2651" HPOS="1302"/>
<SP HEIGHT="52" WIDTH="29" VPOS="2650" HPOS="1443"/>
<String CONTENT="York" HEIGHT="52" WIDTH="164" VPOS="2650" HPOS="1473"/>
<SP HEIGHT="52" WIDTH="27" VPOS="2650" HPOS="1638"/>
<String CONTENT="and" HEIGHT="53" WIDTH="114" VPOS="2649" HPOS="1666"/>
<SP HEIGHT="53" WIDTH="26" VPOS="2649" HPOS="1781"/>
<String CONTENT="London," HEIGHT="69" WIDTH="262" VPOS="2646" HPOS="1808"/>
<SP HEIGHT="67" WIDTH="26" VPOS="2648" HPOS="2071"/>
<String CONTENT="Harper" HEIGHT="67" WIDTH="239" VPOS="2648" HPOS="2098"/>
<SP HEIGHT="51" WIDTH="22" VPOS="2648" HPOS="2338"/>
<String CONTENT="&amp;" HEIGHT="50" WIDTH="53" VPOS="2648" HPOS="2361"/>
</TextLine>
<TextLine HEIGHT="67" WIDTH="463" VPOS="2732" HPOS="390" STYLEREFS="StyleId-8C613CC8-27BC-4B39-81CA-948D3666F5BC-">
<String CONTENT="brothers," HEIGHT="67" WIDTH="280" VPOS="2732" HPOS="390"/>
<SP HEIGHT="62" WIDTH="27" VPOS="2737" HPOS="671"/>
<String CONTENT="1933." HEIGHT="50" WIDTH="154" VPOS="2735" HPOS="699"/>
</TextLine>
<TextLine HEIGHT="54" WIDTH="1368" VPOS="2802" HPOS="463" CS="1">
<String CONTENT="xv" HEIGHT="29" WIDTH="64" VPOS="2819" HPOS="463"/>
<SP/>
<String LANG="fr" CONTENT="p.," HEIGHT="38" WIDTH="58" VPOS="2818" HPOS="553"/>
<SP HEIGHT="48" WIDTH="25" VPOS="2807" HPOS="612"/>
<String CONTENT="1" HEIGHT="39" WIDTH="25" VPOS="2807" HPOS="638"/>
<SP HEIGHT="40" WIDTH="23" VPOS="2807" HPOS="664"/>
<String CS="1" CONTENT="l.," HEIGHT="17" WIDTH="8" VPOS="2838" HPOS="725"/>
<SP HEIGHT="47" WIDTH="26" VPOS="2808" HPOS="734"/>
<String CONTENT="194" HEIGHT="41" WIDTH="85" VPOS="2805" HPOS="761"/>
<SP HEIGHT="48" WIDTH="24" VPOS="2807" HPOS="847"/>
<String CONTENT="p." HEIGHT="38" WIDTH="43" VPOS="2817" HPOS="872"/>
<SP HEIGHT="41" WIDTH="59" VPOS="2806" HPOS="916"/>
<String CONTENT="front.," HEIGHT="48" WIDTH="165" VPOS="2806" HPOS="976"/>
<SP HEIGHT="38" WIDTH="25" VPOS="2817" HPOS="1142"/>
<String CONTENT="plates," HEIGHT="49" WIDTH="172" VPOS="2806" HPOS="1168"/>
<SP HEIGHT="38" WIDTH="27" VPOS="2815" HPOS="1341"/>
<String CONTENT="map," HEIGHT="38" WIDTH="125" VPOS="2814" HPOS="1369"/>
<SP HEIGHT="37" WIDTH="26" VPOS="2815" HPOS="1495"/>
<String CONTENT="plan." HEIGHT="48" WIDTH="129" VPOS="2804" HPOS="1522"/>
<SP HEIGHT="42" WIDTH="58" VPOS="2802" HPOS="1652"/>
<String CONTENT="21cm." HEIGHT="41" WIDTH="120" VPOS="2802" HPOS="1711"/>
</TextLine>
<TextLine HEIGHT="44" WIDTH="423" VPOS="2863" HPOS="465">
<String CONTENT="&#8220;First" HEIGHT="41" WIDTH="165" VPOS="2866" HPOS="465"/>
<SP HEIGHT="38" WIDTH="27" VPOS="2869" HPOS="631"/>
<String CONTENT="edition.&#8221;" HEIGHT="43" WIDTH="229" VPOS="2863" HPOS="659"/>
</TextLine>
<TextLine HEIGHT="53" WIDTH="1953" VPOS="2916" HPOS="464">
<String CONTENT="Includes" HEIGHT="41" WIDTH="228" VPOS="2925" HPOS="464"/>
<SP HEIGHT="31" WIDTH="34" VPOS="2934" HPOS="693"/>
<String CONTENT="an" HEIGHT="30" WIDTH="62" VPOS="2934" HPOS="728"/>
<SP HEIGHT="30" WIDTH="33" VPOS="2933" HPOS="791"/>
<String CONTENT="account" HEIGHT="38" WIDTH="207" VPOS="2925" HPOS="825"/>
<SP HEIGHT="38" WIDTH="33" VPOS="2925" HPOS="1033"/>
<String CONTENT="of" HEIGHT="40" WIDTH="51" VPOS="2923" HPOS="1067"/>
<SP HEIGHT="39" WIDTH="33" VPOS="2923" HPOS="1119"/>
<String CONTENT="the" HEIGHT="39" WIDTH="82" VPOS="2923" HPOS="1153"/>
<SP HEIGHT="30" WIDTH="34" VPOS="2932" HPOS="1236"/>
<String CONTENT="experiment" HEIGHT="51" WIDTH="305" VPOS="2918" HPOS="1271"/>
<SP HEIGHT="41" WIDTH="32" VPOS="2919" HPOS="1577"/>
<String CONTENT="in" HEIGHT="40" WIDTH="50" VPOS="2919" HPOS="1610"/>
<SP HEIGHT="39" WIDTH="34" VPOS="2920" HPOS="1661"/>
<String CONTENT="homesteading" HEIGHT="52" WIDTH="371" VPOS="2916" HPOS="1696"/>
<SP HEIGHT="39" WIDTH="33" VPOS="2929" HPOS="2068"/>
<String CONTENT="carried" HEIGHT="41" WIDTH="190" VPOS="2917" HPOS="2102"/>
<SP HEIGHT="39" WIDTH="36" VPOS="2919" HPOS="2293"/>
<String CONTENT="our" HEIGHT="30" WIDTH="87" VPOS="2928" HPOS="2330"/>
</TextLine>
<TextLine HEIGHT="51" WIDTH="804" VPOS="2980" HPOS="392">
<String CONTENT="in" HEIGHT="39" WIDTH="49" VPOS="2985" HPOS="392"/>
<SP HEIGHT="40" WIDTH="28" VPOS="2984" HPOS="442"/>
<String CONTENT="Dayton," HEIGHT="47" WIDTH="209" VPOS="2984" HPOS="471"/>
<SP HEIGHT="48" WIDTH="29" VPOS="2982" HPOS="681"/>
<String CONTENT="Ohio" HEIGHT="41" WIDTH="122" VPOS="2982" HPOS="711"/>
<SP HEIGHT="48" WIDTH="35" VPOS="2981" HPOS="834"/>
<String CONTENT="(p." HEIGHT="49" WIDTH="68" VPOS="2981" HPOS="870"/>
<SP HEIGHT="39" WIDTH="27" VPOS="2983" HPOS="939"/>
<String CONTENT="151-171)" HEIGHT="48" WIDTH="229" VPOS="2980" HPOS="967"/>
</TextLine>
<TextLine HEIGHT="53" WIDTH="704" VPOS="3037" HPOS="464">
<String CONTENT="Bibliography:" HEIGHT="50" WIDTH="380" VPOS="3040" HPOS="464"/>
<SP HEIGHT="38" WIDTH="30" VPOS="3050" HPOS="845"/>
<String CONTENT="p." HEIGHT="38" WIDTH="43" VPOS="3050" HPOS="876"/>
<SP HEIGHT="38" WIDTH="30" VPOS="3041" HPOS="920"/>
<String CONTENT="173-190." HEIGHT="42" WIDTH="217" VPOS="3037" HPOS="951"/>
</TextLine>
<TextLine HEIGHT="57" WIDTH="1905" VPOS="3091" HPOS="397" CS="1">
<String CONTENT="&#169;" HEIGHT="52" WIDTH="51" VPOS="3096" HPOS="397"/>
<SP HEIGHT="52" WIDTH="24" VPOS="3096" HPOS="449"/>
<String CONTENT="Aug." HEIGHT="44" WIDTH="120" VPOS="3102" HPOS="474"/>
<SP HEIGHT="40" WIDTH="26" VPOS="3099" HPOS="595"/>
<String CONTENT="24." HEIGHT="41" WIDTH="70" VPOS="3099" HPOS="622"/>
<SP HEIGHT="39" WIDTH="26" VPOS="3101" HPOS="693"/>
<String CONTENT="1933;" HEIGHT="46" WIDTH="141" VPOS="3099" HPOS="720"/>
<SP HEIGHT="47" WIDTH="27" VPOS="3098" HPOS="862"/>
<String CONTENT="2c." HEIGHT="40" WIDTH="68" VPOS="3098" HPOS="890"/>
<SP HEIGHT="40" WIDTH="24" VPOS="3098" HPOS="959"/>
<String CONTENT="Aug." HEIGHT="46" WIDTH="120" VPOS="3098" HPOS="984"/>
<SP HEIGHT="38" WIDTH="27" VPOS="3097" HPOS="1105"/>
<String CONTENT="25;" HEIGHT="42" WIDTH="83" VPOS="3097" HPOS="1133"/>
<SP HEIGHT="33" WIDTH="29" VPOS="3106" HPOS="1217"/>
<String CONTENT="aff." HEIGHT="40" WIDTH="82" VPOS="3095" HPOS="1247"/>
<SP HEIGHT="39" WIDTH="25" VPOS="3096" HPOS="1330"/>
<String CONTENT="Aug." HEIGHT="46" WIDTH="121" VPOS="3096" HPOS="1356"/>
<SP HEIGHT="40" WIDTH="27" VPOS="3094" HPOS="1478"/>
<String CS="1" CONTENT="26;" HEIGHT="40" WIDTH="60" VPOS="3093" HPOS="1506"/>
<SP HEIGHT="41" WIDTH="29" VPOS="3094" HPOS="1590"/>
<!-- cceid 4806E369-6CF9-1014-A6CF-A82867D68027 --><String CONTENT="A" HEIGHT="38" WIDTH="41" VPOS="3094" HPOS="1620"/>
<SP HEIGHT="40" WIDTH="26" VPOS="3093" HPOS="1662"/>
<String CONTENT="64826;" HEIGHT="45" WIDTH="170" VPOS="3093" HPOS="1689"/>
<SP HEIGHT="45" WIDTH="29" VPOS="3093" HPOS="1860"/>
<String CONTENT="Harper" HEIGHT="47" WIDTH="198" VPOS="3093" HPOS="1890"/>
<SP HEIGHT="41" WIDTH="25" VPOS="3091" HPOS="2089"/>
<String CONTENT="&amp;" HEIGHT="41" WIDTH="37" VPOS="3091" HPOS="2115"/>
<SP HEIGHT="41" WIDTH="23" VPOS="3091" HPOS="2153"/>
<String CONTENT="bros." HEIGHT="40" WIDTH="125" VPOS="3092" HPOS="2177"/>
</TextLine>
<TextLine HEIGHT="49" WIDTH="283" VPOS="3157" HPOS="478">
<String CONTENT="(33-22908)" HEIGHT="49" WIDTH="283" VPOS="3157" HPOS="478"/>
</TextLine>
<TextLine HEIGHT="67" WIDTH="804" VPOS="3245" HPOS="390" STYLEREFS="StyleId-157A2B4C-65CE-4E1B-A543-0E07F7B470A7-">
<String CONTENT="Bose," HEIGHT="65" WIDTH="170" VPOS="3247" HPOS="390"/>
<SP HEIGHT="63" WIDTH="31" VPOS="3249" HPOS="561"/>
<String CONTENT="Mrs." HEIGHT="53" WIDTH="139" VPOS="3249" HPOS="593"/>
<SP HEIGHT="54" WIDTH="32" VPOS="3248" HPOS="733"/>
<String CONTENT="Irene" HEIGHT="51" WIDTH="170" VPOS="3248" HPOS="766"/>
<SP HEIGHT="64" WIDTH="39" VPOS="3248" HPOS="937"/>
<String CONTENT="(Mott)" HEIGHT="67" WIDTH="217" VPOS="3245" HPOS="977"/>
</TextLine>
<TextLine HEIGHT="74" WIDTH="1951" VPOS="3317" HPOS="463" STYLEREFS="StyleId-8C613CC8-27BC-4B39-81CA-948D3666F5BC-">
<String CONTENT="Totaram," HEIGHT="61" WIDTH="293" VPOS="3325" HPOS="463"/>
<SP HEIGHT="57" WIDTH="43" VPOS="3329" HPOS="757"/>
<String CONTENT="the" HEIGHT="53" WIDTH="95" VPOS="3324" HPOS="801"/>
<SP HEIGHT="35" WIDTH="42" VPOS="3342" HPOS="897"/>
<String CONTENT="story" HEIGHT="63" WIDTH="159" VPOS="3328" HPOS="940"/>
<SP HEIGHT="50" WIDTH="43" VPOS="3341" HPOS="1100"/>
<String CONTENT="of" HEIGHT="55" WIDTH="64" VPOS="3321" HPOS="1144"/>
<SP HEIGHT="53" WIDTH="43" VPOS="3321" HPOS="1209"/>
<String CONTENT="a" HEIGHT="34" WIDTH="30" VPOS="3340" HPOS="1253"/>
<SP HEIGHT="35" WIDTH="46" VPOS="3339" HPOS="1284"/>
<String CONTENT="village" HEIGHT="69" WIDTH="213" VPOS="3319" HPOS="1331"/>
<SP HEIGHT="54" WIDTH="44" VPOS="3318" HPOS="1545"/>
<String CONTENT="boy" HEIGHT="68" WIDTH="112" VPOS="3318" HPOS="1590"/>
<SP HEIGHT="69" WIDTH="44" VPOS="3317" HPOS="1703"/>
<String CONTENT="in" HEIGHT="53" WIDTH="57" VPOS="3317" HPOS="1748"/>
<SP HEIGHT="53" WIDTH="47" VPOS="3317" HPOS="1806"/>
<String CONTENT="India" HEIGHT="53" WIDTH="174" VPOS="3317" HPOS="1854"/>
<SP HEIGHT="47" WIDTH="45" VPOS="3323" HPOS="2029"/>
<String CONTENT="to-day," HEIGHT="67" WIDTH="219" VPOS="3317" HPOS="2075"/>
<SP HEIGHT="65" WIDTH="43" VPOS="3317" HPOS="2295"/>
<String CONTENT="by" HEIGHT="68" WIDTH="75" VPOS="3317" HPOS="2339"/>
</TextLine>
<TextLine HEIGHT="73" WIDTH="2023" VPOS="3395" HPOS="392" STYLEREFS="StyleId-8C613CC8-27BC-4B39-81CA-948D3666F5BC-" CS="1">
<String CONTENT="Irene" HEIGHT="53" WIDTH="167" VPOS="3403" HPOS="392"/>
<SP HEIGHT="53" WIDTH="33" VPOS="3403" HPOS="560"/>
<String CONTENT="Mott" HEIGHT="52" WIDTH="151" VPOS="3403" HPOS="594"/>
<SP HEIGHT="52" WIDTH="36" VPOS="3403" HPOS="746"/>
<String CONTENT="Bose;" HEIGHT="65" WIDTH="175" VPOS="3403" HPOS="783"/>
<SP HEIGHT="67" WIDTH="37" VPOS="3401" HPOS="959"/>
<String CONTENT="illustrated" HEIGHT="54" WIDTH="327" VPOS="3400" HPOS="997"/>
<SP HEIGHT="53" WIDTH="32" VPOS="3399" HPOS="1325"/>
<String CONTENT="by" HEIGHT="68" WIDTH="77" VPOS="3399" HPOS="1358"/>
<SP HEIGHT="70" WIDTH="34" VPOS="3397" HPOS="1436"/>
<String CONTENT="Margaret" HEIGHT="69" WIDTH="300" VPOS="3397" HPOS="1471"/>
<SP HEIGHT="53" WIDTH="35" VPOS="3396" HPOS="1772"/>
<String CONTENT="Ayer." HEIGHT="69" WIDTH="174" VPOS="3396" HPOS="1808"/>
<SP HEIGHT="53" WIDTH="71" VPOS="3395" HPOS="1983"/>
<String CONTENT="New" HEIGHT="53" WIDTH="140" VPOS="3395" HPOS="2055"/>
<SP HEIGHT="53" WIDTH="36" VPOS="3395" HPOS="2196"/>
<String CONTENT="York," HEIGHT="67" WIDTH="182" VPOS="3395" HPOS="2233"/>
</TextLine>
<TextLine HEIGHT="68" WIDTH="997" VPOS="3480" HPOS="391" STYLEREFS="StyleId-8C613CC8-27BC-4B39-81CA-948D3666F5BC-">
<String CONTENT="The" HEIGHT="53" WIDTH="120" VPOS="3481" HPOS="391"/>
<SP HEIGHT="53" WIDTH="27" VPOS="3481" HPOS="512"/>
<String CONTENT="Macmillan" HEIGHT="52" WIDTH="336" VPOS="3481" HPOS="540"/>
<SP HEIGHT="35" WIDTH="27" VPOS="3499" HPOS="877"/>
<String CONTENT="company," HEIGHT="51" WIDTH="300" VPOS="3497" HPOS="905"/>
<SP HEIGHT="65" WIDTH="29" VPOS="3482" HPOS="1206"/>
<String CONTENT="1933." HEIGHT="52" WIDTH="152" VPOS="3480" HPOS="1236"/>
</TextLine>
<TextLine HEIGHT="54" WIDTH="1162" VPOS="3548" HPOS="468" CS="1">
<String CONTENT="xvi" HEIGHT="39" WIDTH="76" VPOS="3555" HPOS="468"/>
<SP/>
<String LANG="fr" CS="1" CONTENT="p.," HEIGHT="37" WIDTH="40" VPOS="3565" HPOS="575"/>
<SP HEIGHT="40" WIDTH="27" VPOS="3555" HPOS="630"/>
<String CONTENT="1" HEIGHT="37" WIDTH="14" VPOS="3555" HPOS="658"/>
<SP HEIGHT="39" WIDTH="36" VPOS="3555" HPOS="673"/>
<String CS="1" CONTENT="l.," HEIGHT="8" WIDTH="8" VPOS="3586" HPOS="743"/>
<SP HEIGHT="38" WIDTH="28" VPOS="3556" HPOS="752"/>
<String CONTENT="118" HEIGHT="39" WIDTH="84" VPOS="3555" HPOS="781"/>
<SP HEIGHT="46" WIDTH="22" VPOS="3555" HPOS="866"/>
<String CONTENT="p." HEIGHT="37" WIDTH="44" VPOS="3564" HPOS="889"/>
<SP HEIGHT="42" WIDTH="26" VPOS="3554" HPOS="934"/>
<String CS="1" CONTENT="incl." HEIGHT="40" WIDTH="77" VPOS="3554" HPOS="961"/>
<SP HEIGHT="40" WIDTH="27" VPOS="3554" HPOS="1070"/>
<String CONTENT="front.," HEIGHT="45" WIDTH="165" VPOS="3554" HPOS="1098"/>
<SP HEIGHT="47" WIDTH="25" VPOS="3552" HPOS="1264"/>
<String CONTENT="illus." HEIGHT="40" WIDTH="130" VPOS="3551" HPOS="1290"/>
<SP HEIGHT="41" WIDTH="59" VPOS="3549" HPOS="1421"/>
<String CS="1" CONTENT="22&#189;cm." HEIGHT="42" WIDTH="149" VPOS="3548" HPOS="1481"/>
</TextLine>
<TextLine HEIGHT="49" WIDTH="684" VPOS="3611" HPOS="461">
<String CONTENT="Illustrated" HEIGHT="41" WIDTH="286" VPOS="3611" HPOS="461"/>
<SP HEIGHT="40" WIDTH="31" VPOS="3611" HPOS="748"/>
<String CONTENT="lining-papers." HEIGHT="49" WIDTH="365" VPOS="3611" HPOS="780"/>
</TextLine>
<TextLine HEIGHT="54" WIDTH="1746" VPOS="3664" HPOS="394" CS="1">
<String CONTENT="&#169;" HEIGHT="52" WIDTH="53" VPOS="3666" HPOS="394"/>
<SP HEIGHT="52" WIDTH="25" VPOS="3666" HPOS="448"/>
<String CONTENT="Aug." HEIGHT="46" WIDTH="119" VPOS="3671" HPOS="474"/>
<SP HEIGHT="39" WIDTH="26" VPOS="3671" HPOS="594"/>
<String CONTENT="29," HEIGHT="47" WIDTH="70" VPOS="3671" HPOS="621"/>
<SP HEIGHT="45" WIDTH="27" VPOS="3673" HPOS="692"/>
<String CS="1" CONTENT="1933;" HEIGHT="39" WIDTH="114" VPOS="3671" HPOS="720"/>
<SP HEIGHT="40" WIDTH="28" VPOS="3671" HPOS="862"/>
<String CONTENT="2c." HEIGHT="40" WIDTH="68" VPOS="3671" HPOS="891"/>
<SP HEIGHT="30" WIDTH="26" VPOS="3681" HPOS="960"/>
<String CONTENT="and" HEIGHT="39" WIDTH="93" VPOS="3671" HPOS="987"/>
<SP HEIGHT="38" WIDTH="30" VPOS="3671" HPOS="1081"/>
<String CONTENT="aff." HEIGHT="40" WIDTH="80" VPOS="3669" HPOS="1112"/>
<SP HEIGHT="39" WIDTH="29" VPOS="3669" HPOS="1193"/>
<String CONTENT="Aug." HEIGHT="47" WIDTH="119" VPOS="3669" HPOS="1223"/>
<SP HEIGHT="40" WIDTH="27" VPOS="3667" HPOS="1343"/>
<String CONTENT="30:" HEIGHT="41" WIDTH="84" VPOS="3666" HPOS="1371"/>
<SP HEIGHT="41" WIDTH="29" VPOS="3666" HPOS="1456"/>
<!-- cceid 4807396A-6CF9-1014-A6CF-A82867D68027 --><String CONTENT="A" HEIGHT="39" WIDTH="41" VPOS="3666" HPOS="1486"/>
<SP HEIGHT="40" WIDTH="27" VPOS="3665" HPOS="1528"/>
<String CONTENT="65082" HEIGHT="41" WIDTH="144" VPOS="3665" HPOS="1556"/>
<SP HEIGHT="40" WIDTH="17" VPOS="3665" HPOS="1701"/>
<String CONTENT=":" HEIGHT="30" WIDTH="10" VPOS="3675" HPOS="1719"/>
<SP HEIGHT="40" WIDTH="30" VPOS="3665" HPOS="1730"/>
<String CONTENT="Macmillan" HEIGHT="40" WIDTH="282" VPOS="3664" HPOS="1761"/>
<SP HEIGHT="30" WIDTH="28" VPOS="3674" HPOS="2044"/>
<String CONTENT="co." HEIGHT="30" WIDTH="67" VPOS="3674" HPOS="2073"/>
</TextLine>
<TextLine HEIGHT="49" WIDTH="283" VPOS="3728" HPOS="476">
<String CONTENT="(33-22934)" HEIGHT="49" WIDTH="283" VPOS="3728" HPOS="476"/>
</TextLine>
<TextLine HEIGHT="70" WIDTH="980" VPOS="3813" HPOS="387" STYLEREFS="StyleId-157A2B4C-65CE-4E1B-A543-0E07F7B470A7-">
<String CONTENT="Boulenger," HEIGHT="70" WIDTH="353" VPOS="3813" HPOS="387"/>
<SP HEIGHT="64" WIDTH="27" VPOS="3819" HPOS="741"/>
<String CONTENT="Marcel," HEIGHT="64" WIDTH="238" VPOS="3819" HPOS="769"/>
<SP HEIGHT="60" WIDTH="29" VPOS="3823" HPOS="1008"/>
<String CONTENT="1873-1932." HEIGHT="55" WIDTH="329" VPOS="3817" HPOS="1038"/>
</TextLine>
<TextLine HEIGHT="69" WIDTH="1111" VPOS="3895" HPOS="554" STYLEREFS="StyleId-8C613CC8-27BC-4B39-81CA-948D3666F5BC-" CS="1">
<String CS="1" CONTENT="&#8230;"/>
<SP/>
<String CONTENT="Fouquet." HEIGHT="67" WIDTH="293" VPOS="3897" HPOS="554"/>
<SP HEIGHT="52" WIDTH="52" VPOS="3898" HPOS="848"/>
<String CONTENT="Paris," HEIGHT="59" WIDTH="185" VPOS="3897" HPOS="901"/>
<SP HEIGHT="58" WIDTH="30" VPOS="3898" HPOS="1087"/>
<String CONTENT="B." HEIGHT="52" WIDTH="68" VPOS="3898" HPOS="1118"/>
<SP HEIGHT="55" WIDTH="32" VPOS="3895" HPOS="1187"/>
<String CONTENT="Grasset" HEIGHT="55" WIDTH="236" VPOS="3895" HPOS="1220"/>
<SP/>
<String CONTENT="[1933]" HEIGHT="65" WIDTH="172" VPOS="3895" HPOS="1493"/>
</TextLine>
<TextLine HEIGHT="50" WIDTH="749" VPOS="3971" HPOS="456" CS="1">
<String CONTENT="3" HEIGHT="38" WIDTH="28" VPOS="3972" HPOS="456"/>
<SP HEIGHT="48" WIDTH="25" VPOS="3972" HPOS="485"/>
<String CONTENT="p." HEIGHT="38" WIDTH="43" VPOS="3982" HPOS="511"/>
<SP HEIGHT="40" WIDTH="24" VPOS="3973" HPOS="555"/>
<String CS="1" CONTENT="l.," HEIGHT="15" WIDTH="8" VPOS="4004" HPOS="616"/>
<SP HEIGHT="28" WIDTH="29" VPOS="3991" HPOS="625"/>
<String CS="1" CONTENT="[9]-299" HEIGHT="48" WIDTH="182" VPOS="3971" HPOS="655"/>
<SP HEIGHT="48" WIDTH="21" VPOS="3973" HPOS="838"/>
<String CONTENT="p.," HEIGHT="37" WIDTH="57" VPOS="3984" HPOS="860"/>
<SP HEIGHT="46" WIDTH="27" VPOS="3973" HPOS="918"/>
<String CONTENT="2" HEIGHT="39" WIDTH="25" VPOS="3973" HPOS="946"/>
<SP HEIGHT="39" WIDTH="27" VPOS="3973" HPOS="972"/>
<String CS="1" CONTENT="l." HEIGHT="8" WIDTH="7" VPOS="4006" HPOS="1021"/>
<SP HEIGHT="40" WIDTH="56" VPOS="3974" HPOS="1029"/>
<String CONTENT="21cm." HEIGHT="39" WIDTH="119" VPOS="3974" HPOS="1086"/>
</TextLine>
<TextLine HEIGHT="68" WIDTH="2024" VPOS="4019" HPOS="387" CS="1">
<String CONTENT="&#169;" HEIGHT="53" WIDTH="54" VPOS="4031" HPOS="387"/>
<SP HEIGHT="53" WIDTH="40" VPOS="4031" HPOS="442"/>
<String CONTENT="May" HEIGHT="48" WIDTH="114" VPOS="4037" HPOS="483"/>
<SP HEIGHT="48" WIDTH="39" VPOS="4037" HPOS="598"/>
<String CONTENT="20," HEIGHT="47" WIDTH="70" VPOS="4037" HPOS="638"/>
<SP HEIGHT="45" WIDTH="43" VPOS="4039" HPOS="709"/>
<String CONTENT="1933;" HEIGHT="43" WIDTH="140" VPOS="4037" HPOS="753"/>
<SP/>
<String CS="1" CONTENT="1c."/>
<SP/>
<String CONTENT="July" HEIGHT="48" WIDTH="119" VPOS="4039" HPOS="1049"/>
<SP HEIGHT="50" WIDTH="40" VPOS="4037" HPOS="1169"/>
<String CONTENT="26;" HEIGHT="47" WIDTH="85" VPOS="4036" HPOS="1210"/>
<SP HEIGHT="37" WIDTH="33" VPOS="4046" HPOS="1296"/>
<!-- cceid 48078F51-6CF9-1014-A6CF-A82867D68027 --><String CS="1" CONTENT="A-Foreign" HEIGHT="49" WIDTH="315" VPOS="4032" HPOS="1341"/>
<SP HEIGHT="39" WIDTH="40" VPOS="4032" HPOS="1657"/>
<String CONTENT="21703;" HEIGHT="48" WIDTH="172" VPOS="4030" HPOS="1698"/>
<SP HEIGHT="59" WIDTH="47" VPOS="4019" HPOS="1871"/>
<String LANG="fr" CONTENT="&#201;ditions" HEIGHT="51" WIDTH="225" VPOS="4019" HPOS="1919"/>
<SP HEIGHT="42" WIDTH="43" VPOS="4028" HPOS="2145"/>
<String CONTENT="Bernard" HEIGHT="41" WIDTH="222" VPOS="4028" HPOS="2189"/>
</TextLine>
<TextLine HEIGHT="42" WIDTH="552" VPOS="4092" HPOS="461" CS="1">
<String LANG="fr" CONTENT="Grasset." HEIGHT="42" WIDTH="216" VPOS="4092" HPOS="461"/>
<SP HEIGHT="38" WIDTH="73" VPOS="4096" HPOS="678"/>
<String LANG="fr" CS="1" CONTENT="("/>
<String LANG="en-US" CS="1" CONTENT="33-23050)" HEIGHT="39" WIDTH="238" VPOS="4095" HPOS="775"/>
</TextLine>
</TextBlock>
</PrintSpace>
</Page>
</Layout>
</alto>