2597 4403
1313 4151 69 50 22

393 545 356 50 Bibliography
778 557 60 29 on
872 543 342 51 “Asphyxia”:
1247 556 45 38 p.
1320 543 103 42 395.

320 602 52 53 ©
403 606 115 41 Dec.
548 606 40 47 7,
617 604 142 48 1932;
792 603 67 42 2c.
891 606 97 39 and
1019 602 53 41 aff
1135 602 110 41 Jan.
1275 603 40 47 4,
1347 601 143 49 1933;
1523 602 43 40 A
1596 602 171 49 57713;
1802 602 45 42 J.
1878 603 57 40 B.
1965 602 285 49 Lippincott
2278 614 67 31 co.

399 661 255 51 (33-1224)

316 765 321 68 Fleissner,
672 768 146 54 Otto
849 764 321 67 Siegfried,
1204 767 176 51 1892-
1594 765 85 58 ed.

386 848 120 53 Der
542 847 179 68 junge
759 844 237 69 Goethe,
1034 845 123 53 eine
1194 843 215 54 lebens-
1445 845 120 53 und
1602 843 748 70 entwicklungsgeschichte

316 925 322 70 aufgebaut
678 924 106 53 auf
825 923 388 54 dokumenten
1254 925 100 52 der
1394 923 130 67 zeit,
1565 922 141 55 with
1746 930 162 48 notes
1949 925 115 53 and
316 924 2009 151 vocabulary

480 1005 76 69 by
594 1004 69 56 O.
703 1003 58 56 S.
797 1002 290 55 Fleissner
1125 1003 113 53 and
1276 1002 69 54 E.
1382 1002 530 55 Mentz-Fleissner.
1987 1002 143 55 New
2166 1002 184 70 York,

317 1086 66 53 F.
413 1085 57 56 S.
501 1083 199 56 Crofts
728 1084 46 52 &
799 1100 99 49 co.,
926 1084 153 50 1932.

387 1159 137 49 xviii,
557 1158 72 51 [2],
657 1157 88 41 308
771 1168 44 38 p.
876 1156 166 48 front.,
1071 1156 174 49 plates,
1274 1156 151 48 ports.
1486 1154 60 42 19½
1576 1156 46 23 cm
1625 1186 10 10 .

391 1218 70 40 “A
494 1214 256 44 collection
785 1214 52 41 of
869 1214 287 40 documents
1189 1212 148 41 taken
1370 1213 131 39 from
1533 1211 78 43 his
1648 1212 43 51 [i.
1724 1222 39 31 e.
1798 1211 242 53 Goethe’S]
2075 1223 109 31 own
2217 1212 132 51 time,

320 1276 143 48 using
501 1274 191 48 largely
729 1273 83 40 the
852 1272 173 40 letters
1063 1270 201 41 written
1303 1270 63 49 by
1404 1271 84 40 the
1526 1280 162 39 young
1724 1270 186 42 Goethe
1949 1269 213 51 himself,
2201 1283 150 38 many

318 1335 53 41 of
416 1332 78 41 his
539 1340 168 41 poems
751 1330 52 41 of
848 1327 338 50 biographical
1230 1327 210 42 interest
1489 1359 47 10 …
1583 1328 256 41 materials
1885 1328 235 48 provided
2166 1328 63 50 by
2272 1329 78 42 his

319 1391 193 41 mother
553 1389 97 40 and
689 1386 78 42 his
805 1386 193 41 friends
1041 1416 48 10 …
1149 1386 112 49 [and]
1304 1394 149 40 many
1493 1416 48 10 …
1583 1395 233 40 passages
1854 1386 52 41 in
1947 1385 267 51 ‘Dichtung
2249 1388 102 41 und

319 1444 304 45 Wahrheit’.”
625 1444 341 49 —Foreword,
999 1454 45 39 p.
1075 1442 103 42 viii.

325 1502 52 53 ©
409 1506 113 40 Dec.
551 1504 71 48 27,
652 1502 144 49 1932;
828 1502 68 41 2c.
926 1503 98 40 and
1053 1500 84 42 aff.
1168 1501 112 40 Jan.
1310 1501 41 47 3,
1382 1499 143 50 1933;
1559 1501 43 40 A
1629 1501 172 49 58638;
1836 1502 51 40 F.
1923 1502 46 42 S.
2002 1502 168 42 Crofts
2201 1508 37 41 &
2268 1511 83 40 co.,

393 1564 92 39 inc.
557 1560 254 50 (33-1348)

324 1667 270 66 Gielgud,
625 1665 113 55 Yal
768 1665 228 64 Henry.

391 1747 123 52 The
544 1743 218 55 broken
791 1761 149 50 men,
971 1761 33 35 a
1033 1742 168 53 novel
1232 1741 77 70 by
1339 1741 115 56 Yal
1484 1741 252 70 Gielgud
1772 1784 59 11 …
1909 1742 262 70 London,
318 1744 2011 136 Constable

530 1826 46 52 &
604 1842 99 50 co.,
731 1823 105 53 ltd.
872 1822 175 67 [1932]

391 1899 100 49 287,
525 1899 55 50 [1]
611 1909 45 38 p.
715 1896 58 42 19½
805 1897 46 23 cm
854 1928 10 10 .

325 1952 2027 54 © 1c. Jan. 16. 1933; A ad int. 17375; pubd. Nov. 17, 1932; Val Gielgud,
393 2015 215 40 London.
682 2011 254 51 (33-2408)

326 2119 249 65 Gilbert,
605 2118 311 64 Anthony.

394 2197 124 53 The
556 2197 142 69 long
733 2195 237 54 shadow
1014 2194 111 70 [by]
1168 2193 284 71 Anthony
1492 2193 231 56 Gilbert
1765 2237 59 11 …
1903 2195 264 70 London,
2205 2196 146 55 Pub.

326 2275 94 54 for
453 2276 99 53 the
586 2274 196 56 Crime
815 2273 149 69 club,
995 2274 125 67 ltd.,
1153 2273 77 69 by
1261 2273 92 55 W.
1389 2272 224 56 Collins
1646 2291 131 37 sons
1811 2275 47 52 &
1890 2291 100 52 co.,
2024 2274 106 54 ltd.
2172 2277 176 67 [1932]

394 2349 89 42 268
511 2360 46 38 p.
618 2348 57 42 19
679 2350 44 22 cm
727 2381 10 9 .

329 2405 2026 53 © 1c. Jan. 5, 1933; A ad int. 17324; pubd. Nov. 7, 1932; Lucy Beatrice
398 2466 254 49 Malleson,
685 2465 216 40 London.
975 2463 254 49 (33-1734)

326 2571 264 66 Hadath,
625 2570 234 64 Gunby.

398 2651 245 63 Twenty
673 2648 150 70 good
852 2646 177 70 ships,
1107 2647 165 69 chap.
1303 2650 48 65 9,
1382 2651 82 51 10.

409 2724 84 49 (In
523 2720 279 45 Children’s
832 2734 314 38 newspaper,
1176 2719 126 44 Nov.
1334 2721 42 49 5,
1408 2719 146 51 1932)

331 2776 2025 53 © 1c. Jan. 3, 1933; A ad int. 17367; pubd. Nov. 3, 1932; G. Hadath,
399 2839 200 40 London.

328 2928 367 67 Harshman,
729 2929 247 55 Charles
1007 2927 277 68 William,
1319 2934 174 51 1858-

399 3007 123 53 The
545 3006 338 55 Harshman
908 3005 227 70 family,
1159 3006 119 53 also
1301 3005 218 70 spelled
1542 3006 328 55 Hershman
1895 3006 115 56 and
2036 3007 317 66 Hersman;

331 3104 31 33 a
388 3084 224 69 history
640 3084 114 53 and
781 3084 333 69 genealogy,
1141 3084 75 69 by
1245 3084 98 55 the
1370 3083 139 56 Rev.
1541 3083 238 56 Charles
1805 3084 91 54 W.
1926 3084 334 54 Harshman
2294 3127 57 12 …

330 3163 111 53 Los
468 3162 268 69 Angeles,
764 3162 254 69 Spanish
1041 3163 311 53 American
1378 3161 264 57 institute
1667 3181 175 50 press,
1871 3165 152 50 1932.

400 3234 85 41 xiv
511 3245 59 38 p.,
598 3235 26 39 1
673 3266 23 17 l.,
725 3234 87 41 352
840 3245 43 38 p.
939 3235 138 40 front.
1121 3235 174 48 (port.)
1335 3238 111 39 coat
1472 3237 53 39 of
1551 3247 147 30 arms.
1755 3236 56 40 21½
1845 3238 45 21 cm
1895 3271 9 8 .

334 3291 52 53 ©
413 3296 111 40 Dec.
550 3295 69 48 28,
646 3294 143 48 1932;
815 3295 67 40 2c.
910 3295 112 41 Jan.
1046 3294 42 48 9,
1113 3294 143 48 1933;
1284 3294 83 41 aff.
1395 3296 111 41 Jan.
1532 3297 54 47 7;
1613 3296 42 39 A
1679 3296 173 48 57878;
1881 3296 49 42 C.
1956 3296 73 41 W.
2057 3294 300 48 Harshman,

405 3353 239 47 Oakland,
675 3352 146 41 Calif.
893 3351 254 50 (33-1302)

331 3444 247 64 Harvey
605 3443 247 66 society,
879 3446 141 53 New
1052 3445 179 53 York.

404 3522 123 53 The
565 3523 241 68 Harvey
845 3524 260 63 lectures,
1144 3522 289 55 delivered
1473 3524 185 52 under
1695 3524 98 55 the
1832 3524 257 69 auspices
2129 3524 65 53 of
2231 3523 123 54 The

332 3600 241 69 Harvey
603 3602 216 66 society
848 3602 65 51 of
945 3603 140 52 New
1118 3603 182 66 York,
1333 3606 332 64 1931-1932,
1694 3604 184 52 under
1906 3604 97 52 the
2033 3609 322 63 patronage

334 3680 64 53 of
423 3680 97 53 the
546 3681 140 52 New
713 3681 165 53 York
905 3681 272 67 academy
1204 3680 65 53 of
1292 3680 299 68 medicine,
1615 3682 75 69 by
1716 3684 104 52 Dr.
1844 3684 90 54 W.
1961 3684 92 55 W.
2083 3683 271 69 Swingle,

334 3759 104 53 Dr.
475 3760 72 52 A.
587 3759 62 54 C.
685 3761 129 66 Ivy.
851 3760 103 52 Dr.
993 3761 68 51 E.
1098 3761 70 52 D.
1205 3760 230 53 Adrian
1477 3793 12 35 [
1496 3761 114 53 and
1647 3762 209 67 others]
1905 3805 57 9 …
2043 3761 188 57 Series
2267 3760 83 54 27.

337 3837 336 68 Baltimore,
704 3839 121 52 The
856 3838 293 56 Williams
1179 3843 44 50 &
1253 3839 257 54 Wilkins
1537 3858 300 52 company,
1870 3844 153 50 1932.

406 3913 87 39 226
520 3924 43 37 p.
620 3913 144 46 illus.,
793 3913 173 48 plates,
995 3916 142 46 port.,
1166 3914 172 47 tables,
1368 3913 182 49 diagrs.
1607 3915 55 39 21
1666 3916 45 22 cm
1716 3946 9 10 .

408 3971 119 39 Part
555 3970 53 40 of
635 3970 82 40 the
743 3969 158 49 plates
929 3981 85 29 are
1040 3970 195 48 printed
1263 3983 61 29 on
1352 3971 117 40 both
1498 3971 143 41 sides.

338 4022 52 53 ©
424 4027 110 40 Jan.
565 4029 42 45 4,
639 4026 143 49 1933;
813 4027 69 40 2c.
914 4029 96 39 and
1043 4027 83 41 aff.
1159 4028 111 40 Jan.
1302 4029 83 47 11;
1419 4029 42 39 A
1493 4029 172 47 57863;
1699 4028 246 42 Williams
1977 4029 37 40 &
2045 4027 211 43 Wilkins
2289 4038 68 32 co.
