2582 4453
1379 4170 132 50 1532

485 536 66 37 “A
582 535 222 49 glossary
834 535 52 41 of
915 534 395 50 motion-picture
1341 536 327 48 vocabulary”:
1727 547 43 38 p.
1801 534 219 43 235-239.

485 592 297 50 “Suggested
814 592 229 50 readings":
1135 604 43 38 p.
1210 591 218 42 233-234.

415 661 51 52 ©
496 666 102 40 Oct.
625 666 70 40 31.
721 665 115 40 1933;
893 665 67 41 2c.
988 666 95 39 and
1112 675 82 30 aff.
1221 665 117 39 Nov.
1369 667 22 36 1;
1451 665 42 38 A
1520 664 144 41 66845;
1724 665 284 40 Macmillan
2035 676 67 29 co.

492 723 282 48 (33-32257)

413 826 84 53 De
524 827 181 64 Blois,
733 827 236 53 Austen
997 827 309 64 Kennedy,
1337 829 173 50 1866-

482 902 1886 71 Evangelism in the new age, by Austen Kennedy de Blois …
414 982 428 69 Philadelphia,
878 982 217 54 Boston
1245 1015 31 35 [etc.]
1315 982 122 52 The
1473 981 225 55 Judson
1735 1000 158 51 press
1935 1016 13 35 [
1953 988 18 22 c
1976 984 135 51 1933
2117 1015 13 35 ]

483 1054 538 49 8 p. l., 310 p. 20 cm .
417 1112 51 52 ©
499 1117 128 47 Sept.
655 1116 70 46 27,
754 1115 141 47 1933;
983 1147 8 8 2c.
1021 1117 96 38 and
1145 1115 83 40 aff.
1257 1114 103 42 Oct.
1387 1115 26 40 9;
1469 1115 41 39 A
1538 1114 172 47 66513;
1742 1115 189 40 Judson
1959 1124 149 40 press.

497 1173 282 49 (33-32246)

416 1274 290 69 Ditmars,
737 1279 312 63 Raymond
1082 1278 134 64 Lee,
1251 1279 172 51 1876-

489 1356 259 68 Reptiles
780 1355 65 54 of
875 1357 96 53 the
1005 1357 210 67 world;
1250 1357 95 53 the
1377 1357 395 67 crocodilians,
1806 1355 229 69 lizards,
2067 1357 219 63 snakes,
420 1361 1992 128 turtles

560 1437 113 52 and
709 1435 263 54 tortoises
1008 1435 64 53 of
1106 1437 96 51 the
1237 1441 222 48 eastern
1495 1438 114 52 and
1646 1442 241 48 western
1923 1435 403 68 hemispheres,
2362 1435 75 67 by

422 1513 2015 70 Raymond L. Ditmars … New rev. ed., with a frontispiece
421 1595 114 53 and
574 1595 200 67 nearly
811 1598 102 50 200
949 1594 402 67 illustrations,
1392 1593 154 55 from
1583 1595 399 67 photographs
2022 1593 169 53 taken
2231 1593 33 52 by
2343 1594 94 53 the

422 1674 207 52 author
665 1673 113 54 and
811 1673 154 54 from
997 1674 94 53 the
1124 1674 121 53 files
1276 1673 64 53 of
1371 1674 95 52 the
1498 1675 140 52 New
1670 1673 164 54 York
1865 1672 313 69 zoological
2210 1672 226 68 society.

423 1753 138 52 New
590 1753 181 66 York,
802 1753 121 53 The
950 1753 341 54 Macmillan
1319 1770 301 50 company,
1651 1757 149 49 1933.

496 1825 1001 50 xx, 321 p. front., 89 pl. on 45 l. 24½cm.
423 1880 52 52 ©
505 1885 102 40 Oct.
633 1885 70 45 31,
730 1884 114 40 1933;
901 1885 68 40 2c.
996 1886 96 39 and
1119 1884 80 41 aff.
1228 1884 118 40 Nov.
1376 1885 22 39 1;
1458 1884 41 39 A
1526 1884 144 40 66851;
1730 1883 283 41 Macmillan
2042 1893 68 31 co.

504 1941 283 45 (33-32380)

421 2040 316 70 Douglass,
770 2046 146 54 Paul
949 2045 304 66 Franklin,
1290 2048 172 51 1904-

493 2122 122 53 The
652 2124 246 67 mayors'
935 2129 189 49 courts
1161 2124 64 54 of
1260 2123 307 55 Hamilton
1605 2129 228 63 county,
1872 2122 169 68 Ohio,
2077 2123 75 67 by
2189 2124 149 51 Paul
2375 2122 66 52 F.

424 2201 306 69 Douglass,
865 2246 9 9 PH.
961 2246 9 9 D.;
1051 2203 192 55 Selma
1287 2204 389 68 Raphaelson,
1723 2202 270 55 Cornelia
2038 2202 206 67 Leary,

424 2202 2020 148 Raymond Huwe … [and others] coöperating. Baltimore, The
421 2358 184 54 Johns
641 2359 273 68 Hopkins
947 2379 177 50 press,
1165 2364 148 50 1933.

497 2431 968 52 3 p. l., ix-xviii, 139 p. diagrs. 23½cm.
501 2488 254 43 Half-title:
823 2489 155 50 Study
1015 2492 52 40 of
1100 2491 210 47 judicial
1344 2490 403 43 administration
1785 2492 49 39 in
1871 2490 137 41 Ohio.
2074 2491 101 40 The
2214 2490 234 42 Institute

428 2546 51 40 of
508 2548 95 39 law
633 2548 52 40 of
710 2550 84 40 the
821 2548 155 41 Johns
1003 2548 224 50 Hopkins
1257 2549 289 48 university.

500 2604 119 40 This
650 2608 164 45 report
844 2606 52 40 of
923 2607 82 40 the
1035 2607 135 40 work
1199 2607 52 40 of
1280 2607 82 40 the
1391 2605 210 49 mayors’
1632 2609 164 38 courts
1828 2606 51 41 of
1910 2605 255 41 Hamilton
2194 2608 179 46 county
2407 2606 40 40 is

430 2664 112 45 part
573 2662 52 41 of
653 2673 27 30 a
711 2664 200 48 general
939 2665 146 46 study
1117 2664 52 41 of
1197 2665 83 40 the
1307 2662 208 46 judicial
1545 2667 180 44 system
1756 2663 51 41 of
1838 2662 136 46 Ohio,
2007 2664 60 47 by
2099 2664 82 40 the
2213 2663 234 41 Institute

431 2720 51 40 of
525 2721 95 39 law
662 2721 52 40 of
755 2721 82 41 the
880 2720 155 42 Johns
1079 2721 224 49 Hopkins
1346 2721 288 48 university,
1678 2722 315 48 cooperating
2037 2721 118 40 with
2199 2722 83 39 the
2324 2719 123 42 Ohio

431 2776 215 41 Judicial
674 2778 188 41 council
891 2780 97 39 and
1017 2779 82 41 the
1128 2778 124 41 Ohio
1278 2779 87 40 bar
1393 2778 313 41 association,
1789 2778 33 47 cf.
1854 2778 127 41 Pref.

431 2832 52 52 ©
513 2838 101 40 Oct.
643 2838 70 41 31,
742 2837 142 45 1933;
914 2837 66 39 2c.
1012 2838 96 38 and
1137 2836 82 41 aff.
1248 2836 119 41 Nov.
1393 2838 54 46 4;
1478 2836 42 39 A
1547 2836 146 40 65977;
1752 2836 154 40 Johns
1936 2834 224 50 Hopkins
2190 2845 150 39 press.

510 2894 284 49 (33-32362)

429 2993 272 69 Dupleix,
730 2999 222 63 Joseph
983 2999 302 69 François,
1313 2999 272 69 marquis,
1616 2997 326 55 1697-1763.

502 3075 255 68 Dupleix
804 3077 112 51 and
957 3077 91 53 his
1091 3079 194 52 letters
1339 3075 370 69 (1742-1754)
1763 3075 75 70 by
1881 3072 271 70 Virginia
2196 3071 251 54 McLean

431 3153 1466 70 Thompson … New York, R. O. Ballou, 1933.
500 3224 115 47 xvii,
645 3225 89 41 920
759 3237 43 37 p.
860 3226 56 40 22
919 3229 44 21 cm
968 3260 9 8 .

499 3283 173 41 Thesis
716 3284 12 48 (PH.
912 3285 339 45 D.)—Columbia
1288 3284 287 50 university,
1613 3285 129 43 1933.

501 3340 129 41 Vita.

531 3399 101 40 'The
661 3399 160 47 object
850 3400 52 39 of
930 3400 100 40 this
1060 3401 134 39 work
1224 3403 89 38 has
1345 3402 118 39 been
1494 3403 47 38 to
1572 3402 196 47 present
1797 3401 86 39 the
1909 3401 126 39 most
2065 3397 280 48 significant
432 3408 2000 88 extracts

614 3455 1836 52 from … [Dupleix’] letters … so as to reconstruct, with the aid of
434 3513 280 41 connective
759 3518 253 45 comment,
1059 3517 81 39 the
1185 3526 170 29 course
1402 3516 52 39 of
1497 3518 169 37 events
1711 3525 54 30 as
1811 3525 111 29 seen
1967 3515 212 45 through
2224 3513 210 48 Dupleix'

431 3571 421 47 eyes.”—Introd.,
885 3583 43 38 p.
961 3575 41 38 4.

500 3629 354 49 Bibliography:
919 3641 41 37 p.
994 3629 218 43 903-908.

436 3685 52 52 ©
523 3692 127 46 Sept.
684 3691 66 39 15.
787 3691 136 39 1933:
1017 3725 8 7 2c.
1059 3692 129 47 Sept.
1220 3691 80 40 18;
1335 3690 69 40 aff
1451 3691 102 38 Oct.
1587 3691 55 38 17:
1706 3690 37 38 A
1777 3689 170 40 66673:
1983 3688 53 40 V.
2071 3689 60 38 M.
2165 3687 291 46 Thompson,

502 3747 118 40 New
648 3747 143 41 York.
868 3748 282 47 (33-32398)

435 3848 273 68 Edelson,
743 3854 288 53 Emanuel
1064 3855 98 63 M.,
1198 3856 173 51 1885-

504 3928 310 54 Advanced
856 3931 352 53 commercial
1253 3928 324 56 arithmetic
1617 3929 303 69 problems,
1959 3926 142 54 class
2141 3925 110 52 and
2290 3924 163 55 home

435 4001 2019 75 assignments, by Emanuel M. Edelson … Brooklyn, N. Y.,
434 4082 837 73 Standard text press [ c 1933]
