2484 4405
1079 4095 133 52 1275

130 467 213 64 Colter,
371 464 109 56 Eli.

299 542 121 52 The
453 545 220 48 outcast
707 538 62 53 of
802 540 156 64 Lazy
994 536 56 55 S.
1121 536 139 52 New
1297 536 179 64 York,
1510 534 69 52 A.
1616 534 75 51 H.
1726 533 161 66 King
1926 566 12 33 [
1944 538 17 21 c
1967 535 132 49 1933
2107 564 12 34 ]

202 613 84 42 286
329 625 42 38 p.
433 614 55 40 19½
520 615 15 20 cm
568 644 9 8 .

135 684 51 51 ©
221 688 125 45 Sept.
378 686 68 43 11,
477 684 139 45 1933;
648 683 67 38 2c.
750 682 125 47 Sept.
908 682 81 45 13;
1023 680 80 40 aff.
1141 680 126 47 Sept.
1300 679 80 45 12;
1415 678 35 38 A
1486 677 170 47 65229;
1691 677 171 39 Alfred
1894 676 60 40 H.
1986 676 143 45 King,

201 742 90 40 inc.
362 739 279 51 (33-24082)

130 844 369 65 Conyngton,
532 843 274 63 Thomas,
841 842 172 51 1855-

204 917 1863 70 Business law, decisions of cases, by Thomas Conyngton …
141 994 1986 75 [and] Louis O. Bergh … revised by Louis O. Bergh. 3d rev. ed.
135 1081 139 51 New
301 1078 178 67 York,
505 1078 122 52 The
653 1077 227 53 Ronald
907 1093 156 50 press
1093 1092 279 49 company
1406 1107 12 34 [
1424 1080 17 21 c
1447 1077 151 63 1933]

209 1151 56 41 89
291 1163 43 37 p.
393 1152 57 39 20½c
498 1153 27 21 m
531 1184 8 7 .

209 1209 128 40 “The
373 1207 278 49 quotations
685 1208 141 46 given
861 1216 84 29 are
977 1205 129 39 from
1142 1206 81 38 the
1258 1203 220 49 opinions
1513 1203 51 40 of
1599 1204 82 38 the
1715 1206 163 36 courts
1914 1203 107 39 that
2056 1203 57 39 de

137 1266 136 40 cided
300 1267 80 38 the
405 1275 135 30 cases
567 1264 215 48 digested
810 1264 48 40 in
884 1263 282 47 Conyngton
1193 1263 93 39 and

1314 1261 201 47 Bergh's
1543 1259 246 41 ‘Business
1814 1259 259 48 law’."—p.
2091 1261 38 38 3.

139 1333 51 51 ©
218 1334 118 50 Aug.
364 1336 69 46 30,
463 1336 139 45 1933;
633 1336 65 38 2c.
732 1336 126 45 Sept.
888 1335 52 45 7;
971 1333 82 41 aff.
1086 1334 127 46 Sept.
1244 1333 52 46 6;
1327 1332 42 39 A
1397 1330 170 49 65149;
1600 1332 189 39 Ronald
1819 1340 134 40 press
1983 1342 67 30 co.

217 1393 278 49 (33-24073)

134 1498 168 63 Daly,
333 1497 223 55 Carroll
584 1498 173 53 John.

205 1573 237 53 Murder
476 1572 169 54 won’t
677 1573 137 53 wait
851 1573 109 67 [by]
1001 1572 227 55 Carroll
1261 1573 158 53 John
1453 1573 170 65 Daly.
1694 1572 137 52 New
1868 1572 179 65 York,
2082 1571 48 52 I.

137 1652 343 63 Washburn,
513 1655 149 48 1933.

208 1724 101 48 viii,
339 1723 87 42 307
457 1734 43 38 p.
562 1722 55 42 19½cm

142 1790 51 53 ©
223 1795 125 48 Sept.
377 1796 68 38 14.
472 1794 140 47 1983;
641 1793 65 40 2c.
739 1793 127 47 Sept.
894 1792 82 47 18;
1006 1791 81 42 aff.
1120 1792 127 48 Sept.
1276 1792 82 47 15;
1386 1792 41 39 A
1456 1792 169 47 66111;
1656 1792 49 40 C.
1735 1793 41 38 J.
1807 1793 140 46 Daly,
1976 1792 163 41 White

211 1851 179 46 Plains,
424 1852 54 37 N.
513 1851 53 38 Y.
638 1849 279 48 (33-24092)

139 1953 266 65 Duffield,
434 1954 189 56 Anne.

206 2031 229 67 Knight
471 2036 208 47 errant.
761 2030 362 67 [Instalment
1163 2033 116 63 1-4]

217 2107 80 47 (In
328 2101 245 44 Woman’s
603 2099 187 52 weekly
818 2099 276 52 magazine,
1122 2100 129 51 Aug.
1282 2102 70 50 19,
1380 2102 72 49 26,
1482 2100 135 52 Sept.
1646 2102 41 48 2,
1716 2102 41 48 9,
1788 2101 143 48 1933)

143 2172 1994 52 © 1c. each Oct. 14, 1933; A ad int. 18264; pubd. Aug. 19, 26, Sept. 2, 9;
210 2233 221 46 Dorothy
464 2233 131 37 Duer
629 2231 220 46 Duffield,
884 2230 292 47 Aldbourne,
1212 2229 266 48 Wiltshire,
1513 2231 235 47 England.

138 2335 324 65 Ehrmann,
488 2335 260 53 Herbert
775 2334 244 65 Brutus,
1051 2337 171 50 1891-

213 2414 119 52 The
370 2413 227 53 untried
635 2430 148 49 case;
824 2414 94 53 the
958 2413 470 55 Sacco-Vanzetti
1466 2432 122 36 case
1627 2415 112 52 and
1776 2415 95 52 the
1908 2416 228 53 Morelli

141 2491 1996 71 gang, by Herbert B. Ehrmann … New York, The Vanguard
144 2588 153 51 press
332 2574 170 65 [1933]

211 2643 1327 49 xiv p., 1 l., 15-252 p. illus. (map) ports. 19½ cm .
210 2702 101 39 The
349 2704 134 44 story
521 2701 51 40 of
611 2702 81 39 the
731 2700 239 48 evidence,
1011 2701 226 48 covering
1277 2701 80 40 the
1397 2702 275 40 confession
1713 2702 52 41 of
1805 2702 242 43 Celestino
2088 2704 52 39 F.

143 2758 241 40 Madeiros
419 2759 94 38 and
548 2757 294 48 attributing
876 2758 80 40 the
991 2758 221 39 murders
1248 2760 51 38 at
1333 2758 260 41 Braintree
1627 2762 47 38 to
1710 2762 80 38 the
1827 2761 89 40 Joe
1952 2760 188 41 Morelli

142 2826 126 37 gang
301 2814 52 41 of
387 2814 308 47 Providence,
733 2815 53 40 R.
825 2816 51 45 I.,
913 2815 41 40 is
990 2816 117 38 here
1141 2817 254 46 presented
1433 2815 77 41 for
1547 2817 82 40 the
1664 2816 107 41 first
1808 2818 118 41 time
1963 2819 60 48 by
2059 2818 82 41 the

143 2871 392 40 Sacco-Vanzetti
566 2870 164 47 junior
763 2873 209 39 counsel.

148 2936 50 52 ©
231 2941 118 47 Aug.
383 2941 69 39 22.
486 2940 113 40 1933;
661 2940 65 39 2c.
765 2941 127 46 Sept.
926 2941 81 46 11;
1045 2940 82 41 aff.
1164 2941 129 48 Sept.
1325 2942 52 46 1;
1416 2943 39 38 A
1488 2942 170 49 64969;
1695 2944 264 41 Vanguard
1992 2954 150 39 press,

215 2997 88 40 inc.
375 2997 279 48 (33-23818)

143 3100 260 65 Farmer,
434 3101 259 63 Harvey.

217 3176 1923 77 Waiting upon God, by Harvey Farmer … Chicago, The
149 3255 163 53 Bible
341 3256 259 54 institute
631 3257 326 68 colportage
989 3258 160 54 ass’n.
1187 3292 12 34 [
1204 3265 17 21 c
1228 3263 150 64 1933]

217 3329 332 47 31 p. 18½ cm .
150 3396 51 51 ©
239 3400 118 47 Aug.
394 3402 68 44 17,
499 3400 138 42 1933;
676 3401 67 39 2c.
780 3401 118 47 Aug.
935 3402 82 40 25:
1058 3402 83 40 aff.
1178 3404 119 46 Aug.
1334 3404 82 45 23;
1456 3404 41 39 A
1534 3405 169 47 65058;
1744 3405 139 39 Bible
1918 3406 228 42 institute

218 3458 274 46 colportage
521 3468 113 28 assn.
678 3457 53 39 of
760 3457 222 48 Chicago.
1054 3459 281 49 (33-24060)

147 3558 301 66 Fineman,
477 3561 223 63 Irving.

222 3636 1921 78 Hear, ye sons, a novel, by Irving Fineman … New York,
154 3714 268 67 Toronto,
449 3717 342 67 Longmans,
820 3717 186 56 Green
1033 3720 114 53 and
1176 3738 96 49 co.,
1302 3724 149 52 1933.

221 3788 95 46 xiv,
345 3788 87 39 306
460 3799 42 37 p.
563 3788 55 41 19½
650 3792 44 21 cm
700 3822 8 8 .

222 3844 284 41 Illustrated
537 3845 361 50 lining-papers.

224 3900 160 41 “First
414 3901 226 41 edition.”

158 3964 50 52 ©
245 3971 125 46 Sept.
402 3970 39 48 6,
474 3972 113 40 1933;
648 3973 65 40 2c.
751 3975 127 47 Sept.
911 3976 81 46 15;
1028 3976 83 40 aff.
1147 3977 126 48 Sept.
1309 3979 80 41 14;
1427 3978 38 39 A
1497 3979 169 47 65234;
1704 3982 35 39 I.
1777 3980 247 50 Fineman,
2060 3983 90 41 Old

226 4026 318 48 Bennington,
575 4028 76 40 Vt.
723 4030 278 51 (33-23926)
