<alto xmlns="http://www.loc.gov/standards/alto/ns-v3#" xmlns:xlink="http://www.w3.org/1999/xlink" xmlns:xsi="http://www.w3.org/2001/XMLSchema-instance" xsi:schemaLocation="http://www.loc.gov/standards/alto/ns-v3# http://www.loc.gov/alto/v3/alto-3-0.xsd"><Description>
<MeasurementUnit>pixel</MeasurementUnit>
<sourceImageInformation>
<fileName>1933_v1_Part1.pdf</fileName>
</sourceImageInformation>
<OCRProcessing ID="IdOcr">
<ocrProcessingStep>
<processingDateTime>2019-01-03</processingDateTime>
<processingSoftware>
<softwareCreator>ABBYY</softwareCreator>
<softwareName>ABBYY Recognition Server</softwareName>
<softwareVersion>4.0</softwareVersion>
</processingSoftware>
</ocrProcessingStep>
</OCRProcessing>
</Description>
<Styles>
<ParagraphStyle ID="StyleId-FFFFFFFF-FFFF-FFFF-FFFF-FFFFFFFFFFFF-" ALIGN="Left" LEFT="0." RIGHT="0." FIRSTLINE="0."/>
<ParagraphStyle ID="StyleId-6EF5737A-DCEB-4126-A0CF-C5930BF7166A-" ALIGN="Left" LEFT="0." RIGHT="0." FIRSTLINE="0." LINESPACE="8.300000191"/>
<ParagraphStyle ID="StyleId-2DE44258-FD0B-41E1-B542-087C989B01A3-" ALIGN="Left" LEFT="0." RIGHT="0." FIRSTLINE="0." LINESPACE="12.19999981"/>
<ParagraphStyle ID="StyleId-CE3D254A-29D7-4DD7-B5F1-E0FC0EF29B05-" ALIGN="Left" LEFT="0." RIGHT="0." FIRSTLINE="-14." LINESPACE="8.619999886"/>
<ParagraphStyle ID="StyleId-C0E3A137-CE4F-4287-8A90-B599106709D0-" ALIGN="Left" LEFT="0." RIGHT="0." FIRSTLINE="-14." LINESPACE="12.19999981"/>
<ParagraphStyle ID="StyleId-50F26F0C-05DA-4C19-BA58-7A6AC4499BEE-" ALIGN="Left" LEFT="0." RIGHT="0." FIRSTLINE="-14." LINESPACE="11.06999969"/>
<ParagraphStyle ID="StyleId-5DDE65AF-512C-41E2-9B8E-095D6D99EF68-" ALIGN="Center" LEFT="0." RIGHT="0." FIRSTLINE="0." LINESPACE="11.89999962"/>
<ParagraphStyle ID="StyleId-0A81D7A5-6A62-4C52-915E-7768974C704D-" ALIGN="Left" LEFT="0." RIGHT="0." FIRSTLINE="0." LINESPACE="9.399999619"/>
<ParagraphStyle ID="StyleId-F7A0127F-6B48-4157-BB81-FE33E1E1A05B-" ALIGN="Block" LEFT="0." RIGHT="0." FIRSTLINE="-13." LINESPACE="10.63000011"/>
<ParagraphStyle ID="StyleId-E18C69F7-DBD7-48B1-805C-FCD96D0DA019-" ALIGN="Left" LEFT="0." RIGHT="0." FIRSTLINE="0." LINESPACE="11.64000034"/>
<ParagraphStyle ID="StyleId-98F15501-B611-4E83-8BB3-807E891F11F5-" ALIGN="Left" LEFT="0." RIGHT="0." FIRSTLINE="-14." LINESPACE="12.19999981"/>
<ParagraphStyle ID="StyleId-F4A78626-0BBC-4D12-94D9-A1AE75A9855F-" ALIGN="Left" LEFT="0." RIGHT="0." FIRSTLINE="0." LINESPACE="9.399999619"/>
<ParagraphStyle ID="StyleId-6A3F6F4C-D21B-4ADE-902F-7683F18ECEF3-" ALIGN="Left" LEFT="0." RIGHT="0." FIRSTLINE="0." LINESPACE="11.10000038"/>
</Styles>
<Layout>
<Page ID="Page558" PHYSICAL_IMG_NR="558" HEIGHT="4453" WIDTH="2582">
<TopMargin HEIGHT="440" WIDTH="2582" VPOS="0" HPOS="0">
</TopMargin>
<LeftMargin HEIGHT="3766" WIDTH="336" VPOS="440" HPOS="0">
</LeftMargin>
<RightMargin HEIGHT="3766" WIDTH="153" VPOS="440" HPOS="2429">
</RightMargin>
<BottomMargin HEIGHT="247" WIDTH="2582" VPOS="4206" HPOS="0">
</BottomMargin>
<PrintSpace HEIGHT="3766" WIDTH="2093" VPOS="440" HPOS="336">
<TextBlock ID="Page558_Block1" HEIGHT="72" WIDTH="120" VPOS="4134" HPOS="1314" LANG="en-US" STYLEREFS="StyleId-842A4476-4DDB-47E1-883F-D08E27E6DB22-">
<TextLine HEIGHT="51" WIDTH="99" VPOS="4144" HPOS="1325">
<String CONTENT="558" HEIGHT="51" WIDTH="99" VPOS="4144" HPOS="1325"/>
</TextLine>
</TextBlock>
<TextBlock ID="Page558_Block2" HEIGHT="3698" WIDTH="2093" VPOS="440" HPOS="336" LANG="en-US" CS="1" STYLEREFS="StyleId-BF6C35F5-0629-4A5A-9EEA-AFC41B375ADC-">
<TextLine HEIGHT="67" WIDTH="982" VPOS="450" HPOS="346" STYLEREFS="StyleId-5CD278F2-C440-4B6D-A66E-0E48487EE6EF-" LANG="de">
<String CONTENT="Durost," HEIGHT="64" WIDTH="245" VPOS="452" HPOS="346"/>
<SP HEIGHT="64" WIDTH="29" VPOS="452" HPOS="592"/>
<String CONTENT="Walter" HEIGHT="56" WIDTH="228" VPOS="450" HPOS="622"/>
<SP HEIGHT="53" WIDTH="28" VPOS="452" HPOS="851"/>
<String CONTENT="Nelson," HEIGHT="66" WIDTH="242" VPOS="451" HPOS="880"/>
<SP HEIGHT="59" WIDTH="32" VPOS="458" HPOS="1123"/>
<String CONTENT="1906-" HEIGHT="50" WIDTH="172" VPOS="457" HPOS="1156"/>
</TextLine>
<TextLine HEIGHT="72" WIDTH="1996" VPOS="527" HPOS="376">
<String LANG="de" CONTENT="v" HEIGHT="30" WIDTH="14" VPOS="548" HPOS="376"/>
<SP HEIGHT="56" WIDTH="28" VPOS="529" HPOS="391"/>
<String LANG="en-US" CONTENT="Children&#8217;s" HEIGHT="57" WIDTH="326" VPOS="528" HPOS="420"/>
<SP HEIGHT="35" WIDTH="44" VPOS="548" HPOS="747"/>
<String LANG="en-US" CONTENT="collecting" HEIGHT="70" WIDTH="305" VPOS="529" HPOS="792"/>
<SP HEIGHT="51" WIDTH="44" VPOS="548" HPOS="1098"/>
<String LANG="en-US" CONTENT="activity" HEIGHT="71" WIDTH="242" VPOS="528" HPOS="1143"/>
<SP HEIGHT="51" WIDTH="44" VPOS="548" HPOS="1386"/>
<String LANG="de" CONTENT="related" HEIGHT="54" WIDTH="217" VPOS="530" HPOS="1431"/>
<SP HEIGHT="54" WIDTH="43" VPOS="530" HPOS="1649"/>
<String LANG="en-US" CONTENT="to" HEIGHT="49" WIDTH="59" VPOS="534" HPOS="1693"/>
<SP HEIGHT="35" WIDTH="44" VPOS="548" HPOS="1753"/>
<String LANG="de" CONTENT="social" HEIGHT="54" WIDTH="174" VPOS="528" HPOS="1798"/>
<SP HEIGHT="55" WIDTH="44" VPOS="527" HPOS="1973"/>
<String LANG="en-US" CONTENT="factors," HEIGHT="71" WIDTH="235" VPOS="527" HPOS="2018"/>
<SP HEIGHT="69" WIDTH="39" VPOS="529" HPOS="2254"/>
<String LANG="en-US" CONTENT="by" HEIGHT="70" WIDTH="78" VPOS="529" HPOS="2294"/>
</TextLine>
<TextLine HEIGHT="70" WIDTH="2026" VPOS="606" HPOS="347" CS="1">
<String CONTENT="Walter" HEIGHT="56" WIDTH="224" VPOS="608" HPOS="347"/>
<SP HEIGHT="55" WIDTH="43" VPOS="608" HPOS="572"/>
<String CONTENT="Nelson" HEIGHT="54" WIDTH="214" VPOS="608" HPOS="616"/>
<SP HEIGHT="52" WIDTH="44" VPOS="609" HPOS="831"/>
<String CONTENT="Durost" HEIGHT="53" WIDTH="218" VPOS="609" HPOS="876"/>
<SP HEIGHT="47" WIDTH="50" VPOS="614" HPOS="1095"/>
<String CS="1" CONTENT="&#8230;"/>
<SP HEIGHT="51" WIDTH="84" VPOS="610" HPOS="1203"/>
<String CONTENT="Published" HEIGHT="55" WIDTH="318" VPOS="608" HPOS="1288"/>
<SP HEIGHT="54" WIDTH="44" VPOS="609" HPOS="1607"/>
<String CONTENT="with" HEIGHT="56" WIDTH="141" VPOS="606" HPOS="1652"/>
<SP HEIGHT="52" WIDTH="43" VPOS="609" HPOS="1794"/>
<String CONTENT="the" HEIGHT="53" WIDTH="98" VPOS="608" HPOS="1838"/>
<SP HEIGHT="36" WIDTH="43" VPOS="625" HPOS="1937"/>
<String CONTENT="approval" HEIGHT="67" WIDTH="283" VPOS="609" HPOS="1981"/>
<SP HEIGHT="54" WIDTH="41" VPOS="609" HPOS="2265"/>
<String CONTENT="of" HEIGHT="55" WIDTH="66" VPOS="608" HPOS="2307"/>
</TextLine>
<TextLine HEIGHT="73" WIDTH="2025" VPOS="686" HPOS="348">
<String LANG="en-US" CONTENT="Professor" HEIGHT="54" WIDTH="306" VPOS="687" HPOS="348"/>
<SP HEIGHT="53" WIDTH="41" VPOS="688" HPOS="655"/>
<String LANG="en-US" CONTENT="Leta" HEIGHT="52" WIDTH="142" VPOS="688" HPOS="697"/>
<SP HEIGHT="56" WIDTH="47" VPOS="686" HPOS="840"/>
<String LANG="en-US" CONTENT="S." HEIGHT="56" WIDTH="56" VPOS="686" HPOS="888"/>
<SP HEIGHT="52" WIDTH="46" VPOS="688" HPOS="945"/>
<String LANG="de" CONTENT="Hollingworth," HEIGHT="70" WIDTH="458" VPOS="687" HPOS="992"/>
<SP HEIGHT="49" WIDTH="41" VPOS="706" HPOS="1451"/>
<String LANG="en-US" CONTENT="sponsor." HEIGHT="51" WIDTH="256" VPOS="705" HPOS="1493"/>
<SP HEIGHT="54" WIDTH="91" VPOS="688" HPOS="1750"/>
<String LANG="en-US" CONTENT="New" HEIGHT="54" WIDTH="141" VPOS="688" HPOS="1842"/>
<SP HEIGHT="55" WIDTH="45" VPOS="687" HPOS="1984"/>
<String LANG="en-US" CONTENT="York" HEIGHT="55" WIDTH="164" VPOS="687" HPOS="2030"/>
<SP HEIGHT="55" WIDTH="42" VPOS="687" HPOS="2195"/>
<String LANG="en-US" CONTENT="city," HEIGHT="71" WIDTH="135" VPOS="688" HPOS="2238"/>
</TextLine>
<TextLine HEIGHT="71" WIDTH="1425" VPOS="765" HPOS="349">
<String CONTENT="Teachers" HEIGHT="54" WIDTH="279" VPOS="767" HPOS="349"/>
<SP HEIGHT="34" WIDTH="29" VPOS="787" HPOS="629"/>
<String CONTENT="college," HEIGHT="70" WIDTH="231" VPOS="766" HPOS="659"/>
<SP HEIGHT="70" WIDTH="29" VPOS="765" HPOS="891"/>
<String CONTENT="Columbia" HEIGHT="56" WIDTH="302" VPOS="765" HPOS="921"/>
<SP HEIGHT="35" WIDTH="26" VPOS="785" HPOS="1224"/>
<String CONTENT="university," HEIGHT="71" WIDTH="339" VPOS="765" HPOS="1251"/>
<SP HEIGHT="65" WIDTH="29" VPOS="771" HPOS="1591"/>
<String CONTENT="1932." HEIGHT="52" WIDTH="153" VPOS="769" HPOS="1621"/>
</TextLine>
<TextLine HEIGHT="53" WIDTH="1952" VPOS="840" HPOS="420" STYLEREFS="StyleId-4CB75948-305C-4CA9-A0A2-D35DB49CA464-" CS="1">
<String CONTENT="viii," HEIGHT="49" WIDTH="102" VPOS="842" HPOS="420"/>
<SP HEIGHT="48" WIDTH="35" VPOS="843" HPOS="523"/>
<String CONTENT="115" HEIGHT="40" WIDTH="85" VPOS="843" HPOS="559"/>
<SP HEIGHT="48" WIDTH="34" VPOS="843" HPOS="645"/>
<String CONTENT="p." HEIGHT="38" WIDTH="42" VPOS="853" HPOS="680"/>
<SP HEIGHT="39" WIDTH="65" VPOS="844" HPOS="723"/>
<String CONTENT="diagrs." HEIGHT="49" WIDTH="180" VPOS="841" HPOS="789"/>
<SP HEIGHT="39" WIDTH="62" VPOS="842" HPOS="970"/>
<String CS="1" CONTENT="23&#189;" HEIGHT="40" WIDTH="56" VPOS="842" HPOS="1033"/>
<String STYLE="superscript" CONTENT="cm" HEIGHT="20" WIDTH="43" VPOS="844" HPOS="1123"/>
<String CONTENT="." HEIGHT="8" WIDTH="8" VPOS="873" HPOS="1172"/>
<SP HEIGHT="47" WIDTH="75" VPOS="842" HPOS="1181"/>
<String CONTENT="(Teachers" HEIGHT="47" WIDTH="268" VPOS="842" HPOS="1257"/>
<SP HEIGHT="30" WIDTH="34" VPOS="852" HPOS="1526"/>
<String CONTENT="college," HEIGHT="49" WIDTH="194" VPOS="842" HPOS="1561"/>
<SP HEIGHT="49" WIDTH="37" VPOS="842" HPOS="1756"/>
<String CONTENT="Columbia" HEIGHT="43" WIDTH="253" VPOS="840" HPOS="1794"/>
<SP HEIGHT="29" WIDTH="36" VPOS="852" HPOS="2048"/>
<String CONTENT="university." HEIGHT="53" WIDTH="287" VPOS="840" HPOS="2085"/>
</TextLine>
<TextLine HEIGHT="49" WIDTH="996" VPOS="898" HPOS="351" STYLEREFS="StyleId-4CB75948-305C-4CA9-A0A2-D35DB49CA464-">
<String CONTENT="Contributions" HEIGHT="42" WIDTH="372" VPOS="899" HPOS="351"/>
<SP HEIGHT="38" WIDTH="25" VPOS="902" HPOS="724"/>
<String CONTENT="to" HEIGHT="38" WIDTH="50" VPOS="902" HPOS="750"/>
<SP HEIGHT="30" WIDTH="26" VPOS="910" HPOS="801"/>
<String CONTENT="education," HEIGHT="49" WIDTH="275" VPOS="898" HPOS="828"/>
<SP HEIGHT="37" WIDTH="27" VPOS="910" HPOS="1104"/>
<String CONTENT="no." HEIGHT="30" WIDTH="74" VPOS="910" HPOS="1132"/>
<SP HEIGHT="41" WIDTH="28" VPOS="899" HPOS="1207"/>
<String CONTENT="535)" HEIGHT="48" WIDTH="111" VPOS="898" HPOS="1236"/>
</TextLine>
<TextLine HEIGHT="50" WIDTH="1407" VPOS="956" HPOS="423" STYLEREFS="StyleId-4CB75948-305C-4CA9-A0A2-D35DB49CA464-" CS="1">
<String CONTENT="Issued" HEIGHT="40" WIDTH="173" VPOS="959" HPOS="423"/>
<SP HEIGHT="39" WIDTH="26" VPOS="959" HPOS="597"/>
<String CONTENT="also" HEIGHT="40" WIDTH="104" VPOS="959" HPOS="624"/>
<SP HEIGHT="30" WIDTH="25" VPOS="968" HPOS="729"/>
<String CONTENT="as" HEIGHT="29" WIDTH="54" VPOS="968" HPOS="755"/>
<SP HEIGHT="39" WIDTH="25" VPOS="958" HPOS="810"/>
<String CONTENT="thesis" HEIGHT="40" WIDTH="155" VPOS="957" HPOS="836"/>
<SP HEIGHT="48" WIDTH="27" VPOS="956" HPOS="992"/>
<String CS="1" CONTENT="(PH." HEIGHT="48" WIDTH="109" VPOS="956" HPOS="1020"/>
<SP HEIGHT="31" WIDTH="26" VPOS="966" HPOS="1130"/>
<String CS="1" CONTENT="D.)" HEIGHT="49" WIDTH="34" VPOS="956" HPOS="1189"/>
<SP HEIGHT="49" WIDTH="35" VPOS="956" HPOS="1224"/>
<String CONTENT="Columbia" HEIGHT="41" WIDTH="253" VPOS="956" HPOS="1260"/>
<SP HEIGHT="29" WIDTH="26" VPOS="968" HPOS="1514"/>
<String CONTENT="university." HEIGHT="50" WIDTH="289" VPOS="956" HPOS="1541"/>
</TextLine>
<TextLine HEIGHT="110" WIDTH="2001" VPOS="1026" HPOS="359" STYLEREFS="StyleId-4CB75948-305C-4CA9-A0A2-D35DB49CA464-" CS="1">
<String CONTENT="&#169;" HEIGHT="52" WIDTH="52" VPOS="1026" HPOS="359"/>
<SP HEIGHT="52" WIDTH="28" VPOS="1026" HPOS="412"/>
<String CONTENT="Dec." HEIGHT="41" WIDTH="113" VPOS="1030" HPOS="441"/>
<SP HEIGHT="38" WIDTH="29" VPOS="1032" HPOS="555"/>
<String CONTENT="15," HEIGHT="47" WIDTH="68" VPOS="1030" HPOS="585"/>
<SP HEIGHT="45" WIDTH="28" VPOS="1032" HPOS="654"/>
<String CONTENT="1932;" HEIGHT="47" WIDTH="142" VPOS="1029" HPOS="683"/>
<SP HEIGHT="48" WIDTH="30" VPOS="1028" HPOS="826"/>
<String CONTENT="2c." HEIGHT="41" WIDTH="68" VPOS="1028" HPOS="857"/>
<SP HEIGHT="39" WIDTH="28" VPOS="1030" HPOS="926"/>
<String CONTENT="Mar." HEIGHT="40" WIDTH="123" VPOS="1030" HPOS="955"/>
<SP HEIGHT="42" WIDTH="27" VPOS="1028" HPOS="1079"/>
<String CONTENT="28," HEIGHT="49" WIDTH="70" VPOS="1028" HPOS="1107"/>
<SP HEIGHT="47" WIDTH="30" VPOS="1030" HPOS="1178"/>
<String CONTENT="1933;" HEIGHT="46" WIDTH="141" VPOS="1029" HPOS="1209"/>
<SP HEIGHT="36" WIDTH="31" VPOS="1039" HPOS="1351"/>
<String CONTENT="aff.," HEIGHT="43" WIDTH="90" VPOS="1028" HPOS="1383"/>
<SP HEIGHT="41" WIDTH="23" VPOS="1030" HPOS="1474"/>
<String CONTENT="Mar." HEIGHT="41" WIDTH="122" VPOS="1030" HPOS="1498"/>
<SP HEIGHT="41" WIDTH="30" VPOS="1030" HPOS="1621"/>
<String CONTENT="3;" HEIGHT="47" WIDTH="52" VPOS="1030" HPOS="1652"/>
<SP HEIGHT="47" WIDTH="32" VPOS="1030" HPOS="1705"/>
<!-- cceid 40724696-6CF9-1014-A6CF-A82867D68027 --><String CONTENT="A" HEIGHT="40" WIDTH="40" VPOS="1030" HPOS="1738"/>
<SP HEIGHT="40" WIDTH="29" VPOS="1030" HPOS="1779"/>
<String CONTENT="61257;" HEIGHT="49" WIDTH="171" VPOS="1029" HPOS="1809"/>
<SP HEIGHT="47" WIDTH="32" VPOS="1031" HPOS="1981"/>
<String CONTENT="Teachers" HEIGHT="41" WIDTH="244" VPOS="1031" HPOS="2014"/>
<SP HEIGHT="31" WIDTH="29" VPOS="1041" HPOS="2259"/>
<String CONTENT="college," HEIGHT="105" WIDTH="1935" VPOS="1031" HPOS="425"/>
</TextLine>
<TextLine HEIGHT="49" WIDTH="771" VPOS="1086" HPOS="572" STYLEREFS="StyleId-4CB75948-305C-4CA9-A0A2-D35DB49CA464-">
<String CONTENT="Columbia" HEIGHT="41" WIDTH="254" VPOS="1087" HPOS="572"/>
<SP HEIGHT="31" WIDTH="29" VPOS="1097" HPOS="827"/>
<String CONTENT="univ." HEIGHT="41" WIDTH="131" VPOS="1086" HPOS="857"/>
<SP HEIGHT="48" WIDTH="70" VPOS="1087" HPOS="989"/>
<String CONTENT="(33-10411)" HEIGHT="49" WIDTH="283" VPOS="1086" HPOS="1060"/>
</TextLine>
<TextLine HEIGHT="70" WIDTH="688" VPOS="1190" HPOS="350" STYLEREFS="StyleId-5CD278F2-C440-4B6D-A66E-0E48487EE6EF-">
<String CONTENT="Elert," HEIGHT="68" WIDTH="185" VPOS="1190" HPOS="350"/>
<SP HEIGHT="64" WIDTH="27" VPOS="1194" HPOS="536"/>
<String CONTENT="Werner," HEIGHT="66" WIDTH="268" VPOS="1194" HPOS="564"/>
<SP HEIGHT="60" WIDTH="32" VPOS="1200" HPOS="833"/>
<String CONTENT="1885-" HEIGHT="51" WIDTH="172" VPOS="1197" HPOS="866"/>
</TextLine>
<TextLine HEIGHT="70" WIDTH="1889" VPOS="1272" HPOS="423" CS="1">
<String CONTENT="Morphologie" HEIGHT="70" WIDTH="405" VPOS="1272" HPOS="423"/>
<SP HEIGHT="53" WIDTH="43" VPOS="1273" HPOS="829"/>
<String LANG="de" CONTENT="des" HEIGHT="53" WIDTH="96" VPOS="1273" HPOS="873"/>
<SP HEIGHT="53" WIDTH="44" VPOS="1273" HPOS="970"/>
<String CONTENT="luthertums," HEIGHT="69" WIDTH="366" VPOS="1272" HPOS="1015"/>
<SP HEIGHT="49" WIDTH="43" VPOS="1292" HPOS="1382"/>
<String CONTENT="von" HEIGHT="35" WIDTH="111" VPOS="1291" HPOS="1426"/>
<SP HEIGHT="53" WIDTH="44" VPOS="1273" HPOS="1538"/>
<String CONTENT="d." HEIGHT="53" WIDTH="53" VPOS="1273" HPOS="1583"/>
<SP HEIGHT="53" WIDTH="45" VPOS="1273" HPOS="1637"/>
<String CONTENT="dr." HEIGHT="53" WIDTH="85" VPOS="1273" HPOS="1683"/>
<SP HEIGHT="55" WIDTH="42" VPOS="1274" HPOS="1769"/>
<String CONTENT="Werner" HEIGHT="55" WIDTH="242" VPOS="1274" HPOS="1812"/>
<SP HEIGHT="51" WIDTH="43" VPOS="1275" HPOS="2055"/>
<String CONTENT="Elert" HEIGHT="53" WIDTH="165" VPOS="1273" HPOS="2099"/>
<SP HEIGHT="48" WIDTH="47" VPOS="1279" HPOS="2265"/>
<String CS="1" CONTENT="&#8230;"/>
</TextLine>
<TextLine HEIGHT="70" WIDTH="935" VPOS="1351" HPOS="352">
<String LANG="en-US" CONTENT="2." HEIGHT="51" WIDTH="48" VPOS="1355" HPOS="352"/>
<SP HEIGHT="55" WIDTH="26" VPOS="1351" HPOS="401"/>
<String LANG="en-US" CONTENT="bd." HEIGHT="52" WIDTH="92" VPOS="1351" HPOS="428"/>
<SP HEIGHT="52" WIDTH="75" VPOS="1351" HPOS="521"/>
<String LANG="de" CONTENT="M&#252;nchen," HEIGHT="69" WIDTH="310" VPOS="1351" HPOS="597"/>
<SP HEIGHT="67" WIDTH="25" VPOS="1353" HPOS="908"/>
<String LANG="en-US" CONTENT="Beck," HEIGHT="69" WIDTH="173" VPOS="1352" HPOS="934"/>
<SP HEIGHT="65" WIDTH="26" VPOS="1356" HPOS="1108"/>
<String LANG="en-US" CONTENT="1932." HEIGHT="51" WIDTH="152" VPOS="1355" HPOS="1135"/>
</TextLine>
<TextLine HEIGHT="51" WIDTH="478" VPOS="1426" HPOS="429" STYLEREFS="StyleId-4CB75948-305C-4CA9-A0A2-D35DB49CA464-" CS="1">
<String CONTENT="XV," HEIGHT="38" WIDTH="79" VPOS="1439" HPOS="429"/>
<SP HEIGHT="49" WIDTH="29" VPOS="1428" HPOS="509"/>
<String CONTENT="544" HEIGHT="40" WIDTH="86" VPOS="1428" HPOS="539"/>
<SP HEIGHT="46" WIDTH="30" VPOS="1429" HPOS="626"/>
<String CONTENT="p.." HEIGHT="37" WIDTH="62" VPOS="1438" HPOS="657"/>
<SP HEIGHT="47" WIDTH="39" VPOS="1426" HPOS="720"/>
<String CS="1" CONTENT="24&#189;cm." HEIGHT="42" WIDTH="147" VPOS="1426" HPOS="760"/>
</TextLine>
<TextLine HEIGHT="52" WIDTH="2021" VPOS="1495" HPOS="357" STYLEREFS="StyleId-4CB75948-305C-4CA9-A0A2-D35DB49CA464-" CS="1">
<String CONTENT="&#169;" HEIGHT="52" WIDTH="52" VPOS="1495" HPOS="357"/>
<SP HEIGHT="52" WIDTH="32" VPOS="1495" HPOS="410"/>
<String CONTENT="Sept." HEIGHT="48" WIDTH="129" VPOS="1499" HPOS="443"/>
<SP HEIGHT="43" WIDTH="27" VPOS="1497" HPOS="573"/>
<String CONTENT="27," HEIGHT="49" WIDTH="69" VPOS="1497" HPOS="601"/>
<SP HEIGHT="47" WIDTH="29" VPOS="1499" HPOS="671"/>
<String CONTENT="1932;" HEIGHT="49" WIDTH="142" VPOS="1497" HPOS="701"/>
<SP/>
<String CS="1" CONTENT="1c.," HEIGHT="8" WIDTH="3" VPOS="1531" HPOS="943"/>
<SP HEIGHT="40" WIDTH="25" VPOS="1499" HPOS="947"/>
<String CONTENT="Apr." HEIGHT="47" WIDTH="114" VPOS="1499" HPOS="973"/>
<SP HEIGHT="41" WIDTH="28" VPOS="1499" HPOS="1088"/>
<String CONTENT="29," HEIGHT="47" WIDTH="70" VPOS="1497" HPOS="1117"/>
<SP HEIGHT="43" WIDTH="30" VPOS="1501" HPOS="1188"/>
<String CONTENT="1933;" HEIGHT="48" WIDTH="142" VPOS="1497" HPOS="1219"/>
<SP HEIGHT="46" WIDTH="29" VPOS="1499" HPOS="1362"/>
<!-- cceid 4072E4F6-6CF9-1014-A6CF-A82867D68027 --><String CONTENT="A-Foreign" HEIGHT="49" WIDTH="313" VPOS="1498" HPOS="1392"/>
<SP HEIGHT="40" WIDTH="28" VPOS="1498" HPOS="1706"/>
<String CONTENT="20780;" HEIGHT="48" WIDTH="173" VPOS="1498" HPOS="1735"/>
<SP HEIGHT="47" WIDTH="33" VPOS="1499" HPOS="1909"/>
<String CONTENT="C." HEIGHT="41" WIDTH="48" VPOS="1499" HPOS="1943"/>
<SP HEIGHT="39" WIDTH="30" VPOS="1499" HPOS="1992"/>
<String CONTENT="H." HEIGHT="41" WIDTH="61" VPOS="1499" HPOS="2023"/>
<SP HEIGHT="41" WIDTH="29" VPOS="1499" HPOS="2085"/>
<String CONTENT="Beck&#8217;sche" HEIGHT="42" WIDTH="263" VPOS="1497" HPOS="2115"/>
</TextLine>
<TextLine HEIGHT="50" WIDTH="992" VPOS="1555" HPOS="430" STYLEREFS="StyleId-4CB75948-305C-4CA9-A0A2-D35DB49CA464-">
<String LANG="de" CONTENT="Verlagsbuchhandlung" HEIGHT="48" WIDTH="581" VPOS="1556" HPOS="430"/>
<SP HEIGHT="48" WIDTH="38" VPOS="1556" HPOS="1012"/>
<String LANG="en-US" CONTENT="(Oskar" HEIGHT="49" WIDTH="183" VPOS="1555" HPOS="1051"/>
<SP HEIGHT="38" WIDTH="31" VPOS="1557" HPOS="1235"/>
<String LANG="en-US" CONTENT="Beck)" HEIGHT="49" WIDTH="155" VPOS="1556" HPOS="1267"/>
</TextLine>
<TextLine HEIGHT="70" WIDTH="1162" VPOS="1657" HPOS="353">
<String CONTENT="Etcheverry," HEIGHT="68" WIDTH="392" VPOS="1657" HPOS="353"/>
<SP HEIGHT="64" WIDTH="29" VPOS="1661" HPOS="746"/>
<String CONTENT="Bernard" HEIGHT="53" WIDTH="270" VPOS="1660" HPOS="776"/>
<SP HEIGHT="53" WIDTH="27" VPOS="1660" HPOS="1047"/>
<String CONTENT="Alfred," HEIGHT="68" WIDTH="234" VPOS="1659" HPOS="1075"/>
<SP HEIGHT="61" WIDTH="31" VPOS="1666" HPOS="1310"/>
<String CONTENT="1881-" HEIGHT="51" WIDTH="173" VPOS="1665" HPOS="1342"/>
</TextLine>
<TextLine HEIGHT="72" WIDTH="1955" VPOS="1736" HPOS="424" CS="1">
<String CONTENT="Irrigation" HEIGHT="70" WIDTH="324" VPOS="1738" HPOS="424"/>
<SP HEIGHT="50" WIDTH="29" VPOS="1757" HPOS="749"/>
<String CONTENT="practice" HEIGHT="69" WIDTH="250" VPOS="1738" HPOS="779"/>
<SP HEIGHT="34" WIDTH="31" VPOS="1757" HPOS="1030"/>
<String CONTENT="and" HEIGHT="52" WIDTH="114" VPOS="1739" HPOS="1062"/>
<SP HEIGHT="52" WIDTH="31" VPOS="1739" HPOS="1177"/>
<String CONTENT="engineering" HEIGHT="71" WIDTH="373" VPOS="1737" HPOS="1209"/>
<SP HEIGHT="51" WIDTH="33" VPOS="1757" HPOS="1583"/>
<String CS="1" CONTENT="&#8230;"/>
<SP HEIGHT="52" WIDTH="33" VPOS="1740" HPOS="1675"/>
<String CONTENT="by" HEIGHT="68" WIDTH="76" VPOS="1740" HPOS="1709"/>
<SP HEIGHT="69" WIDTH="31" VPOS="1739" HPOS="1786"/>
<String CONTENT="B." HEIGHT="52" WIDTH="67" VPOS="1739" HPOS="1818"/>
<SP HEIGHT="55" WIDTH="31" VPOS="1736" HPOS="1886"/>
<String CONTENT="A." HEIGHT="56" WIDTH="72" VPOS="1736" HPOS="1918"/>
<SP HEIGHT="56" WIDTH="31" VPOS="1736" HPOS="1991"/>
<String CONTENT="Etcheverry" HEIGHT="71" WIDTH="356" VPOS="1736" HPOS="2023"/>
</TextLine>
<TextLine HEIGHT="71" WIDTH="1960" VPOS="1817" HPOS="417" CS="1">
<String CS="1" CONTENT="&#8230;"/>
<SP HEIGHT="34" WIDTH="42" VPOS="1837" HPOS="417"/>
<String CONTENT="and" HEIGHT="52" WIDTH="113" VPOS="1819" HPOS="460"/>
<SP HEIGHT="55" WIDTH="38" VPOS="1817" HPOS="574"/>
<String CONTENT="S." HEIGHT="55" WIDTH="56" VPOS="1817" HPOS="613"/>
<SP HEIGHT="51" WIDTH="36" VPOS="1820" HPOS="670"/>
<String CONTENT="T." HEIGHT="52" WIDTH="66" VPOS="1820" HPOS="707"/>
<SP HEIGHT="52" WIDTH="36" VPOS="1820" HPOS="774"/>
<String CONTENT="Harding" HEIGHT="70" WIDTH="277" VPOS="1817" HPOS="811"/>
<SP HEIGHT="51" WIDTH="40" VPOS="1836" HPOS="1089"/>
<String CS="1" CONTENT="&#8230;"/>
<SP HEIGHT="33" WIDTH="78" VPOS="1838" HPOS="1187"/>
<String CONTENT="v." HEIGHT="33" WIDTH="50" VPOS="1838" HPOS="1266"/>
<SP HEIGHT="49" WIDTH="42" VPOS="1822" HPOS="1317"/>
<String CONTENT="1." HEIGHT="49" WIDTH="44" VPOS="1822" HPOS="1360"/>
<SP HEIGHT="54" WIDTH="40" VPOS="1820" HPOS="1405"/>
<String CONTENT="Use" HEIGHT="54" WIDTH="116" VPOS="1820" HPOS="1446"/>
<SP HEIGHT="35" WIDTH="36" VPOS="1837" HPOS="1563"/>
<String CONTENT="of" HEIGHT="53" WIDTH="64" VPOS="1818" HPOS="1600"/>
<SP HEIGHT="53" WIDTH="32" VPOS="1818" HPOS="1665"/>
<String CONTENT="irrigation" HEIGHT="70" WIDTH="313" VPOS="1818" HPOS="1698"/>
<SP HEIGHT="35" WIDTH="34" VPOS="1837" HPOS="2012"/>
<String CONTENT="water" HEIGHT="49" WIDTH="178" VPOS="1823" HPOS="2047"/>
<SP HEIGHT="34" WIDTH="36" VPOS="1837" HPOS="2226"/>
<String CONTENT="and" HEIGHT="54" WIDTH="114" VPOS="1818" HPOS="2263"/>
</TextLine>
<TextLine HEIGHT="149" WIDTH="2023" VPOS="1897" HPOS="353" CS="1">
<String CONTENT="irrigation" HEIGHT="69" WIDTH="310" VPOS="1897" HPOS="353"/>
<SP HEIGHT="50" WIDTH="24" VPOS="1915" HPOS="664"/>
<String CONTENT="practice." HEIGHT="68" WIDTH="267" VPOS="1897" HPOS="689"/>
<SP HEIGHT="48" WIDTH="75" VPOS="1902" HPOS="957"/>
<String CONTENT="2d" HEIGHT="51" WIDTH="72" VPOS="1899" HPOS="1033"/>
<SP HEIGHT="51" WIDTH="24" VPOS="1899" HPOS="1106"/>
<String CONTENT="ed." HEIGHT="53" WIDTH="86" VPOS="1898" HPOS="1131"/>
<SP HEIGHT="53" WIDTH="74" VPOS="1899" HPOS="1218"/>
<String CONTENT="New" HEIGHT="53" WIDTH="140" VPOS="1899" HPOS="1293"/>
<SP HEIGHT="52" WIDTH="25" VPOS="1900" HPOS="1434"/>
<String CONTENT="York" HEIGHT="54" WIDTH="165" VPOS="1898" HPOS="1460"/>
<SP HEIGHT="53" WIDTH="24" VPOS="1898" HPOS="1626"/>
<String CONTENT="and" HEIGHT="52" WIDTH="113" VPOS="1899" HPOS="1651"/>
<SP HEIGHT="53" WIDTH="25" VPOS="1899" HPOS="1765"/>
<String CONTENT="London," HEIGHT="67" WIDTH="262" VPOS="1899" HPOS="1791"/>
<SP HEIGHT="67" WIDTH="22" VPOS="1899" HPOS="2054"/>
<String CONTENT="McGraw-Hill" HEIGHT="131" WIDTH="2019" VPOS="1899" HPOS="357"/>
<SP HEIGHT="53" WIDTH="27" VPOS="1977" HPOS="487"/>
<String CONTENT="book" HEIGHT="53" WIDTH="150" VPOS="1977" HPOS="515"/>
<SP HEIGHT="52" WIDTH="23" VPOS="1977" HPOS="666"/>
<String CONTENT="company," HEIGHT="51" WIDTH="302" VPOS="1995" HPOS="690"/>
<SP HEIGHT="69" WIDTH="24" VPOS="1977" HPOS="993"/>
<String CONTENT="inc.," HEIGHT="69" WIDTH="128" VPOS="1977" HPOS="1018"/>
<SP HEIGHT="63" WIDTH="27" VPOS="1983" HPOS="1147"/>
<String CONTENT="1933." HEIGHT="51" WIDTH="152" VPOS="1981" HPOS="1175"/>
</TextLine>
<TextLine HEIGHT="50" WIDTH="785" VPOS="2052" HPOS="467" STYLEREFS="StyleId-4CB75948-305C-4CA9-A0A2-D35DB49CA464-" CS="1">
<String CS="1" CONTENT="x." HEIGHT="11" WIDTH="7" VPOS="2084" HPOS="467"/>
<SP/>
<String CONTENT="256" HEIGHT="41" WIDTH="90" VPOS="2052" HPOS="502"/>
<SP HEIGHT="48" WIDTH="25" VPOS="2053" HPOS="593"/>
<String CONTENT="p." HEIGHT="38" WIDTH="41" VPOS="2063" HPOS="619"/>
<SP HEIGHT="41" WIDTH="57" VPOS="2052" HPOS="661"/>
<String CONTENT="illus.," HEIGHT="48" WIDTH="145" VPOS="2052" HPOS="719"/>
<SP HEIGHT="47" WIDTH="27" VPOS="2053" HPOS="865"/>
<String CONTENT="diagrs." HEIGHT="49" WIDTH="181" VPOS="2053" HPOS="893"/>
<SP HEIGHT="42" WIDTH="57" VPOS="2053" HPOS="1075"/>
<String CONTENT="23" HEIGHT="41" WIDTH="56" VPOS="2053" HPOS="1133"/>
<String STYLE="superscript" CONTENT="cm" HEIGHT="20" WIDTH="44" VPOS="2055" HPOS="1193"/>
<String CONTENT="." HEIGHT="9" WIDTH="8" VPOS="2085" HPOS="1244"/>
</TextLine>
<TextLine HEIGHT="50" WIDTH="1949" VPOS="2108" HPOS="431" STYLEREFS="StyleId-4CB75948-305C-4CA9-A0A2-D35DB49CA464-">
<String CONTENT="&#8220;This" HEIGHT="40" WIDTH="148" VPOS="2110" HPOS="431"/>
<SP HEIGHT="29" WIDTH="34" VPOS="2121" HPOS="580"/>
<String CONTENT="volume" HEIGHT="39" WIDTH="192" VPOS="2111" HPOS="615"/>
<SP HEIGHT="41" WIDTH="33" VPOS="2109" HPOS="808"/>
<String CONTENT="is" HEIGHT="42" WIDTH="42" VPOS="2109" HPOS="842"/>
<SP HEIGHT="40" WIDTH="35" VPOS="2111" HPOS="885"/>
<String CONTENT="limited" HEIGHT="41" WIDTH="190" VPOS="2110" HPOS="921"/>
<SP HEIGHT="39" WIDTH="35" VPOS="2112" HPOS="1112"/>
<String CONTENT="almost" HEIGHT="40" WIDTH="177" VPOS="2111" HPOS="1148"/>
<SP HEIGHT="39" WIDTH="35" VPOS="2112" HPOS="1326"/>
<String CONTENT="wholly" HEIGHT="47" WIDTH="180" VPOS="2111" HPOS="1362"/>
<SP HEIGHT="46" WIDTH="35" VPOS="2112" HPOS="1543"/>
<String CONTENT="to" HEIGHT="39" WIDTH="48" VPOS="2112" HPOS="1579"/>
<SP HEIGHT="40" WIDTH="35" VPOS="2110" HPOS="1628"/>
<String CONTENT="irrigation" HEIGHT="49" WIDTH="261" VPOS="2109" HPOS="1664"/>
<SP HEIGHT="38" WIDTH="33" VPOS="2119" HPOS="1926"/>
<String CONTENT="practice" HEIGHT="49" WIDTH="215" VPOS="2108" HPOS="1960"/>
<SP HEIGHT="41" WIDTH="33" VPOS="2109" HPOS="2176"/>
<String CONTENT="in" HEIGHT="41" WIDTH="51" VPOS="2109" HPOS="2210"/>
<SP HEIGHT="39" WIDTH="34" VPOS="2112" HPOS="2262"/>
<String CONTENT="the" HEIGHT="41" WIDTH="83" VPOS="2110" HPOS="2297"/>
</TextLine>
<TextLine HEIGHT="44" WIDTH="618" VPOS="2166" HPOS="360" STYLEREFS="StyleId-4CB75948-305C-4CA9-A0A2-D35DB49CA464-">
<String CONTENT="United" HEIGHT="43" WIDTH="180" VPOS="2167" HPOS="360"/>
<SP HEIGHT="42" WIDTH="32" VPOS="2167" HPOS="541"/>
<String CONTENT="States.&#8221;&#8212;Pref." HEIGHT="43" WIDTH="404" VPOS="2166" HPOS="574"/>
</TextLine>
<TextLine HEIGHT="50" WIDTH="1231" VPOS="2224" HPOS="433" STYLEREFS="StyleId-4CB75948-305C-4CA9-A0A2-D35DB49CA464-">
<String CONTENT="&#8220;References&#8221;" HEIGHT="41" WIDTH="352" VPOS="2225" HPOS="433"/>
<SP HEIGHT="40" WIDTH="25" VPOS="2225" HPOS="786"/>
<String CONTENT="at" HEIGHT="38" WIDTH="53" VPOS="2228" HPOS="812"/>
<SP HEIGHT="38" WIDTH="22" VPOS="2228" HPOS="866"/>
<String CONTENT="end" HEIGHT="39" WIDTH="91" VPOS="2226" HPOS="889"/>
<SP HEIGHT="40" WIDTH="25" VPOS="2226" HPOS="981"/>
<String CONTENT="of" HEIGHT="42" WIDTH="52" VPOS="2224" HPOS="1007"/>
<SP HEIGHT="41" WIDTH="22" VPOS="2224" HPOS="1060"/>
<String CONTENT="most" HEIGHT="39" WIDTH="127" VPOS="2227" HPOS="1083"/>
<SP HEIGHT="39" WIDTH="23" VPOS="2227" HPOS="1211"/>
<String CONTENT="of" HEIGHT="42" WIDTH="52" VPOS="2224" HPOS="1235"/>
<SP HEIGHT="42" WIDTH="27" VPOS="2224" HPOS="1288"/>
<String CONTENT="the" HEIGHT="40" WIDTH="80" VPOS="2226" HPOS="1316"/>
<SP HEIGHT="30" WIDTH="23" VPOS="2236" HPOS="1397"/>
<String CONTENT="chapters." HEIGHT="50" WIDTH="243" VPOS="2224" HPOS="1421"/>
</TextLine>
<TextLine HEIGHT="53" WIDTH="2019" VPOS="2293" HPOS="367" STYLEREFS="StyleId-4CB75948-305C-4CA9-A0A2-D35DB49CA464-">
<String CONTENT="&#169;" HEIGHT="52" WIDTH="52" VPOS="2293" HPOS="367"/>
<SP HEIGHT="52" WIDTH="30" VPOS="2293" HPOS="420"/>
<String CONTENT="Apr." HEIGHT="48" WIDTH="115" VPOS="2298" HPOS="451"/>
<SP HEIGHT="41" WIDTH="30" VPOS="2297" HPOS="567"/>
<String CONTENT="6," HEIGHT="48" WIDTH="39" VPOS="2297" HPOS="598"/>
<SP HEIGHT="45" WIDTH="31" VPOS="2300" HPOS="638"/>
<String CONTENT="1933;" HEIGHT="47" WIDTH="142" VPOS="2297" HPOS="670"/>
<SP HEIGHT="48" WIDTH="32" VPOS="2296" HPOS="813"/>
<String CONTENT="2c." HEIGHT="41" WIDTH="68" VPOS="2296" HPOS="846"/>
<SP HEIGHT="40" WIDTH="29" VPOS="2297" HPOS="915"/>
<String CONTENT="Apr." HEIGHT="48" WIDTH="115" VPOS="2297" HPOS="945"/>
<SP HEIGHT="38" WIDTH="32" VPOS="2298" HPOS="1061"/>
<String CONTENT="11;" HEIGHT="46" WIDTH="81" VPOS="2298" HPOS="1094"/>
<SP HEIGHT="37" WIDTH="34" VPOS="2307" HPOS="1176"/>
<String CONTENT="aff." HEIGHT="42" WIDTH="83" VPOS="2296" HPOS="1211"/>
<SP HEIGHT="41" WIDTH="31" VPOS="2297" HPOS="1295"/>
<String CONTENT="Apr." HEIGHT="48" WIDTH="115" VPOS="2297" HPOS="1327"/>
<SP HEIGHT="39" WIDTH="31" VPOS="2298" HPOS="1443"/>
<String CONTENT="10;" HEIGHT="49" WIDTH="83" VPOS="2296" HPOS="1475"/>
<SP HEIGHT="48" WIDTH="34" VPOS="2297" HPOS="1559"/>
<!-- cceid 40737837-6CF9-1014-A6CF-A82867D68027 --><String CONTENT="A" HEIGHT="39" WIDTH="39" VPOS="2297" HPOS="1594"/>
<SP HEIGHT="40" WIDTH="32" VPOS="2297" HPOS="1634"/>
<String CONTENT="60956;" HEIGHT="49" WIDTH="172" VPOS="2296" HPOS="1667"/>
<SP HEIGHT="47" WIDTH="34" VPOS="2298" HPOS="1840"/>
<String CONTENT="McGraw-Hill" HEIGHT="41" WIDTH="355" VPOS="2298" HPOS="1875"/>
<SP HEIGHT="41" WIDTH="29" VPOS="2298" HPOS="2231"/>
<String CONTENT="book" HEIGHT="43" WIDTH="125" VPOS="2296" HPOS="2261"/>
</TextLine>
<TextLine HEIGHT="49" WIDTH="558" VPOS="2354" HPOS="431" STYLEREFS="StyleId-4CB75948-305C-4CA9-A0A2-D35DB49CA464-" CS="1">
<String CONTENT="co.," HEIGHT="36" WIDTH="82" VPOS="2366" HPOS="431"/>
<SP HEIGHT="46" WIDTH="28" VPOS="2356" HPOS="514"/>
<String CONTENT="inc." HEIGHT="39" WIDTH="90" VPOS="2356" HPOS="543"/>
<SP HEIGHT="48" WIDTH="72" VPOS="2355" HPOS="634"/>
<String CS="1" CONTENT="(33-10408)" HEIGHT="49" WIDTH="282" VPOS="2354" HPOS="707"/>
</TextLine>
<TextLine HEIGHT="67" WIDTH="933" VPOS="2458" HPOS="359" STYLEREFS="StyleId-5CD278F2-C440-4B6D-A66E-0E48487EE6EF-">
<String CONTENT="Ewing," HEIGHT="67" WIDTH="230" VPOS="2458" HPOS="359"/>
<SP HEIGHT="64" WIDTH="31" VPOS="2461" HPOS="590"/>
<String CONTENT="Cecil" HEIGHT="56" WIDTH="154" VPOS="2459" HPOS="622"/>
<SP HEIGHT="54" WIDTH="28" VPOS="2458" HPOS="777"/>
<String CONTENT="Andrew," HEIGHT="66" WIDTH="279" VPOS="2458" HPOS="806"/>
<SP HEIGHT="59" WIDTH="33" VPOS="2465" HPOS="1086"/>
<String CONTENT="1876-" HEIGHT="56" WIDTH="172" VPOS="2460" HPOS="1120"/>
</TextLine>
<TextLine HEIGHT="73" WIDTH="1953" VPOS="2535" HPOS="430" CS="1">
<String CONTENT="Plane" HEIGHT="55" WIDTH="180" VPOS="2536" HPOS="430"/>
<SP HEIGHT="47" WIDTH="26" VPOS="2544" HPOS="611"/>
<String CONTENT="trigonometry," HEIGHT="72" WIDTH="438" VPOS="2536" HPOS="638"/>
<SP HEIGHT="68" WIDTH="24" VPOS="2538" HPOS="1077"/>
<String CONTENT="by" HEIGHT="68" WIDTH="75" VPOS="2538" HPOS="1102"/>
<SP HEIGHT="70" WIDTH="28" VPOS="2536" HPOS="1178"/>
<String CONTENT="Cecil" HEIGHT="55" WIDTH="156" VPOS="2536" HPOS="1207"/>
<SP HEIGHT="53" WIDTH="25" VPOS="2537" HPOS="1364"/>
<String CONTENT="A." HEIGHT="54" WIDTH="71" VPOS="2537" HPOS="1390"/>
<SP HEIGHT="52" WIDTH="28" VPOS="2539" HPOS="1462"/>
<String CONTENT="Ewing" HEIGHT="70" WIDTH="212" VPOS="2537" HPOS="1491"/>
<SP HEIGHT="51" WIDTH="28" VPOS="2556" HPOS="1704"/>
<String CS="1" CONTENT="&#8230;"/>
<SP HEIGHT="34" WIDTH="31" VPOS="2556" HPOS="1791"/>
<String CONTENT="with" HEIGHT="55" WIDTH="141" VPOS="2536" HPOS="1823"/>
<SP HEIGHT="52" WIDTH="25" VPOS="2538" HPOS="1965"/>
<String CONTENT="the" HEIGHT="53" WIDTH="97" VPOS="2537" HPOS="1991"/>
<SP HEIGHT="36" WIDTH="24" VPOS="2556" HPOS="2089"/>
<String CONTENT="editorial" HEIGHT="57" WIDTH="269" VPOS="2535" HPOS="2114"/>
</TextLine>
<TextLine HEIGHT="72" WIDTH="2024" VPOS="2613" HPOS="362" CS="1">
<String CONTENT="cooperation" HEIGHT="68" WIDTH="368" VPOS="2617" HPOS="362"/>
<SP HEIGHT="34" WIDTH="31" VPOS="2635" HPOS="731"/>
<String CONTENT="of" HEIGHT="54" WIDTH="63" VPOS="2615" HPOS="763"/>
<SP HEIGHT="56" WIDTH="31" VPOS="2613" HPOS="827"/>
<String CONTENT="Ralph" HEIGHT="72" WIDTH="195" VPOS="2613" HPOS="859"/>
<SP HEIGHT="52" WIDTH="29" VPOS="2617" HPOS="1055"/>
<String CONTENT="Dennison" HEIGHT="53" WIDTH="298" VPOS="2616" HPOS="1085"/>
<SP HEIGHT="51" WIDTH="30" VPOS="2618" HPOS="1384"/>
<String CONTENT="Beetle" HEIGHT="55" WIDTH="194" VPOS="2616" HPOS="1415"/>
<SP HEIGHT="34" WIDTH="36" VPOS="2637" HPOS="1610"/>
<String CS="1" CONTENT="&#8230;"/>
<SP HEIGHT="49" WIDTH="73" VPOS="2620" HPOS="1705"/>
<String CONTENT="1st" HEIGHT="50" WIDTH="85" VPOS="2620" HPOS="1779"/>
<SP HEIGHT="47" WIDTH="30" VPOS="2623" HPOS="1865"/>
<String CONTENT="ed." HEIGHT="53" WIDTH="84" VPOS="2616" HPOS="1896"/>
<SP HEIGHT="54" WIDTH="68" VPOS="2616" HPOS="1981"/>
<String CONTENT="New" HEIGHT="54" WIDTH="139" VPOS="2616" HPOS="2050"/>
<SP HEIGHT="54" WIDTH="31" VPOS="2616" HPOS="2190"/>
<String CONTENT="York" HEIGHT="55" WIDTH="164" VPOS="2616" HPOS="2222"/>
</TextLine>
<TextLine HEIGHT="71" WIDTH="1693" VPOS="2694" HPOS="363">
<String CONTENT="and" HEIGHT="52" WIDTH="113" VPOS="2697" HPOS="363"/>
<SP HEIGHT="53" WIDTH="25" VPOS="2696" HPOS="477"/>
<String CONTENT="London," HEIGHT="67" WIDTH="261" VPOS="2696" HPOS="503"/>
<SP HEIGHT="67" WIDTH="26" VPOS="2696" HPOS="765"/>
<String CONTENT="McGraw-Hill" HEIGHT="55" WIDTH="433" VPOS="2694" HPOS="792"/>
<SP HEIGHT="52" WIDTH="23" VPOS="2696" HPOS="1226"/>
<String CONTENT="book" HEIGHT="54" WIDTH="149" VPOS="2695" HPOS="1250"/>
<SP HEIGHT="53" WIDTH="23" VPOS="2695" HPOS="1400"/>
<String CONTENT="company," HEIGHT="52" WIDTH="300" VPOS="2713" HPOS="1424"/>
<SP HEIGHT="68" WIDTH="24" VPOS="2697" HPOS="1725"/>
<String CONTENT="inc.," HEIGHT="66" WIDTH="129" VPOS="2697" HPOS="1750"/>
<SP HEIGHT="64" WIDTH="25" VPOS="2699" HPOS="1880"/>
<String CONTENT="1933." HEIGHT="52" WIDTH="150" VPOS="2698" HPOS="1906"/>
</TextLine>
<TextLine HEIGHT="51" WIDTH="1947" VPOS="2770" HPOS="434" STYLEREFS="StyleId-4CB75948-305C-4CA9-A0A2-D35DB49CA464-" CS="1">
<String CONTENT="xi," HEIGHT="47" WIDTH="64" VPOS="2771" HPOS="434"/>
<SP/>
<String CONTENT="165" HEIGHT="40" WIDTH="85" VPOS="2771" HPOS="525"/>
<SP HEIGHT="48" WIDTH="23" VPOS="2771" HPOS="611"/>
<String CONTENT="p." HEIGHT="37" WIDTH="42" VPOS="2782" HPOS="635"/>
<SP HEIGHT="39" WIDTH="55" VPOS="2771" HPOS="678"/>
<String CONTENT="diagrs." HEIGHT="47" WIDTH="180" VPOS="2771" HPOS="734"/>
<SP HEIGHT="41" WIDTH="51" VPOS="2770" HPOS="915"/>
<String CONTENT="21" HEIGHT="39" WIDTH="55" VPOS="2770" HPOS="967"/>
<String STYLE="superscript" CONTENT="cm" HEIGHT="20" WIDTH="44" VPOS="2773" HPOS="1026"/>
<String CONTENT="." HEIGHT="8" WIDTH="7" VPOS="2802" HPOS="1076"/>
<SP HEIGHT="29" WIDTH="58" VPOS="2790" HPOS="1084"/>
<String CONTENT="[McGraw-Hill" HEIGHT="49" WIDTH="369" VPOS="2770" HPOS="1143"/>
<SP HEIGHT="39" WIDTH="24" VPOS="2771" HPOS="1513"/>
<String CONTENT="series" HEIGHT="40" WIDTH="151" VPOS="2770" HPOS="1538"/>
<SP HEIGHT="30" WIDTH="22" VPOS="2781" HPOS="1690"/>
<String CONTENT="of" HEIGHT="40" WIDTH="52" VPOS="2771" HPOS="1713"/>
<SP HEIGHT="40" WIDTH="23" VPOS="2771" HPOS="1766"/>
<String CONTENT="texts" HEIGHT="39" WIDTH="132" VPOS="2773" HPOS="1790"/>
<SP HEIGHT="41" WIDTH="22" VPOS="2770" HPOS="1923"/>
<String CONTENT="in" HEIGHT="40" WIDTH="50" VPOS="2770" HPOS="1946"/>
<SP HEIGHT="28" WIDTH="25" VPOS="2782" HPOS="1997"/>
<String CONTENT="mathematics]" HEIGHT="50" WIDTH="358" VPOS="2771" HPOS="2023"/>
</TextLine>
<TextLine HEIGHT="52" WIDTH="2017" VPOS="2825" HPOS="371" STYLEREFS="StyleId-4CB75948-305C-4CA9-A0A2-D35DB49CA464-" CS="1">
<String CONTENT="&#169;" HEIGHT="52" WIDTH="52" VPOS="2825" HPOS="371"/>
<SP HEIGHT="52" WIDTH="30" VPOS="2825" HPOS="424"/>
<String CONTENT="Mar." HEIGHT="42" WIDTH="123" VPOS="2829" HPOS="455"/>
<SP HEIGHT="41" WIDTH="28" VPOS="2830" HPOS="579"/>
<String CONTENT="29," HEIGHT="48" WIDTH="70" VPOS="2829" HPOS="608"/>
<SP HEIGHT="47" WIDTH="29" VPOS="2830" HPOS="679"/>
<String CONTENT="1933;" HEIGHT="47" WIDTH="141" VPOS="2829" HPOS="709"/>
<SP HEIGHT="47" WIDTH="31" VPOS="2829" HPOS="851"/>
<String CONTENT="2c." HEIGHT="40" WIDTH="67" VPOS="2829" HPOS="883"/>
<SP HEIGHT="38" WIDTH="32" VPOS="2829" HPOS="951"/>
<String CONTENT="Mar." HEIGHT="40" WIDTH="123" VPOS="2829" HPOS="984"/>
<SP HEIGHT="41" WIDTH="28" VPOS="2828" HPOS="1108"/>
<String CONTENT="31;" HEIGHT="47" WIDTH="82" VPOS="2828" HPOS="1137"/>
<SP HEIGHT="36" WIDTH="32" VPOS="2839" HPOS="1220"/>
<String CONTENT="aff." HEIGHT="40" WIDTH="83" VPOS="2828" HPOS="1253"/>
<SP HEIGHT="39" WIDTH="31" VPOS="2829" HPOS="1337"/>
<String CONTENT="Apr." HEIGHT="48" WIDTH="113" VPOS="2829" HPOS="1369"/>
<SP HEIGHT="37" WIDTH="31" VPOS="2830" HPOS="1483"/>
<String CONTENT="1;" HEIGHT="45" WIDTH="52" VPOS="2830" HPOS="1515"/>
<SP HEIGHT="46" WIDTH="32" VPOS="2829" HPOS="1568"/>
<!-- cceid 4074159E-6CF9-1014-A6CF-A82867D68027 --><String CONTENT="A" HEIGHT="38" WIDTH="40" VPOS="2829" HPOS="1601"/>
<SP HEIGHT="40" WIDTH="29" VPOS="2828" HPOS="1642"/>
<String CONTENT="60861;" HEIGHT="49" WIDTH="172" VPOS="2828" HPOS="1672"/>
<SP HEIGHT="46" WIDTH="32" VPOS="2831" HPOS="1845"/>
<String CONTENT="McGraw-Hill" HEIGHT="42" WIDTH="353" VPOS="2829" HPOS="1878"/>
<SP HEIGHT="41" WIDTH="31" VPOS="2830" HPOS="2232"/>
<String CONTENT="book" HEIGHT="40" WIDTH="124" VPOS="2830" HPOS="2264"/>
</TextLine>
<TextLine HEIGHT="50" WIDTH="557" VPOS="2886" HPOS="436" STYLEREFS="StyleId-4CB75948-305C-4CA9-A0A2-D35DB49CA464-">
<String CONTENT="co.," HEIGHT="39" WIDTH="82" VPOS="2897" HPOS="436"/>
<SP HEIGHT="49" WIDTH="28" VPOS="2887" HPOS="519"/>
<String CONTENT="inc." HEIGHT="41" WIDTH="90" VPOS="2887" HPOS="548"/>
<SP HEIGHT="49" WIDTH="71" VPOS="2887" HPOS="639"/>
<String CONTENT="(33-10683)" HEIGHT="50" WIDTH="282" VPOS="2886" HPOS="711"/>
</TextLine>
<TextLine HEIGHT="69" WIDTH="835" VPOS="2991" HPOS="369" STYLEREFS="StyleId-5CD278F2-C440-4B6D-A66E-0E48487EE6EF-" CS="1">
<String CONTENT="[Fletcher," HEIGHT="69" WIDTH="312" VPOS="2991" HPOS="369"/>
<SP HEIGHT="67" WIDTH="26" VPOS="2993" HPOS="682"/>
<String CONTENT="William" HEIGHT="55" WIDTH="258" VPOS="2992" HPOS="709"/>
<SP HEIGHT="52" WIDTH="26" VPOS="2993" HPOS="968"/>
<String CS="1" CONTENT="Meade]" HEIGHT="53" WIDTH="209" VPOS="2992" HPOS="995"/>
</TextLine>
<TextLine HEIGHT="71" WIDTH="1948" VPOS="3069" HPOS="436">
<String CONTENT="Cyclopedia" HEIGHT="71" WIDTH="351" VPOS="3069" HPOS="436"/>
<SP HEIGHT="33" WIDTH="40" VPOS="3091" HPOS="788"/>
<String CONTENT="of" HEIGHT="53" WIDTH="63" VPOS="3071" HPOS="829"/>
<SP HEIGHT="52" WIDTH="40" VPOS="3071" HPOS="893"/>
<String CONTENT="the" HEIGHT="52" WIDTH="97" VPOS="3071" HPOS="934"/>
<SP HEIGHT="51" WIDTH="36" VPOS="3072" HPOS="1032"/>
<String CONTENT="law" HEIGHT="51" WIDTH="112" VPOS="3072" HPOS="1069"/>
<SP HEIGHT="33" WIDTH="40" VPOS="3090" HPOS="1182"/>
<String CONTENT="of" HEIGHT="52" WIDTH="63" VPOS="3070" HPOS="1223"/>
<SP HEIGHT="69" WIDTH="39" VPOS="3070" HPOS="1287"/>
<String CONTENT="private" HEIGHT="69" WIDTH="227" VPOS="3070" HPOS="1327"/>
<SP HEIGHT="34" WIDTH="42" VPOS="3089" HPOS="1555"/>
<String CONTENT="corporations." HEIGHT="70" WIDTH="413" VPOS="3069" HPOS="1598"/>
<SP HEIGHT="52" WIDTH="72" VPOS="3073" HPOS="2012"/>
<String CONTENT="Rev." HEIGHT="54" WIDTH="138" VPOS="3073" HPOS="2085"/>
<SP HEIGHT="36" WIDTH="44" VPOS="3091" HPOS="2224"/>
<String CONTENT="and" HEIGHT="54" WIDTH="115" VPOS="3072" HPOS="2269"/>
</TextLine>
<TextLine HEIGHT="70" WIDTH="2020" VPOS="3149" HPOS="362" CS="1">
<String CONTENT="permanent" HEIGHT="63" WIDTH="339" VPOS="3155" HPOS="362"/>
<SP HEIGHT="48" WIDTH="22" VPOS="3155" HPOS="702"/>
<String CONTENT="ed." HEIGHT="52" WIDTH="86" VPOS="3151" HPOS="725"/>
<SP HEIGHT="10" WIDTH="30" VPOS="3193" HPOS="812"/>
<String CS="1" CONTENT="&#8230;"/>
<SP HEIGHT="34" WIDTH="79" VPOS="3169" HPOS="899"/>
<String CONTENT="v." HEIGHT="34" WIDTH="50" VPOS="3169" HPOS="979"/>
<SP HEIGHT="49" WIDTH="28" VPOS="3154" HPOS="1030"/>
<String CONTENT="19." HEIGHT="49" WIDTH="80" VPOS="3153" HPOS="1059"/>
<SP HEIGHT="55" WIDTH="41" VPOS="3150" HPOS="1140"/>
<String CONTENT="Corporation" HEIGHT="70" WIDTH="385" VPOS="3149" HPOS="1182"/>
<SP HEIGHT="50" WIDTH="24" VPOS="3168" HPOS="1568"/>
<String CONTENT="practice," HEIGHT="69" WIDTH="269" VPOS="3149" HPOS="1593"/>
<SP HEIGHT="67" WIDTH="23" VPOS="3151" HPOS="1863"/>
<String CONTENT="by" HEIGHT="66" WIDTH="75" VPOS="3151" HPOS="1887"/>
<SP HEIGHT="66" WIDTH="23" VPOS="3151" HPOS="1963"/>
<String CONTENT="John" HEIGHT="55" WIDTH="155" VPOS="3151" HPOS="1987"/>
<SP HEIGHT="52" WIDTH="25" VPOS="3153" HPOS="2143"/>
<String CONTENT="Evarts" HEIGHT="53" WIDTH="213" VPOS="3153" HPOS="2169"/>
</TextLine>
<TextLine HEIGHT="71" WIDTH="1654" VPOS="3228" HPOS="363" CS="1">
<String CONTENT="Tracy" HEIGHT="69" WIDTH="186" VPOS="3229" HPOS="363"/>
<SP HEIGHT="49" WIDTH="38" VPOS="3249" HPOS="550"/>
<String CS="1" CONTENT="&#8230;"/>
<SP HEIGHT="55" WIDTH="82" VPOS="3228" HPOS="644"/>
<String CONTENT="Chicago," HEIGHT="70" WIDTH="272" VPOS="3228" HPOS="727"/>
<SP HEIGHT="69" WIDTH="29" VPOS="3228" HPOS="1000"/>
<String CONTENT="Callaghan" HEIGHT="71" WIDTH="323" VPOS="3228" HPOS="1030"/>
<SP HEIGHT="35" WIDTH="32" VPOS="3247" HPOS="1354"/>
<String CONTENT="and" HEIGHT="52" WIDTH="113" VPOS="3230" HPOS="1387"/>
<SP HEIGHT="52" WIDTH="31" VPOS="3230" HPOS="1501"/>
<String CONTENT="company," HEIGHT="51" WIDTH="299" VPOS="3247" HPOS="1533"/>
<SP HEIGHT="64" WIDTH="32" VPOS="3234" HPOS="1833"/>
<String CONTENT="1933." HEIGHT="51" WIDTH="151" VPOS="3233" HPOS="1866"/>
</TextLine>
<TextLine HEIGHT="49" WIDTH="459" VPOS="3304" HPOS="441" CS="1">
<String CONTENT="vi," HEIGHT="47" WIDTH="61" VPOS="3305" HPOS="441"/>
<SP HEIGHT="45" WIDTH="31" VPOS="3307" HPOS="503"/>
<String CONTENT="726" HEIGHT="41" WIDTH="87" VPOS="3304" HPOS="535"/>
<SP HEIGHT="47" WIDTH="26" VPOS="3306" HPOS="623"/>
<String CONTENT="p." HEIGHT="37" WIDTH="43" VPOS="3316" HPOS="650"/>
<SP HEIGHT="39" WIDTH="59" VPOS="3305" HPOS="694"/>
<String CS="1" CONTENT="24&#189;c" HEIGHT="38" WIDTH="55" VPOS="3305" HPOS="754"/>
<String STYLE="superscript" CONTENT="m" HEIGHT="20" WIDTH="27" VPOS="3306" HPOS="860"/>
<String CONTENT="." HEIGHT="8" WIDTH="8" VPOS="3337" HPOS="892"/>
</TextLine>
<TextLine HEIGHT="53" WIDTH="1901" VPOS="3357" HPOS="374" STYLEREFS="StyleId-4CB75948-305C-4CA9-A0A2-D35DB49CA464-" CS="1">
<String CONTENT="&#169;" HEIGHT="53" WIDTH="52" VPOS="3357" HPOS="374"/>
<SP/>
<String CONTENT="Apr." HEIGHT="48" WIDTH="114" VPOS="3362" HPOS="455"/>
<SP HEIGHT="38" WIDTH="27" VPOS="3364" HPOS="570"/>
<String CONTENT="14," HEIGHT="45" WIDTH="70" VPOS="3363" HPOS="598"/>
<SP HEIGHT="45" WIDTH="27" VPOS="3363" HPOS="669"/>
<String CONTENT="1933;" HEIGHT="47" WIDTH="141" VPOS="3361" HPOS="697"/>
<SP HEIGHT="48" WIDTH="29" VPOS="3360" HPOS="839"/>
<String CONTENT="2c." HEIGHT="42" WIDTH="67" VPOS="3360" HPOS="869"/>
<SP HEIGHT="40" WIDTH="28" VPOS="3362" HPOS="937"/>
<String CONTENT="Apr." HEIGHT="47" WIDTH="114" VPOS="3362" HPOS="966"/>
<SP HEIGHT="39" WIDTH="27" VPOS="3363" HPOS="1081"/>
<String CONTENT="19;" HEIGHT="45" WIDTH="82" VPOS="3359" HPOS="1109"/>
<SP HEIGHT="31" WIDTH="31" VPOS="3373" HPOS="1192"/>
<String CONTENT="aff." HEIGHT="41" WIDTH="81" VPOS="3360" HPOS="1224"/>
<SP HEIGHT="38" WIDTH="31" VPOS="3362" HPOS="1306"/>
<String CONTENT="May" HEIGHT="47" WIDTH="114" VPOS="3362" HPOS="1338"/>
<SP HEIGHT="48" WIDTH="27" VPOS="3361" HPOS="1453"/>
<String CONTENT="8;" HEIGHT="42" WIDTH="52" VPOS="3361" HPOS="1481"/>
<SP HEIGHT="41" WIDTH="31" VPOS="3362" HPOS="1534"/>
<!-- cceid 4074B235-6CF9-1014-A6CF-A82867D68027 --><String CONTENT="A" HEIGHT="38" WIDTH="40" VPOS="3362" HPOS="1566"/>
<SP HEIGHT="40" WIDTH="27" VPOS="3361" HPOS="1607"/>
<String CONTENT="62608;" HEIGHT="48" WIDTH="172" VPOS="3360" HPOS="1635"/>
<SP HEIGHT="47" WIDTH="32" VPOS="3361" HPOS="1808"/>
<String CONTENT="Callaghan" HEIGHT="49" WIDTH="272" VPOS="3361" HPOS="1841"/>
<SP HEIGHT="41" WIDTH="28" VPOS="3363" HPOS="2114"/>
<String CONTENT="&amp;" HEIGHT="41" WIDTH="36" VPOS="3363" HPOS="2143"/>
<SP HEIGHT="41" WIDTH="27" VPOS="3363" HPOS="2180"/>
<String CONTENT="co." HEIGHT="31" WIDTH="67" VPOS="3374" HPOS="2208"/>
</TextLine>
<TextLine HEIGHT="66" WIDTH="730" VPOS="3465" HPOS="368" STYLEREFS="StyleId-5CD278F2-C440-4B6D-A66E-0E48487EE6EF-">
<String LANG="de" CONTENT="F&#246;ldes," HEIGHT="66" WIDTH="227" VPOS="3465" HPOS="368"/>
<SP HEIGHT="64" WIDTH="32" VPOS="3467" HPOS="596"/>
<String LANG="en-US" CONTENT="Eugene," HEIGHT="63" WIDTH="263" VPOS="3467" HPOS="629"/>
<SP HEIGHT="58" WIDTH="33" VPOS="3472" HPOS="893"/>
<String LANG="en-US" CONTENT="1891-" HEIGHT="50" WIDTH="171" VPOS="3470" HPOS="927"/>
</TextLine>
<TextLine HEIGHT="76" WIDTH="1947" VPOS="3535" HPOS="439">
<String CONTENT="A" HEIGHT="52" WIDTH="55" VPOS="3544" HPOS="439"/>
<SP HEIGHT="52" WIDTH="34" VPOS="3544" HPOS="495"/>
<String CONTENT="new" HEIGHT="36" WIDTH="124" VPOS="3560" HPOS="530"/>
<SP HEIGHT="36" WIDTH="36" VPOS="3560" HPOS="655"/>
<String CONTENT="approach" HEIGHT="67" WIDTH="289" VPOS="3544" HPOS="692"/>
<SP HEIGHT="52" WIDTH="38" VPOS="3544" HPOS="982"/>
<String CONTENT="to" HEIGHT="46" WIDTH="59" VPOS="3550" HPOS="1021"/>
<SP HEIGHT="52" WIDTH="37" VPOS="3544" HPOS="1081"/>
<String CONTENT="dietetic" HEIGHT="55" WIDTH="230" VPOS="3541" HPOS="1119"/>
<SP HEIGHT="47" WIDTH="35" VPOS="3549" HPOS="1350"/>
<String CONTENT="therapy" HEIGHT="68" WIDTH="246" VPOS="3543" HPOS="1386"/>
<SP HEIGHT="68" WIDTH="35" VPOS="3543" HPOS="1633"/>
<String CONTENT="in" HEIGHT="52" WIDTH="61" VPOS="3543" HPOS="1669"/>
<SP HEIGHT="35" WIDTH="35" VPOS="3559" HPOS="1731"/>
<String CONTENT="epilepsy," HEIGHT="70" WIDTH="276" VPOS="3539" HPOS="1767"/>
<SP HEIGHT="51" WIDTH="36" VPOS="3557" HPOS="2044"/>
<String CONTENT="eclampsia" HEIGHT="71" WIDTH="305" VPOS="3535" HPOS="2081"/>
</TextLine>
<TextLine HEIGHT="155" WIDTH="1992" VPOS="3615" HPOS="369" CS="1">
<String CONTENT="of" HEIGHT="53" WIDTH="64" VPOS="3623" HPOS="369"/>
<SP HEIGHT="67" WIDTH="44" VPOS="3623" HPOS="434"/>
<String CS="1" CONTENT="pregnancy" HEIGHT="50" WIDTH="256" VPOS="3641" HPOS="479"/>
<SP/>
<String CONTENT="and" HEIGHT="52" WIDTH="113" VPOS="3624" HPOS="851"/>
<SP HEIGHT="53" WIDTH="44" VPOS="3623" HPOS="965"/>
<String CONTENT="infancy," HEIGHT="69" WIDTH="257" VPOS="3621" HPOS="1010"/>
<SP HEIGHT="49" WIDTH="41" VPOS="3641" HPOS="1268"/>
<String CONTENT="migraine," HEIGHT="71" WIDTH="300" VPOS="3620" HPOS="1310"/>
<SP HEIGHT="50" WIDTH="42" VPOS="3639" HPOS="1611"/>
<String CONTENT="angina" HEIGHT="71" WIDTH="213" VPOS="3619" HPOS="1654"/>
<SP HEIGHT="50" WIDTH="43" VPOS="3637" HPOS="1868"/>
<String CONTENT="pectoris," HEIGHT="69" WIDTH="265" VPOS="3618" HPOS="1912"/>
<SP HEIGHT="71" WIDTH="39" VPOS="3615" HPOS="2178"/>
<String CONTENT="bronchial" HEIGHT="140" WIDTH="1992" VPOS="3615" HPOS="369"/>
<SP HEIGHT="54" WIDTH="48" VPOS="3701" HPOS="520"/>
<String CONTENT="asthma," HEIGHT="68" WIDTH="241" VPOS="3702" HPOS="569"/>
</TextLine>
<TextLine HEIGHT="76" WIDTH="1530" VPOS="3695" HPOS="857">
<String CONTENT="allergic" HEIGHT="69" WIDTH="236" VPOS="3702" HPOS="857"/>
<SP HEIGHT="53" WIDTH="45" VPOS="3702" HPOS="1094"/>
<String CONTENT="diseases," HEIGHT="68" WIDTH="261" VPOS="3701" HPOS="1140"/>
<SP HEIGHT="50" WIDTH="44" VPOS="3721" HPOS="1402"/>
<String CONTENT="gout," HEIGHT="65" WIDTH="157" VPOS="3706" HPOS="1447"/>
<SP HEIGHT="50" WIDTH="43" VPOS="3719" HPOS="1605"/>
<String CONTENT="essential" HEIGHT="54" WIDTH="266" VPOS="3699" HPOS="1649"/>
<SP HEIGHT="54" WIDTH="44" VPOS="3697" HPOS="1916"/>
<String CONTENT="hypertension," HEIGHT="72" WIDTH="426" VPOS="3695" HPOS="1961"/>
</TextLine>
<TextLine HEIGHT="74" WIDTH="2017" VPOS="3776" HPOS="371">
<String CONTENT="pernicious" HEIGHT="69" WIDTH="322" VPOS="3781" HPOS="371"/>
<SP HEIGHT="34" WIDTH="39" VPOS="3801" HPOS="694"/>
<String CONTENT="anemia," HEIGHT="64" WIDTH="240" VPOS="3780" HPOS="734"/>
<SP HEIGHT="48" WIDTH="40" VPOS="3800" HPOS="975"/>
<String CONTENT="polycythemia," HEIGHT="70" WIDTH="444" VPOS="3780" HPOS="1016"/>
<SP HEIGHT="50" WIDTH="38" VPOS="3798" HPOS="1461"/>
<String CONTENT="acne" HEIGHT="35" WIDTH="135" VPOS="3798" HPOS="1500"/>
<SP HEIGHT="35" WIDTH="38" VPOS="3798" HPOS="1636"/>
<String CONTENT="vulgaris," HEIGHT="70" WIDTH="277" VPOS="3778" HPOS="1675"/>
<SP HEIGHT="52" WIDTH="35" VPOS="3795" HPOS="1953"/>
<String CONTENT="nervous" HEIGHT="37" WIDTH="244" VPOS="3794" HPOS="1989"/>
<SP HEIGHT="35" WIDTH="39" VPOS="3796" HPOS="2234"/>
<String CONTENT="and" HEIGHT="54" WIDTH="114" VPOS="3776" HPOS="2274"/>
</TextLine>
<TextLine HEIGHT="136" WIDTH="1991" VPOS="3856" HPOS="372" CS="1">
<String CONTENT="psychic" HEIGHT="72" WIDTH="231" VPOS="3860" HPOS="372"/>
<SP HEIGHT="51" WIDTH="39" VPOS="3862" HPOS="604"/>
<String CONTENT="disturbances," HEIGHT="67" WIDTH="411" VPOS="3860" HPOS="644"/>
<SP HEIGHT="47" WIDTH="38" VPOS="3880" HPOS="1056"/>
<String CONTENT="constitutional" HEIGHT="54" WIDTH="433" VPOS="3859" HPOS="1095"/>
<SP HEIGHT="50" WIDTH="39" VPOS="3862" HPOS="1529"/>
<String CONTENT="changes," HEIGHT="69" WIDTH="262" VPOS="3859" HPOS="1569"/>
<SP HEIGHT="51" WIDTH="37" VPOS="3876" HPOS="1832"/>
<String CONTENT="aging," HEIGHT="71" WIDTH="194" VPOS="3856" HPOS="1870"/>
<SP HEIGHT="49" WIDTH="36" VPOS="3875" HPOS="2065"/>
<String CONTENT="etc.;" HEIGHT="63" WIDTH="132" VPOS="3861" HPOS="2102"/>
<SP HEIGHT="49" WIDTH="38" VPOS="3875" HPOS="2235"/>
<String CONTENT="metabolism" HEIGHT="117" WIDTH="1988" VPOS="3875" HPOS="375"/>
</TextLine>
<TextLine HEIGHT="69" WIDTH="1724" VPOS="3936" HPOS="664">
<String CONTENT="of" HEIGHT="53" WIDTH="64" VPOS="3938" HPOS="664"/>
<SP HEIGHT="53" WIDTH="22" VPOS="3938" HPOS="729"/>
<String CONTENT="water" HEIGHT="47" WIDTH="176" VPOS="3945" HPOS="752"/>
<SP HEIGHT="33" WIDTH="23" VPOS="3958" HPOS="929"/>
<String CONTENT="and" HEIGHT="52" WIDTH="112" VPOS="3940" HPOS="953"/>
<SP HEIGHT="52" WIDTH="23" VPOS="3940" HPOS="1066"/>
<String CONTENT="minerals" HEIGHT="53" WIDTH="270" VPOS="3938" HPOS="1090"/>
<SP HEIGHT="33" WIDTH="24" VPOS="3958" HPOS="1361"/>
<String CONTENT="and" HEIGHT="52" WIDTH="111" VPOS="3939" HPOS="1386"/>
<SP HEIGHT="52" WIDTH="24" VPOS="3939" HPOS="1498"/>
<String CONTENT="its" HEIGHT="52" WIDTH="72" VPOS="3939" HPOS="1523"/>
<SP HEIGHT="52" WIDTH="24" VPOS="3939" HPOS="1596"/>
<String CONTENT="disturbances," HEIGHT="69" WIDTH="411" VPOS="3936" HPOS="1621"/>
<SP HEIGHT="68" WIDTH="18" VPOS="3937" HPOS="2033"/>
<String CONTENT="by" HEIGHT="67" WIDTH="77" VPOS="3937" HPOS="2052"/>
<SP HEIGHT="68" WIDTH="22" VPOS="3936" HPOS="2130"/>
<String CONTENT="Eugene" HEIGHT="67" WIDTH="235" VPOS="3936" HPOS="2153"/>
</TextLine>
<TextLine HEIGHT="70" WIDTH="1270" VPOS="4016" HPOS="371" CS="1">
<String LANG="de" CONTENT="F&#246;ldes" HEIGHT="53" WIDTH="207" VPOS="4019" HPOS="371"/>
<SP HEIGHT="33" WIDTH="30" VPOS="4038" HPOS="579"/>
<String CS="1" CONTENT="&#8230;"/>
<SP HEIGHT="52" WIDTH="79" VPOS="4018" HPOS="667"/>
<String CONTENT="Boston," HEIGHT="67" WIDTH="237" VPOS="4018" HPOS="747"/>
<SP HEIGHT="67" WIDTH="22" VPOS="4018" HPOS="985"/>
<String CONTENT="R." HEIGHT="52" WIDTH="69" VPOS="4018" HPOS="1008"/>
<SP HEIGHT="56" WIDTH="26" VPOS="4016" HPOS="1078"/>
<String CONTENT="G." HEIGHT="56" WIDTH="70" VPOS="4016" HPOS="1105"/>
<SP HEIGHT="53" WIDTH="25" VPOS="4018" HPOS="1176"/>
<String CONTENT="Badger" HEIGHT="69" WIDTH="232" VPOS="4017" HPOS="1202"/>
<SP HEIGHT="47" WIDTH="30" VPOS="4038" HPOS="1435"/>
<String CS="1" CONTENT="["/>
<String STYLE="superscript" CONTENT="c" HEIGHT="22" WIDTH="18" VPOS="4023" HPOS="1483"/>
<String CS="1" CONTENT="1933]" HEIGHT="50" WIDTH="133" VPOS="4018" HPOS="1508"/>
</TextLine>
</TextBlock>
</PrintSpace>
</Page>
</Layout>
</alto>