2540 4453
1064 4111 102 55 477

180 548 84 39 144
294 560 42 37 p.
397 546 55 41 20
456 548 43 21 cm
504 578 9 9 .

111 610 1976 112 © Sept. 17, 1932; 1c. Dec. 30; A-Foreign 19171; Gyldendalske bogliandel, Nordisk forlag. (33-9274)
105 778 201 64 Davis,
336 776 183 65 Loyal
550 777 272 63 Edward,
854 778 171 52 1896-

237 848 1863 71 … Intracranial tumors Roentgenologically considered; with
107 953 104 34 one
233 933 255 53 hundred
519 933 111 51 and
655 937 345 61 twenty-one
1081 926 520 71 Roentgenographic
1625 927 231 67 studies,
111 926 1968 140 eighty-four

291 1011 226 54 clinical
564 1009 380 55 illustrations
992 1009 111 52 and
1154 1025 102 35 one
1304 1007 223 53 colored
1577 1007 173 67 plate,
1795 1005 77 69 by
1921 1005 181 69 Loyal

109 1086 1470 70 Davis … New York, P. B. Hoeber, inc., 1933.
179 1175 134 48 xviii,
341 1175 84 40 277
451 1187 42 35 p.
520 1174 108 40 incl.
655 1174 85 40 col.
768 1173 163 47 front.,
958 1172 142 46 illus.,
1128 1171 178 48 diagrs.
1366 1172 55 39 27
1425 1173 43 20 cm
1473 1201 9 9 .
1553 1169 191 47 (Added
1773 1171 120 46 t.-p.:
1920 1170 183 40 Annals

111 1227 1310 53 of Roentgenology … ed. by J. T. Case … v. 14)
182 1302 138 40 Brief
349 1302 150 39 series
527 1301 108 40 title
660 1303 54 37 at
742 1301 124 39 head
895 1300 51 39 of
975 1303 97 45 t.-p.

182 1359 374 47 Bibliography:
587 1368 43 38 p.
660 1357 217 41 255-268.

115 1398 1990 80 © Mar. 27, 1933; 2c. and aff. Mar. 31; A 61159; Paul B. Hoeber, inc.
190 1486 250 50 (33-9086)

108 1589 235 65 Dempf,
371 1587 183 66 Alois,
586 1593 171 50 1891-

112 1662 1972 150 … Kulturphilosophie, von Alois Dempf. München und Berlin, B. Oldenbourg, 1932.
183 1830 282 48 cover-title,
495 1829 86 40 148
606 1839 45 38 p.
708 1828 57 41 25
768 1831 44 22 cm
816 1861 9 9 .

181 1900 64 40 At
270 1900 125 40 head
421 1899 51 40 of
496 1899 134 40 title:
658 1898 274 41 Handbuch
960 1899 85 39 der
1070 1896 317 50 Philosophie.

185 1954 429 48 “Sonderausgabe
646 1966 89 29 aus
768 1957 106 38 dem
909 1954 273 41 Handbuch
1217 1957 86 38 der
1334 1953 345 49 Philosophie.”

185 2011 347 49 Bibliography
559 2014 51 39 at
636 2014 92 38 end
753 2012 52 40 of
829 2013 126 38 most
980 2011 53 40 of
1057 2012 81 40 the
1165 2010 224 43 sections.

118 2080 1822 52 © May 18, 1932; 1c. July 22; A-Foreign 17375; R. Oldenbourg.
193 2140 249 49 (33-9135)

110 2244 85 52 De
224 2242 158 64 Vita,
411 2245 178 52 Peter
615 2244 65 55 L.

181 2321 177 52 Hand
393 2320 147 53 book
575 2340 72 33 on
682 2321 182 67 police
899 2324 161 49 court
1094 2320 249 68 practice
1378 2321 113 52 and
1528 2320 309 68 procedure
1873 2320 60 54 in
1969 2321 139 53 New

111 2398 227 70 Jersey;
373 2417 31 34 a
433 2397 204 69 simple
665 2398 480 54 understandable
1175 2404 157 65 story
1360 2398 65 54 of
1453 2399 154 51 what
1635 2398 259 69 happens
1922 2398 63 54 in
2012 2399 98 54 the

113 2479 181 66 police
332 2484 161 47 court
534 2477 151 53 from
726 2478 96 53 the
860 2477 168 69 filing
1064 2477 65 53 of
1167 2478 96 53 the
1302 2477 313 69 complaint
1653 2489 59 43 to
1751 2480 96 52 the
1886 2479 223 69 appeal,

114 2555 1997 71 with forms for every step, by Peter L. De Vita … Newark,
112 2635 69 53 N.
208 2635 74 68 J.,
309 2634 187 69 Soney
520 2637 46 51 &
592 2633 148 70 Sage
764 2653 98 51 co.,
890 2637 151 52 1933.

185 2723 99 49 viii,
311 2721 88 42 155
424 2734 44 37 p.
527 2722 57 40 18
585 2723 46 22 cm
633 2753 11 10 .

462 2792 296 42 CONTENTS.—Criminal
787 2795 501 47 procedure.—Motor
1313 2795 185 40 vehicle
1526 2797 96 38 and
1650 2794 155 42 traffic
1831 2795 280 50 procedure.

121 2861 52 51 ©
202 2866 113 47 Apr.
346 2867 39 44 7,
417 2864 138 48 1933;
589 2864 67 42 2c.
686 2867 95 38 and
811 2865 82 39 aff.
924 2866 114 47 Apr.
1069 2865 82 48 10;
1185 2866 40 38 A
1257 2865 169 48 60928;
1464 2867 154 48 Soney
1650 2867 36 40 &
1719 2867 123 49 Sage
1873 2877 67 31 co.

198 2921 248 49 (33-9217)

114 3025 281 65 Doniach,
425 3025 336 53 Nakdimon
793 3025 403 66 Shabbethay.

189 3101 230 68 Purim;
467 3121 80 49 or,
590 3103 122 52 The
757 3103 150 53 feast
951 3104 63 53 of
1059 3105 239 67 Esther;
1347 3123 72 34 an
1462 3105 295 53 historical
1801 3107 191 68 study,
2034 3106 76 70 by

119 3177 1966 148 N. S. Doniach … Philadelphia, The Jewish publication society of America, 1933.
190 3329 478 50 5 p. l., 277 p. 19½cm.
195 3398 377 50 “Bibliography
607 3401 50 40 of
691 3402 83 41 the
805 3403 160 40 works
1000 3403 49 39 in
1086 3403 255 50 European
1377 3406 264 48 languages
1673 3410 127 38 most
1834 3408 278 49 frequently

122 3457 307 41 consulted”:
458 3469 44 37 p.
532 3457 216 42 267-268.

125 3523 52 52 ©
206 3529 121 40 Mar.
356 3530 38 46 7,
424 3528 111 40 1933;
594 3528 66 41 2c.
690 3530 120 39 Mar.
842 3530 82 45 22;
956 3530 81 39 aff.
1069 3532 121 38 Mar.
1220 3531 80 46 16;
1332 3532 39 38 A
1401 3532 169 48 60758;
1603 3534 184 40 Jewish
1816 3534 297 48 publication

193 3595 92 30 soc.
313 3585 50 40 of
389 3584 235 41 America.
695 3585 249 50 (33-9255)

122 3686 199 67 Duffy,
350 3688 185 56 Hans.

195 3762 181 55 Seven
403 3763 75 69 by
506 3782 182 50 seven,
717 3766 75 68 by
820 3766 165 54 Hans
1014 3766 198 70 Duffy.
1286 3769 256 69 London,
1571 3771 71 54 V.
1672 3768 291 73 Gollancz,
1992 3772 123 71 ltd.,

125 3844 149 50 1933.

192 3915 88 40 286
298 3926 43 37 p.
400 3915 59 41 19
459 3918 43 22 cm
506 3947 11 11 .

129 3980 1985 67 © 1c. Apr. 15, 1933; A ad int. 17694; pubd. Feb. 20; Mary Pakenham,
199 4041 211 42 London.
479 4043 278 48 (33-11094)
