2582 4453
1347 4134 137 51 1458

406 429 200 68 Black,
640 432 207 65 Henry
882 432 318 67 Campbell,
1238 432 326 55 1860-1927.

480 524 226 55 Black’s
746 527 111 51 law
899 525 327 62 dictionary
1267 525 336 70 containing
1642 524 330 55 definitions
2010 527 63 53 of
2113 527 96 54 the
2247 531 175 49 terms

409 605 113 52 and
557 604 236 69 phrases
828 604 64 54 of
925 604 311 53 American
1272 605 112 52 and
1421 604 249 70 English
1705 604 454 69 jurisprudence,
2197 605 224 54 ancient

410 684 112 52 and
567 684 257 67 modern,
869 685 112 53 and
1027 684 301 68 including
1371 684 96 54 the
1510 684 290 69 principal
1846 690 173 47 terms
2064 684 63 53 of
407 685 1991 145 international,

648 762 454 68 constitutional,
1142 762 401 54 ecclesiastical
1586 764 112 52 and
1739 764 360 54 commercial
2138 764 128 67 law,
2309 764 112 52 and

408 842 242 53 medical
685 842 455 69 jurisprudence,
1174 842 141 53 with
1351 862 30 33 a
1416 842 299 54 collection
1748 842 63 53 of
1845 843 149 68 legal
2027 842 262 68 maxims,
409 861 1989 114 numerous

676 922 170 52 select
889 922 156 52 titles
1090 921 156 52 from
1290 921 95 53 the
1430 923 243 66 Roman,
1716 922 238 53 modern
1998 920 154 69 civil,
2199 920 224 69 Scotch,

410 1001 243 67 French,
703 1000 271 69 Spanish,
1022 1002 112 51 and
1179 1000 268 53 Mexican
1490 1001 128 67 law,
1666 1001 112 52 and
1824 1001 163 53 other
2032 1000 229 70 foreign
410 1020 1988 127 systems,
603 1080 112 53 and

750 1099 26 34 a
810 1080 152 53 table
995 1080 63 53 of
1092 1078 441 60 abbreviations,
1563 1080 76 67 by
1670 1081 205 65 Henry
1910 1080 299 65 Campbell
2242 1079 184 55 Black

472 1156 1952 72 … 3d ed., by the publisher’s editorial staff. ,St. Paul, Minn.,
409 1240 161 53 West
594 1238 340 71 publishing
959 1260 98 47 co.,
1086 1241 152 53 1933.

477 1328 82 49 vii,
587 1328 114 41 1944
729 1339 42 37 p.
827 1327 57 41 26
887 1329 44 21 cm
938 1361 7 7 .

412 1397 52 52 ©
492 1401 120 47 Aug.
639 1401 40 46 4,
707 1399 115 41 1933
840 1410 8 36 ;
878 1399 66 40 2c.
974 1400 96 39 and
1098 1398 82 42 aff.
1210 1399 102 40 Oct.
1341 1398 82 47 12;
1454 1398 40 39 A
1522 1396 171 49 65599;
1725 1398 138 40 West
1888 1399 109 47 pub.
2026 1409 68 29 co.

490 1457 283 50 (33-28588)

410 1576 244 66 Blakey,
686 1576 130 66 Roy
847 1574 296 69 Gillespie,
1178 1579 173 51 1880-

411 1654 2009 149 … Taxation in Minnesota, by Roy G. Blakey … and associates. Minneapolis, The University of Minnesota press [ c 1932 1
481 1825 84 46 xii,
605 1823 87 41 627
733 1835 41 36 p.
816 1824 109 39 incl.
968 1823 128 39 illus.
1128 1822 185 49 (maps)
1365 1823 170 46 tables,
1578 1821 180 49 diagrs.
1830 1821 56 39 24
1888 1823 45 21 cm
1939 1853 8 8 .
2028 1820 309 50 (University
2380 1821 50 40 of

410 1881 275 41 Minnesota
717 1880 187 41 studies
935 1881 49 38 in
1014 1879 269 41 economics
1313 1881 97 39 and
1440 1879 237 41 business,
1737 1890 76 29 no.
1843 1878 53 46 4)

412 1948 2000 110 © Dec 3, 1932; 2c. Dec. 15; aff. Dec. 14; A 57491; University of Minnesota, Minneapolis. (A 33-61)
413 2127 225 66 [Bland,
670 2130 139 53 Mrs.
844 2129 184 53 Edith
1070 2126 302 69 (Nesbit)]
1412 2130 326 51 1858-1924.

479 2205 1943 71 The enchanted castle, by E. Nesbit … with a preface by
410 2290 137 66 May
590 2288 350 53 Lamberton
984 2287 245 67 Becker;
1275 2286 328 54 illustrated
1649 2286 72 68 by
1762 2288 77 51 H.
1883 2288 67 52 R.
1993 2285 218 54 Millar.
2286 2285 139 53 New

417 2366 1132 70 Fork, Coward-McCann, inc. [ c 1933]
481 2457 102 48 viii,
611 2457 100 48 296,
744 2457 54 49 [1]
829 2467 44 38 p.
901 2455 111 41 incl.
1041 2457 151 39 front,
1249 2456 173 48 plates.
1479 2455 57 39 22
1539 2457 44 21 cm
1588 2486 8 8 .

413 2524 2015 53 © Sept. 18, 1933; 2c. Oct. 7; aff. Oct. 26; A 65503; Coward-McCann, inc.
485 2582 68 53 t©
586 2586 348 49 introduction]
1011 2584 283 49 (33-27289)

413 2706 314 65 Bödecker,
767 2705 247 56 Charles
1050 2703 266 57 Francis.

480 2784 373 68 Elementary
891 2784 293 68 histology
1226 2782 95 54 for
1360 2783 196 53 dental
1595 2781 339 70 hygienists,
1971 2781 74 68 by
2087 2779 238 56 Charles
2365 2781 64 51 F.

417 2860 1869 71 Bödecker … New York, N. Y., J. Felsberg, inc. [ c 1933]
483 2951 69 49 80,
587 2952 55 49 [2]
675 2961 42 38 p.
780 2951 144 46 illus.,
955 2951 119 41 fold.
1106 2952 86 40 col.
1225 2952 63 48 pl.
1348 2951 147 41 22½cm.

414 3018 2015 53 © Aug. 31, 1933; 2c. Sept. 25; aff. Sept. 23; A 65344; C, F. Bödecker,
483 3080 119 40 New
633 3080 146 40 York.
845 3075 68 54 [©
948 3079 297 40 corrections
1282 3078 94 41 and
1414 3080 346 48 enlargement]
1835 3077 282 49 (33-25008)

410 3197 248 66 Brandt,
695 3198 156 66 Rolf,
894 3203 170 51 1886-

481 3277 115 54 Um
643 3277 91 54 die
782 3279 132 52 welt
961 3278 107 52 mit
1116 3277 110 67 dir,
1274 3295 200 34 roman
1523 3295 110 34 von
1682 3275 144 55 Rolf
1874 3275 244 54 Brandt.
2213 3273 220 67 Berlin,

411 3353 428 72 Scherl [ c 1933]
480 3443 99 46 261,
613 3443 55 49 [1]
699 3454 43 38 p.
800 3443 57 41 19
858 3446 45 21 cm
908 3474 9 9 .

412 3510 52 52 ©
490 3515 124 41 Mar.
637 3516 40 46 3,
704 3515 141 47 1933;
873 3517 64 38 1c.
964 3516 119 47 Aug.
1111 3517 52 46 5;
1193 3516 312 48 A-Foreign
1530 3514 172 46 21890;
1731 3516 192 47 August
1952 3513 180 46 Scherl,
2159 3523 42 37 g.
2227 3523 61 29 m.
2315 3512 41 41 b.
2385 3511 43 39 h.

489 3571 282 49 (33-30278)

409 3687 147 67 Bud,
586 3690 160 55 Frau
778 3692 141 54 Elsa
948 3693 211 66 Maria,
1194 3699 171 51 1883-

477 3769 206 54 Alarm
718 3771 79 54 im
830 3772 349 69 Mietshaus;
1217 3774 501 67 kriminalroman,
1753 3788 112 37 von
1902 3771 139 53 Elsa
2075 3767 191 54 Maria
2301 3764 131 56 Bud

407 3848 1388 72 und Carmen Bud. Berlin, Ullstein [ c 1933]
479 3934 1639 55 244, [1] p., 1 l. 17 cm . (Lettered on cover: Ullstein-bücher)
408 4002 1751 62 © June 22, 1933: 1c. Aug. 5; A-Foreign 21857: Ullstein, a. g.
485 4063 283 53 (33-30277)
