<alto xmlns="http://www.loc.gov/standards/alto/ns-v3#" xmlns:xlink="http://www.w3.org/1999/xlink" xmlns:xsi="http://www.w3.org/2001/XMLSchema-instance" xsi:schemaLocation="http://www.loc.gov/standards/alto/ns-v3# http://www.loc.gov/alto/v3/alto-3-0.xsd"><Description>
<MeasurementUnit>pixel</MeasurementUnit>
<sourceImageInformation>
<fileName>1933_v1_Part1.pdf</fileName>
</sourceImageInformation>
<OCRProcessing ID="IdOcr">
<ocrProcessingStep>
<processingDateTime>2019-01-03</processingDateTime>
<processingSoftware>
<softwareCreator>ABBYY</softwareCreator>
<softwareName>ABBYY Recognition Server</softwareName>
<softwareVersion>4.0</softwareVersion>
</processingSoftware>
</ocrProcessingStep>
</OCRProcessing>
</Description>
<Styles>
<ParagraphStyle ID="StyleId-FFFFFFFF-FFFF-FFFF-FFFF-FFFFFFFFFFFF-" ALIGN="Left" LEFT="0." RIGHT="0." FIRSTLINE="0."/>
<ParagraphStyle ID="StyleId-6EF5737A-DCEB-4126-A0CF-C5930BF7166A-" ALIGN="Left" LEFT="0." RIGHT="0." FIRSTLINE="0." LINESPACE="8.300000191"/>
<ParagraphStyle ID="StyleId-2DE44258-FD0B-41E1-B542-087C989B01A3-" ALIGN="Left" LEFT="0." RIGHT="0." FIRSTLINE="0." LINESPACE="12.19999981"/>
<ParagraphStyle ID="StyleId-CE3D254A-29D7-4DD7-B5F1-E0FC0EF29B05-" ALIGN="Left" LEFT="0." RIGHT="0." FIRSTLINE="-14." LINESPACE="8.619999886"/>
<ParagraphStyle ID="StyleId-C0E3A137-CE4F-4287-8A90-B599106709D0-" ALIGN="Left" LEFT="0." RIGHT="0." FIRSTLINE="-14." LINESPACE="12.19999981"/>
<ParagraphStyle ID="StyleId-50F26F0C-05DA-4C19-BA58-7A6AC4499BEE-" ALIGN="Left" LEFT="0." RIGHT="0." FIRSTLINE="-14." LINESPACE="11.06999969"/>
<ParagraphStyle ID="StyleId-5DDE65AF-512C-41E2-9B8E-095D6D99EF68-" ALIGN="Center" LEFT="0." RIGHT="0." FIRSTLINE="0." LINESPACE="11.89999962"/>
<ParagraphStyle ID="StyleId-0A81D7A5-6A62-4C52-915E-7768974C704D-" ALIGN="Left" LEFT="0." RIGHT="0." FIRSTLINE="0." LINESPACE="9.399999619"/>
<ParagraphStyle ID="StyleId-F7A0127F-6B48-4157-BB81-FE33E1E1A05B-" ALIGN="Block" LEFT="0." RIGHT="0." FIRSTLINE="-13." LINESPACE="10.63000011"/>
<ParagraphStyle ID="StyleId-E18C69F7-DBD7-48B1-805C-FCD96D0DA019-" ALIGN="Left" LEFT="0." RIGHT="0." FIRSTLINE="0." LINESPACE="11.64000034"/>
<ParagraphStyle ID="StyleId-98F15501-B611-4E83-8BB3-807E891F11F5-" ALIGN="Left" LEFT="0." RIGHT="0." FIRSTLINE="-14." LINESPACE="12.19999981"/>
<ParagraphStyle ID="StyleId-F4A78626-0BBC-4D12-94D9-A1AE75A9855F-" ALIGN="Left" LEFT="0." RIGHT="0." FIRSTLINE="0." LINESPACE="9.399999619"/>
<ParagraphStyle ID="StyleId-6A3F6F4C-D21B-4ADE-902F-7683F18ECEF3-" ALIGN="Left" LEFT="0." RIGHT="0." FIRSTLINE="0." LINESPACE="11.10000038"/>
</Styles>
<Layout>
<Page ID="Page910" PHYSICAL_IMG_NR="910" HEIGHT="4453" WIDTH="2582">
<TopMargin HEIGHT="440" WIDTH="2582" VPOS="0" HPOS="0">
</TopMargin>
<LeftMargin HEIGHT="3684" WIDTH="410" VPOS="440" HPOS="0">
</LeftMargin>
<RightMargin HEIGHT="3684" WIDTH="79" VPOS="440" HPOS="2503">
</RightMargin>
<BottomMargin HEIGHT="329" WIDTH="2582" VPOS="4124" HPOS="0">
<TextBlock ID="Page910_Block1" HEIGHT="70" WIDTH="124" VPOS="4124" HPOS="1380" LANG="en-US" STYLEREFS="StyleId-9979D6CF-66D3-47E3-ABC0-CE288257886D-">
<TextLine HEIGHT="50" WIDTH="105" VPOS="4133" HPOS="1389">
<String CONTENT="910" HEIGHT="50" WIDTH="105" VPOS="4133" HPOS="1389"/>
</TextLine>
</TextBlock>
</BottomMargin>
<PrintSpace HEIGHT="3684" WIDTH="2093" VPOS="440" HPOS="410">
<TextBlock ID="Page910_Block2" HEIGHT="3684" WIDTH="2093" VPOS="440" HPOS="410" LANG="en-US" CS="1" STYLEREFS="StyleId-1A373EE8-DF3D-4590-89D5-A6504B3EC0C8-">
<TextLine HEIGHT="48" WIDTH="600" VPOS="526" HPOS="502" CS="1">
<String CONTENT="5" HEIGHT="39" WIDTH="26" VPOS="527" HPOS="502"/>
<SP/>
<String CS="1" CONTENT="p."/>
<SP/>
<String CS="1" CONTENT="l.,"/>
<SP HEIGHT="48" WIDTH="30" VPOS="526" HPOS="676"/>
<String CONTENT="5-145" HEIGHT="39" WIDTH="145" VPOS="526" HPOS="707"/>
<SP HEIGHT="48" WIDTH="27" VPOS="526" HPOS="853"/>
<String CONTENT="p." HEIGHT="38" WIDTH="42" VPOS="536" HPOS="881"/>
<SP HEIGHT="41" WIDTH="60" VPOS="526" HPOS="924"/>
<String CONTENT="21" HEIGHT="39" WIDTH="54" VPOS="526" HPOS="985"/>
<String STYLE="superscript" CONTENT="cm" HEIGHT="20" WIDTH="45" VPOS="529" HPOS="1044"/>
<String CONTENT="." HEIGHT="7" WIDTH="8" VPOS="560" HPOS="1094"/>
</TextLine>
<TextLine HEIGHT="50" WIDTH="459" VPOS="584" HPOS="503">
<String CONTENT="&#8220;First" HEIGHT="40" WIDTH="163" VPOS="585" HPOS="503"/>
<SP HEIGHT="46" WIDTH="31" VPOS="587" HPOS="667"/>
<String CONTENT="printing.&#8221;" HEIGHT="50" WIDTH="263" VPOS="584" HPOS="699"/>
</TextLine>
<TextLine HEIGHT="50" WIDTH="1605" VPOS="640" HPOS="845" CS="1">
<String CS="1" CONTENT="CONTENTS.&#8212;They" HEIGHT="47" WIDTH="133" VPOS="642" HPOS="845"/>
<SP HEIGHT="36" WIDTH="27" VPOS="653" HPOS="979"/>
<String CONTENT="clean" HEIGHT="39" WIDTH="137" VPOS="643" HPOS="1007"/>
<SP HEIGHT="38" WIDTH="30" VPOS="644" HPOS="1145"/>
<String CONTENT="the" HEIGHT="39" WIDTH="80" VPOS="643" HPOS="1176"/>
<SP HEIGHT="29" WIDTH="28" VPOS="652" HPOS="1257"/>
<String CONTENT="attic," HEIGHT="48" WIDTH="135" VPOS="641" HPOS="1286"/>
<SP HEIGHT="47" WIDTH="28" VPOS="642" HPOS="1422"/>
<String CONTENT="by" HEIGHT="47" WIDTH="60" VPOS="642" HPOS="1451"/>
<SP HEIGHT="47" WIDTH="28" VPOS="642" HPOS="1512"/>
<String CONTENT="Belle" HEIGHT="39" WIDTH="136" VPOS="642" HPOS="1541"/>
<SP HEIGHT="38" WIDTH="28" VPOS="643" HPOS="1678"/>
<String CONTENT="M." HEIGHT="39" WIDTH="60" VPOS="643" HPOS="1707"/>
<SP HEIGHT="40" WIDTH="28" VPOS="642" HPOS="1768"/>
<String CONTENT="Ritchey.&#8212;Call" HEIGHT="49" WIDTH="392" VPOS="640" HPOS="1797"/>
<SP HEIGHT="40" WIDTH="27" VPOS="642" HPOS="2190"/>
<String CONTENT="it" HEIGHT="41" WIDTH="39" VPOS="642" HPOS="2218"/>
<SP HEIGHT="37" WIDTH="25" VPOS="646" HPOS="2258"/>
<String CONTENT="a" HEIGHT="29" WIDTH="27" VPOS="654" HPOS="2284"/>
<SP HEIGHT="40" WIDTH="28" VPOS="643" HPOS="2312"/>
<String CONTENT="day," HEIGHT="47" WIDTH="109" VPOS="643" HPOS="2341"/>
</TextLine>
<TextLine HEIGHT="51" WIDTH="2015" VPOS="698" HPOS="433">
<String CONTENT="by" HEIGHT="47" WIDTH="59" VPOS="702" HPOS="433"/>
<SP HEIGHT="47" WIDTH="39" VPOS="702" HPOS="493"/>
<String CONTENT="Manta" HEIGHT="38" WIDTH="169" VPOS="702" HPOS="533"/>
<SP HEIGHT="40" WIDTH="40" VPOS="701" HPOS="703"/>
<String CONTENT="S." HEIGHT="40" WIDTH="45" VPOS="701" HPOS="744"/>
<SP HEIGHT="40" WIDTH="40" VPOS="701" HPOS="790"/>
<String CONTENT="Graham.&#8212;Apostrophe" HEIGHT="47" WIDTH="602" VPOS="700" HPOS="831"/>
<SP HEIGHT="41" WIDTH="36" VPOS="698" HPOS="1434"/>
<String CONTENT="in" HEIGHT="41" WIDTH="48" VPOS="698" HPOS="1471"/>
<SP HEIGHT="29" WIDTH="36" VPOS="710" HPOS="1520"/>
<String CONTENT="modern" HEIGHT="39" WIDTH="200" VPOS="700" HPOS="1557"/>
<SP HEIGHT="38" WIDTH="36" VPOS="701" HPOS="1758"/>
<String CONTENT="dress," HEIGHT="46" WIDTH="151" VPOS="701" HPOS="1795"/>
<SP HEIGHT="47" WIDTH="40" VPOS="700" HPOS="1947"/>
<String CONTENT="by" HEIGHT="47" WIDTH="57" VPOS="700" HPOS="1988"/>
<SP HEIGHT="46" WIDTH="38" VPOS="701" HPOS="2046"/>
<String CONTENT="W." HEIGHT="38" WIDTH="70" VPOS="701" HPOS="2085"/>
<SP HEIGHT="38" WIDTH="38" VPOS="701" HPOS="2156"/>
<String CONTENT="Beck.&#8212;It" HEIGHT="40" WIDTH="253" VPOS="701" HPOS="2195"/>
</TextLine>
<TextLine HEIGHT="50" WIDTH="2014" VPOS="757" HPOS="433">
<String CONTENT="pays" HEIGHT="39" WIDTH="120" VPOS="768" HPOS="433"/>
<SP HEIGHT="38" WIDTH="32" VPOS="761" HPOS="554"/>
<String CONTENT="to" HEIGHT="38" WIDTH="49" VPOS="761" HPOS="587"/>
<SP HEIGHT="40" WIDTH="30" VPOS="759" HPOS="637"/>
<String CONTENT="be" HEIGHT="40" WIDTH="56" VPOS="759" HPOS="668"/>
<SP HEIGHT="30" WIDTH="31" VPOS="769" HPOS="725"/>
<String CONTENT="a" HEIGHT="30" WIDTH="28" VPOS="769" HPOS="757"/>
<SP HEIGHT="40" WIDTH="34" VPOS="759" HPOS="786"/>
<String CONTENT="Poggle," HEIGHT="47" WIDTH="191" VPOS="759" HPOS="821"/>
<SP HEIGHT="47" WIDTH="34" VPOS="758" HPOS="1013"/>
<String CONTENT="by" HEIGHT="47" WIDTH="58" VPOS="758" HPOS="1048"/>
<SP HEIGHT="47" WIDTH="35" VPOS="758" HPOS="1107"/>
<String CONTENT="R." HEIGHT="39" WIDTH="55" VPOS="758" HPOS="1143"/>
<SP HEIGHT="38" WIDTH="35" VPOS="758" HPOS="1199"/>
<String CONTENT="Else.&#8212;A" HEIGHT="39" WIDTH="230" VPOS="758" HPOS="1235"/>
<SP HEIGHT="39" WIDTH="32" VPOS="758" HPOS="1466"/>
<String CONTENT="weakness" HEIGHT="41" WIDTH="253" VPOS="757" HPOS="1499"/>
<SP HEIGHT="40" WIDTH="30" VPOS="758" HPOS="1753"/>
<String CONTENT="for" HEIGHT="39" WIDTH="80" VPOS="758" HPOS="1784"/>
<SP HEIGHT="29" WIDTH="31" VPOS="768" HPOS="1865"/>
<String CONTENT="nurses," HEIGHT="32" WIDTH="186" VPOS="768" HPOS="1897"/>
<SP HEIGHT="42" WIDTH="35" VPOS="758" HPOS="2084"/>
<String CONTENT="by" HEIGHT="47" WIDTH="59" VPOS="758" HPOS="2120"/>
<SP HEIGHT="47" WIDTH="32" VPOS="758" HPOS="2180"/>
<String CONTENT="Edna" HEIGHT="39" WIDTH="135" VPOS="758" HPOS="2213"/>
<SP HEIGHT="38" WIDTH="37" VPOS="759" HPOS="2349"/>
<String CONTENT="H." HEIGHT="40" WIDTH="60" VPOS="759" HPOS="2387"/>
</TextLine>
<TextLine HEIGHT="48" WIDTH="2013" VPOS="815" HPOS="435">
<String CONTENT="Strachan.&#8212;Brother" HEIGHT="41" WIDTH="532" VPOS="816" HPOS="435"/>
<SP HEIGHT="38" WIDTH="27" VPOS="816" HPOS="968"/>
<String CONTENT="Donald," HEIGHT="47" WIDTH="207" VPOS="816" HPOS="996"/>
<SP HEIGHT="48" WIDTH="27" VPOS="815" HPOS="1204"/>
<String CONTENT="by" HEIGHT="48" WIDTH="62" VPOS="815" HPOS="1232"/>
<SP HEIGHT="45" WIDTH="25" VPOS="818" HPOS="1295"/>
<String CONTENT="A." HEIGHT="38" WIDTH="55" VPOS="818" HPOS="1321"/>
<SP HEIGHT="40" WIDTH="26" VPOS="816" HPOS="1377"/>
<String CONTENT="Baxter.&#8212;The" HEIGHT="41" WIDTH="367" VPOS="815" HPOS="1404"/>
<SP HEIGHT="40" WIDTH="27" VPOS="815" HPOS="1772"/>
<String CONTENT="inner" HEIGHT="40" WIDTH="140" VPOS="815" HPOS="1800"/>
<SP HEIGHT="29" WIDTH="28" VPOS="826" HPOS="1941"/>
<String CONTENT="urge," HEIGHT="37" WIDTH="130" VPOS="826" HPOS="1970"/>
<SP HEIGHT="44" WIDTH="26" VPOS="816" HPOS="2101"/>
<String CONTENT="by" HEIGHT="47" WIDTH="62" VPOS="816" HPOS="2128"/>
<SP HEIGHT="47" WIDTH="26" VPOS="816" HPOS="2191"/>
<String CONTENT="Betty" HEIGHT="46" WIDTH="146" VPOS="816" HPOS="2218"/>
<SP HEIGHT="46" WIDTH="30" VPOS="816" HPOS="2365"/>
<String CONTENT="B." HEIGHT="41" WIDTH="52" VPOS="816" HPOS="2396"/>
</TextLine>
<TextLine HEIGHT="41" WIDTH="229" VPOS="874" HPOS="430">
<String CONTENT="Beecher." HEIGHT="41" WIDTH="229" VPOS="874" HPOS="430"/>
</TextLine>
<TextLine HEIGHT="52" WIDTH="2017" VPOS="942" HPOS="433">
<String CONTENT="&#169;" HEIGHT="52" WIDTH="51" VPOS="942" HPOS="433"/>
<SP HEIGHT="52" WIDTH="28" VPOS="942" HPOS="485"/>
<String CONTENT="Feb." HEIGHT="40" WIDTH="109" VPOS="946" HPOS="514"/>
<SP HEIGHT="38" WIDTH="25" VPOS="947" HPOS="624"/>
<String CONTENT="4," HEIGHT="41" WIDTH="40" VPOS="947" HPOS="650"/>
<SP HEIGHT="41" WIDTH="27" VPOS="947" HPOS="691"/>
<String CONTENT="1933;" HEIGHT="47" WIDTH="141" VPOS="946" HPOS="719"/>
<SP HEIGHT="45" WIDTH="27" VPOS="948" HPOS="861"/>
<String CONTENT="2c." HEIGHT="38" WIDTH="66" VPOS="948" HPOS="889"/>
<SP HEIGHT="40" WIDTH="27" VPOS="946" HPOS="956"/>
<String CONTENT="June" HEIGHT="39" WIDTH="127" VPOS="946" HPOS="984"/>
<SP HEIGHT="38" WIDTH="24" VPOS="947" HPOS="1112"/>
<String CONTENT="24;" HEIGHT="46" WIDTH="83" VPOS="946" HPOS="1137"/>
<SP HEIGHT="36" WIDTH="29" VPOS="956" HPOS="1221"/>
<String CONTENT="aff." HEIGHT="41" WIDTH="81" VPOS="945" HPOS="1251"/>
<SP HEIGHT="40" WIDTH="26" VPOS="946" HPOS="1333"/>
<String CONTENT="June" HEIGHT="40" WIDTH="127" VPOS="946" HPOS="1360"/>
<SP HEIGHT="41" WIDTH="24" VPOS="945" HPOS="1488"/>
<String CONTENT="22;" HEIGHT="47" WIDTH="83" VPOS="945" HPOS="1513"/>
<SP HEIGHT="47" WIDTH="29" VPOS="945" HPOS="1597"/>
<!-- cceid 452BF87B-6CF9-1014-A6CF-A82867D68027 --><String CONTENT="A" HEIGHT="39" WIDTH="40" VPOS="945" HPOS="1627"/>
<SP HEIGHT="40" WIDTH="25" VPOS="945" HPOS="1668"/>
<String CONTENT="64130;" HEIGHT="47" WIDTH="173" VPOS="945" HPOS="1694"/>
<SP HEIGHT="46" WIDTH="28" VPOS="946" HPOS="1868"/>
<String CONTENT="Row," HEIGHT="48" WIDTH="132" VPOS="946" HPOS="1897"/>
<SP HEIGHT="48" WIDTH="27" VPOS="946" HPOS="2030"/>
<String CONTENT="Peterson" HEIGHT="39" WIDTH="235" VPOS="946" HPOS="2058"/>
<SP HEIGHT="40" WIDTH="25" VPOS="945" HPOS="2294"/>
<String CONTENT="&amp;" HEIGHT="40" WIDTH="37" VPOS="945" HPOS="2320"/>
<SP HEIGHT="40" WIDTH="24" VPOS="945" HPOS="2358"/>
<String CONTENT="co." HEIGHT="31" WIDTH="67" VPOS="954" HPOS="2383"/>
</TextLine>
<TextLine HEIGHT="49" WIDTH="283" VPOS="1003" HPOS="512">
<String CONTENT="(33-27185)" HEIGHT="49" WIDTH="283" VPOS="1003" HPOS="512"/>
</TextLine>
<TextLine HEIGHT="66" WIDTH="786" VPOS="1106" HPOS="426" STYLEREFS="StyleId-44AF4727-6CB6-46D4-8034-4C4919A8F40F-">
<String CONTENT="Soddy," HEIGHT="64" WIDTH="216" VPOS="1107" HPOS="426"/>
<SP HEIGHT="63" WIDTH="27" VPOS="1108" HPOS="643"/>
<String CONTENT="Frederick," HEIGHT="66" WIDTH="339" VPOS="1106" HPOS="671"/>
<SP HEIGHT="59" WIDTH="29" VPOS="1113" HPOS="1011"/>
<String CONTENT="1877-" HEIGHT="55" WIDTH="171" VPOS="1108" HPOS="1041"/>
</TextLine>
<TextLine HEIGHT="70" WIDTH="1944" VPOS="1184" HPOS="500" STYLEREFS="StyleId-CBE08C55-67C3-4F24-A975-129C1CC9E856-" CS="1">
<String CS="1" CONTENT="Money" HEIGHT="53" WIDTH="170" VPOS="1186" HPOS="500"/>
<SP HEIGHT="34" WIDTH="31" VPOS="1206" HPOS="711"/>
<String CONTENT="versus" HEIGHT="35" WIDTH="194" VPOS="1205" HPOS="743"/>
<SP HEIGHT="33" WIDTH="30" VPOS="1206" HPOS="938"/>
<String CONTENT="man;" HEIGHT="47" WIDTH="160" VPOS="1204" HPOS="969"/>
<SP HEIGHT="45" WIDTH="36" VPOS="1206" HPOS="1130"/>
<String CONTENT="a" HEIGHT="33" WIDTH="28" VPOS="1206" HPOS="1167"/>
<SP HEIGHT="33" WIDTH="34" VPOS="1206" HPOS="1196"/>
<String CONTENT="statement" HEIGHT="48" WIDTH="303" VPOS="1191" HPOS="1231"/>
<SP HEIGHT="48" WIDTH="31" VPOS="1191" HPOS="1535"/>
<String CONTENT="of" HEIGHT="53" WIDTH="63" VPOS="1185" HPOS="1567"/>
<SP HEIGHT="53" WIDTH="30" VPOS="1185" HPOS="1631"/>
<String CONTENT="the" HEIGHT="52" WIDTH="94" VPOS="1186" HPOS="1662"/>
<SP HEIGHT="34" WIDTH="32" VPOS="1203" HPOS="1757"/>
<String CONTENT="world" HEIGHT="53" WIDTH="182" VPOS="1185" HPOS="1790"/>
<SP HEIGHT="68" WIDTH="32" VPOS="1186" HPOS="1973"/>
<String CONTENT="problem" HEIGHT="69" WIDTH="256" VPOS="1185" HPOS="2006"/>
<SP HEIGHT="53" WIDTH="34" VPOS="1184" HPOS="2263"/>
<String CONTENT="from" HEIGHT="54" WIDTH="146" VPOS="1184" HPOS="2298"/>
</TextLine>
<TextLine HEIGHT="72" WIDTH="1957" VPOS="1263" HPOS="430" STYLEREFS="StyleId-CBE08C55-67C3-4F24-A975-129C1CC9E856-" CS="1">
<String CONTENT="the" HEIGHT="53" WIDTH="95" VPOS="1267" HPOS="430"/>
<SP HEIGHT="33" WIDTH="32" VPOS="1287" HPOS="526"/>
<String CONTENT="standpoint" HEIGHT="70" WIDTH="341" VPOS="1265" HPOS="559"/>
<SP HEIGHT="48" WIDTH="32" VPOS="1271" HPOS="901"/>
<String CONTENT="of" HEIGHT="54" WIDTH="65" VPOS="1265" HPOS="934"/>
<SP HEIGHT="54" WIDTH="31" VPOS="1265" HPOS="1000"/>
<String CONTENT="the" HEIGHT="51" WIDTH="100" VPOS="1268" HPOS="1032"/>
<SP HEIGHT="34" WIDTH="29" VPOS="1285" HPOS="1133"/>
<String CONTENT="new" HEIGHT="34" WIDTH="124" VPOS="1285" HPOS="1163"/>
<SP HEIGHT="34" WIDTH="34" VPOS="1285" HPOS="1288"/>
<String CONTENT="economics," HEIGHT="69" WIDTH="330" VPOS="1264" HPOS="1323"/>
<SP HEIGHT="68" WIDTH="32" VPOS="1265" HPOS="1654"/>
<String CONTENT="by" HEIGHT="68" WIDTH="76" VPOS="1265" HPOS="1687"/>
<SP HEIGHT="66" WIDTH="33" VPOS="1267" HPOS="1764"/>
<String CONTENT="Frederick" HEIGHT="55" WIDTH="312" VPOS="1263" HPOS="1798"/>
<SP HEIGHT="55" WIDTH="36" VPOS="1264" HPOS="2111"/>
<String CONTENT="Soddy" HEIGHT="68" WIDTH="197" VPOS="1264" HPOS="2148"/>
<SP HEIGHT="49" WIDTH="41" VPOS="1283" HPOS="2346"/>
<String CS="1" CONTENT="&#8230;"/>
</TextLine>
<TextLine HEIGHT="67" WIDTH="1322" VPOS="1345" HPOS="431" STYLEREFS="StyleId-CBE08C55-67C3-4F24-A975-129C1CC9E856-" CS="1">
<String CONTENT="New" HEIGHT="54" WIDTH="138" VPOS="1345" HPOS="431"/>
<SP HEIGHT="52" WIDTH="27" VPOS="1347" HPOS="570"/>
<String CONTENT="York," HEIGHT="64" WIDTH="179" VPOS="1346" HPOS="598"/>
<SP HEIGHT="63" WIDTH="25" VPOS="1347" HPOS="778"/>
<String CONTENT="E." HEIGHT="51" WIDTH="65" VPOS="1347" HPOS="804"/>
<SP HEIGHT="51" WIDTH="28" VPOS="1348" HPOS="870"/>
<String CONTENT="P." HEIGHT="51" WIDTH="65" VPOS="1348" HPOS="899"/>
<SP HEIGHT="52" WIDTH="26" VPOS="1347" HPOS="965"/>
<String CONTENT="Dutton" HEIGHT="53" WIDTH="225" VPOS="1347" HPOS="992"/>
<SP HEIGHT="50" WIDTH="23" VPOS="1349" HPOS="1218"/>
<String CONTENT="&amp;" HEIGHT="50" WIDTH="46" VPOS="1349" HPOS="1242"/>
<SP HEIGHT="50" WIDTH="22" VPOS="1349" HPOS="1289"/>
<String CONTENT="co.," HEIGHT="49" WIDTH="98" VPOS="1363" HPOS="1312"/>
<SP HEIGHT="67" WIDTH="26" VPOS="1345" HPOS="1411"/>
<String CONTENT="inc." HEIGHT="55" WIDTH="107" VPOS="1345" HPOS="1438"/>
<SP HEIGHT="34" WIDTH="31" VPOS="1378" HPOS="1546"/>
<String CONTENT="[" HEIGHT="34" WIDTH="14" VPOS="1378" HPOS="1578"/>
<String STYLE="superscript" CONTENT="c" HEIGHT="21" WIDTH="18" VPOS="1351" HPOS="1596"/>
<String CS="1" CONTENT="1933]" HEIGHT="50" WIDTH="134" VPOS="1348" HPOS="1619"/>
</TextLine>
<TextLine HEIGHT="51" WIDTH="1173" VPOS="1417" HPOS="504" STYLEREFS="StyleId-CBE08C55-67C3-4F24-A975-129C1CC9E856-" CS="1">
<String CONTENT="viii," HEIGHT="48" WIDTH="100" VPOS="1417" HPOS="504"/>
<SP HEIGHT="46" WIDTH="31" VPOS="1419" HPOS="605"/>
<String CONTENT="9-121" HEIGHT="41" WIDTH="143" VPOS="1419" HPOS="637"/>
<SP HEIGHT="46" WIDTH="32" VPOS="1421" HPOS="781"/>
<String CONTENT="p." HEIGHT="38" WIDTH="42" VPOS="1429" HPOS="814"/>
<SP/>
<String CS="1" CONTENT="front."/>
<SP HEIGHT="48" WIDTH="28" VPOS="1418" HPOS="1069"/>
<String CONTENT="(port.)" HEIGHT="50" WIDTH="174" VPOS="1418" HPOS="1098"/>
<SP HEIGHT="48" WIDTH="41" VPOS="1419" HPOS="1273"/>
<String CONTENT="diagr." HEIGHT="47" WIDTH="152" VPOS="1418" HPOS="1315"/>
<SP HEIGHT="40" WIDTH="61" VPOS="1418" HPOS="1468"/>
<String CS="1" CONTENT="19&#189;" HEIGHT="40" WIDTH="57" VPOS="1418" HPOS="1530"/>
<String STYLE="superscript" CONTENT="cm" HEIGHT="22" WIDTH="44" VPOS="1420" HPOS="1619"/>
<String CONTENT="." HEIGHT="9" WIDTH="8" VPOS="1450" HPOS="1669"/>
</TextLine>
<TextLine HEIGHT="42" WIDTH="426" VPOS="1476" HPOS="502">
<String CONTENT="&#8220;First" HEIGHT="41" WIDTH="163" VPOS="1476" HPOS="502"/>
<SP HEIGHT="39" WIDTH="32" VPOS="1479" HPOS="666"/>
<String CONTENT="edition.&#8221;" HEIGHT="41" WIDTH="229" VPOS="1477" HPOS="699"/>
</TextLine>
<TextLine HEIGHT="53" WIDTH="1440" VPOS="1544" HPOS="432" CS="1">
<String CONTENT="&#169;" HEIGHT="53" WIDTH="52" VPOS="1544" HPOS="432"/>
<SP HEIGHT="53" WIDTH="31" VPOS="1544" HPOS="485"/>
<String CONTENT="June" HEIGHT="40" WIDTH="126" VPOS="1550" HPOS="517"/>
<SP HEIGHT="40" WIDTH="29" VPOS="1550" HPOS="644"/>
<String CONTENT="1," HEIGHT="45" WIDTH="40" VPOS="1550" HPOS="674"/>
<SP HEIGHT="45" WIDTH="30" VPOS="1550" HPOS="715"/>
<String CS="1" CONTENT="1933;" HEIGHT="41" WIDTH="114" VPOS="1548" HPOS="746"/>
<SP HEIGHT="47" WIDTH="31" VPOS="1549" HPOS="888"/>
<String CONTENT="2c." HEIGHT="40" WIDTH="67" VPOS="1549" HPOS="920"/>
<SP HEIGHT="39" WIDTH="30" VPOS="1550" HPOS="988"/>
<String CONTENT="June" HEIGHT="39" WIDTH="127" VPOS="1550" HPOS="1019"/>
<SP HEIGHT="39" WIDTH="29" VPOS="1549" HPOS="1147"/>
<String CONTENT="2;" HEIGHT="47" WIDTH="54" VPOS="1549" HPOS="1177"/>
<SP HEIGHT="37" WIDTH="32" VPOS="1559" HPOS="1232"/>
<String CONTENT="aff." HEIGHT="41" WIDTH="83" VPOS="1548" HPOS="1265"/>
<SP HEIGHT="40" WIDTH="31" VPOS="1549" HPOS="1349"/>
<String CONTENT="June" HEIGHT="39" WIDTH="128" VPOS="1549" HPOS="1381"/>
<SP HEIGHT="40" WIDTH="29" VPOS="1548" HPOS="1510"/>
<String CONTENT="3;" HEIGHT="47" WIDTH="52" VPOS="1548" HPOS="1540"/>
<SP HEIGHT="48" WIDTH="34" VPOS="1547" HPOS="1593"/>
<!-- cceid 452C6AA4-6CF9-1014-A6CF-A82867D68027 --><String CONTENT="A" HEIGHT="39" WIDTH="41" VPOS="1547" HPOS="1628"/>
<SP HEIGHT="40" WIDTH="29" VPOS="1547" HPOS="1670"/>
<String CONTENT="63034;" HEIGHT="47" WIDTH="172" VPOS="1546" HPOS="1700"/>
</TextLine>
<TextLine HEIGHT="47" WIDTH="543" VPOS="1545" HPOS="1907">
<String CONTENT="E." HEIGHT="39" WIDTH="54" VPOS="1547" HPOS="1907"/>
<SP HEIGHT="39" WIDTH="31" VPOS="1547" HPOS="1962"/>
<String CONTENT="P." HEIGHT="39" WIDTH="51" VPOS="1547" HPOS="1994"/>
<SP HEIGHT="39" WIDTH="31" VPOS="1547" HPOS="2046"/>
<String CONTENT="Dutton" HEIGHT="39" WIDTH="190" VPOS="1546" HPOS="2078"/>
<SP HEIGHT="40" WIDTH="30" VPOS="1545" HPOS="2269"/>
<String CONTENT="&amp;" HEIGHT="40" WIDTH="36" VPOS="1545" HPOS="2300"/>
<SP HEIGHT="40" WIDTH="28" VPOS="1545" HPOS="2337"/>
<String CONTENT="co.," HEIGHT="38" WIDTH="84" VPOS="1554" HPOS="2366"/>
</TextLine>
<TextLine HEIGHT="49" WIDTH="446" VPOS="1606" HPOS="501">
<String CONTENT="inc." HEIGHT="40" WIDTH="91" VPOS="1606" HPOS="501"/>
<SP HEIGHT="48" WIDTH="70" VPOS="1607" HPOS="593"/>
<String CONTENT="(33-27176)" HEIGHT="48" WIDTH="283" VPOS="1607" HPOS="664"/>
</TextLine>
<TextLine HEIGHT="73" WIDTH="2024" VPOS="1705" HPOS="424" STYLEREFS="StyleId-CBE08C55-67C3-4F24-A975-129C1CC9E856-">
<String CONTENT="South" HEIGHT="54" WIDTH="191" VPOS="1705" HPOS="424"/>
<SP HEIGHT="57" WIDTH="35" VPOS="1705" HPOS="616"/>
<String CONTENT="eastern" HEIGHT="48" WIDTH="222" VPOS="1715" HPOS="652"/>
<SP HEIGHT="33" WIDTH="33" VPOS="1729" HPOS="875"/>
<String CONTENT="reporter." HEIGHT="63" WIDTH="276" VPOS="1715" HPOS="909"/>
<SP HEIGHT="56" WIDTH="72" VPOS="1708" HPOS="1186"/>
<String CONTENT="Cases" HEIGHT="54" WIDTH="170" VPOS="1708" HPOS="1259"/>
<SP HEIGHT="34" WIDTH="34" VPOS="1728" HPOS="1430"/>
<String CONTENT="argued" HEIGHT="70" WIDTH="217" VPOS="1708" HPOS="1465"/>
<SP HEIGHT="53" WIDTH="34" VPOS="1708" HPOS="1683"/>
<String CONTENT="and" HEIGHT="53" WIDTH="113" VPOS="1707" HPOS="1718"/>
<SP HEIGHT="53" WIDTH="35" VPOS="1707" HPOS="1832"/>
<String CONTENT="determined" HEIGHT="53" WIDTH="354" VPOS="1707" HPOS="1868"/>
<SP HEIGHT="54" WIDTH="34" VPOS="1706" HPOS="2223"/>
<String CONTENT="in" HEIGHT="53" WIDTH="60" VPOS="1706" HPOS="2258"/>
<SP HEIGHT="48" WIDTH="32" VPOS="1711" HPOS="2319"/>
<String CONTENT="the" HEIGHT="53" WIDTH="96" VPOS="1706" HPOS="2352"/>
</TextLine>
<TextLine HEIGHT="73" WIDTH="1951" VPOS="1785" HPOS="498" STYLEREFS="StyleId-CBE08C55-67C3-4F24-A975-129C1CC9E856-">
<String CONTENT="Supreme" HEIGHT="68" WIDTH="279" VPOS="1788" HPOS="498"/>
<SP HEIGHT="35" WIDTH="32" VPOS="1808" HPOS="778"/>
<String CONTENT="courts" HEIGHT="48" WIDTH="190" VPOS="1795" HPOS="811"/>
<SP HEIGHT="33" WIDTH="33" VPOS="1809" HPOS="1002"/>
<String CONTENT="of" HEIGHT="52" WIDTH="64" VPOS="1789" HPOS="1036"/>
<SP HEIGHT="52" WIDTH="34" VPOS="1789" HPOS="1101"/>
<String CONTENT="appeals" HEIGHT="66" WIDTH="237" VPOS="1791" HPOS="1136"/>
<SP HEIGHT="33" WIDTH="31" VPOS="1808" HPOS="1374"/>
<String CONTENT="of" HEIGHT="53" WIDTH="65" VPOS="1788" HPOS="1406"/>
<SP HEIGHT="55" WIDTH="31" VPOS="1788" HPOS="1472"/>
<String CONTENT="Virginia" HEIGHT="71" WIDTH="275" VPOS="1787" HPOS="1504"/>
<SP HEIGHT="33" WIDTH="34" VPOS="1807" HPOS="1780"/>
<String CONTENT="and" HEIGHT="53" WIDTH="114" VPOS="1787" HPOS="1815"/>
<SP HEIGHT="56" WIDTH="30" VPOS="1787" HPOS="1930"/>
<String CONTENT="West" HEIGHT="54" WIDTH="162" VPOS="1789" HPOS="1961"/>
<SP HEIGHT="53" WIDTH="35" VPOS="1787" HPOS="2124"/>
<String CONTENT="Virginia," HEIGHT="71" WIDTH="289" VPOS="1785" HPOS="2160"/>
</TextLine>
<TextLine HEIGHT="71" WIDTH="1948" VPOS="1865" HPOS="498" STYLEREFS="StyleId-CBE08C55-67C3-4F24-A975-129C1CC9E856-">
<String CONTENT="Supreme" HEIGHT="70" WIDTH="278" VPOS="1866" HPOS="498"/>
<SP HEIGHT="33" WIDTH="29" VPOS="1889" HPOS="777"/>
<String CONTENT="courts" HEIGHT="47" WIDTH="190" VPOS="1875" HPOS="807"/>
<SP HEIGHT="33" WIDTH="28" VPOS="1889" HPOS="998"/>
<String CONTENT="of" HEIGHT="53" WIDTH="65" VPOS="1869" HPOS="1027"/>
<SP HEIGHT="53" WIDTH="26" VPOS="1869" HPOS="1093"/>
<String CONTENT="North" HEIGHT="53" WIDTH="189" VPOS="1869" HPOS="1120"/>
<SP HEIGHT="53" WIDTH="32" VPOS="1869" HPOS="1310"/>
<String CONTENT="Carolina" HEIGHT="55" WIDTH="273" VPOS="1867" HPOS="1343"/>
<SP HEIGHT="33" WIDTH="31" VPOS="1887" HPOS="1617"/>
<String CONTENT="and" HEIGHT="53" WIDTH="113" VPOS="1867" HPOS="1649"/>
<SP HEIGHT="56" WIDTH="31" VPOS="1866" HPOS="1763"/>
<String CONTENT="South" HEIGHT="56" WIDTH="184" VPOS="1866" HPOS="1795"/>
<SP HEIGHT="57" WIDTH="30" VPOS="1867" HPOS="1980"/>
<String CONTENT="Carolina," HEIGHT="69" WIDTH="291" VPOS="1865" HPOS="2011"/>
<SP HEIGHT="49" WIDTH="30" VPOS="1885" HPOS="2303"/>
<String CONTENT="and" HEIGHT="53" WIDTH="112" VPOS="1865" HPOS="2334"/>
</TextLine>
<TextLine HEIGHT="71" WIDTH="1949" VPOS="1945" HPOS="498" STYLEREFS="StyleId-CBE08C55-67C3-4F24-A975-129C1CC9E856-">
<String CONTENT="Supreme" HEIGHT="71" WIDTH="278" VPOS="1945" HPOS="498"/>
<SP HEIGHT="35" WIDTH="35" VPOS="1966" HPOS="777"/>
<String CONTENT="court" HEIGHT="48" WIDTH="162" VPOS="1953" HPOS="813"/>
<SP HEIGHT="48" WIDTH="36" VPOS="1953" HPOS="976"/>
<String CONTENT="and" HEIGHT="51" WIDTH="113" VPOS="1950" HPOS="1013"/>
<SP HEIGHT="54" WIDTH="38" VPOS="1948" HPOS="1127"/>
<String CONTENT="Court" HEIGHT="54" WIDTH="181" VPOS="1948" HPOS="1166"/>
<SP HEIGHT="48" WIDTH="34" VPOS="1954" HPOS="1348"/>
<String CONTENT="of" HEIGHT="53" WIDTH="63" VPOS="1948" HPOS="1383"/>
<SP HEIGHT="53" WIDTH="36" VPOS="1948" HPOS="1447"/>
<String CONTENT="appeals" HEIGHT="67" WIDTH="235" VPOS="1949" HPOS="1484"/>
<SP HEIGHT="33" WIDTH="35" VPOS="1968" HPOS="1720"/>
<String CONTENT="of" HEIGHT="53" WIDTH="64" VPOS="1947" HPOS="1756"/>
<SP HEIGHT="56" WIDTH="35" VPOS="1946" HPOS="1821"/>
<String CONTENT="Georgia," HEIGHT="70" WIDTH="269" VPOS="1946" HPOS="1857"/>
<SP HEIGHT="50" WIDTH="35" VPOS="1965" HPOS="2127"/>
<String CONTENT="with" HEIGHT="52" WIDTH="142" VPOS="1946" HPOS="2163"/>
<SP HEIGHT="52" WIDTH="32" VPOS="1946" HPOS="2306"/>
<String CONTENT="key" HEIGHT="68" WIDTH="108" VPOS="1946" HPOS="2339"/>
</TextLine>
<TextLine HEIGHT="71" WIDTH="1953" VPOS="2026" HPOS="494" STYLEREFS="StyleId-CBE08C55-67C3-4F24-A975-129C1CC9E856-" CS="1">
<String CONTENT="number" HEIGHT="53" WIDTH="241" VPOS="2027" HPOS="494"/>
<SP HEIGHT="34" WIDTH="37" VPOS="2046" HPOS="736"/>
<String CONTENT="annotations," HEIGHT="54" WIDTH="386" VPOS="2027" HPOS="774"/>
<SP HEIGHT="34" WIDTH="72" VPOS="2047" HPOS="1161"/>
<String CONTENT="v." HEIGHT="33" WIDTH="51" VPOS="2047" HPOS="1234"/>
<SP HEIGHT="48" WIDTH="41" VPOS="2032" HPOS="1286"/>
<String CONTENT="168." HEIGHT="49" WIDTH="115" VPOS="2032" HPOS="1328"/>
<SP HEIGHT="53" WIDTH="70" VPOS="2028" HPOS="1444"/>
<String CONTENT="April-May," HEIGHT="70" WIDTH="373" VPOS="2027" HPOS="1515"/>
<SP HEIGHT="67" WIDTH="39" VPOS="2030" HPOS="1889"/>
<String CONTENT="1933." HEIGHT="49" WIDTH="152" VPOS="2030" HPOS="1929"/>
<SP HEIGHT="55" WIDTH="74" VPOS="2026" HPOS="2082"/>
<String CONTENT="St." HEIGHT="55" WIDTH="83" VPOS="2026" HPOS="2157"/>
<SP HEIGHT="52" WIDTH="38" VPOS="2028" HPOS="2241"/>
<String CONTENT="Paul," HEIGHT="68" WIDTH="167" VPOS="2027" HPOS="2280"/>
</TextLine>
<TextLine HEIGHT="70" WIDTH="842" VPOS="2107" HPOS="494" STYLEREFS="StyleId-CBE08C55-67C3-4F24-A975-129C1CC9E856-">
<String CONTENT="West" HEIGHT="54" WIDTH="160" VPOS="2109" HPOS="494"/>
<SP HEIGHT="62" WIDTH="28" VPOS="2114" HPOS="655"/>
<String CONTENT="publishing" HEIGHT="70" WIDTH="339" VPOS="2107" HPOS="684"/>
<SP HEIGHT="49" WIDTH="27" VPOS="2128" HPOS="1024"/>
<String CONTENT="co.," HEIGHT="48" WIDTH="98" VPOS="2128" HPOS="1052"/>
<SP HEIGHT="64" WIDTH="31" VPOS="2112" HPOS="1151"/>
<String CONTENT="1933." HEIGHT="51" WIDTH="153" VPOS="2112" HPOS="1183"/>
</TextLine>
<TextLine HEIGHT="48" WIDTH="459" VPOS="2183" HPOS="496" CS="1">
<String CONTENT="xvi," HEIGHT="47" WIDTH="97" VPOS="2183" HPOS="496"/>
<SP/>
<String CONTENT="998" HEIGHT="41" WIDTH="90" VPOS="2183" HPOS="622"/>
<SP HEIGHT="47" WIDTH="23" VPOS="2184" HPOS="713"/>
<String CONTENT="p." HEIGHT="37" WIDTH="41" VPOS="2194" HPOS="737"/>
<SP HEIGHT="40" WIDTH="57" VPOS="2183" HPOS="779"/>
<String CONTENT="26" HEIGHT="40" WIDTH="58" VPOS="2183" HPOS="837"/>
<String STYLE="superscript" CONTENT="cm" HEIGHT="20" WIDTH="44" VPOS="2186" HPOS="897"/>
<String CONTENT="." HEIGHT="7" WIDTH="8" VPOS="2216" HPOS="947"/>
</TextLine>
<TextLine HEIGHT="53" WIDTH="1904" VPOS="2250" HPOS="431">
<String CONTENT="&#169;" HEIGHT="52" WIDTH="51" VPOS="2250" HPOS="431"/>
<SP HEIGHT="52" WIDTH="30" VPOS="2250" HPOS="483"/>
<String CONTENT="June" HEIGHT="39" WIDTH="129" VPOS="2255" HPOS="514"/>
<SP HEIGHT="39" WIDTH="24" VPOS="2255" HPOS="644"/>
<String CONTENT="27," HEIGHT="46" WIDTH="71" VPOS="2255" HPOS="669"/>
<SP HEIGHT="46" WIDTH="29" VPOS="2255" HPOS="741"/>
<String CONTENT="1933" HEIGHT="41" WIDTH="113" VPOS="2254" HPOS="771"/>
<SP HEIGHT="41" WIDTH="18" VPOS="2255" HPOS="885"/>
<String CONTENT=":" HEIGHT="31" WIDTH="8" VPOS="2265" HPOS="904"/>
<SP HEIGHT="41" WIDTH="30" VPOS="2255" HPOS="913"/>
<String CONTENT="2c." HEIGHT="40" WIDTH="65" VPOS="2255" HPOS="944"/>
<SP HEIGHT="39" WIDTH="32" VPOS="2255" HPOS="1010"/>
<String CONTENT="July" HEIGHT="48" WIDTH="119" VPOS="2255" HPOS="1043"/>
<SP HEIGHT="47" WIDTH="24" VPOS="2256" HPOS="1163"/>
<String CONTENT="24;" HEIGHT="46" WIDTH="83" VPOS="2255" HPOS="1188"/>
<SP HEIGHT="37" WIDTH="32" VPOS="2264" HPOS="1272"/>
<String CONTENT="aff." HEIGHT="41" WIDTH="82" VPOS="2253" HPOS="1305"/>
<SP HEIGHT="39" WIDTH="31" VPOS="2255" HPOS="1388"/>
<String CONTENT="July" HEIGHT="48" WIDTH="116" VPOS="2254" HPOS="1420"/>
<SP HEIGHT="47" WIDTH="28" VPOS="2255" HPOS="1537"/>
<String CONTENT="22;" HEIGHT="46" WIDTH="83" VPOS="2254" HPOS="1566"/>
<SP HEIGHT="47" WIDTH="32" VPOS="2253" HPOS="1650"/>
<!-- cceid 452CE2DE-6CF9-1014-A6CF-A82867D68027 --><String CONTENT="A" HEIGHT="44" WIDTH="44" VPOS="2253" HPOS="1683"/>
<SP HEIGHT="44" WIDTH="25" VPOS="2253" HPOS="1728"/>
<String CONTENT="64457;" HEIGHT="47" WIDTH="171" VPOS="2252" HPOS="1754"/>
<SP HEIGHT="46" WIDTH="32" VPOS="2253" HPOS="1926"/>
<String CONTENT="West" HEIGHT="40" WIDTH="139" VPOS="2253" HPOS="1959"/>
<SP HEIGHT="47" WIDTH="26" VPOS="2254" HPOS="2099"/>
<String CONTENT="pub." HEIGHT="49" WIDTH="110" VPOS="2252" HPOS="2126"/>
<SP HEIGHT="32" WIDTH="29" VPOS="2263" HPOS="2237"/>
<String CONTENT="co." HEIGHT="30" WIDTH="68" VPOS="2262" HPOS="2267"/>
</TextLine>
<TextLine HEIGHT="65" WIDTH="1080" VPOS="2374" HPOS="422" STYLEREFS="StyleId-44AF4727-6CB6-46D4-8034-4C4919A8F40F-">
<String CONTENT="Southwestern" HEIGHT="54" WIDTH="454" VPOS="2374" HPOS="422"/>
<SP HEIGHT="35" WIDTH="28" VPOS="2392" HPOS="877"/>
<String CONTENT="reporter" HEIGHT="61" WIDTH="273" VPOS="2377" HPOS="906"/>
<SP HEIGHT="63" WIDTH="37" VPOS="2376" HPOS="1180"/>
<String CONTENT="(2d" HEIGHT="63" WIDTH="104" VPOS="2376" HPOS="1218"/>
<SP HEIGHT="52" WIDTH="31" VPOS="2376" HPOS="1323"/>
<String CONTENT="ser.)" HEIGHT="64" WIDTH="147" VPOS="2374" HPOS="1355"/>
</TextLine>
<TextLine HEIGHT="135" WIDTH="1998" VPOS="2451" HPOS="424" STYLEREFS="StyleId-CBE08C55-67C3-4F24-A975-129C1CC9E856-" CS="1">
<String CONTENT="Kentucky" HEIGHT="69" WIDTH="310" VPOS="2452" HPOS="494"/>
<SP HEIGHT="68" WIDTH="25" VPOS="2453" HPOS="805"/>
<String CONTENT="decisions" HEIGHT="52" WIDTH="279" VPOS="2453" HPOS="831"/>
<SP HEIGHT="33" WIDTH="24" VPOS="2472" HPOS="1111"/>
<String CONTENT="reported" HEIGHT="67" WIDTH="268" VPOS="2454" HPOS="1136"/>
<SP HEIGHT="52" WIDTH="25" VPOS="2453" HPOS="1405"/>
<String CONTENT="in" HEIGHT="52" WIDTH="60" VPOS="2453" HPOS="1431"/>
<SP HEIGHT="55" WIDTH="25" VPOS="2452" HPOS="1492"/>
<String CONTENT="South" HEIGHT="55" WIDTH="185" VPOS="2452" HPOS="1518"/>
<SP HEIGHT="52" WIDTH="23" VPOS="2453" HPOS="1704"/>
<String CONTENT="western" HEIGHT="49" WIDTH="241" VPOS="2457" HPOS="1728"/>
<SP HEIGHT="33" WIDTH="26" VPOS="2471" HPOS="1970"/>
<String CONTENT="reporter." HEIGHT="65" WIDTH="274" VPOS="2456" HPOS="1997"/>
<SP HEIGHT="55" WIDTH="45" VPOS="2451" HPOS="2272"/>
<String CONTENT="Second" HEIGHT="133" WIDTH="1998" VPOS="2451" HPOS="424"/>
<SP HEIGHT="52" WIDTH="39" VPOS="2533" HPOS="538"/>
<String CONTENT="series," HEIGHT="54" WIDTH="189" VPOS="2532" HPOS="578"/>
<SP HEIGHT="37" WIDTH="74" VPOS="2549" HPOS="768"/>
<String CONTENT="vols." HEIGHT="51" WIDTH="139" VPOS="2534" HPOS="843"/>
<SP HEIGHT="48" WIDTH="42" VPOS="2537" HPOS="983"/>
<String CONTENT="55" HEIGHT="49" WIDTH="64" VPOS="2537" HPOS="1026"/>
</TextLine>
<TextLine HEIGHT="71" WIDTH="1301" VPOS="2530" HPOS="1143" STYLEREFS="StyleId-CBE08C55-67C3-4F24-A975-129C1CC9E856-">
<String CONTENT="(2d)" HEIGHT="68" WIDTH="127" VPOS="2533" HPOS="1143"/>
<SP HEIGHT="68" WIDTH="50" VPOS="2533" HPOS="1271"/>
<String CONTENT="to" HEIGHT="48" WIDTH="59" VPOS="2537" HPOS="1322"/>
<SP HEIGHT="49" WIDTH="37" VPOS="2536" HPOS="1382"/>
<String CONTENT="57" HEIGHT="53" WIDTH="66" VPOS="2533" HPOS="1420"/>
<SP HEIGHT="69" WIDTH="51" VPOS="2532" HPOS="1487"/>
<String CONTENT="(2d)" HEIGHT="69" WIDTH="128" VPOS="2532" HPOS="1539"/>
<SP HEIGHT="67" WIDTH="83" VPOS="2534" HPOS="1668"/>
<String CONTENT="January-April," HEIGHT="70" WIDTH="498" VPOS="2530" HPOS="1752"/>
<SP HEIGHT="63" WIDTH="42" VPOS="2537" HPOS="2251"/>
<String CONTENT="1933." HEIGHT="51" WIDTH="150" VPOS="2534" HPOS="2294"/>
</TextLine>
<TextLine HEIGHT="70" WIDTH="2024" VPOS="2610" HPOS="422" STYLEREFS="StyleId-CBE08C55-67C3-4F24-A975-129C1CC9E856-" CS="1">
<String CONTENT="With" HEIGHT="54" WIDTH="165" VPOS="2611" HPOS="422"/>
<SP HEIGHT="52" WIDTH="32" VPOS="2611" HPOS="588"/>
<String CONTENT="key" HEIGHT="67" WIDTH="108" VPOS="2611" HPOS="621"/>
<SP HEIGHT="49" WIDTH="35" VPOS="2629" HPOS="730"/>
<String CONTENT="number" HEIGHT="52" WIDTH="240" VPOS="2613" HPOS="766"/>
<SP HEIGHT="33" WIDTH="35" VPOS="2631" HPOS="1007"/>
<String CONTENT="annotations" HEIGHT="53" WIDTH="367" VPOS="2612" HPOS="1043"/>
<SP HEIGHT="33" WIDTH="41" VPOS="2632" HPOS="1411"/>
<String CS="1" CONTENT="&#8230;"/>
<SP HEIGHT="55" WIDTH="80" VPOS="2614" HPOS="1509"/>
<String CONTENT="St." HEIGHT="55" WIDTH="83" VPOS="2614" HPOS="1590"/>
<SP HEIGHT="50" WIDTH="36" VPOS="2616" HPOS="1674"/>
<String CONTENT="Paul," HEIGHT="67" WIDTH="167" VPOS="2613" HPOS="1711"/>
<SP HEIGHT="66" WIDTH="30" VPOS="2614" HPOS="1879"/>
<String CONTENT="West" HEIGHT="53" WIDTH="162" VPOS="2614" HPOS="1910"/>
<SP HEIGHT="63" WIDTH="36" VPOS="2617" HPOS="2073"/>
<String CONTENT="publishing" HEIGHT="70" WIDTH="336" VPOS="2610" HPOS="2110"/>
</TextLine>
<TextLine HEIGHT="64" WIDTH="262" VPOS="2694" HPOS="423" STYLEREFS="StyleId-CBE08C55-67C3-4F24-A975-129C1CC9E856-" CS="1">
<String CONTENT="co.," HEIGHT="48" WIDTH="98" VPOS="2710" HPOS="423"/>
<SP HEIGHT="64" WIDTH="29" VPOS="2694" HPOS="522"/>
<String CS="1" CONTENT="1933." HEIGHT="50" WIDTH="133" VPOS="2694" HPOS="552"/>
</TextLine>
<TextLine HEIGHT="50" WIDTH="634" VPOS="2765" HPOS="496">
<String CONTENT="Various" HEIGHT="41" WIDTH="214" VPOS="2765" HPOS="496"/>
<SP HEIGHT="41" WIDTH="24" VPOS="2774" HPOS="711"/>
<String CONTENT="pagings." HEIGHT="50" WIDTH="219" VPOS="2765" HPOS="736"/>
<SP HEIGHT="39" WIDTH="56" VPOS="2767" HPOS="956"/>
<String CONTENT="26" HEIGHT="39" WIDTH="57" VPOS="2767" HPOS="1013"/>
<String STYLE="superscript" CONTENT="cm" HEIGHT="21" WIDTH="44" VPOS="2769" HPOS="1073"/>
<String CONTENT="." HEIGHT="8" WIDTH="7" VPOS="2799" HPOS="1123"/>
</TextLine>
<TextLine HEIGHT="53" WIDTH="1902" VPOS="2825" HPOS="431" CS="1">
<String CONTENT="&#169;" HEIGHT="52" WIDTH="51" VPOS="2825" HPOS="431"/>
<SP HEIGHT="52" WIDTH="30" VPOS="2825" HPOS="483"/>
<String CONTENT="June" HEIGHT="39" WIDTH="130" VPOS="2830" HPOS="514"/>
<SP HEIGHT="39" WIDTH="24" VPOS="2830" HPOS="645"/>
<String CONTENT="23," HEIGHT="46" WIDTH="70" VPOS="2830" HPOS="670"/>
<SP HEIGHT="46" WIDTH="29" VPOS="2830" HPOS="741"/>
<String CS="1" CONTENT="1933;" HEIGHT="41" WIDTH="113" VPOS="2828" HPOS="771"/>
<SP HEIGHT="46" WIDTH="31" VPOS="2830" HPOS="913"/>
<String CONTENT="2c." HEIGHT="40" WIDTH="66" VPOS="2830" HPOS="945"/>
<SP HEIGHT="40" WIDTH="30" VPOS="2830" HPOS="1012"/>
<String CONTENT="July" HEIGHT="48" WIDTH="117" VPOS="2830" HPOS="1043"/>
<SP HEIGHT="47" WIDTH="27" VPOS="2831" HPOS="1161"/>
<String CONTENT="24;" HEIGHT="45" WIDTH="83" VPOS="2831" HPOS="1189"/>
<SP HEIGHT="36" WIDTH="31" VPOS="2840" HPOS="1273"/>
<String CONTENT="aff." HEIGHT="41" WIDTH="83" VPOS="2829" HPOS="1305"/>
<SP HEIGHT="39" WIDTH="31" VPOS="2830" HPOS="1389"/>
<String CONTENT="July" HEIGHT="47" WIDTH="116" VPOS="2830" HPOS="1421"/>
<SP HEIGHT="47" WIDTH="26" VPOS="2830" HPOS="1538"/>
<String CONTENT="22;" HEIGHT="46" WIDTH="84" VPOS="2830" HPOS="1565"/>
<SP HEIGHT="46" WIDTH="31" VPOS="2830" HPOS="1650"/>
<!-- cceid 452D6817-6CF9-1014-A6CF-A82867D68027 --><String CONTENT="A" HEIGHT="39" WIDTH="42" VPOS="2830" HPOS="1682"/>
<SP HEIGHT="39" WIDTH="27" VPOS="2830" HPOS="1725"/>
<String CONTENT="64464;" HEIGHT="47" WIDTH="171" VPOS="2829" HPOS="1753"/>
<SP HEIGHT="47" WIDTH="33" VPOS="2829" HPOS="1925"/>
<String CONTENT="West" HEIGHT="40" WIDTH="135" VPOS="2829" HPOS="1959"/>
<SP HEIGHT="47" WIDTH="30" VPOS="2830" HPOS="2095"/>
<String CONTENT="pub." HEIGHT="50" WIDTH="107" VPOS="2827" HPOS="2126"/>
<SP HEIGHT="28" WIDTH="30" VPOS="2840" HPOS="2234"/>
<String CONTENT="co." HEIGHT="28" WIDTH="68" VPOS="2840" HPOS="2265"/>
</TextLine>
<TextLine HEIGHT="73" WIDTH="2021" VPOS="2987" HPOS="422" STYLEREFS="StyleId-CBE08C55-67C3-4F24-A975-129C1CC9E856-">
<String CONTENT="South" HEIGHT="54" WIDTH="191" VPOS="2987" HPOS="422"/>
<SP HEIGHT="54" WIDTH="46" VPOS="2988" HPOS="614"/>
<String CONTENT="western" HEIGHT="48" WIDTH="241" VPOS="2995" HPOS="661"/>
<SP HEIGHT="33" WIDTH="46" VPOS="3009" HPOS="903"/>
<String CONTENT="reporter." HEIGHT="63" WIDTH="275" VPOS="2996" HPOS="950"/>
<SP HEIGHT="55" WIDTH="84" VPOS="2990" HPOS="1226"/>
<String CONTENT="Second" HEIGHT="55" WIDTH="219" VPOS="2990" HPOS="1311"/>
<SP HEIGHT="53" WIDTH="46" VPOS="2991" HPOS="1531"/>
<String CONTENT="series." HEIGHT="54" WIDTH="187" VPOS="2990" HPOS="1578"/>
<SP HEIGHT="56" WIDTH="82" VPOS="2990" HPOS="1766"/>
<String CONTENT="Cases" HEIGHT="56" WIDTH="170" VPOS="2990" HPOS="1849"/>
<SP HEIGHT="34" WIDTH="45" VPOS="3010" HPOS="2020"/>
<String CONTENT="argued" HEIGHT="69" WIDTH="216" VPOS="2991" HPOS="2066"/>
<SP HEIGHT="52" WIDTH="46" VPOS="2991" HPOS="2283"/>
<String CONTENT="and" HEIGHT="52" WIDTH="113" VPOS="2990" HPOS="2330"/>
</TextLine>
<TextLine HEIGHT="70" WIDTH="1949" VPOS="3068" HPOS="494" STYLEREFS="StyleId-CBE08C55-67C3-4F24-A975-129C1CC9E856-">
<String CONTENT="determined" HEIGHT="54" WIDTH="355" VPOS="3068" HPOS="494"/>
<SP HEIGHT="53" WIDTH="42" VPOS="3069" HPOS="850"/>
<String CONTENT="in" HEIGHT="53" WIDTH="60" VPOS="3069" HPOS="893"/>
<SP HEIGHT="46" WIDTH="40" VPOS="3076" HPOS="954"/>
<String CONTENT="the" HEIGHT="52" WIDTH="95" VPOS="3071" HPOS="995"/>
<SP HEIGHT="55" WIDTH="45" VPOS="3069" HPOS="1091"/>
<String CONTENT="Supreme" HEIGHT="69" WIDTH="276" VPOS="3069" HPOS="1137"/>
<SP HEIGHT="34" WIDTH="42" VPOS="3089" HPOS="1414"/>
<String CONTENT="courts" HEIGHT="48" WIDTH="190" VPOS="3075" HPOS="1457"/>
<SP HEIGHT="35" WIDTH="40" VPOS="3088" HPOS="1648"/>
<String CONTENT="of" HEIGHT="52" WIDTH="65" VPOS="3070" HPOS="1689"/>
<SP HEIGHT="53" WIDTH="38" VPOS="3070" HPOS="1755"/>
<String CONTENT="Arkansas," HEIGHT="67" WIDTH="316" VPOS="3070" HPOS="1794"/>
<SP HEIGHT="65" WIDTH="40" VPOS="3072" HPOS="2111"/>
<String CONTENT="Missouri," HEIGHT="66" WIDTH="291" VPOS="3069" HPOS="2152"/>
</TextLine>
<TextLine HEIGHT="71" WIDTH="1949" VPOS="3148" HPOS="493" STYLEREFS="StyleId-CBE08C55-67C3-4F24-A975-129C1CC9E856-">
<String CONTENT="Tennessee," HEIGHT="67" WIDTH="331" VPOS="3148" HPOS="493"/>
<SP HEIGHT="47" WIDTH="36" VPOS="3168" HPOS="825"/>
<String CONTENT="and" HEIGHT="53" WIDTH="112" VPOS="3149" HPOS="862"/>
<SP HEIGHT="53" WIDTH="36" VPOS="3149" HPOS="975"/>
<String CONTENT="Texas;" HEIGHT="65" WIDTH="213" VPOS="3150" HPOS="1012"/>
<SP HEIGHT="63" WIDTH="41" VPOS="3152" HPOS="1226"/>
<String CONTENT="Courts" HEIGHT="53" WIDTH="208" VPOS="3152" HPOS="1268"/>
<SP HEIGHT="33" WIDTH="34" VPOS="3170" HPOS="1477"/>
<String CONTENT="of" HEIGHT="55" WIDTH="65" VPOS="3148" HPOS="1512"/>
<SP HEIGHT="54" WIDTH="33" VPOS="3148" HPOS="1578"/>
<String CONTENT="appeals" HEIGHT="66" WIDTH="235" VPOS="3152" HPOS="1612"/>
<SP HEIGHT="34" WIDTH="34" VPOS="3169" HPOS="1848"/>
<String CONTENT="of" HEIGHT="54" WIDTH="64" VPOS="3149" HPOS="1883"/>
<SP HEIGHT="53" WIDTH="34" VPOS="3149" HPOS="1948"/>
<String CONTENT="Kentucky" HEIGHT="69" WIDTH="308" VPOS="3150" HPOS="1983"/>
<SP HEIGHT="50" WIDTH="37" VPOS="3169" HPOS="2292"/>
<String CONTENT="and" HEIGHT="51" WIDTH="112" VPOS="3151" HPOS="2330"/>
</TextLine>
<TextLine HEIGHT="133" WIDTH="1924" VPOS="3226" HPOS="493" STYLEREFS="StyleId-CBE08C55-67C3-4F24-A975-129C1CC9E856-" CS="1">
<String CONTENT="Missouri;" HEIGHT="66" WIDTH="303" VPOS="3226" HPOS="493"/>
<SP HEIGHT="63" WIDTH="32" VPOS="3229" HPOS="797"/>
<String CONTENT="Courts" HEIGHT="55" WIDTH="209" VPOS="3229" HPOS="830"/>
<SP HEIGHT="33" WIDTH="26" VPOS="3248" HPOS="1040"/>
<String CONTENT="of" HEIGHT="51" WIDTH="64" VPOS="3230" HPOS="1067"/>
<SP HEIGHT="52" WIDTH="26" VPOS="3230" HPOS="1132"/>
<String CONTENT="civil" HEIGHT="54" WIDTH="134" VPOS="3228" HPOS="1159"/>
<SP HEIGHT="50" WIDTH="26" VPOS="3232" HPOS="1294"/>
<String CONTENT="and" HEIGHT="52" WIDTH="110" VPOS="3230" HPOS="1321"/>
<SP HEIGHT="53" WIDTH="30" VPOS="3230" HPOS="1432"/>
<String CONTENT="criminal" HEIGHT="55" WIDTH="261" VPOS="3228" HPOS="1463"/>
<SP HEIGHT="51" WIDTH="31" VPOS="3231" HPOS="1725"/>
<String CONTENT="appeals" HEIGHT="68" WIDTH="235" VPOS="3230" HPOS="1757"/>
<SP HEIGHT="33" WIDTH="28" VPOS="3248" HPOS="1993"/>
<String CONTENT="and" HEIGHT="52" WIDTH="112" VPOS="3230" HPOS="2022"/>
<SP HEIGHT="55" WIDTH="30" VPOS="3229" HPOS="2135"/>
<String CONTENT="Commission" HEIGHT="129" WIDTH="1923" VPOS="3229" HPOS="494"/>
<SP HEIGHT="33" WIDTH="31" VPOS="3326" HPOS="620"/>
<String CONTENT="of" HEIGHT="51" WIDTH="63" VPOS="3308" HPOS="652"/>
</TextLine>
<TextLine HEIGHT="69" WIDTH="1693" VPOS="3308" HPOS="748" STYLEREFS="StyleId-CBE08C55-67C3-4F24-A975-129C1CC9E856-">
<String CONTENT="appeals" HEIGHT="66" WIDTH="235" VPOS="3309" HPOS="748"/>
<SP HEIGHT="32" WIDTH="31" VPOS="3327" HPOS="984"/>
<String CONTENT="of" HEIGHT="52" WIDTH="63" VPOS="3308" HPOS="1016"/>
<SP HEIGHT="53" WIDTH="31" VPOS="3308" HPOS="1080"/>
<String CONTENT="Texas," HEIGHT="66" WIDTH="203" VPOS="3310" HPOS="1112"/>
<SP HEIGHT="48" WIDTH="32" VPOS="3328" HPOS="1316"/>
<String CONTENT="with" HEIGHT="53" WIDTH="141" VPOS="3308" HPOS="1349"/>
<SP HEIGHT="51" WIDTH="29" VPOS="3309" HPOS="1491"/>
<String CONTENT="key" HEIGHT="68" WIDTH="110" VPOS="3309" HPOS="1521"/>
<SP HEIGHT="49" WIDTH="30" VPOS="3328" HPOS="1632"/>
<String CONTENT="number" HEIGHT="53" WIDTH="239" VPOS="3309" HPOS="1663"/>
<SP HEIGHT="34" WIDTH="33" VPOS="3328" HPOS="1903"/>
<String CONTENT="annotations," HEIGHT="54" WIDTH="380" VPOS="3309" HPOS="1937"/>
<SP HEIGHT="34" WIDTH="71" VPOS="3327" HPOS="2318"/>
<String CONTENT="v." HEIGHT="35" WIDTH="51" VPOS="3327" HPOS="2390"/>
</TextLine>
<TextLine HEIGHT="72" WIDTH="1947" VPOS="3385" HPOS="495" STYLEREFS="StyleId-CBE08C55-67C3-4F24-A975-129C1CC9E856-" CS="1">
<String CONTENT="58" HEIGHT="49" WIDTH="65" VPOS="3388" HPOS="495"/>
<SP HEIGHT="69" WIDTH="45" VPOS="3385" HPOS="561"/>
<String CONTENT="(2d)" HEIGHT="69" WIDTH="128" VPOS="3385" HPOS="607"/>
<SP HEIGHT="68" WIDTH="78" VPOS="3386" HPOS="736"/>
<String CS="1" CONTENT="April-May," HEIGHT="70" WIDTH="373" VPOS="3386" HPOS="815"/>
<SP HEIGHT="65" WIDTH="36" VPOS="3391" HPOS="1189"/>
<String CONTENT="1933." HEIGHT="51" WIDTH="150" VPOS="3391" HPOS="1226"/>
<SP HEIGHT="56" WIDTH="74" VPOS="3387" HPOS="1377"/>
<String CONTENT="St." HEIGHT="56" WIDTH="83" VPOS="3387" HPOS="1452"/>
<SP HEIGHT="51" WIDTH="36" VPOS="3391" HPOS="1536"/>
<String CONTENT="Paul," HEIGHT="66" WIDTH="168" VPOS="3391" HPOS="1573"/>
<SP HEIGHT="66" WIDTH="31" VPOS="3391" HPOS="1742"/>
<String CONTENT="West" HEIGHT="53" WIDTH="161" VPOS="3391" HPOS="1774"/>
<SP HEIGHT="63" WIDTH="33" VPOS="3394" HPOS="1936"/>
<String CONTENT="publishing" HEIGHT="69" WIDTH="338" VPOS="3388" HPOS="1970"/>
<SP HEIGHT="50" WIDTH="35" VPOS="3407" HPOS="2309"/>
<String CONTENT="co.," HEIGHT="50" WIDTH="97" VPOS="3407" HPOS="2345"/>
</TextLine>
<TextLine HEIGHT="51" WIDTH="151" VPOS="3467" HPOS="496" STYLEREFS="StyleId-CBE08C55-67C3-4F24-A975-129C1CC9E856-">
<String CONTENT="1933." HEIGHT="51" WIDTH="151" VPOS="3467" HPOS="496"/>
</TextLine>
<TextLine HEIGHT="50" WIDTH="517" VPOS="3539" HPOS="494" CS="1">
<String CONTENT="xvii," HEIGHT="47" WIDTH="116" VPOS="3539" HPOS="494"/>
<SP/>
<String CONTENT="1209" HEIGHT="39" WIDTH="120" VPOS="3540" HPOS="643"/>
<SP HEIGHT="48" WIDTH="25" VPOS="3541" HPOS="764"/>
<String CONTENT="p." HEIGHT="39" WIDTH="43" VPOS="3550" HPOS="790"/>
<SP HEIGHT="40" WIDTH="58" VPOS="3540" HPOS="834"/>
<String CONTENT="26" HEIGHT="40" WIDTH="60" VPOS="3540" HPOS="893"/>
<String STYLE="superscript" CONTENT="cm" HEIGHT="21" WIDTH="44" VPOS="3543" HPOS="953"/>
<String CONTENT="." HEIGHT="8" WIDTH="8" VPOS="3573" HPOS="1003"/>
</TextLine>
<TextLine HEIGHT="55" WIDTH="1900" VPOS="3592" HPOS="431">
<String CONTENT="&#169;" HEIGHT="52" WIDTH="51" VPOS="3592" HPOS="431"/>
<SP HEIGHT="52" WIDTH="30" VPOS="3592" HPOS="483"/>
<String CONTENT="June" HEIGHT="39" WIDTH="127" VPOS="3597" HPOS="514"/>
<SP HEIGHT="38" WIDTH="26" VPOS="3598" HPOS="642"/>
<String CONTENT="28," HEIGHT="47" WIDTH="69" VPOS="3597" HPOS="669"/>
<SP HEIGHT="46" WIDTH="30" VPOS="3598" HPOS="739"/>
<String CONTENT="1933:" HEIGHT="41" WIDTH="140" VPOS="3597" HPOS="770"/>
<SP HEIGHT="40" WIDTH="30" VPOS="3598" HPOS="911"/>
<String CONTENT="2c." HEIGHT="40" WIDTH="67" VPOS="3598" HPOS="942"/>
<SP HEIGHT="39" WIDTH="30" VPOS="3599" HPOS="1010"/>
<String CONTENT="July" HEIGHT="47" WIDTH="116" VPOS="3599" HPOS="1041"/>
<SP HEIGHT="47" WIDTH="27" VPOS="3599" HPOS="1158"/>
<String CONTENT="24;" HEIGHT="46" WIDTH="82" VPOS="3599" HPOS="1186"/>
<SP HEIGHT="36" WIDTH="33" VPOS="3609" HPOS="1269"/>
<String CONTENT="aff." HEIGHT="40" WIDTH="81" VPOS="3598" HPOS="1303"/>
<SP HEIGHT="39" WIDTH="30" VPOS="3600" HPOS="1385"/>
<String CONTENT="July" HEIGHT="46" WIDTH="117" VPOS="3600" HPOS="1416"/>
<SP HEIGHT="46" WIDTH="27" VPOS="3600" HPOS="1534"/>
<String CONTENT="22;" HEIGHT="45" WIDTH="83" VPOS="3600" HPOS="1562"/>
<SP HEIGHT="46" WIDTH="32" VPOS="3599" HPOS="1646"/>
<!-- cceid 452DE9FD-6CF9-1014-A6CF-A82867D68027 --><String CONTENT="A" HEIGHT="39" WIDTH="42" VPOS="3599" HPOS="1679"/>
<SP HEIGHT="40" WIDTH="28" VPOS="3599" HPOS="1722"/>
<String CONTENT="64459;" HEIGHT="47" WIDTH="171" VPOS="3599" HPOS="1751"/>
<SP HEIGHT="47" WIDTH="32" VPOS="3599" HPOS="1923"/>
<String CONTENT="West" HEIGHT="41" WIDTH="135" VPOS="3599" HPOS="1956"/>
<SP HEIGHT="45" WIDTH="29" VPOS="3602" HPOS="2092"/>
<String CONTENT="pub." HEIGHT="48" WIDTH="110" VPOS="3599" HPOS="2122"/>
<SP HEIGHT="30" WIDTH="29" VPOS="3611" HPOS="2233"/>
<String CONTENT="co." HEIGHT="29" WIDTH="68" VPOS="3610" HPOS="2263"/>
</TextLine>
<TextLine HEIGHT="64" WIDTH="839" VPOS="3716" HPOS="421" STYLEREFS="StyleId-44AF4727-6CB6-46D4-8034-4C4919A8F40F-">
<String CONTENT="Stroud," HEIGHT="64" WIDTH="238" VPOS="3716" HPOS="421"/>
<SP HEIGHT="63" WIDTH="34" VPOS="3717" HPOS="660"/>
<String CONTENT="Robert" HEIGHT="55" WIDTH="223" VPOS="3716" HPOS="695"/>
<SP HEIGHT="53" WIDTH="36" VPOS="3718" HPOS="919"/>
<String CONTENT="Franklin." HEIGHT="57" WIDTH="304" VPOS="3717" HPOS="956"/>
</TextLine>
<TextLine HEIGHT="72" WIDTH="1948" VPOS="3794" HPOS="496" STYLEREFS="StyleId-CBE08C55-67C3-4F24-A975-129C1CC9E856-" CS="1">
<String CONTENT="Diseases" HEIGHT="52" WIDTH="263" VPOS="3794" HPOS="496"/>
<SP HEIGHT="34" WIDTH="33" VPOS="3812" HPOS="760"/>
<String CONTENT="of" HEIGHT="52" WIDTH="65" VPOS="3794" HPOS="794"/>
<SP HEIGHT="53" WIDTH="34" VPOS="3794" HPOS="860"/>
<String CONTENT="canaries," HEIGHT="60" WIDTH="273" VPOS="3797" HPOS="895"/>
<SP HEIGHT="61" WIDTH="34" VPOS="3796" HPOS="1169"/>
<String CONTENT="by" HEIGHT="69" WIDTH="75" VPOS="3796" HPOS="1204"/>
<SP HEIGHT="68" WIDTH="36" VPOS="3797" HPOS="1280"/>
<String CONTENT="Robert" HEIGHT="52" WIDTH="214" VPOS="3796" HPOS="1317"/>
<SP HEIGHT="55" WIDTH="38" VPOS="3796" HPOS="1532"/>
<String CONTENT="Stroud;" HEIGHT="66" WIDTH="243" VPOS="3796" HPOS="1571"/>
<SP HEIGHT="46" WIDTH="39" VPOS="3816" HPOS="1815"/>
<String CONTENT="edited" HEIGHT="54" WIDTH="188" VPOS="3796" HPOS="1855"/>
<SP HEIGHT="53" WIDTH="35" VPOS="3797" HPOS="2044"/>
<String CONTENT="by" HEIGHT="69" WIDTH="75" VPOS="3797" HPOS="2080"/>
<SP HEIGHT="70" WIDTH="35" VPOS="3796" HPOS="2156"/>
<String CONTENT="Herbert" HEIGHT="57" WIDTH="252" VPOS="3794" HPOS="2192"/>
</TextLine>
<TextLine HEIGHT="74" WIDTH="2014" VPOS="3872" HPOS="427" STYLEREFS="StyleId-CBE08C55-67C3-4F24-A975-129C1CC9E856-" CS="1">
<String CONTENT="C." HEIGHT="55" WIDTH="62" VPOS="3874" HPOS="427"/>
<SP HEIGHT="55" WIDTH="32" VPOS="3872" HPOS="490"/>
<String CONTENT="Sanborn" HEIGHT="55" WIDTH="263" VPOS="3872" HPOS="523"/>
<SP HEIGHT="33" WIDTH="32" VPOS="3893" HPOS="787"/>
<String CS="1" CONTENT="&#8230;"/>
<SP HEIGHT="51" WIDTH="69" VPOS="3875" HPOS="876"/>
<String CONTENT="Kansas" HEIGHT="54" WIDTH="228" VPOS="3875" HPOS="946"/>
<SP HEIGHT="54" WIDTH="29" VPOS="3875" HPOS="1175"/>
<String CONTENT="City," HEIGHT="67" WIDTH="153" VPOS="3875" HPOS="1205"/>
<SP HEIGHT="62" WIDTH="26" VPOS="3876" HPOS="1359"/>
<String CONTENT="Mo.," HEIGHT="68" WIDTH="134" VPOS="3876" HPOS="1386"/>
<SP HEIGHT="70" WIDTH="28" VPOS="3874" HPOS="1521"/>
<String CONTENT="Canary" HEIGHT="72" WIDTH="231" VPOS="3874" HPOS="1550"/>
<SP HEIGHT="50" WIDTH="28" VPOS="3896" HPOS="1782"/>
<String CONTENT="publishers" HEIGHT="69" WIDTH="321" VPOS="3876" HPOS="1811"/>
<SP HEIGHT="35" WIDTH="27" VPOS="3896" HPOS="2133"/>
<String CONTENT="co.," HEIGHT="50" WIDTH="98" VPOS="3896" HPOS="2161"/>
<SP HEIGHT="66" WIDTH="29" VPOS="3880" HPOS="2260"/>
<String CONTENT="1933." HEIGHT="51" WIDTH="151" VPOS="3879" HPOS="2290"/>
</TextLine>
<TextLine HEIGHT="51" WIDTH="909" VPOS="3947" HPOS="497" STYLEREFS="StyleId-CBE08C55-67C3-4F24-A975-129C1CC9E856-">
<String CONTENT="xi," HEIGHT="48" WIDTH="62" VPOS="3947" HPOS="497"/>
<SP HEIGHT="47" WIDTH="31" VPOS="3948" HPOS="560"/>
<String CONTENT="3-239" HEIGHT="40" WIDTH="147" VPOS="3948" HPOS="592"/>
<SP HEIGHT="48" WIDTH="28" VPOS="3948" HPOS="740"/>
<String CONTENT="p." HEIGHT="36" WIDTH="42" VPOS="3960" HPOS="769"/>
<SP HEIGHT="40" WIDTH="59" VPOS="3949" HPOS="812"/>
<String CONTENT="illus.," HEIGHT="45" WIDTH="143" VPOS="3949" HPOS="872"/>
<SP HEIGHT="43" WIDTH="32" VPOS="3951" HPOS="1016"/>
<String CONTENT="diagrs." HEIGHT="48" WIDTH="180" VPOS="3950" HPOS="1049"/>
<SP HEIGHT="39" WIDTH="59" VPOS="3952" HPOS="1230"/>
<String CONTENT="22" HEIGHT="38" WIDTH="55" VPOS="3952" HPOS="1290"/>
<String STYLE="superscript" CONTENT="cm" HEIGHT="21" WIDTH="43" VPOS="3953" HPOS="1349"/>
<String CONTENT="." HEIGHT="7" WIDTH="7" VPOS="3981" HPOS="1399"/>
</TextLine>
<TextLine HEIGHT="55" WIDTH="1130" VPOS="4000" HPOS="430" CS="1">
<String CONTENT="&#169;" HEIGHT="53" WIDTH="52" VPOS="4000" HPOS="430"/>
<SP HEIGHT="53" WIDTH="24" VPOS="4000" HPOS="483"/>
<String CONTENT="Apr." HEIGHT="47" WIDTH="111" VPOS="4006" HPOS="508"/>
<SP HEIGHT="38" WIDTH="25" VPOS="4007" HPOS="620"/>
<String CONTENT="18." HEIGHT="41" WIDTH="66" VPOS="4006" HPOS="646"/>
<SP HEIGHT="39" WIDTH="25" VPOS="4008" HPOS="713"/>
<String CONTENT="1933;" HEIGHT="47" WIDTH="141" VPOS="4007" HPOS="739"/>
<SP HEIGHT="45" WIDTH="24" VPOS="4009" HPOS="881"/>
<String CONTENT="2c." HEIGHT="39" WIDTH="67" VPOS="4009" HPOS="906"/>
<SP HEIGHT="38" WIDTH="26" VPOS="4009" HPOS="974"/>
<String CONTENT="May" HEIGHT="46" WIDTH="113" VPOS="4009" HPOS="1001"/>
<SP HEIGHT="46" WIDTH="23" VPOS="4009" HPOS="1115"/>
<String CONTENT="12;" HEIGHT="46" WIDTH="81" VPOS="4009" HPOS="1139"/>
<SP HEIGHT="36" WIDTH="27" VPOS="4019" HPOS="1221"/>
<String CONTENT="aff." HEIGHT="42" WIDTH="81" VPOS="4009" HPOS="1249"/>
<SP HEIGHT="42" WIDTH="25" VPOS="4009" HPOS="1331"/>
<String CONTENT="June" HEIGHT="40" WIDTH="126" VPOS="4009" HPOS="1357"/>
<SP HEIGHT="40" WIDTH="22" VPOS="4009" HPOS="1484"/>
<String CONTENT="9;" HEIGHT="46" WIDTH="53" VPOS="4009" HPOS="1507"/>
</TextLine>
<TextLine HEIGHT="105" WIDTH="1927" VPOS="4009" HPOS="498" CS="1">
<!-- cceid 452E606D-6CF9-1014-A6CF-A82867D68027 --><String CONTENT="A" HEIGHT="38" WIDTH="38" VPOS="4010" HPOS="1589"/>
<SP HEIGHT="38" WIDTH="25" VPOS="4010" HPOS="1628"/>
<String CONTENT="62936;" HEIGHT="48" WIDTH="170" VPOS="4009" HPOS="1654"/>
<SP HEIGHT="46" WIDTH="28" VPOS="4011" HPOS="1825"/>
<String CONTENT="R." HEIGHT="40" WIDTH="54" VPOS="4011" HPOS="1854"/>
<SP HEIGHT="40" WIDTH="25" VPOS="4011" HPOS="1909"/>
<String CONTENT="F." HEIGHT="40" WIDTH="50" VPOS="4011" HPOS="1935"/>
<SP HEIGHT="40" WIDTH="28" VPOS="4012" HPOS="1986"/>
<String CONTENT="Stroud," HEIGHT="43" WIDTH="192" VPOS="4012" HPOS="2015"/>
<SP HEIGHT="44" WIDTH="25" VPOS="4011" HPOS="2208"/>
<String CONTENT="Leavenworth," HEIGHT="100" WIDTH="1927" VPOS="4011" HPOS="498"/>
<SP HEIGHT="46" WIDTH="32" VPOS="4065" HPOS="670"/>
<String CONTENT="Kan." HEIGHT="40" WIDTH="123" VPOS="4065" HPOS="703"/>
<SP HEIGHT="44" WIDTH="70" VPOS="4064" HPOS="827"/>
<String CONTENT="(33-16072)" HEIGHT="50" WIDTH="283" VPOS="4064" HPOS="898"/>
</TextLine>
</TextBlock>
</PrintSpace>
</Page>
</Layout>
</alto>