2582 4453
1336 4170 133 51 1806

472 565 304 48 ‘'Sponsored
804 566 60 47 by
893 567 81 40 the
1002 566 274 42 California
1304 570 129 37 state
1459 566 285 41 conference
1771 567 52 40 of
1849 567 82 40 the
1960 565 230 41 National
2222 566 196 48 society,

404 622 276 48 Daughters
712 624 50 39 of
795 624 80 39 the
905 623 260 41 American
1197 623 318 41 revolution.”

476 679 145 41 “This
664 680 134 39 work
840 681 41 40 is
926 691 27 30 a
996 680 340 41 continuation
1380 682 51 39 of
1474 680 220 42 Historic
1737 685 133 44 spots
1915 681 47 39 in
2009 680 288 46 California,
2344 681 78 38 the

399 738 234 40 southern
665 738 234 46 counties,
930 737 257 49 published
1218 737 50 40 in
1299 736 354 43 1932.”—Pref.

471 794 264 41 “Sources”
769 798 52 37 at
853 796 93 39 end
979 795 52 40 of
1064 794 297 50 description
1397 795 51 40 of
1484 795 119 42 each
1637 797 194 46 county.

405 861 52 52 ©
491 867 111 39 Dec.
634 866 69 46 20,
736 866 112 40 1933
868 877 8 30 ;
911 867 67 39 2c.
1011 867 111 39 Dec.
1155 866 83 47 29;
1274 867 81 39 aff.
1389 867 112 40 Dec.
1534 866 81 47 26;
1651 867 40 38 A
1723 866 171 46 67767;
1930 866 162 39 Board
2127 866 51 39 of
2210 868 213 37 trustees

477 923 52 38 of
561 925 83 38 the
677 924 183 39 Leland
898 923 236 41 Stanford
1169 924 165 47 junior
1369 924 145 47 univ.,
1554 924 235 40 Stanford
1826 923 298 48 University,
2161 921 145 43 Calif.

482 980 222 48 (34-260)

403 1080 319 69 Robinson,
749 1085 222 63 Joseph
999 1085 146 63 Joel,
1177 1087 170 50 1882-

475 1161 220 70 Saving
724 1170 158 47 taxes
914 1163 57 53 in
1003 1162 268 69 drafting
1301 1164 148 53 wills
1479 1165 113 52 and
1623 1170 194 50 trusts,
1847 1162 328 68 embracing
403 1162 1983 138 inheritance,
639 1247 193 53 estate,
894 1242 233 58 income,
1184 1240 118 71 gift
1362 1243 113 53 and
1533 1247 188 64 stamp
1780 1248 174 48 taxes.
2031 1240 71 54 2d
2164 1242 82 54 ed.
2325 1242 86 67 By

401 1321 2013 67 Joseph J. Robinson … Kansas City, Vernon law book co.,
404 1402 149 50 1933.

474 1473 131 44 xxvi,
634 1474 84 40 778
747 1484 41 37 p.
851 1473 55 40 23½
939 1477 43 20 cm
989 1507 8 7 .

402 1528 52 52 ©
482 1532 119 40 Nov.
629 1532 68 42 23,
726 1532 141 42 1933:
898 1534 65 37 2c.
994 1534 96 38 and
1118 1532 82 40 aff.
1231 1534 110 38 Dec.
1371 1532 82 47 26;
1485 1532 38 39 A
1553 1532 170 41 67699:
1756 1533 42 39 J.
1829 1532 43 40 .T.
1902 1531 262 40 Robinson.
2195 1531 223 47 Chicago.

479 1590 224 47 (34-202)

424 1693 245 65 [Roston,
703 1694 275 67 Jacques]

399 1768 2016 141 Sonodisc language course. French. Bk. 1, record l. lesson 1—bk. 10, record 10, lesson 40 … London. Sonodisc,
398 1930 315 67 ltd. [ c 1933]
469 2004 59 40 10
556 2016 42 29 v.
688 2006 27 39 17½
747 2007 43 21 cm
798 2038 7 7 .

400 2057 2017 54 © 1c. each Nov. 28. 1933: A ad int. 18397: pubd. Nov. 1; Sonodisc, ltd.
400 2182 422 65 Schumacher,
852 2184 145 52 Karl
1028 2200 133 39 von.

469 2257 203 56 Cook’s
695 2265 128 47 tour
848 2260 63 52 of
935 2260 307 67 European
1270 2259 287 66 kitchens;
1585 2260 95 54 the
1706 2259 121 55 best
1852 2258 350 54 continental
2227 2257 187 56 dishes

401 2338 184 54 suited
626 2345 57 46 to
722 2356 69 34 an
834 2338 245 69 English
1119 2339 150 52 table
1313 2338 110 70 [by]
1468 2339 73 51 K.
1583 2340 112 52 and
1733 2338 79 52 M.
1852 2356 108 35 von
2001 2336 412 68 Schumacher;

400 2417 250 68 adapted
688 2418 73 69 by
798 2418 64 52 P.
901 2419 113 52 and
1051 2418 62 51 L.
1155 2416 247 56 Grattan
1442 2418 301 53 Esmonde.
1818 2418 258 67 London,
2114 2416 211 56 Chatto
2363 2419 51 51 &

397 2495 246 55 Windus
724 2500 153 65 [c1933]

469 2580 42 34 v,
549 2568 98 48 190,
686 2570 54 49 [1]
778 2580 42 38 p.
885 2568 55 41 19½
973 2572 44 21 cm
1023 2604 9 7 .

401 2627 2001 166 © 1c. Nov. 24, 1933 ; A ad int. 18458; pubd. Sept. 28: Karl von Schumacher, Zurich. Switzerland, and Madeline von Wolff von Schumacher. Parley. England. (34-789)
396 2844 249 68 Sohrab,
673 2849 187 53 Mirza
891 2848 256 64 Ahmad,
1180 2853 172 50 1891-

465 2926 215 69 Living
717 2928 249 67 pictures
1000 2929 56 52 in
1095 2929 93 53 the
1224 2934 161 64 great
1422 2930 198 52 drama
1658 2929 64 53 of
1754 2930 95 52 the
1887 2930 130 52 19th
2053 2931 255 67 century,
2340 2929 75 69 by

395 3006 183 52 Mirza
623 3007 233 53 Ahmad
902 3006 223 56 Sohrab
1170 3009 112 52 and
1325 3008 157 55 Julie
1528 3007 266 56 Chanler.
1870 3009 139 53 New
2053 3009 181 66 York,
2276 3008 136 52 New

394 3084 224 69 history
651 3084 365 60 foundation,
1049 3093 17 21 c
1072 3090 151 49 1933.

466 3158 69 48 95,
569 3179 54 30 [1]
655 3170 42 38 p.
726 3159 111 41 incl.
866 3160 143 46 illus.,
1040 3164 163 44 ports.,
1234 3171 124 38 map.
1419 3161 56 39 24
1480 3163 43 21 cm
1529 3193 8 9 .

469 3217 189 42 “Books
688 3218 51 40 of
768 3217 277 41 reference”
1066 3229 9 29 :
1107 3229 41 38 p.
1178 3219 40 39 5.

401 3271 51 52 ©
480 3277 118 39 Nov.
626 3276 68 40 15,
722 3275 141 43 1933;
893 3275 67 42 2c.
988 3277 117 38 Nov.
1135 3277 81 40 23:
1248 3276 80 40 aff.
1359 3278 110 38 Dec.
1499 3277 51 41 9:
1581 3278 40 38 A
1649 3277 171 41 68484:
1851 3279 117 38 New
1997 3276 190 41 historv
468 3277 1929 96 foundation.
655 3334 223 47 (34-264)

398 3434 237 67 Steane,
667 3439 165 53 Jules
864 3439 224 63 Henry,
1123 3442 172 50 1884-

466 3514 153 56 “Out
662 3514 64 52 of
767 3515 93 53 the
904 3516 215 55 ashes”,
1160 3517 74 66 by
1276 3517 54 51 J.
1375 3517 76 52 H.
1498 3515 222 57 Steane.
1798 3516 429 69 Philadelphia.
2268 3517 142 52 Dor-

396 3596 917 67 rance & company, inc. [ c1 933]
466 3667 87 41 160
585 3679 43 38 p.
690 3668 58 41 19½
778 3672 44 21 cm
827 3703 8 7 .

399 3721 51 54 ©
484 3726 102 43 Oct.
618 3728 39 43 5,
691 3727 140 49 1933;
866 3730 66 38 2c.
967 3729 110 39 Dec.
1112 3730 51 39 7:
1199 3728 81 41 aff.
1314 3729 110 40 Dec.
1459 3730 82 41 13;
1578 3729 38 40 A
1650 3729 170 42 67507:
1858 3730 249 40 Dorrance
2140 3730 37 40 &
2208 3739 80 32 co.,
2325 3728 89 40 inc.

480 3785 222 42 (34-220)

398 3882 299 69 Steeman,
724 3889 297 55 Stanislas
1048 3890 221 64 Andre,
1299 3893 171 50 1895-

469 3965 313 55 L’assassiné
850 3968 294 55 assassiné.
1180 3988 105 48 par
1320 3968 482 56 Stanislas-André
1871 3969 283 56 Steeman.
2228 3968 186 66 Paris,

401 4043 284 56 Librairie
718 4046 96 53 des
847 4046 518 69 Champs-Elysées
1402 4081 11 34 [
1420 4054 17 21 c
1444 4051 152 63 1933]
