2540 4453
1151 4123 102 55 317

181 468 273 65 Sigerist,
483 470 207 61 Henry
721 468 203 62 Ernst,
957 468 170 52 1891-

252 546 207 55 Grosse
488 548 153 50 ärzte
659 563 11 48 ;
701 545 122 52 eine
851 541 320 72 geschichte
1201 542 100 53 der
1327 539 310 56 heilkunde
1665 540 61 52 in
1753 537 435 68 lebensbildern,

182 614 2006 80 von dr. med Henry E. Sigerist … Mit 68 bildern. München,
182 705 55 53 J.
269 706 64 50 F.
362 703 325 54 Lehmanns
718 702 214 67 verlag,
965 702 149 53 1932.

255 778 88 40 310
369 788 44 37 p.
466 776 166 49 front.,
661 775 144 47 illus.,
833 777 150 46 ports.
1041 773 54 41 23
1099 775 44 21 cm
1149 804 8 8 .

258 830 306 44 “Literatur”:
624 843 43 37 p.
700 831 249 50 [295]-310.

191 881 2002 63 © Oct. 27, 1931; 1c. Feb. 1, 1982; A-Foreign 16055; J. F. Lehmanns
259 950 178 44 verlag.
509 946 65 48 (A
590 945 200 44 32-210)

186 1034 153 67 Sipe,
373 1034 250 59 Chester
654 1036 166 64 Hale,
855 1040 171 52 1880-

257 1115 144 52 Fort
432 1113 275 70 Ligonier
741 1114 113 53 and
891 1114 74 53 its
998 1112 195 68 times;
1233 1132 31 34 a
1299 1112 222 71 history
1557 1112 64 54 of
1656 1113 97 53 the
1785 1112 128 54 first
1945 1111 250 71 English

189 1192 123 53 fort
335 1196 138 49 west
499 1190 65 54 of
590 1191 96 53 the
713 1191 325 69 Allegheny
1063 1191 330 53 mountains
1420 1190 113 55 and
1562 1210 73 33 an
1663 1196 240 48 account
1929 1188 66 56 of
2020 1208 175 52 many

189 1269 284 70 thrilling,
499 1268 203 72 tragic,
730 1269 298 68 romantic,
1057 1269 318 68 important
1403 1269 103 54 but
1533 1268 151 54 little
1711 1268 209 54 known
1949 1268 244 54 colonial

188 1349 114 51 and
348 1347 429 69 revolutionary
824 1353 193 47 events
1063 1346 59 53 in
1170 1347 96 53 the
1312 1346 198 71 region
1558 1348 186 52 where
1790 1348 96 52 the
1935 1346 261 70 winning

190 1424 64 54 of
295 1426 96 52 the
433 1425 161 54 West
636 1424 200 70 began.
918 1424 187 55 Based
1153 1424 306 70 primarily
1506 1443 73 35 on
1625 1426 96 52 the
1767 1424 427 70 Pennsylvania

190 1499 1944 75 archives and colonial records. 1st ed. By C. Hale Sipe …
191 1582 116 52 For
329 1582 236 67 schools,
590 1580 258 70 colleges,
872 1579 264 56 libraries
1162 1581 113 53 and
1301 1581 186 54 lovers
1513 1580 65 55 of
1603 1579 375 57 informative
191 1578 1979 138 literature.

399 1657 379 71 Harrisburg,
806 1658 122 70 Pa.,
956 1659 122 53 The
1107 1657 325 71 Telegraph
1465 1676 175 53 press,
1673 1662 151 51 1932.

261 1727 1848 58 2 p. l., vii-xiii p., 1 l., 699 p. plates, ports., plans, facsim. 20½cm.
199 1787 52 53 ©
281 1793 121 38 Mar.
431 1791 68 40 10.
529 1790 141 48 1933;
700 1791 66 40 2c.
797 1793 95 38 and
922 1791 82 40 aff.
1035 1792 121 42 Mar.
1186 1792 81 46 13;
1299 1793 41 38 A
1368 1791 170 48 59832;
1571 1793 49 40 C.
1651 1794 60 39 H.
1744 1792 124 49 Sipe,
1899 1791 186 48 Butler,
2117 1793 82 40 Pa.

275 1848 251 49 (33-6588)

193 1951 215 66 Smith,
438 1952 226 55 Helena
693 1952 400 67 Huntington.

262 2029 263 54 Damned
561 2029 53 53 if
648 2030 136 68 they
820 2031 88 68 do,
945 2050 30 33 a
1010 2030 183 69 novel,
1227 2032 77 67 by
1339 2029 223 56 Helena
1596 2030 375 71 Huntington
2009 2030 190 56 Smith

254 2107 1410 73 … New York, W. Morrow & company, 1933.
266 2180 620 51 6 p. l., 3-341 p. 19½ cm .
200 2234 2001 58 © Mar. 15, 1933; 2c. and aff. Mar. 17; A 59956; H. H. Smith, New York.
279 2295 249 48 (33-6478)

192 2396 190 68 Snow,
416 2399 248 55 Charles
692 2400 248 66 Horace,
975 2402 170 55 1877-

266 2476 207 53 Tamer
501 2475 66 54 of
590 2475 113 55 bad
729 2496 147 50 men,
903 2478 76 70 by
1010 2477 238 56 Charles
1276 2480 78 53 H.
1387 2478 187 58 Snow.
1642 2481 259 69 London,
1932 2482 56 56 J.
2018 2483 182 69 Long,

195 2552 223 56 limited
472 2556 153 67 [1932]

265 2625 613 51 2 p. l., 9-287 p. 19½ cm .
204 2679 1999 61 © 1c. Mar. 15, 1933; A ad int. 17553; pubd. Jan. 20; C. H. Snow, Napa,
271 2742 143 40 Calif.
487 2741 250 50 (33-7195)

198 2842 188 55 South
428 2843 237 57 Dakota
707 2848 113 51 and
860 2848 189 54 North
1092 2855 239 47 western
1373 2851 205 69 digest,
1618 2853 271 69 covering
1931 2854 76 53 all
2049 2873 153 36 cases

268 2925 265 65 reported
566 2923 63 54 in
666 2924 183 55 South
886 2926 229 54 Dakota
1151 2934 240 62 reports,
1426 2930 188 54 North
1651 2938 239 46 western
1924 2939 276 64 reporter,

269 3002 113 51 and
414 3002 77 52 all
519 3002 63 53 of
610 3003 95 54 the
734 3006 172 52 north
937 3011 240 49 western
1206 3014 173 47 states
1410 3015 222 62 reports
1664 3010 153 52 from
1847 3013 95 53 the
1971 3014 229 54 earliest

268 3079 181 69 times,
487 3081 140 53 with
666 3089 231 48 current
933 3085 345 54 cumulative
1316 3087 203 69 pocket
1555 3089 212 54 service
1802 3090 247 71 keeping
2083 3093 118 53 this

268 3157 1908 137 digest always to date … Compiled and edited by the publisher’s
513 3238 267 55 editorial
807 3240 136 55 staff.
1033 3261 51 37 v.
1110 3248 188 49 24-26.
1376 3246 83 54 St.
1489 3247 164 69 Paul,
1679 3250 159 54 West
1865 3250 337 73 publishing

269 3334 81 35 co.
385 3350 13 33 [
404 3322 18 21 c
427 3319 133 50 1933
565 3350 14 34 ]

273 3390 28 42 3
328 3400 41 29 v.
427 3389 57 40 26
486 3392 45 21 cm
535 3420 8 9 .

553 3457 105 31 CONTENTS.—v.
706 3447 74 43 24.
827 3450 485 50 Liens-Marshaling
1358 3457 156 40 assets
1564 3459 95 39 and
1707 3459 375 43 securities.—v.
2132 3462 73 43 25.

207 3502 185 39 Master
423 3504 94 38 and
550 3507 318 40 servant.—v.
903 3507 71 42 26.
1010 3508 484 51 Mayhem-Motions.

206 3567 42 31 v.
273 3557 69 48 24,
367 3557 69 49 25,
465 3555 51 52 ©
543 3560 109 41 Feb.
680 3562 68 46 14,
776 3563 140 47 1933;
946 3577 41 28 v.
1014 3565 68 49 26,
1113 3562 56 52 ©
1193 3567 111 41 Feb.
1331 3568 83 46 20;
1442 3569 67 41 2c.
1537 3570 117 41 each
1683 3572 121 42 Mar.
1832 3574 82 46 10;
1945 3574 108 42 affs.
2082 3578 121 39 Mar.

280 3615 80 46 13;
393 3616 39 39 A
463 3616 319 43 59838-59840;
843 3621 133 41 West
1007 3623 107 48 pub.
1149 3633 66 31 co.

205 3718 429 57 Southeastern
665 3727 287 61 reporter.

274 3796 355 70 Temporary
665 3800 184 55 South
882 3810 219 47 eastern
1137 3805 187 68 digest
1357 3807 64 52 of
1454 3809 252 55 volumes
1742 3816 237 53 156-165
2020 3817 182 56 South

205 3880 220 47 eastern
458 3884 273 62 reporter,
763 3880 139 53 with
936 3883 151 54 table
1119 3885 62 51 of
1214 3904 150 37 cases
1395 3887 275 70 digested,
1701 3892 77 69 by
1809 3895 95 53 the
1936 3895 266 56 editorial

204 3950 1973 156 staff of the American digest system … St. Paul, West publishing co., 1933.
