2540 4453
1146 4121 101 43 289

213 479 254 65 Altholz,
494 478 341 55 Nathaniel.

282 556 242 52 Modern
547 554 395 69 bookkeeping
965 555 266 68 practice,
1253 554 287 68 first-year
1565 573 209 48 course,
1798 555 76 66 by
1897 553 309 53 Nathaniel

213 631 1994 69 Altholz … and Anthony W. Klein … Chicago, New York,
211 711 190 69 Lyons
429 713 112 51 and
569 710 307 56 Carnahan
909 743 12 34 [
925 716 20 21 c
951 713 152 63 1932]

285 784 63 48 vi,
373 784 86 40 442
485 796 43 37 p.
557 784 108 41 incl.
694 783 193 49 diagrs.,
915 782 167 41 forms.
1142 782 56 38 22½
1231 785 44 20 cm
1279 815 8 8 .

216 852 52 52 ©
308 857 127 47 Sept.
472 856 68 46 15,
578 854 140 48 1932;
757 855 68 40 2c.
863 854 108 40 Feb.
1010 854 68 46 15,
1116 853 113 40 1933;
1298 853 81 40 aff.
1419 854 111 40 Feb.
1568 855 81 46 11;
1689 855 40 38 A
1767 853 169 48 59506;
1978 854 158 46 Lyons
2174 857 36 39 &

283 913 261 40 Carnahan.
639 907 52 52 [©
726 923 106 28 new
857 912 187 38 matter
1079 911 36 39 &
1151 909 250 50 revisions]
1474 911 250 49 (33-4458)

211 1001 316 55 American
556 1000 418 67 geographical
1002 1000 227 65 society
1257 1001 63 53 of
1349 1001 146 52 New
1524 1000 180 57 York.

343 1079 1865 69 … New England’s prospect: 1933, by James Truslow Adams,
211 1157 1995 70 Henry S. Graves, Edward A. Filene … [and others] New
212 1237 178 68 York,
420 1235 304 55 American
756 1235 404 69 geographical
1191 1235 227 67 society.
1452 1239 149 50 1933.

281 1311 86 39 viii
406 1321 56 37 p.,
501 1311 24 38 1
587 1341 23 16 l.,
649 1310 84 39 502
772 1320 42 37 p.
875 1310 128 38 illus.
1033 1309 183 47 (maps)
1265 1309 179 46 diags.
1505 1308 56 39 26
1563 1311 43 21 cm
1612 1340 10 10 .
1691 1309 96 47 (Its
1830 1308 187 48 Special
212 1310 1977 99 publication
400 1378 73 31 no.
504 1368 68 47 16,
601 1368 71 40 ed.
701 1368 60 46 by
789 1368 44 39 J.
862 1368 59 40 K.
950 1366 217 48 Wright)

283 1437 371 49 “Biographical
682 1441 136 37 notes
848 1437 287 48 concerning
1163 1439 80 38 the
1273 1437 260 40 authors”:
1564 1449 43 37 p.
1634 1438 217 40 476-481.

283 1495 219 49 “Notes”,
533 1495 281 48 containing
843 1495 350 47 bibliography,
1224 1498 52 37 at
1305 1496 92 38 end
1427 1495 51 39 of
1510 1498 123 36 most
1664 1495 50 39 of
1747 1497 79 38 the
1857 1497 239 46 chapters.

214 1565 52 52 ©
308 1570 109 40 Jan.
457 1569 40 47 6,
538 1567 140 47 1933;
720 1567 68 41 2c.
831 1568 110 40 Jan.
981 1568 82 46 23;
1108 1567 79 39 aff.
1233 1567 110 40 Feb.
1386 1568 81 44 13;
1512 1567 40 39 A
1594 1567 169 47 59420;
1808 1568 256 39 American
281 1579 1909 95 geographical
559 1625 181 47 society
767 1625 51 39 of
843 1625 117 39 New
986 1625 143 39 York.
1204 1625 250 49 (33-4573)

209 1714 329 68 Anderson,
569 1714 253 56 Melville
849 1715 164 66 Best,
1045 1721 171 50 1851-

279 1795 120 52 The
429 1795 119 53 fate
580 1794 64 53 of
730 1793 135 70 Virgil
894 1813 60 34 as
982 1795 297 53 conceived
1307 1795 76 68 by
1411 1796 218 67 Dante;
1661 1813 31 34 a
1724 1796 263 67 dialogue
2019 1796 63 52 of
2112 1798 94 50 the

209 1873 144 54 dead
386 1875 111 51 and
527 1874 96 52 the
654 1873 186 68 living
868 1874 250 52 between
1148 1874 222 54 Walter
1403 1873 222 68 Savage
1656 1875 232 51 Landor
1920 1876 111 51 and
208 1875 1974 130 Willard
396 1951 187 67 Fiske,
643 1952 76 67 by
777 1950 255 54 Melville
1095 1954 138 51 Best
1292 1952 319 52 Anderson.
1705 1951 114 56 San
1885 1953 320 68 Francisco,

209 2029 241 55 Printed
479 2031 74 54 by
578 2032 55 54 J.
663 2031 77 52 H.
770 2031 176 67 Nash,
978 2033 148 50 1931.

281 2115 41 36 v,
354 2103 68 48 19,
457 2123 10 30 [1]
543 2114 42 37 p.
648 2103 146 42 32½cm.

279 2174 125 39 Title
435 2172 173 41 within
637 2175 303 38 ornamental
969 2174 188 39 border.

282 2230 92 41 “Of
399 2229 98 42 this
522 2232 122 39 book
673 2233 134 38 three
834 2231 222 40 hundred
1082 2232 96 38 and
1204 2230 110 48 fifty
1341 2230 157 47 copies
1526 2241 124 29 were
1679 2230 204 48 printed.
1944 2231 118 42 This
2089 2244 113 35 copy

210 2287 42 41 is
281 2288 202 40 number
511 2287 100 41 49.”

282 2343 144 42 “This
465 2345 242 47 imagined
748 2345 337 40 conversation
1126 2354 100 31 was
1267 2345 193 40 written
1500 2346 48 38 in
1589 2355 225 38 response
1856 2348 48 37 to
1943 2357 26 29 a
2014 2351 188 44 request

208 2401 129 41 from
365 2403 82 39 the
475 2402 247 49 president
752 2403 52 39 of
833 2401 131 41 Mills
995 2403 177 45 college
1204 2402 79 39 for
1313 2412 127 30 some
1472 2402 326 41 contribution
1829 2407 48 36 to
1908 2405 79 38 the
209 2405 1978 96 observance
359 2462 51 39 of
441 2462 83 39 the
556 2460 417 42 two-thousandth
1005 2460 320 48 anniversary
1358 2460 51 40 of
1442 2462 81 39 the
1556 2460 130 42 birth
1721 2460 51 41 of
209 2460 1979 100 Virgil.”—Foreword.

213 2586 52 52 ©
293 2590 113 41 Dec.
435 2590 38 48 1,
503 2589 139 47 1932;
673 2589 68 40 2c.
771 2589 109 39 Feb.
910 2589 40 47 2,
980 2588 141 43 1933:
1153 2589 82 41 aff.
1266 2590 111 40 Feb.
1405 2590 52 47 3;
1491 2589 39 40 A
1560 2590 170 48 59267;
1763 2592 42 39 J.
1836 2592 61 40 H.
1927 2591 148 48 Nash,
2109 2592 95 40 San

281 2647 274 41 Francisco.
625 2646 250 47 (33-5940)

209 2734 379 67 Armstrong,
619 2735 224 55 Martin
872 2734 417 68 Donisthorpe,
1322 2741 171 50 1882-

278 2815 228 53 Lover’s
540 2816 145 66 leap,
717 2834 30 33 a
780 2820 159 62 story
969 2815 59 52 in
1061 2816 157 52 three
1250 2813 201 69 voices,
1482 2816 73 66 by
1587 2815 221 53 Martin
1840 2819 362 67 Armstrong.

208 2892 1568 69 New York, Harcourt, Brace and company [ c 1933]
277 2965 619 49 4 p. l., 3-263 p. 19½cm.
281 3037 162 41 “First
472 3037 226 41 edition.”

215 3106 52 52 ©
298 3110 109 39 Feb.
438 3109 69 49 23,
537 3108 140 48 1933;
709 3107 68 42 2c.
807 3110 96 38 and
933 3108 82 41 aff.
1047 3109 111 41 Feb.
1189 3108 82 47 27;
1305 3109 39 38 A
1376 3108 169 46 60420;
1581 3109 62 40 M.
1677 3110 55 40 D.
1766 3110 300 47 Armstrong,
279 3112 1909 103 Pulborough,
540 3167 193 47 Sussex,
764 3167 235 45 England.
1071 3166 249 49 (33-4991)

205 3258 212 65 Ayres,
446 3259 175 64 Ruby
648 3257 269 65 Mildred,
949 3262 171 50 1883-

275 3336 308 69 Changing
612 3336 175 68 pilots
824 3336 109 67 [by]
971 3336 170 67 Ruby
1170 3338 77 50 M.
1282 3336 200 67 Ayres.
1556 3334 233 55 Garden
1824 3337 152 69 City,
2006 3340 71 52 N.
2112 3342 89 65 Y.,

203 3416 356 65 Doubleday,
588 3416 198 51 Doran
815 3419 46 49 &
888 3432 297 50 company,
1215 3412 126 69 inc.,
1373 3416 149 49 1932.

281 3487 551 49 5 p. l., 306 p. 19½cm.
211 3559 52 52 ©
292 3564 77 37 May
431 3562 38 45 5,
498 3558 139 46 1933;
667 3558 67 41 2c.
762 3560 113 45 May
901 3558 82 46 25;
1014 3556 82 42 aff.
1125 3558 111 39 Feb.
1264 3556 54 40 23;
1377 3557 41 38 A
1445 3556 141 41 59903;
1646 3558 298 49 Doubleday,
1975 3561 165 41 Doran
2170 3564 35 40 &

282 3630 80 35 co.,
389 3618 90 39 inc.
550 3615 292 49 (32-22212).

208 3721 137 63 Bac,
377 3719 333 54 Ferdinand
739 3716 343 65 Sigismund
1113 3715 179 62 Bach,
1322 3715 209 52 known
1557 3733 61 35 as
1647 3716 352 69 Ferdinand,
2036 3728 167 48 1859-

337 3790 1843 74 … Le prince Napoleon. Paris, Editions des portiques [ c 1932]
276 3865 789 54 2 p. l., [7]-249 p., 2 l. 22½ cm .
275 3929 65 40 At
363 3929 124 39 head
515 3926 52 40 of
591 3925 135 41 title:
756 3923 280 41 Ferdinand
1064 3921 112 40 Bac.

211 3998 52 52 ©
303 4001 115 47 July
456 3999 69 41 15.
565 3997 139 46 1932;
806 4027 8 8 1c.
854 3995 109 39 Feb.
1005 3993 67 42 10,
1114 3991 139 45 1933;
1296 3992 309 48 A-Foreign
1644 3993 169 51 19711;
1859 3999 221 43 Editions
2122 4004 82 39 des

311 4051 548 43 p ortiques. (33-6920)
