2575 4405
1081 4039 98 53 147

124 410 305 69 [Clemens,
460 408 235 55 Samuel
725 407 375 66 Langhorne]
1138 410 325 50 1835-1910.

188 489 120 53 The
365 486 338 53 adventures
759 483 66 54 of
877 482 399 68 Huckleberry
1332 482 171 66 Finn,
1557 479 76 70 by
1688 480 172 53 Mark
1915 479 201 62 Twain

124 567 196 68 [pseud.]
392 564 140 53 with
564 564 94 52 the
692 562 249 69 original
973 560 380 54 illustrations
1384 561 75 68 by
1491 560 68 53 E.
1590 559 90 55 W.
1714 558 259 70 Kemble,
2005 560 113 53 and

119 665 31 33 a
192 663 122 35 new
357 642 390 54 introduction
788 642 77 68 by
908 640 188 53 Booth
1138 638 378 69 Tarkington.
1591 639 139 53 New
1774 638 181 70 York,
1997 639 121 55 The

118 723 249 53 Limited
395 721 243 54 editions
666 719 146 69 club,
842 722 151 50 1933.

142 805 1014 54 494 p., 1 l. incl. front., illus. 24½ cm .
191 874 1874 51 “For this edition the text of the first printing has been followed …
119 932 2000 52 fifteen hundred copies have been printed … designed by Carl Purington
121 995 187 43 Rollins
352 999 50 37 at
447 994 82 41 the
573 992 368 50 printing-office
985 992 52 40 of
1082 990 80 42 the
1206 990 119 42 Yale
1371 989 269 50 university
1684 1000 150 38 press.
1906 990 214 41 Number

119 1053 253 49 copyright
399 1051 161 49 copy.”
624 1051 176 48 Signed
829 1050 114 41 Carl
970 1049 51 42 P.
1049 1047 204 43 Rollins.

123 1120 52 52 ©
201 1125 109 39 Jan.
337 1124 69 47 20,
431 1122 113 42 1933;
599 1123 67 39 2c.
692 1123 95 39 and
815 1121 82 41 aff.
924 1122 111 40 Feb.
1061 1121 53 47 6;
1142 1121 40 39 A
1208 1120 170 49 59308;
1407 1121 208 40 Limited
1642 1120 209 42 editions
1878 1121 122 47 club,
2029 1121 91 40 inc.

213 1177 51 52 [©
294 1179 344 49 introduction]
711 1178 251 48 (33-4184)

122 1282 242 66 Clifton,
390 1283 154 55 John
574 1284 210 63 Leroy,
815 1287 169 50 1881-

191 1359 1867 70 Ten famous American educators, by John L. Clifton …
122 1439 1459 68 Columbus, O., R. G. Adams & company [ c 1933]
191 1515 85 39 272
306 1524 42 37 p.
407 1512 56 40 19½
495 1514 44 21 cm
545 1545 8 8 .

193 1582 348 50 Bibliography
577 1586 49 37 at
660 1584 92 39 end
786 1583 53 40 of
871 1583 119 40 each
1023 1583 170 39 sketch
1224 1584 170 46 except
1429 1582 80 40 the
1542 1580 181 48 eighth.

117 1653 2005 107 CONTENTS. — Horace Mann. — Henry Barnard.—William Holmes McGuffey.—Noah Webster.—Thomas Wadleigh Harvey.—Frances Willard.—
121 1769 215 42 William
365 1771 182 47 Torrey
577 1769 472 42 Harris.—William
1078 1769 447 41 James.—Charles
1557 1768 214 42 William
123 1767 1980 101 Eliot—William
267 1828 187 48 Rainey
483 1828 208 48 Harper.

128 1896 52 52 ©
208 1901 107 39 Feb.
345 1902 38 45 7,
410 1900 140 48 1933;
578 1901 67 40 2c.
672 1901 95 39 and
794 1899 82 42 aff.
904 1899 110 42 Feb.
1041 1900 53 46 8;
1123 1899 40 40 A
1189 1899 144 41 59348;
1390 1899 42 40 J.
1461 1899 51 40 L.
1541 1898 198 48 Clifton,
1768 1898 274 47 Columbus,
2073 1898 52 41 O.

206 1956 250 49 (33-4036)

126 2057 153 68 Cole,
310 2060 226 64 George
566 2059 265 65 Douglas
859 2060 275 65 Howard,
1167 2064 169 50 1889-

258 2136 1862 70 … Death of a star … Garden City, N. Y., Pub. for the
126 2214 190 55 Crime
347 2215 145 65 club,
523 2216 125 64 inc.,
678 2216 34 53 by
785 2215 358 65 Doubleday,
1176 2218 199 51 Doran
1405 2220 45 50 &
1482 2234 297 46 company,
1811 2216 125 64 inc.,
1972 2221 148 49 1933.

194 2273 672 65 3 p. l., v-vi, 324 p. 20 cm .
195 2347 62 41 At
284 2347 123 40 head
434 2346 51 41 of
510 2347 136 40 title:
674 2347 53 41 G.
754 2349 57 39 D.
838 2348 61 40 H.
924 2348 95 39 and
1046 2348 248 46 Margaret
1324 2346 126 42 Cole.

198 2403 162 41 “First
387 2403 227 42 edition.”

131 2470 52 52 ©
211 2475 111 41 Feb.
350 2476 68 47 15,
447 2475 140 48 1933;
617 2476 65 40 2c.
713 2477 95 39 and
836 2476 83 40 aff.
949 2475 111 41 Feb.
1088 2475 82 48 20;
1202 2475 41 39 A
1270 2474 170 49 59596;
1473 2475 53 41 G.
1556 2476 57 41 D.
1643 2477 61 40 H.
1734 2475 112 42 Cole
1875 2477 96 40 and
197 2477 1912 103 Margaret
367 2533 159 40 Isabel
559 2533 125 47 Cole,
717 2533 213 40 London.
1001 2532 251 50 (33-4390)

127 2633 281 67 Colquitt,
437 2635 243 57 Harriet
710 2637 172 64 Ross,
910 2637 85 54 ed.

196 2712 121 54 The
369 2711 309 57 Savannah
728 2713 141 54 cook
916 2713 175 68 book;
1143 2733 32 35 a
1222 2714 296 54 collection
1566 2715 65 52 of
1678 2715 96 54 old
1826 2715 302 54 fashioned

128 2790 238 68 receipts
403 2791 153 53 from
588 2792 244 53 colonial
865 2792 287 68 kitchens;
1190 2792 269 54 collected
1494 2793 113 53 and
1641 2793 191 53 edited
1865 2793 76 68 by
128 2793 1978 128 Harriet

268 2868 143 54 Ross
448 2867 286 71 Colquitt;
769 2870 141 53 with
945 2887 73 36 an
1049 2869 391 54 introduction
1472 2870 77 69 by
1583 2869 205 70 Ogden
1822 2871 158 54 Nash
2014 2871 113 54 and

127 2945 356 56 decorations
502 2946 75 70 by
598 2948 273 55 Florence
895 2947 314 57 Olmstead.
1283 2948 139 55 New
1447 2948 181 69 York,
1650 2948 218 55 Farrar
1888 2951 47 52 &
127 2948 1978 130 Rinehart
286 3025 400 69 incorporated
720 3060 14 34 [
737 3033 19 22 c
761 3029 153 66 1933]

197 3098 627 50 xviii, 186 p. illus. 20 cm.
133 3163 52 52 ©
221 3167 110 40 Feb.
366 3168 70 47 10,
472 3167 112 42 1933;
650 3169 67 41 2c.
755 3170 112 41 Ffeb.
904 3170 81 47 13;
1025 3169 81 41 aff.
1145 3170 111 42 Feb.
1294 3171 82 46 11;
1416 3170 40 40 A
1493 3169 170 48 59396;
1703 3171 59 39 H.
1803 3171 55 41 R.
1898 3170 229 48 Colquitt,

202 3224 275 49 Savannah,
507 3226 85 40 Ga.
662 3225 253 50 (33-4406)

129 3323 263 68 Coward,
421 3328 146 52 Noel
595 3326 222 68 Pierce,
847 3334 170 50 1899-

262 3402 1867 74 … Spangled unicorn, an anthology, a selection from the
130 3479 183 53 works
354 3480 62 52 of
457 3480 276 56 Albrecht
774 3482 292 69 Drausler,
1109 3483 175 70 Serge
1323 3484 335 68 Lliavanov,
1700 3484 174 55 Janet
1916 3484 213 55 Urdler

135 3555 1992 77 [ and others] … Garden City, N. Y., Doubleday, Doran &
129 3651 293 51 company,
455 3634 124 68 inc.,
615 3639 150 53 1933.

198 3710 1090 56 viii, 87 p. front. (port.) plates. 19½ cm .
199 3781 61 41 At
296 3783 122 41 head
453 3785 51 40 of
537 3785 134 42 title:
707 3788 119 39 Noel
862 3787 218 42 Coward.

200 3838 161 42 “First
395 3840 225 42 edition.”

134 3908 52 52 ©
217 3913 109 40 Jan.
358 3914 68 49 26,
459 3915 138 47 1933;
631 3915 67 41 2c.
730 3918 95 39 end
858 3917 81 41 aff.
973 3918 107 40 Jan.
1114 3918 83 47 28;
1231 3919 41 39 A
1304 3920 171 47 60054;
1510 3924 57 40 N.
1601 3923 219 51 Coward,
1854 3925 280 46 Aldington,

201 3970 142 48 Kent,
375 3972 235 48 England.
681 3973 250 48 (33-4063)
