2582 4453
1321 4136 135 44 1490

371 447 193 66 Keist,
596 448 245 56 Robert.

442 525 234 54 Johann
717 524 220 69 Caspar
974 543 111 34 von
1125 523 182 54 Orelli
1347 525 81 55 als
1467 524 324 68 begründer
1828 524 100 52 der
1967 522 429 55 zürcherischen

370 604 440 53 kantonsschiile
843 604 118 53 und
991 603 372 67 Universität;
1394 604 106 54 mit
1531 602 154 55 einer
1716 602 427 70 Vorgeschichte
2174 601 100 56 der
373 621 2000 116 gedanken

653 684 116 52 und
820 682 439 69 einrichtungen
1309 680 107 57 seit
1467 682 267 68 Bodmer,
1783 700 111 34 von
1945 682 217 54 Robert
2210 682 184 54 Keist.

370 760 508 70 Zürich/Leipzig,
910 759 159 55 Orell
1098 760 193 55 Füssli
1328 763 194 67 [c1933]

442 833 1217 51 3 p. l., 335, [1] p., 2 l. front, (port.) 23cm.
443 892 340 40 “Entstanden
809 892 65 40 ist
900 892 78 40 die
1004 892 161 40 arbeit
1191 893 74 39 als
1292 892 174 48 lösung
1494 893 85 39 der
1605 891 349 50 preisaufgabe
1982 895 85 39 der
372 893 2004 97 Philosophischen
544 949 224 41 fakultät
794 959 18 29 I
838 949 86 40 der
951 948 309 42 Universität
1285 948 178 42 Zürich
1486 949 84 40 für
1597 948 78 43 die
1701 950 144 48 jahre
1901 950 176 49 1929/30
2095 962 8 37 ;
2133 953 75 39 als
2235 951 161 42 solche

371 1006 354 50 preisgekrönt,
754 1008 169 39 wurde
949 1007 70 40 sie
1045 1006 220 41 nachher
1288 1006 73 41 als
1390 1006 322 42 dissertation
1737 1009 431 47 verwendet.”—p.
2196 1010 40 40 2.

444 1065 282 42 “Schriften
759 1065 43 40 J.
836 1065 50 41 C.
921 1064 179 41 Orellis
1119 1075 8 29 :
1163 1075 41 38 p.
1243 1063 234 51 [321-333]
1515 1064 204 49 Quellen
1752 1068 98 38 und
1884 1066 259 41 literatur”
2165 1079 8 28 :
2208 1078 42 38 p.
2280 1068 118 41 334-

375 1122 116 51 [335]

377 1181 1860 53 © May 1, 1933 ; 1c . Sept. 1 ; A -Foreign 21981 ; Orell Füssli verlag.
455 1242 283 50 (33-31684)

375 1346 262 66 Kipling,
668 1347 306 64 Rudyard.

447 1423 262 56 Bonfires
738 1444 72 34 on
838 1425 96 53 the
960 1425 99 53 ice.

453 1502 85 48 (In
565 1496 205 44 London
797 1495 239 53 Morning
1067 1498 128 49 post,
1225 1495 127 44 Nov.
1385 1497 72 50 13,
1490 1495 145 51 1933)

376 1554 2008 109 © 1c. Nov. 29, 1933; A ad int. 18410'; pubd. Nov. 13; R. Kipling, Bateman’s, Burwash, Sussex, England.
371 1718 244 66 Kittler,
647 1719 268 55 Werner.

444 1797 120 53 Der
616 1796 448 55 internationale
1115 1795 340 55 elektrische
1506 1795 476 70 energieverkehr
2033 1796 61 54 in
2148 1797 256 68 Europa,

375 1872 2026 73 von Werner Kittler … München und Berlin, R. Oldenbourg,
373 1956 152 51 1933.

443 2027 101 47 viii,
570 2026 86 42 166
683 2037 43 38 p.
787 2026 57 40 10
871 2036 137 38 maps
1047 2026 49 49 (2
1124 2025 144 49 fold.)
1337 2025 118 44 25cm.

443 2082 636 44 “Literatur-verzeichnis”
1099 2095 8 29 :
1142 2094 44 38 p.
1220 2082 220 43 161-166.

376 2140 1778 53 © May 4, 1933; 1c. July 24; A -Foreign 21652; R. Oldenbourg.
455 2201 283 49 (33-31131)

370 2305 193 65 Klein,
595 2305 185 66 Felix,
815 2308 331 51 1849-1925.

371 2382 2025 148 … Vorlesungen über die hypergeometrische funktion gehalten an der Universität Göttingen im Wintersemester 1893/
373 2544 82 49 94.
528 2540 446 70 Ausgearbeitet
1009 2559 112 35 von
1163 2541 180 53 Ernst
1382 2540 211 68 Ritter,
1630 2540 463 70 herausgegeben
2134 2541 116 53 und
2292 2540 107 53 mit

373 2619 2027 70 anmerkungen versehen von Otto Haupt … Mit 96 figuren.
373 2699 220 65 Berlin,
620 2699 56 54 J.
708 2697 302 71 Springer,
1040 2701 152 50 1933.

371 2770 2009 109 ix, 344 p. diagrs. 24 ½ cm. ( Added , t.-p.: Die grundlehren der mathematischen Wissenschaften in einzeldarstellungen … bd. XXXIX)
445 2886 616 42 “Literaturverzeichnis”
1081 2897 9 31 :
1125 2896 43 40 p.
1207 2886 250 52 [336]-342.

379 2942 1852 53 © June 23, 1933: 1c . Sept. 1; A -Foreign 22001; Julius Springer.
458 3004 283 48 (33-30863)

372 3093 277 67 Klepper,
680 3095 244 56 Jochen.

508 3169 1883 71 … Der kahn der fröhlichen leute, roman. Stuttgart [etc.]
376 3249 284 55 Deutsche
701 3249 468 69 verlags-anstalt
1217 3253 194 66 [c1933]

445 3321 471 51 245, [1] p. 19 ½ cm.
378 3378 2005 111 © June 16:, 1933; 1c . Sept. 1; A -Foreign 2:1994; Deutsche verlagsanstalt, (33-31630)
377 3530 205 68 Kraft,
613 3531 319 54 Frederick
962 3532 262 64 August,
1260 3533 327 55 1871-1933.

448 3609 280 68 “Dorio”;
777 3611 122 53 eine
947 3611 226 54 stimme
1223 3630 98 35 aus
1369 3612 129 52 dem
1545 3611 250 68 jenseits.
1878 3611 117 52 Ein
2039 3610 357 54 erbaulicher

375 3689 119 52 und
536 3687 400 69 zeitgemässer
975 3689 227 70 beitrag
1244 3707 101 35 zur
1386 3690 323 69 geistlehre,
1749 3709 112 34 von
1901 3690 86 52 dr.
2030 3689 145 53 med.
2216 3689 67 52 F.
2322 3689 73 52 A.

377 3765 91 54 Kraff.
657 3767 263 70 Leipzig,
961 3769 72 53 R.
1079 3770 202 52 Besser
1323 3768 196 54 nachf.
1569 3773 174 64 [1933]

486 3841 1022 51 v, [1] p., 3 l., 110, [1] p. 3 port. 23 ½ cm.
454 3897 120 42 “Die
620 3897 302 43 verbesserte
967 3900 99 40 und
1113 3898 277 43 erweiterte
1437 3900 232 41 deutsche
1715 3900 214 49 ausgabe
1975 3900 85 41 der
2106 3900 180 41 bereits
2332 3900 63 40 im

379 3953 143 46 jahre
555 3954 113 41 1926
696 3955 348 41 erschienenen
1073 3956 279 48 englischen
1383 3957 219 48 gleichen
1634 3957 352 49 namens.”—p.
2018 3968 42 28 v.

382 4010 52 53 ©
468 4015 122 39 Mar.
622 4015 38 47 7,
694 4013 142 47 1933;
871 4014 67 40 2c.
972 4014 81 40 July
1120 4014 82 41 24:
1239 4014 40 39 A
1281 4013 271 49 -Foreign
1585 4014 171 48 21635;
1793 4015 179 48 Verlag
2006 4015 184 39 Rudolf
2225 4015 176 38 Besser

450 4072 162 39 nachf.
688 4070 283 51 (33-30689)
