2582 4453
1331 4135 101 50 990

452 520 81 47 vii,
564 521 57 39 44
651 530 42 38 p.
756 520 145 41 13½cm.

388 589 56 52 ©
476 593 116 47 July
629 593 39 45 1,
705 591 141 45 1931;
885 592 67 41 2c.
989 591 97 40 and
1123 590 81 41 aff.
1242 590 115 47 Apr.
1394 590 70 47 14,
1500 590 142 47 1933;
1681 590 41 39 A
1759 589 171 48 62051;
1971 589 169 41 Elinor
2178 590 220 40 Cochran

459 649 225 47 Stewart,
719 648 273 48 Plainfield,
1026 648 56 41 N.
1118 649 43 39 J.
1232 647 282 49 (33-17546)

379 752 56 53 A
466 753 285 52 textbook
786 752 63 53 of
881 753 259 68 geology.
1208 752 144 52 Part
1411 794 11 11 I.
1454 750 272 70 Physical
1759 752 260 68 geology,
2050 752 75 69 by
2160 753 235 53 Chester

451 829 1882 71 R. Longwell … Adolph Knopf … and Richard F. Flint …
451 911 139 52 New
620 910 179 69 York,
826 912 55 53 J.
909 910 191 66 Wiley
1126 914 45 50 &
1198 928 147 51 sons,
1374 910 135 67 inc.;
1541 910 260 69 London,
1832 910 301 69 Chapman
2162 914 45 50 &
2233 911 161 68 Hall,

450 989 242 68 limited,
724 992 151 52 1932.

452 1062 1324 51 2 p. l., iii-vii, 514 p. front., illus., diagrs. 24 cm .
460 1123 257 40 Successor
753 1125 48 38 to
837 1121 202 40 Pirsson
1072 1122 96 40 and
1207 1120 308 41 Schuchert’s
1552 1121 279 40 “Textbook
1866 1120 51 40 of
1951 1119 243 49 geology”.

453 1179 352 48 Bibliography
833 1181 51 38 at
913 1180 92 39 end
1034 1179 54 40 of
1111 1181 131 38 most
1268 1178 54 41 of
1348 1179 85 39 the
1458 1179 241 47 chapters.

386 1233 52 53 ©
474 1238 115 47 May
622 1237 70 47 21,
729 1236 140 48 1932;
907 1237 67 41 2c.
1012 1237 114 47 May
1161 1236 82 47 25;
1282 1235 82 41 aff.
1402 1236 115 49 May
1551 1236 83 47 24;
1671 1236 42 39 A
1747 1235 173 47 52142;
1959 1234 49 43 C.
2046 1235 54 41 R.
2138 1235 259 49 Longwell,

455 1295 191 48 Adolph
676 1295 168 48 Knopf
874 1296 96 38 and
1001 1294 217 40 Richard
1249 1293 50 40 F.
1332 1293 147 48 Flint,
1511 1293 118 40 New
1660 1294 187 43 Haven.

378 1399 56 52 A
458 1397 285 56 textbook
768 1399 63 53 of
855 1400 259 67 geology.
1173 1399 145 53 Part
1393 1442 9 9 II.
1427 1398 321 54 Historical
1772 1399 260 69 geology,
2056 1399 75 68 by
2157 1399 237 56 Charles

449 1477 1946 149 Schuchert … and Carl C. Dunbar … 3d ed., largely rewritten. New York, J. Wiley & sons, inc.; London, Chapman &
447 1637 162 68 Hall,
642 1635 244 69 limited,
923 1640 149 49 1933.

452 1710 1355 50 2 p. l., iii-vii, 551 p. front., illus., diagrs. 235 cm .
456 1769 258 41 Successor
742 1771 48 37 to
819 1768 201 40 Pirsson
1048 1770 96 39 and
1176 1767 309 42 Schuchert’s
1515 1768 278 41 “Textbook
1822 1769 52 40 of
1902 1767 244 49 geology”.

457 1826 353 50 Bibliography
837 1828 55 38 at
914 1827 92 39 end
1035 1826 51 40 of
1113 1828 125 38 most
1266 1826 55 40 of
1348 1827 81 39 the
1457 1827 240 47 chapters.

385 1879 52 52 ©
465 1885 127 39 June
618 1883 69 47 12,
714 1883 142 46 1933;
884 1884 68 40 2c.
980 1884 127 39 June
1133 1884 83 45 14;
1246 1883 82 41 aff.
1358 1884 127 40 June
1512 1883 82 47 15;
1625 1883 40 39 A
1694 1883 145 40 62990;
1897 1883 203 41 Charles
2131 1883 266 41 Schuchert

455 1942 95 38 and
579 1939 114 42 Carl
723 1940 52 41 O.
803 1941 218 47 Dunbar,
1051 1941 117 40 New
1197 1941 187 40 Haven.

377 2041 242 68 Torrey,
649 2045 132 64 Ray
810 2044 221 67 Ethan,
1062 2045 171 56 1887-

453 2120 231 57 Science
722 2123 114 52 and
875 2122 73 54 its
989 2121 265 55 function
1292 2123 60 52 in
1392 2122 321 69 education,
1752 2122 142 53 with
1934 2141 71 34 an
2047 2123 350 54 illustrative

379 2200 1991 144 commentary based upon the author’s General botany for colleges, by Ray Ethan Torrey … r Amherst, Mass., c 1933;
450 2353 286 47 cover-title,
764 2353 57 41 93
851 2364 43 37 p.
958 2353 56 40 22
1018 2356 15 21 cm
1067 2386 9 9 .
1192 2352 131 50 $0.50

387 2408 51 52 ©
478 2413 130 40 June
644 2414 39 46 1,
723 2413 141 46 1933;
904 2414 69 40 2c.
1013 2414 126 40 June
1178 2414 82 47 15;
1303 2413 81 41 aff.
1426 2414 126 39 June
1592 2414 82 45 14;
1715 2414 41 39 A
1795 2414 173 47 63260;
2011 2414 54 41 R.
2107 2415 52 38 E.
2199 2413 198 47 Torrey,

454 2470 244 48 Amherst,
729 2472 148 39 Mass.
948 2470 282 49 (33-16842)

378 2572 130 54 Van
537 2574 221 66 Dusen,
784 2576 208 64 Henry
1016 2576 235 65 Pitney.

451 2651 1881 73 The plain man seeks for God, by Henry P. Van Dusen …
379 2730 138 53 New
545 2732 180 66 York,
749 2734 261 67 London,
1037 2735 63 55 C.
1128 2733 315 57 Scribner’s
1469 2754 147 49 sons,
1645 2737 151 52 1933.

450 2805 84 38 xiv
561 2815 58 38 p..
649 2805 26 39 2
723 2836 22 15 l.,
775 2804 145 42 3-213
948 2816 44 37 p.
1052 2807 53 39 21
1112 2810 15 21 cm
1161 2839 9 9 .

451 2860 377 50 Bibliography:
863 2873 44 38 p.
925 2862 219 43 205-209.

385 2917 52 53 ©
468 2923 114 46 May
610 2921 69 48 12,
709 2921 141 48 1933;
881 2924 68 40 2c.
979 2924 126 40 June
1134 2924 82 47 14;
1247 2923 82 41 aff.
1362 2925 113 47 May
1505 2924 82 47 15;
1620 2924 40 39 A
1689 2925 171 46 63174;
1894 2923 203 42 Charles
2130 2921 266 43 Scribner’s

455 2989 126 31 sons.
653 2979 282 50 (33-16574)

377 3082 129 54 Van
537 3084 179 66 Loon,
745 3084 269 54 Hendrik
1043 3085 249 66 Willem,
1326 3091 171 51 1882-

455 3161 91 52 An
576 3161 299 55 indiscreet
906 3161 304 70 itinerary;
1239 3181 79 50 or,
1345 3163 150 53 How
1521 3163 96 55 the
1644 3162 474 54 unconventional
2147 3162 246 54 traveler

383 3238 204 54 should
620 3258 89 37 see
745 3240 278 69 Holland,
1057 3242 76 68 by
1171 3260 103 35 one
1310 3241 126 54 who
1470 3260 116 35 was
1623 3241 250 68 actually
1910 3241 137 53 born
2086 3241 156 53 there
2279 3240 108 52 and

382 3317 1985 150 whose name is Hendrik Willem van Loon. New York, Harcourt, Brace and company [ c 1933]
450 3477 45 34 x,
528 3467 100 43 117,
667 3486 10 30 [1]
758 3479 42 37 p.
836 3469 110 41 incl.
979 3470 165 48 front.,
1179 3470 128 41 illus.
1371 3471 55 40 19
1430 3473 43 21 cm
1479 3503 8 8 .

455 3523 161 42 “First
653 3525 229 42 edition.”

385 3579 51 52 ©
468 3586 127 39 June
624 3585 39 46 8,
696 3586 140 47 1933;
869 3587 66 40 2c.
968 3589 96 39 and
1095 3586 84 43 aff.
1211 3589 127 39 June
1369 3589 81 42 12;
1483 3589 42 39 A
1555 3588 171 47 63130;
1761 3589 262 41 Harcourt.
2057 3590 155 39 Brace
2243 3590 36 39 &
2311 3598 83 33 co.,

462 3642 281 49 (33-27187)

378 3729 235 66 Vargas
643 3733 149 66 Vila,
821 3735 105 54 José
988 3735 211 65 Maria,
1233 3741 171 51 1863-

514 3811 1877 72 … Die neunte Symphonie, roman. Berlin, Eden-verlag
383 3921 12 34 [
401 3895 17 21 c
425 3892 152 64 1933]

452 3960 87 42 320
569 3974 43 37 p.
702 3963 27 40 19
732 3966 45 21 cm
780 3996 9 9 .

456 4017 62 42 At
544 4018 123 43 head
700 4020 52 42 of
777 4020 137 43 title:
946 4022 188 46 Vargas
1163 4023 124 42 Vila.
