2582 4453
1266 4144 137 51 1224

329 452 418 72 Timoshenko,
777 455 294 57 Vladīmir
1099 456 429 69 Prokopovīch,
1561 462 173 51 1885-

408 578 55 10 …
508 536 206 55 World
758 536 350 70 agriculture
1153 538 113 53 and
1307 539 96 52 the
1445 538 348 69 depression,
1833 539 75 68 by
1948 536 293 57 Vladimir
2282 540 64 52 P.

330 614 386 55 Timoshenko
758 661 55 9 …
895 616 136 53 Ann
1066 616 211 69 Arbor,
1311 616 340 70 University
1688 617 63 54 of
1785 617 318 69 Michigan,
2142 616 207 56 School

330 694 64 54 of
426 694 256 55 business
717 694 488 61 administration,
1239 699 229 52 Bureau
1501 696 64 53 of
1595 696 256 54 business
1886 695 275 67 research,
2196 698 152 50 1933.

402 769 1950 50 3 p. l., 123 p. diagrs. 23cm. ([Michigan. University. School of
334 827 223 41 business
590 826 416 42 administration.
1069 828 197 39 Bureau
1299 828 53 40 of
1382 827 228 41 business
1639 828 242 48 research]
1946 826 248 49 Michigan
333 825 2003 100 business
471 884 188 41 studies.
729 886 92 39 vol.
850 896 41 36 v,
920 895 74 31 no.
1025 884 51 50 5)

336 938 52 52 ©
418 942 116 48 July
562 942 69 46 29,
662 942 141 46 1933;
835 942 67 40 2c.
933 942 95 40 and
1059 942 52 40 aff.
1175 942 128 48 Sept.
1334 942 52 46 1;
1417 941 41 40 A
1488 940 171 48 65101;
1693 940 285 49 University
2009 940 53 42 of
2089 939 261 49 Michigan.

415 999 284 49 (33-28033)

328 1089 247 66 Vesaas,
609 1091 222 63 Tarjei,
868 1090 173 54 1897-

407 1214 55 9 …
498 1170 108 52 Dei
635 1168 249 69 ukjende
912 1186 289 36 mennene.
1279 1166 157 71 Oslo,
1466 1168 68 55 O.
1565 1169 184 67 Norli,
1780 1170 150 51 1932.

402 1244 85 41 213
525 1257 43 36 p.
630 1244 116 42 20cm.

334 1300 1899 52 © Oct. 14, 1932; 1c. Apr. 24, 1933; A-Foreign 21036; Olaf Norli.
414 1361 282 49 (33-22919)

327 1452 394 66 Wentworth,
753 1452 281 65 Patricia,
1067 1453 196 68 pseud.

400 1531 83 53 La
530 1531 137 53 flûte
711 1531 325 59 enchantée,
1083 1550 107 50 par
1233 1531 259 53 Patricia
1538 1531 380 55 Wentworth.
2000 1530 202 68 Adapté
2279 1530 69 53 de

327 1607 266 71 l’anglais
621 1628 106 50 par
755 1609 173 53 M.-L.
957 1610 269 55 Chaulin.
1291 1609 186 69 Paris,
1503 1609 441 54 Firmin-Didot
1967 1614 56 49 et
2050 1607 65 55 cie
2146 1612 195 65 [c1933]

403 1683 558 49 2 p. l., 296 p. 18½cm.
333 1738 2016 52 © May 10, 1933; 1c. June 24; A-Foreign 21383; Firmin-Didot & cie.
413 1799 283 47 (33-23194)

327 1886 204 56 Who’s
572 1889 128 52 who
743 1889 60 53 in
843 1888 190 71 major
1074 1891 202 67 league
1316 1890 133 53 base
1490 1890 118 52 ball
1657 1932 56 10 …
1798 1890 272 69 Chicago,
2113 1891 233 51 Buxton

396 1968 340 70 publishing
765 1989 80 34 co.
903 1973 177 63 [c1933]

399 2044 85 39 544
514 2054 44 39 p.
589 2043 110 41 incl.
732 2043 164 47 front.,
929 2046 165 47 ports.,
1127 2043 180 49 diagrs.
1368 2043 117 42 29cm.

327 2102 271 48 Compiler:
634 2102 114 40 1933,
797 2101 61 42 H.
894 2103 234 40 Johnson.

331 2155 52 52 ©
412 2160 120 47 Aug.
561 2160 68 46 17,
659 2159 114 40 1933;
831 2160 67 39 2c.
928 2160 97 40 and
1053 2159 83 41 aff.
1165 2160 119 47 Aug.
1315 2159 83 47 26;
1428 2159 41 40 A
1498 2159 171 47 64846;
1703 2159 186 40 Grover
1918 2158 49 41 G.
1998 2159 211 47 Buxton,
399 2156 1932 108 Chicago.
604 2216 282 49 (33-23217)

324 2303 373 70 Wierzbicki,
728 2306 165 54 Felix
923 2308 164 65 Paul,
1120 2311 328 51 1815-1860.

406 2383 327 56 California
769 2405 58 34 as
864 2385 47 54 it
943 2384 48 55 is
1024 2389 51 50 &
1112 2405 58 34 as
1204 2385 47 55 it
1283 2404 133 51 may
1448 2386 96 67 be;
1582 2405 80 48 or,
1697 2384 56 53 A
1785 2383 174 70 guide
1990 2389 60 48 to
2082 2383 96 53 the
2211 2384 134 68 gold

331 2462 215 70 region,
586 2464 75 67 by
701 2464 63 52 F.
810 2464 63 52 P.
915 2463 365 71 Wierzbicki,
1377 2512 10 10 M.
1468 2508 9 8 D.;
1549 2464 142 53 with
1731 2483 71 36 an
1842 2462 392 56 introduction
2273 2464 74 69 by

332 2541 222 70 George
590 2543 71 51 D.
696 2543 253 68 Lyman;
989 2543 291 69 drawings
1314 2544 74 69 by
1426 2543 232 55 Valenti
1696 2543 240 68 Angelo.
2011 2540 119 56 San
331 2542 1991 147 Francisco,
526 2622 123 54 The
683 2621 304 54 Grabhorn
1021 2641 175 50 press,
1231 2626 152 54 1933.

397 2692 135 50 xxix,
564 2694 71 49 [3],
663 2694 99 49 100,
795 2696 52 49 [4]
878 2706 43 37 p.
974 2694 130 42 illus.
1159 2696 146 41 24½cm.
1372 2695 302 52 (Half-title:
1701 2697 130 40 Bare
1856 2696 291 41 Americana
2177 2696 151 41 series.

326 2761 75 30 no.
435 2752 50 48 8)

397 2810 115 40 Two
536 2810 211 41 editions
771 2810 258 49 published
1051 2811 48 40 in
1123 2810 128 45 1849,
1277 2812 82 40 the
1385 2811 223 48 prefaces
1632 2812 146 40 dated
1802 2810 160 49 “Sept.
1987 2811 69 50 30,
2079 2810 143 43 1849”
2247 2814 94 39 and

330 2868 294 41 “December
652 2868 70 49 30,
753 2868 115 41 1849”
928 2868 334 49 respectively.
1323 2870 102 39 The
1455 2872 196 46 present
1683 2869 185 41 edition
1899 2870 193 41 follows
2124 2872 82 39 the
2239 2873 105 39 text

327 2927 53 40 of
408 2928 82 40 the
521 2929 174 39 second
727 2927 197 41 edition.

402 2985 382 48 “Bibliography
820 2986 80 38 for
939 2986 82 40 the
1060 2986 146 47 study
1243 2985 51 40 of
1330 2986 83 40 the
1448 2985 90 41 life
1576 2986 51 40 of
1665 2986 52 43 F.
1756 2987 50 41 P.
1846 2987 306 49 Wierzbicki,
2241 3021 7 7 M.
2319 3021 21 15 D.,

328 3042 237 49 compiled
591 3044 62 47 by
678 3044 184 47 George
888 3044 56 39 D.
971 3041 243 49 Lyman”:
1241 3054 43 37 p.
1316 3041 267 51 [102]-[104]

332 3101 52 52 ©
415 3106 120 46 July
563 3105 38 46 6,
633 3105 113 40 1933;
807 3104 66 40 2c.
906 3105 119 47 Aug.
1056 3105 53 45 2;
1144 3103 81 41 aff.
1256 3104 122 47 Aug.
1409 3104 52 45 1;
1495 3103 43 39 A
1567 3103 171 48 64614;
1775 3103 260 41 Grabhorn
2062 3114 152 39 press.
2295 3099 54 53 [©

398 3162 335 40 introduction
763 3163 94 38 and
887 3163 143 39 notes
1055 3162 62 48 by
1148 3161 183 48 George
1361 3162 57 38 D.
1450 3161 213 47 Lyman;
1697 3161 332 41 illustrations
2059 3162 62 40 by
2150 3161 197 41 Valenti

397 3220 199 49 Angelo]
671 3219 283 47 (33-21743)

329 3308 260 67 [Wilson,
627 3308 358 69 Alexander]
1029 3312 172 50 1893-

399 3386 371 55 Confessions
814 3386 65 53 of
924 3407 30 33 a
1002 3387 317 54 scoundrel,
1364 3388 76 68 by
1486 3386 271 70 Geoffrey
1805 3386 249 70 Spencer
2124 3389 215 68 [pseud.]

325 3465 261 67 London,
614 3466 64 51 T.
706 3465 90 53 W.
825 3465 228 68 Laurie,
1079 3465 103 53 ltd.
1238 3467 153 66 [1933]

396 3538 86 42 348
509 3549 44 37 p.
644 3539 117 40 19½cm.

330 3594 52 52 ©
441 3609 37 31 1c.
507 3599 119 46 July
652 3598 68 45 34,
751 3597 113 40 1933;
925 3598 38 39 A
993 3599 61 39 ad
1083 3598 87 41 int.
1201 3597 170 42 17989;
1404 3598 142 48 pubd.
1579 3599 78 39 May
1795 3609 9 36 18;
1835 3599 281 40 Alexander
2144 3598 200 46 Wilson,

400 3656 212 40 London.
685 3654 283 49 (33-22928)

322 3730 243 66 Wilson,
595 3734 139 53 Mrs.
765 3731 193 54 Mabel
989 3731 178 56 Reed.

397 3812 120 51 The
552 3810 271 69 ministry
856 3810 65 54 of
955 3811 192 55 Faith,
1181 3812 77 67 by
1290 3812 192 52 Mabel
1516 3813 154 53 Reed
1706 3811 223 56 Wilson
1970 3856 58 10 …
2107 3814 236 70 Boston,

326 3888 120 52 The
479 3888 380 61 Christopher
889 3890 338 66 publishing
1254 3892 173 52 house
1481 3895 174 64 [c1933]

398 3961 56 40 92
483 3973 43 37 p.
588 3962 26 39 2
642 3965 123 45 port.
794 3962 135 49 (incl.
958 3963 176 48 front.)
1204 3964 117 42 21cm.

330 4016 52 52 ©
411 4021 121 47 Aug.
561 4021 39 46 8,
659 4020 112 47 1933;
801 4022 65 39 2c.
898 4022 120 46 Aug.
1047 4022 82 48 16;
1162 4022 81 41 aff.
1273 4023 121 43 Aug.
1425 4024 80 45 18;
1538 4023 42 40 A
1608 4022 171 49 63937;
1813 4024 62 39 M.
1906 4022 56 41 R.
1992 4022 202 47 Wilson,
397 4024 1929 102 Malvern,
559 4078 84 41 Pa.
717 4078 283 49 (33-23233)
