2582 4453
1345 4106 134 49 1354

393 420 172 65 Baer,
596 420 166 54 Jules
793 421 226 62 Henry,
1052 420 171 51 1879-

468 496 588 57 Cross-examination
1104 496 113 52 and
1264 494 365 68 summation,
1676 495 335 69 containing
2058 496 95 53 the

396 496 2015 149 principles and practice of trial procedure, by Jules H. Baer … and
398 650 2016 71 Simon Balicer … New York city, Modern law publishers,
398 733 126 69 inc.,
557 736 150 50 1933.

468 806 84 48 xii,
582 805 85 42 622
695 816 43 38 p.
798 805 57 41 23½
888 807 44 22 cm
938 838 8 9 .

401 862 2017 52 © Sept, in, 1933; 2c. and ail. Sept. 16: A 65252: Modern law publishers,
473 923 91 40 inc.
639 922 283 49 (33-25702)

394 1023 203 67 Balbo,
627 1025 169 65 Italo,
830 1029 172 50 1896-

535 1102 1879 59 … Stormi in volo sull’oceano. Con 49 illustrazioni e 3
401 1189 169 49 carte.
638 1189 46 48 5.
715 1184 84 53 eel.
872 1181 258 70 [Milano,
1159 1188 120 61 etc.]
1313 1183 71 52 A.
1414 1182 348 53 Moncladori
1799 1184 172 65 [1931]

475 1255 1941 52 3 p. l., [11]-256 p., 3 l. front. (facsim.) plates, ports., fold, maps, fold,
401 1315 129 47 plan.
591 1314 56 42 23½
680 1318 44 21 cm
730 1348 9 8 .

474 1372 74 42 On
574 1383 170 31 cover:
775 1372 69 40 20.
875 1372 233 49 migliaio.

472 1430 234 41 Author’s
736 1430 213 49 portrait
980 1441 61 29 on
1070 1441 156 30 cover.

475 1488 218 40 Account
720 1489 51 40 of
799 1489 82 39 the
910 1488 317 48 Italy-Brazil
1256 1487 155 48 flight.
1440 1488 113 40 Dec.
1581 1486 258 42 1930-Jan.
1869 1487 128 47 1931,
2028 1488 51 38 of
2105 1488 113 39 four
404 1488 1996 98 squadrons

543 1546 53 40 of
622 1546 326 48 hydroplanes
977 1547 154 39 under
1160 1546 114 40 Gen.
1306 1545 194 41 Balbo’s
1528 1546 268 40 command.

405 1599 2017 53 © Mar. 3, 1931: 1c. Feb. 8, 1933; A-Foreign 19638; Casa editrice A.
473 1661 305 41 Mondadori.
848 1661 282 49 (33-25715)

398 1765 258 67 Baruch,
684 1769 139 51 Mrs.
853 1766 274 64 Dorothy
1156 1767 244 56 Walter.

475 1842 31 52 I
532 1843 117 53 like
678 1843 260 60 animals,
964 1845 75 65 by
1065 1845 267 54 Dorothy
1357 1846 224 53 Walter
1609 1844 262 53 Baruch:
1901 1843 142 53 with
2071 1863 31 33 a
2131 1842 287 55 foreword

401 1920 2016 70 by Hughes Mearns … illustrated by Corinne Pauli Waterall.
401 1998 141 54 New
571 2000 164 53 York
766 2001 113 52 and
909 2001 259 53 London.
1199 2001 233 67 Harper
1462 2003 50 50 &
1545 2001 277 63 brothers,
1856 2003 151 50 1933.

476 2081 79 41 xv,
589 2074 71 50 [1],
688 2073 58 42 48
774 2084 44 38 p.
847 2074 111 42 incl.
986 2075 166 47 front.,
1181 2074 128 42 illus.
1371 2074 56 40 14½cm.

477 2130 291 43 Illustrated
800 2131 367 50 lining-papers.

476 2188 176 41 Verses
686 2188 79 42 for
798 2188 234 42 children.

478 2245 163 42 “First
674 2245 229 42 edition.”

408 2300 2015 52 © Sept. 13, 1933; 2c. Sept. 14; aff. Sept. 29; A 66321; Harper & bros.
484 2361 283 50 (33-25683)

401 2464 226 65 Bellah,
658 2465 204 54 James
891 2467 269 53 Warner.

482 2542 187 54 White
704 2543 219 70 piracy,
959 2544 77 68 by
1071 2546 194 54 James
1302 2546 245 53 Warner
1586 2545 220 52 Bellah.
1884 2545 140 52 New
2061 2545 182 68 York,

405 2548 1990 127 Farrar
527 2626 44 50 &
599 2623 301 67 Rinehart,
927 2622 405 69 incorporated
1369 2657 11 34 [
1387 2630 17 21 c
1410 2626 152 64 1933]

475 2698 26 38 5
530 2708 42 37 p.
602 2699 43 40 1.,
675 2698 144 39 5-271
886 2730 5 5 p.
949 2697 146 41 19½cm.

409 2750 2016 53 © Oct. 9. 1933; 2c. and aff. Oct. 10: A 65546; J. W. Bellah. Fairfield,
479 2811 147 40 Conn.
699 2811 282 48 (33-27325)

405 2904 202 69 Black,
635 2908 236 55 Arthur
899 2910 363 66 Davenport,
1295 2914 173 51 1870-
1683 2927 178 53 comp.

478 2986 184 54 Index
704 2987 63 53 of
808 2989 94 54 the
945 2989 315 68 periodical
1301 2991 194 53 dental
1536 2992 297 52 literature
1875 2990 306 70 published
2225 2991 57 51 in
2323 2990 96 53 the

407 3065 248 68 English
686 3068 284 67 language
1003 3069 301 69 including
1333 3070 393 69 eighty-seven
1758 3070 385 68 publications
2173 3070 58 52 in
406 3070 1991 141 England,

599 3144 256 59 Canada,
887 3147 318 59 Australia,
1238 3149 139 53 New
1411 3149 250 53 Zealand
1696 3149 113 53 and
1843 3151 95 51 the
1974 3148 219 56 United
2230 3149 190 55 States

408 3222 95 52 for
547 3223 158 53 three
749 3243 181 49 years,
978 3229 257 50 1927-29.
1312 3231 50 50 A
1409 3226 280 55 classified
1731 3228 217 69 subject
1992 3227 173 53 index
2210 3245 71 34 on
2325 3227 95 52 the

406 3302 137 66 plan
593 3303 63 51 of
703 3304 95 52 the
846 3305 213 68 Dewey
1105 3306 242 53 decimal
1395 3305 419 55 classification.
1890 3308 95 52 An
2036 3305 384 69 alphabetical

408 3379 209 53 author
647 3381 191 61 index,
869 3401 28 35 a
932 3383 97 53 list
1061 3384 64 53 of
1156 3385 195 53 dental
1382 3386 174 53 books
1586 3386 278 52 reviewed
1897 3384 213 70 during
2142 3386 94 52 the
2269 3403 150 33 same

405 3457 2016 75 period. Compiled by Arthur D. Black … Buffalo, N. Y.,
403 3538 214 53 Dental
648 3539 172 53 index
850 3541 232 62 bureau,
1114 3545 151 51 1932.

471 3611 51 46 li,
554 3613 100 42 259,
688 3613 69 41 24.
795 3614 228 49 [261]—411
1065 3628 43 36 p.
1171 3618 26 38 26½
1261 3619 43 21 cm
1310 3649 8 7 .

407 3663 2018 55 © Aug. 1, 1932: 2c. Oct. 6, 1933; aff. Nov. 1: A 66523; Dental index
477 3724 199 45 bureau.
709 3726 225 52 Chicago.

398 3814 315 69 Blanding,
741 3819 148 56 Don.

471 3892 105 55 Let
604 3913 64 34 us
697 3896 213 67 dream,
938 3898 76 67 by
1040 3899 130 54 Don
1202 3901 326 69 Blanding:
1560 3900 386 54 illustrations
1971 3899 76 68 by
2077 3900 95 51 the
2202 3898 222 53 author.

400 3970 140 56 New
568 3972 181 69 York,
775 3976 191 69 Dodd,
992 3977 172 55 Mead
1192 3981 47 51 &
1265 3998 302 51 company,
1597 3983 153 50 1933.
