2484 4405
1047 4115 135 53 1087

89 473 325 67 Pierrefeu,
444 471 284 69 François
755 472 87 54 de.

223 538 1865 80 … Le Corbusier [ pseud] et Pierre Jeanneret. Paris, G.
94 628 504 68 Crès & c ie [ c 1932]
163 690 1930 60 1 p. l., 5-14, [2] p. 32 pl. (incl. plans) on 16 l. 19 ½ cm . (On cover;
93 759 263 42 Collection
384 758 118 39 “Les
531 756 199 40 artistes
759 751 309 50 nouveaux”)

163 815 265 49 Copyright
454 815 111 39 date
592 811 215 49 changed
834 809 50 40 in
910 808 303 47 manuscript
1239 807 49 40 to
1314 804 129 43 1933.

97 876 1993 71 © Apr. 7, 1933; 1c. June 6; A- Foreign 21099; Éditions G. Crès & cie.
177 952 280 52 (33-19906)

118 1057 261 65 [Pomilio,
408 1057 84 66 O.]

167 1135 82 52 La
270 1131 282 71 battaglia
576 1131 91 53 del
689 1147 178 53 grano
894 1147 28 35 e
945 1130 55 51 la
1025 1124 285 56 industria
1335 1125 265 54 cellulosa
1626 1123 253 70 d’Italia,
1905 1123 189 55 studio

98 1231 101 51 per
238 1229 113 36 una
396 1209 259 53 fabbrica
699 1227 31 33 a
775 1206 239 71 Foggia.
1095 1204 232 70 Napoli,
1370 1203 55 53 A
1469 1221 134 37 cura
1647 1202 91 54 del
1786 1201 309 56 Sindacato

98 1290 264 54 cellulosa
394 1286 247 54 Pomilio
681 1287 171 66 [1933]

169 1363 29 39 4
224 1373 44 37 p,
317 1393 23 15 l.,
371 1360 85 41 149
485 1371 58 37 p.,
574 1360 26 38 1
631 1359 30 40 1.
722 1358 85 43 col.
837 1357 143 48 illus.,
1012 1355 86 44 col.
1127 1357 78 47 pl.,
1237 1364 124 39 map.
1394 1353 85 43 col.
1511 1354 180 48 diagrs.
1750 1353 56 41 29
1810 1355 44 23 cm
1858 1386 8 8 .

172 1418 208 51 “Questo
408 1417 143 42 breve
579 1415 175 44 studio,
785 1416 61 40 da
875 1413 81 42 noi
985 1410 260 51 compilato
1273 1421 85 39 per
1387 1414 139 39 conto
1556 1411 73 41 del
1665 1409 261 45 Sindacato

99 1410 1981 108 cellulosa
235 1474 310 43 Pomilio.”—
546 1471 304 50 Dedication,
884 1470 219 48 “All’ing.
1139 1467 231 44 Umberto
1405 1468 232 41 Pomilio”:
1701 1468 168 49 signed
1906 1468 103 48 Ing.
2045 1468 55 41 O.

100 1533 218 49 Pomilio,
347 1531 101 49 Ing.
479 1531 53 41 G.
561 1528 257 49 Consiglio.

106 1597 1995 58 © Jan. 31, 1933; 1c. Feb. 23; A- Foreign 20103; Sindacato cellulosa
173 1662 217 47 Pomilio,
419 1660 187 49 Napoli.
679 1657 278 51 (33-19798)

99 1765 184 65 Price,
317 1766 218 52 Ernest
567 1763 243 63 Batson,
846 1767 170 49 1890-

232 1836 1869 75 … The Russo-Japanese treaties of 1907-1916 concerning
102 1916 1687 74 Manchuria and Mongolia [by] Ernest Batson Price …
101 1919 1974 151 Baltimore,
297 2002 120 53 The
443 2000 184 57 Johns
651 1998 270 71 Hopkins
947 2016 175 50 press,
1152 1999 146 51 1933.

176 2078 95 47 xiv,
300 2076 85 41 164
412 2087 42 37 p.
483 2075 109 40 incl.
622 2085 124 38 map,
774 2072 218 43 facsims.
1049 2073 54 39 23½
1138 2074 44 21 cm
1186 2102 9 10 .

177 2150 64 38 At
265 2147 124 41 head
416 2147 52 40 of
494 2145 107 41 title:
657 2146 101 39 The
783 2143 187 40 Walter
998 2142 155 40 Hines
1180 2142 128 48 Page
1336 2143 164 39 school
1526 2142 54 40 of

1607 2141 350 42 international
105 2142 1982 110 relations,
279 2204 82 41 the
391 2204 152 39 Johns
572 2200 222 49 Hopkins
825 2200 285 48 university.

177 2261 216 47 Preface,
432 2260 246 45 Contents,
716 2258 224 48 chapters
997 2280 105 23 I-III,
1141 2257 216 40 extracts
1395 2257 128 39 from
1561 2257 201 48 chapter
1798 2267 63 35 iv,
1902 2256 204 40 “Notes”

109 2318 95 40 and
233 2317 303 41 “Annotated
563 2313 366 50 bibliography”
957 2315 165 39 issued
1152 2314 104 41 also
1284 2323 53 30 as
1367 2314 152 40 thesis

1557 2314 109 48 (PH.
1726 2315 34 47 D.)
1799 2314 153 40 Johns
103 2313 1987 102 Hopkins
243 2372 283 49 university.

180 2432 102 39 The
324 2429 291 49 appendices
654 2428 193 41 include
889 2427 206 48 English
1137 2427 322 41 translations
1502 2428 54 40 of
1597 2429 83 40 the
1724 2427 386 41 Russo-Chinese

110 2489 161 46 treaty
300 2486 52 42 of
381 2486 116 40 1896
524 2487 95 39 and
650 2487 83 38 the
761 2485 424 48 Russo-Japanese
1215 2485 202 41 treaties
1449 2485 52 40 of
1530 2485 128 47 1907,
1692 2484 126 50 1910,
1853 2485 126 44 1912,
2012 2485 97 39 and

109 2544 127 46 1916,
276 2543 118 41 each
431 2542 340 48 accompanied
809 2542 61 47 by
908 2543 82 39 the
1029 2542 189 40 French
1257 2544 105 39 text
1400 2541 172 49 which,
1611 2543 80 40 for
1730 2543 85 39 the
1849 2542 109 41 first
1996 2542 113 39 four

110 2601 215 47 treaties,
353 2601 44 40 is
422 2612 28 29 a
478 2600 243 41 facsimile
750 2600 52 42 of
828 2602 82 38 the
939 2600 222 47 original.

181 2657 302 41 “Annotated
516 2656 364 50 bibliography”:
942 2669 43 36 p.
1018 2657 217 42 149-158.

115 2719 1914 62 © June 28, 1933; 2c. and aff. July 5; A 64223; Johns Hopkins press.
191 2783 279 50 (33-20423)

107 2886 252 67 Robson,
385 2889 268 53 Barbara
678 2889 164 53 Reid.

185 2964 192 54 House
410 2972 394 61 management
841 2965 283 69 problems
1159 2967 63 52 of
1257 2966 351 54 fraternities
1646 2966 112 54 and
1792 2965 314 68 sororities;

118 3060 70 33 an
218 3041 404 70 investigation
651 3043 61 51 of
742 3043 94 53 the
867 3042 354 69 supervision
1250 3062 63 33 or
1342 3045 301 53 assistance
1673 3045 169 67 given

1872 3044 74 69 by
118 3044 1962 128 educational
387 3119 353 55 institutions
764 3125 56 48 to
849 3119 352 55 fraternities
1228 3121 111 55 and
1364 3121 286 57 sororities
1678 3121 58 55 in
1763 3123 150 53 their
1938 3124 171 54 house

118 3195 1992 73 management problems, by Barbara Reid Robson … New York
119 3276 131 66 city,
285 3275 275 55 Teachers
594 3275 224 70 college,
855 3275 298 55 Columbia
1190 3276 333 70 university,
1563 3280 152 57 1933.

189 3344 549 51 5 p. l., 93 p. 23½ cm .
190 3402 376 50 “Bibliography
592 3402 276 51 pertaining
895 3403 204 50 directly
1126 3408 47 38 to
1201 3406 81 41 the
1307 3408 214 47 subjects
1545 3406 354 51 investigated”:
1958 3423 40 33 p.
2025 3409 85 41 92-

119 3457 69 42 93.

123 3527 1991 64 © June 23, 1933; 2c. July 8; aff. July 14; A 64339; Teachers college,
193 3591 249 41 Columbia
476 3591 129 40 univ.
679 3590 278 49 (33-19806)

119 3692 235 66 Society
379 3694 64 52 of
468 3695 363 53 automotive
860 3696 329 65 engineers,
1218 3696 110 56 inc.

191 3770 57 55 S.
285 3773 73 54 A.
397 3773 67 52 E.
502 3771 319 54 handbook.
899 3777 133 49 1933
1071 3775 85 52 ed.
1231 3775 141 54 New
1410 3777 164 53 York
1610 3776 134 69 city,
1784 3778 228 70 Society
2049 3780 65 51 of

121 3849 345 54 automotive
493 3849 309 70 engineers,
831 3852 125 65 inc.,
985 3860 17 21 c
1007 3857 152 50 1933.

193 3922 1321 56 1 p. l., v-viii p., 1 l., 733 p. tables, diagrs. 22 cm .
127 3984 1991 68 © Aug. 16, 1933; 2c. and aff. Aug. 22; A 64803; Society of automotive
194 4048 263 50 engineers,
483 4050 91 41 inc.
