2582 4453
1294 4175 134 56 1172

348 503 136 65 Gee,
512 502 243 66 Wilson,
786 505 173 50 1888-

420 579 1888 70 The cotton cooperatives in the Southeast, by Wilson Gee …
350 659 1997 228 and Edward Allison Terry … New York, London, D. Appleton-Century company, incorporated, for the Institute for research in the social sciences, University of Virginia, 1933.
421 908 104 47 xiii,
559 908 85 40 271
677 918 43 38 p.
782 906 128 41 illus.
941 905 187 50 (maps)
1171 906 180 48 diagrs.
1414 906 55 41 23
1473 908 45 21 cm
1523 935 8 8 .
1598 906 117 49 [The
1748 905 286 49 University
2068 907 53 40 of
2151 904 224 50 Virginia

351 966 239 41 Institute
635 966 80 40 for
763 965 230 40 research
1040 964 50 40 in
1139 965 82 40 the
1269 963 151 41 social
1470 963 228 41 sciences.
1776 963 238 42 Institute
2061 963 301 49 monograph.

347 1035 75 29 no.
454 1024 71 49 17]

425 1081 160 40 “Four
632 1078 339 48 associations,
1021 1090 90 30 one
1158 1079 119 40 each
1325 1079 50 39 in
1423 1079 159 40 North
1631 1078 244 48 Carolina,
1929 1079 154 41 South
2131 1077 246 50 Carolina,

354 1138 222 48 Georgia,
611 1139 97 39 and
740 1138 254 46 Alabama,
1029 1138 126 40 have
1187 1137 119 40 been
1340 1136 178 41 chosen
1553 1148 54 29 as
1640 1137 83 40 the
1757 1136 132 41 basis
1924 1136 53 41 of
2009 1138 83 40 the
349 1135 2029 101 study.”—Pref.

356 1263 56 53 ©
443 1268 119 47 Aug.
599 1268 40 47 4,
676 1267 114 40 1933;
854 1268 66 39 2c.
960 1268 95 39 and
1091 1266 81 40 aff.
1210 1267 121 48 Aug.
1367 1268 52 45 7;
1459 1267 40 38 A
1533 1266 172 47 63810;
1745 1266 286 49 University
2067 1267 51 41 of
2153 1266 224 50 Virginia

426 1325 240 41 Institute
693 1325 80 41 for
804 1325 229 40 research
1064 1325 51 39 in
1147 1325 83 39 the
1260 1324 149 41 social
1443 1324 227 48 sciences,
1705 1324 298 49 University,
2035 1325 86 41 Va.

438 1382 284 49 (33-21905)

352 1498 327 70 Greenlaw,
709 1501 210 55 Edwin
949 1500 291 67 Almiron,
1272 1504 330 65 1874-1931,
1630 1500 86 56 ed.

421 1581 331 54 Literature
800 1582 113 53 and
962 1581 123 53 life.
1160 1581 92 54 bk.
1329 1624 9 9 I.
1414 1582 138 53 Rev.
1603 1582 84 53 ed.
1764 1584 92 65 By
1903 1582 212 53 Edwin
351 1583 1997 147 Greenlaw,
508 1660 267 57 William
802 1663 76 51 H.
911 1663 197 60 Elson,
1142 1661 293 54 Christine
1464 1664 80 51 M.
1576 1662 162 53 Keck
1768 1662 113 52 and
1912 1663 232 68 Dudley
2173 1663 198 66 Miles;

351 1739 2027 71 illustrated by Milo Winter … Chicago, Atlanta [etc.] Scott,
350 1821 1009 69 Foresman and company [ c 1933]
425 1896 101 47 viii,
557 1896 88 40 632
670 1907 43 37 p.
772 1896 87 39 col.
888 1896 166 47 front.,
1084 1896 131 40 illus.
1273 1895 56 41 23½cm

429 1952 83 39 “12
545 1962 117 37 year
692 1951 527 48 reading—literature
1249 1949 271 49 program.”

428 2008 267 42 Selections
731 2008 260 48 providing
1031 2007 228 41 material
1297 2007 78 41 for
1415 2019 63 29 an
1517 2007 262 49 organized
1819 2018 170 31 course
2029 2009 51 39 in
2118 2008 259 43 literature

355 2066 80 42 for
463 2067 269 47 secondary
759 2065 191 42 schools.
1026 2066 60 48 cf.
1115 2064 131 45 Pref.

427 2124 291 41 Illustrated
748 2124 367 48 lining-papers.

431 2182 227 41 Includes
686 2180 397 49 bibliographies.

359 2251 2019 52 © Aug. 15, 1933; 2c. and aff. Aug. 19; A 64769; Scott, Foresman & co.
429 2309 69 54 [©
527 2312 228 49 revision]
829 2311 283 49 (33-21873)

352 2429 315 67 Harmaja,
695 2431 137 64 Leo,
866 2431 172 52 1880-

429 2510 217 54 Effects
683 2509 65 54 of
783 2510 97 52 the
917 2529 118 33 war
1073 2529 72 34 on
1182 2510 284 53 economic
1505 2511 113 52 and
1655 2509 173 56 social
1864 2510 106 54 life
2006 2510 59 53 in
2103 2511 252 54 Finland.

354 2588 2021 149 by Leo Harmaja … New Haven, Yale university press; London, H. Milford, Oxford university press, for the Carnegie
355 2750 359 52 endowment
744 2748 95 53 for
870 2748 411 53 international
1311 2766 186 50 peace,
1526 2747 269 55 Division
1826 2748 64 52 of
1919 2748 313 55 economics
2263 2750 108 52 and

355 2827 241 69 history,
630 2832 150 49 1933.

427 2914 31 29 x
488 2914 57 38 p.,
576 2903 23 40 1
652 2935 22 14 l.,
705 2903 85 40 125
821 2913 41 38 p.
923 2902 55 41 25
982 2904 44 22 cm
1032 2933 7 8 .
1103 2902 254 50 [Carnegie
1387 2903 305 40 endowment
1722 2902 79 42 for
1833 2901 353 43 international
2219 2912 157 40 peace.

357 2960 226 42 Division
615 2961 51 40 of
696 2961 270 40 economics
998 2962 96 39 and
1124 2960 205 48 history.
1391 2960 258 41 Economic
1681 2961 97 39 and
1810 2960 151 41 social
1992 2960 191 48 history
2215 2961 52 40 of
2298 2961 83 40 the

357 3020 154 38 world
540 3029 118 31 war.
715 3018 295 40 Translated
1043 3019 96 39 and
1171 3017 233 49 abridged
1436 3018 166 50 series]

361 3085 52 52 ©
443 3091 116 46 May
584 3089 69 47 29,
682 3089 142 47 1933;
855 3089 68 41 2c.
951 3090 127 39 June
1106 3089 28 40 8;
1189 3089 82 40 aff.
1300 3089 120 48 Aug.
1451 3091 53 40 2;
1535 3090 41 38 A
1604 3089 172 47 63830;
1808 3089 239 49 Carnegie
2075 3090 305 40 endowment

429 3147 82 40 for
538 3147 250 40 internatl.
821 3156 157 39 peace,
1010 3147 337 46 Washington.
1421 3147 282 48 (33-21906)

354 3255 312 68 Harrison,
697 3257 157 55 John
885 3259 242 63 Leman,
1163 3261 173 49 1880-

426 3337 338 55 Economics
801 3337 63 53 of
900 3337 389 53 construction
1325 3343 418 63 management,
1779 3339 75 67 by
1890 3340 55 53 J.
1983 3340 63 51 L.
2085 3338 289 53 Harrison

417 3415 1648 71 … Chicago, Ill., Gillette publishing company, 1932.
426 3491 63 46 vi,
531 3491 87 39 330
659 3503 40 36 p.
772 3492 180 45 diagrs.
1024 3493 55 39 21
1084 3494 44 21 cm
1134 3524 7 8 .

361 3557 52 52 ©
443 3561 103 41 Oct.
575 3562 39 45 5,
644 3561 114 41 1932;
815 3563 67 39 2c.
913 3562 101 40 Oct.
1045 3562 39 41 9.
1114 3561 114 40 1933;
1288 3561 82 41 aff.
1400 3563 120 47 Aug.
1550 3563 81 46 23;
1665 3563 39 39 A
1766 3562 138 43 64986;
1939 3563 202 40 Gillette
2169 3565 109 46 pub.
2309 3572 65 31 co.

353 3681 266 64 Horgan,
650 3682 164 54 Paul.

426 3760 121 53 The
601 3759 154 54 fault
807 3761 63 52 of
922 3762 213 67 angels,
1187 3762 75 68 by
1313 3763 147 52 Paul
1513 3764 262 67 Horgan.
1852 3764 137 51 New
2045 3763 164 54 York
2261 3764 110 51 and

354 3838 1082 71 London, Harper & brothers, 1933.
430 3928 101 40 viii.
559 3927 99 43 349,
706 3929 40 48 [1]
777 3939 42 37 p.
878 3928 53 40 21½
967 3932 44 20 cm
1016 3962 8 8 .

428 3984 161 40 “First
621 3984 228 41 edition.”

362 4051 52 52 ©
443 4055 119 47 Aug.
591 4055 69 48 24,
691 4056 140 46 1933;
862 4057 68 41 2c.
960 4057 119 47 Aug.
1110 4058 82 44 25;
1225 4058 82 41 aff.
1337 4059 120 48 Aug.
1487 4059 82 47 26;
1602 4059 39 40 A
1761 4059 55 40 64827;
1875 4061 195 47 Harper
2101 4060 35 40 &
2165 4061 125 39 bros.
