<alto xmlns="http://www.loc.gov/standards/alto/ns-v3#" xmlns:xlink="http://www.w3.org/1999/xlink" xmlns:xsi="http://www.w3.org/2001/XMLSchema-instance" xsi:schemaLocation="http://www.loc.gov/standards/alto/ns-v3# http://www.loc.gov/alto/v3/alto-3-0.xsd"><Description>
<MeasurementUnit>pixel</MeasurementUnit>
<sourceImageInformation>
<fileName>1933_v1_Part1.pdf</fileName>
</sourceImageInformation>
<OCRProcessing ID="IdOcr">
<ocrProcessingStep>
<processingDateTime>2019-01-03</processingDateTime>
<processingSoftware>
<softwareCreator>ABBYY</softwareCreator>
<softwareName>ABBYY Recognition Server</softwareName>
<softwareVersion>4.0</softwareVersion>
</processingSoftware>
</ocrProcessingStep>
</OCRProcessing>
</Description>
<Styles>
<ParagraphStyle ID="StyleId-FFFFFFFF-FFFF-FFFF-FFFF-FFFFFFFFFFFF-" ALIGN="Left" LEFT="0." RIGHT="0." FIRSTLINE="0."/>
<ParagraphStyle ID="StyleId-6EF5737A-DCEB-4126-A0CF-C5930BF7166A-" ALIGN="Left" LEFT="0." RIGHT="0." FIRSTLINE="0." LINESPACE="8.300000191"/>
<ParagraphStyle ID="StyleId-2DE44258-FD0B-41E1-B542-087C989B01A3-" ALIGN="Left" LEFT="0." RIGHT="0." FIRSTLINE="0." LINESPACE="12.19999981"/>
<ParagraphStyle ID="StyleId-CE3D254A-29D7-4DD7-B5F1-E0FC0EF29B05-" ALIGN="Left" LEFT="0." RIGHT="0." FIRSTLINE="-14." LINESPACE="8.619999886"/>
<ParagraphStyle ID="StyleId-C0E3A137-CE4F-4287-8A90-B599106709D0-" ALIGN="Left" LEFT="0." RIGHT="0." FIRSTLINE="-14." LINESPACE="12.19999981"/>
<ParagraphStyle ID="StyleId-50F26F0C-05DA-4C19-BA58-7A6AC4499BEE-" ALIGN="Left" LEFT="0." RIGHT="0." FIRSTLINE="-14." LINESPACE="11.06999969"/>
<ParagraphStyle ID="StyleId-5DDE65AF-512C-41E2-9B8E-095D6D99EF68-" ALIGN="Center" LEFT="0." RIGHT="0." FIRSTLINE="0." LINESPACE="11.89999962"/>
<ParagraphStyle ID="StyleId-0A81D7A5-6A62-4C52-915E-7768974C704D-" ALIGN="Left" LEFT="0." RIGHT="0." FIRSTLINE="0." LINESPACE="9.399999619"/>
<ParagraphStyle ID="StyleId-F7A0127F-6B48-4157-BB81-FE33E1E1A05B-" ALIGN="Block" LEFT="0." RIGHT="0." FIRSTLINE="-13." LINESPACE="10.63000011"/>
<ParagraphStyle ID="StyleId-E18C69F7-DBD7-48B1-805C-FCD96D0DA019-" ALIGN="Left" LEFT="0." RIGHT="0." FIRSTLINE="0." LINESPACE="11.64000034"/>
<ParagraphStyle ID="StyleId-98F15501-B611-4E83-8BB3-807E891F11F5-" ALIGN="Left" LEFT="0." RIGHT="0." FIRSTLINE="-14." LINESPACE="12.19999981"/>
<ParagraphStyle ID="StyleId-F4A78626-0BBC-4D12-94D9-A1AE75A9855F-" ALIGN="Left" LEFT="0." RIGHT="0." FIRSTLINE="0." LINESPACE="9.399999619"/>
<ParagraphStyle ID="StyleId-6A3F6F4C-D21B-4ADE-902F-7683F18ECEF3-" ALIGN="Left" LEFT="0." RIGHT="0." FIRSTLINE="0." LINESPACE="11.10000038"/>
</Styles>
<Layout>
<Page ID="Page617" PHYSICAL_IMG_NR="617" HEIGHT="4405" WIDTH="2484">
<TopMargin HEIGHT="428" WIDTH="2484" VPOS="0" HPOS="0">
</TopMargin>
<LeftMargin HEIGHT="3631" WIDTH="86" VPOS="428" HPOS="0">
</LeftMargin>
<RightMargin HEIGHT="3631" WIDTH="257" VPOS="428" HPOS="2227">
</RightMargin>
<BottomMargin HEIGHT="346" WIDTH="2484" VPOS="4059" HPOS="0">
<TextBlock ID="Page617_Block1" HEIGHT="100" WIDTH="275" VPOS="4075" HPOS="941" LANG="en-US" STYLEREFS="StyleId-1953C7B5-69D3-4D1A-9128-478170111060-">
<TextLine HEIGHT="52" WIDTH="101" VPOS="4084" HPOS="1041">
<String CONTENT="617" HEIGHT="52" WIDTH="101" VPOS="4084" HPOS="1041"/>
</TextLine>
</TextBlock>
</BottomMargin>
<PrintSpace HEIGHT="3631" WIDTH="2141" VPOS="428" HPOS="86">
<TextBlock ID="Page617_Block2" HEIGHT="3631" WIDTH="2032" VPOS="428" HPOS="86" LANG="en-US" CS="1" STYLEREFS="StyleId-DD4BFA44-4217-46AB-8BF5-400C677AD6F5-">
<TextLine HEIGHT="65" WIDTH="648" VPOS="438" HPOS="107" STYLEREFS="StyleId-D2432499-C314-46FC-8A8E-FB51BC29B4D2-">
<String CONTENT="Acevedo," HEIGHT="63" WIDTH="288" VPOS="440" HPOS="107"/>
<SP HEIGHT="63" WIDTH="30" VPOS="440" HPOS="396"/>
<String CONTENT="Herminia." HEIGHT="56" WIDTH="328" VPOS="438" HPOS="427"/>
</TextLine>
<TextLine HEIGHT="71" WIDTH="1926" VPOS="514" HPOS="179" CS="1">
<String CONTENT="Leamos" HEIGHT="54" WIDTH="237" VPOS="519" HPOS="179"/>
<SP HEIGHT="50" WIDTH="39" VPOS="534" HPOS="417"/>
<String CONTENT="y" HEIGHT="50" WIDTH="37" VPOS="534" HPOS="457"/>
<SP HEIGHT="66" WIDTH="41" VPOS="518" HPOS="495"/>
<String CONTENT="juguemos," HEIGHT="67" WIDTH="314" VPOS="518" HPOS="537"/>
<SP HEIGHT="49" WIDTH="41" VPOS="534" HPOS="852"/>
<String CONTENT="por" HEIGHT="49" WIDTH="106" VPOS="534" HPOS="894"/>
<SP HEIGHT="51" WIDTH="40" VPOS="517" HPOS="1001"/>
<String CONTENT="Herminia" HEIGHT="54" WIDTH="304" VPOS="514" HPOS="1042"/>
<SP HEIGHT="51" WIDTH="42" VPOS="516" HPOS="1347"/>
<String CONTENT="Acevedo" HEIGHT="52" WIDTH="262" VPOS="515" HPOS="1390"/>
<SP HEIGHT="33" WIDTH="47" VPOS="534" HPOS="1653"/>
<String CS="1" CONTENT="&#8230;"/>
<SP HEIGHT="49" WIDTH="46" VPOS="532" HPOS="1757"/>
<String CONTENT="y" HEIGHT="49" WIDTH="37" VPOS="532" HPOS="1804"/>
<SP HEIGHT="66" WIDTH="40" VPOS="515" HPOS="1842"/>
<String CS="1" CONTENT="&#193;ngela" HEIGHT="67" WIDTH="163" VPOS="515" HPOS="1942"/>
</TextLine>
<TextLine HEIGHT="70" WIDTH="1995" VPOS="593" HPOS="107" CS="1">
<String CONTENT="Luisa" HEIGHT="53" WIDTH="172" VPOS="596" HPOS="107"/>
<SP HEIGHT="51" WIDTH="46" VPOS="596" HPOS="280"/>
<String CS="1" CONTENT="Mu&#241;oz" HEIGHT="51" WIDTH="210" VPOS="596" HPOS="327"/>
<SP HEIGHT="51" WIDTH="48" VPOS="596" HPOS="538"/>
<String CONTENT="de" HEIGHT="52" WIDTH="67" VPOS="596" HPOS="587"/>
<SP HEIGHT="52" WIDTH="47" VPOS="596" HPOS="655"/>
<String CS="1" CONTENT="Rodr&#237;guez" HEIGHT="67" WIDTH="325" VPOS="596" HPOS="703"/>
<SP HEIGHT="34" WIDTH="52" VPOS="614" HPOS="1029"/>
<String CS="1" CONTENT="&#8230;"/>
<SP HEIGHT="51" WIDTH="78" VPOS="596" HPOS="1140"/>
<String CONTENT="Boston," HEIGHT="63" WIDTH="234" VPOS="596" HPOS="1219"/>
<SP HEIGHT="66" WIDTH="46" VPOS="593" HPOS="1454"/>
<String CONTENT="Nueva" HEIGHT="52" WIDTH="198" VPOS="593" HPOS="1501"/>
<SP HEIGHT="51" WIDTH="48" VPOS="594" HPOS="1700"/>
<String CONTENT="York" HEIGHT="52" WIDTH="162" VPOS="593" HPOS="1749"/>
<SP HEIGHT="66" WIDTH="51" VPOS="593" HPOS="1912"/>
<String CS="1" CONTENT="[etc.]" HEIGHT="60" WIDTH="119" VPOS="600" HPOS="1983"/>
</TextLine>
<TextLine HEIGHT="66" WIDTH="1010" VPOS="674" HPOS="107" CS="1">
<String CONTENT="D." HEIGHT="53" WIDTH="73" VPOS="674" HPOS="107"/>
<SP HEIGHT="54" WIDTH="29" VPOS="675" HPOS="181"/>
<String CONTENT="C." HEIGHT="54" WIDTH="61" VPOS="675" HPOS="211"/>
<SP HEIGHT="51" WIDTH="28" VPOS="674" HPOS="273"/>
<String CONTENT="Heath" HEIGHT="52" WIDTH="194" VPOS="674" HPOS="302"/>
<SP HEIGHT="66" WIDTH="25" VPOS="674" HPOS="497"/>
<String CONTENT="y" HEIGHT="49" WIDTH="38" VPOS="691" HPOS="523"/>
<SP HEIGHT="49" WIDTH="27" VPOS="691" HPOS="562"/>
<String CONTENT="compama" HEIGHT="48" WIDTH="298" VPOS="692" HPOS="590"/>
<SP HEIGHT="48" WIDTH="34" VPOS="692" HPOS="889"/>
<String CS="1" CONTENT="[c1933]" HEIGHT="63" WIDTH="176" VPOS="676" HPOS="941"/>
</TextLine>
<TextLine HEIGHT="50" WIDTH="946" VPOS="745" HPOS="179" CS="1">
<String CONTENT="vi." HEIGHT="41" WIDTH="61" VPOS="746" HPOS="179"/>
<SP HEIGHT="39" WIDTH="27" VPOS="748" HPOS="241"/>
<String CS="1" CONTENT="162" HEIGHT="39" WIDTH="55" VPOS="747" HPOS="297"/>
<SP HEIGHT="48" WIDTH="26" VPOS="747" HPOS="353"/>
<String CONTENT="p." HEIGHT="37" WIDTH="42" VPOS="758" HPOS="380"/>
<SP HEIGHT="28" WIDTH="59" VPOS="758" HPOS="423"/>
<String CONTENT="col." HEIGHT="41" WIDTH="86" VPOS="747" HPOS="483"/>
<SP HEIGHT="42" WIDTH="26" VPOS="746" HPOS="570"/>
<String CONTENT="front.," HEIGHT="46" WIDTH="162" VPOS="746" HPOS="597"/>
<SP HEIGHT="46" WIDTH="30" VPOS="746" HPOS="760"/>
<String CS="1" CONTENT="illus." HEIGHT="40" WIDTH="128" VPOS="746" HPOS="791"/>
<SP HEIGHT="39" WIDTH="59" VPOS="747" HPOS="920"/>
<String CS="1" CONTENT="19&#189;cm." HEIGHT="40" WIDTH="145" VPOS="745" HPOS="980"/>
</TextLine>
<TextLine HEIGHT="53" WIDTH="1994" VPOS="800" HPOS="114" STYLEREFS="StyleId-B48D3A16-9ACB-4B0F-A170-0F8E32707E22-">
<String CONTENT="&#169;" HEIGHT="52" WIDTH="52" VPOS="801" HPOS="114"/>
<SP HEIGHT="52" WIDTH="30" VPOS="801" HPOS="167"/>
<String CONTENT="Feb." HEIGHT="40" WIDTH="111" VPOS="805" HPOS="198"/>
<SP HEIGHT="40" WIDTH="27" VPOS="805" HPOS="310"/>
<String CONTENT="21," HEIGHT="46" WIDTH="69" VPOS="805" HPOS="338"/>
<SP HEIGHT="46" WIDTH="31" VPOS="805" HPOS="408"/>
<String CONTENT="1933;" HEIGHT="46" WIDTH="140" VPOS="804" HPOS="440"/>
<SP HEIGHT="46" WIDTH="31" VPOS="804" HPOS="581"/>
<String CONTENT="2c." HEIGHT="41" WIDTH="67" VPOS="804" HPOS="613"/>
<SP HEIGHT="39" WIDTH="31" VPOS="806" HPOS="681"/>
<String CONTENT="Mar." HEIGHT="38" WIDTH="120" VPOS="806" HPOS="713"/>
<SP HEIGHT="38" WIDTH="32" VPOS="805" HPOS="834"/>
<String CONTENT="10;" HEIGHT="47" WIDTH="81" VPOS="803" HPOS="867"/>
<SP HEIGHT="36" WIDTH="32" VPOS="814" HPOS="949"/>
<String CONTENT="aff." HEIGHT="40" WIDTH="80" VPOS="803" HPOS="982"/>
<SP HEIGHT="38" WIDTH="33" VPOS="804" HPOS="1063"/>
<String CONTENT="Apr." HEIGHT="47" WIDTH="113" VPOS="804" HPOS="1097"/>
<SP HEIGHT="41" WIDTH="30" VPOS="802" HPOS="1211"/>
<String CONTENT="8;" HEIGHT="46" WIDTH="52" VPOS="802" HPOS="1242"/>
<SP HEIGHT="46" WIDTH="33" VPOS="802" HPOS="1295"/>
<!-- cceid 4157500B-6CF9-1014-A6CF-A82867D68027 --><String CONTENT="A" HEIGHT="38" WIDTH="39" VPOS="802" HPOS="1329"/>
<SP HEIGHT="39" WIDTH="31" VPOS="802" HPOS="1369"/>
<String CONTENT="62018;" HEIGHT="47" WIDTH="169" VPOS="800" HPOS="1401"/>
<SP HEIGHT="45" WIDTH="34" VPOS="802" HPOS="1571"/>
<String CONTENT="D." HEIGHT="39" WIDTH="56" VPOS="802" HPOS="1606"/>
<SP HEIGHT="41" WIDTH="32" VPOS="800" HPOS="1663"/>
<String CONTENT="C." HEIGHT="41" WIDTH="50" VPOS="800" HPOS="1696"/>
<SP HEIGHT="40" WIDTH="30" VPOS="801" HPOS="1747"/>
<String CONTENT="Heath" HEIGHT="39" WIDTH="164" VPOS="801" HPOS="1778"/>
<SP HEIGHT="40" WIDTH="32" VPOS="800" HPOS="1943"/>
<String CONTENT="&amp;" HEIGHT="40" WIDTH="36" VPOS="800" HPOS="1976"/>
<SP HEIGHT="41" WIDTH="28" VPOS="800" HPOS="2013"/>
<String CONTENT="co." HEIGHT="29" WIDTH="66" VPOS="812" HPOS="2042"/>
</TextLine>
<TextLine HEIGHT="49" WIDTH="280" VPOS="862" HPOS="190" STYLEREFS="StyleId-B48D3A16-9ACB-4B0F-A170-0F8E32707E22-">
<String CONTENT="(33-11426)" HEIGHT="49" WIDTH="280" VPOS="862" HPOS="190"/>
</TextLine>
<TextLine HEIGHT="69" WIDTH="1994" VPOS="963" HPOS="106" STYLEREFS="StyleId-A22ACD6E-0F8E-4B56-B3AD-F1EB24B28F1D-">
<String CONTENT="American" HEIGHT="54" WIDTH="314" VPOS="965" HPOS="106"/>
<SP HEIGHT="35" WIDTH="54" VPOS="983" HPOS="421"/>
<String CONTENT="medical" HEIGHT="54" WIDTH="245" VPOS="964" HPOS="476"/>
<SP HEIGHT="52" WIDTH="53" VPOS="965" HPOS="722"/>
<String CONTENT="association." HEIGHT="55" WIDTH="377" VPOS="964" HPOS="776"/>
<SP HEIGHT="52" WIDTH="75" VPOS="965" HPOS="1154"/>
<String CONTENT="Cooperative" HEIGHT="69" WIDTH="375" VPOS="963" HPOS="1230"/>
<SP HEIGHT="35" WIDTH="53" VPOS="981" HPOS="1606"/>
<String CONTENT="committee" HEIGHT="53" WIDTH="318" VPOS="963" HPOS="1660"/>
<SP HEIGHT="34" WIDTH="55" VPOS="981" HPOS="1979"/>
<String CONTENT="on" HEIGHT="33" WIDTH="65" VPOS="981" HPOS="2035"/>
</TextLine>
<TextLine HEIGHT="65" WIDTH="301" VPOS="1045" HPOS="175" STYLEREFS="StyleId-A22ACD6E-0F8E-4B56-B3AD-F1EB24B28F1D-">
<String CONTENT="fractures." HEIGHT="65" WIDTH="301" VPOS="1045" HPOS="175"/>
</TextLine>
<TextLine HEIGHT="70" WIDTH="1611" VPOS="1119" HPOS="175" CS="1">
<String CS="1" CONTENT="Illustrated" HEIGHT="52" WIDTH="336" VPOS="1122" HPOS="175"/>
<SP HEIGHT="66" WIDTH="39" VPOS="1122" HPOS="512"/>
<String CONTENT="primer" HEIGHT="67" WIDTH="214" VPOS="1121" HPOS="552"/>
<SP HEIGHT="33" WIDTH="38" VPOS="1141" HPOS="767"/>
<String CONTENT="on" HEIGHT="33" WIDTH="70" VPOS="1141" HPOS="806"/>
<SP HEIGHT="52" WIDTH="40" VPOS="1121" HPOS="877"/>
<String CONTENT="fractures," HEIGHT="67" WIDTH="300" VPOS="1121" HPOS="918"/>
<SP HEIGHT="49" WIDTH="37" VPOS="1140" HPOS="1219"/>
<String CONTENT="prepared" HEIGHT="68" WIDTH="280" VPOS="1121" HPOS="1257"/>
<SP HEIGHT="53" WIDTH="37" VPOS="1119" HPOS="1538"/>
<String CONTENT="by" HEIGHT="68" WIDTH="75" VPOS="1119" HPOS="1576"/>
<SP HEIGHT="63" WIDTH="36" VPOS="1124" HPOS="1652"/>
<String CONTENT="the" HEIGHT="53" WIDTH="97" VPOS="1119" HPOS="1689"/>
</TextLine>
<TextLine HEIGHT="147" WIDTH="2002" VPOS="1119" HPOS="106" CS="1">
<String CONTENT="Cooperative" HEIGHT="134" WIDTH="1977" VPOS="1119" HPOS="106"/>
<SP HEIGHT="33" WIDTH="46" VPOS="1220" HPOS="223"/>
<String CONTENT="committee" HEIGHT="54" WIDTH="318" VPOS="1199" HPOS="270"/>
<SP HEIGHT="34" WIDTH="47" VPOS="1218" HPOS="589"/>
<String CONTENT="on" HEIGHT="34" WIDTH="73" VPOS="1218" HPOS="637"/>
<SP HEIGHT="53" WIDTH="49" VPOS="1199" HPOS="711"/>
<String CONTENT="fractures," HEIGHT="67" WIDTH="298" VPOS="1199" HPOS="761"/>
<SP HEIGHT="47" WIDTH="48" VPOS="1219" HPOS="1060"/>
<String CONTENT="under" HEIGHT="51" WIDTH="180" VPOS="1201" HPOS="1109"/>
<SP HEIGHT="32" WIDTH="49" VPOS="1218" HPOS="1290"/>
<String CONTENT="auspices" HEIGHT="67" WIDTH="253" VPOS="1198" HPOS="1340"/>
<SP HEIGHT="34" WIDTH="48" VPOS="1218" HPOS="1594"/>
<String CONTENT="of" HEIGHT="53" WIDTH="63" VPOS="1198" HPOS="1643"/>
<SP HEIGHT="56" WIDTH="50" VPOS="1197" HPOS="1707"/>
<String CONTENT="Section" HEIGHT="56" WIDTH="229" VPOS="1197" HPOS="1758"/>
<SP HEIGHT="35" WIDTH="45" VPOS="1216" HPOS="1988"/>
<String CONTENT="on" HEIGHT="35" WIDTH="74" VPOS="1216" HPOS="2034"/>
</TextLine>
<TextLine HEIGHT="70" WIDTH="2003" VPOS="1277" HPOS="105">
<String CONTENT="surgery," HEIGHT="50" WIDTH="255" VPOS="1297" HPOS="105"/>
<SP HEIGHT="50" WIDTH="43" VPOS="1297" HPOS="361"/>
<String CONTENT="general" HEIGHT="67" WIDTH="229" VPOS="1280" HPOS="405"/>
<SP HEIGHT="50" WIDTH="46" VPOS="1280" HPOS="635"/>
<String CONTENT="and" HEIGHT="52" WIDTH="112" VPOS="1279" HPOS="682"/>
<SP HEIGHT="52" WIDTH="48" VPOS="1279" HPOS="795"/>
<String CONTENT="abdominal" HEIGHT="52" WIDTH="328" VPOS="1279" HPOS="844"/>
<SP HEIGHT="51" WIDTH="45" VPOS="1279" HPOS="1173"/>
<String CONTENT="and" HEIGHT="52" WIDTH="112" VPOS="1279" HPOS="1219"/>
<SP HEIGHT="55" WIDTH="47" VPOS="1277" HPOS="1332"/>
<String CONTENT="Section" HEIGHT="55" WIDTH="227" VPOS="1277" HPOS="1380"/>
<SP HEIGHT="33" WIDTH="45" VPOS="1296" HPOS="1608"/>
<String CONTENT="on" HEIGHT="34" WIDTH="73" VPOS="1296" HPOS="1654"/>
<SP HEIGHT="34" WIDTH="45" VPOS="1296" HPOS="1728"/>
<String CONTENT="orthopedic" HEIGHT="69" WIDTH="334" VPOS="1277" HPOS="1774"/>
</TextLine>
<TextLine HEIGHT="71" WIDTH="2003" VPOS="1355" HPOS="105">
<String CONTENT="surgery," HEIGHT="51" WIDTH="255" VPOS="1375" HPOS="105"/>
<SP HEIGHT="69" WIDTH="33" VPOS="1357" HPOS="361"/>
<String CONTENT="in" HEIGHT="53" WIDTH="61" VPOS="1357" HPOS="395"/>
<SP HEIGHT="34" WIDTH="33" VPOS="1376" HPOS="457"/>
<String CONTENT="cooperation" HEIGHT="66" WIDTH="363" VPOS="1358" HPOS="491"/>
<SP HEIGHT="33" WIDTH="34" VPOS="1376" HPOS="855"/>
<String CONTENT="with" HEIGHT="52" WIDTH="140" VPOS="1357" HPOS="890"/>
<SP HEIGHT="52" WIDTH="35" VPOS="1357" HPOS="1031"/>
<String CONTENT="Department" HEIGHT="67" WIDTH="380" VPOS="1358" HPOS="1067"/>
<SP HEIGHT="48" WIDTH="33" VPOS="1361" HPOS="1448"/>
<String CONTENT="of" HEIGHT="53" WIDTH="63" VPOS="1356" HPOS="1482"/>
<SP HEIGHT="53" WIDTH="33" VPOS="1356" HPOS="1546"/>
<String CONTENT="scientific" HEIGHT="55" WIDTH="273" VPOS="1355" HPOS="1580"/>
<SP HEIGHT="35" WIDTH="35" VPOS="1375" HPOS="1854"/>
<String CONTENT="exhibit" HEIGHT="53" WIDTH="218" VPOS="1355" HPOS="1890"/>
</TextLine>
<TextLine HEIGHT="71" WIDTH="1757" VPOS="1434" HPOS="104" CS="1">
<String CONTENT="of" HEIGHT="54" WIDTH="64" VPOS="1436" HPOS="104"/>
<SP HEIGHT="53" WIDTH="20" VPOS="1436" HPOS="169"/>
<String CONTENT="the" HEIGHT="53" WIDTH="96" VPOS="1437" HPOS="190"/>
<SP HEIGHT="54" WIDTH="20" VPOS="1436" HPOS="287"/>
<String CONTENT="American" HEIGHT="54" WIDTH="306" VPOS="1436" HPOS="308"/>
<SP HEIGHT="34" WIDTH="22" VPOS="1454" HPOS="615"/>
<String CONTENT="medical" HEIGHT="53" WIDTH="239" VPOS="1436" HPOS="638"/>
<SP HEIGHT="51" WIDTH="24" VPOS="1438" HPOS="878"/>
<String CONTENT="association." HEIGHT="54" WIDTH="355" VPOS="1435" HPOS="903"/>
<SP HEIGHT="50" WIDTH="73" VPOS="1438" HPOS="1259"/>
<String CONTENT="3d" HEIGHT="53" WIDTH="71" VPOS="1436" HPOS="1333"/>
<SP HEIGHT="53" WIDTH="23" VPOS="1436" HPOS="1405"/>
<String CONTENT="ed." HEIGHT="54" WIDTH="84" VPOS="1435" HPOS="1429"/>
<SP HEIGHT="55" WIDTH="76" VPOS="1434" HPOS="1514"/>
<String CONTENT="Chicago," HEIGHT="71" WIDTH="270" VPOS="1434" HPOS="1591"/>
</TextLine>
<TextLine HEIGHT="148" WIDTH="1977" VPOS="1435" HPOS="105" CS="1">
<String CONTENT="American" HEIGHT="135" WIDTH="1977" VPOS="1435" HPOS="105"/>
<SP HEIGHT="35" WIDTH="25" VPOS="1535" HPOS="210"/>
<String CONTENT="medical" HEIGHT="53" WIDTH="242" VPOS="1516" HPOS="236"/>
<SP HEIGHT="51" WIDTH="26" VPOS="1516" HPOS="479"/>
<String CONTENT="association," HEIGHT="69" WIDTH="355" VPOS="1514" HPOS="506"/>
<SP HEIGHT="64" WIDTH="29" VPOS="1519" HPOS="862"/>
<String CS="1" CONTENT="1933." HEIGHT="51" WIDTH="118" VPOS="1518" HPOS="925"/>
</TextLine>
<TextLine HEIGHT="51" WIDTH="580" VPOS="1588" HPOS="174" STYLEREFS="StyleId-B48D3A16-9ACB-4B0F-A170-0F8E32707E22-" CS="1">
<String CONTENT="67," HEIGHT="48" WIDTH="70" VPOS="1590" HPOS="174"/>
<SP HEIGHT="30" WIDTH="23" VPOS="1609" HPOS="245"/>
<String CS="1" CONTENT="[1]" HEIGHT="30" WIDTH="54" VPOS="1609" HPOS="269"/>
<SP HEIGHT="38" WIDTH="21" VPOS="1601" HPOS="324"/>
<String CONTENT="p." HEIGHT="37" WIDTH="43" VPOS="1601" HPOS="346"/>
<SP HEIGHT="43" WIDTH="58" VPOS="1588" HPOS="390"/>
<String CONTENT="illus." HEIGHT="41" WIDTH="128" VPOS="1588" HPOS="449"/>
<SP HEIGHT="39" WIDTH="58" VPOS="1590" HPOS="578"/>
<String CS="1" CONTENT="30cm." HEIGHT="41" WIDTH="117" VPOS="1588" HPOS="637"/>
</TextLine>
<TextLine HEIGHT="50" WIDTH="962" VPOS="1644" HPOS="174" STYLEREFS="StyleId-B48D3A16-9ACB-4B0F-A170-0F8E32707E22-">
<String CONTENT="Alternate" HEIGHT="40" WIDTH="254" VPOS="1647" HPOS="174"/>
<SP HEIGHT="37" WIDTH="27" VPOS="1657" HPOS="429"/>
<String CONTENT="pages" HEIGHT="38" WIDTH="146" VPOS="1656" HPOS="457"/>
<SP HEIGHT="40" WIDTH="26" VPOS="1646" HPOS="604"/>
<String CONTENT="blank" HEIGHT="39" WIDTH="148" VPOS="1646" HPOS="631"/>
<SP HEIGHT="41" WIDTH="24" VPOS="1645" HPOS="780"/>
<String CONTENT="for" HEIGHT="42" WIDTH="79" VPOS="1645" HPOS="805"/>
<SP HEIGHT="39" WIDTH="29" VPOS="1646" HPOS="885"/>
<String CONTENT="&#8220;Notes&#8221;." HEIGHT="42" WIDTH="221" VPOS="1644" HPOS="915"/>
</TextLine>
<TextLine HEIGHT="50" WIDTH="1926" VPOS="1702" HPOS="177" STYLEREFS="StyleId-B48D3A16-9ACB-4B0F-A170-0F8E32707E22-" CS="1">
<String CONTENT="&#8220;First" HEIGHT="40" WIDTH="160" VPOS="1704" HPOS="177"/>
<SP HEIGHT="37" WIDTH="36" VPOS="1707" HPOS="338"/>
<String CONTENT="edition," HEIGHT="48" WIDTH="197" VPOS="1703" HPOS="375"/>
<SP HEIGHT="48" WIDTH="41" VPOS="1703" HPOS="573"/>
<String CONTENT="September," HEIGHT="48" WIDTH="292" VPOS="1703" HPOS="615"/>
<SP HEIGHT="47" WIDTH="38" VPOS="1704" HPOS="908"/>
<String CS="1" CONTENT="1930;" HEIGHT="41" WIDTH="85" VPOS="1702" HPOS="976"/>
<SP HEIGHT="36" WIDTH="40" VPOS="1714" HPOS="1089"/>
<String CONTENT="second" HEIGHT="38" WIDTH="174" VPOS="1705" HPOS="1130"/>
<SP HEIGHT="38" WIDTH="36" VPOS="1705" HPOS="1305"/>
<String CONTENT="edition," HEIGHT="48" WIDTH="196" VPOS="1703" HPOS="1342"/>
<SP HEIGHT="47" WIDTH="39" VPOS="1704" HPOS="1539"/>
<String CONTENT="July," HEIGHT="49" WIDTH="128" VPOS="1703" HPOS="1579"/>
<SP HEIGHT="49" WIDTH="40" VPOS="1703" HPOS="1708"/>
<String CONTENT="1931;" HEIGHT="48" WIDTH="140" VPOS="1703" HPOS="1749"/>
<SP HEIGHT="36" WIDTH="40" VPOS="1715" HPOS="1890"/>
<String CONTENT="second" HEIGHT="38" WIDTH="172" VPOS="1707" HPOS="1931"/>
</TextLine>
<TextLine HEIGHT="51" WIDTH="1999" VPOS="1759" HPOS="104" STYLEREFS="StyleId-B48D3A16-9ACB-4B0F-A170-0F8E32707E22-">
<String CONTENT="edition" HEIGHT="41" WIDTH="182" VPOS="1761" HPOS="104"/>
<SP HEIGHT="48" WIDTH="41" VPOS="1761" HPOS="287"/>
<String CONTENT="(second" HEIGHT="48" WIDTH="198" VPOS="1761" HPOS="329"/>
<SP HEIGHT="46" WIDTH="30" VPOS="1762" HPOS="528"/>
<String CONTENT="printing)" HEIGHT="49" WIDTH="241" VPOS="1760" HPOS="559"/>
<SP HEIGHT="47" WIDTH="40" VPOS="1761" HPOS="801"/>
<String CONTENT="November," HEIGHT="48" WIDTH="282" VPOS="1760" HPOS="842"/>
<SP HEIGHT="47" WIDTH="33" VPOS="1761" HPOS="1125"/>
<String CONTENT="1931;" HEIGHT="48" WIDTH="139" VPOS="1759" HPOS="1159"/>
<SP HEIGHT="44" WIDTH="34" VPOS="1763" HPOS="1299"/>
<String CONTENT="third" HEIGHT="40" WIDTH="131" VPOS="1760" HPOS="1334"/>
<SP HEIGHT="39" WIDTH="31" VPOS="1762" HPOS="1466"/>
<String CONTENT="edition," HEIGHT="47" WIDTH="197" VPOS="1760" HPOS="1498"/>
<SP HEIGHT="46" WIDTH="33" VPOS="1761" HPOS="1696"/>
<String CONTENT="March," HEIGHT="49" WIDTH="182" VPOS="1761" HPOS="1730"/>
<SP HEIGHT="48" WIDTH="33" VPOS="1762" HPOS="1913"/>
<String CONTENT="1933.&#8221;" HEIGHT="40" WIDTH="156" VPOS="1761" HPOS="1947"/>
</TextLine>
<TextLine HEIGHT="52" WIDTH="1995" VPOS="1815" HPOS="109" STYLEREFS="StyleId-B48D3A16-9ACB-4B0F-A170-0F8E32707E22-">
<String CONTENT="&#169;" HEIGHT="52" WIDTH="52" VPOS="1815" HPOS="109"/>
<SP HEIGHT="52" WIDTH="27" VPOS="1815" HPOS="162"/>
<String CONTENT="Apr." HEIGHT="46" WIDTH="114" VPOS="1820" HPOS="190"/>
<SP HEIGHT="38" WIDTH="26" VPOS="1820" HPOS="305"/>
<String CONTENT="4," HEIGHT="45" WIDTH="40" VPOS="1820" HPOS="332"/>
<SP HEIGHT="45" WIDTH="29" VPOS="1820" HPOS="373"/>
<String CONTENT="1933;" HEIGHT="46" WIDTH="140" VPOS="1819" HPOS="403"/>
<SP HEIGHT="46" WIDTH="30" VPOS="1819" HPOS="544"/>
<String CONTENT="2c." HEIGHT="39" WIDTH="67" VPOS="1819" HPOS="575"/>
<SP HEIGHT="39" WIDTH="28" VPOS="1819" HPOS="643"/>
<String CONTENT="Apr." HEIGHT="46" WIDTH="114" VPOS="1819" HPOS="672"/>
<SP HEIGHT="40" WIDTH="29" VPOS="1818" HPOS="787"/>
<String CONTENT="8;" HEIGHT="47" WIDTH="51" VPOS="1818" HPOS="817"/>
<SP HEIGHT="37" WIDTH="32" VPOS="1828" HPOS="869"/>
<String CONTENT="aff." HEIGHT="41" WIDTH="82" VPOS="1817" HPOS="902"/>
<SP HEIGHT="40" WIDTH="28" VPOS="1818" HPOS="985"/>
<String CONTENT="Apr." HEIGHT="47" WIDTH="115" VPOS="1818" HPOS="1014"/>
<SP HEIGHT="41" WIDTH="30" VPOS="1819" HPOS="1130"/>
<String CONTENT="19;" HEIGHT="47" WIDTH="81" VPOS="1818" HPOS="1161"/>
<SP HEIGHT="46" WIDTH="31" VPOS="1819" HPOS="1243"/>
<!-- cceid 4157EAE9-6CF9-1014-A6CF-A82867D68027 --><String CONTENT="A" HEIGHT="38" WIDTH="41" VPOS="1819" HPOS="1275"/>
<SP HEIGHT="39" WIDTH="28" VPOS="1819" HPOS="1317"/>
<String CONTENT="61410;" HEIGHT="48" WIDTH="171" VPOS="1818" HPOS="1346"/>
<SP HEIGHT="46" WIDTH="30" VPOS="1820" HPOS="1518"/>
<String CONTENT="Amer." HEIGHT="39" WIDTH="159" VPOS="1820" HPOS="1549"/>
<SP HEIGHT="28" WIDTH="30" VPOS="1831" HPOS="1709"/>
<String CONTENT="medical" HEIGHT="40" WIDTH="204" VPOS="1820" HPOS="1740"/>
<SP HEIGHT="39" WIDTH="32" VPOS="1822" HPOS="1945"/>
<String CONTENT="assn." HEIGHT="29" WIDTH="126" VPOS="1832" HPOS="1978"/>
</TextLine>
<TextLine HEIGHT="48" WIDTH="279" VPOS="1876" HPOS="187" STYLEREFS="StyleId-B48D3A16-9ACB-4B0F-A170-0F8E32707E22-">
<String CONTENT="(33-11475)" HEIGHT="48" WIDTH="279" VPOS="1876" HPOS="187"/>
</TextLine>
<TextLine HEIGHT="75" WIDTH="1838" VPOS="1974" HPOS="102" CS="1">
<String CONTENT="Arizona" HEIGHT="58" WIDTH="256" VPOS="1974" HPOS="102"/>
<SP HEIGHT="36" WIDTH="29" VPOS="1996" HPOS="359"/>
<String CONTENT="and" HEIGHT="53" WIDTH="111" VPOS="1978" HPOS="389"/>
<SP HEIGHT="53" WIDTH="28" VPOS="1978" HPOS="501"/>
<String CONTENT="Pacific" HEIGHT="55" WIDTH="210" VPOS="1976" HPOS="530"/>
<SP HEIGHT="53" WIDTH="27" VPOS="1978" HPOS="741"/>
<String CONTENT="digest," HEIGHT="69" WIDTH="202" VPOS="1977" HPOS="769"/>
<SP HEIGHT="49" WIDTH="28" VPOS="1997" HPOS="972"/>
<String CONTENT="covering" HEIGHT="71" WIDTH="268" VPOS="1977" HPOS="1001"/>
<SP HEIGHT="51" WIDTH="28" VPOS="1997" HPOS="1270"/>
<String CONTENT="all" HEIGHT="53" WIDTH="77" VPOS="1979" HPOS="1299"/>
<SP HEIGHT="53" WIDTH="26" VPOS="1980" HPOS="1377"/>
<String CONTENT="cases" HEIGHT="36" WIDTH="149" VPOS="1997" HPOS="1404"/>
<SP HEIGHT="35" WIDTH="29" VPOS="1998" HPOS="1554"/>
<String CONTENT="reported" HEIGHT="68" WIDTH="267" VPOS="1981" HPOS="1584"/>
<SP HEIGHT="55" WIDTH="27" VPOS="1981" HPOS="1852"/>
<String CONTENT="in" HEIGHT="53" WIDTH="60" VPOS="1983" HPOS="1880"/>
</TextLine>
<TextLine HEIGHT="144" WIDTH="1931" VPOS="1982" HPOS="171" CS="1">
<String CONTENT="Arizona" HEIGHT="127" WIDTH="1905" VPOS="1982" HPOS="171"/>
<SP HEIGHT="33" WIDTH="48" VPOS="2076" HPOS="311"/>
<String CONTENT="reports," HEIGHT="62" WIDTH="239" VPOS="2063" HPOS="360"/>
<SP HEIGHT="63" WIDTH="48" VPOS="2062" HPOS="600"/>
<String CS="1" CONTENT="1866-1931;" HEIGHT="64" WIDTH="303" VPOS="2060" HPOS="682"/>
<SP HEIGHT="65" WIDTH="49" VPOS="2059" HPOS="986"/>
<String CONTENT="Pacific" HEIGHT="54" WIDTH="212" VPOS="2056" HPOS="1036"/>
<SP HEIGHT="33" WIDTH="46" VPOS="2077" HPOS="1249"/>
<String CONTENT="reporter," HEIGHT="61" WIDTH="273" VPOS="2065" HPOS="1296"/>
<SP HEIGHT="47" WIDTH="43" VPOS="2079" HPOS="1570"/>
<String CONTENT="volumes" HEIGHT="52" WIDTH="252" VPOS="2061" HPOS="1614"/>
<SP HEIGHT="48" WIDTH="48" VPOS="2065" HPOS="1867"/>
<String CS="1" CONTENT="1-300," HEIGHT="58" WIDTH="156" VPOS="2065" HPOS="1946"/>
</TextLine>
<TextLine HEIGHT="72" WIDTH="1928" VPOS="2133" HPOS="173">
<String CONTENT="and" HEIGHT="51" WIDTH="113" VPOS="2137" HPOS="173"/>
<SP HEIGHT="51" WIDTH="31" VPOS="2137" HPOS="287"/>
<String CONTENT="all" HEIGHT="51" WIDTH="76" VPOS="2137" HPOS="319"/>
<SP HEIGHT="50" WIDTH="30" VPOS="2138" HPOS="396"/>
<String CONTENT="of" HEIGHT="52" WIDTH="62" VPOS="2136" HPOS="427"/>
<SP HEIGHT="52" WIDTH="31" VPOS="2136" HPOS="490"/>
<String CONTENT="the" HEIGHT="52" WIDTH="96" VPOS="2137" HPOS="522"/>
<SP HEIGHT="52" WIDTH="31" VPOS="2137" HPOS="619"/>
<String CONTENT="Pacific" HEIGHT="57" WIDTH="211" VPOS="2133" HPOS="651"/>
<SP HEIGHT="35" WIDTH="32" VPOS="2155" HPOS="863"/>
<String CONTENT="states" HEIGHT="47" WIDTH="172" VPOS="2142" HPOS="896"/>
<SP HEIGHT="33" WIDTH="33" VPOS="2156" HPOS="1069"/>
<String CONTENT="reports" HEIGHT="63" WIDTH="223" VPOS="2142" HPOS="1103"/>
<SP HEIGHT="52" WIDTH="33" VPOS="2138" HPOS="1327"/>
<String CONTENT="from" HEIGHT="54" WIDTH="153" VPOS="2138" HPOS="1361"/>
<SP HEIGHT="47" WIDTH="30" VPOS="2145" HPOS="1515"/>
<String CONTENT="the" HEIGHT="52" WIDTH="96" VPOS="2139" HPOS="1546"/>
<SP HEIGHT="34" WIDTH="31" VPOS="2158" HPOS="1643"/>
<String CONTENT="earliest" HEIGHT="54" WIDTH="227" VPOS="2139" HPOS="1675"/>
<SP HEIGHT="47" WIDTH="34" VPOS="2146" HPOS="1903"/>
<String CONTENT="times" HEIGHT="53" WIDTH="163" VPOS="2141" HPOS="1938"/>
</TextLine>
<TextLine HEIGHT="71" WIDTH="1868" VPOS="2213" HPOS="232" CS="1">
<String CS="1" CONTENT="&#8230;"/>
<SP HEIGHT="54" WIDTH="79" VPOS="2213" HPOS="232"/>
<String CONTENT="Compiled" HEIGHT="68" WIDTH="299" VPOS="2213" HPOS="312"/>
<SP HEIGHT="53" WIDTH="37" VPOS="2215" HPOS="612"/>
<String CONTENT="and" HEIGHT="52" WIDTH="112" VPOS="2216" HPOS="650"/>
<SP HEIGHT="51" WIDTH="36" VPOS="2216" HPOS="763"/>
<String CONTENT="edited" HEIGHT="53" WIDTH="190" VPOS="2214" HPOS="800"/>
<SP HEIGHT="51" WIDTH="34" VPOS="2216" HPOS="991"/>
<String CONTENT="by" HEIGHT="68" WIDTH="75" VPOS="2216" HPOS="1026"/>
<SP HEIGHT="62" WIDTH="36" VPOS="2222" HPOS="1102"/>
<String CONTENT="the" HEIGHT="52" WIDTH="93" VPOS="2217" HPOS="1139"/>
<SP HEIGHT="49" WIDTH="37" VPOS="2235" HPOS="1233"/>
<String CONTENT="publisher&#8217;s" HEIGHT="67" WIDTH="339" VPOS="2217" HPOS="1271"/>
<SP HEIGHT="33" WIDTH="34" VPOS="2237" HPOS="1611"/>
<String CONTENT="editorial" HEIGHT="53" WIDTH="266" VPOS="2218" HPOS="1646"/>
<SP HEIGHT="50" WIDTH="35" VPOS="2221" HPOS="1913"/>
<String CONTENT="staff," HEIGHT="55" WIDTH="151" VPOS="2217" HPOS="1949"/>
</TextLine>
<TextLine HEIGHT="72" WIDTH="1424" VPOS="2292" HPOS="211" CS="1">
<String CS="1" CONTENT="v." HEIGHT="11" WIDTH="11" VPOS="2337" HPOS="211"/>
<SP HEIGHT="50" WIDTH="24" VPOS="2298" HPOS="223"/>
<String CONTENT="38-40." HEIGHT="51" WIDTH="185" VPOS="2295" HPOS="248"/>
<SP HEIGHT="55" WIDTH="78" VPOS="2292" HPOS="434"/>
<String CONTENT="St." HEIGHT="55" WIDTH="83" VPOS="2292" HPOS="513"/>
<SP HEIGHT="51" WIDTH="25" VPOS="2295" HPOS="597"/>
<String CONTENT="Paul," HEIGHT="67" WIDTH="165" VPOS="2295" HPOS="623"/>
<SP HEIGHT="66" WIDTH="23" VPOS="2296" HPOS="789"/>
<String CONTENT="West" HEIGHT="53" WIDTH="159" VPOS="2296" HPOS="813"/>
<SP HEIGHT="62" WIDTH="23" VPOS="2300" HPOS="973"/>
<String CONTENT="publishing" HEIGHT="70" WIDTH="335" VPOS="2294" HPOS="997"/>
<SP HEIGHT="49" WIDTH="24" VPOS="2315" HPOS="1333"/>
<String CONTENT="co.," HEIGHT="49" WIDTH="97" VPOS="2315" HPOS="1358"/>
<SP HEIGHT="65" WIDTH="27" VPOS="2299" HPOS="1456"/>
<String CS="1" CONTENT="1933." HEIGHT="50" WIDTH="117" VPOS="2300" HPOS="1518"/>
</TextLine>
<TextLine HEIGHT="41" WIDTH="276" VPOS="2368" HPOS="172" STYLEREFS="StyleId-B48D3A16-9ACB-4B0F-A170-0F8E32707E22-" CS="1">
<String CONTENT="3" HEIGHT="39" WIDTH="29" VPOS="2370" HPOS="172"/>
<SP/>
<String CONTENT="v." HEIGHT="28" WIDTH="43" VPOS="2380" HPOS="230"/>
<SP HEIGHT="40" WIDTH="57" VPOS="2368" HPOS="274"/>
<String CONTENT="26cm." HEIGHT="40" WIDTH="116" VPOS="2368" HPOS="332"/>
</TextLine>
<TextLine HEIGHT="99" WIDTH="2002" VPOS="2423" HPOS="104" STYLEREFS="StyleId-B48D3A16-9ACB-4B0F-A170-0F8E32707E22-" CS="1">
<String CS="1" CONTENT="CONTENTS.&#8212;v." HEIGHT="30" WIDTH="107" VPOS="2435" HPOS="451"/>
<SP HEIGHT="42" WIDTH="33" VPOS="2423" HPOS="559"/>
<String CONTENT="38." HEIGHT="42" WIDTH="73" VPOS="2423" HPOS="593"/>
<SP HEIGHT="40" WIDTH="34" VPOS="2425" HPOS="667"/>
<String CONTENT="Venue-Wharves&#8212;v." HEIGHT="41" WIDTH="555" VPOS="2424" HPOS="702"/>
<SP HEIGHT="41" WIDTH="36" VPOS="2425" HPOS="1258"/>
<String CONTENT="39." HEIGHT="41" WIDTH="72" VPOS="2425" HPOS="1295"/>
<SP HEIGHT="39" WIDTH="35" VPOS="2428" HPOS="1368"/>
<String CONTENT="Wills-Work" HEIGHT="41" WIDTH="324" VPOS="2427" HPOS="1404"/>
<SP HEIGHT="39" WIDTH="34" VPOS="2429" HPOS="1729"/>
<String CONTENT="and" HEIGHT="38" WIDTH="94" VPOS="2431" HPOS="1764"/>
<SP HEIGHT="38" WIDTH="35" VPOS="2431" HPOS="1859"/>
<String CONTENT="labor.&#8212;v." HEIGHT="91" WIDTH="2002" VPOS="2430" HPOS="104"/>
<SP HEIGHT="41" WIDTH="27" VPOS="2480" HPOS="148"/>
<String CONTENT="40." HEIGHT="42" WIDTH="75" VPOS="2480" HPOS="176"/>
</TextLine>
<TextLine HEIGHT="49" WIDTH="651" VPOS="2481" HPOS="276" STYLEREFS="StyleId-B48D3A16-9ACB-4B0F-A170-0F8E32707E22-">
<String CONTENT="Table" HEIGHT="40" WIDTH="148" VPOS="2482" HPOS="276"/>
<SP HEIGHT="30" WIDTH="27" VPOS="2492" HPOS="425"/>
<String CONTENT="of" HEIGHT="40" WIDTH="52" VPOS="2481" HPOS="453"/>
<SP HEIGHT="39" WIDTH="24" VPOS="2481" HPOS="506"/>
<String CONTENT="cases" HEIGHT="30" WIDTH="136" VPOS="2492" HPOS="531"/>
<SP HEIGHT="38" WIDTH="26" VPOS="2483" HPOS="668"/>
<String CONTENT="digested." HEIGHT="49" WIDTH="232" VPOS="2481" HPOS="695"/>
</TextLine>
<TextLine HEIGHT="58" WIDTH="1996" VPOS="2534" HPOS="108" STYLEREFS="StyleId-B48D3A16-9ACB-4B0F-A170-0F8E32707E22-">
<String CONTENT="&#169;" HEIGHT="52" WIDTH="52" VPOS="2534" HPOS="108"/>
<SP HEIGHT="52" WIDTH="29" VPOS="2534" HPOS="161"/>
<String CONTENT="Apr." HEIGHT="47" WIDTH="112" VPOS="2539" HPOS="191"/>
<SP HEIGHT="38" WIDTH="28" VPOS="2539" HPOS="304"/>
<String CONTENT="27," HEIGHT="46" WIDTH="69" VPOS="2539" HPOS="333"/>
<SP HEIGHT="46" WIDTH="29" VPOS="2539" HPOS="403"/>
<String CONTENT="1933;" HEIGHT="45" WIDTH="140" VPOS="2538" HPOS="433"/>
<SP HEIGHT="44" WIDTH="30" VPOS="2539" HPOS="574"/>
<String CONTENT="2c." HEIGHT="39" WIDTH="67" VPOS="2539" HPOS="605"/>
<SP HEIGHT="30" WIDTH="29" VPOS="2547" HPOS="673"/>
<String CONTENT="each" HEIGHT="39" WIDTH="117" VPOS="2539" HPOS="703"/>
<SP HEIGHT="39" WIDTH="30" VPOS="2539" HPOS="821"/>
<String CONTENT="and" HEIGHT="40" WIDTH="95" VPOS="2538" HPOS="852"/>
<SP HEIGHT="40" WIDTH="27" VPOS="2538" HPOS="948"/>
<String CONTENT="affs." HEIGHT="42" WIDTH="109" VPOS="2537" HPOS="976"/>
<SP HEIGHT="39" WIDTH="31" VPOS="2540" HPOS="1086"/>
<String CONTENT="May" HEIGHT="47" WIDTH="114" VPOS="2540" HPOS="1118"/>
<SP HEIGHT="48" WIDTH="28" VPOS="2539" HPOS="1233"/>
<String CONTENT="11;" HEIGHT="47" WIDTH="81" VPOS="2539" HPOS="1262"/>
<SP HEIGHT="46" WIDTH="32" VPOS="2540" HPOS="1344"/>
<!-- cceid 41587F81-6CF9-1014-A6CF-A82867D68027 --><String CONTENT="A" HEIGHT="38" WIDTH="41" VPOS="2540" HPOS="1377"/>
<SP HEIGHT="40" WIDTH="29" VPOS="2540" HPOS="1419"/>
<String CONTENT="61734-61736;" HEIGHT="48" WIDTH="346" VPOS="2540" HPOS="1449"/>
<SP HEIGHT="45" WIDTH="31" VPOS="2543" HPOS="1796"/>
<String CONTENT="West" HEIGHT="40" WIDTH="135" VPOS="2543" HPOS="1828"/>
<SP HEIGHT="48" WIDTH="29" VPOS="2544" HPOS="1964"/>
<String CONTENT="pub." HEIGHT="48" WIDTH="110" VPOS="2544" HPOS="1994"/>
</TextLine>
<TextLine HEIGHT="30" WIDTH="67" VPOS="2607" HPOS="176" STYLEREFS="StyleId-B48D3A16-9ACB-4B0F-A170-0F8E32707E22-">
<String CONTENT="co." HEIGHT="30" WIDTH="67" VPOS="2607" HPOS="176"/>
</TextLine>
<TextLine HEIGHT="66" WIDTH="756" VPOS="2685" HPOS="99" STYLEREFS="StyleId-D2432499-C314-46FC-8A8E-FB51BC29B4D2-">
<String CONTENT="Armitage," HEIGHT="66" WIDTH="331" VPOS="2685" HPOS="99"/>
<SP HEIGHT="63" WIDTH="23" VPOS="2688" HPOS="431"/>
<String CONTENT="Merle," HEIGHT="64" WIDTH="201" VPOS="2687" HPOS="455"/>
<SP HEIGHT="58" WIDTH="26" VPOS="2693" HPOS="657"/>
<String CONTENT="1893-" HEIGHT="49" WIDTH="171" VPOS="2692" HPOS="684"/>
</TextLine>
<TextLine HEIGHT="75" WIDTH="1934" VPOS="2763" HPOS="170">
<String CONTENT="The" HEIGHT="52" WIDTH="121" VPOS="2764" HPOS="170"/>
<SP HEIGHT="33" WIDTH="29" VPOS="2783" HPOS="292"/>
<String CONTENT="work" HEIGHT="53" WIDTH="158" VPOS="2763" HPOS="322"/>
<SP HEIGHT="53" WIDTH="26" VPOS="2763" HPOS="481"/>
<String CONTENT="of" HEIGHT="53" WIDTH="64" VPOS="2763" HPOS="508"/>
<SP HEIGHT="52" WIDTH="29" VPOS="2763" HPOS="573"/>
<String CONTENT="Maier-Krieg," HEIGHT="68" WIDTH="413" VPOS="2764" HPOS="603"/>
<SP HEIGHT="67" WIDTH="27" VPOS="2765" HPOS="1017"/>
<String CONTENT="by" HEIGHT="68" WIDTH="76" VPOS="2765" HPOS="1045"/>
<SP HEIGHT="68" WIDTH="27" VPOS="2765" HPOS="1122"/>
<String CONTENT="Merle" HEIGHT="53" WIDTH="180" VPOS="2765" HPOS="1150"/>
<SP HEIGHT="52" WIDTH="28" VPOS="2766" HPOS="1331"/>
<String CONTENT="Armitage." HEIGHT="70" WIDTH="318" VPOS="2765" HPOS="1360"/>
<SP HEIGHT="52" WIDTH="73" VPOS="2768" HPOS="1679"/>
<String CONTENT="New" HEIGHT="53" WIDTH="140" VPOS="2768" HPOS="1753"/>
<SP HEIGHT="51" WIDTH="29" VPOS="2770" HPOS="1894"/>
<String CONTENT="York," HEIGHT="68" WIDTH="180" VPOS="2770" HPOS="1924"/>
</TextLine>
<TextLine HEIGHT="69" WIDTH="595" VPOS="2841" HPOS="105">
<String CONTENT="A." HEIGHT="52" WIDTH="66" VPOS="2843" HPOS="105"/>
<SP HEIGHT="53" WIDTH="25" VPOS="2842" HPOS="172"/>
<String CONTENT="A." HEIGHT="53" WIDTH="71" VPOS="2842" HPOS="198"/>
<SP HEIGHT="52" WIDTH="24" VPOS="2843" HPOS="270"/>
<String CONTENT="Knopf," HEIGHT="69" WIDTH="226" VPOS="2841" HPOS="295"/>
<SP HEIGHT="63" WIDTH="27" VPOS="2846" HPOS="522"/>
<String CONTENT="1932." HEIGHT="51" WIDTH="150" VPOS="2844" HPOS="550"/>
</TextLine>
<TextLine HEIGHT="51" WIDTH="1165" VPOS="2914" HPOS="171" STYLEREFS="StyleId-B48D3A16-9ACB-4B0F-A170-0F8E32707E22-" CS="1">
<String CONTENT="4" HEIGHT="38" WIDTH="27" VPOS="2918" HPOS="171"/>
<SP/>
<String CONTENT="p." HEIGHT="37" WIDTH="44" VPOS="2927" HPOS="223"/>
<SP HEIGHT="40" WIDTH="23" VPOS="2917" HPOS="268"/>
<String CS="1" CONTENT="l.," HEIGHT="16" WIDTH="22" VPOS="2947" HPOS="314"/>
<SP HEIGHT="47" WIDTH="25" VPOS="2916" HPOS="337"/>
<String CONTENT="8" HEIGHT="40" WIDTH="29" VPOS="2916" HPOS="363"/>
<SP HEIGHT="48" WIDTH="20" VPOS="2916" HPOS="393"/>
<String CONTENT="p.," HEIGHT="37" WIDTH="57" VPOS="2927" HPOS="414"/>
<SP HEIGHT="46" WIDTH="25" VPOS="2917" HPOS="472"/>
<String CONTENT="2" HEIGHT="38" WIDTH="27" VPOS="2917" HPOS="498"/>
<SP HEIGHT="38" WIDTH="22" VPOS="2917" HPOS="526"/>
<String CS="1" CONTENT="1." HEIGHT="9" WIDTH="8" VPOS="2946" HPOS="570"/>
<SP HEIGHT="41" WIDTH="58" VPOS="2914" HPOS="579"/>
<String CONTENT="front." HEIGHT="43" WIDTH="150" VPOS="2914" HPOS="638"/>
<SP HEIGHT="47" WIDTH="27" VPOS="2917" HPOS="789"/>
<String CONTENT="(port.)" HEIGHT="48" WIDTH="172" VPOS="2916" HPOS="817"/>
<SP HEIGHT="47" WIDTH="24" VPOS="2916" HPOS="990"/>
<String CONTENT="40" HEIGHT="40" WIDTH="57" VPOS="2917" HPOS="1015"/>
<SP HEIGHT="48" WIDTH="23" VPOS="2917" HPOS="1073"/>
<String CS="1" CONTENT="pl." HEIGHT="37" WIDTH="62" VPOS="2928" HPOS="1097"/>
<SP HEIGHT="39" WIDTH="59" VPOS="2917" HPOS="1160"/>
<String CONTENT="29cm." HEIGHT="41" WIDTH="116" VPOS="2916" HPOS="1220"/>
</TextLine>
<TextLine HEIGHT="50" WIDTH="1275" VPOS="2973" HPOS="172" STYLEREFS="StyleId-B48D3A16-9ACB-4B0F-A170-0F8E32707E22-">
<String CONTENT="Descriptive" HEIGHT="48" WIDTH="304" VPOS="2973" HPOS="172"/>
<SP HEIGHT="39" WIDTH="23" VPOS="2974" HPOS="477"/>
<String CONTENT="letterpress" HEIGHT="47" WIDTH="284" VPOS="2974" HPOS="501"/>
<SP HEIGHT="29" WIDTH="25" VPOS="2984" HPOS="786"/>
<String CONTENT="on" HEIGHT="29" WIDTH="58" VPOS="2984" HPOS="812"/>
<SP HEIGHT="28" WIDTH="25" VPOS="2985" HPOS="871"/>
<String CONTENT="versos" HEIGHT="31" WIDTH="165" VPOS="2984" HPOS="897"/>
<SP HEIGHT="41" WIDTH="22" VPOS="2974" HPOS="1063"/>
<String CONTENT="facing" HEIGHT="48" WIDTH="167" VPOS="2974" HPOS="1086"/>
<SP HEIGHT="38" WIDTH="21" VPOS="2985" HPOS="1254"/>
<String CONTENT="plates." HEIGHT="48" WIDTH="171" VPOS="2975" HPOS="1276"/>
</TextLine>
<TextLine HEIGHT="98" WIDTH="1981" VPOS="3030" HPOS="101" STYLEREFS="StyleId-B48D3A16-9ACB-4B0F-A170-0F8E32707E22-" CS="1">
<String CONTENT="&#8220;Five" HEIGHT="40" WIDTH="145" VPOS="3030" HPOS="173"/>
<SP HEIGHT="39" WIDTH="25" VPOS="3031" HPOS="319"/>
<String CONTENT="hundred" HEIGHT="39" WIDTH="221" VPOS="3031" HPOS="345"/>
<SP HEIGHT="39" WIDTH="23" VPOS="3031" HPOS="567"/>
<String CONTENT="copies" HEIGHT="47" WIDTH="160" VPOS="3030" HPOS="591"/>
<SP HEIGHT="29" WIDTH="25" VPOS="3041" HPOS="752"/>
<String CONTENT="of" HEIGHT="39" WIDTH="50" VPOS="3031" HPOS="778"/>
<SP HEIGHT="40" WIDTH="26" VPOS="3031" HPOS="829"/>
<String CONTENT="this" HEIGHT="41" WIDTH="99" VPOS="3030" HPOS="856"/>
<SP HEIGHT="40" WIDTH="24" VPOS="3031" HPOS="956"/>
<String CONTENT="book" HEIGHT="40" WIDTH="125" VPOS="3031" HPOS="981"/>
<SP HEIGHT="39" WIDTH="24" VPOS="3032" HPOS="1107"/>
<String CONTENT="have" HEIGHT="40" WIDTH="122" VPOS="3032" HPOS="1132"/>
<SP HEIGHT="40" WIDTH="27" VPOS="3032" HPOS="1255"/>
<String CONTENT="been" HEIGHT="40" WIDTH="117" VPOS="3032" HPOS="1283"/>
<SP HEIGHT="37" WIDTH="25" VPOS="3044" HPOS="1401"/>
<String CONTENT="printed" HEIGHT="48" WIDTH="193" VPOS="3033" HPOS="1427"/>
<SP HEIGHT="40" WIDTH="28" VPOS="3036" HPOS="1621"/>
<String CS="1" CONTENT="&#8230;"/>
<SP HEIGHT="38" WIDTH="55" VPOS="3038" HPOS="1697"/>
<String CONTENT="This" HEIGHT="41" WIDTH="119" VPOS="3038" HPOS="1753"/>
<SP HEIGHT="40" WIDTH="25" VPOS="3039" HPOS="1873"/>
<String CONTENT="is" HEIGHT="40" WIDTH="41" VPOS="3039" HPOS="1899"/>
<SP HEIGHT="28" WIDTH="25" VPOS="3051" HPOS="1941"/>
<String CONTENT="number" HEIGHT="77" WIDTH="1981" VPOS="3051" HPOS="101"/>
</TextLine>
<TextLine HEIGHT="49" WIDTH="863" VPOS="3087" HPOS="211" STYLEREFS="StyleId-B48D3A16-9ACB-4B0F-A170-0F8E32707E22-">
<String CONTENT="245.&#8221;" HEIGHT="41" WIDTH="130" VPOS="3087" HPOS="211"/>
<SP HEIGHT="41" WIDTH="59" VPOS="3087" HPOS="342"/>
<String CONTENT="Signed:" HEIGHT="48" WIDTH="203" VPOS="3087" HPOS="402"/>
<SP HEIGHT="39" WIDTH="34" VPOS="3088" HPOS="606"/>
<String CONTENT="E." HEIGHT="39" WIDTH="51" VPOS="3088" HPOS="641"/>
<SP HEIGHT="39" WIDTH="31" VPOS="3088" HPOS="693"/>
<String CONTENT="Maier" HEIGHT="41" WIDTH="155" VPOS="3087" HPOS="725"/>
<SP HEIGHT="38" WIDTH="27" VPOS="3089" HPOS="881"/>
<String CONTENT="Krieg." HEIGHT="48" WIDTH="165" VPOS="3088" HPOS="909"/>
</TextLine>
<TextLine HEIGHT="63" WIDTH="1980" VPOS="3141" HPOS="106" STYLEREFS="StyleId-B48D3A16-9ACB-4B0F-A170-0F8E32707E22-" CS="1">
<String CONTENT="&#169;" HEIGHT="53" WIDTH="52" VPOS="3141" HPOS="106"/>
<SP HEIGHT="53" WIDTH="23" VPOS="3141" HPOS="159"/>
<String CONTENT="Oct." HEIGHT="41" WIDTH="100" VPOS="3146" HPOS="183"/>
<SP HEIGHT="40" WIDTH="23" VPOS="3146" HPOS="284"/>
<String CS="1" CONTENT="1," HEIGHT="15" WIDTH="8" VPOS="3178" HPOS="339"/>
<SP HEIGHT="46" WIDTH="22" VPOS="3147" HPOS="348"/>
<String CONTENT="1932;" HEIGHT="48" WIDTH="139" VPOS="3145" HPOS="371"/>
<SP HEIGHT="47" WIDTH="25" VPOS="3146" HPOS="511"/>
<String CONTENT="2c." HEIGHT="40" WIDTH="65" VPOS="3146" HPOS="537"/>
<SP HEIGHT="30" WIDTH="25" VPOS="3156" HPOS="603"/>
<String CONTENT="and" HEIGHT="39" WIDTH="94" VPOS="3147" HPOS="629"/>
<SP HEIGHT="39" WIDTH="24" VPOS="3147" HPOS="724"/>
<String CONTENT="aff." HEIGHT="42" WIDTH="82" VPOS="3145" HPOS="749"/>
<SP HEIGHT="41" WIDTH="23" VPOS="3146" HPOS="832"/>
<String CONTENT="Mar." HEIGHT="42" WIDTH="122" VPOS="3146" HPOS="856"/>
<SP HEIGHT="41" WIDTH="22" VPOS="3147" HPOS="979"/>
<String CONTENT="17," HEIGHT="47" WIDTH="69" VPOS="3147" HPOS="1002"/>
<SP HEIGHT="47" WIDTH="23" VPOS="3147" HPOS="1072"/>
<String CONTENT="1933;" HEIGHT="48" WIDTH="142" VPOS="3146" HPOS="1096"/>
<SP HEIGHT="47" WIDTH="24" VPOS="3147" HPOS="1239"/>
<!-- cceid 415919F4-6CF9-1014-A6CF-A82867D68027 --><String CONTENT="A" HEIGHT="40" WIDTH="41" VPOS="3147" HPOS="1264"/>
<SP HEIGHT="41" WIDTH="22" VPOS="3147" HPOS="1306"/>
<String CONTENT="62313;" HEIGHT="50" WIDTH="170" VPOS="3148" HPOS="1329"/>
<SP HEIGHT="47" WIDTH="25" VPOS="3151" HPOS="1500"/>
<String CONTENT="Alfred" HEIGHT="43" WIDTH="172" VPOS="3151" HPOS="1526"/>
<SP HEIGHT="41" WIDTH="22" VPOS="3153" HPOS="1699"/>
<String CONTENT="A." HEIGHT="43" WIDTH="55" VPOS="3153" HPOS="1722"/>
<SP HEIGHT="41" WIDTH="24" VPOS="3155" HPOS="1778"/>
<String CONTENT="Knopf" HEIGHT="49" WIDTH="168" VPOS="3155" HPOS="1803"/>
<SP HEIGHT="42" WIDTH="37" VPOS="3156" HPOS="1972"/>
<String CONTENT="inc" HEIGHT="43" WIDTH="76" VPOS="3156" HPOS="2010"/>
</TextLine>
<TextLine HEIGHT="48" WIDTH="279" VPOS="3204" HPOS="183" STYLEREFS="StyleId-B48D3A16-9ACB-4B0F-A170-0F8E32707E22-">
<String CONTENT="(33-11228)" HEIGHT="48" WIDTH="279" VPOS="3204" HPOS="183"/>
</TextLine>
<TextLine HEIGHT="64" WIDTH="605" VPOS="3293" HPOS="98" STYLEREFS="StyleId-D2432499-C314-46FC-8A8E-FB51BC29B4D2-">
<String CONTENT="Ashenhurst," HEIGHT="63" WIDTH="402" VPOS="3294" HPOS="98"/>
<SP HEIGHT="63" WIDTH="28" VPOS="3294" HPOS="501"/>
<String CONTENT="John." HEIGHT="55" WIDTH="173" VPOS="3293" HPOS="530"/>
</TextLine>
<TextLine HEIGHT="69" WIDTH="1683" VPOS="3369" HPOS="169" CS="1">
<String CONTENT="All" HEIGHT="52" WIDTH="99" VPOS="3370" HPOS="169"/>
<SP HEIGHT="51" WIDTH="25" VPOS="3371" HPOS="269"/>
<String CONTENT="about" HEIGHT="53" WIDTH="171" VPOS="3369" HPOS="295"/>
<SP HEIGHT="54" WIDTH="27" VPOS="3369" HPOS="467"/>
<String CONTENT="Chicago," HEIGHT="69" WIDTH="269" VPOS="3369" HPOS="495"/>
<SP HEIGHT="67" WIDTH="23" VPOS="3370" HPOS="765"/>
<String CONTENT="by" HEIGHT="68" WIDTH="75" VPOS="3370" HPOS="789"/>
<SP HEIGHT="67" WIDTH="25" VPOS="3371" HPOS="865"/>
<String CONTENT="John" HEIGHT="53" WIDTH="155" VPOS="3371" HPOS="891"/>
<SP HEIGHT="51" WIDTH="27" VPOS="3371" HPOS="1047"/>
<String CONTENT="Ashenhurst" HEIGHT="56" WIDTH="361" VPOS="3371" HPOS="1075"/>
<SP HEIGHT="48" WIDTH="24" VPOS="3379" HPOS="1437"/>
<String CONTENT="and" HEIGHT="52" WIDTH="110" VPOS="3376" HPOS="1462"/>
<SP HEIGHT="53" WIDTH="29" VPOS="3376" HPOS="1573"/>
<String CONTENT="Ruth" HEIGHT="55" WIDTH="157" VPOS="3377" HPOS="1603"/>
<SP HEIGHT="52" WIDTH="25" VPOS="3379" HPOS="1761"/>
<String CONTENT="L." HEIGHT="52" WIDTH="65" VPOS="3381" HPOS="1787"/>
</TextLine>
<TextLine HEIGHT="134" WIDTH="1999" VPOS="3382" HPOS="98" CS="1">
<String CONTENT="Ashenhurst;" HEIGHT="133" WIDTH="1973" VPOS="3382" HPOS="98"/>
<SP HEIGHT="48" WIDTH="35" VPOS="3467" HPOS="290"/>
<String CONTENT="with" HEIGHT="52" WIDTH="140" VPOS="3448" HPOS="326"/>
<SP HEIGHT="51" WIDTH="32" VPOS="3448" HPOS="467"/>
<String CONTENT="woodcuts" HEIGHT="52" WIDTH="287" VPOS="3448" HPOS="500"/>
<SP HEIGHT="52" WIDTH="30" VPOS="3448" HPOS="788"/>
<String CONTENT="by" HEIGHT="68" WIDTH="75" VPOS="3448" HPOS="819"/>
<SP HEIGHT="66" WIDTH="34" VPOS="3450" HPOS="895"/>
<String CONTENT="C." HEIGHT="54" WIDTH="61" VPOS="3450" HPOS="930"/>
<SP HEIGHT="53" WIDTH="34" VPOS="3449" HPOS="992"/>
<String CONTENT="Turzak." HEIGHT="53" WIDTH="245" VPOS="3449" HPOS="1027"/>
<SP HEIGHT="51" WIDTH="75" VPOS="3452" HPOS="1273"/>
<String CONTENT="Boston" HEIGHT="54" WIDTH="216" VPOS="3452" HPOS="1349"/>
<SP HEIGHT="34" WIDTH="32" VPOS="3473" HPOS="1566"/>
<String CONTENT="and" HEIGHT="52" WIDTH="111" VPOS="3458" HPOS="1599"/>
<SP HEIGHT="53" WIDTH="33" VPOS="3458" HPOS="1711"/>
<String CONTENT="New" HEIGHT="54" WIDTH="140" VPOS="3458" HPOS="1745"/>
<SP HEIGHT="51" WIDTH="34" VPOS="3463" HPOS="1886"/>
<String CONTENT="York." HEIGHT="51" WIDTH="176" VPOS="3463" HPOS="1921"/>
</TextLine>
<TextLine HEIGHT="71" WIDTH="1055" VPOS="3523" HPOS="97">
<String CONTENT="Houghton" HEIGHT="68" WIDTH="320" VPOS="3526" HPOS="97"/>
<SP HEIGHT="52" WIDTH="24" VPOS="3526" HPOS="418"/>
<String CONTENT="Mifflin" HEIGHT="55" WIDTH="204" VPOS="3523" HPOS="443"/>
<SP HEIGHT="34" WIDTH="25" VPOS="3544" HPOS="648"/>
<String CONTENT="company," HEIGHT="50" WIDTH="296" VPOS="3544" HPOS="674"/>
<SP HEIGHT="64" WIDTH="28" VPOS="3530" HPOS="971"/>
<String CONTENT="1933." HEIGHT="50" WIDTH="152" VPOS="3529" HPOS="1000"/>
</TextLine>
<TextLine HEIGHT="50" WIDTH="951" VPOS="3599" HPOS="167" STYLEREFS="StyleId-B48D3A16-9ACB-4B0F-A170-0F8E32707E22-" CS="1">
<String CONTENT="4" HEIGHT="38" WIDTH="28" VPOS="3602" HPOS="167"/>
<SP HEIGHT="47" WIDTH="25" VPOS="3602" HPOS="196"/>
<String CONTENT="p." HEIGHT="37" WIDTH="43" VPOS="3612" HPOS="222"/>
<SP HEIGHT="40" WIDTH="24" VPOS="3601" HPOS="266"/>
<String CS="1" CONTENT="l.," HEIGHT="15" WIDTH="22" VPOS="3632" HPOS="315"/>
<SP HEIGHT="46" WIDTH="25" VPOS="3601" HPOS="338"/>
<String CONTENT="268" HEIGHT="40" WIDTH="86" VPOS="3600" HPOS="364"/>
<SP HEIGHT="47" WIDTH="24" VPOS="3600" HPOS="451"/>
<String CONTENT="p." HEIGHT="36" WIDTH="42" VPOS="3611" HPOS="476"/>
<SP HEIGHT="39" WIDTH="57" VPOS="3599" HPOS="519"/>
<String CONTENT="front.," HEIGHT="43" WIDTH="164" VPOS="3599" HPOS="577"/>
<SP HEIGHT="36" WIDTH="27" VPOS="3611" HPOS="742"/>
<String CONTENT="plates." HEIGHT="46" WIDTH="171" VPOS="3601" HPOS="770"/>
<SP HEIGHT="39" WIDTH="59" VPOS="3601" HPOS="942"/>
<String CONTENT="17cm." HEIGHT="39" WIDTH="116" VPOS="3600" HPOS="1002"/>
</TextLine>
<TextLine HEIGHT="62" WIDTH="1994" VPOS="3654" HPOS="105" STYLEREFS="StyleId-B48D3A16-9ACB-4B0F-A170-0F8E32707E22-" CS="1">
<String CONTENT="&#169;" HEIGHT="52" WIDTH="52" VPOS="3654" HPOS="105"/>
<SP HEIGHT="52" WIDTH="25" VPOS="3654" HPOS="158"/>
<String CONTENT="Apr." HEIGHT="47" WIDTH="112" VPOS="3659" HPOS="184"/>
<SP HEIGHT="41" WIDTH="24" VPOS="3659" HPOS="297"/>
<String CONTENT="26," HEIGHT="47" WIDTH="69" VPOS="3658" HPOS="322"/>
<SP HEIGHT="46" WIDTH="25" VPOS="3659" HPOS="392"/>
<String CS="1" CONTENT="1933;" HEIGHT="40" WIDTH="113" VPOS="3657" HPOS="418"/>
<SP HEIGHT="46" WIDTH="27" VPOS="3657" HPOS="559"/>
<String CONTENT="2c." HEIGHT="40" WIDTH="66" VPOS="3657" HPOS="587"/>
<SP HEIGHT="39" WIDTH="27" VPOS="3658" HPOS="654"/>
<String CONTENT="May" HEIGHT="46" WIDTH="113" VPOS="3658" HPOS="682"/>
<SP HEIGHT="47" WIDTH="25" VPOS="3657" HPOS="796"/>
<String CONTENT="1;" HEIGHT="47" WIDTH="52" VPOS="3657" HPOS="822"/>
<SP HEIGHT="37" WIDTH="28" VPOS="3667" HPOS="875"/>
<String CONTENT="aff." HEIGHT="41" WIDTH="81" VPOS="3657" HPOS="904"/>
<SP HEIGHT="39" WIDTH="27" VPOS="3659" HPOS="986"/>
<String CONTENT="May" HEIGHT="44" WIDTH="116" VPOS="3659" HPOS="1014"/>
<SP HEIGHT="45" WIDTH="23" VPOS="3658" HPOS="1131"/>
<String CONTENT="2;" HEIGHT="46" WIDTH="53" VPOS="3658" HPOS="1155"/>
<SP HEIGHT="46" WIDTH="27" VPOS="3658" HPOS="1209"/>
<!-- cceid 4159AE45-6CF9-1014-A6CF-A82867D68027 --><String CONTENT="A" HEIGHT="39" WIDTH="41" VPOS="3658" HPOS="1237"/>
<SP HEIGHT="41" WIDTH="25" VPOS="3658" HPOS="1279"/>
<String CONTENT="61586;" HEIGHT="52" WIDTH="170" VPOS="3658" HPOS="1305"/>
<SP HEIGHT="46" WIDTH="28" VPOS="3664" HPOS="1476"/>
<String CONTENT="J." HEIGHT="39" WIDTH="44" VPOS="3664" HPOS="1505"/>
<SP HEIGHT="38" WIDTH="27" VPOS="3666" HPOS="1550"/>
<String CONTENT="M." HEIGHT="40" WIDTH="63" VPOS="3666" HPOS="1578"/>
<SP HEIGHT="38" WIDTH="24" VPOS="3668" HPOS="1642"/>
<String CONTENT="Ashenhurst" HEIGHT="45" WIDTH="309" VPOS="3668" HPOS="1667"/>
<SP HEIGHT="38" WIDTH="26" VPOS="3676" HPOS="1977"/>
<String CONTENT="and" HEIGHT="38" WIDTH="95" VPOS="3678" HPOS="2004"/>
</TextLine>
<TextLine HEIGHT="53" WIDTH="1168" VPOS="3712" HPOS="173" STYLEREFS="StyleId-B48D3A16-9ACB-4B0F-A170-0F8E32707E22-">
<String CONTENT="Ruth" HEIGHT="42" WIDTH="132" VPOS="3715" HPOS="173"/>
<SP HEIGHT="39" WIDTH="28" VPOS="3715" HPOS="306"/>
<String CONTENT="L." HEIGHT="39" WIDTH="50" VPOS="3715" HPOS="335"/>
<SP HEIGHT="39" WIDTH="29" VPOS="3715" HPOS="386"/>
<String CONTENT="Ashenhurst," HEIGHT="47" WIDTH="319" VPOS="3715" HPOS="416"/>
<SP HEIGHT="49" WIDTH="30" VPOS="3713" HPOS="736"/>
<String CONTENT="Chicago." HEIGHT="50" WIDTH="225" VPOS="3712" HPOS="767"/>
<SP HEIGHT="49" WIDTH="67" VPOS="3714" HPOS="993"/>
<String CONTENT="(33-11592)" HEIGHT="51" WIDTH="280" VPOS="3714" HPOS="1061"/>
</TextLine>
<TextLine HEIGHT="66" WIDTH="921" VPOS="3803" HPOS="95" STYLEREFS="StyleId-D2432499-C314-46FC-8A8E-FB51BC29B4D2-">
<String CONTENT="Babb," HEIGHT="65" WIDTH="183" VPOS="3803" HPOS="95"/>
<SP HEIGHT="62" WIDTH="30" VPOS="3806" HPOS="279"/>
<String CONTENT="Hugh" HEIGHT="64" WIDTH="180" VPOS="3805" HPOS="310"/>
<SP HEIGHT="54" WIDTH="29" VPOS="3805" HPOS="491"/>
<String CONTENT="Webster," HEIGHT="65" WIDTH="290" VPOS="3804" HPOS="521"/>
<SP HEIGHT="59" WIDTH="32" VPOS="3810" HPOS="812"/>
<String CONTENT="1887-" HEIGHT="55" WIDTH="171" VPOS="3805" HPOS="845"/>
</TextLine>
<TextLine HEIGHT="81" WIDTH="1927" VPOS="3880" HPOS="168" CS="1">
<String CONTENT="Commercial" HEIGHT="56" WIDTH="373" VPOS="3881" HPOS="168"/>
<SP HEIGHT="52" WIDTH="30" VPOS="3881" HPOS="542"/>
<String CONTENT="law" HEIGHT="52" WIDTH="111" VPOS="3881" HPOS="573"/>
<SP HEIGHT="33" WIDTH="30" VPOS="3900" HPOS="685"/>
<String CONTENT="cases," HEIGHT="49" WIDTH="168" VPOS="3899" HPOS="716"/>
<SP HEIGHT="49" WIDTH="28" VPOS="3899" HPOS="885"/>
<String CONTENT="negotiable" HEIGHT="68" WIDTH="323" VPOS="3880" HPOS="914"/>
<SP HEIGHT="54" WIDTH="31" VPOS="3882" HPOS="1238"/>
<String CONTENT="instruments," HEIGHT="76" WIDTH="386" VPOS="3882" HPOS="1270"/>
<SP HEIGHT="65" WIDTH="31" VPOS="3893" HPOS="1657"/>
<String CONTENT="by" HEIGHT="68" WIDTH="74" VPOS="3893" HPOS="1689"/>
<SP HEIGHT="67" WIDTH="29" VPOS="3894" HPOS="1764"/>
<String CS="1" CONTENT="Hugh" HEIGHT="57" WIDTH="101" VPOS="3894" HPOS="1794"/>
<SP HEIGHT="52" WIDTH="31" VPOS="3903" HPOS="1977"/>
<String CONTENT="W." HEIGHT="52" WIDTH="86" VPOS="3903" HPOS="2009"/>
</TextLine>
<TextLine HEIGHT="91" WIDTH="1994" VPOS="3958" HPOS="99" CS="1">
<String CONTENT="Babb" HEIGHT="53" WIDTH="160" VPOS="3961" HPOS="99"/>
<SP HEIGHT="52" WIDTH="38" VPOS="3962" HPOS="260"/>
<String CS="1" CONTENT="&#8230;"/>
<SP HEIGHT="52" WIDTH="77" VPOS="3961" HPOS="355"/>
<String CONTENT="Boston," HEIGHT="66" WIDTH="234" VPOS="3961" HPOS="433"/>
<SP HEIGHT="69" WIDTH="29" VPOS="3958" HPOS="668"/>
<String CONTENT="Mass.," HEIGHT="69" WIDTH="191" VPOS="3958" HPOS="698"/>
<SP HEIGHT="67" WIDTH="30" VPOS="3960" HPOS="890"/>
<String CONTENT="Blanchard" HEIGHT="53" WIDTH="330" VPOS="3960" HPOS="921"/>
<SP HEIGHT="68" WIDTH="33" VPOS="3961" HPOS="1252"/>
<String CONTENT="printing" HEIGHT="72" WIDTH="264" VPOS="3963" HPOS="1286"/>
<SP HEIGHT="50" WIDTH="28" VPOS="3985" HPOS="1551"/>
<String CONTENT="company" HEIGHT="58" WIDTH="282" VPOS="3987" HPOS="1580"/>
<SP HEIGHT="51" WIDTH="36" VPOS="3994" HPOS="1863"/>
<String CS="1" CONTENT="[c1933]" HEIGHT="66" WIDTH="193" VPOS="3983" HPOS="1900"/>
</TextLine>
</TextBlock>
</PrintSpace>
</Page>
</Layout>
</alto>