2597 4403
1253 4117 102 50 332

286 440 149 65 Ray,
466 439 229 64 George
727 435 165 68 Ellis,
922 441 172 51 1881-

356 512 1583 71 Tax and debts, the world’s greatest enemy … by
433 510 1870 153 G. E. Ray … [Stephenville, Tex.] c1933.
384 666 504 52 1 p. l., 156 p. 19cm.
359 726 74 41 On
459 737 169 30 cover:
659 724 369 42 Debts—bonds
1054 724 97 40 and
1179 726 100 39 tax.

292 780 52 52 ©
373 784 110 40 Jan.
511 784 70 47 28,
610 782 141 48 1933;
782 783 68 40 2c.
879 785 95 38 and
1003 794 81 29 aff.
1116 782 112 40 Feb.
1258 782 82 47 13;
1371 783 41 38 A
1440 782 172 47 59411;
1644 782 51 40 G.
1727 783 53 39 E.
1809 782 122 48 Ray,
1963 781 344 49 Stephenville,

359 842 115 41 Tex.
547 840 251 50 (33-6961)

287 932 215 65 Rebar,
533 932 157 54 John
721 930 303 66 Nicholas,
1059 936 172 50 1885-

361 1008 359 56 Cross-word
757 1008 147 71 golf,
940 1028 32 34 a
1010 1026 165 52 game
1214 1008 95 53 for
1345 1013 115 49 two
1497 1008 249 70 players,
1780 1007 76 70 by
1894 1008 56 54 J.
1990 1008 70 54 N.
2099 1007 210 70 Rebar,

287 1090 197 53 James
511 1087 177 55 Jakse
716 1088 113 53 and
858 1086 224 71 George
1107 1087 92 55 W.
1226 1087 217 53 Doran.
1508 1087 140 53 New
1676 1086 183 71 York,
1887 1087 68 53 E.
1985 1088 66 53 P.
2081 1088 228 53 Dutton

287 1169 45 51 &
360 1185 99 50 co.,
487 1167 108 53 inc.
633 1168 195 67 [c1933]

361 1239 57 42 95
446 1250 43 39 p.
550 1241 182 46 diagrs.
792 1239 117 42 20cm.

360 1297 167 41 “First
556 1296 231 42 edition.”

293 1353 52 52 ©
376 1357 110 40 Jan.
515 1357 70 46 17,
614 1355 142 48 1933;
787 1356 68 41 2c.
884 1357 96 38 and
1011 1355 82 40 aff.
1123 1356 111 39 Jan.
1266 1354 81 42 19;
1379 1354 41 39 A
1450 1354 172 48 58946;
1655 1356 50 39 E.
1738 1356 51 40 P.
1821 1355 187 40 Dutton
2039 1355 37 40 &
2104 1364 84 39 co.,
2218 1354 91 42 inc.

371 1413 253 49 (33-6910)

286 1504 249 65 Rogers,
565 1505 236 54 Arthur
830 1505 271 63 Kenyon,
1134 1509 172 50 1868-

360 1581 122 53 The
526 1579 258 57 Socratic
829 1581 277 68 problem,
1149 1580 77 69 by
1269 1580 229 54 Arthur
1540 1580 245 69 Kenyon
1831 1581 238 69 Rogers.
2168 1581 141 54 New

289 1661 227 67 Haven,
557 1660 148 52 Yale
745 1659 320 70 university
1107 1677 188 50 press;
1340 1659 261 69 London,
1644 1658 77 55 H.
1763 1658 270 70 Milford,
2076 1658 233 57 Oxford

289 1738 320 69 university
635 1756 177 51 press,
843 1740 151 51 1933.

361 1812 47 40 iv
434 1822 59 38 p.,
520 1813 25 38 1
592 1844 24 16 l.,
644 1811 87 41 200
757 1822 45 38 p.
862 1812 118 40 21cm.

359 1869 102 41 The
492 1869 181 41 author
702 1868 250 41 considers
982 1870 82 39 the
1099 1867 218 42 Socratic
1346 1866 216 50 problem
1595 1869 49 40 to
1674 1867 58 43 be
1765 1870 82 39 the
1879 1867 324 50 relationship
290 1869 2001 98 between
489 1927 112 42 “the
640 1927 138 39 three
820 1924 285 42 Socrates’”
1145 1926 109 39 who
1295 1925 141 41 make
1477 1925 131 41 their
1647 1935 304 38 appearance
1992 1926 50 40 in
2085 1928 82 40 the
290 1926 2000 105 dialogues
482 1983 53 40 of
558 1983 142 41 Plato.
777 1983 61 47 cf.
867 1982 187 41 Introd.

295 2038 52 52 ©
379 2043 122 39 Mar.
534 2042 69 47 14,
634 2040 142 48 1933;
809 2041 67 41 2c.
909 2043 122 38 Mar.
1064 2042 82 47 18;
1181 2040 84 41 aff.
1298 2042 122 40 Mar.
1452 2042 83 46 17;
1568 2042 41 39 A
1641 2040 170 48 59979;
1845 2042 123 40 Yale
1998 2042 131 40 univ.
2160 2050 152 39 press.

374 2098 252 50 (33-7398)

291 2191 186 64 Ruck,
505 2191 205 56 Berta.

361 2268 399 70 Understudy,
801 2267 76 71 by
921 2269 178 53 Berta
1142 2267 182 54 Ruck.
1405 2268 140 54 New
1589 2268 182 69 York,
1813 2268 194 70 Dodd,
2049 2269 172 53 Mead
2266 2268 47 52 &

290 2365 302 51 company,
623 2349 152 51 1933.

359 2433 33 28 x
417 2431 58 38 p.,
503 2421 27 39 2
577 2452 25 16 l.,
629 2419 146 42 3-299
799 2431 44 38 p.
905 2420 117 41 19cm.

297 2475 52 52 ©
381 2480 122 39 Mar.
564 2511 8 15 1,
603 2478 141 47 1933;
776 2478 68 42 2c.
874 2481 96 39 and
1001 2478 81 41 aff.
1115 2481 123 39 Mar.
1268 2479 54 47 3;
1355 2480 41 39 A
1426 2479 143 41 60703;
1632 2481 145 39 Berta
1814 2480 138 40 Ruck
1984 2479 178 42 Oliver.
365 2479 1930 98 London.
545 2537 251 48 (33-6703)

294 2640 329 68 Sachanen,
655 2640 340 57 Alexander
1026 2641 303 68 Nicholas,
1363 2647 170 51 1886-

292 2719 1925 135 Chemistry and technology of cracking, by A. N. Sachanen … and M. D.
641 2800 1667 71 Tilicheyev … translated by A. A. Boehtlingk, D. F.
297 2878 212 54 Brown
552 2880 113 53 and
704 2881 77 52 K.
821 2883 64 51 T.
929 2880 179 57 Steik.
1185 2880 140 53 New
1366 2880 181 69 York,
1586 2882 121 53 The
1750 2881 293 56 Chemical
2082 2881 228 69 catalog

295 2976 299 51 company,
624 2960 128 67 inc.,
785 2962 151 50 1932.

364 3033 87 42 389
477 3044 43 38 p.
578 3034 145 48 illus.,
751 3034 182 48 diagrs.
989 3033 148 43 23½cm.

370 3091 162 40 “With
560 3091 82 40 the
669 3091 256 48 exception
953 3092 51 39 of
1031 3092 203 47 chapter
1262 3090 40 48 9,
1331 3090 159 42 which
1519 3090 42 42 is
1589 3091 207 48 entirely
1824 3100 120 39 new,
1974 3091 82 41 the
2085 3089 228 43 material

297 3148 259 40 contained
596 3148 49 40 in
687 3148 100 41 this
827 3148 125 41 book
990 3149 90 40 has
1121 3150 119 39 been
1282 3150 169 39 drawn
1493 3149 51 40 in
1583 3151 136 46 large
1758 3151 112 46 part
1910 3149 129 40 from
2082 3148 234 49 ‘Kreking

297 3216 29 28 v
356 3205 196 40 zhidkoi
581 3206 110 39 faze
733 3204 257 50 (Khimiya
1022 3206 17 40 i
1070 3204 394 50 tekhnologiya)’
1496 3206 62 49 by
1591 3206 256 41 Professor
1880 3206 55 41 A.
1967 3206 57 41 N.
2060 3205 254 42 Sachanen

298 3262 14 39 i
350 3263 62 39 M.
449 3262 57 41 D.
543 3262 294 49 Tilicheyev,
873 3263 278 48 Neftyanoe
1186 3264 316 47 Izdatelstvo,
1539 3263 129 49 1928,
1706 3263 159 42 which
1903 3263 91 42 has
2030 3264 120 41 been
297 3263 2001 106 thoroughly
509 3320 191 41 revised
731 3322 96 39 and
860 3321 50 40 in
942 3332 146 38 many
1123 3321 247 41 instances
1402 3321 286 49 completely
1722 3319 591 42 rewritten.”—Authors’

297 3378 122 46 pref.

301 3430 52 52 ©
380 3435 112 39 Dec.
517 3435 69 46 17,
612 3435 141 48 1932;
781 3436 67 40 2c.
875 3438 95 38 and
997 3435 82 42 aff.
1106 3436 112 40 Dec.
1245 3435 82 47 19;
1357 3436 39 39 A
1422 3436 171 47 57541;
1624 3434 244 42 Chemical
1895 3435 194 49 catalog
2114 3444 82 35 co.,
2224 3434 90 42 inc.

381 3491 252 49 (33-6972)

295 3594 263 66 Schrott,
592 3596 303 65 Lambert,
931 3602 172 48 1894-

430 3672 1881 57 … Pioneer German Catholics in the American colonies
309 3751 2003 70 (1734-1784) by the Rev. Lambert Schrott … The Leopoldine
300 3830 344 53 foundation
685 3833 110 51 and
835 3833 93 52 the
965 3833 213 52 church
1215 3833 59 52 in
1308 3833 95 53 the
1441 3833 218 54 United
1695 3832 190 56 States
1933 3831 368 70 (1829-1839)

299 3911 2012 68 by the Rev. Theodore Roemer … New York, The United
302 3990 188 53 States
522 3990 263 55 Catholic
816 3991 293 53 historical
1141 3991 229 69 society,
1404 3994 150 50 1933.
