2597 4403
1396 4098 66 48 90

491 476 62 38 (In
580 472 124 42 New
734 471 205 43 London
965 470 285 53 Magazine,
1280 471 132 50 Dec.,
1444 471 146 50 1932)

391 527 2021 52 © 1c. Jan. 11, 1933; A ad int. 17438; pubd. Nov. 15, 1932; Harry Drake
460 589 335 49 Hodgkinson,
826 588 158 41 Paris.

389 686 198 65 Beith,
618 685 157 55 John
804 687 156 64 Hay.

461 764 121 54 The
613 769 163 64 great
804 766 136 51 wall
967 764 63 54 of
1059 765 193 66 India,
1277 764 76 69 by
1380 766 111 51 Ian
1519 766 140 67 Hay
1713 765 212 68 [pseud.]
2003 783 93 37 no.
2125 768 119 51 1-6.

495 840 62 39 (In
586 835 205 44 London
816 835 239 54 Morning
1085 840 128 49 post,
1244 836 115 43 Dec.
1391 837 166 50 12-16,
1589 838 72 50 19,
1692 836 145 50 1932)

395 893 2019 54 © 1c. each Feb. 7, 1933; A ad int. 17462; pubd. Dec. 12, 13, 14, 15, 16,
468 952 70 50 19,
568 953 143 48 1932;
743 955 45 41 J.
817 954 60 40 H.
908 954 160 50 Beith,
1098 954 216 41 London.

389 1058 253 65 Borden,
672 1059 194 64 Mary.

463 1135 151 57 Does
645 1135 354 70 familiarity
1027 1136 172 54 breed
1228 1138 326 68 contempt?

498 1212 60 39 (In
587 1208 160 43 Home
778 1208 208 52 making
1018 1208 279 52 magazine,
1329 1207 129 52 Jan.,
1492 1208 146 50 1933)

399 1266 2019 52 © 1c. Jan. 20, 1933; A ad int. 17470; pubd. Dec. 26, 1932; M. Borden,
466 1326 216 41 London.

465 1430 155 56 Here
653 1448 184 38 comes
867 1431 99 54 the
993 1430 299 56 bride—to
1324 1431 190 56 what?

502 1507 62 38 (In
590 1503 161 43 Home
780 1502 207 53 making
1017 1502 279 53 magazine.
1326 1502 142 52 Nov.,
1498 1503 147 50 1932)

399 1560 2021 51 © 1c. Dec. 21. 1932; A ad int. 17468; pubd. Oct. 26; M. Borden, London.
396 1680 289 68 Boscana,
719 1681 337 66 Gerónimo,
1090 1683 329 56 1776-1831.

468 1759 452 71 Chinigchinich
962 1761 512 69 (Chi-ñi'ch-ñich)
1569 1761 59 54 A
1673 1762 224 54 revised
1947 1762 115 53 and
2113 1761 311 55 annotated

397 1839 228 55 version
657 1839 67 55 of
753 1838 217 56 Alfred
1004 1839 345 56 Robinson’s
1381 1841 349 54 translation
1764 1839 66 56 of
1860 1840 219 54 Father
2113 1839 311 57 Geronimo

398 1917 308 55 Boscana’s
737 1919 301 54 historical
1068 1924 241 49 account
1339 1919 65 54 of
1433 1919 100 55 the
1558 1918 196 71 belief,
1782 1937 222 52 usages,
2035 1924 247 50 customs
2312 1919 113 54 and

398 1999 467 68 extravagencies
914 1998 35 69 [!]
989 1997 67 55 of
1086 1998 96 54 the
1217 1998 246 55 Indians
1496 1997 66 55 of
1593 1998 118 55 this
1742 1998 238 54 mission
2014 1997 66 55 of
2114 1997 122 57 San
2268 1998 157 56 Juan

401 2074 368 71 Capistrano,
798 2078 183 53 called
1012 2078 97 53 the
1139 2077 422 69 Acagchemem
1591 2077 165 55 tribe.
1835 2076 179 57 Santa
2047 2078 151 68 Ana,
2232 2076 197 70 Calif.,

399 2155 148 56 Fine
572 2162 120 48 arts
719 2175 178 50 press,
926 2159 153 51 1933.

468 2230 89 41 247
583 2229 55 50 (i.
665 2240 38 31 e.
730 2229 112 49 249)
877 2241 60 38 p.,
962 2231 26 40 1
1037 2264 9 9 l.
1072 2230 112 42 incl.
1211 2230 88 44 col.
1324 2229 167 50 front.,
1518 2229 130 42 illus.
1678 2230 164 51 (port,
1867 2229 166 50 maps)
2100 2229 160 50 plates
2287 2229 139 50 (part

397 2286 114 50 col.)
579 2288 58 40 37
639 2289 45 22 cm
687 2318 9 9 .

472 2345 213 41 Initials.

475 2401 228 42 Includes
731 2401 348 50 reproduction
1106 2402 53 42 of
1185 2400 212 50 original
1424 2404 114 46 t.-p.,
1568 2402 118 40 New
1709 2401 149 49 York,
1887 2401 132 48 1846.

476 2457 207 42 “Edited
719 2460 64 48 by
818 2458 110 41 Phil
966 2459 274 41 Townsend
1278 2459 181 41 Hanna
1501 2490 49 10 …
1590 2458 318 42 annotations
1943 2458 65 48 by
2046 2458 129 41 John
2213 2458 51 40 P.
403 2458 2010 106 Harrington
635 2547 48 10 …
714 2516 248 42 foreword

992 2517 64 48 by
1084 2516 266 41 Frederick
1379 2516 150 41 Webb
1561 2516 173 48 Hodge
1766 2547 51 10 …
1846 2515 335 41 illustrations
2210 2515 66 48 by
2304 2515 124 41 Jean

404 2572 236 41 Goodwin
669 2605 49 8 …
746 2573 260 49 published
1030 2574 64 47 by
1119 2574 214 39 Thomas
1359 2574 54 38 E.
1440 2572 289 41 Williams.”

476 2628 395 50 “Bibliography,
900 2630 64 48 by
992 2630 130 40 John
1150 2630 52 41 P.
1230 2628 368 49 Harringtoli”:
1628 2638 43 40 p.
1703 2627 253 52 [229]-244.

410 2683 2002 107 © Jan. 15, 1933: 2c. Jan. 16; aff. Jan. 30; A 60102; Thomas E. Williams, Santa
842 2745 122 40 Ana.
993 2744 146 41 Calif.
1220 2740 53 52 [©
1299 2743 318 42 annotations
1644 2744 95 40 and
1764 2742 344 50 bibliography
2132 2742 63 50 by
2221 2742 128 42 John
2378 2742 52 41 P.

482 2801 335 48 Harrington;
858 2801 333 42 illustrations
1231 2802 96 40 and
1365 2802 190 41 format
1588 2802 64 48 by
1688 2801 126 40 Jean
1854 2799 249 52 Goodwin]
490 2858 253 49 (33-2885)

409 2950 249 65 Brandt,
690 2950 223 64 Joseph
944 2950 263 64 August.

479 3028 250 53 Toward
769 3029 97 52 the
905 3046 124 35 new
1073 3027 183 69 Spain
1319 3028 94 69 [by]
1461 3029 217 67 Joseph
1720 3029 72 53 A.
1833 3028 245 53 Brandt.
2156 3026 272 70 Chicago,

409 3106 114 67 Ill.,
551 3107 121 53 The
702 3105 341 70 University
1072 3107 65 53 of
1165 3107 255 68 Chicago
1449 3125 158 50 press
1694 3110 118 65 [1933]

480 3178 1698 51 xiii p., 1 l., 435 p. front., illus. (maps) plates, ports. 23½ cm .
482 3238 42 40 A
549 3238 220 48 political
796 3239 192 47 history
1013 3239 53 39 of
1094 3238 150 48 Spain
1271 3238 128 41 from
1427 3238 115 41 1810
1568 3238 213 48 through
1808 3237 129 41 1931.

482 3295 381 48 Bibliography:
895 3307 43 38 p.
969 3296 220 43 403-411.

415 3350 53 52 ©
500 3355 110 40 Jan.
643 3354 68 49 10,
743 3353 143 48 1933;
919 3354 69 41 2c.
1018 3356 97 39 and
1147 3354 84 42 aff.
1263 3355 109 40 Jan.
1406 3354 82 48 27;
1523 3355 43 39 A
1595 3353 171 48 59176;
1802 3352 286 48 University
2121 3353 51 41 of
2206 3350 224 51 Chicago,

488 3411 225 47 Chicago.
785 3411 253 48 (33-3094)

412 3500 277 66 Bristow,
723 3501 199 65 Gwen,
957 3506 173 51 1903-

483 3580 122 53 The
633 3580 194 52 Mardi
858 3598 133 49 gras
1019 3580 278 58 murders,
1323 3580 76 67 by
1428 3579 178 56 Gwen
1635 3579 250 52 Bristow
1912 3579 113 52 and
2055 3579 188 52 Bruce
413 3577 1995 147 Manning

601 3657 234 67 [pseud.]
916 3656 140 53 New
1098 3656 166 53 York
1305 3657 114 53 and
1460 3657 259 66 London,
1760 3656 121 53 The
1921 3659 256 65 mystery
2217 3654 216 70 league,

417 3738 151 50 1932.

485 3809 88 41 286
602 3820 43 38 p.
706 3808 148 42 19½cm.

489 3865 164 42 “First
680 3865 229 42 edition.”

422 3925 53 52 ©
507 3929 111 41 Jan.
650 3929 69 46 16,
752 3927 142 48 1933;
928 3929 70 41 2c.
1029 3929 109 39 Jan.
1172 3928 83 47 19;
1290 3928 83 40 aff.
1406 3928 112 40 Feb.
1551 3926 82 44 25;
1668 3928 39 39 A
1740 3926 171 48 59142;
1948 3927 147 40 Gwen
2131 3926 306 42 MacCurran

490 3987 96 39 and
618 3986 187 48 George
834 3984 319 49 MacCurran,
1183 3986 120 40 New
1334 3985 222 41 Orleans.
1626 3984 253 49 (33-2412)
