2484 4405
1065 4079 133 49 1001

130 503 1974 110 3 p. l., iii, 133 p. 23½cm. (American statistical association. Monograph no. 1)
203 620 182 40 “These
426 620 132 46 data,
603 617 276 43 heretofore
922 618 335 48 unpublished,
1301 629 126 30 were
1470 617 233 49 compiled
1749 618 49 38 in
1840 619 282 40 connection

132 677 117 39 with
277 687 28 29 a
334 676 144 47 study
512 675 182 48 [‘Rural
722 675 148 40 social
899 675 180 40 trends’
1111 675 59 47 hy
1200 675 51 39 E.
1280 676 58 39 de
1368 674 43 40 S.
1441 674 223 40 Brunner
1691 676 96 38 and
1817 674 43 41 J.
1891 674 58 41 Il.
1982 675 138 49 Kolb]

131 733 141 39 made
301 732 176 47 jointly
513 733 59 46 by
606 734 80 38 the
721 732 233 40 Institute
988 732 51 40 of
1072 732 150 39 social
1254 733 96 38 and
1384 731 230 48 religious
1650 735 224 36 research
1909 733 96 38 and
2041 733 81 40 the

132 788 293 41 President’s
466 789 223 39 research
731 787 274 41 committee
1045 799 61 29 on
1146 788 149 40 social
1337 787 459 41 trends.”—Introd.

203 846 145 40 “This
377 845 295 49 monograph
701 843 253 42 continues
981 844 84 41 Dr.
1101 842 64 52 [C.
1198 844 65 50 L.]
1296 843 137 49 Fry’s
1462 843 196 51 pioneer
1690 846 133 40 work
1870 845 50 38 [‘A
1952 855 172 31 census

133 901 1992 49 analysis of American villages’, 1925] by presenting … tables … for
132 960 81 39 the
247 959 230 41 identical
511 959 182 47 sample
727 958 51 40 of
812 959 83 38 177
929 957 325 49 agricultural
1288 958 202 49 villages
1524 958 79 40 for
1640 960 80 39 the
1754 969 118 37 year
1907 959 217 41 1930.”—

130 1030 42 36 p.
207 1020 36 38 1.

134 1085 51 51 ©
210 1089 127 39 June
357 1088 70 46 26,
453 1087 139 46 1933;
618 1086 67 40 2c.
712 1085 113 47 May
849 1086 52 45 1;
929 1083 82 42 aff.
1037 1085 115 47 July
1178 1085 51 45 5;
1258 1085 40 38 A
1323 1085 169 47 64226;
1521 1085 158 41 Amer.
1706 1086 265 40 statistical
1998 1097 128 31 assn.

209 1144 278 49 (33-18092)

126 1246 177 62 Lusk,
336 1246 279 61 Graham,
648 1249 324 50 1866-1932.

258 1322 1863 68 … Nutrition, by Graham Lusk … with 13 illustrations.
128 1403 136 56 New
293 1402 178 68 York,
498 1404 64 52 P.
592 1404 64 52 B.
686 1401 244 67 Hoeber,
958 1400 124 68 inc.,
1115 1404 148 52 1933.

199 1478 63 46 xi,
287 1477 84 38 142
397 1487 42 37 p.
466 1477 106 38 incl.
601 1477 168 47 plates,
799 1477 146 45 ports.
1009 1475 53 39 17½
1094 1477 15 20 cm
1144 1505 9 8 .
1225 1474 296 48 (Half-title:
1548 1474 102 41 Clio
1677 1474 182 40 medica;
1920 1487 24 27 a
1976 1476 149 39 scries

130 1526 1225 55 of primers on the history of medicine … x)
203 1592 157 38 Series
386 1591 109 39 title
520 1591 48 37 in
594 1592 113 45 part
731 1592 50 37 at
809 1590 122 38 head
959 1589 51 38 of
1035 1591 98 44 t.-p.

199 1647 374 47 Bibliography:
604 1658 43 36 p.
675 1646 217 40 125-129.

134 1715 1880 51 © June 23, 1933; 2c. and aff. June 28; A 63414; P. B. Hoeber, inc.
212 1775 278 48 (33-17701)

126 1875 300 66 Maritain,
453 1877 272 64 Jacques,
757 1882 170 49 1882-

203 1956 164 54 Some
394 1956 313 55 reflections
733 1974 70 36 on
830 1956 218 53 culture
1074 1956 113 51 and
1213 1955 225 70 liberty,
1464 1956 75 68 by
1564 1957 242 66 Jacques
1830 1956 294 53 Maritain.

132 2034 267 68 Chicago,
426 2036 120 52 The
571 2035 338 68 University
936 2035 63 52 of
1027 2035 252 67 Chicago
1306 2053 155 48 press
1494 2038 171 64 [1933]

204 2107 1178 49 2 p. l., 50, [1] p. front. (port.) 19½ x 16 cm .
201 2165 201 48 English
430 2167 95 38 and
555 2165 200 43 French.

136 2219 51 51 ©
220 2224 126 39 June
376 2224 69 46 27,
478 2223 113 40 1933;
651 2224 69 39 2c.
753 2223 116 47 July
901 2224 52 43 7;
989 2222 81 41 aff.
1106 2223 115 47 July
1254 2223 52 46 8;
1342 2223 41 38 A
1415 2222 169 47 63523;
1622 2221 283 48 University
1938 2222 51 40 of
205 2221 1906 107 Chicago,
365 2279 221 48 Chicago.
661 2279 279 48 (33-17918)

129 2378 341 63 Morecroft,
499 2382 155 53 John
683 2381 238 65 Harold,
955 2387 171 49 1881-

202 2461 265 51 Electron
498 2461 159 52 tubes
690 2462 111 51 and
831 2459 150 53 their
1011 2459 371 69 application,
1410 2461 77 67 by
1516 2461 156 55 John
1703 2462 76 52 H.
1811 2460 318 54 Morecroft

192 2538 1937 69 … New York, J. Wiley & sons, inc.; London, Chapman &
132 2618 157 62 Hall,
317 2618 239 62 limited,
590 2622 144 52 1933.

203 2690 102 48 xiii,
331 2691 87 40 458
443 2702 43 36 p.
515 2691 108 40 incl.
651 2691 162 47 front.,
842 2691 142 47 illus.,
1013 2691 179 46 diagrs.
1253 2690 54 40 23½cm.
1514 2689 56 47 $4
1590 2689 54 40 50

139 2745 51 51 ©
224 2750 127 39 June
381 2749 69 45 29,
484 2749 139 41 1933;
659 2749 67 40 2c.
761 2750 126 38 June
919 2749 81 42 30;
1038 2749 83 41 aff.
1156 2750 116 47 July
1305 2750 52 45 1;
1394 2749 41 38 A
1468 2748 170 47 64194;
1676 2748 43 41 J.
1755 2748 61 40 H.
1852 2747 279 41 Morecroft.

204 2806 118 39 New
351 2806 143 39 York.
569 2805 278 47 (33-17698)

133 2908 261 64 Murray,
424 2908 189 54 David
640 2908 209 65 Leslie,
880 2914 168 49 1888-

207 2984 1918 70 Oncc they were rich, by D. L. Murray … New York, E. P.
136 3063 751 68 Dutton & co., inc. [ c 1933]
208 3135 85 40 352
321 3147 43 38 p.
425 3135 55 40 19½
512 3138 43 21 cm
560 3168 9 8 .

211 3192 161 41 “First
400 3193 226 41 edition.”

142 3247 51 51 ©
227 3251 115 46 July
371 3251 38 45 1,
442 3250 112 40 1933;
616 3250 65 39 2c.
715 3251 93 38 and
841 3249 82 43 aff.
956 3251 117 47 July
1103 3251 53 45 7;
1191 3251 40 37 A
1263 3250 170 47 64347;
1469 3251 52 39 E.
1554 3251 51 40 P.
1639 3251 186 39 Dutton
1856 3252 37 39 &
1925 3262 81 37 co.,
2039 3252 91 41 inc.

217 3307 277 47 (33-17939)

135 3408 143 52 New
304 3408 160 52 York
502 3408 216 66 (State)
803 3407 182 67 Laws,
1012 3414 258 60 statutes,
1297 3415 100 47 etc.

211 3485 279 56 Criminal
534 3487 108 52 law
683 3489 109 51 and
837 3486 247 68 practice
1128 3487 63 52 of
1230 3488 94 52 the
1366 3494 143 46 state
1550 3488 63 51 of
1654 3488 138 53 New
1834 3488 178 54 York,
2053 3488 76 68 by

141 3564 1989 68 Frank B. Gilbert … consisting of the Penal law, the Code of
140 3641 261 53 criminal
444 3644 325 65 procedure,
810 3643 93 53 the
945 3642 257 54 Inferior
1244 3643 261 52 criminal
1547 3650 187 47 courts
1778 3649 106 57 act,
1924 3645 205 51 Parole

141 3718 355 54 commission
529 3720 109 52 law
672 3719 94 54 for
798 3720 120 53 first
954 3722 141 53 class
1128 3719 157 54 cities
1321 3723 109 52 and
1467 3721 322 55 Children’s
1821 3728 159 48 court
2014 3727 115 47 acts

141 3798 63 51 of
227 3800 137 51 New
388 3799 160 51 York
572 3804 142 47 state
738 3800 111 51 and
872 3800 138 52 New
1035 3800 164 52 York
1221 3799 132 67 city,
1378 3800 392 67 exhaustively
1792 3801 302 51 annotated;

142 3881 156 47 court
335 3876 291 57 decisions,
659 3895 191 36 source
884 3884 156 45 notes
1074 3878 109 52 and
1221 3878 507 63 cross-references,
1764 3897 58 33 as
1857 3878 269 52 amended

143 3959 57 45 to
252 3955 92 51 the
397 3956 106 51 end
558 3953 63 53 of
671 3956 94 51 the
818 3955 318 67 legislative
1189 3954 226 66 session,
1471 3960 148 48 1933.
1699 3956 128 52 16th
1880 3956 84 53 ed.
2041 3957 89 61 By
