2582 4453
1329 4117 134 53 1728

392 418 448 66 Tannenbaum,
875 419 220 66 Frank,
1133 421 173 50 1893-

464 494 260 56 Osborne
770 496 64 53 of
882 494 147 72 Sing
1079 494 163 72 Sing,
1288 495 76 70 by
1410 496 201 53 Frank
1657 498 445 67 Tannenbaum;
2155 498 141 53 with
2344 516 69 35 an

393 573 394 55 introduction
812 574 76 70 by
913 575 96 53 the
1034 574 337 55 Honorable
1396 574 287 54 Franklin
1710 575 73 54 D.
1811 576 319 54 Roosevelt.
2196 576 218 69 Chapel

392 650 149 73 Hill,
568 654 121 53 The
716 653 344 70 University
1087 652 66 55 of
1177 653 190 54 North
1396 652 275 56 Carolina
1700 673 176 50 press,
1908 656 152 51 1933.

462 736 76 38 XV,
567 727 86 42 343
682 738 44 37 p.
788 727 147 41 23½cm.

397 782 51 52 ©
480 787 119 40 Nov.
629 787 70 45 25,
730 786 114 40 1933;
905 786 67 40 2c.
1005 787 113 40 Dec.
1147 787 54 45 4;
1236 786 81 40 aff.
1352 787 112 40 Dec.
1497 787 52 45 6;
1583 786 41 39 A
1655 786 172 47 67396;
1863 786 284 44 University
2180 788 52 40 of
2262 789 157 39 North

465 844 229 40 Carolina
721 854 150 38 press.
945 843 283 47 (33-37011)

393 932 2021 150 Texas and South western digest of volumes 46-60 South western reporter, Second series. And … state reports … With
466 1090 1943 71 table of cases digested … By the publisher’s editorial
463 1176 152 45 staff.
696 1168 83 55 St.
809 1169 168 67 Paul,
1002 1172 160 54 West
1191 1170 341 70 publishing
1559 1188 100 51 co.,
1689 1173 151 50 1933.

465 1244 67 49 iii,
564 1246 116 39 1465
708 1257 43 37 p.
811 1245 116 40 26cm.

394 1299 52 51 ©
474 1303 119 40 Nov.
619 1304 70 46 22,
718 1303 113 40 1933;
888 1304 69 41 2c.
984 1305 96 38 and
1109 1303 82 41 aff.
1219 1305 113 39 Dec.
1361 1304 83 44 26;
1474 1304 43 38 A
1542 1303 172 47 67677;
1745 1305 136 39 West
1909 1304 108 47 pub.
2046 1314 68 29 co.

398 1394 295 68 [Thomas,
726 1396 257 53 Edward
1016 1395 321 68 Elsworth]

463 1474 121 52 The
624 1475 165 52 heart
827 1473 64 53 of
932 1492 31 34 a
1003 1474 275 53 dreamer.
1363 1473 305 69 [Colorado
1711 1473 267 68 Springs,
2020 1474 122 52 The
2182 1475 229 51 Dentan

392 1549 265 72 printing
686 1570 98 51 co.,
814 1557 177 64 c1933]

463 1625 1174 50 2 p. l., 46 p. illus. (mounted port.) 16cm.
463 1683 293 41 Dedication
782 1684 197 48 signed:
1009 1685 213 40 Edward
1250 1685 248 40 Elsworth
1524 1684 214 40 Thomas
1775 1683 216 50 (Dannie
2020 1683 51 40 P.
2099 1681 195 48 Culiar)

462 1741 171 41 Poems
663 1743 95 39 and
788 1743 138 40 short
953 1752 143 38 prose
1124 1742 238 40 sketches.

393 1793 53 53 ©
479 1800 113 39 Dec.
623 1801 40 44 2,
697 1799 142 47 1933;
874 1800 68 40 2c.
975 1801 97 39 and
1106 1799 82 40 aff.
1225 1801 112 39 Dec.
1370 1800 53 45 8;
1461 1800 38 38 A
1533 1799 171 46 67426;
1743 1800 50 39 E.
1830 1799 52 39 E.
1917 1798 226 46 Thomas,
2178 1798 240 40 Colorado

466 1855 215 49 Springs,
711 1857 100 40 Col.
884 1857 283 47 (33-37427)

391 1933 194 64 Tyler,
617 1933 234 55 Froom.

463 2007 255 56 Gallows
754 2011 234 68 parade,
1026 2011 73 69 by
1135 2011 215 53 Froom
1384 2012 205 68 Tyler;
1628 2011 141 52 with
1805 2010 239 69 chapter
2081 2008 333 70 headpieces

393 2088 201 53 drawn
623 2090 78 64 by
729 2089 157 54 Batt.
951 2091 262 63 London,
1241 2091 64 53 L.
1334 2091 275 63 Dickson,
1638 2090 227 53 limited
1920 2093 154 61 [1933]

463 2162 86 41 285
579 2176 44 37 p.
686 2163 116 42 19cm.

467 2220 147 42 Short
644 2222 191 41 stories.

392 2274 2026 55 © 1c. Nov. 29, 1933; A ad int. 18401; pubd. Oct. 19; Lovat Dickson, ltd.
469 2337 283 48 (33-38690)

390 2414 347 64 Utermark,
770 2415 246 56 Walter.

456 2491 111 53 Die
596 2491 357 54 chemischen
980 2492 379 69 kampfstoffe
1389 2494 118 52 und
1536 2492 92 54 die
1657 2491 603 70 industriegiftstoffe;
2293 2493 122 52 eine

386 2571 362 68 darstellung
782 2571 156 53 ihrer
975 2572 340 69 Wirkungen
1349 2573 120 52 und
1505 2572 156 52 ihrer
1696 2570 402 70 bekämpfung
2155 2588 131 51 [von]
2328 2572 82 52 dr.

386 2650 223 53 Walter
644 2650 330 54 Utermark.
1052 2651 326 69 Hamburg,
1415 2650 68 56 O.
1519 2650 281 54 Meissner
1840 2653 194 65 [c1933]

458 2724 81 47 vii,
569 2724 85 40 104
683 2735 43 38 p.
754 2725 110 40 incl.
895 2726 156 40 tables.
1127 2726 120 41 fold.
1276 2737 63 38 pl.
1400 2725 117 41 16cm.

461 2781 130 41 “Das
622 2782 311 49 vorliegende
963 2783 228 40 büchlein
1222 2784 84 40 des
1337 2784 149 39 herrn
1517 2784 71 39 dr.
1622 2782 266 41 Utermark
1917 2782 66 40 ist
2014 2792 90 29 aus
2136 2782 86 39 der
388 2784 2008 104 Unterrichtstätigkeit
815 2842 85 39 des
937 2841 277 40 Verfassers
1251 2841 76 40 bei
1366 2842 92 39 den
1495 2838 611 49 luftschutz-abteilungen
2144 2840 85 39 der
386 2839 2010 100 Technischen
636 2898 211 42 nothilfe
896 2909 93 31 von
1038 2898 458 50 Hamburg-Altona
1544 2896 474 50 hervorgegangen.”
2034 2919 61 7 —
2113 2895 299 50 Geleitwort,

387 2968 93 29 von
507 2957 127 48 prof.
664 2958 71 39 dr.
765 2957 62 41 H.
857 2957 167 48 Remy.

458 3015 162 39 Blank
649 3025 148 38 pages
828 3015 129 39 “Für
987 3014 223 41 notizen”
1251 3014 83 50 ([6]
1366 3016 52 39 at
1447 3013 118 49 end)

460 3072 301 41 “Literatur-
791 3073 100 39 und
920 3071 529 49 quellenverzeichnis”
1470 3083 8 29 :
1511 3082 44 38 p.
1586 3070 71 42 97.

389 3126 2024 53 © Aug. 10, 1933; 1c. Oct. 17: A -Foreign 22419; Otto Meissners verlag.
470 3188 283 48 (33-38159)

390 3262 243 67 Vegius,
667 3264 313 66 Mapheus,
1014 3265 53 53 d.
1103 3267 150 50 1458.

584 3340 1826 72 … Maphei Vegii laudensis De educatione liberorum et
389 3419 1960 147 eorum claris moribus, libri sex ; a critical text of books I-III … by Sister
697 3497 1713 72 Maria Walburg Fanning … Washington, D. C., The
392 3574 266 56 Catholic
687 3577 324 69 university
1043 3579 63 53 of
1139 3579 287 64 America,
1463 3581 151 50 1933.

460 3659 113 38 xxv,
608 3651 71 48 [1],
712 3649 85 42 127
827 3662 43 37 p.
932 3651 155 49 diagr.
1149 3650 147 42 23½cm.
1368 3653 125 48 (The
1525 3650 224 43 Catholic
1781 3652 276 48 university
2089 3652 51 41 of
2170 3652 239 41 America.

392 3705 196 43 Studies
614 3708 49 40 in
691 3709 241 41 medieval
957 3710 97 39 and
1081 3709 313 42 renaissance
1422 3710 146 40 Latin.
1641 3711 91 40 vol.
1790 3711 13 47 I)

460 3764 173 43 Thesis
675 3767 108 48 (PH.
846 3767 104 46 D.)—
953 3765 225 44 Catholic
1207 3767 275 48 university
1513 3768 51 41 of
1594 3769 239 41 America.

463 3822 269 51 “Writings
769 3826 52 40 of
859 3824 238 51 Mapheus
1140 3825 236 49 Vegius”:
1418 3837 43 38 p.
1502 3826 227 46 xiv-xvi;

1772 3826 254 42 “Editions
2065 3828 95 39 and
390 3828 1998 94 translations
559 3882 66 49 [of
659 3882 71 42 De
767 3882 290 42 educatione
1094 3883 313 50 liberorum]”
1427 3894 8 29 :
1475 3895 43 38 p.
1554 3884 304 47 xxiii-xxiv;
1898 3883 173 43 “Chief
2108 3886 159 40 works
387 3896 2002 85 consulted”
597 3951 8 29 :
639 3953 43 37 p.
716 3941 265 40 xxiv-xxv.

392 3994 53 53 ©
473 3999 129 48 Sept.
624 4000 41 42 4,
691 3999 112 41 1933;
859 3999 66 39 2c.
953 4000 94 38 and
1074 3998 83 42 aff.
1184 3998 101 41 Oct.
1312 3998 51 39 21;
1424 3999 39 38 A
1489 3999 171 40 65764:
1690 3999 224 42 Catholic
1939 4000 130 40 univ.
2096 4001 51 41 of
2174 4001 238 40 America.

469 4056 282 48 (33-37464)
