<alto xmlns="http://www.loc.gov/standards/alto/ns-v3#" xmlns:xlink="http://www.w3.org/1999/xlink" xmlns:xsi="http://www.w3.org/2001/XMLSchema-instance" xsi:schemaLocation="http://www.loc.gov/standards/alto/ns-v3# http://www.loc.gov/alto/v3/alto-3-0.xsd"><Description>
<MeasurementUnit>pixel</MeasurementUnit>
<sourceImageInformation>
<fileName>1933_v1_Part1.pdf</fileName>
</sourceImageInformation>
<OCRProcessing ID="IdOcr">
<ocrProcessingStep>
<processingDateTime>2019-01-03</processingDateTime>
<processingSoftware>
<softwareCreator>ABBYY</softwareCreator>
<softwareName>ABBYY Recognition Server</softwareName>
<softwareVersion>4.0</softwareVersion>
</processingSoftware>
</ocrProcessingStep>
</OCRProcessing>
</Description>
<Styles>
<ParagraphStyle ID="StyleId-FFFFFFFF-FFFF-FFFF-FFFF-FFFFFFFFFFFF-" ALIGN="Left" LEFT="0." RIGHT="0." FIRSTLINE="0."/>
<ParagraphStyle ID="StyleId-6EF5737A-DCEB-4126-A0CF-C5930BF7166A-" ALIGN="Left" LEFT="0." RIGHT="0." FIRSTLINE="0." LINESPACE="8.300000191"/>
<ParagraphStyle ID="StyleId-2DE44258-FD0B-41E1-B542-087C989B01A3-" ALIGN="Left" LEFT="0." RIGHT="0." FIRSTLINE="0." LINESPACE="12.19999981"/>
<ParagraphStyle ID="StyleId-CE3D254A-29D7-4DD7-B5F1-E0FC0EF29B05-" ALIGN="Left" LEFT="0." RIGHT="0." FIRSTLINE="-14." LINESPACE="8.619999886"/>
<ParagraphStyle ID="StyleId-C0E3A137-CE4F-4287-8A90-B599106709D0-" ALIGN="Left" LEFT="0." RIGHT="0." FIRSTLINE="-14." LINESPACE="12.19999981"/>
<ParagraphStyle ID="StyleId-50F26F0C-05DA-4C19-BA58-7A6AC4499BEE-" ALIGN="Left" LEFT="0." RIGHT="0." FIRSTLINE="-14." LINESPACE="11.06999969"/>
<ParagraphStyle ID="StyleId-5DDE65AF-512C-41E2-9B8E-095D6D99EF68-" ALIGN="Center" LEFT="0." RIGHT="0." FIRSTLINE="0." LINESPACE="11.89999962"/>
<ParagraphStyle ID="StyleId-0A81D7A5-6A62-4C52-915E-7768974C704D-" ALIGN="Left" LEFT="0." RIGHT="0." FIRSTLINE="0." LINESPACE="9.399999619"/>
<ParagraphStyle ID="StyleId-F7A0127F-6B48-4157-BB81-FE33E1E1A05B-" ALIGN="Block" LEFT="0." RIGHT="0." FIRSTLINE="-13." LINESPACE="10.63000011"/>
<ParagraphStyle ID="StyleId-E18C69F7-DBD7-48B1-805C-FCD96D0DA019-" ALIGN="Left" LEFT="0." RIGHT="0." FIRSTLINE="0." LINESPACE="11.64000034"/>
<ParagraphStyle ID="StyleId-98F15501-B611-4E83-8BB3-807E891F11F5-" ALIGN="Left" LEFT="0." RIGHT="0." FIRSTLINE="-14." LINESPACE="12.19999981"/>
<ParagraphStyle ID="StyleId-F4A78626-0BBC-4D12-94D9-A1AE75A9855F-" ALIGN="Left" LEFT="0." RIGHT="0." FIRSTLINE="0." LINESPACE="9.399999619"/>
<ParagraphStyle ID="StyleId-6A3F6F4C-D21B-4ADE-902F-7683F18ECEF3-" ALIGN="Left" LEFT="0." RIGHT="0." FIRSTLINE="0." LINESPACE="11.10000038"/>
</Styles>
<Layout>
<Page ID="Page835" PHYSICAL_IMG_NR="835" HEIGHT="4405" WIDTH="2484">
<TopMargin HEIGHT="424" WIDTH="2484" VPOS="0" HPOS="0">
</TopMargin>
<LeftMargin HEIGHT="3632" WIDTH="1" VPOS="424" HPOS="0">
</LeftMargin>
<RightMargin HEIGHT="3632" WIDTH="317" VPOS="424" HPOS="2167">
</RightMargin>
<BottomMargin HEIGHT="349" WIDTH="2484" VPOS="4056" HPOS="0">
<TextBlock ID="Page835_Block1" HEIGHT="125" WIDTH="234" VPOS="4069" HPOS="1084" LANG="en-US" STYLEREFS="StyleId-66EA9007-675A-4318-8DF6-66BDD9A5BC32-">
<Shape>
<Polygon POINTS="1240,4069 1317,4069 1317,4081 1318,4081 1318,4193 1244,4193 1244,4194 1085,4194 1085,4085 1084,4085 1084,4070 1240,4070 1240,4069"/>
</Shape>
<TextLine HEIGHT="50" WIDTH="100" VPOS="4099" HPOS="1101">
<String CONTENT="835" HEIGHT="50" WIDTH="100" VPOS="4099" HPOS="1101"/>
</TextLine>
</TextBlock>
<GraphicalElement ID="Page835_Block2" HEIGHT="349" WIDTH="14" VPOS="4056" HPOS="0"/>
</BottomMargin>
<PrintSpace HEIGHT="3632" WIDTH="2166" VPOS="424" HPOS="1">
<TextBlock ID="Page835_Block3" HEIGHT="3632" WIDTH="2166" VPOS="424" HPOS="1" LANG="en-US" CS="1" STYLEREFS="StyleId-8D268454-1CD6-4D6F-8348-9C124C7B411D-">
<Shape>
<Polygon POINTS="1777,424 2161,424 2161,857 2162,857 2162,1395 2163,1395 2163,1932 2164,1932 2164,2469 2165,2469 2165,3006 2166,3006 2166,3543 2167,3543 2167,4052 1781,4052 1781,4053 1244,4053 1244,4054 707,4054 707,4055 170,4055 170,4056 103,4056 103,4055 102,4055 102,3548 101,3548 101,3510 7,3510 7,3509 6,3509 6,3476 8,3476 8,3447 115,3447 115,3420 81,3420 81,3419 80,3419 80,3010 79,3010 79,2473 78,2473 78,2392 92,2392 92,2302 104,2302 104,2300 106,2300 106,1936 105,1936 105,1399 104,1399 104,862 103,862 103,428 166,428 166,427 703,427 703,426 1240,426 1240,425 1777,425 1777,424"/>
</Shape>
<TextLine HEIGHT="70" WIDTH="839" VPOS="436" HPOS="113" STYLEREFS="StyleId-3C581D80-67E6-4155-A68F-815D112239C8-" LANG="de">
<String CONTENT="Morris," HEIGHT="69" WIDTH="233" VPOS="437" HPOS="113"/>
<SP HEIGHT="64" WIDTH="27" VPOS="441" HPOS="347"/>
<String CONTENT="James," HEIGHT="61" WIDTH="219" VPOS="441" HPOS="375"/>
<SP HEIGHT="59" WIDTH="32" VPOS="443" HPOS="595"/>
<String CONTENT="1752-1820." HEIGHT="55" WIDTH="324" VPOS="437" HPOS="628"/>
</TextLine>
<TextLine HEIGHT="69" WIDTH="1931" VPOS="501" HPOS="186" STYLEREFS="StyleId-053A0553-15F9-436A-9B1D-2B01478AA72F-">
<String LANG="en-US" CONTENT="Memoirs" HEIGHT="52" WIDTH="269" VPOS="517" HPOS="186"/>
<SP HEIGHT="34" WIDTH="43" VPOS="534" HPOS="456"/>
<String LANG="en-US" CONTENT="of" HEIGHT="53" WIDTH="63" VPOS="515" HPOS="500"/>
<SP HEIGHT="53" WIDTH="43" VPOS="515" HPOS="564"/>
<String LANG="de" CONTENT="James" HEIGHT="54" WIDTH="193" VPOS="514" HPOS="608"/>
<SP HEIGHT="53" WIDTH="42" VPOS="512" HPOS="802"/>
<String LANG="de" CONTENT="Morris" HEIGHT="52" WIDTH="212" VPOS="512" HPOS="845"/>
<SP HEIGHT="33" WIDTH="44" VPOS="530" HPOS="1058"/>
<String LANG="en-US" CONTENT="of" HEIGHT="53" WIDTH="65" VPOS="510" HPOS="1103"/>
<SP HEIGHT="56" WIDTH="45" VPOS="509" HPOS="1169"/>
<String LANG="de" CONTENT="South" HEIGHT="57" WIDTH="182" VPOS="508" HPOS="1215"/>
<SP HEIGHT="51" WIDTH="42" VPOS="508" HPOS="1398"/>
<String LANG="en-US" CONTENT="Farms" HEIGHT="51" WIDTH="204" VPOS="508" HPOS="1441"/>
<SP HEIGHT="53" WIDTH="41" VPOS="505" HPOS="1646"/>
<String LANG="de" CONTENT="in" HEIGHT="51" WIDTH="60" VPOS="505" HPOS="1688"/>
<SP HEIGHT="53" WIDTH="42" VPOS="504" HPOS="1749"/>
<String LANG="en-US" CONTENT="Litchfield," HEIGHT="66" WIDTH="325" VPOS="501" HPOS="1792"/>
</TextLine>
<TextLine HEIGHT="80" WIDTH="1993" VPOS="581" HPOS="118" STYLEREFS="StyleId-053A0553-15F9-436A-9B1D-2B01478AA72F-">
<String CONTENT="written" HEIGHT="53" WIDTH="224" VPOS="595" HPOS="118"/>
<SP HEIGHT="52" WIDTH="35" VPOS="594" HPOS="343"/>
<String CONTENT="by" HEIGHT="66" WIDTH="75" VPOS="594" HPOS="379"/>
<SP HEIGHT="67" WIDTH="34" VPOS="593" HPOS="455"/>
<String CONTENT="himself" HEIGHT="53" WIDTH="234" VPOS="590" HPOS="490"/>
<SP HEIGHT="53" WIDTH="34" VPOS="590" HPOS="725"/>
<String CONTENT="&amp;" HEIGHT="49" WIDTH="46" VPOS="594" HPOS="760"/>
<SP HEIGHT="49" WIDTH="32" VPOS="594" HPOS="807"/>
<String CONTENT="edited" HEIGHT="52" WIDTH="191" VPOS="589" HPOS="840"/>
<SP HEIGHT="52" WIDTH="36" VPOS="589" HPOS="1032"/>
<String CONTENT="by" HEIGHT="66" WIDTH="75" VPOS="589" HPOS="1069"/>
<SP HEIGHT="66" WIDTH="33" VPOS="589" HPOS="1145"/>
<String CONTENT="his" HEIGHT="53" WIDTH="88" VPOS="586" HPOS="1179"/>
<SP HEIGHT="50" WIDTH="37" VPOS="604" HPOS="1268"/>
<String CONTENT="grandson." HEIGHT="69" WIDTH="306" VPOS="585" HPOS="1306"/>
<SP HEIGHT="33" WIDTH="78" VPOS="616" HPOS="1613"/>
<String CONTENT="[New" HEIGHT="68" WIDTH="156" VPOS="581" HPOS="1692"/>
<SP HEIGHT="52" WIDTH="37" VPOS="581" HPOS="1849"/>
<String CONTENT="Haven]" HEIGHT="65" WIDTH="224" VPOS="581" HPOS="1887"/>
</TextLine>
<TextLine HEIGHT="79" WIDTH="2000" VPOS="659" HPOS="117" STYLEREFS="StyleId-053A0553-15F9-436A-9B1D-2B01478AA72F-">
<String CONTENT="Printed" HEIGHT="54" WIDTH="241" VPOS="671" HPOS="117"/>
<SP HEIGHT="51" WIDTH="34" VPOS="672" HPOS="359"/>
<String CONTENT="by" HEIGHT="65" WIDTH="75" VPOS="672" HPOS="394"/>
<SP HEIGHT="62" WIDTH="35" VPOS="675" HPOS="470"/>
<String CONTENT="the" HEIGHT="52" WIDTH="95" VPOS="670" HPOS="506"/>
<SP HEIGHT="54" WIDTH="38" VPOS="668" HPOS="602"/>
<String CONTENT="Yale" HEIGHT="54" WIDTH="144" VPOS="667" HPOS="641"/>
<SP HEIGHT="36" WIDTH="36" VPOS="684" HPOS="786"/>
<String CONTENT="university" HEIGHT="67" WIDTH="320" VPOS="666" HPOS="823"/>
<SP HEIGHT="49" WIDTH="35" VPOS="684" HPOS="1144"/>
<String CONTENT="press" HEIGHT="48" WIDTH="156" VPOS="683" HPOS="1180"/>
<SP HEIGHT="52" WIDTH="36" VPOS="664" HPOS="1337"/>
<String CONTENT="for the" HEIGHT="52" WIDTH="226" VPOS="663" HPOS="1374"/>
<SP HEIGHT="52" WIDTH="35" VPOS="662" HPOS="1601"/>
<String CONTENT="Aline" HEIGHT="55" WIDTH="172" VPOS="659" HPOS="1637"/>
<SP HEIGHT="52" WIDTH="36" VPOS="661" HPOS="1810"/>
<String CONTENT="Brothier" HEIGHT="53" WIDTH="270" VPOS="659" HPOS="1847"/>
</TextLine>
<TextLine HEIGHT="67" WIDTH="618" VPOS="748" HPOS="117" STYLEREFS="StyleId-053A0553-15F9-436A-9B1D-2B01478AA72F-" CS="1">
<String CONTENT="Morris" HEIGHT="55" WIDTH="209" VPOS="749" HPOS="117"/>
<SP HEIGHT="53" WIDTH="30" VPOS="750" HPOS="327"/>
<String CONTENT="fund" HEIGHT="52" WIDTH="148" VPOS="749" HPOS="358"/>
<SP HEIGHT="65" WIDTH="34" VPOS="749" HPOS="507"/>
<String CS="1" CONTENT="["/>
<String STYLE="superscript" CONTENT="c" HEIGHT="20" WIDTH="17" VPOS="754" HPOS="561"/>
<String CONTENT="1933]" HEIGHT="64" WIDTH="152" VPOS="749" HPOS="583"/>
</TextLine>
<TextLine HEIGHT="60" WIDTH="1661" VPOS="808" HPOS="188" CS="1">
<String CONTENT="xi." HEIGHT="41" WIDTH="64" VPOS="821" HPOS="188"/>
<SP/>
<String CONTENT="65" HEIGHT="40" WIDTH="57" VPOS="821" HPOS="288"/>
<SP HEIGHT="47" WIDTH="34" VPOS="821" HPOS="346"/>
<String CONTENT="p." HEIGHT="38" WIDTH="44" VPOS="830" HPOS="380"/>
<SP HEIGHT="40" WIDTH="62" VPOS="820" HPOS="424"/>
<String CONTENT="illus.," HEIGHT="45" WIDTH="144" VPOS="819" HPOS="487"/>
<SP HEIGHT="37" WIDTH="37" VPOS="828" HPOS="631"/>
<String CONTENT="ports.." HEIGHT="47" WIDTH="164" VPOS="818" HPOS="668"/>
<SP HEIGHT="40" WIDTH="37" VPOS="816" HPOS="832"/>
<String CONTENT="2" HEIGHT="38" WIDTH="26" VPOS="816" HPOS="870"/>
<SP HEIGHT="38" WIDTH="38" VPOS="816" HPOS="897"/>
<String CONTENT="fold," HEIGHT="40" WIDTH="116" VPOS="815" HPOS="936"/>
<SP HEIGHT="40" WIDTH="39" VPOS="815" HPOS="1053"/>
<String CONTENT="facsim." HEIGHT="43" WIDTH="190" VPOS="812" HPOS="1093"/>
<SP HEIGHT="44" WIDTH="28" VPOS="814" HPOS="1284"/>
<String CONTENT="(incl." HEIGHT="46" WIDTH="134" VPOS="812" HPOS="1313"/>
<SP HEIGHT="39" WIDTH="37" VPOS="812" HPOS="1448"/>
<String CONTENT="front.)" HEIGHT="45" WIDTH="176" VPOS="811" HPOS="1486"/>
<SP HEIGHT="45" WIDTH="67" VPOS="811" HPOS="1663"/>
<String CONTENT="19" HEIGHT="41" WIDTH="56" VPOS="808" HPOS="1731"/>
<String STYLE="superscript" CONTENT="cm" HEIGHT="22" WIDTH="43" VPOS="811" HPOS="1790"/>
<String CONTENT="." HEIGHT="8" WIDTH="10" VPOS="842" HPOS="1838"/>
</TextLine>
<TextLine HEIGHT="56" WIDTH="1933" VPOS="867" HPOS="188">
<String CONTENT="&#8220;The" HEIGHT="42" WIDTH="129" VPOS="878" HPOS="188"/>
<SP HEIGHT="42" WIDTH="31" VPOS="878" HPOS="318"/>
<String CONTENT="Memoirs" HEIGHT="41" WIDTH="230" VPOS="877" HPOS="350"/>
<SP HEIGHT="30" WIDTH="31" VPOS="886" HPOS="581"/>
<String CONTENT="were" HEIGHT="31" WIDTH="125" VPOS="885" HPOS="613"/>
<SP HEIGHT="31" WIDTH="30" VPOS="884" HPOS="739"/>
<String CONTENT="written" HEIGHT="42" WIDTH="198" VPOS="872" HPOS="770"/>
<SP HEIGHT="39" WIDTH="31" VPOS="873" HPOS="969"/>
<String CONTENT="by" HEIGHT="49" WIDTH="61" VPOS="873" HPOS="1001"/>
<SP HEIGHT="50" WIDTH="34" VPOS="872" HPOS="1063"/>
<String CONTENT="James" HEIGHT="41" WIDTH="167" VPOS="871" HPOS="1098"/>
<SP HEIGHT="42" WIDTH="32" VPOS="869" HPOS="1266"/>
<String CONTENT="Morris" HEIGHT="40" WIDTH="179" VPOS="869" HPOS="1299"/>
<SP HEIGHT="40" WIDTH="34" VPOS="869" HPOS="1479"/>
<String CONTENT="from" HEIGHT="38" WIDTH="126" VPOS="869" HPOS="1514"/>
<SP HEIGHT="38" WIDTH="34" VPOS="870" HPOS="1641"/>
<String CONTENT="time" HEIGHT="42" WIDTH="116" VPOS="867" HPOS="1676"/>
<SP HEIGHT="39" WIDTH="34" VPOS="869" HPOS="1793"/>
<String CONTENT="to" HEIGHT="38" WIDTH="48" VPOS="869" HPOS="1828"/>
<SP HEIGHT="37" WIDTH="36" VPOS="869" HPOS="1877"/>
<String CONTENT="time" HEIGHT="40" WIDTH="116" VPOS="867" HPOS="1914"/>
<SP HEIGHT="30" WIDTH="34" VPOS="877" HPOS="2031"/>
<String CONTENT="as" HEIGHT="29" WIDTH="55" VPOS="877" HPOS="2066"/>
</TextLine>
<TextLine HEIGHT="59" WIDTH="1639" VPOS="925" HPOS="120" CS="1">
<String CONTENT="the" HEIGHT="41" WIDTH="81" VPOS="936" HPOS="120"/>
<SP HEIGHT="31" WIDTH="23" VPOS="945" HPOS="202"/>
<String CONTENT="spirit" HEIGHT="48" WIDTH="142" VPOS="935" HPOS="226"/>
<SP HEIGHT="38" WIDTH="23" VPOS="936" HPOS="369"/>
<String CONTENT="moved" HEIGHT="39" WIDTH="167" VPOS="935" HPOS="393"/>
<SP HEIGHT="40" WIDTH="24" VPOS="933" HPOS="561"/>
<String CONTENT="him," HEIGHT="42" WIDTH="112" VPOS="933" HPOS="586"/>
<SP HEIGHT="43" WIDTH="27" VPOS="932" HPOS="699"/>
<String CONTENT="during" HEIGHT="47" WIDTH="177" VPOS="930" HPOS="727"/>
<SP HEIGHT="44" WIDTH="24" VPOS="933" HPOS="905"/>
<String CONTENT="the" HEIGHT="38" WIDTH="81" VPOS="931" HPOS="930"/>
<SP HEIGHT="35" WIDTH="24" VPOS="941" HPOS="1012"/>
<String CS="1" CONTENT="years" HEIGHT="38" WIDTH="142" VPOS="938" HPOS="1037"/>
<SP HEIGHT="39" WIDTH="26" VPOS="928" HPOS="1180"/>
<String CONTENT="1813-1817.&#8221;&#8212;Introd." HEIGHT="44" WIDTH="552" VPOS="925" HPOS="1207"/>
</TextLine>
<TextLine HEIGHT="63" WIDTH="2000" VPOS="994" HPOS="124">
<String CONTENT="&#169;" HEIGHT="53" WIDTH="50" VPOS="1004" HPOS="124"/>
<SP HEIGHT="52" WIDTH="32" VPOS="1004" HPOS="175"/>
<String CONTENT="May" HEIGHT="46" WIDTH="113" VPOS="1008" HPOS="208"/>
<SP HEIGHT="47" WIDTH="29" VPOS="1007" HPOS="322"/>
<String CONTENT="20." HEIGHT="40" WIDTH="68" VPOS="1006" HPOS="352"/>
<SP HEIGHT="39" WIDTH="29" VPOS="1007" HPOS="421"/>
<String CONTENT="1933;" HEIGHT="45" WIDTH="140" VPOS="1005" HPOS="451"/>
<SP HEIGHT="46" WIDTH="32" VPOS="1004" HPOS="592"/>
<String CONTENT="2c." HEIGHT="41" WIDTH="67" VPOS="1004" HPOS="625"/>
<SP HEIGHT="31" WIDTH="30" VPOS="1013" HPOS="693"/>
<String CONTENT="and" HEIGHT="39" WIDTH="97" VPOS="1003" HPOS="724"/>
<SP HEIGHT="38" WIDTH="31" VPOS="1003" HPOS="822"/>
<String CONTENT="aff." HEIGHT="39" WIDTH="80" VPOS="1002" HPOS="854"/>
<SP HEIGHT="38" WIDTH="34" VPOS="1003" HPOS="935"/>
<String CONTENT="May" HEIGHT="46" WIDTH="114" VPOS="1003" HPOS="970"/>
<SP HEIGHT="47" WIDTH="29" VPOS="1002" HPOS="1085"/>
<String CONTENT="23;" HEIGHT="46" WIDTH="83" VPOS="1002" HPOS="1115"/>
<SP HEIGHT="46" WIDTH="31" VPOS="1002" HPOS="1199"/>
<!-- cceid 4449DB41-6CF9-1014-A6CF-A82867D68027 --><String CONTENT="A" HEIGHT="40" WIDTH="41" VPOS="1001" HPOS="1231"/>
<SP HEIGHT="39" WIDTH="31" VPOS="1001" HPOS="1273"/>
<String CONTENT="61914;" HEIGHT="45" WIDTH="169" VPOS="1000" HPOS="1305"/>
<SP HEIGHT="46" WIDTH="34" VPOS="999" HPOS="1475"/>
<String CONTENT="Aline" HEIGHT="39" WIDTH="140" VPOS="999" HPOS="1510"/>
<SP HEIGHT="39" WIDTH="32" VPOS="999" HPOS="1651"/>
<String CONTENT="Brothier" HEIGHT="41" WIDTH="229" VPOS="997" HPOS="1684"/>
<SP HEIGHT="39" WIDTH="32" VPOS="997" HPOS="1914"/>
<String CONTENT="Morris" HEIGHT="42" WIDTH="177" VPOS="994" HPOS="1947"/>
</TextLine>
<TextLine HEIGHT="51" WIDTH="805" VPOS="1059" HPOS="191">
<String CONTENT="fund," HEIGHT="47" WIDTH="136" VPOS="1063" HPOS="191"/>
<SP HEIGHT="47" WIDTH="27" VPOS="1063" HPOS="328"/>
<String CONTENT="New" HEIGHT="39" WIDTH="117" VPOS="1063" HPOS="356"/>
<SP HEIGHT="38" WIDTH="26" VPOS="1063" HPOS="474"/>
<String CONTENT="York." HEIGHT="39" WIDTH="143" VPOS="1062" HPOS="501"/>
<SP HEIGHT="49" WIDTH="70" VPOS="1059" HPOS="645"/>
<String CONTENT="(33-14667)" HEIGHT="48" WIDTH="280" VPOS="1059" HPOS="716"/>
</TextLine>
<TextLine HEIGHT="67" WIDTH="698" VPOS="1165" HPOS="118" STYLEREFS="StyleId-3C581D80-67E6-4155-A68F-815D112239C8-">
<String CONTENT="Mundy," HEIGHT="66" WIDTH="241" VPOS="1166" HPOS="118"/>
<SP HEIGHT="64" WIDTH="25" VPOS="1167" HPOS="360"/>
<String CONTENT="Talbot," HEIGHT="64" WIDTH="228" VPOS="1166" HPOS="386"/>
<SP HEIGHT="58" WIDTH="30" VPOS="1172" HPOS="615"/>
<String CONTENT="1879-" HEIGHT="54" WIDTH="170" VPOS="1166" HPOS="646"/>
</TextLine>
<TextLine HEIGHT="71" WIDTH="1867" VPOS="1236" HPOS="253" STYLEREFS="StyleId-053A0553-15F9-436A-9B1D-2B01478AA72F-" CS="1">
<String CS="1" CONTENT="&#8230;"/>
<SP HEIGHT="52" WIDTH="30" VPOS="1245" HPOS="253"/>
<String CONTENT="The" HEIGHT="52" WIDTH="121" VPOS="1245" HPOS="284"/>
<SP HEIGHT="55" WIDTH="24" VPOS="1242" HPOS="406"/>
<String CONTENT="king" HEIGHT="62" WIDTH="140" VPOS="1242" HPOS="431"/>
<SP HEIGHT="61" WIDTH="23" VPOS="1243" HPOS="572"/>
<String CONTENT="in" HEIGHT="52" WIDTH="57" VPOS="1243" HPOS="596"/>
<SP HEIGHT="34" WIDTH="30" VPOS="1260" HPOS="654"/>
<String CONTENT="check." HEIGHT="54" WIDTH="185" VPOS="1240" HPOS="685"/>
<SP HEIGHT="51" WIDTH="65" VPOS="1240" HPOS="871"/>
<String CONTENT="London," HEIGHT="57" WIDTH="258" VPOS="1240" HPOS="937"/>
<SP HEIGHT="58" WIDTH="26" VPOS="1239" HPOS="1196"/>
<String CONTENT="Hutchinson" HEIGHT="54" WIDTH="360" VPOS="1238" HPOS="1223"/>
<SP HEIGHT="50" WIDTH="28" VPOS="1239" HPOS="1584"/>
<String CONTENT="&amp;" HEIGHT="50" WIDTH="45" VPOS="1239" HPOS="1613"/>
<SP HEIGHT="50" WIDTH="27" VPOS="1239" HPOS="1659"/>
<String CONTENT="co.," HEIGHT="51" WIDTH="97" VPOS="1254" HPOS="1687"/>
<SP HEIGHT="68" WIDTH="25" VPOS="1236" HPOS="1785"/>
<String CONTENT="ltd." HEIGHT="53" WIDTH="100" VPOS="1236" HPOS="1811"/>
<SP HEIGHT="33" WIDTH="35" VPOS="1271" HPOS="1912"/>
<String CONTENT="[1933]" HEIGHT="65" WIDTH="172" VPOS="1239" HPOS="1948"/>
</TextLine>
<TextLine HEIGHT="51" WIDTH="1045" VPOS="1311" HPOS="192" CS="1">
<String CONTENT="3" HEIGHT="40" WIDTH="26" VPOS="1315" HPOS="192"/>
<SP HEIGHT="47" WIDTH="29" VPOS="1315" HPOS="219"/>
<String LANG="fr" CONTENT="p." HEIGHT="36" WIDTH="42" VPOS="1326" HPOS="249"/>
<SP HEIGHT="38" WIDTH="30" VPOS="1316" HPOS="292"/>
<String CS="1" CONTENT="l.,"/>
<SP HEIGHT="44" WIDTH="29" VPOS="1316" HPOS="367"/>
<String CONTENT="11-256" HEIGHT="40" WIDTH="175" VPOS="1313" HPOS="397"/>
<SP HEIGHT="48" WIDTH="29" VPOS="1313" HPOS="573"/>
<String CONTENT="p." HEIGHT="38" WIDTH="42" VPOS="1323" HPOS="603"/>
<SP HEIGHT="42" WIDTH="60" VPOS="1312" HPOS="646"/>
<String CONTENT="illus." HEIGHT="40" WIDTH="128" VPOS="1312" HPOS="707"/>
<SP HEIGHT="45" WIDTH="26" VPOS="1313" HPOS="836"/>
<String CONTENT="(map)" HEIGHT="48" WIDTH="159" VPOS="1311" HPOS="863"/>
<SP HEIGHT="45" WIDTH="67" VPOS="1311" HPOS="1023"/>
<String CS="1" CONTENT="19&#189;cm." HEIGHT="41" WIDTH="146" VPOS="1311" HPOS="1091"/>
</TextLine>
<TextLine HEIGHT="49" WIDTH="1009" VPOS="1369" HPOS="194">
<String CONTENT="At" HEIGHT="39" WIDTH="62" VPOS="1373" HPOS="194"/>
<SP HEIGHT="39" WIDTH="31" VPOS="1373" HPOS="256"/>
<String CONTENT="head" HEIGHT="38" WIDTH="125" VPOS="1373" HPOS="287"/>
<SP HEIGHT="38" WIDTH="31" VPOS="1373" HPOS="412"/>
<String CONTENT="of" HEIGHT="39" WIDTH="52" VPOS="1371" HPOS="443"/>
<SP HEIGHT="39" WIDTH="29" VPOS="1371" HPOS="495"/>
<String CONTENT="title:" HEIGHT="42" WIDTH="135" VPOS="1370" HPOS="524"/>
<SP HEIGHT="41" WIDTH="35" VPOS="1371" HPOS="659"/>
<String CONTENT="By" HEIGHT="48" WIDTH="71" VPOS="1370" HPOS="694"/>
<SP HEIGHT="47" WIDTH="33" VPOS="1370" HPOS="765"/>
<String CONTENT="Talbot" HEIGHT="39" WIDTH="174" VPOS="1370" HPOS="798"/>
<SP HEIGHT="39" WIDTH="33" VPOS="1370" HPOS="972"/>
<String CONTENT="Mundy." HEIGHT="47" WIDTH="198" VPOS="1369" HPOS="1005"/>
</TextLine>
<TextLine HEIGHT="57" WIDTH="2000" VPOS="1438" HPOS="128" CS="1">
<String CONTENT="&#169;" HEIGHT="54" WIDTH="51" VPOS="1441" HPOS="128"/>
<SP/>
<String CS="1" CONTENT="1c."/>
<SP/>
<String CONTENT="June" HEIGHT="39" WIDTH="125" VPOS="1447" HPOS="297"/>
<SP HEIGHT="39" WIDTH="22" VPOS="1446" HPOS="423"/>
<String CONTENT="9," HEIGHT="46" WIDTH="39" VPOS="1446" HPOS="446"/>
<SP HEIGHT="46" WIDTH="24" VPOS="1446" HPOS="486"/>
<String CS="1" CONTENT="1933;" HEIGHT="39" WIDTH="114" VPOS="1445" HPOS="511"/>
<SP HEIGHT="42" WIDTH="25" VPOS="1444" HPOS="653"/>
<!-- cceid 444A5E4B-6CF9-1014-A6CF-A82867D68027 --><String CONTENT="A" HEIGHT="40" WIDTH="40" VPOS="1443" HPOS="679"/>
<SP HEIGHT="39" WIDTH="24" VPOS="1443" HPOS="720"/>
<String CONTENT="ad" HEIGHT="40" WIDTH="61" VPOS="1442" HPOS="745"/>
<SP HEIGHT="40" WIDTH="22" VPOS="1442" HPOS="807"/>
<String CONTENT="int." HEIGHT="40" WIDTH="87" VPOS="1442" HPOS="830"/>
<SP HEIGHT="38" WIDTH="24" VPOS="1443" HPOS="918"/>
<String CS="1" CONTENT="17880;" HEIGHT="41" WIDTH="144" VPOS="1441" HPOS="943"/>
<SP HEIGHT="38" WIDTH="25" VPOS="1452" HPOS="1116"/>
<String CONTENT="pubd." HEIGHT="49" WIDTH="144" VPOS="1441" HPOS="1142"/>
<SP HEIGHT="41" WIDTH="24" VPOS="1440" HPOS="1287"/>
<String CONTENT="Apr." HEIGHT="49" WIDTH="112" VPOS="1440" HPOS="1312"/>
<SP HEIGHT="39" WIDTH="26" VPOS="1441" HPOS="1425"/>
<String CS="1" CONTENT="11;" HEIGHT="39" WIDTH="53" VPOS="1441" HPOS="1452"/>
<SP HEIGHT="46" WIDTH="19" VPOS="1441" HPOS="1535"/>
<String CONTENT="T." HEIGHT="38" WIDTH="53" VPOS="1441" HPOS="1555"/>
<SP HEIGHT="39" WIDTH="18" VPOS="1441" HPOS="1609"/>
<String CONTENT="Mundy," HEIGHT="49" WIDTH="196" VPOS="1440" HPOS="1628"/>
<SP HEIGHT="49" WIDTH="18" VPOS="1439" HPOS="1825"/>
<String CONTENT="Frensham," HEIGHT="49" WIDTH="284" VPOS="1439" HPOS="1844"/>
</TextLine>
<TextLine HEIGHT="50" WIDTH="816" VPOS="1500" HPOS="197">
<String CONTENT="Surrey," HEIGHT="47" WIDTH="193" VPOS="1503" HPOS="197"/>
<SP HEIGHT="46" WIDTH="33" VPOS="1504" HPOS="391"/>
<String CONTENT="England." HEIGHT="47" WIDTH="236" VPOS="1503" HPOS="425"/>
<SP HEIGHT="49" WIDTH="69" VPOS="1500" HPOS="662"/>
<String CONTENT="(33-15395)" HEIGHT="48" WIDTH="281" VPOS="1500" HPOS="732"/>
</TextLine>
<TextLine HEIGHT="66" WIDTH="850" VPOS="1591" HPOS="127" STYLEREFS="StyleId-3C581D80-67E6-4155-A68F-815D112239C8-">
<String CONTENT="Myerson," HEIGHT="64" WIDTH="291" VPOS="1593" HPOS="127"/>
<SP HEIGHT="62" WIDTH="28" VPOS="1594" HPOS="419"/>
<String CONTENT="Abraham," HEIGHT="62" WIDTH="326" VPOS="1591" HPOS="448"/>
<SP HEIGHT="55" WIDTH="31" VPOS="1597" HPOS="775"/>
<String CONTENT="1881-" HEIGHT="49" WIDTH="170" VPOS="1595" HPOS="807"/>
</TextLine>
<TextLine HEIGHT="73" WIDTH="1936" VPOS="1664" HPOS="197" STYLEREFS="StyleId-053A0553-15F9-436A-9B1D-2B01478AA72F-" CS="1">
<String CONTENT="The" HEIGHT="51" WIDTH="121" VPOS="1670" HPOS="197"/>
<SP HEIGHT="55" WIDTH="24" VPOS="1667" HPOS="319"/>
<String CONTENT="German" HEIGHT="55" WIDTH="250" VPOS="1667" HPOS="344"/>
<SP HEIGHT="52" WIDTH="22" VPOS="1669" HPOS="595"/>
<String CONTENT="Jew," HEIGHT="67" WIDTH="143" VPOS="1668" HPOS="618"/>
<SP HEIGHT="65" WIDTH="24" VPOS="1669" HPOS="762"/>
<String CONTENT="his" HEIGHT="53" WIDTH="88" VPOS="1666" HPOS="787"/>
<SP HEIGHT="33" WIDTH="24" VPOS="1686" HPOS="876"/>
<String CONTENT="share" HEIGHT="52" WIDTH="164" VPOS="1667" HPOS="901"/>
<SP HEIGHT="53" WIDTH="24" VPOS="1666" HPOS="1066"/>
<String CONTENT="in" HEIGHT="52" WIDTH="61" VPOS="1666" HPOS="1091"/>
<SP HEIGHT="32" WIDTH="25" VPOS="1686" HPOS="1153"/>
<String CONTENT="modern" HEIGHT="53" WIDTH="234" VPOS="1667" HPOS="1179"/>
<SP HEIGHT="35" WIDTH="26" VPOS="1684" HPOS="1414"/>
<String CONTENT="culture" HEIGHT="53" WIDTH="219" VPOS="1666" HPOS="1441"/>
<SP HEIGHT="49" WIDTH="31" VPOS="1684" HPOS="1661"/>
<String CS="1" CONTENT="[by]" HEIGHT="70" WIDTH="92" VPOS="1665" HPOS="1693"/>
<SP HEIGHT="66" WIDTH="29" VPOS="1666" HPOS="1804"/>
<String CONTENT="Abraham" HEIGHT="54" WIDTH="299" VPOS="1665" HPOS="1834"/>
</TextLine>
<TextLine HEIGHT="75" WIDTH="2003" VPOS="1742" HPOS="130" STYLEREFS="StyleId-053A0553-15F9-436A-9B1D-2B01478AA72F-" CS="1">
<String CONTENT="Myerson" HEIGHT="69" WIDTH="266" VPOS="1747" HPOS="130"/>
<SP HEIGHT="33" WIDTH="35" VPOS="1764" HPOS="397"/>
<String CS="1" CONTENT="&#8230;"/>
<SP HEIGHT="33" WIDTH="32" VPOS="1764" HPOS="489"/>
<String CONTENT="and" HEIGHT="52" WIDTH="113" VPOS="1746" HPOS="522"/>
<SP HEIGHT="53" WIDTH="27" VPOS="1745" HPOS="636"/>
<String CONTENT="Isaac" HEIGHT="54" WIDTH="163" VPOS="1744" HPOS="664"/>
<SP HEIGHT="54" WIDTH="29" VPOS="1744" HPOS="828"/>
<String CONTENT="Goldberg" HEIGHT="69" WIDTH="294" VPOS="1744" HPOS="858"/>
<SP HEIGHT="51" WIDTH="32" VPOS="1762" HPOS="1153"/>
<String CS="1" CONTENT="&#8230;"/>
<SP HEIGHT="52" WIDTH="79" VPOS="1744" HPOS="1243"/>
<String CONTENT="New" HEIGHT="52" WIDTH="137" VPOS="1744" HPOS="1323"/>
<SP HEIGHT="52" WIDTH="31" VPOS="1744" HPOS="1461"/>
<String CONTENT="York," HEIGHT="69" WIDTH="179" VPOS="1743" HPOS="1493"/>
<SP HEIGHT="68" WIDTH="27" VPOS="1744" HPOS="1673"/>
<String CONTENT="A." HEIGHT="56" WIDTH="71" VPOS="1744" HPOS="1701"/>
<SP HEIGHT="54" WIDTH="29" VPOS="1746" HPOS="1773"/>
<String CONTENT="A." HEIGHT="51" WIDTH="71" VPOS="1746" HPOS="1803"/>
<SP HEIGHT="52" WIDTH="30" VPOS="1745" HPOS="1875"/>
<String CONTENT="Knopf," HEIGHT="68" WIDTH="227" VPOS="1745" HPOS="1906"/>
</TextLine>
<TextLine HEIGHT="52" WIDTH="148" VPOS="1826" HPOS="132" STYLEREFS="StyleId-053A0553-15F9-436A-9B1D-2B01478AA72F-">
<String CONTENT="1933." HEIGHT="52" WIDTH="148" VPOS="1826" HPOS="132"/>
</TextLine>
<TextLine HEIGHT="53" WIDTH="947" VPOS="1893" HPOS="200" CS="1">
<String CONTENT="xii" HEIGHT="40" WIDTH="72" VPOS="1896" HPOS="200"/>
<SP HEIGHT="49" WIDTH="21" VPOS="1896" HPOS="272"/>
<String CONTENT="p.," HEIGHT="38" WIDTH="59" VPOS="1908" HPOS="293"/>
<SP HEIGHT="50" WIDTH="26" VPOS="1896" HPOS="352"/>
<String CONTENT="2" HEIGHT="39" WIDTH="27" VPOS="1896" HPOS="378"/>
<SP HEIGHT="39" WIDTH="24" VPOS="1896" HPOS="406"/>
<String CS="1" CONTENT="l.,"/>
<SP HEIGHT="30" WIDTH="28" VPOS="1916" HPOS="476"/>
<String CONTENT="[3]-161," HEIGHT="51" WIDTH="190" VPOS="1895" HPOS="504"/>
<SP HEIGHT="49" WIDTH="26" VPOS="1894" HPOS="694"/>
<String CONTENT="ix," HEIGHT="47" WIDTH="66" VPOS="1894" HPOS="720"/>
<SP HEIGHT="30" WIDTH="30" VPOS="1915" HPOS="786"/>
<String CS="1" CONTENT="[1]" HEIGHT="30" WIDTH="11" VPOS="1915" HPOS="816"/>
<SP HEIGHT="40" WIDTH="23" VPOS="1905" HPOS="872"/>
<String CONTENT="p." HEIGHT="37" WIDTH="45" VPOS="1905" HPOS="895"/>
<SP HEIGHT="38" WIDTH="58" VPOS="1896" HPOS="940"/>
<String CS="1" CONTENT="19&#189;cm." HEIGHT="41" WIDTH="147" VPOS="1893" HPOS="999"/>
</TextLine>
<TextLine HEIGHT="41" WIDTH="420" VPOS="1952" HPOS="201">
<String CONTENT="&#8220;First" HEIGHT="41" WIDTH="162" VPOS="1952" HPOS="201"/>
<SP HEIGHT="36" WIDTH="29" VPOS="1957" HPOS="364"/>
<String CONTENT="edition.&#8221;" HEIGHT="41" WIDTH="227" VPOS="1952" HPOS="394"/>
</TextLine>
<TextLine HEIGHT="58" WIDTH="2000" VPOS="2004" HPOS="136">
<String CONTENT="&#169;" HEIGHT="54" WIDTH="51" VPOS="2007" HPOS="136"/>
<SP HEIGHT="53" WIDTH="32" VPOS="2007" HPOS="188"/>
<String CONTENT="May" HEIGHT="48" WIDTH="114" VPOS="2012" HPOS="221"/>
<SP HEIGHT="48" WIDTH="27" VPOS="2012" HPOS="336"/>
<String CONTENT="26," HEIGHT="47" WIDTH="69" VPOS="2011" HPOS="364"/>
<SP HEIGHT="46" WIDTH="31" VPOS="2012" HPOS="434"/>
<String CONTENT="1933;" HEIGHT="46" WIDTH="141" VPOS="2010" HPOS="466"/>
<SP HEIGHT="46" WIDTH="32" VPOS="2010" HPOS="608"/>
<String CONTENT="2c." HEIGHT="42" WIDTH="66" VPOS="2009" HPOS="641"/>
<SP HEIGHT="39" WIDTH="32" VPOS="2010" HPOS="708"/>
<String CONTENT="May" HEIGHT="47" WIDTH="114" VPOS="2010" HPOS="741"/>
<SP HEIGHT="47" WIDTH="27" VPOS="2010" HPOS="856"/>
<String CONTENT="31:" HEIGHT="41" WIDTH="83" VPOS="2010" HPOS="884"/>
<SP HEIGHT="31" WIDTH="34" VPOS="2020" HPOS="968"/>
<String CONTENT="aff." HEIGHT="41" WIDTH="81" VPOS="2009" HPOS="1003"/>
<SP HEIGHT="39" WIDTH="34" VPOS="2011" HPOS="1085"/>
<String CONTENT="May" HEIGHT="48" WIDTH="114" VPOS="2011" HPOS="1120"/>
<SP HEIGHT="50" WIDTH="31" VPOS="2009" HPOS="1235"/>
<String CONTENT="27:" HEIGHT="42" WIDTH="81" VPOS="2009" HPOS="1267"/>
<SP HEIGHT="41" WIDTH="33" VPOS="2010" HPOS="1349"/>
<!-- cceid 444AD669-6CF9-1014-A6CF-A82867D68027 --><String CONTENT="A" HEIGHT="39" WIDTH="41" VPOS="2010" HPOS="1383"/>
<SP HEIGHT="41" WIDTH="31" VPOS="2010" HPOS="1425"/>
<String CONTENT="61962;" HEIGHT="47" WIDTH="170" VPOS="2010" HPOS="1457"/>
<SP HEIGHT="47" WIDTH="33" VPOS="2010" HPOS="1628"/>
<String CONTENT="Alfred" HEIGHT="43" WIDTH="173" VPOS="2009" HPOS="1662"/>
<SP HEIGHT="40" WIDTH="30" VPOS="2011" HPOS="1836"/>
<String CONTENT="A." HEIGHT="40" WIDTH="53" VPOS="2011" HPOS="1867"/>
<SP HEIGHT="39" WIDTH="34" VPOS="2011" HPOS="1921"/>
<String CONTENT="Knopf," HEIGHT="48" WIDTH="180" VPOS="2010" HPOS="1956"/>
</TextLine>
<TextLine HEIGHT="48" WIDTH="442" VPOS="2068" HPOS="202">
<String CONTENT="inc." HEIGHT="41" WIDTH="87" VPOS="2068" HPOS="202"/>
<SP HEIGHT="47" WIDTH="72" VPOS="2069" HPOS="290"/>
<String CONTENT="(33-14309)" HEIGHT="48" WIDTH="281" VPOS="2068" HPOS="363"/>
</TextLine>
<TextLine HEIGHT="66" WIDTH="527" VPOS="2157" HPOS="130" STYLEREFS="StyleId-3C581D80-67E6-4155-A68F-815D112239C8-">
<String CONTENT="Nahum," HEIGHT="64" WIDTH="257" VPOS="2159" HPOS="130"/>
<SP HEIGHT="63" WIDTH="26" VPOS="2159" HPOS="388"/>
<String CONTENT="Pinhas." HEIGHT="55" WIDTH="242" VPOS="2157" HPOS="415"/>
</TextLine>
<TextLine HEIGHT="77" WIDTH="1868" VPOS="2230" HPOS="268" STYLEREFS="StyleId-053A0553-15F9-436A-9B1D-2B01478AA72F-" CS="1">
<String CS="1" CONTENT="&#8230;"/>
<SP HEIGHT="52" WIDTH="40" VPOS="2235" HPOS="268"/>
<String CONTENT="The" HEIGHT="50" WIDTH="119" VPOS="2235" HPOS="309"/>
<SP HEIGHT="51" WIDTH="36" VPOS="2234" HPOS="429"/>
<String CONTENT="Turkish" HEIGHT="55" WIDTH="249" VPOS="2232" HPOS="466"/>
<SP HEIGHT="53" WIDTH="38" VPOS="2232" HPOS="716"/>
<String CONTENT="art" HEIGHT="47" WIDTH="87" VPOS="2238" HPOS="755"/>
<SP HEIGHT="47" WIDTH="36" VPOS="2238" HPOS="843"/>
<String CONTENT="of" HEIGHT="52" WIDTH="62" VPOS="2233" HPOS="880"/>
<SP HEIGHT="52" WIDTH="34" VPOS="2233" HPOS="943"/>
<String CONTENT="love." HEIGHT="53" WIDTH="140" VPOS="2234" HPOS="978"/>
<SP HEIGHT="53" WIDTH="73" VPOS="2233" HPOS="1119"/>
<String CONTENT="New" HEIGHT="54" WIDTH="135" VPOS="2232" HPOS="1193"/>
<SP HEIGHT="50" WIDTH="41" VPOS="2234" HPOS="1329"/>
<String CONTENT="York," HEIGHT="69" WIDTH="176" VPOS="2234" HPOS="1371"/>
<SP HEIGHT="68" WIDTH="38" VPOS="2235" HPOS="1548"/>
<String CONTENT="Priv." HEIGHT="52" WIDTH="155" VPOS="2235" HPOS="1587"/>
<SP HEIGHT="49" WIDTH="40" VPOS="2254" HPOS="1743"/>
<String CONTENT="print.," HEIGHT="70" WIDTH="192" VPOS="2234" HPOS="1784"/>
<SP HEIGHT="68" WIDTH="38" VPOS="2236" HPOS="1977"/>
<String CONTENT="The" HEIGHT="52" WIDTH="120" VPOS="2236" HPOS="2016"/>
</TextLine>
<TextLine HEIGHT="70" WIDTH="662" VPOS="2311" HPOS="132" STYLEREFS="StyleId-053A0553-15F9-436A-9B1D-2B01478AA72F-" CS="1">
<String CONTENT="Panurge" HEIGHT="69" WIDTH="264" VPOS="2312" HPOS="132"/>
<SP HEIGHT="49" WIDTH="32" VPOS="2330" HPOS="397"/>
<String CONTENT="press" HEIGHT="49" WIDTH="154" VPOS="2330" HPOS="430"/>
<SP HEIGHT="47" WIDTH="35" VPOS="2331" HPOS="585"/>
<String STYLE="subscript" CS="1" CONTENT="["/>
<String STYLE="superscript" CONTENT="c" HEIGHT="22" WIDTH="17" VPOS="2318" HPOS="639"/>
<String CS="1" CONTENT="1933]" HEIGHT="50" WIDTH="133" VPOS="2313" HPOS="661"/>
</TextLine>
<TextLine HEIGHT="50" WIDTH="651" VPOS="2384" HPOS="204" STYLEREFS="StyleId-053A0553-15F9-436A-9B1D-2B01478AA72F-" CS="1">
<String CONTENT="5" HEIGHT="39" WIDTH="27" VPOS="2387" HPOS="204"/>
<SP HEIGHT="47" WIDTH="25" VPOS="2387" HPOS="232"/>
<String LANG="fr" CONTENT="p." HEIGHT="37" WIDTH="42" VPOS="2397" HPOS="258"/>
<SP HEIGHT="38" WIDTH="31" VPOS="2388" HPOS="301"/>
<String CS="1" CONTENT="l.,"/>
<SP HEIGHT="46" WIDTH="29" VPOS="2387" HPOS="377"/>
<String CONTENT="15-262" HEIGHT="40" WIDTH="171" VPOS="2385" HPOS="407"/>
<SP HEIGHT="48" WIDTH="27" VPOS="2386" HPOS="579"/>
<String CONTENT="p." HEIGHT="38" WIDTH="42" VPOS="2396" HPOS="607"/>
<SP HEIGHT="41" WIDTH="59" VPOS="2384" HPOS="650"/>
<String CS="1" CONTENT="24-&#189;" HEIGHT="40" WIDTH="65" VPOS="2384" HPOS="710"/>
<String STYLE="superscript" CONTENT="cin" HEIGHT="21" WIDTH="44" VPOS="2388" HPOS="798"/>
<String CONTENT="." HEIGHT="6" WIDTH="8" VPOS="2418" HPOS="847"/>
</TextLine>
<TextLine HEIGHT="45" WIDTH="1123" VPOS="2440" HPOS="205" CS="1">
<String CONTENT="At" HEIGHT="39" WIDTH="65" VPOS="2444" HPOS="205"/>
<SP HEIGHT="39" WIDTH="24" VPOS="2444" HPOS="270"/>
<String CONTENT="head" HEIGHT="39" WIDTH="125" VPOS="2443" HPOS="294"/>
<SP HEIGHT="39" WIDTH="25" VPOS="2443" HPOS="419"/>
<String CONTENT="of" HEIGHT="39" WIDTH="53" VPOS="2443" HPOS="444"/>
<SP HEIGHT="39" WIDTH="24" VPOS="2443" HPOS="497"/>
<String CS="1" CONTENT="title:" HEIGHT="40" WIDTH="108" VPOS="2442" HPOS="521"/>
<SP HEIGHT="39" WIDTH="28" VPOS="2443" HPOS="656"/>
<String CONTENT="Dr." HEIGHT="41" WIDTH="85" VPOS="2442" HPOS="684"/>
<SP HEIGHT="39" WIDTH="26" VPOS="2443" HPOS="769"/>
<String CONTENT="Pinhas" HEIGHT="41" WIDTH="183" VPOS="2442" HPOS="795"/>
<SP HEIGHT="40" WIDTH="25" VPOS="2443" HPOS="978"/>
<String CONTENT="ben" HEIGHT="39" WIDTH="91" VPOS="2443" HPOS="1003"/>
<SP HEIGHT="39" WIDTH="26" VPOS="2443" HPOS="1094"/>
<String CONTENT="Nahum." HEIGHT="42" WIDTH="208" VPOS="2442" HPOS="1120"/>
</TextLine>
<TextLine HEIGHT="102" WIDTH="1984" VPOS="2497" HPOS="139" CS="1">
<String CONTENT="&#8220;Of" HEIGHT="40" WIDTH="92" VPOS="2501" HPOS="209"/>
<SP HEIGHT="39" WIDTH="34" VPOS="2501" HPOS="302"/>
<String CONTENT="this" HEIGHT="40" WIDTH="97" VPOS="2500" HPOS="337"/>
<SP HEIGHT="39" WIDTH="34" VPOS="2501" HPOS="435"/>
<String CONTENT="book" HEIGHT="39" WIDTH="123" VPOS="2500" HPOS="470"/>
<SP HEIGHT="41" WIDTH="35" VPOS="2500" HPOS="594"/>
<String CONTENT="only" HEIGHT="47" WIDTH="111" VPOS="2500" HPOS="630"/>
<SP HEIGHT="45" WIDTH="34" VPOS="2501" HPOS="742"/>
<String CONTENT="two" HEIGHT="38" WIDTH="96" VPOS="2501" HPOS="777"/>
<SP HEIGHT="38" WIDTH="36" VPOS="2501" HPOS="874"/>
<String CONTENT="thousand" HEIGHT="39" WIDTH="243" VPOS="2501" HPOS="911"/>
<SP HEIGHT="39" WIDTH="36" VPOS="2502" HPOS="1155"/>
<String CONTENT="copies" HEIGHT="48" WIDTH="162" VPOS="2500" HPOS="1192"/>
<SP HEIGHT="39" WIDTH="31" VPOS="2501" HPOS="1355"/>
<String CONTENT="have" HEIGHT="40" WIDTH="124" VPOS="2501" HPOS="1387"/>
<SP HEIGHT="38" WIDTH="35" VPOS="2503" HPOS="1512"/>
<String CONTENT="been" HEIGHT="39" WIDTH="115" VPOS="2503" HPOS="1548"/>
<SP HEIGHT="39" WIDTH="36" VPOS="2513" HPOS="1664"/>
<String CONTENT="printed" HEIGHT="50" WIDTH="194" VPOS="2502" HPOS="1701"/>
<SP HEIGHT="41" WIDTH="34" VPOS="2502" HPOS="1896"/>
<String CONTENT="for" HEIGHT="43" WIDTH="78" VPOS="2502" HPOS="1931"/>
<SP HEIGHT="37" WIDTH="37" VPOS="2515" HPOS="2010"/>
<String CONTENT="private" HEIGHT="95" WIDTH="1984" VPOS="2503" HPOS="139"/>
<SP HEIGHT="30" WIDTH="26" VPOS="2567" HPOS="248"/>
<String CONTENT="collectors" HEIGHT="40" WIDTH="251" VPOS="2558" HPOS="275"/>
<SP HEIGHT="29" WIDTH="27" VPOS="2568" HPOS="527"/>
<String CONTENT="of" HEIGHT="38" WIDTH="51" VPOS="2558" HPOS="555"/>
<SP HEIGHT="40" WIDTH="26" VPOS="2558" HPOS="607"/>
<String CONTENT="erotica.&#8221;" HEIGHT="42" WIDTH="226" VPOS="2556" HPOS="634"/>
</TextLine>
<TextLine HEIGHT="64" WIDTH="1943" VPOS="2608" HPOS="142">
<String CONTENT="&#169;" HEIGHT="53" WIDTH="50" VPOS="2611" HPOS="142"/>
<SP HEIGHT="52" WIDTH="28" VPOS="2611" HPOS="193"/>
<String CONTENT="May" HEIGHT="48" WIDTH="115" VPOS="2615" HPOS="222"/>
<SP HEIGHT="46" WIDTH="26" VPOS="2617" HPOS="338"/>
<String CONTENT="1," HEIGHT="45" WIDTH="37" VPOS="2617" HPOS="365"/>
<SP HEIGHT="44" WIDTH="28" VPOS="2618" HPOS="403"/>
<String CONTENT="1933;" HEIGHT="47" WIDTH="140" VPOS="2615" HPOS="432"/>
<SP HEIGHT="46" WIDTH="28" VPOS="2616" HPOS="573"/>
<String CONTENT="2c." HEIGHT="42" WIDTH="67" VPOS="2616" HPOS="602"/>
<SP HEIGHT="42" WIDTH="28" VPOS="2616" HPOS="670"/>
<String CONTENT="May" HEIGHT="49" WIDTH="114" VPOS="2615" HPOS="699"/>
<SP HEIGHT="47" WIDTH="24" VPOS="2616" HPOS="814"/>
<String CONTENT="3;" HEIGHT="44" WIDTH="53" VPOS="2616" HPOS="839"/>
<SP HEIGHT="34" WIDTH="30" VPOS="2626" HPOS="893"/>
<String CONTENT="aff." HEIGHT="39" WIDTH="80" VPOS="2615" HPOS="924"/>
<SP HEIGHT="37" WIDTH="30" VPOS="2617" HPOS="1005"/>
<String CONTENT="May" HEIGHT="46" WIDTH="116" VPOS="2617" HPOS="1036"/>
<SP HEIGHT="45" WIDTH="24" VPOS="2618" HPOS="1153"/>
<String CONTENT="26;" HEIGHT="47" WIDTH="82" VPOS="2615" HPOS="1178"/>
<SP HEIGHT="44" WIDTH="29" VPOS="2617" HPOS="1261"/>
<!-- cceid 444B71CB-6CF9-1014-A6CF-A82867D68027 --><String CONTENT="A" HEIGHT="38" WIDTH="40" VPOS="2617" HPOS="1291"/>
<SP HEIGHT="40" WIDTH="27" VPOS="2617" HPOS="1332"/>
<String CONTENT="61976;" HEIGHT="46" WIDTH="169" VPOS="2617" HPOS="1360"/>
<SP HEIGHT="44" WIDTH="32" VPOS="2619" HPOS="1530"/>
<String CONTENT="Panurge" HEIGHT="49" WIDTH="223" VPOS="2618" HPOS="1563"/>
<SP HEIGHT="39" WIDTH="26" VPOS="2629" HPOS="1787"/>
<String CONTENT="press," HEIGHT="38" WIDTH="150" VPOS="2630" HPOS="1814"/>
<SP HEIGHT="47" WIDTH="28" VPOS="2621" HPOS="1965"/>
<String CONTENT="inc." HEIGHT="40" WIDTH="91" VPOS="2621" HPOS="1994"/>
</TextLine>
<TextLine HEIGHT="48" WIDTH="279" VPOS="2672" HPOS="220">
<String CONTENT="(33-14416)" HEIGHT="48" WIDTH="279" VPOS="2672" HPOS="220"/>
</TextLine>
<TextLine HEIGHT="73" WIDTH="1271" VPOS="2760" HPOS="137" STYLEREFS="StyleId-F07BA304-8620-4758-8905-7C33429E0B87-">
<String CONTENT="New" HEIGHT="52" WIDTH="145" VPOS="2762" HPOS="137"/>
<SP HEIGHT="51" WIDTH="26" VPOS="2762" HPOS="283"/>
<String CONTENT="York" HEIGHT="52" WIDTH="159" VPOS="2762" HPOS="310"/>
<SP HEIGHT="66" WIDTH="39" VPOS="2763" HPOS="470"/>
<String CONTENT="(State)" HEIGHT="69" WIDTH="217" VPOS="2761" HPOS="510"/>
<SP HEIGHT="68" WIDTH="82" VPOS="2761" HPOS="728"/>
<String CONTENT="Laws," HEIGHT="68" WIDTH="184" VPOS="2761" HPOS="811"/>
<SP HEIGHT="47" WIDTH="24" VPOS="2782" HPOS="996"/>
<String CONTENT="statutes," HEIGHT="64" WIDTH="258" VPOS="2767" HPOS="1021"/>
<SP HEIGHT="48" WIDTH="28" VPOS="2782" HPOS="1280"/>
<String CONTENT="etc." HEIGHT="46" WIDTH="99" VPOS="2770" HPOS="1309"/>
</TextLine>
<TextLine HEIGHT="78" WIDTH="1872" VPOS="2837" HPOS="269" STYLEREFS="StyleId-053A0553-15F9-436A-9B1D-2B01478AA72F-" CS="1">
<String CS="1" CONTENT="&#8230;"/>
<SP HEIGHT="51" WIDTH="39" VPOS="2841" HPOS="269"/>
<String CONTENT="McKinneys" HEIGHT="65" WIDTH="375" VPOS="2840" HPOS="309"/>
<SP HEIGHT="34" WIDTH="36" VPOS="2860" HPOS="685"/>
<String CONTENT="consolidated" HEIGHT="53" WIDTH="389" VPOS="2840" HPOS="722"/>
<SP HEIGHT="51" WIDTH="36" VPOS="2842" HPOS="1112"/>
<String CONTENT="laws" HEIGHT="52" WIDTH="136" VPOS="2843" HPOS="1149"/>
<SP HEIGHT="33" WIDTH="35" VPOS="2861" HPOS="1286"/>
<String CONTENT="of" HEIGHT="52" WIDTH="63" VPOS="2842" HPOS="1322"/>
<SP HEIGHT="54" WIDTH="34" VPOS="2842" HPOS="1386"/>
<String CONTENT="New" HEIGHT="52" WIDTH="139" VPOS="2845" HPOS="1421"/>
<SP HEIGHT="52" WIDTH="37" VPOS="2846" HPOS="1561"/>
<String CONTENT="York," HEIGHT="68" WIDTH="178" VPOS="2845" HPOS="1599"/>
<SP HEIGHT="48" WIDTH="36" VPOS="2865" HPOS="1778"/>
<String CONTENT="annotated." HEIGHT="53" WIDTH="326" VPOS="2848" HPOS="1815"/>
</TextLine>
<TextLine HEIGHT="85" WIDTH="2006" VPOS="2915" HPOS="137" STYLEREFS="StyleId-053A0553-15F9-436A-9B1D-2B01478AA72F-" CS="1">
<String CONTENT="January," HEIGHT="68" WIDTH="281" VPOS="2918" HPOS="137"/>
<SP HEIGHT="64" WIDTH="27" VPOS="2921" HPOS="419"/>
<String CONTENT="1933." HEIGHT="49" WIDTH="149" VPOS="2921" HPOS="447"/>
<SP HEIGHT="34" WIDTH="79" VPOS="2952" HPOS="597"/>
<String CONTENT="[Quarterly" HEIGHT="69" WIDTH="330" VPOS="2917" HPOS="677"/>
<SP HEIGHT="49" WIDTH="25" VPOS="2936" HPOS="1008"/>
<String CONTENT="supplement]" HEIGHT="67" WIDTH="379" VPOS="2921" HPOS="1034"/>
<SP HEIGHT="33" WIDTH="37" VPOS="2954" HPOS="1414"/>
<String CS="1" CONTENT="&#8230;"/>
<SP HEIGHT="51" WIDTH="79" VPOS="2928" HPOS="1507"/>
<String CONTENT="Northport," HEIGHT="70" WIDTH="341" VPOS="2924" HPOS="1587"/>
<SP HEIGHT="57" WIDTH="24" VPOS="2929" HPOS="1929"/>
<String LANG="fr" CONTENT="N." HEIGHT="50" WIDTH="69" VPOS="2929" HPOS="1954"/>
<SP HEIGHT="51" WIDTH="30" VPOS="2928" HPOS="2024"/>
<String CONTENT="Y.," HEIGHT="68" WIDTH="88" VPOS="2928" HPOS="2055"/>
</TextLine>
<TextLine HEIGHT="74" WIDTH="1148" VPOS="2994" HPOS="142" STYLEREFS="StyleId-053A0553-15F9-436A-9B1D-2B01478AA72F-" CS="1">
<String CONTENT="Edward" HEIGHT="53" WIDTH="252" VPOS="2997" HPOS="142"/>
<SP HEIGHT="51" WIDTH="29" VPOS="2997" HPOS="394"/>
<String CONTENT="Thompson" HEIGHT="70" WIDTH="330" VPOS="2995" HPOS="423"/>
<SP HEIGHT="35" WIDTH="28" VPOS="3015" HPOS="754"/>
<String CONTENT="company" HEIGHT="50" WIDTH="280" VPOS="3016" HPOS="783"/>
<SP HEIGHT="49" WIDTH="31" VPOS="3017" HPOS="1064"/>
<String CS="1" CONTENT="["/>
<String STYLE="superscript" CONTENT="c" HEIGHT="21" WIDTH="18" VPOS="3005" HPOS="1115"/>
<String CONTENT="1933]" HEIGHT="65" WIDTH="152" VPOS="3001" HPOS="1138"/>
</TextLine>
<TextLine HEIGHT="50" WIDTH="643" VPOS="3069" HPOS="219" STYLEREFS="StyleId-053A0553-15F9-436A-9B1D-2B01478AA72F-" CS="1">
<String CONTENT="cover-title," HEIGHT="46" WIDTH="282" VPOS="3071" HPOS="219"/>
<SP HEIGHT="47" WIDTH="28" VPOS="3070" HPOS="502"/>
<String CONTENT="60" HEIGHT="39" WIDTH="57" VPOS="3070" HPOS="531"/>
<SP HEIGHT="49" WIDTH="25" VPOS="3070" HPOS="589"/>
<String CONTENT="p." HEIGHT="37" WIDTH="43" VPOS="3082" HPOS="615"/>
<SP HEIGHT="41" WIDTH="56" VPOS="3070" HPOS="659"/>
<String CS="1" CONTENT="23&#189;cm." HEIGHT="49" WIDTH="146" VPOS="3069" HPOS="716"/>
</TextLine>
<TextLine HEIGHT="68" WIDTH="1942" VPOS="3120" HPOS="149">
<String CONTENT="&#169;" HEIGHT="53" WIDTH="50" VPOS="3123" HPOS="149"/>
<SP HEIGHT="52" WIDTH="29" VPOS="3123" HPOS="200"/>
<String CONTENT="Jan." HEIGHT="40" WIDTH="109" VPOS="3127" HPOS="230"/>
<SP HEIGHT="39" WIDTH="27" VPOS="3128" HPOS="340"/>
<String CONTENT="19," HEIGHT="46" WIDTH="67" VPOS="3126" HPOS="368"/>
<SP HEIGHT="44" WIDTH="29" VPOS="3128" HPOS="436"/>
<String CONTENT="1933;" HEIGHT="47" WIDTH="139" VPOS="3127" HPOS="466"/>
<SP HEIGHT="45" WIDTH="29" VPOS="3129" HPOS="606"/>
<String CONTENT="2c." HEIGHT="39" WIDTH="66" VPOS="3129" HPOS="636"/>
<SP HEIGHT="30" WIDTH="28" VPOS="3138" HPOS="703"/>
<String CONTENT="and" HEIGHT="38" WIDTH="95" VPOS="3129" HPOS="732"/>
<SP HEIGHT="38" WIDTH="27" VPOS="3129" HPOS="828"/>
<String CONTENT="aff." HEIGHT="39" WIDTH="81" VPOS="3128" HPOS="856"/>
<SP HEIGHT="39" WIDTH="29" VPOS="3128" HPOS="938"/>
<String CONTENT="June" HEIGHT="39" WIDTH="128" VPOS="3128" HPOS="968"/>
<SP HEIGHT="39" WIDTH="27" VPOS="3130" HPOS="1097"/>
<String CONTENT="7;" HEIGHT="44" WIDTH="50" VPOS="3130" HPOS="1125"/>
<SP HEIGHT="44" WIDTH="30" VPOS="3130" HPOS="1176"/>
<!-- cceid 444BF388-6CF9-1014-A6CF-A82867D68027 --><String CONTENT="A" HEIGHT="39" WIDTH="40" VPOS="3129" HPOS="1207"/>
<SP HEIGHT="39" WIDTH="27" VPOS="3129" HPOS="1248"/>
<String CONTENT="63065;" HEIGHT="46" WIDTH="170" VPOS="3129" HPOS="1276"/>
<SP HEIGHT="42" WIDTH="32" VPOS="3133" HPOS="1447"/>
<String CONTENT="Edward" HEIGHT="40" WIDTH="211" VPOS="3133" HPOS="1480"/>
<SP HEIGHT="39" WIDTH="27" VPOS="3134" HPOS="1692"/>
<String CONTENT="Thompson" HEIGHT="51" WIDTH="273" VPOS="3134" HPOS="1720"/>
<SP HEIGHT="29" WIDTH="28" VPOS="3147" HPOS="1994"/>
<String CONTENT="co." HEIGHT="29" WIDTH="68" VPOS="3147" HPOS="2023"/>
</TextLine>
<TextLine HEIGHT="70" WIDTH="1011" VPOS="3213" HPOS="142" STYLEREFS="StyleId-3C581D80-67E6-4155-A68F-815D112239C8-">
<String CONTENT="Northcott," HEIGHT="67" WIDTH="342" VPOS="3214" HPOS="142"/>
<SP HEIGHT="62" WIDTH="27" VPOS="3218" HPOS="485"/>
<String CONTENT="John" HEIGHT="53" WIDTH="154" VPOS="3217" HPOS="513"/>
<SP HEIGHT="51" WIDTH="29" VPOS="3219" HPOS="668"/>
<String CONTENT="Arthur," HEIGHT="65" WIDTH="251" VPOS="3217" HPOS="698"/>
<SP HEIGHT="57" WIDTH="31" VPOS="3224" HPOS="950"/>
<String CONTENT="1883-" HEIGHT="49" WIDTH="171" VPOS="3223" HPOS="982"/>
</TextLine>
<TextLine HEIGHT="77" WIDTH="1931" VPOS="3290" HPOS="219" STYLEREFS="StyleId-053A0553-15F9-436A-9B1D-2B01478AA72F-" CS="1">
<String CONTENT="Plane" HEIGHT="51" WIDTH="177" VPOS="3293" HPOS="219"/>
<SP HEIGHT="46" WIDTH="34" VPOS="3299" HPOS="397"/>
<String CONTENT="trigonometry," HEIGHT="70" WIDTH="429" VPOS="3293" HPOS="432"/>
<SP HEIGHT="68" WIDTH="36" VPOS="3294" HPOS="862"/>
<String CONTENT="by" HEIGHT="68" WIDTH="74" VPOS="3294" HPOS="899"/>
<SP HEIGHT="67" WIDTH="33" VPOS="3295" HPOS="974"/>
<String CONTENT="John" HEIGHT="52" WIDTH="157" VPOS="3295" HPOS="1008"/>
<SP HEIGHT="52" WIDTH="34" VPOS="3294" HPOS="1166"/>
<String CONTENT="A." HEIGHT="58" WIDTH="71" VPOS="3293" HPOS="1201"/>
<SP HEIGHT="56" WIDTH="38" VPOS="3294" HPOS="1273"/>
<String CONTENT="Northcott" HEIGHT="53" WIDTH="303" VPOS="3294" HPOS="1312"/>
<SP HEIGHT="46" WIDTH="43" VPOS="3301" HPOS="1616"/>
<String CS="1" CONTENT="&#8230;"/>
<SP HEIGHT="54" WIDTH="77" VPOS="3294" HPOS="1716"/>
<String CONTENT="New" HEIGHT="53" WIDTH="136" VPOS="3294" HPOS="1794"/>
<SP HEIGHT="51" WIDTH="39" VPOS="3296" HPOS="1931"/>
<String CONTENT="York," HEIGHT="69" WIDTH="179" VPOS="3295" HPOS="1971"/>
</TextLine>
<TextLine HEIGHT="73" WIDTH="1101" VPOS="3367" HPOS="153" STYLEREFS="StyleId-053A0553-15F9-436A-9B1D-2B01478AA72F-">
<String LANG="fr" CONTENT="R." HEIGHT="53" WIDTH="64" VPOS="3369" HPOS="153"/>
<SP HEIGHT="50" WIDTH="31" VPOS="3371" HPOS="218"/>
<String CONTENT="Long" HEIGHT="66" WIDTH="163" VPOS="3371" HPOS="250"/>
<SP HEIGHT="66" WIDTH="24" VPOS="3371" HPOS="414"/>
<String CONTENT="&amp;" HEIGHT="49" WIDTH="46" VPOS="3371" HPOS="439"/>
<SP HEIGHT="50" WIDTH="24" VPOS="3370" HPOS="486"/>
<String LANG="fr" CONTENT="R." HEIGHT="50" WIDTH="66" VPOS="3370" HPOS="511"/>
<SP HEIGHT="50" WIDTH="31" VPOS="3371" HPOS="578"/>
<String CONTENT="R." HEIGHT="52" WIDTH="67" VPOS="3371" HPOS="610"/>
<SP HEIGHT="56" WIDTH="30" VPOS="3369" HPOS="678"/>
<String CONTENT="Smith," HEIGHT="69" WIDTH="206" VPOS="3369" HPOS="709"/>
<SP HEIGHT="65" WIDTH="29" VPOS="3373" HPOS="916"/>
<String CONTENT="inc.," HEIGHT="64" WIDTH="126" VPOS="3373" HPOS="946"/>
<SP HEIGHT="63" WIDTH="31" VPOS="3374" HPOS="1073"/>
<String CONTENT="1933." HEIGHT="50" WIDTH="149" VPOS="3373" HPOS="1105"/>
</TextLine>
<TextLine HEIGHT="50" WIDTH="956" VPOS="3443" HPOS="221" CS="1">
<String CONTENT="1" HEIGHT="36" WIDTH="16" VPOS="3444" HPOS="221"/>
<SP HEIGHT="46" WIDTH="36" VPOS="3444" HPOS="238"/>
<String CONTENT="p." HEIGHT="36" WIDTH="41" VPOS="3454" HPOS="275"/>
<SP HEIGHT="38" WIDTH="28" VPOS="3446" HPOS="317"/>
<String CS="1" CONTENT="l.,"/>
<SP HEIGHT="32" WIDTH="28" VPOS="3455" HPOS="390"/>
<String CONTENT="v-ix," HEIGHT="45" WIDTH="125" VPOS="3444" HPOS="419"/>
<SP HEIGHT="43" WIDTH="29" VPOS="3446" HPOS="545"/>
<String CONTENT="152" HEIGHT="39" WIDTH="84" VPOS="3444" HPOS="575"/>
<SP HEIGHT="49" WIDTH="27" VPOS="3444" HPOS="660"/>
<String CONTENT="p." HEIGHT="39" WIDTH="42" VPOS="3454" HPOS="688"/>
<SP HEIGHT="37" WIDTH="60" VPOS="3447" HPOS="731"/>
<String CONTENT="diagrs." HEIGHT="45" WIDTH="179" VPOS="3446" HPOS="792"/>
<SP HEIGHT="40" WIDTH="57" VPOS="3446" HPOS="972"/>
<String CS="1" CONTENT="20&#189;cm." HEIGHT="41" WIDTH="147" VPOS="3445" HPOS="1030"/>
</TextLine>
<TextLine HEIGHT="65" WIDTH="1997" VPOS="3493" HPOS="155" CS="1">
<String CONTENT="&#169;" HEIGHT="51" WIDTH="50" VPOS="3496" HPOS="155"/>
<SP HEIGHT="50" WIDTH="28" VPOS="3496" HPOS="206"/>
<String CONTENT="May" HEIGHT="47" WIDTH="116" VPOS="3500" HPOS="235"/>
<SP HEIGHT="45" WIDTH="22" VPOS="3502" HPOS="351"/>
<String CONTENT="26," HEIGHT="46" WIDTH="71" VPOS="3501" HPOS="373"/>
<SP HEIGHT="45" WIDTH="25" VPOS="3502" HPOS="444"/>
<String CONTENT="1933;" HEIGHT="42" WIDTH="141" VPOS="3501" HPOS="469"/>
<SP HEIGHT="41" WIDTH="27" VPOS="3502" HPOS="611"/>
<String CONTENT="2c." HEIGHT="40" WIDTH="67" VPOS="3502" HPOS="639"/>
<SP HEIGHT="29" WIDTH="26" VPOS="3512" HPOS="707"/>
<String CONTENT="and" HEIGHT="38" WIDTH="96" VPOS="3503" HPOS="734"/>
<SP HEIGHT="39" WIDTH="25" VPOS="3503" HPOS="831"/>
<String CS="1" CONTENT="aff." HEIGHT="39" WIDTH="82" VPOS="3503" HPOS="857"/>
<SP HEIGHT="37" WIDTH="28" VPOS="3505" HPOS="940"/>
<String CONTENT="May" HEIGHT="46" WIDTH="115" VPOS="3505" HPOS="969"/>
<SP HEIGHT="47" WIDTH="25" VPOS="3504" HPOS="1084"/>
<String CS="1" CONTENT="31;" HEIGHT="39" WIDTH="48" VPOS="3504" HPOS="1109"/>
<SP HEIGHT="41" WIDTH="29" VPOS="3504" HPOS="1193"/>
<!-- cceid 444C7283-6CF9-1014-A6CF-A82867D68027 --><String CONTENT="A" HEIGHT="39" WIDTH="40" VPOS="3503" HPOS="1223"/>
<SP HEIGHT="40" WIDTH="25" VPOS="3502" HPOS="1264"/>
<String CONTENT="61958;" HEIGHT="48" WIDTH="171" VPOS="3501" HPOS="1290"/>
<SP HEIGHT="44" WIDTH="31" VPOS="3505" HPOS="1461"/>
<String CONTENT="Ray" HEIGHT="47" WIDTH="108" VPOS="3505" HPOS="1492"/>
<SP HEIGHT="46" WIDTH="27" VPOS="3506" HPOS="1600"/>
<String CONTENT="Long" HEIGHT="49" WIDTH="133" VPOS="3506" HPOS="1627"/>
<SP HEIGHT="50" WIDTH="27" VPOS="3505" HPOS="1760"/>
<String CONTENT="&amp;" HEIGHT="41" WIDTH="38" VPOS="3505" HPOS="1787"/>
<SP HEIGHT="41" WIDTH="26" VPOS="3505" HPOS="1825"/>
<String CONTENT="Richard" HEIGHT="41" WIDTH="216" VPOS="3505" HPOS="1851"/>
<SP HEIGHT="38" WIDTH="28" VPOS="3507" HPOS="2067"/>
<String CONTENT="R." HEIGHT="38" WIDTH="57" VPOS="3507" HPOS="2095"/>
</TextLine>
<TextLine HEIGHT="51" WIDTH="641" VPOS="3555" HPOS="229">
<String CONTENT="Smith," HEIGHT="43" WIDTH="170" VPOS="3556" HPOS="229"/>
<SP HEIGHT="41" WIDTH="27" VPOS="3558" HPOS="400"/>
<String CONTENT="inc." HEIGHT="39" WIDTH="91" VPOS="3558" HPOS="428"/>
<SP HEIGHT="45" WIDTH="69" VPOS="3559" HPOS="520"/>
<String CONTENT="(33-14433)" HEIGHT="48" WIDTH="280" VPOS="3558" HPOS="590"/>
</TextLine>
<TextLine HEIGHT="71" WIDTH="790" VPOS="3643" HPOS="151" STYLEREFS="StyleId-3C581D80-67E6-4155-A68F-815D112239C8-">
<String CONTENT="O&#8217;Flaherty," HEIGHT="68" WIDTH="373" VPOS="3644" HPOS="151"/>
<SP HEIGHT="62" WIDTH="26" VPOS="3649" HPOS="525"/>
<String CONTENT="Liam," HEIGHT="68" WIDTH="186" VPOS="3645" HPOS="552"/>
<SP HEIGHT="57" WIDTH="31" VPOS="3655" HPOS="739"/>
<String CONTENT="1897-" HEIGHT="50" WIDTH="170" VPOS="3653" HPOS="771"/>
</TextLine>
<TextLine HEIGHT="149" WIDTH="1969" VPOS="3719" HPOS="158" STYLEREFS="StyleId-053A0553-15F9-436A-9B1D-2B01478AA72F-" CS="1">
<String CONTENT="The" HEIGHT="54" WIDTH="119" VPOS="3722" HPOS="225"/>
<SP HEIGHT="36" WIDTH="28" VPOS="3740" HPOS="345"/>
<String CONTENT="martyr," HEIGHT="62" WIDTH="236" VPOS="3729" HPOS="374"/>
<SP HEIGHT="68" WIDTH="25" VPOS="3723" HPOS="611"/>
<String CONTENT="by" HEIGHT="71" WIDTH="73" VPOS="3722" HPOS="637"/>
<SP HEIGHT="68" WIDTH="26" VPOS="3724" HPOS="711"/>
<String CONTENT="Liam" HEIGHT="55" WIDTH="164" VPOS="3724" HPOS="738"/>
<SP HEIGHT="55" WIDTH="31" VPOS="3724" HPOS="903"/>
<String CONTENT="O&#8217;Flaherty." HEIGHT="72" WIDTH="363" VPOS="3723" HPOS="935"/>
<SP HEIGHT="52" WIDTH="66" VPOS="3726" HPOS="1299"/>
<String CONTENT="New" HEIGHT="53" WIDTH="135" VPOS="3726" HPOS="1366"/>
<SP HEIGHT="51" WIDTH="33" VPOS="3728" HPOS="1502"/>
<String CONTENT="York," HEIGHT="68" WIDTH="176" VPOS="3728" HPOS="1536"/>
<SP HEIGHT="66" WIDTH="29" VPOS="3730" HPOS="1713"/>
<String CONTENT="The" HEIGHT="54" WIDTH="119" VPOS="3729" HPOS="1743"/>
<SP HEIGHT="51" WIDTH="29" VPOS="3731" HPOS="1863"/>
<String CONTENT="Macmillan" HEIGHT="123" WIDTH="1969" VPOS="3731" HPOS="158"/>
<SP HEIGHT="33" WIDTH="29" VPOS="3818" HPOS="249"/>
<String CONTENT="company," HEIGHT="49" WIDTH="292" VPOS="3818" HPOS="279"/>
<SP HEIGHT="54" WIDTH="29" VPOS="3805" HPOS="572"/>
<String CONTENT="1933." HEIGHT="50" WIDTH="148" VPOS="3804" HPOS="602"/>
</TextLine>
<TextLine HEIGHT="50" WIDTH="671" VPOS="3872" HPOS="227" CS="1">
<String CONTENT="3" HEIGHT="38" WIDTH="27" VPOS="3873" HPOS="227"/>
<SP HEIGHT="48" WIDTH="30" VPOS="3873" HPOS="255"/>
<String LANG="fr" CONTENT="p." HEIGHT="37" WIDTH="42" VPOS="3884" HPOS="286"/>
<SP HEIGHT="39" WIDTH="31" VPOS="3874" HPOS="329"/>
<String LANG="fr" CS="1" CONTENT="l"/>
<String CS="1" CONTENT=".," HEIGHT="7" WIDTH="7" VPOS="3906" HPOS="383"/>
<SP HEIGHT="27" WIDTH="36" VPOS="3894" HPOS="405"/>
<String CS="1" CONTENT="[5]-286" HEIGHT="39" WIDTH="161" VPOS="3874" HPOS="456"/>
<SP HEIGHT="47" WIDTH="33" VPOS="3875" HPOS="618"/>
<String CONTENT="p." HEIGHT="35" WIDTH="42" VPOS="3887" HPOS="652"/>
<SP HEIGHT="37" WIDTH="59" VPOS="3878" HPOS="695"/>
<String CS="1" CONTENT="19&#189;cm." HEIGHT="42" WIDTH="143" VPOS="3875" HPOS="755"/>
</TextLine>
<TextLine HEIGHT="72" WIDTH="1993" VPOS="3921" HPOS="163">
<String CONTENT="&#169;" HEIGHT="53" WIDTH="51" VPOS="3924" HPOS="163"/>
<SP HEIGHT="52" WIDTH="29" VPOS="3924" HPOS="215"/>
<String CONTENT="June" HEIGHT="40" WIDTH="125" VPOS="3930" HPOS="245"/>
<SP HEIGHT="39" WIDTH="27" VPOS="3931" HPOS="371"/>
<String CONTENT="6," HEIGHT="45" WIDTH="39" VPOS="3931" HPOS="399"/>
<SP HEIGHT="43" WIDTH="27" VPOS="3933" HPOS="439"/>
<String CONTENT="1933;" HEIGHT="47" WIDTH="140" VPOS="3931" HPOS="467"/>
<SP HEIGHT="45" WIDTH="29" VPOS="3933" HPOS="608"/>
<String CONTENT="2c." HEIGHT="41" WIDTH="67" VPOS="3933" HPOS="638"/>
<SP HEIGHT="30" WIDTH="29" VPOS="3944" HPOS="706"/>
<String CONTENT="and" HEIGHT="37" WIDTH="93" VPOS="3936" HPOS="736"/>
<SP HEIGHT="37" WIDTH="27" VPOS="3936" HPOS="830"/>
<String CONTENT="aff." HEIGHT="39" WIDTH="81" VPOS="3934" HPOS="858"/>
<SP HEIGHT="38" WIDTH="30" VPOS="3936" HPOS="940"/>
<String CONTENT="June" HEIGHT="39" WIDTH="126" VPOS="3936" HPOS="971"/>
<SP HEIGHT="38" WIDTH="29" VPOS="3937" HPOS="1098"/>
<String CONTENT="7:" HEIGHT="39" WIDTH="51" VPOS="3937" HPOS="1128"/>
<SP HEIGHT="39" WIDTH="31" VPOS="3937" HPOS="1180"/>
<!-- cceid 444CE742-6CF9-1014-A6CF-A82867D68027 --><String CONTENT="A" HEIGHT="39" WIDTH="40" VPOS="3936" HPOS="1212"/>
<SP HEIGHT="39" WIDTH="26" VPOS="3936" HPOS="1253"/>
<String CONTENT="63058;" HEIGHT="45" WIDTH="171" VPOS="3934" HPOS="1280"/>
<SP HEIGHT="41" WIDTH="31" VPOS="3938" HPOS="1452"/>
<String CONTENT="L." HEIGHT="39" WIDTH="49" VPOS="3938" HPOS="1484"/>
<SP HEIGHT="40" WIDTH="30" VPOS="3938" HPOS="1534"/>
<String CONTENT="O&#8217;Flaherty," HEIGHT="51" WIDTH="305" VPOS="3937" HPOS="1565"/>
<SP HEIGHT="46" WIDTH="29" VPOS="3940" HPOS="1871"/>
<String CONTENT="Kilronan," HEIGHT="51" WIDTH="255" VPOS="3938" HPOS="1901"/>
</TextLine>
<TextLine HEIGHT="60" WIDTH="1443" VPOS="3984" HPOS="229">
<String CONTENT="Aran" HEIGHT="40" WIDTH="133" VPOS="3986" HPOS="229"/>
<SP HEIGHT="37" WIDTH="32" VPOS="3989" HPOS="363"/>
<String CONTENT="Islands," HEIGHT="45" WIDTH="206" VPOS="3989" HPOS="396"/>
<SP HEIGHT="46" WIDTH="31" VPOS="3988" HPOS="603"/>
<String CONTENT="County" HEIGHT="50" WIDTH="190" VPOS="3987" HPOS="635"/>
<SP HEIGHT="46" WIDTH="31" VPOS="3990" HPOS="826"/>
<String CONTENT="Galway," HEIGHT="49" WIDTH="215" VPOS="3990" HPOS="858"/>
<SP HEIGHT="40" WIDTH="36" VPOS="3994" HPOS="1074"/>
<String CONTENT="Ireland." HEIGHT="40" WIDTH="209" VPOS="3993" HPOS="1111"/>
<SP HEIGHT="47" WIDTH="69" VPOS="3994" HPOS="1321"/>
<String CONTENT="(33-14108)" HEIGHT="48" WIDTH="281" VPOS="3994" HPOS="1391"/>
</TextLine>
</TextBlock>
<GraphicalElement ID="Page835_Block4" HEIGHT="694" WIDTH="13" VPOS="3362" HPOS="1"/>
<GraphicalElement ID="Page835_Block5" HEIGHT="148" WIDTH="2" VPOS="1266" HPOS="1"/>
<GraphicalElement ID="Page835_Block6" HEIGHT="606" WIDTH="7" VPOS="758" HPOS="1"/>
<GraphicalElement ID="Page835_Block7" HEIGHT="240" WIDTH="10" VPOS="3076" HPOS="8"/>
<GraphicalElement ID="Page835_Block8" HEIGHT="400" WIDTH="13" VPOS="3490" HPOS="10"/>
</PrintSpace>
</Page>
</Layout>
</alto>