2582 4453
1232 4110 107 55 406

346 480 26 40 2
439 514 8 8 v.
508 480 56 40 22½
598 484 45 21 cm
647 512 9 9 .

348 539 230 40 Lettered
609 548 60 31 on
701 548 168 31 cover:
904 538 125 41 Ohio
1059 539 247 48 appellate
1337 541 205 47 reports.

280 591 52 53 ©
367 596 121 42 Nov.
522 596 70 49 26,
629 595 115 42 1932;
807 596 68 41 2c.
912 596 120 42 each
1067 597 110 40 Jan.
1215 597 39 47 5,
1290 596 143 48 1933;
1471 597 112 40 affs.
1617 596 117 49 Apr.
1769 596 52 48 6;
1860 597 41 39 A
1937 594 158 51 60939,
2133 594 173 42 60940;

349 653 129 41 John
501 654 51 40 L.
577 654 71 41 W.
674 654 219 48 Henney,
917 655 80 39 for
1021 654 83 41 the
1126 656 130 39 state
1280 655 53 40 of
1356 654 138 47 Ohio,
1521 654 277 48 Columbus,
1819 654 54 41 O.

272 745 180 66 Page,
483 743 259 58 William
775 746 282 65 Herbert,
1091 749 174 51 1868-
1480 746 86 53 ed.

344 827 57 53 A
426 825 189 70 digest
639 825 64 53 of
732 826 78 52 all
835 826 271 68 reported
1135 826 281 53 decisions
1443 824 64 53 of
1534 827 98 52 the
1657 830 191 51 courts
1876 824 64 55 of
1969 824 152 57 Ohio
2149 825 157 54 from

273 905 96 53 the
401 904 231 54 earliest
662 904 204 70 period
898 911 59 47 to
989 906 150 53 date.
1214 905 279 54 Lifetime
1525 906 86 52 ed.
1687 905 218 53 Edited
1935 906 75 69 by
2039 905 266 57 William

273 984 2006 148 Herbert Page … v. 3. Corporations V to Dedication. Cincinnati,
559 1066 123 52 The
728 1067 92 54 W.
866 1066 79 53 H.
992 1066 308 53 Anderson
1345 1084 314 51 company;
1710 1065 425 70 Indianapolis,
2183 1068 125 52 The

274 1144 977 71 Bobbs-Merrill company [ c 1933]
348 1220 62 50 iv,
443 1220 87 42 886
559 1231 44 38 p.
664 1219 57 42 26
724 1222 44 21 cm
773 1253 8 8 .

279 1274 1921 53 © Mar. 27, 1933; 2c. and aff. Mar. 29; A 61146; W. H. Anderson co.
274 1369 237 67 Pfandl,
541 1369 270 67 Ludwig,
844 1375 173 50 1881-

407 1448 1898 71 … Juana la Loca: su vida, su tiempo, su culpa; traducida del
275 1529 2028 151 alemán por Felipe Villaverde. l. ed. Madrid [etc.] Espasa-Calpe, s. a., 1932.
349 1686 86 38 214
464 1696 44 37 p.
566 1684 183 49 geneal.
782 1685 97 40 tab.
937 1685 55 39 21
997 1687 45 21 cm
1045 1715 9 9 .
1124 1684 177 50 (Yidas
1332 1683 443 42 extraordinarias.
1834 1684 52 50 1)

348 1743 65 40 At
439 1742 127 41 head
594 1742 54 40 of
677 1742 136 41 title:
846 1742 148 41 Louis
1024 1741 198 43 Pfandl.

281 1796 1918 53 © Feb. 15, 1932; 1c. Nov. 10; A-Foreign 19205; Espasa-Calpe, s. a.
359 1857 283 50 (31-32152)

274 1949 222 67 Pierce,
528 1949 208 54 Bessie
766 1948 236 67 Louise,
1037 1955 173 50 1890-

412 2025 1894 72 … Citizens’ organizations and the civic training of youth, by
279 2105 2029 70 Bessie Louise Pierce … New York, Chicago [etc.] C. Scribner’s
275 2188 351 67 sons [ c 1933]
346 2258 118 48 xvii,
495 2257 89 41 428
614 2268 43 38 p.
719 2256 58 41 20
778 2259 45 22 cm
829 2290 9 9 .
909 2256 256 49 (Lettered
1194 2270 60 30 on
1285 2268 166 32 cover:
1481 2258 185 49 Report
1695 2259 53 40 of
1777 2259 82 40 the
1891 2258 323 42 Commission
2245 2270 60 29 on

278 2316 84 40 the
396 2315 153 41 social
585 2315 202 49 studies,
825 2314 260 41 American
1122 2314 258 41 historical
1419 2315 324 48 association)

351 2373 161 41 Series
545 2372 110 41 title
686 2372 51 40 in
769 2375 114 46 part
916 2375 51 38 at
999 2373 126 40 head
1159 2373 53 40 of
1244 2375 97 46 t.-p.

348 2430 383 49 Bibliography:
769 2441 45 38 p.
851 2428 220 42 353-408.

283 2488 2024 52 © Mar. 3, 1933; 2c. and aff. Mar. 9; A 60520; Charles Scribner’s sons.
360 2550 254 49 (33-7834)

275 2636 270 55 Political
594 2638 310 53 handbook
953 2638 63 54 of
1064 2638 99 53 the
1211 2638 213 67 world;
1476 2637 396 71 parliaments,
1920 2638 219 70 parties
2190 2637 114 54 and

347 2738 160 50 press
536 2739 60 34 as
626 2719 64 54 of
718 2721 267 66 January
1017 2723 47 63 1,
1093 2720 152 49 1933.
1323 2717 216 53 Edited
1566 2719 75 68 by
1668 2719 227 54 Walter
1922 2719 79 52 H.
2031 2718 271 70 Mallory.

348 2800 141 52 New
523 2799 183 67 York,
739 2799 145 53 Pub.
917 2799 76 68 by
1026 2800 237 66 Harper
1296 2801 46 50 &
1373 2798 265 53 brothers
1670 2797 96 54 for
1802 2797 242 58 Council
2077 2816 73 35 on
347 2798 1932 152 foreign

509 2878 664 71 relations, inc. [ c 1933]
350 2956 28 40 3
408 2966 44 38 p.
519 2987 9 16 l.,
560 2954 86 41 202
678 2965 43 38 p.
783 2954 55 40 25½
872 2956 45 21 cm
923 2987 7 8 .

284 3009 2021 52 © Mar. 18, 1933; 2c. and aff. Mar. 27; A 61095; Council on foreign
353 3070 251 48 relations,
630 3070 91 40 inc.

276 3161 232 65 Porter,
541 3162 257 53 Edward
830 3160 233 56 Sefton.

350 3239 167 69 Open
564 3240 114 52 and
723 3240 152 68 shut,
919 3239 74 69 by
1040 3239 258 53 Edward
1345 3237 207 57 Sefton
1598 3240 224 51 Porter.
1899 3240 238 67 Boston,
2180 3240 123 53 The

279 3317 382 69 Christopher
693 3317 340 71 publishing
1061 3320 176 52 house
1274 3352 12 34 [
1291 3325 19 21 c
1316 3321 133 50 1933]

350 3394 89 40 246
470 3405 43 37 p.
578 3393 26 39 21
637 3395 45 22 cm
687 3402 8 32 :

286 3446 52 53 ©
367 3451 122 41 Mar.
517 3451 69 47 24,
614 3450 141 43 1933;
785 3450 67 42 2c.
881 3452 96 39 and
1005 3450 82 40 aff.
1116 3451 123 40 Mar.
1266 3448 83 48 29;
1380 3450 40 39 A
1449 3449 171 47 61142;
1653 3449 321 48 Christopher
2001 3451 111 47 pub.
2140 3450 164 40 house.

364 3507 253 50 (33-7853)

279 3584 226 66 Pridat,
534 3584 179 57 Kurt.

414 3660 1888 70 … Hörerrecht, das recht des deutschen rundfunkhörers.
281 3741 219 69 Berlin,
528 3741 372 69 Rothgiesser
929 3745 47 51 &
1003 3741 246 70 Diesing
1279 3761 88 51 ag.
1425 3744 153 65 [1932]

353 3817 89 41 348
469 3828 42 37 p.
573 3816 55 41 23
632 3819 44 21 cm
681 3848 7 7 .

353 3873 65 40 At
445 3873 125 40 head
599 3872 54 40 of
682 3872 135 41 title:
853 3871 414 42 Pridat-Guzatis.

355 3928 637 42 “Literatur-uebersicht”:
1026 3939 44 38 p.
1100 3928 220 43 341-343.

287 3982 2016 55 © Jan. 25. 1932; 1c. Mar. 15; A -Foreign 16128; Rothgiesser & Diesing,
392 4067 72 13 a.-g.
559 4044 204 36 (33-8663)
