2540 4453
1093 4099 101 49 443

141 452 284 65 Brander,
456 451 253 65 Shirley.

216 528 188 57 Social
449 534 301 63 secretary,
792 529 76 67 by
917 527 229 68 Shirley
1191 527 279 53 Brander.
1562 526 140 53 New
1745 524 182 69 York,
1972 525 67 52 E.
2087 523 56 55 J.

145 607 194 70 Clqde,
366 607 108 54 inc.
508 610 193 65 [c1933]

211 680 89 41 256
329 692 43 37 p.
431 680 145 41 19½cm.

149 739 52 52 ©
228 744 114 47 Apr.
369 744 39 46 7,
437 741 113 42 1933;
607 743 68 40 2c.
703 745 96 38 and
828 742 80 41 aff.
938 742 111 48 Apr.
1080 741 54 40 11;
1193 742 41 38 A
1262 739 144 41 61296;
1465 740 211 40 Edward
1707 740 42 40 J.
1781 738 158 46 Clode,
1969 738 92 40 inc.

230 800 250 48 (33-8631)

141 903 217 64 Byron,
389 903 158 64 May.

214 978 141 53 “Let
382 977 242 68 nothing
651 995 110 50 you
790 975 272 69 dismay”,
1089 976 72 68 by
1190 975 138 69 May
1357 976 212 68 Byron.
1635 974 136 53 New
1805 973 161 54 York
2017 981 122 61 [etc.]

146 1056 264 68 Fleming
440 1057 75 51 H.
552 1056 195 52 Revell
782 1073 276 50 company
1095 1058 193 65 [c1933]

213 1128 56 39 41
297 1138 45 38 p.
401 1127 116 42 17cm.

149 1184 52 52 ©
234 1188 109 40 Feb.
375 1189 67 46 11,
474 1186 112 41 1933;
647 1187 67 40 2c.
746 1189 95 38 and
873 1186 82 40 aff.
989 1188 121 38 Mar.
1141 1186 55 40 10;
1257 1187 41 38 A
1329 1185 143 40 60585;
1534 1184 222 50 Fleming
1785 1186 61 39 H.
1879 1185 167 39 Revell
2077 1196 69 29 co.

221 1240 68 54 [©
317 1245 194 48 preface]
598 1244 252 47 (33-8764)

144 1342 329 58 California
511 1348 111 51 and
663 1343 211 57 Pacific
915 1345 203 70 digest,
1157 1345 268 70 covering
1465 1347 76 51 all
1583 1365 150 35 cases
1773 1345 268 70 reported
2081 1344 60 53 in

215 1424 325 55 California
596 1428 241 65 reports,
893 1427 307 50 1850-1931;
1291 1422 211 58 Pacific
1559 1430 275 63 reporter,
1890 1425 252 54 volumes

245 1505 158 67 1-300,
436 1505 110 51 and
579 1504 77 52 all
686 1503 65 53 of
779 1504 96 53 the
905 1501 213 55 Pacific
1147 1508 173 48 states
1351 1508 223 64 reports
1603 1503 153 53 from
1787 1505 99 51 the
1914 1503 230 54 earliest

213 1580 1929 70 times … Compiled and edited by the publisher’s editorial
212 1657 153 57 staff.
479 1703 10 11 v.
524 1657 187 56 35-37.
789 1659 82 56 St.
906 1661 165 67 Paul,
1103 1663 162 53 West
1295 1660 336 70 publishing
1660 1679 99 50 co.,
1792 1662 152 54 1933.

213 1734 277 44 3 v. 26cm.
494 1802 107 30 CONTENTS.—v.
624 1790 71 42 35.
723 1792 159 41 Street
905 1792 584 42 railroads-Tender.—v.
1515 1791 73 43 36.
1613 1791 545 42 Territories-Trial.—.

181 1880 11 10 v.
222 1849 73 43 37.
322 1851 183 38 Trover
532 1851 94 39 and
655 1847 510 42 conversion-Vendor
1192 1851 95 38 and
1315 1850 279 48 purchaser.

152 1903 52 52 ©
235 1908 122 39 Mar.
386 1905 68 48 20,
485 1906 113 40 1933;
658 1906 67 40 2c.
755 1906 119 41 each
903 1907 114 47 Apr.
1047 1907 56 38 14;
1163 1905 108 41 affs.
1301 1907 112 48 Apr.
1446 1907 59 40 15;
1561 1906 42 40 A
1633 1907 319 41 62128-62130;
2013 1909 135 40 West

218 1964 108 48 pub.
365 1974 67 30 co.

145 2068 172 62 Cary,
349 2068 137 52 Mrs.
518 2064 333 55 Katharine
882 2065 276 58 Thomas.

215 2144 339 68 Arranging
616 2143 218 54 flowers
896 2144 355 67 throughout
1311 2145 96 52 the
1468 2162 154 51 year,
1683 2145 76 68 by
1823 2146 322 54 Katharine

147 2224 249 53 Thomas
434 2224 153 66 Cary
624 2224 112 51 and
775 2222 184 53 Nellie
996 2224 126 66 Dry
1127 2223 108 51 den
1271 2223 261 67 Merrell;
1574 2223 140 54 with
1752 2223 154 69 sixty

147 2226 1973 143 photographs
403 2300 65 53 of
507 2301 190 52 flower
738 2306 442 62 arrangements.
1255 2301 139 53 New
1437 2303 179 66 York,
1657 2303 190 66 Dodd,
1887 2305 172 53 Mead
2100 2309 46 50 &

147 2399 297 49 company,
486 2384 150 49 1933.

219 2452 81 48 vii,
333 2473 69 30 [1],
430 2452 86 41 230
542 2465 43 37 p.
614 2451 109 43 incl.
751 2452 142 48 illus.,
921 2452 173 49 plates,
1153 2450 85 42 col.
1269 2450 147 44 front.
1476 2453 119 42 24cm.

223 2511 348 48 Bibliography:
628 2521 43 37 p.
699 2509 218 42 229-230.

154 2566 52 52 ©
235 2571 122 39 Mar.
385 2569 68 48 10,
483 2569 112 40 1933;
653 2569 67 39 2c.
750 2570 95 39 and
875 2567 82 41 aff.
986 2569 122 39 Mar.
1138 2568 58 40 17;
1251 2568 43 39 A
1320 2567 143 42 59971;
1522 2569 155 48 Dodd,
1707 2571 143 40 Mead
1879 2576 41 41 &
1944 2582 82 37 co.,
2057 2572 91 42 inc.

232 2625 250 49 (33-8402)

148 2727 433 66 Chamberlain,
610 2725 271 66 Rudolph
910 2726 242 67 Wilson,
1183 2728 83 53 ed.

218 2806 226 53 Beacon
469 2804 179 70 lights
674 2805 65 54 of
764 2804 314 54 literature,
1153 2805 92 54 bk.
1273 2808 48 50 2.
1396 2807 91 69 By

147 2807 1974 225 Rudolph W. Chamberlain … New York, Chicago [etc.] Iroquois publishing company, inc. [c1933]
222 3037 134 48 xviii,
383 3036 84 41 973
497 3047 42 37 p.
567 3035 111 41 incl.
705 3036 164 47 front.,
897 3037 144 46 illus.,
1070 3038 163 46 ports.,
1264 3036 153 49 diagr.
1475 3039 145 41 21½cm.

156 3091 52 52 ©
236 3096 114 47 Apr.
380 3095 38 47 1,
448 3093 112 41 1933;
618 3094 68 39 2c.
715 3094 113 47 Apr.
858 3094 26 39 7;
943 3093 82 41 aff.
1054 3094 113 47 Apr.
1197 3095 27 37 4;
1282 3095 41 38 A
1352 3094 142 40 61252;
1555 3096 221 48 Iroquois
1807 3099 109 47 pub.
1947 3109 82 39 co.,
2059 3100 90 43 inc.

151 3214 151 64 Cole,
332 3214 192 55 Anna.

221 3288 345 55 Methodism
605 3289 60 52 in
704 3287 96 56 old
837 3287 270 69 Waverly
1150 3289 111 52 and
1300 3290 76 53 its
1415 3292 408 70 environment,
1865 3294 34 52 by
1977 3296 167 55 Anna

153 3368 151 56 Cole.
377 3364 348 71 [Baltimore,
756 3365 166 53 Press
951 3365 62 53 of
1043 3366 130 68 Day
1203 3365 262 70 printing
1497 3386 294 53 company]
1830 3375 149 53 1933.

223 3438 25 40 5
274 3449 43 37 p.
365 3469 23 17 l.,
420 3436 173 51 [9]-107
619 3448 43 37 p.
718 3436 172 49 plates,
917 3438 26 38 2
969 3438 122 47 port,
1120 3438 14 47 (incl.
1282 3438 175 48 front.)
1523 3442 115 42 22cm.

157 3495 52 52 ©
236 3499 122 39 Mar.
384 3499 67 45 14,
478 3496 112 41 1933;
645 3497 68 41 2c.
740 3498 122 39 Mar.
887 3497 55 39 15;
997 3496 83 41 aff.
1107 3498 121 39 Mar.
1255 3498 83 47 22;
1367 3500 41 38 A
1432 3499 144 41 60755;
1632 3502 58 39 A.,
1715 3502 125 50 Cole,
1869 3505 267 42 Baltimore

235 3554 250 49 (33-8761)

152 3655 286 55 Colorado
479 3657 111 52 and
637 3652 211 57 Pacific
895 3654 202 70 digest,
1143 3656 269 70 covering
1456 3659 77 52 all
1580 3680 150 36 cases
1775 3669 265 65 reported
2087 3668 59 52 in

223 3734 282 57 Colorado
569 3738 240 63 reports,
876 3736 307 51 1864-1931;
1281 3735 210 58 Pacific
1558 3746 273 65 reporter,
1895 3748 252 53 volumes

225 3816 186 66 1-300,
443 3814 111 51 and
587 3814 76 50 all
694 3812 64 54 of
785 3813 95 52 the
911 3811 211 57 Pacific
1153 3817 173 51 states
1356 3822 223 63 reports
1609 3819 153 55 from
1794 3824 96 53 the
1920 3826 228 56 earliest

221 3891 1926 74 times … Compiled and edited by the publisher’s editorial
221 3969 150 56 staff.
487 4013 11 11 v.
525 3968 187 55 35-37.
789 3969 83 56 St.
901 3972 166 67 Paul,
1093 3974 163 55 West
1281 3974 337 69 publishing
1645 3996 97 52 co.,
1771 3984 133 53 1933.
