2597 4403
1362 4090 99 49 130

380 410 214 65 Barry,
625 410 279 64 Herbert,
938 411 173 53 1867-

451 489 125 52 The
611 488 145 67 king
795 505 106 35 can
941 488 73 53 do
1055 505 75 35 no
1170 505 219 50 wrong,
1429 487 115 53 and
1585 487 164 54 other
1790 505 210 50 papers
2038 487 363 53 contributed

381 564 2022 70 to the Virginia law review, by Herbert Barry … 3d ed.
384 644 487 68 Charlottesville,
904 644 126 53 The
1059 643 217 54 Michie
1308 661 302 51 company,
1642 643 271 69 printers,
1947 646 153 50 1933.

449 719 90 41 260
565 730 42 38 p.
668 717 55 42 23
728 720 45 22 cm
777 750 10 9 .

386 786 52 53 ©
478 792 111 40 Jan.
627 790 71 48 25,
738 790 143 47 1933;
921 790 68 40 2c.
1029 790 111 40 Jan.
1177 788 85 48 26;
1304 788 82 41 aff.
1427 788 111 42 Feb.
1579 789 53 47 3;
1673 789 42 39 A
1754 787 173 49 59295;
1968 789 62 40 H.
2070 790 175 47 Barry,
2286 789 117 39 New

453 848 146 41 York.
671 847 252 49 (33-3601)

382 951 284 68 Beutner,
699 950 325 66 Reinhard,
1059 955 173 50 1885-

454 1029 276 71 Physical
769 1029 312 70 chemistry
1121 1030 64 52 of
1224 1029 188 70 living
1449 1029 205 54 tissues
1695 1029 114 54 and
1850 1029 107 54 life
1996 1047 304 53 processes,
2343 1049 60 34 as

384 1108 228 55 studied
656 1110 75 67 by
775 1106 270 56 artificial
1087 1108 294 54 imitation
1424 1109 63 54 of
1530 1109 152 53 their
1724 1109 184 70 single
1950 1110 223 69 phases,
2215 1110 76 70 by
2332 1112 69 52 R.

386 1188 2016 71 Beutner … Baltimore, The Williams & Wilkins company,
388 1272 149 52 1933.

457 1344 65 48 ix,
554 1344 69 50 [1],
652 1344 86 41 337
764 1354 44 38 p.
864 1343 145 49 illus.,
1036 1344 175 48 plates,
1238 1342 182 49 diagrs.
1476 1343 56 41 23
1536 1344 45 22 cm
1586 1374 9 10 .

455 1400 419 49 Bibliographical
906 1401 279 41 foot-notes.

389 1468 51 52 ©
468 1472 113 41 Dec.
609 1472 69 46 23,
707 1470 118 42 1932;
878 1471 67 41 2c.
975 1472 97 40 and
1100 1470 83 42 aff.
1212 1471 110 40 Jan.
1349 1471 42 48 4,
1418 1469 115 42 1933;
1590 1471 40 39 A
1658 1470 146 41 57742;
1859 1471 245 41 Williams
2133 1476 37 41 &
2196 1470 212 42 Wilkins

457 1540 67 29 co.
597 1528 253 49 (33-3579)

384 1632 186 55 Bible.
705 1677 10 10 O.
787 1635 63 52 T.
926 1633 161 67 Song
1155 1633 65 68 of
1286 1631 291 56 Solomon.
1653 1632 267 69 English.
1994 1633 411 69 Paraphrases.

456 1716 156 52 1932.

458 1789 123 55 The
605 1789 159 69 Song
788 1788 63 54 of
871 1806 188 52 songs,
1083 1789 284 68 arranged
1388 1787 411 71 conjecturally
1823 1807 61 34 as
1907 1808 32 34 a
1962 1787 205 70 tyrical
2191 1789 218 70 drama,

386 1868 262 68 together
692 1867 142 55 with
881 1886 72 38 an
999 1866 437 70 interpretative
1484 1866 390 55 introduction
1920 1867 114 53 and
2080 1868 329 68 expository

387 1943 2018 72 notes, by John L. Patterson … Louisville, Ky., The Standard
387 2023 265 70 printing
688 2042 298 51 company,
1022 2022 420 70 incorporated,
1483 2026 151 49 1932.

458 2095 63 49 iv,
549 2095 59 42 40
636 2107 44 38 p.
739 2096 57 40 21½
829 2099 44 21 cm
878 2129 9 9 .

393 2167 52 53 ©
473 2173 120 41 Nov.
621 2172 71 48 16,
719 2171 142 47 1932;
891 2170 69 42 2c.
989 2173 97 39 and
1114 2170 83 41 aff.
1227 2171 109 40 Jan.
1365 2171 69 47 17,
1465 2169 114 42 1933;
1639 2171 41 39 A
1708 2170 172 49 58926;
1916 2172 248 41 Standard
2194 2171 220 50 printing

461 2241 83 36 co.,
575 2229 93 41 inc.
740 2229 253 49 (33-3733)

387 2334 200 63 Blech,
616 2333 181 56 René.

521 2410 1252 69 … Les rats … [Paris] Gallimard [ c 1932]
458 2485 761 52 3 p. l., [9]-242 p., 1 l. 19 cm .
394 2554 2019 53 © Oct. 19, 1932; 1c. Dec. 29; A-Foreign 19134; Librairie Gallimard.
473 2615 255 49 (33-4190)

387 2720 254 67 Borden,
671 2722 194 64 Mary.

459 2799 122 54 The
610 2800 174 53 house
813 2798 150 58 Jack
989 2798 152 54 built
1166 2799 96 54 for
1289 2798 127 58 Jill.

497 2881 62 40 (In
588 2877 138 44 Good
757 2876 391 54 housekeeping,
1181 2877 130 52 Dec.,
1347 2877 144 50 1932)

397 2947 2016 54 © 1c. Dec. 23, 1932; A ad int. 17467; pubd. Nov. 30; M. Borden, London.
461 3071 123 54 The
614 3071 300 69 technique
946 3071 63 53 of
1040 3072 315 69 courtship.

499 3152 62 39 (In
591 3148 137 43 Good
760 3147 390 55 housekeeping,
1183 3149 143 51 Nov.,
1361 3149 144 50 1932)

399 3217 2016 55 © 1c. Dec. 23, 1932; A ad int. 17466; pubd. Oct. 28; M. Borden, London.
396 3339 217 67 Bowie,
642 3342 227 55 Walter
898 3344 253 65 Russell,
1185 3348 171 51 1882-

467 3418 1885 71 The heroism of the unheroic [by] Walter Russell Bowie …
399 3495 1793 71 New York, Cincinnati [etc.] The Abingdon press [ c 1933]
466 3567 59 41 36
557 3579 43 38 p.
689 3568 27 40 17½
748 3570 44 22 cm
799 3601 8 8 .

402 3638 52 52 ©
483 3644 111 39 Jan.
622 3643 70 46 30,
721 3644 141 46 1933;
892 3644 69 39 2c.
990 3646 95 38 and
1115 3644 82 41 aff.
1226 3645 111 39 Feb.
1369 3645 52 46 6;
1453 3646 40 37 A
1523 3644 170 47 59271;
1725 3646 71 39 W.
1874 3675 8 7 R.
1914 3645 179 45 Bowie,
2125 3645 117 38 New
2273 3643 144 41 York.

480 3696 253 51 (33-3731)

399 3802 311 66 Brandeis,
741 3807 140 52 Mrs.
912 3805 314 56 Madeline.

396 3881 1996 149 Mitz and Fritz of Germany, by Madeline Brandeis; photographic illustrations. New York, Grosset & Dunlap [ c 1933]
