2484 4405
1128 4106 98 48 935

158 442 210 67 Gracy,
396 443 267 53 Leonard
689 440 199 64 Rider,
917 444 169 49 1882-

231 522 304 66 Duplicate
557 521 251 51 contract
832 514 199 69 bridge
1052 517 59 51 in
1136 515 94 53 the
1251 514 163 52 home
1439 512 111 53 and
1574 511 200 67 simple
1794 516 360 47 tournament

161 598 334 68 procedure;
532 616 31 33 a
598 593 273 68 complete
904 593 111 52 and
1049 590 408 53 authoritative
1487 589 172 68 guide
1691 595 59 46 to
1782 587 75 54 all
1894 594 162 61 types
2091 586 63 53 of

164 673 286 70 duplicate
494 673 135 68 play
678 671 89 52 for
814 671 163 51 home
1024 669 111 52 and
1184 668 163 53 small
1392 673 405 59 tournaments,
1844 665 75 69 by
1963 664 190 68 Major

163 742 1991 75 Leonard R. Gracy … Philadelphia, Chicago [etc.] The John C.
161 828 800 68 Winston company [ c 1933]
233 900 26 39 2
287 911 42 37 p.
397 931 8 16 l.,
434 900 117 40 3-68
580 910 42 36 p.
651 899 109 39 incl.
790 898 142 43 illus.,
963 898 169 40 forms.
1190 896 56 40 19
1248 899 43 20 cm
1296 928 7 6 .

236 957 286 48 “Duplicate
561 958 217 38 contract
818 953 217 48 scoring”
1075 964 60 28 on
1176 953 337 47 lining-paper.

167 1015 51 51 ©
243 1020 126 38 June
391 1018 68 45 12,
483 1016 140 42 1933;
649 1017 67 39 2c.
740 1016 126 38 June
889 1014 80 46 19;
996 1012 80 41 aff.
1102 1014 127 38 June
1252 1015 81 44 17;
1359 1012 41 39 A
1423 1012 169 41 64041:
1618 1012 127 39 John
1771 1011 48 40 C.
1845 1011 223 41 Winston
2092 1019 67 31 co.

244 1074 279 48 (33-16443)

162 1161 189 66 Guild,
380 1165 286 53 Cameron
696 1163 86 53 St.
812 1160 174 65 Clair,
1016 1163 173 49 1896-

294 1236 1864 73 … Surveys of the medical facilities in three representative
162 1315 1972 151 southern counties, by C. St. C. Guild … with a statistical appendix
411 1415 71 34 on
517 1397 96 53 the
648 1396 229 54 method
914 1397 63 52 of
1013 1395 272 69 selecting
1320 1395 443 69 representative
1800 1395 250 53 counties
2087 1394 74 67 by

163 1474 1992 70 I. S. Falk … Chicago, Ill., University of Chicago press [1932]
236 1552 115 45 xvii,
387 1551 84 40 173
506 1562 41 36 p.
612 1550 127 39 illus.
769 1550 184 48 (maps)
998 1550 180 47 diagrs.
1242 1550 55 38 23
1301 1552 43 20 cm
1351 1581 8 8 .
1433 1548 355 50 (Publications
1826 1548 51 38 of
1913 1549 82 38 the
166 1547 1979 101 Committee
361 1618 62 29 on
448 1608 84 39 the
557 1609 127 38 costs
713 1607 52 40 of
792 1607 204 40 medical
1025 1616 138 30 care:
1194 1617 73 29 no.
1297 1607 81 46 23)

171 1661 51 51 ©
252 1666 111 39 Dec.
393 1664 69 46 30,
494 1663 115 40 1932
625 1674 8 36 ;
665 1664 68 39 2c.
765 1665 112 46 May
906 1664 41 45 2,
977 1663 141 47 1933;
1151 1663 83 41 aff.
1266 1664 114 46 May
1408 1662 82 46 20;
1524 1663 41 38 A
1596 1662 169 46 62823;
1800 1660 282 49 University
2112 1660 53 39 of

238 1721 222 47 Chicago,
495 1720 222 48 Chicago.
789 1720 279 48 (33-27131)

168 1808 151 63 Hall,
348 1808 209 55 Albert
586 1808 205 65 Neely,
824 1815 171 49 1883-

242 1885 357 54 Handicraft
636 1886 93 53 for
765 1886 195 68 handy
997 1887 166 66 boys;
1205 1887 275 67 practical
1521 1887 164 66 plans
1723 1885 94 53 for
1856 1885 157 53 work
2052 1885 112 52 and

172 1963 1929 69 play with many ideas for earning money, by A. Neely Hall …
172 2041 139 53 with
338 2060 166 34 seven
529 2042 262 52 hundred
816 2043 381 52 illustrations
1227 2043 111 51 and
1365 2042 260 66 working
1652 2042 290 66 drawings
1968 2042 74 67 by
2068 2042 96 51 the

173 2119 221 53 author.
465 2119 139 53 New
641 2120 111 52 and
787 2121 108 51 enl.
930 2119 85 52 ed.
1085 2120 234 66 Boston,
1353 2120 277 66 Lothrop,
1664 2120 111 52 Lee
1808 2121 53 50 &
1900 2119 262 67 Shepard

170 2215 80 35 co.
282 2229 13 35 [
300 2204 18 21 c
323 2200 152 64 1933]

245 2265 118 50 xxii,
406 2268 88 40 470
532 2279 44 39 p.
645 2267 165 50 front.,
851 2269 143 46 illus.,
1036 2269 173 49 plates,
1252 2269 180 49 diagrs.
1499 2269 56 40 20½
1588 2271 43 21 cm
1636 2301 9 9 .
1718 2269 106 50 [His
1865 2269 301 43 Handicraft

174 2325 161 50 books]

247 2381 233 42 “Revised
513 2382 227 42 edition.”

247 2435 66 39 “A
339 2439 284 47 companion
649 2440 190 39 volume
864 2441 48 37 to
941 2439 113 40 ‘The
1079 2439 91 47 boy
1196 2438 739 51 craftsman’.”—Introductory
1959 2443 151 39 notes.

177 2492 51 51 ©
274 2498 126 38 June
443 2496 69 46 15,
557 2496 139 46 1933;
743 2496 67 40 2c.
855 2497 94 38 and
995 2495 81 43 aff.
1123 2497 127 38 June
1294 2496 80 47 16;
1421 2497 41 39 A
1506 2497 169 47 64018;
1723 2498 227 48 Lothrop,
1996 2499 95 40 Lee
2132 2499 38 41 &

247 2553 217 48 Shepard
494 2564 67 29 co.
634 2552 280 50 (33-16185)

174 2640 209 67 Hamp,
410 2642 220 66 Pierre,
662 2643 170 55 1876-

245 2719 249 52 Kitchen
541 2720 236 67 prelude
835 2720 148 67 (Mes
1030 2721 255 66 métiers)
1342 2722 75 66 by
1464 2722 198 52 Pierre
1709 2723 225 67 Hamp;
173 2729 1969 119 translated

359 2796 153 52 from
541 2797 97 53 the
668 2798 223 52 French
923 2798 74 67 by
1027 2798 265 67 Dorothy
1324 2800 228 52 Bolton.
1617 2800 139 53 New
1788 2801 179 66 York,
1998 2802 68 51 E.
2098 2802 66 51 P.

173 2874 223 53 Dutton
422 2877 46 50 &
493 2893 97 48 co.,
617 2875 109 53 inc.
759 2908 13 34 C
777 2882 18 21 c
799 2878 151 64 1933]

248 2947 26 39 3
300 2958 43 37 p.
407 2978 8 16 l.,
443 2946 88 41 309
556 2958 43 37 p.
660 2948 54 40 19½
748 2950 42 21 cm
795 2979 9 9 .

251 3003 161 41 “First
441 3003 228 42 edition.”

181 3056 51 51 ©
261 3062 125 38 June
411 3061 69 45 20,
507 3061 140 45 1933;
676 3061 65 39 2c.
771 3063 94 37 and
892 3061 81 40 aff.
1002 3062 127 39 June
1155 3062 82 44 22;
1267 3062 40 38 A
1334 3062 170 48 64088;
1534 3065 52 38 E.
1614 3065 50 38 P.
1694 3065 186 40 Dutton
1909 3066 36 40 &
1971 3077 82 34 co.,
2080 3067 91 39 inc.

259 3117 278 49 (33-16468)

181 3190 325 67 [Harrison,
535 3191 265 70 Fairfax]
836 3199 170 49 1869-

251 3269 121 53 The
394 3269 366 67 background
783 3269 63 53 of
869 3271 95 53 the
985 3269 304 54 American
1314 3274 128 51 stud
1466 3272 158 52 book.
1687 3273 336 70 Richmond,
2048 3274 124 69 Va.,

182 3345 155 53 Priv.
372 3345 192 69 print.,
598 3345 114 54 Old
747 3345 291 56 dominion
1069 3367 173 49 press,
1278 3352 149 48 1933.

250 3416 1252 51 121 p., 1 l. incl. front. ports., facsims. 23½ cm .
252 3473 202 40 Preface
489 3473 192 47 signed:
717 3475 51 40 F.
805 3475 60 40 H.
904 3478 45 49 pi
1055 3475 207 41 Fairfax
1299 3478 255 50 Harrison]

255 3529 370 47 “Biographical
660 3533 136 38 notes
830 3543 59 28 on
923 3534 82 39 the
1039 3534 252 39 collectors
1326 3537 95 39 and
1456 3536 163 41 critics
1655 3538 52 39 of
1741 3539 81 39 the
1856 3540 135 47 early
184 3540 1970 85 material”
324 3597 8 28 :
365 3596 43 37 p.
444 3586 188 49 [62]-97.

253 3642 375 48 Bibliography:
662 3654 43 37 p.
740 3644 216 49 [98]-112.

189 3697 51 52 ©
270 3704 128 38 June
423 3703 67 45 19,
519 3703 140 41 1933:
689 3704 67 40 2c.
785 3706 94 38 and
909 3704 82 41 aff.
1021 3705 126 40 June
1175 3706 82 45 20;
1288 3707 43 39 A
1358 3707 168 47 64059;
1560 3710 50 39 F.
1642 3710 253 49 Harrison,
256 3710 1907 89 Washington.
422 3761 277 47 (33-16716)

182 3818 359 68 Hartnacke,
569 3820 289 68 Wilhelm,
892 3824 170 54 1878-

258 3896 820 69 Bildungswahn—volkstod!
1144 3902 255 69 Yortrag
1424 3906 265 65 gehalten
1716 3926 90 33 am
1835 3905 79 54 17.
1942 3908 234 53 februar

193 3976 134 49 1932
362 3975 80 52 im
482 3975 348 54 auditorium
869 3978 312 53 maximum
1220 3980 98 52 der
1355 3982 358 54 Universität
1752 3984 288 53 München
2078 3986 99 52 für
