2484 4405
1049 4115 134 54 1571

109 467 325 65 Burkhart,
462 468 130 63 Roy
616 466 90 65 A.,
735 467 83 52 ed.

178 543 247 69 Seeking
459 543 94 53 the
588 542 185 69 living
807 561 153 49 way;
999 560 31 33 a
1064 539 172 71 guide
1272 540 94 53 for
1399 558 192 50 young
1627 539 200 68 people
1862 538 58 54 in
1955 538 151 54 their

108 617 1999 73 personal worship, edited by Roy A. Burkhart … New York,
107 700 327 55 Cincinnati
486 705 120 60 [etc.]
637 699 121 52 The
784 698 311 68 Abingdon
1125 715 154 50 press
1312 699 193 64 [c1933]

177 774 84 40 157
289 785 43 37 p.
392 774 145 39 17½cm.

179 832 123 40 “For
328 830 177 49 special
537 828 255 50 reading”:
823 840 42 37 p.
893 827 218 42 155-157.

110 898 51 52 ©
190 903 128 39 June
343 903 68 46 29,
440 902 139 42 1933;
609 902 66 39 2c.
705 902 95 39 and
829 900 81 41 aff.
941 901 116 46 Aug.
1133 911 7 35 8;
1173 900 39 38 A
1268 899 144 46 64655;
1443 899 253 45 Abingdon
1725 909 148 38 press,
1903 898 89 39 inc.

190 958 277 48 (33-33274)

109 1059 279 65 Cadman,
419 1061 236 54 Samuel
687 1060 242 64 Parkes,
965 1063 172 49 1864-

175 1135 1926 70 The prophets of Israel, by S. Parkes Cadman … illustrated
105 1214 74 68 by
208 1214 197 52 Frank
433 1213 67 55 O.
533 1213 316 69 Salisbury.
914 1215 138 52 New
1083 1215 178 53 York.
1292 1215 120 52 The
1440 1212 334 54 Macmillan
1806 1231 298 50 company,

106 1295 150 51 1933.

181 1363 1279 51 6 p. l., 197 p. col. front., plates (1 col.) 24cm.
185 1421 328 49 Frontispiece
554 1421 341 50 accompanied
938 1422 60 49 by
1038 1422 155 49 guard
1236 1422 135 41 sheet
1413 1422 95 41 and
1549 1422 118 41 each
1707 1422 144 49 plate,
1895 1423 57 47 by
1994 1422 112 48 leaf,

111 1480 118 40 with
258 1478 290 51 descriptive
578 1481 297 48 letterpress.

182 1536 362 42 “Literature”:
579 1548 42 37 p.
655 1535 217 42 196-197.

114 1605 51 52 ©
195 1609 101 40 Oct.
325 1609 69 47 24,
423 1609 140 46 1933;
595 1608 67 40 2c.
693 1609 95 38 and
818 1607 82 41 aff.
931 1607 102 41 Oct.
1063 1607 82 43 25;
1178 1607 42 39 A
1249 1607 169 47 66756;
1454 1607 282 40 Macmillan
1764 1618 66 29 co.

189 1666 278 48 (33-33100)

112 1763 152 68 Cole,
293 1768 226 63 George
545 1765 264 64 Douglas
834 1767 275 62 Howard,
1141 1769 169 50 1889-
1523 1767 83 53 ed.

180 1843 175 54 What
379 1844 322 68 everybody
725 1849 179 48 wants
927 1851 57 46 to
1007 1844 168 53 know
1200 1844 171 53 about
1397 1862 230 50 money;
1655 1863 31 34 a
1714 1845 247 67 planned
111 1849 1975 125 outline
260 1921 63 53 of
357 1926 296 65 monetary
687 1922 283 68 problems
1008 1923 75 67 by
1120 1923 132 52 nine
1288 1922 334 53 economists
1660 1921 152 54 from
1850 1921 260 55 Oxford:

112 1997 1992 71 Colin Clark, G. D. H. Cole, E. F. M. Durbin … [and others]
111 2077 260 53 Planned
415 2079 112 51 and
571 2078 189 53 edited
804 2079 75 68 by
921 2079 69 55 G.
1036 2079 73 53 D.
1156 2079 76 53 H.
1275 2079 154 56 Cole.
1510 2080 139 52 New
1695 2081 180 65 York,
1919 2081 70 51 A.
2036 2082 70 51 A.

110 2155 224 68 Knopf,
369 2159 151 50 1933.

183 2226 1371 54 xii p., 1 l., 435, xv, [1] p. incl. front., diagrs. 21cm.
184 2284 161 42 “First
376 2286 258 40 American
664 2286 226 41 edition.”

185 2341 67 39 “A
280 2343 137 40 short
445 2342 283 42 book-list”:
760 2355 44 37 p.
831 2342 216 42 433-435.

115 2409 51 52 ©
202 2415 118 39 Nov.
356 2416 68 45 13,
461 2414 112 40 1933;
639 2415 66 39 2c.
742 2415 118 39 Nov.
897 2415 81 45 15;
1017 2415 81 40 aff.
1136 2416 119 41 Nov.
1292 2416 81 46 14;
1414 2417 39 38 A
1516 2418 143 46 68088;
1701 2418 51 41 G.
1792 2420 54 38 D.
1886 2420 58 38 H.
1985 2419 126 49 Cole,

181 2470 211 41 London.
464 2472 279 47 (33-27434)

113 2573 151 64 Cole,
297 2573 226 66 George
556 2575 264 64 Watson,
857 2578 172 51 1850-

113 2650 2001 229 An index to bibliographical papers published by the Bibliographical society and the Library association, London, 1877-1932, by George Watson Cole … Chicago, Ill., Pub. for the
114 2882 489 70 Bibliographical
639 2884 209 70 society
884 2885 63 52 of
982 2885 264 56 America
1283 2893 56 46 at
1374 2888 95 52 the
1505 2888 334 71 University
1878 2891 64 52 of
115 2891 1970 137 Chicago
281 2980 153 49 press
469 2965 172 65 [1933]

184 3032 64 48 ix,
283 3032 85 41 262
404 3044 43 37 p.
511 3033 116 42 22cm.
695 3033 429 51 [Bibliographical
1160 3036 180 49 society
1379 3038 53 40 of
1469 3040 235 42 America.
1773 3042 187 48 Special
113 3045 1978 94 publication]

183 3147 189 40 Author
407 3147 95 41 and
539 3147 190 49 subject
761 3146 161 43 index.

185 3205 206 39 Indexes
421 3205 103 39 also
552 3205 82 39 the
663 3204 220 48 Library,
912 3216 28 30 a
969 3208 251 47 quarterly
1254 3209 176 40 review
1460 3211 51 39 of
1540 3212 349 49 bibliography.

187 3261 133 41 “List
351 3261 51 39 of
431 3261 324 48 publications
786 3261 235 41 indexed”
1041 3275 8 27 :
1086 3275 42 36 p.
1163 3264 163 42 vii-ix.

183 3317 264 41 Reference
476 3318 149 40 books
655 3317 250 42 consulted
937 3319 126 41 cited
1094 3320 50 40 in
1177 3322 305 42 “Addenda”.

117 3375 51 51 ©
194 3379 101 40 Oct.
319 3378 68 47 19,
411 3378 113 40 1933;
577 3378 66 40 2c.
667 3378 118 40 Nov.
810 3379 55 38 14;
917 3378 82 41 aff.
1023 3380 118 40 Nov.
1167 3380 80 47 11;
1274 3380 42 40 A
1332 3382 145 41 67127;
1526 3384 282 50 University
1823 3387 55 39 of
1895 3387 223 50 Chicago,

186 3435 222 47 Chicago.
479 3434 279 48 (33-33065)

118 3534 322 67 Coleridge,
471 3536 235 54 Samuel
738 3535 233 65 Taylor,
1004 3536 327 56 1772-1834.

188 3614 190 53 Kubla
416 3614 202 66 Khan;
658 3614 229 55 Samuel
924 3613 348 71 Coleridge’s
1306 3636 163 50 poem
1505 3622 141 52 with
1680 3625 434 67 interpretative

125 3691 372 54 illustrations
525 3691 75 68 by
627 3692 156 54 John
873 3711 166 34 Vassos.
1116 3694 139 52 New
1287 3697 180 68 York,
1497 3700 67 51 E.
1597 3702 64 52 P.
1691 3702 223 55 Dutton
1942 3709 47 50 &
2017 3726 97 47 co.,

123 3771 122 63 inc.,
275 3774 149 51 1933.

191 3843 920 49 10 p. l., 13 numb. l. 13 pl. 23½cm.
193 3900 161 41 “First
383 3899 224 41 edition.”

121 3953 51 52 ©
203 3958 115 39 Nov.
350 3958 40 40 2.
422 3957 113 40 1933;
595 3957 66 39 2c.
694 3958 95 39 and
821 3956 82 42 aff.
935 3958 118 41 Nov.
1085 3959 54 44 3;
1174 3960 41 38 A
1246 3959 171 44 67066:
1453 3964 52 39 E.
1539 3965 49 39 P.
1623 3966 188 43 Dutton
1844 3970 37 42 &
1911 3981 82 31 co.,
2027 3973 91 40 inc.

192 4010 67 54 [©
286 4014 242 40 foreword
556 4012 96 41 and
677 4012 345 50 illustrations]
1095 4015 280 49 (33-33296)
