2582 4453
1357 4109 136 54 1706

479 493 130 41 “The
645 494 128 48 joint
809 495 135 39 work
979 493 53 42 of
1065 494 116 40 Elsa
1217 494 60 40 H.
1315 493 300 51 Naumburg,
1650 495 108 40 who
1794 494 83 41 did
1911 496 82 40 the
2031 494 224 42 research
2292 496 133 40 work

407 553 95 40 and
540 552 233 41 collected
813 552 82 39 the
931 550 348 51 photographs,
1319 551 146 42 Clara
1506 551 244 50 Lambert,
1790 553 106 39 who
1935 555 152 38 wrote
2127 552 84 42 the
2247 563 178 38 verses,

404 611 96 39 and
531 610 133 48 Lucy
695 610 219 48 Sprague
944 607 235 52 Mitchell,
1209 609 108 40 who
1349 611 151 39 wrote
1529 609 85 42 the
1640 609 321 48 exposition.”

478 666 381 50 Bibliography:
896 678 43 38 p.
976 665 70 44 80.

410 720 2022 60 © Nov. 27, 1933; 2c. Nov. 27; aff. Nov. 28; A 67277; John Day co., inc.
485 786 283 50 (33-36899)

407 889 336 55 Nebraska.
818 890 187 67 Laws,
1032 894 262 62 statutes,
1322 895 103 49 etc.

481 971 137 50 1933
661 966 352 56 cumulative
1057 967 367 69 supplement
1466 974 60 46 to
1573 966 304 71 Compiled
1921 973 244 50 statutes

410 968 2018 152 of Nebraska, 1929 … containing all laws of a general nature passed
411 1133 61 47 at
501 1128 98 53 the
629 1126 136 54 47th
799 1127 232 68 regular
1063 1126 215 53 session
1310 1125 65 54 of
1410 1128 153 65 1931,
1596 1126 97 52 the
1724 1126 135 53 48th
1894 1126 213 54 session
2151 1126 267 71 (special)

410 1207 66 54 of
512 1210 135 50 1931
686 1206 114 55 and
835 1207 97 54 the
968 1205 134 55 49th
1139 1206 234 68 regular
1410 1204 213 55 session
1659 1205 65 54 of
1762 1208 154 67 1933,
1952 1205 188 55 which
2178 1224 94 37 are
2308 1207 121 54 still

412 1287 58 54 in
510 1287 175 68 force,
727 1285 307 70 following
1072 1285 95 54 the
1209 1304 152 34 same
1402 1291 404 64 arrangement
1845 1286 138 52 used

2024 1285 61 53 in
2124 1286 97 54 the
409 1287 1997 148 Compiled
598 1371 263 63 statutes,
893 1366 154 68 1929,
1079 1364 142 53 with
1253 1362 379 70 appropriate
1662 1364 256 70 running

1947 1366 148 52 head
2127 1365 160 70 lines,
410 1385 1995 114 section
581 1445 387 61 catch-heads,
1013 1444 217 53 section
1275 1443 285 69 histories,
1606 1461 60 35 as
1711 1445 265 67 required
2020 1445 76 68 by
2141 1446 129 68 law,
2317 1445 114 53 and

409 1525 281 70 complete
737 1522 368 55 annotations
1151 1528 59 48 to
1257 1522 281 56 decisions
1584 1523 63 54 of
1691 1523 97 53 the
1837 1523 278 69 Supreme
2158 1531 164 48 court
2366 1524 65 54 of

410 1604 318 67 Nebraska,
767 1603 98 55 the
909 1602 280 70 Supreme
1229 1607 162 48 court
1435 1601 66 54 of
1540 1601 100 54 the
1678 1602 221 55 United
1944 1604 192 55 States
2178 1605 114 53 and
2333 1605 99 53 the

410 1677 1959 74 various federal courts, construing the statutes since 1929 …
412 1758 1994 140 Compiled by Homer L. Kyle and L. Ross Newkirk … Published
630 1842 76 68 by
741 1841 96 53 the
873 1845 147 49 state
1055 1840 65 53 of
1154 1839 315 54 Nebraska.
1546 1838 261 71 Lincoln,
1842 1840 159 67 Neb.,
2039 1840 392 56 Cornhusker-

409 1921 361 55 commercial
800 1918 271 71 printing
1100 1937 283 51 company
1459 1920 155 67 [c1933]

476 1997 90 41 392
596 2008 43 37 p.
701 1995 61 41 26½c
808 1997 27 21 m
841 2027 8 9 .

412 2050 52 54 ©
496 2057 112 39 Dec.
639 2055 42 47 4,
713 2052 142 48 1933;
888 2052 66 42 2c.
989 2052 96 41 and
1191 2083 8 9 aff.
1232 2052 112 40 Dec.
1377 2050 53 48 9;
1465 2051 40 39 A
1537 2049 171 49 68508;
1745 2051 111 41 Geo.
1891 2052 59 39 H.
1984 2051 203 50 Turner,
2221 2050 132 43 clerk
2385 2053 52 40 of

482 2114 84 39 the
603 2113 234 47 Supreme
871 2112 140 39 court
1047 2110 55 40 of
1134 2109 270 46 Nebraska,
1440 2108 80 40 for
1558 2109 81 40 the
1675 2109 181 41 benefit
1890 2110 52 40 of
1978 2111 85 39 the
2096 2110 129 41 state
2262 2110 51 40 of
479 2112 1940 105 Nebraska,
705 2169 217 47 Lincoln,
952 2167 117 42 Neb.

412 2254 1996 154 Nebraska and North western digest. November, 1933, cumulative pamphlet … St. Paul, West publishing co. C c 1933]
477 2415 89 40 208
594 2425 41 38 p.
696 2414 57 39 24
757 2415 43 21 cm
806 2443 8 8 .

415 2467 51 54 ©
499 2474 119 39 Nov.
651 2471 39 47 6,
724 2470 118 40 1933;
901 2470 66 39 2c.
1002 2469 96 39 and
1132 2467 82 40 aff.
1249 2468 113 39 Dec.
1394 2466 84 47 26;
1513 2467 42 39 A
1587 2466 172 49 67669;
1796 2468 136 41 West
1964 2469 108 48 pub.
2107 2480 69 30 co.

412 2564 184 63 Nève,
681 2560 226 55 Édouard
938 2560 89 56 de.

541 2630 1887 75 … Sous les verrous, roman. Paris, Stock (Delamain et
410 2719 368 67 Boutelleau)
821 2721 151 52 1933.

484 2794 28 40 3
540 2804 44 38 p.
611 2794 16 38 l.,
687 2790 179 52 [9]-254
891 2801 31 38 p.,
976 2790 25 40 1
1051 2822 7 8 l.
1120 2789 56 41 19
1178 2791 16 22 cm
1227 2820 10 10 .

414 2840 2008 117 © June 8, 1933; 1c. Oct. 24; A-Foreign 22498; J. W. Lenglet, Amsterdam, Netherlands. (33-37201)
414 3001 146 51 New
592 3000 165 52 York
791 2996 381 70 supplement.
1250 2993 171 55 Cases
1456 2992 216 69 argued
1708 2992 112 54 and
1856 2989 354 55 determined
2243 2989 61 54 in
2337 2989 96 52 the

488 3079 183 55 Court
709 3077 65 53 of
815 3076 255 69 appeals,
1113 3074 277 68 Supreme
1432 3073 111 52 and
1586 3072 173 53 lower
1800 3075 190 48 courts
2029 3069 63 52 of
2132 3069 198 52 record
2369 3067 64 53 of

487 3158 140 53 New
675 3156 164 54 York
885 3159 165 63 state,
1097 3152 143 54 with
1285 3152 110 68 key
1441 3150 240 53 number
1729 3148 384 54 annotations.
2214 3166 51 34 v.
2313 3149 118 51 204.

485 3236 355 67 June-July,
872 3235 151 53 1933.
1104 3232 84 55 St.
1220 3234 167 57 Paul,
1416 3232 163 54 West
1609 3227 339 70 publishing
1980 3246 98 48 co.,
2113 3228 151 51 1933.

481 3311 171 46 xxviii,
685 3310 127 42 1023,
848 3308 131 50 [170],
1010 3306 59 42 58
1095 3317 44 38 p.
1198 3306 56 40 23½
1288 3307 44 21 cm
1337 3336 8 8 .

416 3364 54 54 ©
498 3369 118 40 Nov.
646 3368 39 46 6,
715 3366 143 47 1933;
889 3367 67 40 2c.
985 3364 97 42 and
1112 3363 83 41 aff.
1225 3364 112 39 Dec.
1368 3362 82 45 26;
1484 3362 43 38 A
1554 3358 172 49 67681;
1759 3359 137 41 West
1925 3359 109 47 pub.
2065 3369 69 30 co.

417 3457 271 64 Newton,
720 3455 212 54 Alfred
969 3453 275 64 Edward,
1281 3454 172 51 1863-

485 3533 133 54 End
662 3550 237 51 papers;
945 3530 242 71 literary
1232 3528 362 68 recreations,
1637 3526 76 69 by
1755 3526 72 53 A.
1873 3525 256 53 Edward
2174 3522 259 54 Newton.

414 3603 2021 73 Dream-children ed. … Boston, Little, Brown, and company,
419 3693 149 51 1933.

489 3765 25 40 8
547 3775 43 38 p.
628 3766 9 37 l.,
701 3762 147 44 3-235
882 3772 43 38 p.
989 3762 87 42 col.
1110 3761 164 46 front.,
1311 3760 128 39 illus.
1470 3755 240 52 (facsim.)
1754 3755 172 50 plates,
1963 3755 150 49 ports.
2173 3750 57 43 24½c
2279 3754 29 23 m
2313 3785 8 9 .

488 3821 360 47 Autographed,
877 3818 121 43 with
1025 3817 271 49 quotation,
1327 3816 61 47 by
1416 3817 83 39 the
1529 3815 192 41 author.

489 3877 260 41 Facsimile
774 3874 343 50 reproduction
1139 3875 52 39 of
1213 3876 82 39 the
1319 3872 206 48 original
1554 3870 304 49 manuscript
1882 3870 52 40 of
1956 3865 450 45 “Dream-children"

420 3937 59 44 by
505 3936 205 40 Charles
738 3935 151 40 Lamb
926 3935 50 46 (2
1002 3932 166 42 folded
1194 3930 188 45 leaves)
1418 3931 47 38 in
1496 3929 172 49 pocket
1696 3931 52 38 at
1772 3929 107 41 end.

421 3990 52 54 ©
507 3996 119 38 Nov.
658 3995 71 46 24,
762 3993 114 41 1933;
940 3992 68 43 2c.
1043 3993 93 38 and
1173 3990 83 41 aff.
1290 3991 118 39 Nov.
1443 3990 83 46 25;
1563 3988 40 40 A
1637 3987 144 42 67262;
1846 3987 55 41 A.
1936 3988 53 39 E.
2023 3985 219 44 Newton,
488 3982 1929 118 Philadelphia.
771 4049 284 50 (33-36914)
