2575 4405
1020 4090 101 56 197

120 526 26 40 1
170 534 44 39 p.
259 555 23 17 l.,
308 534 93 30 v-x
426 534 59 37 p.,
511 522 26 39 2
581 552 24 20 l.,
632 522 86 40 516
743 533 44 37 p.
846 520 130 40 illus.
1004 518 186 50 (maps)
1225 518 180 49 diagrs.
1464 518 55 40 23
1523 520 44 21 cm
1572 549 10 9 .

123 590 210 48 Slightly
359 588 188 41 revised
575 587 258 41 selections
858 586 128 39 from
1014 584 225 40 “Human
1265 587 177 37 nature
1468 584 96 39 and
1592 583 81 39 the
1701 581 148 42 social
1878 582 170 41 order”

52 648 94 41 and
179 645 189 42 “Social
401 642 364 51 organization”
797 644 63 47 by
890 643 84 40 the
1003 643 101 39 late
1135 641 256 39 Professor
1423 639 189 48 Cooley,
1647 639 250 41 combined
1929 639 119 41 with

51 716 105 29 new
182 703 228 41 material.
484 703 62 47 cf.
575 702 131 40 Pref.

122 761 247 41 “Selected
395 757 366 50 bibliography”:
820 768 43 37 p.
890 755 219 42 490-502.

53 827 52 53 ©
138 832 111 41 Feb.
279 832 41 47 7,
351 830 142 47 1933;
527 830 67 41 2c.
628 830 109 40 Feb.
771 830 83 45 17;
889 827 82 41 aff.
1005 827 112 41 Feb.
1149 826 83 48 16;
1266 826 42 40 A
1340 824 171 50 50540;
1548 825 202 43 Charles
1785 822 266 45 Scribner’s

120 899 126 30 sons.
316 887 250 50 (33-4570)

49 1006 326 66 Crawford,
403 1005 260 54 Thomas
689 1002 263 67 Dwight.

119 1090 57 52 A
204 1089 187 68 digest
420 1089 63 53 of
512 1089 95 52 the
636 1088 279 53 decisions
943 1087 63 54 of
1036 1088 96 52 the
1164 1086 278 69 Supreme
1471 1091 163 49 court
1664 1085 64 53 of
1757 1086 296 54 Arkansas

54 1166 151 55 from
248 1170 135 49 1930
416 1173 64 47 to
523 1170 151 49 1932.
749 1166 292 69 Reported
1082 1165 61 53 in
1182 1166 95 52 the
1318 1165 297 53 Arkansas
1654 1170 241 64 reports,
50 1166 1979 132 volume

221 1248 98 50 182
360 1249 59 49 to
459 1246 225 52 volume
728 1249 118 63 185,
888 1245 114 52 and
1044 1245 61 51 in
1149 1244 429 55 Southwestern
1618 1249 276 63 reporter,
49 1245 1980 132 volumes

50 1322 1977 133 29 to 51, second series. By T. D. Crawford … Cumulative
268 1403 375 68 supplement.
722 1401 83 55 St.
852 1402 193 69 Louis,
1088 1403 135 67 Mo.,
1266 1402 249 55 Thomas
1559 1403 111 53 law
1714 1402 148 54 book
51 1421 1978 129 company,
256 1484 150 50 1933.

119 1570 29 40 1
176 1580 43 37 p.
268 1598 22 17 l.,
317 1567 87 41 404
430 1579 44 37 p.
529 1567 59 40 26
588 1570 44 22 cm
637 1600 9 8 .

59 1635 52 54 ©
146 1639 113 42 Feb.
290 1639 41 49 2,
365 1637 141 49 1933;
542 1639 69 42 2c.
645 1640 97 40 and
776 1638 84 42 aff.
896 1638 111 44 Feb.
1043 1638 52 49 6;
1132 1638 42 41 A
1208 1638 171 49 59282;
1416 1640 54 41 T.
1506 1639 58 42 D.
1601 1639 271 49 Crawford,
1909 1640 149 41 Little

131 1698 146 46 Rock,
305 1696 116 41 Ark.

63 1810 335 68 Cutsforth,
430 1813 260 55 Thomas
717 1814 163 66 Darl,
914 1820 171 51 1893-

130 1897 122 52 The
285 1897 162 54 blind
483 1897 62 54 in
580 1899 190 53 school
806 1900 114 52 and
955 1899 239 69 society;
1233 1918 31 34 a
1301 1899 426 69 psychological
1762 1901 191 69 study,
1986 1901 77 69 by

57 1975 1977 131 Thomas D. Cutsforth … New York and London, D. Appleton
191 2056 113 53 and
338 2073 281 50 company
701 2059 153 65 [c1933]

127 2140 99 48 xix,
259 2140 85 40 263
375 2151 42 37 p.
478 2139 58 40 20½
566 2142 44 22 cm
615 2173 9 9 .

130 2210 376 41 “References”:
537 2223 43 37 p.
609 2211 218 42 249-257.

62 2278 52 53 ©
141 2283 110 39 Feb.
277 2284 69 47 17,
372 2281 140 49 1933;
540 2283 66 40 2c.
635 2284 95 40 and
757 2283 82 40 aff.
868 2284 113 41 Feb.
1005 2283 84 50 20;
1118 2284 41 39 A
1185 2283 170 51 59582;
1385 2285 58 41 D.
1469 2286 240 49 Appleton
1737 2287 36 42 &
1800 2296 67 33 co.

138 2340 251 49 (33-4567)

55 2457 252 65 Daudet,
336 2458 158 54 Léon
521 2458 93 67 A.,
646 2459 173 56 1867-

59 2540 1978 132 … La recherche du beau (corps et â me) [Paris] E. Flammarion
240 2621 152 64 [1932]

128 2707 28 38 4
182 2717 44 37 p.
273 2736 23 17 l.,
328 2704 231 50 [vii]-viii,
589 2705 177 50 [9]-282
791 2718 59 37 p.,
875 2706 28 41 2
950 2739 9 9 l.
1020 2707 58 41 18½
1107 2708 46 23 cm
1156 2739 10 10 .

131 2762 846 43 At head of title: L é on Daudet.
65 2829 1997 59 © Sept. 15, 1932; 1c. Oct. 29; A-Foreign 18402; Ernest Flammarion,
142 2889 249 49 (33-5309)

192 3007 1449 75 … Salons et journaux. Paris, B. Grasset [1932]
133 3096 26 39 2
188 3106 44 39 p.
280 3127 23 17 l.,
334 3096 175 50 [7]-272
537 3108 58 37 p.,
623 3097 26 39 1
699 3128 11 11 l.
768 3096 59 41 19
828 3099 45 22 cm
876 3129 10 10 .

134 3160 63 47 At
222 3166 125 41 head
371 3167 52 40 of
447 3166 136 42 title:
609 3166 129 42 Léon
764 3168 210 43 Daudet.

71 3241 1997 61 © Sept. 19, 1932; 1c. Dec. 5; A-Foreign 18817; Éditions Bernard
140 3302 214 41 Grasset.
424 3304 250 47 (33-5308)

69 3416 209 68 Dillon,
307 3420 155 54 John
491 3422 240 66 Joseph,
762 3426 173 52 1854-

136 3502 121 55 The
283 3502 238 56 historic
544 3511 159 63 story
727 3506 67 53 of
822 3506 84 56 St.
932 3507 235 70 Mary’s,
1192 3509 251 70 Albany,
1470 3512 70 54 N.
1569 3512 92 69 Y.,
1687 3512 380 57 first-second-

70 3579 2001 82 third church, by the Rev. John J. Dillon … By permission
69 3655 1998 84 of the Rt. Rev. Edmund F. Gibbons … New York, P. J.
68 3735 241 70 Kenedy
334 3739 47 53 &
405 3756 147 51 sons,
580 3742 151 52 1933.

141 3823 87 40 viii
255 3835 57 37 p.,
340 3825 24 38 1
414 3855 23 17 l.,
464 3824 89 42 270
577 3837 45 37 p.
677 3828 165 49 front.,
870 3839 63 38 pl.
987 3827 57 41 21
1047 3830 45 23 cm
1095 3860 9 8 .

144 3893 226 41 Lettered
395 3904 60 30 on
480 3905 168 33 cover:
678 3896 66 42 St.
771 3898 183 48 Mary’s
980 3900 194 47 church,
1201 3900 203 50 Albany,
1431 3903 58 42 N.
1513 3903 69 46 Y.,
1608 3902 275 45 1798-1932.

79 3958 52 52 ©
162 3963 111 41 Dec.
303 3964 69 47 15,
403 3964 117 42 1932;
574 3966 68 41 2c.
673 3967 112 42 Dec.
815 3968 83 48 29;
931 3969 82 42 aff.
1045 3972 111 40 Jan.
1187 3970 69 50 19,
1289 3971 141 49 1933;
1462 3974 41 39 A
1535 3974 170 49 59367;
1739 3977 42 39 J.
1815 3977 42 39 J.
1892 3975 178 49 Dillon,

146 4020 202 48 Albany.
419 4022 251 50 (33-4711)
