2484 4405
1038 4051 100 48 977

114 420 164 65 Abel,
305 420 300 54 Theodore
633 421 169 63 Fred,
833 424 169 50 1896-

187 498 323 52 Protestant
543 497 160 51 home
734 494 260 55 missions
1025 502 58 47 to
1118 494 257 55 Catholic
1408 493 377 70 immigrants,
1818 494 72 69 by
121 495 1958 133 Theodore
273 574 158 52 Abel.
494 574 134 53 New
655 572 175 69 York,
852 573 271 53 Institute
1146 573 64 52 of
1232 571 169 55 social
1427 572 111 53 and
1559 572 270 67 religious
1851 572 252 53 research

122 655 191 65 [c1933]

186 722 49 39 xi
264 734 56 36 p.,
349 722 27 39 2
423 754 23 16 l.,
474 722 142 40 3-143
647 733 42 37 p.
743 721 55 40 19½
830 724 44 20 cm
879 753 9 9 .

181 777 1920 49 “The Institute of social and religious research … is responsible for this
117 835 337 50 publication.”

117 907 50 51 ©
201 912 126 39 June
356 911 68 46 26,
458 910 139 45 1933;
633 910 66 40 2c.
734 909 95 39 and
861 908 82 40 aff.
977 909 125 39 June
1136 909 81 45 28;
1253 909 39 38 A
1326 909 168 46 63431;
1533 909 230 40 Institute
1799 910 51 40 of
1884 910 148 40 social
2067 909 36 40 &

183 968 230 47 religious
442 967 238 39 research.
754 965 276 48 (33-17818)

109 1068 351 66 Alexander,
491 1069 153 54 John
674 1070 82 64 L.,
791 1069 170 54 1875-
1173 1071 82 52 ed.

182 1146 1914 69 The skill of living, edited by John L. Alexander … New
114 1226 177 65 York,
318 1227 120 52 The
465 1225 335 67 University
827 1225 226 66 society,
1081 1225 398 66 incorporated
1515 1259 13 33 [
1532 1232 17 20 c
1556 1229 150 62 1933]

183 1311 42 31 x,
258 1300 84 40 390
373 1310 42 36 p.
475 1300 84 38 col.
593 1299 147 41 front.
769 1298 170 48 (port.)
981 1298 142 46 illus.,
1155 1298 157 47 plates
1339 1298 133 47 (part
1506 1297 110 46 col.)
1657 1296 214 40 facsims.
1899 1297 13 47 (1
1981 1299 110 39 col.)

111 1355 54 40 19
167 1358 43 20 cm
216 1387 7 7 .
294 1355 321 48 (Leadership
644 1355 163 41 series.
871 1374 55 30 [v.
957 1354 96 50 19])

113 1422 52 53 ©
194 1427 112 47 May
331 1427 68 42 22,
428 1425 139 47 1933;
596 1427 66 39 2c.
690 1426 125 40 June
843 1426 51 46 6;
925 1424 81 42 aff.
1034 1425 125 40 June
1186 1425 81 47 17;
1298 1424 39 40 A
1365 1424 168 47 64022;
1566 1424 282 49 University
1873 1436 108 36 soc.,
2011 1425 89 40 inc.

191 1484 277 48 (33-17917)

105 1583 359 67 Allingham,
494 1587 297 63 Margery,
824 1591 170 49 1904-

241 1662 1856 68 … Kingdom of death, the further adventures of Albert
109 1739 1986 69 Campion, private investigator … Garden City, N. Y., Pub.
110 1816 94 53 for
245 1818 95 51 the
382 1817 190 55 Crime
612 1818 146 66 club,
799 1818 126 66 inc.,
964 1818 75 67 by
1079 1817 356 67 Doubleday,
1476 1819 196 51 Doran
1715 1821 45 50 &
1800 1837 295 50 company,

106 1896 124 65 inc.,
264 1899 151 49 1933.

178 1965 932 51 3 p. l., 298 p. front. (plan) 20 cm .
180 2024 146 42 Plans
359 2037 59 29 on
451 2025 361 49 lining-papers.

181 2082 160 40 “First
375 2081 225 42 edition.”

111 2151 50 51 ©
193 2154 115 47 July
338 2153 38 47 5,
407 2151 139 47 1933;
579 2154 67 37 2c.
677 2152 95 39 and
803 2150 81 42 aff.
915 2151 115 47 July
1061 2152 52 45 6;
1147 2151 41 39 A
1218 2151 169 46 63548;
1423 2153 295 48 Doubleday,
1751 2155 165 39 Doran
1948 2156 35 39 &
2014 2165 82 38 co.,

176 2211 91 39 inc.
338 2209 277 49 (33-17387)

107 2313 310 54 American
448 2313 283 63 academy
761 2312 63 52 of
855 2314 355 62 optometry.

174 2389 1858 75 Report of the transactions of the eleventh annual meeting …
107 2470 128 52 held
261 2475 57 47 at
343 2469 268 68 Chicago,
634 2468 244 68 Illinois,
902 2469 323 67 December,
1252 2472 148 49 1932.
1466 2470 176 66 [First
1664 2471 233 55 edition.
102 2475 1966 126 Volume
356 2591 9 10 VII.
441 2547 401 68 Minneapolis,
881 2547 200 68 Minn.,
1121 2548 120 52 The
1281 2547 305 56 American
1626 2549 227 69 journal
1893 2553 62 52 of
102 2573 1965 122 optometry,
396 2630 150 63 1933]

173 2700 1047 47 4 p. l., 11-236 p. illus., diagrs. 23½ cm .
109 2769 50 51 ©
197 2774 120 37 Mar.
351 2772 69 46 25,
456 2770 139 47 1933;
633 2772 67 38 2c.
735 2770 113 47 Apr.
883 2771 52 46 3;
974 2769 81 42 aff.
1093 2771 116 47 May
1240 2771 54 46 4;
1332 2771 41 38 A
1409 2771 168 48 62961;
1616 2773 158 41 Amer.
1810 2775 196 46 journal
2043 2778 52 39 of

173 2830 284 47 optometry.

100 2931 315 54 American
445 2930 225 64 society
698 2931 63 52 of
788 2930 272 64 sanitary
1086 2931 401 65 engineering.

170 3009 218 66 Report
415 3008 62 53 of
506 3008 329 54 conference
863 3027 71 33 on
963 3028 150 34 cross
1141 3009 356 53 connections
1524 3011 132 52 held
1686 3019 58 47 at
1772 3016 227 51 Bureau
2028 3016 63 52 of

99 3087 321 68 standards,
449 3086 400 68 Washington,
882 3090 70 50 D.
989 3088 80 67 C.,
1103 3088 295 66 February
1430 3091 189 66 24-25,
1654 3094 149 65 1932,
1838 3094 112 51 and
101 3097 1965 137 Report
266 3166 61 53 of
361 3164 370 70 proceedings
765 3164 62 55 of
860 3165 95 53 the
989 3168 475 66 twenty-seventh
1502 3171 210 51 annual
1747 3172 247 70 meeting
2028 3175 62 52 of

99 3246 95 52 the
223 3244 306 52 American
558 3242 210 70 society
799 3244 62 52 of
891 3244 259 68 sanitary
1180 3245 385 71 engineering,
1595 3248 132 53 held
1760 3256 61 47 at
100 3253 1965 137 Rochester,
229 3326 70 52 N.
327 3325 88 65 Y.,
441 3324 230 66 August
696 3325 258 65 2-3-4-5,
984 3326 149 48 1932.

173 3398 97 47 280,
303 3397 54 49 [2]
386 3407 45 37 p.
487 3396 142 46 illus.,
659 3397 161 47 ports.,
849 3396 181 47 diagrs.
1087 3395 57 39 22½
1176 3398 44 20 cm
1225 3427 8 8 .

105 3451 50 51 ©
182 3456 113 46 July
320 3454 69 46 28,
415 3452 139 46 1933;
583 3453 65 39 2c.
676 3453 94 39 and
797 3451 81 43 aff.
903 3452 118 46 Aug.
1049 3453 52 45 1;
1131 3452 41 38 A
1197 3452 170 48 63782;
1396 3454 257 41 American
1679 3458 184 49 society
1889 3461 51 40 of
177 3461 1896 97 sanitary
312 3509 321 48 engineering,
661 3509 305 46 Waterbury,
997 3508 147 40 Conn.

97 3612 314 54 American
444 3610 367 64 sociological
845 3611 242 63 society.

229 3688 1861 83 … Papers presented at the twenty-seventh annual meeting
100 3770 61 51 of
186 3770 95 52 the
309 3768 243 67 Society,
577 3767 132 52 held
736 3772 59 47 at
820 3766 347 68 Cincinnati,
1195 3768 168 67 Ohio,
1389 3772 308 54 December
1722 3779 188 66 28-31,
1940 3784 147 50 1932.

98 3846 1965 146 [Sociological problems and methods] Chicago, Ill., The University of Chicago press [ c 1933]
