2484 4405
1073 4104 136 50 1543

121 466 262 64 Taintor,
413 464 190 55 Sarah
631 463 297 63 Augusta.

192 542 119 53 The
357 539 323 68 secretary’s
724 535 329 68 handbook;
1101 555 30 33 a
1179 536 230 51 manual
1454 531 63 53 of
1560 537 213 47 correct
1815 547 189 50 usage,
2047 527 73 72 by

124 606 1973 159 Sarah Augusta Taintor … and Kate M. Munro … 4th ed., completely
367 713 110 37 rev.
546 693 138 53 New
719 692 177 68 York,
927 690 120 54 The
1078 688 333 54 Macmillan
1443 705 296 51 company,
1773 689 149 49 1933.

192 776 834 53 xiv p., 1 l., 406 p. illus. 21 cm .
195 838 294 41 “Reference
515 836 148 41 books"
717 838 52 38 at
796 836 90 39 end
916 834 52 41 of
993 844 132 30 some
1150 834 54 40 of
1228 834 81 40 the
1335 832 241 49 chapters.

129 910 51 52 ©
211 914 101 40 Oct.
342 912 68 47 24,
441 911 141 47 1933;
613 912 65 38 2c.
710 911 96 39 and
835 909 80 40 aff.
949 908 100 42 Oct.
1081 908 82 46 25;
1196 908 41 38 A
1266 907 171 47 66752;
1470 904 283 43 Macmillan
1782 916 68 29 co.

204 968 279 50 (33—32204)

125 1089 251 62 Teague,
405 1088 196 52 Hosea
629 1084 335 56 Holcombe.

128 1154 1975 155 The phenomenal mirror … by Hosea H. Teague … Mansfield, O., 1933.
194 1324 721 51 2 p. l., 195 p. illus. 24 cm .
198 1384 128 38 “The
358 1383 318 48 phenomenal
707 1382 177 40 mirror
915 1382 42 41 is
990 1392 25 30 a
1050 1381 231 48 religious
1314 1382 136 46 book,
1483 1380 198 41 written
1712 1379 120 42 with
1864 1392 26 28 a
1924 1380 125 40 view
2080 1380 48 38 to

127 1452 144 37 prove
302 1441 81 41 the
414 1440 279 49 corruption
727 1440 51 40 of
808 1439 392 49 Protestantism,
1232 1440 94 39 and
1358 1438 63 41 its
1452 1437 283 43 fulfillment
1766 1438 52 39 of
1849 1439 81 40 the
1962 1436 164 51 period

128 1499 52 40 of
211 1497 251 50 deception
495 1499 179 47 spoken
709 1498 52 39 of
793 1498 48 39 in
875 1498 81 40 the
989 1497 151 40 Bible.
1206 1497 101 41 The
1339 1495 208 42 writer’s
1583 1495 230 48 spiritual
1848 1495 280 49 biography,

129 1556 249 41 Christian
422 1555 283 48 experience
748 1556 95 38 and
888 1554 254 49 prophecy,
1188 1553 194 49 dealing
1425 1553 118 41 with
1588 1554 81 39 the
1713 1564 142 36 many
1900 1552 228 41 intricate

128 1614 165 47 angles
329 1614 52 39 of
416 1611 339 48 Christianity,
792 1611 201 49 embody
1029 1612 82 38 the
1147 1610 220 48 import.”

199 1671 229 39 Erratum
461 1671 144 38 noted
636 1680 57 28 on
726 1671 74 38 1st
831 1667 186 49 prelim,
1049 1667 104 40 leaf
1195 1665 379 50 (type-written)

134 1741 52 52 ©
227 1745 126 47 Sept.
392 1744 69 43 22,
500 1744 113 40 1983;
682 1744 66 39 2c.
790 1743 127 47 Sept.
956 1741 58 41 26;
1079 1741 83 40 aff.
1204 1741 99 40 Oct.
1344 1742 51 47 6;
1438 1742 43 38 A
1515 1739 171 47 66542;
1729 1742 60 39 H.
1830 1742 59 39 H.
1930 1741 205 47 Teague,

200 1801 270 47 Mansfield,
500 1801 50 40 O.
624 1799 281 48 (33-32390)

129 1900 301 67 Teasdale,
462 1903 166 64 Sara,
663 1903 326 51 1884-1933.

203 1977 245 72 Strange
496 1980 239 67 victory,
782 1980 72 67 by
904 1977 145 58 Sara
1096 1979 306 67 Teasdale;
1453 1978 136 54 with
1645 1979 245 68 portrait
1938 1978 112 54 and
2101 1996 27 36 a

135 2076 158 48 poem
319 2058 58 52 in
406 2056 298 55 facsimile.
767 2058 138 52 New
935 2057 180 68 York,
1142 2057 121 53 The
1288 2057 333 53 Macmillan
1652 2075 298 49 company,
1981 2060 150 51 1933.

203 2141 1040 52 37 p. front. (port.) fold, facsim. 19½cm.
205 2203 183 40 Poems.

137 2266 1720 54 © Oct. 24, 1933; 2c. and aff. Oct. 25; A 66754; Macmillan co.
217 2329 277 49 (33-32259)

135 2430 191 51 Texas
394 2431 434 69 jurisprudence
893 2433 364 67 supplement
1348 2435 154 64 [1933]
1575 2433 269 68 covering
1910 2432 226 54 articles

205 2508 445 55 Abandonment
674 2515 57 47 to
758 2509 278 69 Licenses,
1060 2512 252 52 volumes
1341 2514 26 47 1
1394 2515 59 47 to
1478 2509 96 68 27;
1600 2510 275 69 bringing
1899 2513 96 52 the
208 2511 1902 131 references

458 2589 167 52 down
656 2596 56 45 to
745 2589 112 53 and
888 2588 301 70 including
1218 2591 65 50 60
1316 2590 55 55 S.
1480 2632 11 11 W.
1524 2589 127 69 (2d)
1693 2591 181 52 Texas
1905 2591 138 53 laws
2073 2589 63 54 of

210 2665 1926 76 1933, regular session … San Francisco, Bancroft-Whitney
207 2761 298 53 company,
535 2749 150 49 1933.

203 2832 525 50 2 p. l., 806 p. 25cm.
140 2897 52 52 ©
215 2903 116 38 Nov.
358 2903 39 48 6,
422 2901 113 41 1933;
588 2901 67 41 2c.
679 2904 119 39 Nov.
824 2904 80 46 15;
933 2902 82 42 aff.
1040 2903 119 40 Nov.
1186 2905 81 40 11;
1294 2904 42 38 A
1360 2903 170 49 68086;
1560 2903 490 48 Bancroft-Whitney
2073 2912 67 32 co.

138 3014 275 71 Vickrey,
446 3017 244 57 Charles
721 3020 255 66 Vernon,
1010 3020 173 54 1876-
1358 3022 85 53 ed.

210 3096 120 51 The
370 3094 219 56 Golden
627 3096 123 52 rule
787 3097 161 68 book,
985 3097 281 67 compiled
1306 3097 111 53 and
1456 3097 190 55 edited
1682 3097 74 68 by
1795 3096 238 55 Charles
2071 3096 67 55 V.

141 3169 1896 79 Vickrey … New York, The Golden rule foundation [ c 1933 ]
209 3270 44 34 x,
287 3258 97 48 194,
434 3258 40 50 [2]
510 3270 41 37 p.
614 3260 143 49 illus.,
793 3259 179 50 diagrs.
1035 3261 58 41 19
1094 3264 44 21 cm
1144 3293 8 8 .

211 3316 226 41 Includes
470 3318 304 46 suggestions
809 3318 79 39 for
923 3317 161 50 thrift,
1122 3319 213 40 “Golden
1372 3322 104 38 rule
1513 3319 212 51 menus”,
1762 3322 96 38 and
1894 3332 26 28 a
140 3320 1979 92 discussion
279 3373 51 39 of
365 3372 347 50 philanthropy
747 3375 96 39 and
880 3375 181 40 human
1098 3377 160 38 needs.

210 3429 153 48 Pages
393 3429 78 42 for
506 3431 192 39 records
731 3433 96 38 and
860 3433 310 40 memoranda
1214 3433 286 50 ([171-190])

144 3499 50 51 ©
222 3504 116 39 Nov.
368 3505 39 47 1,
435 3503 113 41 1933;
604 3505 67 39 2c.
700 3506 95 38 and
822 3505 83 41 aff.
933 3504 117 41 Nov.
1078 3506 55 46 3;
1164 3506 40 38 A
1231 3505 171 48 66878.;
1434 3506 184 41 Golden
1649 3509 103 37 rule
1779 3506 307 41 foundation.

223 3560 281 50 (33-32210)

141 3661 194 65 Ward,
364 3665 138 52 Mrs.
531 3665 236 52 Justine
797 3665 235 63 Bayard
1065 3663 312 66 (Cutting)
1418 3667 168 52 1879-

144 3737 1970 133 … Music. 1st yr. By Justine Ward; illustrations by Frances
271 3819 338 69 Delehanty.
684 3819 401 71 Washington,
1129 3824 70 51 D.
1246 3824 79 61 C.,
1368 3824 121 52 The
1534 3824 261 54 Catholic
1838 3823 301 56 education

144 3914 154 48 press
375 3899 151 65 [c1933]

211 3981 84 39 255
329 3992 42 36 p.
433 3980 127 41 illus.
589 3980 134 49 (inch
756 3982 178 49 music)
977 3983 179 48 diagrs.
1220 3985 265 39 21x16½cm.
1560 3986 124 46 (The
1720 3985 220 41 Catholic
141 3985 1983 91 education
272 4035 175 50 series)
