2484 4405
1054 4104 134 49 1539

118 457 318 65 Masciotti,
466 456 266 55 Rodolfo.

247 527 1865 73 … Progetto per l’istituzione di assicurazioni scolastiche.
122 611 192 66 Roma,
349 609 236 54 Officina
617 607 334 70 poligrafica
985 608 220 65 laziale,
1238 610 151 49 1933.

189 683 54 40 16
272 694 44 38 p.
375 682 56 39 24½
464 684 44 21 cm
512 714 8 8 .

119 749 1889 53 © Jan. 23, 1933; 1c. Jan. 31: A-Foreign 20249; E. Masciotti, Rome.
196 810 278 49 (33-32365)

117 911 316 66 Masefield,
467 913 173 63 John,
679 913 170 51 1878-

186 990 120 52 The
341 989 125 52 bird
505 989 63 52 of
603 990 298 66 dawning;
940 1005 80 47 or,
1055 988 121 52 The
1214 987 230 53 fortune
1479 985 63 54 of
1577 986 95 52 the
1707 1002 109 51 sea,
1851 986 73 66 by
1960 984 152 54 John

118 1067 305 53 Masefield.
500 1067 136 52 New
674 1067 176 65 York,
883 1067 119 51 The
1035 1065 334 52 Macmillan
1402 1082 297 50 company,
1735 1066 148 50 1933.

186 1139 554 50 3 p. l., 310 p. 19½ cm .
120 1195 50 51 ©
199 1200 117 38 Nov.
347 1199 37 46 6,
414 1198 113 40 1983;
587 1200 67 38 2c.
684 1199 95 38 and
810 1197 81 39 aff.
923 1198 117 38 Nov.
1071 1198 25 38 7;
1156 1197 40 38 A
1226 1196 170 46 65985;
1431 1197 40 39 J.
1506 1195 263 47 Masefield,
1801 1193 317 49 Cirencester,

188 1255 427 42 Gloucestershire,
653 1255 233 46 England.
959 1253 280 48 (33-82011)

118 1357 120 52 The
267 1357 242 53 modern
541 1356 428 68 encyclopedia;
1003 1375 30 33 a
1062 1375 122 34 new
1212 1355 219 66 library
1462 1355 63 52 of
1555 1355 182 53 world
1764 1353 352 68 knowledge,

187 1434 274 68 complete
510 1433 58 54 in
618 1454 102 34 one
770 1436 251 64 volume;
1074 1433 324 54 illustrated
1451 1433 139 53 with
1641 1434 199 66 nearly
188 1431 1925 133 twelve-hundred

482 1513 289 68 drawings
805 1513 160 52 made
997 1515 292 65 expressly
1323 1511 94 54 for
1450 1512 115 52 this
1599 1511 186 67 work;
1820 1510 191 54 edited
2042 1511 74 66 by

187 1589 1930 68 A. H. McDannald … New York, W. H. Wise & company,
186 1671 148 49 1933.

190 1739 1164 50 3 p. l., 1327 p. front. (port.) illus. 23½ cm .
196 1797 283 41 Illustrated
519 1798 362 48 lining-papers.

194 1851 1925 52 “Compiled by the … staff of the Encyclopedia americana.”—Editor's
123 1910 254 42 foreword.

123 1964 51 52 ©
204 1970 101 39 Oct.
332 1969 39 45 9,
400 1969 139 44 1933;
569 1970 66 38 2c.
666 1968 100 40 Oct.
795 1969 81 39 12:
908 1968 81 39 aff.
1020 1967 102 42 Oct.
1151 1969 81 43 11;
1263 1969 41 37 A
1331 1968 170 47 65740;
1533 1969 121 40 Wm.
1683 1969 60 38 H.
1773 1967 133 41 Wise
1932 1969 35 39 &
1995 1978 69 31 co.

199 2027 278 47 (38-32256)

119 2127 185 66 Myer,
338 2130 219 62 Joseph
594 2128 262 66 Charles,
893 2132 169 50 1893-

190 2205 135 53 New
356 2205 159 52 York
541 2205 59 54 C.
630 2205 60 51 P.
719 2206 67 51 A.
815 2205 199 68 theory
1039 2207 285 64 questions
1348 2203 140 54 with
1514 2223 262 49 answers,
1802 2204 74 68 by
1902 2204 215 68 Joseph

122 2282 1804 70 C. Myer … Brooklyn, N. Y., Standard text press [ c 1933 ]
191 2353 83 39 512
315 2365 42 36 p.
424 2354 55 40 23½
512 2356 44 21 cm
561 2386 8 8 .

191 2412 253 40 “Includes
469 2412 62 38 all
559 2412 51 38 of
634 2413 80 37 the
739 2411 249 48 questions
1014 2413 109 39 that
1148 2413 123 39 have
1296 2413 119 39 been
1439 2413 150 40 asked
1615 2423 61 30 on
1702 2413 82 40 the
1811 2414 170 47 theory
2007 2417 111 45 part

121 2468 52 39 of
204 2469 116 39 each
355 2469 116 39 New
503 2469 130 38 York
667 2469 49 40 C.
750 2470 50 39 P.
837 2470 53 38 A.
925 2467 334 41 examination
1293 2469 128 39 from
1454 2470 270 39 November
1758 2470 113 40 1915
1909 2472 209 46 through

120 2525 135 48 April
284 2524 350 41 1933.”—Pref.

125 2582 51 53 ©
206 2586 101 41 Oct.
336 2587 67 47 14,
433 2586 139 41 1983;
604 2586 65 39 2c.
701 2585 101 41 Oct.
831 2586 81 40 28;
944 2585 80 40 aff.
1055 2586 119 41 Nov.
1204 2586 52 46 1;
1288 2586 38 39 A
1358 2585 169 48 66868;
1563 2586 246 41 Standard
1840 2589 107 39 text
1974 2595 148 41 press.

200 2643 279 48 (33-32206)

122 2746 349 64 Nécroman,
501 2748 168 63 Dom,
698 2747 195 66 pseud.

251 2821 1485 70 … Planètes et dieux. Paris, M. d’Hartoy [ c 1933 ]
190 2894 1290 47 142 p., 1 l. 23 cm . (On cover: La néo-kabbale)
193 2951 208 40 Subtitle
434 2962 59 28 on
526 2962 140 28 cover:
729 2951 83 40 Clé
843 2951 302 48 scientifique
1180 2953 57 38 de
1268 2954 47 37 la
1348 2952 295 48 mythologie
1675 2963 217 38 grecque,
1926 2956 46 37 la
121 2955 1979 92 kabbale
249 3008 213 47 justifiée
488 3019 88 36 par
601 3009 44 38 la
674 3008 199 40 science.

125 3066 1889 51 © May 20, 1933; 1c. July 18; A- Foreign 21549; Maurice D’Hartoy.
201 3125 278 49 (33-32391)

124 3231 142 51 New
295 3230 179 53 York.
550 3229 418 65 Metropolitan
998 3246 271 36 museum
1300 3230 63 52 of
1392 3234 113 52 art.

191 3308 119 52 The
345 3307 300 52 American
679 3307 168 66 wing.
924 3307 137 51 New
1095 3307 163 51 York
1312 3307 121 52 [The
1463 3307 262 52 Museum
1757 3324 156 50 press]
1970 3310 149 50 1933.

193 3379 897 50 3 p. l., 20 pl. on 10 l., [2] p. 19 cm .
193 3438 63 40 At
280 3439 125 39 head
432 3437 50 41 of
508 3437 108 41 title:
671 3438 100 39 The
799 3436 346 48 Metropolitan
1173 3447 216 29 museum
1417 3437 52 40 of
1494 3440 93 38 art.

194 3494 337 41 Introduction
561 3494 167 48 signed:
788 3494 180 48 Joseph
999 3493 194 40 Downs.

127 3548 50 52 ©
205 3553 101 41 Oct.
333 3553 39 47 9,
399 3553 113 40 1983;
569 3553 66 39 2c.
664 3552 99 40 Oct.
791 3552 56 39 27:
903 3551 81 40 aff.
1015 3551 102 41 Oct.
1145 3551 58 39 26;
1258 3552 40 38 A
1326 3551 143 40 65856;
1528 3551 346 48 Metropolitan
1904 3560 219 32 museum

193 3609 53 39 of
267 3612 90 44 art,
382 3610 116 39 New
526 3609 139 39 York.
737 3607 279 49 (33-32020)

128 3707 193 56 North
366 3714 237 50 eastern
648 3710 202 68 digest,
894 3710 268 68 covering
1207 3711 75 52 all
1327 3728 149 37 cases
1520 3711 265 68 reported
1828 3711 59 52 in
1932 3711 185 53 North

197 3794 218 46 eastern
467 3794 273 62 reporter,
793 3788 138 53 with
983 3794 230 47 current
1263 3789 343 53 cumulative
1656 3789 201 68 pocket
1908 3790 214 52 service

197 3866 1922 69 keeping the digest always to date … By the publisher’s
197 3942 264 53 editorial
490 3942 134 55 staff.
714 3964 50 34 v.
799 3948 183 48 13-18.
1061 3944 82 54 St.
1174 3947 165 55 Paul,
1367 3946 202 55 Minn.,
1596 3948 158 52 West
1784 3944 336 69 publishing

197 4038 77 36 co.
311 4056 12 33 [
329 4029 15 20 c
353 4025 130 49 1933
491 4056 10 32 ]
