2540 4453
1096 4068 101 50 469

133 439 345 61 Rockwood,
508 439 146 62 Roy,
685 436 195 68 pseud.

208 517 236 69 Bomba,
469 516 96 51 the
589 514 197 68 jungle
811 515 111 66 boy
950 514 112 51 and
1088 513 96 51 the
1209 510 151 53 river
1386 512 258 65 demons;
1674 528 79 48 or,
1783 506 351 70 Outwitting

136 587 1997 74 the savage medicine man, by Roy Rockwood … New York,
139 672 249 68 Cupples
420 675 45 50 &
494 673 151 50 Leon
678 688 280 49 company
994 703 12 33 [
1011 675 18 21 c
1034 672 151 62 1933]

208 746 26 38 2
261 757 41 36 p.
329 747 44 45 l.,
401 744 87 40 209
512 754 43 37 p.
615 743 147 39 front.
825 742 145 40 19½cm.
1052 742 88 39 [His
1168 739 182 41 Bomba
1378 739 164 48 books]

142 799 52 52 ©
221 804 121 38 Mar.
369 803 39 46 1,
436 801 113 40 1933;
605 801 66 39 2c.
700 802 95 38 and
821 799 83 40 aff.
931 799 113 48 Apr.
1072 799 81 46 12;
1183 799 41 38 A
1251 797 169 47 60995;
1452 797 207 47 Cupples
1687 796 36 40 &
1750 796 128 40 Leon
1906 807 68 28 co.

220 858 249 50 (33-8992)

135 945 320 66 Rothrock,
483 946 155 54 John
667 942 259 67 Lincoln,
958 949 173 50 1863-

209 1026 119 52 Ten
361 1042 161 51 years
556 1023 65 54 of
652 1022 293 55 obstetrics
978 1026 46 51 &
1058 1022 352 69 gynecology
1441 1022 60 52 in
1534 1021 226 69 private
1793 1020 275 69 practice;
2106 1040 31 34 a

139 1103 225 56 clinical
392 1108 194 62 report
612 1102 65 54 of
704 1103 134 53 1750
863 1101 326 53 obstetrical
1215 1102 112 52 and
1358 1106 132 48 1345
1519 1099 424 70 gynecological
1971 1119 166 48 cases,

139 1183 140 53 with
311 1180 387 69 comparative
731 1181 256 66 analyses
1021 1179 63 52 of
1115 1197 172 50 many
1319 1178 64 54 of
1414 1180 96 53 the
1541 1180 190 66 larger
1762 1197 229 50 groups,
2025 1179 112 53 and

140 1259 248 55 detailed
419 1278 122 35 case
570 1259 262 53 histories
865 1257 64 53 of
958 1276 151 34 some
1137 1256 65 53 of
1230 1258 96 51 the
1355 1275 155 35 more
1539 1257 317 67 important
1887 1258 113 52 and
2032 1257 105 53 less

140 1336 1992 67 common conditions, by John L. Rothrock … New York, P. B.
141 1417 243 63 Hoeber,
422 1416 125 66 inc.,
587 1419 149 50 1933.

211 1488 104 49 xiii,
346 1489 88 40 209
462 1499 44 37 p.
565 1488 129 40 illus.
754 1488 114 38 24cm.

147 1543 51 51 ©
227 1549 121 38 Mar.
376 1546 68 46 28,
473 1545 140 47 1933;
641 1544 66 41 2c.
737 1545 96 39 and
861 1543 81 40 aff.
971 1545 122 39 Mar.
1120 1544 83 46 31;
1233 1543 41 39 A
1301 1543 169 47 61157;
1502 1544 123 39 Paul
1654 1545 53 38 B.
1737 1545 205 46 Hoeber,
1972 1544 77 41 inc

225 1603 250 49 (33-9085)

140 1692 184 65 Ruck,
354 1693 202 55 Berta.

213 1769 237 69 Change
478 1769 132 52 here
643 1769 94 52 for
765 1768 336 69 happiness;
1137 1767 229 55 written
1397 1768 274 70 specially
1704 1768 93 54 for
1826 1769 160 55 those
2017 1770 126 53 who

143 1854 153 47 want
343 1867 151 34 some
541 1848 198 67 happy
785 1848 359 53 hours—and
1193 1866 31 33 a
1275 1848 246 68 change!
1600 1848 90 68 By
1741 1851 175 52 Berta
1963 1849 179 54 Ruck.

142 1927 257 66 London,
429 1926 241 52 Hodder
703 1926 112 52 and
849 1924 342 69 Stoughton,
1222 1924 241 69 limited,
1497 1929 150 52 1933.

212 2000 100 48 317,
338 2000 53 49 [1]
415 2010 43 38 p.
518 1999 146 41 19½cm.

149 2053 52 52 ©
282 2090 8 7 1c.
314 2058 112 47 Apr.
451 2059 68 47 11,
544 2057 140 47 1933;
711 2057 41 39 A
775 2059 62 38 ad
861 2057 84 39 int.
973 2057 170 47 17676;
1170 2058 143 47 pubd.
1339 2060 122 39 Mar.
1486 2058 53 47 9;
1568 2060 54 41 B.
1645 2061 58 39 R.
1730 2060 177 49 Oliver,
1933 2061 211 40 London.

226 2114 279 49 (33-11092)

141 2203 192 64 Rugg,
364 2202 221 55 Harold
617 2204 273 64 Ordway,
924 2209 171 50 1886-

215 2282 122 52 The
367 2288 162 62 great
559 2283 366 68 technology;
961 2282 172 53 social
1164 2284 167 54 chaos
1367 2285 107 52 and
1510 2285 97 52 the
1637 2285 193 67 public
1862 2286 177 68 mind,
2070 2287 73 68 by

145 2360 1976 73 Harold Rugg … New York, The John Day company [ c 1933]
216 2434 96 47 xiv,
345 2434 85 40 308
463 2445 41 37 p.
565 2434 55 39 21½
653 2436 43 20 cm
703 2467 7 8 .

221 2490 375 49 Bibliography:
629 2503 43 37 p.
703 2492 217 43 290-302.

152 2545 52 52 ©
241 2551 121 39 Mar.
397 2549 69 47 23,
502 2549 113 41 1933;
679 2549 65 41 2c.
783 2552 123 38 Mar.
941 2550 82 48 27;
1061 2550 84 41 aff.
1181 2553 122 39 Mar.
1338 2552 82 47 24;
1459 2553 42 38 A
1537 2552 169 48 60800;
1747 2554 59 39 H.
1844 2555 153 48 Rugg,
2032 2556 118 38 New

219 2606 144 40 York.
434 2606 250 48 (33-8974)

144 2693 317 68 Savignon,
494 2697 219 56 André.

279 2773 1864 73 … “Au petit bateau”, roman. Paris, La Renaissance du
147 2851 144 52 livre
326 2855 171 65 [1932]

219 2924 26 39 2
271 2935 43 37 p.
340 2928 45 43 l.,
415 2925 174 49 [7]-241
615 2937 58 36 p.,
701 2926 25 39 1
776 2959 8 8 l.
845 2926 116 43 19cm.

153 2977 52 52 ©
232 2982 116 48 July
374 2983 68 46 15,
470 2982 139 48 1932;
697 3017 8 8 1c.
732 2985 116 39 Nov.
877 2985 53 47 9;
957 2986 311 48 A-Foreign
1295 2987 170 47 18501;
1495 2988 55 40 A.
1581 2987 256 49 Savignon,
220 2989 1912 98 Castelnaule-Rez,
423 3039 198 41 France.
694 3041 250 49 (33-8931)

148 3112 460 69 Schröck-Beck,
636 3115 181 58 Thea.

221 3191 177 68 Wege
449 3194 99 51 der
596 3192 409 69 leidenschaft;
1058 3216 216 47 roman,
1324 3216 110 35 von
1485 3198 157 55 Thea
1696 3199 450 56 Schröck-Beck.

148 3266 242 71 Leipzig
416 3272 117 51 und
564 3271 170 67 Bern,
762 3273 66 52 F.
856 3273 328 54 Rothbarth
1218 3278 173 64 [c1931]

224 3339 463 52 251, [1] p. 18 ½cm .
155 3393 52 52 ©
236 3399 118 47 Aug.
385 3399 69 43 22,
485 3399 140 48 1931;
716 3433 8 8 1c.
754 3403 117 39 Nov.
903 3404 68 46 11,
1003 3403 141 49 1932;
1177 3405 310 49 A-Foreign
1517 3408 171 46 18531;
1721 3408 252 42 Friedrich
222 3410 1930 86 Roth-barth.
451 3456 250 49 (33-8948)

150 3530 311 67 Sorenson,
491 3533 276 66 Herbert,
801 3541 171 50 1898-

221 3608 184 53 Adult
447 3608 245 57 abilities
735 3612 59 53 in
835 3613 291 54 extension
1167 3614 228 68 classes;
1441 3638 31 33 a
1514 3617 423 70 psychological
1978 3621 172 70 study

158 3685 1994 84 r by] Herbert Sorenson … Minneapolis, The University of
151 3763 324 56 Minnesota
507 3784 173 48 press,
713 3770 149 52 1933.

223 3836 62 49 vi,
314 3838 87 41 100
425 3849 43 39 p.
528 3840 179 49 diagrs.
765 3841 118 43 23cm.

159 3890 52 52 ©
244 3896 120 40 Mar.
397 3897 69 43 23,
499 3898 139 47 1933;
672 3900 67 40 2c.
771 3902 113 47 Apr.
916 3903 54 46 3;
1005 3900 80 42 aff.
1119 3903 114 49 Apr.
1266 3906 52 45 1;
1353 3907 41 39 A
1425 3907 170 48 60881;
1632 3909 283 51 University
1948 3913 54 39 of
225 3913 1909 88 Minnesota,
440 3954 334 50 Minneapolis.
846 3959 250 49 (33-8792)
