2540 4453
1095 4077 102 52 385

147 434 354 63 Alexander,
530 434 189 53 Irene.

222 498 1923 77 Crooked alley [by] Irene Alexander … Philadelphia, The
150 586 1060 69 Penn publishing company [ c 1933]
221 665 87 42 302
336 679 44 37 p.
441 665 55 41 19½c
545 666 28 22 m
575 696 11 10 .

155 735 51 52 ©
234 740 122 39 Mar.
383 739 40 46 3,
451 736 140 47 1933;
620 735 66 41 2c.
716 736 95 39 and
839 734 81 40 aff.
950 735 121 38 Mar.
1100 731 81 48 29;
1211 732 41 39 A
1281 730 169 47 61119;
1481 731 132 40 Penn
1641 730 110 48 pub.
1779 741 67 29 co.

231 795 249 48 (33-7567)

147 899 120 52 The
291 896 316 55 American
631 914 135 51 year
789 894 173 67 book;
991 914 30 32 a
1045 892 197 54 record
1266 891 64 54 of
1352 897 191 48 events
1569 891 113 52 and
1706 909 281 51 progress,
2009 908 137 51 year

219 969 1927 73 1932. Editor, Albert Bushnell Hart … associate editor,
215 1054 260 56 William
519 1057 79 51 M.
648 1054 292 68 Schuyler.
1017 1051 213 54 Edited
1276 1051 139 53 with
1459 1051 95 53 the
1599 1048 363 70 cooperation
2005 1047 65 55 of
2114 1068 31 34 a

215 1133 364 69 supervisory
627 1134 178 52 board
853 1131 394 69 representing
1293 1131 257 53 national
1598 1130 230 52 learned
1875 1129 270 53 societies.

217 1213 139 53 New
388 1213 179 67 York,
601 1213 120 51 The
754 1211 305 53 American
1093 1229 135 50 year
1260 1210 147 52 book
1441 1209 381 69 corporation,
1859 1211 151 51 1933.

221 1298 1077 51 xxv p., 1 l. 947, [1] p. tables. 20½ cm .
154 1369 52 53 ©
239 1375 122 40 Mar.
393 1372 40 48 6,
467 1372 140 47 1933;
640 1372 67 39 2c.
742 1373 121 39 Mar.
896 1370 82 47 25;
1015 1370 81 41 aff.
1131 1371 122 38 Mar.
1286 1370 81 46 24;
1405 1370 40 39 A
1478 1368 169 48 61092;
1685 1370 157 38 Amer.
1879 1378 116 38 year
2028 1369 123 39 book

221 1440 126 38 corp.

144 1533 239 66 Atkins,
414 1534 258 53 Herbert
704 1534 67 54 E.

220 1609 55 53 A
310 1610 222 69 picture
565 1615 130 49 tour
729 1611 63 52 of
825 1609 429 57 Wilkes-Barre
1289 1610 112 53 and
1436 1610 96 52 the
1565 1608 237 54 historic
1834 1608 313 69 Wyoming

149 1688 217 69 valley;
397 1687 170 69 being
599 1707 31 34 a
659 1688 169 53 series
861 1688 62 54 of
954 1687 329 68 fifty-seven
1315 1687 395 67 photographs
1741 1686 63 54 of
1834 1686 313 68 Wyoming

149 1765 1973 147 valley’s principal spots of scenic, romantic and historic interest … published by Herbert E. Atkins. [Wilkes-Barre, Pa.]
149 1922 122 53 The
300 1923 136 52 T-L
466 1922 277 68 printery,
773 1922 109 54 inc.
917 1956 13 33 [
932 1928 21 21 c
958 1925 133 50 1933]

228 2009 84 50 [72]
343 2020 45 39 p.
447 2009 128 41 illus.
633 2007 28 40 31½c
740 2011 27 21 m
771 2040 10 10 .
897 2008 129 50 $2.00

227 2077 298 42 “Historical
551 2080 169 39 sketch
746 2079 52 42 of
825 2078 267 50 Wyoming,
1120 2079 268 49 copyright,
1417 2078 194 42 Colonel
1642 2079 176 42 Ernest
1847 2080 54 41 G.
1933 2081 214 41 Smith”:

152 2149 44 37 p.
235 2137 146 50 [3]-[6]

227 2193 181 42 “When
434 2192 169 49 you’ve
629 2193 171 41 looked
827 2194 53 39 at
906 2193 68 40 all
1003 2194 82 40 the
1111 2193 229 48 pictures,
1369 2194 59 47 by
1456 2193 184 40 Martin
1670 2194 180 41 Keet”:
1878 2206 44 37 p.
1968 2195 71 50 [72]

157 2262 51 52 ©
240 2266 110 40 Dec.
381 2266 40 47 1,
451 2264 140 48 1932;
623 2265 68 41 2c.
721 2265 111 40 Feb.
862 2264 69 47 16,
963 2263 139 48 1933;
1136 2264 81 41 aff.
1250 2264 111 41 Feb,
1393 2265 80 47 15;
1508 2266 40 38 A
1579 2266 169 47 60733;
1783 2267 59 38 H.
1877 2268 51 38 E.
1961 2266 189 45 Atkins,

223 2322 372 48 Wilkes-Barre,
622 2323 80 38 Pa.
776 2321 250 49 (33-7361)

148 2425 172 67 Baer,
351 2425 190 57 Willis
569 2424 258 68 Nissley,
861 2430 169 52 1889-

221 2503 122 53 The
389 2503 282 54 economic
719 2503 395 69 development
1163 2502 64 54 of
1275 2505 95 53 the
1419 2504 159 70 cigar
1627 2504 266 70 industry
1942 2506 61 53 in
2052 2506 102 54 the

152 2581 216 55 United
402 2579 205 70 States,
636 2581 75 69 by
740 2580 194 56 Willis
963 2581 70 54 N.
1067 2582 166 67 Baer,
1264 2601 99 35 ph.
1397 2602 47 33 d.
1511 2583 325 68 Lancaster,
1869 2584 103 53 Pa.
2027 2584 123 54 [The

152 2658 113 54 Art
291 2659 265 69 printing
580 2677 78 35 co.]
715 2661 151 51 1933.

223 2744 26 40 2
274 2755 44 39 p.
379 2777 8 17 l.,
415 2745 144 41 7-293
584 2757 44 37 p.
688 2755 137 38 maps
862 2747 48 47 (1
937 2745 143 48 fold.)
1115 2745 180 49 diagrs.
1354 2745 56 41 23
1414 2749 43 21 cm
1462 2779 9 10 .

225 2802 170 41 Issued
422 2803 102 40 also
550 2813 55 30 as
631 2802 154 41 thesis
820 2804 106 47 (PH.
986 2804 34 47 D.)
1057 2802 250 42 Columbia
1337 2803 285 48 university.

224 2859 374 48 Bibliography:
632 2869 43 39 p.
708 2859 218 41 275-278.

157 2926 53 52 ©
236 2932 108 39 Jan.
370 2931 69 47 23,
465 2930 140 48 1933;
632 2931 67 41 2c.
728 2933 108 39 Feb.
865 2932 81 46 13;
975 2931 79 41 aff.
1084 2933 110 40 Jan.
1220 2932 81 47 28;
1331 2934 40 38 A
1398 2933 142 40 60253;
1598 2934 71 40 W.
1697 2935 55 39 N.
1781 2935 141 46 Baer,
223 2935 1910 99 Landisville,

382 2989 81 39 Pa.
535 2988 251 49 (33-7512)

149 3088 254 68 Balmer,
434 3091 226 66 Edwin,
693 3097 171 51 1883-

222 3169 186 55 When
443 3170 208 54 worlds
685 3169 221 69 collide,
940 3170 75 69 by
1049 3171 208 53 Edwin
1294 3172 231 53 Balmer
1560 3176 112 50 and
1707 3170 201 72 Philip
1943 3174 206 69 Wylie.

154 3246 138 55 New
325 3247 177 68 York,
532 3247 310 54 Frederick
870 3248 70 55 A.
974 3248 201 56 Stokes
1205 3267 298 50 company,
1534 3254 150 50 1933.

223 3321 100 48 viii,
354 3322 86 40 344
470 3333 43 37 p.
573 3321 56 41 19½
660 3323 44 22 cm
709 3352 11 11 .

161 3387 51 52 ©
247 3392 109 40 Feb.
389 3392 70 47 27,
492 3392 139 47 1933;
666 3392 67 41 2c.
767 3394 95 39 and
895 3393 82 41 aff.
1012 3394 121 40 Mar.
1167 3395 82 46 16;
1285 3395 40 38 A
1359 3394 169 48 60809;
1566 3398 53 39 E.
1653 3398 209 49 Balmer,
1899 3399 253 48 Irvington

226 3459 60 29 on
314 3450 216 48 Hudson,
559 3450 55 38 N.
645 3450 66 47 Y.,
739 3452 95 38 and
863 3450 161 48 Philip
1054 3451 170 49 Wylie,
1254 3452 301 48 Hollywood,
1587 3453 144 42 Calif.

236 3505 249 48 (33-7382)

151 3605 228 70 Balzac,
407 3609 236 54 Honoré
672 3610 88 65 de,
794 3611 324 57 1799-1850.

226 3685 256 69 Eugenie
513 3686 274 69 Grandet,
818 3687 74 69 by
924 3688 235 53 Honoré
1190 3689 68 53 de
1289 3690 226 53 Balzac.
1589 3691 139 53 New
1763 3692 178 71 York,
1971 3695 89 54 W.
2092 3696 57 55 J.

155 3764 199 64 Black,
385 3764 105 53 inc.
529 3798 13 33 [
546 3771 19 21 c
570 3768 134 49 1932]

225 3837 80 49 vii,
332 3838 88 41 310
445 3849 41 38 p.
547 3838 55 40 19
605 3840 44 21 cm
654 3870 9 9 .
726 3839 115 50 [The
868 3839 285 49 companion
1180 3840 213 51 classics]

161 3905 51 52 ©
243 3911 118 41 Nov.
393 3912 37 46 1,
464 3910 139 48 1932;
637 3912 66 40 2c.
737 3913 97 39 and
864 3912 82 40 aff.
979 3913 122 40 Mar.
1133 3914 69 48 27,
1235 3915 140 48 1933;
1409 3917 40 38 A
1481 3917 170 48 61107;
1688 3920 184 40 Walter
1906 3922 43 39 J.
1983 3923 166 47 Black,

228 3966 89 41 inc.
381 3964 68 53 [©
477 3968 345 50 introduction]
895 3969 249 48 (33-7383)
