2582 4453
1346 4101 135 50 1566

402 410 228 69 Mason,
662 412 270 66 Alpheus
962 413 279 64 Thomas,
1275 416 173 51 1899-

474 493 314 53 Brandeis:
851 493 214 68 lawyer
1129 494 113 52 and
1305 493 177 69 judge
1544 494 59 53 in
1666 496 96 51 the
1824 494 236 55 modern
2123 502 162 59 state,
2346 497 75 66 by

407 572 2013 70 Alpheus Thomas Mason … Princeton, Princeton university
405 669 173 50 press,
609 655 152 50 1933.

477 724 651 49 vi p., 1 l., 203 p. 22½cm.
406 778 52 52 ©
495 784 119 38 Nov.
654 783 68 45 13,
762 782 141 47 1033;
944 783 68 40 2c.
1051 784 119 39 Nov.
1210 784 82 39 15;
1333 783 81 40 aff.
1454 784 120 41 Nov.
1613 784 82 41 14;
1737 784 38 39 A
1846 783 140 47 67150;
2029 783 261 40 Princeton
472 785 1940 103 university
690 851 152 37 press.
913 840 284 49 (33-27369)

401 933 298 68 Michelet,
731 935 223 65 Simon,
986 937 174 53 1871-

470 1012 329 55 Handbook
832 1013 64 53 of
925 1013 96 55 the
1056 1012 308 56 Securities
1396 1020 88 47 act
1519 1013 64 52 of
1615 1016 164 64 1933;
1816 1032 30 33 a
1882 1011 276 69 practical
2191 1011 232 53 manual

406 1091 90 52 for
538 1093 249 66 security
828 1093 207 54 issuers
1079 1092 113 54 and
1235 1092 425 69 underwriters,
1702 1092 297 67 investors,
2041 1097 228 62 experts
2312 1088 112 56 and

403 1169 233 54 dealers.
716 1170 141 55 Also
902 1170 92 52 for
1036 1169 308 55 American
1385 1170 230 55 holders
1657 1170 64 53 of
1763 1169 227 69 foreign
2034 1168 288 55 securities
2365 1169 57 52 in

396 1247 241 55 default.
703 1248 127 70 [By]
861 1247 199 57 Simon
1084 1248 288 56 Michelet.
1432 1248 402 70 Washington,
1858 1248 69 54 D.
1956 1247 81 70 C.,
2059 1248 121 53 The
2205 1248 222 67 author,

405 1330 150 50 1933.

401 1400 2005 98 7 p. l., xiv p., 1 l., 176, [121] p. 23½cm. (Half-title: Legislative handbook
559 1458 166 48 series,
759 1460 93 39 vol.
912 1458 14 48 I)

474 1515 315 50 “Appendix”
822 1517 91 40 has
948 1516 200 41 various
1183 1516 218 49 pagings.

403 1573 52 52 ©
484 1577 118 40 Nov.
634 1577 40 45 6,
705 1576 114 42 1933;
878 1578 68 40 2c.
977 1579 96 39 and
1104 1577 83 41 aff.
1218 1578 118 40 Nov.
1369 1579 25 38 6;
1455 1578 41 38 A
1526 1577 171 47 66939;
1735 1578 43 40 S.
1812 1577 244 41 Michelet.
2088 1577 339 45 Washington.

481 1635 284 48 (33-33074)

399 1720 212 70 Miller,
642 1724 259 55 William
932 1725 176 65 John,
1143 1728 174 50 1880-

469 1801 122 53 The
617 1807 160 64 story
805 1803 64 53 of
896 1822 102 34 our
1025 1803 192 67 earth;
1245 1804 98 53 the
1367 1803 217 54 science
1610 1803 63 54 of
1698 1805 262 68 geology,
1986 1804 96 52 the
2108 1803 224 67 history
2359 1802 64 53 of

398 1880 97 54 the
537 1882 182 52 world
761 1901 105 33 can
906 1882 66 53 be
1011 1883 138 52 read
1192 1881 155 54 from
1387 1883 164 52 rocks
1594 1883 113 52 and
1750 1883 243 52 mineral
2036 1882 271 68 deposits,
2347 1881 75 68 by

399 1957 2025 71 William J. Miller … with additions and revisions by Adam
399 2036 201 55 Ward.
671 2037 142 54 New
852 2038 181 68 York,
1071 2040 66 53 P.
1175 2040 67 53 F.
1282 2037 217 58 Collier
1535 2042 46 51 &
1618 2058 100 36 son
1759 2057 282 51 company
2102 2043 176 65 [c1933]

474 2112 1951 52 2 p. l., 3-392 p. col. front., illus. (incl. maps) plates, diagrs. 20cm.
413 2168 1963 51 (Added t.-p.: Popular science library, editor-in-chief, G. P. Serviss …
401 2240 42 30 v.
474 2228 52 49 3)

475 2286 336 49 Frontispiece
839 2286 345 49 accompanied
1213 2287 61 47 by
1302 2287 156 48 guard
1488 2288 137 40 sheet
1651 2287 121 40 with
1801 2287 296 49 descriptive
2125 2289 299 48 letterpress.

473 2344 293 42 Illustrated
804 2344 367 49 lining-papers.

404 2399 52 52 ©
481 2404 119 39 Nov.
623 2404 41 46 2,
690 2402 141 47 1933;
857 2403 66 38 2c.
950 2402 120 40 Nov.
1094 2401 82 46 10;
1205 2401 82 42 aff.
1312 2402 118 39 Nov.
1457 2402 81 46 11;
1566 2402 39 39 A
1631 2402 171 46 67054;
1830 2403 50 40 P.
1907 2403 52 40 F.
1985 2403 183 40 Collier
2190 2403 36 40 &
2249 2414 87 29 son
2360 2412 66 32 co.

493 2457 52 52 [©
573 2470 106 30 new
707 2462 104 38 text
839 2461 96 38 and
964 2459 332 40 illustrations
1326 2460 96 39 and
1452 2459 228 49 revision]
1754 2460 283 47 (33-33258)

399 2551 219 65 Moore,
653 2551 145 54 Dale
833 2550 267 65 Hendry,
1138 2553 173 50 1900-

471 2627 372 54 Durkheim’s
895 2628 206 68 theory
1155 2626 63 55 of
1273 2626 274 69 religious
1601 2627 355 69 knowledge,
2011 2627 78 69 by
2142 2628 147 53 Dale
2344 2628 78 53 H.

399 2705 987 70 Moore … [Eugene, Or., c1933]
467 2781 57 40 20
557 2792 44 37 p.
661 2780 149 41 23½cm.

404 2836 52 52 ©
483 2841 121 47 Aug.
630 2841 39 46 1,
696 2840 141 46 1933;
866 2840 68 41 2c.
961 2841 96 38 and
1084 2839 80 40 aff.
1197 2839 127 48 Sept.
1353 2838 82 47 20;
1465 2840 39 38 A
1532 2839 171 48 66162;
1734 2840 57 40 D.
1819 2840 60 39 H.
1908 2840 178 46 Moore,
2116 2840 199 47 Easton,
2343 2840 83 39 Pa.

483 2897 283 49 (33-31134)

399 2988 308 65 Nabonne,
738 2988 289 56 Bernard.

476 3106 56 10 …
569 3064 85 53 La
685 3063 374 70 magicienne.
1129 3064 187 68 Paris,
1350 3065 108 53 Les
1494 3063 272 54 Editions
1801 3064 68 54 de
1903 3064 238 66 France,
2177 3065 174 51 c1933.

474 3136 1716 50 2 p. l., 260 p., 1 l. 19cm. (On cover: Le livre d’aujourd’hui)
403 3193 1937 52 © June 30, 1933; 1c. Sept. 13; A-Foreign 22063; B. Nabonne, Paris.
480 3254 284 48 (33-33109)

402 3343 121 54 The
559 3361 129 37 new
728 3345 259 67 Century
1024 3345 327 68 dictionary
1389 3345 64 52 of
1489 3347 97 53 the
1622 3345 247 69 English
1909 3345 302 69 language,
2248 3343 168 53 based

470 3441 72 34 on
570 3426 211 49 matter
809 3423 241 53 selected
1080 3423 153 53 from
1261 3423 96 53 the
1387 3422 250 68 original
1668 3423 257 68 Century
1954 3421 325 69 dictionary
2309 3421 112 54 and

471 3501 244 68 entirely
753 3502 313 58 rewritten,
1104 3502 138 53 with
1283 3502 96 53 the
1418 3502 264 53 addition
1719 3501 64 53 of
1819 3521 30 33 a
1887 3505 161 64 great
2087 3507 233 47 amount
2358 3499 66 54 of

471 3598 124 35 new
629 3580 284 64 material,
949 3582 114 52 and
1099 3581 336 67 containing
1470 3581 98 53 the
1602 3587 162 62 great
1801 3600 149 35 mass
1986 3580 65 52 of
2085 3580 188 54 words
2309 3579 112 53 and

473 3659 233 64 phrases
739 3659 60 52 in
829 3658 278 70 ordinary
1138 3679 112 34 use.
1330 3662 188 62 12,000
1548 3659 344 69 quotations.
1968 3662 155 61 4,000
2154 3657 267 69 pictorial

474 3739 396 53 illustrations.
949 3738 213 55 Edited
1194 3739 75 68 by
1299 3739 76 53 H.
1408 3738 68 55 G.
1509 3739 213 69 Emery
1753 3739 110 54 and
1897 3739 73 54 K.
2003 3737 69 56 G.
2105 3739 313 64 Brewster;

472 3818 137 52 with
641 3818 391 68 supplements
1059 3817 66 54 of
1150 3836 309 50 synonyms
1487 3819 112 52 and
1630 3825 321 61 antonyms,
1979 3816 228 70 foreign
2235 3815 187 56 words

473 3897 1855 70 and phrases, biographical names, geographical names, etc. …
474 3977 136 51 New
639 3976 179 60 York,
845 3976 259 67 London,
1130 3976 71 52 D.
1230 3974 583 71 Appleton-Century
1839 3994 281 51 company
2168 3977 177 65 [c1933]
