<alto xmlns="http://www.loc.gov/standards/alto/ns-v3#" xmlns:xlink="http://www.w3.org/1999/xlink" xmlns:xsi="http://www.w3.org/2001/XMLSchema-instance" xsi:schemaLocation="http://www.loc.gov/standards/alto/ns-v3# http://www.loc.gov/alto/v3/alto-3-0.xsd"><Description>
<MeasurementUnit>pixel</MeasurementUnit>
<sourceImageInformation>
<fileName>1933_v1_Part1.pdf</fileName>
</sourceImageInformation>
<OCRProcessing ID="IdOcr">
<ocrProcessingStep>
<processingDateTime>2019-01-03</processingDateTime>
<processingSoftware>
<softwareCreator>ABBYY</softwareCreator>
<softwareName>ABBYY Recognition Server</softwareName>
<softwareVersion>4.0</softwareVersion>
</processingSoftware>
</ocrProcessingStep>
</OCRProcessing>
</Description>
<Styles>
<ParagraphStyle ID="StyleId-FFFFFFFF-FFFF-FFFF-FFFF-FFFFFFFFFFFF-" ALIGN="Left" LEFT="0." RIGHT="0." FIRSTLINE="0."/>
<ParagraphStyle ID="StyleId-6EF5737A-DCEB-4126-A0CF-C5930BF7166A-" ALIGN="Left" LEFT="0." RIGHT="0." FIRSTLINE="0." LINESPACE="8.300000191"/>
<ParagraphStyle ID="StyleId-2DE44258-FD0B-41E1-B542-087C989B01A3-" ALIGN="Left" LEFT="0." RIGHT="0." FIRSTLINE="0." LINESPACE="12.19999981"/>
<ParagraphStyle ID="StyleId-CE3D254A-29D7-4DD7-B5F1-E0FC0EF29B05-" ALIGN="Left" LEFT="0." RIGHT="0." FIRSTLINE="-14." LINESPACE="8.619999886"/>
<ParagraphStyle ID="StyleId-C0E3A137-CE4F-4287-8A90-B599106709D0-" ALIGN="Left" LEFT="0." RIGHT="0." FIRSTLINE="-14." LINESPACE="12.19999981"/>
<ParagraphStyle ID="StyleId-50F26F0C-05DA-4C19-BA58-7A6AC4499BEE-" ALIGN="Left" LEFT="0." RIGHT="0." FIRSTLINE="-14." LINESPACE="11.06999969"/>
<ParagraphStyle ID="StyleId-5DDE65AF-512C-41E2-9B8E-095D6D99EF68-" ALIGN="Center" LEFT="0." RIGHT="0." FIRSTLINE="0." LINESPACE="11.89999962"/>
<ParagraphStyle ID="StyleId-0A81D7A5-6A62-4C52-915E-7768974C704D-" ALIGN="Left" LEFT="0." RIGHT="0." FIRSTLINE="0." LINESPACE="9.399999619"/>
<ParagraphStyle ID="StyleId-F7A0127F-6B48-4157-BB81-FE33E1E1A05B-" ALIGN="Block" LEFT="0." RIGHT="0." FIRSTLINE="-13." LINESPACE="10.63000011"/>
<ParagraphStyle ID="StyleId-E18C69F7-DBD7-48B1-805C-FCD96D0DA019-" ALIGN="Left" LEFT="0." RIGHT="0." FIRSTLINE="0." LINESPACE="11.64000034"/>
<ParagraphStyle ID="StyleId-98F15501-B611-4E83-8BB3-807E891F11F5-" ALIGN="Left" LEFT="0." RIGHT="0." FIRSTLINE="-14." LINESPACE="12.19999981"/>
<ParagraphStyle ID="StyleId-F4A78626-0BBC-4D12-94D9-A1AE75A9855F-" ALIGN="Left" LEFT="0." RIGHT="0." FIRSTLINE="0." LINESPACE="9.399999619"/>
<ParagraphStyle ID="StyleId-6A3F6F4C-D21B-4ADE-902F-7683F18ECEF3-" ALIGN="Left" LEFT="0." RIGHT="0." FIRSTLINE="0." LINESPACE="11.10000038"/>
</Styles>
<Layout>
<Page ID="Page425" PHYSICAL_IMG_NR="425" HEIGHT="4453" WIDTH="2540">
<TopMargin HEIGHT="428" WIDTH="2540" VPOS="0" HPOS="0">
</TopMargin>
<LeftMargin HEIGHT="3631" WIDTH="162" VPOS="428" HPOS="0">
</LeftMargin>
<RightMargin HEIGHT="3631" WIDTH="354" VPOS="428" HPOS="2186">
</RightMargin>
<BottomMargin HEIGHT="394" WIDTH="2540" VPOS="4059" HPOS="0">
<TextBlock ID="Page425_Block1" HEIGHT="109" WIDTH="377" VPOS="4066" HPOS="1022" LANG="en-US" STYLEREFS="StyleId-023BFC18-A419-4409-99F1-DA2A70FD1A53-">
<TextLine HEIGHT="51" WIDTH="102" VPOS="4075" HPOS="1112">
<String CONTENT="425" HEIGHT="51" WIDTH="102" VPOS="4075" HPOS="1112"/>
</TextLine>
</TextBlock>
</BottomMargin>
<PrintSpace HEIGHT="3631" WIDTH="2024" VPOS="428" HPOS="162">
<TextBlock ID="Page425_Block2" HEIGHT="3631" WIDTH="2024" VPOS="428" HPOS="162" LANG="en-US" CS="1" STYLEREFS="StyleId-326966B2-FD03-4066-B674-D1F4EBD54B53-">
<TextLine HEIGHT="66" WIDTH="624" VPOS="438" HPOS="174" STYLEREFS="StyleId-3528E621-A57E-4B18-922E-0D767F91923B-">
<String CONTENT="Ambriere," HEIGHT="64" WIDTH="329" VPOS="440" HPOS="174"/>
<SP HEIGHT="63" WIDTH="29" VPOS="441" HPOS="504"/>
<String CONTENT="Francis." HEIGHT="55" WIDTH="264" VPOS="438" HPOS="534"/>
</TextLine>
<TextLine HEIGHT="140" WIDTH="1974" VPOS="511" HPOS="176" CS="1">
<String CS="1" CONTENT="&#8230;"/>
<SP HEIGHT="53" WIDTH="34" VPOS="520" HPOS="309"/>
<String CONTENT="La" HEIGHT="52" WIDTH="83" VPOS="520" HPOS="344"/>
<SP HEIGHT="33" WIDTH="28" VPOS="538" HPOS="428"/>
<String CONTENT="vie" HEIGHT="53" WIDTH="90" VPOS="518" HPOS="457"/>
<SP HEIGHT="33" WIDTH="26" VPOS="538" HPOS="548"/>
<String CS="1" CONTENT="secr&#232;te" HEIGHT="48" WIDTH="207" VPOS="522" HPOS="575"/>
<SP HEIGHT="51" WIDTH="28" VPOS="520" HPOS="783"/>
<String LANG="de" CONTENT="des" HEIGHT="51" WIDTH="96" VPOS="520" HPOS="812"/>
<SP HEIGHT="50" WIDTH="28" VPOS="534" HPOS="909"/>
<String CONTENT="grands" HEIGHT="69" WIDTH="213" VPOS="515" HPOS="938"/>
<SP HEIGHT="33" WIDTH="27" VPOS="534" HPOS="1152"/>
<String CONTENT="magasins" HEIGHT="68" WIDTH="288" VPOS="514" HPOS="1180"/>
<SP HEIGHT="34" WIDTH="33" VPOS="533" HPOS="1469"/>
<String CS="1" CONTENT="&#8230;"/>
<SP HEIGHT="33" WIDTH="84" VPOS="546" HPOS="1559"/>
<String CONTENT="[Paris]" HEIGHT="68" WIDTH="201" VPOS="511" HPOS="1644"/>
<SP HEIGHT="67" WIDTH="37" VPOS="512" HPOS="1846"/>
<String CONTENT="E." HEIGHT="52" WIDTH="67" VPOS="512" HPOS="1884"/>
<SP HEIGHT="51" WIDTH="30" VPOS="513" HPOS="1952"/>
<String CONTENT="Flammarion" HEIGHT="139" WIDTH="1974" VPOS="512" HPOS="176"/>
</TextLine>
<TextLine HEIGHT="48" WIDTH="157" VPOS="601" HPOS="452" CS="1">
<String CS="1" CONTENT="["/>
<String STYLE="superscript" CONTENT="c" HEIGHT="21" WIDTH="18" VPOS="603" HPOS="452"/>
<String CS="1" CONTENT="1932]" HEIGHT="48" WIDTH="133" VPOS="601" HPOS="476"/>
</TextLine>
<TextLine HEIGHT="51" WIDTH="722" VPOS="668" HPOS="250" STYLEREFS="StyleId-7A444C83-6CB9-42A3-9F46-CB64A60F9B15-" CS="1">
<String CONTENT="xiii," HEIGHT="46" WIDTH="103" VPOS="671" HPOS="250"/>
<SP HEIGHT="30" WIDTH="32" VPOS="689" HPOS="354"/>
<String CONTENT="[15]-248" HEIGHT="50" WIDTH="204" VPOS="669" HPOS="387"/>
<SP HEIGHT="47" WIDTH="27" VPOS="670" HPOS="592"/>
<String CONTENT="p.," HEIGHT="36" WIDTH="58" VPOS="681" HPOS="620"/>
<SP HEIGHT="47" WIDTH="29" VPOS="669" HPOS="679"/>
<String CONTENT="3" HEIGHT="39" WIDTH="26" VPOS="669" HPOS="709"/>
<SP/>
<String CS="1" CONTENT="l."/>
<SP HEIGHT="40" WIDTH="57" VPOS="668" HPOS="797"/>
<String CONTENT="19" HEIGHT="40" WIDTH="59" VPOS="668" HPOS="855"/>
<String STYLE="superscript" CS="1" CONTENT="cm" HEIGHT="20" WIDTH="15" VPOS="671" HPOS="914"/>
<String CONTENT="." HEIGHT="8" WIDTH="9" VPOS="699" HPOS="963"/>
</TextLine>
<TextLine HEIGHT="51" WIDTH="1186" VPOS="722" HPOS="248" STYLEREFS="StyleId-7A444C83-6CB9-42A3-9F46-CB64A60F9B15-">
<String CONTENT="At" HEIGHT="39" WIDTH="64" VPOS="729" HPOS="248"/>
<SP HEIGHT="39" WIDTH="22" VPOS="729" HPOS="313"/>
<String CONTENT="head" HEIGHT="39" WIDTH="124" VPOS="728" HPOS="336"/>
<SP HEIGHT="39" WIDTH="24" VPOS="728" HPOS="461"/>
<String CONTENT="of" HEIGHT="40" WIDTH="52" VPOS="727" HPOS="486"/>
<SP HEIGHT="39" WIDTH="23" VPOS="727" HPOS="539"/>
<String CONTENT="title:" HEIGHT="40" WIDTH="135" VPOS="726" HPOS="563"/>
<SP HEIGHT="39" WIDTH="26" VPOS="726" HPOS="699"/>
<String CONTENT="Aspects" HEIGHT="47" WIDTH="201" VPOS="726" HPOS="726"/>
<SP HEIGHT="38" WIDTH="25" VPOS="726" HPOS="928"/>
<String LANG="de" CONTENT="du" HEIGHT="38" WIDTH="63" VPOS="726" HPOS="954"/>
<SP HEIGHT="38" WIDTH="24" VPOS="725" HPOS="1018"/>
<String CONTENT="temps" HEIGHT="45" WIDTH="155" VPOS="725" HPOS="1043"/>
<SP HEIGHT="36" WIDTH="26" VPOS="734" HPOS="1199"/>
<String CONTENT="present." HEIGHT="48" WIDTH="208" VPOS="722" HPOS="1226"/>
</TextLine>
<TextLine HEIGHT="52" WIDTH="970" VPOS="780" HPOS="250" STYLEREFS="StyleId-7A444C83-6CB9-42A3-9F46-CB64A60F9B15-">
<String CONTENT="&#8220;Ouvrages" HEIGHT="46" WIDTH="278" VPOS="786" HPOS="250"/>
<SP HEIGHT="28" WIDTH="29" VPOS="795" HPOS="529"/>
<String CONTENT="consultes&#8221;" HEIGHT="41" WIDTH="270" VPOS="782" HPOS="559"/>
<SP HEIGHT="40" WIDTH="18" VPOS="782" HPOS="830"/>
<String CONTENT=":" HEIGHT="29" WIDTH="9" VPOS="793" HPOS="849"/>
<SP HEIGHT="37" WIDTH="34" VPOS="793" HPOS="859"/>
<String CONTENT="p." HEIGHT="37" WIDTH="44" VPOS="793" HPOS="894"/>
<SP HEIGHT="30" WIDTH="32" VPOS="801" HPOS="939"/>
<String CONTENT="[241]-243." HEIGHT="51" WIDTH="248" VPOS="780" HPOS="972"/>
</TextLine>
<TextLine HEIGHT="56" WIDTH="1911" VPOS="849" HPOS="182" STYLEREFS="StyleId-7A444C83-6CB9-42A3-9F46-CB64A60F9B15-" CS="1">
<String CONTENT="&#169;" HEIGHT="52" WIDTH="52" VPOS="853" HPOS="182"/>
<SP HEIGHT="52" WIDTH="25" VPOS="853" HPOS="235"/>
<String CONTENT="Jan." HEIGHT="39" WIDTH="109" VPOS="858" HPOS="261"/>
<SP HEIGHT="40" WIDTH="23" VPOS="857" HPOS="371"/>
<String CONTENT="21," HEIGHT="45" WIDTH="70" VPOS="857" HPOS="395"/>
<SP HEIGHT="44" WIDTH="26" VPOS="858" HPOS="466"/>
<String CONTENT="1932;" HEIGHT="47" WIDTH="139" VPOS="855" HPOS="493"/>
<SP/>
<String CS="1" CONTENT="1c."/>
<SP HEIGHT="41" WIDTH="26" VPOS="855" HPOS="730"/>
<String CONTENT="Feb." HEIGHT="39" WIDTH="110" VPOS="855" HPOS="757"/>
<SP HEIGHT="37" WIDTH="20" VPOS="856" HPOS="874"/>
<String CONTENT="10;" HEIGHT="47" WIDTH="82" VPOS="854" HPOS="895"/>
<SP HEIGHT="46" WIDTH="26" VPOS="855" HPOS="978"/>
<!-- cceid 3E63A2E6-6CF9-1014-A6CF-A82867D68027 --><String CONTENT="A-Foreign" HEIGHT="48" WIDTH="309" VPOS="852" HPOS="1005"/>
<SP HEIGHT="37" WIDTH="26" VPOS="853" HPOS="1315"/>
<String CONTENT="15757;" HEIGHT="47" WIDTH="169" VPOS="851" HPOS="1342"/>
<SP HEIGHT="46" WIDTH="30" VPOS="852" HPOS="1512"/>
<String CONTENT="Ernest" HEIGHT="39" WIDTH="176" VPOS="852" HPOS="1543"/>
<SP HEIGHT="38" WIDTH="28" VPOS="853" HPOS="1720"/>
<String CONTENT="Flammarion." HEIGHT="42" WIDTH="344" VPOS="849" HPOS="1749"/>
</TextLine>
<TextLine HEIGHT="49" WIDTH="248" VPOS="913" HPOS="261" STYLEREFS="StyleId-7A444C83-6CB9-42A3-9F46-CB64A60F9B15-">
<String CONTENT="(33-8975)" HEIGHT="49" WIDTH="248" VPOS="913" HPOS="261"/>
</TextLine>
<TextLine HEIGHT="74" WIDTH="1999" VPOS="1010" HPOS="174">
<String CONTENT="American" HEIGHT="58" WIDTH="317" VPOS="1013" HPOS="174"/>
<SP HEIGHT="53" WIDTH="29" VPOS="1017" HPOS="492"/>
<String CONTENT="law" HEIGHT="52" WIDTH="109" VPOS="1017" HPOS="522"/>
<SP HEIGHT="35" WIDTH="30" VPOS="1034" HPOS="632"/>
<String CONTENT="reports," HEIGHT="66" WIDTH="240" VPOS="1018" HPOS="663"/>
<SP HEIGHT="49" WIDTH="31" VPOS="1033" HPOS="904"/>
<String CONTENT="annotated;" HEIGHT="66" WIDTH="337" VPOS="1014" HPOS="936"/>
<SP HEIGHT="49" WIDTH="33" VPOS="1031" HPOS="1274"/>
<String CONTENT="editors" HEIGHT="54" WIDTH="212" VPOS="1012" HPOS="1308"/>
<SP HEIGHT="55" WIDTH="28" VPOS="1011" HPOS="1521"/>
<String CONTENT="in" HEIGHT="54" WIDTH="60" VPOS="1011" HPOS="1550"/>
<SP HEIGHT="35" WIDTH="29" VPOS="1030" HPOS="1611"/>
<String CONTENT="chief," HEIGHT="70" WIDTH="172" VPOS="1010" HPOS="1641"/>
<SP HEIGHT="68" WIDTH="28" VPOS="1012" HPOS="1814"/>
<String CONTENT="George" HEIGHT="68" WIDTH="221" VPOS="1012" HPOS="1843"/>
<SP HEIGHT="54" WIDTH="28" VPOS="1010" HPOS="2065"/>
<String CONTENT="H." HEIGHT="53" WIDTH="79" VPOS="1010" HPOS="2094"/>
</TextLine>
<TextLine HEIGHT="71" WIDTH="1927" VPOS="1089" HPOS="245">
<String CONTENT="Parmele" HEIGHT="52" WIDTH="261" VPOS="1096" HPOS="245"/>
<SP HEIGHT="34" WIDTH="38" VPOS="1113" HPOS="507"/>
<String CONTENT="and" HEIGHT="51" WIDTH="112" VPOS="1095" HPOS="546"/>
<SP HEIGHT="52" WIDTH="38" VPOS="1095" HPOS="659"/>
<String CONTENT="M." HEIGHT="50" WIDTH="79" VPOS="1097" HPOS="698"/>
<SP HEIGHT="50" WIDTH="41" VPOS="1097" HPOS="778"/>
<String CONTENT="Blair" HEIGHT="53" WIDTH="165" VPOS="1094" HPOS="820"/>
<SP HEIGHT="53" WIDTH="34" VPOS="1096" HPOS="986"/>
<String CONTENT="Wailes;" HEIGHT="65" WIDTH="244" VPOS="1094" HPOS="1021"/>
<SP HEIGHT="48" WIDTH="41" VPOS="1111" HPOS="1266"/>
<String CONTENT="consulting" HEIGHT="70" WIDTH="326" VPOS="1090" HPOS="1308"/>
<SP HEIGHT="51" WIDTH="35" VPOS="1109" HPOS="1635"/>
<String CONTENT="editor," HEIGHT="68" WIDTH="201" VPOS="1090" HPOS="1671"/>
<SP HEIGHT="65" WIDTH="38" VPOS="1093" HPOS="1873"/>
<String CONTENT="William" HEIGHT="57" WIDTH="260" VPOS="1089" HPOS="1912"/>
</TextLine>
<TextLine HEIGHT="73" WIDTH="1905" VPOS="1168" HPOS="243" CS="1">
<String CONTENT="M." HEIGHT="52" WIDTH="79" VPOS="1173" HPOS="243"/>
<SP HEIGHT="51" WIDTH="33" VPOS="1175" HPOS="323"/>
<String CONTENT="McKinney;" HEIGHT="66" WIDTH="357" VPOS="1173" HPOS="357"/>
<SP HEIGHT="48" WIDTH="35" VPOS="1191" HPOS="715"/>
<String CONTENT="managing" HEIGHT="69" WIDTH="312" VPOS="1172" HPOS="751"/>
<SP HEIGHT="50" WIDTH="33" VPOS="1191" HPOS="1064"/>
<String CONTENT="editors," HEIGHT="68" WIDTH="229" VPOS="1171" HPOS="1098"/>
<SP HEIGHT="67" WIDTH="35" VPOS="1172" HPOS="1328"/>
<String CONTENT="Charles" HEIGHT="55" WIDTH="236" VPOS="1171" HPOS="1364"/>
<SP HEIGHT="52" WIDTH="34" VPOS="1172" HPOS="1601"/>
<String CONTENT="Porterfield" HEIGHT="56" WIDTH="340" VPOS="1168" HPOS="1636"/>
<SP HEIGHT="65" WIDTH="39" VPOS="1171" HPOS="1977"/>
<String CS="1" CONTENT="[and]" HEIGHT="51" WIDTH="111" VPOS="1170" HPOS="2037"/>
</TextLine>
<TextLine HEIGHT="135" WIDTH="1901" VPOS="1248" HPOS="245" CS="1">
<String CONTENT="Edwin" HEIGHT="53" WIDTH="212" VPOS="1251" HPOS="246"/>
<SP HEIGHT="55" WIDTH="37" VPOS="1252" HPOS="459"/>
<String CONTENT="Stacey" HEIGHT="68" WIDTH="203" VPOS="1252" HPOS="497"/>
<SP HEIGHT="68" WIDTH="38" VPOS="1252" HPOS="701"/>
<String CONTENT="Oakes," HEIGHT="67" WIDTH="204" VPOS="1251" HPOS="740"/>
<SP HEIGHT="47" WIDTH="35" VPOS="1271" HPOS="945"/>
<String CONTENT="assisted" HEIGHT="53" WIDTH="236" VPOS="1251" HPOS="981"/>
<SP HEIGHT="52" WIDTH="35" VPOS="1251" HPOS="1218"/>
<String CONTENT="by" HEIGHT="68" WIDTH="74" VPOS="1251" HPOS="1254"/>
<SP HEIGHT="64" WIDTH="36" VPOS="1255" HPOS="1329"/>
<String CONTENT="the" HEIGHT="51" WIDTH="98" VPOS="1251" HPOS="1366"/>
<SP HEIGHT="33" WIDTH="32" VPOS="1269" HPOS="1465"/>
<String CONTENT="exceptionally" HEIGHT="69" WIDTH="418" VPOS="1249" HPOS="1498"/>
<SP HEIGHT="50" WIDTH="36" VPOS="1268" HPOS="1917"/>
<String CONTENT="experienced" HEIGHT="135" WIDTH="1901" VPOS="1248" HPOS="245"/>
</TextLine>
<TextLine HEIGHT="71" WIDTH="1695" VPOS="1328" HPOS="476">
<String CONTENT="editorial" HEIGHT="53" WIDTH="266" VPOS="1330" HPOS="476"/>
<SP HEIGHT="50" WIDTH="59" VPOS="1332" HPOS="743"/>
<String CONTENT="organizations" HEIGHT="70" WIDTH="425" VPOS="1329" HPOS="803"/>
<SP HEIGHT="34" WIDTH="59" VPOS="1348" HPOS="1229"/>
<String CONTENT="of" HEIGHT="53" WIDTH="62" VPOS="1329" HPOS="1289"/>
<SP HEIGHT="52" WIDTH="55" VPOS="1329" HPOS="1352"/>
<String CONTENT="the" HEIGHT="52" WIDTH="96" VPOS="1329" HPOS="1408"/>
<SP HEIGHT="43" WIDTH="57" VPOS="1347" HPOS="1505"/>
<String CONTENT="publishers," HEIGHT="62" WIDTH="338" VPOS="1328" HPOS="1563"/>
<SP HEIGHT="32" WIDTH="73" VPOS="1347" HPOS="1902"/>
<String CONTENT="v." HEIGHT="32" WIDTH="52" VPOS="1347" HPOS="1976"/>
<SP HEIGHT="49" WIDTH="60" VPOS="1331" HPOS="2029"/>
<String CONTENT="83." HEIGHT="50" WIDTH="81" VPOS="1330" HPOS="2090"/>
</TextLine>
<TextLine HEIGHT="71" WIDTH="1757" VPOS="1406" HPOS="244" CS="1">
<String CONTENT="Rochester," HEIGHT="68" WIDTH="324" VPOS="1409" HPOS="244"/>
<SP HEIGHT="64" WIDTH="25" VPOS="1413" HPOS="569"/>
<String CONTENT="N." HEIGHT="51" WIDTH="69" VPOS="1413" HPOS="595"/>
<SP HEIGHT="52" WIDTH="28" VPOS="1411" HPOS="665"/>
<String CONTENT="Y.," HEIGHT="66" WIDTH="90" VPOS="1411" HPOS="694"/>
<SP HEIGHT="65" WIDTH="25" VPOS="1412" HPOS="785"/>
<String CONTENT="The" HEIGHT="54" WIDTH="122" VPOS="1409" HPOS="811"/>
<SP HEIGHT="51" WIDTH="23" VPOS="1411" HPOS="934"/>
<String CONTENT="Lawyers" HEIGHT="66" WIDTH="267" VPOS="1411" HPOS="958"/>
<SP HEIGHT="33" WIDTH="26" VPOS="1430" HPOS="1226"/>
<String CONTENT="co-operative" HEIGHT="70" WIDTH="383" VPOS="1406" HPOS="1253"/>
<SP HEIGHT="50" WIDTH="25" VPOS="1426" HPOS="1637"/>
<String CONTENT="publishing" HEIGHT="69" WIDTH="338" VPOS="1407" HPOS="1663"/>
</TextLine>
<TextLine HEIGHT="131" WIDTH="1926" VPOS="1426" HPOS="243" CS="1">
<String CONTENT="company;" HEIGHT="130" WIDTH="1905" VPOS="1426" HPOS="243"/>
<SP HEIGHT="65" WIDTH="28" VPOS="1489" HPOS="427"/>
<String CONTENT="Northport," HEIGHT="68" WIDTH="340" VPOS="1487" HPOS="456"/>
<SP HEIGHT="65" WIDTH="25" VPOS="1490" HPOS="797"/>
<String CONTENT="L." HEIGHT="50" WIDTH="64" VPOS="1490" HPOS="823"/>
<SP HEIGHT="51" WIDTH="26" VPOS="1489" HPOS="888"/>
<String CONTENT="I.," HEIGHT="68" WIDTH="66" VPOS="1489" HPOS="915"/>
<SP HEIGHT="68" WIDTH="26" VPOS="1489" HPOS="982"/>
<String CONTENT="N." HEIGHT="52" WIDTH="69" VPOS="1489" HPOS="1009"/>
<SP HEIGHT="51" WIDTH="26" VPOS="1490" HPOS="1079"/>
<String CONTENT="Y.," HEIGHT="64" WIDTH="90" VPOS="1490" HPOS="1106"/>
<SP HEIGHT="65" WIDTH="26" VPOS="1489" HPOS="1197"/>
<String CONTENT="Edward" HEIGHT="53" WIDTH="254" VPOS="1487" HPOS="1224"/>
<SP HEIGHT="53" WIDTH="25" VPOS="1487" HPOS="1479"/>
<String CONTENT="Thompson" HEIGHT="67" WIDTH="330" VPOS="1487" HPOS="1505"/>
<SP HEIGHT="36" WIDTH="24" VPOS="1504" HPOS="1836"/>
<String CONTENT="company;" HEIGHT="51" WIDTH="308" VPOS="1504" HPOS="1861"/>
</TextLine>
<TextLine HEIGHT="69" WIDTH="1825" VPOS="1565" HPOS="247">
<String CONTENT="San" HEIGHT="55" WIDTH="118" VPOS="1565" HPOS="247"/>
<SP HEIGHT="51" WIDTH="28" VPOS="1568" HPOS="366"/>
<String CONTENT="Francisco," HEIGHT="68" WIDTH="322" VPOS="1566" HPOS="395"/>
<SP HEIGHT="67" WIDTH="31" VPOS="1567" HPOS="718"/>
<String CONTENT="Calif.," HEIGHT="69" WIDTH="196" VPOS="1565" HPOS="750"/>
<SP HEIGHT="65" WIDTH="29" VPOS="1569" HPOS="947"/>
<String CONTENT="Bancroft-Whitney" HEIGHT="67" WIDTH="583" VPOS="1565" HPOS="977"/>
<SP HEIGHT="49" WIDTH="28" VPOS="1583" HPOS="1561"/>
<String CONTENT="company," HEIGHT="50" WIDTH="297" VPOS="1584" HPOS="1590"/>
<SP HEIGHT="65" WIDTH="33" VPOS="1569" HPOS="1888"/>
<String CONTENT="1933." HEIGHT="49" WIDTH="150" VPOS="1569" HPOS="1922"/>
</TextLine>
<TextLine HEIGHT="50" WIDTH="528" VPOS="1640" HPOS="246" CS="1">
<String CONTENT="viii," HEIGHT="49" WIDTH="100" VPOS="1641" HPOS="246"/>
<SP HEIGHT="49" WIDTH="31" VPOS="1641" HPOS="347"/>
<String CONTENT="1613" HEIGHT="40" WIDTH="113" VPOS="1641" HPOS="379"/>
<SP HEIGHT="46" WIDTH="31" VPOS="1642" HPOS="493"/>
<String CONTENT="p." HEIGHT="36" WIDTH="41" VPOS="1652" HPOS="525"/>
<SP HEIGHT="40" WIDTH="59" VPOS="1640" HPOS="567"/>
<String CS="1" CONTENT="25&#189;" HEIGHT="40" WIDTH="59" VPOS="1640" HPOS="627"/>
<String STYLE="superscript" CS="1" CONTENT="cm" HEIGHT="20" WIDTH="15" VPOS="1643" HPOS="716"/>
<String CONTENT="." HEIGHT="8" WIDTH="9" VPOS="1673" HPOS="765"/>
</TextLine>
<TextLine HEIGHT="54" WIDTH="1995" VPOS="1707" HPOS="181" STYLEREFS="StyleId-7A444C83-6CB9-42A3-9F46-CB64A60F9B15-">
<String CONTENT="&#169;" HEIGHT="54" WIDTH="53" VPOS="1707" HPOS="181"/>
<SP HEIGHT="54" WIDTH="25" VPOS="1707" HPOS="235"/>
<String CONTENT="Apr." HEIGHT="48" WIDTH="113" VPOS="1713" HPOS="261"/>
<SP HEIGHT="39" WIDTH="27" VPOS="1713" HPOS="375"/>
<String CONTENT="7," HEIGHT="47" WIDTH="39" VPOS="1713" HPOS="403"/>
<SP HEIGHT="47" WIDTH="26" VPOS="1713" HPOS="443"/>
<String CONTENT="1933;" HEIGHT="48" WIDTH="141" VPOS="1711" HPOS="470"/>
<SP HEIGHT="48" WIDTH="27" VPOS="1711" HPOS="612"/>
<String CONTENT="2c." HEIGHT="40" WIDTH="68" VPOS="1711" HPOS="640"/>
<SP HEIGHT="39" WIDTH="25" VPOS="1712" HPOS="709"/>
<String CONTENT="Apr." HEIGHT="47" WIDTH="115" VPOS="1712" HPOS="735"/>
<SP HEIGHT="41" WIDTH="26" VPOS="1711" HPOS="851"/>
<String CONTENT="8;" HEIGHT="46" WIDTH="52" VPOS="1711" HPOS="878"/>
<SP HEIGHT="36" WIDTH="29" VPOS="1721" HPOS="931"/>
<String CONTENT="aff." HEIGHT="40" WIDTH="82" VPOS="1711" HPOS="961"/>
<SP HEIGHT="40" WIDTH="26" VPOS="1711" HPOS="1044"/>
<String CONTENT="Apr." HEIGHT="48" WIDTH="113" VPOS="1711" HPOS="1071"/>
<SP HEIGHT="40" WIDTH="27" VPOS="1711" HPOS="1185"/>
<String CONTENT="12;" HEIGHT="47" WIDTH="81" VPOS="1710" HPOS="1213"/>
<SP HEIGHT="45" WIDTH="30" VPOS="1712" HPOS="1295"/>
<!-- cceid 3E644793-6CF9-1014-A6CF-A82867D68027 --><String CONTENT="A" HEIGHT="38" WIDTH="40" VPOS="1712" HPOS="1326"/>
<SP HEIGHT="40" WIDTH="26" VPOS="1711" HPOS="1367"/>
<String CONTENT="61349;" HEIGHT="48" WIDTH="170" VPOS="1709" HPOS="1394"/>
<SP HEIGHT="46" WIDTH="30" VPOS="1711" HPOS="1565"/>
<String CONTENT="Lawyers" HEIGHT="48" WIDTH="228" VPOS="1711" HPOS="1596"/>
<SP HEIGHT="29" WIDTH="28" VPOS="1722" HPOS="1825"/>
<String CONTENT="co-operative" HEIGHT="49" WIDTH="322" VPOS="1710" HPOS="1854"/>
</TextLine>
<TextLine HEIGHT="48" WIDTH="1527" VPOS="1769" HPOS="249" STYLEREFS="StyleId-7A444C83-6CB9-42A3-9F46-CB64A60F9B15-">
<String CONTENT="pub." HEIGHT="47" WIDTH="110" VPOS="1770" HPOS="249"/>
<SP HEIGHT="30" WIDTH="25" VPOS="1780" HPOS="360"/>
<String CONTENT="co.," HEIGHT="36" WIDTH="81" VPOS="1780" HPOS="386"/>
<SP HEIGHT="45" WIDTH="27" VPOS="1771" HPOS="468"/>
<String CONTENT="Edward" HEIGHT="39" WIDTH="210" VPOS="1770" HPOS="496"/>
<SP HEIGHT="39" WIDTH="26" VPOS="1770" HPOS="707"/>
<String CONTENT="Thompson" HEIGHT="47" WIDTH="274" VPOS="1769" HPOS="734"/>
<SP HEIGHT="30" WIDTH="25" VPOS="1779" HPOS="1009"/>
<String CONTENT="co." HEIGHT="30" WIDTH="66" VPOS="1779" HPOS="1035"/>
<SP HEIGHT="40" WIDTH="28" VPOS="1769" HPOS="1102"/>
<String CONTENT="&amp;" HEIGHT="40" WIDTH="35" VPOS="1769" HPOS="1131"/>
<SP HEIGHT="40" WIDTH="25" VPOS="1769" HPOS="1167"/>
<String CONTENT="Bancroft-Whitney" HEIGHT="47" WIDTH="487" VPOS="1769" HPOS="1193"/>
<SP HEIGHT="36" WIDTH="27" VPOS="1780" HPOS="1681"/>
<String CONTENT="co." HEIGHT="28" WIDTH="67" VPOS="1781" HPOS="1709"/>
</TextLine>
<TextLine HEIGHT="66" WIDTH="1999" VPOS="1872" HPOS="173" STYLEREFS="StyleId-3528E621-A57E-4B18-922E-0D767F91923B-">
<String CONTENT="American" HEIGHT="55" WIDTH="316" VPOS="1872" HPOS="173"/>
<SP HEIGHT="47" WIDTH="59" VPOS="1890" HPOS="490"/>
<String CONTENT="physical" HEIGHT="66" WIDTH="265" VPOS="1872" HPOS="550"/>
<SP HEIGHT="52" WIDTH="59" VPOS="1874" HPOS="816"/>
<String CONTENT="education" HEIGHT="54" WIDTH="312" VPOS="1873" HPOS="876"/>
<SP HEIGHT="36" WIDTH="58" VPOS="1890" HPOS="1189"/>
<String CONTENT="association." HEIGHT="55" WIDTH="377" VPOS="1872" HPOS="1248"/>
<SP HEIGHT="53" WIDTH="75" VPOS="1874" HPOS="1626"/>
<String CONTENT="Committee" HEIGHT="55" WIDTH="338" VPOS="1872" HPOS="1702"/>
<SP HEIGHT="35" WIDTH="58" VPOS="1892" HPOS="2041"/>
<String CONTENT="on" HEIGHT="34" WIDTH="72" VPOS="1892" HPOS="2100"/>
</TextLine>
<TextLine HEIGHT="67" WIDTH="262" VPOS="1952" HPOS="243" STYLEREFS="StyleId-3528E621-A57E-4B18-922E-0D767F91923B-">
<String CONTENT="dancing." HEIGHT="67" WIDTH="262" VPOS="1952" HPOS="243"/>
</TextLine>
<TextLine HEIGHT="70" WIDTH="1922" VPOS="2026" HPOS="249">
<String CONTENT="Dancing" HEIGHT="69" WIDTH="264" VPOS="2027" HPOS="249"/>
<SP HEIGHT="66" WIDTH="38" VPOS="2030" HPOS="514"/>
<String CONTENT="in" HEIGHT="52" WIDTH="62" VPOS="2030" HPOS="553"/>
<SP HEIGHT="47" WIDTH="40" VPOS="2034" HPOS="616"/>
<String CONTENT="the" HEIGHT="54" WIDTH="94" VPOS="2028" HPOS="657"/>
<SP HEIGHT="36" WIDTH="40" VPOS="2046" HPOS="752"/>
<String CONTENT="elementary" HEIGHT="69" WIDTH="342" VPOS="2027" HPOS="793"/>
<SP HEIGHT="48" WIDTH="42" VPOS="2048" HPOS="1136"/>
<String CONTENT="schools," HEIGHT="67" WIDTH="235" VPOS="2028" HPOS="1179"/>
<SP HEIGHT="67" WIDTH="39" VPOS="2028" HPOS="1415"/>
<String CONTENT="by" HEIGHT="68" WIDTH="73" VPOS="2028" HPOS="1455"/>
<SP HEIGHT="62" WIDTH="44" VPOS="2034" HPOS="1529"/>
<String CONTENT="the" HEIGHT="54" WIDTH="95" VPOS="2028" HPOS="1574"/>
<SP HEIGHT="34" WIDTH="44" VPOS="2046" HPOS="1670"/>
<String CONTENT="committees" HEIGHT="57" WIDTH="345" VPOS="2026" HPOS="1715"/>
<SP HEIGHT="33" WIDTH="41" VPOS="2047" HPOS="2061"/>
<String CONTENT="on" HEIGHT="32" WIDTH="68" VPOS="2047" HPOS="2103"/>
</TextLine>
<TextLine HEIGHT="69" WIDTH="1996" VPOS="2104" HPOS="176">
<String CONTENT="dancing" HEIGHT="69" WIDTH="247" VPOS="2104" HPOS="176"/>
<SP HEIGHT="50" WIDTH="22" VPOS="2123" HPOS="424"/>
<String CONTENT="of" HEIGHT="52" WIDTH="63" VPOS="2105" HPOS="447"/>
<SP HEIGHT="54" WIDTH="23" VPOS="2105" HPOS="511"/>
<String CONTENT="the" HEIGHT="53" WIDTH="96" VPOS="2106" HPOS="535"/>
<SP HEIGHT="53" WIDTH="23" VPOS="2106" HPOS="632"/>
<String CONTENT="American" HEIGHT="53" WIDTH="304" VPOS="2106" HPOS="656"/>
<SP HEIGHT="49" WIDTH="26" VPOS="2124" HPOS="961"/>
<String CONTENT="physical" HEIGHT="69" WIDTH="257" VPOS="2104" HPOS="988"/>
<SP HEIGHT="53" WIDTH="25" VPOS="2105" HPOS="1246"/>
<String CONTENT="education" HEIGHT="55" WIDTH="297" VPOS="2104" HPOS="1272"/>
<SP HEIGHT="35" WIDTH="27" VPOS="2124" HPOS="1570"/>
<String CONTENT="association" HEIGHT="55" WIDTH="332" VPOS="2104" HPOS="1598"/>
<SP HEIGHT="51" WIDTH="29" VPOS="2106" HPOS="1931"/>
<String CONTENT="for" HEIGHT="52" WIDTH="91" VPOS="2106" HPOS="1961"/>
<SP HEIGHT="46" WIDTH="25" VPOS="2113" HPOS="2053"/>
<String CONTENT="the" HEIGHT="53" WIDTH="93" VPOS="2106" HPOS="2079"/>
</TextLine>
<TextLine HEIGHT="69" WIDTH="1998" VPOS="2182" HPOS="176">
<String CONTENT="years" HEIGHT="50" WIDTH="162" VPOS="2200" HPOS="176"/>
<SP HEIGHT="49" WIDTH="32" VPOS="2186" HPOS="339"/>
<String CONTENT="1931" HEIGHT="49" WIDTH="132" VPOS="2186" HPOS="372"/>
<SP HEIGHT="50" WIDTH="32" VPOS="2186" HPOS="505"/>
<String CONTENT="and" HEIGHT="53" WIDTH="112" VPOS="2183" HPOS="538"/>
<SP HEIGHT="52" WIDTH="33" VPOS="2183" HPOS="651"/>
<String CONTENT="1932." HEIGHT="49" WIDTH="150" VPOS="2186" HPOS="685"/>
<SP HEIGHT="53" WIDTH="68" VPOS="2182" HPOS="836"/>
<String CONTENT="New" HEIGHT="55" WIDTH="137" VPOS="2182" HPOS="905"/>
<SP HEIGHT="52" WIDTH="33" VPOS="2183" HPOS="1043"/>
<String CONTENT="York," HEIGHT="69" WIDTH="177" VPOS="2182" HPOS="1077"/>
<SP HEIGHT="68" WIDTH="32" VPOS="2183" HPOS="1255"/>
<String CONTENT="A." HEIGHT="52" WIDTH="69" VPOS="2183" HPOS="1288"/>
<SP HEIGHT="53" WIDTH="33" VPOS="2183" HPOS="1358"/>
<String CONTENT="S." HEIGHT="53" WIDTH="57" VPOS="2183" HPOS="1392"/>
<SP HEIGHT="50" WIDTH="33" VPOS="2184" HPOS="1450"/>
<String CONTENT="Barnes" HEIGHT="53" WIDTH="217" VPOS="2184" HPOS="1484"/>
<SP HEIGHT="34" WIDTH="30" VPOS="2202" HPOS="1702"/>
<String CONTENT="and" HEIGHT="53" WIDTH="110" VPOS="2183" HPOS="1733"/>
<SP HEIGHT="53" WIDTH="34" VPOS="2183" HPOS="1844"/>
<String CONTENT="company," HEIGHT="50" WIDTH="295" VPOS="2201" HPOS="1879"/>
</TextLine>
<TextLine HEIGHT="69" WIDTH="597" VPOS="2258" HPOS="177">
<String CONTENT="incorporated," HEIGHT="69" WIDTH="414" VPOS="2258" HPOS="177"/>
<SP HEIGHT="62" WIDTH="31" VPOS="2264" HPOS="592"/>
<String CONTENT="1933." HEIGHT="48" WIDTH="150" VPOS="2264" HPOS="624"/>
</TextLine>
<TextLine HEIGHT="49" WIDTH="431" VPOS="2331" HPOS="244">
<String CONTENT="xv," HEIGHT="37" WIDTH="78" VPOS="2341" HPOS="244"/>
<SP HEIGHT="47" WIDTH="25" VPOS="2331" HPOS="323"/>
<String CONTENT="134" HEIGHT="41" WIDTH="84" VPOS="2331" HPOS="349"/>
<SP HEIGHT="48" WIDTH="26" VPOS="2332" HPOS="434"/>
<String CONTENT="p." HEIGHT="38" WIDTH="43" VPOS="2342" HPOS="461"/>
<SP HEIGHT="41" WIDTH="53" VPOS="2331" HPOS="505"/>
<String CONTENT="23" HEIGHT="41" WIDTH="55" VPOS="2331" HPOS="559"/>
<String STYLE="superscript" CONTENT="cm" HEIGHT="22" WIDTH="44" VPOS="2334" HPOS="617"/>
<String CONTENT="." HEIGHT="9" WIDTH="8" VPOS="2363" HPOS="667"/>
</TextLine>
<TextLine HEIGHT="51" WIDTH="1924" VPOS="2388" HPOS="246" STYLEREFS="StyleId-7A444C83-6CB9-42A3-9F46-CB64A60F9B15-">
<String CONTENT="Dorothy" HEIGHT="48" WIDTH="219" VPOS="2388" HPOS="246"/>
<SP HEIGHT="47" WIDTH="21" VPOS="2389" HPOS="466"/>
<String CONTENT="La" HEIGHT="40" WIDTH="68" VPOS="2389" HPOS="488"/>
<SP HEIGHT="41" WIDTH="25" VPOS="2388" HPOS="557"/>
<String CONTENT="Salle," HEIGHT="48" WIDTH="142" VPOS="2388" HPOS="583"/>
<SP HEIGHT="36" WIDTH="22" VPOS="2400" HPOS="726"/>
<String CONTENT="chairman," HEIGHT="49" WIDTH="266" VPOS="2389" HPOS="749"/>
<SP HEIGHT="48" WIDTH="24" VPOS="2390" HPOS="1016"/>
<String CONTENT="1931:" HEIGHT="44" WIDTH="141" VPOS="2388" HPOS="1041"/>
<SP HEIGHT="42" WIDTH="24" VPOS="2390" HPOS="1183"/>
<String CONTENT="Mary" HEIGHT="47" WIDTH="139" VPOS="2390" HPOS="1208"/>
<SP HEIGHT="46" WIDTH="23" VPOS="2391" HPOS="1348"/>
<String CONTENT="P." HEIGHT="40" WIDTH="50" VPOS="2391" HPOS="1372"/>
<SP HEIGHT="41" WIDTH="24" VPOS="2390" HPOS="1423"/>
<String CONTENT="O&#8217;Donnell," HEIGHT="48" WIDTH="277" VPOS="2390" HPOS="1448"/>
<SP HEIGHT="35" WIDTH="24" VPOS="2403" HPOS="1726"/>
<String CONTENT="chairman," HEIGHT="48" WIDTH="266" VPOS="2391" HPOS="1751"/>
<SP HEIGHT="48" WIDTH="23" VPOS="2391" HPOS="2018"/>
<String CONTENT="1932." HEIGHT="42" WIDTH="128" VPOS="2391" HPOS="2042"/>
</TextLine>
<TextLine HEIGHT="51" WIDTH="652" VPOS="2444" HPOS="246" STYLEREFS="StyleId-7A444C83-6CB9-42A3-9F46-CB64A60F9B15-">
<String CONTENT="Includes" HEIGHT="41" WIDTH="224" VPOS="2445" HPOS="246"/>
<SP HEIGHT="40" WIDTH="35" VPOS="2446" HPOS="471"/>
<String CONTENT="bibliographies." HEIGHT="51" WIDTH="391" VPOS="2444" HPOS="507"/>
</TextLine>
<TextLine HEIGHT="53" WIDTH="1992" VPOS="2515" HPOS="181" STYLEREFS="StyleId-7A444C83-6CB9-42A3-9F46-CB64A60F9B15-">
<String CONTENT="&#169;" HEIGHT="52" WIDTH="52" VPOS="2515" HPOS="181"/>
<SP HEIGHT="52" WIDTH="24" VPOS="2515" HPOS="234"/>
<String CONTENT="Mar." HEIGHT="39" WIDTH="123" VPOS="2521" HPOS="259"/>
<SP HEIGHT="39" WIDTH="23" VPOS="2521" HPOS="383"/>
<String CONTENT="21," HEIGHT="46" WIDTH="69" VPOS="2521" HPOS="407"/>
<SP HEIGHT="45" WIDTH="25" VPOS="2522" HPOS="477"/>
<String CONTENT="1933;" HEIGHT="48" WIDTH="139" VPOS="2519" HPOS="503"/>
<SP HEIGHT="47" WIDTH="26" VPOS="2520" HPOS="643"/>
<String CONTENT="2c." HEIGHT="41" WIDTH="68" VPOS="2520" HPOS="670"/>
<SP HEIGHT="39" WIDTH="25" VPOS="2522" HPOS="739"/>
<String CONTENT="Mar." HEIGHT="38" WIDTH="122" VPOS="2522" HPOS="765"/>
<SP HEIGHT="40" WIDTH="23" VPOS="2520" HPOS="888"/>
<String CONTENT="25;" HEIGHT="47" WIDTH="82" VPOS="2520" HPOS="912"/>
<SP HEIGHT="36" WIDTH="27" VPOS="2531" HPOS="995"/>
<String CONTENT="aff." HEIGHT="41" WIDTH="83" VPOS="2520" HPOS="1023"/>
<SP HEIGHT="39" WIDTH="26" VPOS="2522" HPOS="1107"/>
<String CONTENT="Mar." HEIGHT="38" WIDTH="121" VPOS="2522" HPOS="1134"/>
<SP HEIGHT="39" WIDTH="23" VPOS="2520" HPOS="1256"/>
<String CONTENT="27;" HEIGHT="47" WIDTH="82" VPOS="2520" HPOS="1280"/>
<SP HEIGHT="46" WIDTH="27" VPOS="2521" HPOS="1363"/>
<!-- cceid 3E64F341-6CF9-1014-A6CF-A82867D68027 --><String CONTENT="A" HEIGHT="39" WIDTH="41" VPOS="2521" HPOS="1391"/>
<SP HEIGHT="39" WIDTH="23" VPOS="2521" HPOS="1433"/>
<String CONTENT="61078;" HEIGHT="47" WIDTH="170" VPOS="2521" HPOS="1457"/>
<SP HEIGHT="46" WIDTH="28" VPOS="2522" HPOS="1628"/>
<String CONTENT="A." HEIGHT="39" WIDTH="53" VPOS="2522" HPOS="1657"/>
<SP HEIGHT="41" WIDTH="29" VPOS="2521" HPOS="1711"/>
<String CONTENT="S." HEIGHT="41" WIDTH="45" VPOS="2521" HPOS="1741"/>
<SP HEIGHT="38" WIDTH="26" VPOS="2523" HPOS="1787"/>
<String CONTENT="Barnes" HEIGHT="39" WIDTH="186" VPOS="2523" HPOS="1814"/>
<SP HEIGHT="40" WIDTH="26" VPOS="2526" HPOS="2001"/>
<String CONTENT="&amp;" HEIGHT="40" WIDTH="37" VPOS="2526" HPOS="2028"/>
<SP HEIGHT="40" WIDTH="24" VPOS="2526" HPOS="2066"/>
<String CONTENT="co.," HEIGHT="36" WIDTH="82" VPOS="2531" HPOS="2091"/>
</TextLine>
<TextLine HEIGHT="50" WIDTH="409" VPOS="2576" HPOS="249" STYLEREFS="StyleId-7A444C83-6CB9-42A3-9F46-CB64A60F9B15-">
<String CONTENT="inc." HEIGHT="42" WIDTH="89" VPOS="2576" HPOS="249"/>
<SP HEIGHT="48" WIDTH="69" VPOS="2578" HPOS="339"/>
<String CONTENT="(33-8119)" HEIGHT="49" WIDTH="249" VPOS="2577" HPOS="409"/>
</TextLine>
<TextLine HEIGHT="71" WIDTH="1867" VPOS="2679" HPOS="172" STYLEREFS="StyleId-3528E621-A57E-4B18-922E-0D767F91923B-">
<String CONTENT="American" HEIGHT="55" WIDTH="316" VPOS="2679" HPOS="172"/>
<SP HEIGHT="47" WIDTH="28" VPOS="2698" HPOS="489"/>
<String CONTENT="public" HEIGHT="64" WIDTH="192" VPOS="2681" HPOS="518"/>
<SP HEIGHT="53" WIDTH="27" VPOS="2682" HPOS="711"/>
<String CONTENT="health" HEIGHT="53" WIDTH="204" VPOS="2681" HPOS="739"/>
<SP HEIGHT="53" WIDTH="28" VPOS="2682" HPOS="944"/>
<String CONTENT="association." HEIGHT="55" WIDTH="377" VPOS="2680" HPOS="973"/>
<SP HEIGHT="52" WIDTH="71" VPOS="2682" HPOS="1351"/>
<String CONTENT="Laboratory" HEIGHT="68" WIDTH="359" VPOS="2682" HPOS="1423"/>
<SP HEIGHT="51" WIDTH="26" VPOS="2699" HPOS="1783"/>
<String CONTENT="section." HEIGHT="54" WIDTH="229" VPOS="2683" HPOS="1810"/>
</TextLine>
<TextLine HEIGHT="146" WIDTH="1967" VPOS="2756" HPOS="177" CS="1">
<String CONTENT="Standard" HEIGHT="55" WIDTH="291" VPOS="2756" HPOS="247"/>
<SP HEIGHT="51" WIDTH="38" VPOS="2758" HPOS="539"/>
<String CONTENT="methods" HEIGHT="55" WIDTH="257" VPOS="2757" HPOS="578"/>
<SP HEIGHT="54" WIDTH="40" VPOS="2758" HPOS="836"/>
<String CONTENT="for" HEIGHT="52" WIDTH="94" VPOS="2758" HPOS="877"/>
<SP HEIGHT="46" WIDTH="36" VPOS="2766" HPOS="972"/>
<String CONTENT="the" HEIGHT="54" WIDTH="95" VPOS="2758" HPOS="1009"/>
<SP HEIGHT="38" WIDTH="38" VPOS="2776" HPOS="1105"/>
<String CONTENT="examination" HEIGHT="57" WIDTH="382" VPOS="2757" HPOS="1144"/>
<SP HEIGHT="33" WIDTH="39" VPOS="2778" HPOS="1527"/>
<String CONTENT="of" HEIGHT="53" WIDTH="63" VPOS="2758" HPOS="1567"/>
<SP HEIGHT="53" WIDTH="37" VPOS="2758" HPOS="1631"/>
<String CONTENT="water" HEIGHT="49" WIDTH="176" VPOS="2765" HPOS="1669"/>
<SP HEIGHT="36" WIDTH="39" VPOS="2778" HPOS="1846"/>
<String CONTENT="and" HEIGHT="53" WIDTH="113" VPOS="2760" HPOS="1886"/>
<SP HEIGHT="53" WIDTH="37" VPOS="2760" HPOS="2000"/>
<String CONTENT="sewage." HEIGHT="125" WIDTH="1967" VPOS="2777" HPOS="177"/>
</TextLine>
<TextLine HEIGHT="71" WIDTH="1761" VPOS="2833" HPOS="371" CS="1">
<String CONTENT="7th" HEIGHT="55" WIDTH="98" VPOS="2833" HPOS="371"/>
<SP HEIGHT="51" WIDTH="38" VPOS="2835" HPOS="470"/>
<String CONTENT="ed." HEIGHT="57" WIDTH="85" VPOS="2835" HPOS="509"/>
<SP HEIGHT="57" WIDTH="75" VPOS="2835" HPOS="595"/>
<String CONTENT="Prepared," HEIGHT="69" WIDTH="308" VPOS="2835" HPOS="671"/>
<SP HEIGHT="49" WIDTH="40" VPOS="2855" HPOS="980"/>
<String CONTENT="approved" HEIGHT="67" WIDTH="290" VPOS="2836" HPOS="1021"/>
<SP HEIGHT="52" WIDTH="39" VPOS="2836" HPOS="1312"/>
<String CONTENT="and" HEIGHT="52" WIDTH="112" VPOS="2837" HPOS="1352"/>
<SP HEIGHT="67" WIDTH="41" VPOS="2837" HPOS="1465"/>
<String CONTENT="published" HEIGHT="68" WIDTH="301" VPOS="2836" HPOS="1507"/>
<SP HEIGHT="69" WIDTH="38" VPOS="2835" HPOS="1809"/>
<String CONTENT="jointly" HEIGHT="69" WIDTH="208" VPOS="2835" HPOS="1848"/>
<SP HEIGHT="68" WIDTH="38" VPOS="2836" HPOS="2057"/>
<String CS="1" CONTENT="by" HEIGHT="52" WIDTH="36" VPOS="2836" HPOS="2096"/>
</TextLine>
<TextLine HEIGHT="71" WIDTH="1993" VPOS="2910" HPOS="177">
<String CONTENT="the" HEIGHT="54" WIDTH="94" VPOS="2911" HPOS="177"/>
<SP HEIGHT="54" WIDTH="48" VPOS="2911" HPOS="272"/>
<String CONTENT="American" HEIGHT="56" WIDTH="306" VPOS="2910" HPOS="321"/>
<SP HEIGHT="49" WIDTH="48" VPOS="2932" HPOS="628"/>
<String CONTENT="public" HEIGHT="70" WIDTH="193" VPOS="2911" HPOS="677"/>
<SP HEIGHT="52" WIDTH="47" VPOS="2913" HPOS="871"/>
<String CONTENT="health" HEIGHT="54" WIDTH="195" VPOS="2912" HPOS="919"/>
<SP HEIGHT="53" WIDTH="51" VPOS="2913" HPOS="1115"/>
<String CONTENT="association" HEIGHT="54" WIDTH="333" VPOS="2912" HPOS="1167"/>
<SP HEIGHT="34" WIDTH="53" VPOS="2932" HPOS="1501"/>
<String CONTENT="and" HEIGHT="51" WIDTH="112" VPOS="2915" HPOS="1555"/>
<SP HEIGHT="51" WIDTH="49" VPOS="2915" HPOS="1668"/>
<String CONTENT="the" HEIGHT="51" WIDTH="96" VPOS="2915" HPOS="1718"/>
<SP HEIGHT="51" WIDTH="51" VPOS="2915" HPOS="1815"/>
<String CONTENT="American" HEIGHT="53" WIDTH="303" VPOS="2915" HPOS="1867"/>
</TextLine>
<TextLine HEIGHT="71" WIDTH="1997" VPOS="2989" HPOS="176">
<String CONTENT="water" HEIGHT="49" WIDTH="174" VPOS="2993" HPOS="176"/>
<SP HEIGHT="33" WIDTH="31" VPOS="3007" HPOS="351"/>
<String CONTENT="works" HEIGHT="53" WIDTH="184" VPOS="2989" HPOS="383"/>
<SP HEIGHT="34" WIDTH="30" VPOS="3008" HPOS="568"/>
<String CONTENT="association." HEIGHT="55" WIDTH="351" VPOS="2989" HPOS="599"/>
<SP HEIGHT="52" WIDTH="70" VPOS="2990" HPOS="951"/>
<String CONTENT="New" HEIGHT="53" WIDTH="137" VPOS="2990" HPOS="1022"/>
<SP HEIGHT="53" WIDTH="37" VPOS="2990" HPOS="1160"/>
<String CONTENT="York," HEIGHT="69" WIDTH="177" VPOS="2989" HPOS="1198"/>
<SP HEIGHT="68" WIDTH="32" VPOS="2990" HPOS="1376"/>
<String CONTENT="N." HEIGHT="53" WIDTH="69" VPOS="2990" HPOS="1409"/>
<SP HEIGHT="52" WIDTH="37" VPOS="2991" HPOS="1479"/>
<String CONTENT="Y.," HEIGHT="67" WIDTH="89" VPOS="2991" HPOS="1517"/>
<SP HEIGHT="67" WIDTH="33" VPOS="2991" HPOS="1607"/>
<String CONTENT="American" HEIGHT="53" WIDTH="304" VPOS="2991" HPOS="1641"/>
<SP HEIGHT="50" WIDTH="35" VPOS="3010" HPOS="1946"/>
<String CONTENT="public" HEIGHT="69" WIDTH="191" VPOS="2991" HPOS="1982"/>
</TextLine>
<TextLine HEIGHT="69" WIDTH="767" VPOS="3065" HPOS="176">
<String CONTENT="health" HEIGHT="54" WIDTH="193" VPOS="3065" HPOS="176"/>
<SP HEIGHT="54" WIDTH="34" VPOS="3066" HPOS="370"/>
<String CONTENT="association," HEIGHT="69" WIDTH="351" VPOS="3065" HPOS="405"/>
<SP HEIGHT="63" WIDTH="36" VPOS="3071" HPOS="757"/>
<String CONTENT="1933." HEIGHT="51" WIDTH="149" VPOS="3070" HPOS="794"/>
</TextLine>
<TextLine HEIGHT="51" WIDTH="677" VPOS="3136" HPOS="243" CS="1">
<String CONTENT="xxi," HEIGHT="48" WIDTH="99" VPOS="3136" HPOS="243"/>
<SP HEIGHT="47" WIDTH="30" VPOS="3137" HPOS="343"/>
<String CONTENT="180" HEIGHT="42" WIDTH="84" VPOS="3137" HPOS="374"/>
<SP HEIGHT="49" WIDTH="29" VPOS="3137" HPOS="459"/>
<String CONTENT="p." HEIGHT="37" WIDTH="43" VPOS="3149" HPOS="489"/>
<SP HEIGHT="39" WIDTH="58" VPOS="3140" HPOS="533"/>
<String CONTENT="diagr." HEIGHT="50" WIDTH="154" VPOS="3137" HPOS="592"/>
<SP HEIGHT="42" WIDTH="55" VPOS="3139" HPOS="747"/>
<String CONTENT="24" HEIGHT="40" WIDTH="55" VPOS="3139" HPOS="803"/>
<String STYLE="superscript" CS="1" CONTENT="cm" HEIGHT="20" WIDTH="15" VPOS="3143" HPOS="862"/>
<String CONTENT="." HEIGHT="9" WIDTH="9" VPOS="3172" HPOS="911"/>
</TextLine>
<TextLine HEIGHT="50" WIDTH="1925" VPOS="3195" HPOS="246" STYLEREFS="StyleId-7A444C83-6CB9-42A3-9F46-CB64A60F9B15-">
<String CONTENT="This" HEIGHT="40" WIDTH="118" VPOS="3195" HPOS="246"/>
<SP HEIGHT="28" WIDTH="22" VPOS="3207" HPOS="365"/>
<String CONTENT="seventh" HEIGHT="39" WIDTH="201" VPOS="3196" HPOS="388"/>
<SP HEIGHT="39" WIDTH="22" VPOS="3196" HPOS="590"/>
<String CONTENT="edition" HEIGHT="40" WIDTH="184" VPOS="3196" HPOS="613"/>
<SP HEIGHT="40" WIDTH="23" VPOS="3196" HPOS="798"/>
<String CONTENT="is" HEIGHT="41" WIDTH="41" VPOS="3196" HPOS="822"/>
<SP HEIGHT="38" WIDTH="24" VPOS="3207" HPOS="864"/>
<String CONTENT="published" HEIGHT="49" WIDTH="254" VPOS="3196" HPOS="889"/>
<SP HEIGHT="40" WIDTH="22" VPOS="3198" HPOS="1144"/>
<String CONTENT="in" HEIGHT="39" WIDTH="49" VPOS="3198" HPOS="1167"/>
<SP HEIGHT="28" WIDTH="24" VPOS="3209" HPOS="1217"/>
<String CONTENT="collaboration" HEIGHT="41" WIDTH="350" VPOS="3198" HPOS="1242"/>
<SP HEIGHT="28" WIDTH="25" VPOS="3211" HPOS="1593"/>
<String CONTENT="with" HEIGHT="41" WIDTH="117" VPOS="3199" HPOS="1619"/>
<SP HEIGHT="39" WIDTH="26" VPOS="3202" HPOS="1737"/>
<String CONTENT="a" HEIGHT="28" WIDTH="25" VPOS="3213" HPOS="1764"/>
<SP HEIGHT="29" WIDTH="29" VPOS="3212" HPOS="1790"/>
<String CONTENT="committee" HEIGHT="41" WIDTH="272" VPOS="3200" HPOS="1820"/>
<SP HEIGHT="30" WIDTH="25" VPOS="3210" HPOS="2093"/>
<String CONTENT="of" HEIGHT="38" WIDTH="52" VPOS="3202" HPOS="2119"/>
</TextLine>
<TextLine HEIGHT="55" WIDTH="1993" VPOS="3251" HPOS="176" STYLEREFS="StyleId-7A444C83-6CB9-42A3-9F46-CB64A60F9B15-">
<String CONTENT="the" HEIGHT="40" WIDTH="80" VPOS="3251" HPOS="176"/>
<SP HEIGHT="39" WIDTH="31" VPOS="3252" HPOS="257"/>
<String CONTENT="American" HEIGHT="41" WIDTH="257" VPOS="3251" HPOS="289"/>
<SP HEIGHT="29" WIDTH="32" VPOS="3263" HPOS="547"/>
<String CONTENT="chemical" HEIGHT="41" WIDTH="233" VPOS="3252" HPOS="580"/>
<SP HEIGHT="39" WIDTH="31" VPOS="3254" HPOS="814"/>
<String CONTENT="society" HEIGHT="49" WIDTH="182" VPOS="3252" HPOS="846"/>
<SP HEIGHT="37" WIDTH="31" VPOS="3264" HPOS="1029"/>
<String CONTENT="and" HEIGHT="39" WIDTH="96" VPOS="3255" HPOS="1061"/>
<SP HEIGHT="39" WIDTH="32" VPOS="3255" HPOS="1158"/>
<String CONTENT="with" HEIGHT="41" WIDTH="120" VPOS="3253" HPOS="1191"/>
<SP HEIGHT="40" WIDTH="32" VPOS="3255" HPOS="1312"/>
<String CONTENT="the" HEIGHT="39" WIDTH="81" VPOS="3256" HPOS="1345"/>
<SP HEIGHT="28" WIDTH="33" VPOS="3267" HPOS="1427"/>
<String CONTENT="addition" HEIGHT="41" WIDTH="220" VPOS="3255" HPOS="1461"/>
<SP HEIGHT="28" WIDTH="32" VPOS="3269" HPOS="1682"/>
<String CONTENT="of" HEIGHT="41" WIDTH="52" VPOS="3256" HPOS="1715"/>
<SP HEIGHT="41" WIDTH="28" VPOS="3256" HPOS="1768"/>
<String CONTENT="material" HEIGHT="41" WIDTH="226" VPOS="3257" HPOS="1797"/>
<SP HEIGHT="38" WIDTH="34" VPOS="3259" HPOS="2024"/>
<String CONTENT="help" HEIGHT="47" WIDTH="110" VPOS="3259" HPOS="2059"/>
</TextLine>
<TextLine HEIGHT="52" WIDTH="1621" VPOS="3307" HPOS="174" STYLEREFS="StyleId-7A444C83-6CB9-42A3-9F46-CB64A60F9B15-">
<String CONTENT="from" HEIGHT="41" WIDTH="127" VPOS="3307" HPOS="174"/>
<SP HEIGHT="38" WIDTH="22" VPOS="3310" HPOS="302"/>
<String CONTENT="the" HEIGHT="39" WIDTH="81" VPOS="3309" HPOS="325"/>
<SP HEIGHT="41" WIDTH="24" VPOS="3308" HPOS="407"/>
<String CONTENT="Chemical" HEIGHT="41" WIDTH="244" VPOS="3308" HPOS="432"/>
<SP HEIGHT="40" WIDTH="24" VPOS="3309" HPOS="677"/>
<String CONTENT="foundation," HEIGHT="41" WIDTH="306" VPOS="3309" HPOS="702"/>
<SP HEIGHT="30" WIDTH="50" VPOS="3323" HPOS="1009"/>
<String CONTENT="cf." HEIGHT="47" WIDTH="62" VPOS="3312" HPOS="1060"/>
<SP HEIGHT="41" WIDTH="26" VPOS="3311" HPOS="1123"/>
<String CONTENT="Pref." HEIGHT="40" WIDTH="129" VPOS="3310" HPOS="1150"/>
<SP HEIGHT="36" WIDTH="26" VPOS="3315" HPOS="1280"/>
<String CONTENT="to" HEIGHT="36" WIDTH="47" VPOS="3315" HPOS="1307"/>
<SP HEIGHT="36" WIDTH="25" VPOS="3315" HPOS="1355"/>
<String CONTENT="the" HEIGHT="40" WIDTH="81" VPOS="3312" HPOS="1381"/>
<SP HEIGHT="39" WIDTH="25" VPOS="3313" HPOS="1463"/>
<String CONTENT="7th" HEIGHT="39" WIDTH="80" VPOS="3313" HPOS="1489"/>
<SP HEIGHT="39" WIDTH="26" VPOS="3313" HPOS="1570"/>
<String CONTENT="edition." HEIGHT="41" WIDTH="198" VPOS="3313" HPOS="1597"/>
</TextLine>
<TextLine HEIGHT="49" WIDTH="656" VPOS="3364" HPOS="245" STYLEREFS="StyleId-7A444C83-6CB9-42A3-9F46-CB64A60F9B15-">
<String CONTENT="Contains" HEIGHT="41" WIDTH="232" VPOS="3364" HPOS="245"/>
<SP HEIGHT="39" WIDTH="31" VPOS="3366" HPOS="478"/>
<String CONTENT="bibliographies." HEIGHT="49" WIDTH="391" VPOS="3364" HPOS="510"/>
</TextLine>
<TextLine HEIGHT="56" WIDTH="1992" VPOS="3426" HPOS="180" STYLEREFS="StyleId-7A444C83-6CB9-42A3-9F46-CB64A60F9B15-">
<String CONTENT="&#169;" HEIGHT="52" WIDTH="52" VPOS="3426" HPOS="180"/>
<SP HEIGHT="52" WIDTH="34" VPOS="3426" HPOS="233"/>
<String CONTENT="Mar." HEIGHT="39" WIDTH="121" VPOS="3432" HPOS="268"/>
<SP HEIGHT="38" WIDTH="33" VPOS="3433" HPOS="390"/>
<String CONTENT="15," HEIGHT="42" WIDTH="68" VPOS="3432" HPOS="424"/>
<SP HEIGHT="42" WIDTH="34" VPOS="3432" HPOS="493"/>
<String CONTENT="1933;" HEIGHT="46" WIDTH="140" VPOS="3430" HPOS="528"/>
<SP HEIGHT="45" WIDTH="34" VPOS="3431" HPOS="669"/>
<String CONTENT="2c." HEIGHT="40" WIDTH="65" VPOS="3431" HPOS="704"/>
<SP HEIGHT="29" WIDTH="36" VPOS="3441" HPOS="770"/>
<String CONTENT="and" HEIGHT="38" WIDTH="97" VPOS="3433" HPOS="807"/>
<SP HEIGHT="38" WIDTH="31" VPOS="3433" HPOS="905"/>
<String CONTENT="aff." HEIGHT="41" WIDTH="82" VPOS="3431" HPOS="937"/>
<SP HEIGHT="40" WIDTH="34" VPOS="3432" HPOS="1020"/>
<String CONTENT="Mar." HEIGHT="41" WIDTH="121" VPOS="3432" HPOS="1055"/>
<SP HEIGHT="41" WIDTH="33" VPOS="3432" HPOS="1177"/>
<String CONTENT="27;" HEIGHT="46" WIDTH="81" VPOS="3432" HPOS="1211"/>
<SP HEIGHT="46" WIDTH="37" VPOS="3432" HPOS="1293"/>
<!-- cceid 3E6599CE-6CF9-1014-A6CF-A82867D68027 --><String CONTENT="A" HEIGHT="39" WIDTH="41" VPOS="3432" HPOS="1331"/>
<SP HEIGHT="40" WIDTH="31" VPOS="3432" HPOS="1373"/>
<String CONTENT="61115;" HEIGHT="48" WIDTH="170" VPOS="3432" HPOS="1405"/>
<SP HEIGHT="46" WIDTH="36" VPOS="3434" HPOS="1576"/>
<String CONTENT="Amer." HEIGHT="39" WIDTH="157" VPOS="3434" HPOS="1613"/>
<SP HEIGHT="36" WIDTH="36" VPOS="3446" HPOS="1771"/>
<String CONTENT="public" HEIGHT="48" WIDTH="162" VPOS="3434" HPOS="1808"/>
<SP HEIGHT="40" WIDTH="32" VPOS="3436" HPOS="1971"/>
<String CONTENT="health" HEIGHT="40" WIDTH="168" VPOS="3436" HPOS="2004"/>
</TextLine>
<TextLine HEIGHT="51" WIDTH="1492" VPOS="3488" HPOS="377" STYLEREFS="StyleId-7A444C83-6CB9-42A3-9F46-CB64A60F9B15-" CS="1">
<String CS="1" CONTENT="assn."/>
<SP HEIGHT="29" WIDTH="27" VPOS="3499" HPOS="377"/>
<String CONTENT="and" HEIGHT="38" WIDTH="95" VPOS="3490" HPOS="405"/>
<SP HEIGHT="40" WIDTH="26" VPOS="3488" HPOS="501"/>
<String CONTENT="Amer." HEIGHT="41" WIDTH="158" VPOS="3488" HPOS="528"/>
<SP HEIGHT="29" WIDTH="29" VPOS="3500" HPOS="687"/>
<String CONTENT="water" HEIGHT="36" WIDTH="152" VPOS="3492" HPOS="717"/>
<SP HEIGHT="28" WIDTH="27" VPOS="3499" HPOS="870"/>
<String CONTENT="works" HEIGHT="40" WIDTH="159" VPOS="3490" HPOS="898"/>
<SP HEIGHT="30" WIDTH="28" VPOS="3500" HPOS="1058"/>
<String CS="1" CONTENT="assn."/>
<SP HEIGHT="46" WIDTH="28" VPOS="3490" HPOS="1230"/>
<String CONTENT="New" HEIGHT="38" WIDTH="117" VPOS="3490" HPOS="1259"/>
<SP HEIGHT="39" WIDTH="27" VPOS="3490" HPOS="1377"/>
<String CONTENT="York.." HEIGHT="40" WIDTH="147" VPOS="3490" HPOS="1405"/>
<SP HEIGHT="47" WIDTH="65" VPOS="3491" HPOS="1553"/>
<String CONTENT="(33-8121)" HEIGHT="48" WIDTH="250" VPOS="3491" HPOS="1619"/>
</TextLine>
<TextLine HEIGHT="69" WIDTH="788" VPOS="3588" HPOS="173" STYLEREFS="StyleId-3528E621-A57E-4B18-922E-0D767F91923B-">
<String CONTENT="Appleton," HEIGHT="67" WIDTH="311" VPOS="3588" HPOS="173"/>
<SP HEIGHT="64" WIDTH="29" VPOS="3591" HPOS="485"/>
<String CONTENT="Victor," HEIGHT="66" WIDTH="222" VPOS="3589" HPOS="515"/>
<SP HEIGHT="48" WIDTH="26" VPOS="3609" HPOS="738"/>
<String CONTENT="pseud." HEIGHT="66" WIDTH="196" VPOS="3591" HPOS="765"/>
</TextLine>
<TextLine HEIGHT="77" WIDTH="1925" VPOS="3664" HPOS="245">
<String CONTENT="Don" HEIGHT="52" WIDTH="130" VPOS="3666" HPOS="245"/>
<SP HEIGHT="57" WIDTH="40" VPOS="3664" HPOS="376"/>
<String CONTENT="Sturdy" HEIGHT="71" WIDTH="220" VPOS="3664" HPOS="417"/>
<SP HEIGHT="67" WIDTH="37" VPOS="3668" HPOS="638"/>
<String CONTENT="lost" HEIGHT="51" WIDTH="110" VPOS="3668" HPOS="676"/>
<SP HEIGHT="52" WIDTH="40" VPOS="3667" HPOS="787"/>
<String CONTENT="in" HEIGHT="52" WIDTH="59" VPOS="3667" HPOS="828"/>
<SP HEIGHT="55" WIDTH="41" VPOS="3666" HPOS="888"/>
<String CONTENT="Glacier" HEIGHT="55" WIDTH="228" VPOS="3666" HPOS="930"/>
<SP HEIGHT="54" WIDTH="39" VPOS="3666" HPOS="1159"/>
<String CONTENT="bay;" HEIGHT="71" WIDTH="140" VPOS="3666" HPOS="1199"/>
<SP HEIGHT="48" WIDTH="44" VPOS="3686" HPOS="1340"/>
<String CONTENT="or," HEIGHT="49" WIDTH="81" VPOS="3686" HPOS="1385"/>
<SP HEIGHT="65" WIDTH="40" VPOS="3670" HPOS="1467"/>
<String CONTENT="The" HEIGHT="55" WIDTH="123" VPOS="3668" HPOS="1508"/>
<SP HEIGHT="35" WIDTH="40" VPOS="3688" HPOS="1632"/>
<String CONTENT="mystery" HEIGHT="67" WIDTH="254" VPOS="3674" HPOS="1673"/>
<SP HEIGHT="51" WIDTH="39" VPOS="3690" HPOS="1928"/>
<String CONTENT="of" HEIGHT="52" WIDTH="66" VPOS="3673" HPOS="1968"/>
<SP HEIGHT="53" WIDTH="40" VPOS="3673" HPOS="2035"/>
<String CONTENT="the" HEIGHT="54" WIDTH="94" VPOS="3674" HPOS="2076"/>
</TextLine>
<TextLine HEIGHT="77" WIDTH="1998" VPOS="3743" HPOS="175" CS="1">
<String CONTENT="moving" HEIGHT="68" WIDTH="234" VPOS="3743" HPOS="175"/>
<SP HEIGHT="62" WIDTH="24" VPOS="3749" HPOS="410"/>
<String CONTENT="totem" HEIGHT="47" WIDTH="171" VPOS="3749" HPOS="435"/>
<SP HEIGHT="49" WIDTH="31" VPOS="3762" HPOS="607"/>
<String CONTENT="poles," HEIGHT="67" WIDTH="173" VPOS="3744" HPOS="639"/>
<SP HEIGHT="64" WIDTH="27" VPOS="3744" HPOS="813"/>
<String CONTENT="by" HEIGHT="68" WIDTH="74" VPOS="3744" HPOS="841"/>
<SP HEIGHT="68" WIDTH="26" VPOS="3744" HPOS="916"/>
<String CONTENT="Victor" HEIGHT="54" WIDTH="203" VPOS="3743" HPOS="943"/>
<SP HEIGHT="53" WIDTH="24" VPOS="3743" HPOS="1147"/>
<String CONTENT="Appleton" HEIGHT="70" WIDTH="295" VPOS="3743" HPOS="1172"/>
<SP HEIGHT="35" WIDTH="34" VPOS="3764" HPOS="1468"/>
<String CS="1" CONTENT="&#8230;"/>
<SP HEIGHT="53" WIDTH="32" VPOS="3747" HPOS="1561"/>
<String CONTENT="illustrated" HEIGHT="56" WIDTH="325" VPOS="3747" HPOS="1594"/>
<SP HEIGHT="54" WIDTH="26" VPOS="3749" HPOS="1920"/>
<String CONTENT="by" HEIGHT="70" WIDTH="77" VPOS="3750" HPOS="1947"/>
<SP HEIGHT="69" WIDTH="27" VPOS="3751" HPOS="2025"/>
<String CONTENT="Nat" HEIGHT="54" WIDTH="120" VPOS="3751" HPOS="2053"/>
</TextLine>
<TextLine HEIGHT="72" WIDTH="1374" VPOS="3820" HPOS="175" CS="1">
<String CONTENT="Falk." HEIGHT="55" WIDTH="164" VPOS="3820" HPOS="175"/>
<SP HEIGHT="54" WIDTH="61" VPOS="3821" HPOS="340"/>
<String CONTENT="New" HEIGHT="54" WIDTH="138" VPOS="3821" HPOS="402"/>
<SP HEIGHT="53" WIDTH="26" VPOS="3822" HPOS="541"/>
<String CONTENT="York," HEIGHT="61" WIDTH="179" VPOS="3821" HPOS="568"/>
<SP HEIGHT="62" WIDTH="26" VPOS="3820" HPOS="748"/>
<String CONTENT="Grosset" HEIGHT="56" WIDTH="232" VPOS="3820" HPOS="775"/>
<SP HEIGHT="53" WIDTH="26" VPOS="3822" HPOS="1008"/>
<String CONTENT="&amp;" HEIGHT="53" WIDTH="46" VPOS="3822" HPOS="1035"/>
<SP HEIGHT="54" WIDTH="22" VPOS="3821" HPOS="1082"/>
<String CONTENT="Dunlap" HEIGHT="71" WIDTH="238" VPOS="3821" HPOS="1105"/>
<SP HEIGHT="51" WIDTH="30" VPOS="3841" HPOS="1344"/>
<String CS="1" CONTENT="["/>
<String STYLE="superscript" CONTENT="c" HEIGHT="22" WIDTH="19" VPOS="3829" HPOS="1392"/>
<String CS="1" CONTENT="1933]" HEIGHT="52" WIDTH="133" VPOS="3826" HPOS="1416"/>
</TextLine>
<TextLine HEIGHT="55" WIDTH="1498" VPOS="3893" HPOS="247" CS="1">
<String CONTENT="2" HEIGHT="40" WIDTH="27" VPOS="3894" HPOS="247"/>
<SP HEIGHT="49" WIDTH="28" VPOS="3894" HPOS="275"/>
<String CONTENT="p." HEIGHT="38" WIDTH="42" VPOS="3905" HPOS="304"/>
<SP/>
<String CS="1" CONTENT="l.," HEIGHT="14" WIDTH="8" VPOS="3925" HPOS="412"/>
<SP HEIGHT="44" WIDTH="28" VPOS="3895" HPOS="421"/>
<String CONTENT="204" HEIGHT="40" WIDTH="86" VPOS="3894" HPOS="450"/>
<SP HEIGHT="49" WIDTH="26" VPOS="3894" HPOS="537"/>
<String CONTENT="p." HEIGHT="38" WIDTH="43" VPOS="3905" HPOS="564"/>
<SP HEIGHT="40" WIDTH="58" VPOS="3896" HPOS="608"/>
<String CONTENT="front." HEIGHT="40" WIDTH="148" VPOS="3896" HPOS="667"/>
<SP HEIGHT="39" WIDTH="58" VPOS="3895" HPOS="816"/>
<String CS="1" CONTENT="19&#189;" HEIGHT="41" WIDTH="55" VPOS="3893" HPOS="875"/>
<String STYLE="superscript" CONTENT="cm" HEIGHT="22" WIDTH="44" VPOS="3896" HPOS="963"/>
<String CONTENT="." HEIGHT="10" WIDTH="10" VPOS="3924" HPOS="1010"/>
<SP HEIGHT="29" WIDTH="62" VPOS="3915" HPOS="1021"/>
<String CS="1" CONTENT="[His" HEIGHT="41" WIDTH="92" VPOS="3895" HPOS="1099"/>
<SP HEIGHT="41" WIDTH="28" VPOS="3895" HPOS="1192"/>
<String CONTENT="Don" HEIGHT="41" WIDTH="109" VPOS="3895" HPOS="1221"/>
<SP HEIGHT="41" WIDTH="32" VPOS="3895" HPOS="1331"/>
<String CONTENT="Sturdy" HEIGHT="49" WIDTH="183" VPOS="3895" HPOS="1364"/>
<SP HEIGHT="37" WIDTH="29" VPOS="3907" HPOS="1548"/>
<String CONTENT="series]" HEIGHT="51" WIDTH="167" VPOS="3897" HPOS="1578"/>
</TextLine>
<TextLine HEIGHT="61" WIDTH="1885" VPOS="3949" HPOS="179" STYLEREFS="StyleId-7A444C83-6CB9-42A3-9F46-CB64A60F9B15-">
<String CONTENT="&#169;" HEIGHT="52" WIDTH="52" VPOS="3949" HPOS="179"/>
<SP HEIGHT="52" WIDTH="24" VPOS="3949" HPOS="232"/>
<String CONTENT="Apr." HEIGHT="47" WIDTH="111" VPOS="3954" HPOS="257"/>
<SP HEIGHT="40" WIDTH="25" VPOS="3954" HPOS="369"/>
<String CONTENT="3," HEIGHT="41" WIDTH="39" VPOS="3954" HPOS="395"/>
<SP HEIGHT="40" WIDTH="25" VPOS="3955" HPOS="435"/>
<String CONTENT="1933;" HEIGHT="47" WIDTH="141" VPOS="3953" HPOS="461"/>
<SP HEIGHT="46" WIDTH="26" VPOS="3954" HPOS="603"/>
<String CONTENT="2c." HEIGHT="39" WIDTH="66" VPOS="3954" HPOS="630"/>
<SP HEIGHT="29" WIDTH="26" VPOS="3965" HPOS="697"/>
<String CONTENT="and" HEIGHT="40" WIDTH="95" VPOS="3954" HPOS="724"/>
<SP HEIGHT="39" WIDTH="26" VPOS="3954" HPOS="820"/>
<String CONTENT="aff." HEIGHT="41" WIDTH="82" VPOS="3953" HPOS="847"/>
<SP HEIGHT="40" WIDTH="24" VPOS="3954" HPOS="930"/>
<String CONTENT="Apr." HEIGHT="46" WIDTH="113" VPOS="3954" HPOS="955"/>
<SP HEIGHT="39" WIDTH="26" VPOS="3954" HPOS="1069"/>
<String CONTENT="5;" HEIGHT="46" WIDTH="53" VPOS="3954" HPOS="1096"/>
<SP HEIGHT="46" WIDTH="26" VPOS="3954" HPOS="1150"/>
<!-- cceid 3E663B90-6CF9-1014-A6CF-A82867D68027 --><String CONTENT="A" HEIGHT="39" WIDTH="41" VPOS="3954" HPOS="1177"/>
<SP HEIGHT="40" WIDTH="24" VPOS="3954" HPOS="1219"/>
<String CONTENT="61209;" HEIGHT="49" WIDTH="170" VPOS="3954" HPOS="1244"/>
<SP HEIGHT="47" WIDTH="29" VPOS="3956" HPOS="1415"/>
<String CONTENT="Grosset" HEIGHT="42" WIDTH="201" VPOS="3956" HPOS="1445"/>
<SP HEIGHT="40" WIDTH="23" VPOS="3959" HPOS="1647"/>
<String CONTENT="&amp;" HEIGHT="40" WIDTH="37" VPOS="3959" HPOS="1671"/>
<SP HEIGHT="40" WIDTH="25" VPOS="3959" HPOS="1709"/>
<String CONTENT="Dunlap," HEIGHT="50" WIDTH="208" VPOS="3960" HPOS="1735"/>
<SP HEIGHT="48" WIDTH="28" VPOS="3962" HPOS="1944"/>
<String CONTENT="inc." HEIGHT="40" WIDTH="91" VPOS="3962" HPOS="1973"/>
</TextLine>
<TextLine HEIGHT="48" WIDTH="249" VPOS="4010" HPOS="256" STYLEREFS="StyleId-7A444C83-6CB9-42A3-9F46-CB64A60F9B15-">
<String CONTENT="(33-8154)" HEIGHT="48" WIDTH="249" VPOS="4010" HPOS="256"/>
</TextLine>
</TextBlock>
</PrintSpace>
</Page>
</Layout>
</alto>