2484 4405
1049 4051 105 56 747

77 494 343 69 exclusively
448 494 93 53 for
567 494 95 52 the
691 493 124 52 first
841 492 154 67 time,
1024 492 114 52 and
1165 490 188 53 edited
1381 489 75 67 by
1484 488 248 65 Prosper
1761 484 316 67 Buranelli,

77 577 65 52 F.
188 575 261 68 Gregory
491 570 331 54 Hartswick
872 570 148 67 [and]
1069 570 297 66 Margaret
1411 564 430 69 Petherbridge.
1939 564 138 52 New

78 654 179 67 York,
285 651 197 56 Simon
510 652 111 51 and
651 649 286 63 Schuster,
963 648 125 67 inc.,
1118 649 149 50 1933.

148 721 892 55 3 p. l., [5]-122 p. diagrs. 19½ cm .
84 774 1995 59 © May 10, 1933; 2c. May 16; aff. May 13; A 61815; Simon & Schuster,
152 842 89 41 inc.
313 838 279 52 (33-13027)

76 934 173 64 Burr,
279 935 139 52 Mrs.
450 933 174 52 Anna
653 931 269 53 Robeson
961 929 274 65 (Brown)
1278 929 170 53 1873-

150 1012 176 55 Wind
358 1012 58 53 in
450 1012 96 51 the
576 1016 135 61 east,
742 1029 30 32 a
805 1027 259 34 romance
1096 1009 76 65 by
1201 1009 170 51 Anna
1405 1006 259 52 Robeson
1698 1006 167 51 Burr.
1942 1004 137 52 New

82 1087 1190 69 York city, Duffield and Green [ c 1933]
154 1161 612 50 5 p. l., 3-278 p. 20 cm .
87 1218 51 52 ©
172 1224 114 45 May
316 1221 68 40 18.
417 1220 112 40 1933;
590 1220 66 40 2c.
689 1221 76 37 May
833 1219 55 38 24;
950 1217 81 40 aff.
1066 1219 113 45 May
1211 1217 55 38 20;
1329 1217 39 37 A
1400 1214 143 41 62755;
1606 1213 209 40 Duffield
1846 1214 36 39 &
1915 1213 168 40 Green.

166 1278 279 48 (33-13041)

81 1368 207 64 Busse,
319 1369 305 51 Hermann
655 1366 153 64 Eris,
843 1370 171 49 1891-

219 1436 1865 76 … Hans Fram, das deutsche gesicht, roman. Leipzig, P.
87 1523 354 69 List [ c 1932]
155 1594 100 48 353,
329 1613 11 30 [1]
372 1605 42 37 p.
470 1593 54 40 19
527 1595 45 22 cm
577 1626 7 8 .

91 1649 1997 54 © Nov. 9, 1932; 1c. Mar. 22, 1933; A-Foreign 20340; Paul List verlag.
169 1711 278 49 (33-13180)

85 1800 284 65 Cabanès,
403 1800 321 65 Augustin,
761 1805 323 49 1862-1926.

218 1876 1869 70 … Les Condé. t. 2. Ouvrage illustré de 85 gravures. Paris,
85 1957 69 52 A.
184 1958 212 54 Michel
429 1962 171 64 [1933]

162 2031 1603 51 2 p. l., [5]-350 p., 1 l. illus., plates, ports., facsims. 18 ½ cm .
95 2087 1995 52 © Apr. 24, 1933; 1c. June 15; A- Foreign 21194; Albin Michel. 5040 "v
91 2180 231 65 Cattell,
350 2182 201 53 James
579 2181 277 63 McKeen,
890 2180 467 52 1860-ed.

160 2258 305 53 American
491 2277 127 33 men
643 2259 63 51 of
730 2259 230 65 science,
988 2277 30 33 a
1043 2258 399 69 biographical
1469 2258 303 69 directory,
1800 2258 190 55 edited
2015 2259 76 67 by

91 2339 56 54 J.
185 2339 258 52 McKeen
481 2338 211 55 Cattell
731 2337 112 53 and
881 2339 211 66 Jaques
1135 2338 227 55 Cattell.
1439 2338 98 52 5th
1575 2338 84 52 ed.
1734 2339 139 52 New
1911 2337 163 54 York,

91 2417 122 53 The
243 2416 228 57 Science
499 2435 174 49 press,
704 2419 152 51 1933.

166 2491 100 47 viii,
298 2490 115 41 1278
444 2501 41 37 p.
547 2490 58 40 26
606 2492 44 21 cm
655 2521 7 7 .

99 2544 51 52 ©
181 2549 112 46 May
322 2548 39 46 8,
390 2547 140 47 1933;
560 2548 66 38 2c.
656 2547 112 48 Apr.
798 2547 82 47 28;
911 2547 81 40 aff.
1025 2548 114 47 May
1167 2547 81 46 20;
1281 2548 40 38 A
1349 2548 169 46 61875;
1554 2548 197 40 Science
1777 2559 148 38 press.

178 2605 279 49 (33-13019)

96 2695 325 64 Charteris,
453 2695 211 55 Leslie.

169 2773 1923 69 The Saint and Air. Teal [by] Leslie Charteris … Gardep
102 2853 152 67 City,
299 2854 69 52 N.
415 2853 91 66 Y.,
550 2851 143 53 Pub.
741 2851 94 52 for
880 2854 95 50 the
1022 2851 191 56 Crime
1257 2854 146 66 club,
1447 2854 126 65 inc.,
1619 2854 73 68 by
1736 2855 339 69 Doubleday

98 2931 199 52 Doran
328 2934 44 50 &
405 2948 296 49 company,
733 2930 125 67 inc.,
891 2934 150 51 1933.

172 2986 641 64 7 p. l., 3-296 p. 19½cm.
173 3060 161 40 “First
368 3059 227 41 edition.”

173 3116 197 42 London
407 3116 182 41 edition
639 3118 221 47 (Hodder
899 3118 94 39 and
1036 3117 295 48 Stoughton)
1378 3119 88 39 has
1506 3118 134 41 title:
1682 3119 127 41 Once
1846 3132 133 30 more
2016 3123 82 40 the

106 3174 152 42 Saint.

511 3233 101 39 CONTENTS.—The
638 3233 109 47 gold
773 3233 416 40 standard.—The
1214 3244 112 29 man
1352 3233 127 41 from
1508 3234 66 41 St.
1603 3235 324 41 Louis.—The
1952 3238 145 41 death

104 3290 210 46 penalty.

109 3343 51 51 ©
194 3348 113 46 May
339 3346 67 45 17,
441 3347 138 45 1933;
614 3347 65 39 2c.
715 3349 94 38 and
843 3347 81 40 aff.
959 3349 113 46 May
1107 3348 80 46 19;
1225 3349 39 38 A
1297 3349 169 46 62751;
1504 3349 49 42 L.
1590 3349 264 49 Charteris,
1891 3352 210 40 London.

188 3403 278 46 (33-13054)

107 3476 212 66 [Clark,
351 3479 237 53 Briscoe
619 3478 283 67 Baldwin]

105 3553 1969 146 New York law of damages … Supplement, 1932 … [North-port, N.
379 3635 89 66 Y.,
497 3634 253 52 Edward
778 3635 329 68 Thompson
1136 3655 297 51 company,
1462 3646 17 20 c
1485 3642 151 63 1933]

175 3707 28 39 2
233 3719 41 27 v.
335 3708 55 39 23
393 3709 44 21 cm
443 3740 9 8 .

178 3764 293 41 Cover-title.

181 3821 154 39 These
364 3822 272 47 pamphlets
667 3832 84 29 are
782 3825 47 37 to
861 3824 57 39 be
948 3823 137 40 fitted
1118 3824 101 40 into
1253 3826 80 38 the
1365 3826 211 46 pockets,
1594 3829 50 38 at
1677 3829 81 40 the
1790 3829 121 40 back
1943 3831 52 39 of
2025 3833 81 39 the

109 3878 215 39 volumes
352 3878 52 39 of
431 3878 81 39 the
536 3882 75 36 set
640 3881 48 37 to
717 3879 158 39 which
903 3880 115 46 they
1045 3880 182 48 belong.

115 3929 51 51 ©
195 3934 109 39 Jan.
333 3934 69 47 27,
431 3934 139 47 1933;
601 3935 66 40 2c.
696 3936 117 39 each
843 3936 94 39 and
967 3936 81 39 aff.
1079 3937 127 40 June
1236 3938 25 39 7;
1319 3938 41 38 A
1389 3938 170 42 63062:
1592 3942 209 41 Edward
1832 3945 276 46 Thompson

182 3999 67 30 co.
