2597 4403
1352 4076 100 50 116

442 471 629 50 4 p. l., 3-339 p. 19½ cm .
377 538 52 53 ©
459 543 113 40 Feb.
599 542 41 49 2,
669 541 114 42 1933;
843 540 69 43 2c.
940 543 98 40 and
1067 541 82 42 aff.
1180 542 113 40 Feb.
1321 540 54 49 9;
1407 541 43 40 A
1477 540 172 49 60204;
1679 541 215 41 Thomas
1921 541 54 39 Y.
2008 539 206 42 Crowell
2245 550 69 31 co.

456 599 253 50 (33-3285)

373 686 318 69 Reynolds,
721 687 273 67 Zachary
1022 687 218 67 Smith,
1271 694 329 51 1912-1932.

446 767 127 70 Log
618 768 65 53 of
731 767 306 69 aeroplane
1083 768 360 67 NR-898W;
1492 767 378 69 experiences,
1917 770 327 61 comments,
377 764 1995 150 impressions,
716 845 65 55 of
817 866 31 34 a
884 844 173 71 flight
1091 845 156 56 from
1282 846 276 69 England
1591 851 60 49 to
1687 845 209 67 China,
1930 847 262 64 1931-32,
2224 843 77 68 by
2335 844 60 51 Z.

377 922 193 55 Smith
593 924 314 69 Reynolds.
966 925 142 54 New
1135 924 182 69 York,
1342 924 162 53 Priv.
1529 924 179 69 print.
1756 924 92 55 [W.
1873 925 70 51 E.
1967 922 255 69 Rudge’s
2247 940 148 50 sons,

373 1002 129 69 inc.]
542 1006 154 51 1932.

448 1074 1540 52 3 p. l., 59, [1] p. incl. front. (port.) fold. facsim. 22 cm .
449 1133 143 50 Maps
623 1145 61 30 on
715 1134 368 50 lining-papers.

453 1191 149 41 “This
638 1192 80 49 log
756 1191 52 42 of
849 1189 161 43 Smith
1049 1189 261 49 Reynolds’
1352 1190 142 50 flight
1534 1192 92 40 has
1664 1191 119 42 been
1821 1191 143 41 made
2005 1190 105 41 into
2147 1201 29 30 a
2214 1190 184 50 lasting

380 1248 170 40 record
579 1249 62 47 by
672 1246 170 50 Nancy
871 1248 250 48 Reynolds
1149 1247 186 50 Bagley
1364 1248 51 40 in
1446 1248 278 48 December,
1755 1246 130 43 1932.
1945 1248 102 41 The
2077 1248 186 42 edition
379 1259 2002 87 consists
525 1306 52 42 of
603 1305 271 50 thirty-one
901 1306 266 41 numbered
1195 1305 205 50 copies.”
1456 1305 121 41 This
1605 1316 120 39 copy
1752 1307 86 39 not
1866 1306 280 41 numbered.

381 1367 2018 53 © Dec. 20, 1932; 2c. and aff. Dec. 23; A 58808; William E. Rudge’s sons,
447 1429 92 41 inc.
612 1428 254 51 (33-3268)

377 1519 313 67 Richards,
724 1522 211 65 Grant,
970 1522 173 54 1872-

449 1596 307 56 Memories
793 1598 64 55 of
895 1618 31 34 a
963 1598 281 69 misspent
1278 1598 201 69 youth,
1518 1598 331 68 1872-1896,
1884 1597 78 68 by
2000 1597 190 57 Grant
381 1597 1994 147 Richards;
590 1676 144 55 with
777 1696 73 36 an
891 1676 399 54 introduction
1331 1677 78 68 by
1449 1677 143 53 Max
1634 1676 340 55 Beerbohm.
2050 1677 143 53 New
2236 1676 166 54 York

380 1755 114 53 and
519 1756 263 68 London,
807 1755 236 69 Harper
1068 1758 48 51 &
1139 1756 281 65 brothers,
1448 1758 155 52 1933.

453 1826 99 51 xvi,
579 1828 87 41 353
692 1838 45 39 p.
790 1827 168 51 front.,
983 1829 175 50 plates,
1186 1830 167 49 ports.,
1379 1828 194 42 facsim.
1632 1829 56 40 22½
1723 1831 43 22 cm
1770 1860 10 10 .

454 1887 164 41 “First
655 1885 266 51 printing.”

384 1947 1849 53 © Feb. 1, 1933; 2c. Feb. 2; aff. Feb. 3; A 59238; Harper & bros.
462 2008 253 49 (33-3202)

378 2098 189 68 Rietz,
599 2100 211 64 Henry
835 2097 214 68 Lewis,
1082 2100 174 55 1875-

454 2177 1885 69 Introductory college algebra. Rev. By H. L. Rietz …
383 2255 2020 71 and A. R. Crathorne … New York, H. Holt and company
386 2369 15 35 [
403 2342 20 22 c
427 2339 155 65 1933]

454 2407 67 50 xi,
599 2429 28 30 [1],
653 2408 102 49 305,
783 2408 56 40 23
866 2419 46 38 p.
973 2407 182 50 diagrs.
1215 2407 58 41 20½
1305 2409 46 22 cm
1354 2439 9 10 .

458 2464 259 43 “Answers
746 2468 51 38 to
825 2466 94 41 odd
946 2465 267 41 numbered
1241 2465 243 41 exercises
1514 2466 98 40 and
1640 2465 300 50 problems”:
1972 2465 55 40 23
2054 2477 45 38 p.
2129 2467 53 40 at
2213 2468 108 40 end.

387 2521 2019 52 © Jan. 13, 1933; 2c. and aff. Jan. 20; A 59028; Henry Holt & co., inc.
465 2581 254 49 (33-3273)

383 2671 277 68 Roberts,
689 2672 138 55 Carl
857 2670 141 56 Eric
1023 2670 360 67 Bechhofer,
1414 2676 173 51 1894-

454 2750 123 53 The
619 2749 160 55 truth
819 2748 174 55 about
1029 2746 400 72 spiritualism,
1469 2748 76 69 by
1586 2747 62 56 C.
1689 2749 68 51 E.
1798 2746 326 57 Bechhofer
2164 2747 243 54 Roberts

395 2827 352 71 (Ephesian)
819 2827 259 68 London,
1104 2826 156 69 Eyre
1288 2826 114 54 and
1429 2824 439 71 Spottiswoode,
1897 2828 151 54 1932.

484 2899 640 50 v p., 1 l., 9-280 p. 22 cm .
454 2957 382 49 Bibliography:
872 2967 44 38 p.
952 2956 222 43 273-274.

389 3020 52 53 ©
524 3056 8 8 1c.
557 3024 112 41 Jan.
693 3025 41 45 3,
758 3022 143 49 1933;
927 3023 44 39 A
993 3024 62 39 ad
1079 3022 89 41 int.
1191 3022 174 48 17321;
1392 3022 146 49 pubd.
1562 3023 119 41 Nov.
1705 3023 42 48 4,
1772 3022 142 49 1932;
1944 3022 48 42 C.
2021 3024 54 40 E.
2101 3024 55 39 B.
2183 3023 222 49 Roberts,

457 3081 215 48 Abinger
700 3081 246 47 Common,
973 3092 74 30 nr.
1076 3080 236 49 Dorking,
1344 3080 196 48 Surrey,
1570 3080 239 49 England.
1879 3079 253 50 (33-3809)

391 3170 373 72 [Robertson,
794 3172 157 55 John
982 3173 226 67 Henry]
1247 3178 173 51 1909-

455 3252 152 55 Who
635 3270 134 49 goes
795 3250 247 70 sailing?
1123 3251 93 68 By
1242 3251 159 54 John
1431 3250 242 55 Connell
1767 3250 139 53 [psend.]
2021 3250 236 69 Boston,
387 3247 1998 151 Little,
510 3330 233 66 Brown,
771 3330 114 52 and
913 3345 301 52 company,
1243 3331 154 50 1933.

457 3402 689 51 3 p. l., 5-280, [1] p. 20 cm .
393 3456 1999 111 © Feb. 3, 1933; 2c. and aff. Feb. 7; A 60188; Little, Brown, and company. (33-3219)
390 3608 195 63 Rowe,
615 3608 189 52 Nellie
835 3608 80 55 M.

460 3682 1947 70 Discovering North Carolina, by Nellie M. Rowe … Chapel
390 3760 150 69 Hill,
577 3761 123 54 The
736 3761 341 70 University
1115 3763 64 54 of
1215 3763 191 53 North
1445 3763 275 55 Carolina
1758 3781 176 50 press,
1972 3765 153 51 1933.

465 3834 64 49 ix,
556 3834 86 42 363
670 3847 45 38 p.
743 3835 111 42 inch
880 3834 165 50 front.,
1075 3837 129 41 illus.
1263 3836 55 41 19½
1351 3839 45 21 cm
1399 3868 10 9 .

466 3891 351 43 “References”
847 3896 53 38 at
928 3895 92 40 end
1050 3894 52 41 of
1127 3895 122 40 each
1277 3895 218 48 chapter.

395 3946 1997 111 © Jan. 28, 1933; 2c. and aff. Feb. 3; A 59204; University of North Carolina press. (33-3048)
