2484 4405
1059 4097 132 50 1551

103 465 365 63 Schnitman,
502 462 190 53 Lewis
724 462 163 54 Seth.

173 544 149 51 How
354 540 121 54 safe
509 541 47 52 is
587 540 103 53 life
724 538 328 54 insurance?
1134 540 90 64 By
1255 539 62 51 L.
1356 537 137 55 Seth
1530 537 351 55 Schnitman.
1958 539 135 50 New

107 619 177 58 York,
314 620 118 51 The
461 618 314 67 Vanguard
809 636 154 47 press
1017 619 174 63 [c1933]

176 688 1078 51 3 p. l., ix-xviii p., 1 l., 21-256 p. 19½cm.
105 730 1994 67 © Oct. 20, 1933; 2c. Nov. 8; aff. Nov. 4: A 66958; Vanguard press, inc.
183 805 277 46 (33-32567)

111 897 201 65 [Scott,
350 894 290 55 Winifred
678 895 173 63 Mary]

173 971 254 69 Delight,
468 971 74 67 by
581 969 231 53 Pamela
854 970 224 67 Wynne
1141 969 214 67 [pseud.]
1435 967 231 55 Garden
1709 967 151 69 City,
1902 967 68 52 N.
2013 967 88 67 Y.,

103 1049 354 67 Doubleday,
486 1049 196 51 Doran
710 1050 45 50 &
781 1064 295 51 company,
1107 1047 125 66 inc.,
1263 1050 150 50 1933.

174 1121 577 50 4 p. l., 311 p. 19½cm.
177 1181 161 39 “First
366 1178 226 42 edition.”

111 1235 49 51 ©
192 1239 116 39 Nov.
339 1238 38 44 8,
409 1237 112 40 1933
541 1248 8 29 :
582 1237 65 39 2c.
678 1237 94 39 and
804 1236 81 39 aff.
917 1236 117 40 Nov.
1066 1235 53 43 9;
1153 1236 40 38 A
1223 1235 170 45 66994;
1428 1236 297 45 Doubleday,
1760 1236 165 38 Doran
1956 1234 37 40 &
2024 1244 82 37 co.,

175 1295 88 39 inc.
338 1293 279 49 (33-32593)

109 1382 333 65 Sherwood,
474 1383 154 53 John
662 1383 81 65 F.,
779 1386 170 48 1890-

111 1459 1968 226 Modern accounting, principles and procedure, by J. F. Sherwood … [Cincinnati, New York, etc., South-western publishing co., c1933]
182 1690 60 48 iv,
269 1690 87 41 358
381 1701 41 37 p.
449 1691 109 40 incl.
585 1690 167 41 forms.
813 1689 115 41 29cm.

112 1745 50 51 ©
190 1749 81 39 July
332 1749 38 40 1,
398 1748 139 42 1933;
566 1748 66 40 2c.
660 1748 115 39 Nov.
803 1749 52 39 4;
886 1747 80 40 aff.
995 1748 118 39 Nov.
1140 1747 26 38 2;
1223 1748 44 37 A
1290 1746 143 40 66937;
1494 1746 382 40 South-western
1903 1745 109 48 pub.
2040 1755 68 31 co.

191 1805 278 46 (33-32913)

112 1891 312 66 Sillanpää,
456 1894 190 53 Frans
678 1893 205 65 Eemil,
918 1899 169 49 1888-

179 1971 118 54 The
338 1970 154 54 maid
532 1970 175 69 Silja;
750 1971 96 53 the
881 1970 221 69 history
1141 1970 64 54 of
1240 1970 98 54 the
1373 1971 110 53 last
1521 1968 244 56 offshoot
1803 1969 64 52 of
1905 1989 72 35 an
2015 1970 93 53 old

111 2049 204 69 family
350 2055 133 60 tree,
516 2050 74 67 by
626 2051 65 51 F.
727 2051 66 51 E.
832 2049 327 67 Sillanpää;
1198 2050 315 52 translated
1550 2049 152 53 from
1736 2050 96 52 the
1865 2048 245 53 Finnish

111 2128 73 68 by
217 2129 328 51 Alexander
578 2128 245 52 Matson.
900 2129 138 52 New
1075 2128 179 67 York,
1290 2128 118 53 The
1444 2127 336 53 Macmillan
1815 2144 297 51 company,

113 2210 149 49 1933.

182 2281 97 48 313,
316 2281 53 49 [1]
404 2292 42 36 p.
507 2279 146 41 19½cm.

183 2339 197 39 London
411 2338 183 39 edition
635 2337 258 47 (Putnam)
935 2339 88 38 has
1057 2337 134 40 title:
1228 2337 167 40 Fallen
1430 2339 161 46 asleep
1624 2337 143 40 while
1799 2348 172 37 young.

118 2392 50 51 ©
197 2397 116 39 Nov.
342 2397 38 44 8,
409 2396 139 39 1933:
578 2397 66 39 2c.
673 2397 95 38 and
797 2396 81 40 aff.
907 2396 117 40 Nov.
1053 2396 52 40 9:
1138 2396 41 38 A
1206 2395 146 40 67045;
1408 2395 281 40 Macmillan
1718 2406 66 29 co.

192 2453 281 47 (33-32586)

116 2541 309 65 Stephens,
459 2542 226 65 George
716 2543 239 65 Robert,
991 2548 172 49 1862-

185 2619 297 68 Stephens’
533 2621 313 52 condensed
896 2620 423 69 chronological
1370 2619 220 69 history
1639 2620 65 54 of
1752 2620 96 53 the
1897 2620 214 54 United

117 2697 186 54 States
336 2699 57 50 in
428 2699 214 67 rhyme,
679 2702 335 63 1453-1932;
1051 2699 69 54 G.
1156 2700 67 51 R.
1258 2698 298 68 Stephens,
1590 2699 205 53 author
1829 2699 111 53 and
115 2698 1974 131 publisher.
378 2777 259 66 Atlanta,
669 2777 103 54 Ga.
813 2780 171 64 [1933]

185 2849 1313 50 2 p. l., 9-71 p. front. (port.) 1 illus. 21 × 12cm.
189 2908 161 40 “First
393 2908 226 40 edition.”

123 2962 50 51 ©
205 2966 101 40 Oct.
335 2966 69 45 31,
435 2965 112 40 1933
566 2976 9 29 :
606 2966 66 39 2c.
703 2968 94 38 and
828 2966 80 39 aff.
939 2967 118 39 Nov.
1086 2967 30 38 2;
1173 2968 41 37 A
1242 2966 144 40 65926;
1447 2967 52 39 G.
1532 2967 54 40 R.
1620 2967 250 47 Stephens,
1901 2966 216 40 Atlanta.

197 3022 278 48 (33-32576)

121 3097 370 64 Sturtevant,
527 3099 200 63 Edgar
763 3099 273 63 Howard,
1077 3100 170 53 1875-

189 3172 52 53 A
274 3174 385 68 comparative
689 3194 289 49 grammar
1009 3176 62 53 of
1101 3176 98 53 the
1231 3176 216 53 Hittite
1478 3178 302 66 language,
1811 3176 73 68 by
1915 3175 201 68 Edgar

119 3249 1972 149 H. Sturtevant … Philadelphia, Linguistic society of America, University of Pennsylvania, 1933.
193 3400 86 41 320
309 3413 42 36 p.
412 3401 153 50 diagr.
626 3402 115 40 26cm.
812 3402 238 48 (William
1084 3405 197 48 Dwight
1312 3405 227 46 Whitney
1572 3404 248 48 linguistic
1852 3405 174 47 series)

227 3456 186 49 Special
452 3459 324 47 publications
815 3460 51 40 of
903 3462 81 40 the
1024 3461 270 48 Linguistic
1331 3461 182 47 society
1551 3461 51 39 of
1641 3461 264 41 America.”

198 3513 286 42 “Published
525 3515 79 41 for
643 3517 118 41 Yale
800 3516 271 49 university
1111 3518 59 47 by
1211 3519 81 39 the
1337 3517 268 49 Linguistic
1646 3518 180 48 society
1867 3518 51 41 of
126 3519 1975 93 America.”—
305 3584 42 37 p.
389 3574 54 49 [1]

198 3627 185 42 “Books
418 3630 95 39 and
546 3628 346 50 periodicals”:
931 3641 41 37 p.
1010 3628 157 42 19-23.

129 3682 50 51 ©
214 3687 99 40 Oct.
348 3687 68 44 20,
453 3687 111 40 1933;
626 3689 66 39 2c.
729 3687 99 40 Oct.
864 3688 55 38 26;
983 3687 82 41 aff.
1101 3687 102 40 Oct.
1238 3689 54 38 27;
1357 3688 39 38 A
1431 3688 147 40 66788;
1639 3688 271 48 Linguistic
1944 3700 92 30 soc.
2071 3691 52 39 of

194 3743 233 41 America.
499 3743 279 48 (33-32605)

129 3815 188 64 Swan,
350 3820 272 62 Andrew,
659 3823 170 49 1868-

193 3894 119 51 The
343 3894 234 69 odyssey
609 3893 62 53 of
704 3895 246 53 Andrew
982 3895 171 54 Swan;
1212 3895 170 69 being
1409 3916 30 33 a
1470 3896 193 52 record
1695 3895 62 54 of
1784 3895 90 54 his
129 3898 1964 140 experiences,
336 3972 62 51 of
431 3972 89 52 his
553 3972 333 69 shipwreck,
925 3973 109 52 and
1073 3973 63 52 of
1170 3974 89 52 his
1297 3991 169 52 many
1503 3992 221 50 escapes
1762 3973 148 54 from
1949 3974 168 54 death
