2582 4453
1378 4132 134 51 1880

401 446 156 66 Hull,
588 448 202 63 Harry
819 446 182 65 Blair,
1036 451 172 49 1890-

474 522 333 54 Household
854 521 438 69 refrigeration;
1339 544 29 34 a
1416 522 275 67 complete
1736 522 229 53 treatise
2011 538 71 35 on
2125 520 96 54 the

405 521 1990 150 principles,
635 608 181 62 types,
855 598 385 57 construction
1279 601 114 53 and
1430 599 297 69 operation
1765 598 61 53 of
1863 599 138 52 both
2038 600 83 52 ice
2160 599 112 52 and

403 615 1996 134 mechanically
762 680 191 53 cooled
991 678 269 53 domestic
1299 678 423 69 refrigerators,
1758 679 320 68 properties
2116 676 63 54 of
402 676 1998 149 refrigerants,

641 758 94 52 the
766 757 352 69 application
1154 757 62 52 of
1249 756 522 69 thermodynamics
1801 755 114 54 and
1948 756 259 69 physical
403 756 1996 149 chemistry
568 843 58 48 to

651 836 425 69 refrigeration,
1099 836 131 53 heat
1253 834 396 55 transmission
1673 834 112 56 and
1810 837 194 52 values
2026 834 63 53 of
2111 835 317 67 insulating

408 914 308 69 materials,
759 913 137 54 food
940 913 358 69 technology,
1340 914 349 67 description
1734 913 63 53 of
1838 911 233 55 modern
2114 912 313 55 household

404 993 412 69 refrigerating
836 992 288 55 machines
1145 993 64 52 of
1231 992 95 52 the
1351 991 379 68 compression
1757 993 111 52 and
1895 991 328 69 absorption
2246 998 182 62 types,

407 1072 95 53 the
541 1071 311 70 principles
891 1071 62 52 of
991 1070 86 53 air
1115 1068 414 70 conditioning,
1567 1069 301 70 including
1907 1090 29 34 a
1979 1070 347 69 description
2366 1070 62 54 of

408 1150 94 55 the
537 1150 327 68 equipment
898 1149 111 52 and
1048 1150 71 53 its
1151 1147 356 70 application
1545 1148 92 52 for
1670 1149 95 53 the
1798 1146 166 71 office,
1998 1147 283 56 residence
2317 1149 112 53 and

410 1227 1996 150 commercial establishment. By H. B. Hull … 4th ed., completely rev. and enl.
1104 1307 141 53 with
1282 1306 101 52 278
1421 1305 397 55 illustrations.
1887 1305 272 72 Chicago,
411 1306 1995 134 Nickerson
540 1389 46 50 &
620 1385 221 56 Collins
871 1405 77 33 co.
1030 1388 153 65 [1933]

483 1458 86 41 690
602 1469 42 38 p.
706 1458 144 47 illus.,
886 1459 157 39 tables
1073 1458 46 47 (1
1155 1457 145 48 fold.)
1344 1458 180 48 diagrs.
1556 1458 49 47 (4
1638 1459 145 48 fold.)
1853 1460 55 40 23½
1942 1462 44 21 cm
1991 1493 8 7 .

415 1532 2021 60 © Oct. 26, 1933; 2c. Nov. 2; aff. Oct. 28; A 65933; Nickerson & Collins
482 1604 67 30 co.
622 1592 284 50 (33-32552)

412 1697 225 65 Immel,
665 1698 134 63 Ray
825 1697 268 55 Keeslar.

486 1772 1888 70 Public speaking for high schools, by Ray Keeslar Immel …
421 1853 152 68 [Ann
607 1852 209 67 Arbor,
848 1851 195 69 Mich.]
1083 1851 68 54 G.
1185 1851 201 69 Wahr,
1423 1855 151 50 1931.

486 1924 85 40 267
603 1935 43 38 p.
706 1924 57 40 20
766 1927 15 21 cm
815 1957 8 7 .

420 1997 52 51 ©
505 2002 117 46 July
651 2002 38 44 1,
722 1999 113 41 1931;
897 2000 67 39 2c.
997 2000 102 40 Oct.
1132 2000 68 47 23,
1233 1999 115 41 1933;
1409 1999 84 41 aff.
1525 2000 102 40 Oct.
1659 2001 55 38 21;
1776 2001 40 39 A
1849 2001 145 40 65754;
2057 2001 185 47 George
2273 2000 167 40 Wahr.

498 2058 283 49 (33-31085)

419 2168 188 62 Isaac,
638 2167 159 63 Max,
833 2165 173 53 1879-
1222 2166 85 52 ed.

495 2244 297 68 Complete
831 2244 366 68 bankruptcy
1237 2244 111 53 law
1389 2242 63 54 of
1493 2243 95 54 the
1629 2244 219 55 United
1891 2245 208 67 States,
2141 2246 303 67 including

424 2326 365 50 amendment
829 2323 64 52 of
933 2324 205 53 March
1178 2328 49 63 3,
1271 2327 150 50 1933.
1498 2325 138 53 Rev.
1679 2325 113 52 and
1835 2325 311 52 annotated
2187 2325 76 66 by
2303 2325 139 52 Max

426 2403 2017 68 Isaac … New York, N. Y., American bankruptcy review,
426 2482 125 66 inc.,
579 2489 17 21 c
602 2486 151 50 1933.

498 2556 285 47 cover-title,
813 2555 56 41 96
896 2566 43 38 p.
1001 2555 56 40 25
1061 2558 45 21 cm
1110 2588 9 9 .

425 2624 2020 52 © Nov. 7, 1933; 2c. and aff. Nov. 10; A 68021; Amer, bankruptcy review,
494 2685 88 41 inc.
661 2685 282 49 (33-32909)

426 2790 208 65 Joffre,
664 2792 223 63 Joseph
918 2791 259 64 Jacques
1207 2791 257 66 Césaire,
1499 2794 329 51 1852-1931.

498 2866 1888 74 Mémoires du maréchal Joffre (1910-1917) t. 1 er . 2. …
428 2949 186 67 Paris,
642 2949 288 53 Librairie
961 2950 148 53 Plon
1145 2952 174 65 [1932]

501 3025 27 38 2
556 3036 42 28 v.
657 3025 165 45 front.,
851 3025 173 46 plates,
1056 3027 164 45 ports.,
1252 3034 138 38 maps
1419 3023 135 49 (part
1585 3023 144 48 fold.)
1768 3024 193 40 facsim.
2019 3023 57 40 22½
2109 3026 44 21 cm
2158 3055 8 7 .

531 3081 1125 49 " Exemplaire no. 153” of the first edition.
784 3153 1666 50 CONTENTS.—t. 1., 1. ptie. L'avant-guerre (1910-1914) 2. ptie. La
428 3222 174 35 guerre
632 3212 58 38 de
720 3214 307 38 mouvement
1067 3211 164 49 (1914)

432 3264 2017 55 t. 1 er . © Oct. 10. 1932; t. 2. © Nov. 4; 1c. each Apr. 4, 1933; A-Foreign
500 3327 143 39 20511;
706 3327 242 39 Librairie
978 3327 135 39 Plon.
1186 3327 62 47 (A
1269 3327 34 40 C
1322 3327 200 48 33-212)

433 3429 321 66 Kentucky
786 3430 204 68 digest,
1023 3430 269 68 covering
1325 3433 252 52 volumes
1611 3435 243 49 233-246
1888 3434 308 68 Kentucky
2231 3439 221 63 reports

507 3508 1944 71 and 26-54 South western reporter, Second series … v. 13.
505 3588 166 55 With
712 3588 180 54 tables
933 3588 63 52 of
1036 3594 242 49 statutes
1318 3591 302 51 construed
1664 3591 113 52 and
1818 3607 151 37 cases
2009 3590 276 68 digested.
2364 3592 89 67 By

508 3668 94 52 the
647 3666 342 64 publisher’s
1033 3666 266 54 editorial
1345 3666 151 55 staff.
1576 3670 83 53 St.
1704 3670 166 52 Paul.
1912 3672 159 53 West
2116 3669 341 61 publishing

509 3767 97 41 co.,
642 3749 149 51 1933.

505 3820 538 50 1 p. l., 670 p. 26cm.
516 3879 189 39 Earlier
732 3880 217 38 volumes
978 3880 122 38 have
1129 3879 135 40 title:
1294 3880 39 38 A
1361 3880 158 46 digest
1549 3879 51 40 of
1629 3881 80 39 the
1737 3880 241 41 decisions
2007 3880 52 39 of
2087 3882 63 38 all
2182 3882 81 39 the
2292 3882 164 39 courts

436 3937 371 47 of Kentucky …
443 4003 1901 57 © May 26. 1933; 2c. June 13; aff. June 14; A 63199; West pub. co.
