<alto xmlns="http://www.loc.gov/standards/alto/ns-v3#" xmlns:xlink="http://www.w3.org/1999/xlink" xmlns:xsi="http://www.w3.org/2001/XMLSchema-instance" xsi:schemaLocation="http://www.loc.gov/standards/alto/ns-v3# http://www.loc.gov/alto/v3/alto-3-0.xsd"><Description>
<MeasurementUnit>pixel</MeasurementUnit>
<sourceImageInformation>
<fileName>1933_v1_Part1.pdf</fileName>
</sourceImageInformation>
<OCRProcessing ID="IdOcr">
<ocrProcessingStep>
<processingDateTime>2019-01-03</processingDateTime>
<processingSoftware>
<softwareCreator>ABBYY</softwareCreator>
<softwareName>ABBYY Recognition Server</softwareName>
<softwareVersion>4.0</softwareVersion>
</processingSoftware>
</ocrProcessingStep>
</OCRProcessing>
</Description>
<Styles>
<ParagraphStyle ID="StyleId-FFFFFFFF-FFFF-FFFF-FFFF-FFFFFFFFFFFF-" ALIGN="Left" LEFT="0." RIGHT="0." FIRSTLINE="0."/>
<ParagraphStyle ID="StyleId-6EF5737A-DCEB-4126-A0CF-C5930BF7166A-" ALIGN="Left" LEFT="0." RIGHT="0." FIRSTLINE="0." LINESPACE="8.300000191"/>
<ParagraphStyle ID="StyleId-2DE44258-FD0B-41E1-B542-087C989B01A3-" ALIGN="Left" LEFT="0." RIGHT="0." FIRSTLINE="0." LINESPACE="12.19999981"/>
<ParagraphStyle ID="StyleId-CE3D254A-29D7-4DD7-B5F1-E0FC0EF29B05-" ALIGN="Left" LEFT="0." RIGHT="0." FIRSTLINE="-14." LINESPACE="8.619999886"/>
<ParagraphStyle ID="StyleId-C0E3A137-CE4F-4287-8A90-B599106709D0-" ALIGN="Left" LEFT="0." RIGHT="0." FIRSTLINE="-14." LINESPACE="12.19999981"/>
<ParagraphStyle ID="StyleId-50F26F0C-05DA-4C19-BA58-7A6AC4499BEE-" ALIGN="Left" LEFT="0." RIGHT="0." FIRSTLINE="-14." LINESPACE="11.06999969"/>
<ParagraphStyle ID="StyleId-5DDE65AF-512C-41E2-9B8E-095D6D99EF68-" ALIGN="Center" LEFT="0." RIGHT="0." FIRSTLINE="0." LINESPACE="11.89999962"/>
<ParagraphStyle ID="StyleId-0A81D7A5-6A62-4C52-915E-7768974C704D-" ALIGN="Left" LEFT="0." RIGHT="0." FIRSTLINE="0." LINESPACE="9.399999619"/>
<ParagraphStyle ID="StyleId-F7A0127F-6B48-4157-BB81-FE33E1E1A05B-" ALIGN="Block" LEFT="0." RIGHT="0." FIRSTLINE="-13." LINESPACE="10.63000011"/>
<ParagraphStyle ID="StyleId-E18C69F7-DBD7-48B1-805C-FCD96D0DA019-" ALIGN="Left" LEFT="0." RIGHT="0." FIRSTLINE="0." LINESPACE="11.64000034"/>
<ParagraphStyle ID="StyleId-98F15501-B611-4E83-8BB3-807E891F11F5-" ALIGN="Left" LEFT="0." RIGHT="0." FIRSTLINE="-14." LINESPACE="12.19999981"/>
<ParagraphStyle ID="StyleId-F4A78626-0BBC-4D12-94D9-A1AE75A9855F-" ALIGN="Left" LEFT="0." RIGHT="0." FIRSTLINE="0." LINESPACE="9.399999619"/>
<ParagraphStyle ID="StyleId-6A3F6F4C-D21B-4ADE-902F-7683F18ECEF3-" ALIGN="Left" LEFT="0." RIGHT="0." FIRSTLINE="0." LINESPACE="11.10000038"/>
</Styles>
<Layout>
<Page ID="Page1035" PHYSICAL_IMG_NR="1035" HEIGHT="4405" WIDTH="2484">
<TopMargin HEIGHT="470" WIDTH="2484" VPOS="0" HPOS="0">
</TopMargin>
<LeftMargin HEIGHT="3831" WIDTH="46" VPOS="470" HPOS="0">
</LeftMargin>
<RightMargin HEIGHT="3831" WIDTH="98" VPOS="470" HPOS="2386">
</RightMargin>
<BottomMargin HEIGHT="104" WIDTH="2484" VPOS="4301" HPOS="0">
</BottomMargin>
<PrintSpace HEIGHT="3831" WIDTH="2340" VPOS="470" HPOS="46">
<TextBlock ID="Page1035_Block1" HEIGHT="195" WIDTH="183" VPOS="4106" HPOS="1067" LANG="en-US" STYLEREFS="StyleId-901756CA-DBB7-43AC-AF50-5F0823193DA2-">
<TextLine HEIGHT="48" WIDTH="133" VPOS="4147" HPOS="1071">
<String CONTENT="1035" HEIGHT="48" WIDTH="133" VPOS="4147" HPOS="1071"/>
</TextLine>
</TextBlock>
<TextBlock ID="Page1035_Block2" HEIGHT="3653" WIDTH="2340" VPOS="470" HPOS="46" LANG="en-US" CS="1" STYLEREFS="StyleId-20DEEF53-EBC5-4564-9268-713D0100A025-">
<TextLine HEIGHT="70" WIDTH="1456" VPOS="499" HPOS="116" STYLEREFS="StyleId-C4181207-9FBD-4806-8E8C-9756A1C68FEA-">
<String CONTENT="Parmenter," HEIGHT="63" WIDTH="367" VPOS="506" HPOS="116"/>
<SP HEIGHT="62" WIDTH="30" VPOS="507" HPOS="484"/>
<String CONTENT="Mrs." HEIGHT="51" WIDTH="139" VPOS="507" HPOS="515"/>
<SP HEIGHT="53" WIDTH="31" VPOS="505" HPOS="655"/>
<String CONTENT="Christine" HEIGHT="57" WIDTH="301" VPOS="501" HPOS="687"/>
<SP HEIGHT="65" WIDTH="40" VPOS="502" HPOS="989"/>
<String CONTENT="(Whiting)" HEIGHT="68" WIDTH="330" VPOS="499" HPOS="1030"/>
<SP HEIGHT="64" WIDTH="40" VPOS="499" HPOS="1361"/>
<String CONTENT="1877-" HEIGHT="56" WIDTH="170" VPOS="499" HPOS="1402"/>
</TextLine>
<TextLine HEIGHT="78" WIDTH="1931" VPOS="571" HPOS="193" STYLEREFS="StyleId-3BC386AF-F1BE-4542-99A4-7EF0EE192626-" CS="1">
<String CONTENT="The" HEIGHT="51" WIDTH="121" VPOS="585" HPOS="193"/>
<SP HEIGHT="53" WIDTH="31" VPOS="583" HPOS="315"/>
<String CONTENT="long" HEIGHT="66" WIDTH="138" VPOS="583" HPOS="347"/>
<SP HEIGHT="49" WIDTH="30" VPOS="600" HPOS="486"/>
<String CONTENT="quest," HEIGHT="63" WIDTH="177" VPOS="586" HPOS="517"/>
<SP HEIGHT="67" WIDTH="33" VPOS="580" HPOS="695"/>
<String CONTENT="by" HEIGHT="67" WIDTH="74" VPOS="580" HPOS="729"/>
<SP HEIGHT="68" WIDTH="36" VPOS="579" HPOS="804"/>
<String CONTENT="Christine" HEIGHT="54" WIDTH="293" VPOS="579" HPOS="841"/>
<SP HEIGHT="54" WIDTH="32" VPOS="578" HPOS="1135"/>
<String CONTENT="Whiting" HEIGHT="67" WIDTH="268" VPOS="577" HPOS="1168"/>
<SP HEIGHT="67" WIDTH="33" VPOS="577" HPOS="1437"/>
<String CONTENT="Parmenter" HEIGHT="52" WIDTH="338" VPOS="577" HPOS="1471"/>
<SP/>
<String CS="1" CONTENT="&#8230;"/>
<SP HEIGHT="56" WIDTH="74" VPOS="571" HPOS="1909"/>
<String CONTENT="New" HEIGHT="55" WIDTH="140" VPOS="571" HPOS="1984"/>
</TextLine>
<TextLine HEIGHT="70" WIDTH="1371" VPOS="656" HPOS="122" STYLEREFS="StyleId-3BC386AF-F1BE-4542-99A4-7EF0EE192626-">
<String CONTENT="York," HEIGHT="66" WIDTH="178" VPOS="660" HPOS="122"/>
<SP HEIGHT="65" WIDTH="27" VPOS="661" HPOS="301"/>
<String CONTENT="Thomas" HEIGHT="51" WIDTH="247" VPOS="660" HPOS="329"/>
<SP HEIGHT="53" WIDTH="28" VPOS="658" HPOS="577"/>
<String CONTENT="Y." HEIGHT="52" WIDTH="71" VPOS="658" HPOS="606"/>
<SP HEIGHT="54" WIDTH="31" VPOS="656" HPOS="678"/>
<String CONTENT="Crowell" HEIGHT="54" WIDTH="243" VPOS="656" HPOS="710"/>
<SP HEIGHT="50" WIDTH="29" VPOS="658" HPOS="954"/>
<String CONTENT="company" HEIGHT="51" WIDTH="283" VPOS="672" HPOS="984"/>
<SP HEIGHT="50" WIDTH="31" VPOS="672" HPOS="1268"/>
<String CONTENT="[c1933]" HEIGHT="65" WIDTH="193" VPOS="656" HPOS="1300"/>
</TextLine>
<TextLine HEIGHT="49" WIDTH="380" VPOS="744" HPOS="188" CS="1">
<String CONTENT="288" HEIGHT="40" WIDTH="87" VPOS="746" HPOS="188"/>
<SP HEIGHT="46" WIDTH="35" VPOS="747" HPOS="276"/>
<String CONTENT="p." HEIGHT="37" WIDTH="42" VPOS="756" HPOS="312"/>
<SP HEIGHT="38" WIDTH="66" VPOS="746" HPOS="355"/>
<String CS="1" CONTENT="19&#189;cm." HEIGHT="40" WIDTH="146" VPOS="744" HPOS="422"/>
</TextLine>
<TextLine HEIGHT="113" WIDTH="1978" VPOS="809" HPOS="127" CS="1">
<String CONTENT="&#169;" HEIGHT="51" WIDTH="50" VPOS="813" HPOS="127"/>
<SP HEIGHT="51" WIDTH="27" VPOS="813" HPOS="178"/>
<String CONTENT="July" HEIGHT="47" WIDTH="117" VPOS="817" HPOS="206"/>
<SP HEIGHT="46" WIDTH="24" VPOS="818" HPOS="324"/>
<String CONTENT="18," HEIGHT="47" WIDTH="69" VPOS="816" HPOS="349"/>
<SP HEIGHT="46" WIDTH="26" VPOS="817" HPOS="419"/>
<String CONTENT="1933;" HEIGHT="46" WIDTH="140" VPOS="815" HPOS="446"/>
<SP HEIGHT="46" WIDTH="29" VPOS="815" HPOS="587"/>
<String CONTENT="2c." HEIGHT="39" WIDTH="67" VPOS="815" HPOS="617"/>
<SP HEIGHT="29" WIDTH="28" VPOS="825" HPOS="685"/>
<String CONTENT="and" HEIGHT="38" WIDTH="94" VPOS="815" HPOS="714"/>
<SP HEIGHT="38" WIDTH="28" VPOS="815" HPOS="809"/>
<String CONTENT="aff." HEIGHT="40" WIDTH="81" VPOS="812" HPOS="838"/>
<SP HEIGHT="39" WIDTH="28" VPOS="813" HPOS="920"/>
<String CONTENT="July" HEIGHT="47" WIDTH="117" VPOS="813" HPOS="949"/>
<SP HEIGHT="47" WIDTH="25" VPOS="813" HPOS="1067"/>
<String CONTENT="22;" HEIGHT="46" WIDTH="83" VPOS="813" HPOS="1093"/>
<SP HEIGHT="47" WIDTH="29" VPOS="812" HPOS="1177"/>
<!-- cceid 46719096-6CF9-1014-A6CF-A82867D68027 --><String CONTENT="A" HEIGHT="39" WIDTH="42" VPOS="812" HPOS="1207"/>
<SP HEIGHT="40" WIDTH="26" VPOS="811" HPOS="1250"/>
<String CONTENT="63649;" HEIGHT="48" WIDTH="169" VPOS="810" HPOS="1277"/>
<SP HEIGHT="48" WIDTH="31" VPOS="810" HPOS="1447"/>
<String CONTENT="C." HEIGHT="41" WIDTH="47" VPOS="810" HPOS="1479"/>
<SP HEIGHT="39" WIDTH="31" VPOS="811" HPOS="1527"/>
<String CONTENT="W." HEIGHT="39" WIDTH="70" VPOS="811" HPOS="1559"/>
<SP HEIGHT="38" WIDTH="29" VPOS="810" HPOS="1630"/>
<String CONTENT="Parmenter," HEIGHT="45" WIDTH="300" VPOS="810" HPOS="1660"/>
<SP HEIGHT="46" WIDTH="28" VPOS="809" HPOS="1961"/>
<String CONTENT="Colorado" HEIGHT="105" WIDTH="1911" VPOS="809" HPOS="194"/>
<SP HEIGHT="40" WIDTH="28" VPOS="874" HPOS="315"/>
<String CONTENT="Springs," HEIGHT="48" WIDTH="212" VPOS="874" HPOS="344"/>
<SP HEIGHT="48" WIDTH="29" VPOS="872" HPOS="557"/>
<String CONTENT="Col." HEIGHT="40" WIDTH="97" VPOS="872" HPOS="587"/>
<SP HEIGHT="47" WIDTH="73" VPOS="872" HPOS="685"/>
<String CONTENT="(33-18659)" HEIGHT="49" WIDTH="280" VPOS="870" HPOS="759"/>
</TextLine>
<TextLine HEIGHT="66" WIDTH="1068" VPOS="975" HPOS="118" STYLEREFS="StyleId-C4181207-9FBD-4806-8E8C-9756A1C68FEA-">
<String CONTENT="Parsons," HEIGHT="65" WIDTH="276" VPOS="976" HPOS="118"/>
<SP HEIGHT="64" WIDTH="28" VPOS="977" HPOS="395"/>
<String CONTENT="Arthur" HEIGHT="53" WIDTH="232" VPOS="976" HPOS="424"/>
<SP HEIGHT="52" WIDTH="27" VPOS="976" HPOS="657"/>
<String CONTENT="Barrette," HEIGHT="62" WIDTH="298" VPOS="976" HPOS="685"/>
<SP HEIGHT="58" WIDTH="30" VPOS="980" HPOS="984"/>
<String CONTENT="1887-" HEIGHT="54" WIDTH="171" VPOS="975" HPOS="1015"/>
</TextLine>
<TextLine HEIGHT="73" WIDTH="1932" VPOS="1048" HPOS="193" STYLEREFS="StyleId-3BC386AF-F1BE-4542-99A4-7EF0EE192626-" CS="1">
<String CONTENT="The" HEIGHT="52" WIDTH="121" VPOS="1054" HPOS="193"/>
<SP HEIGHT="50" WIDTH="27" VPOS="1071" HPOS="315"/>
<String CONTENT="porphyry" HEIGHT="67" WIDTH="300" VPOS="1054" HPOS="343"/>
<SP HEIGHT="50" WIDTH="30" VPOS="1071" HPOS="644"/>
<String CONTENT="coppers," HEIGHT="51" WIDTH="255" VPOS="1069" HPOS="675"/>
<SP HEIGHT="68" WIDTH="30" VPOS="1051" HPOS="931"/>
<String CONTENT="by" HEIGHT="69" WIDTH="75" VPOS="1051" HPOS="962"/>
<SP HEIGHT="70" WIDTH="32" VPOS="1050" HPOS="1038"/>
<String CONTENT="A." HEIGHT="53" WIDTH="72" VPOS="1050" HPOS="1071"/>
<SP HEIGHT="52" WIDTH="34" VPOS="1051" HPOS="1144"/>
<String CONTENT="B." HEIGHT="51" WIDTH="67" VPOS="1051" HPOS="1179"/>
<SP HEIGHT="52" WIDTH="34" VPOS="1051" HPOS="1247"/>
<String CONTENT="Parsons" HEIGHT="52" WIDTH="249" VPOS="1051" HPOS="1282"/>
<SP/>
<String CS="1" CONTENT="&#8230;"/>
<SP HEIGHT="49" WIDTH="80" VPOS="1052" HPOS="1626"/>
<String CONTENT="1st" HEIGHT="49" WIDTH="85" VPOS="1052" HPOS="1707"/>
<SP HEIGHT="47" WIDTH="31" VPOS="1054" HPOS="1793"/>
<String CONTENT="ed." HEIGHT="54" WIDTH="85" VPOS="1048" HPOS="1825"/>
<SP HEIGHT="54" WIDTH="72" VPOS="1048" HPOS="1911"/>
<String CONTENT="New" HEIGHT="54" WIDTH="141" VPOS="1048" HPOS="1984"/>
</TextLine>
<TextLine HEIGHT="69" WIDTH="360" VPOS="1131" HPOS="125" STYLEREFS="StyleId-3BC386AF-F1BE-4542-99A4-7EF0EE192626-">
<String CONTENT="York," HEIGHT="69" WIDTH="178" VPOS="1131" HPOS="125"/>
<SP HEIGHT="65" WIDTH="30" VPOS="1135" HPOS="304"/>
<String CONTENT="1933." HEIGHT="52" WIDTH="150" VPOS="1134" HPOS="335"/>
</TextLine>
<TextLine HEIGHT="109" WIDTH="1981" VPOS="1198" HPOS="125" CS="1">
<String CONTENT="xv," HEIGHT="39" WIDTH="75" VPOS="1214" HPOS="193"/>
<SP HEIGHT="48" WIDTH="30" VPOS="1205" HPOS="269"/>
<String CONTENT="581" HEIGHT="40" WIDTH="83" VPOS="1205" HPOS="300"/>
<SP HEIGHT="45" WIDTH="28" VPOS="1207" HPOS="384"/>
<String CONTENT="p." HEIGHT="38" WIDTH="44" VPOS="1214" HPOS="413"/>
<SP HEIGHT="41" WIDTH="30" VPOS="1203" HPOS="458"/>
<String CONTENT="incl." HEIGHT="41" WIDTH="109" VPOS="1203" HPOS="489"/>
<SP HEIGHT="40" WIDTH="31" VPOS="1203" HPOS="599"/>
<String CONTENT="front.," HEIGHT="46" WIDTH="162" VPOS="1203" HPOS="631"/>
<SP HEIGHT="46" WIDTH="30" VPOS="1203" HPOS="794"/>
<String CONTENT="illus" HEIGHT="40" WIDTH="115" VPOS="1202" HPOS="825"/>
<SP HEIGHT="49" WIDTH="26" VPOS="1201" HPOS="941"/>
<String CONTENT="(incl." HEIGHT="49" WIDTH="132" VPOS="1201" HPOS="968"/>
<SP HEIGHT="38" WIDTH="31" VPOS="1211" HPOS="1101"/>
<String CONTENT="ports.," HEIGHT="45" WIDTH="163" VPOS="1204" HPOS="1133"/>
<SP HEIGHT="37" WIDTH="33" VPOS="1211" HPOS="1297"/>
<String CONTENT="maps)" HEIGHT="48" WIDTH="160" VPOS="1201" HPOS="1331"/>
<SP HEIGHT="48" WIDTH="41" VPOS="1201" HPOS="1492"/>
<String CONTENT="diagrs." HEIGHT="48" WIDTH="180" VPOS="1199" HPOS="1534"/>
<SP HEIGHT="40" WIDTH="60" VPOS="1199" HPOS="1715"/>
<String CS="1" CONTENT="23&#189;cm." HEIGHT="41" WIDTH="147" VPOS="1198" HPOS="1776"/>
<SP HEIGHT="48" WIDTH="69" VPOS="1200" HPOS="1924"/>
<String CONTENT="(Lettered" HEIGHT="103" WIDTH="1981" VPOS="1200" HPOS="125"/>
<SP HEIGHT="38" WIDTH="24" VPOS="1265" HPOS="257"/>
<String CONTENT="on" HEIGHT="29" WIDTH="60" VPOS="1274" HPOS="282"/>
<SP HEIGHT="31" WIDTH="23" VPOS="1271" HPOS="343"/>
<String CONTENT="cover;" HEIGHT="33" WIDTH="162" VPOS="1269" HPOS="367"/>
<SP HEIGHT="41" WIDTH="23" VPOS="1261" HPOS="530"/>
<String CONTENT="Rocky" HEIGHT="47" WIDTH="166" VPOS="1260" HPOS="554"/>
<SP HEIGHT="38" WIDTH="22" VPOS="1269" HPOS="721"/>
<String CONTENT="mountain" HEIGHT="40" WIDTH="253" VPOS="1259" HPOS="744"/>
<SP HEIGHT="40" WIDTH="23" VPOS="1258" HPOS="998"/>
<String CONTENT="fund" HEIGHT="40" WIDTH="124" VPOS="1258" HPOS="1022"/>
<SP HEIGHT="39" WIDTH="25" VPOS="1259" HPOS="1147"/>
<String CONTENT="series)" HEIGHT="49" WIDTH="174" VPOS="1257" HPOS="1173"/>
</TextLine>
<TextLine HEIGHT="50" WIDTH="1930" VPOS="1327" HPOS="195">
<String CONTENT="&#8220;Published" HEIGHT="41" WIDTH="289" VPOS="1331" HPOS="195"/>
<SP HEIGHT="40" WIDTH="37" VPOS="1331" HPOS="485"/>
<String CONTENT="by" HEIGHT="46" WIDTH="61" VPOS="1331" HPOS="523"/>
<SP HEIGHT="45" WIDTH="40" VPOS="1332" HPOS="585"/>
<String CONTENT="the" HEIGHT="39" WIDTH="81" VPOS="1331" HPOS="626"/>
<SP HEIGHT="39" WIDTH="37" VPOS="1331" HPOS="708"/>
<String CONTENT="American" HEIGHT="41" WIDTH="257" VPOS="1328" HPOS="746"/>
<SP HEIGHT="40" WIDTH="38" VPOS="1328" HPOS="1004"/>
<String CONTENT="institute" HEIGHT="42" WIDTH="228" VPOS="1327" HPOS="1043"/>
<SP HEIGHT="30" WIDTH="39" VPOS="1339" HPOS="1272"/>
<String CONTENT="of" HEIGHT="40" WIDTH="53" VPOS="1328" HPOS="1312"/>
<SP HEIGHT="39" WIDTH="35" VPOS="1328" HPOS="1366"/>
<String CONTENT="mining" HEIGHT="48" WIDTH="187" VPOS="1327" HPOS="1402"/>
<SP HEIGHT="38" WIDTH="37" VPOS="1337" HPOS="1590"/>
<String CONTENT="and" HEIGHT="39" WIDTH="95" VPOS="1329" HPOS="1628"/>
<SP HEIGHT="39" WIDTH="40" VPOS="1329" HPOS="1724"/>
<String CONTENT="metallurgical" HEIGHT="48" WIDTH="360" VPOS="1327" HPOS="1765"/>
</TextLine>
<TextLine HEIGHT="53" WIDTH="1469" VPOS="1384" HPOS="124">
<String CONTENT="engineers," HEIGHT="48" WIDTH="265" VPOS="1389" HPOS="124"/>
<SP HEIGHT="39" WIDTH="35" VPOS="1398" HPOS="390"/>
<String CONTENT="sponsored" HEIGHT="47" WIDTH="261" VPOS="1388" HPOS="426"/>
<SP HEIGHT="40" WIDTH="32" VPOS="1387" HPOS="688"/>
<String CONTENT="by" HEIGHT="46" WIDTH="62" VPOS="1387" HPOS="721"/>
<SP HEIGHT="44" WIDTH="33" VPOS="1389" HPOS="784"/>
<String CONTENT="the" HEIGHT="39" WIDTH="81" VPOS="1387" HPOS="818"/>
<SP HEIGHT="40" WIDTH="36" VPOS="1386" HPOS="900"/>
<String CONTENT="Rocky" HEIGHT="46" WIDTH="163" VPOS="1386" HPOS="937"/>
<SP HEIGHT="37" WIDTH="35" VPOS="1395" HPOS="1101"/>
<String CONTENT="mountain" HEIGHT="42" WIDTH="254" VPOS="1384" HPOS="1137"/>
<SP HEIGHT="39" WIDTH="32" VPOS="1385" HPOS="1392"/>
<String CONTENT="fund.&#8221;" HEIGHT="41" WIDTH="168" VPOS="1384" HPOS="1425"/>
</TextLine>
<TextLine HEIGHT="110" WIDTH="1981" VPOS="1455" HPOS="129" CS="1">
<String CONTENT="&#169;" HEIGHT="52" WIDTH="51" VPOS="1457" HPOS="129"/>
<SP HEIGHT="52" WIDTH="27" VPOS="1457" HPOS="181"/>
<String CONTENT="June" HEIGHT="39" WIDTH="126" VPOS="1462" HPOS="209"/>
<SP HEIGHT="39" WIDTH="24" VPOS="1461" HPOS="336"/>
<String CONTENT="30," HEIGHT="47" WIDTH="69" VPOS="1460" HPOS="361"/>
<SP HEIGHT="45" WIDTH="26" VPOS="1462" HPOS="431"/>
<String CS="1" CONTENT="1933;" HEIGHT="42" WIDTH="114" VPOS="1458" HPOS="458"/>
<SP HEIGHT="46" WIDTH="27" VPOS="1460" HPOS="600"/>
<String CONTENT="2c." HEIGHT="39" WIDTH="67" VPOS="1460" HPOS="628"/>
<SP HEIGHT="29" WIDTH="27" VPOS="1470" HPOS="696"/>
<String CONTENT="and" HEIGHT="40" WIDTH="96" VPOS="1459" HPOS="724"/>
<SP HEIGHT="39" WIDTH="27" VPOS="1459" HPOS="821"/>
<String CONTENT="aff." HEIGHT="41" WIDTH="81" VPOS="1458" HPOS="849"/>
<SP HEIGHT="39" WIDTH="27" VPOS="1460" HPOS="931"/>
<String CONTENT="July" HEIGHT="47" WIDTH="115" VPOS="1460" HPOS="959"/>
<SP HEIGHT="48" WIDTH="25" VPOS="1459" HPOS="1075"/>
<String CONTENT="20;" HEIGHT="46" WIDTH="84" VPOS="1459" HPOS="1101"/>
<SP HEIGHT="46" WIDTH="29" VPOS="1459" HPOS="1186"/>
<!-- cceid 4671F7AA-6CF9-1014-A6CF-A82867D68027 --><String CONTENT="A" HEIGHT="38" WIDTH="41" VPOS="1459" HPOS="1216"/>
<SP HEIGHT="39" WIDTH="26" VPOS="1458" HPOS="1258"/>
<String CONTENT="63640;" HEIGHT="47" WIDTH="171" VPOS="1458" HPOS="1285"/>
<SP HEIGHT="47" WIDTH="26" VPOS="1458" HPOS="1457"/>
<String CONTENT="Amer." HEIGHT="40" WIDTH="160" VPOS="1458" HPOS="1484"/>
<SP HEIGHT="40" WIDTH="28" VPOS="1458" HPOS="1645"/>
<String CONTENT="institute" HEIGHT="40" WIDTH="230" VPOS="1458" HPOS="1674"/>
<SP HEIGHT="31" WIDTH="23" VPOS="1467" HPOS="1905"/>
<String CONTENT="of" HEIGHT="40" WIDTH="52" VPOS="1458" HPOS="1929"/>
<SP HEIGHT="39" WIDTH="27" VPOS="1458" HPOS="1982"/>
<String CONTENT="mining" HEIGHT="110" WIDTH="1914" VPOS="1455" HPOS="196"/>
<SP HEIGHT="37" WIDTH="24" VPOS="1528" HPOS="280"/>
<String CONTENT="and" HEIGHT="38" WIDTH="95" VPOS="1519" HPOS="305"/>
<SP HEIGHT="38" WIDTH="26" VPOS="1519" HPOS="401"/>
<String CONTENT="metallurgical" HEIGHT="48" WIDTH="356" VPOS="1516" HPOS="428"/>
<SP HEIGHT="37" WIDTH="28" VPOS="1518" HPOS="785"/>
<String CONTENT="engineers," HEIGHT="48" WIDTH="264" VPOS="1515" HPOS="814"/>
<SP HEIGHT="47" WIDTH="30" VPOS="1516" HPOS="1079"/>
<String CONTENT="inc.," HEIGHT="47" WIDTH="104" VPOS="1516" HPOS="1110"/>
<SP HEIGHT="47" WIDTH="28" VPOS="1516" HPOS="1215"/>
<String CONTENT="New" HEIGHT="39" WIDTH="117" VPOS="1516" HPOS="1244"/>
<SP HEIGHT="38" WIDTH="27" VPOS="1516" HPOS="1362"/>
<String CONTENT="York." HEIGHT="39" WIDTH="145" VPOS="1516" HPOS="1390"/>
</TextLine>
<TextLine HEIGHT="49" WIDTH="280" VPOS="1574" HPOS="207">
<String CONTENT="(33-18911)" HEIGHT="49" WIDTH="280" VPOS="1574" HPOS="207"/>
</TextLine>
<TextLine HEIGHT="64" WIDTH="470" VPOS="1678" HPOS="123" STYLEREFS="StyleId-C4181207-9FBD-4806-8E8C-9756A1C68FEA-">
<String CONTENT="Pary," HEIGHT="64" WIDTH="174" VPOS="1678" HPOS="123"/>
<SP HEIGHT="64" WIDTH="29" VPOS="1678" HPOS="298"/>
<String CONTENT="Juliette." HEIGHT="55" WIDTH="265" VPOS="1678" HPOS="328"/>
</TextLine>
<TextLine HEIGHT="70" WIDTH="1935" VPOS="1752" HPOS="195" STYLEREFS="StyleId-3BC386AF-F1BE-4542-99A4-7EF0EE192626-">
<String CONTENT="L&#8217;homme" HEIGHT="52" WIDTH="293" VPOS="1754" HPOS="195"/>
<SP HEIGHT="34" WIDTH="38" VPOS="1772" HPOS="489"/>
<String CONTENT="aux" HEIGHT="34" WIDTH="111" VPOS="1772" HPOS="528"/>
<SP HEIGHT="32" WIDTH="40" VPOS="1774" HPOS="640"/>
<String CONTENT="romans" HEIGHT="35" WIDTH="225" VPOS="1772" HPOS="681"/>
<SP HEIGHT="49" WIDTH="38" VPOS="1772" HPOS="907"/>
<String CONTENT="policiers," HEIGHT="68" WIDTH="283" VPOS="1753" HPOS="946"/>
<SP HEIGHT="50" WIDTH="38" VPOS="1772" HPOS="1230"/>
<String CONTENT="par" HEIGHT="50" WIDTH="106" VPOS="1772" HPOS="1269"/>
<SP HEIGHT="53" WIDTH="38" VPOS="1754" HPOS="1376"/>
<String CONTENT="Juliette" HEIGHT="55" WIDTH="240" VPOS="1752" HPOS="1415"/>
<SP HEIGHT="52" WIDTH="38" VPOS="1754" HPOS="1656"/>
<String CONTENT="Pary." HEIGHT="67" WIDTH="174" VPOS="1754" HPOS="1695"/>
<SP HEIGHT="52" WIDTH="74" VPOS="1754" HPOS="1870"/>
<String CONTENT="Paris," HEIGHT="69" WIDTH="185" VPOS="1752" HPOS="1945"/>
</TextLine>
<TextLine HEIGHT="68" WIDTH="1192" VPOS="1832" HPOS="126" STYLEREFS="StyleId-3BC386AF-F1BE-4542-99A4-7EF0EE192626-" CS="1">
<String CONTENT="Librairie" HEIGHT="54" WIDTH="284" VPOS="1832" HPOS="126"/>
<SP HEIGHT="53" WIDTH="31" VPOS="1833" HPOS="411"/>
<String CONTENT="des" HEIGHT="52" WIDTH="94" VPOS="1833" HPOS="443"/>
<SP HEIGHT="54" WIDTH="35" VPOS="1833" HPOS="538"/>
<String CS="1" CONTENT="Champs-&#201;lys&#233;es" HEIGHT="67" WIDTH="511" VPOS="1833" HPOS="574"/>
<SP HEIGHT="46" WIDTH="39" VPOS="1853" HPOS="1086"/>
<String CONTENT="[c1933]" HEIGHT="64" WIDTH="192" VPOS="1835" HPOS="1126"/>
</TextLine>
<TextLine HEIGHT="53" WIDTH="1932" VPOS="1904" HPOS="197" CS="1">
<String CONTENT="2" HEIGHT="39" WIDTH="30" VPOS="1907" HPOS="197"/>
<SP/>
<String CONTENT="p." HEIGHT="37" WIDTH="43" VPOS="1918" HPOS="247"/>
<SP/>
<String CS="1" CONTENT="l.,"/>
<SP HEIGHT="31" WIDTH="27" VPOS="1926" HPOS="369"/>
<String CS="1" CONTENT="[7]-247" HEIGHT="49" WIDTH="161" VPOS="1906" HPOS="410"/>
<SP HEIGHT="47" WIDTH="22" VPOS="1908" HPOS="572"/>
<String CONTENT="p." HEIGHT="37" WIDTH="43" VPOS="1918" HPOS="595"/>
<SP HEIGHT="37" WIDTH="58" VPOS="1908" HPOS="639"/>
<String CS="1" CONTENT="18&#189;cm." HEIGHT="41" WIDTH="146" VPOS="1906" HPOS="698"/>
<SP HEIGHT="47" WIDTH="60" VPOS="1906" HPOS="845"/>
<String CONTENT="(Half-title:" HEIGHT="48" WIDTH="302" VPOS="1906" HPOS="906"/>
<SP HEIGHT="41" WIDTH="22" VPOS="1906" HPOS="1209"/>
<String CONTENT="Le" HEIGHT="39" WIDTH="64" VPOS="1906" HPOS="1232"/>
<SP HEIGHT="29" WIDTH="22" VPOS="1916" HPOS="1297"/>
<String CS="1" CONTENT="masque;" HEIGHT="38" WIDTH="198" VPOS="1916" HPOS="1320"/>
<SP HEIGHT="38" WIDTH="24" VPOS="1916" HPOS="1547"/>
<String CONTENT="collection" HEIGHT="42" WIDTH="255" VPOS="1904" HPOS="1572"/>
<SP HEIGHT="39" WIDTH="21" VPOS="1907" HPOS="1828"/>
<String CONTENT="de" HEIGHT="39" WIDTH="58" VPOS="1907" HPOS="1850"/>
<SP HEIGHT="29" WIDTH="25" VPOS="1916" HPOS="1909"/>
<String CONTENT="romans" HEIGHT="32" WIDTH="194" VPOS="1914" HPOS="1935"/>
</TextLine>
<TextLine HEIGHT="49" WIDTH="594" VPOS="1963" HPOS="127" CS="1">
<String CONTENT="d&#8217;aventures" HEIGHT="41" WIDTH="309" VPOS="1964" HPOS="127"/>
<SP/>
<String CS="1" CONTENT="&#8230;"/>
<SP/>
<String CONTENT="[125])" HEIGHT="49" WIDTH="141" VPOS="1963" HPOS="580"/>
</TextLine>
<TextLine HEIGHT="118" WIDTH="1999" VPOS="2034" HPOS="134" CS="1">
<String CONTENT="&#169;" HEIGHT="52" WIDTH="51" VPOS="2034" HPOS="134"/>
<SP HEIGHT="52" WIDTH="28" VPOS="2034" HPOS="186"/>
<String CONTENT="Feb." HEIGHT="39" WIDTH="110" VPOS="2039" HPOS="215"/>
<SP HEIGHT="39" WIDTH="27" VPOS="2039" HPOS="326"/>
<String CONTENT="20," HEIGHT="48" WIDTH="69" VPOS="2038" HPOS="354"/>
<SP HEIGHT="46" WIDTH="27" VPOS="2040" HPOS="424"/>
<String CONTENT="1933;" HEIGHT="46" WIDTH="139" VPOS="2038" HPOS="452"/>
<SP/>
<String CS="1" CONTENT="1c."/>
<SP/>
<String CONTENT="May" HEIGHT="46" WIDTH="114" VPOS="2038" HPOS="720"/>
<SP HEIGHT="45" WIDTH="26" VPOS="2039" HPOS="835"/>
<String CONTENT="17;" HEIGHT="46" WIDTH="81" VPOS="2038" HPOS="862"/>
<SP HEIGHT="47" WIDTH="31" VPOS="2037" HPOS="944"/>
<!-- cceid 4672612D-6CF9-1014-A6CF-A82867D68027 --><String CONTENT="A-Foreign" HEIGHT="48" WIDTH="312" VPOS="2036" HPOS="976"/>
<SP HEIGHT="39" WIDTH="26" VPOS="2037" HPOS="1289"/>
<String CONTENT="20971;" HEIGHT="47" WIDTH="171" VPOS="2037" HPOS="1316"/>
<SP HEIGHT="46" WIDTH="30" VPOS="2038" HPOS="1488"/>
<String CONTENT="Librairie" HEIGHT="40" WIDTH="244" VPOS="2037" HPOS="1519"/>
<SP HEIGHT="39" WIDTH="23" VPOS="2038" HPOS="1764"/>
<String CONTENT="des" HEIGHT="39" WIDTH="86" VPOS="2038" HPOS="1788"/>
<SP HEIGHT="41" WIDTH="29" VPOS="2036" HPOS="1875"/>
<String CS="1" CONTENT="Champs-&#201;lyse&#233;s." HEIGHT="115" WIDTH="1888" VPOS="2036" HPOS="245"/>
<SP HEIGHT="49" WIDTH="69" VPOS="2103" HPOS="415"/>
<String CONTENT="(33-18764)" HEIGHT="51" WIDTH="279" VPOS="2101" HPOS="485"/>
</TextLine>
<TextLine HEIGHT="63" WIDTH="753" VPOS="2207" HPOS="129" STYLEREFS="StyleId-C4181207-9FBD-4806-8E8C-9756A1C68FEA-">
<String CONTENT="Patterson," HEIGHT="62" WIDTH="335" VPOS="2208" HPOS="129"/>
<SP HEIGHT="63" WIDTH="27" VPOS="2207" HPOS="465"/>
<String CONTENT="George" HEIGHT="63" WIDTH="225" VPOS="2207" HPOS="493"/>
<SP HEIGHT="52" WIDTH="27" VPOS="2207" HPOS="719"/>
<String CONTENT="Leo." HEIGHT="53" WIDTH="135" VPOS="2207" HPOS="747"/>
</TextLine>
<TextLine HEIGHT="146" WIDTH="1973" VPOS="2283" HPOS="132" STYLEREFS="StyleId-3BC386AF-F1BE-4542-99A4-7EF0EE192626-" CS="1">
<String CONTENT="Amid" HEIGHT="53" WIDTH="177" VPOS="2283" HPOS="202"/>
<SP HEIGHT="51" WIDTH="27" VPOS="2285" HPOS="380"/>
<String CONTENT="the" HEIGHT="51" WIDTH="96" VPOS="2285" HPOS="408"/>
<SP HEIGHT="33" WIDTH="26" VPOS="2303" HPOS="505"/>
<String CONTENT="mountains" HEIGHT="53" WIDTH="325" VPOS="2284" HPOS="532"/>
<SP HEIGHT="34" WIDTH="28" VPOS="2303" HPOS="858"/>
<String CONTENT="of" HEIGHT="52" WIDTH="64" VPOS="2285" HPOS="887"/>
<SP HEIGHT="51" WIDTH="26" VPOS="2285" HPOS="952"/>
<String CONTENT="our" HEIGHT="34" WIDTH="104" VPOS="2303" HPOS="979"/>
<SP HEIGHT="33" WIDTH="28" VPOS="2303" HPOS="1084"/>
<String CONTENT="moon" HEIGHT="35" WIDTH="166" VPOS="2302" HPOS="1113"/>
<SP/>
<String CS="1" CONTENT="&#8230;"/>
<SP HEIGHT="52" WIDTH="32" VPOS="2285" HPOS="1372"/>
<String CONTENT="by" HEIGHT="67" WIDTH="77" VPOS="2285" HPOS="1405"/>
<SP HEIGHT="68" WIDTH="27" VPOS="2284" HPOS="1483"/>
<String CONTENT="George" HEIGHT="67" WIDTH="223" VPOS="2284" HPOS="1511"/>
<SP HEIGHT="50" WIDTH="26" VPOS="2285" HPOS="1735"/>
<String CONTENT="Leo" HEIGHT="51" WIDTH="114" VPOS="2285" HPOS="1762"/>
<SP HEIGHT="50" WIDTH="27" VPOS="2286" HPOS="1877"/>
<String CONTENT="Patterson" HEIGHT="130" WIDTH="1973" VPOS="2286" HPOS="132"/>
<SP/>
<String CS="1" CONTENT="&#8230;"/>
<SP HEIGHT="53" WIDTH="76" VPOS="2364" HPOS="321"/>
<String CONTENT="Denver," HEIGHT="64" WIDTH="244" VPOS="2364" HPOS="398"/>
<SP HEIGHT="65" WIDTH="27" VPOS="2363" HPOS="643"/>
<String CONTENT="Col.," HEIGHT="65" WIDTH="139" VPOS="2363" HPOS="671"/>
<SP HEIGHT="62" WIDTH="28" VPOS="2366" HPOS="811"/>
<String CONTENT="The" HEIGHT="51" WIDTH="121" VPOS="2365" HPOS="840"/>
<SP HEIGHT="34" WIDTH="26" VPOS="2382" HPOS="962"/>
<String CONTENT="author," HEIGHT="66" WIDTH="223" VPOS="2363" HPOS="989"/>
<SP HEIGHT="62" WIDTH="29" VPOS="2367" HPOS="1213"/>
<String CONTENT="1933." HEIGHT="49" WIDTH="149" VPOS="2367" HPOS="1243"/>
</TextLine>
<TextLine HEIGHT="51" WIDTH="1366" VPOS="2434" HPOS="204" CS="1">
<String CONTENT="3" HEIGHT="39" WIDTH="25" VPOS="2438" HPOS="204"/>
<SP/>
<String CONTENT="p." HEIGHT="37" WIDTH="42" VPOS="2448" HPOS="257"/>
<SP HEIGHT="37" WIDTH="26" VPOS="2439" HPOS="300"/>
<String CS="1" CONTENT="l," HEIGHT="15" WIDTH="8" VPOS="2469" HPOS="362"/>
<SP HEIGHT="47" WIDTH="25" VPOS="2437" HPOS="371"/>
<String CONTENT="9-187" HEIGHT="40" WIDTH="144" VPOS="2437" HPOS="397"/>
<SP HEIGHT="46" WIDTH="24" VPOS="2438" HPOS="542"/>
<String CONTENT="p." HEIGHT="37" WIDTH="43" VPOS="2447" HPOS="567"/>
<SP HEIGHT="40" WIDTH="59" VPOS="2437" HPOS="611"/>
<String CONTENT="16cm." HEIGHT="41" WIDTH="115" VPOS="2436" HPOS="671"/>
<SP HEIGHT="49" WIDTH="69" VPOS="2435" HPOS="787"/>
<String CONTENT="(Pocket" HEIGHT="49" WIDTH="202" VPOS="2435" HPOS="857"/>
<SP HEIGHT="38" WIDTH="25" VPOS="2438" HPOS="1060"/>
<String CONTENT="astronomy" HEIGHT="45" WIDTH="282" VPOS="2438" HPOS="1086"/>
<SP HEIGHT="37" WIDTH="25" VPOS="2446" HPOS="1369"/>
<String CONTENT="series)" HEIGHT="49" WIDTH="175" VPOS="2434" HPOS="1395"/>
</TextLine>
<TextLine HEIGHT="49" WIDTH="1928" VPOS="2505" HPOS="207">
<String CONTENT="&#8220;An" HEIGHT="39" WIDTH="101" VPOS="2506" HPOS="207"/>
<SP HEIGHT="29" WIDTH="33" VPOS="2517" HPOS="309"/>
<String CONTENT="accurate" HEIGHT="37" WIDTH="227" VPOS="2509" HPOS="343"/>
<SP HEIGHT="37" WIDTH="32" VPOS="2517" HPOS="571"/>
<String CONTENT="yet" HEIGHT="44" WIDTH="79" VPOS="2510" HPOS="604"/>
<SP HEIGHT="44" WIDTH="34" VPOS="2510" HPOS="684"/>
<String CONTENT="popular" HEIGHT="46" WIDTH="204" VPOS="2508" HPOS="719"/>
<SP HEIGHT="39" WIDTH="33" VPOS="2507" HPOS="924"/>
<String CONTENT="treatise" HEIGHT="41" WIDTH="203" VPOS="2505" HPOS="958"/>
<SP HEIGHT="29" WIDTH="35" VPOS="2517" HPOS="1162"/>
<String CONTENT="on" HEIGHT="29" WIDTH="59" VPOS="2517" HPOS="1198"/>
<SP HEIGHT="29" WIDTH="31" VPOS="2516" HPOS="1258"/>
<String CONTENT="our" HEIGHT="29" WIDTH="91" VPOS="2516" HPOS="1290"/>
<SP HEIGHT="27" WIDTH="32" VPOS="2517" HPOS="1382"/>
<String CONTENT="moon" HEIGHT="29" WIDTH="140" VPOS="2517" HPOS="1415"/>
<SP HEIGHT="29" WIDTH="33" VPOS="2517" HPOS="1556"/>
<String CONTENT="and" HEIGHT="40" WIDTH="96" VPOS="2506" HPOS="1590"/>
<SP HEIGHT="40" WIDTH="34" VPOS="2506" HPOS="1687"/>
<String CONTENT="the" HEIGHT="40" WIDTH="81" VPOS="2506" HPOS="1722"/>
<SP HEIGHT="39" WIDTH="33" VPOS="2506" HPOS="1804"/>
<String CONTENT="twenty-five" HEIGHT="48" WIDTH="297" VPOS="2505" HPOS="1838"/>
</TextLine>
<TextLine HEIGHT="49" WIDTH="1040" VPOS="2563" HPOS="136">
<String CONTENT="other" HEIGHT="40" WIDTH="139" VPOS="2564" HPOS="136"/>
<SP HEIGHT="30" WIDTH="27" VPOS="2575" HPOS="276"/>
<String CONTENT="satellites." HEIGHT="41" WIDTH="251" VPOS="2564" HPOS="304"/>
<SP HEIGHT="39" WIDTH="62" VPOS="2564" HPOS="556"/>
<String CONTENT="For" HEIGHT="40" WIDTH="93" VPOS="2564" HPOS="619"/>
<SP HEIGHT="37" WIDTH="28" VPOS="2575" HPOS="713"/>
<String CONTENT="young" HEIGHT="38" WIDTH="161" VPOS="2574" HPOS="742"/>
<SP HEIGHT="38" WIDTH="25" VPOS="2574" HPOS="904"/>
<String CONTENT="and" HEIGHT="40" WIDTH="95" VPOS="2565" HPOS="930"/>
<SP HEIGHT="40" WIDTH="27" VPOS="2565" HPOS="1026"/>
<String CONTENT="old.&#8221;" HEIGHT="42" WIDTH="122" VPOS="2563" HPOS="1054"/>
</TextLine>
<TextLine HEIGHT="52" WIDTH="1997" VPOS="2631" HPOS="139">
<String CONTENT="&#169;" HEIGHT="52" WIDTH="51" VPOS="2631" HPOS="139"/>
<SP HEIGHT="52" WIDTH="30" VPOS="2631" HPOS="191"/>
<String CONTENT="June" HEIGHT="39" WIDTH="129" VPOS="2637" HPOS="222"/>
<SP HEIGHT="38" WIDTH="25" VPOS="2638" HPOS="352"/>
<String CONTENT="19," HEIGHT="47" WIDTH="68" VPOS="2636" HPOS="378"/>
<SP HEIGHT="45" WIDTH="29" VPOS="2638" HPOS="447"/>
<String CONTENT="1933;" HEIGHT="45" WIDTH="140" VPOS="2637" HPOS="477"/>
<SP HEIGHT="46" WIDTH="31" VPOS="2636" HPOS="618"/>
<String CONTENT="2c." HEIGHT="39" WIDTH="67" VPOS="2636" HPOS="650"/>
<SP HEIGHT="39" WIDTH="30" VPOS="2636" HPOS="718"/>
<String CONTENT="June" HEIGHT="39" WIDTH="126" VPOS="2636" HPOS="749"/>
<SP HEIGHT="39" WIDTH="27" VPOS="2636" HPOS="876"/>
<String CONTENT="27;" HEIGHT="47" WIDTH="83" VPOS="2636" HPOS="904"/>
<SP HEIGHT="37" WIDTH="33" VPOS="2646" HPOS="988"/>
<String CONTENT="aff." HEIGHT="41" WIDTH="83" VPOS="2635" HPOS="1022"/>
<SP HEIGHT="40" WIDTH="30" VPOS="2636" HPOS="1106"/>
<String CONTENT="June" HEIGHT="39" WIDTH="129" VPOS="2636" HPOS="1137"/>
<SP HEIGHT="39" WIDTH="26" VPOS="2636" HPOS="1267"/>
<String CONTENT="29;" HEIGHT="47" WIDTH="83" VPOS="2635" HPOS="1294"/>
<SP HEIGHT="47" WIDTH="32" VPOS="2635" HPOS="1378"/>
<!-- cceid 4672CD34-6CF9-1014-A6CF-A82867D68027 --><String CONTENT="A" HEIGHT="39" WIDTH="42" VPOS="2635" HPOS="1411"/>
<SP HEIGHT="40" WIDTH="29" VPOS="2635" HPOS="1454"/>
<String CONTENT="64156;" HEIGHT="47" WIDTH="170" VPOS="2635" HPOS="1484"/>
<SP HEIGHT="47" WIDTH="35" VPOS="2635" HPOS="1655"/>
<String CONTENT="G." HEIGHT="40" WIDTH="53" VPOS="2635" HPOS="1691"/>
<SP HEIGHT="39" WIDTH="31" VPOS="2636" HPOS="1745"/>
<String CONTENT="L." HEIGHT="40" WIDTH="51" VPOS="2636" HPOS="1777"/>
<SP HEIGHT="40" WIDTH="31" VPOS="2636" HPOS="1829"/>
<String CONTENT="Patterson," HEIGHT="47" WIDTH="275" VPOS="2636" HPOS="1861"/>
</TextLine>
<TextLine HEIGHT="52" WIDTH="1841" VPOS="2690" HPOS="207" CS="1">
<String CONTENT="Denver." HEIGHT="39" WIDTH="203" VPOS="2694" HPOS="207"/>
<SP HEIGHT="49" WIDTH="70" VPOS="2693" HPOS="411"/>
<String CONTENT="(33-18804)" HEIGHT="49" WIDTH="279" VPOS="2693" HPOS="482"/>
<SP/>
<String CONTENT="6884" HEIGHT="42" WIDTH="122" VPOS="2690" HPOS="1926"/>
</TextLine>
<TextLine HEIGHT="64" WIDTH="454" VPOS="2796" HPOS="133" STYLEREFS="StyleId-C4181207-9FBD-4806-8E8C-9756A1C68FEA-">
<String CONTENT="Pennsylvania." HEIGHT="64" WIDTH="454" VPOS="2796" HPOS="133"/>
</TextLine>
<TextLine HEIGHT="69" WIDTH="1933" VPOS="2873" HPOS="201" STYLEREFS="StyleId-3BC386AF-F1BE-4542-99A4-7EF0EE192626-">
<String CONTENT="Workmen&#8217;s" HEIGHT="56" WIDTH="356" VPOS="2873" HPOS="201"/>
<SP HEIGHT="34" WIDTH="25" VPOS="2895" HPOS="558"/>
<String CONTENT="compensation" HEIGHT="67" WIDTH="424" VPOS="2874" HPOS="584"/>
<SP HEIGHT="32" WIDTH="25" VPOS="2894" HPOS="1009"/>
<String CONTENT="supplement" HEIGHT="67" WIDTH="361" VPOS="2875" HPOS="1035"/>
<SP HEIGHT="47" WIDTH="23" VPOS="2880" HPOS="1397"/>
<String CONTENT="to" HEIGHT="47" WIDTH="58" VPOS="2880" HPOS="1421"/>
<SP HEIGHT="51" WIDTH="25" VPOS="2876" HPOS="1480"/>
<String CONTENT="Department" HEIGHT="66" WIDTH="381" VPOS="2876" HPOS="1506"/>
<SP HEIGHT="46" WIDTH="24" VPOS="2879" HPOS="1888"/>
<String CONTENT="reports" HEIGHT="64" WIDTH="221" VPOS="2878" HPOS="1913"/>
</TextLine>
<TextLine HEIGHT="70" WIDTH="1999" VPOS="2952" HPOS="136" STYLEREFS="StyleId-3BC386AF-F1BE-4542-99A4-7EF0EE192626-">
<String CONTENT="of" HEIGHT="52" WIDTH="62" VPOS="2952" HPOS="136"/>
<SP HEIGHT="51" WIDTH="36" VPOS="2952" HPOS="199"/>
<String CONTENT="Pennsylvania," HEIGHT="68" WIDTH="440" VPOS="2952" HPOS="236"/>
<SP HEIGHT="46" WIDTH="36" VPOS="2974" HPOS="677"/>
<String CONTENT="containing" HEIGHT="70" WIDTH="332" VPOS="2952" HPOS="714"/>
<SP HEIGHT="50" WIDTH="35" VPOS="2972" HPOS="1047"/>
<String CONTENT="rulings" HEIGHT="68" WIDTH="222" VPOS="2953" HPOS="1083"/>
<SP HEIGHT="34" WIDTH="37" VPOS="2972" HPOS="1306"/>
<String CONTENT="and" HEIGHT="51" WIDTH="112" VPOS="2954" HPOS="1344"/>
<SP HEIGHT="52" WIDTH="36" VPOS="2954" HPOS="1457"/>
<String CONTENT="selected" HEIGHT="52" WIDTH="240" VPOS="2954" HPOS="1494"/>
<SP HEIGHT="51" WIDTH="34" VPOS="2954" HPOS="1735"/>
<String CONTENT="opinions" HEIGHT="68" WIDTH="263" VPOS="2953" HPOS="1770"/>
<SP HEIGHT="33" WIDTH="37" VPOS="2972" HPOS="2034"/>
<String CONTENT="of" HEIGHT="52" WIDTH="63" VPOS="2953" HPOS="2072"/>
</TextLine>
<TextLine HEIGHT="70" WIDTH="1999" VPOS="3030" HPOS="136" STYLEREFS="StyleId-3BC386AF-F1BE-4542-99A4-7EF0EE192626-">
<String CONTENT="the" HEIGHT="52" WIDTH="95" VPOS="3030" HPOS="136"/>
<SP HEIGHT="52" WIDTH="26" VPOS="3031" HPOS="232"/>
<String CONTENT="Workmen&#8217;s" HEIGHT="53" WIDTH="355" VPOS="3030" HPOS="259"/>
<SP HEIGHT="33" WIDTH="31" VPOS="3050" HPOS="615"/>
<String CONTENT="compensation" HEIGHT="68" WIDTH="424" VPOS="3031" HPOS="647"/>
<SP HEIGHT="52" WIDTH="29" VPOS="3032" HPOS="1072"/>
<String CONTENT="board," HEIGHT="68" WIDTH="197" VPOS="3032" HPOS="1102"/>
<SP HEIGHT="49" WIDTH="31" VPOS="3051" HPOS="1300"/>
<String CONTENT="opinions" HEIGHT="69" WIDTH="263" VPOS="3031" HPOS="1332"/>
<SP HEIGHT="36" WIDTH="31" VPOS="3050" HPOS="1596"/>
<String CONTENT="of" HEIGHT="51" WIDTH="62" VPOS="3032" HPOS="1628"/>
<SP HEIGHT="52" WIDTH="30" VPOS="3032" HPOS="1691"/>
<String CONTENT="the" HEIGHT="50" WIDTH="96" VPOS="3034" HPOS="1722"/>
<SP HEIGHT="51" WIDTH="30" VPOS="3033" HPOS="1819"/>
<String CONTENT="Attorney" HEIGHT="66" WIDTH="285" VPOS="3033" HPOS="1850"/>
</TextLine>
<TextLine HEIGHT="70" WIDTH="1997" VPOS="3109" HPOS="137" STYLEREFS="StyleId-3BC386AF-F1BE-4542-99A4-7EF0EE192626-">
<String CONTENT="general," HEIGHT="67" WIDTH="247" VPOS="3109" HPOS="137"/>
<SP HEIGHT="61" WIDTH="38" VPOS="3114" HPOS="385"/>
<String CONTENT="the" HEIGHT="50" WIDTH="96" VPOS="3111" HPOS="424"/>
<SP HEIGHT="33" WIDTH="37" VPOS="3128" HPOS="521"/>
<String CONTENT="various" HEIGHT="53" WIDTH="228" VPOS="3109" HPOS="559"/>
<SP HEIGHT="33" WIDTH="39" VPOS="3130" HPOS="788"/>
<String CONTENT="courts" HEIGHT="49" WIDTH="187" VPOS="3115" HPOS="828"/>
<SP HEIGHT="35" WIDTH="40" VPOS="3129" HPOS="1016"/>
<String CONTENT="of" HEIGHT="53" WIDTH="64" VPOS="3110" HPOS="1057"/>
<SP HEIGHT="53" WIDTH="37" VPOS="3110" HPOS="1122"/>
<String CONTENT="Pennsylvania" HEIGHT="68" WIDTH="426" VPOS="3111" HPOS="1160"/>
<SP HEIGHT="33" WIDTH="41" VPOS="3130" HPOS="1587"/>
<String CONTENT="and" HEIGHT="51" WIDTH="111" VPOS="3112" HPOS="1629"/>
<SP HEIGHT="52" WIDTH="38" VPOS="3112" HPOS="1741"/>
<String CONTENT="the" HEIGHT="52" WIDTH="97" VPOS="3112" HPOS="1780"/>
<SP HEIGHT="52" WIDTH="38" VPOS="3113" HPOS="1878"/>
<String CONTENT="United" HEIGHT="54" WIDTH="217" VPOS="3111" HPOS="1917"/>
</TextLine>
<TextLine HEIGHT="72" WIDTH="1995" VPOS="3187" HPOS="141" STYLEREFS="StyleId-3BC386AF-F1BE-4542-99A4-7EF0EE192626-">
<String CONTENT="States" HEIGHT="54" WIDTH="187" VPOS="3187" HPOS="141"/>
<SP HEIGHT="54" WIDTH="31" VPOS="3189" HPOS="329"/>
<String CONTENT="Supreme" HEIGHT="67" WIDTH="274" VPOS="3189" HPOS="361"/>
<SP HEIGHT="34" WIDTH="28" VPOS="3208" HPOS="636"/>
<String CONTENT="court," HEIGHT="62" WIDTH="177" VPOS="3196" HPOS="665"/>
<SP HEIGHT="68" WIDTH="27" VPOS="3190" HPOS="843"/>
<String CONTENT="involving" HEIGHT="68" WIDTH="299" VPOS="3190" HPOS="871"/>
<SP HEIGHT="62" WIDTH="27" VPOS="3196" HPOS="1171"/>
<String CONTENT="the" HEIGHT="51" WIDTH="97" VPOS="3192" HPOS="1199"/>
<SP HEIGHT="53" WIDTH="25" VPOS="3193" HPOS="1297"/>
<String CONTENT="Workmen&#8217;s" HEIGHT="56" WIDTH="357" VPOS="3190" HPOS="1323"/>
<SP HEIGHT="34" WIDTH="30" VPOS="3211" HPOS="1681"/>
<String CONTENT="compensation" HEIGHT="67" WIDTH="424" VPOS="3192" HPOS="1712"/>
</TextLine>
<TextLine HEIGHT="72" WIDTH="1998" VPOS="3267" HPOS="139" STYLEREFS="StyleId-3BC386AF-F1BE-4542-99A4-7EF0EE192626-">
<String CONTENT="law" HEIGHT="50" WIDTH="109" VPOS="3268" HPOS="139"/>
<SP HEIGHT="33" WIDTH="37" VPOS="3285" HPOS="249"/>
<String CONTENT="of" HEIGHT="51" WIDTH="61" VPOS="3267" HPOS="287"/>
<SP HEIGHT="52" WIDTH="34" VPOS="3267" HPOS="349"/>
<String CONTENT="Pennsylvania" HEIGHT="67" WIDTH="424" VPOS="3269" HPOS="384"/>
<SP HEIGHT="51" WIDTH="36" VPOS="3269" HPOS="809"/>
<String CONTENT="during" HEIGHT="69" WIDTH="212" VPOS="3268" HPOS="846"/>
<SP HEIGHT="62" WIDTH="34" VPOS="3275" HPOS="1059"/>
<String CONTENT="the" HEIGHT="51" WIDTH="97" VPOS="3270" HPOS="1094"/>
<SP HEIGHT="49" WIDTH="34" VPOS="3288" HPOS="1192"/>
<String CONTENT="year" HEIGHT="49" WIDTH="135" VPOS="3288" HPOS="1227"/>
<SP HEIGHT="48" WIDTH="36" VPOS="3273" HPOS="1363"/>
<String CONTENT="1932." HEIGHT="50" WIDTH="151" VPOS="3272" HPOS="1400"/>
<SP HEIGHT="52" WIDTH="75" VPOS="3270" HPOS="1552"/>
<String CONTENT="Edited" HEIGHT="52" WIDTH="212" VPOS="3270" HPOS="1628"/>
<SP HEIGHT="52" WIDTH="34" VPOS="3270" HPOS="1841"/>
<String CONTENT="by" HEIGHT="68" WIDTH="74" VPOS="3271" HPOS="1876"/>
<SP HEIGHT="68" WIDTH="36" VPOS="3271" HPOS="1951"/>
<String CONTENT="Karl" HEIGHT="52" WIDTH="149" VPOS="3271" HPOS="1988"/>
</TextLine>
<TextLine HEIGHT="146" WIDTH="1973" VPOS="3345" HPOS="140" STYLEREFS="StyleId-3BC386AF-F1BE-4542-99A4-7EF0EE192626-" CS="1">
<String CONTENT="E." HEIGHT="52" WIDTH="67" VPOS="3346" HPOS="141"/>
<SP HEIGHT="52" WIDTH="21" VPOS="3346" HPOS="209"/>
<String CONTENT="Richards" HEIGHT="53" WIDTH="281" VPOS="3345" HPOS="231"/>
<SP/>
<String CS="1" CONTENT="&#8230;"/>
<SP HEIGHT="33" WIDTH="83" VPOS="3379" HPOS="598"/>
<String CONTENT="[Harrisburg," HEIGHT="69" WIDTH="393" VPOS="3346" HPOS="682"/>
<SP HEIGHT="65" WIDTH="21" VPOS="3350" HPOS="1076"/>
<String CONTENT="Pa.," HEIGHT="66" WIDTH="121" VPOS="3350" HPOS="1098"/>
<SP HEIGHT="65" WIDTH="22" VPOS="3351" HPOS="1220"/>
<String CONTENT="Printed" HEIGHT="54" WIDTH="242" VPOS="3347" HPOS="1243"/>
<SP HEIGHT="51" WIDTH="19" VPOS="3349" HPOS="1486"/>
<String CONTENT="by" HEIGHT="67" WIDTH="75" VPOS="3349" HPOS="1506"/>
<SP HEIGHT="65" WIDTH="23" VPOS="3351" HPOS="1582"/>
<String CONTENT="Telegraph" HEIGHT="67" WIDTH="322" VPOS="3350" HPOS="1606"/>
<SP HEIGHT="68" WIDTH="23" VPOS="3350" HPOS="1929"/>
<String CONTENT="printing" HEIGHT="142" WIDTH="1973" VPOS="3349" HPOS="140"/>
<SP HEIGHT="49" WIDTH="24" VPOS="3442" HPOS="242"/>
<String CONTENT="co.," HEIGHT="50" WIDTH="96" VPOS="3441" HPOS="267"/>
<SP HEIGHT="60" WIDTH="26" VPOS="3431" HPOS="364"/>
<String CONTENT="c1933]" HEIGHT="63" WIDTH="174" VPOS="3427" HPOS="391"/>
</TextLine>
<TextLine HEIGHT="47" WIDTH="362" VPOS="3498" HPOS="212" CS="1">
<String CONTENT="373" HEIGHT="39" WIDTH="84" VPOS="3498" HPOS="212"/>
<SP HEIGHT="47" WIDTH="30" VPOS="3498" HPOS="297"/>
<String CONTENT="p." HEIGHT="38" WIDTH="42" VPOS="3507" HPOS="328"/>
<SP HEIGHT="38" WIDTH="59" VPOS="3498" HPOS="371"/>
<String CS="1" CONTENT="23&#189;cm." HEIGHT="39" WIDTH="143" VPOS="3498" HPOS="431"/>
</TextLine>
<TextLine HEIGHT="53" WIDTH="1922" VPOS="3567" HPOS="217" CS="1">
<String CONTENT="Reprinted" HEIGHT="48" WIDTH="262" VPOS="3567" HPOS="217"/>
<SP HEIGHT="39" WIDTH="26" VPOS="3568" HPOS="480"/>
<String CONTENT="from" HEIGHT="39" WIDTH="129" VPOS="3568" HPOS="507"/>
<SP HEIGHT="29" WIDTH="25" VPOS="3579" HPOS="637"/>
<String CONTENT="volume" HEIGHT="38" WIDTH="193" VPOS="3570" HPOS="663"/>
<SP HEIGHT="29" WIDTH="22" VPOS="3579" HPOS="857"/>
<String CS="1" CONTENT="XVIII"/>
<SP HEIGHT="29" WIDTH="26" VPOS="3580" HPOS="1009"/>
<String CONTENT="of" HEIGHT="39" WIDTH="51" VPOS="3570" HPOS="1036"/>
<SP HEIGHT="39" WIDTH="27" VPOS="3570" HPOS="1088"/>
<String CONTENT="Department" HEIGHT="47" WIDTH="320" VPOS="3571" HPOS="1116"/>
<SP HEIGHT="37" WIDTH="29" VPOS="3573" HPOS="1437"/>
<String CONTENT="reports" HEIGHT="46" WIDTH="188" VPOS="3572" HPOS="1467"/>
<SP HEIGHT="28" WIDTH="29" VPOS="3582" HPOS="1656"/>
<String CONTENT="of" HEIGHT="39" WIDTH="50" VPOS="3571" HPOS="1686"/>
<SP HEIGHT="39" WIDTH="28" VPOS="3571" HPOS="1737"/>
<String CONTENT="Pennsylvania." HEIGHT="48" WIDTH="373" VPOS="3572" HPOS="1766"/>
</TextLine>
<TextLine HEIGHT="108" WIDTH="1973" VPOS="3634" HPOS="150" CS="1">
<String CONTENT="&#169;" HEIGHT="51" WIDTH="50" VPOS="3634" HPOS="150"/>
<SP HEIGHT="51" WIDTH="25" VPOS="3634" HPOS="201"/>
<String CONTENT="July" HEIGHT="47" WIDTH="115" VPOS="3639" HPOS="227"/>
<SP HEIGHT="47" WIDTH="20" VPOS="3639" HPOS="343"/>
<String CONTENT="26," HEIGHT="47" WIDTH="70" VPOS="3638" HPOS="364"/>
<SP HEIGHT="45" WIDTH="23" VPOS="3640" HPOS="435"/>
<String CS="1" CONTENT="1933;" HEIGHT="39" WIDTH="111" VPOS="3639" HPOS="459"/>
<SP HEIGHT="46" WIDTH="23" VPOS="3639" HPOS="599"/>
<String CONTENT="2c." HEIGHT="40" WIDTH="69" VPOS="3639" HPOS="623"/>
<SP HEIGHT="30" WIDTH="23" VPOS="3649" HPOS="693"/>
<String CONTENT="and" HEIGHT="39" WIDTH="95" VPOS="3640" HPOS="717"/>
<SP HEIGHT="39" WIDTH="23" VPOS="3640" HPOS="813"/>
<String CONTENT="aff." HEIGHT="40" WIDTH="81" VPOS="3639" HPOS="837"/>
<SP HEIGHT="39" WIDTH="24" VPOS="3639" HPOS="919"/>
<String CONTENT="Aug." HEIGHT="49" WIDTH="118" VPOS="3639" HPOS="944"/>
<SP HEIGHT="39" WIDTH="24" VPOS="3641" HPOS="1063"/>
<String CONTENT="2;" HEIGHT="46" WIDTH="54" VPOS="3641" HPOS="1088"/>
<SP HEIGHT="46" WIDTH="26" VPOS="3641" HPOS="1143"/>
<!-- cceid 46732FA8-6CF9-1014-A6CF-A82867D68027 --><String CONTENT="A" HEIGHT="38" WIDTH="41" VPOS="3641" HPOS="1170"/>
<SP HEIGHT="39" WIDTH="23" VPOS="3641" HPOS="1212"/>
<String CONTENT="64597;" HEIGHT="47" WIDTH="169" VPOS="3641" HPOS="1236"/>
<SP HEIGHT="47" WIDTH="27" VPOS="3641" HPOS="1406"/>
<String CONTENT="Karl" HEIGHT="39" WIDTH="122" VPOS="3641" HPOS="1434"/>
<SP HEIGHT="37" WIDTH="26" VPOS="3643" HPOS="1557"/>
<String CONTENT="E." HEIGHT="39" WIDTH="52" VPOS="3643" HPOS="1584"/>
<SP HEIGHT="40" WIDTH="26" VPOS="3642" HPOS="1637"/>
<String CONTENT="Richards," HEIGHT="49" WIDTH="253" VPOS="3642" HPOS="1664"/>
<SP HEIGHT="47" WIDTH="25" VPOS="3644" HPOS="1918"/>
<String CONTENT="Harrisburg," HEIGHT="99" WIDTH="1906" VPOS="3643" HPOS="217"/>
<SP HEIGHT="45" WIDTH="34" VPOS="3696" HPOS="350"/>
<String CONTENT="Pa." HEIGHT="38" WIDTH="81" VPOS="3696" HPOS="385"/>
<SP/>
<String CONTENT="6885" HEIGHT="44" WIDTH="117" VPOS="3698" HPOS="1933"/>
</TextLine>
<TextLine HEIGHT="64" WIDTH="533" VPOS="3799" HPOS="144" STYLEREFS="StyleId-C4181207-9FBD-4806-8E8C-9756A1C68FEA-">
<String CONTENT="Perowne," HEIGHT="64" WIDTH="296" VPOS="3799" HPOS="144"/>
<SP HEIGHT="63" WIDTH="26" VPOS="3800" HPOS="441"/>
<String CONTENT="Barry." HEIGHT="63" WIDTH="209" VPOS="3800" HPOS="468"/>
</TextLine>
<TextLine HEIGHT="56" WIDTH="484" VPOS="3875" HPOS="216" STYLEREFS="StyleId-3BC386AF-F1BE-4542-99A4-7EF0EE192626-">
<String CONTENT="The" HEIGHT="52" WIDTH="121" VPOS="3876" HPOS="216"/>
<SP HEIGHT="52" WIDTH="25" VPOS="3876" HPOS="338"/>
<String CONTENT="black" HEIGHT="52" WIDTH="165" VPOS="3876" HPOS="364"/>
<SP HEIGHT="53" WIDTH="26" VPOS="3875" HPOS="530"/>
<String CONTENT="fleet." HEIGHT="56" WIDTH="143" VPOS="3875" HPOS="557"/>
</TextLine>
<TextLine HEIGHT="53" WIDTH="727" VPOS="3946" HPOS="224" STYLEREFS="StyleId-792A5EBD-3075-4F63-88CC-DA569C80E4B3-">
<String CONTENT="(In" HEIGHT="50" WIDTH="84" VPOS="3946" HPOS="224"/>
<SP HEIGHT="41" WIDTH="24" VPOS="3948" HPOS="309"/>
<String CONTENT="Thriller," HEIGHT="50" WIDTH="227" VPOS="3947" HPOS="334"/>
<SP HEIGHT="50" WIDTH="27" VPOS="3947" HPOS="562"/>
<String CONTENT="July" HEIGHT="52" WIDTH="116" VPOS="3947" HPOS="590"/>
<SP HEIGHT="50" WIDTH="29" VPOS="3949" HPOS="707"/>
<String CONTENT="1," HEIGHT="50" WIDTH="39" VPOS="3949" HPOS="737"/>
<SP HEIGHT="49" WIDTH="30" VPOS="3950" HPOS="777"/>
<String CONTENT="1933)" HEIGHT="49" WIDTH="143" VPOS="3950" HPOS="808"/>
</TextLine>
<TextLine HEIGHT="58" WIDTH="1987" VPOS="4016" HPOS="155" CS="1">
<String CONTENT="&#169;" HEIGHT="51" WIDTH="50" VPOS="4016" HPOS="155"/>
<SP/>
<String CS="1" CONTENT="1c."/>
<SP/>
<String CONTENT="Aug." HEIGHT="46" WIDTH="117" VPOS="4021" HPOS="346"/>
<SP HEIGHT="37" WIDTH="37" VPOS="4022" HPOS="464"/>
<String CONTENT="19," HEIGHT="46" WIDTH="68" VPOS="4021" HPOS="502"/>
<SP HEIGHT="44" WIDTH="37" VPOS="4023" HPOS="571"/>
<String CONTENT="1933;" HEIGHT="46" WIDTH="139" VPOS="4021" HPOS="609"/>
<SP HEIGHT="45" WIDTH="39" VPOS="4022" HPOS="749"/>
<!-- cceid 467399B6-6CF9-1014-A6CF-A82867D68027 --><String CONTENT="A" HEIGHT="38" WIDTH="40" VPOS="4022" HPOS="789"/>
<SP HEIGHT="40" WIDTH="35" VPOS="4022" HPOS="830"/>
<String CONTENT="ad" HEIGHT="38" WIDTH="61" VPOS="4024" HPOS="866"/>
<SP HEIGHT="39" WIDTH="35" VPOS="4023" HPOS="928"/>
<String CONTENT="int." HEIGHT="40" WIDTH="87" VPOS="4023" HPOS="964"/>
<SP HEIGHT="39" WIDTH="37" VPOS="4024" HPOS="1052"/>
<String CONTENT="18125;" HEIGHT="47" WIDTH="169" VPOS="4023" HPOS="1090"/>
<SP HEIGHT="37" WIDTH="40" VPOS="4034" HPOS="1260"/>
<String CONTENT="pubd." HEIGHT="47" WIDTH="142" VPOS="4024" HPOS="1301"/>
<SP HEIGHT="39" WIDTH="38" VPOS="4025" HPOS="1444"/>
<String CONTENT="June" HEIGHT="40" WIDTH="128" VPOS="4025" HPOS="1483"/>
<SP HEIGHT="39" WIDTH="32" VPOS="4026" HPOS="1612"/>
<String CONTENT="24;" HEIGHT="46" WIDTH="83" VPOS="4026" HPOS="1645"/>
<SP HEIGHT="46" WIDTH="41" VPOS="4026" HPOS="1729"/>
<String CONTENT="Philip" HEIGHT="48" WIDTH="163" VPOS="4026" HPOS="1771"/>
<SP HEIGHT="48" WIDTH="34" VPOS="4026" HPOS="1935"/>
<String CONTENT="Atkey," HEIGHT="48" WIDTH="172" VPOS="4026" HPOS="1970"/>
</TextLine>
<TextLine HEIGHT="46" WIDTH="817" VPOS="4076" HPOS="220">
<String CONTENT="New" HEIGHT="39" WIDTH="115" VPOS="4076" HPOS="220"/>
<SP HEIGHT="38" WIDTH="33" VPOS="4078" HPOS="336"/>
<String CONTENT="Milton," HEIGHT="45" WIDTH="186" VPOS="4077" HPOS="370"/>
<SP HEIGHT="43" WIDTH="34" VPOS="4079" HPOS="557"/>
<String CONTENT="Hants," HEIGHT="43" WIDTH="173" VPOS="4079" HPOS="592"/>
<SP HEIGHT="42" WIDTH="35" VPOS="4080" HPOS="766"/>
<String CONTENT="England." HEIGHT="42" WIDTH="235" VPOS="4080" HPOS="802"/>
</TextLine>
</TextBlock>
</PrintSpace>
</Page>
</Layout>
</alto>