2540 4453
1118 4064 100 53 337

173 430 245 64 Abbott,
449 428 238 56 Austin.

173 501 1999 151 Abbott New York digest … Consolidated ed. 1932 cumulative annual pocket part[S] for vol[S] 1-40 … Rochester and
174 664 138 52 New
353 663 158 54 York
549 662 131 67 city,
719 663 70 52 N.
826 664 90 64 Y.,
953 661 122 52 The
1111 662 269 67 Lawyers
1417 659 382 69 co-operative
1838 658 335 69 publishing

173 759 307 51 company;
527 742 83 55 St.
652 741 166 66 Paul,
857 740 201 67 Minn.,
1099 741 161 53 West
1298 739 338 69 publishing
1676 756 107 49 co.;
1827 739 140 52 New
2009 737 164 53 York

172 820 134 68 city,
333 822 70 52 N.
433 822 90 64 Y.,
552 819 206 59 Baker,
786 819 246 54 Voorhis
1062 836 279 51 company
1377 822 193 63 [c1933]

246 896 58 39 40
330 906 43 29 v.
429 895 116 39 25cm.

247 963 294 41 Cover-title.

248 1020 154 40 These
431 1019 271 48 pamphlets
732 1028 83 31 are
845 1021 47 38 to
921 1019 59 39 be
1005 1017 138 40 fitted
1172 1017 102 40 into
1305 1017 81 40 the
1416 1017 197 49 pockets
1642 1020 50 38 at
1723 1017 81 41 the
1834 1016 148 41 hacks
2012 1016 51 41 of
2094 1017 81 40 the

176 1077 217 39 volumes
420 1077 51 38 of
497 1077 82 39 the
607 1079 71 37 set
708 1079 47 37 to
785 1075 158 41 which
972 1076 112 46 they
1113 1075 184 47 belong.

179 1129 51 52 ©
260 1133 108 39 Feb.
398 1133 67 47 16,
493 1132 141 46 1933;
663 1132 67 40 2c.
757 1132 119 40 each
904 1133 122 39 Mar.
1054 1131 80 45 10;
1165 1130 82 41 aff.
1277 1132 120 38 Mar.
1428 1131 81 46 13;
1539 1131 39 38 A
1607 1130 169 48 60572;
1807 1132 137 40 West
1969 1132 109 46 pub.
2107 1140 67 31 co.

247 1191 96 38 and
373 1190 227 46 Lawyers
629 1187 322 49 co-operative
980 1187 108 48 pub.
1121 1197 66 30 co.
1967 1186 117 42 2279

170 1290 276 66 Abelson,
475 1291 222 53 Harold
725 1290 277 65 Herbert,
1036 1295 170 49 1904-

244 1369 124 53 The
389 1373 93 49 art
501 1367 65 54 of
586 1368 362 54 educational
969 1366 285 68 research;
1281 1367 74 53 its
1377 1367 286 68 problems
1686 1368 113 53 and
1822 1370 355 66 procedures,

174 1445 2004 69 by Harold H. Abelson … Yonkers-on-Hudson, N. Y., World
172 1524 148 54 book
346 1542 298 50 company,
675 1526 151 52 1933.

242 1597 65 49 xi,
338 1598 88 42 332
454 1608 44 39 p.
557 1598 179 48 diagrs.
797 1597 147 41 20½cm.

245 1653 246 41 “Selected
515 1653 301 41 references”
841 1655 54 39 at
916 1655 91 39 end
1031 1653 53 41 of
1103 1653 119 40 each
1245 1653 227 48 chapter;
1497 1652 377 48 Bibliography:
1897 1664 43 37 p.
1958 1653 217 41 313-324.

179 1719 51 53 ©
262 1725 119 38 Mar.
412 1723 40 47 2,
481 1723 141 49 1933;
653 1723 67 42 2c.
750 1724 122 41 Mar.
903 1722 52 49 8;
988 1723 82 42 aff.
1101 1725 123 40 Mar.
1254 1723 81 48 16;
1368 1724 41 39 A
1439 1723 170 48 60662;
1643 1724 166 41 World
1841 1724 123 41 book
1994 1736 67 30 co.

259 1781 249 48 (33-7520)

171 1880 257 68 Achard,
461 1882 262 67 Charles,
758 1888 170 50 1860-

174 1958 1894 146 Les crises dans les maladies cycliques, par Ch. Achard … Paris,
388 2037 230 53 Masson
648 2041 56 48 et
735 2037 81 68 cie,
851 2040 149 50 1932.

243 2107 98 48 107,
388 2109 56 49 [1]
486 2119 42 38 p.
589 2107 179 49 diagrs.
828 2108 116 42 23cm.

246 2165 125 40 “J’ai
410 2165 250 48 reproduit
699 2164 64 41 ici
802 2167 70 38 les
912 2169 173 44 quatre
1124 2166 307 40 conferences
1471 2177 91 37 que
1601 2167 83 47 j’ai
1727 2178 57 29 eu
1858 2169 218 39 l'honneur
2115 2170 57 39 de

173 2220 1691 51 faire à la Faculté de médecine de Bucarest.”—Avant-propos.
181 2277 51 52 ©
261 2282 101 41 Oct.
389 2282 69 47 20,
486 2281 140 48 1932;
685 2294 36 28 1c.
751 2280 110 42 Feb.
889 2281 67 44 10,
985 2281 141 42 1933;
1155 2282 311 48 A-Foreign
1494 2282 170 48 19644;
1695 2284 196 39 Masson
1920 2284 36 40 &
1982 2284 84 40 cie.

258 2338 249 48 (33-7672)

172 2440 211 66 Acton,
413 2439 337 55 Alexander
778 2438 340 68 Archibald,
1151 2446 172 50 1885-

175 2516 1900 148 O’er land and sea with the apostle Paul, by A. A. Acton … introduction by Professor Ernest F.
1347 2595 821 71 Scott … New York [etc.]
175 2673 266 69 Fleming
470 2672 77 56 H.
635 2673 143 52 Revell
808 2690 281 52 company
1122 2675 194 65 [c1933]

242 2745 86 41 222
355 2756 45 38 p.
460 2745 145 41 19½cm.

180 2800 51 52 ©
263 2804 111 40 Feb.
404 2805 67 46 11,
504 2803 140 47 1933;
676 2803 65 40 2c.
775 2805 95 38 and
901 2803 82 41 aff.
1015 2804 122 39 Mar.
1169 2803 82 48 10;
1286 2805 40 38 A
1357 2804 169 45 60588;
1563 2805 219 49 Fleming
1813 2807 59 41 H.
1907 2807 165 40 Revell
2107 2818 66 31 co.

257 2860 249 48 (33-7405)

174 2963 315 55 American
523 2963 212 65 digest.

244 3041 247 54 Current
535 3041 187 68 digest
778 3040 333 68 (American
1155 3041 186 69 digest
1385 3042 236 70 system)
1706 3064 51 33 v.
1804 3050 46 48 9.
1925 3046 150 54 June
2123 3051 47 64 1,

175 3123 151 64 1932,
356 3126 57 47 to
446 3120 307 53 December
784 3123 83 63 31,
901 3122 151 50 1932.
1125 3122 56 51 A
1212 3120 186 70 digest
1429 3121 63 52 of
1525 3123 78 52 all
1634 3130 229 48 current
1893 3125 278 57 decisions

173 3200 64 51 of
274 3199 94 52 the
405 3199 307 52 American
749 3204 188 47 courts
973 3218 59 33 as
1070 3200 265 67 reported
1373 3200 60 52 in
1470 3201 94 53 the
1602 3203 274 54 National
1914 3213 257 61 reporter

172 3283 209 63 system
421 3277 112 52 and
570 3277 94 53 the
701 3282 145 48 state
885 3282 222 63 reports
1146 3278 338 69 continuing
1519 3281 95 52 the
1653 3282 185 53 Third
1878 3285 293 54 decennial

173 3354 201 70 digest.
449 3355 292 67 Prepared
793 3356 112 51 and
955 3355 190 54 edited
1195 3358 74 67 by
1318 3358 95 51 the
1464 3359 266 53 editorial
1779 3360 135 54 staff
1963 3364 64 53 of
2074 3366 95 52 the

171 3435 306 52 American
507 3432 186 69 digest
722 3438 225 63 system.
1027 3433 81 55 St.
1141 3436 164 66 Paul,
1334 3436 160 53 West
1522 3438 336 70 publishing
1888 3458 97 50 co.,
2019 3447 149 50 1933.

248 3509 79 39 vii.
357 3507 107 41 1891
498 3518 43 37 p.
597 3506 146 40 26½cm.

183 3562 51 52 ©
265 3566 110 40 Feb.
405 3564 68 45 24,
504 3563 139 41 1933;
674 3563 54 40 2c
773 3564 121 39 Mar.
924 3563 82 46 10;
1038 3562 82 40 aff.
1151 3564 121 38 Mar.
1305 3565 80 46 13;
1419 3567 39 37 A
1490 3566 141 41 60553
1651 3578 9 36 ;
1692 3569 133 42 West
1856 3572 109 47 pub.
1997 3584 66 29 co.

172 3667 314 53 American
518 3664 256 65 surgical
805 3662 377 55 association.

245 3738 1925 152 Transactions … v. 50. Edited by Walter Estell Lee M. D. … [Philadelphia] Printed for the Association, 1932.
247 3900 64 46 xl,
342 3898 86 39 555
455 3906 43 37 p.
556 3894 128 39 illus.
713 3892 132 48 (incl.
876 3891 174 49 ports.)
1090 3889 156 40 tables
1275 3889 13 47 (1
1353 3890 144 49 fold.)
1536 3891 180 49 diagrs.
1776 3895 116 43 26cm.

181 3952 51 52 ©
258 3957 122 37 Mar.
406 3953 38 47 8,
470 3950 140 47 1933;
637 3949 67 41 2c.
730 3950 95 39 and
852 3947 80 40 aff.
961 3948 121 38 Mar.
1108 3946 82 45 11;
1219 3945 40 39 A
1285 3945 171 48 60537;
1485 3948 186 41 Walter
1699 3952 149 43 Estell
1881 3956 104 42 Lee,
246 3959 1909 95 Philadelphia.
