2484 4405
0 0 0 0 1637
107 467 149 63 Dax,
286 466 238 54 Robert.

104 553 1970 147 … Yotre étoile. votre chance. [Paris] Aux dépens de l’auteur [ c 1933]
172 718 749 51 3 p. l., [9]-126 p., 1 l. 18 cm .
106 787 1992 52 © Aug. 13, 1933 ; 1c. Oct. 24; A-Foreign 22491; Marx Maurice Henkine,
178 848 151 40 Paris.
401 847 279 49 (33-35346)

105 949 132 66 Dix,
269 951 150 52 Fred
451 950 214 56 Keller.

174 1040 1927 68 More poems, by Fred Keller Dix … Prospect, O., F. K.
105 1120 117 52 Dix
269 1121 192 65 [c1933]

169 1207 87 39 126
301 1217 43 37 p.
404 1205 55 40 19½
492 1208 43 21 cm
540 1237 9 9 .

171 1277 161 40 “First
361 1277 225 40 edition.”

171 1333 237 41 “Limited
433 1333 196 48 edition,
658 1334 128 39 hand
817 1337 73 37 set
919 1334 61 47 by
1008 1335 81 39 the
1118 1333 221 41 author.”

104 1403 51 52 ©
186 1407 118 41 Nov.
333 1407 39 47 9,
403 1406 111 41 1933
533 1417 8 35 ;
574 1406 66 41 2c.
672 1406 98 40 and
798 1405 81 41 aff.
910 1405 118 42 Nov.
1060 1407 82 40 17;
1175 1406 40 39 A
1247 1405 168 45 68136;
1452 1406 50 40 F.
1535 1406 58 40 K.
1626 1405 109 49 Dix,
1769 1407 243 47 Prospect,
2047 1408 51 40 O.

179 1464 279 48 (33-34779)

99 1564 394 67 Dostoevskiĭ,
573 1568 138 51 Ḟedor
739 1563 442 68 Mīkhaĭlovīch,
1215 1569 324 50 1821-1881.

167 1644 121 52 The
329 1643 258 53 brothers
629 1644 380 66 Karamazov,
1051 1643 75 68 by
1170 1643 230 68 Fyodor
1443 1642 424 69 Dostoyevsky;
97 1647 1973 128 translated

284 1722 73 67 by
394 1722 313 53 Constance
742 1720 273 68 Garnett;
1053 1721 324 52 illustrated
1410 1722 75 66 by
1521 1722 329 52 Boardman
96 1720 1976 132 Robinson.

287 1800 138 52 New
454 1799 179 67 York,
662 1800 262 51 Random
952 1799 190 66 house,
1173 1801 149 50 1933.

165 1888 64 47 xi,
263 1888 84 40 822
381 1898 42 37 p.
483 1887 142 47 illus.,
660 1887 170 47 plates.
890 1886 57 39 24½
979 1888 44 21 cm
1028 1917 9 8 .

167 1959 287 39 Illustrated
491 1960 97 45 t.-p.

99 2028 51 51 ©
186 2032 116 39 Nov.
338 2032 68 46 18,
443 2030 111 40 1933
574 2041 8 35 ;
619 2031 66 39 2c.
720 2030 117 39 Nov.
873 2030 81 46 25;
993 2029 82 40 aff.
1113 2029 117 41 Nov.
1267 2029 81 46 21;
1388 2029 41 38 A
1464 2029 170 47 68327;
1674 2030 220 39 Random
1930 2030 164 40 house.

171 2085 68 54 [©
266 2088 342 48 illustrations]
681 2087 279 48 (33-34787)

96 2191 263 63 Duncan,
389 2188 294 54 Hannibal
715 2188 231 65 Gerald,
978 2192 172 50 1885-

166 2267 404 69 Iinmigration
613 2267 112 52 and
773 2265 395 69 assimilation,
1212 2267 75 67 by
1332 2266 297 52 Hannibal
1672 2266 215 55 Gerald
96 2267 1970 130 Duncan

297 2344 1793 70 … Boston, New York [etc.] D. C. Heath and company
99 2457 13 33 [
116 2430 18 22 c
139 2427 133 49 1933
278 2457 13 33 ]

165 2507 1928 51 2 p. l. , iii-xi p., 2 l., 3-890 p. maps (1 double) 23 cm . (Half-title:
98 2564 160 43 Heath
286 2565 149 41 social
465 2564 233 42 relations
724 2565 176 48 series;
931 2564 44 42 J.
1005 2564 167 50 Davis,
1200 2567 197 48 general
1426 2566 181 49 editor)

165 2637 289 40 References
480 2641 52 37 at
557 2638 92 39 end
676 2637 51 41 of
751 2639 125 38 most
901 2637 51 40 of
977 2638 81 40 the
1083 2638 242 48 chapters.

98 2706 49 52 ©
183 2711 100 39 Oct.
317 2711 38 45 6,
391 2710 114 39 1933
521 2720 8 36 ;
565 2710 65 39 2c.
664 2710 94 38 and
792 2708 82 40 aff.
908 2709 117 39 Nov.
1059 2708 52 46 6;
1148 2709 41 38 A
1221 2708 170 48 66915;
1429 2710 59 40 H.
1524 2710 51 39 G.
1612 2711 217 47 Duncan,
1866 2711 224 47 Boulder,

164 2768 97 39 Col.
332 2766 279 48 (33-34566)

97 2869 172 66 Eliot,
301 2869 259 54 Thomas
590 2871 266 62 Stearns,
890 2872 172 49 1888-

160 2948 119 52 The
308 2966 94 34 use
431 2947 64 52 of
525 2952 199 62 poetry
754 2947 113 51 and
895 2945 96 53 the
1017 2964 98 35 use
1142 2946 63 52 of
1233 2945 288 67 criticism,
1550 2946 213 55 studies
1792 2949 62 52 in
1882 2949 95 52 the
91 2969 1973 109 relation

310 3023 1775 76 of criticism to poetry in England … by T. S. Eliot.
93 3104 358 67 Cambridge,
483 3103 190 66 Mass.,
705 3102 273 53 Harvard
1011 3101 318 68 university
1363 3121 173 49 press,
1570 3106 149 51 1933.

163 3193 84 39 viii
277 3203 56 37 p.,
362 3193 26 38 2
451 3224 8 16 l.,
493 3190 177 50 [3]-149
695 3201 42 37 p.
797 3190 85 41 214
885 3192 44 21 cin
935 3221 8 8 .
1013 3190 126 44 (The
1170 3189 201 41 Charles
1402 3191 129 40 Eliot
1559 3192 185 40 Norton
1773 3193 209 41 lectures
2011 3193 78 41 for

94 3249 281 47 1932-1933)

427 3320 285 47 CONTENTS.—Apology
741 3318 77 40 for
848 3319 80 38 the
958 3317 237 41 Countess
1222 3317 51 41 of
1302 3318 442 41 Pembroke.—The
1773 3330 87 37 age
1889 3321 51 39 of
1969 3320 119 49 Dry-

95 3380 178 38 den.—
291 3378 333 40 Wordsworth
678 3377 93 38 and
827 3374 264 47 Coleridge.
1111 3397 51 4 —
1188 3374 192 47 Shelley
1434 3375 93 39 and
1584 3376 167 38 Keats.
1770 3399 55 4 —
1845 3377 235 40 Matthew

95 3435 354 40 Arnold.—The
483 3434 197 38 modern
714 3431 147 40 mind.

99 3503 49 52 ©
174 3509 117 39 Nov.
316 3508 39 43 2,
382 3506 138 45 1933;
549 3506 66 38 2c.
642 3505 116 38 Nov.
786 3504 80 44 11;
895 3502 82 40 aff.
1002 3503 119 38 Nov.
1146 3503 53 39 4:
1229 3503 41 37 A
1296 3502 170 41 68052:
1496 3503 253 41 President
1779 3506 94 38 and
1900 3505 189 39 fellows

163 3565 50 38 of
246 3564 228 39 Harvard
509 3563 191 43 college,
737 3559 299 46 Cambridge,
1074 3559 146 39 Mass.
1291 3559 280 49 (33-34772)

97 3665 183 66 Elzer,
309 3669 159 50 Frau
494 3667 358 60 Margarete,
885 3665 171 49 1889-

162 3742 252 55 Lockruf
456 3742 97 53 der
596 3741 177 66 feme,
814 3758 197 34 roman
1052 3758 111 33 von
1203 3738 326 69 Margarete
1569 3738 184 54 Elzer.
1831 3739 256 72 Leipzig,

92 3823 62 52 F.
183 3821 323 54 Rothbarth
583 3822 152 63 [c1931]

161 3910 85 39 256
274 3920 43 37 p.
377 3908 55 40 18½
464 3910 44 21 cm
513 3938 8 9 .

99 3972 1987 57 © June 21, 1932: 1c. Nov. 11; A-Foreign 22309; Friedrich Rothbarth.
174 4037 253 37 (33-35445)
