2582 4453
1386 4109 137 50 1454

440 427 302 65 Newbold,
773 428 256 55 Walton.

514 501 1880 71 Democracy, debts and disarmament, by Walton Newbold …
443 582 255 69 London,
733 582 275 54 Methuen
1043 582 45 51 &
1122 600 98 49 co.,
1252 581 105 54 ltd.
1397 584 174 67 [1933]

511 653 85 41 xiv
626 664 57 38 p.,
713 654 23 39 1
805 686 8 14 l.,
843 652 100 50 343,
979 654 55 49 [1]
1068 664 43 38 p.
1171 653 57 41 19½
1260 656 44 21 cm
1310 686 8 9 .

513 711 353 49 Bibliography
901 713 52 38 at
986 712 92 39 end
1113 710 51 40 of
1198 712 119 39 each
1351 711 216 48 chapter.

445 768 2014 53 © 1c. Sept. 22, 1933; A ad int. 18203; pubd. July 27; W. Newbold,
511 830 214 40 London.
797 828 282 50 (33-30107)

441 905 326 64 Northrop,
798 906 245 63 Eugene
1073 905 59 55 S.

514 981 433 54 Mathematical
994 980 142 55 odds
1182 978 59 53 in
1289 984 271 64 contract,
1605 980 73 69 by
1726 980 233 68 Eugene
2005 980 296 69 Northrop
2347 980 111 53 and

445 1060 223 54 Arthur
705 1058 177 56 Stein.
954 1059 138 54 New
1129 1058 178 70 York,
1342 1059 122 54 The
1501 1058 318 69 Vanguard
1854 1076 158 51 press
2052 1094 13 34 [
2070 1066 17 22 c
2093 1061 152 66 1933]

512 1132 51 40 ix
594 1143 57 38 p.,
682 1132 25 39 2
773 1164 8 16 l.,
816 1131 144 42 15-93
992 1142 43 38 p.
1097 1132 146 41 18½cm.

445 1189 51 53 ©
530 1193 128 49 Sept.
689 1194 70 41 27.
789 1193 114 40 1933
923 1204 8 35 ;
963 1193 66 40 2c.
1063 1193 103 40 Oct.
1196 1192 53 48 9;
1282 1192 83 41 aff.
1397 1192 102 41 Oct.
1531 1192 52 48 6;
1617 1192 43 40 A
1688 1192 171 48 66531;
1893 1194 266 47 Vanguard
2190 1203 150 39 press,
2370 1193 93 40 inc.

521 1250 283 50 (33-30097)

437 1326 355 67 Pendexter,
827 1327 202 66 Hugh,
1067 1328 173 54 1875-

511 1406 123 52 The
679 1403 252 71 fighting
975 1423 164 50 years
1191 1438 12 34 t
1207 1405 93 68 by]
1351 1404 184 69 Hugh
1581 1405 340 53 Pendexter.
1996 1405 260 68 London,
2298 1404 161 55 Wild

439 1485 160 54 West
626 1485 148 66 club,
801 1484 88 54 W.
922 1482 238 68 Collins,
1188 1503 131 34 sons
1348 1484 113 52 and
1489 1502 98 50 co.,
1615 1483 103 53 ltd.
1754 1486 173 66 [1933]

511 1560 87 40 254
625 1570 45 38 p.
728 1561 24 38 1
783 1560 130 40 illus.
973 1559 116 41 19cm.

445 1612 1871 54 © 1c. Aug. 29, 1933; A ad int. 18152; pubd. July 3; H. Pendexter,
510 1617 1936 106 Norway,
667 1675 91 40 Me.
830 1674 283 49 (33-29808)

441 1751 168 64 Putz,
644 1750 233 57 Alfred.

514 1827 122 53 The
665 1827 217 68 garden
914 1826 308 68 notebook;
1254 1826 323 70 gardening
1607 1826 155 55 week
1792 1825 76 71 by
1898 1826 156 54 week
2083 1826 232 55 indoors
2347 1827 113 54 and

443 1904 2015 71 out, by Alfred Putz; edited by J. W. Johnston … illustrations
445 1985 71 68 by
558 1984 95 55 the
695 1984 222 54 author.
997 1983 231 54 Garden
1272 1983 151 70 City,
1464 1983 69 52 N.
1579 1983 89 69 Y.,
1709 1983 356 70 Doubleday,
2107 1984 195 52 Doran
2346 1984 113 54 and

443 2080 279 52 company
758 2063 128 68 inc.,
923 2065 151 51 1933.

513 2138 89 40 xiii
629 2149 58 38 p.,
717 2139 23 39 1
805 2170 9 15 l.,
843 2139 86 40 217
957 2149 42 38 p.
1057 2139 130 40 illus.
1244 2138 147 41 19½cm.

520 2195 1814 51 “The material in this book … appeared originally in the garden
444 2205 2001 88 section
574 2254 53 39 of
655 2254 82 40 the
768 2253 199 49 Sunday
997 2254 187 40 Herald
1215 2252 433 42 tribune.”—Pref.

511 2309 162 42 “First
703 2310 230 41 edition.”

444 2362 51 53 ©
521 2368 127 39 June
673 2368 69 45 14,
799 2368 111 41 1933:
938 2369 68 40 2c.
1034 2370 95 38 and
1157 2368 82 40 aff.
1266 2368 120 47 Aug.
1412 2368 83 47 31;
1523 2369 42 38 A
1591 2368 172 46 64885;
1793 2369 299 48 Doubleday,
2122 2370 166 39 Doran
2315 2369 37 40 &
2378 2380 83 36 co.,

513 2424 90 41 inc.
679 2425 283 49 (33-30092)

442 2498 215 67 Quinn,
701 2500 258 65 Vernon,
1004 2504 172 50 1881-

518 2575 1943 72 Card games for children, by Vernon Quinn … New York,
446 2654 309 56 Frederick
793 2655 68 52 A.
904 2654 203 56 Stokes
1145 2673 298 53 company,
1485 2659 148 50 1933.

511 2727 97 48 xiv,
640 2726 100 49 175,
776 2728 54 49 [1]
861 2738 44 38 p.
963 2727 131 42 illus.
1153 2727 147 42 19½cm.

512 2785 229 41 Lettered
771 2795 60 30 on
861 2795 169 30 cover:
1062 2786 148 48 Many
1240 2787 115 40 card
1387 2795 165 40 games
1582 2788 79 39 for
1693 2787 184 50 parties
1908 2790 96 39 and
2038 2790 149 47 home,
2220 2789 234 48 solitaire,

444 2843 116 40 card
595 2842 167 48 tricks,
796 2854 62 28 an
893 2853 116 38 easy
1043 2844 160 39 lesson
1236 2842 49 41 in
1318 2846 220 39 contract
1573 2844 180 49 bridge.

446 2899 51 54 ©
531 2904 128 49 Sept.
689 2903 69 48 28,
788 2903 114 42 1933
921 2914 8 38 ;
961 2904 68 41 2c.
1059 2904 94 41 and
1186 2903 83 43 aff.
1301 2903 101 42 Oct.
1433 2904 53 47 6;
1519 2904 40 40 A
1589 2904 172 48 66485;
1794 2905 54 41 V.
1880 2904 175 50 Quinn,
2085 2905 117 41 New
2233 2905 146 42 York.

521 2961 283 50 (33-30100)

441 3038 436 65 Scarborough,
908 3038 293 65 Dorothy.

442 3114 1995 134 … The story of cotton, by Dorothy Scarborough; with pictures
633 3194 89 68 by
748 3194 228 54 Harold
1021 3193 207 56 Sichel.
1304 3195 139 52 New
1486 3195 162 53 York
1689 3196 112 53 and
1842 3195 259 68 London,
2141 3197 235 67 Harper
2414 3198 41 51 &

441 3272 280 67 brothers,
751 3276 152 50 1933.

514 3348 26 39 5
564 3359 43 37 p.
667 3379 9 18 l.,
701 3347 55 41 99
779 3359 42 37 p.
847 3347 111 41 incl.
981 3347 165 48 front.,
1173 3348 144 48 illus.,
1342 3349 172 48 plates.
1575 3348 55 41 19
1633 3350 45 22 cm
1683 3380 8 9 .
1763 3348 137 50 (City
1923 3350 95 40 and
2044 3352 206 46 country
2274 3350 176 49 series)

516 3406 141 48 Maps
688 3416 61 30 on
780 3405 365 49 lining-papers.

517 3463 163 41 “First
709 3463 230 41 edition.”

515 3521 378 47 Bibliography:
929 3531 42 37 p.
1002 3519 159 42 98-99.

447 3575 51 53 ©
528 3579 129 48 Sept.
683 3579 70 47 27,
781 3579 141 47 1933;
951 3579 67 41 2c.
1050 3579 127 48 Sept.
1205 3579 82 47 27;
1318 3579 82 41 aff.
1431 3579 129 49 Sept.
1587 3579 82 45 29;
1699 3580 44 40 A
1768 3580 171 47 66342;
1970 3581 194 48 Harper
2192 3581 36 40 &
2255 3582 126 39 bros.

522 3635 282 51 (33-30142)

443 3697 192 67 Snow,
665 3696 247 57 Charles
944 3699 249 65 Horace,
1228 3699 170 55 1877-

518 3776 1941 69 The scorpions sting, by Charles H. Snow … London,
446 3855 236 68 Wright
711 3857 45 50 &
788 3856 215 52 Brown
1060 3858 153 64 [1933]

516 3930 86 40 284
632 3941 43 37 p.
735 3930 144 41 19½cm.

451 3982 2011 55 © 1c. Sept. 9. 1933; A ad int. 18169; pubd. July 12; Charles Snow, Napa,
590 4043 60 31 Calif
738 4050 7 24 (33-29809)
