2582 4453
1313 4119 138 56 1774

446 508 181 39 Errata
665 506 94 48 slip
797 507 232 40 mounted
1066 517 58 29 on
1162 507 277 48 end-paper.

445 564 353 49 Bibliography
818 575 8 28 :
863 574 44 39 p.
945 562 158 43 70-73.

374 636 51 53 ©
453 641 118 40 Nov.
599 640 69 47 17,
696 639 141 46 1933;
867 639 68 40 2c.
963 640 96 38 and
1087 638 82 41 aff.
1197 639 117 40 Nov.
1343 638 55 41 23
1418 649 8 36 ;
1457 639 40 38 A
1525 637 171 49 07236;
1731 639 43 41 S.
1804 638 227 48 Peskind,
2062 639 276 41 Cleveland.

457 697 283 50 (33-38978)

375 803 230 64 Provol,
634 800 258 56 William
920 801 136 55 Lee.

443 880 123 52 The
607 878 146 68 pack
796 878 256 68 peddler,
1092 877 75 69 by
1208 878 90 53 W.
1339 878 112 53 Lee
1491 879 214 52 Provol
1753 922 55 8 …
1890 877 345 69 Greenville,
2276 881 120 65 Pa.,

373 959 242 53 Printed
652 958 76 67 by
764 958 97 52 the
898 959 221 51 Beaver
1158 957 265 69 printing
1459 975 284 50 company
1784 990 12 34 [
1802 963 17 21 c
1826 960 132 49 1933
1965 990 13 35 ]

441 1034 87 39 314
567 1044 42 37 p.
671 1032 152 41 front,
852 1032 175 49 (port.)
1096 1031 55 41 23½
1186 1034 44 21 cm
1235 1064 9 9 .

443 1090 417 49 Autobiography.

445 1149 162 40 “First
643 1147 229 41 edition.”

375 1216 51 54 ©
456 1220 119 41 Nov.
604 1220 70 48 28,
705 1220 113 41 1933
839 1230 8 37 ;
878 1219 68 41 2c.
977 1220 113 40 Dec.
1120 1219 83 48 14;
1236 1229 83 30 aff.
1350 1219 110 40 Dec.
1492 1219 83 48 13;
1607 1219 41 39 A
1678 1218 171 49 67538;
1883 1219 70 41 W.
1986 1219 49 39 L.
2068 1218 190 49 Provol,
446 1219 1933 108 Chicago.
649 1277 284 49 (33-39269)

375 1380 233 67 Remer,
639 1381 249 56 Charles
917 1380 339 66 Frederick,
1288 1385 173 49 1889-

449 1502 56 10 …
550 1459 56 53 A
645 1459 172 69 study
858 1458 65 53 of
964 1457 243 57 Chinese
1249 1458 278 70 boycotts,
1569 1458 141 53 with
1752 1458 212 69 special
2006 1458 287 55 reference
2336 1464 59 48 to

374 1537 149 54 their
571 1537 286 55 economic
904 1536 388 55 effectiveness
1362 1537 93 69 [by]
1512 1537 63 55 C.
1626 1537 67 54 F.
1740 1537 207 54 Remer
2001 1581 57 10 …
2112 1537 140 54 with
2300 1538 94 53 the

374 1616 306 54 assistance
723 1615 64 55 of
825 1616 264 55 William
1132 1617 68 52 B.
1243 1615 233 54 Palmer
1523 1659 57 10 …
1665 1615 337 69 Baltimore,
2045 1617 121 54 The
2211 1616 185 54 Johns

374 1695 271 69 Hopkins
673 1714 177 51 press,
882 1697 153 52 1933.

445 1770 81 48 xii,
558 1769 86 42 306
674 1779 42 38 p.
779 1768 174 41 double
985 1769 180 47 diagrs.
1227 1769 146 40 23½cm.

445 1827 63 41 At
536 1829 123 39 head
688 1827 52 40 of
766 1827 136 40 title:
934 1826 101 41 The
1068 1826 186 41 Walter
1279 1826 156 40 Hines
1464 1826 128 48 Page
1623 1826 161 41 school
1815 1826 52 41 of
1895 1826 351 42 international
376 1827 2003 105 relations,
547 1887 82 39 the
659 1885 155 40 Johns
843 1884 224 48 Hopkins
1099 1884 287 46 university.

446 1941 377 49 Bibliography:
860 1950 43 39 p.
938 1940 220 42 293-295.

375 1997 51 53 ©
451 2002 119 41 Nov.
596 2002 39 46 8,
661 2001 114 40 1933
795 2012 7 29 :
830 2001 68 41 2c.
923 2000 119 40 Nov.
1068 2002 83 46 17;
1179 2000 81 40 aff.
1287 2001 119 39 Nov.
1432 2001 83 46 27;
1544 2001 40 38 A
1610 2001 171 47 68335;
1812 2002 155 39 Johns
1994 2001 223 49 Hopkins
2245 2011 150 38 press.

453 2059 282 50 (33-38730)

374 2160 240 54 Review
669 2163 63 52 of
786 2163 244 54 medical
1087 2181 281 51 progress.
1467 2166 149 49 1933.
1709 2163 433 70 Philadelphia,
2199 2165 66 51 F.
2322 2165 72 52 A.

444 2241 734 70 Davis company [ c 1933]
442 2316 83 47 xii,
559 2316 114 40 1012
705 2328 41 37 p.
809 2317 143 47 illus.,
987 2317 179 49 diagrs.
1229 2317 56 40 26
1288 2319 44 22 cm
1337 2350 7 6 .

372 2374 198 40 Editors
591 2386 7 27 :
631 2374 128 46 1933,
793 2374 52 40 G.
878 2376 62 39 M.
973 2374 186 41 Piersol
1193 2376 95 39 and
1318 2376 181 39 others.

375 2427 52 52 ©
457 2432 129 39 June
611 2432 69 46 12,
709 2432 113 40 1933
843 2443 7 30 :
881 2432 66 40 2c.
978 2433 112 39 Dec.
1120 2433 52 44 8;
1203 2432 83 40 aff.
1315 2434 113 39 Dec.
1457 2432 53 47 9;
1542 2433 40 38 A
1611 2432 171 47 68464;
1815 2432 50 40 F.
1895 2432 55 40 A.
1980 2432 154 39 Davis
2163 2441 67 32 co.

457 2488 283 49 (33-38979)

375 2592 269 66 Roemer,
677 2592 324 67 Theodore,
1039 2598 173 49 1889-

447 2714 57 9 …
538 2670 121 54 The
688 2669 732 70 Ludwig-missionsverein
1449 2670 114 56 and
1593 2672 95 54 the
1719 2671 210 52 church
1960 2669 60 54 in
2050 2670 95 54 the
2175 2670 217 55 United

373 2746 190 57 States
629 2750 342 68 (1838-1918)
1014 2794 56 9 …
1103 2750 74 68 by
1204 2749 139 55 Rev.
1372 2749 296 55 Theodore
1694 2750 239 54 Roemer
1966 2793 56 10 …
374 2748 1996 147 Washington,

520 2827 71 52 D.
624 2828 79 67 C.,
736 2828 122 53 The
889 2827 263 56 Catholic
1182 2827 318 70 university
1532 2828 64 53 of
1629 2829 281 66 America,
1944 2831 151 49 1933.

445 2900 1947 52 3 p. l. , ix-xii, 161, [1] p. 23 cm . (The Catholic university of America.
376 2959 196 41 Studies
606 2959 49 40 in
689 2960 259 40 American
984 2961 182 41 church
1201 2960 204 48 history,
1467 2962 93 40 vol.
1690 2962 14 48 XVI)

439 3016 175 42 Thesis
660 3016 109 48 (PH.
839 3017 330 48 D.)—Catholic
1204 3019 274 49 university
1515 3020 52 39 of
1602 3019 239 42 America.

446 3075 128 41 Vita.

445 3132 351 50 Bibliography
817 3145 8 28 :
866 3144 41 38 p.
947 3132 218 42 153-156.

376 3191 51 52 ©
463 3195 129 48 Sept.
623 3195 70 45 23,
726 3196 114 39 1933
859 3205 8 36 ;
902 3195 65 39 2c.
1003 3194 101 41 Oct.
1138 3195 48 38 21
1213 3205 7 30 :
1256 3195 81 39 aff.
1372 3195 116 40 Nov.
1525 3195 80 46 18;
1641 3196 40 38 A
1715 3195 171 48 68207;
1924 3196 222 41 Catholic
2181 3197 129 40 univ.
2345 3197 51 39 of

446 3252 239 40 America.
758 3251 282 49 (33-38965)

375 3354 297 67 Sampter,
698 3357 193 55 Jessie
922 3357 197 65 Ethel,
1150 3361 173 49 1883-
1538 3359 85 53 ed.

443 3435 244 53 Modern
722 3436 319 64 Palestine;
1081 3455 27 33 a
1147 3435 371 68 symposium,
1554 3436 189 53 edited
1778 3437 75 67 by
1888 3435 183 55 Jessie
2108 3436 285 69 Sampter.

374 3515 138 52 New
560 3514 181 60 York,
788 3515 133 52 Had
932 3515 183 55 assail,
1163 3515 96 52 the
1307 3514 264 54 women’s
1619 3514 217 54 Zionist
1884 3516 399 68 organization
2331 3515 64 55 of

376 3594 283 57 America,
694 3597 150 49 1933.

443 3667 102 41 xvii
573 3679 57 37 p.,
660 3669 18 38 1
749 3699 8 16 l.,
785 3669 85 38 411
901 3679 41 37 p.
1005 3669 172 47 plates,
1206 3678 126 37 map.
1394 3667 54 41 23½c
1499 3670 27 21 m
1532 3701 7 7 .

444 3725 119 41 This
590 3725 41 42 is
659 3727 82 40 the
769 3726 131 41 third
927 3726 199 41 edition.
1188 3726 101 41 The
1315 3725 108 42 first
1449 3725 184 41 edition
1661 3727 242 48 appeared
1931 3727 154 40 under
2112 3727 80 40 the
2219 3727 108 42 title
2353 3728 39 40 A

374 3794 171 31 course
584 3784 49 39 in
674 3784 212 41 Zionism
926 3786 96 38 and
1061 3785 81 39 the
1182 3785 173 39 second
1397 3784 183 40 edition
1622 3785 153 40 under
1815 3785 81 40 the
1936 3784 109 41 title
2083 3785 36 38 A
2162 3784 143 49 guide
2345 3788 47 37 to

374 3842 226 40 Zionism,
663 3841 60 48 cf.
756 3841 131 41 Pref.

445 3899 380 48 Bibliography:
860 3911 42 37 p.
935 3898 220 42 391-400.

379 3953 51 52 ©
474 3959 118 44 Aug.
636 3958 67 41 18,
747 3958 112 39 1933
879 3969 8 29 :
933 3959 67 39 2c.
1043 3958 102 39 Oct.
1189 3958 81 39 23:
1317 3957 80 40 aff.
1447 3959 106 37 Dec.
1596 3957 52 40 9:
1695 3957 36 38 A
1775 3957 171 41 68507:
1992 3958 278 40 Hadassah.
2314 3958 81 39 the

448 4015 229 41 women’s
702 4015 186 41 Zionist
914 4014 338 46 organization
1281 4015 52 39 of
1357 4013 238 41 America.
1671 4014 281 48 (33-39266)
