<alto xmlns="http://www.loc.gov/standards/alto/ns-v3#" xmlns:xlink="http://www.w3.org/1999/xlink" xmlns:xsi="http://www.w3.org/2001/XMLSchema-instance" xsi:schemaLocation="http://www.loc.gov/standards/alto/ns-v3# http://www.loc.gov/alto/v3/alto-3-0.xsd"><Description>
<MeasurementUnit>pixel</MeasurementUnit>
<sourceImageInformation>
<fileName>1933_v1_Part1.pdf</fileName>
</sourceImageInformation>
<OCRProcessing ID="IdOcr">
<ocrProcessingStep>
<processingDateTime>2019-01-03</processingDateTime>
<processingSoftware>
<softwareCreator>ABBYY</softwareCreator>
<softwareName>ABBYY Recognition Server</softwareName>
<softwareVersion>4.0</softwareVersion>
</processingSoftware>
</ocrProcessingStep>
</OCRProcessing>
</Description>
<Styles>
<ParagraphStyle ID="StyleId-FFFFFFFF-FFFF-FFFF-FFFF-FFFFFFFFFFFF-" ALIGN="Left" LEFT="0." RIGHT="0." FIRSTLINE="0."/>
<ParagraphStyle ID="StyleId-6EF5737A-DCEB-4126-A0CF-C5930BF7166A-" ALIGN="Left" LEFT="0." RIGHT="0." FIRSTLINE="0." LINESPACE="8.300000191"/>
<ParagraphStyle ID="StyleId-2DE44258-FD0B-41E1-B542-087C989B01A3-" ALIGN="Left" LEFT="0." RIGHT="0." FIRSTLINE="0." LINESPACE="12.19999981"/>
<ParagraphStyle ID="StyleId-CE3D254A-29D7-4DD7-B5F1-E0FC0EF29B05-" ALIGN="Left" LEFT="0." RIGHT="0." FIRSTLINE="-14." LINESPACE="8.619999886"/>
<ParagraphStyle ID="StyleId-C0E3A137-CE4F-4287-8A90-B599106709D0-" ALIGN="Left" LEFT="0." RIGHT="0." FIRSTLINE="-14." LINESPACE="12.19999981"/>
<ParagraphStyle ID="StyleId-50F26F0C-05DA-4C19-BA58-7A6AC4499BEE-" ALIGN="Left" LEFT="0." RIGHT="0." FIRSTLINE="-14." LINESPACE="11.06999969"/>
<ParagraphStyle ID="StyleId-5DDE65AF-512C-41E2-9B8E-095D6D99EF68-" ALIGN="Center" LEFT="0." RIGHT="0." FIRSTLINE="0." LINESPACE="11.89999962"/>
<ParagraphStyle ID="StyleId-0A81D7A5-6A62-4C52-915E-7768974C704D-" ALIGN="Left" LEFT="0." RIGHT="0." FIRSTLINE="0." LINESPACE="9.399999619"/>
<ParagraphStyle ID="StyleId-F7A0127F-6B48-4157-BB81-FE33E1E1A05B-" ALIGN="Block" LEFT="0." RIGHT="0." FIRSTLINE="-13." LINESPACE="10.63000011"/>
<ParagraphStyle ID="StyleId-E18C69F7-DBD7-48B1-805C-FCD96D0DA019-" ALIGN="Left" LEFT="0." RIGHT="0." FIRSTLINE="0." LINESPACE="11.64000034"/>
<ParagraphStyle ID="StyleId-98F15501-B611-4E83-8BB3-807E891F11F5-" ALIGN="Left" LEFT="0." RIGHT="0." FIRSTLINE="-14." LINESPACE="12.19999981"/>
<ParagraphStyle ID="StyleId-F4A78626-0BBC-4D12-94D9-A1AE75A9855F-" ALIGN="Left" LEFT="0." RIGHT="0." FIRSTLINE="0." LINESPACE="9.399999619"/>
<ParagraphStyle ID="StyleId-6A3F6F4C-D21B-4ADE-902F-7683F18ECEF3-" ALIGN="Left" LEFT="0." RIGHT="0." FIRSTLINE="0." LINESPACE="11.10000038"/>
</Styles>
<Layout>
<Page ID="Page276" PHYSICAL_IMG_NR="276" HEIGHT="4403" WIDTH="2597">
<TopMargin HEIGHT="354" WIDTH="2597" VPOS="0" HPOS="0">
</TopMargin>
<LeftMargin HEIGHT="3756" WIDTH="356" VPOS="354" HPOS="0">
</LeftMargin>
<RightMargin HEIGHT="3756" WIDTH="191" VPOS="354" HPOS="2406">
</RightMargin>
<BottomMargin HEIGHT="293" WIDTH="2597" VPOS="4110" HPOS="0">
</BottomMargin>
<PrintSpace HEIGHT="3756" WIDTH="2050" VPOS="354" HPOS="356">
<TextBlock ID="Page276_Block1" HEIGHT="74" WIDTH="124" VPOS="4036" HPOS="1316" LANG="en-US" STYLEREFS="StyleId-DCA39C63-9B01-44B7-8617-89E25F64CD51-">
<TextLine HEIGHT="54" WIDTH="104" VPOS="4046" HPOS="1326">
<String CONTENT="276" HEIGHT="54" WIDTH="104" VPOS="4046" HPOS="1326"/>
</TextLine>
</TextBlock>
<TextBlock ID="Page276_Block2" HEIGHT="3688" WIDTH="2050" VPOS="354" HPOS="356" LANG="en-US" CS="1" STYLEREFS="StyleId-D40B9C6C-74DB-4337-8A06-50EAD7A94139-">
<TextLine HEIGHT="67" WIDTH="1109" VPOS="365" HPOS="370" STYLEREFS="StyleId-341688E1-4B7B-4F1F-8DAA-3E8868116591-">
<String CONTENT="Coolidge," HEIGHT="67" WIDTH="294" VPOS="365" HPOS="370"/>
<SP HEIGHT="64" WIDTH="32" VPOS="368" HPOS="665"/>
<String CONTENT="Harold" HEIGHT="53" WIDTH="223" VPOS="368" HPOS="698"/>
<SP HEIGHT="54" WIDTH="30" VPOS="367" HPOS="922"/>
<String CONTENT="Jefferson," HEIGHT="65" WIDTH="319" VPOS="366" HPOS="953"/>
<SP HEIGHT="59" WIDTH="31" VPOS="372" HPOS="1273"/>
<String CONTENT="1904-" HEIGHT="51" WIDTH="174" VPOS="371" HPOS="1305"/>
</TextLine>
<TextLine HEIGHT="72" WIDTH="1949" VPOS="444" HPOS="437" STYLEREFS="StyleId-341688E1-4B7B-4F1F-8DAA-3E8868116591-">
<String CONTENT="Three" HEIGHT="53" WIDTH="187" VPOS="445" HPOS="437"/>
<SP HEIGHT="54" WIDTH="30" VPOS="444" HPOS="625"/>
<String CONTENT="kingdoms" HEIGHT="70" WIDTH="308" VPOS="444" HPOS="656"/>
<SP HEIGHT="35" WIDTH="32" VPOS="465" HPOS="965"/>
<String CONTENT="of" HEIGHT="54" WIDTH="66" VPOS="445" HPOS="998"/>
<SP HEIGHT="53" WIDTH="31" VPOS="445" HPOS="1065"/>
<String CONTENT="Indo-China," HEIGHT="70" WIDTH="388" VPOS="444" HPOS="1097"/>
<SP HEIGHT="68" WIDTH="29" VPOS="446" HPOS="1486"/>
<String CONTENT="by" HEIGHT="68" WIDTH="76" VPOS="446" HPOS="1516"/>
<SP HEIGHT="68" WIDTH="31" VPOS="446" HPOS="1593"/>
<String CONTENT="Harold" HEIGHT="54" WIDTH="230" VPOS="446" HPOS="1625"/>
<SP HEIGHT="55" WIDTH="33" VPOS="446" HPOS="1856"/>
<String CONTENT="J." HEIGHT="55" WIDTH="57" VPOS="446" HPOS="1890"/>
<SP HEIGHT="56" WIDTH="36" VPOS="445" HPOS="1948"/>
<String CONTENT="Coolidge," HEIGHT="71" WIDTH="296" VPOS="445" HPOS="1985"/>
<SP HEIGHT="70" WIDTH="32" VPOS="445" HPOS="2282"/>
<String CONTENT="jr." HEIGHT="70" WIDTH="71" VPOS="445" HPOS="2315"/>
</TextLine>
<TextLine HEIGHT="148" WIDTH="2023" VPOS="523" HPOS="367" STYLEREFS="StyleId-341688E1-4B7B-4F1F-8DAA-3E8868116591-" CS="1">
<String CS="1" CONTENT="&#8230;"/>
<SP HEIGHT="34" WIDTH="39" VPOS="542" HPOS="430"/>
<String CONTENT="and" HEIGHT="54" WIDTH="116" VPOS="523" HPOS="470"/>
<SP HEIGHT="54" WIDTH="32" VPOS="523" HPOS="587"/>
<String CONTENT="Theodore" HEIGHT="53" WIDTH="299" VPOS="524" HPOS="620"/>
<SP HEIGHT="53" WIDTH="33" VPOS="524" HPOS="920"/>
<String CONTENT="Roosevelt" HEIGHT="53" WIDTH="307" VPOS="524" HPOS="954"/>
<SP HEIGHT="47" WIDTH="37" VPOS="529" HPOS="1262"/>
<String CS="1" CONTENT="&#8230;"/>
<SP HEIGHT="35" WIDTH="39" VPOS="542" HPOS="1358"/>
<String CONTENT="with" HEIGHT="53" WIDTH="142" VPOS="524" HPOS="1398"/>
<SP HEIGHT="53" WIDTH="34" VPOS="524" HPOS="1541"/>
<String CONTENT="illustrations" HEIGHT="55" WIDTH="384" VPOS="524" HPOS="1576"/>
<SP HEIGHT="56" WIDTH="33" VPOS="523" HPOS="1961"/>
<String CONTENT="from" HEIGHT="55" WIDTH="155" VPOS="523" HPOS="1995"/>
<SP HEIGHT="50" WIDTH="34" VPOS="543" HPOS="2151"/>
<String CONTENT="photographs" HEIGHT="146" WIDTH="2000" VPOS="524" HPOS="367"/>
<SP HEIGHT="55" WIDTH="21" VPOS="601" HPOS="585"/>
<String CONTENT="by" HEIGHT="69" WIDTH="76" VPOS="601" HPOS="607"/>
<SP HEIGHT="62" WIDTH="22" VPOS="608" HPOS="684"/>
<String CONTENT="the" HEIGHT="54" WIDTH="97" VPOS="602" HPOS="707"/>
<SP HEIGHT="37" WIDTH="23" VPOS="619" HPOS="805"/>
<String CONTENT="authors" HEIGHT="54" WIDTH="235" VPOS="602" HPOS="829"/>
<SP HEIGHT="36" WIDTH="22" VPOS="620" HPOS="1065"/>
<String CONTENT="and" HEIGHT="53" WIDTH="114" VPOS="602" HPOS="1088"/>
<SP HEIGHT="53" WIDTH="24" VPOS="602" HPOS="1203"/>
<String CONTENT="R." HEIGHT="53" WIDTH="69" VPOS="602" HPOS="1228"/>
<SP HEIGHT="55" WIDTH="24" VPOS="602" HPOS="1298"/>
<String CONTENT="W." HEIGHT="55" WIDTH="91" VPOS="602" HPOS="1323"/>
<SP HEIGHT="53" WIDTH="21" VPOS="602" HPOS="1415"/>
<String CONTENT="Hendee." HEIGHT="54" WIDTH="256" VPOS="602" HPOS="1437"/>
<SP HEIGHT="53" WIDTH="72" VPOS="603" HPOS="1694"/>
<String CONTENT="New" HEIGHT="53" WIDTH="140" VPOS="603" HPOS="1767"/>
<SP HEIGHT="53" WIDTH="24" VPOS="603" HPOS="1908"/>
<String CONTENT="York," HEIGHT="69" WIDTH="181" VPOS="602" HPOS="1933"/>
<SP HEIGHT="67" WIDTH="22" VPOS="604" HPOS="2115"/>
<String CONTENT="Thomas" HEIGHT="53" WIDTH="252" VPOS="604" HPOS="2138"/>
</TextLine>
<TextLine HEIGHT="70" WIDTH="891" VPOS="679" HPOS="369" STYLEREFS="StyleId-341688E1-4B7B-4F1F-8DAA-3E8868116591-">
<String CONTENT="Y." HEIGHT="54" WIDTH="73" VPOS="679" HPOS="369"/>
<SP HEIGHT="56" WIDTH="29" VPOS="679" HPOS="443"/>
<String CONTENT="Crowell" HEIGHT="56" WIDTH="247" VPOS="679" HPOS="473"/>
<SP HEIGHT="51" WIDTH="27" VPOS="683" HPOS="721"/>
<String CONTENT="company" HEIGHT="50" WIDTH="284" VPOS="699" HPOS="749"/>
<SP HEIGHT="49" WIDTH="30" VPOS="700" HPOS="1034"/>
<String CONTENT="[" HEIGHT="35" WIDTH="13" VPOS="714" HPOS="1065"/>
<String STYLE="superscript" CONTENT="c" HEIGHT="22" WIDTH="19" VPOS="687" HPOS="1083"/>
<String CONTENT="1933]" HEIGHT="64" WIDTH="154" VPOS="685" HPOS="1106"/>
</TextLine>
<TextLine HEIGHT="49" WIDTH="1331" VPOS="754" HPOS="437" CS="1">
<String CONTENT="331" HEIGHT="41" WIDTH="86" VPOS="754" HPOS="437"/>
<SP HEIGHT="48" WIDTH="29" VPOS="755" HPOS="524"/>
<String CONTENT="p." HEIGHT="37" WIDTH="44" VPOS="766" HPOS="554"/>
<SP HEIGHT="41" WIDTH="57" VPOS="754" HPOS="599"/>
<String CONTENT="front.," HEIGHT="48" WIDTH="165" VPOS="754" HPOS="657"/>
<SP HEIGHT="48" WIDTH="30" VPOS="754" HPOS="823"/>
<String CONTENT="illus.," HEIGHT="49" WIDTH="145" VPOS="754" HPOS="854"/>
<SP HEIGHT="37" WIDTH="30" VPOS="766" HPOS="1000"/>
<String CONTENT="plates," HEIGHT="47" WIDTH="172" VPOS="756" HPOS="1031"/>
<SP HEIGHT="37" WIDTH="32" VPOS="766" HPOS="1204"/>
<String CONTENT="ports.," HEIGHT="47" WIDTH="164" VPOS="756" HPOS="1237"/>
<SP HEIGHT="37" WIDTH="30" VPOS="766" HPOS="1402"/>
<String CONTENT="map." HEIGHT="38" WIDTH="127" VPOS="765" HPOS="1433"/>
<SP HEIGHT="41" WIDTH="58" VPOS="755" HPOS="1561"/>
<String CS="1" CONTENT="22&#189;" HEIGHT="40" WIDTH="60" VPOS="755" HPOS="1620"/>
<String STYLE="superscript" CONTENT="cm" HEIGHT="21" WIDTH="45" VPOS="758" HPOS="1709"/>
<String CONTENT="." HEIGHT="9" WIDTH="9" VPOS="789" HPOS="1759"/>
</TextLine>
<TextLine HEIGHT="49" WIDTH="626" VPOS="811" HPOS="439">
<String CONTENT="Maps" HEIGHT="49" WIDTH="140" VPOS="811" HPOS="439"/>
<SP HEIGHT="29" WIDTH="28" VPOS="823" HPOS="580"/>
<String CONTENT="on" HEIGHT="29" WIDTH="61" VPOS="823" HPOS="609"/>
<SP HEIGHT="39" WIDTH="25" VPOS="812" HPOS="671"/>
<String CONTENT="lining-papers." HEIGHT="49" WIDTH="368" VPOS="811" HPOS="697"/>
</TextLine>
<TextLine HEIGHT="52" WIDTH="1947" VPOS="867" HPOS="440">
<String CONTENT="&#8220;Our" HEIGHT="42" WIDTH="131" VPOS="867" HPOS="440"/>
<SP HEIGHT="40" WIDTH="20" VPOS="868" HPOS="572"/>
<String CONTENT="book" HEIGHT="41" WIDTH="125" VPOS="868" HPOS="593"/>
<SP HEIGHT="41" WIDTH="21" VPOS="868" HPOS="719"/>
<String CONTENT="deals" HEIGHT="40" WIDTH="135" VPOS="869" HPOS="741"/>
<SP HEIGHT="30" WIDTH="23" VPOS="879" HPOS="877"/>
<String CONTENT="with" HEIGHT="41" WIDTH="121" VPOS="868" HPOS="901"/>
<SP HEIGHT="40" WIDTH="22" VPOS="869" HPOS="1023"/>
<String CONTENT="the" HEIGHT="40" WIDTH="83" VPOS="869" HPOS="1046"/>
<SP HEIGHT="29" WIDTH="20" VPOS="879" HPOS="1130"/>
<String CONTENT="work" HEIGHT="41" WIDTH="136" VPOS="868" HPOS="1151"/>
<SP HEIGHT="41" WIDTH="23" VPOS="868" HPOS="1288"/>
<String CONTENT="of" HEIGHT="41" WIDTH="53" VPOS="868" HPOS="1312"/>
<SP HEIGHT="41" WIDTH="21" VPOS="868" HPOS="1366"/>
<String CONTENT="the" HEIGHT="40" WIDTH="83" VPOS="869" HPOS="1388"/>
<SP HEIGHT="41" WIDTH="26" VPOS="878" HPOS="1472"/>
<String CONTENT="[Kelley-Roosevelt-Field" HEIGHT="52" WIDTH="629" VPOS="867" HPOS="1499"/>
<SP HEIGHT="40" WIDTH="20" VPOS="869" HPOS="2129"/>
<String CONTENT="museum]" HEIGHT="40" WIDTH="237" VPOS="879" HPOS="2150"/>
</TextLine>
<TextLine HEIGHT="165" WIDTH="2022" VPOS="924" HPOS="368" CS="1">
<String CONTENT="expedition" HEIGHT="49" WIDTH="281" VPOS="924" HPOS="369"/>
<SP HEIGHT="40" WIDTH="29" VPOS="924" HPOS="651"/>
<String CONTENT="in" HEIGHT="40" WIDTH="51" VPOS="924" HPOS="681"/>
<SP HEIGHT="39" WIDTH="30" VPOS="925" HPOS="733"/>
<String CONTENT="French" HEIGHT="40" WIDTH="190" VPOS="925" HPOS="764"/>
<SP HEIGHT="39" WIDTH="30" VPOS="926" HPOS="955"/>
<String CONTENT="Indo-China" HEIGHT="42" WIDTH="301" VPOS="924" HPOS="986"/>
<SP HEIGHT="29" WIDTH="33" VPOS="936" HPOS="1288"/>
<String CONTENT="and" HEIGHT="39" WIDTH="97" VPOS="926" HPOS="1322"/>
<SP HEIGHT="40" WIDTH="29" VPOS="926" HPOS="1420"/>
<String CONTENT="the" HEIGHT="40" WIDTH="83" VPOS="926" HPOS="1450"/>
<SP HEIGHT="40" WIDTH="29" VPOS="925" HPOS="1534"/>
<String CONTENT="first" HEIGHT="41" WIDTH="109" VPOS="925" HPOS="1564"/>
<SP HEIGHT="46" WIDTH="29" VPOS="928" HPOS="1674"/>
<String CONTENT="part" HEIGHT="46" WIDTH="114" VPOS="928" HPOS="1704"/>
<SP HEIGHT="39" WIDTH="29" VPOS="928" HPOS="1819"/>
<String CONTENT="of" HEIGHT="42" WIDTH="54" VPOS="925" HPOS="1849"/>
<SP HEIGHT="40" WIDTH="26" VPOS="925" HPOS="1904"/>
<String CONTENT="it" HEIGHT="41" WIDTH="43" VPOS="925" HPOS="1931"/>
<SP HEIGHT="38" WIDTH="28" VPOS="928" HPOS="1975"/>
<String CONTENT="with" HEIGHT="41" WIDTH="121" VPOS="925" HPOS="2004"/>
<SP HEIGHT="41" WIDTH="31" VPOS="926" HPOS="2126"/>
<String CONTENT="the" HEIGHT="41" WIDTH="83" VPOS="926" HPOS="2158"/>
<SP HEIGHT="40" WIDTH="29" VPOS="926" HPOS="2242"/>
<String CONTENT="division" HEIGHT="97" WIDTH="2005" VPOS="925" HPOS="368"/>
<SP HEIGHT="29" WIDTH="28" VPOS="993" HPOS="476"/>
<String CONTENT="of" HEIGHT="41" WIDTH="53" VPOS="981" HPOS="505"/>
<SP HEIGHT="42" WIDTH="28" VPOS="981" HPOS="559"/>
<String CONTENT="the" HEIGHT="41" WIDTH="82" VPOS="982" HPOS="588"/>
<SP HEIGHT="31" WIDTH="25" VPOS="992" HPOS="671"/>
<String CONTENT="expedition" HEIGHT="49" WIDTH="282" VPOS="981" HPOS="697"/>
<SP HEIGHT="29" WIDTH="28" VPOS="993" HPOS="980"/>
<String CONTENT="which" HEIGHT="42" WIDTH="161" VPOS="981" HPOS="1009"/>
<SP HEIGHT="41" WIDTH="29" VPOS="982" HPOS="1171"/>
<String CONTENT="specialized" HEIGHT="51" WIDTH="291" VPOS="980" HPOS="1201"/>
<SP HEIGHT="41" WIDTH="29" VPOS="982" HPOS="1493"/>
<String CONTENT="in" HEIGHT="40" WIDTH="51" VPOS="982" HPOS="1523"/>
<SP HEIGHT="29" WIDTH="27" VPOS="994" HPOS="1575"/>
<String CONTENT="collecting" HEIGHT="50" WIDTH="257" VPOS="981" HPOS="1603"/>
<SP HEIGHT="49" WIDTH="26" VPOS="982" HPOS="1861"/>
<String CONTENT="birds," HEIGHT="49" WIDTH="149" VPOS="981" HPOS="1888"/>
<SP HEIGHT="36" WIDTH="31" VPOS="994" HPOS="2038"/>
<String CONTENT="small" HEIGHT="41" WIDTH="143" VPOS="982" HPOS="2070"/>
<SP HEIGHT="39" WIDTH="29" VPOS="983" HPOS="2214"/>
<String CONTENT="mammals," HEIGHT="92" WIDTH="2005" VPOS="993" HPOS="369"/>
<SP HEIGHT="36" WIDTH="39" VPOS="1049" HPOS="508"/>
<String CONTENT="and" HEIGHT="40" WIDTH="98" VPOS="1039" HPOS="548"/>
<SP HEIGHT="40" WIDTH="37" VPOS="1039" HPOS="647"/>
<String CONTENT="reptiles" HEIGHT="49" WIDTH="201" VPOS="1038" HPOS="685"/>
<SP HEIGHT="41" WIDTH="39" VPOS="1038" HPOS="887"/>
<String CONTENT="in" HEIGHT="40" WIDTH="51" VPOS="1038" HPOS="927"/>
<SP HEIGHT="38" WIDTH="39" VPOS="1041" HPOS="979"/>
<String CONTENT="the" HEIGHT="39" WIDTH="83" VPOS="1040" HPOS="1019"/>
<SP HEIGHT="29" WIDTH="37" VPOS="1050" HPOS="1103"/>
<String CONTENT="northern" HEIGHT="40" WIDTH="236" VPOS="1040" HPOS="1141"/>
<SP HEIGHT="31" WIDTH="39" VPOS="1049" HPOS="1378"/>
<String CONTENT="section" HEIGHT="42" WIDTH="186" VPOS="1038" HPOS="1418"/>
<SP HEIGHT="31" WIDTH="39" VPOS="1050" HPOS="1605"/>
<String CONTENT="of" HEIGHT="43" WIDTH="52" VPOS="1038" HPOS="1645"/>
<SP HEIGHT="42" WIDTH="37" VPOS="1038" HPOS="1698"/>
<String CONTENT="this" HEIGHT="42" WIDTH="99" VPOS="1038" HPOS="1736"/>
<SP HEIGHT="30" WIDTH="39" VPOS="1050" HPOS="1836"/>
<String CONTENT="country" HEIGHT="47" WIDTH="207" VPOS="1041" HPOS="1876"/>
<SP HEIGHT="39" WIDTH="43" VPOS="1050" HPOS="2084"/>
<String CS="1" CONTENT="[by" HEIGHT="49" WIDTH="62" VPOS="1039" HPOS="2141"/>
<SP HEIGHT="48" WIDTH="38" VPOS="1040" HPOS="2204"/>
<String CONTENT="H." HEIGHT="40" WIDTH="62" VPOS="1040" HPOS="2243"/>
<SP HEIGHT="40" WIDTH="39" VPOS="1040" HPOS="2306"/>
<String CONTENT="J." HEIGHT="40" WIDTH="44" VPOS="1040" HPOS="2346"/>
</TextLine>
<TextLine HEIGHT="51" WIDTH="1793" VPOS="1094" HPOS="370" CS="1">
<String CONTENT="Coolidge," HEIGHT="50" WIDTH="242" VPOS="1094" HPOS="370"/>
<SP HEIGHT="49" WIDTH="31" VPOS="1095" HPOS="613"/>
<String CONTENT="jr.]" HEIGHT="50" WIDTH="77" VPOS="1095" HPOS="645"/>
<SP HEIGHT="49" WIDTH="60" VPOS="1096" HPOS="723"/>
<String CONTENT="The" HEIGHT="40" WIDTH="103" VPOS="1096" HPOS="784"/>
<SP HEIGHT="31" WIDTH="26" VPOS="1106" HPOS="888"/>
<String CONTENT="second" HEIGHT="41" WIDTH="180" VPOS="1096" HPOS="915"/>
<SP HEIGHT="49" WIDTH="29" VPOS="1096" HPOS="1096"/>
<String CONTENT="part" HEIGHT="47" WIDTH="113" VPOS="1098" HPOS="1126"/>
<SP HEIGHT="40" WIDTH="28" VPOS="1097" HPOS="1240"/>
<String CONTENT="deals" HEIGHT="40" WIDTH="137" VPOS="1097" HPOS="1269"/>
<SP HEIGHT="29" WIDTH="28" VPOS="1108" HPOS="1407"/>
<String CONTENT="with" HEIGHT="42" WIDTH="122" VPOS="1095" HPOS="1436"/>
<SP HEIGHT="39" WIDTH="29" VPOS="1097" HPOS="1559"/>
<String CONTENT="hunting" HEIGHT="48" WIDTH="210" VPOS="1096" HPOS="1589"/>
<SP HEIGHT="48" WIDTH="29" VPOS="1096" HPOS="1800"/>
<String CONTENT="big" HEIGHT="50" WIDTH="81" VPOS="1094" HPOS="1830"/>
<SP HEIGHT="39" WIDTH="28" VPOS="1106" HPOS="1912"/>
<String CONTENT="game" HEIGHT="39" WIDTH="140" VPOS="1106" HPOS="1941"/>
<SP HEIGHT="41" WIDTH="26" VPOS="1095" HPOS="2082"/>
<String CONTENT="in" HEIGHT="42" WIDTH="54" VPOS="1095" HPOS="2109"/>
</TextLine>
<TextLine HEIGHT="108" WIDTH="2022" VPOS="1095" HPOS="371" CS="1">
<String CONTENT="Cochin-China" HEIGHT="98" WIDTH="2022" VPOS="1095" HPOS="371"/>
<SP HEIGHT="41" WIDTH="27" VPOS="1152" HPOS="527"/>
<String CONTENT="for" HEIGHT="41" WIDTH="79" VPOS="1152" HPOS="555"/>
<SP HEIGHT="38" WIDTH="27" VPOS="1155" HPOS="635"/>
<String CONTENT="the" HEIGHT="40" WIDTH="82" VPOS="1153" HPOS="663"/>
<SP HEIGHT="40" WIDTH="27" VPOS="1153" HPOS="746"/>
<String CONTENT="Field" HEIGHT="41" WIDTH="138" VPOS="1152" HPOS="774"/>
<SP HEIGHT="40" WIDTH="28" VPOS="1153" HPOS="913"/>
<String CONTENT="museum" HEIGHT="29" WIDTH="220" VPOS="1164" HPOS="942"/>
<SP HEIGHT="41" WIDTH="27" VPOS="1153" HPOS="1163"/>
<String CONTENT="by" HEIGHT="48" WIDTH="61" VPOS="1153" HPOS="1191"/>
<SP HEIGHT="47" WIDTH="25" VPOS="1154" HPOS="1253"/>
<String CONTENT="Theodore" HEIGHT="42" WIDTH="253" VPOS="1152" HPOS="1279"/>
<SP HEIGHT="41" WIDTH="27" VPOS="1153" HPOS="1533"/>
<String CONTENT="Roosevelt.&#8221;&#8212;Introd.," HEIGHT="50" WIDTH="570" VPOS="1152" HPOS="1561"/>
<SP HEIGHT="40" WIDTH="27" VPOS="1163" HPOS="2132"/>
<String CONTENT="p." HEIGHT="40" WIDTH="45" VPOS="1163" HPOS="2160"/>
<SP HEIGHT="41" WIDTH="25" VPOS="1153" HPOS="2206"/>
<String CONTENT="12-13." HEIGHT="42" WIDTH="160" VPOS="1152" HPOS="2232"/>
</TextLine>
<TextLine HEIGHT="54" WIDTH="1934" VPOS="1218" HPOS="375" CS="1">
<String CONTENT="&#169;" HEIGHT="53" WIDTH="53" VPOS="1218" HPOS="375"/>
<SP HEIGHT="53" WIDTH="25" VPOS="1218" HPOS="429"/>
<String CONTENT="Feb." HEIGHT="41" WIDTH="111" VPOS="1223" HPOS="455"/>
<SP HEIGHT="40" WIDTH="23" VPOS="1224" HPOS="567"/>
<String CONTENT="28," HEIGHT="43" WIDTH="71" VPOS="1224" HPOS="591"/>
<SP HEIGHT="42" WIDTH="25" VPOS="1225" HPOS="663"/>
<String CS="1" CONTENT="1933;" HEIGHT="42" WIDTH="113" VPOS="1223" HPOS="689"/>
<SP HEIGHT="48" WIDTH="26" VPOS="1223" HPOS="832"/>
<String CONTENT="2c." HEIGHT="42" WIDTH="67" VPOS="1223" HPOS="859"/>
<SP HEIGHT="30" WIDTH="26" VPOS="1235" HPOS="927"/>
<String CONTENT="and" HEIGHT="40" WIDTH="97" VPOS="1225" HPOS="954"/>
<SP HEIGHT="40" WIDTH="24" VPOS="1225" HPOS="1052"/>
<String CS="1" CONTENT="aff." HEIGHT="41" WIDTH="83" VPOS="1224" HPOS="1077"/>
<SP HEIGHT="40" WIDTH="25" VPOS="1225" HPOS="1161"/>
<String CONTENT="Mar." HEIGHT="40" WIDTH="123" VPOS="1225" HPOS="1187"/>
<SP HEIGHT="39" WIDTH="25" VPOS="1226" HPOS="1311"/>
<String CONTENT="3;" HEIGHT="46" WIDTH="53" VPOS="1226" HPOS="1337"/>
<SP HEIGHT="47" WIDTH="27" VPOS="1225" HPOS="1391"/>
<!-- cceid 3BC35AB5-6CF9-1014-A6CF-A82867D68027 --><String CONTENT="A" HEIGHT="38" WIDTH="42" VPOS="1225" HPOS="1419"/>
<SP HEIGHT="40" WIDTH="23" VPOS="1224" HPOS="1462"/>
<String CONTENT="60478;" HEIGHT="47" WIDTH="171" VPOS="1224" HPOS="1486"/>
<SP HEIGHT="47" WIDTH="27" VPOS="1224" HPOS="1658"/>
<String CONTENT="Thomas" HEIGHT="42" WIDTH="213" VPOS="1223" HPOS="1686"/>
<SP HEIGHT="40" WIDTH="25" VPOS="1225" HPOS="1900"/>
<String CONTENT="Y." HEIGHT="39" WIDTH="54" VPOS="1225" HPOS="1926"/>
<SP HEIGHT="42" WIDTH="27" VPOS="1223" HPOS="1981"/>
<String CONTENT="Crowell" HEIGHT="42" WIDTH="204" VPOS="1223" HPOS="2009"/>
<SP HEIGHT="39" WIDTH="27" VPOS="1226" HPOS="2214"/>
<String CONTENT="co." HEIGHT="30" WIDTH="67" VPOS="1235" HPOS="2242"/>
</TextLine>
<TextLine HEIGHT="50" WIDTH="254" VPOS="1280" HPOS="455">
<String CONTENT="(33-6040)" HEIGHT="50" WIDTH="254" VPOS="1280" HPOS="455"/>
</TextLine>
<TextLine HEIGHT="66" WIDTH="1105" VPOS="1385" HPOS="372" STYLEREFS="StyleId-588E45C8-E91B-4141-9BF7-E8521660E465-">
<String CONTENT="Cromwell," HEIGHT="65" WIDTH="326" VPOS="1385" HPOS="372"/>
<SP HEIGHT="64" WIDTH="27" VPOS="1386" HPOS="699"/>
<String CONTENT="James" HEIGHT="54" WIDTH="208" VPOS="1386" HPOS="727"/>
<SP HEIGHT="53" WIDTH="26" VPOS="1387" HPOS="936"/>
<String CONTENT="Henry" HEIGHT="64" WIDTH="208" VPOS="1387" HPOS="963"/>
<SP HEIGHT="64" WIDTH="27" VPOS="1387" HPOS="1172"/>
<String CONTENT="Roberts." HEIGHT="57" WIDTH="277" VPOS="1386" HPOS="1200"/>
</TextLine>
<TextLine HEIGHT="71" WIDTH="1949" VPOS="1462" HPOS="443" STYLEREFS="StyleId-341688E1-4B7B-4F1F-8DAA-3E8868116591-">
<String CONTENT="The" HEIGHT="53" WIDTH="123" VPOS="1464" HPOS="443"/>
<SP HEIGHT="35" WIDTH="40" VPOS="1482" HPOS="567"/>
<String CONTENT="voice" HEIGHT="54" WIDTH="158" VPOS="1463" HPOS="608"/>
<SP HEIGHT="34" WIDTH="39" VPOS="1483" HPOS="767"/>
<String CONTENT="of" HEIGHT="54" WIDTH="65" VPOS="1463" HPOS="807"/>
<SP HEIGHT="70" WIDTH="37" VPOS="1463" HPOS="873"/>
<String CONTENT="young" HEIGHT="51" WIDTH="196" VPOS="1482" HPOS="911"/>
<SP HEIGHT="68" WIDTH="39" VPOS="1465" HPOS="1108"/>
<String CONTENT="America," HEIGHT="69" WIDTH="287" VPOS="1463" HPOS="1148"/>
<SP HEIGHT="68" WIDTH="39" VPOS="1464" HPOS="1436"/>
<String CONTENT="by" HEIGHT="69" WIDTH="78" VPOS="1464" HPOS="1476"/>
<SP HEIGHT="70" WIDTH="39" VPOS="1463" HPOS="1555"/>
<String CONTENT="James" HEIGHT="55" WIDTH="196" VPOS="1463" HPOS="1595"/>
<SP HEIGHT="55" WIDTH="39" VPOS="1463" HPOS="1792"/>
<String CONTENT="H." HEIGHT="54" WIDTH="78" VPOS="1463" HPOS="1832"/>
<SP HEIGHT="53" WIDTH="42" VPOS="1464" HPOS="1911"/>
<String CONTENT="R." HEIGHT="54" WIDTH="69" VPOS="1464" HPOS="1954"/>
<SP HEIGHT="56" WIDTH="44" VPOS="1462" HPOS="2024"/>
<String CONTENT="Cromwell." HEIGHT="55" WIDTH="323" VPOS="1462" HPOS="2069"/>
</TextLine>
<TextLine HEIGHT="69" WIDTH="1423" VPOS="1541" HPOS="372" STYLEREFS="StyleId-341688E1-4B7B-4F1F-8DAA-3E8868116591-">
<String CONTENT="New" HEIGHT="53" WIDTH="138" VPOS="1542" HPOS="372"/>
<SP HEIGHT="53" WIDTH="27" VPOS="1541" HPOS="511"/>
<String CONTENT="York," HEIGHT="68" WIDTH="180" VPOS="1541" HPOS="539"/>
<SP HEIGHT="67" WIDTH="24" VPOS="1542" HPOS="720"/>
<String CONTENT="London," HEIGHT="66" WIDTH="260" VPOS="1542" HPOS="745"/>
<SP HEIGHT="66" WIDTH="28" VPOS="1542" HPOS="1006"/>
<String CONTENT="C." HEIGHT="55" WIDTH="63" VPOS="1542" HPOS="1035"/>
<SP HEIGHT="56" WIDTH="27" VPOS="1542" HPOS="1099"/>
<String CONTENT="Scribner&#8217;s" HEIGHT="57" WIDTH="316" VPOS="1541" HPOS="1127"/>
<SP HEIGHT="34" WIDTH="23" VPOS="1563" HPOS="1444"/>
<String CONTENT="sons," HEIGHT="50" WIDTH="147" VPOS="1560" HPOS="1468"/>
<SP HEIGHT="63" WIDTH="27" VPOS="1547" HPOS="1616"/>
<String CONTENT="1933." HEIGHT="50" WIDTH="151" VPOS="1545" HPOS="1644"/>
</TextLine>
<TextLine HEIGHT="50" WIDTH="689" VPOS="1616" HPOS="443" STYLEREFS="StyleId-341688E1-4B7B-4F1F-8DAA-3E8868116591-" CS="1">
<String CONTENT="x" HEIGHT="29" WIDTH="32" VPOS="1628" HPOS="443"/>
<SP HEIGHT="38" WIDTH="25" VPOS="1628" HPOS="476"/>
<String CONTENT="p.," HEIGHT="38" WIDTH="57" VPOS="1628" HPOS="502"/>
<SP HEIGHT="48" WIDTH="23" VPOS="1617" HPOS="560"/>
<String CONTENT="2" HEIGHT="39" WIDTH="30" VPOS="1617" HPOS="584"/>
<SP HEIGHT="39" WIDTH="20" VPOS="1617" HPOS="615"/>
<String CS="1" CONTENT="l.," HEIGHT="16" WIDTH="24" VPOS="1649" HPOS="658"/>
<SP HEIGHT="47" WIDTH="23" VPOS="1618" HPOS="683"/>
<String CONTENT="3-191" HEIGHT="42" WIDTH="146" VPOS="1616" HPOS="707"/>
<SP HEIGHT="48" WIDTH="24" VPOS="1618" HPOS="854"/>
<String CONTENT="p." HEIGHT="37" WIDTH="43" VPOS="1629" HPOS="879"/>
<SP HEIGHT="41" WIDTH="60" VPOS="1616" HPOS="923"/>
<String CS="1" CONTENT="18&#189;" HEIGHT="41" WIDTH="56" VPOS="1616" HPOS="984"/>
<String STYLE="superscript" CONTENT="cm" HEIGHT="22" WIDTH="45" VPOS="1618" HPOS="1073"/>
<String CONTENT="." HEIGHT="9" WIDTH="10" VPOS="1649" HPOS="1122"/>
</TextLine>
<TextLine HEIGHT="50" WIDTH="1945" VPOS="1673" HPOS="446">
<String CONTENT="&#8220;Alarming" HEIGHT="50" WIDTH="285" VPOS="1673" HPOS="446"/>
<SP HEIGHT="49" WIDTH="38" VPOS="1674" HPOS="732"/>
<String CONTENT="facts" HEIGHT="41" WIDTH="134" VPOS="1674" HPOS="771"/>
<SP HEIGHT="30" WIDTH="39" VPOS="1685" HPOS="906"/>
<String CONTENT="about" HEIGHT="41" WIDTH="149" VPOS="1674" HPOS="946"/>
<SP HEIGHT="39" WIDTH="40" VPOS="1676" HPOS="1096"/>
<String CONTENT="our" HEIGHT="29" WIDTH="90" VPOS="1685" HPOS="1137"/>
<SP HEIGHT="30" WIDTH="40" VPOS="1685" HPOS="1228"/>
<String CONTENT="country" HEIGHT="47" WIDTH="207" VPOS="1675" HPOS="1269"/>
<SP HEIGHT="38" WIDTH="41" VPOS="1684" HPOS="1477"/>
<String CONTENT="and" HEIGHT="39" WIDTH="97" VPOS="1675" HPOS="1519"/>
<SP HEIGHT="39" WIDTH="40" VPOS="1675" HPOS="1617"/>
<String CONTENT="what" HEIGHT="42" WIDTH="134" VPOS="1673" HPOS="1658"/>
<SP HEIGHT="39" WIDTH="40" VPOS="1676" HPOS="1793"/>
<String CONTENT="we" HEIGHT="29" WIDTH="73" VPOS="1686" HPOS="1834"/>
<SP HEIGHT="32" WIDTH="39" VPOS="1683" HPOS="1908"/>
<String CONTENT="can" HEIGHT="30" WIDTH="92" VPOS="1683" HPOS="1948"/>
<SP HEIGHT="40" WIDTH="39" VPOS="1673" HPOS="2041"/>
<String CONTENT="do" HEIGHT="42" WIDTH="60" VPOS="1673" HPOS="2081"/>
<SP HEIGHT="38" WIDTH="40" VPOS="1677" HPOS="2142"/>
<String CONTENT="to" HEIGHT="38" WIDTH="50" VPOS="1677" HPOS="2183"/>
<SP HEIGHT="30" WIDTH="40" VPOS="1685" HPOS="2234"/>
<String CONTENT="save" HEIGHT="30" WIDTH="116" VPOS="1685" HPOS="2275"/>
</TextLine>
<TextLine HEIGHT="42" WIDTH="784" VPOS="1731" HPOS="375">
<String CONTENT="ourselves" HEIGHT="40" WIDTH="246" VPOS="1733" HPOS="375"/>
<SP HEIGHT="41" WIDTH="26" VPOS="1732" HPOS="622"/>
<String CONTENT="from" HEIGHT="41" WIDTH="130" VPOS="1732" HPOS="649"/>
<SP HEIGHT="28" WIDTH="25" VPOS="1744" HPOS="780"/>
<String CONTENT="ruin.&#8221;&#8212;Pref." HEIGHT="42" WIDTH="353" VPOS="1731" HPOS="806"/>
</TextLine>
<TextLine HEIGHT="51" WIDTH="704" VPOS="1787" HPOS="443">
<String CONTENT="Bibliography:" HEIGHT="49" WIDTH="380" VPOS="1789" HPOS="443"/>
<SP HEIGHT="37" WIDTH="30" VPOS="1801" HPOS="824"/>
<String CONTENT="p." HEIGHT="37" WIDTH="44" VPOS="1801" HPOS="855"/>
<SP HEIGHT="41" WIDTH="28" VPOS="1790" HPOS="900"/>
<String CONTENT="189-191." HEIGHT="44" WIDTH="218" VPOS="1787" HPOS="929"/>
</TextLine>
<TextLine HEIGHT="55" WIDTH="2013" VPOS="1843" HPOS="377" CS="1">
<String CONTENT="&#169;" HEIGHT="53" WIDTH="51" VPOS="1843" HPOS="377"/>
<SP HEIGHT="53" WIDTH="29" VPOS="1843" HPOS="429"/>
<String CONTENT="Feb." HEIGHT="41" WIDTH="111" VPOS="1848" HPOS="459"/>
<SP HEIGHT="39" WIDTH="29" VPOS="1849" HPOS="571"/>
<String CONTENT="17," HEIGHT="47" WIDTH="69" VPOS="1849" HPOS="601"/>
<SP HEIGHT="46" WIDTH="26" VPOS="1850" HPOS="671"/>
<String CONTENT="1933;" HEIGHT="48" WIDTH="143" VPOS="1848" HPOS="698"/>
<SP HEIGHT="48" WIDTH="28" VPOS="1848" HPOS="842"/>
<String CONTENT="2c." HEIGHT="41" WIDTH="67" VPOS="1848" HPOS="871"/>
<SP HEIGHT="41" WIDTH="29" VPOS="1848" HPOS="939"/>
<String CONTENT="Feb." HEIGHT="40" WIDTH="110" VPOS="1847" HPOS="969"/>
<SP HEIGHT="39" WIDTH="28" VPOS="1847" HPOS="1080"/>
<String CONTENT="24;" HEIGHT="47" WIDTH="84" VPOS="1847" HPOS="1109"/>
<SP/>
<String CS="1" CONTENT="aff."/>
<SP HEIGHT="40" WIDTH="28" VPOS="1848" HPOS="1309"/>
<String CONTENT="Feb." HEIGHT="41" WIDTH="112" VPOS="1847" HPOS="1338"/>
<SP HEIGHT="41" WIDTH="27" VPOS="1847" HPOS="1451"/>
<String CONTENT="20;" HEIGHT="48" WIDTH="83" VPOS="1847" HPOS="1479"/>
<SP HEIGHT="47" WIDTH="30" VPOS="1848" HPOS="1563"/>
<!-- cceid 3BC41187-6CF9-1014-A6CF-A82867D68027 --><String CONTENT="A" HEIGHT="39" WIDTH="41" VPOS="1848" HPOS="1594"/>
<SP HEIGHT="40" WIDTH="27" VPOS="1848" HPOS="1636"/>
<String CONTENT="59727:" HEIGHT="42" WIDTH="170" VPOS="1847" HPOS="1664"/>
<SP HEIGHT="40" WIDTH="31" VPOS="1849" HPOS="1835"/>
<String CONTENT="J." HEIGHT="41" WIDTH="45" VPOS="1849" HPOS="1867"/>
<SP HEIGHT="41" WIDTH="27" VPOS="1849" HPOS="1913"/>
<String CONTENT="H." HEIGHT="40" WIDTH="61" VPOS="1849" HPOS="1941"/>
<SP HEIGHT="40" WIDTH="29" VPOS="1849" HPOS="2003"/>
<String CONTENT="R." HEIGHT="41" WIDTH="57" VPOS="1849" HPOS="2033"/>
<SP HEIGHT="41" WIDTH="29" VPOS="1849" HPOS="2091"/>
<String CONTENT="Cromwell," HEIGHT="50" WIDTH="269" VPOS="1848" HPOS="2121"/>
</TextLine>
<TextLine HEIGHT="49" WIDTH="605" VPOS="1905" HPOS="445">
<String CONTENT="New" HEIGHT="40" WIDTH="119" VPOS="1906" HPOS="445"/>
<SP HEIGHT="39" WIDTH="20" VPOS="1907" HPOS="565"/>
<String CONTENT="York." HEIGHT="40" WIDTH="146" VPOS="1906" HPOS="586"/>
<SP HEIGHT="49" WIDTH="62" VPOS="1905" HPOS="733"/>
<String CONTENT="(33-6311)" HEIGHT="49" WIDTH="254" VPOS="1905" HPOS="796"/>
</TextLine>
<TextLine HEIGHT="67" WIDTH="877" VPOS="2008" HPOS="373" STYLEREFS="StyleId-588E45C8-E91B-4141-9BF7-E8521660E465-">
<String CONTENT="Crookston," HEIGHT="66" WIDTH="351" VPOS="2009" HPOS="373"/>
<SP HEIGHT="66" WIDTH="29" VPOS="2009" HPOS="725"/>
<String CONTENT="Joseph" HEIGHT="65" WIDTH="222" VPOS="2009" HPOS="755"/>
<SP HEIGHT="54" WIDTH="33" VPOS="2010" HPOS="978"/>
<String CONTENT="Claude." HEIGHT="57" WIDTH="238" VPOS="2008" HPOS="1012"/>
</TextLine>
<TextLine HEIGHT="64" WIDTH="1944" VPOS="2086" HPOS="446" STYLEREFS="StyleId-341688E1-4B7B-4F1F-8DAA-3E8868116591-">
<String CONTENT="The" HEIGHT="53" WIDTH="123" VPOS="2087" HPOS="446"/>
<SP HEIGHT="34" WIDTH="41" VPOS="2106" HPOS="570"/>
<String CONTENT="wells" HEIGHT="53" WIDTH="158" VPOS="2088" HPOS="612"/>
<SP HEIGHT="35" WIDTH="42" VPOS="2107" HPOS="771"/>
<String CONTENT="of" HEIGHT="55" WIDTH="65" VPOS="2087" HPOS="814"/>
<SP HEIGHT="54" WIDTH="40" VPOS="2087" HPOS="880"/>
<String CONTENT="salvation;" HEIGHT="64" WIDTH="317" VPOS="2086" HPOS="921"/>
<SP HEIGHT="45" WIDTH="47" VPOS="2105" HPOS="1239"/>
<String CONTENT="addresses" HEIGHT="54" WIDTH="294" VPOS="2087" HPOS="1287"/>
<SP HEIGHT="54" WIDTH="42" VPOS="2087" HPOS="1582"/>
<String CONTENT="for" HEIGHT="54" WIDTH="95" VPOS="2087" HPOS="1625"/>
<SP HEIGHT="48" WIDTH="42" VPOS="2093" HPOS="1721"/>
<String CONTENT="the" HEIGHT="54" WIDTH="97" VPOS="2087" HPOS="1764"/>
<SP HEIGHT="48" WIDTH="40" VPOS="2093" HPOS="1862"/>
<String CONTENT="three" HEIGHT="54" WIDTH="160" VPOS="2087" HPOS="1903"/>
<SP HEIGHT="54" WIDTH="42" VPOS="2087" HPOS="2064"/>
<String CONTENT="hours" HEIGHT="55" WIDTH="175" VPOS="2087" HPOS="2107"/>
<SP HEIGHT="35" WIDTH="43" VPOS="2107" HPOS="2283"/>
<String CONTENT="of" HEIGHT="54" WIDTH="63" VPOS="2088" HPOS="2327"/>
</TextLine>
<TextLine HEIGHT="150" WIDTH="1995" VPOS="2163" HPOS="373" STYLEREFS="StyleId-341688E1-4B7B-4F1F-8DAA-3E8868116591-" CS="1">
<String CONTENT="Good" HEIGHT="56" WIDTH="165" VPOS="2163" HPOS="376"/>
<SP HEIGHT="53" WIDTH="31" VPOS="2164" HPOS="542"/>
<String CONTENT="Friday," HEIGHT="70" WIDTH="241" VPOS="2164" HPOS="574"/>
<SP HEIGHT="68" WIDTH="30" VPOS="2165" HPOS="816"/>
<String CONTENT="by" HEIGHT="69" WIDTH="77" VPOS="2165" HPOS="847"/>
<SP HEIGHT="69" WIDTH="30" VPOS="2165" HPOS="925"/>
<String CONTENT="Father" HEIGHT="54" WIDTH="218" VPOS="2165" HPOS="956"/>
<SP HEIGHT="54" WIDTH="30" VPOS="2166" HPOS="1175"/>
<String CONTENT="Joseph" HEIGHT="68" WIDTH="220" VPOS="2166" HPOS="1206"/>
<SP HEIGHT="67" WIDTH="42" VPOS="2166" HPOS="1427"/>
<String CONTENT="(Rev." HEIGHT="67" WIDTH="167" VPOS="2166" HPOS="1470"/>
<SP HEIGHT="54" WIDTH="31" VPOS="2166" HPOS="1638"/>
<String CONTENT="Joseph" HEIGHT="67" WIDTH="216" VPOS="2166" HPOS="1670"/>
<SP HEIGHT="57" WIDTH="33" VPOS="2165" HPOS="1887"/>
<String CONTENT="Claude" HEIGHT="57" WIDTH="221" VPOS="2165" HPOS="1921"/>
<SP HEIGHT="56" WIDTH="32" VPOS="2167" HPOS="2143"/>
<String CONTENT="Crookston)" HEIGHT="145" WIDTH="1995" VPOS="2167" HPOS="373"/>
<SP HEIGHT="68" WIDTH="41" VPOS="2244" HPOS="531"/>
<String CS="1" CONTENT="&#8230;"/>
<SP HEIGHT="53" WIDTH="65" VPOS="2244" HPOS="632"/>
<String CONTENT="Milwaukee," HEIGHT="68" WIDTH="364" VPOS="2243" HPOS="698"/>
<SP HEIGHT="66" WIDTH="25" VPOS="2245" HPOS="1063"/>
<String CONTENT="Wis.," HEIGHT="68" WIDTH="161" VPOS="2244" HPOS="1089"/>
<SP HEIGHT="69" WIDTH="26" VPOS="2243" HPOS="1251"/>
<String CONTENT="Morehouse" HEIGHT="55" WIDTH="340" VPOS="2243" HPOS="1278"/>
<SP HEIGHT="49" WIDTH="25" VPOS="2263" HPOS="1619"/>
<String CONTENT="publishing" HEIGHT="68" WIDTH="338" VPOS="2244" HPOS="1645"/>
<SP HEIGHT="49" WIDTH="28" VPOS="2263" HPOS="1984"/>
<String CONTENT="co." HEIGHT="34" WIDTH="79" VPOS="2264" HPOS="2013"/>
<SP HEIGHT="35" WIDTH="33" VPOS="2278" HPOS="2093"/>
<String CS="1" CONTENT="[c1933]" HEIGHT="64" WIDTH="175" VPOS="2249" HPOS="2127"/>
</TextLine>
<TextLine HEIGHT="51" WIDTH="435" VPOS="2317" HPOS="447" STYLEREFS="StyleId-341688E1-4B7B-4F1F-8DAA-3E8868116591-">
<String CONTENT="ix," HEIGHT="49" WIDTH="65" VPOS="2317" HPOS="447"/>
<SP HEIGHT="47" WIDTH="30" VPOS="2319" HPOS="513"/>
<String CONTENT="118" HEIGHT="42" WIDTH="85" VPOS="2317" HPOS="544"/>
<SP HEIGHT="51" WIDTH="28" VPOS="2317" HPOS="630"/>
<String CONTENT="p." HEIGHT="39" WIDTH="45" VPOS="2329" HPOS="659"/>
<SP HEIGHT="40" WIDTH="59" VPOS="2319" HPOS="705"/>
<String CONTENT="19" HEIGHT="42" WIDTH="56" VPOS="2317" HPOS="765"/>
<String STYLE="superscript" CONTENT="cm" HEIGHT="22" WIDTH="45" VPOS="2320" HPOS="824"/>
<String CONTENT="." HEIGHT="9" WIDTH="10" VPOS="2350" HPOS="872"/>
</TextLine>
<TextLine HEIGHT="44" WIDTH="869" VPOS="2373" HPOS="451">
<String CONTENT="Sermons" HEIGHT="43" WIDTH="227" VPOS="2373" HPOS="451"/>
<SP HEIGHT="30" WIDTH="28" VPOS="2386" HPOS="679"/>
<String CONTENT="about" HEIGHT="42" WIDTH="150" VPOS="2375" HPOS="708"/>
<SP HEIGHT="40" WIDTH="28" VPOS="2377" HPOS="859"/>
<String CONTENT="the" HEIGHT="41" WIDTH="84" VPOS="2376" HPOS="888"/>
<SP HEIGHT="32" WIDTH="28" VPOS="2385" HPOS="973"/>
<String CONTENT="sacraments." HEIGHT="39" WIDTH="318" VPOS="2377" HPOS="1002"/>
</TextLine>
<TextLine HEIGHT="53" WIDTH="1853" VPOS="2443" HPOS="381">
<String CONTENT="&#169;" HEIGHT="53" WIDTH="53" VPOS="2443" HPOS="381"/>
<SP HEIGHT="53" WIDTH="25" VPOS="2443" HPOS="435"/>
<String CONTENT="Feb." HEIGHT="41" WIDTH="111" VPOS="2447" HPOS="461"/>
<SP HEIGHT="40" WIDTH="24" VPOS="2448" HPOS="573"/>
<String CONTENT="15," HEIGHT="48" WIDTH="69" VPOS="2447" HPOS="598"/>
<SP HEIGHT="48" WIDTH="25" VPOS="2447" HPOS="668"/>
<String CONTENT="1933;" HEIGHT="49" WIDTH="142" VPOS="2445" HPOS="694"/>
<SP HEIGHT="48" WIDTH="26" VPOS="2446" HPOS="837"/>
<String CONTENT="2c." HEIGHT="41" WIDTH="69" VPOS="2446" HPOS="864"/>
<SP HEIGHT="30" WIDTH="24" VPOS="2457" HPOS="934"/>
<String CONTENT="and" HEIGHT="39" WIDTH="97" VPOS="2449" HPOS="959"/>
<SP HEIGHT="39" WIDTH="24" VPOS="2449" HPOS="1057"/>
<String CONTENT="aff." HEIGHT="41" WIDTH="84" VPOS="2445" HPOS="1082"/>
<SP HEIGHT="41" WIDTH="25" VPOS="2445" HPOS="1167"/>
<String CONTENT="Feb." HEIGHT="41" WIDTH="113" VPOS="2445" HPOS="1193"/>
<SP HEIGHT="41" WIDTH="24" VPOS="2445" HPOS="1307"/>
<String CONTENT="27;" HEIGHT="47" WIDTH="84" VPOS="2445" HPOS="1332"/>
<SP HEIGHT="47" WIDTH="27" VPOS="2445" HPOS="1417"/>
<!-- cceid 3BC4BFA4-6CF9-1014-A6CF-A82867D68027 --><String CONTENT="A" HEIGHT="39" WIDTH="40" VPOS="2445" HPOS="1445"/>
<SP HEIGHT="41" WIDTH="25" VPOS="2444" HPOS="1486"/>
<String CONTENT="60432;" HEIGHT="49" WIDTH="171" VPOS="2444" HPOS="1512"/>
<SP HEIGHT="46" WIDTH="28" VPOS="2447" HPOS="1684"/>
<String CONTENT="Morehouse" HEIGHT="41" WIDTH="290" VPOS="2446" HPOS="1713"/>
<SP HEIGHT="40" WIDTH="23" VPOS="2455" HPOS="2004"/>
<String CONTENT="pub." HEIGHT="48" WIDTH="112" VPOS="2447" HPOS="2028"/>
<SP HEIGHT="29" WIDTH="24" VPOS="2459" HPOS="2141"/>
<String CONTENT="co." HEIGHT="31" WIDTH="68" VPOS="2457" HPOS="2166"/>
</TextLine>
<TextLine HEIGHT="49" WIDTH="254" VPOS="2504" HPOS="458">
<String CONTENT="(33-6201)" HEIGHT="49" WIDTH="254" VPOS="2504" HPOS="458"/>
</TextLine>
<TextLine HEIGHT="66" WIDTH="1029" VPOS="2605" HPOS="377" STYLEREFS="StyleId-341688E1-4B7B-4F1F-8DAA-3E8868116591-">
<String CONTENT="Culbreth," HEIGHT="66" WIDTH="306" VPOS="2605" HPOS="377"/>
<SP HEIGHT="63" WIDTH="26" VPOS="2608" HPOS="684"/>
<String CONTENT="James" HEIGHT="54" WIDTH="207" VPOS="2608" HPOS="711"/>
<SP HEIGHT="53" WIDTH="25" VPOS="2608" HPOS="919"/>
<String CONTENT="Marvin," HEIGHT="66" WIDTH="255" VPOS="2605" HPOS="945"/>
<SP HEIGHT="58" WIDTH="31" VPOS="2613" HPOS="1201"/>
<String CONTENT="1880-" HEIGHT="51" WIDTH="173" VPOS="2610" HPOS="1233"/>
</TextLine>
<TextLine HEIGHT="70" WIDTH="1945" VPOS="2684" HPOS="447" STYLEREFS="StyleId-341688E1-4B7B-4F1F-8DAA-3E8868116591-">
<String CONTENT="Pathways" HEIGHT="69" WIDTH="315" VPOS="2685" HPOS="447"/>
<SP HEIGHT="47" WIDTH="26" VPOS="2691" HPOS="763"/>
<String CONTENT="to" HEIGHT="48" WIDTH="61" VPOS="2691" HPOS="790"/>
<SP HEIGHT="49" WIDTH="28" VPOS="2690" HPOS="852"/>
<String CONTENT="the" HEIGHT="53" WIDTH="97" VPOS="2685" HPOS="881"/>
<SP HEIGHT="35" WIDTH="30" VPOS="2703" HPOS="979"/>
<String CONTENT="abundant" HEIGHT="54" WIDTH="298" VPOS="2684" HPOS="1010"/>
<SP HEIGHT="52" WIDTH="28" VPOS="2686" HPOS="1309"/>
<String CONTENT="life," HEIGHT="68" WIDTH="124" VPOS="2684" HPOS="1338"/>
<SP HEIGHT="67" WIDTH="31" VPOS="2685" HPOS="1463"/>
<String CONTENT="by" HEIGHT="66" WIDTH="75" VPOS="2685" HPOS="1495"/>
<SP HEIGHT="67" WIDTH="29" VPOS="2684" HPOS="1571"/>
<String CONTENT="James" HEIGHT="55" WIDTH="194" VPOS="2684" HPOS="1601"/>
<SP HEIGHT="54" WIDTH="30" VPOS="2684" HPOS="1796"/>
<String CONTENT="Marvin" HEIGHT="54" WIDTH="234" VPOS="2684" HPOS="1827"/>
<SP HEIGHT="56" WIDTH="32" VPOS="2684" HPOS="2062"/>
<String CONTENT="Culbreth." HEIGHT="56" WIDTH="297" VPOS="2684" HPOS="2095"/>
</TextLine>
<TextLine HEIGHT="68" WIDTH="1106" VPOS="2763" HPOS="376" STYLEREFS="StyleId-341688E1-4B7B-4F1F-8DAA-3E8868116591-">
<String CONTENT="Nashville," HEIGHT="68" WIDTH="318" VPOS="2763" HPOS="376"/>
<SP HEIGHT="67" WIDTH="30" VPOS="2764" HPOS="695"/>
<String CONTENT="Cokesbury" HEIGHT="68" WIDTH="335" VPOS="2763" HPOS="726"/>
<SP HEIGHT="49" WIDTH="27" VPOS="2782" HPOS="1062"/>
<String CONTENT="press" HEIGHT="50" WIDTH="159" VPOS="2781" HPOS="1090"/>
<SP HEIGHT="50" WIDTH="36" VPOS="2781" HPOS="1250"/>
<String CONTENT="[" HEIGHT="35" WIDTH="13" VPOS="2796" HPOS="1287"/>
<String STYLE="superscript" CONTENT="c" HEIGHT="21" WIDTH="18" VPOS="2768" HPOS="1305"/>
<String CONTENT="1933]" HEIGHT="63" WIDTH="155" VPOS="2766" HPOS="1327"/>
</TextLine>
<TextLine HEIGHT="52" WIDTH="469" VPOS="2836" HPOS="448" CS="1">
<String CONTENT="221," HEIGHT="50" WIDTH="102" VPOS="2836" HPOS="448"/>
<SP HEIGHT="31" WIDTH="30" VPOS="2857" HPOS="551"/>
<String CONTENT="[1]" HEIGHT="50" WIDTH="55" VPOS="2838" HPOS="582"/>
<SP HEIGHT="40" WIDTH="25" VPOS="2848" HPOS="638"/>
<String CONTENT="p." HEIGHT="39" WIDTH="45" VPOS="2848" HPOS="664"/>
<SP HEIGHT="40" WIDTH="59" VPOS="2838" HPOS="710"/>
<String CS="1" CONTENT="19&#189;" HEIGHT="41" WIDTH="56" VPOS="2837" HPOS="770"/>
<String STYLE="superscript" CONTENT="cm" HEIGHT="22" WIDTH="44" VPOS="2839" HPOS="859"/>
<String CONTENT="." HEIGHT="10" WIDTH="10" VPOS="2869" HPOS="907"/>
</TextLine>
<TextLine HEIGHT="110" WIDTH="1999" VPOS="2892" HPOS="377" CS="1">
<String CONTENT="&#8220;This" HEIGHT="41" WIDTH="147" VPOS="2895" HPOS="453"/>
<SP HEIGHT="30" WIDTH="32" VPOS="2906" HPOS="601"/>
<String CONTENT="volume" HEIGHT="42" WIDTH="193" VPOS="2895" HPOS="634"/>
<SP HEIGHT="42" WIDTH="34" VPOS="2895" HPOS="828"/>
<String CONTENT="has" HEIGHT="40" WIDTH="91" VPOS="2895" HPOS="863"/>
<SP HEIGHT="30" WIDTH="33" VPOS="2905" HPOS="955"/>
<String CONTENT="a" HEIGHT="30" WIDTH="29" VPOS="2905" HPOS="989"/>
<SP HEIGHT="30" WIDTH="35" VPOS="2905" HPOS="1019"/>
<String CONTENT="special" HEIGHT="50" WIDTH="184" VPOS="2892" HPOS="1055"/>
<SP HEIGHT="39" WIDTH="32" VPOS="2894" HPOS="1240"/>
<String CONTENT="application" HEIGHT="49" WIDTH="302" VPOS="2893" HPOS="1273"/>
<SP HEIGHT="39" WIDTH="32" VPOS="2895" HPOS="1576"/>
<String CONTENT="to" HEIGHT="40" WIDTH="53" VPOS="2895" HPOS="1609"/>
<SP HEIGHT="31" WIDTH="33" VPOS="2904" HPOS="1663"/>
<String CONTENT="students" HEIGHT="41" WIDTH="225" VPOS="2894" HPOS="1697"/>
<SP HEIGHT="30" WIDTH="34" VPOS="2904" HPOS="1923"/>
<String CONTENT="and" HEIGHT="40" WIDTH="98" VPOS="2894" HPOS="1958"/>
<SP HEIGHT="49" WIDTH="33" VPOS="2894" HPOS="2057"/>
<String CONTENT="young" HEIGHT="40" WIDTH="163" VPOS="2905" HPOS="2091"/>
<SP HEIGHT="39" WIDTH="32" VPOS="2906" HPOS="2255"/>
<String CONTENT="people.&#8221;&#8212;Introd." HEIGHT="96" WIDTH="1999" VPOS="2906" HPOS="377"/>
</TextLine>
<TextLine HEIGHT="109" WIDTH="1997" VPOS="3006" HPOS="381" CS="1">
<String CONTENT="&#169;" HEIGHT="53" WIDTH="53" VPOS="3008" HPOS="381"/>
<SP HEIGHT="53" WIDTH="23" VPOS="3008" HPOS="435"/>
<String CONTENT="Jan." HEIGHT="40" WIDTH="112" VPOS="3013" HPOS="459"/>
<SP HEIGHT="43" WIDTH="21" VPOS="3010" HPOS="572"/>
<String CONTENT="27," HEIGHT="48" WIDTH="70" VPOS="3010" HPOS="594"/>
<SP HEIGHT="45" WIDTH="21" VPOS="3013" HPOS="665"/>
<String CONTENT="1933;" HEIGHT="47" WIDTH="141" VPOS="3009" HPOS="687"/>
<SP HEIGHT="46" WIDTH="25" VPOS="3010" HPOS="829"/>
<String CONTENT="2c." HEIGHT="40" WIDTH="67" VPOS="3010" HPOS="855"/>
<SP HEIGHT="30" WIDTH="24" VPOS="3020" HPOS="923"/>
<String CONTENT="and" HEIGHT="39" WIDTH="95" VPOS="3010" HPOS="948"/>
<SP HEIGHT="39" WIDTH="24" VPOS="3010" HPOS="1044"/>
<String CONTENT="aff." HEIGHT="42" WIDTH="84" VPOS="3008" HPOS="1069"/>
<SP HEIGHT="42" WIDTH="22" VPOS="3008" HPOS="1154"/>
<String CONTENT="Feb." HEIGHT="40" WIDTH="112" VPOS="3008" HPOS="1177"/>
<SP HEIGHT="39" WIDTH="24" VPOS="3008" HPOS="1290"/>
<String CONTENT="20;" HEIGHT="48" WIDTH="83" VPOS="3008" HPOS="1315"/>
<SP HEIGHT="48" WIDTH="24" VPOS="3008" HPOS="1399"/>
<!-- cceid 3BC57428-6CF9-1014-A6CF-A82867D68027 --><String CONTENT="A" HEIGHT="39" WIDTH="42" VPOS="3008" HPOS="1424"/>
<SP HEIGHT="40" WIDTH="24" VPOS="3008" HPOS="1467"/>
<String CONTENT="59600;" HEIGHT="49" WIDTH="170" VPOS="3006" HPOS="1492"/>
<SP HEIGHT="46" WIDTH="26" VPOS="3009" HPOS="1663"/>
<String CONTENT="Whitmore" HEIGHT="41" WIDTH="271" VPOS="3008" HPOS="1690"/>
<SP HEIGHT="41" WIDTH="24" VPOS="3009" HPOS="1962"/>
<String CONTENT="&amp;" HEIGHT="41" WIDTH="36" VPOS="3009" HPOS="1987"/>
<SP HEIGHT="41" WIDTH="25" VPOS="3009" HPOS="2024"/>
<String CONTENT="Smith," HEIGHT="49" WIDTH="172" VPOS="3008" HPOS="2050"/>
<SP HEIGHT="47" WIDTH="18" VPOS="3010" HPOS="2223"/>
<String CONTENT="Nashville." HEIGHT="101" WIDTH="1929" VPOS="3009" HPOS="449"/>
<SP HEIGHT="45" WIDTH="63" VPOS="3070" HPOS="579"/>
<String CONTENT="(33-6196)" HEIGHT="48" WIDTH="252" VPOS="3067" HPOS="643"/>
</TextLine>
<TextLine HEIGHT="71" WIDTH="1339" VPOS="3171" HPOS="378" STYLEREFS="StyleId-341688E1-4B7B-4F1F-8DAA-3E8868116591-" CS="1">
<String CONTENT="[Delhaye" HEIGHT="69" WIDTH="285" VPOS="3173" HPOS="378"/>
<SP HEIGHT="52" WIDTH="28" VPOS="3175" HPOS="664"/>
<String CONTENT="de" HEIGHT="52" WIDTH="70" VPOS="3175" HPOS="693"/>
<SP HEIGHT="53" WIDTH="29" VPOS="3174" HPOS="764"/>
<String CONTENT="Marnyhac," HEIGHT="66" WIDTH="350" VPOS="3171" HPOS="794"/>
<SP HEIGHT="65" WIDTH="29" VPOS="3172" HPOS="1145"/>
<String CONTENT="Mme." HEIGHT="53" WIDTH="170" VPOS="3172" HPOS="1175"/>
<SP HEIGHT="52" WIDTH="31" VPOS="3172" HPOS="1346"/>
<String CS="1" CONTENT="Th.]" HEIGHT="53" WIDTH="89" VPOS="3171" HPOS="1378"/>
<SP HEIGHT="63" WIDTH="36" VPOS="3176" HPOS="1507"/>
<String CONTENT="1875-" HEIGHT="55" WIDTH="173" VPOS="3171" HPOS="1544"/>
</TextLine>
<TextLine HEIGHT="70" WIDTH="1878" VPOS="3248" HPOS="507" STYLEREFS="StyleId-341688E1-4B7B-4F1F-8DAA-3E8868116591-" CS="1">
<String CS="1" CONTENT="&#8230;"/>
<SP HEIGHT="51" WIDTH="29" VPOS="3254" HPOS="507"/>
<String CONTENT="Bouboule" HEIGHT="53" WIDTH="298" VPOS="3252" HPOS="537"/>
<SP HEIGHT="36" WIDTH="21" VPOS="3270" HPOS="836"/>
<String CONTENT="en" HEIGHT="37" WIDTH="69" VPOS="3269" HPOS="858"/>
<SP HEIGHT="51" WIDTH="23" VPOS="3252" HPOS="928"/>
<String CONTENT="Italie," HEIGHT="67" WIDTH="191" VPOS="3251" HPOS="952"/>
<SP HEIGHT="50" WIDTH="23" VPOS="3268" HPOS="1144"/>
<String CONTENT="roman." HEIGHT="35" WIDTH="218" VPOS="3268" HPOS="1168"/>
<SP HEIGHT="35" WIDTH="65" VPOS="3282" HPOS="1387"/>
<String CONTENT="[Paris]" HEIGHT="69" WIDTH="205" VPOS="3248" HPOS="1453"/>
<SP HEIGHT="65" WIDTH="30" VPOS="3251" HPOS="1659"/>
<String CONTENT="E." HEIGHT="52" WIDTH="68" VPOS="3251" HPOS="1690"/>
<SP HEIGHT="52" WIDTH="26" VPOS="3251" HPOS="1759"/>
<String CONTENT="Flammarion" HEIGHT="55" WIDTH="396" VPOS="3248" HPOS="1786"/>
<SP HEIGHT="50" WIDTH="28" VPOS="3268" HPOS="2183"/>
<String CONTENT="[1933]" HEIGHT="66" WIDTH="173" VPOS="3252" HPOS="2212"/>
</TextLine>
<TextLine HEIGHT="49" WIDTH="488" VPOS="3326" HPOS="449" STYLEREFS="StyleId-341688E1-4B7B-4F1F-8DAA-3E8868116591-" CS="1">
<String CONTENT="284" HEIGHT="42" WIDTH="87" VPOS="3327" HPOS="449"/>
<SP HEIGHT="47" WIDTH="23" VPOS="3328" HPOS="537"/>
<String CONTENT="p.," HEIGHT="38" WIDTH="59" VPOS="3337" HPOS="561"/>
<SP HEIGHT="46" WIDTH="28" VPOS="3328" HPOS="621"/>
<String CONTENT="1" HEIGHT="37" WIDTH="25" VPOS="3328" HPOS="650"/>
<SP HEIGHT="38" WIDTH="27" VPOS="3327" HPOS="676"/>
<String CS="1" CONTENT="l." HEIGHT="8" WIDTH="9" VPOS="3358" HPOS="726"/>
<SP HEIGHT="39" WIDTH="54" VPOS="3327" HPOS="736"/>
<String CS="1" CONTENT="18&#189;" HEIGHT="41" WIDTH="55" VPOS="3326" HPOS="791"/>
<String STYLE="superscript" CONTENT="cm" HEIGHT="22" WIDTH="44" VPOS="3327" HPOS="880"/>
<String CONTENT="." HEIGHT="8" WIDTH="7" VPOS="3358" HPOS="930"/>
</TextLine>
<TextLine HEIGHT="51" WIDTH="1201" VPOS="3380" HPOS="449">
<String CONTENT="Author&#8217;s" HEIGHT="41" WIDTH="235" VPOS="3384" HPOS="449"/>
<SP HEIGHT="38" WIDTH="24" VPOS="3393" HPOS="685"/>
<String CONTENT="pseud.," HEIGHT="48" WIDTH="180" VPOS="3383" HPOS="710"/>
<SP HEIGHT="47" WIDTH="26" VPOS="3383" HPOS="891"/>
<String CONTENT="T." HEIGHT="40" WIDTH="54" VPOS="3383" HPOS="918"/>
<SP HEIGHT="40" WIDTH="26" VPOS="3383" HPOS="973"/>
<String CONTENT="Trilby," HEIGHT="47" WIDTH="184" VPOS="3382" HPOS="1000"/>
<SP HEIGHT="37" WIDTH="27" VPOS="3392" HPOS="1185"/>
<String CONTENT="at" HEIGHT="39" WIDTH="51" VPOS="3383" HPOS="1213"/>
<SP HEIGHT="42" WIDTH="27" VPOS="3380" HPOS="1265"/>
<String CONTENT="head" HEIGHT="41" WIDTH="126" VPOS="3380" HPOS="1293"/>
<SP HEIGHT="39" WIDTH="28" VPOS="3382" HPOS="1420"/>
<String CONTENT="of" HEIGHT="41" WIDTH="53" VPOS="3380" HPOS="1449"/>
<SP HEIGHT="41" WIDTH="24" VPOS="3380" HPOS="1503"/>
<String CONTENT="title." HEIGHT="40" WIDTH="122" VPOS="3381" HPOS="1528"/>
</TextLine>
<TextLine HEIGHT="54" WIDTH="1910" VPOS="3437" HPOS="383" CS="1">
<String CONTENT="&#169;" HEIGHT="53" WIDTH="51" VPOS="3438" HPOS="383"/>
<SP HEIGHT="53" WIDTH="24" VPOS="3438" HPOS="435"/>
<String CONTENT="Jan." HEIGHT="39" WIDTH="110" VPOS="3444" HPOS="460"/>
<SP HEIGHT="39" WIDTH="24" VPOS="3442" HPOS="571"/>
<String CONTENT="19," HEIGHT="49" WIDTH="70" VPOS="3440" HPOS="596"/>
<SP HEIGHT="47" WIDTH="24" VPOS="3442" HPOS="667"/>
<String CONTENT="1933;" HEIGHT="47" WIDTH="141" VPOS="3440" HPOS="692"/>
<SP HEIGHT="46" WIDTH="26" VPOS="3441" HPOS="834"/>
<String CS="1" CONTENT="1c." HEIGHT="29" WIDTH="38" VPOS="3451" HPOS="891"/>
<SP HEIGHT="40" WIDTH="23" VPOS="3440" HPOS="930"/>
<String CONTENT="Jan." HEIGHT="40" WIDTH="113" VPOS="3440" HPOS="954"/>
<SP HEIGHT="41" WIDTH="22" VPOS="3439" HPOS="1068"/>
<String CONTENT="27;" HEIGHT="47" WIDTH="83" VPOS="3439" HPOS="1091"/>
<SP HEIGHT="47" WIDTH="26" VPOS="3439" HPOS="1175"/>
<!-- cceid 3BC624E6-6CF9-1014-A6CF-A82867D68027 --><String CONTENT="A-Foreign" HEIGHT="48" WIDTH="313" VPOS="3437" HPOS="1202"/>
<SP HEIGHT="38" WIDTH="24" VPOS="3439" HPOS="1516"/>
<String CS="1" CONTENT="19470;" HEIGHT="41" WIDTH="146" VPOS="3437" HPOS="1541"/>
<SP HEIGHT="45" WIDTH="28" VPOS="3439" HPOS="1712"/>
<String CONTENT="Ernest" HEIGHT="38" WIDTH="179" VPOS="3439" HPOS="1741"/>
<SP HEIGHT="38" WIDTH="23" VPOS="3439" HPOS="1921"/>
<String CONTENT="Flammarion." HEIGHT="42" WIDTH="348" VPOS="3437" HPOS="1945"/>
</TextLine>
<TextLine HEIGHT="50" WIDTH="253" VPOS="3498" HPOS="460">
<String CONTENT="(33-6817)" HEIGHT="50" WIDTH="253" VPOS="3498" HPOS="460"/>
</TextLine>
<TextLine HEIGHT="64" WIDTH="722" VPOS="3601" HPOS="378" STYLEREFS="StyleId-588E45C8-E91B-4141-9BF7-E8521660E465-">
<String CONTENT="Dolan," HEIGHT="63" WIDTH="207" VPOS="3602" HPOS="378"/>
<SP HEIGHT="63" WIDTH="32" VPOS="3602" HPOS="586"/>
<String CONTENT="Albert" HEIGHT="53" WIDTH="208" VPOS="3601" HPOS="619"/>
<SP HEIGHT="53" WIDTH="28" VPOS="3601" HPOS="828"/>
<String CONTENT="Harold." HEIGHT="53" WIDTH="243" VPOS="3601" HPOS="857"/>
</TextLine>
<TextLine HEIGHT="73" WIDTH="1945" VPOS="3671" HPOS="450" STYLEREFS="StyleId-341688E1-4B7B-4F1F-8DAA-3E8868116591-">
<String CONTENT="A" HEIGHT="52" WIDTH="55" VPOS="3678" HPOS="450"/>
<SP HEIGHT="52" WIDTH="49" VPOS="3678" HPOS="506"/>
<String CONTENT="modern" HEIGHT="54" WIDTH="235" VPOS="3677" HPOS="556"/>
<SP HEIGHT="34" WIDTH="48" VPOS="3694" HPOS="792"/>
<String CONTENT="messenger" HEIGHT="51" WIDTH="318" VPOS="3693" HPOS="841"/>
<SP HEIGHT="34" WIDTH="49" VPOS="3694" HPOS="1160"/>
<String CONTENT="of" HEIGHT="53" WIDTH="64" VPOS="3675" HPOS="1210"/>
<SP HEIGHT="69" WIDTH="50" VPOS="3675" HPOS="1275"/>
<String CONTENT="purity;" HEIGHT="72" WIDTH="227" VPOS="3672" HPOS="1326"/>
<SP HEIGHT="49" WIDTH="53" VPOS="3692" HPOS="1554"/>
<String CONTENT="sermons" HEIGHT="37" WIDTH="249" VPOS="3691" HPOS="1608"/>
<SP HEIGHT="35" WIDTH="48" VPOS="3691" HPOS="1858"/>
<String CONTENT="concerning" HEIGHT="69" WIDTH="341" VPOS="3671" HPOS="1907"/>
<SP HEIGHT="63" WIDTH="48" VPOS="3677" HPOS="2249"/>
<String CONTENT="the" HEIGHT="55" WIDTH="97" VPOS="3671" HPOS="2298"/>
</TextLine>
<TextLine HEIGHT="73" WIDTH="2018" VPOS="3749" HPOS="376" STYLEREFS="StyleId-341688E1-4B7B-4F1F-8DAA-3E8868116591-">
<String CONTENT="sixth" HEIGHT="56" WIDTH="155" VPOS="3755" HPOS="376"/>
<SP HEIGHT="52" WIDTH="43" VPOS="3757" HPOS="532"/>
<String CONTENT="commandment," HEIGHT="67" WIDTH="474" VPOS="3755" HPOS="576"/>
<SP HEIGHT="69" WIDTH="42" VPOS="3753" HPOS="1051"/>
<String CONTENT="delivered" HEIGHT="54" WIDTH="288" VPOS="3753" HPOS="1094"/>
<SP HEIGHT="53" WIDTH="44" VPOS="3753" HPOS="1383"/>
<String CONTENT="at" HEIGHT="49" WIDTH="59" VPOS="3757" HPOS="1428"/>
<SP HEIGHT="49" WIDTH="41" VPOS="3757" HPOS="1488"/>
<String CONTENT="the" HEIGHT="54" WIDTH="97" VPOS="3752" HPOS="1530"/>
<SP HEIGHT="53" WIDTH="40" VPOS="3751" HPOS="1628"/>
<String CONTENT="Eastern" HEIGHT="54" WIDTH="244" VPOS="3751" HPOS="1669"/>
<SP HEIGHT="34" WIDTH="41" VPOS="3769" HPOS="1914"/>
<String CONTENT="shrine" HEIGHT="54" WIDTH="193" VPOS="3750" HPOS="1956"/>
<SP HEIGHT="35" WIDTH="39" VPOS="3768" HPOS="2150"/>
<String CONTENT="of" HEIGHT="53" WIDTH="63" VPOS="3749" HPOS="2190"/>
<SP HEIGHT="53" WIDTH="42" VPOS="3749" HPOS="2254"/>
<String CONTENT="the" HEIGHT="52" WIDTH="97" VPOS="3750" HPOS="2297"/>
</TextLine>
<TextLine HEIGHT="75" WIDTH="2017" VPOS="3826" HPOS="377" STYLEREFS="StyleId-341688E1-4B7B-4F1F-8DAA-3E8868116591-" CS="1">
<String CONTENT="Little" HEIGHT="56" WIDTH="177" VPOS="3832" HPOS="377"/>
<SP HEIGHT="54" WIDTH="30" VPOS="3834" HPOS="555"/>
<String CONTENT="Flower," HEIGHT="66" WIDTH="241" VPOS="3834" HPOS="586"/>
<SP HEIGHT="68" WIDTH="31" VPOS="3832" HPOS="828"/>
<String CONTENT="by" HEIGHT="69" WIDTH="75" VPOS="3832" HPOS="860"/>
<SP HEIGHT="64" WIDTH="28" VPOS="3837" HPOS="936"/>
<String CONTENT="the" HEIGHT="54" WIDTH="97" VPOS="3832" HPOS="965"/>
<SP HEIGHT="55" WIDTH="27" VPOS="3831" HPOS="1063"/>
<String CONTENT="Reverend" HEIGHT="56" WIDTH="297" VPOS="3830" HPOS="1091"/>
<SP HEIGHT="52" WIDTH="30" VPOS="3830" HPOS="1389"/>
<String CONTENT="Albert" HEIGHT="54" WIDTH="206" VPOS="3829" HPOS="1420"/>
<SP HEIGHT="56" WIDTH="28" VPOS="3827" HPOS="1627"/>
<String CONTENT="H." HEIGHT="53" WIDTH="76" VPOS="3827" HPOS="1656"/>
<SP HEIGHT="52" WIDTH="34" VPOS="3828" HPOS="1733"/>
<String CONTENT="Dolan" HEIGHT="55" WIDTH="188" VPOS="3827" HPOS="1768"/>
<SP HEIGHT="34" WIDTH="35" VPOS="3847" HPOS="1957"/>
<String CS="1" CONTENT="&#8230;"/>
<SP HEIGHT="56" WIDTH="73" VPOS="3826" HPOS="2050"/>
<String CONTENT="Chicago," HEIGHT="70" WIDTH="270" VPOS="3826" HPOS="2124"/>
</TextLine>
<TextLine HEIGHT="69" WIDTH="1002" VPOS="3910" HPOS="378" STYLEREFS="StyleId-341688E1-4B7B-4F1F-8DAA-3E8868116591-">
<String CONTENT="Ill.," HEIGHT="68" WIDTH="113" VPOS="3911" HPOS="378"/>
<SP HEIGHT="68" WIDTH="30" VPOS="3911" HPOS="492"/>
<String CONTENT="The" HEIGHT="54" WIDTH="123" VPOS="3911" HPOS="523"/>
<SP HEIGHT="55" WIDTH="30" VPOS="3910" HPOS="647"/>
<String CONTENT="Carmelite" HEIGHT="55" WIDTH="308" VPOS="3910" HPOS="678"/>
<SP HEIGHT="50" WIDTH="30" VPOS="3928" HPOS="987"/>
<String CONTENT="press," HEIGHT="51" WIDTH="174" VPOS="3927" HPOS="1018"/>
<SP HEIGHT="65" WIDTH="35" VPOS="3912" HPOS="1193"/>
<String CONTENT="1932." HEIGHT="50" WIDTH="151" VPOS="3911" HPOS="1229"/>
</TextLine>
<TextLine HEIGHT="50" WIDTH="594" VPOS="3981" HPOS="445" CS="1">
<String CONTENT="3" HEIGHT="41" WIDTH="27" VPOS="3982" HPOS="445"/>
<SP HEIGHT="48" WIDTH="29" VPOS="3982" HPOS="473"/>
<String CS="1" CONTENT="p."/>
<SP/>
<String CS="1" CONTENT="l.," HEIGHT="17" WIDTH="8" VPOS="4014" HPOS="610"/>
<SP HEIGHT="50" WIDTH="27" VPOS="3981" HPOS="619"/>
<String CONTENT="9-188" HEIGHT="43" WIDTH="149" VPOS="3981" HPOS="647"/>
<SP HEIGHT="49" WIDTH="22" VPOS="3982" HPOS="797"/>
<String CONTENT="p." HEIGHT="37" WIDTH="44" VPOS="3994" HPOS="820"/>
<SP HEIGHT="40" WIDTH="56" VPOS="3982" HPOS="865"/>
<String CONTENT="19" HEIGHT="41" WIDTH="58" VPOS="3981" HPOS="922"/>
<String STYLE="superscript" CONTENT="cm" HEIGHT="22" WIDTH="45" VPOS="3983" HPOS="980"/>
<String CONTENT="." HEIGHT="8" WIDTH="9" VPOS="4012" HPOS="1030"/>
</TextLine>
</TextBlock>
<GraphicalElement ID="Page276_Block3" HEIGHT="246" WIDTH="18" VPOS="948" HPOS="2374"/>
</PrintSpace>
</Page>
</Layout>
</alto>