2582 4453
1407 4140 100 54 870

458 462 311 63 Lamarck,
804 463 148 52 Jean
988 461 277 65 Baptiste
1299 461 203 54 Pierre
1537 462 261 54 Antoine
1834 463 69 54 de
1939 464 204 53 Monet
2178 464 89 63 de,
531 464 1911 131 1744-1829.

531 622 123 52 The
693 621 284 52 Lamarck
1014 619 386 69 manuscripts
1440 626 59 47 at
1538 622 294 67 Harvard,
1871 620 191 54 edited
2100 621 76 68 by
2214 621 258 55 William

460 701 234 52 Morton
740 700 264 55 Wheeler
1053 700 112 52 and
1214 700 251 52 Thomas
1515 700 280 53 Barbour.
1872 699 366 69 Cambridge,
2287 702 189 66 Mass.,

459 779 276 53 Harvard
772 778 321 68 university
1130 796 174 50 press,
1344 781 151 51 1933.

533 850 1579 50 xxxi, 202 p. front. (port.) plates, double facsirn. 20½ cm .
533 910 188 41 French
752 911 95 39 and
880 909 218 48 English.

539 968 115 41 ‘‘Six
687 968 317 48 holographic
1036 967 330 48 manuscripts
1397 968 61 47 by
1491 967 241 40 Lamarck
1764 967 50 39 in
1846 967 82 40 the
1961 967 184 47 library
2179 966 51 40 of
2263 968 81 39 the

462 969 1996 97 Museum
628 1026 52 40 of
709 1026 331 47 comparative
1072 1025 196 48 zoology
1299 1028 52 37 at
1381 1025 231 39 Harvard
1641 1024 475 49 college.”—Introd.

459 1081 1998 108 CONTENTS.— Système de Gall.— Idée et imagination.— Apperçu analytique.—Questions
925 1139 605 50 zoologiques.—Histoire
1561 1140 506 41 naturelle.-—Course
2097 1138 225 50 générale
462 1141 1998 100 d’observation.

467 1268 51 52 ©
544 1273 115 46 May
683 1273 39 42 S,
748 1272 114 40 1933;
916 1272 67 40 2c.
1010 1273 115 47 May
1149 1272 55 39 15;
1259 1271 83 41 aff.
1367 1273 114 46 May
1506 1271 57 39 24:
1617 1271 41 39 A
1683 1270 143 41 62771;
1884 1270 259 41 President
2166 1271 96 39 and
2289 1270 191 40 fellows

534 1329 52 39 of
618 1330 231 39 Harvard
882 1330 193 47 college,
1109 1329 304 46 Cambridge,
1449 1330 146 39 Mass.
1662 1324 67 54 [©
1765 1328 347 47 introduction,
2147 1339 44 37 p.
2222 1325 257 49 xiii-xxxi,

535 1387 311 47 translation,
875 1398 43 37 p.
949 1387 219 49 101-202]
1245 1386 282 48 (33-15647)

459 1490 210 64 Locke,
697 1490 176 55 Alain
900 1492 81 53 Le
1007 1492 148 63 Roy,
1184 1496 172 50 1886-

461 1567 1990 150 … The Negro in America, by Alain Locke. Chicago, American library association, 1933.
533 1721 57 39 64
614 1732 43 37 p.
720 1722 55 40 18
778 1724 44 21 cm
827 1754 8 8 .
911 1721 247 48 (Reading
1182 1720 120 42 with
1331 1732 28 30 a
1384 1730 223 40 purpose,
1633 1731 75 30 no.
1736 1719 81 49 68)

534 1779 129 40 Title
689 1779 245 47 vignette;
964 1778 258 48 tail-piece.

534 1835 190 41 “Books
750 1836 365 40 recommended
1140 1835 49 40 in
1216 1835 100 41 this
1343 1833 199 42 course”:
1596 1844 44 37 p.
1668 1834 69 41 59.

467 1904 51 52 ©
545 1909 127 39 June
695 1909 69 39 14.
789 1908 141 41 1933:
958 1908 66 41 2c.
1051 1908 129 39 June
1203 1906 56 41 19;
1313 1907 82 40 aff.
1423 1907 128 41 June
1575 1907 56 41 17;
1685 1907 43 39 A
1751 1906 143 41 63281;
1951 1907 145 40 Amer.
2138 1906 189 48 library
2351 1916 127 32 assn.

543 1966 282 48 (33-15520)

457 2066 351 70 McKinney,
841 2069 258 56 William
1132 2070 192 65 Mark,
1362 2069 470 56 1865-ed.

529 2151 139 51 New
707 2148 327 56 California
1072 2150 204 68 digest,
1312 2149 284 69 compiled
1630 2150 184 52 under
1847 2151 96 51 the
1978 2149 267 54 editorial
458 2167 1994 116 supervision
681 2230 62 54 of
778 2230 264 55 William

1078 2230 78 51 M.
1198 2229 350 69 McKinney,
1586 2229 315 69 managing
1938 2228 203 69 editor,
2179 2230 56 53 J.
2276 2229 200 55 Oliver

457 2310 241 52 Tucker.
792 2309 243 53 Volume
1252 2352 8 8 XXIII.
1302 2309 289 52 Taxation
1649 2315 58 47 to
1768 2310 177 51 Trust
2003 2309 258 68 receipts.
2359 2308 117 55 San

457 2388 325 59 Francisco,
812 2388 590 70 Bancroft-Whitney
1431 2407 299 51 company,
1760 2390 152 51 1933.

530 2476 42 34 v,
604 2464 87 40 726
719 2475 43 36 p.
822 2464 59 39 26
881 2466 43 20 cm
931 2496 8 7 .

465 2531 51 52 ©
548 2536 117 47 July
694 2536 69 46 17,
794 2535 141 47 1933;
969 2535 67 40 2c.
1068 2536 116 47 July
1214 2535 82 47 24;
1331 2534 81 41 aff.
1445 2535 118 47 July
1592 2535 83 46 22;
1710 2535 40 38 A
1781 2534 171 47 63661;
1988 2532 490 49 Bancroft-Whitney

533 2604 65 29 co.

457 2696 225 64 Marks,
710 2695 207 66 Percy,
950 2701 173 50 1891-

534 2776 196 51 Better
761 2774 234 66 themes,
1025 2794 31 33 a
1086 2776 210 66 college
1328 2774 272 54 textbook
1629 2774 64 54 of
1722 2775 236 66 writing
1990 2774 112 54 and
2133 2775 341 67 re-writing,

462 2852 2011 69 by Percy Marks … New York, Harcourt, Brace and company,
459 2936 153 50 1933.

533 3005 66 44 xi.
627 3005 88 41 338
742 3016 44 38 p.
816 3005 110 42 incl.
957 3005 196 48 diagrs.,
1183 3005 169 41 forms.
1414 3005 55 41 18½
1503 3008 43 21 cm
1550 3038 10 9 .

534 3064 124 41 Text
687 3075 60 29 on
775 3063 340 50 lining-paper.

465 3131 51 52 ©
548 3136 112 47 Apr.
692 3136 69 41 27,
793 3135 141 41 1933:
968 3135 66 41 2c.
1066 3135 95 39 and
1192 3134 83 42 aff.
1307 3135 115 46 May
1451 3134 82 41 13;
1566 3134 40 38 A
1638 3133 171 48 61790;
1844 3135 261 46 Harcourt,
2138 3135 156 40 Brace
2324 3135 37 40 &
2392 3146 82 35 co.,

529 3192 92 41 inc.
694 3192 281 48 (33-15477)

456 3296 209 64 Miller,
700 3300 139 50 Mrs.
875 3296 163 54 Olive
1074 3297 248 51 Kennon
1367 3296 331 66 (Beaupré)

527 3375 102 66 My
659 3375 146 52 book
833 3376 63 50 of
924 3376 251 67 history;
1209 3395 26 32 a
1267 3374 359 69 picturesque
1654 3377 115 51 tale
1799 3375 63 52 of
1891 3395 283 49 progress,
2198 3376 76 69 by
2303 3376 166 55 Olive

458 3455 1932 68 Beaupré Miller, assisted by Harry Neal Baum. [Volume IV]
458 3534 429 68 Explorations.
966 3534 271 68 Chicago,
1267 3534 119 52 The
1418 3534 338 53 Bookhouse
1786 3533 94 53 for
1908 3534 257 53 children
2200 3568 12 34 [
2218 3541 18 20 c
2242 3538 133 48 1932
2383 3568 10 33 ]

530 3608 1673 49 4 p. l., 11-512 p. illux. (part col., inch maps) 1 col. pl. 24 cm .
465 3662 51 52 ©
545 3667 112 46 May
682 3666 69 46 26,
778 3665 112 41 1933:
946 3667 69 39 2c.
1041 3667 94 38 and
1163 3666 81 40 aff.
1273 3667 116 47 July
1415 3666 82 41 10:
1525 3666 41 39 A
1592 3665 171 42 64269:
1794 3667 135 39 Book
1955 3666 154 40 house
2132 3666 80 40 for
2238 3665 232 41 children.

454 3786 435 63 Montgomery,
917 3787 63 51 T.
1007 3787 63 52 T.

529 3862 1937 71 The growth of Oklahoma, by Mr. T. T. Montgomery … Mrs.
459 3940 2007 70 Lotta Mosier … [and] Miss Imogene Bethel … Oklahoma
460 4018 154 70 City,
640 4020 142 52 Fort
806 4019 208 53 Worth
1067 4025 119 61 [etc.]
1219 4020 121 53 The
1371 4019 293 70 Economy
1693 4038 78 35 co.
1805 4054 12 33 [
1823 4026 18 22 c
1847 4023 132 49 1933]
