2582 4453
1381 4123 133 49 1514

412 418 287 69 Fleming,
729 424 233 54 Russell
993 425 195 66 Clark,
1221 428 173 50 1901-
1572 442 181 50 comp.

484 500 210 56 Source
734 501 175 66 book;
953 522 31 33 a
1023 502 287 70 directory
1349 502 64 53 of
1451 502 195 69 public
1685 503 259 70 agencies
1981 504 60 53 in
2079 504 98 54 the
2213 504 218 56 United

414 579 191 55 States
634 581 257 68 engaged
926 581 58 52 in
1017 582 95 53 the
1145 581 357 69 publication
1533 582 63 53 of
1628 583 298 54 literature
1958 602 73 35 on
2062 583 226 70 mining
2320 584 110 53 and

411 660 2023 71 geology, compiled by Russell C. Fleming … New York, N. Y.,
415 736 197 68 Seeley
639 739 90 53 W.
757 738 186 54 Mudd
970 738 297 54 memorial
1297 739 166 57 fund,
1493 740 308 53 American
1829 741 263 53 institute
2121 740 63 53 of
2211 740 225 70 mining

414 818 113 53 and
559 817 425 69 metallurgical
1015 818 312 69 engineers,
1361 821 151 51 1933.

486 892 87 40 128
610 904 43 37 p.
715 892 56 41 18½
803 894 45 21 cm
854 925 7 8 .

488 950 1947 49 “E. J. Kennedy, jr., assistant to the secretary of the Institute … did
416 1006 765 48 the … editing.”—Foreword.
417 1061 52 52 ©
497 1066 102 41 Oct.
626 1068 68 39 17.
722 1066 114 40 1933;
891 1067 66 40 2c.
986 1068 96 38 and
1108 1066 82 40 aff.
1220 1066 101 41 Oct.
1349 1067 58 39 30;
1461 1067 42 38 A
1528 1066 144 41 66793;
1730 1067 158 40 Amer.
1918 1066 231 41 institute
2175 1067 52 40 of
2253 1066 185 48 mining

491 1125 95 38 and
623 1123 361 46 metallurgical
1022 1123 266 47 engineers,
1326 1124 105 46 inc.,
1470 1124 117 39 New
1624 1124 147 39 York.
1843 1124 281 48 (33-31728)

417 1226 205 68 Gould,
656 1227 247 57 Charles
934 1229 272 66 Newton,
1244 1231 170 51 1868-

489 1307 322 56 Oklahoma
861 1308 160 67 place
1065 1326 194 35 names
1327 1308 92 68 [by]
1473 1306 238 55 Charles
1756 1308 70 52 N.
1873 1306 209 55 Gould.
2166 1308 275 68 Norman,

420 1386 337 68 University
788 1386 65 53 of
884 1385 324 56 Oklahoma
1241 1404 175 51 press,
1451 1389 150 49 1933.

489 1461 26 40 3
544 1472 42 37 p.
635 1495 7 7 l.,
686 1461 175 40 11-146
888 1473 57 37 p.,
973 1462 25 38 1
1047 1493 7 8 l.
1117 1461 135 41 front.
1296 1461 174 48 (port.)
1540 1461 56 40 20
1599 1463 44 21 cm
1648 1494 8 8 .

422 1515 52 53 ©
506 1520 99 41 Oct.
638 1521 69 41 15,
737 1520 113 40 1933;
909 1521 68 39 2c.
1008 1522 93 38 and
1134 1520 81 42 aff.
1248 1520 103 40 Oct.
1381 1520 83 45 30;
1497 1520 41 38 A
1566 1519 172 43 66816;
1774 1519 284 49 University
2089 1520 52 40 of
2171 1519 269 41 Oklahoma

492 1588 148 38 press.
714 1577 282 48 (33-31718)

423 1681 291 65 Honnold,
745 1683 236 53 Arthur
1010 1684 86 63 B.,
1130 1681 174 54 1875-

499 1759 276 69 Supreme
804 1769 160 45 court
994 1764 110 50 law;
1164 1761 353 69 comprising
1543 1761 181 52 briefs
1753 1779 71 36 on
1854 1760 310 54 American
2189 1761 110 52 law
2329 1760 112 52 and

426 1839 212 69 equity,
669 1840 260 52 national
961 1841 113 52 and
1105 1840 433 55 international,
1566 1844 144 50 state
1744 1840 113 52 and
1887 1839 318 68 interstate,
2238 1858 58 33 as
2328 1857 59 34 rec
427 1919 241 68 ognized
709 1921 112 51 and
863 1920 331 52 announced
1236 1919 75 69 by
1348 1920 235 68 justices
1622 1919 64 52 of
1725 1919 95 52 the
1862 1918 277 68 Supreme
2178 1923 162 49 court
2378 1917 64 53 of

427 1997 2016 69 the United States, by Arthur B. Honnold … Kansas City,
426 2075 1941 72 Vernon law book co.; St. Paul, West publishing co. [ c 1933]
492 2154 26 38 3
548 2165 43 27 V.
650 2153 190 42 fronts.,
872 2156 151 45 ports.
1081 2153 56 40 23½
1171 2155 44 21 cm
1221 2186 7 7 .

494 2210 162 46 Paged
687 2209 357 49 continuously.

427 2278 41 28 V.
498 2269 38 41 1,
569 2262 52 53 ©
652 2266 100 41 Oct.
782 2267 40 40 9.
850 2266 141 41 1933;
1024 2278 27 28 V
1095 2267 39 40 2.
1164 2267 39 45 3,
1235 2262 59 52 ©
1319 2266 103 41 Oct.
1451 2266 56 39 10;
1566 2266 67 39 2c.
1664 2266 118 39 each
1811 2265 119 39 Nov.
1961 2265 81 40 17;
2075 2263 109 41 affs.
2214 2264 119 40 Nov.
2364 2263 82 47 18;

497 2324 41 39 A
562 2324 350 46 68151-68153;
940 2324 51 39 A.
1021 2325 51 37 B.
1101 2324 242 42 Honnold.
1370 2324 164 40 Tulsa.
1563 2322 104 41 Okl.
1735 2321 282 49 (33-30300)

428 2426 170 67 Kirk,
627 2429 157 53 John
815 2428 248 66 George,
1097 2432 173 49 1881-

502 2505 235 54 Graded
791 2508 214 56 letters,
1060 2506 281 54 dictation
1396 2507 95 51 for
1543 2506 239 53 modern
1834 2504 274 67 business,
2162 2504 74 68 by
2289 2503 158 56 John

434 2581 2011 73 G. Kirk … and George E. Mumford … Book II. Gregg ed.
433 2664 430 68 Philadelphia,
906 2664 254 69 Chicago
1206 2669 139 63 [etc.]
1392 2665 122 52 The
1553 2664 159 56 John
1754 2666 63 53 C.
1856 2662 270 56 Winston
2166 2678 281 51 company

479 2746 153 64 c1933]

499 2818 84 48 xii,
613 2817 87 42 397
729 2830 43 37 p.
802 2819 78 40 incl.
942 2819 166 42 front.,
1139 2819 129 39 illus.
1327 2818 61 40 20½
1418 2820 44 20 cm
1468 2850 7 7 .

504 2876 312 40 “Shorthand
844 2876 213 40 outlines
1087 2875 197 40 written
1315 2876 61 48 by
1404 2874 128 41 Nina
1563 2875 54 40 A.
1649 2872 266 42 Leonard.”

433 2929 52 52 ©
515 2935 121 46 Aug.
665 2934 69 40 31.
765 2934 114 40 1933;
939 2934 67 40 2c.
1036 2934 118 40 Nov.
1183 2935 54 45 4;
1270 2933 80 41 aff.
1382 2934 118 39 Nov.
1529 2933 53 40 2;
1614 2933 40 39 A
1684 2931 147 41 65966;
1890 2931 128 40 John
2049 2929 48 42 G.
2128 2928 225 41 Winston
2383 2937 68 32 co.

430 3021 222 67 Klette,
688 3023 240 56 Ernest.

505 3093 1947 76 The gold of Fiddler’s gulch, by Ernest Klette … illustrated
434 3177 72 68 by
531 3176 227 55 Harold
783 3177 61 55 C.
869 3180 283 51 Petersen.
1211 3178 113 54 Los
1348 3177 267 69 Angeles,
1640 3176 117 56 San
1784 3177 322 67 Francisco,
433 3172 2017 138 Overland-outwest
706 3256 401 68 publications,
1143 3260 149 50 1933.

503 3327 833 51 3 p. l., 9-150 p. plates. 20 cm .
507 3386 289 40 Illustrated
830 3386 364 48 lining-papers.

438 3441 52 53 ©
527 3447 104 40 Oct.
665 3447 69 41 25.
771 3447 141 44 1933;
949 3448 68 40 2c.
1053 3448 117 39 Nov.
1206 3447 54 46 2;
1299 3446 82 41 aff.
1417 3447 118 39 Nov.
1571 3448 25 38 3;
1663 3447 39 39 A
1739 3446 171 46 66872;
1950 3447 53 40 E.
2040 3446 180 39 Klette.
2259 3444 198 38 Fresno.

506 3503 144 40 Calif.
723 3505 282 47 (33-31757)

435 3594 358 66 Larrimore,
820 3594 167 57 Lida.

507 3672 345 54 Jonathan’s
909 3674 301 68 daughter,
1265 3674 76 67 by
1397 3673 145 55 Lida
1603 3673 345 53 Larrimore.
2026 3669 429 68 Philadelphia.

440 3750 227 54 Macrae
701 3751 190 57 Smith
924 3772 301 50 company,
1259 3758 150 51 1933.

507 3824 88 41 349
626 3835 42 38 p.
729 3825 57 41 20
789 3828 43 22 cm
838 3858 9 9 .

510 3882 290 42 Illustrated
832 3885 97 47 t.-p.

511 3937 163 43 “First
702 3940 229 41 edition.”

437 3990 53 53 ©
521 3995 101 43 Oct.
651 3996 40 48 9,
719 3997 112 41 1933;
890 3999 66 40 2c.
985 4001 96 39 and
1110 4000 81 42 asf.
1221 4000 118 40 Nov.
1369 4001 53 45 2;
1453 4001 44 39 A
1525 3999 172 47 65920;
1730 4000 196 39 Macrae
1958 3997 157 42 Smith
2144 4008 66 29 co.

515 4053 282 52 (33-31063)
