2582 4453
1284 4127 106 52 408

331 422 301 70 [Twinem,
664 424 121 55 Leo
814 425 292 67 Leonard]
1145 430 173 51 1890-

401 500 192 57 Maria
636 501 226 54 Monk’s
905 501 284 70 daughter
1233 502 63 52 of
1341 500 226 56 Sharon
1613 502 112 52 and
1771 500 276 68 Amenia;
2092 502 94 55 the
2228 508 128 49 true

328 586 161 51 story
520 580 65 53 of
616 580 192 54 Lizzie
843 579 82 56 St.
961 580 157 55 John
1149 579 178 56 Eckel
1360 580 235 68 Harper
1627 580 114 53 and
1774 581 102 55 her
1907 581 213 52 church
2153 599 71 34 on
2258 581 96 53 the

328 656 2024 72 hill, by Leonard Twynham [pseud.] … [Flushing, N. Y.] Priv.
330 736 176 70 print.
551 736 180 70 [Case]
776 740 151 49 1932.

398 809 58 41 33
498 820 43 38 p.
583 808 110 43 incl.
735 809 166 48 front.,
945 809 129 41 illus.
1103 808 176 50 (port.)
1347 809 58 41 20½c
1454 811 28 21 m
1486 841 10 9 .

335 881 52 52 ©
414 884 128 49 Sept.
568 885 40 49 1,
633 883 142 49 1932;
801 884 67 41 2c.
895 886 96 39 and
1016 884 82 41 aff.
1125 884 122 40 Mar.
1273 884 39 48 6,
1338 883 142 48 1933;
1507 884 42 39 A
1572 883 172 48 60502;
1772 885 52 40 L.
1850 884 51 41 L.
1926 884 232 48 Twinein,
401 884 1938 105 Flushing,
524 943 56 39 N.
606 942 53 40 Y.
731 941 254 49 (33-7824)

327 1046 289 67 Wheeler,
648 1046 258 56 William
939 1049 258 64 Morton,
1231 1052 171 51 1865-

402 1124 544 72 Colony-founding
971 1144 211 51 among
1207 1130 147 64 ants,
1381 1124 140 55 with
1547 1144 73 35 an
1646 1128 239 51 account
1910 1124 65 54 of
1999 1143 152 36 some

328 1124 2002 151 primitive Australian species, by William Morton Wheeler …
327 1203 2002 152 Cambridge,
582 1285 193 67 Mass.,
808 1285 278 54 Harvard
1120 1283 322 71 university
1476 1303 176 50 press,
1687 1287 153 52 1933.

399 1360 89 42 viii
515 1371 58 39 p.,
599 1361 30 39 2
690 1393 9 17 l.,
730 1360 178 51 [3]-179
935 1371 44 38 p.
1040 1361 173 47 plates.
1274 1359 57 41 20½c
1380 1361 29 22 m
1413 1392 10 9 .

401 1418 381 50 Bibliography:
815 1430 43 38 p.
893 1418 251 52 [161]-170.

334 1489 52 52 ©
425 1493 123 40 Mar.
585 1493 69 47 11,
693 1491 142 49 1933;
874 1493 68 40 2c.
980 1494 124 39 Mar.
1141 1492 83 47 16;
1265 1491 83 41 aff.
1386 1493 124 39 Mar.
1547 1493 84 47 18;
1671 1492 40 40 A
1750 1491 172 49 59995;
1963 1492 261 42 President
2260 1495 95 39 and

402 1549 191 42 fellows
625 1551 53 39 of
708 1550 232 40 Harvard
974 1549 194 49 college,
1204 1549 305 49 Cambridge,
1543 1551 149 40 Mass.
1764 1550 253 50 (33-7655)

328 1654 199 55 White
581 1656 202 53 House
835 1655 351 54 conference
1239 1673 74 36 on
1364 1654 156 56 child
1572 1654 208 55 health
1830 1656 117 54 and
1999 1656 352 65 protection.

399 1736 135 53 Sect.
664 1754 17 33 IV:
720 1735 121 53 The
881 1734 421 70 handicapped.
1380 1735 343 54 Committee
1763 1754 72 35 on
1872 1735 328 70 physically
2237 1737 115 54 and

396 1814 282 69 mentally
707 1815 421 68 handicapped.

401 1892 122 53 The
558 1890 403 71 handicapped
997 1890 186 69 child;
1219 1897 197 63 report
1449 1891 64 54 of
1545 1892 97 53 the
1677 1891 339 56 Committee
2052 1910 71 34 on
330 1893 1999 146 physically

508 1970 114 55 and
647 1970 278 68 mentally
949 1969 422 71 handicapped,
1396 1968 261 56 William
1683 1970 55 54 J.
1767 1970 168 69 Ellis,
2037 2017 9 10 LL.
2113 2013 31 27 D.,
330 1971 1999 147 chairman,

514 2048 196 55 White
744 2048 197 54 House
975 2047 330 57 conference
1341 2067 71 35 on
1448 2046 156 57 child
1637 2048 195 56 health
1869 2051 112 54 and
2017 2048 333 70 protection.

332 2126 138 54 New
508 2126 180 69 York,
720 2126 261 70 London,
1012 2128 122 55 The
1168 2126 257 71 Century
1458 2146 77 35 co.
1579 2162 13 35 [
1597 2134 19 22 c
1621 2130 154 67 1933]

505 2198 1167 52 XXV, 452 p. 1 illus., diagrs. 23 ½cm . $3.00
400 2257 292 40 Illustrated
735 2256 367 49 lining-papers.

402 2313 225 42 “Section
718 2314 164 41 IV—The
919 2312 368 50 handicapped:
1327 2314 301 49 prevention,
1668 2315 356 50 maintenance,
2065 2316 286 49 protection,

331 2370 1206 52 C. C. Carstens, PH . D., chairman.”—p. [iii]
403 2429 228 41 Includes
667 2427 397 50 bibliographies.

336 2500 52 52 ©
416 2505 123 39 Mar.
563 2505 69 45 17,
658 2503 142 46 1933;
828 2503 66 40 2c.
922 2504 96 39 and
1044 2502 82 41 aff.
1155 2503 122 38 Mar.
1305 2502 83 47 21;
1417 2502 42 39 A
1485 2502 172 48 60707;
1686 2501 167 42 White
1876 2503 168 40 House
2069 2503 288 41 conference

403 2572 62 30 on
496 2561 131 41 child
657 2561 170 40 health
859 2562 96 38 and
987 2560 285 49 protection,
1307 2560 107 48 Ray
1447 2559 188 49 Lyman
1667 2560 205 48 Wilbur,
1956 2592 8 9 M.
2030 2592 22 17 D.,
2087 2560 268 48 chairman,

403 2618 339 49 Washington.
813 2618 254 49 (33-7835)

327 2718 336 58 Wisconsin
709 2723 114 53 and
867 2723 190 54 North
1102 2728 241 47 western
1388 2721 206 70 digest,
1637 2722 271 71 covering
1950 2724 77 52 all
2073 2741 150 36 cases
398 2740 1929 131 reported

632 2803 60 51 in
719 2802 325 55 Wisconsin
1073 2808 243 63 reports,
1342 2803 189 52 North
1559 2807 241 48 western
1826 2807 277 64 reporter,
2134 2802 112 52 and
2274 2803 77 52 all

400 2881 97 55 the
522 2883 173 52 north
722 2887 240 50 western
988 2888 175 48 states
1191 2887 223 64 reports
1442 2881 154 55 from
1621 2883 98 53 the
1745 2882 230 56 earliest
2000 2882 183 70 times,
2209 2881 142 55 with

400 2967 233 49 current
657 2960 348 56 cumulative
1032 2962 208 69 pocket
1265 2960 213 56 service
1504 2962 249 69 keeping
1778 2963 118 53 this
1924 2963 190 69 digest
2138 2963 213 69 always

398 3041 1927 133 to date … Compiled and edited by the publisher’s editorial
599 3118 153 56 staff,
830 3139 48 34 v.
909 3121 189 54 27-29.
1179 3122 82 56 St.
1290 3122 167 68 Paul,
1483 3124 163 54 West
1672 3121 340 70 publishing
2038 3141 78 36 co.
2151 3155 13 35 [
2169 3128 19 22 c
2193 3125 153 64 1933]

403 3198 28 39 3
492 3227 8 8 v.
560 3196 59 40 26
619 3199 44 20 cm
668 3227 9 9 .

674 3264 115 29 CONTENTS.—v.
832 3252 72 42 27.
946 3253 268 49 Municipal
1255 3253 460 47 corporations.—v.
1759 3251 71 43 28.
1872 3253 486 42 Names-Pardon.—

334 3322 45 29 v.
409 3309 73 42 29.
511 3312 182 39 Parent
723 3312 96 39 and
848 3311 357 48 child-Piracy.

334 3379 42 29 v.
400 3367 70 48 27,
499 3364 54 52 ©
579 3370 123 40 Mar.
727 3368 70 48 23,
824 3368 141 47 1933;
994 3381 42 28 v.
1063 3369 70 47 28,
1161 3368 69 46 29,
1261 3364 57 52 ©
1342 3370 127 38 Mar.,
1492 3367 83 48 24;
1603 3368 69 41 2c.
1699 3370 119 40 each
1845 3369 114 48 Apr.
1988 3370 82 45 14;
2101 3369 109 41 affs.
2238 3369 113 49 Apr.

405 3426 83 47 15;
518 3426 39 39 A
585 3425 324 42 62086-62088;
966 3427 135 40 West
1128 3426 111 49 pub.
1267 3438 67 29 co.

329 3525 791 67 Zwiedineck-Stidenhorst,
1154 3531 146 54 Otto
1330 3547 133 48 von,
1499 3530 173 56 1871-

403 3606 361 70 Allgemeine
801 3607 701 68 Volkswirtschaftslehre,
1541 3626 113 34 von
1694 3606 141 56 Otto
1875 3626 51 37 v.
336 3606 2015 134 Zwiedineck-Südenhorst.

776 3686 220 68 Berlin,
1022 3686 54 55 J.
1111 3686 301 69 Springer,
1444 3689 150 51 1932.

405 3760 27 41 3
467 3770 43 37 p.
581 3791 8 16 l.,
626 3758 87 43 280
748 3770 43 38 p.
853 3760 155 46 diagr.
1068 3760 57 41 26
1129 3763 45 21 cm
1177 3793 8 9 .
1261 3761 193 49 (Added
1494 3764 121 45 t.-p.:
1649 3759 366 49 Enzyklopädie
2052 3761 86 40 der
337 3760 2000 97 rechtsund

469 3816 1647 50 staatswissenschaft … Abt. Staatswissenschaft … XXXIII)
409 3873 180 41 Errata
618 3873 93 48 slip
739 3873 231 43 inserted.

408 3929 614 42 “Literaturverzeichnis”
1041 3941 9 30 :
1083 3942 43 37 p.
1175 3932 101 50 [272]

339 3998 1841 54 © June 28. 1932; 1c. Oct. 4; A-Foreign 18228; Julius Springer.
417 4059 253 50 (33-7696)
