2540 4453
1019 4127 103 49 441

96 484 271 65 Æsopus.

165 562 246 52 Famous
449 559 182 54 fables
669 559 151 53 from
856 560 210 66 Æsop;
1105 562 95 49 cut
1236 576 179 49 paper
1450 556 329 55 silhouettes
1814 556 76 67 by

94 556 1971 137 Florence
270 638 297 68 Sampson.
643 637 326 65 Cleveland,
1012 637 121 52 The
1175 637 217 52 Harter
1435 632 334 71 publishing
1810 651 279 51 company

99 720 193 65 [c1933]

165 791 24 40 1
218 801 42 38 p.
310 821 23 18 l.,
360 790 71 49 40,
463 808 54 31 [1]
548 801 43 37 p.
650 787 129 42 illus.
838 787 147 42 24½cm.

100 844 52 52 ©
183 848 109 40 Feb.
319 847 70 48 20,
419 847 111 40 1933;
588 847 68 39 2c.
685 847 97 39 and
809 845 83 41 aff.
920 846 114 47 Apr.
1064 845 29 40 5;
1147 844 41 40 A
1217 844 142 40 60921;
1420 845 187 39 Harter
1633 844 109 49 pub.
1772 855 69 31 co.

177 903 249 50 (33-8545)

90 1007 315 55 American
436 1006 356 56 association
826 1007 96 53 for
953 1007 103 54 the
1087 1006 428 54 advancement
1546 1005 64 55 of
1642 1005 246 56 science.

165 1085 402 57 Stabilization
610 1086 63 52 of
716 1086 400 67 employment,
1157 1101 207 52 papers
1406 1085 298 67 presented
1745 1089 60 48 at
1844 1085 96 52 the

93 1086 1970 134 Atlantic
309 1163 134 69 City
480 1164 248 68 meeting
765 1164 65 52 of
866 1165 96 52 the
999 1163 306 54 American
1344 1162 338 55 association

1723 1161 94 55 for
1854 1164 96 52 the
92 1163 1970 133 advancement
456 1242 64 53 of
553 1242 229 66 science,
816 1242 299 68 including
1150 1261 31 34 a
1216 1260 290 49 summary
1541 1241 64 53 of
1641 1241 221 69 results,
1898 1242 189 54 edited

91 1318 1969 150 by Charles F. Roos. 1 st ed. Bloomington, Ind., The Principia press, inc., 1933.
163 1473 87 40 300
281 1484 41 37 p.
384 1472 178 47 diagrs.
622 1472 147 42 23½cm.

96 1528 52 52 ©
177 1532 122 40 Mar.
327 1533 40 45 3,
396 1530 112 41 1933;
567 1531 65 40 2c.
663 1531 120 39 Mar.
813 1531 55 39 31;
928 1529 80 41 aff.
1039 1531 114 47 Apr.
1183 1530 24 38 1;
1266 1530 41 38 A
1335 1529 144 41 60864;
1538 1527 246 49 Principia
1815 1539 149 39 press,
1996 1529 91 43 inc.

173 1588 250 48 (33-8388)

87 1689 331 66 Armitage,
449 1690 200 65 Merle,
683 1694 170 51 1893-

159 1769 125 52 The
310 1767 364 69 lithographs
703 1766 64 54 of
796 1767 256 53 Richard
1082 1768 149 68 Day,
1261 1767 76 69 by
1367 1766 180 54 Merle
1578 1766 301 70 Armitage;
1943 1768 142 53 with

92 1865 31 34 a
160 1845 285 53 foreword
482 1844 75 69 by
595 1843 137 56 Carl
770 1844 306 69 Zigrosser.
1151 1845 139 53 New
1328 1844 181 69 York,
1549 1845 68 53 E.
1654 1845 235 69 Weyhe,
1933 1849 151 50 1932.

161 1916 1298 51 3 p. l., x p., 2 1. front., illus., 12 pl., port. 31cm.
161 1974 302 48 Descriptive
494 1975 280 47 letterpress
804 1985 60 30 on
894 1984 164 30 versos
1085 1973 166 48 facing
1277 1973 172 48 plates.

90 2030 1977 105 “Five hundred copies of this book … have been printed … Lithograph
278 2085 1810 51 opposite title-page … hand printed from the stone … Number
88 2143 129 42 465.”

94 2198 52 52 ©
172 2203 106 40 Oct.
299 2203 39 50 1,
364 2201 113 41 1932;
532 2203 67 40 2c.
626 2201 109 40 Feb.
762 2203 68 47 13,
858 2201 112 41 1933;
1028 2201 82 41 aff.
1138 2202 121 40 Mar.
1287 2202 54 40 15;
1398 2203 41 38 A
1465 2201 169 49 59892;
1665 2204 53 39 E.
1746 2204 193 47 Weyhe,
1968 2204 117 40 New

159 2260 143 39 York.
373 2258 249 50 (33-8518)

85 2358 1995 73 Atlantic digest. March, 1933, cumulative pamphlet … St.
154 2439 166 69 Paul,
348 2441 159 55 West
535 2439 336 71 publishing
901 2458 79 37 co.
1017 2443 193 65 [c1933]

157 2515 85 40 154
270 2525 42 37 p.
371 2515 116 39 24cm.

93 2568 52 52 ©
177 2573 120 38 Mar.
326 2571 68 47 22,
425 2570 141 48 1933;
597 2571 67 41 2c.
693 2572 113 47 Apr.
839 2571 81 47 14;
952 2570 80 40 aff.
1065 2571 112 48 Apr.
1210 2572 81 47 15;
1324 2572 41 40 A
1395 2572 169 48 62059;
1597 2574 138 39 West
1763 2573 107 48 pub.
1905 2583 65 31 co.

83 2689 270 65 Bandini,
383 2688 210 65 Ralph.

156 2767 179 68 Tight
368 2767 160 68 lines,
559 2768 76 68 by
669 2768 194 67 Ralph
898 2767 282 68 Bandini;
1221 2768 139 54 with
1396 2787 109 49 pen
1542 2770 113 53 and
1690 2770 100 54 ink
1827 2771 253 54 sketches

85 2846 75 67 by
191 2846 95 52 the
321 2845 220 53 author.
615 2847 113 52 Los
759 2845 266 69 Angeles,
1059 2846 194 68 Calif.,
1287 2846 180 68 Tight
1498 2847 159 67 lines,
1693 2852 150 51 1932.

157 2919 27 40 7
215 2931 42 37 p.
309 2948 22 18 l.,
361 2917 148 41 3-239
535 2929 57 37 p.,
622 2919 24 38 1
697 2950 8 9 l.
765 2919 164 47 front.,
959 2918 142 48 illus.,
1134 2920 170 47 plates,
1336 2922 148 46 ports.
1544 2921 147 42 24½cm.

158 2976 139 47 Maps
327 2986 60 29 on
415 2976 287 47 end-papers;
760 2974 314 49 frontispiece
1104 2975 42 41 is
1176 2987 28 29 a
1234 2977 228 40 mounted
1490 2977 224 49 portrait.

160 3031 1616 45 “The deluxe edition … consists of five hundred numbered
1807 3037 94 39 and
87 3037 1974 93 registered
252 3088 201 50 copies.”
512 3089 119 40 This
660 3099 118 38 copy
808 3091 192 39 neither
1028 3091 263 39 numbered
1321 3101 88 29 nor
1439 3091 280 48 registered.

92 3143 52 53 ©
178 3148 111 40 Feb.
323 3147 39 45 8,
397 3146 140 49 1933;
571 3146 68 43 2c.
673 3148 122 41 Mar.
828 3146 53 49 9;
914 3146 86 43 aff.
1037 3148 110 41 Feb.
1181 3149 81 47 15;
1301 3150 41 39 A
1375 3149 169 49 60529;
1583 3151 54 39 R.
1675 3151 226 47 Bandini,
1937 3153 144 41 Palos

157 3206 183 40 Verdes
366 3206 209 46 Estates,
604 3204 144 41 Calif.
819 3204 249 51 (33-8401)

82 3308 199 65 Bates,
311 3307 202 65 Sylvia
542 3307 308 67 Chatfield,
882 3309 84 53 ed.

153 3385 320 52 Twentieth
503 3388 235 65 century
764 3386 160 52 short
950 3384 217 69 stories,
1193 3385 238 55 selected
1457 3388 76 68 by
1563 3387 208 69 Sylvia.
1793 3388 285 56 Chatfield

84 3462 1993 77 Bates … Boston, New York [etc.] Houghton Mifflin company
103 3542 177 66 [c1933]

153 3615 96 48 xiv,
280 3614 85 41 545
393 3624 43 38 p.
495 3612 118 42 20cm.

154 3670 232 43 Contains
412 3670 126 41 brief
563 3669 331 49 biographical
920 3670 223 41 sketches
1167 3671 54 40 of
1243 3672 84 41 the
1350 3674 218 42 authors.

89 3724 52 52 ©
169 3730 121 39 Mar.
315 3728 69 48 29,
411 3727 139 48 1933;
580 3728 68 40 2c.
673 3728 113 47 Apr.
814 3727 82 47 10;
925 3727 81 40 aff.
1034 3728 111 48 Apr.
1175 3729 51 47 8;
1255 3730 41 38 A
1323 3730 169 49 61312;
1524 3734 263 47 Houghton
1814 3734 164 43 Mifflin
2010 3747 66 31 co.

166 3784 250 49 (33-8544)

80 3889 215 64 Beach,
323 3887 259 57 Lincoln.

154 3966 122 52 The
326 3964 206 69 golden
583 3982 158 51 urge,
790 3963 76 70 by
917 3963 240 54 Lincoln
1211 3967 206 54 Beach.
1507 3970 251 70 Dayton,
1814 3974 87 70 O.,
1955 3979 123 52 The

83 4043 667 67 Thompson company [c1932]
