<alto xmlns="http://www.loc.gov/standards/alto/ns-v3#" xmlns:xsi="http://www.w3.org/2001/XMLSchema-instance" xsi:schemaLocation="http://www.loc.gov/standards/alto/ns-v3# http://www.loc.gov/alto/v3/alto-3-0.xsd"><Description>
<MeasurementUnit>pixel</MeasurementUnit>
<sourceImageInformation>
<fileName>1933_v1_Part1.pdf</fileName>
</sourceImageInformation>
<OCRProcessing ID="IdOcr">
<ocrProcessingStep>
<processingDateTime>2019-01-03</processingDateTime>
<processingSoftware>
<softwareCreator>ABBYY</softwareCreator>
<softwareName>ABBYY Recognition Server</softwareName>
<softwareVersion>4.0</softwareVersion>
</processingSoftware>
</ocrProcessingStep>
</OCRProcessing>
</Description>
<Styles>
<ParagraphStyle ALIGN="Left" FIRSTLINE="0." ID="StyleId-FFFFFFFF-FFFF-FFFF-FFFF-FFFFFFFFFFFF-" LEFT="0." RIGHT="0." />
<ParagraphStyle ALIGN="Left" FIRSTLINE="0." ID="StyleId-6EF5737A-DCEB-4126-A0CF-C5930BF7166A-" LEFT="0." LINESPACE="8.300000191" RIGHT="0." />
<ParagraphStyle ALIGN="Left" FIRSTLINE="0." ID="StyleId-2DE44258-FD0B-41E1-B542-087C989B01A3-" LEFT="0." LINESPACE="12.19999981" RIGHT="0." />
<ParagraphStyle ALIGN="Left" FIRSTLINE="-14." ID="StyleId-CE3D254A-29D7-4DD7-B5F1-E0FC0EF29B05-" LEFT="0." LINESPACE="8.619999886" RIGHT="0." />
<ParagraphStyle ALIGN="Left" FIRSTLINE="-14." ID="StyleId-C0E3A137-CE4F-4287-8A90-B599106709D0-" LEFT="0." LINESPACE="12.19999981" RIGHT="0." />
<ParagraphStyle ALIGN="Left" FIRSTLINE="-14." ID="StyleId-50F26F0C-05DA-4C19-BA58-7A6AC4499BEE-" LEFT="0." LINESPACE="11.06999969" RIGHT="0." />
<ParagraphStyle ALIGN="Center" FIRSTLINE="0." ID="StyleId-5DDE65AF-512C-41E2-9B8E-095D6D99EF68-" LEFT="0." LINESPACE="11.89999962" RIGHT="0." />
<ParagraphStyle ALIGN="Left" FIRSTLINE="0." ID="StyleId-0A81D7A5-6A62-4C52-915E-7768974C704D-" LEFT="0." LINESPACE="9.399999619" RIGHT="0." />
<ParagraphStyle ALIGN="Block" FIRSTLINE="-13." ID="StyleId-F7A0127F-6B48-4157-BB81-FE33E1E1A05B-" LEFT="0." LINESPACE="10.63000011" RIGHT="0." />
<ParagraphStyle ALIGN="Left" FIRSTLINE="0." ID="StyleId-E18C69F7-DBD7-48B1-805C-FCD96D0DA019-" LEFT="0." LINESPACE="11.64000034" RIGHT="0." />
<ParagraphStyle ALIGN="Left" FIRSTLINE="-14." ID="StyleId-98F15501-B611-4E83-8BB3-807E891F11F5-" LEFT="0." LINESPACE="12.19999981" RIGHT="0." />
<ParagraphStyle ALIGN="Left" FIRSTLINE="0." ID="StyleId-F4A78626-0BBC-4D12-94D9-A1AE75A9855F-" LEFT="0." LINESPACE="9.399999619" RIGHT="0." />
<ParagraphStyle ALIGN="Left" FIRSTLINE="0." ID="StyleId-6A3F6F4C-D21B-4ADE-902F-7683F18ECEF3-" LEFT="0." LINESPACE="11.10000038" RIGHT="0." />
</Styles>
<Layout>
<Page HEIGHT="4403" ID="Page276" PHYSICAL_IMG_NR="276" WIDTH="2597">
<TopMargin HEIGHT="354" HPOS="0" VPOS="0" WIDTH="2597">
</TopMargin>
<LeftMargin HEIGHT="3756" HPOS="0" VPOS="354" WIDTH="356">
</LeftMargin>
<RightMargin HEIGHT="3756" HPOS="2406" VPOS="354" WIDTH="191">
</RightMargin>
<BottomMargin HEIGHT="293" HPOS="0" VPOS="4110" WIDTH="2597">
</BottomMargin>
<PrintSpace HEIGHT="3756" HPOS="356" VPOS="354" WIDTH="2050">
<TextBlock HEIGHT="74" HPOS="1316" ID="Page276_Block1" LANG="en-US" STYLEREFS="StyleId-DCA39C63-9B01-44B7-8617-89E25F64CD51-" VPOS="4036" WIDTH="124">
<TextLine HEIGHT="54" HPOS="1326" VPOS="4046" WIDTH="104">
<String CONTENT="276" HEIGHT="54" HPOS="1326" VPOS="4046" WIDTH="104" />
</TextLine>
</TextBlock>
<TextBlock CS="1" HEIGHT="3688" HPOS="356" ID="Page276_Block2" LANG="en-US" STYLEREFS="StyleId-D40B9C6C-74DB-4337-8A06-50EAD7A94139-" VPOS="354" WIDTH="2050">
<TextLine HEIGHT="67" HPOS="370" STYLEREFS="StyleId-341688E1-4B7B-4F1F-8DAA-3E8868116591-" VPOS="365" WIDTH="1109">
<String CONTENT="Coolidge," HEIGHT="67" HPOS="370" VPOS="365" WIDTH="294" />
<SP HEIGHT="64" HPOS="665" VPOS="368" WIDTH="32" />
<String CONTENT="Harold" HEIGHT="53" HPOS="698" VPOS="368" WIDTH="223" />
<SP HEIGHT="54" HPOS="922" VPOS="367" WIDTH="30" />
<String CONTENT="Jefferson," HEIGHT="65" HPOS="953" VPOS="366" WIDTH="319" />
<SP HEIGHT="59" HPOS="1273" VPOS="372" WIDTH="31" />
<String CONTENT="1904-" HEIGHT="51" HPOS="1305" VPOS="371" WIDTH="174" />
</TextLine>
<TextLine HEIGHT="72" HPOS="437" STYLEREFS="StyleId-341688E1-4B7B-4F1F-8DAA-3E8868116591-" VPOS="444" WIDTH="1949">
<String CONTENT="Three" HEIGHT="53" HPOS="437" VPOS="445" WIDTH="187" />
<SP HEIGHT="54" HPOS="625" VPOS="444" WIDTH="30" />
<String CONTENT="kingdoms" HEIGHT="70" HPOS="656" VPOS="444" WIDTH="308" />
<SP HEIGHT="35" HPOS="965" VPOS="465" WIDTH="32" />
<String CONTENT="of" HEIGHT="54" HPOS="998" VPOS="445" WIDTH="66" />
<SP HEIGHT="53" HPOS="1065" VPOS="445" WIDTH="31" />
<String CONTENT="Indo-China," HEIGHT="70" HPOS="1097" VPOS="444" WIDTH="388" />
<SP HEIGHT="68" HPOS="1486" VPOS="446" WIDTH="29" />
<String CONTENT="by" HEIGHT="68" HPOS="1516" VPOS="446" WIDTH="76" />
<SP HEIGHT="68" HPOS="1593" VPOS="446" WIDTH="31" />
<String CONTENT="Harold" HEIGHT="54" HPOS="1625" VPOS="446" WIDTH="230" />
<SP HEIGHT="55" HPOS="1856" VPOS="446" WIDTH="33" />
<String CONTENT="J." HEIGHT="55" HPOS="1890" VPOS="446" WIDTH="57" />
<SP HEIGHT="56" HPOS="1948" VPOS="445" WIDTH="36" />
<String CONTENT="Coolidge," HEIGHT="71" HPOS="1985" VPOS="445" WIDTH="296" />
<SP HEIGHT="70" HPOS="2282" VPOS="445" WIDTH="32" />
<String CONTENT="jr." HEIGHT="70" HPOS="2315" VPOS="445" WIDTH="71" />
</TextLine>
<TextLine CS="1" HEIGHT="148" HPOS="367" STYLEREFS="StyleId-341688E1-4B7B-4F1F-8DAA-3E8868116591-" VPOS="523" WIDTH="2023">
<String CONTENT="&#8230;" CS="1" />
<SP HEIGHT="34" HPOS="430" VPOS="542" WIDTH="39" />
<String CONTENT="and" HEIGHT="54" HPOS="470" VPOS="523" WIDTH="116" />
<SP HEIGHT="54" HPOS="587" VPOS="523" WIDTH="32" />
<String CONTENT="Theodore" HEIGHT="53" HPOS="620" VPOS="524" WIDTH="299" />
<SP HEIGHT="53" HPOS="920" VPOS="524" WIDTH="33" />
<String CONTENT="Roosevelt" HEIGHT="53" HPOS="954" VPOS="524" WIDTH="307" />
<SP HEIGHT="47" HPOS="1262" VPOS="529" WIDTH="37" />
<String CONTENT="&#8230;" CS="1" />
<SP HEIGHT="35" HPOS="1358" VPOS="542" WIDTH="39" />
<String CONTENT="with" HEIGHT="53" HPOS="1398" VPOS="524" WIDTH="142" />
<SP HEIGHT="53" HPOS="1541" VPOS="524" WIDTH="34" />
<String CONTENT="illustrations" HEIGHT="55" HPOS="1576" VPOS="524" WIDTH="384" />
<SP HEIGHT="56" HPOS="1961" VPOS="523" WIDTH="33" />
<String CONTENT="from" HEIGHT="55" HPOS="1995" VPOS="523" WIDTH="155" />
<SP HEIGHT="50" HPOS="2151" VPOS="543" WIDTH="34" />
<String CONTENT="photographs" HEIGHT="146" HPOS="367" VPOS="524" WIDTH="2000" />
<SP HEIGHT="55" HPOS="585" VPOS="601" WIDTH="21" />
<String CONTENT="by" HEIGHT="69" HPOS="607" VPOS="601" WIDTH="76" />
<SP HEIGHT="62" HPOS="684" VPOS="608" WIDTH="22" />
<String CONTENT="the" HEIGHT="54" HPOS="707" VPOS="602" WIDTH="97" />
<SP HEIGHT="37" HPOS="805" VPOS="619" WIDTH="23" />
<String CONTENT="authors" HEIGHT="54" HPOS="829" VPOS="602" WIDTH="235" />
<SP HEIGHT="36" HPOS="1065" VPOS="620" WIDTH="22" />
<String CONTENT="and" HEIGHT="53" HPOS="1088" VPOS="602" WIDTH="114" />
<SP HEIGHT="53" HPOS="1203" VPOS="602" WIDTH="24" />
<String CONTENT="R." HEIGHT="53" HPOS="1228" VPOS="602" WIDTH="69" />
<SP HEIGHT="55" HPOS="1298" VPOS="602" WIDTH="24" />
<String CONTENT="W." HEIGHT="55" HPOS="1323" VPOS="602" WIDTH="91" />
<SP HEIGHT="53" HPOS="1415" VPOS="602" WIDTH="21" />
<String CONTENT="Hendee." HEIGHT="54" HPOS="1437" VPOS="602" WIDTH="256" />
<SP HEIGHT="53" HPOS="1694" VPOS="603" WIDTH="72" />
<String CONTENT="New" HEIGHT="53" HPOS="1767" VPOS="603" WIDTH="140" />
<SP HEIGHT="53" HPOS="1908" VPOS="603" WIDTH="24" />
<String CONTENT="York," HEIGHT="69" HPOS="1933" VPOS="602" WIDTH="181" />
<SP HEIGHT="67" HPOS="2115" VPOS="604" WIDTH="22" />
<String CONTENT="Thomas" HEIGHT="53" HPOS="2138" VPOS="604" WIDTH="252" />
</TextLine>
<TextLine HEIGHT="70" HPOS="369" STYLEREFS="StyleId-341688E1-4B7B-4F1F-8DAA-3E8868116591-" VPOS="679" WIDTH="891">
<String CONTENT="Y." HEIGHT="54" HPOS="369" VPOS="679" WIDTH="73" />
<SP HEIGHT="56" HPOS="443" VPOS="679" WIDTH="29" />
<String CONTENT="Crowell" HEIGHT="56" HPOS="473" VPOS="679" WIDTH="247" />
<SP HEIGHT="51" HPOS="721" VPOS="683" WIDTH="27" />
<String CONTENT="company" HEIGHT="50" HPOS="749" VPOS="699" WIDTH="284" />
<SP HEIGHT="49" HPOS="1034" VPOS="700" WIDTH="30" />
<String CONTENT="[" HEIGHT="35" HPOS="1065" VPOS="714" WIDTH="13" />
<String CONTENT="c" HEIGHT="22" HPOS="1083" STYLE="superscript" VPOS="687" WIDTH="19" />
<String CONTENT="1933]" HEIGHT="64" HPOS="1106" VPOS="685" WIDTH="154" />
</TextLine>
<TextLine CS="1" HEIGHT="49" HPOS="437" VPOS="754" WIDTH="1331">
<String CONTENT="331" HEIGHT="41" HPOS="437" VPOS="754" WIDTH="86" />
<SP HEIGHT="48" HPOS="524" VPOS="755" WIDTH="29" />
<String CONTENT="p." HEIGHT="37" HPOS="554" VPOS="766" WIDTH="44" />
<SP HEIGHT="41" HPOS="599" VPOS="754" WIDTH="57" />
<String CONTENT="front.," HEIGHT="48" HPOS="657" VPOS="754" WIDTH="165" />
<SP HEIGHT="48" HPOS="823" VPOS="754" WIDTH="30" />
<String CONTENT="illus.," HEIGHT="49" HPOS="854" VPOS="754" WIDTH="145" />
<SP HEIGHT="37" HPOS="1000" VPOS="766" WIDTH="30" />
<String CONTENT="plates," HEIGHT="47" HPOS="1031" VPOS="756" WIDTH="172" />
<SP HEIGHT="37" HPOS="1204" VPOS="766" WIDTH="32" />
<String CONTENT="ports.," HEIGHT="47" HPOS="1237" VPOS="756" WIDTH="164" />
<SP HEIGHT="37" HPOS="1402" VPOS="766" WIDTH="30" />
<String CONTENT="map." HEIGHT="38" HPOS="1433" VPOS="765" WIDTH="127" />
<SP HEIGHT="41" HPOS="1561" VPOS="755" WIDTH="58" />
<String CONTENT="22&#189;" CS="1" HEIGHT="40" HPOS="1620" VPOS="755" WIDTH="60" />
<String CONTENT="cm" HEIGHT="21" HPOS="1709" STYLE="superscript" VPOS="758" WIDTH="45" />
<String CONTENT="." HEIGHT="9" HPOS="1759" VPOS="789" WIDTH="9" />
</TextLine>
<TextLine HEIGHT="49" HPOS="439" VPOS="811" WIDTH="626">
<String CONTENT="Maps" HEIGHT="49" HPOS="439" VPOS="811" WIDTH="140" />
<SP HEIGHT="29" HPOS="580" VPOS="823" WIDTH="28" />
<String CONTENT="on" HEIGHT="29" HPOS="609" VPOS="823" WIDTH="61" />
<SP HEIGHT="39" HPOS="671" VPOS="812" WIDTH="25" />
<String CONTENT="lining-papers." HEIGHT="49" HPOS="697" VPOS="811" WIDTH="368" />
</TextLine>
<TextLine HEIGHT="52" HPOS="440" VPOS="867" WIDTH="1947">
<String CONTENT="&#8220;Our" HEIGHT="42" HPOS="440" VPOS="867" WIDTH="131" />
<SP HEIGHT="40" HPOS="572" VPOS="868" WIDTH="20" />
<String CONTENT="book" HEIGHT="41" HPOS="593" VPOS="868" WIDTH="125" />
<SP HEIGHT="41" HPOS="719" VPOS="868" WIDTH="21" />
<String CONTENT="deals" HEIGHT="40" HPOS="741" VPOS="869" WIDTH="135" />
<SP HEIGHT="30" HPOS="877" VPOS="879" WIDTH="23" />
<String CONTENT="with" HEIGHT="41" HPOS="901" VPOS="868" WIDTH="121" />
<SP HEIGHT="40" HPOS="1023" VPOS="869" WIDTH="22" />
<String CONTENT="the" HEIGHT="40" HPOS="1046" VPOS="869" WIDTH="83" />
<SP HEIGHT="29" HPOS="1130" VPOS="879" WIDTH="20" />
<String CONTENT="work" HEIGHT="41" HPOS="1151" VPOS="868" WIDTH="136" />
<SP HEIGHT="41" HPOS="1288" VPOS="868" WIDTH="23" />
<String CONTENT="of" HEIGHT="41" HPOS="1312" VPOS="868" WIDTH="53" />
<SP HEIGHT="41" HPOS="1366" VPOS="868" WIDTH="21" />
<String CONTENT="the" HEIGHT="40" HPOS="1388" VPOS="869" WIDTH="83" />
<SP HEIGHT="41" HPOS="1472" VPOS="878" WIDTH="26" />
<String CONTENT="[Kelley-Roosevelt-Field" HEIGHT="52" HPOS="1499" VPOS="867" WIDTH="629" />
<SP HEIGHT="40" HPOS="2129" VPOS="869" WIDTH="20" />
<String CONTENT="museum]" HEIGHT="40" HPOS="2150" VPOS="879" WIDTH="237" />
</TextLine>
<TextLine CS="1" HEIGHT="165" HPOS="368" VPOS="924" WIDTH="2022">
<String CONTENT="expedition" HEIGHT="49" HPOS="369" VPOS="924" WIDTH="281" />
<SP HEIGHT="40" HPOS="651" VPOS="924" WIDTH="29" />
<String CONTENT="in" HEIGHT="40" HPOS="681" VPOS="924" WIDTH="51" />
<SP HEIGHT="39" HPOS="733" VPOS="925" WIDTH="30" />
<String CONTENT="French" HEIGHT="40" HPOS="764" VPOS="925" WIDTH="190" />
<SP HEIGHT="39" HPOS="955" VPOS="926" WIDTH="30" />
<String CONTENT="Indo-China" HEIGHT="42" HPOS="986" VPOS="924" WIDTH="301" />
<SP HEIGHT="29" HPOS="1288" VPOS="936" WIDTH="33" />
<String CONTENT="and" HEIGHT="39" HPOS="1322" VPOS="926" WIDTH="97" />
<SP HEIGHT="40" HPOS="1420" VPOS="926" WIDTH="29" />
<String CONTENT="the" HEIGHT="40" HPOS="1450" VPOS="926" WIDTH="83" />
<SP HEIGHT="40" HPOS="1534" VPOS="925" WIDTH="29" />
<String CONTENT="first" HEIGHT="41" HPOS="1564" VPOS="925" WIDTH="109" />
<SP HEIGHT="46" HPOS="1674" VPOS="928" WIDTH="29" />
<String CONTENT="part" HEIGHT="46" HPOS="1704" VPOS="928" WIDTH="114" />
<SP HEIGHT="39" HPOS="1819" VPOS="928" WIDTH="29" />
<String CONTENT="of" HEIGHT="42" HPOS="1849" VPOS="925" WIDTH="54" />
<SP HEIGHT="40" HPOS="1904" VPOS="925" WIDTH="26" />
<String CONTENT="it" HEIGHT="41" HPOS="1931" VPOS="925" WIDTH="43" />
<SP HEIGHT="38" HPOS="1975" VPOS="928" WIDTH="28" />
<String CONTENT="with" HEIGHT="41" HPOS="2004" VPOS="925" WIDTH="121" />
<SP HEIGHT="41" HPOS="2126" VPOS="926" WIDTH="31" />
<String CONTENT="the" HEIGHT="41" HPOS="2158" VPOS="926" WIDTH="83" />
<SP HEIGHT="40" HPOS="2242" VPOS="926" WIDTH="29" />
<String CONTENT="division" HEIGHT="97" HPOS="368" VPOS="925" WIDTH="2005" />
<SP HEIGHT="29" HPOS="476" VPOS="993" WIDTH="28" />
<String CONTENT="of" HEIGHT="41" HPOS="505" VPOS="981" WIDTH="53" />
<SP HEIGHT="42" HPOS="559" VPOS="981" WIDTH="28" />
<String CONTENT="the" HEIGHT="41" HPOS="588" VPOS="982" WIDTH="82" />
<SP HEIGHT="31" HPOS="671" VPOS="992" WIDTH="25" />
<String CONTENT="expedition" HEIGHT="49" HPOS="697" VPOS="981" WIDTH="282" />
<SP HEIGHT="29" HPOS="980" VPOS="993" WIDTH="28" />
<String CONTENT="which" HEIGHT="42" HPOS="1009" VPOS="981" WIDTH="161" />
<SP HEIGHT="41" HPOS="1171" VPOS="982" WIDTH="29" />
<String CONTENT="specialized" HEIGHT="51" HPOS="1201" VPOS="980" WIDTH="291" />
<SP HEIGHT="41" HPOS="1493" VPOS="982" WIDTH="29" />
<String CONTENT="in" HEIGHT="40" HPOS="1523" VPOS="982" WIDTH="51" />
<SP HEIGHT="29" HPOS="1575" VPOS="994" WIDTH="27" />
<String CONTENT="collecting" HEIGHT="50" HPOS="1603" VPOS="981" WIDTH="257" />
<SP HEIGHT="49" HPOS="1861" VPOS="982" WIDTH="26" />
<String CONTENT="birds," HEIGHT="49" HPOS="1888" VPOS="981" WIDTH="149" />
<SP HEIGHT="36" HPOS="2038" VPOS="994" WIDTH="31" />
<String CONTENT="small" HEIGHT="41" HPOS="2070" VPOS="982" WIDTH="143" />
<SP HEIGHT="39" HPOS="2214" VPOS="983" WIDTH="29" />
<String CONTENT="mammals," HEIGHT="92" HPOS="369" VPOS="993" WIDTH="2005" />
<SP HEIGHT="36" HPOS="508" VPOS="1049" WIDTH="39" />
<String CONTENT="and" HEIGHT="40" HPOS="548" VPOS="1039" WIDTH="98" />
<SP HEIGHT="40" HPOS="647" VPOS="1039" WIDTH="37" />
<String CONTENT="reptiles" HEIGHT="49" HPOS="685" VPOS="1038" WIDTH="201" />
<SP HEIGHT="41" HPOS="887" VPOS="1038" WIDTH="39" />
<String CONTENT="in" HEIGHT="40" HPOS="927" VPOS="1038" WIDTH="51" />
<SP HEIGHT="38" HPOS="979" VPOS="1041" WIDTH="39" />
<String CONTENT="the" HEIGHT="39" HPOS="1019" VPOS="1040" WIDTH="83" />
<SP HEIGHT="29" HPOS="1103" VPOS="1050" WIDTH="37" />
<String CONTENT="northern" HEIGHT="40" HPOS="1141" VPOS="1040" WIDTH="236" />
<SP HEIGHT="31" HPOS="1378" VPOS="1049" WIDTH="39" />
<String CONTENT="section" HEIGHT="42" HPOS="1418" VPOS="1038" WIDTH="186" />
<SP HEIGHT="31" HPOS="1605" VPOS="1050" WIDTH="39" />
<String CONTENT="of" HEIGHT="43" HPOS="1645" VPOS="1038" WIDTH="52" />
<SP HEIGHT="42" HPOS="1698" VPOS="1038" WIDTH="37" />
<String CONTENT="this" HEIGHT="42" HPOS="1736" VPOS="1038" WIDTH="99" />
<SP HEIGHT="30" HPOS="1836" VPOS="1050" WIDTH="39" />
<String CONTENT="country" HEIGHT="47" HPOS="1876" VPOS="1041" WIDTH="207" />
<SP HEIGHT="39" HPOS="2084" VPOS="1050" WIDTH="43" />
<String CONTENT="[by" CS="1" HEIGHT="49" HPOS="2141" VPOS="1039" WIDTH="62" />
<SP HEIGHT="48" HPOS="2204" VPOS="1040" WIDTH="38" />
<String CONTENT="H." HEIGHT="40" HPOS="2243" VPOS="1040" WIDTH="62" />
<SP HEIGHT="40" HPOS="2306" VPOS="1040" WIDTH="39" />
<String CONTENT="J." HEIGHT="40" HPOS="2346" VPOS="1040" WIDTH="44" />
</TextLine>
<TextLine CS="1" HEIGHT="51" HPOS="370" VPOS="1094" WIDTH="1793">
<String CONTENT="Coolidge," HEIGHT="50" HPOS="370" VPOS="1094" WIDTH="242" />
<SP HEIGHT="49" HPOS="613" VPOS="1095" WIDTH="31" />
<String CONTENT="jr.]" HEIGHT="50" HPOS="645" VPOS="1095" WIDTH="77" />
<SP HEIGHT="49" HPOS="723" VPOS="1096" WIDTH="60" />
<String CONTENT="The" HEIGHT="40" HPOS="784" VPOS="1096" WIDTH="103" />
<SP HEIGHT="31" HPOS="888" VPOS="1106" WIDTH="26" />
<String CONTENT="second" HEIGHT="41" HPOS="915" VPOS="1096" WIDTH="180" />
<SP HEIGHT="49" HPOS="1096" VPOS="1096" WIDTH="29" />
<String CONTENT="part" HEIGHT="47" HPOS="1126" VPOS="1098" WIDTH="113" />
<SP HEIGHT="40" HPOS="1240" VPOS="1097" WIDTH="28" />
<String CONTENT="deals" HEIGHT="40" HPOS="1269" VPOS="1097" WIDTH="137" />
<SP HEIGHT="29" HPOS="1407" VPOS="1108" WIDTH="28" />
<String CONTENT="with" HEIGHT="42" HPOS="1436" VPOS="1095" WIDTH="122" />
<SP HEIGHT="39" HPOS="1559" VPOS="1097" WIDTH="29" />
<String CONTENT="hunting" HEIGHT="48" HPOS="1589" VPOS="1096" WIDTH="210" />
<SP HEIGHT="48" HPOS="1800" VPOS="1096" WIDTH="29" />
<String CONTENT="big" HEIGHT="50" HPOS="1830" VPOS="1094" WIDTH="81" />
<SP HEIGHT="39" HPOS="1912" VPOS="1106" WIDTH="28" />
<String CONTENT="game" HEIGHT="39" HPOS="1941" VPOS="1106" WIDTH="140" />
<SP HEIGHT="41" HPOS="2082" VPOS="1095" WIDTH="26" />
<String CONTENT="in" HEIGHT="42" HPOS="2109" VPOS="1095" WIDTH="54" />
</TextLine>
<TextLine CS="1" HEIGHT="108" HPOS="371" VPOS="1095" WIDTH="2022">
<String CONTENT="Cochin-China" HEIGHT="98" HPOS="371" VPOS="1095" WIDTH="2022" />
<SP HEIGHT="41" HPOS="527" VPOS="1152" WIDTH="27" />
<String CONTENT="for" HEIGHT="41" HPOS="555" VPOS="1152" WIDTH="79" />
<SP HEIGHT="38" HPOS="635" VPOS="1155" WIDTH="27" />
<String CONTENT="the" HEIGHT="40" HPOS="663" VPOS="1153" WIDTH="82" />
<SP HEIGHT="40" HPOS="746" VPOS="1153" WIDTH="27" />
<String CONTENT="Field" HEIGHT="41" HPOS="774" VPOS="1152" WIDTH="138" />
<SP HEIGHT="40" HPOS="913" VPOS="1153" WIDTH="28" />
<String CONTENT="museum" HEIGHT="29" HPOS="942" VPOS="1164" WIDTH="220" />
<SP HEIGHT="41" HPOS="1163" VPOS="1153" WIDTH="27" />
<String CONTENT="by" HEIGHT="48" HPOS="1191" VPOS="1153" WIDTH="61" />
<SP HEIGHT="47" HPOS="1253" VPOS="1154" WIDTH="25" />
<String CONTENT="Theodore" HEIGHT="42" HPOS="1279" VPOS="1152" WIDTH="253" />
<SP HEIGHT="41" HPOS="1533" VPOS="1153" WIDTH="27" />
<String CONTENT="Roosevelt.&#8221;&#8212;Introd.," HEIGHT="50" HPOS="1561" VPOS="1152" WIDTH="570" />
<SP HEIGHT="40" HPOS="2132" VPOS="1163" WIDTH="27" />
<String CONTENT="p." HEIGHT="40" HPOS="2160" VPOS="1163" WIDTH="45" />
<SP HEIGHT="41" HPOS="2206" VPOS="1153" WIDTH="25" />
<String CONTENT="12-13." HEIGHT="42" HPOS="2232" VPOS="1152" WIDTH="160" />
</TextLine>
<TextLine CS="1" HEIGHT="54" HPOS="375" VPOS="1218" WIDTH="1934">
<String CONTENT="&#169;" HEIGHT="53" HPOS="375" VPOS="1218" WIDTH="53" />
<SP HEIGHT="53" HPOS="429" VPOS="1218" WIDTH="25" />
<String CONTENT="Feb." HEIGHT="41" HPOS="455" VPOS="1223" WIDTH="111" />
<SP HEIGHT="40" HPOS="567" VPOS="1224" WIDTH="23" />
<String CONTENT="28," HEIGHT="43" HPOS="591" VPOS="1224" WIDTH="71" />
<SP HEIGHT="42" HPOS="663" VPOS="1225" WIDTH="25" />
<String CONTENT="1933;" CS="1" HEIGHT="42" HPOS="689" VPOS="1223" WIDTH="113" />
<SP HEIGHT="48" HPOS="832" VPOS="1223" WIDTH="26" />
<String CONTENT="2c." HEIGHT="42" HPOS="859" VPOS="1223" WIDTH="67" />
<SP HEIGHT="30" HPOS="927" VPOS="1235" WIDTH="26" />
<String CONTENT="and" HEIGHT="40" HPOS="954" VPOS="1225" WIDTH="97" />
<SP HEIGHT="40" HPOS="1052" VPOS="1225" WIDTH="24" />
<String CONTENT="aff." CS="1" HEIGHT="41" HPOS="1077" VPOS="1224" WIDTH="83" />
<SP HEIGHT="40" HPOS="1161" VPOS="1225" WIDTH="25" />
<String CONTENT="Mar." HEIGHT="40" HPOS="1187" VPOS="1225" WIDTH="123" />
<SP HEIGHT="39" HPOS="1311" VPOS="1226" WIDTH="25" />
<String CONTENT="3;" HEIGHT="46" HPOS="1337" VPOS="1226" WIDTH="53" />
<SP HEIGHT="47" HPOS="1391" VPOS="1225" WIDTH="27" />
<String CONTENT="A" HEIGHT="38" HPOS="1419" VPOS="1225" WIDTH="42" />
<SP HEIGHT="40" HPOS="1462" VPOS="1224" WIDTH="23" />
<String CONTENT="60478;" HEIGHT="47" HPOS="1486" VPOS="1224" WIDTH="171" />
<SP HEIGHT="47" HPOS="1658" VPOS="1224" WIDTH="27" />
<String CONTENT="Thomas" HEIGHT="42" HPOS="1686" VPOS="1223" WIDTH="213" />
<SP HEIGHT="40" HPOS="1900" VPOS="1225" WIDTH="25" />
<String CONTENT="Y." HEIGHT="39" HPOS="1926" VPOS="1225" WIDTH="54" />
<SP HEIGHT="42" HPOS="1981" VPOS="1223" WIDTH="27" />
<String CONTENT="Crowell" HEIGHT="42" HPOS="2009" VPOS="1223" WIDTH="204" />
<SP HEIGHT="39" HPOS="2214" VPOS="1226" WIDTH="27" />
<String CONTENT="co." HEIGHT="30" HPOS="2242" VPOS="1235" WIDTH="67" />
</TextLine>
<TextLine HEIGHT="50" HPOS="455" VPOS="1280" WIDTH="254">
<String CONTENT="(33-6040)" HEIGHT="50" HPOS="455" VPOS="1280" WIDTH="254" />
</TextLine>
<TextLine HEIGHT="66" HPOS="372" STYLEREFS="StyleId-588E45C8-E91B-4141-9BF7-E8521660E465-" VPOS="1385" WIDTH="1105">
<String CONTENT="Cromwell," HEIGHT="65" HPOS="372" VPOS="1385" WIDTH="326" />
<SP HEIGHT="64" HPOS="699" VPOS="1386" WIDTH="27" />
<String CONTENT="James" HEIGHT="54" HPOS="727" VPOS="1386" WIDTH="208" />
<SP HEIGHT="53" HPOS="936" VPOS="1387" WIDTH="26" />
<String CONTENT="Henry" HEIGHT="64" HPOS="963" VPOS="1387" WIDTH="208" />
<SP HEIGHT="64" HPOS="1172" VPOS="1387" WIDTH="27" />
<String CONTENT="Roberts." HEIGHT="57" HPOS="1200" VPOS="1386" WIDTH="277" />
</TextLine>
<TextLine HEIGHT="71" HPOS="443" STYLEREFS="StyleId-341688E1-4B7B-4F1F-8DAA-3E8868116591-" VPOS="1462" WIDTH="1949">
<String CONTENT="The" HEIGHT="53" HPOS="443" VPOS="1464" WIDTH="123" />
<SP HEIGHT="35" HPOS="567" VPOS="1482" WIDTH="40" />
<String CONTENT="voice" HEIGHT="54" HPOS="608" VPOS="1463" WIDTH="158" />
<SP HEIGHT="34" HPOS="767" VPOS="1483" WIDTH="39" />
<String CONTENT="of" HEIGHT="54" HPOS="807" VPOS="1463" WIDTH="65" />
<SP HEIGHT="70" HPOS="873" VPOS="1463" WIDTH="37" />
<String CONTENT="young" HEIGHT="51" HPOS="911" VPOS="1482" WIDTH="196" />
<SP HEIGHT="68" HPOS="1108" VPOS="1465" WIDTH="39" />
<String CONTENT="America," HEIGHT="69" HPOS="1148" VPOS="1463" WIDTH="287" />
<SP HEIGHT="68" HPOS="1436" VPOS="1464" WIDTH="39" />
<String CONTENT="by" HEIGHT="69" HPOS="1476" VPOS="1464" WIDTH="78" />
<SP HEIGHT="70" HPOS="1555" VPOS="1463" WIDTH="39" />
<String CONTENT="James" HEIGHT="55" HPOS="1595" VPOS="1463" WIDTH="196" />
<SP HEIGHT="55" HPOS="1792" VPOS="1463" WIDTH="39" />
<String CONTENT="H." HEIGHT="54" HPOS="1832" VPOS="1463" WIDTH="78" />
<SP HEIGHT="53" HPOS="1911" VPOS="1464" WIDTH="42" />
<String CONTENT="R." HEIGHT="54" HPOS="1954" VPOS="1464" WIDTH="69" />
<SP HEIGHT="56" HPOS="2024" VPOS="1462" WIDTH="44" />
<String CONTENT="Cromwell." HEIGHT="55" HPOS="2069" VPOS="1462" WIDTH="323" />
</TextLine>
<TextLine HEIGHT="69" HPOS="372" STYLEREFS="StyleId-341688E1-4B7B-4F1F-8DAA-3E8868116591-" VPOS="1541" WIDTH="1423">
<String CONTENT="New" HEIGHT="53" HPOS="372" VPOS="1542" WIDTH="138" />
<SP HEIGHT="53" HPOS="511" VPOS="1541" WIDTH="27" />
<String CONTENT="York," HEIGHT="68" HPOS="539" VPOS="1541" WIDTH="180" />
<SP HEIGHT="67" HPOS="720" VPOS="1542" WIDTH="24" />
<String CONTENT="London," HEIGHT="66" HPOS="745" VPOS="1542" WIDTH="260" />
<SP HEIGHT="66" HPOS="1006" VPOS="1542" WIDTH="28" />
<String CONTENT="C." HEIGHT="55" HPOS="1035" VPOS="1542" WIDTH="63" />
<SP HEIGHT="56" HPOS="1099" VPOS="1542" WIDTH="27" />
<String CONTENT="Scribner&#8217;s" HEIGHT="57" HPOS="1127" VPOS="1541" WIDTH="316" />
<SP HEIGHT="34" HPOS="1444" VPOS="1563" WIDTH="23" />
<String CONTENT="sons," HEIGHT="50" HPOS="1468" VPOS="1560" WIDTH="147" />
<SP HEIGHT="63" HPOS="1616" VPOS="1547" WIDTH="27" />
<String CONTENT="1933." HEIGHT="50" HPOS="1644" VPOS="1545" WIDTH="151" />
</TextLine>
<TextLine CS="1" HEIGHT="50" HPOS="443" STYLEREFS="StyleId-341688E1-4B7B-4F1F-8DAA-3E8868116591-" VPOS="1616" WIDTH="689">
<String CONTENT="x" HEIGHT="29" HPOS="443" VPOS="1628" WIDTH="32" />
<SP HEIGHT="38" HPOS="476" VPOS="1628" WIDTH="25" />
<String CONTENT="p.," HEIGHT="38" HPOS="502" VPOS="1628" WIDTH="57" />
<SP HEIGHT="48" HPOS="560" VPOS="1617" WIDTH="23" />
<String CONTENT="2" HEIGHT="39" HPOS="584" VPOS="1617" WIDTH="30" />
<SP HEIGHT="39" HPOS="615" VPOS="1617" WIDTH="20" />
<String CONTENT="l.," CS="1" HEIGHT="16" HPOS="658" VPOS="1649" WIDTH="24" />
<SP HEIGHT="47" HPOS="683" VPOS="1618" WIDTH="23" />
<String CONTENT="3-191" HEIGHT="42" HPOS="707" VPOS="1616" WIDTH="146" />
<SP HEIGHT="48" HPOS="854" VPOS="1618" WIDTH="24" />
<String CONTENT="p." HEIGHT="37" HPOS="879" VPOS="1629" WIDTH="43" />
<SP HEIGHT="41" HPOS="923" VPOS="1616" WIDTH="60" />
<String CONTENT="18&#189;" CS="1" HEIGHT="41" HPOS="984" VPOS="1616" WIDTH="56" />
<String CONTENT="cm" HEIGHT="22" HPOS="1073" STYLE="superscript" VPOS="1618" WIDTH="45" />
<String CONTENT="." HEIGHT="9" HPOS="1122" VPOS="1649" WIDTH="10" />
</TextLine>
<TextLine HEIGHT="50" HPOS="446" VPOS="1673" WIDTH="1945">
<String CONTENT="&#8220;Alarming" HEIGHT="50" HPOS="446" VPOS="1673" WIDTH="285" />
<SP HEIGHT="49" HPOS="732" VPOS="1674" WIDTH="38" />
<String CONTENT="facts" HEIGHT="41" HPOS="771" VPOS="1674" WIDTH="134" />
<SP HEIGHT="30" HPOS="906" VPOS="1685" WIDTH="39" />
<String CONTENT="about" HEIGHT="41" HPOS="946" VPOS="1674" WIDTH="149" />
<SP HEIGHT="39" HPOS="1096" VPOS="1676" WIDTH="40" />
<String CONTENT="our" HEIGHT="29" HPOS="1137" VPOS="1685" WIDTH="90" />
<SP HEIGHT="30" HPOS="1228" VPOS="1685" WIDTH="40" />
<String CONTENT="country" HEIGHT="47" HPOS="1269" VPOS="1675" WIDTH="207" />
<SP HEIGHT="38" HPOS="1477" VPOS="1684" WIDTH="41" />
<String CONTENT="and" HEIGHT="39" HPOS="1519" VPOS="1675" WIDTH="97" />
<SP HEIGHT="39" HPOS="1617" VPOS="1675" WIDTH="40" />
<String CONTENT="what" HEIGHT="42" HPOS="1658" VPOS="1673" WIDTH="134" />
<SP HEIGHT="39" HPOS="1793" VPOS="1676" WIDTH="40" />
<String CONTENT="we" HEIGHT="29" HPOS="1834" VPOS="1686" WIDTH="73" />
<SP HEIGHT="32" HPOS="1908" VPOS="1683" WIDTH="39" />
<String CONTENT="can" HEIGHT="30" HPOS="1948" VPOS="1683" WIDTH="92" />
<SP HEIGHT="40" HPOS="2041" VPOS="1673" WIDTH="39" />
<String CONTENT="do" HEIGHT="42" HPOS="2081" VPOS="1673" WIDTH="60" />
<SP HEIGHT="38" HPOS="2142" VPOS="1677" WIDTH="40" />
<String CONTENT="to" HEIGHT="38" HPOS="2183" VPOS="1677" WIDTH="50" />
<SP HEIGHT="30" HPOS="2234" VPOS="1685" WIDTH="40" />
<String CONTENT="save" HEIGHT="30" HPOS="2275" VPOS="1685" WIDTH="116" />
</TextLine>
<TextLine HEIGHT="42" HPOS="375" VPOS="1731" WIDTH="784">
<String CONTENT="ourselves" HEIGHT="40" HPOS="375" VPOS="1733" WIDTH="246" />
<SP HEIGHT="41" HPOS="622" VPOS="1732" WIDTH="26" />
<String CONTENT="from" HEIGHT="41" HPOS="649" VPOS="1732" WIDTH="130" />
<SP HEIGHT="28" HPOS="780" VPOS="1744" WIDTH="25" />
<String CONTENT="ruin.&#8221;&#8212;Pref." HEIGHT="42" HPOS="806" VPOS="1731" WIDTH="353" />
</TextLine>
<TextLine HEIGHT="51" HPOS="443" VPOS="1787" WIDTH="704">
<String CONTENT="Bibliography:" HEIGHT="49" HPOS="443" VPOS="1789" WIDTH="380" />
<SP HEIGHT="37" HPOS="824" VPOS="1801" WIDTH="30" />
<String CONTENT="p." HEIGHT="37" HPOS="855" VPOS="1801" WIDTH="44" />
<SP HEIGHT="41" HPOS="900" VPOS="1790" WIDTH="28" />
<String CONTENT="189-191." HEIGHT="44" HPOS="929" VPOS="1787" WIDTH="218" />
</TextLine>
<TextLine CS="1" HEIGHT="55" HPOS="377" VPOS="1843" WIDTH="2013">
<String CONTENT="&#169;" HEIGHT="53" HPOS="377" VPOS="1843" WIDTH="51" />
<SP HEIGHT="53" HPOS="429" VPOS="1843" WIDTH="29" />
<String CONTENT="Feb." HEIGHT="41" HPOS="459" VPOS="1848" WIDTH="111" />
<SP HEIGHT="39" HPOS="571" VPOS="1849" WIDTH="29" />
<String CONTENT="17," HEIGHT="47" HPOS="601" VPOS="1849" WIDTH="69" />
<SP HEIGHT="46" HPOS="671" VPOS="1850" WIDTH="26" />
<String CONTENT="1933;" HEIGHT="48" HPOS="698" VPOS="1848" WIDTH="143" />
<SP HEIGHT="48" HPOS="842" VPOS="1848" WIDTH="28" />
<String CONTENT="2c." HEIGHT="41" HPOS="871" VPOS="1848" WIDTH="67" />
<SP HEIGHT="41" HPOS="939" VPOS="1848" WIDTH="29" />
<String CONTENT="Feb." HEIGHT="40" HPOS="969" VPOS="1847" WIDTH="110" />
<SP HEIGHT="39" HPOS="1080" VPOS="1847" WIDTH="28" />
<String CONTENT="24;" HEIGHT="47" HPOS="1109" VPOS="1847" WIDTH="84" />
<SP />
<String CONTENT="aff." CS="1" />
<SP HEIGHT="40" HPOS="1309" VPOS="1848" WIDTH="28" />
<String CONTENT="Feb." HEIGHT="41" HPOS="1338" VPOS="1847" WIDTH="112" />
<SP HEIGHT="41" HPOS="1451" VPOS="1847" WIDTH="27" />
<String CONTENT="20;" HEIGHT="48" HPOS="1479" VPOS="1847" WIDTH="83" />
<SP HEIGHT="47" HPOS="1563" VPOS="1848" WIDTH="30" />
<String CONTENT="A" HEIGHT="39" HPOS="1594" VPOS="1848" WIDTH="41" />
<SP HEIGHT="40" HPOS="1636" VPOS="1848" WIDTH="27" />
<String CONTENT="59727:" HEIGHT="42" HPOS="1664" VPOS="1847" WIDTH="170" />
<SP HEIGHT="40" HPOS="1835" VPOS="1849" WIDTH="31" />
<String CONTENT="J." HEIGHT="41" HPOS="1867" VPOS="1849" WIDTH="45" />
<SP HEIGHT="41" HPOS="1913" VPOS="1849" WIDTH="27" />
<String CONTENT="H." HEIGHT="40" HPOS="1941" VPOS="1849" WIDTH="61" />
<SP HEIGHT="40" HPOS="2003" VPOS="1849" WIDTH="29" />
<String CONTENT="R." HEIGHT="41" HPOS="2033" VPOS="1849" WIDTH="57" />
<SP HEIGHT="41" HPOS="2091" VPOS="1849" WIDTH="29" />
<String CONTENT="Cromwell," HEIGHT="50" HPOS="2121" VPOS="1848" WIDTH="269" />
</TextLine>
<TextLine HEIGHT="49" HPOS="445" VPOS="1905" WIDTH="605">
<String CONTENT="New" HEIGHT="40" HPOS="445" VPOS="1906" WIDTH="119" />
<SP HEIGHT="39" HPOS="565" VPOS="1907" WIDTH="20" />
<String CONTENT="York." HEIGHT="40" HPOS="586" VPOS="1906" WIDTH="146" />
<SP HEIGHT="49" HPOS="733" VPOS="1905" WIDTH="62" />
<String CONTENT="(33-6311)" HEIGHT="49" HPOS="796" VPOS="1905" WIDTH="254" />
</TextLine>
<TextLine HEIGHT="67" HPOS="373" STYLEREFS="StyleId-588E45C8-E91B-4141-9BF7-E8521660E465-" VPOS="2008" WIDTH="877">
<String CONTENT="Crookston," HEIGHT="66" HPOS="373" VPOS="2009" WIDTH="351" />
<SP HEIGHT="66" HPOS="725" VPOS="2009" WIDTH="29" />
<String CONTENT="Joseph" HEIGHT="65" HPOS="755" VPOS="2009" WIDTH="222" />
<SP HEIGHT="54" HPOS="978" VPOS="2010" WIDTH="33" />
<String CONTENT="Claude." HEIGHT="57" HPOS="1012" VPOS="2008" WIDTH="238" />
</TextLine>
<TextLine HEIGHT="64" HPOS="446" STYLEREFS="StyleId-341688E1-4B7B-4F1F-8DAA-3E8868116591-" VPOS="2086" WIDTH="1944">
<String CONTENT="The" HEIGHT="53" HPOS="446" VPOS="2087" WIDTH="123" />
<SP HEIGHT="34" HPOS="570" VPOS="2106" WIDTH="41" />
<String CONTENT="wells" HEIGHT="53" HPOS="612" VPOS="2088" WIDTH="158" />
<SP HEIGHT="35" HPOS="771" VPOS="2107" WIDTH="42" />
<String CONTENT="of" HEIGHT="55" HPOS="814" VPOS="2087" WIDTH="65" />
<SP HEIGHT="54" HPOS="880" VPOS="2087" WIDTH="40" />
<String CONTENT="salvation;" HEIGHT="64" HPOS="921" VPOS="2086" WIDTH="317" />
<SP HEIGHT="45" HPOS="1239" VPOS="2105" WIDTH="47" />
<String CONTENT="addresses" HEIGHT="54" HPOS="1287" VPOS="2087" WIDTH="294" />
<SP HEIGHT="54" HPOS="1582" VPOS="2087" WIDTH="42" />
<String CONTENT="for" HEIGHT="54" HPOS="1625" VPOS="2087" WIDTH="95" />
<SP HEIGHT="48" HPOS="1721" VPOS="2093" WIDTH="42" />
<String CONTENT="the" HEIGHT="54" HPOS="1764" VPOS="2087" WIDTH="97" />
<SP HEIGHT="48" HPOS="1862" VPOS="2093" WIDTH="40" />
<String CONTENT="three" HEIGHT="54" HPOS="1903" VPOS="2087" WIDTH="160" />
<SP HEIGHT="54" HPOS="2064" VPOS="2087" WIDTH="42" />
<String CONTENT="hours" HEIGHT="55" HPOS="2107" VPOS="2087" WIDTH="175" />
<SP HEIGHT="35" HPOS="2283" VPOS="2107" WIDTH="43" />
<String CONTENT="of" HEIGHT="54" HPOS="2327" VPOS="2088" WIDTH="63" />
</TextLine>
<TextLine CS="1" HEIGHT="150" HPOS="373" STYLEREFS="StyleId-341688E1-4B7B-4F1F-8DAA-3E8868116591-" VPOS="2163" WIDTH="1995">
<String CONTENT="Good" HEIGHT="56" HPOS="376" VPOS="2163" WIDTH="165" />
<SP HEIGHT="53" HPOS="542" VPOS="2164" WIDTH="31" />
<String CONTENT="Friday," HEIGHT="70" HPOS="574" VPOS="2164" WIDTH="241" />
<SP HEIGHT="68" HPOS="816" VPOS="2165" WIDTH="30" />
<String CONTENT="by" HEIGHT="69" HPOS="847" VPOS="2165" WIDTH="77" />
<SP HEIGHT="69" HPOS="925" VPOS="2165" WIDTH="30" />
<String CONTENT="Father" HEIGHT="54" HPOS="956" VPOS="2165" WIDTH="218" />
<SP HEIGHT="54" HPOS="1175" VPOS="2166" WIDTH="30" />
<String CONTENT="Joseph" HEIGHT="68" HPOS="1206" VPOS="2166" WIDTH="220" />
<SP HEIGHT="67" HPOS="1427" VPOS="2166" WIDTH="42" />
<String CONTENT="(Rev." HEIGHT="67" HPOS="1470" VPOS="2166" WIDTH="167" />
<SP HEIGHT="54" HPOS="1638" VPOS="2166" WIDTH="31" />
<String CONTENT="Joseph" HEIGHT="67" HPOS="1670" VPOS="2166" WIDTH="216" />
<SP HEIGHT="57" HPOS="1887" VPOS="2165" WIDTH="33" />
<String CONTENT="Claude" HEIGHT="57" HPOS="1921" VPOS="2165" WIDTH="221" />
<SP HEIGHT="56" HPOS="2143" VPOS="2167" WIDTH="32" />
<String CONTENT="Crookston)" HEIGHT="145" HPOS="373" VPOS="2167" WIDTH="1995" />
<SP HEIGHT="68" HPOS="531" VPOS="2244" WIDTH="41" />
<String CONTENT="&#8230;" CS="1" />
<SP HEIGHT="53" HPOS="632" VPOS="2244" WIDTH="65" />
<String CONTENT="Milwaukee," HEIGHT="68" HPOS="698" VPOS="2243" WIDTH="364" />
<SP HEIGHT="66" HPOS="1063" VPOS="2245" WIDTH="25" />
<String CONTENT="Wis.," HEIGHT="68" HPOS="1089" VPOS="2244" WIDTH="161" />
<SP HEIGHT="69" HPOS="1251" VPOS="2243" WIDTH="26" />
<String CONTENT="Morehouse" HEIGHT="55" HPOS="1278" VPOS="2243" WIDTH="340" />
<SP HEIGHT="49" HPOS="1619" VPOS="2263" WIDTH="25" />
<String CONTENT="publishing" HEIGHT="68" HPOS="1645" VPOS="2244" WIDTH="338" />
<SP HEIGHT="49" HPOS="1984" VPOS="2263" WIDTH="28" />
<String CONTENT="co." HEIGHT="34" HPOS="2013" VPOS="2264" WIDTH="79" />
<SP HEIGHT="35" HPOS="2093" VPOS="2278" WIDTH="33" />
<String CONTENT="[c1933]" CS="1" HEIGHT="64" HPOS="2127" VPOS="2249" WIDTH="175" />
</TextLine>
<TextLine HEIGHT="51" HPOS="447" STYLEREFS="StyleId-341688E1-4B7B-4F1F-8DAA-3E8868116591-" VPOS="2317" WIDTH="435">
<String CONTENT="ix," HEIGHT="49" HPOS="447" VPOS="2317" WIDTH="65" />
<SP HEIGHT="47" HPOS="513" VPOS="2319" WIDTH="30" />
<String CONTENT="118" HEIGHT="42" HPOS="544" VPOS="2317" WIDTH="85" />
<SP HEIGHT="51" HPOS="630" VPOS="2317" WIDTH="28" />
<String CONTENT="p." HEIGHT="39" HPOS="659" VPOS="2329" WIDTH="45" />
<SP HEIGHT="40" HPOS="705" VPOS="2319" WIDTH="59" />
<String CONTENT="19" HEIGHT="42" HPOS="765" VPOS="2317" WIDTH="56" />
<String CONTENT="cm" HEIGHT="22" HPOS="824" STYLE="superscript" VPOS="2320" WIDTH="45" />
<String CONTENT="." HEIGHT="9" HPOS="872" VPOS="2350" WIDTH="10" />
</TextLine>
<TextLine HEIGHT="44" HPOS="451" VPOS="2373" WIDTH="869">
<String CONTENT="Sermons" HEIGHT="43" HPOS="451" VPOS="2373" WIDTH="227" />
<SP HEIGHT="30" HPOS="679" VPOS="2386" WIDTH="28" />
<String CONTENT="about" HEIGHT="42" HPOS="708" VPOS="2375" WIDTH="150" />
<SP HEIGHT="40" HPOS="859" VPOS="2377" WIDTH="28" />
<String CONTENT="the" HEIGHT="41" HPOS="888" VPOS="2376" WIDTH="84" />
<SP HEIGHT="32" HPOS="973" VPOS="2385" WIDTH="28" />
<String CONTENT="sacraments." HEIGHT="39" HPOS="1002" VPOS="2377" WIDTH="318" />
</TextLine>
<TextLine HEIGHT="53" HPOS="381" VPOS="2443" WIDTH="1853">
<String CONTENT="&#169;" HEIGHT="53" HPOS="381" VPOS="2443" WIDTH="53" />
<SP HEIGHT="53" HPOS="435" VPOS="2443" WIDTH="25" />
<String CONTENT="Feb." HEIGHT="41" HPOS="461" VPOS="2447" WIDTH="111" />
<SP HEIGHT="40" HPOS="573" VPOS="2448" WIDTH="24" />
<String CONTENT="15," HEIGHT="48" HPOS="598" VPOS="2447" WIDTH="69" />
<SP HEIGHT="48" HPOS="668" VPOS="2447" WIDTH="25" />
<String CONTENT="1933;" HEIGHT="49" HPOS="694" VPOS="2445" WIDTH="142" />
<SP HEIGHT="48" HPOS="837" VPOS="2446" WIDTH="26" />
<String CONTENT="2c." HEIGHT="41" HPOS="864" VPOS="2446" WIDTH="69" />
<SP HEIGHT="30" HPOS="934" VPOS="2457" WIDTH="24" />
<String CONTENT="and" HEIGHT="39" HPOS="959" VPOS="2449" WIDTH="97" />
<SP HEIGHT="39" HPOS="1057" VPOS="2449" WIDTH="24" />
<String CONTENT="aff." HEIGHT="41" HPOS="1082" VPOS="2445" WIDTH="84" />
<SP HEIGHT="41" HPOS="1167" VPOS="2445" WIDTH="25" />
<String CONTENT="Feb." HEIGHT="41" HPOS="1193" VPOS="2445" WIDTH="113" />
<SP HEIGHT="41" HPOS="1307" VPOS="2445" WIDTH="24" />
<String CONTENT="27;" HEIGHT="47" HPOS="1332" VPOS="2445" WIDTH="84" />
<SP HEIGHT="47" HPOS="1417" VPOS="2445" WIDTH="27" />
<String CONTENT="A" HEIGHT="39" HPOS="1445" VPOS="2445" WIDTH="40" />
<SP HEIGHT="41" HPOS="1486" VPOS="2444" WIDTH="25" />
<String CONTENT="60432;" HEIGHT="49" HPOS="1512" VPOS="2444" WIDTH="171" />
<SP HEIGHT="46" HPOS="1684" VPOS="2447" WIDTH="28" />
<String CONTENT="Morehouse" HEIGHT="41" HPOS="1713" VPOS="2446" WIDTH="290" />
<SP HEIGHT="40" HPOS="2004" VPOS="2455" WIDTH="23" />
<String CONTENT="pub." HEIGHT="48" HPOS="2028" VPOS="2447" WIDTH="112" />
<SP HEIGHT="29" HPOS="2141" VPOS="2459" WIDTH="24" />
<String CONTENT="co." HEIGHT="31" HPOS="2166" VPOS="2457" WIDTH="68" />
</TextLine>
<TextLine HEIGHT="49" HPOS="458" VPOS="2504" WIDTH="254">
<String CONTENT="(33-6201)" HEIGHT="49" HPOS="458" VPOS="2504" WIDTH="254" />
</TextLine>
<TextLine HEIGHT="66" HPOS="377" STYLEREFS="StyleId-341688E1-4B7B-4F1F-8DAA-3E8868116591-" VPOS="2605" WIDTH="1029">
<String CONTENT="Culbreth," HEIGHT="66" HPOS="377" VPOS="2605" WIDTH="306" />
<SP HEIGHT="63" HPOS="684" VPOS="2608" WIDTH="26" />
<String CONTENT="James" HEIGHT="54" HPOS="711" VPOS="2608" WIDTH="207" />
<SP HEIGHT="53" HPOS="919" VPOS="2608" WIDTH="25" />
<String CONTENT="Marvin," HEIGHT="66" HPOS="945" VPOS="2605" WIDTH="255" />
<SP HEIGHT="58" HPOS="1201" VPOS="2613" WIDTH="31" />
<String CONTENT="1880-" HEIGHT="51" HPOS="1233" VPOS="2610" WIDTH="173" />
</TextLine>
<TextLine HEIGHT="70" HPOS="447" STYLEREFS="StyleId-341688E1-4B7B-4F1F-8DAA-3E8868116591-" VPOS="2684" WIDTH="1945">
<String CONTENT="Pathways" HEIGHT="69" HPOS="447" VPOS="2685" WIDTH="315" />
<SP HEIGHT="47" HPOS="763" VPOS="2691" WIDTH="26" />
<String CONTENT="to" HEIGHT="48" HPOS="790" VPOS="2691" WIDTH="61" />
<SP HEIGHT="49" HPOS="852" VPOS="2690" WIDTH="28" />
<String CONTENT="the" HEIGHT="53" HPOS="881" VPOS="2685" WIDTH="97" />
<SP HEIGHT="35" HPOS="979" VPOS="2703" WIDTH="30" />
<String CONTENT="abundant" HEIGHT="54" HPOS="1010" VPOS="2684" WIDTH="298" />
<SP HEIGHT="52" HPOS="1309" VPOS="2686" WIDTH="28" />
<String CONTENT="life," HEIGHT="68" HPOS="1338" VPOS="2684" WIDTH="124" />
<SP HEIGHT="67" HPOS="1463" VPOS="2685" WIDTH="31" />
<String CONTENT="by" HEIGHT="66" HPOS="1495" VPOS="2685" WIDTH="75" />
<SP HEIGHT="67" HPOS="1571" VPOS="2684" WIDTH="29" />
<String CONTENT="James" HEIGHT="55" HPOS="1601" VPOS="2684" WIDTH="194" />
<SP HEIGHT="54" HPOS="1796" VPOS="2684" WIDTH="30" />
<String CONTENT="Marvin" HEIGHT="54" HPOS="1827" VPOS="2684" WIDTH="234" />
<SP HEIGHT="56" HPOS="2062" VPOS="2684" WIDTH="32" />
<String CONTENT="Culbreth." HEIGHT="56" HPOS="2095" VPOS="2684" WIDTH="297" />
</TextLine>
<TextLine HEIGHT="68" HPOS="376" STYLEREFS="StyleId-341688E1-4B7B-4F1F-8DAA-3E8868116591-" VPOS="2763" WIDTH="1106">
<String CONTENT="Nashville," HEIGHT="68" HPOS="376" VPOS="2763" WIDTH="318" />
<SP HEIGHT="67" HPOS="695" VPOS="2764" WIDTH="30" />
<String CONTENT="Cokesbury" HEIGHT="68" HPOS="726" VPOS="2763" WIDTH="335" />
<SP HEIGHT="49" HPOS="1062" VPOS="2782" WIDTH="27" />
<String CONTENT="press" HEIGHT="50" HPOS="1090" VPOS="2781" WIDTH="159" />
<SP HEIGHT="50" HPOS="1250" VPOS="2781" WIDTH="36" />
<String CONTENT="[" HEIGHT="35" HPOS="1287" VPOS="2796" WIDTH="13" />
<String CONTENT="c" HEIGHT="21" HPOS="1305" STYLE="superscript" VPOS="2768" WIDTH="18" />
<String CONTENT="1933]" HEIGHT="63" HPOS="1327" VPOS="2766" WIDTH="155" />
</TextLine>
<TextLine CS="1" HEIGHT="52" HPOS="448" VPOS="2836" WIDTH="469">
<String CONTENT="221," HEIGHT="50" HPOS="448" VPOS="2836" WIDTH="102" />
<SP HEIGHT="31" HPOS="551" VPOS="2857" WIDTH="30" />
<String CONTENT="[1]" HEIGHT="50" HPOS="582" VPOS="2838" WIDTH="55" />
<SP HEIGHT="40" HPOS="638" VPOS="2848" WIDTH="25" />
<String CONTENT="p." HEIGHT="39" HPOS="664" VPOS="2848" WIDTH="45" />
<SP HEIGHT="40" HPOS="710" VPOS="2838" WIDTH="59" />
<String CONTENT="19&#189;" CS="1" HEIGHT="41" HPOS="770" VPOS="2837" WIDTH="56" />
<String CONTENT="cm" HEIGHT="22" HPOS="859" STYLE="superscript" VPOS="2839" WIDTH="44" />
<String CONTENT="." HEIGHT="10" HPOS="907" VPOS="2869" WIDTH="10" />
</TextLine>
<TextLine CS="1" HEIGHT="110" HPOS="377" VPOS="2892" WIDTH="1999">
<String CONTENT="&#8220;This" HEIGHT="41" HPOS="453" VPOS="2895" WIDTH="147" />
<SP HEIGHT="30" HPOS="601" VPOS="2906" WIDTH="32" />
<String CONTENT="volume" HEIGHT="42" HPOS="634" VPOS="2895" WIDTH="193" />
<SP HEIGHT="42" HPOS="828" VPOS="2895" WIDTH="34" />
<String CONTENT="has" HEIGHT="40" HPOS="863" VPOS="2895" WIDTH="91" />
<SP HEIGHT="30" HPOS="955" VPOS="2905" WIDTH="33" />
<String CONTENT="a" HEIGHT="30" HPOS="989" VPOS="2905" WIDTH="29" />
<SP HEIGHT="30" HPOS="1019" VPOS="2905" WIDTH="35" />
<String CONTENT="special" HEIGHT="50" HPOS="1055" VPOS="2892" WIDTH="184" />
<SP HEIGHT="39" HPOS="1240" VPOS="2894" WIDTH="32" />
<String CONTENT="application" HEIGHT="49" HPOS="1273" VPOS="2893" WIDTH="302" />
<SP HEIGHT="39" HPOS="1576" VPOS="2895" WIDTH="32" />
<String CONTENT="to" HEIGHT="40" HPOS="1609" VPOS="2895" WIDTH="53" />
<SP HEIGHT="31" HPOS="1663" VPOS="2904" WIDTH="33" />
<String CONTENT="students" HEIGHT="41" HPOS="1697" VPOS="2894" WIDTH="225" />
<SP HEIGHT="30" HPOS="1923" VPOS="2904" WIDTH="34" />
<String CONTENT="and" HEIGHT="40" HPOS="1958" VPOS="2894" WIDTH="98" />
<SP HEIGHT="49" HPOS="2057" VPOS="2894" WIDTH="33" />
<String CONTENT="young" HEIGHT="40" HPOS="2091" VPOS="2905" WIDTH="163" />
<SP HEIGHT="39" HPOS="2255" VPOS="2906" WIDTH="32" />
<String CONTENT="people.&#8221;&#8212;Introd." HEIGHT="96" HPOS="377" VPOS="2906" WIDTH="1999" />
</TextLine>
<TextLine CS="1" HEIGHT="109" HPOS="381" VPOS="3006" WIDTH="1997">
<String CONTENT="&#169;" HEIGHT="53" HPOS="381" VPOS="3008" WIDTH="53" />
<SP HEIGHT="53" HPOS="435" VPOS="3008" WIDTH="23" />
<String CONTENT="Jan." HEIGHT="40" HPOS="459" VPOS="3013" WIDTH="112" />
<SP HEIGHT="43" HPOS="572" VPOS="3010" WIDTH="21" />
<String CONTENT="27," HEIGHT="48" HPOS="594" VPOS="3010" WIDTH="70" />
<SP HEIGHT="45" HPOS="665" VPOS="3013" WIDTH="21" />
<String CONTENT="1933;" HEIGHT="47" HPOS="687" VPOS="3009" WIDTH="141" />
<SP HEIGHT="46" HPOS="829" VPOS="3010" WIDTH="25" />
<String CONTENT="2c." HEIGHT="40" HPOS="855" VPOS="3010" WIDTH="67" />
<SP HEIGHT="30" HPOS="923" VPOS="3020" WIDTH="24" />
<String CONTENT="and" HEIGHT="39" HPOS="948" VPOS="3010" WIDTH="95" />
<SP HEIGHT="39" HPOS="1044" VPOS="3010" WIDTH="24" />
<String CONTENT="aff." HEIGHT="42" HPOS="1069" VPOS="3008" WIDTH="84" />
<SP HEIGHT="42" HPOS="1154" VPOS="3008" WIDTH="22" />
<String CONTENT="Feb." HEIGHT="40" HPOS="1177" VPOS="3008" WIDTH="112" />
<SP HEIGHT="39" HPOS="1290" VPOS="3008" WIDTH="24" />
<String CONTENT="20;" HEIGHT="48" HPOS="1315" VPOS="3008" WIDTH="83" />
<SP HEIGHT="48" HPOS="1399" VPOS="3008" WIDTH="24" />
<String CONTENT="A" HEIGHT="39" HPOS="1424" VPOS="3008" WIDTH="42" />
<SP HEIGHT="40" HPOS="1467" VPOS="3008" WIDTH="24" />
<String CONTENT="59600;" HEIGHT="49" HPOS="1492" VPOS="3006" WIDTH="170" />
<SP HEIGHT="46" HPOS="1663" VPOS="3009" WIDTH="26" />
<String CONTENT="Whitmore" HEIGHT="41" HPOS="1690" VPOS="3008" WIDTH="271" />
<SP HEIGHT="41" HPOS="1962" VPOS="3009" WIDTH="24" />
<String CONTENT="&amp;" HEIGHT="41" HPOS="1987" VPOS="3009" WIDTH="36" />
<SP HEIGHT="41" HPOS="2024" VPOS="3009" WIDTH="25" />
<String CONTENT="Smith," HEIGHT="49" HPOS="2050" VPOS="3008" WIDTH="172" />
<SP HEIGHT="47" HPOS="2223" VPOS="3010" WIDTH="18" />
<String CONTENT="Nashville." HEIGHT="101" HPOS="449" VPOS="3009" WIDTH="1929" />
<SP HEIGHT="45" HPOS="579" VPOS="3070" WIDTH="63" />
<String CONTENT="(33-6196)" HEIGHT="48" HPOS="643" VPOS="3067" WIDTH="252" />
</TextLine>
<TextLine CS="1" HEIGHT="71" HPOS="378" STYLEREFS="StyleId-341688E1-4B7B-4F1F-8DAA-3E8868116591-" VPOS="3171" WIDTH="1339">
<String CONTENT="[Delhaye" HEIGHT="69" HPOS="378" VPOS="3173" WIDTH="285" />
<SP HEIGHT="52" HPOS="664" VPOS="3175" WIDTH="28" />
<String CONTENT="de" HEIGHT="52" HPOS="693" VPOS="3175" WIDTH="70" />
<SP HEIGHT="53" HPOS="764" VPOS="3174" WIDTH="29" />
<String CONTENT="Marnyhac," HEIGHT="66" HPOS="794" VPOS="3171" WIDTH="350" />
<SP HEIGHT="65" HPOS="1145" VPOS="3172" WIDTH="29" />
<String CONTENT="Mme." HEIGHT="53" HPOS="1175" VPOS="3172" WIDTH="170" />
<SP HEIGHT="52" HPOS="1346" VPOS="3172" WIDTH="31" />
<String CONTENT="Th.]" CS="1" HEIGHT="53" HPOS="1378" VPOS="3171" WIDTH="89" />
<SP HEIGHT="63" HPOS="1507" VPOS="3176" WIDTH="36" />
<String CONTENT="1875-" HEIGHT="55" HPOS="1544" VPOS="3171" WIDTH="173" />
</TextLine>
<TextLine CS="1" HEIGHT="70" HPOS="507" STYLEREFS="StyleId-341688E1-4B7B-4F1F-8DAA-3E8868116591-" VPOS="3248" WIDTH="1878">
<String CONTENT="&#8230;" CS="1" />
<SP HEIGHT="51" HPOS="507" VPOS="3254" WIDTH="29" />
<String CONTENT="Bouboule" HEIGHT="53" HPOS="537" VPOS="3252" WIDTH="298" />
<SP HEIGHT="36" HPOS="836" VPOS="3270" WIDTH="21" />
<String CONTENT="en" HEIGHT="37" HPOS="858" VPOS="3269" WIDTH="69" />
<SP HEIGHT="51" HPOS="928" VPOS="3252" WIDTH="23" />
<String CONTENT="Italie," HEIGHT="67" HPOS="952" VPOS="3251" WIDTH="191" />
<SP HEIGHT="50" HPOS="1144" VPOS="3268" WIDTH="23" />
<String CONTENT="roman." HEIGHT="35" HPOS="1168" VPOS="3268" WIDTH="218" />
<SP HEIGHT="35" HPOS="1387" VPOS="3282" WIDTH="65" />
<String CONTENT="[Paris]" HEIGHT="69" HPOS="1453" VPOS="3248" WIDTH="205" />
<SP HEIGHT="65" HPOS="1659" VPOS="3251" WIDTH="30" />
<String CONTENT="E." HEIGHT="52" HPOS="1690" VPOS="3251" WIDTH="68" />
<SP HEIGHT="52" HPOS="1759" VPOS="3251" WIDTH="26" />
<String CONTENT="Flammarion" HEIGHT="55" HPOS="1786" VPOS="3248" WIDTH="396" />
<SP HEIGHT="50" HPOS="2183" VPOS="3268" WIDTH="28" />
<String CONTENT="[1933]" HEIGHT="66" HPOS="2212" VPOS="3252" WIDTH="173" />
</TextLine>
<TextLine CS="1" HEIGHT="49" HPOS="449" STYLEREFS="StyleId-341688E1-4B7B-4F1F-8DAA-3E8868116591-" VPOS="3326" WIDTH="488">
<String CONTENT="284" HEIGHT="42" HPOS="449" VPOS="3327" WIDTH="87" />
<SP HEIGHT="47" HPOS="537" VPOS="3328" WIDTH="23" />
<String CONTENT="p.," HEIGHT="38" HPOS="561" VPOS="3337" WIDTH="59" />
<SP HEIGHT="46" HPOS="621" VPOS="3328" WIDTH="28" />
<String CONTENT="1" HEIGHT="37" HPOS="650" VPOS="3328" WIDTH="25" />
<SP HEIGHT="38" HPOS="676" VPOS="3327" WIDTH="27" />
<String CONTENT="l." CS="1" HEIGHT="8" HPOS="726" VPOS="3358" WIDTH="9" />
<SP HEIGHT="39" HPOS="736" VPOS="3327" WIDTH="54" />
<String CONTENT="18&#189;" CS="1" HEIGHT="41" HPOS="791" VPOS="3326" WIDTH="55" />
<String CONTENT="cm" HEIGHT="22" HPOS="880" STYLE="superscript" VPOS="3327" WIDTH="44" />
<String CONTENT="." HEIGHT="8" HPOS="930" VPOS="3358" WIDTH="7" />
</TextLine>
<TextLine HEIGHT="51" HPOS="449" VPOS="3380" WIDTH="1201">
<String CONTENT="Author&#8217;s" HEIGHT="41" HPOS="449" VPOS="3384" WIDTH="235" />
<SP HEIGHT="38" HPOS="685" VPOS="3393" WIDTH="24" />
<String CONTENT="pseud.," HEIGHT="48" HPOS="710" VPOS="3383" WIDTH="180" />
<SP HEIGHT="47" HPOS="891" VPOS="3383" WIDTH="26" />
<String CONTENT="T." HEIGHT="40" HPOS="918" VPOS="3383" WIDTH="54" />
<SP HEIGHT="40" HPOS="973" VPOS="3383" WIDTH="26" />
<String CONTENT="Trilby," HEIGHT="47" HPOS="1000" VPOS="3382" WIDTH="184" />
<SP HEIGHT="37" HPOS="1185" VPOS="3392" WIDTH="27" />
<String CONTENT="at" HEIGHT="39" HPOS="1213" VPOS="3383" WIDTH="51" />
<SP HEIGHT="42" HPOS="1265" VPOS="3380" WIDTH="27" />
<String CONTENT="head" HEIGHT="41" HPOS="1293" VPOS="3380" WIDTH="126" />
<SP HEIGHT="39" HPOS="1420" VPOS="3382" WIDTH="28" />
<String CONTENT="of" HEIGHT="41" HPOS="1449" VPOS="3380" WIDTH="53" />
<SP HEIGHT="41" HPOS="1503" VPOS="3380" WIDTH="24" />
<String CONTENT="title." HEIGHT="40" HPOS="1528" VPOS="3381" WIDTH="122" />
</TextLine>
<TextLine CS="1" HEIGHT="54" HPOS="383" VPOS="3437" WIDTH="1910">
<String CONTENT="&#169;" HEIGHT="53" HPOS="383" VPOS="3438" WIDTH="51" />
<SP HEIGHT="53" HPOS="435" VPOS="3438" WIDTH="24" />
<String CONTENT="Jan." HEIGHT="39" HPOS="460" VPOS="3444" WIDTH="110" />
<SP HEIGHT="39" HPOS="571" VPOS="3442" WIDTH="24" />
<String CONTENT="19," HEIGHT="49" HPOS="596" VPOS="3440" WIDTH="70" />
<SP HEIGHT="47" HPOS="667" VPOS="3442" WIDTH="24" />
<String CONTENT="1933;" HEIGHT="47" HPOS="692" VPOS="3440" WIDTH="141" />
<SP HEIGHT="46" HPOS="834" VPOS="3441" WIDTH="26" />
<String CONTENT="1c." CS="1" HEIGHT="29" HPOS="891" VPOS="3451" WIDTH="38" />
<SP HEIGHT="40" HPOS="930" VPOS="3440" WIDTH="23" />
<String CONTENT="Jan." HEIGHT="40" HPOS="954" VPOS="3440" WIDTH="113" />
<SP HEIGHT="41" HPOS="1068" VPOS="3439" WIDTH="22" />
<String CONTENT="27;" HEIGHT="47" HPOS="1091" VPOS="3439" WIDTH="83" />
<SP HEIGHT="47" HPOS="1175" VPOS="3439" WIDTH="26" />
<String CONTENT="A-Foreign" HEIGHT="48" HPOS="1202" VPOS="3437" WIDTH="313" />
<SP HEIGHT="38" HPOS="1516" VPOS="3439" WIDTH="24" />
<String CONTENT="19470;" CS="1" HEIGHT="41" HPOS="1541" VPOS="3437" WIDTH="146" />
<SP HEIGHT="45" HPOS="1712" VPOS="3439" WIDTH="28" />
<String CONTENT="Ernest" HEIGHT="38" HPOS="1741" VPOS="3439" WIDTH="179" />
<SP HEIGHT="38" HPOS="1921" VPOS="3439" WIDTH="23" />
<String CONTENT="Flammarion." HEIGHT="42" HPOS="1945" VPOS="3437" WIDTH="348" />
</TextLine>
<TextLine HEIGHT="50" HPOS="460" VPOS="3498" WIDTH="253">
<String CONTENT="(33-6817)" HEIGHT="50" HPOS="460" VPOS="3498" WIDTH="253" />
</TextLine>
<TextLine HEIGHT="64" HPOS="378" STYLEREFS="StyleId-588E45C8-E91B-4141-9BF7-E8521660E465-" VPOS="3601" WIDTH="722">
<String CONTENT="Dolan," HEIGHT="63" HPOS="378" VPOS="3602" WIDTH="207" />
<SP HEIGHT="63" HPOS="586" VPOS="3602" WIDTH="32" />
<String CONTENT="Albert" HEIGHT="53" HPOS="619" VPOS="3601" WIDTH="208" />
<SP HEIGHT="53" HPOS="828" VPOS="3601" WIDTH="28" />
<String CONTENT="Harold." HEIGHT="53" HPOS="857" VPOS="3601" WIDTH="243" />
</TextLine>
<TextLine HEIGHT="73" HPOS="450" STYLEREFS="StyleId-341688E1-4B7B-4F1F-8DAA-3E8868116591-" VPOS="3671" WIDTH="1945">
<String CONTENT="A" HEIGHT="52" HPOS="450" VPOS="3678" WIDTH="55" />
<SP HEIGHT="52" HPOS="506" VPOS="3678" WIDTH="49" />
<String CONTENT="modern" HEIGHT="54" HPOS="556" VPOS="3677" WIDTH="235" />
<SP HEIGHT="34" HPOS="792" VPOS="3694" WIDTH="48" />
<String CONTENT="messenger" HEIGHT="51" HPOS="841" VPOS="3693" WIDTH="318" />
<SP HEIGHT="34" HPOS="1160" VPOS="3694" WIDTH="49" />
<String CONTENT="of" HEIGHT="53" HPOS="1210" VPOS="3675" WIDTH="64" />
<SP HEIGHT="69" HPOS="1275" VPOS="3675" WIDTH="50" />
<String CONTENT="purity;" HEIGHT="72" HPOS="1326" VPOS="3672" WIDTH="227" />
<SP HEIGHT="49" HPOS="1554" VPOS="3692" WIDTH="53" />
<String CONTENT="sermons" HEIGHT="37" HPOS="1608" VPOS="3691" WIDTH="249" />
<SP HEIGHT="35" HPOS="1858" VPOS="3691" WIDTH="48" />
<String CONTENT="concerning" HEIGHT="69" HPOS="1907" VPOS="3671" WIDTH="341" />
<SP HEIGHT="63" HPOS="2249" VPOS="3677" WIDTH="48" />
<String CONTENT="the" HEIGHT="55" HPOS="2298" VPOS="3671" WIDTH="97" />
</TextLine>
<TextLine HEIGHT="73" HPOS="376" STYLEREFS="StyleId-341688E1-4B7B-4F1F-8DAA-3E8868116591-" VPOS="3749" WIDTH="2018">
<String CONTENT="sixth" HEIGHT="56" HPOS="376" VPOS="3755" WIDTH="155" />
<SP HEIGHT="52" HPOS="532" VPOS="3757" WIDTH="43" />
<String CONTENT="commandment," HEIGHT="67" HPOS="576" VPOS="3755" WIDTH="474" />
<SP HEIGHT="69" HPOS="1051" VPOS="3753" WIDTH="42" />
<String CONTENT="delivered" HEIGHT="54" HPOS="1094" VPOS="3753" WIDTH="288" />
<SP HEIGHT="53" HPOS="1383" VPOS="3753" WIDTH="44" />
<String CONTENT="at" HEIGHT="49" HPOS="1428" VPOS="3757" WIDTH="59" />
<SP HEIGHT="49" HPOS="1488" VPOS="3757" WIDTH="41" />
<String CONTENT="the" HEIGHT="54" HPOS="1530" VPOS="3752" WIDTH="97" />
<SP HEIGHT="53" HPOS="1628" VPOS="3751" WIDTH="40" />
<String CONTENT="Eastern" HEIGHT="54" HPOS="1669" VPOS="3751" WIDTH="244" />
<SP HEIGHT="34" HPOS="1914" VPOS="3769" WIDTH="41" />
<String CONTENT="shrine" HEIGHT="54" HPOS="1956" VPOS="3750" WIDTH="193" />
<SP HEIGHT="35" HPOS="2150" VPOS="3768" WIDTH="39" />
<String CONTENT="of" HEIGHT="53" HPOS="2190" VPOS="3749" WIDTH="63" />
<SP HEIGHT="53" HPOS="2254" VPOS="3749" WIDTH="42" />
<String CONTENT="the" HEIGHT="52" HPOS="2297" VPOS="3750" WIDTH="97" />
</TextLine>
<TextLine CS="1" HEIGHT="75" HPOS="377" STYLEREFS="StyleId-341688E1-4B7B-4F1F-8DAA-3E8868116591-" VPOS="3826" WIDTH="2017">
<String CONTENT="Little" HEIGHT="56" HPOS="377" VPOS="3832" WIDTH="177" />
<SP HEIGHT="54" HPOS="555" VPOS="3834" WIDTH="30" />
<String CONTENT="Flower," HEIGHT="66" HPOS="586" VPOS="3834" WIDTH="241" />
<SP HEIGHT="68" HPOS="828" VPOS="3832" WIDTH="31" />
<String CONTENT="by" HEIGHT="69" HPOS="860" VPOS="3832" WIDTH="75" />
<SP HEIGHT="64" HPOS="936" VPOS="3837" WIDTH="28" />
<String CONTENT="the" HEIGHT="54" HPOS="965" VPOS="3832" WIDTH="97" />
<SP HEIGHT="55" HPOS="1063" VPOS="3831" WIDTH="27" />
<String CONTENT="Reverend" HEIGHT="56" HPOS="1091" VPOS="3830" WIDTH="297" />
<SP HEIGHT="52" HPOS="1389" VPOS="3830" WIDTH="30" />
<String CONTENT="Albert" HEIGHT="54" HPOS="1420" VPOS="3829" WIDTH="206" />
<SP HEIGHT="56" HPOS="1627" VPOS="3827" WIDTH="28" />
<String CONTENT="H." HEIGHT="53" HPOS="1656" VPOS="3827" WIDTH="76" />
<SP HEIGHT="52" HPOS="1733" VPOS="3828" WIDTH="34" />
<String CONTENT="Dolan" HEIGHT="55" HPOS="1768" VPOS="3827" WIDTH="188" />
<SP HEIGHT="34" HPOS="1957" VPOS="3847" WIDTH="35" />
<String CONTENT="&#8230;" CS="1" />
<SP HEIGHT="56" HPOS="2050" VPOS="3826" WIDTH="73" />
<String CONTENT="Chicago," HEIGHT="70" HPOS="2124" VPOS="3826" WIDTH="270" />
</TextLine>
<TextLine HEIGHT="69" HPOS="378" STYLEREFS="StyleId-341688E1-4B7B-4F1F-8DAA-3E8868116591-" VPOS="3910" WIDTH="1002">
<String CONTENT="Ill.," HEIGHT="68" HPOS="378" VPOS="3911" WIDTH="113" />
<SP HEIGHT="68" HPOS="492" VPOS="3911" WIDTH="30" />
<String CONTENT="The" HEIGHT="54" HPOS="523" VPOS="3911" WIDTH="123" />
<SP HEIGHT="55" HPOS="647" VPOS="3910" WIDTH="30" />
<String CONTENT="Carmelite" HEIGHT="55" HPOS="678" VPOS="3910" WIDTH="308" />
<SP HEIGHT="50" HPOS="987" VPOS="3928" WIDTH="30" />
<String CONTENT="press," HEIGHT="51" HPOS="1018" VPOS="3927" WIDTH="174" />
<SP HEIGHT="65" HPOS="1193" VPOS="3912" WIDTH="35" />
<String CONTENT="1932." HEIGHT="50" HPOS="1229" VPOS="3911" WIDTH="151" />
</TextLine>
<TextLine CS="1" HEIGHT="50" HPOS="445" VPOS="3981" WIDTH="594">
<String CONTENT="3" HEIGHT="41" HPOS="445" VPOS="3982" WIDTH="27" />
<SP HEIGHT="48" HPOS="473" VPOS="3982" WIDTH="29" />
<String CONTENT="p." CS="1" />
<SP />
<String CONTENT="l.," CS="1" HEIGHT="17" HPOS="610" VPOS="4014" WIDTH="8" />
<SP HEIGHT="50" HPOS="619" VPOS="3981" WIDTH="27" />
<String CONTENT="9-188" HEIGHT="43" HPOS="647" VPOS="3981" WIDTH="149" />
<SP HEIGHT="49" HPOS="797" VPOS="3982" WIDTH="22" />
<String CONTENT="p." HEIGHT="37" HPOS="820" VPOS="3994" WIDTH="44" />
<SP HEIGHT="40" HPOS="865" VPOS="3982" WIDTH="56" />
<String CONTENT="19" HEIGHT="41" HPOS="922" VPOS="3981" WIDTH="58" />
<String CONTENT="cm" HEIGHT="22" HPOS="980" STYLE="superscript" VPOS="3983" WIDTH="45" />
<String CONTENT="." HEIGHT="8" HPOS="1030" VPOS="4012" WIDTH="9" />
</TextLine>
</TextBlock>
<GraphicalElement HEIGHT="246" HPOS="2374" ID="Page276_Block3" VPOS="948" WIDTH="18" />
</PrintSpace>
</Page>
</Layout>
</alto>