2484 4405
1079 4107 133 52 1785

144 536 199 53 Julian
385 535 239 51 Lawton
666 533 136 51 with
846 533 92 51 the
981 530 266 53 financial
1288 531 301 53 assistance
1631 529 63 53 of
1736 528 235 55 Charles
144 527 1973 138 Seamans

335 614 228 50 Brown.
641 610 293 67 Syracuse,
968 610 68 52 N.
1070 609 88 65 Y.,
1191 608 156 52 Priv.
1383 607 191 68 print.,
1608 611 148 48 1933.

215 698 77 36 xv,
318 685 86 41 299
428 696 57 38 p.,
513 686 24 37 1
585 716 9 8 l.
655 685 169 46 plates,
852 686 148 45 ports.
1060 682 148 39 24½cm.

217 740 346 43 “References”:
625 752 42 37 p.
702 740 113 49 [279]

149 797 50 51 ©
234 801 102 40 Oct.
368 800 69 46 23,
471 798 139 46 1933;
646 800 66 38 2c.
747 799 110 38 Dec.
892 797 82 40 26:
1011 797 83 39 aff.
1130 798 110 37 Dec.
1275 795 81 45 22;
1394 796 39 37 A
1499 794 139 46 67720;
1676 794 204 40 Charles
1917 793 232 39 Seamans

218 858 189 45 Brown,
437 857 251 48 Syracuse,
715 856 56 40 N.
797 856 53 38 Y.
922 853 192 48 (34-81)

150 931 226 65 Lemos,
406 933 188 51 Pedro
623 930 239 63 Joseph,
894 931 172 50 1882-

219 1009 254 67 Applied
510 1013 117 61 art;
665 1007 278 67 drawing,
980 1007 285 67 painting,
1301 1005 200 67 design
1536 1005 112 52 and
1687 1003 335 53 handicraft
152 1021 1969 133 arranged
399 1086 92 52 for
523 1084 480 53 self-instruction
1037 1084 64 52 of
1134 1084 271 66 teachers,
1440 1089 247 61 parents,
1724 1082 112 52 and
1871 1081 275 65 students,

152 1158 1994 73 by Pedro J. Lemos … Mountain View, Calif., Portland, Or.
155 1239 1550 68 [etc.] Pacific press publishing association [ c 1933]
226 1314 18 37 1
276 1324 41 36 p.
367 1344 24 9 l..
423 1311 145 50 [5]-398
625 1325 41 35 p.
697 1313 107 38 incl.
835 1313 141 40 illus..
1007 1313 171 47 plates,
1235 1312 156 47 plates
1420 1315 134 45 (part
1583 1311 111 47 col.)
1734 1311 180 48 diagrs.
1975 1311 54 38 23
2034 1314 42 20 cm

149 1367 51 51 ©
235 1373 107 38 Dec.
375 1371 38 46 5,
447 1370 139 40 1933:
620 1372 65 37 2c.
720 1371 93 37 and
847 1369 80 39 aff.
962 1370 109 37 Dec.
1107 1370 81 44 11;
1223 1369 41 37 A
1296 1368 169 45 67439;
1501 1368 176 39 Pacific
1711 1377 134 38 press
1879 1369 107 46 pub.
2022 1378 113 30 assn.

234 1424 51 51 [©
316 1427 156 40 added
501 1428 200 46 chapter
735 1427 199 38 “Poster
963 1425 276 42 art”—new
1271 1436 140 30 cover
1443 1425 183 48 design]

227 1484 279 49 (33-39309)

151 1572 205 65 Lewis,
387 1573 181 52 Hazel
597 1572 290 63 Asenath,
922 1575 170 49 1886-

217 1649 293 68 Planning
557 1648 93 53 for
696 1649 258 52 children
1002 1648 57 51 in
1109 1648 95 52 the
1251 1648 144 52 local
1444 1647 229 67 church,
1723 1647 71 69 by
1845 1648 183 51 Hazel
2077 1647 69 51 A.

149 1725 1500 69 Lewis … St. Louis, The Bethany press [ c 1933 ]
218 1799 55 40 90
300 1810 44 37 p.
405 1800 54 39 16½
492 1802 14 19 cm
540 1832 7 6 .

220 1857 279 46 “Approved
538 1866 53 29 as
629 1866 24 28 a
693 1854 227 40 textbook
959 1855 47 38 in
1047 1854 274 47 leadership
1360 1854 217 47 training
1614 1854 59 46 by
1713 1855 80 39 the
1832 1853 312 48 Department

149 1912 51 37 of
230 1912 226 47 religious
484 1912 270 48 education,
786 1911 238 47 Disciples
1053 1910 53 41 of
1132 1909 208 41 Christ.”

220 1968 124 39 “For
368 1968 194 39 further
588 1967 173 46 study”
790 1971 52 36 at
870 1969 90 38 end
989 1966 53 41 of
1067 1968 119 39 each
1214 1967 214 46 chapter.

149 2023 51 51 ©
231 2030 100 37 Oct.
359 2029 67 44 10,
455 2029 112 38 1933;
625 2028 65 37 2c.
719 2027 117 38 Nov.
865 2028 24 37 3;
949 2026 81 40 aff.
1058 2027 119 39 Nov.
1204 2028 27 36 4;
1288 2027 41 38 A
1357 2026 170 46 65947;
1559 2027 225 47 Bethany
1811 2037 150 37 press.

227 2084 161 48 (34-6)

150 2170 404 66 Limeburner,
583 2174 137 50 Mrs.
750 2173 184 52 Grace
965 2174 76 50 M.
1074 2170 303 65 (Grindle)
1415 2174 171 50 1880-

223 2249 137 55 Setli
404 2250 274 67 Blodgett
727 2249 89 67 (of
856 2249 379 67 Brooksville,
1272 2249 223 67 Maine)
1545 2249 338 65 1747-1817;
1924 2249 88 53 his

152 2267 1997 128 ancestors and his descendants, by Grace Limeburner … Rutland,
154 2405 110 67 Vt.,
293 2406 123 52 The
442 2407 196 51 Tuttle
667 2423 296 49 company,
997 2409 151 49 1933.

219 2477 628 50 4 p. l., [5]-88, [1] p. 23½cm.
149 2531 51 51 ©
226 2536 116 46 July
365 2535 68 47 25,
461 2535 111 40 1933;
628 2536 65 39 2c.
721 2537 95 38 and
842 2535 80 39 aff.
951 2535 111 39 Dec.
1089 2535 56 39 26;
1201 2536 40 37 A
1268 2535 169 47 68566;
1467 2536 166 40 Tuttle
1660 2547 67 29 co.

227 2592 279 50 (33-39303)

152 2664 278 68 Lindsay,
456 2666 212 66 Philip,
700 2669 170 50 1906-

218 2744 1934 70 King Richard III; a chronicle, by Philip Lindsay. London,
151 2824 45 50 I.
227 2823 310 52 Nicholson
566 2826 45 49 &
638 2824 257 67 Watson,
922 2824 121 65 ltd.,
1076 2827 150 48 1933.

216 2896 99 46 362,
349 2896 55 49 [2]
433 2906 43 38 p.
536 2896 164 48 front.,
730 2900 148 45 ports.
938 2896 145 39 22½cm.

219 2952 159 41 “First
410 2952 180 40 edition
625 2953 277 48 September
931 2952 157 41 1933.”

219 3008 565 48 “Acknowledgements”
821 3009 281 48 containing
1136 3008 365 51 bibliography:
1538 3022 43 37 p.
1614 3011 218 41 343-345.

152 3062 50 51 ©
261 3078 35 27 1c.
325 3066 116 39 Nov.
470 3066 68 40 29.
568 3066 138 41 1933;
738 3068 40 37 A
806 3068 61 38 ad
895 3067 85 39 int.
1010 3067 171 47 18416;
1212 3068 140 46 pubd.
1386 3067 102 41 Oct.
1516 3068 53 46 2;
1601 3069 49 38 P.
1681 3068 227 47 Lindsay,
1939 3068 212 39 London.

228 3123 220 48 (34-255)

151 3195 199 67 Little,
382 3197 226 65 George
634 3199 228 65 Albert,
894 3202 171 49 1883-

219 3273 122 54 The
367 3274 270 54 teacher’s
669 3275 259 68 manual;
965 3295 31 33 a
1027 3275 174 69 guide
1232 3282 57 47 to
1322 3277 96 52 the
1451 3275 423 55 International
1911 3276 236 69 Sunday

151 3353 191 51 school
372 3356 227 64 lessons,
631 3354 296 67 improved
957 3354 259 52 uniform
1248 3356 199 52 series:
1479 3375 192 35 course
1703 3357 95 51 for
1832 3360 148 48 1934.
2057 3358 90 67 By

154 3432 1994 69 George A. Little … [and] Archer Wallace … New York,
153 3509 206 52 Round
388 3510 150 52 table
568 3529 172 48 press,
770 3511 124 66 inc.,
925 3514 149 49 1933.

220 3583 1081 49 viii, [1], 371 p. incl. front. illus. 224 cm .
222 3635 221 43 Includes
474 3638 390 48 bibliographies.

153 3690 51 51 ©
232 3696 118 39 Nov.
378 3696 68 41 10.
476 3696 112 40 1933;
647 3696 48 40 2c.
743 3699 95 37 and
869 3697 81 39 aff.
980 3698 118 39 Nov.
1130 3699 53 38 17;
1243 3699 42 38 A
1312 3699 169 45 68139;
1516 3699 172 38 Round
1719 3699 129 39 table
1877 3709 150 37 press,
2059 3699 91 39 inc.

234 3752 161 49 (34-2)

154 3828 350 65 Lundquist,
534 3831 134 53 Carl
694 3830 293 63 Hjalmar.

222 3906 119 52 The
373 3907 169 66 spirit
575 3907 63 52 of
668 3926 102 33 our
803 3908 408 57 Constitution,
1243 3909 74 66 by
1349 3910 136 54 Carl
1518 3908 272 68 Hjalmar
1821 3910 319 67 Lundquist

213 3982 1097 70 … Chicago, Ill. [The author] c 1933.
