<alto xmlns="http://www.loc.gov/standards/alto/ns-v3#" xmlns:xlink="http://www.w3.org/1999/xlink" xmlns:xsi="http://www.w3.org/2001/XMLSchema-instance" xsi:schemaLocation="http://www.loc.gov/standards/alto/ns-v3# http://www.loc.gov/alto/v3/alto-3-0.xsd"><Description>
<MeasurementUnit>pixel</MeasurementUnit>
<sourceImageInformation>
<fileName>1933_v1_Part1.pdf</fileName>
</sourceImageInformation>
<OCRProcessing ID="IdOcr">
<ocrProcessingStep>
<processingDateTime>2019-01-03</processingDateTime>
<processingSoftware>
<softwareCreator>ABBYY</softwareCreator>
<softwareName>ABBYY Recognition Server</softwareName>
<softwareVersion>4.0</softwareVersion>
</processingSoftware>
</ocrProcessingStep>
</OCRProcessing>
</Description>
<Styles>
<ParagraphStyle ID="StyleId-FFFFFFFF-FFFF-FFFF-FFFF-FFFFFFFFFFFF-" ALIGN="Left" LEFT="0." RIGHT="0." FIRSTLINE="0."/>
<ParagraphStyle ID="StyleId-6EF5737A-DCEB-4126-A0CF-C5930BF7166A-" ALIGN="Left" LEFT="0." RIGHT="0." FIRSTLINE="0." LINESPACE="8.300000191"/>
<ParagraphStyle ID="StyleId-2DE44258-FD0B-41E1-B542-087C989B01A3-" ALIGN="Left" LEFT="0." RIGHT="0." FIRSTLINE="0." LINESPACE="12.19999981"/>
<ParagraphStyle ID="StyleId-CE3D254A-29D7-4DD7-B5F1-E0FC0EF29B05-" ALIGN="Left" LEFT="0." RIGHT="0." FIRSTLINE="-14." LINESPACE="8.619999886"/>
<ParagraphStyle ID="StyleId-C0E3A137-CE4F-4287-8A90-B599106709D0-" ALIGN="Left" LEFT="0." RIGHT="0." FIRSTLINE="-14." LINESPACE="12.19999981"/>
<ParagraphStyle ID="StyleId-50F26F0C-05DA-4C19-BA58-7A6AC4499BEE-" ALIGN="Left" LEFT="0." RIGHT="0." FIRSTLINE="-14." LINESPACE="11.06999969"/>
<ParagraphStyle ID="StyleId-5DDE65AF-512C-41E2-9B8E-095D6D99EF68-" ALIGN="Center" LEFT="0." RIGHT="0." FIRSTLINE="0." LINESPACE="11.89999962"/>
<ParagraphStyle ID="StyleId-0A81D7A5-6A62-4C52-915E-7768974C704D-" ALIGN="Left" LEFT="0." RIGHT="0." FIRSTLINE="0." LINESPACE="9.399999619"/>
<ParagraphStyle ID="StyleId-F7A0127F-6B48-4157-BB81-FE33E1E1A05B-" ALIGN="Block" LEFT="0." RIGHT="0." FIRSTLINE="-13." LINESPACE="10.63000011"/>
<ParagraphStyle ID="StyleId-E18C69F7-DBD7-48B1-805C-FCD96D0DA019-" ALIGN="Left" LEFT="0." RIGHT="0." FIRSTLINE="0." LINESPACE="11.64000034"/>
<ParagraphStyle ID="StyleId-98F15501-B611-4E83-8BB3-807E891F11F5-" ALIGN="Left" LEFT="0." RIGHT="0." FIRSTLINE="-14." LINESPACE="12.19999981"/>
<ParagraphStyle ID="StyleId-F4A78626-0BBC-4D12-94D9-A1AE75A9855F-" ALIGN="Left" LEFT="0." RIGHT="0." FIRSTLINE="0." LINESPACE="9.399999619"/>
<ParagraphStyle ID="StyleId-6A3F6F4C-D21B-4ADE-902F-7683F18ECEF3-" ALIGN="Left" LEFT="0." RIGHT="0." FIRSTLINE="0." LINESPACE="11.10000038"/>
</Styles>
<Layout>
<Page ID="Page324" PHYSICAL_IMG_NR="324" HEIGHT="4403" WIDTH="2597">
<TopMargin HEIGHT="422" WIDTH="2597" VPOS="0" HPOS="0">
</TopMargin>
<LeftMargin HEIGHT="3638" WIDTH="298" VPOS="422" HPOS="0">
</LeftMargin>
<RightMargin HEIGHT="3638" WIDTH="251" VPOS="422" HPOS="2346">
</RightMargin>
<BottomMargin HEIGHT="343" WIDTH="2597" VPOS="4060" HPOS="0">
<TextBlock ID="Page324_Block1" HEIGHT="72" WIDTH="124" VPOS="4096" HPOS="1258" LANG="en-US" STYLEREFS="StyleId-12E81A98-1167-44A0-BB9E-61D0073187D6-">
<TextLine HEIGHT="50" WIDTH="103" VPOS="4107" HPOS="1269">
<String CONTENT="324" HEIGHT="50" WIDTH="103" VPOS="4107" HPOS="1269"/>
</TextLine>
</TextBlock>
</BottomMargin>
<PrintSpace HEIGHT="3638" WIDTH="2048" VPOS="422" HPOS="298">
<TextBlock ID="Page324_Block2" HEIGHT="3638" WIDTH="2048" VPOS="422" HPOS="298" CS="1" STYLEREFS="StyleId-CFDC95C3-BFAB-4579-9934-2FFA2AAF28FD-">
<TextLine HEIGHT="66" WIDTH="992" VPOS="433" HPOS="310" STYLEREFS="StyleId-CA44AEEC-A90A-4E22-92C5-A44606078DA2-">
<String LANG="fr" CONTENT="Dresser," HEIGHT="65" WIDTH="271" VPOS="434" HPOS="310"/>
<SP HEIGHT="64" WIDTH="27" VPOS="435" HPOS="582"/>
<String LANG="en-US" CONTENT="Horatio" HEIGHT="54" WIDTH="255" VPOS="433" HPOS="610"/>
<SP HEIGHT="54" WIDTH="23" VPOS="435" HPOS="866"/>
<String LANG="en-US" CONTENT="Willis," HEIGHT="65" WIDTH="209" VPOS="433" HPOS="890"/>
<SP HEIGHT="57" WIDTH="29" VPOS="441" HPOS="1100"/>
<String LANG="en-US" CONTENT="1866-" HEIGHT="51" WIDTH="172" VPOS="439" HPOS="1130"/>
</TextLine>
<TextLine HEIGHT="70" WIDTH="1736" VPOS="511" HPOS="378" STYLEREFS="StyleId-CA44AEEC-A90A-4E22-92C5-A44606078DA2-" LANG="en-US" CS="1">
<String CONTENT="Knowing" HEIGHT="69" WIDTH="297" VPOS="512" HPOS="378"/>
<SP HEIGHT="51" WIDTH="44" VPOS="530" HPOS="676"/>
<String CONTENT="and" HEIGHT="51" WIDTH="114" VPOS="513" HPOS="721"/>
<SP HEIGHT="52" WIDTH="43" VPOS="512" HPOS="836"/>
<String CONTENT="helping" HEIGHT="69" WIDTH="241" VPOS="512" HPOS="880"/>
<SP HEIGHT="52" WIDTH="42" VPOS="529" HPOS="1122"/>
<String CONTENT="people;" HEIGHT="67" WIDTH="231" VPOS="513" HPOS="1165"/>
<SP HEIGHT="49" WIDTH="47" VPOS="530" HPOS="1397"/>
<String CONTENT="a" HEIGHT="35" WIDTH="31" VPOS="530" HPOS="1445"/>
<SP HEIGHT="36" WIDTH="44" VPOS="530" HPOS="1477"/>
<String CONTENT="study" HEIGHT="68" WIDTH="173" VPOS="512" HPOS="1522"/>
<SP HEIGHT="50" WIDTH="41" VPOS="530" HPOS="1696"/>
<String CONTENT="of" HEIGHT="53" WIDTH="66" VPOS="511" HPOS="1738"/>
<SP HEIGHT="68" WIDTH="42" VPOS="511" HPOS="1805"/>
<String CONTENT="personal" HEIGHT="67" WIDTH="266" VPOS="512" HPOS="1848"/>
</TextLine>
<TextLine HEIGHT="147" WIDTH="1995" VPOS="513" HPOS="308" STYLEREFS="StyleId-CA44AEEC-A90A-4E22-92C5-A44606078DA2-" LANG="en-US" CS="1">
<String CONTENT="problems" HEIGHT="134" WIDTH="1995" VPOS="513" HPOS="308"/>
<SP HEIGHT="37" WIDTH="32" VPOS="610" HPOS="448"/>
<String CONTENT="and" HEIGHT="52" WIDTH="114" VPOS="591" HPOS="481"/>
<SP HEIGHT="68" WIDTH="33" VPOS="591" HPOS="596"/>
<String CONTENT="psychological" HEIGHT="70" WIDTH="428" VPOS="589" HPOS="630"/>
<SP HEIGHT="52" WIDTH="32" VPOS="591" HPOS="1059"/>
<String CONTENT="techniques," HEIGHT="71" WIDTH="347" VPOS="588" HPOS="1092"/>
<SP HEIGHT="68" WIDTH="29" VPOS="591" HPOS="1440"/>
<String CONTENT="by" HEIGHT="69" WIDTH="77" VPOS="591" HPOS="1470"/>
<SP HEIGHT="70" WIDTH="32" VPOS="590" HPOS="1548"/>
<String CONTENT="Horatio" HEIGHT="55" WIDTH="249" VPOS="590" HPOS="1581"/>
<SP HEIGHT="55" WIDTH="30" VPOS="590" HPOS="1831"/>
<String CONTENT="W." HEIGHT="55" WIDTH="91" VPOS="590" HPOS="1862"/>
<SP HEIGHT="56" WIDTH="33" VPOS="589" HPOS="1954"/>
<String CONTENT="Dresser" HEIGHT="55" WIDTH="239" VPOS="589" HPOS="1988"/>
<SP HEIGHT="32" WIDTH="39" VPOS="612" HPOS="2228"/>
<String CS="1" CONTENT="&#8230;"/>
</TextLine>
<TextLine HEIGHT="68" WIDTH="1193" VPOS="670" HPOS="309" STYLEREFS="StyleId-CA44AEEC-A90A-4E22-92C5-A44606078DA2-" LANG="en-US">
<String CONTENT="Boston," HEIGHT="66" WIDTH="237" VPOS="671" HPOS="309"/>
<SP HEIGHT="66" WIDTH="28" VPOS="671" HPOS="547"/>
<String CONTENT="The" HEIGHT="54" WIDTH="121" VPOS="670" HPOS="576"/>
<SP HEIGHT="54" WIDTH="29" VPOS="670" HPOS="698"/>
<String CONTENT="Beacon" HEIGHT="53" WIDTH="227" VPOS="670" HPOS="728"/>
<SP HEIGHT="50" WIDTH="28" VPOS="688" HPOS="956"/>
<String CONTENT="press," HEIGHT="50" WIDTH="177" VPOS="688" HPOS="985"/>
<SP HEIGHT="68" WIDTH="27" VPOS="670" HPOS="1163"/>
<String CONTENT="inc.," HEIGHT="55" WIDTH="127" VPOS="670" HPOS="1191"/>
<SP HEIGHT="52" WIDTH="30" VPOS="673" HPOS="1319"/>
<String CONTENT="1933." HEIGHT="51" WIDTH="152" VPOS="672" HPOS="1350"/>
</TextLine>
<TextLine HEIGHT="50" WIDTH="462" VPOS="743" HPOS="381" STYLEREFS="StyleId-CA44AEEC-A90A-4E22-92C5-A44606078DA2-" LANG="en-US" CS="1">
<String CONTENT="ix," HEIGHT="49" WIDTH="64" VPOS="744" HPOS="381"/>
<SP HEIGHT="48" WIDTH="29" VPOS="745" HPOS="446"/>
<String CONTENT="268" HEIGHT="41" WIDTH="88" VPOS="744" HPOS="476"/>
<SP HEIGHT="49" WIDTH="26" VPOS="744" HPOS="565"/>
<String CONTENT="p." HEIGHT="37" WIDTH="43" VPOS="756" HPOS="592"/>
<SP HEIGHT="42" WIDTH="58" VPOS="743" HPOS="636"/>
<String CS="1" CONTENT="21&#189;" HEIGHT="40" WIDTH="56" VPOS="743" HPOS="695"/>
<String STYLE="superscript" CONTENT="cm" HEIGHT="21" WIDTH="44" VPOS="746" HPOS="786"/>
<String CONTENT="." HEIGHT="8" WIDTH="8" VPOS="776" HPOS="835"/>
</TextLine>
<TextLine HEIGHT="52" WIDTH="1846" VPOS="799" HPOS="315" LANG="en-US" CS="1">
<String CONTENT="&#169;" HEIGHT="52" WIDTH="52" VPOS="799" HPOS="315"/>
<SP HEIGHT="52" WIDTH="30" VPOS="799" HPOS="368"/>
<String CONTENT="Mar." HEIGHT="39" WIDTH="124" VPOS="804" HPOS="399"/>
<SP HEIGHT="39" WIDTH="28" VPOS="804" HPOS="524"/>
<String CONTENT="1," HEIGHT="46" WIDTH="39" VPOS="804" HPOS="553"/>
<SP HEIGHT="47" WIDTH="30" VPOS="803" HPOS="593"/>
<String CS="1" CONTENT="1933;" HEIGHT="43" WIDTH="114" VPOS="800" HPOS="624"/>
<SP HEIGHT="47" WIDTH="31" VPOS="802" HPOS="767"/>
<String CONTENT="2c." HEIGHT="41" WIDTH="68" VPOS="802" HPOS="799"/>
<SP HEIGHT="29" WIDTH="29" VPOS="814" HPOS="868"/>
<String CONTENT="and" HEIGHT="39" WIDTH="96" VPOS="804" HPOS="898"/>
<SP HEIGHT="39" WIDTH="29" VPOS="804" HPOS="995"/>
<String CONTENT="aff." HEIGHT="40" WIDTH="81" VPOS="802" HPOS="1025"/>
<SP HEIGHT="38" WIDTH="34" VPOS="803" HPOS="1107"/>
<String CONTENT="Mar." HEIGHT="40" WIDTH="123" VPOS="803" HPOS="1142"/>
<SP HEIGHT="41" WIDTH="28" VPOS="802" HPOS="1266"/>
<String CS="1" CONTENT="3;" HEIGHT="41" WIDTH="26" VPOS="802" HPOS="1295"/>
<SP HEIGHT="46" WIDTH="32" VPOS="803" HPOS="1350"/>
<!-- cceid 3CAB8DF9-6CF9-1014-A6CF-A82867D68027 --><String CONTENT="A" HEIGHT="38" WIDTH="41" VPOS="803" HPOS="1383"/>
<SP HEIGHT="40" WIDTH="29" VPOS="802" HPOS="1425"/>
<String CS="1" CONTENT="60481;" HEIGHT="41" WIDTH="143" VPOS="802" HPOS="1455"/>
<SP HEIGHT="45" WIDTH="34" VPOS="804" HPOS="1628"/>
<String CONTENT="Beacon" HEIGHT="39" WIDTH="192" VPOS="804" HPOS="1663"/>
<SP HEIGHT="38" WIDTH="28" VPOS="813" HPOS="1856"/>
<String CONTENT="press," HEIGHT="39" WIDTH="152" VPOS="812" HPOS="1885"/>
<SP HEIGHT="46" WIDTH="31" VPOS="804" HPOS="2038"/>
<String CONTENT="inc." HEIGHT="40" WIDTH="91" VPOS="804" HPOS="2070"/>
</TextLine>
<TextLine HEIGHT="49" WIDTH="254" VPOS="860" HPOS="393" LANG="en-US">
<String CONTENT="(33-6807)" HEIGHT="49" WIDTH="254" VPOS="860" HPOS="393"/>
</TextLine>
<TextLine HEIGHT="67" WIDTH="569" VPOS="937" HPOS="310" STYLEREFS="StyleId-CA44AEEC-A90A-4E22-92C5-A44606078DA2-" LANG="en-US">
<String CONTENT="Drossos," HEIGHT="66" WIDTH="277" VPOS="938" HPOS="310"/>
<SP HEIGHT="66" WIDTH="29" VPOS="938" HPOS="588"/>
<String CONTENT="John" HEIGHT="55" WIDTH="157" VPOS="937" HPOS="618"/>
<SP HEIGHT="53" WIDTH="29" VPOS="938" HPOS="776"/>
<String CONTENT="A." HEIGHT="56" WIDTH="73" VPOS="938" HPOS="806"/>
</TextLine>
<TextLine HEIGHT="70" WIDTH="1884" VPOS="1014" HPOS="380" STYLEREFS="StyleId-CA44AEEC-A90A-4E22-92C5-A44606078DA2-" LANG="en-US" CS="1">
<String CONTENT="My" HEIGHT="69" WIDTH="106" VPOS="1015" HPOS="380"/>
<SP HEIGHT="68" WIDTH="37" VPOS="1016" HPOS="487"/>
<String CONTENT="lawyer" HEIGHT="68" WIDTH="216" VPOS="1016" HPOS="525"/>
<SP HEIGHT="53" WIDTH="38" VPOS="1014" HPOS="742"/>
<String CONTENT="in" HEIGHT="54" WIDTH="62" VPOS="1014" HPOS="781"/>
<SP HEIGHT="35" WIDTH="40" VPOS="1034" HPOS="844"/>
<String CONTENT="my" HEIGHT="49" WIDTH="97" VPOS="1035" HPOS="885"/>
<SP HEIGHT="49" WIDTH="40" VPOS="1035" HPOS="983"/>
<String CONTENT="own" HEIGHT="36" WIDTH="128" VPOS="1034" HPOS="1024"/>
<SP HEIGHT="53" WIDTH="39" VPOS="1015" HPOS="1153"/>
<String CONTENT="language," HEIGHT="68" WIDTH="305" VPOS="1015" HPOS="1193"/>
<SP HEIGHT="68" WIDTH="40" VPOS="1015" HPOS="1499"/>
<String CONTENT="by" HEIGHT="68" WIDTH="76" VPOS="1015" HPOS="1540"/>
<SP HEIGHT="67" WIDTH="40" VPOS="1016" HPOS="1617"/>
<String CONTENT="John" HEIGHT="55" WIDTH="157" VPOS="1015" HPOS="1658"/>
<SP HEIGHT="54" WIDTH="41" VPOS="1014" HPOS="1816"/>
<String CONTENT="A." HEIGHT="55" WIDTH="73" VPOS="1014" HPOS="1858"/>
<SP HEIGHT="53" WIDTH="41" VPOS="1016" HPOS="1932"/>
<String CONTENT="Drossos" HEIGHT="54" WIDTH="244" VPOS="1016" HPOS="1974"/>
<SP HEIGHT="35" WIDTH="45" VPOS="1035" HPOS="2219"/>
<String CS="1" CONTENT="&#8230;"/>
</TextLine>
<TextLine HEIGHT="68" WIDTH="448" VPOS="1094" HPOS="313" STYLEREFS="StyleId-CA44AEEC-A90A-4E22-92C5-A44606078DA2-" LANG="en-US">
<String CONTENT="[Dallas," HEIGHT="68" WIDTH="240" VPOS="1094" HPOS="313"/>
<SP HEIGHT="61" WIDTH="25" VPOS="1101" HPOS="554"/>
<String STYLE="superscript" CONTENT="c" HEIGHT="22" WIDTH="22" VPOS="1101" HPOS="580"/>
<String CONTENT="1933]" HEIGHT="63" WIDTH="155" VPOS="1098" HPOS="606"/>
</TextLine>
<TextLine HEIGHT="50" WIDTH="625" VPOS="1168" HPOS="385" LANG="en-US" CS="1">
<String CONTENT="6" HEIGHT="40" WIDTH="27" VPOS="1169" HPOS="385"/>
<SP HEIGHT="49" WIDTH="25" VPOS="1169" HPOS="413"/>
<String CONTENT="p." HEIGHT="38" WIDTH="43" VPOS="1180" HPOS="439"/>
<SP HEIGHT="39" WIDTH="27" VPOS="1170" HPOS="483"/>
<String CS="1" CONTENT="l.,"/>
<SP HEIGHT="46" WIDTH="27" VPOS="1170" HPOS="557"/>
<String CONTENT="15-213" HEIGHT="41" WIDTH="174" VPOS="1168" HPOS="585"/>
<SP HEIGHT="48" WIDTH="26" VPOS="1169" HPOS="760"/>
<String CONTENT="p." HEIGHT="37" WIDTH="45" VPOS="1180" HPOS="787"/>
<SP HEIGHT="41" WIDTH="58" VPOS="1168" HPOS="833"/>
<String CONTENT="23" HEIGHT="40" WIDTH="56" VPOS="1168" HPOS="892"/>
<String STYLE="superscript" CONTENT="cm" HEIGHT="22" WIDTH="44" VPOS="1170" HPOS="953"/>
<String CONTENT="." HEIGHT="9" WIDTH="9" VPOS="1200" HPOS="1001"/>
</TextLine>
<TextLine HEIGHT="110" WIDTH="1999" VPOS="1223" HPOS="316" LANG="en-US" CS="1">
<String CONTENT="&#169;" HEIGHT="52" WIDTH="52" VPOS="1223" HPOS="316"/>
<SP HEIGHT="52" WIDTH="32" VPOS="1223" HPOS="369"/>
<String CONTENT="Feb." HEIGHT="40" WIDTH="112" VPOS="1227" HPOS="402"/>
<SP HEIGHT="41" WIDTH="30" VPOS="1226" HPOS="515"/>
<String CONTENT="2," HEIGHT="48" WIDTH="40" VPOS="1226" HPOS="546"/>
<SP HEIGHT="46" WIDTH="33" VPOS="1228" HPOS="587"/>
<String CS="1" CONTENT="1933;" HEIGHT="41" WIDTH="113" VPOS="1226" HPOS="621"/>
<SP HEIGHT="46" WIDTH="33" VPOS="1226" HPOS="763"/>
<String CONTENT="2c." HEIGHT="41" WIDTH="68" VPOS="1226" HPOS="797"/>
<SP HEIGHT="30" WIDTH="32" VPOS="1237" HPOS="866"/>
<String CONTENT="and" HEIGHT="38" WIDTH="96" VPOS="1230" HPOS="899"/>
<SP HEIGHT="38" WIDTH="32" VPOS="1230" HPOS="996"/>
<String CONTENT="aff." HEIGHT="41" WIDTH="83" VPOS="1225" HPOS="1029"/>
<SP HEIGHT="40" WIDTH="33" VPOS="1226" HPOS="1113"/>
<String CONTENT="Feb." HEIGHT="40" WIDTH="111" VPOS="1226" HPOS="1147"/>
<SP HEIGHT="42" WIDTH="34" VPOS="1224" HPOS="1259"/>
<String CS="1" CONTENT="6;" HEIGHT="41" WIDTH="28" VPOS="1224" HPOS="1294"/>
<SP HEIGHT="47" WIDTH="34" VPOS="1225" HPOS="1347"/>
<!-- cceid 3CAC3E51-6CF9-1014-A6CF-A82867D68027 --><String CONTENT="A" HEIGHT="39" WIDTH="41" VPOS="1225" HPOS="1382"/>
<SP HEIGHT="40" WIDTH="31" VPOS="1225" HPOS="1424"/>
<String CS="1" CONTENT="59310;" HEIGHT="42" WIDTH="148" VPOS="1224" HPOS="1456"/>
<SP HEIGHT="48" WIDTH="36" VPOS="1225" HPOS="1628"/>
<String CONTENT="Catherine" HEIGHT="41" WIDTH="261" VPOS="1225" HPOS="1665"/>
<SP HEIGHT="40" WIDTH="33" VPOS="1226" HPOS="1927"/>
<String CONTENT="Andrew" HEIGHT="41" WIDTH="211" VPOS="1226" HPOS="1961"/>
<SP HEIGHT="38" WIDTH="31" VPOS="1229" HPOS="2173"/>
<String CONTENT="Margaritis," HEIGHT="104" WIDTH="1932" VPOS="1229" HPOS="383"/>
</TextLine>
<TextLine HEIGHT="49" WIDTH="682" VPOS="1282" HPOS="607" LANG="en-US">
<String CONTENT="San" HEIGHT="41" WIDTH="99" VPOS="1284" HPOS="607"/>
<SP HEIGHT="39" WIDTH="27" VPOS="1284" HPOS="707"/>
<String CONTENT="Antonio." HEIGHT="39" WIDTH="226" VPOS="1284" HPOS="735"/>
<SP HEIGHT="48" WIDTH="74" VPOS="1283" HPOS="962"/>
<String CONTENT="(33-6698)" HEIGHT="49" WIDTH="252" VPOS="1282" HPOS="1037"/>
</TextLine>
<TextLine HEIGHT="65" WIDTH="537" VPOS="1362" HPOS="308" STYLEREFS="StyleId-CA44AEEC-A90A-4E22-92C5-A44606078DA2-">
<String LANG="en-US" CONTENT="Dubech," HEIGHT="65" WIDTH="265" VPOS="1362" HPOS="308"/>
<SP HEIGHT="65" WIDTH="29" VPOS="1362" HPOS="574"/>
<String LANG="fr" CONTENT="Lucien." HEIGHT="56" WIDTH="241" VPOS="1362" HPOS="604"/>
</TextLine>
<TextLine HEIGHT="72" WIDTH="1950" VPOS="1439" HPOS="381" LANG="fr">
<String CONTENT="Histoire" HEIGHT="55" WIDTH="262" VPOS="1439" HPOS="381"/>
<SP HEIGHT="49" WIDTH="35" VPOS="1460" HPOS="644"/>
<String CONTENT="g&#233;n&#233;rale" HEIGHT="69" WIDTH="263" VPOS="1440" HPOS="680"/>
<SP HEIGHT="54" WIDTH="38" VPOS="1440" HPOS="944"/>
<String CONTENT="illustr&#233;e" HEIGHT="52" WIDTH="257" VPOS="1440" HPOS="983"/>
<SP HEIGHT="53" WIDTH="37" VPOS="1439" HPOS="1241"/>
<String CONTENT="du" HEIGHT="53" WIDTH="77" VPOS="1439" HPOS="1279"/>
<SP HEIGHT="49" WIDTH="36" VPOS="1444" HPOS="1357"/>
<String CONTENT="th&#233;&#226;tre," HEIGHT="69" WIDTH="243" VPOS="1439" HPOS="1394"/>
<SP HEIGHT="50" WIDTH="33" VPOS="1459" HPOS="1638"/>
<String CONTENT="par" HEIGHT="50" WIDTH="109" VPOS="1459" HPOS="1672"/>
<SP HEIGHT="52" WIDTH="36" VPOS="1442" HPOS="1782"/>
<String CONTENT="Lucien" HEIGHT="54" WIDTH="217" VPOS="1440" HPOS="1819"/>
<SP HEIGHT="52" WIDTH="35" VPOS="1442" HPOS="2037"/>
<String CONTENT="Dubech," HEIGHT="70" WIDTH="258" VPOS="1441" HPOS="2073"/>
</TextLine>
<TextLine HEIGHT="67" WIDTH="2019" VPOS="1520" HPOS="311" LANG="fr">
<String CONTENT="avec" HEIGHT="35" WIDTH="134" VPOS="1540" HPOS="311"/>
<SP HEIGHT="53" WIDTH="26" VPOS="1522" HPOS="446"/>
<String CONTENT="la" HEIGHT="51" WIDTH="56" VPOS="1522" HPOS="473"/>
<SP HEIGHT="33" WIDTH="28" VPOS="1541" HPOS="530"/>
<String CONTENT="collaboration" HEIGHT="54" WIDTH="416" VPOS="1520" HPOS="559"/>
<SP HEIGHT="51" WIDTH="26" VPOS="1520" HPOS="976"/>
<String CONTENT="de" HEIGHT="52" WIDTH="69" VPOS="1520" HPOS="1003"/>
<SP HEIGHT="53" WIDTH="27" VPOS="1521" HPOS="1073"/>
<String CONTENT="Jacques" HEIGHT="66" WIDTH="246" VPOS="1521" HPOS="1101"/>
<SP HEIGHT="51" WIDTH="27" VPOS="1520" HPOS="1348"/>
<String CONTENT="de" HEIGHT="51" WIDTH="70" VPOS="1520" HPOS="1376"/>
<SP HEIGHT="51" WIDTH="26" VPOS="1520" HPOS="1447"/>
<String CONTENT="Montbrial" HEIGHT="52" WIDTH="321" VPOS="1520" HPOS="1474"/>
<SP HEIGHT="51" WIDTH="27" VPOS="1522" HPOS="1796"/>
<String CONTENT="et" HEIGHT="48" WIDTH="56" VPOS="1525" HPOS="1824"/>
<SP HEIGHT="51" WIDTH="27" VPOS="1521" HPOS="1881"/>
<String CONTENT="de" HEIGHT="52" WIDTH="67" VPOS="1521" HPOS="1909"/>
<SP HEIGHT="52" WIDTH="28" VPOS="1521" HPOS="1977"/>
<String CONTENT="Madeleine" HEIGHT="54" WIDTH="324" VPOS="1521" HPOS="2006"/>
</TextLine>
<TextLine HEIGHT="72" WIDTH="2017" VPOS="1597" HPOS="309" LANG="fr" CS="1">
<String CONTENT="Horn-Monval." HEIGHT="54" WIDTH="454" VPOS="1599" HPOS="309"/>
<SP HEIGHT="48" WIDTH="64" VPOS="1604" HPOS="764"/>
<String CONTENT="t." HEIGHT="48" WIDTH="39" VPOS="1604" HPOS="829"/>
<SP HEIGHT="48" WIDTH="34" VPOS="1602" HPOS="869"/>
<String CONTENT="1-3." HEIGHT="49" WIDTH="116" VPOS="1602" HPOS="904"/>
<SP HEIGHT="51" WIDTH="64" VPOS="1601" HPOS="1021"/>
<String CONTENT="Paris," HEIGHT="68" WIDTH="187" VPOS="1597" HPOS="1086"/>
<SP HEIGHT="66" WIDTH="26" VPOS="1599" HPOS="1274"/>
<String CONTENT="Librairie" HEIGHT="55" WIDTH="289" VPOS="1597" HPOS="1301"/>
<SP HEIGHT="53" WIDTH="28" VPOS="1599" HPOS="1591"/>
<String CONTENT="de" HEIGHT="52" WIDTH="68" VPOS="1599" HPOS="1620"/>
<SP HEIGHT="50" WIDTH="28" VPOS="1601" HPOS="1689"/>
<String CONTENT="France" HEIGHT="51" WIDTH="221" VPOS="1601" HPOS="1718"/>
<SP HEIGHT="50" WIDTH="33" VPOS="1618" HPOS="1940"/>
<String CS="1" CONTENT="[1931,1932]" HEIGHT="66" WIDTH="332" VPOS="1603" HPOS="1994"/>
</TextLine>
<TextLine HEIGHT="50" WIDTH="1951" VPOS="1672" HPOS="384" LANG="fr" CS="1">
<String CONTENT="3" HEIGHT="40" WIDTH="28" VPOS="1676" HPOS="384"/>
<SP HEIGHT="40" WIDTH="22" VPOS="1676" HPOS="413"/>
<String CS="1" CONTENT="v." HEIGHT="8" WIDTH="8" VPOS="1708" HPOS="471"/>
<SP HEIGHT="41" WIDTH="53" VPOS="1675" HPOS="480"/>
<String CONTENT="illus." HEIGHT="39" WIDTH="130" VPOS="1675" HPOS="534"/>
<SP HEIGHT="48" WIDTH="27" VPOS="1674" HPOS="665"/>
<String CS="1" CONTENT="(incl." HEIGHT="48" WIDTH="139" VPOS="1674" HPOS="693"/>
<SP HEIGHT="48" WIDTH="21" VPOS="1674" HPOS="833"/>
<String CONTENT="plans," HEIGHT="47" WIDTH="155" VPOS="1675" HPOS="855"/>
<SP HEIGHT="38" WIDTH="25" VPOS="1684" HPOS="1011"/>
<String LANG="en-US" CONTENT="music)" HEIGHT="50" WIDTH="180" VPOS="1672" HPOS="1037"/>
<SP HEIGHT="48" WIDTH="33" VPOS="1674" HPOS="1218"/>
<String CONTENT="plates" HEIGHT="48" WIDTH="159" VPOS="1673" HPOS="1252"/>
<SP HEIGHT="48" WIDTH="26" VPOS="1673" HPOS="1412"/>
<String CONTENT="(part" HEIGHT="48" WIDTH="135" VPOS="1673" HPOS="1439"/>
<SP HEIGHT="38" WIDTH="26" VPOS="1676" HPOS="1575"/>
<String CONTENT="col.)" HEIGHT="46" WIDTH="111" VPOS="1674" HPOS="1602"/>
<SP HEIGHT="47" WIDTH="33" VPOS="1674" HPOS="1714"/>
<String CONTENT="ports.," HEIGHT="47" WIDTH="166" VPOS="1675" HPOS="1748"/>
<SP HEIGHT="49" WIDTH="26" VPOS="1673" HPOS="1915"/>
<String CONTENT="facsims." HEIGHT="40" WIDTH="216" VPOS="1673" HPOS="1942"/>
<SP HEIGHT="39" WIDTH="56" VPOS="1676" HPOS="2159"/>
<String CONTENT="29" HEIGHT="40" WIDTH="58" VPOS="1676" HPOS="2216"/>
<String STYLE="superscript" CONTENT="cm" HEIGHT="21" WIDTH="45" VPOS="1679" HPOS="2275"/>
<String CONTENT="." HEIGHT="10" WIDTH="10" VPOS="1708" HPOS="2325"/>
</TextLine>
<TextLine HEIGHT="50" WIDTH="1946" VPOS="1730" HPOS="387" LANG="fr">
<String CONTENT="&#8220;Toute" HEIGHT="40" WIDTH="186" VPOS="1733" HPOS="387"/>
<SP HEIGHT="29" WIDTH="30" VPOS="1743" HPOS="574"/>
<String CONTENT="une" HEIGHT="30" WIDTH="94" VPOS="1743" HPOS="605"/>
<SP HEIGHT="38" WIDTH="31" VPOS="1742" HPOS="700"/>
<String CONTENT="part" HEIGHT="46" WIDTH="113" VPOS="1734" HPOS="732"/>
<SP HEIGHT="40" WIDTH="32" VPOS="1732" HPOS="846"/>
<String CONTENT="du" HEIGHT="39" WIDTH="65" VPOS="1732" HPOS="879"/>
<SP HEIGHT="38" WIDTH="33" VPOS="1734" HPOS="945"/>
<String CONTENT="texte," HEIGHT="45" WIDTH="147" VPOS="1733" HPOS="979"/>
<SP HEIGHT="46" WIDTH="34" VPOS="1732" HPOS="1127"/>
<String CONTENT="dans" HEIGHT="39" WIDTH="123" VPOS="1732" HPOS="1162"/>
<SP HEIGHT="30" WIDTH="33" VPOS="1741" HPOS="1286"/>
<String CONTENT="chacun" HEIGHT="39" WIDTH="187" VPOS="1731" HPOS="1320"/>
<SP HEIGHT="39" WIDTH="34" VPOS="1732" HPOS="1508"/>
<String CONTENT="des" HEIGHT="39" WIDTH="83" VPOS="1732" HPOS="1543"/>
<SP HEIGHT="30" WIDTH="33" VPOS="1741" HPOS="1627"/>
<String CONTENT="cinq" HEIGHT="49" WIDTH="109" VPOS="1730" HPOS="1661"/>
<SP HEIGHT="38" WIDTH="32" VPOS="1741" HPOS="1771"/>
<String CONTENT="volumes," HEIGHT="49" WIDTH="230" VPOS="1731" HPOS="1804"/>
<SP HEIGHT="38" WIDTH="34" VPOS="1742" HPOS="2035"/>
<String CONTENT="est" HEIGHT="37" WIDTH="74" VPOS="1735" HPOS="2070"/>
<SP HEIGHT="39" WIDTH="34" VPOS="1734" HPOS="2145"/>
<String CONTENT="de" HEIGHT="39" WIDTH="58" VPOS="1734" HPOS="2180"/>
<SP HEIGHT="30" WIDTH="32" VPOS="1743" HPOS="2239"/>
<String CONTENT="m." HEIGHT="30" WIDTH="61" VPOS="1745" HPOS="2272"/>
</TextLine>
<TextLine HEIGHT="53" WIDTH="2021" VPOS="1787" HPOS="314" LANG="fr">
<String CONTENT="Jacques" HEIGHT="47" WIDTH="212" VPOS="1791" HPOS="314"/>
<SP HEIGHT="39" WIDTH="26" VPOS="1791" HPOS="527"/>
<String CONTENT="de" HEIGHT="39" WIDTH="59" VPOS="1791" HPOS="554"/>
<SP HEIGHT="39" WIDTH="25" VPOS="1791" HPOS="614"/>
<String CONTENT="Montbrial," HEIGHT="49" WIDTH="281" VPOS="1787" HPOS="640"/>
<SP HEIGHT="37" WIDTH="28" VPOS="1799" HPOS="922"/>
<String CONTENT="et" HEIGHT="38" WIDTH="47" VPOS="1791" HPOS="951"/>
<SP HEIGHT="38" WIDTH="28" VPOS="1791" HPOS="999"/>
<String CONTENT="toutes" HEIGHT="37" WIDTH="162" VPOS="1791" HPOS="1028"/>
<SP HEIGHT="39" WIDTH="26" VPOS="1789" HPOS="1191"/>
<String CONTENT="les" HEIGHT="39" WIDTH="70" VPOS="1789" HPOS="1218"/>
<SP HEIGHT="40" WIDTH="27" VPOS="1788" HPOS="1289"/>
<String CONTENT="illustrations" HEIGHT="41" WIDTH="333" VPOS="1787" HPOS="1317"/>
<SP HEIGHT="29" WIDTH="24" VPOS="1799" HPOS="1651"/>
<String CONTENT="ont" HEIGHT="38" WIDTH="88" VPOS="1791" HPOS="1676"/>
<SP HEIGHT="42" WIDTH="25" VPOS="1787" HPOS="1765"/>
<String CONTENT="&#233;t&#233;" HEIGHT="42" WIDTH="76" VPOS="1787" HPOS="1791"/>
<SP HEIGHT="41" WIDTH="26" VPOS="1787" HPOS="1868"/>
<String CONTENT="rassembl&#233;es" HEIGHT="44" WIDTH="321" VPOS="1787" HPOS="1895"/>
<SP HEIGHT="39" WIDTH="26" VPOS="1801" HPOS="2217"/>
<String CONTENT="par" HEIGHT="39" WIDTH="91" VPOS="1801" HPOS="2244"/>
</TextLine>
<TextLine HEIGHT="42" WIDTH="548" VPOS="1846" HPOS="311">
<String LANG="fr" CONTENT="mme." HEIGHT="30" WIDTH="138" VPOS="1858" HPOS="311"/>
<SP HEIGHT="40" WIDTH="29" VPOS="1848" HPOS="450"/>
<String LANG="en-US" CONTENT="Horn.&#8221;" HEIGHT="41" WIDTH="182" VPOS="1846" HPOS="480"/>
<String LANG="fr" CONTENT="&#8212;Pref." HEIGHT="40" WIDTH="194" VPOS="1847" HPOS="665"/>
</TextLine>
<TextLine HEIGHT="49" WIDTH="1950" VPOS="1902" HPOS="385" LANG="fr" CS="1">
<String CONTENT="Vol." HEIGHT="41" WIDTH="103" VPOS="1905" HPOS="385"/>
<SP HEIGHT="31" WIDTH="38" VPOS="1915" HPOS="489"/>
<String CS="1" CONTENT="III"/>
<SP HEIGHT="40" WIDTH="38" VPOS="1904" HPOS="591"/>
<String CONTENT="&#8220;avec" HEIGHT="41" WIDTH="146" VPOS="1904" HPOS="630"/>
<SP HEIGHT="39" WIDTH="36" VPOS="1906" HPOS="777"/>
<String CONTENT="la" HEIGHT="38" WIDTH="46" VPOS="1906" HPOS="814"/>
<SP HEIGHT="29" WIDTH="41" VPOS="1915" HPOS="861"/>
<String CONTENT="collaboration" HEIGHT="42" WIDTH="356" VPOS="1902" HPOS="903"/>
<SP HEIGHT="39" WIDTH="38" VPOS="1904" HPOS="1260"/>
<String CONTENT="de" HEIGHT="39" WIDTH="58" VPOS="1904" HPOS="1299"/>
<SP HEIGHT="40" WIDTH="39" VPOS="1903" HPOS="1358"/>
<String CONTENT="Jacques" HEIGHT="48" WIDTH="211" VPOS="1903" HPOS="1398"/>
<SP HEIGHT="39" WIDTH="40" VPOS="1905" HPOS="1610"/>
<String CONTENT="de" HEIGHT="39" WIDTH="56" VPOS="1905" HPOS="1651"/>
<SP HEIGHT="39" WIDTH="40" VPOS="1904" HPOS="1708"/>
<String CONTENT="Montbrial," HEIGHT="47" WIDTH="281" VPOS="1903" HPOS="1749"/>
<SP HEIGHT="44" WIDTH="40" VPOS="1906" HPOS="2031"/>
<String CONTENT="de" HEIGHT="38" WIDTH="59" VPOS="1906" HPOS="2072"/>
<SP HEIGHT="41" WIDTH="40" VPOS="1905" HPOS="2132"/>
<String CONTENT="Claire" HEIGHT="42" WIDTH="162" VPOS="1904" HPOS="2173"/>
</TextLine>
<TextLine HEIGHT="50" WIDTH="1243" VPOS="1959" HPOS="315" LANG="fr">
<String CONTENT="&#201;liane" HEIGHT="42" WIDTH="170" VPOS="1961" HPOS="315"/>
<SP HEIGHT="40" WIDTH="26" VPOS="1963" HPOS="486"/>
<String LANG="en-US" CONTENT="Engel" HEIGHT="46" WIDTH="150" VPOS="1963" HPOS="513"/>
<SP HEIGHT="39" WIDTH="28" VPOS="1963" HPOS="664"/>
<String CONTENT="et" HEIGHT="37" WIDTH="47" VPOS="1965" HPOS="693"/>
<SP HEIGHT="39" WIDTH="27" VPOS="1963" HPOS="741"/>
<String CONTENT="de" HEIGHT="38" WIDTH="57" VPOS="1963" HPOS="769"/>
<SP HEIGHT="39" WIDTH="27" VPOS="1962" HPOS="827"/>
<String CONTENT="Madeleine" HEIGHT="40" WIDTH="272" VPOS="1961" HPOS="855"/>
<SP HEIGHT="40" WIDTH="27" VPOS="1960" HPOS="1128"/>
<String CONTENT="Horn-Monval&#8221;." HEIGHT="41" WIDTH="402" VPOS="1959" HPOS="1156"/>
</TextLine>
<TextLine HEIGHT="54" WIDTH="2016" VPOS="2014" HPOS="316" CS="1">
<String LANG="fr" CONTENT="t." HEIGHT="38" WIDTH="32" VPOS="2022" HPOS="316"/>
<SP HEIGHT="39" WIDTH="24" VPOS="2021" HPOS="349"/>
<String LANG="fr" CONTENT="1," HEIGHT="46" WIDTH="38" VPOS="2021" HPOS="374"/>
<SP HEIGHT="52" WIDTH="27" VPOS="2016" HPOS="413"/>
<String LANG="fr" CONTENT="&#169;" HEIGHT="52" WIDTH="52" VPOS="2016" HPOS="441"/>
<SP HEIGHT="52" WIDTH="25" VPOS="2016" HPOS="494"/>
<String LANG="fr" CONTENT="Oct." HEIGHT="40" WIDTH="102" VPOS="2020" HPOS="520"/>
<SP HEIGHT="38" WIDTH="25" VPOS="2021" HPOS="623"/>
<String LANG="fr" CONTENT="7," HEIGHT="46" WIDTH="40" VPOS="2021" HPOS="649"/>
<SP HEIGHT="47" WIDTH="23" VPOS="2020" HPOS="690"/>
<String LANG="fr" CS="1" CONTENT="1931;" HEIGHT="41" WIDTH="113" VPOS="2018" HPOS="714"/>
<SP HEIGHT="43" WIDTH="27" VPOS="2022" HPOS="857"/>
<String LANG="fr" CONTENT="t." HEIGHT="38" WIDTH="33" VPOS="2022" HPOS="885"/>
<SP HEIGHT="41" WIDTH="24" VPOS="2019" HPOS="919"/>
<String LANG="fr" CONTENT="2," HEIGHT="46" WIDTH="39" VPOS="2019" HPOS="944"/>
<SP HEIGHT="52" WIDTH="28" VPOS="2014" HPOS="984"/>
<String LANG="fr" CONTENT="&#169;" HEIGHT="52" WIDTH="57" VPOS="2014" HPOS="1013"/>
<SP HEIGHT="52" WIDTH="22" VPOS="2014" HPOS="1071"/>
<String LANG="fr" CONTENT="Feb." HEIGHT="39" WIDTH="109" VPOS="2019" HPOS="1094"/>
<SP HEIGHT="39" WIDTH="26" VPOS="2019" HPOS="1204"/>
<String LANG="fr" CONTENT="10," HEIGHT="50" WIDTH="68" VPOS="2017" HPOS="1231"/>
<SP HEIGHT="48" WIDTH="25" VPOS="2019" HPOS="1300"/>
<String LANG="fr" CS="1" CONTENT="1932;" HEIGHT="42" WIDTH="114" VPOS="2016" HPOS="1326"/>
<SP HEIGHT="45" WIDTH="28" VPOS="2020" HPOS="1469"/>
<String LANG="fr" CONTENT="t." HEIGHT="38" WIDTH="33" VPOS="2020" HPOS="1498"/>
<SP HEIGHT="39" WIDTH="24" VPOS="2019" HPOS="1532"/>
<String LANG="fr" CONTENT="3," HEIGHT="45" WIDTH="40" VPOS="2019" HPOS="1557"/>
<SP HEIGHT="52" WIDTH="28" VPOS="2014" HPOS="1598"/>
<String LANG="fr" CONTENT="&#169;" HEIGHT="52" WIDTH="51" VPOS="2014" HPOS="1627"/>
<SP HEIGHT="52" WIDTH="26" VPOS="2014" HPOS="1679"/>
<String LANG="en-US" CONTENT="June" HEIGHT="40" WIDTH="126" VPOS="2018" HPOS="1706"/>
<SP HEIGHT="39" WIDTH="24" VPOS="2020" HPOS="1833"/>
<String LANG="fr" CS="1" CONTENT="30;" HEIGHT="42" WIDTH="60" VPOS="2017" HPOS="1858"/>
<SP/>
<String LANG="fr" CS="1" CONTENT="1c."/>
<SP/>
<String LANG="en-US" CONTENT="each" HEIGHT="39" WIDTH="119" VPOS="2019" HPOS="2065"/>
<SP HEIGHT="39" WIDTH="25" VPOS="2019" HPOS="2185"/>
<String LANG="en-US" CONTENT="Aug." HEIGHT="46" WIDTH="121" VPOS="2020" HPOS="2211"/>
</TextLine>
<TextLine HEIGHT="50" WIDTH="1584" VPOS="2075" HPOS="385" LANG="fr">
<String CONTENT="29;" HEIGHT="48" WIDTH="82" VPOS="2076" HPOS="385"/>
<SP HEIGHT="46" WIDTH="32" VPOS="2078" HPOS="468"/>
<!-- cceid 3CACE748-6CF9-1014-A6CF-A82867D68027 --><String CONTENT="A-" HEIGHT="38" WIDTH="102" VPOS="2078" HPOS="501"/>
<String LANG="en-US" CONTENT="Foreign" HEIGHT="49" WIDTH="210" VPOS="2076" HPOS="606"/>
<SP HEIGHT="39" WIDTH="27" VPOS="2077" HPOS="817"/>
<String CONTENT="17839;" HEIGHT="48" WIDTH="172" VPOS="2075" HPOS="845"/>
<SP HEIGHT="47" WIDTH="31" VPOS="2076" HPOS="1018"/>
<String CONTENT="Librairie" HEIGHT="41" WIDTH="244" VPOS="2075" HPOS="1050"/>
<SP HEIGHT="38" WIDTH="29" VPOS="2078" HPOS="1295"/>
<String CONTENT="de" HEIGHT="38" WIDTH="57" VPOS="2078" HPOS="1325"/>
<SP HEIGHT="40" WIDTH="30" VPOS="2076" HPOS="1383"/>
<String CONTENT="France." HEIGHT="40" WIDTH="202" VPOS="2076" HPOS="1414"/>
<SP HEIGHT="49" WIDTH="68" VPOS="2075" HPOS="1617"/>
<String CONTENT="(32-18695)" HEIGHT="50" WIDTH="283" VPOS="2075" HPOS="1686"/>
</TextLine>
<TextLine HEIGHT="68" WIDTH="703" VPOS="2151" HPOS="315" STYLEREFS="StyleId-CA44AEEC-A90A-4E22-92C5-A44606078DA2-" LANG="fr">
<String CONTENT="Eldridge," HEIGHT="68" WIDTH="301" VPOS="2151" HPOS="315"/>
<SP HEIGHT="66" WIDTH="26" VPOS="2153" HPOS="617"/>
<String CONTENT="Paul," HEIGHT="66" WIDTH="166" VPOS="2152" HPOS="644"/>
<SP HEIGHT="59" WIDTH="32" VPOS="2159" HPOS="811"/>
<String CONTENT="1888-" HEIGHT="50" WIDTH="174" VPOS="2158" HPOS="844"/>
</TextLine>
<TextLine HEIGHT="71" WIDTH="1687" VPOS="2227" HPOS="448" STYLEREFS="StyleId-CA44AEEC-A90A-4E22-92C5-A44606078DA2-" LANG="fr" CS="1">
<String CS="1" CONTENT="&#8230;"/>
<SP HEIGHT="57" WIDTH="37" VPOS="2229" HPOS="448"/>
<String LANG="en-US" CONTENT="One" HEIGHT="57" WIDTH="125" VPOS="2229" HPOS="486"/>
<SP HEIGHT="34" WIDTH="32" VPOS="2249" HPOS="612"/>
<String LANG="en-US" CONTENT="man" HEIGHT="34" WIDTH="135" VPOS="2249" HPOS="645"/>
<SP HEIGHT="35" WIDTH="32" VPOS="2249" HPOS="781"/>
<String CONTENT="show." HEIGHT="54" WIDTH="173" VPOS="2230" HPOS="814"/>
<SP HEIGHT="54" WIDTH="70" VPOS="2229" HPOS="988"/>
<String CONTENT="New" HEIGHT="54" WIDTH="140" VPOS="2229" HPOS="1059"/>
<SP HEIGHT="53" WIDTH="35" VPOS="2229" HPOS="1200"/>
<String CONTENT="York," HEIGHT="70" WIDTH="182" VPOS="2228" HPOS="1236"/>
<SP HEIGHT="70" WIDTH="31" VPOS="2228" HPOS="1419"/>
<String CONTENT="Liveright," HEIGHT="71" WIDTH="323" VPOS="2227" HPOS="1451"/>
<SP HEIGHT="69" WIDTH="32" VPOS="2229" HPOS="1775"/>
<String CONTENT="inc." HEIGHT="53" WIDTH="109" VPOS="2229" HPOS="1808"/>
<SP HEIGHT="35" WIDTH="42" VPOS="2262" HPOS="1918"/>
<String CS="1" CONTENT="["/>
<String STYLE="superscript" CONTENT="c" HEIGHT="22" WIDTH="19" VPOS="2235" HPOS="1978"/>
<String CS="1" CONTENT="1933]" HEIGHT="50" WIDTH="133" VPOS="2232" HPOS="2002"/>
</TextLine>
<TextLine HEIGHT="71" WIDTH="593" VPOS="2282" HPOS="383" LANG="fr" CS="1">
<String CONTENT="5" HEIGHT="40" WIDTH="26" VPOS="2305" HPOS="383"/>
<SP HEIGHT="48" WIDTH="23" VPOS="2305" HPOS="410"/>
<String CONTENT="p." HEIGHT="39" WIDTH="44" VPOS="2314" HPOS="434"/>
<SP HEIGHT="65" WIDTH="22" VPOS="2282" HPOS="479"/>
<String CS="1" CONTENT="l.," HEIGHT="17" WIDTH="10" VPOS="2335" HPOS="540"/>
<SP HEIGHT="49" WIDTH="26" VPOS="2303" HPOS="551"/>
<String CONTENT="3-312" HEIGHT="43" WIDTH="147" VPOS="2302" HPOS="578"/>
<SP HEIGHT="47" WIDTH="24" VPOS="2305" HPOS="726"/>
<String CONTENT="p." HEIGHT="38" WIDTH="44" VPOS="2314" HPOS="751"/>
<SP HEIGHT="42" WIDTH="60" VPOS="2303" HPOS="796"/>
<String CS="1" CONTENT="21cm." HEIGHT="41" WIDTH="119" VPOS="2303" HPOS="857"/>
</TextLine>
<TextLine HEIGHT="49" WIDTH="983" VPOS="2359" HPOS="385" LANG="en-US" CS="1">
<String CONTENT="At" HEIGHT="41" WIDTH="64" VPOS="2361" HPOS="385"/>
<SP HEIGHT="41" WIDTH="21" VPOS="2361" HPOS="450"/>
<String CONTENT="head" HEIGHT="42" WIDTH="126" VPOS="2361" HPOS="472"/>
<SP HEIGHT="39" WIDTH="25" VPOS="2363" HPOS="599"/>
<String CONTENT="of" HEIGHT="41" WIDTH="52" VPOS="2361" HPOS="625"/>
<SP HEIGHT="41" WIDTH="25" VPOS="2361" HPOS="678"/>
<String CS="1" CONTENT="title:" HEIGHT="41" WIDTH="108" VPOS="2361" HPOS="704"/>
<SP HEIGHT="40" WIDTH="28" VPOS="2361" HPOS="841"/>
<String CONTENT="By" HEIGHT="46" WIDTH="73" VPOS="2361" HPOS="870"/>
<SP HEIGHT="47" WIDTH="26" VPOS="2360" HPOS="944"/>
<String CONTENT="Paul" HEIGHT="42" WIDTH="123" VPOS="2359" HPOS="971"/>
<SP HEIGHT="40" WIDTH="25" VPOS="2359" HPOS="1095"/>
<String CONTENT="Eldridge." HEIGHT="49" WIDTH="247" VPOS="2359" HPOS="1121"/>
</TextLine>
<TextLine HEIGHT="52" WIDTH="2017" VPOS="2417" HPOS="319" LANG="en-US" CS="1">
<String CONTENT="&#169;" HEIGHT="52" WIDTH="52" VPOS="2417" HPOS="319"/>
<SP HEIGHT="52" WIDTH="30" VPOS="2417" HPOS="372"/>
<String CONTENT="Feb." HEIGHT="40" WIDTH="112" VPOS="2421" HPOS="403"/>
<SP HEIGHT="40" WIDTH="29" VPOS="2421" HPOS="516"/>
<String CONTENT="14," HEIGHT="46" WIDTH="68" VPOS="2421" HPOS="546"/>
<SP HEIGHT="46" WIDTH="29" VPOS="2421" HPOS="615"/>
<String CS="1" CONTENT="1933;" HEIGHT="41" WIDTH="114" VPOS="2420" HPOS="645"/>
<SP HEIGHT="48" WIDTH="30" VPOS="2420" HPOS="788"/>
<String CONTENT="2c." HEIGHT="40" WIDTH="70" VPOS="2420" HPOS="819"/>
<SP HEIGHT="39" WIDTH="30" VPOS="2421" HPOS="890"/>
<String CONTENT="Mar." HEIGHT="39" WIDTH="122" VPOS="2421" HPOS="921"/>
<SP HEIGHT="42" WIDTH="29" VPOS="2418" HPOS="1044"/>
<String CS="1" CONTENT="22;" HEIGHT="40" WIDTH="56" VPOS="2418" HPOS="1074"/>
<SP HEIGHT="37" WIDTH="32" VPOS="2430" HPOS="1158"/>
<String CONTENT="aff." HEIGHT="41" WIDTH="83" VPOS="2419" HPOS="1191"/>
<SP HEIGHT="40" WIDTH="30" VPOS="2420" HPOS="1275"/>
<String CONTENT="Mar." HEIGHT="39" WIDTH="122" VPOS="2420" HPOS="1306"/>
<SP HEIGHT="39" WIDTH="31" VPOS="2419" HPOS="1429"/>
<String CS="1" CONTENT="21;" HEIGHT="40" WIDTH="57" VPOS="2419" HPOS="1461"/>
<SP HEIGHT="47" WIDTH="31" VPOS="2420" HPOS="1546"/>
<!-- cceid 3CAD9E92-6CF9-1014-A6CF-A82867D68027 --><String CONTENT="A" HEIGHT="38" WIDTH="42" VPOS="2420" HPOS="1578"/>
<SP HEIGHT="40" WIDTH="29" VPOS="2419" HPOS="1621"/>
<String CS="1" CONTENT="60744;" HEIGHT="41" WIDTH="144" VPOS="2419" HPOS="1651"/>
<SP HEIGHT="47" WIDTH="34" VPOS="2420" HPOS="1822"/>
<String CONTENT="P." HEIGHT="41" WIDTH="51" VPOS="2420" HPOS="1857"/>
<SP HEIGHT="40" WIDTH="31" VPOS="2421" HPOS="1909"/>
<String CONTENT="Eldridge," HEIGHT="49" WIDTH="245" VPOS="2418" HPOS="1941"/>
<SP HEIGHT="47" WIDTH="30" VPOS="2420" HPOS="2187"/>
<String CONTENT="New" HEIGHT="39" WIDTH="118" VPOS="2420" HPOS="2218"/>
</TextLine>
<TextLine HEIGHT="49" WIDTH="470" VPOS="2477" HPOS="386" LANG="en-US">
<String CONTENT="York." HEIGHT="41" WIDTH="146" VPOS="2478" HPOS="386"/>
<SP HEIGHT="48" WIDTH="69" VPOS="2478" HPOS="533"/>
<String CONTENT="(33-6788)" HEIGHT="49" WIDTH="253" VPOS="2477" HPOS="603"/>
</TextLine>
<TextLine HEIGHT="64" WIDTH="489" VPOS="2555" HPOS="315" STYLEREFS="StyleId-CA44AEEC-A90A-4E22-92C5-A44606078DA2-" LANG="en-US">
<String CONTENT="Ellard," HEIGHT="64" WIDTH="221" VPOS="2555" HPOS="315"/>
<SP HEIGHT="63" WIDTH="31" VPOS="2556" HPOS="537"/>
<String CONTENT="Gerald." HEIGHT="55" WIDTH="235" VPOS="2555" HPOS="569"/>
</TextLine>
<TextLine HEIGHT="72" WIDTH="1946" VPOS="2628" HPOS="386" STYLEREFS="StyleId-CA44AEEC-A90A-4E22-92C5-A44606078DA2-" LANG="en-US" CS="1">
<String CONTENT="Ordination" HEIGHT="56" WIDTH="351" VPOS="2632" HPOS="386"/>
<SP HEIGHT="34" WIDTH="26" VPOS="2651" HPOS="738"/>
<String CONTENT="anointings" HEIGHT="69" WIDTH="331" VPOS="2631" HPOS="765"/>
<SP HEIGHT="54" WIDTH="24" VPOS="2631" HPOS="1097"/>
<String CONTENT="in" HEIGHT="53" WIDTH="59" VPOS="2631" HPOS="1122"/>
<SP HEIGHT="47" WIDTH="24" VPOS="2637" HPOS="1182"/>
<String CONTENT="the" HEIGHT="52" WIDTH="96" VPOS="2632" HPOS="1207"/>
<SP HEIGHT="34" WIDTH="23" VPOS="2650" HPOS="1304"/>
<String CONTENT="western" HEIGHT="49" WIDTH="242" VPOS="2635" HPOS="1328"/>
<SP HEIGHT="34" WIDTH="22" VPOS="2650" HPOS="1571"/>
<String CONTENT="church" HEIGHT="54" WIDTH="212" VPOS="2630" HPOS="1594"/>
<SP HEIGHT="53" WIDTH="21" VPOS="2630" HPOS="1807"/>
<String CONTENT="before" HEIGHT="55" WIDTH="198" VPOS="2628" HPOS="1829"/>
<SP HEIGHT="49" WIDTH="26" VPOS="2634" HPOS="2028"/>
<String CONTENT="1000" HEIGHT="52" WIDTH="135" VPOS="2632" HPOS="2055"/>
<SP HEIGHT="51" WIDTH="17" VPOS="2633" HPOS="2191"/>
<String CS="1" CONTENT="A." HEIGHT="10" WIDTH="10" VPOS="2674" HPOS="2252"/>
<SP HEIGHT="35" WIDTH="20" VPOS="2650" HPOS="2263"/>
<String CS="1" CONTENT="D." HEIGHT="10" WIDTH="10" VPOS="2674" HPOS="2322"/>
</TextLine>
<TextLine HEIGHT="152" WIDTH="1997" VPOS="2708" HPOS="314" STYLEREFS="StyleId-CA44AEEC-A90A-4E22-92C5-A44606078DA2-" LANG="en-US" CS="1">
<String CS="1" CONTENT="[by]" HEIGHT="69" WIDTH="76" VPOS="2712" HPOS="337"/>
<SP HEIGHT="69" WIDTH="29" VPOS="2710" HPOS="432"/>
<String CONTENT="Gerald" HEIGHT="57" WIDTH="216" VPOS="2710" HPOS="462"/>
<SP HEIGHT="54" WIDTH="23" VPOS="2710" HPOS="679"/>
<String CONTENT="Ellard" HEIGHT="54" WIDTH="208" VPOS="2710" HPOS="703"/>
<SP HEIGHT="53" WIDTH="29" VPOS="2711" HPOS="912"/>
<String CS="1" CONTENT="&#8230;"/>
<SP HEIGHT="55" WIDTH="65" VPOS="2710" HPOS="999"/>
<String CONTENT="Cambridge," HEIGHT="71" WIDTH="369" VPOS="2708" HPOS="1065"/>
<SP HEIGHT="69" WIDTH="20" VPOS="2710" HPOS="1435"/>
<String CONTENT="Mass.," HEIGHT="69" WIDTH="194" VPOS="2710" HPOS="1456"/>
<SP HEIGHT="69" WIDTH="21" VPOS="2710" HPOS="1651"/>
<String CONTENT="The" HEIGHT="54" WIDTH="122" VPOS="2709" HPOS="1673"/>
<SP HEIGHT="53" WIDTH="21" VPOS="2710" HPOS="1796"/>
<String CONTENT="Mediaeval" HEIGHT="55" WIDTH="327" VPOS="2708" HPOS="1818"/>
<SP HEIGHT="53" WIDTH="24" VPOS="2710" HPOS="2146"/>
<String CONTENT="academy" HEIGHT="152" WIDTH="1997" VPOS="2708" HPOS="314"/>
<SP HEIGHT="49" WIDTH="25" VPOS="2811" HPOS="443"/>
<String CONTENT="of" HEIGHT="54" WIDTH="65" VPOS="2791" HPOS="469"/>
<SP HEIGHT="53" WIDTH="22" VPOS="2791" HPOS="535"/>
<String CONTENT="America," HEIGHT="68" WIDTH="288" VPOS="2790" HPOS="558"/>
<SP HEIGHT="64" WIDTH="26" VPOS="2794" HPOS="847"/>
<String CONTENT="1933." HEIGHT="51" WIDTH="152" VPOS="2792" HPOS="874"/>
</TextLine>
<TextLine HEIGHT="52" WIDTH="1949" VPOS="2863" HPOS="386" LANG="en-US" CS="1">
<String CONTENT="xii," HEIGHT="48" WIDTH="84" VPOS="2867" HPOS="386"/>
<SP HEIGHT="47" WIDTH="36" VPOS="2868" HPOS="471"/>
<String CONTENT="123" HEIGHT="40" WIDTH="86" VPOS="2866" HPOS="508"/>
<SP HEIGHT="47" WIDTH="35" VPOS="2867" HPOS="595"/>
<String CONTENT="p." HEIGHT="38" WIDTH="43" VPOS="2876" HPOS="631"/>
<SP HEIGHT="31" WIDTH="61" VPOS="2876" HPOS="675"/>
<String CS="1" CONTENT="VI"/>
<SP HEIGHT="38" WIDTH="32" VPOS="2875" HPOS="789"/>
<String CS="1" CONTENT="pl." HEIGHT="37" WIDTH="63" VPOS="2876" HPOS="822"/>
<SP HEIGHT="49" WIDTH="27" VPOS="2863" HPOS="886"/>
<String CONTENT="(facsims.)" HEIGHT="50" WIDTH="268" VPOS="2863" HPOS="914"/>
<SP HEIGHT="48" WIDTH="43" VPOS="2865" HPOS="1183"/>
<String CONTENT="on" HEIGHT="28" WIDTH="62" VPOS="2877" HPOS="1227"/>
<SP HEIGHT="39" WIDTH="34" VPOS="2866" HPOS="1290"/>
<String CONTENT="3" HEIGHT="39" WIDTH="26" VPOS="2866" HPOS="1325"/>
<SP HEIGHT="39" WIDTH="33" VPOS="2866" HPOS="1352"/>
<String CONTENT="1." HEIGHT="39" WIDTH="32" VPOS="2866" HPOS="1386"/>
<SP HEIGHT="41" WIDTH="58" VPOS="2864" HPOS="1419"/>
<String CONTENT="26" HEIGHT="41" WIDTH="59" VPOS="2864" HPOS="1478"/>
<String STYLE="superscript" CONTENT="cm" HEIGHT="22" WIDTH="44" VPOS="2866" HPOS="1538"/>
<String CONTENT="." HEIGHT="9" WIDTH="8" VPOS="2896" HPOS="1587"/>
<SP/>
<String CONTENT="(Half-title:" HEIGHT="50" WIDTH="301" VPOS="2863" HPOS="1667"/>
<SP HEIGHT="40" WIDTH="35" VPOS="2864" HPOS="1969"/>
<String CONTENT="Monographs" HEIGHT="49" WIDTH="330" VPOS="2863" HPOS="2005"/>
</TextLine>
<TextLine HEIGHT="50" WIDTH="1280" VPOS="2921" HPOS="315" LANG="en-US">
<String CONTENT="of" HEIGHT="42" WIDTH="52" VPOS="2925" HPOS="315"/>
<SP HEIGHT="40" WIDTH="22" VPOS="2925" HPOS="368"/>
<String CONTENT="the" HEIGHT="39" WIDTH="83" VPOS="2926" HPOS="391"/>
<SP HEIGHT="40" WIDTH="23" VPOS="2925" HPOS="475"/>
<String CONTENT="Mediaeval" HEIGHT="41" WIDTH="275" VPOS="2923" HPOS="499"/>
<SP HEIGHT="39" WIDTH="25" VPOS="2924" HPOS="775"/>
<String CONTENT="academy" HEIGHT="48" WIDTH="235" VPOS="2923" HPOS="801"/>
<SP HEIGHT="37" WIDTH="24" VPOS="2934" HPOS="1037"/>
<String CONTENT="of" HEIGHT="39" WIDTH="52" VPOS="2924" HPOS="1062"/>
<SP HEIGHT="40" WIDTH="23" VPOS="2923" HPOS="1115"/>
<String CONTENT="America," HEIGHT="42" WIDTH="241" VPOS="2921" HPOS="1139"/>
<SP HEIGHT="30" WIDTH="57" VPOS="2933" HPOS="1381"/>
<String CONTENT="no." HEIGHT="31" WIDTH="76" VPOS="2933" HPOS="1439"/>
<SP HEIGHT="42" WIDTH="27" VPOS="2922" HPOS="1516"/>
<String CONTENT="8)" HEIGHT="49" WIDTH="51" VPOS="2922" HPOS="1544"/>
</TextLine>
<TextLine HEIGHT="51" WIDTH="913" VPOS="2978" HPOS="387" LANG="en-US">
<String CONTENT="&#8220;Academy" HEIGHT="46" WIDTH="273" VPOS="2983" HPOS="387"/>
<SP HEIGHT="38" WIDTH="29" VPOS="2991" HPOS="661"/>
<String CONTENT="publications," HEIGHT="50" WIDTH="343" VPOS="2979" HPOS="691"/>
<SP HEIGHT="29" WIDTH="58" VPOS="2992" HPOS="1035"/>
<String CONTENT="no." HEIGHT="31" WIDTH="75" VPOS="2990" HPOS="1094"/>
<SP HEIGHT="42" WIDTH="29" VPOS="2979" HPOS="1170"/>
<String CONTENT="16.&#8221;" HEIGHT="43" WIDTH="100" VPOS="2978" HPOS="1200"/>
</TextLine>
<TextLine HEIGHT="51" WIDTH="1669" VPOS="3036" HPOS="389" LANG="en-US" CS="1">
<String CONTENT="&#8220;Presented" HEIGHT="40" WIDTH="294" VPOS="3040" HPOS="389"/>
<SP HEIGHT="39" WIDTH="41" VPOS="3040" HPOS="684"/>
<String CONTENT="to" HEIGHT="39" WIDTH="49" VPOS="3040" HPOS="726"/>
<SP HEIGHT="38" WIDTH="39" VPOS="3041" HPOS="776"/>
<String CONTENT="the" HEIGHT="41" WIDTH="82" VPOS="3038" HPOS="816"/>
<SP HEIGHT="40" WIDTH="37" VPOS="3038" HPOS="899"/>
<String CONTENT="Ludwig-Maximilian" HEIGHT="51" WIDTH="537" VPOS="3036" HPOS="937"/>
<SP HEIGHT="28" WIDTH="39" VPOS="3050" HPOS="1475"/>
<String CONTENT="university," HEIGHT="49" WIDTH="288" VPOS="3036" HPOS="1515"/>
<SP HEIGHT="47" WIDTH="40" VPOS="3038" HPOS="1804"/>
<String CONTENT="Munich," HEIGHT="50" WIDTH="213" VPOS="3036" HPOS="1845"/>
</TextLine>
<TextLine HEIGHT="156" WIDTH="2002" VPOS="3047" HPOS="315" LANG="en-US" CS="1">
<String CONTENT="as" HEIGHT="32" WIDTH="55" VPOS="3047" HPOS="2099"/>
<SP HEIGHT="30" WIDTH="39" VPOS="3049" HPOS="2155"/>
<String CONTENT="a" HEIGHT="30" WIDTH="28" VPOS="3049" HPOS="2195"/>
<SP HEIGHT="30" WIDTH="40" VPOS="3049" HPOS="2224"/>
<String CONTENT="requirement" HEIGHT="98" WIDTH="2001" VPOS="3049" HPOS="315"/>
<SP HEIGHT="41" WIDTH="26" VPOS="3096" HPOS="590"/>
<String CONTENT="for" HEIGHT="40" WIDTH="80" VPOS="3096" HPOS="617"/>
<SP HEIGHT="29" WIDTH="26" VPOS="3107" HPOS="698"/>
<String CONTENT="candidacy" HEIGHT="48" WIDTH="271" VPOS="3095" HPOS="725"/>
<SP HEIGHT="47" WIDTH="25" VPOS="3096" HPOS="997"/>
<String CONTENT="for" HEIGHT="40" WIDTH="81" VPOS="3096" HPOS="1023"/>
<SP HEIGHT="38" WIDTH="27" VPOS="3098" HPOS="1105"/>
<String CONTENT="the" HEIGHT="39" WIDTH="82" VPOS="3097" HPOS="1133"/>
<SP HEIGHT="39" WIDTH="26" VPOS="3097" HPOS="1216"/>
<String CONTENT="degree" HEIGHT="47" WIDTH="174" VPOS="3097" HPOS="1243"/>
<SP HEIGHT="29" WIDTH="26" VPOS="3107" HPOS="1418"/>
<String CONTENT="of" HEIGHT="40" WIDTH="52" VPOS="3096" HPOS="1445"/>
<SP HEIGHT="40" WIDTH="26" VPOS="3096" HPOS="1498"/>
<String CONTENT="doctor" HEIGHT="40" WIDTH="169" VPOS="3097" HPOS="1525"/>
<SP HEIGHT="30" WIDTH="25" VPOS="3105" HPOS="1695"/>
<String CONTENT="of" HEIGHT="39" WIDTH="51" VPOS="3096" HPOS="1721"/>
<SP HEIGHT="49" WIDTH="26" VPOS="3096" HPOS="1773"/>
<String CONTENT="philosophy," HEIGHT="51" WIDTH="305" VPOS="3094" HPOS="1800"/>
<SP HEIGHT="49" WIDTH="26" VPOS="3096" HPOS="2106"/>
<String CONTENT="November," HEIGHT="107" WIDTH="2001" VPOS="3096" HPOS="316"/>
<SP HEIGHT="47" WIDTH="26" VPOS="3156" HPOS="414"/>
<String CONTENT="1930.&#8221;&#8212;p." HEIGHT="49" WIDTH="267" VPOS="3153" HPOS="441"/>
<SP HEIGHT="30" WIDTH="31" VPOS="3173" HPOS="709"/>
<String CS="1" CONTENT="[iv]" HEIGHT="50" WIDTH="76" VPOS="3153" HPOS="741"/>
</TextLine>
<TextLine HEIGHT="109" WIDTH="2000" VPOS="3208" HPOS="317" LANG="en-US" CS="1">
<String CONTENT="&#8220;Early" HEIGHT="46" WIDTH="178" VPOS="3211" HPOS="388"/>
<SP HEIGHT="37" WIDTH="33" VPOS="3220" HPOS="567"/>
<String CONTENT="sacramentaries," HEIGHT="50" WIDTH="425" VPOS="3210" HPOS="601"/>
<SP HEIGHT="40" WIDTH="32" VPOS="3220" HPOS="1027"/>
<String CONTENT="pontificals," HEIGHT="49" WIDTH="291" VPOS="3208" HPOS="1060"/>
<SP HEIGHT="37" WIDTH="32" VPOS="3220" HPOS="1352"/>
<String CONTENT="and" HEIGHT="38" WIDTH="96" VPOS="3212" HPOS="1385"/>
<SP HEIGHT="39" WIDTH="30" VPOS="3212" HPOS="1482"/>
<String CONTENT="ordinals" HEIGHT="42" WIDTH="220" VPOS="3209" HPOS="1513"/>
<SP HEIGHT="42" WIDTH="33" VPOS="3209" HPOS="1734"/>
<String CONTENT="in" HEIGHT="41" WIDTH="51" VPOS="3209" HPOS="1768"/>
<SP HEIGHT="31" WIDTH="31" VPOS="3220" HPOS="1820"/>
<String CONTENT="which" HEIGHT="41" WIDTH="161" VPOS="3210" HPOS="1852"/>
<SP HEIGHT="41" WIDTH="30" VPOS="3210" HPOS="2014"/>
<String CONTENT="no" HEIGHT="30" WIDTH="63" VPOS="3221" HPOS="2045"/>
<SP HEIGHT="31" WIDTH="32" VPOS="3221" HPOS="2109"/>
<String CONTENT="ordination" HEIGHT="101" WIDTH="2000" VPOS="3210" HPOS="317"/>
<SP HEIGHT="28" WIDTH="27" VPOS="3280" HPOS="421"/>
<String CONTENT="ritual" HEIGHT="41" WIDTH="152" VPOS="3268" HPOS="449"/>
<SP HEIGHT="41" WIDTH="26" VPOS="3267" HPOS="602"/>
<String CONTENT="is" HEIGHT="41" WIDTH="43" VPOS="3267" HPOS="629"/>
<SP HEIGHT="40" WIDTH="25" VPOS="3268" HPOS="673"/>
<String CS="1" CONTENT="found&#8221;:" HEIGHT="41" WIDTH="183" VPOS="3267" HPOS="699"/>
<SP HEIGHT="38" WIDTH="29" VPOS="3279" HPOS="912"/>
<String CONTENT="p." HEIGHT="38" WIDTH="44" VPOS="3279" HPOS="942"/>
<SP HEIGHT="39" WIDTH="27" VPOS="3269" HPOS="987"/>
<String CONTENT="105-111." HEIGHT="41" WIDTH="218" VPOS="3267" HPOS="1015"/>
</TextLine>
<TextLine HEIGHT="52" WIDTH="1946" VPOS="3323" HPOS="389" LANG="en-US" CS="1">
<String CONTENT="&#8220;Books" HEIGHT="41" WIDTH="191" VPOS="3326" HPOS="389"/>
<SP HEIGHT="31" WIDTH="42" VPOS="3336" HPOS="581"/>
<String CONTENT="most" HEIGHT="38" WIDTH="126" VPOS="3328" HPOS="624"/>
<SP HEIGHT="40" WIDTH="43" VPOS="3326" HPOS="751"/>
<String CONTENT="frequently" HEIGHT="47" WIDTH="283" VPOS="3326" HPOS="795"/>
<SP HEIGHT="37" WIDTH="43" VPOS="3336" HPOS="1079"/>
<String CS="1" CONTENT="cited&#8221;:" HEIGHT="43" WIDTH="157" VPOS="3323" HPOS="1123"/>
<SP HEIGHT="38" WIDTH="45" VPOS="3336" HPOS="1310"/>
<String CONTENT="p." HEIGHT="38" WIDTH="44" VPOS="3336" HPOS="1356"/>
<SP HEIGHT="30" WIDTH="43" VPOS="3337" HPOS="1401"/>
<String CS="1" CONTENT="xi-xii;" HEIGHT="41" WIDTH="155" VPOS="3324" HPOS="1445"/>
<SP HEIGHT="49" WIDTH="48" VPOS="3325" HPOS="1629"/>
<String CONTENT="&#8220;Index" HEIGHT="42" WIDTH="183" VPOS="3325" HPOS="1678"/>
<SP HEIGHT="31" WIDTH="43" VPOS="3336" HPOS="1862"/>
<String CONTENT="of" HEIGHT="41" WIDTH="54" VPOS="3326" HPOS="1906"/>
<SP HEIGHT="41" WIDTH="41" VPOS="3326" HPOS="1961"/>
<String CONTENT="manuscripts" HEIGHT="50" WIDTH="332" VPOS="3325" HPOS="2003"/>
</TextLine>
<TextLine HEIGHT="51" WIDTH="510" VPOS="3381" HPOS="316" LANG="en-US" CS="1">
<String CS="1" CONTENT="cited&#8221;:" HEIGHT="42" WIDTH="157" VPOS="3383" HPOS="316"/>
<SP HEIGHT="38" WIDTH="30" VPOS="3394" HPOS="503"/>
<String CONTENT="p." HEIGHT="38" WIDTH="44" VPOS="3394" HPOS="534"/>
<SP HEIGHT="40" WIDTH="28" VPOS="3385" HPOS="579"/>
<String CONTENT="112-118." HEIGHT="42" WIDTH="218" VPOS="3381" HPOS="608"/>
</TextLine>
<TextLine HEIGHT="55" WIDTH="2013" VPOS="3438" HPOS="321" LANG="en-US">
<String CONTENT="&#169;" HEIGHT="52" WIDTH="52" VPOS="3438" HPOS="321"/>
<SP HEIGHT="52" WIDTH="31" VPOS="3438" HPOS="374"/>
<String CONTENT="Feb." HEIGHT="40" WIDTH="111" VPOS="3442" HPOS="406"/>
<SP HEIGHT="41" WIDTH="26" VPOS="3441" HPOS="518"/>
<String CONTENT="23," HEIGHT="47" WIDTH="70" VPOS="3441" HPOS="545"/>
<SP HEIGHT="45" WIDTH="29" VPOS="3443" HPOS="616"/>
<String CONTENT="1933;" HEIGHT="48" WIDTH="141" VPOS="3440" HPOS="646"/>
<SP HEIGHT="46" WIDTH="32" VPOS="3442" HPOS="788"/>
<String CONTENT="2c." HEIGHT="40" WIDTH="67" VPOS="3442" HPOS="821"/>
<SP HEIGHT="39" WIDTH="31" VPOS="3442" HPOS="889"/>
<String CONTENT="Mar." HEIGHT="40" WIDTH="122" VPOS="3442" HPOS="921"/>
<SP HEIGHT="40" WIDTH="30" VPOS="3442" HPOS="1044"/>
<String CONTENT="2;" HEIGHT="45" WIDTH="53" VPOS="3442" HPOS="1075"/>
<SP HEIGHT="36" WIDTH="33" VPOS="3451" HPOS="1129"/>
<String CONTENT="aff." HEIGHT="39" WIDTH="81" VPOS="3441" HPOS="1163"/>
<SP HEIGHT="38" WIDTH="32" VPOS="3443" HPOS="1245"/>
<String CONTENT="Mar." HEIGHT="38" WIDTH="123" VPOS="3443" HPOS="1278"/>
<SP HEIGHT="38" WIDTH="29" VPOS="3443" HPOS="1402"/>
<String CONTENT="1;" HEIGHT="46" WIDTH="53" VPOS="3443" HPOS="1432"/>
<SP HEIGHT="47" WIDTH="31" VPOS="3442" HPOS="1486"/>
<!-- cceid 3CAE4C3B-6CF9-1014-A6CF-A82867D68027 --><String CONTENT="A" HEIGHT="39" WIDTH="42" VPOS="3442" HPOS="1518"/>
<SP HEIGHT="41" WIDTH="29" VPOS="3442" HPOS="1561"/>
<String CONTENT="60474;" HEIGHT="48" WIDTH="170" VPOS="3442" HPOS="1591"/>
<SP HEIGHT="46" WIDTH="34" VPOS="3444" HPOS="1762"/>
<String CONTENT="Mediaeval" HEIGHT="41" WIDTH="274" VPOS="3443" HPOS="1797"/>
<SP HEIGHT="38" WIDTH="30" VPOS="3446" HPOS="2072"/>
<String CONTENT="academy" HEIGHT="46" WIDTH="231" VPOS="3447" HPOS="2103"/>
</TextLine>
<TextLine HEIGHT="49" WIDTH="641" VPOS="3498" HPOS="390" LANG="en-US">
<String CONTENT="of" HEIGHT="41" WIDTH="52" VPOS="3498" HPOS="390"/>
<SP HEIGHT="40" WIDTH="24" VPOS="3498" HPOS="443"/>
<String CONTENT="America." HEIGHT="41" WIDTH="240" VPOS="3498" HPOS="468"/>
<SP HEIGHT="48" WIDTH="69" VPOS="3499" HPOS="709"/>
<String CONTENT="(33-6804)" HEIGHT="48" WIDTH="252" VPOS="3499" HPOS="779"/>
</TextLine>
<TextLine HEIGHT="64" WIDTH="990" VPOS="3589" HPOS="315" STYLEREFS="StyleId-CA44AEEC-A90A-4E22-92C5-A44606078DA2-" CS="1">
<String LANG="en-US" CONTENT="The" HEIGHT="54" WIDTH="124" VPOS="3589" HPOS="315"/>
<SP HEIGHT="53" WIDTH="29" VPOS="3590" HPOS="440"/>
<String LANG="en-US" CS="1" CONTENT="Encyclop&#230;dia" HEIGHT="64" WIDTH="451" VPOS="3589" HPOS="470"/>
<SP HEIGHT="54" WIDTH="26" VPOS="3590" HPOS="922"/>
<String LANG="fr" CONTENT="britannica." HEIGHT="57" WIDTH="356" VPOS="3590" HPOS="949"/>
</TextLine>
<TextLine HEIGHT="69" WIDTH="1884" VPOS="3666" HPOS="450" STYLEREFS="StyleId-CA44AEEC-A90A-4E22-92C5-A44606078DA2-" LANG="en-US" CS="1">
<String CS="1" CONTENT="&#8230;"/>
<SP HEIGHT="52" WIDTH="38" VPOS="3666" HPOS="450"/>
<String CONTENT="The" HEIGHT="53" WIDTH="122" VPOS="3666" HPOS="489"/>
<SP HEIGHT="48" WIDTH="34" VPOS="3671" HPOS="612"/>
<String CONTENT="theatre" HEIGHT="53" WIDTH="224" VPOS="3666" HPOS="647"/>
<SP HEIGHT="35" WIDTH="32" VPOS="3684" HPOS="872"/>
<String CONTENT="and" HEIGHT="53" WIDTH="113" VPOS="3667" HPOS="905"/>
<SP HEIGHT="53" WIDTH="34" VPOS="3667" HPOS="1019"/>
<String CONTENT="motion" HEIGHT="53" WIDTH="220" VPOS="3666" HPOS="1054"/>
<SP HEIGHT="50" WIDTH="34" VPOS="3685" HPOS="1275"/>
<String CONTENT="pictures;" HEIGHT="69" WIDTH="279" VPOS="3666" HPOS="1310"/>
<SP HEIGHT="49" WIDTH="39" VPOS="3686" HPOS="1590"/>
<String CONTENT="a" HEIGHT="33" WIDTH="31" VPOS="3687" HPOS="1630"/>
<SP HEIGHT="34" WIDTH="35" VPOS="3687" HPOS="1662"/>
<String CONTENT="selection" HEIGHT="55" WIDTH="268" VPOS="3666" HPOS="1698"/>
<SP HEIGHT="34" WIDTH="36" VPOS="3687" HPOS="1967"/>
<String CONTENT="of" HEIGHT="54" WIDTH="66" VPOS="3667" HPOS="2004"/>
<SP HEIGHT="54" WIDTH="33" VPOS="3667" HPOS="2071"/>
<String CONTENT="articles" HEIGHT="55" WIDTH="229" VPOS="3668" HPOS="2105"/>
</TextLine>
<TextLine HEIGHT="71" WIDTH="2010" VPOS="3743" HPOS="320" STYLEREFS="StyleId-CA44AEEC-A90A-4E22-92C5-A44606078DA2-" CS="1">
<String LANG="en-US" CONTENT="from" HEIGHT="54" WIDTH="154" VPOS="3743" HPOS="320"/>
<SP HEIGHT="47" WIDTH="35" VPOS="3749" HPOS="475"/>
<String LANG="en-US" CONTENT="the" HEIGHT="54" WIDTH="96" VPOS="3744" HPOS="511"/>
<SP HEIGHT="36" WIDTH="38" VPOS="3762" HPOS="608"/>
<String LANG="en-US" CONTENT="new" HEIGHT="35" WIDTH="124" VPOS="3762" HPOS="647"/>
<SP HEIGHT="49" WIDTH="41" VPOS="3748" HPOS="772"/>
<String LANG="en-US" CONTENT="14th" HEIGHT="53" WIDTH="132" VPOS="3744" HPOS="814"/>
<SP HEIGHT="53" WIDTH="41" VPOS="3744" HPOS="947"/>
<String LANG="en-US" CONTENT="edition" HEIGHT="54" WIDTH="217" VPOS="3744" HPOS="989"/>
<SP HEIGHT="34" WIDTH="39" VPOS="3764" HPOS="1207"/>
<String LANG="en-US" CONTENT="of" HEIGHT="54" WIDTH="66" VPOS="3744" HPOS="1247"/>
<SP HEIGHT="53" WIDTH="36" VPOS="3744" HPOS="1314"/>
<String LANG="en-US" CONTENT="the" HEIGHT="53" WIDTH="97" VPOS="3745" HPOS="1351"/>
<SP HEIGHT="52" WIDTH="40" VPOS="3745" HPOS="1449"/>
<String LANG="en-US" CS="1" CONTENT="Encyclop&#230;dia" HEIGHT="69" WIDTH="442" VPOS="3745" HPOS="1490"/>
<SP HEIGHT="54" WIDTH="40" VPOS="3746" HPOS="1933"/>
<String LANG="fr" CONTENT="britannica;" HEIGHT="68" WIDTH="356" VPOS="3746" HPOS="1974"/>
</TextLine>
<TextLine HEIGHT="228" WIDTH="2013" VPOS="3821" HPOS="317" STYLEREFS="StyleId-CA44AEEC-A90A-4E22-92C5-A44606078DA2-" LANG="en-US" CS="1">
<String CONTENT="an" HEIGHT="34" WIDTH="73" VPOS="3840" HPOS="317"/>
<SP HEIGHT="33" WIDTH="35" VPOS="3841" HPOS="391"/>
<String CONTENT="aid" HEIGHT="54" WIDTH="96" VPOS="3822" HPOS="427"/>
<SP HEIGHT="53" WIDTH="36" VPOS="3823" HPOS="524"/>
<String CONTENT="to" HEIGHT="48" WIDTH="59" VPOS="3828" HPOS="561"/>
<SP HEIGHT="49" WIDTH="36" VPOS="3827" HPOS="621"/>
<String CONTENT="the" HEIGHT="53" WIDTH="95" VPOS="3823" HPOS="658"/>
<SP HEIGHT="55" WIDTH="38" VPOS="3821" HPOS="754"/>
<String CONTENT="fuller" HEIGHT="54" WIDTH="177" VPOS="3821" HPOS="793"/>
<SP HEIGHT="34" WIDTH="35" VPOS="3841" HPOS="971"/>
<String CONTENT="appreciation" HEIGHT="68" WIDTH="396" VPOS="3823" HPOS="1007"/>
<SP HEIGHT="34" WIDTH="37" VPOS="3842" HPOS="1404"/>
<String CONTENT="of" HEIGHT="54" WIDTH="65" VPOS="3822" HPOS="1442"/>
<SP HEIGHT="54" WIDTH="34" VPOS="3822" HPOS="1508"/>
<String CONTENT="the" HEIGHT="53" WIDTH="95" VPOS="3823" HPOS="1543"/>
<SP HEIGHT="47" WIDTH="37" VPOS="3829" HPOS="1639"/>
<String CONTENT="theatre," HEIGHT="67" WIDTH="240" VPOS="3824" HPOS="1677"/>
<SP HEIGHT="48" WIDTH="36" VPOS="3843" HPOS="1918"/>
<String CONTENT="motion" HEIGHT="53" WIDTH="220" VPOS="3825" HPOS="1955"/>
<SP HEIGHT="51" WIDTH="37" VPOS="3843" HPOS="2176"/>
<String CONTENT="pictures" HEIGHT="129" WIDTH="1991" VPOS="3825" HPOS="317"/>
<SP HEIGHT="35" WIDTH="26" VPOS="3919" HPOS="473"/>
<String CONTENT="and" HEIGHT="53" WIDTH="114" VPOS="3901" HPOS="500"/>
<SP HEIGHT="54" WIDTH="26" VPOS="3900" HPOS="615"/>
<String CONTENT="kindred" HEIGHT="54" WIDTH="248" VPOS="3900" HPOS="642"/>
<SP HEIGHT="53" WIDTH="27" VPOS="3901" HPOS="891"/>
<String CONTENT="arts," HEIGHT="64" WIDTH="137" VPOS="3906" HPOS="919"/>
<SP HEIGHT="64" WIDTH="28" VPOS="3906" HPOS="1057"/>
<String CONTENT="together" HEIGHT="69" WIDTH="262" VPOS="3902" HPOS="1086"/>
<SP HEIGHT="34" WIDTH="28" VPOS="3920" HPOS="1349"/>
<String CONTENT="with" HEIGHT="53" WIDTH="141" VPOS="3901" HPOS="1378"/>
<SP HEIGHT="53" WIDTH="28" VPOS="3902" HPOS="1520"/>
<String CONTENT="descriptions" HEIGHT="68" WIDTH="379" VPOS="3902" HPOS="1549"/>
<SP HEIGHT="35" WIDTH="28" VPOS="3921" HPOS="1929"/>
<String CONTENT="of" HEIGHT="53" WIDTH="65" VPOS="3902" HPOS="1958"/>
<SP HEIGHT="54" WIDTH="28" VPOS="3902" HPOS="2024"/>
<String CONTENT="the" HEIGHT="52" WIDTH="95" VPOS="3904" HPOS="2053"/>
<SP HEIGHT="49" WIDTH="29" VPOS="3907" HPOS="2149"/>
<String CONTENT="techniques" HEIGHT="144" WIDTH="1990" VPOS="3903" HPOS="317"/>
<SP HEIGHT="35" WIDTH="32" VPOS="3997" HPOS="516"/>
<String CONTENT="relating" HEIGHT="70" WIDTH="251" VPOS="3979" HPOS="549"/>
<SP HEIGHT="64" WIDTH="32" VPOS="3985" HPOS="801"/>
<String CONTENT="thereto." HEIGHT="53" WIDTH="238" VPOS="3979" HPOS="834"/>
<SP HEIGHT="52" WIDTH="72" VPOS="3980" HPOS="1073"/>
<String CONTENT="By" HEIGHT="69" WIDTH="92" VPOS="3980" HPOS="1146"/>
<SP HEIGHT="65" WIDTH="34" VPOS="3984" HPOS="1239"/>
<String CONTENT="the" HEIGHT="54" WIDTH="94" VPOS="3979" HPOS="1274"/>
<SP HEIGHT="54" WIDTH="39" VPOS="3979" HPOS="1369"/>
<String CONTENT="following" HEIGHT="70" WIDTH="303" VPOS="3979" HPOS="1409"/>
<SP HEIGHT="50" WIDTH="35" VPOS="3999" HPOS="1713"/>
<String CONTENT="authorities:" HEIGHT="55" WIDTH="368" VPOS="3980" HPOS="1749"/>
<SP HEIGHT="53" WIDTH="37" VPOS="3982" HPOS="2118"/>
<String CONTENT="E." HEIGHT="52" WIDTH="69" VPOS="3982" HPOS="2156"/>
<SP HEIGHT="53" WIDTH="36" VPOS="3982" HPOS="2226"/>
<String CONTENT="F." HEIGHT="54" WIDTH="67" VPOS="3982" HPOS="2263"/>
</TextLine>
</TextBlock>
</PrintSpace>
</Page>
</Layout>
</alto>