2484 4405
1017 4092 135 55 1701

103 457 367 64 Falgairolle,
501 455 286 64 Adolphe.

234 530 1655 64 … L’Espagne en république. Paris, Fasquelle [ c 1933]
171 604 572 51 2 p. l., [7]-224 p. 19cm
171 663 65 40 At
260 663 124 40 head
411 662 51 40 of
486 661 110 41 title:
654 662 217 47 Adolphe
897 662 59 40 de
984 660 308 50 Falgairolle.

174 716 693 51 Bibliothèque-Charpentier.

100 786 1914 52 © July 25, 1933; 1c. Oct. 24; A-Foreign 22533; Fasquelle éditeurs.
179 846 279 50 (33-37248)

103 948 209 66 Fargo,
341 949 196 55 Lucile
568 951 228 62 Foster,
829 951 171 51 1880-

170 1025 1931 69 The library in the school, by Lucile F. Fargo … 2d ed., rev.
99 1103 268 70 Chicago,
399 1103 307 53 American
736 1103 219 68 library
989 1102 355 67 association,
1379 1106 150 50 1933.

168 1178 95 47 xiv,
294 1177 87 42 479
411 1189 42 37 p.
515 1178 141 47 illus.,
690 1178 169 47 plates,
893 1177 178 49 diagrs.
1133 1176 116 40 20—.
1320 1176 299 49 (Half-title:
1652 1175 204 50 Library
99 1178 1980 96 curriculum

227 1235 185 41 studies
442 1235 236 47 prepared
708 1235 154 39 under
893 1234 81 40 the
1004 1233 237 40 direction
1271 1234 52 39 of
1351 1235 72 39 W.
1454 1235 69 39 W.
1557 1233 257 47 Charters)

170 1292 345 47 Bibliography
545 1295 51 36 at
624 1292 91 39 end
745 1291 50 39 of
822 1291 117 39 each
969 1291 215 47 chapter.

99 1345 51 53 ©
179 1351 117 39 Nov.
324 1350 70 47 22,
423 1349 113 40 1933;
594 1349 67 39 2c.
691 1350 94 38 and
816 1348 81 40 aff.
927 1349 110 38 Dec.
1067 1348 61 39 20;
1183 1348 40 38 A
1253 1348 142 40 68551;
1455 1348 159 40 Amer,
1643 1348 187 48 library
1860 1359 128 30 assn.

176 1406 280 50 (33-27463)

101 1510 249 64 Feeney,
378 1509 288 56 Leonard.

164 1586 212 52 Riddle
415 1586 113 52 and
567 1585 230 67 reverie,
835 1585 74 67 by
950 1585 264 52 Leonard
1253 1585 240 68 Feeney,
1566 1627 10 10 S.
1653 1628 9 9 J.
1739 1585 139 52 New
1918 1585 179 68 York,

95 1665 120 53 The
246 1664 335 52 Macmillan
613 1681 295 50 company,
944 1665 150 50 1933.

166 1735 656 50 viii p., 1 l., 64 p. 19½cm.
165 1795 185 40 Poems.

100 1847 50 52 ©
181 1853 112 39 Dec.
324 1852 38 46 5,
393 1851 139 46 1933;
566 1851 67 41 2c.
663 1852 95 38 and
789 1850 81 40 aff.
903 1851 110 39 Dec.
1046 1850 52 47 6;
1132 1851 43 38 A
1203 1850 170 47 67376;
1409 1851 282 39 Macmillan
1721 1862 67 29 co.

171 1908 279 49 (33-36935)

98 2010 217 68 Ferris,
345 2012 348 55 Constance.

163 2087 1934 68 Orchards and orchids, by Constance Ferris … illustrations
92 2166 73 68 by
199 2167 254 52 Antonio
493 2165 354 69 Sotomayor.
925 2164 117 56 San
1078 2165 323 69 Francisco,
1436 2165 289 56 Williams
1761 2167 335 69 publishing

92 2263 279 50 company
408 2276 13 35 [
425 2250 18 22 c
449 2246 151 65 1933]

162 2318 58 41 70
249 2330 44 37 p.
352 2317 129 41 illus.
541 2317 146 41 19½cm.

163 2376 185 40 Poems.

165 2432 162 41 “First
356 2431 226 42 edition.”

96 2486 51 52 ©
175 2491 117 40 Nov.
321 2490 68 47 15,
418 2489 140 46 1933;
588 2489 65 40 2c.
684 2490 95 38 and
807 2488 82 40 aff.
918 2489 116 39 Nov.
1063 2489 83 47 21;
1177 2489 42 38 A
1246 2488 170 48 67215;
1447 2488 247 42 Williams
1720 2491 109 47 pub.
1859 2502 67 30 co.

171 2546 279 49 (33-36055)

97 2651 154 52 Food
283 2648 345 57 industries.

165 2724 322 55 Successful
529 2723 338 70 production
908 2724 259 54 methods
1205 2722 59 54 in
1308 2724 136 53 food
1484 2725 499 71 manufacturing;
2025 2725 67 55 73

97 2804 177 52 tested
309 2802 257 53 methods
598 2803 75 68 by
708 2806 62 47 51
809 2802 338 54 authorities
1179 2802 60 51 in
1274 2820 166 51 every
1476 2802 112 56 line
1625 2804 64 52 of
1724 2804 138 53 food
97 2823 1969 124 manufacture,

361 2881 279 67 compiled
669 2880 75 68 by
772 2879 159 52 Food
959 2878 326 70 industries,
1313 2880 212 54 editors
1556 2882 112 52 and
1697 2884 393 55 contributors.

98 2956 134 53 New
265 2956 177 68 York,
473 2956 67 52 N.
579 2956 88 69 Y.,
699 2956 158 53 Food
889 2956 310 55 industries
1236 2992 13 35 [
1254 2964 18 22 c
1278 2960 132 51 1933
1416 2991 13 35 ]

163 3028 86 40 160
281 3040 43 37 p.
384 3028 142 48 illus.,
563 3029 179 48 diagrs.
803 3028 115 41 28cm.

167 3086 129 39 “The
319 3085 197 41 articles
541 3084 326 50 re-published
893 3087 114 39 here
1031 3097 85 30 are
1142 3099 28 28 a
1195 3087 96 40 few
1316 3088 157 41 which
1502 3090 121 41 have
1648 3092 118 39 been
1793 3093 146 40 taken
1964 3093 125 41 from

98 3143 129 41 Food
252 3142 266 42 industries
547 3142 176 49 during
747 3143 83 41 the
855 3146 110 45 past
993 3147 93 37 two
1115 3144 523 48 years.”—Foreword.

166 3202 259 40 Foreword
454 3201 167 48 signed:
679 3201 50 40 L.
759 3201 53 41 V.
841 3203 201 46 Burton,
1073 3201 171 41 editor.

167 3260 224 40 Includes
426 3257 388 49 bibliographies.

99 3316 1997 100 © Oct. 25, 1933; 1c. Nov. 13; 1c. Nov. 22; aff. Nov. 2; A 67234; McGraw-Hill
301 3376 109 49 pub.
444 3387 81 34 co.,
559 3375 105 47 inc.,
699 3376 116 38 New
848 3375 145 39 York.
1067 3375 282 48 (33-36902)

100 3477 330 67 Frederick,
458 3480 214 52 Justus
699 3477 245 64 George,
975 3481 173 49 1882-
1360 3480 84 54 ed.

165 3557 121 53 The
318 3557 351 68 psychology
701 3555 63 53 of
796 3554 237 69 writing
1063 3572 232 51 success,
1327 3556 74 68 by
1433 3559 58 54 J.
1524 3559 223 70 George
1779 3563 310 54 Frederick

99 3633 1988 150 … with a symposium by Dr. A. A. Brill, Thyra Samter Winslow, Mary Austin … [and others] New York, The Business
97 3791 214 67 bourse,
340 3794 151 50 1933.

440 3862 688 48 CONTENTS.—Symposium.—Analysis,
1161 3863 61 48 by
1258 3864 81 40 the
1374 3864 417 45 editor.—Writer
1826 3870 138 43 “case
97 3873 1973 90 histories”.

99 3974 50 52 ©
176 3980 116 39 Nov.
322 3979 68 46 15,
419 3977 110 40 1933;
589 3977 67 39 2c.
684 3978 118 39 Nov.
830 3976 55 40 23;
943 3975 80 40 aff.
1053 3977 120 40 Nov.
1201 3977 59 39 22;
1315 3978 42 38 A
1384 3979 144 40 68282;
1587 3981 233 42 Business
1849 3985 175 41 bourse

173 4035 278 48 (33-36943)
