2484 4405
1078 4101 136 52 1307

133 455 245 66 Brooke,
408 457 243 54 Charles
680 454 314 54 Frederick
1024 454 246 63 Tucker,
1305 456 169 48 1883-
1616 450 84 53 ed.

205 533 244 68 English
501 533 213 60 drama,
766 534 325 64 1580-1642,
1141 530 235 53 selected
1426 527 111 53 and
1589 525 187 56 edited
1824 526 72 67 by
1948 523 60 55 C.
2063 525 64 53 F.

133 603 1994 66 Tucker Brooke … and Nathaniel Burton Paradise … Boston,
133 689 134 52 New
303 688 158 52 York
573 706 41 33 [etc.]
672 688 66 49 D.
775 686 59 55 C.
870 686 189 53 Heath
1094 684 113 53 and
1239 701 273 50 company
1553 684 192 66 [c1933]

203 771 100 47 viii,
340 771 114 40 1044
492 783 41 36 p.
602 772 125 39 illus.
758 770 262 49 (facsims.)
1094 771 146 38 24½cm.

206 836 223 40 Includes
467 836 241 40 facsimile
749 834 339 48 reproduction
1128 835 50 39 of
1218 835 80 39 the
1339 833 205 48 original
1586 844 52 28 or
1678 832 133 47 early
1855 832 273 48 title-pages

136 893 51 40 of
224 893 314 46 twenty-nine
576 893 50 39 of
664 894 80 39 the
783 893 153 46 thirty
976 893 152 46 plays.
1168 893 100 38 The
1307 891 268 47 remaining
1614 892 125 46 play,
1778 891 100 39 The
1920 892 207 46 Spanish

136 951 215 47 tragedy,
394 949 42 41 is
478 948 339 49 accompanied
862 949 59 47 by
967 960 24 28 a
1039 947 241 41 facsimile
1327 947 340 48 reproduction
1712 947 51 39 of
1808 959 25 29 a
1879 949 144 38 letter
2069 949 57 46 by

134 1007 209 40 Thomas
373 1007 109 46 Kyd
514 1007 231 46 preceded
774 1007 60 46 by
867 1017 24 28 a
925 1005 348 47 transcription
1304 1016 58 28 on
1394 1016 61 27 an
1490 1004 326 40 unnumbered
1849 1004 114 40 leaf.

141 1077 1994 51 © Aug. 16, 1933: 2c. Sept. 11: aff. Sept. 12: A 65209: C. F. Tucker
209 1138 199 40 Brooke,
435 1138 92 38 and
555 1135 257 40 Nathaniel
845 1136 187 37 Burton
1059 1134 246 39 Paradise.
1333 1133 114 39 New
1475 1133 184 39 Haven.
1740 1128 51 52 [©
1819 1133 194 48 preface
2040 1134 94 38 and

209 1205 58 27 no
273 1197 71 38 tes]
432 1199 9 37 (
455 1192 230 41 33-25049)

134 1308 368 67 Butterfield,
534 1310 256 52 Thomas
823 1309 271 64 Edward,
1132 1310 169 51 1873-

209 1382 1860 72 Steam and gas engineering, by Thomas E. Butterfield …
141 1462 1988 71 Burgess H. Jennings … and Alexander W. Luce … 2d ed.
138 1542 136 54 New
308 1542 176 67 York,
518 1542 68 51 D.
619 1542 126 51 Van
778 1540 288 54 Nostrand
1101 1558 295 51 company,
1427 1538 105 54 inc.
1570 1543 192 65 [c1933]

213 1630 1229 47 xvii, 488 p. incl. illus., tables, diagrs. 23½cm.
212 1700 347 40 “References”
588 1704 49 36 at
665 1701 91 39 end
783 1700 50 40 of
859 1704 126 36 most
1012 1700 52 40 of
1091 1702 83 38 the
1201 1701 238 47 chapters.

145 1766 51 52 ©
226 1771 127 39 June
379 1772 68 39 26,
478 1770 138 40 1933:
650 1771 63 39 2c.
746 1772 116 45 July
893 1772 79 38 15:
1006 1771 68 39 aff
1123 1773 111 45 Sept.
1280 1772 81 39 21:
1395 1772 40 37 A
1463 1772 172 39 65309:
1671 1774 54 36 D.
1759 1772 104 39 Van
1894 1772 242 39 Nostrand

207 1839 65 28 co.,
321 1827 87 40 inc.
480 1827 278 48 (33-25029)

139 1942 342 55 California.
557 1946 161 51 State
747 1945 250 54 teachers
1025 1945 228 68 college,
1280 1946 294 53 San-José.
1651 1947 248 52 Natural
1925 1947 211 53 science

206 2024 150 66 dept.

211 2099 217 69 Spring
469 2099 137 52 wild
649 2099 215 55 flowers
910 2100 62 51 of
1015 2100 95 53 the
1157 2119 143 48 open
1345 2099 159 68 field;
1553 2120 29 33 a
1627 2100 148 53 little
1820 2100 145 54 book
2009 2103 126 52 that

142 2195 242 35 answers
433 2195 146 34 some
629 2178 62 52 of
741 2178 91 51 the
882 2180 285 64 questions
1214 2179 123 53 that
1387 2179 267 67 teachers,
1704 2179 273 67 students,
2025 2180 109 51 and

141 2254 187 54 others
369 2255 99 53 ask
509 2255 159 51 when
710 2255 136 52 wild
887 2255 215 55 flowers
1147 2256 181 52 bloom
1371 2274 67 33 on
1485 2255 322 55 California
1847 2257 136 53 hills
2024 2258 109 52 and

139 2331 1998 73 lowlands … Gayle Pickwell. PH. D., editor, Karl S. Hazeltine,
229 2409 1909 72 PH . D ., and Emily Smith, A. B., associate editors. Los Angeles,
143 2485 117 54 San
298 2487 133 53 Jose
475 2494 137 61 [etc.]
660 2488 139 51 Pub.
842 2487 91 53 for
972 2489 94 51 the
1107 2488 241 53 Natural
1387 2491 212 52 science
1639 2490 168 68 dept.,
1848 2489 116 55 San
2003 2491 134 55 Jose

140 2570 142 48 state
313 2565 250 54 teachers
597 2566 224 69 college,
855 2566 71 69 by
961 2565 399 71 Suttonhouse,
1396 2570 149 50 1933.

251 2684 8 15 x,
294 2654 86 39 156
411 2665 42 36 p.
488 2654 108 40 incl.
632 2655 142 47 illus.,
810 2656 170 47 plates,
1015 2656 153 47 diagr.
1228 2658 85 38 col.
1350 2657 147 40 front.
1562 2658 145 40 23½cm.
1779 2658 246 49 (Western
143 2711 106 38 nature
277 2711 144 47 study
450 2711 174 47 series)

212 2779 346 42 “References”:
619 2792 42 37 p.
693 2782 216 41 143-144.

147 2844 1995 57 © Mar. 15. 1933: 2c. Aug. 11: aff. Sept. 2; A 65169: San José state
219 2907 219 39 teachers
468 2908 189 46 college,
692 2909 94 37 San
819 2909 126 45 lose,
977 2910 144 39 Calif.
1194 2910 279 50 (33-25017)

143 3023 314 65 Campbell,
488 3026 221 51 Homer
741 3026 288 63 Orpheus.

216 3099 314 54 Socialized
572 3120 221 51 money,
835 3103 73 67 by
950 3103 219 53 Homer
1214 3104 265 69 Orpheus
1522 3106 311 70 Campbell.
1914 3110 232 68 Seattle,

144 3176 74 54 H.
249 3178 67 55 O.
349 3179 314 69 Campbell,
695 3185 149 50 1933.

216 3265 757 50 2 p. l., 160 p. diagrs. 21cm.
151 3331 51 51 ©
235 3337 125 46 Sept.
390 3337 38 46 9,
458 3337 139 41 1933:
628 3339 67 38 2c.
727 3340 96 38 and
851 3339 80 39 aff.
967 3342 127 46 Sept.
1127 3341 79 40 15:
1239 3343 40 37 A
1309 3344 169 45 66054;
1513 3346 59 40 H.
1606 3346 51 40 O.
1690 3346 259 48 Campbell.

227 3392 278 45 (33-25000)

147 3508 321 66 Chapman,
497 3511 233 53 Arthur
756 3513 199 55 Wood.

221 3586 120 52 The
369 3588 287 68 prophecy
685 3589 64 54 of
775 3591 95 51 the
898 3593 266 65 pyramid;
1226 3613 31 33 a
1288 3594 169 54 dated
1486 3596 245 54 forecast
1759 3597 64 53 of
1851 3618 102 34 our
1981 3601 163 53 times

153 3661 138 55 with
327 3666 95 51 the
459 3666 371 67 depression’s
866 3687 247 50 purpose
1150 3672 112 52 and
1300 3675 73 52 its
1411 3673 314 55 aftermath
1766 3675 266 60 foretold,
2070 3680 73 66 by

152 3739 223 56 Arthur
403 3745 183 53 Wood
620 3746 315 68 Chapman.
1010 3749 258 58 London,
1299 3752 62 51 L.
1394 3753 68 53 N.
1494 3754 223 53 Fowler
1747 3759 45 49 &
1822 3774 77 35 co.;

155 3759 1965 128 Holyoke,
298 3822 190 67 Mass.,
517 3824 119 53 The
666 3826 301 53 Elizabeth
995 3830 210 51 Towne
1233 3850 97 45 co,,
1358 3831 106 54 inc.
1500 3836 191 65 [c1933]

225 3902 819 54 5 p. l., 9-47 p. diagrs. 18½cm.
159 3968 1977 68 © Sept. 1933: 2c. and aff. Sept. 8: A 64951: A. W. Chapman, Seattle
235 4031 278 46 (33-24848)
