2597 4403
1346 4062 104 55 272

390 395 258 66 Waters,
676 393 228 57 Walter
933 395 110 67 W.,
1073 397 173 52 1898-

464 473 70 51 B.
575 472 71 52 E.
687 472 97 67 F.;
828 473 97 52 the
966 472 183 53 whole
1190 478 160 61 story
1391 471 64 53 of
1494 472 98 53 the
1629 472 182 53 bonus
1852 489 182 49 army,
2072 471 76 67 by
2188 472 91 53 W.
2319 472 93 53 W.

393 549 229 56 Waters
660 569 60 35 as
755 550 124 54 told
917 557 60 47 to
1011 548 265 57 William
1314 549 65 56 C.
1411 548 217 56 White.
1698 549 142 54 New
1877 548 183 67 York,
2096 549 124 53 The
2255 550 159 54 John

390 629 134 68 Day
559 647 284 50 company
884 632 197 65 [c1933]

465 701 28 40 5
519 713 45 39 p.
611 733 24 17 l.,
662 701 88 42 288
774 712 44 38 p.
873 701 152 41 front.
1055 699 174 51 (port.)
1265 700 176 51 plates.
1525 700 120 43 19½cm.

399 772 51 52 ©
484 776 123 40 Mar.
639 775 41 48 2,
712 774 114 41 1933;
889 774 66 38 2c.
991 774 122 39 Mar.
1147 772 25 39 2;
1236 772 82 40 aff.
1353 774 123 39 Mar.
1508 773 27 41 3;
1599 773 41 39 A
1671 771 147 42 59766;
1879 774 72 40 W.
1985 773 72 40 W.
2091 774 195 41 Waters
2321 774 96 39 and

467 834 122 39 Wm.
617 833 47 41 C.
694 831 178 48 White,
898 832 118 38 New
1043 830 146 40 York.
1261 829 254 49 (33-5922)

393 936 201 54 Wedel
619 933 331 67 Jarlsberg,
978 933 251 54 Fredrik
1255 933 265 66 Hartvig
1543 935 285 64 Herman,
1858 940 173 50 1855-

530 1010 1516 71 … Reisen gjennem livet. Oslo, Gyldendal, 1932.
465 1087 28 41 3
519 1098 45 37 p.
613 1118 23 16 l.,
683 1086 164 51 [9]-427
873 1097 43 37 p.
976 1085 166 48 front.,
1171 1085 173 48 plates,
1371 1086 152 47 ports.
1583 1084 117 42 24cm.

466 1144 66 41 At
556 1145 127 40 head
707 1143 54 41 of
783 1142 109 42 title:
949 1142 54 42 F.
1029 1141 169 42 Wedel
1224 1141 267 49 Jarlsberg.

465 1200 76 41 An
573 1200 405 48 autobiography.

398 1269 52 53 ©
483 1273 102 41 Oct.
613 1273 71 47 24,
714 1272 142 47 1932;
918 1284 38 29 1c.
986 1272 111 40 Jan.
1127 1272 70 46 17,
1228 1270 143 49 1933;
1402 1271 314 49 A-Foreign
1747 1270 172 49 19391;
1954 1272 271 49 Gyldendal
2257 1272 162 40 Norsk

465 1329 175 50 forlag.
711 1329 254 49 (33-6448)

392 1433 213 66 Weiss,
635 1433 205 55 Pierre
869 1433 326 57 Théodore.

528 1509 1891 71 … CIDNA; ou, L’express d’Istambul … Paris, L. Querelle
398 1593 175 65 [1932]

463 1661 1953 52 4 p. l ., 11-185, [1] p., 1 l. 19cm. (His Notes pour servir à l’histoire
393 1721 84 41 des
506 1720 219 48 énergies
753 1722 59 39 de
860 1719 104 42 l’air.
1077 1720 37 50 [v])

467 1777 298 42 “Collection
796 1777 84 41 ‘les
911 1777 121 41 ailes
1063 1776 278 49 françaises
1371 1787 85 31 sur
1507 1775 265 50 l’Europe’.”

464 1835 65 41 At
554 1835 127 41 head
707 1834 54 41 of
782 1835 111 41 title:
1007 1833 203 42 Lt-colonel
1238 1833 167 42 Pierre
1432 1832 174 43 Weiss.

398 1904 52 53 ©
485 1909 123 39 Mar.
643 1909 41 46 5,
718 1907 115 41 1932;
925 1919 37 30 1c.
995 1909 116 47 Apr.
1144 1909 28 39 4;
1235 1908 314 49 A-Foreign
1582 1907 147 42 16359;
1791 1908 149 41 Louis
1976 1908 237 48 Querelle.

477 1965 254 49 (33-6778)

394 2069 199 67 Welzl,
622 2071 135 66 Jan,
789 2071 174 55 1870-

529 2146 1886 71 … The quest for polar treasures, with an introduction by
392 2225 253 55 Bedrich
678 2225 316 56 Golombek
1024 2229 52 51 &
1110 2225 242 54 Edvard
1385 2225 276 67 Valenta;
1692 2225 320 55 translated
2042 2225 75 69 by
2148 2225 80 53 M.
2264 2228 51 51 &
2347 2225 68 52 R.

394 2302 371 57 Weatherall.
831 2304 139 54 New
1003 2303 181 71 York,
1215 2304 123 56 The
1369 2303 337 55 Macmillan
1736 2322 299 52 company,
2067 2306 151 51 1933.

464 2376 642 51 3 p. l ., [9]-352 p. 22cm.
464 2433 120 41 This
624 2435 150 47 story,
814 2433 288 50 continuing
1139 2435 82 41 the
1260 2435 260 41 narration
1556 2435 52 41 of
1645 2436 81 40 the
1764 2433 222 43 author’s
2024 2436 297 41 adventures
2360 2445 54 31 as

394 2490 158 50 begun
577 2491 51 41 in
654 2491 81 41 his
757 2491 178 49 Thirty
961 2502 144 37 years
1131 2492 49 40 in
1209 2492 82 40 the
1319 2492 176 47 golden
1519 2492 160 48 north,
1706 2503 103 30 was
1837 2492 150 42 taken
2012 2493 144 41 down
2180 2492 52 42 in

392 2493 2006 96 shorthand
553 2549 63 48 by
642 2548 211 42 Bedrich
883 2549 265 41 Golombek
1178 2549 97 41 and
1304 2549 199 42 Edvard
1533 2549 224 42 Valenta.
1814 2551 65 49 cf.
1908 2550 187 41 Introd.

397 2617 52 53 ©
480 2623 112 40 Feb.
619 2622 71 48 21,
719 2622 115 41 1933;
891 2622 67 41 2c.
989 2624 97 40 and
1115 2622 84 41 aff.
1229 2622 112 41 Feb.
1369 2621 56 42 23;
1484 2622 42 39 A
1555 2620 144 42 59629;
1758 2621 286 42 Macmillan
2072 2633 66 30 co.

477 2679 254 49 (33-5747)

394 2783 310 68 Williams,
733 2783 212 67 Kirby.

464 2860 123 54 The
633 2880 174 50 opera
854 2862 280 67 murders,
1180 2862 76 69 by
1303 2862 193 69 Kirby
1539 2862 309 56 Williams.
1929 2861 141 54 New
2119 2861 182 68 York,
2347 2861 66 57 C.

395 2938 315 56 Scribner’s
743 2959 148 48 sons,
927 2945 154 50 1933.

466 3014 64 47 vi,
560 3012 88 43 259
678 3025 46 39 p.
812 3013 119 42 19½cm.

399 3080 52 53 ©
487 3087 122 38 Mar.
644 3086 40 46 3,
719 3084 141 48 1933;
897 3084 69 42 2c.
1002 3087 123 39 Mar.
1161 3087 53 46 8;
1252 3085 82 42 aff.
1371 3087 123 39 Mar.
1530 3087 53 46 7;
1621 3087 40 39 A
1695 3086 172 47 59802;
1907 3085 207 42 Charles
2148 3084 268 42 Scribner's

465 3151 126 32 sons.
665 3144 253 48 (33-5771)

392 3246 197 67 Zavie,
620 3236 210 77 Émile,
862 3253 173 50 1884-

526 3324 1226 70 … Chaabane. [Paris] Gallimard [1932]
464 3398 777 51 3 p. l ., [9]-324 p., 1 1. 18½cm.
398 3452 52 53 ©
482 3456 102 41 Oct.
616 3458 68 45 18,
716 3457 141 47 1932;
919 3470 37 28 1c.
990 3459 112 40 Dec.
1132 3458 83 47 29;
1247 3458 314 49 A-Foreign
1591 3458 170 48 19135;
1793 3456 244 43 Librairie
2070 3457 287 42 Gallimard.

478 3514 255 49 (33-5303)

395 3617 148 53 2002
584 3618 316 53 household
939 3620 182 68 helps.
1198 3618 376 72 Springfield,
1612 3620 113 68 Ill.,
1764 3621 195 68 Myers
2000 3620 113 52 and
2152 3619 258 66 Kellner,

465 3699 154 51 1932.

467 3768 88 42 294
587 3781 44 38 p.
691 3769 119 42 21cm.

469 3824 204 43 Preface
702 3826 169 50 signed:
929 3827 43 41 J.
999 3828 57 41 D.
1085 3828 178 49 Myers,
1289 3828 173 42 editor.

470 3882 164 42 “First
661 3884 200 47 edition,
892 3885 127 49 Dec.,
1051 3883 353 50 1932-10,000.”

399 3936 52 53 ©
483 3942 112 41 Dec.
625 3943 68 44 13,
724 3941 142 49 1932;
897 3942 68 42 2c.
996 3944 95 39 and
1122 3943 82 40 aff.
1236 3943 112 41 Dec.
1379 3943 83 47 21;
1495 3944 41 38 A
1566 3943 170 47 57560;
1771 3945 163 47 Myers
1966 3943 36 41 &
2032 3943 228 41 Kellner.

478 3998 254 50 (33-5919)
