2484 4405
1063 4065 101 54 749

104 396 210 67 Dalby,
342 396 211 57 Milton
581 397 253 65 Arthur,
864 402 174 52 1904-

175 478 212 53 Milton
423 475 71 54 A.
532 475 192 70 Dalby
760 477 101 52 has
897 477 132 53 here
1063 481 85 49 set
1185 474 159 53 forth
1381 474 96 55 the
1513 492 92 35 sea
1641 491 137 52 saga
1814 473 64 52 of

105 466 1978 150 Dynamite
289 554 237 69 Johnny
577 552 268 70 O’Brien,
894 554 309 53 American
1250 557 210 50 master
1508 550 251 56 mariner
1808 551 95 55 for
106 544 1980 150 fifty-three
301 650 192 52 years;
536 651 32 33 a
608 649 229 36 seaman
877 632 95 52 for
1009 629 293 72 sixty-five
1338 648 192 53 years;
1572 631 188 54 whose
1797 630 314 69 shipmates

107 712 112 53 and
249 711 221 54 friends
496 710 180 54 called
704 710 120 52 him
851 711 96 52 the
974 710 241 54 “Nestor
1241 709 64 54 of
1330 710 96 54 the
1452 707 276 71 Pacific”;
1758 711 127 53 who
1913 709 199 55 feared

107 789 128 55 God
264 789 103 56 but
397 788 179 54 defied
609 786 111 55 His
750 794 233 62 storms;
1017 789 128 53 who
1176 788 211 70 fought
1413 787 98 54 the
1539 788 149 70 good
1717 787 175 71 fight;
1925 788 187 55 whose

108 869 120 54 fists
253 886 144 36 were
423 887 60 35 as
508 868 144 53 hard
681 887 61 34 as
766 868 90 52 his
880 865 172 70 spirit
1078 886 116 35 was
1219 871 167 50 stout.
1451 865 234 71 Seattle,
1708 868 216 69 Wash.,
1949 869 162 52 Low-

106 966 134 35 man
266 950 46 50 &
338 944 275 57 Hanford
643 963 298 51 company,
971 948 152 51 1933.

178 1014 1660 61 xii p., 1 l., 15-249 p. incl. front., illus. plates, ports. 23½cm.
112 1075 51 53 ©
186 1080 114 47 Apr.
325 1078 70 49 15,
418 1078 141 46 1933;
585 1077 65 41 2c.
677 1078 112 47 Apr.
815 1076 81 48 20;
924 1077 82 43 aff.
1031 1078 115 48 Apr.
1171 1077 82 47 29;
1280 1079 41 38 A
1345 1077 170 48 62462;
1544 1079 62 39 M.
1632 1079 55 40 A.
1712 1080 174 48 Dalby,
1915 1080 196 41 Seattle.

190 1148 282 50 (33-13029)

111 1251 259 68 [Davids,
397 1252 290 64 Berkeley
714 1250 315 68 Reynolds]

106 1325 1981 159 New York law of wills … Supplement, 1932 … [North-port, N. Y., Edward Thompson company, c 1933]
181 1485 26 38 2
235 1496 43 28 v.
335 1482 116 43 23cm.

182 1540 296 42 Cover-title.

181 1598 154 39 These
365 1598 274 49 pamphlets
671 1606 83 30 are
784 1599 49 38 to
865 1597 56 39 be
950 1597 140 40 fitted
1122 1596 103 41 into
1258 1599 81 39 the
1370 1598 196 48 pockets
1598 1600 52 40 at
1683 1601 81 38 the
1796 1600 122 41 back
1949 1601 52 40 of
2033 1601 82 41 the

114 1655 218 39 volumes
358 1654 52 41 of
437 1654 84 39 the
546 1656 73 38 set
646 1656 50 38 to
723 1653 161 41 which
911 1654 115 48 they
1052 1654 186 48 belong.

119 1718 51 54 ©
200 1724 110 42 Jan.
338 1723 70 47 27,
436 1724 141 47 1933;
607 1723 67 41 2c.
705 1725 117 39 each
851 1725 96 40 and
976 1724 81 41 aff.
1089 1725 128 41 June
1245 1727 53 46 7;
1329 1726 40 39 A
1399 1726 170 47 63063;
1603 1727 212 41 Edward
1845 1728 277 49 Thompson

183 1791 67 30 co.

109 1884 85 52 De
221 1883 87 54 La
332 1885 185 64 Mare,
546 1883 226 58 Walter
798 1884 176 65 John,
1006 1887 173 57 1873-

181 1962 122 53 The
329 1960 232 72 fleeting
588 1965 112 52 and
729 1965 164 53 other
920 1981 209 53 poems,
1158 1964 74 71 by
1260 1966 222 56 Walter
1509 1966 88 53 De
1623 1967 82 54 La
1734 1966 177 54 Mare.
1977 1969 138 54 New

113 2040 179 68 York,
316 2040 72 54 A.
414 2040 72 55 A.
513 2041 226 69 Knopf,
768 2045 150 51 1933.

181 2113 580 52 xiv, 146 p., 1 l. 21 cm .
182 2171 166 41 “First
371 2172 258 42 American
656 2173 229 42 edition.”

116 2224 51 53 ©
193 2230 114 47 May
331 2228 68 49 19,
425 2230 113 40 1933;
593 2230 65 41 2c.
686 2232 113 47 May
823 2231 83 47 22;
935 2232 69 40 aff
1043 2234 115 48 May
1183 2234 82 47 23;
1294 2235 41 38 A
1359 2233 170 50 61894;
1557 2237 188 41 Walter
1771 2239 71 39 De
1869 2238 68 42 La
1965 2241 151 48 Mare,

183 2286 211 49 Taplow,
426 2287 175 48 Bucks,
633 2288 236 48 England.
940 2289 282 49 (33-13357)

109 2390 163 64 Ellis,
305 2391 286 57 Emmett.

181 2469 95 51 An
304 2468 326 54 evaluation
660 2470 65 52 of
753 2475 145 50 state
928 2490 301 52 programs
1259 2474 65 53 of
1352 2473 311 73 secondary
1693 2476 319 73 education,
2040 2477 77 72 by

113 2546 252 55 Emmett
400 2546 165 71 Ellis,
687 2592 11 11 PH.
772 2592 10 11 D.
858 2549 314 72 Nashville,
1208 2553 196 69 Tenn.,
1442 2553 221 73 George
1698 2554 272 76 Peabody
114 2552 1977 149 college
262 2626 95 55 for
384 2628 269 68 teachers,
684 2632 149 51 1932.

117 2700 1982 105 5 p. l., 268 p. 22½ cm . (Half-title: Contribution to education, published
318 2758 153 40 under
518 2759 81 40 the
645 2759 237 43 direction
930 2762 52 41 of
1029 2763 184 49 George
1258 2765 226 49 Peabody
1529 2768 179 48 college
1754 2770 79 39 for
1877 2771 237 51 teachers,

115 2825 73 30 no.
218 2814 110 48 105)

183 2872 173 41 Thesis
384 2872 107 48 (PH.
559 2873 290 51 D.)—George
887 2877 225 49 Peabody
1146 2879 180 49 college
1358 2880 80 42 for
1472 2882 236 43 teachers.

185 2929 223 41 Without
437 2931 154 41 thesis
617 2933 127 40 note.

187 2987 224 41 Includes
441 2987 391 50 bibliographies.

120 3038 51 52 ©
205 3045 120 39 Mar.
358 3046 40 45 3,
432 3044 140 48 1933;
608 3047 66 40 2c.
709 3048 112 47 Apr.
855 3048 54 48 3;
943 3049 82 42 aff.
1059 3050 115 49 Apr.
1209 3053 80 46 11;
1327 3053 41 40 A
1401 3054 170 48 61342;

1609 3057 51 40 E.
1697 3058 135 49 Ellis,
191 3055 1909 101 Warrens-burg,
354 3102 91 40 Mo.
517 3103 280 50 (33-13193)

116 3191 215 65 Fauth,
363 3193 163 58 Gert.

187 3267 135 55 Wer
355 3268 101 54 hat
492 3269 88 53 die
616 3271 415 57 zehntausend?
1071 3275 121 54 eine
1228 3276 209 71 lustige
1471 3279 319 69 geschichte
1827 3302 110 36 von
1976 3283 141 56 Gert

119 3343 217 67 Fauth;
365 3347 108 52 mit
500 3349 62 48 16
589 3347 224 55 bildern
841 3367 110 36 von
977 3352 147 53 Paul
1152 3352 251 57 Simmel.
1467 3357 326 56 Frankfurt
1817 3380 89 35 am
1935 3362 180 70 Main,

122 3420 785 75 Riitten & Loening [ c 1932]
190 3490 99 49 200,
322 3492 55 50 [4]
405 3504 44 37 p.
477 3494 110 42 inch
615 3497 171 47 plates.
841 3497 57 42 20
900 3501 44 21 cm
950 3532 8 9 .

125 3546 1996 73 © Nov. 30, 1932; 1c. Mar. 22, 1933; A-Foreign 20314; Rütten &
190 3607 214 51 Loening
433 3613 180 48 verlag.
683 3614 281 51 (33-13182)

115 3691 245 56 Federal
383 3706 272 62 reporter.
714 3702 218 57 Second
954 3707 186 56 series.
1199 3708 169 57 Cases
1391 3714 214 67 argued
1630 3718 111 52 and
1765 3718 353 55 determined

190 3774 59 53 in
277 3777 95 53 the
404 3778 216 56 United
657 3781 186 55 States
874 3785 202 54 circuit
1109 3794 188 48 courts
1330 3790 63 53 of
1427 3795 250 66 appeals,
1712 3795 179 56 Court
1923 3797 64 54 of
189 3810 1903 117 appeals
388 3856 65 52 of
494 3859 95 52 the
632 3860 245 56 District
918 3865 64 52 of
1027 3865 301 56 Columbia
1372 3871 111 51 and
1526 3872 96 54 the
1665 3874 216 56 United
1929 3876 189 56 States

189 3939 162 48 court
382 3935 64 52 of
480 3943 244 48 customs
758 3941 113 53 and
906 3948 201 62 patent
1143 3949 250 66 appeals,
1430 3949 139 53 with
1604 3951 108 68 key
1747 3955 240 53 number
2021 3975 96 34 an-
