2484 4405
1079 4083 136 49 1497

139 442 272 64 Æsopus.

211 517 235 69 Aesop’s
479 517 197 62 fables,
707 517 187 52 edited
926 516 112 53 and
1070 513 319 54 illustrated
1426 513 138 54 with
1597 514 158 53 wood
1790 514 344 67 engravings

140 597 74 67 by
242 595 168 55 Boris
438 594 418 68 Artzybasheff.
933 593 137 53 New
1102 592 178 67 York,
1311 593 122 52 The
1462 591 218 68 Viking
1709 609 173 50 press,
1915 596 147 48 1933.

213 664 1012 53 xii, 86 p., 1 l. incl. front., illus. 24cm.
211 725 287 41 Illustrated
525 724 362 48 lining-papers.

215 775 1917 50 “The fables … were selected from the Croxall edition of 1722 and
142 839 81 40 the
251 839 165 43 James
445 838 184 42 edition
657 838 51 41 of
735 836 394 45 1848.”—Introd

142 892 52 53 ©
225 897 100 42 Oct.
353 897 68 48 30,
451 897 114 40 1933;
621 897 66 40 2c.
717 898 97 38 and
843 895 83 41 aff.
957 897 117 40 Nov.
1107 897 23 37 1;
1191 896 41 38 A
1288 895 117 40 66844;
1465 893 143 43 Boris
1637 895 356 47 Artzybasheff,
2023 896 116 39 New

208 953 144 41 York.
421 953 280 49 (33-31662)

141 1057 187 65 Allen,
360 1058 250 52 Eleanor
638 1057 244 63 Wyllys.

211 1134 121 54 The
360 1133 248 70 position
638 1135 62 52 of
730 1132 228 71 foreign
987 1139 173 48 states
1189 1133 196 53 before
1412 1133 259 53 national
1699 1140 206 59 courts,
1934 1132 202 71 chiefly

142 1210 1994 72 in continental Europe, by Eleanor Wyllys Allen … New
143 1289 177 68 York,
347 1292 121 53 The
494 1290 333 54 Macmillan
856 1306 298 53 company,
1186 1293 149 49 1933.

210 1364 117 48 xxii,
355 1365 85 40 354
466 1375 41 36 p.
566 1364 144 40 22½cm.

212 1420 250 42 Half-title:
543 1421 195 40 Bureau
791 1420 51 41 of
892 1419 352 43 international
1296 1420 239 48 research,
1587 1421 228 40 Harvard
1868 1420 273 48 university

137 1479 96 39 and
263 1477 239 42 Radcliffe
532 1480 191 45 college.

212 1535 178 41 “Table
416 1535 52 41 of
493 1534 164 41 cases”:
713 1545 42 37 p.
784 1534 217 41 333-345.

209 1590 376 48 Bibliography:
614 1601 44 36 p.
686 1590 217 40 309-331.

143 1644 58 52 ©
229 1647 119 50 Aug.
382 1648 68 47 15,
485 1647 113 40 1933;
662 1648 67 39 2c.
766 1647 96 39 and
896 1645 80 42 aff.
1014 1646 119 47 Aug.
1171 1646 54 39 16;
1288 1646 41 39 A
1363 1645 143 41 63916;
1571 1647 198 39 Bureau
1805 1647 51 40 of
1891 1647 250 40 internatl.

211 1705 237 40 research.
475 1704 228 40 Harvard
732 1703 128 40 univ.
888 1702 35 40 &
951 1702 240 40 Radcliffe
1220 1704 190 46 college,
1441 1703 300 47 Cambridge,
1770 1705 148 40 Mass.

221 1760 278 50 (33-31666)

141 1862 313 55 American
496 1864 106 53 bar
643 1862 376 55 association.
1096 1863 241 53 Council
1379 1880 72 35 on
1492 1863 150 69 legal
1682 1864 300 53 education
2026 1865 113 52 and.

211 1941 336 55 admissions
579 1949 55 45 to
665 1942 93 52 the
791 1942 114 52 har.

211 2019 120 54 The
366 2020 212 67 lawyer
614 2019 111 53 and
760 2018 95 54 the
892 2017 213 71 public,
1138 2015 190 57 edited
1363 2019 75 68 by
1472 2019 96 54 the
1605 2019 240 57 Council
1881 2040 72 34 on
1988 2022 147 67 legal

141 2096 301 55 education
491 2097 113 52 and
651 2096 336 55 admissions
1036 2102 58 48 to
1140 2097 95 53 the
1282 2098 103 52 bar
1432 2097 64 53 of
1540 2097 96 54 the
1682 2097 306 55 American
2035 2100 103 53 bar

142 2173 355 54 association.
573 2173 271 69 Chicago,
887 2174 113 68 Ill.,
1039 2175 124 53 The
1203 2175 340 67 University
1582 2176 64 54 of
1686 2176 255 69 Chicago
1982 2196 157 49 press

144 2255 192 66 [c1933]

215 2325 64 47 ix,
314 2324 112 51 [189]
456 2336 45 38 p.
562 2324 115 41 22cm.

215 2381 208 43 Various
452 2382 216 49 pagings.

216 2439 40 37 A
284 2438 150 42 series
461 2438 51 41 of
541 2437 167 42 fifteen
737 2439 208 41 lectures
973 2438 165 40 issued
1168 2439 155 40 under
1352 2440 80 40 the
1464 2438 222 51 auspices
1717 2441 50 41 of
1800 2443 80 40 the
1912 2443 227 42 National

147 2495 228 49 advisory
401 2495 188 41 council
613 2506 59 30 on
699 2495 138 40 radio
863 2496 50 38 in
938 2495 271 40 education,
1265 2496 61 46 cf.
1353 2496 129 41 Pref.

147 2550 51 53 ©
231 2554 127 50 Sept.
388 2554 38 47 5,
457 2553 113 40 1933;
629 2553 66 39 2c.
730 2553 125 47 Sept.
887 2551 82 48 22;
1003 2551 80 41 aff.
1118 2552 101 40 Oct.
1251 2552 81 48 16;
1365 2553 43 39 A
1437 2553 144 42 65737;
1642 2555 283 51 University
1956 2559 51 39 of
212 2549 1915 113 Chicago,
377 2611 221 47 Chicago.
670 2608 279 52 (33-31671)

144 2715 314 54 American
487 2713 291 55 technical
807 2712 244 66 society,
1083 2714 267 67 Chicago.

214 2793 125 54 The
372 2792 319 66 university
725 2790 361 69 cooperative
1122 2796 209 62 system
1369 2791 65 54 of
1469 2791 261 72 training
1761 2796 61 54 in
1858 2798 281 54 Practica]

147 2869 251 57 business
437 2868 493 67 administration;
973 2868 173 54 based
1185 2887 73 34 on
1298 2869 96 53 the
1433 2870 454 58 twelve-volume
1925 2876 217 69 library

147 2967 71 34 on
262 2948 159 67 sales,
467 2946 370 68 advertising,
879 2945 362 69 production,
1285 2947 357 71 accounting,
1685 2950 236 71 finance,

147 2969 1975 127 correspondence,
510 3023 148 54 office
690 3023 344 69 equipment,
1065 3025 301 66 personnel
1396 3025 175 69 work,
1602 3028 282 70 auditing,
1913 3038 116 48 cost
148 3047 1974 125 accounting,
471 3100 357 54 commercial
864 3101 127 66 law,
1025 3106 130 61 etc.;
1195 3104 282 65 prepared
1511 3103 76 69 by
1623 3122 30 35 a
1690 3124 164 51 corps
1890 3109 65 53 of
149 3127 1967 125 management
452 3180 310 67 engineers,
811 3178 274 67 auditors,
1135 3185 383 64 accountants,
1566 3184 113 52 and
1724 3187 316 66 specialists
2087 3190 55 52 in

147 3259 252 53 business
455 3257 258 53 methods
770 3257 113 52 and
939 3255 482 55 administration.
1516 3258 270 72 Chicago,
1841 3264 301 56 American

149 3335 277 55 technical
457 3334 210 66 society
705 3334 193 66 [c1933]

221 3410 24 38 1
273 3419 44 30 V.
375 3407 144 46 illus.,
548 3406 178 47 diagrs.
786 3404 118 41 29cm.

218 3465 156 40 Three
399 3464 154 39 forms
577 3462 103 40 laid
705 3462 64 40 in.

216 3520 225 43 Lettered
472 3531 60 28 on
561 3528 140 31 cover:
757 3515 244 44 Practical
1028 3516 223 42 business
1280 3518 412 45 administration.

154 3573 50 52 ©
235 3579 124 48 Sept.
386 3577 68 45 25,
481 3576 117 39 1933;
650 3575 65 39 2c.
744 3574 101 40 Oct.
871 3574 82 47 13;
983 3574 80 41 aff.
1093 3575 102 40 Oct.
1222 3575 82 47 25;
1334 3576 41 39 A
1402 3572 169 52 66783;
1601 3580 158 40 Amer.
1788 3582 238 43 technical
2056 3597 92 31 soc.

228 3631 278 52 (33-31465)

151 3725 303 68 Andrews,
484 3726 289 54 Matthew
803 3726 178 65 Page,
1014 3724 172 56 1879-

223 3807 120 54 The
378 3806 285 67 founding
696 3806 64 52 of
792 3803 327 69 Maryland,
1152 3803 77 69 by
1260 3806 278 53 Matthew
1575 3811 155 67 Page
1763 3813 281 59 Andrews

159 3884 328 64 Baltimore,
534 3886 120 50 The
699 3882 289 55 Williams
1034 3886 46 50 &
1124 3882 251 55 Wilkins
1421 3902 307 53 company;
1779 3892 139 54 New
1966 3897 178 68 York,

154 3962 252 68 London,
435 3964 70 51 D.
537 3959 580 70 Appleton-Century
1146 3978 297 51 company,
1474 3963 416 76 incorporated,
1924 3978 150 53 1933.
