2597 4403
1353 4112 68 50 40

452 498 86 39 122
572 509 43 38 p.
677 499 58 40 19½
767 502 45 20 cm
817 532 9 8 .

455 555 236 50 “Helpful
723 557 278 48 aphorisms
1031 557 130 40 from
1193 560 142 39 other
1367 559 265 42 authors”:
1666 572 42 38 p.
1741 562 220 43 117-119.

387 613 53 52 ©
470 618 113 40 Dec.
611 617 71 49 28,
713 617 142 48 1932;
888 617 68 42 2c.
986 617 114 42 Dec.
1130 617 83 49 29;
1247 619 83 41 aff.
1363 620 112 41 Jan.
1505 621 40 47 3,
1576 619 142 50 1933;
1750 621 44 40 A
1823 623 171 48 57836;
2030 624 242 49 Eugenics
2304 627 110 48 pub.

455 686 81 36 co.,
567 674 93 42 inc.
732 674 254 50 (33-1971)

379 766 288 68 Rølvaag,
699 768 104 54 Ole
836 767 251 66 Edvart,
1121 769 332 56 1876-1931.

451 845 127 54 The
605 845 137 54 boat
775 844 65 55 of
872 845 263 71 longing,
1170 865 31 35 a
1233 848 169 53 novel
1436 847 77 71 by
1550 847 70 57 O.
1657 848 67 54 E.
1758 849 295 72 Rölvaag;
2090 854 323 55 translated

381 923 156 55 from
586 925 97 53 the
732 924 352 71 Norwegian
1133 925 365 70 Lsengselens
1545 926 140 55 baat
1733 927 76 71 by
1858 929 160 55 Nora
2071 930 69 56 O.
2194 931 218 57 Solum.

379 1004 143 54 New
547 1003 167 55 York
739 1004 115 54 and
880 1004 265 70 London,
1168 1003 238 72 Harper
1432 1007 52 52 &
1511 1005 283 71 brothers,
1821 1010 153 53 1933.

451 1078 573 49 6 p. l., 304 p. 21½ cm .
454 1136 166 41 “First
649 1135 231 42 edition.”

385 1192 53 52 ©
468 1196 110 40 Jan.
608 1195 70 48 18,
707 1194 115 42 1933;
881 1195 68 41 2c.
979 1196 112 39 Jan.
1120 1194 83 49 19;
1236 1194 83 43 aff.
1350 1196 110 40 Jan.
1490 1196 84 47 20;
1607 1197 40 40 A
1676 1197 172 48 59036;
1882 1199 196 49 Harper
2107 1200 37 41 &
2171 1200 127 42 bros.

463 1253 254 50 (33-1840)

378 1342 218 66 Smith,
627 1342 194 56 Lewis
849 1344 334 65 Raymond,
1214 1349 174 51 1886-

455 1467 58 10 …
547 1422 374 69 Elementary
949 1421 313 55 industrial
1291 1419 346 72 electricity;
1669 1421 276 72 formerly
1974 1423 306 69 published
379 1444 2010 112 under
502 1502 98 54 the

621 1500 129 56 title
773 1501 65 52 of
859 1500 461 55 Direct-current
1343 1500 333 69 electricity,
1698 1500 76 70 by
1796 1500 65 53 L.
1886 1502 304 68 Raymond
2218 1503 191 56 Smith

384 1623 57 11 …
519 1580 73 52 2d
629 1579 86 54 ed.
787 1578 139 55 New
968 1577 163 53 York
1166 1576 115 56 and
1316 1578 260 69 London,
1612 1578 432 55 McGraw-Hill
2079 1581 148 52 book
378 1600 2008 127 company,
586 1657 128 69 inc.,
751 1660 152 50 1933.

447 1730 105 48 xiii,
579 1730 87 41 287
689 1740 43 38 p.
785 1729 145 49 illus.,
956 1729 183 48 diagrs.
1194 1728 56 41 19½
1282 1731 46 22 cm
1333 1761 9 9 .
1405 1729 118 49 (His
1548 1730 275 41 Industrial
1848 1732 213 49 physics.
2120 1745 57 38 [V.
2201 1733 71 50 3])

382 1789 53 52 ©
464 1793 112 40 Jan.
603 1793 42 46 4,
674 1790 142 48 1933;
847 1791 68 39 2c.
946 1791 112 40 Jan.
1087 1790 52 47 5;
1172 1789 83 41 aff.
1285 1790 111 41 Jan.
1427 1790 53 48 6;
1511 1791 43 39 A
1582 1791 171 48 57750;
1786 1792 357 41 McGraw-Hill
2173 1792 125 42 book
2326 1803 83 35 co.,

448 1849 93 41 inc.
613 1848 255 50 (33-1556)

376 1931 191 55 South
572 1930 170 64 wick,
776 1930 146 56 Orin
954 1931 277 64 Edward,
1266 1931 173 55 1870-

451 2012 124 52 The
613 2010 116 54 line
770 2009 65 54 of
875 2008 150 56 Orin
1069 2007 185 57 South
1259 2007 148 55 wick
1458 2008 371 71 (1789-1881)
1883 2030 31 33 a
1957 2011 349 54 descendant
2346 2011 67 54 of

377 2092 310 52 Lawrence
719 2091 114 52 and
868 2089 326 55 Cassandra
1232 2087 339 57 Southwick
1602 2089 66 54 of
1701 2089 212 69 Salem,
1942 2089 468 70 Massachusetts,

378 2171 287 69 compiled
708 2170 77 70 by
830 2169 150 56 Orin
1026 2169 257 54 Edward
1332 2167 352 57 Southwick.
1770 2169 352 70 Champlain
2191 2170 72 56 [N.
2311 2171 74 55 Y.]

378 2252 160 53 Priv.
569 2251 179 69 print,
779 2257 60 48 at
866 2250 98 54 the
992 2248 336 55 Moorsfield
1357 2267 178 51 press,
1567 2252 152 51 1932.

445 2326 71 49 49,
562 2327 43 50 [4]
635 2338 44 38 p.
735 2325 59 41 24½
826 2328 45 21 cm
876 2356 9 9 .

451 2385 372 48 “Eighty-three
855 2382 162 49 copies
1051 2384 52 40 of
1135 2383 100 41 this
1267 2383 267 49 genealogy
1567 2392 127 32 were
1726 2382 197 50 printed
1960 2414 48 10 …
2042 2382 52 42 in
2128 2383 279 51 December,

375 2442 115 42 1932
524 2474 47 9 …
630 2442 206 40 number
866 2441 99 41 82.”

451 2501 53 40 “I
542 2500 126 41 have
702 2500 259 40 extracted
999 2497 130 42 from
1167 2498 83 40 the
1289 2498 278 49 Genealogy
1602 2499 56 39 of
1695 2499 82 40 the
1816 2499 327 42 descendants
2182 2499 52 41 of
378 2500 2012 99 Lawrence
555 2560 97 39 and

687 2556 282 42 Cassandra
1009 2555 298 49 Southwick,
1344 2555 241 49 compiled
1617 2556 61 48 by
1714 2556 168 40 James
1919 2557 63 39 M.
2021 2555 163 42 Caller
2224 2590 47 9 …
2310 2560 97 39 and

379 2616 117 39 Mrs.
528 2613 162 42 Maria
721 2614 56 41 A.
810 2613 127 41 Ober
972 2644 47 9 …
1054 2612 231 41 material
1318 2612 215 49 relating
1562 2615 52 38 to
1648 2645 46 10 …
1733 2612 98 51 [the
1863 2612 98 41 line
1994 2613 54 41 of
2078 2613 120 41 Orin
377 2612 2011 111 Southwick]

554 2671 253 49 including
842 2671 82 41 the
959 2672 170 39 record
1164 2671 52 40 of
1251 2669 120 42 each
1408 2671 311 40 descendant.
1785 2671 69 40 To
1889 2670 102 41 this
2026 2672 24 39 I
2086 2671 126 41 have
2247 2671 159 42 added

377 2728 326 42 information
737 2740 61 29 on
831 2728 240 41 members
1105 2729 52 40 of
1190 2728 84 40 the
1307 2727 178 49 family
1518 2728 52 39 in
1604 2728 82 41 the
1720 2727 183 50 eighth,
1938 2728 159 49 ninth,
2133 2728 139 41 tenth
2309 2731 97 39 and

377 2786 226 42 eleventh
631 2786 314 49 generations
974 2786 52 39 of
1053 2796 80 38 my
1163 2796 109 29 own
1299 2784 484 42 line.”—Foreword.

450 2845 162 39 Blank
638 2854 151 38 pages
814 2844 80 40 for
925 2842 373 49 “Genealogical
1326 2841 168 42 notes”
1535 2842 99 50 ([8],
1667 2842 201 51 [50-52])

380 2897 52 53 ©
459 2902 115 41 Dec.
598 2902 69 49 21,
695 2900 143 48 1932;
867 2901 68 41 2c.
962 2901 112 40 Jan.
1099 2901 41 47 3,
1167 2900 142 47 1933;
1339 2900 82 42 aff.
1451 2900 110 40 Jan.
1590 2899 52 49 9;
1671 2900 42 40 A
1739 2900 172 48 57884;
1943 2900 280 41 Moorsfield
2249 2910 154 39 press.

458 2958 253 50 (33-1539)

374 3042 206 65 Truss,
609 3043 233 56 Seldon.

446 3120 431 54 Disinherited!
963 3121 370 67 [Instalment
1367 3123 48 64 1]

457 3195 85 49 (In
569 3192 254 51 Answers,
855 3192 116 44 Dec.
1001 3195 40 48 3,
1074 3193 146 49 1932)

380 3249 53 52 ©
460 3253 67 40 1c.
555 3253 112 40 Jan.
694 3252 69 44 25,
793 3252 143 47 1933;
965 3253 41 39 A
1034 3254 61 39 ad
1125 3252 84 41 int.
1239 3252 172 47 17411;
1442 3252 145 48 pubd.
1615 3252 119 41 Nov.
1763 3252 71 48 28,
1862 3251 143 47 1932;
2035 3251 161 42 Leslie
2225 3251 175 42 Seldon

449 3310 167 44 Truss,
646 3309 274 48 Ticehurst,
952 3308 195 49 Sussex,
1177 3310 240 47 England.

375 3382 166 56 Utah
581 3384 112 53 and
730 3382 215 57 Pacific
983 3385 205 68 digest,
1224 3384 271 70 covering
1531 3385 78 54 all
1646 3403 150 36 cases
1832 3385 270 69 reported
2138 3384 62 55 in
2233 3382 164 57 Utah

445 3468 243 63 reports,
723 3466 331 65 1850-1931,
1090 3461 214 56 Pacific
1340 3468 276 64 reporter,
1650 3465 253 52 volumes
1942 3466 188 66 1-300,
2167 3463 114 53 and
2318 3463 78 52 all

447 3542 64 52 of
535 3542 98 53 the
657 3540 215 58 Pacific
898 3547 175 50 states
1096 3548 226 64 reports
1349 3543 156 52 from
1529 3544 97 52 the
1652 3543 229 55 earliest
1906 3543 166 53 times
2104 3585 56 9 …
446 3543 1925 145 Compiled

635 3622 112 51 and
778 3621 191 52 edited
998 3622 74 56 by
1099 3622 97 52 the
1224 3622 343 68 publisher’s
1597 3622 270 53 editorial
1895 3619 151 55 staff,
2123 3640 50 33 v.
2204 3624 190 50 29-31.

448 3697 83 57 St.
562 3701 167 67 Paul,
756 3701 163 54 West
944 3700 341 69 publishing
1312 3720 99 41 co.,
1442 3704 153 50 1932.

444 3775 29 40 3
501 3786 42 29 v.
600 3773 56 41 26
660 3777 45 21 cm
709 3806 8 7 .

789 3842 44 29 CONTENTS.—v.
875 3829 73 42 29.
990 3830 584 42 Names-Partition.—v.
1617 3830 72 42 30.
376 3829 2024 100 Partnership-Pleading.—v.
450 3885 72 43 31.

552 3887 412 47 Pledges-Public
990 3889 156 39 lands.

375 3955 43 31 v.
443 3943 69 50 29,
540 3945 69 46 30,
639 3941 53 52 ©
719 3945 113 41 Dec.
859 3945 69 47 28,
957 3943 141 47 1932;
1128 3956 42 28 v.
1197 3945 69 47 31,
1297 3940 58 52 ©
1378 3945 114 40 Dec.
1520 3944 82 42 29;
1633 3944 53 42 2c
1727 3945 120 40 each
1875 3945 111 40 Jan.
2015 3944 70 42 11.
2113 3943 140 43 1933;
2286 3943 107 41 affs.

447 4002 112 41 Jan.
587 4001 83 49 12;
701 4003 41 39 A
770 4001 350 43 58845-58847:
1154 4002 136 40 West
1317 4002 110 47 pub.
1459 4011 68 31 co.
