2582 4453
1333 4139 138 54 1572

375 443 330 66 Crowther,
742 445 259 61 Samuel,
1041 447 171 51 1880-

445 521 262 55 America
741 520 458 71 self-contained,
1231 520 74 70 by
1336 520 231 56 Samuel
1600 521 313 56 Crowther.
1980 520 233 55 Garden
2247 520 153 72 City,

377 601 67 53 N.
478 601 89 69 Y.,
597 600 358 70 Doubleday,
986 600 197 53 Doran
1212 603 51 50 &
1293 618 297 52 company,
1620 602 126 67 inc.,
1779 603 153 50 1933.

443 688 511 49 4 p. l., 340 p. 21cm.
433 758 164 42 “First
640 759 231 42 edition.”

378 830 53 53 ©
466 836 120 40 Nov.
622 836 23 38 1,
697 836 142 47 1933;
878 835 67 40 2c.
982 836 96 39 and
1115 834 83 41 aff.
1235 835 119 41 Nov.
1391 835 54 47 2;
1483 835 41 39 A
1560 834 173 48 65907;
1775 835 43 41 S.
1858 835 268 48 Crowther,
2167 835 237 48 Sunapee,

449 892 54 40 N.
532 894 61 39 H.
665 893 284 48 (33-33248)

379 995 124 54 The
532 994 286 66 Dolphin;
851 1018 32 33 a
911 997 232 68 journal
1173 997 64 54 of
1265 997 99 53 the
1388 998 240 69 making
1658 997 63 54 of
1749 998 177 53 books.
2017 1017 90 35 no.
2140 1002 45 48 1.
2261 997 141 55 New

452 1075 181 69 York,
660 1076 123 53 The
808 1076 254 54 Limited
1090 1076 247 56 editions
1364 1077 148 67 club,
1541 1080 152 51 1933.

449 1164 1739 51 5 p. l., 3-363 p., 1 l. illus., plates (1 mounted) facsims. 31½cm.
452 1232 1950 51 “The first number … published … in an edition of twelve hundred
377 1290 205 50 copies.”

451 1350 227 40 Includes
712 1348 307 50 advertising
1051 1350 196 41 matter.

452 1407 336 41 “Bibliotheca
828 1407 382 49 typographica:
1251 1419 28 29 a
1317 1408 86 40 list
1440 1407 53 41 of
1530 1408 149 40 books
1717 1410 149 39 about
1906 1409 163 49 books,
2109 1410 61 47 by
2209 1409 193 41 Horace

381 1464 187 44 Hart”:
598 1476 76 30 no.
704 1465 40 49 1,
776 1475 43 39 p.
850 1463 220 43 161-194.

383 1537 53 52 ©
468 1541 120 48 Aug.
620 1541 71 47 26,
723 1541 143 46 1933;
898 1541 67 40 2c.
999 1541 95 39 and
1129 1540 83 41 aff.
1244 1540 119 40 Nov.
1398 1539 81 42 10;
1515 1540 42 38 A
1588 1538 171 47 66987;
1796 1539 211 41 Limited
2041 1539 211 41 editions
2284 1539 125 46 club,

452 1599 90 40 inc.
618 1598 284 49 (33-33067)

381 1701 248 64 Donald,
659 1700 259 57 William
948 1701 158 55 John
1138 1699 359 67 Alexander,
1531 1704 173 50 1890-

380 1777 2024 150 Trade associations; management policies, organization, personnel, services, by W. J. Donald … 1st ed. New York and
382 1937 255 67 London,
669 1936 433 55 McGraw-Hill
1131 1935 149 54 book
1310 1953 298 52 company,
1638 1936 126 68 inc.,
1798 1939 152 49 1933.

453 2008 97 50 xiv,
581 2010 88 40 437
700 2021 44 37 p.
802 2009 148 41 23½cm.

385 2081 53 54 ©
464 2086 119 41 Nov.
609 2086 42 48 2,
678 2085 141 47 1933;
849 2085 69 41 2c.
945 2085 118 41 Nov.
1091 2085 55 48 3;
1177 2083 79 43 aff.
1287 2084 119 41 Nov.
1435 2085 53 47 7;
1518 2085 41 39 A
1586 2083 172 49 65987;
1790 2084 359 42 McGraw-Hill,
2173 2085 125 42 book
2325 2095 83 38 co.,

453 2144 91 41 inc.
617 2143 283 49 (33-33075)

386 2248 221 65 Edgar,
638 2246 266 68 Pelham,
938 2248 175 54 1871-

390 2325 1993 150 The art of the novel from 1700 to the present time, by Pelham Edgar … New York, The Macmillan company, 1933.
460 2490 46 40 x,
532 2480 88 42 493
645 2492 46 38 p.
749 2480 106 42 fold.
897 2480 155 49 diagr.
1113 2481 149 41 22½cm.

463 2552 382 49 “Bibliography
873 2554 93 39 and
999 2553 332 48 biographical
1363 2552 168 41 notes”;
1588 2564 43 37 p.
1659 2552 220 42 367-475.

388 2621 53 53 ©
467 2626 119 40 Nov.
614 2627 40 46 3,
682 2625 142 48 1933;
853 2626 68 41 2c.
949 2627 96 39 and
1073 2625 83 41 aff.
1184 2626 118 41 Nov.
1329 2626 55 47 4;
1415 2626 41 39 A
1482 2625 173 47 67116;
1687 2625 284 41 Macmillan
1999 2636 70 31 co.

468 2683 284 48 (33-33292)

388 2788 159 64 Eger
576 2790 115 52 and
724 2788 222 57 Grime.

553 2863 1857 73 … Eger and Grime; a parallel-text edition of the Percy and
388 2941 96 54 the
522 2943 597 72 Huntington-Laing
1161 2944 255 55 versions
1458 2943 65 54 of
1563 2945 97 53 the
1702 2962 281 51 romance,
2025 2944 142 54 with
2210 2964 72 34 an
387 2944 1998 148 introductory
773 3023 173 71 study
994 3024 75 69 by
1118 3024 196 54 James
1363 3023 244 53 Ralston
1658 3022 297 56 Caldwell.
2043 3022 366 70 Cambridge,

386 3097 278 58 Harvard
695 3102 322 70 university
1050 3121 176 51 press,
1260 3105 154 50 1933.

392 3174 2001 109 viii p., 2 l., [3]-353 p. diagrs. 22cm. (Harvard studies in comparative literature. vol. IX)
461 3302 235 42 “Notes”:
726 3313 43 38 p.
816 3303 238 50 [159]-176.

393 3369 53 53 ©
471 3374 101 41 Oct.
598 3376 70 46 24,
695 3375 141 47 1933;
864 3376 66 40 2c.
959 3376 102 40 Oct.
1086 3377 83 42 27;
1199 3376 81 40 aff.
1309 3377 101 40 Oct.
1436 3377 83 45 30;
1549 3376 39 40 A
1614 3376 172 44 66813;
1817 3376 257 41 President
2102 3375 95 41 and
2223 3375 192 41 fellows

464 3431 53 40 of
542 3433 232 40 Harvard
802 3434 195 47 college,
1025 3433 304 49 Cambridge,
1359 3435 146 39 Mass.
1578 3433 283 48 (33-33107)

392 3532 415 66 Enciclopedia
830 3536 242 54 italiana
1096 3538 60 52 di
1180 3538 235 68 scienze,
1438 3541 198 51 lettere
1657 3538 69 53 ed
1750 3538 131 68 arti,
1902 3538 334 68 pubblicata
2261 3539 150 50 sotto

464 3613 158 54 l’alto
655 3619 310 64 patronato
1002 3617 57 54 di
1098 3617 57 55 S.
1190 3619 80 51 M.
1303 3618 45 53 il
1382 3619 85 53 Re
1501 3618 69 52 de
1604 3617 255 53 d’Italia.
2071 3659 10 9 [XIX.
2117 3614 271 54 Indi-Ita]

464 3691 202 69 Roma,
700 3695 241 53 Istituto
975 3696 153 53 della
1164 3695 412 72 Enciclopedia
1610 3696 245 53 italiana
1891 3695 244 52 fondata
2168 3694 70 52 da
462 3693 1925 133 Giovanni
666 3773 293 69 Treccani,
988 3778 153 49 1933.

460 3847 1959 52 4 p. l., [ix]-xv, 1063 p. illus. (incl. ports.) plates (part col.) maps
398 3903 136 48 (part
568 3904 144 44 fold.)
783 3906 146 40 31½cm.

392 3969 2008 114 © Oct. 20, 1933; 1c. Nov. 28; A-Foreign 22871; Istituto dell’ Enciclopedia italiana fondato da Giovanni Treccani.
