2582 4453
1308 4157 133 50 1048

355 494 311 65 Lambton,
698 493 252 65 Arthur,
985 496 172 51 1869-

428 563 1945 77 The galanty show, by Arthur Lambton … London, Hurst
357 656 46 50 &
435 652 285 68 Blackett,
751 650 103 53 ltd.
915 652 153 65 [1933]

429 740 88 41 288
551 749 43 39 p.
653 738 152 41 front.
864 736 118 41 22cm.

363 805 1994 112 © 1c. June 9, 1933; A ad int. 17879; pubd. Apr. 12; A. Lambton, London. (33-18771)
357 969 285 66 Langille,
672 970 211 57 Leslie.

430 1043 1948 73 Men of the Rainbow, by Leslie Langille … Chicago, Ill.,
361 1128 122 53 The
514 1125 343 57 O’Sullivan
889 1126 339 69 publishing
1256 1126 190 67 house,
1481 1127 150 51 1933.

432 1202 89 42 203
554 1213 45 38 p.
659 1201 117 40 22cm.

367 1271 52 53 ©
450 1276 118 47 July
595 1275 70 47 12,
695 1275 141 47 1933;
869 1274 66 41 2c.
967 1275 98 39 and
1094 1273 83 42 aff.
1208 1274 118 48 July
1355 1273 82 47 22;
1470 1274 43 38 A
1542 1272 171 48 63646;
1747 1273 52 41 L.
1829 1271 235 49 Langille,
2097 1269 227 49 Chicago.

444 1331 283 51 (33-19235)

359 1438 241 64 Lemon,
628 1438 245 63 Harvey
900 1437 206 63 Brace,
1138 1441 171 50 1885-

436 1514 433 54 Electrostatics;
937 1532 31 34 a
1005 1513 172 69 guide
1218 1512 96 54 for
1348 1531 99 35 use
1483 1512 142 54 with
1662 1513 96 53 the
1798 1512 362 54 educational
2198 1511 184 55 sound

368 1593 241 70 picture,
661 1591 524 55 “Electrostatics.”
1258 1591 303 54 Produced
1617 1590 96 54 for
1765 1591 101 53 the
1917 1591 342 69 University
2313 1590 67 55 of

367 1672 253 69 Chicago
665 1672 77 69 by
786 1672 96 53 the
930 1670 386 54 Educational
1363 1671 259 53 research
1668 1669 135 55 staff
1849 1669 65 55 of
1960 1670 148 69 Erpi
2158 1669 223 70 picture

365 1751 373 68 consultants,
788 1749 424 69 incorporated,
1260 1749 141 54 New
1453 1748 165 54 York
1669 1747 135 71 city,
1854 1749 61 53 in
1968 1748 415 54 collaboration

370 1825 1886 73 with Harvey B. Lemon and Hermann I. Schlesinger …
368 1907 273 70 Chicago,
681 1908 116 68 Ill.,
834 1907 122 53 The
996 1905 341 71 University
1376 1904 65 56 of
1482 1905 254 71 Chicago
1778 1924 159 51 press
1984 1908 174 66 [1933]

438 1981 62 48 iv,
531 1981 70 50 24,
638 1982 54 51 [1]
724 1991 45 39 p.
829 1981 128 41 illus.
1018 1980 117 42 20cm.

441 2051 239 44 “General
707 2050 303 43 references”
1029 2061 10 32 :
1068 2061 44 39 p.
1141 2049 179 54 24-[25]

373 2122 51 52 ©
456 2127 118 46 July
602 2126 69 45 11,
701 2125 141 47 1933;
875 2125 57 40 2c
960 2125 117 47 July
1107 2125 83 46 14;
1223 2124 82 40 aff.
1338 2125 116 47 July
1485 2124 82 46 15;
1601 2125 44 38 A
1674 2123 171 48 63599;
1880 2124 284 48 University
2195 2124 52 41 of
441 2124 1927 106 Chicago,
604 2182 225 49 Chicago.
900 2182 282 48 (33-19071)

439 2284 237 69 Energy
713 2284 114 53 and
864 2283 75 54 its
975 2282 540 69 transformations;
1555 2301 33 36 a
1627 2282 173 71 guide
1838 2282 95 56 for
1971 2302 98 37 use
2107 2283 143 55 with
2285 2283 101 56 the

370 2363 359 53 educational
762 2363 183 53 sound
980 2361 241 69 picture,
1256 2361 272 70 “Energy
1561 2362 115 53 and
1710 2362 76 55 its
1821 2361 564 56 transformations.”

369 2442 302 53 Produced
710 2440 95 54 for
841 2441 96 53 the
974 2440 341 70 University
1353 2439 64 56 of
1456 2439 253 71 Chicago
1746 2441 76 69 by
1861 2442 97 53 the
1998 2441 386 54 Educational

370 2520 257 54 research
664 2518 135 55 staff
835 2518 65 55 of
934 2519 149 69 Erpi
1119 2518 223 69 picture
1378 2519 372 68 consultants,
1786 2520 423 69 incorporated,
2244 2519 142 55 New

368 2597 1992 228 York city, in collaboration with Harvey B. Lemon and Hermann I. Schlesinger … Chicago, Ill., The University of Chicago press [1933]
442 2830 62 49 iv,
537 2829 70 48 25,
647 2830 55 51 [1]
737 2840 44 38 p.
845 2829 128 41 illus.
1033 2828 118 41 20cm.

443 2900 238 43 “General
709 2898 302 44 references”
1031 2910 10 30 :
1071 2910 46 39 p.
1144 2898 58 42 25-
1239 2898 83 52 [26]

377 2971 51 52 ©
459 2975 116 47 July
604 2975 68 44 11,
703 2973 141 42 1933;
875 2973 67 42 2c.
974 2973 115 47 July
1119 2973 81 46 14;
1234 2972 80 40 aff.
1347 2973 118 47 July
1493 2973 81 45 15;
1607 2973 44 38 A
1678 2973 171 42 63600:
1884 2974 284 49 University
2196 2975 53 40 of
447 2975 1924 104 Chicago,
615 3031 224 48 Chicago.
911 3029 283 50 (33-19072)

372 3135 250 64 Lenard,
651 3132 234 66 Philipp
916 3134 241 52 Eduard
1187 3134 221 65 Anton,
1441 3139 172 50 1862-

444 3213 180 55 Great
664 3231 130 35 men
837 3212 65 55 of
942 3212 241 68 science;
1229 3231 31 34 a
1301 3211 224 69 history
1566 3212 65 54 of
1671 3213 272 54 scientific
1986 3231 281 52 progress,
2308 3215 75 69 by

377 3291 2007 70 Philipp Lenard … translated from the second German edition
377 3372 73 67 by
486 3373 103 53 Dr.
629 3372 76 53 H.
751 3371 257 55 Stafford
1047 3370 278 67 Hatfield,
1363 3370 142 53 with
1543 3389 31 34 a
1612 3370 232 68 preface
1878 3371 78 68 by
1992 3372 68 52 E.
2098 3373 69 53 N.
2207 3373 71 52 da
2318 3373 61 56 C.

375 3449 1632 65 Andrade … London. G. Bell and sons ltd., 1933.
445 3524 100 47 xix,
577 3524 87 41 389
694 3535 41 37 p.
798 3526 148 45 ports.
1008 3523 54 39 21cm.

380 3590 2004 54 © 1c. June 28, 1933: A ad int. 17937; pubd. May 2: Macmillan co.,
446 3652 117 39 New
598 3652 143 39 York.
813 3650 282 48 (33-18809)

372 3755 182 63 Lloyd
588 3755 246 65 George,
865 3754 210 57 David.

442 3833 111 54 Mr.
588 3835 185 68 Lloyd
809 3835 267 67 George’s
1112 3854 117 33 Avar
1261 3835 280 52 memoirs.
1624 3836 391 66 [Instalments
2048 3838 189 65 28-30]

452 3919 86 49 (In
567 3919 201 42 London
798 3918 146 53 Daily
974 3919 279 52 telegraph,
1282 3918 127 43 June
1442 3921 70 46 17,
1546 3921 69 48 19,
1648 3920 71 49 20,
1753 3920 143 49 1933)

381 3988 2004 53 © 1c. each Aug. 15, 1933; A ad int. 18109; pubd. June 17, 19, 20; D.
449 4050 149 47 Lloyd
635 4050 196 47 George,
867 4050 168 47 Churt,
1072 4049 193 49 Surrey,
1302 4051 237 48 England.
