2582 4453
1257 4116 105 52 504

296 427 276 65 Sumrall,
602 425 258 57 William
889 426 280 65 Herbert,
1202 431 171 50 1888-

370 509 120 52 The
525 506 192 68 social,
750 506 303 67 economic,
1088 506 114 52 and
1236 503 325 54 vocational
1597 509 182 48 status
1814 502 64 54 of
1912 503 309 68 graduates
2255 502 63 53 of

299 608 32 33 a
359 586 204 55 liberal
591 592 118 47 arts
736 586 212 67 college
978 584 94 54 for
1098 603 128 35 men
1265 582 380 69 (Mississippi
1673 583 241 67 college)
1952 582 76 68 by
2057 582 257 56 William

299 666 255 55 Herbert
599 665 271 56 Sumrall.
952 662 450 70 [Bloomington,
1444 663 151 66 Ind.]
1643 661 144 54 Pub.
1831 662 183 52 under
2055 662 95 52 the
299 680 1995 135 auspices
477 745 65 53 of
567 746 97 52 the
690 745 297 55 Graduate
1015 741 221 58 council
1264 741 65 54 of
1355 741 252 54 Indiana
1633 740 338 67 university,
2002 744 150 49 1933.

369 819 86 41 149
490 830 42 38 p.
594 819 148 41 23½cm.

369 891 173 40 Thesis
582 890 110 49 (PH.
755 888 318 49 D.)—Indiana
1104 886 288 49 university,
1423 885 129 42 1929.

369 948 379 49 Bibliography:
782 959 43 38 p.
856 945 219 42 147-149.

303 1017 52 53 ©
383 1023 123 39 Mar.
533 1020 69 49 16,
627 1020 115 41 1933;
798 1020 68 40 2c.
893 1020 97 40 and
1015 1017 83 42 aff.
1126 1019 124 40 Mar.
1277 1017 82 47 18;
1389 1017 41 39 A
1456 1015 172 48 60675;
1659 1016 72 40 W.
1759 1016 61 39 H.
1852 1015 229 48 Sumrall,
2110 1014 210 49 Clinton,

371 1078 135 41 Miss.
579 1077 253 50 (33-9443)

296 1184 307 65 Swanson,
632 1182 243 66 Joseph.

431 1257 1886 73 … Med Guds hjälp; verklighetsskildringar fr å n Svensk-
296 1341 295 55 Amerika.
670 1340 354 69 Stockholm,
1058 1341 66 53 E.
1159 1338 201 55 Fraim
1416 1342 155 65 [1932]

371 1415 85 42 102
483 1425 45 39 p.
589 1415 117 41 19cm.

298 1479 2005 105 CONTENTS. — En lycklig prövning. — Lazarus uppväckt. — Hans äter funna
499 1543 111 48 själ.
627 1566 61 6 —
704 1542 368 48 Ersättningen.
1089 1565 61 5 —
1165 1541 195 41 Bönens
1406 1540 151 41 makt.
1573 1563 61 5 —
1650 1539 141 42 Inför
1837 1539 316 48 avgörandet.
2170 1562 61 6 —
2246 1538 72 41 En

299 1598 1153 52 moders enda fr å ga [av pastor Efr. Fraim]
304 1670 53 53 ©
399 1675 122 40 Nov.
561 1675 69 47 15,
673 1673 143 48 1932;
890 1685 37 30 1c.
972 1674 112 40 Dec.
1127 1673 82 47 23;
1285 1684 37 29 1c.
1367 1672 111 41 Jan.
1521 1672 40 47 6,
1604 1670 143 49 1933;
1792 1669 314 50 A-Foreign
2149 1669 171 48 19255;

373 1732 43 41 J.
447 1732 251 47 Swanson,
727 1731 263 49 Brooklyn,
1020 1732 57 39 N.
1107 1731 54 41 Y.
1234 1729 253 51 (33-9664)

303 1837 267 68 [Turner,
597 1836 157 55 John
783 1835 226 69 Victor]
1046 1841 174 51 1900-

374 1915 142 53 Fair
569 1914 252 68 murder,
874 1913 76 70 by
1004 1912 275 55 Nicholas
1335 1912 201 71 Brady
1620 1912 213 70 [pseud.]
1927 1911 263 68 London,
2246 1910 71 56 G.

300 1993 135 55 Bles
470 1996 175 65 [1933]

373 2067 62 48 vi,
467 2067 86 42 282
581 2077 45 40 p.
686 2066 118 44 19cm.

304 2137 52 53 ©
412 2153 35 29 1c.
476 2141 100 48 Apr
615 2140 70 47 28,
712 2139 141 47 1933;
882 2140 39 39 A
947 2142 62 39 ad
1035 2140 87 41 int.
1149 2140 173 47 17735;
1350 2140 144 48 pubd.
1521 2139 112 41 Feb.
1659 2139 84 48 28;
1773 2140 44 40 J.
1844 2140 54 40 Y.
1925 2139 204 46 Turner,
2160 2138 161 49 Stone,

375 2198 368 47 Staffordshire,
775 2199 238 47 England.
1086 2197 282 50 (33-11399)

297 2304 195 65 Tyler,
522 2305 194 64 Tracy
748 2304 221 56 Ferris.

373 2383 167 55 Some
566 2383 473 68 interpretations
1067 2385 113 52 and
1206 2383 355 56 conclusions
1584 2383 66 56 of
1672 2384 96 53 the
1794 2383 339 68 land-grant
2157 2382 162 53 radio

299 2461 1995 148 survey, by Tracy Ferris Tyler … Washington, D. C., National committee on education by radio, 1933.
370 2616 24 39 1
424 2628 43 36 p.
518 2648 23 16 l.,
570 2616 59 40 25
654 2626 43 38 p.
758 2615 155 49 diagr.
975 2616 117 41 23cm.

371 2688 104 40 The
516 2699 177 36 survey
736 2698 102 31 was
879 2688 272 40 conducted
1193 2688 155 39 under
1392 2688 81 39 the
1515 2686 223 49 auspices
1782 2686 52 41 of
1876 2688 82 39 the
2002 2685 137 42 Joint
2183 2686 137 41 radio

299 2756 178 37 survey
509 2746 291 46 committee,
834 2747 96 38 and
964 2746 84 40 the
1078 2745 210 48 findings
1322 2756 126 30 were
1481 2744 256 49 published
1771 2745 155 39 under
1960 2745 82 40 the
2077 2744 133 40 title:
2247 2746 73 38 An

302 2803 252 49 appraisal
596 2803 51 41 of
690 2803 139 41 radio
871 2803 351 49 broadcasting
1261 2803 49 40 in
1354 2804 82 39 the
1478 2803 283 48 land-grant
1803 2803 206 47 colleges
2053 2804 96 38 and
2191 2803 130 39 state

300 2861 329 43 universities.

305 2929 53 53 ©
385 2936 124 40 Mar.
533 2934 70 49 21,
629 2934 142 48 1933;
800 2935 67 41 2c.
895 2936 123 40 Mar.
1044 2935 84 47 24;
1157 2934 83 42 aff.
1268 2935 123 39 Mar.
1418 2934 84 48 22;
1531 2934 42 40 A
1597 2933 173 49 61060;
1799 2933 132 41 Natl,
1959 2932 275 42 committee
2263 2945 57 29 on

373 2992 260 41 education
660 2992 62 49 by
749 2993 153 40 radio.
975 2991 253 51 (33-9439)

298 3096 73 55 U.
399 3096 57 55 S.
532 3096 185 68 Laws,
743 3103 260 62 statutes,
1029 3103 100 48 etc.

370 3174 219 54 United
631 3174 190 57 States
860 3177 154 55 Code
1054 3176 327 53 annotated.
1457 3175 223 68 March,
1720 3178 154 66 1933,
1911 3174 213 70 special
299 3193 1996 129 pamphlet.
555 3253 356 72 Containing
937 3255 97 54 the
1060 3255 321 69 important
1406 3261 118 47 acts
1550 3255 64 54 of
1641 3275 30 33 a
1697 3256 231 69 general
1956 3255 114 53 and
299 3273 1989 113 permanent
469 3338 202 49 nature
706 3333 65 54 of
802 3335 95 53 the
931 3334 149 54 72nd
1116 3337 301 67 Congress,
1449 3336 206 52 second
1686 3336 231 67 session,
1949 3335 155 53 from
300 3335 1994 144 January
455 3415 124 51 31st
627 3419 59 47 to
737 3413 204 54 March
993 3415 118 67 4th,
1164 3415 113 52 and
1330 3414 139 53 73rd
1524 3414 300 70 Congress,
1876 3420 161 49 extra
2089 3414 230 70 session,

299 3491 204 53 March
534 3495 48 55 9,
614 3495 152 65 1933,
794 3493 141 53 with
967 3493 172 54 index
1171 3493 112 54 and
1313 3494 198 54 tables.
1591 3493 484 71 Supplementing
301 3495 1992 144 February
450 3574 134 49 1933
630 3572 348 54 cumulative
1024 3574 301 68 pamphlet
1369 3574 114 53 and
1526 3575 303 68 pamphlet
1871 3593 89 35 no.
2009 3578 47 64 1,
2099 3575 220 55 United

303 3647 191 56 States
524 3651 172 62 Code,
726 3652 280 68 Compact
1030 3652 236 55 edition.
1345 3652 84 56 St.
1458 3655 167 60 Paul,
1650 3656 164 54 West
1840 3653 339 71 publishing
2207 3672 108 49 co.;

300 3728 344 70 Northport,
674 3731 254 54 Edward
959 3732 331 70 Thompson
1322 3752 78 37 co.
1455 3736 176 65 [c1933]

372 3805 57 40 64
459 3816 41 37 p.
558 3806 147 41 23½cm.

376 3862 72 41 On
475 3872 167 31 cover:
672 3862 180 42 United
879 3864 166 41 States
1070 3866 129 39 code.
1256 3865 231 49 Compact
1514 3865 199 42 edition.
1771 3866 183 44 March,
1983 3866 129 49 1933,
2140 3866 177 49 special

301 3920 264 48 pamphlet,
599 3932 75 30 no.
706 3920 41 41 2.

307 3985 52 53 ©
390 3990 121 40 Mar.
542 3992 68 47 17,
642 3990 112 42 1933;
812 3992 66 41 2c.
909 3994 113 47 Apr.
1054 3994 83 45 14;
1170 3994 82 41 aff.
1283 3994 114 48 Apr.
1427 3995 83 47 15;
1542 3995 40 39 A
1613 3995 172 48 62055;
1818 3996 136 41 West
1985 3995 109 49 pub.
2126 4007 68 30 co.
2225 3997 95 39 and

375 4047 214 41 Edward
615 4049 275 45 Thompson
917 4060 67 31 co.
