2484 4405
1124 4107 141 54 1183

146 464 297 66 Sweeney,
477 465 138 51 Mrs.
649 460 191 54 Mabel
873 457 255 55 Vincent
1170 451 360 70 (Robillard)
1572 454 170 50 1884-

221 546 121 52 The
367 543 241 68 journey
635 539 63 53 of
723 541 98 51 Ma
850 537 113 54 and
991 538 84 51 Pa
1105 534 267 67 Sweeney
1403 530 153 55 from
1583 530 200 67 Egypt
1810 533 57 46 to
1898 526 253 66 Canaan,

151 604 2000 87 by Mabel V. Sweeney … Myricks, Mass., W. A. Holmes,
151 703 239 67 printer,
424 702 149 51 1933.

221 773 54 40 91
308 783 43 37 p.
411 774 122 46 port.
593 770 56 40 23½
682 770 44 23 cm
731 801 9 9 .

156 813 2000 68 © May 29, 1933; 2c. July 33; aff. July 29; A 63763; M. V. Sweeney,
226 890 197 44 Dexter,
458 887 90 40 Me.
619 883 281 50 (33-22028)

149 964 254 63 Thayer,
433 963 134 55 Lee.

228 1022 1930 84 Counterfeit, by Lee Thayer … New York, Sears publishing
159 1116 486 69 company [ c 1933]
223 1175 175 64 320 p. 19½cm.
160 1244 53 52 ©
238 1249 107 47 Aug.
385 1246 69 47 21,
481 1245 114 40 1933;
651 1243 69 41 2c.
746 1243 121 47 Aug.
892 1241 85 46 24;
1005 1240 83 40 aff.
1117 1240 120 46 Aug.
1265 1239 57 38 22;
1377 1238 40 38 A
1445 1236 172 48 64810;
1649 1236 145 41 Sears
1821 1236 109 47 pub.
1961 1245 82 36 co.,
2071 1233 93 39 inc.

243 1303 278 51 (33-22046)

156 1375 266 67 Warren,
452 1375 183 54 Louis
661 1373 239 66 Austin,
931 1374 174 51 1885-

234 1460 121 51 The
398 1457 224 66 slavery
668 1452 360 69 atmosphere
1072 1450 65 53 of
1180 1448 287 55 Lincoln’s
1510 1448 198 69 youth,
1752 1447 75 68 by
1872 1446 174 56 Louis
2091 1447 72 53 A.

163 1523 1976 158 Warren … (1st ed.) Fort Wayne, Ind., Lincolniana publishers, 1933.
240 1688 83 50 [16]
359 1699 43 37 p.
461 1686 54 41 23
520 1688 44 22 cm
569 1718 9 9 .

237 1743 228 42 Author’s
494 1742 274 48 autograph
798 1751 60 30 on
887 1742 97 46 t.-p.

171 1799 50 52 ©
253 1803 119 47 Aug.
404 1802 39 48 1,
473 1801 141 46 1933;
646 1800 68 41 2c.
745 1800 96 38 and
873 1797 81 40 aff.
985 1797 119 47 Aug.
1138 1796 82 46 12;
1254 1795 40 39 A
1326 1794 172 46 64718;
1532 1791 317 42 Lincolniana
1882 1790 289 50 publishers.

247 1858 280 50 (33-22015)

166 1927 250 64 Wenzel,
447 1926 67 58 G.
541 1926 66 55 L.

239 2003 305 56 American
570 2019 167 38 menu
763 2000 212 68 maker,
999 2000 77 68 by
1101 1999 70 55 G.
1197 1999 64 55 L.
1288 1997 248 57 Wenzel.
1612 1997 139 53 New
1775 1995 181 67 York,
1984 1997 69 53 N.
2081 1996 91 68 Y.,

169 2080 880 72 Daily news building [ c 1933]
246 2158 114 50 [200]
389 2168 44 38 p.
491 2157 169 46 tables,
690 2155 193 48 diagrs.,
913 2153 117 41 fold.
1059 2152 144 41 form.
1262 2151 56 41 28½cm.

244 2214 224 40 Includes
497 2213 147 40 blank
672 2222 146 39 pages
845 2211 79 40 for
955 2209 134 42 “List
1117 2220 121 37 your
1266 2219 108 30 own
1401 2206 206 49 specials
1636 2204 156 42 here”.

177 2267 51 52 ©
260 2272 119 46 July
406 2270 69 46 24,
506 2269 113 40 1933;
679 2268 68 41 2c.
777 2269 97 39 and
906 2265 82 43 aff.
1019 2267 121 47 Aug.
1172 2266 53 46 4;
1258 2265 42 39 A
1331 2265 169 46 63805;
1536 2263 239 41 Winwick
1807 2275 82 36 co.,
1922 2262 105 47 inc.,
2062 2262 116 40 New

241 2329 144 39 York.
458 2324 282 50 (33-21900)

175 2398 213 67 White,
415 2401 273 53 Prescott
718 2394 284 70 Cushing,
1033 2401 172 49 1864-

252 2481 165 54 Some
452 2477 427 55 fundamentals
913 2475 63 54 of
1011 2495 30 33 a
1079 2474 272 57 scientific
1385 2474 171 54 social
1592 2475 184 67 order,
1808 2474 76 67 by
1918 2475 260 52 Prescott

180 2551 1827 76 C. White … New York, The International press [ c 1933 ]
248 2632 56 40 31
335 2641 43 38 p.
440 2630 56 41 19
497 2633 43 21 cm
547 2663 8 8 .

184 2685 53 52 ©
267 2690 115 47 July
410 2687 69 50 25,
509 2688 113 41 1933
682 2687 66 42 2c.
779 2688 117 47 July
923 2685 83 49 29;
1039 2685 81 41 aff.
1153 2685 116 48 July
1295 2685 85 47 31;
1413 2685 41 38 A
1484 2684 170 48 64579;
1688 2685 49 38 P.
1810 2716 8 8 C.
1851 2683 175 47 White,
250 2684 1916 109 Morgantown,
521 2747 72 39 W.
667 2754 43 31 Va.
780 2741 281 50 (33-21777)

243 2811 1940 78 … Who’s who in printing in the United States and Canada.
251 2898 141 51 Part
463 2938 9 9 I.
569 2898 91 64 By
703 2896 193 53 David
942 2894 334 56 Gustafson.
1381 2894 380 70 [Pittsburgh]
1812 2895 122 52 The
1979 2894 206 53 author

256 3009 14 34 [
275 2981 17 22 c
294 2977 135 51 1933
437 3009 12 33 ]

259 3051 52 39 71
340 3061 42 37 p.
438 3050 55 39 23
497 3051 43 21 cm
546 3082 8 7 .
621 3048 278 50 (American
927 3047 220 50 printing
1173 3047 226 49 industry
1427 3048 205 41 bulletin
1660 3059 75 29 no.
1761 3046 53 48 3)

190 3096 1983 116 © July 28, 1933; 2c. and aff. July 29; A 64657; David Gustafson, Pittsburgh. (33-21753)
186 3236 303 67 Williams,
518 3236 259 56 Thomas
802 3238 249 68 Benton,
1083 3256 179 51 comp.

321 3306 1869 85 … Scrap book, by Thomas Benton Williams … comprising:
192 3410 170 50 many
392 3408 165 53 years
587 3391 325 55 collections
941 3390 66 56 of
1037 3411 147 49 rare,
1215 3392 129 69 lost,
1375 3392 248 54 obsolete
1654 3393 114 52 and
1802 3399 98 46 out
1932 3391 65 53 of
2031 3392 162 68 print

193 3468 267 69 orations,
504 3476 159 61 parts
708 3469 64 53 of
815 3468 270 71 orations,
1130 3486 210 53 poems,
1383 3468 263 71 writings
1692 3470 113 54 and
1850 3469 232 70 sayings
2130 3469 63 54 of

194 3547 230 68 leading
483 3551 321 64 statesmen,
863 3547 264 69 patriots,
1187 3554 160 61 poets
1408 3549 112 53 and
1583 3552 219 50 orators
1862 3549 127 51 who
2050 3548 146 54 have

194 3625 163 51 made
404 3625 181 53 world
628 3624 238 70 history.
949 3625 83 54 To
1079 3625 116 53 this
1243 3624 46 55 is
1336 3625 185 54 added
1568 3644 151 35 some
1764 3630 308 51 comments
2122 3643 73 36 on

195 3701 286 69 questions
523 3720 128 34 now
693 3702 315 72 attracting
1048 3702 195 69 public
1288 3702 281 56 attention
1615 3704 114 53 and
1774 3703 241 56 tributes
2059 3709 58 49 to
2163 3722 32 36 a

200 3778 111 53 few
340 3779 231 71 leading
598 3798 126 35 men
753 3799 127 34 now
910 3798 70 35 on
1009 3782 96 52 the
1134 3786 159 65 stage
1321 3782 61 52 in
1412 3781 193 69 public
1635 3781 122 68 life,
1787 3782 126 54 who
1945 3802 95 33 are
2069 3800 127 35 now

199 3855 236 71 making
462 3858 237 67 history.
765 3855 320 57 Oklahoma
1120 3858 153 69 City,
1302 3865 17 22 c
1325 3862 150 52 1933.

268 3926 763 53 2 p. l., 229 p. ports. 30½ cm .
205 3983 52 51 ©
289 3988 117 47 July
437 3987 66 46 10,
536 3988 112 41 1933;
710 3988 67 41 2c.
809 3991 95 38 and
938 3987 81 43 aff.
1052 3990 118 47 July
1201 3988 83 49 12;
1317 3990 42 38 A
1389 3989 171 49 64308;
1595 3992 51 38 T.
1681 3992 54 39 B.
1768 3990 256 46 Williams,
273 3990 1910 95 Oklahoma
446 4045 123 47 City,
601 4044 103 41 Okl.
777 4045 278 49 (33-21121)
