2582 4453
1307 4170 132 51 1046

419 563 255 41 Half-title
692 575 9 28 :
743 564 156 48 Study
936 564 52 40 of
1021 564 208 48 judicial
1265 564 401 41 administration
1702 564 50 41 in
1791 564 136 43 Ohio.
1992 565 102 41 The
2130 564 237 43 Institute

347 623 52 40 of
425 623 96 39 law
546 622 52 39 of
623 623 82 39 the
730 622 155 40 Johns
912 622 225 49 Hopkins
1164 621 288 50 university.

418 680 119 40 This
570 682 165 46 report
766 680 42 40 is
840 682 113 46 part
984 680 51 40 of
1067 691 29 29 a
1128 681 198 47 general
1358 681 148 47 study
1537 681 269 40 conducted
1839 681 61 47 by
1933 680 82 41 the
2047 679 238 42 Institute
2316 680 53 41 of

349 740 95 39 law
478 738 53 41 of
565 738 82 40 the
681 738 155 40 Johns
871 737 225 49 Hopkins
1132 737 274 49 university
1441 737 221 48 working
1696 738 50 40 in
1781 736 315 50 conjunction
2130 736 122 42 with
2286 739 83 40 the

347 795 218 42 Judicial
598 795 190 42 council
822 795 51 42 of
910 795 123 42 Ohio
1068 796 96 39 and
1200 796 84 40 the
1319 795 123 42 Ohio
1478 796 132 41 state
1642 797 88 39 bar
1765 794 297 42 association.
2139 796 62 48 cf.
2236 794 132 42 Pref.

355 865 51 52 ©
442 870 119 47 July
591 869 69 47 19,
694 869 114 41 1933;
872 869 67 40 2c.
975 870 96 39 and
1105 868 83 41 aff.
1222 869 117 48 July
1371 868 84 48 24;
1489 869 43 39 A
1565 868 171 48 64495;
1774 869 155 40 Johns
1963 868 224 49 Hopkins
2221 878 152 39 press.

433 927 284 49 (33-18925)

347 1030 242 67 Hassin,
621 1032 228 65 George
878 1028 194 68 Boris,
1104 1032 174 55 1873-

352 1110 1995 228 Histopathology of the peripheral and central nervous systems, by George B. Hassin … Baltimore, W. Wood & company, 1933.
423 1343 105 45 xiii.
555 1345 86 41 491
671 1355 44 38 p.
775 1345 130 40 illus.
967 1344 148 42 23½cm.

424 1402 353 49 Bibliography
803 1405 52 39 at
882 1404 92 39 end
1003 1403 52 40 of
1079 1404 128 40 most
1232 1402 53 40 of
1308 1402 83 41 the
1417 1402 241 48 chapters.

358 1471 52 53 ©
436 1476 128 40 June
586 1475 70 48 23,
682 1475 113 41 1933;
851 1476 68 40 2c.
945 1476 118 48 July
1088 1477 56 38 14;
1199 1475 82 41 aff.
1309 1476 117 48 July
1451 1476 55 40 13;
1563 1476 40 38 A
1630 1475 145 41 63595;
1831 1475 244 41 Williams
2101 1475 38 41 &
2164 1473 211 42 Wilkins

428 1544 66 30 co.
570 1533 283 49 (33-19061)

351 1632 293 67 Hertzler,
674 1637 238 54 Arthur
940 1637 307 66 Emanuel,
1281 1637 173 55 1870-

427 1715 1842 69 The technic of local anesthesia, by Arthur E. Hertzler …
357 1796 97 52 5th
487 1797 85 52 ed.
647 1796 166 55 With
850 1801 98 50 148
982 1796 401 54 illustrations.
1462 1795 82 56 St.
1581 1795 194 69 Louis,
1808 1796 121 54 The
1967 1794 62 56 C.
2063 1796 71 53 V.
2168 1795 205 69 Mosby

355 1892 300 51 company,
686 1879 151 51 1933.

429 1948 86 41 292
544 1960 42 38 p.
647 1949 130 41 illus.
839 1949 56 40 25½cm.

361 2003 51 52 ©
448 2008 117 48 July
598 2008 69 43 13,
701 2007 143 49 1933;
880 2008 68 41 2c.
983 2009 96 39 and
1114 2008 83 41 aff.
1232 2008 117 48 July
1382 2009 82 45 17;
1501 2008 42 39 A
1576 2007 172 48 64367;
1786 2007 49 41 C.
1870 2007 55 41 V.
1961 2007 170 47 Mosby
2165 2016 69 30 co.

443 2066 283 49 (33-19060)

353 2167 234 68 Jacobs,
619 2169 247 56 Charles
892 2168 272 68 Michael,
1196 2171 174 55 1875-

430 2246 186 70 Helps
660 2266 72 35 on
773 2248 95 54 the
913 2250 159 67 road,
1112 2250 77 67 by
1233 2249 240 56 Charles
1514 2249 81 53 M.
1639 2249 227 54 Jacobs.
1944 2246 430 68 Philadelphia,

361 2326 120 57 Pa.,
511 2326 122 53 The
663 2327 219 54 United
912 2327 299 53 Lutheran
1241 2327 358 69 publication
1628 2328 175 53 house
1841 2329 175 65 [c1933]

434 2400 85 41 197
553 2411 43 38 p.
659 2401 115 40 16cm.

365 2454 51 52 ©
449 2460 114 46 May
594 2458 68 43 19,
693 2458 115 41 1933;
867 2459 68 40 2c.
968 2459 116 48 July
1115 2459 82 46 11;
1232 2458 80 41 aff.
1346 2459 117 47 July
1493 2459 83 46 13;
1611 2459 40 38 A
1683 2458 171 47 63567;
1890 2459 163 39 Board
2086 2457 53 40 of
433 2456 1929 99 publication
563 2516 53 40 of
642 2517 82 39 the
753 2516 179 40 United
960 2516 253 40 Lutheran
1241 2517 181 39 church
1451 2516 49 39 in
1530 2516 239 47 America,
1799 2515 356 48 Philadelphia.

442 2572 284 49 (33-19376)

359 2673 308 59 Jahrbuch
716 2679 101 53 der
863 2677 315 59 luftfahrt;
1230 2678 323 69 ergebnisse
1600 2697 100 34 aus
1748 2678 335 69 forschung,
2129 2675 250 68 technik,

430 2756 1950 69 und betrieb 1931-32. 3. abt. … München, J. F. Lehmann,
432 2840 153 51 1931.

434 2913 29 40 3
493 2925 45 28 V.
597 2911 145 48 illus.,
777 2911 179 50 diagrs.
1017 2911 118 43 23cm.

365 2968 2001 107 “Das ‘Jahrbuch der luftfahrt’ … ist als ergänzung des ‘Taschenbuches der luftflotten gedacht.”
433 3087 57 37 In
528 3085 26 40 3
593 3087 151 45 parts,
784 3087 48 38 to
872 3086 291 46 correspond
1203 3084 120 40 with
1362 3085 85 39 the
1483 3086 137 46 parts
1660 3084 52 40 of
1749 3084 349 40 Taschenbuch
2138 3085 85 39 der
362 3082 1998 100 luftflotten
551 3153 8 28 :
598 3143 237 39 Handels-
874 3143 98 39 und
1009 3141 496 41 verkehrs-luftfahrt;
1575 3141 452 41 Militär-luftfahrt;
360 3139 2004 100 Sport-luftfahrt.

439 3258 41 38 A
512 3257 261 47 year-book
806 3255 163 41 issued
1004 3256 179 40 earlier
1217 3258 153 38 under
1405 3257 82 39 the
1520 3266 135 30 same
1687 3255 113 41 title
1839 3256 276 48 (Jahrbuch
2150 3257 88 38 der
367 3253 2003 101 luftfahrt.
581 3314 114 40 1.-2.
725 3314 159 47 jahrg.;
948 3313 229 49 1911-12)
1216 3324 105 30 was
1351 3315 293 46 superseded
1677 3315 61 47 by
1770 3314 349 40 Taschenbuch
2151 3314 89 38 der
368 3310 2002 101 luftflotten.

443 3428 173 40 Editor
635 3439 8 28 :
674 3427 218 48 1931/32,
922 3428 205 40 Werner
1154 3439 94 28 von
1277 3427 305 48 Langsdorff.

373 3479 1996 110 © Nov. 5, 1931 : 1c. each Feb. 1, 1932; A-Foreign 16057; J. F. Lehmanns verlag.
371 3644 225 69 [Johns,
627 3646 302 69 Rowland]
968 3651 172 51 1882-
1283 3646 85 54 ed.

447 3721 1680 70 Our friend the Scottish terrier … New York, E. P.
2159 3722 224 55 Dutton

374 3802 45 50 &
449 3819 96 50 co.,
575 3800 105 53 inc.
720 3804 194 66 [c1933]

445 3871 80 48 vii,
555 3871 58 41 99
642 3883 43 38 p.
743 3873 149 41 front.
951 3874 55 40 18cm.
1135 3874 302 51 (Half-title:
1469 3875 99 41 Our
1598 3875 163 41 friend
1792 3876 84 40 the
1904 3877 92 47 dog
2024 3875 165 49 series,
2219 3875 162 42 edited

375 3929 60 47 by
472 3930 237 41 Rowland
745 3930 180 49 Johns)

448 3986 163 41 “First
646 3986 229 43 edition.”

378 4043 52 53 ©
459 4048 118 47 July
603 4049 69 43 18,
702 4049 140 41 1933;
872 4049 68 40 2c.
970 4048 94 41 and
1094 4048 82 41 aff.
1206 4049 117 48 July
1350 4049 83 47 20;
1465 4049 38 39 A
1534 4048 170 43 64402;
1737 4050 52 40 E.
1820 4050 51 41 P.
1901 4050 186 39 Dutton
2118 4049 36 40 &
2181 4059 84 35 co.,
2292 4047 93 42 inc.

457 4104 281 50 (33-19345)
