2484 4405
1090 4084 100 48 959

122 435 212 67 Smith,
364 434 263 65 Lansing
656 435 278 61 Furman,
966 432 199 54 1873-.
1349 429 86 54 ed.

198 504 1925 75 Thrift and training, edited by Lansing F. Smith … New
129 583 1430 73 York, The University society, incorporated [c1933]
198 666 64 46 ix,
294 663 84 42 350
408 673 44 38 p.
512 663 86 39 col.
629 661 148 40 front.
806 659 172 50 (port.)
1017 658 143 47 illus.,
1193 657 171 48 plates.
1424 655 115 40 19cm.
1610 653 321 49 (Leadership
1962 654 164 42 series.

126 741 58 30 [v.
219 721 99 49 17])

134 787 51 51 ©
213 792 114 46 May
352 789 69 46 22,
448 788 112 40 1933;
617 788 67 39 2c.
711 787 126 39 June
863 784 52 47 6;
945 783 83 42 aff.
1056 784 126 39 June
1210 784 55 39 17;
1321 783 40 38 A
1389 782 140 40 64021;
1590 780 283 48 University
1900 790 108 36 soc.,
2037 779 91 39 inc.

210 846 279 50 (33-17418)

126 947 211 65 Soulié,
366 947 280 55 Maurice.

259 1019 1864 74 … Autour du régent, 1674-1723. Avec 8 gravures hors texte.
126 1107 185 67 Paris,
338 1106 203 65 Payot,
572 1106 150 50 1933.

198 1170 1921 58 2 p. l., [7]-330 p., 1 l. 4 pl. (ports.) 23cm. (Bibliothèque historique)
197 1235 165 41 Plates
389 1235 192 47 printed
608 1245 59 29 on
696 1234 115 39 both
839 1231 140 41 sides.

199 1290 418 51 “Bibliographie”:
678 1301 42 37 p.
755 1288 248 51 [329]-330.

136 1360 51 51 ©
215 1364 121 40 Mar.
362 1362 69 47 25,
459 1363 112 39 1933;
687 1394 7 8 1c.
722 1362 114 46 May
863 1361 54 39 10;
973 1360 101 38 A-
1077 1358 208 48 Foreign
1310 1357 144 41 20883;
1512 1357 168 48 Payot.

214 1420 279 49 (33-17158)

129 1518 294 55 Southern
460 1527 272 63 reporter.
805 1519 169 55 Cases
1009 1520 216 68 argued
1261 1519 111 52 and
1409 1517 351 54 determined
1794 1517 61 52 in
1890 1518 95 51 the

198 1516 1907 151 Supreme
432 1606 189 47 courts
663 1600 63 52 of
767 1598 301 67 Alabama,
1111 1598 256 65 Florida,
1408 1595 327 69 Louisiana,
1777 1594 350 70 Mississippi

201 1679 110 52 and
348 1678 95 52 the
479 1684 187 47 courts
705 1678 62 51 of
807 1678 205 68 appeal
1050 1676 63 52 of
1150 1677 281 52 Alabama
1473 1675 112 53 and
1624 1674 326 66 Louisiana,
1988 1674 141 53 with

198 1757 107 66 key
354 1757 237 52 number
641 1755 378 55 annotations,
1105 1772 51 37 v.
1210 1755 113 52 147.
1408 1754 348 69 May-June,
1807 1756 148 50 1933.
2045 1754 81 54 St.

201 1835 165 68 Paul,
390 1836 159 52 West
575 1835 335 68 publishing
935 1852 99 50 co.,
1063 1837 150 49 1933.

202 1910 95 48 xvi,
328 1910 111 40 1014
467 1920 42 37 p.
567 1909 116 40 26cm.

139 1976 51 52 ©
218 1979 115 50 July
359 1979 67 47 19,
454 1979 112 40 1933;
622 1979 67 42 2c.
717 1980 95 38 and
839 1978 82 42 aff.
951 1978 114 48 July
1092 1978 57 39 29;
1204 1978 41 38 A
1271 1977 144 40 63740;
1471 1977 138 41 West
1633 1977 110 48 pub.
1772 1987 65 29 co.

155 2082 358 64 [Southwold,
542 2081 281 68 Stephen]
860 2083 169 55 1887-

207 2159 121 53 The
368 2159 128 53 lord
537 2159 65 53 of
643 2159 125 65 life,
809 2160 75 66 by
925 2158 132 54 Neil
1098 2161 131 51 Bell
1275 2160 214 66 [pseud.]
1592 2158 259 66 London,
1892 2158 240 67 Collins,

138 2242 152 50 1933.

207 2309 87 42 320
322 2321 44 38 p.
426 2309 116 41 20cm.

142 2375 1995 54 © 1c. June 6, 1933; A ad int. 17869; pubd. May 22; Little, Brown, and
209 2446 246 40 company,
487 2438 195 39 Boston.
752 2436 280 48 (33-17393)

205 2536 283 64 Splendor
521 2539 61 53 in
615 2539 96 53 the
742 2538 196 70 night;
976 2539 301 70 recording
1313 2558 32 33 a
1378 2537 243 72 glimpse
1655 2539 64 52 of
1752 2539 205 70 reality
1990 2539 75 70 by
2102 2557 28 33 a

140 2617 252 68 pilgrim,
432 2618 139 52 with
612 2618 285 52 foreword
937 2617 73 69 by
1050 2618 191 52 Rufus
1281 2618 80 52 M.
1401 2617 190 55 Jones.
1668 2619 300 65 Portland,
2009 2617 128 69 Me.,

139 2696 121 52 The
289 2694 229 54 Mosher
551 2714 173 48 press,
757 2698 150 50 1933.

211 2769 99 46 xxi,
340 2785 73 32 [1],
440 2768 55 40 64
522 2779 59 37 p.,
608 2768 30 39 2
684 2799 8 7 l.
751 2769 116 39 17cm.

213 2822 1923 52 “Five hundred copies of this book have been printed … on Blue Hill
141 2884 105 38 text
271 2883 49 39 in
348 2881 82 40 the
456 2882 167 39 month
651 2882 51 39 of
729 2882 112 47 May
1160 2882 36 38 MCMXXXIII.”

148 2947 54 51 ©
240 2951 125 41 June
405 2953 39 46 1,
484 2952 140 45 1933;
665 2953 66 38 2c.
773 2952 128 39 June
938 2951 54 40 15;
1062 2951 82 39 aff.
1186 2952 125 39 June
1350 2953 83 45 28;
1475 2952 41 39 A
1557 2952 169 46 63259;
1769 2953 211 39 Thomas
2021 2951 119 41 Bird

215 3008 206 47 Mosher,
451 3009 140 39 trade
617 3019 139 29 name
784 3009 53 39 of
864 3008 80 40 the
974 3009 195 39 Mosher
1196 3018 149 38 press,
1376 3008 248 50 Portland,
1656 3011 90 38 Me.

223 3064 279 50 (33-17365)

140 3164 268 67 Stevens,
434 3168 232 53 Marvin
695 3166 187 66 Allen,
914 3172 171 51 1900-

213 3243 1867 73 The control of football injuries, by Marvin Allen Stevens …
145 3320 1996 75 and Winthrop Morgan Phelps … New York, A. S. Barnes
145 3400 113 52 and
288 3418 279 52 company
593 3400 422 69 incorporated,
1046 3405 154 49 1933.

213 3471 97 47 xiv,
337 3472 84 40 241
451 3484 42 36 p.
524 3473 108 40 incl.
661 3474 149 41 front.
839 3474 173 50 (port.)
1047 3473 143 48 illus.,
1221 3473 178 50 diagrs.
1459 3474 145 42 23½cm.

213 3527 347 51 Bibliography:
617 3540 43 38 p.
690 3530 96 40 209.

149 3596 51 51 ©
229 3600 126 41 June
380 3601 38 40 7,
447 3601 139 40 1933:
616 3601 67 39 2c.
711 3601 125 39 June
864 3602 54 38 12:
975 3600 82 40 aff.
1086 3601 127 39 June
1241 3601 53 38 21;
1353 3601 41 38 A
1421 3599 143 42 64114;
1621 3601 55 43 A.
1706 3601 44 40 S.
1780 3603 186 39 Barnes
1994 3602 36 39 &
2057 3613 84 38 co.,

217 3656 88 41 inc.
377 3657 279 47 (33-17248)

145 3758 233 67 Stokar,
408 3761 191 65 Willy,
632 3767 171 50 1893-

215 3835 333 58 Geschichte
602 3841 81 52 als
734 3840 304 54 weltschau;
1125 3839 554 56 individualistische
1730 3842 407 68 geschichtsbe-

147 3913 1985 78 trachtung in vier aspekten, von Willy Stokar. Zürich [e tc.]
146 3993 250 56 Rascher
419 4000 46 50 &
487 3997 117 67 cie.,
630 4016 148 48 a.-g.,
806 4000 151 53 1932.
