2575 4405
1090 4080 97 49 115

132 500 1949 113 2 p. l., iii, 82 p. 19 ½ cm . ( Half-title : Collection “Hygiene et di é t é tique”)
134 624 51 52 ©
222 629 114 46 May
369 626 69 49 25,
475 626 140 47 1932;
712 659 9 8 1c.
757 626 114 39 Dec.
906 624 83 48 29;
1028 625 41 39 A
1070 623 268 49 -Foreign
1374 623 170 47 19064;
1586 623 185 40 Gaston
1808 620 127 40 Doin
1974 620 36 40 &
2042 618 90 42 cie.

210 684 249 48 (33-3686)

129 785 262 65 Phillips,
423 788 138 52 Mrs.
596 784 320 56 Catherine
953 783 243 68 (Coffin)

201 863 364 52 Portsmouth
593 860 182 68 plaza,
802 861 96 54 the
924 859 190 55 cradle
1139 859 63 52 of
1229 858 116 54 San
1373 858 322 66 Francisco,
1720 855 74 69 by
1825 856 306 54 Catherine

133 933 1979 73 Coffin Phillips … San Francisco, Printed by J. H. Nash, 1932
199 1010 95 47 xiv,
320 1010 87 40 464
433 1021 44 37 p.
529 1010 165 48 front.,
721 1010 130 41 illus.
880 1009 132 48 (incl.
1039 1011 164 47 ports.,
1230 1019 125 37 map,
1383 1008 242 46 facsims.)
1689 1009 56 39 27
1748 1009 44 22 cm
1797 1039 9 9 .

197 1067 127 40 Title
357 1068 93 38 and
484 1065 315 49 frontispiece
833 1066 171 40 within
1039 1066 306 40 ornamental
1378 1066 214 39 borders.

201 1123 288 40 “Erratum”
517 1123 96 47 slip
637 1123 216 39 inserted
882 1125 52 38 at
961 1123 104 39 end.

199 1179 377 48 Bibliography:
608 1190 41 37 p.
680 1178 220 41 439-446.

135 1234 1998 54 © Oct. 12. 1932; 2c. Feb. 2, 1933; aff. Feb. 3; A 59266; C. C, Phillips,
203 1298 91 38 Los
325 1297 218 47 Angeles.
614 1295 250 48 (33-3182)

132 1398 262 65 Phillips,
427 1401 138 52 Mrs.
600 1397 188 54 Marie
827 1398 217 65 (Tello)

203 1475 120 51 The
359 1474 378 68 honeysuckle
773 1476 114 52 and
923 1476 97 52 the
1054 1493 152 48 rose;
1244 1474 175 68 lyrics
1441 1507 18 6 -
1483 1506 18 6 -
1523 1477 246 63 sonnets,
1806 1475 328 64 1922-1933,

133 1552 73 68 by
248 1552 183 53 Marie
476 1553 162 53 Tello
682 1552 270 68 Phillips.
1039 1552 380 68 [Pittsburgh,
1462 1551 122 53 The
1630 1551 282 54 Observer
1958 1569 174 49 press,

129 1636 17 21 c
152 1635 152 64 1933]

206 1703 832 49 6 p. l., 92 p., 1 l. illus. 23½ cm .
207 1759 658 43 “Errata”: 1 leaf at end.
137 1820 1999 52 © Jan. 10, 1933; 2c. and aff. Jan. 31; A 60104; Marie Tello Phillips
204 1882 191 47 Yaegle,
433 1880 300 48 Pittsburgh.
805 1880 252 49 (33-3200)

133 1986 224 64 Potter,
389 1985 180 63 Lucy.

204 2060 1928 68 Epeneuil … [by] Lucy Potter. Kingsport, Tenn., Priv.
137 2139 190 67 print.,
359 2142 150 49 1933.

208 2210 691 51 7 p. l., [5]-89, [1] p. 19 cm .
211 2266 145 41 “This
389 2266 187 41 limited
610 2266 185 42 edition
830 2267 51 40 of
912 2267 96 40 less
1041 2267 119 40 than
1193 2277 29 30 a
1256 2267 223 42 hundred
1513 2266 159 50 copies
1704 2268 42 39 is
1779 2268 194 49 printed
2009 2268 126 41 from

137 2326 111 48 type
275 2326 74 41 set
375 2325 61 49 by
463 2326 82 41 the
574 2324 221 42 author.”

139 2386 1998 52 © Dec. 25, 1932; 2c. Jan. 11, 1933; aff. Jan. 9; A 58804; L. A. Potter,
205 2446 281 50 Kingsport,
519 2447 148 38 Tenn.
737 2445 250 49 (33-3201)

135 2548 271 67 Pourrat,
435 2549 220 66 Pierre,
689 2550 173 54 1871-

267 2624 1866 70 … Jean-Jacques Olier, fondateur de Saint-Sulpice. [Paris]
138 2705 64 50 E.
241 2705 388 51 Flammarion
669 2737 13 35 [
687 2710 17 21 c
711 2705 152 66 1932]

203 2774 100 48 220,
333 2774 55 50 [2]
417 2785 44 38 p.
518 2774 55 40 19½
605 2776 44 22 cm
655 2806 9 9 .
729 2772 117 49 (Les
875 2776 181 46 grands
1083 2775 181 47 cceurs)

204 2831 63 40 At
297 2832 124 39 head
451 2831 52 40 of
532 2831 135 40 title:
700 2832 50 40 P.
781 2832 227 46 Pourrat,
1036 2843 41 30 p.
1110 2845 37 29 s.
1180 2844 39 29 s.

140 2886 51 52 ©
225 2891 115 40 Nov.
377 2890 69 48 10,
481 2891 140 47 1932;
717 2924 9 8 1c.
759 2891 114 40 Dec.
907 2891 83 46 15;
1027 2890 310 48 A-Foreign
1371 2890 171 48 19154;
1579 2892 177 40 Ernest
1793 2891 346 41 Flammarion.

218 2947 250 51 (33-3813)

137 3051 184 65 Price,
351 3052 220 64 Joseph
600 3052 244 55 Haines.

208 3128 258 53 William
489 3129 188 64 Penn;
707 3148 31 33 a
763 3129 158 52 short
944 3127 106 54 life
1073 3128 141 53 with
1239 3127 292 55 selections
1556 3128 150 52 from
1731 3128 89 53 his
1845 3126 291 70 writings;

139 3204 1996 69 biography by Joseph Haines Price … selections by Stanley R.
141 3282 1998 68 Yarnall … Philadelphia, Pub. for the book committee of the
140 3359 292 68 Religious
453 3361 208 67 society
683 3360 62 51 of
768 3359 244 53 Friends
1035 3367 58 46 at
1112 3360 96 51 the
1230 3378 155 49 press
1409 3360 63 52 of
1492 3360 95 52 the
1610 3360 154 53 John
1789 3360 61 54 C.
1873 3360 265 54 Winston

139 3454 293 50 company,
464 3439 149 51 1932.

208 3507 68 43 63,
313 3494 132 63 [1]’p.
503 3507 136 41 front.
682 3507 173 49 (port.)
896 3508 129 43 illus.
1085 3509 55 40 19
1144 3511 44 21 cm
1194 3541 6 8 .

210 3565 188 38 “Books
420 3576 59 28 on
503 3564 215 39 William
743 3566 147 42 Penn,
916 3564 207 41 selected
1147 3566 60 46 by
1232 3566 127 39 John
1387 3566 192 39 Russell
1605 3566 223 47 Hayes”:
1853 3577 44 37 p.
1922 3564 157 43 59-63.

144 3619 1997 54 © Dec. 20, 1932; 2c. and aff. Jan. 25, 1933; A 59129; Book committee of
213 3682 80 39 the
326 3681 248 46 Religious
605 3681 181 48 society
821 3682 53 39 of
903 3681 203 41 Friends
1140 3682 51 40 of
1224 3682 340 48 Philadelphia
1599 3685 95 38 and
1728 3683 217 47 vicinity.
211 3682 1907 104 Philadelphia.
490 3737 249 49 (33-3179)

141 3841 174 64 Reed,
347 3841 314 57 Meredith.

214 3916 1921 70 Skylark, by Meredith Reed … New York, Thomas Y.
141 3995 782 70 Crowell company [ c 1933]
