2582 4453
1383 4128 135 51 1358

430 438 175 63 Doro,
641 438 273 54 Edward.

503 515 121 54 The
675 516 140 53 boar
864 516 112 53 and
1031 515 338 56 Shibboleth
1423 515 139 54 with
1614 516 163 53 other
1830 536 192 50 poems
2071 519 74 69 by
2199 520 249 54 Edward

433 593 187 67 Doro;
656 595 162 52 wood
850 593 349 70 engravings
1228 594 74 67 by
1334 596 149 51 Paul
1512 596 314 54 Landacre.
1902 597 138 52 New
2071 598 181 69 York,
2280 599 71 52 A.
2381 599 71 52 A.

432 672 226 68 Knopf,
687 676 151 51 1933.

501 760 823 49 5 p. l., 57 p., 1 l. illus. 24 cm .
506 818 289 41 Illustrated
826 819 98 48 t.-p.

505 874 1453 51 “500 copies … were printed by the Bookman press.”
437 942 52 52 ©
525 949 125 46 Sept.
685 948 39 40 1.
758 946 77 41 1933;
932 946 67 41 2c.
1033 948 95 38 and
1238 980 7 6 aff.
1281 948 127 47 Sept.
1444 947 81 41 19:
1562 948 37 38 A
1633 948 171 42 65269;
1842 950 50 37 E.
1929 949 143 41 Doro.
2107 950 92 38 Los
2233 950 219 46 Angeles.

517 1004 283 47 (33-25957)

434 1108 318 66 Eakright,
782 1112 139 51 Mrs.
953 1109 193 54 Jessie
1176 1109 285 57 Blendall.

506 1188 145 54 Unit
675 1186 66 54 of
764 1187 174 52 work.
1015 1187 411 71 Adventuring
1450 1188 140 53 with
1616 1194 155 64 toys;
1800 1187 284 55 activities
2109 1190 63 53 of
2197 1210 30 33 a
2254 1190 199 54 fourth

433 1267 2019 71 grade, by Jessie B. Eakright … and Bess M. Young … New
436 1347 163 53 York
636 1347 133 69 city,
807 1347 143 53 Pub.
988 1346 35 52 by
1101 1347 230 52 Bureau
1369 1346 64 54 of
1470 1346 402 69 publications,
1909 1349 279 55 Teachers
2227 1349 232 69 college,

437 1426 302 56 Columbia
779 1425 339 69 university,
1159 1426 93 53 for
1290 1425 243 54 Lincoln
1572 1427 193 54 school
1803 1427 64 54 of
1907 1427 279 55 Teachers
2226 1429 230 69 college,

436 1509 152 51 1933.

506 1581 66 48 xi,
614 1581 85 39 242
744 1592 43 37 p.
832 1580 110 40 incl.
986 1580 165 48 front.,
1196 1580 129 40 illus.
1526 1612 7 7 20½cm.
1605 1579 301 49 (Half-title:
1951 1581 199 40 Lincoln
2197 1582 162 41 school
2403 1582 52 42 of

435 1637 2018 49 Teachers college, Columbia university … Lincoln school curriculum
437 1696 214 48 studies)

510 1755 289 39 Illustrated
831 1754 366 48 lining-papers.

509 1812 157 41 Music:
725 1823 43 38 p.
797 1812 99 40 204.

509 1870 381 49 “Bibliography
921 1870 53 39 of
1003 1869 136 49 toys”:
1199 1881 44 37 p.
1274 1869 220 41 227-237.

441 1940 2018 52 © June 29. 1933; 2c. July 8; aff. July 14: A 64332: Teachers college,
513 2001 250 39 Columbia
796 2001 130 39 univ.
999 1999 281 48 (33-25665)

438 2110 219 62 Edgar,
691 2107 191 54 David
915 2108 279 54 Stewart.

511 2183 1945 70 Outlines of the law of torts … 2nd ed., 1933. By David
437 2261 1997 151 Stewart Edgar … [and] David Stewart Edgar, jr. … Brooklyn.
586 2343 222 52 Holton
838 2343 288 52 Palmetto
1159 2359 157 51 press
1348 2341 422 69 incorporated,
1801 2348 18 21 c
1825 2343 132 50 1933]

509 2429 466 51 5 p. l., 150 p. 23½cm.
443 2502 2016 52 © Sept. 18. 1933; 2c. Sept. 22; aff Sept. 21; A 65325; D. S. Edgar and
514 2562 157 40 David
701 2562 210 40 Stewart
938 2562 162 44 Edgar
1122 2561 59 47 jr.,
1227 2560 257 47 Brooklyn.
1562 2559 282 48 (33-25699)

439 2666 360 65 Erckmann,
837 2656 207 73 Émile,
1083 2666 328 51 1822-1899.

511 2747 268 52 Madame
821 2746 263 65 Thérèse,
1127 2761 105 50 par
1277 2741 645 56 Erckmann-Chatrian;
1996 2742 190 54 edited
2227 2742 76 69 by
439 2742 1997 136 Edmond

441 2820 1995 138 A. Méras … and Leslie R. Méras … illustrated by Reginald Birch.
881 2903 139 53 New
1051 2902 181 68 York,
1264 2900 332 57 Cincinnati
1633 2906 138 62 [etc.]
1803 2900 308 54 American
2141 2900 148 54 book
2316 2918 141 36 conn

441 2986 383 66 pany [ c 1933]
510 3056 135 42 xviii.
673 3055 85 43 325
787 3067 42 37 p.
859 3056 109 41 incl.
997 3056 165 47 front.,
1192 3055 143 47 illus.,
1363 3064 124 38 map.
1550 3053 55 41 16½cm.

445 3119 2016 59 © Sept. 26, 1933; 2c. and aff. Sept. 29: A 66324: Amer, book co. [©
515 3188 209 47 preface,
761 3185 345 40 introduction,
1144 3184 255 40 exercises,
1437 3182 325 48 vocabulaire]
1837 3181 281 47 (33-25943)

443 3294 162 62 Ertz,
637 3292 212 54 Susan.

512 3369 122 53 The
678 3369 303 69 proselyte,
1026 3368 31 52 by
1142 3367 185 55 Susan
1373 3367 160 51 Ertz.
1610 3366 140 52 New
1795 3364 180 64 York,
2018 3364 72 51 D.
2134 3363 318 67 Appleton-

443 3447 257 68 Century
735 3464 298 50 company.
1070 3444 421 68 incorporated,
1526 3446 152 50 1933.

516 3521 27 40 3
568 3532 29 38 p
659 3552 23 16 l.,
709 3519 87 41 359
820 3531 43 37 p.
925 3519 55 40 20
985 3520 42 22 cm
1033 3551 8 8 .

519 3578 162 40 “First
713 3575 261 52 printing.”

448 3640 2014 59 © Sept. 29, 1933; 2c. Oct 3: aff. Oct. 2; A 66407; D. Appleton-Century
520 3721 82 29 co.,
633 3708 89 38 inc.
794 3706 282 47 (33-25687)

445 3812 312 65 Eskridge,
788 3812 223 53 Robert
1041 3811 134 63 Lee,
1209 3812 172 50 1891-

519 3891 180 56 South
736 3910 88 34 sea
860 3890 336 68 playmates,
1226 3889 75 67 by
1335 3888 215 53 Robert
1582 3889 109 51 Lee
1726 3884 313 67 Eskridge;
2079 3882 378 53 illustrations

446 3972 72 66 by
575 3972 93 52 the
727 3971 221 52 author.
1026 3967 419 68 Indianapolis,
1499 3967 121 52 The
1678 3962 443 56 Bobbs-Merrill
2178 3977 280 51 company

453 4054 193 65 [c1933]
