2575 4405
1062 4069 97 49 163

113 419 351 65 Bromhead,
493 418 227 56 Walter
746 417 238 66 Sidney,
1017 418 172 56 1872-

185 498 54 51 A
270 497 216 54 secular
519 495 303 67 encyclical
858 513 72 34 on
962 493 367 68 humanising
1360 492 217 54 finance
1611 492 112 55 and
1755 490 361 70 revitalising

115 570 1999 71 humanity, by Walter S. Bromhead … [London, Truscotts,
116 654 150 64 1932]

184 722 102 39 “An
327 720 184 41 outline
553 721 51 39 of
645 722 81 39 the
769 721 120 39 New
929 720 243 41 economic
1214 719 262 50 principles
1516 722 202 40 covered
1760 722 62 48 by
1864 722 83 40 the
1988 723 124 39 term

110 776 331 49 fedrity.”—p.
473 777 41 41 4.

116 833 51 52 ©
226 849 37 29 1c.
293 838 115 47 July
437 837 68 48 27,
535 836 139 47 1932;
707 836 41 39 A
778 838 62 38 ad
868 836 87 41 int.
986 836 143 40 17380
1148 847 8 35 ;
1189 837 142 47 pubd.
1365 836 128 48 Sept.
1524 836 55 39 22
1598 847 8 36 ;
1641 837 69 40 W.
1747 837 44 41 S.
1822 836 291 47 Bromhead,

182 895 210 39 London.
466 893 250 48 (33-4829)

114 972 288 68 Brunner,
433 976 272 53 Edmund
735 976 69 53 de
835 973 373 68 Schweinitz,
1239 980 166 50 1889-

181 1054 1929 68 Rural social trends, by Edmund de S. Brunner … and J. H.
112 1131 1975 147 Kolb … New York and London, McGraw-Hill book company, inc., 1933.
181 1283 64 48 ix,
273 1282 87 41 386
386 1293 42 37 p.
488 1283 127 39 illus.
645 1283 188 47 (maps)
870 1282 157 40 tables
1054 1281 135 49 (part
1220 1282 143 47 fold.)
1402 1281 179 49 diagrs.
1641 1282 54 39 23½
1730 1283 44 21 cm
1779 1312 10 10 .
1862 1281 250 48 (Lettered

113 1349 59 30 on
199 1349 163 31 cover:
388 1340 181 40 Recent
597 1340 148 40 social
776 1342 165 38 trends
972 1339 348 49 monographs)

183 1397 290 40 “Published
503 1398 153 38 under
686 1399 80 37 the
796 1397 237 40 direction
1064 1398 51 39 of
1146 1398 80 39 the
1256 1396 296 41 President’s
1582 1397 226 39 research
1838 1396 274 40 committee

111 1465 58 29 on
206 1455 151 41 social
394 1454 549 41 trends.”—Foreword.

113 1510 1981 107 “This study … was made possible by the collaboration of the Institute of social and religious research.”—p. ii.
113 1622 51 53 ©
193 1627 109 41 Feb.
331 1629 39 44 4,
400 1626 140 49 1933;
570 1628 67 41 2c.
667 1627 110 40 Feb.
807 1628 82 47 11;
921 1627 81 40 aff.
1034 1627 109 42 Feb.
1173 1627 82 47 15;
1288 1628 39 39 A
1356 1626 170 49 59424;
1559 1626 296 43 President’s
1887 1627 222 40 research

181 1685 274 40 committee
481 1696 59 29 on
567 1685 150 40 social
745 1687 181 46 trends,
954 1686 117 39 New
1097 1685 146 41 York.
1314 1686 251 48 (33-4572)

110 1758 237 55 Bureau
373 1761 66 52 of
466 1759 319 65 municipal
811 1761 298 65 research,
1137 1760 428 69 Philadelphia.

241 1837 1872 69 … Men’s misdemeanants division of the Municipal court of
110 1915 436 69 Philadelphia;
589 1936 31 33 a
658 1922 196 62 report
889 1917 77 68 by
1001 1916 97 53 the
1134 1919 229 51 Bureau
1400 1918 64 52 of
1500 1916 315 69 municipal
1854 1916 257 54 research

109 1992 65 53 of
200 1992 408 69 Philadelphia
637 1994 64 54 of
729 2014 31 33 a
789 1996 171 67 study
989 1995 166 53 made
1181 1995 76 68 by
1284 1995 46 52 it
1359 2014 60 34 as
1448 2003 170 60 agent
1646 1994 63 52 of
1738 1996 98 51 the
1862 1997 249 51 Thomas

111 2071 236 55 Skelton
413 2073 286 53 Harrison
767 2073 361 53 foundation.
1222 2073 141 53 This
1428 2078 194 63 report
1685 2074 283 68 prepared
2038 2074 73 66 by

109 2148 2000 72 George E. Worthington … Philadelphia, Thomas Skelton
110 2228 285 53 Harrison
425 2227 361 68 foundation,
818 2234 149 50 1932.

180 2300 137 50 xxiii,
348 2302 83 41 181
462 2313 42 37 p.
564 2302 54 41 23
623 2304 43 20 cm
673 2334 7 9 .
751 2301 365 50 (Philadelphia
1148 2301 266 50 Municipal
1443 2303 138 40 court
1610 2312 177 38 survey
1816 2302 176 48 series)

112 2355 51 52 ©
194 2359 110 42 Feb.
332 2361 40 46 3,
401 2360 140 47 1933;
572 2360 66 42 2c.
667 2363 95 38 and
791 2361 81 40 aff.
904 2361 111 40 Feb.
1045 2362 52 46 6;
1127 2361 43 39 A
1197 2361 170 48 59281;
1398 2362 212 39 Thomas
1642 2361 198 40 Skelton
1870 2360 241 41 Harrison

180 2416 305 47 foundation,
517 2417 356 49 Philadelphia.
944 2419 251 48 (33-4576)

107 2490 193 66 Byng,
328 2492 281 65 Douglas.

180 2569 173 68 Byng
389 2570 240 68 ballads,
666 2570 76 69 by
781 2572 261 67 Douglas
1082 2572 200 67 Byng;
1325 2572 301 54 decorated
1664 2571 62 53 in
1767 2572 195 53 colour
2000 2570 114 54 and

109 2646 116 54 line
253 2648 76 67 by
360 2647 211 55 Clarke
599 2648 249 54 Hutton.
921 2649 260 69 London,
1212 2649 158 55 John
1401 2650 158 52 Lane
1617 2651 152 65 [1932]

182 2720 83 50 [56]
295 2731 44 38 p.
398 2720 129 42 illus.
556 2721 135 49 (part
720 2721 114 49 col.)
900 2722 56 41 23
961 2724 44 22 cm
1010 2754 8 9 .

113 2772 51 52 ©
230 2789 37 29 1c.
305 2778 110 40 Feb.
451 2778 69 46 21,
557 2778 141 42 1933:
735 2779 41 39 A
814 2781 61 38 ad
911 2779 87 41 int.
1035 2779 170 47 17484;
1243 2781 144 46 pubd.
1425 2780 112 40 Dec.
1576 2779 69 52 24,
1682 2777 140 47 1932;
1865 2779 42 37 D
1960 2779 151 47 Byng,

182 2834 210 40 London.
465 2834 249 49 (33-5862)

113 2908 263 66 Carlisle,
403 2910 92 64 A.,
521 2910 52 54 &
600 2928 102 48 co.,
730 2911 237 65 Upham
994 2912 52 53 &
1070 2912 312 65 Rutledge,
1409 2913 131 63 inc.,
1566 2915 124 53 San
1714 2912 324 54 Francisco.

177 2986 266 55 Juvenile
475 2994 162 49 court
666 2990 110 53 law
807 2989 65 54 of
904 2987 354 70 California;
1294 3010 31 33 a
1358 2987 371 70 compilation
1761 2989 350 68 comprising

110 3066 95 52 the
237 3066 267 54 Juvenile
536 3077 161 47 court
730 3070 111 51 law
873 3068 65 52 of
972 3067 344 68 California,
1349 3070 111 51 and
1496 3068 162 53 other
1692 3073 118 49 acts
1842 3068 271 67 affecting

109 3142 296 70 juveniles,
445 3145 299 69 including
782 3146 98 53 the
919 3145 302 55 “Narcotic
1260 3145 431 55 rehabilitation
1732 3144 141 55 act”.
1948 3146 164 54 With

109 3222 338 54 authorities
481 3241 78 50 up
595 3231 59 46 to
690 3225 97 52 the
823 3230 227 62 present
1086 3226 148 67 date,
1270 3225 281 67 prepared
1586 3225 75 67 by
1697 3244 32 39 a
1765 3224 247 56 member
2046 3226 65 52 of

110 3299 94 54 the
237 3299 116 56 San
384 3301 305 54 Francisco
718 3302 120 52 bar.
908 3302 116 55 San
1055 3302 322 69 Francisco,
1408 3303 71 53 A.
1513 3303 242 56 Carlisle
1783 3306 47 51 &
1859 3320 99 53 co.,
110 3303 1975 128 Upham
265 3381 46 50 &
336 3379 301 66 Rutledge,
661 3381 108 52 inc.
802 3414 13 33 [
821 3386 18 22 c
844 3383 151 63 1931]

179 3452 63 45 xi,
275 3452 148 50 [3]-90
449 3464 43 37 p.
551 3452 60 40 22½
639 3454 47 23 cm
688 3484 11 10 .

181 3509 176 40 “Cases
381 3511 95 39 and
502 3509 294 42 authorities
821 3509 184 42 cited”:
1033 3521 44 38 p.
1103 3508 149 44 ix-xi.

115 3561 51 52 ©
197 3567 109 39 Dec.
338 3566 68 48 28,
437 3566 141 48 1931;
608 3567 68 40 2c.
707 3570 95 38 and
834 3568 81 40 aff.
946 3568 110 40 Feb.
1088 3569 70 47 13,
1188 3569 141 47 1933;
1362 3570 41 39 A
1432 3568 172 49 59414;
1636 3570 55 42 A.
1724 3569 206 43 Carlisle
1960 3572 39 41 &
2028 3582 83 37 co.,

183 3623 189 48 Upham
401 3624 37 40 &
467 3624 251 49 Rutledge,
749 3624 92 41 inc.
913 3624 250 52 (33-4826)

112 3702 216 67 Chave,
360 3706 218 53 Ernest
608 3706 176 66 John,
818 3712 171 50 1886-

179 3782 120 52 The
335 3781 222 69 junior;
596 3783 439 55 life-situations
1070 3784 64 53 of
1169 3786 259 53 children
1461 3784 133 56 nine
1627 3793 59 48 to
1722 3788 192 52 eleven
1948 3803 163 52 years

111 3859 63 53 of
206 3879 119 49 age,
354 3861 75 67 by
461 3861 207 53 Ernest
699 3863 54 53 J.
789 3861 210 70 Chave,
1116 3906 11 10 PH.
1196 3907 9 9 D.
1282 3866 71 51 2d
1385 3864 85 53 ed.
1546 3863 272 70 Chicago,
1846 3866 115 68 Ill.,
1991 3864 120 54 The

109 3937 336 70 University
475 3939 63 53 of
568 3939 253 67 Chicago
850 3959 157 50 press
1060 3943 152 66 [1932]
