2484 4405
1087 4077 134 50 1181

140 436 243 64 Morrin,
411 435 239 64 Joseph.

214 515 170 50 Facts
423 513 112 52 and
572 512 271 66 theories;
884 530 30 33 a
953 510 230 54 treatise
1223 530 71 33 on
1332 517 226 60 comets,
1595 511 95 53 the
1730 511 314 52 formation
2082 510 62 52 of

144 592 95 52 the
269 592 178 65 earth,
478 592 112 52 and
621 591 94 52 the
745 590 188 67 origin
966 590 64 51 of
1058 590 98 53 the
1183 590 214 53 human
1427 606 144 50 race,
1600 588 230 54 written

1861 591 112 52 and
143 589 1977 133 published
353 670 75 66 by
468 669 205 66 Joseph
702 670 241 51 Morrin.
1021 667 154 68 Erie,
1202 667 194 66 Mich.,
1427 672 149 49 1933.

211 744 58 40 48
296 754 43 37 p.
401 743 53 40 23
458 745 44 21 cm
507 775 8 8 .

149 796 1998 51 © Aug. 16, 1933; 2c. and aff. Aug. 19; A 64768; J. Morrin, Erie, Mich.
225 857 278 49 (33-22171)

142 947 145 52 New
315 947 180 52 York.
569 948 273 51 Museum
869 947 62 51 of
958 948 244 52 modern
1231 950 114 50 art.

215 1025 306 52 American
553 1043 220 36 sources
804 1025 64 53 of
896 1026 236 52 modern
1166 1030 104 47 art.
1346 1026 141 66 May
1518 1029 64 49 10
1610 1030 58 46 to
1698 1026 153 54 June
1880 1029 84 62 30,
1996 1029 151 63 1933,

146 1102 2002 67 the Museum of modern art … New York. [New York,
147 1182 240 53 Printed
414 1183 75 66 by
516 1183 93 51 the
639 1183 234 54 Garrett
901 1201 173 48 press,
1108 1186 150 62 1933]

219 1255 689 48 50 p., 2 l. plates. 25½ cm .
223 1312 341 47 “Twenty-five
606 1312 220 40 hundred
871 1311 161 48 copies
1072 1311 53 41 of
1167 1311 98 41 this
1308 1312 192 47 catalog
1542 1321 125 31 were
1710 1310 193 49 printed
1946 1311 79 40 for
2068 1312 81 39 the

150 1370 210 40 trustees
386 1369 52 40 of
465 1370 81 39 the
573 1370 220 38 Museum
821 1369 51 39 of
899 1369 197 40 modern
1124 1367 122 42 art.”

221 1426 155 41 These
409 1436 195 31 sources
638 1436 83 31 are
754 1426 151 41 found
940 1428 49 38 in
1025 1427 81 40 the
1141 1428 79 39 art
1253 1425 52 41 of
1337 1426 82 41 the
1453 1426 136 48 early
1623 1425 204 42 Indians
1861 1425 52 41 of
1947 1425 201 48 Mexico,

150 1483 197 40 Central
375 1485 94 39 and
501 1484 151 41 South
680 1484 236 40 America.

224 1541 283 40 “American
536 1552 193 29 sources
757 1541 52 39 of
837 1542 198 39 modern
1063 1540 109 41 art”
1209 1542 67 48 (p.
1306 1540 139 48 5-21)
1482 1541 196 47 signed:
1710 1541 181 47 Holger
1920 1541 174 40 Cahill.

221 1597 377 49 Bibliography:
627 1610 44 37 p.
698 1598 160 42 23-28.

152 1651 2001 53 © May 10, 1933; 2c. and aff. Aug. 18; A 63946; Museum of modern art,
218 1713 117 38 New
368 1713 143 39 York.
583 1713 281 47 (33-22020)

146 1800 208 63 Nolan,
384 1802 143 54 Mrs.
557 1802 317 53 Jeannette
904 1803 235 55 Covert.

221 1876 218 55 Second
465 1877 137 68 best,
629 1897 29 33 a
686 1880 163 51 novel
876 1879 74 67 by
976 1878 300 54 Jeannette
1304 1878 209 54 Covert
1538 1879 203 53 Nolan.
1804 1878 136 54 New
1974 1878 177 56 York.

152 1955 66 51 R.
255 1955 77 51 M.
368 1954 273 55 McBride
675 1957 45 50 &
753 1974 295 52 company,
1085 1959 151 52 1933.

223 2031 535 48 5 p. l., 3-354 p. 19½cm.
155 2082 1983 111 © Aug. 9, 1933; 2c. Aug. 22; aff. Aug. 19; A 64794; J. C, Nolan. Indianapolis. (33-22040)
148 2233 264 66 Phillips,
442 2236 182 53 Ruth.

222 2310 1930 72 Love is never late, by Ruth Phillips … New York, The
153 2388 302 69 Macaulay
492 2407 277 52 company
809 2425 13 33 [
827 2398 18 20 c
850 2393 131 49 1933
989 2424 13 34 ]

221 2464 618 48 4 p. l., 7-316. p. 19½ cm .
157 2514 51 52 ©
237 2520 119 46 Aug.
386 2520 67 46 22,
484 2521 113 39 1933;
655 2522 67 39 2c.
751 2523 95 38 and
876 2522 82 40 aff.
986 2523 122 47 Aug.
1136 2523 83 47 25;
1250 2524 45 39 A
1320 2523 171 48 65024;
1524 2525 260 47 Macaulay
1814 2536 66 29 co.

235 2577 280 48 (33-22043)

149 2647 327 70 Portenier,
506 2652 209 54 Lillian
749 2655 311 66 Gertrude,
1092 2659 173 51 1890-

222 2728 203 69 Pupils
476 2731 64 52 of
589 2734 109 49 low
747 2733 304 69 mentality
1101 2734 61 52 in
1211 2735 143 69 high
1404 2736 190 52 school
1650 2736 109 67 [by]
1815 2736 217 53 Lillian
2085 2736 69 55 G.

151 2808 2003 75 Portenier … Professor Leta S. Hollingworth, sponsor. New
154 2884 162 53 York
359 2885 134 70 city,
538 2889 277 54 Teachers
860 2894 228 65 college,
1136 2892 302 54 Columbia
1479 2893 337 69 university,
1865 2898 147 49 1933.

157 2957 1978 105 viii p,, 1 l., 109 p. diagrs. 23½ cm . (Teachers college, Columbia university.
326 3015 366 42 Contributions
722 3020 49 38 to
801 3018 270 49 education,
1103 3030 75 31 no.
1211 3021 109 48 568)

231 3074 168 38 Issued
428 3074 102 39 also
561 3085 53 28 as
644 3075 152 39 thesis
837 3077 13 44 (PH.
1027 3079 13 46 D.)
1081 3078 252 41 Columbia
1365 3078 285 47 university.

227 3129 375 50 Bibliography:
634 3142 43 38 p.
706 3131 216 42 103-109.

162 3186 51 52 ©
249 3192 116 46 July
398 3192 38 46 6,
472 3192 139 46 1933;
648 3193 66 39 2c.
749 3194 115 46 July
898 3194 82 41 27;
1018 3194 81 40 aff.
1137 3195 116 48 July
1286 3195 83 47 28;
1406 3197 41 38 A
1482 3196 169 48 64547;
1690 3198 240 39 Teachers
1967 3198 191 46 college,

231 3248 249 40 Columbia
508 3249 128 39 univ.
708 3249 279 48 (33-21921)

155 3319 269 68 Preston,
451 3324 154 53 John
632 3325 189 64 Hyde,
851 3328 171 50 1906-

293 3399 1861 74 … Portrait of a woman. New York, Harcourt, Brace and
163 3481 504 64 company [ c 1933]
229 3551 618 49 5 p. l., 3-301 p. 19½ cm .
230 3607 161 40 “First
423 3608 225 40 edition.”

166 3658 50 51 ©
253 3664 117 45 Aug.
407 3665 68 44 17,
512 3663 140 43 1933;
690 3666 67 39 2c.
793 3668 97 37 and
925 3667 80 39 aff.
1043 3668 119 48 Aug.
1200 3669 81 46 23;
1320 3671 42 37 A
1396 3670 170 47 63996;
1607 3671 42 39 J.
1686 3672 60 39 H.
1784 3672 217 46 Preston,
2041 3672 117 40 East

237 3708 163 52 Kiverl
423 3721 146 41 Conn.
641 3722 279 50 (33-22048)

158 3795 256 64 Ranson,
444 3800 137 51 Mrs.
610 3798 210 64 Nancy
848 3799 242 64 Richey.

233 3871 1862 77 Texas wild flower legends, by Nancy Richey Ranson …
162 3946 1417 79 Dallas, Tex., The Kaleidograph press [c1933 ]
