2484 4405
1114 4055 132 48 1369

189 412 319 65 [Alington,
541 410 329 64 Argentine
903 408 246 55 Francis]
1206 414 171 49 1898-

252 489 502 55 Gentlemen—the
778 488 308 68 regiment!
1168 490 89 66 By
1281 490 180 66 Hugh
1485 488 208 53 Talbot
1781 490 152 51 [pseud.]

184 492 1972 143 London,
339 570 56 54 J.
420 569 78 51 M.
525 568 152 51 Dent
703 568 50 50 &
779 585 145 47 sons,
951 565 223 53 limited
1208 569 172 64 [1933]

257 637 676 52 4 p. l., 3-407, [1] p. 19 cm .
189 693 1995 52 © 1c. Aug. 5, 1933; A ad int. 18070; pubd. June 8: Argentine Francis
256 754 228 47 Alington
564 756 331 43 Summertown,
927 752 199 47 Oxford,
1158 754 235 45 England.
1467 753 280 48 (33-29651)

181 854 389 68 Altamirano,
601 856 237 65 Ignacio
868 857 254 64 Manuel,
1157 861 323 51 1834-1893.

258 937 72 51 El
366 939 189 64 Zarco,
593 935 281 68 episodios
911 937 68 52 de
1014 937 54 51 la
1107 935 133 53 vida
1277 936 290 54 mexicana
1607 955 66 33 en
1716 941 323 59 1861-1863,
2077 956 102 49 por

183 1016 236 67 Ignacio
446 1016 232 52 Manuel
705 1015 390 65 Altamirano;
1128 1013 188 54 edited
1343 1013 139 53 with
1510 1020 157 49 notes
1695 1016 112 51 and
1836 1016 344 68 vocabulary

183 1091 1995 71 by Raymond L. Grismer … and Miguel Rueias … illustrated
184 1173 75 67 by
293 1172 219 51 Xavier
548 1173 282 51 Martínez
869 1171 225 55 Suárez.
1172 1171 137 52 New
1347 1172 178 66 York,
1559 1173 89 53 W.
1684 1173 89 52 W.
1809 1173 221 52 Norton
2068 1174 107 52 and

186 1268 238 49 company,
510 1251 106 51 inc.
653 1254 190 63 [c1933]

187 1321 1977 107 viii, xi-xix, [1], 205 p. incl. front., illus., maps. 19½ cm . [Norton Spanish series, vol. II]
257 1437 375 48 “Bibliography
661 1437 51 39 of
740 1437 80 40 the
848 1436 238 49 principal
1115 1437 159 40 works
1305 1436 51 39 of
1384 1437 333 41 Altamirano":
1777 1449 41 30 p.
1847 1437 253 43 xviii-xix.

187 1491 51 52 ©
265 1497 112 46 Apr.
406 1496 39 46 3,
473 1496 140 47 1933;
642 1496 66 39 2c.
737 1498 95 37 and
861 1495 81 41 aff.
971 1496 118 47 Aug.
1119 1496 82 45 22;
1232 1496 41 37 A
1299 1495 143 40 66046;
1502 1496 71 40 W.
1602 1497 70 39 W.
1702 1497 189 39 Norton
1918 1498 36 39 &
1982 1509 64 28 co.,
2093 1498 91 41 inc.

255 1548 68 53 [©
360 1554 150 44 notes,
546 1553 307 46 vocabulary,
890 1553 208 47 preface,
1136 1552 346 49 introduction]
1556 1552 279 48 (33-28392)

186 1639 313 54 American
540 1639 276 53 institute
856 1639 63 52 of
957 1637 229 66 mining
1225 1640 115 52 and
1380 1639 431 65 metallurgical
1850 1642 330 64 engineers.

254 1720 140 50 Iron
419 1720 114 51 and
560 1718 137 54 steel
723 1716 264 54 division.

254 1796 402 52 Transactions
682 1794 64 52 of
770 1796 95 51 the
891 1795 306 53 American
1223 1795 262 52 institute
1511 1795 62 53 of
1597 1795 224 70 mining
1847 1798 110 51 and

184 1800 1972 141 metallurgical
454 1876 291 66 engineers
779 1872 455 69 (incorporated)
1308 1892 51 34 v.
1391 1878 113 48 105.
1567 1876 139 50 Iron
1735 1876 112 51 and
1871 1879 135 49 steel

184 1876 1971 138 division,
358 1956 149 49 1933.
581 1953 217 66 Papers
832 1952 110 52 and
975 1952 343 52 discussions
1350 1953 300 66 presented
1680 1953 196 53 before

1907 1955 96 51 the
187 1954 1968 133 division
351 2040 55 46 at
446 2034 95 50 the
581 2030 276 69 meetings
894 2032 133 51 held
1070 2036 58 47 at
1171 2027 249 61 Buffalo,
1463 2032 125 54 Oct.
1633 2035 116 56 5-6,
1792 2036 134 49 1932
1969 2034 113 52 and
2123 2040 56 47 at

186 2114 136 51 New
362 2111 179 59 York,
579 2111 134 51 Feb.
753 2113 188 54 20-23,
982 2112 151 48 1933.
1209 2110 138 52 New
1389 2110 179 65 York,
1606 2113 69 51 N.
1718 2113 88 64 Y.,
1844 2112 122 52 The
184 2114 1970 130 Institute
343 2225 11 33 [
360 2197 17 20 c
383 2193 151 63 1933]

253 2261 1245 50 306 p. incl. illus., port., tables, diagrs. 23½ cm .
187 2317 1999 52 © Sept. 21, 1933; 2c. and aff. Oct. 12; A 65632; Amer. institute of mining
255 2378 95 39 and
381 2375 355 46 metallurgical
767 2375 264 47 engineers,
1063 2374 107 46 inc.,
1202 2375 116 38 New
1349 2375 144 40 York.

187 2465 578 66 [Aubrey-Fletcher,
798 2466 207 63 Henry
1034 2464 299 67 Lancelot]
1373 2464 171 53 1887-

251 2543 370 54 Policeman’s
646 2546 99 63 lot,
767 2543 199 52 stories
991 2542 63 53 of
1080 2542 300 68 detection,
1403 2543 75 68 by
1502 2543 204 70 Henry
1730 2545 181 53 Wade
1964 2546 211 69 [pseud.]

181 2629 256 66 London,
466 2627 304 55 Constable
796 2629 46 50 &
868 2644 96 48 co.,
991 2625 105 52 ltd.
1131 2628 172 64 [1933]

258 2713 40 30 v.
333 2701 85 40 287
450 2712 43 37 p.
553 2698 56 42 19½c
658 2701 27 21 m

186 2754 1999 107 © 1c. Sept. 16, 1983; A ad int. 18211; pubd. July 20; H. L. Aubery-Fletcher, Aylesbury. Buckinghamshire, England.
262 2871 279 49 (33-29502)

180 2961 285 64 Barbour,
496 2960 189 63 Ralph
716 2960 224 62 Henry,
975 2958 170 54 1870-

256 3042 121 50 The
409 3057 144 35 crew
585 3038 63 52 of
680 3039 95 52 the
809 3036 265 65 “Casco”,
1109 3055 71 32 an
1214 3037 311 52 adventure
1558 3036 66 53 of
1655 3040 95 51 the
1783 3040 194 53 Maine
2010 3048 169 61 coast,

186 3120 74 68 by
301 3118 193 68 Ralph
535 3118 205 66 Henry
780 3115 277 52 Barbour.
1134 3114 139 52 New
1316 3114 179 68 York,
1538 3117 214 51 Farrar
1796 3121 45 50 &
1882 3118 297 56 Rinehart.

188 3197 624 67 incorporated [ c 1933]
254 3281 40 33 v,
329 3271 84 40 277
445 3281 43 36 p.
547 3269 149 39 front.
757 3266 54 40 19½
843 3269 44 21 cm
893 3298 10 10 .

185 3325 52 51 ©
264 3329 99 40 Oct.
391 3328 40 45 2,
457 3327 113 39 1933;
625 3325 67 40 2c.
720 3324 101 40 Oct.
848 3324 51 46 5;
929 3322 80 41 aff.
1040 3323 102 41 Oct.
1168 3323 54 46 3;
1251 3323 41 39 A
1317 3323 172 47 66468;
1520 3325 54 39 R.
1603 3325 60 40 H.
1691 3326 235 42 Barbour.

252 3385 369 45 Northampton,
654 3383 145 37 Mass.
874 3379 280 48 (33-28405)

181 3472 270 65 Biggers,
483 3475 128 51 Don
644 3471 319 63 Hampton,
1001 3475 170 49 1869-

256 3550 121 54 Our
417 3548 190 54 sacred
649 3546 296 67 monkeys;
989 3564 79 49 or,
1109 3548 68 49 20
1216 3564 161 49 years
1418 3546 63 53 of
1520 3547 120 53 Jim
1684 3548 112 52 and
1838 3550 157 53 other
2035 3552 146 66 jams

194 3628 232 69 (mostly
463 3625 148 69 Jim)
657 3626 95 53 the
788 3623 373 67 outstanding
1194 3629 136 62 goat
1367 3623 177 68 gland
1578 3623 287 70 specialist
1900 3629 65 52 of
1998 3631 183 55 Texas

186 3704 242 71 politics,
479 3704 73 68 by
608 3703 128 51 Don
790 3701 74 51 H.
921 3700 271 69 Biggers;
1250 3721 31 33 a
1335 3701 282 55 thousand
1672 3702 260 59 chuckles
1983 3709 113 54 and
2150 3733 32 36 a

183 3783 280 56 thousand
491 3783 162 66 facts,
679 3780 257 66 showing
961 3780 95 52 the
1084 3777 263 69 amusing
1372 3779 395 72 humbuggery
1793 3784 63 52 of
1881 3787 94 51 the
2002 3788 179 55 whole

185 3854 1935 74 business, particularly since Jim broke into the game in 1914 …
190 3937 407 71 [Brownwood,
630 3936 154 54 Tex.,
816 3935 120 50 The
970 3934 173 52 Jones
1177 3930 262 71 printing
1472 3952 294 54 company]
1808 3947 16 21 c
1830 3944 149 49 1933.
