<alto xmlns="http://www.loc.gov/standards/alto/ns-v3#" xmlns:xsi="http://www.w3.org/2001/XMLSchema-instance" xsi:schemaLocation="http://www.loc.gov/standards/alto/ns-v3# http://www.loc.gov/alto/v3/alto-3-0.xsd"><Description>
<MeasurementUnit>pixel</MeasurementUnit>
<sourceImageInformation>
<fileName>1933_v1_Part1.pdf</fileName>
</sourceImageInformation>
<OCRProcessing ID="IdOcr">
<ocrProcessingStep>
<processingDateTime>2019-01-03</processingDateTime>
<processingSoftware>
<softwareCreator>ABBYY</softwareCreator>
<softwareName>ABBYY Recognition Server</softwareName>
<softwareVersion>4.0</softwareVersion>
</processingSoftware>
</ocrProcessingStep>
</OCRProcessing>
</Description>
<Styles>
<ParagraphStyle ALIGN="Left" FIRSTLINE="0." ID="StyleId-FFFFFFFF-FFFF-FFFF-FFFF-FFFFFFFFFFFF-" LEFT="0." RIGHT="0." />
<ParagraphStyle ALIGN="Left" FIRSTLINE="0." ID="StyleId-6EF5737A-DCEB-4126-A0CF-C5930BF7166A-" LEFT="0." LINESPACE="8.300000191" RIGHT="0." />
<ParagraphStyle ALIGN="Left" FIRSTLINE="0." ID="StyleId-2DE44258-FD0B-41E1-B542-087C989B01A3-" LEFT="0." LINESPACE="12.19999981" RIGHT="0." />
<ParagraphStyle ALIGN="Left" FIRSTLINE="-14." ID="StyleId-CE3D254A-29D7-4DD7-B5F1-E0FC0EF29B05-" LEFT="0." LINESPACE="8.619999886" RIGHT="0." />
<ParagraphStyle ALIGN="Left" FIRSTLINE="-14." ID="StyleId-C0E3A137-CE4F-4287-8A90-B599106709D0-" LEFT="0." LINESPACE="12.19999981" RIGHT="0." />
<ParagraphStyle ALIGN="Left" FIRSTLINE="-14." ID="StyleId-50F26F0C-05DA-4C19-BA58-7A6AC4499BEE-" LEFT="0." LINESPACE="11.06999969" RIGHT="0." />
<ParagraphStyle ALIGN="Center" FIRSTLINE="0." ID="StyleId-5DDE65AF-512C-41E2-9B8E-095D6D99EF68-" LEFT="0." LINESPACE="11.89999962" RIGHT="0." />
<ParagraphStyle ALIGN="Left" FIRSTLINE="0." ID="StyleId-0A81D7A5-6A62-4C52-915E-7768974C704D-" LEFT="0." LINESPACE="9.399999619" RIGHT="0." />
<ParagraphStyle ALIGN="Block" FIRSTLINE="-13." ID="StyleId-F7A0127F-6B48-4157-BB81-FE33E1E1A05B-" LEFT="0." LINESPACE="10.63000011" RIGHT="0." />
<ParagraphStyle ALIGN="Left" FIRSTLINE="0." ID="StyleId-E18C69F7-DBD7-48B1-805C-FCD96D0DA019-" LEFT="0." LINESPACE="11.64000034" RIGHT="0." />
<ParagraphStyle ALIGN="Left" FIRSTLINE="-14." ID="StyleId-98F15501-B611-4E83-8BB3-807E891F11F5-" LEFT="0." LINESPACE="12.19999981" RIGHT="0." />
<ParagraphStyle ALIGN="Left" FIRSTLINE="0." ID="StyleId-F4A78626-0BBC-4D12-94D9-A1AE75A9855F-" LEFT="0." LINESPACE="9.399999619" RIGHT="0." />
<ParagraphStyle ALIGN="Left" FIRSTLINE="0." ID="StyleId-6A3F6F4C-D21B-4ADE-902F-7683F18ECEF3-" LEFT="0." LINESPACE="11.10000038" RIGHT="0." />
</Styles>
<Layout>
<Page HEIGHT="4453" ID="Page382" PHYSICAL_IMG_NR="382" WIDTH="2582">
<TopMargin HEIGHT="396" HPOS="0" VPOS="0" WIDTH="2582">
</TopMargin>
<LeftMargin HEIGHT="3691" HPOS="0" VPOS="396" WIDTH="308">
</LeftMargin>
<RightMargin HEIGHT="3691" HPOS="2360" VPOS="396" WIDTH="222">
</RightMargin>
<BottomMargin HEIGHT="366" HPOS="0" VPOS="4087" WIDTH="2582">
<TextBlock HEIGHT="84" HPOS="1228" ID="Page382_Block1" LANG="en-US" STYLEREFS="StyleId-711B0E19-9A3B-407F-9BE5-8C01ACE9DF22-" VPOS="4096" WIDTH="241">
<TextLine HEIGHT="53" HPOS="1273" VPOS="4107" WIDTH="105">
<String CONTENT="382" HEIGHT="53" HPOS="1273" VPOS="4107" WIDTH="105" />
</TextLine>
</TextBlock>
</BottomMargin>
<PrintSpace HEIGHT="3691" HPOS="308" VPOS="396" WIDTH="2052">
<TextBlock CS="1" HEIGHT="3691" HPOS="308" ID="Page382_Block2" LANG="en-US" STYLEREFS="StyleId-665842A2-BFC8-401C-AEA6-DB1AC658B324-" VPOS="396" WIDTH="2052">
<Shape>
<Polygon POINTS="308,396 2360,396 2360,4041 1007,4041 1007,4087 308,4087 308,396" />
</Shape>
<TextLine HEIGHT="70" HPOS="324" STYLEREFS="StyleId-18184832-41ED-47C9-8737-440F9BD2A253-" VPOS="406" WIDTH="670">
<String CONTENT="Menger," HEIGHT="68" HPOS="324" VPOS="406" WIDTH="266" />
<SP HEIGHT="65" HPOS="591" VPOS="409" WIDTH="30" />
<String CONTENT="Karl," HEIGHT="68" HPOS="622" VPOS="408" WIDTH="165" />
<SP HEIGHT="61" HPOS="788" VPOS="415" WIDTH="32" />
<String CONTENT="1902-" HEIGHT="51" HPOS="821" VPOS="414" WIDTH="173" />
</TextLine>
<TextLine HEIGHT="74" HPOS="396" STYLEREFS="StyleId-18184832-41ED-47C9-8737-440F9BD2A253-" VPOS="487" WIDTH="1953">
<String CONTENT="Kurventheorie," HEIGHT="70" HPOS="396" VPOS="487" WIDTH="482" />
<SP HEIGHT="49" HPOS="879" VPOS="508" WIDTH="38" />
<String CONTENT="von" HEIGHT="34" HPOS="918" VPOS="508" WIDTH="111" />
<SP HEIGHT="52" HPOS="1030" VPOS="490" WIDTH="39" />
<String CONTENT="Karl" HEIGHT="53" HPOS="1070" VPOS="490" WIDTH="150" />
<SP HEIGHT="53" HPOS="1221" VPOS="491" WIDTH="37" />
<String CONTENT="Menger." HEIGHT="69" HPOS="1259" VPOS="492" WIDTH="256" />
<SP HEIGHT="52" HPOS="1516" VPOS="492" WIDTH="74" />
<String CONTENT="Hrsg." HEIGHT="69" HPOS="1591" VPOS="492" WIDTH="180" />
<SP HEIGHT="35" HPOS="1772" VPOS="511" WIDTH="35" />
<String CONTENT="unter" HEIGHT="47" HPOS="1808" VPOS="499" WIDTH="169" />
<SP HEIGHT="34" HPOS="1978" VPOS="512" WIDTH="35" />
<String CONTENT="mit" HEIGHT="54" HPOS="2014" LANG="fr" VPOS="493" WIDTH="110" />
<SP HEIGHT="49" HPOS="2125" VPOS="498" WIDTH="36" />
<String CONTENT="arbeit" HEIGHT="54" HPOS="2162" VPOS="494" WIDTH="187" />
</TextLine>
<TextLine CS="1" HEIGHT="77" HPOS="326" STYLEREFS="StyleId-18184832-41ED-47C9-8737-440F9BD2A253-" VPOS="566" WIDTH="2020">
<String CONTENT="von" HEIGHT="36" HPOS="326" VPOS="584" WIDTH="110" />
<SP HEIGHT="56" HPOS="437" VPOS="566" WIDTH="48" />
<String CONTENT="Georg" HEIGHT="71" HPOS="486" VPOS="566" WIDTH="193" />
<SP HEIGHT="67" HPOS="680" VPOS="570" WIDTH="45" />
<String CONTENT="N&#246;beling." CS="1" HEIGHT="69" HPOS="726" VPOS="568" WIDTH="305" />
<SP HEIGHT="51" HPOS="1032" VPOS="570" WIDTH="72" />
<String CONTENT="Leipzig" HEIGHT="71" HPOS="1105" VPOS="569" WIDTH="244" />
<SP HEIGHT="51" HPOS="1350" VPOS="589" WIDTH="44" />
<String CONTENT="und" HEIGHT="54" HPOS="1395" VPOS="570" WIDTH="119" />
<SP HEIGHT="55" HPOS="1515" VPOS="570" WIDTH="46" />
<String CONTENT="Berlin," HEIGHT="68" HPOS="1562" VPOS="573" WIDTH="220" />
<SP HEIGHT="66" HPOS="1783" VPOS="575" WIDTH="47" />
<String CONTENT="B." HEIGHT="51" HPOS="1831" LANG="fr" VPOS="575" WIDTH="67" />
<SP HEIGHT="55" HPOS="1899" VPOS="574" WIDTH="47" />
<String CONTENT="G." HEIGHT="55" HPOS="1947" VPOS="574" WIDTH="70" />
<SP HEIGHT="51" HPOS="2018" VPOS="575" WIDTH="46" />
<String CONTENT="Teubner," HEIGHT="69" HPOS="2065" VPOS="574" WIDTH="281" />
</TextLine>
<TextLine HEIGHT="51" HPOS="328" STYLEREFS="StyleId-18184832-41ED-47C9-8737-440F9BD2A253-" VPOS="649" WIDTH="151">
<String CONTENT="1932." HEIGHT="51" HPOS="328" VPOS="649" WIDTH="151" />
</TextLine>
<TextLine CS="1" HEIGHT="54" HPOS="399" VPOS="721" WIDTH="1950">
<String CONTENT="vi," HEIGHT="48" HPOS="399" VPOS="721" WIDTH="62" />
<SP HEIGHT="47" HPOS="462" VPOS="722" WIDTH="31" />
<String CONTENT="374," HEIGHT="46" HPOS="494" VPOS="722" WIDTH="100" />
<SP HEIGHT="30" HPOS="595" VPOS="741" WIDTH="35" />
<String CONTENT="[2]" HEIGHT="50" HPOS="631" VPOS="721" WIDTH="56" />
<SP HEIGHT="39" HPOS="688" VPOS="732" WIDTH="33" />
<String CONTENT="p." HEIGHT="38" HPOS="722" VPOS="732" WIDTH="42" />
<SP HEIGHT="41" HPOS="765" VPOS="721" WIDTH="60" />
<String CONTENT="23&#189;" CS="1" HEIGHT="41" HPOS="826" VPOS="721" WIDTH="55" />
<String CONTENT="cm" HEIGHT="21" HPOS="916" STYLE="superscript" VPOS="724" WIDTH="44" />
<String CONTENT="." HEIGHT="7" HPOS="966" VPOS="755" WIDTH="8" />
<SP />
<String CONTENT="(Added" HEIGHT="49" HPOS="1047" VPOS="723" WIDTH="195" />
<SP HEIGHT="39" HPOS="1243" VPOS="724" WIDTH="33" />
<String CONTENT="t.-p.:" HEIGHT="47" HPOS="1277" VPOS="726" WIDTH="121" />
<SP HEIGHT="40" HPOS="1399" VPOS="726" WIDTH="32" />
<String CONTENT="Mengentheoretisehe" HEIGHT="48" HPOS="1432" VPOS="726" WIDTH="536" />
<SP HEIGHT="38" HPOS="1969" VPOS="737" WIDTH="32" />
<String CONTENT="geometrie" HEIGHT="48" HPOS="2002" VPOS="727" WIDTH="263" />
<SP HEIGHT="39" HPOS="2266" VPOS="730" WIDTH="33" />
<String CONTENT="in" HEIGHT="39" HPOS="2300" VPOS="730" WIDTH="49" />
</TextLine>
<TextLine CS="1" HEIGHT="50" HPOS="328" VPOS="778" WIDTH="841">
<String CONTENT="einzeldarstellungen" HEIGHT="50" HPOS="328" VPOS="778" WIDTH="527" />
<SP HEIGHT="28" HPOS="856" VPOS="791" WIDTH="31" />
<String CONTENT="&#8230;" CS="1" />
<SP HEIGHT="39" HPOS="935" VPOS="780" WIDTH="61" />
<String CONTENT="bd." CS="1" HEIGHT="39" HPOS="997" LANG="fr" VPOS="780" WIDTH="75" />
<SP HEIGHT="29" HPOS="1073" VPOS="790" WIDTH="30" />
<String CONTENT="II" CS="1" LANG="fr" />
<String CONTENT=")" HEIGHT="48" HPOS="1155" VPOS="780" WIDTH="14" />
</TextLine>
<TextLine CS="1" HEIGHT="58" HPOS="330" VPOS="832" WIDTH="1656">
<String CONTENT="&#169;" HEIGHT="53" HPOS="330" VPOS="832" WIDTH="52" />
<SP HEIGHT="53" HPOS="383" VPOS="832" WIDTH="33" />
<String CONTENT="Dec." HEIGHT="39" HPOS="417" VPOS="837" WIDTH="111" />
<SP HEIGHT="38" HPOS="529" VPOS="838" WIDTH="33" />
<String CONTENT="10," HEIGHT="47" HPOS="563" VPOS="837" WIDTH="69" />
<SP HEIGHT="46" HPOS="633" VPOS="838" WIDTH="32" />
<String CONTENT="1932;" HEIGHT="49" HPOS="666" VPOS="836" WIDTH="143" />
<SP />
<String CONTENT="1c." CS="1" />
<SP HEIGHT="42" HPOS="914" VPOS="837" WIDTH="32" />
<String CONTENT="Feb." HEIGHT="42" HPOS="947" VPOS="837" WIDTH="112" />
<SP HEIGHT="41" HPOS="1060" VPOS="838" WIDTH="32" />
<String CONTENT="21," HEIGHT="48" HPOS="1093" VPOS="838" WIDTH="69" />
<SP HEIGHT="47" HPOS="1163" VPOS="839" WIDTH="33" />
<String CONTENT="1933;" HEIGHT="50" HPOS="1197" VPOS="837" WIDTH="143" />
<SP HEIGHT="47" HPOS="1341" VPOS="840" WIDTH="33" />
<String CONTENT="A-Foreign" HEIGHT="50" HPOS="1375" VPOS="840" WIDTH="313" />
<SP HEIGHT="38" HPOS="1689" VPOS="843" WIDTH="33" />
<String CONTENT="19813;" HEIGHT="48" HPOS="1723" VPOS="841" WIDTH="170" />
<SP HEIGHT="46" HPOS="1894" VPOS="843" WIDTH="37" />
<String CONTENT="B." HEIGHT="39" HPOS="1932" LANG="fr" VPOS="843" WIDTH="54" />
</TextLine>
<TextLine HEIGHT="42" HPOS="2024" VPOS="842" WIDTH="324">
<String CONTENT="G." HEIGHT="42" HPOS="2024" VPOS="842" WIDTH="51" />
<SP HEIGHT="41" HPOS="2076" VPOS="843" WIDTH="34" />
<String CONTENT="Teubner." HEIGHT="40" HPOS="2111" VPOS="843" WIDTH="237" />
</TextLine>
<TextLine HEIGHT="67" HPOS="325" STYLEREFS="StyleId-18184832-41ED-47C9-8737-440F9BD2A253-" VPOS="940" WIDTH="997">
<String CONTENT="Miomandre," HEIGHT="67" HPOS="325" VPOS="940" WIDTH="390" />
<SP HEIGHT="65" HPOS="716" VPOS="942" WIDTH="30" />
<String CONTENT="Francis" HEIGHT="55" HPOS="747" VPOS="941" WIDTH="251" />
<SP HEIGHT="52" HPOS="999" VPOS="943" WIDTH="27" />
<String CONTENT="de," HEIGHT="64" HPOS="1027" LANG="fr" VPOS="943" WIDTH="88" />
<SP HEIGHT="58" HPOS="1116" VPOS="949" WIDTH="33" />
<String CONTENT="1880-" HEIGHT="51" HPOS="1150" VPOS="947" WIDTH="172" />
</TextLine>
<TextLine CS="1" HEIGHT="71" HPOS="459" LANG="fr" STYLEREFS="StyleId-18184832-41ED-47C9-8737-440F9BD2A253-" VPOS="1018" WIDTH="1887">
<String CONTENT="&#8230;" CS="1" LANG="en-US" />
<SP HEIGHT="52" HPOS="459" VPOS="1021" WIDTH="37" />
<String CONTENT="Les" HEIGHT="54" HPOS="497" VPOS="1021" WIDTH="107" />
<SP HEIGHT="53" HPOS="605" VPOS="1022" WIDTH="32" />
<String CONTENT="&#233;garements" HEIGHT="67" HPOS="638" VPOS="1022" WIDTH="355" />
<SP HEIGHT="53" HPOS="994" VPOS="1022" WIDTH="32" />
<String CONTENT="de" HEIGHT="54" HPOS="1027" VPOS="1022" WIDTH="69" />
<SP HEIGHT="53" HPOS="1097" VPOS="1023" WIDTH="32" />
<String CONTENT="Blandine," HEIGHT="67" HPOS="1130" VPOS="1021" WIDTH="306" />
<SP HEIGHT="50" HPOS="1437" VPOS="1038" WIDTH="31" />
<String CONTENT="roman." HEIGHT="35" HPOS="1469" VPOS="1038" WIDTH="217" />
<SP HEIGHT="51" HPOS="1687" VPOS="1021" WIDTH="74" />
<String CONTENT="Paris," HEIGHT="68" HPOS="1762" VPOS="1018" WIDTH="186" />
<SP HEIGHT="66" HPOS="1949" VPOS="1020" WIDTH="32" />
<String CONTENT="J." HEIGHT="54" HPOS="1982" VPOS="1020" WIDTH="55" />
<SP HEIGHT="53" HPOS="2038" VPOS="1020" WIDTH="36" />
<String CONTENT="Ferenczi" HEIGHT="54" HPOS="2075" VPOS="1018" WIDTH="271" />
</TextLine>
<TextLine CS="1" HEIGHT="69" HPOS="325" LANG="fr" STYLEREFS="StyleId-18184832-41ED-47C9-8737-440F9BD2A253-" VPOS="1100" WIDTH="404">
<String CONTENT="&amp;" HEIGHT="50" HPOS="325" VPOS="1104" WIDTH="45" />
<SP HEIGHT="54" HPOS="371" VPOS="1100" WIDTH="32" />
<String CONTENT="fils" HEIGHT="55" HPOS="404" VPOS="1100" WIDTH="90" />
<SP HEIGHT="49" HPOS="495" VPOS="1120" WIDTH="38" />
<String CONTENT="[c1932]" CS="1" HEIGHT="65" HPOS="534" VPOS="1104" WIDTH="195" />
</TextLine>
<TextLine CS="1" HEIGHT="51" HPOS="399" LANG="fr" VPOS="1174" WIDTH="842">
<String CONTENT="3" HEIGHT="40" HPOS="399" VPOS="1176" WIDTH="26" />
<SP HEIGHT="47" HPOS="426" VPOS="1176" WIDTH="26" />
<String CONTENT="p." HEIGHT="37" HPOS="453" VPOS="1186" WIDTH="43" />
<SP />
<String CONTENT="l.," CS="1" HEIGHT="17" HPOS="560" VPOS="1206" WIDTH="9" />
<SP HEIGHT="48" HPOS="570" VPOS="1175" WIDTH="25" />
<String CONTENT="11-249," HEIGHT="48" HPOS="596" VPOS="1174" WIDTH="188" />
<SP HEIGHT="31" HPOS="785" VPOS="1194" WIDTH="29" />
<String CONTENT="[1]" HEIGHT="50" HPOS="815" VPOS="1175" WIDTH="55" />
<SP HEIGHT="38" HPOS="871" VPOS="1186" WIDTH="26" />
<String CONTENT="p.," HEIGHT="37" HPOS="898" VPOS="1186" WIDTH="59" />
<SP HEIGHT="46" HPOS="958" VPOS="1176" WIDTH="25" />
<String CONTENT="1" HEIGHT="38" HPOS="984" VPOS="1176" WIDTH="24" />
<SP />
<String CONTENT="l." CS="1" />
<SP HEIGHT="41" HPOS="1066" VPOS="1174" WIDTH="59" />
<String CONTENT="18" HEIGHT="41" HPOS="1126" VPOS="1174" WIDTH="56" />
<String CONTENT="cm" CS="1" HEIGHT="22" HPOS="1185" STYLE="superscript" VPOS="1176" WIDTH="15" />
<String CONTENT="." HEIGHT="8" HPOS="1233" VPOS="1204" WIDTH="8" />
</TextLine>
<TextLine CS="1" HEIGHT="54" HPOS="329" LANG="fr" VPOS="1242" WIDTH="2020">
<String CONTENT="&#169;" HEIGHT="54" HPOS="329" VPOS="1242" WIDTH="52" />
<SP HEIGHT="54" HPOS="382" VPOS="1242" WIDTH="27" />
<String CONTENT="Nov." HEIGHT="41" HPOS="410" VPOS="1248" WIDTH="120" />
<SP HEIGHT="41" HPOS="531" VPOS="1248" WIDTH="25" />
<String CONTENT="3," HEIGHT="46" HPOS="557" VPOS="1248" WIDTH="41" />
<SP HEIGHT="47" HPOS="599" VPOS="1247" WIDTH="27" />
<String CONTENT="1932;" CS="1" HEIGHT="44" HPOS="627" VPOS="1244" WIDTH="114" />
<SP />
<String CONTENT="1c." CS="1" />
<SP HEIGHT="41" HPOS="867" VPOS="1247" WIDTH="29" />
<String CONTENT="Jan." HEIGHT="42" HPOS="897" VPOS="1247" WIDTH="109" />
<SP HEIGHT="42" HPOS="1007" VPOS="1247" WIDTH="28" />
<String CONTENT="21," HEIGHT="48" HPOS="1036" VPOS="1247" WIDTH="70" />
<SP HEIGHT="48" HPOS="1107" VPOS="1247" WIDTH="28" />
<String CONTENT="1933;" CS="1" HEIGHT="42" HPOS="1136" VPOS="1245" WIDTH="115" />
<SP HEIGHT="48" HPOS="1278" VPOS="1246" WIDTH="31" />
<String CONTENT="A-" HEIGHT="40" HPOS="1310" VPOS="1246" WIDTH="102" />
<String CONTENT="Foreign" HEIGHT="50" HPOS="1415" LANG="en-US" VPOS="1243" WIDTH="208" />
<SP HEIGHT="39" HPOS="1624" VPOS="1246" WIDTH="28" />
<String CONTENT="19424;" CS="1" HEIGHT="42" HPOS="1653" VPOS="1243" WIDTH="145" />
<SP HEIGHT="48" HPOS="1826" VPOS="1244" WIDTH="30" />
<String CONTENT="J." HEIGHT="42" HPOS="1857" VPOS="1244" WIDTH="45" />
<SP HEIGHT="42" HPOS="1903" VPOS="1244" WIDTH="29" />
<String CONTENT="Ferenczi" HEIGHT="43" HPOS="1933" VPOS="1243" WIDTH="230" />
<SP HEIGHT="41" HPOS="2164" VPOS="1243" WIDTH="27" />
<String CONTENT="&amp;" HEIGHT="41" HPOS="2192" VPOS="1243" WIDTH="37" />
<SP HEIGHT="41" HPOS="2230" VPOS="1243" WIDTH="26" />
<String CONTENT="fils." HEIGHT="44" HPOS="2257" VPOS="1242" WIDTH="92" />
</TextLine>
<TextLine HEIGHT="49" HPOS="407" LANG="fr" VPOS="1304" WIDTH="253">
<String CONTENT="(33-8112)" HEIGHT="49" HPOS="407" VPOS="1304" WIDTH="253" />
</TextLine>
<TextLine HEIGHT="72" HPOS="323" STYLEREFS="StyleId-FF66074E-EAA6-4E21-8464-B27F27D80C5C-" VPOS="1406" WIDTH="2023">
<String CONTENT="Missouri." HEIGHT="54" HPOS="323" LANG="fr" VPOS="1410" WIDTH="301" />
<SP HEIGHT="53" HPOS="625" VPOS="1412" WIDTH="75" />
<String CONTENT="St." HEIGHT="54" HPOS="701" LANG="fr" VPOS="1412" WIDTH="87" />
<SP HEIGHT="55" HPOS="789" VPOS="1411" WIDTH="36" />
<String CONTENT="Louis," HEIGHT="67" HPOS="826" LANG="fr" VPOS="1411" WIDTH="193" />
<SP HEIGHT="66" HPOS="1020" VPOS="1412" WIDTH="38" />
<String CONTENT="Kansas" HEIGHT="52" HPOS="1059" LANG="fr" VPOS="1412" WIDTH="229" />
<SP HEIGHT="53" HPOS="1289" VPOS="1412" WIDTH="39" />
<String CONTENT="City" HEIGHT="70" HPOS="1329" LANG="fr" VPOS="1408" WIDTH="135" />
<SP HEIGHT="51" HPOS="1465" VPOS="1427" WIDTH="35" />
<String CONTENT="and" HEIGHT="53" HPOS="1501" LANG="en-US" VPOS="1409" WIDTH="116" />
<SP HEIGHT="54" HPOS="1618" VPOS="1409" WIDTH="35" />
<String CONTENT="Springfield" HEIGHT="71" HPOS="1654" LANG="en-US" VPOS="1406" WIDTH="361" />
<SP HEIGHT="53" HPOS="2016" VPOS="1409" WIDTH="36" />
<String CONTENT="courts" HEIGHT="48" HPOS="2053" LANG="fr" VPOS="1414" WIDTH="189" />
<SP HEIGHT="37" HPOS="2243" VPOS="1425" WIDTH="38" />
<String CONTENT="of" HEIGHT="70" HPOS="2282" LANG="en-US" VPOS="1408" WIDTH="64" />
</TextLine>
<TextLine HEIGHT="67" HPOS="393" STYLEREFS="StyleId-FF66074E-EAA6-4E21-8464-B27F27D80C5C-" VPOS="1492" WIDTH="253">
<String CONTENT="appeals." HEIGHT="67" HPOS="393" VPOS="1492" WIDTH="253" />
</TextLine>
<TextLine CS="1" HEIGHT="73" HPOS="396" STYLEREFS="StyleId-18184832-41ED-47C9-8737-440F9BD2A253-" VPOS="1565" WIDTH="1948">
<String CONTENT="Cases" HEIGHT="55" HPOS="396" LANG="fr" VPOS="1568" WIDTH="170" />
<SP HEIGHT="53" HPOS="567" VPOS="1570" WIDTH="45" />
<String CONTENT="determined" HEIGHT="53" HPOS="613" VPOS="1569" WIDTH="356" />
<SP HEIGHT="52" HPOS="970" VPOS="1570" WIDTH="49" />
<String CONTENT="&#8230;" CS="1" LANG="fr" />
<SP HEIGHT="33" HPOS="1077" VPOS="1588" WIDTH="48" />
<String CONTENT="reported" HEIGHT="70" HPOS="1126" VPOS="1568" WIDTH="270" />
<SP HEIGHT="54" HPOS="1397" VPOS="1567" WIDTH="42" />
<String CONTENT="for" HEIGHT="53" HPOS="1440" VPOS="1567" WIDTH="95" />
<SP HEIGHT="47" HPOS="1536" VPOS="1574" WIDTH="43" />
<String CONTENT="the" HEIGHT="53" HPOS="1580" VPOS="1568" WIDTH="97" />
<SP HEIGHT="55" HPOS="1678" VPOS="1569" WIDTH="44" />
<String CONTENT="St." HEIGHT="55" HPOS="1723" VPOS="1569" WIDTH="84" />
<SP HEIGHT="51" HPOS="1808" VPOS="1568" WIDTH="42" />
<String CONTENT="Louis" HEIGHT="56" HPOS="1851" VPOS="1565" WIDTH="176" />
<SP HEIGHT="35" HPOS="2028" VPOS="1586" WIDTH="44" />
<String CONTENT="court" HEIGHT="49" HPOS="2073" VPOS="1572" WIDTH="163" />
<SP HEIGHT="49" HPOS="2237" VPOS="1572" WIDTH="41" />
<String CONTENT="of" HEIGHT="52" HPOS="2279" VPOS="1568" WIDTH="65" />
</TextLine>
<TextLine CS="1" HEIGHT="71" HPOS="326" STYLEREFS="StyleId-18184832-41ED-47C9-8737-440F9BD2A253-" VPOS="1647" WIDTH="1952">
<String CONTENT="appeals," HEIGHT="68" HPOS="326" VPOS="1650" WIDTH="254" />
<SP HEIGHT="68" HPOS="581" VPOS="1650" WIDTH="30" />
<String CONTENT="July" HEIGHT="68" HPOS="612" VPOS="1650" WIDTH="144" />
<SP HEIGHT="69" HPOS="757" VPOS="1649" WIDTH="28" />
<String CONTENT="7," HEIGHT="68" HPOS="786" VPOS="1649" WIDTH="50" />
<SP HEIGHT="63" HPOS="837" VPOS="1654" WIDTH="33" />
<String CONTENT="1931," HEIGHT="66" HPOS="871" VPOS="1652" WIDTH="152" />
<SP HEIGHT="63" HPOS="1024" VPOS="1655" WIDTH="29" />
<String CONTENT="to" HEIGHT="47" HPOS="1054" VPOS="1655" WIDTH="58" />
<SP HEIGHT="53" HPOS="1113" VPOS="1649" WIDTH="30" />
<String CONTENT="April" HEIGHT="69" HPOS="1144" VPOS="1648" WIDTH="177" />
<SP HEIGHT="50" HPOS="1322" VPOS="1650" WIDTH="30" />
<String CONTENT="5," HEIGHT="65" HPOS="1353" VPOS="1652" WIDTH="48" />
<SP HEIGHT="65" HPOS="1402" VPOS="1652" WIDTH="32" />
<String CONTENT="1932," HEIGHT="65" HPOS="1435" VPOS="1651" WIDTH="153" />
<SP HEIGHT="68" HPOS="1589" VPOS="1648" WIDTH="28" />
<String CONTENT="by" HEIGHT="69" HPOS="1618" VPOS="1648" WIDTH="76" />
<SP HEIGHT="68" HPOS="1695" VPOS="1649" WIDTH="29" />
<String CONTENT="Alphonso" HEIGHT="69" HPOS="1725" VPOS="1647" WIDTH="302" />
<SP HEIGHT="53" HPOS="2028" VPOS="1648" WIDTH="29" />
<String CONTENT="Howe" HEIGHT="53" HPOS="2058" VPOS="1648" WIDTH="183" />
<SP HEIGHT="33" HPOS="2242" VPOS="1667" WIDTH="36" />
<String CONTENT="&#8230;" CS="1" />
</TextLine>
<TextLine HEIGHT="70" HPOS="323" STYLEREFS="StyleId-18184832-41ED-47C9-8737-440F9BD2A253-" VPOS="1727" WIDTH="2022">
<String CONTENT="for" HEIGHT="53" HPOS="323" VPOS="1727" WIDTH="96" />
<SP HEIGHT="47" HPOS="420" VPOS="1735" WIDTH="34" />
<String CONTENT="the" HEIGHT="53" HPOS="455" VPOS="1729" WIDTH="96" />
<SP HEIGHT="51" HPOS="552" VPOS="1730" WIDTH="34" />
<String CONTENT="Kansas" HEIGHT="52" HPOS="587" VPOS="1730" WIDTH="229" />
<SP HEIGHT="55" HPOS="817" VPOS="1729" WIDTH="34" />
<String CONTENT="City" HEIGHT="69" HPOS="852" VPOS="1728" WIDTH="137" />
<SP HEIGHT="50" HPOS="990" VPOS="1747" WIDTH="34" />
<String CONTENT="court" HEIGHT="48" HPOS="1025" VPOS="1733" WIDTH="165" />
<SP HEIGHT="47" HPOS="1191" VPOS="1733" WIDTH="31" />
<String CONTENT="of" HEIGHT="52" HPOS="1223" VPOS="1728" WIDTH="64" />
<SP HEIGHT="52" HPOS="1288" VPOS="1728" WIDTH="33" />
<String CONTENT="appeals," HEIGHT="68" HPOS="1322" VPOS="1728" WIDTH="254" />
<SP HEIGHT="67" HPOS="1577" VPOS="1729" WIDTH="32" />
<String CONTENT="June" HEIGHT="55" HPOS="1610" VPOS="1729" WIDTH="154" />
<SP HEIGHT="49" HPOS="1765" VPOS="1732" WIDTH="36" />
<String CONTENT="15," HEIGHT="63" HPOS="1802" VPOS="1732" WIDTH="82" />
<SP HEIGHT="65" HPOS="1885" VPOS="1730" WIDTH="34" />
<String CONTENT="1931," HEIGHT="65" HPOS="1920" VPOS="1730" WIDTH="153" />
<SP HEIGHT="63" HPOS="2074" VPOS="1732" WIDTH="34" />
<String CONTENT="to" HEIGHT="49" HPOS="2109" VPOS="1732" WIDTH="58" />
<SP HEIGHT="54" HPOS="2168" VPOS="1727" WIDTH="34" />
<String CONTENT="May" HEIGHT="70" HPOS="2203" VPOS="1727" WIDTH="142" />
</TextLine>
<TextLine CS="1" HEIGHT="72" HPOS="322" STYLEREFS="StyleId-18184832-41ED-47C9-8737-440F9BD2A253-" VPOS="1805" WIDTH="2022">
<String CONTENT="23," HEIGHT="65" HPOS="322" VPOS="1812" WIDTH="86" />
<SP HEIGHT="65" HPOS="409" VPOS="1812" WIDTH="43" />
<String CONTENT="1932," HEIGHT="65" HPOS="453" VPOS="1811" WIDTH="153" />
<SP HEIGHT="67" HPOS="607" VPOS="1809" WIDTH="41" />
<String CONTENT="by" HEIGHT="66" HPOS="649" VPOS="1809" WIDTH="75" />
<SP HEIGHT="65" HPOS="725" VPOS="1810" WIDTH="39" />
<String CONTENT="James" HEIGHT="54" HPOS="765" VPOS="1810" WIDTH="195" />
<SP HEIGHT="52" HPOS="961" VPOS="1811" WIDTH="43" />
<String CONTENT="P." HEIGHT="51" HPOS="1005" VPOS="1811" WIDTH="66" />
<SP HEIGHT="54" HPOS="1072" VPOS="1808" WIDTH="40" />
<String CONTENT="Aylward" HEIGHT="70" HPOS="1113" VPOS="1807" WIDTH="284" />
<SP HEIGHT="53" HPOS="1398" VPOS="1807" WIDTH="46" />
<String CONTENT="&#8230;" CS="1" />
<SP HEIGHT="35" HPOS="1503" VPOS="1825" WIDTH="46" />
<String CONTENT="and" HEIGHT="53" HPOS="1550" VPOS="1807" WIDTH="115" />
<SP HEIGHT="53" HPOS="1666" VPOS="1807" WIDTH="40" />
<String CONTENT="for" HEIGHT="53" HPOS="1707" VPOS="1807" WIDTH="95" />
<SP HEIGHT="47" HPOS="1803" VPOS="1813" WIDTH="40" />
<String CONTENT="the" HEIGHT="54" HPOS="1844" VPOS="1808" WIDTH="97" />
<SP HEIGHT="56" HPOS="1942" VPOS="1806" WIDTH="44" />
<String CONTENT="Springfield" HEIGHT="71" HPOS="1987" VPOS="1805" WIDTH="357" />
</TextLine>
<TextLine HEIGHT="71" HPOS="324" STYLEREFS="StyleId-18184832-41ED-47C9-8737-440F9BD2A253-" VPOS="1886" WIDTH="2018">
<String CONTENT="court" HEIGHT="47" HPOS="324" VPOS="1894" WIDTH="163" />
<SP HEIGHT="47" HPOS="488" VPOS="1894" WIDTH="40" />
<String CONTENT="of" HEIGHT="54" HPOS="529" VPOS="1887" WIDTH="65" />
<SP HEIGHT="53" HPOS="595" VPOS="1887" WIDTH="40" />
<String CONTENT="appeals," HEIGHT="67" HPOS="636" VPOS="1889" WIDTH="255" />
<SP HEIGHT="67" HPOS="892" VPOS="1889" WIDTH="39" />
<String CONTENT="July" HEIGHT="68" HPOS="932" VPOS="1889" WIDTH="143" />
<SP HEIGHT="66" HPOS="1076" VPOS="1891" WIDTH="41" />
<String CONTENT="3," HEIGHT="65" HPOS="1118" VPOS="1891" WIDTH="49" />
<SP HEIGHT="66" HPOS="1168" VPOS="1890" WIDTH="41" />
<String CONTENT="1931," HEIGHT="65" HPOS="1210" VPOS="1890" WIDTH="152" />
<SP HEIGHT="63" HPOS="1363" VPOS="1892" WIDTH="41" />
<String CONTENT="to" HEIGHT="47" HPOS="1405" VPOS="1892" WIDTH="58" />
<SP HEIGHT="52" HPOS="1464" VPOS="1888" WIDTH="41" />
<String CONTENT="March" HEIGHT="53" HPOS="1506" VPOS="1887" WIDTH="205" />
<SP HEIGHT="54" HPOS="1712" VPOS="1886" WIDTH="36" />
<String CONTENT="7," HEIGHT="69" HPOS="1749" VPOS="1886" WIDTH="50" />
<SP HEIGHT="63" HPOS="1800" VPOS="1892" WIDTH="43" />
<String CONTENT="1932," HEIGHT="65" HPOS="1844" VPOS="1890" WIDTH="152" />
<SP HEIGHT="67" HPOS="1997" VPOS="1888" WIDTH="40" />
<String CONTENT="by" HEIGHT="68" HPOS="2038" VPOS="1888" WIDTH="77" />
<SP HEIGHT="67" HPOS="2116" VPOS="1889" WIDTH="37" />
<String CONTENT="T." HEIGHT="53" HPOS="2154" LANG="fr" VPOS="1889" WIDTH="67" />
<SP HEIGHT="53" HPOS="2222" VPOS="1889" WIDTH="40" />
<String CONTENT="H." HEIGHT="52" HPOS="2263" VPOS="1889" WIDTH="79" />
</TextLine>
<TextLine CS="1" HEIGHT="152" HPOS="321" STYLEREFS="StyleId-18184832-41ED-47C9-8737-440F9BD2A253-" VPOS="1966" WIDTH="1999">
<String CONTENT="Douglas" HEIGHT="67" HPOS="321" VPOS="1969" WIDTH="260" />
<SP HEIGHT="33" HPOS="582" VPOS="1987" WIDTH="35" />
<String CONTENT="&#8230;" CS="1" />
<SP HEIGHT="35" HPOS="675" VPOS="1984" WIDTH="78" />
<String CONTENT="v." HEIGHT="36" HPOS="754" VPOS="1984" WIDTH="51" />
<SP HEIGHT="50" HPOS="806" VPOS="1970" WIDTH="28" />
<String CONTENT="226." HEIGHT="49" HPOS="835" VPOS="1970" WIDTH="119" />
<SP HEIGHT="55" HPOS="955" VPOS="1966" WIDTH="78" />
<String CONTENT="Columbia," HEIGHT="69" HPOS="1034" VPOS="1966" WIDTH="321" />
<SP HEIGHT="67" HPOS="1356" VPOS="1968" WIDTH="26" />
<String CONTENT="Mo.," HEIGHT="67" HPOS="1383" VPOS="1968" WIDTH="135" />
<SP HEIGHT="66" HPOS="1519" VPOS="1969" WIDTH="30" />
<String CONTENT="E." HEIGHT="53" HPOS="1550" VPOS="1969" WIDTH="69" />
<SP HEIGHT="54" HPOS="1620" VPOS="1969" WIDTH="26" />
<String CONTENT="W." HEIGHT="54" HPOS="1647" VPOS="1969" WIDTH="91" />
<SP HEIGHT="56" HPOS="1739" VPOS="1966" WIDTH="33" />
<String CONTENT="Stephens" HEIGHT="70" HPOS="1773" VPOS="1966" WIDTH="282" />
<SP HEIGHT="50" HPOS="2056" VPOS="1986" WIDTH="29" />
<String CONTENT="publishing" HEIGHT="152" HPOS="321" VPOS="1966" WIDTH="1999" />
<SP HEIGHT="51" HPOS="424" VPOS="2067" WIDTH="29" />
<String CONTENT="co." HEIGHT="36" HPOS="454" VPOS="2066" WIDTH="80" />
<SP HEIGHT="35" HPOS="535" VPOS="2082" WIDTH="36" />
<String CONTENT="[" CS="1" />
<String CONTENT="c" HEIGHT="21" HPOS="591" STYLE="superscript" VPOS="2053" WIDTH="17" />
<String CONTENT="1932]" CS="1" HEIGHT="51" HPOS="613" VPOS="2050" WIDTH="135" />
</TextLine>
<TextLine HEIGHT="49" HPOS="396" VPOS="2122" WIDTH="611">
<String CONTENT="xlii," HEIGHT="47" HPOS="396" VPOS="2124" WIDTH="103" />
<SP HEIGHT="47" HPOS="500" VPOS="2124" WIDTH="29" />
<String CONTENT="1348," HEIGHT="48" HPOS="530" VPOS="2123" WIDTH="131" />
<SP HEIGHT="37" HPOS="662" VPOS="2134" WIDTH="27" />
<String CONTENT="xx" HEIGHT="28" HPOS="690" VPOS="2134" WIDTH="68" />
<SP HEIGHT="38" HPOS="759" VPOS="2133" WIDTH="26" />
<String CONTENT="p." HEIGHT="38" HPOS="786" VPOS="2133" WIDTH="44" />
<SP HEIGHT="41" HPOS="831" VPOS="2122" WIDTH="56" />
<String CONTENT="24" HEIGHT="41" HPOS="888" VPOS="2122" WIDTH="59" />
<String CONTENT="cm" HEIGHT="21" HPOS="949" STYLE="superscript" VPOS="2126" WIDTH="44" />
<String CONTENT="." HEIGHT="9" HPOS="998" VPOS="2155" WIDTH="9" />
</TextLine>
<TextLine CS="1" HEIGHT="53" HPOS="329" VPOS="2191" WIDTH="2017">
<String CONTENT="&#169;" HEIGHT="53" HPOS="329" VPOS="2191" WIDTH="52" />
<SP HEIGHT="53" HPOS="382" VPOS="2191" WIDTH="28" />
<String CONTENT="Nov." HEIGHT="39" HPOS="411" VPOS="2196" WIDTH="120" />
<SP HEIGHT="41" HPOS="532" VPOS="2194" WIDTH="27" />
<String CONTENT="27," HEIGHT="47" HPOS="560" VPOS="2194" WIDTH="70" />
<SP HEIGHT="46" HPOS="631" VPOS="2195" WIDTH="30" />
<String CONTENT="1932;" CS="1" HEIGHT="42" HPOS="662" VPOS="2193" WIDTH="114" />
<SP HEIGHT="48" HPOS="804" VPOS="2194" WIDTH="30" />
<String CONTENT="2c." HEIGHT="41" HPOS="835" VPOS="2194" WIDTH="68" />
<SP HEIGHT="39" HPOS="904" VPOS="2195" WIDTH="28" />
<String CONTENT="Nov." HEIGHT="40" HPOS="933" VPOS="2195" WIDTH="119" />
<SP HEIGHT="39" HPOS="1053" VPOS="2194" WIDTH="29" />
<String CONTENT="28;" CS="1" HEIGHT="41" HPOS="1083" VPOS="2194" WIDTH="57" />
<SP HEIGHT="37" HPOS="1168" VPOS="2204" WIDTH="32" />
<String CONTENT="aff." HEIGHT="40" HPOS="1201" VPOS="2193" WIDTH="82" />
<SP HEIGHT="38" HPOS="1284" VPOS="2195" WIDTH="31" />
<String CONTENT="Mar." HEIGHT="40" HPOS="1316" VPOS="2195" WIDTH="125" />
<SP HEIGHT="41" HPOS="1442" VPOS="2194" WIDTH="28" />
<String CONTENT="20," HEIGHT="49" HPOS="1471" VPOS="2194" WIDTH="70" />
<SP HEIGHT="47" HPOS="1542" VPOS="2196" WIDTH="30" />
<String CONTENT="1933;" CS="1" HEIGHT="40" HPOS="1573" VPOS="2194" WIDTH="115" />
<SP HEIGHT="47" HPOS="1717" VPOS="2194" WIDTH="31" />
<String CONTENT="A" HEIGHT="39" HPOS="1749" VPOS="2194" WIDTH="41" />
<SP HEIGHT="39" HPOS="1791" VPOS="2194" WIDTH="27" />
<String CONTENT="60731;" CS="1" HEIGHT="42" HPOS="1819" VPOS="2193" WIDTH="143" />
<SP HEIGHT="47" HPOS="1992" VPOS="2194" WIDTH="32" />
<String CONTENT="J." HEIGHT="41" HPOS="2025" LANG="fr" VPOS="2194" WIDTH="45" />
<SP HEIGHT="41" HPOS="2071" VPOS="2194" WIDTH="29" />
<String CONTENT="D." HEIGHT="39" HPOS="2101" VPOS="2194" WIDTH="56" />
<SP HEIGHT="39" HPOS="2158" VPOS="2194" WIDTH="32" />
<String CONTENT="Allen," HEIGHT="50" HPOS="2191" VPOS="2194" WIDTH="155" />
</TextLine>
<TextLine HEIGHT="49" HPOS="397" VPOS="2252" WIDTH="520">
<String CONTENT="Jefferson" HEIGHT="42" HPOS="397" VPOS="2252" WIDTH="242" />
<SP HEIGHT="41" HPOS="640" VPOS="2252" WIDTH="29" />
<String CONTENT="City," HEIGHT="49" HPOS="670" VPOS="2252" WIDTH="126" />
<SP HEIGHT="48" HPOS="797" VPOS="2253" WIDTH="25" />
<String CONTENT="Mo." HEIGHT="40" HPOS="823" VPOS="2253" WIDTH="94" />
</TextLine>
<TextLine HEIGHT="66" HPOS="320" STYLEREFS="StyleId-18184832-41ED-47C9-8737-440F9BD2A253-" VPOS="2356" WIDTH="856">
<String CONTENT="Morse," HEIGHT="63" HPOS="320" VPOS="2359" WIDTH="216" />
<SP HEIGHT="63" HPOS="537" VPOS="2359" WIDTH="29" />
<String CONTENT="Minnie" HEIGHT="53" HPOS="567" VPOS="2358" WIDTH="225" />
<SP HEIGHT="55" HPOS="793" VPOS="2357" WIDTH="31" />
<String CONTENT="Genevieve." HEIGHT="56" HPOS="825" VPOS="2356" WIDTH="351" />
</TextLine>
<TextLine CS="1" HEIGHT="70" HPOS="390" STYLEREFS="StyleId-18184832-41ED-47C9-8737-440F9BD2A253-" VPOS="2434" WIDTH="1952">
<String CONTENT="The" HEIGHT="53" HPOS="390" VPOS="2436" WIDTH="123" />
<SP HEIGHT="34" HPOS="514" VPOS="2455" WIDTH="24" />
<String CONTENT="medical" HEIGHT="57" HPOS="539" VPOS="2434" WIDTH="245" />
<SP HEIGHT="50" HPOS="785" VPOS="2437" WIDTH="24" />
<String CONTENT="secretary," HEIGHT="65" HPOS="810" VPOS="2439" WIDTH="303" />
<SP HEIGHT="68" HPOS="1114" VPOS="2435" WIDTH="25" />
<String CONTENT="by" HEIGHT="69" HPOS="1140" VPOS="2435" WIDTH="77" />
<SP HEIGHT="68" HPOS="1218" VPOS="2436" WIDTH="24" />
<String CONTENT="Minnie" HEIGHT="53" HPOS="1243" VPOS="2434" WIDTH="223" />
<SP HEIGHT="54" HPOS="1467" VPOS="2436" WIDTH="27" />
<String CONTENT="Genevieve" HEIGHT="54" HPOS="1495" VPOS="2436" WIDTH="321" />
<SP HEIGHT="51" HPOS="1817" VPOS="2438" WIDTH="24" />
<String CONTENT="Morse" HEIGHT="52" HPOS="1842" VPOS="2438" WIDTH="190" />
<SP HEIGHT="34" HPOS="2033" VPOS="2456" WIDTH="33" />
<String CONTENT="&#8230;" CS="1" />
<SP HEIGHT="53" HPOS="2123" VPOS="2437" WIDTH="79" />
<String CONTENT="New" HEIGHT="54" HPOS="2203" VPOS="2437" WIDTH="139" />
</TextLine>
<TextLine HEIGHT="69" HPOS="322" STYLEREFS="StyleId-18184832-41ED-47C9-8737-440F9BD2A253-" VPOS="2515" WIDTH="1207">
<String CONTENT="York," HEIGHT="68" HPOS="322" VPOS="2515" WIDTH="180" />
<SP HEIGHT="65" HPOS="503" VPOS="2518" WIDTH="25" />
<String CONTENT="The" HEIGHT="54" HPOS="529" VPOS="2516" WIDTH="123" />
<SP HEIGHT="53" HPOS="653" VPOS="2516" WIDTH="23" />
<String CONTENT="Macmillan" HEIGHT="53" HPOS="677" VPOS="2515" WIDTH="338" />
<SP HEIGHT="35" HPOS="1016" VPOS="2534" WIDTH="28" />
<String CONTENT="company," HEIGHT="51" HPOS="1045" VPOS="2533" WIDTH="301" />
<SP HEIGHT="65" HPOS="1347" VPOS="2518" WIDTH="30" />
<String CONTENT="1933." HEIGHT="52" HPOS="1378" VPOS="2518" WIDTH="151" />
</TextLine>
<TextLine CS="1" HEIGHT="50" HPOS="399" STYLEREFS="StyleId-18184832-41ED-47C9-8737-440F9BD2A253-" VPOS="2589" WIDTH="658">
<String CONTENT="viii" HEIGHT="39" HPOS="399" VPOS="2591" WIDTH="87" />
<SP HEIGHT="48" HPOS="487" VPOS="2591" WIDTH="25" />
<String CONTENT="p.," HEIGHT="37" HPOS="513" VPOS="2602" WIDTH="58" />
<SP HEIGHT="46" HPOS="572" VPOS="2591" WIDTH="26" />
<String CONTENT="2" HEIGHT="38" HPOS="599" VPOS="2591" WIDTH="25" />
<SP />
<String CONTENT="l.," CS="1" HEIGHT="17" HPOS="688" VPOS="2621" WIDTH="9" />
<SP HEIGHT="47" HPOS="698" VPOS="2591" WIDTH="27" />
<String CONTENT="162" HEIGHT="41" HPOS="726" VPOS="2589" WIDTH="85" />
<SP HEIGHT="49" HPOS="812" VPOS="2589" WIDTH="26" />
<String CONTENT="p." HEIGHT="37" HPOS="839" VPOS="2601" WIDTH="42" />
<SP HEIGHT="39" HPOS="882" VPOS="2590" WIDTH="56" />
<String CONTENT="17" HEIGHT="41" HPOS="939" VPOS="2590" WIDTH="56" />
<String CONTENT="cm" HEIGHT="22" HPOS="998" STYLE="superscript" VPOS="2591" WIDTH="45" />
<String CONTENT="." HEIGHT="9" HPOS="1048" VPOS="2622" WIDTH="9" />
</TextLine>
<TextLine CS="1" HEIGHT="49" HPOS="395" VPOS="2647" WIDTH="707">
<String CONTENT="Bibliography:" CS="1" HEIGHT="48" HPOS="395" VPOS="2648" WIDTH="352" />
<SP HEIGHT="37" HPOS="776" VPOS="2658" WIDTH="32" />
<String CONTENT="p." HEIGHT="37" HPOS="809" VPOS="2658" WIDTH="42" />
<SP HEIGHT="39" HPOS="852" VPOS="2649" WIDTH="31" />
<String CONTENT="155-156." HEIGHT="41" HPOS="884" VPOS="2647" WIDTH="218" />
</TextLine>
<TextLine CS="1" HEIGHT="53" HPOS="328" VPOS="2702" WIDTH="1738">
<String CONTENT="&#169;" HEIGHT="53" HPOS="328" VPOS="2702" WIDTH="52" />
<SP HEIGHT="53" HPOS="381" VPOS="2702" WIDTH="27" />
<String CONTENT="Feb." HEIGHT="41" HPOS="409" VPOS="2707" WIDTH="113" />
<SP HEIGHT="41" HPOS="523" VPOS="2707" WIDTH="25" />
<String CONTENT="21," HEIGHT="47" HPOS="549" VPOS="2707" WIDTH="70" />
<SP HEIGHT="47" HPOS="620" VPOS="2707" WIDTH="27" />
<String CONTENT="1933;" CS="1" HEIGHT="42" HPOS="648" VPOS="2704" WIDTH="114" />
<SP HEIGHT="49" HPOS="790" VPOS="2704" WIDTH="28" />
<String CONTENT="2c." HEIGHT="42" HPOS="819" VPOS="2704" WIDTH="68" />
<SP HEIGHT="29" HPOS="888" VPOS="2716" WIDTH="28" />
<String CONTENT="and" HEIGHT="39" HPOS="917" VPOS="2706" WIDTH="95" />
<SP HEIGHT="39" HPOS="1013" VPOS="2706" WIDTH="27" />
<String CONTENT="aff." HEIGHT="40" HPOS="1041" VPOS="2704" WIDTH="82" />
<SP HEIGHT="39" HPOS="1124" VPOS="2706" WIDTH="30" />
<String CONTENT="Feb." HEIGHT="41" HPOS="1155" VPOS="2705" WIDTH="111" />
<SP HEIGHT="42" HPOS="1267" VPOS="2704" WIDTH="28" />
<String CONTENT="23;" CS="1" HEIGHT="41" HPOS="1296" VPOS="2704" WIDTH="55" />
<SP HEIGHT="47" HPOS="1380" VPOS="2705" WIDTH="30" />
<String CONTENT="A" HEIGHT="39" HPOS="1411" VPOS="2705" WIDTH="41" />
<SP HEIGHT="40" HPOS="1453" VPOS="2705" WIDTH="27" />
<String CONTENT="59625;" CS="1" HEIGHT="41" HPOS="1481" VPOS="2704" WIDTH="143" />
<SP HEIGHT="46" HPOS="1653" VPOS="2706" WIDTH="31" />
<String CONTENT="Macmillan" HEIGHT="41" HPOS="1685" VPOS="2704" WIDTH="283" />
<SP HEIGHT="30" HPOS="1969" VPOS="2716" WIDTH="29" />
<String CONTENT="co." HEIGHT="30" HPOS="1999" VPOS="2716" WIDTH="67" />
</TextLine>
<TextLine HEIGHT="50" HPOS="405" VPOS="2763" WIDTH="254">
<String CONTENT="(33-7234)" HEIGHT="50" HPOS="405" VPOS="2763" WIDTH="254" />
</TextLine>
<TextLine CS="1" HEIGHT="70" HPOS="319" STYLEREFS="StyleId-FF66074E-EAA6-4E21-8464-B27F27D80C5C-" VPOS="2866" WIDTH="1249">
<String CONTENT="New" HEIGHT="54" HPOS="319" VPOS="2869" WIDTH="146" />
<SP HEIGHT="54" HPOS="466" VPOS="2869" WIDTH="30" />
<String CONTENT="York" HEIGHT="54" HPOS="497" VPOS="2869" WIDTH="164" />
<SP HEIGHT="66" HPOS="662" VPOS="2869" WIDTH="42" />
<String CONTENT="(State)" HEIGHT="70" HPOS="705" VPOS="2866" WIDTH="220" />
<SP HEIGHT="70" HPOS="926" VPOS="2866" WIDTH="87" />
<String CONTENT="Courts" HEIGHT="56" HPOS="1014" VPOS="2867" WIDTH="209" />
<SP HEIGHT="36" HPOS="1224" VPOS="2887" WIDTH="32" />
<String CONTENT="of" HEIGHT="68" HPOS="1257" VPOS="2868" WIDTH="64" />
<SP HEIGHT="68" HPOS="1322" VPOS="2868" WIDTH="28" />
<String CONTENT="record." HEIGHT="57" HPOS="1351" VPOS="2867" WIDTH="217" />
</TextLine>
<TextLine CS="1" HEIGHT="69" HPOS="454" STYLEREFS="StyleId-FF66074E-EAA6-4E21-8464-B27F27D80C5C-" VPOS="2947" WIDTH="1886">
<String CONTENT="&#8230;" CS="1" />
<SP HEIGHT="51" HPOS="454" VPOS="2952" WIDTH="36" />
<String CONTENT="The" HEIGHT="54" HPOS="491" VPOS="2949" WIDTH="122" />
<SP HEIGHT="33" HPOS="614" VPOS="2969" WIDTH="31" />
<String CONTENT="miscellaneous" HEIGHT="55" HPOS="646" VPOS="2947" WIDTH="430" />
<SP HEIGHT="34" HPOS="1077" VPOS="2966" WIDTH="31" />
<String CONTENT="reports." HEIGHT="63" HPOS="1109" VPOS="2953" WIDTH="241" />
<SP HEIGHT="54" HPOS="1351" VPOS="2947" WIDTH="76" />
<String CONTENT="Cases" HEIGHT="54" HPOS="1428" VPOS="2947" WIDTH="170" />
<SP HEIGHT="52" HPOS="1599" VPOS="2948" WIDTH="34" />
<String CONTENT="decided" HEIGHT="54" HPOS="1634" VPOS="2947" WIDTH="237" />
<SP HEIGHT="53" HPOS="1872" VPOS="2948" WIDTH="31" />
<String CONTENT="in" HEIGHT="52" HPOS="1904" VPOS="2949" WIDTH="61" />
<SP HEIGHT="47" HPOS="1966" VPOS="2954" WIDTH="31" />
<String CONTENT="the" HEIGHT="53" HPOS="1998" VPOS="2949" WIDTH="97" />
<SP HEIGHT="55" HPOS="2096" VPOS="2949" WIDTH="34" />
<String CONTENT="Courts" HEIGHT="55" HPOS="2131" VPOS="2949" WIDTH="209" />
</TextLine>
<TextLine HEIGHT="57" HPOS="322" STYLEREFS="StyleId-FF66074E-EAA6-4E21-8464-B27F27D80C5C-" VPOS="3027" WIDTH="2018">
<String CONTENT="of" HEIGHT="53" HPOS="322" VPOS="3027" WIDTH="63" />
<SP HEIGHT="53" HPOS="386" VPOS="3027" WIDTH="35" />
<String CONTENT="record" HEIGHT="52" HPOS="422" VPOS="3028" WIDTH="199" />
<SP HEIGHT="52" HPOS="622" VPOS="3028" WIDTH="34" />
<String CONTENT="of" HEIGHT="53" HPOS="657" VPOS="3027" WIDTH="63" />
<SP HEIGHT="53" HPOS="721" VPOS="3027" WIDTH="32" />
<String CONTENT="the" HEIGHT="53" HPOS="754" VPOS="3027" WIDTH="98" />
<SP HEIGHT="35" HPOS="853" VPOS="3045" WIDTH="32" />
<String CONTENT="state" HEIGHT="50" HPOS="886" VPOS="3030" WIDTH="148" />
<SP HEIGHT="35" HPOS="1035" VPOS="3045" WIDTH="34" />
<String CONTENT="of" HEIGHT="53" HPOS="1070" VPOS="3027" WIDTH="63" />
<SP HEIGHT="53" HPOS="1134" VPOS="3027" WIDTH="35" />
<String CONTENT="New" HEIGHT="52" HPOS="1170" VPOS="3029" WIDTH="140" />
<SP HEIGHT="53" HPOS="1311" VPOS="3028" WIDTH="36" />
<String CONTENT="York" HEIGHT="53" HPOS="1348" VPOS="3027" WIDTH="164" />
<SP HEIGHT="53" HPOS="1513" VPOS="3027" WIDTH="34" />
<String CONTENT="other" HEIGHT="53" HPOS="1548" VPOS="3027" WIDTH="163" />
<SP HEIGHT="48" HPOS="1712" VPOS="3033" WIDTH="33" />
<String CONTENT="than" HEIGHT="53" HPOS="1746" VPOS="3028" WIDTH="142" />
<SP HEIGHT="47" HPOS="1889" VPOS="3034" WIDTH="33" />
<String CONTENT="the" HEIGHT="52" HPOS="1923" VPOS="3029" WIDTH="98" />
<SP HEIGHT="55" HPOS="2022" VPOS="3028" WIDTH="37" />
<String CONTENT="Court" HEIGHT="55" HPOS="2060" VPOS="3028" WIDTH="181" />
<SP HEIGHT="51" HPOS="2242" VPOS="3033" WIDTH="33" />
<String CONTENT="of" HEIGHT="55" HPOS="2276" VPOS="3029" WIDTH="64" />
</TextLine>
<TextLine HEIGHT="70" HPOS="322" STYLEREFS="StyleId-FF66074E-EAA6-4E21-8464-B27F27D80C5C-" VPOS="3106" WIDTH="2017">
<String CONTENT="appeals" HEIGHT="67" HPOS="322" VPOS="3108" WIDTH="235" />
<SP HEIGHT="34" HPOS="558" VPOS="3125" WIDTH="50" />
<String CONTENT="and" HEIGHT="52" HPOS="609" VPOS="3107" WIDTH="113" />
<SP HEIGHT="52" HPOS="723" VPOS="3107" WIDTH="50" />
<String CONTENT="the" HEIGHT="52" HPOS="774" VPOS="3107" WIDTH="96" />
<SP HEIGHT="34" HPOS="871" VPOS="3125" WIDTH="52" />
<String CONTENT="appellate" HEIGHT="68" HPOS="924" VPOS="3106" WIDTH="289" />
<SP HEIGHT="53" HPOS="1214" VPOS="3107" WIDTH="49" />
<String CONTENT="division" HEIGHT="54" HPOS="1264" VPOS="3106" WIDTH="250" />
<SP HEIGHT="34" HPOS="1515" VPOS="3126" WIDTH="51" />
<String CONTENT="of" HEIGHT="53" HPOS="1567" VPOS="3107" WIDTH="63" />
<SP HEIGHT="52" HPOS="1631" VPOS="3107" WIDTH="48" />
<String CONTENT="the" HEIGHT="53" HPOS="1680" VPOS="3107" WIDTH="96" />
<SP HEIGHT="56" HPOS="1777" VPOS="3106" WIDTH="52" />
<String CONTENT="Supreme" HEIGHT="70" HPOS="1830" VPOS="3106" WIDTH="278" />
<SP HEIGHT="35" HPOS="2109" VPOS="3127" WIDTH="49" />
<String CONTENT="court." HEIGHT="49" HPOS="2159" VPOS="3113" WIDTH="180" />
</TextLine>
<TextLine CS="1" HEIGHT="75" HPOS="320" STYLEREFS="StyleId-FF66074E-EAA6-4E21-8464-B27F27D80C5C-" VPOS="3181" WIDTH="2014">
<String CONTENT="Austin" HEIGHT="54" HPOS="320" VPOS="3185" WIDTH="214" />
<SP HEIGHT="52" HPOS="535" VPOS="3187" WIDTH="65" />
<String CONTENT="B." HEIGHT="51" HPOS="601" VPOS="3187" WIDTH="66" />
<SP HEIGHT="56" HPOS="668" VPOS="3184" WIDTH="67" />
<String CONTENT="Griffin," HEIGHT="73" HPOS="736" VPOS="3181" WIDTH="222" />
<SP HEIGHT="49" HPOS="959" VPOS="3205" WIDTH="62" />
<String CONTENT="reporter," HEIGHT="64" HPOS="1022" VPOS="3190" WIDTH="276" />
<SP HEIGHT="33" HPOS="1299" VPOS="3205" WIDTH="74" />
<String CONTENT="v." HEIGHT="34" HPOS="1374" VPOS="3205" WIDTH="51" />
<SP HEIGHT="50" HPOS="1426" VPOS="3189" WIDTH="69" />
<String CONTENT="144." HEIGHT="49" HPOS="1496" VPOS="3189" WIDTH="114" />
<SP />
<String CONTENT="1932." HEIGHT="49" HPOS="1689" VPOS="3189" WIDTH="151" />
<SP HEIGHT="34" HPOS="1841" VPOS="3220" WIDTH="80" />
<String CONTENT="[Official" HEIGHT="70" HPOS="1922" VPOS="3184" WIDTH="240" />
<SP HEIGHT="50" HPOS="2163" VPOS="3191" WIDTH="64" />
<String CONTENT="ed.]" HEIGHT="68" HPOS="2228" VPOS="3188" WIDTH="106" />
</TextLine>
<TextLine HEIGHT="71" HPOS="321" STYLEREFS="StyleId-FF66074E-EAA6-4E21-8464-B27F27D80C5C-" VPOS="3264" WIDTH="1145">
<String CONTENT="Albany," HEIGHT="69" HPOS="321" VPOS="3264" WIDTH="251" />
<SP HEIGHT="66" HPOS="573" VPOS="3267" WIDTH="28" />
<String CONTENT="J." HEIGHT="54" HPOS="602" LANG="fr" VPOS="3267" WIDTH="57" />
<SP HEIGHT="52" HPOS="660" VPOS="3267" WIDTH="27" />
<String CONTENT="B." HEIGHT="51" HPOS="688" VPOS="3267" WIDTH="67" />
<SP HEIGHT="51" HPOS="756" VPOS="3266" WIDTH="30" />
<String CONTENT="Lyon" HEIGHT="67" HPOS="787" VPOS="3266" WIDTH="163" />
<SP HEIGHT="37" HPOS="951" VPOS="3283" WIDTH="29" />
<String CONTENT="company," HEIGHT="52" HPOS="981" VPOS="3283" WIDTH="299" />
<SP HEIGHT="63" HPOS="1281" VPOS="3271" WIDTH="31" />
<String CONTENT="1932." HEIGHT="50" HPOS="1313" VPOS="3269" WIDTH="153" />
</TextLine>
<TextLine CS="1" HEIGHT="51" HPOS="394" VPOS="3337" WIDTH="470">
<String CONTENT="XV," HEIGHT="35" HPOS="394" VPOS="3352" WIDTH="78" />
<SP HEIGHT="48" HPOS="473" VPOS="3339" WIDTH="28" />
<String CONTENT="984" HEIGHT="41" HPOS="502" VPOS="3339" WIDTH="86" />
<SP HEIGHT="47" HPOS="589" VPOS="3341" WIDTH="26" />
<String CONTENT="p." HEIGHT="38" HPOS="616" VPOS="3350" WIDTH="44" />
<SP HEIGHT="42" HPOS="661" VPOS="3337" WIDTH="56" />
<String CONTENT="23&#189;c" CS="1" HEIGHT="43" HPOS="718" VPOS="3337" WIDTH="56" />
<String CONTENT="m" HEIGHT="20" HPOS="825" STYLE="superscript" VPOS="3342" WIDTH="26" />
<String CONTENT="." HEIGHT="8" HPOS="856" VPOS="3370" WIDTH="8" />
</TextLine>
<TextLine HEIGHT="54" HPOS="328" VPOS="3393" WIDTH="2013">
<String CONTENT="&#169;" HEIGHT="53" HPOS="328" VPOS="3393" WIDTH="52" />
<SP HEIGHT="53" HPOS="381" VPOS="3393" WIDTH="34" />
<String CONTENT="Mar." HEIGHT="39" HPOS="416" VPOS="3399" WIDTH="122" />
<SP HEIGHT="40" HPOS="539" VPOS="3398" WIDTH="31" />
<String CONTENT="7," HEIGHT="46" HPOS="571" VPOS="3398" WIDTH="39" />
<SP HEIGHT="46" HPOS="611" VPOS="3398" WIDTH="32" />
<String CONTENT="1933;" HEIGHT="48" HPOS="644" VPOS="3395" WIDTH="141" />
<SP HEIGHT="47" HPOS="786" VPOS="3396" WIDTH="33" />
<String CONTENT="2c." HEIGHT="41" HPOS="820" VPOS="3396" WIDTH="68" />
<SP HEIGHT="41" HPOS="889" VPOS="3396" WIDTH="32" />
<String CONTENT="Mar." HEIGHT="40" HPOS="922" VPOS="3396" WIDTH="120" />
<SP HEIGHT="39" HPOS="1043" VPOS="3397" WIDTH="34" />
<String CONTENT="11;" HEIGHT="46" HPOS="1078" VPOS="3397" WIDTH="82" />
<SP HEIGHT="36" HPOS="1161" VPOS="3407" WIDTH="34" />
<String CONTENT="aff." HEIGHT="41" HPOS="1196" VPOS="3396" WIDTH="82" />
<SP HEIGHT="39" HPOS="1279" VPOS="3398" WIDTH="34" />
<String CONTENT="Mar." HEIGHT="38" HPOS="1314" VPOS="3398" WIDTH="122" />
<SP HEIGHT="41" HPOS="1437" VPOS="3395" WIDTH="33" />
<String CONTENT="9;" HEIGHT="50" HPOS="1471" VPOS="3395" WIDTH="53" />
<SP HEIGHT="47" HPOS="1525" VPOS="3398" WIDTH="34" />
<String CONTENT="A" HEIGHT="39" HPOS="1560" VPOS="3398" WIDTH="41" />
<SP HEIGHT="39" HPOS="1602" VPOS="3398" WIDTH="32" />
<String CONTENT="59875;" HEIGHT="48" HPOS="1635" VPOS="3396" WIDTH="170" />
<SP HEIGHT="45" HPOS="1806" VPOS="3399" WIDTH="37" />
<String CONTENT="Edward" HEIGHT="39" HPOS="1844" VPOS="3399" WIDTH="211" />
<SP HEIGHT="39" HPOS="2056" VPOS="3399" WIDTH="33" />
<String CONTENT="J." HEIGHT="39" HPOS="2090" VPOS="3399" WIDTH="44" />
<SP HEIGHT="39" HPOS="2135" VPOS="3399" WIDTH="34" />
<String CONTENT="Flynn," HEIGHT="48" HPOS="2170" VPOS="3399" WIDTH="171" />
</TextLine>
<TextLine HEIGHT="48" HPOS="397" VPOS="3454" WIDTH="1947">
<String CONTENT="secretary" HEIGHT="46" HPOS="397" VPOS="3456" WIDTH="248" />
<SP HEIGHT="37" HPOS="646" VPOS="3465" WIDTH="34" />
<String CONTENT="of" HEIGHT="39" HPOS="681" VPOS="3454" WIDTH="52" />
<SP HEIGHT="39" HPOS="734" VPOS="3454" WIDTH="33" />
<String CONTENT="the" HEIGHT="39" HPOS="768" VPOS="3454" WIDTH="82" />
<SP HEIGHT="31" HPOS="851" VPOS="3463" WIDTH="33" />
<String CONTENT="state" HEIGHT="38" HPOS="885" VPOS="3456" WIDTH="132" />
<SP HEIGHT="29" HPOS="1018" VPOS="3465" WIDTH="32" />
<String CONTENT="of" HEIGHT="40" HPOS="1051" VPOS="3454" WIDTH="52" />
<SP HEIGHT="39" HPOS="1104" VPOS="3454" WIDTH="33" />
<String CONTENT="New" HEIGHT="39" HPOS="1138" VPOS="3455" WIDTH="119" />
<SP HEIGHT="39" HPOS="1258" VPOS="3455" WIDTH="33" />
<String CONTENT="York," HEIGHT="46" HPOS="1292" VPOS="3455" WIDTH="145" />
<SP HEIGHT="47" HPOS="1438" VPOS="3454" WIDTH="35" />
<String CONTENT="in" HEIGHT="40" HPOS="1474" VPOS="3454" WIDTH="50" />
<SP HEIGHT="38" HPOS="1525" VPOS="3457" WIDTH="34" />
<String CONTENT="trust" HEIGHT="38" HPOS="1560" VPOS="3457" WIDTH="130" />
<SP HEIGHT="40" HPOS="1691" VPOS="3455" WIDTH="34" />
<String CONTENT="for" HEIGHT="39" HPOS="1726" VPOS="3455" WIDTH="78" />
<SP HEIGHT="39" HPOS="1805" VPOS="3456" WIDTH="36" />
<String CONTENT="the" HEIGHT="40" HPOS="1842" VPOS="3455" WIDTH="82" />
<SP HEIGHT="39" HPOS="1925" VPOS="3456" WIDTH="34" />
<String CONTENT="benefit" HEIGHT="40" HPOS="1960" VPOS="3456" WIDTH="176" />
<SP HEIGHT="38" HPOS="2137" VPOS="3458" WIDTH="35" />
<String CONTENT="of" HEIGHT="39" HPOS="2173" VPOS="3457" WIDTH="54" />
<SP HEIGHT="39" HPOS="2228" VPOS="3457" WIDTH="32" />
<String CONTENT="the" HEIGHT="39" HPOS="2261" VPOS="3457" WIDTH="83" />
</TextLine>
<TextLine HEIGHT="49" HPOS="395" VPOS="3511" WIDTH="918">
<String CONTENT="people" HEIGHT="47" HPOS="395" VPOS="3513" WIDTH="168" />
<SP HEIGHT="30" HPOS="564" VPOS="3522" WIDTH="24" />
<String CONTENT="of" HEIGHT="40" HPOS="589" VPOS="3511" WIDTH="53" />
<SP HEIGHT="40" HPOS="643" VPOS="3511" WIDTH="22" />
<String CONTENT="the" HEIGHT="40" HPOS="666" VPOS="3511" WIDTH="82" />
<SP HEIGHT="29" HPOS="749" VPOS="3521" WIDTH="24" />
<String CONTENT="state," HEIGHT="45" HPOS="774" VPOS="3513" WIDTH="143" />
<SP HEIGHT="47" HPOS="918" VPOS="3511" WIDTH="25" />
<String CONTENT="Albany," HEIGHT="48" HPOS="944" VPOS="3511" WIDTH="205" />
<SP HEIGHT="45" HPOS="1150" VPOS="3512" WIDTH="25" />
<String CONTENT="N." HEIGHT="40" HPOS="1176" LANG="fr" VPOS="3512" WIDTH="57" />
<SP HEIGHT="40" HPOS="1234" VPOS="3512" WIDTH="25" />
<String CONTENT="Y." HEIGHT="40" HPOS="1260" VPOS="3512" WIDTH="53" />
</TextLine>
<TextLine HEIGHT="68" HPOS="322" STYLEREFS="StyleId-FF66074E-EAA6-4E21-8464-B27F27D80C5C-" VPOS="3615" WIDTH="818">
<String CONTENT="Oregon." HEIGHT="64" HPOS="322" VPOS="3615" WIDTH="252" />
<SP HEIGHT="52" HPOS="575" VPOS="3618" WIDTH="74" />
<String CONTENT="Supreme" HEIGHT="65" HPOS="650" VPOS="3618" WIDTH="280" />
<SP HEIGHT="35" HPOS="931" VPOS="3633" WIDTH="32" />
<String CONTENT="court." HEIGHT="48" HPOS="964" VPOS="3621" WIDTH="176" />
</TextLine>
<TextLine CS="1" HEIGHT="84" HPOS="449" STYLEREFS="StyleId-18184832-41ED-47C9-8737-440F9BD2A253-" VPOS="3682" WIDTH="1888">
<String CONTENT="Reports" CS="1" HEIGHT="64" HPOS="449" VPOS="3698" WIDTH="190" />
<SP HEIGHT="34" HPOS="640" VPOS="3714" WIDTH="36" />
<String CONTENT="of" HEIGHT="55" HPOS="677" VPOS="3692" WIDTH="65" />
<SP HEIGHT="54" HPOS="743" VPOS="3692" WIDTH="32" />
<String CONTENT="cases" HEIGHT="34" HPOS="776" VPOS="3712" WIDTH="151" />
<SP HEIGHT="51" HPOS="928" VPOS="3694" WIDTH="35" />
<String CONTENT="decided" HEIGHT="54" HPOS="964" VPOS="3693" WIDTH="237" />
<SP HEIGHT="52" HPOS="1202" VPOS="3694" WIDTH="40" />
<String CONTENT="&#8230;" CS="1" />
<SP HEIGHT="64" HPOS="1300" VPOS="3682" WIDTH="45" />
<String CONTENT="Bryan" HEIGHT="66" HPOS="1377" VPOS="3698" WIDTH="200" />
<SP HEIGHT="56" HPOS="1578" VPOS="3695" WIDTH="35" />
<String CONTENT="Goodenough," HEIGHT="71" HPOS="1614" VPOS="3695" WIDTH="412" />
<SP HEIGHT="50" HPOS="2027" VPOS="3715" WIDTH="32" />
<String CONTENT="reporter," HEIGHT="64" HPOS="2060" VPOS="3701" WIDTH="277" />
</TextLine>
<TextLine HEIGHT="70" HPOS="324" STYLEREFS="StyleId-18184832-41ED-47C9-8737-440F9BD2A253-" VPOS="3773" WIDTH="2011">
<String CONTENT="v." HEIGHT="34" HPOS="324" VPOS="3790" WIDTH="47" />
<SP HEIGHT="47" HPOS="372" VPOS="3777" WIDTH="54" />
<String CONTENT="140." HEIGHT="48" HPOS="427" VPOS="3777" WIDTH="114" />
<SP HEIGHT="51" HPOS="542" VPOS="3773" WIDTH="76" />
<String CONTENT="From" HEIGHT="53" HPOS="619" VPOS="3773" WIDTH="175" />
<SP HEIGHT="52" HPOS="795" VPOS="3775" WIDTH="48" />
<String CONTENT="June" HEIGHT="52" HPOS="844" VPOS="3775" WIDTH="154" />
<SP HEIGHT="49" HPOS="999" VPOS="3777" WIDTH="46" />
<String CONTENT="21," HEIGHT="64" HPOS="1046" VPOS="3777" WIDTH="85" />
<SP HEIGHT="62" HPOS="1132" VPOS="3779" WIDTH="52" />
<String CONTENT="1932" HEIGHT="48" HPOS="1185" VPOS="3778" WIDTH="134" />
<SP HEIGHT="49" HPOS="1320" VPOS="3778" WIDTH="49" />
<String CONTENT="to" HEIGHT="48" HPOS="1370" VPOS="3780" WIDTH="57" />
<SP HEIGHT="52" HPOS="1428" VPOS="3777" WIDTH="51" />
<String CONTENT="November" HEIGHT="53" HPOS="1480" VPOS="3776" WIDTH="320" />
<SP HEIGHT="47" HPOS="1801" VPOS="3780" WIDTH="53" />
<String CONTENT="15," HEIGHT="64" HPOS="1855" VPOS="3779" WIDTH="81" />
<SP HEIGHT="63" HPOS="1937" VPOS="3780" WIDTH="50" />
<String CONTENT="1932." HEIGHT="49" HPOS="1988" VPOS="3779" WIDTH="153" />
<SP HEIGHT="56" HPOS="2142" VPOS="3775" WIDTH="76" />
<String CONTENT="San" HEIGHT="56" HPOS="2219" VPOS="3775" WIDTH="116" />
</TextLine>
<TextLine CS="1" HEIGHT="72" HPOS="322" STYLEREFS="StyleId-18184832-41ED-47C9-8737-440F9BD2A253-" VPOS="3851" WIDTH="1712">
<String CONTENT="Francisco," HEIGHT="68" HPOS="322" VPOS="3852" WIDTH="323" />
<SP HEIGHT="67" HPOS="646" VPOS="3853" WIDTH="30" />
<String CONTENT="Calif.," HEIGHT="68" HPOS="677" VPOS="3851" WIDTH="197" />
<SP HEIGHT="64" HPOS="875" VPOS="3855" WIDTH="28" />
<String CONTENT="Bancroft-Whitney" HEIGHT="70" HPOS="904" VPOS="3853" WIDTH="589" />
<SP HEIGHT="49" HPOS="1494" VPOS="3874" WIDTH="27" />
<String CONTENT="company" HEIGHT="50" HPOS="1522" VPOS="3873" WIDTH="283" />
<SP HEIGHT="49" HPOS="1806" VPOS="3874" WIDTH="32" />
<String CONTENT="[" CS="1" />
<String CONTENT="c" HEIGHT="21" HPOS="1857" STYLE="superscript" VPOS="3860" WIDTH="17" />
<String CONTENT="1933]" HEIGHT="64" HPOS="1882" VPOS="3858" WIDTH="152" />
</TextLine>
<TextLine CS="1" HEIGHT="47" HPOS="395" STYLEREFS="StyleId-18184832-41ED-47C9-8737-440F9BD2A253-" VPOS="3927" WIDTH="502">
<String CONTENT="xiii," HEIGHT="46" HPOS="395" VPOS="3927" WIDTH="103" />
<SP HEIGHT="46" HPOS="499" VPOS="3927" WIDTH="32" />
<String CONTENT="752" HEIGHT="39" HPOS="532" VPOS="3927" WIDTH="84" />
<SP HEIGHT="47" HPOS="617" VPOS="3927" WIDTH="31" />
<String CONTENT="p." HEIGHT="36" HPOS="649" VPOS="3938" WIDTH="42" />
<SP HEIGHT="40" HPOS="692" VPOS="3927" WIDTH="58" />
<String CONTENT="22&#189;" CS="1" HEIGHT="39" HPOS="751" VPOS="3927" WIDTH="56" />
<String CONTENT="cm" HEIGHT="21" HPOS="841" STYLE="superscript" VPOS="3929" WIDTH="43" />
<String CONTENT="." HEIGHT="7" HPOS="890" VPOS="3959" WIDTH="7" />
</TextLine>
<TextLine HEIGHT="56" HPOS="328" VPOS="3978" WIDTH="2010">
<String CONTENT="&#169;" HEIGHT="53" HPOS="328" VPOS="3978" WIDTH="52" />
<SP HEIGHT="53" HPOS="381" VPOS="3978" WIDTH="32" />
<String CONTENT="Jan." HEIGHT="39" HPOS="414" VPOS="3985" WIDTH="110" />
<SP HEIGHT="39" HPOS="525" VPOS="3985" WIDTH="31" />
<String CONTENT="14," HEIGHT="46" HPOS="557" VPOS="3984" WIDTH="68" />
<SP HEIGHT="45" HPOS="626" VPOS="3985" WIDTH="32" />
<String CONTENT="1933;" HEIGHT="48" HPOS="659" VPOS="3983" WIDTH="141" />
<SP HEIGHT="48" HPOS="801" VPOS="3983" WIDTH="32" />
<String CONTENT="2c." HEIGHT="42" HPOS="834" VPOS="3983" WIDTH="67" />
<SP HEIGHT="40" HPOS="902" VPOS="3985" WIDTH="32" />
<String CONTENT="Mar." HEIGHT="39" HPOS="935" VPOS="3985" WIDTH="120" />
<SP HEIGHT="39" HPOS="1056" VPOS="3984" WIDTH="34" />
<String CONTENT="22;" HEIGHT="47" HPOS="1091" VPOS="3984" WIDTH="81" />
<SP HEIGHT="36" HPOS="1173" VPOS="3995" WIDTH="35" />
<String CONTENT="aff." HEIGHT="41" HPOS="1209" VPOS="3983" WIDTH="82" />
<SP HEIGHT="39" HPOS="1292" VPOS="3985" WIDTH="33" />
<String CONTENT="Mar." HEIGHT="40" HPOS="1326" VPOS="3985" WIDTH="122" />
<SP HEIGHT="39" HPOS="1449" VPOS="3986" WIDTH="31" />
<String CONTENT="25;" HEIGHT="47" HPOS="1481" VPOS="3986" WIDTH="83" />
<SP HEIGHT="47" HPOS="1565" VPOS="3986" WIDTH="34" />
<String CONTENT="A" HEIGHT="39" HPOS="1600" VPOS="3986" WIDTH="39" />
<SP HEIGHT="40" HPOS="1640" VPOS="3985" WIDTH="32" />
<String CONTENT="60796:" HEIGHT="42" HPOS="1673" VPOS="3984" WIDTH="170" />
<SP HEIGHT="41" HPOS="1844" VPOS="3985" WIDTH="36" />
<String CONTENT="State" HEIGHT="41" HPOS="1881" VPOS="3985" WIDTH="137" />
<SP HEIGHT="29" HPOS="2019" VPOS="3995" WIDTH="31" />
<String CONTENT="of" HEIGHT="39" HPOS="2051" VPOS="3985" WIDTH="53" />
<SP HEIGHT="41" HPOS="2105" VPOS="3985" WIDTH="30" />
<String CONTENT="Oregon," HEIGHT="49" HPOS="2136" VPOS="3985" WIDTH="202" />
</TextLine>
<TextLine HEIGHT="41" HPOS="397" VPOS="4041" WIDTH="175">
<String CONTENT="Salem." HEIGHT="41" HPOS="397" VPOS="4041" WIDTH="175" />
</TextLine>
</TextBlock>
</PrintSpace>
</Page>
</Layout>
</alto>