2540 4453
1108 4071 101 54 371

156 432 279 54 National
465 431 224 55 council
717 431 64 53 of
807 430 273 54 teachers
1110 431 64 53 of
1202 430 440 56 mathematics.

288 505 1867 73 … The eighth yearbook. The teaching of mathematics in
155 590 96 51 the
276 588 310 68 secondary
613 588 205 52 school.
895 588 138 51 New
1061 587 162 52 York
1249 586 134 69 city,
1410 590 230 51 Bureau
1667 587 62 51 of
1755 584 401 71 publications,

156 668 277 51 Teachers
468 668 227 66 college,
731 666 301 55 Columbia
1065 665 336 70 university,
1438 669 148 49 1933.

232 743 27 38 4
285 752 43 37 p.
378 772 22 16 l.,
428 740 84 39 264
538 750 44 37 p.
640 739 141 48 illus.,
811 739 169 42 tables,
1010 738 179 47 diagrs.
1246 739 54 40 23½
1334 742 43 20 cm
1384 772 8 8 .

167 795 51 51 ©
249 798 110 41 Feb.
389 799 68 38 18.
486 796 112 40 1933;
658 796 65 41 2c.
754 797 110 39 Feb.
893 796 82 44 25;
1008 795 82 40 aff.
1122 796 121 40 Mar.
1272 796 53 46 3;
1358 797 40 38 A
1427 795 143 41 60488;
1631 794 230 41 National
1893 793 186 41 council
2111 794 51 39 of

234 855 220 40 teachers
481 854 51 39 of
559 852 355 47 mathematics,
943 853 117 38 New
1087 852 143 39 York.

161 944 237 64 Nelson,
426 943 205 55 Victor
662 942 196 65 Folke,
892 947 172 51 1898-

229 1022 207 55 Prison
473 1022 139 68 clays
652 1021 113 53 and
802 1019 214 70 nights,
1054 1019 75 69 by
1165 1018 201 56 Victor
1405 1020 64 53 F.
1507 1016 241 71 Nelson;
1789 1017 140 55 with
1968 1037 73 35 an
162 1017 1975 139 introduction

525 1097 1637 72 by Abraham Myerson … Boston, Little, Brown,
160 1181 112 52 and
300 1197 296 50 company,
628 1182 149 48 1933.

231 1250 1037 52 xxiii, 282, [1] p. front. (port.) 21 cm .
169 1308 1977 108 © Mar. 3, 1933; 2c. and aff. Mar. 8; A 60714; Little, Brown, and company. (33-6957)
160 1458 120 51 The
319 1475 129 35 new
488 1456 307 52 American
832 1457 111 51 law
983 1455 115 66 list,
1136 1453 300 69 including
1473 1453 397 71 biographical
1909 1460 177 62 notes,
2128 1473 31 33 a

231 1535 286 68 directory
563 1535 64 52 of
673 1536 149 66 legal
868 1535 226 51 counsel
1139 1533 59 51 in
1245 1533 95 52 the
1386 1533 217 54 United
1653 1533 206 68 States,
1907 1533 253 68 Canada,

231 1614 177 54 Great
449 1613 248 67 Britain,
738 1613 252 66 Ireland,
1033 1612 291 67 Scotland,
1366 1613 184 55 South
1587 1612 284 68 America,
1912 1614 249 69 Europe,

229 1691 380 69 Australasia,
653 1691 225 70 Africa,
923 1690 158 69 Asia,
1126 1694 102 49 etc.
1306 1693 325 51 1932-1933.
1709 1691 312 54 Published
230 1711 1905 129 annually.

526 1771 332 67 [Brooklyn,
889 1773 67 51 N.
992 1773 90 66 Y.,
1111 1772 388 52 Braunworth
1528 1775 45 50 &
1603 1788 297 52 company,
1933 1775 153 63 1932]

237 1846 85 40 xxi
349 1858 56 36 p.,
436 1847 24 37 1
511 1877 21 15 l.,
562 1845 85 39 221
677 1856 42 37 p.
776 1846 56 38 22
834 1848 49 21 cm
885 1878 6 5 .

170 1900 1993 52 © Dec. 10, 1932; 2c. Jan. 4, 1933; aff. Mar. 10; A 60608; Law list pub.
236 1971 81 37 co.,
346 1961 116 38 New
490 1959 144 40 York.

161 2064 145 51 New
336 2063 161 52 York
528 2063 211 52 annual
768 2061 203 68 digest,
1004 2065 151 65 1932,
1184 2060 268 69 covering
1481 2062 76 51 all
1588 2063 266 67 reported
1885 2062 277 53 decisions

233 2142 63 51 of
337 2142 95 52 the
473 2146 188 48 courts
704 2140 63 53 of
810 2142 137 51 New
992 2140 180 69 York,
1212 2140 140 51 with
1395 2141 151 51 table
1589 2140 62 51 of
1694 2159 149 34 cases
1886 2140 276 70 digested,

232 2218 464 70 supplementing
747 2220 111 51 and
910 2218 337 69 continuing
1296 2220 138 51 New
1485 2219 164 53 York
1697 2221 211 50 annual
1959 2220 202 68 digest,

238 2302 148 49 1931.
462 2298 306 53 Rochester
807 2298 113 52 and
957 2300 137 51 New
1133 2298 163 53 York
1332 2298 133 69 city,
1501 2300 70 51 N.
1609 2300 91 65 Y.,
1737 2299 121 52 The
1894 2300 267 68 Lawyers

233 2377 381 68 co-operative
661 2376 339 69 publishing
1046 2395 308 50 company;
1409 2376 81 55 St.
1541 2378 165 66 Paul,
1754 2377 201 68 Minn.,
2002 2380 161 54 West

234 2455 335 70 publishing
612 2475 107 48 co.;
766 2457 138 52 New
948 2456 163 53 York
1155 2455 133 70 city,
1331 2458 68 52 N.
1446 2458 89 66 Y.,
1577 2456 207 68 Baker,
1827 2456 246 55 Voorhis
2117 2460 47 52 &

233 2539 508 65 company [ c 1933]
239 2610 67 47 iii,
337 2610 88 39 464
452 2621 43 36 p.
553 2609 59 39 26c
630 2612 26 20 m
662 2642 8 8 .

173 2663 1991 51 © Feb. 23, 1933; 2c. Mar. 10; aff. Mar. 13; A 60557; West pub. co. and
239 2724 228 46 Lawyers
493 2722 321 48 co-operative
840 2723 109 47 pub.
976 2733 66 29 co.

163 2825 261 66 Nichols,
454 2826 212 65 Philip.

235 2903 285 53 Taxation
563 2903 60 52 in
665 2903 461 68 Massachusetts,
1168 2904 74 68 by
1286 2903 199 68 Philip
1529 2903 251 54 Nichols.
1857 2907 132 49 1933
168 2923 1967 127 supplement

456 2989 57 45 to
552 2983 71 51 2d
675 2982 191 68 (1922)
915 2982 84 52 ed.
1039 2981 333 69 containing
1410 2983 95 51 the
1543 2982 328 68 legislation
1905 2983 64 51 of
2010 2987 152 64 1932,

169 3062 112 51 and
317 3062 95 50 the
448 3060 275 55 decisions
757 3060 62 52 of
854 3062 95 52 the
988 3062 274 66 Supreme
1298 3066 161 48 court
1492 3061 63 53 of
1589 3061 95 52 the
1717 3062 217 53 United
1973 3063 188 55 States

168 3136 271 72 affecting
472 3139 258 53 taxation
764 3140 75 68 by
872 3140 94 53 the
1001 3145 190 63 states,
1223 3140 95 53 the
1352 3139 276 54 decisions
1662 3139 64 53 of
1758 3140 94 53 the
1889 3140 276 70 Supreme

166 3217 239 68 judicial
437 3226 159 45 court
626 3218 63 52 of
719 3220 444 53 Massachusetts
1194 3216 271 71 affecting
1493 3219 278 68 taxation,
1802 3220 112 52 and
1944 3222 96 51 the
167 3222 1971 129 decisions

401 3296 64 51 of
493 3298 95 52 the
617 3298 442 52 Massachusetts
1088 3298 177 51 board
1297 3297 63 53 of
1389 3305 99 45 tax
1518 3300 251 66 appeals,
1799 3299 154 52 from
168 3301 1971 142 January
302 3379 46 64 1,

379 3378 133 49 1932
543 3381 56 48 to
630 3379 263 63 January
926 3380 45 63 1,
1005 3379 148 48 1933.
1230 3378 234 65 Boston,
1492 3378 190 66 Mass.,
1711 3378 121 52 The
1861 3378 297 54 Financial

168 3452 849 64 publishing company [ c 1933]
241 3529 25 37 1
295 3539 41 36 p.
387 3559 22 16 l.,
437 3527 90 40 20k
554 3538 42 37 p.
653 3528 55 39 23c
728 3530 28 20 m
762 3561 7 8 .

175 3580 1989 53 © Feb. 21, 1933; 2c. Mar. 1; aff. Feb. 25; A 60455; P. Nichols, Boston.
166 3742 195 52 North
397 3750 238 45 western
670 3744 201 67 digest.
947 3744 313 67 February,
1299 3746 150 64 1933,
1486 3744 343 53 cumulative
1864 3745 297 69 pamphlet

297 3818 1247 72 … St. Paul, West publishing co. [ c 1933]
237 3894 83 40 272
351 3906 41 36 p.
453 3895 55 39 24c
528 3898 27 20 m
560 3928 8 8 .

175 3946 1876 55 © Feb. 21, 1933; 2c. Mar. 10; aff. Mar. 13; A 60563; West pub. co.
