2484 4405
1102 4042 135 54 1407

151 416 208 64 Rothe,
393 414 217 54 Rudolf
644 415 201 63 Ernst,
882 415 169 53 1873-
1267 413 84 52 ed.

226 493 223 68 Theory
496 490 62 53 of
605 490 305 69 functions,
957 508 59 33 as
1062 486 232 70 applied
1340 492 57 49 to
1442 487 367 68 engineering
1853 485 299 70 problems,

155 569 184 53 edited
372 568 72 69 by
475 568 65 51 R.
573 568 200 67 Rothe,
803 568 63 52 F.
899 564 322 55 Ollendorff
1252 565 111 52 and
1395 565 72 51 K.
1498 564 390 66 Pohlhausen;
155 563 1973 136 authorized

152 641 1975 151 translation by Alfred Herzenberg … Cambridge, Technology
384 742 170 49 press,
581 723 438 52 Massachusetts
1045 722 261 52 institute
1333 721 63 52 of
1422 720 355 68 technology,
1808 722 148 49 1933.

220 805 44 38 x,
297 796 85 40 189
413 807 41 37 p.
518 794 177 48 diagrs.
757 795 55 38 24
815 797 42 21 cm
865 826 7 8 .

221 854 222 40 Includes
480 850 388 49 bibliographies.

160 911 51 51 ©
250 915 126 47 Sept.
411 914 69 46 20,
516 913 111 39 1933;
692 914 67 38 2c.
797 912 126 47 Sept.
959 912 81 45 23;
1079 911 81 39 aff.
1200 911 126 47 Sept.
1364 910 81 46 22;
1484 911 40 37 A
1560 909 142 40 60299;
1770 911 385 39 Massachusetts

228 971 224 39 institute
480 970 51 38 of
559 969 298 46 technology.
928 968 281 47 (33-28430)

159 1073 266 66 [Russell,
457 1073 226 63 George
713 1070 273 67 William]
1023 1071 171 52 1867-

230 1146 1922 70 The avatars; a futurist fantasy, by A. E. … New York,
156 1229 121 53 The
306 1228 330 53 Macmillan
669 1246 296 49 company,
998 1231 149 49 1933.

229 1301 548 49 3 p. l., 188 p. 19½ cm .
163 1355 1704 52 © Oct. 3, 1933; 2c. and aff. Oct. 4; A 66435; Macmillan co.
239 1414 278 50 (33-28909)

157 1520 273 65 Sanford,
461 1522 137 51 Mrs.
628 1521 170 51 Anne
825 1520 275 62 Putnam,
1134 1537 176 48 comp.

229 1596 238 52 Lincoln
495 1596 182 67 plays,
702 1596 238 52 selected
968 1596 75 66 by
1069 1597 72 50 A.
1166 1596 66 51 P.
1260 1595 273 55 Sanford.
1595 1595 138 51 New
1765 1594 174 65 York,
1966 1593 189 67 Dodd,

161 1674 164 52 Mead
353 1677 44 49 &
427 1691 295 49 company.
751 1677 150 48 1933.

230 1732 615 62 4 p. l., 3-249 p. 19½ cm .
164 1799 51 52 ©
252 1803 125 48 Sept.
412 1803 68 41 22.
516 1802 138 47 1933;
691 1804 65 38 2c.
795 1803 126 47 Sept.
951 1801 87 46 28;
1075 1802 82 40 aff.
1195 1803 128 46 Sept.
1357 1803 82 40 29:
1476 1803 41 38 A
1550 1803 169 39 66350:
1755 1803 53 38 A.
1847 1803 48 38 P.
1935 1802 224 45 Sanford,

231 1860 115 38 New
376 1860 142 39 York.
590 1859 279 47 (33-27410)

158 1949 327 64 Schramm,
516 1948 204 55 Heinz.

294 2027 1865 68 … Das Hitlerbuch der deutschen jugend. Hamburg,
162 2105 410 54 Hanseatische
603 2107 440 67 verlagsanstalt
1260 2140 12 33 [c1933]

229 2179 832 50 88, [2] p. plates. ports. 19 cm .
166 2232 1979 108 © June 23, 1933; 1c. Aug. 5: A-Foreign 21893; Hanseatische verlagsanstalt, a. g. (33-28749)
161 2383 295 64 Siodmak,
486 2385 174 54 Kurt.

232 2460 64 51 F.
319 2461 65 51 P.
410 2465 26 47 1
477 2461 132 53 does
646 2469 99 45 not
783 2462 179 68 reply,
999 2462 73 65 by
1112 2463 155 51 Kurt
1306 2462 304 65 Siodmak;
1652 2462 316 52 translated
2009 2461 150 51 from

164 2540 94 53 the
298 2539 249 54 German
587 2540 75 69 by
701 2542 76 51 H.
819 2542 89 53 W.
948 2541 241 52 Farrell.
1266 2542 234 66 Boston,
1540 2540 195 69 Little,
1777 2544 229 65 Brown,
2048 2541 110 51 and

163 2637 296 50 company,
490 2623 148 49 1933.

233 2678 630 63 3 p. l., 3-290 p. 19½ cm .
170 2745 51 52 ©
247 2750 101 41 Oct.
373 2751 38 41 6,
437 2750 111 40 1933;
602 2751 67 39 2c.
693 2752 95 38 and
813 2751 69 40 aff
922 2751 100 40 Oct.
1048 2752 51 45 7;
1127 2751 40 38 A
1191 2751 143 39 65514;
1389 2750 162 47 Little,
1579 2752 190 44 Brown,
1796 2751 95 38 and
1917 2760 247 38 company.

251 2806 303 49 (33-28929).

163 2893 282 67 Slocomb,
475 2895 282 64 Whitney
785 2897 172 63 Hart,
991 2899 173 49 1895-

235 2972 120 52 The
391 2990 188 35 causes
615 2974 110 51 and
763 2992 130 35 cure
927 2974 63 52 of
1023 2974 373 67 depressions,
1430 2975 75 66 by
1536 2971 276 68 Whitney
1847 2974 154 52 Hart

168 2972 1967 129 Slocomb.
418 3050 53 51 A
514 3051 275 67 complete
831 3052 137 66 plan
1009 3050 96 53 for
1144 3051 171 52 social
1359 3051 415 67 readjustment
1817 3052 183 51 which
2043 3051 119 52 will

167 3126 168 69 bring
364 3131 98 49 out
487 3128 95 52 the
609 3127 332 54 realization
971 3128 63 54 of
1062 3128 342 54 democratic
1433 3130 112 52 and
1574 3128 382 54 technocratic
1982 3128 179 54 ideals

228 3205 1690 69 … Boston, The Christopher publishing house [c1933]
239 3276 600 50 3 p. l., 5-131 p. 21 cm .
173 3330 51 52 ©
254 3335 125 47 Sept.
405 3335 68 46 21,
499 3334 139 41 1933;
666 3334 65 40 2c.
759 3336 95 38 and
880 3334 82 41 aff.
991 3335 129 48 Sept.
1146 3336 81 40 25;
1257 3336 42 38 A
1324 3336 169 46 66241;
1524 3337 316 48 Christopher
1867 3337 108 47 pub.
2004 3338 162 39 house.

252 3391 279 46 (33-28943)

166 3479 183 65 Spier,
385 3480 207 65 Leslie,
629 3484 173 50 1893-

242 3558 229 53 Yuman
505 3558 174 54 tribes
711 3559 65 53 of
807 3560 96 51 the
935 3558 134 55 Gila
1106 3559 169 67 river,
1308 3558 75 69 by
1416 3559 185 53 Leslie
1636 3557 185 69 Spier.
1897 3558 269 70 Chicago,

173 3635 112 59 Ill.,
312 3637 120 51 The
460 3636 334 68 University
822 3637 64 52 of
912 3638 251 66 Chicago
1193 3654 157 49 press
1403 3641 150 63 [1933]

246 3708 1917 51 xviii, 433 p. illus. (incl. maps) plates. ports. 21 cm . (Half-title:
175 3767 99 39 The
311 3767 281 47 University
628 3767 53 40 of
715 3767 208 48 Chicago
958 3767 325 49 publications
1319 3768 49 39 in
1404 3768 365 47 anthropology.
1830 3768 337 48 Ethnological

176 3822 173 48 series)

248 3880 143 38 “This
426 3882 144 43 study
602 3880 50 39 in
682 3882 148 39 based
862 3892 59 29 on
953 3881 250 40 fieldwork
1233 3881 177 47 jointly
1443 3882 261 48 sponsored
1736 3882 61 48 by
1828 3883 120 39 Yale
177 3882 1974 100 university
297 3938 95 38 and
421 3938 82 38 the
529 3937 282 49 University
837 3938 53 40 of
917 3938 358 50 Chicago.”—p.
1308 3939 95 50 [vii]
