2582 4453
1341 4130 133 51 1268

463 445 120 53 The
626 445 134 64 gold
808 444 223 55 falcon;
1075 462 80 51 or,
1197 444 121 53 The
1360 445 263 69 haggard
1669 444 63 53 of
1773 446 144 67 love,
1959 445 172 69 being
2169 446 96 53 the
394 445 1989 133 adventures

692 524 64 53 of
788 524 293 67 Manfred,
1115 524 223 53 airman
1374 526 113 53 and
1521 530 132 61 poet
1685 524 65 54 of
1783 525 97 52 the
1911 525 182 53 world
2126 542 136 49 war,
2297 526 112 53 and

394 605 161 65 later,
590 604 256 52 husband
887 605 112 51 and
1038 602 210 67 father,
1283 604 59 51 in
1375 606 195 51 search
1607 604 62 52 of
1707 602 257 55 freedom
1998 606 112 51 and
2146 604 264 68 personal

395 682 237 67 sunrise,
662 682 60 53 in
752 683 97 53 the
877 682 77 53 city
1023 682 66 53 of
1117 684 139 51 New
1288 683 179 58 York,
1498 684 112 52 and
1644 685 65 52 of
1737 684 95 60 the
1862 684 453 53 consummation
2347 684 64 53 of

397 761 88 53 his
517 760 120 54 life.
716 763 138 51 New
888 762 180 64 York,
1099 763 60 52 H
1210 762 190 56 Smith
1433 764 112 51 and
1580 763 67 52 R.
1682 763 178 66 Haas,
1893 765 151 50 1933.

461 837 26 40 3
516 848 42 37 p.
611 868 22 16 l.,
663 836 145 41 9-415
838 848 41 37 p.
941 836 117 41 20cm.

398 905 51 52 ©
477 908 119 48 July
619 908 70 45 28,
716 907 114 40 1933;
887 907 65 40 2c.
981 908 118 47 July
1124 908 82 46 29;
1236 907 83 41 aff.
1349 907 126 48 Sept.
1504 908 26 39 2:
1587 907 40 39 A
1655 906 172 49 66009;
1857 906 246 41 Harrison
2133 907 157 42 Smith
2318 907 97 41 and

465 966 181 39 Robert
678 966 152 46 Haas,
862 965 91 40 inc.
1027 965 282 48 (33-23676)

398 1069 282 64 Graham,
713 1070 199 52 Frank
943 1071 266 54 Duncan.

531 1138 1881 80 … Audell new electric library. Vol. XII. For engineers,
398 1228 370 60 electricians,
821 1230 77 52 all
949 1228 279 54 electrical
1285 1229 267 59 workers,
1602 1228 319 56 mechanics
1972 1230 111 53 and
2136 1230 276 67 students,

398 1311 333 67 presenting
775 1309 57 52 in
879 1309 277 67 simplest,
1201 1307 217 55 concise
1465 1308 153 54 form
1662 1311 94 50 the
1805 1308 401 54 fundamental
397 1311 1990 146 principles,
638 1390 150 53 rules
837 1390 111 51 and
1000 1389 384 67 applications
1433 1387 64 52 of
1547 1387 232 69 applied
1831 1387 330 70 electricity.
2239 1391 174 65 Fully

396 1468 325 54 illustrated
756 1468 139 53 with
931 1467 291 69 diagrams
1257 1469 113 51 and
1405 1468 271 65 sketches,
1709 1466 300 70 including
2041 1469 372 53 calculations

400 1545 1950 69 and tables for ready reference … by Frank D. Graham …
397 1627 1063 66 New York, T. Audel & co. [ c 1933]
664 1699 1176 49 4 p. l., x p., 1 l., 525 p. front. (port.) illus. 17cm.
399 1769 52 52 ©
479 1774 103 40 Oct.
608 1773 40 47 2,
675 1773 114 40 1933:
846 1774 67 38 2c.
941 1773 96 39 and
1064 1771 83 40 aff.
1175 1771 102 41 Oct.
1304 1772 53 45 3;
1387 1771 40 38 A
1454 1770 171 46 65445;
1655 1771 146 41 Theo.
1828 1771 156 41 Audel
2013 1772 35 40 &
2075 1783 67 30 co.

394 1873 258 69 Griffith,
679 1878 245 63 Barton,
955 1877 54 52 d.
1042 1878 151 50 1834.

466 1956 121 53 The
613 1956 168 68 diary
806 1954 65 54 of
896 1955 220 52 Barton
1143 1952 249 69 Griffith,
1420 1951 347 71 Covington,
1790 1952 269 70 Indiana,
2087 1957 329 66 1832-1834,

396 2055 126 34 now
560 2035 186 54 edited
787 2035 112 51 and
938 2033 304 70 published
1280 2031 94 54 for
1407 2031 97 54 the
1538 2031 125 53 first
1696 2033 137 53 time
1867 2033 74 70 by
1978 2032 338 71 permission
2352 2034 64 55 of

395 2117 89 53 his
518 2121 164 64 great
714 2120 164 64 great
910 2113 257 69 nephew,
1200 2114 56 53 J.
1293 2113 222 53 Barton
1549 2112 249 67 Griffith,
1832 2132 68 34 m.
1932 2132 48 34 d.
397 2112 1994 151 Crawfordsville,

577 2195 150 65 Ind.,
756 2195 67 51 R.
854 2194 68 51 E.
953 2194 209 66 Banta,
1191 2194 152 50 1932.

467 2265 940 53 2 p. l., 17 p. illus. (map) 19½cm.
471 2328 147 41 “This
651 2327 42 41 is
727 2327 202 40 number
963 2326 53 40 71
1051 2324 51 42 of
1135 2335 61 29 an
1231 2323 184 42 edition
1449 2324 189 40 limited
1672 2327 48 37 to
1752 2323 86 42 100
1869 2324 204 49 copies.”

402 2399 51 52 ©
488 2404 114 46 Apr.
633 2402 70 40 30,
739 2400 113 40 1932;
914 2400 66 38 2c.
1015 2398 122 45 Aug.
1172 2397 68 46 16,
1275 2397 113 39 1983;
1454 2396 81 40 aff.
1576 2398 127 47 Sept.
1739 2397 51 46 6;
1827 2397 42 39 A
1904 2397 135 40 65151;
2111 2398 216 40 Richard
2363 2399 52 39 E.

472 2462 175 44 Banta,
681 2456 417 46 Crawfordsville,
1133 2456 103 39 Ind.
1312 2454 282 49 (33-23789)

401 2562 339 65 Groebbels,
772 2562 209 63 Franz,
1015 2566 172 49 1888-

471 2646 119 51 Der
640 2643 192 67 vogel;
888 2641 128 54 bau,
1070 2640 291 54 funktion,
1412 2639 588 68 lebenserscheinung,
2049 2640 364 69 einpassung.

400 2727 44 48 1.
494 2724 92 51 bd.
671 2720 426 67 Atmungswelt
1147 2718 118 52 und
1314 2718 449 68 nahrungsweit.
1850 2718 218 56 Berlin,
2115 2719 301 56 Gebrüder

402 2805 406 64 Borntraeger,
838 2803 148 49 1932.

472 2871 1707 54 xii, 918 p. illus., maps (part fold.) fold. tab., diagrs. 26cm.
403 2943 1998 112 © Nov. 12. 1982: 1c. Apr. 24, 1938; A-Foreign 20699; Gebrüder Borntraeger.
397 3113 340 51 Hartmann
766 3127 112 35 von
902 3111 144 64 Aue,
1073 3108 136 52 12th
1237 3113 142 48 cent.

535 3184 1881 72 … Erec, Iwein, bearbeitet von Universitätsprofessor dr. Hans
402 3272 307 52 Naumann
746 3269 116 52 und
903 3267 405 68 privatdozent
1346 3266 84 53 dr.
1469 3266 167 54 Hans
1676 3263 282 70 Steinger.
2052 3265 258 69 Leipzig,
2349 3267 65 52 P.

404 3350 232 53 Reclam
665 3348 140 67 jun.,
837 3351 149 50 1933.

475 3416 1942 55 299 p. pl. 21½ × 16cm. (Added t.-p.: Deutsche literatur; Sammlung
408 3474 1954 48 literarischer knust-und kulturdenkmäler in entwicklungsreihen …
408 3539 151 40 Reihe
589 3539 85 49 [3]:
705 3537 229 40 Höfische
962 3535 262 48 dichtung:
1263 3534 78 48 (a)
1380 3533 227 41 Höfische
1634 3533 125 49 epik.
1821 3533 75 40 bd.
1925 3532 52 47 3)

478 3597 159 39 Based
665 3606 59 28 on
751 3595 81 40 the
860 3605 162 37 poems
1049 3594 52 39 of
1128 3593 255 41 Chrestien
1410 3592 58 40 de
1494 3591 197 48 Troyes.

476 3652 378 49 Bibliography:
887 3663 41 37 p.
957 3651 70 44 23.

406 3705 1955 56 © June 14, 1933; 1c. Aug. 5; A-Foreign 21856; Philipp Reclam jun.
484 3770 283 48 (33-24501)

401 3874 185 64 Hays,
617 3876 234 52 Arthur
882 3872 275 67 Garfield,
1188 3876 171 49 1881-

534 3946 1758 73 … Trial by prejudice. New York, Covici, Friede [ c 1933]
475 4024 1202 51 6 p. l., 3-369 p. front., plates, ports. 21½cm.
