2540 4453
1146 4121 102 54 401

194 479 315 54 American
560 477 250 54 medical
857 475 377 55 association.
1312 474 240 54 Council
1601 492 73 34 on
1719 473 315 68 pharmacy
2084 472 114 53 and

265 558 323 67 chemistry.

264 636 139 52 New
439 637 112 51 and
587 632 317 56 nonofficial
938 633 290 66 remedies,
1265 635 151 64 1933,
1451 631 336 69 containing
1820 631 378 68 descriptions

195 715 64 52 of
285 716 97 52 the
412 713 225 54 articles
664 713 185 53 which
879 714 168 53 stand
1078 712 264 68 accepted
1371 712 75 57 by
1472 713 95 50 the
1598 710 238 55 Council
1867 728 72 35 on
196 711 1977 151 pharmacy
342 794 112 51 and
499 792 308 67 chemistry
852 792 64 53 of
960 792 94 53 the
1099 791 310 52 American
1453 790 240 53 medical
1742 790 339 53 association
2126 808 72 35 on

194 875 263 65 January
521 875 45 63 1,
628 874 151 50 1933.
856 871 270 69 Chicago,
1186 869 309 54 American
1554 870 241 52 medical
1859 869 339 53 association

199 985 13 34 [
218 957 17 21 c
241 954 133 49 1933
380 984 12 34 ]

269 1031 100 49 498,
400 1031 68 41 lvi
498 1042 43 38 p.
597 1030 57 41 20
656 1033 16 21 cm
707 1063 7 7 .

203 1100 51 52 ©
284 1105 120 39 Mar.
433 1103 68 47 21,
530 1102 112 41 1933
661 1113 9 35 ;
699 1103 67 39 2c.
796 1105 94 39 and
920 1102 82 41 aff.
1032 1103 120 39 Mar.
1182 1102 82 46 25;
1296 1102 40 38 A
1365 1101 171 47 61074;
1566 1102 159 39 Amer.
1755 1100 205 40 medical
1991 1110 129 31 assn.

194 1223 210 64 Aymé,
437 1222 237 56 Marcel.

265 1300 121 52 The
431 1299 210 53 hollow
688 1297 150 70 field,
883 1300 75 68 by
1003 1300 215 52 Marcel
1263 1299 213 68 Aymé;
1525 1300 318 51 translated
1889 1299 75 67 by
2012 1300 187 52 Helen

193 1379 284 53 Waddell.
554 1379 138 52 New
723 1379 179 67 York,
931 1379 190 67 Dodd,
1151 1379 170 52 Mead
1352 1383 44 49 &
1425 1397 298 50 company,
1755 1382 150 49 1933.

268 1468 85 40 254
383 1479 42 37 p.
485 1466 59 40 19½
573 1469 45 21 cm.

203 1535 52 53 ©
283 1540 121 38 Mar.
432 1538 69 48 24,
530 1537 140 48 1933;
698 1538 54 40 2c
795 1539 121 39 Mar.
945 1538 82 47 29;
1058 1538 82 41 aff.
1169 1539 122 39 Mar.
1318 1538 82 46 28;
1432 1538 40 38 A
1499 1537 171 48 60820;
1701 1538 153 48 Dodd,
1885 1538 141 39 Mead
2056 1537 36 40 &
2120 1547 81 37 co.,

269 1596 91 40 inc.
431 1596 251 48 (33-7686)

195 1702 268 64 Bascom,
492 1700 175 56 John.

267 1780 120 52 The
418 1784 164 63 great
608 1781 115 51 sale
776 1779 92 67 [by]
905 1781 157 52 John
1094 1783 256 50 Bascom.
1426 1780 139 54 New
1596 1779 180 68 York,
1807 1780 70 53 A.
1911 1782 76 51 H.
2020 1779 179 69 King,

199 1862 150 49 1933.

270 1933 87 41 320
386 1944 42 37 p.
488 1932 58 40 19½
576 1935 44 21 cm
624 1965 9 9 .

205 1999 51 52 ©
284 2004 115 47 Apr.
426 2004 38 43 1,
492 2003 140 48 1933;
662 2003 65 41 2c.
757 2005 96 39 and
880 2003 84 42 aff.
990 2004 114 47 Apr.
1131 2005 54 45 3;
1215 2004 41 39 A
1283 2004 169 46 61182;
1484 2004 172 40 Alfred
1685 2004 61 39 H.
1775 2003 142 48 King,
1947 2004 91 40 inc.

282 2060 250 49 (33-7851)

198 2165 123 52 The
347 2165 144 53 Best
521 2165 165 68 plays
717 2163 65 54 of
813 2167 308 49 1909-1919
1153 2165 112 51 and
1293 2166 96 50 the
1420 2166 155 51 Year
1603 2165 150 53 book
1779 2165 63 54 of
1872 2166 94 51 the
1999 2166 199 52 drama

265 2242 61 53 in
376 2242 283 53 America.
735 2241 214 55 Edited
999 2243 75 69 by
1127 2245 190 51 Burns
1367 2244 222 52 Mantle
1641 2244 113 52 and
1803 2244 279 55 Garrison
2133 2247 67 51 P.

269 2320 325 55 Sherwood.
668 2322 163 54 With
886 2322 397 54 illustrations.
1360 2324 138 53 New
1554 2323 179 68 York,
1785 2324 191 67 Dodd,
2029 2324 171 52 Mead

268 2402 112 51 and
411 2420 297 51 company,
740 2405 152 52 1933.

273 2490 1021 49 x p, 2 l., 702 p. front., plates. 21 cm .
207 2557 51 53 ©
291 2562 112 48 Apr.
435 2562 39 47 7,
506 2560 141 48 1933;
681 2561 68 41 2c.
781 2563 96 38 and
909 2562 81 40 aff.
1023 2562 112 47 Apr.
1170 2561 81 47 12;
1286 2562 40 38 A
1358 2560 169 48 60990;
1563 2562 154 47 Dodd,
1752 2562 141 40 Mead
1928 2561 36 41 &
1997 2571 80 38 co.,
2112 2561 91 42 inc.

197 2677 293 68 Bindloss,
521 2680 241 66 Harold,
796 2685 171 51 1866-

271 2757 314 54 Fenwick’s
615 2757 155 68 trail,
797 2759 75 66 by
902 2759 226 52 Harold
1159 2757 287 54 Bindloss.
1510 2759 140 52 New
1681 2758 180 67 York,
1890 2758 312 54 Frederick

200 2834 73 55 A.
303 2836 200 55 Stokes
534 2855 297 48 company,
863 2839 152 51 1933.

275 2923 62 48 vi,
366 2923 87 41 346
479 2934 45 38 p.
584 2923 57 41 19½c
688 2925 29 22 m
720 2954 11 10 .

208 2991 51 52 ©
285 2996 121 38 Mar.
429 2995 69 45 23,
522 2993 113 41 1933
654 3005 8 35 ;
689 2993 66 41 2c.
781 2995 122 40 Mar.
927 2993 82 48 29;
1037 2993 82 41 aff.
1145 2995 121 38 Mar.
1291 2994 82 46 30;
1400 2994 40 39 A
1464 2995 170 47 61169;
1663 2995 262 40 Frederick
1950 2997 53 39 A.
2033 2997 171 41 Stokes

278 3062 66 29 co.
415 3050 249 48 (33-7849)

199 3154 339 66 Blumberg,
569 3154 253 55 Edward
856 3154 66 57 G.

202 3231 1976 146 … Am krankenbett der Wirtschaft. Weimar, E. Lichtenstein [1932]
273 3396 84 41 178
384 3406 44 39 p.
488 3396 26 40 21
547 3398 46 23 cm
596 3428 9 9 .

209 3464 1995 53 © June 6, 1932; 1c. July 22; A-Foreign 17353; Erich Lichtenstein
276 3528 178 45 verlag.
526 3525 249 49 (33-8526)

202 3627 308 66 Bothezat,
543 3629 260 64 Georges
834 3630 88 54 de.

275 3706 121 53 The
423 3705 341 68 depression,
790 3705 73 54 its
890 3707 114 53 real
1035 3722 188 38 causes
1253 3705 111 52 and
1391 3707 96 52 the
1514 3706 246 68 remedy,
1786 3705 74 69 by
1887 3705 219 70 George
2135 3707 66 55 de

206 3781 292 55 Bothezat.
571 3782 136 54 New
746 3781 178 69 York,
961 3782 68 52 N.
1072 3782 89 67 Y.,
1199 3785 151 49 1933.

274 3868 58 40 16
364 3879 43 37 p.
467 3869 54 40 23
525 3871 44 21 cm
574 3900 8 8 .

275 3924 113 42 “Dr.
420 3925 182 47 George
631 3926 58 39 de
717 3926 268 46 Bothezat;
1016 3925 138 41 short
1183 3925 332 48 biographical
1546 3927 168 41 note”:
1746 3939 42 37 p.
1836 3927 43 51 [3]
1911 3928 51 40 of
1991 3937 155 31 cover.

212 3994 51 52 ©
298 4000 121 39 Mar.
451 3998 68 45 10,
553 3998 139 47 1933;
727 3998 66 41 2c.
827 3999 96 39 and
957 3998 82 40 aff.
1072 3999 123 40 Mar.
1227 3998 54 40 23
1301 4009 8 36 ;
1345 3999 40 38 A
1418 3999 170 46 60774;
1624 3999 51 40 G.
1711 3999 57 41 de
1802 3999 252 48 Bothezat,
2089 3999 117 41 New

278 4056 144 39 York.
493 4055 249 47 (33-7827)
