2568 4328
1150 4025 33 55 7

172 390 211 54 Hurst.
412 387 172 58 Vida.

244 478 1940 71 Sandra, by Vida Hurst … New York, Grosset & Dunlap [c1933]
240 631 562 52 3 p. l., 242 p 19½cm.
177 702 51 53 ©
256 707 111 40 Jan.
392 707 40 47 3,
460 705 143 48 1933;
631 704 68 43 2c.
727 706 96 40 and
850 704 83 41 aff.
961 705 110 41 Jan.
1099 705 53 47 5;
1181 704 43 39 A
1250 704 171 48 58669;
1453 704 202 41 Grosset
1682 705 36 40 &
1744 705 211 48 Dunlap,
1984 704 93 41 inc.

253 763 222 49 (33-785)

170 862 477 66 Intercollegiate
680 865 228 54 debates
953 865 272 68 (Volume
1376 863 18 70 XIII)
1473 864 123 53 The
1626 883 137 51 year
1793 865 149 54 book
1975 864 63 54 of
240 866 1916 147 college

398 943 276 70 debating
713 988 56 9 …
850 944 214 52 Edited
1098 944 77 69 by
1209 943 222 69 Egbert
1462 945 131 68 Ray
1627 944 237 55 Nichols
1906 987 56 10 …
2041 946 141 52 New

241 1023 164 53 York
434 1024 135 67 city,
598 1023 183 55 Noble
810 1024 114 52 and
953 1023 183 54 Noble
1170 1056 13 34 [
1188 1029 18 21 c
1211 1025 153 65 1932]

238 1110 46 38 x,
314 1099 88 40 466
432 1110 42 37 p.
537 1098 148 42 20½cm.

175 1164 51 53 ©
253 1170 118 39 Nov.
399 1169 69 48 18,
497 1168 140 47 1932;
666 1168 67 40 2c.
762 1168 114 41 Dec.
902 1168 83 46 17;
1014 1166 83 41 aff.
1125 1165 110 42 Jan.
1263 1167 40 47 5,
1331 1166 142 48 1933;
1504 1167 41 39 A
1572 1167 172 47 58687;
1774 1165 154 42 Noble
1954 1167 36 40 &
2017 1165 165 42 Noble.

169 1297 434 56 International
644 1298 225 67 clinics;
915 1318 31 33 a
989 1300 295 67 quarterly
1325 1298 63 54 of
1431 1298 329 54 illustrated
1802 1299 229 54 clinical
238 1300 1918 133 lectures
434 1380 115 52 and
589 1377 307 70 especially
935 1378 285 68 prepared
1260 1377 252 69 original
1554 1378 226 53 articles
1827 1421 57 10 …
1963 1378 213 54 Edited

238 1459 76 68 by
343 1459 206 68 Henry
578 1459 89 53 W.
704 1458 214 55 Cattell
955 1500 55 9 …
1048 1457 142 52 with
1223 1457 98 53 the
1352 1457 417 54 collaboration
1799 1458 64 52 of
1897 1458 170 55 Chas.
2101 1459 62 52 H

237 1536 175 71 Mayo
492 1537 114 52 [and
660 1537 208 67 others]
933 1578 57 10 …
1068 1536 244 53 Volume
1366 1554 77 34 iv.
1519 1536 417 70 Forty-second
1991 1537 188 70 series,

241 1619 151 51 1932.
466 1615 413 70 Philadelphia
933 1616 114 53 and
1097 1616 262 69 London,
1408 1618 57 54 J.
1519 1618 67 51 B.
1638 1616 344 70 Lippincott
237 1637 1918 129 company,
441 1699 155 51 1932.

240 1771 101 48 viii,
374 1771 87 41 310
491 1781 44 38 p.
596 1771 87 40 col.
715 1770 165 47 front.,
913 1769 144 47 illus.,
1092 1770 173 47 plates,
1298 1771 165 46 ports.,
1499 1769 171 48 tables,
1705 1768 181 50 diagrs.
1948 1769 56 41 23
2008 1772 44 21 cm
2057 1803 9 9 .

241 1830 122 39 Part
386 1828 54 41 of
463 1829 83 39 the
572 1828 162 48 plates
758 1836 86 31 are
867 1825 196 49 printed
1091 1835 60 30 on
1177 1826 118 41 both
1322 1826 143 42 sides.

172 1895 51 53 ©
252 1901 111 39 Dec.
392 1899 70 48 13,
488 1898 143 47 1932;
660 1898 67 38 2c.
757 1898 96 39 and
880 1896 82 42 aff.
991 1897 111 40 Jan.
1130 1898 40 46 4,
1200 1895 142 49 1933;
1372 1896 43 40 A
1442 1897 172 48 57712;
1647 1898 43 40 J.
1719 1898 54 40 B.
1803 1895 280 51 Lippincott
2112 1909 64 31 co.

164 2030 268 66 Jenkins,
462 2030 259 56 William
753 2028 358 66 Fitzgerald,
1144 2034 172 51 1896-

239 2167 57 11 …
331 2123 268 54 Mexican
628 2120 154 55 trail.
857 2123 139 52 New
1030 2121 181 69 York,
1240 2122 72 54 A.
1343 2123 78 52 H.
1452 2121 182 70 King,
1663 2121 109 56 inc.
1809 2155 14 35 [
1827 2128 17 22 c
1850 2126 134 49 1933]

236 2195 529 51 3 p. l., 9-289 p. 19½cm.
236 2256 64 41 At
324 2256 126 40 head
476 2254 53 42 of
554 2253 137 42 title;
719 2253 117 42 Will
861 2252 222 42 Jenkins.

172 2324 51 53 ©
253 2329 110 39 Jan.
388 2328 41 46 4,
458 2327 114 40 1933;
628 2326 69 41 2c.
725 2327 96 39 and
848 2325 83 41 aff.
960 2325 110 41 Jan.
1099 2325 26 39 5;
1182 2324 43 40 A
1251 2324 172 48 58713;
1453 2324 175 40 Alfred
1656 2325 61 40 H.
1746 2324 143 50 King,
1919 2324 93 42 inc.

247 2385 223 49 (33-783)

164 2487 326 65 Karpman,
520 2485 338 66 Benjamin,
891 2486 171 56 1887-

238 2577 144 56 Case
431 2577 216 54 studies
699 2576 62 53 in
811 2576 97 53 the
961 2574 539 70 psychopathology
1553 2573 65 55 of
1672 2574 192 69 crime,
1917 2575 78 70 by
2049 2576 125 54 Ben

164 2659 305 68 Karpman
498 2700 56 10 …
633 2677 52 34 v.
710 2661 47 48 1.
798 2654 168 55 Cases
1013 2689 89 19 I-V.
1184 2655 421 70 [Washington,
1629 2658 72 52 D.
1726 2657 82 68 C.,
1831 2656 245 55 Printed
2096 2657 78 69 by

164 2738 98 53 the
286 2736 372 55 Mimeoform
686 2755 175 49 press,
890 2742 18 21 c
912 2738 153 64 1933]

237 2814 1279 52 x p., 2 l., 1042 p. illus. (maps) diagrs. 27½ cm .
234 2873 130 40 “The
400 2882 110 31 case
544 2870 228 42 material
806 2872 258 46 presented
1099 2870 241 41 herewith
1374 2879 159 32 comes
1568 2869 128 41 from
1733 2870 83 41 the
1851 2870 325 49 Department

163 2930 80 39 for
275 2928 226 41 criminal
536 2928 170 41 insane
753 2927 241 50 (Howard
1028 2926 127 49 hall)
1201 2928 54 39 at
1293 2925 69 43 St.
1400 2925 284 42 Elizabeths
1719 2926 455 49 hospital.”—Pref.

170 2996 51 53 ©
248 3002 111 39 Dec.
386 3001 69 47 17,
482 2999 143 48 1932;
652 2999 67 41 2c.
747 3000 97 39 and
870 2998 81 41 aff.
981 3000 110 40 Jan.
1118 2999 39 47 3,
1184 2998 142 48 1933;
1355 3000 42 38 A
1424 2999 172 47 58656;
1627 2999 55 40 B.
1709 2999 267 48 Karpman,
236 2997 1922 108 Washington.
490 3056 196 49 (33-922
698 3057 13 47 )

164 3159 206 67 Kates,
401 3160 260 53 Herbert
694 3160 76 63 S.,
806 3164 172 49 1894-

233 3242 226 53 Minute
493 3242 271 69 glimpses
801 3241 65 54 of
901 3241 310 53 American
1247 3241 180 69 cities,
1460 3242 79 69 by
1573 3242 255 54 Herbert
1864 3241 57 57 S.
1958 3243 212 69 Kates;

163 3320 141 53 with
333 3340 31 33 a
396 3319 289 54 foreword
715 3320 76 69 by
822 3320 104 53 Dr.
959 3320 157 54 John
1145 3319 78 53 H.
1256 3320 224 69 Finley.
1547 3320 141 53 New
1722 3320 182 69 York,
1935 3320 239 55 Grosset

162 3398 44 50 &
235 3399 237 67 Dunlap
510 3431 14 34 [
528 3403 17 22 c
551 3400 153 65 1933]

232 3471 86 40 159
343 3482 45 37 p.
448 3471 130 40 illus.
640 3470 57 41 26
700 3472 45 23 cm
749 3504 8 9 .

169 3538 51 53 ©
247 3544 110 39 Jan.
382 3544 40 46 3,
449 3542 142 48 1933;
619 3542 68 42 2c.
714 3544 97 39 and
837 3542 83 41 aff.
947 3543 110 39 Jan.
1085 3542 53 48 5;
1168 3543 41 39 A
1235 3543 172 48 58674;
1438 3542 202 42 Grosset
1667 3544 36 40 &
1730 3544 212 47 Dunlap,
1969 3544 92 40 inc.

246 3598 220 50 (33-918)

162 3703 216 65 Keene,
411 3703 273 66 Carolyn.

237 3829 56 10 …
338 3788 122 52 The
500 3788 130 68 sign
668 3790 65 52 of
770 3788 96 54 the
904 3787 229 55 twisted
1172 3789 245 69 candles,
1456 3791 78 67 by
1575 3790 253 68 Carolyn
1868 3790 193 52 Keene
2105 3832 58 12 …

162 3863 325 56 illustrated
516 3865 75 69 by
623 3867 225 52 Russell
877 3869 77 53 H.
986 3868 222 68 Tandy.
1283 3869 140 52 New
1454 3868 181 68 York,
1667 3869 235 55 Grosset
1930 3871 46 51 &
160 3870 1984 142 Dunlap
297 3978 14 34 [
315 3951 18 21 c
338 3948 152 65 1933]
