2582 4453
1374 4140 100 50 860

409 448 219 68 Busch,
658 451 165 54 Fritz
855 452 161 66 Otto,
1049 455 172 50 1890-
1437 452 84 53 ed.

585 528 1848 69 … Niobe; ein deutsches Schicksal, bearbeitet von Fritz Otto
415 608 1547 69 Busch … Leipzig, Breitkopf & Härtel [c1932]
483 680 70 48 90,
587 682 55 49 [2]
676 692 42 37 p.
748 681 110 41 incl.
890 682 165 48 front.,
1088 682 128 40 illus.
1247 682 161 49 (map)
1448 684 172 47 plates,
1650 685 151 46 ports.
1861 684 117 41 25cm.

488 739 64 40 At
579 740 125 39 head
734 740 51 39 of
814 740 135 40 title:
983 741 72 38 Im
1085 739 231 49 auftrage
1345 742 85 37 der
1461 740 361 48 “Volksspende
1854 742 196 40 Niobe”.

417 796 52 52 ©
500 802 114 40 Dec.
644 801 40 47 9,
715 800 142 48 1932;
920 813 38 28 1c.
990 802 110 39 Dec.
1133 801 83 47 30;
1249 801 42 39 A
1291 800 273 49 -Foreign
1595 800 172 48 20276;
1803 801 262 49 Breitkopf
2095 801 36 40 &
2162 801 191 40 Härtel.

499 858 282 50 (33-15532)

412 945 380 66 Callaghan’s
822 949 252 54 Indiana
1104 950 205 69 digest,
1339 952 279 67 complete
1645 950 157 53 from
1831 954 28 49 1
1891 951 324 54 Blackford
2243 956 60 49 to
2332 954 103 49 202

483 1028 251 54 Indiana
765 1030 114 52 and
910 1028 156 54 from
1097 1034 27 48 1
1155 1035 58 48 to
1245 1033 66 49 92
1341 1030 253 53 Indiana
1623 1031 331 68 Appellate,
1986 1032 118 53 also
2133 1030 302 70 including

483 1108 251 53 Indiana
781 1110 112 52 law
940 1110 204 68 passed
1193 1128 157 50 upon
1397 1110 75 67 by
1520 1111 97 54 the
1665 1111 224 53 federal
1937 1116 189 50 courts
2177 1111 113 53 and
2338 1111 96 53 the

486 1187 278 71 Supreme
804 1195 163 47 court
1007 1190 63 53 of
1110 1190 96 53 the
1247 1190 220 54 United
1511 1190 207 70 States,
1755 1191 76 70 by
1870 1192 160 55 Jesse
2071 1192 62 54 C.
2172 1193 263 66 Weaver,

480 1269 1931 147 under the supervision of Basil Jones … v. 10 [Master-Motions]
735 1349 273 70 Chicago,
1049 1349 323 71 Callaghan
1411 1352 113 52 and
1561 1371 300 51 company,
1900 1355 151 50 1933.

485 1425 569 49 1 p. l., 625 p. 26½cm.
419 1479 52 52 ©
501 1484 118 47 July
646 1484 69 46 12,
745 1482 141 48 1933;
917 1483 69 41 2c.
1016 1483 118 48 July
1161 1484 82 46 14;
1275 1482 81 41 aff.
1388 1483 117 49 July
1534 1485 82 46 15;
1647 1484 41 39 A
1717 1484 172 48 63612;
1922 1483 272 49 Callaghan
2225 1485 38 40 &
2287 1495 69 31 co.

415 1574 304 66 Chatters,
750 1574 137 55 Carl
916 1574 74 56 H.

415 1652 1995 149 Accounting manual for small cities (under 25,000 population) by Carl H. Chatters … Chicago, Ill., Municipal
2217 1733 219 53 finance

415 1811 229 54 officers’
676 1811 339 55 association
1050 1812 64 52 of
1145 1813 97 52 the
1271 1810 219 56 United
1526 1811 190 56 States
1749 1812 112 52 and
1896 1812 255 66 Canada,
2186 1816 149 50 1933.

485 1884 1717 51 4 p. l., 79 p. incl. forms, diagr. 25½cm. ([Municipal finance
2236 1885 199 41 officers’

416 1943 296 42 association
750 1945 51 39 of
835 1945 83 40 the
952 1944 180 41 United
1170 1945 164 40 States
1367 1944 97 40 and
1500 1943 215 49 Canada]
1779 1942 311 41 Publication
2122 1952 76 31 no.
2233 1941 51 48 1)

420 1998 52 53 ©
508 2004 117 47 May
655 2003 40 48 8,
731 2003 141 47 1933;
908 2004 67 39 2c.
1012 2003 96 40 and
1143 2003 82 41 aff.
1262 2004 115 47 May
1412 2003 82 47 11;
1531 2003 43 39 A
1606 2002 172 47 61693;
1818 2001 267 49 Municipal
2121 2001 190 41 finance
489 2000 1933 102 officers’
638 2071 116 31 assn.
798 2061 52 41 of
879 2062 82 40 the
991 2062 53 40 U.
1079 2061 45 42 S.
1155 2062 97 40 and
1282 2060 216 42 Canada.
1569 2058 283 52 (33-15258)

415 2158 108 56 Chi
561 2158 160 55 delta
756 2160 120 64 phi.
951 2160 201 68 Alpha
1185 2179 233 50 gamma
1452 2160 254 68 chapter,
1740 2159 286 69 Stephens
2063 2159 230 69 college,
485 2159 1926 149 Columbia,
746 2243 116 53 Mo.

487 2314 1949 151 Archways, edited by Alpha gamma chapter of Chi delta phi … Columbia,
895 2396 136 68 Mo.,
1061 2395 283 70 Stephens
1373 2394 232 71 college,
1634 2398 151 51 1933.

489 2471 538 50 4 p. l., 129 p. 19cm.
492 2530 73 40 On
593 2540 169 31 cover:
795 2530 288 41 Centennial
1114 2529 201 42 edition.

422 2583 52 51 ©
502 2588 116 47 May
644 2587 70 47 28,
743 2587 141 47 1933;
914 2588 68 41 2c.
1010 2588 97 39 and
1135 2587 82 40 aff.
1248 2587 127 40 June
1402 2587 53 47 2;
1485 2586 43 40 A
1555 2586 171 47 63263;
1761 2585 237 48 Stephens
2027 2586 192 47 college,
490 2585 1931 107 Columbia,
613 2645 91 40 Mo.
781 2644 283 50 (33-15240)

416 2732 239 69 Clancy,
684 2736 230 65 George
943 2736 348 64 Carpenter,
1323 2734 172 55 1879-
1709 2733 86 57 ed.

490 2812 476 69 Understanding
1017 2813 113 52 and
1181 2811 253 70 writing,
1483 2811 191 55 edited
1723 2811 75 69 by
1848 2810 221 69 George
2120 2809 316 70 Carpenter

420 2888 1939 72 Clancy … New York, Harcourt, Brace and company [c1933]
490 2963 85 49 xii,
613 2964 85 41 503
732 2975 43 37 p.
840 2964 146 41 18½cm.

423 3022 52 52 ©
508 3026 113 48 Apr.
651 3027 70 46 14,
751 3026 141 45 1933;
925 3026 67 41 2c.
1023 3026 97 39 and
1151 3023 82 42 aff.
1264 3025 114 48 Apr.
1409 3025 83 46 24;
1526 3024 40 40 A
1599 3024 171 47 62245;
1804 3025 263 46 Harcourt,
2101 3025 156 39 Brace
2287 3024 37 40 &
2354 3033 83 31 co.,

491 3083 91 41 inc.
654 3083 282 48 (33-15122)

418 3172 271 68 Clayton,
716 3173 241 67 Joseph,
987 3178 172 51 1868-

418 3251 1913 149 Saint Anselm; a critical biography, by Joseph Clayton … Milwaukee,
813 3335 122 51 The
971 3335 186 51 Bruce
1189 3331 337 69 publishing
1559 3349 283 50 company
1882 3333 173 66 [1933]

490 3406 131 47 xxvi,
669 3406 85 40 165
799 3417 42 37 p.
902 3406 164 48 front.,
1114 3408 148 46 ports.
1323 3406 116 38 22cm.
1512 3404 302 50 (Half-title:
1862 3404 195 40 Science
2103 3402 97 40 and
2246 3403 189 39 culture

418 3462 177 45 series)

490 3519 70 41 “A
585 3521 114 39 note
725 3532 59 29 on
813 3520 352 42 authorities”:
1195 3532 43 37 p.
1266 3520 218 41 161-162.

423 3574 52 52 ©
506 3580 114 47 May
648 3580 69 46 24,
747 3579 141 47 1933;
920 3579 66 41 2c.
1016 3581 96 39 and
1141 3580 83 41 aff.
1254 3580 126 39 June
1409 3580 52 46 5;
1493 3579 39 39 A
1561 3578 145 41 63035;
1767 3578 158 40 Bruce
1952 3577 110 48 pub.
2093 3587 68 30 co.

504 3636 282 49 (33-15370)

417 3721 238 71 Collins,
684 3728 266 54 Herman
979 3728 81 53 Le
1086 3729 148 65 Roy,
1266 3731 171 52 1865-

416 3800 2015 154 Pennsylvania, the golden, by Herman L. Collins … (Girard) Harrisburg, National historical association, inc., 1933.
489 3959 720 49 1 p. l., v-viii, 131 p. 21cm.
422 4011 52 52 ©
502 4016 128 40 June
655 4018 39 44 1,
722 4017 141 48 1933;
892 4019 67 39 2c.
987 4019 95 39 and
1111 4017 83 41 aff.
1221 4018 129 40 June
1376 4019 52 46 7;
1459 4018 40 39 A
1528 4017 171 47 63056;
1729 4017 131 40 Natl,
1890 4015 258 41 historical
2173 4025 143 31 assn.,
2346 4015 90 38 inc.

499 4073 282 45 (33-15131)
