2582 4453
1436 4110 61 50 852

448 404 145 54 New
622 405 162 53 York
826 403 220 72 (State)
1130 405 168 54 Laws
1305 450 11 25 ,
1343 412 241 50 statutes
1591 451 11 25 ,
1631 414 100 47 etc.

452 486 2015 149 … Parsons’ practice manual of the state of New York, containing the official edition of the Civil practice act, rules of
449 642 135 53 civil
615 643 267 68 practice,
916 643 314 69 Surrogate
1251 664 24 33 s
1307 651 161 48 court
1498 650 107 63 act,
1635 647 139 52 New
1808 646 162 53 York
2002 645 135 69 City
2167 654 161 48 court
2359 655 107 62 act,

448 722 140 53 New
626 723 159 52 York
815 724 116 66 city
961 723 325 68 Municipal
1318 730 162 47 court
1513 725 152 64 code,
1700 724 220 56 Justice
1952 731 162 48 court
2145 732 108 61 act,
2286 728 182 55 Court

451 801 64 52 of
557 800 199 55 claims
799 808 106 62 act,
947 801 292 68 judiciary
1282 802 199 55 article
1523 803 64 52 of
1627 804 96 51 the
1765 802 373 56 constitution
2184 807 111 52 and
2341 813 125 45 rent

448 882 165 65 laws;
649 882 109 51 and
793 887 162 49 court
984 882 151 53 rules
1165 879 64 55 of
1260 882 182 54 Court
1472 881 64 56 of
1567 882 253 67 appeals,
1852 883 287 68 appellate
2172 883 294 69 divisions,

448 960 289 67 appellate
774 965 191 59 terms,
1007 959 277 68 Supreme
1319 966 179 61 court,
1538 960 359 69 Surrogates’
1933 970 207 59 courts,
2177 964 112 52 and
2328 964 136 52 New

449 1039 164 53 York
646 1039 137 67 City
815 1045 163 47 court
1010 1039 113 53 and
1155 1039 325 68 Municipal
1515 1045 179 62 court,
1729 1058 60 35 as
1823 1041 274 53 amended
2135 1047 58 46 to
2227 1043 96 51 the
2357 1043 109 52 end

449 1118 64 53 of
538 1119 95 52 the
659 1118 322 68 legislative
1007 1120 211 53 session
1245 1120 64 52 of
1335 1122 153 63 1933,
1517 1118 138 53 with
1680 1124 160 49 notes
1867 1118 64 53 of
1956 1139 151 36 cases
2133 1118 150 55 since
2313 1120 153 57 Civil

449 1197 250 69 practice
724 1202 90 49 act
840 1196 58 53 in
925 1197 166 54 effect
1115 1215 72 35 on
1214 1197 246 56 October
1490 1203 45 61 1,
1562 1202 151 49 1921.
1793 1199 130 52 10th
1950 1199 83 55 ed.
2111 1199 214 54 Edited
2353 1200 113 54 and

447 1278 2019 69 annotated by Joseph R. Clevenger … New York, Baker,
450 1357 248 54 Voorhis
742 1361 45 49 &
829 1375 310 49 company;
1185 1357 139 53 New
1369 1356 164 53 York
1575 1357 112 52 and
1731 1357 251 67 Albany,
2024 1358 80 52 M.
2151 1358 227 52 Bender
2421 1362 45 49 &

448 1455 299 49 company,
783 1436 422 68 incorporated,
1246 1439 151 50 1933.

519 1509 724 50 3 p. l., viii, [1976] p. 25cm.
518 1569 63 39 At
610 1568 126 40 head
764 1569 50 40 of
843 1568 108 40 title
971 1579 8 28 :
1013 1568 248 41 Standard
1290 1567 199 40 edition.

517 1626 211 40 Various
759 1625 219 49 pagings.

520 1684 179 40 “Table
727 1685 51 39 of
807 1683 250 41 contents”
1088 1694 59 29 on
1176 1683 136 40 front
1342 1682 340 49 lining-paper.

452 1738 51 52 ©
536 1743 127 40 June
695 1743 39 46 6,
767 1742 141 45 1933;
943 1743 66 38 2c.
1044 1743 97 39 and
1173 1741 83 41 aff.
1289 1742 127 39 June
1449 1742 25 40 8;
1537 1742 40 38 A
1610 1741 171 46 62926;
1819 1741 240 40 Matthew
2090 1741 193 40 Bender
2315 1741 37 40 &
2382 1750 83 39 co.,

517 1800 91 41 inc.
639 1802 96 38 and
765 1802 175 45 Baker,
970 1800 208 40 Voorhis
1207 1800 36 39 &
1272 1810 68 32 co.
1412 1798 282 49 (33-14983)

443 1892 146 52 New
618 1892 182 52 York.
875 1892 425 64 Metropolitan
1327 1907 273 38 museum
1628 1892 64 53 of
1719 1895 116 50 art.

621 1969 1122 68 … Greek athletics. New York, 1933.
515 2042 70 48 31,
621 2043 55 49 [1]
710 2052 41 38 p.
813 2041 129 41 illus.
1001 2042 147 41 24½cm.

514 2101 64 40 At
607 2102 125 39 head
763 2101 51 39 of
845 2100 109 41 title
973 2112 8 28 :
1015 2102 101 39 The
1148 2101 348 48 Metropolitan
1527 2112 219 29 museum
1780 2102 52 39 of
1863 2104 90 38 art.

519 2156 1942 51 “Printed December, 1925, in an edition of 1,000 copies … Reprinted
448 2215 118 42 with
595 2216 297 40 corrections
922 2215 152 49 April,
1105 2214 129 48 1933,
1264 2215 48 40 in
1343 2227 61 29 an
1435 2215 185 41 edition
1650 2216 51 40 of
1728 2214 133 50 2,000
1890 2216 202 47 copies.”

520 2273 1941 48 “The Greek pentathlon … as well as the other common events. such
446 2342 54 30 as
529 2332 179 46 boxing
736 2332 94 39 and
859 2330 346 49 horse-racing,
1235 2341 84 29 are
1347 2330 283 41 illustrated
1660 2332 60 46 by
1749 2341 165 30 scenes
1943 2332 147 40 taken
2119 2333 127 38 from
2275 2330 184 47 objects

446 2389 47 40 in
521 2390 82 40 the
631 2388 349 49 Metropolitan
1008 2398 221 30 museum
1257 2388 50 39 of
1335 2390 78 38 art
1439 2389 96 39 and
1563 2389 141 39 other
1730 2388 386 41 collections.”—P
2160 2388 76 41 ref.
2277 2388 182 50 signed,

445 2446 248 43 Christine
727 2447 292 39 Alexander.

449 2504 51 53 ©
529 2510 115 46 May
668 2509 70 45 23,
766 2507 113 40 1933;
936 2507 65 39 2c.
1031 2507 96 39 and
1154 2505 81 41 aff.
1265 2507 114 46 May
1406 2506 55 38 25;
1518 2506 40 38 A
1585 2505 144 40 61977;
1788 2506 347 47 Metropolitan
2165 2516 218 29 museum
2413 2505 51 40 of

516 2569 92 39 art,
641 2567 117 38 New
788 2566 145 38 York.
1017 2560 51 52 [©
1099 2564 160 40 minor
1288 2563 225 50 changes]
1587 2563 283 48 (33-15105)

442 2656 355 59 O’Sullivan,
826 2656 283 54 Maurice.

515 2739 243 65 Twenty
793 2754 163 50 years
993 2736 340 68 a-growing,
1369 2736 75 67 by
1480 2734 257 55 Maurice
1775 2734 369 66 O’Sullivan;
2187 2734 273 53 rendered

446 2814 152 55 from
631 2817 95 52 the
756 2815 249 68 original
1036 2815 151 53 Irish
1221 2815 76 67 by
1325 2816 174 66 Moya
1529 2814 290 67 Llewelyn
1850 2812 214 54 Davies
2095 2814 112 51 and
2238 2812 221 69 George

445 2895 318 68 Thomson;
797 2895 141 53 with
973 2914 71 36 an
1076 2894 400 68 introductory
1506 2898 131 49 note
1667 2894 77 68 by
1774 2894 66 53 E.
1874 2894 78 53 M.
1986 2894 248 52 Forster.
445 2893 1988 141 London,
611 2975 212 55 Chatto
859 2977 50 51 &
942 2974 265 59 Windus,
1245 2978 149 49 1933.

517 3049 84 47 xii,
636 3049 99 42 322,
787 3050 41 48 [2]
866 3060 41 38 p.
970 3048 116 41 23cm.

517 3108 140 47 Maps
686 3118 59 29 on
772 3106 367 48 lining-papers.

519 3167 129 39 “The
688 3168 134 45 story
862 3164 51 39 of
952 3175 88 29 one
1079 3163 51 40 of
1169 3164 81 39 the
1287 3162 242 39 islanders
1572 3161 66 49 (of
1677 3161 203 40 Blasket
1918 3160 202 49 islands]
2161 3159 197 41 written
2399 3160 59 47 by

447 3222 451 43 himself.”—Pref.,
933 3233 41 37 p.
1007 3221 64 41 ix.

450 3277 51 53 ©
565 3293 37 29 1c.
637 3282 125 39 June
796 3281 39 46 5,
870 3279 140 47 1933;
1046 3280 41 39 A
1120 3280 62 40 ad
1215 3279 86 40 int.
1336 3278 170 46 17859;
1543 3278 142 48 pubd.
1721 3279 114 45 May
1869 3279 52 44 1;
1957 3276 182 47 Viking
2170 3285 149 39 press,
2354 3275 106 42 inc..

518 3340 119 39 New
669 3339 145 40 York.
886 3336 282 49 (33-15882)

442 3429 233 64 Pastor,
701 3427 194 65 Willy,
924 3429 171 54 1867-

615 3503 1841 67 … Das all in uns und wir im all; vom gestalt en wandel des
445 3584 1461 69 lebens … Berlin-Leipzig, Bong & co. [c1931]
519 3658 443 51 87. [1] p. 22 ½cm .
799 3710 1659 50 CONTENTS. —Gedächtnis und erinnerung.—Denkende sterne und sterne
447 3774 71 39 als
547 3773 447 47 gedanken.—Pan,
1025 3773 116 40 oder
1171 3772 87 39 das
1289 3770 515 45 all-lebendige.—Der
1833 3771 132 38 stern
1997 3769 73 39 als
2099 3766 359 42 kunstwerk.—

446 3831 247 39 Zwischen
736 3841 184 28 wasser
961 3831 95 38 und
1100 3829 128 40 land.
1233 3828 162 40 —Das
1437 3826 612 50 grosshirnwesen.—Vom
2095 3823 362 50 doppelgesicht

447 3889 86 37 der
566 3897 170 30 masse.
740 3887 276 40 —Jenseits
1050 3896 104 30 vom
1189 3884 256 41 ich.—Das
1478 3883 238 41 schichsal
1753 3882 209 43 technik.

451 3942 51 53 ©
542 3947 102 39 Oct.
682 3946 38 41 8.
760 3946 140 40 1931;
940 3947 66 38 1c.
1046 3946 111 46 Apr.
1197 3945 69 41 13,
1305 3944 114 39 1932;
1488 3944 96 37 A-
1592 3942 206 46 Foreign
1837 3942 170 41 16484:
2048 3940 271 40 Deutsches
517 3947 1924 105 verlagshaus
784 4005 136 43 Bong
952 4002 34 40 &
1018 4013 67 29 co.
1157 4000 281 48 (33-14968)
