2597 4403
1330 4088 65 49 52

325 495 66 54 of
420 496 179 53 heads
628 496 116 53 and
775 495 195 68 horns,
1002 495 142 53 New
1176 493 167 54 York
1373 493 318 70 zoological
1722 493 232 72 society.
2022 494 60 54 A
2110 494 151 55 book
2292 492 67 57 of

326 574 96 54 the
446 574 197 54 Boone
667 574 116 54 and
809 572 276 57 Crockett
1104 571 147 55 club.
1312 572 143 54 New
1478 571 184 72 York,
1685 572 126 55 The
1831 571 325 73 Derrydale
2180 590 180 53 press,

328 655 153 52 1932.

397 723 1452 54 2 p. l., iii-viii p., 1 l., 178 p., 1 1. front., illus. 28½ cm .
402 784 150 41 “Five
579 784 226 41 hundred
836 782 163 49 copies
1033 814 48 10 …
1114 784 125 40 have
1270 781 122 42 been
1422 782 199 49 printed
1649 781 63 50 by
1743 782 201 49 Eugene
1974 782 54 43 V.
2065 782 211 43 Connett
2307 784 54 41 at

329 843 82 40 the
439 841 275 49 Derrydale
740 839 184 51 press.”

334 896 53 53 ©
421 901 113 41 Dec.
566 900 70 48 20,
670 898 142 49 1932;
847 900 69 41 2c.
950 900 96 39 and
1081 898 81 41 aff.
1198 899 112 40 Jan.
1344 899 39 47 3,
1419 897 142 50 1933;
1598 900 42 39 A
1671 900 173 48 57734;
1881 900 52 41 P.
1967 899 58 43 N.
2060 899 147 49 Gray,
2241 900 121 40 New

403 958 146 41 York.
621 956 254 50 (33-2515)

329 1063 267 65 Hadath,
628 1062 235 65 Gunby.

401 1142 245 68 Twenty
675 1142 150 69 good
856 1141 177 69 ships,
1110 1141 166 69 chap.
1310 1145 83 64 15,
1426 1144 80 50 16.

414 1217 84 49 (In
527 1212 281 46 Children’s
837 1226 315 40 newspaper,
1182 1213 131 44 Nov.
1341 1215 72 50 26,
1448 1213 146 51 1932)

335 1270 2026 53 © 1c. Jan. 21, 1933; A ad int. 17394; pubd. Nov. 24, 1932; G. Hadath,
404 1333 215 40 London.

402 1439 245 69 Twenty
678 1439 149 69 good
861 1438 176 70 ships,
1115 1440 163 69 chap.
1312 1438 84 70 17,
1429 1443 81 50 18.

414 1515 83 49 (In
526 1510 281 45 Children’s
838 1524 313 40 newspaper,
1185 1511 115 44 Dec.
1333 1513 42 49 3,
1410 1511 146 51 1932)

336 1567 2027 54 © 1c. Jan. 28, 1933; A ad int. 17419; pubd. Dec. 1, 1932; G. Hadath,
405 1630 215 41 London.

332 1732 188 55 Idaho
552 1733 114 53 and
697 1731 215 57 Pacific
944 1733 206 69 digest,
1182 1733 274 70 covering
1484 1734 79 53 all
1594 1752 151 36 cases
1776 1734 271 69 reported
2077 1733 61 54 in
2170 1731 189 55 Idaho

404 1817 245 64 reports,
686 1815 331 66 1866-1931,
1054 1811 216 58 Pacific
1304 1818 279 65 reporter,
1614 1815 255 53 volumes
1906 1815 190 67 1-300,
2132 1814 114 52 and
2282 1813 79 53 all

406 1892 63 52 of
493 1892 97 53 the
614 1890 217 58 Pacific
853 1898 177 48 states
1053 1899 227 63 reports
1304 1894 157 52 from
1483 1895 97 52 the
1603 1893 232 54 earliest
1856 1894 168 54 times
2055 1936 56 10 …
405 1892 1931 149 Compiled

594 1973 114 52 and
737 1972 193 53 edited
958 1973 77 69 by
1060 1973 98 53 the
1186 1972 344 70 publisher’s
1560 1973 270 54 editorial
1857 1970 154 58 staff,
2085 1992 51 34 v.
2168 1975 192 51 29-31.

408 2051 84 55 St.
524 2053 168 68 Paul,
719 2053 163 55 West
912 2052 342 70 publishing
1282 2072 100 50 co.,
1414 2056 154 52 1932.

405 2128 28 41 3
463 2139 43 30 v.
564 2127 61 41 26
624 2130 47 21 cm
674 2157 9 9 .

753 2196 47 29 CONTENTS.—v.
840 2183 72 44 29.
953 2183 587 44 Names-Partition.—v.
1582 2183 74 43 30.
334 2184 2036 99 Partnership-Pleading.—v.
409 2241 71 42 31.

512 2243 411 47 Pledges-Public
950 2244 159 40 lands.

338 2313 42 29 v.
406 2299 70 50 29,
504 2300 71 49 30,
603 2296 53 53 ©
685 2301 111 40 Dec.
824 2300 70 47 28,
922 2299 143 49 1932;
1095 2311 42 28 v.
1164 2300 71 48 31,
1266 2295 53 53 ©
1347 2300 113 42 Dec.
1486 2299 84 49 29;
1600 2301 67 41 2c.
1695 2301 120 40 each
1843 2301 110 40 Jan.
1983 2301 69 47 11,
2082 2299 143 48 1933;
2256 2299 110 43 affs.

410 2358 110 40 Jan.
553 2358 83 47 12;
670 2358 43 40 A
742 2356 352 49 58848-58850;
1130 2358 138 41 West
1297 2357 111 49 pub.
1442 2368 68 30 co.

336 2464 201 65 Jones,
570 2464 257 54 Edward
861 2464 258 66 Safford,
1156 2470 174 50 1888-

409 2541 486 69 Comprehensive
933 2542 422 54 examinations
1393 2541 59 55 in
1490 2541 310 56 American
1838 2542 261 68 colleges,
2134 2542 77 69 by
337 2540 2005 134 Edward

536 2619 235 57 Safford
806 2620 177 55 Jones
1024 2663 57 10 …
1158 2621 95 53 An
1289 2620 413 70 investigation
1739 2619 96 55 for
1869 2621 97 52 the
2000 2619 367 56 Association

336 2698 66 55 of
437 2699 313 53 American
786 2700 258 68 colleges.
1119 2699 166 55 With
1325 2718 31 35 a
1396 2700 288 53 foreword
1720 2699 77 70 by
1833 2697 218 56 Robert
2086 2699 66 54 L.
2190 2697 178 70 Kelly

342 2820 57 12 …
480 2778 141 54 New
654 2777 183 69 York,
870 2777 124 54 The
1025 2777 339 54 Macmillan
1398 2795 301 52 company,
1734 2781 154 50 1933.

409 2853 101 48 xix,
538 2852 89 41 436
654 2863 43 38 p.
759 2852 182 49 diagrs.
1001 2851 58 42 20½
1091 2854 45 22 cm
1141 2884 10 9 .

412 2910 252 42 “Selected
702 2909 343 49 bibliography
1085 2920 62 30 on
1185 2908 377 50 examinations,
1601 2910 241 49 prepared
1879 2910 63 49 by
1980 2909 136 40 Ruth
2153 2910 54 41 E.
339 2908 2011 100 Eckert”
462 2978 10 29 :
505 2978 44 38 p.
579 2964 220 44 419-429.

345 3020 53 53 ©
434 3025 112 40 Jan.
580 3025 70 48 17,
686 3023 142 47 1933;
865 3023 68 41 2c.
969 3025 96 39 and
1100 3023 84 41 aff.
1219 3024 111 39 Jan.
1367 3023 83 47 18;
1487 3024 41 39 A
1565 3023 170 48 59012;
1774 3023 312 42 Association
2122 3024 53 40 of
2208 3025 161 40 Amer.

414 3083 221 48 colleges,
661 3082 118 40 New
805 3082 145 40 York.
1023 3080 253 49 (33-2503)

342 3173 218 67 Kallet,
590 3174 256 56 Arthur.

414 3254 348 66 100,000,000
799 3252 210 69 guinea
1046 3252 158 69 pigs;
1246 3251 247 70 dangers
1529 3252 62 55 in
1625 3253 288 69 everyday
1950 3250 187 71 foods,
2173 3253 196 68 drugs,

342 3333 114 52 and
483 3330 312 69 cosmetics,
819 3330 77 69 by
922 3330 229 55 Arthur
1175 3330 203 55 Kallet
1406 3374 56 10 …
1496 3331 114 54 and
1637 3332 66 53 F.
1730 3331 58 55 J.
1818 3330 243 56 Schlink
2091 3373 58 11 …
2228 3330 141 54 New

343 3409 182 69 York,
554 3410 122 53 The
704 3410 323 68 Vanguard
1056 3427 177 50 press,
1264 3411 151 51 1932.

415 3481 773 52 1 p. l., v-xi, 3-312 p. 19½ cm .
350 3536 53 53 ©
431 3541 111 40 Jan.
570 3541 69 47 12,
670 3540 141 48 1933;
841 3540 66 41 2c.
939 3542 110 39 Jan,
1078 3540 83 47 19;
1193 3539 83 42 aff.
1305 3540 111 40 Jan.
1446 3541 83 47 17;
1561 3541 39 40 A
1629 3540 171 49 58939;
1832 3542 55 41 A.
1917 3541 170 40 Kallet
2115 3542 96 40 and
2241 3541 52 42 F.
2324 3541 45 42 J.

421 3598 215 49 Schlink,
663 3598 117 40 New
805 3598 145 40 York.
1024 3597 283 49 (33-27004)

345 3687 257 66 Louttit,
633 3688 320 66 Chauncey
981 3688 333 66 McKinley,
1346 3695 172 49 1901-

415 3767 333 52 Handbook
780 3766 65 53 of
878 3766 427 70 psychological
1340 3766 300 56 literature
1694 3767 95 69 [by]
1829 3768 65 56 C.
1927 3767 81 53 M.
2041 3763 229 58 Louttit
2309 3809 55 11 …

347 3845 431 68 Bloomington,
809 3845 151 61 Ind.,
989 3846 123 53 The
1141 3844 302 70 Principia
1474 3864 176 50 press,
1681 3849 152 50 1932.

419 3917 1951 53 viii p., 1 l., 273 p. 19½ cm . [Publications of the Indiana university
348 3975 368 50 Psychological
744 3975 184 42 clinics,
990 3987 92 31 ser.
1153 4008 8 17 II,
1191 3987 76 31 no.
1294 3978 42 48 4]
