2575 4405
1050 4060 63 55 75

99 419 283 68 Chaucer,
419 421 295 65 Geoffrey,
746 421 55 53 d.
839 423 149 50 1400.

168 504 122 54 The
316 503 158 54 three
503 502 282 68 cuckolds,
814 508 99 47 out
942 502 62 52 of
1034 500 272 71 Chaucer,
1334 501 60 52 in
1421 500 233 54 modern
1683 518 166 50 prose
98 496 1979 158 rendering

224 581 76 69 by
326 580 193 54 Willis
546 580 63 52 L.
638 576 233 57 Parker.
935 578 139 53 New
1103 578 180 68 York,
1310 577 298 68 Privately
1635 577 189 55 issued
1853 576 94 54 for
98 573 1980 143 subscribers
369 692 12 33 [
386 665 19 21 c
410 660 134 49 1932
549 691 13 34 ]

163 725 1335 56 4 p. l., 15-136 p. incl. illus., plates, front. 22½ cm .
167 784 146 42 “This
339 785 42 41 is
407 795 119 38 copy
551 795 75 31 no.
653 785 85 41 233
765 784 54 41 of
844 796 27 29 a
898 784 190 41 limited
1115 784 185 41 edition
1327 784 52 41 of
1406 784 131 50 1,000
1563 784 202 49 copies.”

165 840 234 44 Contains
428 842 137 41 three
596 839 306 51 Canterbury
932 841 139 49 tales,
1102 842 82 40 the
1212 840 309 50 merchant’s,
1550 843 82 43 the
1660 839 200 43 miller’s
1890 841 95 41 and
2016 842 83 41 the

96 897 193 43 reeve’s.

99 968 54 54 ©
186 972 121 50 Aug.
343 973 70 49 11,
448 971 142 49 1932;
626 971 69 43 2c.
730 972 113 41 Jan.
877 970 71 49 20,
985 969 141 49 1933;
1165 969 82 43 aff.
1285 971 112 41 Jan.
1432 968 83 51 19;
1554 971 41 40 A
1631 970 171 48 58971;
1841 967 258 50 Williams,

167 1030 204 41 Belasco
404 1035 36 39 &
472 1030 205 48 Meyers,
711 1030 119 39 New
863 1029 145 40 York.
1078 1026 252 51 (33-2206)

95 1134 254 64 Cohane,
381 1133 191 55 David
603 1134 67 55 B.

162 1215 287 56 Practical
486 1214 261 71 political
784 1216 340 69 procedure;
1166 1213 174 70 guide
1378 1214 94 53 for
1511 1219 171 63 party
1720 1215 266 68 workers,
2023 1215 73 69 by

92 1295 193 53 David
315 1295 66 53 B.
412 1293 246 55 Cohane.
725 1295 236 66 Boston,
987 1292 239 55 Meador
1255 1292 336 70 publishing
1618 1310 299 52 company,
1946 1296 151 50 1932.

162 1366 89 42 159
275 1379 44 37 p.
378 1368 137 40 front.
555 1366 175 50 (port.)
766 1368 26 38 1
820 1367 131 40 illus.
1010 1366 148 41 15½cm.

97 1434 52 53 ©
179 1440 113 41 Dec.
322 1438 69 49 28,
423 1437 117 41 1932;
595 1437 67 41 2c.
695 1438 109 41 Jan.
836 1438 41 46 4,
910 1437 141 48 1933;
1085 1436 82 43 aff.
1199 1438 112 40 Jan.
1343 1438 52 46 6;
1430 1437 40 40 A
1502 1438 171 47 57758;
1709 1439 56 40 D.
1800 1439 54 40 B.
1888 1437 210 50 Cohane,

165 1494 211 51 Bayside
404 1496 149 47 West,
583 1495 51 41 L,
664 1495 52 48 I.,
746 1495 56 41 N.
833 1495 54 39 Y.
958 1493 252 51 (33-2242)

92 1599 227 66 Collier,
348 1598 257 56 William
632 1598 211 57 Miller.

164 1680 132 51 1933
332 1680 210 51 annual
574 1676 347 58 cumulative
952 1677 364 71 supplement
1356 1676 328 73 (including
1717 1680 77 51 all
1827 1678 265 71 previous

90 1758 390 68 supplements
505 1758 114 51 and
643 1761 61 50 to
725 1759 267 67 January
1020 1757 235 70 1,1933)
1289 1763 61 48 to
1376 1757 215 57 Collier
1615 1777 73 34 on
1711 1757 379 71 bankruptcy.

94 1836 131 51 13th
255 1835 85 54 ed.
378 1882 56 9 …
472 1835 139 55 with
644 1836 390 54 amendments
1066 1842 59 48 to
1158 1836 149 69 date,
1339 1837 75 68 by
1444 1837 195 68 Ralph
1673 1839 68 52 E.
1775 1838 216 69 Rogers
2030 1881 57 10 …

89 1912 251 72 Albany,
386 1916 70 52 N.
504 1917 91 65 Y.,
638 1914 282 54 Matthew
966 1915 228 53 Bender
1237 1920 46 49 &
1328 1933 299 53 company,
1671 1916 422 70 incorporated,

92 1996 151 51 1933.

157 2066 81 48 vii,
269 2065 85 43 921
383 2077 45 38 p.
485 2067 59 40 25
544 2070 47 21 cm
593 2098 8 8 .

93 2118 52 53 ©
176 2124 111 41 Jan.
315 2125 70 46 13,
413 2124 142 47 1933;
586 2124 68 41 2c.
684 2125 95 41 and
809 2124 83 41 aff.
924 2126 110 40 Jan.
1064 2125 83 47 14;
1179 2125 41 39 A
1250 2124 170 48 58912;
1454 2126 238 41 Matthew
1722 2126 192 41 Bender
1944 2128 37 40 &
2012 2137 82 39 co.,

158 2179 93 41 inc.

90 2281 232 69 Cowan,
351 2284 155 55 John
535 2283 303 68 Franklin,
870 2290 171 51 1854-

160 2361 280 56 Colorado
480 2360 153 54 river
671 2361 111 71 boy
821 2362 280 71 boatmen,
1140 2363 74 69 by
1256 2364 155 54 John
1453 2363 63 54 F.
1559 2363 213 55 Cowan
1814 2408 57 11 …
1956 2364 137 70 [San

88 2436 201 72 Diego,
331 2438 194 70 Calif.,
565 2439 240 54 Printed
846 2440 73 70 by
960 2441 152 69 Frye
1150 2442 47 51 &
1236 2441 190 54 Smith
1468 2441 93 54 for
1602 2441 275 55 Stockton
1918 2461 175 51 press,

87 2522 20 23 c
111 2518 153 66 1932]

155 2588 85 40 143
268 2598 44 38 p.
370 2588 57 40 20
427 2590 46 22 cm
477 2622 8 9 .

91 2656 52 53 ©
172 2661 111 40 Dec.
315 2663 68 46 15,
413 2662 141 48 1932;
584 2662 68 41 2c.
681 2663 112 41 Dec.
824 2663 82 48 21;
938 2664 83 41 aff.
1051 2664 110 41 Jan.
1189 2664 70 49 27,
1289 2665 141 48 1933;
1463 2665 40 41 A
1534 2666 170 48 60065;
1738 2668 43 40 J.
1813 2669 51 38 F.
1898 2667 192 47 Cowan,

161 2718 98 40 San
292 2719 165 48 Diego,
492 2719 144 41 Calif.
707 2721 258 49 (33-2625).

86 2822 276 66 Cropper,
396 2824 326 66 Margaret.

153 2903 181 55 Little
363 2904 173 70 Mary
571 2905 253 71 Crosbie,
858 2926 31 34 a
927 2923 183 55 poem,
1145 2908 76 70 by
1253 2909 299 70 Margaret
1589 2909 276 70 Cropper.
85 2907 1980 148 London,

244 2980 305 58 Constable
576 2986 46 52 &
649 3003 98 51 co.,
774 2985 126 70 ltd.,
928 2988 151 51 1932.

153 3054 56 39 42
235 3065 58 39 p.,
323 3057 25 39 1
377 3057 29 41 1.
467 3056 117 42 19cm.

89 3122 1997 61 © 1c. Jan. 12, 1933; A ad int. 17362; pubd. Nov. 20, 1932; Constable &
157 3193 80 39 co.,
263 3185 87 40 ltd.
421 3183 251 52 (33-3107)

85 3284 344 69 Cubberley,
459 3286 258 58 Ellwood
744 3290 340 66 Patterson,
1117 3298 170 50 1868-

153 3366 95 55 An
284 3368 393 57 introduction
709 3378 61 49 to
804 3374 100 53 the
936 3375 175 69 study
1146 3376 64 53 of
1246 3377 320 68 education,
1603 3379 76 67 by
1714 3381 265 53 Ellwood
2015 3382 69 52 P.

85 3443 321 72 Cubberley
436 3490 57 11 …
523 3449 221 55 revised
770 3451 77 68 by
871 3452 222 56 Walter
1121 3453 220 69 Crosby
1366 3455 159 55 Eells
1557 3499 57 11 …
1683 3459 235 66 Boston,
1945 3460 140 53 New

85 3520 162 55 York
295 3529 122 62 [etc.]
451 3525 319 70 Houghton
794 3528 207 54 Mifflin
1030 3548 281 51 company
1344 3566 14 34 [
1363 3539 18 21 c
1384 3536 154 65 1933]

156 3602 80 39 xx,
266 3593 85 43 532
381 3608 43 37 p.
481 3598 150 41 front.
661 3600 172 49 (port.)
874 3602 143 48 illus.,
1047 3602 180 51 diagrs.
1287 3605 145 41 19½cm.
1502 3606 302 49 (Half-title:
1832 3609 254 44 Riverside

87 3651 255 43 textbooks
366 3654 50 40 in
442 3655 272 50 education,
741 3658 71 41 ed.
839 3660 60 47 by
927 3660 52 40 E.
1008 3660 49 42 P.
1085 3659 292 52 Cubberley)

158 3708 246 44 “Selected
433 3711 301 44 references”
762 3718 54 38 at
843 3718 91 39 end
961 3717 53 41 of
1038 3718 120 41 each
1184 3719 217 49 chapter.

157 3765 234 44 Previous
418 3768 185 42 edition
631 3771 90 40 has
748 3771 138 41 title:
917 3773 76 39 An
1019 3774 335 43 introduction
1381 3778 51 40 to
1459 3779 85 41 the
1569 3781 147 48 study
1746 3781 51 41 of
1825 3782 261 43 education

85 3823 95 41 and
208 3826 51 39 to
289 3825 241 50 teaching.

87 3889 51 52 ©
165 3895 109 41 Jan.
300 3896 69 48 10,
395 3896 116 41 1933;
562 3897 69 41 2c.
657 3898 108 40 Jan.
793 3898 83 48 16;
906 3899 81 39 aff.
1015 3900 110 41 Jan.
1153 3902 81 46 13;
1264 3903 40 39 A
1332 3904 170 49 57949;
1533 3907 53 41 E.
1614 3908 51 40 P.
1695 3908 267 50 Cubberley
1990 3913 95 39 and

153 3951 186 42 Walter
372 3952 182 50 Crosby
587 3953 144 49 Eells,
767 3955 236 41 Stanford
1036 3956 297 52 University,
1370 3960 144 43 Calif.
1586 3963 252 51 (33-2062)
