2582 4453
1313 4125 136 52 1852

374 446 271 66 Fosdick,
677 447 311 62 Raymond
1019 445 225 66 Blaine,
1278 448 173 51 1883-

445 526 249 53 Toward
725 525 189 68 liquor
943 525 250 53 control:
1226 525 76 68 by
1331 524 304 68 Raymond
1668 528 65 49 B.
1765 524 251 54 Fosdick
2046 524 112 52 and
2189 524 205 52 Albert

375 604 65 55 L.
479 605 190 66 Scott;
709 603 142 54 with
888 624 31 33 a
956 604 290 53 foreword
1281 603 75 68 by
1392 604 158 52 John
1585 605 74 52 D.
1694 602 382 67 Rockefeller,
2111 603 71 68 jr.
2254 603 140 52 New

376 684 164 53 York
567 683 113 52 and
707 683 261 67 London,
993 684 235 67 Harper
1256 684 51 51 &
1334 682 280 69 brothers,
1645 684 152 51 1933.

440 756 679 51 xvi p., 1 l, 220 p. 20 cm .
438 815 164 40 “First
635 814 229 41 edition.”

445 874 250 40 “Selected
730 871 369 48 bibliography”:
1167 883 42 36 p.
1246 870 220 41 203-211.

375 927 1938 52 © Nov. 10, 1933; 2c. Nov. 10; aff. Nov. 14; A 67102; Harper & bros.
452 988 284 49 (33-32035)

376 1078 219 67 Frank,
625 1079 209 55 Waldo
860 1077 214 69 David,
1105 1080 176 52 1889-

446 1156 270 54 America
748 1157 275 68 hispana;
1056 1146 82 63 bn
1171 1161 217 49 retrato
1421 1176 37 49 y
1491 1176 114 34 una
1637 1156 378 69 perspectiva,
2050 1176 106 50 por
2186 1158 210 55 Waldo

375 1236 228 68 Frank;
643 1235 307 55 traducido
989 1236 92 54 del
1118 1236 186 69 inglés
1341 1255 105 50 por
1484 1236 158 54 León
1679 1235 217 71 Felipe.
1973 1236 236 54 Madrid
2270 1241 122 63 [etc.]

377 1315 453 71 Espasa-Calpe,
857 1337 41 33 s.
928 1335 66 49 a.,
1025 1318 151 51 1932.

442 1392 97 47 xvi,
569 1391 88 41 285
685 1402 42 38 p.
787 1390 55 40 22
847 1393 43 21 cm
897 1423 7 8 .

713 1447 331 41 CONTENTS.—Preludio:
1089 1449 58 38 El
1190 1444 349 43 canal.—libro
1582 1445 42 42 1.
1665 1447 237 41 Retrato:
1945 1447 94 40 Los
2080 1446 177 41 Andes.
2329 1447 70 41 La

373 1517 193 37 pampa.
619 1508 58 37 El
701 1506 223 40 Pacífico.
979 1506 68 39 La
1073 1507 149 39 selva.
1278 1507 57 37 El
1361 1514 105 31 mar
1492 1506 202 41 central.
1753 1505 99 41 San
1869 1504 187 41 Martin
2074 1516 30 38 y
374 1504 2027 101 Bolivar.—libro
538 1563 42 41 2.
616 1563 344 49 Perspectiva:
998 1564 58 38 El
1094 1564 179 40 mundo
1310 1563 252 41 atlántico.
1629 1563 68 40 La
1735 1563 224 41 creación
1995 1565 58 38 de
2089 1566 48 38 la
2174 1562 225 42 América

370 1620 620 50 hispana.—Bibliografía
1020 1622 229 46 personal
1290 1622 66 48 (p.
1404 1619 251 52 [277]-285)

375 1675 2022 53 © Nov. 18, 1932; 1c. Apr. 21, 1933; A-Foreign 21164; Espasa-Calpe,
445 1748 34 30 s.
507 1748 41 29 a.
621 1736 253 49 (33-5229)

373 1827 412 53 Freemasons.
861 1828 448 67 Pennsylvania.
1388 1829 203 53 Grand
1627 1829 185 67 lodge.

444 1904 386 69 Proceedings
877 1905 63 52 of
985 1906 96 53 the
1128 1906 160 68 right
1334 1907 351 68 worshipful
1729 1907 203 55 Grand
1979 1909 170 67 lodge
2193 1908 64 53 of
2301 1909 96 51 the

371 1992 148 46 most
560 1984 228 54 ancient
828 1986 113 52 and
981 1985 313 53 honorable
1332 1985 317 70 fraternity
1689 1986 64 54 of
1794 1989 145 51 Free
1976 1988 113 52 and
2130 1987 267 68 accepted

371 2081 228 37 masons
640 2063 65 55 of
743 2063 449 70 Pennsylvania,
1233 2065 115 53 and
1389 2065 254 56 masonic
1684 2064 371 70 jurisdiction
2095 2066 303 54 thereunto

373 2142 313 71 belonging
718 2149 60 48 at
809 2144 97 53 the
939 2144 395 69 bi-centenary
1368 2145 376 67 anniversary
1776 2145 347 55 celebration
2155 2145 60 52 in
373 2164 2000 111 commemoration
792 2222 65 55 of
898 2229 113 48 two
1053 2223 266 53 hundred
1359 2242 165 50 years
1567 2224 63 53 of
1672 2224 395 69 freemasonry
2107 2226 62 51 in
373 2226 2000 144 Pennsylvania
673 2302 133 53 held
843 2303 60 52 in
938 2303 98 52 the
1069 2303 254 55 masonic
1359 2304 228 67 temple,
1624 2303 60 52 in
1718 2304 97 52 the
1851 2303 118 66 city
2005 2303 63 54 of
375 2302 1999 148 Philadelphia
549 2399 73 34 on
657 2380 276 69 Monday,
971 2380 247 55 October
1255 2380 96 52 the
1385 2380 249 68 twelfth,
1671 2399 51 34 a.
1759 2400 47 33 d.
1847 2383 261 50 1931—a.
2145 2400 49 34 l.
2232 2384 164 65 5931;

373 2462 263 67 together
689 2462 142 51 with
885 2467 267 48 accounts
1205 2461 64 54 of
1320 2462 96 51 the
1469 2461 275 68 religious
1796 2461 240 54 services
2088 2468 59 47 at
2200 2460 196 56 Christ

373 2540 230 68 church,
636 2559 71 35 on
743 2540 257 68 Sunday,
1033 2540 248 55 October
1313 2541 96 52 the
1442 2540 289 67 eleventh;
1764 2542 97 51 the
1893 2541 500 53 commemoration

373 2618 251 69 meeting
660 2625 59 48 at
752 2620 96 52 the
885 2619 254 56 Scottish
1175 2619 109 53 rite
1317 2619 315 67 cathedral,
1667 2619 271 53 followed
1973 2619 75 68 by
2083 2639 31 33 a
2147 2619 250 68 banquet

375 2699 113 52 and
534 2699 154 55 table
734 2699 169 67 lodge
950 2717 74 34 on
1069 2698 284 68 Tuesday,
1401 2698 247 56 October
1695 2699 98 52 the
1837 2697 318 54 thirteenth
2206 2698 111 53 and
2366 2717 30 34 a

374 2776 135 54 visit
552 2783 59 47 to
654 2778 95 53 the
790 2777 254 55 masonic
1085 2776 196 53 homes
1324 2783 58 46 at
1426 2777 481 66 Elizabethtown,
1950 2776 447 68 Pennsylvania,

372 2875 73 34 on
480 2855 383 69 Wednesday,
900 2854 247 55 October
1183 2854 95 53 the
1317 2853 331 54 fourteenth
1725 2898 9 9 A.
1810 2899 9 8 D.
1861 2856 260 51 1931—A.
2196 2898 10 10 L.
2247 2857 151 51 5931.

373 2935 1675 70 Philadelphia, Grand lodge of Pennsylvania [ c 1933]
449 3009 104 49 xiii,
581 3010 87 40 226
694 3021 41 38 p.
797 3008 165 48 front.,
992 3010 172 47 plates,
1193 3011 164 46 ports.,
1384 3007 219 42 facsims.
1663 3008 56 40 25
1722 3010 44 21 cm
1773 3040 9 8 .

451 3067 229 41 Lettered
720 3077 60 30 on
821 3078 169 29 cover:
1033 3066 346 46 Bi-centenary
1419 3065 323 47 anniversary
1782 3064 297 41 celebration
2120 3064 276 42 1731-1931.

383 3126 254 39 Memorial
669 3127 203 37 volume.
938 3124 167 41 Grand
1136 3125 139 46 lodge
1306 3123 52 41 F.
1387 3123 37 40 &
1453 3123 53 38 A.
1538 3123 62 39 M.
1631 3121 378 48 Pennsylvania.

377 3179 52 53 ©
471 3184 128 47 Sept.
638 3184 70 40 21.
748 3182 113 41 1933;
930 3183 66 39 2c.
1041 3181 128 49 Sept.
1209 3182 83 40 25;
1335 3180 80 41 aff.
1461 3181 129 47 Sept.
1629 3181 83 46 23;
1754 3181 42 38 A
1834 3179 172 47 65361;
2051 3179 166 39 Grand
2257 3179 139 47 lodge

445 3240 51 41 F.
530 3242 36 40 &
598 3242 53 39 A.
686 3243 60 37 M.
782 3241 52 38 of
866 3239 378 48 Pennsylvania,
1279 3237 359 49 Philadelphia.
1711 3237 282 49 (33-29154)

374 3331 328 66 Gebhardt,
727 3331 167 58 Karl.

445 3405 1892 72 Der bandschaden des kniegelenks, von dr. Karl Gebhardt …
374 3488 107 54 mit
526 3491 66 49 21
639 3488 391 68 abbildungen
1073 3488 119 52 und
1240 3491 27 49 1
1314 3487 207 53 tabelle
1566 3487 78 52 im
1689 3491 138 48 text.
1920 3484 261 69 Leipzig,
2224 3483 57 55 J.
2324 3482 70 53 A.

375 3567 205 66 Barth,
614 3569 151 51 1933.

445 3640 57 39 59
567 3670 8 8 p.
638 3638 129 42 illus.
827 3638 55 42 23½
917 3642 15 21 cm
967 3671 9 8 .

445 3695 356 42 “Schrifttum”:
863 3707 45 38 p.
944 3694 193 52 [57]-59.

378 3747 2017 56 © Feb. 28, 1933; 1c. Aug. 5; A-Foreign 21877; Johann Ambrosius
442 3813 173 40 Barth.
687 3812 282 48 (33-31451)

375 3889 179 64 Gray,
588 3888 310 55 Elizabeth
929 3889 200 55 Janet.

442 3966 148 53 Jane
642 3965 187 68 Hope,
881 3966 76 68 by
1010 3966 300 52 Elizabeth
1367 3966 176 53 Janet
1593 3964 177 69 Gray.
1847 3964 139 52 New
2040 3962 180 68 York,
2271 3962 121 54 The

375 4044 220 69 Viking
626 4063 173 50 press,
832 4047 152 51 1933.
