2582 4453
1360 4139 102 50 556

394 450 347 64 Buckstein,
773 454 201 63 Jacob,
1010 457 172 51 1890-

532 543 1849 72 … Peptic ulcer <clinical Roentgenology, with case histories>
396 625 161 54 three
590 625 265 55 hundred
892 626 113 52 and
1041 624 350 69 thirty-four
1428 624 430 70 Roentgen-ray
1895 623 214 56 studies
2148 626 112 52 and
398 645 1993 127 seventy-seven

753 702 1663 71 clinical illustrations, by Jacob Buckstein … 2d ed.,
399 802 113 35 rev.
541 783 114 54 and
683 784 107 52 enl.
866 782 141 52 New
1035 781 182 69 York,
1242 783 65 52 P.
1336 783 68 52 B.
1431 780 247 71 Hoeber,
1705 782 127 69 inc.,
1860 784 151 51 1933.

469 869 1897 51 xxvii, 417 p. illus. 27 cm . (Added t.-p.: Annals of Roentgenology …
399 927 752 52 ed. by J. T. Case … v. 10)
472 1000 142 42 Brief
639 1000 152 41 series
817 998 111 43 title
952 1002 53 39 at
1029 1000 126 41 head
1182 1000 52 41 of
1260 1001 99 48 t.-p.

473 1056 381 43 “References”:
887 1068 44 38 p.
963 1057 221 42 407-417.

403 1127 2016 54 © Apr. 11, 1933; 2c. Apr. 14; aff. Apr. 15; A 61371; Paul B. Hoeber. inc.
483 1188 283 49 (33-
2207 1187 122 44 10697)

400 1293 348 56 California.
825 1293 411 55 Constitution.

474 1382 392 58 Constitution
918 1384 63 54 of
1030 1384 96 54 the
1177 1388 144 49 state
1373 1384 64 53 of
1492 1383 343 69 California,
1885 1385 326 68 annotated,
2266 1388 153 65 1933,

401 1463 281 69 compiled
712 1462 76 69 by
818 1462 148 52 Paul
994 1462 218 53 Mason.
1289 1461 314 55 Published
1633 1462 76 68 by
1739 1460 278 56 direction
2048 1463 63 52 of
2140 1463 96 53 the
403 1462 1992 133 California
636 1540 377 70 Legislature,
1050 1540 218 68 Joseph

1305 1540 72 54 A.
1418 1540 172 69 Beek,
1628 1548 282 62 secretary
1947 1541 64 53 of
2048 1541 95 55 the
2181 1540 236 68 Senate;

404 1619 226 55 Arthur
680 1619 70 52 A.
803 1617 302 69 Ohnimus,
1152 1617 153 55 chief
1355 1618 155 55 clerk
1557 1618 64 53 of
1668 1619 96 54 the
1810 1619 317 69 Assembly.
402 1618 1994 148 Sacramento,
662 1696 326 56 California
1035 1701 147 50 state
1228 1694 266 71 printing
1540 1694 166 72 office,
1753 1697 76 53 H.
1880 1697 351 71 Hammond,
2277 1703 144 50 state

404 1773 241 71 printer,
679 1778 152 52 1933.

472 1860 124 50 xliii,
628 1861 115 42 2301
777 1872 44 38 p.
881 1861 56 41 23
941 1864 45 22 cm
990 1894 9 8 .

475 1934 228 40 Includes
744 1934 237 49 complete
1023 1934 158 41 tables
1222 1934 53 41 of
1315 1935 336 40 amendments
1693 1937 239 46 proposed
1973 1938 49 39 to
2064 1937 83 40 the
404 1937 1997 104 constitution,

566 1991 276 43 California
885 1991 322 41 constitution
1250 1992 52 40 of
1344 1991 129 49 1849,
1518 1993 83 39 the
1644 1992 334 42 Constitution
2019 1994 52 40 of
2113 1995 82 40 the
2238 1994 180 42 United

406 2049 164 43 States
613 2050 96 41 and
751 2049 142 41 other
935 2049 269 49 important
1250 2048 254 42 historical
1548 2048 218 50 political
1813 2051 297 43 documents,
2172 2052 63 50 cf.
402 2052 2000 97 Foreword.

407 2179 53 54 ©
487 2185 115 47 Apr.
629 2183 69 47 10,
726 2182 114 41 1933;
897 2183 68 40 2c.
992 2182 114 48 Apr.
1134 2181 60 41 20;
1248 2181 83 41 aff.
1359 2182 115 47 Apr.
1502 2181 58 40 18;
1614 2182 41 38 A
1682 2180 145 41 62234;
1885 2182 124 39 Paul
2038 2183 185 47 Mason,
475 2182 1929 108 Sacramento,
681 2240 146 42 Calif.
898 2239 283 49 (33-10554)

403 2341 382 68 Callaghan’s
831 2343 252 53 Indiana
1131 2342 206 71 digest,
1384 2344 278 67 complete
1709 2343 155 52 from
1914 2348 27 48 1
1991 2344 321 55 Blackford
2361 2350 59 47 to

473 2425 103 51 202
614 2422 252 55 Indiana
904 2424 113 52 and
1057 2423 155 52 from
1251 2426 28 48 1
1317 2428 58 49 to
1414 2425 67 49 92
1519 2422 251 53 Indiana
1809 2423 331 68 Appellate,
2179 2425 117 52 also
474 2425 1922 147 including
744 2502 252 53 Indiana
1025 2504 111 51 law
1168 2503 204 68 passed

1406 2519 156 52 upon
1593 2502 75 67 by
1698 2503 97 52 the
1827 2503 223 53 federal
2083 2509 190 48 courts
2306 2505 113 52 and

474 2582 97 55 the
600 2581 277 69 Supreme
902 2587 163 48 court
1091 2582 64 52 of
1180 2582 96 53 the
1301 2580 220 57 United
1551 2581 208 68 States,
1784 2582 75 69 by
1886 2584 160 54 Jesse
2074 2584 62 55 C.
2159 2584 262 67 Weaver,

473 2660 1910 150 under the supervision of Basil Jones … v. 7. [Executors-House] Chicago, Callaghan and company, 1933.
476 2829 541 48 1 p. l., 654 p. 26 cm .
411 2898 52 55 ©
495 2904 115 47 May
639 2901 40 50 9,
710 2900 142 49 1933;
885 2900 69 42 2c.
985 2902 115 48 May
1130 2900 82 48 11;
1247 2899 83 43 aff.
1362 2901 114 48 May
1506 2899 83 48 12;
1623 2900 43 40 A
1696 2900 171 50 62616;
1902 2900 271 52 Callaghan
2205 2904 37 41 &
2271 2914 69 32 co.

407 3005 341 68 Chauveau,
777 3005 275 66 Léopold,
1085 3006 171 55 1870-

407 3078 1989 152 … Histoires du petit père Renaud. Illustrations de l’auteur. Paris, Denoël et Steele [1932]
408 3247 2019 110 2 p. l., [9]-252 p., 1 l. incl. illus., plates. 20cm. ( Lettered on cover: La bibliothèque merveilleuse)
409 3374 2015 65 © July 25, 1932; 1c. Dec. 5; A- Foreign 18855; Éditions Denoël &
483 3447 172 41 Steele.
725 3444 281 50 (33-10807)

407 3550 227 66 Chubb,
662 3553 141 52 Mrs.
835 3549 184 55 Edith
1046 3548 165 57 Taft.

478 3631 197 53 How’s
710 3647 146 50 your
893 3633 134 50 1933
1066 3626 375 58 Culbertson?
1522 3627 95 52 An
1650 3644 133 49 easy
1818 3644 126 49 way
1980 3630 58 47 to
2074 3624 184 53 better
409 3641 1989 137 contract,

609 3709 77 69 by
718 3708 184 55 Edith
935 3707 146 55 Taft
1117 3706 203 58 Chubb
1353 3707 114 53 and
1501 3707 291 52 Laurence
1828 3706 67 52 B.
1929 3702 279 58 Johnson.
2283 3702 139 52 New

409 3789 181 67 York,
620 3790 123 53 The
774 3786 219 70 Bridge
1023 3788 200 66 world,
1255 3790 151 51 1933.

481 3876 86 41 128
600 3886 42 38 p.
674 3873 111 42 incl.
817 3874 169 41 forms.
1047 3874 56 39 21
1106 3876 44 22 cm
1155 3906 10 9 .

483 3946 162 41 “First
676 3945 434 49 printing—April,
1141 3943 159 42 1933.”

414 4013 52 54 ©
497 4019 114 48 Apr.
640 4017 71 48 20,
742 4016 113 43 1933;
915 4017 69 41 2c.
1014 4018 114 42 Apr.
1157 4016 59 40 22;
1275 4015 83 42 aff.
1389 4016 115 44 Apr.
1532 4014 55 40 21;
1648 4015 40 39 A
1719 4011 142 42 62241;
1924 4010 179 50 Bridge
2135 4008 166 46 world,
2334 4008 89 41 inc.

491 4075 284 49 (33-10530)
