2484 4405
1066 4077 134 54 1587

132 434 245 63 Burnet,
406 421 270 66 Étienne.

262 502 1866 75 … Prophylaxie de la tuberculose; applications en Europe.
131 586 183 67 Paris,
343 585 229 54 Masson
604 588 54 50 et
688 604 27 34 c
718 584 34 28 ie
757 627 11 24 ,
801 587 151 51 1933.

200 660 99 47 375,
341 660 53 50 [1]
435 671 43 36 p.
516 659 110 40 incl.
663 658 128 41 illus.
831 659 169 45 tables,
1037 658 180 47 diagrs.
1278 658 55 39 25
1336 659 42 21 cm
1385 689 8 8 .
1465 656 363 50 (Bibliothèque
1866 659 57 38 de
135 653 1978 115 phtisiologie)

135 783 1749 55 © July 8, 1933; 1c. Sept. 21; A- Foreign 22159; Masson & cie.
212 843 278 52 (33-33706)

133 948 355 66 Cassagnac,
520 949 144 53 Paul
697 949 87 63 de,
820 951 170 50 1881-

264 1022 1866 75 … Napoléon, pacifiste. Préface du prince Murat. Paris,
134 1106 106 53 Les
269 1093 267 66 Éditions
565 1106 68 52 de
662 1107 235 62 France,
927 1111 17 21 c
950 1108 148 50 1933.

205 1175 984 55 4 p. l.. xxiii p.. 1 l.. 396 p., 1 l. 20 cm .
133 1229 1917 67 © July 1, 1933; 1c. Sept. 13; A- Foreign 22068; Éditions de France.
212 1300 278 50 (33-33887)

134 1405 374 66 Chesterton,
547 1404 226 55 Gilbert
808 1403 201 57 Keith.

207 1481 217 56 Should
454 1502 82 34 we
562 1484 65 52 be
654 1481 286 70 governed
967 1483 75 68 by
1068 1483 382 52 intellectuals
1465 1483 19 52 ?

209 1557 82 49 (In
319 1552 182 45 Nash’s
532 1554 107 42 Pall
667 1553 118 42 mall
816 1552 276 53 magazine,
1121 1551 141 50 Nov.,
1294 1553 143 49 1933)

135 1623 1982 111 © 1c. Dec. 13, 1933; A ad int. 18483; pubd. Oct. 18, 1933; G. K. Chesterton, London.
134 1788 175 63 Codd,
338 1789 173 62 Mary
538 1789 275 54 Frances.

203 1862 223 57 Sisters’
457 1863 272 68 children,
758 1863 74 68 by
860 1862 169 69 Mary
1059 1863 64 51 F.
1155 1862 180 55 Codd.
1402 1863 255 66 London,
1688 1860 360 55 Hutchinson
2080 1867 49 50 &

133 1961 96 45 co.,
262 1941 101 55 ltd.
426 1944 151 65 [1933]

200 2011 610 52 2 p. l. , 9-286 p. 19 cm .
137 2083 2001 56 © 1c. Nov. 4, 1933: A ad int. 18313; pubd. Sept. 8; M. F. Codd, London.
214 2143 280 50 (33-33948)

135 2245 259 66 Coester,
427 2247 211 54 Alfred
669 2248 227 64 Lester,
932 2246 173 55 1874-

202 2322 56 52 A
288 2321 276 56 tentative
595 2323 410 70 bibliography
1037 2323 65 53 of
1134 2325 96 52 the
1261 2324 394 55 belles-lettres
1688 2325 63 53 of
1784 2327 95 52 the
131 2322 1978 135 Argentine
282 2399 273 71 republic,

134 2399 1976 150 by Alfred Coester … Cambridge, Mass., Harvard university press, 1933.
202 2551 63 49 xi,
318 2550 57 43 94
426 2562 44 38 p.
529 2551 146 41 23½cm.
746 2552 296 51 (Half-title:
1096 2552 390 50 Bibliographies
1539 2554 52 42 of
1648 2554 482 49 Spanish-American

134 2608 254 42 literature
399 2609 14 48 )

204 2664 290 42 “Published
526 2665 64 46 by
617 2666 82 40 the
730 2666 231 42 Harvard
994 2666 188 40 council
1214 2678 61 29 on
1308 2667 499 49 Hispano-American
1843 2670 273 41 studies.”—

135 2719 128 43 Pref.
290 2721 53 41 of
370 2723 82 41 the
479 2723 224 39 director.

206 2776 447 51 “Bibliographies”:
710 2788 46 38 p.
789 2778 86 51 [73]

138 2845 53 51 ©
216 2849 118 40 Nov.
362 2851 40 45 4,
429 2849 114 41 1933;
600 2850 67 39 2c.
694 2850 120 41 Nov.
842 2848 59 41 16;
955 2850 81 41 aff.
1066 2851 120 40 Nov.
1216 2852 53 40 13;
1329 2852 41 38 A
1397 2852 144 41 67147;
1598 2855 256 40 President
1882 2856 37 40 &
1946 2856 191 42 fellows

208 2905 53 40 of
281 2905 230 42 Harvard
533 2908 192 46 college,
751 2905 301 51 Cambridge,
1079 2908 147 40 Mass.
1290 2908 280 51 (33-33724)

138 3007 150 65 Cole,
319 3009 226 64 George
574 3006 263 65 Douglas
863 3010 277 64 Howard,
1170 3013 172 50 1889-

207 3084 120 52 The
367 3082 169 53 affair
576 3090 55 47 at
671 3083 241 68 Aliquid
958 3085 108 69 [by]
1115 3085 67 55 G.
1224 3086 72 57 D.
1337 3088 75 52 H.
1452 3090 45 50 &
1536 3087 78 55 M.
1659 3090 148 54 Cole.
1879 3092 254 68 London,

139 3161 139 54 Pub.
319 3160 93 55 for
448 3162 95 53 the
584 3161 187 56 Crime
810 3162 144 69 club,
991 3163 123 68 ltd.,
1152 3164 74 69 by
1262 3164 89 53 W.
1394 3165 217 57 Collins
1647 3187 128 35 sons
1811 3170 45 51 &
1893 3189 96 49 co.,
2027 3171 102 54 ltd.

142 3242 170 65 [1933]

204 3309 86 41 285
318 3321 42 38 p.
418 3309 53 41 19
474 3313 45 22 cm
525 3343 8 7 .

139 3366 1998 59 © 1c. Oct. 31, 1933; A ad int. 18311; pubd. Sept. 4; G. D. H. Cole and
208 3428 246 47 Margaret
487 3428 159 39 Isabel
678 3427 126 48 Cole,
835 3427 212 42 London.
1120 3430 280 48 (33-33690)

140 3528 301 56 Columbia
469 3529 421 65 broadcasting
916 3534 250 62 system.

205 3605 254 55 Vertical
487 3608 171 66 study
686 3606 64 52 of
777 3606 162 54 radio
969 3608 352 69 ownership;
1354 3630 72 34 an
1456 3613 266 70 analysis,
1751 3616 75 68 by
1855 3619 282 55 economic

139 3683 184 68 levels,
360 3683 64 54 of
459 3684 161 54 radio
655 3685 191 53 homes
881 3686 60 52 in
977 3685 96 53 the
1110 3686 217 54 United
1366 3688 205 71 States,
1606 3693 170 55 based
1814 3715 72 33 on
1922 3716 30 33 a
141 3714 1970 118 complete
324 3762 497 55 cross-tabulation
858 3762 64 53 of
960 3762 308 69 13,753,073
1307 3767 72 54 U.
1421 3768 57 55 S.
1518 3768 208 73 family
1761 3778 244 66 records,
2044 3776 94 56 for

140 3840 92 53 the
272 3840 296 56 Columbia
607 3841 405 69 broadcasting
1049 3848 208 62 system
1294 3844 75 69 by
1408 3846 97 54 the
1541 3849 216 56 United
1800 3852 189 57 States
142 3854 1970 135 Department
470 3918 65 53 of
577 3936 323 50 commerce,
946 3920 228 53 Bureau
1219 3921 64 53 of
1325 3924 96 53 the
1464 3942 211 41 census.
1774 3930 139 55 [New
1959 3935 179 68 York,

140 4003 16 22 c
162 3999 132 52 1933]
