<alto xmlns="http://www.loc.gov/standards/alto/ns-v3#" xmlns:xsi="http://www.w3.org/2001/XMLSchema-instance" xsi:schemaLocation="http://www.loc.gov/standards/alto/ns-v3# http://www.loc.gov/alto/v3/alto-3-0.xsd"><Description>
<MeasurementUnit>pixel</MeasurementUnit>
<sourceImageInformation>
<fileName>1933_v1_Part1.pdf</fileName>
</sourceImageInformation>
<OCRProcessing ID="IdOcr">
<ocrProcessingStep>
<processingDateTime>2019-01-03</processingDateTime>
<processingSoftware>
<softwareCreator>ABBYY</softwareCreator>
<softwareName>ABBYY Recognition Server</softwareName>
<softwareVersion>4.0</softwareVersion>
</processingSoftware>
</ocrProcessingStep>
</OCRProcessing>
</Description>
<Styles>
<ParagraphStyle ALIGN="Left" FIRSTLINE="0." ID="StyleId-FFFFFFFF-FFFF-FFFF-FFFF-FFFFFFFFFFFF-" LEFT="0." RIGHT="0." />
<ParagraphStyle ALIGN="Left" FIRSTLINE="0." ID="StyleId-6EF5737A-DCEB-4126-A0CF-C5930BF7166A-" LEFT="0." LINESPACE="8.300000191" RIGHT="0." />
<ParagraphStyle ALIGN="Left" FIRSTLINE="0." ID="StyleId-2DE44258-FD0B-41E1-B542-087C989B01A3-" LEFT="0." LINESPACE="12.19999981" RIGHT="0." />
<ParagraphStyle ALIGN="Left" FIRSTLINE="-14." ID="StyleId-CE3D254A-29D7-4DD7-B5F1-E0FC0EF29B05-" LEFT="0." LINESPACE="8.619999886" RIGHT="0." />
<ParagraphStyle ALIGN="Left" FIRSTLINE="-14." ID="StyleId-C0E3A137-CE4F-4287-8A90-B599106709D0-" LEFT="0." LINESPACE="12.19999981" RIGHT="0." />
<ParagraphStyle ALIGN="Left" FIRSTLINE="-14." ID="StyleId-50F26F0C-05DA-4C19-BA58-7A6AC4499BEE-" LEFT="0." LINESPACE="11.06999969" RIGHT="0." />
<ParagraphStyle ALIGN="Center" FIRSTLINE="0." ID="StyleId-5DDE65AF-512C-41E2-9B8E-095D6D99EF68-" LEFT="0." LINESPACE="11.89999962" RIGHT="0." />
<ParagraphStyle ALIGN="Left" FIRSTLINE="0." ID="StyleId-0A81D7A5-6A62-4C52-915E-7768974C704D-" LEFT="0." LINESPACE="9.399999619" RIGHT="0." />
<ParagraphStyle ALIGN="Block" FIRSTLINE="-13." ID="StyleId-F7A0127F-6B48-4157-BB81-FE33E1E1A05B-" LEFT="0." LINESPACE="10.63000011" RIGHT="0." />
<ParagraphStyle ALIGN="Left" FIRSTLINE="0." ID="StyleId-E18C69F7-DBD7-48B1-805C-FCD96D0DA019-" LEFT="0." LINESPACE="11.64000034" RIGHT="0." />
<ParagraphStyle ALIGN="Left" FIRSTLINE="-14." ID="StyleId-98F15501-B611-4E83-8BB3-807E891F11F5-" LEFT="0." LINESPACE="12.19999981" RIGHT="0." />
<ParagraphStyle ALIGN="Left" FIRSTLINE="0." ID="StyleId-F4A78626-0BBC-4D12-94D9-A1AE75A9855F-" LEFT="0." LINESPACE="9.399999619" RIGHT="0." />
<ParagraphStyle ALIGN="Left" FIRSTLINE="0." ID="StyleId-6A3F6F4C-D21B-4ADE-902F-7683F18ECEF3-" LEFT="0." LINESPACE="11.10000038" RIGHT="0." />
</Styles>
<Layout>
<Page HEIGHT="4405" ID="Page115" PHYSICAL_IMG_NR="115" WIDTH="2575">
<TopMargin HEIGHT="422" HPOS="0" VPOS="0" WIDTH="2575">
</TopMargin>
<LeftMargin HEIGHT="3718" HPOS="0" VPOS="422" WIDTH="116">
</LeftMargin>
<RightMargin HEIGHT="3718" HPOS="2152" VPOS="422" WIDTH="423">
</RightMargin>
<BottomMargin HEIGHT="265" HPOS="0" VPOS="4140" WIDTH="2575">
</BottomMargin>
<PrintSpace HEIGHT="3718" HPOS="116" VPOS="422" WIDTH="2036">
<TextBlock HEIGHT="70" HPOS="1080" ID="Page115_Block1" LANG="en-US" STYLEREFS="StyleId-665F4E18-F640-4E29-ADF1-7AC7999064AA-" VPOS="4070" WIDTH="118">
<TextLine HEIGHT="49" HPOS="1090" VPOS="4080" WIDTH="97">
<String CONTENT="115" HEIGHT="49" HPOS="1090" VPOS="4080" WIDTH="97" />
</TextLine>
</TextBlock>
<TextBlock CS="1" HEIGHT="3654" HPOS="116" ID="Page115_Block2" LANG="en-US" STYLEREFS="StyleId-53667BA7-17F9-4712-970A-0CF123E667AB-" VPOS="422" WIDTH="2036">
<TextLine CS="1" HEIGHT="113" HPOS="132" VPOS="500" WIDTH="1949">
<String CONTENT="2" HEIGHT="37" HPOS="201" LANG="de" VPOS="510" WIDTH="25" />
<SP HEIGHT="45" HPOS="227" VPOS="510" WIDTH="39" />
<String CONTENT="p." CS="1" HEIGHT="8" HPOS="301" LANG="de" VPOS="541" WIDTH="7" />
<SP HEIGHT="41" HPOS="309" VPOS="508" WIDTH="39" />
<String CONTENT="l.," CS="1" HEIGHT="14" HPOS="371" LANG="de" VPOS="540" WIDTH="21" />
<SP HEIGHT="46" HPOS="393" VPOS="508" WIDTH="39" />
<String CONTENT="iii," HEIGHT="47" HPOS="433" LANG="de" VPOS="506" WIDTH="69" />
<SP HEIGHT="44" HPOS="503" VPOS="509" WIDTH="40" />
<String CONTENT="82" HEIGHT="40" HPOS="544" LANG="de" VPOS="507" WIDTH="55" />
<SP HEIGHT="47" HPOS="600" VPOS="507" WIDTH="38" />
<String CONTENT="p." HEIGHT="37" HPOS="639" LANG="de" VPOS="517" WIDTH="43" />
<SP HEIGHT="39" HPOS="683" VPOS="506" WIDTH="58" />
<String CONTENT="19" HEIGHT="39" HPOS="742" LANG="de" VPOS="506" WIDTH="54" />
<String CONTENT="&#189;" CS="1" LANG="en-US" />
<String CONTENT="cm" HEIGHT="20" HPOS="830" LANG="de" STYLE="superscript" VPOS="508" WIDTH="44" />
<String CONTENT="." HEIGHT="10" HPOS="879" LANG="de" VPOS="536" WIDTH="9" />
<SP />
<String CONTENT="(" HEIGHT="48" HPOS="962" LANG="de" VPOS="504" WIDTH="14" />
<String CONTENT="Half-title" HEIGHT="49" HPOS="985" LANG="en-US" VPOS="503" WIDTH="253" />
<String CONTENT=":" HEIGHT="29" HPOS="1246" LANG="de" VPOS="515" WIDTH="15" />
<SP HEIGHT="41" HPOS="1262" VPOS="503" WIDTH="38" />
<String CONTENT="Collection" HEIGHT="42" HPOS="1301" LANG="de" VPOS="502" WIDTH="264" />
<SP HEIGHT="42" HPOS="1566" VPOS="501" WIDTH="41" />
<String CONTENT="&#8220;Hygiene" HEIGHT="48" HPOS="1608" LANG="de" VPOS="500" WIDTH="247" />
<SP HEIGHT="29" HPOS="1856" VPOS="510" WIDTH="38" />
<String CONTENT="et" HEIGHT="38" HPOS="1895" LANG="de" VPOS="501" WIDTH="47" />
<SP HEIGHT="38" HPOS="1943" VPOS="501" WIDTH="40" />
<String CONTENT="di" CS="1" HEIGHT="38" HPOS="2017" LANG="de" VPOS="500" WIDTH="15" />
<String CONTENT="&#233;" CS="1" LANG="en-US" />
<String CONTENT="t" HEIGHT="37" HPOS="2065" LANG="de" VPOS="502" WIDTH="16" />
<String CONTENT="&#233;" CS="1" LANG="en-US" />
<String CONTENT="tique&#8221;)" HEIGHT="49" HPOS="132" LANG="de" VPOS="564" WIDTH="184" />
</TextLine>
<TextLine CS="1" HEIGHT="58" HPOS="134" LANG="de" VPOS="618" WIDTH="1998">
<String CONTENT="&#169;" HEIGHT="52" HPOS="134" VPOS="624" WIDTH="51" />
<SP HEIGHT="52" HPOS="186" VPOS="624" WIDTH="35" />
<String CONTENT="May" HEIGHT="46" HPOS="222" VPOS="629" WIDTH="114" />
<SP HEIGHT="49" HPOS="337" VPOS="626" WIDTH="31" />
<String CONTENT="25," HEIGHT="49" HPOS="369" VPOS="626" WIDTH="69" />
<SP HEIGHT="47" HPOS="439" VPOS="628" WIDTH="35" />
<String CONTENT="1932;" HEIGHT="47" HPOS="475" VPOS="626" WIDTH="140" />
<SP />
<String CONTENT="1c." CS="1" HEIGHT="8" HPOS="712" VPOS="659" WIDTH="9" />
<SP HEIGHT="41" HPOS="722" VPOS="626" WIDTH="34" />
<String CONTENT="Dec." HEIGHT="39" HPOS="757" LANG="en-US" VPOS="626" WIDTH="114" />
<SP HEIGHT="39" HPOS="872" VPOS="626" WIDTH="33" />
<String CONTENT="29;" HEIGHT="48" HPOS="906" VPOS="624" WIDTH="83" />
<SP HEIGHT="47" HPOS="990" VPOS="625" WIDTH="37" />
<String CONTENT="A" HEIGHT="39" HPOS="1028" LANG="en-US" VPOS="625" WIDTH="41" />
<String CONTENT="-Foreign" HEIGHT="49" HPOS="1070" VPOS="623" WIDTH="268" />
<SP HEIGHT="38" HPOS="1339" VPOS="625" WIDTH="34" />
<String CONTENT="19064;" HEIGHT="47" HPOS="1374" VPOS="623" WIDTH="170" />
<SP HEIGHT="47" HPOS="1545" VPOS="623" WIDTH="40" />
<String CONTENT="Gaston" HEIGHT="40" HPOS="1586" VPOS="623" WIDTH="185" />
<SP HEIGHT="39" HPOS="1772" VPOS="622" WIDTH="35" />
<String CONTENT="Doin" HEIGHT="40" HPOS="1808" VPOS="620" WIDTH="127" />
<SP HEIGHT="40" HPOS="1936" VPOS="620" WIDTH="37" />
<String CONTENT="&amp;" HEIGHT="40" HPOS="1974" VPOS="620" WIDTH="36" />
<SP HEIGHT="40" HPOS="2011" VPOS="620" WIDTH="30" />
<String CONTENT="cie." HEIGHT="42" HPOS="2042" VPOS="618" WIDTH="90" />
</TextLine>
<TextLine HEIGHT="48" HPOS="210" LANG="de" VPOS="684" WIDTH="249">
<String CONTENT="(33-3686)" HEIGHT="48" HPOS="210" VPOS="684" WIDTH="249" />
</TextLine>
<TextLine HEIGHT="68" HPOS="129" STYLEREFS="StyleId-DE34DE1D-1E71-4494-A6C5-80907D435063-" VPOS="783" WIDTH="1067">
<String CONTENT="Phillips," HEIGHT="65" HPOS="129" LANG="de" VPOS="785" WIDTH="262" />
<SP HEIGHT="62" HPOS="392" VPOS="788" WIDTH="30" />
<String CONTENT="Mrs." HEIGHT="52" HPOS="423" LANG="de" VPOS="788" WIDTH="138" />
<SP HEIGHT="53" HPOS="562" VPOS="787" WIDTH="33" />
<String CONTENT="Catherine" HEIGHT="56" HPOS="596" LANG="de" VPOS="784" WIDTH="320" />
<SP HEIGHT="65" HPOS="917" VPOS="786" WIDTH="35" />
<String CONTENT="(Coffin)" HEIGHT="68" HPOS="953" LANG="en-US" VPOS="783" WIDTH="243" />
</TextLine>
<TextLine HEIGHT="73" HPOS="201" STYLEREFS="StyleId-008C5A21-9A54-4D93-9EB1-A9073A5D1FFD-" VPOS="855" WIDTH="1930">
<String CONTENT="Portsmouth" HEIGHT="52" HPOS="201" LANG="de" VPOS="863" WIDTH="364" />
<SP HEIGHT="65" HPOS="566" VPOS="863" WIDTH="26" />
<String CONTENT="plaza," HEIGHT="68" HPOS="593" VPOS="860" WIDTH="182" />
<SP HEIGHT="61" HPOS="776" VPOS="867" WIDTH="25" />
<String CONTENT="the" HEIGHT="54" HPOS="802" VPOS="861" WIDTH="96" />
<SP HEIGHT="36" HPOS="899" VPOS="879" WIDTH="24" />
<String CONTENT="cradle" HEIGHT="55" HPOS="924" VPOS="859" WIDTH="190" />
<SP HEIGHT="36" HPOS="1115" VPOS="878" WIDTH="23" />
<String CONTENT="of" HEIGHT="52" HPOS="1139" VPOS="859" WIDTH="63" />
<SP HEIGHT="54" HPOS="1203" VPOS="858" WIDTH="25" />
<String CONTENT="San" HEIGHT="54" HPOS="1229" VPOS="858" WIDTH="116" />
<SP HEIGHT="51" HPOS="1346" VPOS="859" WIDTH="26" />
<String CONTENT="Francisco," HEIGHT="66" HPOS="1373" VPOS="858" WIDTH="322" />
<SP HEIGHT="69" HPOS="1696" VPOS="855" WIDTH="23" />
<String CONTENT="by" HEIGHT="69" HPOS="1720" VPOS="855" WIDTH="74" />
<SP HEIGHT="68" HPOS="1795" VPOS="856" WIDTH="29" />
<String CONTENT="Catherine" HEIGHT="54" HPOS="1825" VPOS="856" WIDTH="306" />
</TextLine>
<TextLine CS="1" HEIGHT="73" HPOS="133" STYLEREFS="StyleId-008C5A21-9A54-4D93-9EB1-A9073A5D1FFD-" VPOS="933" WIDTH="1979">
<String CONTENT="Coffin" HEIGHT="56" HPOS="133" VPOS="937" WIDTH="172" />
<SP HEIGHT="52" HPOS="306" VPOS="938" WIDTH="24" />
<String CONTENT="Phillips" HEIGHT="68" HPOS="331" VPOS="938" WIDTH="250" />
<SP HEIGHT="33" HPOS="582" VPOS="958" WIDTH="28" />
<String CONTENT="&#8230;" CS="1" />
<SP HEIGHT="54" HPOS="668" VPOS="937" WIDTH="64" />
<String CONTENT="San" HEIGHT="54" HPOS="733" VPOS="937" WIDTH="118" />
<SP HEIGHT="50" HPOS="852" VPOS="938" WIDTH="25" />
<String CONTENT="Francisco," HEIGHT="67" HPOS="878" VPOS="938" WIDTH="319" />
<SP HEIGHT="69" HPOS="1198" VPOS="936" WIDTH="23" />
<String CONTENT="Printed" HEIGHT="53" HPOS="1222" VPOS="935" WIDTH="240" />
<SP HEIGHT="52" HPOS="1463" VPOS="935" WIDTH="22" />
<String CONTENT="by" HEIGHT="69" HPOS="1486" VPOS="935" WIDTH="75" />
<SP HEIGHT="69" HPOS="1562" VPOS="935" WIDTH="25" />
<String CONTENT="J." HEIGHT="53" HPOS="1588" VPOS="935" WIDTH="54" />
<SP HEIGHT="52" HPOS="1643" VPOS="934" WIDTH="27" />
<String CONTENT="H." HEIGHT="51" HPOS="1671" VPOS="934" WIDTH="75" />
<SP HEIGHT="52" HPOS="1747" VPOS="933" WIDTH="27" />
<String CONTENT="Nash," HEIGHT="67" HPOS="1775" VPOS="933" WIDTH="176" />
<SP HEIGHT="65" HPOS="1952" VPOS="935" WIDTH="25" />
<String CONTENT="1932" HEIGHT="49" HPOS="1978" VPOS="935" WIDTH="134" />
</TextLine>
<TextLine HEIGHT="50" HPOS="199" STYLEREFS="StyleId-008C5A21-9A54-4D93-9EB1-A9073A5D1FFD-" VPOS="1008" WIDTH="1607">
<String CONTENT="xiv," HEIGHT="47" HPOS="199" VPOS="1010" WIDTH="95" />
<SP HEIGHT="46" HPOS="295" VPOS="1011" WIDTH="24" />
<String CONTENT="464" HEIGHT="40" HPOS="320" VPOS="1010" WIDTH="87" />
<SP HEIGHT="47" HPOS="408" VPOS="1011" WIDTH="24" />
<String CONTENT="p." HEIGHT="37" HPOS="433" VPOS="1021" WIDTH="44" />
<SP HEIGHT="40" HPOS="478" VPOS="1010" WIDTH="50" />
<String CONTENT="front.," HEIGHT="48" HPOS="529" VPOS="1010" WIDTH="165" />
<SP HEIGHT="48" HPOS="695" VPOS="1010" WIDTH="25" />
<String CONTENT="illus." HEIGHT="41" HPOS="721" VPOS="1010" WIDTH="130" />
<SP HEIGHT="48" HPOS="852" VPOS="1009" WIDTH="27" />
<String CONTENT="(incl." HEIGHT="48" HPOS="880" VPOS="1009" WIDTH="132" />
<SP HEIGHT="37" HPOS="1013" VPOS="1021" WIDTH="25" />
<String CONTENT="ports.," HEIGHT="47" HPOS="1039" VPOS="1011" WIDTH="164" />
<SP HEIGHT="36" HPOS="1204" VPOS="1021" WIDTH="25" />
<String CONTENT="map," HEIGHT="37" HPOS="1230" VPOS="1019" WIDTH="125" />
<SP HEIGHT="47" HPOS="1356" VPOS="1009" WIDTH="26" />
<String CONTENT="facsims.)" HEIGHT="46" HPOS="1383" VPOS="1008" WIDTH="242" />
<SP HEIGHT="46" HPOS="1626" VPOS="1008" WIDTH="62" />
<String CONTENT="27" HEIGHT="39" HPOS="1689" VPOS="1009" WIDTH="56" />
<String CONTENT="cm" HEIGHT="22" HPOS="1748" STYLE="superscript" VPOS="1009" WIDTH="44" />
<String CONTENT="." HEIGHT="9" HPOS="1797" VPOS="1039" WIDTH="9" />
</TextLine>
<TextLine CS="1" HEIGHT="49" HPOS="197" VPOS="1065" WIDTH="1395">
<String CONTENT="Title" HEIGHT="40" HPOS="197" VPOS="1067" WIDTH="127" />
<SP HEIGHT="30" HPOS="325" VPOS="1077" WIDTH="31" />
<String CONTENT="and" HEIGHT="38" HPOS="357" VPOS="1068" WIDTH="93" />
<SP HEIGHT="39" HPOS="451" VPOS="1067" WIDTH="32" />
<String CONTENT="frontispiece" HEIGHT="49" HPOS="484" VPOS="1065" WIDTH="315" />
<SP HEIGHT="29" HPOS="800" VPOS="1077" WIDTH="32" />
<String CONTENT="within" CS="1" HEIGHT="40" HPOS="833" VPOS="1066" WIDTH="171" />
<SP HEIGHT="28" HPOS="1005" VPOS="1078" WIDTH="33" />
<String CONTENT="ornamental" HEIGHT="40" HPOS="1039" VPOS="1066" WIDTH="306" />
<SP HEIGHT="39" HPOS="1346" VPOS="1066" WIDTH="31" />
<String CONTENT="borders." HEIGHT="39" HPOS="1378" VPOS="1066" WIDTH="214" />
</TextLine>
<TextLine HEIGHT="47" HPOS="201" VPOS="1123" WIDTH="864">
<String CONTENT="&#8220;Erratum&#8221;" HEIGHT="40" HPOS="201" VPOS="1123" WIDTH="288" />
<SP HEIGHT="39" HPOS="490" VPOS="1123" WIDTH="26" />
<String CONTENT="slip" HEIGHT="47" HPOS="517" VPOS="1123" WIDTH="96" />
<SP HEIGHT="47" HPOS="614" VPOS="1123" WIDTH="22" />
<String CONTENT="inserted" HEIGHT="39" HPOS="637" VPOS="1123" WIDTH="216" />
<SP HEIGHT="39" HPOS="854" VPOS="1123" WIDTH="27" />
<String CONTENT="at" HEIGHT="38" HPOS="882" VPOS="1125" WIDTH="52" />
<SP HEIGHT="38" HPOS="935" VPOS="1125" WIDTH="25" />
<String CONTENT="end." HEIGHT="39" HPOS="961" VPOS="1123" WIDTH="104" />
</TextLine>
<TextLine HEIGHT="49" HPOS="199" VPOS="1178" WIDTH="701">
<String CONTENT="Bibliography:" HEIGHT="48" HPOS="199" VPOS="1179" WIDTH="377" />
<SP HEIGHT="37" HPOS="577" VPOS="1190" WIDTH="30" />
<String CONTENT="p." HEIGHT="37" HPOS="608" VPOS="1190" WIDTH="41" />
<SP HEIGHT="39" HPOS="650" VPOS="1180" WIDTH="29" />
<String CONTENT="439-446." HEIGHT="41" HPOS="680" VPOS="1178" WIDTH="220" />
</TextLine>
<TextLine CS="1" HEIGHT="54" HPOS="135" VPOS="1234" WIDTH="1998">
<String CONTENT="&#169;" HEIGHT="52" HPOS="135" VPOS="1236" WIDTH="51" />
<SP HEIGHT="52" HPOS="187" VPOS="1236" WIDTH="31" />
<String CONTENT="Oct." HEIGHT="40" HPOS="219" VPOS="1240" WIDTH="102" />
<SP HEIGHT="39" HPOS="322" VPOS="1241" WIDTH="28" />
<String CONTENT="12." HEIGHT="40" HPOS="351" VPOS="1240" WIDTH="69" />
<SP HEIGHT="40" HPOS="421" VPOS="1240" WIDTH="30" />
<String CONTENT="1932;" HEIGHT="49" HPOS="452" VPOS="1238" WIDTH="140" />
<SP HEIGHT="49" HPOS="593" VPOS="1238" WIDTH="31" />
<String CONTENT="2c." HEIGHT="42" HPOS="625" VPOS="1238" WIDTH="69" />
<SP HEIGHT="41" HPOS="695" VPOS="1239" WIDTH="30" />
<String CONTENT="Feb." HEIGHT="39" HPOS="726" VPOS="1239" WIDTH="112" />
<SP HEIGHT="40" HPOS="839" VPOS="1238" WIDTH="29" />
<String CONTENT="2," HEIGHT="46" HPOS="869" VPOS="1238" WIDTH="40" />
<SP HEIGHT="45" HPOS="910" VPOS="1239" WIDTH="30" />
<String CONTENT="1933;" HEIGHT="47" HPOS="941" VPOS="1237" WIDTH="141" />
<SP />
<String CONTENT="aff." CS="1" />
<SP HEIGHT="38" HPOS="1198" VPOS="1239" WIDTH="33" />
<String CONTENT="Feb." HEIGHT="39" HPOS="1232" VPOS="1238" WIDTH="110" />
<SP HEIGHT="39" HPOS="1343" VPOS="1238" WIDTH="32" />
<String CONTENT="3;" CS="1" HEIGHT="39" HPOS="1376" VPOS="1238" WIDTH="25" />
<SP HEIGHT="43" HPOS="1431" VPOS="1236" WIDTH="32" />
<String CONTENT="A" HEIGHT="39" HPOS="1464" VPOS="1236" WIDTH="41" />
<SP HEIGHT="40" HPOS="1506" VPOS="1236" WIDTH="30" />
<String CONTENT="59266;" HEIGHT="48" HPOS="1537" VPOS="1235" WIDTH="171" />
<SP HEIGHT="47" HPOS="1709" VPOS="1236" WIDTH="35" />
<String CONTENT="C." HEIGHT="41" HPOS="1745" VPOS="1236" WIDTH="50" />
<SP HEIGHT="40" HPOS="1796" VPOS="1236" WIDTH="32" />
<String CONTENT="C," HEIGHT="40" HPOS="1829" VPOS="1236" WIDTH="48" />
<SP HEIGHT="40" HPOS="1878" VPOS="1236" WIDTH="33" />
<String CONTENT="Phillips," HEIGHT="48" HPOS="1912" VPOS="1234" WIDTH="221" />
</TextLine>
<TextLine HEIGHT="49" HPOS="203" VPOS="1295" WIDTH="661">
<String CONTENT="Los" HEIGHT="38" HPOS="203" VPOS="1298" WIDTH="91" />
<SP HEIGHT="39" HPOS="295" VPOS="1297" WIDTH="29" />
<String CONTENT="Angeles." HEIGHT="47" HPOS="325" VPOS="1297" WIDTH="218" />
<SP HEIGHT="48" HPOS="544" VPOS="1295" WIDTH="69" />
<String CONTENT="(33-3182)" HEIGHT="48" HPOS="614" VPOS="1295" WIDTH="250" />
</TextLine>
<TextLine HEIGHT="66" HPOS="132" STYLEREFS="StyleId-DE34DE1D-1E71-4494-A6C5-80907D435063-" VPOS="1397" WIDTH="912">
<String CONTENT="Phillips," HEIGHT="65" HPOS="132" VPOS="1398" WIDTH="262" />
<SP HEIGHT="62" HPOS="395" VPOS="1401" WIDTH="31" />
<String CONTENT="Mrs." HEIGHT="52" HPOS="427" VPOS="1401" WIDTH="138" />
<SP HEIGHT="53" HPOS="566" VPOS="1400" WIDTH="33" />
<String CONTENT="Marie" HEIGHT="54" HPOS="600" VPOS="1397" WIDTH="188" />
<SP HEIGHT="63" HPOS="789" VPOS="1400" WIDTH="37" />
<String CONTENT="(Tello)" HEIGHT="65" HPOS="827" VPOS="1398" WIDTH="217" />
</TextLine>
<TextLine HEIGHT="68" HPOS="203" STYLEREFS="StyleId-008C5A21-9A54-4D93-9EB1-A9073A5D1FFD-" VPOS="1474" WIDTH="1931">
<String CONTENT="The" HEIGHT="51" HPOS="203" VPOS="1475" WIDTH="120" />
<SP HEIGHT="51" HPOS="324" VPOS="1475" WIDTH="34" />
<String CONTENT="honeysuckle" HEIGHT="68" HPOS="359" VPOS="1474" WIDTH="378" />
<SP HEIGHT="35" HPOS="738" VPOS="1493" WIDTH="34" />
<String CONTENT="and" HEIGHT="52" HPOS="773" VPOS="1476" WIDTH="114" />
<SP HEIGHT="52" HPOS="888" VPOS="1476" WIDTH="34" />
<String CONTENT="the" HEIGHT="52" HPOS="923" VPOS="1476" WIDTH="97" />
<SP HEIGHT="34" HPOS="1021" VPOS="1494" WIDTH="32" />
<String CONTENT="rose;" HEIGHT="48" HPOS="1054" VPOS="1493" WIDTH="152" />
<SP HEIGHT="65" HPOS="1207" VPOS="1476" WIDTH="36" />
<String CONTENT="lyrics" HEIGHT="68" HPOS="1244" VPOS="1474" WIDTH="175" />
<SP HEIGHT="33" HPOS="1420" VPOS="1493" WIDTH="20" />
<String CONTENT="-" HEIGHT="6" HPOS="1441" VPOS="1507" WIDTH="18" />
<SP HEIGHT="7" HPOS="1460" VPOS="1506" WIDTH="22" />
<String CONTENT="-" HEIGHT="6" HPOS="1483" VPOS="1506" WIDTH="18" />
<SP HEIGHT="34" HPOS="1502" VPOS="1492" WIDTH="20" />
<String CONTENT="sonnets," HEIGHT="63" HPOS="1523" VPOS="1477" WIDTH="246" />
<SP HEIGHT="64" HPOS="1770" VPOS="1476" WIDTH="35" />
<String CONTENT="1922-1933," HEIGHT="64" HPOS="1806" VPOS="1475" WIDTH="328" />
</TextLine>
<TextLine HEIGHT="69" HPOS="133" STYLEREFS="StyleId-008C5A21-9A54-4D93-9EB1-A9073A5D1FFD-" VPOS="1551" WIDTH="1999">
<String CONTENT="by" HEIGHT="68" HPOS="133" VPOS="1552" WIDTH="73" />
<SP HEIGHT="67" HPOS="207" VPOS="1553" WIDTH="40" />
<String CONTENT="Marie" HEIGHT="53" HPOS="248" VPOS="1552" WIDTH="183" />
<SP HEIGHT="51" HPOS="432" VPOS="1554" WIDTH="43" />
<String CONTENT="Tello" HEIGHT="53" HPOS="476" VPOS="1553" WIDTH="162" />
<SP HEIGHT="53" HPOS="639" VPOS="1553" WIDTH="42" />
<String CONTENT="Phillips." HEIGHT="68" HPOS="682" VPOS="1552" WIDTH="270" />
<SP HEIGHT="34" HPOS="953" VPOS="1586" WIDTH="85" />
<String CONTENT="[Pittsburgh," HEIGHT="68" HPOS="1039" VPOS="1552" WIDTH="380" />
<SP HEIGHT="66" HPOS="1420" VPOS="1553" WIDTH="41" />
<String CONTENT="The" HEIGHT="53" HPOS="1462" VPOS="1551" WIDTH="122" />
<SP HEIGHT="54" HPOS="1585" VPOS="1551" WIDTH="44" />
<String CONTENT="Observer" HEIGHT="54" HPOS="1630" VPOS="1551" WIDTH="282" />
<SP HEIGHT="49" HPOS="1913" VPOS="1569" WIDTH="44" />
<String CONTENT="press," HEIGHT="49" HPOS="1958" VPOS="1569" WIDTH="174" />
</TextLine>
<TextLine HEIGHT="64" HPOS="129" STYLEREFS="StyleId-008C5A21-9A54-4D93-9EB1-A9073A5D1FFD-" VPOS="1635" WIDTH="175">
<String CONTENT="c" HEIGHT="21" HPOS="129" STYLE="superscript" VPOS="1636" WIDTH="17" />
<String CONTENT="1933]" HEIGHT="64" HPOS="152" VPOS="1635" WIDTH="152" />
</TextLine>
<TextLine CS="1" HEIGHT="49" HPOS="206" VPOS="1703" WIDTH="832">
<String CONTENT="6" HEIGHT="41" HPOS="206" VPOS="1703" WIDTH="29" />
<SP />
<String CONTENT="p." CS="1" />
<SP />
<String CONTENT="l.," CS="1" HEIGHT="18" HPOS="365" VPOS="1734" WIDTH="10" />
<SP HEIGHT="48" HPOS="376" VPOS="1704" WIDTH="23" />
<String CONTENT="92" HEIGHT="41" HPOS="400" VPOS="1703" WIDTH="56" />
<SP HEIGHT="49" HPOS="457" VPOS="1703" WIDTH="22" />
<String CONTENT="p.," HEIGHT="38" HPOS="480" VPOS="1714" WIDTH="60" />
<SP HEIGHT="47" HPOS="541" VPOS="1705" WIDTH="25" />
<String CONTENT="1" HEIGHT="38" HPOS="567" VPOS="1705" WIDTH="24" />
<SP HEIGHT="39" HPOS="592" VPOS="1704" WIDTH="23" />
<String CONTENT="l." CS="1" HEIGHT="8" HPOS="638" VPOS="1736" WIDTH="9" />
<SP HEIGHT="39" HPOS="648" VPOS="1705" WIDTH="54" />
<String CONTENT="illus." HEIGHT="41" HPOS="703" VPOS="1704" WIDTH="130" />
<SP HEIGHT="42" HPOS="834" VPOS="1703" WIDTH="57" />
<String CONTENT="23&#189;" CS="1" HEIGHT="40" HPOS="892" VPOS="1703" WIDTH="57" />
<String CONTENT="cm" HEIGHT="21" HPOS="982" STYLE="superscript" VPOS="1706" WIDTH="43" />
<String CONTENT="." HEIGHT="8" HPOS="1029" VPOS="1735" WIDTH="9" />
</TextLine>
<TextLine CS="1" HEIGHT="43" HPOS="207" VPOS="1759" WIDTH="658">
<String CONTENT="&#8220;Errata&#8221;:" HEIGHT="42" HPOS="207" VPOS="1759" WIDTH="266" />
<SP HEIGHT="39" HPOS="474" VPOS="1762" WIDTH="26" />
<String CONTENT="1" CS="1" />
<SP HEIGHT="39" HPOS="526" VPOS="1761" WIDTH="26" />
<String CONTENT="leaf" HEIGHT="41" HPOS="553" VPOS="1761" WIDTH="101" />
<SP HEIGHT="40" HPOS="655" VPOS="1761" WIDTH="24" />
<String CONTENT="at" HEIGHT="38" HPOS="680" VPOS="1763" WIDTH="52" />
<SP HEIGHT="39" HPOS="733" VPOS="1763" WIDTH="25" />
<String CONTENT="end." HEIGHT="40" HPOS="759" VPOS="1762" WIDTH="106" />
</TextLine>
<TextLine CS="1" HEIGHT="52" HPOS="137" VPOS="1820" WIDTH="1999">
<String CONTENT="&#169;" HEIGHT="52" HPOS="137" VPOS="1820" WIDTH="51" />
<SP HEIGHT="52" HPOS="189" VPOS="1820" WIDTH="35" />
<String CONTENT="Jan." HEIGHT="40" HPOS="225" VPOS="1825" WIDTH="109" />
<SP HEIGHT="40" HPOS="335" VPOS="1825" WIDTH="34" />
<String CONTENT="10," HEIGHT="47" HPOS="370" VPOS="1824" WIDTH="69" />
<SP HEIGHT="46" HPOS="440" VPOS="1825" WIDTH="33" />
<String CONTENT="1933;" HEIGHT="48" HPOS="474" VPOS="1823" WIDTH="142" />
<SP HEIGHT="47" HPOS="617" VPOS="1824" WIDTH="35" />
<String CONTENT="2c." HEIGHT="39" HPOS="653" VPOS="1824" WIDTH="69" />
<SP HEIGHT="29" HPOS="723" VPOS="1834" WIDTH="33" />
<String CONTENT="and" HEIGHT="39" HPOS="757" VPOS="1824" WIDTH="97" />
<SP />
<String CONTENT="aff." CS="1" />
<SP HEIGHT="40" HPOS="974" VPOS="1823" WIDTH="35" />
<String CONTENT="Jan." HEIGHT="41" HPOS="1010" VPOS="1823" WIDTH="109" />
<SP HEIGHT="40" HPOS="1120" VPOS="1824" WIDTH="34" />
<String CONTENT="31;" HEIGHT="45" HPOS="1155" VPOS="1824" WIDTH="83" />
<SP HEIGHT="46" HPOS="1239" VPOS="1823" WIDTH="36" />
<String CONTENT="A" HEIGHT="38" HPOS="1276" VPOS="1823" WIDTH="41" />
<SP HEIGHT="40" HPOS="1318" VPOS="1823" WIDTH="33" />
<String CONTENT="60104;" HEIGHT="47" HPOS="1352" VPOS="1823" WIDTH="171" />
<SP HEIGHT="46" HPOS="1524" VPOS="1824" WIDTH="39" />
<String CONTENT="Marie" HEIGHT="40" HPOS="1564" VPOS="1822" WIDTH="156" />
<SP HEIGHT="39" HPOS="1721" VPOS="1823" WIDTH="36" />
<String CONTENT="Tello" HEIGHT="40" HPOS="1758" VPOS="1822" WIDTH="133" />
<SP HEIGHT="38" HPOS="1892" VPOS="1823" WIDTH="36" />
<String CONTENT="Phillips" HEIGHT="51" HPOS="1929" VPOS="1820" WIDTH="207" />
</TextLine>
<TextLine HEIGHT="49" HPOS="204" VPOS="1880" WIDTH="853">
<String CONTENT="Yaegle," HEIGHT="47" HPOS="204" VPOS="1882" WIDTH="191" />
<SP HEIGHT="47" HPOS="396" VPOS="1882" WIDTH="36" />
<String CONTENT="Pittsburgh." HEIGHT="48" HPOS="433" VPOS="1880" WIDTH="300" />
<SP HEIGHT="48" HPOS="734" VPOS="1880" WIDTH="70" />
<String CONTENT="(33-3200)" HEIGHT="49" HPOS="805" VPOS="1880" WIDTH="252" />
</TextLine>
<TextLine HEIGHT="65" HPOS="133" STYLEREFS="StyleId-DE34DE1D-1E71-4494-A6C5-80907D435063-" VPOS="1985" WIDTH="436">
<String CONTENT="Potter," HEIGHT="64" HPOS="133" VPOS="1986" WIDTH="224" />
<SP HEIGHT="65" HPOS="358" VPOS="1985" WIDTH="30" />
<String CONTENT="Lucy." HEIGHT="63" HPOS="389" VPOS="1985" WIDTH="180" />
</TextLine>
<TextLine CS="1" HEIGHT="68" HPOS="204" STYLEREFS="StyleId-008C5A21-9A54-4D93-9EB1-A9073A5D1FFD-" VPOS="2060" WIDTH="1928">
<String CONTENT="Epeneuil" HEIGHT="67" HPOS="204" VPOS="2060" WIDTH="282" />
<SP HEIGHT="51" HPOS="487" VPOS="2062" WIDTH="53" />
<String CONTENT="&#8230;" CS="1" />
<SP HEIGHT="33" HPOS="597" VPOS="2094" WIDTH="60" />
<String CONTENT="[by]" CS="1" HEIGHT="67" HPOS="658" VPOS="2061" WIDTH="92" />
<SP HEIGHT="68" HPOS="769" VPOS="2060" WIDTH="53" />
<String CONTENT="Lucy" HEIGHT="68" HPOS="823" VPOS="2060" WIDTH="159" />
<SP HEIGHT="67" HPOS="983" VPOS="2061" WIDTH="47" />
<String CONTENT="Potter." HEIGHT="53" HPOS="1031" VPOS="2061" WIDTH="217" />
<SP HEIGHT="52" HPOS="1249" VPOS="2061" WIDTH="84" />
<String CONTENT="Kingsport," HEIGHT="67" HPOS="1334" VPOS="2061" WIDTH="343" />
<SP HEIGHT="65" HPOS="1678" VPOS="2062" WIDTH="47" />
<String CONTENT="Tenn.," HEIGHT="64" HPOS="1726" VPOS="2062" WIDTH="197" />
<SP HEIGHT="65" HPOS="1924" VPOS="2061" WIDTH="49" />
<String CONTENT="Priv." HEIGHT="52" HPOS="1974" VPOS="2060" WIDTH="158" />
</TextLine>
<TextLine HEIGHT="67" HPOS="137" STYLEREFS="StyleId-008C5A21-9A54-4D93-9EB1-A9073A5D1FFD-" VPOS="2139" WIDTH="372">
<String CONTENT="print.," HEIGHT="67" HPOS="137" VPOS="2139" WIDTH="190" />
<SP HEIGHT="62" HPOS="328" VPOS="2143" WIDTH="30" />
<String CONTENT="1933." HEIGHT="49" HPOS="359" VPOS="2142" WIDTH="150" />
</TextLine>
<TextLine CS="1" HEIGHT="51" HPOS="208" VPOS="2210" WIDTH="691">
<String CONTENT="7" HEIGHT="39" HPOS="208" VPOS="2212" WIDTH="27" />
<SP />
<String CONTENT="p." CS="1" />
<SP />
<String CONTENT="l.," CS="1" HEIGHT="17" HPOS="365" VPOS="2242" WIDTH="9" />
<SP HEIGHT="30" HPOS="375" VPOS="2231" WIDTH="29" />
<String CONTENT="[5]-89," HEIGHT="51" HPOS="405" VPOS="2210" WIDTH="159" />
<SP HEIGHT="31" HPOS="565" VPOS="2230" WIDTH="28" />
<String CONTENT="[1]" HEIGHT="49" HPOS="594" VPOS="2212" WIDTH="55" />
<SP HEIGHT="40" HPOS="650" VPOS="2221" WIDTH="27" />
<String CONTENT="p." HEIGHT="38" HPOS="678" VPOS="2221" WIDTH="44" />
<SP HEIGHT="39" HPOS="723" VPOS="2212" WIDTH="58" />
<String CONTENT="19" HEIGHT="40" HPOS="782" VPOS="2211" WIDTH="56" />
<String CONTENT="cm" HEIGHT="22" HPOS="842" STYLE="superscript" VPOS="2212" WIDTH="44" />
<String CONTENT="." HEIGHT="9" HPOS="890" VPOS="2242" WIDTH="9" />
</TextLine>
<TextLine HEIGHT="51" HPOS="211" VPOS="2266" WIDTH="1924">
<String CONTENT="&#8220;This" HEIGHT="41" HPOS="211" VPOS="2266" WIDTH="145" />
<SP HEIGHT="40" HPOS="357" VPOS="2267" WIDTH="31" />
<String CONTENT="limited" HEIGHT="41" HPOS="389" VPOS="2266" WIDTH="187" />
<SP HEIGHT="40" HPOS="577" VPOS="2268" WIDTH="32" />
<String CONTENT="edition" HEIGHT="42" HPOS="610" VPOS="2266" WIDTH="185" />
<SP HEIGHT="29" HPOS="796" VPOS="2278" WIDTH="33" />
<String CONTENT="of" HEIGHT="40" HPOS="830" VPOS="2267" WIDTH="51" />
<SP HEIGHT="39" HPOS="882" VPOS="2267" WIDTH="29" />
<String CONTENT="less" HEIGHT="40" HPOS="912" VPOS="2267" WIDTH="96" />
<SP HEIGHT="38" HPOS="1009" VPOS="2269" WIDTH="31" />
<String CONTENT="than" HEIGHT="40" HPOS="1041" VPOS="2267" WIDTH="119" />
<SP HEIGHT="30" HPOS="1161" VPOS="2277" WIDTH="31" />
<String CONTENT="a" HEIGHT="30" HPOS="1193" VPOS="2277" WIDTH="29" />
<SP HEIGHT="39" HPOS="1223" VPOS="2268" WIDTH="32" />
<String CONTENT="hundred" HEIGHT="42" HPOS="1256" VPOS="2267" WIDTH="223" />
<SP HEIGHT="40" HPOS="1480" VPOS="2268" WIDTH="32" />
<String CONTENT="copies" HEIGHT="50" HPOS="1513" VPOS="2266" WIDTH="159" />
<SP HEIGHT="40" HPOS="1673" VPOS="2268" WIDTH="30" />
<String CONTENT="is" HEIGHT="39" HPOS="1704" VPOS="2268" WIDTH="42" />
<SP HEIGHT="39" HPOS="1747" VPOS="2278" WIDTH="31" />
<String CONTENT="printed" HEIGHT="49" HPOS="1779" VPOS="2268" WIDTH="194" />
<SP HEIGHT="40" HPOS="1974" VPOS="2268" WIDTH="34" />
<String CONTENT="from" HEIGHT="41" HPOS="2009" VPOS="2268" WIDTH="126" />
</TextLine>
<TextLine HEIGHT="50" HPOS="137" VPOS="2324" WIDTH="658">
<String CONTENT="type" HEIGHT="48" HPOS="137" VPOS="2326" WIDTH="111" />
<SP HEIGHT="30" HPOS="249" VPOS="2337" WIDTH="25" />
<String CONTENT="set" HEIGHT="41" HPOS="275" VPOS="2326" WIDTH="74" />
<SP HEIGHT="42" HPOS="350" VPOS="2325" WIDTH="24" />
<String CONTENT="by" HEIGHT="49" HPOS="375" VPOS="2325" WIDTH="61" />
<SP HEIGHT="48" HPOS="437" VPOS="2326" WIDTH="25" />
<String CONTENT="the" HEIGHT="41" HPOS="463" VPOS="2326" WIDTH="82" />
<SP HEIGHT="32" HPOS="546" VPOS="2335" WIDTH="27" />
<String CONTENT="author.&#8221;" HEIGHT="42" HPOS="574" VPOS="2324" WIDTH="221" />
</TextLine>
<TextLine CS="1" HEIGHT="52" HPOS="139" VPOS="2386" WIDTH="1998">
<String CONTENT="&#169;" HEIGHT="52" HPOS="139" VPOS="2386" WIDTH="51" />
<SP HEIGHT="52" HPOS="191" VPOS="2386" WIDTH="30" />
<String CONTENT="Dec." HEIGHT="39" HPOS="222" VPOS="2391" WIDTH="113" />
<SP HEIGHT="41" HPOS="336" VPOS="2389" WIDTH="27" />
<String CONTENT="25," HEIGHT="49" HPOS="364" VPOS="2389" WIDTH="70" />
<SP HEIGHT="47" HPOS="435" VPOS="2391" WIDTH="29" />
<String CONTENT="1932;" HEIGHT="47" HPOS="465" VPOS="2389" WIDTH="140" />
<SP HEIGHT="47" HPOS="606" VPOS="2389" WIDTH="31" />
<String CONTENT="2c." HEIGHT="41" HPOS="638" VPOS="2389" WIDTH="68" />
<SP HEIGHT="41" HPOS="707" VPOS="2389" WIDTH="30" />
<String CONTENT="Jan." HEIGHT="40" HPOS="738" VPOS="2389" WIDTH="112" />
<SP HEIGHT="39" HPOS="851" VPOS="2389" WIDTH="30" />
<String CONTENT="11," HEIGHT="46" HPOS="882" VPOS="2389" WIDTH="68" />
<SP HEIGHT="46" HPOS="951" VPOS="2389" WIDTH="31" />
<String CONTENT="1933;" HEIGHT="48" HPOS="983" VPOS="2388" WIDTH="141" />
<SP />
<String CONTENT="aff." CS="1" />
<SP HEIGHT="40" HPOS="1241" VPOS="2389" WIDTH="30" />
<String CONTENT="Jan." HEIGHT="40" HPOS="1272" VPOS="2389" WIDTH="109" />
<SP HEIGHT="40" HPOS="1382" VPOS="2388" WIDTH="32" />
<String CONTENT="9;" HEIGHT="49" HPOS="1415" VPOS="2388" WIDTH="53" />
<SP HEIGHT="48" HPOS="1469" VPOS="2389" WIDTH="32" />
<String CONTENT="A" HEIGHT="39" HPOS="1502" VPOS="2389" WIDTH="43" />
<SP HEIGHT="40" HPOS="1546" VPOS="2389" WIDTH="29" />
<String CONTENT="58804;" HEIGHT="47" HPOS="1576" VPOS="2389" WIDTH="171" />
<SP HEIGHT="46" HPOS="1748" VPOS="2390" WIDTH="33" />
<String CONTENT="L." HEIGHT="40" HPOS="1782" VPOS="2390" WIDTH="52" />
<SP HEIGHT="40" HPOS="1835" VPOS="2390" WIDTH="30" />
<String CONTENT="A." HEIGHT="41" HPOS="1866" VPOS="2390" WIDTH="54" />
<SP HEIGHT="41" HPOS="1921" VPOS="2390" WIDTH="33" />
<String CONTENT="Potter," HEIGHT="47" HPOS="1955" VPOS="2390" WIDTH="182" />
</TextLine>
<TextLine HEIGHT="51" HPOS="205" VPOS="2445" WIDTH="782">
<String CONTENT="Kingsport," HEIGHT="50" HPOS="205" VPOS="2446" WIDTH="281" />
<SP HEIGHT="49" HPOS="487" VPOS="2447" WIDTH="31" />
<String CONTENT="Tenn." HEIGHT="38" HPOS="519" VPOS="2447" WIDTH="148" />
<SP HEIGHT="48" HPOS="668" VPOS="2446" WIDTH="68" />
<String CONTENT="(33-3201)" HEIGHT="49" HPOS="737" VPOS="2445" WIDTH="250" />
</TextLine>
<TextLine HEIGHT="67" HPOS="135" STYLEREFS="StyleId-DE34DE1D-1E71-4494-A6C5-80907D435063-" VPOS="2548" WIDTH="727">
<String CONTENT="Pourrat," HEIGHT="67" HPOS="135" VPOS="2548" WIDTH="271" />
<SP HEIGHT="65" HPOS="407" VPOS="2550" WIDTH="27" />
<String CONTENT="Pierre," HEIGHT="66" HPOS="435" VPOS="2549" WIDTH="220" />
<SP HEIGHT="60" HPOS="656" VPOS="2555" WIDTH="32" />
<String CONTENT="1871-" HEIGHT="54" HPOS="689" VPOS="2550" WIDTH="173" />
</TextLine>
<TextLine CS="1" HEIGHT="70" HPOS="267" STYLEREFS="StyleId-008C5A21-9A54-4D93-9EB1-A9073A5D1FFD-" VPOS="2624" WIDTH="1866">
<String CONTENT="&#8230;" CS="1" />
<SP HEIGHT="53" HPOS="267" VPOS="2626" WIDTH="35" />
<String CONTENT="Jean-Jacques" HEIGHT="66" HPOS="303" VPOS="2626" WIDTH="416" />
<SP HEIGHT="54" HPOS="720" VPOS="2624" WIDTH="32" />
<String CONTENT="Olier," HEIGHT="70" HPOS="753" VPOS="2624" WIDTH="179" />
<SP HEIGHT="69" HPOS="933" VPOS="2625" WIDTH="32" />
<String CONTENT="fondateur" HEIGHT="54" HPOS="966" VPOS="2625" WIDTH="306" />
<SP HEIGHT="52" HPOS="1273" VPOS="2625" WIDTH="33" />
<String CONTENT="de" HEIGHT="55" HPOS="1307" LANG="de" VPOS="2625" WIDTH="69" />
<SP HEIGHT="55" HPOS="1377" VPOS="2625" WIDTH="33" />
<String CONTENT="Saint-Sulpice." HEIGHT="69" HPOS="1411" VPOS="2624" WIDTH="442" />
<SP HEIGHT="34" HPOS="1854" VPOS="2660" WIDTH="75" />
<String CONTENT="[Paris]" HEIGHT="68" HPOS="1930" VPOS="2626" WIDTH="203" />
</TextLine>
<TextLine HEIGHT="67" HPOS="138" STYLEREFS="StyleId-008C5A21-9A54-4D93-9EB1-A9073A5D1FFD-" VPOS="2705" WIDTH="725">
<String CONTENT="E." HEIGHT="50" HPOS="138" VPOS="2705" WIDTH="64" />
<SP HEIGHT="50" HPOS="203" VPOS="2705" WIDTH="37" />
<String CONTENT="Flammarion" HEIGHT="51" HPOS="241" VPOS="2705" WIDTH="388" />
<SP HEIGHT="50" HPOS="630" VPOS="2722" WIDTH="38" />
<String CONTENT="[" HEIGHT="35" HPOS="669" VPOS="2737" WIDTH="13" />
<String CONTENT="c" HEIGHT="21" HPOS="687" STYLE="superscript" VPOS="2710" WIDTH="17" />
<String CONTENT="1932]" HEIGHT="66" HPOS="711" VPOS="2705" WIDTH="152" />
</TextLine>
<TextLine CS="1" HEIGHT="52" HPOS="203" VPOS="2772" WIDTH="1061">
<String CONTENT="220," HEIGHT="48" HPOS="203" VPOS="2774" WIDTH="100" />
<SP HEIGHT="31" HPOS="304" VPOS="2793" WIDTH="28" />
<String CONTENT="[2]" HEIGHT="50" HPOS="333" VPOS="2774" WIDTH="55" />
<SP HEIGHT="38" HPOS="389" VPOS="2785" WIDTH="27" />
<String CONTENT="p." HEIGHT="38" HPOS="417" VPOS="2785" WIDTH="44" />
<SP HEIGHT="40" HPOS="462" VPOS="2775" WIDTH="55" />
<String CONTENT="19&#189;" CS="1" HEIGHT="40" HPOS="518" VPOS="2774" WIDTH="55" />
<String CONTENT="cm" HEIGHT="22" HPOS="605" STYLE="superscript" VPOS="2776" WIDTH="44" />
<String CONTENT="." HEIGHT="9" HPOS="655" VPOS="2806" WIDTH="9" />
<SP HEIGHT="49" HPOS="665" VPOS="2772" WIDTH="63" />
<String CONTENT="(Les" HEIGHT="49" HPOS="729" VPOS="2772" WIDTH="117" />
<SP HEIGHT="37" HPOS="847" VPOS="2785" WIDTH="27" />
<String CONTENT="grands" HEIGHT="46" HPOS="875" VPOS="2776" WIDTH="181" />
<SP HEIGHT="29" HPOS="1057" VPOS="2786" WIDTH="25" />
<String CONTENT="cceurs)" HEIGHT="47" HPOS="1083" VPOS="2775" WIDTH="181" />
</TextLine>
<TextLine HEIGHT="47" HPOS="204" VPOS="2831" WIDTH="1015">
<String CONTENT="At" HEIGHT="40" HPOS="204" VPOS="2831" WIDTH="63" />
<SP HEIGHT="39" HPOS="268" VPOS="2832" WIDTH="28" />
<String CONTENT="head" HEIGHT="39" HPOS="297" VPOS="2832" WIDTH="124" />
<SP HEIGHT="39" HPOS="422" VPOS="2832" WIDTH="28" />
<String CONTENT="of" HEIGHT="40" HPOS="451" VPOS="2831" WIDTH="52" />
<SP HEIGHT="40" HPOS="504" VPOS="2831" WIDTH="27" />
<String CONTENT="title:" HEIGHT="40" HPOS="532" VPOS="2831" WIDTH="135" />
<SP HEIGHT="39" HPOS="668" VPOS="2832" WIDTH="31" />
<String CONTENT="P." HEIGHT="40" HPOS="700" VPOS="2832" WIDTH="50" />
<SP HEIGHT="40" HPOS="751" VPOS="2832" WIDTH="29" />
<String CONTENT="Pourrat," HEIGHT="46" HPOS="781" VPOS="2832" WIDTH="227" />
<SP HEIGHT="35" HPOS="1009" VPOS="2843" WIDTH="26" />
<String CONTENT="p." HEIGHT="30" HPOS="1036" VPOS="2843" WIDTH="41" />
<SP HEIGHT="29" HPOS="1078" VPOS="2845" WIDTH="31" />
<String CONTENT="s." HEIGHT="29" HPOS="1110" VPOS="2845" WIDTH="37" />
<SP HEIGHT="30" HPOS="1148" VPOS="2844" WIDTH="31" />
<String CONTENT="s." HEIGHT="29" HPOS="1180" VPOS="2844" WIDTH="39" />
</TextLine>
<TextLine CS="1" HEIGHT="52" HPOS="140" VPOS="2886" WIDTH="1999">
<String CONTENT="&#169;" HEIGHT="52" HPOS="140" VPOS="2886" WIDTH="51" />
<SP HEIGHT="52" HPOS="192" VPOS="2886" WIDTH="32" />
<String CONTENT="Nov." HEIGHT="40" HPOS="225" VPOS="2891" WIDTH="115" />
<SP HEIGHT="38" HPOS="341" VPOS="2891" WIDTH="35" />
<String CONTENT="10," HEIGHT="48" HPOS="377" VPOS="2890" WIDTH="69" />
<SP HEIGHT="47" HPOS="447" VPOS="2891" WIDTH="33" />
<String CONTENT="1932;" HEIGHT="47" HPOS="481" VPOS="2891" WIDTH="140" />
<SP />
<String CONTENT="1c." CS="1" HEIGHT="8" HPOS="717" VPOS="2924" WIDTH="9" />
<SP HEIGHT="41" HPOS="727" VPOS="2891" WIDTH="31" />
<String CONTENT="Dec." HEIGHT="40" HPOS="759" VPOS="2891" WIDTH="114" />
<SP HEIGHT="40" HPOS="874" VPOS="2891" WIDTH="32" />
<String CONTENT="15;" HEIGHT="46" HPOS="907" VPOS="2891" WIDTH="83" />
<SP HEIGHT="47" HPOS="991" VPOS="2890" WIDTH="35" />
<String CONTENT="A-Foreign" HEIGHT="48" HPOS="1027" VPOS="2890" WIDTH="310" />
<SP HEIGHT="38" HPOS="1338" VPOS="2892" WIDTH="32" />
<String CONTENT="19154;" HEIGHT="48" HPOS="1371" VPOS="2890" WIDTH="171" />
<SP HEIGHT="46" HPOS="1543" VPOS="2892" WIDTH="35" />
<String CONTENT="Ernest" HEIGHT="40" HPOS="1579" VPOS="2892" WIDTH="177" />
<SP HEIGHT="40" HPOS="1757" VPOS="2892" WIDTH="35" />
<String CONTENT="Flammarion." HEIGHT="41" HPOS="1793" VPOS="2891" WIDTH="346" />
</TextLine>
<TextLine HEIGHT="51" HPOS="218" VPOS="2947" WIDTH="250">
<String CONTENT="(33-3813)" HEIGHT="51" HPOS="218" VPOS="2947" WIDTH="250" />
</TextLine>
<TextLine HEIGHT="65" HPOS="137" STYLEREFS="StyleId-DE34DE1D-1E71-4494-A6C5-80907D435063-" VPOS="3051" WIDTH="707">
<String CONTENT="Price," HEIGHT="65" HPOS="137" VPOS="3051" WIDTH="184" />
<SP HEIGHT="63" HPOS="322" VPOS="3053" WIDTH="28" />
<String CONTENT="Joseph" HEIGHT="64" HPOS="351" VPOS="3052" WIDTH="220" />
<SP HEIGHT="53" HPOS="572" VPOS="3052" WIDTH="27" />
<String CONTENT="Haines." HEIGHT="55" HPOS="600" VPOS="3052" WIDTH="244" />
</TextLine>
<TextLine HEIGHT="70" HPOS="208" STYLEREFS="StyleId-008C5A21-9A54-4D93-9EB1-A9073A5D1FFD-" VPOS="3126" WIDTH="1928">
<String CONTENT="William" HEIGHT="53" HPOS="208" VPOS="3128" WIDTH="258" />
<SP HEIGHT="52" HPOS="467" VPOS="3129" WIDTH="21" />
<String CONTENT="Penn;" HEIGHT="64" HPOS="489" VPOS="3129" WIDTH="188" />
<SP HEIGHT="47" HPOS="678" VPOS="3146" WIDTH="28" />
<String CONTENT="a" HEIGHT="33" HPOS="707" VPOS="3148" WIDTH="31" />
<SP HEIGHT="33" HPOS="739" VPOS="3148" WIDTH="23" />
<String CONTENT="short" HEIGHT="52" HPOS="763" VPOS="3129" WIDTH="158" />
<SP HEIGHT="51" HPOS="922" VPOS="3130" WIDTH="21" />
<String CONTENT="life" HEIGHT="54" HPOS="944" VPOS="3127" WIDTH="106" />
<SP HEIGHT="34" HPOS="1051" VPOS="3146" WIDTH="21" />
<String CONTENT="with" HEIGHT="53" HPOS="1073" VPOS="3128" WIDTH="141" />
<SP HEIGHT="53" HPOS="1215" VPOS="3128" WIDTH="23" />
<String CONTENT="selections" HEIGHT="55" HPOS="1239" VPOS="3127" WIDTH="292" />
<SP HEIGHT="52" HPOS="1532" VPOS="3128" WIDTH="23" />
<String CONTENT="from" HEIGHT="52" HPOS="1556" VPOS="3128" WIDTH="150" />
<SP HEIGHT="50" HPOS="1707" VPOS="3129" WIDTH="23" />
<String CONTENT="his" HEIGHT="53" HPOS="1731" VPOS="3128" WIDTH="89" />
<SP HEIGHT="33" HPOS="1821" VPOS="3148" WIDTH="23" />
<String CONTENT="writings;" HEIGHT="70" HPOS="1845" VPOS="3126" WIDTH="291" />
</TextLine>
<TextLine CS="1" HEIGHT="69" HPOS="139" STYLEREFS="StyleId-008C5A21-9A54-4D93-9EB1-A9073A5D1FFD-" VPOS="3204" WIDTH="1996">
<String CONTENT="biography" HEIGHT="68" HPOS="139" VPOS="3205" WIDTH="317" />
<SP HEIGHT="67" HPOS="457" VPOS="3206" WIDTH="27" />
<String CONTENT="by" HEIGHT="67" HPOS="485" VPOS="3206" WIDTH="73" />
<SP HEIGHT="67" HPOS="559" VPOS="3206" WIDTH="29" />
<String CONTENT="Joseph" HEIGHT="68" HPOS="589" VPOS="3205" WIDTH="215" />
<SP HEIGHT="52" HPOS="805" VPOS="3205" WIDTH="28" />
<String CONTENT="Haines" HEIGHT="53" HPOS="834" VPOS="3205" WIDTH="217" />
<SP HEIGHT="53" HPOS="1052" VPOS="3205" WIDTH="27" />
<String CONTENT="Price" HEIGHT="53" HPOS="1080" VPOS="3204" WIDTH="165" />
<SP HEIGHT="36" HPOS="1246" VPOS="3223" WIDTH="32" />
<String CONTENT="&#8230;" CS="1" />
<SP HEIGHT="34" HPOS="1336" VPOS="3225" WIDTH="35" />
<String CONTENT="selections" HEIGHT="55" HPOS="1372" VPOS="3204" WIDTH="293" />
<SP HEIGHT="54" HPOS="1666" VPOS="3205" WIDTH="26" />
<String CONTENT="by" HEIGHT="68" HPOS="1693" VPOS="3205" WIDTH="74" />
<SP HEIGHT="69" HPOS="1768" VPOS="3204" WIDTH="31" />
<String CONTENT="Stanley" HEIGHT="69" HPOS="1800" VPOS="3204" WIDTH="237" />
<SP HEIGHT="67" HPOS="2038" VPOS="3206" WIDTH="30" />
<String CONTENT="R." HEIGHT="51" HPOS="2069" VPOS="3206" WIDTH="66" />
</TextLine>
<TextLine CS="1" HEIGHT="68" HPOS="141" STYLEREFS="StyleId-008C5A21-9A54-4D93-9EB1-A9073A5D1FFD-" VPOS="3282" WIDTH="1998">
<String CONTENT="Yarnall" HEIGHT="54" HPOS="141" VPOS="3282" WIDTH="239" />
<SP HEIGHT="51" HPOS="381" VPOS="3285" WIDTH="35" />
<String CONTENT="&#8230;" CS="1" />
<SP HEIGHT="54" HPOS="474" VPOS="3282" WIDTH="68" />
<String CONTENT="Philadelphia," HEIGHT="68" HPOS="543" VPOS="3282" WIDTH="426" />
<SP HEIGHT="68" HPOS="970" VPOS="3282" WIDTH="28" />
<String CONTENT="Pub." HEIGHT="54" HPOS="999" VPOS="3282" WIDTH="141" />
<SP HEIGHT="52" HPOS="1141" VPOS="3282" WIDTH="33" />
<String CONTENT="for" HEIGHT="55" HPOS="1175" VPOS="3282" WIDTH="93" />
<SP HEIGHT="50" HPOS="1269" VPOS="3287" WIDTH="28" />
<String CONTENT="the" HEIGHT="52" HPOS="1298" VPOS="3283" WIDTH="96" />
<SP HEIGHT="52" HPOS="1395" VPOS="3283" WIDTH="26" />
<String CONTENT="book" HEIGHT="52" HPOS="1422" VPOS="3283" WIDTH="147" />
<SP HEIGHT="52" HPOS="1570" VPOS="3283" WIDTH="29" />
<String CONTENT="committee" HEIGHT="55" HPOS="1600" VPOS="3282" WIDTH="316" />
<SP HEIGHT="34" HPOS="1917" VPOS="3301" WIDTH="30" />
<String CONTENT="of" HEIGHT="52" HPOS="1948" VPOS="3283" WIDTH="63" />
<SP HEIGHT="52" HPOS="2012" VPOS="3283" WIDTH="30" />
<String CONTENT="the" HEIGHT="54" HPOS="2043" VPOS="3283" WIDTH="96" />
</TextLine>
<TextLine HEIGHT="69" HPOS="140" STYLEREFS="StyleId-008C5A21-9A54-4D93-9EB1-A9073A5D1FFD-" VPOS="3359" WIDTH="1998">
<String CONTENT="Religious" HEIGHT="68" HPOS="140" VPOS="3359" WIDTH="292" />
<SP HEIGHT="34" HPOS="433" VPOS="3379" WIDTH="19" />
<String CONTENT="society" HEIGHT="67" HPOS="453" VPOS="3361" WIDTH="208" />
<SP HEIGHT="50" HPOS="662" VPOS="3378" WIDTH="20" />
<String CONTENT="of" HEIGHT="51" HPOS="683" VPOS="3360" WIDTH="62" />
<SP HEIGHT="51" HPOS="746" VPOS="3360" WIDTH="21" />
<String CONTENT="Friends" HEIGHT="53" HPOS="768" VPOS="3359" WIDTH="244" />
<SP HEIGHT="33" HPOS="1013" VPOS="3379" WIDTH="21" />
<String CONTENT="at" HEIGHT="46" HPOS="1035" VPOS="3367" WIDTH="58" />
<SP HEIGHT="49" HPOS="1094" VPOS="3364" WIDTH="17" />
<String CONTENT="the" HEIGHT="51" HPOS="1112" VPOS="3360" WIDTH="96" />
<SP HEIGHT="50" HPOS="1209" VPOS="3377" WIDTH="20" />
<String CONTENT="press" HEIGHT="49" HPOS="1230" VPOS="3378" WIDTH="155" />
<SP HEIGHT="36" HPOS="1386" VPOS="3378" WIDTH="22" />
<String CONTENT="of" HEIGHT="52" HPOS="1409" VPOS="3360" WIDTH="63" />
<SP HEIGHT="52" HPOS="1473" VPOS="3360" WIDTH="18" />
<String CONTENT="the" HEIGHT="52" HPOS="1492" VPOS="3360" WIDTH="95" />
<SP HEIGHT="53" HPOS="1588" VPOS="3360" WIDTH="21" />
<String CONTENT="John" HEIGHT="53" HPOS="1610" VPOS="3360" WIDTH="154" />
<SP HEIGHT="54" HPOS="1765" VPOS="3360" WIDTH="23" />
<String CONTENT="C." HEIGHT="54" HPOS="1789" VPOS="3360" WIDTH="61" />
<SP HEIGHT="53" HPOS="1851" VPOS="3360" WIDTH="21" />
<String CONTENT="Winston" HEIGHT="54" HPOS="1873" VPOS="3360" WIDTH="265" />
</TextLine>
<TextLine HEIGHT="65" HPOS="139" STYLEREFS="StyleId-008C5A21-9A54-4D93-9EB1-A9073A5D1FFD-" VPOS="3439" WIDTH="474">
<String CONTENT="company," HEIGHT="50" HPOS="139" VPOS="3454" WIDTH="293" />
<SP HEIGHT="64" HPOS="433" VPOS="3440" WIDTH="30" />
<String CONTENT="1932." HEIGHT="51" HPOS="464" VPOS="3439" WIDTH="149" />
</TextLine>
<TextLine CS="1" HEIGHT="63" HPOS="208" VPOS="3494" WIDTH="992">
<String CONTENT="63," HEIGHT="43" HPOS="208" VPOS="3507" WIDTH="68" />
<SP HEIGHT="30" HPOS="277" VPOS="3527" WIDTH="35" />
<String CONTENT="[1]&#8217;p." CS="1" HEIGHT="63" HPOS="313" VPOS="3494" WIDTH="132" />
<SP HEIGHT="40" HPOS="446" VPOS="3507" WIDTH="56" />
<String CONTENT="front." CS="1" HEIGHT="41" HPOS="503" VPOS="3507" WIDTH="136" />
<SP HEIGHT="47" HPOS="655" VPOS="3507" WIDTH="26" />
<String CONTENT="(port.)" HEIGHT="49" HPOS="682" VPOS="3507" WIDTH="173" />
<SP HEIGHT="47" HPOS="856" VPOS="3508" WIDTH="39" />
<String CONTENT="illus." HEIGHT="43" HPOS="896" VPOS="3508" WIDTH="129" />
<SP HEIGHT="41" HPOS="1026" VPOS="3510" WIDTH="58" />
<String CONTENT="19" HEIGHT="40" HPOS="1085" VPOS="3509" WIDTH="55" />
<String CONTENT="cm" HEIGHT="21" HPOS="1144" STYLE="superscript" VPOS="3511" WIDTH="44" />
<String CONTENT="." HEIGHT="8" HPOS="1194" VPOS="3541" WIDTH="6" />
</TextLine>
<TextLine HEIGHT="50" HPOS="210" VPOS="3564" WIDTH="1869">
<String CONTENT="&#8220;Books" HEIGHT="38" HPOS="210" VPOS="3565" WIDTH="188" />
<SP HEIGHT="29" HPOS="399" VPOS="3575" WIDTH="20" />
<String CONTENT="on" HEIGHT="28" HPOS="420" VPOS="3576" WIDTH="59" />
<SP HEIGHT="37" HPOS="480" VPOS="3566" WIDTH="22" />
<String CONTENT="William" HEIGHT="39" HPOS="503" VPOS="3564" WIDTH="215" />
<SP HEIGHT="37" HPOS="719" VPOS="3566" WIDTH="23" />
<String CONTENT="Penn," HEIGHT="42" HPOS="743" VPOS="3566" WIDTH="147" />
<SP HEIGHT="32" HPOS="891" VPOS="3576" WIDTH="24" />
<String CONTENT="selected" HEIGHT="41" HPOS="916" VPOS="3564" WIDTH="207" />
<SP HEIGHT="39" HPOS="1124" VPOS="3566" WIDTH="22" />
<String CONTENT="by" HEIGHT="46" HPOS="1147" VPOS="3566" WIDTH="60" />
<SP HEIGHT="46" HPOS="1208" VPOS="3566" WIDTH="23" />
<String CONTENT="John" HEIGHT="39" HPOS="1232" VPOS="3566" WIDTH="127" />
<SP HEIGHT="38" HPOS="1360" VPOS="3566" WIDTH="26" />
<String CONTENT="Russell" HEIGHT="39" HPOS="1387" VPOS="3566" WIDTH="192" />
<SP HEIGHT="38" HPOS="1580" VPOS="3567" WIDTH="24" />
<String CONTENT="Hayes&#8221;:" HEIGHT="47" HPOS="1605" VPOS="3566" WIDTH="223" />
<SP HEIGHT="37" HPOS="1829" VPOS="3577" WIDTH="23" />
<String CONTENT="p." HEIGHT="37" HPOS="1853" VPOS="3577" WIDTH="44" />
<SP HEIGHT="41" HPOS="1898" VPOS="3568" WIDTH="23" />
<String CONTENT="59-63." HEIGHT="43" HPOS="1922" VPOS="3564" WIDTH="157" />
</TextLine>
<TextLine CS="1" HEIGHT="54" HPOS="144" VPOS="3619" WIDTH="1997">
<String CONTENT="&#169;" HEIGHT="53" HPOS="144" VPOS="3619" WIDTH="51" />
<SP HEIGHT="53" HPOS="196" VPOS="3619" WIDTH="25" />
<String CONTENT="Dec." HEIGHT="41" HPOS="222" VPOS="3624" WIDTH="112" />
<SP HEIGHT="41" HPOS="335" VPOS="3624" WIDTH="23" />
<String CONTENT="20," HEIGHT="47" HPOS="359" VPOS="3624" WIDTH="69" />
<SP HEIGHT="47" HPOS="429" VPOS="3624" WIDTH="25" />
<String CONTENT="1932;" CS="1" HEIGHT="42" HPOS="455" VPOS="3622" WIDTH="113" />
<SP HEIGHT="47" HPOS="597" VPOS="3624" WIDTH="26" />
<String CONTENT="2c." HEIGHT="41" HPOS="624" VPOS="3624" WIDTH="68" />
<SP HEIGHT="29" HPOS="693" VPOS="3635" WIDTH="25" />
<String CONTENT="and" HEIGHT="39" HPOS="719" VPOS="3625" WIDTH="97" />
<SP />
<String CONTENT="aff." CS="1" />
<SP HEIGHT="43" HPOS="924" VPOS="3623" WIDTH="26" />
<String CONTENT="Jan." HEIGHT="42" HPOS="951" VPOS="3623" WIDTH="109" />
<SP HEIGHT="42" HPOS="1061" VPOS="3623" WIDTH="26" />
<String CONTENT="25," HEIGHT="49" HPOS="1088" VPOS="3623" WIDTH="68" />
<SP HEIGHT="47" HPOS="1157" VPOS="3625" WIDTH="27" />
<String CONTENT="1933;" HEIGHT="48" HPOS="1185" VPOS="3623" WIDTH="141" />
<SP HEIGHT="46" HPOS="1327" VPOS="3625" WIDTH="28" />
<String CONTENT="A" HEIGHT="39" HPOS="1356" VPOS="3625" WIDTH="38" />
<SP HEIGHT="40" HPOS="1395" VPOS="3625" WIDTH="28" />
<String CONTENT="59129;" HEIGHT="50" HPOS="1424" VPOS="3623" WIDTH="170" />
<SP HEIGHT="47" HPOS="1595" VPOS="3626" WIDTH="28" />
<String CONTENT="Book" HEIGHT="40" HPOS="1624" VPOS="3626" WIDTH="135" />
<SP HEIGHT="40" HPOS="1760" VPOS="3626" WIDTH="26" />
<String CONTENT="committee" HEIGHT="42" HPOS="1787" VPOS="3624" WIDTH="275" />
<SP HEIGHT="30" HPOS="2063" VPOS="3635" WIDTH="25" />
<String CONTENT="of" HEIGHT="41" HPOS="2089" VPOS="3624" WIDTH="52" />
</TextLine>
<TextLine CS="1" HEIGHT="105" HPOS="211" VPOS="3681" WIDTH="1907">
<String CONTENT="the" HEIGHT="39" HPOS="213" VPOS="3682" WIDTH="80" />
<SP HEIGHT="38" HPOS="294" VPOS="3682" WIDTH="31" />
<String CONTENT="Religious" HEIGHT="46" HPOS="326" VPOS="3681" WIDTH="248" />
<SP HEIGHT="29" HPOS="575" VPOS="3692" WIDTH="29" />
<String CONTENT="society" HEIGHT="48" HPOS="605" VPOS="3681" WIDTH="181" />
<SP HEIGHT="36" HPOS="787" VPOS="3693" WIDTH="33" />
<String CONTENT="of" HEIGHT="39" HPOS="821" VPOS="3682" WIDTH="53" />
<SP HEIGHT="39" HPOS="875" VPOS="3681" WIDTH="27" />
<String CONTENT="Friends" HEIGHT="41" HPOS="903" VPOS="3681" WIDTH="203" />
<SP HEIGHT="30" HPOS="1107" VPOS="3692" WIDTH="32" />
<String CONTENT="of" HEIGHT="40" HPOS="1140" VPOS="3682" WIDTH="51" />
<SP HEIGHT="39" HPOS="1192" VPOS="3682" WIDTH="31" />
<String CONTENT="Philadelphia" HEIGHT="48" HPOS="1224" VPOS="3682" WIDTH="340" />
<SP HEIGHT="30" HPOS="1565" VPOS="3693" WIDTH="33" />
<String CONTENT="and" HEIGHT="38" HPOS="1599" VPOS="3685" WIDTH="95" />
<SP HEIGHT="38" HPOS="1695" VPOS="3685" WIDTH="32" />
<String CONTENT="vicinity." HEIGHT="47" HPOS="1728" VPOS="3683" WIDTH="217" />
<SP HEIGHT="41" HPOS="1946" VPOS="3683" WIDTH="33" />
<String CONTENT="Philadelphia." HEIGHT="104" HPOS="211" VPOS="3682" WIDTH="1907" />
<SP HEIGHT="49" HPOS="418" VPOS="3737" WIDTH="71" />
<String CONTENT="(33-3179)" HEIGHT="49" HPOS="490" VPOS="3737" WIDTH="249" />
</TextLine>
<TextLine HEIGHT="64" HPOS="141" STYLEREFS="StyleId-DE34DE1D-1E71-4494-A6C5-80907D435063-" VPOS="3841" WIDTH="520">
<String CONTENT="Reed," HEIGHT="64" HPOS="141" VPOS="3841" WIDTH="174" />
<SP HEIGHT="62" HPOS="316" VPOS="3843" WIDTH="30" />
<String CONTENT="Meredith." HEIGHT="57" HPOS="347" VPOS="3841" WIDTH="314" />
</TextLine>
<TextLine CS="1" HEIGHT="70" HPOS="214" STYLEREFS="StyleId-008C5A21-9A54-4D93-9EB1-A9073A5D1FFD-" VPOS="3916" WIDTH="1921">
<String CONTENT="Skylark," HEIGHT="69" HPOS="214" VPOS="3916" WIDTH="266" />
<SP HEIGHT="57" HPOS="481" VPOS="3918" WIDTH="47" />
<String CONTENT="by" HEIGHT="68" HPOS="529" VPOS="3918" WIDTH="76" />
<SP HEIGHT="67" HPOS="606" VPOS="3919" WIDTH="48" />
<String CONTENT="Meredith" HEIGHT="53" HPOS="655" VPOS="3919" WIDTH="288" />
<SP HEIGHT="53" HPOS="944" VPOS="3919" WIDTH="49" />
<String CONTENT="Reed" HEIGHT="52" HPOS="994" VPOS="3920" WIDTH="155" />
<SP HEIGHT="52" HPOS="1150" VPOS="3920" WIDTH="55" />
<String CONTENT="&#8230;" CS="1" />
<SP HEIGHT="52" HPOS="1263" VPOS="3921" WIDTH="76" />
<String CONTENT="New" HEIGHT="51" HPOS="1340" VPOS="3921" WIDTH="139" />
<SP HEIGHT="51" HPOS="1480" VPOS="3921" WIDTH="50" />
<String CONTENT="York," HEIGHT="64" HPOS="1531" VPOS="3920" WIDTH="179" />
<SP HEIGHT="62" HPOS="1711" VPOS="3922" WIDTH="50" />
<String CONTENT="Thomas" HEIGHT="51" HPOS="1762" VPOS="3922" WIDTH="249" />
<SP HEIGHT="51" HPOS="2012" VPOS="3921" WIDTH="51" />
<String CONTENT="Y." HEIGHT="51" HPOS="2064" VPOS="3921" WIDTH="71" />
</TextLine>
<TextLine CS="1" HEIGHT="70" HPOS="141" STYLEREFS="StyleId-008C5A21-9A54-4D93-9EB1-A9073A5D1FFD-" VPOS="3995" WIDTH="782">
<String CONTENT="Crowell" HEIGHT="54" HPOS="141" VPOS="3995" WIDTH="245" />
<SP HEIGHT="51" HPOS="387" VPOS="3997" WIDTH="27" />
<String CONTENT="company" HEIGHT="49" HPOS="415" VPOS="4015" WIDTH="278" />
<SP HEIGHT="49" HPOS="694" VPOS="4016" WIDTH="35" />
<String CONTENT="[" CS="1" />
<String CONTENT="c" HEIGHT="21" HPOS="748" STYLE="superscript" VPOS="4003" WIDTH="17" />
<String CONTENT="1933]" HEIGHT="64" HPOS="771" VPOS="4001" WIDTH="152" />
</TextLine>
</TextBlock>
</PrintSpace>
</Page>
</Layout>
</alto>