2484 4405
1058 4063 99 49 993

101 434 258 63 Alberts,
392 434 236 63 Sydney
657 433 305 62 Seymour.

237 503 1860 73 … A bibliography of the works of Robinson Jeffers. New
105 588 176 64 York,
314 588 261 51 Random
608 586 189 65 house,
834 588 148 49 1933.

174 673 82 40 xvi
293 684 58 37 p.,
388 674 24 37 1
472 702 21 17 l.,
532 672 85 39 262
654 682 57 37 p.,
749 673 24 37 1
833 703 6 8 l.
878 670 109 42 incl.
1026 670 227 40 mounted
1293 669 133 40 front.
1469 667 171 50 (port.)
1685 667 129 41 illus.
1881 668 215 41 facsims.

160 732 43 21 24cm

173 799 63 40 At
265 799 123 39 head
418 798 51 40 of
497 798 135 40 title:
667 798 44 40 S.
743 797 45 40 S.
817 797 207 39 Alberts.

178 849 1917 51 “This edition … consists of four hundred eighty seven numbered
107 913 170 47 copies,
320 914 79 38 the
439 913 96 39 last
577 913 169 38 twelve
788 911 52 39 of
881 911 155 39 which
1079 920 82 30 are
1203 909 78 41 for
1322 909 346 48 presentation.
1742 910 139 39 Made
1924 913 48 36 at
2019 910 77 37 the

106 970 216 46 Walpole
354 969 216 47 printing
602 968 143 39 office.
805 967 116 39 This
957 967 39 39 is
1030 978 119 36 copy
1182 967 200 39 number
1414 967 99 39 257.
1581 965 202 40 Review."

178 1026 203 46 “Poetry
408 1026 92 38 and
532 1034 137 38 prose
698 1028 82 36 not
809 1023 274 48 previously
1113 1023 191 48 printed
1334 1023 47 39 in
1412 1024 120 39 book
1562 1023 154 39 form":
1778 1035 40 36 p.
1850 1022 247 50 [115]-156.

109 1091 51 51 ©
201 1096 124 39 June
364 1095 69 47 28,
474 1096 139 44 1933;
655 1096 67 40 2c.
763 1095 116 46 July
918 1096 52 44 8;
1013 1094 81 39 aff.
1137 1095 115 46 July
1293 1095 81 44 11;
1417 1094 40 38 A
1497 1093 170 47 63564;
1714 1094 44 40 S.
1802 1094 45 40 S.
1887 1094 209 46 Alberts,

175 1152 229 46 Yonkers,
431 1153 55 39 N.
512 1153 52 37 Y.
635 1151 278 47 (33-17660)

104 1256 313 53 American
444 1255 355 55 association
829 1256 64 52 of
921 1256 329 64 engineers.

173 1332 337 54 Vocational
537 1332 278 69 guidance
843 1333 60 53 in
930 1332 369 69 engineering
1325 1334 159 66 lines,
1512 1332 224 53 elicited
1765 1333 112 52 and
1906 1332 187 54 edited

106 1412 69 66 by
204 1412 94 54 the
318 1411 306 54 American
654 1411 336 54 association
1020 1412 62 52 of
1109 1411 321 69 engineers;
1462 1411 266 54 editorial
1750 1410 346 56 committee:

104 1492 58 54 J.
201 1493 70 52 A.
310 1494 63 50 L.
413 1490 285 68 Waddell,
738 1490 311 68 chairman,
1089 1491 198 52 Frank
1324 1494 89 52 W.
1458 1491 263 68 Skinner,
1760 1492 225 53 Harold
2029 1494 66 51 E.

103 1571 309 54 Wessman.
490 1573 84 50 1st
600 1569 84 53 ed.
760 1570 234 67 Easton,
1021 1572 120 65 Pa.,
1167 1571 122 53 The
1313 1570 172 54 Mack
1510 1570 265 69 printing
1801 1588 296 52 company,

108 1651 148 50 1933.

178 1736 164 46 xxxiv,
369 1735 82 40 521
478 1746 43 37 p.
547 1735 108 41 incl.
684 1735 142 48 illus.,
853 1746 124 37 map,
1003 1734 215 41 facsims.
1275 1735 177 49 diagrs.
1482 1736 48 48 (1
1559 1736 196 47 double)
1819 1736 54 40 23½
1907 1739 14 21 cm
1956 1770 9 9 .

181 1806 300 48 Descriptive
513 1806 280 48 letterpress
821 1816 59 29 on
910 1816 164 29 versos
1102 1805 168 49 facing
1299 1807 80 39 the
1408 1805 342 42 illustrations.

183 1862 1919 49 “Nineteen [Chapters] … are either of a general nature or else treat
109 1918 1992 53 of the main divisions of engineering … [and] forty chapters [are] devoted
111 1980 47 37 to
191 1978 79 39 the
300 1976 236 50 principal
569 1975 276 49 specialties
876 1976 48 38 in
957 1976 79 40 the
1070 1976 185 40 several
1290 1976 129 40 main
1454 1977 122 40 lines
1608 1978 51 39 of

109 1976 1996 98 engineering.”—Pref.,
282 2046 41 35 p.,
354 2034 149 40 xxvii.

113 2100 50 52 ©
196 2106 114 45 May
338 2105 68 44 15,
436 2104 114 39 1933;
609 2104 67 39 2c.
707 2104 113 46 May
851 2104 81 45 18;
966 2103 80 39 aff.
1079 2104 125 38 June
1236 2104 52 46 6;
1322 2104 40 38 A
1393 2104 169 47 61864;
1596 2105 157 39 Amer.
1787 2117 126 29 assn.
1947 2107 51 39 of
181 2116 1904 93 engineers,
410 2161 222 47 Chicago.
703 2160 278 48 (33-13011)

108 2263 313 54 American
451 2263 212 65 digest.

180 2340 245 54 Current
459 2340 186 68 digest
691 2340 332 68 (American
1058 2341 186 68 digest
1279 2343 236 66 system)
1598 2361 50 35 v.
1688 2347 79 48 10.
1839 2347 264 67 January

113 2422 45 64 1,
192 2421 156 54 1933,
374 2427 58 46 to
463 2421 138 66 May
633 2422 82 62 31,
749 2422 149 49 1933.
964 2421 54 51 A
1051 2419 188 68 digest
1270 2420 62 52 of
1362 2422 78 50 all
1472 2428 228 46 current
1732 2423 276 55 decisions
2039 2425 62 51 of

109 2497 1968 305 the American courts as reported in the National reporter system and the state reports, continuing the Third decennial digest … by the publisher’s editorial staff. St. Paul, West publishing co., 1933.
180 2808 81 47 vii,
290 2806 115 41 1958
431 2819 44 36 p.
530 2807 59 39 26
588 2809 44 20 cm
638 2840 8 8 .

119 2875 50 52 ©
200 2880 115 46 July
343 2878 69 47 25,
442 2877 140 46 1933;
614 2877 66 40 2c.
711 2878 118 46 Aug.
861 2879 52 45 7;
946 2877 81 40 aff.
1058 2879 120 47 Aug.
1209 2878 53 47 9;
1294 2880 41 38 A
1365 2881 169 48 63854;
1567 2884 136 40 West
1733 2886 107 46 pub.
1872 2896 67 30 co.

111 2980 325 65 Anderson,
463 2980 219 53 Robert
711 2978 299 67 Franklin,
1042 2985 171 50 1866-

182 3055 1862 70 Arithmetic for everyday life … by Robert F. Anderson …
114 3133 1968 148 and Shelton Phelps … Newark, New York [etc.] Silver, Burdett and company [ c 1933]
182 3291 26 39 3
236 3301 41 28 v.
339 3289 127 38 illus.
495 3287 134 47 (part
658 3284 112 48 col.)
806 3287 178 46 diagrs.
1043 3284 55 40 19½
1132 3287 43 21 cm
1182 3316 8 7 .

118 3358 51 51 ©
199 3363 112 45 May
339 3360 69 46 18,
436 3359 140 44 1933;
606 3358 65 38 2c.
701 3357 117 39 each
849 3357 94 38 and
973 3355 105 40 affs.
1111 3355 116 47 July
1255 3356 52 45 1;
1339 3356 41 38 A
1409 3356 346 49 64199-64201;
1790 3359 168 49 Silver,
190 3362 1901 95 Burdett
318 3417 36 39 &
379 3427 66 31 co.
508 3410 68 54 [©
604 3425 103 28 new
733 3416 192 44 matter]
998 3412 280 48 (33-17963)

114 3519 326 63 Anderson,
471 3516 253 55 William
755 3515 218 64 Elijah,
1007 3519 171 51 1875-

115 3593 1969 149 A first course in college mathematics, by William E. Anderson … New York and London, Harper & brothers, 1933.
189 3751 47 39 vi
262 3761 58 37 p.,
346 3749 25 38 2
419 3780 22 9 l..
467 3746 99 46 325,
592 3745 55 40 92
675 3757 41 36 p.
777 3745 175 45 diagrs.
1015 3743 145 40 23½cm.

190 3822 143 38 “Five
373 3821 132 46 place
545 3817 168 46 tables,
752 3814 301 48 logarithms,
1091 3811 311 48 logarithmic
1439 3813 263 51 functions,
1739 3821 200 40 natural
118 3823 1977 96 functions”:
331 3877 54 40 92
413 3888 43 35 p.
485 3878 50 36 at
564 3873 105 40 end.

122 3947 51 51 ©
204 3951 123 39 June
357 3949 69 45 21,
457 3946 139 40 1933:
629 3944 65 39 2c.
728 3943 126 39 June
881 3942 83 46 21;
997 3940 82 41 aff.
1112 3940 125 39 June
1268 3940 83 45 23;
1384 3940 43 41 A
1455 3941 169 50 63358;
1658 3945 71 42 W.
1763 3948 51 41 E.
1846 3950 268 47 Anderson,

193 4006 181 34 Oxford,
429 4004 50 36 O.
573 3999 255 41 (33-17700)
