2484 4405
0 0 0 0 757
101 380 1141 70 New York (State) Laws, statutes, etc.
169 462 119 51 The
314 459 389 56 consolidated
727 462 137 51 laws
888 459 62 53 of
976 459 139 52 New
1141 457 180 66 York,
1348 456 325 53 annotated.
1737 454 366 54 Cumulative

98 541 377 67 supplement,
516 542 134 52 1932
699 537 317 69 (Covering
1049 539 96 50 the
1183 535 355 69 Legislation
1576 535 63 51 of
1678 531 135 55 1917
1850 539 59 47 to
1950 536 150 65 1932,

100 617 290 69 inclusive,
424 619 113 51 and
569 636 123 33 new
727 616 276 53 decisions
1036 616 339 67 subsequent
1406 619 59 48 to
1497 614 159 51 those
1689 612 319 69 appearing
2041 612 61 52 in

100 700 93 51 the
224 696 248 69 original
503 695 392 68 annotations)
981 695 214 52 Edited
1225 695 74 68 by
1328 694 229 52 Harold
1586 694 68 52 N.
1688 692 299 69 Eldridge,
99 710 1977 119 assisted

306 777 74 67 by
412 774 193 54 Minor
639 774 314 68 Bronaugh
989 775 112 51 and
1133 773 276 52 members
1440 772 63 52 of
1537 773 94 51 the
1666 770 267 54 editorial
1966 768 136 55 staff

161 853 1807 69 … Northport, N. Y., Edward Thompson company, 1932.
171 932 28 39 2
227 943 44 28 v.
330 931 56 38 24
389 933 44 20 cm
439 962 8 8 .

175 988 226 40 Lettered
427 997 59 29 on
514 996 168 29 cover:
712 984 313 48 McKinney’s
1053 983 333 41 consolidated
1413 985 120 37 laws
1563 983 51 39 of
1642 983 116 39 New
1787 983 145 47 York,
103 992 1985 93 annotated.

107 1112 51 52 ©
188 1116 125 39 June
339 1115 69 46 21,
437 1113 139 46 1933;
606 1113 67 39 2c.
701 1112 118 39 each
848 1113 96 38 and
971 1111 80 40 aff.
1082 1111 127 39 June
1237 1111 52 45 7;
1321 1111 40 38 A
1388 1110 171 46 63067;
1591 1110 212 40 Edward
1831 1110 276 48 Thompson

175 1183 65 29 co.

101 1274 195 52 North
322 1279 219 47 eastern
567 1272 203 69 digest,
794 1271 268 69 covering
1087 1273 78 50 all
1191 1288 149 36 cases
1367 1271 268 67 reported
1659 1270 61 53 in
1746 1270 189 53 North
171 1275 1909 129 eastern
297 1356 274 64 reporter,
595 1350 141 54 with
764 1357 228 47 current
1019 1349 345 54 cumulative
1391 1349 204 69 pocket
1621 1349 211 53 service
1857 1349 248 68 keeping

170 1427 1933 72 the digest always to date … By the publisher’s editorial
171 1508 150 56 staff,
396 1529 50 33 v.
482 1513 116 48 2-4.
677 1510 83 54 St.
795 1510 165 65 Paul,
993 1509 204 66 Minn.,
1228 1511 159 53 West
1419 1508 336 69 publishing
1787 1526 79 36 co.
1906 1542 12 33 [
1923 1514 18 21 c
1946 1511 134 48 1933
2086 1541 12 33 ]

177 1588 25 39 3
235 1598 41 27 v.
336 1585 57 40 26
395 1588 44 20 cm
444 1618 8 8 .

177 1643 381 40 CONTENTS.—v.
594 1640 42 41 2.
669 1640 588 47 Abandonment-Appeal
1292 1642 96 38 and
1422 1650 148 36 error,
1605 1640 206 39 717.—v.
1848 1637 40 42 3.
1924 1639 185 47 Appeal

106 1701 96 38 and
230 1710 148 35 error,
407 1699 88 40 718
520 1701 48 38 to
597 1698 214 40 end.—v.
839 1696 46 41 4.
911 1697 607 48 Appearance-Bailment.

111 1766 51 52 ©
193 1771 113 47 May
333 1771 69 46 24,
431 1769 140 46 1933;
602 1770 68 40 2c.
700 1770 117 39 each
846 1769 126 39 June
1000 1769 81 46 13;
1115 1779 108 29 affs.
1254 1769 126 38 June
1410 1769 81 45 14;
1523 1768 42 38 A
1593 1766 348 47 63225-63227;
1975 1768 134 39 West

178 1828 107 46 pub.
323 1838 67 31 co.

101 1930 196 53 North
333 1935 238 48 western
606 1930 203 68 digest.
886 1932 134 49 1932
1057 1931 227 50 annual.
1362 1928 286 69 Covering
1683 1931 251 51 volumes
172 1931 1937 130 241-246

173 2008 1909 133 North western reporter … with tables of statutes construed
394 2090 113 51 and
532 2107 149 34 cases
708 2088 273 68 digested.
1058 2091 90 66 By
1172 2089 96 52 the
1294 2088 338 68 publisher’s
1660 2087 267 54 editorial
1954 2085 149 56 staff.

177 2166 83 54 St.
285 2168 165 67 Paul,
474 2169 159 53 West
658 2166 335 70 publishing
1019 2188 80 34 co.
1132 2170 172 65 [1933]

175 2243 70 48 iii,
273 2242 87 40 550
386 2254 41 36 p.
485 2242 58 39 26
544 2244 44 20 cm
593 2274 8 8 .

113 2295 51 52 ©
198 2301 115 46 May
341 2299 41 48 3,
415 2298 141 48 1933;
590 2300 67 39 2c.
691 2299 128 39 June
850 2299 81 46 13;
968 2298 82 40 aff.
1084 2299 130 39 June
1245 2299 82 47 14;
1363 2299 40 38 A
1435 2299 170 46 63220;
1642 2300 135 39 West
1811 2299 107 48 pub.
1954 2310 68 30 co.

104 2416 204 64 Osten,
336 2418 169 52 Hans
532 2414 279 67 Henning
837 2433 113 37 von
978 2418 121 64 der,
1133 2422 170 50 1899-

240 2491 1864 71 … Discoveries in Anatolia, 1930-31, by Hans Henning von
109 2573 99 52 der
247 2569 194 69 Osten,
479 2570 140 53 with
656 2572 94 53 the
789 2571 406 55 collaboration
1235 2572 63 53 of
1336 2572 252 54 Richard
1627 2571 68 52 A.
1736 2571 220 54 Martin
1994 2572 110 53 and

107 2649 157 54 John
298 2649 72 57 A.
403 2648 301 55 Morrison.
777 2649 267 69 Chicago,
1080 2650 113 68 Ill.,
1227 2651 120 51 The
1384 2649 335 70 University
1754 2650 64 53 of
1857 2649 249 69 Chicago

107 2744 159 50 press
299 2730 173 65 [1933]

178 2797 66 48 xi,
268 2798 87 40 149
378 2808 43 38 p.
475 2798 128 41 illus.
633 2798 132 48 (incl.
794 2799 165 48 plans)
993 2810 137 38 maps
1167 2800 49 48 (1
1241 2800 144 47 fold.)
1418 2800 118 41 fold,
1564 2801 154 48 diagr.
1772 2801 85 41 244
1860 2804 44 21 cm
1909 2834 8 9 .
1982 2801 125 49 (The

109 2854 221 41 Oriental
357 2854 229 42 institute
612 2856 52 39 of
692 2856 82 41 the
804 2855 283 50 University
1116 2857 51 40 of
1196 2857 223 48 Chicago.
1479 2857 216 41 Oriental
1728 2858 227 41 institute
108 2869 1979 90 communications,
480 2923 75 31 no.
587 2912 81 47 14)

178 2983 41 39 A
243 2985 163 45 report
428 2982 52 40 of
499 2984 83 39 the
604 2983 313 41 excavations
941 2984 51 40 of
1016 2984 203 41 1927-29
1244 2994 100 30 was
1369 2984 252 49 published
1645 2996 54 30 as
1726 2985 216 41 Oriental
109 2986 1976 93 institute
238 3038 443 48 communications,
706 3050 74 29 no.
805 3040 69 47 11,
902 3041 152 39 under
1079 3040 138 41 title:
1245 3041 228 40 Anatolia
1501 3042 209 47 through
1736 3043 83 39 the
1843 3052 140 38 ages;
109 3041 1978 95 discoveries
351 3098 51 38 at
431 3096 81 40 the
541 3096 198 40 Alishar
768 3098 192 47 mound,
988 3096 216 49 1927-29,
1236 3099 59 46 by
1325 3097 146 41 Erich
1499 3098 51 40 F.
1582 3098 231 41 Schmidt,
1872 3099 62 47 cf.
108 3098 1978 96 Foreword.

181 3225 438 41 Contents.—The
653 3225 163 40 Alisar
847 3225 878 49 mound.—Gavur-Kalesi.—Survey
1760 3229 95 39 and
110 3229 1973 93 exploration.

116 3352 51 52 ©
197 3356 111 48 Apr.
341 3357 68 46 25,
441 3356 111 40 1933
572 3367 8 35 ;
613 3357 68 39 2c.
711 3358 96 38 and
837 3356 82 40 aff.
951 3358 115 46 May
1097 3357 82 45 13;
1212 3356 40 38 A
1283 3355 169 48 61804;
1489 3356 282 49 University
1801 3357 52 41 of
1885 3355 223 51 Chicago,

183 3413 222 48 Chicago.
476 3413 279 49 (33-13172)

108 3511 214 57 Pacific
346 3520 272 63 reporter.
683 3516 216 54 Second
926 3517 186 53 series.
1175 3517 169 55 Cases
1372 3519 214 67 argued
1614 3519 113 51 and
1754 3519 352 52 determined

178 3593 61 51 in
262 3593 95 53 the
387 3594 271 67 Supreme
686 3601 187 47 courts
901 3595 63 53 of
991 3596 344 65 California,
1360 3597 243 66 Kansas,
1631 3597 246 67 Oregon,
179 3599 1902 140 Washington,
435 3672 300 69 Colorado,
770 3674 294 67 Montana,
1099 3674 272 68 Arizona,
1408 3676 252 65 Nevada,
1695 3677 204 67 Idaho,
178 3678 1903 140 Wyoming,
389 3751 176 67 Utah,
597 3751 138 54 New
768 3751 240 68 Mexico,
1043 3753 339 67 Oklahoma,
1415 3753 245 55 District
1691 3760 188 49 courts
1912 3757 63 52 of
179 3775 1901 120 appeal
335 3830 112 51 and
473 3832 283 65 appellate
783 3832 362 66 department
1168 3832 63 52 of
1255 3833 94 52 the
1378 3833 274 68 Superior
1678 3841 163 46 court
1864 3836 63 52 of
182 3836 1898 123 California
416 3909 113 51 and
572 3908 282 54 Criminal

895 3916 162 46 court
1098 3911 64 51 of
1205 3913 231 59 appeals
1480 3912 62 51 of
1583 3912 340 60 Oklahoma,
1964 3914 141 53 with
