2575 4405
1046 4055 97 49 193

90 424 315 54 American
436 423 214 63 college
679 421 64 53 of
772 420 362 64 proctology.

92 490 1970 159 Transactions … Ninth annual session, Stevens hotel, Chicago,
287 569 1801 78 September 14, 15, 16, 17, 1932 … [Fort Wayne, Ind.,
91 660 166 51 Press
283 657 64 54 of
374 659 144 50 Fort
542 658 220 66 Wayne
791 653 265 69 printing
1083 668 297 52 company,
1408 659 18 20 c
1431 653 151 64 1932]

163 733 86 39 413
277 743 41 36 p.
348 730 109 41 incl.
485 730 163 45 front.,
677 729 142 46 illus.,
848 728 164 47 ports.,
1042 725 166 47 diagrs
1278 725 54 39 21
1336 728 44 21 cm
1387 757 8 8 .

98 785 52 52 ©
182 790 109 38 Jan.
323 788 68 46 14,
423 786 140 46 1933;
597 785 56 40 2c.
697 786 94 39 and
823 784 82 40 aff.
939 784 109 39 Jan.
1080 783 81 46 18;
1197 783 41 38 A
1270 780 169 48 59363;
1474 781 159 39 Amer.
1667 780 180 48 college
1878 779 52 40 of
165 790 1909 103 proctology,

367 842 347 48 Indianapolis.

89 945 315 57 American
428 949 109 51 law
561 949 240 66 reports,
826 943 324 53 annotated.
1226 942 236 52 Editors
1485 941 60 52 in
1570 940 171 70 chief,
1765 942 225 69 George
2011 942 75 52 H.

160 1027 261 51 Parmele
461 1026 111 52 and
608 1026 85 55 M.
733 1023 165 54 Blair
938 1022 242 66 Wailes;
1224 1019 325 70 consulting
1588 1020 202 67 editor,
1828 1020 261 60 William

158 1105 78 51 M.
273 1103 357 68 McKinney;
665 1101 314 69 managing
1012 1100 230 68 editors,
1280 1100 235 54 Charles
1550 1097 341 55 Porterfield
1953 1099 130 66 [and]

161 1181 208 54 Edwin
410 1182 204 66 Stacey
653 1181 205 66 Oakes,
895 1179 236 53 assisted
1169 1179 75 69 by
1279 1179 97 52 the
1414 1178 417 69 exceptionally
160 1178 1903 135 experienced

390 1260 266 52 editorial
717 1258 425 70 organizations
1203 1257 62 53 of
1323 1257 98 53 the
1479 1256 321 69 publishers.
1892 1276 52 34 v.
2006 1260 82 50 82.

160 1339 323 67 Rochester,
510 1340 70 52 N.
609 1340 89 64 Y.,
724 1338 123 53 The
874 1340 267 63 Lawyers
1169 1336 383 69 co-operative
1578 1334 338 71 publishing
159 1355 1906 131 company;

371 1418 339 67 Northport,
736 1419 65 50 L.
830 1418 67 65 I.,
923 1418 69 52 N.
1022 1418 91 66 Y.,
1139 1415 253 54 Edward
1421 1416 330 67 Thompson
1778 1433 307 52 company;

161 1496 116 54 San
309 1495 321 63 Francisco,
662 1494 195 64 Calif.,
889 1492 584 66 Bancroft-Whitney
1503 1512 299 46 company,
1831 1495 152 51 1933.

164 1570 99 47 viii,
294 1569 112 41 1631
436 1580 41 37 p.
536 1568 147 41 25½cm.

95 1622 52 54 ©
183 1627 110 41 Feb.
326 1626 69 48 10,
429 1625 141 49 1933;
605 1625 66 42 2c.
707 1626 96 41 and
839 1624 82 42 aff.
957 1625 111 40 Feb.
1103 1624 81 48 15;
1222 1625 41 40 A
1298 1624 170 48 60281;
1506 1625 231 47 Lawyers
1769 1621 323 52 co-operative

164 1684 107 48 pub.
302 1693 79 37 co.,
413 1683 211 40 Edward
653 1684 274 47 Thompson
957 1694 68 28 co.
1056 1683 95 39 and
1182 1682 487 48 Bancroft-Whitney
1700 1693 67 29 co.

88 1784 173 55 B.-M.
289 1788 139 52 co.’s
452 1784 344 56 cumulative
824 1790 229 49 current
1080 1786 137 54 code
1243 1784 382 70 annotations,
1651 1784 248 71 keeping
1924 1805 78 50 up
2030 1790 59 48 to

159 1866 131 51 date
326 1864 195 54 Kerr’s
559 1863 324 69 cyclopedic
920 1862 326 57 California
1284 1865 179 66 codes,
1498 1864 322 69 Henning’s
1859 1866 230 68 general

158 1944 155 66 laws,
342 1942 159 54 third
532 1942 235 68 edition,
795 1942 114 53 and
940 1944 117 51 also
1086 1961 149 36 cases
1265 1942 154 52 from
1448 1942 186 53 Idaho
1667 1945 110 51 and
1809 1945 280 52 Montana

165 2019 1856 72 [1932] … bringing decisions down to 84 Cal. dec. 364, 71
161 2099 120 54 Cal.
315 2117 131 51 app.
475 2101 115 52 dec.
620 2102 119 65 402,
767 2102 32 49 2
832 2100 121 54 Cal.
984 2118 166 50 supp.
1180 2103 85 64 36,
1295 2102 64 50 14
1385 2102 133 52 Pac.
1560 2100 127 69 (2d)
1731 2104 134 50 1119
159 2100 1905 145 (California,

393 2178 202 67 Idaho,
619 2178 112 54 and
756 2180 279 52 Montana
1059 2178 178 68 cases)
1322 2181 291 66 Prepared
1640 2182 111 51 and
1780 2182 308 54 annotated

159 2257 73 67 by
282 2257 236 53 Everett
564 2258 77 52 H.
691 2259 182 51 Roan.
950 2256 117 56 San
1115 2257 323 69 Francisco,
1486 2259 408 54 Bender-Moss
157 2276 1908 128 company,
361 2339 151 52 1933.

161 2410 68 49 iii,
257 2409 87 42 388
369 2420 45 38 p.
470 2409 146 42 25½cm.

96 2462 52 52 ©
175 2467 108 39 Feb.
310 2467 39 47 6,
375 2465 140 48 1933;
543 2466 66 41 2c.
636 2468 95 39 and
757 2467 84 41 aff.
866 2467 111 40 Feb.
1003 2467 82 46 11;
1112 2466 41 40 A
1179 2466 170 49 59391;
1378 2469 191 40 Bender
1597 2470 134 40 Moss
1754 2480 66 30 co.

92 2569 213 66 Baker,
336 2570 169 54 Edna
532 2571 184 64 Dean,
747 2575 172 50 1883-

162 2647 57 53 A
263 2646 173 56 Child
481 2648 49 54 is
571 2647 172 69 born;
791 2650 98 52 the
932 2653 159 64 story
1136 2648 96 54 for
1277 2650 276 68 children,
1596 2651 76 69 by
1717 2653 167 53 Edna
1931 2654 159 52 Dean

93 2725 2001 75 Baker … illustrated by Mary Royt. Chicago, The Reilly &
88 2803 436 69 Lee co. [ c 1932]
160 2877 30 40 2
212 2887 43 38 p.
304 2908 24 17 l.,
351 2877 118 41 9-60
490 2888 43 38 p.
559 2877 109 41 incl.
695 2879 89 40 col.
806 2877 166 48 front.,
998 2877 129 41 illus.
1155 2877 138 49 (part
1317 2879 113 49 col.)
1496 2879 57 41 33
1556 2881 45 22 cm

166 2935 287 39 Illustrated
482 2933 350 49 lining-papers
863 2935 49 38 in
944 2935 167 39 colors.

97 2986 52 53 ©
176 2990 127 49 Sept.
328 2991 68 46 15,
421 2989 141 49 1932;
588 2989 67 42 2c.
681 2991 109 40 Feb.
819 2991 67 47 11,
913 2990 141 47 1933;
1082 2990 83 43 aff.
1192 2991 102 42 Oct.
1320 2993 69 48 12,
1416 2993 141 47 1932;
1586 2995 40 38 A
1653 2994 169 49 59413;
1853 2996 147 42 Edith
2029 3000 61 38 M.

163 3048 179 47 Kovar,
372 3047 194 48 Racine,
593 3048 116 40 Wis.
780 3047 251 48 (33-4710)

94 3147 346 68 Bandholtz,
469 3151 200 64 Harry
698 3150 137 65 Hill,
869 3154 326 53 1864-1925.

162 3228 94 52 An
285 3226 416 69 undiplomatic
730 3226 185 69 diary,
942 3227 75 68 by
1044 3229 96 52 the
1168 3228 306 55 American
1502 3232 248 57 member
1778 3234 64 53 of
1866 3232 102 57 the
92 3236 1972 123 Inter-allied

412 3306 258 67 military
704 3304 234 56 mission
972 3308 60 50 to
1067 3304 306 71 Hungary,
1410 3309 326 67 1919-1920,
1771 3310 141 71 Maj.
1950 3313 140 59 Gen.

92 3384 199 68 Harry
323 3381 129 56 Hill
485 3382 343 67 Bandholtz,
907 3426 10 10 U.
984 3427 9 9 S.
1071 3402 39 47 A.;
1145 3384 189 54 edited
1365 3384 74 70 by
1473 3384 432 61 Fritz-Konrad
92 3392 1935 139 Krüger

290 3459 1525 73 … New York, Columbia university press, 1933.
164 3536 134 48 xxxi,
335 3535 87 42 394
457 3546 57 38 p.,
551 3536 25 39 1
636 3566 9 9 l.
705 3534 165 49 front.,
908 3534 128 40 illus.
1066 3533 160 50 (map)
1273 3538 163 47 ports.,
1474 3537 214 41 facsims.
1749 3540 57 40 24
1808 3542 45 22 cm
1858 3573 8 8 .

97 3589 53 53 ©
185 3594 109 40 Feb.
333 3593 68 48 15,
437 3592 141 47 1933;
617 3591 66 41 2c.
722 3590 111 41 Feb.
871 3591 82 48 16;
993 3591 81 40 aff.
1112 3592 112 41 Feb.
1261 3594 82 47 17;
1382 3596 41 38 A
1460 3595 147 42 59550;
1672 3598 251 44 Columbia
1962 3604 130 40 univ.

163 3663 150 37 press.
383 3648 249 51 (33-4591)

94 3741 286 65 Barbour,
410 3739 190 65 Ralph
631 3740 224 65 Henry,
888 3741 171 53 1870-

165 3822 219 50 Beaton
422 3837 136 34 runs
595 3818 96 52 the
729 3816 151 68 mile,
917 3817 76 68 by
1031 3817 194 68 Ralph
1263 3819 204 68 Henry
1503 3823 264 57 Barbour;
95 3813 1968 137 illustrations

269 3897 75 69 by
372 3895 129 55 Neil
532 3895 287 55 O’Keeffe.
894 3895 139 53 New
1062 3895 178 68 York,
1268 3898 257 68 London,
1552 3900 71 54 D.
1653 3903 294 69 Appleton
1977 3915 112 53 and

95 3993 294 41 company,
420 3979 150 49 1933.
