2582 4453
1385 4186 67 48 1820

373 498 230 65 Grucci,
633 499 223 64 Joseph
886 499 289 55 Leonard.

440 576 214 53 Lovers
695 574 64 53 of
800 576 180 66 earth,
1022 576 71 66 by
1137 576 217 68 Joseph
1396 576 262 54 Leonard
1702 576 239 68 Grucci;
1986 577 138 53 with
2169 599 31 33 a
370 578 1996 130 foreword

565 654 33 53 by
673 654 154 53 Fred
863 655 185 53 Lewis
1085 656 229 65 Pattee;
1355 656 289 53 woodcuts
1679 656 73 67 by
1793 655 244 55 Carmen
2074 657 67 52 R.
370 656 1997 130 Carnevale.

588 732 364 69 Pittsburgh,
981 734 120 58 Pa.,
1130 734 69 51 A.
1233 734 66 52 E.
1329 734 242 68 Ignelzi,
1603 737 149 50 1933.

442 807 1056 49 6 p. l., 17-62 p., 1 l. incl. plates. 21 cm .
443 866 147 39 “This
623 865 108 41 first
764 864 184 41 edition
983 865 41 39 is
1057 865 187 40 limited
1279 868 47 37 to
1359 864 86 41 250
1478 865 160 48 copies
1671 865 52 41 of
1756 867 156 39 which
1949 866 97 40 this
2079 867 42 40 is
2155 878 73 29 no.
2262 868 126 40 101.”

373 924 176 48 Signed
580 924 60 46 by
668 923 83 40 the
778 923 194 40 author.

441 980 233 41 Author’s
703 980 275 47 autograph
1009 991 58 29 on
1097 980 135 39 front
1261 979 340 49 lining-paper.

443 1039 185 40 Poems.

374 1106 52 53 ©
456 1112 111 39 Dec.
598 1110 69 42 16,
697 1110 114 41 1933
831 1121 8 31 :
870 1110 67 39 2c.
969 1110 111 39 Dec.
1111 1109 82 44 20;
1226 1108 82 41 aff.
1339 1110 111 40 Dec.
1482 1110 82 45 22;
1596 1110 42 39 A
1666 1110 171 47 67631;
1871 1111 43 40 J.
1945 1111 50 40 L.
2028 1110 188 48 Grucci,
444 1111 1933 105 Pittsburgh.
689 1167 224 49 (34-276)

375 1270 360 68 Hathaway,
764 1272 320 64 Benjamin
1114 1273 245 64 Adams,
1391 1275 173 51 1852-

446 1355 132 50 1001
609 1352 291 68 questions
927 1352 114 53 and
1071 1369 248 35 answers
1349 1369 72 35 on
1450 1353 232 67 general
1711 1352 242 70 history,
1982 1353 75 69 by
2087 1352 310 71 Benjamin

372 1431 2023 70 A. Hathaway … completely revised and enlarged by A. C.
374 1510 1625 69 Edgerton … New York, Noble and Noble [ c 1933]
442 1585 86 41 256
564 1595 43 38 p.
668 1585 56 40 17½
757 1587 45 21 cm
807 1618 9 7 .

378 1652 50 52 ©
460 1659 128 45 Sept.
616 1656 69 46 20,
715 1655 114 41 1933
849 1668 7 35 ;
887 1657 67 39 2c.
982 1657 112 40 Dec.
1123 1657 52 46 6;
1207 1656 81 40 aff.
1318 1657 113 41 Dec.
1459 1658 53 45 7;
1544 1658 41 38 A
1612 1657 171 47 68417;
1815 1657 151 40 Noble
1997 1658 36 40 &
2061 1658 166 41 Noble.

454 1713 223 51 (34-360)

399 1819 370 64 [Henderson,
802 1821 138 52 Mrs.
975 1818 165 55 Alice
1172 1818 280 65 (Corbin)]

443 1897 123 52 The
610 1915 105 33 sun
761 1902 163 47 turns
971 1903 152 60 west,
1169 1897 74 68 by
1293 1897 160 52 Alice
1500 1895 231 55 Corbin.
1811 1895 176 56 Santa
2037 1899 115 64 Fe.,
2198 1899 70 53 N.
2314 1899 79 53 M.

378 2009 12 34 [
396 1982 17 21 c
420 1978 134 50 1933
561 2009 12 33 ]

445 2049 695 51 5 p. l. , 3-75, [I, p. 20½ cm .
447 2108 115 41 “500
588 2108 160 48 copies
776 2109 123 39 have
927 2109 116 39 been
1074 2109 221 41 handset,
1325 2108 207 47 printed,
1561 2109 94 39 and
1685 2109 158 39 bound
1875 2109 59 47 by
1962 2109 81 40 the
2074 2109 154 47 Itydal
2260 2120 134 38 press

373 2167 52 40 of
452 2166 161 41 which
639 2166 99 40 this
766 2166 41 40 is
835 2177 74 30 no.
938 2165 98 40 97.”
1102 2165 176 48 Signed
1308 2166 59 47 by
1395 2166 193 40 author.

447 2223 251 42 “Writers’
734 2223 254 41 editions.”

447 2283 184 39 Poems.

379 2350 51 52 ©
461 2355 111 40 Dec.
603 2354 68 47 19,
701 2353 142 47 1933;
874 2354 68 39 2c.
974 2354 96 39 and
1099 2353 83 40 aff.
1212 2354 111 38 Dec.
1354 2352 83 48 26;
1468 2353 41 38 A
1539 2352 171 47 67712;
1741 2352 55 41 A.
1828 2352 48 41 C.
1908 2353 302 45 Henderson,
2246 2352 151 41 Santa

446 2412 79 42 Fe.
553 2413 55 38 N.
636 2413 62 38 M.
772 2410 223 50 (34-283)

378 2518 158 64 Hull,
566 2517 187 52 Helen
782 2517 173 54 Rose.

448 2594 211 67 Hardy
689 2593 297 70 perennial
1024 2613 110 48 [by]
1168 2593 186 53 Helen
1385 2595 164 52 Hull.
1617 2596 139 52 New
1789 2595 181 67 York,
2003 2594 390 55 Coward-Mc-

380 2676 181 58 Cann,
589 2673 108 55 inc.
731 2708 12 33 [
749 2680 17 21 c
771 2676 154 64 1933]

449 2747 591 50 5 p. l. , 3-301 p. 20 cm .
450 2806 164 39 “First
643 2804 228 41 edition.”

380 2872 51 53 ©
465 2844 115 73 Fell
606 2876 71 40 23.
709 2875 113 40 1933
842 2886 8 35 ;
883 2875 67 39 2c.
983 2876 96 38 and
1111 2874 82 41 aff.
1226 2876 123 39 Mar.
1382 2874 52 47 6;
1468 2874 42 39 A
1541 2874 171 47 60716;
1747 2874 159 39 Helen
1936 2874 134 47 Hull,
2103 2874 118 39 New
2252 2873 144 39 York.

457 2934 283 48 (33-27064)

379 3035 319 66 Johannet,
728 3036 179 65 Rene,
941 3040 171 49 1884-

510 3113 1882 69 … Les merveilleuses guerisons du docteur Gillet. Paris.
379 3195 520 66 A. Michel [ c 1933]
451 3267 467 49 428 p., 1 l. 19 cm .
380 3336 52 52 ©
463 3344 127 44 Sept.
617 3342 70 39 28.
715 3340 141 46 1933;
887 3341 66 39 1c.
982 3341 117 39 Nov.
1130 3341 80 45 17;
1242 3339 314 44 A-Foreign
1583 3339 171 46 22682;
1786 3338 146 39 Albin
1959 3337 190 41 Michel.

458 3398 223 49 (34-317)

381 3501 205 65 Keats,
619 3502 174 65 John,
830 3504 327 51 1795-1821.

453 3579 480 68 Autobiography
962 3578 63 54 of
1052 3579 154 53 John
1235 3579 197 67 Keats,
1459 3576 280 68 compiled
1768 3576 151 52 from
1945 3575 89 54 his
2062 3575 193 53 letters
2283 3573 107 54 and

381 3676 186 50 essays
595 3658 73 68 by
699 3658 173 54 Earle
902 3658 233 52 Yonard
1169 3657 239 64 Weller;
1440 3655 324 55 illustrated
1797 3656 73 67 by
1900 3653 257 54 William
2188 3652 204 54 Wilke.

383 3732 1983 151 Stanford University, Calif., Stanford university press; London, II. Milford, Oxford university press [ c 1933]
452 3898 63 28 xx
545 3899 57 37 p.,
631 3890 20 38 1
719 3920 8 10 l..
756 3888 87 40 409
871 3900 41 36 p.
979 3889 145 40 front,
1153 3889 109 46 (col.
1294 3888 149 49 port.)
1473 3888 126 39 illus.
1629 3887 133 44 (inch
1795 3890 162 47 ports.,
1987 3886 162 49 maps)
2219 3887 55 40 23
2277 3887 43 22 cm
2326 3919 8 8 .

450 3947 378 47 Bibliography:
862 3957 40 37 p.
932 3946 218 40 385-386.

382 4004 51 52 ©
470 4010 107 37 Dec.
611 4009 67 38 19.
716 4008 109 38 1933
845 4018 7 30 ;
887 4009 66 36 2c.
988 4009 110 39 Dec.
1131 4006 82 41 29:
1249 4006 81 41 aff.
1366 4008 110 39 Dec.
1510 4006 81 41 26;
1628 4007 38 37 A
1700 4005 170 47 67768;
1906 4006 162 39 Board
2102 4004 52 40 of
2185 4007 212 39 trustees

452 4066 52 38 of
532 4066 81 39 the
640 4066 179 38 Poland
854 4065 234 39 Stanford
1126 4064 157 45 junior
1313 4063 143 48 univ.,
1489 4063 235 40 Stanford
1754 4062 298 48 University,
2082 4060 144 43 Calif.

459 4123 222 48 (34-344)
