2582 4453
1305 4193 137 53 1784

366 491 281 65 Hurlbut,
677 492 266 64 Stephen
972 492 338 64 Augustus.

438 567 164 55 With
637 567 209 56 Caesar
878 569 61 52 in
975 568 237 68 France,
1246 566 168 72 being
1447 572 93 51 the
1575 567 291 56 narrative
1900 568 62 55 of
1997 590 28 33 a
2062 568 325 69 personally

369 646 313 55 conducted
722 652 130 47 tour
894 647 251 69 through
1187 648 95 53 the
1323 648 233 54 seventh
1599 648 144 53 book
1782 648 63 53 of
1886 649 93 54 the
2022 647 188 55 Gallic
2252 666 134 51 War,

367 724 2019 66 by Stephen A. Hurlbut … Washington, D. C., The St. Albans
365 823 174 50 press,
575 808 152 54 1933.

437 877 1312 51 4 p. l., 24 p. plates, maps (part double) 17 cm .
439 937 69 38 “A
533 935 85 42 list
646 936 52 40 of
726 936 195 41 ancient
950 946 168 31 names
1147 937 35 40 &
1210 939 201 38 modern
1438 939 162 47 places
1629 939 50 39 in
1706 940 187 40 France
1922 942 94 39 and
2047 942 81 39 the
2157 941 227 46 adjacent

365 993 200 43 lands”:
597 1005 43 37 p.
689 994 178 49 [21]-24.

367 1065 52 52 ©
448 1071 111 38 Dec.
589 1070 68 46 15,
686 1069 142 43 1933;
858 1070 67 39 2c.
955 1070 95 39 and
1080 1069 80 39 aff.
1191 1071 112 39 Dec.
1332 1070 82 46 18;
1445 1071 41 38 A
1513 1070 145 41 67588;
1720 1072 43 39 8.
1793 1073 53 38 A.
1876 1072 232 47 Hurlbut,
434 1069 1942 98 Washington.
606 1127 194 48 (34-98)

366 1233 176 52 Iowa.
616 1232 167 54 State
813 1232 179 53 hoard
1020 1232 63 65 of
1111 1232 364 54 educational
1505 1234 335 54 examiners.

498 1309 1894 73 … Guide for teaching geography in the elementary grades.
366 1391 200 53 Issued
600 1390 75 69 by
710 1391 196 53 Board
940 1388 66 56 of
1037 1390 365 54 educational
1437 1391 337 69 examiners,
1807 1392 197 69 Agnes
2039 1391 354 70 Samuelson,

366 1469 2028 71 president. Prepared by Clara M. Wallace … [and] Olive
364 1549 1819 70 Pearl Ritter … Des Moines, The state of Iowa [ c 1933]
433 1624 86 42 173
549 1635 45 38 p.
653 1623 57 40 22½
743 1625 47 23 cm
793 1654 11 10 .

433 1683 64 39 At
523 1682 126 40 head
676 1682 52 39 of
757 1681 137 41 title:
926 1681 137 41 State
1094 1681 53 41 of
1175 1682 146 39 Iowa.
1384 1680 128 42 1933.

434 1739 229 41 Includes
699 1737 397 50 bibliographies.

365 1793 1749 52 © Nov. 9, 1933: 2c. and aff. Nov . 13; A 67114; State of Iowa.
445 1869 283 49 (33-28264)

365 1974 344 64 Jaenicken,
742 1972 319 55 Frederick
1094 1974 286 56 Herman.

440 2053 185 56 Silent
666 2052 188 69 night,
894 2053 137 67 holy
1071 2052 198 68 night;
1314 2052 95 53 the
1453 2060 159 60 story
1653 2051 64 54 of
1759 2071 30 34 a
1833 2052 189 68 lovely
2064 2053 321 55 Christmas

363 2131 2021 69 song, by Frederick H. Jaenicken … Chicago [The Frederick
365 2211 75 53 H.
469 2211 317 56 Jaenicken
813 2229 300 49 company,
1151 2214 150 50 1933.

442 2283 1302 49 5 p. l., 37 p. plates (incl. music) ports. 18½ cm .
442 2342 185 41 "Silent
659 2342 154 48 night,
845 2343 111 46 holy
987 2342 168 46 night”
1197 2344 185 44 (words
1413 2343 94 38 and
1538 2342 180 46 music):
1789 2352 139 29 verso
1961 2342 52 38 of
2041 2342 58 39 3d
2134 2342 144 47 plate.

367 2396 51 53 ©
454 2401 100 40 Oct.
591 2402 68 40 15.
693 2400 143 41 1933:
872 2401 67 39 2c.
975 2402 95 38 and
1106 2400 81 40 aff.
1269 2412 72 28 Nov.
1376 2400 83 41 27:
1496 2401 41 38 A
1570 2400 172 40 68341:
1781 2400 52 40 F.
1868 2401 61 39 H.

1964 2400 282 42 Jaenicken,
435 2398 1937 106 Chicago.
639 2458 193 49 (34-52)

363 2561 286 67 Johnson,
682 2562 319 54 Frederick
1031 2562 278 65 William,
1345 2566 171 49 1888-

435 2642 202 67 Easily
673 2641 387 68 interpolated
1096 2640 434 68 trigonometric
1566 2640 199 68 tables,
1802 2640 139 51 with
363 2639 2000 151 Non-interpolating
577 2721 141 68 logs,

744 2719 1582 70 cologs and antilogs … by Frederick IV. Johnson …
365 2799 117 56 San
523 2800 327 66 Francisco,
891 2798 196 57 Calif.,
1127 2799 120 53 The
1291 2797 326 70 Simplified
1655 2800 172 52 series
1866 2797 337 70 publishing
364 2817 1999 133 company,
568 2882 152 51 1933.

438 2956 130 50 [112],
597 2967 45 35 x,
671 2956 70 46 44,
775 2953 84 51 [88]
892 2966 43 36 p.
997 2954 155 47 diagr.
1213 2954 55 38 24½
1302 2955 15 21 cm
1353 2986 8 7 .
1432 2953 254 46 (Lettered
1716 2963 58 30 on
1805 2964 164 30 cover:
1997 2953 101 40 The
2129 2952 256 48 simplified

363 3015 167 47 series,
566 3024 76 30 no.
677 3013 51 48 7)

435 3073 126 39 Text
588 3082 61 29 on
677 3071 367 48 lining-papers.

436 3130 162 40 Blank
625 3139 147 38 pages
798 3128 80 40 for
908 3127 206 41 "Notes”
1154 3127 81 50 ([3]
1266 3126 254 49 following
1546 3137 42 37 p.
1616 3127 82 47 44)

437 3189 227 39 Includes
700 3185 305 47 advertising
1041 3187 194 38 matter.

367 3243 54 52 ©
449 3248 121 45 Aug.
600 3246 68 42 18,
699 3244 141 42 1933:
873 3245 66 39 2c.
972 3244 102 40 Oct.
1104 3244 53 46 2;
1190 3243 83 40 aff.
1304 3244 112 39 Jan.
1445 3243 39 46 2,
1517 3242 141 43 1934:
1691 3244 41 38 A
1763 3242 170 46 66458;
1969 3243 50 40 F.
2055 3244 67 38 W.
2155 3241 233 41 Johnson.

441 3305 96 39 San
572 3302 274 41 Francisco.
918 3297 68 54 [©
1020 3313 107 28 new
1159 3301 244 49 material]
1477 3299 283 48 (33-29993)

368 3405 261 67 Kipling,
659 3407 306 64 Rudyard,
1000 3409 172 50 1865-

441 3483 257 56 Bonfires
747 3502 68 33 on
865 3483 93 52 the
1008 3483 98 68 ice,
1153 3483 73 68 by
1274 3481 277 69 Rudyard
1601 3480 265 69 Kipling.
1952 3479 231 55 Garden
2233 3478 153 70 City,

369 3563 65 52 N.
469 3563 90 65 Y.,
589 3562 357 68 Doubleday,
978 3562 195 52 Doran
1204 3563 43 49 &
1278 3578 299 52 company,
1607 3561 128 68 inc.,
1768 3562 150 50 1933.

455 3635 41 49 [8]
529 3646 43 37 p.
635 3635 55 40 19
692 3637 43 21 cm
742 3669 8 7 .

439 3695 159 39 Poem.

368 3751 52 53 ©
458 3758 111 37 Dec.
606 3756 39 41 5.
683 3755 140 42 1933;
862 3754 66 40 2c.
966 3754 93 39 and
1099 3752 80 40 aff.
1220 3754 110 39 Dec.
1368 3753 51 40 7:
1459 3753 39 39 A
1535 3752 172 42 67478;
1747 3752 54 40 It.
1840 3751 214 49 Kipling.
2094 3749 293 47 Bateman’s,

436 3814 256 40 Burwash,
728 3815 194 38 Sussex.
957 3812 233 46 England.
1268 3810 193 45 (34-99)

367 3914 268 64 Lawton,
661 3917 155 53 John
844 3914 220 65 Julian,
1095 3916 567 64 187-4-comp.

435 3995 121 51 The
588 3993 272 55 Seamans
894 3993 207 67 family
1133 3993 55 51 in
1220 3992 265 53 America
1518 4011 59 35 as
1609 3992 311 53 descended
1954 3990 152 53 from
2136 3990 249 53 Thomas

367 4072 272 56 Seamans
678 4072 64 51 of
781 4070 286 63 Swansea,
1104 4070 466 68 Massachusetts,
1610 4073 150 64 1687,
1797 4070 283 67 compiled
2116 4069 74 67 by
2227 4067 157 55 John
