2484 4405
1063 4052 132 51 1025

140 396 271 67 Alsaker,
440 399 260 52 Rasmus
727 397 277 63 Larssen,
1037 400 172 50 1883-

218 466 1923 74 Child health via food, by Rasmus Alsaker … East Aurora,
146 553 68 51 N.
251 552 88 68 Y.,
371 550 266 56 Sun-diet
669 550 193 53 health
897 547 342 55 foundation
1276 550 172 66 [1933]

215 617 1925 54 188 p., 1 l., 189-196 p. front. (port.) 21 cm . (Lettered on cover: The
147 680 221 42 Sun-diet
400 678 210 48 library)

146 750 52 52 ©
231 755 128 39 June
387 754 39 46 1,
459 753 113 40 1933;
634 753 67 39 2c.
733 752 96 39 and
861 750 81 41 aff.
976 752 116 46 July
1125 751 52 46 6;
1212 751 43 38 A
1284 750 171 47 63499;
1493 748 220 42 Sun-diet
1746 749 169 40 health
1947 745 197 49 service,

213 811 104 48 inc.,
352 812 121 39 East
502 811 205 45 Aurora,
740 810 56 39 N.
830 809 52 38 Y.
955 808 281 48 (33-18787)

139 915 315 54 American
486 913 367 65 sociological
882 913 245 64 society.

215 993 189 55 Social
438 993 285 67 problems
760 992 113 52 and
910 991 173 53 social
1120 1008 310 50 processes;
1471 989 239 53 selected
1746 1006 207 49 papers
1994 985 151 53 from

142 1072 96 51 the
282 1070 370 67 proceedings
699 1068 63 53 of
808 1069 98 52 the
949 1067 309 53 American
1304 1067 361 67 sociological
1714 1066 229 66 society,
1994 1068 150 64 1932,

143 1148 190 52 edited
363 1147 76 67 by
471 1146 217 68 Emory
722 1145 55 55 S.
813 1145 321 68 Bogardus.
1204 1143 270 68 Chicago,
1506 1144 115 66 Ill.,
1653 1144 122 52 The
1808 1143 337 66 University

141 1225 63 53 of
234 1223 252 68 Chicago
516 1242 156 49 press
709 1227 170 63 [1933]

212 1292 1928 54 xii, 154 p. 20 cm. (Half-title: The University of Chicago sociological
140 1355 176 48 series)

144 1420 52 53 ©
224 1426 128 40 June
375 1425 69 48 13,
470 1423 140 48 1933;
639 1424 66 40 2c.
734 1423 129 40 June
888 1423 81 46 14;
999 1421 82 44 aff.
1110 1422 130 40 June
1264 1422 81 47 15;
1376 1421 41 40 A
1444 1420 169 43 64062;
1646 1419 282 50 University
1955 1420 52 42 of
211 1419 1915 112 Chicago,
372 1482 223 47 Chicago.
666 1480 279 50 (33-18653)

136 1585 240 67 Averill,
408 1586 277 54 Clarence
716 1585 317 64 Campbell.

143 1658 1972 150 … Some factors underlying forest fire insurance in Massachusetts,
431 1739 139 53 with
598 1739 208 68 special
832 1738 286 54 reference
1144 1745 57 47 to
1228 1738 86 53 six
1341 1736 440 71 representative
1808 1736 331 69 properties,

141 1819 76 67 by
248 1816 61 56 C.
339 1817 60 55 C.
428 1816 223 53 Averill
680 1817 113 55 and
818 1817 64 53 L.
911 1816 80 55 M.
1019 1817 185 53 Frost.
1270 1817 349 66 Petersham,
1646 1815 190 69 Mass.,
1866 1814 270 54 Harvard

144 1895 193 68 forest,
373 1899 151 50 1933.

213 1966 56 41 80
291 1978 42 37 p.
385 1966 128 41 illus.
542 1966 186 49 (maps)
761 1966 179 49 diagrs.
991 1965 56 41 23½cm.
1208 1966 253 48 (Harvard
1486 1967 170 40 forest.
1711 1966 216 43 Bulletin
1950 1978 75 31 no.
2050 1968 79 48 17)

212 2023 376 50 Bibliography:
621 2036 42 37 p.
696 2023 190 51 [77]-80.

144 2095 52 52 ©
225 2101 113 46 May
367 2099 68 47 19,
465 2099 141 47 1933;
636 2100 67 39 2c.
733 2099 113 47 May
874 2099 82 46 31;
989 2098 81 40 aff.
1101 2099 130 39 June
1258 2098 81 46 20;
1372 2098 41 38 A
1443 2097 169 48 64162;
1646 2099 259 39 President
1932 2099 96 39 and
209 2097 1916 99 fellews

353 2157 53 40 of
433 2157 231 39 Harvard
692 2157 192 46 college,
916 2155 301 48 Cambridge,
1250 2157 145 38 Mass.
1468 2155 280 49 (33-18782)

134 2256 361 69 Babenroth,
529 2259 233 65 Adolph
797 2259 263 64 Charles,
1093 2264 326 50 1883-1928.

210 2336 1749 69 Modern business English, by A. Charles Babenroth …
138 2355 2003 204 revised by Peter T. Ward … Rev. ed. New York, Prentice-Hall, inc., 1933.
208 2565 99 48 xix,
337 2565 83 40 552
449 2576 42 38 p.
548 2565 25 40 1
601 2565 143 48 illus.,
775 2563 152 50 diagr.
983 2564 56 42 23½
1072 2567 45 20 cm
1122 2595 9 10 .

211 2621 1843 50 “First printing, September, 1925 … Revised edition, June, 1933.”
209 2679 376 48 Bibliography:
616 2690 41 37 p.
691 2679 216 41 537-539.

211 2736 128 40 “The
370 2738 195 46 general
597 2737 114 46 plan
743 2736 51 40 of
827 2736 82 40 the
940 2736 208 47 original
1181 2735 183 41 edition
1397 2736 90 40 has
1519 2736 117 40 been
1670 2736 236 47 retained,
1939 2737 86 40 but
2058 2738 81 39 the

140 2792 155 41 entire
329 2795 104 38 text
467 2794 90 39 has
591 2794 116 39 been
742 2793 240 48 carefully
1016 2794 96 39 and
1148 2794 286 47 completely
1468 2792 203 48 revised,
1708 2794 95 40 and
1838 2795 142 38 much
2016 2794 52 41 of
2102 2793 38 40 it

138 2848 258 49 simplified
425 2851 97 39 and
551 2849 482 47 amplified.”—Pref.
1065 2853 50 37 to
1146 2850 80 40 the
1258 2848 188 42 revised
1477 2849 198 42 edition.

143 2902 52 52 ©
225 2907 115 47 July
372 2906 67 47 10,
471 2906 140 47 1933;
644 2907 66 40 2c.
742 2908 95 38 and
870 2906 82 41 aff.
985 2907 115 47 July
1133 2907 81 47 14;
1250 2907 40 38 A
1322 2907 169 46 64326;
1527 2907 374 48 Prentice-Hall,
1935 2907 92 40 inc.

219 2963 281 49 (33-18655)

134 3065 254 66 Babson,
416 3068 195 64 Roger
638 3068 198 65 Ward,
869 3068 171 55 1875-
1253 3068 85 54 ed.

207 3144 1926 70 The world of business, edited by Roger W. Babson … New
139 3220 179 69 York,
355 3223 121 52 The
513 3222 336 69 University
883 3223 229 68 society,
1147 3223 402 68 incorporated
1590 3257 13 34 [
1608 3231 17 21 c
1631 3227 152 63 1933]

211 3293 97 48 xvi,
341 3294 86 40 350
461 3305 43 37 p.
567 3295 87 41 col.
686 3295 165 49 front.,
888 3295 127 42 illus.
1045 3297 199 47 (ports.)
1286 3297 171 48 plates.
1524 3297 54 40 19
1582 3299 43 21 cm
1630 3329 8 7 .
1712 3298 321 50 (Leadership
141 3311 1978 81 series.
312 3371 56 31 [v.
398 3351 97 50 18])

143 3405 52 52 ©
223 3411 113 46 May
362 3410 69 46 22,
460 3409 139 46 1933;
630 3410 68 40 2c.
727 3409 126 39 June
881 3409 51 46 6;
964 3408 81 40 aff.
1075 3409 131 40 June
1230 3410 82 46 17;
1343 3410 42 38 A
1412 3409 170 47 64033;
1614 3410 283 50 University
1925 3421 92 32 soc.
2047 3413 91 40 inc.

221 3466 279 48 (33-18750)

134 3566 366 67 Barnhouse,
530 3569 226 53 Donald
788 3568 175 67 Grey,
995 3574 172 49 1895-

208 3645 1926 73 His own received Him not, but … the turning point in the
136 3723 268 69 ministry
445 3723 63 53 of
548 3722 214 68 Christ,
801 3724 75 67 by
915 3723 232 53 Donald
1189 3723 155 68 Grey
1384 3725 352 69 Barnhouse,
1815 3772 10 10 D.
1906 3773 10 10 D.
1992 3731 136 54 New

138 3800 1519 71 York [etc.] Fleming H. Revell company [ c 1933]
211 3871 534 52 2 p. l., 7-185 p. 19½cm.
141 3926 51 53 ©
229 3932 115 46 July
378 3932 39 45 1,
453 3930 140 46 1933;
629 3930 66 39 2c.
732 3930 95 39 and
862 3928 80 41 aff.
981 3930 115 47 July
1133 3930 52 47 8;
1223 3931 42 38 A
1300 3931 170 44 63507;
1511 3933 220 50 Fleming
1768 3937 59 40 H.
1867 3939 167 40 Revell
2070 3951 54 29 co

241 3987 256 37 33—18644)
