2484 4405
1063 4093 135 54 1579

92 468 235 64 Racine,
360 467 147 52 Jean
541 463 291 64 Baptiste,
868 462 325 51 1639-1699.

220 527 1866 81 … Athaliah, by Racine; a literal translation. [Cambridge,
91 619 188 70 Mass.,
307 616 242 70 Wolff’s,
577 623 18 22 c
602 618 150 66 1933]

159 688 583 53 2 p. l., 3-48 p. 17 ½ cm .
160 749 64 42 At
248 750 125 38 head
399 748 51 39 of
476 747 106 40 title:
638 743 186 43 Wolff’s
851 742 337 41 translations.

96 804 52 52 ©
185 808 117 39 Nov.
339 807 40 45 4,
417 805 140 46 1933;
596 805 67 39 2c.
702 801 95 41 and
834 801 82 40 aff.
954 802 118 39 Nov.
1111 800 52 46 8;
1204 799 40 40 A
1281 797 171 47 66950;
1493 797 188 40 Harold
1720 797 53 40 A.
1811 794 150 41 Wolff
1995 795 96 38 and

169 864 156 40 Selma
356 863 198 40 Strauss
581 858 160 49 Wolff,
769 858 302 47 Cambridge,
1099 858 134 40 Mass.
1339 854 259 48 (33-33102)

97 952 269 64 Roberts,
396 953 276 50 Kenneth
700 948 209 66 Lewis,
164 951 908 131 1885Rabble
414 1029 60 51 in
509 1045 177 48 arms;
723 1047 31 33 a
790 1025 283 53 chronicle
1107 1025 63 53 of
1205 1024 260 53 Arundel
1502 1023 111 53 and
1649 1023 96 52 the
1782 1023 308 65 Burgoyne

98 1105 274 68 invasion,
407 1107 74 66 by
518 1104 265 53 Kenneth
818 1103 259 53 Roberts.
1150 1102 231 55 Garden
1417 1100 154 68 City,
1608 1101 68 51 N.
1716 1099 91 68 Y.,
96 1100 1971 153 Doubleday,
252 1185 195 51 Doran
476 1185 49 49 &
555 1198 296 51 company,
879 1181 126 66 inc.,
1037 1184 150 49 1933.

169 1253 626 51 4 p. l., 870, [2] p. 20 cm .
171 1312 138 50 Maps
347 1324 60 30 on
441 1309 363 51 lining-papers.

171 1370 165 41 “First
366 1367 229 43 edition.”

105 1425 52 53 ©
186 1428 114 40 Nov.
331 1428 67 39 15.
426 1426 113 41 1933;
596 1425 67 41 2c.
692 1424 96 42 and
816 1423 81 41 aff.
927 1424 118 39 Nov.
1073 1424 55 39 17:
1187 1423 40 39 A
1256 1422 143 41 68134;
1458 1423 58 41 K.
1548 1424 219 46 Roberts,
1799 1422 303 40 Kennebunk

175 1486 174 45 Beach,
384 1486 89 38 Me.
544 1481 278 50 (33-33263)

103 1574 262 65 Rolland,
401 1571 268 65 Romain,
706 1574 170 49 1866-

173 1653 219 50 Letters
433 1650 63 53 of
536 1648 244 54 Romain
820 1648 248 53 Rolland
1111 1648 109 53 and
1261 1648 276 53 Malwida
1581 1667 107 34 von
1728 1649 368 68 Meysenbug,

111 1732 332 64 1890-1891;
477 1728 313 52 translated
825 1727 151 52 from
1005 1727 97 51 the
1132 1726 222 54 French
1386 1726 75 67 by
1492 1727 247 54 Thomas
1771 1727 54 54 J.
1859 1727 238 54 Wilson.

110 1808 136 53 New
273 1806 178 66 York,
477 1807 75 52 H.
578 1805 145 53 Holt
748 1806 111 51 and
887 1823 280 48 company
1198 1838 14 34 [
1216 1810 17 22 c
1239 1808 152 64 1933]

178 1876 1205 51 4 p. l., 3-274 p. front., plates, ports. 20½ cm .
110 1935 53 52 ©
187 1939 117 39 Nov.
330 1938 38 44 9,
395 1936 113 40 1933:
561 1936 67 39 2c.
654 1935 116 41 Nov.
796 1937 27 36 4;
878 1935 82 40 aff.
986 1935 120 41 Nov.
1130 1934 60 41 10;
1242 1935 39 39 A
1307 1934 141 40 66971;
1507 1935 167 48 Henry
1701 1935 118 41 Holt
1846 1936 38 40 &
1907 1947 83 29 co.,
2009 1936 98 40 Inc.

193 1992 279 52 (33-33297)

111 2084 298 66 Romains,
441 2083 180 65 Jules,
657 2086 170 49 1885-

113 2159 1969 148 … Les hommes de bonne volonté, v. Les superbes. [Paris] Flammarion [ c 1933]
181 2315 28 39 3
236 2325 41 37 p.
329 2346 7 8 l.,
398 2313 174 49 [5]-320,
606 2313 54 48 [1]
692 2323 43 37 p.
794 2312 54 39 19
850 2313 44 21 cm
901 2344 8 7 .

116 2363 1914 56 © Nov. 9, 1933; 1c. Nov. 29; A- Foreign 22860; Ernest Flammarion.
115 2460 231 62 Romer,
379 2456 209 53 Alfred
619 2455 335 66 Sherwood,
990 2459 172 49 1894-

182 2530 1867 73 Man and the vertebrates, by Alfred Sherwood Romer …
116 2613 269 70 Chicago,
426 2612 113 67 Ill.,
580 2612 121 54 The
741 2611 336 68 University
1118 2611 65 52 of
1223 2610 252 71 Chicago
1516 2630 156 49 press
1740 2614 132 51 [1933]

188 2687 78 42 vii,
297 2688 86 39 427
412 2698 42 37 p.
515 2687 142 47 illus.,
689 2684 178 51 diagrs.
927 2686 56 39 23½
1016 2688 43 21 cm
1065 2718 7 8 .

121 2740 52 54 ©
199 2746 101 39 Oct.
326 2745 68 46 24,
421 2745 112 39 1933;
588 2744 66 39 2c.
680 2743 118 41 Nov.
823 2744 26 38 2;
905 2743 82 40 aff.
1013 2744 117 39 Nov.
1156 2744 27 39 3;
1239 2744 40 38 A
1305 2743 147 40 66882;
1505 2742 282 50 University
1814 2744 54 39 of
1892 2742 224 49 Chicago,

188 2801 223 48 Chicago.
482 2799 279 49 (33-32742)

120 2891 167 65 Ross,
321 2890 208 66 David,
566 2892 561 67 1895comp.

194 2968 187 53 Poet’s
417 2969 154 67 gold,
608 2968 75 69 by
719 2968 194 54 David
951 2969 172 66 Ross;
1164 2987 72 34 an
1274 2969 314 68 anthology
1623 2970 65 54 of
1725 2987 191 51 poems
1953 2977 57 46 to
2052 2972 62 51 be

130 3047 128 53 read
294 3048 187 64 aloud,
514 3046 141 54 with
688 3065 31 35 a
755 3045 284 54 foreword
1072 3047 77 67 by
1180 3046 261 56 William
1476 3049 162 66 Lyon
1674 3049 230 67 Phelps.
1980 3050 134 51 New

134 3124 170 69 York,
332 3125 121 53 The
478 3123 305 70 Macaulay
809 3143 278 50 company
1122 3128 192 66 [c1933]

198 3196 611 50 6 p. l., 9-290 p. 21½c m .
129 3250 51 53 ©
210 3255 116 40 Nov.
357 3256 38 45 6,
426 3255 112 40 1933;
595 3257 67 38 2c.
693 3255 117 43 Nov.
840 3257 24 37 1:
925 3256 81 41 aff.
1037 3257 117 39 Nov.
1185 3257 56 39 25:
1300 3258 41 37 A
1369 3257 144 40 65919:
1574 3257 223 40 Macaulay
1862 3268 68 30 co.

206 3312 278 47 (33-33291)

127 3400 248 65 Russell,
409 3399 264 67 Phillips,
710 3404 170 50 1884-

200 3476 258 54 William
501 3479 96 51 the
642 3478 343 70 Conqueror,
1029 3480 75 67 by
1148 3479 252 70 Phillips
1443 3483 239 52 Russell.
1759 3483 137 53 New
1942 3484 180 56 York.

129 3554 252 69 London,
412 3557 60 54 C.
506 3555 312 56 Scribner’s
849 3577 145 39 sons,
1026 3562 150 51 1933.

202 3626 99 48 viii,
332 3628 87 40 344
448 3639 42 37 p.
550 3629 128 41 illus.
707 3628 158 52 (map)
933 3630 55 41 23
993 3632 42 22 cm
1041 3663 8 9 .

135 3679 51 53 ©
218 3685 116 39 Nov.
365 3685 40 41 3,
438 3685 112 40 1933;
611 3687 66 40 2c.
711 3688 94 38 and
838 3686 79 41 aff.
950 3688 117 40 Nov.
1101 3689 53 45 9;
1188 3689 42 39 A
1261 3689 169 43 67036;
1467 3690 202 40 Charles
1705 3689 265 42 Scribner’s
2002 3701 126 30 sons.

216 3741 278 50 (33-33061)

135 3810 385 70 Rutherford,
550 3815 219 67 Joseph
801 3820 81 63 F.,
916 3821 172 51 1869-

203 3890 378 69 Preparation;
651 3895 96 53 the
786 3897 310 53 revelation
1137 3898 63 53 of
1238 3899 96 53 the
1374 3900 289 67 prophecy
1701 3900 76 67 by
1815 3901 311 53 Zechariah

134 3965 257 73 showing
420 3971 260 53 Jehovah
711 3973 111 52 and
850 3974 89 52 his
968 3976 239 51 enemies
1238 3977 313 69 preparing
1580 3977 93 53 for
1700 3978 96 54 the
1825 3978 136 53 final
1992 3998 134 48 war,
