2484 4405
1067 4125 134 50 1095

102 475 212 65 Smith,
378 474 227 54 Jessica
669 472 157 53 Belle
902 469 335 67 (Welborn)
1309 467 174 54 “Mrs.
1546 466 66 54 L.
1676 463 423 63 Worthington

171 549 252 68 Smith”,
451 553 84 54 ed.

179 630 127 54 Silk
337 629 62 53 of
429 629 95 53 the
557 645 149 51 corn,
737 643 193 53 poems
958 625 74 68 by
1062 623 274 54 members
1368 621 62 53 of
1463 622 94 50 the
1590 620 157 53 Iowa
1782 617 319 54 federation

111 695 1927 77 of women’s clubs, edited by Mrs. L. Worthington Smith …
109 785 137 52 New
279 783 177 64 York,
487 783 74 54 H.
595 780 284 55 Harrison
915 814 12 34 [
933 788 18 21 c
956 782 133 49 1932
1095 813 13 34 ]

177 855 84 41 112
292 867 43 37 p.
394 854 56 40 22½
483 856 43 22 cm
531 887 9 9 .

111 918 1996 60 © Oct. 1, 1932; 2c. July 27, 1983; aff. July 28; A 64553; Henry Harrison.
187 985 277 50 (33-19930)

105 1087 268 66 Sprigge,
408 1086 327 65 Elizabeth,
772 1091 167 50 1900-

180 1166 128 52 The’
349 1166 95 52 old
491 1184 132 34 man
670 1165 136 66 dies,
853 1184 31 33 a
929 1166 165 50 novel
1143 1163 75 66 by
1264 1161 303 53 Elizabeth
1619 1159 266 68 Sprigge.
1967 1158 140 53 New

116 1241 173 69 York,
320 1243 121 52 The
469 1241 336 53 Macmillan
834 1259 298 49 company,
1166 1244 151 49 1933.

184 1312 1020 50 4 p. l., 351 p. incl. geneal. tab. 20½ cm .
115 1368 1690 53 © Aug. 1, 1933; 2c. and aff. Aug. 2; A 64603; Macmillan co.
190 1429 279 50 (33-20286)

110 1532 245 65 Steffen,
384 1534 221 52 Roscoe
631 1532 246 65 Turner,
910 1537 171 49 1893-

185 1604 1926 74 Cases on the law of agency, by Roscoe T. Steffen … St.
112 1689 164 67 Paul,
304 1689 160 53 West
494 1686 335 70 publishing
859 1706 98 49 co.,
990 1690 151 49 1933.

185 1762 133 49 xxix,
346 1762 87 41 836
456 1774 43 37 p.
555 1762 179 48 diagrs.
789 1762 59 40 26
848 1764 44 21 cm
897 1794 9 8 .
972 1760 283 50 (American
1282 1760 236 41 casebook
1545 1758 178 47 series;
1753 1760 72 40 W.
1856 1759 55 40 R.
1940 1759 174 47 Vance,

114 1822 196 47 general
340 1818 183 49 editor)

187 1878 176 39 “Table
388 1877 52 41 of
463 1878 96 39 law
583 1876 178 41 review
785 1875 224 41 articles”:
1067 1887 45 37 p.
1136 1874 200 42 xi-xvii.

121 1932 1698 51 © July 17, 1933; 2c. and aff. July 29; A 63720; West pub. co.
198 1992 278 50 (33-19950)

116 2096 196 64 Stock,
341 2097 201 63 Harry
569 2097 276 54 Thomas.

192 2173 197 52 Better
429 2173 274 67 meetings
746 2172 94 54 for
879 2174 96 51 the
1015 2191 194 49 young
1249 2171 246 69 people’s
1535 2171 229 68 society,
1803 2172 76 67 by
1921 2171 198 67 Harry

122 2250 247 52 Thomas
400 2249 190 55 Stock.
653 2251 234 66 Boston,
918 2250 421 53 International
1368 2251 213 65 society
1610 2249 63 54 of
1702 2249 296 55 Christian
120 2267 1975 114 endeavor
363 2361 13 34 [
381 2335 18 21 c
404 2331 152 63 1933]

194 2399 82 48 vii,
307 2398 97 50 134,
440 2400 54 51 [2]
527 2411 43 38 p.
631 2399 55 42 18½
719 2403 43 21 cm
766 2432 9 9 .

199 2454 272 49 “Prepared
511 2458 52 38 at
599 2457 83 41 the
720 2460 192 45 request
953 2457 51 41 of
1042 2457 83 40 the
1164 2456 325 42 Educational
1528 2457 189 41 council
1757 2457 52 41 of
1850 2459 79 39 the

127 2458 1978 94 International
376 2513 182 48 society
586 2513 52 41 of
665 2511 250 42 Christian
942 2513 624 42 endeavor.”—Foreword.

198 2569 225 43 Includes
455 2570 391 50 bibliographies.

129 2624 1998 52 © July 1, 1983; 2c. July 24; aff. July 22; A 64421; Internatl. soc. of
199 2685 249 41 Christian
477 2687 254 38 endeavor.
802 2684 279 49 (33-20276)

199 2785 1926 71 So this is missions! [By] Harry Thomas Stock … New
132 2864 176 68 York,
346 2865 347 69 Missionary
733 2865 300 53 education
1072 2871 320 47 movement
1432 2864 65 55 of
1538 2867 96 52 the
1672 2867 219 54 United
1937 2866 189 56 States

129 2942 112 53 and
270 2941 235 55 Canada
537 2975 13 34 [
555 2949 18 21 c
577 2945 152 64 1933]

201 3014 527 51 1 p. l., 62 p. 18½ cm .
202 3071 291 41 “Reference
523 3072 250 40 sources”:
803 3082 44 38 p.
876 3071 100 42 3-4.

134 3124 1996 58 © July 6, 1933; 2c. and aff. July 21; A 64407; Missionary education
202 3190 270 38 movement
500 3189 52 39 of
580 3189 84 39 the
692 3190 55 38 U.
781 3189 44 41 S.
854 3189 96 39 and
981 3189 214 41 Canada.
1269 3190 254 48 (33-19914)

129 3277 308 65 Strachey,
470 3278 277 56 Richard.

265 3353 1861 71 … Many happy returns. New York, Harcourt, Brace and
136 3448 278 50 company
449 3465 13 33 [
467 3439 18 21 c
489 3436 152 63 1933]

210 3502 620 51 6 p. l., 3-262 p. 19½ cm .
212 3558 161 42 “First
401 3560 225 42 edition.”

141 3610 1993 61 © Aug. 3, 1933; 2c. and aff. Aug. 5; A 64647; Harcourt, Brace & co., inc.
218 3673 278 49 (33-20279)

141 3761 326 65 Stuttgart.
542 3765 361 54 Technische
973 3767 375 54 hochschule.
209 3769 1900 126 Verkehrswissenschaftliches

408 3842 231 53 institut
667 3844 101 66 für
797 3845 297 67 luftfahrt.

209 3918 683 70 Forschungsergebnisse
930 3923 95 53 des
1064 3924 873 55 Vorkehrswissenschaftlichen
141 3927 1969 123 Instituts

304 3996 97 53 für
444 3997 285 54 luftfahrt
773 4019 73 34 an
890 4001 99 52 der
1034 4002 361 53 technischen
1439 4005 339 53 hochschule
1824 4005 311 67 Stuttgart,
