2540 4453
1148 4089 99 47 323

224 442 170 64 [Cove,
424 441 221 64 Joseph
672 438 244 68 Walter]
953 443 171 51 1891-

267 517 93 56 On
389 517 96 53 the
511 516 125 69 hill,
663 515 76 70 by
767 515 185 54 Lewis
980 514 180 55 Gibbs
1196 515 213 68 [pseud.]
1498 514 139 54 New
1667 513 181 69 York,
1877 514 73 53 D.
197 512 1979 137 Appleton
323 597 112 52 and
461 612 298 51 company,
788 596 151 54 1933.

270 666 560 52 3 p. l., 271, [1] p. 19½cm.
203 722 51 52 ©
286 728 120 38 Mar.
437 727 68 45 17,
536 725 140 47 1933;
708 725 66 40 2c.
807 726 95 39 and
933 724 81 41 aff.
1047 725 123 39 Mar.
1201 724 82 46 18;
1317 724 40 39 A
1389 723 170 47 60686;
1594 724 56 40 D.
1683 724 239 47 Appleton
1955 723 36 40 &
2022 732 65 30 co.

281 783 250 48 (33-6707)

197 873 138 64 Cox,
365 874 236 64 Reavis,
633 878 171 49 1900-

268 950 388 69 Competition
694 951 58 51 in
788 951 98 52 the
919 948 307 55 American
1263 949 231 52 tobacco
1531 948 286 69 industry,
1857 949 339 66 1911-1932;

198 1049 31 34 a
258 1030 171 69 study
458 1030 63 54 of
550 1031 96 53 the
672 1027 191 57 effects
891 1028 64 54 of
983 1028 95 54 the
1107 1028 282 70 partition
1417 1027 64 54 of
1509 1028 96 53 the
1632 1026 307 56 American
1966 1027 230 54 tobacco

197 1126 278 50 company
505 1110 74 67 by
610 1109 95 52 the
737 1109 217 53 United
989 1107 186 56 States
1212 1107 275 68 Supreme
1519 1113 179 63 court,
1728 1107 76 69 by
1835 1108 209 52 Reavis
2077 1107 122 55 Cox

258 1186 1940 69 … New York, Columbia university press; London, P. S.
197 1267 161 68 King
387 1271 45 50 &
461 1285 118 49 son,
609 1267 122 66 ltd.,
762 1270 152 52 1933.

270 1341 88 40 372
389 1352 41 36 p.
493 1339 177 48 diagrs.
733 1340 54 39 23
792 1342 44 21 cm
841 1372 7 8 .
921 1339 298 50 (Half-title:
1255 1339 194 41 Studies
1484 1339 49 40 in
1567 1338 204 48 history,
1806 1336 267 43 economics
2108 1341 97 40 and

200 1397 160 49 public
391 1399 109 46 law,
534 1398 71 38 ed.
637 1396 61 48 by
732 1397 81 39 the
847 1397 205 47 Faculty
1087 1396 51 40 of
1170 1396 217 48 political
1423 1396 184 41 science
1641 1396 52 40 of
1728 1395 250 41 Columbia
199 1396 1986 105 university.
367 1466 76 28 no.
472 1455 111 46 381)

271 1512 170 39 Issued
467 1511 103 39 also
597 1521 55 29 as
679 1509 153 42 thesis
870 1510 107 48 (PH.
1035 1511 35 46 D.)
1108 1509 252 41 Columbia
1389 1509 285 48 university.

270 1567 348 48 Bibliography:
679 1577 43 38 p.
751 1567 219 41 361-366.

206 1619 1890 53 © Feb. 1, 1933; 2c. and aff. Feb. 10; A 59358; Columbia univ. press.
283 1680 251 50 (33-7369)

202 1770 139 66 Cox,
371 1768 257 56 Richard
657 1769 332 66 Threlkeld,
1021 1776 171 50 1898-

200 1845 1980 148 … Time, space and atoms, by Richard T. Cox … with frontispiece
392 1925 112 53 and
543 1926 289 67 diagrams
867 1924 74 69 by
983 1923 214 71 Shelby
1235 1923 397 56 Shackelford.
1708 1923 333 69 Baltimore,
2081 1924 122 52 The

199 2000 287 56 Williams
512 2004 45 50 &
586 2002 249 53 Wilkins
865 2020 277 51 company
1173 2002 59 52 in
1263 2004 361 66 cooperation
1652 2003 140 52 with
1822 2003 97 52 the
1948 2001 255 70 Century

199 2079 65 53 of
293 2097 261 51 progress
583 2078 335 70 exposition,
951 2082 150 51 1933.

271 2160 45 37 x,
343 2150 85 41 154
454 2161 44 38 p.
555 2150 143 50 illus.,
725 2153 137 47 port.,
889 2151 179 48 diagrs.
1122 2151 55 41 19
1181 2154 44 21 cm
1231 2184 8 8 .
1309 2151 65 48 (A
1401 2155 202 45 century
1630 2152 52 40 of
1711 2163 223 38 progress
1962 2152 176 47 series)

205 2206 1997 53 © Feb. 28, 1933: 2c. and aff. Mar. 6; A 69746; Williams & Wilkins co.
282 2268 250 48 (33-6773)

201 2354 149 63 Day,
381 2356 178 66 Clive,
593 2359 171 53 1871-

269 2432 1870 72 Economic development in modern Europe, by Clive Day …
202 2510 134 53 New
377 2511 177 68 York,
588 2513 121 51 The
743 2511 335 55 Macmillan
1113 2531 295 51 company,
1448 2516 150 50 1933.

272 2581 1303 53 xiv p., 1 l., 447 p. illus. (maps) diagrs. 22½ cm .
273 2638 276 50 “Reading”
581 2642 52 38 at
666 2642 91 39 end
790 2641 52 40 of
875 2643 119 39 each
1027 2642 215 47 chapter.

273 2695 377 42 “References”:
682 2708 44 37 p.
756 2696 218 42 419-439.

205 2751 51 52 ©
287 2757 122 40 Mar.
437 2756 68 46 14,
534 2755 140 47 1933;
705 2757 67 40 2c.
801 2759 95 38 and
924 2756 82 42 aff.
1038 2759 120 39 Mar.
1189 2756 81 47 15;
1302 2757 40 39 A
1372 2756 169 44 59915;
1575 2757 280 40 Macmillan
1886 2767 67 30 co.

283 2812 251 49 (33-6765)

201 2906 292 68 Dekobra,
521 2908 280 66 Maurice,
832 2915 171 50 1885-

272 2985 240 53 Passion
538 2986 255 69 lighting
820 2988 96 51 the
945 2987 199 68 world,
1171 2987 77 69 by
1274 2987 258 53 Maurice
1557 2987 297 67 Dekobra;
1887 2987 317 53 translated

200 3061 1982 143 from the French by Neal Wainwright. New York, The Macaulay company [ c 1933]
271 3214 85 40 315
384 3225 42 37 p.
490 3214 145 43 19½cm.

207 3267 51 52 ©
290 3274 121 39 Mar.
441 3272 68 47 21,
540 3272 139 47 1933;
712 3272 68 41 2c.
811 3274 121 39 Mar.
963 3274 82 47 22;
1078 3274 82 41 aff.
1193 3275 119 39 Mar.
1343 3274 83 48 23;
1459 3275 40 39 A
1529 3275 170 48 60747;
1733 3276 259 41 Macaulay
2024 3287 67 29 co.

283 3328 250 48 (33-6789)

203 3422 274 68 Dickens,
510 3426 262 65 Charles,
804 3428 325 56 1812-1870.

273 3504 123 52 The
421 3504 379 69 Bloomsbury
824 3504 371 69 christening,
1216 3506 76 69 by
1318 3506 235 55 Charles
1577 3507 278 66 Dickens;
1882 3505 142 56 with

204 3507 1976 128 illustrations
476 3582 76 67 by
583 3582 329 53 Alexander
943 3583 179 68 King.
1197 3584 174 66 [West
1406 3584 372 70 Springfield,
1808 3584 191 69 Mass.]
2037 3586 55 53 J.
2126 3586 79 52 H.

205 3659 304 52 Bordeaux
540 3677 297 50 company,
872 3664 149 49 1932.

272 3732 970 50 4 p. l., 30 p. incl. front., illus. 22 cm .
205 3788 1983 106 “This edition consists of three hundred numbered copies … on linweave text,
548 3846 1601 54 antique laid, French gray … This copy is number 246.”
209 3898 51 52 ©
296 3903 107 40 Feb.
440 3904 38 46 1,
514 3903 139 48 1933;
689 3906 67 40 2c.
791 3907 95 38 and
921 3906 81 41 aff.
1039 3907 111 40 Feb.
1185 3907 51 47 6;
1275 3908 39 39 A
1350 3908 169 48 59647;
1558 3910 156 41 Lewis
1750 3913 95 39 and
1882 3913 181 48 Magee,
2100 3911 104 48 inc.,

279 3959 300 49 Springfield,
614 3963 131 39 Mass.
841 3957 51 52 [©
925 3963 330 41 illustrations
1289 3967 94 38 and
1417 3967 305 40 decorations]

289 4015 249 49 (33-6932)
