2484 4405
1049 4054 102 53 737

101 404 235 63 League
364 403 64 53 of
456 403 255 53 nations.

175 480 120 53 The
319 496 266 50 program
615 477 92 51 for
731 478 94 51 the
849 476 177 53 world
1053 476 282 51 economic

1361 473 355 66 conference;
1745 473 94 54 the
1864 471 240 68 experts’

107 557 217 67 agenda
347 555 111 54 and
481 555 161 53 other
666 554 342 66 documents,
1032 554 141 52 with
1199 571 71 33 an
1293 549 387 56 introduction
1705 551 73 67 by
1800 550 193 53 James
2016 549 88 54 W.

106 628 1593 73 Angell … Boston, World peace foundation, 1933.
174 700 1870 51 5 p. l., 93 p., 1 l., v p. 20½ cm . [World peace foundation publications]
175 760 179 40 “Draft
387 760 265 39 annotated
687 760 185 47 agenda
909 759 50 40 of
993 760 81 39 the
1110 760 253 46 Monetary
1400 759 95 38 and
1529 757 241 41 economic
1806 756 297 49 conference,

104 813 1948 51 submitted by the Preparatory commission of experts, January 19, 1933 …
108 874 127 41 from
267 876 256 40 document
554 874 48 41 C.
635 875 69 41 48.
738 875 61 41 M.
835 875 67 40 18.
936 873 127 42 1933.
1140 907 8 8 II.
1182 874 131 49 Spec.
1345 874 68 40 1.”:
1473 885 44 37 p.
1552 873 190 50 [17]-78.

109 932 1397 51 © Apr. 14, 1933; 2c. May 8; aff. Apr. 28; A 61672;
1537 931 167 41 World
1732 941 144 38 peace
174 930 1915 101 foundation.
361 990 279 49 (33-12542)

103 1095 131 64 Lee,
265 1096 333 55 Lawrence.

181 1169 260 57 Summer
475 1189 131 50 goes
642 1189 89 49 on,
767 1171 75 68 by
879 1171 304 51 Lawrence
1219 1171 126 51 Lee.
1419 1169 138 53 New
1595 1168 181 68 York,
1814 1167 62 56 C.
107 1167 1975 135 Scribner’s
279 1267 147 49 sons,
455 1251 150 49 1933.

177 1320 583 49 6 p. l., 3-64 p. 20½ cm .
178 1378 184 42 Poems.

110 1433 51 52 ©
195 1436 113 49 Apr.
343 1436 68 49 28,
446 1435 140 48 1933;
623 1436 67 40 2c.
726 1437 114 47 May
873 1437 52 46 3;
962 1435 82 41 aff.
1081 1436 114 47 May
1228 1436 53 47 2;
1319 1436 40 39 A
1395 1435 169 48 62591;
1603 1435 203 42 Charles
1845 1433 265 44 Scribner’s

177 1504 124 30 sons.
373 1494 279 48 (33-12761)

104 1597 227 66 Lertes,
362 1599 194 54 Peter.

176 1676 117 52 Der
317 1674 474 68 radio-amateur;
818 1675 121 53 eine
962 1674 647 69 gemeinverständliche
1632 1675 358 68 darstellung
2014 1675 101 53 der

107 1754 360 67 grundlagen
490 1754 99 52 der
612 1754 330 53 drahtlosen
966 1753 372 69 telegraphie,
1362 1754 321 68 telephonie
1705 1754 118 53 und
1846 1755 96 53 des

107 1752 1983 225 elektrischen fernsehens, von dr. P. Lertes … 4., vollkommen umgearb.
324 1911 117 52 und
467 1910 316 55 bedeutend
812 1911 314 52 erweiterte
1156 1910 129 53 aufl.
1363 1913 203 51 11.-13.
1593 1911 260 67 tausend,
1878 1910 108 53 mit
2012 1913 102 50 290

109 1987 401 70 abbildungen.
586 1990 259 53 Dresden
871 1990 117 54 und
1018 1989 259 69 Leipzig,
1303 1990 65 52 T.
1399 1988 345 71 Steinkopff,
1774 1993 151 50 1931.

176 2062 100 47 viii,
303 2063 86 41 285
413 2075 42 37 p.
484 2065 108 39 inch
621 2063 143 47 illus.,
793 2064 170 47 tables,
989 2063 179 49 diagrs.
1230 2063 56 41 23
1289 2066 44 22 cm
1338 2097 8 8 .

177 2118 475 43 “Funk-literatur”:
687 2131 42 37 p.
751 2120 217 41 280-281.

113 2173 1914 52 © Jan. 1, 1931: 1c. Feb. 26: A -Foreign 20174; Theodor Steinkopff.
190 2233 279 49 (33-12596)

106 2335 243 67 Lothar,
381 2338 203 65 Ernst,
617 2343 171 49 1890-

240 2415 1798 69 … Kinder, erste erlebnisse. Berlin [etc.] P. Zsolnay, 1932.
176 2488 533 49 185, [1] p., 1 l . 19 cm .
179 2545 141 41 “4.-6.
361 2546 206 40 tausend
608 2547 82 39 des
729 2557 93 29 neu
861 2545 332 41 bearbeiteten
1234 2547 98 39 und
1374 2547 308 39 vermehrten
1721 2547 179 39 buches
1944 2546 168 41 Gottes

106 2602 213 46 garten.”

114 2656 1999 52 © Oct. 10, 1932; 1c. Feb. 23, 1933; A -Foreign 20064; Paul Zsolnay
181 2717 177 47 verlag,
389 2727 105 37 a.-g.
565 2717 280 48 (33-12547)

107 2818 154 65 Low,
292 2820 315 63 Benjamin
638 2821 262 53 Robbins
931 2822 220 64 Curtis,
1184 2827 171 49 1880-

183 2897 296 68 Brooklyn
502 2897 218 69 bridge,
745 2898 76 69 by
847 2898 307 68 Benjamin
1181 2899 69 52 R.
1276 2898 63 55 C.
1365 2899 153 54 Low.
1581 2898 139 53 New
1748 2898 181 69 York,
1959 2902 151 49 1933.

191 2969 82 50 [16]
307 2980 43 37 p.
410 2969 84 49 23½
499 2972 42 21 cm
548 3003 7 8 .

185 3024 129 43 “One
339 3028 219 39 hundred
583 3027 158 47 copies
764 3027 194 47 printed
985 3030 52 38 at
1061 3029 84 41 the
1168 3028 196 39 Harbor
1389 3027 180 48 press.”

185 3082 149 41 Verse
365 3084 263 40 addressed
660 3086 49 38 to
742 3085 82 40 the
856 3084 98 41 late
984 3085 213 40 Thomas
1230 3084 181 49 Walsh,
1447 3084 204 47 scholar,
1683 3086 111 46 poet
1828 3086 95 39 and
117 3087 1980 92 translator
274 3150 60 30 on

365 3141 82 39 the
479 3140 222 41 occasion
736 3141 51 40 of
819 3142 83 40 the
935 3140 183 42 fiftieth
1151 3142 320 48 anniversary
1507 3140 52 42 of
1592 3142 81 40 the
1708 3141 206 49 opening
1947 3142 53 40 of
2029 3142 86 40 the

116 3196 244 48 Brooklyn
389 3197 181 48 bridge.

115 3250 51 51 ©
193 3255 115 47 May
330 3256 68 46 11,
423 3256 113 40 1933;
591 3257 66 40 2c.
685 3259 94 37 and
805 3257 81 40 aff.
914 3258 114 46 May
1053 3258 82 45 12;
1163 3258 42 38 A
1230 3257 169 47 62624;
1430 3259 50 37 B.
1510 3258 54 39 R.
1593 3258 49 41 C.
1669 3258 127 46 Low,
1822 3258 118 39 New
1965 3258 146 39 York.

193 3311 278 48 (33-12760)

110 3414 419 67 MacClintock,
560 3416 253 55 William
845 3419 261 61 Darnall,
1140 3424 171 49 1858-

180 3491 216 69 Joseph
432 3494 287 54 Warton’s
756 3515 159 48 essay
952 3515 71 33 on
1061 3497 187 66 Pope;
1289 3516 31 33 a
1353 3497 223 66 history
1613 3497 63 52 of
1710 3497 96 52 the
1843 3496 108 53 five
111 3497 1966 139 editions,

307 3571 1799 70 by William Darnall MacClintock … Chapel Hill, The
112 3644 336 70 University
481 3648 63 52 of
574 3649 188 53 North
796 3649 272 55 Carolina
1101 3669 175 48 press,
1311 3654 150 50 1933.

185 3718 83 49 xii,
297 3720 55 40 74
377 3732 44 37 p.
451 3721 109 42 incl.
588 3721 164 49 front.,
781 3721 213 43 facsims.
1055 3722 57 40 22
1116 3725 43 21 cm
1164 3756 9 9 .

186 3774 66 39 “A
277 3776 85 40 list
386 3777 50 40 of
462 3779 243 41 Warton’s
727 3780 205 47 literary
956 3780 217 41 works”:
1198 3792 43 37 p.
1269 3780 170 48 72-74;
1468 3782 443 49 “Bibliographical
1936 3784 169 41 note”:

112 3844 43 37 p.
185 3834 67 40 74.

116 3887 53 52 ©
207 3893 115 45 May
359 3893 68 46 13,
467 3892 139 46 1933;
647 3893 67 40 2c.
756 3894 113 46 May
909 3893 81 46 19;
1034 3893 82 40 aff.
1159 3895 114 46 May
1313 3895 80 41 17;
1436 3896 42 38 A
1519 3896 170 47 62715;
1734 3897 281 48 University
2057 3898 51 39 of

182 3949 156 39 North
369 3948 228 41 Carolina
628 3960 149 37 press.
848 3950 279 48 (33-12923)
