2575 4405
1059 4088 101 50 249

118 448 172 64 Judd,
319 444 244 57 Charles
590 443 305 65 Hubbard,
927 444 170 55 1873-

187 523 293 52 Problems
513 520 63 54 of
609 520 301 54 education
941 521 61 52 in
1035 520 96 53 the
1163 520 218 54 United
1417 518 207 67 States,
1654 518 76 66 by
1765 516 237 56 Charles
2036 515 78 53 H.

117 595 1973 152 Judd … New York and London, McGraw-Hill book company, inc., 1933.
191 736 66 61 xi,
290 748 86 40 214
409 761 44 37 p.
514 749 180 48 diagrs.
754 747 55 40 23½
844 750 44 21 cm
892 779 10 10 .
974 747 251 49 (Lettered
1261 756 62 31 on
1356 754 162 33 cover:
1551 746 182 41 Recent
1767 746 151 41 social
1950 747 169 40 trends

120 807 345 50 monographs)

193 862 288 41 “Published
509 862 155 41 under
692 862 83 41 the
803 861 240 41 direction
1072 860 52 42 of
1150 861 83 41 the
1264 860 296 41 President’s
1589 861 226 40 research
1844 860 275 41 committee

121 931 60 29 on
206 919 151 41 social
383 918 537 42 trends.”—Foreword
948 918 61 48 by
1036 918 83 41 the
1146 917 288 42 committee.

193 976 145 42 “This
369 976 300 50 monograph
703 974 330 51 supplements
1066 975 96 40 and
1198 974 50 40 in
1283 985 131 32 some
1448 976 213 48 respects
1694 975 204 42 extends
1931 976 83 41 the
121 986 1980 100 report
263 1046 59 30 on
354 1034 311 42 educational
695 1034 170 40 trends
898 1032 159 40 which
1088 1033 43 39 is
1162 1033 203 47 chapter
1396 1042 73 30 VII
1499 1033 52 40 of
1582 1034 190 40 volume
1803 1043 19 29 1
1852 1033 53 41 of
1936 1034 182 40 Recent

121 1092 150 41 social
296 1092 168 41 trends
489 1091 50 40 in
564 1091 82 41 the
675 1090 179 40 United
882 1088 457 42 States.”—Introd.

122 1147 51 51 ©
202 1151 111 41 Feb.
338 1150 70 47 27,
435 1148 140 47 1933;
605 1148 66 40 2c.
701 1148 110 39 Feb.
841 1147 82 46 28;
954 1146 82 40 aff.
1064 1147 122 39 Mar.
1215 1148 52 45 1;
1299 1146 40 39 A
1368 1145 170 48 60452;
1570 1145 299 41 President’s
1895 1145 226 41 research

190 1207 272 40 committee
490 1215 59 31 on
577 1205 149 41 social
754 1205 183 47 trends,
965 1204 118 39 New
1110 1203 144 41 York.
1320 1203 251 49 (33-5585)

117 1298 185 64 Kane,
332 1296 236 56 Samuel
599 1297 68 54 E.

187 1373 132 54 Life
353 1393 64 34 or
449 1372 171 54 death
650 1371 60 54 in
740 1374 225 66 Luzon;
1000 1371 186 69 thirty
1215 1390 164 50 years
1411 1372 65 52 of
1508 1372 312 53 adventure
1852 1373 141 53 with
2024 1373 94 53 the

118 1450 2001 70 Philippine highlanders, by Samuel E. Kane … with foreword
118 1531 73 67 by
225 1530 193 67 Major
452 1528 246 55 General
731 1531 55 53 J.
824 1530 70 54 G.
928 1528 290 53 Harbord.
1294 1528 419 68 Indianapolis,
1748 1530 121 53 The
1904 1529 214 53 Bobbs-

116 1609 742 68 Merrill company [ c 1933]
188 1682 83 41 xiv
345 1714 9 16 p.,
382 1683 25 38 1
468 1713 8 16 l.,
504 1682 171 40 17-331
703 1692 43 37 p.
806 1681 164 48 front.,
999 1682 171 47 plates,
1198 1682 122 47 port.
1381 1680 58 40 22½
1470 1683 15 22 cm
1519 1712 10 10 .

188 1741 139 47 Maps
358 1750 61 31 on
447 1739 363 48 lining-papers.

195 1797 161 40 “First
389 1795 227 42 edition.”

124 1852 1998 51 © Feb. 15, 1933; 2c. Feb. 17; aff. Feb. 27; A 60438; S. E. Kane and
192 1911 229 41 Clarence
454 1913 58 38 H.
547 1914 244 43 Larmore,
826 1911 117 39 New
976 1911 144 38 York.
1191 1910 250 48 (33-5610)

119 2000 316 66 Kendrick,
463 2001 212 63 Myron
705 2000 192 57 Slade.

189 2076 286 53 Taxation
518 2076 193 68 issues,
752 2076 141 53 with
938 2076 211 69 special
1193 2077 288 54 reference
1523 2082 59 49 to
1626 2084 145 47 state
1817 2078 114 54 and
1976 2078 145 54 local

120 2153 2004 72 problems, by M. Slade Kendrick … New York and London,
118 2233 233 68 Harper
378 2234 46 51 &
450 2232 278 69 brothers,
759 2235 153 52 1933.

189 2304 70 44 xii
285 2315 57 39 p.,
370 2306 23 38 1
456 2337 8 11 l.,
493 2304 84 42 147
602 2316 44 38 p.
707 2305 180 50 diagrs.
947 2304 56 42 19½c
1052 2307 28 23 m
1084 2338 10 10 .

190 2363 162 40 “First
378 2362 229 41 edition.”

126 2417 1997 53 © Feb. 24, 1933; 2c. Feb. 24; aff. Feb. 28; A 59705; Harper & bros.
204 2477 249 49 (33-5577)

120 2564 350 68 Kilpatrick,
500 2566 254 55 William
785 2568 219 64 Heard,
1031 2567 180 55 1871-
1422 2568 84 54 ed.

191 2642 121 54 The
348 2644 360 54 educational
745 2645 266 69 frontier,
1049 2645 229 55 written
1315 2647 60 52 in
1414 2647 411 54 collaboration
1864 2648 76 67 by
121 2648 1976 124 William

286 2720 1835 74 H. Kilpatrick (editor) … Boyd H. Bode … John Dewey
184 2798 1873 72 … John L. Childs … R. B. Raup … H. Gordon Hullfish …
146 2875 1974 75 [and] Y. T. Thayer … New York, London, The Century co.
142 2956 177 66 [ c 1933]
194 3027 48 39 vi
266 3038 59 37 p.,
350 3027 28 40 2
439 3059 9 15 l.,
473 3026 144 42 3-325
644 3040 43 38 p.
746 3029 56 39 22
806 3031 45 22 cm
854 3061 9 9 .
980 3029 131 50 $2.50

195 3082 263 43 Published
497 3084 104 42 also
640 3095 55 31 as
734 3086 254 41 Yearbook
1023 3098 90 30 xxi
1151 3088 52 41 of
1240 3089 83 42 the
1361 3089 234 42 National
1632 3090 183 49 society
1854 3091 53 41 of
1944 3094 177 48 college

125 3139 221 42 teachers
378 3141 52 41 of
457 3142 274 49 education,
762 3144 52 40 F.
846 3144 57 41 D.
934 3144 201 48 Brooks,
1166 3146 197 48 general
1393 3146 173 48 editor,
1599 3147 119 41 with
1751 3148 229 49 imprint:
126 3149 1979 94 Chicago,

285 3196 90 49 Ill.,
402 3197 103 43 The
529 3197 285 51 University
840 3200 53 42 of
919 3199 211 52 Chicago
1155 3213 151 38 press.
1360 3203 119 41 This
1507 3204 128 41 issue
1663 3204 217 43 includes
1910 3208 80 40 the
125 3218 1981 84 constitution,

396 3256 320 50 membership
743 3256 85 41 list
856 3258 96 40 and
981 3258 182 41 officers
1192 3259 52 41 of
1269 3260 83 41 the
1379 3260 196 48 society.

127 3308 1707 59 © Feb. 16, 1933; 2c. and aff. Feb. 21; A 60336; Century co.
205 3368 248 48 (33-5582)

118 3456 338 68 King-Hall,
489 3460 279 64 Stephen.

189 3535 140 53 This
355 3555 204 49 money
582 3538 251 53 muddle.

203 3609 82 47 (In
312 3606 318 43 Manchester
659 3608 147 53 Daily
836 3610 243 52 dispatch,
1110 3610 117 44 Feb.
1260 3612 70 51 16,
1363 3613 144 50 1933)

127 3661 1975 109 © 1c. Apr. 17, 1933; A ad int. 17700; pubd. Feb. 16; S. King-Hall. Headley,
314 3724 174 48 Hants,
521 3725 235 47 England.

121 3801 189 67 Klein,
339 3805 284 56 Norman.

191 3877 1924 80 She loves me, by Norman Klein … New York, Farrar &
118 3954 299 70 Rinehart,
446 3958 401 69 incorporated
960 3965 118 65 [c1933]
