2597 4403
1385 4093 66 51 80

369 420 363 66 Hartmann,
762 416 340 67 Sadakichi,
1137 419 173 54 1867-

439 502 57 51 A
517 500 226 67 history
765 498 66 54 of
850 496 312 55 American
1186 502 108 62 art,
1318 497 76 67 by
1417 494 315 57 Sadakichi
1754 497 334 51 Hartmann
2119 538 56 9 …
2256 495 138 52 New

371 596 114 38 rev.
513 578 83 54 ed.
674 578 237 66 Boston,
937 578 66 51 L.
1032 577 61 55 C.
1122 578 160 65 Page
1308 578 46 51 &
1379 592 283 50 company
1694 608 12 34 [
1711 580 18 21 c
1734 576 136 51 1932
1875 607 13 34 ]

442 653 26 39 2
534 685 8 8 v.
605 651 192 46 fronts.,
830 651 172 47 plates.
1065 649 147 41 19½cm.

378 720 52 53 ©
510 733 72 31 Nov.
612 724 41 46 4,
686 721 143 43 1932:
864 721 68 42 2c.
966 721 119 40 each
1120 722 110 39 Jan.
1263 720 71 47 27,
1367 718 143 48 1933;
1548 719 109 41 affs.
1690 719 111 40 Jan.
1835 718 84 47 25;
1956 718 42 40 A
2030 716 159 49 59150,
2224 717 173 48 59151;

446 782 50 39 L.
532 781 48 42 C.
614 782 129 47 Page
776 780 36 40 &
843 790 82 36 co.,
960 778 90 41 inc.
1123 776 255 51 (33-2608)

372 884 231 65 Hauck,
635 886 141 53 Mrs.
807 882 217 54 Louise
1055 882 186 57 Platt.

444 961 125 54 The
615 965 159 65 story
823 959 66 54 of
935 960 205 69 Nancy
1186 958 293 55 Meadows
1534 958 111 70 [by]
1699 957 208 55 Louise
1958 957 167 54 Platt
2171 957 228 56 Hauck.

373 1036 1688 72 Philadelphia, The Penn publishing company [ c 1933]
443 1112 87 41 305
555 1124 45 37 p.
662 1112 56 41 19½
751 1115 47 21 cm
801 1145 9 9 .

447 1170 164 41 “First
650 1170 234 48 printing,
928 1170 239 47 January,
1212 1167 144 50 1933;
1401 1169 176 41 second
1618 1167 235 50 printing,
1897 1167 240 48 January,
2181 1166 160 44 1933.”

381 1238 52 53 ©
460 1243 110 40 Jan.
597 1244 39 46 3,
664 1242 142 48 1933;
835 1243 68 40 2c.
930 1244 97 39 and
1053 1242 82 40 aff.
1163 1242 111 41 Jan.
1301 1241 83 48 28;
1413 1242 43 39 A
1481 1241 172 47 60077;
1682 1242 134 39 Penn
1842 1241 110 49 pub.
1981 1252 67 31 co.
460 1300 254 48 (33-2525)

377 1405 222 65 Heard,
628 1405 194 55 Sarah
854 1406 163 55 Dow.

449 1482 218 57 Stories
707 1482 66 54 of
806 1482 313 54 American
1157 1482 293 69 explorers
1489 1483 113 54 and
1639 1482 243 68 settlers,
1918 1482 76 69 by
2035 1480 186 56 Sarah
2258 1482 145 53 Dow

377 1562 203 53 Heard
629 1564 115 52 and
791 1562 82 52 M.
921 1562 91 53 W.
1061 1562 192 68 King;
1304 1561 332 53 illustrated
1682 1560 76 69 by
1807 1559 212 54 Edwin
2068 1562 57 54 J.
2175 1560 230 54 Prittie.

378 1640 433 68 Philadelphia,
855 1639 255 70 Chicago
1177 1644 121 63 [etc.]
1344 1640 123 53 The
1507 1639 159 55 John
1707 1639 64 55 C.
1811 1637 271 56 Winston
2123 1657 283 51 company

383 1753 14 34 [
399 1725 21 22 c
426 1722 154 65 1933]

451 1805 45 36 x,
526 1793 87 41 262
642 1805 44 37 p.
748 1794 87 40 col.
865 1793 166 48 front.,
1062 1793 131 41 illus.
1222 1792 136 49 (incl.
1390 1792 164 48 maps)
1595 1793 86 41 col.
1713 1792 173 50 plates.
1947 1791 57 42 19½
2036 1794 45 22 cm
2085 1824 10 10 .

453 1852 295 40 Illustrated
778 1850 369 49 lining-papers.

386 1917 52 53 ©
466 1922 111 41 Jan.
603 1923 70 47 11,
700 1921 141 48 1933;
870 1923 68 40 2c.
966 1923 111 40 Jan.
1104 1923 85 47 14;
1218 1921 83 41 aff.
1329 1921 111 40 Jan.
1467 1921 83 47 16;
1579 1922 43 39 A
1648 1919 171 50 57971;
1850 1922 130 40 John
2009 1921 49 42 C.
2085 1921 230 42 Winston
2341 1931 64 33 co.

465 1979 254 49 (33-2231)

383 2084 216 65 Hecht,
630 2085 145 65 Ben,
809 2089 173 51 1893-

455 2162 123 54 The
602 2167 165 63 great
789 2180 235 50 magoo;
1052 2182 32 34 a
1107 2161 277 55 love-sick
1408 2162 245 53 charade
1678 2161 61 53 in
1764 2161 160 55 three
1951 2166 117 50 acts
2096 2162 114 54 and
385 2179 1999 130 something

577 2240 118 54 like
719 2239 158 70 eight
904 2259 203 50 scenes,
1134 2239 341 69 recounting
1498 2239 96 55 the
1622 2240 195 54 didoes
1845 2239 64 53 of
1934 2245 114 49 two
2075 2257 195 51 young
2297 2241 114 53 and

387 2337 262 34 amorous
689 2318 169 68 souls,
900 2319 128 52 who
1067 2317 136 70 nigh
1252 2316 268 71 perished
1561 2318 163 55 when
1765 2318 136 69 they
1942 2318 231 54 weren’t
2214 2320 59 52 in
2315 2319 96 55 the

385 2396 115 69 hay
541 2397 277 68 together.
895 2395 141 57 This
1076 2394 204 71 simple
1322 2396 114 53 and
1476 2395 241 71 slightly
1759 2397 253 53 uncouth
2054 2415 134 51 saga
2229 2397 48 54 is
2316 2397 96 54 the

387 2474 160 53 work
590 2474 64 53 of
696 2474 227 55 Messrs.
971 2475 124 52 Ben
1138 2475 193 54 Hecht
1373 2476 46 51 &
1463 2474 156 55 Gene
1665 2474 252 68 Fowler;
1965 2473 328 57 illustrated
2338 2476 75 68 by

388 2553 258 53 Herman
678 2552 191 55 Posse.
937 2552 138 53 New
1110 2553 182 62 York,
1323 2551 433 56 Covici-Friede
1792 2588 14 34 [
1811 2561 18 21 c
1834 2556 154 65 1933]

457 2624 28 40 7
517 2634 42 38 p.
628 2654 10 17 l.,
668 2623 148 42 3-208
848 2634 44 38 p.
953 2624 88 41 col.
1073 2624 130 40 illus.
1265 2625 50 39 21
1324 2626 45 22 cm
1374 2656 10 10 .

460 2682 292 40 Illustrated
783 2683 98 47 t.-p.
913 2681 51 40 in
993 2682 170 40 colors.

394 2752 52 53 ©
471 2757 110 40 Jan.
602 2757 43 41 4.
670 2755 114 41 1933;
837 2756 68 40 2c.
931 2756 109 39 Jan.
1065 2756 55 39 12;
1173 2756 84 41 aff.
1283 2757 108 39 Jan.
1419 2758 54 39 13;
1527 2757 41 39 A
1592 2757 170 46 57908;
1791 2758 54 39 B.
1871 2757 173 48 Hecht,
2065 2758 184 46 Nyack.
2268 2757 55 39 N.
2345 2758 67 46 Y.,

464 2815 99 38 and
589 2814 129 40 Gene
745 2813 204 42 Fowler,
977 2814 122 39 Kew
1126 2813 235 49 Gardens,
1389 2814 51 41 L.
1469 2815 53 39 I..
1547 2815 58 40 N.
1633 2815 52 39 Y.
1758 2814 254 50 (33-2205)

390 2916 373 68 Henderson,
791 2919 207 54 James
1021 2920 159 64 Max,
1215 2924 173 50 1895-

467 3037 57 11 …
574 2994 309 65 Questions
928 2996 116 53 and
1089 3014 248 36 answers
1383 2995 143 54 with
1572 2996 288 70 problems
1906 2997 115 53 and
2065 2995 352 54 illustrative

391 3080 210 47 matter
632 3093 72 34 on
735 3074 98 53 the
862 3075 111 52 law
1006 3073 65 54 of
1099 3074 162 68 sales,
1291 3074 173 55 based
1497 3093 72 36 on
1601 3076 78 52 all
1711 3077 96 52 the
1838 3075 279 54 standard
2149 3081 124 47 text
2302 3074 113 54 and

393 3170 124 35 case
554 3152 195 68 books,
785 3152 76 69 by
898 3152 198 55 James
1131 3153 82 53 M.
1252 3153 345 54 Henderson
1640 3196 57 11 …
1777 3152 274 72 Chicago,
2093 3152 325 71 Callaghan

394 3232 115 52 and
536 3249 302 51 company,
866 3234 155 51 1933.

467 3304 61 46 vi,
556 3304 57 41 80
640 3314 45 39 p.
745 3304 58 41 20½
835 3307 45 21 cm
884 3336 9 9 .
966 3304 339 49 (Callaghan’s
1333 3304 197 49 quizzer
1558 3304 176 51 series)

401 3372 53 52 ©
485 3378 112 39 Jan.
627 3377 70 47 25,
726 3375 144 42 1933:
902 3377 68 41 2c.
1002 3378 96 40 and
1129 3376 82 41 aff.
1245 3377 110 41 Jan.
1386 3376 84 48 27;
1503 3378 41 39 A
1575 3378 172 47 59181;
1782 3378 273 49 Callaghan
2087 3378 35 40 &
2155 3388 67 31 co.

480 3433 253 49 (33-2663)

401 3535 211 66 Hume,
643 3538 225 54 Robert
899 3539 241 64 Ernest,
1173 3538 172 54 1877-
1561 3557 181 50 comp.

469 3616 482 54 Treasure-house
982 3617 64 52 of
1077 3618 96 52 the
1202 3617 189 69 living
1422 3617 300 69 religions;
1758 3619 296 52 selections
2085 3619 153 52 from
2269 3619 151 52 their

399 3695 196 52 sacred
622 3693 329 69 scriptures,
977 3694 285 69 compiled
1289 3697 115 52 and
1430 3696 191 54 edited
1647 3696 75 69 by
1748 3696 217 54 Robert
1992 3697 211 53 Ernest
2228 3698 192 52 Hume

405 3816 55 9 …
542 3773 141 52 New
710 3774 180 65 York,
919 3775 260 66 London,
1208 3775 62 55 C.
1302 3775 314 56 Scribner’s
1644 3794 146 49 sons,
1821 3779 152 50 1932.

474 3846 788 50 xviii p., 2 l., 3-493 p. 21½ cm .
474 3903 353 48 Bibliography:
889 3916 42 38 p.
961 3905 221 41 405-443.

409 3967 52 49 ©
490 3970 110 39 Dec.
626 3969 40 41 9.
695 3970 138 39 1932:
862 3969 67 41 2c.
955 3970 111 40 Jan.
1092 3971 39 44 5,
1160 3969 140 44 1933;
1330 3969 82 41 aff.
1439 3970 109 39 Jan.
1576 3971 53 47 3;
1657 3971 38 38 A
1722 3970 171 47 58708;
1925 3969 203 41 Charles
2157 3968 267 43 Scribner’s

476 4036 127 30 sons.
675 4026 253 48 (33-2132)
