<alto xmlns="http://www.loc.gov/standards/alto/ns-v3#" xmlns:xlink="http://www.w3.org/1999/xlink" xmlns:xsi="http://www.w3.org/2001/XMLSchema-instance" xsi:schemaLocation="http://www.loc.gov/standards/alto/ns-v3# http://www.loc.gov/alto/v3/alto-3-0.xsd"><Description>
<MeasurementUnit>pixel</MeasurementUnit>
<sourceImageInformation>
<fileName>1933_v1_Part1.pdf</fileName>
</sourceImageInformation>
<OCRProcessing ID="IdOcr">
<ocrProcessingStep>
<processingDateTime>2019-01-03</processingDateTime>
<processingSoftware>
<softwareCreator>ABBYY</softwareCreator>
<softwareName>ABBYY Recognition Server</softwareName>
<softwareVersion>4.0</softwareVersion>
</processingSoftware>
</ocrProcessingStep>
</OCRProcessing>
</Description>
<Styles>
<ParagraphStyle ID="StyleId-FFFFFFFF-FFFF-FFFF-FFFF-FFFFFFFFFFFF-" ALIGN="Left" LEFT="0." RIGHT="0." FIRSTLINE="0."/>
<ParagraphStyle ID="StyleId-6EF5737A-DCEB-4126-A0CF-C5930BF7166A-" ALIGN="Left" LEFT="0." RIGHT="0." FIRSTLINE="0." LINESPACE="8.300000191"/>
<ParagraphStyle ID="StyleId-2DE44258-FD0B-41E1-B542-087C989B01A3-" ALIGN="Left" LEFT="0." RIGHT="0." FIRSTLINE="0." LINESPACE="12.19999981"/>
<ParagraphStyle ID="StyleId-CE3D254A-29D7-4DD7-B5F1-E0FC0EF29B05-" ALIGN="Left" LEFT="0." RIGHT="0." FIRSTLINE="-14." LINESPACE="8.619999886"/>
<ParagraphStyle ID="StyleId-C0E3A137-CE4F-4287-8A90-B599106709D0-" ALIGN="Left" LEFT="0." RIGHT="0." FIRSTLINE="-14." LINESPACE="12.19999981"/>
<ParagraphStyle ID="StyleId-50F26F0C-05DA-4C19-BA58-7A6AC4499BEE-" ALIGN="Left" LEFT="0." RIGHT="0." FIRSTLINE="-14." LINESPACE="11.06999969"/>
<ParagraphStyle ID="StyleId-5DDE65AF-512C-41E2-9B8E-095D6D99EF68-" ALIGN="Center" LEFT="0." RIGHT="0." FIRSTLINE="0." LINESPACE="11.89999962"/>
<ParagraphStyle ID="StyleId-0A81D7A5-6A62-4C52-915E-7768974C704D-" ALIGN="Left" LEFT="0." RIGHT="0." FIRSTLINE="0." LINESPACE="9.399999619"/>
<ParagraphStyle ID="StyleId-F7A0127F-6B48-4157-BB81-FE33E1E1A05B-" ALIGN="Block" LEFT="0." RIGHT="0." FIRSTLINE="-13." LINESPACE="10.63000011"/>
<ParagraphStyle ID="StyleId-E18C69F7-DBD7-48B1-805C-FCD96D0DA019-" ALIGN="Left" LEFT="0." RIGHT="0." FIRSTLINE="0." LINESPACE="11.64000034"/>
<ParagraphStyle ID="StyleId-98F15501-B611-4E83-8BB3-807E891F11F5-" ALIGN="Left" LEFT="0." RIGHT="0." FIRSTLINE="-14." LINESPACE="12.19999981"/>
<ParagraphStyle ID="StyleId-F4A78626-0BBC-4D12-94D9-A1AE75A9855F-" ALIGN="Left" LEFT="0." RIGHT="0." FIRSTLINE="0." LINESPACE="9.399999619"/>
<ParagraphStyle ID="StyleId-6A3F6F4C-D21B-4ADE-902F-7683F18ECEF3-" ALIGN="Left" LEFT="0." RIGHT="0." FIRSTLINE="0." LINESPACE="11.10000038"/>
</Styles>
<Layout>
<Page ID="Page1660" PHYSICAL_IMG_NR="1660" HEIGHT="4453" WIDTH="2582">
<TopMargin HEIGHT="412" WIDTH="2582" VPOS="0" HPOS="0">
</TopMargin>
<LeftMargin HEIGHT="3769" WIDTH="414" VPOS="412" HPOS="0">
</LeftMargin>
<RightMargin HEIGHT="3769" WIDTH="114" VPOS="412" HPOS="2468">
</RightMargin>
<BottomMargin HEIGHT="272" WIDTH="2582" VPOS="4181" HPOS="0">
</BottomMargin>
<PrintSpace HEIGHT="3769" WIDTH="2054" VPOS="412" HPOS="414">
<TextBlock ID="Page1660_Block1" HEIGHT="85" WIDTH="231" VPOS="4096" HPOS="1354" LANG="en-US" CS="1" STYLEREFS="StyleId-EFAFBC53-C7C9-4169-A9CA-C2512D9410CA-">
<TextLine HEIGHT="49" WIDTH="29" VPOS="4110" HPOS="1398" CS="1">
<String CS="1" CONTENT="1660" HEIGHT="49" WIDTH="29" VPOS="4110" HPOS="1398"/>
</TextLine>
</TextBlock>
<TextBlock ID="Page1660_Block2" HEIGHT="3701" WIDTH="2054" VPOS="412" HPOS="414" CS="1" STYLEREFS="StyleId-34861414-1EB8-4126-9403-DAF634CEAD72-">
<Shape>
<Polygon POINTS="414,412 2468,412 2468,4073 1281,4073 1281,4113 414,4113 414,412"/>
</Shape>
<TextLine HEIGHT="67" WIDTH="517" VPOS="422" HPOS="431" STYLEREFS="StyleId-1394F182-9211-4B8C-8F4E-0DDF79A792AD-" LANG="en-US">
<String CONTENT="Nezelof," HEIGHT="65" WIDTH="266" VPOS="424" HPOS="431"/>
<SP HEIGHT="64" WIDTH="27" VPOS="425" HPOS="698"/>
<String CONTENT="Pierre." HEIGHT="58" WIDTH="222" VPOS="422" HPOS="726"/>
</TextLine>
<TextLine HEIGHT="70" WIDTH="1884" VPOS="500" HPOS="563" STYLEREFS="StyleId-6B34B41E-7D1F-4150-ABDB-0CDB3B69D80F-" LANG="fr" CS="1">
<String LANG="en-US" CS="1" CONTENT="&#8230;"/>
<SP HEIGHT="52" WIDTH="40" VPOS="501" HPOS="563"/>
<String CONTENT="La" HEIGHT="53" WIDTH="84" VPOS="501" HPOS="604"/>
<SP HEIGHT="35" WIDTH="37" VPOS="519" HPOS="689"/>
<String LANG="en-US" CONTENT="vie" HEIGHT="53" WIDTH="89" VPOS="500" HPOS="727"/>
<SP HEIGHT="69" WIDTH="35" VPOS="500" HPOS="817"/>
<String CONTENT="joyeuse" HEIGHT="69" WIDTH="230" VPOS="500" HPOS="853"/>
<SP HEIGHT="35" WIDTH="35" VPOS="519" HPOS="1084"/>
<String CONTENT="et" HEIGHT="47" WIDTH="54" VPOS="507" HPOS="1120"/>
<SP HEIGHT="48" WIDTH="33" VPOS="506" HPOS="1175"/>
<String CONTENT="tragique" HEIGHT="70" WIDTH="265" VPOS="500" HPOS="1209"/>
<SP HEIGHT="53" WIDTH="36" VPOS="502" HPOS="1475"/>
<String CONTENT="de" HEIGHT="53" WIDTH="68" VPOS="502" HPOS="1512"/>
<SP HEIGHT="53" WIDTH="34" VPOS="502" HPOS="1581"/>
<String CONTENT="Marie-Antoinette." HEIGHT="55" WIDTH="569" VPOS="500" HPOS="1616"/>
<SP HEIGHT="52" WIDTH="74" VPOS="502" HPOS="2186"/>
<String CONTENT="Paris," HEIGHT="69" WIDTH="186" VPOS="500" HPOS="2261"/>
</TextLine>
<TextLine HEIGHT="69" WIDTH="523" VPOS="578" HPOS="428" STYLEREFS="StyleId-6B34B41E-7D1F-4150-ABDB-0CDB3B69D80F-" LANG="fr">
<String CONTENT="A." HEIGHT="53" WIDTH="71" VPOS="579" HPOS="428"/>
<SP HEIGHT="54" WIDTH="28" VPOS="578" HPOS="500"/>
<String CONTENT="Michel" HEIGHT="55" WIDTH="214" VPOS="578" HPOS="529"/>
<SP HEIGHT="67" WIDTH="33" VPOS="580" HPOS="744"/>
<String CONTENT="[1933]" HEIGHT="65" WIDTH="173" VPOS="582" HPOS="778"/>
</TextLine>
<TextLine HEIGHT="50" WIDTH="1429" VPOS="650" HPOS="500" LANG="fr" CS="1">
<String CONTENT="506" HEIGHT="42" WIDTH="87" VPOS="650" HPOS="500"/>
<SP HEIGHT="48" WIDTH="24" VPOS="652" HPOS="588"/>
<String CS="1" CONTENT="p.," HEIGHT="37" WIDTH="42" VPOS="663" HPOS="613"/>
<SP HEIGHT="40" WIDTH="26" VPOS="654" HPOS="672"/>
<String CONTENT="1" HEIGHT="38" WIDTH="24" VPOS="654" HPOS="699"/>
<SP/>
<String CS="1" CONTENT="l."/>
<SP/>
<String CONTENT="incl." HEIGHT="41" WIDTH="109" VPOS="652" HPOS="808"/>
<SP HEIGHT="42" WIDTH="27" VPOS="651" HPOS="918"/>
<String CONTENT="front.," HEIGHT="48" WIDTH="164" VPOS="651" HPOS="946"/>
<SP HEIGHT="39" WIDTH="26" VPOS="661" HPOS="1111"/>
<String CONTENT="plates," HEIGHT="46" WIDTH="172" VPOS="654" HPOS="1138"/>
<SP HEIGHT="38" WIDTH="27" VPOS="662" HPOS="1311"/>
<String CONTENT="ports.," HEIGHT="46" WIDTH="163" VPOS="654" HPOS="1339"/>
<SP HEIGHT="47" WIDTH="27" VPOS="653" HPOS="1503"/>
<String CONTENT="facsim." HEIGHT="41" WIDTH="190" VPOS="652" HPOS="1531"/>
<SP HEIGHT="40" WIDTH="59" VPOS="652" HPOS="1722"/>
<String CONTENT="21" HEIGHT="40" WIDTH="55" VPOS="652" HPOS="1782"/>
<String LANG="en-US" CS="1" CONTENT="&#189;"/>
<String CONTENT="cm." HEIGHT="40" WIDTH="57" VPOS="655" HPOS="1872"/>
</TextLine>
<TextLine HEIGHT="54" WIDTH="1791" VPOS="706" HPOS="432" CS="1">
<String LANG="fr" CONTENT="&#169;" HEIGHT="53" WIDTH="54" VPOS="706" HPOS="432"/>
<SP HEIGHT="53" WIDTH="25" VPOS="706" HPOS="487"/>
<String LANG="en-US" CONTENT="June" HEIGHT="40" WIDTH="129" VPOS="712" HPOS="513"/>
<SP HEIGHT="38" WIDTH="23" VPOS="713" HPOS="643"/>
<String LANG="fr" CONTENT="19," HEIGHT="48" WIDTH="69" VPOS="711" HPOS="667"/>
<SP HEIGHT="46" WIDTH="29" VPOS="713" HPOS="737"/>
<String LANG="fr" CONTENT="1933;" HEIGHT="48" WIDTH="141" VPOS="711" HPOS="767"/>
<SP/>
<String LANG="fr" CS="1" CONTENT="1c."/>
<SP/>
<String LANG="fr" CONTENT="Sept." HEIGHT="46" WIDTH="128" VPOS="713" HPOS="1039"/>
<SP HEIGHT="39" WIDTH="27" VPOS="714" HPOS="1168"/>
<String LANG="fr" CONTENT="13;" HEIGHT="47" WIDTH="82" VPOS="712" HPOS="1196"/>
<SP HEIGHT="47" WIDTH="30" VPOS="712" HPOS="1279"/>
<!-- cceid 4A8E1414-6CF9-1014-A6CF-A82867D68027 --><String LANG="fr" CONTENT="A-" HEIGHT="39" WIDTH="103" VPOS="712" HPOS="1310"/>
<String LANG="en-US" CONTENT="Foreign" HEIGHT="49" WIDTH="210" VPOS="711" HPOS="1415"/>
<SP HEIGHT="38" WIDTH="25" VPOS="713" HPOS="1626"/>
<String LANG="fr" CONTENT="22104;" HEIGHT="48" WIDTH="173" VPOS="712" HPOS="1652"/>
<SP HEIGHT="47" WIDTH="30" VPOS="713" HPOS="1826"/>
<String LANG="fr" CONTENT="Albin" HEIGHT="39" WIDTH="146" VPOS="713" HPOS="1857"/>
<SP HEIGHT="38" WIDTH="28" VPOS="714" HPOS="2004"/>
<String LANG="fr" CONTENT="Michel." HEIGHT="41" WIDTH="190" VPOS="712" HPOS="2033"/>
</TextLine>
<TextLine HEIGHT="48" WIDTH="283" VPOS="782" HPOS="510" LANG="fr">
<String CONTENT="(33-35425)" HEIGHT="48" WIDTH="283" VPOS="782" HPOS="510"/>
</TextLine>
<TextLine HEIGHT="66" WIDTH="468" VPOS="886" HPOS="428" STYLEREFS="StyleId-1394F182-9211-4B8C-8F4E-0DDF79A792AD-" LANG="fi">
<String CONTENT="Nordell," HEIGHT="66" WIDTH="260" VPOS="886" HPOS="428"/>
<SP HEIGHT="65" WIDTH="28" VPOS="887" HPOS="689"/>
<String CONTENT="Julia." HEIGHT="55" WIDTH="178" VPOS="886" HPOS="718"/>
</TextLine>
<TextLine HEIGHT="70" WIDTH="1749" VPOS="963" HPOS="501" STYLEREFS="StyleId-6B34B41E-7D1F-4150-ABDB-0CDB3B69D80F-" CS="1">
<String LANG="en-US" CONTENT="Little" HEIGHT="53" WIDTH="178" VPOS="965" HPOS="501"/>
<SP HEIGHT="55" WIDTH="40" VPOS="963" HPOS="680"/>
<String LANG="fr" CONTENT="faces" HEIGHT="56" WIDTH="156" VPOS="963" HPOS="721"/>
<SP HEIGHT="56" WIDTH="38" VPOS="963" HPOS="878"/>
<String LANG="en-US" CONTENT="from" HEIGHT="55" WIDTH="154" VPOS="963" HPOS="917"/>
<SP HEIGHT="54" WIDTH="39" VPOS="963" HPOS="1072"/>
<String LANG="en-US" CONTENT="far" HEIGHT="55" WIDTH="95" VPOS="963" HPOS="1112"/>
<SP HEIGHT="50" WIDTH="38" VPOS="983" HPOS="1208"/>
<String LANG="en-US" CONTENT="places," HEIGHT="67" WIDTH="206" VPOS="966" HPOS="1247"/>
<SP HEIGHT="68" WIDTH="37" VPOS="965" HPOS="1454"/>
<String LANG="en-US" CONTENT="by" HEIGHT="68" WIDTH="77" VPOS="965" HPOS="1492"/>
<SP HEIGHT="68" WIDTH="39" VPOS="965" HPOS="1570"/>
<String LANG="en-US" CONTENT="Julia" HEIGHT="54" WIDTH="161" VPOS="965" HPOS="1610"/>
<SP HEIGHT="52" WIDTH="38" VPOS="966" HPOS="1772"/>
<String LANG="fi" CONTENT="Nordell," HEIGHT="67" WIDTH="259" VPOS="966" HPOS="1811"/>
<SP HEIGHT="49" WIDTH="37" VPOS="984" HPOS="2071"/>
<String LANG="en-US" CONTENT="with" HEIGHT="53" WIDTH="141" VPOS="966" HPOS="2109"/>
</TextLine>
<TextLine HEIGHT="147" WIDTH="2015" VPOS="966" HPOS="430" STYLEREFS="StyleId-6B34B41E-7D1F-4150-ABDB-0CDB3B69D80F-" LANG="en-US" CS="1">
<String CONTENT="illustrations" HEIGHT="131" WIDTH="1995" VPOS="966" HPOS="430"/>
<SP HEIGHT="55" WIDTH="26" VPOS="1042" HPOS="679"/>
<String CONTENT="by" HEIGHT="69" WIDTH="76" VPOS="1042" HPOS="706"/>
<SP HEIGHT="62" WIDTH="28" VPOS="1049" HPOS="783"/>
<String CONTENT="the" HEIGHT="53" WIDTH="97" VPOS="1043" HPOS="812"/>
<SP HEIGHT="35" WIDTH="30" VPOS="1061" HPOS="910"/>
<String CONTENT="author." HEIGHT="53" WIDTH="225" VPOS="1043" HPOS="941"/>
<SP HEIGHT="54" WIDTH="68" VPOS="1043" HPOS="1167"/>
<String CONTENT="New" HEIGHT="54" WIDTH="140" VPOS="1043" HPOS="1236"/>
<SP HEIGHT="52" WIDTH="31" VPOS="1044" HPOS="1377"/>
<String CONTENT="York," HEIGHT="67" WIDTH="183" VPOS="1044" HPOS="1409"/>
<SP HEIGHT="69" WIDTH="29" VPOS="1042" HPOS="1593"/>
<String CONTENT="Grosset" HEIGHT="56" WIDTH="234" VPOS="1042" HPOS="1623"/>
<SP HEIGHT="51" WIDTH="32" VPOS="1046" HPOS="1858"/>
<String CONTENT="&amp;" HEIGHT="51" WIDTH="50" VPOS="1046" HPOS="1891"/>
<SP HEIGHT="53" WIDTH="32" VPOS="1044" HPOS="1942"/>
<String CONTENT="Dunlap" HEIGHT="69" WIDTH="237" VPOS="1044" HPOS="1975"/>
<SP HEIGHT="50" WIDTH="38" VPOS="1063" HPOS="2213"/>
<String CS="1" CONTENT="[c1933]" HEIGHT="64" WIDTH="119" VPOS="1047" HPOS="2326"/>
</TextLine>
<TextLine HEIGHT="51" WIDTH="772" VPOS="1116" HPOS="498" STYLEREFS="StyleId-6B34B41E-7D1F-4150-ABDB-0CDB3B69D80F-" LANG="en-US">
<String CONTENT="76," HEIGHT="47" WIDTH="70" VPOS="1116" HPOS="498"/>
<SP HEIGHT="30" WIDTH="49" VPOS="1136" HPOS="569"/>
<String CONTENT="[2]" HEIGHT="50" WIDTH="56" VPOS="1117" HPOS="619"/>
<SP HEIGHT="40" WIDTH="45" VPOS="1127" HPOS="676"/>
<String CONTENT="p." HEIGHT="38" WIDTH="43" VPOS="1127" HPOS="722"/>
<SP HEIGHT="31" WIDTH="60" VPOS="1126" HPOS="766"/>
<String CONTENT="col." HEIGHT="39" WIDTH="88" VPOS="1118" HPOS="827"/>
<SP HEIGHT="41" WIDTH="44" VPOS="1116" HPOS="916"/>
<String CONTENT="illus." HEIGHT="42" WIDTH="130" VPOS="1116" HPOS="961"/>
<SP HEIGHT="40" WIDTH="59" VPOS="1118" HPOS="1092"/>
<String CONTENT="30cm." HEIGHT="42" WIDTH="118" VPOS="1116" HPOS="1152"/>
</TextLine>
<TextLine HEIGHT="50" WIDTH="1234" VPOS="1172" HPOS="502" LANG="en-US">
<String CONTENT="Illustrated" HEIGHT="41" WIDTH="292" VPOS="1173" HPOS="502"/>
<SP HEIGHT="39" WIDTH="33" VPOS="1175" HPOS="795"/>
<String CONTENT="t.-p." HEIGHT="45" WIDTH="99" VPOS="1176" HPOS="829"/>
<SP HEIGHT="30" WIDTH="31" VPOS="1185" HPOS="929"/>
<String CONTENT="and" HEIGHT="39" WIDTH="98" VPOS="1175" HPOS="961"/>
<SP HEIGHT="39" WIDTH="32" VPOS="1175" HPOS="1060"/>
<String CONTENT="lining-papers" HEIGHT="50" WIDTH="353" VPOS="1172" HPOS="1093"/>
<SP HEIGHT="42" WIDTH="34" VPOS="1172" HPOS="1447"/>
<String CONTENT="in" HEIGHT="41" WIDTH="50" VPOS="1172" HPOS="1482"/>
<SP HEIGHT="31" WIDTH="32" VPOS="1184" HPOS="1533"/>
<String CONTENT="colors." HEIGHT="41" WIDTH="170" VPOS="1174" HPOS="1566"/>
</TextLine>
<TextLine HEIGHT="50" WIDTH="1947" VPOS="1229" HPOS="501" LANG="en-US">
<String CONTENT="Part" HEIGHT="42" WIDTH="120" VPOS="1230" HPOS="501"/>
<SP HEIGHT="39" WIDTH="37" VPOS="1233" HPOS="622"/>
<String CONTENT="of" HEIGHT="41" WIDTH="52" VPOS="1230" HPOS="660"/>
<SP HEIGHT="42" WIDTH="35" VPOS="1230" HPOS="713"/>
<String CONTENT="the" HEIGHT="42" WIDTH="83" VPOS="1230" HPOS="749"/>
<SP HEIGHT="41" WIDTH="37" VPOS="1230" HPOS="833"/>
<String CONTENT="illustrations" HEIGHT="42" WIDTH="333" VPOS="1230" HPOS="871"/>
<SP HEIGHT="30" WIDTH="37" VPOS="1241" HPOS="1205"/>
<String CONTENT="are" HEIGHT="31" WIDTH="85" VPOS="1240" HPOS="1243"/>
<SP HEIGHT="39" WIDTH="35" VPOS="1240" HPOS="1329"/>
<String CONTENT="paper" HEIGHT="39" WIDTH="154" VPOS="1240" HPOS="1365"/>
<SP HEIGHT="40" WIDTH="33" VPOS="1231" HPOS="1520"/>
<String CONTENT="dolls" HEIGHT="42" WIDTH="124" VPOS="1230" HPOS="1554"/>
<SP HEIGHT="31" WIDTH="38" VPOS="1241" HPOS="1679"/>
<String CONTENT="with" HEIGHT="43" WIDTH="120" VPOS="1229" HPOS="1718"/>
<SP HEIGHT="40" WIDTH="39" VPOS="1231" HPOS="1839"/>
<String CONTENT="costumes" HEIGHT="39" WIDTH="243" VPOS="1233" HPOS="1879"/>
<SP HEIGHT="30" WIDTH="37" VPOS="1242" HPOS="2123"/>
<String CONTENT="of" HEIGHT="42" WIDTH="51" VPOS="1230" HPOS="2161"/>
<SP HEIGHT="40" WIDTH="37" VPOS="1230" HPOS="2213"/>
<String CONTENT="various" HEIGHT="41" WIDTH="197" VPOS="1231" HPOS="2251"/>
</TextLine>
<TextLine HEIGHT="49" WIDTH="569" VPOS="1287" HPOS="432" LANG="en-US">
<String CONTENT="lands," HEIGHT="49" WIDTH="153" VPOS="1287" HPOS="432"/>
<SP HEIGHT="46" WIDTH="33" VPOS="1290" HPOS="586"/>
<String CONTENT="to" HEIGHT="38" WIDTH="48" VPOS="1290" HPOS="620"/>
<SP HEIGHT="40" WIDTH="29" VPOS="1288" HPOS="669"/>
<String CONTENT="be" HEIGHT="40" WIDTH="58" VPOS="1288" HPOS="699"/>
<SP HEIGHT="30" WIDTH="31" VPOS="1298" HPOS="758"/>
<String CONTENT="cut" HEIGHT="38" WIDTH="83" VPOS="1291" HPOS="790"/>
<SP HEIGHT="38" WIDTH="29" VPOS="1291" HPOS="874"/>
<String CONTENT="out." HEIGHT="39" WIDTH="97" VPOS="1289" HPOS="904"/>
</TextLine>
<TextLine HEIGHT="53" WIDTH="2019" VPOS="1353" HPOS="430" LANG="en-US" CS="1">
<String CONTENT="&#169;" HEIGHT="53" WIDTH="52" VPOS="1353" HPOS="430"/>
<SP HEIGHT="53" WIDTH="28" VPOS="1353" HPOS="483"/>
<String CONTENT="Nov." HEIGHT="41" WIDTH="119" VPOS="1359" HPOS="512"/>
<SP HEIGHT="41" WIDTH="27" VPOS="1359" HPOS="632"/>
<String CONTENT="24," HEIGHT="47" WIDTH="69" VPOS="1359" HPOS="660"/>
<SP HEIGHT="46" WIDTH="29" VPOS="1360" HPOS="730"/>
<String CONTENT="1933;" HEIGHT="47" WIDTH="143" VPOS="1359" HPOS="760"/>
<SP HEIGHT="47" WIDTH="29" VPOS="1359" HPOS="904"/>
<String CONTENT="2c." HEIGHT="40" WIDTH="67" VPOS="1359" HPOS="934"/>
<SP HEIGHT="29" WIDTH="31" VPOS="1370" HPOS="1002"/>
<String CONTENT="and" HEIGHT="38" WIDTH="96" VPOS="1361" HPOS="1034"/>
<SP HEIGHT="38" WIDTH="29" VPOS="1361" HPOS="1131"/>
<String CONTENT="aff." HEIGHT="40" WIDTH="81" VPOS="1359" HPOS="1161"/>
<SP HEIGHT="39" WIDTH="30" VPOS="1359" HPOS="1243"/>
<String CONTENT="Nov." HEIGHT="41" WIDTH="119" VPOS="1359" HPOS="1274"/>
<SP HEIGHT="40" WIDTH="27" VPOS="1360" HPOS="1394"/>
<String CS="1" CONTENT="28;" HEIGHT="46" WIDTH="84" VPOS="1360" HPOS="1422"/>
<SP HEIGHT="46" WIDTH="32" VPOS="1360" HPOS="1507"/>
<!-- cceid 4A8E36A7-6CF9-1014-A6CF-A82867D68027 --><String CONTENT="A" HEIGHT="38" WIDTH="40" VPOS="1360" HPOS="1540"/>
<SP HEIGHT="40" WIDTH="29" VPOS="1358" HPOS="1581"/>
<String CONTENT="67273;" HEIGHT="47" WIDTH="171" VPOS="1358" HPOS="1611"/>
<SP HEIGHT="46" WIDTH="34" VPOS="1359" HPOS="1783"/>
<String CONTENT="Grosset" HEIGHT="40" WIDTH="205" VPOS="1359" HPOS="1818"/>
<SP HEIGHT="40" WIDTH="24" VPOS="1359" HPOS="2024"/>
<String CONTENT="&amp;" HEIGHT="40" WIDTH="38" VPOS="1359" HPOS="2049"/>
<SP HEIGHT="40" WIDTH="27" VPOS="1359" HPOS="2088"/>
<String CONTENT="Dunlap," HEIGHT="46" WIDTH="209" VPOS="1359" HPOS="2116"/>
<SP HEIGHT="46" WIDTH="30" VPOS="1359" HPOS="2326"/>
<String CS="1" CONTENT="inc.," HEIGHT="40" WIDTH="92" VPOS="1359" HPOS="2357"/>
</TextLine>
<TextLine HEIGHT="49" WIDTH="282" VPOS="1416" HPOS="508" LANG="en-US">
<String CONTENT="(33-34962)" HEIGHT="49" WIDTH="282" VPOS="1416" HPOS="508"/>
</TextLine>
<TextLine HEIGHT="69" WIDTH="1124" VPOS="1517" HPOS="429" STYLEREFS="StyleId-6B34B41E-7D1F-4150-ABDB-0CDB3B69D80F-" LANG="en-US">
<String CONTENT="Nuzum," HEIGHT="69" WIDTH="254" VPOS="1517" HPOS="429"/>
<SP HEIGHT="65" WIDTH="31" VPOS="1521" HPOS="684"/>
<String CONTENT="Franklin" HEIGHT="53" WIDTH="287" VPOS="1521" HPOS="716"/>
<SP HEIGHT="53" WIDTH="28" VPOS="1521" HPOS="1004"/>
<String CONTENT="Richards," HEIGHT="67" WIDTH="313" VPOS="1519" HPOS="1033"/>
<SP HEIGHT="63" WIDTH="31" VPOS="1523" HPOS="1347"/>
<String CONTENT="1888-" HEIGHT="51" WIDTH="174" VPOS="1523" HPOS="1379"/>
</TextLine>
<TextLine HEIGHT="71" WIDTH="1950" VPOS="1596" HPOS="499" STYLEREFS="StyleId-6B34B41E-7D1F-4150-ABDB-0CDB3B69D80F-" LANG="en-US">
<String CONTENT="The" HEIGHT="53" WIDTH="121" VPOS="1597" HPOS="499"/>
<SP HEIGHT="36" WIDTH="40" VPOS="1615" HPOS="621"/>
<String CONTENT="span" HEIGHT="51" WIDTH="145" VPOS="1615" HPOS="662"/>
<SP HEIGHT="35" WIDTH="39" VPOS="1615" HPOS="808"/>
<String CONTENT="of" HEIGHT="54" WIDTH="65" VPOS="1596" HPOS="848"/>
<SP HEIGHT="54" WIDTH="38" VPOS="1596" HPOS="914"/>
<String CONTENT="life," HEIGHT="70" WIDTH="125" VPOS="1596" HPOS="953"/>
<SP HEIGHT="50" WIDTH="40" VPOS="1616" HPOS="1079"/>
<String CONTENT="as" HEIGHT="35" WIDTH="59" VPOS="1616" HPOS="1120"/>
<SP HEIGHT="54" WIDTH="42" VPOS="1597" HPOS="1180"/>
<String CONTENT="influenced" HEIGHT="54" WIDTH="318" VPOS="1597" HPOS="1223"/>
<SP HEIGHT="53" WIDTH="43" VPOS="1598" HPOS="1542"/>
<String CONTENT="by" HEIGHT="69" WIDTH="74" VPOS="1598" HPOS="1586"/>
<SP HEIGHT="64" WIDTH="41" VPOS="1603" HPOS="1661"/>
<String CONTENT="the" HEIGHT="53" WIDTH="96" VPOS="1598" HPOS="1703"/>
<SP HEIGHT="53" WIDTH="42" VPOS="1598" HPOS="1800"/>
<String CONTENT="heart," HEIGHT="69" WIDTH="183" VPOS="1598" HPOS="1843"/>
<SP HEIGHT="63" WIDTH="40" VPOS="1604" HPOS="2027"/>
<String CONTENT="the" HEIGHT="53" WIDTH="95" VPOS="1598" HPOS="2068"/>
<SP HEIGHT="54" WIDTH="40" VPOS="1596" HPOS="2164"/>
<String CONTENT="kidneys" HEIGHT="70" WIDTH="244" VPOS="1596" HPOS="2205"/>
</TextLine>
<TextLine HEIGHT="71" WIDTH="2020" VPOS="1675" HPOS="427" STYLEREFS="StyleId-6B34B41E-7D1F-4150-ABDB-0CDB3B69D80F-" LANG="en-US" CS="1">
<String CONTENT="and" HEIGHT="52" WIDTH="113" VPOS="1676" HPOS="427"/>
<SP HEIGHT="52" WIDTH="32" VPOS="1676" HPOS="541"/>
<String CONTENT="the" HEIGHT="53" WIDTH="97" VPOS="1676" HPOS="574"/>
<SP HEIGHT="54" WIDTH="24" VPOS="1675" HPOS="672"/>
<String CONTENT="blood" HEIGHT="55" WIDTH="172" VPOS="1675" HPOS="697"/>
<SP HEIGHT="53" WIDTH="28" VPOS="1677" HPOS="870"/>
<String CONTENT="vessels," HEIGHT="67" WIDTH="225" VPOS="1677" HPOS="899"/>
<SP HEIGHT="68" WIDTH="27" VPOS="1676" HPOS="1125"/>
<String CONTENT="by" HEIGHT="70" WIDTH="76" VPOS="1676" HPOS="1153"/>
<SP HEIGHT="69" WIDTH="28" VPOS="1677" HPOS="1230"/>
<String CONTENT="Franklin" HEIGHT="53" WIDTH="286" VPOS="1676" HPOS="1259"/>
<SP HEIGHT="53" WIDTH="27" VPOS="1676" HPOS="1546"/>
<String CONTENT="R." HEIGHT="54" WIDTH="70" VPOS="1676" HPOS="1574"/>
<SP HEIGHT="55" WIDTH="30" VPOS="1675" HPOS="1645"/>
<String CONTENT="Nuzum" HEIGHT="54" WIDTH="228" VPOS="1675" HPOS="1676"/>
<SP HEIGHT="36" WIDTH="34" VPOS="1694" HPOS="1905"/>
<String CS="1" CONTENT="&#8230;"/>
<SP HEIGHT="55" WIDTH="74" VPOS="1675" HPOS="1998"/>
<String CONTENT="Springfield," HEIGHT="69" WIDTH="374" VPOS="1675" HPOS="2073"/>
</TextLine>
<TextLine HEIGHT="71" WIDTH="1317" VPOS="1752" HPOS="427" STYLEREFS="StyleId-6B34B41E-7D1F-4150-ABDB-0CDB3B69D80F-" LANG="en-US">
<String CONTENT="Ill.," HEIGHT="71" WIDTH="114" VPOS="1752" HPOS="427"/>
<SP HEIGHT="68" WIDTH="26" VPOS="1755" HPOS="542"/>
<String CONTENT="Baltimore," HEIGHT="69" WIDTH="338" VPOS="1754" HPOS="569"/>
<SP HEIGHT="69" WIDTH="26" VPOS="1754" HPOS="908"/>
<String LANG="fr" CONTENT="Md.," HEIGHT="69" WIDTH="140" VPOS="1754" HPOS="935"/>
<SP HEIGHT="71" WIDTH="29" VPOS="1752" HPOS="1076"/>
<String LANG="fr" CONTENT="C." HEIGHT="57" WIDTH="62" VPOS="1752" HPOS="1106"/>
<SP HEIGHT="57" WIDTH="30" VPOS="1753" HPOS="1169"/>
<String CONTENT="C." HEIGHT="57" WIDTH="62" VPOS="1753" HPOS="1200"/>
<SP HEIGHT="52" WIDTH="27" VPOS="1755" HPOS="1263"/>
<String CONTENT="Thomas," HEIGHT="67" WIDTH="270" VPOS="1755" HPOS="1291"/>
<SP HEIGHT="64" WIDTH="28" VPOS="1758" HPOS="1562"/>
<String CONTENT="1933." HEIGHT="52" WIDTH="153" VPOS="1756" HPOS="1591"/>
</TextLine>
<TextLine HEIGHT="51" WIDTH="1152" VPOS="1826" HPOS="501" STYLEREFS="StyleId-6B34B41E-7D1F-4150-ABDB-0CDB3B69D80F-" LANG="en-US" CS="1">
<String CONTENT="ix" HEIGHT="38" WIDTH="50" VPOS="1829" HPOS="501"/>
<SP HEIGHT="37" WIDTH="22" VPOS="1839" HPOS="552"/>
<String LANG="fr" CONTENT="p.," HEIGHT="38" WIDTH="58" VPOS="1839" HPOS="575"/>
<SP HEIGHT="48" WIDTH="26" VPOS="1829" HPOS="634"/>
<String CONTENT="1" HEIGHT="38" WIDTH="24" VPOS="1829" HPOS="661"/>
<SP/>
<String CS="1" CONTENT="l.,"/>
<SP HEIGHT="48" WIDTH="26" VPOS="1828" HPOS="759"/>
<String CONTENT="108" HEIGHT="42" WIDTH="85" VPOS="1826" HPOS="786"/>
<SP HEIGHT="49" WIDTH="24" VPOS="1827" HPOS="872"/>
<String LANG="fr" CONTENT="p.," HEIGHT="38" WIDTH="58" VPOS="1838" HPOS="897"/>
<SP HEIGHT="46" WIDTH="27" VPOS="1828" HPOS="956"/>
<String CONTENT="1" HEIGHT="38" WIDTH="24" VPOS="1828" HPOS="984"/>
<SP/>
<String CS="1" CONTENT="l."/>
<SP/>
<String CONTENT="illus.," HEIGHT="49" WIDTH="145" VPOS="1828" HPOS="1127"/>
<SP HEIGHT="47" WIDTH="24" VPOS="1830" HPOS="1273"/>
<String CONTENT="diagrs." HEIGHT="48" WIDTH="180" VPOS="1828" HPOS="1298"/>
<SP HEIGHT="42" WIDTH="54" VPOS="1827" HPOS="1479"/>
<String CONTENT="24cm." HEIGHT="42" WIDTH="119" VPOS="1827" HPOS="1534"/>
</TextLine>
<TextLine HEIGHT="50" WIDTH="1950" VPOS="1883" HPOS="499" LANG="en-US">
<String CONTENT="A" HEIGHT="38" WIDTH="40" VPOS="1884" HPOS="499"/>
<SP HEIGHT="41" WIDTH="29" VPOS="1884" HPOS="540"/>
<String CONTENT="summary" HEIGHT="38" WIDTH="250" VPOS="1895" HPOS="570"/>
<SP HEIGHT="38" WIDTH="30" VPOS="1895" HPOS="821"/>
<String CONTENT="of" HEIGHT="41" WIDTH="51" VPOS="1884" HPOS="852"/>
<SP HEIGHT="40" WIDTH="28" VPOS="1884" HPOS="904"/>
<String CONTENT="lectures" HEIGHT="41" WIDTH="209" VPOS="1885" HPOS="933"/>
<SP HEIGHT="38" WIDTH="31" VPOS="1895" HPOS="1143"/>
<String CONTENT="given" HEIGHT="47" WIDTH="142" VPOS="1886" HPOS="1175"/>
<SP HEIGHT="29" WIDTH="30" VPOS="1897" HPOS="1318"/>
<String CONTENT="at" HEIGHT="39" WIDTH="50" VPOS="1887" HPOS="1349"/>
<SP HEIGHT="39" WIDTH="32" VPOS="1887" HPOS="1400"/>
<String CONTENT="the" HEIGHT="40" WIDTH="83" VPOS="1886" HPOS="1433"/>
<SP HEIGHT="42" WIDTH="32" VPOS="1883" HPOS="1517"/>
<String CONTENT="Santa" HEIGHT="43" WIDTH="152" VPOS="1883" HPOS="1550"/>
<SP HEIGHT="40" WIDTH="32" VPOS="1885" HPOS="1703"/>
<String CONTENT="Barbara" HEIGHT="40" WIDTH="224" VPOS="1885" HPOS="1736"/>
<SP HEIGHT="30" WIDTH="32" VPOS="1895" HPOS="1961"/>
<String CONTENT="cottage" HEIGHT="46" WIDTH="193" VPOS="1886" HPOS="1994"/>
<SP HEIGHT="40" WIDTH="31" VPOS="1885" HPOS="2188"/>
<String CONTENT="hospital." HEIGHT="48" WIDTH="229" VPOS="1885" HPOS="2220"/>
</TextLine>
<TextLine HEIGHT="46" WIDTH="279" VPOS="1942" HPOS="429" LANG="en-US">
<String CONTENT="cf." HEIGHT="46" WIDTH="60" VPOS="1942" HPOS="429"/>
<SP HEIGHT="40" WIDTH="31" VPOS="1942" HPOS="490"/>
<String CONTENT="Introd." HEIGHT="41" WIDTH="186" VPOS="1942" HPOS="522"/>
</TextLine>
<TextLine HEIGHT="53" WIDTH="2019" VPOS="2009" HPOS="429" LANG="en-US" CS="1">
<String CONTENT="&#169;" HEIGHT="52" WIDTH="52" VPOS="2009" HPOS="429"/>
<SP HEIGHT="52" WIDTH="24" VPOS="2009" HPOS="482"/>
<String CONTENT="Aug." HEIGHT="47" WIDTH="119" VPOS="2014" HPOS="507"/>
<SP HEIGHT="40" WIDTH="24" VPOS="2014" HPOS="627"/>
<String CONTENT="30." HEIGHT="42" WIDTH="69" VPOS="2013" HPOS="652"/>
<SP HEIGHT="40" WIDTH="27" VPOS="2015" HPOS="722"/>
<String CONTENT="1933:" HEIGHT="40" WIDTH="141" VPOS="2014" HPOS="750"/>
<SP HEIGHT="38" WIDTH="27" VPOS="2015" HPOS="892"/>
<String CONTENT="2c." HEIGHT="40" WIDTH="68" VPOS="2015" HPOS="920"/>
<SP HEIGHT="41" WIDTH="25" VPOS="2014" HPOS="989"/>
<String CONTENT="Nov." HEIGHT="40" WIDTH="119" VPOS="2014" HPOS="1015"/>
<SP HEIGHT="39" WIDTH="25" VPOS="2015" HPOS="1135"/>
<String CS="1" CONTENT="17;" HEIGHT="40" WIDTH="58" VPOS="2014" HPOS="1161"/>
<SP HEIGHT="37" WIDTH="29" VPOS="2024" HPOS="1244"/>
<String CONTENT="aff." HEIGHT="42" WIDTH="82" VPOS="2012" HPOS="1274"/>
<SP HEIGHT="39" WIDTH="25" VPOS="2015" HPOS="1357"/>
<String CONTENT="Nov." HEIGHT="39" WIDTH="119" VPOS="2015" HPOS="1383"/>
<SP HEIGHT="38" WIDTH="27" VPOS="2016" HPOS="1503"/>
<String CONTENT="16;" HEIGHT="49" WIDTH="81" VPOS="2013" HPOS="1531"/>
<SP HEIGHT="47" WIDTH="29" VPOS="2015" HPOS="1613"/>
<!-- cceid 4A8E53F3-6CF9-1014-A6CF-A82867D68027 --><String CONTENT="A" HEIGHT="39" WIDTH="41" VPOS="2015" HPOS="1643"/>
<SP HEIGHT="39" WIDTH="24" VPOS="2015" HPOS="1685"/>
<String CONTENT="67186;" HEIGHT="46" WIDTH="170" VPOS="2015" HPOS="1710"/>
<SP HEIGHT="46" WIDTH="30" VPOS="2015" HPOS="1881"/>
<String CONTENT="Charles" HEIGHT="41" WIDTH="203" VPOS="2015" HPOS="1912"/>
<SP HEIGHT="40" WIDTH="27" VPOS="2015" HPOS="2116"/>
<String CONTENT="C." HEIGHT="40" WIDTH="50" VPOS="2015" HPOS="2144"/>
<SP HEIGHT="39" WIDTH="26" VPOS="2015" HPOS="2195"/>
<String CONTENT="Thomas." HEIGHT="40" WIDTH="226" VPOS="2015" HPOS="2222"/>
</TextLine>
<TextLine HEIGHT="50" WIDTH="282" VPOS="2071" HPOS="507" LANG="en-US">
<String CONTENT="(33-35410)" HEIGHT="50" WIDTH="282" VPOS="2071" HPOS="507"/>
</TextLine>
<TextLine HEIGHT="63" WIDTH="805" VPOS="2178" HPOS="427" STYLEREFS="StyleId-1394F182-9211-4B8C-8F4E-0DDF79A792AD-" LANG="en-US">
<String CONTENT="Olcott," HEIGHT="63" WIDTH="215" VPOS="2178" HPOS="427"/>
<SP HEIGHT="61" WIDTH="29" VPOS="2180" HPOS="643"/>
<String CONTENT="Frances" HEIGHT="53" WIDTH="262" VPOS="2180" HPOS="673"/>
<SP HEIGHT="54" WIDTH="24" VPOS="2180" HPOS="936"/>
<String CONTENT="Jenkins." HEIGHT="57" WIDTH="271" VPOS="2178" HPOS="961"/>
</TextLine>
<TextLine HEIGHT="70" WIDTH="1752" VPOS="2256" HPOS="496" STYLEREFS="StyleId-6B34B41E-7D1F-4150-ABDB-0CDB3B69D80F-" LANG="en-US" CS="1">
<String CONTENT="Go!" HEIGHT="55" WIDTH="119" VPOS="2256" HPOS="496"/>
<SP HEIGHT="57" WIDTH="35" VPOS="2256" HPOS="616"/>
<String CONTENT="Champions" HEIGHT="68" WIDTH="355" VPOS="2257" HPOS="652"/>
<SP HEIGHT="34" WIDTH="30" VPOS="2277" HPOS="1008"/>
<String CONTENT="of" HEIGHT="53" WIDTH="64" VPOS="2257" HPOS="1039"/>
<SP HEIGHT="53" WIDTH="27" VPOS="2257" HPOS="1104"/>
<String CONTENT="Light," HEIGHT="69" WIDTH="197" VPOS="2257" HPOS="1132"/>
<SP HEIGHT="66" WIDTH="27" VPOS="2258" HPOS="1330"/>
<String CONTENT="by" HEIGHT="67" WIDTH="77" VPOS="2258" HPOS="1358"/>
<SP HEIGHT="65" WIDTH="29" VPOS="2260" HPOS="1436"/>
<String CONTENT="Frances" HEIGHT="51" WIDTH="248" VPOS="2260" HPOS="1466"/>
<SP HEIGHT="54" WIDTH="30" VPOS="2259" HPOS="1715"/>
<String CONTENT="Jenkins" HEIGHT="55" WIDTH="244" VPOS="2258" HPOS="1746"/>
<SP HEIGHT="55" WIDTH="33" VPOS="2258" HPOS="1991"/>
<String CONTENT="Olcott;" HEIGHT="64" WIDTH="223" VPOS="2258" HPOS="2025"/>
</TextLine>
<TextLine HEIGHT="147" WIDTH="2018" VPOS="2258" HPOS="424" STYLEREFS="StyleId-6B34B41E-7D1F-4150-ABDB-0CDB3B69D80F-" LANG="en-US" CS="1">
<String CONTENT="illustrated" HEIGHT="133" WIDTH="1993" VPOS="2258" HPOS="424"/>
<SP HEIGHT="54" WIDTH="27" VPOS="2336" HPOS="615"/>
<String CONTENT="by" HEIGHT="68" WIDTH="77" VPOS="2336" HPOS="643"/>
<SP HEIGHT="66" WIDTH="25" VPOS="2338" HPOS="721"/>
<String CONTENT="Dugald" HEIGHT="68" WIDTH="237" VPOS="2337" HPOS="747"/>
<SP HEIGHT="56" WIDTH="32" VPOS="2336" HPOS="985"/>
<String CONTENT="Stewart" HEIGHT="56" WIDTH="250" VPOS="2336" HPOS="1018"/>
<SP HEIGHT="54" WIDTH="26" VPOS="2338" HPOS="1269"/>
<String CONTENT="Walker." HEIGHT="55" WIDTH="253" VPOS="2337" HPOS="1296"/>
<SP HEIGHT="52" WIDTH="76" VPOS="2338" HPOS="1550"/>
<String CONTENT="New" HEIGHT="52" WIDTH="139" VPOS="2338" HPOS="1627"/>
<SP HEIGHT="52" WIDTH="32" VPOS="2338" HPOS="1767"/>
<String CONTENT="York" HEIGHT="52" WIDTH="163" VPOS="2338" HPOS="1800"/>
<SP HEIGHT="67" WIDTH="35" VPOS="2338" HPOS="1964"/>
<String CONTENT="[etc.]" HEIGHT="62" WIDTH="138" VPOS="2343" HPOS="2000"/>
<SP HEIGHT="67" WIDTH="35" VPOS="2338" HPOS="2139"/>
<String CONTENT="Fleming" HEIGHT="68" WIDTH="267" VPOS="2336" HPOS="2175"/>
</TextLine>
<TextLine HEIGHT="70" WIDTH="821" VPOS="2414" HPOS="427" STYLEREFS="StyleId-6B34B41E-7D1F-4150-ABDB-0CDB3B69D80F-" CS="1">
<String LANG="en-US" CONTENT="H." HEIGHT="54" WIDTH="76" VPOS="2414" HPOS="427"/>
<SP HEIGHT="52" WIDTH="26" VPOS="2416" HPOS="504"/>
<String LANG="en-US" CONTENT="Revell" HEIGHT="52" WIDTH="200" VPOS="2416" HPOS="531"/>
<SP HEIGHT="54" WIDTH="26" VPOS="2416" HPOS="732"/>
<String LANG="en-US" CONTENT="company" HEIGHT="50" WIDTH="283" VPOS="2434" HPOS="759"/>
<SP HEIGHT="49" WIDTH="30" VPOS="2435" HPOS="1043"/>
<String LANG="el" CONTENT="[" HEIGHT="33" WIDTH="13" VPOS="2451" HPOS="1074"/>
<String LANG="en-US" CS="1" CONTENT="c"/>
<String LANG="el" CS="1" CONTENT="1933]" HEIGHT="50" WIDTH="133" VPOS="2420" HPOS="1115"/>
</TextLine>
<TextLine HEIGHT="49" WIDTH="827" VPOS="2488" HPOS="498" STYLEREFS="StyleId-6B34B41E-7D1F-4150-ABDB-0CDB3B69D80F-" LANG="en-US">
<String CONTENT="226" HEIGHT="41" WIDTH="88" VPOS="2488" HPOS="498"/>
<SP HEIGHT="47" WIDTH="25" VPOS="2489" HPOS="587"/>
<String CONTENT="p." HEIGHT="38" WIDTH="42" VPOS="2498" HPOS="613"/>
<SP HEIGHT="39" WIDTH="26" VPOS="2489" HPOS="656"/>
<String CONTENT="incl." HEIGHT="40" WIDTH="111" VPOS="2489" HPOS="683"/>
<SP HEIGHT="40" WIDTH="25" VPOS="2489" HPOS="795"/>
<String CONTENT="front.," HEIGHT="48" WIDTH="165" VPOS="2489" HPOS="821"/>
<SP HEIGHT="46" WIDTH="29" VPOS="2491" HPOS="987"/>
<String CONTENT="illus." HEIGHT="40" WIDTH="129" VPOS="2490" HPOS="1017"/>
<SP HEIGHT="41" WIDTH="59" VPOS="2489" HPOS="1147"/>
<String CONTENT="21cm." HEIGHT="41" WIDTH="118" VPOS="2489" HPOS="1207"/>
</TextLine>
<TextLine HEIGHT="50" WIDTH="693" VPOS="2546" HPOS="498" LANG="en-US">
<String CONTENT="Illustrated" HEIGHT="41" WIDTH="291" VPOS="2546" HPOS="498"/>
<SP HEIGHT="39" WIDTH="33" VPOS="2548" HPOS="790"/>
<String CONTENT="lining-papers." HEIGHT="50" WIDTH="367" VPOS="2546" HPOS="824"/>
</TextLine>
<TextLine HEIGHT="51" WIDTH="1942" VPOS="2602" HPOS="500" LANG="en-US" CS="1">
<String CONTENT="&#8220;Some" HEIGHT="41" WIDTH="171" VPOS="2604" HPOS="500"/>
<SP HEIGHT="30" WIDTH="32" VPOS="2615" HPOS="672"/>
<String CONTENT="of" HEIGHT="40" WIDTH="53" VPOS="2605" HPOS="705"/>
<SP HEIGHT="40" WIDTH="29" VPOS="2605" HPOS="759"/>
<String CONTENT="the" HEIGHT="39" WIDTH="84" VPOS="2606" HPOS="789"/>
<SP HEIGHT="30" WIDTH="29" VPOS="2615" HPOS="874"/>
<String CONTENT="authorities" HEIGHT="39" WIDTH="296" VPOS="2606" HPOS="904"/>
<SP HEIGHT="29" WIDTH="31" VPOS="2616" HPOS="1201"/>
<String CS="1" CONTENT="consulted&#8221;:" HEIGHT="41" WIDTH="281" VPOS="2604" HPOS="1233"/>
<SP HEIGHT="38" WIDTH="31" VPOS="2615" HPOS="1545"/>
<String CONTENT="p." HEIGHT="38" WIDTH="43" VPOS="2615" HPOS="1577"/>
<SP HEIGHT="39" WIDTH="34" VPOS="2605" HPOS="1621"/>
<String CS="1" CONTENT="11-12;" HEIGHT="39" WIDTH="144" VPOS="2604" HPOS="1656"/>
<SP HEIGHT="46" WIDTH="36" VPOS="2604" HPOS="1828"/>
<String CONTENT="&#8220;Books" HEIGHT="39" WIDTH="190" VPOS="2604" HPOS="1865"/>
<SP HEIGHT="38" WIDTH="33" VPOS="2605" HPOS="2056"/>
<String CONTENT="to" HEIGHT="38" WIDTH="48" VPOS="2605" HPOS="2090"/>
<SP HEIGHT="29" WIDTH="35" VPOS="2614" HPOS="2139"/>
<String CONTENT="read" HEIGHT="39" WIDTH="113" VPOS="2604" HPOS="2175"/>
<SP HEIGHT="39" WIDTH="34" VPOS="2604" HPOS="2289"/>
<String CONTENT="with" HEIGHT="41" WIDTH="118" VPOS="2602" HPOS="2324"/>
</TextLine>
<TextLine HEIGHT="49" WIDTH="718" VPOS="2662" HPOS="428" LANG="en-US" CS="1">
<String CONTENT="these" HEIGHT="40" WIDTH="137" VPOS="2662" HPOS="428"/>
<SP HEIGHT="32" WIDTH="26" VPOS="2671" HPOS="566"/>
<String CS="1" CONTENT="stories&#8221;:" HEIGHT="41" WIDTH="205" VPOS="2662" HPOS="593"/>
<SP HEIGHT="38" WIDTH="27" VPOS="2673" HPOS="829"/>
<String CONTENT="p." HEIGHT="37" WIDTH="42" VPOS="2674" HPOS="857"/>
<SP HEIGHT="42" WIDTH="27" VPOS="2662" HPOS="900"/>
<String CONTENT="213-220." HEIGHT="41" WIDTH="218" VPOS="2662" HPOS="928"/>
</TextLine>
<TextLine HEIGHT="53" WIDTH="2016" VPOS="2729" HPOS="429" LANG="en-US" CS="1">
<String CONTENT="&#169;" HEIGHT="53" WIDTH="51" VPOS="2729" HPOS="429"/>
<SP HEIGHT="53" WIDTH="28" VPOS="2729" HPOS="481"/>
<String CONTENT="Nov." HEIGHT="40" WIDTH="119" VPOS="2735" HPOS="510"/>
<SP HEIGHT="40" WIDTH="29" VPOS="2734" HPOS="630"/>
<String CONTENT="8," HEIGHT="47" WIDTH="38" VPOS="2734" HPOS="660"/>
<SP HEIGHT="45" WIDTH="29" VPOS="2736" HPOS="699"/>
<String CS="1" CONTENT="1933;" HEIGHT="41" WIDTH="118" VPOS="2734" HPOS="729"/>
<SP HEIGHT="46" WIDTH="31" VPOS="2735" HPOS="871"/>
<String CONTENT="2c." HEIGHT="41" WIDTH="68" VPOS="2735" HPOS="903"/>
<SP HEIGHT="31" WIDTH="29" VPOS="2745" HPOS="972"/>
<String CONTENT="and" HEIGHT="38" WIDTH="97" VPOS="2736" HPOS="1002"/>
<SP HEIGHT="38" WIDTH="28" VPOS="2736" HPOS="1100"/>
<String CONTENT="aff." HEIGHT="40" WIDTH="82" VPOS="2734" HPOS="1129"/>
<SP HEIGHT="38" WIDTH="30" VPOS="2735" HPOS="1212"/>
<String CONTENT="Nov." HEIGHT="40" WIDTH="120" VPOS="2735" HPOS="1243"/>
<SP HEIGHT="40" WIDTH="28" VPOS="2735" HPOS="1364"/>
<String CONTENT="14;" HEIGHT="46" WIDTH="82" VPOS="2735" HPOS="1393"/>
<SP HEIGHT="47" WIDTH="31" VPOS="2734" HPOS="1476"/>
<!-- cceid 4A8E74C0-6CF9-1014-A6CF-A82867D68027 --><String CONTENT="A" HEIGHT="39" WIDTH="42" VPOS="2734" HPOS="1508"/>
<SP HEIGHT="39" WIDTH="28" VPOS="2734" HPOS="1551"/>
<String CONTENT="67091;" HEIGHT="42" WIDTH="170" VPOS="2733" HPOS="1580"/>
<SP HEIGHT="41" WIDTH="35" VPOS="2734" HPOS="1751"/>
<String LANG="fr" CONTENT="F." HEIGHT="40" WIDTH="51" VPOS="2734" HPOS="1787"/>
<SP HEIGHT="41" WIDTH="29" VPOS="2733" HPOS="1839"/>
<String CONTENT="J." HEIGHT="39" WIDTH="42" VPOS="2733" HPOS="1869"/>
<SP HEIGHT="41" WIDTH="32" VPOS="2732" HPOS="1912"/>
<String CONTENT="Olcott," HEIGHT="47" WIDTH="175" VPOS="2732" HPOS="1945"/>
<SP HEIGHT="47" WIDTH="30" VPOS="2732" HPOS="2121"/>
<String CONTENT="New" HEIGHT="39" WIDTH="121" VPOS="2732" HPOS="2152"/>
<SP HEIGHT="39" WIDTH="25" VPOS="2732" HPOS="2274"/>
<String CONTENT="York." HEIGHT="39" WIDTH="145" VPOS="2731" HPOS="2300"/>
</TextLine>
<TextLine HEIGHT="50" WIDTH="283" VPOS="2791" HPOS="506" LANG="en-US">
<String CONTENT="(33-34983)" HEIGHT="50" WIDTH="283" VPOS="2791" HPOS="506"/>
</TextLine>
<TextLine HEIGHT="65" WIDTH="661" VPOS="2896" HPOS="426" STYLEREFS="StyleId-1394F182-9211-4B8C-8F4E-0DDF79A792AD-" LANG="en-US">
<String CONTENT="Page," HEIGHT="65" WIDTH="179" VPOS="2896" HPOS="426"/>
<SP HEIGHT="64" WIDTH="29" VPOS="2897" HPOS="606"/>
<String CONTENT="Stanley" HEIGHT="65" WIDTH="249" VPOS="2896" HPOS="636"/>
<SP HEIGHT="65" WIDTH="24" VPOS="2896" HPOS="886"/>
<String CONTENT="Hart." HEIGHT="57" WIDTH="176" VPOS="2896" HPOS="911"/>
</TextLine>
<TextLine HEIGHT="70" WIDTH="1942" VPOS="2972" HPOS="500" STYLEREFS="StyleId-6B34B41E-7D1F-4150-ABDB-0CDB3B69D80F-" LANG="en-US">
<String CONTENT="Murder" HEIGHT="53" WIDTH="239" VPOS="2973" HPOS="500"/>
<SP HEIGHT="52" WIDTH="46" VPOS="2974" HPOS="740"/>
<String CONTENT="flies" HEIGHT="54" WIDTH="122" VPOS="2974" HPOS="787"/>
<SP HEIGHT="49" WIDTH="45" VPOS="2979" HPOS="910"/>
<String CONTENT="the" HEIGHT="53" WIDTH="95" VPOS="2975" HPOS="956"/>
<SP HEIGHT="54" WIDTH="49" VPOS="2974" HPOS="1052"/>
<String CONTENT="Atlantic," HEIGHT="66" WIDTH="281" VPOS="2974" HPOS="1102"/>
<SP HEIGHT="66" WIDTH="45" VPOS="2974" HPOS="1384"/>
<String CONTENT="by" HEIGHT="68" WIDTH="75" VPOS="2974" HPOS="1430"/>
<SP HEIGHT="69" WIDTH="50" VPOS="2973" HPOS="1506"/>
<String CONTENT="Stanley" HEIGHT="69" WIDTH="238" VPOS="2973" HPOS="1557"/>
<SP HEIGHT="69" WIDTH="48" VPOS="2973" HPOS="1796"/>
<String CONTENT="Hart" HEIGHT="53" WIDTH="153" VPOS="2973" HPOS="1845"/>
<SP HEIGHT="52" WIDTH="49" VPOS="2973" HPOS="1999"/>
<String CONTENT="Page." HEIGHT="68" WIDTH="173" VPOS="2973" HPOS="2049"/>
<SP HEIGHT="52" WIDTH="83" VPOS="2972" HPOS="2223"/>
<String CONTENT="New" HEIGHT="52" WIDTH="135" VPOS="2972" HPOS="2307"/>
</TextLine>
<TextLine HEIGHT="71" WIDTH="821" VPOS="3051" HPOS="427" STYLEREFS="StyleId-6B34B41E-7D1F-4150-ABDB-0CDB3B69D80F-" LANG="en-US" CS="1">
<String CONTENT="York," HEIGHT="69" WIDTH="182" VPOS="3051" HPOS="427"/>
<SP HEIGHT="67" WIDTH="28" VPOS="3053" HPOS="610"/>
<String CONTENT="A." HEIGHT="53" WIDTH="73" VPOS="3053" HPOS="639"/>
<SP HEIGHT="53" WIDTH="29" VPOS="3053" HPOS="713"/>
<String CONTENT="H." HEIGHT="53" WIDTH="77" VPOS="3053" HPOS="743"/>
<SP HEIGHT="53" WIDTH="31" VPOS="3053" HPOS="821"/>
<String CONTENT="King" HEIGHT="69" WIDTH="164" VPOS="3053" HPOS="853"/>
<SP HEIGHT="50" WIDTH="34" VPOS="3072" HPOS="1018"/>
<String CS="1" CONTENT="[c1933]" HEIGHT="64" WIDTH="119" VPOS="3056" HPOS="1129"/>
</TextLine>
<TextLine HEIGHT="51" WIDTH="372" VPOS="3124" HPOS="497" LANG="en-US" CS="1">
<String CONTENT="279" HEIGHT="42" WIDTH="85" VPOS="3124" HPOS="497"/>
<SP HEIGHT="49" WIDTH="34" VPOS="3126" HPOS="583"/>
<String CONTENT="p." HEIGHT="38" WIDTH="42" VPOS="3137" HPOS="618"/>
<SP HEIGHT="40" WIDTH="62" VPOS="3127" HPOS="661"/>
<String CS="1" CONTENT="19&#189;cm." HEIGHT="43" WIDTH="145" VPOS="3125" HPOS="724"/>
</TextLine>
<TextLine HEIGHT="53" WIDTH="1851" VPOS="3193" HPOS="429" LANG="en-US" CS="1">
<String CONTENT="&#169;" HEIGHT="53" WIDTH="54" VPOS="3193" HPOS="429"/>
<SP HEIGHT="53" WIDTH="26" VPOS="3193" HPOS="484"/>
<String CONTENT="Dec." HEIGHT="39" WIDTH="111" VPOS="3199" HPOS="511"/>
<SP HEIGHT="39" WIDTH="26" VPOS="3199" HPOS="623"/>
<String CS="1" CONTENT="1," HEIGHT="16" WIDTH="8" VPOS="3229" HPOS="681"/>
<SP HEIGHT="46" WIDTH="27" VPOS="3199" HPOS="690"/>
<String CS="1" CONTENT="1933;" HEIGHT="42" WIDTH="114" VPOS="3196" HPOS="718"/>
<SP HEIGHT="43" WIDTH="28" VPOS="3198" HPOS="861"/>
<String CONTENT="2c." HEIGHT="40" WIDTH="67" VPOS="3198" HPOS="890"/>
<SP HEIGHT="29" WIDTH="28" VPOS="3209" HPOS="958"/>
<String CONTENT="and" HEIGHT="39" WIDTH="96" VPOS="3199" HPOS="987"/>
<SP HEIGHT="39" WIDTH="26" VPOS="3199" HPOS="1084"/>
<String CONTENT="aff." HEIGHT="41" WIDTH="83" VPOS="3197" HPOS="1111"/>
<SP HEIGHT="39" WIDTH="27" VPOS="3199" HPOS="1195"/>
<String CONTENT="Dec." HEIGHT="39" WIDTH="112" VPOS="3199" HPOS="1223"/>
<SP HEIGHT="38" WIDTH="27" VPOS="3199" HPOS="1336"/>
<String CS="1" CONTENT="2;" HEIGHT="38" WIDTH="26" VPOS="3199" HPOS="1364"/>
<SP HEIGHT="46" WIDTH="31" VPOS="3198" HPOS="1418"/>
<!-- cceid 4A8E9618-6CF9-1014-A6CF-A82867D68027 --><String CONTENT="A" HEIGHT="38" WIDTH="43" VPOS="3198" HPOS="1450"/>
<SP HEIGHT="40" WIDTH="24" VPOS="3197" HPOS="1494"/>
<String CS="1" CONTENT="68362;" HEIGHT="40" WIDTH="144" VPOS="3197" HPOS="1519"/>
<SP HEIGHT="45" WIDTH="29" VPOS="3198" HPOS="1691"/>
<String CONTENT="Alfred" HEIGHT="40" WIDTH="173" VPOS="3197" HPOS="1721"/>
<SP HEIGHT="39" WIDTH="28" VPOS="3198" HPOS="1895"/>
<String CONTENT="H." HEIGHT="40" WIDTH="61" VPOS="3198" HPOS="1924"/>
<SP HEIGHT="41" WIDTH="27" VPOS="3197" HPOS="1986"/>
<String CONTENT="King," HEIGHT="48" WIDTH="144" VPOS="3197" HPOS="2014"/>
<SP HEIGHT="47" WIDTH="29" VPOS="3197" HPOS="2159"/>
<String CONTENT="inc." HEIGHT="40" WIDTH="91" VPOS="3197" HPOS="2189"/>
</TextLine>
<TextLine HEIGHT="48" WIDTH="281" VPOS="3255" HPOS="511" LANG="en-US" CS="1">
<String CS="1" CONTENT="(33-35484)" HEIGHT="48" WIDTH="281" VPOS="3255" HPOS="511"/>
</TextLine>
<TextLine HEIGHT="66" WIDTH="758" VPOS="3360" HPOS="426" STYLEREFS="StyleId-94AA3400-1217-4460-A272-940479E1A855-" LANG="en-US">
<String CONTENT="Pappus," HEIGHT="64" WIDTH="256" VPOS="3360" HPOS="426"/>
<SP HEIGHT="45" WIDTH="32" VPOS="3379" HPOS="683"/>
<String CONTENT="of" HEIGHT="66" WIDTH="63" VPOS="3360" HPOS="716"/>
<SP HEIGHT="66" WIDTH="28" VPOS="3360" HPOS="780"/>
<String CONTENT="Alexandria." HEIGHT="54" WIDTH="375" VPOS="3360" HPOS="809"/>
</TextLine>
<TextLine HEIGHT="70" WIDTH="1723" VPOS="3435" HPOS="557" STYLEREFS="StyleId-6B34B41E-7D1F-4150-ABDB-0CDB3B69D80F-" CS="1">
<String LANG="en-US" CS="1" CONTENT="&#8230;"/>
<SP HEIGHT="52" WIDTH="34" VPOS="3436" HPOS="557"/>
<String LANG="en-US" CONTENT="La" HEIGHT="52" WIDTH="83" VPOS="3436" HPOS="592"/>
<SP HEIGHT="34" WIDTH="28" VPOS="3454" HPOS="676"/>
<String LANG="en-US" CONTENT="collection" HEIGHT="54" WIDTH="297" VPOS="3435" HPOS="705"/>
<SP HEIGHT="34" WIDTH="29" VPOS="3455" HPOS="1003"/>
<String LANG="fr" CONTENT="math&#233;matique;" HEIGHT="69" WIDTH="475" VPOS="3436" HPOS="1033"/>
<SP HEIGHT="44" WIDTH="33" VPOS="3455" HPOS="1509"/>
<String LANG="fr" CONTENT="&#339;uvre" HEIGHT="35" WIDTH="188" VPOS="3454" HPOS="1543"/>
<SP HEIGHT="47" WIDTH="30" VPOS="3442" HPOS="1732"/>
<String LANG="fr" CONTENT="traduite" HEIGHT="53" WIDTH="254" VPOS="3436" HPOS="1763"/>
<SP HEIGHT="50" WIDTH="28" VPOS="3454" HPOS="2018"/>
<String LANG="fr" CONTENT="pour" HEIGHT="52" WIDTH="146" VPOS="3452" HPOS="2047"/>
<SP HEIGHT="52" WIDTH="31" VPOS="3436" HPOS="2194"/>
<String LANG="fr" CONTENT="la" HEIGHT="52" WIDTH="54" VPOS="3436" HPOS="2226"/>
</TextLine>
<TextLine HEIGHT="132" WIDTH="1989" VPOS="3452" HPOS="426" STYLEREFS="StyleId-6B34B41E-7D1F-4150-ABDB-0CDB3B69D80F-" LANG="fr" CS="1">
<String CONTENT="premi&#232;re" HEIGHT="115" WIDTH="1989" VPOS="3452" HPOS="426"/>
<SP HEIGHT="53" WIDTH="56" VPOS="3514" HPOS="600"/>
<String CONTENT="fois" HEIGHT="54" WIDTH="113" VPOS="3514" HPOS="657"/>
<SP HEIGHT="52" WIDTH="56" VPOS="3516" HPOS="771"/>
<String CONTENT="du" HEIGHT="52" WIDTH="76" VPOS="3516" HPOS="828"/>
<SP HEIGHT="51" WIDTH="53" VPOS="3533" HPOS="905"/>
<String CONTENT="grec" HEIGHT="50" WIDTH="132" VPOS="3534" HPOS="959"/>
<SP HEIGHT="34" WIDTH="56" VPOS="3534" HPOS="1092"/>
<String CONTENT="en" HEIGHT="34" WIDTH="66" VPOS="3534" HPOS="1149"/>
<SP HEIGHT="54" WIDTH="58" VPOS="3514" HPOS="1216"/>
<String CONTENT="fran&#231;ais" HEIGHT="66" WIDTH="255" VPOS="3514" HPOS="1275"/>
<SP HEIGHT="50" WIDTH="56" VPOS="3533" HPOS="1531"/>
<String CONTENT="par" HEIGHT="50" WIDTH="106" VPOS="3533" HPOS="1588"/>
<SP HEIGHT="52" WIDTH="57" VPOS="3515" HPOS="1695"/>
<String CONTENT="Paul" HEIGHT="53" WIDTH="148" VPOS="3514" HPOS="1753"/>
<SP HEIGHT="54" WIDTH="55" VPOS="3514" HPOS="1902"/>
<String CONTENT="Ver" HEIGHT="53" WIDTH="116" VPOS="3515" HPOS="1958"/>
<SP HEIGHT="53" WIDTH="57" VPOS="3514" HPOS="2075"/>
<String CONTENT="Eecke" HEIGHT="55" WIDTH="185" VPOS="3513" HPOS="2133"/>
<SP HEIGHT="35" WIDTH="61" VPOS="3532" HPOS="2319"/>
<String CS="1" CONTENT="&#8230;"/>
</TextLine>
<TextLine HEIGHT="73" WIDTH="2014" VPOS="3589" HPOS="427" STYLEREFS="StyleId-6B34B41E-7D1F-4150-ABDB-0CDB3B69D80F-" LANG="fr">
<String CONTENT="Ouvrage" HEIGHT="73" WIDTH="270" VPOS="3589" HPOS="427"/>
<SP HEIGHT="50" WIDTH="26" VPOS="3611" HPOS="698"/>
<String CONTENT="publi&#233;" HEIGHT="69" WIDTH="195" VPOS="3592" HPOS="725"/>
<SP HEIGHT="53" WIDTH="25" VPOS="3594" HPOS="921"/>
<String CONTENT="sous" HEIGHT="36" WIDTH="129" VPOS="3611" HPOS="947"/>
<SP HEIGHT="52" WIDTH="27" VPOS="3595" HPOS="1077"/>
<String CONTENT="les" HEIGHT="52" WIDTH="79" VPOS="3595" HPOS="1105"/>
<SP HEIGHT="35" WIDTH="27" VPOS="3612" HPOS="1185"/>
<String CONTENT="auspices" HEIGHT="69" WIDTH="255" VPOS="3593" HPOS="1213"/>
<SP HEIGHT="52" WIDTH="30" VPOS="3594" HPOS="1469"/>
<String CONTENT="de" HEIGHT="52" WIDTH="67" VPOS="3594" HPOS="1500"/>
<SP HEIGHT="52" WIDTH="26" VPOS="3594" HPOS="1568"/>
<String CONTENT="la" HEIGHT="52" WIDTH="54" VPOS="3594" HPOS="1595"/>
<SP HEIGHT="53" WIDTH="29" VPOS="3593" HPOS="1650"/>
<String CONTENT="Fondation" HEIGHT="54" WIDTH="328" VPOS="3592" HPOS="1680"/>
<SP HEIGHT="34" WIDTH="30" VPOS="3611" HPOS="2009"/>
<String CONTENT="universitaire" HEIGHT="55" WIDTH="401" VPOS="3590" HPOS="2040"/>
</TextLine>
<TextLine HEIGHT="73" WIDTH="2015" VPOS="3669" HPOS="425" STYLEREFS="StyleId-6B34B41E-7D1F-4150-ABDB-0CDB3B69D80F-" LANG="fr" CS="1">
<String CONTENT="de" HEIGHT="54" WIDTH="68" VPOS="3669" HPOS="425"/>
<SP HEIGHT="51" WIDTH="34" VPOS="3672" HPOS="494"/>
<String CONTENT="Belgique." HEIGHT="69" WIDTH="292" VPOS="3671" HPOS="529"/>
<SP HEIGHT="52" WIDTH="67" VPOS="3672" HPOS="822"/>
<String CONTENT="Paris." HEIGHT="54" WIDTH="187" VPOS="3672" HPOS="890"/>
<SP HEIGHT="54" WIDTH="32" VPOS="3672" HPOS="1078"/>
<String CONTENT="Bruges," HEIGHT="70" WIDTH="242" VPOS="3672" HPOS="1111"/>
<SP HEIGHT="67" WIDTH="30" VPOS="3672" HPOS="1354"/>
<String CONTENT="Descl&#233;e," HEIGHT="66" WIDTH="250" VPOS="3672" HPOS="1385"/>
<SP HEIGHT="66" WIDTH="33" VPOS="3672" HPOS="1636"/>
<String CONTENT="de" HEIGHT="53" WIDTH="68" VPOS="3672" HPOS="1670"/>
<SP HEIGHT="52" WIDTH="33" VPOS="3672" HPOS="1739"/>
<String CONTENT="Brouwer" HEIGHT="52" WIDTH="277" VPOS="3672" HPOS="1773"/>
<SP HEIGHT="36" WIDTH="31" VPOS="3688" HPOS="2051"/>
<String CONTENT="et" HEIGHT="47" WIDTH="54" VPOS="3677" HPOS="2083"/>
<SP HEIGHT="47" WIDTH="32" VPOS="3677" HPOS="2138"/>
<String CS="1" CONTENT="cie," HEIGHT="49" WIDTH="83" VPOS="3689" HPOS="2171"/>
<SP HEIGHT="65" WIDTH="34" VPOS="3673" HPOS="2255"/>
<String CS="1" CONTENT="1933." HEIGHT="51" WIDTH="117" VPOS="3671" HPOS="2323"/>
</TextLine>
<TextLine HEIGHT="50" WIDTH="725" VPOS="3744" HPOS="498" STYLEREFS="StyleId-6B34B41E-7D1F-4150-ABDB-0CDB3B69D80F-" LANG="fr" CS="1">
<String CONTENT="2" HEIGHT="39" WIDTH="26" VPOS="3745" HPOS="498"/>
<SP HEIGHT="39" WIDTH="28" VPOS="3745" HPOS="525"/>
<String CONTENT="v." HEIGHT="30" WIDTH="40" VPOS="3756" HPOS="554"/>
<SP HEIGHT="40" WIDTH="62" VPOS="3746" HPOS="595"/>
<String CS="1" CONTENT="illus.," HEIGHT="41" WIDTH="128" VPOS="3746" HPOS="658"/>
<SP HEIGHT="40" WIDTH="32" VPOS="3747" HPOS="801"/>
<String CONTENT="diagrs." HEIGHT="49" WIDTH="179" VPOS="3745" HPOS="834"/>
<SP HEIGHT="43" WIDTH="62" VPOS="3744" HPOS="1014"/>
<String CONTENT="28" HEIGHT="44" WIDTH="56" VPOS="3744" HPOS="1077"/>
<String LANG="en-US" CS="1" CONTENT="&#189;"/>
<String CONTENT="cm." HEIGHT="39" WIDTH="57" VPOS="3748" HPOS="1166"/>
</TextLine>
<TextLine HEIGHT="50" WIDTH="1072" VPOS="3801" HPOS="498">
<String LANG="en-US" CONTENT="At" HEIGHT="40" WIDTH="60" VPOS="3803" HPOS="498"/>
<SP HEIGHT="39" WIDTH="26" VPOS="3804" HPOS="559"/>
<String LANG="en-US" CONTENT="head" HEIGHT="38" WIDTH="121" VPOS="3804" HPOS="586"/>
<SP HEIGHT="38" WIDTH="30" VPOS="3804" HPOS="708"/>
<String LANG="en-US" CONTENT="of" HEIGHT="40" WIDTH="54" VPOS="3802" HPOS="739"/>
<SP HEIGHT="41" WIDTH="24" VPOS="3802" HPOS="794"/>
<String LANG="en-US" CONTENT="title:" HEIGHT="40" WIDTH="134" VPOS="3803" HPOS="819"/>
<SP HEIGHT="41" WIDTH="31" VPOS="3802" HPOS="954"/>
<String LANG="en-US" CONTENT="Pappus" HEIGHT="49" WIDTH="196" VPOS="3802" HPOS="986"/>
<SP HEIGHT="39" WIDTH="27" VPOS="3804" HPOS="1183"/>
<String LANG="fr" CONTENT="d&#8217;Alexandrie." HEIGHT="42" WIDTH="359" VPOS="3801" HPOS="1211"/>
</TextLine>
<TextLine HEIGHT="53" WIDTH="1940" VPOS="3856" HPOS="499" LANG="en-US" CS="1">
<String CS="1" CONTENT="Paged" HEIGHT="42" WIDTH="160" VPOS="3857" HPOS="499"/>
<SP HEIGHT="38" WIDTH="39" VPOS="3860" HPOS="660"/>
<String CS="1" CONTENT="continuously;" HEIGHT="40" WIDTH="307" VPOS="3859" HPOS="700"/>
<SP HEIGHT="37" WIDTH="42" VPOS="3870" HPOS="1070"/>
<String CONTENT="v." HEIGHT="30" WIDTH="41" VPOS="3870" HPOS="1113"/>
<SP HEIGHT="40" WIDTH="38" VPOS="3860" HPOS="1155"/>
<String CONTENT="1," HEIGHT="46" WIDTH="39" VPOS="3860" HPOS="1194"/>
<SP HEIGHT="47" WIDTH="39" VPOS="3859" HPOS="1234"/>
<String CONTENT="2" HEIGHT="40" WIDTH="27" VPOS="3859" HPOS="1274"/>
<SP HEIGHT="48" WIDTH="35" VPOS="3859" HPOS="1302"/>
<String CONTENT="p." HEIGHT="38" WIDTH="43" VPOS="3869" HPOS="1338"/>
<SP/>
<String CS="1" CONTENT="l.,"/>
<SP HEIGHT="31" WIDTH="43" VPOS="3878" HPOS="1467"/>
<String CONTENT="[Vii]-cxxvi" HEIGHT="52" WIDTH="278" VPOS="3857" HPOS="1511"/>
<SP HEIGHT="48" WIDTH="35" VPOS="3858" HPOS="1790"/>
<String LANG="fr" CONTENT="p.," HEIGHT="38" WIDTH="58" VPOS="3868" HPOS="1826"/>
<SP HEIGHT="47" WIDTH="39" VPOS="3859" HPOS="1885"/>
<String CONTENT="1" HEIGHT="39" WIDTH="24" VPOS="3859" HPOS="1925"/>
<SP/>
<String CS="1" CONTENT="l.,"/>
<SP HEIGHT="50" WIDTH="38" VPOS="3856" HPOS="2035"/>
<String CONTENT="364" HEIGHT="42" WIDTH="86" VPOS="3856" HPOS="2074"/>
<SP HEIGHT="48" WIDTH="38" VPOS="3857" HPOS="2161"/>
<String CS="1" CONTENT="p.;" HEIGHT="37" WIDTH="43" VPOS="3868" HPOS="2200"/>
<SP HEIGHT="38" WIDTH="41" VPOS="3867" HPOS="2273"/>
<String CONTENT="v." HEIGHT="33" WIDTH="43" VPOS="3867" HPOS="2315"/>
<SP HEIGHT="44" WIDTH="38" VPOS="3856" HPOS="2359"/>
<String CONTENT="2," HEIGHT="48" WIDTH="41" VPOS="3856" HPOS="2398"/>
</TextLine>
<TextLine HEIGHT="51" WIDTH="421" VPOS="3912" HPOS="443" LANG="en-US" CS="1">
<String CS="1" CONTENT="[365]-883" HEIGHT="44" WIDTH="222" VPOS="3912" HPOS="443"/>
<SP HEIGHT="49" WIDTH="26" VPOS="3914" HPOS="666"/>
<String LANG="fr" CONTENT="p.," HEIGHT="38" WIDTH="58" VPOS="3925" HPOS="693"/>
<SP HEIGHT="44" WIDTH="27" VPOS="3917" HPOS="752"/>
<String CONTENT="1" HEIGHT="38" WIDTH="24" VPOS="3917" HPOS="780"/>
<SP HEIGHT="39" WIDTH="30" VPOS="3916" HPOS="805"/>
<String CS="1" CONTENT="l." HEIGHT="8" WIDTH="8" VPOS="3948" HPOS="856"/>
</TextLine>
<TextLine HEIGHT="52" WIDTH="2014" VPOS="3983" HPOS="430" LANG="en-US" CS="1">
<String CONTENT="&#169;" HEIGHT="52" WIDTH="52" VPOS="3983" HPOS="430"/>
<SP HEIGHT="52" WIDTH="44" VPOS="3983" HPOS="483"/>
<String CONTENT="July" HEIGHT="47" WIDTH="118" VPOS="3988" HPOS="528"/>
<SP HEIGHT="47" WIDTH="40" VPOS="3988" HPOS="647"/>
<String CONTENT="3." HEIGHT="42" WIDTH="39" VPOS="3988" HPOS="688"/>
<SP HEIGHT="41" WIDTH="45" VPOS="3989" HPOS="728"/>
<String CONTENT="1933;" HEIGHT="44" WIDTH="141" VPOS="3988" HPOS="774"/>
<SP/>
<String CS="1" CONTENT="1c."/>
<SP/>
<String CONTENT="each" HEIGHT="39" WIDTH="118" VPOS="3989" HPOS="1075"/>
<SP HEIGHT="39" WIDTH="48" VPOS="3988" HPOS="1194"/>
<String CONTENT="Sept." HEIGHT="47" WIDTH="126" VPOS="3988" HPOS="1243"/>
<SP HEIGHT="39" WIDTH="45" VPOS="3988" HPOS="1370"/>
<String CONTENT="21;" HEIGHT="41" WIDTH="82" VPOS="3988" HPOS="1416"/>
<SP HEIGHT="41" WIDTH="47" VPOS="3988" HPOS="1499"/>
<!-- cceid 4A8EB70E-6CF9-1014-A6CF-A82867D68027 --><String CONTENT="A-Foreign" HEIGHT="47" WIDTH="311" VPOS="3988" HPOS="1547"/>
<SP HEIGHT="40" WIDTH="45" VPOS="3987" HPOS="1859"/>
<String CONTENT="22196:" HEIGHT="42" WIDTH="171" VPOS="3987" HPOS="1905"/>
<SP HEIGHT="40" WIDTH="48" VPOS="3989" HPOS="2077"/>
<String LANG="fr" CONTENT="Descl&#233;e." HEIGHT="43" WIDTH="213" VPOS="3985" HPOS="2126"/>
<SP HEIGHT="40" WIDTH="44" VPOS="3988" HPOS="2340"/>
<String LANG="fr" CONTENT="de" HEIGHT="38" WIDTH="59" VPOS="3988" HPOS="2385"/>
</TextLine>
<TextLine HEIGHT="48" WIDTH="762" VPOS="4045" HPOS="499" LANG="en-US">
<String CONTENT="Brouwer" HEIGHT="38" WIDTH="234" VPOS="4046" HPOS="499"/>
<SP HEIGHT="40" WIDTH="25" VPOS="4045" HPOS="734"/>
<String CONTENT="&amp;" HEIGHT="40" WIDTH="34" VPOS="4045" HPOS="760"/>
<SP HEIGHT="40" WIDTH="26" VPOS="4045" HPOS="795"/>
<String CONTENT="cie." HEIGHT="40" WIDTH="84" VPOS="4045" HPOS="822"/>
<SP HEIGHT="46" WIDTH="71" VPOS="4045" HPOS="907"/>
<String CONTENT="(33-35673)" HEIGHT="48" WIDTH="282" VPOS="4045" HPOS="979"/>
</TextLine>
</TextBlock>
</PrintSpace>
</Page>
</Layout>
</alto>