2582 4453
1355 4094 135 55 1672

416 403 288 67 [Hughes,
737 405 234 53 Russell
1003 402 402 71 Meriwether]
1446 406 173 53 1898-

482 483 199 53 Dance
716 500 60 37 as
815 500 74 36 an
925 481 292 70 art-form,
1255 483 75 54 its
1368 482 223 71 history
1629 484 116 53 and
1781 483 416 69 development,
2233 484 77 68 by
2346 484 83 53 La

412 561 2019 70 Meri [pseud.] … New York, A. S. Barnes and company,
413 640 422 69 incorporated,
868 644 151 51 1933.

481 713 639 51 5 p. l., 3-198 p. 19½cm.
482 771 354 50 Bibliography:
898 783 44 37 p.
977 771 217 42 189-190.

416 837 2012 54 © Oct. 25, 1933; 2c. Oct. 28; aff. Nov. 3; A 66879; A. S. Barnes & co., inc.
490 899 283 50 (33-36025)

413 1002 2018 151 International clinics; a quarterly of illustrated clinical lectures and especially prepared original articles … by leading
483 1164 279 52 members
802 1163 64 54 of
907 1164 94 53 the
1043 1163 244 53 medical
1329 1163 327 69 profession
1696 1165 357 68 throughout
2091 1164 96 53 the
2231 1164 198 53 world.

486 1241 1946 70 Edited by Louis Haminan, M . D. … with the collaboration of
486 1321 1942 69 Francis Gilman Blake, M. D. … [ and others] Volume IV.
486 1401 373 69 Forty-third
893 1402 189 66 series,
1120 1405 150 49 1933.
1348 1402 430 69 Philadelphia,
1811 1402 244 53 London
2093 1407 139 63 [etc.]
2271 1403 54 54 J.
2362 1405 68 51 B.

485 1479 342 69 Lippincott
855 1499 281 50 company
1171 1483 193 65 [c1933]

487 1552 100 50 viii,
612 1553 87 41 317
723 1563 44 37 p.
823 1553 86 40 col.
936 1553 164 47 front.,
1127 1554 144 47 illus.,
1298 1553 172 47 plates,
1499 1553 154 46 diagr.
1707 1551 146 43 23½cm.

488 1610 120 42 Part
632 1611 52 40 of
706 1611 160 48 plates
890 1622 83 28 are
997 1611 195 47 printed
1217 1622 61 28 on
1302 1611 117 39 both
1445 1610 142 40 sides.

416 1676 53 52 ©
497 1681 120 41 Nov.
647 1681 71 46 27,
744 1680 142 48 1933;
917 1682 68 39 2c.
1014 1683 95 38 and
1139 1681 83 41 aff.
1251 1682 112 40 Dec.
1393 1681 83 42 13:
1509 1682 41 38 A
1578 1681 172 47 67519;
1784 1683 43 39 J.
1860 1683 53 39 B.
1945 1682 279 48 Lippincott
2253 1692 68 30 co.

412 1786 236 67 Jacobs,
678 1788 212 53 Albert
921 1788 192 63 Poole,
1147 1791 326 49 1853-1909.

484 1867 210 54 Jacobs
726 1866 113 53 and
870 1866 237 60 Chaney
1136 1885 125 33 new
1291 1865 301 69 Michigan
1623 1865 203 70 digest.
1905 1869 133 50 1933
2068 1869 365 66 supplement

414 1946 272 68 covering
734 1948 100 49 255
887 1953 59 45 to
995 1948 101 49 263
1147 1944 318 69 Michigan,
1515 1945 292 53 inclusive.
1888 1947 88 67 By
2027 1945 160 53 Basil
2239 1948 191 51 Jones.

417 2024 273 70 Chicago,
721 2024 326 69 Callaghan
1078 2025 113 52 and
1222 2042 300 51 company,
1555 2027 151 51 1933.

484 2097 521 49 2 p. l., 407 p. 26cm.
417 2165 53 52 ©
500 2170 113 41 Dec.
646 2170 68 47 12,
746 2168 142 49 1933;
924 2170 67 41 2c.
1024 2170 97 39 and
1153 2168 82 41 aff.
1268 2169 113 40 Dec.
1415 2170 81 44 18;
1531 2169 41 38 A
1603 2168 172 49 67562;
1812 2168 271 50 Callaghan
2117 2170 37 41 &
2186 2180 66 30 co.

415 2277 178 65 Jaffe,
621 2275 184 55 Louis
831 2275 350 56 Leventhal.

486 2355 260 55 Judicial
788 2359 222 64 aspects
1051 2352 65 54 of
1159 2352 231 70 foreign
1433 2351 292 67 relations,
1769 2350 60 53 in
1872 2348 320 69 particular
2235 2347 65 54 of
2341 2346 97 53 the

418 2434 357 69 recognition
804 2432 65 55 of
897 2432 231 69 foreign
1156 2450 238 51 powers,
1420 2431 77 68 by
1523 2430 176 53 Louis
1728 2430 63 51 L.
1823 2427 170 56 Jaffe.
2072 2426 366 68 Cambridge,

415 2514 278 53 Harvard
724 2512 323 68 university
1076 2530 176 50 press,
1285 2512 152 51 1933.

416 2578 2003 115 viii p., 3 l., [3]—278 p. 24½cm. (Half-title: Harvard studies in administrative law, vol. VI)
487 2701 177 42 Tables
709 2701 53 40 of
807 2710 150 37 cases,
1006 2701 228 46 statutes,
1283 2698 218 48 treaties,
1550 2694 284 51 diplomatic
1882 2694 409 49 correspondence
2341 2694 94 39 and

416 2761 269 46 secondary
716 2757 297 42 authorities:
1074 2768 42 37 p.
1153 2754 250 52 [241]-257.

423 2811 53 52 ©
504 2816 119 40 Nov.
651 2815 69 48 17,
750 2812 142 48 1933;
925 2814 67 39 2c.
1021 2812 119 40 Nov.
1170 2812 83 46 27;
1287 2810 83 41 aff.
1398 2810 120 40 Nov.
1549 2809 81 46 23;
1663 2810 41 38 A
1735 2806 171 47 68325;
1941 2807 257 40 President
2226 2807 96 39 and
486 2804 1933 110 fellows
630 2874 52 38 of
708 2874 232 39 Harvard
968 2872 194 47 college,
1191 2868 303 49 Cambridge,
1523 2869 146 39 Mass.
1743 2866 282 49 (33-35685)

416 2978 308 54 Jahrbuch
761 2979 96 52 des
893 2975 657 69 Forschungs-instituts
1583 2974 100 52 der
1717 2973 399 68 Allgemeinen

2151 2971 254 53 elektrici
488 3056 414 70 täts-gesellschaff.
1096 3058 46 48 3.
1211 3054 94 52 bd.
1384 3056 256 49 1931-32.
1719 3051 218 67 Berlin,
2006 3054 55 51 J.
2135 3049 299 69 Springer,

491 3140 152 50 1933.

491 3203 1238 54 4 p. l., 11-205 p. illus., tables, diagrs. 29 ½ cm.
421 3262 53 52 ©
506 3265 128 49 Sept.
666 3266 67 47 14,
766 3264 141 48 1933;
999 3297 8 7 1c.
1039 3264 111 39 Dec.
1183 3263 81 41 14;
1298 3262 100 38 A-
1403 3260 207 47 Foreign
1642 3259 172 44 22981;
1850 3259 164 41 Julius
2049 3257 243 49 Springer.

418 3372 185 65 Kaus,
630 3373 159 51 Frau
819 3370 170 64 Gina,
1020 3370 173 52 1894τ-

552 3434 1876 82 … Tomorrow we part, a novel. New York, R. Long & R. R.
418 3529 209 67 Smith,
655 3529 127 67 inc.,
811 3532 151 50 1933.

490 3601 99 49 225,
622 3603 55 50 [1]
711 3613 43 37 p.
815 3601 147 41 19½cm.

423 3654 52 52 ©
513 3659 118 40 Nov.
670 3660 40 42 3.
749 3656 114 40 1933;
930 3657 66 39 2c.
1039 3656 117 39 Nov.
1193 3654 82 43 15;
1319 3652 82 41 aff.
1442 3653 117 38 Nov.
1599 3649 83 48 25;
1723 3649 37 38 A
1803 3645 172 43 67365;
2018 3645 106 49 Bay
2166 3642 132 46 Long
2338 3641 94 39 and

487 3716 214 42 Richard
731 3718 54 38 B.
817 3716 171 40 Smith,
1018 3715 89 40 inc.
1180 3711 281 51 (33-36072)

421 3823 179 64 Kent,
628 3821 208 54 Edwin
868 3820 196 56 Clark.

490 3900 122 53 The
653 3899 102 54 isle
795 3899 66 53 of
898 3899 137 67 long
1075 3913 136 52 ago;
1255 3893 266 70 sporting
1562 3893 140 66 days
1748 3890 110 67 [by]
1906 3886 210 54 Edwin
2159 3883 63 56 C.
2262 3883 169 52 Kent.

420 3978 139 55 New
589 3977 181 69 York,
798 3978 262 66 London,
1091 3975 62 56 C.
1188 3972 315 58 Scribner’s
1530 3989 148 50 sons,
1709 3972 150 51 1933.
