2582 4453
1293 4154 133 51 1188

348 469 344 54 Fernández
722 472 293 63 Navarro,
1049 470 211 65 Lucas,
1297 472 328 50 1869-1930.

350 547 1995 133 … El mundo de los minerales, por Lucas Fernández Navarro …
679 631 48 49 3.
758 627 85 53 ed.
917 626 273 67 [Madrid]
1225 626 454 68 Espasa-Calpe,
1708 646 42 33 s.
1783 646 67 45 a.,
1881 629 154 49 1932.

353 699 2002 108 3 p. l., [9]-94 p. illus., 6 pl. on 3 l. 20½ x 16 cm . (Libros de la naturaleza)
355 827 2019 52 © Oct. 30, 1932; 1c. Apr. 21, 1933; A-Foreign 21157; Espasa-Calpe,
425 900 35 29 s.
494 900 41 29 a.
609 887 282 50 (33-22329)

350 993 123 52 The
504 993 391 64 Fortnightly
921 990 224 55 review,
1221 1010 89 34 no.
1343 994 117 65 800,
1489 1010 53 34 n.
1573 1011 61 48 s.,
1664 992 172 68 Aug.,
1867 994 151 50 1933.

356 1070 2019 53 © 1c. Aug. 7, 1933; A ad int. 18176; pubd. Aug. 1; Fortnightly review,
425 1132 101 47 ltd.,
561 1132 214 39 London.

351 1231 387 70 Geijerstam,
769 1235 224 56 Gustaf
1022 1235 84 64 af,
1139 1238 328 51 1858-1909.

423 1315 104 68 My
565 1315 158 69 boys,
763 1335 30 34 a
831 1313 237 70 holiday
1108 1313 150 54 book
1296 1313 95 53 for
1429 1313 101 70 big
1569 1314 114 53 and
1724 1313 170 68 little,
1930 1312 78 71 by
2046 1312 224 56 Gustav
2311 1312 64 55 af

352 1392 377 70 Geijerstam;
759 1393 321 53 translated
1107 1392 155 54 from
1290 1392 96 54 the
1416 1391 262 57 Swedish
1703 1392 77 70 by
1805 1391 240 55 Alfhild
2073 1391 300 68 Huebsch;

353 1473 330 53 illustrated
722 1473 35 52 by
836 1472 150 52 Karl
1025 1472 266 53 Larsson.
1369 1471 141 54 New
1551 1471 183 70 York,
1773 1472 122 53 The
1936 1471 224 70 Viking
2200 1489 175 52 press,

355 1555 150 50 1933.

424 1625 921 50 4 p. l., 3-186 p. incl. plates. 21 cm .
425 1684 290 40 Illustrated
746 1683 351 48 lining-papers.

424 1741 296 40 Translated
755 1741 50 39 in
839 1740 116 41 1930
987 1740 62 49 by
1085 1740 188 40 Burton
1312 1738 262 49 Benjamin
1609 1739 274 41 Lifschultz
1918 1740 156 40 under
2109 1739 137 41 title:
2285 1738 93 49 Big

353 1799 96 40 and
479 1799 128 40 little
636 1798 213 42 brother.

357 1855 2022 51 © Aug. 21, 1933; 2c. and aff. Aug. 23; A 65003; A. Huebsch, New York.
434 1916 282 48 (33-22298)

350 2015 262 68 Havens,
644 2020 229 63 George
901 2019 381 64 Remington,
1314 2021 173 51 1890-
1630 2018 85 54 ed.

427 2098 308 54 Voltaire’s
783 2098 349 68 marginalia
1180 2118 72 34 on
1299 2098 96 54 the
1442 2118 176 48 pages
1665 2098 64 54 of
1775 2099 323 64 Rousseau;
2151 2117 31 33 a
356 2116 1996 129 comparative

354 2176 1997 146 study of ideas [by] George R. Havens … Columbus, O., The
769 2253 151 56 Ohio
947 2261 145 48 state
1121 2255 340 66 university,
1491 2259 152 50 1933.

431 2327 1946 51 ix, [1], 199 p. incl. front. (facsim.) 23 cm . (On cover: [Ohio state
358 2384 290 50 university]
713 2383 370 43 Contributions
1119 2386 49 39 in
1202 2385 268 50 languages
1506 2387 96 39 and
1636 2386 274 41 literature,
1973 2397 75 29 no.
2084 2386 50 48 6)

428 2443 102 42 The
561 2442 124 42 Ohio
713 2446 129 38 state
871 2442 276 49 university
1175 2444 202 40 studies.

430 2499 282 43 “Graduate
743 2501 164 41 school
939 2500 195 41 series.”

430 2557 380 50 Bibliography:
843 2569 43 38 p.
916 2557 218 41 197-199.

359 2612 1935 53 © May 31, 1933; 2c. June 9; aff. Aug. 23; A 64929; Ohio state univ.
434 2674 282 49 (33-28018)

352 2776 255 67 Hoover,
636 2776 305 55 Theodore
970 2778 188 65 Jesse,
1190 2776 174 55 1876-

425 2856 121 53 The
579 2855 315 54 economics
928 2856 63 52 of
1026 2856 226 69 mining
1297 2855 398 69 (non-ferrous
1729 2857 230 64 metals)
2005 2857 370 53 valuation—

355 2934 1955 69 organization—management, by Theodore Jesse Hoover …
357 3012 285 55 Stanford
680 3013 358 68 University,
1078 3013 198 67 Calif.,
1317 3014 285 55 Stanford
1640 3014 321 67 university
1998 3032 186 49 press;
354 3015 1996 132 London,

516 3091 1414 69 H. Milford, Oxford university press [ c 1933]
429 3163 1210 51 viii, 547 p. illus., 2 pl. (1 fold.) diagrs. 23½cm.
431 3219 351 51 Bibliography
809 3225 53 37 at
889 3223 82 40 the
999 3223 91 39 end
1119 3220 51 42 of
1197 3223 119 39 each
1345 3223 215 48 chapter.

359 3276 51 52 ©
436 3281 119 47 Aug.
583 3280 39 47 9,
650 3280 113 40 1933;
818 3280 68 40 2c.
913 3280 118 46 Aug.
1059 3279 55 40 23;
1172 3279 82 42 aff.
1282 3280 119 47 Aug.
1431 3280 82 47 19;
1542 3281 41 38 A
1611 3280 171 48 65006;
1813 3282 164 39 Board
2005 3282 52 40 of
2084 3285 212 37 trustees
2324 3283 52 39 of

428 3338 81 40 the
547 3338 184 39 Leland
773 3337 237 41 Stanford
1047 3337 166 47 junior
1251 3337 145 47 univ.,
1439 3337 236 41 Stanford
1716 3338 297 49 University,
2054 3338 145 42 Calif.

436 3395 281 47 (33-22328)

351 3497 199 65 Howe,
585 3499 225 64 Henry,
844 3502 327 50 1811-1868.

429 3575 121 52 The
596 3574 166 69 diary
806 3575 62 52 of
915 3596 27 32 a
990 3576 201 54 circuit
1238 3577 183 60 rider;
1468 3581 257 65 excerpts
1771 3577 150 53 from
1966 3578 95 52 the
2106 3581 158 51 notes
2309 3577 63 53 of

357 3653 202 69 Henry
592 3654 197 67 Howe,
820 3656 164 51 made
1018 3654 167 55 while
1216 3655 288 69 traveling
1535 3659 59 51 in
1628 3657 269 53 southern
1929 3655 319 54 Wisconsin
356 3657 1991 130 between

563 3733 95 54 the
687 3750 162 52 years
883 3734 133 51 1864
1044 3735 109 52 and
1190 3736 132 51 1868
1354 3753 60 36 as
1443 3759 31 33 a
1503 3735 340 70 missionary
1873 3735 63 54 of
1965 3736 93 53 the
2089 3734 283 71 Disciples

357 3811 62 52 of
467 3811 212 60 Christ,
724 3811 188 54 edited
959 3813 72 65 by
1078 3812 179 55 Jessie
1304 3814 178 52 Howe
1529 3814 347 65 Nebelthau;
1925 3815 324 54 illustrated
2295 3816 74 68 by

356 3889 263 58 Dorothy
646 3891 321 52 Kurtzman
994 3892 229 67 Phelps.
1285 3891 404 69 Minneapolis,
1715 3893 121 53 The
1863 3893 306 68 Voyageur
2195 3912 174 50 press,

358 3970 149 49 1933.

423 4039 959 52 xiii, 144, [2] p. front. (port.) 20½cm.
