2484 4405
1067 4113 133 49 1145

132 459 243 63 Adams,
405 456 209 54 Isabel.

204 524 1931 76 The dumb man, by Isabel Adams … New York, London.
133 614 72 52 D.
241 610 581 71 Appleton-Century
857 625 298 50 company,
1191 604 399 69 incorporated
1650 606 175 65 [c1933]

205 682 657 53 3 p. l., 3-279 p. 19½cm.
208 744 161 41 “First
413 740 259 51 printing.”

139 799 51 52 ©
225 803 119 47 Aug.
378 801 69 47 18,
482 800 114 40 1933;
658 800 68 38 2c.
762 799 95 38 and
891 796 80 41 aff.
1008 798 120 45 Aug.
1164 796 81 45 21;
1284 796 39 37 A
1360 794 171 47 63975;
1569 795 55 38 D.
1661 792 478 49 Appleton-Century

206 873 81 34 co.,
323 860 88 39 inc.
484 855 279 52 (33-21522)

195 929 1941 71 … The Alishar hüyük. Seasons of 1928 and 1929. Pt. II, by
203 1007 1933 69 Erich F. Schmidt … with a chapter by Wilton Marion
205 1086 1928 74 Krogman … Chicago, Ill., The University of Chicago
201 1191 157 49 press
400 1173 192 65 [c1933]

210 1240 1930 52 xyii, 148 p, incl. col. front., illus. (incl. map) XI plates, plans, tables
146 1304 49 48 (1
223 1303 143 46 fold.)
406 1302 178 47 diagrs.
615 1300 49 48 (1
693 1301 144 46 fold.)
905 1299 145 41 30½cm.
1123 1298 124 48 (The
1279 1297 282 48 University
1591 1298 54 38 of
1675 1297 210 47 Chicago
1919 1295 220 41 Oriental

136 1360 227 40 institute
392 1357 338 49 publication's.
792 1357 202 39 Volume
1103 1357 12 45 XX)

207 1416 325 41 “Researches
563 1416 48 39 in
643 1413 496 41 Anatolia—Volume
1169 1411 71 42 v.”

139 1469 51 53 ©
221 1475 118 47 Aug.
371 1474 69 46 22,
473 1472 139 47 1933;
646 1473 67 38 2c.
746 1473 95 38 and
871 1470 83 41 aff.
989 1471 127 47 Sept.
1149 1471 52 46 2;
1237 1471 39 37 A
1309 1469 169 41 64904:
1516 1469 283 48 University
1831 1470 51 39 of
1915 1469 223 48 Chicago,

207 1531 223 48 Chicago.

132 1605 188 68 Allen,
351 1606 209 53 Alfred
591 1606 223 61 Henry.

202 1683 225 54 Allen’s,
450 1682 357 56 commercial
838 1681 232 69 organic
1102 1682 250 68 analysis;
1414 1701 28 32 a
1475 1681 231 53 treatise
1738 1700 71 34 on

1840 1682 95 52 the
134 1700 1976 131 properties,
365 1762 193 53 modes
607 1762 63 53 of
719 1761 267 69 analysis,
1036 1762 113 51 and
1197 1761 321 67 proximate
1569 1761 311 65 analytical

133 1761 1975 134 examination
381 1841 64 52 of
492 1842 96 53 the
636 1840 228 52 various
914 1839 233 69 organic
1194 1840 300 53 chemicals
1544 1840 111 52 and

1705 1840 272 68 products
135 1860 1978 130 employed
378 1923 61 51 in
474 1921 96 52 the
607 1925 135 61 arts,
774 1919 449 67 manufactures,
1257 1918 294 68 medicine,

1588 1925 120 61 etc.,
1744 1920 141 52 with
1921 1920 216 53 concise

132 2000 260 55 methods
428 2000 94 52 for
555 1999 94 53 the
686 1997 282 55 detection
1004 1998 113 53 and
1152 1998 327 53 estimation
1514 1998 64 53 of
1610 1997 151 54 their
1793 1998 344 69 impurities,

135 2079 431 68 adulterations,
620 2079 112 52 and
784 2078 273 68 products
1111 2079 64 52 of
1227 2077 464 69 decomposition.
1783 2080 243 53 Volume
2081 2097 54 35 x.

134 2157 424 69 Haemoglobin
605 2158 112 52 and
762 2158 74 52 its
882 2156 363 68 derivatives,
1292 2157 383 52 albuminoids
1721 2176 63 33 or

1827 2159 286 68 scleropro
135 2237 163 69 teins,
333 2239 312 54 structural
681 2236 271 69 proteins,
989 2236 389 54 examination
1416 2237 63 52 of
1514 2234 310 55 foodstuffs

1860 2237 96 53 for
133 2238 1979 147 vitamins,
330 2317 96 52 the
457 2317 317 66 hormones,
804 2315 96 54 the
933 2312 418 55 identification
1384 2316 64 52 of
1480 2315 289 53 unknown
1802 2317 190 53 woods
2025 2318 112 52 and

135 2396 306 67 charcoals,
480 2396 96 51 the
613 2394 181 69 pectic
832 2394 342 53 substances.
1250 2396 90 67 By
1380 2395 96 51 the
1514 2394 184 56 editor
1739 2396 112 52 and
1890 2398 96 50 the

135 2397 1979 146 following
387 2473 401 68 contributors,
826 2474 53 54 J.
922 2473 313 68 Addyman
1275 2473 264 55 Gardner
1580 2475 112 51 and
1732 2476 68 54 G.
1838 2476 71 52 A.
134 2475 1980 146 Buckmaster,

400 2551 1736 70 J. Alexander [and others] … Editor, C. Ainsworth
135 2632 2002 71 Mitchell … 5th ed., rev. and partly rewritten. Philadelphia.
136 2714 65 51 P.
228 2711 349 54 Blakiston’s
602 2729 101 34 son
727 2715 45 49 &
798 2730 97 48 co.,
921 2710 107 53 inc.
1062 2714 194 64 [c1933]

208 2784 1313 51 10 p. l., v-xi, 817 p. illus., tables, cliagrs. 24cm.
143 2841 51 52 ©
225 2844 119 48 Aug.
376 2843 70 47 30,
478 2842 113 40 1933;
653 2842 67 39 2c.
753 2843 95 38 and
879 2841 82 41 aff.
993 2842 120 47 Aug.
1147 2842 56 39 31;
1264 2842 41 39 A
1338 2842 143 41 64887;
1543 2844 50 39 P.
1627 2843 327 42 Blakistone’s
1988 2854 87 32 son
2107 2848 36 39 &

210 2912 82 37 co.,
317 2901 94 40 inc.

134 2974 286 64 Barbour,
451 2974 192 63 Ralph
672 2974 224 63 Henry,
932 2975 170 52 1870-

208 3054 147 54 Goal
384 3058 59 46 to
474 3069 89 51 go,
594 3051 75 68 by
701 3050 194 68 Ralph
926 3050 205 69 Henry
1163 3051 291 68 Barbour;
1490 3051 380 58 illustrations
1903 3056 74 68 by
2008 3057 132 54 Neil

140 3130 287 57 O’Keeffe.
502 3129 139 54 New
695 3128 179 68 York,
926 3128 259 70 London,
1236 3128 72 54 D.
1362 3130 580 73 Appleton-Century

139 3153 1976 126 company,
341 3207 417 69 incorporated,
792 3210 151 50 1933.

210 3285 80 47 vii,
321 3285 54 49 [1]
403 3294 56 37 p.,
485 3283 25 39 1
573 3315 8 16 l.,
606 3282 100 46 277,
736 3300 10 30 [1]
819 3291 42 37 p.
921 3281 165 47 front.,
1112 3281 130 41 illus.
1302 3281 146 43 19½cm.

211 3342 161 40 “First
407 3338 259 51 printing.”

143 3397 51 52 ©
218 3401 120 47 Aug.
363 3399 68 47 18,
458 3397 113 40 1933;
625 3397 67 39 2c.
719 3397 96 38 and
840 3395 80 40 aff.
948 3396 118 47 Aug.
1093 3396 57 38 21;
1205 3396 41 39 A
1272 3396 144 41 63974;
1472 3399 57 40 D.
1555 3399 444 49 Appleton-Century
2058 3415 82 37 co.,

210 3457 89 40 inc.
371 3454 279 49 (33-21520)

137 3518 190 64 Beals,
364 3514 292 63 Carleton,
697 3519 162 48 1893-

211 3597 120 53 The
368 3595 171 56 crime
551 3595 90 51 of
679 3591 159 55 Cuba
898 3591 76 67 [by]
1036 3591 271 58 Carleton
1344 3594 196 68 Beals;
1580 3595 140 55 with
1758 3602 65 49 31
1862 3609 277 58 aquatono

141 3673 376 56 illustrations
575 3671 151 52 from
760 3670 420 67 photographs
1237 3670 76 67 by
1366 3673 237 53 Walker
1659 3675 208 55 Evans.

140 3680 1971 132 Philadelphia
398 3749 44 50 &
465 3747 259 65 London,
750 3746 55 55 J.
835 3747 67 52 B.
930 3745 340 67 Lippincott
1299 3766 281 46 company
1631 3756 155 50 [c1933]

213 3827 80 38 441
327 3835 42 38 p.,
411 3827 16 36 1
485 3857 8 8 l.
553 3825 48 38 81
635 3835 62 38 pl.
757 3821 54 40 22½cm.

211 3882 306 48 Descriptive
542 3882 284 44 letterpress
856 3890 60 28 on
944 3887 169 31 versos
1138 3879 170 48 facing
1334 3881 82 40 the
1447 3884 188 49 plates.,

215 3939 243 39 “Selected
490 3934 392 47 bibliography”:
917 3945 28 35 p
989 3934 216 40 409-415.

146 3994 51 52 ©
233 3998 119 47 Aug.
387 3996 39 44 9,
463 3993 139 41 1933:
641 3993 65 39 2c.
745 3993 95 38 and
876 3991 81 40 aff.
994 3993 120 46 Aug.
1151 3993 81 45 17;
1272 3995 40 37 A
1349 3994 171 49 64741;
1561 3997 48 42 C.
1648 4000 159 51 Beals,
1845 4004 117 42 New
1999 4007 130 40 York

226 4052 279 52 (33-21378)
