2582 4453
1410 4136 98 53 874

451 547 239 35 revenue
717 528 241 69 rulings,
987 528 283 65 evidence,
1299 528 249 68 practice
1574 530 113 53 and
1715 528 311 70 procedure
2053 529 333 71 pertaining
2412 536 57 48 to

453 608 232 67 income,
726 612 177 49 estate
944 609 112 51 and
1098 608 181 53 excise
1319 614 159 48 taxes
1519 611 113 52 and
1673 614 162 49 court
1875 610 114 53 and
2031 610 195 54 Board
2267 610 64 53 of
2370 619 99 46 tax

449 688 237 67 appeals
715 687 279 53 decisions
1023 706 72 33 on
1128 687 275 69 avoiding
1432 689 111 51 and
1574 686 366 73 minimizing
1968 694 177 63 taxes,
2173 688 75 71 by
2276 690 194 54 James

451 765 1567 71 Conlon … Washington, D. C., J. Conlon [c1933]
522 842 97 48 xvi,
649 841 88 42 640
765 852 43 39 p.
867 840 149 41 23½cm.

455 909 52 52 ©
539 914 129 40 June
695 913 40 48 9,
766 913 114 41 1933;
941 914 67 40 2c.
1040 914 95 39 and
1167 913 83 41 aff.
1282 914 128 39 June
1438 914 53 47 9;
1524 914 42 39 A
1597 914 171 47 62983;
1803 915 43 40 J.
1878 914 199 43 Conlon.

533 971 283 50 (33-15635)

450 1074 246 67 Cottier,
723 1075 241 66 Joseph,
996 1081 170 50 1899-

525 1153 237 55 Careers
790 1154 200 69 ahead,
1020 1154 75 68 by
1123 1154 218 69 Joseph
1375 1153 223 55 Cottier
1628 1156 114 52 and
1774 1155 228 53 Harold
2034 1156 228 54 Brecht.
452 1158 1995 144 Boston,
595 1233 197 69 Little,
821 1233 232 69 Brown,
1082 1233 112 54 and
1224 1250 300 52 company,
1557 1236 150 52 1933.

527 1307 955 49 8 p. l., 3-312 p. front., plates. 20½cm.
457 1377 51 53 ©
538 1383 128 38 June
694 1381 40 48 9,
762 1381 114 40 1933;
934 1382 67 38 2c.
1031 1381 97 40 and
1156 1380 82 41 aff.
1268 1381 126 40 June
1423 1382 83 45 10;
1536 1381 43 39 A
1607 1381 171 47 63135;
1811 1382 42 39 J.
1885 1382 200 48 Cottier,
2116 1381 357 49 Philadelphia,

525 1439 97 40 and
653 1440 190 39 Harold
874 1440 71 39 W.
980 1439 194 48 Brecht,
1206 1439 252 47 Ardmore,
1491 1439 84 40 Pa.
1650 1440 282 48 (33-15522)

451 1546 140 59 Cox,
621 1544 229 64 George
877 1545 222 65 James,
1133 1549 171 50 1884-

522 1624 114 52 Art
665 1623 114 53 and
809 1621 131 55 “the
966 1622 171 67 life”;
1170 1643 31 33 a
1230 1623 148 53 book
1404 1643 68 33 on
1505 1624 95 53 the
1629 1624 214 52 human
1874 1622 200 72 figure,
2101 1627 76 51 its
2207 1625 264 69 drawing

451 1705 112 52 and
600 1704 220 69 design,
853 1704 74 68 by
963 1702 224 70 George
1221 1706 56 54 J.
1316 1703 138 55 Cox.
1531 1703 234 56 Garden
1802 1705 155 68 City,
1991 1705 69 53 N.
2096 1706 91 68 Y.,
451 1705 1996 147 Doubleday,
607 1785 200 51 Doran
832 1787 46 50 &
904 1801 300 51 company,
1230 1782 127 68 inc.,
1385 1787 150 50 1933.

523 1858 1081 50 xi p., 1 l., 116 p. illus., LXXIV pl. 28cm.
526 1917 163 41 “First
724 1916 228 42 edition.”

526 1975 135 40 “List
691 1975 53 41 of
771 1973 179 42 books”
970 1985 10 29 :
1011 1985 44 38 p.
1086 1973 218 42 113-115.

459 2043 51 53 ©
540 2048 127 40 June
694 2047 69 47 14,
791 2046 140 45 1933;
962 2046 66 40 2c.
1058 2046 96 39 and
1181 2045 83 43 aff.
1293 2045 127 40 June
1448 2044 82 50 16;
1560 2045 41 40 A
1628 2045 172 48 63270;
1832 2046 52 42 G.
1913 2047 44 41 J.
1987 2046 115 49 Cox,
2133 2047 92 42 Los
2252 2046 221 49 Angeles.

535 2105 283 49 (33-15653)

452 2209 222 63 Curtis,
703 2207 339 56 Winterton
1075 2211 277 62 Conway,
1385 2210 171 54 1875-

525 2289 1941 68 Textbook of general zoology, by Winterton C. Curtis … and
454 2367 2015 69 Mary J. Guthrie … with the collaboration of Katharine R.
451 2447 2020 68 Jeffers … 2d ed., rewritten and reset. New York, J. Wiley
455 2530 45 51 &
531 2546 147 43 sons,
710 2527 136 66 inc.;
882 2528 259 59 London,
1174 2528 302 63 Chapman
1507 2530 43 50 &
1582 2527 162 66 Hall,
1775 2526 242 56 limited,
2054 2530 149 49 1933.

526 2611 76 33 xv.
635 2601 85 41 588
749 2612 42 37 p.
853 2600 143 46 illus.,
1027 2600 180 48 diagrs.
1269 2600 146 41 23½cm.
1532 2598 131 49 $3.75

461 2670 51 52 ©
546 2674 129 39 June
702 2673 40 48 9,
774 2673 140 45 1933;
948 2673 67 40 2c.
1048 2673 129 40 June
1206 2672 82 46 10;
1323 2671 83 42 aff.
1438 2672 128 40 June
1596 2673 82 44 14;
1713 2672 42 38 A
1786 2671 171 47 63183;
1990 2672 73 42 W.
2139 2704 8 8 C.
2181 2670 165 42 Curtis
2378 2672 96 39 and

529 2732 143 47 Mary
734 2762 9 9 J.
774 2730 221 47 Guthrie,
1027 2730 268 47 Columbia,
1326 2731 93 39 Mo.
1491 2728 281 49 (33-15645)

452 2835 86 52 De
565 2836 135 61 Lee,
727 2834 222 65 Joseph
976 2832 258 67 Bolivar,
1265 2838 171 51 1869-

527 2911 1945 71 Obstetrics for nurses, by Joseph B. De Lee … 10th ed.,
453 2993 354 69 thoroughly
846 3012 114 34 rev.
1036 2991 412 70 Philadelphia
1489 2993 112 52 and
1641 2992 260 67 London,
1939 2991 90 55 AY.
2071 2992 67 52 B.
2183 2990 288 56 Saunders

455 3090 300 51 company,
788 3075 150 50 1933.

527 3143 1943 54 2 p. l., 3-634, 21, 635-666 p. front., illus. (part col.) VI col. pl., diagrs.
455 3207 117 41 20cm.

530 3264 101 39 “An
658 3263 186 40 outline
868 3261 79 41 for
973 3261 203 48 study”:
1204 3262 53 39 21
1286 3273 43 37 p.
1357 3262 215 40 between
1599 3273 42 36 p.
1669 3261 85 41 634
1781 3262 95 40 and
1904 3261 99 41 635.

461 3333 54 51 ©
543 3337 128 40 June
695 3336 40 47 1,
763 3335 141 47 1933;
934 3335 68 40 2c.
1031 3336 94 38 and
1155 3333 80 41 aff.
1266 3335 126 39 June
1421 3334 51 41 5;
1504 3333 41 39 A
1572 3333 171 47 63024;
1774 3334 72 40 W.
1876 3335 53 38 B.
1961 3333 247 41 Saunders
2236 3344 68 30 co.

539 3393 281 49 (33-15630)

454 3496 85 53 De
568 3495 176 67 Wolf,
776 3496 246 54 Francis
1053 3496 148 65 Colt,
1234 3501 127 49 1894-

528 3573 246 55 General
830 3574 264 68 synopsis
1146 3573 65 54 of
1265 3573 233 53 treaties
1550 3572 65 53 of
1668 3571 365 68 arbitration,
2088 3571 383 68 conciliation,

455 3651 241 69 judicial
723 3652 340 68 settlement,
1091 3651 248 70 security
1367 3652 113 52 and
1508 3651 411 53 disarmament
1946 3650 252 68 actually
2224 3650 59 52 in
2315 3649 156 53 force

456 3730 250 54 between
745 3730 285 55 countries
1069 3731 220 53 invited
1326 3735 60 50 to
1424 3730 94 54 the
1557 3729 412 55 disarmament
2008 3727 351 68 conference,
2395 3727 76 70 by

456 3807 2016 70 Francis Colt DeWolf … Washington, Carnegie endowment
459 3886 94 53 for
579 3887 411 54 international
1024 3906 186 51 peace,
1241 3891 151 49 1933.

527 3957 1942 52 x p., 1 l., 201 p. 24½cm. (Half-title: Pamphlet series of the Carnegie
456 4018 305 41 endowment
815 4018 78 41 for
948 4019 355 40 international
1355 4027 161 38 peace,
1569 4015 225 41 Division
1849 4016 53 40 of
1955 4015 349 41 international
2361 4015 108 48 law,

453 4083 76 31 no.
560 4072 80 51 53)
