2575 4405
0 0 0 0 237
145 424 295 53 Southern
480 423 199 68 digest.
757 424 136 49 1932
929 419 344 55 cumulative
1312 419 212 53 annual
1560 418 207 69 pocket
1799 421 204 66 part[S]
2045 417 96 53 for

214 496 1662 73 vol[S] 1-29 … St. Paul, West publishing co. [ c 1933]
217 576 55 41 29
335 609 8 8 v.
400 575 55 40 25
459 577 44 21 cm
508 606 9 9 .

219 633 154 39 These
400 630 274 49 pamphlets
701 640 85 30 are
814 631 48 38 to
891 628 59 40 be
975 627 139 40 fitted
1142 626 103 41 into
1274 626 82 41 the
1384 626 196 49 pockets
1611 629 52 38 at
1692 626 85 41 the
1803 626 148 41 backs
1981 628 51 40 of
2063 628 81 40 the

146 689 215 40 volumes
387 688 52 40 of
466 687 81 40 the
575 689 72 37 set
674 688 53 38 to
751 684 160 41 which
938 684 114 47 they
1078 684 186 46 belong.

152 742 51 52 ©
232 746 110 39 Jan.
369 745 69 47 31,
468 743 112 40 1933
598 754 10 36 ;
637 742 67 40 2c.
734 742 119 40 each
881 741 112 40 Feb.
1022 741 81 46 13;
1136 739 80 40 aff.
1247 740 112 39 Feb.
1388 740 82 46 15;
1501 739 42 38 A
1571 737 170 49 60289;
1772 740 134 41 West
1936 740 110 48 pub.
2075 750 69 32 co.

143 873 297 55 Southern
475 878 272 64 reporter.
825 871 170 54 Cases
1027 870 215 69 argued
1277 870 113 53 and
1425 869 351 55 determined
1810 874 62 51 in
1904 873 98 52 the
213 873 1904 149 Supreme

445 956 189 49 courts
675 951 65 53 of
778 950 303 67 Alabama,
1123 948 256 70 Florida,
1420 948 329 69 Louisiana,
1790 950 351 71 Mississippi

216 1032 112 52 and
363 1031 94 52 the
495 1030 207 54 Courts
735 1030 64 51 of
833 1030 205 67 appeal
1073 1029 64 53 of
1171 1028 285 53 Alabama
1491 1029 112 52 and
1637 1029 328 70 Louisiana,
2000 1032 141 52 with

211 1109 109 69 key
389 1109 238 52 number
698 1107 378 54 annotations,
1153 1126 51 33 v.
1279 1109 116 50 143.
1437 1107 705 72 September-November,

217 1190 149 50 1932.
443 1185 84 55 St.
558 1188 166 66 Paul,
752 1188 162 54 West
943 1185 335 69 publishing
1306 1204 97 50 co.,
1436 1188 152 51 1933.

215 1262 97 46 xvi,
343 1260 113 40 1001
486 1272 42 36 p.
587 1260 115 41 26cm.

153 1314 51 52 ©
232 1319 109 40 Jan.
427 1348 9 16 17,
463 1316 113 41 1933
595 1327 9 36 ;
633 1316 66 41 2c.
729 1317 112 40 Feb.
869 1317 54 40 13
941 1327 9 37 ;
981 1314 82 42 aff.
1092 1315 111 41 Feb.
1231 1316 57 39 15
1304 1326 10 36 ;
1343 1316 41 39 A
1412 1316 144 40 59518
1574 1327 9 36 ;
1614 1317 134 40 West
1775 1318 110 47 pub.
1914 1328 67 32 co.

147 1389 299 67 Spalding,
473 1390 156 55 John
656 1391 345 65 Lancaster,
1030 1390 148 68 abp.,
1208 1391 325 52 1840-1916.

216 1469 58 53 A
296 1468 307 68 Kentucky
626 1468 251 69 pioneer,
900 1468 75 68 by
999 1469 155 52 Most
1234 1487 83 35 Rev.
1343 1468 160 54 John
1525 1467 311 53 Lancaster
1863 1464 287 70 Spalding

210 1543 1939 71 … introduction by Hon. Patrick H. Callahan … [Champaign,
147 1623 114 70 Ill.,
287 1625 122 55 The
436 1625 169 54 Twin
630 1625 120 69 city
774 1625 268 69 printing
1068 1641 299 52 company,
1395 1630 19 22 c
1418 1626 135 51 1932]

215 1699 86 40 xix
324 1709 60 39 p.,
412 1700 25 39 1
499 1729 11 18 l.,
536 1699 187 47 23-111,
755 1700 55 49 [1]
840 1709 45 39 p.
944 1709 78 38 pl.,
1048 1700 123 47 port
1231 1697 117 42 20cm.

216 1756 42 39 A
283 1754 253 42 narrative
560 1764 152 39 poem.

217 1810 339 42 Introduction
583 1811 219 41 includes
830 1822 28 29 a
889 1811 136 41 short
1052 1811 264 48 genealogy
1344 1810 52 41 of
1421 1811 83 40 the
1534 1808 235 50 Spalding
1794 1808 190 48 family.

152 1863 52 52 ©
230 1868 111 41 Dec.
365 1870 38 46 1,
429 1867 113 41 1932
560 1879 9 35 ;
596 1868 67 40 2c.
688 1868 110 39 Feb.
824 1867 70 50 20,
918 1867 114 41 1933
1051 1878 8 36 ;
1087 1867 82 41 aff.
1196 1867 110 40 Feb.
1334 1868 55 40 18
1407 1878 8 35 ;
1443 1868 43 38 A
1509 1865 142 42 60332
1670 1877 9 36 ;
1708 1865 138 40 Twin
1873 1864 98 49 city
219 1865 1910 108 printing
325 1935 81 36 co.,

435 1924 313 48 Champaign,
776 1924 77 41 Ill.
924 1924 250 49 (33-5432)

145 2005 302 65 Stedman,
476 2005 219 64 Joseph
727 2006 82 65 F.,
843 2011 171 50 1896-

215 2084 122 51 The
372 2088 160 62 story
568 2082 65 53 of
669 2084 97 52 the
802 2082 259 69 precious
1098 2082 188 68 blood,
1322 2084 123 52 told
1483 2082 60 53 in
1581 2080 116 54 this
1732 2080 148 52 book
1918 2098 60 36 as
2015 2080 47 54 it
2098 2082 49 53 is

146 2163 122 53 told
299 2160 61 54 in
391 2162 96 52 the
518 2161 334 68 Monastery
884 2161 199 67 chapel
1116 2162 66 52 of
1212 2162 95 52 the
1341 2160 259 69 precious
1631 2160 170 53 blood
1835 2159 61 54 in
146 2161 1978 147 Brooklyn,

309 2238 75 69 by
430 2239 248 68 pictures
723 2238 187 54 which
956 2243 152 49 trace
1153 2240 116 53 this
1312 2256 260 50 supreme
1619 2237 200 55 drama
1864 2239 64 52 of
1973 2238 175 55 God’s

146 2315 1998 73 great love for man, by Rev. Joseph F. Stedman … [New
149 2396 161 53 York
337 2397 133 68 city,
496 2396 314 69 Arlington
838 2416 157 49 press
1022 2398 127 65 inc.,
1175 2404 18 21 c
1198 2400 135 49 1932]

218 2471 69 48 70,
319 2471 55 50 [2]
404 2482 44 38 p.
476 2470 112 42 incl.
615 2470 144 48 illus.,
787 2471 173 47 plates.
1019 2471 56 40 23½
1108 2473 44 21 cm
1157 2503 8 8 .

218 2529 226 40 Includes
477 2529 369 47 reproductions
877 2528 54 41 of
962 2529 83 40 the
1077 2530 160 38 mural
1269 2529 249 49 paintings
1551 2530 60 48 by
1646 2530 225 48 Rudolph
1908 2529 240 41 Schmalzl

149 2583 49 41 in
228 2585 84 41 the
339 2586 280 46 Monastery
648 2585 185 48 chapel,
893 2585 62 48 cf.
983 2597 43 37 p.
1057 2587 69 39 17.

154 2637 52 52 ©
230 2642 111 40 Dec.
365 2643 40 46 1,
430 2641 116 41 1932
561 2653 10 36 ;
595 2642 69 41 2c.
688 2643 96 39 and
809 2641 84 41 aff.
918 2642 111 42 Jan.
1052 2643 40 47 3,
1117 2642 113 41 1933
1248 2653 10 37 ;
1283 2642 42 40 A
1349 2642 171 48 58643;
1548 2644 45 40 J.
1618 2643 52 41 F.
1698 2643 244 47 Stedman,
219 2644 1913 102 Brooklyn.
387 2698 250 49 (33-5101)

148 2776 283 68 Swinton,
460 2779 102 53 Sir
587 2780 219 54 Ernest
838 2779 250 66 Dunlop,
1122 2784 172 52 1868-

218 2855 369 69 Eyewitness,
623 2856 171 70 being
833 2859 262 66 personal
1133 2857 425 55 reminiscences
1593 2858 65 52 of
1694 2857 216 57 certain
1946 2859 202 67 phases

149 2933 64 54 of
241 2936 94 52 the
365 2939 162 65 great
555 2953 135 51 war,
721 2936 300 70 including
1049 2937 95 53 the
1175 2936 218 69 genesis
1422 2937 64 53 of
1514 2936 96 54 the
1639 2938 158 68 tank,
1826 2937 76 70 by
150 2938 1996 131 Major-General

147 3014 1976 147 Sir Ernest D. Swinton … Garden City, N. Y., Doubleday,
397 3093 198 53 Doran
622 3095 46 50 &
695 3112 297 50 company,
1019 3094 126 68 inc.,
1175 3098 149 50 1933.

219 3166 92 41 xiii
340 3178 57 38 p.,
429 3167 29 39 2
521 3199 9 17 l.,
561 3167 87 41 332
677 3179 43 36 p.
779 3168 137 41 front.
959 3169 172 48 (port.)
1171 3171 171 47 plates,
1374 3170 230 49 facsims.,
1636 3172 118 39 fold,
1788 3171 153 48 diagr.
2001 3172 55 41 23½
2089 3176 44 21 cm
2137 3206 10 9 .

221 3225 140 48 Maps
386 3235 60 30 on
472 3223 363 50 lining-papers.

222 3281 147 41 “This
403 3282 123 40 book
561 3282 43 40 is
640 3282 155 41 called
834 3283 302 47 Eyewitness
1171 3283 206 42 because
1413 3285 109 41 that
1558 3285 241 42 unofficial
1835 3297 142 31 name
2015 3297 130 39 [was]

149 3336 2000 54 given me by the newpapers [!] … But it is not confined to recollections
149 3396 54 41 of
242 3396 83 41 the
365 3395 116 41 time
521 3396 140 40 when
701 3397 24 39 I
765 3398 141 39 acted
947 3408 56 30 as
1042 3397 173 41 official
1256 3401 376 46 correspondent
1673 3401 120 40 with
1834 3402 83 41 the
1958 3402 188 41 British

150 3452 369 49 expeditionary
544 3452 135 41 force
704 3453 51 40 in
781 3452 566 52 France.”—Foreword,
1375 3467 44 38 p.
1445 3468 46 29 x.

220 3508 134 42 First
380 3509 198 42 edition.

155 3561 52 52 ©
234 3567 111 40 Feb.
371 3568 68 46 15,
467 3567 112 41 1933
597 3578 10 36 ;
635 3567 66 41 2c.
729 3569 96 39 and
850 3568 83 41 aff.
960 3568 111 41 Feb.
1098 3567 56 41 21
1171 3580 10 37 ;
1211 3570 43 39 A
1278 3569 146 42 59717
1439 3582 9 36 ;
1478 3572 299 51 Doubleday,
1806 3574 166 41 Doran
2001 3576 37 40 &
2065 3584 82 39 co.,

225 3622 90 42 inc.
385 3623 250 50 (33-5410)

209 3697 1938 80 … Technologisches Wörterbuch, gewerbe, industrie, technik
218 3776 118 52 und
371 3776 122 54 ihre
531 3779 585 53 wissenschaftlichen
1152 3782 376 70 grundlagen,
1565 3784 160 70 berg-
1763 3786 117 52 und
218 3787 1902 134 hüttenwesen,

465 3856 734 70 aufbereitungsindustrie,
1248 3859 289 70 rohstoffe,
1585 3861 338 70 Werkstoffe,
218 3870 1901 132 materialprüfung

636 3968 71 33 [u.
748 3955 47 35 a.
834 3955 92 47 m.]
1008 3936 227 57 Sechste
1274 3940 381 54 vollkommen
1691 3944 453 53 neubearbeitete
