2597 4403
1378 4064 106 52 284

491 465 101 50 viii,
617 466 85 40 311
729 476 42 36 p.
825 463 55 41 23½
915 466 46 22 cm
965 496 7 7 .
1039 464 227 49 (Studies
1290 464 51 40 of
1367 464 83 40 the
1478 464 360 41 International
1864 463 230 41 institute
2122 463 51 41 of
2200 463 243 43 Teachers

423 522 193 48 college,
647 521 253 42 Columbia
931 521 289 48 university,
1252 531 75 32 no.
1358 522 81 48 14)

425 589 53 53 ©
513 594 110 40 Jan.
659 594 70 46 11,
764 593 142 46 1933;
944 592 66 41 2c.
1047 593 111 40 Feb.
1195 592 83 47 25;
1316 591 82 42 aff.
1434 593 124 40 Mar.
1592 592 54 46 3;
1684 592 41 39 A
1759 591 172 48 60487;
1968 591 245 40 Teachers
2249 591 193 50 college,

494 650 254 41 Columbia
774 650 145 49 univ.,
943 650 118 39 New
1086 650 145 40 York.

417 753 319 56 Nebraska
781 755 113 53 and
942 755 190 53 North
1179 758 242 50 western
1467 754 206 70 digest,
1716 754 271 70 covering
2034 754 77 53 all
2158 772 152 35 cases
488 771 1930 132 reported
721 834 64 53 in
813 834 298 53 Nebraska
1142 838 244 65 reports,
1416 834 189 53 North
1638 839 241 47 western
1907 839 280 63 reporter,
2219 834 113 52 and
2364 833 76 53 all

489 914 63 53 of
587 915 96 54 the
715 915 175 52 north
925 919 242 48 western
1201 918 175 50 states
1411 918 225 65 reports
1670 913 157 53 from
1860 914 97 53 the
1992 913 230 53 earliest
2256 911 186 70 times,

490 994 141 53 with
668 1000 232 47 current
936 993 347 55 cumulative
1322 993 208 69 pocket
1564 993 212 54 service
1813 993 250 69 keeping
2098 992 118 55 this
2254 992 189 70 digest

490 1072 1952 69 always to date … Compiled and edited by the. publisher’s
488 1153 269 53 editorial
811 1150 136 56 staff.
1039 1172 52 36 v.
1142 1155 191 50 24-26.
1412 1152 85 56 St.
1547 1154 168 67 Paul,
1761 1154 162 55 West
1972 1151 340 72 publishing
2361 1171 81 36 co.

495 1237 195 66 [c1933]

493 1311 25 40 3
547 1321 42 30 v.
647 1308 57 41 25
708 1310 45 22 cm
757 1342 9 7 .

494 1368 388 39 CONTENTS.—v.
901 1363 71 42 24.
1000 1363 490 49 Liens-Marshaling
1514 1368 158 37 assets
1698 1368 95 39 and
1821 1363 379 42 securities.—v.
2218 1362 79 43 25.
422 1364 2006 101 Master
522 1426 96 39 and
644 1426 322 38 servant.—v.
995 1421 70 42 26.
1094 1422 490 48 Mayhem-Motions.

425 1509 42 29 v.
494 1497 70 48 24,
589 1497 70 47 25,
688 1491 53 53 ©
769 1496 110 40 Feb.
907 1496 69 45 14,
1004 1495 113 40 1933;
1175 1506 42 30 v.
1244 1494 71 48 26,
1345 1490 53 52 ©
1427 1495 111 40 Feb.
1566 1494 84 47 20;
1678 1495 67 40 2c.
1774 1494 118 41 each
1920 1495 121 38 Mar.
2072 1493 82 47 10;
2185 1493 108 42 affs.
2323 1495 121 38 Mar.

494 1555 53 39 13;
605 1555 41 38 A
672 1552 350 46 59856-59858;
1052 1554 137 38 West
1216 1554 108 46 pub.
1354 1564 68 28 co.

421 1659 288 63 Norman,
741 1656 294 65 Dorothy.

490 1735 287 55 Dualities
846 1735 94 68 [by]
990 1735 267 69 Dorothy
1300 1735 275 53 Norman.
1654 1734 140 54 New
1837 1732 181 71 York,
2060 1731 161 56 Priv.
2266 1731 161 69 print.

421 1817 93 52 for
542 1835 74 34 an
642 1814 311 54 American
979 1816 180 68 place,
1188 1817 153 51 1933.

490 1892 28 39 4
543 1902 43 37 p.
649 1922 9 17 l,
685 1890 86 40 114
796 1901 58 38 p.,
881 1890 25 40 1
953 1922 9 10 l.
1021 1889 119 41 25cm.

492 1949 187 40 Poems.

493 2007 232 39 “Printed
755 2006 156 40 under
941 2006 83 40 the
1052 2005 241 41 direction
1321 2006 52 39 of
1402 2005 185 41 Robert
1615 2005 216 48 Josephy
1858 2005 63 48 by
1950 2005 83 41 the
2061 2004 250 41 Beekman
2339 2003 106 43 Hill

421 2076 137 38 press
601 2064 51 40 in
694 2065 119 39 New
854 2064 133 39 York
1029 2063 52 40 in
1123 2063 255 48 February
1421 2062 127 41 1933.
1611 2063 101 41 The
1755 2061 185 41 edition
1983 2061 209 43 consists
2235 2063 52 39 of
2330 2062 114 40 four

421 2123 223 40 hundred
676 2121 161 49 copies
870 2132 62 30 on
962 2121 208 47 Worthy
1202 2120 237 41 Aurelian
1470 2121 101 40 laid
1604 2131 163 39 paper,
1800 2121 51 39 of
1885 2119 160 41 which
2075 2120 230 41 numbers
2337 2119 25 40 1
2395 2124 49 37 to

420 2181 57 40 30
503 2180 195 40 include
726 2190 63 29 an
818 2178 210 49 original
1058 2179 307 49 photograph
1394 2179 51 40 of
1473 2180 83 39 the
1583 2178 180 41 author
1789 2179 62 47 by
1878 2179 173 39 Alfred
2082 2177 237 49 Stieglitz,
2347 2179 97 39 and

421 2239 125 40 have
583 2239 121 39 been
742 2237 169 49 signed
950 2238 61 48 by
1050 2237 224 48 Dorothy
1310 2236 262 41 Norman.”
1633 2237 119 41 This
1791 2247 120 38 copy
1949 2236 193 41 neither
2180 2236 264 42 numbered

420 2307 90 29 nor
539 2296 353 49 autographed.

427 2364 53 53 ©
509 2369 109 39 Feb.
646 2368 70 48 27,
743 2367 143 48 1933;
915 2368 68 41 2c.
1012 2369 96 39 and
1137 2367 82 41 aff.
1249 2368 123 40 Mar.
1401 2367 52 47 9;
1484 2368 41 38 A
1553 2366 170 48 60524;
1755 2368 56 41 D.
1840 2368 233 48 Norman,
2101 2369 117 39 New
2246 2368 145 40 York.

506 2426 253 49 (33-6238)

421 2529 418 68 Norsworthy,
870 2530 236 67 Naomi,
1141 2531 329 57 1877-1916.

495 2607 1885 70 The psychology of childhood, by Naomi Norsworthy …
425 2684 2015 70 and Mary Theodora Whitley … Rev. ed. New York, The
422 2762 340 55 Macmillan
793 2782 300 47 company,
1127 2768 153 51 1933.

497 2836 119 48 xvii,
647 2837 86 41 515
762 2846 45 39 p.
865 2837 183 50 diagrs.
1107 2838 150 41 20½cm.
1319 2838 157 51 [Brief
1506 2849 170 32 course
1707 2839 152 42 series
1891 2839 51 40 in
1970 2839 276 48 education,
2278 2841 73 41 ed.
2383 2841 61 48 by

426 2896 52 40 P.
508 2894 217 52 Monroe]

499 2951 251 42 “Selected
781 2952 304 41 references”
1119 2957 52 37 at
1203 2955 92 39 end
1330 2954 51 40 of
1414 2954 120 40 each
1566 2954 230 49 chapter;
1834 2953 380 51 Bibliography:
2250 2966 44 39 p.

425 2954 2021 97 488-503.

430 3078 53 52 ©
510 3082 122 41 Mar.
659 3084 38 46 7,
722 3081 142 49 1933;
891 3082 69 41 2c.
986 3084 96 38 and
1108 3081 82 42 aff.
1218 3083 123 40 Mar.
1368 3082 52 46 8;
1449 3082 40 39 A
1515 3081 170 49 59793;
1717 3082 283 41 Macmillan
2027 3095 67 30 co.

508 3139 253 50 (33-6197)

421 3242 198 54 North
669 3247 242 49 western
958 3244 188 68 digest
1191 3243 269 69 covering
1508 3246 77 51 all
1634 3262 149 36 cases
1830 3245 269 69 reported
2145 3245 61 54 in
2251 3245 190 54 North

494 3327 238 48 western
766 3328 275 63 reporter,
1073 3323 112 52 and
1216 3325 77 50 all
1324 3323 63 52 of
1417 3325 95 50 the
1541 3324 172 51 north
1743 3329 242 48 western
2013 3329 173 49 states
2217 3329 224 65 reports

494 3401 154 52 from
701 3402 95 52 the
849 3401 230 54 earliest
1128 3401 185 68 times,
1364 3402 142 53 with
1558 3410 231 47 current
1838 3403 349 54 cumulative
2237 3403 205 70 pocket

493 3480 1948 72 service keeping this digest always to date … Compiled and
495 3560 190 52 edited
744 3561 75 67 by
874 3560 95 53 the
1027 3560 343 68 publisher’s
1428 3560 266 54 editorial
1752 3559 137 56 staff.
1980 3579 52 37 v.
2088 3564 190 52 24-26.
2356 3562 85 57 St.

494 3640 169 66 Paul,
690 3640 161 52 West
880 3639 338 69 publishing
1247 3658 80 36 co.
1361 3672 12 35 [
1379 3646 17 20 c
1402 3643 134 49 1933]

499 3714 26 38 3
554 3724 41 30 V.
651 3712 116 40 26cm.

772 3793 62 14 CONTENTS.—
844 3781 43 28 v.
907 3768 71 42 24.
1006 3770 487 46 Liens-Marshaling
1517 3772 159 39 assets
1701 3774 96 39 and
1823 3770 378 41 securities.—v.
2221 3770 73 42 25.
432 3773 1996 94 Master
530 3829 94 38 and
652 3831 320 36 servant.—v.
1001 3825 70 43 26.
1101 3827 488 48 Mayhem-Motions.

431 3910 40 27 v.
498 3899 69 41 24.
595 3898 68 44 25.
693 3893 53 53 ©
774 3898 110 40 Feb.
911 3899 68 42 14,
1008 3898 140 41 1933:
1179 3910 41 29 v.
1247 3898 69 41 26.
1346 3893 53 53 ©
1429 3899 109 40 Feb.
1566 3899 81 42 20;
1676 3899 67 40 2c.
1772 3899 118 40 each
1921 3901 121 39 Mar.
2071 3899 82 46 10;
2185 3898 108 42 affs.
2322 3901 121 38 Mar.

504 3957 80 39 13:
614 3957 43 42 A
687 3956 350 46 59853-59855;
1071 3956 134 41 West
1237 3957 111 47 pub.
1379 3968 67 29 co.
