<alto xmlns="http://www.loc.gov/standards/alto/ns-v3#" xmlns:xlink="http://www.w3.org/1999/xlink" xmlns:xsi="http://www.w3.org/2001/XMLSchema-instance" xsi:schemaLocation="http://www.loc.gov/standards/alto/ns-v3# http://www.loc.gov/alto/v3/alto-3-0.xsd"><Description>
<MeasurementUnit>pixel</MeasurementUnit>
<sourceImageInformation>
<fileName>1933_v1_Part1.pdf</fileName>
</sourceImageInformation>
<OCRProcessing ID="IdOcr">
<ocrProcessingStep>
<processingDateTime>2019-01-03</processingDateTime>
<processingSoftware>
<softwareCreator>ABBYY</softwareCreator>
<softwareName>ABBYY Recognition Server</softwareName>
<softwareVersion>4.0</softwareVersion>
</processingSoftware>
</ocrProcessingStep>
</OCRProcessing>
</Description>
<Styles>
<ParagraphStyle ID="StyleId-FFFFFFFF-FFFF-FFFF-FFFF-FFFFFFFFFFFF-" ALIGN="Left" LEFT="0." RIGHT="0." FIRSTLINE="0."/>
<ParagraphStyle ID="StyleId-6EF5737A-DCEB-4126-A0CF-C5930BF7166A-" ALIGN="Left" LEFT="0." RIGHT="0." FIRSTLINE="0." LINESPACE="8.300000191"/>
<ParagraphStyle ID="StyleId-2DE44258-FD0B-41E1-B542-087C989B01A3-" ALIGN="Left" LEFT="0." RIGHT="0." FIRSTLINE="0." LINESPACE="12.19999981"/>
<ParagraphStyle ID="StyleId-CE3D254A-29D7-4DD7-B5F1-E0FC0EF29B05-" ALIGN="Left" LEFT="0." RIGHT="0." FIRSTLINE="-14." LINESPACE="8.619999886"/>
<ParagraphStyle ID="StyleId-C0E3A137-CE4F-4287-8A90-B599106709D0-" ALIGN="Left" LEFT="0." RIGHT="0." FIRSTLINE="-14." LINESPACE="12.19999981"/>
<ParagraphStyle ID="StyleId-50F26F0C-05DA-4C19-BA58-7A6AC4499BEE-" ALIGN="Left" LEFT="0." RIGHT="0." FIRSTLINE="-14." LINESPACE="11.06999969"/>
<ParagraphStyle ID="StyleId-5DDE65AF-512C-41E2-9B8E-095D6D99EF68-" ALIGN="Center" LEFT="0." RIGHT="0." FIRSTLINE="0." LINESPACE="11.89999962"/>
<ParagraphStyle ID="StyleId-0A81D7A5-6A62-4C52-915E-7768974C704D-" ALIGN="Left" LEFT="0." RIGHT="0." FIRSTLINE="0." LINESPACE="9.399999619"/>
<ParagraphStyle ID="StyleId-F7A0127F-6B48-4157-BB81-FE33E1E1A05B-" ALIGN="Block" LEFT="0." RIGHT="0." FIRSTLINE="-13." LINESPACE="10.63000011"/>
<ParagraphStyle ID="StyleId-E18C69F7-DBD7-48B1-805C-FCD96D0DA019-" ALIGN="Left" LEFT="0." RIGHT="0." FIRSTLINE="0." LINESPACE="11.64000034"/>
<ParagraphStyle ID="StyleId-98F15501-B611-4E83-8BB3-807E891F11F5-" ALIGN="Left" LEFT="0." RIGHT="0." FIRSTLINE="-14." LINESPACE="12.19999981"/>
<ParagraphStyle ID="StyleId-F4A78626-0BBC-4D12-94D9-A1AE75A9855F-" ALIGN="Left" LEFT="0." RIGHT="0." FIRSTLINE="0." LINESPACE="9.399999619"/>
<ParagraphStyle ID="StyleId-6A3F6F4C-D21B-4ADE-902F-7683F18ECEF3-" ALIGN="Left" LEFT="0." RIGHT="0." FIRSTLINE="0." LINESPACE="11.10000038"/>
</Styles>
<Layout>
<Page ID="Page1350" PHYSICAL_IMG_NR="1350" HEIGHT="4453" WIDTH="2582">
<TopMargin HEIGHT="424" WIDTH="2582" VPOS="0" HPOS="0">
</TopMargin>
<LeftMargin HEIGHT="3756" WIDTH="400" VPOS="424" HPOS="0">
</LeftMargin>
<RightMargin HEIGHT="3756" WIDTH="134" VPOS="424" HPOS="2448">
</RightMargin>
<BottomMargin HEIGHT="273" WIDTH="2582" VPOS="4180" HPOS="0">
</BottomMargin>
<PrintSpace HEIGHT="3756" WIDTH="2048" VPOS="424" HPOS="400">
<TextBlock ID="Page1350_Block1" HEIGHT="70" WIDTH="156" VPOS="4110" HPOS="1348" LANG="en-US" STYLEREFS="StyleId-3BBA1F68-17FC-49F6-8FA5-53E6D95D09B3-">
<TextLine HEIGHT="50" WIDTH="135" VPOS="4120" HPOS="1358">
<String CONTENT="1350" HEIGHT="50" WIDTH="135" VPOS="4120" HPOS="1358"/>
</TextLine>
</TextBlock>
<TextBlock ID="Page1350_Block2" HEIGHT="3690" WIDTH="2048" VPOS="424" HPOS="400" LANG="en-US" CS="1" STYLEREFS="StyleId-C37AD6F7-917D-42CC-9DCB-1B5CA8169271-">
<TextLine HEIGHT="65" WIDTH="894" VPOS="435" HPOS="415" STYLEREFS="StyleId-E5CB40D2-1EA2-4E86-AECC-592A822A3848-">
<String LANG="fr" CONTENT="Texas." HEIGHT="52" WIDTH="212" VPOS="435" HPOS="415"/>
<SP HEIGHT="51" WIDTH="73" VPOS="436" HPOS="628"/>
<String LANG="en-US" CONTENT="Laws" HEIGHT="51" WIDTH="168" VPOS="436" HPOS="702"/>
<String LANG="fr" CONTENT="," HEIGHT="23" WIDTH="11" VPOS="477" HPOS="877"/>
<SP HEIGHT="47" WIDTH="27" VPOS="453" HPOS="889"/>
<String LANG="en-US" CONTENT="statutes," HEIGHT="59" WIDTH="259" VPOS="440" HPOS="917"/>
<SP HEIGHT="46" WIDTH="31" VPOS="453" HPOS="1177"/>
<String LANG="en-US" CONTENT="etc." HEIGHT="47" WIDTH="100" VPOS="440" HPOS="1209"/>
</TextLine>
<TextLine HEIGHT="56" WIDTH="1945" VPOS="511" HPOS="488" STYLEREFS="StyleId-858C2290-0DAC-4E58-855E-9762835220BF-">
<String CONTENT="Vernon&#8217;s" HEIGHT="54" WIDTH="280" VPOS="512" HPOS="488"/>
<SP HEIGHT="35" WIDTH="46" VPOS="530" HPOS="769"/>
<String CONTENT="annotated" HEIGHT="52" WIDTH="311" VPOS="512" HPOS="816"/>
<SP HEIGHT="52" WIDTH="44" VPOS="512" HPOS="1128"/>
<String CONTENT="Revised" HEIGHT="52" WIDTH="244" VPOS="512" HPOS="1173"/>
<SP HEIGHT="53" WIDTH="46" VPOS="512" HPOS="1418"/>
<String CONTENT="civil" HEIGHT="54" WIDTH="133" VPOS="511" HPOS="1465"/>
<SP HEIGHT="50" WIDTH="45" VPOS="514" HPOS="1599"/>
<String CONTENT="statutes" HEIGHT="50" WIDTH="240" VPOS="517" HPOS="1645"/>
<SP HEIGHT="35" WIDTH="44" VPOS="532" HPOS="1886"/>
<String CONTENT="of" HEIGHT="52" WIDTH="63" VPOS="513" HPOS="1931"/>
<SP HEIGHT="52" WIDTH="44" VPOS="513" HPOS="1995"/>
<String CONTENT="the" HEIGHT="51" WIDTH="94" VPOS="514" HPOS="2040"/>
<SP HEIGHT="34" WIDTH="43" VPOS="532" HPOS="2135"/>
<String CONTENT="state" HEIGHT="47" WIDTH="146" VPOS="520" HPOS="2179"/>
<SP HEIGHT="33" WIDTH="43" VPOS="534" HPOS="2326"/>
<String CONTENT="of" HEIGHT="52" WIDTH="63" VPOS="514" HPOS="2370"/>
</TextLine>
<TextLine HEIGHT="70" WIDTH="2017" VPOS="591" HPOS="417" STYLEREFS="StyleId-858C2290-0DAC-4E58-855E-9762835220BF-">
<String CONTENT="Texas." HEIGHT="51" WIDTH="202" VPOS="593" HPOS="417"/>
<SP HEIGHT="48" WIDTH="77" VPOS="595" HPOS="620"/>
<String CONTENT="1933" HEIGHT="49" WIDTH="133" VPOS="594" HPOS="698"/>
<SP HEIGHT="48" WIDTH="53" VPOS="595" HPOS="832"/>
<String CONTENT="cumulative" HEIGHT="52" WIDTH="346" VPOS="591" HPOS="886"/>
<SP HEIGHT="34" WIDTH="54" VPOS="609" HPOS="1233"/>
<String CONTENT="annual" HEIGHT="51" WIDTH="213" VPOS="592" HPOS="1288"/>
<SP HEIGHT="67" WIDTH="50" VPOS="592" HPOS="1502"/>
<String CONTENT="pocket" HEIGHT="68" WIDTH="203" VPOS="591" HPOS="1553"/>
<SP HEIGHT="63" WIDTH="52" VPOS="596" HPOS="1757"/>
<String CONTENT="parts" HEIGHT="63" WIDTH="161" VPOS="596" HPOS="1810"/>
<SP HEIGHT="52" WIDTH="51" VPOS="592" HPOS="1972"/>
<String CONTENT="for" HEIGHT="52" WIDTH="96" VPOS="592" HPOS="2024"/>
<SP HEIGHT="50" WIDTH="49" VPOS="611" HPOS="2121"/>
<String CONTENT="parts" HEIGHT="63" WIDTH="164" VPOS="598" HPOS="2171"/>
<SP HEIGHT="49" WIDTH="50" VPOS="598" HPOS="2336"/>
<String CONTENT="1," HEIGHT="63" WIDTH="47" VPOS="598" HPOS="2387"/>
</TextLine>
<TextLine HEIGHT="71" WIDTH="2017" VPOS="670" HPOS="416" STYLEREFS="StyleId-858C2290-0DAC-4E58-855E-9762835220BF-" CS="1">
<String CONTENT="2." HEIGHT="51" WIDTH="49" VPOS="673" HPOS="416"/>
<SP HEIGHT="55" WIDTH="75" VPOS="670" HPOS="466"/>
<String CONTENT="Constitution" HEIGHT="55" WIDTH="395" VPOS="670" HPOS="542"/>
<SP HEIGHT="33" WIDTH="40" VPOS="690" HPOS="938"/>
<String CS="1" CONTENT="&#8230;"/>
<SP HEIGHT="52" WIDTH="79" VPOS="670" HPOS="1035"/>
<String CONTENT="Kansas" HEIGHT="52" WIDTH="227" VPOS="670" HPOS="1115"/>
<SP HEIGHT="54" WIDTH="33" VPOS="670" HPOS="1343"/>
<String CONTENT="City," HEIGHT="66" WIDTH="153" VPOS="670" HPOS="1377"/>
<SP HEIGHT="64" WIDTH="31" VPOS="672" HPOS="1531"/>
<String CONTENT="Vernon" HEIGHT="52" WIDTH="232" VPOS="672" HPOS="1563"/>
<SP HEIGHT="50" WIDTH="34" VPOS="672" HPOS="1796"/>
<String CONTENT="law" HEIGHT="51" WIDTH="110" VPOS="672" HPOS="1831"/>
<SP HEIGHT="52" WIDTH="31" VPOS="671" HPOS="1942"/>
<String CONTENT="book" HEIGHT="54" WIDTH="147" VPOS="670" HPOS="1974"/>
<SP HEIGHT="54" WIDTH="30" VPOS="670" HPOS="2122"/>
<String CONTENT="company" HEIGHT="51" WIDTH="280" VPOS="690" HPOS="2153"/>
</TextLine>
<TextLine HEIGHT="65" WIDTH="194" VPOS="753" HPOS="423" STYLEREFS="StyleId-858C2290-0DAC-4E58-855E-9762835220BF-">
<String CONTENT="[" HEIGHT="34" WIDTH="12" VPOS="784" HPOS="423"/>
<String STYLE="superscript" CONTENT="c" HEIGHT="21" WIDTH="17" VPOS="757" HPOS="441"/>
<String CONTENT="1933]" HEIGHT="64" WIDTH="153" VPOS="753" HPOS="464"/>
</TextLine>
<TextLine HEIGHT="42" WIDTH="278" VPOS="824" HPOS="483">
<String CONTENT="2" HEIGHT="41" WIDTH="27" VPOS="825" HPOS="483"/>
<SP HEIGHT="41" WIDTH="29" VPOS="825" HPOS="511"/>
<String CONTENT="v." HEIGHT="28" WIDTH="42" VPOS="836" HPOS="541"/>
<SP HEIGHT="40" WIDTH="59" VPOS="824" HPOS="584"/>
<String CONTENT="25" HEIGHT="40" WIDTH="59" VPOS="824" HPOS="644"/>
<String STYLE="superscript" CONTENT="cm" HEIGHT="21" WIDTH="43" VPOS="826" HPOS="704"/>
<String CONTENT="." HEIGHT="8" WIDTH="8" VPOS="857" HPOS="753"/>
</TextLine>
<TextLine HEIGHT="42" WIDTH="300" VPOS="881" HPOS="484">
<String CONTENT="Cover-title." HEIGHT="42" WIDTH="300" VPOS="881" HPOS="484"/>
</TextLine>
<TextLine HEIGHT="50" WIDTH="1950" VPOS="937" HPOS="488">
<String CONTENT="These" HEIGHT="39" WIDTH="157" VPOS="940" HPOS="488"/>
<SP HEIGHT="37" WIDTH="29" VPOS="950" HPOS="646"/>
<String CONTENT="pamphlets" HEIGHT="48" WIDTH="278" VPOS="939" HPOS="676"/>
<SP HEIGHT="29" WIDTH="28" VPOS="949" HPOS="955"/>
<String CONTENT="are" HEIGHT="29" WIDTH="84" VPOS="948" HPOS="984"/>
<SP HEIGHT="35" WIDTH="32" VPOS="943" HPOS="1069"/>
<String CONTENT="to" HEIGHT="35" WIDTH="47" VPOS="943" HPOS="1102"/>
<SP HEIGHT="40" WIDTH="31" VPOS="938" HPOS="1150"/>
<String CONTENT="be" HEIGHT="38" WIDTH="57" VPOS="938" HPOS="1182"/>
<SP HEIGHT="39" WIDTH="28" VPOS="937" HPOS="1240"/>
<String CONTENT="fitted" HEIGHT="40" WIDTH="140" VPOS="937" HPOS="1269"/>
<SP HEIGHT="39" WIDTH="29" VPOS="938" HPOS="1410"/>
<String CONTENT="into" HEIGHT="39" WIDTH="103" VPOS="938" HPOS="1440"/>
<SP HEIGHT="36" WIDTH="32" VPOS="942" HPOS="1544"/>
<String CONTENT="the" HEIGHT="39" WIDTH="81" VPOS="939" HPOS="1577"/>
<SP HEIGHT="37" WIDTH="31" VPOS="948" HPOS="1659"/>
<String CONTENT="pockets" HEIGHT="47" WIDTH="198" VPOS="938" HPOS="1691"/>
<SP HEIGHT="28" WIDTH="31" VPOS="949" HPOS="1890"/>
<String CONTENT="at" HEIGHT="37" WIDTH="50" VPOS="941" HPOS="1922"/>
<SP HEIGHT="37" WIDTH="32" VPOS="941" HPOS="1973"/>
<String CONTENT="the" HEIGHT="38" WIDTH="81" VPOS="939" HPOS="2006"/>
<SP HEIGHT="38" WIDTH="31" VPOS="939" HPOS="2088"/>
<String CONTENT="back" HEIGHT="38" WIDTH="122" VPOS="939" HPOS="2120"/>
<SP HEIGHT="38" WIDTH="30" VPOS="939" HPOS="2243"/>
<String CONTENT="of" HEIGHT="38" WIDTH="50" VPOS="939" HPOS="2274"/>
<SP HEIGHT="40" WIDTH="32" VPOS="939" HPOS="2325"/>
<String CONTENT="the" HEIGHT="40" WIDTH="80" VPOS="939" HPOS="2358"/>
</TextLine>
<TextLine HEIGHT="48" WIDTH="1135" VPOS="995" HPOS="416">
<String CONTENT="volumes" HEIGHT="39" WIDTH="219" VPOS="997" HPOS="416"/>
<SP HEIGHT="30" WIDTH="24" VPOS="1007" HPOS="636"/>
<String CONTENT="of" HEIGHT="40" WIDTH="53" VPOS="997" HPOS="661"/>
<SP HEIGHT="39" WIDTH="25" VPOS="997" HPOS="715"/>
<String CONTENT="the" HEIGHT="39" WIDTH="82" VPOS="997" HPOS="741"/>
<SP HEIGHT="29" WIDTH="27" VPOS="1006" HPOS="824"/>
<String CONTENT="set" HEIGHT="36" WIDTH="72" VPOS="1000" HPOS="852"/>
<SP HEIGHT="37" WIDTH="29" VPOS="999" HPOS="925"/>
<String CONTENT="to" HEIGHT="36" WIDTH="50" VPOS="999" HPOS="955"/>
<SP HEIGHT="28" WIDTH="25" VPOS="1007" HPOS="1006"/>
<String CONTENT="which" HEIGHT="40" WIDTH="159" VPOS="995" HPOS="1032"/>
<SP HEIGHT="39" WIDTH="29" VPOS="996" HPOS="1192"/>
<String CONTENT="they" HEIGHT="47" WIDTH="114" VPOS="996" HPOS="1222"/>
<SP HEIGHT="48" WIDTH="26" VPOS="995" HPOS="1337"/>
<String CONTENT="belong." HEIGHT="48" WIDTH="187" VPOS="995" HPOS="1364"/>
</TextLine>
<TextLine HEIGHT="52" WIDTH="2018" VPOS="1062" HPOS="420" CS="1">
<String CONTENT="&#169;" HEIGHT="52" WIDTH="51" VPOS="1062" HPOS="420"/>
<SP HEIGHT="52" WIDTH="24" VPOS="1062" HPOS="472"/>
<String CONTENT="Aug." HEIGHT="43" WIDTH="121" VPOS="1067" HPOS="497"/>
<SP HEIGHT="38" WIDTH="26" VPOS="1069" HPOS="619"/>
<String CONTENT="2." HEIGHT="38" WIDTH="39" VPOS="1069" HPOS="646"/>
<SP HEIGHT="39" WIDTH="26" VPOS="1068" HPOS="686"/>
<String CS="1" CONTENT="1933:" HEIGHT="40" WIDTH="113" VPOS="1066" HPOS="713"/>
<SP HEIGHT="40" WIDTH="27" VPOS="1067" HPOS="855"/>
<String CONTENT="2c." HEIGHT="39" WIDTH="69" VPOS="1067" HPOS="883"/>
<SP HEIGHT="29" WIDTH="25" VPOS="1077" HPOS="953"/>
<String CONTENT="each" HEIGHT="38" WIDTH="118" VPOS="1067" HPOS="979"/>
<SP HEIGHT="38" WIDTH="27" VPOS="1067" HPOS="1098"/>
<String CONTENT="and" HEIGHT="38" WIDTH="97" VPOS="1067" HPOS="1126"/>
<SP HEIGHT="38" WIDTH="24" VPOS="1067" HPOS="1224"/>
<String CS="1" CONTENT="aff." HEIGHT="41" WIDTH="84" VPOS="1065" HPOS="1249"/>
<SP HEIGHT="41" WIDTH="27" VPOS="1065" HPOS="1334"/>
<String CONTENT="Oct." HEIGHT="40" WIDTH="101" VPOS="1065" HPOS="1362"/>
<SP HEIGHT="38" WIDTH="28" VPOS="1066" HPOS="1464"/>
<String CS="1" CONTENT="12;" HEIGHT="39" WIDTH="54" VPOS="1065" HPOS="1493"/>
<SP HEIGHT="41" WIDTH="29" VPOS="1065" HPOS="1575"/>
<!-- cceid 490F08EE-6CF9-1014-A6CF-A82867D68027 --><String CONTENT="A" HEIGHT="38" WIDTH="40" VPOS="1065" HPOS="1605"/>
<SP HEIGHT="39" WIDTH="26" VPOS="1065" HPOS="1646"/>
<String CS="1" CONTENT="65611;" HEIGHT="40" WIDTH="143" VPOS="1064" HPOS="1673"/>
<SP HEIGHT="46" WIDTH="30" VPOS="1066" HPOS="1845"/>
<String CONTENT="Vernon" HEIGHT="38" WIDTH="192" VPOS="1066" HPOS="1876"/>
<SP HEIGHT="37" WIDTH="28" VPOS="1067" HPOS="2069"/>
<String CONTENT="law" HEIGHT="37" WIDTH="93" VPOS="1067" HPOS="2098"/>
<SP HEIGHT="39" WIDTH="26" VPOS="1066" HPOS="2192"/>
<String CONTENT="book" HEIGHT="39" WIDTH="124" VPOS="1066" HPOS="2219"/>
<SP HEIGHT="40" WIDTH="26" VPOS="1066" HPOS="2344"/>
<String CONTENT="co." HEIGHT="28" WIDTH="67" VPOS="1078" HPOS="2371"/>
</TextLine>
<TextLine HEIGHT="66" WIDTH="789" VPOS="1184" HPOS="411" STYLEREFS="StyleId-0CE4CD72-5AFB-4F13-AB6C-97EF3DE3F8CB-">
<String CONTENT="Thomas," HEIGHT="66" WIDTH="279" VPOS="1184" HPOS="411"/>
<SP HEIGHT="63" WIDTH="35" VPOS="1187" HPOS="691"/>
<String CONTENT="Eugene," HEIGHT="63" WIDTH="264" VPOS="1187" HPOS="727"/>
<SP HEIGHT="61" WIDTH="36" VPOS="1189" HPOS="992"/>
<String CONTENT="1894-" HEIGHT="51" WIDTH="171" VPOS="1187" HPOS="1029"/>
</TextLine>
<TextLine HEIGHT="70" WIDTH="1948" VPOS="1262" HPOS="489" STYLEREFS="StyleId-858C2290-0DAC-4E58-855E-9762835220BF-" CS="1">
<String CONTENT="Shadow" HEIGHT="56" WIDTH="251" VPOS="1263" HPOS="489"/>
<SP HEIGHT="35" WIDTH="30" VPOS="1282" HPOS="741"/>
<String CONTENT="of" HEIGHT="54" WIDTH="65" VPOS="1263" HPOS="772"/>
<SP HEIGHT="56" WIDTH="31" VPOS="1262" HPOS="838"/>
<String CONTENT="Chu-Sheng," HEIGHT="70" WIDTH="372" VPOS="1262" HPOS="870"/>
<SP HEIGHT="67" WIDTH="29" VPOS="1262" HPOS="1243"/>
<String CONTENT="by" HEIGHT="70" WIDTH="77" VPOS="1262" HPOS="1273"/>
<SP HEIGHT="69" WIDTH="33" VPOS="1263" HPOS="1351"/>
<String CONTENT="Eugene" HEIGHT="68" WIDTH="235" VPOS="1263" HPOS="1385"/>
<SP HEIGHT="52" WIDTH="31" VPOS="1264" HPOS="1621"/>
<String CONTENT="Thomas" HEIGHT="53" WIDTH="251" VPOS="1263" HPOS="1653"/>
<SP HEIGHT="35" WIDTH="37" VPOS="1281" HPOS="1905"/>
<String CS="1" CONTENT="&#8230;"/>
<SP HEIGHT="53" WIDTH="78" VPOS="1263" HPOS="2000"/>
<String CONTENT="New" HEIGHT="53" WIDTH="140" VPOS="1263" HPOS="2079"/>
<SP HEIGHT="53" WIDTH="35" VPOS="1263" HPOS="2220"/>
<String CONTENT="York," HEIGHT="65" WIDTH="181" VPOS="1263" HPOS="2256"/>
</TextLine>
<TextLine HEIGHT="71" WIDTH="1220" VPOS="1341" HPOS="417" STYLEREFS="StyleId-858C2290-0DAC-4E58-855E-9762835220BF-">
<String CONTENT="Sears" HEIGHT="56" WIDTH="169" VPOS="1341" HPOS="417"/>
<SP HEIGHT="50" WIDTH="23" VPOS="1361" HPOS="587"/>
<String CONTENT="publishing" HEIGHT="70" WIDTH="339" VPOS="1342" HPOS="611"/>
<SP HEIGHT="51" WIDTH="21" VPOS="1361" HPOS="951"/>
<String CONTENT="company," HEIGHT="52" WIDTH="301" VPOS="1360" HPOS="973"/>
<SP HEIGHT="69" WIDTH="23" VPOS="1341" HPOS="1275"/>
<String CONTENT="inc." HEIGHT="55" WIDTH="107" VPOS="1341" HPOS="1299"/>
<SP HEIGHT="35" WIDTH="33" VPOS="1374" HPOS="1407"/>
<String CONTENT="[" HEIGHT="35" WIDTH="14" VPOS="1374" HPOS="1441"/>
<String STYLE="superscript" CONTENT="c" HEIGHT="22" WIDTH="18" VPOS="1348" HPOS="1459"/>
<String CONTENT="1933]" HEIGHT="65" WIDTH="154" VPOS="1344" HPOS="1483"/>
</TextLine>
<TextLine HEIGHT="53" WIDTH="436" VPOS="1415" HPOS="487">
<String CONTENT="301," HEIGHT="46" WIDTH="100" VPOS="1416" HPOS="487"/>
<SP HEIGHT="29" WIDTH="30" VPOS="1439" HPOS="588"/>
<String CONTENT="[1]" HEIGHT="51" WIDTH="55" VPOS="1417" HPOS="619"/>
<SP HEIGHT="41" WIDTH="25" VPOS="1426" HPOS="675"/>
<String CONTENT="p." HEIGHT="39" WIDTH="44" VPOS="1426" HPOS="701"/>
<SP HEIGHT="42" WIDTH="58" VPOS="1416" HPOS="746"/>
<String CONTENT="20" HEIGHT="42" WIDTH="58" VPOS="1415" HPOS="805"/>
<String STYLE="superscript" CONTENT="cm" HEIGHT="21" WIDTH="43" VPOS="1419" HPOS="866"/>
<String CONTENT="." HEIGHT="8" WIDTH="9" VPOS="1448" HPOS="914"/>
</TextLine>
<TextLine HEIGHT="53" WIDTH="2019" VPOS="1485" HPOS="418" CS="1">
<String CONTENT="&#169;" HEIGHT="52" WIDTH="53" VPOS="1485" HPOS="418"/>
<SP HEIGHT="52" WIDTH="42" VPOS="1485" HPOS="472"/>
<String CONTENT="Sept." HEIGHT="48" WIDTH="130" VPOS="1490" HPOS="515"/>
<SP HEIGHT="39" WIDTH="38" VPOS="1490" HPOS="646"/>
<String CS="1" CONTENT="25," HEIGHT="39" WIDTH="56" VPOS="1490" HPOS="685"/>
<SP HEIGHT="39" WIDTH="40" VPOS="1491" HPOS="756"/>
<String CONTENT="1933:" HEIGHT="41" WIDTH="142" VPOS="1489" HPOS="797"/>
<SP HEIGHT="40" WIDTH="42" VPOS="1490" HPOS="940"/>
<String CONTENT="2c." HEIGHT="40" WIDTH="66" VPOS="1490" HPOS="983"/>
<SP HEIGHT="39" WIDTH="44" VPOS="1491" HPOS="1050"/>
<String CONTENT="Sept." HEIGHT="47" WIDTH="128" VPOS="1491" HPOS="1095"/>
<SP HEIGHT="38" WIDTH="41" VPOS="1490" HPOS="1224"/>
<String CONTENT="29:" HEIGHT="40" WIDTH="82" VPOS="1490" HPOS="1266"/>
<SP HEIGHT="30" WIDTH="43" VPOS="1500" HPOS="1349"/>
<String LANG="fr" CONTENT="aff." HEIGHT="40" WIDTH="81" VPOS="1489" HPOS="1393"/>
<SP HEIGHT="41" WIDTH="45" VPOS="1489" HPOS="1475"/>
<String CONTENT="Sept." HEIGHT="48" WIDTH="128" VPOS="1489" HPOS="1521"/>
<SP HEIGHT="40" WIDTH="40" VPOS="1490" HPOS="1650"/>
<String CONTENT="27:" HEIGHT="39" WIDTH="83" VPOS="1490" HPOS="1691"/>
<SP HEIGHT="39" WIDTH="43" VPOS="1490" HPOS="1775"/>
<!-- cceid 490F4F30-6CF9-1014-A6CF-A82867D68027 --><String CONTENT="A" HEIGHT="38" WIDTH="40" VPOS="1490" HPOS="1819"/>
<SP HEIGHT="39" WIDTH="40" VPOS="1490" HPOS="1860"/>
<String CS="1" CONTENT="66338;" HEIGHT="40" WIDTH="113" VPOS="1489" HPOS="1901"/>
<SP HEIGHT="45" WIDTH="44" VPOS="1490" HPOS="2072"/>
<String CONTENT="E." HEIGHT="39" WIDTH="52" VPOS="1490" HPOS="2117"/>
<SP HEIGHT="40" WIDTH="41" VPOS="1489" HPOS="2170"/>
<String CONTENT="Thomas." HEIGHT="41" WIDTH="225" VPOS="1489" HPOS="2212"/>
</TextLine>
<TextLine HEIGHT="49" WIDTH="945" VPOS="1546" HPOS="487">
<String CONTENT="Flushing," HEIGHT="49" WIDTH="253" VPOS="1546" HPOS="487"/>
<SP HEIGHT="46" WIDTH="29" VPOS="1548" HPOS="741"/>
<String LANG="fr" CONTENT="L." HEIGHT="40" WIDTH="50" VPOS="1548" HPOS="771"/>
<SP HEIGHT="40" WIDTH="29" VPOS="1548" HPOS="822"/>
<String CONTENT="I," HEIGHT="46" WIDTH="51" VPOS="1548" HPOS="852"/>
<SP HEIGHT="46" WIDTH="30" VPOS="1548" HPOS="904"/>
<String LANG="fr" CONTENT="N." HEIGHT="38" WIDTH="55" VPOS="1548" HPOS="935"/>
<SP HEIGHT="38" WIDTH="28" VPOS="1548" HPOS="991"/>
<String CONTENT="Y." HEIGHT="38" WIDTH="53" VPOS="1548" HPOS="1020"/>
<SP HEIGHT="47" WIDTH="75" VPOS="1547" HPOS="1074"/>
<String CONTENT="(33-25383)" HEIGHT="47" WIDTH="282" VPOS="1547" HPOS="1150"/>
</TextLine>
<TextLine HEIGHT="67" WIDTH="641" VPOS="1666" HPOS="411" STYLEREFS="StyleId-0CE4CD72-5AFB-4F13-AB6C-97EF3DE3F8CB-">
<String LANG="en-US" CONTENT="Tuggener," HEIGHT="66" WIDTH="335" VPOS="1666" HPOS="411"/>
<SP HEIGHT="64" WIDTH="34" VPOS="1668" HPOS="747"/>
<String LANG="de" CONTENT="Hedwig." HEIGHT="66" WIDTH="270" VPOS="1667" HPOS="782"/>
</TextLine>
<TextLine HEIGHT="72" WIDTH="1953" VPOS="1741" HPOS="486" STYLEREFS="StyleId-858C2290-0DAC-4E58-855E-9762835220BF-" LANG="de" CS="1">
<String CONTENT="Der" HEIGHT="53" WIDTH="117" VPOS="1745" HPOS="486"/>
<SP HEIGHT="53" WIDTH="26" VPOS="1745" HPOS="604"/>
<String CS="1" CONTENT="hausgarten;" HEIGHT="68" WIDTH="347" VPOS="1745" HPOS="631"/>
<SP HEIGHT="47" WIDTH="32" VPOS="1764" HPOS="1009"/>
<String CONTENT="anleitung" HEIGHT="69" WIDTH="299" VPOS="1744" HPOS="1042"/>
<SP HEIGHT="50" WIDTH="28" VPOS="1763" HPOS="1342"/>
<String CONTENT="zu" HEIGHT="33" WIDTH="67" VPOS="1764" HPOS="1371"/>
<SP HEIGHT="35" WIDTH="27" VPOS="1764" HPOS="1439"/>
<String CONTENT="seiner" HEIGHT="54" WIDTH="183" VPOS="1745" HPOS="1467"/>
<SP HEIGHT="52" WIDTH="26" VPOS="1744" HPOS="1651"/>
<String CONTENT="besorgung," HEIGHT="68" WIDTH="338" VPOS="1744" HPOS="1678"/>
<SP HEIGHT="48" WIDTH="29" VPOS="1762" HPOS="2017"/>
<String CONTENT="von" HEIGHT="35" WIDTH="111" VPOS="1761" HPOS="2047"/>
<SP HEIGHT="52" WIDTH="29" VPOS="1743" HPOS="2159"/>
<String CONTENT="Hedwig" HEIGHT="71" WIDTH="250" VPOS="1741" HPOS="2189"/>
</TextLine>
<TextLine HEIGHT="69" WIDTH="1723" VPOS="1823" HPOS="415" STYLEREFS="StyleId-858C2290-0DAC-4E58-855E-9762835220BF-" LANG="de" CS="1">
<String CONTENT="Tuggener" HEIGHT="68" WIDTH="304" VPOS="1823" HPOS="415"/>
<SP HEIGHT="34" WIDTH="36" VPOS="1842" HPOS="720"/>
<String CS="1" CONTENT="&#8230;"/>
<SP HEIGHT="52" WIDTH="74" VPOS="1824" HPOS="813"/>
<String CONTENT="Z&#252;rich" HEIGHT="53" WIDTH="206" VPOS="1823" HPOS="888"/>
<SP HEIGHT="69" WIDTH="37" VPOS="1823" HPOS="1095"/>
<String CONTENT="[etc.]" HEIGHT="64" WIDTH="138" VPOS="1828" HPOS="1133"/>
<SP HEIGHT="69" WIDTH="37" VPOS="1823" HPOS="1272"/>
<String CONTENT="Rascher" HEIGHT="53" WIDTH="251" VPOS="1823" HPOS="1310"/>
<SP HEIGHT="50" WIDTH="32" VPOS="1824" HPOS="1562"/>
<String CONTENT="&amp;" HEIGHT="50" WIDTH="45" VPOS="1824" HPOS="1595"/>
<SP HEIGHT="51" WIDTH="31" VPOS="1824" HPOS="1641"/>
<String CONTENT="co.," HEIGHT="51" WIDTH="97" VPOS="1841" HPOS="1673"/>
<SP HEIGHT="51" WIDTH="32" VPOS="1841" HPOS="1771"/>
<String CONTENT="a.-g.," HEIGHT="50" WIDTH="148" VPOS="1840" HPOS="1804"/>
<SP HEIGHT="65" WIDTH="35" VPOS="1825" HPOS="1953"/>
<String CONTENT="1931." HEIGHT="50" WIDTH="149" VPOS="1824" HPOS="1989"/>
</TextLine>
<TextLine HEIGHT="49" WIDTH="737" VPOS="1895" HPOS="483" CS="1">
<String LANG="de" CONTENT="138" HEIGHT="41" WIDTH="88" VPOS="1895" HPOS="483"/>
<SP HEIGHT="49" WIDTH="32" VPOS="1895" HPOS="572"/>
<String LANG="de" CONTENT="p." HEIGHT="38" WIDTH="44" VPOS="1906" HPOS="605"/>
<SP HEIGHT="40" WIDTH="34" VPOS="1896" HPOS="650"/>
<String LANG="en-US" CONTENT="incl." HEIGHT="40" WIDTH="111" VPOS="1896" HPOS="685"/>
<SP HEIGHT="40" WIDTH="37" VPOS="1897" HPOS="797"/>
<String LANG="en-US" CONTENT="tables." HEIGHT="41" WIDTH="172" VPOS="1897" HPOS="835"/>
<SP HEIGHT="41" WIDTH="64" VPOS="1897" HPOS="1008"/>
<String LANG="de" CONTENT="20" HEIGHT="41" WIDTH="58" VPOS="1896" HPOS="1073"/>
<String LANG="en-US" CS="1" CONTENT="&#189;"/>
<String STYLE="superscript" LANG="de" CONTENT="cm" HEIGHT="21" WIDTH="44" VPOS="1899" HPOS="1162"/>
<String LANG="de" CONTENT="." HEIGHT="7" WIDTH="9" VPOS="1929" HPOS="1211"/>
</TextLine>
<TextLine HEIGHT="50" WIDTH="491" VPOS="1952" HPOS="484" LANG="de">
<String CONTENT="&#8220;Copyright" HEIGHT="50" WIDTH="295" VPOS="1952" HPOS="484"/>
<SP HEIGHT="40" WIDTH="35" VPOS="1954" HPOS="780"/>
<String CONTENT="1928.&#8221;" HEIGHT="41" WIDTH="159" VPOS="1953" HPOS="816"/>
</TextLine>
<TextLine HEIGHT="49" WIDTH="631" VPOS="2011" HPOS="483" LANG="de">
<String CONTENT="&#8220;2." HEIGHT="41" WIDTH="69" VPOS="2011" HPOS="483"/>
<SP HEIGHT="30" WIDTH="32" VPOS="2022" HPOS="553"/>
<String CONTENT="aufl." HEIGHT="40" WIDTH="112" VPOS="2011" HPOS="586"/>
<SP HEIGHT="49" WIDTH="43" VPOS="2011" HPOS="699"/>
<String CONTENT="(2." HEIGHT="49" WIDTH="63" VPOS="2011" HPOS="743"/>
<SP HEIGHT="38" WIDTH="33" VPOS="2014" HPOS="807"/>
<String CONTENT="tausend)&#8221;" HEIGHT="47" WIDTH="273" VPOS="2011" HPOS="841"/>
</TextLine>
<TextLine HEIGHT="50" WIDTH="1019" VPOS="2068" HPOS="485">
<String CONTENT="Four" HEIGHT="41" WIDTH="131" VPOS="2069" HPOS="485"/>
<SP HEIGHT="41" WIDTH="32" VPOS="2069" HPOS="617"/>
<String LANG="de" CONTENT="blank" HEIGHT="41" WIDTH="149" VPOS="2069" HPOS="650"/>
<SP HEIGHT="48" WIDTH="35" VPOS="2070" HPOS="800"/>
<String CONTENT="pages" HEIGHT="39" WIDTH="148" VPOS="2079" HPOS="836"/>
<SP HEIGHT="42" WIDTH="33" VPOS="2068" HPOS="985"/>
<String CONTENT="for" HEIGHT="41" WIDTH="79" VPOS="2068" HPOS="1019"/>
<SP HEIGHT="29" WIDTH="33" VPOS="2080" HPOS="1099"/>
<String CONTENT="notes" HEIGHT="39" WIDTH="139" VPOS="2071" HPOS="1133"/>
<SP HEIGHT="30" WIDTH="36" VPOS="2080" HPOS="1273"/>
<String CONTENT="at" HEIGHT="38" WIDTH="50" VPOS="2073" HPOS="1310"/>
<SP HEIGHT="38" WIDTH="36" VPOS="2073" HPOS="1361"/>
<String CONTENT="end." HEIGHT="40" WIDTH="106" VPOS="2070" HPOS="1398"/>
</TextLine>
<TextLine HEIGHT="53" WIDTH="2019" VPOS="2141" HPOS="418" CS="1">
<String CONTENT="&#169;" HEIGHT="53" WIDTH="52" VPOS="2141" HPOS="418"/>
<SP HEIGHT="53" WIDTH="30" VPOS="2141" HPOS="471"/>
<String CONTENT="Dec." HEIGHT="39" WIDTH="112" VPOS="2147" HPOS="502"/>
<SP HEIGHT="38" WIDTH="30" VPOS="2147" HPOS="615"/>
<String CONTENT="31." HEIGHT="40" WIDTH="69" VPOS="2147" HPOS="646"/>
<SP HEIGHT="41" WIDTH="31" VPOS="2146" HPOS="716"/>
<String CONTENT="1931;" HEIGHT="44" WIDTH="141" VPOS="2146" HPOS="748"/>
<SP/>
<String CS="1" CONTENT="1c." HEIGHT="8" WIDTH="8" VPOS="2177" HPOS="982"/>
<SP HEIGHT="40" WIDTH="35" VPOS="2145" HPOS="991"/>
<String CONTENT="Sept." HEIGHT="47" WIDTH="128" VPOS="2145" HPOS="1027"/>
<SP HEIGHT="38" WIDTH="30" VPOS="2145" HPOS="1156"/>
<String CONTENT="29," HEIGHT="48" WIDTH="69" VPOS="2144" HPOS="1187"/>
<SP HEIGHT="47" WIDTH="31" VPOS="2145" HPOS="1257"/>
<String CONTENT="1932:" HEIGHT="42" WIDTH="142" VPOS="2144" HPOS="1289"/>
<SP HEIGHT="41" WIDTH="32" VPOS="2145" HPOS="1432"/>
<!-- cceid 490F926B-6CF9-1014-A6CF-A82867D68027 --><String CONTENT="A-Foreign" HEIGHT="49" WIDTH="313" VPOS="2144" HPOS="1465"/>
<SP HEIGHT="37" WIDTH="31" VPOS="2147" HPOS="1779"/>
<String CONTENT="20902;" HEIGHT="46" WIDTH="172" VPOS="2144" HPOS="1811"/>
<SP HEIGHT="44" WIDTH="36" VPOS="2146" HPOS="1984"/>
<String LANG="de" CONTENT="Rascher" HEIGHT="39" WIDTH="216" VPOS="2146" HPOS="2021"/>
<SP HEIGHT="37" WIDTH="31" VPOS="2147" HPOS="2238"/>
<String CONTENT="&amp;" HEIGHT="37" WIDTH="35" VPOS="2147" HPOS="2270"/>
<SP HEIGHT="38" WIDTH="32" VPOS="2147" HPOS="2306"/>
<String CONTENT="cie.," HEIGHT="45" WIDTH="98" VPOS="2144" HPOS="2339"/>
</TextLine>
<TextLine HEIGHT="47" WIDTH="697" VPOS="2203" HPOS="487" CS="1">
<String CONTENT="a." HEIGHT="31" WIDTH="42" VPOS="2214" HPOS="487"/>
<SP HEIGHT="35" WIDTH="27" VPOS="2215" HPOS="530"/>
<String CONTENT="g.," HEIGHT="35" WIDTH="56" VPOS="2215" HPOS="558"/>
<SP HEIGHT="35" WIDTH="29" VPOS="2215" HPOS="615"/>
<String CONTENT="verlag." HEIGHT="46" WIDTH="181" VPOS="2204" HPOS="645"/>
<SP HEIGHT="45" WIDTH="73" VPOS="2205" HPOS="827"/>
<String CONTENT="(33-25504)" HEIGHT="47" WIDTH="283" VPOS="2203" HPOS="901"/>
<SP/>
</TextLine>
<TextLine HEIGHT="71" WIDTH="1254" VPOS="2320" HPOS="412" STYLEREFS="StyleId-E5CB40D2-1EA2-4E86-AECC-592A822A3848-">
<String LANG="fr" CONTENT="U." HEIGHT="54" WIDTH="71" VPOS="2321" HPOS="412"/>
<SP HEIGHT="55" WIDTH="28" VPOS="2320" HPOS="484"/>
<String CONTENT="S." HEIGHT="55" WIDTH="59" VPOS="2320" HPOS="513"/>
<SP HEIGHT="52" WIDTH="77" VPOS="2321" HPOS="573"/>
<String CONTENT="Census," HEIGHT="59" WIDTH="220" VPOS="2321" HPOS="651"/>
<SP HEIGHT="40" WIDTH="22" VPOS="2340" HPOS="872"/>
<String CONTENT="office." HEIGHT="68" WIDTH="167" VPOS="2323" HPOS="895"/>
<SP HEIGHT="50" WIDTH="75" VPOS="2324" HPOS="1063"/>
<String CONTENT="7th" HEIGHT="52" WIDTH="99" VPOS="2323" HPOS="1139"/>
<SP HEIGHT="52" WIDTH="30" VPOS="2323" HPOS="1239"/>
<String CONTENT="census," HEIGHT="52" WIDTH="214" VPOS="2339" HPOS="1270"/>
<SP HEIGHT="65" WIDTH="29" VPOS="2326" HPOS="1485"/>
<String CONTENT="1850." HEIGHT="51" WIDTH="151" VPOS="2324" HPOS="1515"/>
</TextLine>
<TextLine HEIGHT="69" WIDTH="1947" VPOS="2399" HPOS="487" STYLEREFS="StyleId-858C2290-0DAC-4E58-855E-9762835220BF-">
<String CONTENT="Census" HEIGHT="56" WIDTH="216" VPOS="2399" HPOS="487"/>
<SP HEIGHT="34" WIDTH="35" VPOS="2419" HPOS="704"/>
<String CONTENT="returns" HEIGHT="49" WIDTH="226" VPOS="2405" HPOS="740"/>
<SP HEIGHT="34" WIDTH="36" VPOS="2420" HPOS="967"/>
<String CONTENT="of" HEIGHT="52" WIDTH="63" VPOS="2401" HPOS="1004"/>
<SP HEIGHT="52" WIDTH="37" VPOS="2401" HPOS="1068"/>
<String CONTENT="Doddridge," HEIGHT="68" WIDTH="362" VPOS="2400" HPOS="1106"/>
<SP HEIGHT="66" WIDTH="34" VPOS="2402" HPOS="1469"/>
<String CONTENT="Ritchie" HEIGHT="54" WIDTH="231" VPOS="2400" HPOS="1504"/>
<SP HEIGHT="34" WIDTH="36" VPOS="2420" HPOS="1736"/>
<String CONTENT="and" HEIGHT="53" WIDTH="113" VPOS="2401" HPOS="1773"/>
<SP HEIGHT="55" WIDTH="35" VPOS="2400" HPOS="1887"/>
<String CONTENT="Gilmer" HEIGHT="55" WIDTH="223" VPOS="2400" HPOS="1923"/>
<SP HEIGHT="35" WIDTH="34" VPOS="2418" HPOS="2147"/>
<String CONTENT="counties" HEIGHT="54" WIDTH="252" VPOS="2399" HPOS="2182"/>
</TextLine>
<TextLine HEIGHT="225" WIDTH="2017" VPOS="2478" HPOS="415" STYLEREFS="StyleId-858C2290-0DAC-4E58-855E-9762835220BF-" CS="1">
<String CONTENT="(West)" HEIGHT="68" WIDTH="215" VPOS="2478" HPOS="427"/>
<SP HEIGHT="66" WIDTH="51" VPOS="2479" HPOS="643"/>
<String CONTENT="Virginia" HEIGHT="69" WIDTH="271" VPOS="2478" HPOS="695"/>
<SP HEIGHT="52" WIDTH="37" VPOS="2479" HPOS="967"/>
<String CONTENT="for" HEIGHT="53" WIDTH="95" VPOS="2479" HPOS="1005"/>
<SP HEIGHT="45" WIDTH="38" VPOS="2486" HPOS="1101"/>
<String CONTENT="1850" HEIGHT="49" WIDTH="137" VPOS="2482" HPOS="1140"/>
<SP HEIGHT="49" WIDTH="38" VPOS="2482" HPOS="1278"/>
<String CONTENT="and" HEIGHT="52" WIDTH="113" VPOS="2480" HPOS="1317"/>
<SP HEIGHT="57" WIDTH="38" VPOS="2478" HPOS="1431"/>
<String CONTENT="Calhoun" HEIGHT="57" WIDTH="265" VPOS="2478" HPOS="1470"/>
<SP HEIGHT="34" WIDTH="38" VPOS="2498" HPOS="1736"/>
<String CONTENT="county" HEIGHT="61" WIDTH="211" VPOS="2484" HPOS="1775"/>
<SP HEIGHT="66" WIDTH="47" VPOS="2479" HPOS="1987"/>
<String CONTENT="(West)" HEIGHT="67" WIDTH="215" VPOS="2478" HPOS="2035"/>
<SP HEIGHT="67" WIDTH="49" VPOS="2478" HPOS="2251"/>
<String CONTENT="Virginia" HEIGHT="147" WIDTH="1995" VPOS="2478" HPOS="415"/>
<SP HEIGHT="55" WIDTH="31" VPOS="2556" HPOS="577"/>
<String CONTENT="for" HEIGHT="54" WIDTH="94" VPOS="2556" HPOS="609"/>
<SP HEIGHT="48" WIDTH="33" VPOS="2561" HPOS="704"/>
<String CONTENT="1860" HEIGHT="50" WIDTH="136" VPOS="2560" HPOS="738"/>
<SP HEIGHT="50" WIDTH="36" VPOS="2560" HPOS="875"/>
<String CS="1" CONTENT="&#8230;"/>
<SP HEIGHT="34" WIDTH="38" VPOS="2576" HPOS="968"/>
<String CONTENT="copied" HEIGHT="68" WIDTH="200" VPOS="2557" HPOS="1007"/>
<SP HEIGHT="53" WIDTH="31" VPOS="2557" HPOS="1208"/>
<String CONTENT="from" HEIGHT="53" WIDTH="154" VPOS="2557" HPOS="1240"/>
<SP HEIGHT="47" WIDTH="29" VPOS="2563" HPOS="1395"/>
<String CONTENT="the" HEIGHT="53" WIDTH="97" VPOS="2557" HPOS="1425"/>
<SP HEIGHT="34" WIDTH="30" VPOS="2576" HPOS="1523"/>
<String CONTENT="original" HEIGHT="66" WIDTH="249" VPOS="2557" HPOS="1554"/>
<SP HEIGHT="52" WIDTH="32" VPOS="2557" HPOS="1804"/>
<String CONTENT="federal" HEIGHT="53" WIDTH="221" VPOS="2557" HPOS="1837"/>
<SP HEIGHT="53" WIDTH="33" VPOS="2557" HPOS="2059"/>
<String CONTENT="census" HEIGHT="35" WIDTH="195" VPOS="2575" HPOS="2093"/>
<SP HEIGHT="33" WIDTH="29" VPOS="2576" HPOS="2289"/>
<String CONTENT="records" HEIGHT="113" WIDTH="1993" VPOS="2575" HPOS="417"/>
<SP HEIGHT="53" WIDTH="34" VPOS="2635" HPOS="551"/>
<String CONTENT="in" HEIGHT="52" WIDTH="61" VPOS="2635" HPOS="586"/>
<SP HEIGHT="47" WIDTH="37" VPOS="2641" HPOS="648"/>
<String CONTENT="the" HEIGHT="52" WIDTH="97" VPOS="2636" HPOS="686"/>
<SP HEIGHT="55" WIDTH="40" VPOS="2635" HPOS="784"/>
<String CONTENT="Census" HEIGHT="55" WIDTH="216" VPOS="2635" HPOS="825"/>
<SP HEIGHT="52" WIDTH="39" VPOS="2636" HPOS="1042"/>
<String CONTENT="bureau," HEIGHT="67" WIDTH="233" VPOS="2636" HPOS="1082"/>
<SP HEIGHT="67" WIDTH="35" VPOS="2636" HPOS="1316"/>
<String CONTENT="Washington," HEIGHT="67" WIDTH="407" VPOS="2635" HPOS="1352"/>
<SP HEIGHT="65" WIDTH="36" VPOS="2636" HPOS="1760"/>
<String CONTENT="D." HEIGHT="51" WIDTH="73" VPOS="2636" HPOS="1797"/>
<SP HEIGHT="56" WIDTH="41" VPOS="2635" HPOS="1871"/>
<String CONTENT="C.;" HEIGHT="65" WIDTH="94" VPOS="2635" HPOS="1913"/>
<SP HEIGHT="47" WIDTH="38" VPOS="2653" HPOS="2008"/>
<String CONTENT="secured" HEIGHT="52" WIDTH="233" VPOS="2636" HPOS="2047"/>
<SP HEIGHT="52" WIDTH="40" VPOS="2636" HPOS="2281"/>
<String CONTENT="and" HEIGHT="53" WIDTH="110" VPOS="2635" HPOS="2322"/>
</TextLine>
<TextLine HEIGHT="70" WIDTH="1911" VPOS="2712" HPOS="418" STYLEREFS="StyleId-858C2290-0DAC-4E58-855E-9762835220BF-" CS="1">
<String CONTENT="arranged" HEIGHT="69" WIDTH="285" VPOS="2713" HPOS="418"/>
<SP HEIGHT="53" WIDTH="30" VPOS="2713" HPOS="704"/>
<String CONTENT="by" HEIGHT="67" WIDTH="75" VPOS="2714" HPOS="735"/>
<SP HEIGHT="67" WIDTH="30" VPOS="2714" HPOS="811"/>
<String CONTENT="W." HEIGHT="54" WIDTH="91" VPOS="2714" HPOS="842"/>
<SP HEIGHT="56" WIDTH="32" VPOS="2712" HPOS="934"/>
<String CONTENT="Guy" HEIGHT="68" WIDTH="133" VPOS="2712" HPOS="967"/>
<SP HEIGHT="66" WIDTH="31" VPOS="2714" HPOS="1101"/>
<String CONTENT="Tetrick." HEIGHT="53" WIDTH="251" VPOS="2713" HPOS="1133"/>
<SP HEIGHT="56" WIDTH="69" VPOS="2712" HPOS="1385"/>
<String CONTENT="Clarksburg," HEIGHT="69" WIDTH="376" VPOS="2712" HPOS="1455"/>
<SP HEIGHT="68" WIDTH="30" VPOS="2713" HPOS="1832"/>
<String CONTENT="W." HEIGHT="55" WIDTH="90" VPOS="2713" HPOS="1863"/>
<SP HEIGHT="53" WIDTH="33" VPOS="2714" HPOS="1954"/>
<String LANG="fr" CONTENT="Va." HEIGHT="53" WIDTH="108" VPOS="2714" HPOS="1988"/>
<SP HEIGHT="35" WIDTH="38" VPOS="2746" HPOS="2097"/>
<String LANG="fr" CS="1" CONTENT="["/>
<String STYLE="superscript" CONTENT="c" HEIGHT="22" WIDTH="18" VPOS="2719" HPOS="2153"/>
<String CONTENT="1933]" HEIGHT="64" WIDTH="152" VPOS="2717" HPOS="2177"/>
</TextLine>
<TextLine HEIGHT="48" WIDTH="368" VPOS="2788" HPOS="484" CS="1">
<String LANG="en-US" CONTENT="360" HEIGHT="41" WIDTH="90" VPOS="2788" HPOS="484"/>
<SP HEIGHT="48" WIDTH="27" VPOS="2788" HPOS="575"/>
<String LANG="fr" CONTENT="p." HEIGHT="37" WIDTH="41" VPOS="2799" HPOS="603"/>
<SP HEIGHT="39" WIDTH="59" VPOS="2789" HPOS="645"/>
<String LANG="fr" CONTENT="23" HEIGHT="40" WIDTH="55" VPOS="2789" HPOS="705"/>
<String LANG="en-US" CS="1" CONTENT="&#189;"/>
<String STYLE="superscript" LANG="fr" CONTENT="cm" HEIGHT="21" WIDTH="45" VPOS="2790" HPOS="793"/>
<String LANG="fr" CONTENT="." HEIGHT="8" WIDTH="9" VPOS="2820" HPOS="843"/>
</TextLine>
<TextLine HEIGHT="53" WIDTH="2017" VPOS="2854" HPOS="418" CS="1">
<String CONTENT="&#169;" HEIGHT="53" WIDTH="52" VPOS="2854" HPOS="418"/>
<SP HEIGHT="53" WIDTH="23" VPOS="2854" HPOS="471"/>
<String CONTENT="Aug." HEIGHT="48" WIDTH="122" VPOS="2859" HPOS="495"/>
<SP HEIGHT="37" WIDTH="24" VPOS="2861" HPOS="618"/>
<String CONTENT="10." HEIGHT="41" WIDTH="69" VPOS="2859" HPOS="643"/>
<SP HEIGHT="40" WIDTH="25" VPOS="2860" HPOS="713"/>
<String CS="1" CONTENT="1933;" HEIGHT="40" WIDTH="113" VPOS="2859" HPOS="739"/>
<SP HEIGHT="45" WIDTH="27" VPOS="2859" HPOS="881"/>
<String CONTENT="2c." HEIGHT="40" WIDTH="68" VPOS="2859" HPOS="909"/>
<SP HEIGHT="40" WIDTH="24" VPOS="2859" HPOS="978"/>
<String CONTENT="Aug." HEIGHT="47" WIDTH="120" VPOS="2859" HPOS="1003"/>
<SP HEIGHT="39" WIDTH="26" VPOS="2859" HPOS="1124"/>
<String CS="1" CONTENT="17:" HEIGHT="39" WIDTH="55" VPOS="2859" HPOS="1151"/>
<SP HEIGHT="31" WIDTH="28" VPOS="2869" HPOS="1234"/>
<String CONTENT="aff." HEIGHT="41" WIDTH="81" VPOS="2857" HPOS="1263"/>
<SP HEIGHT="39" WIDTH="24" VPOS="2858" HPOS="1345"/>
<String CONTENT="Aug." HEIGHT="47" WIDTH="121" VPOS="2858" HPOS="1370"/>
<SP HEIGHT="39" WIDTH="26" VPOS="2859" HPOS="1492"/>
<String CONTENT="18;" HEIGHT="47" WIDTH="82" VPOS="2858" HPOS="1519"/>
<SP HEIGHT="47" WIDTH="28" VPOS="2858" HPOS="1602"/>
<!-- cceid 490FD559-6CF9-1014-A6CF-A82867D68027 --><String CONTENT="A" HEIGHT="39" WIDTH="40" VPOS="2858" HPOS="1631"/>
<SP HEIGHT="40" WIDTH="26" VPOS="2858" HPOS="1672"/>
<String CS="1" CONTENT="64774;" HEIGHT="40" WIDTH="144" VPOS="2858" HPOS="1699"/>
<SP HEIGHT="40" WIDTH="29" VPOS="2859" HPOS="1871"/>
<String CONTENT="Willis" HEIGHT="41" WIDTH="161" VPOS="2857" HPOS="1901"/>
<SP HEIGHT="40" WIDTH="26" VPOS="2858" HPOS="2063"/>
<String CONTENT="Guy" HEIGHT="47" WIDTH="108" VPOS="2858" HPOS="2090"/>
<SP HEIGHT="46" WIDTH="24" VPOS="2859" HPOS="2199"/>
<String CONTENT="Tetrick." HEIGHT="41" WIDTH="211" VPOS="2857" HPOS="2224"/>
</TextLine>
<TextLine HEIGHT="50" WIDTH="893" VPOS="2915" HPOS="491">
<String CONTENT="Clarksburg," HEIGHT="50" WIDTH="313" VPOS="2915" HPOS="491"/>
<SP HEIGHT="46" WIDTH="33" VPOS="2917" HPOS="805"/>
<String LANG="fr" CONTENT="W." HEIGHT="41" WIDTH="71" VPOS="2917" HPOS="839"/>
<SP HEIGHT="41" WIDTH="31" VPOS="2917" HPOS="911"/>
<String LANG="fr" CONTENT="Va." HEIGHT="40" WIDTH="85" VPOS="2917" HPOS="943"/>
<SP HEIGHT="49" WIDTH="71" VPOS="2916" HPOS="1029"/>
<String CONTENT="(33-25527)" HEIGHT="50" WIDTH="283" VPOS="2915" HPOS="1101"/>
</TextLine>
<TextLine HEIGHT="67" WIDTH="847" VPOS="3036" HPOS="414" STYLEREFS="StyleId-0CE4CD72-5AFB-4F13-AB6C-97EF3DE3F8CB-">
<String CONTENT="Van" HEIGHT="54" WIDTH="130" VPOS="3037" HPOS="414"/>
<SP HEIGHT="53" WIDTH="29" VPOS="3039" HPOS="545"/>
<String CONTENT="Schaick," HEIGHT="67" WIDTH="271" VPOS="3036" HPOS="575"/>
<SP HEIGHT="65" WIDTH="31" VPOS="3038" HPOS="847"/>
<String CONTENT="John," HEIGHT="65" WIDTH="175" VPOS="3037" HPOS="879"/>
<SP HEIGHT="59" WIDTH="33" VPOS="3043" HPOS="1055"/>
<String CONTENT="1873-" HEIGHT="55" WIDTH="172" VPOS="3037" HPOS="1089"/>
</TextLine>
<TextLine HEIGHT="70" WIDTH="1952" VPOS="3114" HPOS="486" STYLEREFS="StyleId-858C2290-0DAC-4E58-855E-9762835220BF-">
<String CONTENT="Love" HEIGHT="53" WIDTH="153" VPOS="3116" HPOS="486"/>
<SP HEIGHT="47" WIDTH="47" VPOS="3122" HPOS="640"/>
<String CONTENT="that" HEIGHT="53" WIDTH="129" VPOS="3116" HPOS="688"/>
<SP HEIGHT="49" WIDTH="45" VPOS="3120" HPOS="818"/>
<String CONTENT="never" HEIGHT="36" WIDTH="171" VPOS="3134" HPOS="864"/>
<SP HEIGHT="53" WIDTH="49" VPOS="3116" HPOS="1036"/>
<String CONTENT="failed;" HEIGHT="68" WIDTH="211" VPOS="3115" HPOS="1086"/>
<SP HEIGHT="49" WIDTH="49" VPOS="3134" HPOS="1298"/>
<String CONTENT="memories" HEIGHT="54" WIDTH="298" VPOS="3115" HPOS="1348"/>
<SP HEIGHT="36" WIDTH="47" VPOS="3133" HPOS="1647"/>
<String CONTENT="of" HEIGHT="54" WIDTH="64" VPOS="3114" HPOS="1695"/>
<SP HEIGHT="54" WIDTH="42" VPOS="3114" HPOS="1760"/>
<String CONTENT="the" HEIGHT="53" WIDTH="98" VPOS="3115" HPOS="1803"/>
<SP HEIGHT="34" WIDTH="44" VPOS="3134" HPOS="1902"/>
<String CONTENT="world" HEIGHT="52" WIDTH="182" VPOS="3116" HPOS="1947"/>
<SP HEIGHT="52" WIDTH="48" VPOS="3116" HPOS="2130"/>
<String CONTENT="war," HEIGHT="49" WIDTH="136" VPOS="3134" HPOS="2179"/>
<SP HEIGHT="68" WIDTH="44" VPOS="3115" HPOS="2316"/>
<String CONTENT="by" HEIGHT="69" WIDTH="77" VPOS="3115" HPOS="2361"/>
</TextLine>
<TextLine HEIGHT="147" WIDTH="1999" VPOS="3194" HPOS="414" STYLEREFS="StyleId-858C2290-0DAC-4E58-855E-9762835220BF-" CS="1">
<String CONTENT="John" HEIGHT="54" WIDTH="157" VPOS="3195" HPOS="415"/>
<SP HEIGHT="54" WIDTH="36" VPOS="3196" HPOS="573"/>
<String CONTENT="Van" HEIGHT="54" WIDTH="132" VPOS="3196" HPOS="610"/>
<SP HEIGHT="56" WIDTH="36" VPOS="3194" HPOS="743"/>
<String CONTENT="Schaick," HEIGHT="68" WIDTH="263" VPOS="3194" HPOS="780"/>
<SP HEIGHT="69" WIDTH="32" VPOS="3194" HPOS="1044"/>
<String CONTENT="jr." HEIGHT="69" WIDTH="73" VPOS="3194" HPOS="1077"/>
<SP HEIGHT="10" WIDTH="40" VPOS="3237" HPOS="1151"/>
<String CS="1" CONTENT="&#8230;"/>
<SP HEIGHT="51" WIDTH="77" VPOS="3195" HPOS="1248"/>
<String CONTENT="Boston," HEIGHT="66" WIDTH="236" VPOS="3195" HPOS="1326"/>
<SP HEIGHT="66" WIDTH="35" VPOS="3195" HPOS="1563"/>
<String CONTENT="The" HEIGHT="54" WIDTH="121" VPOS="3194" HPOS="1599"/>
<SP HEIGHT="53" WIDTH="35" VPOS="3195" HPOS="1721"/>
<String LANG="de" CONTENT="Universalist" HEIGHT="54" WIDTH="387" VPOS="3194" HPOS="1757"/>
<SP HEIGHT="63" WIDTH="36" VPOS="3200" HPOS="2145"/>
<String CONTENT="publishing" HEIGHT="147" WIDTH="1999" VPOS="3194" HPOS="414"/>
<SP HEIGHT="67" WIDTH="35" VPOS="3274" HPOS="516"/>
<String CONTENT="house," HEIGHT="66" WIDTH="192" VPOS="3274" HPOS="552"/>
<SP HEIGHT="62" WIDTH="38" VPOS="3278" HPOS="745"/>
<String CONTENT="1933." HEIGHT="49" WIDTH="153" VPOS="3277" HPOS="784"/>
</TextLine>
<TextLine HEIGHT="50" WIDTH="515" VPOS="3345" HPOS="484" STYLEREFS="StyleId-858C2290-0DAC-4E58-855E-9762835220BF-" CS="1">
<String CONTENT="xiii," HEIGHT="49" WIDTH="105" VPOS="3345" HPOS="484"/>
<SP HEIGHT="48" WIDTH="34" VPOS="3346" HPOS="590"/>
<String CONTENT="279" HEIGHT="42" WIDTH="86" VPOS="3345" HPOS="625"/>
<SP HEIGHT="50" WIDTH="34" VPOS="3345" HPOS="712"/>
<String CONTENT="p." HEIGHT="38" WIDTH="42" VPOS="3357" HPOS="747"/>
<SP HEIGHT="39" WIDTH="61" VPOS="3347" HPOS="790"/>
<String CS="1" CONTENT="19&#189;" HEIGHT="41" WIDTH="55" VPOS="3345" HPOS="852"/>
<String STYLE="superscript" CONTENT="cm" HEIGHT="21" WIDTH="44" VPOS="3349" HPOS="941"/>
<String CONTENT="." HEIGHT="9" WIDTH="9" VPOS="3379" HPOS="990"/>
</TextLine>
<TextLine HEIGHT="107" WIDTH="2021" VPOS="3402" HPOS="415" CS="1">
<String CONTENT="&#8220;This" HEIGHT="40" WIDTH="148" VPOS="3403" HPOS="493"/>
<SP HEIGHT="40" WIDTH="34" VPOS="3403" HPOS="642"/>
<String CONTENT="book" HEIGHT="41" WIDTH="122" VPOS="3403" HPOS="677"/>
<SP HEIGHT="39" WIDTH="34" VPOS="3403" HPOS="800"/>
<String CONTENT="consists" HEIGHT="41" WIDTH="210" VPOS="3402" HPOS="835"/>
<SP HEIGHT="29" WIDTH="34" VPOS="3414" HPOS="1046"/>
<String CONTENT="of" HEIGHT="40" WIDTH="52" VPOS="3403" HPOS="1081"/>
<SP HEIGHT="40" WIDTH="33" VPOS="3403" HPOS="1134"/>
<String CONTENT="a" HEIGHT="29" WIDTH="27" VPOS="3414" HPOS="1168"/>
<SP HEIGHT="30" WIDTH="38" VPOS="3413" HPOS="1196"/>
<String CONTENT="series" HEIGHT="41" WIDTH="151" VPOS="3403" HPOS="1235"/>
<SP HEIGHT="31" WIDTH="35" VPOS="3413" HPOS="1387"/>
<String CONTENT="of" HEIGHT="42" WIDTH="51" VPOS="3402" HPOS="1423"/>
<SP HEIGHT="41" WIDTH="35" VPOS="3402" HPOS="1475"/>
<String CONTENT="articles" HEIGHT="42" WIDTH="200" VPOS="3403" HPOS="1511"/>
<SP HEIGHT="39" WIDTH="33" VPOS="3405" HPOS="1712"/>
<String CONTENT="by" HEIGHT="45" WIDTH="60" VPOS="3405" HPOS="1746"/>
<SP HEIGHT="48" WIDTH="35" VPOS="3402" HPOS="1807"/>
<String CONTENT="&#8216;Johannes&#8217;" HEIGHT="43" WIDTH="278" VPOS="3402" HPOS="1843"/>
<SP HEIGHT="39" WIDTH="36" VPOS="3403" HPOS="2122"/>
<String CONTENT="which" HEIGHT="41" WIDTH="158" VPOS="3403" HPOS="2159"/>
<SP HEIGHT="40" WIDTH="37" VPOS="3405" HPOS="2318"/>
<String CONTENT="appeared" HEIGHT="94" WIDTH="2003" VPOS="3415" HPOS="415"/>
<SP HEIGHT="41" WIDTH="41" VPOS="3461" HPOS="593"/>
<String CONTENT="in" HEIGHT="39" WIDTH="49" VPOS="3461" HPOS="635"/>
<SP HEIGHT="37" WIDTH="41" VPOS="3464" HPOS="685"/>
<String CONTENT="the" HEIGHT="41" WIDTH="83" VPOS="3461" HPOS="727"/>
<SP HEIGHT="41" WIDTH="38" VPOS="3461" HPOS="811"/>
<String CONTENT="Christian" HEIGHT="41" WIDTH="250" VPOS="3461" HPOS="850"/>
<SP HEIGHT="38" WIDTH="43" VPOS="3462" HPOS="1101"/>
<String CONTENT="leader," HEIGHT="45" WIDTH="180" VPOS="3462" HPOS="1145"/>
<SP HEIGHT="46" WIDTH="39" VPOS="3461" HPOS="1326"/>
<String CONTENT="Boston," HEIGHT="47" WIDTH="198" VPOS="3461" HPOS="1366"/>
<SP HEIGHT="37" WIDTH="40" VPOS="3471" HPOS="1565"/>
<String CONTENT="under" HEIGHT="40" WIDTH="153" VPOS="3461" HPOS="1606"/>
<SP HEIGHT="38" WIDTH="38" VPOS="3462" HPOS="1760"/>
<String CONTENT="the" HEIGHT="40" WIDTH="82" VPOS="3460" HPOS="1799"/>
<SP HEIGHT="37" WIDTH="38" VPOS="3463" HPOS="1882"/>
<String CONTENT="title" HEIGHT="40" WIDTH="112" VPOS="3460" HPOS="1921"/>
<SP HEIGHT="34" WIDTH="38" VPOS="3466" HPOS="2034"/>
<String CONTENT="'Memories" HEIGHT="40" WIDTH="271" VPOS="3460" HPOS="2073"/>
<SP HEIGHT="29" WIDTH="39" VPOS="3471" HPOS="2345"/>
<String CONTENT="of" HEIGHT="38" WIDTH="51" VPOS="3462" HPOS="2385"/>
</TextLine>
<TextLine HEIGHT="42" WIDTH="714" VPOS="3517" HPOS="420">
<String CONTENT="the" HEIGHT="41" WIDTH="81" VPOS="3518" HPOS="420"/>
<SP HEIGHT="30" WIDTH="32" VPOS="3529" HPOS="502"/>
<String CONTENT="world" HEIGHT="41" WIDTH="151" VPOS="3518" HPOS="535"/>
<SP HEIGHT="39" WIDTH="33" VPOS="3519" HPOS="687"/>
<String CONTENT="war&#8217;.&#8221;&#8212;Introd." HEIGHT="42" WIDTH="413" VPOS="3517" HPOS="721"/>
</TextLine>
<TextLine HEIGHT="53" WIDTH="2016" VPOS="3585" HPOS="421" CS="1">
<String CONTENT="&#169;" HEIGHT="53" WIDTH="52" VPOS="3585" HPOS="421"/>
<SP HEIGHT="53" WIDTH="38" VPOS="3585" HPOS="474"/>
<String CONTENT="Sept." HEIGHT="48" WIDTH="127" VPOS="3590" HPOS="513"/>
<SP HEIGHT="38" WIDTH="36" VPOS="3591" HPOS="641"/>
<String CONTENT="1." HEIGHT="39" WIDTH="38" VPOS="3591" HPOS="678"/>
<SP HEIGHT="39" WIDTH="35" VPOS="3591" HPOS="717"/>
<String CONTENT="1933:" HEIGHT="40" WIDTH="140" VPOS="3590" HPOS="753"/>
<SP HEIGHT="40" WIDTH="36" VPOS="3590" HPOS="894"/>
<String CONTENT="2c." HEIGHT="38" WIDTH="66" VPOS="3590" HPOS="931"/>
<SP HEIGHT="39" WIDTH="39" VPOS="3590" HPOS="998"/>
<String CONTENT="Sept." HEIGHT="47" WIDTH="128" VPOS="3590" HPOS="1038"/>
<SP HEIGHT="40" WIDTH="36" VPOS="3589" HPOS="1167"/>
<String CONTENT="5;" HEIGHT="46" WIDTH="52" VPOS="3589" HPOS="1204"/>
<SP HEIGHT="36" WIDTH="37" VPOS="3599" HPOS="1257"/>
<String CS="1" CONTENT="aff." HEIGHT="41" WIDTH="80" VPOS="3588" HPOS="1295"/>
<SP HEIGHT="40" WIDTH="40" VPOS="3589" HPOS="1376"/>
<String CONTENT="Sept." HEIGHT="47" WIDTH="127" VPOS="3589" HPOS="1417"/>
<SP HEIGHT="39" WIDTH="35" VPOS="3589" HPOS="1545"/>
<String CONTENT="2;" HEIGHT="46" WIDTH="53" VPOS="3589" HPOS="1581"/>
<SP HEIGHT="46" WIDTH="37" VPOS="3589" HPOS="1635"/>
<!-- cceid 49101D2F-6CF9-1014-A6CF-A82867D68027 --><String CONTENT="A" HEIGHT="39" WIDTH="40" VPOS="3589" HPOS="1673"/>
<SP HEIGHT="40" WIDTH="36" VPOS="3589" HPOS="1714"/>
<String CONTENT="65110;" HEIGHT="47" WIDTH="171" VPOS="3589" HPOS="1751"/>
<SP HEIGHT="47" WIDTH="41" VPOS="3589" HPOS="1923"/>
<String CONTENT="Universalist" HEIGHT="41" WIDTH="327" VPOS="3588" HPOS="1965"/>
<SP HEIGHT="44" WIDTH="35" VPOS="3592" HPOS="2293"/>
<String CONTENT="pub." HEIGHT="49" WIDTH="108" VPOS="3587" HPOS="2329"/>
</TextLine>
<TextLine HEIGHT="48" WIDTH="519" VPOS="3646" HPOS="489">
<String CONTENT="house." HEIGHT="41" WIDTH="163" VPOS="3647" HPOS="489"/>
<SP HEIGHT="46" WIDTH="71" VPOS="3648" HPOS="653"/>
<String CONTENT="(33-25200)" HEIGHT="48" WIDTH="283" VPOS="3646" HPOS="725"/>
</TextLine>
<TextLine HEIGHT="65" WIDTH="434" VPOS="3767" HPOS="416" STYLEREFS="StyleId-0CE4CD72-5AFB-4F13-AB6C-97EF3DE3F8CB-" CS="1">
<String LANG="fr" CS="1" CONTENT="V&#233;la," HEIGHT="65" WIDTH="163" VPOS="3767" HPOS="416"/>
<SP HEIGHT="63" WIDTH="31" VPOS="3769" HPOS="580"/>
<String LANG="en-US" CONTENT="Claude." HEIGHT="56" WIDTH="238" VPOS="3768" HPOS="612"/>
</TextLine>
<TextLine HEIGHT="68" WIDTH="1545" VPOS="3845" HPOS="552" STYLEREFS="StyleId-858C2290-0DAC-4E58-855E-9762835220BF-" CS="1">
<String CS="1" CONTENT="&#8230;"/>
<SP HEIGHT="51" WIDTH="32" VPOS="3846" HPOS="552"/>
<String CONTENT="Tizy" HEIGHT="66" WIDTH="145" VPOS="3846" HPOS="585"/>
<SP HEIGHT="48" WIDTH="24" VPOS="3864" HPOS="731"/>
<String LANG="fr" CONTENT="et" HEIGHT="47" WIDTH="56" VPOS="3851" HPOS="756"/>
<SP HEIGHT="47" WIDTH="24" VPOS="3851" HPOS="813"/>
<String LANG="fr" CONTENT="moi." HEIGHT="52" WIDTH="132" VPOS="3846" HPOS="838"/>
<SP HEIGHT="52" WIDTH="62" VPOS="3845" HPOS="971"/>
<String CONTENT="Paris," HEIGHT="66" WIDTH="187" VPOS="3845" HPOS="1034"/>
<SP HEIGHT="66" WIDTH="27" VPOS="3845" HPOS="1222"/>
<String CONTENT="Gautier-Languereau," HEIGHT="68" WIDTH="665" VPOS="3845" HPOS="1250"/>
<SP HEIGHT="58" WIDTH="29" VPOS="3849" HPOS="1916"/>
<String CONTENT="1933." HEIGHT="50" WIDTH="151" VPOS="3848" HPOS="1946"/>
</TextLine>
<TextLine HEIGHT="63" WIDTH="1510" VPOS="3904" HPOS="490" CS="1">
<String LANG="en-US" CONTENT="286" HEIGHT="41" WIDTH="88" VPOS="3920" HPOS="490"/>
<SP HEIGHT="47" WIDTH="22" VPOS="3920" HPOS="579"/>
<String LANG="fr" CONTENT="p.," HEIGHT="37" WIDTH="55" VPOS="3930" HPOS="602"/>
<SP HEIGHT="61" WIDTH="26" VPOS="3904" HPOS="658"/>
<String LANG="fr" CS="1" CONTENT="1"/>
<SP HEIGHT="55" WIDTH="26" VPOS="3904" HPOS="708"/>
<String LANG="en-US" CS="1" CONTENT="l." HEIGHT="9" WIDTH="9" VPOS="3950" HPOS="755"/>
<SP HEIGHT="39" WIDTH="55" VPOS="3920" HPOS="765"/>
<String LANG="en-US" CONTENT="19" HEIGHT="41" WIDTH="54" VPOS="3918" HPOS="821"/>
<String STYLE="superscript" LANG="en-US" CS="1" CONTENT="cm" HEIGHT="21" WIDTH="15" VPOS="3922" HPOS="878"/>
<String LANG="en-US" CONTENT="." HEIGHT="8" WIDTH="8" VPOS="3952" HPOS="928"/>
<SP HEIGHT="47" WIDTH="65" VPOS="3920" HPOS="937"/>
<String LANG="en-US" CONTENT="(On" HEIGHT="47" WIDTH="96" VPOS="3920" HPOS="1003"/>
<SP HEIGHT="30" WIDTH="26" VPOS="3930" HPOS="1100"/>
<String LANG="en-US" CONTENT="cover:" HEIGHT="30" WIDTH="163" VPOS="3930" HPOS="1127"/>
<SP HEIGHT="40" WIDTH="25" VPOS="3920" HPOS="1291"/>
<String LANG="fr" CONTENT="Biblioth&#232;que" HEIGHT="48" WIDTH="342" VPOS="3919" HPOS="1317"/>
<SP HEIGHT="39" WIDTH="25" VPOS="3920" HPOS="1660"/>
<String LANG="fr" CONTENT="de" HEIGHT="40" WIDTH="58" VPOS="3920" HPOS="1686"/>
<SP HEIGHT="30" WIDTH="25" VPOS="3930" HPOS="1745"/>
<String LANG="fr" CONTENT="ma" HEIGHT="29" WIDTH="75" VPOS="3930" HPOS="1771"/>
<SP HEIGHT="40" WIDTH="29" VPOS="3919" HPOS="1847"/>
<String LANG="fr" CONTENT="fille)" HEIGHT="43" WIDTH="123" VPOS="3919" HPOS="1877"/>
</TextLine>
<TextLine HEIGHT="116" WIDTH="2016" VPOS="3988" HPOS="420" CS="1">
<String LANG="fr" CONTENT="&#169;" HEIGHT="53" WIDTH="52" VPOS="3995" HPOS="420"/>
<SP HEIGHT="53" WIDTH="44" VPOS="3995" HPOS="473"/>
<String LANG="en-US" CONTENT="May" HEIGHT="47" WIDTH="115" VPOS="3999" HPOS="518"/>
<SP HEIGHT="46" WIDTH="44" VPOS="4000" HPOS="634"/>
<String LANG="fr" CONTENT="15," HEIGHT="46" WIDTH="67" VPOS="3999" HPOS="679"/>
<SP HEIGHT="46" WIDTH="44" VPOS="3999" HPOS="747"/>
<String LANG="fr" CONTENT="1933;" HEIGHT="47" WIDTH="141" VPOS="3998" HPOS="792"/>
<SP/>
<String LANG="fr" CS="1" CONTENT="1c." HEIGHT="8" WIDTH="8" VPOS="4032" HPOS="1040"/>
<SP HEIGHT="41" WIDTH="45" VPOS="3999" HPOS="1049"/>
<String LANG="en-US" CONTENT="Aug." HEIGHT="48" WIDTH="119" VPOS="3999" HPOS="1095"/>
<SP HEIGHT="39" WIDTH="45" VPOS="4000" HPOS="1215"/>
<String LANG="fr" CONTENT="2;" HEIGHT="47" WIDTH="53" VPOS="4000" HPOS="1261"/>
<SP HEIGHT="47" WIDTH="47" VPOS="4000" HPOS="1315"/>
<!-- cceid 491063D4-6CF9-1014-A6CF-A82867D68027 --><String LANG="fr" CONTENT="A-" HEIGHT="38" WIDTH="99" VPOS="4000" HPOS="1363"/>
<String LANG="en-US" CONTENT="Foreign" HEIGHT="49" WIDTH="207" VPOS="3998" HPOS="1466"/>
<SP HEIGHT="41" WIDTH="45" VPOS="3998" HPOS="1674"/>
<String LANG="fr" CONTENT="21757:" HEIGHT="42" WIDTH="171" VPOS="3998" HPOS="1720"/>
<SP HEIGHT="51" WIDTH="49" VPOS="3988" HPOS="1892"/>
<String LANG="fr" CONTENT="&#201;ditions" HEIGHT="52" WIDTH="225" VPOS="3988" HPOS="1942"/>
<SP HEIGHT="41" WIDTH="45" VPOS="3998" HPOS="2168"/>
<String LANG="en-US" CONTENT="Gautier-Languereau." HEIGHT="105" WIDTH="1944" VPOS="3998" HPOS="492"/>
<SP HEIGHT="48" WIDTH="70" VPOS="4056" HPOS="826"/>
<String LANG="fr" CONTENT="(33-25524)" HEIGHT="48" WIDTH="283" VPOS="4056" HPOS="897"/>
</TextLine>
</TextBlock>
</PrintSpace>
</Page>
</Layout>
</alto>