2484 4405
1041 4080 99 49 881

67 433 242 64 Abbott,
340 432 238 55 Austin.

135 502 1928 74 Abbott New York digest … Consolidated ed. July, 1933,
67 580 1997 76 cumulative quarterly pamphlet … Rochester and New York
67 669 133 67 city,
227 669 120 51 The
374 669 264 65 Lawyers
668 664 381 68 co-operative
1079 662 336 69 publishing
1443 678 280 50 company;
1786 659 81 55 St.
1898 660 166 67 Paul,

67 749 157 52 West
269 745 332 69 publishing
643 763 76 35 co.;
797 746 138 51 New
979 742 163 54 York
1185 742 132 68 city,
1360 740 207 66 Baker,
1609 738 246 55 Voorhis
1899 742 44 49 &
1984 757 78 34 co.

73 830 192 65 [c1933]

140 900 84 42 179
252 912 42 36 p.
351 900 56 40 24
410 902 44 21 cm
459 932 8 7 .

76 969 50 51 ©
152 973 115 45 July
291 971 68 45 11,
385 970 112 40 1933;
551 970 67 38 2c.
644 969 96 39 and
764 979 82 28 aff.
872 967 117 47 July
1013 966 81 46 29;
1123 966 41 42 A
1190 965 143 40 63708;
1389 965 134 39 West
1549 964 106 47 pub.
1683 973 67 29 co.
1778 964 36 39 &
1840 963 228 46 Lawyers

143 1027 322 49 co-operative
496 1027 106 47 pub.
634 1037 67 30 co.

69 1122 1974 155 Alabama and Southern digest. July, 1933, cumulative pamphlet. …
475 1207 82 55 St.
585 1209 165 64 Paul,
777 1209 161 52 West
965 1203 336 70 publishing
1329 1223 77 34 co.
1444 1237 12 33 [
1461 1208 18 22 c
1484 1206 132 49 1933
1624 1234 11 34 ]

142 1284 58 40 288
259 1294 42 37 p.
363 1282 55 40 24
421 1283 43 22 cm
471 1313 8 8 .

79 1350 50 52 ©
157 1355 115 46 July
297 1354 68 47 14,
392 1353 112 39 1933;
559 1353 66 39 2c.
655 1352 95 39 and
778 1350 81 40 aff.
886 1351 116 46 July
1029 1349 82 46 29;
1141 1350 40 38 A
1208 1349 143 40 63717;
1408 1349 134 39 West
1570 1348 109 47 pub.
1706 1358 67 29 co.

73 1460 210 63 Algan,
311 1459 319 54 Laurence.

208 1529 1269 70 … Le cercle enchanté. Paris, Plon [1932]
146 1604 659 51 2 p. l., 237 p., 1 l. 19 cm .
81 1674 1936 55 © Nov. 23, 1932; 1c. May 10, 1933; A- Foreign 20853; Librairie Plon.
156 1738 279 49 (33-15782)

74 1840 328 65 Anderson,
433 1839 304 54 Abraham
767 1838 340 65 Archibald,
1140 1839 170 53 1847-

147 1919 375 69 Experiences
555 1919 111 52 and
698 1917 393 68 impressions;
1125 1918 94 51 the
1252 1916 459 69 autobiography
1744 1916 62 53 of
1838 1916 235 55 Colonel

74 1999 71 53 A.
182 1999 70 55 A.
287 1998 316 53 Anderson.
679 1997 137 53 New
854 1996 178 68 York,
1066 1996 123 53 The
1221 1996 333 54 Macmillan
1590 2014 296 51 company,
1927 1998 143 51 1933.

150 2075 83 39 xiv
257 2085 57 37 p.,
338 2075 19 37 1
421 2105 7 15 l.,
454 2073 84 39 245
561 2084 41 36 p.
655 2072 162 46 front.,
843 2072 128 39 illus.
1001 2071 264 48 (facsims.)
1300 2073 155 46 plates
1485 2071 49 48 (2
1560 2072 112 44 col.)
1708 2073 145 45 ports.
1883 2072 45 47 (1
1957 2073 112 45 col.)

79 2132 57 39 24
138 2133 43 21 cm
186 2164 9 8 .

85 2198 1790 52 © June 13, 1933; 2c. and af f. June 14; A 63160; Macmillan co.
161 2258 278 49 (33-15655)

103 2363 287 64 [Bargone,
421 2362 262 66 Charles]
719 2362 171 54 1876-

85 2436 1966 148 … Les quatre dames d’Angora, roman. [Paris] E. Flammarion [1933]
154 2602 782 50 3 p. l., [5]-283 p., 1 l. 18 ½c m .
154 2659 229 40 Author’s
413 2660 178 48 pseud.,
625 2659 182 41 Claude
838 2660 219 43 Farrère,
1090 2663 51 37 at
1172 2662 123 38 head
1329 2660 51 39 of
1411 2661 121 41 title.

90 2730 1908 52 © Apr. 13, 1933; 1c. May 6; A-Foreign 20811; Ernest Flammarion.
167 2790 279 49 (33-15780)

83 2890 231 69 Brown,
342 2894 232 54 Arthur
601 2895 223 65 March,
856 2894 171 55 1876-

158 2970 185 55 Guide
373 2976 58 47 to
461 2969 219 54 federal
711 2972 112 51 and
854 2970 361 69 bankruptcy
1249 2972 274 67 practice;
1559 2972 170 69 being
1760 2992 73 33 an
1866 2974 214 53 outline

90 3047 63 53 of
189 3048 94 52 the
321 3048 289 53 essentials
649 3047 63 54 of
750 3049 308 67 procedure
1097 3050 59 50 in
1196 3049 94 52 the
1330 3048 219 53 federal
1590 3055 205 62 courts,
1835 3051 245 69 original

9 3114 2048 158 I and appellate, with forms, by Arthur March Brown … Albany,
292 3205 68 51 N.
397 3204 91 67 Y.,
520 3204 80 53 M.
636 3205 225 51 Bender
895 3205 43 49 &
973 3223 297 50 company,
1305 3206 417 68 incorporated,
1761 3211 149 49 1933.

285 3308 7 14 xxvi,
320 3276 114 40 1010
460 3287 42 37 p.
567 3277 55 39 26
626 3279 43 21 cm
673 3309 8 8 .

165 3335 230 38 Addenda
422 3344 61 28 on
506 3333 118 47 slips
649 3335 225 39 mounted
903 3345 58 28 on
990 3344 41 37 p.
1059 3333 87 41 186
1171 3335 95 39 and
1294 3343 42 38 p.
1363 3333 98 41 271.

96 3401 50 51 ©
176 3405 125 39 June
328 3405 67 46 13,
424 3405 139 41 1933:
593 3405 67 42 2c.
688 3406 95 38 and
811 3404 80 40 aff.
921 3406 126 39 June
1075 3406 82 45 14;
1188 3406 41 38 A
1257 3405 169 47 63255;
1458 3408 235 39 Matthew
1721 3408 190 40 Bender
1940 3410 35 40 &
2003 3419 82 38 co.,

163 3462 88 40 inc.
323 3460 278 49 (33-15798)

91 3562 333 66 Browning,
455 3564 138 53 Mrs.
623 3562 306 55 Elizabeth
969 3565 305 63 (Barrett)
1314 3571 324 53 1806-1861.

163 3642 136 50 Two
329 3646 175 62 poets,
533 3661 30 33 a
594 3641 128 67 dog,
751 3642 112 52 and
893 3660 31 33 a
952 3642 127 68 boy,
1108 3641 170 70 being
1306 3662 31 33 a
1366 3644 263 53 selection
1660 3644 64 54 of
1750 3663 157 36 verse
1937 3648 151 54 from

95 3719 298 53 Elizabeth
433 3720 110 52 and
582 3718 213 56 Robert
835 3719 333 69 Browning,
1205 3722 258 67 together
1500 3723 139 53 with
1677 3743 31 34 a
1745 3724 152 55 brief
1933 3731 157 66 story

95 3797 65 52 of
197 3798 148 52 their
382 3798 140 52 lives
561 3799 111 51 and
711 3818 150 34 some
901 3798 302 69 sidelights
1241 3819 70 32 on
1351 3801 95 53 the
1486 3820 207 51 poems,
1730 3804 76 68 by
1844 3806 245 53 Frances

96 3876 1995 75 Theresa Russell … illustrated with drawings by Cary Odell.
96 3953 1866 73 Philadelphia & London, J. B. Lippincott company [ c 1933]
