2484 4405
1006 4058 132 53 1781

89 434 276 65 Denison,
392 435 153 53 John
575 434 223 64 Henry,
829 432 467 53 1855-ed.

159 512 282 54 Colorado
486 512 138 52 laws
669 510 248 67 relating
964 515 56 48 to
1065 510 150 53 wills
1258 510 112 52 and
1416 514 204 48 estates
1666 509 64 54 of
1773 510 316 62 decedents,

88 591 212 52 minors
334 591 111 52 and
479 590 213 52 mental
727 589 430 67 incompetents,
1191 587 139 53 with
1367 588 390 54 amendments
1790 586 299 70 including

89 668 156 54 those
287 667 64 53 of
389 668 94 52 the
527 672 116 48 acts
684 666 64 53 of
790 669 152 64 1933,
983 666 282 67 compiled
1308 666 113 53 and
1464 667 309 52 annotated
1815 666 75 69 by
1930 666 155 54 John

87 746 77 52 H.
208 746 269 52 Denison.
554 747 134 50 1933
734 744 83 53 ed.
893 743 314 54 Published
1251 743 95 53 for
1386 744 95 54 the
1527 762 94 35 use
1665 743 65 53 of
1772 744 95 53 the
1908 744 177 53 bench

87 825 112 53 and
230 824 103 54 bar
364 823 64 54 of
462 822 282 56 Colorado
775 822 75 70 by
882 822 94 54 the
1008 822 178 54 Trust
1215 823 390 68 departments
1638 822 63 54 of
1734 823 94 53 the
1860 824 229 53 Denver

86 903 252 68 clearing
372 903 173 53 house
579 902 197 53 banks.
857 902 264 67 [Denver,
1159 904 153 65 1933]

155 974 666 50 2 p. l., [3]-108 p. 25½cm.
158 1033 40 39 A
227 1031 210 41 revision
468 1031 50 40 of
549 1042 26 30 a
606 1031 248 48 pamphlet
884 1031 60 47 by
975 1031 82 39 the
1087 1041 133 29 same
1250 1030 122 48 title,
1402 1030 255 49 published
1691 1031 49 39 in
1772 1030 111 41 1923
1916 1031 60 47 by
2008 1031 81 40 the

86 1089 148 39 Trust
264 1090 305 45 department
597 1088 51 39 of
678 1088 81 40 the
789 1086 178 42 United
997 1086 164 41 States
1190 1087 221 40 national
1438 1087 129 40 bank
1594 1087 51 40 of
1675 1087 192 39 Denver
1896 1087 95 40 and
88 1097 1984 95 republished

374 1144 127 40 from
536 1143 115 41 time
687 1147 47 36 to
768 1143 128 48 time,
931 1142 82 41 the
1047 1143 97 41 last
1178 1142 210 42 revision
1423 1143 250 48 including
1704 1143 209 49 changes
1948 1145 139 39 made

86 1201 58 47 by
177 1201 80 40 the
289 1199 304 49 Legislature
622 1200 50 39 in
704 1199 125 40 1929.
893 1198 60 48 cf.
987 1199 187 41 Introd.

87 1255 51 51 ©
171 1259 116 39 Nov.
319 1260 40 41 3,
391 1258 139 45 1933;
565 1258 67 38 2c.
664 1257 118 39 Nov.
814 1257 52 41 9:
901 1256 81 39 aff.
1017 1257 110 39 Jan.
1160 1256 67 46 12,
1262 1256 139 41 1934;
1438 1257 40 37 A
1510 1257 143 39 07042;
1716 1257 144 39 Trust

153 1257 1918 99 departments.
354 1316 190 38 Denver
573 1313 215 46 clearing
815 1314 149 38 house
993 1313 168 46 banks,
1195 1314 203 38 Denver.
1471 1313 279 48 (33-36032)

85 1416 283 67 D’Urfey,
399 1416 274 65 Thomas,
709 1417 325 53 1653-1723.

152 1496 119 52 The
298 1514 168 49 songs
494 1495 63 52 of
582 1496 248 51 Thomas
857 1492 284 70 D’Urfey,
1169 1494 238 53 selected
1435 1495 112 52 and
1575 1495 188 53 edited
1791 1495 75 68 by
1893 1495 185 68 Cyrus

81 1575 300 52 Lawrence
412 1575 146 51 Day.
637 1572 362 68 Cambridge,
1029 1574 191 66 Mass.,
1251 1573 274 52 Harvard
1557 1572 317 68 university
1906 1591 173 49 press,

85 1656 147 49 1933.

156 1721 1926 51 x, 168 p. incl. facsims. (music) front. (port.) 21 cm . (Half-title:
88 1780 227 41 Harvard
342 1779 186 42 studies
554 1780 49 39 in
630 1781 216 47 English,
907 1780 92 39 vol.
1088 1778 13 47 IX)

157 1838 128 39 ‘The
316 1841 137 36 notes
485 1837 195 39 contain
712 1847 26 29 a
773 1836 402 48 bibliographical
1209 1838 204 37 account
1447 1836 50 39 of
1530 1836 117 40 each
1682 1836 51 40 of
1766 1837 82 39 the
85 1842 1974 90 twenty-six
190 1902 141 39 songs
364 1892 484 48 reprinted.”—Pref.

83 1948 51 51 ©
166 1952 110 39 Dec.
307 1953 38 45 1,
377 1951 140 47 1933;
551 1952 65 39 2c.
650 1953 95 37 and
777 1951 82 40 aff.
889 1952 110 39 Dec.
1034 1952 50 45 7;

1120 1951 41 38 A
1192 1950 170 47 68422;
1397 1950 256 40 President
1684 1952 95 39 and
1811 1951 189 39 fellows
2031 1950 54 40 of

152 2008 229 40 Harvard
416 2009 190 46 college.
645 2007 300 49 Cambridge.
983 2008 146 40 Mass.
1194 2027 10 30 [
1212 2003 51 52 ©
1301 2019 42 37 p.
1379 2007 105 41 i-x:
1524 2019 41 37 p.
1603 2009 140 40 1-44:
1783 2019 41 38 p.
1863 2006 216 50 121-168]

162 2065 190 49 (34-49)

83 2167 237 66 Ervine,
346 2170 86 53 St.
459 2168 154 54 John
643 2169 200 63 Greer,
872 2171 172 50 1883-

151 2245 120 54 The
299 2245 221 53 theatre
548 2246 60 52 in
636 2265 95 48 my
758 2246 154 66 time,
939 2246 75 67 by
1044 2245 85 55 St.
1157 2245 157 54 John
1344 2245 234 53 Ervine.
1644 2246 259 67 London,
1931 2246 148 53 Rich

80 2327 44 49 &
151 2323 212 55 Cowan
390 2324 123 66 ltd.,
543 2325 151 52 1933.

151 2395 84 41 253
265 2407 44 38 p.
370 2395 56 40 19
429 2398 43 21 cm
475 2427 10 10 .

83 2450 1997 53 © 1c. Dec. 6, 1933; A ad int. 18436; pubd. Oct. 11; St. John Ervine,
149 2510 209 40 London.
430 2510 219 46 (34-243)

83 2612 228 66 Fowke,
344 2614 242 64 Gerard,
620 2616 324 51 1855-1933.

151 2690 120 53 The
315 2690 289 53 evolution
646 2690 63 53 of
751 2691 96 54 the
890 2690 150 55 Ohio
1083 2692 170 66 river,
1294 2692 75 67 by
1410 2692 222 55 Gerard
1676 2694 227 52 Fowke.
83 2695 1970 140 Indianapolis,

459 2768 128 52 Ind.
633 2768 258 67 [Printed
931 2769 74 67 by
1040 2770 97 51 the
1177 2769 355 53 Hollenbeck
1569 2788 155 49 press]
1788 2774 152 50 1933.

152 2840 1034 50 6 p. l., 11-273 p. illus. (maps) 23 cm .
157 2898 342 48 Pibliography:
564 2909 42 38 p.
655 2897 233 50 [253]-256.

80 2952 50 51 ©
158 2958 111 38 Dec.
296 2957 38 45 7,
363 2955 138 40 1933:
532 2956 65 39 2c.
626 2956 109 38 Dec.
765 2956 80 40 11;
876 2956 40 38 A
943 2954 169 41 67498:
1144 2956 297 40 Hollenbeck
1468 2967 148 38 press.

158 3011 278 49 (33-39311)

84 3116 139 64 Fox,
253 3116 327 52 Constance
608 3114 276 64 Praeger.

153 3193 248 52 Further
441 3192 335 67 fragments,
814 3192 75 67 by
930 3192 314 54 Constance
1282 3195 250 66 Praeger
1572 3197 138 50 Fox.
1810 3198 110 52 [Los
83 3198 1969 140 Angeles,
273 3270 239 54 Miller’s
539 3269 158 68 print
723 3270 161 67 shop]
917 3277 16 20 c
939 3272 149 49 1933.

146 3344 712 48 2 p. l., 51 p. illus. 23½ cm .
146 3403 181 38 Poems.

83 3454 50 52 ©
161 3460 119 42 Aug.
308 3458 67 45 25,
405 3457 139 40 1933:
574 3458 65 38 2c.
670 3457 93 38 and
793 3456 80 39 aff.
902 3457 118 38 Nov.
1050 3456 82 46 13;
1162 3456 40 39 A
1232 3456 169 47 68063;
1434 3457 48 41 C.
1512 3458 49 38 P.
1593 3458 115 39 Fox.
1739 3459 92 40 Los
1859 3460 219 47 Angeles.

157 3513 554 49 ( CA 33-1010 Unrev'd)
85 3603 291 66 Frankau,
407 3596 244 71 Gilbert,
682 3605 172 50 1884-

154 3683 46 51 E
207 3700 132 48 very
345 3699 237 46 woman,
635 3698 30 33 a
719 3681 163 50 novel
934 3678 74 67 by
1062 3676 226 55 Gilbert
1339 3677 289 55 Frankau.
1703 3681 138 53 New
1902 3685 172 67 York,

86 3763 59 51 E.
175 3763 62 50 P.
266 3762 223 51 Dutton
515 3761 46 49 &
587 3776 97 48 co.,
711 3757 106 52 inc.
852 3790 12 33 [
869 3762 18 22 c
894 3759 150 63 1933]

149 3836 62 45 ix,
240 3833 173 40 11-448
441 3844 41 37 p.
545 3830 145 41 19½cm.

151 3892 160 39 “First
348 3888 225 42 edition."

86 3945 49 52 ©
164 3951 109 38 Dec.
302 3948 69 45 22,
400 3947 112 39 1933:
570 3946 67 37 2c.
667 3945 94 38 and
791 3942 81 40 aff.
902 3944 110 38 Dec.
1043 3942 55 39 26;
1158 3942 41 38 A
1227 3942 171 47 67711;
1430 3944 53 39 E.
1512 3945 49 38 P.
1592 3945 189 41 Dutton
1811 3949 37 39 &
1875 3960 81 37 co.,
1987 3950 90 39 inc.

161 4004 189 49 (34-65)
