2582 4453
1266 4160 101 49 544

311 459 279 65 Herbert,
619 458 154 53 Alan
800 457 263 56 Patrick.

382 536 352 70 Misleading
763 555 168 36 cases.
1013 536 366 67 [Instalment
1409 539 47 63 1]

398 613 84 47 (In,
507 608 185 51 Punch,
721 622 45 29 v.
795 609 102 48 184,
924 621 79 30 no.
1032 609 135 48 4787,
1198 606 122 53 Apr.
1349 607 42 50 5,
1421 607 145 51 1933)

319 665 2020 53 © 1c. June 1, 1933; A ad int. 17848; pubd. Apr. 5; A. P. Herbert, London.
314 772 281 67 Herring,
624 773 156 54 John
811 771 415 65 Woodbridge,
1258 776 174 51 1891-

385 850 190 56 Social
610 850 286 71 planning
933 851 113 52 and
1084 850 166 53 adult
1285 848 322 67 education,
1643 846 74 70 by
1753 845 158 56 John
1947 848 89 54 W.
2075 842 262 71 Herring

373 928 1470 71 … New York, The Macmillan company, 1933.
386 1018 31 28 x
449 1017 58 38 p.,
538 1008 23 37 1
615 1037 22 16 l.,
669 1006 86 40 138
783 1016 43 38 p.
888 1005 154 48 diagr.
1105 1003 58 41 19½
1193 1005 44 21 cm
1243 1034 7 9 .

387 1065 130 40 “The
552 1063 204 42 Chester
789 1065 180 45 county
1013 1058 414 52 (Pennsylvania)
1470 1058 190 50 project
1697 1058 72 50 [is]
1806 1056 252 41 described
2093 1056 96 40 and
315 1066 2004 103 analyzed

485 1123 49 39 in
567 1122 100 41 this
698 1119 550 50 report.”—Foreword.

321 1177 52 52 ©
403 1181 114 48 Apr.
546 1181 68 46 18,
643 1178 143 46 1933;
816 1177 69 43 2c.
913 1180 97 39 and
1038 1177 83 41 aff.
1151 1178 114 47 Apr.
1294 1175 84 48 19;
1409 1176 41 39 A
1479 1174 171 48 62181;
1683 1172 284 42 Macmillan
1996 1181 69 32 co.

399 1238 283 50 (33-10138)

312 1343 232 66 Horler,
572 1344 259 65 Sydney.

383 1422 140 54 Lass
552 1422 63 53 of
643 1422 251 52 fortune.
977 1420 365 68 [Instalment
1369 1422 49 64 2]

397 1498 79 48 (In
510 1493 224 51 Tit-bits,
767 1493 122 51 Apr.
922 1494 41 49 8,
999 1491 145 51 1933)

320 1547 2001 111 © 1c. May 29, 1933; A ad int. 17839; pubd. Apr. 1; S. Horler, Bournemouth,
602 1612 238 48 England.

310 1713 309 66 Howland,
649 1714 229 55 Hewitt
907 1716 267 61 Hanson,
1205 1717 173 50 1863-
1595 1729 181 52 comp.

385 1795 228 53 Humor
644 1793 77 70 by
752 1798 145 64 vote,
929 1794 97 52 the
1055 1798 188 47 voters
1274 1791 201 70 being:
1507 1791 223 69 George
1761 1789 146 69 Ade,
1938 1788 149 54 Ellis
2117 1787 223 55 Parker

315 1867 2026 75 Butler, Irvin S. Cobb … [and others] Compiled by Hewitt
313 1955 79 53 H.
422 1953 310 54 Howland.
809 1952 140 53 New
980 1952 181 68 York,
1190 1952 68 52 R.
1289 1951 79 54 M.
1399 1949 281 54 McBride
1708 1952 46 50 &
1782 1966 302 52 company,
2114 1951 153 51 1933.

386 2029 103 40 xvii
517 2040 58 37 p.,
605 2029 24 39 1
681 2060 22 16 l.,
733 2028 87 40 274
849 2038 42 38 p.
953 2027 130 40 illus.
1111 2027 135 48 (incl.
1277 2025 243 48 facsims.)
1589 2025 55 39 21
1649 2027 44 21 cm
1699 2057 9 9 .

385 2089 41 38 A
451 2086 255 42 collection
732 2085 52 41 of
809 2086 82 40 the
915 2085 215 41 favorite
1155 2085 174 39 humor
1354 2083 52 42 of
1429 2084 202 40 modern
1656 2081 311 43 authorities.

319 2142 52 52 ©
404 2147 115 47 Apr.
552 2146 70 47 15,
654 2144 142 48 1933;
832 2145 69 40 2c.
935 2145 96 39 and
1066 2143 83 41 aff.
1183 2144 115 47 Apr.
1330 2142 83 48 22;
1450 2143 43 39 A
1525 2142 171 48 61435;
1734 2143 61 40 H.
1830 2143 60 38 H.
1928 2142 257 48 Howland,
2222 2142 117 41 New

387 2204 146 39 York.
604 2202 283 49 (33-10235)

311 2305 291 55 Institute
659 2307 64 53 of
778 2305 371 66 citizenship,
1207 2306 221 68 Emory
1483 2305 340 69 university,
1878 2305 264 54 Atlanta.
2216 2302 120 70 6th,

385 2389 153 52 1933.

386 2464 208 53 Public
632 2463 238 69 opinion
911 2465 113 52 and
1062 2464 96 53 the
1199 2482 187 49 press;
1431 2464 292 53 addresses
1764 2464 113 53 and
1919 2463 316 54 discussion
2276 2468 57 48 at

316 2542 97 53 the
454 2542 156 53 sixth
654 2544 220 66 Emory
915 2542 276 53 Institute
1234 2542 63 54 of
1340 2542 341 68 citizenship
1726 2543 112 52 and
1883 2542 251 68 Georgia
2177 2560 158 49 press

315 2620 283 69 institute,
637 2621 301 67 February
979 2620 292 68 7th-10th,
1314 2624 153 64 1933,
1508 2621 191 53 edited
1743 2621 75 68 by
1858 2620 208 56 Cullen
2107 2622 229 67 Bryant

317 2697 2018 69 Gosnell … and Raymond Blalock Nixon … Atlanta, Ga.,
314 2776 779 69 Emory university [ c 1933]
391 2853 84 38 177
501 2863 42 37 p.
599 2850 55 41 23½
689 2853 43 21 cm
737 2884 8 7 .

321 2905 52 53 ©
409 2910 114 48 Apr.
560 2910 68 46 14,
664 2907 140 44 1933;
841 2909 68 40 2c.
945 2909 96 41 and
1078 2907 83 41 aff.
1198 2907 114 49 Apr.
1349 2909 82 47 17;
1469 2907 41 41 A
1546 2908 172 49 62177;
1758 2910 179 48 Emory
1974 2908 146 49 univ.,
2158 2909 180 50 Emory

390 2967 298 48 University,
722 2967 84 40 Ga.
879 2965 252 49 (33-9943)

310 3067 160 53 Iowa
500 3070 113 52 and
647 3070 188 52 North
868 3075 241 46 western
1142 3069 205 69 digest,
1378 3068 269 71 covering
1680 3071 77 52 all
1789 3089 151 36 cases
1973 3072 266 68 reported
2273 3071 61 53 in

383 3149 160 53 Iowa
579 3153 241 65 reports,
855 3150 189 53 North
1080 3153 241 48 western
1356 3154 276 63 reporter,
1668 3150 113 53 and
1818 3152 76 51 all
1932 3151 62 52 of
2029 3151 97 53 the
2158 3151 174 53 north

383 3234 239 46 western
659 3234 175 46 states
866 3233 224 63 reports
1125 3227 155 54 from
1314 3229 95 52 the
1444 3229 229 54 earliest
1706 3229 184 68 times,
1925 3231 141 53 with
2101 3238 230 48 current

383 3306 347 56 cumulative
759 3306 206 70 pocket
992 3307 212 54 service
1232 3307 249 70 keeping
1508 3309 116 53 this
1654 3309 190 69 digest
1870 3311 213 67 always
2111 3315 58 48 to
2199 3311 133 53 date

446 3385 1883 71 … Compiled and edited by the publisher’s editorial staff,
383 3464 1513 72 v. 30-32. St. Paul, West publishing co. [ c 1933]
384 3541 30 39 3
440 3552 42 28 v.
540 3539 61 41 26
601 3542 43 21 cm
651 3572 8 7 .

654 3607 118 29 CONTENTS.—v.
818 3595 74 42 30.
937 3597 518 48 Pleading-Principal
1502 3601 95 38 and
1645 3602 294 46 surety.—v.
1983 3599 74 42 31.
2102 3599 232 42 Prisons-

318 3653 383 40 Railroads..—v.
735 3653 74 41 32.
841 3654 405 48 Rape-Robbery.

318 3705 51 54 ©
402 3711 113 48 Apr.
546 3710 70 48 25,
647 3709 141 44 1933:
820 3710 65 42 2c.
918 3711 117 40 each
1068 3713 94 39 and
1228 3712 77 41 affs.
1337 3713 114 47 May
1483 3714 81 46 11;
1598 3714 40 38 A
1669 3713 349 45 61695-61697;
2053 3716 139 40 West
2220 3717 110 48 pub.

389 3780 67 29 co.

310 3872 279 67 Jastrow,
619 3875 199 64 Ignaz,
850 3880 172 49 1856-

459 3953 1869 66 Weltgeschichte in einem band, von dr. J. Jastrow … Mit
311 4031 1504 71 zwei ü bersichtskarten. Berlin, Ullstein [ c 1932]
