2484 4405
1164 4066 133 49 1881

229 421 203 65 Kurtz,
463 422 316 64 Benjamin
811 421 275 64 Putnam,
1124 421 169 53 1877-

300 498 367 68 The-pursuit
700 497 62 52 of
789 497 197 65 death;
1018 518 26 32 a
1079 498 169 67 study
1278 496 63 53 of
1371 496 272 68 Shelleys
1673 502 217 63 poetry,

231 496 1967 146 by Benjamin P. Kurtz … New York, Oxford university press. 1933.
298 646 116 47 xxii,
443 646 87 41 339
556 657 41 37 p.
655 647 54 38 24
713 648 42 21 cm
762 678 7 7 .

233 703 1994 51 © Oct. 5, 1933; 2c. and aff. Oct. 19: A 65714: Oxford univ. press, New
298 764 142 40 York.
471 765 90 38 inc.
633 763 279 48 (33-31088)

231 854 258 64 Ladoux,
523 854 276 64 Georges,
833 852 172 54 1875-

363 930 1867 69 … L’espionne de l’empereur; scènes de guerre secrète, 1913-
235 1009 1697 68 1933 … Paris, Librairie des Champs- É lysées [ c 1933 ]
299 1082 1927 49 2 p. l., [7]-254 p., 1 l. 19 cm . (On cover: Mémoires de guerre secrète.
293 1148 7 32 IV)

303 1199 62 37 At:
394 1198 122 38 head
545 1199 51 37 of
624 1197 108 39 title:
791 1196 356 40 Commandant
1175 1197 214 39 Ladoux.

301 1262 208 47 Imprint
536 1272 61 29 on
624 1272 140 29 cover:
822 1262 154 46 Paris,
1009 1251 222 50 Éditions
1261 1262 64 39 du
1355 1262 217 47 Masque.

235 1314 1996 52 © Mar. 15. 1933; 1c. May 10: A-Foreign 21171; G. Ladoux, Cannes,
302 1376 197 39 France.
571 1375 279 47 (33-20266)

231 1462 236 68 Lipsky,
501 1467 243 60 Abram,
780 1470 170 49 1872-

305 1540 1866 70 Martin Luther. Germany's angry man, by Abram Lipsky …
235 1620 133 53 with
411 1620 131 51 four
582 1620 428 67 reproductions
1048 1620 53 51 in
1144 1620 503 53 black-and-white
1688 1619 150 52 from
1877 1621 204 66 prints,
2121 1618 107 55 and

231 1717 67 32 an
335 1698 181 55 index.
589 1698 130 51 New
761 1697 173 54 York.
972 1697 303 54 Frederick
1311 1698 68 55 A.
1414 1697 200 54 Stokes
1648 1715 296 51 company,
1979 1700 149 50 1933.

303 1770 957 47 xv p., 1 l., 30.7 p. front., ports. 22½cm.
306 1828 341 46 Bibliography:
712 1838 27 36 p
783 1826 215 40 297-300.

235 1883 1916 52 © Oct. 19. 1933; 2c. and aff. Oct. 21: A 65760; A. Lipsky, New York.
310 1945 278 47 (33-31431)

234 2033 339 67 Lockwood,
603 2035 193 54 Lewis
823 2036 245 63 Byford,
1102 2038 171 50 1908-

362 2113 1868 68 … A study of the physiology of Penicillium javanicum van
237 2191 221 67 Beijma
505 2191 139 52 with
688 2191 208 67 special
943 2191 286 53 reference
1273 2200 56 44 to
1373 2193 95 51 the
1513 2193 341 66 production
1899 2191 63 54 of
2008 2192 88 52 fat,
2156 2193 73 66 by

233 2268 1995 69 Lewis Bvford Lockwood … Washington, D. C., The Catholic
235 2346 313 67 university
578 2347 64 51 of
671 2347 281 66 America,
987 2351 148 50 1933.

309 2419 1922 48 4 p. l., 35 p., 1 l. pl. 23 cm . (The Catholic university of America.
237 2473 264 49 Biological
534 2476 164 40 series,
759 2487 73 29 no.
867 2476 80 48 13)

308 2532 171 40 Thesis
517 2533 15 48 (PH.
705 2531 307 48 D.)—Catholic
1041 2533 272 48 university
1342 2534 52 39 of
1421 2533 237 41 America.

307 2588 155 43 Vitae.

310 2646 305 40 “Literature
643 2647 154 40 cited”:
858 2657 42 38 p.
928 2647 159 41 31-35.

237 2699 1994 53 © Dec. 5, 1933; 2c. and aff. Dec. 12; A 68476; Catholic univ. of America.
312 2761 220 47 (34—392)

236 2850 292 66 McElroy,
561 2852 275 54 Clarence
865 2854 82 63 L.,
981 2856 171 49 1903-

307 2928 304 54 Seventeen
668 2928 140 68 days
863 2928 58 53 in
978 2929 93 54 the
1128 2926 262 56 Mexican
1445 2928 215 69 jungle,
1716 2929 34 52 by
1847 2928 268 55 Clarence
2170 2929 62 52 L.

235 3005 1898 70 McElroy … Greenfield, Inch, The Mitchell company, 1933.
308 3076 81 40 172
419 3087 43 38 p.
524 3079 169 46 plates,
727 3084 162 41 ports.,
922 3089 124 36 map.
1111 3078 53 40 19
1167 3080 43 21 cm
1217 3110 7 8 .

239 3133 1982 111 © Oct. 6, 1933; 2c. Oct. 16: aff. Oct. 18: A 66682; C. L. McElroy, Medaryville, Ind. (33-31444)
234 3270 368 66 McFarland,
643 3273 151 64 Carl,
835 3275 163 49 1904-

305 3349 253 53 Judicial
602 3351 217 51 control
861 3349 65 53 of
965 3350 95 53 the
1102 3351 243 52 Federal
1386 3351 162 51 trade
1589 3350 358 53 commission
1990 3351 110 52 and
2141 3349 94 53 the

237 3427 306 53 Interstate
596 3445 304 35 commerce
952 3427 377 66 commission,
1382 3430 335 62 1920-1930;
1773 3446 29 34 a
1852 3427 385 68 comparative

236 3504 170 65 study
437 3505 57 51 in
525 3505 94 51 the
649 3505 271 53 relations
949 3503 65 54 of
1041 3511 188 46 courts
1258 3510 57 47 to
1346 3504 458 54 administrative
1833 3505 404 64 commissions,

236 3581 73 54 by
353 3580 129 55 Carl
525 3581 370 54 McFarland.
992 3581 364 68 Cambridge,
1394 3582 274 53 Harvard
1706 3582 319 68 university
2064 3601 174 50 press.

239 3661 148 50 1933.

306 3730 80 44 vii,
413 3731 85 40 214
522 3741 43 38 p.
761 3763 7 7 24½cm.
841 3731 299 49 (Half-title:
1166 3732 229 40 Harvard
1421 3730 186 44 studies
1631 3733 49 40 in
1708 3731 395 43 administrative
2128 3735 107 43 law,

238 3789 86 38 vol.
356 3790 52 37 v)

306 3844 318 41 “References
657 3846 93 39 and
782 3844 320 41 authorities”:
1162 3855 42 38 p.
1238 3843 245 51 [189]-208.

241 3897 1995 51 © Oct. 16. 1933; 2c. and aff. Oct. 21: A 65730; President and fellows of
306 3958 229 40 Harvard
566 3960 191 44 college.
790 3958 299 47 Cambridge,
1123 3960 145 38 Mass.
1340 3959 279 48 (33-31456)
