2540 4453
1098 4072 103 53 437

117 436 331 65 Roosevelt,
479 432 300 65 Nicholas,
813 434 173 51 1893-

191 515 122 53 The
359 510 384 70 Philippines,
791 527 32 35 a
867 511 253 50 treasure
1166 503 113 54 and
1329 522 32 33 a
1408 500 274 68 problem,
1728 497 74 68 by
1848 495 271 54 Nicholas

121 592 319 54 Roosevelt.
511 588 141 53 New
690 585 180 68 York,
910 584 166 55 Sears
1114 579 337 70 publishing
1489 594 297 50 company,
1827 578 153 49 1933.

193 660 484 53 xii, 315 p. 19 ½ cm.
127 716 1999 68 © Mar. 15, 1933; 2c. Mar. 18; aff. Mar. 1 7; A 61091; Sears pub. co., inc.
203 791 252 51 (33-8281)

121 898 319 64 Saponaro,
468 891 267 65 Michele,
765 895 172 51 1885-

257 957 1866 78 … Paolo e Francesca; romanzo. [Milano] A. Mondadori
149 1054 154 66 [1930]

199 1125 28 38 2
252 1135 44 38 p.
345 1155 24 17 l.,
400 1121 175 52 [7]—269
599 1131 59 38 p.,
687 1120 24 39 1
759 1151 9 8 l.
829 1118 116 41 19cm.

131 1192 51 54 ©
215 1197 117 38 Nov.
363 1193 70 49 26,
465 1191 117 43 1930;
699 1223 8 8 1c.
741 1188 111 43 Feb.
884 1190 39 46 8,
956 1188 113 40 1933;
1131 1183 312 49 A-Foreign
1475 1183 143 41 19625;
1682 1182 126 43 Casa
1870 1181 175 42 editrice
2077 1182 52 38 A.

200 1249 302 43 Mondadori.
572 1245 251 52 (33-8826)

126 1353 291 66 Simonds,
447 1352 198 53 Frank
675 1349 277 64 Herbert,
983 1350 170 53 1878-

200 1432 121 53 The
358 1430 56 53 A
450 1432 50 51 B
538 1429 48 55 C
623 1428 64 53 of
724 1445 119 36 war
876 1426 161 53 debts
1074 1425 114 53 and
1224 1425 96 52 the
1355 1440 168 37 seven
1558 1423 248 67 popular
1844 1419 287 55 delusions

131 1508 172 54 about
334 1507 172 68 them,
540 1507 76 66 by
650 1504 198 55 Frank
883 1504 77 52 H.
997 1502 286 57 Simonds.
1351 1500 141 55 New
1526 1500 164 53 York
1723 1500 113 54 and
1871 1498 259 66 London,

130 1585 232 70 Harper
392 1588 53 50 &
477 1584 277 64 brothers,
791 1585 150 49 1933.

205 1659 53 41 xi
283 1670 60 38 p.,
371 1659 26 40 1
444 1689 24 16 l.,
495 1657 56 40 66
575 1668 44 38 p.
678 1654 118 42 21cm.

207 1715 164 41 “First
402 1712 229 44 edition.”

137 1783 53 55 ©
215 1790 122 38 Mar.
360 1789 69 45 31,
455 1785 112 41 1933;
622 1785 69 40 2c.
715 1784 95 41 and
835 1782 83 41 aff.
942 1781 101 49 Apr.
1081 1782 28 40 4;
1162 1782 40 38 A
1228 1780 143 41 60894;
1427 1780 51 41 F.
1505 1781 61 39 H.
1596 1778 237 50 Simonds,
1863 1778 275 49 Snowville,

204 1846 57 39 N.
290 1846 61 38 H.
421 1841 250 51 (33-8082)

133 1946 214 67 Smith,
375 1946 293 55 Webster.

205 2026 122 53 The
364 2021 291 71 Kingfish,
694 2041 34 33 a
764 2019 326 71 biography
1127 2019 66 54 of
1230 2021 174 66 Huey
1438 2021 68 52 P.
1545 2021 182 65 Long,
1763 2018 76 68 by
1877 2018 260 55 Webster

138 2103 205 57 Smith.
419 2102 137 53 New
594 2101 162 53 York
790 2104 45 50 &
869 2099 257 68 London,
1162 2099 69 55 G.
1267 2100 65 51 P.
1368 2098 297 53 Putnam’s
1701 2115 146 49 sons,
1885 2102 149 49 1933.

207 2176 87 41 286
328 2186 43 38 p.
433 2174 117 42 21cm.

143 2243 51 55 ©
225 2250 125 37 Mar.
374 2249 69 45 31,
474 2246 112 42 1933;
644 2246 68 40 2c.
742 2246 95 40 and
867 2244 82 42 aff.
979 2245 114 47 Apr.
1122 2243 27 40 4;
1209 2244 40 38 A
1278 2242 142 41 60901;
1484 2243 53 40 G.
1567 2244 51 39 P.
1649 2242 252 41 Putnam’s
1931 2252 125 31 sons.

219 2304 251 51 (33-8251)

138 2406 188 54 South
360 2410 222 50 eastern
615 2410 272 64 reporter.
966 2402 167 56 Cases
1169 2403 214 70 argued
1419 2403 111 53 and
1564 2402 353 56 determined
1951 2404 59 52 in
2043 2404 97 53 the

212 2484 276 70 Supreme
521 2490 188 48 courts
742 2484 63 53 of
840 2485 234 67 appeals
1110 2483 63 53 of
1207 2481 271 71 Virginia
1513 2484 112 52 and
1658 2484 160 55 West
1851 2482 289 70 Virginia,

212 2562 276 71 Supreme
517 2570 188 48 courts
732 2562 64 54 of
826 2563 187 54 North
1045 2562 272 56 Carolina
1348 2562 112 53 and
1493 2564 181 55 South
1706 2562 290 69 Carolina,
2027 2564 112 53 and

213 2641 277 71 Supreme
524 2650 160 47 court
722 2642 112 53 and
871 2644 179 54 Court
1086 2640 64 54 of
1186 2642 235 67 appeals
1456 2641 63 53 of
1554 2641 269 70 Georgia,
1858 2642 141 52 with
2032 2641 110 67 key

209 2721 237 53 number
514 2719 380 55 annotations,
969 2739 52 35 v.
1091 2722 115 52 166.
1282 2719 335 70 November,
1688 2721 454 71 1932-January,

214 2803 150 50 1933.
443 2798 81 57 St.
556 2802 165 65 Paul,
750 2801 160 55 West
940 2798 336 71 publishing
1305 2818 98 48 co.,
1436 2803 150 49 1933.

214 2875 96 47 xvi,
339 2874 88 41 988
457 2885 42 38 p.
557 2874 116 40 26cm.

150 2939 51 54 ©
232 2947 126 37 Mar.
385 2945 68 47 16,
483 2944 113 41 1933;
655 2944 68 40 2c.
753 2944 114 49 Apr.
897 2944 56 39 14;
1013 2943 82 42 aff.
1125 2944 115 47 Apr.
1271 2944 54 39 15;
1385 2944 41 39 A
1457 2943 143 41 62077;
1661 2943 135 42 West
1827 2945 109 47 pub.
1967 2956 68 30 co.

145 3100 297 58 Southern
478 3107 273 66 reporter.
828 3103 167 54 Cases
1032 3105 215 69 argued
1283 3104 112 52 and
1428 3103 352 56 determined
1814 3105 61 52 in
1908 3106 96 51 the

215 3103 1905 148 Supreme
450 3189 187 48 courts
680 3183 62 54 of
784 3184 300 68 Alabama,
1127 3183 256 68 Florida,
1425 3183 327 71 Louisiana,
1793 3182 350 71 Mississippi

219 3262 112 52 and
366 3261 96 56 the
499 3261 207 55 Courts
742 3261 63 54 of
840 3264 206 66 appeal
1080 3263 63 53 of
1176 3262 285 54 Alabama
1497 3264 111 51 and
1643 3263 328 69 Louisiana,
2005 3264 140 52 with

215 3339 109 69 key
347 3340 239 54 number
613 3340 379 56 annotations,
1068 3357 51 38 v.
1150 3344 112 49 144.
1338 3342 327 69 December,
1693 3342 454 69 1932-January,

221 3421 150 49 1933.
448 3417 83 56 St.
559 3421 166 65 Paul,
753 3420 159 55 West
941 3419 335 71 publishing
1305 3439 97 50 co.,
1435 3425 150 49 1933.

222 3492 134 46 xviii,
385 3493 89 39 999
499 3503 43 37 p.
598 3493 146 41 26½cm.

157 3543 51 54 ©
238 3550 121 40 Mar.
389 3550 68 46 15,
487 3549 140 48 1933;
659 3550 25 38 2CI
762 3550 112 49 Apr.
906 3551 81 46 14;
1021 3550 80 41 aff.
1133 3550 113 49 Apr.
1277 3551 82 47 15;
1392 3553 40 39 A
1462 3552 170 46 62071;
1665 3552 135 42 West
1830 3552 109 48 pub.
1971 3561 67 32 co.

152 3705 188 56 South
389 3714 239 49 western
674 3714 273 64 reporter.
1025 3709 218 57 Second
1291 3710 185 55 series.
1554 3712 167 55 Cases
1773 3714 213 67 argued
2037 3713 112 53 and

225 3785 350 56 determined
615 3788 60 52 in
715 3789 95 53 the
855 3788 275 69 Supreme
1171 3796 189 47 courts
1402 3790 63 53 of
1505 3791 313 69 Arkansas,
1860 3791 290 69 Missouri,

225 3863 326 72 Tennessee,
589 3868 111 52 and
736 3870 210 66 Texas;
986 3870 207 55 Courts
1228 3869 63 54 of
1327 3873 232 66 appeals
1595 3871 63 54 of
1693 3871 306 71 Kentucky
2037 3873 112 53 and

225 3941 300 71 Missouri;
570 3946 207 55 Courts
817 3948 64 52 of
918 3947 136 54 civil
1095 3949 113 52 and
1249 3948 264 55 criminal
1554 3951 234 67 appeals
1828 3952 113 52 and
1985 3951 164 54 Com-
