2568 4328
1154 4046 66 48 31

176 417 347 65 Townsend,
552 417 284 64 Annette,
870 419 172 51 1884-

246 506 122 55 The
394 505 331 69 Auchmuty
754 504 207 70 family
990 504 63 54 of
1080 502 274 58 Scotland
1382 505 113 53 and
1523 499 283 71 America,
1831 500 75 69 by
1935 498 251 55 Annette

177 583 320 57 Townsend
528 628 56 11 …
649 583 138 54 New
815 582 179 69 York,
1019 582 124 54 The
1167 580 253 56 Grafton
1446 599 159 51 press
1711 582 102 50 [c1932]

246 662 1940 59 xxxviii p., 1 l., 215 p. front., plates, ports., facsims., coat of arms.
175 727 58 40 24½
265 729 44 22 cm
313 760 10 8 .

249 797 155 48 “Only
439 796 95 41 five
570 797 223 41 hundred
830 795 160 49 copies
1028 795 53 42 of
1118 794 100 42 this
1256 794 124 43 book
1417 796 127 40 have
1579 796 120 40 been
1738 794 195 51 printed
1971 795 97 40 and
2104 795 83 40 the

177 856 114 48 type
323 852 340 43 distributed.”

183 923 52 54 ©
264 928 112 41 Dec.
403 929 69 41 17.
502 926 141 49 1982;
673 928 66 39 2c.
768 927 96 41 and
892 926 83 41 aff.
1003 927 110 40 Jan.
1142 926 70 48 11,
1242 923 141 50 1933;
1413 926 41 39 A
1485 925 144 41 57866;
1688 924 211 43 Grafton
1927 934 152 40 press.

261 983 252 50 (33-1301)

179 1100 276 67 Virginia
482 1106 161 50 state
670 1103 108 53 bar
806 1101 379 56 association.

250 1192 384 71 Proceedings
675 1195 62 53 of
776 1195 96 53 the
912 1194 350 67 forty-third
1302 1196 213 51 annual
1555 1193 252 71 meeting
1850 1236 57 10 …
1949 1193 137 54 held
2127 1198 60 49 at

179 1273 97 53 the
327 1275 139 53 New
520 1271 371 57 Chamberlin
939 1274 173 67 hotel,
1164 1272 115 56 Old
1331 1272 180 54 Point
1562 1272 285 69 Comfort,
1896 1272 291 71 Virginia,

180 1349 233 72 August
441 1356 29 48 5
505 1353 113 52 and
650 1356 49 64 6,
732 1354 151 52 1932.
960 1352 215 53 Edited
1206 1353 76 68 by
1316 1352 230 56 Cassius
1577 1354 82 53 M.
1693 1352 350 70 Chichester,
181 1367 1982 135 secretary.
465 1430 343 70 Richmond,
840 1431 324 54 Richmond
1196 1449 175 52 press,
1400 1431 128 69 inc.,
1562 1434 153 51 1932.

255 1517 1053 54 3 p. l., [5]-372. p. front., ports. 22½ cm .
186 1582 53 55 ©
266 1587 111 44 Dec.
405 1589 70 47 15,
503 1588 143 49 1932;
674 1588 68 43 2c.
768 1588 112 44 Jan.
906 1589 69 49 10,
1002 1588 143 50 1933;
1176 1589 82 43 aff.
1289 1592 111 40 Jan.
1426 1591 84 48 11;
1541 1591 43 40 A
1609 1591 172 48 57881;
1812 1588 223 51 Virginia
2063 1593 130 39 state

252 1645 90 41 bar
370 1656 131 31 assn.

181 1765 250 65 Welton,
460 1765 236 54 Arthur
723 1767 282 65 Dorman,
1038 1767 170 56 1867-

249 1856 112 54 Mr.
395 1855 170 56 Weld
597 1856 217 69 retires,
844 1857 76 69 by
950 1857 228 53 Arthur
1209 1858 73 53 D.
1312 1858 250 55 Welton.
1637 1859 139 53 New
1809 1857 180 71 York,
2024 1860 168 56 Sears

180 1932 1042 72 publishing company, inc. [ c 1933]
252 2020 526 51 2 p. l., 293 p. 20 cm .
187 2085 52 54 ©
273 2090 111 42 Jan.
417 2092 42 48 3,
493 2090 143 50 1983;
672 2092 69 42 2c.
776 2093 110 41 Jan.
921 2095 54 46 7;
1011 2093 83 42 aff.
1129 2094 111 42 Jan.
1275 2094 54 49 6;
1365 2095 44 40 A
1442 2096 173 48 57821;
1655 2096 148 42 Sears
1837 2098 109 48 pub.
1982 2108 84 38 co.,
2101 2097 93 42 inc.

264 2146 254 51 (33-1354)

183 2262 307 69 Williams,
519 2267 222 65 Joseph
771 2266 175 67 John,
978 2270 170 55 1875-

253 2342 266 55 Voodoos
557 2346 114 52 and
708 2345 234 70 obeahs;
984 2348 203 67 phases
1224 2347 65 55 of
1323 2351 163 54 West
1521 2351 173 53 India
1732 2351 348 70 witchcraft,
2118 2354 72 68 by

182 2418 218 71 Joseph
429 2424 56 54 J.
518 2424 290 56 Williams
842 2469 57 10 …
978 2426 141 54 New
1151 2427 179 69 York,
1360 2430 65 52 L.
1458 2430 355 69 MacVeagh,
1846 2430 138 54 Dial
2017 2450 175 49 press,

182 2500 128 69 inc.,
343 2505 153 51 1932.

254 2586 710 53 xix p., 1 l., 257 p. 23½ cm .
254 2657 380 52 Bibliography:
665 2673 44 37 p.
736 2661 221 44 237-248.

190 2727 51 53 ©
271 2731 111 42 Dec.
411 2734 70 46 24,
510 2732 114 42 1932;
682 2735 68 40 2c.
781 2735 109 41 Jan.
922 2736 39 47 6,
991 2736 142 49 1933;
1165 2737 84 42 aff.
1280 2738 110 42 Jan.
1419 2738 55 49 9;
1506 2739 43 40 A
1578 2740 171 47 57830;
1784 2741 45 42 J.
1859 2742 45 41 J.
1935 2740 256 50 Williams,

259 2788 241 43 Chestnut
525 2790 118 50 Hill,
671 2792 147 42 Mass.
890 2792 252 51 (33-2130)

185 2898 241 66 Wilson,
456 2900 211 67 Grove,
700 2907 173 52 1883-

257 2987 267 57 Sneckles
555 2991 65 53 of
648 2992 297 71 Mowbrey
974 3000 190 64 street,
1195 2997 76 69 by
1302 2996 190 56 Grove
1521 2997 254 69 Wilson;
1810 2999 384 58 illustrations

185 3065 76 70 by
285 3065 155 57 Gene
467 3068 163 55 Carr.
698 3104 14 34 c
716 3071 140 55 New
882 3072 181 70 York,
1089 3074 116 70 Big
1230 3075 234 54 brother
1490 3083 340 64 movement,
1857 3079 129 69 inc.,
2010 3086 20 21 c
2035 3082 154 66 1932]

258 3152 68 49 94,
373 3156 44 49 [2]
446 3165 46 38 p.
552 3156 130 42 illus.
740 3157 57 43 18½
828 3161 47 22 cm
876 3190 12 11 .

262 3222 128 43 “The
416 3225 126 41 aims
568 3228 97 39 and
690 3228 81 41 the
800 3229 144 48 spirit
969 3230 52 41 of
1047 3232 84 40 the
1156 3231 95 49 Big
1276 3231 199 43 brother
1504 3236 274 40 movement
1804 3246 86 31 are
1916 3236 201 50 typified
2143 3237 51 42 in

186 3279 99 42 this
315 3281 517 48 story.”—Foreword.

192 3347 51 52 ©
271 3351 110 41 Jan.
407 3354 41 48 3,
474 3353 142 50 1933;
644 3355 69 43 2c.
739 3358 111 41 Jan.
875 3359 55 47 4;
959 3359 83 41 aff.
1070 3360 111 43 Jan.
1208 3361 26 40 6;
1290 3362 41 40 A
1359 3364 172 47 57756;
1562 3364 94 48 Big
1680 3364 203 43 brother
1907 3367 286 48 movement,

258 3407 105 51 inc.,
389 3410 118 40 New
532 3412 143 40 York.
747 3413 252 51 (33-2121)

187 3525 240 67 Wilson,
458 3530 195 65 Mona,
688 3533 172 54 1872-

258 3600 194 65 Queen
485 3606 326 72 Elizabeth,
842 3611 78 67 by
950 3611 177 55 Mona
1159 3614 241 56 Wilson.
1470 3617 139 54 New
1647 3618 180 67 York,
1862 3620 72 52 D.
184 3617 1980 121 Appleton
311 3683 113 53 and
455 3702 298 52 company,
782 3691 153 52 1933.

261 3775 42 40 v,
341 3767 99 50 184,
481 3770 56 50 [1]
573 3782 44 37 p.
682 3773 150 44 front.
862 3775 171 49 (port.)
1102 3778 56 41 20
1163 3781 43 21 cm
1209 3810 10 9 .
1283 3781 253 50 [Appleton
1572 3783 324 52 biographies]

261 3836 444 55 “Bibliographical
731 3845 140 41 note”
890 3858 11 29 :
930 3859 44 37 p.
1000 3849 221 42 179-[180]

191 3905 51 52 ©
273 3911 111 41 Jan.
413 3912 39 48 6,
482 3911 142 50 1933;
655 3915 68 41 2c.
753 3919 96 39 and
879 3918 83 42 aff.
994 3920 109 41 Jan.
1135 3921 53 48 9;
1220 3922 41 39 A
1290 3923 171 49 57844;
1496 3925 58 41 D.
1585 3926 241 49 Appleton
1857 3933 37 41 &
1923 3941 69 29 co.

267 3965 251 52 (33-1867)
