2582 4453
1314 4112 137 56 1374

374 422 525 55 Electrochemical
929 422 244 64 society.

443 502 409 52 Transactions
884 501 63 52 of
974 501 97 52 the
1104 500 509 53 Electrochemical
1643 502 229 68 society.
1949 504 243 52 Volume
2380 548 9 8 LXIII.

375 580 360 69 Sixty-third
779 582 230 66 general
1052 580 268 68 meeting,
1364 581 308 56 Montreal.
1717 581 257 67 Canada,
2015 583 140 68 May
2201 587 82 64 11,
2327 586 64 49 12

374 662 114 52 and
533 664 81 60 13,
657 662 152 51 1933.
887 659 139 53 New
1070 659 163 53 York
1274 659 103 68 city,
1449 660 122 53 The
1613 660 508 53 Electrochemical
2161 661 231 71 society,

371 741 130 66 inc.,
534 743 151 50 1933.

445 812 1752 51 xiii, 466, [4] p., 1 l. front. (port.) illus., tables, diagrs. 23½ cm .
375 868 51 52 ©
458 873 101 40 Oct.
590 872 69 39 14.
719 870 112 47 1933;
865 871 25 38 2
895 882 36 28 c.
963 870 95 39 and
1091 870 82 41 aff.
1206 872 101 38 Oct.
1340 871 82 45 16;
1455 871 42 38 A
1526 870 171 47 66637;
1733 872 432 39 Electrochemical
2198 872 195 48 society,

445 930 89 40 inc.

371 1029 380 68 Falkberget,
785 1031 214 66 Johan,
1037 1031 173 54 1879-

444 1109 365 54 Broomstick
848 1109 113 53 and
1005 1107 341 69 Snowflake,
1386 1108 154 53 from
1577 1109 97 53 the
1713 1109 346 69 Norwegian
2099 1111 63 52 of
2203 1111 191 56 Johan

372 1189 378 69 Falkberget;
805 1187 327 53 illustrated
1184 1187 73 70 by
1306 1187 187 52 Helen
1547 1187 220 55 Sewell.
1855 1188 139 53 New
2049 1188 177 70 York,
2275 1190 122 51 The

371 1269 340 54 Macmillan
747 1285 301 51 company,
1088 1270 152 50 1933.

444 1341 979 53 4 p. l., 3-88 p. front., illus. 22½ cm .
447 1403 130 39 “The
618 1400 299 42 translation
957 1409 102 31 was
1098 1401 141 39 made
1279 1399 49 39 in
1368 1399 212 48 Norway
1620 1400 60 48 by
1716 1399 154 41 Tekla
1910 1400 281 49 Welhaven,
2232 1400 162 42 edited

374 1461 52 41 in
459 1459 226 41 America
719 1459 62 47 by
815 1459 193 39 Horace
1045 1457 46 41 S.
1127 1458 176 39 Mazet.
1366 1457 101 40 The
1501 1456 211 48 original
1745 1457 293 48 Norwegian
2073 1457 185 41 edition
2295 1468 100 31 was

373 1518 258 50 published
664 1517 62 48 by
759 1517 61 39 H.
855 1515 274 48 Aschelong
1190 1533 10 30 [!]
1238 1514 127 47 Oslo,
1401 1515 154 39 under
1588 1514 82 40 the
1704 1514 109 40 title
1849 1514 173 50 ‘Magic
2057 1514 337 42 mountains’.”

377 1573 1817 54 © Sept. 26, 1933; 2c. and aff. Sept. 27: A 66279; Macmillan co.
455 1633 283 51 (33-29353)

372 1738 211 65 Favre,
617 1738 226 64 Henry,
883 1740 173 50 1901-

446 1815 410 55 Contribution
910 1815 31 51 à
992 1814 210 52 l’étude
1254 1814 96 52 des
1403 1819 267 47 courants
1721 1812 263 70 liquides,
2035 1832 107 50 par
2194 1814 203 69 Henry

374 1891 1425 69 Favre … Zurich [etc.] Rascher & cie., 1933.
447 1967 1952 51 iv, 64 p. illus., 3 pl., diagrs. 24 ½ cm. (Publications du Laboratoire de
377 2027 284 41 recherches
710 2026 353 49 hydrauliques
1112 2025 189 40 annexé
1349 2025 28 41 à
1426 2025 175 41 l'École
1649 2026 376 48 polytechnique
2074 2025 219 41 fédérale
2341 2027 57 39 de

373 2084 175 42 Zurich
563 2084 13 48 )

377 2139 2021 52 © Apr. 20, 1933; 1c. June 26; A- Foreign 21409: Rascher & cie., a.-g.,
445 2202 180 45 verlag.
699 2199 282 48 (33-29142)

376 2303 231 66 Fisher,
636 2305 138 54 Mrs.
806 2304 304 52 Dorothea
1141 2304 260 52 Frances
1433 2304 324 64 (Canfield)
1794 2305 174 53 1879-

447 2381 250 68 Bonfire,
727 2383 74 67 by
832 2383 253 68 Dorothy
1133 2380 277 57 Canfield.
1487 2384 139 52 New
1659 2383 181 68 York,
1871 2386 313 65 Harcourt,
2214 2387 180 50 Brace

378 2464 110 51 and
521 2480 281 51 company
839 2465 173 64 [1933]

443 2536 588 50 3 p. l., 3-408 p. 21 cm .
448 2594 162 41 “First
643 2594 263 49 printing.’’

379 2647 52 52 ©
465 2652 101 40 Oct.
601 2652 69 45 12,
703 2651 114 40 1933;
879 2653 67 38 2c.
980 2652 95 39 and
1109 2650 83 41 aff.
1226 2651 88 40 Oct
1392 2652 25 38 16;
1480 2651 40 38 A
1553 2650 171 41 66612:
1760 2634 263 66 Harcourt.
2059 2652 154 39 Brace
2248 2651 36 40 &
2317 2661 81 36 co.,

448 2708 91 41 inc.

374 2796 286 68 Fleisher,
689 2800 207 64 Moyer
924 2798 305 66 Springer,
1264 2804 171 50 1884-

446 2875 142 57 Role
632 2876 63 54 of
741 2876 247 56 bacteria
1038 2877 112 54 and
1197 2877 126 53 host
1369 2876 57 54 in
1473 2876 277 54 infection
1798 2878 112 52 and
1957 2876 317 69 resistance,
2321 2876 73 70 by

371 2955 202 69 Moyer
605 2955 57 55 S.
695 2956 275 57 Fleisher,
1059 2999 9 10 M.
1138 2999 9 10 D.
1240 2957 104 51 [Mt.
1378 2956 249 55 Vernon,
1659 2956 113 68 Ill.]
1808 2963 18 22 c
1832 2958 150 50 1933.

446 3029 580 48 2 p. l., 312 p. 23½ cm .
379 3085 52 52 ©
469 3090 129 48 Sept.
631 3090 69 46 15,
734 3090 141 46 1933;
911 3090 66 39 2c.
1016 3091 127 46 Sept.
1208 3091 52 37 16:
1298 3090 81 40 aff.
1417 3089 127 49 Sept.
1580 3091 83 40 25:
1699 3091 39 38 A
1773 3090 171 41 65360;
1983 3092 61 38 M.
2084 3091 44 39 S.
2164 3090 233 46 Fleisher,

448 3147 68 41 St.
548 3147 160 39 Louis.
783 3147 282 48 (33-28433)

373 3237 241 65 Forbes,
644 3239 204 53 Bertie
881 3239 265 64 Charles,
1182 3245 171 49 1880-

449 3315 318 70 Self-helps
841 3318 92 67 [by]
988 3319 68 51 B.
1107 3318 64 55 C.
1221 3319 231 52 Forbes.
1528 3319 141 52 New
1719 3319 179 65 York,
1949 3321 66 50 B.
2067 3319 63 54 C.
2180 3319 213 52 Forbes

374 3394 340 68 publishing
743 3414 79 34 co.
858 3429 12 34 [
876 3403 17 21 c
899 3398 153 65 1933]

448 3465 58 43 28
535 3479 44 38 p.
670 3468 26 41 19½cm.

379 3520 2016 56 © June 15, 1933; 2c. July 28; aff. July 6: A 64567: B. C. Forbes pub.
446 3593 65 28 co.
585 3583 283 45 (33-28382)

374 3673 228 64 Frisch,
635 3673 155 65 Eric,
823 3675 196 65 pseud.

445 3748 294 70 Arabella,
786 3771 32 34 a
864 3756 159 55 story
1071 3752 174 54 about
1293 3772 31 34 a
1370 3773 194 49 young
1609 3773 132 34 man
1789 3753 281 69 suffering
2116 3753 155 55 from
2316 3772 72 35 an

376 3828 193 52 attack
609 3828 63 54 of
710 3830 440 68 sophistication
1192 3833 110 51 and
1346 3851 72 34 an
1460 3833 270 52 overdose
1771 3833 63 53 of
1874 3833 248 53 Michael
2162 3833 228 54 Arlen’s

378 3910 277 69 fallacies,
704 3910 274 71 indulged
1027 3913 60 53 in
1135 3913 119 69 just
1300 3914 198 55 before
1542 3916 276 68 sleeping,
1865 3916 75 65 by
1985 3916 138 53 Eric
2169 3915 221 54 Frisch.

374 3988 260 69 London,
675 3990 69 53 E.
783 3991 330 68 Partridge,
1152 3993 123 67 ltd.,
1317 3999 58 46 at
1414 3994 97 53 the
1553 3994 317 55 Scholartis
1911 4013 175 50 press,
2130 3998 151 50 1933.
