2597 4403
0 0 0 0 110
420 427 165 66 Falk,
614 427 227 55 Isidore
871 428 260 64 Sydney,
1166 433 172 50 1899-

552 505 1887 70 … Organized medical service at Fort Benning, Georgia, by
419 581 1993 229 I. S. Falk, PH. D., with reports on certain phases of the organization by David Riesman … and George P. Muller … Chicago, Ill., The University of Chicago press [1932]
494 822 46 39 x,
569 812 87 41 119
681 825 45 37 p.
787 812 182 50 diagrs.
1030 813 55 40 23
1091 816 42 21 cm
1140 846 8 9 .
1216 814 361 48 (Publications
1605 816 52 41 of
1683 817 84 40 the
1795 814 289 43 Committee
2113 826 59 30 on
2202 816 83 41 the
2313 818 130 40 costs

422 872 53 39 of
500 872 211 41 medical
736 881 140 32 care:
907 882 76 31 no.
1011 871 80 48 21)

423 940 52 52 ©
503 944 120 41 Nov.
650 943 70 48 30,
749 942 142 48 1932;
921 942 66 42 2c.
1018 944 97 39 and
1142 942 81 41 aff.
1254 943 111 41 Jan.
1393 943 71 49 27,
1492 942 143 49 1933;
1666 944 43 40 A
1734 942 173 50 59170;
1939 943 286 50 University
2255 945 51 39 of
492 944 1930 106 Chicago,
653 1000 227 50 Chicago.
952 1000 253 49 (33-3265)

420 1105 276 65 Frankel,
724 1106 142 55 Mrs.
894 1106 166 53 Ruth
1096 1104 372 67 (Leipziger)
1507 1111 172 50 1895-

489 1182 208 70 Henry
744 1183 82 53 M.
874 1183 325 69 Leipziger,
1249 1184 272 52 educator
1572 1185 113 52 and
1737 1183 248 69 idealist,
2036 1183 78 70 by
2163 1184 162 53 Ruth
2375 1183 68 55 L.

419 1261 282 68 Frankel;
740 1261 142 54 with
917 1280 75 34 an
1022 1261 398 53 introduction
1451 1261 78 70 by
1561 1263 103 52 Dr.
1699 1261 159 55 John
1891 1262 80 54 H.
2007 1262 225 70 Finley.
2302 1261 142 55 New

420 1339 181 69 York,
629 1340 123 53 The
777 1339 340 54 Macmillan
1144 1358 301 52 company,
1475 1343 153 51 1933.

489 1414 93 40 xiii
606 1424 59 38 p.,
691 1415 26 40 3
764 1446 24 17 l.,
815 1413 87 41 202
927 1424 43 38 p.
1027 1413 166 49 front.,
1221 1416 152 46 ports.
1428 1413 58 40 21
1489 1415 45 22 cm
1537 1444 9 10 .

423 1468 52 52 ©
502 1473 112 42 Jan.
639 1474 69 45 31,
735 1472 114 41 1933;
906 1473 68 40 2c.
1002 1474 97 39 and
1125 1472 83 42 aff.
1236 1474 109 39 Feb.
1376 1474 52 46 1;
1458 1474 42 38 A
1527 1471 170 50 59213;
1728 1473 285 42 Macmillan
2040 1483 68 32 co.

503 1531 252 47 (33-3173)

421 1633 237 67 Friend,
689 1636 170 52 Mata
886 1636 250 54 Roman.

491 1717 1950 68 Junior home economics … by Mata Roman Friend … and
422 1795 2021 69 Hazel Shultz … illustrated by James I. Root and Anne Van
421 1874 1828 69 Nice Gale. New York, D. Appleton and company [ c 1933]
495 1949 27 39 3
552 1960 42 29 v.
656 1948 144 49 illus.,
831 1949 196 48 diagrs.,
1058 1949 170 41 forms.
1290 1949 56 41 19½
1379 1951 44 21 cm
1427 1980 10 9 .

498 2005 236 42 Contains
763 2006 398 49 bibliographies.

498 2063 184 41 Folded
709 2064 201 48 pattern
940 2065 51 38 in
1019 2065 175 48 pocket
1225 2075 61 29 on
1316 2063 160 41 inside
1508 2063 52 41 of
1590 2063 123 41 back
1742 2074 143 30 cover
1918 2063 51 41 of
2004 2083 57 30 [v.
2123 2083 10 30 1]

496 2118 406 43 Contents.—[v.
934 2120 41 51 1]
1009 2120 370 48 Clothing.—[v.
1410 2119 42 51 2]
1484 2121 270 40 Food.—[V.
1787 2119 42 51 3]
1863 2121 174 49 Living
2066 2122 51 38 in
2146 2133 88 29 our
2265 2123 180 40 homes.

426 2177 52 52 ©
507 2182 109 40 Jan.
643 2180 71 48 20,
742 2180 142 47 1933;
913 2180 67 40 2c.
1007 2179 120 41 each
1154 2179 97 39 and
1278 2178 108 40 affs.
1416 2179 110 40 Jan.
1554 2178 84 48 21;
1669 2179 40 39 A
1736 2177 350 49 58976-58978;
2119 2179 56 41 D.
2205 2179 241 49 Appleton

494 2239 37 40 &
559 2249 67 30 co.
699 2237 252 49 (33-3267)

424 2340 400 67 Galsworthy,
857 2342 175 64 John,
1070 2342 328 55 1867-1933.

495 2419 383 69 Candelabra,
920 2420 242 53 selected
1208 2438 189 49 essays
1442 2420 113 52 and
1601 2419 311 67 addresses,
1956 2419 75 67 by
2074 2419 159 54 John
426 2419 1992 147 Galsworthy.
731 2498 141 53 New
906 2499 180 66 York,
1117 2497 65 56 C.
1214 2497 316 56 Scribner’s
1560 2516 147 47 sons,
1738 2501 155 49 1933.

496 2573 103 47 viii,
631 2571 88 40 311
750 2583 44 38 p.
854 2571 58 40 21
915 2573 44 23 cm
963 2603 9 9 .

424 2626 55 52 ©
522 2630 108 40 Jan.
672 2629 71 49 20,
784 2627 143 48 1933;
969 2628 68 41 2c.
1080 2628 112 41 Feb.
1233 2628 53 47 3;
1330 2626 83 43 aff.
1455 2628 112 39 Jan.
1606 2628 83 47 31;
1732 2628 43 39 A
1814 2626 172 41 59247:
2031 2627 44 41 J.
2119 2626 326 51 Galsworthy,

495 2688 213 40 London.
781 2684 253 51 (33-3199)

424 2791 275 66 Garnett,
728 2790 213 67 David,
975 2795 173 51 1892-

423 2870 1998 150 Pocahontas; or, The nonpareil of Virginia, by David Garnett. New York, Harcourt, Brace and company [ c 1933]
493 3031 28 38 4
546 3041 43 37 p.
652 3062 8 15 l,
688 3029 87 40 344
801 3039 43 38 p.
905 3028 137 40 front.
1086 3026 175 50 (port.)
1329 3025 57 40 21
1388 3027 46 22 cm
1437 3057 10 9 .

495 3094 141 46 Maps
666 3102 61 30 on
755 3091 368 48 lining-papers.

497 3149 163 40 “First
687 3147 229 42 edition.”

429 3203 52 52 ©
522 3207 112 40 Feb.
672 3205 40 48 2,
751 3205 143 47 1933;
935 3204 68 40 2c.
1044 3206 96 39 and
1179 3202 83 42 aff.
1302 3202 112 41 Feb.
1456 3202 52 47 6;
1549 3202 42 39 A
1630 3200 171 49 59319;
1844 3202 58 40 D.
1943 3201 224 49 Garnett,
2210 3200 67 42 St.
2319 3202 124 49 Ives,

497 3262 471 50 Huntingdonshire,
1010 3262 237 47 England.
1319 3259 254 50 (33-3215)

427 3369 242 64 Garvin,
702 3368 248 55 Charles
977 3368 65 54 P.

499 3442 1944 69 Columbus to colitis, by Charles Garvin … Washington,
426 3522 860 70 D. C., C. P. Garvin [ c 1933]
497 3596 566 51 3 p. l., 5-77 p. 20 cm .
430 3665 52 52 ©
511 3670 111 38 Jan.
650 3669 69 41 25.
749 3668 113 39 1933;
921 3667 67 39 2c.
1017 3667 96 39 and
1143 3665 83 41 aff.
1255 3665 111 40 Jan.
1395 3665 83 46 31;
1509 3664 41 39 A
1578 3662 172 49 60095;
1782 3663 49 41 C.
1861 3664 49 38 P.
1943 3662 199 41 Garvin.

511 3725 253 49 (33-3198)

429 3829 293 65 Glaubitz,
753 3831 159 53 Max.

495 3908 170 53 Atlas
715 3908 100 53 der
862 3904 625 71 gärungsorganismen
1503 3925 11 47 ;
1566 3902 281 55 leitfaden
1897 3903 98 52 für
2045 3904 110 52 den
425 3902 1992 139 biologischen
632 3985 322 55 unterricht
990 3987 118 52 und
1148 3984 92 54 die
1279 3981 532 56 betriebskontrolle
1849 3981 57 53 in
1946 3982 110 52 den
2092 3984 349 66 gärungsge-
