2582 4453
1314 4125 135 56 1716

386 422 320 64 Cardigan,
743 423 278 55 Chandos
1057 423 242 64 Sydney
1337 423 208 56 Cedric
1579 424 556 66 Brudenell-Bruce,
2172 427 120 53 earl
2327 426 82 67 of,

455 504 173 50 1904-

456 580 1949 69 Amateur pilot, by the Earl of Cardigan … London & New
386 659 180 68 York,
594 662 256 52 Putnam
882 664 174 64 [1933]

460 732 1120 50 xi p., 1 l., 15-298 p. illus., plates. 22 cm .
387 802 2028 53 © 1c. Nov. 18, 1933; A ad int. 18356; pubd. Sept. 25; Chandos Sydney
454 864 175 41 Cedric
663 864 461 47 Brudenell-Bruce,
1162 865 105 39 earl
1302 864 54 41 of
1391 864 262 48 Cardigan,
1691 864 363 48 Marlborough,
2092 864 160 47 Wilts,
456 865 1942 97 England.
660 921 284 48 (33-38200)

385 1025 223 66 Childs,
638 1028 139 52 Mrs.
807 1026 188 53 Helen
1024 1027 248 56 Dornin.

453 1102 178 55 Little
657 1103 176 69 seeds,
858 1102 141 54 with
1025 1103 313 54 directions
1364 1102 95 55 for
1485 1101 361 72 “planting”,
1867 1103 76 71 by
1967 1103 189 54 Helen
2181 1102 227 55 Dornin

385 1180 2024 73 Childs … printed illustrations by Arthur Crahan Denton.
387 1261 310 70 [Oakland,
722 1261 199 70 Calif.,
943 1262 190 54 Print,
1158 1262 76 70 by
1260 1262 300 54 Edmonds
1584 1264 46 52 &
1654 1262 398 70 Bonnington,
2075 1264 129 68 inc.,
2229 1269 18 22 c
2252 1264 134 51 1933]

453 1336 789 50 4 p. l., 12-81 p. illus. 21 cm .
458 1392 175 42 Verses
675 1393 188 48 aiming
905 1395 48 39 to
999 1394 143 40 teach
1187 1393 53 41 in
1284 1393 171 49 simple
1498 1392 129 42 form
1672 1395 50 40 to
1768 1392 236 50 children,
2050 1392 131 43 little
2225 1393 187 43 lessons

383 1449 158 42 either
569 1449 245 50 spiritual,
842 1451 238 47 practical
1111 1461 54 30 or
1193 1450 229 41 fanciful,
1484 1450 61 47 cf.
1576 1450 187 42 Introd.

455 1506 228 43 Includes
715 1507 149 41 blank
895 1517 150 39 pages
1075 1508 81 40 for
1189 1507 238 49 “original
1461 1517 55 31 or
1548 1509 188 40 cut-out
1770 1507 347 47 illustrations,
2151 1509 256 47 suggested

384 1563 61 48 by
473 1565 84 41 the
589 1564 182 43 verse”.

387 1633 52 53 ©
471 1638 121 41 Nov.
623 1639 41 45 1,
696 1637 143 47 1933;
873 1638 68 40 2c.
973 1638 97 39 and
1104 1636 82 41 aff.
1220 1637 111 40 Dec.
1411 1648 9 36 6;
1455 1638 42 38 A
1528 1637 173 48 07392;
1737 1639 59 39 H.
1832 1640 56 37 D.
1925 1638 184 47 Childs,
2144 1637 270 46 Piedmont,

455 1695 146 41 Calif.
673 1694 284 49 (33-37016)

385 1799 391 55 Connecticut
828 1800 114 52 and
992 1800 266 52 Atlantic
1309 1799 204 70 digest.
1610 1803 134 49 1933
1796 1800 349 56 cumulative
2197 1801 213 53 annual

455 1878 1955 70 pocket part for vol. 36. Table of cases … St. Paul, West
454 1957 342 71 publishing
825 1977 79 36 co.
943 1992 12 34 [
960 1965 19 21 c
984 1961 134 50 1933]

451 2033 58 41 10
535 2044 44 38 p.
636 2033 56 40 25
696 2035 45 21 cm
746 2065 8 9 .

453 2090 300 43 Cover-title.

458 2148 120 41 This
602 2150 252 47 pamphlet
879 2149 42 40 is
945 2151 48 38 to
1019 2149 60 40 be
1099 2149 140 40 fitted
1265 2148 104 41 into
1395 2149 83 40 the
1502 2149 175 48 pocket
1702 2150 54 39 at
1780 2149 82 40 the
1887 2149 124 40 back
2036 2148 52 40 of
2114 2150 82 39 the
2220 2149 193 40 volume

380 2208 53 39 of
460 2207 84 40 the
571 2209 74 38 set
673 2209 49 38 to
752 2206 160 41 which
940 2206 41 41 it
1008 2207 214 48 belongs.

385 2272 52 53 ©
461 2278 120 40 Nov.
606 2277 70 48 29,
702 2276 114 41 1933;
871 2277 69 41 2c.
965 2277 96 39 and
1088 2275 82 41 aff.
1198 2277 112 40 Dec.
1337 2276 83 47 20;
1448 2276 42 39 A
1515 2275 144 42 67703;
1715 2277 137 40 West
1877 2277 109 48 pub.
2014 2288 67 29 co.

386 2382 211 66 Cooke,
627 2383 169 57 Jean.

453 2458 1959 72 Now rests that unquiet heart, by Jean Cooke … London,
381 2540 724 68 Hutchinson & co., ltd. [1933]
451 2618 26 37 4
509 2627 42 37 p.
619 2647 9 16 l,
661 2614 253 51 [xiii]-xiv,
947 2615 175 41 15-304
1152 2626 44 37 p.
1286 2612 27 42 19½c
1362 2616 28 21 m
1395 2644 9 9 .
1476 2612 378 50 (Hutchinson’s
1886 2612 271 41 first-novel
2190 2612 212 52 library)

384 2681 2006 111 © 1c. Nov. 27, 1933; A ad int. 18387; pubd. Sept. 29; J. Cooke, Birkenhead. England. (33-38440)
383 2847 272 66 Cornish,
693 2848 229 64 George
956 2846 277 57 William.

454 2925 248 55 Cornish
749 2927 63 52 of
861 2926 129 55 “the
1038 2925 218 56 Yard”.
1339 2926 369 68 [Instalment
1751 2931 50 62 3]
1881 2927 124 54 The
2049 2926 246 69 tragedy
2339 2923 64 55 of

380 3006 155 54 Vera
564 3009 176 66 Page.

461 3081 83 49 (In
573 3077 254 52 Answers,
859 3076 109 46 Oct.
998 3079 71 50 28,
1102 3077 146 51 1933)

384 3148 2022 53 © 1c. Dec. 15, 1933; A ad int. 18489; pubd. Oct. 20; G. W. Cornish,
453 3211 214 40 London.
2166 3202 151 45 11244

382 3308 562 75 Cornwallis-West,
974 3317 230 65 George
1234 3314 320 57 Frederick
1583 3313 365 67 Myddelton,
1981 3314 174 54 1874-

449 3393 303 56 Fortune’s
783 3394 338 70 favourites,
1149 3414 32 34 a
1210 3397 186 66 novel,
1422 3395 77 69 by
1529 3394 70 56 G.
1632 3393 549 56 Cornwallis-West.

377 3391 2001 143 London,
538 3472 69 56 G.
636 3475 65 51 P.
733 3474 301 55 Putnam’s
1063 3493 130 36 sons
1228 3477 175 66 [1933]

445 3548 100 46 319,
626 3568 11 30 [1]
670 3559 42 37 p.
774 3546 57 42 19
833 3552 46 21 cm
883 3581 9 9 .

381 3600 2058 54 © 1c. Dec. 11, 1933; A ad int. 18460; pubd. Oct. 16; G. Cornwallis-West, .
446 3663 213 40 London.
732 3664 261 48 (33-38442)

379 3769 162 63 Coté,
569 3766 259 57 William
858 3770 212 56 Loren.

443 3842 231 72 Village
708 3844 154 55 hand
898 3845 150 55 book
1081 3846 94 55 for
1209 3846 406 69 incorporated
1650 3844 243 71 villages
1926 3841 65 55 of
2024 3842 95 53 the
2155 3845 145 50 state
2334 3837 65 55 of

371 3919 139 54 New
541 3922 182 68 York,
753 3925 339 70 containing
1123 3924 382 55 information
1536 3923 244 70 bearing
1812 3941 71 35 on
1916 3920 215 69 village
2162 3919 236 54 finance,

371 3998 296 59 reduction
701 4002 65 54 of
797 4003 116 53 real
945 4009 279 65 property
1256 4008 385 62 assessments,
1673 4000 188 55 duties
1892 4000 114 55 and
2039 4000 144 68 duty
