2582 4453
1346 4096 102 50 656

392 399 210 67 Kirby,
630 400 207 54 James
862 400 226 64 Henry.

465 478 126 54 The
620 477 258 70 pending
906 476 161 55 crisis;
1130 495 82 48 or,
1242 476 153 54 How
1424 477 151 54 shall
1606 496 81 35 we
1716 479 167 53 settle

395 477 1996 148 the liquor question? By James H. Kirby … Boston,
1711 556 125 55 The
1863 555 383 72 Christopher
394 556 1997 149 publishing
640 637 176 52 house
850 668 14 36 [
868 641 19 22 c
892 637 154 67 1933]

464 710 58 41 86
547 721 44 38 p.
651 710 51 39 21
710 712 45 21 cm
759 740 8 9 .

401 763 51 52 ©
480 769 113 46 Apr.
622 768 69 47 25,
720 766 114 41 1933;
891 767 67 40 2c.
986 767 114 47 Apr.
1130 766 56 40 29;
1245 766 83 40 aff.
1359 767 115 48 May
1501 767 24 38 1;
1583 767 42 39 A
1652 766 146 41 62425;
1855 767 44 40 J.
1928 767 61 40 H.
2018 767 169 49 Kirby,
467 766 1933 105 Springfield,
624 826 75 38 Ill.
771 824 283 48 (33-11980)

392 925 192 67 Klein,
615 926 214 67 Philip,
860 930 173 51 1889-

469 1007 168 56 Some
677 1006 154 56 basic
870 1006 275 55 statistics
1188 1006 59 53 in
1287 1007 175 53 social
1501 1007 160 54 work
1701 1008 234 54 derived
1978 1009 152 53 from
2172 1010 135 53 data
2349 1009 65 53 of

397 1086 208 69 family
631 1086 258 69 agencies
914 1086 61 53 in
999 1087 97 52 the
1119 1085 120 70 city
1261 1085 65 56 of
1351 1087 140 53 New
1520 1087 180 68 York,
1722 1087 77 68 by
1824 1086 202 69 Philip
2051 1087 195 67 Klein,
2272 1087 140 55 with

395 1166 95 53 the
517 1165 414 56 collaboration
955 1164 66 53 of
1044 1165 161 53 Ruth
1230 1165 189 55 Voris.
1495 1165 139 54 New
1658 1166 182 67 York,
1864 1166 143 54 Pub.
2034 1164 95 55 for
2154 1167 95 52 the
2274 1167 139 54 New

397 1245 164 53 York
585 1245 191 54 school
803 1244 65 54 of
893 1245 175 53 social
1093 1244 159 54 work
1276 1244 76 69 by
1380 1243 302 57 Columbia
1709 1244 321 69 university
2058 1263 175 50 press,
2262 1249 150 53 1933.

464 1316 1951 50 xiv, 218 p., 1 l. incl. maps, diagrs., forms. 22½ cm . (Lettered on cover:
397 1376 117 40 New
539 1376 131 40 York
695 1376 164 40 school
885 1375 52 41 of
961 1376 150 40 social
1138 1375 148 40 work.
1341 1374 362 48 Publications)

401 1430 51 52 ©
486 1435 116 47 May
628 1435 39 46 1,
698 1433 113 41 1933;
870 1434 67 40 2c.
967 1434 115 48 May
1110 1435 26 37 2;
1196 1433 83 41 aff.
1312 1434 114 48 May
1455 1434 28 38 4;
1543 1434 44 39 A
1613 1433 147 40 61616;
1819 1433 253 41 Columbia
2104 1433 131 43 univ.
2266 1443 151 39 press.

478 1492 283 48 (33-11817)

393 1592 191 68 Kline,
613 1594 188 55 Linus
823 1596 200 64 Ward,
1053 1599 173 51 1866-

526 1672 1888 76 … A measuring scale for free-hand drawing, pt. II. Design
395 1752 2015 70 and composition, by Linus Ward Kline … and Gertrude L.
395 1830 200 71 Carey.
674 1831 339 69 Baltimore,
1043 1833 122 53 The
1198 1833 185 54 Johns
1417 1834 271 69 Hopkins
1719 1853 177 51 press,
1929 1839 151 52 1933.

468 1907 1948 51 3 p. l., 58 p. plates (part fold.) tables. 24½ cm . (The Johns Hopkins
398 1965 274 47 university
708 1964 187 40 studies
929 1964 50 39 in
1014 1964 277 47 education,
1328 1976 75 28 no.
1442 1965 39 47 5,
1519 1968 71 38 ed.
1629 1968 59 47 by
1726 1968 231 40 Florence
1997 1969 53 39 E.
2087 1969 321 48 Bamberger)

402 2019 51 52 ©
485 2023 127 40 June
640 2023 39 46 2,
710 2021 141 48 1933;
882 2023 68 39 2c.
980 2024 95 38 and
1106 2021 82 41 aff.
1219 2022 129 39 June
1378 2022 52 48 9;
1465 2023 39 38 A
1536 2024 172 47 63112;
1742 2026 155 40 Johns
1927 2025 223 49 Hopkins
2183 2037 150 38 press.

393 2126 238 65 Kobler,
662 2126 280 55 Richard.

466 2207 119 51 Der
609 2222 124 50 weg
757 2205 96 52 des
879 2204 302 53 menschen
1205 2223 130 34 vom
1359 2202 176 54 links-
1562 2222 129 34 zum
1717 2202 409 54 rechtshänder;
2184 2203 91 53 ein
395 2202 1994 150 beitrag

555 2303 101 33 zur
685 2301 125 36 vor-
841 2284 116 53 und
986 2281 526 70 kulturgeschichte
1540 2282 96 53 des
1666 2281 319 66 menschen,
2016 2299 111 35 von
2157 2281 256 54 Richard

395 2363 233 52 Kobler.
704 2362 169 55 Wien
902 2363 118 53 und
1048 2360 260 69 Leipzig,
1335 2362 80 51 M.
1447 2361 213 66 Perles,
1689 2362 151 51 1932.

469 2436 63 46 ix,
556 2437 85 38 142
663 2447 42 37 p.
768 2435 128 41 illus.
958 2436 55 39 24
1016 2438 43 21 cm
1066 2468 9 8 .

470 2492 309 42 “Literatur”:
843 2503 43 38 p.
909 2492 218 41 129-137.

401 2547 1813 53 © June 27, 1932; 1c. Sept. 7; A -Foreign 17881; Moritz Perles.
479 2609 282 48 (33-11660)

393 2714 277 65 Laporte,
700 2713 284 56 Maurice.

528 2789 1883 70 … Quand j’étais flibustier; avec treize photographies hors
396 2877 167 48 texte.
640 2870 186 64 Paris,
858 2870 277 54 Nouvelle
1165 2868 258 55 librairie
1457 2868 304 68 française,
1793 2872 149 51 1932.

469 2940 1942 54 1 p. l., [9]-252 p., 1 l. plates, ports. 18½cm. (Collection “Exotisme”,
397 3013 89 37 par
514 3004 70 39 les
615 3003 182 46 grands
826 3012 272 37 voyageurs
1129 2999 390 50 d'aujourd’hui)

400 3055 1996 112 © May 23, 1932; 1c. July 23; A- Foreign 17478; Nouvelle librairie française. (33-11659)
393 3222 79 52 Le
504 3222 162 64 Fort,
699 3222 279 65 Gertrud,
1007 3222 182 69 freiin
1216 3237 133 49 von,
1382 3222 171 55 1876-

465 3299 122 53 The
611 3316 142 51 song
778 3305 59 47 at
862 3299 96 53 the
982 3297 257 69 scaffold,
1264 3299 76 69 by
1365 3297 254 56 Gertrud
1646 3316 112 35 von
1783 3298 79 52 Le
1889 3297 173 68 Fort;
2093 3295 318 55 translated

398 3377 150 53 from
588 3378 95 53 the
724 3376 251 56 German
1015 3377 75 70 by
1132 3376 150 70 Olga
1322 3377 187 52 Marx.
1586 3376 140 54 New
1767 3376 183 67 York,
1987 3375 79 53 H.
2107 3375 148 53 Holt
2297 3374 113 55 and

394 3473 282 52 company
711 3489 12 35 [
729 3462 17 22 c
752 3459 134 50 1933
893 3489 12 34 ]

464 3539 45 36 x,
542 3529 83 41 110
653 3539 43 37 p.
761 3529 84 41 194
849 3531 45 21 cm
898 3560 8 8 .
979 3529 302 46 (Half-title:
1308 3529 101 40 The
1441 3528 154 40 Malta
1627 3527 175 47 books)

401 3583 51 52 ©
482 3589 113 46 Apr.
626 3589 69 46 21,
726 3589 141 42 1933;
899 3590 65 38 2c.
997 3589 115 47 Apr.
1141 3588 52 39 21;
1258 3587 82 41 aff.
1371 3588 114 47 Apr.
1517 3587 82 46 22;
1633 3587 40 39 A
1704 3587 172 45 61442;
1911 3587 168 48 Henry
2111 3587 119 39 Holt
2261 3585 37 40 &
2327 3595 83 38 co.,

466 3645 90 40 inc.
628 3645 281 48 (33-11787)

392 3735 175 66 Love,
601 3734 250 58 Charles
879 3737 55 55 J.

466 3810 213 55 Pacific
705 3814 312 53 northwest
1042 3814 218 69 garden
1286 3815 192 68 guide,
1505 3816 93 53 for
1623 3816 98 53 the
1743 3816 189 67 Puget
1955 3815 183 53 sound
2165 3821 241 61 country

396 3890 108 52 and
554 3892 273 52 northern
875 3891 248 68 Oregon,
1163 3894 76 66 by
1282 3892 238 56 Charles
1564 3894 56 53 J.
1663 3894 169 52 Love.
1915 3893 234 66 Seattle,
2191 3894 215 58 Wash.,

394 3966 270 54 Lowman
700 3971 108 51 and
844 3970 276 54 Hanford
1152 3989 299 50 company,
1484 3975 151 49 1933.
