2540 4453
1143 4096 101 50 331

189 450 143 54 New
363 450 162 53 York
596 448 161 68 (City)
846 447 369 68 Ordinances,
1243 454 101 50 etc.

315 522 1861 71 … The Code of ordinances of the city of New York, with all
186 605 386 52 amendments
622 611 59 46 to
733 604 264 67 January
1048 608 101 62 1st.
1201 607 153 63 1933,
1401 602 301 68 including
1750 602 97 53 the
1897 600 284 69 Building

185 681 151 68 code,
383 682 95 53 the
524 700 123 34 new
695 680 308 54 Electrical
1053 680 152 67 code,
1252 681 95 53 the
1397 680 275 66 Sanitary
1719 680 153 66 code,
1921 679 113 53 and
2081 678 97 54 the

184 758 275 53 amended
485 759 283 68 Building
795 777 137 35 zone
957 758 329 67 resolution,
1313 758 190 53 edited
1532 758 75 67 by
1633 757 262 55 William
1922 757 256 53 Edward

184 835 1972 146 Baldwin … New York, Cleveland, Banks-Baldwin law publishing company [c1933]
259 986 26 37 2
309 997 43 37 p.
399 1017 24 15 l.,
447 986 159 47 3-312,
631 981 276 52 3121-31210,
931 985 218 48 313-745,
1178 986 55 39 16
1257 998 44 37 p.
1357 986 142 47 illus.,
1526 986 180 49 diagrs.
1766 983 146 43 22½cm.

260 1043 61 41 At
347 1044 123 40 head
498 1043 51 41 of
573 1044 136 41 title:
741 1042 112 42 1933
881 1043 197 41 edition.

259 1099 224 41 Lettered
512 1112 60 29 on
598 1111 168 31 cover:
795 1101 115 40 New
937 1100 129 41 York
1092 1101 115 40 code
1234 1100 51 40 of
1311 1100 300 41 ordinances.

261 1157 386 48 “Photographic
689 1156 343 49 reproduction
1077 1157 51 40 of
1169 1158 83 40 the
1296 1157 173 40 official
1511 1157 185 41 edition
1740 1157 52 41 of
1834 1159 82 40 the
1961 1156 128 44 Code
2133 1158 52 41 of

188 1215 523 41 ordinances.”—Pref.

197 1269 50 52 ©
284 1273 110 40 Feb.
428 1272 69 47 23,
532 1271 140 46 1933;
710 1271 67 39 2c.
813 1271 110 40 Feb.
958 1271 83 46 24;
1079 1270 80 40 aff.
1197 1271 122 39 Mar.
1355 1270 52 47 6;
1445 1271 41 39 A
1521 1270 170 48 59781;
1729 1271 216 41 William
1982 1270 210 42 Edward

265 1310 240 86 Baldwin]
529 1330 115 38 New
671 1329 144 39 York.
886 1328 249 48 (33-6543)

187 1418 232 66 Phelps,
448 1418 256 55 William
733 1419 183 65 Lyon,
949 1423 164 49 1865-

259 1499 220 65 Easter,
523 1497 94 53 the
660 1495 226 55 world’s
929 1496 121 52 best
1092 1514 151 34 news
1291 1495 108 68 [by]
1447 1493 260 56 William
1749 1496 163 67 Lyon
1956 1497 231 67 Phelps.

190 1577 136 51 New
363 1575 158 52 York
559 1580 136 61 [etc.]
735 1574 265 68 Fleming
1031 1574 78 52 H.
1140 1573 198 52 Revell
1370 1591 298 50 company,
1698 1576 175 50 c1933.

258 1652 26 37 4
312 1661 42 37 p.
404 1681 22 15 l.,
455 1650 142 38 11-41
625 1659 41 37 p.
757 1647 116 41 19½cm.

193 1703 50 52 ©
276 1708 109 38 Feb.
417 1708 67 45 11,
516 1706 140 46 1933;
689 1705 66 40 2c.
788 1707 95 39 and
916 1705 81 39 aff.
1029 1706 123 39 Mar.
1184 1705 82 46 10;
1299 1705 41 39 A
1371 1704 169 48 60586;
1577 1705 219 48 Fleming
1828 1706 60 40 H.
1922 1706 166 39 Revell
2122 1716 66 30 co.

269 1765 249 48 (33-6805)

189 1840 220 64 Pound,
441 1839 252 66 Arthur,
728 1843 170 50 1884-

259 1914 1933 71 Around the corner, by Arthur Pound … New York, Sears
190 1994 335 69 publishing
553 2012 299 50 company,
880 1994 107 52 inc.
1023 1996 195 65 [c1933]

260 2068 26 40 3
310 2077 43 38 p.
401 2098 24 15 l.,
451 2066 87 41 313
561 2077 44 38 p.
665 2066 117 42 21cm.

196 2121 50 52 ©
283 2127 121 39 Mar.
439 2126 68 47 15,
543 2124 139 48 1933;
720 2125 67 40 2c.
823 2126 122 39 Mar.
981 2125 82 46 18;
1100 2124 81 40 aff.
1220 2125 122 40 Mar.
1377 2125 82 46 17;
1497 2124 41 39 A
1573 2123 171 48 60696;
1785 2124 146 41 Sears
1964 2124 108 48 pub.
2109 2134 82 36 co.,

263 2182 91 41 inc.
425 2182 250 49 (33-6709)

192 2272 121 52 The
349 2272 282 65 practical
673 2273 293 54 Standard
1005 2272 324 68 dictionary
1366 2272 62 51 of
1465 2273 96 52 the
1600 2271 247 68 English
1885 2273 303 68 language,

264 2351 270 68 designed
571 2357 58 46 to
667 2351 129 68 give
831 2350 97 53 the
964 2350 414 69 orthography,
1414 2348 459 70 pronunciation,
1909 2349 286 68 meaning,

265 2432 111 52 and
420 2430 325 69 etymology
788 2428 64 55 of
894 2448 132 34 over
1069 2431 222 65 140,000
1333 2428 187 54 words
1563 2429 114 53 and
1720 2427 234 69 phrases
1996 2425 60 56 in
2098 2428 96 53 the

263 2510 201 67 speech
497 2510 111 51 and
642 2509 295 52 literature
970 2507 64 53 of
1065 2508 95 53 the
1192 2506 554 70 English-speaking
1775 2506 247 70 peoples,
2053 2505 141 56 with

264 2605 325 51 synonyms,
627 2592 319 62 antonyms,
986 2587 112 52 and
1140 2584 410 70 prepositions;
1591 2583 335 72 containing
1964 2586 118 52 also
2122 2605 73 35 an

265 2666 290 68 appendix
585 2665 63 52 of
679 2664 226 69 foreign
935 2665 234 67 phrases
1197 2665 137 52 used
1362 2663 61 54 in
1453 2664 246 68 English
1729 2666 200 65 speech
1958 2666 114 52 and
264 2666 1906 146 literature,
527 2747 155 64 2,500
705 2743 266 68 pictorial
993 2741 410 69 illustrations;
1429 2742 277 70 abridged
1729 2743 152 53 from
1904 2744 96 53 the
2025 2744 171 52 Funk

266 2819 1929 151 & Wagnalls new Standard dictionary of the English language by Frank H. Vizetelly … New York and London,
267 2979 170 53 Funk
463 2981 46 51 &
534 2979 299 68 Wagnalls
861 2996 297 50 company,
1187 2980 150 51 1933.

267 3055 29 38 2
321 3065 45 37 p.
415 3085 23 17 l.,
466 3052 252 49 iii-xxxiv,
747 3051 116 41 1309
888 3063 42 37 p.
991 3052 129 40 illus.
1179 3051 116 39 24cm.

203 3107 50 52 ©
287 3111 109 39 Feb.
427 3111 69 47 28,
528 3109 139 48 1933;
701 3109 67 42 2c.
801 3111 122 38 Mar.
955 3109 51 47 8;
1041 3109 82 39 aff.
1157 3110 121 38 Mar.
1311 3111 82 45 11;
1427 3110 41 39 A
1500 3109 169 48 59836;
1707 3111 141 39 Funk
1878 3111 36 41 &
1948 3112 250 47 Wagnalls

269 3181 67 29 co.
403 3165 69 53 [©
497 3168 194 49 general
718 3168 226 48 revision]
1017 3167 250 48 (33-7129)

199 3245 191 64 Pratt,
421 3245 226 64 George
674 3244 296 65 Kenneth,
1001 3249 169 50 1891-

270 3322 246 66 Morale;
562 3321 95 54 the
701 3321 209 54 mental
955 3319 241 69 hygiene
1242 3320 63 52 of
1347 3321 480 68 unemployment,
1871 3320 94 54 for
205 3338 1969 129 unemployment
513 3398 167 53 relief
702 3398 264 68 workers,
990 3397 169 54 social
1181 3397 266 68 workers,
1470 3398 192 67 public
1683 3398 193 52 health
1903 3398 113 53 and
199 3398 1977 146 visiting
325 3494 213 49 nurses,
567 3474 345 70 community
941 3476 153 53 chest
1124 3476 331 67 executives,
1484 3475 192 67 public
1708 3474 243 70 officials,
202 3475 1971 131 clergymen
367 3554 111 53 and
519 3553 273 54 members
833 3552 63 53 of
935 3552 205 55 boards
1183 3552 63 52 of
1289 3551 429 70 philanthropic
1759 3551 435 70 organizations.

203 3629 1994 70 By George K. Pratt … Prepared for and approved by the
205 3705 1993 72 National committee for mental hygiene … New York city,
204 3786 149 49 1933.

273 3854 56 40 64
359 3864 43 38 p.
459 3854 115 42 19cm.

273 3911 374 49 Bibliography:
680 3923 44 37 p.
757 3911 157 42 62-64.

208 3966 52 52 ©
284 3972 109 39 Jan.
417 3972 67 48 18,
508 3972 140 46 1933;
673 3971 66 40 2c.
764 3973 94 38 and
883 3971 82 40 aff.
989 3971 110 40 Feb.
1167 3983 8 36 1;
1202 3972 40 38 A
1267 3971 168 47 59223;
1463 3973 130 40 Natl,
1619 3973 272 40 committee
1915 3972 78 40 for
2019 3973 181 40 mental

275 4028 214 48 hygiene,
516 4028 116 40 New
657 4029 144 39 York.
871 4028 250 47 (33-6760)
