2484 4405
1060 4059 134 56 1007

459 500 243 46 CONTENTS.—Essays
730 498 51 40 of
810 499 116 47 type
986 509 9 28 I:
1027 496 302 48 Concerning
1357 495 176 49 myself
1563 496 94 39 and
1689 493 423 47 others.—Essays

114 549 1998 59 of type II: Informal personal sketches.—Essays of type III: Another
114 613 133 48 point
273 611 51 42 of
348 592 380 67 view]—Essays
753 611 51 41 of
829 614 112 44 type
966 621 49 29 iv:
1073 610 348 40 Observations
1447 609 96 41 and
1569 611 264 39 comments
1852 618 59 30 on
1931 609 180 38 human

113 672 187 44 nature,
343 670 226 44 customs,
612 667 272 47 education,
929 667 95 40 and
1069 667 461 47 reading.—Essays
1573 666 52 41 of
1668 667 111 46 type
1824 676 56 29 v:
1925 666 188 39 Nature

111 735 195 38 essays:
335 724 223 41 Animals
587 726 96 38 and
713 723 557 50 plants.—Appendices.

115 791 52 51 ©
202 797 125 38 June
359 794 69 48 26,
461 794 113 40 1933;
638 795 67 40 2c.
740 794 95 39 and
869 793 81 40 aff.
986 795 127 39 June
1146 795 82 45 28;
1266 794 41 38 A
1339 793 171 45 63432;
1546 794 71 40 W.
1655 794 62 38 M.
1752 793 207 46 Tanner,
1994 792 119 40 New

182 851 186 42 Haven.
439 850 279 51 (33-17552)

109 953 166 65 Tarr,
303 951 315 57 Frederick
646 956 317 64 Courtney,
994 958 173 50 1896-

183 1043 380 70 Impresiones
606 1044 67 52 de
719 1044 252 69 Espana,
1012 1062 30 34 a
1086 1062 193 35 course
1322 1044 61 52 in
1428 1040 251 72 Spanish
1722 1044 394 68 composition,

114 1118 2001 76 by F. Courtney Tarr and Augusto Centeno … New York,
115 1202 63 52 F.
210 1200 57 55 S.
298 1198 198 57 Crofts
525 1202 45 50 &
597 1218 99 50 co.,
726 1203 151 51 1938.

185 1272 661 51 vii p., 1 l., 171 p. 19½ cm .
186 1347 142 46 Maps
352 1355 63 30 on
439 1344 155 49 lining
618 1355 188 37 papers.

187 1403 145 40 “This
361 1402 123 40 book
513 1402 43 40 is
585 1413 63 29 an
678 1401 350 51 amplification
1058 1402 52 39 of
1140 1402 81 40 the
1251 1401 317 51 composition
1599 1402 227 41 material
1858 1404 256 42 contained

118 1462 48 39 in
193 1462 82 40 the
304 1459 216 43 authors’
549 1461 41 38 A
617 1461 181 47 graded
830 1459 210 50 Spanish
1069 1460 178 40 review
1273 1470 246 38 grammar
1549 1461 119 40 with
1696 1461 420 48 composition.”—

117 1518 129 41 Pref.

120 1586 1995 55 © June 15, 1933; 2c. and aff. June 24; A 64138; F. S. Crofts & co., inc.
196 1647 278 49 (33-17271)

115 1750 353 66 Thompson,
496 1752 183 62 Betty
703 1750 188 64 Lynd.

192 1841 448 54 Fundamentals
667 1840 64 53 of
757 1840 236 69 rhythm
1021 1843 114 51 and
1162 1842 194 66 dance,
1383 1843 141 52 with
1555 1862 72 34 an
1654 1846 251 66 analysis
1934 1845 65 53 of
2028 1845 93 55 the

121 1918 288 68 rhythmic
449 1918 289 67 approach
778 1919 59 51 in
878 1918 268 67 teaching
1186 1920 175 52 dance
1403 1920 180 69 skills,
1622 1921 74 68 by
1738 1924 174 66 Betty
1953 1924 168 68 Lynd

121 1994 1977 149 Thompson … New York, A. S. Barnes and company, incorporated, 1933.
192 2161 98 47 xix,
319 2159 87 42 230
433 2170 43 38 p.
532 2159 164 47 front.,
726 2159 142 48 illus.,
898 2159 181 48 diagrs.
1136 2160 58 39 26
1195 2162 44 21 cm
1244 2192 9 8 .

124 2227 51 51 ©
203 2231 112 46 May
339 2228 70 49 25,
436 2229 139 42 1933;
603 2230 67 39 2c.
698 2230 126 38 June
850 2229 81 46 12;
1035 2262 8 8 aff.
1071 2231 126 38 June
1223 2231 82 47 21;
1334 2231 42 39 A
1402 2232 170 48 64115;
1601 2234 55 40 A.
1688 2235 44 42 S.
1761 2236 186 40 Barnes
1975 2238 36 39 &
2038 2248 81 39 co.,

189 2287 91 40 inc.
351 2285 279 50 (33-17812)

118 2388 199 64 Tittle,
346 2390 218 54 Ernest
591 2390 302 62 Fremont,
921 2394 170 52 1885-

191 2469 59 51 A
278 2467 183 54 world
491 2468 129 52 that
652 2475 209 46 cannot
891 2467 69 54 be
988 2469 234 68 shaken,
1252 2470 76 68 by
1361 2473 211 53 Ernest
1602 2474 276 53 Fremont
1911 2476 206 66 Tittle;

124 2545 138 53 with
293 2562 71 37 an
392 2545 388 53 introduction
808 2547 74 67 by
911 2545 260 56 Halford
1202 2549 65 53 E.
1299 2548 271 58 Luccock.
1646 2551 139 54 New
1817 2554 162 53 York
2007 2557 111 52 and

123 2625 256 67 London,
406 2626 232 66 Harper
665 2629 46 49 &
736 2625 276 68 brothers,
1044 2630 150 52 1933.

193 2721 46 38 x,
266 2711 85 41 137
379 2722 44 38 p.
482 2710 56 41 20
541 2714 44 21 cm
589 2746 11 9 .

196 2782 161 40 “First
386 2782 225 41 edition.”

130 2850 51 51 ©
210 2855 126 38 June
360 2852 69 49 30,
457 2853 112 40 1933;
626 2854 67 40 2c.
721 2854 125 40 June
871 2855 83 47 30;
985 2855 81 40 aff.
1095 2855 117 48 July
1238 2857 52 46 3;
1320 2857 41 38 A
1389 2857 170 48 63476;
1590 2860 51 39 E.
1672 2859 50 40 F.
1751 2860 165 49 Tittle,
197 2859 1911 100 Evanston,
325 2910 74 40 Ill.
471 2911 278 48 (33-17922)

123 3006 2000 83 Tom & Jerry, the jolly plumbers … story and illustrations
198 3088 148 52 from
375 3090 143 53 Tom
545 3092 46 49 &
619 3091 173 67 Jerry
821 3093 215 53 motion
1066 3094 222 66 picture
1318 3101 258 47 cartoons
1607 3095 287 69 produced
1926 3097 74 70 by
2029 3099 95 52 the

201 3166 128 53 Van
375 3167 223 55 Beuren
644 3170 376 68 corporation.
1102 3171 137 55 New
1289 3171 178 70 York,
1513 3171 252 73 Cupples
1813 3179 113 51 and
1971 3178 153 55 Leon

197 3262 275 51 company
554 3250 151 64 [c1933]

200 3315 644 50 1 p. l., 62 p. illus. 22½cm.
199 3387 286 41 Illustrated
517 3389 349 49 lining-papers
899 3392 49 41 in
981 3393 170 41 colors.

135 3456 51 51 ©
218 3461 114 48 May
361 3460 69 47 19,
460 3462 112 40 1933;
632 3463 68 41 2c.
731 3465 96 39 and
857 3463 83 44 aff.
973 3466 113 47 May
1116 3467 82 46 26;
1232 3468 41 38 A
1304 3468 169 47 62779;
1508 3468 210 50 Cupples
1746 3473 37 39 &
1815 3473 128 39 Leon
1975 3485 67 29 co.

213 3516 279 50 (33-15106)

130 3619 217 65 Tuttle,
374 3621 252 54 William
653 3624 74 55 H.

206 3696 1858 79 Your legal guide; laws of Illinois, by William H. Tuttle …
134 3772 268 71 Chicago,
431 3775 177 69 Legal
637 3778 169 68 guide
836 3797 176 53 press,
1042 3783 151 52 1933.

203 3860 135 49 xviii,
367 3861 84 41 341
479 3872 44 37 p.
585 3862 56 41 23½
674 3866 44 21 cm
721 3896 9 9 .

138 3926 51 51 ©
218 3932 126 40 June
370 3933 68 46 21,
467 3934 140 44 1933;
636 3936 67 40 2c.
731 3938 95 38 and
855 3936 81 41 aff.
966 3939 127 40 June
1121 3940 82 47 26;
1234 3941 41 38 A
1303 3942 169 48 63384;
1504 3944 70 40 W.
1605 3945 61 42 H.
1694 3946 180 49 Tuttle,
1905 3947 223 49 Chicago.

214 3988 278 50 (33-17966)
