2597 4403
1390 4081 100 51 166

405 407 356 54 Federation
799 408 65 53 of
901 408 179 54 social
1117 407 280 65 agencies
1430 408 65 53 of
1532 407 361 65 Pittsburgh
1929 408 117 53 and
2082 407 336 65 Allegheny

474 489 240 61 county.
790 488 232 51 Bureau
1054 488 65 63 of
1147 487 177 54 social
1352 487 278 54 research.

475 562 216 56 Census
724 570 150 47 tract
907 564 181 54 tables
1121 565 64 52 of
1218 564 342 69 population
1595 566 111 52 and
1743 562 269 71 families,
2045 564 376 69 Pittsburgh:

406 646 149 50 1930.
632 642 365 69 Pittsburgh,
1033 645 122 66 Pa.,
1191 646 231 51 Bureau
1456 642 65 56 of
1554 642 175 55 social
1762 643 277 68 research,
2074 642 347 55 Federation

404 721 66 54 of
500 722 173 54 social
706 722 259 68 agencies
997 721 65 54 of
1092 722 346 68 Pittsburgh
1472 724 113 53 and
1617 722 324 68 Allegheny
1975 728 211 62 county
2265 726 152 65 [c1932]

475 811 30 38 4
529 820 46 37 p.
600 811 45 45 l.,
672 808 53 42 5,
756 807 100 50 [130]
885 819 41 38 p.
990 808 118 40 fold,
1136 818 113 38 map
1277 808 72 48 (in
1377 807 198 48 pocket)
1643 809 118 41 28cm.

478 879 207 42 Preface
711 880 198 48 signed:
939 880 266 41 Frederick
1233 880 52 41 F.
1316 880 232 48 Stephan.

410 949 52 53 ©
505 955 114 39 Dec.
661 953 69 46 12,
773 951 116 42 1932
907 963 9 37 ;
960 952 67 41 2c.
1071 953 113 40 Dec.
1227 952 82 48 17;
1355 952 83 41 aff.
1481 954 112 39 Dec.
1638 953 55 40 16
1711 964 9 37 ;
1765 954 42 39 A
1849 952 172 49 59340;
2067 951 264 42 Frederick
2374 953 53 41 F.

482 1010 230 49 Stephan,
742 1010 304 47 Pittsburgh.
1118 1010 253 51 (33-4575)

409 1114 176 67 Fehr,
616 1114 333 67 Bernhard,
983 1117 174 54 1876-

478 1193 122 54 Das
665 1193 275 70 England
1008 1212 111 35 von
1186 1194 197 68 heute;
1450 1192 513 71 kulturprobleme,
2030 1193 399 69 denkformen,

408 1271 2023 72 schrifttum, von Bernhard Fehr … Leipzig, B. Tauchnitz,
409 1352 153 52 1932.

480 1436 1940 53 99, [1] p., 1 l. 22cm. (Half-title: Hefte zur Englandkunde … hft. 7)
414 1506 52 53 ©
497 1512 117 39 Nov.
645 1512 39 46 1,
717 1509 141 49 1932;
921 1522 36 29 1c.
988 1511 114 40 Dec.
1132 1510 83 48 28;
1248 1510 315 48 A-Foreign
1593 1509 171 49 18987;
1799 1511 258 40 Bernhard
2088 1509 288 43 Tauchnitz.

497 1565 252 51 (33-4931)

414 1670 361 55 Franciscan
803 1671 216 55 sisters
1050 1672 65 52 of
1145 1672 89 55 St.
1264 1671 397 66 Kunegunda.

484 1746 150 55 Amo
697 1747 326 67 Christum;
1087 1748 240 53 kocham
1391 1746 331 71 Chrystusa.
1821 1746 377 56 Oblubienica
2259 1747 175 70 przed

414 1825 271 55 obliczem
720 1826 179 69 Boga.
933 1826 256 54 Ksiązka
1222 1827 72 52 do
1327 1826 396 55 nabożeństwa
1756 1825 187 56 Sióstr
1975 1824 462 57 Franciszkanek

416 1905 115 69 pod
579 1904 360 56 wezwaniem
986 1904 74 53 bł.
1109 1904 389 69 Kunegundy.
1584 1902 258 70 Pulaski,
1889 1904 159 69 Wis.,
2096 1903 183 56 Druk.
2330 1901 103 57 Oo.

418 1982 493 69 Franciszkanów,
948 1984 152 57 1932.

485 2055 100 49 568,
619 2055 54 50 [8]
705 2066 45 38 p.
777 2055 112 41 incl.
918 2055 165 49 front.,
1111 2055 145 48 illus.,
1286 2066 64 38 pl.
1406 2055 117 42 14cm.

418 2126 52 53 ©
506 2131 109 40 Jan.
652 2130 69 48 23,
757 2129 141 48 1933;
936 2129 66 41 2c.
1039 2131 96 39 and
1171 2129 82 41 aff.
1289 2130 111 40 Jan.
1435 2128 83 49 25;
1556 2130 42 39 A
1631 2128 171 50 59136;
1841 2129 299 42 Franciscan
2177 2129 175 42 sisters
2385 2127 53 42 of

489 2189 71 38 Bl.
591 2188 324 48 Kunegunda,
946 2187 226 48 Chicago.
1243 2186 253 49 (33-4603)

419 2292 216 65 Fuller,
667 2292 184 56 Claud
882 2293 69 55 E.

488 2369 122 54 The
649 2364 429 59 breech-loader
1116 2369 60 53 in
1217 2368 100 54 the
1352 2369 231 68 service,
1621 2369 99 54 the
1758 2369 429 69 developments
2228 2369 66 56 of
2332 2388 107 37 one

418 2448 266 54 hundred
726 2449 115 53 and
883 2466 105 36 one
1031 2466 184 52 years,
1261 2451 136 50 1816
1439 2453 59 49 to
1545 2447 163 69 1917;
1756 2466 32 35 a
1834 2447 351 70 description
2232 2448 65 54 of
2340 2449 99 54 the

418 2527 457 54 breech-loaders
919 2527 113 53 and
1076 2525 300 70 magazine
1421 2545 152 35 arms
1616 2527 138 54 used
1799 2526 59 53 in
1905 2527 96 53 the
2046 2526 232 70 service,
2324 2526 114 55 and

419 2605 96 53 the
553 2605 270 53 different
861 2610 239 63 systems
1136 2605 183 52 tested
1356 2603 78 70 by
1472 2605 96 53 the
1607 2605 284 53 ordnance
1930 2605 238 68 boards;
2209 2605 98 53 the
420 2605 1994 148 development
779 2682 64 55 of
874 2683 96 53 the
1004 2681 501 71 interchangeable
1540 2688 210 64 system
1784 2682 65 54 of
1879 2681 407 56 manufacture
2340 2683 94 70 [by]

422 2760 2018 70 Claud-E. Fuller … Topeka, Kan., The Arms reference club
421 2840 65 55 of
511 2841 288 68 America,
830 2843 153 51 1933.

491 2929 27 41 3
588 2963 7 7 p.
632 2929 28 41 l.,
789 2928 129 51 [11]-381
957 2938 28 38 p
1037 2928 110 41 incl.
1183 2928 144 46 illus.,
1363 2926 173 49 plates,
1573 2926 230 47 facsims.,
1840 2926 173 43 tables,
2077 2926 150 42 front.
2291 2925 150 45 28½cm.

432 2988 253 49 (Lettered
709 2997 62 30 on
794 2996 165 33 cover:
982 2986 41 39 A
1050 2985 41 39 R
1118 2984 37 42 C
1178 2985 40 39 A
1243 2994 133 31 arms
1404 2983 247 42 reference
1676 2983 200 48 library,
1931 2995 44 30 v.
2001 2983 52 49 1)

494 3057 378 48 Bibliography:
908 3066 44 39 p.
1003 3056 102 51 [375]

430 3126 50 53 ©
512 3132 110 39 Jan.
652 3131 69 42 24,
752 3129 142 42 1933:
925 3129 68 40 2c.
1024 3130 96 40 and
1150 3128 83 41 aff.
1264 3128 112 41 Feb.
1407 3128 53 48 6;
1492 3128 42 39 A
1563 3127 170 49 59316;
1769 3128 49 41 C.
1850 3130 53 38 E.
1936 3128 180 44 Fuller,
2148 3128 118 40 New
2297 3125 146 43 York.

507 3187 253 49 (33-3826)

428 3290 214 65 Goode,
672 3290 280 53 Kenneth
983 3289 407 66 Mackarness,
1422 3295 173 50 1880-

497 3365 1946 71 Manual of modern advertising, by Kenneth Goode … New
429 3445 180 66 York,
639 3444 333 71 Greenberg
1023 3447 177 65 [c1932]

498 3533 81 48 vii,
606 3532 86 41 497
719 3542 42 38 p.
817 3532 144 47 illus.,
989 3532 181 48 diagrs.
1226 3531 118 41 21cm.

433 3602 52 52 ©
519 3607 111 39 Dec.
664 3605 70 46 27,
767 3603 141 47 1932;
943 3605 68 39 2c.
1044 3605 95 38 and
1174 3603 83 42 aff.
1292 3604 110 39 Feb.
1466 3634 9 16 8,
1510 3603 141 42 1933:
1686 3603 41 39 A
1760 3602 171 44 59349;
1969 3603 288 47 Greenberg,
2291 3603 153 47 pubr.,

496 3661 92 42 inc.
659 3659 283 50 (33-27025)

432 3764 183 54 Great
648 3764 310 54 American
990 3764 161 53 short
1183 3763 232 55 stories:
1449 3764 68 55 O.
1550 3765 204 67 Henry
1784 3763 298 54 memorial
2113 3763 160 69 prize
502 3762 1917 149 winning
684 3841 219 56 stories.
949 3843 340 64 1919-1932;
1335 3839 141 54 with
1523 3859 72 34 an
1641 3839 387 54 introduction
2072 3839 75 70 by
2191 3839 254 54 Blanche

504 3916 1942 71 Colton Williams … Garden City, N. Y., Doubleday, Doran
531 3999 46 51 &
609 4015 296 51 company,
935 3998 128 66 inc.,
1097 3999 150 50 1933.
