<alto xmlns="http://www.loc.gov/standards/alto/ns-v3#" xmlns:xsi="http://www.w3.org/2001/XMLSchema-instance" xsi:schemaLocation="http://www.loc.gov/standards/alto/ns-v3# http://www.loc.gov/alto/v3/alto-3-0.xsd"><Description>
<MeasurementUnit>pixel</MeasurementUnit>
<sourceImageInformation>
<fileName>1933_v1_Part1.pdf</fileName>
</sourceImageInformation>
<OCRProcessing ID="IdOcr">
<ocrProcessingStep>
<processingDateTime>2019-01-03</processingDateTime>
<processingSoftware>
<softwareCreator>ABBYY</softwareCreator>
<softwareName>ABBYY Recognition Server</softwareName>
<softwareVersion>4.0</softwareVersion>
</processingSoftware>
</ocrProcessingStep>
</OCRProcessing>
</Description>
<Styles>
<ParagraphStyle ALIGN="Left" FIRSTLINE="0." ID="StyleId-FFFFFFFF-FFFF-FFFF-FFFF-FFFFFFFFFFFF-" LEFT="0." RIGHT="0." />
<ParagraphStyle ALIGN="Left" FIRSTLINE="0." ID="StyleId-6EF5737A-DCEB-4126-A0CF-C5930BF7166A-" LEFT="0." LINESPACE="8.300000191" RIGHT="0." />
<ParagraphStyle ALIGN="Left" FIRSTLINE="0." ID="StyleId-2DE44258-FD0B-41E1-B542-087C989B01A3-" LEFT="0." LINESPACE="12.19999981" RIGHT="0." />
<ParagraphStyle ALIGN="Left" FIRSTLINE="-14." ID="StyleId-CE3D254A-29D7-4DD7-B5F1-E0FC0EF29B05-" LEFT="0." LINESPACE="8.619999886" RIGHT="0." />
<ParagraphStyle ALIGN="Left" FIRSTLINE="-14." ID="StyleId-C0E3A137-CE4F-4287-8A90-B599106709D0-" LEFT="0." LINESPACE="12.19999981" RIGHT="0." />
<ParagraphStyle ALIGN="Left" FIRSTLINE="-14." ID="StyleId-50F26F0C-05DA-4C19-BA58-7A6AC4499BEE-" LEFT="0." LINESPACE="11.06999969" RIGHT="0." />
<ParagraphStyle ALIGN="Center" FIRSTLINE="0." ID="StyleId-5DDE65AF-512C-41E2-9B8E-095D6D99EF68-" LEFT="0." LINESPACE="11.89999962" RIGHT="0." />
<ParagraphStyle ALIGN="Left" FIRSTLINE="0." ID="StyleId-0A81D7A5-6A62-4C52-915E-7768974C704D-" LEFT="0." LINESPACE="9.399999619" RIGHT="0." />
<ParagraphStyle ALIGN="Block" FIRSTLINE="-13." ID="StyleId-F7A0127F-6B48-4157-BB81-FE33E1E1A05B-" LEFT="0." LINESPACE="10.63000011" RIGHT="0." />
<ParagraphStyle ALIGN="Left" FIRSTLINE="0." ID="StyleId-E18C69F7-DBD7-48B1-805C-FCD96D0DA019-" LEFT="0." LINESPACE="11.64000034" RIGHT="0." />
<ParagraphStyle ALIGN="Left" FIRSTLINE="-14." ID="StyleId-98F15501-B611-4E83-8BB3-807E891F11F5-" LEFT="0." LINESPACE="12.19999981" RIGHT="0." />
<ParagraphStyle ALIGN="Left" FIRSTLINE="0." ID="StyleId-F4A78626-0BBC-4D12-94D9-A1AE75A9855F-" LEFT="0." LINESPACE="9.399999619" RIGHT="0." />
<ParagraphStyle ALIGN="Left" FIRSTLINE="0." ID="StyleId-6A3F6F4C-D21B-4ADE-902F-7683F18ECEF3-" LEFT="0." LINESPACE="11.10000038" RIGHT="0." />
</Styles>
<Layout>
<Page HEIGHT="4405" ID="Page979" PHYSICAL_IMG_NR="979" WIDTH="2484">
<TopMargin HEIGHT="381" HPOS="0" VPOS="0" WIDTH="2484">
</TopMargin>
<LeftMargin HEIGHT="3618" HPOS="0" VPOS="381" WIDTH="73">
</LeftMargin>
<RightMargin HEIGHT="3618" HPOS="2107" VPOS="381" WIDTH="377">
</RightMargin>
<BottomMargin HEIGHT="406" HPOS="0" VPOS="3999" WIDTH="2484">
<TextBlock HEIGHT="70" HPOS="1011" ID="Page979_Block1" LANG="en-US" STYLEREFS="StyleId-C84010FB-F0AE-40D1-BB7D-1882B6A51039-" VPOS="4035" WIDTH="120">
<TextLine HEIGHT="53" HPOS="1022" VPOS="4041" WIDTH="98">
<String CONTENT="979" HEIGHT="53" HPOS="1022" VPOS="4041" WIDTH="98" />
</TextLine>
</TextBlock>
</BottomMargin>
<PrintSpace HEIGHT="3618" HPOS="73" VPOS="381" WIDTH="2034">
<TextBlock CS="1" HEIGHT="3618" HPOS="73" ID="Page979_Block2" LANG="en-US" STYLEREFS="StyleId-07C98088-0396-492D-815F-ADE0B7277D83-" VPOS="381" WIDTH="2034">
<Shape>
<Polygon POINTS="81,381 321,381 321,382 782,382 782,383 1244,383 1244,384 1705,384 1705,385 2107,385 2107,589 2106,589 2106,1050 2105,1050 2105,1512 2104,1512 2104,1974 2103,1974 2103,2435 2102,2435 2102,2897 2101,2897 2101,3358 2100,3358 2100,3820 2099,3820 2099,3999 1702,3999 1702,3998 1240,3998 1240,3997 779,3997 779,3996 317,3996 317,3995 73,3995 73,3816 74,3816 74,3355 75,3355 75,2893 76,2893 76,2431 77,2431 77,1970 78,1970 78,1508 79,1508 79,1047 80,1047 80,585 81,585 81,381" />
</Shape>
<TextLine CS="1" HEIGHT="69" HPOS="156" STYLEREFS="StyleId-5B64B4B0-C7BC-41C9-B1C3-BF5640555ED7-" VPOS="392" WIDTH="1473">
<String CONTENT="Boak," CS="1" HEIGHT="64" HPOS="156" VPOS="394" WIDTH="128" />
<SP HEIGHT="62" HPOS="285" VPOS="396" WIDTH="30" />
<String CONTENT="Arthur" HEIGHT="53" HPOS="316" VPOS="395" WIDTH="230" />
<SP HEIGHT="51" HPOS="547" VPOS="396" WIDTH="31" />
<String CONTENT="Edward" HEIGHT="53" HPOS="579" VPOS="395" WIDTH="250" />
<SP HEIGHT="52" HPOS="830" VPOS="395" WIDTH="29" />
<String CONTENT="Romilly," HEIGHT="65" HPOS="860" VPOS="394" WIDTH="270" />
<SP HEIGHT="59" HPOS="1131" VPOS="400" WIDTH="32" />
<String CONTENT="1888-" HEIGHT="51" HPOS="1164" VPOS="399" WIDTH="170" />
<SP HEIGHT="34" HPOS="1335" VPOS="413" WIDTH="208" />
<String CONTENT="ed." HEIGHT="54" HPOS="1544" VPOS="395" WIDTH="85" />
</TextLine>
<TextLine CS="1" HEIGHT="75" HPOS="179" STYLEREFS="StyleId-6B104A86-876C-4BF5-A2E4-E93BD863F39B-" VPOS="468" WIDTH="1915">
<String CONTENT="Karanis," HEIGHT="69" HPOS="179" VPOS="471" WIDTH="268" />
<SP HEIGHT="63" HPOS="448" VPOS="477" WIDTH="31" />
<String CONTENT="the" HEIGHT="52" HPOS="480" VPOS="472" WIDTH="93" />
<SP HEIGHT="47" HPOS="574" VPOS="477" WIDTH="34" />
<String CONTENT="temples," HEIGHT="69" HPOS="609" VPOS="471" WIDTH="253" />
<SP HEIGHT="48" HPOS="863" VPOS="490" WIDTH="33" />
<String CONTENT="coin" HEIGHT="52" HPOS="897" VPOS="472" WIDTH="124" />
<SP HEIGHT="52" HPOS="1022" VPOS="471" WIDTH="33" />
<String CONTENT="hoards," HEIGHT="67" HPOS="1056" VPOS="471" WIDTH="227" />
<SP HEIGHT="66" HPOS="1284" VPOS="472" WIDTH="32" />
<String CONTENT="botanical" HEIGHT="52" HPOS="1317" VPOS="472" WIDTH="284" />
<SP HEIGHT="51" HPOS="1602" VPOS="473" WIDTH="36" />
<String CONTENT="and" HEIGHT="54" HPOS="1639" VPOS="471" WIDTH="111" />
<SP HEIGHT="53" HPOS="1751" VPOS="472" WIDTH="35" />
<String CONTENT="zo&#246;logical" CS="1" HEIGHT="67" HPOS="1787" VPOS="472" WIDTH="307" />
</TextLine>
<TextLine CS="1" HEIGHT="75" HPOS="112" STYLEREFS="StyleId-6B104A86-876C-4BF5-A2E4-E93BD863F39B-" VPOS="544" WIDTH="1983">
<String CONTENT="reports," HEIGHT="62" HPOS="112" VPOS="554" WIDTH="236" />
<SP HEIGHT="47" HPOS="348" VPOS="568" WIDTH="21" />
<String CONTENT="seasons" HEIGHT="34" HPOS="369" VPOS="567" WIDTH="223" />
<SP HEIGHT="48" HPOS="592" VPOS="553" WIDTH="27" />
<String CONTENT="1924-31," CS="1" HEIGHT="65" HPOS="619" VPOS="550" WIDTH="256" />
<SP HEIGHT="48" HPOS="875" VPOS="567" WIDTH="22" />
<String CONTENT="edited" HEIGHT="52" HPOS="897" VPOS="548" WIDTH="190" />
<SP HEIGHT="52" HPOS="1087" VPOS="548" WIDTH="23" />
<String CONTENT="by" HEIGHT="66" HPOS="1110" VPOS="548" WIDTH="76" />
<SP HEIGHT="67" HPOS="1186" VPOS="547" WIDTH="23" />
<String CONTENT="Arthur" HEIGHT="54" HPOS="1209" VPOS="547" WIDTH="226" />
<SP HEIGHT="51" HPOS="1435" VPOS="549" WIDTH="24" />
<String CONTENT="E." HEIGHT="51" HPOS="1459" VPOS="549" WIDTH="68" />
<SP HEIGHT="51" HPOS="1527" VPOS="549" WIDTH="25" />
<String CONTENT="R." HEIGHT="51" HPOS="1552" VPOS="549" WIDTH="69" />
<SP HEIGHT="52" HPOS="1621" VPOS="548" WIDTH="28" />
<String CONTENT="Boak" HEIGHT="54" HPOS="1649" VPOS="547" WIDTH="162" />
<SP HEIGHT="53" HPOS="1811" VPOS="548" WIDTH="28" />
<String CONTENT="&#8230;" CS="1" />
<SP HEIGHT="53" HPOS="1897" VPOS="548" WIDTH="65" />
<String CONTENT="Ann" HEIGHT="53" HPOS="1962" VPOS="548" WIDTH="133" />
</TextLine>
<TextLine HEIGHT="72" HPOS="111" STYLEREFS="StyleId-6B104A86-876C-4BF5-A2E4-E93BD863F39B-" VPOS="621" WIDTH="1383">
<String CONTENT="Arbor," HEIGHT="64" HPOS="111" VPOS="625" WIDTH="203" />
<SP HEIGHT="65" HPOS="315" VPOS="625" WIDTH="30" />
<String CONTENT="University" HEIGHT="66" HPOS="346" VPOS="625" WIDTH="333" />
<SP HEIGHT="48" HPOS="680" VPOS="643" WIDTH="29" />
<String CONTENT="of" HEIGHT="55" HPOS="710" VPOS="622" WIDTH="65" />
<SP HEIGHT="55" HPOS="776" VPOS="622" WIDTH="28" />
<String CONTENT="Michigan" HEIGHT="67" HPOS="805" VPOS="624" WIDTH="295" />
<SP HEIGHT="47" HPOS="1101" VPOS="643" WIDTH="35" />
<String CONTENT="press," HEIGHT="50" HPOS="1137" VPOS="642" WIDTH="172" />
<SP HEIGHT="63" HPOS="1310" VPOS="629" WIDTH="33" />
<String CONTENT="1933." HEIGHT="49" HPOS="1344" VPOS="628" WIDTH="150" />
</TextLine>
<TextLine CS="1" HEIGHT="124" HPOS="111" VPOS="680" WIDTH="1984">
<String CONTENT="xi," HEIGHT="47" HPOS="179" VPOS="698" WIDTH="62" />
<SP HEIGHT="49" HPOS="242" VPOS="696" WIDTH="35" />
<String CONTENT="93" HEIGHT="43" HPOS="278" VPOS="696" WIDTH="54" />
<SP HEIGHT="48" HPOS="333" VPOS="698" WIDTH="34" />
<String CONTENT="p." HEIGHT="38" HPOS="368" VPOS="708" WIDTH="40" />
<SP HEIGHT="37" HPOS="409" VPOS="708" WIDTH="65" />
<String CONTENT="plates." CS="1" HEIGHT="46" HPOS="475" VPOS="699" WIDTH="156" />
<SP HEIGHT="54" HPOS="652" VPOS="681" WIDTH="28" />
<String CONTENT="fold." CS="1" HEIGHT="41" HPOS="681" VPOS="697" WIDTH="103" />
<SP HEIGHT="30" HPOS="799" VPOS="708" WIDTH="35" />
<String CONTENT="map," HEIGHT="37" HPOS="835" VPOS="707" WIDTH="124" />
<SP HEIGHT="47" HPOS="960" VPOS="697" WIDTH="36" />
<String CONTENT="fold." CS="1" HEIGHT="41" HPOS="997" VPOS="696" WIDTH="102" />
<SP HEIGHT="36" HPOS="1115" VPOS="708" WIDTH="36" />
<String CONTENT="plans," HEIGHT="47" HPOS="1152" VPOS="698" WIDTH="153" />
<SP HEIGHT="45" HPOS="1306" VPOS="698" WIDTH="35" />
<String CONTENT="fold." CS="1" HEIGHT="39" HPOS="1342" VPOS="698" WIDTH="103" />
<SP HEIGHT="39" HPOS="1460" VPOS="698" WIDTH="36" />
<String CONTENT="diagrs." HEIGHT="47" HPOS="1497" VPOS="697" WIDTH="178" />
<SP HEIGHT="43" HPOS="1676" VPOS="695" WIDTH="64" />
<String CONTENT="28" HEIGHT="41" HPOS="1741" VPOS="696" WIDTH="55" />
<String CONTENT="cm" HEIGHT="21" HPOS="1799" STYLE="superscript" VPOS="699" WIDTH="43" />
<String CONTENT="." HEIGHT="8" HPOS="1849" VPOS="728" WIDTH="7" />
<SP />
<String CONTENT="(Half-title:" HEIGHT="104" HPOS="111" VPOS="695" WIDTH="1984" />
<SP HEIGHT="41" HPOS="239" VPOS="754" WIDTH="29" />
<String CONTENT="University" HEIGHT="48" HPOS="269" VPOS="752" WIDTH="279" />
<SP HEIGHT="36" HPOS="549" VPOS="764" WIDTH="28" />
<String CONTENT="of" HEIGHT="39" HPOS="578" VPOS="754" WIDTH="50" />
<SP HEIGHT="39" HPOS="629" VPOS="753" WIDTH="29" />
<String CONTENT="Michigan" HEIGHT="51" HPOS="659" VPOS="751" WIDTH="244" />
<SP HEIGHT="29" HPOS="904" VPOS="764" WIDTH="29" />
<String CONTENT="studies." HEIGHT="39" HPOS="934" VPOS="753" WIDTH="199" />
<SP HEIGHT="38" HPOS="1134" VPOS="754" WIDTH="58" />
<String CONTENT="Humanistic" HEIGHT="41" HPOS="1193" VPOS="752" WIDTH="310" />
<SP HEIGHT="29" HPOS="1504" VPOS="764" WIDTH="27" />
<String CONTENT="series," HEIGHT="39" HPOS="1532" VPOS="754" WIDTH="162" />
<SP HEIGHT="29" HPOS="1695" VPOS="764" WIDTH="62" />
<String CONTENT="vol." HEIGHT="39" HPOS="1758" VPOS="755" WIDTH="89" />
<SP HEIGHT="28" HPOS="1848" VPOS="766" WIDTH="29" />
<String CONTENT="xxx)" HEIGHT="38" HPOS="1878" VPOS="761" WIDTH="123" />
</TextLine>
<TextLine CS="1" HEIGHT="57" HPOS="179" VPOS="805" WIDTH="1915">
<String CONTENT="Prepared" HEIGHT="50" HPOS="179" VPOS="809" WIDTH="240" />
<SP HEIGHT="39" HPOS="420" VPOS="810" WIDTH="28" />
<String CONTENT="under" HEIGHT="39" HPOS="449" VPOS="810" WIDTH="152" />
<SP HEIGHT="38" HPOS="602" VPOS="812" WIDTH="27" />
<String CONTENT="the" HEIGHT="40" HPOS="630" VPOS="810" WIDTH="81" />
<SP HEIGHT="39" HPOS="712" VPOS="811" WIDTH="26" />
<String CONTENT="direction" HEIGHT="42" HPOS="739" VPOS="808" WIDTH="234" />
<SP HEIGHT="29" HPOS="974" VPOS="820" WIDTH="28" />
<String CONTENT="of" HEIGHT="41" HPOS="1003" VPOS="808" WIDTH="52" />
<SP HEIGHT="41" HPOS="1056" VPOS="808" WIDTH="27" />
<String CONTENT="the" HEIGHT="39" HPOS="1084" VPOS="810" WIDTH="81" />
<SP HEIGHT="40" HPOS="1166" VPOS="809" WIDTH="30" />
<String CONTENT="University" HEIGHT="49" HPOS="1197" VPOS="808" WIDTH="279" />
<SP HEIGHT="36" HPOS="1477" VPOS="821" WIDTH="28" />
<String CONTENT="of" HEIGHT="39" HPOS="1506" VPOS="810" WIDTH="51" />
<SP HEIGHT="39" HPOS="1558" VPOS="810" WIDTH="28" />
<String CONTENT="Michigan" HEIGHT="49" HPOS="1587" VPOS="808" WIDTH="242" />
<SP HEIGHT="38" HPOS="1830" VPOS="812" WIDTH="32" />
<String CONTENT="Institute" CS="1" HEIGHT="41" HPOS="1863" VPOS="810" WIDTH="231" />
</TextLine>
<TextLine HEIGHT="53" HPOS="107" VPOS="863" WIDTH="1145">
<String CONTENT="of" HEIGHT="39" HPOS="107" VPOS="867" WIDTH="52" />
<SP HEIGHT="39" HPOS="160" VPOS="867" WIDTH="25" />
<String CONTENT="archaeological" HEIGHT="48" HPOS="186" VPOS="866" WIDTH="380" />
<SP HEIGHT="38" HPOS="567" VPOS="868" WIDTH="29" />
<String CONTENT="research," HEIGHT="41" HPOS="597" VPOS="866" WIDTH="235" />
<SP HEIGHT="30" HPOS="833" VPOS="877" WIDTH="57" />
<String CONTENT="cf." HEIGHT="47" HPOS="891" VPOS="867" WIDTH="60" />
<SP HEIGHT="42" HPOS="952" VPOS="865" WIDTH="28" />
<String CONTENT="Foreword." HEIGHT="42" HPOS="981" VPOS="865" WIDTH="271" />
</TextLine>
<TextLine CS="1" HEIGHT="112" HPOS="104" VPOS="919" WIDTH="1988">
<String CONTENT="&#8220;The" HEIGHT="39" HPOS="177" VPOS="924" WIDTH="127" />
<SP HEIGHT="39" HPOS="305" VPOS="933" WIDTH="29" />
<String CONTENT="previous" HEIGHT="49" HPOS="335" VPOS="923" WIDTH="223" />
<SP HEIGHT="28" HPOS="559" VPOS="935" WIDTH="32" />
<String CONTENT="report" HEIGHT="45" HPOS="592" VPOS="926" WIDTH="162" />
<SP HEIGHT="39" HPOS="755" VPOS="926" WIDTH="34" />
<String CONTENT="&#8230;" CS="1" />
<SP HEIGHT="30" HPOS="838" VPOS="942" WIDTH="38" />
<String CONTENT="[was" HEIGHT="38" HPOS="877" VPOS="934" WIDTH="114" />
<SP HEIGHT="37" HPOS="992" VPOS="933" WIDTH="32" />
<String CONTENT="published" HEIGHT="48" HPOS="1025" VPOS="923" WIDTH="254" />
<SP HEIGHT="39" HPOS="1280" VPOS="925" WIDTH="32" />
<String CONTENT="under" HEIGHT="40" HPOS="1313" VPOS="924" WIDTH="151" />
<SP HEIGHT="36" HPOS="1465" VPOS="928" WIDTH="34" />
<String CONTENT="title:]" CS="1" HEIGHT="41" HPOS="1500" VPOS="923" WIDTH="106" />
<SP HEIGHT="49" HPOS="1650" VPOS="923" WIDTH="37" />
<String CONTENT="Karanis:" HEIGHT="42" HPOS="1688" VPOS="922" WIDTH="240" />
<SP HEIGHT="35" HPOS="1929" VPOS="929" WIDTH="38" />
<String CONTENT="topographical" HEIGHT="106" HPOS="104" VPOS="925" WIDTH="1971" />
<SP HEIGHT="38" HPOS="353" VPOS="982" WIDTH="38" />
<String CONTENT="and" HEIGHT="39" HPOS="392" VPOS="981" WIDTH="94" />
<SP HEIGHT="38" HPOS="487" VPOS="981" WIDTH="38" />
<String CONTENT="architectural" HEIGHT="41" HPOS="526" VPOS="979" WIDTH="346" />
<SP HEIGHT="37" HPOS="873" VPOS="981" WIDTH="40" />
<String CONTENT="report" HEIGHT="45" HPOS="914" VPOS="982" WIDTH="162" />
<SP HEIGHT="37" HPOS="1077" VPOS="982" WIDTH="38" />
<String CONTENT="of" HEIGHT="39" HPOS="1116" VPOS="980" WIDTH="51" />
<SP HEIGHT="39" HPOS="1168" VPOS="980" WIDTH="37" />
<String CONTENT="excavations" HEIGHT="43" HPOS="1206" VPOS="978" WIDTH="313" />
<SP HEIGHT="38" HPOS="1520" VPOS="981" WIDTH="36" />
<String CONTENT="during" HEIGHT="50" HPOS="1557" VPOS="978" WIDTH="177" />
<SP HEIGHT="44" HPOS="1735" VPOS="984" WIDTH="38" />
<String CONTENT="the" HEIGHT="40" HPOS="1774" VPOS="981" WIDTH="80" />
<SP HEIGHT="29" HPOS="1855" VPOS="992" WIDTH="38" />
<String CONTENT="seasons" HEIGHT="32" HPOS="1894" VPOS="989" WIDTH="198" />
</TextLine>
<TextLine CS="1" HEIGHT="52" HPOS="105" VPOS="1032" WIDTH="1571">
<String CONTENT="1924-28" HEIGHT="41" HPOS="105" VPOS="1035" WIDTH="203" />
<SP HEIGHT="42" HPOS="308" VPOS="1035" WIDTH="27" />
<String CONTENT="&#8230;" CS="1" />
<SP HEIGHT="28" HPOS="384" VPOS="1048" WIDTH="28" />
<String CONTENT="volume" HEIGHT="39" HPOS="413" VPOS="1037" WIDTH="190" />
<SP HEIGHT="29" HPOS="603" VPOS="1047" WIDTH="26" />
<String CONTENT="xxv" HEIGHT="29" HPOS="629" VPOS="1046" WIDTH="98" />
<SP HEIGHT="30" HPOS="727" VPOS="1046" WIDTH="26" />
<String CONTENT="of" HEIGHT="41" HPOS="753" VPOS="1036" WIDTH="53" />
<SP HEIGHT="40" HPOS="806" VPOS="1037" WIDTH="25" />
<String CONTENT="the" HEIGHT="39" HPOS="831" VPOS="1038" WIDTH="82" />
<SP HEIGHT="39" HPOS="913" VPOS="1036" WIDTH="28" />
<String CONTENT="Humanistics" HEIGHT="43" HPOS="941" VPOS="1034" WIDTH="337" />
<SP HEIGHT="30" HPOS="1278" VPOS="1047" WIDTH="27" />
<String CONTENT="series.&#8221;&#8212;p." HEIGHT="48" HPOS="1305" VPOS="1036" WIDTH="298" />
<SP HEIGHT="29" HPOS="1603" VPOS="1047" WIDTH="31" />
<String CONTENT="v." HEIGHT="30" HPOS="1634" VPOS="1047" WIDTH="42" />
</TextLine>
<TextLine CS="1" HEIGHT="55" HPOS="107" VPOS="1089" WIDTH="1984">
<String CONTENT="&#169;" HEIGHT="51" HPOS="107" VPOS="1089" WIDTH="51" />
<SP HEIGHT="51" HPOS="159" VPOS="1089" WIDTH="34" />
<String CONTENT="June" HEIGHT="40" HPOS="194" VPOS="1093" WIDTH="128" />
<SP HEIGHT="40" HPOS="323" VPOS="1093" WIDTH="29" />
<String CONTENT="6," HEIGHT="45" HPOS="353" VPOS="1093" WIDTH="39" />
<SP HEIGHT="44" HPOS="393" VPOS="1094" WIDTH="33" />
<String CONTENT="1933;" CS="1" HEIGHT="39" HPOS="427" VPOS="1093" WIDTH="113" />
<SP HEIGHT="46" HPOS="568" VPOS="1093" WIDTH="34" />
<String CONTENT="2c." HEIGHT="41" HPOS="603" VPOS="1093" WIDTH="67" />
<SP HEIGHT="41" HPOS="671" VPOS="1093" WIDTH="35" />
<String CONTENT="June" HEIGHT="41" HPOS="707" VPOS="1093" WIDTH="125" />
<SP HEIGHT="40" HPOS="833" VPOS="1094" WIDTH="32" />
<String CONTENT="19;" HEIGHT="46" HPOS="866" VPOS="1093" WIDTH="81" />
<SP HEIGHT="35" HPOS="948" VPOS="1104" WIDTH="36" />
<String CONTENT="aff." HEIGHT="39" HPOS="985" VPOS="1093" WIDTH="82" />
<SP HEIGHT="39" HPOS="1068" VPOS="1093" WIDTH="37" />
<String CONTENT="July" HEIGHT="47" HPOS="1106" VPOS="1093" WIDTH="115" />
<SP HEIGHT="48" HPOS="1222" VPOS="1093" WIDTH="31" />
<String CONTENT="1;" HEIGHT="45" HPOS="1254" VPOS="1094" WIDTH="53" />
<SP HEIGHT="46" HPOS="1308" VPOS="1093" WIDTH="36" />
<String CONTENT="A" HEIGHT="39" HPOS="1345" VPOS="1093" WIDTH="40" />
<SP HEIGHT="39" HPOS="1386" VPOS="1093" WIDTH="34" />
<String CONTENT="64207;" HEIGHT="47" HPOS="1421" VPOS="1093" WIDTH="169" />
<SP HEIGHT="48" HPOS="1591" VPOS="1092" WIDTH="38" />
<String CONTENT="Graduate" HEIGHT="42" HPOS="1630" VPOS="1092" WIDTH="249" />
<SP HEIGHT="28" HPOS="1880" VPOS="1106" WIDTH="33" />
<String CONTENT="school," HEIGHT="46" HPOS="1914" VPOS="1094" WIDTH="177" />
</TextLine>
<TextLine HEIGHT="53" HPOS="177" VPOS="1147" WIDTH="1333">
<String CONTENT="University" HEIGHT="50" HPOS="177" VPOS="1148" WIDTH="278" />
<SP HEIGHT="37" HPOS="456" VPOS="1161" WIDTH="28" />
<String CONTENT="of" HEIGHT="39" HPOS="485" VPOS="1150" WIDTH="51" />
<SP HEIGHT="38" HPOS="537" VPOS="1150" WIDTH="26" />
<String CONTENT="Michigan," HEIGHT="49" HPOS="564" VPOS="1149" WIDTH="260" />
<SP HEIGHT="43" HPOS="825" VPOS="1150" WIDTH="28" />
<String CONTENT="Ann" HEIGHT="38" HPOS="854" VPOS="1150" WIDTH="108" />
<SP HEIGHT="38" HPOS="963" VPOS="1150" WIDTH="27" />
<String CONTENT="Arbor." HEIGHT="40" HPOS="991" VPOS="1150" WIDTH="170" />
<SP HEIGHT="48" HPOS="1162" VPOS="1149" WIDTH="69" />
<String CONTENT="(33-17548)" HEIGHT="49" HPOS="1232" VPOS="1149" WIDTH="278" />
</TextLine>
<TextLine HEIGHT="70" HPOS="98" STYLEREFS="StyleId-5B64B4B0-C7BC-41C9-B1C3-BF5640555ED7-" VPOS="1238" WIDTH="787">
<String CONTENT="Bowen," HEIGHT="64" HPOS="98" VPOS="1239" WIDTH="231" />
<SP HEIGHT="63" HPOS="330" VPOS="1240" WIDTH="29" />
<String CONTENT="Marjorie," HEIGHT="64" HPOS="360" VPOS="1240" WIDTH="301" />
<SP HEIGHT="49" HPOS="662" VPOS="1258" WIDTH="28" />
<String CONTENT="pseud." HEIGHT="69" HPOS="691" VPOS="1239" WIDTH="194" />
</TextLine>
<TextLine HEIGHT="76" HPOS="172" STYLEREFS="StyleId-6B104A86-876C-4BF5-A2E4-E93BD863F39B-" VPOS="1310" WIDTH="1914">
<String CONTENT="The" HEIGHT="52" HPOS="172" VPOS="1316" WIDTH="120" />
<SP HEIGHT="36" HPOS="293" VPOS="1332" WIDTH="26" />
<String CONTENT="stolen" HEIGHT="55" HPOS="320" VPOS="1314" WIDTH="178" />
<SP HEIGHT="51" HPOS="499" VPOS="1315" WIDTH="30" />
<String CONTENT="bride," HEIGHT="68" HPOS="530" VPOS="1315" WIDTH="175" />
<SP HEIGHT="69" HPOS="706" VPOS="1314" WIDTH="27" />
<String CONTENT="by" HEIGHT="70" HPOS="734" VPOS="1314" WIDTH="73" />
<SP HEIGHT="69" HPOS="808" VPOS="1315" WIDTH="28" />
<String CONTENT="Marjorie" HEIGHT="69" HPOS="837" VPOS="1313" WIDTH="276" />
<SP HEIGHT="53" HPOS="1114" VPOS="1315" WIDTH="30" />
<String CONTENT="Bowen." HEIGHT="52" HPOS="1145" VPOS="1315" WIDTH="222" />
<SP HEIGHT="52" HPOS="1368" VPOS="1315" WIDTH="69" />
<String CONTENT="London," HEIGHT="67" HPOS="1438" VPOS="1315" WIDTH="254" />
<SP HEIGHT="69" HPOS="1693" VPOS="1314" WIDTH="29" />
<String CONTENT="L." HEIGHT="53" HPOS="1723" VPOS="1315" WIDTH="63" />
<SP HEIGHT="53" HPOS="1787" VPOS="1315" WIDTH="31" />
<String CONTENT="Dickson," HEIGHT="69" HPOS="1819" VPOS="1314" WIDTH="267" />
</TextLine>
<TextLine HEIGHT="70" HPOS="102" STYLEREFS="StyleId-6B104A86-876C-4BF5-A2E4-E93BD863F39B-" VPOS="1390" WIDTH="419">
<String CONTENT="limited," HEIGHT="70" HPOS="102" VPOS="1390" WIDTH="237" />
<SP HEIGHT="64" HPOS="340" VPOS="1396" WIDTH="34" />
<String CONTENT="1933." HEIGHT="50" HPOS="375" VPOS="1395" WIDTH="146" />
</TextLine>
<TextLine CS="1" HEIGHT="50" HPOS="168" VPOS="1463" WIDTH="373">
<String CONTENT="300" HEIGHT="40" HPOS="169" VPOS="1464" WIDTH="86" />
<SP HEIGHT="48" HPOS="255" VPOS="1464" WIDTH="35" />
<String CONTENT="p." HEIGHT="39" HPOS="290" VPOS="1474" WIDTH="42" />
<SP HEIGHT="41" HPOS="333" VPOS="1465" WIDTH="63" />
<String CONTENT="19&#189;" CS="1" HEIGHT="39" HPOS="397" VPOS="1464" WIDTH="53" />
<String CONTENT="cm" HEIGHT="21" HPOS="483" STYLE="superscript" VPOS="1466" WIDTH="44" />
<String CONTENT="." HEIGHT="8" HPOS="532" VPOS="1496" WIDTH="9" />
</TextLine>
<TextLine CS="1" HEIGHT="55" HPOS="104" VPOS="1520" WIDTH="1983">
<String CONTENT="&#169;" HEIGHT="51" HPOS="104" VPOS="1520" WIDTH="51" />
<SP />
<String CONTENT="1c." CS="1" />
<SP HEIGHT="39" HPOS="251" VPOS="1525" WIDTH="28" />
<String CONTENT="May" HEIGHT="47" HPOS="280" VPOS="1525" WIDTH="113" />
<SP HEIGHT="48" HPOS="394" VPOS="1524" WIDTH="25" />
<String CONTENT="8," HEIGHT="47" HPOS="420" VPOS="1524" WIDTH="39" />
<SP HEIGHT="45" HPOS="460" VPOS="1526" WIDTH="27" />
<String CONTENT="1933;" HEIGHT="46" HPOS="488" VPOS="1525" WIDTH="139" />
<SP HEIGHT="46" HPOS="628" VPOS="1525" WIDTH="30" />
<String CONTENT="A" HEIGHT="38" HPOS="659" VPOS="1525" WIDTH="40" />
<SP HEIGHT="40" HPOS="700" VPOS="1525" WIDTH="27" />
<String CONTENT="ad" HEIGHT="41" HPOS="728" VPOS="1525" WIDTH="61" />
<SP HEIGHT="41" HPOS="790" VPOS="1524" WIDTH="26" />
<String CONTENT="int." HEIGHT="41" HPOS="817" VPOS="1524" WIDTH="86" />
<SP HEIGHT="38" HPOS="904" VPOS="1526" WIDTH="29" />
<String CONTENT="17890;" HEIGHT="47" HPOS="934" VPOS="1524" WIDTH="169" />
<SP HEIGHT="38" HPOS="1104" VPOS="1535" WIDTH="29" />
<String CONTENT="pubd." HEIGHT="50" HPOS="1134" VPOS="1524" WIDTH="141" />
<SP HEIGHT="39" HPOS="1276" VPOS="1525" WIDTH="29" />
<String CONTENT="Apr." HEIGHT="48" HPOS="1306" VPOS="1525" WIDTH="112" />
<SP HEIGHT="38" HPOS="1419" VPOS="1527" WIDTH="28" />
<String CONTENT="21;" HEIGHT="46" HPOS="1448" VPOS="1526" WIDTH="83" />
<SP HEIGHT="46" HPOS="1532" VPOS="1526" WIDTH="30" />
<String CONTENT="Lovat" HEIGHT="41" HPOS="1563" VPOS="1526" WIDTH="153" />
<SP HEIGHT="40" HPOS="1717" VPOS="1527" WIDTH="28" />
<String CONTENT="Dickson," HEIGHT="46" HPOS="1746" VPOS="1524" WIDTH="225" />
<SP HEIGHT="43" HPOS="1972" VPOS="1527" WIDTH="29" />
<String CONTENT="ltd." HEIGHT="39" HPOS="2002" VPOS="1527" WIDTH="85" />
</TextLine>
<TextLine HEIGHT="49" HPOS="177" VPOS="1581" WIDTH="278">
<String CONTENT="(33-18219)" HEIGHT="49" HPOS="177" VPOS="1581" WIDTH="278" />
</TextLine>
<TextLine HEIGHT="68" HPOS="95" STYLEREFS="StyleId-5B64B4B0-C7BC-41C9-B1C3-BF5640555ED7-" VPOS="1668" WIDTH="857">
<String CONTENT="Braginton," HEIGHT="66" HPOS="95" VPOS="1669" WIDTH="346" />
<SP HEIGHT="63" HPOS="442" VPOS="1672" WIDTH="27" />
<String CONTENT="Mary" HEIGHT="62" HPOS="470" VPOS="1672" WIDTH="173" />
<SP HEIGHT="63" HPOS="644" VPOS="1671" WIDTH="26" />
<String CONTENT="Victoria." HEIGHT="57" HPOS="671" VPOS="1669" WIDTH="281" />
</TextLine>
<TextLine CS="1" HEIGHT="72" HPOS="167" STYLEREFS="StyleId-6B104A86-876C-4BF5-A2E4-E93BD863F39B-" VPOS="1745" WIDTH="1918">
<String CONTENT="The" HEIGHT="52" HPOS="167" VPOS="1748" WIDTH="121" />
<SP HEIGHT="35" HPOS="289" VPOS="1766" WIDTH="49" />
<String CONTENT="supernatural" HEIGHT="65" HPOS="339" VPOS="1749" WIDTH="398" />
<SP HEIGHT="53" HPOS="738" VPOS="1747" WIDTH="52" />
<String CONTENT="in" HEIGHT="52" HPOS="791" VPOS="1748" WIDTH="58" />
<SP HEIGHT="54" HPOS="850" VPOS="1747" WIDTH="54" />
<String CONTENT="Seneca&#8217;s" HEIGHT="54" HPOS="905" VPOS="1747" WIDTH="256" />
<SP HEIGHT="48" HPOS="1162" VPOS="1752" WIDTH="51" />
<String CONTENT="tragedies" HEIGHT="69" HPOS="1214" VPOS="1747" WIDTH="283" />
<SP HEIGHT="33" HPOS="1498" VPOS="1768" WIDTH="55" />
<String CONTENT="&#8230;" CS="1" />
<SP HEIGHT="53" HPOS="1610" VPOS="1748" WIDTH="56" />
<String CONTENT="by" HEIGHT="68" HPOS="1667" VPOS="1748" WIDTH="74" />
<SP HEIGHT="67" HPOS="1742" VPOS="1749" WIDTH="50" />
<String CONTENT="Mary" HEIGHT="65" HPOS="1793" VPOS="1749" WIDTH="168" />
<SP HEIGHT="64" HPOS="1962" VPOS="1750" WIDTH="52" />
<String CONTENT="V." HEIGHT="52" HPOS="2015" VPOS="1750" WIDTH="70" />
</TextLine>
<TextLine CS="1" HEIGHT="151" HPOS="97" STYLEREFS="StyleId-6B104A86-876C-4BF5-A2E4-E93BD863F39B-" VPOS="1821" WIDTH="1965">
<String CONTENT="Braginton." HEIGHT="67" HPOS="98" VPOS="1824" WIDTH="336" />
<SP HEIGHT="52" HPOS="435" VPOS="1825" WIDTH="80" />
<String CONTENT="Menasha," HEIGHT="67" HPOS="516" VPOS="1825" WIDTH="292" />
<SP HEIGHT="67" HPOS="809" VPOS="1825" WIDTH="43" />
<String CONTENT="Wis.," HEIGHT="67" HPOS="853" VPOS="1825" WIDTH="159" />
<SP HEIGHT="68" HPOS="1013" VPOS="1824" WIDTH="44" />
<String CONTENT="George" HEIGHT="68" HPOS="1058" VPOS="1824" WIDTH="221" />
<SP HEIGHT="51" HPOS="1280" VPOS="1827" WIDTH="45" />
<String CONTENT="Banta" HEIGHT="50" HPOS="1326" VPOS="1827" WIDTH="187" />
<SP HEIGHT="48" HPOS="1514" VPOS="1844" WIDTH="52" />
<String CONTENT="publishing" HEIGHT="69" HPOS="1567" VPOS="1824" WIDTH="327" />
<SP HEIGHT="49" HPOS="1895" VPOS="1844" WIDTH="46" />
<String CONTENT="company" HEIGHT="131" HPOS="97" VPOS="1841" WIDTH="1965" />
<SP HEIGHT="48" HPOS="251" VPOS="1920" WIDTH="33" />
<String CONTENT="[" CS="1" />
<String CONTENT="c" HEIGHT="22" HPOS="302" STYLE="superscript" VPOS="1907" WIDTH="19" />
<String CONTENT="1933]" HEIGHT="63" HPOS="326" VPOS="1905" WIDTH="151" />
</TextLine>
<TextLine HEIGHT="65" HPOS="162" VPOS="1959" WIDTH="496">
<String CONTENT="3" HEIGHT="39" HPOS="162" VPOS="1975" WIDTH="26" />
<SP HEIGHT="55" HPOS="189" VPOS="1959" WIDTH="22" />
<String CONTENT="p." HEIGHT="37" HPOS="216" VPOS="1986" WIDTH="41" />
<SP HEIGHT="37" HPOS="258" VPOS="1976" WIDTH="27" />
<String CONTENT="l.," HEIGHT="45" HPOS="286" VPOS="1976" WIDTH="44" />
<SP HEIGHT="47" HPOS="331" VPOS="1974" WIDTH="27" />
<String CONTENT="98" HEIGHT="41" HPOS="359" VPOS="1974" WIDTH="56" />
<SP HEIGHT="47" HPOS="416" VPOS="1976" WIDTH="24" />
<String CONTENT="p." HEIGHT="38" HPOS="441" VPOS="1985" WIDTH="42" />
<SP HEIGHT="38" HPOS="484" VPOS="1975" WIDTH="56" />
<String CONTENT="23" HEIGHT="40" HPOS="541" VPOS="1975" WIDTH="55" />
<String CONTENT="cm" HEIGHT="20" HPOS="599" STYLE="superscript" VPOS="1978" WIDTH="44" />
<String CONTENT="." HEIGHT="8" HPOS="648" VPOS="2007" WIDTH="9" />
</TextLine>
<TextLine CS="1" HEIGHT="51" HPOS="164" VPOS="2031" WIDTH="1085">
<String CONTENT="Thesis" HEIGHT="42" HPOS="164" VPOS="2031" WIDTH="170" />
<SP HEIGHT="46" HPOS="335" VPOS="2034" WIDTH="42" />
<String CONTENT="(PH." CS="1" HEIGHT="46" HPOS="378" VPOS="2034" WIDTH="104" />
<SP HEIGHT="29" HPOS="483" VPOS="2043" WIDTH="32" />
<String CONTENT="D.)&#8212;Yale" CS="1" HEIGHT="43" HPOS="547" VPOS="2033" WIDTH="223" />
<SP HEIGHT="32" HPOS="771" VPOS="2042" WIDTH="32" />
<String CONTENT="university," HEIGHT="47" HPOS="804" VPOS="2033" WIDTH="283" />
<SP HEIGHT="46" HPOS="1088" VPOS="2034" WIDTH="33" />
<String CONTENT="1923." HEIGHT="42" HPOS="1122" VPOS="2033" WIDTH="127" />
</TextLine>
<TextLine HEIGHT="57" HPOS="99" VPOS="2083" WIDTH="1983">
<String CONTENT="&#169;" HEIGHT="53" HPOS="99" VPOS="2083" WIDTH="52" />
<SP HEIGHT="53" HPOS="152" VPOS="2083" WIDTH="30" />
<String CONTENT="May" HEIGHT="45" HPOS="183" VPOS="2090" WIDTH="112" />
<SP HEIGHT="47" HPOS="296" VPOS="2089" WIDTH="25" />
<String CONTENT="25," HEIGHT="47" HPOS="322" VPOS="2089" WIDTH="70" />
<SP HEIGHT="46" HPOS="393" VPOS="2090" WIDTH="28" />
<String CONTENT="1933;" HEIGHT="46" HPOS="422" VPOS="2089" WIDTH="139" />
<SP HEIGHT="45" HPOS="562" VPOS="2090" WIDTH="31" />
<String CONTENT="2c." HEIGHT="40" HPOS="594" VPOS="2090" WIDTH="66" />
<SP HEIGHT="40" HPOS="661" VPOS="2090" WIDTH="30" />
<String CONTENT="June" HEIGHT="39" HPOS="692" VPOS="2090" WIDTH="128" />
<SP HEIGHT="39" HPOS="821" VPOS="2090" WIDTH="24" />
<String CONTENT="16;" HEIGHT="46" HPOS="846" VPOS="2090" WIDTH="81" />
<SP HEIGHT="36" HPOS="928" VPOS="2100" WIDTH="32" />
<String CONTENT="aff." HEIGHT="41" HPOS="961" VPOS="2089" WIDTH="81" />
<SP HEIGHT="39" HPOS="1043" VPOS="2091" WIDTH="30" />
<String CONTENT="June" HEIGHT="39" HPOS="1074" VPOS="2091" WIDTH="127" />
<SP HEIGHT="40" HPOS="1202" VPOS="2090" WIDTH="28" />
<String CONTENT="15;" HEIGHT="48" HPOS="1231" VPOS="2089" WIDTH="81" />
<SP HEIGHT="47" HPOS="1313" VPOS="2090" WIDTH="32" />
<String CONTENT="A" HEIGHT="39" HPOS="1346" VPOS="2090" WIDTH="40" />
<SP HEIGHT="40" HPOS="1387" VPOS="2090" WIDTH="28" />
<String CONTENT="64005;" HEIGHT="47" HPOS="1416" VPOS="2090" WIDTH="168" />
<SP HEIGHT="45" HPOS="1585" VPOS="2092" WIDTH="34" />
<String CONTENT="M." HEIGHT="38" HPOS="1620" VPOS="2092" WIDTH="61" />
<SP HEIGHT="40" HPOS="1682" VPOS="2091" WIDTH="31" />
<String CONTENT="Y." HEIGHT="39" HPOS="1714" VPOS="2092" WIDTH="53" />
<SP HEIGHT="38" HPOS="1768" VPOS="2093" WIDTH="31" />
<String CONTENT="Braginton," HEIGHT="46" HPOS="1800" VPOS="2091" WIDTH="282" />
</TextLine>
<TextLine CS="1" HEIGHT="50" HPOS="170" VPOS="2144" WIDTH="714">
<String CONTENT="Rockford," HEIGHT="48" HPOS="170" VPOS="2144" WIDTH="257" />
<SP HEIGHT="45" HPOS="428" VPOS="2147" WIDTH="32" />
<String CONTENT="Ill." HEIGHT="39" HPOS="461" VPOS="2147" WIDTH="75" />
<SP HEIGHT="48" HPOS="537" VPOS="2145" WIDTH="68" />
<String CONTENT="(33-17556)" HEIGHT="49" HPOS="606" VPOS="2145" WIDTH="278" />
<SP />
</TextLine>
<TextLine CS="1" HEIGHT="70" HPOS="89" STYLEREFS="StyleId-5B64B4B0-C7BC-41C9-B1C3-BF5640555ED7-" VPOS="2216" WIDTH="1240">
<String CONTENT="Breckinridge," HEIGHT="67" HPOS="89" VPOS="2216" WIDTH="440" />
<SP HEIGHT="62" HPOS="530" VPOS="2221" WIDTH="32" />
<String CONTENT="Sophonisba" HEIGHT="65" HPOS="563" VPOS="2220" WIDTH="366" />
<SP HEIGHT="50" HPOS="930" VPOS="2223" WIDTH="31" />
<String CONTENT="Preston," HEIGHT="61" HPOS="962" VPOS="2223" WIDTH="268" />
<SP HEIGHT="57" HPOS="1231" VPOS="2228" WIDTH="36" />
<String CONTENT="1866-" CS="1" HEIGHT="48" HPOS="1268" VPOS="2228" WIDTH="61" />
</TextLine>
<TextLine HEIGHT="75" HPOS="162" STYLEREFS="StyleId-6B104A86-876C-4BF5-A2E4-E93BD863F39B-" VPOS="2293" WIDTH="1922">
<String CONTENT="Women" HEIGHT="54" HPOS="162" VPOS="2297" WIDTH="237" />
<SP HEIGHT="53" HPOS="400" VPOS="2296" WIDTH="30" />
<String CONTENT="in" HEIGHT="53" HPOS="431" VPOS="2296" WIDTH="60" />
<SP HEIGHT="47" HPOS="492" VPOS="2302" WIDTH="28" />
<String CONTENT="the" HEIGHT="52" HPOS="521" VPOS="2298" WIDTH="95" />
<SP HEIGHT="48" HPOS="617" VPOS="2302" WIDTH="29" />
<String CONTENT="twentieth" HEIGHT="54" HPOS="647" VPOS="2297" WIDTH="293" />
<SP HEIGHT="52" HPOS="941" VPOS="2298" WIDTH="32" />
<String CONTENT="century;" HEIGHT="64" HPOS="974" VPOS="2302" WIDTH="261" />
<SP HEIGHT="44" HPOS="1236" VPOS="2317" WIDTH="33" />
<String CONTENT="a" HEIGHT="33" HPOS="1270" VPOS="2318" WIDTH="30" />
<SP HEIGHT="34" HPOS="1301" VPOS="2318" WIDTH="31" />
<String CONTENT="study" HEIGHT="67" HPOS="1333" VPOS="2300" WIDTH="170" />
<SP HEIGHT="50" HPOS="1504" VPOS="2317" WIDTH="30" />
<String CONTENT="of" HEIGHT="52" HPOS="1535" VPOS="2298" WIDTH="64" />
<SP HEIGHT="52" HPOS="1600" VPOS="2298" WIDTH="29" />
<String CONTENT="their" HEIGHT="56" HPOS="1630" VPOS="2296" WIDTH="147" />
<SP HEIGHT="48" HPOS="1778" VPOS="2319" WIDTH="32" />
<String CONTENT="political," HEIGHT="68" HPOS="1811" VPOS="2300" WIDTH="273" />
</TextLine>
<TextLine HEIGHT="75" HPOS="89" STYLEREFS="StyleId-6B104A86-876C-4BF5-A2E4-E93BD863F39B-" VPOS="2372" WIDTH="1995">
<String CONTENT="social" HEIGHT="53" HPOS="90" VPOS="2374" WIDTH="172" />
<SP HEIGHT="51" HPOS="263" VPOS="2375" WIDTH="30" />
<String CONTENT="and" HEIGHT="52" HPOS="294" VPOS="2375" WIDTH="112" />
<SP HEIGHT="51" HPOS="407" VPOS="2376" WIDTH="30" />
<String CONTENT="economic" HEIGHT="53" HPOS="438" VPOS="2375" WIDTH="280" />
<SP HEIGHT="34" HPOS="719" VPOS="2394" WIDTH="30" />
<String CONTENT="activities," HEIGHT="70" HPOS="749" VPOS="2373" WIDTH="299" />
<SP HEIGHT="67" HPOS="1048" VPOS="2376" WIDTH="27" />
<String CONTENT="by" HEIGHT="68" HPOS="1075" VPOS="2376" WIDTH="76" />
<SP HEIGHT="70" HPOS="1151" VPOS="2374" WIDTH="34" />
<String CONTENT="Sophonisba" HEIGHT="71" HPOS="1185" VPOS="2374" WIDTH="358" />
<SP HEIGHT="51" HPOS="1544" VPOS="2379" WIDTH="29" />
<String CONTENT="P." HEIGHT="51" HPOS="1574" VPOS="2379" WIDTH="66" />
<SP HEIGHT="52" HPOS="1641" VPOS="2378" WIDTH="31" />
<String CONTENT="Breckinridge" HEIGHT="71" HPOS="1672" VPOS="2376" WIDTH="412" />
</TextLine>
<TextLine CS="1" HEIGHT="149" HPOS="91" STYLEREFS="StyleId-6B104A86-876C-4BF5-A2E4-E93BD863F39B-" VPOS="2451" WIDTH="1967">
<String CONTENT="&#8230;" CS="1" />
<SP HEIGHT="48" HPOS="153" VPOS="2456" WIDTH="45" />
<String CONTENT="1st" HEIGHT="48" HPOS="199" VPOS="2456" WIDTH="84" />
<SP HEIGHT="47" HPOS="284" VPOS="2457" WIDTH="31" />
<String CONTENT="ed." HEIGHT="53" HPOS="316" VPOS="2452" WIDTH="84" />
<SP HEIGHT="52" HPOS="401" VPOS="2453" WIDTH="73" />
<String CONTENT="New" HEIGHT="52" HPOS="475" VPOS="2453" WIDTH="137" />
<SP HEIGHT="52" HPOS="613" VPOS="2453" WIDTH="36" />
<String CONTENT="York" HEIGHT="54" HPOS="650" VPOS="2452" WIDTH="162" />
<SP HEIGHT="53" HPOS="813" VPOS="2453" WIDTH="35" />
<String CONTENT="and" HEIGHT="53" HPOS="849" VPOS="2454" WIDTH="112" />
<SP HEIGHT="53" HPOS="962" VPOS="2454" WIDTH="35" />
<String CONTENT="London," HEIGHT="67" HPOS="998" VPOS="2455" WIDTH="257" />
<SP HEIGHT="67" HPOS="1256" VPOS="2455" WIDTH="35" />
<String CONTENT="McGraw-Hill" HEIGHT="56" HPOS="1292" VPOS="2454" WIDTH="426" />
<SP HEIGHT="52" HPOS="1719" VPOS="2457" WIDTH="34" />
<String CONTENT="book" HEIGHT="51" HPOS="1754" VPOS="2458" WIDTH="146" />
<SP HEIGHT="54" HPOS="1901" VPOS="2458" WIDTH="35" />
<String CONTENT="company," HEIGHT="127" HPOS="91" VPOS="2473" WIDTH="1967" />
<SP HEIGHT="64" HPOS="262" VPOS="2530" WIDTH="27" />
<String CONTENT="inc.," HEIGHT="67" HPOS="290" VPOS="2530" WIDTH="124" />
<SP HEIGHT="62" HPOS="415" VPOS="2535" WIDTH="30" />
<String CONTENT="1933." HEIGHT="48" HPOS="446" VPOS="2534" WIDTH="148" />
</TextLine>
<TextLine CS="1" HEIGHT="110" HPOS="90" VPOS="2604" WIDTH="1973">
<String CONTENT="xi," HEIGHT="48" HPOS="161" VPOS="2604" WIDTH="64" />
<SP HEIGHT="47" HPOS="226" VPOS="2605" WIDTH="39" />
<String CONTENT="364" HEIGHT="41" HPOS="266" VPOS="2605" WIDTH="85" />
<SP HEIGHT="47" HPOS="352" VPOS="2606" WIDTH="38" />
<String CONTENT="p." HEIGHT="37" HPOS="391" VPOS="2616" WIDTH="41" />
<SP HEIGHT="40" HPOS="433" VPOS="2605" WIDTH="58" />
<String CONTENT="23&#189;" CS="1" HEIGHT="40" HPOS="492" VPOS="2605" WIDTH="55" />
<String CONTENT="cm" HEIGHT="21" HPOS="581" STYLE="superscript" VPOS="2607" WIDTH="43" />
<String CONTENT="." HEIGHT="8" HPOS="630" VPOS="2636" WIDTH="8" />
<SP />
<String CONTENT="(Lettered" HEIGHT="49" HPOS="716" VPOS="2605" WIDTH="251" />
<SP HEIGHT="38" HPOS="968" VPOS="2608" WIDTH="39" />
<String CONTENT="on" HEIGHT="30" HPOS="1008" VPOS="2617" WIDTH="62" />
<SP HEIGHT="30" HPOS="1071" VPOS="2617" WIDTH="37" />
<String CONTENT="cover:" HEIGHT="32" HPOS="1109" VPOS="2616" WIDTH="160" />
<SP HEIGHT="39" HPOS="1270" VPOS="2608" WIDTH="39" />
<String CONTENT="Recent" HEIGHT="40" HPOS="1310" VPOS="2608" WIDTH="181" />
<SP HEIGHT="39" HPOS="1492" VPOS="2610" WIDTH="36" />
<String CONTENT="social" HEIGHT="42" HPOS="1529" VPOS="2607" WIDTH="148" />
<SP HEIGHT="40" HPOS="1678" VPOS="2608" WIDTH="40" />
<String CONTENT="trends" HEIGHT="40" HPOS="1719" VPOS="2609" WIDTH="166" />
<SP HEIGHT="28" HPOS="1886" VPOS="2621" WIDTH="38" />
<String CONTENT="monographs)" HEIGHT="97" HPOS="90" VPOS="2617" WIDTH="1973" />
</TextLine>
<TextLine HEIGHT="47" HPOS="162" VPOS="2717" WIDTH="1918">
<String CONTENT="&#8220;Published" HEIGHT="42" HPOS="162" VPOS="2717" WIDTH="289" />
<SP HEIGHT="39" HPOS="452" VPOS="2720" WIDTH="28" />
<String CONTENT="under" HEIGHT="39" HPOS="481" VPOS="2719" WIDTH="152" />
<SP HEIGHT="38" HPOS="634" VPOS="2721" WIDTH="28" />
<String CONTENT="the" HEIGHT="40" HPOS="663" VPOS="2719" WIDTH="81" />
<SP HEIGHT="40" HPOS="745" VPOS="2719" WIDTH="27" />
<String CONTENT="direction" HEIGHT="42" HPOS="773" VPOS="2718" WIDTH="235" />
<SP HEIGHT="29" HPOS="1009" VPOS="2731" WIDTH="29" />
<String CONTENT="of" HEIGHT="41" HPOS="1039" VPOS="2719" WIDTH="51" />
<SP HEIGHT="42" HPOS="1091" VPOS="2719" WIDTH="28" />
<String CONTENT="the" HEIGHT="40" HPOS="1120" VPOS="2721" WIDTH="80" />
<SP HEIGHT="40" HPOS="1201" VPOS="2720" WIDTH="29" />
<String CONTENT="President&#8217;s" HEIGHT="43" HPOS="1231" VPOS="2719" WIDTH="292" />
<SP HEIGHT="30" HPOS="1524" VPOS="2732" WIDTH="31" />
<String CONTENT="research" HEIGHT="41" HPOS="1556" VPOS="2722" WIDTH="222" />
<SP HEIGHT="40" HPOS="1779" VPOS="2723" WIDTH="28" />
<String CONTENT="committee" HEIGHT="41" HPOS="1808" VPOS="2723" WIDTH="272" />
</TextLine>
<TextLine HEIGHT="52" HPOS="90" VPOS="2773" WIDTH="1295">
<String CONTENT="on" HEIGHT="29" HPOS="90" VPOS="2787" WIDTH="60" />
<SP HEIGHT="29" HPOS="151" VPOS="2787" WIDTH="24" />
<String CONTENT="social" HEIGHT="41" HPOS="176" VPOS="2776" WIDTH="146" />
<SP HEIGHT="39" HPOS="323" VPOS="2777" WIDTH="25" />
<String CONTENT="trends.&#8221;&#8212;Foreword" HEIGHT="43" HPOS="349" VPOS="2774" WIDTH="531" />
<SP HEIGHT="39" HPOS="881" VPOS="2777" WIDTH="24" />
<String CONTENT="by" HEIGHT="47" HPOS="906" VPOS="2777" WIDTH="59" />
<SP HEIGHT="45" HPOS="966" VPOS="2779" WIDTH="25" />
<String CONTENT="the" HEIGHT="40" HPOS="992" VPOS="2777" WIDTH="79" />
<SP HEIGHT="29" HPOS="1072" VPOS="2788" WIDTH="26" />
<String CONTENT="committee." HEIGHT="43" HPOS="1099" VPOS="2775" WIDTH="286" />
</TextLine>
<TextLine CS="1" HEIGHT="112" HPOS="92" VPOS="2830" WIDTH="1972">
<String CONTENT="&#169;" HEIGHT="51" HPOS="93" VPOS="2830" WIDTH="54" />
<SP HEIGHT="51" HPOS="148" VPOS="2830" WIDTH="32" />
<String CONTENT="June" HEIGHT="40" HPOS="181" VPOS="2834" WIDTH="126" />
<SP HEIGHT="41" HPOS="308" VPOS="2833" WIDTH="31" />
<String CONTENT="26," HEIGHT="46" HPOS="340" VPOS="2834" WIDTH="69" />
<SP HEIGHT="46" HPOS="410" VPOS="2834" WIDTH="32" />
<String CONTENT="1933;" CS="1" HEIGHT="40" HPOS="443" VPOS="2833" WIDTH="114" />
<SP HEIGHT="45" HPOS="584" VPOS="2834" WIDTH="34" />
<String CONTENT="2c." HEIGHT="39" HPOS="619" VPOS="2834" WIDTH="67" />
<SP HEIGHT="40" HPOS="687" VPOS="2833" WIDTH="35" />
<String CONTENT="June" HEIGHT="41" HPOS="723" VPOS="2833" WIDTH="128" />
<SP HEIGHT="38" HPOS="852" VPOS="2835" WIDTH="29" />
<String CONTENT="20;" HEIGHT="47" HPOS="882" VPOS="2834" WIDTH="82" />
<SP HEIGHT="36" HPOS="965" VPOS="2845" WIDTH="35" />
<String CONTENT="aff." HEIGHT="40" HPOS="1001" VPOS="2834" WIDTH="81" />
<SP HEIGHT="39" HPOS="1083" VPOS="2836" WIDTH="37" />
<String CONTENT="June" HEIGHT="40" HPOS="1121" VPOS="2836" WIDTH="126" />
<SP HEIGHT="39" HPOS="1248" VPOS="2836" WIDTH="32" />
<String CONTENT="28;" HEIGHT="48" HPOS="1281" VPOS="2835" WIDTH="81" />
<SP HEIGHT="47" HPOS="1363" VPOS="2836" WIDTH="36" />
<String CONTENT="A" HEIGHT="39" HPOS="1400" VPOS="2836" WIDTH="41" />
<SP HEIGHT="40" HPOS="1442" VPOS="2836" WIDTH="33" />
<String CONTENT="63407;" HEIGHT="47" HPOS="1476" VPOS="2836" WIDTH="169" />
<SP HEIGHT="46" HPOS="1646" VPOS="2837" WIDTH="36" />
<String CONTENT="President&#8217;s" HEIGHT="42" HPOS="1683" VPOS="2836" WIDTH="294" />
<SP HEIGHT="29" HPOS="1978" VPOS="2849" WIDTH="34" />
<String CONTENT="research" HEIGHT="90" HPOS="156" VPOS="2844" WIDTH="1908" />
<SP HEIGHT="40" HPOS="330" VPOS="2891" WIDTH="27" />
<String CONTENT="committee" HEIGHT="41" HPOS="357" VPOS="2890" WIDTH="275" />
<SP HEIGHT="28" HPOS="632" VPOS="2902" WIDTH="26" />
<String CONTENT="on" HEIGHT="28" HPOS="659" VPOS="2902" WIDTH="62" />
<SP HEIGHT="30" HPOS="722" VPOS="2900" WIDTH="24" />
<String CONTENT="social" HEIGHT="41" HPOS="747" VPOS="2890" WIDTH="149" />
<SP HEIGHT="37" HPOS="896" VPOS="2894" WIDTH="29" />
<String CONTENT="trends," HEIGHT="47" HPOS="925" VPOS="2892" WIDTH="181" />
<SP HEIGHT="48" HPOS="1106" VPOS="2891" WIDTH="31" />
<String CONTENT="New" HEIGHT="41" HPOS="1137" VPOS="2891" WIDTH="117" />
<SP HEIGHT="39" HPOS="1254" VPOS="2892" WIDTH="28" />
<String CONTENT="York." HEIGHT="39" HPOS="1282" VPOS="2892" WIDTH="145" />
<SP HEIGHT="48" HPOS="1427" VPOS="2893" WIDTH="68" />
<String CONTENT="(33-17527)" HEIGHT="49" HPOS="1495" VPOS="2893" WIDTH="281" />
<SP />
</TextLine>
<TextLine HEIGHT="72" HPOS="88" STYLEREFS="StyleId-5B64B4B0-C7BC-41C9-B1C3-BF5640555ED7-" VPOS="2962" WIDTH="1243">
<String CONTENT="Cerruti," HEIGHT="67" HPOS="88" VPOS="2962" WIDTH="251" />
<SP HEIGHT="63" HPOS="340" VPOS="2966" WIDTH="31" />
<String CONTENT="Giovanni" HEIGHT="56" HPOS="372" VPOS="2963" WIDTH="288" />
<SP HEIGHT="52" HPOS="661" VPOS="2966" WIDTH="26" />
<String CONTENT="Battista," HEIGHT="69" HPOS="688" VPOS="2964" WIDTH="284" />
<SP HEIGHT="60" HPOS="973" VPOS="2973" WIDTH="33" />
<String CONTENT="1850-1914." HEIGHT="51" HPOS="1007" VPOS="2972" WIDTH="324" />
</TextLine>
<TextLine CS="1" HEIGHT="74" HPOS="221" STYLEREFS="StyleId-6B104A86-876C-4BF5-A2E4-E93BD863F39B-" VPOS="3042" WIDTH="1860">
<String CONTENT="&#8230;" CS="1" />
<SP HEIGHT="52" HPOS="221" VPOS="3043" WIDTH="38" />
<String CONTENT="Nel" HEIGHT="53" HPOS="260" VPOS="3043" WIDTH="106" />
<SP HEIGHT="65" HPOS="367" VPOS="3044" WIDTH="33" />
<String CONTENT="paese" HEIGHT="48" HPOS="401" VPOS="3061" WIDTH="165" />
<SP HEIGHT="51" HPOS="567" VPOS="3044" WIDTH="31" />
<String CONTENT="dei" HEIGHT="51" HPOS="599" VPOS="3044" WIDTH="89" />
<SP HEIGHT="50" HPOS="689" VPOS="3044" WIDTH="34" />
<String CONTENT="veleni" HEIGHT="53" HPOS="724" VPOS="3043" WIDTH="180" />
<SP HEIGHT="51" HPOS="905" VPOS="3045" WIDTH="35" />
<String CONTENT="e" HEIGHT="33" HPOS="941" VPOS="3063" WIDTH="29" />
<SP HEIGHT="52" HPOS="971" VPOS="3044" WIDTH="33" />
<String CONTENT="fra" HEIGHT="53" HPOS="1005" VPOS="3044" WIDTH="92" />
<SP HEIGHT="52" HPOS="1098" VPOS="3045" WIDTH="35" />
<String CONTENT="i" HEIGHT="51" HPOS="1134" VPOS="3045" WIDTH="16" />
<SP HEIGHT="52" HPOS="1151" VPOS="3045" WIDTH="36" />
<String CONTENT="cacciatori" HEIGHT="54" HPOS="1188" VPOS="3045" WIDTH="296" />
<SP HEIGHT="53" HPOS="1485" VPOS="3046" WIDTH="37" />
<String CONTENT="di" HEIGHT="51" HPOS="1523" VPOS="3048" WIDTH="57" />
<SP HEIGHT="51" HPOS="1581" VPOS="3048" WIDTH="35" />
<String CONTENT="teste;" HEIGHT="62" HPOS="1617" VPOS="3052" WIDTH="166" />
<SP HEIGHT="47" HPOS="1784" VPOS="3067" WIDTH="38" />
<String CONTENT="viaggi" HEIGHT="67" HPOS="1823" VPOS="3049" WIDTH="193" />
<SP HEIGHT="51" HPOS="2017" VPOS="3050" WIDTH="37" />
<String CONTENT="e" HEIGHT="33" HPOS="2055" VPOS="3067" WIDTH="26" />
</TextLine>
<TextLine HEIGHT="62" HPOS="91" STYLEREFS="StyleId-6B104A86-876C-4BF5-A2E4-E93BD863F39B-" VPOS="3118" WIDTH="1987">
<String CONTENT="avventure." HEIGHT="48" HPOS="91" VPOS="3124" WIDTH="321" />
<SP HEIGHT="54" HPOS="413" VPOS="3119" WIDTH="72" />
<String CONTENT="Con" HEIGHT="54" HPOS="486" VPOS="3119" WIDTH="120" />
<SP HEIGHT="47" HPOS="607" VPOS="3124" WIDTH="32" />
<String CONTENT="47" HEIGHT="53" HPOS="640" VPOS="3120" WIDTH="67" />
<SP HEIGHT="53" HPOS="708" VPOS="3120" WIDTH="33" />
<String CONTENT="illustrazioni" HEIGHT="53" HPOS="742" VPOS="3120" WIDTH="378" />
<SP HEIGHT="53" HPOS="1121" VPOS="3120" WIDTH="38" />
<String CONTENT="fuori" HEIGHT="55" HPOS="1160" VPOS="3120" WIDTH="151" />
<SP HEIGHT="52" HPOS="1312" VPOS="3122" WIDTH="35" />
<String CONTENT="testo." HEIGHT="48" HPOS="1348" VPOS="3128" WIDTH="159" />
<SP HEIGHT="47" HPOS="1508" VPOS="3128" WIDTH="70" />
<String CONTENT="2." HEIGHT="48" HPOS="1579" VPOS="3128" WIDTH="47" />
<SP HEIGHT="35" HPOS="1627" VPOS="3143" WIDTH="34" />
<String CONTENT="ed." HEIGHT="55" HPOS="1662" VPOS="3124" WIDTH="84" />
<SP HEIGHT="34" HPOS="1747" VPOS="3145" WIDTH="36" />
<String CONTENT="a" HEIGHT="34" HPOS="1784" VPOS="3145" WIDTH="31" />
<SP HEIGHT="34" HPOS="1816" VPOS="3145" WIDTH="35" />
<String CONTENT="cura" HEIGHT="36" HPOS="1852" VPOS="3144" WIDTH="132" />
<SP HEIGHT="52" HPOS="1985" VPOS="3128" WIDTH="36" />
<String CONTENT="di" HEIGHT="53" HPOS="2022" VPOS="3127" WIDTH="56" />
</TextLine>
<TextLine HEIGHT="74" HPOS="91" STYLEREFS="StyleId-6B104A86-876C-4BF5-A2E4-E93BD863F39B-" VPOS="3197" WIDTH="1750">
<String CONTENT="Paride" HEIGHT="52" HPOS="91" VPOS="3198" WIDTH="209" />
<SP HEIGHT="54" HPOS="301" VPOS="3197" WIDTH="31" />
<String CONTENT="Forniti." HEIGHT="51" HPOS="333" VPOS="3198" WIDTH="241" />
<SP HEIGHT="50" HPOS="575" VPOS="3198" WIDTH="69" />
<String CONTENT="Firenze," HEIGHT="67" HPOS="645" VPOS="3198" WIDTH="255" />
<SP HEIGHT="66" HPOS="901" VPOS="3199" WIDTH="31" />
<String CONTENT="R." HEIGHT="51" HPOS="933" VPOS="3199" WIDTH="67" />
<SP HEIGHT="51" HPOS="1001" VPOS="3199" WIDTH="34" />
<String CONTENT="Bemporad" HEIGHT="68" HPOS="1036" VPOS="3199" WIDTH="325" />
<SP HEIGHT="53" HPOS="1362" VPOS="3201" WIDTH="31" />
<String CONTENT="&amp;" HEIGHT="51" HPOS="1394" VPOS="3203" WIDTH="46" />
<SP HEIGHT="53" HPOS="1441" VPOS="3201" WIDTH="30" />
<String CONTENT="figlio" HEIGHT="68" HPOS="1472" VPOS="3201" WIDTH="158" />
<SP HEIGHT="48" HPOS="1631" VPOS="3222" WIDTH="39" />
<String CONTENT="[1931]" HEIGHT="65" HPOS="1671" VPOS="3206" WIDTH="170" />
</TextLine>
<TextLine CS="1" HEIGHT="51" HPOS="157" STYLEREFS="StyleId-6B104A86-876C-4BF5-A2E4-E93BD863F39B-" VPOS="3269" WIDTH="1084">
<String CONTENT="xxi," HEIGHT="46" HPOS="157" VPOS="3270" WIDTH="98" />
<SP HEIGHT="46" HPOS="256" VPOS="3270" WIDTH="31" />
<String CONTENT="291" HEIGHT="42" HPOS="288" VPOS="3269" WIDTH="83" />
<SP HEIGHT="47" HPOS="372" VPOS="3271" WIDTH="31" />
<String CONTENT="p." HEIGHT="37" HPOS="404" VPOS="3281" WIDTH="41" />
<SP HEIGHT="40" HPOS="446" VPOS="3270" WIDTH="57" />
<String CONTENT="front." CS="1" HEIGHT="40" HPOS="504" VPOS="3270" WIDTH="135" />
<SP HEIGHT="48" HPOS="653" VPOS="3270" WIDTH="28" />
<String CONTENT="(port.)" HEIGHT="49" HPOS="682" VPOS="3270" WIDTH="171" />
<SP HEIGHT="46" HPOS="854" VPOS="3273" WIDTH="38" />
<String CONTENT="plates." HEIGHT="47" HPOS="893" VPOS="3272" WIDTH="170" />
<SP HEIGHT="38" HPOS="1064" VPOS="3273" WIDTH="61" />
<String CONTENT="24" HEIGHT="38" HPOS="1126" VPOS="3273" WIDTH="56" />
<String CONTENT="cm" HEIGHT="21" HPOS="1185" STYLE="superscript" VPOS="3274" WIDTH="43" />
<String CONTENT="." HEIGHT="11" HPOS="1233" VPOS="3302" WIDTH="8" />
</TextLine>
<TextLine HEIGHT="53" HPOS="161" VPOS="3324" WIDTH="1129">
<String CONTENT="At" HEIGHT="38" HPOS="161" VPOS="3327" WIDTH="64" />
<SP HEIGHT="38" HPOS="225" VPOS="3327" WIDTH="25" />
<String CONTENT="head" HEIGHT="40" HPOS="250" VPOS="3327" WIDTH="126" />
<SP HEIGHT="39" HPOS="376" VPOS="3328" WIDTH="27" />
<String CONTENT="of" HEIGHT="40" HPOS="403" VPOS="3327" WIDTH="52" />
<SP HEIGHT="40" HPOS="455" VPOS="3327" WIDTH="26" />
<String CONTENT="title:" HEIGHT="42" HPOS="481" VPOS="3325" WIDTH="136" />
<SP HEIGHT="40" HPOS="617" VPOS="3327" WIDTH="29" />
<String CONTENT="Capitono" HEIGHT="50" HPOS="646" VPOS="3326" WIDTH="238" />
<SP HEIGHT="40" HPOS="884" VPOS="3328" WIDTH="30" />
<String CONTENT="G." HEIGHT="40" HPOS="914" VPOS="3328" WIDTH="53" />
<SP HEIGHT="39" HPOS="967" VPOS="3329" WIDTH="31" />
<String CONTENT="B." HEIGHT="39" HPOS="998" VPOS="3329" WIDTH="55" />
<SP HEIGHT="41" HPOS="1053" VPOS="3328" WIDTH="28" />
<String CONTENT="Cerruti." HEIGHT="42" HPOS="1081" VPOS="3328" WIDTH="209" />
</TextLine>
<TextLine CS="1" HEIGHT="56" HPOS="420" VPOS="3382" WIDTH="1659">
<String CONTENT="CONTENTS.&#8212;Il" CS="1" HEIGHT="37" HPOS="420" VPOS="3384" WIDTH="96" />
<SP HEIGHT="38" HPOS="535" VPOS="3384" WIDTH="34" />
<String CONTENT="capitano" HEIGHT="49" HPOS="570" VPOS="3382" WIDTH="226" />
<SP HEIGHT="42" HPOS="797" VPOS="3383" WIDTH="35" />
<String CONTENT="G." HEIGHT="41" HPOS="833" VPOS="3383" WIDTH="53" />
<SP HEIGHT="39" HPOS="887" VPOS="3385" WIDTH="35" />
<String CONTENT="B." HEIGHT="39" HPOS="923" VPOS="3385" WIDTH="52" />
<SP HEIGHT="40" HPOS="976" VPOS="3385" WIDTH="36" />
<String CONTENT="Cerruti" HEIGHT="41" HPOS="1013" VPOS="3385" WIDTH="194" />
<SP HEIGHT="49" HPOS="1208" VPOS="3385" WIDTH="46" />
<String CONTENT="(note" HEIGHT="48" HPOS="1255" VPOS="3386" WIDTH="134" />
<SP HEIGHT="39" HPOS="1390" VPOS="3388" WIDTH="34" />
<String CONTENT="biografiche)&#8212;Nel" CS="1" HEIGHT="49" HPOS="1425" VPOS="3387" WIDTH="473" />
<SP HEIGHT="46" HPOS="1899" VPOS="3392" WIDTH="36" />
<String CONTENT="paese" HEIGHT="37" HPOS="1936" VPOS="3401" WIDTH="143" />
</TextLine>
<TextLine HEIGHT="56" HPOS="88" VPOS="3438" WIDTH="1989">
<String CONTENT="dei" HEIGHT="39" HPOS="88" VPOS="3439" WIDTH="74" />
<SP HEIGHT="40" HPOS="163" VPOS="3439" WIDTH="33" />
<String CONTENT="veleni" HEIGHT="43" HPOS="197" VPOS="3438" WIDTH="153" />
<SP HEIGHT="40" HPOS="351" VPOS="3439" WIDTH="32" />
<String CONTENT="fra" HEIGHT="39" HPOS="384" VPOS="3440" WIDTH="77" />
<SP HEIGHT="40" HPOS="462" VPOS="3439" WIDTH="33" />
<String CONTENT="i" HEIGHT="39" HPOS="496" VPOS="3439" WIDTH="15" />
<SP HEIGHT="40" HPOS="512" VPOS="3439" WIDTH="33" />
<String CONTENT="sakai" HEIGHT="40" HPOS="546" VPOS="3439" WIDTH="137" />
<SP HEIGHT="49" HPOS="684" VPOS="3439" WIDTH="42" />
<String CONTENT="(note" HEIGHT="49" HPOS="727" VPOS="3440" WIDTH="133" />
<SP HEIGHT="39" HPOS="861" VPOS="3442" WIDTH="32" />
<String CONTENT="di" HEIGHT="39" HPOS="894" VPOS="3441" WIDTH="48" />
<SP HEIGHT="39" HPOS="943" VPOS="3441" WIDTH="32" />
<String CONTENT="un" HEIGHT="28" HPOS="976" VPOS="3452" WIDTH="64" />
<SP HEIGHT="30" HPOS="1041" VPOS="3452" WIDTH="32" />
<String CONTENT="colono" HEIGHT="41" HPOS="1074" VPOS="3443" WIDTH="166" />
<SP HEIGHT="40" HPOS="1241" VPOS="3444" WIDTH="32" />
<String CONTENT="del" HEIGHT="39" HPOS="1274" VPOS="3444" WIDTH="73" />
<SP HEIGHT="38" HPOS="1348" VPOS="3445" WIDTH="35" />
<String CONTENT="Perak)&#8212;Fra" HEIGHT="49" HPOS="1384" VPOS="3445" WIDTH="349" />
<SP HEIGHT="40" HPOS="1734" VPOS="3447" WIDTH="36" />
<String CONTENT="i" HEIGHT="39" HPOS="1771" VPOS="3447" WIDTH="11" />
<SP HEIGHT="42" HPOS="1783" VPOS="3447" WIDTH="34" />
<String CONTENT="cacciatori" HEIGHT="43" HPOS="1818" VPOS="3446" WIDTH="259" />
</TextLine>
<TextLine HEIGHT="52" HPOS="89" VPOS="3494" WIDTH="1439">
<String CONTENT="di" HEIGHT="39" HPOS="89" VPOS="3495" WIDTH="47" />
<SP HEIGHT="40" HPOS="137" VPOS="3495" WIDTH="28" />
<String CONTENT="teste." HEIGHT="38" HPOS="166" VPOS="3498" WIDTH="134" />
<SP HEIGHT="39" HPOS="301" VPOS="3497" WIDTH="57" />
<String CONTENT="I" HEIGHT="36" HPOS="359" VPOS="3498" WIDTH="20" />
<SP HEIGHT="37" HPOS="380" VPOS="3498" WIDTH="28" />
<String CONTENT="viaggi" HEIGHT="45" HPOS="409" VPOS="3496" WIDTH="157" />
<SP HEIGHT="39" HPOS="567" VPOS="3496" WIDTH="26" />
<String CONTENT="del" HEIGHT="38" HPOS="594" VPOS="3497" WIDTH="73" />
<SP HEIGHT="38" HPOS="668" VPOS="3498" WIDTH="28" />
<String CONTENT="capitano" HEIGHT="50" HPOS="697" VPOS="3495" WIDTH="226" />
<SP HEIGHT="41" HPOS="924" VPOS="3497" WIDTH="27" />
<String CONTENT="G." HEIGHT="41" HPOS="952" VPOS="3497" WIDTH="53" />
<SP HEIGHT="39" HPOS="1006" VPOS="3499" WIDTH="26" />
<String CONTENT="B." HEIGHT="40" HPOS="1033" VPOS="3499" WIDTH="53" />
<SP HEIGHT="41" HPOS="1087" VPOS="3498" WIDTH="29" />
<String CONTENT="Cerruti" HEIGHT="43" HPOS="1117" VPOS="3498" WIDTH="193" />
<SP HEIGHT="41" HPOS="1311" VPOS="3499" WIDTH="26" />
<String CONTENT="a" HEIGHT="29" HPOS="1338" VPOS="3511" WIDTH="29" />
<SP HEIGHT="40" HPOS="1368" VPOS="3500" WIDTH="25" />
<String CONTENT="Nias." HEIGHT="41" HPOS="1394" VPOS="3500" WIDTH="134" />
</TextLine>
<TextLine CS="1" HEIGHT="59" HPOS="90" VPOS="3549" WIDTH="1986">
<String CONTENT="&#169;" HEIGHT="51" HPOS="90" VPOS="3549" WIDTH="51" />
<SP HEIGHT="51" HPOS="142" VPOS="3549" WIDTH="25" />
<String CONTENT="Dec." HEIGHT="39" HPOS="168" VPOS="3553" WIDTH="109" />
<SP HEIGHT="40" HPOS="278" VPOS="3552" WIDTH="22" />
<String CONTENT="31," HEIGHT="47" HPOS="301" VPOS="3552" WIDTH="69" />
<SP HEIGHT="45" HPOS="371" VPOS="3554" WIDTH="25" />
<String CONTENT="1931;" HEIGHT="46" HPOS="397" VPOS="3552" WIDTH="138" />
<SP />
<String CONTENT="1c." CS="1" />
<SP HEIGHT="38" HPOS="627" VPOS="3553" WIDTH="27" />
<String CONTENT="Feb." HEIGHT="40" HPOS="655" VPOS="3553" WIDTH="110" />
<SP HEIGHT="41" HPOS="766" VPOS="3553" WIDTH="24" />
<String CONTENT="13," HEIGHT="47" HPOS="791" VPOS="3554" WIDTH="67" />
<SP HEIGHT="46" HPOS="859" VPOS="3555" WIDTH="24" />
<String CONTENT="1932;" HEIGHT="45" HPOS="884" VPOS="3555" WIDTH="139" />
<SP HEIGHT="45" HPOS="1024" VPOS="3555" WIDTH="27" />
<String CONTENT="A-Foreign" HEIGHT="49" HPOS="1052" VPOS="3555" WIDTH="310" />
<SP HEIGHT="38" HPOS="1363" VPOS="3558" WIDTH="24" />
<String CONTENT="15771;" HEIGHT="48" HPOS="1388" VPOS="3557" WIDTH="170" />
<SP HEIGHT="46" HPOS="1559" VPOS="3559" WIDTH="28" />
<String CONTENT="R." HEIGHT="43" HPOS="1588" VPOS="3559" WIDTH="55" />
<SP HEIGHT="42" HPOS="1644" VPOS="3560" WIDTH="26" />
<String CONTENT="Bemporad" HEIGHT="48" HPOS="1671" VPOS="3560" WIDTH="268" />
<SP HEIGHT="39" HPOS="1940" VPOS="3563" WIDTH="28" />
<String CONTENT="e" CS="1" />
<SP HEIGHT="38" HPOS="1993" VPOS="3564" WIDTH="25" />
<String CONTENT="f&#176;." HEIGHT="39" HPOS="2019" VPOS="3563" WIDTH="57" />
</TextLine>
<TextLine HEIGHT="50" HPOS="165" VPOS="3608" WIDTH="278">
<String CONTENT="(33-17803)" HEIGHT="50" HPOS="165" VPOS="3608" WIDTH="278" />
</TextLine>
<TextLine HEIGHT="77" HPOS="84" STYLEREFS="StyleId-5B64B4B0-C7BC-41C9-B1C3-BF5640555ED7-" VPOS="3683" WIDTH="1992">
<String CONTENT="Chicago." HEIGHT="65" HPOS="84" VPOS="3683" WIDTH="272" />
<SP HEIGHT="50" HPOS="357" VPOS="3687" WIDTH="73" />
<String CONTENT="Museum" HEIGHT="50" HPOS="431" VPOS="3687" WIDTH="270" />
<SP HEIGHT="36" HPOS="702" VPOS="3700" WIDTH="22" />
<String CONTENT="of" HEIGHT="52" HPOS="725" VPOS="3685" WIDTH="62" />
<SP HEIGHT="52" HPOS="788" VPOS="3686" WIDTH="20" />
<String CONTENT="science" HEIGHT="55" HPOS="809" VPOS="3685" WIDTH="227" />
<SP HEIGHT="37" HPOS="1037" VPOS="3703" WIDTH="21" />
<String CONTENT="and" HEIGHT="52" HPOS="1059" VPOS="3688" WIDTH="115" />
<SP HEIGHT="52" HPOS="1175" VPOS="3688" WIDTH="22" />
<String CONTENT="industry" HEIGHT="65" HPOS="1198" VPOS="3688" WIDTH="278" />
<SP HEIGHT="62" HPOS="1477" VPOS="3691" WIDTH="20" />
<String CONTENT="founded" HEIGHT="56" HPOS="1498" VPOS="3691" WIDTH="259" />
<SP HEIGHT="52" HPOS="1758" VPOS="3695" WIDTH="23" />
<String CONTENT="by" HEIGHT="64" HPOS="1782" VPOS="3696" WIDTH="79" />
<SP HEIGHT="64" HPOS="1862" VPOS="3696" WIDTH="20" />
<String CONTENT="Julius" HEIGHT="54" HPOS="1883" VPOS="3695" WIDTH="193" />
</TextLine>
<TextLine HEIGHT="56" HPOS="151" STYLEREFS="StyleId-5B64B4B0-C7BC-41C9-B1C3-BF5640555ED7-" VPOS="3762" WIDTH="363">
<String CONTENT="Rosenwald." HEIGHT="56" HPOS="151" VPOS="3762" WIDTH="363" />
</TextLine>
<TextLine HEIGHT="71" HPOS="156" STYLEREFS="StyleId-6B104A86-876C-4BF5-A2E4-E93BD863F39B-" VPOS="3840" WIDTH="1916">
<String CONTENT="From" HEIGHT="52" HPOS="156" VPOS="3842" WIDTH="170" />
<SP HEIGHT="34" HPOS="327" VPOS="3860" WIDTH="44" />
<String CONTENT="cave-man" HEIGHT="34" HPOS="372" VPOS="3859" WIDTH="290" />
<SP HEIGHT="48" HPOS="663" VPOS="3845" WIDTH="43" />
<String CONTENT="to" HEIGHT="48" HPOS="707" VPOS="3845" WIDTH="57" />
<SP HEIGHT="36" HPOS="765" VPOS="3859" WIDTH="44" />
<String CONTENT="engineer;" HEIGHT="67" HPOS="810" VPOS="3842" WIDTH="291" />
<SP HEIGHT="62" HPOS="1102" VPOS="3847" WIDTH="49" />
<String CONTENT="the" HEIGHT="55" HPOS="1152" VPOS="3843" WIDTH="93" />
<SP HEIGHT="52" HPOS="1246" VPOS="3846" WIDTH="45" />
<String CONTENT="Museum" HEIGHT="52" HPOS="1292" VPOS="3846" WIDTH="262" />
<SP HEIGHT="35" HPOS="1555" VPOS="3866" WIDTH="44" />
<String CONTENT="of" HEIGHT="54" HPOS="1600" VPOS="3847" WIDTH="64" />
<SP HEIGHT="57" HPOS="1665" VPOS="3847" WIDTH="41" />
<String CONTENT="science" HEIGHT="54" HPOS="1707" VPOS="3851" WIDTH="211" />
<SP HEIGHT="33" HPOS="1919" VPOS="3872" WIDTH="44" />
<String CONTENT="and" HEIGHT="53" HPOS="1964" VPOS="3852" WIDTH="108" />
</TextLine>
<TextLine HEIGHT="73" HPOS="88" STYLEREFS="StyleId-6B104A86-876C-4BF5-A2E4-E93BD863F39B-" VPOS="3916" WIDTH="1991">
<String CONTENT="industry" HEIGHT="67" HPOS="88" VPOS="3919" WIDTH="262" />
<SP HEIGHT="68" HPOS="351" VPOS="3918" WIDTH="24" />
<String CONTENT="founded" HEIGHT="52" HPOS="376" VPOS="3918" WIDTH="251" />
<SP HEIGHT="52" HPOS="628" VPOS="3917" WIDTH="24" />
<String CONTENT="by" HEIGHT="59" HPOS="653" VPOS="3917" WIDTH="73" />
<SP HEIGHT="59" HPOS="727" VPOS="3917" WIDTH="24" />
<String CONTENT="Julius" HEIGHT="55" HPOS="752" VPOS="3917" WIDTH="191" />
<SP HEIGHT="52" HPOS="944" VPOS="3920" WIDTH="25" />
<String CONTENT="Rosenwald," HEIGHT="58" HPOS="970" VPOS="3920" WIDTH="359" />
<SP HEIGHT="37" HPOS="1330" VPOS="3941" WIDTH="24" />
<String CONTENT="an" HEIGHT="33" HPOS="1355" VPOS="3941" WIDTH="71" />
<SP HEIGHT="51" HPOS="1427" VPOS="3924" WIDTH="26" />
<String CONTENT="institution" HEIGHT="57" HPOS="1454" VPOS="3924" WIDTH="328" />
<SP HEIGHT="50" HPOS="1783" VPOS="3934" WIDTH="25" />
<String CONTENT="to" HEIGHT="50" HPOS="1809" VPOS="3934" WIDTH="57" />
<SP HEIGHT="35" HPOS="1867" VPOS="3948" WIDTH="26" />
<String CONTENT="reveal" HEIGHT="51" HPOS="1894" VPOS="3932" WIDTH="185" />
</TextLine>
</TextBlock>
</PrintSpace>
</Page>
</Layout>
</alto>