2484 4405
1028 4105 99 44 825

94 450 242 65 Abbott,
362 452 223 62 Henry,
616 455 170 49 1850-

239 527 187 54 Watches
472 526 111 53 and
630 543 153 48 men;
834 542 71 35 an
953 524 247 67 address,
1245 524 73 67 by
1363 523 201 66 Henry
1610 521 232 67 Abbott,
1890 527 56 46 at
1994 521 93 50 the

94 604 440 68 twenty-second
576 601 367 68 anniversary
983 601 275 53 luncheon
1298 600 62 52 of
1400 600 93 51 the
1534 598 232 52 Maiden
1806 598 126 53 lane
92 599 1969 135 historical
323 681 224 67 society,
577 679 170 68 April
780 682 84 64 22,
895 681 152 64 1933,
1077 684 58 47 at
1163 679 96 53 the
1290 676 279 55 Chamber
1598 676 62 52 of
1691 693 304 36 commerce
2025 674 61 52 of

93 759 95 53 the
220 764 143 48 state
396 758 62 51 of
489 758 135 51 New
662 756 176 66 York,
872 756 136 51 New
1045 754 160 52 York
1240 756 129 67 city.
1465 753 136 54 [New
1638 752 177 67 York]
1856 750 227 54 Maiden

92 836 126 53 lane
250 834 292 56 historical
575 833 207 70 society
823 836 192 66 [c1933]

164 924 56 41 18
250 937 57 36 p.,
337 925 23 38 1
411 956 8 8 l.
449 924 110 40 incl.
588 923 148 40 front.
797 922 55 40 20½
885 925 43 21 cm
933 955 7 7 .

97 990 52 52 ©
181 996 114 46 May
324 996 69 45 15,
425 994 140 47 1933;
598 995 66 40 2c.
697 995 94 39 and
824 992 81 41 aff.
940 995 112 45 May
1085 992 81 47 18;
1202 994 40 38 A
1274 993 168 44 61856;
1477 993 59 37 H.
1570 992 193 46 Abbott,
1795 991 118 39 New
1944 990 145 40 York.

173 1052 279 48 (33-14444)

89 1154 179 54 Alton
298 1155 164 54 brick
493 1172 305 47 company.

160 1231 355 68 Impervious
541 1230 159 53 brick
725 1248 278 49 masonry.
1067 1229 84 54 St.
1178 1230 189 67 Louis,
1392 1229 131 67 Mo.,
1607 1228 122 51 Alton
1756 1227 160 53 brick
89 1245 1968 131 company
281 1343 12 33 [
299 1315 18 21 c
322 1311 151 65 1933]

163 1397 57 40 70
249 1408 42 38 p.
352 1396 142 50 illus.,
525 1397 177 48 diagrs.
763 1397 55 40 23½
851 1398 43 21 cm
900 1428 9 8 .

163 1468 347 48 Bibliography:
567 1480 44 37 p.
639 1468 157 41 60-65.

94 1535 52 52 ©
178 1541 113 47 May
320 1540 69 47 27,
420 1540 112 40 1933;
592 1540 65 40 2c.
690 1541 96 39 and
817 1539 81 41 aff.
932 1540 113 47 May
1075 1541 56 38 31:
1193 1540 40 38 A
1263 1539 143 40 61983;
1467 1539 146 39 Alton
1644 1538 136 40 brick
1810 1547 84 37 co.,
1926 1537 161 41 Alton,

163 1598 72 37 Ill.
308 1597 278 48 (33-14445)

88 1697 250 55 Alvarez
366 1701 69 51 de
461 1701 133 63 Paz,
622 1699 203 65 Diego,
857 1705 327 50 1560-1620.

160 1776 120 52 The
315 1776 106 55 life
457 1776 62 54 of
555 1777 123 54 Our
709 1777 173 68 Lord,
918 1778 165 53 Jesus
1120 1777 213 66 Christ,
1368 1778 59 51 in
1461 1776 383 66 meditations,
1879 1777 75 66 by
1988 1777 94 51 the

89 1852 1992 68 Reverend Father James Alvarez de Paz, S . J.; translated by
93 1930 181 55 Sister
316 1932 80 52 M.
439 1932 358 67 Emmanuel,
877 1975 10 10 O.
964 1976 9 9 S.
1056 1975 9 9 B.
1148 1932 83 55 St.
1275 1932 190 66 Louis,
1507 1932 116 52 Mo.
1668 1933 112 51 and
1823 1933 257 54 London,

90 2010 68 53 B.
187 2010 226 53 Herder
442 2011 146 53 book
619 2030 96 46 co.,
749 2013 152 51 1933.

155 2095 83 47 vii,
269 2094 85 40 265
387 2105 43 37 p.
488 2094 56 40 19
547 2097 43 20 cm
595 2126 9 8 .

95 2164 50 52 ©
175 2171 113 46 May
316 2170 67 45 17,
412 2168 112 41 1933;
582 2169 67 39 2c.
677 2169 114 47 May
817 2168 58 39 22;
931 2167 81 42 aff.
1042 2169 115 47 May
1184 2168 56 40 20;
1298 2169 40 38 A
1366 2168 142 40 61885;
1566 2170 55 41 B.
1650 2170 189 39 Herder
1868 2170 123 39 book
2019 2181 67 30 co.

171 2226 278 48 (33-14539)

87 2330 214 64 Arndt,
327 2329 208 53 Milton
562 2330 75 54 H.

157 2408 56 52 A
237 2426 122 34 new
386 2408 138 51 road
552 2413 58 46 to
637 2407 418 67 independence;
1114 2407 232 68 poultry
1375 2406 217 70 raising
1620 2410 94 52 the
1740 2410 193 52 Arndt
1961 2429 122 33 new

90 2503 92 35 era
216 2505 154 48 way;
409 2485 229 53 definite
672 2486 165 66 plans
873 2504 92 34 are
1000 2491 80 47 set
1118 2485 158 53 forth
1312 2485 258 67 showing
1605 2487 126 51 how
1765 2498 58 41 to
1857 2506 96 34 use
1989 2490 93 50 the

89 2562 1934 71 complete confinement system of rearing poultry for profit …
88 2644 1995 67 By Milton H. Arndt … Trenton, N. J., New era publishing
88 2742 97 36 co.,
219 2727 150 50 1933.

158 2805 1206 52 4 p. l. , 11-158 p. illus. (incl. plans) 21½ cm .
93 2876 51 52 ©
173 2881 107 39 Jan.
310 2880 38 46 1,
377 2879 112 40 1933;
547 2880 65 39 2c.
644 2879 108 40 Feb.
782 2879 55 38 21;
897 2877 81 42 aff.
1009 2880 114 46 May
1151 2879 56 38 17;
1265 2879 40 37 A
1333 2878 143 40 62697;
1534 2879 117 38 New
1677 2890 85 30 era
1792 2881 109 47 pub.
1930 2892 68 29 co.

168 2936 279 49 (33-14566)

87 3039 372 54 Association
498 3041 96 51 for
632 3039 307 53 childhood
980 3038 330 54 education.
1383 3040 325 55 Literature
1747 3043 333 54 committee.

156 3117 146 54 Told
333 3116 180 51 under
539 3116 94 52 the
663 3116 128 53 blue
817 3115 306 66 umbrella;
1156 3133 120 33 new
1307 3115 197 53 stories
1535 3116 91 51 for
1655 3134 121 34 new
1808 3117 272 69 children,

92 3195 236 53 selected
369 3194 75 68 by
485 3195 95 52 the
623 3192 321 54 Literature
987 3191 316 55 committee
1348 3193 61 51 of
1451 3196 95 51 the
1589 3195 350 53 Association
1992 3197 89 52 for

92 3271 304 53 childhood
436 3271 326 65 education;
805 3270 323 54 illustrated
1169 3270 73 68 by
1282 3270 350 68 Marguerite
1674 3271 194 57 Davis.
1947 3274 134 52 New

90 3349 176 65 York,
297 3349 120 55 The
449 3347 331 53 Macmillan
815 3365 295 50 company,
1146 3350 147 49 1933.

160 3437 87 39 viii
273 3448 57 36 p.,
357 3437 24 38 1
431 3468 23 15 l.,
483 3436 83 39 161
595 3446 42 38 p.
665 3436 109 40 incl.
803 3435 163 48 front.,
994 3435 129 41 illus.
1183 3436 56 38 24
1242 3437 44 21 cm
1291 3470 8 8 .

93 3505 50 52 ©
177 3510 124 39 June
333 3509 38 46 6,
405 3508 139 45 1933;
579 3508 66 40 2c.
678 3507 95 39 and
805 3506 80 40 aff.
921 3507 127 39 June
1080 3508 53 45 7;
1167 3507 44 38 A
1242 3506 169 47 63059;
1448 3508 281 42 Macmillan
1761 3522 68 30 co.

169 3565 278 48 (33-14406)

83 3670 212 63 Barke,
323 3669 218 53 James.

157 3747 120 53 The
316 3746 178 54 world
536 3745 87 54 his
663 3745 213 68 pillow,
915 3745 75 67 by
1030 3746 194 54 James
1265 3745 204 54 Barke.
1545 3749 257 68 London,
1846 3753 235 54 Collins.

88 3829 145 48 1933.

155 3911 85 40 424
272 3923 42 36 p.
374 3910 116 41 20cm.

92 3978 1976 106 © 1c . May 23, 1933; A ad int. 17820; pubd. Mar. 27; J. W. Barke, Glasgow. (33-15496)
