<alto xmlns="http://www.loc.gov/standards/alto/ns-v3#" xmlns:xsi="http://www.w3.org/2001/XMLSchema-instance" xsi:schemaLocation="http://www.loc.gov/standards/alto/ns-v3# http://www.loc.gov/alto/v3/alto-3-0.xsd"><Description>
<MeasurementUnit>pixel</MeasurementUnit>
<sourceImageInformation>
<fileName>1933_v1_Part1.pdf</fileName>
</sourceImageInformation>
<OCRProcessing ID="IdOcr">
<ocrProcessingStep>
<processingDateTime>2019-01-03</processingDateTime>
<processingSoftware>
<softwareCreator>ABBYY</softwareCreator>
<softwareName>ABBYY Recognition Server</softwareName>
<softwareVersion>4.0</softwareVersion>
</processingSoftware>
</ocrProcessingStep>
</OCRProcessing>
</Description>
<Styles>
<ParagraphStyle ALIGN="Left" FIRSTLINE="0." ID="StyleId-FFFFFFFF-FFFF-FFFF-FFFF-FFFFFFFFFFFF-" LEFT="0." RIGHT="0." />
<ParagraphStyle ALIGN="Left" FIRSTLINE="0." ID="StyleId-6EF5737A-DCEB-4126-A0CF-C5930BF7166A-" LEFT="0." LINESPACE="8.300000191" RIGHT="0." />
<ParagraphStyle ALIGN="Left" FIRSTLINE="0." ID="StyleId-2DE44258-FD0B-41E1-B542-087C989B01A3-" LEFT="0." LINESPACE="12.19999981" RIGHT="0." />
<ParagraphStyle ALIGN="Left" FIRSTLINE="-14." ID="StyleId-CE3D254A-29D7-4DD7-B5F1-E0FC0EF29B05-" LEFT="0." LINESPACE="8.619999886" RIGHT="0." />
<ParagraphStyle ALIGN="Left" FIRSTLINE="-14." ID="StyleId-C0E3A137-CE4F-4287-8A90-B599106709D0-" LEFT="0." LINESPACE="12.19999981" RIGHT="0." />
<ParagraphStyle ALIGN="Left" FIRSTLINE="-14." ID="StyleId-50F26F0C-05DA-4C19-BA58-7A6AC4499BEE-" LEFT="0." LINESPACE="11.06999969" RIGHT="0." />
<ParagraphStyle ALIGN="Center" FIRSTLINE="0." ID="StyleId-5DDE65AF-512C-41E2-9B8E-095D6D99EF68-" LEFT="0." LINESPACE="11.89999962" RIGHT="0." />
<ParagraphStyle ALIGN="Left" FIRSTLINE="0." ID="StyleId-0A81D7A5-6A62-4C52-915E-7768974C704D-" LEFT="0." LINESPACE="9.399999619" RIGHT="0." />
<ParagraphStyle ALIGN="Block" FIRSTLINE="-13." ID="StyleId-F7A0127F-6B48-4157-BB81-FE33E1E1A05B-" LEFT="0." LINESPACE="10.63000011" RIGHT="0." />
<ParagraphStyle ALIGN="Left" FIRSTLINE="0." ID="StyleId-E18C69F7-DBD7-48B1-805C-FCD96D0DA019-" LEFT="0." LINESPACE="11.64000034" RIGHT="0." />
<ParagraphStyle ALIGN="Left" FIRSTLINE="-14." ID="StyleId-98F15501-B611-4E83-8BB3-807E891F11F5-" LEFT="0." LINESPACE="12.19999981" RIGHT="0." />
<ParagraphStyle ALIGN="Left" FIRSTLINE="0." ID="StyleId-F4A78626-0BBC-4D12-94D9-A1AE75A9855F-" LEFT="0." LINESPACE="9.399999619" RIGHT="0." />
<ParagraphStyle ALIGN="Left" FIRSTLINE="0." ID="StyleId-6A3F6F4C-D21B-4ADE-902F-7683F18ECEF3-" LEFT="0." LINESPACE="11.10000038" RIGHT="0." />
</Styles>
<Layout>
<Page HEIGHT="4405" ID="Page55" PHYSICAL_IMG_NR="55" WIDTH="2575">
<TopMargin HEIGHT="386" HPOS="0" VPOS="0" WIDTH="2575">
</TopMargin>
<LeftMargin HEIGHT="3650" HPOS="0" VPOS="386" WIDTH="110">
</LeftMargin>
<RightMargin HEIGHT="3650" HPOS="2158" VPOS="386" WIDTH="417">
</RightMargin>
<BottomMargin HEIGHT="369" HPOS="0" VPOS="4036" WIDTH="2575">
<TextBlock HEIGHT="70" HPOS="1106" ID="Page55_Block1" LANG="en-US" STYLEREFS="StyleId-71911F99-A362-4554-90F2-8D7493169A1A-" VPOS="4036" WIDTH="84">
<TextLine HEIGHT="49" HPOS="1116" VPOS="4046" WIDTH="64">
<String CONTENT="55" HEIGHT="49" HPOS="1116" VPOS="4046" WIDTH="64" />
</TextLine>
</TextBlock>
</BottomMargin>
<PrintSpace HEIGHT="3650" HPOS="110" VPOS="386" WIDTH="2048">
<TextBlock CS="1" HEIGHT="3650" HPOS="110" ID="Page55_Block2" LANG="en-US" STYLEREFS="StyleId-AE941E2C-2C8F-425D-BBC3-C03DDFE7D14E-" VPOS="386" WIDTH="2048">
<TextLine HEIGHT="53" HPOS="190" VPOS="470" WIDTH="696">
<String CONTENT="Bibliography:" HEIGHT="49" HPOS="190" VPOS="474" WIDTH="378" />
<SP HEIGHT="38" HPOS="569" VPOS="483" WIDTH="27" />
<String CONTENT="p." HEIGHT="38" HPOS="597" VPOS="483" WIDTH="44" />
<SP HEIGHT="40" HPOS="642" VPOS="474" WIDTH="25" />
<String CONTENT="111-119." HEIGHT="43" HPOS="668" VPOS="470" WIDTH="218" />
</TextLine>
<TextLine CS="1" HEIGHT="58" HPOS="127" VPOS="522" WIDTH="2000">
<String CONTENT="&#169;" HEIGHT="52" HPOS="127" VPOS="528" WIDTH="51" />
<SP HEIGHT="52" HPOS="179" VPOS="528" WIDTH="23" />
<String CONTENT="Jan." HEIGHT="40" HPOS="203" VPOS="532" WIDTH="109" />
<SP HEIGHT="40" HPOS="313" VPOS="532" WIDTH="23" />
<String CONTENT="3," HEIGHT="46" HPOS="337" VPOS="532" WIDTH="40" />
<SP HEIGHT="46" HPOS="378" VPOS="532" WIDTH="24" />
<String CONTENT="1933;" CS="1" HEIGHT="41" HPOS="403" VPOS="530" WIDTH="112" />
<SP HEIGHT="49" HPOS="544" VPOS="528" WIDTH="25" />
<String CONTENT="2c." HEIGHT="42" HPOS="570" VPOS="528" WIDTH="66" />
<SP HEIGHT="40" HPOS="637" VPOS="529" WIDTH="26" />
<String CONTENT="Jan." HEIGHT="40" HPOS="664" VPOS="529" WIDTH="111" />
<SP HEIGHT="40" HPOS="776" VPOS="529" WIDTH="22" />
<String CONTENT="16;" HEIGHT="47" HPOS="799" VPOS="528" WIDTH="84" />
<SP HEIGHT="37" HPOS="884" VPOS="538" WIDTH="27" />
<String CONTENT="aff." CS="1" HEIGHT="41" HPOS="912" VPOS="527" WIDTH="80" />
<SP HEIGHT="41" HPOS="993" VPOS="527" WIDTH="25" />
<String CONTENT="Jan." HEIGHT="40" HPOS="1019" VPOS="527" WIDTH="111" />
<SP HEIGHT="40" HPOS="1131" VPOS="527" WIDTH="23" />
<String CONTENT="11;" HEIGHT="47" HPOS="1155" VPOS="527" WIDTH="82" />
<SP HEIGHT="47" HPOS="1238" VPOS="527" WIDTH="27" />
<String CONTENT="A" HEIGHT="39" HPOS="1266" VPOS="527" WIDTH="40" />
<SP HEIGHT="39" HPOS="1307" VPOS="527" WIDTH="24" />
<String CONTENT="58934;" HEIGHT="48" HPOS="1332" VPOS="525" WIDTH="170" />
<SP HEIGHT="47" HPOS="1503" VPOS="526" WIDTH="27" />
<String CONTENT="President" HEIGHT="42" HPOS="1531" VPOS="523" WIDTH="257" />
<SP HEIGHT="39" HPOS="1789" VPOS="526" WIDTH="25" />
<String CONTENT="and" HEIGHT="39" HPOS="1815" VPOS="525" WIDTH="95" />
<SP HEIGHT="41" HPOS="1911" VPOS="522" WIDTH="25" />
<String CONTENT="fellows" HEIGHT="41" HPOS="1937" VPOS="522" WIDTH="190" />
</TextLine>
<TextLine HEIGHT="52" HPOS="194" VPOS="582" WIDTH="1357">
<String CONTENT="of" HEIGHT="39" HPOS="194" VPOS="589" WIDTH="51" />
<SP HEIGHT="39" HPOS="246" VPOS="589" WIDTH="24" />
<String CONTENT="Harvard" HEIGHT="40" HPOS="271" VPOS="588" WIDTH="231" />
<SP HEIGHT="40" HPOS="503" VPOS="588" WIDTH="25" />
<String CONTENT="college," HEIGHT="46" HPOS="529" VPOS="588" WIDTH="191" />
<SP HEIGHT="49" HPOS="721" VPOS="585" WIDTH="28" />
<String CONTENT="Cambridge," HEIGHT="49" HPOS="750" VPOS="584" WIDTH="302" />
<SP HEIGHT="48" HPOS="1053" VPOS="585" WIDTH="28" />
<String CONTENT="Mass." HEIGHT="40" HPOS="1082" VPOS="585" WIDTH="145" />
<SP HEIGHT="48" HPOS="1228" VPOS="583" WIDTH="71" />
<String CONTENT="(33-2670)" HEIGHT="49" HPOS="1300" VPOS="582" WIDTH="251" />
</TextLine>
<TextLine HEIGHT="69" HPOS="123" STYLEREFS="StyleId-2E87AB28-9708-48C4-92D9-B389E1EFF765-" VPOS="674" WIDTH="1253">
<String CONTENT="Seymer," HEIGHT="63" HPOS="123" VPOS="680" WIDTH="262" />
<SP HEIGHT="63" HPOS="386" VPOS="680" WIDTH="27" />
<String CONTENT="Mrs." HEIGHT="52" HPOS="414" VPOS="680" WIDTH="136" />
<SP HEIGHT="52" HPOS="551" VPOS="679" WIDTH="29" />
<String CONTENT="Lucy" HEIGHT="63" HPOS="581" VPOS="679" WIDTH="164" />
<SP HEIGHT="63" HPOS="746" VPOS="679" WIDTH="27" />
<String CONTENT="Ridgely" HEIGHT="65" HPOS="774" VPOS="676" WIDTH="253" />
<SP HEIGHT="65" HPOS="1028" VPOS="678" WIDTH="34" />
<String CONTENT="(Buckler)" HEIGHT="69" HPOS="1063" VPOS="674" WIDTH="313" />
</TextLine>
<TextLine HEIGHT="76" HPOS="193" STYLEREFS="StyleId-AFE1E849-1597-4698-BD9F-B7D239E49296-" VPOS="747" WIDTH="1929">
<String CONTENT="A" HEIGHT="52" HPOS="193" VPOS="755" WIDTH="55" />
<SP HEIGHT="68" HPOS="249" VPOS="755" WIDTH="34" />
<String CONTENT="general" HEIGHT="69" HPOS="284" VPOS="754" WIDTH="228" />
<SP HEIGHT="52" HPOS="513" VPOS="754" WIDTH="33" />
<String CONTENT="history" HEIGHT="70" HPOS="547" VPOS="753" WIDTH="221" />
<SP HEIGHT="50" HPOS="769" VPOS="773" WIDTH="35" />
<String CONTENT="of" HEIGHT="53" HPOS="805" VPOS="753" WIDTH="64" />
<SP HEIGHT="52" HPOS="870" VPOS="753" WIDTH="32" />
<String CONTENT="nursing," HEIGHT="68" HPOS="903" VPOS="752" WIDTH="257" />
<SP HEIGHT="68" HPOS="1161" VPOS="751" WIDTH="33" />
<String CONTENT="by" HEIGHT="70" HPOS="1195" VPOS="751" WIDTH="76" />
<SP HEIGHT="70" HPOS="1272" VPOS="751" WIDTH="33" />
<String CONTENT="Lucy" HEIGHT="70" HPOS="1306" VPOS="751" WIDTH="158" />
<SP HEIGHT="70" HPOS="1465" VPOS="751" WIDTH="37" />
<String CONTENT="Ridgely" HEIGHT="70" HPOS="1503" VPOS="748" WIDTH="249" />
<SP HEIGHT="71" HPOS="1753" VPOS="747" WIDTH="36" />
<String CONTENT="Seymer" HEIGHT="70" HPOS="1790" VPOS="747" WIDTH="234" />
<SP HEIGHT="34" HPOS="2025" VPOS="767" WIDTH="40" />
<String CONTENT="&#8230;" HEIGHT="10" HPOS="2066" VPOS="791" WIDTH="56" />
</TextLine>
<TextLine HEIGHT="70" HPOS="124" STYLEREFS="StyleId-AFE1E849-1597-4698-BD9F-B7D239E49296-" VPOS="830" WIDTH="1364">
<String CONTENT="New" HEIGHT="53" HPOS="124" VPOS="833" WIDTH="137" />
<SP HEIGHT="54" HPOS="262" VPOS="832" WIDTH="29" />
<String CONTENT="York," HEIGHT="68" HPOS="292" VPOS="832" WIDTH="176" />
<SP HEIGHT="67" HPOS="469" VPOS="833" WIDTH="27" />
<String CONTENT="The" HEIGHT="53" HPOS="497" VPOS="832" WIDTH="123" />
<SP HEIGHT="54" HPOS="621" VPOS="831" WIDTH="26" />
<String CONTENT="Macmillan" HEIGHT="53" HPOS="648" VPOS="830" WIDTH="334" />
<SP HEIGHT="35" HPOS="983" VPOS="848" WIDTH="27" />
<String CONTENT="company," HEIGHT="50" HPOS="1011" VPOS="848" WIDTH="297" />
<SP HEIGHT="66" HPOS="1309" VPOS="831" WIDTH="29" />
<String CONTENT="1933." HEIGHT="50" HPOS="1339" VPOS="831" WIDTH="149" />
</TextLine>
<TextLine CS="1" HEIGHT="50" HPOS="191" STYLEREFS="StyleId-AFE1E849-1597-4698-BD9F-B7D239E49296-" VPOS="902" WIDTH="1212">
<String CONTENT="x" HEIGHT="30" HPOS="191" VPOS="914" WIDTH="33" />
<SP HEIGHT="38" HPOS="225" VPOS="914" WIDTH="25" />
<String CONTENT="p.," HEIGHT="38" HPOS="251" VPOS="914" WIDTH="58" />
<SP HEIGHT="49" HPOS="310" VPOS="903" WIDTH="28" />
<String CONTENT="1" HEIGHT="40" HPOS="339" VPOS="903" WIDTH="25" />
<SP />
<String CONTENT="l.," CS="1" />
<SP />
<String CONTENT="317" HEIGHT="41" HPOS="468" VPOS="903" WIDTH="86" />
<SP HEIGHT="47" HPOS="555" VPOS="904" WIDTH="26" />
<String CONTENT="p." HEIGHT="38" HPOS="582" VPOS="913" WIDTH="42" />
<SP HEIGHT="40" HPOS="625" VPOS="903" WIDTH="55" />
<String CONTENT="front.," HEIGHT="48" HPOS="681" VPOS="903" WIDTH="166" />
<SP HEIGHT="38" HPOS="848" VPOS="913" WIDTH="27" />
<String CONTENT="plates," HEIGHT="48" HPOS="876" VPOS="903" WIDTH="172" />
<SP HEIGHT="38" HPOS="1049" VPOS="913" WIDTH="28" />
<String CONTENT="ports." HEIGHT="47" HPOS="1078" VPOS="904" WIDTH="148" />
<SP HEIGHT="41" HPOS="1227" VPOS="902" WIDTH="57" />
<String CONTENT="22" HEIGHT="39" HPOS="1285" VPOS="902" WIDTH="56" />
<String CONTENT="cm" HEIGHT="22" HPOS="1344" STYLE="superscript" VPOS="903" WIDTH="45" />
<String CONTENT="." HEIGHT="9" HPOS="1393" VPOS="934" WIDTH="10" />
</TextLine>
<TextLine CS="1" HEIGHT="106" HPOS="122" VPOS="954" WIDTH="1990">
<String CONTENT="&#8220;The" HEIGHT="41" HPOS="195" VPOS="961" WIDTH="130" />
<SP HEIGHT="40" HPOS="326" VPOS="970" WIDTH="19" />
<String CONTENT="present" HEIGHT="48" HPOS="346" VPOS="962" WIDTH="195" />
<SP HEIGHT="40" HPOS="542" VPOS="962" WIDTH="20" />
<String CONTENT="edition" HEIGHT="42" HPOS="563" VPOS="960" WIDTH="185" />
<SP HEIGHT="31" HPOS="749" VPOS="971" WIDTH="21" />
<String CONTENT="of" HEIGHT="42" HPOS="771" VPOS="960" WIDTH="53" />
<SP HEIGHT="42" HPOS="825" VPOS="960" WIDTH="21" />
<String CONTENT="this" HEIGHT="44" HPOS="847" VPOS="958" WIDTH="99" />
<SP HEIGHT="31" HPOS="947" VPOS="970" WIDTH="21" />
<String CONTENT="work" HEIGHT="42" HPOS="969" VPOS="959" WIDTH="136" />
<SP HEIGHT="41" HPOS="1106" VPOS="959" WIDTH="20" />
<String CONTENT="has" HEIGHT="40" HPOS="1127" VPOS="960" WIDTH="91" />
<SP HEIGHT="41" HPOS="1219" VPOS="959" WIDTH="19" />
<String CONTENT="been" HEIGHT="41" HPOS="1239" VPOS="959" WIDTH="119" />
<SP HEIGHT="30" HPOS="1359" VPOS="969" WIDTH="21" />
<String CONTENT="revised" HEIGHT="44" HPOS="1381" VPOS="956" WIDTH="190" />
<SP HEIGHT="41" HPOS="1572" VPOS="958" WIDTH="20" />
<String CONTENT="for" HEIGHT="40" HPOS="1593" VPOS="958" WIDTH="81" />
<SP HEIGHT="40" HPOS="1675" VPOS="958" WIDTH="17" />
<String CONTENT="American" HEIGHT="42" HPOS="1693" VPOS="956" WIDTH="259" />
<SP HEIGHT="40" HPOS="1953" VPOS="967" WIDTH="23" />
<String CONTENT="publication" HEIGHT="106" HPOS="122" VPOS="954" WIDTH="1990" />
</TextLine>
<TextLine HEIGHT="50" HPOS="311" VPOS="1016" WIDTH="1029">
<String CONTENT="by" HEIGHT="47" HPOS="311" VPOS="1019" WIDTH="62" />
<SP HEIGHT="48" HPOS="374" VPOS="1018" WIDTH="26" />
<String CONTENT="Nina" HEIGHT="41" HPOS="401" VPOS="1017" WIDTH="129" />
<SP HEIGHT="39" HPOS="531" VPOS="1019" WIDTH="27" />
<String CONTENT="D." HEIGHT="39" HPOS="559" VPOS="1019" WIDTH="58" />
<SP HEIGHT="41" HPOS="618" VPOS="1017" WIDTH="28" />
<String CONTENT="Gage.&#8221;&#8212;Publisher&#8217;s" HEIGHT="49" HPOS="647" VPOS="1016" WIDTH="538" />
<SP HEIGHT="29" HPOS="1186" VPOS="1027" WIDTH="26" />
<String CONTENT="note." HEIGHT="38" HPOS="1213" VPOS="1019" WIDTH="127" />
</TextLine>
<TextLine CS="1" HEIGHT="112" HPOS="125" VPOS="1069" WIDTH="1990">
<String CONTENT="&#8220;Nursing" HEIGHT="48" HPOS="196" VPOS="1075" WIDTH="245" />
<SP HEIGHT="38" HPOS="442" VPOS="1085" WIDTH="33" />
<String CONTENT="magazines" HEIGHT="49" HPOS="476" VPOS="1073" WIDTH="278" />
<SP HEIGHT="29" HPOS="755" VPOS="1085" WIDTH="37" />
<String CONTENT="of" HEIGHT="40" HPOS="793" VPOS="1074" WIDTH="53" />
<SP HEIGHT="40" HPOS="847" VPOS="1074" WIDTH="37" />
<String CONTENT="a" HEIGHT="29" HPOS="885" VPOS="1085" WIDTH="29" />
<SP HEIGHT="29" HPOS="915" VPOS="1085" WIDTH="36" />
<String CONTENT="national" HEIGHT="42" HPOS="952" VPOS="1072" WIDTH="222" />
<SP HEIGHT="40" HPOS="1175" VPOS="1074" WIDTH="37" />
<String CONTENT="character&#8221;:" HEIGHT="43" HPOS="1213" VPOS="1071" WIDTH="313" />
<SP HEIGHT="38" HPOS="1527" VPOS="1082" WIDTH="38" />
<String CONTENT="p." HEIGHT="37" HPOS="1566" VPOS="1083" WIDTH="43" />
<SP HEIGHT="40" HPOS="1610" VPOS="1072" WIDTH="37" />
<String CONTENT="275-278;" HEIGHT="49" HPOS="1648" VPOS="1071" WIDTH="231" />
<SP HEIGHT="49" HPOS="1880" VPOS="1071" WIDTH="40" />
<String CONTENT="Bibliography:" HEIGHT="112" HPOS="125" VPOS="1069" WIDTH="1990" />
<SP HEIGHT="39" HPOS="307" VPOS="1142" WIDTH="27" />
<String CONTENT="p." HEIGHT="38" HPOS="335" VPOS="1143" WIDTH="43" />
<SP HEIGHT="41" HPOS="379" VPOS="1132" WIDTH="30" />
<String CONTENT="288-299." HEIGHT="42" HPOS="410" VPOS="1130" WIDTH="218" />
</TextLine>
<TextLine CS="1" HEIGHT="55" HPOS="129" VPOS="1187" WIDTH="1636">
<String CONTENT="&#169;" HEIGHT="53" HPOS="129" VPOS="1189" WIDTH="53" />
<SP HEIGHT="53" HPOS="183" VPOS="1189" WIDTH="24" />
<String CONTENT="Jan." HEIGHT="39" HPOS="208" VPOS="1194" WIDTH="108" />
<SP HEIGHT="40" HPOS="317" VPOS="1193" WIDTH="25" />
<String CONTENT="3," HEIGHT="47" HPOS="343" VPOS="1193" WIDTH="39" />
<SP HEIGHT="46" HPOS="383" VPOS="1194" WIDTH="24" />
<String CONTENT="1933;" HEIGHT="48" HPOS="408" VPOS="1191" WIDTH="141" />
<SP HEIGHT="48" HPOS="550" VPOS="1191" WIDTH="26" />
<String CONTENT="2c." HEIGHT="41" HPOS="577" VPOS="1191" WIDTH="67" />
<SP HEIGHT="31" HPOS="645" VPOS="1201" WIDTH="25" />
<String CONTENT="and" HEIGHT="39" HPOS="671" VPOS="1192" WIDTH="95" />
<SP />
<String CONTENT="aff." CS="1" />
<SP />
<String CONTENT="Jan." HEIGHT="41" HPOS="903" VPOS="1190" WIDTH="110" />
<SP HEIGHT="40" HPOS="1014" VPOS="1191" WIDTH="23" />
<String CONTENT="4;" HEIGHT="46" HPOS="1038" VPOS="1191" WIDTH="54" />
<SP HEIGHT="48" HPOS="1093" VPOS="1189" WIDTH="27" />
<String CONTENT="A" HEIGHT="39" HPOS="1121" VPOS="1189" WIDTH="41" />
<SP HEIGHT="40" HPOS="1163" VPOS="1189" WIDTH="23" />
<String CONTENT="57738;" HEIGHT="48" HPOS="1187" VPOS="1188" WIDTH="171" />
<SP HEIGHT="47" HPOS="1359" VPOS="1189" WIDTH="28" />
<String CONTENT="Macmillan" HEIGHT="41" HPOS="1388" VPOS="1187" WIDTH="283" />
<SP HEIGHT="30" HPOS="1672" VPOS="1198" WIDTH="25" />
<String CONTENT="co." HEIGHT="30" HPOS="1698" VPOS="1198" WIDTH="67" />
</TextLine>
<TextLine HEIGHT="50" HPOS="207" VPOS="1249" WIDTH="251">
<String CONTENT="(33-2535)" HEIGHT="50" HPOS="207" VPOS="1249" WIDTH="251" />
</TextLine>
<TextLine CS="1" HEIGHT="67" HPOS="127" STYLEREFS="StyleId-2E87AB28-9708-48C4-92D9-B389E1EFF765-" VPOS="1338" WIDTH="1401">
<String CONTENT="Sig&#252;enza" CS="1" HEIGHT="66" HPOS="127" VPOS="1338" WIDTH="293" />
<SP HEIGHT="48" HPOS="421" VPOS="1357" WIDTH="27" />
<String CONTENT="y" HEIGHT="47" HPOS="449" VPOS="1358" WIDTH="39" />
<SP HEIGHT="65" HPOS="489" VPOS="1340" WIDTH="29" />
<String CONTENT="G&#243;ngora," CS="1" HEIGHT="65" HPOS="519" VPOS="1340" WIDTH="293" />
<SP HEIGHT="64" HPOS="813" VPOS="1341" WIDTH="32" />
<String CONTENT="Carlos" HEIGHT="56" HPOS="846" VPOS="1338" WIDTH="206" />
<SP HEIGHT="54" HPOS="1053" VPOS="1339" WIDTH="24" />
<String CONTENT="de," HEIGHT="65" HPOS="1078" LANG="de" VPOS="1339" WIDTH="89" />
<SP HEIGHT="60" HPOS="1168" VPOS="1344" WIDTH="32" />
<String CONTENT="1645-1700." HEIGHT="55" HPOS="1201" VPOS="1338" WIDTH="327" />
</TextLine>
<TextLine CS="1" HEIGHT="70" HPOS="197" STYLEREFS="StyleId-AFE1E849-1597-4698-BD9F-B7D239E49296-" VPOS="1413" WIDTH="1934">
<String CONTENT="The" HEIGHT="53" HPOS="197" VPOS="1416" WIDTH="123" />
<SP HEIGHT="53" HPOS="321" VPOS="1416" WIDTH="17" />
<String CONTENT="Mercurio" HEIGHT="55" HPOS="339" VPOS="1416" WIDTH="289" />
<SP HEIGHT="35" HPOS="629" VPOS="1436" WIDTH="21" />
<String CONTENT="volante" HEIGHT="53" HPOS="651" VPOS="1418" WIDTH="230" />
<SP HEIGHT="35" HPOS="882" VPOS="1436" WIDTH="21" />
<String CONTENT="of" HEIGHT="54" HPOS="904" VPOS="1417" WIDTH="63" />
<SP HEIGHT="53" HPOS="968" VPOS="1417" WIDTH="20" />
<String CONTENT="Don" HEIGHT="52" HPOS="989" VPOS="1418" WIDTH="132" />
<SP HEIGHT="55" HPOS="1122" VPOS="1417" WIDTH="21" />
<String CONTENT="Carlos" HEIGHT="55" HPOS="1144" VPOS="1417" WIDTH="201" />
<SP HEIGHT="53" HPOS="1346" VPOS="1416" WIDTH="22" />
<String CONTENT="de" HEIGHT="52" HPOS="1369" LANG="de" VPOS="1416" WIDTH="69" />
<SP HEIGHT="56" HPOS="1439" VPOS="1414" WIDTH="22" />
<String CONTENT="Sig&#252;enza" CS="1" HEIGHT="69" HPOS="1462" VPOS="1414" WIDTH="287" />
<SP HEIGHT="48" HPOS="1750" VPOS="1433" WIDTH="17" />
<String CONTENT="y" HEIGHT="48" HPOS="1768" VPOS="1433" WIDTH="38" />
<SP HEIGHT="68" HPOS="1807" VPOS="1413" WIDTH="21" />
<String CONTENT="G&#243;ngora;" CS="1" HEIGHT="67" HPOS="1829" VPOS="1413" WIDTH="302" />
</TextLine>
<TextLine HEIGHT="71" HPOS="130" STYLEREFS="StyleId-AFE1E849-1597-4698-BD9F-B7D239E49296-" VPOS="1492" WIDTH="2002">
<String CONTENT="an" HEIGHT="34" HPOS="130" VPOS="1513" WIDTH="72" />
<SP HEIGHT="35" HPOS="203" VPOS="1513" WIDTH="40" />
<String CONTENT="account" HEIGHT="47" HPOS="244" VPOS="1501" WIDTH="238" />
<SP HEIGHT="48" HPOS="483" VPOS="1501" WIDTH="37" />
<String CONTENT="of" HEIGHT="54" HPOS="521" VPOS="1495" WIDTH="64" />
<SP HEIGHT="54" HPOS="586" VPOS="1495" WIDTH="35" />
<String CONTENT="the" HEIGHT="53" HPOS="622" VPOS="1496" WIDTH="97" />
<SP HEIGHT="53" HPOS="720" VPOS="1495" WIDTH="37" />
<String CONTENT="first" HEIGHT="54" HPOS="758" VPOS="1495" WIDTH="127" />
<SP HEIGHT="47" HPOS="886" VPOS="1501" WIDTH="39" />
<String CONTENT="expedition" HEIGHT="69" HPOS="926" VPOS="1494" WIDTH="331" />
<SP HEIGHT="35" HPOS="1258" VPOS="1513" WIDTH="39" />
<String CONTENT="of" HEIGHT="55" HPOS="1298" VPOS="1493" WIDTH="64" />
<SP HEIGHT="53" HPOS="1363" VPOS="1493" WIDTH="36" />
<String CONTENT="Don" HEIGHT="53" HPOS="1400" VPOS="1494" WIDTH="132" />
<SP HEIGHT="52" HPOS="1533" VPOS="1493" WIDTH="38" />
<String CONTENT="Diego" HEIGHT="68" HPOS="1572" VPOS="1492" WIDTH="186" />
<SP HEIGHT="54" HPOS="1759" VPOS="1492" WIDTH="39" />
<String CONTENT="de" HEIGHT="52" HPOS="1799" LANG="de" VPOS="1492" WIDTH="69" />
<SP HEIGHT="54" HPOS="1869" VPOS="1492" WIDTH="37" />
<String CONTENT="Vargas" HEIGHT="67" HPOS="1907" VPOS="1492" WIDTH="225" />
</TextLine>
<TextLine HEIGHT="71" HPOS="129" STYLEREFS="StyleId-AFE1E849-1597-4698-BD9F-B7D239E49296-" VPOS="1569" WIDTH="2006">
<String CONTENT="into" HEIGHT="55" HPOS="129" VPOS="1571" WIDTH="123" />
<SP HEIGHT="53" HPOS="253" VPOS="1573" WIDTH="36" />
<String CONTENT="New" HEIGHT="53" HPOS="290" VPOS="1573" WIDTH="140" />
<SP HEIGHT="53" HPOS="431" VPOS="1573" WIDTH="35" />
<String CONTENT="Mexico" HEIGHT="53" HPOS="467" VPOS="1573" WIDTH="224" />
<SP HEIGHT="53" HPOS="692" VPOS="1573" WIDTH="35" />
<String CONTENT="in" HEIGHT="53" HPOS="728" VPOS="1573" WIDTH="61" />
<SP HEIGHT="48" HPOS="790" VPOS="1578" WIDTH="40" />
<String CONTENT="1692;" HEIGHT="64" HPOS="831" VPOS="1576" WIDTH="163" />
<SP HEIGHT="61" HPOS="995" VPOS="1579" WIDTH="38" />
<String CONTENT="translated," HEIGHT="66" HPOS="1034" VPOS="1572" WIDTH="337" />
<SP HEIGHT="47" HPOS="1372" VPOS="1591" WIDTH="35" />
<String CONTENT="with" HEIGHT="54" HPOS="1408" VPOS="1571" WIDTH="141" />
<SP HEIGHT="52" HPOS="1550" VPOS="1571" WIDTH="36" />
<String CONTENT="introduction" HEIGHT="55" HPOS="1587" VPOS="1569" WIDTH="393" />
<SP HEIGHT="35" HPOS="1981" VPOS="1588" WIDTH="39" />
<String CONTENT="and" HEIGHT="53" HPOS="2021" VPOS="1570" WIDTH="114" />
</TextLine>
<TextLine HEIGHT="73" HPOS="128" STYLEREFS="StyleId-AFE1E849-1597-4698-BD9F-B7D239E49296-" VPOS="1647" WIDTH="2005">
<String CONTENT="notes," HEIGHT="63" HPOS="128" VPOS="1655" WIDTH="177" />
<SP HEIGHT="67" HPOS="306" VPOS="1651" WIDTH="22" />
<String CONTENT="by" HEIGHT="69" HPOS="329" VPOS="1651" WIDTH="77" />
<SP HEIGHT="70" HPOS="407" VPOS="1650" WIDTH="20" />
<String CONTENT="Irving" HEIGHT="70" HPOS="428" VPOS="1650" WIDTH="208" />
<SP HEIGHT="69" HPOS="637" VPOS="1651" WIDTH="21" />
<String CONTENT="Albert" HEIGHT="54" HPOS="659" VPOS="1651" WIDTH="207" />
<SP HEIGHT="54" HPOS="867" VPOS="1651" WIDTH="22" />
<String CONTENT="Leonard" HEIGHT="54" HPOS="890" VPOS="1651" WIDTH="265" />
<SP HEIGHT="54" HPOS="1156" VPOS="1651" WIDTH="29" />
<String CONTENT="&#8230;" HEIGHT="11" HPOS="1186" VPOS="1694" WIDTH="56" />
<SP HEIGHT="54" HPOS="1243" VPOS="1650" WIDTH="63" />
<String CONTENT="Los" HEIGHT="54" HPOS="1307" VPOS="1650" WIDTH="111" />
<SP HEIGHT="54" HPOS="1419" VPOS="1649" WIDTH="24" />
<String CONTENT="Angeles," HEIGHT="68" HPOS="1444" VPOS="1649" WIDTH="269" />
<SP HEIGHT="68" HPOS="1714" VPOS="1649" WIDTH="23" />
<String CONTENT="The" HEIGHT="54" HPOS="1738" VPOS="1648" WIDTH="122" />
<SP HEIGHT="65" HPOS="1861" VPOS="1647" WIDTH="26" />
<String CONTENT="Quivira" HEIGHT="65" HPOS="1888" VPOS="1647" WIDTH="245" />
</TextLine>
<TextLine HEIGHT="68" HPOS="124" STYLEREFS="StyleId-AFE1E849-1597-4698-BD9F-B7D239E49296-" VPOS="1729" WIDTH="426">
<String CONTENT="society," HEIGHT="68" HPOS="124" VPOS="1729" WIDTH="230" />
<SP HEIGHT="64" HPOS="355" VPOS="1733" WIDTH="42" />
<String CONTENT="1932." HEIGHT="50" HPOS="398" VPOS="1733" WIDTH="152" />
</TextLine>
<TextLine CS="1" HEIGHT="51" HPOS="204" VPOS="1800" WIDTH="1933">
<String CONTENT="89" HEIGHT="41" HPOS="204" VPOS="1800" WIDTH="57" />
<SP HEIGHT="49" HPOS="262" VPOS="1800" WIDTH="26" />
<String CONTENT="p.," HEIGHT="39" HPOS="289" VPOS="1810" WIDTH="59" />
<SP HEIGHT="48" HPOS="349" VPOS="1801" WIDTH="28" />
<String CONTENT="facsim.:" HEIGHT="41" HPOS="378" VPOS="1801" WIDTH="219" />
<SP HEIGHT="49" HPOS="598" VPOS="1802" WIDTH="43" />
<String CONTENT="([91]-128" CS="1" HEIGHT="49" HPOS="642" VPOS="1802" WIDTH="234" />
<SP HEIGHT="48" HPOS="877" VPOS="1802" WIDTH="26" />
<String CONTENT="p.)," HEIGHT="48" HPOS="904" VPOS="1802" WIDTH="94" />
<SP HEIGHT="47" HPOS="999" VPOS="1803" WIDTH="30" />
<String CONTENT="129-136" HEIGHT="42" HPOS="1030" VPOS="1800" WIDTH="204" />
<SP HEIGHT="49" HPOS="1235" VPOS="1802" WIDTH="27" />
<String CONTENT="p." HEIGHT="38" HPOS="1263" VPOS="1813" WIDTH="43" />
<SP HEIGHT="41" HPOS="1307" VPOS="1802" WIDTH="59" />
<String CONTENT="illus." HEIGHT="41" HPOS="1367" VPOS="1802" WIDTH="128" />
<SP HEIGHT="48" HPOS="1496" VPOS="1801" WIDTH="28" />
<String CONTENT="(coat" HEIGHT="48" HPOS="1525" VPOS="1801" WIDTH="133" />
<SP HEIGHT="40" HPOS="1659" VPOS="1802" WIDTH="30" />
<String CONTENT="of" HEIGHT="41" HPOS="1690" VPOS="1801" WIDTH="52" />
<SP HEIGHT="40" HPOS="1743" VPOS="1801" WIDTH="28" />
<String CONTENT="arms)" HEIGHT="49" HPOS="1772" VPOS="1800" WIDTH="156" />
<SP HEIGHT="49" HPOS="1929" VPOS="1800" WIDTH="39" />
<String CONTENT="XII" CS="1" />
<SP HEIGHT="40" HPOS="2046" VPOS="1811" WIDTH="27" />
<String CONTENT="pl." CS="1" HEIGHT="39" HPOS="2074" VPOS="1812" WIDTH="63" />
</TextLine>
<TextLine CS="1" HEIGHT="51" HPOS="144" VPOS="1857" WIDTH="1994">
<String CONTENT="(incl." HEIGHT="49" HPOS="144" VPOS="1857" WIDTH="133" />
<SP HEIGHT="40" HPOS="278" VPOS="1858" WIDTH="38" />
<String CONTENT="front." CS="1" HEIGHT="41" HPOS="317" VPOS="1858" WIDTH="136" />
<SP HEIGHT="49" HPOS="468" VPOS="1858" WIDTH="28" />
<String CONTENT="(port.)" HEIGHT="50" HPOS="497" VPOS="1858" WIDTH="171" />
<SP HEIGHT="48" HPOS="669" VPOS="1860" WIDTH="49" />
<String CONTENT="fold." CS="1" HEIGHT="40" HPOS="719" VPOS="1859" WIDTH="105" />
<SP HEIGHT="30" HPOS="839" VPOS="1870" WIDTH="41" />
<String CONTENT="map)" HEIGHT="47" HPOS="881" VPOS="1861" WIDTH="135" />
<SP HEIGHT="50" HPOS="1017" VPOS="1858" WIDTH="79" />
<String CONTENT="26" HEIGHT="41" HPOS="1097" VPOS="1858" WIDTH="57" />
<String CONTENT="cm" HEIGHT="22" HPOS="1157" STYLE="superscript" VPOS="1860" WIDTH="43" />
<String CONTENT="." HEIGHT="9" HPOS="1205" VPOS="1891" WIDTH="9" />
<SP HEIGHT="48" HPOS="1215" VPOS="1859" WIDTH="80" />
<String CONTENT="(Added" HEIGHT="48" HPOS="1296" VPOS="1859" WIDTH="193" />
<SP HEIGHT="39" HPOS="1490" VPOS="1860" WIDTH="41" />
<String CONTENT="t.-p.:" HEIGHT="46" HPOS="1532" VPOS="1860" WIDTH="121" />
<SP HEIGHT="47" HPOS="1654" VPOS="1857" WIDTH="41" />
<String CONTENT="Quivira" HEIGHT="47" HPOS="1696" VPOS="1857" WIDTH="204" />
<SP HEIGHT="30" HPOS="1901" VPOS="1869" WIDTH="38" />
<String CONTENT="society." HEIGHT="48" HPOS="1940" VPOS="1858" WIDTH="198" />
</TextLine>
<TextLine CS="1" HEIGHT="49" HPOS="135" VPOS="1916" WIDTH="606">
<String CONTENT="Publications," HEIGHT="42" HPOS="135" VPOS="1916" WIDTH="346" />
<SP HEIGHT="29" HPOS="482" VPOS="1928" WIDTH="55" />
<String CONTENT="vol." HEIGHT="41" HPOS="538" VPOS="1917" WIDTH="92" />
<SP HEIGHT="30" HPOS="631" VPOS="1927" WIDTH="25" />
<String CONTENT="III)" CS="1" HEIGHT="47" HPOS="728" VPOS="1918" WIDTH="13" />
</TextLine>
<TextLine HEIGHT="53" HPOS="208" VPOS="1970" WIDTH="1930">
<String CONTENT="&#8220;Thirty-five" HEIGHT="50" HPOS="208" VPOS="1971" WIDTH="315" />
<SP HEIGHT="32" HPOS="524" VPOS="1983" WIDTH="31" />
<String CONTENT="copies" HEIGHT="49" HPOS="556" VPOS="1973" WIDTH="161" />
<SP HEIGHT="39" HPOS="718" VPOS="1984" WIDTH="30" />
<String CONTENT="printed" HEIGHT="50" HPOS="749" VPOS="1973" WIDTH="197" />
<SP HEIGHT="41" HPOS="947" VPOS="1974" WIDTH="31" />
<String CONTENT="on" HEIGHT="31" HPOS="979" VPOS="1984" WIDTH="60" />
<SP HEIGHT="40" HPOS="1040" VPOS="1973" WIDTH="34" />
<String CONTENT="Rives" HEIGHT="42" HPOS="1075" VPOS="1972" WIDTH="147" />
<SP HEIGHT="38" HPOS="1223" VPOS="1984" WIDTH="31" />
<String CONTENT="paper" HEIGHT="40" HPOS="1255" VPOS="1982" WIDTH="151" />
<SP HEIGHT="40" HPOS="1407" VPOS="1972" WIDTH="30" />
<String CONTENT="for" HEIGHT="41" HPOS="1438" VPOS="1972" WIDTH="80" />
<SP HEIGHT="39" HPOS="1519" VPOS="1974" WIDTH="33" />
<String CONTENT="the" HEIGHT="41" HPOS="1553" VPOS="1973" WIDTH="83" />
<SP HEIGHT="48" HPOS="1637" VPOS="1970" WIDTH="34" />
<String CONTENT="Quivira" HEIGHT="48" HPOS="1672" VPOS="1970" WIDTH="204" />
<SP HEIGHT="31" HPOS="1877" VPOS="1982" WIDTH="34" />
<String CONTENT="society.&#8221;" HEIGHT="49" HPOS="1912" VPOS="1972" WIDTH="226" />
</TextLine>
<TextLine HEIGHT="51" HPOS="137" VPOS="2028" WIDTH="1489">
<String CONTENT="Signed:" HEIGHT="49" HPOS="137" VPOS="2028" WIDTH="203" />
<SP HEIGHT="39" HPOS="341" VPOS="2030" WIDTH="29" />
<String CONTENT="Irving" HEIGHT="50" HPOS="371" VPOS="2029" WIDTH="170" />
<SP HEIGHT="49" HPOS="542" VPOS="2030" WIDTH="23" />
<String CONTENT="A." HEIGHT="41" HPOS="566" VPOS="2030" WIDTH="54" />
<SP HEIGHT="41" HPOS="621" VPOS="2030" WIDTH="27" />
<String CONTENT="Leonard." HEIGHT="41" HPOS="649" VPOS="2030" WIDTH="237" />
<SP HEIGHT="40" HPOS="887" VPOS="2031" WIDTH="54" />
<String CONTENT="This" HEIGHT="41" HPOS="942" VPOS="2030" WIDTH="120" />
<SP HEIGHT="31" HPOS="1063" VPOS="2040" WIDTH="26" />
<String CONTENT="copy" HEIGHT="39" HPOS="1090" VPOS="2040" WIDTH="120" />
<SP HEIGHT="37" HPOS="1211" VPOS="2041" WIDTH="24" />
<String CONTENT="not" HEIGHT="40" HPOS="1236" VPOS="2031" WIDTH="84" />
<SP HEIGHT="39" HPOS="1321" VPOS="2031" WIDTH="26" />
<String CONTENT="numbered." HEIGHT="41" HPOS="1348" VPOS="2030" WIDTH="278" />
</TextLine>
<TextLine HEIGHT="50" HPOS="207" VPOS="2086" WIDTH="1933">
<String CONTENT="&#8220;The" HEIGHT="43" HPOS="207" VPOS="2086" WIDTH="128" />
<SP HEIGHT="43" HPOS="336" VPOS="2086" WIDTH="28" />
<String CONTENT="Mercurio" HEIGHT="42" HPOS="365" VPOS="2086" WIDTH="243" />
<SP HEIGHT="29" HPOS="609" VPOS="2099" WIDTH="26" />
<String CONTENT="volante" HEIGHT="43" HPOS="636" VPOS="2086" WIDTH="197" />
<SP HEIGHT="29" HPOS="834" VPOS="2100" WIDTH="29" />
<String CONTENT="&#8230;" HEIGHT="10" HPOS="864" VPOS="2118" WIDTH="46" />
<SP HEIGHT="39" HPOS="911" VPOS="2088" WIDTH="30" />
<String CONTENT="is" HEIGHT="40" HPOS="942" VPOS="2088" WIDTH="42" />
<SP HEIGHT="40" HPOS="985" VPOS="2088" WIDTH="27" />
<String CONTENT="here" HEIGHT="40" HPOS="1013" VPOS="2088" WIDTH="114" />
<SP HEIGHT="29" HPOS="1128" VPOS="2099" WIDTH="28" />
<String CONTENT="reproduced" HEIGHT="49" HPOS="1157" VPOS="2087" WIDTH="299" />
<SP HEIGHT="40" HPOS="1457" VPOS="2086" WIDTH="25" />
<String CONTENT="in" HEIGHT="40" HPOS="1483" VPOS="2086" WIDTH="51" />
<SP HEIGHT="40" HPOS="1535" VPOS="2086" WIDTH="27" />
<String CONTENT="facsimile" HEIGHT="42" HPOS="1563" VPOS="2086" WIDTH="243" />
<SP HEIGHT="29" HPOS="1807" VPOS="2099" WIDTH="30" />
<String CONTENT="&#8230;" HEIGHT="9" HPOS="1838" VPOS="2118" WIDTH="46" />
<SP HEIGHT="39" HPOS="1885" VPOS="2087" WIDTH="30" />
<String CONTENT="from" HEIGHT="40" HPOS="1916" VPOS="2087" WIDTH="129" />
<SP HEIGHT="31" HPOS="2046" VPOS="2097" WIDTH="29" />
<String CONTENT="an" HEIGHT="31" HPOS="2076" VPOS="2097" WIDTH="64" />
</TextLine>
<TextLine CS="1" HEIGHT="107" HPOS="136" VPOS="2142" WIDTH="1988">
<String CONTENT="original" HEIGHT="50" HPOS="138" VPOS="2143" WIDTH="209" />
<SP HEIGHT="40" HPOS="348" VPOS="2144" WIDTH="30" />
<String CONTENT="in" HEIGHT="39" HPOS="379" VPOS="2144" WIDTH="50" />
<SP HEIGHT="39" HPOS="430" VPOS="2146" WIDTH="32" />
<String CONTENT="the" HEIGHT="41" HPOS="463" VPOS="2144" WIDTH="82" />
<SP HEIGHT="39" HPOS="546" VPOS="2154" WIDTH="30" />
<String CONTENT="possession" HEIGHT="49" HPOS="577" VPOS="2144" WIDTH="275" />
<SP HEIGHT="29" HPOS="853" VPOS="2156" WIDTH="33" />
<String CONTENT="of" HEIGHT="40" HPOS="887" VPOS="2145" WIDTH="52" />
<SP HEIGHT="40" HPOS="940" VPOS="2145" WIDTH="30" />
<String CONTENT="the" HEIGHT="40" HPOS="971" VPOS="2145" WIDTH="83" />
<SP HEIGHT="42" HPOS="1055" VPOS="2143" WIDTH="32" />
<String CONTENT="John" HEIGHT="41" HPOS="1088" VPOS="2143" WIDTH="127" />
<SP HEIGHT="42" HPOS="1216" VPOS="2142" WIDTH="34" />
<String CONTENT="Carter" HEIGHT="43" HPOS="1251" VPOS="2142" WIDTH="176" />
<SP HEIGHT="40" HPOS="1428" VPOS="2143" WIDTH="32" />
<String CONTENT="Brown" HEIGHT="42" HPOS="1461" VPOS="2143" WIDTH="177" />
<SP HEIGHT="40" HPOS="1639" VPOS="2143" WIDTH="32" />
<String CONTENT="library" HEIGHT="49" HPOS="1672" VPOS="2143" WIDTH="187" />
<SP HEIGHT="38" HPOS="1860" VPOS="2154" WIDTH="31" />
<String CONTENT="of" HEIGHT="41" HPOS="1892" VPOS="2144" WIDTH="52" />
<SP HEIGHT="39" HPOS="1945" VPOS="2144" WIDTH="32" />
<String CONTENT="Providence," HEIGHT="105" HPOS="136" VPOS="2144" WIDTH="1988" />
</TextLine>
<TextLine HEIGHT="50" HPOS="327" VPOS="2200" WIDTH="849">
<String CONTENT="Rhode" HEIGHT="43" HPOS="327" VPOS="2200" WIDTH="169" />
<SP HEIGHT="43" HPOS="497" VPOS="2200" WIDTH="27" />
<String CONTENT="Island.&#8221;&#8212;Introd.," HEIGHT="49" HPOS="525" VPOS="2200" WIDTH="478" />
<SP HEIGHT="38" HPOS="1004" VPOS="2212" WIDTH="27" />
<String CONTENT="p." HEIGHT="38" HPOS="1032" VPOS="2212" WIDTH="43" />
<SP HEIGHT="41" HPOS="1076" VPOS="2201" WIDTH="27" />
<String CONTENT="46." HEIGHT="41" HPOS="1104" VPOS="2201" WIDTH="72" />
</TextLine>
<TextLine HEIGHT="50" HPOS="210" VPOS="2257" WIDTH="1932">
<String CONTENT="Facsimile" HEIGHT="41" HPOS="210" VPOS="2258" WIDTH="259" />
<SP HEIGHT="40" HPOS="470" VPOS="2259" WIDTH="34" />
<String CONTENT="has" HEIGHT="40" HPOS="505" VPOS="2259" WIDTH="91" />
<SP HEIGHT="38" HPOS="597" VPOS="2260" WIDTH="37" />
<String CONTENT="title:" HEIGHT="41" HPOS="635" VPOS="2258" WIDTH="135" />
<SP HEIGHT="41" HPOS="771" VPOS="2257" WIDTH="40" />
<String CONTENT="Mercurio" HEIGHT="42" HPOS="812" VPOS="2257" WIDTH="244" />
<SP HEIGHT="31" HPOS="1057" VPOS="2268" WIDTH="36" />
<String CONTENT="volante" HEIGHT="42" HPOS="1094" VPOS="2257" WIDTH="196" />
<SP HEIGHT="31" HPOS="1291" VPOS="2268" WIDTH="36" />
<String CONTENT="con" HEIGHT="30" HPOS="1328" VPOS="2268" WIDTH="88" />
<SP HEIGHT="40" HPOS="1417" VPOS="2257" WIDTH="39" />
<String CONTENT="la" HEIGHT="41" HPOS="1457" VPOS="2257" WIDTH="48" />
<SP HEIGHT="30" HPOS="1506" VPOS="2268" WIDTH="36" />
<String CONTENT="noticia" HEIGHT="41" HPOS="1543" VPOS="2257" WIDTH="182" />
<SP HEIGHT="39" HPOS="1726" VPOS="2259" WIDTH="38" />
<String CONTENT="de" HEIGHT="40" HPOS="1765" LANG="de" VPOS="2259" WIDTH="58" />
<SP HEIGHT="41" HPOS="1824" VPOS="2258" WIDTH="37" />
<String CONTENT="la" HEIGHT="40" HPOS="1862" VPOS="2258" WIDTH="48" />
<SP HEIGHT="29" HPOS="1911" VPOS="2269" WIDTH="39" />
<String CONTENT="recupe-" HEIGHT="39" HPOS="1951" VPOS="2268" WIDTH="191" />
</TextLine>
<TextLine HEIGHT="52" HPOS="138" VPOS="2314" WIDTH="2003">
<String CONTENT="racion" HEIGHT="40" HPOS="138" VPOS="2316" WIDTH="166" />
<SP HEIGHT="40" HPOS="305" VPOS="2316" WIDTH="31" />
<String CONTENT="de" HEIGHT="42" HPOS="337" LANG="de" VPOS="2316" WIDTH="58" />
<SP HEIGHT="42" HPOS="396" VPOS="2316" WIDTH="30" />
<String CONTENT="las" HEIGHT="41" HPOS="427" VPOS="2316" WIDTH="74" />
<SP HEIGHT="39" HPOS="502" VPOS="2326" WIDTH="30" />
<String CONTENT="provincias" HEIGHT="51" HPOS="533" VPOS="2314" WIDTH="278" />
<SP HEIGHT="41" HPOS="812" VPOS="2316" WIDTH="31" />
<String CONTENT="del" HEIGHT="42" HPOS="844" VPOS="2315" WIDTH="78" />
<SP HEIGHT="41" HPOS="923" VPOS="2314" WIDTH="30" />
<String CONTENT="Nvevo" HEIGHT="42" HPOS="954" VPOS="2314" WIDTH="166" />
<SP HEIGHT="42" HPOS="1121" VPOS="2314" WIDTH="29" />
<String CONTENT="Mexico" HEIGHT="42" HPOS="1151" VPOS="2314" WIDTH="189" />
<SP HEIGHT="31" HPOS="1341" VPOS="2325" WIDTH="31" />
<String CONTENT="consegvida" HEIGHT="51" HPOS="1373" VPOS="2314" WIDTH="290" />
<SP HEIGHT="41" HPOS="1664" VPOS="2324" WIDTH="31" />
<String CONTENT="por" HEIGHT="39" HPOS="1696" VPOS="2326" WIDTH="88" />
<SP HEIGHT="40" HPOS="1785" VPOS="2316" WIDTH="31" />
<String CONTENT="d." HEIGHT="41" HPOS="1817" VPOS="2316" WIDTH="44" />
<SP HEIGHT="42" HPOS="1862" VPOS="2315" WIDTH="33" />
<String CONTENT="Diego" HEIGHT="51" HPOS="1896" VPOS="2315" WIDTH="151" />
<SP HEIGHT="41" HPOS="2048" VPOS="2317" WIDTH="33" />
<String CONTENT="de" HEIGHT="41" HPOS="2082" LANG="de" VPOS="2317" WIDTH="59" />
</TextLine>
<TextLine HEIGHT="49" HPOS="137" VPOS="2373" WIDTH="2005">
<String CONTENT="Vargas," HEIGHT="49" HPOS="137" VPOS="2373" WIDTH="203" />
<SP HEIGHT="48" HPOS="341" VPOS="2373" WIDTH="30" />
<String CONTENT="Zapata," HEIGHT="48" HPOS="372" VPOS="2373" WIDTH="201" />
<SP HEIGHT="37" HPOS="574" VPOS="2385" WIDTH="28" />
<String CONTENT="y" HEIGHT="37" HPOS="603" VPOS="2385" WIDTH="31" />
<SP HEIGHT="48" HPOS="635" VPOS="2374" WIDTH="29" />
<String CONTENT="Luxan" HEIGHT="40" HPOS="665" VPOS="2374" WIDTH="172" />
<SP HEIGHT="39" HPOS="838" VPOS="2373" WIDTH="29" />
<String CONTENT="Ponze" HEIGHT="41" HPOS="868" VPOS="2373" WIDTH="157" />
<SP HEIGHT="40" HPOS="1026" VPOS="2374" WIDTH="27" />
<String CONTENT="de" HEIGHT="40" HPOS="1054" LANG="de" VPOS="2374" WIDTH="59" />
<SP HEIGHT="41" HPOS="1114" VPOS="2373" WIDTH="29" />
<String CONTENT="Leon," HEIGHT="47" HPOS="1144" VPOS="2373" WIDTH="143" />
<SP HEIGHT="38" HPOS="1288" VPOS="2383" WIDTH="29" />
<String CONTENT="governador" HEIGHT="48" HPOS="1318" VPOS="2373" WIDTH="303" />
<SP HEIGHT="37" HPOS="1622" VPOS="2384" WIDTH="29" />
<String CONTENT="y" HEIGHT="37" HPOS="1652" VPOS="2384" WIDTH="30" />
<SP HEIGHT="38" HPOS="1683" VPOS="2383" WIDTH="29" />
<String CONTENT="capitan" HEIGHT="49" HPOS="1713" VPOS="2373" WIDTH="199" />
<SP HEIGHT="37" HPOS="1913" VPOS="2385" WIDTH="30" />
<String CONTENT="general" HEIGHT="48" HPOS="1944" VPOS="2374" WIDTH="198" />
</TextLine>
<TextLine HEIGHT="50" HPOS="139" VPOS="2429" WIDTH="2003">
<String CONTENT="de" HEIGHT="40" HPOS="139" LANG="de" VPOS="2431" WIDTH="58" />
<SP HEIGHT="31" HPOS="198" VPOS="2441" WIDTH="40" />
<String CONTENT="aquel" HEIGHT="48" HPOS="239" VPOS="2431" WIDTH="143" />
<SP HEIGHT="39" HPOS="383" VPOS="2431" WIDTH="43" />
<String CONTENT="reyno." HEIGHT="37" HPOS="427" VPOS="2441" WIDTH="162" />
<SP HEIGHT="40" HPOS="590" VPOS="2430" WIDTH="71" />
<String CONTENT="Escriviola" HEIGHT="41" HPOS="662" VPOS="2429" WIDTH="273" />
<SP HEIGHT="38" HPOS="936" VPOS="2441" WIDTH="42" />
<String CONTENT="por" HEIGHT="38" HPOS="979" VPOS="2441" WIDTH="88" />
<SP HEIGHT="29" HPOS="1068" VPOS="2442" WIDTH="42" />
<String CONTENT="especial" HEIGHT="49" HPOS="1111" VPOS="2429" WIDTH="211" />
<SP HEIGHT="40" HPOS="1323" VPOS="2430" WIDTH="43" />
<String CONTENT="orden" HEIGHT="39" HPOS="1367" VPOS="2431" WIDTH="148" />
<SP HEIGHT="40" HPOS="1516" VPOS="2430" WIDTH="44" />
<String CONTENT="de" HEIGHT="41" HPOS="1561" LANG="de" VPOS="2430" WIDTH="58" />
<SP HEIGHT="29" HPOS="1620" VPOS="2442" WIDTH="42" />
<String CONTENT="el" HEIGHT="41" HPOS="1663" VPOS="2430" WIDTH="45" />
<SP HEIGHT="42" HPOS="1709" VPOS="2430" WIDTH="42" />
<String CONTENT="excelentissimo" HEIGHT="42" HPOS="1752" VPOS="2430" WIDTH="390" />
</TextLine>
<TextLine HEIGHT="50" HPOS="139" VPOS="2486" WIDTH="2004">
<String CONTENT="senor" HEIGHT="31" HPOS="139" VPOS="2498" WIDTH="141" />
<SP HEIGHT="31" HPOS="281" VPOS="2498" WIDTH="23" />
<String CONTENT="conde" HEIGHT="41" HPOS="305" VPOS="2489" WIDTH="149" />
<SP HEIGHT="41" HPOS="455" VPOS="2489" WIDTH="23" />
<String CONTENT="de" HEIGHT="40" HPOS="479" LANG="de" VPOS="2489" WIDTH="59" />
<SP HEIGHT="42" HPOS="539" VPOS="2487" WIDTH="25" />
<String CONTENT="Galve" HEIGHT="41" HPOS="565" VPOS="2487" WIDTH="150" />
<SP HEIGHT="30" HPOS="716" VPOS="2498" WIDTH="24" />
<String CONTENT="virrey," HEIGHT="48" HPOS="741" VPOS="2487" WIDTH="179" />
<SP HEIGHT="39" HPOS="921" VPOS="2497" WIDTH="24" />
<String CONTENT="governador," HEIGHT="49" HPOS="946" VPOS="2487" WIDTH="319" />
<SP HEIGHT="38" HPOS="1266" VPOS="2497" WIDTH="23" />
<String CONTENT="y" HEIGHT="38" HPOS="1290" VPOS="2497" WIDTH="30" />
<SP HEIGHT="38" HPOS="1321" VPOS="2497" WIDTH="24" />
<String CONTENT="capitan" HEIGHT="49" HPOS="1346" VPOS="2486" WIDTH="198" />
<SP HEIGHT="38" HPOS="1545" VPOS="2498" WIDTH="26" />
<String CONTENT="general" HEIGHT="48" HPOS="1572" VPOS="2488" WIDTH="199" />
<SP HEIGHT="40" HPOS="1772" VPOS="2488" WIDTH="23" />
<String CONTENT="de" HEIGHT="40" HPOS="1796" LANG="de" VPOS="2489" WIDTH="59" />
<SP HEIGHT="41" HPOS="1856" VPOS="2488" WIDTH="23" />
<String CONTENT="la" HEIGHT="40" HPOS="1880" VPOS="2488" WIDTH="48" />
<SP HEIGHT="40" HPOS="1929" VPOS="2488" WIDTH="25" />
<String CONTENT="Nueva-" HEIGHT="41" HPOS="1955" VPOS="2488" WIDTH="188" />
</TextLine>
<TextLine CS="1" HEIGHT="50" HPOS="140" VPOS="2543" WIDTH="2002">
<String CONTENT="Espa&#241;a," CS="1" HEIGHT="48" HPOS="140" VPOS="2545" WIDTH="211" />
<SP HEIGHT="47" HPOS="352" VPOS="2545" WIDTH="37" />
<String CONTENT="&amp;c." HEIGHT="40" HPOS="390" VPOS="2545" WIDTH="77" />
<SP HEIGHT="40" HPOS="468" VPOS="2545" WIDTH="37" />
<String CONTENT="don" HEIGHT="41" HPOS="506" VPOS="2545" WIDTH="96" />
<SP HEIGHT="41" HPOS="603" VPOS="2543" WIDTH="39" />
<String CONTENT="Carlos" HEIGHT="42" HPOS="643" VPOS="2543" WIDTH="171" />
<SP HEIGHT="39" HPOS="815" VPOS="2545" WIDTH="36" />
<String CONTENT="de" HEIGHT="40" HPOS="852" LANG="de" VPOS="2545" WIDTH="59" />
<SP HEIGHT="41" HPOS="912" VPOS="2544" WIDTH="40" />
<String CONTENT="Sigvenza," HEIGHT="49" HPOS="953" VPOS="2543" WIDTH="250" />
<SP HEIGHT="37" HPOS="1204" VPOS="2555" WIDTH="38" />
<String CONTENT="y" HEIGHT="37" HPOS="1243" VPOS="2555" WIDTH="30" />
<SP HEIGHT="49" HPOS="1274" VPOS="2543" WIDTH="38" />
<String CONTENT="Gongora" HEIGHT="50" HPOS="1313" VPOS="2543" WIDTH="224" />
<SP HEIGHT="31" HPOS="1538" VPOS="2553" WIDTH="43" />
<String CONTENT="&#8230;" HEIGHT="10" HPOS="1582" VPOS="2574" WIDTH="46" />
<SP HEIGHT="41" HPOS="1629" VPOS="2543" WIDTH="71" />
<String CONTENT="Con" HEIGHT="42" HPOS="1701" VPOS="2543" WIDTH="100" />
<SP HEIGHT="39" HPOS="1802" VPOS="2545" WIDTH="38" />
<String CONTENT="licencia" HEIGHT="41" HPOS="1841" VPOS="2545" WIDTH="204" />
<SP HEIGHT="30" HPOS="2046" VPOS="2556" WIDTH="36" />
<String CONTENT="en" HEIGHT="30" HPOS="2083" VPOS="2556" WIDTH="59" />
</TextLine>
<TextLine HEIGHT="50" HPOS="141" VPOS="2600" WIDTH="2002">
<String CONTENT="Mexico:" HEIGHT="41" HPOS="141" VPOS="2601" WIDTH="214" />
<SP HEIGHT="41" HPOS="356" VPOS="2601" WIDTH="33" />
<String CONTENT="En" HEIGHT="40" HPOS="390" VPOS="2601" WIDTH="72" />
<SP HEIGHT="40" HPOS="463" VPOS="2601" WIDTH="28" />
<String CONTENT="la" HEIGHT="41" HPOS="492" VPOS="2601" WIDTH="48" />
<SP HEIGHT="42" HPOS="541" VPOS="2600" WIDTH="31" />
<String CONTENT="Imprenta" HEIGHT="50" HPOS="573" VPOS="2600" WIDTH="251" />
<SP HEIGHT="40" HPOS="825" VPOS="2601" WIDTH="28" />
<String CONTENT="de" HEIGHT="41" HPOS="854" LANG="de" VPOS="2601" WIDTH="58" />
<SP HEIGHT="42" HPOS="913" VPOS="2600" WIDTH="29" />
<String CONTENT="Antuerpia" HEIGHT="49" HPOS="943" VPOS="2600" WIDTH="271" />
<SP HEIGHT="39" HPOS="1215" VPOS="2602" WIDTH="32" />
<String CONTENT="de" HEIGHT="40" HPOS="1248" LANG="de" VPOS="2602" WIDTH="59" />
<SP HEIGHT="40" HPOS="1308" VPOS="2602" WIDTH="29" />
<String CONTENT="los" HEIGHT="40" HPOS="1338" LANG="de" VPOS="2602" WIDTH="72" />
<SP HEIGHT="40" HPOS="1411" VPOS="2601" WIDTH="28" />
<String CONTENT="herederos" HEIGHT="41" HPOS="1440" VPOS="2601" WIDTH="260" />
<SP HEIGHT="39" HPOS="1701" VPOS="2603" WIDTH="30" />
<String CONTENT="de" HEIGHT="40" HPOS="1732" LANG="de" VPOS="2603" WIDTH="59" />
<SP HEIGHT="42" HPOS="1792" VPOS="2601" WIDTH="30" />
<String CONTENT="la" HEIGHT="42" HPOS="1823" VPOS="2601" WIDTH="47" />
<SP HEIGHT="31" HPOS="1871" VPOS="2612" WIDTH="30" />
<String CONTENT="viuda" HEIGHT="43" HPOS="1902" VPOS="2602" WIDTH="150" />
<SP HEIGHT="42" HPOS="2053" VPOS="2603" WIDTH="30" />
<String CONTENT="de" HEIGHT="40" HPOS="2084" LANG="de" VPOS="2603" WIDTH="59" />
</TextLine>
<TextLine HEIGHT="50" HPOS="141" VPOS="2656" WIDTH="903">
<String CONTENT="Bernardo" HEIGHT="41" HPOS="141" VPOS="2659" WIDTH="251" />
<SP HEIGHT="41" HPOS="393" VPOS="2658" WIDTH="26" />
<String CONTENT="Calderon," HEIGHT="48" HPOS="420" VPOS="2658" WIDTH="255" />
<SP HEIGHT="39" HPOS="676" VPOS="2667" WIDTH="26" />
<String CONTENT="ano" HEIGHT="32" HPOS="703" VPOS="2667" WIDTH="93" />
<SP HEIGHT="41" HPOS="797" VPOS="2658" WIDTH="30" />
<String CONTENT="de" HEIGHT="41" HPOS="828" LANG="de" VPOS="2658" WIDTH="59" />
<SP HEIGHT="42" HPOS="888" VPOS="2657" WIDTH="27" />
<String CONTENT="1693." HEIGHT="42" HPOS="916" VPOS="2656" WIDTH="128" />
</TextLine>
<TextLine HEIGHT="52" HPOS="210" VPOS="2713" WIDTH="1934">
<String CONTENT="The" HEIGHT="42" HPOS="210" VPOS="2715" WIDTH="101" />
<SP HEIGHT="42" HPOS="312" VPOS="2715" WIDTH="25" />
<String CONTENT="English" HEIGHT="50" HPOS="338" VPOS="2715" WIDTH="202" />
<SP HEIGHT="40" HPOS="541" VPOS="2716" WIDTH="25" />
<String CONTENT="translation" HEIGHT="42" HPOS="567" VPOS="2714" WIDTH="298" />
<SP HEIGHT="48" HPOS="866" VPOS="2713" WIDTH="37" />
<String CONTENT="(p." HEIGHT="49" HPOS="904" VPOS="2713" WIDTH="67" />
<SP HEIGHT="31" HPOS="972" VPOS="2733" WIDTH="30" />
<String CONTENT="[49]-88)" HEIGHT="51" HPOS="1003" VPOS="2713" WIDTH="199" />
<SP HEIGHT="49" HPOS="1203" VPOS="2714" WIDTH="36" />
<String CONTENT="has" HEIGHT="41" HPOS="1240" VPOS="2714" WIDTH="90" />
<SP HEIGHT="31" HPOS="1331" VPOS="2724" WIDTH="27" />
<String CONTENT="special" HEIGHT="49" HPOS="1359" VPOS="2714" WIDTH="182" />
<SP HEIGHT="41" HPOS="1542" VPOS="2715" WIDTH="24" />
<String CONTENT="t.-p.," HEIGHT="47" HPOS="1567" VPOS="2717" WIDTH="113" />
<SP HEIGHT="38" HPOS="1681" VPOS="2725" WIDTH="27" />
<String CONTENT="a" HEIGHT="31" HPOS="1709" VPOS="2725" WIDTH="28" />
<SP HEIGHT="39" HPOS="1738" VPOS="2718" WIDTH="27" />
<String CONTENT="translation" HEIGHT="42" HPOS="1766" VPOS="2715" WIDTH="297" />
<SP HEIGHT="31" HPOS="2064" VPOS="2727" WIDTH="28" />
<String CONTENT="of" HEIGHT="43" HPOS="2093" VPOS="2715" WIDTH="51" />
</TextLine>
<TextLine HEIGHT="49" HPOS="140" VPOS="2774" WIDTH="447">
<String CONTENT="the" HEIGHT="41" HPOS="140" VPOS="2775" WIDTH="82" />
<SP HEIGHT="31" HPOS="223" VPOS="2785" WIDTH="28" />
<String CONTENT="original" HEIGHT="49" HPOS="252" VPOS="2774" WIDTH="209" />
<SP HEIGHT="40" HPOS="462" VPOS="2774" WIDTH="25" />
<String CONTENT="t.-p." HEIGHT="47" HPOS="488" VPOS="2775" WIDTH="99" />
</TextLine>
<TextLine CS="1" HEIGHT="53" HPOS="141" VPOS="2827" WIDTH="2002">
<String CONTENT="&#169;" HEIGHT="52" HPOS="141" VPOS="2828" WIDTH="51" />
<SP HEIGHT="52" HPOS="193" VPOS="2828" WIDTH="23" />
<String CONTENT="Dec." HEIGHT="40" HPOS="217" VPOS="2832" WIDTH="110" />
<SP HEIGHT="39" HPOS="328" VPOS="2831" WIDTH="23" />
<String CONTENT="23," HEIGHT="47" HPOS="352" VPOS="2831" WIDTH="70" />
<SP HEIGHT="46" HPOS="423" VPOS="2832" WIDTH="22" />
<String CONTENT="1932;" HEIGHT="48" HPOS="446" VPOS="2829" WIDTH="140" />
<SP HEIGHT="48" HPOS="587" VPOS="2829" WIDTH="23" />
<String CONTENT="2c." HEIGHT="41" HPOS="611" VPOS="2829" WIDTH="67" />
<SP HEIGHT="41" HPOS="679" VPOS="2829" WIDTH="23" />
<String CONTENT="Jan." HEIGHT="40" HPOS="703" VPOS="2829" WIDTH="111" />
<SP HEIGHT="41" HPOS="815" VPOS="2828" WIDTH="22" />
<String CONTENT="21," HEIGHT="49" HPOS="838" VPOS="2828" WIDTH="69" />
<SP HEIGHT="47" HPOS="908" VPOS="2830" WIDTH="24" />
<String CONTENT="1933;" HEIGHT="47" HPOS="933" VPOS="2828" WIDTH="140" />
<SP />
<String CONTENT="aff." CS="1" />
<SP />
<String CONTENT="Jan." HEIGHT="41" HPOS="1208" VPOS="2827" WIDTH="111" />
<SP HEIGHT="40" HPOS="1320" VPOS="2828" WIDTH="22" />
<String CONTENT="23;" HEIGHT="48" HPOS="1343" VPOS="2828" WIDTH="82" />
<SP HEIGHT="47" HPOS="1426" VPOS="2829" WIDTH="27" />
<String CONTENT="A" HEIGHT="39" HPOS="1454" VPOS="2829" WIDTH="40" />
<SP HEIGHT="40" HPOS="1495" VPOS="2829" WIDTH="22" />
<String CONTENT="59093;" HEIGHT="50" HPOS="1518" VPOS="2827" WIDTH="170" />
<SP HEIGHT="48" HPOS="1689" VPOS="2829" WIDTH="27" />
<String CONTENT="Quivira" HEIGHT="49" HPOS="1717" VPOS="2828" WIDTH="202" />
<SP HEIGHT="31" HPOS="1920" VPOS="2840" WIDTH="26" />
<String CONTENT="society." HEIGHT="47" HPOS="1947" VPOS="2829" WIDTH="196" />
</TextLine>
<TextLine HEIGHT="50" HPOS="220" VPOS="2887" WIDTH="248">
<String CONTENT="(33-2380)" HEIGHT="50" HPOS="220" VPOS="2887" WIDTH="248" />
</TextLine>
<TextLine HEIGHT="66" HPOS="137" STYLEREFS="StyleId-2E87AB28-9708-48C4-92D9-B389E1EFF765-" VPOS="2974" WIDTH="846">
<String CONTENT="Society" HEIGHT="66" HPOS="137" VPOS="2974" WIDTH="237" />
<SP HEIGHT="47" HPOS="375" VPOS="2993" WIDTH="26" />
<String CONTENT="of" HEIGHT="54" HPOS="402" VPOS="2975" WIDTH="64" />
<SP HEIGHT="54" HPOS="467" VPOS="2975" WIDTH="25" />
<String CONTENT="the" HEIGHT="54" HPOS="493" VPOS="2975" WIDTH="103" />
<SP HEIGHT="54" HPOS="597" VPOS="2976" WIDTH="30" />
<String CONTENT="Cincinnati." HEIGHT="56" HPOS="628" VPOS="2974" WIDTH="355" />
</TextLine>
<TextLine HEIGHT="71" HPOS="208" STYLEREFS="StyleId-AFE1E849-1597-4698-BD9F-B7D239E49296-" VPOS="3051" WIDTH="1934">
<String CONTENT="Proceedings" HEIGHT="69" HPOS="208" VPOS="3052" WIDTH="382" />
<SP HEIGHT="35" HPOS="591" VPOS="3071" WIDTH="30" />
<String CONTENT="of" HEIGHT="52" HPOS="622" VPOS="3053" WIDTH="63" />
<SP HEIGHT="52" HPOS="686" VPOS="3053" WIDTH="28" />
<String CONTENT="the" HEIGHT="51" HPOS="715" VPOS="3054" WIDTH="99" />
<SP HEIGHT="47" HPOS="815" VPOS="3058" WIDTH="27" />
<String CONTENT="triennial" HEIGHT="54" HPOS="843" VPOS="3051" WIDTH="273" />
<SP HEIGHT="51" HPOS="1117" VPOS="3054" WIDTH="28" />
<String CONTENT="meeting" HEIGHT="69" HPOS="1146" VPOS="3052" WIDTH="252" />
<SP HEIGHT="51" HPOS="1399" VPOS="3070" WIDTH="28" />
<String CONTENT="of" HEIGHT="53" HPOS="1428" VPOS="3052" WIDTH="63" />
<SP HEIGHT="53" HPOS="1492" VPOS="3052" WIDTH="28" />
<String CONTENT="the" HEIGHT="51" HPOS="1521" VPOS="3054" WIDTH="96" />
<SP HEIGHT="50" HPOS="1618" VPOS="3072" WIDTH="29" />
<String CONTENT="general" HEIGHT="67" HPOS="1648" VPOS="3055" WIDTH="230" />
<SP HEIGHT="56" HPOS="1879" VPOS="3053" WIDTH="34" />
<String CONTENT="Society" HEIGHT="70" HPOS="1914" VPOS="3052" WIDTH="228" />
</TextLine>
<TextLine CS="1" HEIGHT="150" HPOS="140" STYLEREFS="StyleId-AFE1E849-1597-4698-BD9F-B7D239E49296-" VPOS="3130" WIDTH="2000">
<String CONTENT="of" HEIGHT="54" HPOS="141" VPOS="3131" WIDTH="64" />
<SP HEIGHT="54" HPOS="206" VPOS="3131" WIDTH="24" />
<String CONTENT="the" HEIGHT="53" HPOS="231" VPOS="3132" WIDTH="97" />
<SP HEIGHT="55" HPOS="329" VPOS="3130" WIDTH="26" />
<String CONTENT="Cincinnati" HEIGHT="55" HPOS="356" VPOS="3130" WIDTH="328" />
<SP HEIGHT="51" HPOS="685" VPOS="3132" WIDTH="33" />
<String CONTENT="&#8230;" HEIGHT="9" HPOS="719" VPOS="3174" WIDTH="56" />
<SP HEIGHT="51" HPOS="776" VPOS="3132" WIDTH="29" />
<String CONTENT="held" HEIGHT="52" HPOS="806" VPOS="3132" WIDTH="134" />
<SP HEIGHT="52" HPOS="941" VPOS="3132" WIDTH="26" />
<String CONTENT="in" HEIGHT="51" HPOS="968" VPOS="3132" WIDTH="59" />
<SP HEIGHT="48" HPOS="1028" VPOS="3136" WIDTH="26" />
<String CONTENT="the" HEIGHT="52" HPOS="1055" VPOS="3132" WIDTH="96" />
<SP HEIGHT="36" HPOS="1152" VPOS="3150" WIDTH="22" />
<String CONTENT="city" HEIGHT="68" HPOS="1175" VPOS="3132" WIDTH="118" />
<SP HEIGHT="50" HPOS="1294" VPOS="3150" WIDTH="25" />
<String CONTENT="of" HEIGHT="52" HPOS="1320" VPOS="3131" WIDTH="64" />
<SP HEIGHT="55" HPOS="1385" VPOS="3131" WIDTH="25" />
<String CONTENT="Philadelphia," HEIGHT="69" HPOS="1411" VPOS="3131" WIDTH="429" />
<SP HEIGHT="66" HPOS="1841" VPOS="3134" WIDTH="23" />
<String CONTENT="Pennsylvania," HEIGHT="146" HPOS="140" VPOS="3132" WIDTH="1979" />
<SP HEIGHT="67" HPOS="329" VPOS="3211" WIDTH="38" />
<String CONTENT="May" HEIGHT="67" HPOS="368" VPOS="3211" WIDTH="141" />
<SP HEIGHT="65" HPOS="510" VPOS="3213" WIDTH="36" />
<String CONTENT="5" HEIGHT="48" HPOS="547" VPOS="3213" WIDTH="28" />
<SP HEIGHT="49" HPOS="576" VPOS="3213" WIDTH="42" />
<String CONTENT="and" HEIGHT="52" HPOS="619" VPOS="3211" WIDTH="113" />
<SP HEIGHT="53" HPOS="733" VPOS="3210" WIDTH="38" />
<String CONTENT="7," HEIGHT="68" HPOS="772" VPOS="3210" WIDTH="51" />
<SP HEIGHT="64" HPOS="824" VPOS="3214" WIDTH="40" />
<String CONTENT="1932." HEIGHT="49" HPOS="865" VPOS="3213" WIDTH="150" />
<SP HEIGHT="34" HPOS="1016" VPOS="3243" WIDTH="80" />
<String CONTENT="[New" CS="1" HEIGHT="53" HPOS="1115" VPOS="3210" WIDTH="140" />
<SP HEIGHT="51" HPOS="1256" VPOS="3212" WIDTH="39" />
<String CONTENT="Bedford," HEIGHT="67" HPOS="1296" VPOS="3211" WIDTH="281" />
<SP HEIGHT="66" HPOS="1578" VPOS="3212" WIDTH="38" />
<String CONTENT="Mass.," HEIGHT="68" HPOS="1617" VPOS="3212" WIDTH="191" />
<SP HEIGHT="67" HPOS="1809" VPOS="3213" WIDTH="40" />
<String CONTENT="Reynolds" HEIGHT="69" HPOS="1850" VPOS="3211" WIDTH="290" />
</TextLine>
<TextLine HEIGHT="69" HPOS="140" STYLEREFS="StyleId-AFE1E849-1597-4698-BD9F-B7D239E49296-" VPOS="3288" WIDTH="575">
<String CONTENT="printing" HEIGHT="69" HPOS="140" VPOS="3288" WIDTH="264" />
<SP HEIGHT="49" HPOS="405" VPOS="3308" WIDTH="27" />
<String CONTENT="co.," HEIGHT="48" HPOS="433" VPOS="3308" WIDTH="97" />
<SP HEIGHT="63" HPOS="531" VPOS="3293" WIDTH="31" />
<String CONTENT="1933]" HEIGHT="63" HPOS="563" VPOS="3292" WIDTH="152" />
</TextLine>
<TextLine CS="1" HEIGHT="49" HPOS="210" VPOS="3362" WIDTH="332">
<String CONTENT="35" HEIGHT="40" HPOS="210" VPOS="3363" WIDTH="57" />
<SP HEIGHT="48" HPOS="268" VPOS="3363" WIDTH="26" />
<String CONTENT="p." HEIGHT="37" HPOS="295" VPOS="3374" WIDTH="43" />
<SP HEIGHT="41" HPOS="339" VPOS="3362" WIDTH="57" />
<String CONTENT="25&#189;" CS="1" HEIGHT="40" HPOS="397" VPOS="3362" WIDTH="55" />
<String CONTENT="cm" HEIGHT="22" HPOS="486" STYLE="superscript" VPOS="3364" WIDTH="44" />
<String CONTENT="." HEIGHT="9" HPOS="535" VPOS="3392" WIDTH="7" />
</TextLine>
<TextLine CS="1" HEIGHT="55" HPOS="146" VPOS="3414" WIDTH="1999">
<String CONTENT="&#169;" HEIGHT="53" HPOS="146" VPOS="3414" WIDTH="50" />
<SP HEIGHT="53" HPOS="197" VPOS="3414" WIDTH="28" />
<String CONTENT="Jan." HEIGHT="42" HPOS="226" VPOS="3418" WIDTH="110" />
<SP HEIGHT="40" HPOS="337" VPOS="3420" WIDTH="26" />
<String CONTENT="3," HEIGHT="45" HPOS="364" VPOS="3420" WIDTH="40" />
<SP HEIGHT="45" HPOS="405" VPOS="3420" WIDTH="27" />
<String CONTENT="1933;" HEIGHT="48" HPOS="433" VPOS="3418" WIDTH="141" />
<SP HEIGHT="48" HPOS="575" VPOS="3418" WIDTH="27" />
<String CONTENT="2c." HEIGHT="42" HPOS="603" VPOS="3418" WIDTH="67" />
<SP HEIGHT="29" HPOS="671" VPOS="3430" WIDTH="28" />
<String CONTENT="and" HEIGHT="38" HPOS="700" VPOS="3422" WIDTH="95" />
<SP HEIGHT="38" HPOS="796" VPOS="3422" WIDTH="30" />
<String CONTENT="aff." CS="1" HEIGHT="40" HPOS="827" VPOS="3419" WIDTH="81" />
<SP HEIGHT="39" HPOS="909" VPOS="3420" WIDTH="29" />
<String CONTENT="Jan." HEIGHT="41" HPOS="939" VPOS="3420" WIDTH="110" />
<SP HEIGHT="41" HPOS="1050" VPOS="3420" WIDTH="28" />
<String CONTENT="6;" HEIGHT="47" HPOS="1079" VPOS="3420" WIDTH="52" />
<SP HEIGHT="47" HPOS="1132" VPOS="3420" WIDTH="30" />
<String CONTENT="A" HEIGHT="39" HPOS="1163" VPOS="3420" WIDTH="40" />
<SP HEIGHT="40" HPOS="1204" VPOS="3420" WIDTH="28" />
<String CONTENT="57763;" HEIGHT="47" HPOS="1233" VPOS="3420" WIDTH="171" />
<SP HEIGHT="47" HPOS="1405" VPOS="3420" WIDTH="33" />
<String CONTENT="Society" HEIGHT="49" HPOS="1439" VPOS="3420" WIDTH="192" />
<SP HEIGHT="39" HPOS="1632" VPOS="3430" WIDTH="26" />
<String CONTENT="of" HEIGHT="39" HPOS="1659" VPOS="3421" WIDTH="52" />
<SP HEIGHT="40" HPOS="1712" VPOS="3421" WIDTH="27" />
<String CONTENT="the" HEIGHT="41" HPOS="1740" VPOS="3420" WIDTH="82" />
<SP HEIGHT="41" HPOS="1823" VPOS="3420" WIDTH="29" />
<String CONTENT="Cincinnati," HEIGHT="49" HPOS="1853" VPOS="3419" WIDTH="292" />
</TextLine>
<TextLine HEIGHT="49" HPOS="214" VPOS="3475" WIDTH="635">
<String CONTENT="Vineyard" HEIGHT="49" HPOS="214" VPOS="3475" WIDTH="244" />
<SP HEIGHT="39" HPOS="459" VPOS="3477" WIDTH="27" />
<String CONTENT="Haven," HEIGHT="46" HPOS="487" VPOS="3477" WIDTH="185" />
<SP HEIGHT="46" HPOS="673" VPOS="3477" WIDTH="27" />
<String CONTENT="Mass." HEIGHT="39" HPOS="701" VPOS="3477" WIDTH="148" />
</TextLine>
<TextLine HEIGHT="68" HPOS="142" STYLEREFS="StyleId-AFE1E849-1597-4698-BD9F-B7D239E49296-" VPOS="3556" WIDTH="1199">
<String CONTENT="Southall," HEIGHT="66" HPOS="142" VPOS="3556" WIDTH="287" />
<SP HEIGHT="64" HPOS="430" VPOS="3558" WIDTH="27" />
<String CONTENT="James" HEIGHT="54" HPOS="458" VPOS="3558" WIDTH="202" />
<SP HEIGHT="52" HPOS="661" VPOS="3560" WIDTH="27" />
<String CONTENT="Powell" HEIGHT="52" HPOS="689" VPOS="3559" WIDTH="214" />
<SP HEIGHT="54" HPOS="904" VPOS="3559" WIDTH="27" />
<String CONTENT="Cocke," HEIGHT="66" HPOS="932" VPOS="3558" WIDTH="206" />
<SP HEIGHT="59" HPOS="1139" VPOS="3565" WIDTH="31" />
<String CONTENT="1871-" HEIGHT="54" HPOS="1171" VPOS="3560" WIDTH="170" />
</TextLine>
<TextLine HEIGHT="72" HPOS="210" STYLEREFS="StyleId-AFE1E849-1597-4698-BD9F-B7D239E49296-" VPOS="3634" WIDTH="1938">
<String CONTENT="Mirrors," HEIGHT="69" HPOS="210" VPOS="3634" WIDTH="261" />
<SP HEIGHT="51" HPOS="472" VPOS="3653" WIDTH="23" />
<String CONTENT="prisms" HEIGHT="69" HPOS="496" VPOS="3635" WIDTH="207" />
<SP HEIGHT="35" HPOS="704" VPOS="3654" WIDTH="23" />
<String CONTENT="and" HEIGHT="53" HPOS="728" VPOS="3637" WIDTH="113" />
<SP HEIGHT="53" HPOS="842" VPOS="3637" WIDTH="21" />
<String CONTENT="lenses;" HEIGHT="66" HPOS="864" VPOS="3638" WIDTH="207" />
<SP HEIGHT="50" HPOS="1072" VPOS="3654" WIDTH="26" />
<String CONTENT="a" HEIGHT="35" HPOS="1099" VPOS="3656" WIDTH="31" />
<SP HEIGHT="48" HPOS="1131" VPOS="3643" WIDTH="22" />
<String CONTENT="text-book" HEIGHT="55" HPOS="1154" VPOS="3636" WIDTH="296" />
<SP HEIGHT="54" HPOS="1451" VPOS="3636" WIDTH="20" />
<String CONTENT="of" HEIGHT="55" HPOS="1472" VPOS="3635" WIDTH="66" />
<SP HEIGHT="71" HPOS="1539" VPOS="3635" WIDTH="19" />
<String CONTENT="geometrical" HEIGHT="72" HPOS="1559" VPOS="3634" WIDTH="364" />
<SP HEIGHT="54" HPOS="1924" VPOS="3634" WIDTH="22" />
<String CONTENT="optics," HEIGHT="71" HPOS="1947" VPOS="3635" WIDTH="201" />
</TextLine>
<TextLine CS="1" HEIGHT="146" HPOS="141" STYLEREFS="StyleId-AFE1E849-1597-4698-BD9F-B7D239E49296-" VPOS="3712" WIDTH="1980">
<String CONTENT="by" HEIGHT="68" HPOS="141" VPOS="3712" WIDTH="76" />
<SP HEIGHT="67" HPOS="218" VPOS="3713" WIDTH="28" />
<String CONTENT="James" HEIGHT="54" HPOS="247" VPOS="3713" WIDTH="193" />
<SP HEIGHT="52" HPOS="441" VPOS="3714" WIDTH="29" />
<String CONTENT="P." HEIGHT="52" HPOS="471" VPOS="3714" WIDTH="64" />
<SP HEIGHT="55" HPOS="536" VPOS="3713" WIDTH="33" />
<String CONTENT="C." HEIGHT="55" HPOS="570" VPOS="3713" WIDTH="62" />
<SP HEIGHT="56" HPOS="633" VPOS="3712" WIDTH="33" />
<String CONTENT="Southall" HEIGHT="56" HPOS="667" VPOS="3712" WIDTH="265" />
<SP HEIGHT="51" HPOS="933" VPOS="3716" WIDTH="34" />
<String CONTENT="&#8230;" HEIGHT="9" HPOS="968" VPOS="3758" WIDTH="55" />
<SP HEIGHT="48" HPOS="1024" VPOS="3718" WIDTH="72" />
<String CONTENT="3d" HEIGHT="52" HPOS="1097" VPOS="3716" WIDTH="73" />
<SP HEIGHT="52" HPOS="1171" VPOS="3716" WIDTH="29" />
<String CONTENT="ed." HEIGHT="52" HPOS="1201" VPOS="3715" WIDTH="83" />
<SP HEIGHT="54" HPOS="1285" VPOS="3715" WIDTH="67" />
<String CONTENT="New" HEIGHT="54" HPOS="1353" VPOS="3715" WIDTH="140" />
<SP HEIGHT="53" HPOS="1494" VPOS="3715" WIDTH="30" />
<String CONTENT="York," HEIGHT="69" HPOS="1525" VPOS="3715" WIDTH="180" />
<SP HEIGHT="69" HPOS="1706" VPOS="3715" WIDTH="29" />
<String CONTENT="The" HEIGHT="54" HPOS="1736" VPOS="3715" WIDTH="122" />
<SP HEIGHT="54" HPOS="1859" VPOS="3715" WIDTH="25" />
<String CONTENT="Macmillan" HEIGHT="129" HPOS="143" VPOS="3714" WIDTH="1978" />
<SP HEIGHT="34" HPOS="240" VPOS="3809" WIDTH="28" />
<String CONTENT="company," HEIGHT="49" HPOS="269" VPOS="3809" WIDTH="297" />
<SP HEIGHT="64" HPOS="567" VPOS="3794" WIDTH="32" />
<String CONTENT="1933." HEIGHT="49" HPOS="600" VPOS="3794" WIDTH="150" />
</TextLine>
<TextLine CS="1" HEIGHT="51" HPOS="214" VPOS="3863" WIDTH="1312">
<String CONTENT="xxiv" HEIGHT="41" HPOS="214" VPOS="3863" WIDTH="117" />
<SP HEIGHT="37" HPOS="332" VPOS="3875" WIDTH="22" />
<String CONTENT="p.," HEIGHT="37" HPOS="355" VPOS="3875" WIDTH="57" />
<SP HEIGHT="47" HPOS="413" VPOS="3865" WIDTH="24" />
<String CONTENT="1" HEIGHT="38" HPOS="438" VPOS="3865" WIDTH="24" />
<SP />
<String CONTENT="l.," CS="1" />
<SP />
<String CONTENT="806" HEIGHT="40" HPOS="559" VPOS="3864" WIDTH="86" />
<SP HEIGHT="48" HPOS="646" VPOS="3865" WIDTH="21" />
<String CONTENT="p." HEIGHT="37" HPOS="668" VPOS="3876" WIDTH="43" />
<SP HEIGHT="39" HPOS="712" VPOS="3865" WIDTH="58" />
<String CONTENT="illus.," HEIGHT="48" HPOS="771" VPOS="3865" WIDTH="144" />
<SP HEIGHT="36" HPOS="916" VPOS="3877" WIDTH="26" />
<String CONTENT="plates," HEIGHT="48" HPOS="943" VPOS="3866" WIDTH="171" />
<SP HEIGHT="47" HPOS="1115" VPOS="3867" WIDTH="26" />
<String CONTENT="diagrs." HEIGHT="48" HPOS="1142" VPOS="3865" WIDTH="178" />
<SP HEIGHT="38" HPOS="1321" VPOS="3867" WIDTH="57" />
<String CONTENT="20&#189;" CS="1" HEIGHT="40" HPOS="1379" VPOS="3866" WIDTH="58" />
<String CONTENT="cm" HEIGHT="22" HPOS="1469" STYLE="superscript" VPOS="3868" WIDTH="44" />
<String CONTENT="." HEIGHT="8" HPOS="1517" VPOS="3900" WIDTH="9" />
</TextLine>
<TextLine CS="1" HEIGHT="110" HPOS="150" VPOS="3915" WIDTH="1724">
<String CONTENT="&#169;" HEIGHT="52" HPOS="150" VPOS="3915" WIDTH="51" />
<SP HEIGHT="52" HPOS="202" VPOS="3915" WIDTH="28" />
<String CONTENT="Jan." HEIGHT="40" HPOS="231" VPOS="3921" WIDTH="108" />
<SP HEIGHT="40" HPOS="340" VPOS="3921" WIDTH="27" />
<String CONTENT="17," HEIGHT="44" HPOS="368" VPOS="3921" WIDTH="68" />
<SP HEIGHT="43" HPOS="437" VPOS="3922" WIDTH="28" />
<String CONTENT="1933;" CS="1" HEIGHT="41" HPOS="466" VPOS="3920" WIDTH="111" />
<SP HEIGHT="47" HPOS="607" VPOS="3921" WIDTH="28" />
<String CONTENT="2c." HEIGHT="39" HPOS="636" VPOS="3921" WIDTH="65" />
<SP HEIGHT="29" HPOS="702" VPOS="3932" WIDTH="30" />
<String CONTENT="and" HEIGHT="39" HPOS="733" VPOS="3923" WIDTH="95" />
<SP />
<String CONTENT="aff." CS="1" />
<SP />
<String CONTENT="Jan." HEIGHT="39" HPOS="970" VPOS="3923" WIDTH="109" />
<SP HEIGHT="39" HPOS="1080" VPOS="3923" WIDTH="28" />
<String CONTENT="18;" HEIGHT="46" HPOS="1109" VPOS="3923" WIDTH="83" />
<SP HEIGHT="46" HPOS="1193" VPOS="3923" WIDTH="29" />
<String CONTENT="A" HEIGHT="39" HPOS="1223" VPOS="3923" WIDTH="40" />
<SP HEIGHT="40" HPOS="1264" VPOS="3923" WIDTH="26" />
<String CONTENT="59015;" HEIGHT="49" HPOS="1291" VPOS="3923" WIDTH="171" />
<SP HEIGHT="46" HPOS="1463" VPOS="3926" WIDTH="30" />
<String CONTENT="Macmillan" HEIGHT="41" HPOS="1494" VPOS="3924" WIDTH="282" />
<SP HEIGHT="29" HPOS="1777" VPOS="3936" WIDTH="28" />
<String CONTENT="co." HEIGHT="31" HPOS="1806" VPOS="3935" WIDTH="68" />
<SP />
<String CONTENT="(33-2665)" HEIGHT="49" HPOS="228" VPOS="3976" WIDTH="249" />
</TextLine>
</TextBlock>
</PrintSpace>
</Page>
</Layout>
</alto>