2575 4405
1111 4079 65 49 69

136 426 339 65 Magruder,
507 425 198 53 Frank
735 425 247 64 Abbott,
1014 429 171 49 1882-

203 504 308 53 American
548 507 399 63 government;
992 521 31 34 a
1061 500 420 54 consideration
1520 501 64 53 of
1620 500 97 54 the
1754 500 285 69 problems
2079 500 64 54 of

134 583 346 65 democracy.
556 581 139 52 New
725 580 109 52 enl.
867 580 100 67 ed.,
1001 582 151 49 1933.
1228 580 90 66 By
1349 579 199 53 Frank
1575 578 221 55 Abbott
1827 579 317 68 Magruder

138 702 56 10 …
274 661 235 64 Boston,
538 659 140 52 New
709 658 164 51 York
927 663 119 60 [etc.]
1082 656 182 68 Allyn
1295 658 113 51 and
1439 658 194 52 Bacon
1670 690 13 34 [
1688 662 17 22 c
1710 660 134 49 1933
1850 689 13 35 ]

204 733 136 48 xviii,
367 732 98 49 721,
492 732 55 40 52
573 743 43 37 p.
675 731 166 45 front.,
868 730 143 48 illus.,
1038 731 78 47 pi.,
1143 740 151 39 maps,
1322 730 180 47 diagrs.
1562 730 147 41 19½cm.

206 789 351 48 Bibliography
584 791 52 37 at
664 788 92 39 end
784 787 53 40 of
863 787 120 40 each
1010 787 216 47 chapter.

142 843 2002 53 © Dec. 22, 1932; 2c. Jan, 7, 1933; aff. Jan. 6; A 57823; Allyn & Bacon.
219 903 250 50 (33-1120)

138 996 168 65 Mais,
336 996 211 55 Stuart
573 995 176 52 Petre
779 991 233 66 Brodie,
1045 998 171 49 1885-

211 1073 167 55 Some
409 1073 176 52 books
614 1072 33 52 I
679 1071 133 68 like,
844 1071 76 69 by
954 1070 57 55 S.
1045 1072 66 51 P.
1145 1072 68 51 B.
1247 1070 151 54 Mais
1438 1113 57 11 …
1567 1071 261 69 London,
1861 1071 286 54 Richards

141 1156 171 64 [1932]

206 1224 815 51 x p., 1 l., 13-254 p., 1 l. 19 cm .
209 1285 70 39 “A
302 1285 163 47 sequel
491 1287 48 37 to
568 1283 212 47 ‘Delight
804 1283 52 40 in
880 1281 178 49 books’,
1085 1283 96 39 and
1207 1281 226 42 contains
1458 1283 84 40 the
1566 1283 131 40 talks
1724 1294 63 30 on
1814 1283 155 42 ‘Some
1995 1282 150 43 books

138 1343 24 38 I
195 1340 110 40 like’
345 1373 46 8 …
429 1340 262 40 broadcast
725 1344 47 36 to
809 1339 191 41 schools
1037 1339 177 47 during
1250 1339 82 41 the
1369 1339 176 41 winter
1580 1340 52 41 of
1668 1339 263 42 1931-1932
1972 1371 47 10 …
2086 1342 59 39 In

139 1398 99 41 this
267 1400 24 38 I
319 1398 107 48 give
455 1401 294 44 twenty-one
778 1407 117 37 very
925 1406 237 39 generous
1190 1397 210 48 samples
1435 1428 46 9 …
1515 1396 122 41 with
1666 1398 83 41 the
1779 1398 127 41 least
1935 1396 211 51 possible

137 1459 201 36 amount
366 1455 54 40 of
448 1453 475 42 comment.”—Pref.

211 1512 409 40 “Recommended
647 1511 151 47 cheap
827 1509 237 41 editions”
1084 1521 9 29 :
1123 1511 26 39 1
1175 1509 105 41 leaf
1305 1514 53 37 at
1385 1511 106 41 end.

141 1571 2003 53 © 1c. Dec. 21, 1932; A ad int. 17328; pubd. Oct. 21; S. P. B. Mais,
211 1632 477 48 Shoreham-by-Sea,
721 1631 195 48 Sussex,
948 1631 236 47 England.
1256 1629 251 52 (33-1987)

136 1737 200 64 Mann,
365 1736 255 53 Edward
646 1736 272 64 Beverly,
949 1741 171 49 1902-

205 1812 237 54 Killers’
468 1831 194 51 range,
689 1812 74 69 by
791 1813 68 52 E.
888 1814 69 52 B.
985 1813 181 53 Mann
1198 1856 56 10 …
1322 1813 140 54 New
1490 1812 183 70 York,
1695 1814 93 55 W.
1817 1814 254 55 Morrow
2098 1816 47 50 &

135 1909 99 50 co.,
264 1894 151 50 1933.

205 1963 557 49 4 p. l., 294 p., 19½cm.
211 2020 288 42 Illustrated
527 2024 98 44 t.-p.
655 2031 60 29 on
744 2024 96 37 two
868 2021 176 40 leaves.

143 2075 51 52 ©
233 2080 110 39 Jan.
380 2078 69 48 16,
488 2078 140 48 1933;
668 2079 68 40 2c.
775 2080 96 39 and
910 2078 83 43 aff.
1031 2080 109 39 Jan.
1180 2080 81 47 18;
1301 2080 42 38 A
1380 2079 171 49 59020;
1593 2082 53 39 E.
1685 2082 55 40 B.
1779 2082 165 47 Mann,
1984 2082 166 41 White

210 2136 181 49 Plains,
416 2137 55 38 N.
498 2137 52 38 Y.
622 2136 252 47 (33-1736)

138 2240 320 65 Masefield,
493 2241 174 55 John.

206 2317 213 54 Recent
452 2335 182 51 prose,
667 2317 76 70 by
779 2317 158 54 John
972 2316 314 56 Masefield.
1356 2318 260 70 London,
1650 2319 92 56 W.
1778 2319 368 57 Heinemann

135 2396 103 52 ltd.
274 2399 173 64 [1932]

209 2469 80 48 vii,
319 2470 85 39 321
433 2479 43 37 p.
537 2469 56 40 19
596 2471 44 21 cm
645 2501 8 7 .

211 2526 145 40 “New
385 2527 95 39 and
511 2525 189 41 revised
727 2525 229 41 edition.”

549 2582 101 40 CONTENTS.—The
679 2582 174 47 taking
879 2581 52 41 of
139 2582 1989 103 Helen.—Letters.—Play-writing.—Fox-hunting.—John

462 2638 63 41 M.
566 2637 336 48 Synge.—The
939 2638 246 42 Hereford
1225 2639 325 48 speech.—On
1585 2640 92 42 Mr.
1716 2641 74 41 W.
1828 2643 55 40 B.
139 2642 2008 100 Yeats.—Chaucer.—Shakespeare

820 2696 95 39 and
964 2695 230 48 spiritual
1243 2695 101 42 life.
1360 2719 60 6 —
1435 2697 218 40 William
1702 2697 169 43 Blake.
1885 2722 61 5 —
1963 2698 183 49 George

139 2751 199 41 Crabbe.

144 2806 2000 55 © 1c. Jan. 11, 1933: A ad int. 17359; pubd. Dec. 14, 1932; J. Masefield,
212 2866 200 47 Oxford,
442 2868 235 46 England.
749 2867 251 49 (33-2322)

138 2969 208 67 Miller,
379 2969 247 57 Charles
652 2971 316 66 Jefferson,
1002 2973 170 55 1874-

210 3047 247 55 Clinical
493 3050 372 68 gynecology,
903 3050 75 69 by
1020 3049 63 55 C.
1124 3050 120 55 Jeff
1282 3050 197 55 Miller
1521 3093 57 12 …
1662 3051 83 56 St.
1786 3052 194 69 Louis,
2021 3054 123 53 The

140 3125 62 55 C.
231 3127 69 53 V.
328 3126 205 69 Mosby
560 3144 299 52 company,
888 3130 151 51 1932.

211 3198 85 40 560
325 3209 43 38 p.
428 3199 127 40 illus.
619 3199 57 40 26
679 3202 44 21 cm
727 3232 8 7 .

213 3255 271 48 “Designed
522 3258 49 37 to
610 3266 136 31 serve
783 3267 56 29 as
877 3269 27 29 a
943 3256 286 48 companion
1267 3257 190 42 volume
1494 3260 49 39 to
1582 3259 83 40 the
1705 3259 220 42 author’s
1961 3261 76 39 An

142 3261 1985 91 introduction
445 3315 49 37 to
526 3311 529 49 gynecology.”—Pref.

213 3368 347 40 “References”
589 3370 53 39 at
670 3369 92 39 end
791 3368 54 40 of
873 3370 120 39 each
1020 3371 215 46 chapter.

146 3422 51 52 ©
226 3426 112 41 Dec.
365 3427 69 47 15,
463 3426 140 47 1932;
633 3427 67 40 2c.
729 3428 110 39 Jan.
869 3428 39 47 3,
937 3427 141 48 1933;
1109 3427 82 40 aff.
1221 3429 109 40 Jan.
1359 3428 53 49 9;
1442 3430 42 38 A
1511 3430 170 48 57857;
1715 3431 49 41 C.
1793 3432 52 39 V.
1878 3432 170 46 Mosby
2076 3442 67 30 co.

223 3482 249 49 (33-1945)

140 3583 360 66 Mississippi
542 3587 112 51 and
698 3586 286 55 Southern
1024 3593 258 63 reporter
1321 3589 204 69 digest,
1566 3590 268 71 covering
1872 3592 79 52 all
1991 3610 150 34 cases

211 3665 266 66 reported
519 3665 59 52 in
621 3665 352 69 Mississippi
1018 3674 221 61 reports
1283 3669 113 52 and
1444 3669 286 55 Southern
1772 3677 258 62 reporter
2080 3713 56 10 …

211 3742 546 69 Descriptive-word
793 3745 188 52 index.
1059 3746 82 54 St.
1178 3748 166 64 Paul,
1376 3748 203 64 Minn.,
1611 3750 162 54 West
1804 3749 338 63 publishing

212 3840 79 35 co.
328 3855 12 33 [
346 3828 18 20 c
368 3824 152 64 1932]

213 3894 63 47 ix,
306 3895 116 40 1703
449 3907 41 36 p.
547 3896 27 38 26
607 3899 43 20 cm
656 3928 8 8 .

146 3946 52 51 ©
228 3951 109 41 Dec.
370 3952 38 47 9,
440 3951 140 49 1932;
611 3952 67 42 2c.
709 3954 110 40 Jan.
850 3955 68 47 11,
949 3954 141 48 1933;
1124 3955 82 41 aff.
1238 3956 110 41 Jan.
1378 3956 82 48 12;
1493 3958 42 38 A
1564 3958 172 47 58875;
1769 3959 135 40 West
1934 3959 108 48 pub.
2076 3970 66 29 co.
