<alto xmlns="http://www.loc.gov/standards/alto/ns-v3#" xmlns:xlink="http://www.w3.org/1999/xlink" xmlns:xsi="http://www.w3.org/2001/XMLSchema-instance" xsi:schemaLocation="http://www.loc.gov/standards/alto/ns-v3# http://www.loc.gov/alto/v3/alto-3-0.xsd"><Description>
<MeasurementUnit>pixel</MeasurementUnit>
<sourceImageInformation>
<fileName>1933_v1_Part1.pdf</fileName>
</sourceImageInformation>
<OCRProcessing ID="IdOcr">
<ocrProcessingStep>
<processingDateTime>2019-01-03</processingDateTime>
<processingSoftware>
<softwareCreator>ABBYY</softwareCreator>
<softwareName>ABBYY Recognition Server</softwareName>
<softwareVersion>4.0</softwareVersion>
</processingSoftware>
</ocrProcessingStep>
</OCRProcessing>
</Description>
<Styles>
<ParagraphStyle ID="StyleId-FFFFFFFF-FFFF-FFFF-FFFF-FFFFFFFFFFFF-" ALIGN="Left" LEFT="0." RIGHT="0." FIRSTLINE="0."/>
<ParagraphStyle ID="StyleId-6EF5737A-DCEB-4126-A0CF-C5930BF7166A-" ALIGN="Left" LEFT="0." RIGHT="0." FIRSTLINE="0." LINESPACE="8.300000191"/>
<ParagraphStyle ID="StyleId-2DE44258-FD0B-41E1-B542-087C989B01A3-" ALIGN="Left" LEFT="0." RIGHT="0." FIRSTLINE="0." LINESPACE="12.19999981"/>
<ParagraphStyle ID="StyleId-CE3D254A-29D7-4DD7-B5F1-E0FC0EF29B05-" ALIGN="Left" LEFT="0." RIGHT="0." FIRSTLINE="-14." LINESPACE="8.619999886"/>
<ParagraphStyle ID="StyleId-C0E3A137-CE4F-4287-8A90-B599106709D0-" ALIGN="Left" LEFT="0." RIGHT="0." FIRSTLINE="-14." LINESPACE="12.19999981"/>
<ParagraphStyle ID="StyleId-50F26F0C-05DA-4C19-BA58-7A6AC4499BEE-" ALIGN="Left" LEFT="0." RIGHT="0." FIRSTLINE="-14." LINESPACE="11.06999969"/>
<ParagraphStyle ID="StyleId-5DDE65AF-512C-41E2-9B8E-095D6D99EF68-" ALIGN="Center" LEFT="0." RIGHT="0." FIRSTLINE="0." LINESPACE="11.89999962"/>
<ParagraphStyle ID="StyleId-0A81D7A5-6A62-4C52-915E-7768974C704D-" ALIGN="Left" LEFT="0." RIGHT="0." FIRSTLINE="0." LINESPACE="9.399999619"/>
<ParagraphStyle ID="StyleId-F7A0127F-6B48-4157-BB81-FE33E1E1A05B-" ALIGN="Block" LEFT="0." RIGHT="0." FIRSTLINE="-13." LINESPACE="10.63000011"/>
<ParagraphStyle ID="StyleId-E18C69F7-DBD7-48B1-805C-FCD96D0DA019-" ALIGN="Left" LEFT="0." RIGHT="0." FIRSTLINE="0." LINESPACE="11.64000034"/>
<ParagraphStyle ID="StyleId-98F15501-B611-4E83-8BB3-807E891F11F5-" ALIGN="Left" LEFT="0." RIGHT="0." FIRSTLINE="-14." LINESPACE="12.19999981"/>
<ParagraphStyle ID="StyleId-F4A78626-0BBC-4D12-94D9-A1AE75A9855F-" ALIGN="Left" LEFT="0." RIGHT="0." FIRSTLINE="0." LINESPACE="9.399999619"/>
<ParagraphStyle ID="StyleId-6A3F6F4C-D21B-4ADE-902F-7683F18ECEF3-" ALIGN="Left" LEFT="0." RIGHT="0." FIRSTLINE="0." LINESPACE="11.10000038"/>
</Styles>
<Layout>
<Page ID="Page657" PHYSICAL_IMG_NR="657" HEIGHT="4405" WIDTH="2484">
<TopMargin HEIGHT="384" WIDTH="2484" VPOS="0" HPOS="0">
</TopMargin>
<LeftMargin HEIGHT="3624" WIDTH="114" VPOS="384" HPOS="0">
</LeftMargin>
<RightMargin HEIGHT="3624" WIDTH="344" VPOS="384" HPOS="2140">
</RightMargin>
<BottomMargin HEIGHT="397" WIDTH="2484" VPOS="4008" HPOS="0">
<TextBlock ID="Page657_Block1" HEIGHT="72" WIDTH="122" VPOS="4040" HPOS="1054" LANG="en-US" STYLEREFS="StyleId-9C243A33-DD87-49FC-B37B-A555F523904D-">
<TextLine HEIGHT="51" WIDTH="101" VPOS="4050" HPOS="1064">
<String CONTENT="657" HEIGHT="51" WIDTH="101" VPOS="4050" HPOS="1064"/>
</TextLine>
</TextBlock>
</BottomMargin>
<PrintSpace HEIGHT="3624" WIDTH="2026" VPOS="384" HPOS="114">
<TextBlock ID="Page657_Block2" HEIGHT="3624" WIDTH="2026" VPOS="384" HPOS="114" LANG="en-US" CS="1" STYLEREFS="StyleId-E2FCA6D9-E9E3-4CA3-BAF4-6BC11FBF1F7B-">
<TextLine HEIGHT="50" WIDTH="623" VPOS="468" HPOS="202" CS="1">
<String CONTENT="4" HEIGHT="37" WIDTH="27" VPOS="470" HPOS="202"/>
<SP HEIGHT="48" WIDTH="27" VPOS="470" HPOS="230"/>
<String CONTENT="p." HEIGHT="38" WIDTH="43" VPOS="480" HPOS="258"/>
<SP HEIGHT="40" WIDTH="30" VPOS="470" HPOS="302"/>
<String CS="1" CONTENT="l.,"/>
<SP HEIGHT="46" WIDTH="29" VPOS="470" HPOS="376"/>
<String CONTENT="11-160" HEIGHT="40" WIDTH="173" VPOS="468" HPOS="406"/>
<SP HEIGHT="49" WIDTH="26" VPOS="468" HPOS="580"/>
<String CONTENT="p." HEIGHT="36" WIDTH="43" VPOS="481" HPOS="607"/>
<SP HEIGHT="40" WIDTH="58" VPOS="468" HPOS="651"/>
<String CONTENT="28" HEIGHT="39" WIDTH="55" VPOS="468" HPOS="710"/>
<String STYLE="superscript" CONTENT="cm" HEIGHT="20" WIDTH="43" VPOS="471" HPOS="769"/>
<String CONTENT="." HEIGHT="8" WIDTH="8" VPOS="501" HPOS="817"/>
</TextLine>
<TextLine HEIGHT="52" WIDTH="1992" VPOS="535" HPOS="133">
<String CONTENT="&#169;" HEIGHT="51" WIDTH="51" VPOS="536" HPOS="133"/>
<SP HEIGHT="51" WIDTH="28" VPOS="536" HPOS="185"/>
<String CONTENT="Apr." HEIGHT="47" WIDTH="111" VPOS="539" HPOS="214"/>
<SP HEIGHT="39" WIDTH="29" VPOS="539" HPOS="326"/>
<String CONTENT="3," HEIGHT="46" WIDTH="40" VPOS="539" HPOS="356"/>
<SP HEIGHT="45" WIDTH="28" VPOS="540" HPOS="397"/>
<String CONTENT="1933;" HEIGHT="46" WIDTH="140" VPOS="538" HPOS="426"/>
<SP HEIGHT="47" WIDTH="29" VPOS="537" HPOS="567"/>
<String CONTENT="2c." HEIGHT="40" WIDTH="67" VPOS="537" HPOS="597"/>
<SP HEIGHT="40" WIDTH="28" VPOS="537" HPOS="665"/>
<String CONTENT="Apr." HEIGHT="47" WIDTH="114" VPOS="537" HPOS="694"/>
<SP HEIGHT="40" WIDTH="27" VPOS="538" HPOS="809"/>
<String CONTENT="19;" HEIGHT="46" WIDTH="81" VPOS="537" HPOS="837"/>
<SP HEIGHT="37" WIDTH="32" VPOS="546" HPOS="919"/>
<String CONTENT="aff." HEIGHT="41" WIDTH="82" VPOS="535" HPOS="952"/>
<SP HEIGHT="39" WIDTH="28" VPOS="537" HPOS="1035"/>
<String CONTENT="May" HEIGHT="46" WIDTH="113" VPOS="537" HPOS="1064"/>
<SP HEIGHT="47" WIDTH="28" VPOS="536" HPOS="1178"/>
<String CONTENT="22;" HEIGHT="45" WIDTH="82" VPOS="536" HPOS="1207"/>
<SP HEIGHT="45" WIDTH="31" VPOS="536" HPOS="1290"/>
<!-- cceid 41F587EC-6CF9-1014-A6CF-A82867D68027 --><String CONTENT="A" HEIGHT="38" WIDTH="41" VPOS="536" HPOS="1322"/>
<SP HEIGHT="40" WIDTH="27" VPOS="535" HPOS="1364"/>
<String CONTENT="61399;" HEIGHT="47" WIDTH="169" VPOS="535" HPOS="1392"/>
<SP HEIGHT="47" WIDTH="33" VPOS="535" HPOS="1562"/>
<String CONTENT="C." HEIGHT="41" WIDTH="49" VPOS="535" HPOS="1596"/>
<SP HEIGHT="39" WIDTH="30" VPOS="536" HPOS="1646"/>
<String CONTENT="J." HEIGHT="40" WIDTH="44" VPOS="536" HPOS="1677"/>
<SP HEIGHT="40" WIDTH="29" VPOS="536" HPOS="1722"/>
<String CONTENT="Love," HEIGHT="47" WIDTH="140" VPOS="536" HPOS="1752"/>
<SP HEIGHT="47" WIDTH="33" VPOS="536" HPOS="1893"/>
<String CONTENT="Seattle." HEIGHT="43" WIDTH="198" VPOS="535" HPOS="1927"/>
</TextLine>
<TextLine HEIGHT="48" WIDTH="278" VPOS="595" HPOS="210">
<String CONTENT="(33-11844)" HEIGHT="48" WIDTH="278" VPOS="595" HPOS="210"/>
</TextLine>
<TextLine HEIGHT="65" WIDTH="605" VPOS="697" HPOS="127" STYLEREFS="StyleId-29B0E7C3-8C4E-440E-A855-0E428D785553-">
<String CONTENT="Lovely," HEIGHT="65" WIDTH="235" VPOS="697" HPOS="127"/>
<SP HEIGHT="64" WIDTH="28" VPOS="698" HPOS="363"/>
<String CONTENT="Thomas" HEIGHT="53" WIDTH="258" VPOS="697" HPOS="392"/>
<SP HEIGHT="53" WIDTH="27" VPOS="697" HPOS="651"/>
<String CONTENT="J." HEIGHT="55" WIDTH="53" VPOS="697" HPOS="679"/>
</TextLine>
<TextLine HEIGHT="70" WIDTH="1926" VPOS="773" HPOS="199" STYLEREFS="StyleId-831040C3-D5C3-4300-A1C0-D65EBCDE695E-" CS="1">
<String CONTENT="Digest" HEIGHT="68" WIDTH="203" VPOS="775" HPOS="199"/>
<SP HEIGHT="45" WIDTH="33" VPOS="782" HPOS="403"/>
<String CONTENT="of" HEIGHT="54" WIDTH="63" VPOS="773" HPOS="437"/>
<SP HEIGHT="53" WIDTH="32" VPOS="773" HPOS="501"/>
<String CONTENT="economics," HEIGHT="66" WIDTH="328" VPOS="774" HPOS="534"/>
<SP HEIGHT="66" WIDTH="31" VPOS="774" HPOS="863"/>
<String CONTENT="by" HEIGHT="68" WIDTH="75" VPOS="774" HPOS="895"/>
<SP HEIGHT="66" WIDTH="33" VPOS="776" HPOS="971"/>
<String CONTENT="Thomas" HEIGHT="52" WIDTH="247" VPOS="774" HPOS="1005"/>
<SP HEIGHT="53" WIDTH="32" VPOS="776" HPOS="1253"/>
<String CONTENT="J." HEIGHT="53" WIDTH="56" VPOS="776" HPOS="1286"/>
<SP HEIGHT="51" WIDTH="34" VPOS="776" HPOS="1343"/>
<String CONTENT="Lovely" HEIGHT="67" WIDTH="216" VPOS="774" HPOS="1378"/>
<SP HEIGHT="49" WIDTH="39" VPOS="792" HPOS="1595"/>
<String CS="1" CONTENT="&#8230;"/>
<SP HEIGHT="52" WIDTH="77" VPOS="775" HPOS="1692"/>
<String CONTENT="New" HEIGHT="52" WIDTH="138" VPOS="775" HPOS="1770"/>
<SP HEIGHT="51" WIDTH="37" VPOS="776" HPOS="1909"/>
<String CONTENT="York," HEIGHT="60" WIDTH="178" VPOS="775" HPOS="1947"/>
</TextLine>
<TextLine HEIGHT="69" WIDTH="1092" VPOS="852" HPOS="131" STYLEREFS="StyleId-831040C3-D5C3-4300-A1C0-D65EBCDE695E-">
<String CONTENT="N." HEIGHT="53" WIDTH="67" VPOS="854" HPOS="131"/>
<SP HEIGHT="53" WIDTH="27" VPOS="854" HPOS="199"/>
<String CONTENT="Y.," HEIGHT="66" WIDTH="90" VPOS="854" HPOS="227"/>
<SP HEIGHT="68" WIDTH="25" VPOS="852" HPOS="318"/>
<String CONTENT="Globe" HEIGHT="56" WIDTH="179" VPOS="852" HPOS="344"/>
<SP HEIGHT="52" WIDTH="24" VPOS="852" HPOS="524"/>
<String CONTENT="book" HEIGHT="53" WIDTH="146" VPOS="852" HPOS="549"/>
<SP HEIGHT="53" WIDTH="23" VPOS="853" HPOS="696"/>
<String CONTENT="company" HEIGHT="50" WIDTH="280" VPOS="871" HPOS="720"/>
<SP HEIGHT="49" WIDTH="29" VPOS="872" HPOS="1001"/>
<String STYLE="subscript" CONTENT="[" HEIGHT="33" WIDTH="13" VPOS="887" HPOS="1031"/>
<String STYLE="superscript" CONTENT="c" HEIGHT="22" WIDTH="18" VPOS="858" HPOS="1048"/>
<String CONTENT="1933" HEIGHT="51" WIDTH="133" VPOS="854" HPOS="1071"/>
<String STYLE="subscript" CONTENT="]" HEIGHT="34" WIDTH="13" VPOS="885" HPOS="1210"/>
</TextLine>
<TextLine HEIGHT="49" WIDTH="1074" VPOS="925" HPOS="201" STYLEREFS="StyleId-831040C3-D5C3-4300-A1C0-D65EBCDE695E-">
<String CONTENT="vii," HEIGHT="44" WIDTH="79" VPOS="927" HPOS="201"/>
<SP HEIGHT="44" WIDTH="24" VPOS="927" HPOS="281"/>
<String CONTENT="366," HEIGHT="48" WIDTH="99" VPOS="926" HPOS="306"/>
<SP HEIGHT="48" WIDTH="24" VPOS="926" HPOS="406"/>
<String CONTENT="3," HEIGHT="46" WIDTH="40" VPOS="926" HPOS="431"/>
<SP HEIGHT="46" WIDTH="25" VPOS="926" HPOS="472"/>
<String CONTENT="2," HEIGHT="43" WIDTH="39" VPOS="926" HPOS="498"/>
<SP HEIGHT="43" WIDTH="27" VPOS="926" HPOS="538"/>
<String CONTENT="3" HEIGHT="39" WIDTH="26" VPOS="926" HPOS="566"/>
<SP HEIGHT="46" WIDTH="25" VPOS="926" HPOS="593"/>
<String CONTENT="p." HEIGHT="36" WIDTH="42" VPOS="936" HPOS="619"/>
<SP HEIGHT="40" WIDTH="59" VPOS="925" HPOS="662"/>
<String CONTENT="illus.," HEIGHT="48" WIDTH="142" VPOS="925" HPOS="722"/>
<SP HEIGHT="46" WIDTH="26" VPOS="927" HPOS="865"/>
<String CONTENT="diagrs." HEIGHT="47" WIDTH="178" VPOS="925" HPOS="892"/>
<SP HEIGHT="41" WIDTH="59" VPOS="926" HPOS="1071"/>
<String CONTENT="181" HEIGHT="47" WIDTH="84" VPOS="925" HPOS="1131"/>
<String STYLE="superscript" CONTENT="cm" HEIGHT="21" WIDTH="43" VPOS="927" HPOS="1218"/>
<String CONTENT="." HEIGHT="8" WIDTH="9" VPOS="955" HPOS="1266"/>
</TextLine>
<TextLine HEIGHT="47" WIDTH="635" VPOS="983" HPOS="202">
<String CONTENT="Includes" HEIGHT="39" WIDTH="223" VPOS="985" HPOS="202"/>
<SP HEIGHT="40" WIDTH="19" VPOS="983" HPOS="426"/>
<String CONTENT="bibliographies." HEIGHT="47" WIDTH="391" VPOS="983" HPOS="446"/>
</TextLine>
<TextLine HEIGHT="51" WIDTH="1995" VPOS="1050" HPOS="133">
<String CONTENT="&#169;" HEIGHT="51" WIDTH="51" VPOS="1050" HPOS="133"/>
<SP HEIGHT="51" WIDTH="35" VPOS="1050" HPOS="185"/>
<String CONTENT="Apr." HEIGHT="46" WIDTH="112" VPOS="1055" HPOS="221"/>
<SP HEIGHT="39" WIDTH="33" VPOS="1053" HPOS="334"/>
<String CONTENT="22," HEIGHT="47" WIDTH="69" VPOS="1053" HPOS="368"/>
<SP HEIGHT="46" WIDTH="36" VPOS="1054" HPOS="438"/>
<String CONTENT="1933;" HEIGHT="45" WIDTH="139" VPOS="1053" HPOS="475"/>
<SP HEIGHT="45" WIDTH="38" VPOS="1053" HPOS="615"/>
<String CONTENT="2c." HEIGHT="39" WIDTH="65" VPOS="1053" HPOS="654"/>
<SP HEIGHT="29" WIDTH="37" VPOS="1063" HPOS="720"/>
<String CONTENT="and" HEIGHT="38" WIDTH="96" VPOS="1054" HPOS="758"/>
<SP HEIGHT="38" WIDTH="35" VPOS="1054" HPOS="855"/>
<String CONTENT="aff." HEIGHT="40" WIDTH="80" VPOS="1052" HPOS="891"/>
<SP HEIGHT="38" WIDTH="36" VPOS="1053" HPOS="972"/>
<String CONTENT="Apr." HEIGHT="47" WIDTH="114" VPOS="1053" HPOS="1009"/>
<SP HEIGHT="39" WIDTH="35" VPOS="1053" HPOS="1124"/>
<String CONTENT="27;" HEIGHT="45" WIDTH="82" VPOS="1053" HPOS="1160"/>
<SP HEIGHT="46" WIDTH="38" VPOS="1052" HPOS="1243"/>
<!-- cceid 41F6112C-6CF9-1014-A6CF-A82867D68027 --><String CONTENT="A" HEIGHT="38" WIDTH="41" VPOS="1052" HPOS="1282"/>
<SP HEIGHT="39" WIDTH="35" VPOS="1052" HPOS="1324"/>
<String CONTENT="61488;" HEIGHT="47" WIDTH="170" VPOS="1051" HPOS="1360"/>
<SP HEIGHT="46" WIDTH="40" VPOS="1052" HPOS="1531"/>
<String CONTENT="Globe" HEIGHT="40" WIDTH="148" VPOS="1052" HPOS="1572"/>
<SP HEIGHT="39" WIDTH="34" VPOS="1053" HPOS="1721"/>
<String CONTENT="book" HEIGHT="40" WIDTH="123" VPOS="1052" HPOS="1756"/>
<SP HEIGHT="39" WIDTH="35" VPOS="1052" HPOS="1880"/>
<String CONTENT="co.," HEIGHT="35" WIDTH="82" VPOS="1061" HPOS="1916"/>
<SP HEIGHT="46" WIDTH="37" VPOS="1050" HPOS="1999"/>
<String CONTENT="inc." HEIGHT="41" WIDTH="91" VPOS="1050" HPOS="2037"/>
</TextLine>
<TextLine HEIGHT="47" WIDTH="278" VPOS="1110" HPOS="210">
<String CONTENT="(33-11821)" HEIGHT="47" WIDTH="278" VPOS="1110" HPOS="210"/>
</TextLine>
<TextLine HEIGHT="67" WIDTH="1024" VPOS="1210" HPOS="129" STYLEREFS="StyleId-831040C3-D5C3-4300-A1C0-D65EBCDE695E-">
<String CONTENT="Lucking," HEIGHT="66" WIDTH="282" VPOS="1210" HPOS="129"/>
<SP HEIGHT="63" WIDTH="26" VPOS="1213" HPOS="412"/>
<String CONTENT="William" HEIGHT="55" WIDTH="254" VPOS="1211" HPOS="439"/>
<SP HEIGHT="52" WIDTH="27" VPOS="1212" HPOS="694"/>
<String CONTENT="Alfred," HEIGHT="66" WIDTH="229" VPOS="1211" HPOS="722"/>
<SP HEIGHT="58" WIDTH="30" VPOS="1219" HPOS="952"/>
<String CONTENT="1882-" HEIGHT="50" WIDTH="170" VPOS="1217" HPOS="983"/>
</TextLine>
<TextLine HEIGHT="69" WIDTH="1930" VPOS="1289" HPOS="197" STYLEREFS="StyleId-831040C3-D5C3-4300-A1C0-D65EBCDE695E-">
<String CONTENT="A" HEIGHT="51" WIDTH="55" VPOS="1292" HPOS="197"/>
<SP HEIGHT="52" WIDTH="21" VPOS="1291" HPOS="253"/>
<String CONTENT="brief" HEIGHT="54" WIDTH="152" VPOS="1290" HPOS="275"/>
<SP HEIGHT="53" WIDTH="19" VPOS="1291" HPOS="428"/>
<String CONTENT="discussion" HEIGHT="55" WIDTH="313" VPOS="1289" HPOS="448"/>
<SP HEIGHT="35" WIDTH="21" VPOS="1309" HPOS="762"/>
<String CONTENT="and" HEIGHT="51" WIDTH="112" VPOS="1291" HPOS="784"/>
<SP HEIGHT="51" WIDTH="21" VPOS="1291" HPOS="897"/>
<String CONTENT="explanation" HEIGHT="68" WIDTH="369" VPOS="1290" HPOS="919"/>
<SP HEIGHT="34" WIDTH="20" VPOS="1309" HPOS="1289"/>
<String CONTENT="of" HEIGHT="52" WIDTH="63" VPOS="1290" HPOS="1310"/>
<SP HEIGHT="52" WIDTH="19" VPOS="1290" HPOS="1374"/>
<String CONTENT="the" HEIGHT="52" WIDTH="98" VPOS="1291" HPOS="1394"/>
<SP HEIGHT="34" WIDTH="17" VPOS="1309" HPOS="1493"/>
<String CONTENT="monetary" HEIGHT="62" WIDTH="296" VPOS="1296" HPOS="1511"/>
<SP HEIGHT="49" WIDTH="22" VPOS="1309" HPOS="1808"/>
<String CONTENT="system" HEIGHT="62" WIDTH="208" VPOS="1296" HPOS="1831"/>
<SP HEIGHT="35" WIDTH="22" VPOS="1308" HPOS="2040"/>
<String CONTENT="of" HEIGHT="53" WIDTH="64" VPOS="1289" HPOS="2063"/>
</TextLine>
<TextLine HEIGHT="147" WIDTH="1970" VPOS="1368" HPOS="129" STYLEREFS="StyleId-831040C3-D5C3-4300-A1C0-D65EBCDE695E-" CS="1">
<String CONTENT="the" HEIGHT="50" WIDTH="92" VPOS="1371" HPOS="130"/>
<SP HEIGHT="53" WIDTH="32" VPOS="1370" HPOS="223"/>
<String CONTENT="United" HEIGHT="54" WIDTH="214" VPOS="1369" HPOS="256"/>
<SP HEIGHT="55" WIDTH="31" VPOS="1368" HPOS="471"/>
<String CONTENT="States" HEIGHT="55" WIDTH="188" VPOS="1368" HPOS="503"/>
<SP HEIGHT="34" WIDTH="29" VPOS="1387" HPOS="692"/>
<String CONTENT="and" HEIGHT="52" WIDTH="112" VPOS="1369" HPOS="722"/>
<SP HEIGHT="52" WIDTH="30" VPOS="1369" HPOS="835"/>
<String CONTENT="the" HEIGHT="50" WIDTH="95" VPOS="1370" HPOS="866"/>
<SP HEIGHT="50" WIDTH="28" VPOS="1386" HPOS="962"/>
<String CONTENT="present" HEIGHT="63" WIDTH="228" VPOS="1373" HPOS="991"/>
<SP HEIGHT="49" WIDTH="27" VPOS="1373" HPOS="1220"/>
<String CONTENT="economic" HEIGHT="54" WIDTH="283" VPOS="1368" HPOS="1248"/>
<SP HEIGHT="34" WIDTH="28" VPOS="1387" HPOS="1532"/>
<String CONTENT="and" HEIGHT="52" WIDTH="112" VPOS="1369" HPOS="1561"/>
<SP HEIGHT="52" WIDTH="30" VPOS="1369" HPOS="1674"/>
<String CONTENT="trade" HEIGHT="54" WIDTH="164" VPOS="1369" HPOS="1705"/>
<SP HEIGHT="54" WIDTH="29" VPOS="1369" HPOS="1870"/>
<String CONTENT="depression," HEIGHT="146" WIDTH="1970" VPOS="1369" HPOS="129"/>
</TextLine>
<TextLine HEIGHT="69" WIDTH="1832" VPOS="1446" HPOS="294" STYLEREFS="StyleId-831040C3-D5C3-4300-A1C0-D65EBCDE695E-">
<String CONTENT="caused" HEIGHT="54" WIDTH="202" VPOS="1449" HPOS="294"/>
<SP HEIGHT="53" WIDTH="21" VPOS="1448" HPOS="497"/>
<String CONTENT="largely" HEIGHT="68" WIDTH="220" VPOS="1447" HPOS="519"/>
<SP HEIGHT="67" WIDTH="21" VPOS="1448" HPOS="740"/>
<String CONTENT="by" HEIGHT="67" WIDTH="74" VPOS="1448" HPOS="762"/>
<SP HEIGHT="49" WIDTH="24" VPOS="1466" HPOS="837"/>
<String CONTENT="over-expansion" HEIGHT="68" WIDTH="473" VPOS="1447" HPOS="862"/>
<SP HEIGHT="35" WIDTH="23" VPOS="1465" HPOS="1336"/>
<String CONTENT="of" HEIGHT="53" WIDTH="63" VPOS="1446" HPOS="1360"/>
<SP HEIGHT="54" WIDTH="23" VPOS="1446" HPOS="1424"/>
<String CONTENT="bank" HEIGHT="53" WIDTH="153" VPOS="1447" HPOS="1448"/>
<SP HEIGHT="52" WIDTH="22" VPOS="1448" HPOS="1602"/>
<String CONTENT="loans" HEIGHT="52" WIDTH="158" VPOS="1448" HPOS="1625"/>
<SP HEIGHT="33" WIDTH="24" VPOS="1467" HPOS="1784"/>
<String CONTENT="and" HEIGHT="52" WIDTH="112" VPOS="1448" HPOS="1809"/>
<SP HEIGHT="53" WIDTH="24" VPOS="1448" HPOS="1922"/>
<String CONTENT="credit" HEIGHT="54" WIDTH="179" VPOS="1447" HPOS="1947"/>
</TextLine>
<TextLine HEIGHT="70" WIDTH="1935" VPOS="1524" HPOS="129" STYLEREFS="StyleId-831040C3-D5C3-4300-A1C0-D65EBCDE695E-" CS="1">
<String CONTENT="in" HEIGHT="53" WIDTH="60" VPOS="1526" HPOS="129"/>
<SP HEIGHT="46" WIDTH="28" VPOS="1533" HPOS="190"/>
<String CONTENT="the" HEIGHT="51" WIDTH="94" VPOS="1527" HPOS="219"/>
<SP HEIGHT="48" WIDTH="28" VPOS="1545" HPOS="314"/>
<String CONTENT="years" HEIGHT="48" WIDTH="162" VPOS="1545" HPOS="343"/>
<SP HEIGHT="36" WIDTH="28" VPOS="1544" HPOS="506"/>
<String CONTENT="of" HEIGHT="53" WIDTH="65" VPOS="1525" HPOS="535"/>
<SP HEIGHT="54" WIDTH="29" VPOS="1525" HPOS="601"/>
<String CONTENT="1923-1929" HEIGHT="50" WIDTH="306" VPOS="1529" HPOS="631"/>
<SP HEIGHT="48" WIDTH="37" VPOS="1531" HPOS="938"/>
<String CS="1" CONTENT="&#8230;"/>
<SP HEIGHT="51" WIDTH="79" VPOS="1528" HPOS="1032"/>
<String CONTENT="By" HEIGHT="66" WIDTH="91" VPOS="1528" HPOS="1112"/>
<SP HEIGHT="67" WIDTH="27" VPOS="1527" HPOS="1204"/>
<String CONTENT="William" HEIGHT="55" WIDTH="259" VPOS="1526" HPOS="1232"/>
<SP HEIGHT="52" WIDTH="28" VPOS="1527" HPOS="1492"/>
<String CONTENT="Alfred" HEIGHT="54" WIDTH="212" VPOS="1524" HPOS="1521"/>
<SP HEIGHT="52" WIDTH="30" VPOS="1526" HPOS="1734"/>
<String CONTENT="Lucking" HEIGHT="68" WIDTH="262" VPOS="1525" HPOS="1765"/>
<SP HEIGHT="49" WIDTH="36" VPOS="1544" HPOS="2028"/>
<String CS="1" CONTENT="&#8230;"/>
</TextLine>
<TextLine HEIGHT="68" WIDTH="1865" VPOS="1603" HPOS="135" STYLEREFS="StyleId-831040C3-D5C3-4300-A1C0-D65EBCDE695E-" CS="1">
<String CONTENT="[Detroit," HEIGHT="66" WIDTH="262" VPOS="1605" HPOS="135"/>
<SP HEIGHT="63" WIDTH="32" VPOS="1606" HPOS="398"/>
<String CONTENT="Printed" HEIGHT="51" WIDTH="236" VPOS="1605" HPOS="431"/>
<SP HEIGHT="51" WIDTH="34" VPOS="1605" HPOS="668"/>
<String CONTENT="by" HEIGHT="66" WIDTH="73" VPOS="1605" HPOS="703"/>
<SP HEIGHT="65" WIDTH="32" VPOS="1606" HPOS="777"/>
<String CONTENT="Interstate" HEIGHT="50" WIDTH="309" VPOS="1606" HPOS="810"/>
<SP HEIGHT="51" WIDTH="31" VPOS="1605" HPOS="1120"/>
<String CONTENT="brief" HEIGHT="53" WIDTH="152" VPOS="1603" HPOS="1152"/>
<SP HEIGHT="52" WIDTH="30" VPOS="1603" HPOS="1305"/>
<String CONTENT="and" HEIGHT="51" WIDTH="112" VPOS="1605" HPOS="1336"/>
<SP HEIGHT="51" WIDTH="33" VPOS="1605" HPOS="1449"/>
<String CONTENT="record" HEIGHT="52" WIDTH="196" VPOS="1604" HPOS="1483"/>
<SP HEIGHT="52" WIDTH="33" VPOS="1604" HPOS="1680"/>
<String CONTENT="co.," HEIGHT="48" WIDTH="97" VPOS="1621" HPOS="1714"/>
<SP HEIGHT="60" WIDTH="30" VPOS="1609" HPOS="1812"/>
<String STYLE="superscript" CONTENT="c" HEIGHT="21" WIDTH="18" VPOS="1609" HPOS="1843"/>
<String CS="1" CONTENT="1933]" HEIGHT="49" WIDTH="133" VPOS="1607" HPOS="1867"/>
</TextLine>
<TextLine HEIGHT="49" WIDTH="766" VPOS="1676" HPOS="200" STYLEREFS="StyleId-831040C3-D5C3-4300-A1C0-D65EBCDE695E-" CS="1">
<String CONTENT="cover-title," HEIGHT="44" WIDTH="281" VPOS="1677" HPOS="200"/>
<SP HEIGHT="44" WIDTH="25" VPOS="1677" HPOS="482"/>
<String CONTENT="3" HEIGHT="40" WIDTH="25" VPOS="1677" HPOS="508"/>
<SP HEIGHT="47" WIDTH="24" VPOS="1677" HPOS="534"/>
<String CONTENT="p." HEIGHT="36" WIDTH="41" VPOS="1688" HPOS="559"/>
<SP HEIGHT="40" WIDTH="26" VPOS="1678" HPOS="601"/>
<String CS="1" CONTENT="l.,"/>
<SP HEIGHT="44" WIDTH="26" VPOS="1678" HPOS="671"/>
<String CONTENT="160" HEIGHT="41" WIDTH="84" VPOS="1676" HPOS="698"/>
<SP HEIGHT="49" WIDTH="22" VPOS="1676" HPOS="783"/>
<String CONTENT="p." HEIGHT="36" WIDTH="43" VPOS="1689" HPOS="806"/>
<SP HEIGHT="40" WIDTH="58" VPOS="1677" HPOS="850"/>
<String CS="1" CONTENT="26&#189;cm." HEIGHT="39" WIDTH="57" VPOS="1677" HPOS="909"/>
</TextLine>
<TextLine HEIGHT="51" WIDTH="1995" VPOS="1745" HPOS="135">
<String CONTENT="&#169;" HEIGHT="51" WIDTH="51" VPOS="1745" HPOS="135"/>
<SP HEIGHT="51" WIDTH="27" VPOS="1745" HPOS="187"/>
<String CONTENT="Apr." HEIGHT="46" WIDTH="111" VPOS="1749" HPOS="215"/>
<SP HEIGHT="38" WIDTH="26" VPOS="1749" HPOS="327"/>
<String CONTENT="26," HEIGHT="45" WIDTH="69" VPOS="1749" HPOS="354"/>
<SP HEIGHT="44" WIDTH="28" VPOS="1750" HPOS="424"/>
<String CONTENT="1933;" HEIGHT="47" WIDTH="138" VPOS="1747" HPOS="453"/>
<SP HEIGHT="46" WIDTH="29" VPOS="1748" HPOS="592"/>
<String CONTENT="2c." HEIGHT="39" WIDTH="66" VPOS="1748" HPOS="622"/>
<SP HEIGHT="29" WIDTH="27" VPOS="1758" HPOS="689"/>
<String CONTENT="and" HEIGHT="38" WIDTH="96" VPOS="1749" HPOS="717"/>
<SP HEIGHT="38" WIDTH="26" VPOS="1749" HPOS="814"/>
<String CONTENT="aff." HEIGHT="41" WIDTH="81" VPOS="1747" HPOS="841"/>
<SP HEIGHT="39" WIDTH="28" VPOS="1749" HPOS="923"/>
<String CONTENT="Apr." HEIGHT="46" WIDTH="113" VPOS="1749" HPOS="952"/>
<SP HEIGHT="39" WIDTH="27" VPOS="1748" HPOS="1066"/>
<String CONTENT="28;" HEIGHT="45" WIDTH="83" VPOS="1748" HPOS="1094"/>
<SP HEIGHT="45" WIDTH="29" VPOS="1748" HPOS="1178"/>
<!-- cceid 41F6A4F4-6CF9-1014-A6CF-A82867D68027 --><String CONTENT="A" HEIGHT="38" WIDTH="41" VPOS="1748" HPOS="1208"/>
<SP HEIGHT="39" WIDTH="26" VPOS="1748" HPOS="1250"/>
<String CONTENT="62408;" HEIGHT="47" WIDTH="170" VPOS="1747" HPOS="1277"/>
<SP HEIGHT="46" WIDTH="29" VPOS="1748" HPOS="1448"/>
<String CONTENT="W." HEIGHT="40" WIDTH="71" VPOS="1748" HPOS="1478"/>
<SP HEIGHT="39" WIDTH="27" VPOS="1748" HPOS="1550"/>
<String CONTENT="A." HEIGHT="39" WIDTH="54" VPOS="1748" HPOS="1578"/>
<SP HEIGHT="39" WIDTH="28" VPOS="1748" HPOS="1633"/>
<String CONTENT="Lucking," HEIGHT="48" WIDTH="230" VPOS="1746" HPOS="1662"/>
<SP HEIGHT="45" WIDTH="28" VPOS="1748" HPOS="1893"/>
<String CONTENT="Detroit." HEIGHT="42" WIDTH="208" VPOS="1746" HPOS="1922"/>
</TextLine>
<TextLine HEIGHT="48" WIDTH="278" VPOS="1805" HPOS="209">
<String CONTENT="(33-11813)" HEIGHT="48" WIDTH="278" VPOS="1805" HPOS="209"/>
</TextLine>
<TextLine HEIGHT="67" WIDTH="1097" VPOS="1906" HPOS="127" STYLEREFS="StyleId-29B0E7C3-8C4E-440E-A855-0E428D785553-">
<String CONTENT="Lumley," HEIGHT="66" WIDTH="263" VPOS="1906" HPOS="127"/>
<SP HEIGHT="62" WIDTH="30" VPOS="1910" HPOS="391"/>
<String CONTENT="Frederick" HEIGHT="54" WIDTH="315" VPOS="1908" HPOS="422"/>
<SP HEIGHT="52" WIDTH="29" VPOS="1908" HPOS="738"/>
<String CONTENT="Elmore," HEIGHT="66" WIDTH="252" VPOS="1907" HPOS="768"/>
<SP HEIGHT="57" WIDTH="31" VPOS="1916" HPOS="1021"/>
<String CONTENT="1880-" HEIGHT="49" WIDTH="171" VPOS="1914" HPOS="1053"/>
</TextLine>
<TextLine HEIGHT="70" WIDTH="1804" VPOS="1985" HPOS="262" STYLEREFS="StyleId-831040C3-D5C3-4300-A1C0-D65EBCDE695E-" CS="1">
<String CS="1" CONTENT="&#8230;"/>
<SP HEIGHT="53" WIDTH="49" VPOS="1986" HPOS="262"/>
<String CONTENT="The" HEIGHT="54" WIDTH="121" VPOS="1986" HPOS="312"/>
<SP HEIGHT="51" WIDTH="43" VPOS="2004" HPOS="434"/>
<String CONTENT="propaganda" HEIGHT="68" WIDTH="375" VPOS="1987" HPOS="478"/>
<SP HEIGHT="36" WIDTH="43" VPOS="2005" HPOS="854"/>
<String CONTENT="menace," HEIGHT="53" WIDTH="245" VPOS="2002" HPOS="898"/>
<SP HEIGHT="69" WIDTH="42" VPOS="1986" HPOS="1144"/>
<String CONTENT="by" HEIGHT="69" WIDTH="73" VPOS="1986" HPOS="1187"/>
<SP HEIGHT="69" WIDTH="45" VPOS="1986" HPOS="1261"/>
<String CONTENT="Frederick" HEIGHT="55" WIDTH="310" VPOS="1985" HPOS="1307"/>
<SP HEIGHT="55" WIDTH="43" VPOS="1985" HPOS="1618"/>
<String CONTENT="E." HEIGHT="54" WIDTH="68" VPOS="1986" HPOS="1662"/>
<SP HEIGHT="54" WIDTH="43" VPOS="1986" HPOS="1731"/>
<String CONTENT="Lumley" HEIGHT="69" WIDTH="242" VPOS="1986" HPOS="1775"/>
<SP HEIGHT="53" WIDTH="48" VPOS="2002" HPOS="2018"/>
<String CS="1" CONTENT="&#8230;"/>
</TextLine>
<TextLine HEIGHT="71" WIDTH="1992" VPOS="2063" HPOS="133" STYLEREFS="StyleId-831040C3-D5C3-4300-A1C0-D65EBCDE695E-">
<String CONTENT="Student&#8217;s" HEIGHT="56" WIDTH="289" VPOS="2064" HPOS="133"/>
<SP HEIGHT="35" WIDTH="44" VPOS="2084" HPOS="423"/>
<String CONTENT="ed." HEIGHT="53" WIDTH="84" VPOS="2066" HPOS="468"/>
<SP HEIGHT="53" WIDTH="74" VPOS="2066" HPOS="553"/>
<String CONTENT="New" HEIGHT="53" WIDTH="138" VPOS="2066" HPOS="628"/>
<SP HEIGHT="52" WIDTH="43" VPOS="2066" HPOS="767"/>
<String CONTENT="York," HEIGHT="68" WIDTH="180" VPOS="2065" HPOS="811"/>
<SP HEIGHT="68" WIDTH="40" VPOS="2065" HPOS="992"/>
<String CONTENT="London," HEIGHT="68" WIDTH="260" VPOS="2065" HPOS="1033"/>
<SP HEIGHT="68" WIDTH="41" VPOS="2065" HPOS="1294"/>
<String CONTENT="The" HEIGHT="53" WIDTH="123" VPOS="2065" HPOS="1336"/>
<SP HEIGHT="56" WIDTH="42" VPOS="2063" HPOS="1460"/>
<String CONTENT="Century" HEIGHT="71" WIDTH="257" VPOS="2063" HPOS="1503"/>
<SP HEIGHT="51" WIDTH="38" VPOS="2083" HPOS="1761"/>
<String CONTENT="co." HEIGHT="37" WIDTH="82" VPOS="2081" HPOS="1800"/>
<SP HEIGHT="35" WIDTH="47" VPOS="2097" HPOS="1883"/>
<String CONTENT="[" HEIGHT="35" WIDTH="15" VPOS="2097" HPOS="1931"/>
<String STYLE="superscript" CONTENT="c" HEIGHT="22" WIDTH="19" VPOS="2070" HPOS="1949"/>
<String CONTENT="1933]" HEIGHT="64" WIDTH="152" VPOS="2067" HPOS="1973"/>
</TextLine>
<TextLine HEIGHT="51" WIDTH="1734" VPOS="2136" HPOS="198" STYLEREFS="StyleId-831040C3-D5C3-4300-A1C0-D65EBCDE695E-">
<String CONTENT="ix," HEIGHT="46" WIDTH="64" VPOS="2138" HPOS="198"/>
<SP HEIGHT="43" WIDTH="27" VPOS="2141" HPOS="263"/>
<String CONTENT="454" HEIGHT="39" WIDTH="87" VPOS="2139" HPOS="291"/>
<SP HEIGHT="46" WIDTH="29" VPOS="2140" HPOS="379"/>
<String CONTENT="p." HEIGHT="36" WIDTH="43" VPOS="2150" HPOS="409"/>
<SP HEIGHT="41" WIDTH="57" VPOS="2139" HPOS="453"/>
<String CONTENT="23" HEIGHT="40" WIDTH="55" VPOS="2139" HPOS="511"/>
<String STYLE="superscript" CONTENT="cm" HEIGHT="21" WIDTH="44" VPOS="2141" HPOS="569"/>
<String CONTENT="." HEIGHT="9" WIDTH="10" VPOS="2169" HPOS="617"/>
<SP HEIGHT="48" WIDTH="68" VPOS="2139" HPOS="628"/>
<String CONTENT="(The" HEIGHT="48" WIDTH="128" VPOS="2139" HPOS="697"/>
<SP HEIGHT="41" WIDTH="27" VPOS="2139" HPOS="826"/>
<String CONTENT="Century" HEIGHT="48" WIDTH="215" VPOS="2139" HPOS="854"/>
<SP HEIGHT="38" WIDTH="28" VPOS="2149" HPOS="1070"/>
<String CONTENT="social" HEIGHT="41" WIDTH="152" VPOS="2138" HPOS="1099"/>
<SP HEIGHT="40" WIDTH="30" VPOS="2139" HPOS="1252"/>
<String CONTENT="science" HEIGHT="40" WIDTH="186" VPOS="2139" HPOS="1283"/>
<SP HEIGHT="30" WIDTH="27" VPOS="2149" HPOS="1470"/>
<String CONTENT="series)" HEIGHT="46" WIDTH="177" VPOS="2138" HPOS="1498"/>
<SP HEIGHT="51" WIDTH="123" VPOS="2136" HPOS="1676"/>
<String CONTENT="$3.00" HEIGHT="51" WIDTH="132" VPOS="2136" HPOS="1800"/>
</TextLine>
<TextLine HEIGHT="50" WIDTH="697" VPOS="2194" HPOS="198" STYLEREFS="StyleId-831040C3-D5C3-4300-A1C0-D65EBCDE695E-">
<String CONTENT="Bibliography:" HEIGHT="49" WIDTH="376" VPOS="2194" HPOS="198"/>
<SP HEIGHT="38" WIDTH="31" VPOS="2206" HPOS="575"/>
<String CONTENT="p." HEIGHT="38" WIDTH="43" VPOS="2206" HPOS="607"/>
<SP HEIGHT="40" WIDTH="25" VPOS="2196" HPOS="651"/>
<String CONTENT="433-445." HEIGHT="42" WIDTH="218" VPOS="2195" HPOS="677"/>
</TextLine>
<TextLine HEIGHT="53" WIDTH="1628" VPOS="2261" HPOS="133">
<String CONTENT="&#169;" HEIGHT="51" WIDTH="51" VPOS="2261" HPOS="133"/>
<SP HEIGHT="51" WIDTH="29" VPOS="2261" HPOS="185"/>
<String CONTENT="Apr." HEIGHT="47" WIDTH="113" VPOS="2266" HPOS="215"/>
<SP HEIGHT="39" WIDTH="27" VPOS="2266" HPOS="329"/>
<String CONTENT="3," HEIGHT="45" WIDTH="39" VPOS="2266" HPOS="357"/>
<SP HEIGHT="44" WIDTH="29" VPOS="2267" HPOS="397"/>
<String CONTENT="1933;" HEIGHT="47" WIDTH="140" VPOS="2265" HPOS="427"/>
<SP HEIGHT="46" WIDTH="31" VPOS="2266" HPOS="568"/>
<String CONTENT="2c." HEIGHT="39" WIDTH="67" VPOS="2266" HPOS="600"/>
<SP HEIGHT="29" WIDTH="30" VPOS="2276" HPOS="668"/>
<String CONTENT="and" HEIGHT="38" WIDTH="94" VPOS="2267" HPOS="699"/>
<SP HEIGHT="38" WIDTH="30" VPOS="2267" HPOS="794"/>
<String CONTENT="aff." HEIGHT="40" WIDTH="81" VPOS="2265" HPOS="825"/>
<SP HEIGHT="38" WIDTH="31" VPOS="2266" HPOS="907"/>
<String CONTENT="May" HEIGHT="48" WIDTH="114" VPOS="2266" HPOS="939"/>
<SP HEIGHT="48" WIDTH="29" VPOS="2266" HPOS="1054"/>
<String CONTENT="5;" HEIGHT="46" WIDTH="53" VPOS="2266" HPOS="1084"/>
<SP HEIGHT="47" WIDTH="31" VPOS="2265" HPOS="1138"/>
<!-- cceid 41F72FBD-6CF9-1014-A6CF-A82867D68027 --><String CONTENT="A" HEIGHT="39" WIDTH="42" VPOS="2265" HPOS="1170"/>
<SP HEIGHT="40" WIDTH="29" VPOS="2265" HPOS="1213"/>
<String CONTENT="62525;" HEIGHT="47" WIDTH="170" VPOS="2265" HPOS="1243"/>
<SP HEIGHT="47" WIDTH="33" VPOS="2265" HPOS="1414"/>
<String CONTENT="Century" HEIGHT="49" WIDTH="215" VPOS="2265" HPOS="1448"/>
<SP HEIGHT="37" WIDTH="28" VPOS="2277" HPOS="1664"/>
<String CONTENT="co." HEIGHT="29" WIDTH="68" VPOS="2277" HPOS="1693"/>
</TextLine>
<TextLine HEIGHT="48" WIDTH="278" VPOS="2322" HPOS="208">
<String CONTENT="(33-11978)" HEIGHT="48" WIDTH="278" VPOS="2322" HPOS="208"/>
</TextLine>
<TextLine HEIGHT="69" WIDTH="797" VPOS="2425" HPOS="133" STYLEREFS="StyleId-29B0E7C3-8C4E-440E-A855-0E428D785553-">
<String CONTENT="[McNeile," HEIGHT="67" WIDTH="297" VPOS="2425" HPOS="133"/>
<SP HEIGHT="63" WIDTH="26" VPOS="2427" HPOS="431"/>
<String CONTENT="Herman" HEIGHT="51" WIDTH="264" VPOS="2427" HPOS="458"/>
<SP HEIGHT="54" WIDTH="27" VPOS="2426" HPOS="723"/>
<String CONTENT="Cyril]" HEIGHT="68" WIDTH="179" VPOS="2426" HPOS="751"/>
</TextLine>
<TextLine HEIGHT="70" WIDTH="1339" VPOS="2502" HPOS="197" STYLEREFS="StyleId-831040C3-D5C3-4300-A1C0-D65EBCDE695E-" CS="1">
<String CONTENT="The" HEIGHT="53" WIDTH="120" VPOS="2502" HPOS="197"/>
<SP HEIGHT="33" WIDTH="20" VPOS="2522" HPOS="318"/>
<String CONTENT="man" HEIGHT="33" WIDTH="133" VPOS="2521" HPOS="339"/>
<SP HEIGHT="34" WIDTH="23" VPOS="2521" HPOS="473"/>
<String CONTENT="with" HEIGHT="52" WIDTH="140" VPOS="2503" HPOS="497"/>
<SP HEIGHT="53" WIDTH="21" VPOS="2504" HPOS="638"/>
<String CONTENT="samples," HEIGHT="67" WIDTH="263" VPOS="2505" HPOS="660"/>
<SP HEIGHT="69" WIDTH="22" VPOS="2503" HPOS="924"/>
<String CONTENT="by" HEIGHT="69" WIDTH="75" VPOS="2503" HPOS="947"/>
<SP HEIGHT="69" WIDTH="26" VPOS="2503" HPOS="1023"/>
<String CONTENT="Sapper" HEIGHT="69" WIDTH="223" VPOS="2503" HPOS="1050"/>
<SP HEIGHT="47" WIDTH="29" VPOS="2524" HPOS="1274"/>
<String CS="1" CONTENT="[pseud.]" HEIGHT="68" WIDTH="211" VPOS="2504" HPOS="1325"/>
</TextLine>
<TextLine HEIGHT="54" WIDTH="936" VPOS="2573" HPOS="207">
<String CONTENT="(In" HEIGHT="48" WIDTH="83" VPOS="2578" HPOS="207"/>
<SP HEIGHT="45" WIDTH="25" VPOS="2573" HPOS="291"/>
<String CONTENT="Strand" HEIGHT="45" WIDTH="184" VPOS="2573" HPOS="317"/>
<SP HEIGHT="43" WIDTH="26" VPOS="2574" HPOS="502"/>
<String CONTENT="magazine," HEIGHT="52" WIDTH="276" VPOS="2574" HPOS="529"/>
<SP HEIGHT="50" WIDTH="27" VPOS="2576" HPOS="806"/>
<String CONTENT="May," HEIGHT="51" WIDTH="133" VPOS="2576" HPOS="834"/>
<SP HEIGHT="49" WIDTH="30" VPOS="2577" HPOS="968"/>
<String CONTENT="1933)" HEIGHT="50" WIDTH="144" VPOS="2576" HPOS="999"/>
</TextLine>
<TextLine HEIGHT="53" WIDTH="1995" VPOS="2644" HPOS="133" CS="1">
<String CONTENT="&#169;" HEIGHT="51" WIDTH="51" VPOS="2644" HPOS="133"/>
<SP/>
<String CS="1" CONTENT="1c."/>
<SP/>
<String CONTENT="June" HEIGHT="39" WIDTH="125" VPOS="2648" HPOS="322"/>
<SP HEIGHT="39" WIDTH="32" VPOS="2648" HPOS="448"/>
<String CONTENT="21," HEIGHT="44" WIDTH="69" VPOS="2648" HPOS="481"/>
<SP HEIGHT="43" WIDTH="34" VPOS="2649" HPOS="551"/>
<String CONTENT="1933;" HEIGHT="46" WIDTH="140" VPOS="2648" HPOS="586"/>
<SP HEIGHT="45" WIDTH="36" VPOS="2649" HPOS="727"/>
<!-- cceid 41F7B6CB-6CF9-1014-A6CF-A82867D68027 --><String CONTENT="A" HEIGHT="38" WIDTH="40" VPOS="2649" HPOS="764"/>
<SP HEIGHT="39" WIDTH="33" VPOS="2649" HPOS="805"/>
<String CONTENT="ad" HEIGHT="38" WIDTH="60" VPOS="2650" HPOS="839"/>
<SP HEIGHT="39" WIDTH="34" VPOS="2649" HPOS="900"/>
<String CONTENT="int." HEIGHT="40" WIDTH="85" VPOS="2649" HPOS="935"/>
<SP HEIGHT="38" WIDTH="34" VPOS="2650" HPOS="1021"/>
<String CONTENT="17914;" HEIGHT="46" WIDTH="170" VPOS="2648" HPOS="1056"/>
<SP HEIGHT="37" WIDTH="37" VPOS="2660" HPOS="1227"/>
<String CONTENT="pubd." HEIGHT="48" WIDTH="141" VPOS="2649" HPOS="1265"/>
<SP HEIGHT="39" WIDTH="35" VPOS="2650" HPOS="1407"/>
<String CONTENT="Apr." HEIGHT="47" WIDTH="112" VPOS="2650" HPOS="1443"/>
<SP HEIGHT="39" WIDTH="35" VPOS="2650" HPOS="1556"/>
<String CONTENT="25;" HEIGHT="46" WIDTH="82" VPOS="2650" HPOS="1592"/>
<SP HEIGHT="46" WIDTH="37" VPOS="2650" HPOS="1675"/>
<String CONTENT="H." HEIGHT="39" WIDTH="60" VPOS="2650" HPOS="1713"/>
<SP HEIGHT="40" WIDTH="35" VPOS="2650" HPOS="1774"/>
<String CONTENT="C." HEIGHT="40" WIDTH="49" VPOS="2650" HPOS="1810"/>
<SP HEIGHT="38" WIDTH="37" VPOS="2650" HPOS="1860"/>
<String CONTENT="McNeile," HEIGHT="50" WIDTH="230" VPOS="2647" HPOS="1898"/>
</TextLine>
<TextLine HEIGHT="50" WIDTH="815" VPOS="2703" HPOS="202">
<String CONTENT="Fittleworth," HEIGHT="45" WIDTH="321" VPOS="2703" HPOS="202"/>
<SP HEIGHT="43" WIDTH="33" VPOS="2705" HPOS="524"/>
<String CONTENT="Sussex," HEIGHT="47" WIDTH="192" VPOS="2705" HPOS="558"/>
<SP HEIGHT="46" WIDTH="30" VPOS="2706" HPOS="751"/>
<String CONTENT="England." HEIGHT="47" WIDTH="235" VPOS="2706" HPOS="782"/>
</TextLine>
<TextLine HEIGHT="67" WIDTH="609" VPOS="2806" HPOS="126" STYLEREFS="StyleId-29B0E7C3-8C4E-440E-A855-0E428D785553-">
<String CONTENT="Malo," HEIGHT="65" WIDTH="172" VPOS="2806" HPOS="126"/>
<SP HEIGHT="63" WIDTH="29" VPOS="2808" HPOS="299"/>
<String CONTENT="Henri," HEIGHT="65" WIDTH="203" VPOS="2808" HPOS="329"/>
<SP HEIGHT="58" WIDTH="31" VPOS="2815" HPOS="533"/>
<String CONTENT="1868-" HEIGHT="50" WIDTH="170" VPOS="2813" HPOS="565"/>
</TextLine>
<TextLine HEIGHT="69" WIDTH="1864" VPOS="2886" HPOS="260" STYLEREFS="StyleId-831040C3-D5C3-4300-A1C0-D65EBCDE695E-" CS="1">
<String CS="1" CONTENT="&#8230;"/>
<SP HEIGHT="54" WIDTH="43" VPOS="2886" HPOS="260"/>
<String CONTENT="Corsaires" HEIGHT="54" WIDTH="289" VPOS="2886" HPOS="304"/>
<SP HEIGHT="33" WIDTH="35" VPOS="2905" HPOS="594"/>
<String CONTENT="et" HEIGHT="45" WIDTH="54" VPOS="2893" HPOS="630"/>
<SP HEIGHT="51" WIDTH="36" VPOS="2887" HPOS="685"/>
<String CONTENT="flibustiers;" HEIGHT="68" WIDTH="332" VPOS="2886" HPOS="722"/>
<SP HEIGHT="48" WIDTH="41" VPOS="2906" HPOS="1055"/>
<String CONTENT="avec" HEIGHT="34" WIDTH="132" VPOS="2906" HPOS="1097"/>
<SP HEIGHT="49" WIDTH="37" VPOS="2906" HPOS="1230"/>
<String CONTENT="quatre" HEIGHT="61" WIDTH="196" VPOS="2894" HPOS="1268"/>
<SP HEIGHT="49" WIDTH="39" VPOS="2906" HPOS="1465"/>
<String CONTENT="planches" HEIGHT="67" WIDTH="267" VPOS="2888" HPOS="1505"/>
<SP HEIGHT="51" WIDTH="38" VPOS="2889" HPOS="1773"/>
<String CONTENT="hors-texte" HEIGHT="53" WIDTH="312" VPOS="2889" HPOS="1812"/>
</TextLine>
<TextLine HEIGHT="70" WIDTH="1608" VPOS="2963" HPOS="128" STYLEREFS="StyleId-831040C3-D5C3-4300-A1C0-D65EBCDE695E-" CS="1">
<String CS="1" CONTENT="tir&#233;es" HEIGHT="56" WIDTH="166" VPOS="2963" HPOS="128"/>
<SP HEIGHT="35" WIDTH="25" VPOS="2984" HPOS="295"/>
<String CONTENT="en" HEIGHT="34" WIDTH="67" VPOS="2983" HPOS="321"/>
<SP HEIGHT="50" WIDTH="26" VPOS="2966" HPOS="389"/>
<String CS="1" CONTENT="h&#233;liogravure." HEIGHT="68" WIDTH="410" VPOS="2964" HPOS="416"/>
<SP HEIGHT="33" WIDTH="79" VPOS="2999" HPOS="827"/>
<String CS="1" CONTENT="[Paris]" HEIGHT="69" WIDTH="186" VPOS="2964" HPOS="925"/>
<SP HEIGHT="66" WIDTH="30" VPOS="2967" HPOS="1112"/>
<String CONTENT="Flammarion" HEIGHT="53" WIDTH="391" VPOS="2965" HPOS="1143"/>
<SP HEIGHT="48" WIDTH="29" VPOS="2985" HPOS="1535"/>
<String CS="1" CONTENT="[1932]" HEIGHT="63" WIDTH="150" VPOS="2969" HPOS="1586"/>
</TextLine>
<TextLine HEIGHT="52" WIDTH="1809" VPOS="3036" HPOS="200" CS="1">
<String CONTENT="126" HEIGHT="39" WIDTH="85" VPOS="3036" HPOS="200"/>
<SP HEIGHT="48" WIDTH="28" VPOS="3036" HPOS="286"/>
<String CS="1" CONTENT="p.,"/>
<SP/>
<String CS="1" CONTENT="1"/>
<SP/>
<String CS="1" CONTENT="l."/>
<SP HEIGHT="40" WIDTH="57" VPOS="3036" HPOS="492"/>
<String CS="1" CONTENT="front."/>
<SP HEIGHT="47" WIDTH="29" VPOS="3037" HPOS="699"/>
<String CONTENT="(ports.)" HEIGHT="49" WIDTH="196" VPOS="3037" HPOS="729"/>
<SP HEIGHT="45" WIDTH="39" VPOS="3041" HPOS="926"/>
<String CONTENT="plates." HEIGHT="46" WIDTH="170" VPOS="3039" HPOS="966"/>
<SP HEIGHT="37" WIDTH="60" VPOS="3039" HPOS="1137"/>
<String CONTENT="18" HEIGHT="39" WIDTH="55" VPOS="3039" HPOS="1198"/>
<String STYLE="superscript" CONTENT="cm" HEIGHT="20" WIDTH="43" VPOS="3040" HPOS="1256"/>
<String CONTENT="." HEIGHT="7" WIDTH="8" VPOS="3070" HPOS="1305"/>
<SP HEIGHT="30" WIDTH="61" VPOS="3057" HPOS="1314"/>
<String CONTENT="[&#8220;Hier" HEIGHT="49" WIDTH="165" VPOS="3038" HPOS="1376"/>
<SP HEIGHT="29" WIDTH="29" VPOS="3048" HPOS="1542"/>
<String CONTENT="et" HEIGHT="36" WIDTH="47" VPOS="3042" HPOS="1572"/>
<SP HEIGHT="36" WIDTH="29" VPOS="3042" HPOS="1620"/>
<String CONTENT="aujourd&#8217;hui&#8221;]" HEIGHT="51" WIDTH="359" VPOS="3037" HPOS="1650"/>
</TextLine>
<TextLine HEIGHT="54" WIDTH="1938" VPOS="3103" HPOS="131" CS="1">
<String CONTENT="&#169;" HEIGHT="51" WIDTH="51" VPOS="3103" HPOS="131"/>
<SP HEIGHT="51" WIDTH="33" VPOS="3103" HPOS="183"/>
<String CONTENT="Oct." HEIGHT="40" WIDTH="100" VPOS="3107" HPOS="217"/>
<SP HEIGHT="39" WIDTH="31" VPOS="3108" HPOS="318"/>
<String CONTENT="20," HEIGHT="46" WIDTH="69" VPOS="3108" HPOS="350"/>
<SP HEIGHT="45" WIDTH="32" VPOS="3109" HPOS="420"/>
<String CONTENT="1932;" HEIGHT="47" WIDTH="139" VPOS="3108" HPOS="453"/>
<SP/>
<String CS="1" CONTENT="1c."/>
<SP/>
<String CONTENT="Nov." HEIGHT="39" WIDTH="117" VPOS="3110" HPOS="726"/>
<SP HEIGHT="37" WIDTH="30" VPOS="3112" HPOS="844"/>
<String CONTENT="4;" HEIGHT="39" WIDTH="54" VPOS="3112" HPOS="875"/>
<SP HEIGHT="40" WIDTH="34" VPOS="3111" HPOS="930"/>
<!-- cceid 41F83B2F-6CF9-1014-A6CF-A82867D68027 --><String CONTENT="A-Foreign" HEIGHT="47" WIDTH="310" VPOS="3110" HPOS="965"/>
<SP HEIGHT="38" WIDTH="31" VPOS="3110" HPOS="1276"/>
<String CONTENT="18526;" HEIGHT="46" WIDTH="169" VPOS="3110" HPOS="1308"/>
<SP HEIGHT="45" WIDTH="35" VPOS="3111" HPOS="1478"/>
<String CONTENT="Ernest" HEIGHT="38" WIDTH="175" VPOS="3111" HPOS="1514"/>
<SP HEIGHT="38" WIDTH="33" VPOS="3110" HPOS="1690"/>
<String CONTENT="Flammarion." HEIGHT="42" WIDTH="345" VPOS="3107" HPOS="1724"/>
</TextLine>
<TextLine HEIGHT="50" WIDTH="279" VPOS="3163" HPOS="207">
<String CONTENT="(33-11658)" HEIGHT="50" WIDTH="279" VPOS="3163" HPOS="207"/>
</TextLine>
<TextLine HEIGHT="70" WIDTH="1064" VPOS="3265" HPOS="125" STYLEREFS="StyleId-831040C3-D5C3-4300-A1C0-D65EBCDE695E-">
<String CONTENT="Marvin," HEIGHT="66" WIDTH="252" VPOS="3265" HPOS="125"/>
<SP HEIGHT="62" WIDTH="27" VPOS="3269" HPOS="378"/>
<String CONTENT="Dwight" HEIGHT="64" WIDTH="243" VPOS="3268" HPOS="406"/>
<SP HEIGHT="52" WIDTH="28" VPOS="3270" HPOS="650"/>
<String CONTENT="Edwards," HEIGHT="65" WIDTH="304" VPOS="3270" HPOS="679"/>
<SP HEIGHT="58" WIDTH="32" VPOS="3277" HPOS="984"/>
<String CONTENT="1851-" HEIGHT="49" WIDTH="172" VPOS="3276" HPOS="1017"/>
</TextLine>
<TextLine HEIGHT="148" WIDTH="1967" VPOS="3343" HPOS="130" STYLEREFS="StyleId-831040C3-D5C3-4300-A1C0-D65EBCDE695E-" CS="1">
<String CONTENT="The" HEIGHT="51" WIDTH="120" VPOS="3344" HPOS="197"/>
<SP HEIGHT="33" WIDTH="45" VPOS="3362" HPOS="318"/>
<String CONTENT="wings" HEIGHT="69" WIDTH="180" VPOS="3343" HPOS="364"/>
<SP HEIGHT="34" WIDTH="44" VPOS="3363" HPOS="545"/>
<String CONTENT="of" HEIGHT="53" WIDTH="64" VPOS="3344" HPOS="590"/>
<SP HEIGHT="54" WIDTH="45" VPOS="3344" HPOS="655"/>
<String CONTENT="time," HEIGHT="68" WIDTH="153" VPOS="3345" HPOS="701"/>
<SP HEIGHT="68" WIDTH="44" VPOS="3345" HPOS="855"/>
<String CONTENT="by" HEIGHT="69" WIDTH="76" VPOS="3345" HPOS="900"/>
<SP HEIGHT="67" WIDTH="44" VPOS="3347" HPOS="977"/>
<String CONTENT="Dwight" HEIGHT="69" WIDTH="242" VPOS="3346" HPOS="1022"/>
<SP HEIGHT="52" WIDTH="48" VPOS="3347" HPOS="1265"/>
<String CONTENT="Edwards" HEIGHT="53" WIDTH="280" VPOS="3346" HPOS="1314"/>
<SP HEIGHT="53" WIDTH="46" VPOS="3346" HPOS="1595"/>
<String CONTENT="Marvin." HEIGHT="53" WIDTH="249" VPOS="3346" HPOS="1642"/>
<SP HEIGHT="54" WIDTH="84" VPOS="3347" HPOS="1892"/>
<String CONTENT="Norwell," HEIGHT="137" WIDTH="1967" VPOS="3347" HPOS="130"/>
<SP HEIGHT="63" WIDTH="23" VPOS="3421" HPOS="274"/>
<String CONTENT="Mass.," HEIGHT="66" WIDTH="190" VPOS="3421" HPOS="298"/>
<SP HEIGHT="65" WIDTH="22" VPOS="3422" HPOS="489"/>
<String CONTENT="The" HEIGHT="52" WIDTH="121" VPOS="3422" HPOS="512"/>
<SP HEIGHT="52" WIDTH="25" VPOS="3423" HPOS="634"/>
<String CONTENT="Ross" HEIGHT="53" WIDTH="142" VPOS="3423" HPOS="660"/>
<SP HEIGHT="53" WIDTH="26" VPOS="3423" HPOS="803"/>
<String CONTENT="bookmakers," HEIGHT="69" WIDTH="389" VPOS="3422" HPOS="830"/>
<SP HEIGHT="64" WIDTH="26" VPOS="3427" HPOS="1220"/>
<String CONTENT="1933." HEIGHT="50" WIDTH="150" VPOS="3426" HPOS="1247"/>
</TextLine>
<TextLine HEIGHT="47" WIDTH="300" VPOS="3493" HPOS="196">
<String CONTENT="64" HEIGHT="39" WIDTH="56" VPOS="3493" HPOS="196"/>
<SP HEIGHT="47" WIDTH="24" VPOS="3493" HPOS="253"/>
<String CONTENT="p." HEIGHT="37" WIDTH="43" VPOS="3503" HPOS="278"/>
<SP HEIGHT="40" WIDTH="58" VPOS="3493" HPOS="322"/>
<String CONTENT="19" HEIGHT="41" WIDTH="56" VPOS="3493" HPOS="381"/>
<String STYLE="superscript" CONTENT="cm" HEIGHT="21" WIDTH="43" VPOS="3496" HPOS="441"/>
<String CONTENT="." HEIGHT="8" WIDTH="8" VPOS="3528" HPOS="488"/>
</TextLine>
<TextLine HEIGHT="41" WIDTH="182" VPOS="3548" HPOS="195">
<String CONTENT="Poems." HEIGHT="41" WIDTH="182" VPOS="3548" HPOS="195"/>
</TextLine>
<TextLine HEIGHT="56" WIDTH="1991" VPOS="3603" HPOS="131">
<String CONTENT="&#169;" HEIGHT="51" WIDTH="51" VPOS="3603" HPOS="131"/>
<SP HEIGHT="51" WIDTH="32" VPOS="3603" HPOS="183"/>
<String CONTENT="Apr." HEIGHT="47" WIDTH="113" VPOS="3608" HPOS="216"/>
<SP HEIGHT="39" WIDTH="32" VPOS="3609" HPOS="330"/>
<String CONTENT="7," HEIGHT="45" WIDTH="38" VPOS="3609" HPOS="363"/>
<SP HEIGHT="45" WIDTH="34" VPOS="3609" HPOS="402"/>
<String CONTENT="1933;" HEIGHT="46" WIDTH="140" VPOS="3609" HPOS="437"/>
<SP HEIGHT="45" WIDTH="34" VPOS="3610" HPOS="578"/>
<String CONTENT="2c." HEIGHT="39" WIDTH="65" VPOS="3610" HPOS="613"/>
<SP HEIGHT="29" WIDTH="34" VPOS="3620" HPOS="679"/>
<String CONTENT="and" HEIGHT="38" WIDTH="95" VPOS="3611" HPOS="714"/>
<SP HEIGHT="39" WIDTH="32" VPOS="3611" HPOS="810"/>
<String CONTENT="aff." HEIGHT="41" WIDTH="82" VPOS="3609" HPOS="843"/>
<SP HEIGHT="38" WIDTH="34" VPOS="3612" HPOS="926"/>
<String CONTENT="May" HEIGHT="46" WIDTH="113" VPOS="3612" HPOS="961"/>
<SP HEIGHT="47" WIDTH="31" VPOS="3611" HPOS="1075"/>
<String CONTENT="1;" HEIGHT="45" WIDTH="52" VPOS="3611" HPOS="1107"/>
<SP HEIGHT="45" WIDTH="35" VPOS="3611" HPOS="1160"/>
<!-- cceid 41F8D134-6CF9-1014-A6CF-A82867D68027 --><String CONTENT="A" HEIGHT="38" WIDTH="41" VPOS="3611" HPOS="1196"/>
<SP HEIGHT="39" WIDTH="31" VPOS="3611" HPOS="1238"/>
<String CONTENT="62418;" HEIGHT="46" WIDTH="170" VPOS="3611" HPOS="1270"/>
<SP HEIGHT="45" WIDTH="34" VPOS="3612" HPOS="1441"/>
<String CONTENT="D." HEIGHT="38" WIDTH="56" VPOS="3612" HPOS="1476"/>
<SP HEIGHT="37" WIDTH="35" VPOS="3613" HPOS="1533"/>
<String CONTENT="E." HEIGHT="38" WIDTH="53" VPOS="3613" HPOS="1569"/>
<SP HEIGHT="38" WIDTH="33" VPOS="3613" HPOS="1623"/>
<String CONTENT="Marvin," HEIGHT="48" WIDTH="206" VPOS="3611" HPOS="1657"/>
<SP HEIGHT="47" WIDTH="37" VPOS="3612" HPOS="1864"/>
<String CONTENT="Summit," HEIGHT="44" WIDTH="220" VPOS="3611" HPOS="1902"/>
</TextLine>
<TextLine HEIGHT="49" WIDTH="485" VPOS="3663" HPOS="196">
<String CONTENT="N." HEIGHT="38" WIDTH="54" VPOS="3664" HPOS="196"/>
<SP HEIGHT="40" WIDTH="37" VPOS="3663" HPOS="251"/>
<String CONTENT="J." HEIGHT="40" WIDTH="43" VPOS="3663" HPOS="289"/>
<SP HEIGHT="47" WIDTH="68" VPOS="3665" HPOS="333"/>
<String CONTENT="(33-11942)" HEIGHT="47" WIDTH="279" VPOS="3665" HPOS="402"/>
</TextLine>
<TextLine HEIGHT="71" WIDTH="1161" VPOS="3766" HPOS="124" STYLEREFS="StyleId-29B0E7C3-8C4E-440E-A855-0E428D785553-">
<String CONTENT="Massachusetts." HEIGHT="55" WIDTH="492" VPOS="3766" HPOS="124"/>
<SP HEIGHT="51" WIDTH="72" VPOS="3770" HPOS="617"/>
<String CONTENT="Laws," HEIGHT="66" WIDTH="183" VPOS="3770" HPOS="690"/>
<SP HEIGHT="48" WIDTH="24" VPOS="3788" HPOS="874"/>
<String CONTENT="statutes," HEIGHT="61" WIDTH="258" VPOS="3776" HPOS="899"/>
<SP HEIGHT="49" WIDTH="26" VPOS="3788" HPOS="1158"/>
<String CONTENT="etc." HEIGHT="47" WIDTH="100" VPOS="3776" HPOS="1185"/>
</TextLine>
<TextLine HEIGHT="150" WIDTH="1970" VPOS="3842" HPOS="123" STYLEREFS="StyleId-831040C3-D5C3-4300-A1C0-D65EBCDE695E-" CS="1">
<String CONTENT="Annotated" HEIGHT="56" WIDTH="330" VPOS="3842" HPOS="191"/>
<SP HEIGHT="52" WIDTH="30" VPOS="3845" HPOS="522"/>
<String CONTENT="laws" HEIGHT="51" WIDTH="136" VPOS="3848" HPOS="553"/>
<SP HEIGHT="34" WIDTH="30" VPOS="3866" HPOS="690"/>
<String CONTENT="of" HEIGHT="52" WIDTH="62" VPOS="3848" HPOS="721"/>
<SP HEIGHT="52" WIDTH="29" VPOS="3848" HPOS="784"/>
<String CONTENT="Massachusetts," HEIGHT="66" WIDTH="460" VPOS="3848" HPOS="814"/>
<SP HEIGHT="46" WIDTH="29" VPOS="3868" HPOS="1275"/>
<String CONTENT="with" HEIGHT="53" WIDTH="140" VPOS="3848" HPOS="1305"/>
<SP HEIGHT="67" WIDTH="30" VPOS="3850" HPOS="1446"/>
<String CONTENT="pocket" HEIGHT="67" WIDTH="202" VPOS="3850" HPOS="1477"/>
<SP HEIGHT="47" WIDTH="30" VPOS="3856" HPOS="1680"/>
<String CONTENT="upkeep" HEIGHT="69" WIDTH="222" VPOS="3850" HPOS="1711"/>
<SP HEIGHT="49" WIDTH="30" VPOS="3870" HPOS="1934"/>
<String CONTENT="service;" HEIGHT="118" WIDTH="1970" VPOS="3868" HPOS="123"/>
<SP HEIGHT="46" WIDTH="32" VPOS="3940" HPOS="233"/>
<String CONTENT="containing" HEIGHT="70" WIDTH="331" VPOS="3922" HPOS="266"/>
</TextLine>
<TextLine HEIGHT="72" WIDTH="1488" VPOS="3926" HPOS="627" STYLEREFS="StyleId-831040C3-D5C3-4300-A1C0-D65EBCDE695E-">
<String CONTENT="all" HEIGHT="50" WIDTH="76" VPOS="3926" HPOS="627"/>
<SP HEIGHT="51" WIDTH="28" VPOS="3926" HPOS="704"/>
<String CONTENT="the" HEIGHT="51" WIDTH="94" VPOS="3926" HPOS="733"/>
<SP HEIGHT="50" WIDTH="29" VPOS="3927" HPOS="828"/>
<String CONTENT="laws" HEIGHT="52" WIDTH="135" VPOS="3927" HPOS="858"/>
<SP HEIGHT="35" WIDTH="26" VPOS="3944" HPOS="994"/>
<String CONTENT="of" HEIGHT="52" WIDTH="68" VPOS="3926" HPOS="1021"/>
<SP HEIGHT="52" WIDTH="27" VPOS="3926" HPOS="1090"/>
<String CONTENT="Massachusetts" HEIGHT="54" WIDTH="442" VPOS="3928" HPOS="1118"/>
<SP HEIGHT="36" WIDTH="26" VPOS="3946" HPOS="1561"/>
<String CONTENT="of" HEIGHT="52" WIDTH="64" VPOS="3928" HPOS="1588"/>
<SP HEIGHT="55" WIDTH="28" VPOS="3928" HPOS="1653"/>
<String CONTENT="a" HEIGHT="33" WIDTH="31" VPOS="3950" HPOS="1682"/>
<SP HEIGHT="49" WIDTH="29" VPOS="3949" HPOS="1714"/>
<String CONTENT="general" HEIGHT="67" WIDTH="222" VPOS="3931" HPOS="1744"/>
<SP HEIGHT="51" WIDTH="35" VPOS="3931" HPOS="1967"/>
<String CONTENT="and" HEIGHT="52" WIDTH="112" VPOS="3930" HPOS="2003"/>
</TextLine>
</TextBlock>
</PrintSpace>
</Page>
</Layout>
</alto>