2484 4405
1067 4138 132 49 1031

103 499 229 66 Hulley,
363 497 258 62 Lincoln,
654 499 171 52 1865-

173 580 1925 76 Dramas in twenty volumes, by Lincoln Hulley … vol. I-IV.
112 671 103 66 [De
238 667 183 67 Land,
445 669 143 65 Fla.,
611 666 120 52 The
757 667 66 52 E.
851 665 67 54 O.
943 662 239 55 Painter
1207 660 262 70 printing
1494 677 97 49 co.,
1618 660 171 52 c1933.

174 742 302 41 4 v. 1 9 ½ cm.
456 833 61 5 CONTENTS.—
517 807 96 42 vol.
650 816 35 33 I.
723 808 40 39 1.
801 810 181 37 Dream
1020 804 234 42 children.
1321 804 40 39 2.
1402 804 189 46 Cherry
1626 802 206 40 cobbler.
1898 802 41 39 3.
1979 800 129 39 Love

109 870 152 42 found
289 880 27 29 a
345 879 121 36 way.
521 868 43 40 4.
591 867 101 40 The
721 863 212 42 widow’s
962 863 149 41 third.
1168 862 39 41 5.
1237 861 172 50 Valley
1438 861 227 47 Forge.—
1668 856 92 43 vol.
1791 864 53 34 II.
1874 858 39 40 6.
1945 858 159 47 Agnes

108 927 40 41 7.
177 927 130 39 Bells
334 926 51 39 of
415 925 66 40 St.
510 921 194 50 Mary’s,
733 922 112 39 The.
908 922 39 40 8.
977 922 166 38 Monte
1170 919 158 42 Carlo.
1388 918 39 40 9.
1458 916 222 41 Doctor’s
1707 918 95 40 last
1831 915 130 47 visit,
1989 915 114 38 The.

110 982 67 42 10.
215 982 157 40 Robin
405 976 310 45 Hood.—vol.
814 1008 10 9 III.
861 979 69 39 11.
967 978 139 39 Dean
1141 977 51 40 of
1228 986 197 31 women.
1491 974 68 40 12.
1598 973 198 42 Carlota
1838 970 266 43 Santolina.

111 1040 68 41 13.
213 1039 155 41 Sister
395 1037 219 47 Felicity.
675 1036 68 40 14.
775 1036 102 38 The
905 1033 187 41 artists’
1124 1034 182 47 colony.
1370 1032 68 40 15.
1468 1031 213 40 Abelard
1712 1030 95 41 and
1839 1028 271 40 Heloise.—

111 1092 92 45 vol.
282 1126 12 9 IV.
315 1094 69 40 16.
410 1093 234 42 O’Hara’s
669 1092 269 42 love-child.
992 1092 68 38 17.
1086 1090 151 41 Bride
1260 1091 95 38 and
1380 1099 178 38 groom.
1611 1088 69 40 18.
1708 1087 285 48 Pygmalion
2010 1085 97 39 and

115 1152 218 41 Galatea.
393 1152 69 40 19.
491 1151 97 39 Asa
622 1149 255 42 Steelman.
937 1148 71 40 20.
1039 1149 126 38 Joan
1196 1147 51 40 of
1277 1146 108 41 Arc.

113 1220 42 30 v.
210 1238 8 16 I,
253 1205 51 51 ©
338 1209 128 38 June
495 1207 69 47 27,
597 1205 112 42 1933;
771 1205 67 40 2c.
872 1206 95 38 and
1001 1204 80 40 aff.
1118 1204 127 40 June
1276 1203 82 47 30;
1394 1214 42 28 v.
1470 1212 53 37 n,
1560 1198 51 51 ©
1646 1202 114 46 July
1793 1201 83 45 31;
1912 1201 67 39 2c.
2012 1199 97 40 and

182 1253 1896 59 aff. Aug. 4; V . III , © Aug. 8; 2c. and aff. Aug. 11; V. IV, © Aug. 11;
180 1314 1928 54 2c. Aug. 19; aff. Aug. 14; A 63439, 63799, 63891, 63958; L. Hulley,
186 1378 203 47 Deland,
421 1377 103 39 Fla.
594 1375 280 50 (33-17555)

110 1478 295 69 Jameson,
435 1482 217 63 Storm,
685 1480 171 56 1897-

185 1572 87 53 No
305 1572 137 53 time
474 1571 115 53 like
622 1571 97 54 the
751 1576 228 63 present
1034 1570 94 67 [by]
1171 1568 193 56 Storm
1397 1569 287 54 Jameson.
1759 1566 138 55 New
1933 1564 181 69 York,

114 1648 72 54 A.
212 1649 71 53 A.
311 1648 225 69 Knopf,
563 1651 151 52 1933.

184 1734 831 52 4 p. l., 3-287, [1] p., 1 l. 20½cm.
185 1805 218 42 Portrait
430 1816 60 29 on
517 1803 265 52 title-page.

188 1862 411 49 Autobiography.

185 1918 163 41 “First
375 1918 257 41 American
661 1915 228 45 edition.”

121 1980 1995 59 © June 23, 1933; 2c. June 26; aff. July 12; A 63583; Margaret Storm
190 2046 229 41 Jameson
449 2046 264 48 Chapman,
745 2046 210 39 London.
1027 2043 280 50 (33-18504)

117 2151 187 65 Javal,
334 2153 170 51 Mme.
534 2150 131 64 Lily
704 2149 409 68 (Léon-Lévy)

292 2224 1823 72 … La mère Grimuzot raconte … illustrations de Maggie
123 2302 254 57 Salcedo.
441 2305 185 66 Paris,
653 2302 657 58 Bourrelier-Chimènes
1344 2307 173 64 [1932]

198 2391 99 48 157,
337 2391 54 49 [1]
426 2401 60 38 p.,
521 2392 25 38 1
605 2422 8 9 l.
674 2390 128 43 illus.
865 2390 117 41 20cm.
1059 2389 251 49 (Lettered
1345 2401 61 29 on
1441 2401 163 29 cover:
1641 2388 264 44 Collection
127 2392 1975 107 marjolaine)

199 2519 62 41 At
286 2520 125 40 head
438 2519 52 41 of
512 2518 107 41 title
638 2529 11 31 :
676 2516 106 51 Lily
807 2517 304 42 Jean-Javal.

129 2586 1994 64 © Dec. 6, 1932; 1c. Apr. 4, 1983; A-Foreign 20667; Éditions Bourrelier
199 2658 35 39 &
264 2658 83 40 cie.
419 2655 278 50 (33-18633)

124 2759 280 66 Johnson,
435 2759 197 52 Elmer
661 2758 309 56 Harrison.

133 2833 1994 151 … The basis of the commercial and industrial development of Texas; a study of the regional development of Texas
131 2987 1971 148 resources, by Elmer H. Johnson … Austin, Tex., The University [1933]
205 3153 86 42 148
321 3164 42 38 p.
426 3152 127 41 illus.
584 3152 184 50 (maps)
811 3153 178 48 diagrs.
1051 3152 267 42 30×22½cm.
1395 3153 212 50 ([Texas.
1673 3152 296 53 University]
137 3156 1972 97 Bureau
279 3211 51 40 of
355 3211 220 39 business
604 3211 238 40 research.
898 3211 243 39 Research
1168 3212 299 48 monograph
1494 3221 75 31 no.
1597 3211 51 47 9)

207 3282 62 39 At
298 3283 122 38 head
449 3281 51 40 of
527 3281 107 40 title
653 3291 9 30 :
693 3280 99 41 The
823 3280 282 49 University
1134 3281 52 40 of
1214 3281 158 41 Texas
1402 3282 219 40 bulletin,
1679 3294 73 29 no.
1783 3283 115 42 3309
1917 3295 8 29 :
1959 3285 167 41 March

135 3339 37 45 1,
203 3338 127 40 1933.

138 3404 51 53 ©
226 3409 127 39 June
385 3408 69 47 13,
490 3408 140 45 1933;
666 3408 69 40 2c.
772 3409 99 38 and
903 3407 80 39 aff.
1021 3408 117 47 July
1174 3408 51 47 5;
1265 3407 41 39 A
1340 3408 171 47 64236;
1552 3408 281 51 University
1867 3411 52 40 of
1956 3411 172 47 Texas,

207 3466 194 38 Bureau
434 3465 52 40 of
517 3463 224 42 business
771 3465 240 47 research,
1045 3465 191 40 Austin.
1306 3464 281 50 (33-18652)

135 3565 245 66 Keyser,
405 3568 267 52 Leander
701 3565 321 68 Sylvester,
1053 3573 171 49 1856-

208 3644 54 51 A
288 3645 326 51 reasonable
639 3643 152 54 faith;
851 3665 30 33 a
907 3646 146 52 book
1075 3651 61 47 to
1161 3644 180 55 foster
1365 3647 176 51 belief
1569 3648 111 52 and
1705 3648 202 55 banish
1934 3651 193 65 doubt,

140 3716 1987 82 by Leander S. Keyser … New York [etc.] Fleming H. Revell
139 3817 278 50 company
468 3802 173 63 [c1933]

215 3870 82 41 192
327 3882 44 38 p.
431 3871 144 41 19½cm.

218 3939 1404 57 “A brief bibliography” at end of chapter VII (p. 86)
146 4009 52 53 ©
233 4014 117 47 July
382 4015 39 45 1,
457 4014 140 46 1933;
632 4013 68 41 2c.
736 4015 94 38 and
866 4013 83 40 aff.
985 4014 116 47 July
1136 4015 53 47 8;
1227 4013 41 41 A
1303 4014 169 48 63511;
1513 4017 220 49 Fleming
1766 4020 60 41 H.
1866 4021 165 40 Revell
2066 4032 68 31 co.

224 4071 279 48 (33-18647)
