<alto xmlns="http://www.loc.gov/standards/alto/ns-v3#" xmlns:xlink="http://www.w3.org/1999/xlink" xmlns:xsi="http://www.w3.org/2001/XMLSchema-instance" xsi:schemaLocation="http://www.loc.gov/standards/alto/ns-v3# http://www.loc.gov/alto/v3/alto-3-0.xsd"><Description>
<MeasurementUnit>pixel</MeasurementUnit>
<sourceImageInformation>
<fileName>1933_v1_Part1.pdf</fileName>
</sourceImageInformation>
<OCRProcessing ID="IdOcr">
<ocrProcessingStep>
<processingDateTime>2019-01-03</processingDateTime>
<processingSoftware>
<softwareCreator>ABBYY</softwareCreator>
<softwareName>ABBYY Recognition Server</softwareName>
<softwareVersion>4.0</softwareVersion>
</processingSoftware>
</ocrProcessingStep>
</OCRProcessing>
</Description>
<Styles>
<ParagraphStyle ID="StyleId-FFFFFFFF-FFFF-FFFF-FFFF-FFFFFFFFFFFF-" ALIGN="Left" LEFT="0." RIGHT="0." FIRSTLINE="0."/>
<ParagraphStyle ID="StyleId-6EF5737A-DCEB-4126-A0CF-C5930BF7166A-" ALIGN="Left" LEFT="0." RIGHT="0." FIRSTLINE="0." LINESPACE="8.300000191"/>
<ParagraphStyle ID="StyleId-2DE44258-FD0B-41E1-B542-087C989B01A3-" ALIGN="Left" LEFT="0." RIGHT="0." FIRSTLINE="0." LINESPACE="12.19999981"/>
<ParagraphStyle ID="StyleId-CE3D254A-29D7-4DD7-B5F1-E0FC0EF29B05-" ALIGN="Left" LEFT="0." RIGHT="0." FIRSTLINE="-14." LINESPACE="8.619999886"/>
<ParagraphStyle ID="StyleId-C0E3A137-CE4F-4287-8A90-B599106709D0-" ALIGN="Left" LEFT="0." RIGHT="0." FIRSTLINE="-14." LINESPACE="12.19999981"/>
<ParagraphStyle ID="StyleId-50F26F0C-05DA-4C19-BA58-7A6AC4499BEE-" ALIGN="Left" LEFT="0." RIGHT="0." FIRSTLINE="-14." LINESPACE="11.06999969"/>
<ParagraphStyle ID="StyleId-5DDE65AF-512C-41E2-9B8E-095D6D99EF68-" ALIGN="Center" LEFT="0." RIGHT="0." FIRSTLINE="0." LINESPACE="11.89999962"/>
<ParagraphStyle ID="StyleId-0A81D7A5-6A62-4C52-915E-7768974C704D-" ALIGN="Left" LEFT="0." RIGHT="0." FIRSTLINE="0." LINESPACE="9.399999619"/>
<ParagraphStyle ID="StyleId-F7A0127F-6B48-4157-BB81-FE33E1E1A05B-" ALIGN="Block" LEFT="0." RIGHT="0." FIRSTLINE="-13." LINESPACE="10.63000011"/>
<ParagraphStyle ID="StyleId-E18C69F7-DBD7-48B1-805C-FCD96D0DA019-" ALIGN="Left" LEFT="0." RIGHT="0." FIRSTLINE="0." LINESPACE="11.64000034"/>
<ParagraphStyle ID="StyleId-98F15501-B611-4E83-8BB3-807E891F11F5-" ALIGN="Left" LEFT="0." RIGHT="0." FIRSTLINE="-14." LINESPACE="12.19999981"/>
<ParagraphStyle ID="StyleId-F4A78626-0BBC-4D12-94D9-A1AE75A9855F-" ALIGN="Left" LEFT="0." RIGHT="0." FIRSTLINE="0." LINESPACE="9.399999619"/>
<ParagraphStyle ID="StyleId-6A3F6F4C-D21B-4ADE-902F-7683F18ECEF3-" ALIGN="Left" LEFT="0." RIGHT="0." FIRSTLINE="0." LINESPACE="11.10000038"/>
</Styles>
<Layout>
<Page ID="Page504" PHYSICAL_IMG_NR="504" HEIGHT="4453" WIDTH="2582">
<TopMargin HEIGHT="414" WIDTH="2582" VPOS="0" HPOS="0">
</TopMargin>
<LeftMargin HEIGHT="3681" WIDTH="286" VPOS="414" HPOS="0">
</LeftMargin>
<RightMargin HEIGHT="3681" WIDTH="250" VPOS="414" HPOS="2332">
</RightMargin>
<BottomMargin HEIGHT="358" WIDTH="2582" VPOS="4095" HPOS="0">
<TextBlock ID="Page504_Block1" HEIGHT="109" WIDTH="298" VPOS="4112" HPOS="1176" LANG="en-US" STYLEREFS="StyleId-B3E28B47-EDAB-4848-90CA-421124478DBA-">
<TextLine HEIGHT="52" WIDTH="105" VPOS="4116" HPOS="1257">
<String CONTENT="504" HEIGHT="52" WIDTH="105" VPOS="4116" HPOS="1257"/>
</TextLine>
</TextBlock>
</BottomMargin>
<PrintSpace HEIGHT="3681" WIDTH="2046" VPOS="414" HPOS="286">
<TextBlock ID="Page504_Block2" HEIGHT="3681" WIDTH="2046" VPOS="414" HPOS="286" LANG="en-US" CS="1" STYLEREFS="StyleId-74298496-A7D4-420C-8107-9ABF0C83E336-">
<TextLine HEIGHT="67" WIDTH="1077" VPOS="425" HPOS="296" STYLEREFS="StyleId-E769C8EC-2939-46B2-A3D6-7AE94C9B9230-">
<String LANG="de" CONTENT="Sumrall," HEIGHT="65" WIDTH="276" VPOS="427" HPOS="296"/>
<SP HEIGHT="63" WIDTH="28" VPOS="429" HPOS="573"/>
<String LANG="en-US" CONTENT="William" HEIGHT="57" WIDTH="258" VPOS="425" HPOS="602"/>
<SP HEIGHT="53" WIDTH="27" VPOS="427" HPOS="861"/>
<String LANG="en-US" CONTENT="Herbert," HEIGHT="65" WIDTH="280" VPOS="426" HPOS="889"/>
<SP HEIGHT="60" WIDTH="31" VPOS="431" HPOS="1170"/>
<String LANG="en-US" CONTENT="1888-" HEIGHT="50" WIDTH="171" VPOS="431" HPOS="1202"/>
</TextLine>
<TextLine HEIGHT="72" WIDTH="1948" VPOS="502" HPOS="370" STYLEREFS="StyleId-E20DF2FC-BFE3-4D8F-9923-21D73759DCA7-">
<String CONTENT="The" HEIGHT="52" WIDTH="120" VPOS="509" HPOS="370"/>
<SP HEIGHT="34" WIDTH="33" VPOS="527" HPOS="491"/>
<String CONTENT="social," HEIGHT="68" WIDTH="192" VPOS="506" HPOS="525"/>
<SP HEIGHT="48" WIDTH="31" VPOS="526" HPOS="718"/>
<String CONTENT="economic," HEIGHT="67" WIDTH="303" VPOS="506" HPOS="750"/>
<SP HEIGHT="49" WIDTH="33" VPOS="524" HPOS="1054"/>
<String CONTENT="and" HEIGHT="52" WIDTH="114" VPOS="506" HPOS="1088"/>
<SP HEIGHT="52" WIDTH="32" VPOS="506" HPOS="1203"/>
<String CONTENT="vocational" HEIGHT="54" WIDTH="325" VPOS="503" HPOS="1236"/>
<SP HEIGHT="52" WIDTH="34" VPOS="505" HPOS="1562"/>
<String CONTENT="status" HEIGHT="48" WIDTH="182" VPOS="509" HPOS="1597"/>
<SP HEIGHT="33" WIDTH="33" VPOS="523" HPOS="1780"/>
<String CONTENT="of" HEIGHT="54" WIDTH="64" VPOS="502" HPOS="1814"/>
<SP HEIGHT="69" WIDTH="32" VPOS="502" HPOS="1879"/>
<String CONTENT="graduates" HEIGHT="68" WIDTH="309" VPOS="503" HPOS="1912"/>
<SP HEIGHT="35" WIDTH="32" VPOS="521" HPOS="2222"/>
<String CONTENT="of" HEIGHT="53" WIDTH="63" VPOS="502" HPOS="2255"/>
</TextLine>
<TextLine HEIGHT="71" WIDTH="2015" VPOS="582" HPOS="299" STYLEREFS="StyleId-E20DF2FC-BFE3-4D8F-9923-21D73759DCA7-">
<String CONTENT="a" HEIGHT="33" WIDTH="32" VPOS="608" HPOS="299"/>
<SP HEIGHT="53" WIDTH="26" VPOS="588" HPOS="332"/>
<String CONTENT="liberal" HEIGHT="55" WIDTH="204" VPOS="586" HPOS="359"/>
<SP HEIGHT="52" WIDTH="26" VPOS="587" HPOS="564"/>
<String CONTENT="arts" HEIGHT="47" WIDTH="118" VPOS="592" HPOS="591"/>
<SP HEIGHT="33" WIDTH="25" VPOS="606" HPOS="710"/>
<String CONTENT="college" HEIGHT="67" WIDTH="212" VPOS="586" HPOS="736"/>
<SP HEIGHT="55" WIDTH="28" VPOS="584" HPOS="949"/>
<String CONTENT="for" HEIGHT="54" WIDTH="94" VPOS="584" HPOS="978"/>
<SP HEIGHT="34" WIDTH="24" VPOS="604" HPOS="1073"/>
<String CONTENT="men" HEIGHT="35" WIDTH="128" VPOS="603" HPOS="1098"/>
<SP HEIGHT="66" WIDTH="37" VPOS="585" HPOS="1227"/>
<String CONTENT="(Mississippi" HEIGHT="69" WIDTH="380" VPOS="582" HPOS="1265"/>
<SP HEIGHT="53" WIDTH="26" VPOS="582" HPOS="1646"/>
<String CONTENT="college)" HEIGHT="67" WIDTH="241" VPOS="583" HPOS="1673"/>
<SP HEIGHT="67" WIDTH="36" VPOS="582" HPOS="1915"/>
<String CONTENT="by" HEIGHT="68" WIDTH="76" VPOS="582" HPOS="1952"/>
<SP HEIGHT="66" WIDTH="27" VPOS="584" HPOS="2029"/>
<String CONTENT="William" HEIGHT="56" WIDTH="257" VPOS="582" HPOS="2057"/>
</TextLine>
<TextLine HEIGHT="154" WIDTH="1995" VPOS="661" HPOS="299" STYLEREFS="StyleId-E20DF2FC-BFE3-4D8F-9923-21D73759DCA7-" CS="1">
<String CONTENT="Herbert" HEIGHT="55" WIDTH="255" VPOS="666" HPOS="299"/>
<SP HEIGHT="56" WIDTH="43" VPOS="665" HPOS="555"/>
<String CONTENT="Sumrall." HEIGHT="56" WIDTH="271" VPOS="665" HPOS="599"/>
<SP HEIGHT="33" WIDTH="80" VPOS="699" HPOS="871"/>
<String CONTENT="[Bloomington," HEIGHT="70" WIDTH="450" VPOS="662" HPOS="952"/>
<SP HEIGHT="66" WIDTH="40" VPOS="663" HPOS="1403"/>
<String CONTENT="Ind.]" HEIGHT="66" WIDTH="151" VPOS="663" HPOS="1444"/>
<SP HEIGHT="65" WIDTH="46" VPOS="664" HPOS="1596"/>
<String CONTENT="Pub." HEIGHT="54" WIDTH="144" VPOS="661" HPOS="1643"/>
<SP HEIGHT="33" WIDTH="42" VPOS="681" HPOS="1788"/>
<String CONTENT="under" HEIGHT="52" WIDTH="183" VPOS="662" HPOS="1831"/>
<SP HEIGHT="47" WIDTH="39" VPOS="666" HPOS="2015"/>
<String CONTENT="the" HEIGHT="52" WIDTH="95" VPOS="662" HPOS="2055"/>
<SP HEIGHT="34" WIDTH="42" VPOS="680" HPOS="2151"/>
<String CONTENT="auspices" HEIGHT="135" WIDTH="1995" VPOS="680" HPOS="299"/>
<SP HEIGHT="34" WIDTH="25" VPOS="765" HPOS="451"/>
<String CONTENT="of" HEIGHT="53" WIDTH="65" VPOS="745" HPOS="477"/>
<SP HEIGHT="53" WIDTH="23" VPOS="745" HPOS="543"/>
<String CONTENT="the" HEIGHT="52" WIDTH="97" VPOS="746" HPOS="567"/>
<SP HEIGHT="55" WIDTH="24" VPOS="745" HPOS="665"/>
<String CONTENT="Graduate" HEIGHT="55" WIDTH="297" VPOS="745" HPOS="690"/>
<SP HEIGHT="37" WIDTH="26" VPOS="762" HPOS="988"/>
<String CONTENT="council" HEIGHT="58" WIDTH="221" VPOS="741" HPOS="1015"/>
<SP HEIGHT="52" WIDTH="26" VPOS="743" HPOS="1237"/>
<String CONTENT="of" HEIGHT="54" WIDTH="65" VPOS="741" HPOS="1264"/>
<SP HEIGHT="54" WIDTH="24" VPOS="741" HPOS="1330"/>
<String CONTENT="Indiana" HEIGHT="54" WIDTH="252" VPOS="741" HPOS="1355"/>
<SP HEIGHT="33" WIDTH="24" VPOS="760" HPOS="1608"/>
<String CONTENT="university," HEIGHT="67" WIDTH="338" VPOS="740" HPOS="1633"/>
<SP HEIGHT="63" WIDTH="29" VPOS="744" HPOS="1972"/>
<String CONTENT="1933." HEIGHT="49" WIDTH="150" VPOS="744" HPOS="2002"/>
</TextLine>
<TextLine HEIGHT="49" WIDTH="373" VPOS="819" HPOS="369" CS="1">
<String CONTENT="149" HEIGHT="41" WIDTH="86" VPOS="819" HPOS="369"/>
<SP HEIGHT="49" WIDTH="33" VPOS="819" HPOS="456"/>
<String CONTENT="p." HEIGHT="38" WIDTH="42" VPOS="830" HPOS="490"/>
<SP HEIGHT="39" WIDTH="60" VPOS="819" HPOS="533"/>
<String CS="1" CONTENT="23&#189;cm." HEIGHT="41" WIDTH="148" VPOS="819" HPOS="594"/>
</TextLine>
<TextLine HEIGHT="54" WIDTH="1183" VPOS="885" HPOS="369" CS="1">
<String CONTENT="Thesis" HEIGHT="40" WIDTH="173" VPOS="891" HPOS="369"/>
<SP HEIGHT="49" WIDTH="38" VPOS="890" HPOS="543"/>
<String CS="1" CONTENT="(PH." HEIGHT="49" WIDTH="110" VPOS="890" HPOS="582"/>
<SP HEIGHT="30" WIDTH="29" VPOS="901" HPOS="693"/>
<String CS="1" CONTENT="D.)&#8212;Indiana" HEIGHT="49" WIDTH="318" VPOS="888" HPOS="755"/>
<SP HEIGHT="30" WIDTH="29" VPOS="899" HPOS="1074"/>
<String CONTENT="university," HEIGHT="49" WIDTH="288" VPOS="886" HPOS="1104"/>
<SP HEIGHT="49" WIDTH="29" VPOS="886" HPOS="1393"/>
<String CONTENT="1929." HEIGHT="42" WIDTH="129" VPOS="885" HPOS="1423"/>
</TextLine>
<TextLine HEIGHT="52" WIDTH="706" VPOS="945" HPOS="369">
<String CONTENT="Bibliography:" HEIGHT="49" WIDTH="379" VPOS="948" HPOS="369"/>
<SP HEIGHT="38" WIDTH="32" VPOS="959" HPOS="749"/>
<String CONTENT="p." HEIGHT="38" WIDTH="43" VPOS="959" HPOS="782"/>
<SP HEIGHT="41" WIDTH="29" VPOS="948" HPOS="826"/>
<String CONTENT="147-149." HEIGHT="42" WIDTH="219" VPOS="945" HPOS="856"/>
</TextLine>
<TextLine HEIGHT="56" WIDTH="2017" VPOS="1014" HPOS="303" CS="1">
<String CONTENT="&#169;" HEIGHT="53" WIDTH="52" VPOS="1017" HPOS="303"/>
<SP HEIGHT="53" WIDTH="26" VPOS="1017" HPOS="356"/>
<String CONTENT="Mar." HEIGHT="39" WIDTH="123" VPOS="1023" HPOS="383"/>
<SP HEIGHT="39" WIDTH="25" VPOS="1023" HPOS="507"/>
<String CONTENT="16," HEIGHT="49" WIDTH="69" VPOS="1020" HPOS="533"/>
<SP HEIGHT="48" WIDTH="23" VPOS="1021" HPOS="603"/>
<String CS="1" CONTENT="1933;" HEIGHT="41" WIDTH="115" VPOS="1020" HPOS="627"/>
<SP HEIGHT="46" WIDTH="27" VPOS="1020" HPOS="770"/>
<String CONTENT="2c." HEIGHT="40" WIDTH="68" VPOS="1020" HPOS="798"/>
<SP HEIGHT="30" WIDTH="25" VPOS="1030" HPOS="867"/>
<String CONTENT="and" HEIGHT="40" WIDTH="97" VPOS="1020" HPOS="893"/>
<SP HEIGHT="39" WIDTH="23" VPOS="1020" HPOS="991"/>
<String CONTENT="aff." HEIGHT="42" WIDTH="83" VPOS="1017" HPOS="1015"/>
<SP HEIGHT="40" WIDTH="26" VPOS="1019" HPOS="1099"/>
<String CONTENT="Mar." HEIGHT="40" WIDTH="124" VPOS="1019" HPOS="1126"/>
<SP HEIGHT="42" WIDTH="25" VPOS="1017" HPOS="1251"/>
<String CONTENT="18;" HEIGHT="47" WIDTH="82" VPOS="1017" HPOS="1277"/>
<SP HEIGHT="47" WIDTH="28" VPOS="1017" HPOS="1360"/>
<!-- cceid 3FA5FC7C-6CF9-1014-A6CF-A82867D68027 --><String CONTENT="A" HEIGHT="39" WIDTH="41" VPOS="1017" HPOS="1389"/>
<SP HEIGHT="40" WIDTH="24" VPOS="1017" HPOS="1431"/>
<String CONTENT="60675;" HEIGHT="48" WIDTH="172" VPOS="1015" HPOS="1456"/>
<SP HEIGHT="47" WIDTH="29" VPOS="1016" HPOS="1629"/>
<String CONTENT="W." HEIGHT="40" WIDTH="72" VPOS="1016" HPOS="1659"/>
<SP HEIGHT="40" WIDTH="26" VPOS="1016" HPOS="1732"/>
<String CONTENT="H." HEIGHT="39" WIDTH="61" VPOS="1016" HPOS="1759"/>
<SP HEIGHT="41" WIDTH="30" VPOS="1015" HPOS="1821"/>
<String CONTENT="Sumrall," HEIGHT="48" WIDTH="229" VPOS="1015" HPOS="1852"/>
<SP HEIGHT="49" WIDTH="27" VPOS="1014" HPOS="2082"/>
<String CONTENT="Clinton," HEIGHT="49" WIDTH="210" VPOS="1014" HPOS="2110"/>
</TextLine>
<TextLine HEIGHT="50" WIDTH="461" VPOS="1077" HPOS="371">
<String CONTENT="Miss." HEIGHT="41" WIDTH="135" VPOS="1078" HPOS="371"/>
<SP HEIGHT="49" WIDTH="71" VPOS="1078" HPOS="507"/>
<String CONTENT="(33-9443)" HEIGHT="50" WIDTH="253" VPOS="1077" HPOS="579"/>
</TextLine>
<TextLine HEIGHT="67" WIDTH="579" VPOS="1182" HPOS="296" STYLEREFS="StyleId-E769C8EC-2939-46B2-A3D6-7AE94C9B9230-">
<String CONTENT="Swanson," HEIGHT="65" WIDTH="307" VPOS="1184" HPOS="296"/>
<SP HEIGHT="66" WIDTH="27" VPOS="1183" HPOS="604"/>
<String CONTENT="Joseph." HEIGHT="66" WIDTH="243" VPOS="1182" HPOS="632"/>
</TextLine>
<TextLine HEIGHT="73" WIDTH="1886" VPOS="1257" HPOS="431" STYLEREFS="StyleId-E20DF2FC-BFE3-4D8F-9923-21D73759DCA7-" CS="1">
<String CS="1" CONTENT="&#8230;"/>
<SP HEIGHT="53" WIDTH="49" VPOS="1264" HPOS="431"/>
<String CONTENT="Med" HEIGHT="55" WIDTH="137" VPOS="1262" HPOS="481"/>
<SP HEIGHT="57" WIDTH="45" VPOS="1262" HPOS="619"/>
<String CONTENT="Guds" HEIGHT="56" WIDTH="164" VPOS="1263" HPOS="665"/>
<SP HEIGHT="52" WIDTH="44" VPOS="1261" HPOS="830"/>
<String LANG="de" CONTENT="hj&#228;lp;" HEIGHT="69" WIDTH="196" VPOS="1261" HPOS="875"/>
<SP HEIGHT="50" WIDTH="51" VPOS="1277" HPOS="1072"/>
<String CONTENT="verklighetsskildringar" HEIGHT="71" WIDTH="714" VPOS="1258" HPOS="1124"/>
<SP HEIGHT="54" WIDTH="46" VPOS="1257" HPOS="1839"/>
<String LANG="de" CONTENT="fr" HEIGHT="54" WIDTH="60" VPOS="1257" HPOS="1886"/>
<String CS="1" CONTENT="&#229;"/>
<String LANG="de" CONTENT="n" HEIGHT="35" WIDTH="38" VPOS="1276" HPOS="1985"/>
<SP HEIGHT="56" WIDTH="48" VPOS="1257" HPOS="2024"/>
<String CONTENT="Svensk-" HEIGHT="56" WIDTH="244" VPOS="1257" HPOS="2073"/>
</TextLine>
<TextLine HEIGHT="71" WIDTH="1275" VPOS="1338" HPOS="296" STYLEREFS="StyleId-E20DF2FC-BFE3-4D8F-9923-21D73759DCA7-" CS="1">
<String CONTENT="Amerika." HEIGHT="55" WIDTH="295" VPOS="1341" HPOS="296"/>
<SP HEIGHT="56" WIDTH="77" VPOS="1340" HPOS="592"/>
<String CONTENT="Stockholm," HEIGHT="69" WIDTH="354" VPOS="1340" HPOS="670"/>
<SP HEIGHT="68" WIDTH="32" VPOS="1341" HPOS="1025"/>
<String CONTENT="E." HEIGHT="53" WIDTH="66" VPOS="1341" HPOS="1058"/>
<SP HEIGHT="53" WIDTH="33" VPOS="1341" HPOS="1125"/>
<String CONTENT="Fraim" HEIGHT="55" WIDTH="201" VPOS="1338" HPOS="1159"/>
<SP HEIGHT="50" WIDTH="34" VPOS="1358" HPOS="1361"/>
<String CS="1" CONTENT="[1932]" HEIGHT="65" WIDTH="155" VPOS="1342" HPOS="1416"/>
</TextLine>
<TextLine HEIGHT="49" WIDTH="335" VPOS="1415" HPOS="371" CS="1">
<String CONTENT="102" HEIGHT="42" WIDTH="85" VPOS="1415" HPOS="371"/>
<SP HEIGHT="47" WIDTH="25" VPOS="1417" HPOS="457"/>
<String CONTENT="p." HEIGHT="39" WIDTH="45" VPOS="1425" HPOS="483"/>
<SP HEIGHT="42" WIDTH="59" VPOS="1415" HPOS="529"/>
<String CS="1" CONTENT="19cm." HEIGHT="41" WIDTH="117" VPOS="1415" HPOS="589"/>
</TextLine>
<TextLine HEIGHT="105" WIDTH="2005" VPOS="1479" HPOS="298" CS="1">
<String LANG="en-US" CS="1" CONTENT="CONTENTS."/>
<SP HEIGHT="18" WIDTH="15" VPOS="1508" HPOS="651"/>
<String LANG="en-US" CONTENT="&#8212;" HEIGHT="6" WIDTH="61" VPOS="1508" HPOS="667"/>
<SP HEIGHT="39" WIDTH="15" VPOS="1485" HPOS="729"/>
<String LANG="de" CONTENT="En" HEIGHT="40" WIDTH="73" VPOS="1485" HPOS="745"/>
<SP HEIGHT="39" WIDTH="32" VPOS="1486" HPOS="819"/>
<String LANG="de" CONTENT="lycklig" HEIGHT="49" WIDTH="180" VPOS="1485" HPOS="852"/>
<SP HEIGHT="39" WIDTH="33" VPOS="1494" HPOS="1033"/>
<String LANG="de" CONTENT="pr&#246;vning." HEIGHT="50" WIDTH="253" VPOS="1483" HPOS="1067"/>
<SP HEIGHT="18" WIDTH="15" VPOS="1506" HPOS="1321"/>
<String LANG="en-US" CONTENT="&#8212;" HEIGHT="6" WIDTH="61" VPOS="1506" HPOS="1337"/>
<SP HEIGHT="39" WIDTH="12" VPOS="1483" HPOS="1399"/>
<String LANG="en-US" CONTENT="Lazarus" HEIGHT="41" WIDTH="220" VPOS="1483" HPOS="1412"/>
<SP HEIGHT="31" WIDTH="32" VPOS="1493" HPOS="1633"/>
<String LANG="de" CONTENT="uppv&#228;ckt." HEIGHT="50" WIDTH="258" VPOS="1481" HPOS="1666"/>
<SP HEIGHT="18" WIDTH="16" VPOS="1505" HPOS="1925"/>
<String LANG="en-US" CONTENT="&#8212;" HEIGHT="6" WIDTH="60" VPOS="1505" HPOS="1942"/>
<SP HEIGHT="41" WIDTH="14" VPOS="1481" HPOS="2003"/>
<String LANG="de" CONTENT="Hans" HEIGHT="41" WIDTH="141" VPOS="1481" HPOS="2018"/>
<SP HEIGHT="43" WIDTH="33" VPOS="1479" HPOS="2160"/>
<String LANG="de" CONTENT="&#228;ter" HEIGHT="43" WIDTH="109" VPOS="1479" HPOS="2194"/>
<String LANG="en-US" CONTENT="funna" HEIGHT="41" WIDTH="156" VPOS="1543" HPOS="298"/>
</TextLine>
<TextLine HEIGHT="53" WIDTH="1819" VPOS="1538" HPOS="499" LANG="de">
<String CONTENT="sj&#228;l." HEIGHT="48" WIDTH="111" VPOS="1543" HPOS="499"/>
<SP HEIGHT="18" WIDTH="15" VPOS="1566" HPOS="611"/>
<String LANG="en-US" CONTENT="&#8212;" HEIGHT="6" WIDTH="61" VPOS="1566" HPOS="627"/>
<SP HEIGHT="40" WIDTH="14" VPOS="1542" HPOS="689"/>
<String CONTENT="Ers&#228;ttningen." HEIGHT="48" WIDTH="368" VPOS="1542" HPOS="704"/>
<SP HEIGHT="17" WIDTH="15" VPOS="1565" HPOS="1073"/>
<String LANG="en-US" CONTENT="&#8212;" HEIGHT="5" WIDTH="61" VPOS="1565" HPOS="1089"/>
<SP HEIGHT="39" WIDTH="13" VPOS="1541" HPOS="1151"/>
<String CONTENT="B&#246;nens" HEIGHT="41" WIDTH="195" VPOS="1541" HPOS="1165"/>
<SP HEIGHT="31" WIDTH="44" VPOS="1551" HPOS="1361"/>
<String LANG="en-US" CONTENT="makt." HEIGHT="41" WIDTH="151" VPOS="1540" HPOS="1406"/>
<SP HEIGHT="18" WIDTH="14" VPOS="1563" HPOS="1558"/>
<String LANG="en-US" CONTENT="&#8212;" HEIGHT="5" WIDTH="61" VPOS="1563" HPOS="1573"/>
<SP HEIGHT="41" WIDTH="14" VPOS="1539" HPOS="1635"/>
<String CONTENT="Inf&#246;r" HEIGHT="42" WIDTH="141" VPOS="1539" HPOS="1650"/>
<SP HEIGHT="29" WIDTH="44" VPOS="1551" HPOS="1792"/>
<String CONTENT="avg&#246;randet." HEIGHT="48" WIDTH="316" VPOS="1539" HPOS="1837"/>
<SP HEIGHT="18" WIDTH="15" VPOS="1562" HPOS="2154"/>
<String CONTENT="&#8212;" HEIGHT="6" WIDTH="61" VPOS="1562" HPOS="2170"/>
<SP HEIGHT="40" WIDTH="13" VPOS="1538" HPOS="2232"/>
<String CONTENT="En" HEIGHT="41" WIDTH="72" VPOS="1538" HPOS="2246"/>
</TextLine>
<TextLine HEIGHT="52" WIDTH="1153" VPOS="1598" HPOS="299" CS="1">
<String LANG="de" CONTENT="moders" HEIGHT="39" WIDTH="192" VPOS="1603" HPOS="299"/>
<SP HEIGHT="30" WIDTH="23" VPOS="1612" HPOS="492"/>
<String LANG="de" CONTENT="enda" HEIGHT="39" WIDTH="125" VPOS="1602" HPOS="516"/>
<SP HEIGHT="41" WIDTH="22" VPOS="1600" HPOS="642"/>
<String LANG="de" CONTENT="fr" HEIGHT="39" WIDTH="50" VPOS="1600" HPOS="665"/>
<String LANG="en-US" CS="1" CONTENT="&#229;"/>
<String LANG="de" CONTENT="ga" HEIGHT="38" WIDTH="60" VPOS="1610" HPOS="750"/>
<SP HEIGHT="39" WIDTH="29" VPOS="1611" HPOS="811"/>
<String LANG="de" CS="1" CONTENT="[av" HEIGHT="29" WIDTH="61" VPOS="1611" HPOS="855"/>
<SP HEIGHT="38" WIDTH="23" VPOS="1610" HPOS="917"/>
<String LANG="en-US" CONTENT="pastor" HEIGHT="46" WIDTH="170" VPOS="1602" HPOS="941"/>
<SP HEIGHT="39" WIDTH="24" VPOS="1599" HPOS="1112"/>
<String LANG="de" CONTENT="Efr." HEIGHT="42" WIDTH="104" VPOS="1599" HPOS="1137"/>
<SP HEIGHT="42" WIDTH="26" VPOS="1599" HPOS="1242"/>
<String LANG="de" CONTENT="Fraim]" HEIGHT="51" WIDTH="183" VPOS="1598" HPOS="1269"/>
</TextLine>
<TextLine HEIGHT="54" WIDTH="2016" VPOS="1669" HPOS="304" LANG="de" CS="1">
<String CONTENT="&#169;" HEIGHT="53" WIDTH="53" VPOS="1670" HPOS="304"/>
<SP HEIGHT="53" WIDTH="40" VPOS="1670" HPOS="358"/>
<String CONTENT="Nov." HEIGHT="40" WIDTH="122" VPOS="1675" HPOS="399"/>
<SP HEIGHT="40" WIDTH="38" VPOS="1675" HPOS="522"/>
<String CONTENT="15," HEIGHT="47" WIDTH="69" VPOS="1675" HPOS="561"/>
<SP HEIGHT="47" WIDTH="41" VPOS="1675" HPOS="631"/>
<String CONTENT="1932;" HEIGHT="48" WIDTH="143" VPOS="1673" HPOS="673"/>
<SP HEIGHT="46" WIDTH="42" VPOS="1675" HPOS="817"/>
<String CS="1" CONTENT="1c." HEIGHT="30" WIDTH="37" VPOS="1685" HPOS="890"/>
<SP HEIGHT="41" WIDTH="43" VPOS="1674" HPOS="928"/>
<String LANG="en-US" CONTENT="Dec." HEIGHT="40" WIDTH="112" VPOS="1674" HPOS="972"/>
<SP HEIGHT="41" WIDTH="41" VPOS="1673" HPOS="1085"/>
<String CONTENT="23;" HEIGHT="47" WIDTH="82" VPOS="1673" HPOS="1127"/>
<SP HEIGHT="47" WIDTH="44" VPOS="1673" HPOS="1210"/>
<String CS="1" CONTENT="1c." HEIGHT="29" WIDTH="37" VPOS="1684" HPOS="1285"/>
<SP HEIGHT="40" WIDTH="43" VPOS="1672" HPOS="1323"/>
<String CONTENT="Jan." HEIGHT="41" WIDTH="111" VPOS="1672" HPOS="1367"/>
<SP HEIGHT="41" WIDTH="41" VPOS="1672" HPOS="1479"/>
<String CONTENT="6," HEIGHT="47" WIDTH="40" VPOS="1672" HPOS="1521"/>
<SP HEIGHT="47" WIDTH="41" VPOS="1672" HPOS="1562"/>
<String CONTENT="1933;" HEIGHT="49" WIDTH="143" VPOS="1670" HPOS="1604"/>
<SP HEIGHT="48" WIDTH="43" VPOS="1671" HPOS="1748"/>
<!-- cceid 3FA694F1-6CF9-1014-A6CF-A82867D68027 --><String CONTENT="A-Foreign" HEIGHT="50" WIDTH="314" VPOS="1669" HPOS="1792"/>
<SP HEIGHT="38" WIDTH="41" VPOS="1672" HPOS="2107"/>
<String CONTENT="19255;" HEIGHT="48" WIDTH="171" VPOS="1669" HPOS="2149"/>
</TextLine>
<TextLine HEIGHT="51" WIDTH="1114" VPOS="1729" HPOS="373">
<String LANG="en-US" CONTENT="J." HEIGHT="41" WIDTH="43" VPOS="1732" HPOS="373"/>
<SP HEIGHT="41" WIDTH="29" VPOS="1732" HPOS="417"/>
<String LANG="en-US" CONTENT="Swanson," HEIGHT="47" WIDTH="251" VPOS="1732" HPOS="447"/>
<SP HEIGHT="46" WIDTH="27" VPOS="1733" HPOS="699"/>
<String LANG="de" CONTENT="Brooklyn," HEIGHT="49" WIDTH="263" VPOS="1731" HPOS="727"/>
<SP HEIGHT="46" WIDTH="28" VPOS="1732" HPOS="991"/>
<String LANG="de" CONTENT="N." HEIGHT="39" WIDTH="57" VPOS="1732" HPOS="1020"/>
<SP HEIGHT="40" WIDTH="28" VPOS="1731" HPOS="1078"/>
<String LANG="de" CONTENT="Y." HEIGHT="41" WIDTH="54" VPOS="1731" HPOS="1107"/>
<SP HEIGHT="49" WIDTH="71" VPOS="1731" HPOS="1162"/>
<String LANG="de" CONTENT="(33-9664)" HEIGHT="51" WIDTH="253" VPOS="1729" HPOS="1234"/>
</TextLine>
<TextLine HEIGHT="70" WIDTH="917" VPOS="1835" HPOS="303" STYLEREFS="StyleId-E769C8EC-2939-46B2-A3D6-7AE94C9B9230-" LANG="de">
<String CONTENT="[Turner," HEIGHT="68" WIDTH="267" VPOS="1837" HPOS="303"/>
<SP HEIGHT="67" WIDTH="25" VPOS="1836" HPOS="571"/>
<String CONTENT="John" HEIGHT="55" WIDTH="157" VPOS="1836" HPOS="597"/>
<SP HEIGHT="54" WIDTH="27" VPOS="1837" HPOS="755"/>
<String CONTENT="Victor]" HEIGHT="69" WIDTH="226" VPOS="1835" HPOS="783"/>
<SP HEIGHT="63" WIDTH="35" VPOS="1841" HPOS="1010"/>
<String CONTENT="1900-" HEIGHT="51" WIDTH="174" VPOS="1841" HPOS="1046"/>
</TextLine>
<TextLine HEIGHT="73" WIDTH="1943" VPOS="1910" HPOS="374" STYLEREFS="StyleId-E20DF2FC-BFE3-4D8F-9923-21D73759DCA7-" CS="1">
<String LANG="de" CONTENT="Fair" HEIGHT="53" WIDTH="142" VPOS="1915" HPOS="374"/>
<SP HEIGHT="35" WIDTH="51" VPOS="1933" HPOS="517"/>
<String CONTENT="murder," HEIGHT="68" WIDTH="252" VPOS="1914" HPOS="569"/>
<SP HEIGHT="69" WIDTH="51" VPOS="1913" HPOS="822"/>
<String CONTENT="by" HEIGHT="70" WIDTH="76" VPOS="1913" HPOS="874"/>
<SP HEIGHT="70" WIDTH="52" VPOS="1913" HPOS="951"/>
<String CONTENT="Nicholas" HEIGHT="55" WIDTH="275" VPOS="1912" HPOS="1004"/>
<SP HEIGHT="53" WIDTH="54" VPOS="1913" HPOS="1280"/>
<String CONTENT="Brady" HEIGHT="71" WIDTH="201" VPOS="1912" HPOS="1335"/>
<SP HEIGHT="52" WIDTH="60" VPOS="1931" HPOS="1537"/>
<String CS="1" CONTENT="[pseud.]" HEIGHT="70" WIDTH="213" VPOS="1912" HPOS="1620"/>
<SP HEIGHT="70" WIDTH="92" VPOS="1911" HPOS="1834"/>
<String CONTENT="London," HEIGHT="68" WIDTH="263" VPOS="1911" HPOS="1927"/>
<SP HEIGHT="69" WIDTH="54" VPOS="1910" HPOS="2191"/>
<String CONTENT="G." HEIGHT="56" WIDTH="71" VPOS="1910" HPOS="2246"/>
</TextLine>
<TextLine HEIGHT="68" WIDTH="345" VPOS="1993" HPOS="300" STYLEREFS="StyleId-E20DF2FC-BFE3-4D8F-9923-21D73759DCA7-">
<String CONTENT="Bles" HEIGHT="55" WIDTH="135" VPOS="1993" HPOS="300"/>
<SP HEIGHT="48" WIDTH="33" VPOS="2013" HPOS="436"/>
<String CONTENT="[1933]" HEIGHT="65" WIDTH="175" VPOS="1996" HPOS="470"/>
</TextLine>
<TextLine HEIGHT="51" WIDTH="431" VPOS="2066" HPOS="373" STYLEREFS="StyleId-E20DF2FC-BFE3-4D8F-9923-21D73759DCA7-">
<String CONTENT="vi," HEIGHT="48" WIDTH="62" VPOS="2067" HPOS="373"/>
<SP HEIGHT="48" WIDTH="30" VPOS="2067" HPOS="436"/>
<String CONTENT="282" HEIGHT="42" WIDTH="86" VPOS="2067" HPOS="467"/>
<SP HEIGHT="49" WIDTH="26" VPOS="2068" HPOS="554"/>
<String CONTENT="p." HEIGHT="40" WIDTH="45" VPOS="2077" HPOS="581"/>
<SP HEIGHT="44" WIDTH="58" VPOS="2066" HPOS="627"/>
<String CONTENT="19cm." HEIGHT="44" WIDTH="118" VPOS="2066" HPOS="686"/>
</TextLine>
<TextLine HEIGHT="53" WIDTH="2017" VPOS="2137" HPOS="304" CS="1">
<String CONTENT="&#169;" HEIGHT="53" WIDTH="52" VPOS="2137" HPOS="304"/>
<SP HEIGHT="53" WIDTH="25" VPOS="2137" HPOS="357"/>
<String CS="1" CONTENT="1c." HEIGHT="29" WIDTH="35" VPOS="2153" HPOS="412"/>
<SP HEIGHT="39" WIDTH="27" VPOS="2141" HPOS="448"/>
<String CONTENT="Apr" HEIGHT="48" WIDTH="100" VPOS="2141" HPOS="476"/>
<SP HEIGHT="39" WIDTH="37" VPOS="2140" HPOS="577"/>
<String CONTENT="28," HEIGHT="47" WIDTH="70" VPOS="2140" HPOS="615"/>
<SP HEIGHT="46" WIDTH="25" VPOS="2141" HPOS="686"/>
<String CONTENT="1933;" HEIGHT="47" WIDTH="141" VPOS="2139" HPOS="712"/>
<SP HEIGHT="46" WIDTH="27" VPOS="2140" HPOS="854"/>
<!-- cceid 3FA734FF-6CF9-1014-A6CF-A82867D68027 --><String CONTENT="A" HEIGHT="39" WIDTH="39" VPOS="2140" HPOS="882"/>
<SP HEIGHT="41" WIDTH="24" VPOS="2140" HPOS="922"/>
<String CONTENT="ad" HEIGHT="39" WIDTH="62" VPOS="2142" HPOS="947"/>
<SP HEIGHT="40" WIDTH="24" VPOS="2140" HPOS="1010"/>
<String CONTENT="int." HEIGHT="41" WIDTH="87" VPOS="2140" HPOS="1035"/>
<SP HEIGHT="40" WIDTH="25" VPOS="2140" HPOS="1123"/>
<String CONTENT="17735;" HEIGHT="47" WIDTH="173" VPOS="2140" HPOS="1149"/>
<SP HEIGHT="38" WIDTH="26" VPOS="2150" HPOS="1323"/>
<String CONTENT="pubd." HEIGHT="48" WIDTH="144" VPOS="2140" HPOS="1350"/>
<SP HEIGHT="41" WIDTH="25" VPOS="2140" HPOS="1495"/>
<String CONTENT="Feb." HEIGHT="41" WIDTH="112" VPOS="2139" HPOS="1521"/>
<SP HEIGHT="41" WIDTH="24" VPOS="2139" HPOS="1634"/>
<String CONTENT="28;" HEIGHT="48" WIDTH="84" VPOS="2139" HPOS="1659"/>
<SP HEIGHT="47" WIDTH="28" VPOS="2140" HPOS="1744"/>
<String CONTENT="J." HEIGHT="40" WIDTH="44" VPOS="2140" HPOS="1773"/>
<SP HEIGHT="40" WIDTH="25" VPOS="2140" HPOS="1818"/>
<String CONTENT="Y." HEIGHT="40" WIDTH="54" VPOS="2140" HPOS="1844"/>
<SP HEIGHT="41" WIDTH="25" VPOS="2139" HPOS="1899"/>
<String CONTENT="Turner," HEIGHT="46" WIDTH="204" VPOS="2139" HPOS="1925"/>
<SP HEIGHT="47" WIDTH="29" VPOS="2138" HPOS="2130"/>
<String CONTENT="Stone," HEIGHT="49" WIDTH="161" VPOS="2138" HPOS="2160"/>
</TextLine>
<TextLine HEIGHT="50" WIDTH="993" VPOS="2197" HPOS="375">
<String CONTENT="Staffordshire," HEIGHT="47" WIDTH="368" VPOS="2198" HPOS="375"/>
<SP HEIGHT="45" WIDTH="30" VPOS="2200" HPOS="744"/>
<String CONTENT="England." HEIGHT="47" WIDTH="238" VPOS="2199" HPOS="775"/>
<SP HEIGHT="49" WIDTH="71" VPOS="2198" HPOS="1014"/>
<String CONTENT="(33-11399)" HEIGHT="50" WIDTH="282" VPOS="2197" HPOS="1086"/>
</TextLine>
<TextLine HEIGHT="65" WIDTH="672" VPOS="2304" HPOS="297" STYLEREFS="StyleId-E769C8EC-2939-46B2-A3D6-7AE94C9B9230-">
<String CONTENT="Tyler," HEIGHT="65" WIDTH="195" VPOS="2304" HPOS="297"/>
<SP HEIGHT="64" WIDTH="28" VPOS="2305" HPOS="493"/>
<String CONTENT="Tracy" HEIGHT="64" WIDTH="194" VPOS="2305" HPOS="522"/>
<SP HEIGHT="64" WIDTH="30" VPOS="2305" HPOS="717"/>
<String CONTENT="Ferris." HEIGHT="56" WIDTH="221" VPOS="2304" HPOS="748"/>
</TextLine>
<TextLine HEIGHT="69" WIDTH="1946" VPOS="2382" HPOS="373" STYLEREFS="StyleId-E20DF2FC-BFE3-4D8F-9923-21D73759DCA7-">
<String CONTENT="Some" HEIGHT="55" WIDTH="167" VPOS="2383" HPOS="373"/>
<SP HEIGHT="53" WIDTH="24" VPOS="2383" HPOS="541"/>
<String CONTENT="interpretations" HEIGHT="68" WIDTH="473" VPOS="2383" HPOS="566"/>
<SP HEIGHT="34" WIDTH="26" VPOS="2403" HPOS="1040"/>
<String CONTENT="and" HEIGHT="52" WIDTH="113" VPOS="2385" HPOS="1067"/>
<SP HEIGHT="54" WIDTH="24" VPOS="2385" HPOS="1181"/>
<String CONTENT="conclusions" HEIGHT="56" WIDTH="355" VPOS="2383" HPOS="1206"/>
<SP HEIGHT="34" WIDTH="21" VPOS="2403" HPOS="1562"/>
<String CONTENT="of" HEIGHT="56" WIDTH="66" VPOS="2383" HPOS="1584"/>
<SP HEIGHT="56" WIDTH="20" VPOS="2383" HPOS="1651"/>
<String CONTENT="the" HEIGHT="53" WIDTH="96" VPOS="2384" HPOS="1672"/>
<SP HEIGHT="53" WIDTH="24" VPOS="2383" HPOS="1769"/>
<String CONTENT="land-grant" HEIGHT="68" WIDTH="339" VPOS="2383" HPOS="1794"/>
<SP HEIGHT="47" WIDTH="22" VPOS="2388" HPOS="2134"/>
<String CONTENT="radio" HEIGHT="53" WIDTH="162" VPOS="2382" HPOS="2157"/>
</TextLine>
<TextLine HEIGHT="148" WIDTH="1995" VPOS="2461" HPOS="299" STYLEREFS="StyleId-E20DF2FC-BFE3-4D8F-9923-21D73759DCA7-" CS="1">
<String CONTENT="survey," HEIGHT="50" WIDTH="224" VPOS="2480" HPOS="301"/>
<SP HEIGHT="68" WIDTH="40" VPOS="2462" HPOS="526"/>
<String CONTENT="by" HEIGHT="75" WIDTH="76" VPOS="2462" HPOS="567"/>
<SP HEIGHT="72" WIDTH="41" VPOS="2465" HPOS="644"/>
<String CONTENT="Tracy" HEIGHT="65" WIDTH="188" VPOS="2465" HPOS="686"/>
<SP HEIGHT="66" WIDTH="41" VPOS="2464" HPOS="875"/>
<String CONTENT="Ferris" HEIGHT="55" WIDTH="197" VPOS="2461" HPOS="917"/>
<SP HEIGHT="51" WIDTH="40" VPOS="2465" HPOS="1115"/>
<String CONTENT="Tyler" HEIGHT="68" WIDTH="175" VPOS="2463" HPOS="1156"/>
<SP/>
<String CS="1" CONTENT="&#8230;"/>
<SP/>
<String CONTENT="Washington," HEIGHT="70" WIDTH="407" VPOS="2461" HPOS="1513"/>
<SP HEIGHT="66" WIDTH="40" VPOS="2463" HPOS="1921"/>
<String CONTENT="D." HEIGHT="53" WIDTH="72" VPOS="2463" HPOS="1962"/>
<SP HEIGHT="56" WIDTH="44" VPOS="2462" HPOS="2035"/>
<String CONTENT="C.," HEIGHT="67" WIDTH="82" VPOS="2462" HPOS="2080"/>
<SP HEIGHT="66" WIDTH="41" VPOS="2463" HPOS="2163"/>
<String CONTENT="National" HEIGHT="132" WIDTH="1995" VPOS="2463" HPOS="299"/>
<SP HEIGHT="52" WIDTH="27" VPOS="2543" HPOS="483"/>
<String CONTENT="committee" HEIGHT="53" WIDTH="320" VPOS="2542" HPOS="511"/>
<SP HEIGHT="34" WIDTH="27" VPOS="2561" HPOS="832"/>
<String CONTENT="on" HEIGHT="33" WIDTH="71" VPOS="2562" HPOS="860"/>
<SP HEIGHT="33" WIDTH="25" VPOS="2562" HPOS="932"/>
<String CONTENT="education" HEIGHT="56" WIDTH="303" VPOS="2541" HPOS="958"/>
<SP HEIGHT="54" WIDTH="23" VPOS="2541" HPOS="1262"/>
<String CONTENT="by" HEIGHT="68" WIDTH="76" VPOS="2541" HPOS="1286"/>
<SP HEIGHT="49" WIDTH="24" VPOS="2560" HPOS="1363"/>
<String CONTENT="radio," HEIGHT="68" WIDTH="182" VPOS="2541" HPOS="1388"/>
<SP HEIGHT="63" WIDTH="27" VPOS="2546" HPOS="1571"/>
<String CONTENT="1933." HEIGHT="51" WIDTH="151" VPOS="2545" HPOS="1599"/>
</TextLine>
<TextLine HEIGHT="49" WIDTH="722" VPOS="2615" HPOS="370" CS="1">
<String CONTENT="1" HEIGHT="39" WIDTH="24" VPOS="2616" HPOS="370"/>
<SP HEIGHT="48" WIDTH="28" VPOS="2616" HPOS="395"/>
<String CONTENT="p." HEIGHT="36" WIDTH="43" VPOS="2628" HPOS="424"/>
<SP HEIGHT="40" WIDTH="27" VPOS="2617" HPOS="468"/>
<String CS="1" CONTENT="l.," HEIGHT="16" WIDTH="23" VPOS="2648" HPOS="518"/>
<SP HEIGHT="48" WIDTH="27" VPOS="2616" HPOS="542"/>
<String CONTENT="25" HEIGHT="40" WIDTH="59" VPOS="2616" HPOS="570"/>
<SP HEIGHT="48" WIDTH="23" VPOS="2616" HPOS="630"/>
<String CONTENT="p." HEIGHT="38" WIDTH="43" VPOS="2626" HPOS="654"/>
<SP HEIGHT="41" WIDTH="59" VPOS="2616" HPOS="698"/>
<String CONTENT="diagr." HEIGHT="49" WIDTH="155" VPOS="2615" HPOS="758"/>
<SP HEIGHT="41" WIDTH="60" VPOS="2616" HPOS="914"/>
<String CONTENT="23cm." HEIGHT="41" WIDTH="117" VPOS="2616" HPOS="975"/>
</TextLine>
<TextLine HEIGHT="50" WIDTH="1949" VPOS="2685" HPOS="371">
<String CONTENT="The" HEIGHT="40" WIDTH="104" VPOS="2688" HPOS="371"/>
<SP HEIGHT="29" WIDTH="39" VPOS="2699" HPOS="476"/>
<String CONTENT="survey" HEIGHT="36" WIDTH="177" VPOS="2699" HPOS="516"/>
<SP HEIGHT="36" WIDTH="41" VPOS="2699" HPOS="694"/>
<String CONTENT="was" HEIGHT="31" WIDTH="102" VPOS="2698" HPOS="736"/>
<SP HEIGHT="30" WIDTH="39" VPOS="2699" HPOS="839"/>
<String CONTENT="conducted" HEIGHT="40" WIDTH="272" VPOS="2688" HPOS="879"/>
<SP HEIGHT="39" WIDTH="40" VPOS="2688" HPOS="1152"/>
<String CONTENT="under" HEIGHT="39" WIDTH="155" VPOS="2688" HPOS="1193"/>
<SP HEIGHT="38" WIDTH="42" VPOS="2689" HPOS="1349"/>
<String CONTENT="the" HEIGHT="39" WIDTH="81" VPOS="2688" HPOS="1392"/>
<SP HEIGHT="30" WIDTH="40" VPOS="2697" HPOS="1474"/>
<String CONTENT="auspices" HEIGHT="49" WIDTH="223" VPOS="2686" HPOS="1515"/>
<SP HEIGHT="29" WIDTH="42" VPOS="2698" HPOS="1739"/>
<String CONTENT="of" HEIGHT="41" WIDTH="52" VPOS="2686" HPOS="1782"/>
<SP HEIGHT="41" WIDTH="40" VPOS="2686" HPOS="1835"/>
<String CONTENT="the" HEIGHT="39" WIDTH="82" VPOS="2688" HPOS="1876"/>
<SP HEIGHT="40" WIDTH="42" VPOS="2687" HPOS="1959"/>
<String CONTENT="Joint" HEIGHT="42" WIDTH="137" VPOS="2685" HPOS="2002"/>
<SP HEIGHT="39" WIDTH="42" VPOS="2688" HPOS="2140"/>
<String CONTENT="radio" HEIGHT="41" WIDTH="137" VPOS="2686" HPOS="2183"/>
</TextLine>
<TextLine HEIGHT="49" WIDTH="2021" VPOS="2744" HPOS="299">
<String CONTENT="survey" HEIGHT="37" WIDTH="178" VPOS="2756" HPOS="299"/>
<SP HEIGHT="37" WIDTH="30" VPOS="2756" HPOS="478"/>
<String CONTENT="committee," HEIGHT="46" WIDTH="291" VPOS="2746" HPOS="509"/>
<SP HEIGHT="36" WIDTH="32" VPOS="2756" HPOS="801"/>
<String CONTENT="and" HEIGHT="38" WIDTH="96" VPOS="2747" HPOS="834"/>
<SP HEIGHT="39" WIDTH="32" VPOS="2747" HPOS="931"/>
<String CONTENT="the" HEIGHT="40" WIDTH="84" VPOS="2746" HPOS="964"/>
<SP HEIGHT="40" WIDTH="28" VPOS="2745" HPOS="1049"/>
<String CONTENT="findings" HEIGHT="48" WIDTH="210" VPOS="2745" HPOS="1078"/>
<SP HEIGHT="29" WIDTH="32" VPOS="2756" HPOS="1289"/>
<String CONTENT="were" HEIGHT="30" WIDTH="126" VPOS="2756" HPOS="1322"/>
<SP HEIGHT="37" WIDTH="31" VPOS="2756" HPOS="1449"/>
<String CONTENT="published" HEIGHT="49" WIDTH="256" VPOS="2744" HPOS="1481"/>
<SP HEIGHT="39" WIDTH="32" VPOS="2745" HPOS="1738"/>
<String CONTENT="under" HEIGHT="39" WIDTH="155" VPOS="2745" HPOS="1771"/>
<SP HEIGHT="39" WIDTH="32" VPOS="2746" HPOS="1927"/>
<String CONTENT="the" HEIGHT="40" WIDTH="82" VPOS="2745" HPOS="1960"/>
<SP HEIGHT="38" WIDTH="33" VPOS="2746" HPOS="2043"/>
<String CONTENT="title:" HEIGHT="40" WIDTH="133" VPOS="2744" HPOS="2077"/>
<SP HEIGHT="38" WIDTH="35" VPOS="2746" HPOS="2211"/>
<String CONTENT="An" HEIGHT="38" WIDTH="73" VPOS="2746" HPOS="2247"/>
</TextLine>
<TextLine HEIGHT="49" WIDTH="2019" VPOS="2803" HPOS="302">
<String CONTENT="appraisal" HEIGHT="49" WIDTH="252" VPOS="2803" HPOS="302"/>
<SP HEIGHT="40" WIDTH="40" VPOS="2804" HPOS="555"/>
<String CONTENT="of" HEIGHT="41" WIDTH="51" VPOS="2803" HPOS="596"/>
<SP HEIGHT="40" WIDTH="41" VPOS="2803" HPOS="648"/>
<String CONTENT="radio" HEIGHT="41" WIDTH="139" VPOS="2803" HPOS="690"/>
<SP HEIGHT="40" WIDTH="40" VPOS="2804" HPOS="830"/>
<String CONTENT="broadcasting" HEIGHT="49" WIDTH="351" VPOS="2803" HPOS="871"/>
<SP HEIGHT="49" WIDTH="37" VPOS="2803" HPOS="1223"/>
<String CONTENT="in" HEIGHT="40" WIDTH="49" VPOS="2803" HPOS="1261"/>
<SP HEIGHT="38" WIDTH="42" VPOS="2805" HPOS="1311"/>
<String CONTENT="the" HEIGHT="39" WIDTH="82" VPOS="2804" HPOS="1354"/>
<SP HEIGHT="39" WIDTH="40" VPOS="2804" HPOS="1437"/>
<String CONTENT="land-grant" HEIGHT="48" WIDTH="283" VPOS="2803" HPOS="1478"/>
<SP HEIGHT="39" WIDTH="40" VPOS="2804" HPOS="1762"/>
<String CONTENT="colleges" HEIGHT="47" WIDTH="206" VPOS="2803" HPOS="1803"/>
<SP HEIGHT="29" WIDTH="42" VPOS="2813" HPOS="2010"/>
<String CONTENT="and" HEIGHT="38" WIDTH="96" VPOS="2804" HPOS="2053"/>
<SP HEIGHT="38" WIDTH="40" VPOS="2804" HPOS="2150"/>
<String CONTENT="state" HEIGHT="39" WIDTH="130" VPOS="2803" HPOS="2191"/>
</TextLine>
<TextLine HEIGHT="43" WIDTH="329" VPOS="2861" HPOS="300">
<String CONTENT="universities." HEIGHT="43" WIDTH="329" VPOS="2861" HPOS="300"/>
</TextLine>
<TextLine HEIGHT="54" WIDTH="2015" VPOS="2929" HPOS="305">
<String CONTENT="&#169;" HEIGHT="53" WIDTH="53" VPOS="2929" HPOS="305"/>
<SP HEIGHT="53" WIDTH="25" VPOS="2929" HPOS="359"/>
<String CONTENT="Mar." HEIGHT="40" WIDTH="124" VPOS="2936" HPOS="385"/>
<SP HEIGHT="42" WIDTH="22" VPOS="2934" HPOS="510"/>
<String CONTENT="21," HEIGHT="49" WIDTH="70" VPOS="2934" HPOS="533"/>
<SP HEIGHT="46" WIDTH="24" VPOS="2937" HPOS="604"/>
<String CONTENT="1933;" HEIGHT="48" WIDTH="142" VPOS="2934" HPOS="629"/>
<SP HEIGHT="47" WIDTH="27" VPOS="2935" HPOS="772"/>
<String CONTENT="2c." HEIGHT="41" WIDTH="67" VPOS="2935" HPOS="800"/>
<SP HEIGHT="39" WIDTH="26" VPOS="2936" HPOS="868"/>
<String CONTENT="Mar." HEIGHT="40" WIDTH="123" VPOS="2936" HPOS="895"/>
<SP HEIGHT="41" WIDTH="24" VPOS="2935" HPOS="1019"/>
<String CONTENT="24;" HEIGHT="47" WIDTH="84" VPOS="2935" HPOS="1044"/>
<SP HEIGHT="37" WIDTH="27" VPOS="2945" HPOS="1129"/>
<String CONTENT="aff." HEIGHT="42" WIDTH="83" VPOS="2934" HPOS="1157"/>
<SP HEIGHT="41" WIDTH="26" VPOS="2935" HPOS="1241"/>
<String CONTENT="Mar." HEIGHT="39" WIDTH="123" VPOS="2935" HPOS="1268"/>
<SP HEIGHT="39" WIDTH="25" VPOS="2934" HPOS="1392"/>
<String CONTENT="22;" HEIGHT="48" WIDTH="84" VPOS="2934" HPOS="1418"/>
<SP HEIGHT="48" WIDTH="27" VPOS="2934" HPOS="1503"/>
<!-- cceid 3FA7CE84-6CF9-1014-A6CF-A82867D68027 --><String CONTENT="A" HEIGHT="40" WIDTH="42" VPOS="2934" HPOS="1531"/>
<SP HEIGHT="40" WIDTH="22" VPOS="2934" HPOS="1574"/>
<String CONTENT="61060;" HEIGHT="49" WIDTH="173" VPOS="2933" HPOS="1597"/>
<SP HEIGHT="49" WIDTH="27" VPOS="2933" HPOS="1771"/>
<String CONTENT="Natl," HEIGHT="41" WIDTH="132" VPOS="2933" HPOS="1799"/>
<SP HEIGHT="30" WIDTH="26" VPOS="2944" HPOS="1932"/>
<String CONTENT="committee" HEIGHT="42" WIDTH="275" VPOS="2932" HPOS="1959"/>
<SP HEIGHT="29" WIDTH="27" VPOS="2945" HPOS="2235"/>
<String CONTENT="on" HEIGHT="29" WIDTH="57" VPOS="2945" HPOS="2263"/>
</TextLine>
<TextLine HEIGHT="51" WIDTH="855" VPOS="2991" HPOS="373">
<String CONTENT="education" HEIGHT="41" WIDTH="260" VPOS="2992" HPOS="373"/>
<SP HEIGHT="41" WIDTH="25" VPOS="2992" HPOS="634"/>
<String CONTENT="by" HEIGHT="49" WIDTH="62" VPOS="2992" HPOS="660"/>
<SP HEIGHT="37" WIDTH="25" VPOS="3004" HPOS="723"/>
<String CONTENT="radio." HEIGHT="40" WIDTH="153" VPOS="2993" HPOS="749"/>
<SP HEIGHT="49" WIDTH="71" VPOS="2993" HPOS="903"/>
<String CONTENT="(33-9439)" HEIGHT="51" WIDTH="253" VPOS="2991" HPOS="975"/>
</TextLine>
<TextLine HEIGHT="69" WIDTH="831" VPOS="3096" HPOS="298" STYLEREFS="StyleId-E9AAB2D9-A976-4C07-9FB9-88F63CD45A39-">
<String CONTENT="U." HEIGHT="55" WIDTH="73" VPOS="3096" HPOS="298"/>
<SP HEIGHT="55" WIDTH="26" VPOS="3096" HPOS="372"/>
<String CONTENT="S." HEIGHT="55" WIDTH="57" VPOS="3096" HPOS="399"/>
<SP HEIGHT="52" WIDTH="74" VPOS="3096" HPOS="457"/>
<String CONTENT="Laws," HEIGHT="68" WIDTH="185" VPOS="3096" HPOS="532"/>
<SP HEIGHT="48" WIDTH="24" VPOS="3116" HPOS="718"/>
<String CONTENT="statutes," HEIGHT="62" WIDTH="260" VPOS="3103" HPOS="743"/>
<SP HEIGHT="50" WIDTH="24" VPOS="3115" HPOS="1004"/>
<String CONTENT="etc." HEIGHT="48" WIDTH="100" VPOS="3103" HPOS="1029"/>
</TextLine>
<TextLine HEIGHT="310" WIDTH="2020" VPOS="3174" HPOS="299" STYLEREFS="StyleId-E20DF2FC-BFE3-4D8F-9923-21D73759DCA7-" CS="1">
<String CONTENT="United" HEIGHT="54" WIDTH="219" VPOS="3174" HPOS="370"/>
<SP HEIGHT="56" WIDTH="40" VPOS="3174" HPOS="590"/>
<String CONTENT="States" HEIGHT="57" WIDTH="190" VPOS="3174" HPOS="631"/>
<SP HEIGHT="55" WIDTH="37" VPOS="3177" HPOS="822"/>
<String CONTENT="Code" HEIGHT="55" WIDTH="154" VPOS="3177" HPOS="860"/>
<SP HEIGHT="34" WIDTH="38" VPOS="3195" HPOS="1015"/>
<String CONTENT="annotated." HEIGHT="53" WIDTH="327" VPOS="3176" HPOS="1054"/>
<SP HEIGHT="52" WIDTH="74" VPOS="3176" HPOS="1382"/>
<String CONTENT="March," HEIGHT="68" WIDTH="223" VPOS="3175" HPOS="1457"/>
<SP HEIGHT="64" WIDTH="38" VPOS="3179" HPOS="1681"/>
<String CONTENT="1933," HEIGHT="66" WIDTH="154" VPOS="3178" HPOS="1720"/>
<SP HEIGHT="49" WIDTH="35" VPOS="3195" HPOS="1875"/>
<String CONTENT="special" HEIGHT="70" WIDTH="213" VPOS="3174" HPOS="1911"/>
<SP HEIGHT="69" WIDTH="34" VPOS="3175" HPOS="2125"/>
<String CONTENT="pamphlet." HEIGHT="129" WIDTH="1996" VPOS="3193" HPOS="299"/>
<SP HEIGHT="55" WIDTH="78" VPOS="3253" HPOS="476"/>
<String CONTENT="Containing" HEIGHT="72" WIDTH="356" VPOS="3253" HPOS="555"/>
<SP HEIGHT="64" WIDTH="24" VPOS="3261" HPOS="912"/>
<String CONTENT="the" HEIGHT="54" WIDTH="97" VPOS="3255" HPOS="937"/>
<SP HEIGHT="54" WIDTH="24" VPOS="3255" HPOS="1035"/>
<String CONTENT="important" HEIGHT="69" WIDTH="321" VPOS="3255" HPOS="1060"/>
<SP HEIGHT="47" WIDTH="23" VPOS="3262" HPOS="1382"/>
<String CONTENT="acts" HEIGHT="47" WIDTH="118" VPOS="3261" HPOS="1406"/>
<SP HEIGHT="34" WIDTH="24" VPOS="3275" HPOS="1525"/>
<String CONTENT="of" HEIGHT="54" WIDTH="64" VPOS="3255" HPOS="1550"/>
<SP HEIGHT="53" WIDTH="25" VPOS="3255" HPOS="1615"/>
<String CONTENT="a" HEIGHT="33" WIDTH="30" VPOS="3275" HPOS="1641"/>
<SP HEIGHT="51" WIDTH="24" VPOS="3274" HPOS="1672"/>
<String CONTENT="general" HEIGHT="69" WIDTH="231" VPOS="3256" HPOS="1697"/>
<SP HEIGHT="52" WIDTH="26" VPOS="3256" HPOS="1929"/>
<String CONTENT="and" HEIGHT="53" WIDTH="114" VPOS="3255" HPOS="1956"/>
<SP HEIGHT="69" WIDTH="24" VPOS="3255" HPOS="2071"/>
<String CONTENT="permanent" HEIGHT="113" WIDTH="1989" VPOS="3273" HPOS="299"/>
<SP HEIGHT="47" WIDTH="30" VPOS="3339" HPOS="438"/>
<String CONTENT="nature" HEIGHT="49" WIDTH="202" VPOS="3338" HPOS="469"/>
<SP HEIGHT="34" WIDTH="33" VPOS="3353" HPOS="672"/>
<String CONTENT="of" HEIGHT="54" WIDTH="65" VPOS="3333" HPOS="706"/>
<SP HEIGHT="54" WIDTH="29" VPOS="3333" HPOS="772"/>
<String CONTENT="the" HEIGHT="53" WIDTH="95" VPOS="3335" HPOS="802"/>
<SP HEIGHT="54" WIDTH="32" VPOS="3334" HPOS="898"/>
<String CONTENT="72nd" HEIGHT="54" WIDTH="149" VPOS="3334" HPOS="931"/>
<SP HEIGHT="56" WIDTH="34" VPOS="3336" HPOS="1081"/>
<String CONTENT="Congress," HEIGHT="67" WIDTH="301" VPOS="3337" HPOS="1116"/>
<SP HEIGHT="44" WIDTH="30" VPOS="3354" HPOS="1418"/>
<String CONTENT="second" HEIGHT="52" WIDTH="206" VPOS="3336" HPOS="1449"/>
<SP HEIGHT="52" WIDTH="29" VPOS="3336" HPOS="1656"/>
<String CONTENT="session," HEIGHT="67" WIDTH="231" VPOS="3336" HPOS="1686"/>
<SP HEIGHT="68" WIDTH="30" VPOS="3335" HPOS="1918"/>
<String CONTENT="from" HEIGHT="53" WIDTH="155" VPOS="3335" HPOS="1949"/>
<SP HEIGHT="55" WIDTH="31" VPOS="3335" HPOS="2105"/>
<String CONTENT="January" HEIGHT="144" WIDTH="1994" VPOS="3335" HPOS="300"/>
<SP HEIGHT="64" WIDTH="49" VPOS="3415" HPOS="405"/>
<String CONTENT="31st" HEIGHT="51" WIDTH="124" VPOS="3415" HPOS="455"/>
<SP HEIGHT="47" WIDTH="46" VPOS="3419" HPOS="580"/>
<String CONTENT="to" HEIGHT="47" WIDTH="59" VPOS="3419" HPOS="627"/>
<SP HEIGHT="52" WIDTH="49" VPOS="3413" HPOS="687"/>
<String CONTENT="March" HEIGHT="54" WIDTH="204" VPOS="3413" HPOS="737"/>
<SP HEIGHT="52" WIDTH="50" VPOS="3415" HPOS="942"/>
<String CONTENT="4th," HEIGHT="67" WIDTH="118" VPOS="3415" HPOS="993"/>
<SP HEIGHT="49" WIDTH="51" VPOS="3433" HPOS="1112"/>
<String CONTENT="and" HEIGHT="52" WIDTH="113" VPOS="3415" HPOS="1164"/>
<SP HEIGHT="53" WIDTH="51" VPOS="3414" HPOS="1278"/>
<String CONTENT="73rd" HEIGHT="53" WIDTH="139" VPOS="3414" HPOS="1330"/>
<SP HEIGHT="55" WIDTH="53" VPOS="3414" HPOS="1470"/>
<String CONTENT="Congress," HEIGHT="70" WIDTH="300" VPOS="3414" HPOS="1524"/>
<SP HEIGHT="49" WIDTH="50" VPOS="3433" HPOS="1825"/>
<String CONTENT="extra" HEIGHT="49" WIDTH="161" VPOS="3420" HPOS="1876"/>
<SP HEIGHT="36" WIDTH="50" VPOS="3433" HPOS="2038"/>
<String CONTENT="session," HEIGHT="70" WIDTH="230" VPOS="3414" HPOS="2089"/>
</TextLine>
<TextLine HEIGHT="152" WIDTH="2020" VPOS="3491" HPOS="299" STYLEREFS="StyleId-E20DF2FC-BFE3-4D8F-9923-21D73759DCA7-" CS="1">
<String CONTENT="March" HEIGHT="53" WIDTH="204" VPOS="3491" HPOS="299"/>
<SP HEIGHT="52" WIDTH="29" VPOS="3492" HPOS="504"/>
<String CONTENT="9," HEIGHT="55" WIDTH="48" VPOS="3495" HPOS="534"/>
<SP HEIGHT="52" WIDTH="30" VPOS="3498" HPOS="583"/>
<String CONTENT="1933," HEIGHT="65" WIDTH="152" VPOS="3495" HPOS="614"/>
<SP HEIGHT="47" WIDTH="26" VPOS="3513" HPOS="767"/>
<String CONTENT="with" HEIGHT="53" WIDTH="141" VPOS="3493" HPOS="794"/>
<SP HEIGHT="52" WIDTH="30" VPOS="3493" HPOS="936"/>
<String CONTENT="index" HEIGHT="54" WIDTH="172" VPOS="3493" HPOS="967"/>
<SP HEIGHT="35" WIDTH="30" VPOS="3512" HPOS="1140"/>
<String CONTENT="and" HEIGHT="54" WIDTH="112" VPOS="3493" HPOS="1171"/>
<SP HEIGHT="55" WIDTH="28" VPOS="3493" HPOS="1284"/>
<String CONTENT="tables." HEIGHT="54" WIDTH="198" VPOS="3494" HPOS="1313"/>
<SP HEIGHT="56" WIDTH="78" VPOS="3493" HPOS="1512"/>
<String CONTENT="Supplementing" HEIGHT="71" WIDTH="484" VPOS="3493" HPOS="1591"/>
<SP HEIGHT="68" WIDTH="26" VPOS="3496" HPOS="2076"/>
<String CONTENT="February" HEIGHT="144" WIDTH="1992" VPOS="3495" HPOS="301"/>
<SP HEIGHT="65" WIDTH="43" VPOS="3574" HPOS="406"/>
<String CONTENT="1933" HEIGHT="49" WIDTH="134" VPOS="3574" HPOS="450"/>
<SP HEIGHT="50" WIDTH="44" VPOS="3574" HPOS="585"/>
<String CONTENT="cumulative" HEIGHT="54" WIDTH="348" VPOS="3572" HPOS="630"/>
<SP HEIGHT="49" WIDTH="44" VPOS="3593" HPOS="979"/>
<String CONTENT="pamphlet" HEIGHT="68" WIDTH="301" VPOS="3574" HPOS="1024"/>
<SP HEIGHT="48" WIDTH="42" VPOS="3579" HPOS="1326"/>
<String CONTENT="and" HEIGHT="53" WIDTH="114" VPOS="3574" HPOS="1369"/>
<SP HEIGHT="68" WIDTH="41" VPOS="3574" HPOS="1484"/>
<String CONTENT="pamphlet" HEIGHT="68" WIDTH="303" VPOS="3575" HPOS="1526"/>
<SP HEIGHT="48" WIDTH="40" VPOS="3580" HPOS="1830"/>
<String CONTENT="no." HEIGHT="35" WIDTH="89" VPOS="3593" HPOS="1871"/>
<SP HEIGHT="50" WIDTH="47" VPOS="3578" HPOS="1961"/>
<String CONTENT="1," HEIGHT="64" WIDTH="47" VPOS="3578" HPOS="2009"/>
<SP HEIGHT="66" WIDTH="41" VPOS="3576" HPOS="2057"/>
<String CONTENT="United" HEIGHT="55" WIDTH="220" VPOS="3575" HPOS="2099"/>
</TextLine>
<TextLine HEIGHT="77" WIDTH="2012" VPOS="3647" HPOS="303" STYLEREFS="StyleId-E20DF2FC-BFE3-4D8F-9923-21D73759DCA7-">
<String CONTENT="States" HEIGHT="56" WIDTH="191" VPOS="3647" HPOS="303"/>
<SP HEIGHT="56" WIDTH="28" VPOS="3651" HPOS="495"/>
<String CONTENT="Code," HEIGHT="62" WIDTH="172" VPOS="3651" HPOS="524"/>
<SP HEIGHT="61" WIDTH="28" VPOS="3652" HPOS="697"/>
<String CONTENT="Compact" HEIGHT="68" WIDTH="280" VPOS="3652" HPOS="726"/>
<SP HEIGHT="48" WIDTH="22" VPOS="3658" HPOS="1007"/>
<String CONTENT="edition." HEIGHT="55" WIDTH="236" VPOS="3652" HPOS="1030"/>
<SP HEIGHT="56" WIDTH="77" VPOS="3652" HPOS="1267"/>
<String CONTENT="St." HEIGHT="56" WIDTH="84" VPOS="3652" HPOS="1345"/>
<SP HEIGHT="51" WIDTH="27" VPOS="3656" HPOS="1430"/>
<String CONTENT="Paul," HEIGHT="60" WIDTH="167" VPOS="3655" HPOS="1458"/>
<SP HEIGHT="59" WIDTH="23" VPOS="3656" HPOS="1626"/>
<String CONTENT="West" HEIGHT="54" WIDTH="164" VPOS="3656" HPOS="1650"/>
<SP HEIGHT="64" WIDTH="24" VPOS="3659" HPOS="1815"/>
<String CONTENT="publishing" HEIGHT="71" WIDTH="339" VPOS="3653" HPOS="1840"/>
<SP HEIGHT="51" WIDTH="26" VPOS="3673" HPOS="2180"/>
<String CONTENT="co.;" HEIGHT="49" WIDTH="108" VPOS="3672" HPOS="2207"/>
</TextLine>
<TextLine HEIGHT="74" WIDTH="1331" VPOS="3728" HPOS="300" STYLEREFS="StyleId-E20DF2FC-BFE3-4D8F-9923-21D73759DCA7-" CS="1">
<String CONTENT="Northport," HEIGHT="70" WIDTH="344" VPOS="3728" HPOS="300"/>
<SP HEIGHT="66" WIDTH="28" VPOS="3731" HPOS="645"/>
<String CONTENT="Edward" HEIGHT="54" WIDTH="254" VPOS="3731" HPOS="674"/>
<SP HEIGHT="55" WIDTH="29" VPOS="3732" HPOS="929"/>
<String CONTENT="Thompson" HEIGHT="70" WIDTH="331" VPOS="3732" HPOS="959"/>
<SP HEIGHT="37" WIDTH="30" VPOS="3752" HPOS="1291"/>
<String CONTENT="co." HEIGHT="37" WIDTH="78" VPOS="3752" HPOS="1322"/>
<SP HEIGHT="34" WIDTH="35" VPOS="3768" HPOS="1401"/>
<String CS="1" CONTENT="[c1933]" HEIGHT="65" WIDTH="176" VPOS="3736" HPOS="1455"/>
</TextLine>
<TextLine HEIGHT="48" WIDTH="333" VPOS="3805" HPOS="372" CS="1">
<String CONTENT="64" HEIGHT="40" WIDTH="57" VPOS="3805" HPOS="372"/>
<SP HEIGHT="46" WIDTH="28" VPOS="3807" HPOS="430"/>
<String CONTENT="p." HEIGHT="37" WIDTH="41" VPOS="3816" HPOS="459"/>
<SP HEIGHT="39" WIDTH="56" VPOS="3806" HPOS="501"/>
<String CS="1" CONTENT="23&#189;cm." HEIGHT="41" WIDTH="147" VPOS="3806" HPOS="558"/>
</TextLine>
<TextLine HEIGHT="53" WIDTH="1941" VPOS="3862" HPOS="376">
<String CONTENT="On" HEIGHT="41" WIDTH="72" VPOS="3862" HPOS="376"/>
<SP HEIGHT="30" WIDTH="25" VPOS="3872" HPOS="449"/>
<String CONTENT="cover:" HEIGHT="31" WIDTH="167" VPOS="3872" HPOS="475"/>
<SP HEIGHT="40" WIDTH="28" VPOS="3864" HPOS="643"/>
<String CONTENT="United" HEIGHT="42" WIDTH="180" VPOS="3862" HPOS="672"/>
<SP HEIGHT="41" WIDTH="25" VPOS="3864" HPOS="853"/>
<String CONTENT="States" HEIGHT="41" WIDTH="166" VPOS="3864" HPOS="879"/>
<SP HEIGHT="29" WIDTH="23" VPOS="3876" HPOS="1046"/>
<String CONTENT="code." HEIGHT="39" WIDTH="129" VPOS="3866" HPOS="1070"/>
<SP HEIGHT="41" WIDTH="55" VPOS="3865" HPOS="1200"/>
<String CONTENT="Compact" HEIGHT="49" WIDTH="231" VPOS="3865" HPOS="1256"/>
<SP HEIGHT="39" WIDTH="25" VPOS="3868" HPOS="1488"/>
<String CONTENT="edition." HEIGHT="42" WIDTH="199" VPOS="3865" HPOS="1514"/>
<SP HEIGHT="39" WIDTH="56" VPOS="3868" HPOS="1714"/>
<String CONTENT="March," HEIGHT="44" WIDTH="183" VPOS="3866" HPOS="1771"/>
<SP HEIGHT="43" WIDTH="27" VPOS="3867" HPOS="1955"/>
<String CONTENT="1933," HEIGHT="49" WIDTH="129" VPOS="3866" HPOS="1983"/>
<SP HEIGHT="37" WIDTH="26" VPOS="3878" HPOS="2113"/>
<String CONTENT="special" HEIGHT="49" WIDTH="177" VPOS="3866" HPOS="2140"/>
</TextLine>
<TextLine HEIGHT="48" WIDTH="446" VPOS="3920" HPOS="301">
<String CONTENT="pamphlet," HEIGHT="48" WIDTH="264" VPOS="3920" HPOS="301"/>
<SP HEIGHT="36" WIDTH="32" VPOS="3932" HPOS="566"/>
<String CONTENT="no." HEIGHT="30" WIDTH="75" VPOS="3932" HPOS="599"/>
<SP HEIGHT="42" WIDTH="30" VPOS="3920" HPOS="675"/>
<String CONTENT="2." HEIGHT="41" WIDTH="41" VPOS="3920" HPOS="706"/>
</TextLine>
<TextLine HEIGHT="59" WIDTH="2013" VPOS="3985" HPOS="307" CS="1">
<String CONTENT="&#169;" HEIGHT="53" WIDTH="52" VPOS="3985" HPOS="307"/>
<SP HEIGHT="53" WIDTH="29" VPOS="3985" HPOS="360"/>
<String CONTENT="Mar." HEIGHT="40" WIDTH="121" VPOS="3990" HPOS="390"/>
<SP HEIGHT="38" WIDTH="29" VPOS="3992" HPOS="512"/>
<String CONTENT="17," HEIGHT="47" WIDTH="68" VPOS="3992" HPOS="542"/>
<SP HEIGHT="46" WIDTH="30" VPOS="3993" HPOS="611"/>
<String CS="1" CONTENT="1933;" HEIGHT="42" WIDTH="112" VPOS="3990" HPOS="642"/>
<SP HEIGHT="47" WIDTH="28" VPOS="3992" HPOS="783"/>
<String CONTENT="2c." HEIGHT="41" WIDTH="66" VPOS="3992" HPOS="812"/>
<SP HEIGHT="38" WIDTH="29" VPOS="3994" HPOS="879"/>
<String CONTENT="Apr." HEIGHT="47" WIDTH="113" VPOS="3994" HPOS="909"/>
<SP HEIGHT="40" WIDTH="30" VPOS="3994" HPOS="1023"/>
<String CONTENT="14;" HEIGHT="45" WIDTH="83" VPOS="3994" HPOS="1054"/>
<SP HEIGHT="35" WIDTH="31" VPOS="4004" HPOS="1138"/>
<String CONTENT="aff." HEIGHT="41" WIDTH="82" VPOS="3994" HPOS="1170"/>
<SP HEIGHT="41" WIDTH="29" VPOS="3994" HPOS="1253"/>
<String CONTENT="Apr." HEIGHT="48" WIDTH="114" VPOS="3994" HPOS="1283"/>
<SP HEIGHT="39" WIDTH="28" VPOS="3995" HPOS="1398"/>
<String CONTENT="15;" HEIGHT="47" WIDTH="83" VPOS="3995" HPOS="1427"/>
<SP HEIGHT="47" WIDTH="30" VPOS="3995" HPOS="1511"/>
<!-- cceid 3FA86950-6CF9-1014-A6CF-A82867D68027 --><String CONTENT="A" HEIGHT="39" WIDTH="40" VPOS="3995" HPOS="1542"/>
<SP HEIGHT="40" WIDTH="29" VPOS="3995" HPOS="1583"/>
<String CONTENT="62055;" HEIGHT="48" WIDTH="172" VPOS="3995" HPOS="1613"/>
<SP HEIGHT="47" WIDTH="31" VPOS="3996" HPOS="1786"/>
<String CONTENT="West" HEIGHT="41" WIDTH="136" VPOS="3996" HPOS="1818"/>
<SP HEIGHT="45" WIDTH="29" VPOS="3999" HPOS="1955"/>
<String CONTENT="pub." HEIGHT="49" WIDTH="109" VPOS="3995" HPOS="1985"/>
<SP HEIGHT="30" WIDTH="30" VPOS="4007" HPOS="2095"/>
<String CONTENT="co." HEIGHT="30" WIDTH="68" VPOS="4007" HPOS="2126"/>
<SP HEIGHT="28" WIDTH="29" VPOS="4008" HPOS="2195"/>
<String CONTENT="and" HEIGHT="39" WIDTH="95" VPOS="3997" HPOS="2225"/>
</TextLine>
<TextLine HEIGHT="47" WIDTH="609" VPOS="4047" HPOS="375">
<String CONTENT="Edward" HEIGHT="41" WIDTH="214" VPOS="4047" HPOS="375"/>
<SP HEIGHT="39" WIDTH="24" VPOS="4049" HPOS="590"/>
<String CONTENT="Thompson" HEIGHT="45" WIDTH="275" VPOS="4049" HPOS="615"/>
<SP HEIGHT="31" WIDTH="25" VPOS="4060" HPOS="891"/>
<String CONTENT="co." HEIGHT="31" WIDTH="67" VPOS="4060" HPOS="917"/>
</TextLine>
</TextBlock>
</PrintSpace>
</Page>
</Layout>
</alto>