2582 4453
1340 4121 136 50 1392

454 496 1246 52 4 p. l., [7]-88 p. 2 ports, (inch front.) 22cm.
454 555 101 40 The
582 555 109 40 first
717 554 57 41 66
799 565 149 38 pages
975 555 53 40 of
1054 555 99 40 this
1180 555 191 40 volume
1399 554 195 48 printed
1623 555 96 40 and
1747 552 316 50 copyrighted
2095 554 48 39 in
2174 555 82 40 the
2287 565 116 36 year

384 610 114 41 1924
526 613 156 39 under
708 612 109 40 title
835 622 8 29 :
875 613 39 38 A
941 612 204 41 treatise
1176 622 60 30 on
1266 611 138 41 Bible
1432 612 256 48 prophecy.

388 681 51 52 ©
478 686 116 42 July
631 686 68 41 17.
737 684 141 41 1933:
918 683 67 42 2c.
1022 684 119 46 Aug.
1181 683 81 43 19;
1303 683 81 40 aff.
1425 683 128 48 Sept.
1596 683 78 40 18:
1716 684 37 38 A
1792 684 170 39 65263:
2006 685 67 38 W.
2114 684 52 39 A.
2208 685 198 45 Sparks.

457 742 306 41 Charleston.
795 743 72 39 W.
899 742 84 39 Va.
1057 740 282 47 (33-29792)

385 860 341 65 Spitschka,
755 860 295 55 Wilhelm.

386 934 2019 152 Baumwollgewebe und gardinenstoffe, bearbeitet von W. Spitschka und O. Schrey … Mit 186 textabbildungen. Berlin,
386 1098 55 54 J.
475 1095 299 70 Springer,
807 1100 151 49 1933.

456 1171 1954 50 3 p. l., 232 p. 12 plates (mounted samples) 25½cm. (Added t.-p.:
387 1228 322 50 Technologie
736 1229 84 40 der
848 1228 330 48 textilfasern,
1206 1230 130 47 hrsg.
1363 1238 94 30 von
1483 1228 70 41 dr.
1629 1261 8 8 R.
1666 1228 50 41 O.
1745 1228 206 48 Herzog.

2005 1229 39 39 4.
2075 1228 89 47 bd.,
2191 1229 39 39 2.
2261 1237 31 33 t.
2321 1228 79 41 B.)

389 1296 1905 52 © July 29, 1933: 1c. Sept. 26; A-Foreign 22242; Julius Springer.
385 1419 312 66 Strachey,
730 1419 175 65 John,
943 1422 173 49 1901-

551 1494 1850 71 … The menace of fascism. New York, Covici, Friede [ c1933]
456 1572 89 41 272
572 1583 41 38 p.
675 1572 117 40 21cm.

391 1640 51 52 ©
476 1644 129 48 Sept.
633 1645 70 45 26,
734 1642 113 41 1933
867 1655 8 29 :
907 1643 67 40 2c.
1005 1643 102 40 Oct.
1138 1642 30 41 9
1183 1654 7 29 :
1224 1642 83 42 aff.
1338 1643 102 40 Oct.
1470 1643 27 40 7;
1555 1643 43 38 A
1626 1641 148 41 65522;
1831 1641 178 43 Covici.
2041 1642 189 48 Friede,
2260 1643 91 40 inc.

470 1698 1849 51 (33-29623)9195

388 1804 212 54 Texas.
677 1807 184 55 Laws,
893 1810 259 50 statutes,
1181 1811 101 47 etc.

460 1883 281 53 Vernon’s
775 1884 312 52 annotated
1120 1884 180 52 Penal
1333 1884 136 52 code
1501 1884 64 52 of
1595 1884 97 52 the
1723 1889 146 47 state
1899 1883 64 53 of
1995 1886 200 50 Texas.
2275 1887 133 49 1933

391 1962 2018 69 cumulative annual pocket parts for volumes 1-3 … Kansas
392 2040 153 71 City,
575 2042 235 54 Vernon
838 2042 110 53 law
977 2041 149 54 book
1155 2059 282 51 company
1473 2044 195 66 [c1933]

459 2118 28 40 3
515 2130 42 27 v.
617 2116 115 41 25cm.

458 2188 299 41 Cover-title.

465 2246 156 39 These
653 2246 276 47 pamphlets
961 2256 84 29 are
1078 2248 47 37 to
1158 2246 56 39 be
1245 2244 141 41 fitted
1416 2244 103 41 into
1553 2246 82 39 the
1666 2245 198 48 pockets
1897 2248 51 37 at
1981 2246 81 39 the
2094 2246 123 39 back
2249 2245 52 39 of
2333 2246 82 39 the

390 2304 220 39 volumes
636 2303 53 39 of
714 2304 82 38 the
824 2305 73 37 set
925 2305 48 38 to
1002 2302 158 40 which
1189 2303 115 46 they
1331 2302 184 48 belong.

395 2369 51 52 ©
474 2374 121 46 Aug.
622 2374 40 45 2,
689 2372 114 42 1933;
860 2374 66 39 2c.
955 2374 119 39 each
1101 2374 96 39 and
1225 2372 82 40 aff.
1337 2373 103 41 Oct.
1467 2373 59 39 12;
1580 2373 42 38 A
1649 2371 143 42 65613;
1851 2374 194 40 Vernon
2073 2376 96 37 law
2196 2374 124 40 book
2347 2384 67 30 co.

387 2492 277 66 Travers,
698 2494 143 65 Ben,
878 2496 173 49 1886-

392 2570 2022 149 Mischief, by Ben Travers … Garden City, N. Y., Double-day, Doran & company, inc., 1933.
465 2723 574 50 5 p. l., 309 p. 19½cm.
397 2792 51 52 ©
483 2797 103 40 Oct.
618 2797 41 45 4,
693 2796 142 47 1933;
870 2796 67 40 2c.
972 2798 95 38 and
1101 2796 82 41 aff.
1218 2797 103 40 Oct.
1354 2796 53 47 9;
1442 2797 42 38 A
1518 2796 170 47 66519;
1725 2796 301 48 Doubleday,
2063 2798 166 39 Doran
2263 2797 36 40 &
2333 2808 82 37 co.,

464 2854 90 40 inc.
621 2849 68 54 [©
724 2853 260 49 foreword]
1059 2852 283 51 (33-28734)

392 2957 172 65 Villa,
595 2958 140 54 José
765 2958 233 56 Garcia.

464 3036 284 54 Footnote
782 3043 59 48 to
877 3037 210 68 youth;
1127 3038 143 53 tales
1307 3036 63 53 of
1405 3037 97 53 the
1538 3036 369 70 Philippines
1945 3039 112 51 and
2095 3039 209 66 others,
2338 3038 73 70 by

392 3117 135 53 José
552 3115 210 56 Garcia
788 3117 186 65 Villa;
1004 3115 141 53 with
1170 3134 71 34 an
1265 3116 394 54 introduction
1683 3117 75 66 by
1781 3117 255 53 Edward
2061 3119 56 54 J.
2144 3117 267 56 O’Brien.

394 3195 139 55 New
559 3195 183 67 York,
765 3195 261 69 London,
1054 3196 62 56 C.
1147 3195 315 57 Scribner’s
1488 3215 148 49 sons,
1665 3199 150 51 1933.

466 3271 101 46 viii,
597 3270 85 41 323
713 3282 43 37 p.
816 3270 117 40 21cm.

399 3337 52 52 ©
480 3341 129 48 Sept.
637 3342 68 41 15.
733 3340 140 40 1933:
903 3341 66 40 2c.
1001 3342 128 46 Sept.
1156 3341 82 40 22:
1267 3341 83 40 aff.
1380 3340 127 48 Sept.
1535 3341 83 47 20;
1648 3341 41 39 A
1716 3341 171 48 65382;
1918 3342 202 40 Charles
2152 3341 266 42 Scribner’s

468 3409 125 29 sons.
667 3397 1659 49 (33-28937)9198

394 3500 202 66 Vogel,
629 3501 327 55 Friedrich.

468 3578 219 54 Neuere
719 3596 154 51 wege
903 3578 59 53 in
993 3581 99 51 der
1122 3579 365 69 metallurgie
1515 3581 101 53 der
1644 3580 182 70 lager-
1857 3583 118 52 und
2006 3581 408 69 weissmetalle,

403 3676 108 34 von
558 3657 288 69 dipl.-ing.
895 3656 303 56 Friedrich
1245 3659 201 68 Vogel.
1527 3659 176 54 Halle
1759 3660 226 68 (Saale)
2040 3661 89 54 W.
2177 3661 238 68 Knapp,

400 3740 152 52 1933.

469 3809 61 49 iv,
562 3812 56 40 97
646 3823 43 37 p.
720 3811 110 42 incl.
862 3812 172 49 tables,
1064 3812 180 49 diagrs.
1306 3812 147 41 24½cm.

471 3868 311 41 “Literatur”
800 3879 10 31 :
842 3880 44 38 p.
917 3868 70 42 90.

472 3926 537 48 “Zusammenstellung
1041 3928 85 40 der
1158 3927 362 49 einschlägigen
1554 3928 226 48 patente”
1800 3940 9 27 :
1844 3940 42 37 p.
1918 3928 158 41 90-97.

403 3992 1809 57 © Apr. 7, 1933; 1c. June 19: A-Foreign 21349; Wilhelm Knapp
483 4052 283 52 (33-25718)
