2582 4453
1337 4128 135 54 1276

384 444 277 64 Freehof,
692 443 274 56 Solomon
997 444 279 62 Bennett,
1309 443 173 50 1892-

456 522 189 68 Marx,
677 522 196 52 Freud
903 524 47 50 &
980 520 285 66 Einstein,
1298 520 158 52 three
1488 520 127 53 who
1645 519 145 53 have
1826 517 256 68 changed
2116 519 95 53 the
2242 517 160 54 mind

386 600 64 54 of
496 602 96 52 the
641 600 200 66 world,
889 600 76 65 by
1011 600 104 51 Dr.
1167 596 271 55 Solomon
1488 599 67 50 B.
1605 596 269 54 Freehof.
1961 596 273 68 Chicago,
2282 596 122 54 The

386 679 194 68 Argus
612 679 148 53 book
790 679 163 66 shop,
982 677 129 65 inc.,
1142 680 153 49 1933.

460 753 71 47 46,
569 752 54 51 [2]
656 763 44 38 p.
761 750 56 41 23
821 753 16 21 cm
870 784 8 7 .

391 821 52 52 ©
476 825 222 44 Aug,
731 822 142 39 1933:
908 822 66 38 2c.
1007 821 95 38 and
1136 819 80 40 aff.
1251 820 40 38 Aug
1404 819 82 47 28;
1521 818 43 39 A
1596 818 171 48 65059;
1802 819 160 48 Argns
1995 820 125 39 book
2178 820 97 47 shop,
2317 820 92 40 inc.

474 880 282 50 (33-23937)

388 988 196 63 Frost,
615 986 261 51 Frances
905 984 79 53 M.

461 1065 143 52 Pool
641 1064 60 51 in
735 1063 97 52 the
864 1062 274 67 meadow,
1172 1079 193 49 poems
1401 1059 94 54 for
1528 1079 194 50 young
1757 1061 112 52 and
1905 1060 113 67 old,
2050 1060 74 68 by
2162 1062 247 51 Frances

393 1146 200 63 Frost;
655 1142 329 53 illustrated
1041 1141 75 67 by
1173 1138 332 70 Guglielmi.
1584 1140 217 52 Boston
1860 1140 112 52 and
2033 1141 138 51 New
2230 1141 181 67 York,

390 1222 322 69 Houghton
746 1221 204 54 Mifflin
984 1237 300 52 company,
1320 1223 150 51 1933.

465 1297 80 41 vii.
577 1298 72 48 [1].
678 1298 70 45 73,
780 1296 53 49 [2]
865 1306 42 37 p.
969 1294 165 44 front.,
1162 1295 19 38 1
1216 1294 129 40 illus.
1407 1293 52 39 21½
1496 1295 16 21 cm
1547 1326 7 7 .

466 1355 129 40 Most
621 1354 52 41 of
697 1357 81 37 the
805 1353 163 40 leaves
993 1352 194 48 printed
1215 1362 60 29 on
1302 1361 88 30 one
1417 1350 101 41 side
1545 1352 126 46 only.

395 1409 2019 53 © Aug. 23, 1933: 2c. and aff. Aug. 28; A 65063; F. M. Frost, New York.
473 1470 282 48 (33-23958)

391 1576 287 64 Gardner,
712 1575 137 52 Erie
880 1573 265 65 Stanley.

528 1652 1880 68 … The case of the sulky girl. New York, W. Morrow and
394 1750 300 50 company,
726 1737 150 49 1933.

463 1809 27 37 4
518 1818 42 37 p.
588 1808 44 45 l.,
662 1807 86 40 303
777 1816 42 38 p.
881 1805 147 41 19½cm.

396 1861 2018 52 © Sept. 13. 1933; 2c. and aff. Sept. 15; A 66026; E. S. Gardner, Ventura,
469 1922 143 40 Calif.
687 1921 282 48 (33-23930)

393 2025 130 68 Gill,
555 2025 331 56 Elizabeth.

529 2104 1883 69 … Crime de luxe … Garden City, N. Y . Pub. for the Crime
397 2184 146 68 club,
571 2185 126 66 inc.,
723 2185 76 67 by
828 2184 360 68 Doubleday,
1215 2186 199 51 Doran
1443 2188 44 50 &
1515 2202 300 51 company,
1843 2186 126 67 inc.,
2002 2189 149 49 1933.

469 2260 27 39 3
522 2270 42 36 p.
629 2291 8 9 l.,
665 2258 124 48 v-vi,
817 2258 87 40 310
932 2269 43 37 p.
1036 2259 56 40 20
1095 2261 16 21 cm

469 2316 163 41 “First
664 2316 228 41 edition.”

398 2371 1851 52 © Sept. 13, 1933; 2c. and aff. Sept. 14; A 66044: E. Gill, London.
477 2432 281 49 (33-23921)

393 2538 211 64 Green,
637 2538 165 64 Paul,
839 2540 173 51 1894-

530 2616 1882 69 … Twentieth-century American literature, by Marjorie N.
398 2696 184 53 Bond.
660 2696 56 53 A
756 2694 250 56 revision
1047 2697 65 52 of
1154 2697 460 67 Contemporary
1652 2697 310 53 American
2001 2696 300 54 literature
2340 2697 74 67 by

397 2776 148 51 Paul
575 2775 187 55 Green
791 2776 112 51 and
933 2775 304 52 Elizabeth
1266 2776 124 67 Lay
1417 2775 187 55 Green
1645 2776 137 66 (vol.
1903 2818 11 23 VII,
1942 2794 86 34 no.
2061 2776 58 68 5)
2195 2777 216 66 Chapel

397 2854 1922 67 Hill, N. C., The University of North Carolina press [ c 1933]
469 2929 58 39 44
569 2939 44 37 p.
688 2928 55 41 23
747 2931 44 21 cm
797 2961 8 8 .
892 2928 200 50 ([North
1135 2929 245 40 Carolina.
1462 2928 300 50 University]
1840 2929 283 47 University
2166 2929 51 40 of
2260 2930 154 41 North

400 2985 231 41 Carolina
659 2987 255 41 extension
943 2987 221 40 bulletin,
1225 2988 92 39 vol.
1448 3018 8 16 XIII,
1485 2997 75 30 no.
1588 2987 50 49 1)

469 3043 352 49 Bibliography
841 3056 7 27 :
883 3055 41 38 p.
961 3044 189 49 [36]-39.

400 3097 52 52 ©
482 3103 118 47 July
628 3102 69 42 26.
729 3102 113 40 1933
862 3113 7 29 :
902 3103 64 38 2c.
1000 3103 118 45 Aug.
1150 3105 52 39 7:
1237 3103 81 39 aff.
1349 3103 119 47 Aug.
1500 3104 53 38 4:
1588 3103 41 39 A
1658 3102 171 48 63829;
1865 3103 250 41 University
2178 3105 54 39 of
2261 3104 157 40 North

470 3159 224 40 Carolina
734 3171 150 37 press.
958 3160 281 47 (33-23961)

397 3257 414 71 Guttmacher,
842 3263 153 54 Alan
1027 3265 218 66 Frank,
1281 3269 169 50 1898-

467 3339 1947 70 Life in the making, by Alan Frank Guttmacher … with the
402 3417 303 55 assistance
749 3419 62 52 of
854 3419 200 63 Ellery
1098 3420 164 52 Rand
1337 3421 189 61 [pseud.]
1630 3421 137 52 New
1813 3421 179 61 York,
2033 3421 122 53 The
2195 3419 222 63 Viking

397 3515 172 49 press.
609 3500 149 54 1933.

469 3568 82 44 xii,
587 3568 86 41 297
707 3581 42 37 p.
811 3570 128 41 illus.
1005 3571 55 38 22½
1094 3573 44 21 cm
1144 3603 8 8 .

471 3626 437 48 “Supplementary
951 3628 259 45 reading”:
1252 3640 42 37 p.
1335 3629 217 41 289-291.

402 3683 52 51 ©
489 3688 128 47 Sept.
649 3689 38 39 8.
721 3689 138 39 1933:
895 3689 65 39 2c.
995 3690 127 46 Sept.
1157 3689 45 38 11
1229 3700 7 30 :
1271 3689 83 40 aff.
1389 3689 127 47 Sept.
1548 3689 53 41 9:
1635 3689 39 39 A
1707 3690 171 41 65189:
1911 3690 52 40 A.
1998 3691 51 40 F.
2085 3690 331 41 Guttmacher.

521 3728 1294 86 ℅ Johns Hopkins univ., Baltimore. (33-23630)
397 3849 152 63 Hall,
580 3850 222 53 Esther
834 3851 350 54 Greenacre.

471 3925 233 69 College
733 3946 71 35 on
831 3927 329 61 horseback,
1188 3930 75 66 by
1291 3930 210 53 Esther
1534 3930 316 56 Greenacre
1882 3932 171 59 Hall;
2085 3930 321 55 illustrated

399 4002 76 69 by
507 4004 148 53 Paul
692 4006 230 52 Brown.
992 4006 142 54 New
1169 4007 180 66 York,
1385 4008 75 53 H.
1498 4008 188 55 Smith
1723 4012 44 50 &
1803 4010 68 51 R.
1908 4010 179 65 Haas,
2124 4012 149 50 1933.
