<alto xmlns="http://www.loc.gov/standards/alto/ns-v3#" xmlns:xsi="http://www.w3.org/2001/XMLSchema-instance" xsi:schemaLocation="http://www.loc.gov/standards/alto/ns-v3# http://www.loc.gov/alto/v3/alto-3-0.xsd"><Description>
<MeasurementUnit>pixel</MeasurementUnit>
<sourceImageInformation>
<fileName>1933_v1_Part1.pdf</fileName>
</sourceImageInformation>
<OCRProcessing ID="IdOcr">
<ocrProcessingStep>
<processingDateTime>2019-01-03</processingDateTime>
<processingSoftware>
<softwareCreator>ABBYY</softwareCreator>
<softwareName>ABBYY Recognition Server</softwareName>
<softwareVersion>4.0</softwareVersion>
</processingSoftware>
</ocrProcessingStep>
</OCRProcessing>
</Description>
<Styles>
<ParagraphStyle ALIGN="Left" FIRSTLINE="0." ID="StyleId-FFFFFFFF-FFFF-FFFF-FFFF-FFFFFFFFFFFF-" LEFT="0." RIGHT="0." />
<ParagraphStyle ALIGN="Left" FIRSTLINE="0." ID="StyleId-6EF5737A-DCEB-4126-A0CF-C5930BF7166A-" LEFT="0." LINESPACE="8.300000191" RIGHT="0." />
<ParagraphStyle ALIGN="Left" FIRSTLINE="0." ID="StyleId-2DE44258-FD0B-41E1-B542-087C989B01A3-" LEFT="0." LINESPACE="12.19999981" RIGHT="0." />
<ParagraphStyle ALIGN="Left" FIRSTLINE="-14." ID="StyleId-CE3D254A-29D7-4DD7-B5F1-E0FC0EF29B05-" LEFT="0." LINESPACE="8.619999886" RIGHT="0." />
<ParagraphStyle ALIGN="Left" FIRSTLINE="-14." ID="StyleId-C0E3A137-CE4F-4287-8A90-B599106709D0-" LEFT="0." LINESPACE="12.19999981" RIGHT="0." />
<ParagraphStyle ALIGN="Left" FIRSTLINE="-14." ID="StyleId-50F26F0C-05DA-4C19-BA58-7A6AC4499BEE-" LEFT="0." LINESPACE="11.06999969" RIGHT="0." />
<ParagraphStyle ALIGN="Center" FIRSTLINE="0." ID="StyleId-5DDE65AF-512C-41E2-9B8E-095D6D99EF68-" LEFT="0." LINESPACE="11.89999962" RIGHT="0." />
<ParagraphStyle ALIGN="Left" FIRSTLINE="0." ID="StyleId-0A81D7A5-6A62-4C52-915E-7768974C704D-" LEFT="0." LINESPACE="9.399999619" RIGHT="0." />
<ParagraphStyle ALIGN="Block" FIRSTLINE="-13." ID="StyleId-F7A0127F-6B48-4157-BB81-FE33E1E1A05B-" LEFT="0." LINESPACE="10.63000011" RIGHT="0." />
<ParagraphStyle ALIGN="Left" FIRSTLINE="0." ID="StyleId-E18C69F7-DBD7-48B1-805C-FCD96D0DA019-" LEFT="0." LINESPACE="11.64000034" RIGHT="0." />
<ParagraphStyle ALIGN="Left" FIRSTLINE="-14." ID="StyleId-98F15501-B611-4E83-8BB3-807E891F11F5-" LEFT="0." LINESPACE="12.19999981" RIGHT="0." />
<ParagraphStyle ALIGN="Left" FIRSTLINE="0." ID="StyleId-F4A78626-0BBC-4D12-94D9-A1AE75A9855F-" LEFT="0." LINESPACE="9.399999619" RIGHT="0." />
<ParagraphStyle ALIGN="Left" FIRSTLINE="0." ID="StyleId-6A3F6F4C-D21B-4ADE-902F-7683F18ECEF3-" LEFT="0." LINESPACE="11.10000038" RIGHT="0." />
</Styles>
<Layout>
<Page HEIGHT="4405" ID="Page1175" PHYSICAL_IMG_NR="1175" WIDTH="2484">
<TopMargin HEIGHT="419" HPOS="0" VPOS="0" WIDTH="2484">
</TopMargin>
<LeftMargin HEIGHT="3714" HPOS="0" VPOS="419" WIDTH="98">
</LeftMargin>
<RightMargin HEIGHT="3714" HPOS="2183" VPOS="419" WIDTH="301">
</RightMargin>
<BottomMargin HEIGHT="272" HPOS="0" VPOS="4133" WIDTH="2484">
</BottomMargin>
<PrintSpace HEIGHT="3714" HPOS="98" VPOS="419" WIDTH="2085">
<TextBlock HEIGHT="76" HPOS="1084" ID="Page1175_Block1" LANG="en-US" STYLEREFS="StyleId-997B97CC-2806-43D3-9209-21308EE81025-" VPOS="4057" WIDTH="154">
<Shape>
<Polygon POINTS="1084,4057 1237,4057 1237,4058 1238,4058 1238,4133 1084,4133 1084,4057" />
</Shape>
<TextLine HEIGHT="56" HPOS="1095" VPOS="4067" WIDTH="133">
<String CONTENT="1175" HEIGHT="56" HPOS="1095" VPOS="4067" WIDTH="133" />
</TextLine>
</TextBlock>
<TextBlock CS="1" HEIGHT="3643" HPOS="98" ID="Page1175_Block2" LANG="en-US" STYLEREFS="StyleId-9A160E70-791B-4031-A606-418527635757-" VPOS="419" WIDTH="2085">
<Shape>
<Polygon POINTS="124,419 266,419 266,420 755,420 755,421 1244,421 1244,422 1733,422 1733,423 2183,423 2183,737 2182,737 2182,1226 2181,1226 2181,1715 2180,1715 2180,2204 2179,2204 2179,2693 2178,2693 2178,3183 2177,3183 2177,3672 2176,3672 2176,4062 1729,4062 1729,4061 1240,4061 1240,4060 751,4060 751,4059 262,4059 262,4058 98,4058 98,3668 99,3668 99,3179 100,3179 100,2690 101,2690 101,2545 143,2545 143,2543 120,2543 120,2201 121,2201 121,1712 122,1712 122,1222 123,1222 123,733 124,733 124,419" />
</Shape>
<TextLine HEIGHT="70" HPOS="157" STYLEREFS="StyleId-6D9A6A1C-DF24-4FEA-84E6-49FB94EC2B28-" VPOS="428" WIDTH="1057">
<String CONTENT="Powell," HEIGHT="66" HPOS="157" VPOS="431" WIDTH="227" />
<SP HEIGHT="62" HPOS="385" VPOS="435" WIDTH="29" />
<String CONTENT="Henry" HEIGHT="61" HPOS="415" VPOS="435" WIDTH="206" />
<SP HEIGHT="64" HPOS="622" VPOS="432" WIDTH="23" />
<String CONTENT="Montefiore," HEIGHT="65" HPOS="646" VPOS="430" WIDTH="364" />
<SP HEIGHT="61" HPOS="1011" VPOS="434" WIDTH="31" />
<String CONTENT="1867-" HEIGHT="53" HPOS="1043" VPOS="430" WIDTH="171" />
</TextLine>
<TextLine CS="1" HEIGHT="150" HPOS="162" STYLEREFS="StyleId-6D9A6A1C-DF24-4FEA-84E6-49FB94EC2B28-" VPOS="505" WIDTH="1993">
<String CONTENT="Reducing" HEIGHT="68" HPOS="230" VPOS="510" WIDTH="298" />
<SP HEIGHT="49" HPOS="529" VPOS="529" WIDTH="31" />
<String CONTENT="realty" HEIGHT="66" HPOS="561" VPOS="512" WIDTH="184" />
<SP HEIGHT="64" HPOS="746" VPOS="515" WIDTH="32" />
<String CONTENT="taxes," HEIGHT="61" HPOS="779" VPOS="516" WIDTH="174" />
<SP HEIGHT="48" HPOS="954" VPOS="529" WIDTH="33" />
<String CONTENT="with" HEIGHT="51" HPOS="988" VPOS="510" WIDTH="140" />
<SP HEIGHT="51" HPOS="1129" VPOS="510" WIDTH="34" />
<String CONTENT="remedies" HEIGHT="55" HPOS="1164" VPOS="507" WIDTH="271" />
<SP HEIGHT="53" HPOS="1436" VPOS="508" WIDTH="33" />
<String CONTENT="for" HEIGHT="52" HPOS="1470" VPOS="508" WIDTH="93" />
<SP HEIGHT="51" HPOS="1564" VPOS="508" WIDTH="33" />
<String CONTENT="illegal" HEIGHT="68" HPOS="1598" VPOS="508" WIDTH="195" />
<SP HEIGHT="51" HPOS="1794" VPOS="509" WIDTH="33" />
<String CONTENT="and" HEIGHT="52" HPOS="1828" VPOS="509" WIDTH="112" />
<SP HEIGHT="52" HPOS="1941" VPOS="509" WIDTH="33" />
<String CONTENT="excessive" HEIGHT="124" HPOS="162" VPOS="524" WIDTH="1969" />
<SP HEIGHT="36" HPOS="280" VPOS="608" WIDTH="42" />
<String CONTENT="assessments" HEIGHT="49" HPOS="323" VPOS="595" WIDTH="360" />
<SP HEIGHT="34" HPOS="684" VPOS="607" WIDTH="44" />
<String CONTENT="and" HEIGHT="53" HPOS="729" VPOS="589" WIDTH="107" />
<SP HEIGHT="52" HPOS="837" VPOS="590" WIDTH="50" />
<String CONTENT="methods" HEIGHT="53" HPOS="888" VPOS="588" WIDTH="260" />
<SP HEIGHT="34" HPOS="1149" VPOS="606" WIDTH="43" />
<String CONTENT="of" HEIGHT="52" HPOS="1193" VPOS="588" WIDTH="65" />
<SP HEIGHT="65" HPOS="1259" VPOS="589" WIDTH="42" />
<String CONTENT="proving" HEIGHT="68" HPOS="1302" VPOS="586" WIDTH="248" />
<SP HEIGHT="49" HPOS="1551" VPOS="605" WIDTH="44" />
<String CONTENT="realty" HEIGHT="69" HPOS="1596" VPOS="585" WIDTH="183" />
<SP HEIGHT="49" HPOS="1780" VPOS="605" WIDTH="44" />
<String CONTENT="values," HEIGHT="65" HPOS="1825" VPOS="588" WIDTH="210" />
<SP HEIGHT="66" HPOS="2036" VPOS="587" WIDTH="42" />
<String CONTENT="by" HEIGHT="67" HPOS="2079" VPOS="587" WIDTH="76" />
</TextLine>
<TextLine CS="1" HEIGHT="79" HPOS="162" STYLEREFS="StyleId-6D9A6A1C-DF24-4FEA-84E6-49FB94EC2B28-" VPOS="660" WIDTH="1993">
<String CONTENT="Henrys" HEIGHT="67" HPOS="162" LANG="de" VPOS="669" WIDTH="202" />
<SP HEIGHT="52" HPOS="365" VPOS="669" WIDTH="31" />
<String CONTENT="M." HEIGHT="53" HPOS="397" VPOS="669" WIDTH="80" />
<SP HEIGHT="52" HPOS="478" VPOS="670" WIDTH="34" />
<String CONTENT="Powell" HEIGHT="54" HPOS="513" VPOS="667" WIDTH="211" />
<SP HEIGHT="54" HPOS="725" VPOS="667" WIDTH="41" />
<String CONTENT="&#8230;" CS="1" />
<SP HEIGHT="51" HPOS="825" VPOS="670" WIDTH="76" />
<String CONTENT="2d" HEIGHT="52" HPOS="902" VPOS="667" WIDTH="74" />
<SP HEIGHT="52" HPOS="977" VPOS="667" WIDTH="33" />
<String CONTENT="ed.," HEIGHT="64" HPOS="1011" VPOS="667" WIDTH="105" />
<SP HEIGHT="48" HPOS="1117" VPOS="683" WIDTH="34" />
<String CONTENT="rev." HEIGHT="38" HPOS="1152" VPOS="683" WIDTH="112" />
<SP HEIGHT="37" HPOS="1265" VPOS="684" WIDTH="34" />
<String CONTENT="and" HEIGHT="52" HPOS="1300" VPOS="666" WIDTH="112" />
<SP HEIGHT="52" HPOS="1413" VPOS="666" WIDTH="33" />
<String CONTENT="enl." HEIGHT="52" HPOS="1447" VPOS="666" WIDTH="106" />
<SP HEIGHT="54" HPOS="1554" VPOS="666" WIDTH="73" />
<String CONTENT="With" HEIGHT="57" HPOS="1628" VPOS="664" WIDTH="164" />
<SP HEIGHT="53" HPOS="1793" VPOS="664" WIDTH="34" />
<String CONTENT="forms" HEIGHT="55" HPOS="1828" VPOS="664" WIDTH="180" />
<SP HEIGHT="35" HPOS="2009" VPOS="684" WIDTH="33" />
<String CONTENT="and" HEIGHT="52" HPOS="2043" VPOS="666" WIDTH="112" />
</TextLine>
<TextLine CS="1" HEIGHT="73" HPOS="161" STYLEREFS="StyleId-6D9A6A1C-DF24-4FEA-84E6-49FB94EC2B28-" VPOS="743" WIDTH="1341">
<String CONTENT="precedents." HEIGHT="67" HPOS="161" VPOS="747" WIDTH="344" />
<SP HEIGHT="51" HPOS="506" VPOS="748" WIDTH="72" />
<String CONTENT="New" HEIGHT="51" HPOS="579" VPOS="748" WIDTH="138" />
<SP HEIGHT="53" HPOS="718" VPOS="745" WIDTH="27" />
<String CONTENT="York," HEIGHT="67" HPOS="746" VPOS="744" WIDTH="179" />
<SP HEIGHT="64" HPOS="926" VPOS="747" WIDTH="27" />
<String CONTENT="Boyd" CS="1" HEIGHT="50" HPOS="954" VPOS="747" WIDTH="47" />
<SP HEIGHT="66" HPOS="1122" VPOS="745" WIDTH="26" />
<String CONTENT="press," HEIGHT="51" HPOS="1149" VPOS="761" WIDTH="173" />
<SP HEIGHT="62" HPOS="1323" VPOS="749" WIDTH="29" />
<String CONTENT="1933." HEIGHT="50" HPOS="1353" VPOS="747" WIDTH="149" />
</TextLine>
<TextLine CS="1" HEIGHT="52" HPOS="232" STYLEREFS="StyleId-6D9A6A1C-DF24-4FEA-84E6-49FB94EC2B28-" VPOS="818" WIDTH="400">
<String CONTENT="v," HEIGHT="41" HPOS="232" VPOS="829" WIDTH="41" />
<SP HEIGHT="48" HPOS="274" VPOS="822" WIDTH="25" />
<String CONTENT="442" HEIGHT="40" HPOS="300" VPOS="820" WIDTH="88" />
<SP HEIGHT="49" HPOS="389" VPOS="820" WIDTH="23" />
<String CONTENT="p." HEIGHT="38" HPOS="413" VPOS="831" WIDTH="43" />
<SP HEIGHT="41" HPOS="457" VPOS="819" WIDTH="58" />
<String CONTENT="24cm." CS="1" HEIGHT="43" HPOS="516" VPOS="819" WIDTH="116" />
</TextLine>
<TextLine CS="1" HEIGHT="52" HPOS="233" VPOS="873" WIDTH="790">
<String CONTENT="&#8220;Table" HEIGHT="40" HPOS="233" VPOS="878" WIDTH="176" />
<SP HEIGHT="29" HPOS="410" VPOS="889" WIDTH="24" />
<String CONTENT="of" HEIGHT="39" HPOS="435" VPOS="879" WIDTH="51" />
<SP HEIGHT="38" HPOS="487" VPOS="879" WIDTH="26" />
<String CONTENT="cases&#8221;:" CS="1" HEIGHT="41" HPOS="514" VPOS="876" WIDTH="163" />
<SP HEIGHT="38" HPOS="708" VPOS="886" WIDTH="28" />
<String CONTENT="p." HEIGHT="39" HPOS="737" VPOS="886" WIDTH="42" />
<SP HEIGHT="41" HPOS="780" VPOS="877" WIDTH="24" />
<String CONTENT="403-413." HEIGHT="42" HPOS="805" VPOS="875" WIDTH="218" />
</TextLine>
<TextLine CS="1" HEIGHT="60" HPOS="164" VPOS="942" WIDTH="1997">
<String CONTENT="&#169;" HEIGHT="52" HPOS="164" VPOS="946" WIDTH="50" />
<SP HEIGHT="52" HPOS="215" VPOS="946" WIDTH="27" />
<String CONTENT="July" CS="1" HEIGHT="41" HPOS="243" VPOS="950" WIDTH="82" />
<SP HEIGHT="39" HPOS="358" VPOS="950" WIDTH="26" />
<String CONTENT="13," HEIGHT="43" HPOS="385" VPOS="950" WIDTH="68" />
<SP HEIGHT="43" HPOS="454" VPOS="950" WIDTH="26" />
<String CONTENT="1933;" HEIGHT="45" HPOS="481" VPOS="949" WIDTH="140" />
<SP HEIGHT="46" HPOS="622" VPOS="948" WIDTH="26" />
<String CONTENT="2c." HEIGHT="40" HPOS="649" VPOS="948" WIDTH="67" />
<SP HEIGHT="40" HPOS="717" VPOS="947" WIDTH="27" />
<String CONTENT="July" HEIGHT="50" HPOS="745" VPOS="947" WIDTH="116" />
<SP HEIGHT="49" HPOS="862" VPOS="948" WIDTH="24" />
<String CONTENT="26;" HEIGHT="47" HPOS="887" VPOS="947" WIDTH="82" />
<SP HEIGHT="36" HPOS="970" VPOS="958" WIDTH="29" />
<String CONTENT="aff." HEIGHT="40" HPOS="1000" VPOS="947" WIDTH="82" />
<SP HEIGHT="40" HPOS="1083" VPOS="947" WIDTH="26" />
<String CONTENT="Aug." HEIGHT="47" HPOS="1110" VPOS="947" WIDTH="118" />
<SP HEIGHT="39" HPOS="1229" VPOS="947" WIDTH="29" />
<String CONTENT="18;" CS="1" />
<SP HEIGHT="46" HPOS="1340" VPOS="946" WIDTH="28" />
<String CONTENT="A" HEIGHT="39" HPOS="1369" VPOS="946" WIDTH="41" />
<SP HEIGHT="39" HPOS="1411" VPOS="946" WIDTH="26" />
<String CONTENT="63940;" HEIGHT="47" HPOS="1438" VPOS="945" WIDTH="169" />
<SP HEIGHT="46" HPOS="1608" VPOS="946" WIDTH="31" />
<String CONTENT="H." HEIGHT="38" HPOS="1640" LANG="fr" VPOS="946" WIDTH="59" />
<SP HEIGHT="38" HPOS="1700" VPOS="946" WIDTH="29" />
<String CONTENT="M." HEIGHT="40" HPOS="1730" VPOS="946" WIDTH="62" />
<SP HEIGHT="39" HPOS="1793" VPOS="947" WIDTH="29" />
<String CONTENT="Powell," HEIGHT="46" HPOS="1823" VPOS="946" WIDTH="192" />
<SP HEIGHT="46" HPOS="2016" VPOS="946" WIDTH="27" />
<String CONTENT="New" HEIGHT="39" HPOS="2044" VPOS="946" WIDTH="117" />
</TextLine>
<TextLine HEIGHT="52" HPOS="229" VPOS="1003" WIDTH="495">
<String CONTENT="York." HEIGHT="41" HPOS="229" VPOS="1006" WIDTH="143" />
<SP HEIGHT="48" HPOS="373" VPOS="1007" WIDTH="70" />
<String CONTENT="(33-21759)" HEIGHT="51" HPOS="444" VPOS="1004" WIDTH="280" />
</TextLine>
<TextLine HEIGHT="69" HPOS="159" STYLEREFS="StyleId-6D9A6A1C-DF24-4FEA-84E6-49FB94EC2B28-" VPOS="1103" WIDTH="1270">
<String CONTENT="Romera-Navarro," HEIGHT="65" HPOS="159" VPOS="1105" WIDTH="568" />
<SP HEIGHT="62" HPOS="728" VPOS="1108" WIDTH="26" />
<String CONTENT="Miguel," HEIGHT="67" HPOS="755" VPOS="1104" WIDTH="238" />
<SP HEIGHT="62" HPOS="994" VPOS="1109" WIDTH="27" />
<String CONTENT="1888-" HEIGHT="50" HPOS="1022" VPOS="1109" WIDTH="172" />
<SP HEIGHT="35" HPOS="1195" VPOS="1122" WIDTH="151" />
<String CONTENT="ed." HEIGHT="52" HPOS="1347" VPOS="1107" WIDTH="82" />
</TextLine>
<TextLine CS="1" HEIGHT="76" HPOS="227" STYLEREFS="StyleId-6D9A6A1C-DF24-4FEA-84E6-49FB94EC2B28-" VPOS="1180" WIDTH="1934">
<String CONTENT="Antolog&#237;a" CS="1" HEIGHT="69" HPOS="227" VPOS="1184" WIDTH="316" />
<SP HEIGHT="52" HPOS="543" VPOS="1185" WIDTH="55" />
<String CONTENT="de" HEIGHT="52" HPOS="598" LANG="fr" VPOS="1185" WIDTH="69" />
<SP HEIGHT="51" HPOS="667" VPOS="1185" WIDTH="56" />
<String CONTENT="la" HEIGHT="52" HPOS="723" VPOS="1185" WIDTH="54" />
<SP HEIGHT="53" HPOS="777" VPOS="1184" WIDTH="56" />
<String CONTENT="literatura" HEIGHT="52" HPOS="833" VPOS="1183" WIDTH="302" />
<SP HEIGHT="35" HPOS="1135" VPOS="1200" WIDTH="56" />
<String CONTENT="espa&#241;ola," CS="1" HEIGHT="68" HPOS="1191" VPOS="1183" WIDTH="289" />
<SP HEIGHT="68" HPOS="1480" VPOS="1183" WIDTH="55" />
<String CONTENT="desde" HEIGHT="53" HPOS="1535" VPOS="1183" WIDTH="169" />
<SP HEIGHT="53" HPOS="1704" VPOS="1183" WIDTH="57" />
<String CONTENT="los" HEIGHT="52" HPOS="1761" VPOS="1184" WIDTH="84" />
<SP HEIGHT="36" HPOS="1845" VPOS="1200" WIDTH="56" />
<String CONTENT="or&#237;genes" CS="1" HEIGHT="53" HPOS="1901" VPOS="1200" WIDTH="260" />
</TextLine>
<TextLine CS="1" HEIGHT="75" HPOS="159" STYLEREFS="StyleId-6D9A6A1C-DF24-4FEA-84E6-49FB94EC2B28-" VPOS="1258" WIDTH="1939">
<String CONTENT="hasta" HEIGHT="54" HPOS="159" VPOS="1263" WIDTH="162" />
<SP HEIGHT="49" HPOS="322" VPOS="1281" WIDTH="46" />
<String CONTENT="principios" HEIGHT="68" HPOS="369" VPOS="1262" WIDTH="315" />
<SP HEIGHT="52" HPOS="685" VPOS="1262" WIDTH="45" />
<String CONTENT="del" HEIGHT="54" HPOS="731" VPOS="1261" WIDTH="90" />
<SP HEIGHT="52" HPOS="822" VPOS="1262" WIDTH="46" />
<String CONTENT="siglo" HEIGHT="68" HPOS="869" VPOS="1262" WIDTH="144" />
<SP HEIGHT="33" HPOS="1014" VPOS="1280" WIDTH="45" />
<String CONTENT="XIX," CS="1" HEIGHT="25" HPOS="1169" VPOS="1303" WIDTH="11" />
<SP HEIGHT="50" HPOS="1181" VPOS="1278" WIDTH="44" />
<String CONTENT="por" HEIGHT="51" HPOS="1226" VPOS="1278" WIDTH="105" />
<SP HEIGHT="52" HPOS="1332" VPOS="1262" WIDTH="44" />
<String CONTENT="M." HEIGHT="52" HPOS="1377" VPOS="1262" WIDTH="79" />
<SP HEIGHT="53" HPOS="1457" VPOS="1261" WIDTH="49" />
<String CONTENT="Romera-Navarro" HEIGHT="54" HPOS="1507" VPOS="1261" WIDTH="536" />
<SP HEIGHT="35" HPOS="2044" VPOS="1280" WIDTH="54" />
<String CONTENT="&#8230;" CS="1" />
</TextLine>
<TextLine CS="1" HEIGHT="76" HPOS="161" STYLEREFS="StyleId-6D9A6A1C-DF24-4FEA-84E6-49FB94EC2B28-" VPOS="1335" WIDTH="1994">
<String CONTENT="Boston," HEIGHT="67" HPOS="161" VPOS="1341" WIDTH="233" />
<SP HEIGHT="68" HPOS="395" VPOS="1340" WIDTH="39" />
<String CONTENT="Nueva" HEIGHT="53" HPOS="435" VPOS="1340" WIDTH="199" />
<SP HEIGHT="52" HPOS="635" VPOS="1340" WIDTH="39" />
<String CONTENT="York" HEIGHT="55" HPOS="675" VPOS="1338" WIDTH="163" />
<SP HEIGHT="67" HPOS="839" VPOS="1339" WIDTH="45" />
<String CONTENT="[etc.]" HEIGHT="62" HPOS="885" VPOS="1344" WIDTH="137" />
<SP HEIGHT="66" HPOS="1023" VPOS="1339" WIDTH="44" />
<String CONTENT="D." HEIGHT="52" HPOS="1068" VPOS="1339" WIDTH="74" />
<SP HEIGHT="55" HPOS="1143" VPOS="1337" WIDTH="44" />
<String CONTENT="C." HEIGHT="56" HPOS="1188" VPOS="1337" WIDTH="62" />
<SP HEIGHT="54" HPOS="1251" VPOS="1339" WIDTH="43" />
<String CONTENT="Heath" HEIGHT="53" HPOS="1295" VPOS="1339" WIDTH="194" />
<SP HEIGHT="68" HPOS="1490" VPOS="1340" WIDTH="40" />
<String CONTENT="y" HEIGHT="50" HPOS="1531" LANG="fr" VPOS="1358" WIDTH="37" />
<SP HEIGHT="50" HPOS="1569" VPOS="1358" WIDTH="42" />
<String CONTENT="compa&#241;&#237;a" CS="1" HEIGHT="52" HPOS="1612" VPOS="1356" WIDTH="300" />
<SP HEIGHT="48" HPOS="1913" VPOS="1359" WIDTH="48" />
<String CONTENT="[" CS="1" />
<String CONTENT="c" HEIGHT="20" HPOS="1978" STYLE="superscript" VPOS="1347" WIDTH="19" />
<String CONTENT="1933]" HEIGHT="65" HPOS="2002" VPOS="1343" WIDTH="153" />
</TextLine>
<TextLine CS="1" HEIGHT="54" HPOS="229" STYLEREFS="StyleId-6D9A6A1C-DF24-4FEA-84E6-49FB94EC2B28-" VPOS="1409" WIDTH="854">
<String CONTENT="xi," HEIGHT="49" HPOS="229" VPOS="1413" WIDTH="64" />
<SP HEIGHT="48" HPOS="294" VPOS="1414" WIDTH="32" />
<String CONTENT="427" HEIGHT="40" HPOS="327" VPOS="1414" WIDTH="85" />
<SP HEIGHT="47" HPOS="413" VPOS="1415" WIDTH="32" />
<String CONTENT="p." HEIGHT="38" HPOS="446" VPOS="1424" WIDTH="42" />
<SP HEIGHT="39" HPOS="489" VPOS="1414" WIDTH="59" />
<String CONTENT="front." CS="1" HEIGHT="40" HPOS="549" VPOS="1414" WIDTH="135" />
<SP HEIGHT="48" HPOS="699" VPOS="1413" WIDTH="27" />
<String CONTENT="(port.)" HEIGHT="50" HPOS="727" VPOS="1412" WIDTH="170" />
<SP HEIGHT="46" HPOS="898" VPOS="1412" WIDTH="66" />
<String CONTENT="23cm." CS="1" HEIGHT="42" HPOS="965" VPOS="1411" WIDTH="118" />
</TextLine>
<TextLine CS="1" HEIGHT="55" HPOS="232" VPOS="1466" WIDTH="1900">
<String CONTENT="&#8220;Ediciones" HEIGHT="41" HPOS="232" LANG="en-US" VPOS="1470" WIDTH="284" />
<SP HEIGHT="38" HPOS="517" VPOS="1480" WIDTH="31" />
<String CONTENT="que" HEIGHT="38" HPOS="549" LANG="fr" VPOS="1480" WIDTH="91" />
<SP HEIGHT="40" HPOS="641" VPOS="1471" WIDTH="35" />
<String CONTENT="han" HEIGHT="40" HPOS="677" LANG="en-US" VPOS="1471" WIDTH="97" />
<SP HEIGHT="29" HPOS="775" VPOS="1482" WIDTH="34" />
<String CONTENT="servido" HEIGHT="41" HPOS="810" LANG="en-US" VPOS="1469" WIDTH="190" />
<SP HEIGHT="39" HPOS="1001" VPOS="1471" WIDTH="34" />
<String CONTENT="de" HEIGHT="39" HPOS="1036" LANG="fr" VPOS="1471" WIDTH="57" />
<SP HEIGHT="41" HPOS="1094" VPOS="1469" WIDTH="34" />
<String CONTENT="base" HEIGHT="42" HPOS="1129" LANG="en-US" VPOS="1469" WIDTH="118" />
<SP HEIGHT="30" HPOS="1248" VPOS="1481" WIDTH="32" />
<String CONTENT="en" HEIGHT="30" HPOS="1281" LANG="fr" VPOS="1480" WIDTH="59" />
<SP HEIGHT="39" HPOS="1341" VPOS="1470" WIDTH="33" />
<String CONTENT="la" HEIGHT="39" HPOS="1375" LANG="en-US" VPOS="1470" WIDTH="46" />
<SP HEIGHT="37" HPOS="1422" VPOS="1472" WIDTH="33" />
<String CONTENT="transcripci" HEIGHT="49" HPOS="1456" LANG="de" VPOS="1469" WIDTH="291" />
<String CONTENT="&#243;" CS="1" LANG="en-US" />
<String CONTENT="n" HEIGHT="27" HPOS="1780" LANG="de" VPOS="1483" WIDTH="31" />
<SP HEIGHT="40" HPOS="1812" VPOS="1471" WIDTH="35" />
<String CONTENT="de" HEIGHT="40" HPOS="1848" LANG="de" VPOS="1471" WIDTH="56" />
<SP HEIGHT="39" HPOS="1905" VPOS="1472" WIDTH="35" />
<String CONTENT="textos&#8221;:" CS="1" HEIGHT="42" HPOS="1941" LANG="en-US" VPOS="1470" WIDTH="191" />
</TextLine>
<TextLine HEIGHT="49" HPOS="160" VPOS="1527" WIDTH="289">
<String CONTENT="p." HEIGHT="37" HPOS="160" VPOS="1538" WIDTH="42" />
<SP HEIGHT="40" HPOS="203" VPOS="1528" WIDTH="28" />
<String CONTENT="409-411." HEIGHT="41" HPOS="232" VPOS="1527" WIDTH="217" />
</TextLine>
<TextLine CS="1" HEIGHT="57" HPOS="165" VPOS="1594" WIDTH="1998">
<String CONTENT="&#169;" HEIGHT="52" HPOS="165" VPOS="1595" WIDTH="53" />
<SP HEIGHT="52" HPOS="219" VPOS="1595" WIDTH="21" />
<String CONTENT="Aug." HEIGHT="49" HPOS="241" VPOS="1598" WIDTH="120" />
<SP HEIGHT="41" HPOS="362" VPOS="1600" WIDTH="24" />
<String CONTENT="8," HEIGHT="46" HPOS="387" VPOS="1600" WIDTH="38" />
<SP HEIGHT="46" HPOS="426" VPOS="1600" WIDTH="24" />
<String CONTENT="1933;" CS="1" HEIGHT="39" HPOS="451" VPOS="1599" WIDTH="113" />
<SP HEIGHT="46" HPOS="592" VPOS="1599" WIDTH="25" />
<String CONTENT="2c." HEIGHT="39" HPOS="618" VPOS="1599" WIDTH="66" />
<SP HEIGHT="39" HPOS="685" VPOS="1598" WIDTH="23" />
<String CONTENT="Aug." HEIGHT="47" HPOS="709" VPOS="1598" WIDTH="119" />
<SP HEIGHT="40" HPOS="829" VPOS="1598" WIDTH="24" />
<String CONTENT="21;" CS="1" HEIGHT="39" HPOS="854" VPOS="1598" WIDTH="54" />
<SP HEIGHT="36" HPOS="937" VPOS="1608" WIDTH="27" />
<String CONTENT="aff." HEIGHT="40" HPOS="965" VPOS="1597" WIDTH="81" />
<SP HEIGHT="40" HPOS="1047" VPOS="1597" WIDTH="29" />
<String CONTENT="Sept." HEIGHT="48" HPOS="1077" VPOS="1597" WIDTH="128" />
<SP HEIGHT="41" HPOS="1206" VPOS="1597" WIDTH="24" />
<String CONTENT="12;" CS="1" HEIGHT="40" HPOS="1231" VPOS="1597" WIDTH="56" />
<SP HEIGHT="46" HPOS="1315" VPOS="1598" WIDTH="26" />
<String CONTENT="A" HEIGHT="38" HPOS="1342" VPOS="1598" WIDTH="39" />
<SP HEIGHT="39" HPOS="1382" VPOS="1598" WIDTH="24" />
<String CONTENT="63985;" CS="1" HEIGHT="40" HPOS="1407" VPOS="1597" WIDTH="143" />
<SP HEIGHT="46" HPOS="1578" VPOS="1599" WIDTH="28" />
<String CONTENT="M." HEIGHT="39" HPOS="1607" VPOS="1599" WIDTH="63" />
<SP HEIGHT="40" HPOS="1671" VPOS="1598" WIDTH="24" />
<String CONTENT="Romera-Navarro," HEIGHT="49" HPOS="1696" VPOS="1598" WIDTH="467" />
</TextLine>
<TextLine HEIGHT="52" HPOS="233" VPOS="1652" WIDTH="703">
<String CONTENT="Philadelphia." HEIGHT="49" HPOS="233" VPOS="1654" WIDTH="352" />
<SP HEIGHT="47" HPOS="586" VPOS="1656" WIDTH="68" />
<String CONTENT="(33-21874)" HEIGHT="51" HPOS="655" VPOS="1653" WIDTH="281" />
</TextLine>
<TextLine HEIGHT="69" HPOS="159" STYLEREFS="StyleId-6D9A6A1C-DF24-4FEA-84E6-49FB94EC2B28-" VPOS="1755" WIDTH="920">
<String CONTENT="Rounds," HEIGHT="65" HPOS="159" VPOS="1758" WIDTH="257" />
<SP HEIGHT="64" HPOS="417" VPOS="1759" WIDTH="27" />
<String CONTENT="Ona" HEIGHT="53" HPOS="445" VPOS="1759" WIDTH="126" />
<SP HEIGHT="51" HPOS="572" VPOS="1760" WIDTH="25" />
<String CONTENT="Mahitta," HEIGHT="66" HPOS="598" VPOS="1756" WIDTH="278" />
<SP HEIGHT="60" HPOS="877" VPOS="1762" WIDTH="29" />
<String CONTENT="1876-" HEIGHT="54" HPOS="907" VPOS="1757" WIDTH="172" />
</TextLine>
<TextLine CS="1" HEIGHT="232" HPOS="164" STYLEREFS="StyleId-6D9A6A1C-DF24-4FEA-84E6-49FB94EC2B28-" VPOS="1834" WIDTH="1973">
<String CONTENT="Buck" HEIGHT="54" HPOS="235" VPOS="1837" WIDTH="163" />
<SP HEIGHT="67" HPOS="399" VPOS="1838" WIDTH="37" />
<String CONTENT="privates" HEIGHT="68" HPOS="437" VPOS="1837" WIDTH="252" />
<SP HEIGHT="35" HPOS="690" VPOS="1854" WIDTH="40" />
<String CONTENT="on" HEIGHT="36" HPOS="731" VPOS="1853" WIDTH="71" />
<SP HEIGHT="52" HPOS="803" VPOS="1838" WIDTH="37" />
<String CONTENT="Parnassus," HEIGHT="66" HPOS="841" VPOS="1838" WIDTH="335" />
<SP HEIGHT="68" HPOS="1177" VPOS="1836" WIDTH="39" />
<String CONTENT="by" HEIGHT="69" HPOS="1217" VPOS="1836" WIDTH="75" />
<SP HEIGHT="68" HPOS="1293" VPOS="1837" WIDTH="38" />
<String CONTENT="Ona" HEIGHT="55" HPOS="1332" VPOS="1837" WIDTH="128" />
<SP HEIGHT="52" HPOS="1461" VPOS="1838" WIDTH="37" />
<String CONTENT="M." HEIGHT="53" HPOS="1499" VPOS="1838" WIDTH="78" />
<SP HEIGHT="51" HPOS="1578" VPOS="1840" WIDTH="39" />
<String CONTENT="Rounds" HEIGHT="53" HPOS="1618" VPOS="1839" WIDTH="237" />
<SP HEIGHT="34" HPOS="1856" VPOS="1859" WIDTH="44" />
<String CONTENT="&#8230;" CS="1" />
<SP HEIGHT="53" HPOS="1957" VPOS="1840" WIDTH="42" />
<String CONTENT="illustrated" HEIGHT="137" HPOS="164" VPOS="1836" WIDTH="1970" />
<SP HEIGHT="53" HPOS="352" VPOS="1916" WIDTH="43" />
<String CONTENT="from" HEIGHT="53" HPOS="396" VPOS="1916" WIDTH="150" />
<SP HEIGHT="49" HPOS="547" VPOS="1933" WIDTH="45" />
<String CONTENT="photographs." HEIGHT="69" HPOS="593" VPOS="1914" WIDTH="409" />
<SP HEIGHT="50" HPOS="1003" VPOS="1917" WIDTH="75" />
<String CONTENT="Boston," HEIGHT="66" HPOS="1079" VPOS="1917" WIDTH="234" />
<SP HEIGHT="66" HPOS="1314" VPOS="1917" WIDTH="40" />
<String CONTENT="Meador" HEIGHT="52" HPOS="1355" VPOS="1917" WIDTH="239" />
<SP HEIGHT="49" HPOS="1595" VPOS="1935" WIDTH="42" />
<String CONTENT="publishing" HEIGHT="70" HPOS="1638" VPOS="1916" WIDTH="335" />
<SP HEIGHT="49" HPOS="1974" VPOS="1937" WIDTH="40" />
<String CONTENT="company," HEIGHT="133" HPOS="165" VPOS="1933" WIDTH="1972" />
<SP HEIGHT="64" HPOS="335" VPOS="1999" WIDTH="28" />
<String CONTENT="1933." HEIGHT="50" HPOS="364" VPOS="1998" WIDTH="149" />
</TextLine>
<TextLine CS="1" HEIGHT="54" HPOS="235" VPOS="2064" WIDTH="933">
<String CONTENT="217" HEIGHT="42" HPOS="235" VPOS="2067" WIDTH="86" />
<SP HEIGHT="48" HPOS="322" VPOS="2069" WIDTH="23" />
<String CONTENT="p." HEIGHT="38" HPOS="346" VPOS="2079" WIDTH="44" />
<SP HEIGHT="42" HPOS="391" VPOS="2067" WIDTH="57" />
<String CONTENT="front.," HEIGHT="49" HPOS="449" VPOS="2067" WIDTH="163" />
<SP HEIGHT="38" HPOS="613" VPOS="2078" WIDTH="25" />
<String CONTENT="plates," HEIGHT="48" HPOS="639" VPOS="2068" WIDTH="171" />
<SP HEIGHT="38" HPOS="811" VPOS="2078" WIDTH="26" />
<String CONTENT="port." HEIGHT="46" HPOS="838" VPOS="2070" WIDTH="123" />
<SP HEIGHT="40" HPOS="962" VPOS="2066" WIDTH="57" />
<String CONTENT="20&#189;cm." CS="1" HEIGHT="41" HPOS="1020" VPOS="2066" WIDTH="148" />
</TextLine>
<TextLine HEIGHT="55" HPOS="238" VPOS="2121" WIDTH="1923">
<String CONTENT="Experiences" HEIGHT="49" HPOS="238" VPOS="2124" WIDTH="323" />
<SP HEIGHT="30" HPOS="562" VPOS="2135" WIDTH="27" />
<String CONTENT="of" HEIGHT="38" HPOS="590" VPOS="2125" WIDTH="51" />
<SP HEIGHT="39" HPOS="642" VPOS="2125" WIDTH="26" />
<String CONTENT="a" HEIGHT="30" HPOS="669" VPOS="2134" WIDTH="26" />
<SP HEIGHT="30" HPOS="696" VPOS="2134" WIDTH="30" />
<String CONTENT="woman" HEIGHT="31" HPOS="727" VPOS="2134" WIDTH="191" />
<SP HEIGHT="28" HPOS="919" VPOS="2136" WIDTH="26" />
<String CONTENT="serving" HEIGHT="49" HPOS="946" VPOS="2123" WIDTH="196" />
<SP HEIGHT="47" HPOS="1143" VPOS="2125" WIDTH="27" />
<String CONTENT="in" HEIGHT="40" HPOS="1171" VPOS="2125" WIDTH="48" />
<SP HEIGHT="32" HPOS="1220" VPOS="2134" WIDTH="27" />
<String CONTENT="a" HEIGHT="30" HPOS="1248" VPOS="2135" WIDTH="27" />
<SP HEIGHT="30" HPOS="1276" VPOS="2135" WIDTH="27" />
<String CONTENT="camp" HEIGHT="38" HPOS="1304" VPOS="2135" WIDTH="138" />
<SP HEIGHT="47" HPOS="1443" VPOS="2126" WIDTH="26" />
<String CONTENT="library" HEIGHT="49" HPOS="1470" VPOS="2125" WIDTH="187" />
<SP HEIGHT="38" HPOS="1658" VPOS="2136" WIDTH="26" />
<String CONTENT="with" HEIGHT="41" HPOS="1685" VPOS="2126" WIDTH="119" />
<SP HEIGHT="39" HPOS="1805" VPOS="2127" WIDTH="27" />
<String CONTENT="the" HEIGHT="40" HPOS="1833" VPOS="2127" WIDTH="80" />
<SP HEIGHT="38" HPOS="1914" VPOS="2129" WIDTH="30" />
<String CONTENT="A." HEIGHT="38" HPOS="1945" VPOS="2129" WIDTH="51" />
<SP HEIGHT="38" HPOS="1997" VPOS="2129" WIDTH="29" />
<String CONTENT="E." HEIGHT="38" HPOS="2027" VPOS="2129" WIDTH="51" />
<SP HEIGHT="39" HPOS="2079" VPOS="2129" WIDTH="29" />
<String CONTENT="F." HEIGHT="41" HPOS="2109" VPOS="2129" WIDTH="52" />
</TextLine>
<TextLine HEIGHT="43" HPOS="167" VPOS="2179" WIDTH="490">
<String CONTENT="in" HEIGHT="41" HPOS="167" VPOS="2180" WIDTH="49" />
<SP HEIGHT="40" HPOS="216" VPOS="2181" WIDTH="27" />
<String CONTENT="France" HEIGHT="41" HPOS="243" VPOS="2181" WIDTH="187" />
<SP HEIGHT="40" HPOS="430" VPOS="2181" WIDTH="24" />
<String CONTENT="in" HEIGHT="40" HPOS="454" VPOS="2181" WIDTH="52" />
<SP HEIGHT="39" HPOS="506" VPOS="2182" WIDTH="23" />
<String CONTENT="1919." HEIGHT="42" HPOS="529" VPOS="2180" WIDTH="128" />
</TextLine>
<TextLine CS="1" HEIGHT="57" HPOS="166" VPOS="2234" WIDTH="1998">
<String CONTENT="&#169;" HEIGHT="53" HPOS="166" VPOS="2234" WIDTH="52" />
<SP HEIGHT="53" HPOS="219" VPOS="2234" WIDTH="28" />
<String CONTENT="July" HEIGHT="48" HPOS="248" VPOS="2240" WIDTH="117" />
<SP HEIGHT="48" HPOS="366" VPOS="2240" WIDTH="25" />
<String CONTENT="29," HEIGHT="47" HPOS="392" VPOS="2238" WIDTH="70" />
<SP HEIGHT="45" HPOS="463" VPOS="2240" WIDTH="27" />
<String CONTENT="1933;" CS="1" HEIGHT="40" HPOS="491" VPOS="2239" WIDTH="116" />
<SP HEIGHT="47" HPOS="633" VPOS="2238" WIDTH="29" />
<String CONTENT="2c." HEIGHT="41" HPOS="663" VPOS="2238" WIDTH="67" />
<SP HEIGHT="41" HPOS="731" VPOS="2239" WIDTH="27" />
<String CONTENT="Aug." HEIGHT="46" HPOS="759" VPOS="2240" WIDTH="119" />
<SP HEIGHT="39" HPOS="879" VPOS="2240" WIDTH="29" />
<String CONTENT="3;" CS="1" HEIGHT="39" HPOS="909" VPOS="2240" WIDTH="26" />
<SP HEIGHT="36" HPOS="963" VPOS="2249" WIDTH="31" />
<String CONTENT="aff." HEIGHT="40" HPOS="995" VPOS="2239" WIDTH="81" />
<SP HEIGHT="39" HPOS="1077" VPOS="2240" WIDTH="29" />
<String CONTENT="Aug." HEIGHT="47" HPOS="1107" VPOS="2240" WIDTH="120" />
<SP HEIGHT="42" HPOS="1228" VPOS="2239" WIDTH="29" />
<String CONTENT="5;" CS="1" HEIGHT="40" HPOS="1258" VPOS="2240" WIDTH="26" />
<SP HEIGHT="38" HPOS="1311" VPOS="2242" WIDTH="32" />
<String CONTENT="A" HEIGHT="37" HPOS="1344" VPOS="2242" WIDTH="40" />
<SP HEIGHT="39" HPOS="1385" VPOS="2241" WIDTH="27" />
<String CONTENT="63821;" CS="1" HEIGHT="41" HPOS="1413" VPOS="2240" WIDTH="142" />
<SP HEIGHT="40" HPOS="1584" VPOS="2242" WIDTH="33" />
<String CONTENT="Edward" HEIGHT="41" HPOS="1618" VPOS="2242" WIDTH="212" />
<SP HEIGHT="40" HPOS="1831" VPOS="2243" WIDTH="28" />
<String CONTENT="K." HEIGHT="39" HPOS="1860" VPOS="2243" WIDTH="59" />
<SP HEIGHT="39" HPOS="1920" VPOS="2243" WIDTH="31" />
<String CONTENT="Meador," HEIGHT="46" HPOS="1952" VPOS="2243" WIDTH="212" />
</TextLine>
<TextLine HEIGHT="53" HPOS="233" VPOS="2293" WIDTH="546">
<String CONTENT="Boston." HEIGHT="41" HPOS="233" VPOS="2296" WIDTH="194" />
<SP HEIGHT="49" HPOS="428" VPOS="2296" WIDTH="71" />
<String CONTENT="(33-21751)" HEIGHT="52" HPOS="500" VPOS="2294" WIDTH="279" />
</TextLine>
<TextLine HEIGHT="72" HPOS="161" STYLEREFS="StyleId-6D9A6A1C-DF24-4FEA-84E6-49FB94EC2B28-" VPOS="2393" WIDTH="1154">
<String CONTENT="Schweitzer," HEIGHT="70" HPOS="161" VPOS="2393" WIDTH="372" />
<SP HEIGHT="64" HPOS="534" VPOS="2399" WIDTH="28" />
<String CONTENT="Reuben" HEIGHT="55" HPOS="563" VPOS="2398" WIDTH="240" />
<SP HEIGHT="51" HPOS="804" VPOS="2401" WIDTH="29" />
<String CONTENT="Richard," HEIGHT="67" HPOS="834" VPOS="2397" WIDTH="277" />
<SP HEIGHT="59" HPOS="1112" VPOS="2405" WIDTH="31" />
<String CONTENT="1879-" HEIGHT="54" HPOS="1144" VPOS="2400" WIDTH="171" />
</TextLine>
<TextLine HEIGHT="76" HPOS="238" STYLEREFS="StyleId-6D9A6A1C-DF24-4FEA-84E6-49FB94EC2B28-" VPOS="2474" WIDTH="1924">
<String CONTENT="Sacrifice" HEIGHT="57" HPOS="238" VPOS="2474" WIDTH="265" />
<SP HEIGHT="35" HPOS="504" VPOS="2495" WIDTH="42" />
<String CONTENT="or" HEIGHT="34" HPOS="547" VPOS="2495" WIDTH="62" />
<SP HEIGHT="34" HPOS="610" VPOS="2497" WIDTH="41" />
<String CONTENT="chaos?" HEIGHT="55" HPOS="652" VPOS="2477" WIDTH="200" />
<SP HEIGHT="52" HPOS="853" VPOS="2478" WIDTH="77" />
<String CONTENT="By" HEIGHT="65" HPOS="931" VPOS="2480" WIDTH="92" />
<SP HEIGHT="66" HPOS="1024" VPOS="2479" WIDTH="40" />
<String CONTENT="R." HEIGHT="53" HPOS="1065" LANG="fr" VPOS="2479" WIDTH="68" />
<SP HEIGHT="51" HPOS="1134" VPOS="2481" WIDTH="43" />
<String CONTENT="R." HEIGHT="53" HPOS="1178" VPOS="2481" WIDTH="67" />
<SP HEIGHT="55" HPOS="1246" VPOS="2480" WIDTH="47" />
<String CONTENT="Schweitzer." HEIGHT="55" HPOS="1294" VPOS="2480" WIDTH="358" />
<SP HEIGHT="53" HPOS="1653" VPOS="2482" WIDTH="73" />
<String CONTENT="Norfolk," HEIGHT="67" HPOS="1727" VPOS="2480" WIDTH="267" />
<SP HEIGHT="62" HPOS="1995" VPOS="2485" WIDTH="41" />
<String CONTENT="Va.," HEIGHT="65" HPOS="2037" LANG="fr" VPOS="2485" WIDTH="125" />
</TextLine>
<TextLine HEIGHT="73" HPOS="164" STYLEREFS="StyleId-6D9A6A1C-DF24-4FEA-84E6-49FB94EC2B28-" VPOS="2552" WIDTH="992">
<String CONTENT="Printcraft" HEIGHT="56" HPOS="164" VPOS="2552" WIDTH="325" />
<SP HEIGHT="62" HPOS="490" VPOS="2561" WIDTH="26" />
<String CONTENT="publishing" HEIGHT="71" HPOS="517" VPOS="2554" WIDTH="335" />
<SP HEIGHT="50" HPOS="853" VPOS="2575" WIDTH="25" />
<String CONTENT="co.," HEIGHT="50" HPOS="879" VPOS="2575" WIDTH="97" />
<SP HEIGHT="62" HPOS="977" VPOS="2563" WIDTH="29" />
<String CONTENT="1933." HEIGHT="49" HPOS="1007" VPOS="2562" WIDTH="149" />
</TextLine>
<TextLine CS="1" HEIGHT="51" HPOS="235" VPOS="2628" WIDTH="527">
<String CONTENT="4" HEIGHT="39" HPOS="235" VPOS="2629" WIDTH="28" />
<SP />
<String CONTENT="p." CS="1" />
<SP />
<String CONTENT="l.," CS="1" HEIGHT="17" HPOS="395" VPOS="2660" WIDTH="10" />
<SP HEIGHT="47" HPOS="406" VPOS="2630" WIDTH="24" />
<String CONTENT="155" HEIGHT="40" HPOS="431" VPOS="2629" WIDTH="85" />
<SP HEIGHT="49" HPOS="517" VPOS="2629" WIDTH="24" />
<String CONTENT="p." HEIGHT="36" HPOS="542" VPOS="2642" WIDTH="43" />
<SP HEIGHT="41" HPOS="586" VPOS="2629" WIDTH="57" />
<String CONTENT="20cm." CS="1" HEIGHT="43" HPOS="644" VPOS="2629" WIDTH="118" />
</TextLine>
<TextLine CS="1" HEIGHT="61" HPOS="167" VPOS="2680" WIDTH="1998">
<String CONTENT="&#169;" HEIGHT="53" HPOS="167" VPOS="2680" WIDTH="53" />
<SP HEIGHT="53" HPOS="220" VPOS="2680" WIDTH="23" />
<String CONTENT="Aug." HEIGHT="47" HPOS="243" VPOS="2686" WIDTH="120" />
<SP HEIGHT="39" HPOS="363" VPOS="2688" WIDTH="25" />
<String CONTENT="3," HEIGHT="45" HPOS="388" VPOS="2688" WIDTH="42" />
<SP HEIGHT="45" HPOS="430" VPOS="2688" WIDTH="24" />
<String CONTENT="1933;" CS="1" HEIGHT="39" HPOS="454" VPOS="2688" WIDTH="114" />
<SP HEIGHT="45" HPOS="596" VPOS="2688" WIDTH="25" />
<String CONTENT="2c." HEIGHT="40" HPOS="621" VPOS="2688" WIDTH="68" />
<SP HEIGHT="30" HPOS="689" VPOS="2698" WIDTH="25" />
<String CONTENT="and" HEIGHT="40" HPOS="715" VPOS="2688" WIDTH="97" />
<SP HEIGHT="39" HPOS="812" VPOS="2689" WIDTH="24" />
<String CONTENT="aff." HEIGHT="40" HPOS="836" VPOS="2688" WIDTH="83" />
<SP HEIGHT="39" HPOS="919" VPOS="2689" WIDTH="26" />
<String CONTENT="Aug." HEIGHT="47" HPOS="945" VPOS="2689" WIDTH="120" />
<SP HEIGHT="38" HPOS="1065" VPOS="2690" WIDTH="25" />
<String CONTENT="4;" CS="1" HEIGHT="38" HPOS="1090" VPOS="2690" WIDTH="30" />
<SP HEIGHT="45" HPOS="1147" VPOS="2690" WIDTH="27" />
<String CONTENT="A" HEIGHT="38" HPOS="1174" VPOS="2690" WIDTH="42" />
<SP HEIGHT="39" HPOS="1216" VPOS="2689" WIDTH="24" />
<String CONTENT="63798;" CS="1" HEIGHT="42" HPOS="1240" VPOS="2689" WIDTH="148" />
<SP HEIGHT="41" HPOS="1411" VPOS="2691" WIDTH="29" />
<String CONTENT="R." HEIGHT="40" HPOS="1440" LANG="fr" VPOS="2691" WIDTH="57" />
<SP HEIGHT="40" HPOS="1497" VPOS="2691" WIDTH="26" />
<String CONTENT="R." HEIGHT="41" HPOS="1523" VPOS="2691" WIDTH="57" />
<SP HEIGHT="40" HPOS="1580" VPOS="2692" WIDTH="30" />
<String CONTENT="Schweitzer," HEIGHT="48" HPOS="1610" VPOS="2691" WIDTH="306" />
<SP HEIGHT="45" HPOS="1916" VPOS="2694" WIDTH="26" />
<String CONTENT="Norfolk," HEIGHT="48" HPOS="1943" VPOS="2693" WIDTH="222" />
</TextLine>
<TextLine CS="1" HEIGHT="50" HPOS="278" VPOS="2743" WIDTH="392">
<String CONTENT="Va." CS="1" HEIGHT="30" HPOS="278" VPOS="2754" WIDTH="41" />
<SP HEIGHT="48" HPOS="320" VPOS="2743" WIDTH="69" />
<String CONTENT="(33-21773)" HEIGHT="50" HPOS="390" VPOS="2743" WIDTH="280" />
<SP />
</TextLine>
<TextLine HEIGHT="68" HPOS="161" VPOS="2844" WIDTH="632">
<String CONTENT="Sharp," HEIGHT="65" HPOS="161" VPOS="2844" WIDTH="209" />
<SP HEIGHT="62" HPOS="371" VPOS="2847" WIDTH="27" />
<String CONTENT="Willoughby." HEIGHT="67" HPOS="399" VPOS="2845" WIDTH="394" />
</TextLine>
<TextLine CS="1" HEIGHT="81" HPOS="231" STYLEREFS="StyleId-6D9A6A1C-DF24-4FEA-84E6-49FB94EC2B28-" VPOS="2919" WIDTH="1931">
<String CONTENT="Murder" HEIGHT="57" HPOS="231" VPOS="2919" WIDTH="238" />
<SP HEIGHT="52" HPOS="470" VPOS="2924" WIDTH="33" />
<String CONTENT="in" HEIGHT="52" HPOS="504" VPOS="2924" WIDTH="60" />
<SP HEIGHT="51" HPOS="565" VPOS="2926" WIDTH="37" />
<String CONTENT="Bermuda" HEIGHT="54" HPOS="603" VPOS="2925" WIDTH="289" />
<SP HEIGHT="48" HPOS="893" VPOS="2945" WIDTH="39" />
<String CONTENT="[by]" CS="1" HEIGHT="67" HPOS="933" VPOS="2926" WIDTH="109" />
<SP HEIGHT="63" HPOS="1043" VPOS="2930" WIDTH="39" />
<String CONTENT="Willoughby" HEIGHT="69" HPOS="1083" VPOS="2928" WIDTH="377" />
<SP HEIGHT="67" HPOS="1461" VPOS="2930" WIDTH="37" />
<String CONTENT="Sharp." HEIGHT="69" HPOS="1499" VPOS="2930" WIDTH="207" />
<SP HEIGHT="34" HPOS="1707" VPOS="2964" WIDTH="80" />
<String CONTENT="[New" CS="1" HEIGHT="52" HPOS="1805" VPOS="2933" WIDTH="138" />
<SP HEIGHT="52" HPOS="1944" VPOS="2933" WIDTH="37" />
<String CONTENT="York," HEIGHT="68" HPOS="1982" VPOS="2932" WIDTH="180" />
</TextLine>
<TextLine CS="1" HEIGHT="68" HPOS="165" STYLEREFS="StyleId-6D9A6A1C-DF24-4FEA-84E6-49FB94EC2B28-" VPOS="2998" WIDTH="539">
<String CONTENT="C." HEIGHT="54" HPOS="165" VPOS="2998" WIDTH="61" />
<SP HEIGHT="53" HPOS="227" VPOS="2999" WIDTH="25" />
<String CONTENT="Kendall," HEIGHT="67" HPOS="253" VPOS="2999" WIDTH="269" />
<SP HEIGHT="56" HPOS="523" VPOS="3010" WIDTH="25" />
<String CONTENT="c" HEIGHT="21" HPOS="549" STYLE="superscript" VPOS="3010" WIDTH="17" />
<String CONTENT="1933]" CS="1" HEIGHT="49" HPOS="573" VPOS="3006" WIDTH="131" />
</TextLine>
<TextLine CS="1" HEIGHT="52" HPOS="235" STYLEREFS="StyleId-6D9A6A1C-DF24-4FEA-84E6-49FB94EC2B28-" VPOS="3070" WIDTH="596">
<String CONTENT="4" HEIGHT="40" HPOS="235" VPOS="3071" WIDTH="28" />
<SP HEIGHT="47" HPOS="264" VPOS="3072" WIDTH="28" />
<String CONTENT="p." CS="1" />
<SP />
<String CONTENT="l.," CS="1" HEIGHT="17" HPOS="401" VPOS="3103" WIDTH="9" />
<SP HEIGHT="49" HPOS="411" VPOS="3071" WIDTH="28" />
<String CONTENT="3-241" HEIGHT="41" HPOS="440" VPOS="3071" WIDTH="143" />
<SP HEIGHT="48" HPOS="584" VPOS="3073" WIDTH="29" />
<String CONTENT="p." HEIGHT="37" HPOS="614" VPOS="3084" WIDTH="43" />
<SP HEIGHT="39" HPOS="658" VPOS="3074" WIDTH="56" />
<String CONTENT="21cm." CS="1" HEIGHT="41" HPOS="715" VPOS="3074" WIDTH="116" />
</TextLine>
<TextLine HEIGHT="44" HPOS="237" VPOS="3127" WIDTH="425">
<String CONTENT="&#8220;First" HEIGHT="42" HPOS="237" VPOS="3127" WIDTH="161" />
<SP HEIGHT="37" HPOS="399" VPOS="3132" WIDTH="36" />
<String CONTENT="edition.&#8221;" HEIGHT="43" HPOS="436" VPOS="3128" WIDTH="226" />
</TextLine>
<TextLine CS="1" HEIGHT="116" HPOS="170" VPOS="3184" WIDTH="1979">
<String CONTENT="&#169;" HEIGHT="52" HPOS="170" VPOS="3184" WIDTH="52" />
<SP HEIGHT="52" HPOS="223" VPOS="3184" WIDTH="26" />
<String CONTENT="Aug." HEIGHT="48" HPOS="250" VPOS="3190" WIDTH="119" />
<SP HEIGHT="38" HPOS="370" VPOS="3191" WIDTH="26" />
<String CONTENT="21," HEIGHT="46" HPOS="397" VPOS="3191" WIDTH="71" />
<SP HEIGHT="45" HPOS="469" VPOS="3192" WIDTH="26" />
<String CONTENT="1933;" HEIGHT="47" HPOS="496" VPOS="3191" WIDTH="141" />
<SP HEIGHT="46" HPOS="638" VPOS="3192" WIDTH="28" />
<String CONTENT="2c." HEIGHT="39" HPOS="667" VPOS="3192" WIDTH="66" />
<SP HEIGHT="39" HPOS="734" VPOS="3194" WIDTH="28" />
<String CONTENT="Aug." HEIGHT="45" HPOS="763" VPOS="3195" WIDTH="120" />
<SP HEIGHT="40" HPOS="884" VPOS="3195" WIDTH="28" />
<String CONTENT="10;" CS="1" HEIGHT="39" HPOS="913" VPOS="3195" WIDTH="55" />
<SP HEIGHT="29" HPOS="995" VPOS="3206" WIDTH="30" />
<String CONTENT="aff." HEIGHT="41" HPOS="1026" VPOS="3195" WIDTH="82" />
<SP HEIGHT="40" HPOS="1109" VPOS="3196" WIDTH="28" />
<String CONTENT="Aug." HEIGHT="49" HPOS="1138" VPOS="3196" WIDTH="121" />
<SP HEIGHT="39" HPOS="1260" VPOS="3198" WIDTH="26" />
<String CONTENT="23;" HEIGHT="44" HPOS="1287" VPOS="3198" WIDTH="84" />
<SP HEIGHT="44" HPOS="1372" VPOS="3198" WIDTH="30" />
<String CONTENT="A" HEIGHT="39" HPOS="1403" VPOS="3198" WIDTH="41" />
<SP HEIGHT="39" HPOS="1445" VPOS="3198" WIDTH="25" />
<String CONTENT="65017;" HEIGHT="47" HPOS="1471" VPOS="3198" WIDTH="170" />
<SP HEIGHT="45" HPOS="1642" VPOS="3200" WIDTH="32" />
<String CONTENT="W." HEIGHT="41" HPOS="1675" VPOS="3200" WIDTH="70" />
<SP HEIGHT="41" HPOS="1746" VPOS="3200" WIDTH="32" />
<String CONTENT="Sharp," HEIGHT="47" HPOS="1779" VPOS="3200" WIDTH="171" />
<SP HEIGHT="41" HPOS="1951" VPOS="3202" WIDTH="30" />
<String CONTENT="Hamilton," HEIGHT="100" HPOS="236" VPOS="3197" WIDTH="1913" />
<SP HEIGHT="46" HPOS="332" VPOS="3248" WIDTH="27" />
<String CONTENT="Bermuda." HEIGHT="40" HPOS="360" VPOS="3248" WIDTH="257" />
<SP HEIGHT="47" HPOS="618" VPOS="3250" WIDTH="69" />
<String CONTENT="(33-21931)" HEIGHT="49" HPOS="688" VPOS="3249" WIDTH="280" />
</TextLine>
<TextLine CS="1" HEIGHT="84" HPOS="224" STYLEREFS="StyleId-6D9A6A1C-DF24-4FEA-84E6-49FB94EC2B28-" VPOS="3346" WIDTH="1939">
<String CONTENT="&#8230;" CS="1" />
<SP HEIGHT="54" HPOS="224" VPOS="3348" WIDTH="50" />
<String CONTENT="Sir" HEIGHT="55" HPOS="275" VPOS="3347" WIDTH="95" />
<SP HEIGHT="52" HPOS="371" VPOS="3351" WIDTH="42" />
<String CONTENT="Walter" HEIGHT="55" HPOS="414" VPOS="3349" WIDTH="225" />
<SP HEIGHT="53" HPOS="640" VPOS="3351" WIDTH="46" />
<String CONTENT="Scott:" HEIGHT="54" HPOS="687" VPOS="3351" WIDTH="194" />
<SP HEIGHT="47" HPOS="882" VPOS="3358" WIDTH="53" />
<String CONTENT="1832&#8212;1932." HEIGHT="51" HPOS="936" VPOS="3358" WIDTH="324" />
<SP HEIGHT="47" HPOS="1261" VPOS="3363" WIDTH="74" />
<String CONTENT="A" HEIGHT="47" HPOS="1336" VPOS="3363" WIDTH="55" />
<SP HEIGHT="48" HPOS="1392" VPOS="3363" WIDTH="45" />
<String CONTENT="centenary" HEIGHT="62" HPOS="1438" VPOS="3367" WIDTH="305" />
<SP HEIGHT="50" HPOS="1744" VPOS="3379" WIDTH="46" />
<String CONTENT="address," HEIGHT="58" HPOS="1791" VPOS="3361" WIDTH="250" />
<SP HEIGHT="58" HPOS="2042" VPOS="3361" WIDTH="44" />
<String CONTENT="by" HEIGHT="69" HPOS="2087" VPOS="3361" WIDTH="76" />
</TextLine>
<TextLine CS="1" HEIGHT="82" HPOS="239" STYLEREFS="StyleId-6D9A6A1C-DF24-4FEA-84E6-49FB94EC2B28-" VPOS="3423" WIDTH="1924">
<String CONTENT="John" HEIGHT="55" HPOS="239" VPOS="3423" WIDTH="155" />
<SP HEIGHT="52" HPOS="395" VPOS="3424" WIDTH="23" />
<String CONTENT="Buchan" HEIGHT="56" HPOS="419" VPOS="3424" WIDTH="237" />
<SP HEIGHT="36" HPOS="657" VPOS="3446" WIDTH="30" />
<String CONTENT="&#8230;" CS="1" />
<SP HEIGHT="55" HPOS="744" VPOS="3428" WIDTH="65" />
<String CONTENT="A" HEIGHT="52" HPOS="810" VPOS="3429" WIDTH="55" />
<SP HEIGHT="53" HPOS="866" VPOS="3429" WIDTH="25" />
<String CONTENT="forgotten" HEIGHT="68" HPOS="892" VPOS="3431" WIDTH="291" />
<SP HEIGHT="35" HPOS="1184" VPOS="3451" WIDTH="25" />
<String CONTENT="antiquary," HEIGHT="70" HPOS="1210" VPOS="3434" WIDTH="321" />
<SP HEIGHT="68" HPOS="1532" VPOS="3436" WIDTH="23" />
<String CONTENT="by" HEIGHT="68" HPOS="1556" VPOS="3436" WIDTH="75" />
<SP HEIGHT="68" HPOS="1632" VPOS="3436" WIDTH="24" />
<String CONTENT="William" HEIGHT="54" HPOS="1657" VPOS="3436" WIDTH="258" />
<SP HEIGHT="54" HPOS="1916" VPOS="3437" WIDTH="28" />
<String CONTENT="C." HEIGHT="54" HPOS="1945" VPOS="3437" WIDTH="60" />
<SP HEIGHT="54" HPOS="2006" VPOS="3438" WIDTH="27" />
<String CONTENT="Van" CS="1" HEIGHT="33" HPOS="2092" VPOS="3457" WIDTH="71" />
</TextLine>
<TextLine CS="1" HEIGHT="85" HPOS="237" STYLEREFS="StyleId-6D9A6A1C-DF24-4FEA-84E6-49FB94EC2B28-" VPOS="3500" WIDTH="1926">
<String CONTENT="Antwerp" HEIGHT="73" HPOS="237" VPOS="3500" WIDTH="278" />
<SP HEIGHT="50" HPOS="516" VPOS="3523" WIDTH="41" />
<String CONTENT="&#8230;" CS="1" />
<SP HEIGHT="55" HPOS="615" VPOS="3505" WIDTH="76" />
<String CONTENT="San" HEIGHT="56" HPOS="692" VPOS="3505" WIDTH="116" />
<SP HEIGHT="50" HPOS="809" VPOS="3509" WIDTH="36" />
<String CONTENT="Francisco," HEIGHT="70" HPOS="846" VPOS="3509" WIDTH="320" />
<SP HEIGHT="67" HPOS="1167" VPOS="3512" WIDTH="34" />
<String CONTENT="The" HEIGHT="53" HPOS="1202" VPOS="3511" WIDTH="120" />
<SP HEIGHT="51" HPOS="1323" VPOS="3513" WIDTH="34" />
<String CONTENT="Book" HEIGHT="52" HPOS="1358" VPOS="3513" WIDTH="162" />
<SP HEIGHT="53" HPOS="1521" VPOS="3513" WIDTH="36" />
<String CONTENT="club" HEIGHT="52" HPOS="1558" VPOS="3514" WIDTH="126" />
<SP HEIGHT="53" HPOS="1685" VPOS="3514" WIDTH="36" />
<String CONTENT="of" HEIGHT="54" HPOS="1722" VPOS="3514" WIDTH="63" />
<SP HEIGHT="54" HPOS="1786" VPOS="3515" WIDTH="36" />
<String CONTENT="California," HEIGHT="71" HPOS="1823" VPOS="3514" WIDTH="340" />
</TextLine>
<TextLine HEIGHT="51" HPOS="240" STYLEREFS="StyleId-6D9A6A1C-DF24-4FEA-84E6-49FB94EC2B28-" VPOS="3582" WIDTH="149">
<String CONTENT="1932." HEIGHT="51" HPOS="240" VPOS="3582" WIDTH="149" />
</TextLine>
<TextLine CS="1" HEIGHT="67" HPOS="224" VPOS="3648" WIDTH="1714">
<String CONTENT="3" HEIGHT="41" HPOS="224" VPOS="3648" WIDTH="28" />
<SP HEIGHT="51" HPOS="252" VPOS="3648" WIDTH="24" />
<String CONTENT="p." CS="1" />
<SP />
<String CONTENT="l.," CS="1" HEIGHT="16" HPOS="380" VPOS="3683" WIDTH="9" />
<SP HEIGHT="45" HPOS="390" VPOS="3654" WIDTH="24" />
<String CONTENT="27," HEIGHT="46" HPOS="414" VPOS="3654" WIDTH="71" />
<SP HEIGHT="29" HPOS="485" VPOS="3673" WIDTH="29" />
<String CONTENT="[1]" HEIGHT="49" HPOS="515" VPOS="3654" WIDTH="56" />
<SP HEIGHT="37" HPOS="571" VPOS="3666" WIDTH="26" />
<String CONTENT="p." HEIGHT="36" HPOS="597" VPOS="3666" WIDTH="44" />
<SP HEIGHT="40" HPOS="641" VPOS="3656" WIDTH="53" />
<String CONTENT="fold." CS="1" HEIGHT="42" HPOS="694" VPOS="3656" WIDTH="105" />
<SP HEIGHT="40" HPOS="812" VPOS="3658" WIDTH="26" />
<String CONTENT="front." CS="1" HEIGHT="41" HPOS="838" VPOS="3658" WIDTH="136" />
<SP HEIGHT="47" HPOS="987" VPOS="3660" WIDTH="29" />
<String CONTENT="(facsim.)" HEIGHT="51" HPOS="1016" VPOS="3660" WIDTH="240" />
<SP HEIGHT="48" HPOS="1256" VPOS="3663" WIDTH="34" />
<String CONTENT="2" HEIGHT="39" HPOS="1290" VPOS="3664" WIDTH="27" />
<SP HEIGHT="47" HPOS="1317" VPOS="3664" WIDTH="25" />
<String CONTENT="pl." CS="1" HEIGHT="36" HPOS="1342" VPOS="3675" WIDTH="62" />
<SP HEIGHT="29" HPOS="1405" VPOS="3675" WIDTH="26" />
<String CONTENT="on" HEIGHT="29" HPOS="1432" VPOS="3675" WIDTH="59" />
<SP HEIGHT="38" HPOS="1492" VPOS="3666" WIDTH="27" />
<String CONTENT="1" HEIGHT="38" HPOS="1519" VPOS="3666" WIDTH="24" />
<SP HEIGHT="38" HPOS="1543" VPOS="3666" WIDTH="27" />
<String CONTENT="l.," CS="1" HEIGHT="15" HPOS="1592" VPOS="3697" WIDTH="22" />
<SP HEIGHT="37" HPOS="1615" VPOS="3677" WIDTH="27" />
<String CONTENT="port." HEIGHT="46" HPOS="1643" VPOS="3669" WIDTH="122" />
<SP HEIGHT="41" HPOS="1765" VPOS="3668" WIDTH="55" />
<String CONTENT="23cm." CS="1" HEIGHT="41" HPOS="1820" VPOS="3668" WIDTH="118" />
</TextLine>
<TextLine CS="1" HEIGHT="66" HPOS="238" VPOS="3707" WIDTH="1711">
<String CONTENT="At" HEIGHT="43" HPOS="238" VPOS="3707" WIDTH="62" />
<SP HEIGHT="40" HPOS="301" VPOS="3710" WIDTH="27" />
<String CONTENT="head" HEIGHT="40" HPOS="329" VPOS="3710" WIDTH="123" />
<SP HEIGHT="39" HPOS="453" VPOS="3711" WIDTH="29" />
<String CONTENT="of" HEIGHT="38" HPOS="483" VPOS="3712" WIDTH="53" />
<SP HEIGHT="39" HPOS="537" VPOS="3712" WIDTH="24" />
<String CONTENT="title:" CS="1" HEIGHT="41" HPOS="562" VPOS="3711" WIDTH="108" />
<SP HEIGHT="39" HPOS="699" VPOS="3714" WIDTH="30" />
<String CONTENT="In" HEIGHT="40" HPOS="730" VPOS="3714" WIDTH="57" />
<SP HEIGHT="38" HPOS="788" VPOS="3716" WIDTH="25" />
<String CONTENT="honor" HEIGHT="40" HPOS="814" VPOS="3716" WIDTH="154" />
<SP HEIGHT="30" HPOS="969" VPOS="3727" WIDTH="25" />
<String CONTENT="of" HEIGHT="39" HPOS="995" VPOS="3718" WIDTH="51" />
<SP HEIGHT="40" HPOS="1047" VPOS="3718" WIDTH="27" />
<String CONTENT="the" HEIGHT="40" HPOS="1075" VPOS="3719" WIDTH="84" />
<SP HEIGHT="42" HPOS="1160" VPOS="3719" WIDTH="26" />
<String CONTENT="Sir" HEIGHT="44" HPOS="1187" VPOS="3718" WIDTH="78" />
<SP HEIGHT="40" HPOS="1266" VPOS="3721" WIDTH="27" />
<String CONTENT="Walter" HEIGHT="41" HPOS="1294" VPOS="3721" WIDTH="186" />
<SP HEIGHT="41" HPOS="1481" VPOS="3722" WIDTH="29" />
<String CONTENT="Scott" HEIGHT="42" HPOS="1511" VPOS="3722" WIDTH="134" />
<SP HEIGHT="38" HPOS="1646" VPOS="3726" WIDTH="29" />
<String CONTENT="centenary." HEIGHT="48" HPOS="1676" VPOS="3725" WIDTH="273" />
</TextLine>
<TextLine CS="1" HEIGHT="66" HPOS="241" VPOS="3765" WIDTH="1920">
<String CONTENT="&#8220;Of" HEIGHT="43" HPOS="241" VPOS="3765" WIDTH="93" />
<SP HEIGHT="39" HPOS="335" VPOS="3768" WIDTH="28" />
<String CONTENT="this" HEIGHT="40" HPOS="364" VPOS="3768" WIDTH="99" />
<SP HEIGHT="29" HPOS="464" VPOS="3780" WIDTH="28" />
<String CONTENT="edition" HEIGHT="41" HPOS="493" VPOS="3769" WIDTH="184" />
<SP HEIGHT="40" HPOS="678" VPOS="3772" WIDTH="27" />
<String CONTENT="300" HEIGHT="42" HPOS="706" VPOS="3771" WIDTH="87" />
<SP HEIGHT="41" HPOS="794" VPOS="3772" WIDTH="27" />
<String CONTENT="copies" HEIGHT="48" HPOS="822" VPOS="3773" WIDTH="159" />
<SP HEIGHT="28" HPOS="982" VPOS="3786" WIDTH="29" />
<String CONTENT="were" HEIGHT="29" HPOS="1012" VPOS="3786" WIDTH="126" />
<SP HEIGHT="38" HPOS="1139" VPOS="3786" WIDTH="31" />
<String CONTENT="printed" HEIGHT="48" HPOS="1171" VPOS="3777" WIDTH="192" />
<SP HEIGHT="39" HPOS="1364" VPOS="3780" WIDTH="35" />
<String CONTENT="&#8230;" CS="1" />
<SP HEIGHT="38" HPOS="1445" VPOS="3782" WIDTH="35" />
<String CONTENT="by" HEIGHT="45" HPOS="1481" VPOS="3782" WIDTH="60" />
<SP HEIGHT="46" HPOS="1542" VPOS="3781" WIDTH="32" />
<String CONTENT="Johnck" HEIGHT="42" HPOS="1575" VPOS="3781" WIDTH="187" />
<SP HEIGHT="45" HPOS="1763" VPOS="3779" WIDTH="31" />
<String CONTENT="&amp;" HEIGHT="45" HPOS="1795" VPOS="3779" WIDTH="46" />
<SP HEIGHT="45" HPOS="1842" VPOS="3779" WIDTH="33" />
<String CONTENT="Seeger" HEIGHT="47" HPOS="1876" VPOS="3784" WIDTH="172" />
<SP HEIGHT="38" HPOS="2049" VPOS="3787" WIDTH="32" />
<String CONTENT="for" HEIGHT="39" HPOS="2082" VPOS="3787" WIDTH="79" />
</TextLine>
<TextLine HEIGHT="52" HPOS="177" VPOS="3823" WIDTH="1121">
<String CONTENT="members" HEIGHT="41" HPOS="177" VPOS="3823" WIDTH="224" />
<SP HEIGHT="28" HPOS="402" VPOS="3836" WIDTH="24" />
<String CONTENT="of" HEIGHT="38" HPOS="427" VPOS="3827" WIDTH="51" />
<SP HEIGHT="39" HPOS="479" VPOS="3827" WIDTH="24" />
<String CONTENT="the" HEIGHT="40" HPOS="504" VPOS="3827" WIDTH="81" />
<SP HEIGHT="38" HPOS="586" VPOS="3829" WIDTH="23" />
<String CONTENT="Book" HEIGHT="39" HPOS="610" VPOS="3829" WIDTH="135" />
<SP HEIGHT="41" HPOS="746" VPOS="3829" WIDTH="23" />
<String CONTENT="club" HEIGHT="40" HPOS="770" VPOS="3831" WIDTH="107" />
<SP HEIGHT="39" HPOS="878" VPOS="3832" WIDTH="24" />
<String CONTENT="of" HEIGHT="39" HPOS="903" VPOS="3832" WIDTH="52" />
<SP HEIGHT="41" HPOS="956" VPOS="3832" WIDTH="24" />
<String CONTENT="California.&#8221;" HEIGHT="42" HPOS="981" VPOS="3833" WIDTH="317" />
</TextLine>
<TextLine CS="1" HEIGHT="53" HPOS="237" VPOS="3878" WIDTH="872">
<String CONTENT="Foreword" HEIGHT="45" HPOS="237" VPOS="3878" WIDTH="257" />
<SP HEIGHT="39" HPOS="495" VPOS="3884" WIDTH="30" />
<String CONTENT="signed:" CS="1" HEIGHT="47" HPOS="526" VPOS="3883" WIDTH="166" />
<SP HEIGHT="43" HPOS="721" VPOS="3885" WIDTH="34" />
<String CONTENT="Oscar" HEIGHT="42" HPOS="756" VPOS="3886" WIDTH="150" />
<SP HEIGHT="38" HPOS="907" VPOS="3889" WIDTH="30" />
<String CONTENT="Lewis." HEIGHT="40" HPOS="938" VPOS="3889" WIDTH="171" />
</TextLine>
<TextLine CS="1" HEIGHT="64" HPOS="173" VPOS="3935" WIDTH="1992">
<String CONTENT="&#169;" HEIGHT="52" HPOS="173" VPOS="3935" WIDTH="51" />
<SP HEIGHT="52" HPOS="225" VPOS="3935" WIDTH="27" />
<String CONTENT="Dec." HEIGHT="40" HPOS="253" VPOS="3941" WIDTH="109" />
<SP HEIGHT="37" HPOS="363" VPOS="3944" WIDTH="28" />
<String CONTENT="10," HEIGHT="46" HPOS="392" VPOS="3944" WIDTH="68" />
<SP HEIGHT="45" HPOS="461" VPOS="3945" WIDTH="28" />
<String CONTENT="1932;" CS="1" HEIGHT="40" HPOS="490" VPOS="3944" WIDTH="112" />
<SP HEIGHT="39" HPOS="629" VPOS="3946" WIDTH="29" />
<String CONTENT="2c." HEIGHT="39" HPOS="659" VPOS="3946" WIDTH="66" />
<SP HEIGHT="41" HPOS="726" VPOS="3945" WIDTH="27" />
<String CONTENT="Aug." HEIGHT="49" HPOS="754" VPOS="3946" WIDTH="118" />
<SP HEIGHT="37" HPOS="873" VPOS="3949" WIDTH="27" />
<String CONTENT="16," HEIGHT="42" HPOS="901" VPOS="3948" WIDTH="67" />
<SP HEIGHT="40" HPOS="969" VPOS="3950" WIDTH="28" />
<String CONTENT="1933;" HEIGHT="47" HPOS="998" VPOS="3948" WIDTH="142" />
<SP HEIGHT="35" HPOS="1141" VPOS="3960" WIDTH="29" />
<String CONTENT="aff." HEIGHT="43" HPOS="1171" VPOS="3949" WIDTH="80" />
<SP HEIGHT="40" HPOS="1252" VPOS="3952" WIDTH="29" />
<String CONTENT="Aug." HEIGHT="46" HPOS="1282" VPOS="3952" WIDTH="118" />
<SP HEIGHT="38" HPOS="1401" VPOS="3953" WIDTH="28" />
<String CONTENT="14;" HEIGHT="45" HPOS="1430" VPOS="3953" WIDTH="81" />
<SP HEIGHT="44" HPOS="1512" VPOS="3954" WIDTH="32" />
<String CONTENT="A" HEIGHT="38" HPOS="1545" VPOS="3954" WIDTH="37" />
<SP HEIGHT="39" HPOS="1583" VPOS="3954" WIDTH="27" />
<String CONTENT="64744;" HEIGHT="44" HPOS="1611" VPOS="3954" WIDTH="169" />
<SP HEIGHT="40" HPOS="1781" VPOS="3958" WIDTH="31" />
<String CONTENT="Book" HEIGHT="39" HPOS="1813" VPOS="3958" WIDTH="133" />
<SP HEIGHT="39" HPOS="1947" VPOS="3958" WIDTH="28" />
<String CONTENT="club" HEIGHT="39" HPOS="1976" VPOS="3959" WIDTH="112" />
<SP HEIGHT="40" HPOS="2089" VPOS="3959" WIDTH="25" />
<String CONTENT="of" HEIGHT="39" HPOS="2115" VPOS="3960" WIDTH="50" />
</TextLine>
<TextLine HEIGHT="53" HPOS="239" VPOS="3996" WIDTH="635">
<String CONTENT="California." HEIGHT="44" HPOS="239" VPOS="3996" WIDTH="284" />
<SP HEIGHT="47" HPOS="524" VPOS="4001" WIDTH="71" />
<String CONTENT="(33-21732)" HEIGHT="48" HPOS="596" VPOS="4001" WIDTH="278" />
</TextLine>
</TextBlock>
</PrintSpace>
</Page>
</Layout>
</alto>