2484 4405
1062 4092 100 52 875

152 534 134 40 “List
311 534 52 39 of
390 530 325 43 references”:
744 540 43 37 p.
816 540 45 29 x.

86 591 50 51 ©
164 595 112 45 May
301 591 68 47 20,
397 591 139 45 1933;
565 590 66 38 2c.
659 589 95 38 and
781 585 82 42 aff.
891 588 114 46 May
1030 585 83 46 29;
1144 584 40 39 A
1211 582 169 46 62824;
1411 580 235 47 Carnegie
1674 579 304 39 endowment
2001 577 79 40 for

153 650 246 39 internatl.
431 656 157 39 peace.
659 643 280 49 (33-15521)

79 751 289 63 Fletcher,
393 749 254 55 William
673 747 226 53 Meade.

151 827 346 70 Cyclopedia
533 827 62 52 of
629 826 96 53 the
757 827 112 51 law
904 824 62 54 of
1003 822 226 70 private
1263 818 411 72 corporations,
1710 818 72 69 by
1819 815 260 58 William

78 897 2002 73 Meade Fletcher … Rev. and permanent ed. By Basil Jones
81 976 1976 157 and the publishers’ editorial staff … v, 20. Chicago, Callaghan and company, 1933.
156 1137 567 49 1 p. l., 587 p. 24½cm.
94 1192 50 48 ©
179 1196 116 40 July
326 1194 70 46 20,
429 1193 140 46 1933;
604 1193 68 41 2c.
706 1193 96 39 and
835 1190 81 41 aff.
951 1191 116 46 July
1099 1190 85 46 22;
1219 1189 40 39 A
1292 1189 170 45 64431;
1500 1187 272 47 Callaghan
1805 1185 37 40 &
1874 1196 68 30 co.

86 1298 216 64 Grand,
333 1297 252 54 Gordon.

163 1364 1862 70 Colonel Weatherford and his friends, by Gordon Grand …
91 1451 140 55 with
281 1449 287 68 drawings
613 1449 73 68 by
736 1448 56 54 J.
844 1447 189 54 Alden
1080 1446 387 53 Twachtman.
1552 1443 137 54 New
1740 1442 179 68 York,
1966 1442 122 52 The

93 1528 316 69 Derrydale
440 1545 172 50 press,
647 1528 150 52 1933.

160 1597 1075 51 6 p. l., 242 p., 1 l. front., plates. 24cm.
163 1652 1924 49 “Fourteen hundred and fifty copies … printed … at the Derrydale
89 1714 179 49 press.”

96 1771 52 52 ©
176 1777 114 45 May
314 1774 69 47 15,
410 1773 141 47 1933;
579 1772 66 40 2c.
675 1773 125 38 June
827 1772 52 41 8:
910 1770 82 41 aff.
1020 1770 127 40 June
1174 1770 52 46 9;
1257 1770 39 38 A
1323 1769 170 40 63093:
1524 1770 270 46 Derrydale
1823 1778 149 38 press,
2001 1768 90 39 inc.

174 1831 278 50 (33-15536)

91 1933 203 62 Hiller,
322 1934 219 51 Ernest
570 1931 320 54 Theodore.

164 2005 1927 72 Principles of sociology, by E. T. Hiller … New York and
95 2091 254 64 London,
377 2089 232 65 Harper
637 2090 45 49 &
707 2087 278 67 brothers,
1016 2089 151 50 1933.

167 2164 98 46 xix,
294 2162 83 41 661
407 2173 43 37 p.
507 2162 115 39 22cm.
691 2160 251 48 (Lettered
972 2171 61 29 on
1061 2169 163 31 cover:
1254 2159 234 48 Harper’s
1516 2159 150 40 social
1696 2158 185 41 science
1911 2159 175 48 series)

169 2220 161 40 “First
359 2218 226 41 edition.”

169 2277 244 41 “Selected
446 2274 365 48 bibliography”
845 2277 52 37 at
928 2275 91 39 end
1051 2274 52 39 of
1134 2275 119 38 each
1284 2275 201 47 chapter
1516 2276 170 45 except
1717 2273 201 47 chapter
1949 2284 144 32 xxxv.

101 2331 52 52 ©
182 2336 128 38 June
334 2335 40 46 1,
401 2333 139 47 1933;
571 2334 67 39 2c.
666 2334 126 38 June
819 2333 51 45 1;
902 2332 81 40 aff.
1013 2333 130 39 June
1166 2333 54 46 3;
1251 2333 41 38 A
1319 2331 170 48 62870;
1521 2333 193 47 Harper
1743 2333 36 39 &
1807 2334 124 39 bros.

183 2390 278 50 (33-15631)

97 2497 246 61 Jarrett,
371 2495 174 63 Mary
572 2493 323 56 Cromwell.

171 2569 1865 72 Chronic illness in New York city, by Mary C. Jarrett …
106 2653 155 66 [New
299 2650 179 67 York]
520 2650 142 52 Pub.
702 2650 92 52 for
830 2650 96 52 the
959 2650 260 53 Welfare
1255 2650 218 52 council
1510 2651 63 52 of
1609 2651 138 52 New
1785 2652 163 51 York
1982 2652 118 69 city

103 2731 72 66 by
204 2728 297 55 Columbia
528 2728 318 68 university
873 2746 174 51 press,
1075 2730 151 51 1933.

172 2803 28 39 2
267 2835 8 8 v.
341 2803 178 46 diagrs.
583 2801 117 41 24cm.
775 2801 299 50 (Half-title:
1112 2802 195 41 Studies
1344 2802 51 40 of
1430 2804 82 39 the
1549 2803 244 40 Research
1828 2803 185 41 bureau
2049 2806 52 40 of

105 2863 81 39 the
214 2860 216 42 Welfare
458 2858 186 41 council.
719 2870 74 29 no.
824 2858 50 48 5)

177 2919 128 38 “The
334 2917 187 48 picture
550 2917 256 47 presented
835 2917 42 39 is
906 2927 55 29 as
991 2917 51 39 of
1072 2917 82 40 the
1183 2927 117 36 year
1329 2916 128 40 1928.
1515 2916 394 49 Mimeographed
1938 2918 163 41 drafts

106 2973 1943 106 of sections of the study have been appearing since January, 1930 … One section [Vol. II, chap. 3]
108 3030 1994 108 … was printed in 1931 [and published under title: The care of the chronic sick in private homes for the aged
110 3146 47 40 in
182 3145 95 40 and
302 3155 118 30 near
445 3144 116 40 New
587 3144 130 40 York
742 3142 352 51 city]”—Pref.,
1121 3144 91 41 vol.
1261 3176 8 17 I,
1296 3155 43 39 p.
1365 3144 64 42 ix.

179 3203 370 41 Contents.—I.
585 3202 101 39 The
724 3203 239 46 problems
1001 3202 49 40 of
1087 3203 196 39 chronic
1320 3202 298 42 illness.—II.
1653 3205 103 41 The
1789 3215 113 32 care
1935 3207 51 39 of
2023 3208 83 40 the

110 3260 194 39 chronic
328 3259 102 40 sick
456 3260 59 46 by
540 3257 227 42 different
795 3261 136 45 types
957 3259 51 39 of
1033 3260 262 47 voluntary
1320 3271 194 37 agency.

116 3313 51 51 ©
203 3318 125 38 June
362 3316 68 47 10,
465 3316 140 46 1933;
641 3316 68 38 2c.
744 3317 118 38 each
896 3317 125 39 June
1084 3316 54 47 12;
1177 3317 81 40 aff.
1294 3318 128 40 June
1453 3320 81 46 13;
1572 3320 44 40 A
1648 3320 142 41 62955;
1856 3321 249 41 Columbia

183 3373 128 40 univ.
340 3383 148 37 press.
562 3372 279 49 (33-15627)

110 3463 249 63 Kimble,
387 3463 190 64 Ralph
603 3463 72 56 A.

185 3538 509 54 Commemorative
737 3545 236 64 postage
1014 3546 217 64 stamps
1275 3542 64 52 of
1380 3544 99 52 the
1518 3543 218 55 United
1783 3543 206 71 States,
2032 3547 76 70 by

116 3616 1888 75 Ralph A. Kimble … New York, Grosset & Dunlap [1933]
188 3687 1241 52 xiii p., 1 l., 350 p. front., plates, ports. 21cm.
189 3744 162 41 “First
375 3744 230 48 printing,
634 3745 125 49 May,
789 3746 157 42 1933.”

192 3800 159 41 “With
381 3812 87 29 one
496 3812 53 29 or
574 3804 95 37 two
696 3803 279 47 exceptions
1002 3805 81 39 the
1112 3806 184 46 stamps
1322 3806 147 40 taken
1498 3816 63 38 up
1588 3808 114 41 here
1730 3810 123 39 have
1880 3809 118 41 been
2030 3811 81 40 the

121 3856 188 47 subject
349 3858 52 38 of
440 3859 80 38 the
560 3858 465 46 nationally-known
1068 3858 167 50 Stamp
1275 3862 131 40 talks
1446 3863 259 41 broadcast
1747 3864 124 41 from
1915 3866 195 47 WMAQ

123 3912 44 39 in
198 3912 207 46 Chicago
432 3924 112 29 ever
570 3914 129 40 since
725 3915 17 38 3
755 3914 376 43 930.”—Introd.

125 3966 50 51 ©
210 3970 124 39 June
365 3971 39 43 1,
437 3971 139 41 1933:
610 3972 67 41 2c.
710 3974 94 38 and
838 3973 81 42 aff.
952 3975 125 38 June
1110 3976 53 40 3:
1199 3975 39 38 A
1271 3976 170 46 62860;
1478 3977 198 41 Grosset
1710 3979 35 39 &
1779 3980 208 46 Dunlap,
2021 3980 90 41 inc.

202 4026 253 40 (33-15523)
