2597 4403
1331 4065 103 52 218

425 463 197 67 Japan
654 481 194 35 versus
878 463 98 53 the
1004 463 198 53 world.

439 537 81 48 (In
551 533 323 43 Manchester
905 533 149 53 Daily
1085 533 247 52 dispatch,
1363 532 122 45 Feb.
1513 535 41 50 2,
1588 534 145 51 1933)

362 590 2017 54 © 1c. Apr. 1, 1933; A ad int. 17646; pubd. Feb. 2; S. King-Hall, Headley,
429 651 178 47 Hants,
638 652 240 48 England.

357 755 297 66 Kingdon,
685 755 221 58 Frank.

431 831 189 56 When
653 832 302 71 half-gods
988 852 73 51 go
1117 832 93 71 [by]
1250 833 202 54 Frank
1482 833 299 70 Kingdon.
1853 833 141 54 New
2030 833 182 69 York,
360 832 2001 133 Cincinnati

632 916 121 63 [etc.]
789 911 123 54 The
940 911 320 70 Abingdon
1287 929 161 52 press
1482 945 13 35 [
1500 918 18 22 c
1523 914 154 67 1933]

428 984 88 41 206
545 995 45 38 p.
651 984 58 42 19½
741 988 45 21 cm
790 1017 9 9 .

364 1040 52 52 ©
442 1044 112 40 Feb.
578 1046 71 48 14,
674 1044 142 48 1933;
842 1044 67 41 2c.
937 1046 95 40 and
1058 1044 82 41 aff.
1166 1045 113 41 Feb.
1304 1045 83 47 15;
1415 1045 41 39 A
1480 1044 171 48 59432;
1680 1045 53 42 F.
1758 1044 242 50 Kingdon,
2027 1046 121 39 East
2176 1044 206 48 Orange,

431 1102 57 41 N.
518 1102 44 40 J.
634 1101 255 51 (33-4923)

358 1203 262 68 Kipling,
653 1207 306 64 Rudyard,
995 1210 174 52 1865-

429 1284 123 53 The
605 1284 103 53 fox
761 1284 322 69 meditates,
1134 1286 76 67 by
1263 1286 281 69 Rudyard
1598 1285 266 70 Kipling.
1940 1285 238 56 Garden
2231 1285 136 70 City

358 1365 71 52 N.
461 1367 91 67 Y.,
579 1365 361 69 Doubleday,
970 1367 198 52 Doran
1196 1370 48 50 &
1269 1382 301 52 company,
1598 1365 128 69 inc.,
1756 1368 153 51 1933.

433 1440 28 40 2
486 1451 43 37 p.
581 1471 23 17 l.,
631 1440 99 47 3-4,
763 1441 55 49 [1]
848 1451 43 38 p.
949 1440 56 40 19
1006 1442 47 22 cm
1058 1474 9 8 .

432 1498 160 40 Poem.

365 1551 52 51 ©
450 1556 110 38 Jan.
591 1555 70 46 25,
692 1554 142 47 1933;
867 1553 68 41 2c.
967 1556 97 38 and
1095 1554 84 41 aff.
1211 1555 111 40 Jan.
1353 1554 83 47 26;
1471 1554 42 39 A
1543 1554 171 47 60023;
1750 1555 56 39 R.
1838 1554 216 48 Kipling,
2087 1553 298 50 Bateman’s,

435 1612 256 47 Burwash,
727 1611 195 48 Sussex,
953 1611 240 48 England,
1266 1611 13 43 (CA
1367 1610 180 41 33-129
1563 1611 237 48 Unrev’d)

364 1715 213 67 Leary,
608 1715 194 55 Lewis
833 1717 247 64 Gaston,
1112 1717 174 54 1877-

433 1795 298 54 Problems
769 1797 65 53 of
871 1794 465 70 Protestantism,
1371 1795 77 69 by
1483 1796 187 53 Lewis
1708 1795 221 56 Gaston
1966 1797 204 67 Leary.
2246 1796 139 53 New

365 1874 180 69 York,
574 1876 68 53 R.
671 1875 80 53 M.
780 1875 281 53 McBride
1088 1879 46 50 &
1162 1893 300 50 company,
1495 1879 151 50 1933.

434 1950 88 40 310
553 1960 43 38 p.
657 1948 56 40 21½
746 1951 45 21 cm
797 1982 8 8 .

437 2007 236 40 “Notes”:
715 2019 43 37 p.
798 2006 220 41 298-310.

369 2062 52 52 ©
450 2066 113 42 Feb.
591 2066 69 47 15,
690 2066 142 47 1933;
863 2065 68 42 2c.
961 2065 113 41 Feb.
1102 2064 83 48 16;
1217 2064 84 42 aff.
1331 2064 112 42 Feb.
1473 2065 82 47 17;
1588 2065 41 39 A
1658 2063 171 49 59559;

1862 2065 52 40 L.
1945 2064 53 41 G.
2028 2064 172 48 Leary,
436 2062 1934 110 Elizabeth,
597 2124 55 39 N.
686 2124 44 40 J.
801 2122 254 48 (33-5321)

361 2228 267 67 Lindley,
663 2228 184 58 Alice.

431 2307 273 67 Mundy’s
730 2307 176 68 child,
932 2325 32 34 a
988 2324 265 35 romance
1278 2305 65 53 of
1369 2306 286 70 everyday
1680 2305 126 69 life,
1830 2306 75 70 by
1930 2305 168 54 Alice
2121 2305 265 71 Lindley.

361 2388 141 53 New
531 2386 180 68 York,
738 2387 193 68 Dodd,
957 2387 173 53 Mead
1156 2391 45 50 &
1229 2405 302 50 company,
1561 2389 152 53 1933.

439 2460 603 50 x p., 1 l., 231 p. 19 cm .
371 2516 52 52 ©
454 2520 112 40 Feb.
595 2519 70 46 24,
696 2517 142 49 1933;
870 2518 68 42 2c.
968 2517 113 43 Feb.
1111 2518 84 47 27;
1227 2517 84 42 aff.
1341 2517 112 41 Feb.
1483 2517 84 48 28;
1601 2519 40 38 A
1671 2516 172 49 59693;
1877 2517 154 48 Dodd,
2064 2518 143 39 Mead
2240 2517 36 40 &
2307 2524 82 41 co,

439 2577 92 40 inc.
603 2575 253 49 (33-1985)

363 2681 228 65 Lingel,
621 2682 225 53 Robert
874 2681 54 56 J.
960 2682 62 54 C.

438 2758 387 53 Educational
881 2756 428 71 broadcasting,
1366 2777 31 34 a
1456 2758 411 69 bibliography
1930 2758 302 69 [Compiled
2289 2758 76 68 by]

369 2836 2019 70 Robert Lingel … Chicago, Ill., The University of Chicago
369 2936 156 50 press
565 2921 173 65 [1932]

475 3022 8 16 X,
518 2990 85 41 162
636 3002 43 37 p.
741 2990 117 42 23cm.

439 3048 256 47 Arranged
729 3048 155 40 under
916 3047 217 48 subjects
1165 3047 121 41 with
1320 3048 182 40 author
1535 3047 96 41 and
1664 3046 189 48 subject
1887 3047 217 40 indexes.

438 3105 120 40 This
588 3106 86 40 list
703 3106 336 48 incorporates
1069 3104 382 49 bibliographies
1481 3105 237 48 compiled
1748 3106 80 39 for
1858 3105 82 40 the
1970 3104 260 41 American
372 3115 2000 89 association

581 3164 78 39 for
687 3164 141 39 adult
855 3163 260 41 education
1144 3164 61 47 by
1233 3162 241 49 Levering
1497 3163 164 48 Tyson
1687 3163 96 40 and
1811 3162 45 41 J.
1885 3163 64 41 M.
1977 3162 195 41 Russell
2203 3163 96 40 and
2328 3162 61 48 by

373 3221 80 40 the
481 3221 157 40 Radio
665 3220 229 41 institute
921 3222 53 39 of
1002 3220 122 42 Ohio
1152 3223 130 38 state
1309 3219 287 49 university,
1661 3221 62 48 cf.
1752 3221 186 40 Introd.

443 3277 1946 50 “Radio law: a bibliography … a revision of the one which appeared
372 3334 2019 50 in 1 Journal of radio law 178-89. April, 1931 … Compiled by Arthur
374 3394 69 40 W.
477 3392 287 43 Scharfeld”
784 3404 9 30 :
825 3405 43 38 p.
898 3393 218 42 123-147.

375 3448 52 52 ©
457 3452 110 40 Dec.
597 3452 69 47 20,
695 3451 142 48 1932;
867 3451 69 42 2c.
965 3454 95 38 and
1090 3451 83 41 aff.
1202 3452 112 40 Jan.
1342 3452 69 47 27,
1442 3452 141 46 1933;
1615 3453 40 38 A
1683 3451 171 48 59169;

1888 3451 285 50 University
2202 3452 52 41 of
443 3450 1930 106 Chicago,
608 3508 224 47 Chicago.
904 3509 283 49 (33-27007)

371 3613 550 64 Lucas-Dubreton,
954 3614 169 55 Jean.

501 3687 1884 72 … La grande peur de 1832 (le choléra et l’émeute) … [Paris]
372 3766 558 70 Gallimard [ c 1932]
442 3841 28 38 4
509 3851 43 38 p.
612 3873 23 17 l.,
679 3840 210 51 [11]-250
924 3852 57 38 p.,
1023 3842 25 38 2
1109 3873 8 8 l.
1185 3841 57 41 19
1245 3843 45 22 cm
1294 3874 8 8 .
1381 3841 99 46 (On
1519 3850 157 33 cover:
1716 3841 92 41 Les
1846 3840 233 42 histoires
372 3840 2000 105 extraordinaires)

443 3955 64 40 At
532 3955 125 40 head
685 3955 53 40 of
763 3955 137 41 title:
931 3955 44 42 J.
1002 3955 446 42 Lucas-Dubreton.
