2484 4405
1035 4100 132 49 1581

110 455 274 62 Stewart,
414 452 197 53 Frank
642 454 199 53 Mann.

177 529 121 52 The
339 528 369 53 constitution
753 530 111 51 and
907 534 371 63 government
1319 527 65 53 of
1425 528 202 66 Texas,
1667 526 76 69 by
1785 526 198 53 Frank
2024 527 81 52 M.

109 604 1997 70 Stewart … and Joseph L. Clark … Rev. Boston, New York
129 684 1192 67 [etc.] D. C. Heath and compan [ c 1988]
175 758 716 48 4 p. l., 170, 86, iv p. 22c m .
178 813 347 42 “Réferences”
554 818 51 37 at
633 816 90 39 end
753 814 52 41 of
832 815 117 40 each
977 815 215 47 chapter.

111 884 51 52 ©
190 889 118 39 Nov.
337 888 38 47 1,
406 888 140 45 1933;
577 888 65 39 2c.
674 889 94 38 and
799 887 82 41 aff.
911 888 116 39 Nov.
1059 886 52 48 6;
1144 888 41 38 A
1213 886 170 47 66914;
1417 887 56 39 D.
1506 887 47 40 C.
1585 888 163 38 Heath
1780 886 36 40 &
1844 897 68 29 co.

189 945 277 47 (33-32737)

108 1048 196 64 Stock,
334 1049 199 63 Harry
562 1047 275 56 Thomas.

177 1123 209 69 Young
422 1124 200 67 people
657 1125 111 51 and
804 1124 150 52 their
987 1125 219 52 leaders
1246 1125 108 67 [by]
1395 1125 198 66 Harry
1628 1122 248 54 Thomas
1914 1122 189 56 Stock.

110 1203 230 66 Boston,
369 1202 269 69 Chicago,
667 1202 242 53 Printed
940 1202 94 52 for
1061 1203 94 52 the
1185 1201 351 69 Leadership
1564 1199 258 71 training
108 1200 1969 148 publishing

232 1279 1246 70 association by the Pilgrim press [ c 1988]
177 1354 85 40 167
287 1365 43 37 p.
391 1355 55 39 17½c
495 1356 27 20 m
527 1385 8 9 .

178 1410 240 42 “Editor’s
447 1411 358 41 introduction”
836 1411 166 49 signed
1022 1422 8 29 :
1063 1411 165 40 Erwin
1258 1411 50 40 L.
1341 1410 197 50 Shaver,
1568 1409 265 50 chairman,
1864 1409 239 42 Editorial

107 1470 95 39 and
230 1468 307 41 educational
566 1469 196 40 section.

178 1526 348 48 Bibliography
553 1529 51 37 at
631 1527 91 39 end
750 1526 52 39 of
827 1527 118 39 each
973 1525 215 47 chapter.

112 1580 52 52 ©
193 1584 101 41 Oct.
320 1585 70 46 20,
418 1584 112 40 1933;
587 1585 66 39 2c.
685 1584 101 40 Oct.
813 1584 56 40 23;
925 1583 83 40 aff.
1037 1584 102 39 Oct.
1168 1584 55 38 24;
1281 1584 41 38 A
1349 1584 142 40 65773;
1551 1584 60 39 H.
1640 1584 52 40 T.
1724 1583 157 43 Stock,
1912 1584 196 39 Boston.

186 1641 279 48 (33-33278)

107 1746 198 63 Stone,
335 1743 196 66 Louis,
565 1744 171 53 1871-

174 1820 290 68 Larrikin,
503 1822 77 67 by
621 1820 174 54 Louis
839 1821 190 55 Stone.
1107 1822 140 52 New
1291 1822 181 66 York,
1513 1823 69 50 R.
1626 1823 165 66 Long
1832 1824 46 50 &
1919 1823 69 51 R.
2031 1822 70 52 R.

104 1898 207 68 Smith,
344 1900 127 65 inc.,
510 1902 152 50 1938.

177 1971 86 41 308
296 1983 42 38 p.
399 1970 55 41 20c
474 1974 28 20 m
506 2003 9 9 .

111 2026 1996 52 © Nov. 6, 1933 : 2c. and aff. Nov. 15; A 68094; Ray Long & Richard R.
182 2087 169 46 Smith,
384 2086 89 40 inc.
549 2086 279 48 (33-33266)

106 2189 309 64 Strachey,
449 2187 160 56 Giles
638 2189 243 64 Lytton,
914 2192 325 50 1880-1932.

182 2267 335 55 Characters
566 2269 112 51 and
723 2267 445 66 commentaries,
1212 2267 75 68 by
1334 2271 214 64 Lytton
1598 2268 292 68 Strachey.
1966 2271 134 51 New

110 2344 177 66 York,
315 2345 309 65 Harcourt,
653 2348 179 51 Brace
862 2348 113 52 and
1003 2364 281 50 company
1318 2381 12 33 [
1335 2353 18 21 c
1358 2351 152 63 1933]

178 2418 871 49 xi, 301 p. front. (port.) 22½c m .
179 2475 195 48 Essays.

181 2531 163 42 “First
371 2531 225 42 edition.”

111 2584 1995 55 © Nov. 2, 1933; 2c. and aff. Nov. 7; A 67001; James Strachey, London.
189 2647 278 48 (33-33046)

105 2749 233 64 Taylor,
367 2750 280 56 Maurice.

239 2825 1863 69 … The social cost of industrial insurance. New York, A. A.
109 2902 220 68 Knopf,
357 2906 147 49 1933.

177 2974 1547 53 3 p. l. , [V]-xx p., 2 l., [3]-421, xviii p., 1 l. diagrs. 21c m .
177 3030 161 42 “First
371 3031 224 42 edition.”

177 3087 347 50 Bibliography
543 3101 9 28 :
587 3101 43 36 p.
670 3089 247 50 [349]-381.

112 3143 1995 57 © Nov. 13, 1933: 2c. Nov. 15: aff. Nov. 14; A 68089: M. Taylor, Boston.
188 3206 279 48 (33-27376)

106 3309 179 65 Todd,
317 3310 189 54 David
540 3312 172 63 Peck,
749 3315 170 49 1855-

176 3385 121 53 The
323 3393 158 62 story
507 3388 62 53 of
594 3388 97 53 the
715 3396 190 60 starry
933 3389 260 54 universe;
1252 3390 96 53 the
1374 3390 211 53 science
1614 3389 63 54 of
107 3396 1996 118 astronomy—the
238 3463 129 67 size,
403 3465 261 66 motions,

705 3467 237 53 relative
979 3468 280 67 positions
1299 3469 112 51 and
1450 3469 161 52 other
1649 3469 353 67 phenomena
2041 3467 63 54 of

108 3539 1995 75 the heavenly bodies, by David Todd … with additions by
107 3615 1987 76 Adam Ward. New York, P. F. Collier & son company [ c 1933]
179 3689 1926 58 2 p. l. , 3-416 p. col. front., plates, ports. 20cm. (Added t.-p: Popular
110 3745 1479 55 science library, editor-in-chief, G. P. Serviss … v. 2)
182 3803 329 50 Frontispiece
538 3807 340 48 accompanied
907 3809 59 47 by
994 3811 155 47 guard
1180 3810 133 41 sheet
1341 3811 119 39 with
1488 3811 291 48 descriptive
1807 3812 296 50 letterpress.

180 3860 286 43 Illustrated
502 3863 361 50 lining-papers.

113 3914 51 52 ©
193 3919 116 40 Nov.
339 3920 39 45 2,
407 3920 139 46 1933;
577 3921 67 40 2c.
673 3922 116 39 Nov.
820 3921 81 46 10;
935 3921 79 41 aff.
1046 3923 118 39 Nov.
1195 3924 80 40 11;
1308 3924 41 38 A
1378 3924 169 41 67054;
1582 3926 50 39 P.
1664 3925 50 42 F.
1746 3925 181 41 Collier
1954 3926 36 40 &
2019 3937 86 29 son

178 3986 67 29 co.
309 3972 71 52 [©
405 3987 104 29 new
538 3979 105 38 text
670 3979 94 38 and
794 3978 329 40 illustrations
1151 3980 95 39 and
1277 3978 226 51 revision]

189 4031 279 51 (33-33255)
