2597 4403
1405 4086 67 50 94

466 486 28 39 5
530 495 43 38 p.
633 514 23 16 l.,
695 483 146 40 9-114
878 493 43 37 p.
986 482 58 39 24½
1077 483 44 22 cm
1126 513 9 8 .
1211 481 127 48 (The
1375 479 156 42 Johns
1569 477 224 50 Hopkins
1830 477 274 49 university
2142 475 190 45 studies
2367 478 52 41 in

395 535 1346 52 historical and political science … ser. LI, no. 1)
469 598 175 40 Issued
676 597 105 40 also
815 607 55 30 as
904 594 155 43 thesis
1087 594 110 49 (PH.
1263 594 35 48 D.)
1342 593 156 41 Johns
1532 592 224 49 Hopkins
1790 590 287 49 university.

467 654 380 49 Bibliography:
878 664 44 38 p.
951 651 218 42 109-111.

403 708 52 53 ©
484 713 112 40 Jan.
623 712 41 48 6,
692 711 142 48 1933;
863 711 69 40 2c.
961 711 97 40 and
1086 708 83 42 aff.
1198 709 112 40 Jan.
1337 707 83 49 10;
1451 708 42 40 A
1520 707 171 49 58770;
1723 708 160 41 Johns
1907 706 227 50 Hopkins
2160 716 153 40 press.

482 769 253 50 (33-2834)

399 860 373 67 Henderson,
802 859 237 66 Junius,
1073 864 173 51 1865-

468 932 1955 73 Economic mammalogy, by Junius Henderson … and Elberta
399 1010 2025 75 L. Craig … Springfield, Ill., Baltimore, Md., C. C. Thomas,
401 1097 152 51 1932.

468 1177 34 30 x
528 1176 59 39 p.,
617 1165 30 41 2
694 1196 26 19 l.,
745 1164 148 43 3-397
922 1176 59 39 p.,
1009 1165 27 41 1
1086 1197 9 9 l.
1152 1164 58 41 25
1212 1166 45 22 cm
1262 1196 10 10 .

470 1223 383 50 Bibliography:
886 1233 45 38 p.
963 1220 265 53 [348]-373;
1259 1220 407 51 bibliographical
1693 1221 281 43 foot-notes.

407 1280 52 53 ©
493 1284 121 41 Nov.
647 1284 70 48 18,
751 1282 143 49 1932;
928 1283 69 41 2c.
1032 1282 112 42 Jan.
1179 1281 70 49 16,
1285 1280 141 49 1933;
1464 1281 81 41 aff.
1583 1282 110 41 Jan.
1729 1281 83 49 23;
1848 1280 43 41 A
1924 1280 173 50 59111;
2136 1280 207 43 Charles
2376 1280 51 43 C.

474 1342 227 41 Thomas.
773 1340 254 50 (33-2881)

401 1432 271 66 Henney,
705 1430 206 67 Keith,
945 1434 173 51 1896-
1333 1430 88 55 ed.

473 1510 123 53 The
641 1508 166 55 radio
855 1507 372 70 engineering
1272 1506 323 70 handbook,
1643 1506 283 69 prepared
1973 1506 76 69 by
2098 1528 31 33 a
2177 1503 136 56 staff
2362 1505 65 54 of

404 1582 2026 74 twenty-two specialists; Keith Henney, editor-in-chief … 1st
403 1664 85 54 ed.
553 1664 139 56 New
722 1663 164 54 York
914 1664 114 54 and
1053 1663 259 69 London,
1338 1661 433 57 McGraw-Hill
1800 1661 148 55 book
1976 1680 298 52 company,
2299 1663 131 69 inc.,

407 1746 151 51 1933.

473 1826 48 38 x,
550 1814 87 42 583
666 1825 46 39 p.
768 1812 146 51 illus.,
945 1812 182 51 diagrs.
1185 1813 58 42 18½
1275 1815 46 23 m
1324 1845 11 11 .

475 1872 354 49 Bibliography
860 1874 55 39 at
945 1873 94 40 end
1070 1871 53 43 of
1153 1881 132 32 some
1316 1870 54 43 of
1399 1871 84 42 the
1514 1870 226 44 sections.

410 1930 52 52 ©
491 1934 111 40 Jan.
626 1934 43 47 4,
694 1932 144 48 1933;
866 1932 69 42 2c.
963 1933 97 39 and
1087 1931 83 41 aff.
1199 1931 111 41 Jan.
1338 1931 54 49 6;
1421 1931 42 40 A
1489 1931 172 48 57751;
1692 1931 356 41 McGraw-Hill
2074 1931 126 41 book
2226 1942 83 37 co.,
2338 1930 93 43 inc.

488 1990 253 50 (33-2878)

406 2081 274 66 Herrick,
709 2081 250 57 Charles
983 2081 250 66 Judson,
1264 2086 174 51 1868-

478 2158 1951 71 The thinking machine, by C. Judson Herrick … 2d ed.
409 2239 274 69 Chicago,
711 2239 115 69 Ill.,
852 2240 124 53 The
1001 2239 342 69 University
1370 2237 64 55 of
1463 2238 253 70 Chicago
1744 2257 159 51 press
1935 2273 14 35 [
1953 2245 18 22 c
1977 2243 135 50 1932
2116 2273 14 34 ]

480 2312 86 50 xii,
594 2314 87 40 374
708 2324 44 38 p.
812 2313 130 41 illus.
1003 2312 58 41 20
1064 2314 43 22 cm
1112 2345 10 9 .

484 2370 306 49 “Readings”
820 2373 52 38 at
899 2371 93 40 end
1019 2371 52 39 of
1097 2372 126 39 most
1251 2371 52 39 of
1330 2370 83 42 the
1441 2370 242 48 chapters.

415 2425 2022 54 © Oct. 25, 1932; 2c. Jan. 18, 1933; aff. Jan. 16; A 57990; University of
484 2487 226 49 Chicago,
741 2486 226 49 Chicago.
1038 2486 285 50 (32-28144)

412 2585 372 63 Heyneman,
815 2583 156 54 Julie
1001 2584 207 54 Helen.

481 2659 228 55 Arthur
743 2661 272 68 Putnam,
1050 2658 275 70 sculptor,
1359 2658 75 70 by
1470 2658 159 55 Julie
1664 2659 188 55 Helen
1886 2659 355 69 Heyneman.
2316 2657 115 56 San

413 2736 324 69 Francisco,
773 2737 196 69 Calif.,
1004 2737 229 54 Johnck
1265 2738 46 51 &
1347 2736 226 70 Seeger,
1611 2740 150 51 1932.

485 2809 28 40 5
533 2820 45 38 p.
625 2841 23 18 l.,
671 2809 90 42 viii
785 2820 59 39 p.,
870 2810 26 39 1
943 2841 24 18 l.,
991 2808 100 51 190,
1119 2810 55 50 [3]
1202 2820 44 38 p.
1299 2811 166 48 front.,
1490 2810 146 49 illus.,
1660 2812 174 48 plates,
1860 2813 151 47 ports.
2072 2811 56 40 24½c
2177 2813 29 21 m
2211 2844 9 8 .

486 2866 1950 51 “Five hundred copies printed … October, nineteen hundred and
415 2924 1124 49 thirty-two … This copy is number 107.”
420 2987 52 53 ©
503 2992 120 41 Nov.
653 2991 71 47 22,
755 2990 143 49 1932;
930 2990 69 41 2c.
1030 2990 112 41 Jan.
1173 2989 41 49 9,
1245 2989 144 48 1933;
1423 2989 83 43 aff.
1539 2990 112 41 Jan.
1681 2990 85 49 23;
1799 2990 43 41 A
1872 2989 173 50 59120;
2080 2991 46 42 J.
2156 2992 63 40 H.
487 2992 1935 104 Heyneman,

647 3049 100 40 San
776 3047 277 42 Francisco.
1124 3046 254 51 (33-2950)

417 3151 273 67 Holland,
720 3151 206 68 Edith,
956 3158 172 50 1898-

486 3231 342 69 Dangerous
852 3248 217 52 corner,
1094 3250 32 35 a
1150 3232 167 53 novel
1340 3232 76 68 by
1439 3232 162 53 Ruth
1623 3232 262 54 Holland
1910 3233 114 53 and
2047 3233 57 54 J.
2129 3234 69 52 B.
417 3231 1997 148 Priestley.

601 3309 236 56 Garden
869 3308 153 71 City,
1054 3312 71 53 N.
1157 3312 92 67 Y.,
1281 3309 360 70 Doubleday,
1672 3312 201 53 Doran
1903 3314 47 51 &
1980 3329 300 51 company,
2312 3310 126 68 inc.,

421 3392 150 50 1933.

491 3462 69 41 vii
588 3472 58 39 p.,
675 3463 26 39 1
750 3493 24 18 l.,
802 3462 86 41 273
916 3473 44 38 p.
1020 3461 60 42 20
1080 3464 45 23 cm
1130 3494 8 9 .

493 3519 167 40 Taken
685 3520 130 39 from
841 3520 83 40 the
950 3520 114 48 play
1089 3520 53 41 of
1168 3520 83 41 the
1277 3529 135 31 same
1437 3530 143 30 name
1605 3520 63 48 by
1692 3520 44 41 J.
1763 3521 55 43 B.
1844 3519 273 49 Priestley.,
2161 3520 62 49 cf.
2250 3520 130 41 Pref.

493 3576 165 42 “First
688 3576 231 42 edition.”

427 3638 52 52 ©
512 3644 109 39 Jan.
653 3645 41 46 3,
725 3643 113 40 1933;
900 3644 67 40 2c.
1001 3645 97 39 and
1129 3643 82 40 aff.
1245 3643 113 41 Feb.
1389 3642 53 48 2;
1476 3643 42 39 A
1548 3642 172 49 59245;
1754 3644 303 48 Doubleday,
2090 3644 169 39 Doran
2290 3649 38 40 &
2358 3653 84 40 co.,

494 3699 93 42 inc.
661 3699 253 51 (33-2864)

426 3800 312 68 Horwood,
767 3804 251 64 Murray
1046 3802 215 66 Philip,
1293 3808 173 51 1892-

495 3879 1880 71 The sanitation of water supplies, by Murray P. Horwood …
428 3954 376 73 Springfield,
839 3959 113 68 Ill.,
989 3960 337 68 Baltimore,
1360 3960 142 68 Md.,
1539 3961 65 56 C.
1641 3960 63 56 C.
1739 3961 268 66 Thomas,
2045 3963 152 51 1932.
