2582 4453
1331 4156 137 54 1210

467 526 128 41 “The
621 526 159 49 origin
807 527 96 40 and
932 528 136 47 early
1096 528 190 48 history
1314 528 51 41 of
1390 529 83 41 the
1500 530 459 41 doctrine.”—Pref.

394 579 52 53 ©
481 584 119 48 Aug.
637 586 68 42 15,
743 585 140 41 1933;
922 585 66 40 2c.
1025 586 120 47 Aug.
1183 586 81 46 10;
1303 586 82 41 aff.
1422 587 119 48 Aug.
1579 586 81 48 19;
1699 588 41 38 A
1777 587 170 41 64785;

1987 587 253 40 Columbia
2317 586 93 41 univ.

462 652 149 38 press.
685 642 283 49 (33-23037)

389 731 276 72 Berners,
695 736 257 68 Juliana,
981 740 184 68 dame,
1195 740 48 53 b.
1274 740 169 54 1388?
1477 742 287 67 supposed
1793 741 225 55 author.

465 816 55 51 A
542 815 230 56 treatise
799 836 72 33 on
894 815 211 71 fishing
1127 817 140 52 with
1294 841 30 33 a
1349 817 167 67 hook,
1543 817 316 55 attributed
1882 825 58 47 to
1966 817 179 54 Dame
2173 817 245 55 Juliana

396 894 261 69 Berners,
690 894 230 69 printed
957 896 58 52 in
1049 896 121 53 The
1204 896 144 53 book
1382 897 63 52 of
1479 896 169 55 Saint
1682 896 220 55 Albans
1934 896 75 69 by
2043 896 266 69 Wynken
2344 897 75 52 de

393 973 230 67 Worde,
1116 1019 11 24 MCCCCLXXXXVI,
1165 975 114 53 and
1315 975 273 54 rendered
1625 977 121 52 into
1781 974 237 55 modern
2053 975 248 69 English
2337 975 84 70 by

394 1052 259 53 William
693 1053 130 54 Van
860 1053 201 70 Wyck,
1437 1096 10 9 MCMXXXIII.
1545 1054 138 54 [New
1725 1054 180 68 York,
1941 1054 121 55 The
2102 1054 130 52 Van
2272 1054 141 53 Rees

394 1149 174 50 press,
602 1135 176 65 c1933]

466 1204 55 40 54
550 1215 44 39 p.
625 1205 109 40 incl.
766 1206 164 45 front.,
962 1206 128 40 illus.
1152 1205 146 41 19½cm.

396 1262 52 53 ©
478 1268 118 47 July
621 1267 70 47 28,
721 1267 112 41 1933;
892 1268 68 40 2c.
989 1267 117 49 July
1133 1268 56 40 29;
1247 1268 83 40 aff.
1359 1268 119 48 Aug.
1509 1268 25 39 8;
1592 1269 41 38 A
1661 1268 145 40 64748;

1864 1269 219 39 William
2111 1269 107 39 Van
2248 1268 166 48 Wyck,

466 1325 118 39 New
614 1325 147 40 York.
833 1325 283 49 (33-23057)

389 1419 244 67 Bohlen,
666 1421 247 55 Francis
942 1423 327 65 Hermann,
1305 1425 173 50 1868-
1621 1423 83 53 ed.

461 1502 56 52 A
543 1501 164 53 short
731 1501 268 53 selection
1027 1501 63 52 of
1116 1520 151 34 cases
1295 1521 72 34 on
1392 1503 96 51 the
1515 1503 111 52 law
1654 1501 62 54 of
1741 1507 166 61 torts,
1933 1501 259 68 selected,
2219 1501 193 53 edited

393 1580 2017 69 and arranged by Francis H. Bohlen … assisted by Fowler V.
389 1659 1998 63 Harper … Indianapolis, The Bobbs-Merrill company [c1933]
461 1735 97 46 xvi,
589 1735 86 40 765
705 1745 43 38 p.
808 1734 118 41 26cm.

397 1788 53 52 ©
479 1793 117 40 July
624 1792 71 41 30.
725 1792 141 41 1933;
899 1792 65 40 2c.
1001 1792 129 47 Sept.
1160 1793 51 37 1:
1246 1791 81 40 aff.
1363 1791 127 48 Sept.
1521 1792 54 41 2;
1609 1791 40 39 A
1680 1790 171 47 64900;
1885 1788 372 42 Bobbs-Merrill
2288 1800 74 30 co.

478 1849 283 49 (33-23032)

389 1941 262 64 Boileau,
678 1942 142 52 Mrs.
852 1940 196 55 Ethel.

460 2020 56 52 A
549 2036 112 52 gay
694 2018 229 70 family,
955 2019 75 66 by
1062 2018 174 53 Ethel
1271 2017 255 54 Boileau.
1598 2019 140 52 New
1772 2017 181 66 York,
1986 2018 68 51 E.
2085 2018 66 54 P.
2185 2017 233 52 Dutton

389 2104 46 49 &
462 2118 98 49 co.,
586 2100 127 66 inc.,
744 2103 152 49 1933.

464 2174 27 40 5
517 2185 42 37 p.
625 2205 9 16 l.,
665 2174 177 40 13-288
867 2184 43 37 p.
969 2172 148 41 19½cm.

466 2233 69 38 “A
561 2242 92 38 gay
679 2230 204 48 family"
912 2231 44 40 is
980 2230 257 49 published
1265 2229 51 39 in
1343 2230 225 46 England
1594 2230 158 38 under
1777 2229 82 40 the
1888 2228 111 40 title
2027 2223 388 51 “Turnip-tops".

467 2290 163 40 “First
659 2288 229 41 edition.”

398 2342 52 53 ©
484 2346 128 49 Sept.
642 2348 39 41 1,
713 2347 141 45 1933;
887 2346 66 39 2c.
987 2346 94 39 and
1113 2344 83 41 aff.
1231 2345 129 47 Sept.
1391 2344 52 42 6;
1477 2343 42 39 A
1549 2342 171 47 64914;
1755 2344 53 39 E.
1840 2343 51 38 P.
1922 2343 190 38 Dutton
2143 2342 39 39 &
2209 2350 67 31 co.,
2324 2340 89 40 inc.

475 2404 284 49 (33-22937)

390 2495 268 66 Borsodi,
685 2495 212 64 Ralph.

392 2565 2022 157 Flight from the city; the story of a new way to family security, by Ralph Borsodi … New York and London, Harper &
390 2732 280 67 brothers,
699 2735 154 50 1933.

463 2819 64 29 xv
553 2818 58 38 p.,
638 2807 25 39 1
725 2838 8 17 l.,
761 2805 85 41 194
872 2817 43 38 p.
976 2806 165 48 front.,
1168 2806 172 49 plates,
1369 2814 125 38 map,
1522 2804 129 48 plan.
1711 2802 120 41 21cm.

465 2866 165 41 “First
659 2863 229 43 edition.”

464 2925 228 41 Includes
728 2934 62 30 an
825 2925 207 38 account
1067 2923 51 40 of
1153 2923 82 39 the
1271 2918 305 51 experiment
1610 2919 50 40 in
1696 2916 371 52 homesteading
2102 2917 190 41 carried
2330 2928 87 30 our

392 2985 49 39 in
471 2984 209 47 Dayton,
711 2982 122 41 Ohio
870 2981 68 49 (p.
967 2980 229 48 151-171)

464 3040 380 50 Bibliography:
876 3050 43 38 p.
951 3037 217 42 173-190.

397 3096 51 52 ©
474 3102 120 44 Aug.
622 3099 70 41 24.
720 3099 141 46 1933;
890 3098 68 40 2c.
984 3098 120 46 Aug.
1133 3097 83 42 25;
1247 3095 82 40 aff.
1356 3096 121 46 Aug.
1506 3093 60 40 26;
1620 3094 41 38 A
1689 3093 170 45 64826;
1890 3093 198 47 Harper
2115 3091 37 41 &
2177 3092 125 40 bros.

478 3157 283 49 (33-22908)

390 3247 170 65 Bose,
593 3249 139 53 Mrs.
766 3248 170 51 Irene
977 3245 217 67 (Mott)

463 3325 293 61 Totaram,
801 3324 95 53 the
940 3328 159 63 story
1144 3321 64 55 of
1253 3340 30 34 a
1331 3319 213 69 village
1590 3318 112 68 boy
1748 3317 57 53 in
1854 3317 174 53 India
2075 3317 219 67 to-day,
2339 3317 75 68 by

392 3403 167 53 Irene
594 3403 151 52 Mott
783 3403 175 65 Bose;
997 3400 327 54 illustrated
1358 3399 77 68 by
1471 3397 300 69 Margaret
1808 3396 174 69 Ayer.
2055 3395 140 53 New
2233 3395 182 67 York,

391 3481 120 53 The
540 3481 336 52 Macmillan
905 3497 300 51 company,
1236 3480 152 52 1933.

468 3555 76 39 xvi
575 3565 40 37 p.,
658 3555 14 37 1
743 3586 8 8 l.,
781 3555 84 39 118
889 3564 44 37 p.
961 3554 77 40 incl.
1098 3554 165 45 front.,
1290 3551 130 40 illus.
1481 3548 149 42 22½cm.

461 3611 286 41 Illustrated
780 3611 365 49 lining-papers.

394 3666 53 52 ©
474 3671 119 46 Aug.
621 3671 70 47 29,
720 3671 114 39 1933;
891 3671 68 40 2c.
987 3671 93 39 and
1112 3669 80 40 aff.
1223 3669 119 47 Aug.
1371 3666 84 41 30:
1486 3666 41 39 A
1556 3665 144 41 65082
1719 3675 10 30 :
1761 3664 282 40 Macmillan
2073 3674 67 30 co.

476 3728 283 49 (33-22934)

387 3813 353 70 Boulenger,
769 3819 238 64 Marcel,
1038 3817 329 55 1873-1932.

554 3895 1111 69 … Fouquet. Paris, B. Grasset [1933]
456 3972 28 38 3
511 3982 43 38 p.
616 4004 8 15 l.,
655 3971 182 48 [9]-299
860 3984 57 37 p.,
946 3973 25 39 2
1021 4006 7 8 l.
1086 3974 119 39 21cm.

387 4019 2024 68 © May 20, 1933; 1c. July 26; A-Foreign 21703; Éditions Bernard
461 4092 552 42 Grasset. ( 33-23050)
