2582 4453
1362 4121 136 50 1510

421 444 1995 68 The R. O. T. C. manual … for all arms. Washington, D. C.,
492 523 1344 69 The National service publishing co. [ 1933]
495 601 28 37 2
550 612 41 27 y.
650 600 128 39 illus.
809 599 101 48 (incl.
973 599 163 48 maps)
1176 598 194 48 diagrs.,
1402 596 166 41 forms.
1630 597 56 39 24
1689 600 44 20 cm

763 667 133 28 CONTENTS.—[v.
926 654 40 51 1]
998 655 145 40 Basic
1171 665 310 38 course.—[v.
1511 654 39 49 2]
1582 654 262 40 Advanced
1872 663 184 30 course.

425 723 50 52 ©
506 727 101 42 Oct.
639 729 37 39 7,
706 727 113 40 1933;
878 727 68 41 2c.
975 728 117 38 each
1122 728 96 38 and
1247 726 108 40 affs.
1386 726 102 40 Oct.
1519 727 55 38 14;
1632 726 40 38 A
1702 725 157 47 65651,
1890 724 145 41 65652;
2094 724 130 39 Natl.
2256 723 184 40 service

491 786 107 47 pub.
636 796 67 28 co.
775 782 283 50 (33-81447)

419 885 158 68 Rice,
610 888 204 55 James
847 889 275 64 Edward,
1159 890 173 51 1865-

492 962 1943 72 Practical poultry management, by James E. Rice … and
422 1041 2014 70 Harold E. Botsford … 3d ed., extensively rev. New York,
420 1122 56 53 J.
524 1121 191 57 Wiley
762 1125 46 50 &
852 1140 148 50 sons,
1046 1123 140 67 inc.;
1234 1122 261 68 London,
1543 1122 303 68 Chapman
1894 1124 47 50 &
1986 1120 161 67 Hall,
2193 1120 242 66 limited,

422 1204 152 51 1933.

426 1274 2009 106 xxi, 592 p. incl. illus., diagrs., forms. double col. pl. 21 cm . (Half-title: The Wiley farm series, ed. by A. K. Getman … and C. E. Ladd)
422 1390 130 49 $2.75

496 1446 351 42 “References”
877 1452 52 36 at
956 1449 90 38 end
1074 1447 52 41 of
1149 1450 127 38 most
1306 1447 51 41 of
1385 1448 82 40 the
1494 1448 241 48 chapters.

425 1517 52 52 ©
503 1521 101 40 Oct.
629 1521 70 41 21.
725 1521 113 39 1933;
892 1521 66 39 2c.
987 1520 101 39 Oct.
1114 1520 55 38 26;
1225 1530 82 28 aff.
1335 1519 101 40 Oct.
1463 1519 81 45 24;
1572 1519 40 38 A
1638 1519 144 39 65835;
1838 1519 44 40 J.
1908 1520 51 38 E.
1989 1518 114 40 Rice
2131 1519 95 39 and
2254 1519 189 40 Harold

495 1579 54 40 E.
583 1578 250 46 Botsford,
872 1578 187 46 Ithaca,
1095 1577 55 39 N.
1188 1577 53 38 Y.
1317 1575 282 50 (33-31674)

420 1682 256 65 Rourke,
705 1682 279 55 Thomas.

494 1760 121 52 The
647 1760 206 53 scarlet
885 1760 210 67 flower,
1125 1759 74 68 by
1231 1759 251 53 Thomas
1514 1758 246 54 Rourke.
1837 1760 139 52 New
2009 1758 181 67 York,
2222 1760 215 51 Farrar

423 1841 44 51 &
497 1836 301 70 Rinehart,
826 1839 422 67 incorporated,
1279 1841 151 51 1933.

493 1913 65 48 ix,
589 1912 86 41 297
706 1923 42 38 p.
810 1912 145 41 19½cm.

425 1980 52 52 ©
509 1985 102 41 Oct.
640 1984 69 48 30,
742 1984 139 47 1933;
915 1984 68 42 2c.
1013 1985 96 39 and
1140 1984 82 41 aff.
1254 1984 102 40 Oct.
1387 1984 83 46 31;
1503 1984 44 41 A
1575 1983 172 47 66846;
1781 1983 186 40 Farrar
1997 1983 37 40 &
2065 1983 254 48 Rinehart,
2350 1984 90 40 inc.

503 2042 282 49 (33-31428)

419 2143 258 68 Salmon,
713 2148 164 64 Lucy
912 2148 313 63 Maynard,
1265 2147 327 54 1853-1927.

489 2224 320 55 Historical
838 2226 284 68 material,
1151 2227 77 68 by
1257 2226 161 69 Lucy
1445 2226 289 69 Maynard
1766 2225 253 56 Salmon.
2083 2226 141 52 New
2257 2225 180 67 York,

421 2301 232 56 Oxford
678 2303 323 70 university
1029 2324 174 50 press,
1233 2308 152 50 1933.

493 2377 65 49 ix,
590 2377 85 42 252
706 2389 44 38 p.
810 2377 57 40 23½
901 2380 44 21 cm
949 2411 8 8 .

496 2435 131 42 “The
659 2434 303 50 publication
998 2436 51 40 of
1081 2436 100 40 this
1215 2436 123 41 book
1374 2447 102 30 was
1509 2438 141 39 made
1685 2436 211 50 possible
1931 2436 60 49 by
2024 2436 82 41 the
2141 2436 132 49 Lucy
423 2437 1999 95 Maynard
577 2491 200 42 Salmon
801 2492 125 41 fund
954 2493 81 40 for
1061 2494 242 47 research,
1333 2493 299 42 established
1662 2496 52 38 at
1746 2494 184 40 Vassar
1959 2494 331 49 college.”—p.
2324 2506 42 39 [V]

496 2550 128 41 “The
661 2551 150 40 latter
850 2550 108 40 half
995 2551 52 40 of
1083 2552 84 39 the
1204 2550 192 42 volume
1433 2550 224 41 contains
1693 2551 116 41 four
1846 2551 244 49 privately
2128 2551 194 50 printed
2360 2563 61 39 pa
422 2606 435 49 pers.”—Editor’s
905 2607 260 48 foreword,
1212 2608 168 49 signed:
1459 2608 235 41 Adelaide
1744 2608 270 41 Underhill.

770 2665 348 40 CONTENTS.—Historical
1171 2664 513 49 material.—History
1743 2666 47 39 in
1846 2676 28 30 a
1930 2666 124 41 back
2104 2666 335 48 yard.—Main

423 2722 333 43 street.—The
784 2723 164 40 Dutch
975 2723 137 40 West
1139 2721 144 41 India
1312 2733 235 38 company
1578 2734 59 29 on
1668 2724 55 39 the
1779 2724 280 40 Hudson.—
2065 2725 147 40 What
2240 2724 41 41 is
421 2726 1998 97 modern
538 2782 222 48 history?

425 2837 52 52 ©
508 2840 100 41 Oct.
639 2841 69 41 13,
737 2838 114 41 1933;
910 2839 68 39 2c.
1007 2840 95 38 and
1133 2837 81 40 aff.
1246 2837 100 41 Oct.
1378 2837 57 40 19;
1490 2838 43 39 A
1561 2837 143 42 65713;
1766 2838 188 41 Oxford
1985 2840 85 39 univ.
2146 2849 150 39 press,
2325 2840 118 40 New

492 2898 144 46 York,
669 2896 92 41 inc.
833 2895 283 49 (33-31393)

419 2999 311 68 Sampson,
758 3004 140 52 Mrs.
931 3003 213 52 Emma
1177 3001 249 66 (Speed)
1467 3005 172 50 1868-

426 3080 2010 148 Miss Minerva’s mystery, by Emma Speed Sampson … illus-trated by Clifford P. Benton. Chicago, The Reilly & Lee co.
430 3273 13 34 [
448 3245 17 22 c
472 3243 152 64 1933]

496 3311 1109 49 3 p. l., 11-316 p. incl. front., illus. 19 cm .
425 3366 51 53 ©
505 3371 102 41 Oct.
633 3371 70 41 27.
731 3371 142 46 1933;
901 3371 67 40 2c.
996 3370 119 41 Nov.
1142 3372 28 38 2;
1225 3370 82 41 aff.
1335 3371 118 39 Nov.
1482 3371 52 46 1;
1564 3370 43 40 A
1632 3370 144 41 66865;
1835 3371 160 48 Reilly
2023 3371 34 39 &
2087 3371 92 41 Lee
2207 3382 67 29 co.

503 3428 282 47 (33-31661)

425 3533 192 66 [Saxe,
648 3532 156 55 John
838 3533 284 67 Godfrey]
1161 3533 172 54 1877-

493 3610 336 55 Charitable
865 3611 328 69 exemption
1231 3611 153 53 from
1421 3611 262 54 taxation
1719 3612 60 53 in
1814 3613 139 53 New
1991 3611 163 55 York
2188 3618 144 48 state
2368 3631 70 35 on

424 3690 2017 70 real and personal property … [New York, Lincoln engraving
421 3768 1018 69 and printing corporation, c 1933]
491 3841 502 49 2 p. l., 77 p. 23 cm .
493 3898 144 40 Label
667 3900 230 40 mounted
926 3909 60 31 on
1015 3910 140 30 cover:
1215 3900 72 48 By
1316 3899 127 40 John
1473 3899 217 49 Godfrey
1721 3900 139 41 Saxe.

427 3952 52 52 ©
511 3956 128 48 Sept.
668 3955 69 44 29,
767 3956 112 39 1933;
939 3956 67 43 2c.
1036 3958 93 38 and
1161 3957 81 39 aff.
1274 3957 101 41 Oct.
1404 3959 26 38 3;
1490 3959 39 37 A
1558 3958 144 39 66748;
1762 3959 42 38 J.
1836 3958 53 39 G.
1924 3959 138 41 Saxe,
2093 3958 115 39 New
2240 3958 144 39 York.

505 4013 281 42 (33-31466)
