2484 4405
1146 4050 130 50 1845

239 492 80 47 vii,
348 492 83 38 152
459 502 42 36 p.
529 490 109 38 incl.
666 488 163 45 front.,
859 486 125 39 illus.
1044 483 144 40 19½cm

267 547 131 42 "First
433 544 223 43 edition.”

171 603 51 52 ©
256 606 108 40 Feb.
395 605 68 42 21,
497 602 138 40 1933:
669 601 66 40 2c.
768 600 94 38 and
894 598 81 39 aff.
1009 598 121 38 Mar.
1163 596 24 38 6
1206 606 8 35 ;
1249 594 39 39 A
1320 594 169 45 60717;
1525 592 55 39 R.
1613 592 71 39 W.
1719 590 142 46 Lane,
1896 584 268 47 Mansfield,

239 664 88 39 Mo.
400 658 278 51 (33-27029)

174 761 206 65 Lewis,
409 762 201 63 Oscar,
642 760 172 52 1893-

244 839 120 54 The
410 837 186 69 origin
644 837 61 52 of
753 834 93 55 the
893 832 316 54 celebrated
1256 830 268 69 jumping
1568 828 135 68 frog
1748 827 64 54 of
1860 826 305 55 Calaveras

174 922 226 64 county,
440 917 71 66 by
554 915 179 55 Oscar
771 913 199 53 Lewis.
1050 911 116 55 San
1209 909 320 68 Francisco,
1570 907 120 53 The
1733 904 161 54 Book
1936 904 127 52 club
2104 902 63 53 of

178 994 342 67 California,
554 996 150 49 1931.

245 1064 742 53 2 p. l. , [3]-27, [18] p. 24½cm.
245 1126 141 39 "Two
410 1125 219 38 hundred
654 1123 96 39 and
774 1121 111 46 fifty
909 1119 161 48 copies
1094 1118 194 49 printed
1314 1117 78 39 for
1419 1117 81 39 the
1526 1115 134 39 Book
1685 1114 109 41 club
1821 1112 52 41 of
1899 1111 273 41 California

174 1185 59 46 by
271 1183 80 40 the
433 1181 211 39 Grabliorn
681 1188 137 39 press
856 1178 52 38 of
946 1179 97 37 San
1081 1174 275 47 Francisco,
1396 1174 48 38 in
1484 1174 126 46 May,
1651 1171 126 41 1931.
1845 1171 103 38 The
1985 1167 190 41 initials

174 1252 84 28 are
284 1240 61 47 by
373 1237 192 40 Valenti
592 1236 197 45 Angelo.
844 1235 118 38 This
989 1234 44 39 is
1058 1243 121 38 copy
1204 1231 204 40 number
1433 1228 129 41 217.”

249 1295 180 41 Folded
455 1293 267 40 facsimile:
753 1291 128 40 "The
910 1293 184 37 Sonora
1121 1287 185 48 herald,
1334 1290 90 38 vol.
1454 1296 74 37 m,
1554 1296 74 29 no.
1657 1284 99 49 150,
1784 1285 125 39 June
1937 1283 68 46 11,
2034 1279 142 42 1853”

175 1353 99 40 laid
305 1352 61 39 in.

250 1407 253 51 Appendix:
594 1439 6 6 I.
642 1407 101 38 The
781 1404 198 41 earliest
1019 1404 178 39 known
1236 1401 192 51 printed
1469 1400 192 45 version
1702 1401 129 40 from
1872 1401 83 38 the
1997 1399 183 40 Sonora

180 1467 168 39 herald
382 1467 52 38 of
465 1465 128 39 June
625 1465 67 40 11.
727 1462 241 41 1853.—II.
1003 1462 103 39 The
1141 1460 114 41 Sam
1290 1460 252 46 Seabough
1576 1457 194 41 version
1802 1459 128 38 from
1966 1457 82 39 the
2083 1456 95 40 San

180 1523 218 39 Andreas
430 1521 321 47 independent
785 1519 51 39 of
869 1520 262 38 December
1163 1519 66 45 11,
1264 1517 263 39 1858.—III.
1562 1516 101 38 The
1694 1515 107 41 first
1835 1514 144 40 Mark
2010 1511 170 40 Twain

181 1579 190 41 version:
435 1578 126 40 from
601 1579 80 38 the
721 1577 244 46 Saturday
1001 1585 137 38 press
1175 1576 51 38 of
1262 1574 268 39 November
1567 1573 69 47 18,
1674 1571 127 49 1865,
1840 1583 55 28 as
1931 1568 250 51 reprinted

182 1637 48 38 in
259 1637 81 39 the
369 1633 318 43 Californian.

184 1689 53 52 ©
265 1693 116 47 May
406 1692 70 42 15.
503 1692 142 40 1931:
673 1691 68 39 2c.
768 1689 122 48 Aug.
917 1690 70 46 16,
1014 1688 143 46 1933;
1187 1687 84 42 aff.
1299 1688 117 47 Aug.
1447 1689 82 44 14;
1560 1689 41 37 A
1629 1686 172 47 64745;
1831 1686 135 39 Book
1993 1687 110 39 club
2131 1683 52 41 of

253 1749 286 42 California.
610 1748 62 47 (A
689 1746 228 49 33-1216)

188 1852 331 66 Llewellyn,
550 1853 144 51 Karl
724 1850 347 57 Nickerson.

258 1926 534 70 Präjudizienrecht
853 1928 116 51 und
1032 1927 483 69 rechtsprechung
1573 1928 62 50 in
1695 1925 302 69 Amerika;
2062 1925 122 52 eine

190 2003 1996 75 spruchauswahl mit besprechung von K. N. Llewellyn … unter
192 2081 1989 61 mithilfe bei der auswahl von William A. Leider … und bei
192 2159 1998 74 der Verdeutschung von Wolfram v. Metzler … 2 teile in
193 2240 181 55 einem
405 2241 198 51 bande.
688 2240 293 55 Gedruckt
1012 2240 109 52 mit
1148 2245 441 64 Unterstützung
1621 2240 101 52 der
1751 2239 303 69 Leipziger
194 2240 1970 133 Juristenfakultät.
719 2317 255 70 Leipzig,
1002 2320 66 51 T.
1093 2317 281 70 Weicher,
1403 2321 151 52 1933.

334 2391 786 50 xv, [1], 122 p., 1 l., 360 p. 25cm.
269 2449 197 40 “Dieses
501 2449 122 39 buch
660 2448 64 40 ist
760 2458 88 31 aus
885 2450 151 39 einem
1076 2448 283 48 praktikum
1397 2449 116 39 über
1550 2448 184 41 aufbau
1772 2450 98 38 und
1907 2449 167 48 praxis
2112 2448 84 41 des

188 2511 422 43 amerikanischen
635 2523 109 31 case
769 2513 96 40 law
889 2513 439 50 hervorgegangen,
1355 2515 210 39 welches
1588 2515 77 39 ich
1692 2513 77 43 die
1796 2515 115 39 ehre
1937 2517 151 43 hatte,
2117 2516 73 39 als

194 2570 224 50 gastprof
420 2580 133 30 essor
588 2572 97 39 und
720 2568 307 52 gleichzeitig
1061 2571 73 40 als
1172 2570 235 50 Carnegie
1442 2569 352 44 international
1832 2571 261 49 professor,
2132 2570 64 40 im

195 2627 409 42 Wintersemester
632 2627 204 41 1928-29
865 2638 63 29 an
958 2630 87 37 der
1074 2627 250 50 Leipziger
1357 2627 445 43 Juristenfakultät
1833 2640 59 28 zu
1924 2627 275 42 halten.”—

195 2685 234 41 Vorwort.

270 2740 224 50 “Einiges
521 2751 88 30 aus
635 2744 86 37 der
746 2741 258 41 literatur”:
1061 2743 38 37 1.
1130 2744 80 46 pt.,
1238 2752 41 39 p.
1313 2742 245 50 [120]-122.

201 2790 1828 60 © Jan. 9, 1933; 1c. Mar. 22; A -Foreign 20351; Theodor Weicher.
279 2855 279 49 (33-19552)

202 2942 354 68 Mackenzie,
589 2945 305 65 Compton,
927 2948 171 50 1882-

273 3019 323 57 Literature
639 3023 61 51 in
741 3040 96 52 my
877 3023 155 67 time,
1074 3024 75 68 by
1192 3023 286 71 Compton
1519 3024 346 55 Mackenzie.
1944 3025 256 68 London,

203 3098 145 54 Rich
379 3102 44 50 &
452 3099 214 55 Cowan
694 3100 106 54 ltd.
857 3104 152 64 [1933]

278 3171 100 50 viii,
407 3171 143 42 9-254
577 3185 41 37 p.
681 3171 114 44 19cm.
863 3175 250 48 (Lettered
1143 3186 61 30 on
1232 3185 162 33 cover:
1422 3178 55 40 In
1504 3190 79 36 my
1612 3179 142 49 time)

209 3226 51 52 ©
290 3231 109 40 Dec.
427 3231 38 46 6,
494 3230 112 41 1933
625 3242 8 35 ;
662 3232 65 39 2c.
757 3235 94 38 and
879 3233 79 39 aff.
990 3234 102 40 Oct.
1121 3235 54 38 11
1194 3245 9 35 ;
1233 3235 40 39 A
1300 3235 143 40 18501
1462 3248 8 34 ;
1502 3237 49 40 C.
1581 3238 291 48 Mackenzie,
1902 3239 155 40 North
2087 3240 118 47 Bay,

280 3288 95 40 Isle
402 3289 50 38 of
479 3289 171 47 Barra,
681 3288 150 42 Outer
860 3291 135 46 Isles,
1028 3290 242 42 Scotland.
1342 3293 251 48 (34-1482)

209 3376 220 66 Makin,
458 3377 253 55 William
739 3380 219 65 James,
992 3383 171 51 1894-

282 3453 121 54 The
443 3454 338 55 adventures
820 3457 63 53 of
921 3459 123 51 Red
1082 3460 168 52 Head
1291 3461 62 51 of
1391 3462 95 52 the
1525 3463 122 52 Red
1686 3480 108 51 sea,
1833 3465 73 67 by
1943 3464 260 54 William

211 3534 53 52 J.
294 3532 217 54 Makin.
587 3533 257 70 London,
872 3537 283 67 Jarrolds,
1181 3536 223 56 limited
1436 3542 153 63 [1933]

277 3605 89 42 288
392 3617 43 36 p.
581 3609 45 21 19½cm.

217 3653 1993 72 © 1c. June 16, 1933; A ad int. 17896; pubd. Apr. 24; W. J. Makin,
284 3718 208 43 London.
565 3720 278 50 (33-17671)

217 3808 243 68 Messer,
487 3811 175 53 Mona
686 3812 213 54 Naomi
926 3814 188 56 Anne.

285 3882 1925 86 A dinner of herbs, by Mona Messer … London, S. Paul &
218 3979 96 50 co.,
341 3964 101 54 ltd.
500 3970 150 63 [1933]
