2582 4453
1334 4131 137 50 1100

386 444 298 67 Coleman,
714 446 156 54 John
900 445 294 66 Winston,
1230 451 174 50 1898-

461 523 276 69 Masonry
783 525 62 52 in
889 522 94 57 the
1030 522 310 70 bluegrass,
1386 522 172 70 being
1605 542 72 36 an
1725 522 293 55 authentic
2064 530 236 47 account
2347 524 63 52 of

394 619 268 51 masonry
702 601 61 54 in
802 601 327 69 Lexington
1170 602 112 53 and
1322 602 241 69 Fayette
1603 608 227 63 county,
1872 601 326 70 Kentucky,
394 600 2020 148 1788-1933,
573 680 74 69 by

392 679 1993 148 J. Winston Coleman, jr. … Lexington, Ky., Transylvania press, 1933.
462 842 31 27 x
524 841 56 37 p.,
609 831 24 38 1
699 863 8 15 l.,
742 831 206 50 [13]-264
979 843 43 38 p.
1079 831 166 49 front,
1274 833 24 38 1
1328 831 144 50 illus.,
1504 833 173 49 plates,
1707 835 164 47 ports.,
1901 833 219 41 facsims.
2178 834 56 39 22
2237 836 44 21 cm
2287 865 9 9 .

465 888 165 40 “First
657 888 199 49 edition,
885 888 90 41 400
1000 888 205 48 copies.”

462 945 381 49 Bibliography:
881 957 43 38 p.
977 945 237 49 [249]-253.

394 1002 52 52 ©
484 1007 119 47 July
638 1008 70 45 14,
746 1007 142 47 1933;
927 1007 67 40 2c.
1034 1007 97 40 and
1168 1006 80 41 aff.
1289 1008 119 47 July
1444 1008 83 46 17;
1566 1007 42 40 A
1646 1006 172 49 64359;
1860 1009 43 39 J.
1942 1008 72 40 W.
2055 1008 244 47 Coleman,
2339 1006 76 49 jr.,

462 1064 288 48 Lexington,
781 1065 91 47 Ky.
946 1064 283 50 (33-20391)

390 1154 204 65 Collin,
623 1153 258 56 William
911 1153 229 58 Edwin.

463 1231 378 57 Clockmaker
868 1233 64 54 of
955 1234 182 67 souls;
1170 1253 31 34 a
1225 1233 176 69 study
1426 1233 63 55 of
1517 1232 327 56 Paul-Jean
1871 1234 225 68 Toulet,
2122 1233 76 69 by
2223 1234 92 55 W.
2342 1234 70 52 E.

392 1308 211 56 Collin.
675 1311 158 67 [New
867 1312 181 68 York,
1082 1312 64 56 C.
1180 1312 274 68 Kendall,
1485 1319 18 21 c
1507 1316 136 50 1933]

466 1381 939 53 3 p. l., ix-x p., 2 l., 3-203 p. 23 cm .
469 1441 164 42 “First
661 1442 230 42 edition.”

471 1499 190 41 “Books
699 1501 61 47 by
798 1500 142 40 Faul-
943 1499 126 41 Jean
1106 1499 232 42 Toulet”;
1377 1511 142 31 verso
1557 1501 52 40 of
1645 1501 61 40 3d
1745 1501 188 49 prelim,
1971 1501 115 41 leaf.

397 1554 52 52 ©
477 1559 117 47 July
621 1560 39 46 7,
687 1558 143 47 1933;
859 1559 67 39 2c.
955 1559 117 47 July
1099 1558 83 47 29;
1212 1558 82 40 aff.
1323 1559 117 46 July
1467 1558 54 47 8;
1550 1559 41 38 A
1618 1558 171 48 63755;
1819 1559 73 40 W.
1921 1560 51 38 E.
2003 1558 172 48 Collin,
2203 1560 213 40 London.

478 1616 282 48 (33-20437)

392 1706 208 66 Coops,
631 1707 187 54 Helen
848 1707 211 67 Leslie,
1093 1712 174 50 1901-

467 1785 167 69 High
682 1785 194 53 school
923 1785 308 53 standards
1282 1785 60 52 in
1391 1784 144 70 girls
1584 1784 265 55 athletics
1899 1785 62 54 in
2009 1785 97 54 the
2156 1791 145 48 state
2353 1785 65 55 of

398 1862 1643 71 Ohio, by Helen Leslie Coops … New York, 1933.
465 1949 46 37 x,
543 1936 56 42 91
627 1947 44 39 p.
734 1936 56 40 22½
825 1938 44 23 cm
873 1969 9 9 .

471 1995 175 41 Thesis
690 1995 107 48 (PH.
865 1993 363 51 D.)—Columbia
1262 1993 287 50 university,
1585 1993 131 43 1933.

471 2052 149 41 “This
664 2053 146 48 study
854 2063 104 30 was
1001 2051 233 49 formally
1278 2052 289 42 authorized
1610 2051 65 50 by
1717 2053 84 41 the
1845 2050 125 44 Ohio
2016 2053 129 42 state
2189 2051 229 44 women’s

399 2110 212 41 division
648 2110 52 40 of
735 2111 83 40 the
855 2110 234 41 National
1127 2113 226 38 amateur
1392 2109 204 42 athletic
1634 2109 432 50 federation.”—p.
2105 2110 70 42 13.

467 2167 174 41 Issued
674 2168 103 40 also
808 2167 122 42 with
959 2166 120 43 vita.

469 2224 378 48 Bibliography;
881 2235 44 38 p.
959 2224 159 42 66-72.

401 2279 51 53 ©
481 2285 117 47 May
624 2284 72 47 25,
723 2283 143 48 1933;
896 2283 70 42 2c.
995 2285 97 39 and
1120 2283 83 42 aff.
1233 2285 131 39 June
1390 2283 53 48 9;
1474 2284 42 39 A
1545 2283 172 48 63074;
1750 2284 60 40 H.
1842 2284 51 41 L.
1925 2284 169 49 Coops,
2125 2281 296 44 Cincinnati.

479 2341 283 50 (33-20388)

395 2425 217 64 Couch,
644 2425 182 54 Osma
854 2424 254 56 Palmer.

473 2500 217 55 Basket
736 2501 366 70 pioneering;
1154 2521 31 34 a
1232 2502 249 68 popular
1525 2501 334 54 hand-book
1905 2500 337 71 containing
402 2518 1991 116 concise
542 2580 271 69 basketry
843 2580 310 54 directions

1184 2580 143 53 with
1357 2581 149 52 clear
1539 2580 203 69 simple
1777 2580 642 70 diagrams—designed

403 2658 94 54 for
519 2659 96 53 the
638 2659 278 69 beginner
939 2678 60 35 as
1023 2659 130 53 well
1177 2678 60 34 as
1261 2660 97 52 the
1380 2678 155 35 more
1561 2658 373 70 experienced
1957 2658 200 55 basket
2180 2677 239 50 weaver,

401 2737 77 70 by
514 2737 176 55 Osma
724 2738 231 53 Palmer
994 2737 214 69 Couch,
1243 2738 143 52 with
1420 2737 390 54 introduction
1850 2738 77 70 by
1962 2737 212 54 Daniel
2214 2737 206 56 Carter

403 2815 2016 72 Beard … illustrated by the author. New York, Orange Judd
403 2895 339 71 publishing
770 2914 300 52 company,
1101 2895 127 68 inc.,
1261 2897 151 53 1933.

475 2980 77 39 xv,
585 2971 70 49 [1],
682 2969 86 42 168
793 2980 45 38 p.
865 2970 110 41 incl.
1002 2970 165 41 front.,
1196 2970 142 48 illus.,
1368 2969 156 48 diagr.
1587 2969 56 41 23½
1676 2972 45 22 cm
1725 3002 10 10 .

403 3025 52 52 ©
490 3029 117 48 July
639 3030 69 46 11,
743 3029 141 42 1933;
920 3029 68 41 2c.
1023 3030 97 39 and
1154 3029 82 41 aff.
1270 3029 120 46 Aug.
1426 3030 52 45 1;
1515 3030 43 38 A
1590 3029 172 48 63779;
1799 3029 195 49 Orange
2026 3029 132 41 Judd
2192 3029 109 49 pub.
2336 3037 84 36 co.,

470 3086 91 41 inc.
633 3087 284 48 (33-20383)

399 3164 233 63 Cowan,
666 3163 236 53 Arthur
929 3164 90 55 W.
1051 3163 72 56 A.

471 3241 327 68 Beachgirl,
828 3260 31 34 a
887 3241 149 55 book
1065 3241 65 54 of
1158 3259 211 51 poems,
1397 3243 76 67 by
1502 3243 226 53 Arthur
1755 3243 92 55 W.
1877 3243 71 53 A.
1979 3242 241 66 Cowan;
2252 3259 165 35 cover

399 3320 76 56 by
506 3320 227 55 Geddes
765 3321 77 54 H.
875 3321 269 55 Jackson.
1220 3321 318 67 Honolulu,
1571 3323 204 67 Angco
1807 3339 98 49 co.,
1937 3321 123 67 ltd.,
2094 3323 152 51 1933.

471 3395 26 40 7
524 3405 42 37 p.
616 3428 7 6 l.,
667 3395 188 46 17-138,
888 3395 54 49 [1]
975 3405 43 38 p.
1079 3394 56 40 21
1137 3396 46 22 cm
1188 3427 8 8 .

403 3448 52 52 ©
486 3453 118 47 July
631 3453 70 46 27,
732 3452 113 41 1933;
905 3453 66 40 2c.
1003 3454 97 39 and
1131 3453 81 41 aff.
1244 3453 118 48 Aug.
1395 3454 53 45 7;
1481 3453 41 39 A
1552 3451 172 47 63809;
1757 3452 55 40 A.
1843 3453 73 40 W.
1947 3452 55 40 A.

2035 3451 193 42 Cowan.
471 3451 1931 99 Honolulu.
661 3509 283 49 (33-20666)

398 3584 273 63 Crocker,
701 3585 367 64 Templeton.

473 3661 120 53 The
629 3661 181 54 cruise
843 3660 65 53 of
941 3662 95 52 the
1072 3663 162 67 Zaca,
1266 3662 77 69 by
1376 3661 342 70 Templeton
1753 3659 278 69 Crocker;
2067 3659 143 53 with
2245 3676 173 52 many

399 3737 384 56 illustrations
812 3738 154 55 from
993 3740 416 71 photographs.
1473 3740 141 54 New
1642 3739 166 55 York
1834 3740 114 53 and
1975 3737 261 71 London,
400 3737 1994 148 Harper
528 3818 45 50 &
601 3818 280 69 brothers,
913 3822 150 51 1933.

473 3892 50 39 xi
550 3901 60 38 p.,
638 3892 25 39 1
710 3923 22 14 l.,
763 3891 88 42 328
876 3903 58 37 p.,
962 3891 26 40 2
1036 3926 9 7 l.
1106 3893 164 47 front.,
1298 3894 173 48 plates,
1499 3895 152 46 ports.
1711 3891 57 42 23cm.

473 3948 165 41 “First
667 3948 230 41 edition.”

403 4001 52 52 ©
492 4006 117 48 July
644 4007 69 46 25,
750 4007 142 48 1933;
929 4009 69 40 2c.
1035 4009 117 45 July
1185 4009 84 47 25;
1309 4009 82 41 aff.
1428 4010 118 47 July
1582 4009 84 45 27;
1706 4008 43 40 A
1781 4007 171 41 63684;
1993 4006 193 47 Harper
2223 4004 37 41 &
2294 4004 125 40 bros.

486 4063 282 49 (33-20390)
