2484 4405
1073 4074 133 50 1209

165 434 315 55 American
511 435 143 55 Clan
685 436 225 62 Gregor
937 434 244 64 society.

235 511 1923 69 Year book … containing the proceedings of the twenty-third
164 592 209 52 annual
407 591 306 68 gathering
748 593 171 64 [1932]
1000 590 341 65 Richmond,
1371 591 125 64 Va.,
1526 590 121 53 The
1678 589 307 53 American
2019 590 145 53 Clan

162 667 221 70 Gregor
415 668 212 68 society
664 671 192 64 [c1933]

233 743 54 39 51
318 753 57 37 p.,
407 743 25 38 1
481 773 9 8 l.
549 742 116 40 23cm.

237 799 127 39 John
394 799 164 39 Bowie
588 798 364 47 Ferneyhough,
983 797 174 41 editor.

167 864 51 53 ©
251 870 127 47 Sept.
407 869 40 47 9,
475 869 114 40 1933;
647 870 67 38 2c.
744 870 96 38 and
870 868 81 41 aff.
983 868 130 47 Sept.
1143 869 54 38 12;
1256 868 40 38 A
1325 865 141 42 65201;
1530 868 41 39 J.
1605 867 164 40 Bowie

1798 869 366 47 Ferneyhough,

234 926 280 40 Richmond.

160 1028 316 56 American
504 1030 111 52 law
643 1028 295 56 institute.

158 1106 2000 225 Restatement of the law of contracts, as adopted and promulgated by the American law institute. Containing Nebraska annotations, prepared by William Sternberg … assisted
158 1339 2001 70 by Maurice H. Merrill … and Lester B. Orfield … under
158 1418 1955 70 the auspices of the Nebraska state bar association. Volume I, II …
299 1497 82 55 St.
433 1499 165 67 Paul,
647 1499 307 52 American
1003 1500 111 50 law
1164 1497 262 54 institute
1475 1499 340 67 publishers,
1866 1502 151 49 1933.

226 1573 26 40 2
279 1583 41 30 v.
379 1572 146 40 22½cm.

230 1629 72 41 On
333 1638 140 31 cover
491 1640 9 28 :
533 1629 181 40 Pocket
742 1628 317 48 supplement.

161 1682 53 52 ©
247 1686 128 40 June
406 1685 68 48 15,
508 1685 140 46 1933;
683 1686 65 39 2c.
784 1686 119 39 each
936 1685 117 47 July
1084 1685 84 45 24;
1206 1684 82 41 aff.
1322 1685 116 47 July
1471 1685 82 45 22;
1590 1685 40 38 A
1664 1684 170 46 64479;
1872 1685 145 40 Amer.
2067 1687 94 39 law

228 1742 240 42 institute.

152 1843 2003 226 Restatement of the law of contracts, as adopted and promulgated by the American law institute. Containing Wisconsin annotations, prepared by Miles Lambert … under the
156 2078 1999 69 direction of William H. Page … under the auspices of the
152 2156 2003 70 Wisconsin state bar association. Volume I, II … St. Paul,
151 2235 306 54 American
486 2237 109 51 law
627 2235 262 53 institute
919 2234 341 69 publishers,
1296 2239 148 50 1933.

221 2311 29 38 2
278 2321 41 28 v.
378 2309 145 40 22½cm.

225 2366 72 41 On
325 2376 141 30 cover
484 2377 8 28 :
524 2365 182 40 Pocket
733 2365 317 48 supplement.

157 2419 51 52 ©
242 2423 128 40 June
401 2423 69 47 15,
503 2422 141 46 1933;
679 2422 68 40 2c.
780 2423 119 39 each
932 2422 116 47 July
1079 2422 84 46 24;
1200 2421 83 40 aff.
1318 2422 119 48 July
1468 2421 82 47 22;
1587 2422 39 38 A
1661 2422 170 46 64480;
1868 2423 146 39 Amer.
2061 2424 96 40 law

224 2479 239 41 institute.

149 2577 268 72 Atwood,
449 2581 253 57 Wallace
735 2583 242 65 Walter,
1015 2581 171 55 1872-

313 2659 1837 70 … Home life in far-away lands, by Wallace W. Atwood and
149 2739 2004 69 Helen Goss Thomas … Boston, New York [etc.] Ginn and
150 2835 281 52 company
463 2820 193 65 [c1933]

220 2904 43 36 v,
304 2894 71 48 [1],
415 2892 88 40 206
538 2902 42 37 p.
642 2892 86 39 col.
766 2892 165 48 front.,
972 2892 127 40 illus.
1130 2890 133 48 (incl.
1304 2891 162 48 maps)
1533 2891 148 42 26½cm.
1752 2892 226 49 (Atwood
150 2906 1985 93 geography
331 2950 175 46 series)

218 3009 66 39 At
307 3008 125 39 head
457 3007 53 40 of
533 3006 109 40 title
659 3017 10 30 :
694 3006 103 39 The
822 3006 141 39 earth
988 3006 96 39 and
1109 3005 65 41 its
1199 3006 180 48 people,
1404 3006 125 41 book
1553 3016 104 32 one.

222 3065 68 40 “A
315 3064 86 41 list
428 3064 51 41 of
504 3062 148 42 books
677 3063 79 40 for
784 3062 191 41 outside
1001 3061 230 48 reading”
1250 3073 9 30 :
1289 3074 44 35 p.
1359 3062 101 42 200.

154 3119 51 52 ©
233 3124 116 47 July
375 3122 69 47 12,
471 3121 140 46 1933;
639 3121 67 39 2c.
735 3122 95 38 and
858 3120 82 40 aff.
966 3121 118 46 Aug.
1114 3120 82 47 16;
1226 3121 41 38 A

1294 3120 169 48 63930;
1495 3122 70 41 W.
1595 3124 69 39 W.
1694 3124 218 48 Atwood,
221 3126 1914 101 Worcester,
337 3181 160 45 Mass.,
526 3181 95 38 and
648 3179 156 39 Helen
832 3178 120 40 Goss
980 3178 226 47 Thomas,
1234 3179 202 48 Waban,
1466 3181 147 39 Mass.
1677 3176 68 54 [©
1775 3193 104 29 new
1909 3184 241 48 material]

231 3236 279 49 (33-22903)

145 3339 252 65 Benson,
424 3337 276 66 Thérèse,
729 3337 196 68 pseud.

217 3417 236 54 Gallant
481 3417 384 66 adventuress,
892 3417 75 66 by
996 3416 243 52 Thérèse
1266 3417 241 53 Benson.
1584 3418 139 53 New
1752 3420 178 68 York,
1957 3423 190 55 Dodd.

146 3494 172 55 Mead
345 3496 111 52 and
487 3513 296 48 company,
815 3498 149 49 1933.

215 3567 568 51 3 p. l., 308 p. 19½cm.
151 3621 51 53 ©
239 3626 119 48 Aug.
394 3625 70 47 25,
502 3625 113 39 1933;
682 3625 67 39 2c.
791 3623 125 48 Sept.
955 3624 26 40 2;
1050 3623 83 40 aff.
1171 3623 119 48 Aug.
1328 3624 60 40 30;
1452 3625 41 38 A
1531 3625 145 41 65129;
1743 3627 174 41 Emilie
1956 3631 191 41 Benson

217 3682 171 48 Knipe,
417 3683 118 38 New
563 3681 256 45 Hartford,
849 3679 146 41 Conn.
1067 3679 282 48 (33-22826)

144 3780 348 70 Bernardin,
520 3785 219 62 Joseph
769 3781 343 65 Buchanan,
1146 3788 170 49 1899-

217 3864 120 52 The
378 3861 365 54 intercession
785 3862 63 53 of
891 3860 123 55 Our
1054 3861 175 68 Lord,
1269 3863 76 66 by
1386 3863 216 68 Joseph
1646 3867 317 56 Buchanan
146 3873 1974 118 Bernardin.
438 3939 140 53 New
613 3939 178 66 York,
826 3938 301 55 Columbia
1161 3940 320 68 university
1515 3960 173 50 press,
1722 3948 151 51 1933.

218 4007 765 54 viii p., 1 l., 172 p., 1 l. 21cm.
