2582 4453
1299 4112 104 49 484

332 439 210 64 Nagel,
576 438 228 64 George
839 436 252 56 Conrad.

405 515 230 53 Denver
671 514 80 53 M.
787 513 285 69 Wright’s
1107 511 272 54 Missouri
1419 512 119 52 lion
1575 511 175 66 hunt;
1791 511 96 52 the
1925 515 126 48 true
2090 515 157 65 story
2287 508 65 56 of

337 587 2015 74 America’s strangest safari, by Geo. Conrad Nagel … St.
336 672 192 69 Louis,
554 672 136 68 Mo.,
715 670 186 70 Nagel
926 668 339 71 publishing
1291 686 283 51 company
1607 702 14 33 [
1625 674 19 22 c
1648 670 135 51 1933
1788 700 14 36 ]

410 758 85 53 [32]
529 769 44 40 p.
635 758 129 41 illus.
793 757 134 50 (incl.
959 759 166 46 ports.,
1160 756 138 49 map)
1366 754 58 43 28
1427 757 44 22 cm
1475 787 11 11 .

343 828 53 52 ©
426 831 112 42 Feb.
567 831 70 43 20,
668 831 142 47 1033;
841 830 68 42 2c.
939 831 96 40 and
1066 829 82 41 aff.
1181 831 120 38 Mar.
1334 829 83 48 16;
1449 830 40 38 A
1520 827 172 49 60635;
1728 829 52 40 G.
1813 828 48 42 C.
1894 828 167 48 Nagel,
2095 828 67 41 St.
2196 826 160 41 Louis.

420 888 251 49 (33-0247)

338 991 223 67 Nilson,
591 992 238 55 Arthur
854 990 311 68 Reinhold,
1199 993 172 54 1897-

336 1067 1996 138 Radio operating questions and answers, by Arthur R. Nilson …
337 1149 1996 151 and J. L. Hornung … 5th ed. New York and London,
498 1228 435 58 McGraw-Hill
962 1229 149 55 book
1142 1247 300 52 company,
1472 1228 127 69 inc.,
1632 1231 151 52 1933.

407 1306 97 47 xvi,
533 1304 88 43 389
648 1316 43 38 p.
721 1305 110 41 incl.
859 1304 166 49 front.,
1055 1306 145 47 illus.,
1229 1304 181 48 diagrs.
1469 1303 55 41 21
1529 1305 44 22 cm
1578 1336 10 9 .

408 1380 115 39 Two
555 1378 334 41 unnumbered
918 1379 164 39 leaves
1111 1380 85 38 not
1225 1377 226 41 included
1482 1377 50 40 in
1561 1375 287 51 pagination
1876 1376 168 50 facing
2072 1387 44 37 p.
2143 1375 88 41 268
2260 1377 96 41 and

336 1437 101 41 296.

409 1493 172 41 “Brief
605 1492 368 50 bibliography”
1000 1495 53 39 at
1078 1493 92 40 end
1196 1492 54 42 of
1273 1495 125 39 most
1423 1492 53 42 of
1500 1492 82 41 the
1608 1493 153 48 parts.

344 1562 52 53 ©
427 1568 122 39 Mar.
580 1568 68 45 17,
679 1564 113 42 1933;
853 1565 67 42 2c.
951 1567 95 39 and
1077 1565 83 41 aff.
1192 1566 121 40 Mar.
1345 1564 82 44 22;
1461 1566 41 38 A
1532 1564 172 49 60904;
1738 1564 353 42 McGraw-Hill
2122 1566 125 39 book
2276 1576 83 38 co.,

410 1624 92 40 inc.
574 1623 253 50 (33-9105)

336 1728 404 66 Odd-fellows,
777 1728 407 64 Independent
1223 1728 175 53 order
1434 1728 83 53 of.
1591 1728 320 69 Sovereign
1946 1729 188 68 grand
2170 1727 184 71 lodge.

409 1806 155 56 Code
597 1805 65 54 of
692 1807 231 68 general
956 1807 140 53 laws
1128 1806 65 53 of
1223 1806 96 53 the
1352 1805 400 69 Independent
1785 1807 168 52 order
1985 1805 65 54 of
2083 1805 134 55 Odd
338 1805 1996 134 fellows

517 1884 368 70 (annotated)
927 1885 251 68 adopted
1208 1885 75 69 by
1313 1885 95 53 the
1442 1883 314 71 Sovereign
1785 1886 188 68 grand
2001 1885 186 69 lodge,
338 1884 1996 134 September

583 1967 86 66 23,
701 1968 164 64 1915;
898 1965 223 53 revised
1152 1969 59 48 to
1241 1964 96 53 the
1369 1963 212 54 session
1613 1964 65 52 of
1711 1968 133 49 1931
1879 1963 303 71 inclusive;
2217 1964 142 54 with

339 2062 74 36 an
444 2043 294 71 appendix
770 2042 337 71 containing
1138 2044 96 53 the
1266 2042 373 55 constitution
1673 2044 113 54 and
1819 2044 149 55 rules
2001 2044 65 55 of
2096 2043 169 56 order
2295 2043 65 56 of

337 2124 95 55 the
489 2122 315 71 Sovereign
855 2124 186 68 grand
1094 2124 186 68 lodge,
1331 2124 97 52 the
1480 2121 270 55 Rebekah
1803 2123 203 70 degree
2058 2124 155 70 code,
2263 2124 98 53 the

338 2204 375 53 constitution
743 2204 113 53 and
885 2202 244 70 by-laws
1157 2203 65 53 of
1248 2203 97 54 the
1372 2202 364 54 Association
1765 2203 64 54 of
1856 2203 270 54 Rebekah

338 2221 1998 131 assemblies,
531 2283 96 53 the
661 2281 394 69 constitution,
1089 2282 150 54 rules
1275 2282 112 53 and
1424 2282 354 69 regulations
1812 2281 320 72 governing
2164 2282 196 71 junior

339 2363 213 69 lodges,
580 2362 95 53 the
703 2360 394 70 constitution,
1125 2361 151 53 rules
1303 2362 115 52 and
1446 2362 354 68 regulations
1827 2361 321 71 governing
2175 2364 185 53 Theta

340 2442 104 53 rho
476 2440 162 71 girls’
669 2440 176 69 clubs,
876 2440 113 53 and
1021 2440 95 53 the
1148 2438 336 56 Patriarchs
1515 2440 257 54 militant
1803 2442 152 52 code.
2024 2442 336 69 Baltimore,

340 2521 140 69 Md.,
512 2520 122 53 The
668 2518 314 71 Sovereign
1014 2519 186 69 grand
1232 2519 187 69 lodge,
1450 2519 48 53 I.
1532 2518 68 56 O.
1634 2518 68 57 O.
1735 2519 86 68 F.,
1854 2523 152 50 1933.

410 2597 65 46 xl,
507 2595 88 42 802
622 2606 42 38 p.
725 2594 149 40 22½cm.

347 2664 52 53 ©
435 2669 111 40 Feb.
579 2668 69 48 15,
682 2666 142 48 1933;
859 2667 68 40 2c.
962 2667 122 38 Mar.
1119 2665 83 48 29;
1239 2666 81 41 aff.
1356 2667 113 48 Apr.
1507 2667 82 47 18;
1625 2668 40 38 A
1699 2667 143 41 60853;
1911 2667 261 48 Sovereign
2206 2670 155 47 grand

414 2727 153 47 lodge,
599 2726 37 40 I.
668 2725 51 40 O.
753 2724 52 41 O.
837 2724 52 41 F.
961 2722 252 51 (33-9227)

339 2828 212 66 Perali,
583 2828 244 66 Pericle,
860 2834 173 50 1884-

475 2905 1821 71 … Le origini artigiane indvstriali e mercantili di Roma …
343 2987 202 67 Roma,
573 2985 313 56 Sindacato
913 2985 243 54 italiano
1184 2985 137 54 Arti
1348 2985 269 71 grafiche,
1649 2989 150 51 1932.

345 3058 1999 106 3 p. l., [9]-55 p., 4 l., [xi]-lxvii p. 25 cm . (“I commentari dell’ artigianato”, a
701 3126 114 31 cvra
857 3116 126 41 della
1027 3115 328 43 Federazione
1398 3115 208 42 fascista
1650 3118 259 40 avtonoma
1954 3118 129 48 degli
2126 3117 236 49 artigiani

345 3173 213 48 d’ltalia,
588 3184 42 30 v.
660 3174 51 49 1)

343 3243 2000 109 Latin text with title, “De fabrilibvs indvstriis et mercatoriis originibvs vrbis”: 4 l., [Xi]-lxvii p.
351 3369 52 53 ©
435 3375 117 40 Nov.
585 3376 39 45 1,
656 3373 142 49 1932;
832 3376 66 39 1c.
931 3375 110 40 Jan.
1074 3376 70 47 11,
1176 3374 141 48 1933;
1351 3375 312 48 A-Foreign
1695 3375 172 49 19404;
1902 3377 51 40 P.
1987 3376 176 46 Perali,
2198 3377 163 39 Rome.

429 3430 253 49 (33-9137)

345 3533 392 66 Pfatteicher,
771 3537 184 52 Ernst
985 3535 195 65 Philip
1210 3537 224 65 Henry,
1469 3538 172 54 1874-

349 3611 1986 149 Christian social science … by E. P. Pfatteicher; with forewords by
704 3691 142 53 Rees
894 3692 202 70 Edgar
1140 3693 229 53 Tulloss
1417 3693 112 53 and
1576 3695 65 51 T.
1690 3693 71 53 A.
1810 3693 326 55 Kantonen.
2220 3695 140 54 New

351 3770 822 69 York, Falcon press [ c 1933]
421 3857 1942 54 vii, 191 p. 21 cm . (Kessler foundation lectures … Hamma divinity
349 3914 188 49 school)

355 3981 51 55 ©
436 3987 121 39 Mar.
586 3987 68 45 15,
682 3986 141 48 1933;
851 3987 68 42 2c.
947 3988 96 40 and
1071 3987 81 40 aff.
1183 3989 122 39 Mar.
1335 3989 81 46 17;
1447 3988 39 40 A
1515 3988 171 47 59974;
1718 3989 179 40 Falcon
1926 3999 150 40 press,
2105 3990 90 39 inc.

433 4043 252 50 (33-9130)
