2582 4453
1270 4093 103 52 468

308 414 253 67 Pollock,
594 414 195 56 Lewis
818 414 176 67 John,
1028 420 174 50 1886-

445 492 1887 71 … Peripheral nerve injuries, by Lewis J. Pollock … and
315 570 2016 73 Loyal Davis … with 312 illustrations. New York, P. B.
313 654 247 63 Hoeber,
589 652 127 65 inc.,
750 657 152 52 1933.

388 752 76 37 xx,
500 740 87 42 678
619 751 44 38 p.
725 738 128 41 illus.
918 739 57 40 26½
1007 742 45 21 cm
1058 772 8 9 .
1136 737 259 50 (Hoeber’s
1431 738 214 49 surgical
1680 736 352 49 monographs)

391 813 374 48 Bibliography:
797 824 43 37 p.
873 811 219 44 563-650.

318 880 53 54 ©
405 887 122 39 Mar.
559 884 72 47 27,
664 882 141 49 1933;
842 883 66 42 2c.
944 885 97 40 and
1074 882 84 43 aff.
1193 884 121 39 Mar.
1350 883 84 47 31;
1471 883 41 39 A
1547 882 171 48 61158;
1755 883 125 39 Paul
1914 883 55 40 B.
2003 881 207 50 Hoeber,
2245 882 92 40 inc.

397 942 254 49 (33-9078)

309 1047 291 66 Pullman,
631 1047 265 55 Maurice
928 1047 54 56 J.

384 1126 146 52 Foot
568 1124 247 70 hygiene
853 1125 114 52 and
1007 1128 233 64 posture
1280 1123 95 53 for
1414 1124 192 53 adults
1646 1124 113 52 and
1799 1123 280 68 children,
2114 1123 76 69 by
2229 1124 105 52 Dr.

313 1202 1457 71 M. J. Pullman … Los Angeles, Calif. [c1933]
381 1293 89 41 200
497 1303 44 39 p.
602 1293 129 40 illus.
792 1293 56 40 23½cm.

317 1364 52 52 ©
412 1369 123 39 Mar.
572 1368 71 48 24,
681 1366 143 48 1933;
864 1366 72 40 2c.,
971 1367 97 39 and
1108 1365 83 41 aff.
1229 1365 114 49 Apr.
1385 1365 53 47 6;
1477 1364 42 40 A
1558 1363 172 48 60916;
1773 1366 63 39 M.
1876 1365 45 41 J.
1960 1364 242 47 Pullman,
2243 1364 93 40 Los

385 1426 224 48 Angeles.
679 1423 253 50 (33-9089)

310 1529 215 65 Raper,
557 1529 237 53 Arthur
823 1527 306 66 Franklin,
1162 1532 171 51 1899-

385 1606 1951 71 The tragedy of lynching, by Arthur F. Raper … Chapel
313 1688 148 68 Hill,
494 1690 124 52 The
651 1688 342 68 University
1026 1689 65 52 of
1124 1688 190 53 North
1350 1685 274 57 Carolina
1659 1704 176 49 press,
1872 1689 152 51 1933.

384 1775 102 48 viii,
514 1775 89 41 499
632 1786 58 38 p.,
720 1775 25 39 1
799 1807 8 8 l.
869 1774 129 41 illus.
1027 1773 162 50 (map)
1230 1773 156 48 diagr.
1446 1773 57 40 22
1506 1775 44 21 cm
1555 1805 9 9 .
1632 1773 116 50 [The
1779 1771 285 49 University
2095 1771 53 41 of
2177 1773 159 41 North

314 1833 245 42 Carolina.
624 1831 159 43 Social
814 1833 147 48 study
991 1831 167 51 series]

386 1905 266 41 Presented
695 1904 62 49 by
801 1905 83 40 the
931 1904 244 41 Southern
1218 1902 313 44 commission
1572 1913 62 30 on
1677 1903 83 40 the
1803 1903 146 48 study
1995 1903 52 39 of
2090 1902 246 49 lynching.

314 1963 63 49 cf.
414 1963 189 42 Introd.

319 2032 52 52 ©
408 2036 123 38 Mar.
565 2035 69 48 27,
670 2033 142 48 1933;
849 2033 67 43 2c.
953 2035 96 39 and
1085 2033 83 41 aff.
1205 2034 123 40 Mar.
1364 2033 83 47 30;
1485 2034 43 38 A
1562 2033 172 47 60840;
1774 2032 284 49 University
2096 2033 51 40 of
2181 2033 158 39 North

387 2093 232 41 Carolina
649 2104 153 38 press,
834 2093 182 48 Chapel
1048 2092 120 48 Hill,
1199 2093 55 39 N.
1289 2092 49 41 C.
1409 2090 253 51 (33-9073)

310 2199 334 65 Rathbone,
676 2200 191 55 Irene.

383 2278 124 52 The
542 2277 136 69 gold
715 2274 130 72 rim,
880 2276 76 70 by
992 2277 168 52 Irene
1197 2275 319 54 Rathbone.
1592 2276 261 68 London,
1888 2276 57 54 J.
1982 2276 81 52 M.
2101 2275 155 53 Dent
2290 2277 47 51 &

311 2375 149 50 sons,
488 2357 105 53 ltd.
630 2358 175 67 [1933]

382 2446 101 49 319,
508 2446 56 51 [1]
587 2456 44 38 p.
692 2444 59 42 19
751 2446 45 22 cm
799 2476 10 11 .

319 2513 52 52 ©
457 2549 9 8 1c.
494 2518 116 47 Apr.
638 2517 39 47 6,
706 2516 143 48 1933;
877 2517 42 39 A
946 2518 63 39 ad
1037 2516 87 42 int.
1153 2516 171 47 17665;
1354 2516 145 48 pubd.
1529 2516 112 40 Feb.
1671 2515 53 48 9;
1756 2518 38 39 I.
1824 2517 271 48 Rathbone,
2125 2518 217 39 London..

398 2574 282 49 (33-11093)

310 2678 296 64 Rintelen,
636 2680 193 53 Franz
857 2695 134 40 von.

383 2758 124 53 The
531 2758 147 53 dark
700 2757 269 67 invader;
997 2758 262 53 wartime
1283 2756 429 55 reminiscences
1738 2757 65 52 of
1827 2776 31 34 a
1885 2758 252 55 German
2162 2759 173 52 naval

311 2836 366 71 intelligence
708 2833 182 57 officer
942 2837 94 69 [by]
1073 2836 254 69 Captain
1359 2854 113 36 von
1500 2837 271 54 Rintelen
1814 2838 218 68 (Franz
2065 2838 271 54 Rintelen

312 2934 111 36 von
458 2916 218 69 Kleist)
723 2916 142 54 with
902 2936 72 34 an
1011 2916 393 54 introduction
1440 2916 76 70 by
1551 2919 72 52 A.
1660 2919 67 52 E.
1762 2919 91 55 W.
1889 2917 221 55 Mason.
312 2920 1997 145 London,
471 2999 64 52 L.
563 2997 257 54 Dickson
846 2997 244 69 limited,
1119 3000 152 53 1933.

388 3086 100 48 287,
519 3087 56 48 [1]
605 3097 43 37 p.
704 3085 165 48 front.,
900 3086 171 48 plates,
1099 3089 166 46 ports.,
1295 3085 191 41 facsim.
1544 3086 56 40 22½
1634 3089 44 21 cm
1684 3120 8 9 .

320 3154 52 52 ©
469 3190 8 7 1c.
514 3159 122 39 Mar.
673 3159 70 44 31,
781 3156 142 49 1933;
963 3158 39 38 A
1039 3159 63 39 ad
1139 3159 86 40 int.
1264 3157 171 47 17642;
1476 3159 143 47 pubd.
1659 3158 111 40 Feb.
1809 3159 81 41 15;
1934 3157 282 41 Macmillan
2255 3167 82 39 co.,

388 3215 117 39 New
536 3214 146 41 York.
753 3215 283 49 (33-10711)

314 3317 274 67 Roberts,
617 3318 264 55 Thomas
910 3316 226 69 Sadler,
1171 3324 173 51 1858-

450 3395 1883 57 … Manual for the identification of the birds of Minnesota
317 3473 2018 71 and neighboring states, by Thomas S. Roberts … Reprinted,
319 3551 141 53 with
499 3551 186 54 minor
724 3553 292 66 revisions,
1056 3552 151 52 from
1246 3555 225 52 volume
1508 3559 112 47 two
1659 3553 64 53 of
1759 3553 89 54 his
1886 3553 157 55 “The
2080 3551 160 57 birds
2275 3554 62 53 of

317 3628 374 56 Minnesota”.
759 3628 404 70 Minneapolis,
1195 3631 122 52 The
1347 3630 338 70 University
1715 3631 64 52 of
1807 3631 325 55 Minnesota
2162 3649 174 52 press,

321 3710 149 50 1932.

388 3779 103 47 xiii,
518 3779 208 42 459-738
749 3792 43 37 p.
852 3781 137 40 front.
1033 3780 162 49 (map)
1229 3780 145 50 illus.,
1401 3783 27 39 2
1452 3794 62 37 pl.
1543 3794 59 29 on
1631 3783 25 39 1
1703 3815 9 9 l.
1768 3782 55 41 23½
1857 3785 15 22 cm
1905 3816 10 10 .

391 3851 62 39 At
478 3851 124 39 head
628 3852 52 39 of
706 3851 134 43 title;
870 3854 221 39 Museum
1119 3853 51 39 of
1197 3854 198 39 natural
1422 3854 204 48 history,
1653 3854 284 49 University
1963 3856 51 41 of
2042 3855 291 42 Minnesota.

325 3921 52 52 ©
411 3925 112 42 Dec.
555 3926 69 44 20,
659 3926 140 46 1932;
833 3927 68 40 2c.
934 3926 114 49 Apr.
1081 3928 41 45 3,
1154 3927 114 40 1933;
1331 3926 83 41 aff.
1448 3927 114 48 Apr.
1597 3928 52 46 1;
1685 3928 39 38 A
1759 3927 171 48 60882;
1967 3927 285 49 University
2286 3928 51 39 of

391 3982 291 48 Minnesota,
718 3983 339 48 Minneapolis.
1129 3984 253 49 (33-8770)
