2484 4405
1041 4085 134 52 1027

123 424 265 54 Catholic
423 425 239 54 church.
736 423 250 71 Liturgy
1019 427 116 52 and
1167 427 193 53 ritual.
1436 427 257 68 Manual,
1729 426 323 57 Carmelite.

290 502 1829 56 … Manual of the divine offices for the use of the Discalced
122 596 145 36 nuns
297 578 63 54 of
390 580 95 52 the
516 579 186 55 Order
733 581 63 53 of
825 580 96 54 the
951 582 234 52 Blessed
1213 582 212 67 Virgin
1456 583 171 66 Mary
1658 582 63 53 of
1749 589 199 47 mount
123 583 1972 138 Carmel;
293 657 316 52 translated
636 659 75 66 by
739 659 97 52 the
867 658 335 54 Carmelites
1234 660 63 53 of
1324 660 142 53 New
1496 659 259 55 Orleans.
1842 662 140 52 [New
122 661 1974 140 Orleans,
321 733 309 55 Louisiana
659 735 263 68 printing
952 754 297 50 company]
1287 741 152 50 1932.

193 820 101 49 406,
325 820 55 51 [2],
425 821 70 40 xii
521 833 43 38 p.
625 820 145 43 19½cm.

198 890 296 50 “Gregorian
518 892 190 48 melody
731 892 79 41 for
835 893 82 41 the
940 894 187 47 hymns,
1152 894 195 48 psalms,
1374 897 103 45 etc.,
1503 897 118 39 used
1647 898 52 38 at
1724 898 82 40 the
1830 901 293 40 ceremonies

126 947 51 41 of
202 948 291 42 investiture
518 950 96 39 and
640 949 235 48 veiling”:
906 961 43 37 p.
979 949 267 51 [394]-[408]

124 1017 52 52 ©
201 1022 116 39 Nov.
344 1022 68 46 14,
438 1020 141 47 1932;
607 1021 66 40 2c.
700 1021 111 39 Dec.
838 1021 80 46 12;
947 1019 81 41 aff.
1057 1021 110 40 Feb.
1193 1022 70 46 27,
1291 1022 140 47 1933;
1460 1023 41 39 A
1526 1023 170 48 60428;
1727 1025 255 41 Discalced
192 1028 1913 90 Carmelites
408 1079 52 39 of
485 1079 118 39 New
631 1078 217 46 Orleans,
878 1078 117 38 New
1024 1078 219 40 Orleans.
1314 1079 279 50 (33-18639)

120 1180 263 66 Cennini,
415 1181 278 67 Cennino,
793 1182 61 51 15th
883 1188 139 47 cent.

302 1258 1813 69 … Il libro dell’arte. [v. 2] The craftsman’s handbook;
117 1338 1894 77 translated from the Italian by Daniel V. Thompson, jr. …
117 1418 139 53 New
290 1418 224 67 Haven,
549 1418 145 54 Yale
726 1417 319 70 university
1077 1437 186 50 press;
1299 1421 257 57 London,
1590 1423 76 52 H.
1701 1424 266 60 Milford,
116 1426 1978 123 Oxford
278 1496 319 68 university
623 1515 173 51 press,
826 1501 148 49 1933.

190 1584 151 47 xxvii,
369 1584 85 38 142
481 1594 41 37 p.
584 1583 144 48 illus.,
756 1583 119 42 fold.
905 1595 60 36 pl.
1027 1583 117 41 24cm.

190 1656 64 39 At
281 1656 125 38 head
435 1655 51 40 of
513 1654 134 40 title:
680 1653 214 41 Cennino
923 1654 243 41 d'Andrea
1198 1655 205 41 Cennini
1431 1659 61 38 da
1524 1658 135 41 Colie
1685 1660 49 40 di
1765 1662 90 39 Val
1885 1662 180 45 d’Elsa.

191 1712 289 39 “Published
510 1723 59 28 on
601 1712 83 39 the
712 1712 145 39 Louis
892 1711 142 40 Stern
1063 1713 255 40 memorial
1347 1714 167 41 fund”.

124 1778 51 53 ©
206 1783 129 40 June
361 1783 69 47 20,
460 1782 140 47 1933;
632 1783 66 39 2c.
730 1783 127 39 June
885 1782 83 47 23;
999 1782 80 40 aff.
1113 1784 126 39 June
1269 1784 82 47 22;
1385 1786 41 38 A
1456 1786 169 48 64121;
1659 1789 119 41 Yale
1810 1790 129 43 univ.
1971 1804 148 37 press.

115 1882 235 69 Cheley,
381 1886 200 53 Frank
609 1885 250 66 Hobart,
891 1887 175 52 1889-
1206 1884 87 58 ed.

195 1954 1924 78 Camping out, edited by Frank H. Cheley … New York,
122 2041 122 52 The
278 2041 295 55 University
651 2041 225 69 society,
912 2040 400 69 incorporated
1369 2042 177 65 [c1933]

189 2138 45 37 x,
263 2127 88 39 400
377 2139 42 37 p.
477 2128 86 40 col.
589 2127 164 49 front.,
783 2128 144 47 illus.,
954 2129 157 47 plates
1140 2128 48 48 (1
1220 2127 111 47 col.)
1371 2127 178 47 diagrs.
1606 2125 115 41 19cm.
1792 2122 322 49 (Leadership

121 2183 163 42 series.
347 2203 56 31 [v.
434 2184 97 50 10])

191 2254 182 49 “Songs
403 2255 79 40 for
514 2257 84 39 the
627 2255 195 49 camp”:
855 2267 42 37 p.
929 2255 218 41 321-400.

121 2327 51 53 ©
210 2333 114 46 May
358 2331 69 46 22,
465 2330 141 46 1933;
645 2330 66 40 2c.
749 2330 128 39 June
912 2329 52 46 6;
1004 2328 81 41 aff.
1126 2329 126 39 June
1290 2329 82 45 17;
1412 2328 41 38 A
1491 2327 171 46 64026;
1703 2324 282 48 University
2024 2333 93 32 soc.

187 2388 89 40 inc.
348 2387 279 49 (33-18784)

115 2489 402 56 Connecticut.
592 2491 277 67 Supreme
897 2496 159 49 court
1085 2491 64 65 of
1177 2507 200 36 errors.

185 2565 1928 73 Cases argued and determined … April-December, 1932.
112 2666 53 34 v.
213 2651 116 50 115.
404 2649 90 67 By
539 2648 254 53 Richard
837 2650 78 51 H.
962 2647 267 68 Phillips.
1304 2646 313 68 Hartford,
1661 2644 313 55 Published
2020 2643 95 53 for

115 2727 96 53 the
233 2732 145 49 state
403 2727 63 52 of
491 2726 389 69 Connecticut,
903 2728 76 67 by
1005 2728 66 52 E.
1099 2728 67 51 E.
1194 2727 211 52 Dissell
1430 2730 45 50 &
1500 2744 98 49 co.,
1624 2728 150 49 1933.

186 2814 96 47 xiv,
313 2813 82 40 821
427 2824 42 37 p.
529 2813 143 40 23½cm.

119 2880 52 52 ©
201 2885 113 47 Apr.
344 2884 69 47 24,
443 2883 112 40 1933;
616 2883 66 40 2c.
714 2884 119 47 July
859 2884 82 46 17;
973 2883 82 40 aff.
1087 2884 118 46 July
1234 2883 81 46 31;
1349 2883 44 39 A
1421 2882 170 46 64611;
1626 2882 126 39 John
1784 2881 54 39 A.
1870 2880 246 46 Danaher,

191 2943 246 45 secretary
463 2941 51 40 of
540 2942 82 39 the
647 2942 129 38 state
802 2940 52 40 of
880 2940 329 47 Connecticut,
1238 2940 255 40 Hartford.
1907 2936 118 42 6830

114 3039 174 69 Cook,
317 3041 246 57 Charles
587 3043 332 65 Augustus,
949 3047 171 51 1856-

184 3120 211 69 Money
422 3137 218 52 power;
673 3140 31 33 a
735 3121 171 69 study
935 3121 60 51 in
1026 3120 297 55 Christian
1349 3117 398 71 stewardship,
1774 3119 76 69 by
1879 3117 236 56 Charles

114 3199 73 54 A.
217 3198 172 55 Cook.
451 3199 139 54 New
617 3200 163 53 York
829 3205 119 62 [etc.]
980 3199 268 70 Fleming
1275 3200 77 52 H.
1379 3199 199 53 Revell
1605 3215 280 52 company
1918 3199 192 67 [c1933]

186 3273 54 40 91
271 3285 42 37 p.
403 3273 117 41 19½cm.

119 3340 52 52 ©
207 3345 116 48 July
357 3347 39 45 1,
432 3345 113 40 1933;
609 3345 65 40 2c.
712 3346 96 39 and
843 3345 81 42 aff.
961 3346 116 47 July
1114 3344 53 48 8;
1203 3346 42 38 A
1280 3345 170 46 63509;
1490 3345 221 48 Fleming
1745 3345 61 41 H.
1843 3345 168 39 Revell
2046 3354 67 30 co.

196 3402 278 48 (33-18915)

113 3501 333 68 Cortelyou,
473 3505 227 64 George
727 3506 208 64 Bruce,
966 3511 172 50 1862-

185 3582 1934 70 The gas industry; address of George B. Cortelyou … before
115 3658 307 55 Princeton
445 3661 318 68 university
785 3662 60 52 in
869 3663 96 53 the
989 3664 186 66 Cyrus
1200 3665 165 65 Fogg
1390 3663 273 52 Brackett
1685 3662 343 66 lectureship
2055 3661 55 51 in

116 3738 232 67 applied
383 3738 368 70 engineering
788 3742 112 53 and
936 3741 358 68 technology,
1331 3742 262 67 January
1630 3743 82 64 10,
1750 3744 149 50 1933.
1975 3741 136 52 New

116 3815 179 68 York,
324 3822 149 50 1933.

185 3889 1010 52 3 p. l., 26, [1] p. plates (1 fold.) 23½cm.
120 3955 52 52 ©
204 3961 116 47 July
350 3961 69 47 10,
451 3961 141 47 1933;
625 3963 67 40 2c.
725 3964 96 39 and
853 3964 79 39 aff.
969 3965 116 47 July
1118 3965 81 45 13;
1235 3965 41 38 A
1308 3964 169 46 63586;
1515 3964 52 41 G.
1602 3965 54 40 B.
1690 3964 273 51 Cortelyou,
1997 3963 118 41 New

190 4017 142 40 York.
404 4018 279 48 (33-18799)
