2575 4405
1034 4069 102 51 241

105 428 261 65 Aldrich,
396 428 151 52 Fred
577 428 324 61 Hampson,
933 429 171 51 1861-

175 505 53 51 A
263 503 230 55 treatise
527 522 71 34 on
636 503 96 52 the
766 503 111 52 law
912 502 63 53 of
1011 507 324 62 mortgages
1373 500 62 53 of
1473 502 117 51 real
1628 505 294 62 property,
1959 499 137 53 with

106 601 32 33 a
163 583 234 67 chapter
422 600 71 35 on
520 582 95 52 the
643 580 345 53 foreclosure
1015 579 63 53 of
1104 578 137 53 land
1271 583 282 48 contracts
1582 578 139 52 with
1750 577 112 53 full
102 576 1969 151 Michigan

101 655 1974 150 citations, by Fred H. Aldrich … 2d ed. Chicago, Callaghan
283 736 112 53 and
422 753 298 50 company,
747 737 152 50 1933.

174 822 170 48 xxviii,
373 821 85 41 650
484 833 43 37 p.
586 820 58 41 26
647 823 43 21 cm
694 852 10 10 .

177 877 133 41 First
340 877 184 41 edition
553 876 255 50 published
841 876 112 40 1923
986 877 154 40 under
1171 877 136 40 title:
1340 877 39 38 A
1412 876 248 49 Michigan
1692 877 203 42 treatise
1928 890 59 29 on
2020 880 81 39 the

105 934 93 40 law
226 936 52 41 of
301 937 276 47 mortgages
604 934 52 42 of
682 934 102 41 real
811 936 245 46 property.

105 1004 52 52 ©
184 1009 119 39 Mar.
330 1008 39 47 6,
394 1006 140 42 1933:
562 1007 66 39 2c.
655 1007 120 40 Mar.
803 1006 53 46 8;
884 1005 82 41 aff.
992 1006 122 39 Mar.
1140 1004 51 48 9;
1221 1006 39 38 A
1287 1005 169 41 60518;
1488 1005 50 41 F.
1565 1006 60 40 H.
1652 1005 214 48 Aldrich,
1894 1006 207 42 Detroit.

182 1064 249 49 (33-5765)

100 1163 316 56 American
461 1166 111 52 and
616 1165 300 56 Canadian
956 1165 307 69 hospitals;
1309 1184 32 33 a
1381 1163 287 55 reference
1707 1165 148 54 book
1895 1163 202 71 giving

168 1242 312 68 historical,
508 1243 304 53 statistical
843 1243 113 53 and
987 1243 162 52 other
1178 1241 381 54 information
1589 1260 73 35 on
1693 1242 96 53 the
1819 1241 281 69 hospitals

169 1322 113 53 and
311 1321 172 53 allied
515 1320 358 54 institutions
904 1319 64 54 of
997 1320 97 53 the
1122 1320 220 54 United
1373 1318 190 56 States
1594 1320 113 53 and
1738 1319 362 69 possessions,

169 1399 113 53 and
308 1398 97 54 the
430 1398 294 54 dominion
749 1397 66 54 of
842 1397 255 69 Canada,
1124 1397 190 54 edited
1339 1398 76 69 by
1442 1397 195 55 James
1667 1396 178 57 Clark
1872 1397 229 71 Fifield,

168 1476 141 54 with
344 1476 96 54 the
476 1475 365 69 cooperation
877 1475 64 54 of
975 1475 96 54 the
1106 1475 308 54 American
1452 1476 253 68 hospital
1742 1475 356 55 association.

167 1553 404 70 Minneapolis,
603 1553 272 54 Midwest
907 1553 323 69 publishers
1263 1571 282 52 company
1628 1556 153 65 [c1933]

167 1626 117 42 1560
307 1637 44 39 p.
410 1628 87 41 col.
523 1627 164 51 front.,
714 1627 26 40 1
768 1626 129 43 illus.
956 1627 57 40 27
1017 1629 43 21 cm
1064 1659 8 9 .

168 1683 226 42 Lettered
431 1695 60 30 on
527 1694 166 31 cover:
734 1683 214 42 Fifield’s
983 1682 257 43 American
1281 1680 46 45 &
1366 1683 252 42 Canadian
1657 1683 254 49 hospitals.

103 1752 52 52 ©
187 1756 110 41 Feb.
328 1756 70 47 27,
427 1756 140 48 1933;
601 1757 65 40 2c.
700 1757 122 40 Mar.
854 1757 52 47 2;
942 1756 80 41 aff.
1057 1758 122 41 Mar.
1212 1757 52 46 1;
1299 1757 40 38 A
1372 1756 169 42 59736;
1578 1756 226 41 Midwest
1836 1756 164 49 pubrs.
2032 1769 65 29 co.

179 1813 250 48 (33-5566)

99 1915 315 55 American
453 1916 224 55 council
712 1934 73 36 on
824 1917 331 54 education.
1232 1917 236 54 Central
1504 1917 320 54 committee
1861 1935 74 36 on
167 1935 1906 114 personnel
388 1996 275 54 methods.

167 2071 418 54 Measurement
620 2073 113 53 and
765 2073 282 68 guidance
1079 2073 63 54 of
1177 2075 212 67 college
1420 2074 288 67 students;
1744 2072 126 55 first
1902 2079 195 63 report

98 2148 64 52 of
184 2149 96 53 the
308 2150 338 55 Committee
671 2170 71 35 on
769 2152 300 67 personnel
1096 2152 258 53 methods
1381 2152 63 53 of
1470 2152 95 53 the
1593 2152 307 53 American
99 2170 1972 108 council

213 2245 72 34 on
325 2226 319 69 education,
685 2229 141 53 with
869 2247 72 35 an
981 2228 390 54 introduction
1411 2230 75 66 by
1528 2230 164 53 Dean
1734 2229 251 55 Herbert
2025 2230 69 52 E.

99 2301 1998 75 Hawkes … chairman of the committee. [Baltimore] Pub. for
96 2380 95 54 the
218 2381 307 55 American
552 2385 219 52 council
799 2403 74 35 on
901 2385 301 53 education
1229 2386 74 66 by
1331 2386 97 53 the
1452 2385 289 56 Williams
1770 2389 47 51 &
1842 2387 252 55 Wilkins

98 2477 296 51 company,
426 2465 152 50 1933.

169 2530 67 50 xi,
265 2531 85 42 199
375 2543 44 38 p.
445 2533 110 42 incl.
581 2533 195 49 diagrs.,
803 2533 169 43 forms.
1030 2533 56 41 23½
1119 2537 44 22 cm
1166 2566 10 11 .

170 2587 225 43 Includes
426 2590 392 50 bibliographies.

101 2656 52 52 ©
181 2661 111 41 Feb.
319 2661 68 47 23,
416 2661 140 47 1933;
586 2661 68 42 2c.
681 2663 95 39 and
805 2662 84 42 aff.
917 2663 110 41 Feb.
1055 2662 82 48 24;
1167 2664 42 38 A
1236 2664 171 47 60375;
1438 2665 158 41 Amer.
1625 2664 186 42 council
1841 2677 60 29 on
167 2668 1912 97 education,

319 2718 335 48 Washington.
724 2719 252 49 (33-5589)

97 2820 308 67 Andrews,
435 2821 336 57 Columbus.

165 2897 480 55 Administrative
690 2904 207 63 county
942 2908 370 59 government
1354 2903 60 52 in
1461 2901 181 55 South
1690 2901 286 71 Carolina,
2022 2903 73 70 by

99 2973 1934 77 Columbus Andrews … addendum by Marion A. Wright …
98 3051 215 69 Chapel
337 3052 146 69 Hill,
506 3053 121 53 The
650 3054 337 69 University
1011 3055 62 52 of
1097 3055 185 55 North
1310 3055 269 59 Carolina
1606 3076 171 48 press,
1803 3062 149 50 1933.

165 3122 50 40 ix
248 3133 59 38 p.,
341 3124 26 38 2
433 3155 10 17 l.,
477 3124 145 41 3-245
653 3136 43 38 p.
758 3126 131 41 illus.
918 3127 160 48 (map)
1120 3127 179 49 diagrs.
1362 3129 55 40 23½
1451 3132 44 21 cm
1500 3162 9 8 .
1576 3132 115 47 [The
1726 3132 282 49 University
2042 3134 51 41 of

95 3178 156 42 North
283 3180 244 43 Carolina.
592 3181 158 42 Social
782 3182 147 48 study
963 3184 165 49 series]

166 3236 375 50 Bibliography:
576 3248 42 38 p.
653 3237 218 43 209-216.

101 3305 52 52 ©
190 3310 109 40 Jan.
335 3310 69 49 26,
440 3310 140 48 1933;
617 3312 64 40 2c.
722 3313 96 39 and
855 3312 80 41 aff.
974 3312 110 41 Jan.
1121 3314 82 47 28;
1243 3314 40 39 A
1320 3314 170 48 60057;
1531 3316 282 49 University
1852 3318 51 40 of
1940 3319 156 38 North

167 3366 227 41 Carolina
429 3378 148 37 press.
649 3368 251 48 (33-5756)

97 3467 283 67 Andress,
410 3471 202 53 James
638 3472 185 64 Mace,
854 3477 170 50 1881-

228 3548 1862 70 … Health and good citizenship, by J. Mace Andress … and
95 3621 1997 79 W. A. Evans … Rev. ed. Boston, New York [etc.] Ginn and
94 3720 279 50 company
431 3707 152 64 [1933]

168 3783 47 38 x,
245 3774 86 40 419
363 3786 43 38 p.
466 3775 128 41 illus.
623 3775 135 50 (part
789 3776 113 49 col.)
945 3776 86 42 col.
1066 3779 171 48 plates,
1270 3778 179 52 diagrs.
1512 3781 55 40 19
1571 3784 43 21 cm
1618 3814 10 9 .
1701 3784 124 49 (The
1855 3788 238 48 practical

98 3831 167 41 health
293 3833 163 46 series,
485 3833 123 41 book
633 3835 121 44 two)

99 3899 52 52 ©
180 3904 108 40 Feb.
317 3904 39 46 1,
385 3903 111 40 1933
516 3914 8 35 ;
554 3903 64 40 2c.
651 3904 109 40 Feb.
789 3904 83 46 23;
902 3903 82 42 aff.
1015 3905 110 40 Feb.
1153 3905 82 46 24;
1267 3907 40 39 A
1336 3907 169 46 60378;
1537 3911 43 39 J.
1611 3912 62 40 M.
1703 3913 228 45 Andress,
167 3917 1910 90 Newtonville,

415 3961 160 45 Mass.,
611 3962 95 39 and
739 3960 71 40 W.
846 3961 55 39 A.
936 3962 176 47 Evans,
1150 3962 222 49 Chicago.
1444 3965 250 51 (33-5591)
