2582 4453
1333 4082 136 55 1724

398 394 247 69 [Mount,
674 392 261 57 Thomas
966 394 240 68 Ernest]
1245 395 171 52 1895-

462 472 278 69 Mustang
766 470 155 69 trail,
945 471 74 68 by
1047 467 201 57 Oliver
1272 469 164 70 King
1485 471 180 69 [pseud.]
1766 470 138 53 New
1936 469 181 70 York,
2141 470 89 52 W.
393 470 1996 134 Morrow
543 550 114 56 and
692 568 298 50 company,
1027 552 150 50 1933.

461 622 85 42 271
585 634 44 38 p.
690 622 57 41 20
750 624 43 22 cm
799 654 9 9 .

394 694 51 52 ©
474 699 111 39 Dec.
615 698 38 47 6,
681 697 114 41 1933;
874 697 69 40 2c.
970 698 96 39 and
1094 696 83 41 aff.
1206 698 112 40 Dec.
1347 697 83 47 12;
1460 698 42 38 A
1528 697 173 47 68474;
1731 697 51 41 T.
1813 698 53 40 E.
1894 698 186 47 Mount,
2108 696 309 49 Woodstock,

463 756 56 40 N.
546 756 54 39 Y.
675 756 284 48 (33-37444)

391 859 285 54 National
705 859 399 54 tuberculosis
1134 859 382 56 association.

463 935 411 57 Transactions
911 937 63 53 of
1006 938 98 53 the
1138 938 416 69 twenty-ninth
1590 939 213 51 annual
1836 938 271 69 meeting,
2141 940 275 64 Toronto,

395 1014 265 71 Ontario,
698 1018 155 54 June
891 1019 85 66 26,
1013 1016 85 69 27,
1138 1019 85 66 28,
1259 1019 85 66 29,
1384 1019 84 67 30,
1508 1019 151 52 1933.
1736 1019 140 52 New
1917 1016 181 70 York,
2138 1016 276 55 National

391 1096 377 53 tuberculosis
801 1096 344 53 association
1184 1129 12 34 [
1203 1102 17 21 c
1225 1099 154 64 1933]

459 1170 1047 49 471 p., 1 l. plates, tables, diagrs. 23½cm.
393 1223 1972 53 © Dec. 15, 1933; 2c. and aff. Dec. 20; A 67627; Natl. tuberculosis assn.
392 1391 147 52 New
567 1390 275 65 England
870 1391 163 53 hotel
1060 1392 282 53 women’s
1369 1390 175 54 relief
1571 1390 381 66 association,
1982 1390 432 66 incorporated,

461 1471 239 54 Boston.

460 1547 123 53 The
608 1546 142 54 New
777 1547 275 69 England
1078 1548 155 53 hotel
1261 1547 265 54 women’s
1551 1547 319 67 cookbook;
1900 1566 73 33 an
1999 1547 246 52 unusual
2271 1546 147 53 book

388 1627 66 53 of
488 1625 192 55 choice
717 1627 115 52 and
868 1626 279 68 practical
1185 1626 216 69 recipes
1437 1627 365 53 contributed
1838 1626 75 69 by
1950 1626 97 53 the
2083 1626 140 54 New
388 1627 2006 131 England

565 1704 1853 70 hotel women and chefs … compiled and written by the
388 1786 140 52 New
569 1785 275 68 England
884 1784 155 53 hotel
1079 1785 265 53 women’s
1385 1783 171 55 relief
1596 1783 360 69 association,
1995 1783 420 70 incorporated.

393 1865 257 66 [Boston,
684 1867 152 63 1933]

461 1938 99 48 131,
598 1939 53 50 [1]
687 1949 44 38 p.
791 1938 119 42 20cm.

462 1997 228 40 Includes
720 1997 148 39 blank
897 2006 148 38 pages
1073 1995 79 41 for
1184 1996 111 47 “My
1323 2006 109 29 own
1462 1994 228 49 recipes".

393 2049 51 54 ©
473 2056 120 41 Nov.
619 2055 69 48 21,
717 2054 141 48 1933;
887 2054 68 42 2c.
983 2054 118 41 Nov.
1129 2054 83 48 27;
1243 2053 84 44 aff.
1355 2055 119 40 Nov.
1502 2054 84 48 25;
1616 2054 41 40 A
1684 2053 171 49 67263;
1886 2054 119 41 New
2033 2053 225 49 England
2286 2054 134 41 hotel

461 2113 228 41 women's
719 2113 144 40 relief
891 2123 129 30 assn.
1094 2112 284 49 (33-37481)

393 2217 146 53 New
567 2217 183 52 York.
829 2217 230 64 George
1087 2216 400 65 Washington
1517 2216 147 65 high
1693 2216 218 56 school.

462 2294 123 53 The
636 2293 176 69 poets’
864 2292 147 70 pack
1062 2293 64 52 of
1176 2292 223 69 George
1449 2290 383 71 Washington
1885 2293 142 67 high
2081 2292 207 69 school,
2339 2292 73 69 by

394 2373 275 54 members
708 2372 63 53 of
807 2374 97 53 the
942 2372 212 69 Poetry
1192 2372 129 53 club
1360 2372 113 54 and
1510 2373 96 52 the
1643 2378 203 64 poetry
1886 2373 159 66 class,
2086 2370 326 54 1927-1931.

393 2451 138 53 New
565 2452 180 68 York,
774 2452 88 52 W.
894 2452 68 51 E.
994 2449 223 71 Pudge,
1250 2453 149 51 1932.

462 2523 119 49 xxii,
622 2524 86 41 299
748 2535 41 38 p.
852 2525 56 40 19
911 2526 44 21 cm
961 2556 8 8 .

395 2581 51 53 ©
474 2587 128 39 June
627 2587 70 46 14,
723 2586 143 46 1932;
894 2587 67 39 2c.
991 2587 95 38 and
1114 2585 82 40 aff.
1224 2585 119 40 Nov.
1371 2587 40 45 1,
1440 2585 141 47 1983;
1611 2586 41 38 A
1679 2585 137 40 66841;
1883 2585 184 49 George
2095 2585 323 47 Washington

465 2644 117 47 high
614 2644 178 46 school,
825 2644 119 39 New
974 2644 146 39 York.
1196 2642 284 49 (33-37190)

393 2749 308 65 Newman,
729 2747 256 66 Barclay
1013 2749 195 55 Moon.

463 2824 1952 71 Advanced biology, by Barclay Moon Newman … New York
393 2902 135 71 city,
556 2903 234 71 College
819 2909 268 50 entrance
1117 2905 149 54 book
1293 2925 283 50 company
1611 2940 12 34 [
1629 2912 18 22 c
1652 2908 154 65 1933]

466 2988 43 37 V,
539 2978 72 49 [1],
639 2979 99 48 179,
769 2978 102 51 [18],
897 2991 28 28 v
950 2991 43 37 p.
1055 2979 128 41 illus.
1246 2979 55 41 18½cm.

467 3037 102 38 “An
598 3037 252 41 advanced
880 3037 192 49 biology
1103 3036 398 50 bibliography”:
1535 3048 43 38 p.
1610 3038 98 40 179.

395 3091 51 52 ©
478 3097 110 39 Dec.
617 3096 40 47 2,
687 3095 141 42 1933:
859 3096 67 40 2c.
956 3097 96 38 and
1083 3095 82 42 aff.
1196 3096 111 39 Dec.
1339 3097 51 39 7:
1423 3097 40 37 A
1492 3095 172 48 68415;
1698 3096 193 47 College
1920 3098 233 39 entrance
2183 3098 122 38 book
2334 3108 83 30 co.,

463 3153 90 40 inc.
626 3153 284 49 (33-37468)

392 3254 263 67 Nichols,
694 3256 307 65 Beverley,
1043 3259 172 51 1899-

462 3334 55 52 A
554 3334 274 54 thatched
864 3333 133 55 roof
1056 3334 93 70 [by]
1193 3335 280 67 Beverley
1511 3335 267 68 Nichols;
1817 3336 329 54 illustrated
2183 3336 75 70 by
2295 3337 122 53 Rex

395 3414 291 53 Whistler.
762 3414 263 67 London,
1055 3414 57 55 J.
1148 3413 157 70 Cape
1364 3418 152 64 [1933]

461 3487 1353 51 2 p. l., 7-285 p. incl. front., illus., plates. 20½ cm .
463 3545 288 41 Illustrated
790 3547 98 47 t.-p.
923 3547 97 40 and
1056 3545 366 50 lining-papers.

395 3599 2019 53 © 1c. Nov. 29, 1933; A ad int. 18409: pubd. Nov. 6; B. Nichols, London.
474 3660 283 50 (33-38449)

394 3764 261 66 Nilsson,
685 3766 240 57 Fritiof.

465 3844 202 52 Bombi
699 3844 144 54 Bitt,
867 3844 76 68 by
969 3844 222 52 Fritiof
1217 3844 227 54 Nilsson:
1506 3846 312 52 translated
1852 3845 151 54 from
2030 3845 97 54 the
2155 3843 255 58 Swedish

390 3921 77 69 by
502 3922 184 53 Paula
720 3922 272 69 Wiking;
1031 3924 137 51 with
1211 3944 26 33 a
1278 3923 233 68 preface
1545 3924 75 68 by
1655 3924 105 52 Nis
1796 3926 285 52 Petersen.
2154 3924 259 55 London,

392 4001 62 52 L.
490 4001 273 68 Dickson,
798 4001 226 54 limited
1087 4005 152 64 [1933]
