2575 4405
1134 4095 66 49 49

149 430 246 65 Adams,
425 429 185 54 Edith
639 431 67 55 E.

218 508 56 53 A
322 506 173 69 guide
542 513 58 47 to
650 506 305 54 children’s
1005 506 298 53 literature
1351 505 61 54 in
1462 506 97 53 the
1608 502 157 71 early
1814 504 346 69 elementary

147 586 234 68 grades;
432 584 93 54 for
570 584 261 69 training
877 585 219 67 classes,
1141 581 701 71 kindergarten-primary
1887 583 275 68 teachers,

149 665 114 52 and
303 667 251 65 parents,
589 663 78 68 by
705 662 184 53 Edith
929 663 67 52 E.
1037 662 220 53 Adams
1301 704 56 10 …
1436 662 138 53 Rev.
1615 663 87 52 ed.
1775 661 138 53 Ann
1950 659 211 70 Arbor,

147 742 194 67 Mich.,
371 741 68 56 G.
468 743 200 67 Wahr,
699 744 153 49 1933.

219 815 88 41 157
337 826 44 39 p.
441 815 59 41 19½
529 818 45 21 cm
580 847 9 10 .

219 873 161 40 Blank
406 883 147 38 pages
579 872 80 40 for
688 870 314 41 “Additional
1030 870 303 41 references”
1362 870 345 48 interspersed.

153 925 53 53 ©
238 931 109 39 Jan.
381 931 39 47 6,
452 930 141 47 1933;
627 929 67 42 2c.
727 930 111 41 Jan.
871 929 56 40 20;
989 928 82 41 aff.
1104 929 110 40 Jan.
1248 929 81 46 14;
1365 930 41 38 A
1439 928 171 48 59039;
1647 930 53 39 E.
1735 930 54 39 E.
1822 929 197 46 Adams,
2052 930 108 38 Ann

225 988 168 41 Arbor.
464 986 250 52 (33-2497)

150 1064 319 55 American
502 1063 655 66 gastro-enterological
1188 1063 379 57 association.

221 1141 376 70 Thirty-fifth
637 1145 212 50 annual
887 1143 250 68 meeting
1179 1186 55 9 …
1310 1144 179 51 Hotel
1526 1144 333 67 Traymore,
1894 1142 265 55 Atlantic

152 1219 154 71 City,
345 1223 69 53 N.
456 1223 75 66 J.,
569 1225 139 65 May
746 1225 32 48 2
820 1223 113 51 and
972 1226 48 63 3,
1063 1225 151 49 1932.
1290 1223 236 67 Boston,
1564 1222 194 68 Mass.,
1795 1221 363 70 Purchasing

151 1300 233 68 bureau,
414 1302 217 51 Boston
661 1302 221 53 council
913 1301 64 53 of
1004 1301 173 55 social
1207 1301 258 68 agencies
1500 1335 13 34 [
1519 1308 17 21 c
1542 1305 135 49 1932
1682 1335 12 33 ]

222 1387 80 36 xx,
329 1376 86 40 354
441 1387 43 37 p.
541 1376 143 48 illus.,
713 1377 171 46 tables,
913 1377 179 46 diagrs.
1151 1376 54 40 23½
1239 1378 44 20 cm
1290 1408 7 8 .

225 1433 227 41 Lettered
482 1444 61 29 on
575 1443 167 30 cover:
777 1434 365 45 Transactions,
1175 1432 129 42 1932.

157 1484 2009 54 © Dec. 12, 1932; 2c. Dec. 15; aff. Jan. 19, 1933; A 58458; Purchasing
226 1547 200 48 bureau,
455 1549 183 39 Boston
667 1547 188 41 council
885 1548 53 40 of
964 1547 149 40 social
1143 1547 236 48 agencies.

154 1622 316 57 American
501 1622 216 67 optical
746 1640 309 50 company,
1084 1624 412 69 Southbridge,
1522 1626 174 53 Mass.

230 1745 56 11 …
339 1699 307 71 Orthoptic
693 1700 259 70 training
998 1700 142 55 with
1186 1702 97 54 the
1330 1707 179 49 stereo
1555 1701 316 68 orthoptor.
152 1700 1987 148 Southbridge,
399 1779 190 69 Mass.,
621 1782 151 51 1933.

222 1851 57 40 74
307 1860 44 39 p.
411 1850 164 50 front.,
606 1850 144 49 illus.,
783 1850 181 50 diagrs.
1023 1852 56 41 23
1082 1854 45 21 cm
1131 1883 9 8 .

222 1908 65 40 At
319 1908 125 41 head
479 1907 53 42 of
562 1908 137 41 title:
735 1908 260 41 American
1029 1908 179 49 optical
1243 1919 251 38 company.

223 1964 350 50 Bibliography
598 1967 54 39 at
678 1965 93 41 end
797 1965 54 40 of
875 1975 131 31 some
1032 1965 53 40 of
1108 1966 83 40 the
1218 1966 241 47 chapters.

159 2035 1989 110 © Jan. 9, 1933; 2c. and aff. Jan. 14; A 57960; Amer. optical co., Southbridge, Mass. (33-2537)
154 2173 316 55 American
504 2173 167 54 radio
700 2173 168 64 relay
898 2173 228 64 league.

225 2250 122 53 The
377 2250 163 53 radio
574 2250 303 53 amateur’s
909 2248 334 69 handbook;
1279 2273 31 33 a
1342 2250 233 52 manual
1610 2248 65 55 of
1708 2255 258 47 amateur
157 2250 2008 148 high-frequency

502 2329 164 53 radio
701 2328 499 69 communication,
1234 2326 77 72 by
1348 2330 97 52 the
1480 2329 411 68 headquarters
1928 2329 135 54 staff
2102 2328 65 55 of

155 2408 96 52 the
287 2406 308 54 American
632 2407 163 53 radio
835 2408 158 68 relay
1031 2408 216 68 league.
1324 2408 131 52 10th
1494 2408 85 52 ed.
1651 2407 163 54 West
1851 2406 316 70 Hartford,

157 2485 200 67 Conn.,
383 2486 123 53 The
529 2484 310 54 American
866 2485 164 54 radio
1058 2483 159 71 relay
1242 2485 218 69 league,
1487 2485 128 63 inc.,
1644 2488 154 51 1933.

225 2557 1422 50 4 p. l., 220, ix-xx p. incl. front., illus., diagrs. 24 cm .
227 2614 160 42 Blank
412 2625 148 39 pages
586 2615 81 41 for
694 2613 207 43 “Notes”
941 2613 183 51 (ix-xi)

226 2672 261 40 Foreword
513 2672 196 47 signed:
738 2671 125 41 Ross
887 2671 56 42 A.
970 2670 133 52 Hull,
1132 2669 172 44 editor.

228 2729 162 40 “First
415 2728 231 49 printing,
674 2728 237 48 January,
937 2727 128 41 1933.
1121 2725 161 50 30,000
1308 2726 203 50 copies.”

230 2785 226 41 Includes
488 2783 305 50 advertising
823 2785 195 40 matter.

163 2840 2004 52 © Jan. 4, 1933; 2c. and aff. Jan. 7; A 58760; Amer. radio relay league,
230 2900 92 42 inc.
392 2900 251 49 (33-2651)

159 2976 342 54 Benavente
531 2994 39 47 y
597 2975 313 66 Martinez,
937 2975 254 66 Jacinto,
1224 2981 173 50 1866-

227 3056 112 53 Los
369 3056 387 52 malhechores
787 3056 91 51 del
909 3054 148 69 bien,
1091 3073 104 49 por
1227 3055 233 54 Jacinto
1494 3058 343 51 Benavente.
158 3056 1984 131 Authorized
315 3134 84 53 ed.

475 3132 232 67 Edited,
739 3133 142 53 with
914 3132 409 68 introduction,
1356 3139 159 47 notes
1550 3134 113 52 and
1696 3134 363 69 vocabulary,
2091 3135 75 68 by

159 3210 206 70 Irving
397 3213 71 53 A.
503 3212 264 53 Leonard
800 3212 115 52 and
949 3211 216 53 Robert
1196 3212 74 52 K.
1307 3210 328 70 Spaulding
1674 3255 56 11 …
1810 3214 139 53 New
1987 3214 179 68 York,

158 3291 123 52 The
308 3289 336 54 Macmillan
673 3307 300 50 company,
1005 3293 150 52 1933.

230 3362 151 49 xxvii,
407 3362 87 40 126
517 3372 43 38 p.
612 3362 150 41 front.
791 3361 174 50 (port.)
1027 3362 55 40 18
1085 3364 44 21 cm
1135 3393 8 9 .
1207 3361 255 48 (Lettered
1485 3372 64 30 on
1571 3371 164 32 cover:
1758 3362 102 41 The
1886 3364 282 42 Macmillan

162 3420 236 48 Hispanic
431 3418 176 49 series)

231 3478 377 47 Bibliography:
640 3488 44 37 p.
713 3476 304 42 xxvi-xxvii.

167 3531 51 53 ©
250 3536 108 40 Jan.
387 3537 40 46 3,
457 3534 118 42 1933;
630 3534 69 41 2c.
729 3536 97 39 and
856 3534 81 41 aff.
970 3534 111 40 Jan.
1110 3533 55 48 4;
1197 3535 41 38 A
1269 3534 171 47 57735;
1475 3534 284 42 Macmillan
1789 3545 67 32 co.
1938 3532 51 53 [©
235 3536 1916 104 introduction,
473 3594 139 38 notes
636 3592 95 40 and
755 3590 312 51 vocabulary]
1139 3589 253 51 (33-2434)

163 3666 183 55 Bible.
432 3670 65 52 O.
544 3672 64 51 T.
687 3667 243 55 Psalms.
1010 3667 436 68 Anglo-Saxon.
1523 3669 410 68 Paraphrases.
2010 3674 155 51 1932.

233 3745 121 51 The
398 3743 168 55 Paris
608 3744 224 54 Psalter
877 3744 113 54 and
1033 3744 97 53 the
1171 3747 206 51 meters
1418 3743 63 53 of
1524 3744 296 68 Boethius,
1862 3745 189 54 edited
2093 3745 75 70 by

165 3821 219 69 George
431 3821 199 69 Philip
680 3821 210 69 Krapp
942 3864 58 11 …
1087 3820 139 53 New
1275 3819 181 71 York,
1506 3820 297 57 Columbia
1852 3822 317 70 university

165 3916 175 50 press,
369 3902 150 50 1932.

231 3969 1921 56 lv, 239 p. 22½ cm . (Half-title: The Anglo-Saxon poetic records, a collective edition. v)
