2484 4405
1029 4086 134 50 1605

100 528 265 53 landlord
391 530 111 51 and
528 533 213 59 tenant,
766 526 64 52 of
853 526 336 54 mechanics’
1215 526 158 65 liens,
1400 524 63 53 of
1487 524 425 53 miscellaneous
1938 524 158 64 liens,

103 605 64 54 of
206 611 325 62 mortgages
575 606 63 52 of
682 604 263 67 personal
989 609 293 62 property,
1326 603 112 52 and
1485 602 63 52 of
1592 602 248 53 notaries
1888 603 205 66 public.

101 681 1933 68 With forms. 2d ed., rev. and enl. By Arthur K. Dame …
103 761 83 55 St.
214 761 190 66 Louis,
430 762 134 65 Mo.,
591 762 248 51 Thomas
865 760 109 52 law
998 759 148 52 book
1171 777 297 49 company,
1499 762 149 49 1933.

175 833 731 50 2 p. l ., iii-xi, 1286 p. 24 cm .
108 902 51 51 ©
189 906 117 39 Nov.
336 905 68 46 13,
435 905 112 39 1933;
606 905 68 39 2c.
704 905 116 39 Nov.
853 905 81 46 15;
967 903 80 40 aff.
1080 904 118 40 Nov.
1230 903 81 46 16;
1345 903 43 38 A
1415 902 169 46 67137;
1618 902 53 39 A.
1705 903 56 37 K.
1795 903 166 46 Dame,
171 903 1916 106 Fremont,
343 962 114 39 Neb.
529 960 279 48 (33-34478)

103 1063 225 65 Daniel,
358 1065 154 53 John
542 1063 310 60 Warwick,
885 1066 326 49 1842-1910.

168 1142 56 52 A
260 1141 230 52 treatise
527 1160 71 34 on
637 1140 97 52 the
769 1143 110 50 law
918 1139 64 53 of
1019 1139 321 68 negotiable
1378 1139 388 67 instruments,
1803 1139 297 68 including

104 1220 128 52 bills
280 1218 64 53 of
391 1218 314 68 exchange;
756 1217 350 68 promissory
1154 1222 186 63 notes;
1392 1217 322 68 negotiable
1762 1217 179 53 bonds
1990 1217 110 53 and

100 1315 246 49 coupons;
401 1297 197 52 checks;
655 1296 151 52 bank
829 1301 158 48 notes;
1044 1294 332 54 certificates
1402 1296 62 52 of
1490 1297 222 67 deposit;
1768 1295 333 55 certificates

100 1375 64 52 of
193 1375 184 66 stock;
410 1375 130 52 bills
572 1374 63 52 of
665 1375 208 66 credit;
907 1373 131 54 bills
1069 1373 65 53 of
1163 1374 227 68 lading;
1425 1374 356 68 guaranties;
1814 1376 193 52 letters
2038 1375 63 53 of

99 1452 1976 133 credit; and circular notes, by John W. Daniel … 7th ed., re-edited and
467 1530 1634 69 enl. by Thomas H. Calvert … New York, Baker,
102 1610 243 53 Voorhis
374 1612 46 50 &
448 1628 97 48 co.,
577 1612 149 49 1933.

169 1684 26 40 3
223 1694 43 29 v.
326 1683 56 40 25
385 1686 43 21 cm
434 1715 8 8 .

170 1741 161 47 Paged
361 1740 353 47 continuously.

171 1798 176 39 “Table
374 1796 51 41 of
449 1807 135 29 cases
610 1795 154 41 cited”:
823 1808 39 27 v.
892 1797 38 46 1,
958 1807 41 36 p.
1027 1794 234 42 xix-cciv.

103 1852 51 55 ©
185 1856 117 40 Nov.
331 1855 68 43 16,
428 1854 116 41 1933;
600 1854 66 39 2c.
697 1854 118 39 each
845 1853 95 40 and
970 1853 81 41 aff.
1082 1854 118 39 Nov.
1233 1854 81 46 17;
1347 1853 42 39 A
1417 1853 170 47 68146;
1621 1855 175 46 Baker,
1830 1854 205 41 Voorhis
2067 1855 35 40 &

174 1923 65 28 co.
311 1911 279 49 (33-34552)

101 2013 201 65 Davis,
335 2013 133 55 Carl
498 2013 223 65 Henry,
754 2012 467 54 1883-ed.

170 2088 1864 70 Gynecology and obstetrics, edited by Carl Henry Davis …
102 2169 392 67 Hagerstown,
526 2167 139 69 Md.,
698 2167 88 55 W.
821 2167 63 55 F.
919 2166 168 54 Prior
1122 2184 293 52 company,
1447 2166 127 69 inc.,
1608 2170 150 52 1933.

168 2240 25 39 3
229 2250 41 29 v.
335 2239 125 40 illus.
492 2239 135 47 (part
663 2239 111 47 col.)
817 2240 155 46 plates
1001 2237 136 49 (part
1171 2240 112 47 col.)
1327 2239 179 49 diagrs.
1569 2240 146 42 25½cm.

167 2296 286 41 Loose-leaf.

169 2352 348 49 Bibliography
549 2354 51 39 at
631 2353 91 39 end
753 2352 52 40 of
837 2363 129 29 some
999 2352 52 40 of
1081 2353 83 40 the
1195 2353 240 48 chapters,

101 2425 40 29 v.
170 2415 38 45 1,
241 2410 51 51 ©
322 2414 99 40 Oct.
450 2413 69 47 27,
550 2413 112 39 1983;
721 2423 41 29 v.
792 2413 25 38 2
820 2417 2 22 1
824 2443 8 16 ,
862 2413 39 46 3,
934 2408 57 51 ©1
1015 2413 119 40 Nov.
1165 2413 27 39 7;
1248 2413 67 39 2c.
1346 2414 120 38 each
1493 2414 118 39 Nov.
1642 2414 52 47 9;
1728 2415 106 39 affs.
1866 2416 118 41 Nov.
2015 2416 53 39 11;

170 2471 38 38 A
238 2470 318 40 67068-67070;
616 2470 71 39 W.
720 2469 50 39 F.
801 2469 140 39 Prior
971 2479 81 36 co.,
1085 2469 89 39 inc.
1247 2469 280 49 (33-34138)

101 2568 348 69 Dictionary
479 2571 63 54 of
571 2572 307 52 American
908 2570 341 70 biography,
1279 2572 182 53 under
1492 2574 99 53 the
1620 2575 254 68 auspices
1906 2575 63 55 of
1999 2575 96 54 the

228 2650 249 54 American
519 2650 218 52 council
780 2649 64 52 of
885 2650 232 52 learned
1158 2650 269 53 societies.
1504 2652 214 53 Edited
1758 2654 76 68 by
1876 2656 219 51 Dumas

170 2729 241 51 Malone.
489 2728 238 53 Volume
877 2770 9 9 XII.
961 2727 687 70 McCrady-Millington.
1723 2731 139 53 New
1915 2732 181 68 York,

173 2806 234 54 Charles
440 2806 310 56 Scribner’s
781 2824 146 49 sons,
956 2808 152 52 1933.

165 2892 45 35 x,
257 2881 81 40 647
385 2892 43 36 p.
502 2880 59 39 26,
561 2882 43 21 cm
610 2912 8 8 .

102 2934 51 51 ©
177 2938 117 39 Nov.
319 2938 69 45 24,
415 2937 138 39 1933:
582 2937 66 39 2c.
675 2937 96 38 and
796 2935 81 41 aff.
905 2936 115 39 Nov.
1047 2935 82 47 28;
1159 2936 39 38 A
1225 2936 169 47 67276;
1424 2937 147 38 Amer.
1609 2938 186 39 council
1824 2938 51 40 of
1900 2940 196 39 learned

171 2993 234 47 societies,
433 2992 334 48 Washington.

103 3095 325 65 Doubman,
460 3096 153 53 John
644 3096 250 63 Russell,
173 3099 888 128 1894-Sales
363 3178 391 62 management
789 3171 190 69 today,
1014 3171 73 68 by

1122 3171 973 58 J. Russell Doubman … edited
105 3251 69 68 by
217 3249 256 55 William
515 3250 77 51 M.
638 3249 290 67 Schuyler.
1009 3249 136 52 New
1192 3249 177 69 York,
1411 3251 245 52 Holston
1700 3251 186 69 house,
1931 3252 167 56 Sears

102 3327 1006 69 publishing company, inc. [ c 1933]
171 3399 80 46 vii,
283 3398 86 40 324
399 3410 42 37 p.
477 3399 109 39 incl.
619 3398 142 47 illus.,
794 3398 193 48 diagrs.,
1023 3399 167 41 forms.
1252 3400 54 38 21
1310 3401 44 21 cm
1358 3432 8 8 .

173 3456 132 40 “List
339 3456 51 40 of
423 3455 299 40 references”:
787 3466 41 37 p.
862 3454 216 42 311-318.

106 3513 51 51 ©
186 3518 116 38 Nov.
333 3517 67 40 14,
430 3515 138 41 1933:
601 3516 65 38 2c.
698 3516 94 38 and
822 3514 81 40 aff.
933 3515 115 39 Nov.
1081 3515 81 45 16;
1196 3515 40 39 A
1265 3515 169 46 67135;
1472 3517 142 40 Sears
1645 3519 107 47 pub.
1785 3530 81 37 co.,
1897 3520 91 41 inc.

179 3572 278 50 (33-34469)

108 3674 273 64 Durieux,
412 3675 238 61 Joseph,
683 3672 172 53 1873-

231 3746 1861 75 … Près de la reine Marie-Antoinette. Paris, Les Éditions
106 3834 65 51 de
201 3834 234 62 France,
465 3838 17 21 c
488 3835 148 49 1933.

174 3902 639 50 2 p. l., 222 p., 1 l. 19cm.
101 3958 1934 60 © July 10, 1933; 1c. Oct. 14; A- Foreign 22363; Éditions de France.
184 4025 277 49 (33-34119)
