2484 4405
1068 4115 133 48 1413

125 469 272 63 Farjeon,
428 467 268 53 Eleanor.

191 553 1924 72 Over the garden wall, by Eleanor Farjeon … illustrated by
121 636 347 55 Gwendolen
513 636 266 51 Raverat.
854 633 138 52 New
1037 632 180 65 York,
1260 631 309 53 Frederick
1611 631 70 51 A.
1730 630 201 55 Stokes
121 648 1973 132 company,
319 715 150 50 1933.

190 800 63 47 ix,
283 798 87 41 156
397 808 43 38 p.
499 797 128 40 illus.
686 795 145 42 19½cm.

192 870 171 40 Verses
394 869 77 40 for
500 868 232 40 children.

125 942 1882 52 © Oct. 19, 1933; 2c. and aff. Oct. 21: A 65757: E. Farjeon. London.
201 1001 278 49 (33-27358)

121 1119 229 65 Farnol,
385 1119 245 64 Jeffery,
667 1119 171 52 1878-

190 1210 120 52 The
351 1226 124 50 way
514 1208 238 67 beyond,
792 1208 74 66 by
907 1206 221 68 Jeffery
1167 1208 243 65 Farnol;
1454 1207 139 53 with
1632 1208 380 55 illustrations
2055 1211 59 51 in

122 1287 152 51 color
307 1287 75 66 by
416 1285 63 55 C.
517 1285 69 53 E.
623 1284 203 53 Brock.
899 1286 234 64 Boston,
1169 1284 195 67 Little,
1402 1286 229 66 Brown,
1668 1286 112 52 and
1820 1305 295 51 company,

125 1366 151 50 1933.

198 1448 1367 51 ix p., 2 l., [3]-384 p. col. front., col. plates. 21½ cm .
129 1523 53 52 ©
214 1528 101 40 Oct.
345 1527 40 41 6.
417 1526 114 40 1933;
591 1526 66 40 2c.
691 1526 93 38 and
819 1524 79 40 aff.
935 1523 101 41 Oct.
1070 1526 24 37 7:
1160 1525 37 37 A
1231 1524 169 39 65525:
1437 1526 43 39 J.
1517 1525 191 42 Farnol.
1744 1528 202 40 Preston
1982 1531 141 48 Park,

195 1584 249 46 Brighton,
481 1585 191 37 Sussex.
711 1581 232 46 England.
1015 1580 280 47 (33-29193)

127 1700 141 63 Fay,
303 1700 284 63 Bernard,
626 1701 171 50 1893-

195 1790 261 51 Bernard
486 1789 169 66 Fay’s
685 1790 119 52 The
831 1796 113 45 two
975 1790 341 51 Franklins:
1348 1790 220 52 fathers
1599 1791 62 52 of
1691 1790 305 53 American
2029 1791 86 51 de-

127 1868 1819 67 mocracy … Boston, Little, Brown, and company, 1933.
200 1956 95 42 xvi,
324 1955 84 39 397
438 1965 41 36 p.
538 1953 163 41 front.,
731 1954 158 47 plates
917 1955 45 45 (1
995 1953 197 47 double)
1232 1958 162 43 ports.,
1427 1954 116 39 fold.
1576 1955 127 46 plan,
1735 1953 214 40 faesims.
2009 1955 57 39 24
2069 1957 13 20 cm
2118 1986 8 8 .

225 2024 347 49 Bibliography
603 2026 92 37 and
730 2023 299 41 references”:
1090 2035 44 37 p.
1164 2025 217 40 363-377.

131 2098 52 52 ©
209 2103 99 41 Oct.
334 2102 38 48 6,
398 2101 111 41 1933;
563 2102 66 39 2c.
653 2102 96 39 and
773 2101 81 41 aff.
882 2101 100 41 Oct.
1009 2103 50 45 7;
1087 2103 41 36 A
1152 2101 170 42 65524;
1352 2100 161 43 Little,
1542 2101 190 43 Brown,
1758 2102 95 39 and
1878 2112 248 38 company.

206 2158 278 48 (33-29190)

124 2274 149 66 Fife,
308 2276 225 63 George
563 2276 342 62 Buchanan,
938 2279 171 49 1869-

194 2364 347 70 Lindbergh,
582 2366 96 52 the
717 2366 155 52 Lone
913 2364 198 69 Eagle,
1152 2365 88 53 his
1280 2366 104 52 life
1425 2366 112 52 and
1579 2365 429 66 achievements,
2048 2363 74 68 by

126 2443 219 69 George
379 2443 313 53 Buchanan
727 2443 161 58 Fife;
927 2443 135 52 with
1100 2463 27 33 a
1167 2443 260 53 valuable
1461 2443 235 68 chapter
1731 2462 71 33 on
1835 2443 95 52 the
125 2442 1974 148 navigation

126 2518 1997 151 of “The Spirit of St. Louis", by Captain Robert Schofield Wood … including the flights of Col. Lindbergh, New
132 2680 156 51 York
314 2686 58 45 to
400 2678 183 61 Paris,
611 2680 111 51 and
751 2686 58 45 to
837 2697 166 50 every
1031 2684 144 47 state
1205 2680 57 51 in
1290 2680 95 52 the
1412 2680 71 53 U.
1514 2678 75 67 S.,
1615 2677 510 54 Latin-American

128 2765 143 59 tour,
308 2763 57 47 to
403 2757 180 68 flying
620 2757 93 52 the
755 2756 184 68 Spirit
977 2756 64 53 of
1080 2756 83 55 St.
1202 2756 172 55 Louis
1415 2756 151 53 from
1605 2755 82 56 St.
1725 2757 173 52 Louis
1934 2763 59 46 to
2028 2757 97 52 the

130 2834 390 55 Smithsonian
566 2835 344 55 institution,
956 2834 402 69 Washington,
1403 2836 70 51 D.
1524 2834 61 55 C.
1663 2833 328 68 Cleveland,
2038 2832 87 69 O.,

130 2914 135 52 New
300 2912 177 68 York,
510 2913 68 52 N.
614 2912 88 58 Y.,
735 2913 120 52 The
883 2912 204 54 World
1120 2912 292 68 syndicate
1445 2910 333 71 publishing
1810 2930 77 35 co.
1928 2946 12 33 [
1944 2918 17 21 c
1968 2914 132 49 1933
2106 2944 13 34 ]

200 3000 59 48 iv,
287 3000 85 40 316
399 3010 43 37 p.
498 2999 126 40 illus.
655 2998 131 48 (incl.
816 2999 162 48 maps)
1043 2999 56 40 19½
1132 3001 44 21 cm
1181 3031 8 8 .

134 3071 1995 53 © Aug. 24, 1933; 2c. Sept. 10: aff. Sept. 28; A 65438; World syndicate
202 3133 106 47 pub.
337 3145 64 27 co.
467 3128 67 53 [©
563 3133 201 48 chapter
791 3142 96 29 xxv]
975 3132 281 50 (33-29141)

132 3246 258 70 Findley,
424 3253 246 52 Warren
704 3252 243 65 George,
983 3255 172 50 1906-

204 3338 437 69 Specialization
667 3339 62 53 of
757 3341 190 53 verbal
977 3339 225 70 facility
1228 3348 58 46 at
1313 3341 95 54 the
1434 3340 207 69 college
1667 3348 261 46 entrance
1953 3340 170 67 level;

136 3434 29 33 a
198 3418 382 66 comparative
611 3417 168 69 study
813 3418 61 52 of
906 3417 269 53 scientific
1208 3420 112 52 and
1351 3418 237 69 literary
1624 3419 400 68 vocabularies,
2053 3418 74 69 by

135 3491 1992 154 Warren George Findley … Professor Henry A. Ruger, sponsor. New York city, Teachers college, Columbia university,
141 3649 144 49 1933.

205 3740 41 37 v,
288 3730 55 41 76
382 3741 41 38 p.
483 3732 26 39 23½
571 3735 43 22 cm
621 3766 7 7 .
699 3733 262 50 (Teachers
1002 3736 193 48 college.
1237 3737 251 42 Columbia
1529 3738 284 50 university.
140 3738 1968 89 Contributions
301 3790 46 38 to
381 3789 270 48 education,
689 3802 73 30 no.
799 3792 109 47 567)

209 3859 168 39 Issued
407 3860 103 39 also
540 3871 53 29 as
625 3860 150 41 thesis
816 3863 107 46 (PH.
987 3863 33 47 D.)
1060 3864 251 41 Columbia
1344 3866 285 48 university.

211 3914 231 42 “Sources
474 3916 123 40 from
636 3918 157 40 which
826 3921 304 46 paragraphs
1164 3932 125 29 were
1324 3923 196 40 drawn”:
1583 3935 42 37 p.
1662 3925 69 42 57.

143 3982 51 52 ©
226 3989 110 46 Apr.
369 3990 68 46 22,
470 3990 138 41 1933;
642 3991 67 40 2c.
743 3992 116 47 July
889 3993 82 39 27:
1007 3993 79 39 aff.
1123 3995 117 46 July
1270 3994 82 47 28;
1389 3996 41 38 A
1461 3997 170 46 64546;
1667 3998 239 40 Teachers
1940 3999 191 45 college,

212 4044 246 41 Columbia
495 4046 128 40 univ.
696 4048 279 49 (33-29181)
