2582 4453
1233 4129 105 50 400

276 436 338 55 Worcester
644 436 97 52 art
771 448 294 49 museum,
1099 434 335 64 Worcester,
1464 432 174 53 Mass.

347 515 56 53 A
448 513 173 61 guide
665 519 59 47 to
767 514 96 51 the
907 512 328 53 collections
1279 510 65 55 of
1386 512 97 53 the
1525 511 324 54 Worcester
1891 514 90 48 art
2025 528 272 43 museum,

274 594 340 66 Worcester,
665 591 464 55 Massachusetts.
1205 592 339 65 Worcester,
1596 590 192 66 Mass.,
1836 590 325 54 Worcester
2210 595 88 47 art

275 692 273 48 museum,
603 675 152 52 c1933.

345 760 87 41 120
463 771 44 38 p.
568 759 131 41 illus.
727 758 135 49 (incl.
896 758 166 50 plans)
1131 757 56 41 23
1190 759 45 22 cm
1240 789 9 9 .

281 830 53 53 ©
377 835 110 39 Jan.
529 832 41 48 6,
613 830 141 49 1933;
799 831 68 42 2c.
911 833 110 39 Jan.
1065 831 81 47 10;
1192 829 83 42 aff.
1318 830 111 41 Jan.
1474 828 81 48 19;
1602 828 40 40 A
1686 828 171 48 59043;
1903 829 278 40 Worcester
2224 831 78 38 art

349 902 235 37 museum,
615 890 289 46 Worcester,
935 890 147 39 Mass.
1156 887 252 49 (33-7067)

274 995 276 64 Worden,
580 994 209 68 Helen,
824 999 173 51 1896-

347 1073 124 53 The
503 1074 119 52 real
656 1071 141 55 New
834 1071 194 69 York;
1067 1093 31 35 a
1133 1070 176 70 guide
1345 1068 95 55 for
1475 1069 97 55 the
1608 1068 389 55 adventurous
2033 1068 270 71 shopper,

275 1152 96 54 the
407 1153 372 68 exploratory
815 1157 154 47 eater
1006 1150 115 54 and
1156 1150 98 53 the
1286 1148 354 54 know-it-all
1674 1148 282 70 sightseer
1993 1149 129 53 who
2159 1146 145 57 ain’t

274 1250 130 36 seen
431 1230 226 56 nothin’
683 1235 112 66 yet,
822 1229 77 72 by
922 1228 192 55 Helen
1137 1228 276 56 Worden.
1477 1226 426 71 Indianapolis,
1931 1227 125 55 The
2084 1226 217 56 Bobbs-

275 1310 230 55 Merrill
535 1328 285 52 company
856 1312 196 66 [c1933]

347 1396 803 52 8 p. l., 19-401 p. illus. 22 cm .
346 1457 292 41 Illustrated
674 1455 367 49 lining-papers.

283 1525 52 54 ©
373 1531 123 39 Mar.
534 1529 40 47 2,
612 1528 142 48 1933;
793 1529 68 40 2c.
901 1529 122 40 Mar.
1061 1529 53 46 8;
1155 1527 82 41 aff.
1277 1529 123 39 Mar.
1438 1527 52 47 6;
1531 1527 40 39 A
1609 1527 171 47 60713;
1822 1528 60 40 H.
1922 1527 225 47 Worden,
2186 1527 118 40 New

352 1588 145 40 York.
562 1582 72 55 [©
659 1597 106 29 new
791 1589 197 47 matter]
1062 1585 254 49 (33-6912)

273 1691 432 67 Wordsworth,
737 1690 279 67 William,
1053 1692 329 55 1770-1850.

347 1772 404 55 Wordsworth
796 1774 50 50 &
893 1772 184 67 Reed;
1128 1772 97 52 the
1271 1770 178 69 poet’s
1495 1771 483 68 correspondence
2023 1769 144 55 with
2211 1769 90 55 his

276 1851 310 54 American
618 1851 215 53 editor:
869 1854 329 65 1836-1850,
1229 1851 114 52 and
1374 1851 207 68 Henry
1610 1850 203 54 Reed’s
1845 1855 238 49 account
2117 1849 64 54 of
2211 1850 90 54 his

277 1929 291 70 reception
616 1936 59 47 at
722 1931 193 67 Rydal
961 1935 218 64 mount,
1224 1931 261 67 London,
1532 1930 111 53 and
1693 1930 301 54 elsewhere
2039 1929 60 53 in
2148 1934 154 61 1854,

277 2009 2022 69 edited by Leslie Nathan Broughton … Ithaca, N. Y., Cornell
277 2089 320 70 university
625 2109 186 50 press;
839 2091 261 67 London,
1124 2090 78 54 H.
1227 2086 268 70 Milford,
1522 2088 233 56 Oxford
1780 2088 320 70 university
2126 2108 175 50 press,

279 2174 152 51 1933.

349 2255 1950 50 xviii p., 1 l., 288 p. front., plates, ports. 22½ cm . (Half-title: Cornell
278 2315 880 48 studies in English … vol. XXI)
283 2384 53 53 ©
371 2389 122 41 Mar.
528 2389 70 47 28,
635 2387 113 41 1933;
813 2387 69 42 2c.
918 2389 97 40 and
1050 2387 82 42 aff.
1168 2388 116 48 Apr.
1319 2389 53 46 1;
1411 2388 40 39 A
1487 2387 173 48 60867;
1698 2388 194 41 Cornell
1930 2386 146 50 univ.,
2114 2389 188 40 Ithaca.

350 2447 57 40 N.
437 2447 53 40 Y.
563 2445 253 50 (33-8099)

275 2546 320 70 Wyoming
639 2550 114 54 and
795 2548 216 56 Pacific
1053 2549 205 69 digest,
1300 2550 272 68 covering
1615 2551 77 52 all
1735 2568 151 35 cases
1928 2551 268 68 reported
2239 2549 61 54 in

345 2629 316 70 Wyoming
724 2634 243 64 reports,
1033 2628 330 70 1870-1931,
1427 2628 214 57 Pacific
1706 2635 275 64 reporter,
2046 2632 253 52 volumes

351 2710 188 67 1-300,
573 2710 112 52 and
719 2710 77 51 all
827 2708 63 54 of
922 2710 96 52 the
1049 2707 215 57 Pacific
1295 2713 174 51 states

1501 2715 224 63 reports
1758 2710 156 54 from
1943 2712 96 52 the
2071 2711 229 54 earliest

349 2787 1950 72 times … Compiled and edited by the publisher’s editorial
346 2865 154 55 staff,
576 2888 51 35 v.
664 2872 191 49 32-34.
933 2869 83 56 St.
1054 2870 167 68 Paul,
1255 2872 160 54 West
1450 2869 340 71 publishing
1821 2890 99 49 co.,
1957 2873 153 66 1932,
2147 2874 149 50 1933.

350 2959 26 40 3
408 2970 44 29 v.
511 2958 60 41 26
571 2960 45 22 cm
620 2989 9 9 .

696 3040 44 29 CONTENTS.—v.
784 3027 73 43 32.
900 3029 172 41 Public
1113 3029 186 42 service
1339 3029 620 50 commissions-Religious
2005 3031 297 41 societies.—
281 3098 45 29 v.
366 3085 72 42 33.

479 3086 531 41 Remainders-Set-off
1046 3089 96 39 and
1182 3087 473 41 counterclaim.—v.
1696 3086 73 42 34.
1813 3088 206 41 Sheriffs
2061 3091 96 39 and
281 3099 2003 93 constables-Stipulations.

282 3211 43 30 v.
351 3201 70 47 32,
453 3197 54 52 ©
533 3202 111 40 Jan.
672 3201 70 43 23,
771 3201 141 44 1933;
943 3213 43 29 v.
1014 3203 69 46 33,
1112 3203 70 46 34,
1215 3197 58 53 ©
1296 3203 110 40 Jan.
1434 3201 84 48 24;
1547 3201 69 42 2c.
1645 3203 118 41 each
1794 3203 111 41 Feb.
1936 3204 81 45 13;
2050 3203 108 41 affs.
2190 3204 112 39 Feb.

353 3259 82 44 15;
466 3259 40 39 A
534 3258 352 48 59464-59466;
917 3260 136 40 West
1081 3259 110 49 pub.
1223 3270 67 30 co.

278 3360 233 66 Young,
543 3362 229 66 George
804 3361 338 68 Frederick,
1177 3368 328 52 1846-1919.

351 3440 122 54 The
501 3440 232 70 Medici,
762 3442 78 68 by
869 3443 236 55 Colonel
1134 3443 69 55 G.
1236 3444 65 52 F.
1333 3444 229 68 Young,
1628 3487 10 10 C.
1709 3487 9 9 B.;
1780 3442 140 55 with
1952 3448 66 48 32
279 3444 1996 129 illustrations
456 3520 352 68 reproduced

835 3521 59 52 in
918 3527 297 63 aquatone.
1292 3522 140 53 New
1459 3523 180 68 York,
1664 3523 121 53 The
1811 3524 243 52 Modern
2080 3524 220 68 library

285 3602 174 65 [1933]

353 3684 1945 52 xxi p., 2 l., 824 p. XXXII pl. on 16 l. (incl. ports.) fold, geneal. tab.
281 3741 53 41 21
341 3743 45 23 cm
391 3776 8 8 .
495 3742 278 50 (Half-title:
802 3744 103 41 The
937 3745 199 40 modern
1170 3744 187 49 library
1388 3744 53 42 of
1473 3746 82 40 the
1587 3745 193 42 world’s
1811 3745 107 41 best
1949 3745 173 50 books)

355 3813 164 42 “First
547 3815 202 40 Modern
777 3815 190 50 library
995 3817 228 43 edition.”

358 3870 335 43 “Authorities
722 3873 311 42 consulted”:
1062 3886 43 38 p.
1133 3875 218 40 xix-xxi.

287 3938 2015 59 © Mar. 10, 1933; 1c. Mar. 16; 1c. Mar. 23; aff. Mar. 15; A 60761; Modern
355 4000 200 49 library,
593 4001 91 41 inc.
766 3998 53 53 [©
856 4003 332 42 illustrations
1225 4008 96 38 and
1360 4008 360 46 arrangement,
1757 4006 356 49 chronological
2155 4008 145 47 teble]

365 4056 252 51 (33-8805)
