2484 4405
1062 4097 133 50 1803

209 527 25 38 2
261 540 40 36 p.
364 560 7 8 l..
399 527 145 40 3-136
573 538 41 37 p.
814 560 7 7 19½cm.

137 581 51 51 ©
220 587 88 38 Dec.
420 616 7 10 15,
459 585 111 38 1938
590 596 7 28 :
630 585 66 39 2c.
729 586 109 38 Dec.
870 586 80 39 16:
985 585 80 38 aff.
1099 587 111 37 Dec.
1242 585 80 40 18:
1356 587 41 36 A
1456 584 139 41 67894:
1630 586 209 38 Thomas
1875 585 196 39 Seltzer.

212 642 219 47 (34-209)

134 744 144 51 New
310 743 159 52 York
532 744 161 66 (City)
782 744 284 53 Charters.

209 823 129 50 1932
371 822 358 67 supplement
761 826 56 49 to
850 822 180 67 Eagle
1061 821 219 69 library
1312 821 216 54 edition
1560 821 62 55 of
1653 822 120 52 The
1806 822 224 54 charter
2062 821 62 53 of

136 900 92 51 the
263 902 115 64 city
411 900 62 50 of
508 902 136 50 New
680 900 178 57 York,
890 899 333 68 containing
1258 900 387 54 amendments
1679 901 166 51 made
1873 906 59 46 to
133 901 1969 127 charter

252 984 57 45 at
341 978 93 51 the
469 977 318 68 legislative
821 977 210 53 session
1064 978 63 51 of
1164 981 134 48 1932
1332 979 112 51 and
1477 979 73 67 by
1583 979 146 51 local
1762 979 135 51 laws
1933 978 61 52 of
2029 979 95 51 the

136 1055 115 65 city
276 1054 64 54 of
366 1057 138 51 New
533 1056 159 52 York
718 1055 153 52 from
897 1057 142 65 July
1069 1063 46 56 1,
1145 1058 150 50 1931.
1322 1063 57 45 to
1407 1057 142 67 July
1578 1061 46 62 1,
1654 1059 161 63 1932;
1847 1058 116 50 also
1994 1059 132 48 1931

136 1133 374 66 supplement.
586 1134 304 66 Arranged
929 1133 73 53 by
1041 1135 203 66 Henry
1281 1137 54 50 J.
1377 1137 124 49 Lee.
1579 1134 311 66 Brooklyn,
1930 1136 67 51 N.
2038 1136 90 65 Y.,

137 1211 177 66 Eagle
346 1210 216 67 library
595 1211 382 66 publications
1016 1245 12 33 [
1034 1217 17 21 c
1057 1214 134 49 1932
1197 1244 11 33 ]

202 1285 57 38 32
285 1295 30 36 p
383 1285 55 38 25½
471 1286 43 20 cm
519 1271 14 51 .'

199 1340 234 40 “Errata"
454 1352 7 27 :
493 1352 40 36 p.
563 1341 69 39 32.

133 1393 50 52 ©
209 1398 114 47 July
347 1398 66 39 14.
440 1397 138 41 1932:
602 1380 71 56 69
696 1399 95 37 and
816 1397 81 40 aff.
924 1398 107 38 Feb.
1059 1398 38 44 2,
1126 1397 138 42 1933:
1292 1398 40 37 A
1357 1397 169 40 60124:
1555 1398 169 41 Henry
1749 1397 42 41 J.
1818 1398 106 48 Lee,
198 1397 1914 104 Brooklyn
1890 1452 149 43 .

133 1558 144 51 New
306 1557 159 52 York
527 1557 189 64 (State)
801 1557 181 63 Laws,
1011 1563 258 61 statutes,
1297 1562 100 49 etc.

205 1635 244 52 General
486 1636 136 51 laws
659 1635 62 50 of
756 1636 94 51 the
887 1641 142 46 state
1068 1634 64 53 of
1167 1637 138 51 New
1342 1635 180 67 York,
1558 1653 58 35 as
1652 1635 234 53 enacted
1917 1636 77 67 by
2028 1636 97 52 the

137 1712 352 67 Legislature
532 1719 57 46 at
630 1714 93 51 the
764 1717 156 49 extra
963 1713 211 52 session
1218 1716 133 48 1932
1393 1713 112 52 and
1546 1714 230 67 regular
1814 1713 211 53 session
2063 1713 63 54 of

136 1795 149 53 1933,
333 1790 259 67 together
641 1790 138 52 with
827 1810 121 33 new
997 1791 113 51 and
1158 1792 282 66 proposed
1489 1791 389 52 amendments
1923 1797 60 47 to
2030 1792 97 52 the

135 1867 406 54 Constitution.
617 1869 174 51 Table
833 1869 61 52 of
933 1871 137 50 laws
1114 1868 204 67 added,
1357 1869 294 66 amended,
1688 1870 280 67 repealed,
2007 1876 121 61 etc.,

137 1947 228 66 general
400 1946 187 52 index.
666 1946 80 52 St.
783 1947 164 54 Paul,
980 1949 160 52 West
1175 1946 336 69 publishing
1545 1964 98 50 co.,
1679 1949 150 49 1933.

202 2020 99 48 viii,
332 2020 86 40 502
445 2031 42 37 p.
546 2020 55 40 23½
635 2023 43 21 cm
685 2053 7 7 .

133 2073 51 52 ©
210 2079 114 47 May
347 2077 69 48 26,
441 2077 139 41 1933:
608 2078 66 39 2c.
702 2078 125 39 June
853 2078 80 45 13;
963 2077 81 39 aff.
1072 2077 126 39 June
1224 2077 81 46 14;
1335 2077 40 39 A
1401 2077 170 47 63222;
1600 2078 135 39 West
1761 2078 108 46 pub.
1898 2089 66 29 co.

133 2235 260 66 Nichols,
423 2237 305 63 Beverley,
762 2239 172 50 1899-

203 2317 54 50 A
293 2313 271 53 thatched
599 2314 130 52 roof
789 2315 33 50 [by]
922 2315 278 67 Beverley
1233 2314 262 67 Nichols;
1536 2315 326 53 illustrated
1896 2316 75 67 by
2006 2317 122 50 Bex

135 2392 292 55 Whistler.
504 2391 232 52 Garden
763 2392 153 68 City,
939 2394 70 52 N.
1038 2394 89 65 Y.,
1154 2393 358 68 Doubleday,
1536 2395 198 50 Doran
1763 2393 112 51 and
1902 2411 98 49 co.,
2023 2394 108 52 inc.

181 2474 133 49 [c1933]

209 2546 79 37 xyi
316 2555 57 37 p.,
401 2545 26 39 1
489 2575 7 15 l.,
523 2545 85 40 291
635 2555 43 37 p.
705 2545 109 39 incl.
843 2545 143 46 illus.,
1014 2545 172 47 plates,
1243 2545 148 40 front.
1448 2545 54 38 21
1507 2547 44 20 cm
1556 2575 8 8 .

206 2604 285 38 Illustrated
523 2606 96 43 t.-p.
652 2604 94 37 and
777 2601 362 48 lining-papers.
1179 2608 5 5 '

201 2659 161 40 “First
389 2658 226 41 edition.”

141 2711 51 52 ©
220 2717 112 39 Dec.
360 2716 68 46 13,
458 2715 139 46 1933;
629 2716 66 39 2c.
725 2716 92 38 and
849 2715 81 40 aff.
960 2716 111 38 Dec.
1100 2715 83 46 22;
1215 2715 42 38 A
1285 2714 170 47 68569;
1487 2716 54 39 B.
1571 2715 211 47 Nichols,
1815 2715 210 40 London.

212 2772 278 49 (33-27488)

137 2860 256 65 Nichols,
420 2864 186 62 Perry
634 2860 209 65 Lewis,
873 2864 328 52 1863-1925.

207 2940 122 52 The
359 2940 165 53 value
555 2940 64 53 of
650 2939 365 68 escharotics;
1050 2939 306 54 medicines
1387 2938 186 54 which
1606 2940 117 52 will
1758 2941 227 65 destroy
2021 2956 108 49 any

134 3016 1968 147 living or fungus tissue in the treatment of cancer, lupus, sarcoma or any other form of malignancy [by] Perry Nichols …
138 3175 110 53 and
277 3174 336 54 co-workers
641 3181 57 45 at
727 3175 93 51 the
847 3176 101 51 Dr.
978 3174 234 53 Nichols
1240 3172 367 67 sanatorium,
1638 3173 324 60 Savannah,
139 3173 1966 131 Missouri.
384 3253 140 52 East
560 3254 243 64 Aurora,
838 3254 68 52 N.
943 3254 88 61 Y.,
1065 3253 240 52 Printed
1340 3253 111 52 and
1487 3254 143 52 done
1663 3253 119 51 into
1815 3270 30 33 a
1877 3251 147 53 book
2055 3251 75 67 by

140 3331 91 50 the
260 3329 371 67 Roycrofters
704 3335 132 48 [c1933]

211 3401 1642 50 3 p. l., 9-304. [2] p., 1 l. front., plates, ports., map. 24½ cm .
209 3457 225 42 Lettered
461 3470 58 29 on
547 3469 166 30 cover:
741 3459 128 40 1934.

139 3510 51 52 ©
220 3517 116 39 Nov.
367 3516 67 42 10,
466 3516 112 40 1933
597 3527 8 34 ;
637 3517 65 39 2c.
735 3517 117 39 Nov.
883 3517 53 40 13
956 3528 7 34 ;
997 3517 80 39 aff.
1110 3517 117 39 Nov.
1260 3518 48 37 11
1333 3527 7 35 ;
1376 3517 39 38 A
1446 3516 169 46 68031;
1651 3517 82 37 Dr.
1766 3515 197 39 Nichols
206 3524 1908 95 sanatorium,
425 3573 104 46 inc.,
562 3574 273 46 Savannah,
866 3575 92 38 Mo.
1032 3573 221 48 (34-192)

139 3663 245 63 Northe,
415 3663 201 53 James
644 3663 172 65 Neill,
847 3665 83 53 ed.

207 3739 254 54 Threads
497 3739 109 55 and
646 3739 256 53 shadows
939 3739 63 54 of
1041 3742 257 61 1932-33,
1335 3758 70 35 an
1443 3737 308 70 anthology
1790 3737 63 54 of
143 3744 1962 141 contemporary
391 3822 195 62 poetry
631 3816 276 69 compiled
951 3817 109 53 and
1105 3817 187 54 edited
1336 3817 73 68 by
1452 3817 192 53 James
1686 3816 152 54 Neill
1882 3816 244 66 Northe;

142 3894 348 53 decorations
533 3894 145 53 from
721 3897 93 51 the
857 3893 245 67 original
1144 3895 266 52 linoleum
1454 3894 190 53 blocks
1685 3894 72 69 by
1800 3895 328 68 Burridges.

142 3970 257 64 Ontario,
438 3972 191 68 Calif.,
664 3971 576 55 Herald-silhouettes
1277 3990 152 51 press
1474 4007 13 35 [
1491 3979 19 22 c
1515 3976 151 64 1933]
