2575 4405
1073 4088 97 48 121

131 437 306 64 Andrews,
464 437 128 62 Roy
621 434 325 64 Chapman,
977 438 170 50 1884-

264 508 1862 71 … The new conquest of central Asia; a narrative of the
129 591 388 68 explorations
556 590 62 54 of
659 592 96 51 the
796 591 236 54 Central
1070 589 224 55 Asiatic
1333 588 358 68 expeditions
1732 588 59 51 in
1829 586 295 70 Mongolia

129 666 1935 71 and China, 1921-1930, by Roy Chapman Andrews … leader …
129 743 1992 72 with chapters by Walter Granger … Clifford H. Pope … [and]
129 824 1996 69 Nels C. Nelson … and summary statements by G. M. Allen,
128 903 1997 68 R. C. Andrews, C. P. Berkey … [and others] With 128 plates
129 981 1934 69 and 12 illustrations in the text and three maps at end …
127 1061 138 53 New
298 1062 178 67 York,
507 1062 120 52 The
658 1061 306 53 American
996 1078 253 35 museum
1280 1061 63 52 of
1373 1063 230 51 natural
1633 1060 240 69 history,
1904 1063 150 50 1932.

229 1133 1893 51 L, 678 p. col. front., illus., CXXVM pl. (incl. ports.) on 691. (part fold.)
129 1190 1983 107 maps (part fold.) diagrs. 28½ cm . (Central Asiatic expeditions … Natural history of central Asia. vol. 1)
198 1306 162 40 “First
387 1305 198 41 edition.”

197 1361 374 49 Bibliography:
601 1373 27 37 p
668 1361 230 47 615-624;
929 1361 361 41 “Publications
1317 1361 52 41 of
1394 1362 81 40 the
1503 1361 198 41 Central
1727 1360 186 42 Asiatic
127 1358 1981 100 expeditions”:
340 1429 43 37 p.
411 1419 216 39 625-630.

129 1470 51 52 ©
207 1475 111 40 Dec.
343 1474 69 48 29,
438 1474 140 47 1932;
606 1475 66 41 2c.
699 1475 110 40 Jan.
836 1474 68 47 28,
932 1474 112 40 1933;
1100 1474 83 41 aff.
1209 1475 109 39 Jan.
1346 1474 54 40 26;
1457 1474 41 39 A
1524 1474 169 47 60072;
1722 1475 159 39 Amer.
1910 1483 219 31 museum

197 1531 50 39 of
277 1534 199 38 natural
508 1531 203 47 history.
781 1531 251 48 (33-3578)

119 1635 211 64 Barry,
360 1635 263 66 Charles,
652 1636 196 69 pseud.

190 1713 121 52 The
344 1733 199 50 wrong
573 1715 248 52 murder,
897 1714 161 69 chap.
1092 1718 83 49 28.

227 1789 62 38 (In
317 1784 259 51 Universe,
605 1784 115 44 Dec.
750 1787 73 49 30,
855 1785 144 50 1932)

129 1839 51 52 ©
268 1877 8 8 1c.
305 1845 110 39 Dec.
443 1844 70 49 30,
542 1844 140 48 1932;
713 1846 41 38 A
781 1847 63 39 ad
872 1846 87 40 int.
988 1846 170 47 17488;
1189 1846 143 47 pubd.
1363 1846 111 40 Feb.
1504 1845 69 47 27,
1604 1844 140 48 1933;
1779 1844 201 41 Charles
196 1847 1914 100 Bryson,
328 1902 210 39 London.

124 2002 244 67 Barton,
396 2003 256 56 William
681 2005 265 64 Eleazar,
979 2010 326 51 1861-1930.

193 2080 299 55 President
522 2080 256 70 Lincoln,
806 2082 74 69 by
911 2081 260 53 William
1203 2082 68 54 E.
1302 2082 247 65 Barton;
1582 2083 139 51 with
1755 2080 227 70 preface
2014 2081 112 52 and

122 2157 1977 148 the last three chapters by William II. Townsend … Indianapolis, The Bobbs-Merrill company [ c 1933]
193 2306 27 40 2
245 2317 42 31 v.
342 2306 190 49 fronts.,
561 2308 172 49 plates,
761 2310 149 47 ports.
966 2308 56 41 24
1026 2311 44 22 cm
1074 2342 9 9 .

193 2363 361 49 Bibliography,
586 2377 44 29 v.
661 2365 40 48 2,
732 2376 43 38 p.
806 2365 218 41 739-747.

194 2421 161 48 Paged
387 2419 356 50 continuously.

129 2477 51 52 ©
206 2482 111 40 Feb.
342 2483 38 44 1,
406 2481 140 47 1933;
572 2480 67 40 2c.
666 2482 118 40 each
809 2483 97 38 and
932 2481 81 40 aff.
1040 2482 112 41 Feb.
1177 2481 84 47 10;
1288 2482 41 39 A
1355 2481 170 48 59379;
1554 2483 369 39 Bobbs-Merrill
1951 2494 68 29 co.

206 2538 249 48 (33-3452)

118 2643 251 64 Borden,
398 2644 191 63 Mary.

188 2720 150 52 Does
367 2721 96 52 the
489 2720 354 68 honeymoon
874 2720 163 54 make
1069 2719 92 53 for
1190 2721 311 68 happiness
1516 2724 18 52 ?

228 2795 60 38 (In
317 2791 158 42 Home
503 2791 205 51 making
739 2791 276 52 magazine,
1047 2791 129 52 Dec.,
1208 2792 144 50 1932)

128 2846 51 52 ©
269 2884 8 7 1c.
309 2851 109 39 Jan.
449 2850 69 48 20,
538 2850 152 51 ,1933;
724 2852 43 38 A
797 2853 62 39 ad
891 2853 87 39 int.
1011 2850 170 49 17469;
1216 2853 143 47 pubd.
1392 2853 118 39 Nov.
1541 2851 70 48 26,
1644 2850 141 48 1932;
1822 2853 62 40 M.
1918 2853 207 46 Borden,

193 2908 211 39 London.

121 3010 218 65 Bridge
373 3011 452 65 headquarters,
861 3012 110 53 inc.
1046 3013 292 66 Advisory
1372 3014 236 53 council.

192 3087 121 54 The
343 3107 121 34 new
499 3086 402 57 standardized
934 3086 197 55 official
1162 3093 208 63 system
1401 3088 63 53 of
1496 3093 254 49 contract
1780 3088 217 69 bridge,
2029 3091 95 52 the

123 3162 198 54 official
348 3163 145 54 book
521 3183 71 34 on
622 3166 95 52 the
745 3184 123 35 new
897 3165 401 53 standardized
1328 3171 207 62 system
1564 3164 141 53 with
1734 3166 95 54 the
1859 3184 102 35 one
1991 3185 133 34 over

123 3240 2000 150 one … including the complete new international laws. Philadelphia, Chicago fete.] Pub. for Bridge headquarters, inc., by
123 3395 93 53 the
244 3396 153 52 John
429 3396 61 54 C.
517 3395 263 55 Winston
809 3414 278 50 company
1162 3400 151 64 [c1933]

192 3465 119 40 xviii
337 3477 57 37 p.,
419 3467 25 38 1
491 3498 23 15 l.,
539 3467 98 46 291,
662 3466 166 43 vii-ix.
852 3468 56 39 54
932 3479 43 37 p.
1027 3454 130 55 iilus.
1210 3468 55 40 19½
1298 3471 44 21 cm
1347 3502 10 9 .

193 3522 244 41 Portraits
473 3533 60 30 on
569 3523 137 41 front
743 3523 351 50 lining-paper;
1135 3525 260 41 “Contract
1431 3526 167 48 bridge
1635 3528 192 48 scoring
1865 3528 158 41 table”
2062 3541 58 29 on

121 3578 120 41 back
266 3578 337 49 lining-paper.

127 3640 51 53 ©
214 3646 109 41 Jan.
357 3647 68 46 18,
460 3645 139 48 1933;
637 3646 65 41 2c.
739 3647 97 40 and
872 3645 82 41 aff.
990 3646 110 41 Jan.
1136 3646 82 48 25;
1256 3647 41 39 A
1332 3645 170 50 59130;
1541 3648 179 48 Bridge
1754 3649 368 49 headquarters,

194 3703 103 48 inc.,
333 3704 117 39 New
482 3704 143 39 York.
707 3698 51 52 [©
795 3702 237 41 revisions
1067 3705 96 39 and
1198 3703 262 50 additions]
1533 3705 251 49 (33-3468)

123 3803 264 57 Catholic
416 3804 240 56 church.
731 3808 176 65 Pope,
934 3811 173 48 1922-
1332 3805 167 67 (Pius
1602 3808 17 67 XI)

192 3882 328 68 Encyclical
552 3883 165 53 letter
749 3883 65 53 of
844 3883 113 52 His
987 3881 288 68 Holiness,
1307 3882 140 54 Pius
1550 3927 11 24 XI,
1592 3884 75 68 by
1699 3883 212 57 Divine
124 3887 1974 127 Providence.
372 3979 163 45 pope,
570 3967 58 46 to
666 3961 95 52 the
798 3960 297 52 venerable
1132 3959 285 65 brethren,
1455 3961 340 63 patriarchs,
1832 3963 292 61 primates,
