2484 4405
1079 4053 132 54 1711

197 490 611 48 xvii p., 1 l., 311 p. 17 cm.
199 547 116 40 1930
339 546 183 40 edition
550 547 88 39 has
665 546 107 40 title:
829 546 100 39 The
956 545 174 39 hurdle
1157 545 135 38 book.

133 601 51 51 ©
215 606 115 39 July
358 604 70 46 25,
459 602 113 42 1933;
630 603 66 40 2c.
729 604 95 38 and
855 602 85 41 aff.
967 603 120 46 Aug.
1119 602 54 39 12;
1234 602 43 38 A
1305 600 170 48 64719;
1510 600 169 48 Henry
1710 600 120 41 Holt
1859 600 36 39 &
1926 609 81 37 co.,
2039 598 92 39 inc.

209 661 279 46 (33-36928)

131 760 196 66 Stiles,
359 761 295 53 Meredith
686 761 333 64 Newcomb,
1055 763 171 50 1880-

202 839 121 53 The
351 838 226 54 world’s
606 836 155 54 work
794 839 111 52 and
936 837 95 54 the
1064 836 265 53 calendar;
1392 835 203 68 telling
1625 835 95 54 the
1752 840 155 63 story
1940 832 63 54 of
2034 834 96 54 the

132 918 287 53 evolution
457 917 63 51 of
557 917 96 53 the
691 914 549 70 Julian-Gregorian
1279 915 280 65 calendar,
1599 913 62 53 of
1699 915 125 50 how
1864 915 46 51 it
1951 911 177 54 failed

133 1001 57 46 to
229 994 308 68 anticipate
573 994 95 54 the
705 993 168 53 needs
909 992 62 54 of
1010 1015 30 33 a
1080 992 255 69 changed
1375 991 365 67 civilization,
1782 992 111 52 and
1934 991 63 52 of
2036 992 94 51 the

136 1072 400 55 international
567 1070 384 69 undertaking
977 1079 58 46 to
1067 1071 254 68 improve
1349 1070 62 69 it,
1438 1071 73 67 by
1540 1069 286 54 Meredith
1856 1069 69 52 N.
1958 1068 172 56 Stiles

195 1148 971 70 … Boston, R. G. Badger [ c 1933]
203 1221 687 49 181 p. illus., diagrs. 20 cm.
135 1279 1999 51 © Oct. 30, 1933; 2c. Nov. 24; aff. Nov. 23; A 67246; Richard G. Badger.
211 1339 279 49 (33-36996)

135 1441 161 67 Taft,
324 1440 301 55 Theodore
655 1441 275 66 Howard,
963 1445 171 49 1880-

203 1519 366 68 Elementary
614 1516 367 70 engineering
1022 1516 536 70 thermodynamics,
1599 1517 74 68 by
1717 1518 295 53 Theodore
2056 1518 76 52 H.

135 1594 1999 72 Taft … New York, J. Wiley & sons, inc.; London, Chapman &
137 1674 156 68 Hall,
324 1673 238 69 limited,
596 1677 148 49 1933.

203 1745 1385 50 2 p. l., iii-v, 229 p. illus., diagrs. 23½ cm . $2.75
140 1802 1983 109 © Nov. 2, 1933; 2c. Nov. 28; aff. Nov. 9; A 67287; T. H. Taft, Cambridge, Mass. (33-36894)
139 1951 319 66 Thévenin,
489 1953 178 56 René.

265 2031 1869 67 … Les chasseurs d’hommes. Paris, La Renaissance du livre
159 2113 156 48 [ c 1933]
211 2181 1325 50 253 p., 1 l. 18½cm. (On cover: Le disque rouge)
141 2235 2000 53 © July 10, 1933; 1c. Oct. 24: A-Foreign 22512; Renaissance du livre.
217 2297 279 49 (33-37200)

140 2384 245 66 Tucker,
415 2384 242 55 Patrick
686 2388 82 64 T.,
800 2390 172 49 1854-

210 2463 220 69 Riding
464 2466 98 51 the
593 2465 142 68 high
771 2470 259 64 country,
1064 2465 76 67 by
1176 2464 238 54 Patrick
1450 2467 64 50 T.
1554 2465 251 67 Tucker;
1844 2465 188 53 edited
2070 2464 73 68 by

140 2541 183 54 Grace
355 2541 175 55 Stone
559 2542 218 55 Coates.
857 2542 295 70 Caldwell,
1181 2544 108 68 Id.,
1317 2545 123 52 The
1471 2543 225 55 Caxton
1726 2544 268 69 printers,
2024 2544 123 52 ltd..

141 2623 148 50 1933.

208 2694 1263 50 210 p. front. (facsim.) illus., plates, ports. 19½cm.
210 2750 287 41 Illustrated
540 2751 350 50 lining-papers;
963 2751 316 49 frontispiece
1323 2752 341 49 accompanied
1707 2753 60 47 by
1810 2754 154 47 guard
2009 2753 132 41 sheet

137 2806 118 40 with
287 2806 290 49 descriptive
607 2810 299 47 letterpress.

212 2862 227 49 “Tommy
469 2865 230 41 Tucker’s
730 2867 134 46 story
895 2866 51 39 of
978 2866 76 40 his
1086 2864 295 42 association
1412 2865 119 41 with
1564 2866 49 41 C.
1646 2867 60 38 M.
1743 2866 191 39 Russell
1969 2866 175 48 during

141 2919 81 40 the
251 2920 193 48 cowboy
474 2920 186 42 artist’s
690 2921 108 41 first
826 2932 143 38 years
997 2933 60 30 on
1089 2922 83 41 the
1201 2921 528 50 range.”—Foreword.

148 2972 50 52 ©
231 2978 111 41 Dec.
375 2979 38 44 1,
446 2978 140 46 1933;
620 2978 64 40 2c.
719 2980 111 39 Dec.
863 2980 26 39 7;
951 2979 82 42 aff.
1065 2980 113 39 Dec.
1212 2980 52 46 6;
1299 2979 41 39 A
1371 2980 142 39 67413;
1578 2978 189 41 Caxton
1801 2979 226 47 printers,
2061 2978 85 40 ltd.

221 3033 279 49 (33-36985)

148 3122 399 68 Upthegrove,
580 3123 158 57 Clair,
789 3128 172 51 1884-

149 3200 1970 148 … Scaling of steel at heat-treating temperatures [by] C. Upthegrove … [Ann Arbor, Mich.] 1933.
152 3350 1974 104 3 p. l., 36 p. illus., diagrs. 23 cm. (Dept. of engineering research. University
368 3406 1567 53 of Michigan … Engineering research bulletin, no. 25)
150 3461 51 51 ©
228 3466 120 47 Aug.
375 3466 70 46 31,
474 3466 113 40 1933;
645 3467 66 40 2c.
743 3467 100 40 Oct.
873 3467 29 39 5;
957 3467 81 41 aff.
1070 3468 102 40 Oct.
1202 3469 58 38 12;
1316 3469 40 38 A
1385 3469 136 39 68241;
1588 3469 283 47 University
1901 3469 51 39 of
213 3469 1918 100 Michigan,
350 3523 107 38 Ann
486 3523 168 39 Arbor.
726 3524 280 49 (33-28221)

148 3607 331 69 Vaudoyer,
507 3612 147 54 Jean
680 3613 198 66 Louis,
910 3617 172 50 1883-

279 3688 1476 73 … En France; miscellanées. Paris, Plon t 1933]
217 3760 562 51 4 p. l., 291 p. 18½c m .
499 3840 59 5 CONTENTS.—
560 3818 71 41 En
670 3820 248 41 Alsace.—
921 3821 70 42 De
1027 3823 183 47 Troyes
1246 3823 28 40 à
1314 3822 154 42 Céret.
1472 3844 59 6 —
1533 3823 126 41 Avec
1699 3823 311 42 Stendhal.—
2012 3824 135 41 Dans

150 3874 153 41 Paris.

152 3927 1796 56 © July 10, 1933; 1c. Nov. 4; A-Foreign 22602; Librairie Plon.
230 3988 280 50 (33-37250)
