2484 4405
1067 4086 133 54 1761

136 442 167 65 Kyle,
332 440 218 54 Melvin
586 440 208 65 Grove,
831 442 324 50 1858-1933.

269 512 1863 73 … Mooring-masts of revelation; a study of towering Bible
139 595 318 53 characters
501 595 72 66 by
619 594 177 53 walks
841 594 112 52 and
999 594 151 53 talks
1197 600 58 46 at
1300 594 194 52 sacred
1543 594 204 66 places,
1794 592 72 67 by
1913 590 218 53 Melvin

139 669 1992 71 Grove Kyle … introduction by James Leon Kelso … New
144 749 1516 68 York [etc.] Fleming H. Revell company [ c 1933]
209 821 27 40 3
260 833 43 39 p.
365 854 9 16 l.,
399 822 143 40 5-217
571 832 42 39 p.
673 821 164 49 front.,
863 822 171 49 plates.
1094 821 58 39 21
1154 823 43 21 cm
1203 852 9 9 .
1283 822 124 48 (The
1436 822 168 47 Smyth
1633 821 207 40 lectures
1867 825 49 35 at
141 822 1974 97 Columbia
249 879 288 49 theological
568 881 258 45 seminary,
859 878 136 49 1932)

211 937 129 39 “The
369 936 207 40 lectures
606 936 265 40 constitute
902 936 81 40 the
1016 935 180 41 ’walks’
1229 940 51 36 at
1311 937 169 40 sacred
1510 937 161 48 places
1704 935 51 41 of
1788 936 97 40 this
1918 938 212 44 volume;

141 992 846 48 the ‘talks’ … are added.”—p. 9.
139 1047 51 51 ©
217 1052 117 39 Nov.
363 1054 38 43 8,
429 1051 139 46 1933;
598 1052 66 37 2c.
694 1051 93 38 and
817 1050 81 40 aff.
926 1050 116 39 Nov.
1072 1050 82 46 14;
1186 1050 40 37 A
1254 1049 168 48 67089;
1455 1050 221 48 Fleming
1702 1052 60 38 H.
1792 1051 167 40 Revell
2016 1061 37 29 co.

214 1107 279 48 (33-38421)

137 1206 326 68 Laignelet,
490 1208 183 65 Jules,
704 1208 171 53 1877-

265 1285 1867 70 … Les evaluations en matière d’impôt foncier, de patentes et
134 1363 1936 70 de risque d’incendie dans l’industrie, par J. Laignelet …
136 1443 357 68 Montrouge,
526 1442 363 69 Imprimerie
923 1443 67 52 de
1024 1441 259 55 l’édition
1317 1449 54 47 et
1404 1443 68 53 de
1504 1442 340 67 l’industrie,
1880 1448 150 49 1933.

207 1514 68 50 99,
310 1517 53 49 [1]
395 1526 42 37 p.
499 1516 177 46 diagrs.
737 1515 55 38 22
796 1518 43 21 cm
845 1548 7 7 .
925 1515 364 48 (Bibliotheque
1318 1516 58 40 de
1427 1515 188 48 l’Usine)

140 1570 50 51 ©
222 1575 115 46 July
366 1574 69 46 25,
466 1574 140 46 1933;
639 1575 65 38 1c.
736 1574 101 40 Oct.
870 1575 81 45 14;
985 1573 312 48 A-Foreign
1327 1573 170 47 22393;
1532 1572 218 49 L’Usine,
1783 1573 154 40 Paris.

216 1630 278 49 (33-38025)

137 1732 301 66 Langdon,
471 1734 204 65 Grace,
711 1737 170 49 1889-

207 1810 366 55 Similarities
615 1812 112 51 and
769 1810 331 54 differences
1143 1810 59 53 in
1244 1810 266 68 teaching
1550 1811 60 52 in
1650 1829 238 50 nursery
1929 1810 208 68 school,

138 1888 1997 69 kindergarten, and first grade, by Grace Langdon … New
145 1966 1180 69 York, The John Day company [ c 1933]
207 2041 101 46 xiii,
341 2041 85 40 392
459 2052 41 36 p.
533 2041 109 39 incl.
675 2041 192 47 diagrs.,
900 2041 168 40 forms.
1128 2041 56 40 23½
1218 2043 43 21 cm
1266 2072 8 8 .

209 2099 169 38 Issued
421 2099 102 38 also
566 2108 54 29 as
663 2098 151 39 thesis
844 2100 107 45 (PH.
1026 2100 33 45 D.)
1112 2097 251 40 Columbia
1407 2097 272 48 university
1721 2098 153 40 under
1917 2097 135 41 title:
2097 2102 37 36 A

138 2155 143 46 study
329 2155 52 39 of
424 2155 303 39 similarities
773 2156 95 38 and
915 2155 288 39 differences
1248 2154 47 39 in
1343 2154 226 49 teaching
1614 2155 48 39 in
1708 2164 204 38 nursery
1959 2155 176 47 school,

136 2211 360 49 kindergarten,
527 2212 97 40 and
653 2211 111 42 first
792 2213 163 47 grade.

208 2268 375 49 Bibliography:
617 2279 42 39 p.
694 2267 219 42 390-392.

140 2321 51 51 ©
229 2327 115 38 Nov.
383 2327 40 47 2,
461 2326 112 40 1933
593 2336 8 36 ;
641 2327 67 39 2c.
746 2327 112 39 Dec.
897 2325 52 47 6;
989 2325 83 41 aff.
1111 2326 110 39 Dec.
1262 2326 52 47 5;
1354 2325 40 39 A
1431 2325 144 41 67385
1586 2336 15 37 ;
1644 2326 53 41 G.
1736 2326 245 48 Langdon,
2021 2326 116 39 New

206 2383 141 39 York.
419 2383 279 49 (33-38164)

141 2469 284 68 Larrouy,
454 2471 281 66 Maurice,
769 2474 172 50 1882-

272 2546 1671 71 … La Venus standard. Paris, A. Fayard et ci e [ c 1933]
205 2620 740 51 3 p. l. , [9]-317, [2] p. 19 cm .
207 2689 72 40 On
308 2700 166 29 cover:
506 2689 198 40 Edition
731 2688 252 48 originale.

141 2741 1998 52 © July 15, 1933; 1c. Oct. 14; A-Foreign 22347; Artheme Fayard & cie.
217 2802 190 48 (31-33)

141 2884 324 72 Lenanton,
498 2892 137 53 Mrs.
673 2891 208 54 Carola
912 2893 174 63 Mary
1119 2890 218 54 Anima
1368 2891 250 65 (Oman)
1663 2896 163 49 1897-

211 2967 119 52 The
355 2968 120 52 best
499 2967 64 54 of
588 2968 87 53 his
701 2968 207 68 family
939 2969 90 67 [by
1036 3002 12 34 3
1079 2969 210 55 Carola
1318 2969 203 54 Oman.
1587 2970 276 66 [London]
1897 2969 237 52 Hodder

140 3048 42 48 &
218 3045 324 67 Stoughton
581 3049 173 65 [1933]

209 3116 100 48 406,
342 3118 54 49 [1]
427 3127 44 39 p.
531 3116 56 41 21½
620 3120 43 21 cm
667 3150 9 9 .

213 3173 113 51 Map
353 3187 59 28 on
442 3174 334 51 lining-paper.

213 3231 176 41 ‘‘Short
419 3232 393 49 bibliography”:
847 3245 42 37 p.
923 3233 236 49 403-[407]

143 3285 1994 55 © 1c. Nov. 2, 1933; A ad int. 18405; pubd. Sept. 14; Carola Mary Anima
211 3346 153 40 Oman
396 3347 263 47 Lenanton,
693 3347 126 47 Ayot
853 3347 68 40 St.
953 3347 261 48 Laurence,
1248 3359 70 29 nr.
1352 3349 232 47 Welwyn,
1618 3349 163 47 Herts,
1817 3350 235 45 England.

219 3402 220 50 (34-335)

142 3489 205 66 Libby,
375 3494 138 51 Mrs.
544 3491 194 54 Violet
765 3492 261 65 Kelway.

208 3567 150 52 How
392 3573 59 47 to
488 3585 124 36 care
653 3567 93 53 for
781 3569 94 53 the
911 3569 167 67 baby,
1115 3569 74 68 by
1226 3570 193 54 Violet
1455 3570 241 68 Kelway
1733 3569 215 69 Libby;
140 3571 1972 126 foreword
362 3645 74 67 by
505 3646 102 52 Dr.
679 3647 255 51 Truman
1002 3647 178 52 Abbe.
1254 3647 400 69 Washington,
1723 3648 73 52 D.
1866 3648 82 67 C.,
2017 3649 121 53 The

141 3723 307 67 Plymouth
484 3742 173 49 press,
692 3726 149 51 1933.

210 3797 80 47 vii,
322 3797 86 40 110
439 3808 41 37 p.
542 3798 126 39 illus.
730 3798 57 39 19½
817 3801 43 21 cm
867 3830 7 7 .

212 3854 168 39 Forms
407 3854 79 40 for
516 3854 179 41 “Chart
724 3855 51 40 of
802 3855 164 47 baby’s
997 3855 220 48 weight”,
1250 3855 205 48 “Baby’s
1484 3856 167 48 height
1680 3858 94 38 and
1805 3856 206 49 weight”
2040 3859 93 38 and

143 3909 202 47 “Baby’s
375 3911 195 40 record”
589 3923 8 28 :
631 3923 42 35 p.
703 3911 213 40 108-108.

145 3962 53 53 ©
226 3968 113 48 May
366 3968 69 49 26,
465 3968 113 41 1933
597 3980 9 37 ;
637 3969 68 40 2c.
736 3969 96 40 and
860 3969 83 41 aff.
972 3970 111 39 Dec.
1115 3970 82 47 14;
1229 3970 42 39 A
1299 3969 170 48 68485;
1502 3971 260 47 Plymouth
1792 3981 150 38 press.

220 4024 278 49 (33-38160)
