2484 4405
1043 4088 135 55 1771

202 531 91 40 xiii
317 541 57 38 p.,
403 531 23 38 1
487 562 8 14 l.,
523 529 84 40 271
633 541 43 38 p.
704 529 109 41 incl.
838 528 163 47 front.,
1030 528 144 47 illus.,
1202 530 148 47 ports.
1410 528 55 39 21½
1499 530 44 21 cm
1548 560 8 7 .

202 588 139 49 Maps
372 599 58 30 on
461 587 361 49 lining-papers.

203 645 374 48 Bibliography:
613 655 43 37 p.
707 643 101 49 [257]

132 712 53 51 ©
213 717 111 39 Dec.
355 717 68 45 11,
455 715 111 40 1933
586 725 8 36 ;
626 715 68 39 2c.
725 715 112 40 Dec.
869 714 80 45 12;
983 712 82 41 aff.
1098 714 109 39 Dec.
1240 712 82 47 20;
1356 714 40 37 A
1428 712 169 47 68554;
1634 712 199 40 Garrett
1865 711 36 40 &
1933 712 193 47 Massie,

200 772 91 41 inc.
365 771 278 49 (33-38693)

131 876 194 64 Foley,
355 875 289 54 Matthew
725 919 14 13 O.

199 951 323 53 Handbook
556 950 64 53 of
651 949 248 68 hospital
934 955 396 62 management
1368 949 92 68 [by]
1516 948 274 52 Matthew
1828 947 67 54 O.
1934 948 191 68 Foley.

133 1030 270 54 Downers
440 1027 202 68 Grove,
676 1028 111 69 Ill.,
821 1027 79 56 M.
937 1026 65 53 O.
1040 1027 177 68 Foley
1298 1030 152 65 [c1933]

196 1099 577 50 4 p. l. , 116 p. 22½ cm .
128 1171 54 52 ©
211 1175 100 41 Oct.
341 1174 38 47 6,
410 1175 140 46 1933;
581 1175 66 39 2c.
677 1175 118 39 Nov.
825 1174 82 46 28;
940 1172 80 41 aff.
1052 1174 119 39 Nov.
1201 1173 82 47 27;
1316 1174 41 38 A
1387 1173 169 48 68354;
1591 1175 62 38 M.
1686 1174 51 41 O.
1770 1174 159 46 Foley.

207 1232 279 48 (33-38977)

128 1334 249 65 Franks,
407 1335 227 52 Horace
665 1335 246 62 George.

194 1411 184 63 Queer
404 1411 190 68 India,
619 1410 74 69 by
719 1411 77 53 H.
823 1410 222 69 George
1070 1409 240 53 Franks.
1386 1411 137 52 New
1555 1410 177 68 York,
1757 1412 90 55 W.
1873 1411 245 54 Morrow

122 1493 45 49 &
196 1508 296 49 company,
523 1492 149 51 1933.

193 1564 85 47 xii,
309 1564 86 39 240
461 1594 8 9 p.
531 1564 54 38 21
589 1565 42 21 cm
637 1595 8 8 .

127 1617 51 51 ©
209 1622 99 40 Oct.
340 1622 67 45 18,
438 1621 113 40 1933
570 1631 8 36 ;
609 1620 66 39 2c.
709 1619 102 41 Oct.
841 1620 82 46 20;
957 1620 81 41 aff.
1069 1621 113 39 Dec.
1213 1621 82 46 12;
1327 1621 41 37 A
1398 1620 170 47 67536;
1603 1621 59 40 H.
1696 1620 53 41 G.
1782 1621 204 47 Franks,
194 1621 1913 104 Calcutta,
371 1678 155 40 India.
608 1672 52 53 [©
689 1676 226 49 revision]
987 1676 281 48 (33-39267)

126 1780 191 63 Garis,
346 1782 128 62 Roy
500 1781 334 62 Lawrence,
867 1782 167 49 1897-

195 1856 317 67 Principles
549 1855 63 52 of
646 1873 198 51 money
883 1854 110 54 and
1031 1853 196 70 credit,
1263 1855 74 68 by
1373 1854 126 69 Roy
1538 1856 59 50 L.
1637 1854 169 54 Garis
1849 1899 55 10 …
1983 1854 134 54 New

127 1934 174 67 York,
331 1934 121 54 The
481 1931 332 55 Macmillan
843 1951 296 50 company,
1171 1936 150 49 1933.

191 2015 76 38 xv,
304 2004 85 42 520
424 2016 43 38 p.
532 2004 178 50 diagrs.
741 2006 45 48 (1
826 2006 144 46 fold.)
1043 2007 56 39 22½
1132 2008 44 22 cm
1180 2039 9 8 .

194 2062 374 48 Bibliography:
599 2073 41 37 p.
670 2063 125 39 ix-x.
855 2061 320 42 “References"
1234 2067 51 37 at
1315 2065 89 39 end
1435 2064 51 40 of
1514 2065 117 40 each
1661 2065 214 48 chapter.

125 2119 50 52 ©
205 2125 110 39 Dec.
345 2124 67 46 19,
441 2123 112 40 1983
573 2133 8 30 :
611 2123 67 39 2c.
708 2123 93 39 and
832 2121 81 41 aff.
942 2123 110 39 Dec.
1082 2122 83 47 20;
1196 2123 41 38 A
1265 2122 169 47 67595;
1467 2123 282 41 Macmillan
1778 2136 67 28 co.

200 2180 278 49 (33-38973)

124 2283 169 64 Glyn,
320 2285 138 51 Mrs.
489 2281 204 54 Elinor
722 2281 421 66 (Sutherland)

195 2402 55 10 …
282 2358 150 55 Such
454 2377 128 33 men
606 2377 94 33 are
724 2359 334 67 dangerous.
1134 2357 138 53 New
1300 2358 177 68 York,
1502 2359 122 53 The
1645 2359 306 70 Macaulay
121 2379 1975 126 company
307 2470 12 34 t
325 2443 17 22 c
348 2439 150 64 1933]

189 2511 88 40 256
308 2522 43 37 p.
411 2509 55 41 19½
498 2512 44 22 cm
547 2541 9 9 .

190 2569 63 40 At
281 2569 124 40 head
435 2567 51 41 of
514 2567 134 40 title:
680 2565 169 42 Elinor
878 2565 164 49 Glyn’s
1070 2576 107 31 new
1205 2567 152 41 novel.

193 2626 145 41 Short
373 2625 190 40 stories.

123 2680 51 51 ©
199 2685 110 39 Dec.
335 2684 67 45 18,
428 2683 138 45 1933;
594 2683 64 38 2c.
685 2683 94 38 and
805 2681 81 40 aff.
912 2682 110 40 Dec.
1047 2682 82 46 20;
1158 2683 40 37 A
1222 2682 169 47 67643;
1421 2682 171 40 Elinor
1616 2666 136 65 Glib,
1779 2684 101 47 ltd.,
1908 2685 212 42 London.

199 2739 279 48 (33-38985)

123 2839 312 66 Hartman,
466 2842 134 53 Carl
629 2837 320 67 Gottfried,
981 2840 172 52 1879-
1365 2841 84 53 ed.

191 2919 120 52 The
350 2925 268 61 anatomy
655 2919 64 52 of
756 2918 94 52 the
891 2918 194 52 rhesus
1125 2918 242 68 monkey
1418 2919 261 67 (Macaca
1716 2919 272 70 mulatto)
2040 2921 75 68 by

120 2999 63 52 T.
209 2998 75 53 H.
312 3000 156 63 Bast,
494 2996 227 53 Kermit
749 2995 365 56 Christensen
1145 3042 55 8 …
1254 2998 111 51 [and
1391 2998 206 66 others]
1679 2998 336 55 Illustrated
2039 3000 74 67 by

124 3074 303 69 Benjamin
466 3074 203 68 Kopel.
747 3074 211 52 Edited
994 3072 34 53 by
1108 3074 136 54 Carl
1282 3075 66 54 G.
1388 3076 290 52 Hartman
1720 3120 55 9 …
1820 3078 111 53 and
127 3078 1963 130 William

300 3154 63 54 L.
407 3153 219 67 Straus,
667 3151 69 69 jr.
785 3197 54 9 …
921 3151 333 68 Baltimore,
1293 3153 121 53 The
1452 3153 289 55 Williams
1781 3158 45 51 &
1865 3156 250 55 Wilkins

123 3249 295 51 company,
447 3235 149 50 1933.

194 3304 63 48 ix,
285 3305 84 40 383
400 3314 41 37 p.
501 3303 162 47 front.,
694 3303 142 47 illus.,
865 3303 170 47 plates,
1067 3301 153 48 diagr.
1279 3302 55 41 23
1338 3305 45 21 cm
1388 3338 8 8 .

194 3361 345 48 Bibliography
566 3366 49 33 at
641 3361 90 39 end
759 3360 52 39 of
835 3361 117 38 each
978 3360 202 46 chapter
1204 3362 169 45 except
1399 3361 81 39 the
1505 3360 121 40 first.

123 3416 1888 51 © Dec. l. 1933 ; 2c. and aff. Dec. 12 ; A 68459; Williams & Wilkins co.
199 3476 277 48 (33-38752)

123 3579 216 63 Hearn,
375 3577 301 63 Lafcadio,
712 3578 324 51 1850-1904.

188 3657 221 51 Letters
445 3660 57 46 to
540 3673 29 32 a
610 3671 206 49 pagan,
852 3653 74 67 by
964 3651 280 53 Lafcadio
1282 3652 199 53 Hearn
1524 3695 55 9 …
1658 3654 246 68 Detroit,
1941 3657 67 53 R.
2049 3660 65 51 B.

122 3735 241 55 Powers,
401 3735 148 50 1933.

189 3802 1358 53 2 p. l. , 9-119 p., 1 l. front, (port.) facsim. 22 cm .
192 3866 127 38 “The
351 3863 181 40 edition
565 3862 41 38 is
639 3860 184 40 limited
859 3863 47 37 to
939 3860 89 39 five
1061 3860 219 39 hundred
1313 3861 95 38 and
1440 3860 111 47 fifty
1584 3860 201 49 copies.”
1846 3864 118 42 This
1996 3876 118 39 copy

121 3925 80 36 not
237 3921 273 39 numbered.

123 3976 51 51 ©
199 3981 115 38 Nov.
341 3978 39 47 9,
407 3977 112 40 1933
538 3987 8 35 ;
574 3977 68 38 2c.
669 3976 95 38 and
791 3973 80 40 aff.
897 3973 117 39 Nov.
1043 3972 82 46 20;
1155 3973 40 38 A
1221 3972 169 47 67203;
1421 3973 181 41 Robert
1629 3976 166 40 Bruna
1824 3978 207 43 Powers.

199 4035 276 49 (33-39277)
