2582 4453
1300 4173 133 50 1810

370 487 319 68 Bradford,
724 488 318 55 Frederick
1074 488 209 67 Alden,
1319 489 172 54 1897-

505 567 1882 70 … Banking, by Frederick A. Bradford … Rev. ed. New
378 646 177 69 York,
588 647 262 67 London,
889 651 139 64 [etc.]
1068 647 347 68 Longmans,
1451 646 187 55 Green
1675 647 113 52 and
1823 664 99 48 co.,
1961 649 151 50 1933.

446 720 86 40 viii
561 732 58 37 p.,
650 722 24 38 1
738 751 8 13 l.,
776 720 86 41 528
888 731 42 37 p.
993 720 143 41 illus..
1164 721 180 48 diagrs.
1407 720 55 40 20
1467 722 42 21 cm
1514 752 9 9 .
1562 721 313 48 (Longmans’
1904 720 270 41 economics
2204 721 180 46 series)

445 776 447 51 “Bibliographical
921 778 141 41 note”
1090 781 52 38 at
1170 779 91 40 end
1290 778 51 40 of
1367 779 117 39 each
1514 779 203 48 chapter
1745 780 169 46 except
1943 779 202 47 chapter
2272 810 8 8 XIII.

371 849 52 52 ©
450 854 111 38 Dec.
588 852 68 47 20,
683 851 114 41 1933
817 862 7 31 ;
852 851 69 40 2c.
947 851 96 40 and
1069 850 82 40 aff.
1179 851 111 39 Dec.
1319 850 82 40 26:
1430 850 41 39 A
1497 850 171 41 68581:
1699 850 289 47 Longmans,
2019 850 157 41 Green
2203 851 37 39 &
2265 860 66 30 co.

449 910 223 49 (34-326)

371 1011 219 67 Brush,
619 1010 355 67 Katharine,
1006 1014 173 50 1902-

445 1091 185 55 Other
665 1108 235 51 women,
937 1091 74 68 by
1048 1089 326 54 Katharine
1409 1090 208 53 Brush.
1691 1092 139 51 New
1867 1089 181 69 York,
2085 1091 216 51 Farrar
2335 1092 52 49 &

372 1170 300 58 Rinehart,
704 1170 404 68 incorporated
1167 1172 152 64 [1933]

440 1244 590 50 6 p. l. , 5-307 p. 20 cm .
441 1304 146 41 Short
619 1303 191 41 stories.

373 1370 52 52 ©
464 1375 112 40 Feb.
612 1374 69 46 20,
719 1373 115 41 1933
853 1384 8 36 ;
900 1374 68 39 2c.
1007 1373 111 41 Feb.
1155 1373 83 46 23;
1279 1372 82 41 aff.
1400 1373 110 39 Feb.
1548 1372 83 46 21;
1672 1371 41 39 A
1749 1371 171 48 59769;
1961 1372 58 41 K.
2059 1372 176 47 Brush,
2274 1371 117 40 New

443 1432 145 40 York.
662 1431 252 49 (33-5781)

374 1532 295 68 Buschke,
698 1535 328 63 Abraham,
1059 1537 170 51 1868-

444 1612 112 57 Sex
583 1613 209 68 habits,
820 1633 32 34 a
879 1612 144 56 vital
1051 1613 189 53 factor
1269 1613 59 55 in
1357 1613 345 69 well-being,
1728 1614 75 67 by
1830 1615 70 52 A.
1932 1614 280 67 Buschke,
2297 1657 9 9 M.
2375 1655 9 10 D.

372 1693 115 53 and
515 1694 65 54 F.
608 1692 346 67 Jacobsohn,
983 1711 66 36 m.
1079 1712 47 33 d.
1145 1713 11 46 ;
1186 1693 318 53 translated
1536 1692 152 54 from
1715 1694 96 51 the
1838 1693 253 55 German
2117 1692 75 67 by
2222 1693 163 52 Eden

372 1771 2016 68 and Cedar Paul; foreword by Gerard L. Moench … New
376 1849 177 67 York,
584 1850 280 53 Emerson
889 1849 194 67 books,
1111 1849 107 55 inc.
1255 1885 13 33 [
1273 1857 18 20 c
1296 1854 134 50 1933]

448 1923 104 44 xiii,
584 1923 175 41 15-204
790 1933 42 37 p.
894 1923 129 41 illus.
1084 1924 56 40 20½
1172 1925 45 22 cm
1222 1955 9 9 .

445 1980 102 41 The
575 1980 331 41 illustrations
935 1991 85 30 are
1048 1980 264 41 numbered
1343 1989 57 31 as
1426 1982 171 46 plates.

445 2037 200 42 London
674 2038 182 41 edition
898 2037 80 49 (G.
1007 2038 272 48 Routledge
1307 2038 37 40 &
1374 2048 126 38 sons,
1532 2038 111 47 ltd.)
1682 2038 89 40 has
1802 2037 136 41 title:
1970 2038 339 40 Introduction
2341 2042 46 36 to

374 2096 173 40 sexual
577 2095 219 49 hygiene.

373 2162 2020 52 © Dec. 12, 1933; 1c. and aff. Dec. 13; 1c. Dec. 26; A 68571; Emerson
439 2225 162 47 books,
632 2225 92 40 inc.
796 2225 223 49 (34-211)

372 2328 437 66 Christiansen,
839 2329 231 54 Marion
1102 2331 72 54 U.

443 2404 1881 71 Great patriots and pardons, by Marion U. Christiansen …
371 2484 235 68 Boston,
640 2484 239 55 Meador
914 2484 336 69 publishing
1283 2503 298 50 company,
1618 2488 150 49 1933.

439 2556 55 41 68
527 2567 44 38 p.
604 2556 110 41 incl.
747 2557 164 48 front.,
948 2558 128 40 illus.
1137 2559 55 38 21
1197 2561 15 21 cm
1247 2591 7 8 .

440 2614 270 42 Historical
739 2615 177 41 stories
944 2616 49 39 in
1021 2626 153 31 verse.

370 2686 52 52 ©
453 2692 111 39 Dec.
595 2690 39 47 6,
664 2690 141 47 1933;
836 2692 68 39 2c.
934 2692 113 39 Dec.
1077 2692 83 45 14;
1193 2690 82 41 aff.
1305 2692 111 39 Dec.
1448 2691 83 46 15;
1563 2692 41 38 A
1634 2691 171 47 67544;
1840 2692 212 40 Edward
2083 2692 59 40 K.
2174 2690 215 46 Meador,

438 2748 197 40 Boston.
711 2748 223 48 (34-290)

372 2852 298 67 Cieresko,
699 2854 340 65 Benjamin.

436 2932 1885 70 Depressions; causes and solution, by Benjamin Cieresko …
370 3009 1536 72 New York, N. Y., Associated publishers [ c 1933]
443 3082 81 50 vii,
554 3084 87 41 195
672 3095 42 38 p.
776 3085 55 40 19½
864 3088 44 21 cm
914 3118 8 7 .
1040 3085 131 49 $2.00

367 3151 52 52 ©
445 3156 119 40 Nov.
591 3157 37 46 1,
656 3156 112 41 1933
789 3168 8 30 :
825 3158 67 39 2c.
918 3157 118 42 Nov.
1063 3157 82 41 28:
1175 3157 82 42 aff.
1285 3158 111 40 Dec.
1424 3158 82 41 14:
1536 3158 40 38 A
1602 3157 170 47 68490';
1803 3158 53 40 B.
1885 3157 243 41 Cieresko.
2156 3158 228 46 Trenton,

434 3213 55 39 N.
521 3213 44 41 J.
640 3213 222 49 (34-210)

369 3311 263 59 Decimal
666 3316 190 70 digest
887 3318 62 52 of
981 3319 96 53 the
1109 3319 250 53 Indiana
1395 3319 277 69 Supreme
1707 3320 112 52 and
1850 3318 312 70 Appellate
2195 3322 188 51 courts

437 3392 297 71 decisions,
778 3394 154 54 from
975 3396 96 54 the
1114 3397 227 54 earliest
1385 3397 202 69 period
1629 3403 60 47 to
1733 3397 147 53 date.
1961 3394 276 54 Lifetime
2281 3393 104 64 ed.,

439 3471 1943 151 with cumulative pocket supplements. Edited by the publisher's editorial staff … v. l. Abandonment to Appeals.
437 3630 1624 73 Indianapolis, The Bobbs-Merrill company [ c 1933]
430 3717 42 33 v,
552 3726 25 29 [1],
608 3707 88 40 888
722 3717 43 38 p.
823 3708 57 39 26c
900 3710 27 21 m
932 3740 8 7 .

433 3761 371 50 “Alphabetical
831 3763 179 48 topical
1037 3764 254 42 index.”—
1294 3775 41 31 v.
1364 3765 40 48 1,
1432 3774 44 38 p.
1501 3774 43 34 v.

439 3816 225 44 Lettered
694 3830 58 29 on
782 3830 167 31 cover:
980 3821 204 42 Indiana
1219 3822 203 41 decimal
1454 3820 171 50 digest.

434 3874 751 49 “Perpetual-revision-binder”
1226 3889 59 29 on
1327 3878 158 41 inside
1525 3878 53 40 of
1616 3878 123 40 back
1779 3886 155 32 cover.

435 3930 195 50 “Keyed
656 3934 94 39 and
776 3934 435 42 cross-referenced
1236 3938 49 38 to
1309 3936 81 41 the
1415 3933 115 43 1933
1559 3933 210 42 revision
1793 3934 52 41 of
1870 3932 175 41 Burns’
2069 3928 318 45 statutes.”—

359 3989 129 42 Pref.

361 4042 54 53 ©
444 4048 112 40 Dec.
586 4048 68 46 16,
683 4049 142 42 1933:
854 4050 67 40 2c.
952 4050 93 40 and
1078 4051 81 42 aff.
1193 4053 108 38 Dec.
1333 4052 82 41 26:
1449 4051 41 40 A
1519 4050 172 43 68584;
1724 4049 367 40 Bobbs-Merrill
2124 4058 66 31 co.

440 4105 224 47 (34-397)
