2575 4405
1058 4097 105 56 267

112 450 279 53 National
421 448 357 54 association
807 448 64 53 of
901 448 255 54 railroad
1187 449 115 52 and
1333 447 255 54 utilities
1615 448 496 57 commissioners.

243 525 1869 71 … Proceedings of forty-fourth annual convention, held at
110 605 124 52 Hot
265 604 262 69 Springs,
556 604 314 68 Arkansas,
899 605 318 53 November
1250 607 61 50 15
1342 610 60 48 to
1435 608 82 64 18,
1550 608 151 50 1932.
1775 606 140 53 New
1946 606 165 53 York

111 683 132 68 city,
286 683 142 54 Pub.
474 684 73 64 by
592 684 94 51 the
734 683 161 55 State
940 684 110 52 law
1095 681 299 71 reporting
1437 701 298 52 company,
1779 682 201 57 official

110 704 1976 125 reporter
345 762 95 52 for
480 762 93 52 the
616 761 274 54 National
932 761 339 53 association
1312 761 65 54 of
1416 762 253 53 railroad
1713 764 112 53 and
1867 764 242 55 utilities

109 839 446 56 commissioners
669 843 100 49 [c1933]

187 914 63 47 xi,
281 914 83 40 704
390 924 42 37 p.
490 914 171 39 double
689 914 149 39 front.
870 912 197 49 (ports.)
1130 913 146 41 23½cm.

117 974 53 53 ©
201 978 109 42 Feb.
339 978 69 49 27,
439 978 112 41 1933;
611 978 67 41 2c.
709 979 121 39 Mar.
862 978 52 47 2;
947 977 82 41 aff.
1061 979 126 41 Mar,
1213 979 53 47 3;
1299 980 42 38 A
1371 977 170 50 60483;
1575 980 131 42 Natl,
1738 980 295 55 association
2065 983 51 41 of

186 1036 214 40 railroad
427 1036 94 39 and
547 1035 208 40 utilities
781 1035 402 48 commissioners,
1211 1037 117 39 New
1355 1037 143 39 York.

108 1141 280 53 National
419 1140 359 66 geographic
808 1140 244 66 society,
1087 1140 398 69 Washington,
1512 1144 74 52 D.
1668 1186 11 11 C.

240 1219 1871 73 … Cumulative index to the National geographic magazine,
145 1298 1967 74 1899-1925. [1926-1932 supplement] … [Washington, D. C.,
109 1378 161 54 Judd
301 1382 45 49 &
375 1377 319 54 Detweiler,
763 1378 119 66 1933]

181 1451 281 46 cover-title,
494 1450 85 40 108
607 1461 43 37 p.
706 1450 146 39 23½cm.

115 1504 53 52 ©
196 1509 109 40 Feb.
332 1508 68 47 10,
428 1507 140 42 1933;
595 1508 68 40 2c.
690 1509 95 37 and
812 1506 83 42 aff.
924 1506 109 40 Feb.
1062 1506 82 47 20;
1174 1507 40 38 A
1241 1506 170 49 59609;
1441 1508 130 40 Natl,
1600 1507 290 50 geographic
1918 1511 196 49 society.

110 1611 280 54 National
419 1611 225 65 society
671 1611 96 53 for
793 1611 103 54 the
926 1612 182 63 study
1135 1611 63 53 of
1227 1611 330 56 education.

179 1688 1935 72 The thirty-second yearbook … The teaching of geography,
111 1770 282 67 prepared
424 1769 74 68 by
530 1769 95 52 the
657 1768 258 69 society’s
950 1769 338 54 Committee
1320 1788 73 34 on
1423 1769 97 54 the
1550 1768 270 69 teaching

1849 1767 63 54 of
111 1786 1979 130 geography,
341 1848 215 52 Kobert
581 1849 78 52 M.
691 1850 230 65 Brown,
950 1849 171 51 Earle
1151 1851 68 50 E.
1244 1848 243 69 Lackey,
1516 1847 183 54 Edith
1727 1846 220 55 Parker
1980 1846 131 67 tand

110 1925 1979 148 others] … Edited by Guy Montrose Whipple … Bloomington,
257 2004 1270 71 Ill., Public school publishing company [c1933]
184 2080 134 47 xviii,
348 2080 85 39 615
461 2090 43 37 p.
561 2079 144 49 illus.,
734 2080 169 39 tables.
962 2078 117 41 23cm.

117 2133 51 52 ©
196 2137 110 40 Feb.
361 2168 9 17 1,
395 2135 113 41 1933;
562 2137 64 39 2c.
657 2136 110 39 Feb.
794 2136 53 47 6;
876 2135 82 42 aff.
984 2135 112 42 Feb.
1122 2136 52 47 8;
1202 2137 41 38 A
1268 2136 143 41 59546;
1470 2136 106 48 Guy
1603 2136 246 39 Montrose
1876 2134 239 50 Whipple,

183 2194 236 46 Danvers,
448 2194 146 39 Mass.

116 2298 195 53 North
344 2297 224 55 central
598 2296 359 56 association
988 2297 63 54 of
1082 2298 250 64 colleges
1362 2297 115 53 and
1507 2298 329 64 secondary
1865 2295 250 58 schools.

189 2378 337 52 Committee
571 2393 73 36 on
683 2377 307 53 standards
1030 2377 100 65 for
1168 2393 97 37 use
1305 2377 64 52 in
1412 2377 94 53 the
1547 2376 464 69 reorganization
2052 2376 65 69 of

181 2457 312 67 secondary
521 2457 192 53 school
743 2456 299 56 curricula.

183 2532 165 70 High
393 2532 191 54 school
630 2532 349 54 curriculum
1025 2531 479 71 reorganization,
1552 2531 189 55 edited
1788 2532 76 70 by
1911 2533 66 53 L.
2023 2533 91 55 W.

113 2609 2002 69 Webb, chairman … J. A. Clement … T. M. Deam … [and
113 2688 207 68 others]
396 2688 135 53 Ann
566 2687 210 69 Arbor,
807 2687 197 69 Mich.,
1038 2687 123 54 The
1195 2688 189 53 North
1420 2688 218 53 central
1674 2687 339 55 association
2052 2687 65 55 of

113 2765 1003 71 colleges and secondary schools [c1933]
187 2838 632 51 vii p., 1 l., 395 p. 21cm.
191 2896 146 40 “This
374 2896 124 40 book
535 2895 222 41 contains
796 2896 84 41 the
918 2895 253 41 materials
1212 2895 260 49 developed
1510 2895 63 47 by
1613 2897 83 39 the
1735 2894 157 41 North
1934 2895 185 41 central

119 2952 336 42 association’s
490 2951 286 42 Committee
808 2963 60 30 on
905 2952 264 42 standards
1202 2951 80 42 for
1316 2962 86 31 use
1437 2951 49 42 in
1521 2953 83 41 the
1640 2951 391 49 reorganization
2068 2950 54 43 of

119 3010 265 46 secondary
415 3009 159 41 school
609 3008 481 42 curricula.”—Pref.

187 3066 223 41 Includes
440 3065 392 48 bibliographies.

121 3120 51 52 ©
200 3125 120 38 Mar.
350 3126 36 45 1,
414 3123 111 41 1933;
581 3124 67 41 2c.
674 3126 122 38 Mar.
823 3124 26 38 2;
905 3123 82 42 aff.
1016 3125 121 38 Mar.
1165 3124 25 39 6;
1246 3124 40 39 A
1312 3123 142 40 59761;
1511 3124 157 39 North
1697 3125 185 38 central
189 3124 1909 97 association

317 3181 51 39 of
395 3182 201 47 colleges
626 3182 94 39 and
749 3182 266 47 secondary
1044 3181 202 46 schools,
1276 3181 107 39 Ann
1412 3181 169 40 Arbor.

199 3237 249 50 (33-5838)

119 3340 253 65 Nuland,
403 3340 225 56 Edwin.

188 3416 1934 70 Teamo, the poetical works of Edwin Nuland … Boston,
118 3496 122 53 The
268 3495 379 69 Christopher
672 3496 338 68 publishing
1036 3496 175 53 house
1243 3498 193 65 [c1933]

186 3568 549 50 ix, [11]-143 p. 21 cm .
123 3621 51 53 ©
200 3625 110 41 Feb.
365 3656 8 17 1,
398 3624 112 42 1933;
564 3625 67 41 2c.
658 3626 110 41 Feb.
793 3625 53 48 6;
873 3625 82 43 aff.
981 3625 121 41 Mar.
1129 3625 52 49 6;
1207 3624 40 41 A
1274 3624 142 43 59752;
1474 3624 316 49 Christopher
1816 3625 94 48 pub
1952 3624 161 42 house.

200 3682 249 49 (33-5856)

118 3786 205 65 Ocker,
349 3785 255 56 William
632 3788 80 64 C.,
776 3787 139 55 1876-

190 3863 176 53 Blind
406 3863 169 68 flight
612 3863 60 52 in
708 3863 203 69 theory
949 3863 113 53 and
1102 3863 267 68 practice,
1405 3862 77 70 by
1518 3862 263 55 William
1822 3861 64 55 C.
1928 3860 186 56 Ocker

181 3939 1935 70 … and Carl J. Crane … San Antonio, Tex., Naylor printing
119 4034 296 51 company,
480 4020 117 51 1932.
