2582 4453
1318 4149 137 50 1864

435 534 343 42 Contributors
821 534 52 40 of
916 534 180 48 special
1141 534 255 46 chapters:
1443 533 155 41 Guide
1641 536 48 38 to
1733 534 80 39 the
1856 535 244 45 anatomy,
2144 533 60 47 by
2249 533 45 40 S.
2336 534 42 40 J.

366 592 196 41 Hodkin
615 591 67 49 (p.
725 591 230 47 608-709)
1008 592 221 39 Nervous
1271 590 217 41 diseases
1530 590 254 47 following
1826 590 248 40 accidents.
2132 591 58 46 by
2238 589 44 41 S.
2329 591 50 38 E.

364 650 184 41 Jelliffe
585 650 67 48 (p.
681 647 229 49 710-731)
947 649 101 40 The
1076 648 326 48 malingering
1427 647 214 48 witness,
1670 649 60 46 by
1760 648 53 40 G.
1844 649 34 38 I.
1910 647 224 40 Swetlow
2172 649 66 46 (p.
364 648 2018 105 732-750)

366 776 52 52 ©
452 780 102 41 Oct.
588 780 69 45 16,
690 779 114 40 1933;
867 779 67 40 2c.
968 780 96 39 and
1098 778 83 41 aff.
1217 778 102 41 Oct.
1352 779 82 46 17;
1470 778 41 39 A
1544 776 171 48 65699;
1755 777 45 40 S.
1836 777 48 40 C.
1922 777 307 46 Schweitzer,
2263 776 116 38 New

433 837 145 40 York.
651 835 283 50 (33-30292)

363 934 320 71 Sillanpää,
714 941 194 53 Frans
938 939 209 66 Eemil,
1182 944 171 49 1888-

499 1011 1886 74 … Fallen asleep while young; the history of the last offshoot
365 1094 64 55 of
459 1113 71 34 an
560 1094 95 54 old
685 1094 207 69 family
923 1101 146 60 tree;
1101 1093 315 55 translated
1449 1093 153 53 from
1632 1093 95 53 the
1757 1092 244 55 Finnish
2029 1092 76 70 by
366 1092 1991 134 Alexander
499 1173 248 54 Matson.
819 1172 259 67 London,
1115 1173 250 53 Putnam
1407 1174 174 67 [1933]

434 1243 719 53 2 p. l., 7-313, [1] p. 19 cm .
434 1304 66 40 At
534 1304 126 40 head
696 1303 52 41 of
784 1303 136 41 title:
961 1304 50 40 F.
1049 1305 52 39 E.
1142 1303 269 49 Sillanpää.

435 1361 261 41 American
736 1361 184 41 edition
970 1361 144 46 (New
1154 1361 145 48 York,
1339 1361 102 41 The
1482 1361 284 40 Macmillan
1805 1363 260 47 company)
2116 1363 90 40 has
2245 1360 134 44 title:

366 1419 102 41 The
499 1419 134 40 maid
668 1419 140 48 Silja.

369 1490 2014 53 © 1c.. Sept. 27, 1933; A ad int. 18219; pubd. Sept. 18; Macmillan co.,
436 1552 118 41 New
579 1552 145 40 York.
798 1550 282 49 (33-30995)

368 1653 217 66 Smith,
620 1654 248 54 Charles
898 1654 265 66 Aubrey,
1198 1659 172 50 1901-

437 1731 1952 71 Internal audit control, by C. Aubrey Smith … Austin, Tex.,
367 1812 121 54 The
521 1812 341 69 University
894 1813 386 67 co-operative
1311 1810 232 70 society,
1578 1814 151 50 1933.

437 1886 53 41 ix
515 1898 57 38 p.,
602 1888 24 39 1
675 1918 23 17 l.,
725 1886 86 41 205
839 1897 43 38 p.
944 1887 196 48 diagrs.,
1168 1887 156 41 forms
1352 1885 49 49 (1
1430 1886 145 47 fold.)
1644 1886 56 41 23½
1733 1889 15 21 cm
1783 1917 8 9 .

439 1945 174 41 Thesis
641 1946 108 46 (PH.
816 1944 361 47 D.)—Columbia
1212 1943 287 49 university,
1532 1943 130 42 1933.

440 2003 129 41 Vita.

440 2060 380 51 Bibliography:
856 2071 43 39 p.
931 2059 222 43 201-204.

374 2130 51 53 ©
460 2135 128 40 June
619 2134 70 48 20,
724 2134 141 47 1933;
900 2135 67 39 2c.
1003 2134 95 40 and
1133 2133 81 41 aff.
1250 2134 127 39 June
1410 2133 83 47 27;
1530 2133 40 39 A
1604 2132 171 47 63653;
1814 2133 48 42 C.
1899 2133 53 40 A.
1991 2132 171 47 Smith,
2198 2131 192 46 Austin,

442 2192 116 41 Tex.
630 2192 282 48 (33-30750)

371 2294 259 66 Starkie,
661 2296 228 54 Walter
921 2295 393 67 Fitzwilliam,
1349 2302 172 51 1894-

440 2374 478 71 Raggle-taggle;
967 2375 342 55 adventures
1355 2373 140 56 with
1540 2396 31 35 a
1615 2375 175 54 fiddle
1833 2376 62 53 in
1938 2376 292 69 Hungary
2275 2376 111 53 and

369 2451 2020 71 Roumania, by Walter Starkie … New York, E. P. Dutton &
370 2550 99 50 co.,
501 2532 109 54 inc.
649 2566 13 34 [
666 2538 19 21 c
689 2535 155 65 1933]

445 2604 97 49 xvi,
568 2604 89 42 399
679 2615 45 38 p.
752 2606 110 40 incl.
890 2605 165 49 front.,
1082 2606 129 41 illus.
1248 2604 201 51 (music)
1517 2606 57 39 22½
1607 2609 44 22 cm
1655 2640 9 9 .

445 2663 164 42 “First
639 2663 230 42 edition.’’

448 2720 130 43 “The
613 2719 188 50 library
840 2721 51 41 of
927 2730 28 31 a
993 2732 152 39 gypsy
1183 2720 148 49 lover,
1369 2731 28 31 a
1437 2722 139 40 short
1612 2720 340 51 bibliography
1990 2721 52 42 of
2079 2722 310 42 initiation”:

373 2789 45 39 p.
443 2778 223 43 382-389.

448 2834 135 43 “List
611 2836 52 41 of
691 2836 329 49 gramophone
1053 2837 196 40 records
1281 2835 51 42 of
1359 2846 154 39 gypsy
1543 2835 213 42 music”:
1790 2848 43 38 p.
1861 2835 221 43 390-392.

377 2904 51 54 ©
459 2909 101 42 Oct.
592 2908 68 48 10,
691 2908 141 47 1933;
863 2909 67 40 2c.
962 2908 102 42 Oct.
1097 2908 80 47 12;
1212 2908 79 41 aff.
1325 2907 102 42 Oct.
1458 2908 82 47 11;
1572 2909 42 39 A
1645 2908 170 48 65619;
1847 2909 72 41 W.
1954 2908 209 48 Starkie,
2195 2908 196 49 Dublin,

446 2968 212 39 Ireland.
733 2966 282 49 (33-30696)

376 3073 286 66 Watters,
690 3073 194 64 Mary.

444 3150 56 52 A
534 3150 224 67 history
793 3151 64 54 of
893 3152 94 52 the
1024 3151 210 53 church
1273 3151 59 53 in
1370 3151 338 67 Venezuela,
1745 3155 328 63 1810-1930,
2107 3152 77 68 by
2218 3152 169 67 Mary

375 3228 2009 69 Watters … Chapel Hill, The University of North Carolina
377 3324 174 51 press,
582 3311 152 52 1933.

452 3379 62 50 ix,
547 3379 87 42 260
663 3389 43 39 p.
768 3381 56 41 23½
857 3383 15 21 cm
908 3413 8 9 .

450 3437 380 49 Bibliography:
865 3449 42 37 p.
942 3437 219 43 238-252.

378 3491 52 52 ©
460 3496 118 41 Nov.
609 3495 39 42 9,
679 3496 113 40 1933;
853 3497 65 38 2c.
950 3497 120 39 Nov.
1100 3497 82 46 11;
1215 3495 83 41 aff.
1330 3496 111 42 Dec.
1473 3496 52 46 6;
1559 3496 43 40 A
1631 3495 171 47 67515;
1837 3495 285 49 University
2153 3497 52 39 of
2235 3496 157 40 North

447 3553 229 40 Carolina
706 3564 148 38 press.
930 3553 223 49 (34-660)

377 3653 226 67 Welby,
633 3655 264 55 Thomas
928 3656 194 66 Earle,
1154 3662 328 51 1881-1933.

450 3731 123 57 One
606 3734 178 55 man’s
817 3735 192 68 India,
1038 3736 76 69 by
1143 3737 67 53 T.
1242 3736 174 55 Earle
1449 3736 236 69 Welby;
1722 3736 140 54 with
1897 3755 70 35 an
2001 3735 391 56 introduction

376 3810 75 70 by
492 3812 215 55 Gerald
751 3815 220 68 Barry;
1014 3815 328 54 illustrated
1386 3815 75 67 by
1501 3816 293 53 Dorothea
1832 3816 225 67 Welby.
2131 3816 261 67 London,

376 3889 66 54 L.
472 3891 273 68 Dickson,
774 3892 226 55 limited
1035 3896 174 65 [1933]

450 3963 87 43 208
568 3976 44 38 p.
673 3964 129 43 illus.
864 3967 55 39 17
923 3968 44 22 cm
971 3998 8 9 .

381 4018 2008 55 © 1c.. Sept. 22, 1933; A ad int. 18201; pubd. Sept. 11; Lovat Dickson ltd.
458 4079 258 37 (33-30695)
