2582 4453
0 0 0 0 452
353 544 388 41 CONTENTS.—v.
765 541 73 42 35.
864 541 163 42 Street
1050 541 595 42 railroads-Tender.—v.
1668 539 72 42 36.
315 539 1994 103 Territories-Trial.—v.
355 600 76 43 37.
455 602 183 39 Trover
666 602 96 38 and
790 600 516 41 Conversion-Vendor
1332 603 96 39 and
1455 600 282 48 purchaser.

285 669 52 53 ©
369 674 123 39 Mar.
522 672 70 48 20,
623 671 143 48 1933;
796 671 70 42 2c.
896 673 120 39 each
1046 672 115 48 Apr.
1193 672 83 47 14;
1310 671 110 42 affs.
1450 672 115 48 Apr.
1597 671 83 48 15;
1714 671 41 39 A
1786 668 350 50 62119-62121;
2170 672 136 39 West

353 731 109 49 pub.
499 742 68 30 co.

278 852 289 64 Pannain,
599 849 209 66 Guido,
840 856 173 51 1891-

351 931 247 54 Modern
640 948 341 51 composers,
1021 929 77 69 by
1141 928 197 57 Guido
1379 929 297 68 Pannain;
1724 930 320 53 translated
2088 929 142 54 with
2274 948 31 35 a

282 1016 133 49 note
462 1011 76 68 by
588 1010 253 54 Michael
891 1010 69 53 R.
1011 1009 293 68 Bonavia;
1358 1009 329 53 illustrated
1737 1008 143 54 with
1931 1012 30 51 8
2011 1008 296 70 portraits.

282 1088 1366 68 New York, E. P. Dutton & co., inc. [ c 1933]
352 1164 65 49 ix,
447 1163 90 42 258
561 1175 44 38 p.
664 1162 167 49 front.,
861 1163 131 42 illus.
1021 1162 204 50 (music)
1262 1164 151 47 ports.
1473 1161 88 50 221
1564 1164 44 21 cm
1613 1193 11 10 .

355 1220 213 50 “Facing
597 1221 123 41 each
751 1221 204 49 chapter
989 1221 188 50 [except
1205 1220 86 41 the
1319 1219 112 41 first
1459 1220 99 40 and
1588 1220 114 50 last]
1735 1218 103 41 will
1871 1219 59 41 be
1959 1219 155 42 found
2149 1231 27 30 a
281 1218 2006 110 biographical
564 1289 265 38 summary,
859 1280 98 39 and
985 1289 28 29 a
1042 1278 90 41 list
1156 1277 52 42 of
1237 1276 243 50 principal
1511 1276 347 50 compositions
1889 1276 120 42 with
2039 1279 140 39 dates
2210 1279 98 39 and

281 1347 121 39 opus
428 1336 245 48 numbers,
701 1337 164 40 where
892 1334 398 50 available.”—p.
1318 1333 65 43 vi.

354 1393 164 42 “First
547 1392 230 44 edition.”

286 1461 52 53 ©
367 1467 124 40 Mar.
517 1466 70 46 14,
614 1465 143 48 1933;
785 1465 68 41 2c.
883 1466 97 39 and
1007 1464 84 41 aff.
1119 1465 126 41 Mar.
1273 1464 82 48 16;
1386 1464 43 39 A
1455 1462 172 49 59977;
1659 1465 51 38 E.
1740 1464 51 40 P.
1822 1464 188 40 Dutton
2039 1463 37 41 &
2103 1473 81 38 co.,
2214 1463 92 41 inc.

367 1524 254 49 (33-8636)

278 1644 247 66 Parker,
555 1642 259 58 William
844 1643 228 65 Henry.

281 1720 1995 153 My poetry … privately published for W. H. Parker. [Chicago] c 1932.
352 1877 58 41 29
443 1889 44 38 p.
549 1877 55 41 23
608 1879 44 22 cm
667 1912 3 5 .

357 1936 69 39 “A
454 1935 191 40 limited
673 1933 186 42 edition
890 1934 52 40 of
971 1934 58 40 50
1057 1932 204 51 copies.”

287 2002 52 53 ©
369 2007 112 40 Dec.
509 2005 70 50 20,
609 2004 142 48 1932;
782 2005 69 41 2c.
882 2006 97 39 and
1006 2004 83 41 aff.
1119 2005 114 40 Dec.
1262 2004 84 48 27;
1377 2004 42 40 A
1448 2003 171 49 58893;
1652 2005 70 41 W.
1754 2005 62 40 H.
1847 2005 201 48 Parker,
2079 2004 225 49 Chicago.

365 2065 14 49 (CA
465 2063 176 43 33-232
661 2062 238 52 Unrev’d)

280 2187 211 63 Parry,
521 2183 233 58 Albert.

353 2263 240 56 Garrets
623 2262 115 53 and
766 2263 363 67 pretenders;
1163 2282 31 35 a
1223 2260 225 71 history
1477 2262 65 53 of
1568 2261 417 55 bohemianism
2013 2261 61 54 in
283 2263 1999 149 America,
422 2342 77 69 by
533 2340 212 55 Albert
778 2342 206 68 Parry.
1060 2340 140 54 New
1238 2340 181 69 York,
1457 2340 218 70 Covici,
1712 2340 226 70 Friede,
1977 2344 153 51 1933.

354 2418 98 47 xvi,
478 2417 87 41 383
592 2427 44 38 p.
697 2414 145 50 illus.,
870 2417 172 48 plates,
1071 2417 153 48 ports.
1281 2416 59 40 24
1341 2418 45 21 cm
1391 2448 10 10 .

355 2475 294 40 Illustrated
675 2472 368 50 lining-papers.

355 2531 381 49 Bibliography:
765 2540 45 39 p.
836 2530 220 43 359-369.

288 2599 52 53 ©
374 2604 113 40 Feb.
519 2602 70 49 28,
622 2602 142 48 1933;
798 2602 66 41 2c.
899 2603 117 48 Apr.
1048 2604 53 46 1;
1137 2602 83 42 aff.
1254 2603 114 49 Apr.
1403 2604 53 47 6;
1492 2604 41 39 A
1566 2603 171 49 61271;
1776 2603 177 50 Covici,
1990 2605 186 48 Friede,
2213 2605 92 42 inc.

365 2660 283 50 (33-27114)

281 2781 296 66 Peabody,
606 2782 208 54 James
840 2781 276 66 Edward,
1148 2786 173 51 1869-

357 2859 247 70 Biology
640 2857 114 54 and
789 2859 216 51 human
1038 2857 252 56 welfare.
1361 2857 139 54 New
1536 2858 86 55 ed.
1695 2859 90 70 By
1821 2860 194 55 James
2050 2860 254 55 Edward

287 2936 2017 72 Peabody … and Arthur Ellsworth Hunt … New York, The
286 3015 338 54 Macmillan
653 3033 299 51 company,
986 3017 151 51 1933.

355 3087 72 40 xii
452 3098 58 38 p.,
535 3089 26 40 1
609 3119 22 16 l.,
657 3086 88 42 658
766 3098 44 38 p.
834 3086 111 42 incl.
971 3087 137 41 front.
1151 3086 175 50 (port.)
1358 3087 145 48 illus.,
1529 3088 181 49 diagrs.
1764 3090 59 40 20½
1853 3093 45 21 cm
1903 3123 7 8 .

358 3144 301 49 “Suggested
682 3144 86 41 list
793 3144 52 41 of
872 3142 249 43 reference
1148 3144 148 42 books
1322 3145 51 40 in
1399 3145 250 49 biology”:
1679 3158 44 37 p.
1752 3147 219 43 626-631.

290 3214 52 53 ©
371 3219 119 48 Apr.
513 3219 42 48 4,
584 3217 142 49 1933;
756 3218 69 42 2c.
853 3220 98 39 and
979 3218 84 42 aff.
1090 3219 115 47 Apr.
1234 3219 54 47 5;
1318 3218 41 39 A
1388 3217 171 49 61213;
1592 3219 285 41 Macmillan
1905 3232 67 30 co.

368 3275 254 49 (33-8778)

285 3394 205 66 Perry,
523 3393 279 56 Clarence
832 3393 253 67 Arthur,
1118 3396 174 54 1872-

358 3474 123 52 The
509 3473 160 53 work
695 3472 65 54 of
787 3475 97 51 the
912 3472 152 54 little
1091 3475 279 67 theatres;
1401 3476 97 54 the
1525 3493 215 50 groups
1769 3476 135 67 they
1934 3475 244 68 include,
2207 3476 97 53 the

291 3552 164 68 plays
501 3552 139 68 they
686 3553 268 67 produce,
1002 3553 152 52 their
1202 3558 412 63 tournaments,
1663 3554 113 53 and
1825 3555 96 51 the
1969 3555 333 54 handbooks

290 3630 2013 72 they use, by Clarence Arthur Perry … New York, Russell
291 3709 148 69 Sage
473 3708 364 69 foundation,
871 3715 151 51 1933.

362 3783 88 42 228
482 3794 44 38 p.
586 3783 57 41 20
646 3786 43 21 cm
695 3815 10 10 .

363 3840 1820 53 “List of 1,087 plays … divided into one-act and long plays”: p.
293 3843 2012 102 59-143;
435 3899 248 41 “Selected
712 3899 338 48 bibliography
1076 3899 80 40 for
1181 3901 225 38 amateur
1434 3900 216 40 workers
1675 3900 49 39 in
1752 3901 82 39 the
1859 3901 231 41 drama”:
2118 3912 43 38 p.

290 3902 2015 95 196-209.

294 4022 52 53 ©
373 4028 120 39 Mar.
520 4027 70 46 24,
616 4027 114 41 1933;
784 4027 68 42 2c.
876 4029 96 40 and
997 4028 83 41 aff.
1106 4029 115 47 Apr.
1247 4030 81 45 11;
1357 4029 41 39 A
1423 4028 172 48 61317;
1623 4030 194 39 Russell
1847 4030 126 48 Sage
1996 4028 307 43 foundation.

372 4083 282 49 (33-27097)
