2484 4405
1101 4099 100 50 835

113 437 233 69 Morris,
375 441 219 61 James,
628 437 324 55 1752-1820.

186 517 269 52 Memoirs
500 515 63 53 of
608 514 193 54 James
845 512 212 52 Morris
1103 510 65 53 of
1215 508 182 57 South
1441 508 204 51 Farms
1688 505 60 51 in
1792 501 325 66 Litchfield,

118 595 224 53 written
379 594 75 66 by
490 590 234 53 himself
760 594 46 49 &
840 589 191 52 edited
1069 589 75 66 by
1179 586 88 53 his
1306 585 306 69 grandson.
1692 581 156 68 [New
1887 581 224 65 Haven]

117 671 241 54 Printed
394 672 75 65 by
506 670 95 52 the
641 667 144 54 Yale
823 666 320 67 university
1180 683 156 48 press
1374 663 226 52 for the
1637 659 172 55 Aline
1847 659 270 53 Brothier

117 748 618 67 Morris fund [ c 1933]
188 821 64 41 xi.
288 821 57 40 65
380 830 44 38 p.
487 819 144 45 illus.,
668 818 164 47 ports..
870 816 26 38 2
936 815 116 40 fold,
1093 812 190 43 facsim.
1313 812 134 46 (incl.
1486 811 176 45 front.)
1731 808 56 41 19
1790 811 43 22 cm
1838 842 10 8 .

188 878 129 42 “The
350 877 230 41 Memoirs
613 885 125 31 were
770 872 198 42 written
1001 873 61 49 by
1098 871 167 41 James
1299 869 179 40 Morris
1514 869 126 38 from
1676 867 116 42 time
1828 869 48 38 to
1914 867 116 40 time
2066 877 55 29 as

120 936 81 41 the
226 935 142 48 spirit
393 935 167 39 moved
586 933 112 42 him,
727 930 177 47 during
930 931 81 38 the
1037 938 142 38 years
1207 925 552 44 1813-1817.”—Introd.

124 1004 50 53 ©
208 1008 113 46 May
352 1006 68 40 20.
451 1005 140 45 1933;
625 1004 67 41 2c.
724 1003 97 39 and
854 1002 80 39 aff.
970 1003 114 46 May
1115 1002 83 46 23;
1231 1001 41 40 A
1305 1000 169 45 61914;
1510 999 140 39 Aline
1684 997 229 41 Brothier
1947 994 177 42 Morris

191 1063 136 47 fund,
356 1063 117 39 New
501 1062 143 39 York.
716 1059 280 48 (33-14667)

118 1166 241 66 Mundy,
386 1166 228 64 Talbot,
646 1166 170 54 1879-

253 1236 1867 71 … The king in check. London, Hutchinson & co., ltd. [1933]
192 1311 1045 51 3 p. l., 11-256 p. illus. (map) 19½cm.
194 1373 62 39 At
287 1373 125 38 head
443 1371 52 39 of
524 1370 135 42 title:
694 1370 71 48 By
798 1370 174 39 Talbot
1005 1369 198 47 Mundy.

128 1438 2000 57 © 1c. June 9, 1933; A ad int. 17880; pubd. Apr. 11; T. Mundy, Frensham,
197 1503 193 47 Surrey,
425 1503 236 47 England.
732 1500 281 48 (33-15395)

127 1593 291 64 Myerson,
448 1591 326 62 Abraham,
807 1595 170 49 1881-

197 1670 121 51 The
344 1667 250 55 German
618 1668 143 67 Jew,
787 1666 88 53 his
901 1667 164 52 share
1091 1666 61 52 in
1179 1667 234 53 modern
1441 1666 219 53 culture
1693 1665 92 70 [by]
1834 1665 299 54 Abraham

130 1742 2003 75 Myerson … and Isaac Goldberg … New York, A. A. Knopf,
132 1826 148 52 1933.

200 1893 947 53 xii p., 2 l., [3]-161, ix, [1] p. 19½cm.
201 1952 162 41 “First
394 1952 227 41 edition.”

136 2007 51 54 ©
221 2012 114 48 May
364 2011 69 47 26,
466 2010 141 46 1933;
641 2009 66 42 2c.
741 2010 114 47 May
884 2010 83 41 31:
1003 2009 81 41 aff.
1120 2011 114 48 May
1267 2009 81 42 27:
1383 2010 41 39 A
1457 2010 170 47 61962;
1662 2009 173 43 Alfred
1867 2011 53 40 A.
1956 2010 180 48 Knopf,

202 2068 87 41 inc.
363 2068 281 48 (33-14309)

130 2159 257 64 Nahum,
415 2157 242 55 Pinhas.

268 2230 1868 77 … The Turkish art of love. New York, Priv. print., The
132 2311 662 70 Panurge press [ c 1933]
204 2384 651 50 5 p. l., 15-262 p. 24-½ cin .
205 2444 65 39 At
294 2443 125 39 head
444 2443 53 39 of
521 2442 108 40 title:
684 2442 85 41 Dr.
795 2442 183 41 Pinhas
1003 2443 91 39 ben
1120 2442 208 42 Nahum.

209 2501 92 40 “Of
337 2500 97 40 this
470 2500 123 39 book
630 2500 111 47 only
777 2501 96 38 two
911 2501 243 39 thousand
1192 2500 162 48 copies
1387 2501 124 40 have
1548 2503 115 39 been
1701 2502 194 50 printed
1931 2502 78 43 for
139 2503 1984 95 private
275 2558 251 40 collectors
555 2558 51 38 of
634 2556 226 42 erotica.”

142 2611 50 53 ©
222 2615 115 48 May
365 2617 37 45 1,
432 2615 140 47 1933;
602 2616 67 42 2c.
699 2615 114 49 May
839 2616 53 44 3;
924 2615 80 39 aff.
1036 2617 116 46 May
1178 2615 82 47 26;
1291 2617 40 38 A
1360 2617 169 46 61976;
1563 2618 223 49 Panurge
1814 2630 150 38 press,
1994 2621 91 40 inc.

220 2672 279 48 (33-14416)

137 2762 145 52 New
310 2762 159 52 York
510 2761 217 69 (State)
811 2761 184 68 Laws,
1021 2767 258 64 statutes,
1309 2770 99 46 etc.

269 2837 1872 78 … McKinneys consolidated laws of New York, annotated.
137 2915 2006 85 January, 1933. [Quarterly supplement] … Northport, N. Y.,
142 2994 1148 74 Edward Thompson company [ c 1933]
219 3071 282 46 cover-title,
531 3070 57 39 60
615 3082 43 37 p.
716 3069 146 49 23½cm.

149 3123 50 53 ©
230 3127 109 40 Jan.
368 3126 67 46 19,
466 3127 139 47 1933;
636 3129 66 39 2c.
732 3129 95 38 and
856 3128 81 39 aff.
968 3128 128 39 June
1125 3130 50 44 7;
1207 3129 40 39 A
1276 3129 170 46 63065;
1480 3133 211 40 Edward
1720 3134 273 51 Thompson
2023 3147 68 29 co.

142 3214 342 67 Northcott,
513 3217 154 53 John
698 3217 251 65 Arthur,
982 3223 171 49 1883-

219 3290 1931 77 Plane trigonometry, by John A. Northcott … New York,
153 3369 64 53 R.
250 3371 163 66 Long
439 3371 46 49 &
511 3370 66 50 R.
610 3371 67 52 R.
709 3369 206 69 Smith,
946 3373 126 64 inc.,
1105 3373 149 50 1933.

221 3443 956 50 1 p. l., v-ix, 152 p. diagrs. 20½cm.
155 3496 50 51 ©
235 3500 116 47 May
373 3501 71 46 26,
469 3501 141 42 1933;
639 3502 67 40 2c.
734 3503 96 38 and
857 3503 82 39 aff.
969 3505 115 46 May
1109 3504 48 39 31;
1223 3503 40 39 A
1290 3501 171 48 61958;
1492 3505 108 47 Ray
1627 3506 133 49 Long
1787 3505 38 41 &
1851 3505 216 41 Richard
2095 3507 57 38 R.

229 3556 170 43 Smith,
428 3558 91 39 inc.
590 3558 280 48 (33-14433)

151 3644 373 68 O’Flaherty,
552 3645 186 68 Liam,
771 3653 170 50 1897-

225 3722 119 54 The
374 3729 236 62 martyr,
637 3722 73 71 by
738 3724 164 55 Liam
935 3723 363 72 O’Flaherty.
1366 3726 135 53 New
1536 3728 176 68 York,
1743 3729 119 54 The
158 3731 1969 123 Macmillan
279 3818 292 49 company,
602 3804 148 50 1933.

227 3872 671 50 3 p. l ., [5]-286 p. 19½cm.
163 3924 51 53 ©
245 3930 125 40 June
399 3931 39 45 6,
467 3931 140 47 1933;
638 3933 67 41 2c.
736 3936 93 37 and
858 3934 81 39 aff.
971 3936 126 39 June
1128 3937 51 39 7:
1212 3936 40 39 A
1280 3934 171 45 63058;
1484 3938 49 39 L.
1565 3937 305 51 O’Flaherty,
1901 3938 255 51 Kilronan,

229 3986 133 40 Aran
396 3989 206 45 Islands,
635 3987 190 50 County
858 3990 215 49 Galway,
1111 3993 209 40 Ireland.
1391 3994 281 48 (33-14108)
