2582 4453
1381 4094 101 51 980

421 579 94 52 the
552 578 278 53 technical
865 584 188 46 ascent
1088 577 64 53 of
1184 596 151 48 man,
1369 577 74 66 by
1482 577 326 53 Waldemar
1843 574 379 68 Kaempffert.
420 574 1983 149 Chicago
610 656 66 51 [R.
706 656 67 52 R.
802 656 319 66 Donnelley
1149 657 46 50 &
1222 672 128 36 sons
1379 672 299 49 company]
1715 656 150 50 1933.

490 730 97 46 128,
621 730 39 48 [4]
706 741 43 37 p.
808 730 172 47 plates.
1038 729 54 40 23
1097 731 14 20 cm
1147 764 7 7 .

490 787 287 40 Illustrated
812 786 365 48 lining-papers.

494 841 1934 50 “Catalogue of exhibits … July 1, 1933, prepared by the Museum
418 899 174 42 staff”:
626 912 42 37 p.
718 900 205 49 [23]-128.

425 954 51 52 ©
510 959 127 39 June
668 957 67 43 19,
767 958 141 46 1933;
942 957 66 40 2c.
1042 958 94 38 and
1170 956 80 40 aff.
1285 956 126 40 June
1442 956 82 47 22;
1559 956 40 39 A
1632 955 170 46 64092;
1838 956 223 39 Museum
2093 955 52 40 of
2177 955 185 41 science
2396 956 36 39 &

493 1015 240 48 industry,
763 1015 223 47 Chicago.
1058 1013 281 49 (33-17557)

425 1113 1982 150 The story of coal … Chicago, Museum of science and industry founded by Julius Rosenwald, 1933.
496 1266 98 48 103,
631 1267 53 49 [1]
721 1277 41 38 p.
825 1267 127 41 illus.
1013 1266 57 40 20½
1103 1269 43 21 cm
1151 1299 9 7 .

499 1323 1051 49 “Exhibits … July 1, 1933”: p. 44-103.
429 1381 51 52 ©
509 1386 126 39 June
662 1386 68 46 19,
759 1384 141 47 1933;
929 1386 66 39 2c.
1024 1386 96 39 and
1148 1384 82 42 aff.
1259 1385 126 39 June
1412 1384 82 47 29;
1524 1385 40 38 A
1593 1384 171 46 64184;
1795 1385 222 39 Museum
2047 1384 51 41 of
2126 1383 185 42 science
2340 1383 96 41 and

500 1443 241 47 industry.
812 1442 280 49 (33-17689)

422 1547 195 65 Clark,
646 1546 202 65 Elijah
878 1547 337 55 Columbus.

499 1624 1879 68 The practical handbook for ministers, by Elijah C. Clark …
429 1702 1901 68 Cleveland, Tenn., Church of God publishing house [ c 1933]
495 1777 87 39 165
611 1788 43 37 p.
715 1779 55 38 17
773 1780 43 20 cm
822 1809 8 9 .

430 1830 51 52 ©
517 1836 114 46 May
665 1834 70 47 25,
769 1834 141 45 1933;
947 1834 67 41 2c.
1051 1835 95 39 and
1182 1833 82 40 aff.
1301 1834 127 39 June
1464 1834 83 46 21;
1583 1834 41 38 A
1659 1834 171 46 63323;
1870 1834 194 40 Church
2100 1833 51 41 of
2189 1833 101 40 God
2327 1833 110 49 pub.

497 1892 165 39 house.
733 1891 281 48 (33-17545)

424 1994 177 65 Cobb,
632 1996 162 53 Irvin
826 1996 413 65 Shrewsbury,
1273 2001 171 50 1876-

501 2072 1940 71 One way to stop a panic [by] Irvin S. Cobb … New York,
429 2154 66 53 R.
526 2154 80 52 M.
636 2154 276 52 McBride
941 2156 45 49 &
1015 2172 297 49 company,
1346 2156 150 49 1933.

498 2228 83 38 261
614 2239 42 37 p.
718 2227 54 40 19½
805 2229 44 21 cm
856 2260 8 7 .

432 2280 51 52 ©
513 2286 128 38 June
667 2285 39 47 6,
736 2285 140 46 1933;
907 2285 66 39 2c.
1004 2286 98 39 and
1128 2284 81 41 aff.
1241 2284 117 49 July
1386 2284 52 46 1;
1469 2285 41 38 A
1539 2284 171 47 64192;
1743 2286 38 38 I.
1814 2285 44 40 S.
1890 2285 142 46 Cobb,
2063 2285 117 40 New
2210 2284 146 40 York.

510 2342 280 48 (33-17554)

428 2443 228 68 Collier,
685 2444 256 56 William
971 2445 210 66 Miller,
1213 2448 171 55 1867-

562 2523 1879 71 … Bankruptcy act (United States Code, title 11) as amended
433 2608 54 46 to
518 2602 205 53 March
756 2608 49 62 3,
840 2606 152 65 1933,
1023 2604 301 68 including
1357 2606 390 53 amendments
1780 2604 64 54 of
1879 2605 298 67 February
2210 2608 47 63 5,
2292 2606 151 63 1903,

431 2680 151 54 June
618 2685 81 63 15,
735 2684 151 65 1906,
919 2682 152 53 June
1103 2685 85 65 25,
1223 2686 152 64 1910,
1408 2683 200 53 March
1644 2687 49 63 2,
1729 2682 151 69 1917,
1911 2684 265 67 January
2207 2682 50 68 7,
2293 2684 151 64 1922,

431 2758 140 68 May
606 2758 84 68 27,
729 2762 151 65 1926,
917 2760 298 69 February
1254 2764 82 64 11,
1373 2764 152 64 1932,
1561 2762 114 53 and
1711 2762 203 53 March
1951 2765 29 49 3
2022 2764 150 50 1933.
432 2760 1987 129 Annotated
629 2836 140 53 with
812 2857 150 35 cross
1004 2838 316 55 references
1362 2840 112 52 and
1516 2845 158 48 notes
1716 2840 260 68 together
2015 2838 140 55 with
2197 2838 244 56 General

431 2915 197 55 orders
652 2915 57 53 in
732 2915 364 71 bankruptcy
1120 2918 112 54 and
1258 2916 219 57 Official
1505 2917 180 55 forms
1709 2919 59 53 in
1790 2918 381 69 bankruptcy,
2196 2917 247 69 adopted

431 2993 73 68 by
532 2995 94 53 the
656 2993 277 69 Supreme
958 3002 163 47 court
1145 2996 64 54 of
1235 2997 96 54 the
1358 2997 215 54 United
1605 2997 208 67 States,
1840 3017 59 35 as
1927 2999 276 52 amended
2228 3003 58 48 to
2313 2998 132 52 date

432 3071 140 53 with
621 3073 365 55 annotations
1032 3080 58 48 to
1137 3075 97 53 the
1281 3074 246 56 General
1573 3077 195 53 orders
1817 3078 112 52 and
1977 3075 220 56 Official
2246 3075 196 53 forms.

436 3153 151 64 1933,
617 3151 71 52 3d
718 3152 276 68 revision;
1027 3153 260 54 indexed.
1364 3153 249 68 Albanjr,
1643 3154 67 53 N.
1743 3154 91 68 Y.,
1863 3154 80 53 M.
1971 3155 229 53 Bender
2226 3156 46 51 &
429 3172 1993 123 company,
635 3228 421 70 incorporated,
1090 3234 151 51 1933.

499 3299 740 54 1 p. l., 226 p. 25 cm . $2.00
500 3358 62 40 At
592 3358 124 41 head
745 3360 52 39 of
827 3360 135 41 title:
994 3361 178 41 Collier
1199 3361 249 49 pamphlet
1476 3361 199 42 edition.

505 3413 372 49 “Comparative
914 3418 129 40 table
1079 3418 52 41 of
1165 3419 224 47 sections,
1426 3418 319 49 Bankruptcy
1781 3420 80 40 act
1895 3418 51 40 of
1981 3417 118 41 1898
2131 3419 96 39 and
2267 3418 173 41 United

433 3469 162 43 Slates
625 3471 140 47 Code,
795 3473 108 42 title
930 3475 68 45 11,
1025 3474 376 49 Bankruptcy”:
1432 3487 42 36 p.
1590 3475 52 40 of
1668 3485 156 31 cover.

435 3522 51 52 ©
517 3529 126 39 June
673 3530 69 45 20,
774 3531 140 46 1933;
946 3532 66 39 2c.
1045 3532 127 40 June
1203 3533 82 42 22;
1320 3532 82 40 aff.
1432 3533 127 39 June
1590 3532 83 46 21;
1706 3532 41 39 A
1778 3532 171 47 63347;
1985 3532 237 40 Matthew
2254 3532 191 39 Bonder

503 3585 35 39 &
569 3597 81 35 co.,
683 3587 89 40 inc.
855 3583 51 53 [©
940 3589 248 40 additions
1221 3591 96 39 and
1351 3590 224 48 changes]
1652 3588 282 49 (33-17259)

429 3686 454 59 Commissariat
910 3693 64 52 of
1001 3694 102 53 the
1131 3692 155 66 Holy
1311 3694 185 64 Land,
1529 3693 398 68 Washington,
1953 3695 54 51 D
2039 3696 61 53 C.

499 3765 119 57 The
665 3770 344 55 Franciscan
1056 3778 343 63 monastery,
1442 3772 297 53 memorial
1784 3773 212 53 church
2040 3772 63 52 of
2147 3772 95 53 the
2282 3772 160 68 Holy

428 3843 2008 76 Land, Washington, District of Columbia. Copyright … [by]
428 3922 435 60 Commissariat
901 3930 63 52 of
999 3931 95 53 the
1131 3932 160 62 Holy
1328 3932 180 53 Land.
1589 3930 352 64 [Baltimore,
1979 3933 242 51 Eastern
2260 3927 181 67 offset,

423 4001 127 69 inc.]
608 4007 151 57 c1932.
