2484 4405
1133 4101 131 52 1269

560 528 336 42 CONTENTS.—Introduction:
950 525 101 40 The
1077 521 269 43 thirteenth
1371 512 776 56 juror.—Scottsboro.—Mooney

153 592 94 39 and
292 584 540 53 Billings.—Wobblies,
876 581 315 42 communists
1236 578 93 40 and
1376 587 28 29 a
1447 574 214 48 wealthy
1704 572 132 40 Jew:
1883 567 266 44 Centralia.

155 646 246 42 Gastonia.
467 644 181 48 Angelo
684 642 244 39 Herndon.
996 638 92 41 Leo
1128 633 342 43 Frank.—The
1507 630 213 50 pictures
1758 628 50 39 in
1845 637 89 30 our
1970 623 178 42 heads:

157 700 405 45 Sacco-Vanzetti.
633 697 224 41 Baldwin
895 707 41 30 v.
978 694 194 48 Bridge.
1241 692 190 38 Harlan
1472 689 94 40 and
1607 687 106 39 Bell
1754 682 232 49 counties,
155 680 1978 127 Kentucky.—On

491 758 81 39 the
612 757 139 39 other
791 754 157 39 hand:
993 750 308 42 McNamara.
1370 744 197 50 Herrin,
1609 741 203 43 Illinois.
156 737 1978 126 Haywood-Moyer
361 815 36 40 &
435 813 265 41 Pettibone.

769 811 102 40 The
912 808 156 42 Sweet
1108 816 111 31 case
1259 806 49 38 in
1348 802 207 42 Detroit.
1626 799 153 42 Greco
1816 798 97 40 and
1954 794 197 43 Carillo.

153 874 47 40 C.
233 875 51 38 E.
317 871 230 42 Mitchell.

162 940 52 52 ©
245 943 117 47 Aug.
395 942 69 43 29,
496 940 138 47 1933;
669 940 66 39 2c.
771 939 124 48 Sept.
930 939 51 38 1:
1016 934 81 41 aff.
1132 934 119 47 Aug.
1284 932 82 46 30;
1401 931 40 39 A
1474 929 169 46 65136;
1678 927 53 42 A.
1767 926 52 41 G.
1854 927 150 46 Hays,
2038 925 117 39 New

232 1000 141 40 York.
447 997 280 48 (33-23817)

157 1100 300 66 Hellpach,
488 1098 173 65 Willy
690 1099 192 62 Hugo,
915 1094 170 55 1877-

234 1177 385 53 Elementares
672 1172 271 54 lehrbuch
998 1170 100 54 der
1152 1163 561 74 sozialpsychologie,
1764 1181 112 33 von
1928 1161 84 54 dr.
2068 1161 83 54 dr.

160 1245 1476 81 Willy Hellpach … Berlin, J. Springer, 1933.
231 1343 40 34 v,
304 1330 97 48 165,
436 1330 53 48 [1]
522 1339 42 38 p.
625 1325 178 49 diagrs.
863 1325 54 40 23
921 1327 44 20 cm
971 1356 8 8 .

235 1383 428 50 “Anmerkungen”
725 1378 450 53 (bibliographical):
1262 1388 43 39 p.
1359 1375 248 53 [156]-159.
1686 1371 324 52 “Allgemeine
164 1370 1978 117 hin-weise
334 1445 84 40 für
444 1445 91 39 den
563 1437 316 44 lernenden”:
911 1451 41 36 p.
984 1437 98 42 160.

168 1489 1800 63 © June 3, 1933: 1c. Aug. 5; A -Foreign 21906; Julius Springer.
247 1559 279 51 (33-24512)

165 1663 247 65 Herzog,
451 1658 236 66 Rudolf,
727 1659 170 52 1869-

240 1739 109 55 Die
377 1737 256 54 tänzerin
661 1737 117 53 und
807 1737 122 51 ihre
956 1733 369 68 Schwestern;
1355 1734 91 52 ein
1475 1749 195 35 roman
1702 1749 99 36 aus
1830 1731 100 52 der
175 1729 1963 155 Zeitenwende,

436 1834 110 35 von
597 1814 221 54 Rudolf
870 1814 246 66 Herzog.
1195 1808 294 71 Stuttgart
1538 1810 117 52 und
1709 1808 216 67 Berlin,
1977 1808 189 67 Cotta,

178 1899 145 51 1933.

243 1965 461 44 365 p., 1 l. 20 cm .
177 2016 1978 113 © Mar. 21, 1933; 1c. July 22; A -Foreign 21809; J. G. Cotta'sche buchhandlung
520 2081 294 48 nachfolger.
887 2079 280 48 (33-24493)

173 2185 183 66 Hoek,
387 2185 205 64 Henry
622 2181 274 67 William,
931 2181 170 55 1878-

308 2255 1863 79 … Ma bella Engiadina; ski und schnee im Engadin. Mit
183 2346 96 49 119
317 2339 385 69 abbildungen
736 2341 116 53 und
892 2342 63 50 10
989 2338 218 54 karten.
1283 2337 322 70 Hamburg,
1642 2337 297 55 Gebrüder
1976 2338 194 52 Enoch

187 2453 14 34 [
203 2427 19 21 c
226 2422 152 66 1933]

253 2491 97 49 223,
385 2493 54 49 [1]
474 2504 42 36 p.
577 2491 127 40 illus.
732 2490 134 49 (inch
898 2490 162 49 maps)
1128 2490 56 40 19
1187 2492 43 22 cm
1236 2522 8 9 .

254 2547 62 42 At
342 2549 124 40 head
493 2549 52 40 of
570 2548 107 40 title:
735 2549 167 47 Henry
928 2548 152 41 Hoek.

185 2594 1994 66 © Jan. 1, 1933; 1c. July 24; A-Foreign 21618; Gebrüder Enoch verlag.
260 2664 281 49 (33-24649)

181 2750 238 68 Howell,
452 2751 254 55 William
738 2750 354 69 Thompson,
1130 2751 325 56 1873-1916.

185 2822 1973 139 The Hudson highlands; William Thompson Howell memorial …
551 2906 155 67 [New
736 2906 179 66 York,
943 2908 241 54 Printed
1212 2907 74 70 by
1315 2909 150 52 Lenz
1493 2910 46 51 &
1565 2906 257 71 Riecker,
1850 2907 125 70 inc.,
2001 2916 19 21 c
2026 2911 150 65 1933]

255 2976 1167 57 4 p. l., 191 p. front., plates, ports. 23½cm.
260 3038 147 41 “This
434 3037 121 41 book
584 3038 42 40 is
656 3049 73 29 no.
761 3038 84 41 155
876 3039 51 40 of
957 3050 27 29 a
1014 3038 190 41 limited
1234 3038 183 41 edition
1447 3040 52 40 of
1528 3039 85 40 200
1644 3037 172 52 copies,
1847 3041 256 47 presented
2130 3040 55 40 at

190 3098 81 39 the
300 3094 245 50 fifty-fifth
575 3097 183 38 annual
789 3095 211 47 meeting
1029 3095 53 41 of
1114 3096 82 40 the
1228 3095 153 41 Fresh
1411 3095 79 41 air
1517 3096 123 47 club,
1674 3096 222 50 January
1924 3097 71 49 27,
2026 3095 158 44 1933.”

261 3145 1875 65 “Extracts from the diary of Mr. Howell … [and] a brief statement …
191 3208 795 53 relative to his … life.”—p. 3.
263 3263 1207 54 “Copyright … by Frederic Delano Weekes.”
197 3321 53 51 ©
285 3326 109 40 Jan.
430 3326 69 44 27,
535 3324 140 41 1933:
713 3326 67 39 2c.
820 3326 126 46 Sept.
983 3324 53 48 8;
1074 3325 84 41 aff.
1197 3325 128 49 Sept.
1362 3327 53 45 7;
1454 3326 42 39 A
1529 3326 171 47 65170;
1740 3325 228 42 Frederic
2004 3326 187 41 Delano

264 3382 213 43 Weekes.
512 3382 116 41 New
662 3381 144 41 York.
880 3380 280 52 (33-23792)

194 3469 190 67 Kang,
412 3471 337 65 Younghill.

267 3546 120 54 The
413 3546 198 69 happy
632 3566 191 50 grove,
846 3549 75 67 by
946 3547 320 71 Younghill
1286 3550 202 68 Kang;
1514 3550 382 55 illustrations
1913 3551 75 68 by
2005 3551 186 69 Leroy

203 3621 328 71 Baldridge.
595 3625 139 51 New
766 3625 178 68 York,
971 3626 258 67 London,
1261 3627 63 55 C.
1356 3626 310 56 Scribner’s
1697 3646 146 48 sons,
1875 3632 150 50 1933.

463 3691 1011 60 4 p. l., 326 p. incl. front., illus., plates. 22 cm .
275 3749 285 46 Illustrated
597 3752 360 53 lining-papers.

279 3807 127 43 “The
430 3810 137 47 story
590 3810 54 39 of
665 3821 81 36 my
772 3809 218 50 boyhood
1015 3811 51 41 in
1096 3810 174 44 Korea.
1325 3814 101 40 The
1452 3815 102 47 plot
1581 3814 42 40 is
1650 3814 146 42 taken
1824 3815 127 41 from
1979 3817 82 40 the
2089 3816 107 43 first

209 3863 107 39 half
350 3865 51 39 of
437 3864 148 42 Grass
621 3865 119 41 roof.
807 3867 100 41 The
942 3868 228 41 material
1203 3869 90 41 has
1328 3870 116 40 been
1479 3872 227 48 enlarged
1745 3872 96 39 and
1878 3874 232 41 re-edited
2148 3876 49 40 to

209 3918 139 44 make
377 3921 81 41 the
486 3922 123 48 style
638 3924 97 39 and
761 3922 255 49 technique
1044 3935 132 30 more
1206 3925 208 43 suitable
1443 3927 49 41 to
1521 3936 214 39 younger
1764 3928 196 42 readers
1980 3928 205 42 ”—Pref

211 3972 50 51 ©
291 3976 127 50 Sept.
445 3979 39 46 8,
513 3978 112 42 1933;
682 3979 64 40 2c.
775 3982 95 38 and
898 3981 80 40 aff.
1011 3980 127 49 Sept.
1167 3982 81 46 12;
1278 3983 41 38 A
1347 3981 168 47 65197;
1548 3983 201 42 Charles
1780 3984 264 42 Scribner's
2070 3961 128 65 sons.

285 4033 279 51 (33-23654)
