<alto xmlns="http://www.loc.gov/standards/alto/ns-v3#" xmlns:xsi="http://www.w3.org/2001/XMLSchema-instance" xsi:schemaLocation="http://www.loc.gov/standards/alto/ns-v3# http://www.loc.gov/alto/v3/alto-3-0.xsd"><Description>
<MeasurementUnit>pixel</MeasurementUnit>
<sourceImageInformation>
<fileName>1933_v1_Part1.pdf</fileName>
</sourceImageInformation>
<OCRProcessing ID="IdOcr">
<ocrProcessingStep>
<processingDateTime>2019-01-03</processingDateTime>
<processingSoftware>
<softwareCreator>ABBYY</softwareCreator>
<softwareName>ABBYY Recognition Server</softwareName>
<softwareVersion>4.0</softwareVersion>
</processingSoftware>
</ocrProcessingStep>
</OCRProcessing>
</Description>
<Styles>
<ParagraphStyle ALIGN="Left" FIRSTLINE="0." ID="StyleId-FFFFFFFF-FFFF-FFFF-FFFF-FFFFFFFFFFFF-" LEFT="0." RIGHT="0." />
<ParagraphStyle ALIGN="Left" FIRSTLINE="0." ID="StyleId-6EF5737A-DCEB-4126-A0CF-C5930BF7166A-" LEFT="0." LINESPACE="8.300000191" RIGHT="0." />
<ParagraphStyle ALIGN="Left" FIRSTLINE="0." ID="StyleId-2DE44258-FD0B-41E1-B542-087C989B01A3-" LEFT="0." LINESPACE="12.19999981" RIGHT="0." />
<ParagraphStyle ALIGN="Left" FIRSTLINE="-14." ID="StyleId-CE3D254A-29D7-4DD7-B5F1-E0FC0EF29B05-" LEFT="0." LINESPACE="8.619999886" RIGHT="0." />
<ParagraphStyle ALIGN="Left" FIRSTLINE="-14." ID="StyleId-C0E3A137-CE4F-4287-8A90-B599106709D0-" LEFT="0." LINESPACE="12.19999981" RIGHT="0." />
<ParagraphStyle ALIGN="Left" FIRSTLINE="-14." ID="StyleId-50F26F0C-05DA-4C19-BA58-7A6AC4499BEE-" LEFT="0." LINESPACE="11.06999969" RIGHT="0." />
<ParagraphStyle ALIGN="Center" FIRSTLINE="0." ID="StyleId-5DDE65AF-512C-41E2-9B8E-095D6D99EF68-" LEFT="0." LINESPACE="11.89999962" RIGHT="0." />
<ParagraphStyle ALIGN="Left" FIRSTLINE="0." ID="StyleId-0A81D7A5-6A62-4C52-915E-7768974C704D-" LEFT="0." LINESPACE="9.399999619" RIGHT="0." />
<ParagraphStyle ALIGN="Block" FIRSTLINE="-13." ID="StyleId-F7A0127F-6B48-4157-BB81-FE33E1E1A05B-" LEFT="0." LINESPACE="10.63000011" RIGHT="0." />
<ParagraphStyle ALIGN="Left" FIRSTLINE="0." ID="StyleId-E18C69F7-DBD7-48B1-805C-FCD96D0DA019-" LEFT="0." LINESPACE="11.64000034" RIGHT="0." />
<ParagraphStyle ALIGN="Left" FIRSTLINE="-14." ID="StyleId-98F15501-B611-4E83-8BB3-807E891F11F5-" LEFT="0." LINESPACE="12.19999981" RIGHT="0." />
<ParagraphStyle ALIGN="Left" FIRSTLINE="0." ID="StyleId-F4A78626-0BBC-4D12-94D9-A1AE75A9855F-" LEFT="0." LINESPACE="9.399999619" RIGHT="0." />
<ParagraphStyle ALIGN="Left" FIRSTLINE="0." ID="StyleId-6A3F6F4C-D21B-4ADE-902F-7683F18ECEF3-" LEFT="0." LINESPACE="11.10000038" RIGHT="0." />
</Styles>
<Layout>
<Page HEIGHT="4453" ID="Page1272" PHYSICAL_IMG_NR="1272" WIDTH="2582">
<TopMargin HEIGHT="462" HPOS="0" VPOS="0" WIDTH="2582">
</TopMargin>
<LeftMargin HEIGHT="3648" HPOS="0" VPOS="462" WIDTH="378">
</LeftMargin>
<RightMargin HEIGHT="3648" HPOS="2430" VPOS="462" WIDTH="152">
</RightMargin>
<BottomMargin HEIGHT="343" HPOS="0" VPOS="4110" WIDTH="2582">
<TextBlock HEIGHT="72" HPOS="1334" ID="Page1272_Block1" LANG="en-US" STYLEREFS="StyleId-9B8CF8AB-B54D-47D8-9A03-40D51DC4BA0B-" VPOS="4150" WIDTH="154">
<TextLine HEIGHT="53" HPOS="1344" VPOS="4160" WIDTH="134">
<String CONTENT="1272" HEIGHT="53" HPOS="1344" VPOS="4160" WIDTH="134" />
</TextLine>
</TextBlock>
</BottomMargin>
<PrintSpace HEIGHT="3648" HPOS="378" VPOS="462" WIDTH="2052">
<TextBlock CS="1" HEIGHT="3648" HPOS="378" ID="Page1272_Block2" LANG="en-US" STYLEREFS="StyleId-E4C05CF0-AFB9-456A-98F6-C3FD4954773E-" VPOS="462" WIDTH="2052">
<TextLine HEIGHT="66" HPOS="387" STYLEREFS="StyleId-A7D5FBD7-FE01-4753-A687-EDEF329614B3-" VPOS="472" WIDTH="812">
<String CONTENT="Rostand," HEIGHT="65" HPOS="387" VPOS="473" WIDTH="288" />
<SP HEIGHT="65" HPOS="676" VPOS="473" WIDTH="32" />
<String CONTENT="Maurice," HEIGHT="64" HPOS="709" VPOS="472" WIDTH="282" />
<SP HEIGHT="60" HPOS="992" VPOS="476" WIDTH="35" />
<String CONTENT="1891-" HEIGHT="49" HPOS="1028" VPOS="475" WIDTH="171" />
</TextLine>
<TextLine CS="1" HEIGHT="149" HPOS="393" STYLEREFS="StyleId-8E31076A-7A88-45E7-AA02-9E647977EE88-" VPOS="549" WIDTH="1985">
<String CONTENT="&#8230;" CS="1" />
<SP HEIGHT="51" HPOS="527" VPOS="554" WIDTH="49" />
<String CONTENT="La" HEIGHT="50" HPOS="577" VPOS="554" WIDTH="82" />
<SP HEIGHT="52" HPOS="660" VPOS="553" WIDTH="47" />
<String CONTENT="femme" HEIGHT="52" HPOS="708" VPOS="553" WIDTH="208" />
<SP HEIGHT="50" HPOS="917" VPOS="569" WIDTH="42" />
<String CONTENT="qui" HEIGHT="67" HPOS="960" VPOS="552" WIDTH="97" />
<SP HEIGHT="52" HPOS="1058" VPOS="552" WIDTH="44" />
<String CONTENT="&#233;tait" CS="1" HEIGHT="53" HPOS="1135" VPOS="550" WIDTH="109" />
<SP HEIGHT="45" HPOS="1245" VPOS="558" WIDTH="44" />
<String CONTENT="en" HEIGHT="35" HPOS="1290" VPOS="570" WIDTH="68" />
<SP HEIGHT="54" HPOS="1359" VPOS="551" WIDTH="42" />
<String CONTENT="lui," HEIGHT="69" HPOS="1402" VPOS="549" WIDTH="100" />
<SP HEIGHT="48" HPOS="1503" VPOS="570" WIDTH="43" />
<String CONTENT="roman." HEIGHT="36" HPOS="1547" VPOS="569" WIDTH="215" />
<SP HEIGHT="34" HPOS="1763" VPOS="584" WIDTH="80" />
<String CONTENT="[Paris]" HEIGHT="68" HPOS="1844" VPOS="551" WIDTH="203" />
<SP HEIGHT="67" HPOS="2048" VPOS="552" WIDTH="50" />
<String CONTENT="E." HEIGHT="52" HPOS="2099" VPOS="552" WIDTH="66" />
<SP HEIGHT="52" HPOS="2166" VPOS="552" WIDTH="46" />
<String CONTENT="Flammarion" HEIGHT="132" HPOS="393" VPOS="552" WIDTH="1985" />
<SP HEIGHT="48" HPOS="617" VPOS="650" WIDTH="34" />
<String CONTENT="[1933]" CS="1" HEIGHT="64" HPOS="672" VPOS="634" WIDTH="152" />
</TextLine>
<TextLine CS="1" HEIGHT="51" HPOS="468" VPOS="702" WIDTH="875">
<String CONTENT="vii" HEIGHT="40" HPOS="468" VPOS="704" WIDTH="65" />
<SP HEIGHT="48" HPOS="534" VPOS="704" WIDTH="25" />
<String CONTENT="p.," CS="1" HEIGHT="38" HPOS="560" VPOS="714" WIDTH="41" />
<SP HEIGHT="46" HPOS="617" VPOS="705" WIDTH="25" />
<String CONTENT="1" HEIGHT="38" HPOS="643" VPOS="705" WIDTH="24" />
<SP HEIGHT="38" HPOS="668" VPOS="705" WIDTH="25" />
<String CONTENT="l.," CS="1" HEIGHT="16" HPOS="716" VPOS="735" WIDTH="22" />
<SP HEIGHT="30" HPOS="739" VPOS="723" WIDTH="28" />
<String CONTENT="[11]-234" CS="1" HEIGHT="51" HPOS="768" VPOS="702" WIDTH="205" />
<SP HEIGHT="47" HPOS="974" VPOS="705" WIDTH="27" />
<String CONTENT="p." HEIGHT="38" HPOS="1002" VPOS="714" WIDTH="41" />
<SP HEIGHT="46" HPOS="1060" VPOS="704" WIDTH="25" />
<String CONTENT="2" HEIGHT="38" HPOS="1086" VPOS="704" WIDTH="26" />
<SP HEIGHT="39" HPOS="1113" VPOS="704" WIDTH="22" />
<String CONTENT="l." CS="1" HEIGHT="8" HPOS="1157" VPOS="736" WIDTH="8" />
<SP HEIGHT="41" HPOS="1166" VPOS="703" WIDTH="60" />
<String CONTENT="19" HEIGHT="41" HPOS="1227" VPOS="702" WIDTH="56" />
<String CONTENT="cm" HEIGHT="21" HPOS="1286" STYLE="superscript" VPOS="706" WIDTH="44" />
<String CONTENT="." HEIGHT="7" HPOS="1336" VPOS="736" WIDTH="7" />
</TextLine>
<TextLine CS="1" HEIGHT="52" HPOS="394" VPOS="771" WIDTH="1953">
<String CONTENT="&#169;" HEIGHT="52" HPOS="394" VPOS="771" WIDTH="51" />
<SP HEIGHT="52" HPOS="446" VPOS="771" WIDTH="31" />
<String CONTENT="July" HEIGHT="39" HPOS="478" VPOS="776" WIDTH="116" />
<SP HEIGHT="39" HPOS="595" VPOS="775" WIDTH="29" />
<String CONTENT="27," HEIGHT="46" HPOS="625" VPOS="775" WIDTH="69" />
<SP HEIGHT="45" HPOS="695" VPOS="776" WIDTH="30" />
<String CONTENT="1933:" HEIGHT="41" HPOS="726" VPOS="774" WIDTH="142" />
<SP />
<String CONTENT="1c." CS="1" />
<SP />
<String CONTENT="Aug." HEIGHT="47" HPOS="1001" VPOS="775" WIDTH="120" />
<SP HEIGHT="41" HPOS="1122" VPOS="774" WIDTH="30" />
<String CONTENT="8;" HEIGHT="47" HPOS="1153" VPOS="774" WIDTH="52" />
<SP HEIGHT="46" HPOS="1206" VPOS="775" WIDTH="32" />
<String CONTENT="A-Foreign" HEIGHT="49" HPOS="1239" VPOS="773" WIDTH="313" />
<SP HEIGHT="38" HPOS="1553" VPOS="775" WIDTH="29" />
<String CONTENT="21823;" HEIGHT="48" HPOS="1583" VPOS="773" WIDTH="172" />
<SP HEIGHT="46" HPOS="1756" VPOS="775" WIDTH="34" />
<String CONTENT="Ernest" HEIGHT="39" HPOS="1791" VPOS="775" WIDTH="176" />
<SP HEIGHT="41" HPOS="1968" VPOS="773" WIDTH="33" />
<String CONTENT="Flamnmrion." HEIGHT="41" HPOS="2002" VPOS="772" WIDTH="345" />
</TextLine>
<TextLine HEIGHT="48" HPOS="477" VPOS="832" WIDTH="281">
<String CONTENT="(33-24490)" HEIGHT="48" HPOS="477" VPOS="832" WIDTH="281" />
</TextLine>
<TextLine CS="1" HEIGHT="72" HPOS="390" STYLEREFS="StyleId-A7D5FBD7-FE01-4753-A687-EDEF329614B3-" VPOS="931" WIDTH="1378">
<String CONTENT="Schauffler," HEIGHT="70" HPOS="390" VPOS="931" WIDTH="343" />
<SP HEIGHT="65" HPOS="734" VPOS="936" WIDTH="25" />
<String CONTENT="Robert" HEIGHT="55" HPOS="760" VPOS="935" WIDTH="224" />
<SP HEIGHT="52" HPOS="985" VPOS="937" WIDTH="25" />
<String CONTENT="Haven," HEIGHT="65" HPOS="1011" VPOS="937" WIDTH="228" />
<SP HEIGHT="62" HPOS="1240" VPOS="940" WIDTH="31" />
<String CONTENT="1879-comp." CS="1" HEIGHT="67" HPOS="1272" VPOS="936" WIDTH="496" />
</TextLine>
<TextLine CS="1" HEIGHT="70" HPOS="526" STYLEREFS="StyleId-8E31076A-7A88-45E7-AA02-9E647977EE88-" VPOS="1013" WIDTH="1880">
<String CONTENT="&#8230;" CS="1" />
<SP HEIGHT="52" HPOS="526" VPOS="1013" WIDTH="24" />
<String CONTENT="Hallowe&#8217;en;" HEIGHT="68" HPOS="551" VPOS="1013" WIDTH="383" />
<SP HEIGHT="66" HPOS="935" VPOS="1015" WIDTH="28" />
<String CONTENT="its" HEIGHT="53" HPOS="964" VPOS="1015" WIDTH="73" />
<SP HEIGHT="34" HPOS="1038" VPOS="1034" WIDTH="26" />
<String CONTENT="origin," HEIGHT="70" HPOS="1065" VPOS="1013" WIDTH="208" />
<SP HEIGHT="48" HPOS="1274" VPOS="1034" WIDTH="24" />
<String CONTENT="spirit," HEIGHT="68" HPOS="1299" VPOS="1015" WIDTH="190" />
<SP HEIGHT="48" HPOS="1490" VPOS="1034" WIDTH="26" />
<String CONTENT="celebration," CS="1" HEIGHT="53" HPOS="1517" VPOS="1015" WIDTH="345" />
<SP />
<String CONTENT="and" HEIGHT="54" HPOS="1900" VPOS="1013" WIDTH="113" />
<SP HEIGHT="54" HPOS="2014" VPOS="1013" WIDTH="26" />
<String CONTENT="significance" HEIGHT="68" HPOS="2041" VPOS="1013" WIDTH="365" />
</TextLine>
<TextLine HEIGHT="70" HPOS="392" STYLEREFS="StyleId-8E31076A-7A88-45E7-AA02-9E647977EE88-" VPOS="1092" WIDTH="2016">
<String CONTENT="as" HEIGHT="34" HPOS="392" VPOS="1112" WIDTH="61" />
<SP HEIGHT="34" HPOS="454" VPOS="1112" WIDTH="24" />
<String CONTENT="related" HEIGHT="53" HPOS="479" VPOS="1093" WIDTH="218" />
<SP HEIGHT="54" HPOS="698" VPOS="1092" WIDTH="25" />
<String CONTENT="in" HEIGHT="53" HPOS="724" VPOS="1092" WIDTH="61" />
<SP HEIGHT="50" HPOS="786" VPOS="1111" WIDTH="24" />
<String CONTENT="prose" HEIGHT="50" HPOS="811" VPOS="1111" WIDTH="166" />
<SP HEIGHT="34" HPOS="978" VPOS="1113" WIDTH="28" />
<String CONTENT="and" HEIGHT="53" HPOS="1007" VPOS="1094" WIDTH="112" />
<SP HEIGHT="51" HPOS="1120" VPOS="1094" WIDTH="25" />
<String CONTENT="verse," HEIGHT="50" HPOS="1146" VPOS="1110" WIDTH="176" />
<SP HEIGHT="61" HPOS="1323" VPOS="1099" WIDTH="25" />
<String CONTENT="together" HEIGHT="68" HPOS="1349" VPOS="1094" WIDTH="262" />
<SP HEIGHT="33" HPOS="1612" VPOS="1112" WIDTH="26" />
<String CONTENT="with" HEIGHT="52" HPOS="1639" VPOS="1093" WIDTH="140" />
<SP HEIGHT="52" HPOS="1780" VPOS="1094" WIDTH="28" />
<String CONTENT="Hallowe&#8217;en" HEIGHT="54" HPOS="1809" VPOS="1092" WIDTH="355" />
<SP HEIGHT="34" HPOS="2165" VPOS="1111" WIDTH="24" />
<String CONTENT="stories," HEIGHT="67" HPOS="2190" VPOS="1093" WIDTH="218" />
</TextLine>
<TextLine HEIGHT="69" HPOS="397" STYLEREFS="StyleId-8E31076A-7A88-45E7-AA02-9E647977EE88-" VPOS="1172" WIDTH="2012">
<String CONTENT="plays," HEIGHT="68" HPOS="397" VPOS="1172" WIDTH="182" />
<SP HEIGHT="49" HPOS="580" VPOS="1191" WIDTH="28" />
<String CONTENT="pantomimes;" HEIGHT="68" HPOS="609" VPOS="1172" WIDTH="408" />
<SP HEIGHT="48" HPOS="1018" VPOS="1191" WIDTH="30" />
<String CONTENT="and" HEIGHT="52" HPOS="1049" VPOS="1173" WIDTH="112" />
<SP HEIGHT="52" HPOS="1162" VPOS="1173" WIDTH="27" />
<String CONTENT="suggestions" HEIGHT="69" HPOS="1190" VPOS="1172" WIDTH="360" />
<SP HEIGHT="53" HPOS="1551" VPOS="1172" WIDTH="27" />
<String CONTENT="for" HEIGHT="54" HPOS="1579" VPOS="1172" WIDTH="93" />
<SP HEIGHT="49" HPOS="1673" VPOS="1192" WIDTH="29" />
<String CONTENT="games," HEIGHT="50" HPOS="1703" VPOS="1191" WIDTH="210" />
<SP HEIGHT="48" HPOS="1914" VPOS="1191" WIDTH="27" />
<String CONTENT="stunts," HEIGHT="61" HPOS="1942" VPOS="1178" WIDTH="204" />
<SP HEIGHT="50" HPOS="2147" VPOS="1190" WIDTH="27" />
<String CONTENT="parties," HEIGHT="68" HPOS="2175" VPOS="1172" WIDTH="234" />
</TextLine>
<TextLine CS="1" HEIGHT="149" HPOS="395" STYLEREFS="StyleId-8E31076A-7A88-45E7-AA02-9E647977EE88-" VPOS="1249" WIDTH="1987">
<String CONTENT="feasts" HEIGHT="55" HPOS="396" VPOS="1249" WIDTH="178" />
<SP HEIGHT="34" HPOS="575" VPOS="1270" WIDTH="33" />
<String CONTENT="and" HEIGHT="53" HPOS="609" VPOS="1251" WIDTH="113" />
<SP HEIGHT="54" HPOS="723" VPOS="1250" WIDTH="35" />
<String CONTENT="decorations." HEIGHT="55" HPOS="759" VPOS="1249" WIDTH="375" />
<SP HEIGHT="57" HPOS="1135" VPOS="1250" WIDTH="76" />
<String CONTENT="Compiled" HEIGHT="69" HPOS="1212" VPOS="1250" WIDTH="304" />
<SP HEIGHT="54" HPOS="1517" VPOS="1251" WIDTH="35" />
<String CONTENT="and" HEIGHT="54" HPOS="1553" VPOS="1251" WIDTH="113" />
<SP HEIGHT="54" HPOS="1667" VPOS="1251" WIDTH="33" />
<String CONTENT="edited," HEIGHT="67" HPOS="1701" VPOS="1250" WIDTH="211" />
<SP HEIGHT="46" HPOS="1913" VPOS="1271" WIDTH="33" />
<String CONTENT="with" HEIGHT="56" HPOS="1947" VPOS="1249" WIDTH="141" />
<SP HEIGHT="53" HPOS="2089" VPOS="1251" WIDTH="33" />
<String CONTENT="an" HEIGHT="34" HPOS="2123" VPOS="1270" WIDTH="72" />
<SP HEIGHT="54" HPOS="2196" VPOS="1250" WIDTH="32" />
<String CONTENT="introduction," HEIGHT="148" HPOS="395" VPOS="1250" WIDTH="1987" />
<SP HEIGHT="69" HPOS="650" VPOS="1329" WIDTH="36" />
<String CONTENT="by" HEIGHT="68" HPOS="687" VPOS="1329" WIDTH="77" />
</TextLine>
<TextLine CS="1" HEIGHT="68" HPOS="802" STYLEREFS="StyleId-8E31076A-7A88-45E7-AA02-9E647977EE88-" VPOS="1329" WIDTH="1606">
<String CONTENT="Robert" HEIGHT="53" HPOS="802" VPOS="1329" WIDTH="219" />
<SP HEIGHT="53" HPOS="1022" VPOS="1329" WIDTH="38" />
<String CONTENT="Haven" HEIGHT="53" HPOS="1061" VPOS="1329" WIDTH="206" />
<SP HEIGHT="56" HPOS="1268" VPOS="1329" WIDTH="44" />
<String CONTENT="Schauffler" HEIGHT="56" HPOS="1313" VPOS="1329" WIDTH="315" />
<SP HEIGHT="35" HPOS="1629" VPOS="1349" WIDTH="45" />
<String CONTENT="&#8230;" CS="1" />
<SP HEIGHT="53" HPOS="1732" VPOS="1329" WIDTH="77" />
<String CONTENT="New" HEIGHT="54" HPOS="1810" VPOS="1329" WIDTH="140" />
<SP HEIGHT="53" HPOS="1951" VPOS="1329" WIDTH="43" />
<String CONTENT="York," HEIGHT="67" HPOS="1995" VPOS="1329" WIDTH="181" />
<SP HEIGHT="65" HPOS="2177" VPOS="1331" WIDTH="40" />
<String CONTENT="Dodd," HEIGHT="68" HPOS="2218" VPOS="1329" WIDTH="190" />
</TextLine>
<TextLine HEIGHT="70" HPOS="395" STYLEREFS="StyleId-8E31076A-7A88-45E7-AA02-9E647977EE88-" VPOS="1406" WIDTH="824">
<String CONTENT="Mead" HEIGHT="55" HPOS="395" VPOS="1406" WIDTH="172" />
<SP HEIGHT="52" HPOS="568" VPOS="1409" WIDTH="26" />
<String CONTENT="and" HEIGHT="52" HPOS="595" VPOS="1409" WIDTH="114" />
<SP HEIGHT="52" HPOS="710" VPOS="1409" WIDTH="26" />
<String CONTENT="company," HEIGHT="49" HPOS="737" VPOS="1427" WIDTH="301" />
<SP HEIGHT="62" HPOS="1039" VPOS="1413" WIDTH="26" />
<String CONTENT="1933." HEIGHT="51" HPOS="1066" VPOS="1411" WIDTH="153" />
</TextLine>
<TextLine CS="1" HEIGHT="50" HPOS="467" VPOS="1480" WIDTH="1284">
<String CONTENT="xxii," HEIGHT="48" HPOS="467" VPOS="1480" WIDTH="120" />
<SP HEIGHT="48" HPOS="588" VPOS="1480" WIDTH="28" />
<String CONTENT="391" HEIGHT="41" HPOS="617" VPOS="1480" WIDTH="85" />
<SP HEIGHT="47" HPOS="703" VPOS="1483" WIDTH="29" />
<String CONTENT="p." HEIGHT="37" HPOS="733" VPOS="1493" WIDTH="43" />
<SP HEIGHT="39" HPOS="777" VPOS="1483" WIDTH="61" />
<String CONTENT="19&#189;cm." CS="1" HEIGHT="40" HPOS="839" VPOS="1482" WIDTH="144" />
<SP HEIGHT="42" HPOS="984" VPOS="1482" WIDTH="71" />
<String CONTENT="(Our" HEIGHT="44" HPOS="1056" VPOS="1480" WIDTH="126" />
<SP HEIGHT="39" HPOS="1183" VPOS="1481" WIDTH="30" />
<String CONTENT="American" HEIGHT="41" HPOS="1214" VPOS="1481" WIDTH="258" />
<SP HEIGHT="39" HPOS="1473" VPOS="1482" WIDTH="28" />
<String CONTENT="holidays)" HEIGHT="49" HPOS="1502" VPOS="1481" WIDTH="249" />
</TextLine>
<TextLine HEIGHT="75" HPOS="399" VPOS="1527" WIDTH="2012">
<String CONTENT="&#169;" HEIGHT="52" HPOS="399" VPOS="1550" WIDTH="51" />
<SP HEIGHT="52" HPOS="451" VPOS="1550" WIDTH="31" />
<String CONTENT="Aug." HEIGHT="47" HPOS="483" VPOS="1555" WIDTH="120" />
<SP HEIGHT="66" HPOS="604" VPOS="1527" WIDTH="29" />
<String CONTENT="9" HEIGHT="65" HPOS="634" VPOS="1527" WIDTH="65" />
<SP HEIGHT="65" HPOS="700" VPOS="1527" WIDTH="40" />
<String CONTENT="1933;" HEIGHT="46" HPOS="741" VPOS="1553" WIDTH="141" />
<SP HEIGHT="45" HPOS="883" VPOS="1554" WIDTH="35" />
<String CONTENT="2c." HEIGHT="39" HPOS="919" VPOS="1554" WIDTH="67" />
<SP HEIGHT="39" HPOS="987" VPOS="1554" WIDTH="35" />
<String CONTENT="Sept." HEIGHT="47" HPOS="1023" VPOS="1554" WIDTH="129" />
<SP HEIGHT="39" HPOS="1153" VPOS="1552" WIDTH="32" />
<String CONTENT="2:" HEIGHT="40" HPOS="1186" VPOS="1552" WIDTH="52" />
<SP HEIGHT="29" HPOS="1239" VPOS="1563" WIDTH="35" />
<String CONTENT="aff." HEIGHT="40" HPOS="1275" VPOS="1552" WIDTH="82" />
<SP HEIGHT="40" HPOS="1358" VPOS="1552" WIDTH="32" />
<String CONTENT="Aug." HEIGHT="48" HPOS="1391" VPOS="1552" WIDTH="120" />
<SP HEIGHT="39" HPOS="1512" VPOS="1553" WIDTH="32" />
<String CONTENT="30;" HEIGHT="47" HPOS="1545" VPOS="1552" WIDTH="83" />
<SP HEIGHT="45" HPOS="1629" VPOS="1554" WIDTH="35" />
<String CONTENT="A" HEIGHT="37" HPOS="1665" VPOS="1554" WIDTH="40" />
<SP HEIGHT="39" HPOS="1706" VPOS="1553" WIDTH="33" />
<String CONTENT="65130:" HEIGHT="42" HPOS="1740" VPOS="1552" WIDTH="170" />
<SP HEIGHT="41" HPOS="1911" VPOS="1553" WIDTH="38" />
<String CONTENT="R." HEIGHT="39" HPOS="1950" VPOS="1553" WIDTH="52" />
<SP HEIGHT="38" HPOS="2003" VPOS="1554" WIDTH="36" />
<String CONTENT="H." HEIGHT="38" HPOS="2040" VPOS="1554" WIDTH="59" />
<SP HEIGHT="39" HPOS="2100" VPOS="1554" WIDTH="36" />
<String CONTENT="Schauffler," HEIGHT="47" HPOS="2137" VPOS="1553" WIDTH="274" />
</TextLine>
<TextLine HEIGHT="48" HPOS="469" VPOS="1610" WIDTH="650">
<String CONTENT="New" HEIGHT="40" HPOS="469" VPOS="1612" WIDTH="117" />
<SP HEIGHT="38" HPOS="587" VPOS="1613" WIDTH="32" />
<String CONTENT="York." HEIGHT="39" HPOS="620" VPOS="1612" WIDTH="145" />
<SP HEIGHT="48" HPOS="766" VPOS="1610" WIDTH="70" />
<String CONTENT="(33-23649)" HEIGHT="48" HPOS="837" VPOS="1610" WIDTH="282" />
</TextLine>
<TextLine HEIGHT="65" HPOS="392" STYLEREFS="StyleId-A7D5FBD7-FE01-4753-A687-EDEF329614B3-" VPOS="1715" WIDTH="546">
<String CONTENT="Schelle," HEIGHT="65" HPOS="392" LANG="de" VPOS="1715" WIDTH="245" />
<SP HEIGHT="64" HPOS="638" VPOS="1716" WIDTH="33" />
<String CONTENT="Werner." HEIGHT="54" HPOS="672" LANG="en-US" VPOS="1716" WIDTH="266" />
</TextLine>
<TextLine CS="1" HEIGHT="149" HPOS="399" STYLEREFS="StyleId-8E31076A-7A88-45E7-AA02-9E647977EE88-" VPOS="1792" WIDTH="1983">
<String CONTENT="&#8230;" CS="1" LANG="en-US" />
<SP HEIGHT="53" HPOS="532" VPOS="1795" WIDTH="47" />
<String CONTENT="Die" HEIGHT="54" HPOS="580" LANG="en-US" VPOS="1793" WIDTH="112" />
<SP HEIGHT="49" HPOS="693" VPOS="1812" WIDTH="39" />
<String CONTENT="polizei" HEIGHT="68" HPOS="733" LANG="de" VPOS="1793" WIDTH="206" />
<SP HEIGHT="53" HPOS="940" VPOS="1793" WIDTH="43" />
<String CONTENT="wird" HEIGHT="53" HPOS="984" LANG="de" VPOS="1793" WIDTH="146" />
<SP HEIGHT="52" HPOS="1131" VPOS="1794" WIDTH="40" />
<String CONTENT="nerv&#246;s," HEIGHT="65" HPOS="1172" LANG="de" VPOS="1795" WIDTH="221" />
<SP HEIGHT="68" HPOS="1394" VPOS="1792" WIDTH="40" />
<String CONTENT="kriminalroman." HEIGHT="54" HPOS="1435" LANG="en-US" VPOS="1792" WIDTH="494" />
<SP HEIGHT="51" HPOS="1930" VPOS="1795" WIDTH="76" />
<String CONTENT="Berlin," HEIGHT="67" HPOS="2007" LANG="en-US" VPOS="1792" WIDTH="217" />
<SP HEIGHT="65" HPOS="2225" VPOS="1794" WIDTH="42" />
<String CONTENT="Universitas" HEIGHT="135" HPOS="399" LANG="de" VPOS="1792" WIDTH="1983" />
<SP HEIGHT="48" HPOS="640" VPOS="1893" WIDTH="34" />
<String CONTENT="[" CS="1" LANG="de" />
<String CONTENT="c" HEIGHT="21" HPOS="693" LANG="en-US" STYLE="superscript" VPOS="1879" WIDTH="17" />
<String CONTENT="1933]" HEIGHT="64" HPOS="717" LANG="en-US" VPOS="1876" WIDTH="151" />
</TextLine>
<TextLine CS="1" HEIGHT="50" HPOS="471" VPOS="1945" WIDTH="690">
<String CONTENT="2" HEIGHT="38" HPOS="471" VPOS="1947" WIDTH="26" />
<SP HEIGHT="47" HPOS="498" VPOS="1947" WIDTH="24" />
<String CONTENT="p." HEIGHT="38" HPOS="523" VPOS="1956" WIDTH="43" />
<SP HEIGHT="40" HPOS="567" VPOS="1948" WIDTH="26" />
<String CONTENT="l.," CS="1" HEIGHT="17" HPOS="615" VPOS="1978" WIDTH="24" />
<SP HEIGHT="47" HPOS="640" VPOS="1948" WIDTH="25" />
<String CONTENT="7-219," HEIGHT="47" HPOS="666" VPOS="1946" WIDTH="159" />
<SP HEIGHT="29" HPOS="826" VPOS="1966" WIDTH="28" />
<String CONTENT="[1]" CS="1" HEIGHT="29" HPOS="855" VPOS="1966" WIDTH="56" />
<SP HEIGHT="38" HPOS="912" VPOS="1957" WIDTH="29" />
<String CONTENT="p." HEIGHT="37" HPOS="942" VPOS="1957" WIDTH="42" />
<SP HEIGHT="39" HPOS="985" VPOS="1947" WIDTH="60" />
<String CONTENT="19" HEIGHT="41" HPOS="1046" VPOS="1945" WIDTH="56" />
<String CONTENT="cm" HEIGHT="21" HPOS="1105" STYLE="superscript" VPOS="1949" WIDTH="43" />
<String CONTENT="." HEIGHT="7" HPOS="1154" VPOS="1977" WIDTH="7" />
</TextLine>
<TextLine CS="1" HEIGHT="53" HPOS="400" VPOS="2014" WIDTH="2015">
<String CONTENT="&#169;" HEIGHT="52" HPOS="400" LANG="en-US" VPOS="2014" WIDTH="51" />
<SP HEIGHT="52" HPOS="452" VPOS="2014" WIDTH="34" />
<String CONTENT="Apr." HEIGHT="47" HPOS="487" LANG="en-US" VPOS="2020" WIDTH="113" />
<SP HEIGHT="39" HPOS="601" VPOS="2019" WIDTH="34" />
<String CONTENT="8," HEIGHT="47" HPOS="636" LANG="en-US" VPOS="2019" WIDTH="39" />
<SP HEIGHT="47" HPOS="676" VPOS="2019" WIDTH="33" />
<String CONTENT="1933;" HEIGHT="47" HPOS="710" LANG="en-US" VPOS="2018" WIDTH="141" />
<SP />
<String CONTENT="1c." CS="1" LANG="en-US" />
<SP />
<String CONTENT="July" HEIGHT="46" HPOS="993" LANG="en-US" VPOS="2019" WIDTH="117" />
<SP HEIGHT="47" HPOS="1111" VPOS="2018" WIDTH="32" />
<String CONTENT="24;" HEIGHT="47" HPOS="1144" LANG="en-US" VPOS="2018" WIDTH="83" />
<SP HEIGHT="46" HPOS="1228" VPOS="2019" WIDTH="36" />
<String CONTENT="A-Foreign" HEIGHT="48" HPOS="1265" LANG="en-US" VPOS="2017" WIDTH="316" />
<SP HEIGHT="38" HPOS="1582" VPOS="2019" WIDTH="29" />
<String CONTENT="21613;" HEIGHT="48" HPOS="1612" LANG="en-US" VPOS="2017" WIDTH="173" />
<SP HEIGHT="47" HPOS="1786" VPOS="2018" WIDTH="36" />
<String CONTENT="Universitas," HEIGHT="49" HPOS="1823" LANG="de" VPOS="2017" WIDTH="324" />
<SP HEIGHT="47" HPOS="2148" VPOS="2019" WIDTH="36" />
<String CONTENT="deutsche" HEIGHT="41" HPOS="2185" LANG="de" VPOS="2017" WIDTH="230" />
</TextLine>
<TextLine HEIGHT="49" HPOS="468" VPOS="2076" WIDTH="1071">
<String CONTENT="verlags-aktiengesellschaft." HEIGHT="49" HPOS="468" VPOS="2076" WIDTH="717" />
<SP HEIGHT="49" HPOS="1186" VPOS="2076" WIDTH="70" />
<String CONTENT="(33-24500)" HEIGHT="49" HPOS="1257" VPOS="2076" WIDTH="282" />
</TextLine>
<TextLine HEIGHT="68" HPOS="393" STYLEREFS="StyleId-A7D5FBD7-FE01-4753-A687-EDEF329614B3-" VPOS="2177" WIDTH="953">
<String CONTENT="Thorpe," HEIGHT="68" HPOS="393" VPOS="2177" WIDTH="252" />
<SP HEIGHT="64" HPOS="646" VPOS="2181" WIDTH="28" />
<String CONTENT="George" HEIGHT="64" HPOS="675" VPOS="2181" WIDTH="229" />
<SP HEIGHT="54" HPOS="905" VPOS="2180" WIDTH="27" />
<String CONTENT="Cyrus," HEIGHT="65" HPOS="933" VPOS="2180" WIDTH="210" />
<SP HEIGHT="61" HPOS="1144" VPOS="2184" WIDTH="28" />
<String CONTENT="1875-" HEIGHT="53" HPOS="1173" VPOS="2180" WIDTH="173" />
</TextLine>
<TextLine HEIGHT="68" HPOS="470" STYLEREFS="StyleId-8E31076A-7A88-45E7-AA02-9E647977EE88-" VPOS="2256" WIDTH="1945">
<String CONTENT="The" HEIGHT="54" HPOS="470" VPOS="2258" WIDTH="121" />
<SP HEIGHT="54" HPOS="592" VPOS="2258" WIDTH="38" />
<String CONTENT="federal" HEIGHT="54" HPOS="631" VPOS="2258" WIDTH="220" />
<SP HEIGHT="55" HPOS="852" VPOS="2256" WIDTH="38" />
<String CONTENT="Securities" HEIGHT="56" HPOS="891" VPOS="2256" WIDTH="308" />
<SP HEIGHT="36" HPOS="1200" VPOS="2276" WIDTH="38" />
<String CONTENT="act" HEIGHT="45" HPOS="1239" VPOS="2266" WIDTH="89" />
<SP HEIGHT="45" HPOS="1329" VPOS="2266" WIDTH="35" />
<String CONTENT="manual;" HEIGHT="67" HPOS="1365" VPOS="2257" WIDTH="261" />
<SP HEIGHT="48" HPOS="1627" VPOS="2276" WIDTH="40" />
<String CONTENT="a" HEIGHT="33" HPOS="1668" VPOS="2278" WIDTH="30" />
<SP HEIGHT="48" HPOS="1699" VPOS="2263" WIDTH="36" />
<String CONTENT="treatise" HEIGHT="56" HPOS="1736" VPOS="2256" WIDTH="230" />
<SP HEIGHT="53" HPOS="1967" VPOS="2257" WIDTH="34" />
<String CONTENT="based" HEIGHT="53" HPOS="2002" VPOS="2257" WIDTH="172" />
<SP HEIGHT="54" HPOS="2175" VPOS="2257" WIDTH="36" />
<String CONTENT="on" HEIGHT="35" HPOS="2212" VPOS="2276" WIDTH="72" />
<SP HEIGHT="47" HPOS="2285" VPOS="2264" WIDTH="33" />
<String CONTENT="the" HEIGHT="53" HPOS="2319" VPOS="2259" WIDTH="96" />
</TextLine>
<TextLine HEIGHT="70" HPOS="401" STYLEREFS="StyleId-8E31076A-7A88-45E7-AA02-9E647977EE88-" VPOS="2337" WIDTH="2007">
<String CONTENT="federal" HEIGHT="54" HPOS="401" VPOS="2338" WIDTH="222" />
<SP HEIGHT="55" HPOS="624" VPOS="2339" WIDTH="32" />
<String CONTENT="Securities" HEIGHT="56" HPOS="657" VPOS="2338" WIDTH="308" />
<SP HEIGHT="34" HPOS="966" VPOS="2357" WIDTH="34" />
<String CONTENT="act" HEIGHT="46" HPOS="1001" VPOS="2344" WIDTH="90" />
<SP HEIGHT="47" HPOS="1092" VPOS="2344" WIDTH="30" />
<String CONTENT="of" HEIGHT="54" HPOS="1123" VPOS="2337" WIDTH="65" />
<SP HEIGHT="54" HPOS="1189" VPOS="2337" WIDTH="34" />
<String CONTENT="1933" HEIGHT="49" HPOS="1224" VPOS="2342" WIDTH="133" />
<SP HEIGHT="48" HPOS="1358" VPOS="2342" WIDTH="33" />
<String CONTENT="and" HEIGHT="53" HPOS="1392" VPOS="2338" WIDTH="113" />
<SP HEIGHT="53" HPOS="1506" VPOS="2338" WIDTH="31" />
<String CONTENT="the" HEIGHT="52" HPOS="1538" VPOS="2339" WIDTH="95" />
<SP HEIGHT="55" HPOS="1634" VPOS="2339" WIDTH="34" />
<String CONTENT="Corporation" HEIGHT="68" HPOS="1669" VPOS="2338" WIDTH="384" />
<SP HEIGHT="35" HPOS="2054" VPOS="2356" WIDTH="32" />
<String CONTENT="of" HEIGHT="53" HPOS="2087" VPOS="2338" WIDTH="63" />
<SP HEIGHT="54" HPOS="2151" VPOS="2338" WIDTH="33" />
<String CONTENT="foreign" HEIGHT="67" HPOS="2185" VPOS="2340" WIDTH="223" />
</TextLine>
<TextLine HEIGHT="70" HPOS="399" STYLEREFS="StyleId-8E31076A-7A88-45E7-AA02-9E647977EE88-" VPOS="2416" WIDTH="2012">
<String CONTENT="bondholders" HEIGHT="54" HPOS="399" VPOS="2417" WIDTH="386" />
<SP HEIGHT="35" HPOS="786" VPOS="2436" WIDTH="39" />
<String CONTENT="act," HEIGHT="60" HPOS="826" VPOS="2423" WIDTH="106" />
<SP HEIGHT="60" HPOS="933" VPOS="2423" WIDTH="40" />
<String CONTENT="1933," HEIGHT="63" HPOS="974" VPOS="2421" WIDTH="152" />
<SP HEIGHT="46" HPOS="1127" VPOS="2438" WIDTH="38" />
<String CONTENT="with" HEIGHT="52" HPOS="1166" VPOS="2418" WIDTH="141" />
<SP HEIGHT="52" HPOS="1308" VPOS="2417" WIDTH="40" />
<String CONTENT="forms," HEIGHT="68" HPOS="1349" VPOS="2417" WIDTH="198" />
<SP HEIGHT="50" HPOS="1548" VPOS="2435" WIDTH="39" />
<String CONTENT="rules" HEIGHT="53" HPOS="1588" VPOS="2418" WIDTH="150" />
<SP HEIGHT="35" HPOS="1739" VPOS="2436" WIDTH="39" />
<String CONTENT="and" HEIGHT="52" HPOS="1779" VPOS="2419" WIDTH="113" />
<SP HEIGHT="52" HPOS="1893" VPOS="2419" WIDTH="37" />
<String CONTENT="regulations," HEIGHT="70" HPOS="1931" VPOS="2416" WIDTH="369" />
<SP HEIGHT="67" HPOS="2301" VPOS="2418" WIDTH="36" />
<String CONTENT="by" HEIGHT="68" HPOS="2338" VPOS="2418" WIDTH="73" />
</TextLine>
<TextLine CS="1" HEIGHT="70" HPOS="401" STYLEREFS="StyleId-8E31076A-7A88-45E7-AA02-9E647977EE88-" VPOS="2495" WIDTH="2012">
<String CONTENT="George" HEIGHT="68" HPOS="401" VPOS="2497" WIDTH="223" />
<SP HEIGHT="55" HPOS="625" VPOS="2497" WIDTH="27" />
<String CONTENT="C." HEIGHT="55" HPOS="653" VPOS="2497" WIDTH="61" />
<SP HEIGHT="54" HPOS="715" VPOS="2497" WIDTH="29" />
<String CONTENT="Thorpe" HEIGHT="67" HPOS="745" VPOS="2497" WIDTH="231" />
<SP HEIGHT="33" HPOS="977" VPOS="2518" WIDTH="31" />
<String CONTENT="&#8230;" CS="1" />
<SP HEIGHT="36" HPOS="1065" VPOS="2515" WIDTH="34" />
<String CONTENT="and" HEIGHT="52" HPOS="1100" VPOS="2497" WIDTH="114" />
<SP HEIGHT="55" HPOS="1215" VPOS="2496" WIDTH="27" />
<String CONTENT="Challen" HEIGHT="55" HPOS="1243" VPOS="2496" WIDTH="241" />
<SP HEIGHT="52" HPOS="1485" VPOS="2498" WIDTH="27" />
<String CONTENT="B." HEIGHT="52" HPOS="1513" VPOS="2498" WIDTH="66" />
<SP HEIGHT="51" HPOS="1580" VPOS="2498" WIDTH="29" />
<String CONTENT="Ellis" HEIGHT="54" HPOS="1610" VPOS="2496" WIDTH="149" />
<SP HEIGHT="34" HPOS="1760" VPOS="2516" WIDTH="30" />
<String CONTENT="&#8230;" CS="1" />
<SP HEIGHT="55" HPOS="1847" VPOS="2497" WIDTH="68" />
<String CONTENT="Cincinnati," HEIGHT="70" HPOS="1916" VPOS="2495" WIDTH="349" />
<SP HEIGHT="66" HPOS="2266" VPOS="2499" WIDTH="27" />
<String CONTENT="The" HEIGHT="52" HPOS="2294" VPOS="2498" WIDTH="119" />
</TextLine>
<TextLine HEIGHT="68" HPOS="399" STYLEREFS="StyleId-8E31076A-7A88-45E7-AA02-9E647977EE88-" VPOS="2576" WIDTH="1068">
<String CONTENT="W." HEIGHT="54" HPOS="399" VPOS="2576" WIDTH="89" />
<SP HEIGHT="52" HPOS="489" VPOS="2577" WIDTH="27" />
<String CONTENT="H." HEIGHT="53" HPOS="517" VPOS="2577" WIDTH="76" />
<SP HEIGHT="54" HPOS="594" VPOS="2576" WIDTH="28" />
<String CONTENT="Anderson" HEIGHT="53" HPOS="623" VPOS="2576" WIDTH="304" />
<SP HEIGHT="36" HPOS="928" VPOS="2594" WIDTH="27" />
<String CONTENT="company" HEIGHT="50" HPOS="956" VPOS="2594" WIDTH="282" />
<SP HEIGHT="49" HPOS="1239" VPOS="2595" WIDTH="35" />
<String CONTENT="[" HEIGHT="34" HPOS="1275" VPOS="2610" WIDTH="11" />
<String CONTENT="c" HEIGHT="21" HPOS="1292" STYLE="superscript" VPOS="2582" WIDTH="17" />
<String CONTENT="1933]" HEIGHT="65" HPOS="1315" VPOS="2579" WIDTH="152" />
</TextLine>
<TextLine CS="1" HEIGHT="49" HPOS="469" STYLEREFS="StyleId-8E31076A-7A88-45E7-AA02-9E647977EE88-" VPOS="2650" WIDTH="492">
<String CONTENT="xvi," HEIGHT="47" HPOS="469" VPOS="2650" WIDTH="96" />
<SP HEIGHT="45" HPOS="566" VPOS="2652" WIDTH="28" />
<String CONTENT="422" HEIGHT="39" HPOS="595" VPOS="2651" WIDTH="88" />
<SP HEIGHT="48" HPOS="684" VPOS="2651" WIDTH="28" />
<String CONTENT="p." HEIGHT="37" HPOS="713" VPOS="2662" WIDTH="41" />
<SP HEIGHT="40" HPOS="755" VPOS="2650" WIDTH="59" />
<String CONTENT="23&#189;" CS="1" HEIGHT="41" HPOS="815" VPOS="2650" WIDTH="55" />
<String CONTENT="cm" HEIGHT="21" HPOS="905" STYLE="superscript" VPOS="2653" WIDTH="43" />
<String CONTENT="." HEIGHT="7" HPOS="954" VPOS="2684" WIDTH="7" />
</TextLine>
<TextLine HEIGHT="50" HPOS="472" VPOS="2706" WIDTH="1326">
<String CONTENT="Double" HEIGHT="40" HPOS="472" VPOS="2708" WIDTH="187" />
<SP HEIGHT="38" HPOS="660" VPOS="2709" WIDTH="27" />
<String CONTENT="diagram" HEIGHT="49" HPOS="688" VPOS="2707" WIDTH="221" />
<SP HEIGHT="28" HPOS="910" VPOS="2719" WIDTH="30" />
<String CONTENT="mounted" HEIGHT="40" HPOS="941" VPOS="2708" WIDTH="230" />
<SP HEIGHT="40" HPOS="1172" VPOS="2708" WIDTH="29" />
<String CONTENT="on" HEIGHT="29" HPOS="1202" VPOS="2719" WIDTH="60" />
<SP HEIGHT="41" HPOS="1263" VPOS="2707" WIDTH="27" />
<String CONTENT="front" HEIGHT="41" HPOS="1291" VPOS="2707" WIDTH="138" />
<SP HEIGHT="38" HPOS="1430" VPOS="2710" WIDTH="26" />
<String CONTENT="lining-paper." HEIGHT="50" HPOS="1457" VPOS="2706" WIDTH="341" />
</TextLine>
<TextLine CS="1" HEIGHT="54" HPOS="405" VPOS="2776" WIDTH="1847">
<String CONTENT="&#169;" HEIGHT="52" HPOS="405" VPOS="2776" WIDTH="51" />
<SP HEIGHT="52" HPOS="457" VPOS="2776" WIDTH="29" />
<String CONTENT="Sept." HEIGHT="48" HPOS="487" VPOS="2781" WIDTH="127" />
<SP HEIGHT="39" HPOS="615" VPOS="2781" WIDTH="25" />
<String CONTENT="5," HEIGHT="46" HPOS="641" VPOS="2781" WIDTH="39" />
<SP HEIGHT="45" HPOS="681" VPOS="2782" WIDTH="27" />
<String CONTENT="1933;" CS="1" HEIGHT="40" HPOS="709" VPOS="2781" WIDTH="113" />
<SP HEIGHT="45" HPOS="850" VPOS="2781" WIDTH="27" />
<String CONTENT="2c." HEIGHT="40" HPOS="878" VPOS="2781" WIDTH="67" />
<SP HEIGHT="32" HPOS="946" VPOS="2789" WIDTH="27" />
<String CONTENT="and" HEIGHT="38" HPOS="974" VPOS="2781" WIDTH="95" />
<SP HEIGHT="38" HPOS="1070" VPOS="2781" WIDTH="26" />
<String CONTENT="aff." HEIGHT="41" HPOS="1097" VPOS="2779" WIDTH="81" />
<SP HEIGHT="39" HPOS="1179" VPOS="2781" WIDTH="30" />
<String CONTENT="Sept." HEIGHT="49" HPOS="1210" VPOS="2781" WIDTH="127" />
<SP HEIGHT="39" HPOS="1338" VPOS="2781" WIDTH="26" />
<String CONTENT="7;" HEIGHT="45" HPOS="1365" VPOS="2781" WIDTH="53" />
<SP HEIGHT="45" HPOS="1419" VPOS="2781" WIDTH="27" />
<String CONTENT="A" HEIGHT="37" HPOS="1447" VPOS="2781" WIDTH="40" />
<SP HEIGHT="39" HPOS="1488" VPOS="2780" WIDTH="26" />
<String CONTENT="65154;" HEIGHT="46" HPOS="1515" VPOS="2780" WIDTH="171" />
<SP HEIGHT="46" HPOS="1687" VPOS="2780" WIDTH="27" />
<String CONTENT="W." HEIGHT="40" HPOS="1715" VPOS="2780" WIDTH="72" />
<SP HEIGHT="39" HPOS="1788" VPOS="2780" WIDTH="26" />
<String CONTENT="H." HEIGHT="38" HPOS="1815" VPOS="2780" WIDTH="59" />
<SP HEIGHT="37" HPOS="1875" VPOS="2781" WIDTH="28" />
<String CONTENT="Anderson" HEIGHT="39" HPOS="1904" VPOS="2781" WIDTH="253" />
<SP HEIGHT="31" HPOS="2158" VPOS="2790" WIDTH="25" />
<String CONTENT="co." HEIGHT="31" HPOS="2184" VPOS="2790" WIDTH="68" />
</TextLine>
<TextLine HEIGHT="48" HPOS="482" VPOS="2838" WIDTH="282">
<String CONTENT="(33-23822)" HEIGHT="48" HPOS="482" VPOS="2838" WIDTH="282" />
</TextLine>
<TextLine HEIGHT="67" HPOS="396" STYLEREFS="StyleId-A7D5FBD7-FE01-4753-A687-EDEF329614B3-" VPOS="2940" WIDTH="815">
<String CONTENT="Tralow," HEIGHT="66" HPOS="396" VPOS="2941" WIDTH="248" />
<SP HEIGHT="64" HPOS="645" VPOS="2943" WIDTH="32" />
<String CONTENT="Johannes," HEIGHT="67" HPOS="678" VPOS="2940" WIDTH="322" />
<SP HEIGHT="62" HPOS="1001" VPOS="2945" WIDTH="36" />
<String CONTENT="1888-" HEIGHT="50" HPOS="1038" VPOS="2945" WIDTH="173" />
</TextLine>
<TextLine CS="1" HEIGHT="148" HPOS="405" STYLEREFS="StyleId-8E31076A-7A88-45E7-AA02-9E647977EE88-" VPOS="3020" WIDTH="1985">
<String CONTENT="&#8230;" CS="1" LANG="en-US" />
<SP HEIGHT="56" HPOS="536" VPOS="3020" WIDTH="35" />
<String CONTENT="Gewalt" HEIGHT="56" HPOS="572" LANG="de" VPOS="3020" WIDTH="226" />
<SP HEIGHT="46" HPOS="799" VPOS="3027" WIDTH="26" />
<String CONTENT="aus" HEIGHT="34" HPOS="826" LANG="de" VPOS="3040" WIDTH="99" />
<SP HEIGHT="52" HPOS="926" VPOS="3022" WIDTH="29" />
<String CONTENT="der" HEIGHT="52" HPOS="956" LANG="de" VPOS="3022" WIDTH="100" />
<SP HEIGHT="33" HPOS="1057" VPOS="3041" WIDTH="26" />
<String CONTENT="erde;" HEIGHT="65" HPOS="1084" LANG="de" VPOS="3023" WIDTH="158" />
<SP HEIGHT="49" HPOS="1243" VPOS="3039" WIDTH="32" />
<String CONTENT="ein" HEIGHT="53" HPOS="1276" LANG="de" VPOS="3020" WIDTH="92" />
<SP HEIGHT="55" HPOS="1369" VPOS="3021" WIDTH="27" />
<String CONTENT="Cromwell-roman." HEIGHT="55" HPOS="1397" LANG="en-US" VPOS="3021" WIDTH="548" />
<SP HEIGHT="51" HPOS="1946" VPOS="3022" WIDTH="76" />
<String CONTENT="Berlin," HEIGHT="62" HPOS="2023" LANG="de" VPOS="3020" WIDTH="218" />
<SP HEIGHT="61" HPOS="2242" VPOS="3021" WIDTH="29" />
<String CONTENT="Universitas" HEIGHT="135" HPOS="405" LANG="de" VPOS="3020" WIDTH="1985" />
<SP HEIGHT="46" HPOS="646" VPOS="3121" WIDTH="33" />
<String CONTENT="[" HEIGHT="34" HPOS="680" LANG="de" VPOS="3133" WIDTH="12" />
<String CONTENT="c" HEIGHT="21" HPOS="697" LANG="de" STYLE="superscript" VPOS="3106" WIDTH="19" />
<String CONTENT="1933]" HEIGHT="65" HPOS="721" LANG="de" VPOS="3103" WIDTH="153" />
</TextLine>
<TextLine CS="1" HEIGHT="49" HPOS="478" LANG="de" VPOS="3173" WIDTH="724">
<String CONTENT="2" HEIGHT="38" HPOS="478" VPOS="3173" WIDTH="25" />
<SP HEIGHT="48" HPOS="504" VPOS="3173" WIDTH="25" />
<String CONTENT="p." HEIGHT="38" HPOS="530" VPOS="3183" WIDTH="42" />
<SP HEIGHT="37" HPOS="573" VPOS="3175" WIDTH="25" />
<String CONTENT="l.," CS="1" HEIGHT="15" HPOS="621" VPOS="3205" WIDTH="22" />
<SP HEIGHT="29" HPOS="644" VPOS="3193" WIDTH="30" />
<String CONTENT="[7]-282," HEIGHT="49" HPOS="675" VPOS="3173" WIDTH="189" />
<SP HEIGHT="29" HPOS="865" VPOS="3193" WIDTH="30" />
<String CONTENT="[1]" HEIGHT="48" HPOS="896" VPOS="3174" WIDTH="55" />
<SP HEIGHT="38" HPOS="952" VPOS="3184" WIDTH="28" />
<String CONTENT="p." HEIGHT="38" HPOS="981" VPOS="3184" WIDTH="43" />
<SP HEIGHT="41" HPOS="1025" VPOS="3174" WIDTH="59" />
<String CONTENT="19" HEIGHT="40" HPOS="1085" VPOS="3174" WIDTH="56" />
<String CONTENT="cm" CS="1" HEIGHT="22" HPOS="1144" STYLE="superscript" VPOS="3175" WIDTH="15" />
<String CONTENT="." HEIGHT="8" HPOS="1193" VPOS="3207" WIDTH="9" />
</TextLine>
<TextLine CS="1" HEIGHT="55" HPOS="407" LANG="de" VPOS="3225" WIDTH="2013">
<String CONTENT="&#169;" HEIGHT="53" HPOS="407" VPOS="3225" WIDTH="52" />
<SP HEIGHT="53" HPOS="460" VPOS="3225" WIDTH="34" />
<String CONTENT="May" HEIGHT="46" HPOS="495" VPOS="3232" WIDTH="115" />
<SP HEIGHT="47" HPOS="611" VPOS="3231" WIDTH="31" />
<String CONTENT="2," HEIGHT="47" HPOS="643" VPOS="3231" WIDTH="40" />
<SP HEIGHT="46" HPOS="684" VPOS="3232" WIDTH="34" />
<String CONTENT="1933;" HEIGHT="46" HPOS="719" VPOS="3231" WIDTH="141" />
<SP />
<String CONTENT="1c." CS="1" />
<SP />
<String CONTENT="July" HEIGHT="48" HPOS="1001" LANG="en-US" VPOS="3232" WIDTH="118" />
<SP HEIGHT="48" HPOS="1120" VPOS="3232" WIDTH="30" />
<String CONTENT="24;" HEIGHT="46" HPOS="1151" VPOS="3232" WIDTH="83" />
<SP HEIGHT="46" HPOS="1235" VPOS="3232" WIDTH="34" />
<String CONTENT="A" HEIGHT="38" HPOS="1270" LANG="en-US" VPOS="3232" WIDTH="40" />
<String CONTENT="-Foreign" HEIGHT="48" HPOS="1311" VPOS="3231" WIDTH="271" />
<SP HEIGHT="38" HPOS="1583" VPOS="3233" WIDTH="34" />
<String CONTENT="21616;" HEIGHT="47" HPOS="1618" VPOS="3231" WIDTH="171" />
<SP HEIGHT="47" HPOS="1790" VPOS="3231" WIDTH="39" />
<String CONTENT="Universitas," HEIGHT="49" HPOS="1830" VPOS="3230" WIDTH="321" />
<SP HEIGHT="47" HPOS="2152" VPOS="3232" WIDTH="34" />
<String CONTENT="deutsche" HEIGHT="42" HPOS="2187" VPOS="3231" WIDTH="233" />
</TextLine>
<TextLine HEIGHT="49" HPOS="474" LANG="de" VPOS="3288" WIDTH="1070">
<String CONTENT="verlags-aktiengesellschaft." HEIGHT="46" HPOS="474" VPOS="3289" WIDTH="716" />
<SP HEIGHT="49" HPOS="1191" VPOS="3288" WIDTH="70" />
<String CONTENT="(33-24497)" HEIGHT="49" HPOS="1262" VPOS="3288" WIDTH="282" />
</TextLine>
<TextLine HEIGHT="66" HPOS="402" LANG="de" STYLEREFS="StyleId-A7D5FBD7-FE01-4753-A687-EDEF329614B3-" VPOS="3391" WIDTH="806">
<String CONTENT="Van" HEIGHT="53" HPOS="402" VPOS="3391" WIDTH="129" />
<SP HEIGHT="52" HPOS="532" VPOS="3392" WIDTH="27" />
<String CONTENT="Arsdale," HEIGHT="65" HPOS="560" VPOS="3392" WIDTH="272" />
<SP HEIGHT="64" HPOS="833" VPOS="3393" WIDTH="27" />
<String CONTENT="May" HEIGHT="63" HPOS="861" VPOS="3393" WIDTH="141" />
<SP HEIGHT="63" HPOS="1003" VPOS="3393" WIDTH="26" />
<String CONTENT="Belle." HEIGHT="56" HPOS="1030" VPOS="3392" WIDTH="178" />
</TextLine>
<TextLine HEIGHT="69" HPOS="473" STYLEREFS="StyleId-8E31076A-7A88-45E7-AA02-9E647977EE88-" VPOS="3469" WIDTH="1946">
<String CONTENT="The" HEIGHT="52" HPOS="473" VPOS="3469" WIDTH="123" />
<SP HEIGHT="34" HPOS="597" VPOS="3487" WIDTH="28" />
<String CONTENT="value" HEIGHT="52" HPOS="626" VPOS="3469" WIDTH="166" />
<SP HEIGHT="36" HPOS="793" VPOS="3486" WIDTH="29" />
<String CONTENT="of" HEIGHT="53" HPOS="823" VPOS="3469" WIDTH="64" />
<SP HEIGHT="53" HPOS="888" VPOS="3469" WIDTH="29" />
<String CONTENT="types" HEIGHT="63" HPOS="918" VPOS="3475" WIDTH="165" />
<SP HEIGHT="33" HPOS="1084" VPOS="3490" WIDTH="30" />
<String CONTENT="of" HEIGHT="53" HPOS="1115" VPOS="3470" WIDTH="64" />
<SP HEIGHT="53" HPOS="1180" VPOS="3470" WIDTH="29" />
<String CONTENT="dextrose" HEIGHT="53" HPOS="1210" VPOS="3471" WIDTH="263" />
<SP HEIGHT="53" HPOS="1474" VPOS="3471" WIDTH="30" />
<String CONTENT="in" HEIGHT="52" HPOS="1505" VPOS="3471" WIDTH="59" />
<SP HEIGHT="47" HPOS="1565" VPOS="3477" WIDTH="28" />
<String CONTENT="the" HEIGHT="54" HPOS="1594" VPOS="3470" WIDTH="98" />
<SP HEIGHT="49" HPOS="1693" VPOS="3489" WIDTH="29" />
<String CONTENT="preservation" HEIGHT="69" HPOS="1723" VPOS="3469" WIDTH="391" />
<SP HEIGHT="35" HPOS="2115" VPOS="3489" WIDTH="30" />
<String CONTENT="of" HEIGHT="54" HPOS="2146" VPOS="3470" WIDTH="65" />
<SP HEIGHT="52" HPOS="2212" VPOS="3470" WIDTH="30" />
<String CONTENT="fruits" HEIGHT="53" HPOS="2243" VPOS="3470" WIDTH="176" />
</TextLine>
<TextLine HEIGHT="69" HPOS="403" STYLEREFS="StyleId-8E31076A-7A88-45E7-AA02-9E647977EE88-" VPOS="3548" WIDTH="2014">
<String CONTENT="and" HEIGHT="52" HPOS="403" VPOS="3548" WIDTH="112" />
<SP HEIGHT="52" HPOS="516" VPOS="3548" WIDTH="41" />
<String CONTENT="vegetables," HEIGHT="68" HPOS="558" VPOS="3548" WIDTH="337" />
<SP HEIGHT="42" HPOS="896" VPOS="3568" WIDTH="40" />
<String CONTENT="an" HEIGHT="33" HPOS="937" VPOS="3568" WIDTH="72" />
<SP HEIGHT="35" HPOS="1010" VPOS="3567" WIDTH="40" />
<String CONTENT="experimental" HEIGHT="69" HPOS="1051" VPOS="3548" WIDTH="413" />
<SP HEIGHT="52" HPOS="1465" VPOS="3551" WIDTH="36" />
<String CONTENT="study" HEIGHT="67" HPOS="1502" VPOS="3550" WIDTH="173" />
<SP HEIGHT="68" HPOS="1676" VPOS="3549" WIDTH="39" />
<String CONTENT="from" HEIGHT="53" HPOS="1716" VPOS="3549" WIDTH="153" />
<SP HEIGHT="47" HPOS="1870" VPOS="3555" WIDTH="39" />
<String CONTENT="the" HEIGHT="54" HPOS="1910" VPOS="3549" WIDTH="96" />
<SP HEIGHT="55" HPOS="2007" VPOS="3548" WIDTH="38" />
<String CONTENT="laboratories" HEIGHT="54" HPOS="2046" VPOS="3548" WIDTH="371" />
</TextLine>
<TextLine HEIGHT="72" HPOS="403" STYLEREFS="StyleId-8E31076A-7A88-45E7-AA02-9E647977EE88-" VPOS="3625" WIDTH="2012">
<String CONTENT="of" HEIGHT="53" HPOS="403" VPOS="3625" WIDTH="64" />
<SP HEIGHT="54" HPOS="468" VPOS="3625" WIDTH="46" />
<String CONTENT="experimental" HEIGHT="68" HPOS="515" VPOS="3626" WIDTH="412" />
<SP HEIGHT="51" HPOS="928" VPOS="3629" WIDTH="48" />
<String CONTENT="cookery" HEIGHT="67" HPOS="977" VPOS="3628" WIDTH="242" />
<SP HEIGHT="48" HPOS="1220" VPOS="3647" WIDTH="45" />
<String CONTENT="and" HEIGHT="54" HPOS="1266" VPOS="3628" WIDTH="112" />
<SP HEIGHT="53" HPOS="1379" VPOS="3628" WIDTH="46" />
<String CONTENT="of" HEIGHT="54" HPOS="1426" VPOS="3627" WIDTH="65" />
<SP HEIGHT="69" HPOS="1492" VPOS="3627" WIDTH="45" />
<String CONTENT="physiological" HEIGHT="71" HPOS="1538" VPOS="3626" WIDTH="417" />
<SP HEIGHT="51" HPOS="1956" VPOS="3629" WIDTH="47" />
<String CONTENT="chemistry" HEIGHT="71" HPOS="2004" VPOS="3625" WIDTH="307" />
<SP HEIGHT="68" HPOS="2312" VPOS="3628" WIDTH="47" />
<String CONTENT="in" HEIGHT="52" HPOS="2360" VPOS="3628" WIDTH="55" />
</TextLine>
<TextLine CS="1" HEIGHT="133" HPOS="404" STYLEREFS="StyleId-8E31076A-7A88-45E7-AA02-9E647977EE88-" VPOS="3706" WIDTH="1990">
<String CONTENT="Teachers" HEIGHT="54" HPOS="404" VPOS="3706" WIDTH="280" />
<SP HEIGHT="34" HPOS="685" VPOS="3725" WIDTH="36" />
<String CONTENT="college," HEIGHT="71" HPOS="722" VPOS="3706" WIDTH="229" />
<SP HEIGHT="71" HPOS="952" VPOS="3706" WIDTH="41" />
<String CONTENT="Columbia" HEIGHT="57" HPOS="994" VPOS="3706" WIDTH="302" />
<SP HEIGHT="37" HPOS="1297" VPOS="3725" WIDTH="37" />
<String CONTENT="university," HEIGHT="69" HPOS="1335" VPOS="3707" WIDTH="338" />
<SP HEIGHT="66" HPOS="1674" VPOS="3708" WIDTH="36" />
<String CONTENT="by" HEIGHT="69" HPOS="1711" VPOS="3708" WIDTH="75" />
<SP HEIGHT="70" HPOS="1787" VPOS="3707" WIDTH="36" />
<String CONTENT="May" HEIGHT="70" HPOS="1824" VPOS="3707" WIDTH="140" />
<SP HEIGHT="70" HPOS="1965" VPOS="3707" WIDTH="39" />
<String CONTENT="B." HEIGHT="53" HPOS="2005" VPOS="3707" WIDTH="66" />
<SP HEIGHT="55" HPOS="2072" VPOS="3707" WIDTH="37" />
<String CONTENT="Van" HEIGHT="55" HPOS="2110" VPOS="3707" WIDTH="131" />
<SP HEIGHT="54" HPOS="2242" VPOS="3707" WIDTH="37" />
<String CONTENT="Arsdale" HEIGHT="132" HPOS="404" VPOS="3707" WIDTH="1990" />
<SP HEIGHT="35" HPOS="531" VPOS="3804" WIDTH="31" />
<String CONTENT="&#8230;" CS="1" />
</TextLine>
<TextLine CS="1" HEIGHT="147" HPOS="404" STYLEREFS="StyleId-8E31076A-7A88-45E7-AA02-9E647977EE88-" VPOS="3786" WIDTH="1987">
<String CONTENT="and" HEIGHT="52" HPOS="651" VPOS="3787" WIDTH="112" />
<SP HEIGHT="54" HPOS="764" VPOS="3786" WIDTH="26" />
<String CONTENT="Walter" HEIGHT="54" HPOS="791" VPOS="3786" WIDTH="222" />
<SP HEIGHT="52" HPOS="1014" VPOS="3787" WIDTH="24" />
<String CONTENT="H." HEIGHT="54" HPOS="1039" VPOS="3787" WIDTH="76" />
<SP HEIGHT="54" HPOS="1116" VPOS="3787" WIDTH="28" />
<String CONTENT="Eddy" HEIGHT="69" HPOS="1145" VPOS="3787" WIDTH="173" />
<SP HEIGHT="50" HPOS="1319" VPOS="3806" WIDTH="30" />
<String CONTENT="&#8230;" CS="1" />
<SP HEIGHT="52" HPOS="1407" VPOS="3787" WIDTH="78" />
<String CONTENT="New" HEIGHT="53" HPOS="1486" VPOS="3787" WIDTH="139" />
<SP HEIGHT="53" HPOS="1626" VPOS="3787" WIDTH="25" />
<String CONTENT="York" HEIGHT="53" HPOS="1652" VPOS="3787" WIDTH="163" />
<SP HEIGHT="54" HPOS="1816" VPOS="3787" WIDTH="25" />
<String CONTENT="city," HEIGHT="67" HPOS="1842" VPOS="3788" WIDTH="135" />
<SP HEIGHT="67" HPOS="1978" VPOS="3788" WIDTH="24" />
<String CONTENT="Teachers" HEIGHT="55" HPOS="2003" VPOS="3786" WIDTH="278" />
<SP HEIGHT="35" HPOS="2282" VPOS="3806" WIDTH="26" />
<String CONTENT="college," HEIGHT="147" HPOS="404" VPOS="3786" WIDTH="1987" />
<SP HEIGHT="60" HPOS="544" VPOS="3863" WIDTH="31" />
<String CONTENT="Columbia" HEIGHT="56" HPOS="576" VPOS="3863" WIDTH="302" />
<SP HEIGHT="34" HPOS="879" VPOS="3883" WIDTH="28" />
<String CONTENT="universitv," HEIGHT="67" HPOS="908" VPOS="3865" WIDTH="337" />
<SP HEIGHT="63" HPOS="1246" VPOS="3869" WIDTH="32" />
<String CONTENT="1933." HEIGHT="51" HPOS="1279" VPOS="3867" WIDTH="149" />
</TextLine>
<TextLine CS="1" HEIGHT="49" HPOS="502" STYLEREFS="StyleId-8E31076A-7A88-45E7-AA02-9E647977EE88-" VPOS="3938" WIDTH="483">
<String CONTENT="1" CS="1" />
<SP HEIGHT="48" HPOS="502" VPOS="3939" WIDTH="28" />
<String CONTENT="p." HEIGHT="38" HPOS="531" VPOS="3949" WIDTH="43" />
<SP HEIGHT="38" HPOS="575" VPOS="3941" WIDTH="28" />
<String CONTENT="l.," HEIGHT="46" HPOS="604" VPOS="3941" WIDTH="45" />
<SP HEIGHT="49" HPOS="650" VPOS="3938" WIDTH="26" />
<String CONTENT="24" HEIGHT="40" HPOS="677" VPOS="3938" WIDTH="58" />
<SP HEIGHT="47" HPOS="736" VPOS="3940" WIDTH="28" />
<String CONTENT="p." HEIGHT="37" HPOS="765" VPOS="3950" WIDTH="42" />
<SP HEIGHT="41" HPOS="808" VPOS="3938" WIDTH="58" />
<String CONTENT="23" HEIGHT="41" HPOS="867" VPOS="3938" WIDTH="56" />
<String CONTENT="cm" HEIGHT="21" HPOS="927" STYLE="superscript" VPOS="3941" WIDTH="44" />
<String CONTENT="." HEIGHT="8" HPOS="977" VPOS="3971" WIDTH="8" />
</TextLine>
<TextLine CS="1" HEIGHT="53" HPOS="410" VPOS="3992" WIDTH="1792">
<String CONTENT="&#169;" HEIGHT="52" HPOS="410" VPOS="3992" WIDTH="51" />
<SP HEIGHT="52" HPOS="462" VPOS="3992" WIDTH="28" />
<String CONTENT="July" HEIGHT="47" HPOS="491" VPOS="3997" WIDTH="118" />
<SP HEIGHT="46" HPOS="610" VPOS="3998" WIDTH="24" />
<String CONTENT="1," HEIGHT="44" HPOS="635" VPOS="3998" WIDTH="39" />
<SP HEIGHT="44" HPOS="675" VPOS="3998" WIDTH="28" />
<String CONTENT="1933;" HEIGHT="48" HPOS="704" VPOS="3996" WIDTH="141" />
<SP HEIGHT="47" HPOS="846" VPOS="3997" WIDTH="27" />
<String CONTENT="2c." HEIGHT="40" HPOS="874" VPOS="3997" WIDTH="68" />
<SP HEIGHT="29" HPOS="943" VPOS="4008" WIDTH="27" />
<String CONTENT="and" HEIGHT="39" HPOS="971" VPOS="3998" WIDTH="94" />
<SP HEIGHT="39" HPOS="1066" VPOS="3998" WIDTH="29" />
<String CONTENT="aff." HEIGHT="40" HPOS="1096" VPOS="3997" WIDTH="82" />
<SP HEIGHT="40" HPOS="1179" VPOS="3997" WIDTH="27" />
<String CONTENT="July" HEIGHT="48" HPOS="1207" VPOS="3997" WIDTH="116" />
<SP HEIGHT="48" HPOS="1324" VPOS="3997" WIDTH="28" />
<String CONTENT="27:" HEIGHT="41" HPOS="1353" VPOS="3997" WIDTH="81" />
<SP HEIGHT="40" HPOS="1435" VPOS="3998" WIDTH="31" />
<String CONTENT="A" HEIGHT="38" HPOS="1467" VPOS="3998" WIDTH="40" />
<SP HEIGHT="39" HPOS="1508" VPOS="3998" WIDTH="26" />
<String CONTENT="63886;" CS="1" HEIGHT="44" HPOS="1535" VPOS="3997" WIDTH="171" />
<SP HEIGHT="43" HPOS="1707" VPOS="3998" WIDTH="30" />
<String CONTENT="Teachers" HEIGHT="41" HPOS="1738" VPOS="3997" WIDTH="241" />
<SP HEIGHT="30" HPOS="1980" VPOS="4008" WIDTH="29" />
<String CONTENT="college," HEIGHT="47" HPOS="2010" VPOS="3998" WIDTH="192" />
</TextLine>
<TextLine CS="1" HEIGHT="105" HPOS="478" VPOS="3996" WIDTH="1924">
<String CONTENT="Columbia" HEIGHT="98" HPOS="478" VPOS="3996" WIDTH="1924" />
<SP HEIGHT="30" HPOS="555" VPOS="4064" WIDTH="32" />
<String CONTENT="univ.," HEIGHT="47" HPOS="588" VPOS="4054" WIDTH="144" />
<SP HEIGHT="47" HPOS="733" VPOS="4054" WIDTH="29" />
<String CONTENT="New" HEIGHT="39" HPOS="763" VPOS="4054" WIDTH="117" />
<SP HEIGHT="38" HPOS="881" VPOS="4055" WIDTH="31" />
<String CONTENT="York." HEIGHT="39" HPOS="913" VPOS="4055" WIDTH="142" />
<SP HEIGHT="43" HPOS="1056" VPOS="4056" WIDTH="72" />
<String CONTENT="(33-23615)" HEIGHT="45" HPOS="1129" VPOS="4055" WIDTH="281" />
</TextLine>
</TextBlock>
</PrintSpace>
</Page>
</Layout>
</alto>