2582 4453
1318 4109 100 49 930

355 492 320 48 evaporation
731 492 67 49 (p.
843 492 608 48 277-279)—Continuous
1497 493 300 41 mechanical
1843 492 309 48 separations
2199 492 49 41 in
2294 495 82 40 the

356 550 236 40 chemical
623 550 314 49 engineering
969 552 241 47 industry,
1243 552 59 47 by
1333 552 44 40 J.
1408 552 53 40 Y.
1493 552 57 41 N.
1581 549 527 42 Dorr.—Purification
2139 552 51 39 of
2222 554 154 37 water

355 608 80 40 for
462 608 225 48 sanitary
715 610 95 38 and
839 608 267 41 industrial
1133 619 125 38 uses,
1287 610 62 47 by
1379 609 44 41 S.
1450 610 53 39 T.
1532 609 454 41 Powell.—Stream
2013 607 241 50 pollution
2278 610 98 40 and

358 669 153 37 waste
545 666 230 49 disposal,
809 667 61 47 by
903 667 56 40 It.
995 667 44 41 S.
1074 666 319 41 Weston.—A
1427 666 269 41 statistical
1731 676 178 38 survey
1940 666 53 41 of
2027 666 82 41 the
2141 664 236 43 chemical

357 724 313 48 engineering
701 724 284 49 industries,
1017 723 277 49 1908-1933,
1328 724 58 48 by
1420 725 52 40 E.
1504 724 56 40 R.
1591 723 241 42 Weidlein
1863 724 97 40 and
1991 722 51 42 L.
2073 724 73 40 W.
2177 723 202 41 Bass.—

358 782 248 42 Chemical
632 780 313 50 engineering
973 781 273 48 education,
1274 782 61 48 by
1363 782 55 41 A.
1444 782 61 40 H.
1532 782 180 41 White.

363 837 51 52 ©
445 841 127 40 June
601 841 40 46 2,
671 840 141 47 1933;
844 841 68 40 2c.
944 840 131 40 June
1101 840 81 41 16:
1217 840 81 40 aff.
1330 841 127 39 June
1487 841 83 46 14;
1602 840 42 39 A
1674 840 171 47 63314;
1877 840 160 40 Amer.
2067 838 229 41 institute
2325 838 54 40 of

431 898 236 41 chemical
702 898 266 48 engineers,
1004 898 358 47 Philadelphia.
1435 897 282 50 (33-16724)

354 989 320 55 American
706 989 372 66 sociological
1111 989 246 65 society.

489 1068 1889 70 … Papers presented at the twenty-sixth annual meeting of
355 1148 96 53 the
485 1147 247 70 Society,
761 1149 134 52 held
928 1154 58 47 at
1015 1148 408 69 Washington,
1454 1151 72 51 D.
1562 1149 80 68 C.,
1674 1150 311 52 December
2017 1152 191 66 28-31,
2241 1151 137 50 1932

419 1226 1959 73 … [Social process] Chicago, Ill., The University of Chicago
355 1327 157 51 press
549 1343 14 34 [
567 1315 18 21 c
590 1312 153 64 1933]

433 1384 100 47 viii,
568 1383 100 49 225,
707 1385 55 48 [1]
798 1395 43 37 p.
906 1395 151 37 maps,
1094 1384 171 47 tables,
1301 1383 181 48 diagrs.
1546 1385 56 38 24
1605 1387 45 21 cm
1655 1417 9 9 .
1737 1383 301 49 (Half-title:
2073 1383 308 42 Publication

362 1442 53 40 of
443 1443 82 39 the
555 1441 259 40 American
843 1441 310 47 sociological
1185 1441 197 48 society,
1442 1442 92 39 vol.
1565 1452 134 37 xxvi,
1733 1443 183 45 March,
1949 1441 140 50 1933)

365 1496 52 52 ©
450 1501 123 39 Mar.
604 1498 70 48 28,
706 1499 142 46 1933;
882 1499 66 39 2c.
983 1500 116 47 May
1130 1500 53 46 2;
1219 1499 82 41 aff.
1332 1499 114 48 Apr.
1480 1499 83 47 29;
1598 1500 41 39 A
1672 1499 172 48 61574;
1880 1500 159 40 Amer.
2073 1499 308 48 sociological

434 1568 94 30 soc.

357 1647 216 66 Arnos,
602 1647 258 56 William
890 1649 84 64 T.,
1003 1648 85 54 ed.

360 1726 1994 149 A shuffle for a new deal, edited by Wm. T. Arnos … [Cleveland]
551 1808 89 54 W.
672 1809 65 51 T.
767 1806 193 54 Arnos
993 1808 114 52 and
1136 1825 147 49 sons,
1316 1811 150 51 1932.

433 1881 25 40 3
491 1892 43 37 p.
601 1913 8 16 l.,
641 1880 144 41 9-101
819 1891 42 38 p.
923 1880 128 41 illus.
1117 1880 55 40 19
1175 1883 44 21 cm
1225 1913 8 7 .
1351 1878 132 51 $1.00

434 1937 360 42 “Distribution
826 1950 75 29 no.
936 1938 128 41 119.”

366 1993 52 52 ©
452 1997 113 49 Apr.
601 1998 41 45 3,
678 1997 113 41 1933
811 2008 7 36 ;
856 1998 67 39 2c.
960 1997 111 48 Apr.
1107 1997 83 47 12;
1227 1996 83 42 aff.
1346 1997 114 48 Apr.
1496 1997 84 47 27;
1617 1997 44 40 A
1694 1997 172 47 62861;
1904 1997 185 41 Robert
2122 1997 50 41 L.
2209 1997 171 49 Arnos,

437 2055 153 42 South
620 2055 187 49 Euclid,
838 2054 52 44 O.
961 2053 283 51 (33-15639)

357 2145 2021 72 Atlantic digest. June, 1933, cumulative pamphlet … St.
429 2226 167 67 Paul,
624 2227 161 54 West
813 2225 339 70 publishing
1181 2244 79 36 co.
1297 2260 12 34 [
1315 2233 17 20 c
1338 2230 152 63 1933]

435 2302 89 40 352
552 2312 42 37 p.
654 2302 56 39 24½
743 2303 44 21 cm
792 2332 8 8 .

368 2355 52 52 ©
453 2359 127 40 June
611 2359 69 47 24,
713 2358 140 47 1933;
887 2359 67 40 2c.
987 2359 118 47 July
1136 2358 82 41 24;
1255 2357 82 41 aff.
1371 2358 116 48 July
1519 2359 83 47 22;
1637 2360 42 39 A
1711 2360 171 46 64473;
1918 2360 138 40 West
2086 2359 110 49 pub.
2227 2370 68 29 co.

365 2449 201 65 Baird,
594 2450 234 55 Frieda.

437 2526 122 53 Ten
593 2544 163 50 years
793 2524 62 54 of
891 2525 217 54 federal
1148 2523 397 56 intermediate
1584 2522 224 68 credits,
1842 2521 74 69 by
1953 2521 211 52 Frieda
2199 2517 181 54 Baird

367 2604 112 52 and
510 2603 218 55 Claude
753 2604 63 52 L.
846 2604 240 53 Benner.
1151 2602 401 70 Washington,
1582 2601 70 52 D.
1686 2600 81 69 C.,
1794 2600 122 54 The
1945 2596 324 69 Brookings
365 2596 1992 151 institution,
684 2685 151 50 1933.

433 2754 97 48 xvi,
558 2755 89 40 416
673 2766 42 37 p.
772 2756 129 40 illus.
931 2754 186 50 (maps)
1153 2756 180 47 diagrs.
1389 2755 54 39 21½
1477 2757 15 20 cm
1527 2787 9 8 .
1604 2753 301 50 (Half-title:
1935 2751 236 42 Institute
2200 2752 51 40 of
365 2761 1995 92 economics

579 2809 1454 52 of the Brookings institution … Publication no. 48)
434 2870 103 40 The
567 2869 164 42 initial
761 2872 228 47 chapters
1019 2871 51 40 of
1102 2870 99 41 this
1233 2870 135 40 work
1398 2869 197 41 contain
1626 2870 49 39 in
1707 2869 270 40 condensed
2008 2868 128 39 form
2171 2870 125 38 most
2327 2866 52 41 of

366 2929 81 40 the
480 2928 313 49 background
827 2928 229 42 material
1090 2930 129 39 from
1252 2930 84 39 Dr.
1372 2927 233 41 Benner’s
1640 2926 179 41 earlier
1853 2926 136 48 book,
2025 2927 131 39 “The
2188 2925 189 41 federal

364 2987 1292 51 intermediate credit system … 1926”. cf. Pref.
369 3043 52 52 ©
452 3049 115 47 May
654 3079 9 17 18,
691 3048 141 42 1933;
862 3050 66 38 2c.
960 3049 130 39 June
1115 3047 82 47 16;
1229 3046 83 41 aff.
1342 3047 127 39 June
1498 3045 82 47 15;
1612 3045 40 39 A
1682 3044 171 47 64003;
1885 3042 274 49 Brookings
440 3040 1926 105 institution.
629 3105 282 49 (33-16204)

363 3195 317 66 Baskfield,
711 3196 214 54 Gerald
955 3196 280 56 Thomas.

435 3273 123 53 The
581 3273 129 53 idea
737 3273 64 54 of
827 3274 128 55 God
982 3275 61 51 in
1070 3274 226 53 British
1325 3273 113 53 and
1466 3273 309 53 American
1803 3271 265 68 personal
2096 3268 281 68 idealism,

366 3347 2014 71 by Gerald Thomas Baskfield … Washington, D. C., Catholic
364 3428 321 69 university
715 3431 64 53 of
809 3430 286 67 America,
1127 3433 151 51 1933.

439 3512 45 37 x,
515 3503 85 40 137
629 3515 43 37 p.
733 3504 55 40 23
793 3506 44 21 cm
841 3536 8 8 .

440 3557 1553 52 Thesis (S. T. D.)—Catholic university of America, 1933.
442 3616 376 50 Bibliography;
851 3631 42 36 p.
926 3617 217 41 133-137.

371 3670 52 52 ©
455 3677 113 46 May
595 3677 70 44 31,
696 3676 141 45 1933;
869 3676 67 42 2c.
967 3677 94 39 and
1093 3675 81 40 aff.
1206 3675 128 40 June
1363 3676 52 46 6;
1448 3674 41 39 A
1519 3673 171 47 62884;
1725 3673 223 41 Catholic
1978 3672 129 41 univ.
2139 3673 51 40 of
437 3672 1930 101 America.
598 3732 282 50 (33-16864)

361 3816 208 68 Benet,
596 3823 257 55 William
882 3826 173 63 Rose,
1083 3827 173 50 1886-
1469 3823 85 53 ed.

434 3900 169 67 Fifty
630 3906 179 66 poets,
838 3922 69 34 an
936 3902 306 55 American
1273 3902 497 67 auto-anthology,
1798 3900 189 53 edited
2016 3900 75 69 by
2115 3898 258 57 William

359 3976 149 57 Rose
540 3982 196 55 Benet.
814 3983 140 53 New
989 3982 164 54 York
1185 3981 135 69 city,
1353 3977 247 57 Duffield
1635 3980 113 54 and
1782 3979 187 57 Green
2008 4013 12 33 [
2026 3986 17 21 c
2049 3982 152 63 1933]
