2597 4403
1355 4078 100 50 144

391 409 389 67 Wodehouse,
808 407 248 55 Pelham
1086 407 317 66 Grenville,
1435 412 173 51 1881-

523 483 1886 72 … Mulliner nights. Garden City, N. Y., Doubleday, Doran
389 568 51 51 &
471 582 302 53 company,
802 564 129 69 inc.,
962 566 152 51 1933.

457 641 781 53 4 p. l., 312 p. 1 illus. 20 cm .
458 702 65 41 At
550 702 127 41 head
701 700 55 41 of
781 700 136 42 title:
949 700 51 41 P.
1029 700 54 41 G.
1111 699 321 41 Wodehouse.

461 758 167 42 “First
657 757 231 42 edition.’’

393 825 2020 54 © Feb. 15, 1933; 2c. and aff. Feb. 20; A 59594; P. G. Wodehouse, London.
473 887 254 50 (33-4496)

395 991 320 69 [Woman’s
740 990 283 55 institute
1047 990 64 55 of
1135 988 290 56 domestic
1446 992 131 51 arts
1600 987 116 55 and
1740 987 281 67 sciences,
2046 988 130 66 inc.,
463 989 1923 151 Scranton,
607 1073 123 66 Pa.]

463 1149 250 69 Serving
753 1148 168 54 foods
962 1148 95 54 for
1094 1146 192 71 profit,
1326 1166 33 34 a
1399 1165 195 36 course
1632 1145 65 54 of
1732 1144 277 71 training.
2091 1142 323 72 [Scranton,

389 1230 122 68 Pa.,
558 1227 294 57 Woman’s
901 1226 265 55 institute
1213 1226 66 54 of
1327 1225 275 55 domestic
1650 1230 118 50 arts
1817 1226 114 54 and
1978 1222 261 72 sciences,
2286 1222 128 72 inc.,

389 1315 19 21 c
414 1311 136 51 1932]

461 1390 27 40 5
518 1400 43 30 v.
623 1388 128 40 illus.
781 1386 135 49 (incl.
948 1386 168 49 plans)
1155 1388 88 40 col.
1272 1388 65 47 pi.
1395 1385 60 41 20½
1485 1387 46 22 cm
1535 1418 10 9 .

462 1447 130 41 Title
618 1446 130 40 from
774 1454 170 38 cover;
972 1445 120 39 each
1117 1445 193 40 volume
1337 1444 103 41 also
1467 1444 90 40 has
1584 1442 182 50 special
1791 1445 99 47 t.-p.

743 1511 125 32 CONTENTS.—[v.
912 1501 40 52 1]
995 1502 342 48 Establishing
1377 1513 27 29 a
1444 1502 116 40 food
1601 1500 365 51 business.—[v.
2006 1498 42 53 2]
2091 1499 203 48 Recipes
2333 1500 80 41 for

390 1563 116 40 food
537 1564 48 37 to
614 1562 230 47 sell.—[v.
874 1558 42 50 3]
947 1560 103 40 The
1081 1562 79 36 tea
1190 1568 133 31 room
1353 1557 97 41 and
1478 1558 151 40 coffee
1658 1559 261 48 shop.—[v.
1946 1555 44 53 4]
2023 1556 266 52 Cafeteria,
2320 1568 94 31 mo.

391 1619 179 48 torinn,
600 1619 96 39 and
725 1618 141 40 other
895 1617 115 40 food
1041 1615 359 50 projects.—[v.
1428 1613 43 52 5]
1502 1615 249 41 Purchase
1780 1615 98 41 and
1906 1616 103 40 sale
2036 1616 53 40 of
2117 1614 158 43 foods.

395 1687 55 53 ©
479 1691 114 41 Dec.
622 1691 69 47 12,
722 1689 114 41 1932;
897 1689 69 41 2c.
996 1688 120 41 each
1146 1689 96 40 and
1274 1687 110 42 affs.
1415 1689 112 40 Feb.
1557 1687 41 49 9,
1630 1689 141 48 1983;
1804 1689 42 39 A
1876 1687 351 49 60213-60217;
462 1689 1934 101 Internatl.

619 1747 234 42 textbook
887 1758 83 38 co.,
1008 1746 255 48 Scranton,
1301 1747 83 39 Pa.
1457 1745 252 50 (33-3905)

392 1853 234 65 Woods,
656 1854 142 53 Mrs.
830 1850 314 55 Elizabeth
1182 1851 365 67 (Robinson)

461 1929 189 55 Music
685 1931 115 53 and
835 1929 289 69 meaning,
1160 1929 76 69 by
1270 1927 305 55 Elizabeth
1613 1927 296 55 Robinson
1942 1927 232 56 Woods.
391 1929 2000 149 Cambridge,

642 2009 193 67 Mass.,
864 2008 279 54 Harvard
1172 2007 322 69 university
1523 2025 176 51 press,
1730 2009 153 52 1932.

462 2081 926 53 viii, [1] p., 2 l., 3-100, [1] p. 21 cm .
396 2151 53 52 ©
479 2155 112 39 Dec.
621 2153 70 49 29,
721 2153 143 48 1932;
894 2154 69 41 2c.
993 2154 112 40 Jan.
1133 2152 71 48 21,
1235 2152 142 48 1933;
1411 2152 83 41 aff.
1525 2153 111 41 Jan.
1665 2154 53 46 3;
1750 2154 42 39 A
1823 2153 172 48 58958;
2029 2151 257 43 President
2318 2156 95 39 and

463 2212 193 41 fellows
687 2210 53 41 of
770 2212 234 39 Harvard
1035 2210 195 49 college,
1264 2210 305 49 Cambridge,
1603 2212 147 39 Mass.
1823 2211 253 49 (33-3617)

392 2313 313 68 Woodson,
739 2316 214 55 Carter
984 2313 266 67 Godwin,
1283 2315 173 56 1875-

462 2395 122 53 The
617 2393 443 54 mis-education
1094 2393 65 53 of
1193 2393 97 54 the
1325 2393 211 68 Negro,
1570 2393 76 67 by
1680 2391 206 57 Carter
1920 2390 252 57 Godwin
2202 2393 211 56 Wood-

390 2493 118 35 son.
567 2473 407 68 Washington,
997 2473 72 53 D.
1095 2473 83 67 C.,
1202 2472 123 54 The
1347 2471 338 56 Associated
1709 2473 343 69 publishers,
2076 2474 108 54 inc.
2213 2507 16 35 [
2232 2480 19 22 c
2257 2476 134 52 1933]

461 2547 644 49 xiv p., 1 l., 207 p. 19 cm.
396 2615 53 52 ©
475 2619 111 42 Jan.
610 2620 70 47 17,
706 2617 140 49 1933;
874 2618 69 41 2c.
969 2619 97 39 and
1092 2618 83 41 aff.
1201 2618 114 42 Feb.
1340 2617 54 49 9;
1421 2618 42 39 A
1487 2618 173 49 60228;
1687 2619 289 41 Associated
2002 2618 292 50 publishers,
2321 2620 92 41 inc.

474 2676 253 49 (33-3606)

391 2777 249 68 Wynne,
668 2779 158 55 John
853 2780 198 66 Peter,
1084 2785 172 50 1888-

461 2856 246 54 Modern
739 2857 247 55 theories
1021 2858 64 53 of
1118 2860 97 54 the
1247 2858 298 55 educative
1579 2878 253 51 process;
1869 2878 32 35 a
1935 2859 255 70 syllabus
2223 2860 60 54 in
2315 2862 97 52 the

391 2935 353 70 philosophy
777 2936 64 54 of
874 2937 320 69 education,
1228 2937 95 54 for
1354 2957 97 35 use
1484 2937 142 56 with
1659 2939 204 54 Bode’s
1898 2939 351 69 Conflicting
391 2958 1996 125 psychologies
710 3015 66 54 of
806 3015 266 70 learning

1105 3018 114 53 and
1251 3016 248 55 Horne’s
1532 3018 122 53 The
1686 3016 344 55 democratic
2063 3017 349 71 philosophy

393 3093 2017 73 of education, by John P. Wynne … Farmville, Va., The
392 3172 238 55 Clarion
660 3173 340 70 publishing
1027 3192 283 51 company
1344 3210 13 34 [
1361 3181 19 21 c
1385 3177 153 66 1932]

462 3247 56 41 60
548 3258 42 37 p.
652 3246 56 39 22½
741 3250 44 21 cm
792 3280 7 7 .

463 3304 258 41 Alternate
749 3314 148 39 pages
924 3304 164 42 blank.

465 3360 354 42 “References”
849 3364 53 39 at
932 3364 93 39 end
1055 3362 52 41 of
1136 3364 120 39 each
1287 3362 202 49 “topic”.

397 3430 53 52 ©
480 3434 111 41 Jan.
622 3434 70 48 16,
722 3433 141 48 1933;
895 3434 69 42 2c.
994 3436 96 39 and
1121 3434 81 41 aff.
1235 3436 112 40 Feb.
1377 3436 55 47 4;
1464 3436 42 39 A
1535 3436 144 41 60155;
1740 3436 44 41 J.
1816 3436 50 42 P.
1898 3437 201 48 Wynne,
2133 3435 278 48 Farmville,

465 3492 86 40 Va.
623 3491 253 49 (33-4035)

393 3592 233 67 Young,
657 3595 199 63 Emily
883 3596 198 64 Hilda,
1114 3601 170 49 1880-

462 3670 195 70 Jenny
682 3671 197 69 Wren,
906 3671 77 69 by
1011 3672 68 53 E.
1107 3672 79 54 H.
1215 3672 230 69 Young.
1508 3672 140 54 New
1676 3671 182 71 York,
1885 3673 314 69 Harcourt,
2227 3674 184 54 Brace

392 3750 659 68 and company [ c 1933]
464 3821 628 50 3 p l., 3-342 p. 19½ cm .
469 3879 165 41 “First
666 3878 230 43 edition.”

401 3945 51 53 ©
480 3950 110 39 Feb.
618 3951 69 47 16,
714 3950 142 49 1933;
884 3952 66 40 2c.
979 3953 96 39 and
1102 3952 82 42 aff.
1214 3953 112 41 Feb.
1353 3953 82 48 20;
1467 3954 39 39 A
1533 3953 171 49 59569;
1735 3955 53 40 E.
1816 3955 61 41 H.
1905 3956 186 47 Young,
2119 3954 213 42 London.

477 4006 254 51 (33-4503)
