2582 4453
1432 4103 99 48 916

424 429 303 64 Callahan,
759 428 332 56 Genevieve
1120 428 72 53 A.

501 520 209 56 Sunset
745 520 347 54 all-western
1128 519 140 53 cook
1301 518 176 68 book;
1515 520 129 52 how
1678 524 59 48 to
1773 518 186 68 select,
1995 535 259 50 prepare,
2289 517 156 68 cook,

429 602 114 52 and
587 619 159 35 serve
789 600 78 52 all
912 599 283 68 typically
1241 604 240 48 western
1527 597 139 54 food
1712 596 289 70 products.
2077 595 239 70 Recipes
428 598 1992 135 included
665 679 95 52 for
790 679 253 54 favorite
1071 677 259 69 regional

1360 680 113 52 and
1504 676 229 69 foreign
1763 676 189 54 dishes
1981 675 255 69 peculiar
2265 681 57 47 to
2352 676 95 52 the

430 752 2018 75 West, by Genevieve A. Callahan … Stanford University,
431 836 196 64 Calif.,
659 836 284 58 Stanford
973 836 322 68 university
1325 854 176 50 press,
1534 839 150 51 1933.

505 925 81 49 vii,
617 926 88 40 216
735 937 39 37 p.
839 926 53 39 ill
898 936 70 30 us.
1029 925 56 41 23
1089 928 15 21 cm
1139 958 8 8 .

438 995 51 52 ©
521 1000 130 39 June
679 999 39 45 1,
749 997 141 47 1933;
923 998 68 40 2c.
1022 998 128 40 June
1178 997 83 47 14;
1296 995 83 42 aff.
1411 997 130 39 June
1569 995 55 40 10;
1685 996 44 39 A
1757 995 171 47 63182;
1963 994 166 42 Board
2157 995 55 40 of
2240 996 213 39 trustees

507 1056 52 44 of
591 1057 83 39 the
708 1057 184 39 Leland
929 1055 236 41 Stanford
1199 1054 167 48 junior
1400 1054 145 47 unit.,
1584 1053 237 42 Stanford
1858 1052 297 49 University,
2191 1051 147 42 Calif.

520 1113 283 50 (33-16595)

434 1219 210 67 Carey,
671 1219 183 58 Basil.

508 1311 195 55 Secret
747 1329 236 52 voyage,
1029 1313 75 68 by
1152 1311 161 54 Basil
1362 1311 201 69 Carey.
1640 1312 140 53 New
1824 1311 182 69 York,
2051 1313 72 52 A.
2167 1313 78 53 H.
2291 1310 161 66 King

482 1396 155 64 [c1933]

509 1480 87 42 312
612 1491 45 38 p.
720 1479 57 41 20
781 1482 44 21 cm
829 1512 9 9 .

444 1550 51 52 ©
528 1555 127 39 June
685 1554 70 47 28,
788 1553 141 42 1933;
964 1554 67 39 2c.
1064 1554 131 39 June
1221 1552 84 47 30;
1341 1552 83 41 aff.
1457 1553 128 39 June
1616 1552 83 47 29;
1734 1552 41 40 A
1807 1553 171 46 64180;
2014 1552 173 40 Alfred
2221 1553 61 42 H.
2314 1551 144 48 King,

511 1611 92 41 inc.
675 1610 283 50 (33-16580)

440 1716 308 65 Carmack,
782 1717 229 63 George
1039 1715 419 65 Washington.

513 1808 105 68 My
667 1807 360 68 experiences
1078 1807 59 53 in
1187 1807 96 53 the
1332 1805 232 70 Yukon,
1614 1807 76 69 by
1743 1806 225 70 George
2016 1807 91 54 W.
2162 1806 297 55 Carmack.

449 1885 253 70 [Seattle,
730 1887 123 52 The
879 1886 192 54 Trade
1097 1886 282 69 printery,
1407 1892 18 22 c
1430 1888 134 51 1933]

514 1974 40 48 9,
602 1975 56 50 [6],
687 1974 145 41 10-16
858 1985 44 38 p.
964 1974 128 40 illus.
1123 1975 134 45 (incl.
1285 1974 150 48 port.)
1504 1972 57 42 23
1565 1975 45 22 cm
1614 2006 9 9 .

520 2045 102 41 The
657 2045 113 41 first
803 2047 96 39 and
937 2045 98 41 last
1072 2045 53 40 of
1160 2046 83 40 the
1278 2045 78 41 six
1391 2045 334 44 unnumbered
1762 2055 146 39 pages
1947 2045 254 50 following
2234 2055 44 40 p.
2317 2046 27 42 9
2382 2056 83 33 are

448 2104 232 40 attached
707 2105 49 39 to
784 2114 44 37 p.
855 2103 27 40 9
910 2105 96 39 and
1034 2104 59 41 10
1118 2104 321 48 respectively
1468 2105 97 39 and
1593 2104 166 40 folded
1786 2103 138 52 back,
1952 2105 83 40 the
2065 2104 159 41 inside
2253 2104 214 50 forming

448 2171 28 29 a
504 2160 257 48 four-page
788 2160 320 42 illustration.

520 2218 265 41 Published
818 2218 61 48 by
914 2216 304 49 Marguerite
1254 2218 240 41 Carmack
1530 2220 48 38 to
1618 2217 188 49 comply
1842 2216 122 43 with
2001 2219 83 40 the
2122 2218 98 41 last
2255 2218 124 41 wish
2415 2217 49 43 of

446 2275 88 40 her
561 2276 101 40 late
688 2275 238 50 husband,
954 2276 83 41 the
1063 2276 194 41 author,
1318 2275 61 48 cf.
1409 2274 276 42 Foreword.

453 2344 51 52 ©
532 2350 114 47 May
672 2349 69 47 15,
769 2349 141 46 1933;
938 2350 69 39 2c.
1033 2351 96 38 and
1156 2349 83 40 aff.
1268 2350 128 39 June
1421 2349 83 47 20;
1534 2349 41 39 A
1602 2349 170 47 64075;
1804 2350 302 48 Marguerite
2134 2351 51 40 P.
2213 2348 254 48 Carmack,

525 2406 199 41 Seattle.
797 2406 283 49 (33-16322)

450 2508 165 68 Carr,
645 2511 255 56 Edward
928 2510 247 68 Hallett,
1205 2517 173 51 1892-

519 2603 123 54 The
678 2605 282 56 romantic
996 2605 201 68 exiles;
1240 2625 31 34 a
1305 2606 600 70 nineteenth-century
1941 2607 251 69 portrait
2228 2608 239 69 gallery,

452 2683 72 69 by
554 2684 257 53 Edward
839 2685 231 54 Hallett
1099 2685 162 55 Carr.
1336 2686 261 68 London,
1625 2688 69 53 V.
1725 2687 276 55 Gollancz
2028 2686 124 69 ltd.,
2183 2690 152 52 1933.

524 2770 792 51 391 p. front. (port.) 20½ cm .
527 2845 152 40 “Note
705 2856 60 29 on
793 2844 224 42 sources”:
1076 2857 42 38 p.
1150 2846 250 51 [389]-391.

460 2914 2013 57 © 1c. May 31, 1933; A ad int. 17844; pubd. Apr. 3; E. H. Carr, London.
538 2977 283 49 (33-16880)

456 3082 268 65 Century
753 3083 64 53 of
845 3098 299 50 progress,
1176 3084 129 65 inc.,
1340 3083 269 69 Chicago.

534 3171 219 55 Official
782 3171 173 69 guide
985 3173 145 52 book
1160 3173 63 53 of
1250 3174 94 52 the
1376 3174 133 69 fair,
1540 3177 149 51 1933.
1759 3175 270 69 Chicago,
2060 3174 55 52 A
2143 3181 236 63 century
2411 3176 64 51 of

462 3269 263 51 progress
763 3286 13 34 [
779 3259 19 21 c
804 3254 152 66 1933]

531 3335 88 42 176
660 3347 44 38 p.
763 3337 131 42 illus.
923 3337 135 49 (incl.
1102 3341 164 48 ports.,
1308 3341 163 48 maps)
1540 3341 57 40 23½
1629 3344 15 21 cm
1679 3374 9 7 .

532 3409 226 41 Includes
793 3409 306 50 advertising
1129 3413 195 40 matter.

467 3479 51 52 ©
550 3485 114 46 May
692 3485 69 46 27,
791 3485 141 47 1933;
964 3486 67 40 2c.
1061 3487 95 39 and
1187 3485 82 42 aff.
1301 3487 127 39 June
1456 3486 82 48 19;
1571 3487 41 39 A
1641 3488 171 47 63318;
1846 3488 162 41 Guneo
2037 3499 150 38 press,
2217 3488 93 40 inc.

545 3541 283 49 (33-16440)

462 3640 299 71 Challaye,
793 3646 274 68 Félicien,
1101 3649 172 54 1875-

594 3739 1883 74 … Le christianisme et nous, par Félicien Challaye. Paris,
461 3815 229 71 Rieder,
721 3823 151 50 1932.

534 3892 1192 55 390 p., 1 l. 39 cm . (Christianisme … [42])
465 3967 53 53 ©
550 3972 111 43 Jan.
693 3974 69 46 13,
793 3974 142 49 1933;
970 3977 67 40 3c.
1069 3977 114 48 Apr.
1215 3978 53 46 4;
1302 3977 103 40 A-
1407 3977 208 49 Foreign
1647 3977 173 47 20526;
1856 3967 225 52 Éditions
2114 3977 193 43 Rieder.

547 4029 283 57 (33-16869)
