2597 4403
1346 4089 103 51 216

375 406 208 66 Heald,
615 403 320 57 Frederick
964 405 86 53 De
1082 405 231 63 Forest,
1345 403 173 55 1872-

443 479 1888 72 Manual of plant diseases, by Frederick Deforest Heald …
372 565 72 53 2d
478 565 85 52 ed.
639 562 140 53 New
814 562 165 53 York
1010 561 113 53 and
1158 561 260 66 London,
1450 558 433 57 McGraw-Hill
1915 558 149 53 book
2095 575 300 51 company,

374 644 107 53 inc.,
538 646 151 51 1988.

447 715 85 50 xii,
577 715 86 42 953
708 725 45 38 p.
814 713 129 40 illus.
1004 713 55 40 23½
1093 714 46 22 cm
1143 744 8 8 .
1224 712 304 48 (Half-title:
1573 709 353 43 McGraw-Hill
1971 708 329 51 publications
2346 710 49 40 in

376 775 81 40 the
484 772 325 50 agricultural
835 771 96 40 and
959 770 247 42 botanical
1231 769 227 45 sciences.
1484 770 54 42 E.
1564 770 74 41 W.
1667 769 207 47 Sinnott,
1903 767 278 49 consulting
2204 768 185 49 editor)

446 838 227 39 Includes
707 835 395 48 bibliographies.

381 906 52 52 ©
461 910 111 41 Feb.
600 911 69 45 11,
694 908 142 48 1933;
864 908 69 41 2c.
958 909 97 40 and
1081 906 83 42 aff.
1192 907 112 40 Feb.
1329 906 83 48 16;
1441 906 41 39 A
1508 905 170 48 60302;
1710 905 353 41 McGraw-Hill
2091 905 76 41 bk.
2196 913 82 39 co.,
2307 903 91 41 inc.

459 967 255 49 (33-5311)

376 1069 309 66 Hendryx,
715 1070 207 55 James
950 1068 345 67 Beardsley,
1329 1074 172 50 1880-

511 1147 1888 70 … Baw gold. Garden City, N. Y., Doubleday, Doran &
378 1247 301 50 company,
704 1228 129 65 inc.,
862 1232 150 50 1933.

449 1303 27 39 3
503 1313 43 38 p.
572 1306 45 44 l.,
644 1302 125 49 v-vi,
795 1302 88 41 307
910 1314 44 37 p.
1014 1301 130 41 illus.
1205 1300 60 41 20
1265 1303 45 21 cm
1315 1333 9 9 .

451 1360 64 40 At
541 1361 126 40 head
693 1360 52 40 of
770 1360 137 41 title:
936 1360 167 40 James
1132 1360 54 40 B.
1214 1359 252 48 Hendryx.

453 1418 163 42 “First
651 1417 229 42 edition.”

385 1486 53 53 ©
469 1492 111 40 Feb.
610 1491 70 46 15,
710 1489 114 42 1933;
885 1490 67 41 2c.
984 1491 97 39 and
1110 1489 83 42 aff.
1225 1491 124 40 Mar.
1377 1488 54 49 2;
1463 1489 41 39 A
1535 1487 170 48 59730;
1739 1489 44 41 J.
1814 1489 55 40 B.
1898 1488 253 48 Hendryx,
2186 1486 218 42 Sutton’s

455 1548 159 48 Point,
645 1548 145 40 Mich.
862 1547 254 50 (33-1992)

380 1653 261 65 Hodson,
671 1653 210 64 Henry
909 1651 275 56 Vincent.

516 1728 1885 69 … Economics of a changing world [by] H. V. Hodson. New
383 1807 1129 69 York, H. Smith & B. Haas [ c 1933]
456 1883 84 39 xvi
566 1893 59 38 p.,
654 1884 25 38 1
728 1914 23 16 l.,
779 1882 85 41 260
891 1893 45 39 p.
996 1881 56 41 21½
1086 1884 45 22 cm
1135 1914 9 9 .

456 1940 64 40 At
544 1940 126 41 head
698 1939 52 41 of
774 1939 137 43 title:
939 1938 206 43 Preface
1168 1940 61 47 by
1257 1939 79 40 Sir
1361 1938 189 42 Arthur
1578 1939 175 49 Salter,
1824 1971 8 8 K.
1890 1971 8 8 C.
1955 1970 9 9 B.

387 2001 52 52 ©
468 2006 122 38 Mar.
618 2004 40 48 2,
686 2003 114 41 1933;
856 2003 54 39 2c
953 2004 96 39 and
1077 2002 82 41 aff.
1189 2004 123 40 Mar.
1340 2003 53 46 7;
1423 2003 41 39 A
1492 2002 172 48 60504;
1694 2002 246 40 Harrison
1970 2001 159 42 Smith
2158 2002 37 41 &
2224 2002 182 41 Robert

455 2064 153 46 Haas,
638 2061 92 41 inc.
801 2060 284 49 (33-27063)

378 2168 255 62 Hutton,
664 2166 193 54 David
887 2166 260 64 Sydney.

513 2243 1890 71 … Bow-wow [the game that rocked America!]; a game for
381 2323 2021 71 2 to 6 players that can be learned in 2 minutes … [Glasgow,
383 2404 295 68 Scotland,
704 2404 123 53 The
853 2405 141 53 New
1023 2422 95 34 era
1146 2404 245 68 playing
1417 2404 137 54 card
1583 2421 97 51 co.,
1712 2407 153 64 1932]

461 2478 1116 51 [60] cards in box. 10 × 14 cm . and Rules.
457 2538 103 38 The
585 2536 144 40 cards
756 2546 84 30 are
867 2536 344 48 accompanied
1239 2537 61 45 by
1325 2536 28 39 4
1379 2545 149 39 pages
1557 2536 52 40 of
1636 2537 143 40 rules.

389 2604 2017 51 © 1c. Feb. 11, 1933: A ad int. 17536; pubd. Dec. 20, 1932; D. S. Hutton,
458 2663 238 50 Glasgow.
763 2660 70 53 [©
868 2666 146 47 rules]

383 2767 184 55 Idaho
600 2769 114 52 and
746 2765 214 59 Pacific
992 2767 206 70 digest,
1229 2768 272 70 covering
1533 2770 77 51 all
1643 2787 150 36 cases
1825 2770 268 69 reported
2124 2770 62 53 in
2216 2770 187 53 Idaho

454 2852 242 63 reports,
734 2850 330 65 1866-1931,
1099 2846 214 58 Pacific
1350 2853 277 64 reporter,
1661 2849 253 53 volumes
1951 2852 188 66 1-300,
2176 2850 112 52 and
2326 2851 78 52 all

454 2924 1927 150 of the Pacific states reports from the earliest times … Compiled and
785 3006 191 53 edited
1004 3006 74 69 by
1108 3008 97 52 the
1234 3007 343 68 publisher’s
1606 3007 268 54 editorial
1902 3005 154 56 staff,
2131 3028 51 34 v.
2214 3012 188 49 32-34.

457 3084 99 56 St.;
571 3086 169 67 Paul,
766 3086 160 54 West
955 3084 339 72 publishing
1323 3105 98 50 co.,
1451 3090 154 65 1932,
1635 3091 149 51 1933.

455 3160 27 40 3
513 3171 42 29 v.
617 3159 59 41 26
676 3162 45 21 cm
725 3191 9 9 .

803 3241 43 30 CONTENTS.—v.
891 3230 72 41 32.
1007 3231 173 41 Public
1219 3230 186 42 service
1447 3232 621 49 commissions-Religious
391 3232 2019 96 societies.—v.
474 3287 75 41 33.
587 3288 531 41 Remainders-Set-off

1155 3290 96 39 and
1290 3289 472 41 counterclaim.—v.
1805 3288 74 42 34.
1921 3289 207 42 Sheriffs
2168 3292 95 39 and
387 3299 2006 94 constables-Stipulations.

390 3414 41 28 v.
459 3402 70 47 32,
560 3398 55 52 ©
640 3403 111 39 Jan.
780 3402 69 48 23,
878 3403 141 43 1933:
1049 3415 43 29 v.
1119 3405 70 46 33,
1218 3405 69 45 34,
1320 3399 56 52 ©
1402 3404 110 41 Jan.
1541 3403 83 48 24;
1654 3404 67 42 2c.
1750 3406 119 39 each
1900 3405 111 41 Feb.
2041 3406 82 40 13:
2155 3404 108 42 affs.
2295 3405 110 40 Feb.

464 3460 55 39 15;
575 3460 39 38 A
641 3458 323 42 59494-59496;
1022 3461 133 40 West
1182 3462 111 47 pub.
1319 3472 68 30 co.
2041 3460 273 44 1477-1479

387 3560 286 67 Johnson,
704 3562 178 54 Alvin
911 3564 179 65 Page,
1124 3569 172 50 1864-

461 3639 287 53 Franklin
777 3642 72 51 D.
879 3642 350 53 Boosevelt’s
1257 3644 245 52 colonial
1532 3649 313 61 ancestors;
1877 3645 152 52 their
2057 3649 135 63 part
2218 3644 63 52 in
2308 3643 98 53 the

389 3715 2016 74 making of American history, by Alvin Page Johnson … with
391 3794 251 67 portrait
693 3795 375 69 frontispiece
1120 3799 113 52 and
1285 3798 208 54 charts.
1581 3801 236 66 Boston,
1867 3800 280 68 Lothrop,
2197 3800 112 54 Lee
2360 3802 46 51 &

389 3872 612 70 Shepard co. [ c 1933]
463 3943 86 42 222
578 3958 43 38 p.
653 3946 110 42 incl.
794 3949 184 49 geneal.
1010 3948 157 42 tables.
1242 3948 136 42 front.
1422 3950 173 50 (port.)
1664 3950 55 42 20½
1752 3953 45 22 cm
1801 3983 10 10 .

462 4014 142 52 Maps
634 4029 60 31 on
722 4019 367 50 lining-papers.
