2582 4453
1299 4132 136 50 1004

351 447 147 64 Reh,
529 447 219 56 Frank.

426 522 230 56 Science
699 523 219 54 related
961 530 59 47 to
1063 524 121 53 life.
1266 524 119 53 bks.
1431 527 118 49 3-4.
1627 523 368 69 Magnetism,
2040 521 331 70 electricity.

354 602 2020 71 Light, forces and machines, by Frank Reh … New York,
355 682 333 55 Cincinnati
721 688 139 63 [etc.]
892 682 308 54 American
1227 684 148 52 book
1400 702 282 50 company
1715 717 12 34 [
1733 689 18 21 c
1756 685 153 64 1933]

430 772 86 40 viii.
561 772 85 39 211
678 782 43 37 p.
780 771 166 47 front.,
978 771 131 41 illus.
1168 772 59 40 18½
1257 774 15 21 cm
1307 805 8 7 .

426 842 266 40 Published
723 843 104 39 also
858 842 52 40 in
938 842 115 41 four
1083 843 232 40 volumes.

428 900 352 48 Bibliography
809 902 51 37 at
889 901 92 39 end
1009 900 54 40 of
1089 900 120 40 each
1237 900 137 40 book.

360 965 2017 52 © Mar. 24, 1933; 2c. Mar. 27; aff. Mar. 28; A 60816; Amer. book co.
430 1023 69 53 [©
528 1036 106 31 new
662 1026 242 48 material,
933 1028 213 47 changes
1174 1027 51 40 in
1253 1027 251 40 reference
1533 1028 94 39 and
1655 1026 165 49 index]

439 1084 253 49 (33-7970)

351 1185 393 70 Richardson,
777 1187 258 56 William
1067 1190 337 65 Augustus,
1439 1194 172 50 1886-
1826 1206 181 52 comp.

424 1269 241 52 Manual
696 1267 65 53 of
792 1268 235 54 athletic
1058 1268 429 69 requirements,
1518 1268 220 55 United
1772 1266 189 56 States
1993 1267 187 53 Naval
355 1267 1995 150 academy,

355 1345 1997 151 by Lieutenant Commander W. A. Richardson … Annapolis, Md.,
808 1426 219 55 United
1066 1426 190 56 States
1290 1426 172 53 naval
1497 1425 280 69 institute,
1814 1428 152 51 1933.

428 1514 885 50 5 p. l., 437 p. illus., diagrs. 24 cm.
429 1588 180 40 “Third
639 1590 96 39 and
767 1587 190 41 revised
987 1587 228 42 edition.”

361 1657 1998 102 © June 15, 1933; 2c. June 23; aff. Aug. 5; A 64120; U. S. naval institute.
614 1715 69 53 [©
714 1728 106 30 new
850 1721 180 38 matter
1061 1719 97 39 and
1187 1719 237 47 complete
1455 1718 229 49 revision]
1760 1717 283 50 (33-17952)

352 1823 257 66 Rockey,
643 1825 278 65 Howard,
956 1829 172 50 1886-

429 1901 309 55 Shattered
790 1903 243 67 dreams,
1082 1903 76 67 by
1208 1902 261 53 Howard
1519 1902 263 67 Rockey;
1835 1921 32 34 a
1917 1903 126 53 love
2094 1920 279 35 romance.

357 1979 1534 70 New York, Chicago, A. L. Burt company [ c 1933]
429 2067 599 53 3 p. l., 5-301 p. 19 cm .
362 2138 52 53 ©
445 2144 117 47 July
590 2143 39 47 5,
660 2142 141 47 1933;
833 2143 68 40 2c.
931 2143 119 47 July
1078 2142 52 48 6;
1163 2141 81 41 aff.
1277 2143 116 48 July
1425 2143 81 46 15;
1540 2143 41 38 A
1611 2142 171 48 64352;
1816 2143 54 39 A.
1903 2144 51 40 L.
1986 2144 125 39 Burt
2142 2153 67 30 co.

439 2200 283 49 (33-17932)

353 2301 310 65 Seymour,
693 2305 256 52 Edward
979 2304 239 52 Loomis
1246 2304 365 64 Davenport,
1644 2310 171 49 1888-
2030 2305 85 54 ed.

433 2380 1945 71 The garden book, edited by E. L. D. Seymour … New York,
359 2460 123 54 The
517 2459 338 69 University
888 2459 231 69 society,
1153 2458 401 69 incorporated
1598 2494 12 34 [
1616 2467 18 21 c
1640 2463 131 49 1933
1781 2494 10 34 ]

435 2546 64 47 xi,
539 2546 87 41 396
666 2557 42 38 p.
779 2548 87 42 col.
906 2547 165 47 front.,
1112 2547 144 48 illus.,
1297 2549 158 47 plates
1484 2550 135 46 (part
1662 2549 114 47 col.)
1855 2549 55 40 19
1913 2551 43 21 cm
1962 2582 9 8 .
2052 2550 325 47 (Leadership

362 2604 167 40 series.
606 2615 43 30 [v.
680 2605 99 49 14])

364 2675 52 52 ©
446 2680 115 47 May
588 2679 69 47 22,
687 2679 141 47 1933;
859 2679 55 40 2c
956 2679 128 40 June
1113 2679 51 47 6;
1196 2678 82 41 aff.
1308 2679 129 40 June
1465 2680 55 40 17;
1577 2680 41 38 A
1646 2679 171 48 64027;
1851 2680 283 48 University
2165 2690 93 31 soc.
2288 2680 91 41 inc.

439 2736 284 49 (33-17695)

357 2839 279 66 Shankle,
666 2841 228 65 George
923 2840 217 57 Earlie.

430 2917 467 71 Massachusetts,
927 2924 146 49 state
1102 2938 184 49 name,
1317 2918 132 71 flag,
1481 2920 134 68 seal,
1648 2938 159 51 song,
1838 2919 150 69 bird,
2021 2918 210 70 flower,
2264 2919 115 55 and

359 2998 164 52 other
558 2997 279 70 symbols;
877 3017 32 34 a
945 2999 174 67 study
1151 2998 172 53 based
1361 3017 72 35 on
1469 2998 299 53 historical
1806 2999 330 54 documents
2175 2999 204 70 giving

360 3077 96 52 the
478 3076 190 69 origin
693 3077 113 53 and
830 3077 365 69 significance
1219 3075 65 55 of
1306 3078 97 52 the
1429 3081 146 49 state
1599 3096 184 51 name,
1806 3076 348 70 nicknames,
2179 3082 200 63 motto,

360 3155 135 67 seal,
526 3154 133 70 flag,
690 3155 210 68 flower,
931 3155 150 69 bird,
1113 3173 161 52 song,
1305 3156 114 53 and
1452 3155 345 69 descriptive
1830 3161 309 49 comments
2176 3175 72 34 on
2282 3156 96 53 the

359 3234 214 67 capitol
593 3233 270 70 building
884 3234 113 53 and
1020 3252 71 34 on
1115 3251 151 37 some
1305 3232 65 54 of
1405 3234 96 52 the
1525 3233 376 71 outstanding
1925 3239 145 49 state
2095 3233 285 69 histories,

363 3312 140 52 with
535 3311 331 69 facsimiles,
893 3312 76 69 by
997 3311 224 70 George
1250 3312 198 53 Earlie
1479 3311 272 70 Shankle,
1868 3357 9 9 FH.
1947 3356 10 10 D.
2026 3313 139 53 New
2198 3312 182 70 York,

363 3391 121 53 The
508 3391 77 53 H.
611 3391 89 54 W.
728 3391 225 54 Wilson
981 3408 300 52 company,
1311 3393 152 51 1933.

435 3463 56 41 16
521 3475 44 37 p.
626 3464 86 41 col.
746 3464 164 47 front.,
942 3474 63 38 pl.
1065 3463 56 41 22½
1154 3466 44 23 cm
1204 3497 8 8 .

432 3534 68 39 “A
526 3534 84 41 list
635 3534 53 41 of
713 3535 321 48 outstanding
1058 3536 129 39 state
1211 3534 288 41 histories”:
1527 3545 45 38 p.
1597 3534 158 41 14-15.

368 3603 1993 109 © June 29, 1933; 2c. and aff. July 12; A 64306; G. E. Shankle, Fredericksburg, Va. (33-17975)
432 3766 344 69 Minnesota,
799 3773 145 48 state
967 3786 183 49 name,
1174 3768 133 69 flag,
1331 3768 134 67 seal,
1488 3787 160 50 song,
1671 3769 150 68 bird,
1844 3769 208 67 flower,
2079 3770 112 52 and
2215 3768 162 53 other

363 3844 278 68 symbols;
689 3865 30 33 a
766 3847 174 68 study
982 3847 168 53 based
1199 3866 71 34 on
1315 3846 294 54 historical
1656 3848 331 53 documents
2031 3848 204 69 giving
2280 3848 97 53 the

366 3923 186 67 origin
597 3925 111 52 and
749 3924 365 69 significance
1152 3924 64 53 of
1255 3926 96 52 the
1391 3930 145 49 state
1575 3944 182 40 name,
1795 3925 345 67 nicknames,
2179 3932 200 62 motto,

363 4002 133 59 seal,
530 4002 130 68 flag,
691 4003 209 66 flower,
930 4003 150 67 bird,
1111 4021 161 51 song,
1304 4003 113 53 and
1452 4003 345 68 descriptive
1830 4011 308 47 comments
2172 4023 68 34 on
2278 4005 96 52 the
