2568 4328
1138 4067 65 48 39

221 540 55 10 …
358 496 301 69 Compiled
696 495 113 54 and
848 494 190 54 edited
1071 494 77 69 by
1181 494 97 53 the
1313 492 342 71 publisher’s
1693 492 268 55 editorial
1998 489 152 58 staff,

215 594 50 35 v.
296 580 189 49 29-31.
564 574 82 55 St.
675 576 167 54 Paul,
867 576 162 54 West
1056 573 338 69 publishing
1422 591 99 51 co.,
1552 576 150 49 1932.

213 653 28 39 3
269 663 43 29 v.
368 650 56 41 26
427 653 45 21 cm
476 682 8 9 .

556 717 43 30 CONTENTS.—v.
641 704 73 41 29.
755 702 579 43 Names-Partition.—v.
1377 702 73 42 30.
147 702 2011 103 Partnership-Pleading.—v.
220 763 72 42 31.

321 761 408 45 Pledges-Public
754 763 156 39 lands.

147 833 41 30 v.
214 822 70 48 29,
310 821 69 43 30,
409 816 53 52 ©
488 821 113 39 Dec.
626 819 71 48 28,
722 818 143 47 1932;
893 830 41 28 v.
961 818 71 47 31,
1062 812 56 53 ©
1142 817 112 40 Dec.
1282 816 83 48 29;
1394 816 67 41 2c.
1489 817 121 39 each
1638 817 110 40 Jan.
1777 818 70 47 11,
1875 816 113 41 1933
2007 828 9 31 :
2047 816 108 41 affs.

219 879 111 40 Jan.
355 877 55 40 12;
466 878 42 38 A
534 876 321 41 58836-58838;
912 876 137 38 West
1071 873 112 49 pnb.
1209 883 69 31 co.

147 974 386 65 Otterbourg,
565 973 208 53 Edwin
805 973 158 64 Max,
999 977 172 49 1885-

218 1053 140 52 Lost
397 1052 62 52 in
499 1052 97 52 the
635 1051 211 67 bungle
899 1049 168 69 (with
1110 1049 292 69 apologies
1444 1055 62 46 to
1547 1049 185 52 Lewis
1777 1048 254 68 Carroll)
2085 1048 76 69 by

150 1131 211 53 Edwin
398 1131 80 52 M.
522 1128 354 70 Otterbourg
920 1173 56 8 …
1023 1129 142 52 with
1206 1147 71 34 an
1318 1128 393 53 introduction
1751 1127 78 69 by
1868 1128 97 53 the
2005 1128 154 52 Hon.

149 1210 156 55 John
342 1209 61 55 C.
438 1209 177 53 Knox
654 1252 57 9 …
786 1208 188 69 Being
1009 1227 31 34 a
1075 1208 397 52 continuation
1509 1206 64 54 of
1607 1207 97 53 the
1741 1206 318 54 difficulties
2095 1205 66 55 of

149 1289 165 53 Alice
339 1289 61 52 in
426 1288 460 53 Rankbustland.
950 1286 235 56 Garden
1213 1286 155 70 City,
1394 1286 69 54 N.
1495 1287 92 67 Y.,
1615 1287 122 52 The
1766 1285 262 70 Country
2055 1283 109 56 life

147 1387 175 50 press,
356 1372 153 48 1933.

219 1443 85 48 xii,
331 1442 88 41 130
443 1453 42 38 p.
516 1442 111 40 incl.
654 1442 172 48 plates,
882 1442 151 39 front.
1090 1440 58 41 19½
1178 1443 45 21 cm
1228 1472 9 9 .

220 1501 43 39 A
295 1500 153 40 satire
480 1510 62 30 on
575 1499 187 47 alleged
797 1500 174 39 abuses
1004 1498 51 40 in
1089 1499 82 39 the
1205 1497 400 41 administration
1641 1497 51 41 of
1726 1497 82 41 the
1844 1497 318 47 Bankruptcy

147 1560 94 39 act.

222 1614 163 41 “First
412 1613 230 41 edition.”

221 1671 225 41 Includes
479 1671 108 40 also
619 1670 162 41 “Alice
813 1669 50 41 in
897 1669 378 42 Rankbustland
1317 1669 144 49 (with
1496 1668 247 50 apologies
1776 1671 49 39 to
1859 1668 157 42 Lewis

153 1668 1995 107 Carroll.)”
363 1729 64 48 (p.
465 1727 232 51 [67]-130)
736 1727 159 41 which
927 1739 104 30 was
1062 1726 257 50 published
1353 1729 279 46 separately
1664 1727 51 40 in
1747 1725 130 42 1923.

156 1780 51 54 ©
240 1786 112 40 Dec.
383 1785 69 49 30,
483 1784 141 48 1932;
658 1785 67 41 2c.
758 1787 97 39 and
885 1785 83 40 aff.
1000 1786 110 39 Jan.
1141 1786 42 46 4,
1215 1784 142 49 1933;
1391 1785 43 39 A
1463 1784 172 48 57727;
1669 1785 52 39 E.
1756 1786 61 38 M.
1853 1783 309 49 Otterbourg,

222 1843 118 39 New
366 1843 147 39 York.
584 1842 251 50 (33-1997)

152 1937 214 56 Pacific
401 1939 204 69 digest,
639 1939 268 69 covering
942 1941 77 51 all
1054 1958 150 36 cases
1238 1940 269 68 reported
1541 1939 61 53 in
1637 1938 213 57 Pacific
1883 1943 277 65 reporter,

225 2018 251 52 volumes
508 2020 187 66 1-300,
724 2020 113 52 and
868 2020 76 51 all
974 2020 63 52 of
1065 2020 95 52 the
1188 2017 213 57 Pacific
1426 2024 175 48 states
1631 2024 222 63 reports
1884 2017 154 54 from
2064 2019 98 52 the

225 2096 228 54 earliest
493 2097 166 53 times
705 2141 56 9 …
842 2096 302 70 Compiled
1186 2098 114 52 and
1339 2098 193 53 edited
1568 2099 75 68 by
1683 2099 100 52 the
1819 2097 342 70 publisher’s

225 2174 269 54 editorial
540 2173 152 55 staff,
766 2195 50 33 v.
865 2180 189 48 29-31.
1133 2177 83 55 St.
1262 2178 167 67 Paul,
1475 2179 162 54 West
1681 2177 339 70 publishing
2063 2195 99 51 co.,

226 2258 153 52 1932.

223 2330 25 40 3
277 2340 43 30 v.
378 2330 56 39 26
437 2331 44 21 cm
487 2361 9 9 .

566 2397 45 29 CONTENTS.—v.
652 2384 73 42 29.
766 2385 579 42 Names-Partition.—v.
1388 2385 73 42 30.
158 2385 2011 99 Partnership-Pleading.—v.
231 2441 72 42 31.

332 2442 408 48 Pledges-Public
765 2444 156 40 lands.

158 2509 43 32 v.
225 2500 71 49 29,
322 2500 69 48 30,
420 2496 53 52 ©
500 2501 112 40 Dec.
638 2500 69 48 28,
734 2499 142 48 1932;
904 2512 42 29 v.
973 2500 70 48 31,
1073 2495 51 53 ©
1153 2500 113 41 Dec.
1292 2499 84 48 29;
1405 2500 67 41 2c.
1500 2501 121 39 each
1649 2501 110 40 Jan.
1787 2502 70 44 11,
1885 2499 141 48 1933;
2058 2500 107 40 affs.

231 2558 110 40 Jan.
366 2557 82 47 12;
473 2557 44 39 A
540 2557 348 47 58833-58835;
915 2557 134 41 West
1075 2557 109 48 pub.
1210 2566 67 30 co.

157 2646 181 66 Pond,
370 2646 186 56 Oscar
584 2646 210 67 Lewis,
828 2652 171 51 1877-

230 2724 54 53 A
326 2725 232 54 treatise
600 2744 71 35 on
710 2726 96 53 the
847 2729 110 51 law
1000 2726 63 53 of
1102 2726 195 68 public
1336 2727 262 66 utilities,
1639 2727 302 67 including
1979 2732 187 48 motor

159 2802 216 53 vehicle
404 2805 477 66 transportation,
911 2804 247 68 airports
1189 2805 113 52 and
1331 2805 166 53 radio
1525 2804 230 67 service,
1783 2805 76 67 by
1891 2805 178 54 Oscar
2098 2805 66 52 L.

160 2879 167 53 Pond
377 2923 56 10 …
518 2881 99 52 4th
662 2882 104 67 ed.,
810 2900 114 35 rev.
970 2882 113 53 and
1128 2883 108 52 enl.
1315 2883 421 67 Indianapolis,
1780 2884 123 53 The
1947 2884 216 52 Bobbs-

161 2956 762 70 Merrill company [ c 1932]
233 3030 29 41 3
289 3042 44 30 v.
392 3030 58 42 26
452 3033 45 22 cm
501 3062 10 11 .

197 3121 9 8 v.
231 3091 40 46 1,
299 3084 53 52 ©
379 3088 102 41 Oct.
507 3088 70 46 30,
603 3088 142 47 1932;
772 3099 43 30 v.
841 3089 40 41 2,
910 3085 53 52 ©
988 3090 118 40 Nov.
1133 3090 83 46 15;
1244 3102 41 28 v.
1314 3090 41 48 3,
1384 3086 53 52 ©
1465 3091 110 40 Dec.
1605 3091 83 47 15;
1717 3090 67 41 2c.
1814 3092 119 40 each
1960 3093 111 39 Jan.
2099 3092 70 49 12,

234 3145 141 48 1933;
409 3146 108 40 affs.
551 3147 109 39 Jan.
693 3147 82 46 13;
808 3147 41 38 A
880 3145 349 49 57895-57897;
1266 3147 52 41 O.
1351 3148 51 39 L.
1435 3148 149 48 Pond,
1618 3147 351 48 Indianapolis.

244 3202 251 48 (33-1723)

163 3291 314 65 Reynolds,
507 3293 293 54 Gertrude
827 3294 79 54 M.
942 3292 282 66 (Robins)
1260 3293 173 54 “Mrs.
1460 3294 67 53 L.
1553 3295 67 53 B.
1646 3296 355 64 Reynolds.”

235 3370 154 68 Very
422 3370 228 68 private
682 3376 301 61 secretary,
1017 3371 76 68 by
1126 3373 141 53 Mrs.
1304 3371 212 54 Baillie
1549 3374 307 67 Reynolds.
163 3373 1980 130 [Instalments
377 3452 154 63 6-11]

245 3521 78 48 (In
354 3520 204 43 London
583 3519 148 52 Daily
759 3520 187 51 herald,
974 3520 126 44 Nov.
1129 3522 167 50 28-30,
1324 3521 115 44 Dec.
1471 3523 103 49 1-3,
1605 3522 145 50 1932)

169 3575 2001 56 © 1c. each Jan. 24, 1933; A ad int. 17414; pubd. Nov. 28, 29, 30, Dec. 1,
237 3636 40 47 2,
310 3636 54 47 3;
400 3636 240 40 Gertrude
674 3636 185 40 Minnie
890 3636 177 41 Baillie
1101 3638 259 48 Reynolds,
1398 3638 67 41 St.
1500 3638 199 48 Albans,
1733 3639 166 49 Herts,
1935 3640 236 47 England.

166 3780 317 67 Robinson,
513 3782 255 54 William
797 3784 314 64 Josephus,
1143 3786 171 54 1867-

235 3857 330 69 Happiness
601 3858 112 53 and
746 3859 125 52 how
907 3864 58 49 to
1003 3858 184 56 attain
1218 3862 65 67 it,
1315 3860 76 69 by
1427 3861 103 53 Dr.
1566 3859 261 57 William
1863 3862 54 54 J.
165 3861 1980 127 Robinson
300 3979 55 9 …
423 3935 138 53 New
591 3936 177 69 York,
795 3937 285 67 Eugenics
1107 3937 334 69 publishing
1470 3957 294 51 company,
1792 3939 127 70 inc.,
1949 3943 149 49 1933.
