<alto xmlns="http://www.loc.gov/standards/alto/ns-v3#" xmlns:xsi="http://www.w3.org/2001/XMLSchema-instance" xsi:schemaLocation="http://www.loc.gov/standards/alto/ns-v3# http://www.loc.gov/alto/v3/alto-3-0.xsd"><Description>
<MeasurementUnit>pixel</MeasurementUnit>
<sourceImageInformation>
<fileName>1933_v1_Part1.pdf</fileName>
</sourceImageInformation>
<OCRProcessing ID="IdOcr">
<ocrProcessingStep>
<processingDateTime>2019-01-03</processingDateTime>
<processingSoftware>
<softwareCreator>ABBYY</softwareCreator>
<softwareName>ABBYY Recognition Server</softwareName>
<softwareVersion>4.0</softwareVersion>
</processingSoftware>
</ocrProcessingStep>
</OCRProcessing>
</Description>
<Styles>
<ParagraphStyle ALIGN="Left" FIRSTLINE="0." ID="StyleId-FFFFFFFF-FFFF-FFFF-FFFF-FFFFFFFFFFFF-" LEFT="0." RIGHT="0." />
<ParagraphStyle ALIGN="Left" FIRSTLINE="0." ID="StyleId-6EF5737A-DCEB-4126-A0CF-C5930BF7166A-" LEFT="0." LINESPACE="8.300000191" RIGHT="0." />
<ParagraphStyle ALIGN="Left" FIRSTLINE="0." ID="StyleId-2DE44258-FD0B-41E1-B542-087C989B01A3-" LEFT="0." LINESPACE="12.19999981" RIGHT="0." />
<ParagraphStyle ALIGN="Left" FIRSTLINE="-14." ID="StyleId-CE3D254A-29D7-4DD7-B5F1-E0FC0EF29B05-" LEFT="0." LINESPACE="8.619999886" RIGHT="0." />
<ParagraphStyle ALIGN="Left" FIRSTLINE="-14." ID="StyleId-C0E3A137-CE4F-4287-8A90-B599106709D0-" LEFT="0." LINESPACE="12.19999981" RIGHT="0." />
<ParagraphStyle ALIGN="Left" FIRSTLINE="-14." ID="StyleId-50F26F0C-05DA-4C19-BA58-7A6AC4499BEE-" LEFT="0." LINESPACE="11.06999969" RIGHT="0." />
<ParagraphStyle ALIGN="Center" FIRSTLINE="0." ID="StyleId-5DDE65AF-512C-41E2-9B8E-095D6D99EF68-" LEFT="0." LINESPACE="11.89999962" RIGHT="0." />
<ParagraphStyle ALIGN="Left" FIRSTLINE="0." ID="StyleId-0A81D7A5-6A62-4C52-915E-7768974C704D-" LEFT="0." LINESPACE="9.399999619" RIGHT="0." />
<ParagraphStyle ALIGN="Block" FIRSTLINE="-13." ID="StyleId-F7A0127F-6B48-4157-BB81-FE33E1E1A05B-" LEFT="0." LINESPACE="10.63000011" RIGHT="0." />
<ParagraphStyle ALIGN="Left" FIRSTLINE="0." ID="StyleId-E18C69F7-DBD7-48B1-805C-FCD96D0DA019-" LEFT="0." LINESPACE="11.64000034" RIGHT="0." />
<ParagraphStyle ALIGN="Left" FIRSTLINE="-14." ID="StyleId-98F15501-B611-4E83-8BB3-807E891F11F5-" LEFT="0." LINESPACE="12.19999981" RIGHT="0." />
<ParagraphStyle ALIGN="Left" FIRSTLINE="0." ID="StyleId-F4A78626-0BBC-4D12-94D9-A1AE75A9855F-" LEFT="0." LINESPACE="9.399999619" RIGHT="0." />
<ParagraphStyle ALIGN="Left" FIRSTLINE="0." ID="StyleId-6A3F6F4C-D21B-4ADE-902F-7683F18ECEF3-" LEFT="0." LINESPACE="11.10000038" RIGHT="0." />
</Styles>
<Layout>
<Page HEIGHT="4453" ID="Page572" PHYSICAL_IMG_NR="572" WIDTH="2582">
<TopMargin HEIGHT="440" HPOS="0" VPOS="0" WIDTH="2582">
</TopMargin>
<LeftMargin HEIGHT="3654" HPOS="0" VPOS="440" WIDTH="356">
</LeftMargin>
<RightMargin HEIGHT="3654" HPOS="2416" VPOS="440" WIDTH="166">
</RightMargin>
<BottomMargin HEIGHT="359" HPOS="0" VPOS="4094" WIDTH="2582">
<TextBlock HEIGHT="72" HPOS="1328" ID="Page572_Block1" LANG="en-US" STYLEREFS="StyleId-7EB5A87B-379A-4445-80F5-8EA8A141FF19-" VPOS="4126" WIDTH="122">
<TextLine HEIGHT="53" HPOS="1339" VPOS="4135" WIDTH="101">
<String CONTENT="572" HEIGHT="53" HPOS="1339" VPOS="4135" WIDTH="101" />
</TextLine>
</TextBlock>
</BottomMargin>
<PrintSpace HEIGHT="3654" HPOS="356" VPOS="440" WIDTH="2060">
<TextBlock CS="1" HEIGHT="3654" HPOS="356" ID="Page572_Block2" LANG="en-US" STYLEREFS="StyleId-111EE632-FB57-4F53-8A48-C66D9AD4EBC1-" VPOS="440" WIDTH="2060">
<TextLine HEIGHT="69" HPOS="366" VPOS="532" WIDTH="2026">
<String CONTENT="those" HEIGHT="54" HPOS="366" VPOS="534" WIDTH="162" />
<SP HEIGHT="35" HPOS="529" VPOS="553" WIDTH="32" />
<String CONTENT="causes." HEIGHT="35" HPOS="562" VPOS="551" WIDTH="208" />
<SP HEIGHT="52" HPOS="771" VPOS="533" WIDTH="76" />
<String CONTENT="New" HEIGHT="54" HPOS="848" VPOS="533" WIDTH="140" />
<SP HEIGHT="51" HPOS="989" VPOS="536" WIDTH="34" />
<String CONTENT="York," HEIGHT="68" HPOS="1024" VPOS="533" WIDTH="183" />
<SP HEIGHT="66" HPOS="1208" VPOS="535" WIDTH="32" />
<String CONTENT="N." HEIGHT="52" HPOS="1241" VPOS="535" WIDTH="70" />
<SP HEIGHT="52" HPOS="1312" VPOS="534" WIDTH="36" />
<String CONTENT="Y.," HEIGHT="66" HPOS="1349" VPOS="534" WIDTH="92" />
<SP HEIGHT="65" HPOS="1442" VPOS="535" WIDTH="33" />
<String CONTENT="Fiduciary" HEIGHT="68" HPOS="1476" VPOS="532" WIDTH="317" />
<SP HEIGHT="50" HPOS="1794" VPOS="550" WIDTH="34" />
<String CONTENT="counsel," HEIGHT="66" HPOS="1829" VPOS="534" WIDTH="244" />
<SP HEIGHT="68" HPOS="2074" VPOS="532" WIDTH="33" />
<String CONTENT="inc.," HEIGHT="69" HPOS="2108" VPOS="532" WIDTH="127" />
<SP HEIGHT="67" HPOS="2236" VPOS="534" WIDTH="31" />
<String CONTENT="The" HEIGHT="54" HPOS="2268" VPOS="532" WIDTH="124" />
</TextLine>
<TextLine CS="1" HEIGHT="71" HPOS="367" VPOS="612" WIDTH="1138">
<String CONTENT="Estate" HEIGHT="53" HPOS="367" VPOS="615" WIDTH="203" />
<SP HEIGHT="49" HPOS="571" VPOS="632" WIDTH="24" />
<String CONTENT="planning" HEIGHT="71" HPOS="596" VPOS="612" WIDTH="286" />
<SP HEIGHT="51" HPOS="883" VPOS="632" WIDTH="25" />
<String CONTENT="corporation" HEIGHT="70" HPOS="909" VPOS="612" WIDTH="369" />
<SP HEIGHT="49" HPOS="1279" VPOS="632" WIDTH="30" />
<String CONTENT="[" CS="1" />
<String CONTENT="c" HEIGHT="21" HPOS="1328" STYLE="superscript" VPOS="619" WIDTH="18" />
<String CONTENT="1932]" HEIGHT="65" HPOS="1352" VPOS="615" WIDTH="153" />
</TextLine>
<TextLine CS="1" HEIGHT="51" HPOS="441" STYLEREFS="StyleId-8E07CF39-C221-40B6-8C7E-D63DB912B785-" VPOS="687" WIDTH="853">
<String CONTENT="3" HEIGHT="40" HPOS="441" VPOS="690" WIDTH="27" />
<SP HEIGHT="47" HPOS="469" VPOS="690" WIDTH="26" />
<String CONTENT="p." HEIGHT="38" HPOS="496" VPOS="699" WIDTH="43" />
<SP HEIGHT="40" HPOS="540" VPOS="689" WIDTH="28" />
<String CONTENT="l.," HEIGHT="47" HPOS="569" VPOS="689" WIDTH="44" />
<SP HEIGHT="47" HPOS="614" VPOS="689" WIDTH="26" />
<String CONTENT="37," HEIGHT="46" HPOS="641" VPOS="689" WIDTH="70" />
<SP HEIGHT="30" HPOS="712" VPOS="708" WIDTH="32" />
<String CONTENT="[1]" HEIGHT="50" HPOS="745" VPOS="688" WIDTH="54" />
<SP HEIGHT="39" HPOS="800" VPOS="698" WIDTH="30" />
<String CONTENT="p." HEIGHT="38" HPOS="831" VPOS="698" WIDTH="43" />
<SP HEIGHT="38" HPOS="875" VPOS="690" WIDTH="56" />
<String CONTENT="diagr." HEIGHT="50" HPOS="932" VPOS="687" WIDTH="155" />
<SP HEIGHT="40" HPOS="1088" VPOS="689" WIDTH="56" />
<String CONTENT="25&#189;cm." CS="1" HEIGHT="40" HPOS="1145" VPOS="688" WIDTH="149" />
</TextLine>
<TextLine HEIGHT="53" HPOS="374" STYLEREFS="StyleId-8E07CF39-C221-40B6-8C7E-D63DB912B785-" VPOS="752" WIDTH="2022">
<String CONTENT="&#169;" HEIGHT="53" HPOS="374" VPOS="752" WIDTH="53" />
<SP HEIGHT="53" HPOS="428" VPOS="752" WIDTH="27" />
<String CONTENT="Jan." HEIGHT="40" HPOS="456" VPOS="757" WIDTH="112" />
<SP HEIGHT="41" HPOS="569" VPOS="756" WIDTH="25" />
<String CONTENT="16," HEIGHT="48" HPOS="595" VPOS="756" WIDTH="71" />
<SP HEIGHT="47" HPOS="667" VPOS="757" WIDTH="26" />
<String CONTENT="1933;" HEIGHT="49" HPOS="694" VPOS="754" WIDTH="142" />
<SP HEIGHT="48" HPOS="837" VPOS="755" WIDTH="27" />
<String CONTENT="2c." HEIGHT="41" HPOS="865" VPOS="755" WIDTH="67" />
<SP HEIGHT="29" HPOS="933" VPOS="766" WIDTH="28" />
<String CONTENT="and" HEIGHT="39" HPOS="962" VPOS="757" WIDTH="97" />
<SP HEIGHT="39" HPOS="1060" VPOS="757" WIDTH="26" />
<String CONTENT="aff." HEIGHT="41" HPOS="1087" VPOS="755" WIDTH="84" />
<SP HEIGHT="40" HPOS="1172" VPOS="756" WIDTH="27" />
<String CONTENT="Jan." HEIGHT="40" HPOS="1200" VPOS="756" WIDTH="111" />
<SP HEIGHT="40" HPOS="1312" VPOS="756" WIDTH="27" />
<String CONTENT="24;" HEIGHT="47" HPOS="1340" VPOS="756" WIDTH="83" />
<SP HEIGHT="47" HPOS="1424" VPOS="756" WIDTH="28" />
<String CONTENT="A" HEIGHT="39" HPOS="1453" VPOS="756" WIDTH="41" />
<SP HEIGHT="40" HPOS="1495" VPOS="756" WIDTH="26" />
<String CONTENT="60009;" HEIGHT="49" HPOS="1522" VPOS="754" WIDTH="173" />
<SP HEIGHT="48" HPOS="1696" VPOS="755" WIDTH="31" />
<String CONTENT="C." HEIGHT="41" HPOS="1728" VPOS="755" WIDTH="50" />
<SP HEIGHT="40" HPOS="1779" VPOS="756" WIDTH="28" />
<String CONTENT="Davidson," HEIGHT="48" HPOS="1808" VPOS="754" WIDTH="267" />
<SP HEIGHT="46" HPOS="2076" VPOS="756" WIDTH="26" />
<String CONTENT="New" HEIGHT="39" HPOS="2103" VPOS="756" WIDTH="117" />
<SP HEIGHT="39" HPOS="2221" VPOS="756" WIDTH="27" />
<String CONTENT="York." HEIGHT="41" HPOS="2249" VPOS="754" WIDTH="147" />
</TextLine>
<TextLine CS="1" HEIGHT="51" HPOS="450" STYLEREFS="StyleId-8E07CF39-C221-40B6-8C7E-D63DB912B785-" VPOS="812" WIDTH="535">
<String CONTENT="(CA" CS="1" HEIGHT="49" HPOS="450" VPOS="814" WIDTH="14" />
<SP HEIGHT="39" HPOS="537" VPOS="815" WIDTH="14" />
<String CONTENT="33-246" HEIGHT="41" HPOS="552" VPOS="813" WIDTH="178" />
<SP HEIGHT="41" HPOS="731" VPOS="813" WIDTH="15" />
<String CONTENT="Unrev&#8217;d)" HEIGHT="49" HPOS="747" VPOS="812" WIDTH="238" />
</TextLine>
<TextLine HEIGHT="66" HPOS="370" STYLEREFS="StyleId-189BBBA1-3582-4852-A55C-89F8437C05BA-" VPOS="918" WIDTH="831">
<String CONTENT="Donham," HEIGHT="66" HPOS="370" VPOS="918" WIDTH="294" />
<SP HEIGHT="64" HPOS="665" VPOS="920" WIDTH="25" />
<String CONTENT="S." HEIGHT="55" HPOS="691" VPOS="920" WIDTH="58" />
<SP HEIGHT="56" HPOS="750" VPOS="919" WIDTH="24" />
<String CONTENT="Agnes," HEIGHT="65" HPOS="775" VPOS="919" WIDTH="225" />
<SP HEIGHT="60" HPOS="1001" VPOS="924" WIDTH="26" />
<String CONTENT="1871-" HEIGHT="55" HPOS="1028" VPOS="919" WIDTH="173" />
</TextLine>
<TextLine HEIGHT="73" HPOS="445" VPOS="994" WIDTH="1950">
<String CONTENT="Spending" HEIGHT="72" HPOS="445" VPOS="995" WIDTH="304" />
<SP HEIGHT="65" HPOS="750" VPOS="1002" WIDTH="35" />
<String CONTENT="the" HEIGHT="53" HPOS="786" VPOS="997" WIDTH="97" />
<SP HEIGHT="54" HPOS="884" VPOS="996" WIDTH="37" />
<String CONTENT="family" HEIGHT="70" HPOS="922" VPOS="996" WIDTH="210" />
<SP HEIGHT="69" HPOS="1133" VPOS="997" WIDTH="36" />
<String CONTENT="income," HEIGHT="68" HPOS="1170" VPOS="997" WIDTH="237" />
<SP HEIGHT="69" HPOS="1408" VPOS="996" WIDTH="36" />
<String CONTENT="by" HEIGHT="70" HPOS="1445" VPOS="996" WIDTH="75" />
<SP HEIGHT="72" HPOS="1521" VPOS="994" WIDTH="40" />
<String CONTENT="S." HEIGHT="57" HPOS="1562" VPOS="994" WIDTH="57" />
<SP HEIGHT="53" HPOS="1620" VPOS="996" WIDTH="38" />
<String CONTENT="Agnes" HEIGHT="70" HPOS="1659" VPOS="996" WIDTH="196" />
<SP HEIGHT="55" HPOS="1856" VPOS="996" WIDTH="36" />
<String CONTENT="Donham." HEIGHT="55" HPOS="1893" VPOS="995" WIDTH="287" />
<SP HEIGHT="54" HPOS="2181" VPOS="997" WIDTH="73" />
<String CONTENT="New" HEIGHT="54" HPOS="2255" VPOS="997" WIDTH="140" />
</TextLine>
<TextLine HEIGHT="70" HPOS="371" VPOS="1076" WIDTH="2025">
<String CONTENT="ed.," HEIGHT="67" HPOS="371" VPOS="1078" WIDTH="104" />
<SP HEIGHT="50" HPOS="476" VPOS="1095" WIDTH="48" />
<String CONTENT="completely" HEIGHT="69" HPOS="525" VPOS="1077" WIDTH="342" />
<SP HEIGHT="50" HPOS="868" VPOS="1096" WIDTH="48" />
<String CONTENT="rev." HEIGHT="35" HPOS="917" VPOS="1095" WIDTH="114" />
<SP HEIGHT="52" HPOS="1032" VPOS="1078" WIDTH="87" />
<String CONTENT="Boston," HEIGHT="65" HPOS="1120" VPOS="1078" WIDTH="236" />
<SP HEIGHT="67" HPOS="1357" VPOS="1076" WIDTH="46" />
<String CONTENT="Little," HEIGHT="69" HPOS="1404" VPOS="1076" WIDTH="199" />
<SP HEIGHT="67" HPOS="1604" VPOS="1078" WIDTH="47" />
<String CONTENT="Brown," HEIGHT="66" HPOS="1652" VPOS="1078" WIDTH="232" />
<SP HEIGHT="49" HPOS="1885" VPOS="1095" WIDTH="47" />
<String CONTENT="and" HEIGHT="54" HPOS="1933" VPOS="1076" WIDTH="114" />
<SP HEIGHT="54" HPOS="2048" VPOS="1076" WIDTH="46" />
<String CONTENT="company," HEIGHT="52" HPOS="2095" VPOS="1093" WIDTH="301" />
</TextLine>
<TextLine HEIGHT="51" HPOS="374" VPOS="1160" WIDTH="152">
<String CONTENT="1933." HEIGHT="51" HPOS="374" VPOS="1160" WIDTH="152" />
</TextLine>
<TextLine CS="1" HEIGHT="53" HPOS="443" STYLEREFS="StyleId-8E07CF39-C221-40B6-8C7E-D63DB912B785-" VPOS="1229" WIDTH="985">
<String CONTENT="xiv" HEIGHT="44" HPOS="443" VPOS="1230" WIDTH="86" />
<SP HEIGHT="40" HPOS="530" VPOS="1242" WIDTH="22" />
<String CONTENT="p.," HEIGHT="40" HPOS="553" VPOS="1242" WIDTH="60" />
<SP HEIGHT="50" HPOS="614" VPOS="1231" WIDTH="22" />
<String CONTENT="2" HEIGHT="42" HPOS="637" VPOS="1231" WIDTH="31" />
<SP HEIGHT="42" HPOS="669" VPOS="1231" WIDTH="20" />
<String CONTENT="l.," HEIGHT="49" HPOS="690" VPOS="1232" WIDTH="45" />
<SP HEIGHT="50" HPOS="736" VPOS="1231" WIDTH="24" />
<String CONTENT="3-222" HEIGHT="43" HPOS="761" VPOS="1230" WIDTH="147" />
<SP HEIGHT="50" HPOS="909" VPOS="1230" WIDTH="24" />
<String CONTENT="p." HEIGHT="39" HPOS="934" VPOS="1241" WIDTH="44" />
<SP HEIGHT="40" HPOS="979" VPOS="1232" WIDTH="59" />
<String CONTENT="diagrs." HEIGHT="51" HPOS="1039" VPOS="1229" WIDTH="181" />
<SP HEIGHT="43" HPOS="1221" VPOS="1230" WIDTH="58" />
<String CONTENT="19&#189;" CS="1" HEIGHT="43" HPOS="1280" VPOS="1229" WIDTH="59" />
<String CONTENT="cm" HEIGHT="24" HPOS="1369" STYLE="superscript" VPOS="1231" WIDTH="44" />
<String CONTENT="." HEIGHT="9" HPOS="1419" VPOS="1263" WIDTH="9" />
</TextLine>
<TextLine HEIGHT="51" HPOS="445" STYLEREFS="StyleId-8E07CF39-C221-40B6-8C7E-D63DB912B785-" VPOS="1288" WIDTH="707">
<String CONTENT="Bibliography:" HEIGHT="50" HPOS="445" VPOS="1289" WIDTH="382" />
<SP HEIGHT="38" HPOS="828" VPOS="1300" WIDTH="29" />
<String CONTENT="p." HEIGHT="38" HPOS="858" VPOS="1300" WIDTH="44" />
<SP HEIGHT="41" HPOS="903" VPOS="1289" WIDTH="27" />
<String CONTENT="213-216." HEIGHT="42" HPOS="931" VPOS="1288" WIDTH="221" />
</TextLine>
<TextLine CS="1" HEIGHT="53" HPOS="378" STYLEREFS="StyleId-8E07CF39-C221-40B6-8C7E-D63DB912B785-" VPOS="1358" WIDTH="1744">
<String CONTENT="&#169;" HEIGHT="53" HPOS="378" VPOS="1358" WIDTH="53" />
<SP HEIGHT="53" HPOS="432" VPOS="1358" WIDTH="25" />
<String CONTENT="Apr." HEIGHT="48" HPOS="458" VPOS="1363" WIDTH="115" />
<SP HEIGHT="40" HPOS="574" VPOS="1363" WIDTH="25" />
<String CONTENT="21," HEIGHT="47" HPOS="600" VPOS="1363" WIDTH="70" />
<SP HEIGHT="47" HPOS="671" VPOS="1363" WIDTH="27" />
<String CONTENT="1933;" HEIGHT="47" HPOS="699" VPOS="1361" WIDTH="142" />
<SP HEIGHT="46" HPOS="842" VPOS="1362" WIDTH="28" />
<String CONTENT="2c." HEIGHT="40" HPOS="871" VPOS="1362" WIDTH="68" />
<SP HEIGHT="30" HPOS="940" VPOS="1372" WIDTH="26" />
<String CONTENT="and" HEIGHT="40" HPOS="967" VPOS="1362" WIDTH="96" />
<SP HEIGHT="39" HPOS="1064" VPOS="1362" WIDTH="27" />
<String CONTENT="aff." HEIGHT="40" HPOS="1092" VPOS="1361" WIDTH="83" />
<SP HEIGHT="40" HPOS="1176" VPOS="1361" WIDTH="26" />
<String CONTENT="Apr." HEIGHT="48" HPOS="1203" VPOS="1361" WIDTH="115" />
<SP HEIGHT="39" HPOS="1319" VPOS="1362" WIDTH="26" />
<String CONTENT="24;" HEIGHT="47" HPOS="1346" VPOS="1362" WIDTH="85" />
<SP HEIGHT="48" HPOS="1432" VPOS="1361" WIDTH="28" />
<String CONTENT="A" HEIGHT="39" HPOS="1461" VPOS="1361" WIDTH="42" />
<SP HEIGHT="40" HPOS="1504" VPOS="1361" WIDTH="24" />
<String CONTENT="62286;" HEIGHT="47" HPOS="1529" VPOS="1361" WIDTH="173" />
<SP HEIGHT="47" HPOS="1703" VPOS="1361" WIDTH="29" />
<String CONTENT="Little," HEIGHT="49" HPOS="1733" VPOS="1360" WIDTH="166" />
<SP HEIGHT="47" HPOS="1900" VPOS="1362" WIDTH="27" />
<String CONTENT="Brown," HEIGHT="47" HPOS="1928" VPOS="1362" WIDTH="194" />
</TextLine>
<TextLine CS="1" HEIGHT="106" HPOS="445" STYLEREFS="StyleId-8E07CF39-C221-40B6-8C7E-D63DB912B785-" VPOS="1363" WIDTH="1938">
<String CONTENT="and" HEIGHT="39" HPOS="2152" VPOS="1363" WIDTH="96" />
<SP HEIGHT="39" HPOS="2249" VPOS="1363" WIDTH="28" />
<String CONTENT="company." HEIGHT="98" HPOS="445" VPOS="1370" WIDTH="1938" />
<SP HEIGHT="48" HPOS="589" VPOS="1421" WIDTH="73" />
<String CONTENT="(33-27146)" HEIGHT="50" HPOS="663" VPOS="1419" WIDTH="284" />
</TextLine>
<TextLine HEIGHT="67" HPOS="372" STYLEREFS="StyleId-189BBBA1-3582-4852-A55C-89F8437C05BA-" VPOS="1522" WIDTH="980">
<String CONTENT="Douglas," HEIGHT="67" HPOS="372" VPOS="1522" WIDTH="285" />
<SP HEIGHT="65" HPOS="658" VPOS="1524" WIDTH="30" />
<String CONTENT="Paul" HEIGHT="53" HPOS="689" VPOS="1524" WIDTH="148" />
<SP HEIGHT="52" HPOS="838" VPOS="1525" WIDTH="28" />
<String CONTENT="Howard," HEIGHT="65" HPOS="867" VPOS="1524" WIDTH="279" />
<SP HEIGHT="60" HPOS="1147" VPOS="1529" WIDTH="31" />
<String CONTENT="1892-" HEIGHT="51" HPOS="1179" VPOS="1528" WIDTH="173" />
</TextLine>
<TextLine CS="1" HEIGHT="149" HPOS="374" VPOS="1601" WIDTH="2002">
<String CONTENT="&#8230;" CS="1" />
<SP HEIGHT="57" HPOS="510" VPOS="1601" WIDTH="31" />
<String CONTENT="Standards" HEIGHT="57" HPOS="542" VPOS="1601" WIDTH="324" />
<SP HEIGHT="34" HPOS="867" VPOS="1622" WIDTH="25" />
<String CONTENT="of" HEIGHT="55" HPOS="893" VPOS="1601" WIDTH="66" />
<SP HEIGHT="54" HPOS="960" VPOS="1601" WIDTH="21" />
<String CONTENT="unemployment" HEIGHT="68" HPOS="982" VPOS="1602" WIDTH="471" />
<SP HEIGHT="53" HPOS="1454" VPOS="1602" WIDTH="23" />
<String CONTENT="insurance," HEIGHT="68" HPOS="1478" VPOS="1602" WIDTH="319" />
<SP HEIGHT="69" HPOS="1798" VPOS="1601" WIDTH="23" />
<String CONTENT="by" HEIGHT="70" HPOS="1822" VPOS="1601" WIDTH="76" />
<SP HEIGHT="69" HPOS="1899" VPOS="1602" WIDTH="22" />
<String CONTENT="Paul" HEIGHT="52" HPOS="1922" VPOS="1602" WIDTH="150" />
<SP HEIGHT="53" HPOS="2073" VPOS="1602" WIDTH="24" />
<String CONTENT="H." HEIGHT="53" HPOS="2098" VPOS="1602" WIDTH="77" />
<SP HEIGHT="52" HPOS="2176" VPOS="1603" WIDTH="25" />
<String CONTENT="Douglas" HEIGHT="133" HPOS="374" VPOS="1603" WIDTH="2002" />
<SP HEIGHT="34" HPOS="459" VPOS="1702" WIDTH="35" />
<String CONTENT="&#8230;" CS="1" />
<SP HEIGHT="57" HPOS="553" VPOS="1680" WIDTH="80" />
<String CONTENT="Chicago," HEIGHT="70" HPOS="634" VPOS="1680" WIDTH="273" />
</TextLine>
<TextLine CS="1" HEIGHT="73" HPOS="939" VPOS="1678" WIDTH="1454">
<String CONTENT="Ill.," HEIGHT="67" HPOS="939" VPOS="1681" WIDTH="116" />
<SP HEIGHT="66" HPOS="1056" VPOS="1682" WIDTH="30" />
<String CONTENT="The" HEIGHT="52" HPOS="1087" VPOS="1682" WIDTH="123" />
<SP HEIGHT="55" HPOS="1211" VPOS="1681" WIDTH="29" />
<String CONTENT="University" HEIGHT="72" HPOS="1241" VPOS="1678" WIDTH="342" />
<SP HEIGHT="51" HPOS="1584" VPOS="1699" WIDTH="31" />
<String CONTENT="of" HEIGHT="55" HPOS="1616" VPOS="1680" WIDTH="65" />
<SP HEIGHT="57" HPOS="1682" VPOS="1679" WIDTH="31" />
<String CONTENT="Chicago" HEIGHT="72" HPOS="1714" VPOS="1679" WIDTH="255" />
<SP HEIGHT="51" HPOS="1970" VPOS="1699" WIDTH="30" />
<String CONTENT="press" HEIGHT="51" HPOS="2001" VPOS="1699" WIDTH="157" />
<SP HEIGHT="47" HPOS="2159" VPOS="1702" WIDTH="38" />
<String CONTENT="[" CS="1" />
<String CONTENT="c" HEIGHT="22" HPOS="2214" STYLE="superscript" VPOS="1688" WIDTH="21" />
<String CONTENT="1933]" HEIGHT="65" HPOS="2239" VPOS="1684" WIDTH="154" />
</TextLine>
<TextLine CS="1" HEIGHT="50" HPOS="445" VPOS="1755" WIDTH="1775">
<String CONTENT="xiv," HEIGHT="48" HPOS="445" VPOS="1757" WIDTH="98" />
<SP HEIGHT="48" HPOS="544" VPOS="1757" WIDTH="29" />
<String CONTENT="251" HEIGHT="41" HPOS="574" VPOS="1757" WIDTH="86" />
<SP HEIGHT="48" HPOS="661" VPOS="1757" WIDTH="30" />
<String CONTENT="p." HEIGHT="38" HPOS="692" VPOS="1767" WIDTH="43" />
<SP HEIGHT="39" HPOS="736" VPOS="1758" WIDTH="58" />
<String CONTENT="diagr." HEIGHT="48" HPOS="795" VPOS="1756" WIDTH="156" />
<SP HEIGHT="40" HPOS="952" VPOS="1757" WIDTH="56" />
<String CONTENT="23&#189;" CS="1" HEIGHT="40" HPOS="1009" VPOS="1757" WIDTH="55" />
<String CONTENT="cm" HEIGHT="21" HPOS="1099" STYLE="superscript" VPOS="1759" WIDTH="43" />
<String CONTENT="." HEIGHT="8" HPOS="1148" VPOS="1788" WIDTH="8" />
<SP HEIGHT="47" HPOS="1157" VPOS="1757" WIDTH="69" />
<String CONTENT="(Social" HEIGHT="49" HPOS="1227" VPOS="1755" WIDTH="188" />
<SP HEIGHT="39" HPOS="1416" VPOS="1757" WIDTH="28" />
<String CONTENT="service" HEIGHT="41" HPOS="1445" VPOS="1755" WIDTH="186" />
<SP HEIGHT="29" HPOS="1632" VPOS="1767" WIDTH="29" />
<String CONTENT="monographs," HEIGHT="50" HPOS="1662" VPOS="1755" WIDTH="340" />
<SP HEIGHT="37" HPOS="2003" VPOS="1768" WIDTH="29" />
<String CONTENT="no." HEIGHT="30" HPOS="2033" VPOS="1768" WIDTH="75" />
<SP HEIGHT="40" HPOS="2109" VPOS="1758" WIDTH="29" />
<String CONTENT="19)" HEIGHT="48" HPOS="2139" VPOS="1756" WIDTH="81" />
</TextLine>
<TextLine HEIGHT="51" HPOS="449" VPOS="1812" WIDTH="979">
<String CONTENT="&#8220;Bibliographical" HEIGHT="49" HPOS="449" VPOS="1814" WIDTH="449" />
<SP HEIGHT="39" HPOS="899" VPOS="1815" WIDTH="29" />
<String CONTENT="note&#8221;:" HEIGHT="42" HPOS="929" VPOS="1813" WIDTH="171" />
<SP HEIGHT="38" HPOS="1101" VPOS="1824" WIDTH="32" />
<String CONTENT="p." HEIGHT="37" HPOS="1134" VPOS="1825" WIDTH="43" />
<SP HEIGHT="41" HPOS="1178" VPOS="1814" WIDTH="30" />
<String CONTENT="198-199." HEIGHT="42" HPOS="1209" VPOS="1812" WIDTH="219" />
</TextLine>
<TextLine HEIGHT="54" HPOS="380" STYLEREFS="StyleId-8E07CF39-C221-40B6-8C7E-D63DB912B785-" VPOS="1883" WIDTH="2021">
<String CONTENT="&#169;" HEIGHT="53" HPOS="380" VPOS="1883" WIDTH="53" />
<SP HEIGHT="53" HPOS="434" VPOS="1883" WIDTH="22" />
<String CONTENT="Jan." HEIGHT="40" HPOS="457" VPOS="1888" WIDTH="111" />
<SP HEIGHT="40" HPOS="569" VPOS="1888" WIDTH="22" />
<String CONTENT="24," HEIGHT="49" HPOS="592" VPOS="1888" WIDTH="70" />
<SP HEIGHT="49" HPOS="663" VPOS="1888" WIDTH="22" />
<String CONTENT="1933;" HEIGHT="47" HPOS="686" VPOS="1886" WIDTH="141" />
<SP HEIGHT="46" HPOS="828" VPOS="1887" WIDTH="24" />
<String CONTENT="2c." HEIGHT="39" HPOS="853" VPOS="1887" WIDTH="68" />
<SP HEIGHT="39" HPOS="922" VPOS="1887" WIDTH="24" />
<String CONTENT="May" HEIGHT="47" HPOS="947" VPOS="1887" WIDTH="115" />
<SP HEIGHT="49" HPOS="1063" VPOS="1885" WIDTH="21" />
<String CONTENT="2;" HEIGHT="49" HPOS="1085" VPOS="1885" WIDTH="53" />
<SP HEIGHT="38" HPOS="1139" VPOS="1896" WIDTH="25" />
<String CONTENT="aff." HEIGHT="41" HPOS="1165" VPOS="1885" WIDTH="82" />
<SP HEIGHT="39" HPOS="1248" VPOS="1886" WIDTH="23" />
<String CONTENT="Apr." HEIGHT="48" HPOS="1272" VPOS="1886" WIDTH="115" />
<SP HEIGHT="42" HPOS="1388" VPOS="1885" WIDTH="22" />
<String CONTENT="29;" HEIGHT="48" HPOS="1411" VPOS="1885" WIDTH="83" />
<SP HEIGHT="46" HPOS="1495" VPOS="1887" WIDTH="25" />
<String CONTENT="A" HEIGHT="39" HPOS="1521" VPOS="1887" WIDTH="41" />
<SP HEIGHT="40" HPOS="1563" VPOS="1887" WIDTH="23" />
<String CONTENT="61577;" HEIGHT="47" HPOS="1587" VPOS="1887" WIDTH="171" />
<SP HEIGHT="46" HPOS="1759" VPOS="1888" WIDTH="27" />
<String CONTENT="University" HEIGHT="49" HPOS="1787" VPOS="1887" WIDTH="285" />
<SP HEIGHT="36" HPOS="2073" VPOS="1900" WIDTH="23" />
<String CONTENT="of" HEIGHT="40" HPOS="2097" VPOS="1889" WIDTH="53" />
<SP HEIGHT="41" HPOS="2151" VPOS="1889" WIDTH="23" />
<String CONTENT="Chicago," HEIGHT="48" HPOS="2175" VPOS="1888" WIDTH="226" />
</TextLine>
<TextLine HEIGHT="50" HPOS="450" STYLEREFS="StyleId-8E07CF39-C221-40B6-8C7E-D63DB912B785-" VPOS="1944" WIDTH="580">
<String CONTENT="Chicago." HEIGHT="50" HPOS="450" VPOS="1944" WIDTH="225" />
<SP HEIGHT="48" HPOS="676" VPOS="1945" WIDTH="69" />
<String CONTENT="(33-27082)" HEIGHT="49" HPOS="746" VPOS="1944" WIDTH="284" />
</TextLine>
<TextLine HEIGHT="69" HPOS="375" STYLEREFS="StyleId-189BBBA1-3582-4852-A55C-89F8437C05BA-" VPOS="2046" WIDTH="809">
<String CONTENT="Eager," HEIGHT="66" HPOS="375" VPOS="2049" WIDTH="216" />
<SP HEIGHT="65" HPOS="592" VPOS="2050" WIDTH="27" />
<String CONTENT="Samuel" HEIGHT="56" HPOS="620" VPOS="2049" WIDTH="240" />
<SP HEIGHT="55" HPOS="861" VPOS="2049" WIDTH="25" />
<String CONTENT="Watkins." HEIGHT="59" HPOS="887" VPOS="2046" WIDTH="297" />
</TextLine>
<TextLine HEIGHT="58" HPOS="447" VPOS="2127" WIDTH="1952">
<String CONTENT="Bender&#8217;s" HEIGHT="55" HPOS="447" VPOS="2128" WIDTH="273" />
<SP HEIGHT="55" HPOS="721" VPOS="2128" WIDTH="42" />
<String CONTENT="forms" HEIGHT="53" HPOS="764" VPOS="2128" WIDTH="183" />
<SP HEIGHT="54" HPOS="948" VPOS="2127" WIDTH="44" />
<String CONTENT="for" HEIGHT="54" HPOS="993" VPOS="2127" WIDTH="94" />
<SP HEIGHT="48" HPOS="1088" VPOS="2133" WIDTH="38" />
<String CONTENT="the" HEIGHT="53" HPOS="1127" VPOS="2128" WIDTH="97" />
<SP HEIGHT="55" HPOS="1225" VPOS="2127" WIDTH="41" />
<String CONTENT="Consolidated" HEIGHT="55" HPOS="1267" VPOS="2127" WIDTH="411" />
<SP HEIGHT="52" HPOS="1679" VPOS="2129" WIDTH="42" />
<String CONTENT="laws" HEIGHT="52" HPOS="1722" VPOS="2130" WIDTH="137" />
<SP HEIGHT="35" HPOS="1860" VPOS="2148" WIDTH="41" />
<String CONTENT="of" HEIGHT="55" HPOS="1902" VPOS="2128" WIDTH="64" />
<SP HEIGHT="55" HPOS="1967" VPOS="2128" WIDTH="38" />
<String CONTENT="the" HEIGHT="53" HPOS="2006" VPOS="2130" WIDTH="99" />
<SP HEIGHT="35" HPOS="2106" VPOS="2149" WIDTH="37" />
<String CONTENT="state" HEIGHT="50" HPOS="2144" VPOS="2134" WIDTH="148" />
<SP HEIGHT="35" HPOS="2293" VPOS="2150" WIDTH="40" />
<String CONTENT="of" HEIGHT="55" HPOS="2334" VPOS="2130" WIDTH="65" />
</TextLine>
<TextLine HEIGHT="72" HPOS="375" VPOS="2207" WIDTH="2024">
<String CONTENT="New" HEIGHT="53" HPOS="375" VPOS="2208" WIDTH="141" />
<SP HEIGHT="51" HPOS="517" VPOS="2209" WIDTH="42" />
<String CONTENT="York," HEIGHT="67" HPOS="560" VPOS="2208" WIDTH="182" />
<SP HEIGHT="49" HPOS="743" VPOS="2226" WIDTH="39" />
<String CONTENT="with" HEIGHT="53" HPOS="783" VPOS="2207" WIDTH="142" />
<SP HEIGHT="52" HPOS="926" VPOS="2208" WIDTH="42" />
<String CONTENT="explanatory" HEIGHT="69" HPOS="969" VPOS="2208" WIDTH="381" />
<SP HEIGHT="50" HPOS="1351" VPOS="2227" WIDTH="41" />
<String CONTENT="notes" HEIGHT="48" HPOS="1393" VPOS="2213" WIDTH="160" />
<SP HEIGHT="34" HPOS="1554" VPOS="2227" WIDTH="42" />
<String CONTENT="and" HEIGHT="52" HPOS="1597" VPOS="2209" WIDTH="113" />
<SP HEIGHT="53" HPOS="1711" VPOS="2209" WIDTH="40" />
<String CONTENT="cross" HEIGHT="35" HPOS="1752" VPOS="2228" WIDTH="151" />
<SP HEIGHT="34" HPOS="1904" VPOS="2229" WIDTH="41" />
<String CONTENT="references," HEIGHT="70" HPOS="1946" VPOS="2209" WIDTH="335" />
<SP HEIGHT="69" HPOS="2282" VPOS="2210" WIDTH="40" />
<String CONTENT="by" HEIGHT="69" HPOS="2323" VPOS="2210" WIDTH="76" />
</TextLine>
<TextLine CS="1" HEIGHT="149" HPOS="375" VPOS="2287" WIDTH="1999">
<String CONTENT="Samuel" HEIGHT="56" HPOS="380" VPOS="2287" WIDTH="231" />
<SP HEIGHT="54" HPOS="612" VPOS="2289" WIDTH="20" />
<String CONTENT="W." HEIGHT="54" HPOS="633" VPOS="2289" WIDTH="91" />
<SP HEIGHT="53" HPOS="725" VPOS="2288" WIDTH="27" />
<String CONTENT="Eager" HEIGHT="68" HPOS="753" VPOS="2288" WIDTH="191" />
<SP HEIGHT="32" HPOS="945" VPOS="2307" WIDTH="27" />
<String CONTENT="&#8230;" CS="1" />
<SP HEIGHT="34" HPOS="1030" VPOS="2306" WIDTH="28" />
<String CONTENT="and" HEIGHT="52" HPOS="1059" VPOS="2288" WIDTH="113" />
<SP HEIGHT="57" HPOS="1173" VPOS="2288" WIDTH="25" />
<String CONTENT="Samuel" HEIGHT="56" HPOS="1199" VPOS="2289" WIDTH="231" />
<SP HEIGHT="52" HPOS="1431" VPOS="2290" WIDTH="23" />
<String CONTENT="M." HEIGHT="52" HPOS="1455" VPOS="2290" WIDTH="81" />
<SP HEIGHT="53" HPOS="1537" VPOS="2289" WIDTH="24" />
<String CONTENT="Hesson" HEIGHT="53" HPOS="1562" VPOS="2289" WIDTH="228" />
<SP HEIGHT="33" HPOS="1791" VPOS="2308" WIDTH="26" />
<String CONTENT="&#8230;" CS="1" />
<SP HEIGHT="34" HPOS="1875" VPOS="2308" WIDTH="76" />
<String CONTENT="v." HEIGHT="35" HPOS="1952" VPOS="2308" WIDTH="54" />
<SP HEIGHT="49" HPOS="2007" VPOS="2294" WIDTH="22" />
<String CONTENT="4." HEIGHT="49" HPOS="2030" VPOS="2294" WIDTH="47" />
<SP HEIGHT="53" HPOS="2078" VPOS="2290" WIDTH="38" />
<String CONTENT="Membership" HEIGHT="146" HPOS="375" VPOS="2290" WIDTH="1999" />
<SP HEIGHT="50" HPOS="508" VPOS="2386" WIDTH="58" />
<String CONTENT="corporations" HEIGHT="69" HPOS="567" VPOS="2366" WIDTH="397" />
</TextLine>
<TextLine HEIGHT="73" HPOS="1021" VPOS="2368" WIDTH="1378">
<String CONTENT="to" HEIGHT="47" HPOS="1021" VPOS="2372" WIDTH="59" />
<SP HEIGHT="35" HPOS="1081" VPOS="2385" WIDTH="56" />
<String CONTENT="and" HEIGHT="52" HPOS="1138" VPOS="2368" WIDTH="113" />
<SP HEIGHT="52" HPOS="1252" VPOS="2368" WIDTH="58" />
<String CONTENT="including" HEIGHT="70" HPOS="1311" VPOS="2368" WIDTH="304" />
<SP HEIGHT="66" HPOS="1616" VPOS="2372" WIDTH="56" />
<String CONTENT="Partnership." HEIGHT="70" HPOS="1673" VPOS="2369" WIDTH="398" />
<SP HEIGHT="52" HPOS="2072" VPOS="2371" WIDTH="74" />
<String CONTENT="Albany," HEIGHT="70" HPOS="2147" VPOS="2371" WIDTH="252" />
</TextLine>
<TextLine CS="1" HEIGHT="151" HPOS="378" VPOS="2446" WIDTH="1996">
<String CONTENT="N." HEIGHT="54" HPOS="378" VPOS="2446" WIDTH="71" />
<SP HEIGHT="51" HPOS="450" VPOS="2449" WIDTH="44" />
<String CONTENT="Y.," HEIGHT="66" HPOS="495" VPOS="2449" WIDTH="91" />
<SP HEIGHT="69" HPOS="587" VPOS="2446" WIDTH="41" />
<String CONTENT="New" HEIGHT="55" HPOS="629" VPOS="2446" WIDTH="140" />
<SP HEIGHT="51" HPOS="770" VPOS="2448" WIDTH="40" />
<String CONTENT="York," HEIGHT="69" HPOS="811" VPOS="2446" WIDTH="183" />
<SP HEIGHT="67" HPOS="995" VPOS="2448" WIDTH="41" />
<String CONTENT="N." HEIGHT="53" HPOS="1037" VPOS="2448" WIDTH="70" />
<SP HEIGHT="53" HPOS="1108" VPOS="2448" WIDTH="44" />
<String CONTENT="Y.," HEIGHT="67" HPOS="1153" VPOS="2448" WIDTH="91" />
<SP HEIGHT="68" HPOS="1245" VPOS="2447" WIDTH="41" />
<String CONTENT="Matthew" HEIGHT="54" HPOS="1287" VPOS="2447" WIDTH="282" />
<SP HEIGHT="51" HPOS="1570" VPOS="2450" WIDTH="41" />
<String CONTENT="Bender" HEIGHT="52" HPOS="1612" VPOS="2450" WIDTH="230" />
<SP HEIGHT="51" HPOS="1843" VPOS="2453" WIDTH="40" />
<String CONTENT="&amp;" HEIGHT="51" HPOS="1884" VPOS="2453" WIDTH="47" />
<SP HEIGHT="51" HPOS="1932" VPOS="2453" WIDTH="39" />
<String CONTENT="company," HEIGHT="51" HPOS="1972" VPOS="2470" WIDTH="300" />
<SP HEIGHT="70" HPOS="2273" VPOS="2451" WIDTH="40" />
<String CONTENT="incorporated," HEIGHT="146" HPOS="378" VPOS="2451" WIDTH="1996" />
<SP HEIGHT="65" HPOS="738" VPOS="2530" WIDTH="50" />
<String CONTENT="1933." HEIGHT="50" HPOS="789" VPOS="2529" WIDTH="151" />
</TextLine>
<TextLine CS="1" HEIGHT="49" HPOS="451" VPOS="2600" WIDTH="453">
<String CONTENT="xx," HEIGHT="35" HPOS="451" VPOS="2614" WIDTH="82" />
<SP HEIGHT="47" HPOS="534" VPOS="2602" WIDTH="31" />
<String CONTENT="637" HEIGHT="41" HPOS="566" VPOS="2602" WIDTH="87" />
<SP HEIGHT="41" HPOS="654" VPOS="2602" WIDTH="27" />
<String CONTENT="p." CS="1" HEIGHT="8" HPOS="718" VPOS="2634" WIDTH="8" />
<SP HEIGHT="42" HPOS="727" VPOS="2600" WIDTH="58" />
<String CONTENT="24" HEIGHT="40" HPOS="786" VPOS="2600" WIDTH="57" />
<String CONTENT="cm" HEIGHT="21" HPOS="846" STYLE="superscript" VPOS="2603" WIDTH="45" />
<String CONTENT="." HEIGHT="8" HPOS="895" VPOS="2633" WIDTH="9" />
</TextLine>
<TextLine CS="1" HEIGHT="55" HPOS="385" STYLEREFS="StyleId-8E07CF39-C221-40B6-8C7E-D63DB912B785-" VPOS="2669" WIDTH="2018">
<String CONTENT="&#169;" HEIGHT="53" HPOS="385" VPOS="2669" WIDTH="53" />
<SP HEIGHT="53" HPOS="439" VPOS="2669" WIDTH="28" />
<String CONTENT="May" HEIGHT="47" HPOS="468" VPOS="2674" WIDTH="115" />
<SP HEIGHT="48" HPOS="584" VPOS="2673" WIDTH="25" />
<String CONTENT="24," HEIGHT="47" HPOS="610" VPOS="2673" WIDTH="72" />
<SP HEIGHT="47" HPOS="683" VPOS="2673" WIDTH="27" />
<String CONTENT="1933;" CS="1" HEIGHT="41" HPOS="711" VPOS="2671" WIDTH="114" />
<SP HEIGHT="49" HPOS="855" VPOS="2670" WIDTH="29" />
<String CONTENT="2c." HEIGHT="42" HPOS="885" VPOS="2670" WIDTH="67" />
<SP HEIGHT="29" HPOS="953" VPOS="2682" WIDTH="30" />
<String CONTENT="and" HEIGHT="39" HPOS="984" VPOS="2673" WIDTH="96" />
<SP HEIGHT="40" HPOS="1081" VPOS="2673" WIDTH="28" />
<String CONTENT="aff." HEIGHT="42" HPOS="1110" VPOS="2671" WIDTH="83" />
<SP HEIGHT="38" HPOS="1194" VPOS="2673" WIDTH="29" />
<String CONTENT="May" HEIGHT="46" HPOS="1224" VPOS="2673" WIDTH="115" />
<SP HEIGHT="48" HPOS="1340" VPOS="2671" WIDTH="28" />
<String CONTENT="25;" HEIGHT="49" HPOS="1369" VPOS="2671" WIDTH="83" />
<SP HEIGHT="47" HPOS="1453" VPOS="2673" WIDTH="31" />
<String CONTENT="A" HEIGHT="39" HPOS="1485" VPOS="2673" WIDTH="41" />
<SP HEIGHT="40" HPOS="1527" VPOS="2673" WIDTH="28" />
<String CONTENT="61927;" HEIGHT="49" HPOS="1556" VPOS="2672" WIDTH="172" />
<SP HEIGHT="46" HPOS="1729" VPOS="2675" WIDTH="31" />
<String CONTENT="Matthew" HEIGHT="41" HPOS="1761" VPOS="2674" WIDTH="241" />
<SP HEIGHT="39" HPOS="2003" VPOS="2676" WIDTH="27" />
<String CONTENT="Bender" HEIGHT="40" HPOS="2031" VPOS="2676" WIDTH="194" />
<SP HEIGHT="41" HPOS="2226" VPOS="2676" WIDTH="27" />
<String CONTENT="&amp;" HEIGHT="41" HPOS="2254" VPOS="2676" WIDTH="36" />
<SP HEIGHT="43" HPOS="2291" VPOS="2676" WIDTH="28" />
<String CONTENT="co.," HEIGHT="38" HPOS="2320" VPOS="2686" WIDTH="83" />
</TextLine>
<TextLine HEIGHT="42" HPOS="453" STYLEREFS="StyleId-8E07CF39-C221-40B6-8C7E-D63DB912B785-" VPOS="2729" WIDTH="92">
<String CONTENT="inc." HEIGHT="42" HPOS="453" VPOS="2729" WIDTH="92" />
</TextLine>
<TextLine HEIGHT="67" HPOS="380" STYLEREFS="StyleId-189BBBA1-3582-4852-A55C-89F8437C05BA-" VPOS="2832" WIDTH="918">
<String CONTENT="Falk," HEIGHT="67" HPOS="380" VPOS="2832" WIDTH="166" />
<SP HEIGHT="65" HPOS="547" VPOS="2834" WIDTH="27" />
<String CONTENT="Isidore" HEIGHT="56" HPOS="575" VPOS="2832" WIDTH="226" />
<SP HEIGHT="54" HPOS="802" VPOS="2835" WIDTH="29" />
<String CONTENT="Sydney," HEIGHT="64" HPOS="832" VPOS="2834" WIDTH="259" />
<SP HEIGHT="58" HPOS="1092" VPOS="2839" WIDTH="31" />
<String CONTENT="1899-" HEIGHT="50" HPOS="1124" VPOS="2838" WIDTH="174" />
</TextLine>
<TextLine CS="1" HEIGHT="74" HPOS="516" VPOS="2911" WIDTH="1886">
<String CONTENT="&#8230;" CS="1" />
<SP HEIGHT="53" HPOS="516" VPOS="2915" WIDTH="28" />
<String CONTENT="The" HEIGHT="54" HPOS="545" VPOS="2914" WIDTH="121" />
<SP HEIGHT="35" HPOS="667" VPOS="2933" WIDTH="23" />
<String CONTENT="costs" HEIGHT="51" HPOS="691" VPOS="2917" WIDTH="146" />
<SP HEIGHT="35" HPOS="838" VPOS="2933" WIDTH="24" />
<String CONTENT="of" HEIGHT="56" HPOS="863" VPOS="2911" WIDTH="66" />
<SP HEIGHT="55" HPOS="930" VPOS="2911" WIDTH="20" />
<String CONTENT="medical" HEIGHT="54" HPOS="951" VPOS="2912" WIDTH="243" />
<SP HEIGHT="53" HPOS="1195" VPOS="2913" WIDTH="24" />
<String CONTENT="care;" HEIGHT="51" HPOS="1220" VPOS="2931" WIDTH="155" />
<SP HEIGHT="49" HPOS="1376" VPOS="2933" WIDTH="26" />
<String CONTENT="a" HEIGHT="34" HPOS="1403" VPOS="2933" WIDTH="29" />
<SP HEIGHT="37" HPOS="1433" VPOS="2933" WIDTH="24" />
<String CONTENT="summary" HEIGHT="50" HPOS="1458" VPOS="2934" WIDTH="292" />
<SP HEIGHT="50" HPOS="1751" VPOS="2934" WIDTH="24" />
<String CONTENT="of" HEIGHT="55" HPOS="1776" VPOS="2914" WIDTH="66" />
<SP HEIGHT="54" HPOS="1843" VPOS="2914" WIDTH="21" />
<String CONTENT="investigations" HEIGHT="70" HPOS="1865" VPOS="2915" WIDTH="439" />
<SP HEIGHT="34" HPOS="2305" VPOS="2937" WIDTH="23" />
<String CONTENT="on" HEIGHT="34" HPOS="2329" VPOS="2937" WIDTH="73" />
</TextLine>
<TextLine HEIGHT="73" HPOS="382" VPOS="2991" WIDTH="2018">
<String CONTENT="the" HEIGHT="53" HPOS="382" VPOS="2994" WIDTH="97" />
<SP HEIGHT="35" HPOS="480" VPOS="3013" WIDTH="31" />
<String CONTENT="economic" HEIGHT="56" HPOS="512" VPOS="2992" WIDTH="286" />
<SP HEIGHT="35" HPOS="799" VPOS="3011" WIDTH="30" />
<String CONTENT="aspects" HEIGHT="63" HPOS="830" VPOS="2997" WIDTH="220" />
<SP HEIGHT="35" HPOS="1051" VPOS="3011" WIDTH="31" />
<String CONTENT="of" HEIGHT="54" HPOS="1083" VPOS="2991" WIDTH="65" />
<SP HEIGHT="54" HPOS="1149" VPOS="2991" WIDTH="29" />
<String CONTENT="the" HEIGHT="53" HPOS="1179" VPOS="2993" WIDTH="96" />
<SP HEIGHT="50" HPOS="1276" VPOS="3011" WIDTH="29" />
<String CONTENT="prevention" HEIGHT="63" HPOS="1306" VPOS="2998" WIDTH="341" />
<SP HEIGHT="34" HPOS="1648" VPOS="3013" WIDTH="30" />
<String CONTENT="and" HEIGHT="53" HPOS="1679" VPOS="2995" WIDTH="111" />
<SP HEIGHT="55" HPOS="1791" VPOS="2995" WIDTH="34" />
<String CONTENT="care" HEIGHT="36" HPOS="1826" VPOS="3014" WIDTH="127" />
<SP HEIGHT="34" HPOS="1954" VPOS="3014" WIDTH="31" />
<String CONTENT="of" HEIGHT="54" HPOS="1986" VPOS="2994" WIDTH="64" />
<SP HEIGHT="54" HPOS="2051" VPOS="2994" WIDTH="30" />
<String CONTENT="illness," HEIGHT="68" HPOS="2082" VPOS="2996" WIDTH="211" />
<SP HEIGHT="69" HPOS="2294" VPOS="2995" WIDTH="32" />
<String CONTENT="by" HEIGHT="69" HPOS="2327" VPOS="2995" WIDTH="73" />
</TextLine>
<TextLine CS="1" HEIGHT="70" HPOS="383" VPOS="3070" WIDTH="2015">
<String CONTENT="I." HEIGHT="53" HPOS="383" VPOS="3074" WIDTH="49" />
<SP HEIGHT="56" HPOS="433" VPOS="3073" WIDTH="33" />
<String CONTENT="S." HEIGHT="56" HPOS="467" VPOS="3073" WIDTH="57" />
<SP HEIGHT="52" HPOS="525" VPOS="3074" WIDTH="32" />
<String CONTENT="Falk," HEIGHT="67" HPOS="558" VPOS="3072" WIDTH="167" />
<SP HEIGHT="50" HPOS="726" VPOS="3089" WIDTH="29" />
<String CONTENT="PH." CS="1" HEIGHT="10" HPOS="845" VPOS="3116" WIDTH="10" />
<SP HEIGHT="35" HPOS="856" VPOS="3091" WIDTH="30" />
<String CONTENT="D.," CS="1" HEIGHT="26" HPOS="925" VPOS="3114" WIDTH="29" />
<SP HEIGHT="68" HPOS="955" VPOS="3072" WIDTH="32" />
<String CONTENT="C." HEIGHT="55" HPOS="988" VPOS="3072" WIDTH="60" />
<SP HEIGHT="53" HPOS="1049" VPOS="3072" WIDTH="32" />
<String CONTENT="Rufus" HEIGHT="55" HPOS="1082" VPOS="3070" WIDTH="192" />
<SP HEIGHT="52" HPOS="1275" VPOS="3073" WIDTH="30" />
<String CONTENT="Rorem," HEIGHT="65" HPOS="1306" VPOS="3073" WIDTH="229" />
<SP HEIGHT="48" HPOS="1536" VPOS="3090" WIDTH="28" />
<String CONTENT="PH." CS="1" HEIGHT="10" HPOS="1655" VPOS="3117" WIDTH="10" />
<SP HEIGHT="35" HPOS="1666" VPOS="3092" WIDTH="32" />
<String CONTENT="D.," CS="1" HEIGHT="26" HPOS="1736" VPOS="3114" WIDTH="29" />
<SP HEIGHT="49" HPOS="1766" VPOS="3091" WIDTH="30" />
<String CONTENT="C." CS="1" HEIGHT="10" HPOS="1834" VPOS="3117" WIDTH="10" />
<SP HEIGHT="36" HPOS="1845" VPOS="3091" WIDTH="30" />
<String CONTENT="P." CS="1" HEIGHT="9" HPOS="1916" VPOS="3117" WIDTH="9" />
<SP HEIGHT="34" HPOS="1926" VPOS="3092" WIDTH="31" />
<String CONTENT="A.," CS="1" HEIGHT="24" HPOS="2001" VPOS="3116" WIDTH="28" />
<SP HEIGHT="66" HPOS="2030" VPOS="3074" WIDTH="29" />
<String CONTENT="Martha" HEIGHT="53" HPOS="2060" VPOS="3074" WIDTH="235" />
<SP HEIGHT="51" HPOS="2296" VPOS="3076" WIDTH="31" />
<String CONTENT="D." HEIGHT="52" HPOS="2328" VPOS="3076" WIDTH="70" />
</TextLine>
<TextLine CS="1" HEIGHT="72" HPOS="383" VPOS="3150" WIDTH="2018">
<String CONTENT="Ring;" HEIGHT="69" HPOS="383" VPOS="3151" WIDTH="186" />
<SP HEIGHT="49" HPOS="570" VPOS="3171" WIDTH="38" />
<String CONTENT="with" HEIGHT="54" HPOS="609" VPOS="3150" WIDTH="141" />
<SP HEIGHT="52" HPOS="751" VPOS="3152" WIDTH="36" />
<String CONTENT="a" HEIGHT="34" HPOS="788" VPOS="3170" WIDTH="31" />
<SP HEIGHT="54" HPOS="820" VPOS="3150" WIDTH="37" />
<String CONTENT="foreword" HEIGHT="56" HPOS="858" VPOS="3150" WIDTH="290" />
<SP HEIGHT="55" HPOS="1149" VPOS="3151" WIDTH="33" />
<String CONTENT="by" HEIGHT="69" HPOS="1183" VPOS="3151" WIDTH="76" />
<SP HEIGHT="68" HPOS="1260" VPOS="3152" WIDTH="34" />
<String CONTENT="Ray" HEIGHT="67" HPOS="1295" VPOS="3152" WIDTH="129" />
<SP HEIGHT="67" HPOS="1425" VPOS="3152" WIDTH="34" />
<String CONTENT="Lyman" HEIGHT="67" HPOS="1460" VPOS="3152" WIDTH="226" />
<SP HEIGHT="54" HPOS="1687" VPOS="3153" WIDTH="32" />
<String CONTENT="Wilbur" HEIGHT="55" HPOS="1720" VPOS="3152" WIDTH="232" />
<SP HEIGHT="35" HPOS="1953" VPOS="3171" WIDTH="37" />
<String CONTENT="&#8230;" CS="1" />
<SP HEIGHT="55" HPOS="2049" VPOS="3153" WIDTH="80" />
<String CONTENT="Chicago," HEIGHT="69" HPOS="2130" VPOS="3153" WIDTH="271" />
</TextLine>
<TextLine CS="1" HEIGHT="71" HPOS="383" VPOS="3229" WIDTH="1401">
<String CONTENT="Ill.," HEIGHT="68" HPOS="383" VPOS="3232" WIDTH="113" />
<SP HEIGHT="66" HPOS="497" VPOS="3234" WIDTH="27" />
<String CONTENT="The" HEIGHT="54" HPOS="525" VPOS="3232" WIDTH="123" />
<SP HEIGHT="54" HPOS="649" VPOS="3232" WIDTH="24" />
<String CONTENT="University" HEIGHT="70" HPOS="674" VPOS="3229" WIDTH="342" />
<SP HEIGHT="50" HPOS="1017" VPOS="3249" WIDTH="24" />
<String CONTENT="of" HEIGHT="54" HPOS="1042" VPOS="3230" WIDTH="65" />
<SP HEIGHT="56" HPOS="1108" VPOS="3230" WIDTH="26" />
<String CONTENT="Chicago" HEIGHT="70" HPOS="1135" VPOS="3229" WIDTH="254" />
<SP HEIGHT="50" HPOS="1390" VPOS="3248" WIDTH="28" />
<String CONTENT="press" HEIGHT="50" HPOS="1419" VPOS="3248" WIDTH="158" />
<SP HEIGHT="50" HPOS="1578" VPOS="3249" WIDTH="32" />
<String CONTENT="[1933]" CS="1" HEIGHT="65" HPOS="1631" VPOS="3234" WIDTH="153" />
</TextLine>
<TextLine CS="1" HEIGHT="101" HPOS="385" STYLEREFS="StyleId-8E07CF39-C221-40B6-8C7E-D63DB912B785-" VPOS="3303" WIDTH="2000">
<String CONTENT="xviii," HEIGHT="49" HPOS="454" VPOS="3304" WIDTH="138" />
<SP HEIGHT="48" HPOS="593" VPOS="3305" WIDTH="27" />
<String CONTENT="623" HEIGHT="41" HPOS="621" VPOS="3305" WIDTH="85" />
<SP HEIGHT="48" HPOS="707" VPOS="3305" WIDTH="26" />
<String CONTENT="p." HEIGHT="38" HPOS="734" VPOS="3315" WIDTH="42" />
<SP HEIGHT="39" HPOS="777" VPOS="3305" WIDTH="29" />
<String CONTENT="incl." HEIGHT="39" HPOS="807" VPOS="3305" WIDTH="110" />
<SP HEIGHT="38" HPOS="918" VPOS="3306" WIDTH="28" />
<String CONTENT="tables," HEIGHT="48" HPOS="947" VPOS="3304" WIDTH="171" />
<SP HEIGHT="47" HPOS="1119" VPOS="3305" WIDTH="27" />
<String CONTENT="diagrs." HEIGHT="48" HPOS="1147" VPOS="3304" WIDTH="182" />
<SP HEIGHT="40" HPOS="1330" VPOS="3304" WIDTH="54" />
<String CONTENT="23|" HEIGHT="49" HPOS="1385" VPOS="3303" WIDTH="85" />
<String CONTENT="cm" HEIGHT="22" HPOS="1474" STYLE="superscript" VPOS="3306" WIDTH="44" />
<String CONTENT="." HEIGHT="8" HPOS="1523" VPOS="3336" WIDTH="9" />
<SP HEIGHT="48" HPOS="1533" VPOS="3304" WIDTH="64" />
<String CONTENT="(Publications" HEIGHT="49" HPOS="1598" VPOS="3303" WIDTH="361" />
<SP HEIGHT="30" HPOS="1960" VPOS="3314" WIDTH="27" />
<String CONTENT="of" HEIGHT="40" HPOS="1988" VPOS="3303" WIDTH="52" />
<SP HEIGHT="41" HPOS="2041" VPOS="3303" WIDTH="25" />
<String CONTENT="the" HEIGHT="40" HPOS="2067" VPOS="3304" WIDTH="83" />
<SP HEIGHT="41" HPOS="2151" VPOS="3304" WIDTH="25" />
<String CONTENT="Committee" HEIGHT="100" HPOS="385" VPOS="3304" WIDTH="2000" />
</TextLine>
<TextLine HEIGHT="48" HPOS="488" STYLEREFS="StyleId-8E07CF39-C221-40B6-8C7E-D63DB912B785-" VPOS="3360" WIDTH="1031">
<String CONTENT="on" HEIGHT="31" HPOS="488" VPOS="3373" WIDTH="61" />
<SP HEIGHT="39" HPOS="550" VPOS="3365" WIDTH="26" />
<String CONTENT="the" HEIGHT="41" HPOS="577" VPOS="3363" WIDTH="83" />
<SP HEIGHT="29" HPOS="661" VPOS="3374" WIDTH="25" />
<String CONTENT="costs" HEIGHT="39" HPOS="687" VPOS="3364" WIDTH="129" />
<SP HEIGHT="30" HPOS="817" VPOS="3373" WIDTH="27" />
<String CONTENT="of" HEIGHT="40" HPOS="845" VPOS="3362" WIDTH="52" />
<SP HEIGHT="40" HPOS="898" VPOS="3362" WIDTH="25" />
<String CONTENT="medical" HEIGHT="41" HPOS="924" VPOS="3362" WIDTH="207" />
<SP HEIGHT="40" HPOS="1132" VPOS="3364" WIDTH="27" />
<String CONTENT="care:" HEIGHT="33" HPOS="1160" VPOS="3371" WIDTH="139" />
<SP HEIGHT="31" HPOS="1300" VPOS="3371" WIDTH="32" />
<String CONTENT="no." HEIGHT="30" HPOS="1333" VPOS="3372" WIDTH="76" />
<SP HEIGHT="40" HPOS="1410" VPOS="3362" WIDTH="27" />
<String CONTENT="27)" HEIGHT="48" HPOS="1438" VPOS="3360" WIDTH="81" />
</TextLine>
<TextLine HEIGHT="51" HPOS="456" STYLEREFS="StyleId-8E07CF39-C221-40B6-8C7E-D63DB912B785-" VPOS="3417" WIDTH="1945">
<String CONTENT="A" HEIGHT="39" HPOS="456" VPOS="3421" WIDTH="41" />
<SP HEIGHT="41" HPOS="498" VPOS="3421" WIDTH="24" />
<String CONTENT="summary" HEIGHT="38" HPOS="523" VPOS="3430" WIDTH="250" />
<SP HEIGHT="37" HPOS="774" VPOS="3431" WIDTH="23" />
<String CONTENT="of" HEIGHT="42" HPOS="798" VPOS="3419" WIDTH="53" />
<SP HEIGHT="41" HPOS="852" VPOS="3419" WIDTH="22" />
<String CONTENT="the" HEIGHT="39" HPOS="875" VPOS="3421" WIDTH="83" />
<SP HEIGHT="41" HPOS="959" VPOS="3419" WIDTH="21" />
<String CONTENT="five" HEIGHT="41" HPOS="981" VPOS="3419" WIDTH="93" />
<SP HEIGHT="36" HPOS="1075" VPOS="3431" WIDTH="24" />
<String CONTENT="years" HEIGHT="37" HPOS="1100" VPOS="3430" WIDTH="144" />
<SP HEIGHT="30" HPOS="1245" VPOS="3431" WIDTH="25" />
<String CONTENT="of" HEIGHT="41" HPOS="1271" VPOS="3419" WIDTH="52" />
<SP HEIGHT="40" HPOS="1324" VPOS="3419" WIDTH="22" />
<String CONTENT="investigation" HEIGHT="49" HPOS="1347" VPOS="3418" WIDTH="350" />
<SP HEIGHT="40" HPOS="1698" VPOS="3419" WIDTH="23" />
<String CONTENT="by" HEIGHT="48" HPOS="1722" VPOS="3419" WIDTH="61" />
<SP HEIGHT="47" HPOS="1784" VPOS="3420" WIDTH="25" />
<String CONTENT="the" HEIGHT="40" HPOS="1810" VPOS="3419" WIDTH="82" />
<SP HEIGHT="41" HPOS="1893" VPOS="3419" WIDTH="25" />
<String CONTENT="Committee" HEIGHT="43" HPOS="1919" VPOS="3417" WIDTH="289" />
<SP HEIGHT="29" HPOS="2209" VPOS="3429" WIDTH="23" />
<String CONTENT="on" HEIGHT="29" HPOS="2233" VPOS="3429" WIDTH="60" />
<SP HEIGHT="38" HPOS="2294" VPOS="3420" WIDTH="27" />
<String CONTENT="the" HEIGHT="39" HPOS="2322" VPOS="3419" WIDTH="79" />
</TextLine>
<TextLine HEIGHT="42" HPOS="385" STYLEREFS="StyleId-8E07CF39-C221-40B6-8C7E-D63DB912B785-" VPOS="3477" WIDTH="618">
<String CONTENT="costs" HEIGHT="39" HPOS="385" VPOS="3480" WIDTH="129" />
<SP HEIGHT="30" HPOS="515" VPOS="3489" WIDTH="32" />
<String CONTENT="of" HEIGHT="41" HPOS="548" VPOS="3478" WIDTH="53" />
<SP HEIGHT="40" HPOS="602" VPOS="3478" WIDTH="31" />
<String CONTENT="medical" HEIGHT="41" HPOS="634" VPOS="3477" WIDTH="206" />
<SP HEIGHT="39" HPOS="841" VPOS="3479" WIDTH="34" />
<String CONTENT="care." HEIGHT="32" HPOS="876" VPOS="3487" WIDTH="127" />
</TextLine>
<TextLine HEIGHT="53" HPOS="389" STYLEREFS="StyleId-8E07CF39-C221-40B6-8C7E-D63DB912B785-" VPOS="3532" WIDTH="2016">
<String CONTENT="&#169;" HEIGHT="53" HPOS="389" VPOS="3532" WIDTH="53" />
<SP HEIGHT="53" HPOS="443" VPOS="3532" WIDTH="22" />
<String CONTENT="Feb." HEIGHT="40" HPOS="466" VPOS="3537" WIDTH="111" />
<SP HEIGHT="39" HPOS="578" VPOS="3538" WIDTH="22" />
<String CONTENT="28," HEIGHT="47" HPOS="601" VPOS="3537" WIDTH="69" />
<SP HEIGHT="47" HPOS="671" VPOS="3537" WIDTH="24" />
<String CONTENT="1933;" HEIGHT="47" HPOS="696" VPOS="3535" WIDTH="141" />
<SP HEIGHT="45" HPOS="838" VPOS="3537" WIDTH="24" />
<String CONTENT="2c." HEIGHT="39" HPOS="863" VPOS="3537" WIDTH="68" />
<SP HEIGHT="40" HPOS="932" VPOS="3536" WIDTH="23" />
<String CONTENT="May" HEIGHT="47" HPOS="956" VPOS="3536" WIDTH="114" />
<SP HEIGHT="49" HPOS="1071" VPOS="3534" WIDTH="21" />
<String CONTENT="2;" HEIGHT="49" HPOS="1093" VPOS="3534" WIDTH="55" />
<SP HEIGHT="37" HPOS="1149" VPOS="3546" WIDTH="24" />
<String CONTENT="aff." HEIGHT="41" HPOS="1174" VPOS="3535" WIDTH="81" />
<SP HEIGHT="39" HPOS="1256" VPOS="3536" WIDTH="23" />
<String CONTENT="Apr." HEIGHT="47" HPOS="1280" VPOS="3536" WIDTH="115" />
<SP HEIGHT="42" HPOS="1396" VPOS="3534" WIDTH="22" />
<String CONTENT="29;" HEIGHT="49" HPOS="1419" VPOS="3533" WIDTH="83" />
<SP HEIGHT="47" HPOS="1503" VPOS="3535" WIDTH="26" />
<String CONTENT="A" HEIGHT="39" HPOS="1530" VPOS="3535" WIDTH="41" />
<SP HEIGHT="41" HPOS="1572" VPOS="3534" WIDTH="22" />
<String CONTENT="61559;" HEIGHT="49" HPOS="1595" VPOS="3533" WIDTH="171" />
<SP HEIGHT="47" HPOS="1767" VPOS="3535" WIDTH="25" />
<String CONTENT="University" HEIGHT="49" HPOS="1793" VPOS="3533" WIDTH="285" />
<SP HEIGHT="37" HPOS="2079" VPOS="3545" WIDTH="23" />
<String CONTENT="of" HEIGHT="41" HPOS="2103" VPOS="3533" WIDTH="54" />
<SP HEIGHT="41" HPOS="2158" VPOS="3533" WIDTH="21" />
<String CONTENT="Chicago," HEIGHT="48" HPOS="2180" VPOS="3532" WIDTH="225" />
</TextLine>
<TextLine CS="1" HEIGHT="55" HPOS="459" STYLEREFS="StyleId-8E07CF39-C221-40B6-8C7E-D63DB912B785-" VPOS="3587" WIDTH="1855">
<String CONTENT="Chicago." HEIGHT="48" HPOS="459" VPOS="3593" WIDTH="225" />
<SP HEIGHT="49" HPOS="685" VPOS="3593" WIDTH="71" />
<String CONTENT="(33-27129)" HEIGHT="50" HPOS="757" VPOS="3592" WIDTH="283" />
<SP />
<String CONTENT="3861" HEIGHT="44" HPOS="2196" VPOS="3587" WIDTH="118" />
</TextLine>
<TextLine CS="1" HEIGHT="152" HPOS="384" VPOS="3693" WIDTH="1991">
<String CONTENT="&#8230;" CS="1" />
<SP HEIGHT="51" HPOS="519" VPOS="3698" WIDTH="31" />
<String CONTENT="The" HEIGHT="53" HPOS="551" VPOS="3697" WIDTH="122" />
<SP HEIGHT="54" HPOS="674" VPOS="3696" WIDTH="23" />
<String CONTENT="incidence" HEIGHT="55" HPOS="698" VPOS="3695" WIDTH="291" />
<SP HEIGHT="34" HPOS="990" VPOS="3716" WIDTH="25" />
<String CONTENT="of" HEIGHT="54" HPOS="1016" VPOS="3696" WIDTH="64" />
<SP HEIGHT="53" HPOS="1081" VPOS="3695" WIDTH="22" />
<String CONTENT="illness" HEIGHT="55" HPOS="1104" VPOS="3695" WIDTH="194" />
<SP HEIGHT="35" HPOS="1299" VPOS="3715" WIDTH="26" />
<String CONTENT="and" HEIGHT="52" HPOS="1326" VPOS="3698" WIDTH="113" />
<SP HEIGHT="52" HPOS="1440" VPOS="3698" WIDTH="23" />
<String CONTENT="the" HEIGHT="53" HPOS="1464" VPOS="3697" WIDTH="96" />
<SP HEIGHT="35" HPOS="1561" VPOS="3715" WIDTH="24" />
<String CONTENT="receipt" HEIGHT="71" HPOS="1586" VPOS="3694" WIDTH="216" />
<SP HEIGHT="47" HPOS="1803" VPOS="3701" WIDTH="22" />
<String CONTENT="and" HEIGHT="53" HPOS="1826" VPOS="3696" WIDTH="113" />
<SP HEIGHT="53" HPOS="1940" VPOS="3696" WIDTH="25" />
<String CONTENT="costs" HEIGHT="49" HPOS="1966" VPOS="3701" WIDTH="146" />
<SP HEIGHT="36" HPOS="2113" VPOS="3714" WIDTH="23" />
<String CONTENT="of" HEIGHT="53" HPOS="2137" VPOS="3695" WIDTH="65" />
<SP HEIGHT="53" HPOS="2203" VPOS="3695" WIDTH="22" />
<String CONTENT="medical" HEIGHT="137" HPOS="384" VPOS="3693" WIDTH="1991" />
<SP HEIGHT="52" HPOS="473" VPOS="3778" WIDTH="32" />
<String CONTENT="care" HEIGHT="35" HPOS="506" VPOS="3795" WIDTH="128" />
<SP HEIGHT="34" HPOS="635" VPOS="3796" WIDTH="31" />
<String CONTENT="among" HEIGHT="50" HPOS="667" VPOS="3795" WIDTH="209" />
</TextLine>
<TextLine HEIGHT="71" HPOS="910" VPOS="3774" WIDTH="1491">
<String CONTENT="representative" HEIGHT="68" HPOS="910" VPOS="3777" WIDTH="449" />
<SP HEIGHT="53" HPOS="1360" VPOS="3776" WIDTH="33" />
<String CONTENT="families;" HEIGHT="68" HPOS="1394" VPOS="3775" WIDTH="281" />
<SP HEIGHT="48" HPOS="1676" VPOS="3795" WIDTH="35" />
<String CONTENT="experiences" HEIGHT="68" HPOS="1712" VPOS="3775" WIDTH="359" />
<SP HEIGHT="55" HPOS="2072" VPOS="3774" WIDTH="32" />
<String CONTENT="in" HEIGHT="53" HPOS="2105" VPOS="3774" WIDTH="62" />
<SP HEIGHT="48" HPOS="2168" VPOS="3779" WIDTH="32" />
<String CONTENT="twelve" HEIGHT="53" HPOS="2201" VPOS="3774" WIDTH="200" />
</TextLine>
<TextLine CS="1" HEIGHT="71" HPOS="385" VPOS="3853" WIDTH="2016">
<String CONTENT="consecutive" HEIGHT="55" HPOS="385" VPOS="3855" WIDTH="357" />
<SP HEIGHT="35" HPOS="743" VPOS="3874" WIDTH="36" />
<String CONTENT="months" HEIGHT="54" HPOS="780" VPOS="3856" WIDTH="230" />
<SP HEIGHT="53" HPOS="1011" VPOS="3857" WIDTH="40" />
<String CONTENT="during" HEIGHT="69" HPOS="1052" VPOS="3855" WIDTH="215" />
<SP HEIGHT="64" HPOS="1268" VPOS="3860" WIDTH="41" />
<String CONTENT="1928-1931," HEIGHT="64" HPOS="1310" VPOS="3858" WIDTH="328" />
<SP HEIGHT="68" HPOS="1639" VPOS="3854" WIDTH="37" />
<String CONTENT="by" HEIGHT="69" HPOS="1677" VPOS="3854" WIDTH="77" />
<SP HEIGHT="68" HPOS="1755" VPOS="3855" WIDTH="39" />
<String CONTENT="I." HEIGHT="51" HPOS="1795" VPOS="3855" WIDTH="48" />
<SP HEIGHT="55" HPOS="1844" VPOS="3854" WIDTH="44" />
<String CONTENT="S." HEIGHT="55" HPOS="1889" VPOS="3854" WIDTH="56" />
<SP HEIGHT="53" HPOS="1946" VPOS="3854" WIDTH="42" />
<String CONTENT="Falk," HEIGHT="66" HPOS="1989" VPOS="3853" WIDTH="167" />
<SP HEIGHT="49" HPOS="2157" VPOS="3870" WIDTH="37" />
<String CONTENT="PH." CS="1" HEIGHT="9" HPOS="2284" VPOS="3895" WIDTH="9" />
<SP HEIGHT="33" HPOS="2294" VPOS="3871" WIDTH="41" />
<String CONTENT="D.," CS="1" HEIGHT="23" HPOS="2373" VPOS="3894" WIDTH="28" />
</TextLine>
<TextLine CS="1" HEIGHT="72" HPOS="385" VPOS="3931" WIDTH="2016">
<String CONTENT="Margaret" HEIGHT="69" HPOS="385" VPOS="3933" WIDTH="299" />
<SP HEIGHT="55" HPOS="685" VPOS="3935" WIDTH="31" />
<String CONTENT="C." HEIGHT="55" HPOS="717" VPOS="3935" WIDTH="63" />
<SP HEIGHT="52" HPOS="781" VPOS="3935" WIDTH="32" />
<String CONTENT="Klem," HEIGHT="68" HPOS="814" VPOS="3935" WIDTH="190" />
<SP HEIGHT="67" HPOS="1005" VPOS="3936" WIDTH="30" />
<String CONTENT="Nathan" HEIGHT="53" HPOS="1036" VPOS="3935" WIDTH="237" />
<SP HEIGHT="56" HPOS="1274" VPOS="3933" WIDTH="33" />
<String CONTENT="Sinai," HEIGHT="67" HPOS="1308" VPOS="3933" WIDTH="182" />
<SP HEIGHT="47" HPOS="1491" VPOS="3953" WIDTH="30" />
<String CONTENT="D." CS="1" HEIGHT="9" HPOS="1560" VPOS="3978" WIDTH="8" />
<SP HEIGHT="36" HPOS="1569" VPOS="3951" WIDTH="36" />
<String CONTENT="P." CS="1" HEIGHT="10" HPOS="1643" VPOS="3976" WIDTH="10" />
<SP HEIGHT="35" HPOS="1654" VPOS="3951" WIDTH="35" />
<String CONTENT="H." CS="1" HEIGHT="9" HPOS="1741" VPOS="3976" WIDTH="9" />
<SP HEIGHT="55" HPOS="1751" VPOS="3933" WIDTH="77" />
<String CONTENT="Chicago," HEIGHT="69" HPOS="1829" VPOS="3931" WIDTH="272" />
<SP HEIGHT="55" HPOS="2102" VPOS="3932" WIDTH="32" />
<String CONTENT="Ill.," HEIGHT="67" HPOS="2135" VPOS="3931" WIDTH="114" />
<SP HEIGHT="66" HPOS="2250" VPOS="3932" WIDTH="30" />
<String CONTENT="The" HEIGHT="51" HPOS="2281" VPOS="3932" WIDTH="120" />
</TextLine>
<TextLine HEIGHT="73" HPOS="384" VPOS="4010" WIDTH="1122">
<String CONTENT="University" HEIGHT="73" HPOS="384" VPOS="4010" WIDTH="341" />
<SP HEIGHT="52" HPOS="726" VPOS="4031" WIDTH="29" />
<String CONTENT="of" HEIGHT="55" HPOS="756" VPOS="4012" WIDTH="65" />
<SP HEIGHT="58" HPOS="822" VPOS="4012" WIDTH="28" />
<String CONTENT="Chicago" HEIGHT="71" HPOS="851" VPOS="4011" WIDTH="256" />
<SP HEIGHT="50" HPOS="1108" VPOS="4031" WIDTH="28" />
<String CONTENT="press" HEIGHT="50" HPOS="1137" VPOS="4031" WIDTH="158" />
<SP HEIGHT="49" HPOS="1296" VPOS="4032" WIDTH="35" />
<String CONTENT="[1933]" HEIGHT="65" HPOS="1332" VPOS="4016" WIDTH="174" />
</TextLine>
</TextBlock>
</PrintSpace>
</Page>
</Layout>
</alto>