2575 4405
1099 4044 65 52 57

135 387 288 56 Alabama
457 390 112 52 and
604 390 288 55 Southern
926 394 257 63 reporter
1215 389 204 70 digest,
1453 389 268 70 covering
1755 390 78 53 all
1866 408 150 35 cases

205 409 1906 127 reported
442 471 60 51 in
534 469 284 53 Alabama
851 472 240 64 reports,
1123 469 284 52 Alabama
1444 469 286 68 appellate
1763 474 222 63 reports
2021 470 113 53 and

206 547 286 54 Southern
537 552 257 63 reporter
844 590 56 9 …
979 546 547 69 Descriptive-word
1572 548 189 52 index.
1840 548 81 55 St.
1968 550 167 67 Paul,

202 624 1089 70 Minn., West publishing co. [ c 1932]
203 713 64 48 ix,
299 714 113 40 1703
441 724 42 38 p.
543 714 59 39 26
602 716 43 21 cm
651 746 9 9 .

138 780 51 52 ©
218 785 113 40 Dec.
359 783 41 49 9,
429 784 113 40 1932;
601 784 68 41 2c.
701 784 107 40 Jan.
842 785 68 47 11,
942 784 140 47 1933;
1116 783 81 41 aff.
1229 784 111 41 Jan.
1372 783 81 48 12;
1487 784 41 39 A
1558 784 171 48 58874;
1763 785 135 40 West
1928 786 94 47 pub.
2070 794 66 32 co.

133 889 316 54 American
480 890 197 53 school
708 890 63 53 of
801 888 267 55 classical
1098 888 229 54 studies
1356 892 63 49 at
1450 890 254 55 Athens.

205 971 270 69 Corinth;
512 974 204 53 results
750 974 62 53 of
847 973 361 54 excavations
1243 974 314 53 conducted
1591 974 73 70 by
1696 974 97 54 the
1826 974 308 54 American

132 1053 190 52 school
360 1053 64 53 of
460 1053 255 53 classical
751 1053 215 53 studies
1005 1059 59 47 at
1098 1054 239 52 Athens,
1413 1072 50 35 v.
1504 1057 46 49 1.
1591 1054 422 67 Introduction,
132 1059 1976 140 topography,

483 1132 394 57 architecture,
906 1133 73 65 by
1008 1133 226 52 Harold
1264 1132 188 54 North
1482 1134 224 51 Fowler
1735 1134 112 51 and
1878 1133 256 54 Richard

135 1209 284 69 Stillwell,
453 1210 139 53 with
627 1211 418 53 contributions
1078 1212 73 68 by
1189 1211 136 54 Carl
1358 1211 262 55 William
1654 1213 235 67 Blegen,
131 1213 1978 130 Benjamin
290 1291 233 66 Powell,

563 1291 112 51 and
717 1291 236 54 Charles
994 1291 329 51 Alexander
1364 1290 311 70 Robinson,
1713 1291 72 69 jr.
1830 1333 56 10 …
131 1290 1978 147 Cambridge,
402 1369 190 67 Mass.,
644 1369 142 53 Pub.
843 1369 94 51 for

989 1369 122 53 The
1163 1369 308 53 American
1522 1370 190 53 school
1763 1370 64 53 of
1877 1370 256 54 classical

131 1447 213 54 studies
374 1453 58 49 at
458 1449 240 66 Athens,
726 1449 275 52 Harvard
1029 1447 318 70 university
1374 1467 176 50 press,
1579 1451 148 50 1932.

202 1500 1935 72 xv p., 2 l., [3]-239 p. front., illus. (incl. maps) diagrs. 31½ cm . and
131 1568 1282 60 portfolio of XXI plates (part fold.) 53½ × 38 cm .
205 1652 128 39 “The
359 1652 195 48 general
583 1651 159 43 editor
768 1651 40 42 is
838 1651 255 41 Professor
1122 1651 189 41 Harold
1339 1651 156 42 North
1526 1650 231 43 Fowler.”

136 1720 1999 52 © Dec. 21, 1932; 2c. each Jan. 21, 1933; aff. Jan. 3; A 58960; Trustees
204 1782 51 40 of
285 1782 81 39 the
396 1782 158 40 Amer.
585 1781 163 40 school
779 1781 53 40 of
861 1778 224 43 classical
1117 1781 185 39 studies
1336 1783 52 38 at
1417 1780 200 47 Athens,
1653 1780 301 50 Cambridge,
1988 1782 149 40 Mass.

130 1886 211 64 Barry,
374 1885 263 65 Charles,
666 1886 197 66 pseud.

200 1963 121 52 The
353 1982 198 49 wrong
581 1963 248 52 murder,
905 1963 161 68 chap.
1100 1966 82 50 25.

213 2052 83 48 (In
326 2048 260 51 Universe,
617 2048 113 43 Dec.
762 2050 41 48 9,
839 2047 143 50 1932)

135 2118 2000 52 © 1c. Feb. 4, 1933; A ad int. 17431; pubd. Dec. 9, 1932; Charles Bryson,
203 2180 196 40 London.

129 2292 232 66 Brown,
391 2292 315 54 Lawrence
738 2290 151 65 Guy.

198 2375 425 70 Immigration,
663 2375 249 54 cultural
952 2374 255 54 conflicts
1247 2376 113 52 and
1402 2373 174 54 social
1619 2373 398 70 adjustments,
2057 2375 77 69 by

128 2454 303 53 Lawrence
463 2453 132 69 Guy
629 2454 215 52 Brown
880 2495 57 10 …
1008 2453 141 53 New
1183 2451 163 55 York
1403 2457 121 62 [etc.]
1564 2453 347 69 Longmans,
1945 2451 189 57 Green

128 2534 113 52 and
268 2550 98 50 co.,
396 2535 151 50 1933.

197 2620 84 47 xii,
325 2619 87 41 419
455 2629 43 39 p.
571 2619 130 40 illus.
730 2618 162 49 (plan)
975 2616 56 41 22
1034 2619 44 22 cm
1083 2647 9 9 .
1170 2616 301 51 [Longmans’
1520 2616 150 41 social
1717 2615 186 43 science
1950 2616 179 50 series;

128 2677 53 41 E.
211 2677 55 40 R.
295 2676 196 47 Groves,
519 2675 196 49 general
742 2675 175 50 editor]

200 2746 162 42 “First
392 2745 228 42 edition.”

201 2802 348 49 Bibliography
575 2804 52 39 at
652 2803 90 41 end
769 2801 52 41 of
846 2802 119 41 each
990 2801 204 48 chapter
1216 2802 171 47 except
1414 2800 201 48 chapter
1733 2832 9 10 XIX.

135 2871 51 53 ©
218 2877 108 39 Jan.
357 2877 41 46 4,
430 2874 116 42 1933;
604 2875 67 40 2c.
703 2875 95 39 and
831 2873 82 41 aff.
947 2874 110 40 Jan.
1089 2871 81 49 12;
1205 2873 41 39 A
1278 2872 170 48 58787;
1483 2874 288 48 Longmans,
1807 2873 155 41 Green
1996 2874 37 40 &
2065 2885 68 30 co.

212 2933 250 49 (33-2736)

129 3044 198 66 Butts,
360 3046 191 64 Mary,
585 3049 170 50 1891-

199 3128 188 54 Death
409 3126 64 54 of
495 3125 244 63 Felicity
765 3126 288 53 Taverner
1100 3123 75 65 [by]
1221 3124 170 64 Mary
1416 3124 187 53 Butts.
1662 3123 257 65 London,
131 3122 1975 137 Wishart
249 3207 45 50 &
325 3224 96 48 co.,
452 3207 150 51 1932.

197 3292 99 48 267,
328 3292 55 50 [1]
412 3302 42 38 p.
510 3290 56 41 19½
598 3291 44 23 cm
648 3323 8 8 .

135 3362 1997 54 © 1c. Jan. 27, 1933; A ad int. 17415; pubd. Nov. 28, 1932; M. Butts,
205 3425 185 40 Sennen
424 3424 138 46 Cove,
598 3422 258 45 Cornwall,
890 3421 238 47 England.
1198 3417 251 50 (33-2638)

135 3534 248 67 [Cooley,
410 3535 195 62 Roger
630 3529 277 68 William]
942 3534 172 51 1859-

200 3610 194 55 Briefs
423 3630 71 34 on
522 3612 95 52 the
642 3612 109 52 law
779 3608 65 56 of
872 3609 313 53 insurance.
1261 3607 72 53 2d
1361 3607 87 54 ed.
1525 3606 393 71 Supplement.
130 3611 1975 149 Prepared
333 3692 74 67 by

434 3691 96 52 the
558 3689 339 69 publishers’
926 3687 267 53 editorial
1218 3683 150 58 staff,
1443 3705 50 33 v.
1525 3691 46 49 8.
1648 3687 483 72 Supplementing

131 3773 250 50 volumes
413 3768 115 54 1-7.
602 3769 228 52 Kansas
861 3767 151 67 City,
1042 3768 134 65 Mo.,
1203 3767 233 53 Vernon
1464 3767 111 52 law
1603 3766 148 53 book
1777 3785 99 50 co.,
1907 3771 151 50 1932.

202 3872 76 36 XV,
310 3860 112 40 1075
453 3869 42 38 p.
554 3857 56 41 23½
642 3859 44 21 cm
692 3888 9 9 .

135 3930 51 50 ©
210 3934 112 39 Dec.
344 3932 40 48 2,
408 3929 140 47 1932;
574 3929 67 39 2c.
666 3928 110 39 Jan.
799 3926 70 49 11,
894 3925 140 47 1933;
1061 3923 81 41 aff.
1168 3924 111 41 Jan.
1303 3924 82 48 12;
1412 3924 41 39 A
1476 3923 170 48 58886;
1672 3924 193 41 Vernon
1890 3928 96 39 law
2010 3927 125 41 book

0 0 0 0 co.
