2582 4453
1377 4104 99 50 832

406 426 249 64 Laudet,
689 424 294 63 Fernand,
1018 427 172 50 1860-

545 510 1884 70 … L’Hôtel de Toulouse, siège de la Banque de France.
413 595 156 56 Orné
620 595 69 52 de
741 591 272 55 dix-neuf
1063 589 385 54 illustrations
1499 590 170 53 tirées
1722 589 95 54 des
1871 588 327 54 collections
2252 590 68 52 de
2373 589 57 53 la

412 675 239 67 Banque
679 674 67 52 de
778 672 237 52 France.
1091 669 188 68 Paris,
1308 667 442 54 Firmin-Didot
1780 673 54 48 et
1863 686 27 35 ci
1909 673 19 22 e
1965 701 13 34 [
1983 674 17 21 c
2007 669 134 51 1932
2147 700 13 35 ]

485 754 1517 53 vi, 138 p., 2 l. xvi pl. (incl. ports., plans) on 8 l. 19½cm.
416 827 1935 55 © Apr. 30. 1932; 1c. July 23; A- Foreign 17523; Firmin-Didot & cie.
494 890 15 50 (
518 890 236 42 33-14300
764 890 14 47 )

409 996 80 52 Le
515 994 208 65 Maire,
750 983 264 66 Éveline.

545 1084 1109 67 … Mon bonheur. Paris, Plon [1932]
482 1169 739 51 2 p. l., 7-253 p., 1 l. 19 cm .
418 1241 1932 56 © Aug. 2, 1932; 1c. Apr. 4, 1933; A- Foreign 20545; Librairie Plon.
500 1304 282 50 (33-14554)

410 1409 186 64 Lloyd
626 1410 248 63 George,
901 1406 214 56 David.

480 1487 114 53 Mr.
628 1488 188 68 Lloyd
852 1486 269 69 George’s
1156 1504 119 34 war
1307 1484 284 54 memoirs.
1673 1485 394 67 [Instalments
2100 1487 122 65 4-6]

499 1578 84 49 (In
611 1573 203 43 London
843 1571 149 53 Daily
1022 1571 281 53 telegraph,
1333 1571 120 52 May
1484 1572 73 50 20,
1589 1572 72 50 22,
1693 1572 73 50 23,
1798 1570 146 50 1933)

421 1645 2018 53 © 1c. eaeh July 18, 1933; A ad int. 18007; pubd. May 20, 22, 23; David
488 1707 153 47 Lloyd
677 1705 197 48 George,
911 1704 169 48 Churt,
1119 1704 195 48 Surrey,
1351 1704 238 48 England.

414 1809 233 65 Louise,
674 1828 178 51 queen
879 1815 225 49 eonsort
1131 1809 64 68 of
1219 1808 259 70 Leopold
1529 1852 11 26 I,
1567 1808 142 70 king
1737 1808 64 69 of
1826 1809 94 53 the
1944 1808 295 70 Belgians,
487 1811 1953 134 1812-1850.

487 1969 85 52 La
609 1986 136 35 cour
780 1968 68 52 de
885 1967 279 69 Belgique
1203 1972 54 48 et
1294 1967 56 52 la
1388 1984 135 35 cour
1562 1967 70 53 de
1666 1967 222 53 France
1928 1965 68 54 de
2037 1968 136 52 1832
2213 1967 33 51 à
2286 1969 152 52 1850.

417 2049 225 52 Lettres
672 2047 230 54 intimes
934 2047 68 53 de
1034 2043 422 57 Louise-Marie
1488 2044 323 70 d’Orléans,
1843 2045 279 70 première
2153 2045 154 55 reine
2342 2046 97 55 des

421 2128 221 69 Belges,
667 2145 72 34 au
766 2126 85 53 roi
876 2124 482 69 Louis-Philippe
1387 2130 54 48 et
1469 2125 30 51 à
1526 2125 57 52 la
1612 2125 156 53 reine
1793 2124 456 54 Marie-Amélie.
420 2126 1994 133 Publiées
623 2224 108 50 par

760 2205 51 53 le
845 2210 180 48 comte
1057 2204 327 68 Hippolyte
1419 2202 246 56 d’Ursel.
1740 2203 157 56 Avec
1934 2208 30 49 8
1997 2222 277 52 gravures
2306 2205 136 53 hors

419 2284 846 67 texte. Paris, Plon [ c 1933]
488 2368 1347 53 3 p. l., ii, 323 p. front., pl., ports., facsim. 20cm.
422 2441 1793 52 © Feb. 15, 1933; 1c. Apr. 4: A- Foreign 20533; Librairie Plon.
501 2502 283 49 (33-14301)

416 2605 338 54 Louisiana.
833 2607 183 52 Laws,
1045 2609 243 49 statutes
1295 2651 11 21 ,
1335 2610 100 48 etc.

551 2682 1761 71 … Code of practice of the state of Louisiana, edited and
417 2703 2022 130 annotated by Benjamin Mali Dart … assisted by the publishers’
417 2843 269 54 editorial
731 2840 150 56 staff.
984 2845 134 50 [1933
1164 2842 347 53 cumulative
1556 2844 213 51 annual
1813 2844 205 68 pocket
2058 2845 380 68 supplement.

417 2924 422 68 Indianapolis]
878 2925 120 51 The
1035 2923 448 53 Bobbs-Merrill
1517 2942 301 51 company,
1851 2930 19 22 c
1875 2926 149 51 1933.

492 3012 286 46 cover-title,
807 3012 55 39 23
893 3022 42 37 p.
993 3012 56 39 25½cm.

494 3085 118 39 This
637 3084 251 48 pamphlet
912 3083 42 40 is
979 3086 49 37 to
1053 3084 57 38 be
1133 3082 140 41 fitted
1298 3083 103 40 into
1428 3083 84 40 the
1534 3083 174 47 pocket
1732 3086 54 38 at
1811 3084 85 40 the
1918 3083 124 40 back
2067 3083 50 41 of
2142 3084 83 40 the
2249 3085 193 39 volume

419 3148 49 35 to
499 3141 159 41 which
687 3141 39 41 it
757 3142 212 46 belongs.

427 3208 2016 52 © May 24, 1933; 1c. June 16; 1c. and aff. July 1; A 64217; Bobbs-Merrill
493 3281 67 30 co.

493 3371 315 55 Combined
862 3375 231 67 general
1146 3372 234 54 indexes
1435 3374 112 52 and
1602 3374 242 67 parallel
1899 3374 287 55 reference
2240 3375 198 68 tables,

418 3451 313 54 Louisiana
773 3451 393 61 constitution,
1207 3453 166 54 codes
1415 3453 114 52 and
1571 3457 259 64 statutes,
1872 3453 191 55 edited
2109 3455 113 52 and
421 3472 1992 112 annotated

618 3532 1819 70 by Benjamin Mall Dart … assisted by the publishers’
420 3610 269 54 editorial
729 3608 152 55 staff,
958 3631 49 33 v.
1052 3615 46 48 4.
1175 3611 423 69 Indianapolis,
1639 3613 120 52 The
1802 3612 447 54 Bobbs-Merrill
418 3632 1996 128 company
611 3724 11 34 [
629 3697 18 21 c
652 3693 153 65 1933]

495 3779 575 48 2 p. l. , 1152 p. 26 cm .
495 3851 204 39 Volume
730 3852 25 37 4
790 3851 52 39 of
876 3850 208 40 General
1118 3853 213 38 statutes
1366 3851 52 40 of
1451 3853 84 39 the
1567 3854 129 38 state
1730 3851 52 42 of
1815 3852 279 40 Louisiana.
2160 3852 279 46 Louisiana,

421 3907 125 41 1932.

429 3974 52 52 ©
514 3979 128 39 June
671 3978 69 41 2c.
772 3979 140 40 1933:
946 3980 68 39 2c.
1045 3980 96 40 and
1174 3979 81 42 aff.
1289 3980 117 48 July
1436 3981 52 47 1;
1523 3981 41 38 A
1595 3979 172 49 64218;
1802 3981 371 41 Bobbs-Merrill
2202 3991 68 31 co.
