2484 4405
1031 4092 100 53 857

105 447 301 63 Academy
432 446 63 52 of
522 443 258 67 political
807 443 244 66 science,
1076 447 143 51 New
1246 445 175 53 York.

290 518 1807 71 … Tariffs and trade barriers; a series of addresses and
107 619 203 51 papers
347 601 293 67 presented
674 607 58 47 at
764 602 94 51 the
892 598 376 55 semi-annual
1303 599 248 68 meeting
1584 599 62 55 of
1679 601 94 51 the
1809 600 290 67 Academy

105 682 64 52 of
201 679 257 69 political
492 679 228 65 science,
754 678 173 67 April
961 683 83 63 28,
1081 682 152 62 1933,
1268 678 186 54 edited
1490 678 74 66 by
1598 679 218 51 Parker
1852 679 247 52 Thomas

105 759 188 53 Moon.
393 758 138 51 [New
576 756 178 68 York]
805 758 120 50 The
970 756 292 68 Academy
1306 756 62 52 of
1414 755 256 69 political
1718 755 228 62 science,
105 754 1969 139 Columbia
350 834 333 70 university,
717 839 148 50 1933.

175 903 1838 59 2 p. l., 91 p. 22cm. (Its Proceedings … vol. xv, no. 3. June, 1933)
452 964 500 43 CONTENTS.—Preface.—Trade
988 963 216 42 barriers
1239 965 48 39 in
1325 966 81 38 the
1443 964 149 40 world
104 960 1978 108 depression.—Procedure
314 1025 49 38 in
400 1023 137 40 tariff
573 1020 630 51 making.—International
1240 1020 363 42 collaboration.

107 1078 50 51 ©
187 1081 113 48 May
325 1082 69 45 31,
421 1081 140 46 1933;
591 1081 66 42 2c.
687 1082 124 39 June
839 1082 81 44 12;
951 1081 82 41 aff.
1061 1081 127 39 June
1217 1082 80 45 10;
1327 1080 42 39 A
1395 1079 170 47 62960;
1595 1080 243 48 Academy
1863 1081 54 41 of
173 1074 1910 109 political
276 1138 198 46 science,
505 1139 117 39 New
651 1139 142 39 York.
868 1136 281 50 (33-15260)

100 1238 240 69 Aikens,
369 1241 305 56 Charlotte
702 1239 232 67 Albina,
965 1246 172 51 1868-

174 1316 245 55 Clinical
445 1318 215 54 studies
686 1317 93 54 for
805 1336 226 49 nurses;
1061 1337 31 33 a
1121 1318 294 53 text-book
1445 1317 93 54 for
1565 1319 202 52 second
1798 1319 111 53 and
1940 1318 156 53 third

101 1413 135 52 year
272 1396 166 69 pupil
474 1413 196 38 nurses
709 1398 112 52 and
860 1415 31 34 a
928 1393 331 57 hand-book
1298 1395 93 54 for
1429 1396 78 54 all
1545 1396 126 54 who
1710 1414 93 36 are
1842 1396 253 70 engaged

100 1470 1894 77 in caring for the sick, by Charlotte A. Aikens … 7th ed. …
100 1551 407 69 Philadelphia
537 1552 113 54 and
681 1552 258 65 London,
968 1552 89 56 W.
1089 1554 69 51 B.
1194 1552 288 56 Saunders
1513 1571 298 51 company,
1846 1555 148 51 1933.

169 1624 85 42 624
279 1635 44 38 p.
383 1626 141 45 illus.,
551 1625 86 42 col.
663 1626 170 47 plates,
860 1626 179 48 diagrs.
1099 1624 118 44 20cm.

174 1681 157 42 Blank
359 1692 146 37 pages
537 1682 77 40 for
646 1681 204 41 “Notes”
892 1682 73 49 (4)
1008 1683 51 40 at
1089 1684 92 38 end
1214 1682 52 40 of
1298 1682 116 40 each
1448 1680 196 48 section,
1677 1685 86 37 not
1793 1681 220 42 included
2050 1683 47 39 in

99 1738 82 41 the
208 1738 191 48 paging.

102 1791 52 54 ©
181 1797 126 41 June
332 1797 41 46 2,
399 1796 114 41 1933;
568 1796 66 42 2c.
662 1797 127 40 June
815 1797 52 46 6;
897 1797 82 40 aff.
1008 1797 130 41 June
1163 1797 52 46 8;
1244 1798 41 38 A
1312 1797 171 48 62907;
1575 1830 9 8 W.
1614 1799 52 37 B.
1698 1798 246 41 Saunders
1971 1809 68 29 co.

182 1853 279 49 (33-15236)

96 1950 351 71 Alexander,
474 1957 186 70 grand
687 1958 148 52 duke
859 1958 67 68 of
950 1957 225 69 Russia,
1206 1960 323 51 1866-1933.

261 2034 1697 73 … Einst war ich ein grossfürst. Leipzig, P. List [c1932]
168 2107 84 41 341
288 2119 44 38 p.
391 2107 146 43 21½cm.

170 2163 64 42 At
258 2165 124 40 head
411 2165 52 40 of
486 2164 137 42 title:
650 2164 277 42 Alexander
951 2176 94 32 von
1071 2167 261 40 Russland.

172 2219 128 43 “Aus
329 2223 106 39 dem
462 2220 276 51 englischen
766 2233 91 29 von
887 2221 245 43 Herberth
1162 2223 51 40 E.
1244 2223 359 42 Herlitschka.”

171 2277 171 43 “8.-10.
375 2277 232 51 auflage.”

101 2333 50 51 ©
183 2335 100 43 Oct.
312 2335 68 47 25,
410 2335 140 48 1932;
610 2347 36 30 1c.
675 2336 112 48 Apr.
817 2336 69 48 29,
916 2336 139 48 1933;
1087 2335 311 50 A-Foreign
1425 2337 171 48 20754;
1629 2340 121 40 Paul
1781 2339 104 43 List
1914 2343 176 46 verlag.

178 2392 278 51 (33-15475)

93 2495 313 54 American
440 2497 222 54 council
692 2496 63 53 of
784 2497 236 53 learned
1052 2497 276 54 societies
1357 2500 247 53 devoted
1638 2504 61 50 to
1728 2501 360 55 humanistic

161 2572 247 57 studies.
484 2575 339 56 Committee
852 2594 74 35 on
951 2576 94 55 the
1072 2577 329 69 promotion
1427 2579 65 69 of
1519 2580 241 54 Chinese
1787 2580 232 56 studies.

165 2664 235 56 Careers
438 2665 94 53 for
568 2666 258 54 students
864 2667 63 53 of
966 2666 242 58 Chinese
1246 2670 282 68 language
1569 2672 111 52 and
1721 2672 367 68 civilization,

93 2742 190 54 edited
314 2742 94 54 for
436 2744 95 52 the
562 2743 338 56 Committee
928 2764 71 34 on
1028 2746 96 52 the
1156 2748 323 65 promotion
1510 2749 62 52 of
1604 2749 240 56 Chinese
1872 2753 214 52 studies

94 2819 65 52 of
183 2820 95 53 the
306 2820 305 53 American
639 2822 218 53 council
887 2822 62 53 of
978 2823 231 53 learned
1236 2824 253 55 societies
1517 2827 74 66 by
1618 2829 184 53 Lewis
1832 2829 255 64 Hodous,

95 2898 58 51 in
192 2896 408 55 collaboration
638 2899 138 53 with
813 2900 184 53 Esson
1033 2900 80 53 M.
1152 2901 141 55 Gale
1331 2903 110 52 and
1477 2904 266 54 Kenneth
1784 2907 56 55 S.
94 2903 1966 128 Latourette.

322 2975 270 67 Chicago,
625 2976 114 66 Ill.,
768 2978 146 51 Pub.
945 2978 97 54 for
1073 2979 96 53 the
1203 2979 305 55 American
1542 2984 239 65 council,
1814 2986 272 54 Institute

93 3050 63 53 of
182 3051 212 54 Pacific
422 3052 287 60 relations,
734 3055 76 66 by
837 3056 94 51 the
960 3055 337 68 University
1325 3058 62 52 of
1417 3057 254 70 Chicago
1698 3080 155 48 press
1905 3068 156 49 [c1933]

166 3123 601 53 ix p., 1 l., 65 p. 20½cm.
98 3180 50 51 ©
180 3185 121 40 Mar.
330 3185 68 46 28,
429 3184 139 47 1933;
601 3184 65 41 2c.
697 3186 94 38 and
822 3185 81 40 aff.
935 3187 113 47 May
1077 3187 84 45 26;
1195 3188 40 38 A
1266 3187 169 49 62775;
1469 3190 282 43 University
1781 3193 53 40 of
1866 3194 222 49 Chicago,

164 3240 222 50 Chicago.
457 3240 279 50 (33-15466)

91 3330 312 55 American
445 3330 277 55 institute
761 3331 63 52 of
863 3331 228 65 mining
1132 3334 113 52 and
1285 3336 430 66 metallurgical
1756 3342 329 64 engineers.

158 3409 328 54 Petroleum
507 3407 265 56 division.

86 3485 2001 155 Transactions … v. 103. Petroleum development and technology, 1933. Petroleum division. Papers and discussions
89 3643 296 68 presented
424 3643 193 52 before
657 3644 94 53 the
793 3644 245 54 division
1079 3651 59 48 at
1176 3648 111 52 Los
1326 3649 265 70 Angeles,
1629 3655 143 68 July
1810 3659 83 65 28,
1934 3663 150 64 1932,

89 3724 188 52 Ponca
312 3722 150 69 City,
494 3720 154 70 Sept.
682 3721 230 56 30-Oct.
947 3727 46 64 1,
1025 3725 152 68 1932,
1207 3726 113 53 and
1351 3729 140 54 New
1520 3732 178 69 York,
1730 3736 134 55 Feb.
1896 3741 171 51 20-23,

91 3804 148 50 1933.
314 3802 139 52 New
478 3800 181 60 York,
687 3804 71 51 N.
787 3804 90 66 Y.,
905 3803 121 51 The
1054 3804 292 70 Institute,
1378 3811 152 51 1933.

158 3875 89 42 426
271 3886 44 38 p.
372 3876 141 44 illus.,
543 3875 168 47 tables,
739 3876 181 46 diagrs.
975 3875 149 42 23½cm.

95 3929 50 51 ©
170 3933 116 47 July
309 3933 68 45 11,
401 3932 140 45 1933;
566 3931 67 41 2c.
657 3933 94 39 and
775 3932 82 39 aff.
882 3933 116 47 July
1021 3931 84 48 20;
1131 3933 41 39 A
1195 3934 169 48 63639;
1392 3937 161 43 Amer.
1577 3941 227 44 institute
1830 3946 51 42 of
1905 3949 184 50 mining

159 3990 37 39 &
221 3987 353 49 metallurgical
603 3987 263 48 engineers,
896 3989 105 46 inc.,
1030 3989 117 40 New
1175 3991 144 43 York.
