2582 4453
1293 4133 105 50 492

317 522 166 55 Good
528 522 267 69 English,
837 521 149 53 book
1027 539 123 50 one,
1192 521 123 52 The
1355 519 321 54 mechanics
1720 518 64 55 of
1826 519 397 68 composition,
2265 518 74 70 by

317 602 208 70 Henry
564 601 193 56 Seidel
793 602 204 68 Canby
1034 601 113 52 and
1185 600 157 56 John
1381 600 191 53 Baker
1611 598 295 70 Opdycke.
1982 599 140 53 New
2159 598 183 67 York,

317 683 124 53 The
466 682 339 54 Macmillan
833 699 302 50 company,
1165 683 152 50 1933.

392 734 1082 73 xii p., 1 l., 626 p. illus., diagrs. 20½ cm .
326 811 53 53 ©
412 817 124 39 Mar.
568 814 70 48 28,
673 812 142 49 1933;
850 813 68 40 2c.
954 814 95 39 and
1084 812 81 41 aff.
1201 814 122 38 Mar.
1358 811 56 41 29;
1479 812 41 39 A
1553 812 172 47 61128;
1763 812 169 47 Henry
1969 810 159 41 Seidel
2164 810 182 49 Canby,

395 872 130 41 John
555 872 163 40 Baker
749 870 242 49 Opdycke,
1021 871 119 39 New
1169 870 145 48 York,
1345 872 96 39 and
1473 871 252 47 Margaret
1758 868 198 49 Gillum,
1986 870 151 38 Terre
2167 868 179 43 Haute,

394 931 108 40 Ind.

322 1019 211 68 Chase,
563 1021 223 64 Joseph
821 1018 369 67 Cummings,
1226 1020 173 55 1878-

395 1101 105 68 My
535 1099 222 56 friends
791 1100 134 53 look
958 1100 149 69 good
1141 1105 60 47 to
1235 1119 90 34 me
1364 1099 93 69 [by]
1513 1100 220 67 Joseph
1769 1096 339 71 Cummings
2145 1098 199 56 Chase.

324 1178 1463 70 New York, Sears publishing company [ c 1933]
465 1287 9 16 xv,
502 1254 86 42 302
614 1266 43 37 p.
719 1255 165 47 front.,
914 1254 143 48 illus.,
1087 1256 150 46 ports.
1297 1254 56 39 21
1357 1256 44 21 cm
1407 1286 9 8 .

398 1313 316 41 Caricatures
743 1324 63 33 on
834 1312 367 49 lining-papers.

330 1368 53 53 ©
413 1373 123 40 Mar.
567 1372 68 47 15,
666 1371 142 47 1933;
840 1372 68 41 2c.
939 1373 125 39 Mar.
1093 1371 83 47 18;
1209 1370 84 43 aff.
1324 1371 124 39 Mar.
1478 1371 82 46 17;
1594 1371 41 39 A
1665 1368 172 49 60697;
1871 1369 44 41 J.
1947 1369 50 41 C.
2030 1369 171 47 Chase,
2233 1369 119 40 New

398 1430 146 40 York.
617 1428 255 50 (33-9429)

325 1506 381 65 Chesterton,
737 1505 228 56 Gilbert
997 1505 203 67 Keith,
1233 1507 174 55 1874-

401 1584 103 54 All
540 1587 32 51 I
609 1604 226 50 survey,
871 1604 32 35 a
940 1586 150 53 book
1125 1585 65 54 of
1225 1604 188 48 essays
1449 1585 77 67 by
1562 1585 70 54 G.
1667 1584 75 53 K.
1780 1583 359 56 Chesterton.
2209 1583 139 52 New

328 1662 182 69 York,
539 1664 191 66 Dodd,
758 1664 172 53 Mead
959 1668 47 50 &
1035 1683 301 49 company,
1366 1667 153 50 1933.

403 1737 652 50 vi p., 1 l., 280 p. 20½ cm .
333 1791 53 53 ©
412 1796 114 48 Apr.
554 1798 40 46 7,
621 1795 114 42 1933;
791 1796 69 41 2c.
887 1797 97 39 and
1011 1795 83 42 aff.
1122 1796 116 48 Apr.
1265 1795 82 47 12;
1376 1795 43 39 A
1444 1794 172 48 60989;
1648 1795 156 49 Dodd,
1833 1795 143 39 Mead
2006 1794 36 40 &
2069 1803 83 38 co.,
2182 1794 90 41 inc.

411 1852 254 50 (33-9266)

329 1929 356 56 Cincinnati.
764 1930 297 56 Chamber
1125 1931 64 53 of
1254 1947 326 37 commerce
1644 1930 114 53 and
1823 1928 365 56 merchants’
400 1945 1926 131 exchange.

401 2090 124 53 The
576 2088 333 56 Cincinnati
960 2089 179 53 union
1187 2088 300 69 terminal;
1540 2088 270 70 pictorial
1862 2086 241 71 history.
331 2085 1998 151 [Cincinnati,
595 2167 286 55 Chamber

910 2167 65 55 of
1000 2186 327 51 commerce,
1355 2174 17 22 c
1378 2170 134 51 1933]

402 2242 285 48 cover-title,
735 2241 72 51 [87]
838 2253 45 37 p.
946 2242 130 41 illus.
1107 2241 133 48 (incl.
1271 2243 165 49 ports.,
1465 2241 141 49 plan)
1674 2241 58 42 28
1735 2243 45 22 cm
1785 2276 8 8 .

337 2297 53 53 ©
420 2302 124 41 Mar.
573 2302 70 46 24,
674 2301 142 48 1933;
848 2301 53 41 2c
947 2304 94 39 and
1073 2301 83 40 aff.
1188 2301 122 40 Mar.
1342 2301 83 48 28;
1458 2301 41 39 A
1529 2300 173 48 60825;
1736 2300 280 42 Cincinnati
2046 2299 229 42 chamber
2305 2300 53 41 of

405 2369 280 38 commerce,
719 2358 295 42 Cincinnati.
1085 2358 254 50 (33-9423)

332 2436 246 65 Cleugh,
607 2438 141 52 Mrs.
779 2436 240 66 Sophia.

407 2514 124 54 The
570 2515 247 54 hazards
856 2515 67 54 of
961 2515 266 69 Belinda,
1267 2515 77 70 by
1388 2514 220 71 Sophia
1651 2515 239 69 Cleugh.
1984 2516 220 53 Boston
2246 2513 112 55 and

334 2592 142 55 New
503 2593 183 69 York,
713 2594 325 69 Houghton
1065 2594 207 54 Mifflin
1298 2612 302 51 company,
1629 2597 152 51 1933.

404 2666 102 50 viii,
535 2668 88 41 267
652 2679 43 39 p.
756 2668 59 42 19½
845 2671 45 22 cm
894 2702 10 9 .

340 2720 53 53 ©
426 2726 116 48 Apr.
577 2726 69 48 12,
679 2725 143 48 1933;
858 2727 69 40 2c.
962 2728 97 39 and
1094 2726 82 42 aff.
1211 2727 116 48 Apr.
1361 2727 82 44 17;
1481 2727 41 39 A
1556 2726 172 48 62159;
1768 2726 45 42 S.
1850 2727 198 49 Cleugh,
2084 2726 273 49 Wellesley.

409 2784 149 40 Mass.
629 2783 255 51 (33-9400)

335 2858 306 56 Columbia
675 2860 356 67 university.

408 2938 304 56 Columbia
743 2939 321 69 university
1093 2943 291 66 honorary
1414 2943 231 67 degrees
1676 2943 268 53 awarded
1977 2941 61 54 in
2067 2943 97 52 the
2191 2959 165 51 years

337 3021 341 63 1902-1932;
717 3019 426 68 appreciations
1176 3021 77 68 by
1286 3021 273 53 Nicholas
1591 3023 244 66 Murray
1869 3022 221 62 Butler,
2124 3020 227 54 twelfth

337 3097 295 68 president
658 3097 65 54 of
751 3099 299 55 Columbia
1081 3099 333 55 university.
1516 3102 139 52 [New
1684 3101 183 67 York]
1902 3100 301 57 Columbia
339 3099 1990 145 university
586 3195 174 49 press,
794 3182 150 51 1933.

408 3250 751 51 v. [1], 193, [1] p., 1 l. 22 cm .
412 3308 1946 51 “Five hundred numbered copies … have been printed on colonial offset
338 3375 151 39 paper
517 3366 61 48 by
611 3366 184 48 George
826 3366 165 48 Grady
1022 3378 137 38 press
1188 3368 53 40 of
1268 3369 118 39 New
1417 3369 131 39 York
1578 3369 80 39 for
1687 3369 81 39 the
1801 3367 249 42 Columbia
2086 3369 271 46 university

338 3424 1047 50 press. This is … unnumbered copy!”
411 3481 1264 51 “University medals … awarded”: p. 164-[176]
344 3535 53 53 ©
426 3541 114 47 Apr.
570 3541 38 45 1,
639 3540 142 48 1933;
813 3541 67 41 2c.
910 3543 116 47 Apr.
1055 3543 25 40 3;
1141 3541 84 42 aff.
1255 3543 114 48 Apr.
1399 3543 53 47 4;
1486 3543 41 39 A
1557 3542 171 47 60887;
1764 3541 249 42 Columbia
2048 3540 130 42 univ.
2210 3550 150 38 press.

423 3596 254 50 (33-9440)

342 3674 194 66 [Cory,
570 3676 140 52 Mrs.
743 3674 295 56 Winifred
1081 3677 354 68 (Graham)]

411 3750 280 70 Identity,
717 3753 77 67 by
819 3754 298 55 Winifred
1147 3755 274 56 Graham.
1498 3758 261 57 London,
1788 3756 366 54 Hutchinson
2185 3759 43 50 &
2260 3773 95 34 co.,

337 3829 104 54 ltd.
502 3833 153 63 [1933]

409 3905 86 41 351
518 3917 44 38 p.
622 3905 117 42 19cm.

346 3958 1999 57 © 1c. Mar. 31, 1933; A ad int. 17640; pubd. Feb. 3; W. Cory, Hampton
414 4021 306 47 on-Thames,
752 4022 284 43 Middlesex,
1070 4024 239 48 England.
1380 4024 285 51 (33-11370)
