2582 4453
1381 4107 135 54 1778

429 418 204 67 Biggs,
665 420 175 65 John,
877 420 472 54 1895-ed.

499 499 299 52 Delaware
850 500 135 51 laws
1033 499 275 68 affecting
1353 499 254 54 business
1654 499 413 68 corporations,
2115 498 328 53 annotated.

431 577 243 54 Revised
701 585 58 45 to
788 577 247 55 October
1064 583 81 61 15,
1174 581 148 50 1933.
1402 577 354 68 Containing
1783 579 96 51 the
1905 577 247 56 General
430 594 1988 114 corporation
579 656 109 53 law
717 656 65 53 of
810 656 300 54 Delaware

1141 656 139 53 with
1312 657 391 52 amendments
1732 658 220 51 thereto
1982 655 249 67 adopted
2261 662 57 46 at
2351 656 93 51 the

432 735 228 67 regular
690 734 211 54 session
934 734 64 52 of
1029 735 95 52 the
1155 753 105 35 one
1289 735 263 54 hundred
1584 735 112 52 and
1732 734 199 53 fourth
1963 734 246 55 General
430 752 1989 129 assembly

566 812 64 53 of
665 814 97 51 the
799 819 145 47 state
984 812 65 53 of
1086 814 329 66 Delaware;
1456 812 95 55 the
1591 813 386 67 Corporation
2017 812 290 54 franchise
2345 820 100 45 tax

430 892 107 52 law
577 892 113 53 and
729 910 305 35 numerous
1073 891 243 54 sections
1353 890 63 54 of
1454 892 96 53 the
1588 891 219 54 revised
1850 890 155 56 Code
2044 890 64 53 of
2145 892 299 52 Delaware

440 968 192 70 (1915)
672 971 112 52 and
814 977 118 46 acts
960 970 65 53 of
1052 972 95 51 the
1176 970 247 55 General
1451 971 280 66 assembly
1762 970 199 66 passed
1989 970 151 53 since
2171 974 131 49 1915
2331 970 108 52 and

430 1055 57 46 to
523 1049 149 65 date,
707 1050 139 51 with
879 1068 152 34 cases
1065 1049 236 53 decided
1334 1049 76 67 by
1442 1049 97 54 the
1571 1049 300 53 Delaware
1905 1055 190 47 courts
2128 1066 77 50 up
2239 1056 57 45 to
2332 1050 111 52 and

435 1127 300 67 including
782 1127 248 55 October
1080 1133 80 60 15,
1209 1132 152 62 1933,
1407 1128 191 53 edited
1643 1129 75 66 by
1763 1127 155 55 John
1968 1126 200 68 Biggs,
2214 1127 71 67 jr.
2334 1128 112 52 and

433 1204 2016 71 Stewart Lynch … under the supervision of J. B. R. Smith,
431 1285 138 53 New
611 1287 180 57 York,
829 1287 211 55 Dover,
1079 1287 145 66 Del.,
1266 1286 218 55 United
1528 1285 191 56 States
1758 1285 365 68 corporation
2165 1303 281 51 company

455 1367 176 65 [ c 1933]
510 1437 96 46 xiv,
636 1438 87 40 474
753 1449 42 36 p.
856 1438 56 40 23
915 1440 44 21 cm
965 1471 8 8 .

507 1494 179 41 “Table
715 1496 51 39 of
793 1506 137 30 cases
959 1495 157 41 cited”:
1179 1507 40 37 p.
1251 1495 218 41 393-424.

434 1562 52 52 ©
516 1568 110 39 Dec.
654 1568 40 46 4,
723 1567 141 47 1933;
895 1569 67 39 2c.
991 1569 113 39 Dec.
1133 1568 51 41 6;
1216 1567 81 40 aff.
1329 1569 111 38 Dec.
1471 1567 52 46 5;
1554 1567 41 38 A
1624 1566 170 47 68409;
1829 1566 180 40 United

2041 1566 163 40 States
506 1575 1929 89 corporation
638 1635 67 30 co.
779 1625 192 47 (34-18)

433 1740 193 67 Bloor,
663 1742 247 56 Charles
944 1742 234 66 Phillip,
1216 1747 171 50 1894-

503 1819 56 53 A
595 1820 269 54 different
899 1826 159 65 story
1094 1822 59 52 in
1190 1822 96 52 the
1320 1821 225 70 history
1582 1819 64 55 of
1680 1819 124 69 life,
1839 1821 77 69 by
1953 1818 240 56 Charles
2229 1817 225 68 Phillip

435 1897 193 55 Bloor.
691 1901 237 67 Boston,
953 1899 241 54 Meador
1222 1899 339 70 publishing
1586 1916 301 52 company,
1915 1900 152 51 1933.

509 1971 759 51 144 p. front. (port.) 21 cm .
436 2039 51 54 ©
516 2045 112 41 Dec.
656 2046 69 47 12,
753 2046 141 47 1933;
924 2046 68 40 2c.
1021 2047 111 39 Dec.
1161 2047 82 47 14;
1275 2046 82 40 aff.
1387 2048 111 40 Dec.
1527 2046 82 42 15;
1640 2045 39 39 A
1707 2045 172 47 67545;
1911 2044 212 40 Edward
2152 2044 58 40 K.
2243 2042 213 49 Meador,

506 2104 196 40 Boston.
776 2104 193 48 (34-13)

436 2224 183 63 Bond,
653 2223 318 55 Frederick
1005 2224 245 56 Clifton.

506 2300 232 55 Success
773 2300 94 54 for
901 2319 131 51 you,
1064 2302 75 69 by
1175 2300 313 54 Frederick
1524 2300 226 56 Clifton
1788 2300 185 54 Bond.
2043 2300 113 53 Los
2190 2299 268 69 Angeles,

437 2381 241 52 Printed
711 2380 74 68 by
816 2381 96 52 the
946 2380 285 55 Catterlin
1263 2379 338 70 publishing
1632 2398 79 35 co.
1750 2414 11 33 [
1767 2386 19 22 c
1792 2382 152 65 1933]

507 2455 893 49 127 p. incl. front. (port.) 19½ cm .
438 2521 52 52 ©
521 2526 102 41 Oct.
652 2528 39 45 2,
720 2527 141 42 1933;
892 2529 65 38 2c.
988 2528 118 39 Nov.
1136 2529 52 46 1;
1220 2527 80 40 aff.
1332 2528 112 40 Dec.
1474 2527 82 46 26;
1588 2527 40 39 A
1658 2526 170 48 65901;
1863 2528 50 39 F.
1944 2526 48 41 C.
2025 2526 151 48 Bond,
2207 2524 259 42 Portland.,

510 2583 78 42 Or.
661 2584 283 50 (33-33272)

439 2700 276 68 Bradley,
745 2703 184 67 Alice,
959 2704 173 54 1875-

512 2779 265 71 Cooking
808 2781 95 54 for
937 2782 204 69 profit;
1178 2784 258 68 catering
1471 2784 112 53 and
1620 2784 138 54 food
1794 2783 214 54 service
2041 2785 416 64 management,

442 2857 2013 75 by Alice Bradley … a correspondence course on professional
441 2937 413 70 cooking—the
879 2943 373 66 preparation
1277 2943 111 53 and
1417 2942 327 69 marketing
1770 2941 63 55 of
1856 2939 404 56 home-cooked
2286 2937 138 55 food;

440 3034 72 34 on
546 3017 259 69 catering
840 3018 95 53 for
969 3020 337 68 receptions,
1341 3022 233 67 parties,
1609 3021 251 67 dinners,
1894 3022 294 66 banquets,
2220 3018 238 67 schools,

442 3113 223 50 camps;
714 3115 70 35 on
830 3098 97 52 the
972 3106 402 61 management
1419 3099 64 54 of
1527 3105 92 49 tea
1667 3119 204 47 rooms,
1919 3099 321 66 cafeterias,
2287 3097 171 53 lunch

444 3191 202 50 rooms,
679 3181 165 61 guest
880 3175 220 69 houses,
1135 3177 210 69 family
1379 3179 184 53 hotels
1600 3180 111 52 and
1749 3178 378 54 institutions.
2196 3178 140 52 Rev.
2372 3176 85 55 ed.

443 3250 273 70 Chicago,
757 3253 307 55 American
1106 3256 191 54 school
1341 3256 63 54 of
1445 3257 166 53 home
1650 3259 332 64 economics,
2023 3260 152 50 1933.

513 3323 87 41 382
630 3336 42 38 p.
733 3325 166 48 front.,
930 3328 142 47 illus.,
1105 3329 172 49 plates.
1339 3329 55 41 19½
1428 3333 44 21 cm
1477 3363 8 8 .

517 3382 296 44 “Reference
852 3385 177 41 books”
1068 3389 51 38 at
1156 3388 90 39 end
1288 3388 50 40 of
1374 3391 127 38 most
1538 3388 52 42 of
1626 3391 82 39 the
1745 3391 242 47 chapters.

518 3439 157 41 Blank
705 3452 147 38 pages
880 3443 78 40 for
989 3444 179 41 “Notes
1198 3446 97 39 and
1326 3446 212 49 recipes”
1584 3446 252 49 (377-382)

441 3507 52 53 ©
526 3513 117 40 Nov.
676 3514 40 40 4.
751 3514 112 40 1933:
926 3515 67 41 2c.
1027 3517 94 38 and
1157 3516 82 40 aff.
1272 3517 117 39 Nov.
1424 3517 56 39 25;
1543 3518 40 38 A
1616 3517 171 48 68535;
1824 3519 156 39 Home
2012 3516 270 43 economics
2317 3526 144 39 assn.,

514 3571 226 45 Chicago.
815 3572 282 47 (33-39318)

443 3687 216 65 Bregy,
688 3688 333 56 Katherine
1050 3692 188 53 Marie
1267 3693 290 56 Cornelia.

513 3764 174 55 From
725 3766 189 54 Dante
953 3774 57 47 to
1047 3769 222 54 Jeanne
1307 3770 205 68 d’Arc;
1553 3771 345 54 adventures
1936 3771 58 53 in
2034 3770 280 54 medieval
2354 3768 107 54 life

441 3842 112 53 and
598 3844 214 67 letters,
857 3846 74 68 by
978 3847 320 55 Katherine
1347 3850 211 68 Brégy,
1738 3892 10 10 LITT.
1834 3892 9 9 D.
1929 3849 363 67 Milwaukee,
2339 3848 121 53 The

444 3919 1102 78 Bruce publishing company [ c 1933]
509 3994 105 48 viii,
645 3995 83 40 138
761 4008 41 36 p.
863 3997 83 41 224
953 4001 42 21 cm
1002 4032 8 6 .
1082 4000 301 48 (Half-title:
1416 4000 196 42 Science
1643 4002 97 40 and
1773 4002 191 41 culture
1995 4000 177 49 series)
