2582 4453
1359 4074 104 54 760

403 399 176 65 Sims,
607 396 196 66 Philip
831 398 134 55 Hal.

476 478 122 52 The
645 474 151 57 Sims
842 492 289 51 summary
1178 472 64 54 of
1286 473 211 68 Money
1542 475 273 65 contract,
1855 472 37 52 by
1975 473 67 52 P.
2085 471 121 55 Hal
2253 471 167 56 Sims.

404 557 140 52 New
571 553 180 69 York,
778 552 202 56 Simon
1004 553 114 52 and
1147 551 288 68 Schuster,
1464 553 151 51 1933.

475 630 57 41 69
558 640 44 38 p.
664 629 56 40 17
723 631 44 21 cm
771 660 10 9 .

411 698 52 53 ©
496 704 113 50 May
640 702 69 46 10,
741 700 141 46 1933;
914 701 68 40 2c.
1015 702 115 46 May
1161 699 82 47 16;
1277 698 81 41 aff.
1393 700 115 47 May
1539 700 82 46 13;
1656 699 40 38 A
1728 698 170 47 61814;
1934 699 49 38 P.
2018 700 60 39 H.
2114 698 139 46 Sims,
2286 700 138 47 Deal,

477 760 57 43 N.
562 760 43 39 J.
677 758 283 48 (33-13028)

404 860 217 67 Smith,
652 861 255 55 William
942 863 240 62 Ernest,
1218 864 172 51 1892-

480 940 123 53 The
643 939 240 53 Francis
922 940 245 51 Preston
1208 937 166 52 Blair
1414 936 210 70 family
1662 937 62 52 in
1762 935 248 70 politics,
2048 936 76 70 by
2162 937 263 54 William

411 1015 2013 70 Ernest Smith … New York, The Macmillan company, 1933.
476 1091 27 40 2
528 1102 44 31 v.
631 1092 191 44 fronts.,
849 1090 171 48 plates,
1048 1092 162 46 ports.,
1237 1088 117 43 fold,
1380 1088 183 49 geneal.
1591 1088 96 41 tab.
1750 1088 56 39 24
1808 1090 47 23 cm
1859 1120 8 9 .

478 1162 216 47 Chapter
715 1172 115 36 xxx,
855 1160 129 41 “One
1007 1161 222 40 hundred
1254 1162 121 45 days
1399 1159 52 41 of
1475 1158 259 42 Fremont”
1771 1158 114 49 (vol.
1910 1170 53 31 n,
1987 1169 44 39 p.
2057 1158 169 51 53-89)
2261 1160 165 41 issued

409 1219 103 41 also
544 1219 278 49 separately
853 1229 55 30 as
938 1218 156 42 thesis
1133 1218 13 49 (PH.
1325 1219 13 48 D.)
1381 1216 283 49 University
1695 1217 53 40 of
1778 1216 289 50 Wisconsin,
2100 1218 154 41 under
2288 1217 134 42 title:

409 1278 101 40 The
543 1277 164 41 Blairs
740 1277 97 40 and
871 1277 245 40 Fremont.

480 1333 379 49 Bibliography:
888 1333 92 40 vol.
1051 1364 9 16 II,
1089 1343 43 37 p.
1161 1331 220 41 497-510.

410 1403 52 52 ©
495 1409 115 45 May
641 1406 68 44 16,
741 1406 141 41 1933;
915 1406 68 39 2c.
1013 1405 121 40 each
1166 1406 96 38 and
1295 1404 82 40 aff.
1412 1405 114 47 May
1558 1405 82 46 17;
1675 1405 42 38 A
1749 1404 170 47 62689;
1956 1403 283 41 Macmillan
2272 1414 67 31 co.

491 1464 282 48 (33-13071)

403 1565 231 67 Squier,
664 1568 228 64 George
923 1568 198 64 Owen,
1154 1572 173 50 1865-

539 1645 1884 70 … Telling the world, by George O. Squier … Baltimore,
403 1725 124 54 The
571 1725 292 57 Williams
908 1729 46 51 &
994 1725 254 56 Wilkins
1294 1743 282 51 company
1622 1725 61 53 in
1726 1725 368 69 cooperation
2139 1725 141 54 with
2327 1726 98 54 the

405 1805 258 69 Century
693 1805 64 54 of
786 1823 266 51 progress
1084 1805 342 69 exposition,
1460 1808 152 52 1933.

478 1879 1857 51 xi, 163 p. front. (port.) pl. 19 cm . (A century of progress series)
482 1937 350 41 “References”
852 1949 8 27 :
893 1949 42 37 p.
967 1937 218 41 156-162.

480 2008 443 41 Contents.—The
947 2010 136 45 story
1108 2008 52 40 of
1184 2007 272 49 electricity
1482 2009 97 40 and
1604 2007 470 50 magnetism.—The
2101 2007 328 49 telegraph.—

407 2066 102 40 The
539 2065 740 50 telephone.—Radio.—Signal
1312 2075 155 40 corps.

411 2133 52 52 ©
496 2139 115 46 May
641 2137 39 45 8,
713 2137 140 46 1933;
887 2138 67 40 2c.
987 2138 95 38 and
1115 2136 83 41 aff.
1231 2138 114 47 May
1377 2138 82 46 15;
1493 2137 41 39 A
1565 2137 171 47 62650;
1833 2137 182 40 Williams
2047 2138 36 40 &
2114 2135 211 43 Wilkins
2358 2146 68 30 co.

490 2194 281 47 (33-13006)

405 2295 297 68 Standing
730 2300 173 65 Bear,
935 2299 248 66 Luther,
1213 2300 233 53 Dakota
1476 2299 172 69 chief,
1681 2302 174 51 1868-

481 2375 1882 71 Land of the spotted eagle, by Chief Standing Bear …
409 2456 220 52 Boston
662 2455 113 53 and
809 2456 141 52 New
984 2455 181 68 York,
1199 2456 324 68 Houghton
1556 2455 207 53 Mifflin
1798 2473 299 51 company,
2134 2458 151 50 1933.

480 2527 100 47 xix,
608 2528 87 40 259
721 2538 43 38 p.
820 2528 164 48 front.,
1013 2529 144 46 illus.,
1187 2531 150 46 ports.
1396 2528 56 40 21
1456 2531 45 21 cm
1505 2560 10 9 .

482 2584 1945 49 “In this book I attempt to tell … just how we lived as Lakotans.”—
408 2641 132 42 Pref.

482 2698 215 41 “Lakota
726 2699 43 40 is
794 2700 83 39 the
906 2698 150 41 tribal
1083 2710 140 30 name
1250 2699 52 40 of
1327 2700 82 40 the
1436 2701 210 38 western
1673 2699 155 41 bands
1856 2699 52 40 of
1933 2698 161 49 plains
2121 2700 166 47 people
2315 2709 108 30 now

407 2754 177 41 known
611 2765 55 30 as
691 2756 82 40 the
803 2754 599 49 Sioux.”—Explanatory
1428 2758 126 40 note,
1582 2765 45 39 p.
1670 2755 51 40 [xi]

412 2823 52 52 ©
499 2828 115 47 May
646 2828 69 46 17,
749 2828 113 40 1933
882 2839 7 31 :
926 2829 67 39 2c.
1029 2830 113 46 May
1175 2829 83 45 20;
1296 2828 82 40 aff.
1415 2830 114 46 May
1562 2828 83 47 19;
1682 2829 40 39 A
1757 2829 171 47 62731;
1965 2830 185 39 Luther
2188 2828 238 49 Standing

479 2885 141 47 Bear,
655 2885 310 48 Huntington
1001 2886 143 49 Park,
1179 2886 147 41 Calif.
1397 2886 282 50 (33-13074)

406 2988 285 67 Stimson,
723 2991 256 54 Edward
1011 2992 251 64 Schaad,
1298 2993 172 54 1897-

477 3068 1883 72 Jurisdiction & power of taxation, by Edward S. Stimson …
409 3147 226 54 Kansas
668 3147 154 61 City,
852 3148 135 66 Mo.,
1018 3150 232 53 Yernon
1283 3150 110 52 law
1421 3149 149 53 book
1599 3168 79 35 co.
1715 3152 173 65 [c1933]

481 3221 100 48 viii,
614 3222 86 40 119
730 3233 43 38 p.
833 3222 55 41 23½
923 3225 44 21 cm
972 3255 9 8 .

415 3289 54 52 ©
497 3294 114 47 Apr.
642 3295 69 46 21,
741 3293 141 43 1933:
915 3296 67 39 2c.
1014 3297 95 38 and
1141 3295 82 41 aff.
1256 3297 114 47 May
1401 3297 81 46 11;
1516 3296 40 39 A
1588 3297 170 47 61766;
1792 3297 195 41 Vernon
2016 3299 96 39 law
2144 3298 123 40 book
2298 3310 66 29 co.

493 3351 282 49 (33-13200)

406 3453 209 66 Sykes,
645 3456 213 65 Mabel,
891 3461 172 50 1868-

480 3529 1848 75 Solid geometry, by Mabel Sykes … Clarence E. Comstock
409 3610 2012 75 and Charles M. Austin … New York, Chicago [etc.] Rand,
406 3689 894 74 McNally & company [ c 1933]
482 3777 45 36 x,
560 3765 87 41 309
678 3778 42 37 p.
754 3767 109 41 incl.
900 3768 161 48 front.,
1097 3770 143 47 illus.,
1276 3769 180 47 diagrs.
1519 3770 55 41 19½
1607 3773 15 22 cm
1657 3802 8 9 .
1739 3772 253 48 (Lettered
2025 3783 62 28 on
2119 3782 164 33 cover:
2317 3772 109 40 Life

408 3823 206 41 interest
645 3824 174 47 series)

485 3880 138 41 Scale
651 3882 50 38 in
731 3883 171 46 pocket
933 3886 230 39 mounted
1194 3896 58 29 on
1284 3884 339 50 lining-paper.

414 3947 52 52 ©
499 3953 113 46 May
641 3953 39 43 2,
713 3953 139 43 1933;
886 3954 64 40 2c.
983 3956 95 39 and
1110 3955 81 41 aff.
1226 3957 112 47 May
1369 3956 51 41 8:
1455 3957 39 38 A
1526 3958 170 46 62612;
1734 3959 153 48 Rand,
1920 3960 224 48 McNally
2176 3960 34 39 &
2243 3971 65 29 co.

498 4008 281 50 (33-13021)
