2582 4453
1371 4163 133 50 1456

427 463 240 65 Wilson,
696 463 274 63 Dorothy
1001 461 231 56 Clarke.

500 543 228 52 Twelve
754 542 229 54 months
1008 540 65 54 of
1095 541 199 53 drama
1322 540 92 52 for
1440 542 96 51 the
1559 558 241 49 average
1825 541 230 64 church,
2077 540 77 68 by
2178 540 266 67 Dorothy

430 619 2009 68 Clarke Wilson … Boston, Walter H. Baker company [ c 1933 ]
501 694 86 41 287
616 706 41 37 p.
719 694 27 39 20½
809 696 44 21 cm
859 726 8 9 .

504 749 1447 51 “Worship service … accompanies each play.”—Pref.
504 810 102 40 The
634 810 139 49 plays
804 809 141 48 given
975 818 98 38 are,
1103 810 102 39 The
1233 808 82 40 far
1342 809 220 46 country,
1593 809 101 39 The
1724 808 96 40 lost
1850 807 137 48 book,
2016 808 102 39 The
2145 808 94 39 lost
2270 818 173 31 crown.

434 867 217 48 Release,
684 867 102 40 The
818 865 296 42 centurion’s
1147 868 214 46 servant,
1391 868 43 39 A
1465 866 121 48 good
1619 864 193 49 soldier,
1844 866 103 39 The
1978 866 94 39 lost
2106 866 179 47 people,
2318 866 127 40 That

433 925 140 40 home
602 924 51 41 in
684 925 262 47 Nazareth,
977 925 104 40 The
1108 925 96 40 lost
1236 924 197 48 church,
1466 924 104 40 The
1600 923 255 48 unlighted
1887 933 147 37 cross,
2067 924 250 47 Brothers,
2351 925 95 39 and

432 982 40 40 A
499 983 123 48 good
653 982 257 49 shepherd.

433 1050 1936 52 © Sept. l. 1933 ; 2c. and aff. Sept. 21; A 65315; Walter H. Baker co.
510 1111 282 48 (33-28911)

426 1213 298 68 Winslow,
765 1213 267 68 Kenelm,
1077 1217 173 52 1863-

499 1291 55 53 A
589 1291 106 55 life
731 1292 223 69 against
995 1292 188 68 death,
1218 1293 76 69 by
1332 1291 244 53 Kenelm
1614 1291 292 55 Winslow.
1988 1290 252 70 [Seattle]
431 1291 1989 133 Lowman

600 1369 720 71 & Hanford co. [ c 1933]
497 1447 26 39 2
554 1458 42 37 p.
663 1478 8 15 l.,
702 1446 89 41 292
818 1458 42 38 p.
920 1446 57 41 24
980 1449 44 21 cm
1029 1480 8 8 .

499 1516 417 50 Autobiography.

431 1583 51 53 ©
513 1588 130 48 Sept.
670 1589 70 46 25,
768 1588 113 40 1933
901 1599 8 35 ;
940 1589 67 39 2c.
1037 1589 103 40 Oct.
1168 1587 53 48 9;
1252 1588 85 42 aff.
1366 1589 100 40 Oct.
1497 1590 82 46 11;
1609 1589 43 39 A
1678 1588 171 47 66564;
1881 1589 58 38 K.
1969 1588 248 48 Winslow,
2251 1589 198 41 Seattle.

508 1645 282 49 (33-30088)

430 1745 333 57 Wisconsin
810 1750 113 52 and
968 1751 188 52 North
1199 1756 242 47 western
1484 1749 205 70 digest,
1733 1750 271 68 covering
2048 1752 78 51 all
2169 1769 150 37 cases
500 1769 1922 127 reported

735 1829 60 52 in
821 1829 327 55 Wisconsin
1178 1834 242 64 reports,
1446 1830 190 53 North
1665 1834 241 48 western
1936 1835 260 61 reporter
2226 1830 113 52 and
2370 1832 78 50 all

502 1907 64 53 of
599 1909 100 53 the
730 1910 172 52 north
936 1913 242 48 western
1211 1914 174 48 states
1421 1913 224 64 reports
1680 1908 155 54 from
1869 1909 97 52 the
2000 1909 228 53 earliest
2262 1909 184 67 times,

501 1985 142 55 with
680 1992 231 48 current
949 1986 347 55 cumulative
1334 1987 206 69 pocket
1574 1987 212 55 service
1821 1987 250 69 keeping
2105 1986 116 55 this
2259 1987 189 70 digest

503 2065 1943 71 always to date … Compiled and edited by the publisher’s
501 2145 270 54 editorial
809 2143 152 56 staff,
1038 2164 50 35 v.
1127 2150 83 48 40.
1287 2147 179 53 Table
1505 2146 64 54 of
1609 2166 150 34 cases
1800 2146 276 70 digested.
2157 2147 83 55 St.
2280 2147 167 67 Paul,

499 2227 164 53 West
691 2226 339 68 publishing
1062 2245 79 34 co.
1182 2260 13 34 [
1200 2232 18 21 c
1224 2229 152 64 1933]

496 2301 62 46 vi,
591 2300 115 40 1429
737 2312 41 36 p.

432 2367 52 52 ©
517 2372 129 47 Sept.
675 2371 69 47 26,
774 2371 140 47 1933;
946 2371 67 40 2c.
1043 2372 97 39 and
1169 2370 82 42 aff.
1283 2370 104 41 Oct.
1416 2371 83 46 12;
1530 2371 41 39 A
1600 2370 172 48 65586;
1805 2371 134 41 West
1970 2371 108 48 pub.
2110 2381 68 30 co.

429 2475 390 66 Wodehouse,
849 2475 247 54 Pelham
1127 2475 317 56 Grenville.

499 2553 210 53 Thank
739 2572 131 49 you,
903 2554 231 54 Jeeves!
1214 2554 163 68 chap.
1413 2556 186 50 12-14.

508 2629 84 48 (In
622 2624 187 44 Strand
838 2625 281 52 magazine,
1148 2625 143 52 Nov.,
1323 2625 146 51 1933)

433 2694 2016 54 © 1c. Nov. 18, 1933; A ad int. 18356; pubd. Oct. 20; P. G. Wodehouse,
496 2755 215 41 London.

429 2858 257 68 Wright,
720 2859 241 68 Sydney
992 2860 247 68 Fowler,
1275 2860 173 55 1874-

559 2938 1883 70 … Lord’s right in Languedoc. London, Jarrolds, limited
431 3021 173 65 [1933]

498 3093 26 39 2
550 3103 42 38 p.
656 3125 8 15 l.,
692 3091 147 43 9-318
863 3102 43 38 p.
967 3091 59 42 19½
1056 3094 45 23 cm
1106 3125 8 8 .

498 3151 62 40 At
588 3151 126 40 head
743 3150 51 40 of
820 3149 137 42 title:
990 3150 45 42 S.
1064 3150 191 41 Fowler
1282 3149 208 50 Wright.

431 3218 2017 54 © 1c. Sept. 11, 1933; A ad int. 18190: pubd. July 14: S. F. Wright, Iver
498 3281 179 45 Heath,
710 3281 177 47 Bucks,
919 3280 239 48 England.
1230 3280 283 48 (33-30147)

431 3384 279 66 Zurcher,
740 3385 224 54 Arnold
995 3385 176 56 John.

502 3462 120 53 The
658 3463 355 67 experiment
1047 3464 138 52 with
1223 3464 332 67 democracy
1590 3463 60 55 in
1682 3465 217 52 central
1935 3466 259 64 Europe:
2233 3484 27 33 a
432 3483 1985 126 comparative
725 3560 205 50 survey
963 3542 63 53 of
1056 3543 96 52 the
1183 3542 299 69 operation
1513 3542 65 54 of
1605 3542 344 56 democratic
1981 3549 370 62 government
2384 3543 56 52 in

432 3624 276 63 post-war
739 3620 292 68 Germany
1064 3622 111 52 and
1209 3621 57 53 in
1293 3622 98 52 the
1422 3622 247 53 Russian
1704 3623 110 52 and
1849 3622 593 68 Austro-Hungarian

431 3699 1986 132 succession states, by Arnold John Zürcher … New York, Oxford
596 3779 320 69 university
943 3799 175 50 press,
1150 3783 150 50 1933.

499 3853 49 40 ix
575 3865 57 36 p.,
660 3854 30 39 2
749 3885 8 15 l.,
785 3854 88 41 328
899 3865 42 37 p.
999 3865 138 37 maps
1167 3854 134 49 (part
1329 3855 145 46 fold.)
1540 3855 48 39 21
1598 3858 44 20 cm
1649 3889 9 7 .

497 3924 352 50 Bibliography
869 3937 9 28 :
911 3936 45 38 p.
1005 3926 236 50 [285]-300.

432 3991 53 53 ©
523 3996 127 48 Sept.
687 3997 69 41 28,
793 3996 141 41 1933:
973 3997 66 39 2c.
1076 3998 96 39 and
1208 3997 82 42 aff.
1330 3998 127 48 Sept.
1493 3998 82 41 30:
1615 3998 39 40 A
1691 3998 171 40 65408:
1904 3998 186 42 Oxford
2128 3998 129 41 univ.
2295 4008 150 39 press,

498 4053 118 40 New
645 4054 145 41 York,
821 4053 105 43 inc..
958 4054 116 39 New
1104 4054 143 39 York.
1321 4054 282 48 (33-29671)
