2484 4405
1047 4095 134 44 1475

130 440 205 65 Miller,
367 442 271 64 Spencer,
673 447 170 49 1891-
985 442 83 53 ed.

194 520 306 52 American
528 520 159 52 labor
715 520 110 52 and
857 519 93 53 the
976 519 216 66 nation,
1220 518 190 53 edited
1436 518 75 69 by
1540 517 247 69 Spencer
1814 517 212 70 Miller,
2054 518 70 69 jr.

184 596 1772 70 … Chicago, Ill., The University of Chicago press [1933]
198 685 112 49 [234]
341 696 43 37 p.
444 685 55 38 22
503 686 43 21 cm
552 716 7 8 .

197 756 206 39 Various
434 755 216 48 pagings.

195 814 113 39 Two
342 813 150 40 series
525 813 51 40 of
607 814 210 39 lectures
849 814 259 39 broadcast
1142 813 152 39 under
1328 812 80 41 the
1441 813 221 47 auspices
1696 812 51 39 of
1780 812 80 41 the
1894 812 228 41 National

125 872 225 46 advisory
377 872 184 39 council
588 883 58 28 on
674 871 136 40 radio
836 871 47 39 in
909 870 260 41 education
1195 871 118 39 with
1340 872 80 40 the
1446 871 310 47 cooperation
1781 871 52 39 of
1858 872 80 38 the
127 871 1980 98 American

262 929 274 40 federation
566 929 51 39 of
645 929 136 40 labor
811 930 93 38 and
937 929 80 39 the
1047 929 231 39 Workers
1305 928 258 40 education
1593 928 183 40 bureau
1807 928 51 40 of
1887 929 237 39 America.

225 988 38 37 "A
294 987 143 47 study
470 985 264 41 notebook”
767 985 156 41 which
954 986 219 39 includes
1204 985 377 48 bibliographies
1610 985 43 41 is
1683 986 160 39 bound
1873 986 49 38 in
1952 988 52 37 at
2033 986 91 39 end

124 1045 51 39 of
207 1045 116 39 each
356 1044 164 40 series.

128 1113 50 51 ©
204 1117 102 39 Oct.
330 1116 68 41 10.
424 1115 139 46 1933;
589 1116 67 38 2c.
681 1116 102 39 Oct.
807 1116 81 45 14;
916 1114 79 39 aff.
1023 1115 102 39 Oct.
1151 1114 80 42 43;
1258 1116 41 37 A
1322 1114 170 41 66629:
1520 1114 284 49 University
1827 1115 54 40 of
1904 1113 225 48 Chicago,

194 1173 220 47 Chicago.
491 1171 279 49 (33-30381)

126 1275 376 64 Mississippi.
578 1277 276 65 Supreme
888 1281 173 48 court.

198 1352 1927 68 Cases argued and decided … at the September term, 1932.
128 1432 106 52 and
277 1431 201 53 March
517 1435 162 63 term,
719 1434 148 50 1933.
944 1450 50 33 v.
1038 1434 112 49 165.
1228 1431 291 69 Reported
1556 1432 75 67 by
1666 1431 174 54 Louis
1878 1432 82 53 M.
126 1431 1974 147 Jiggitts.

359 1509 318 58 Columbia.
708 1512 132 59 Mo.,
874 1512 64 50 E.
969 1512 88 52 TY
1094 1510 282 68 Stephens
1405 1510 337 69 publishing
1773 1527 97 50 co.,
1902 1514 151 49 1933.

190 1598 103 44 xiii,
323 1598 84 39 984
437 1609 41 36 p.
536 1598 56 39 22½
625 1600 42 20 cm
675 1631 7 7 .

126 1665 50 51 ©
205 1670 117 46 Aug.
351 1669 69 42 23,
450 1668 111 40 1933
581 1679 7 30 :
619 1669 66 39 2c.
716 1669 118 46 Aug.
862 1668 82 46 26;
976 1667 81 41 aff.
1087 1669 119 38 Nov.
1236 1668 52 46 6;
1320 1669 43 38 A
1389 1668 170 47 66928;
1593 1668 203 41 Central
1822 1671 154 38 states
2006 1668 122 41 book

191 1738 81 34 co.,
307 1726 263 46 Columbia,
606 1726 90 38 Mo.

123 1829 423 54 Munchausen.
621 1829 262 66 English.

194 1908 190 51 Baron
438 1906 437 53 Munchausen’s
928 1907 345 52 miraculous
1327 1907 342 54 adventures
1722 1925 72 35 on
1846 1907 156 68 land,
2056 1907 73 68 by

123 1982 297 57 Gottfried
469 1984 229 69 August
747 1985 284 68 Buerger;
1083 1984 140 54 with
1272 1985 95 55 the
1417 1985 288 54 woodcuts
1755 1985 74 68 by
1876 1984 252 56 Gustave

125 2063 149 52 Dore
296 2063 111 52 and
432 2083 30 33 a
489 2062 301 68 prefatory
811 2064 162 52 truth
995 2063 75 67 by
1093 2062 188 68 Gerry
1304 2061 349 70 Fitzgerald.
1729 2063 111 52 Los
1863 2064 267 67 Angeles,

124 2139 1403 69 Calif., U. S. Library association, inc. [ c 1933]
190 2215 55 40 63
274 2226 42 37 p.
345 2214 108 40 incl.
482 2215 164 46 front.,
675 2215 127 39 illus.
860 2214 57 40 18½
949 2216 44 21 cm
997 2245 9 8 .

195 2285 318 39 “Translated
543 2284 127 40 from
700 2285 80 40 the
811 2284 209 41 German
1050 2284 62 48 by
1144 2284 167 40 Ulrich
1342 2284 50 40 L.
1426 2283 309 42 Steindorff.”

127 2351 50 52 ©
218 2356 124 47 Sept.
379 2355 69 45 30,
485 2354 139 47 1933;
663 2354 65 39 2c.
766 2354 96 40 and
898 2353 82 41 aff.
1017 2354 104 41 Oct.
1157 2355 52 46 9;
1248 2354 40 39 A
1325 2354 169 48 66514;
1535 2355 54 40 U.
1628 2355 48 39 L.
1718 2355 278 48 Steindorff,
2036 2356 92 39 Los

190 2411 219 48 Angeles.
483 2410 278 48 (33-30274)

126 2512 287 64 O’Grady,
443 2512 173 66 John,
649 2519 171 49 1886-

190 2590 139 53 Levi
362 2589 268 56 Silliman
659 2590 149 69 Ives,
837 2590 232 70 pioneer
1099 2591 190 54 leader
1321 2591 57 53 in
1413 2589 264 58 Catholic
1706 2591 267 56 charities
2008 2593 93 69 [by]

124 2668 1832 71 John O’Grady … New York, P. J. Kenedy & sons, 1933.
191 2754 31 27 X
248 2752 56 38 p.,
332 2743 24 37 1
418 2773 9 17 l.,
454 2742 56 41 98
535 2752 43 37 p.
637 2742 55 39 21½
727 2744 44 22 cm
775 2774 8 9 .

191 2812 373 48 Bibliography:
595 2822 44 39 p.
668 2812 158 42 91-93.

127 2879 52 52 ©
209 2884 127 47 Sept.
365 2883 68 42 22.
463 2884 140 39 1933:
633 2885 67 40 2c.
731 2884 101 40 Oct.
862 2885 52 46 2;
946 2884 82 41 aff.
1059 2885 102 40 Oct.
1190 2886 53 46 3;
1275 2886 40 38 A
1345 2885 169 48 65435;
1548 2887 48 38 P.
1629 2887 42 39 J.
1703 2888 201 47 Kenedy
1935 2887 37 40 &
1998 2898 127 30 sons.

205 2940 279 49 (33-30419)

125 3041 381 67 Oppenheim,
541 3043 253 52 Edward
827 3043 265 64 Phillips,
1131 3050 169 49 1866-

190 3120 120 52 The
337 3119 384 69 ex-detective,
749 3119 74 71 by
851 3120 66 52 E.
947 3119 251 70 Phillips
1228 3119 373 72 Oppenheim.
1667 3122 233 70 Boston,
1926 3122 194 71 Little,

126 3198 224 65 Brown,
384 3198 111 53 and
528 3216 294 50 company,
858 3202 149 50 1933.

191 3282 664 51 4 p. l. , [3]—272 p. 19½ cm .
125 3353 50 51 ©
207 3358 99 39 Oct.
337 3358 68 47 20',
436 3358 140 47 1933;
607 3360 68 38 2c.
704 3360 95 38 and
829 3359 81 41 aff.
942 3360 101 40 Oct.
1074 3360 83 46 21;
1191 3361 40 38 A
1260 3361 169 47 65755;
1464 3363 50 37 E.
1548 3363 49 37 P.
1632 3362 310 48 Oppenheim,
1974 3363 148 48 Keep-

191 3415 125 45 ham,
346 3414 218 47 Norfolk,
596 3416 235 45 England.
903 3416 280 48 (33-30451)

121 3513 247 67 Palmer,
402 3516 333 66 Frederick,
771 3519 169 54 1873-

190 3593 160 53 With
396 3612 95 49 my
534 3612 127 36 own
703 3613 154 50 eyes;
906 3618 31 34 a
982 3600 263 64 personal
1292 3604 156 61 story
1493 3598 64 53 of
1599 3598 182 54 battle
1822 3615 181 52 years,
2046 3599 76 69 by

123 3670 305 54 Frederick
478 3673 257 65 Palmer;
792 3674 327 54 illustrated
1173 3675 151 52 from
1381 3675 409 69 photographs.
121 3677 1974 137 Indianapolis,
349 3748 122 54 The
499 3749 442 56 Bobbs-Merrill
973 3770 280 50 company
1289 3756 171 65 [1933]

189 3822 1455 52 6 p. l. , 15-396 p. front., plates, ports., facsims. 24 cm .
187 3892 163 42 “First
379 3893 227 43 edition.”

123 3958 50 52 ©
198 3963 102 41 Oct.
323 3964 68 47 11,
416 3964 139 47 1933;
582 3966 65 39 2c.
674 3968 96 38 and
793 3966 81 40 aff.
901 3967 100 40 Oct.
1027 3968 82 46 18;
1137 3968 39 38 A
1201 3967 170 48 66679;
1399 3969 52 39 F.
1477 3970 205 41 Palmer.
1709 3972 244 40 Katonah.
1980 3972 56 40 N.
2062 3973 54 39 Y.

198 4019 279 51 (33-30273)
