2540 4453
0 0 0 0 279
127 469 330 65 Frederick,
489 470 136 53 Orie
655 470 185 54 Isaac.

193 547 137 52 Two
357 544 402 54 standardized
786 544 171 53 check
981 544 125 53 lists
1135 543 94 54 for
1254 544 97 54 the
1375 544 399 70 organization
1800 544 64 54 of
125 545 1970 147 secondary
265 623 246 66 schools;
554 640 104 35 one
698 620 93 55 for
831 621 195 69 junior
1062 620 143 71 high
1246 622 190 53 school
1477 622 205 69 grades
1723 623 113 53 and
1878 641 103 35 one
2025 621 97 55 for

123 698 1998 70 senior high school grades [by] Orie I. Frederick … Ann
126 777 188 53 Arbor
343 777 139 68 [The
506 777 137 52 Ann
667 777 194 53 Arbor
885 794 176 51 press]
1096 778 150 53 1933.

191 848 57 41 64
279 860 43 37 p.
381 848 56 41 23½
471 852 43 21 cm
517 880 9 9 .

195 906 172 41 Thesis
408 906 107 48 (PH.
579 905 388 49 D.)—University
999 906 52 40 of
1082 904 261 49 Michigan.

195 962 69 39 “A
293 962 206 41 selected
529 962 392 48 bibliography”:
953 973 42 37 p.
1031 960 189 52 [58]—64.

127 1016 52 52 ©
209 1022 121 39 Mar.
358 1021 40 47 3,
428 1019 139 44 1933;
599 1021 66 41 2c.
697 1022 122 40 Mar.
848 1022 52 46 7;
932 1020 82 42 aff.
1045 1022 122 40 Mar.
1197 1020 52 48 G;
1281 1020 41 40 A
1351 1020 169 49 59791;
1554 1021 50 41 O.
1637 1023 37 39 I.
1707 1020 274 49 Frederick,
2012 1022 108 41 Ann

193 1079 168 39 Arbor.
429 1077 248 49 (33-6329)

123 1180 249 54 General
402 1180 166 54 radio
599 1196 305 49 company,
936 1181 363 68 Cambridge,
1329 1184 172 53 Mass.

193 1257 330 67 Frequency
554 1264 438 48 measurements
1024 1265 58 47 at
1114 1258 164 54 radio
1310 1259 380 66 frequencies;
1727 1279 31 33 a
1791 1262 230 52 manual
2054 1259 64 54 of

124 1335 1971 145 measurement and monitoring technique … 1st ed. … Cambridge, Mass., General radio company, 1933.
196 1481 56 42 80
275 1494 44 38 p.
372 1484 141 48 illus.,
543 1484 180 48 diagrs.
777 1485 55 41 25½
882 1486 27 21 m
913 1516 9 9 .
990 1485 97 48 (Its
1115 1485 216 42 Bulletin
1358 1487 79 47 10)

127 1537 51 52 ©
210 1542 108 39 Feb.
352 1541 67 48 10,
451 1541 111 41 1933;
623 1542 67 41 2c.
722 1543 111 39 Feb.
861 1542 83 47 20;
977 1540 83 44 aff.
1093 1543 110 41 Feb.
1234 1544 83 47 24;
1351 1544 41 39 A
1423 1544 169 47 60386;
1629 1544 204 40 General
1868 1545 138 41 radio
2038 1557 82 38 co.,

195 1598 299 48 Cambridge,
525 1600 146 39 Mass.
739 1599 250 48 (33-6192)

123 1697 315 69 Genevoix,
470 1699 279 68 Maurice,
781 1707 166 49 1890-

253 1779 1692 73 … Gai-l’amour, roman. [Paris] E. Flammarion [1932]
193 1852 86 42 284
305 1864 57 38 p.,
390 1854 25 39 1
464 1886 9 9 l.
528 1854 57 40 18½
616 1856 44 21 cm
665 1885 6 8 .

126 1906 51 52 ©
206 1910 101 41 Oct.
335 1910 69 48 20,
432 1910 140 48 1932;
631 1922 37 30 1c.
696 1912 118 40 Nov.
841 1913 53 46 4;
926 1912 308 49 A-Foreign
1263 1912 143 41 18524;
1465 1915 180 40 Ernest
1670 1914 345 42 Flammarion.

204 1967 248 48 (33-6818)

120 2068 298 67 Germany
461 2072 201 66 (1918-
809 2072 17 68 )
910 2071 423 56 Reichsarchiv.

189 2149 119 52 Der
349 2149 313 69 Weltkrieg,
707 2153 134 49 1914
881 2150 86 54 bis
1014 2154 150 65 1918,
1206 2152 311 54 bearbeitet
1559 2152 78 53 im
1679 2154 435 69 Reichsarchiv;

119 2228 90 53 die
258 2228 413 52 militärischen
718 2230 369 67 Operationen
1135 2248 68 34 zu
1253 2231 183 52 lande.
1537 2235 45 50 [8.
1630 2232 93 53 bd.
1763 2233 110 53 Die
119 2252 1974 107 Operationen
339 2307 96 53 des
461 2307 189 68 jahres
680 2309 151 50 1915.
905 2308 110 53 Die
1042 2308 305 70 ereignisse
1371 2309 79 53 im
1477 2312 230 54 Westen
1735 2312 80 52 im
1843 2312 276 71 frühjahr

119 2386 1937 74 und sommer, im Osten vom frühjahr bis zum jahresschluss] …
120 2464 216 68 Berlin,
365 2467 67 51 E.
463 2465 56 56 S.
546 2465 228 53 Mittler
801 2470 46 50 &
871 2466 160 69 sohn,
1062 2469 152 52 1932.

194 2539 997 49 xiv p., 1 l., 666 p. fold. maps. 26 ½ cm .
127 2592 51 52 ©
211 2597 112 47 Apr.
354 2596 69 48 21,
455 2596 140 47 1932;
659 2607 35 29 1c.
731 2596 126 48 Sept.
891 2597 52 46 7;
978 2596 311 49 A-Foreign
1321 2599 171 49 20110;
1528 2602 52 39 E.
1617 2601 45 41 S.
1695 2600 188 42 Mittler
1917 2603 36 39 &
1986 2603 135 42 sohn.

124 2684 224 65 Goudy,
378 2684 275 55 Frederic
680 2683 274 67 William,
986 2689 170 50 1865-

193 2762 121 53 The
347 2770 154 60 story
534 2761 63 52 of
628 2761 97 55 the
760 2760 227 69 Village
1021 2765 152 65 type,
1205 2760 74 70 by
1311 2760 74 55 its
1420 2759 277 69 designer,
1730 2757 268 55 Frederic
2031 2757 89 56 W.

124 2838 218 69 Goudy.
404 2839 136 52 New
564 2838 178 69 York,
764 2839 121 53 The
907 2839 165 54 Press
1093 2839 63 51 of
1177 2838 95 54 the
1293 2838 206 69 woolly
1523 2837 181 53 whale
1733 2836 164 70 [priv.
1921 2835 196 71 print.]

125 2919 148 50 1933.

191 2985 796 52 3 p. l., 13, [12] p., 1 l. 23½ cm .
192 3044 86 39 “In
309 3044 220 40 addition
561 3046 48 38 to
638 3044 88 40 450
756 3045 159 47 copies
947 3045 52 40 of
1028 3044 99 42 this
1157 3045 123 40 book
1311 3046 123 39 done
1462 3045 80 39 for
1573 3045 83 40 the
1683 3046 237 39 members
1953 3045 52 40 of
2037 3046 81 39 the

122 3100 256 41 American
416 3100 227 41 institute
684 3101 52 40 of
773 3100 199 49 graphic
1011 3103 118 46 arts,
1170 3101 86 40 200
1296 3101 159 48 copies
1497 3112 59 29 on
1597 3101 181 39 Arnold
1821 3101 296 41 unbleached

122 3157 129 41 hand
281 3157 140 41 made
450 3168 161 38 paper,
643 3158 261 41 numbered
934 3158 129 41 from
1090 3159 25 39 1
1147 3161 49 38 to
1224 3156 98 51 200,
1354 3159 123 39 have
1506 3158 116 40 been
1652 3157 242 50 privately
1927 3158 191 49 printed

124 3216 58 46 by
207 3216 205 39 Melbert
439 3216 53 39 B.
518 3216 141 47 Cary,
683 3216 75 47 jr.,
783 3216 81 39 for
887 3214 77 41 his
988 3215 203 40 friends.
1244 3214 119 42 This
1389 3214 178 48 special
1596 3214 182 41 edition
1807 3214 222 41 contains
2054 3226 63 29 an

121 3270 1997 50 extra page of supplementary information … This copy is number 24.”
122 3326 1979 107 “This … is more nearly the history of the Village press than an account of the Village type.”—Introd., signed: Melbert B. Cary, jr.
193 3441 395 48 “Chronological
625 3441 85 40 list
746 3442 52 39 of
835 3443 138 45 types
1010 3440 229 49 designed
1278 3442 61 47 by
1378 3440 228 41 Frederic
1643 3442 71 40 W.
1752 3441 184 48 Goudy,
121 3440 1999 99 1896-1932”:
328 3508 44 38 p.
410 3498 143 49 [3-12]
589 3500 51 38 at
672 3498 105 40 end.

128 3554 51 52 ©
210 3560 120 39 Mar.
360 3559 38 46 1,
428 3557 139 47 1933;
597 3557 68 40 2c.
694 3558 122 40 Mar.
846 3558 51 45 6;
930 3556 82 42 aff.
1043 3558 120 38 Mar.
1193 3555 53 47 9;
1278 3556 40 39 A
1347 3555 170 48 60517;
1552 3555 204 42 Melbert
1786 3557 53 39 B.
1872 3556 141 47 Cary,
2043 3556 76 47 jr.,

196 3615 115 40 New
343 3615 138 40 York.
547 3613 249 49 (33-6245)

126 3702 283 66 Gregory,
439 3703 274 65 Jackson,
748 3708 169 50 1882-

191 3779 120 54 The
341 3780 229 54 shadow
599 3798 71 34 on
701 3779 94 52 the
825 3796 150 37 mesa
1027 3779 91 68 [by]
1152 3778 247 54 Jackson
1430 3776 273 71 Gregory.
1770 3777 138 55 New
1940 3775 179 70 York,

123 3856 187 69 Dodd,
343 3856 170 54 Mead
544 3858 46 52 &
619 3875 295 50 company,
950 3859 150 51 1933.

192 3928 538 48 3 p. l., 287 p. 19 cm .
130 3983 1969 53 © Feb. 10, 1933; 2c. Feb. 17; aff. Feb. 16; A 60607; J. Gregory, Altadena, Calif. (33-6254)
