2597 4403
1377 4080 105 50 242

403 399 381 55 Association
815 399 64 53 of
910 397 424 66 practitioners
1363 397 205 53 before
1599 397 104 55 the
1733 397 330 53 Interstate
2094 412 326 39 commerce

475 478 399 55 commission.

476 558 222 67 Report
729 556 64 53 of
824 556 98 53 the
952 554 161 54 third
1146 556 213 52 annual
1390 554 252 70 meeting
1672 554 63 54 of
1767 553 364 55 Association
2164 553 64 54 of
405 572 1992 118 practitioners

709 634 198 55 before
947 635 97 54 the
1083 636 313 52 Interstate
1437 652 308 37 commerce
1785 633 362 54 commission
2186 634 135 53 held
2362 638 61 49 at

405 716 391 69 Washington
835 714 173 69 hotel,
1050 713 407 70 Washington,
1500 716 72 53 D.
1618 715 81 68 C.,
1743 713 247 56 October
2036 716 190 65 19-20,
2270 716 150 50 1932.

411 794 356 71 [Baltimore,
796 795 122 52 The
946 794 157 54 Lord
1134 793 320 55 Baltimore
1482 811 175 52 press,
1688 796 153 65 1933]

483 873 84 40 171
599 882 42 37 p.
701 870 167 45 front.,
899 872 125 45 port.
1085 869 55 40 23½
1173 870 44 22 cm
1223 898 8 9 .

414 924 53 53 ©
493 929 113 40 Feb.
629 927 40 49 2,
697 926 141 48 1933;
866 925 68 43 2c.
961 926 111 40 Feb.
1098 926 83 46 21;
1210 925 83 41 aff.
1320 925 112 41 Feb.
1458 924 83 47 23;
1570 925 41 39 A
1637 923 170 49 59619;
1837 924 309 41 Association
2174 924 52 42 of
481 924 1928 102 practitioners

718 984 167 40 before
938 984 82 40 the
1074 984 269 39 Interstate
1396 992 265 30 commerce
1712 982 323 48 commission,
2089 981 338 49 Washington,

484 1043 56 39 D.
575 1042 49 41 C.

409 1146 183 66 Auer,
620 1146 307 55 Johannes
953 1144 312 55 Abraham
1293 1143 349 57 Christoffel
1670 1143 360 67 Fagginger,
2059 1149 175 52 1882-

480 1222 1884 71 Humanism states its case, by J. A. C. Fagginger Auer …
411 1304 96 53 the
538 1303 217 54 Lowell
787 1301 265 55 institute
1084 1304 258 67 lectures,
1375 1302 290 55 delivered
1697 1302 61 53 in
1790 1302 208 69 King’s
2034 1304 220 67 chapel,
410 1305 1992 146 Boston,

564 1382 464 68 Massachusetts,
1065 1381 214 70 during
1315 1381 300 69 February
1652 1382 113 53 and
1800 1382 221 68 March,
2061 1385 150 51 1932.
410 1384 1992 146 Boston,

554 1462 192 68 Mass.,
773 1461 123 53 The
923 1462 226 53 Beacon
1177 1478 176 51 press,
1381 1460 129 69 inc.,
1539 1464 151 51 1933.

483 1534 64 48 ix,
582 1534 87 40 154
701 1547 43 36 p.
804 1534 58 40 20½
893 1537 45 22 cm
942 1565 9 10 .

417 1589 53 53 ©
503 1593 111 41 Feb.
647 1592 70 48 20,
749 1592 142 48 1933;
925 1593 68 40 2c.
1025 1593 97 39 and
1156 1591 82 41 aff.
1272 1591 113 41 Feb.
1416 1590 83 48 25;
1535 1591 41 39 A
1607 1589 171 50 59679;
1813 1591 194 41 Beacon
2037 1601 153 39 press,
2223 1591 90 40 inc.

495 1649 254 50 (33-5628)

413 1752 231 67 Balzac,
673 1755 239 53 Honore
940 1755 88 65 de,
1061 1754 328 56 1799-1850.

485 1831 125 54 The
647 1830 350 71 physiology
1036 1830 66 54 of
1142 1830 308 70 marriage,
1491 1829 77 72 by
1608 1830 237 54 Honore
1889 1830 70 55 de
2001 1830 241 56 Balzac:
2288 1832 145 55 with

414 1929 31 35 a
489 1909 290 55 foreword
820 1908 77 72 by
938 1910 238 53 Manuel
1218 1908 298 69 Komroff;
1561 1908 327 56 illustrated
1933 1909 77 71 by
2052 1910 262 55 Howard
2358 1911 72 55 V.

416 1989 166 53 Baer.
646 1988 140 55 New
814 1987 183 70 York,
1023 1987 324 70 Liveright,
1373 1988 110 54 inc.
1515 2020 14 36 [
1533 1993 19 23 c
1557 1990 153 66 1932]

485 2061 132 49 xxvi,
647 2062 88 42 358
767 2072 44 39 p.
874 2062 130 42 illus.
1064 2061 58 41 22½
1155 2063 44 22 cm
1203 2093 10 9 .
1278 2061 116 51 [The
1425 2060 144 42 black
1602 2063 95 39 and
1732 2061 112 49 gold
1877 2061 203 53 library]

421 2117 53 53 ©
502 2121 103 42 Oct.
632 2122 70 46 28,
730 2121 142 47 1932;
902 2121 66 41 2c.
998 2121 110 41 Feb.
1137 2121 69 47 23,
1236 2120 142 49 1933;
1409 2120 82 41 aff.
1521 2121 112 41 Feb.
1661 2122 82 46 21;
1775 2122 40 38 A
1843 2121 172 48 60464;
2047 2120 266 51 Liveright,
2343 2121 91 43 inc.

491 2175 71 53 [©
593 2178 334 41 introduction
957 2178 60 49 by
1049 2179 198 40 Manuel
1278 2177 238 50 Komroff,
1547 2180 96 39 and
1674 2178 331 42 illustrations
2036 2180 62 48 by
2130 2180 217 40 Howard
2380 2180 54 40 V.

492 2237 127 40 Baer]
709 2235 253 50 (33-5579)

414 2326 297 67 Barrows,
739 2326 229 55 Harlan
995 2328 95 64 H.,
1122 2328 173 55 1877-

489 2402 1882 72 Geography: Europe and Asia, by Harlan H. Barrows …
420 2480 1952 71 Edith Putnam Parker … and Margaret Terrell Parker …
419 2560 2011 70 New York, Newark [etc.] Silver, Burdett and company [ c 1933]
488 2630 83 51 vii,
609 2632 72 50 [1],
714 2631 89 42 280
833 2642 43 39 p.
937 2631 131 42 illus.
1096 2631 136 50 (incl.
1265 2633 163 48 maps)
1471 2633 181 48 diagrs.
1713 2634 58 40 26
1772 2635 45 22 cm
1821 2665 9 10 .

490 2688 191 41 “Books
710 2691 260 46 suggested
999 2689 81 41 for
1105 2692 142 38 extra
1277 2688 260 46 reading”:
1567 2702 43 37 p.
1637 2689 100 43 275.

424 2745 53 53 ©
512 2750 110 41 Jan.
655 2750 69 47 26,
759 2749 143 47 1933;
937 2749 68 42 2c.
1040 2751 96 39 and
1171 2749 81 42 aff.
1290 2750 111 40 Feb.
1438 2750 82 41 16:
1558 2750 41 39 A
1634 2749 171 49 60269;
1845 2750 170 49 Silver,
2052 2752 210 40 Burdett
2299 2751 36 40 &
2369 2762 67 30 co.

504 2807 253 49 (33-5746)

420 2895 192 69 Blum,
640 2896 185 68 Alice,
855 2900 173 55 1872-

493 2974 144 56 Oral
677 2978 226 53 French
941 2977 261 68 method;
1246 2996 31 35 a
1317 2997 123 34 new
1481 2984 210 63 system
1730 2978 94 53 for
1864 2978 233 69 rapidly
2136 2977 299 70 acquiring

424 3054 230 71 facility
699 3054 60 54 in
807 3056 97 53 the
951 3056 281 70 speaking
1278 3056 65 54 of
1389 3057 242 67 French,
1676 3058 73 68 by
1797 3058 429 53 Mademoiselle
2271 3057 165 54 Alice

421 3134 1991 147 Blum … New and rev. ed. New York, London, G. P. Putnam’s sons, 1932.
494 3285 119 49 xxii,
640 3287 88 40 337
755 3288 55 48 (i.
837 3299 39 30 e.
902 3287 135 49 353),
1068 3288 55 50 [8]
1155 3300 43 37 p.
1259 3288 130 41 illus.
1450 3288 55 39 21
1508 3290 45 22 cm
1558 3320 9 8 .

497 3343 219 42 “French
751 3345 142 48 slang
929 3346 160 40 words
1126 3347 97 39 and
1259 3347 205 48 phrases
1499 3344 120 42 with
1658 3344 128 42 their
1821 3344 261 42 American
2118 3345 319 50 equivalents,

423 3411 30 30 a
478 3402 306 47 supplement
811 3405 48 38 to
887 3402 116 41 Oral
1031 3402 189 42 French
1246 3403 253 41 method”:
1527 3404 27 41 8
1578 3415 42 37 p.
1648 3406 52 38 at
1724 3403 107 42 end.

429 3455 53 53 ©
524 3461 114 47 May
677 3460 70 47 27,
789 3459 141 49 1932;
973 3462 68 40 2c.
1083 3462 111 40 Feb.
1236 3462 39 47 6,
1318 3461 141 47 1933;
1504 3461 81 42 aff.
1629 3463 122 40 Mar.
1792 3463 53 46 7;
1889 3462 40 39 A
1970 3461 171 43 60169:
2184 3463 55 40 A.
2281 3462 158 45 Blum,

498 3516 203 50 Cannes,
735 3518 200 41 France.
1006 3518 254 50 (33-5603)

424 3607 296 65 Brubach,
750 3608 249 56 Marius.

425 3674 1991 143 … La vitrine; images de Marcelle Vincent. Paris, Les Écrivains
620 3763 437 70 indépendants,
1089 3764 287 56 Librairie
1407 3766 64 53 F.
1505 3764 176 56 Piton
1718 3767 174 67 [1932]

497 3836 1894 54 76 p. incl. port. 19½ cm . (On cover: Bibliothèque de l ’artistocratie …
423 3893 97 49 xx)

431 3946 2013 60 © Nov. 1, 1932; 1c. Dec. 30; A-Foreign 19200; M. Brubach, Paris.
509 4008 230 42 (33-6227)
