2540 4453
1003 4067 103 51 287

59 405 225 66 Sproul,
313 402 313 57 Kathleen.

127 476 1923 71 Death and the professors, by Kathleen Sproul … New
62 557 175 68 York,
267 557 68 54 E.
368 556 63 52 P.
465 556 222 53 Dutton
718 556 46 51 &
794 574 97 49 co.,
921 554 105 54 inc.
1067 557 193 66 [c1933]

127 628 87 40 252
245 638 43 39 p.
380 626 27 41 19½
438 628 45 22 cm
487 659 9 9 .

128 685 72 41 On
231 686 125 46 t.-p.:
391 684 187 39 Dutton
610 683 106 40 clue
746 683 228 47 mystery.

127 740 161 41 “First
320 738 227 43 edition.”

61 797 52 52 ©
144 802 120 39 Mar.
296 801 38 45 1,
367 798 141 49 1933;
538 799 67 40 2c.
638 800 122 39 Mar.
791 798 53 49 2;
879 798 82 42 aff.
993 799 122 39 Mar.
1147 798 54 47 3;
1235 799 45 42 A
1308 796 170 50 59900;
1514 800 53 39 E.
1599 800 51 40 P.
1684 798 188 41 Dutton
1905 799 35 40 &
1972 808 82 38 co.,

127 857 90 40 inc.
282 856 249 49 (33-6255)

56 931 251 65 Thayer,
334 929 257 67 Tiffany,
623 936 172 50 1902-

123 1008 96 53 An
248 1008 304 54 American
584 1006 131 70 girl,
747 1006 73 70 by
853 1004 234 71 Tiffany
1118 1006 255 70 Thayer;
1410 1005 325 55 illustrated
1767 1005 73 69 by
1874 1004 183 57 Steele

58 1085 234 69 Savage.
370 1085 155 69 [New
563 1084 176 68 York,
777 1084 59 55 C.
874 1084 269 67 Kendall,
1179 1091 18 21 c
1202 1087 152 65 1933]

125 1156 1040 49 5 p. l., 13-274 p. illus., plates. 21 cm .
125 1214 287 40 Illustrated
449 1212 363 49 lining-papers.

126 1270 161 41 “First
318 1269 227 41 edition.”

61 1326 52 52 ©
145 1332 123 40 Mar.
301 1332 68 45 13,
401 1329 140 46 1933;
576 1330 68 40 2c.
678 1331 122 38 Mar.
833 1329 81 47 10;
951 1328 80 41 aff.
1068 1330 119 38 Mar.
1223 1330 81 45 14;
1341 1329 41 38 A
1413 1327 170 49 60592;
1619 1327 197 50 Tiffany
1850 1329 206 48 Thayer,

130 1388 299 47 Hollywood,
457 1386 144 41 Calif.
664 1386 251 50 (33-6258)

55 1463 343 64 Townsend,
433 1462 348 55 Genevieve.

129 1539 311 55 Consumer
495 1540 159 52 loans
710 1539 59 52 in
822 1536 341 70 Wisconsin,
1217 1539 75 68 by
1348 1536 317 55 Genevieve
1721 1539 338 67 Townsend,

57 1618 141 53 with
236 1617 231 69 preface
502 1617 75 68 by
615 1618 157 54 John
810 1618 67 51 R.
919 1615 320 55 Commons.
1313 1616 285 68 Madison,
1635 1615 161 70 Wis.,
1836 1619 150 50 1932.

127 1689 802 51 6 p. l., 153 p. 23½ cm . $1.00
127 1748 376 50 Bibliography:
535 1761 43 37 p.
608 1748 216 41 137-138.

61 1803 52 52 ©
139 1808 109 40 Jan.
272 1809 69 45 14,
366 1806 117 41 1933;
534 1807 68 40 2c.
627 1808 96 38 and
747 1806 82 41 aff.
856 1807 110 39 Jan.
991 1805 54 41 23;
1101 1806 41 39 A
1167 1805 170 48 59789;
1367 1807 217 39 Herman
1612 1807 47 40 C.
1690 1807 188 47 Straus,
129 1805 1912 107 Madison,
254 1864 115 40 Wis.
434 1864 250 49 (33-6312)

55 1939 121 53 The
203 1939 219 55 United
450 1942 204 53 States
680 1944 228 63 patents
933 1940 322 67 quarterly;
1285 1944 223 63 reports
1536 1940 65 53 of
1628 1959 151 35 cases
1806 1938 251 71 relating

125 2018 1906 146 to patents, trade marks and copyrights … v. 15 … Washington, The Bureau of national affairs, 1933.
129 2182 45 37 x,
201 2171 85 40 345
312 2181 44 37 p.
411 2170 144 48 illus.,
583 2170 177 47 diagrs.
818 2169 55 41 23½
907 2172 43 20 cm
957 2201 8 8 .

63 2223 52 52 ©
145 2227 111 41 Feb.
283 2227 69 48 16,
380 2227 141 46 1933;
552 2226 67 42 2c.
649 2228 96 38 and
773 2226 82 41 aff.
886 2226 108 39 Feb.
1026 2226 82 46 24;
1139 2226 42 39 A
1211 2226 169 48 59681;
1414 2228 195 38 Bureau
1641 2227 51 39 of
1721 2227 120 40 natl.
1872 2226 184 43 affairs,

130 2284 91 41 inc.

57 2358 121 53 The
205 2376 124 36 war
358 2357 166 69 diary
552 2358 63 52 of
644 2376 30 34 a
704 2357 222 53 British
959 2358 237 53 airman.
1277 2358 364 66 [Instalment
1669 2362 49 64 3]

143 2433 83 49 (In
255 2429 203 44 London
488 2429 201 53 Sunday
722 2428 244 54 pictorial,
998 2428 128 44 Nov.
1156 2430 72 51 27,
1261 2429 144 51 1932)

64 2487 52 52 ©
201 2523 8 7 1c.
237 2491 110 40 Jan.
373 2491 68 46 25,
469 2489 139 42 1933:
639 2491 40 38 A
707 2492 60 37 ad
796 2491 85 39 int.
909 2489 170 47 17528;
1110 2489 142 48 pubd.
1281 2491 116 38 Nov.
1429 2490 67 46 27,
1526 2490 140 46 1932;
1700 2489 182 47 Gladys
1912 2491 147 39 Maud

132 2547 253 40 Cockburn
410 2548 175 47 Lange,
613 2547 322 47 Manchester,
961 2546 236 48 England.

59 2623 265 65 Whelan,
353 2623 261 54 Thomas
641 2622 240 66 Joseph,
913 2640 179 52 comp.

129 2701 248 67 Byways
402 2699 64 54 of
487 2701 221 68 humor,
731 2701 74 68 by
831 2702 248 52 Thomas
1102 2702 216 66 Joseph
1342 2701 261 54 Whelan.
1680 2703 233 64 Boston,
1939 2703 120 51 The

60 2778 377 69 Christopher
467 2779 335 68 publishing
832 2781 173 51 house
1042 2813 12 33 [
1059 2785 18 21 c
1083 2782 151 64 1933]

130 2852 85 40 133
243 2862 46 38 p.
346 2851 56 40 21
404 2853 45 23 cm
454 2883 10 11 .

66 2905 52 53 ©
155 2911 109 39 Jan.
301 2910 69 46 31,
407 2909 140 47 1933;
587 2909 67 41 2c.
692 2910 109 39 Feb.
840 2910 52 46 6;
933 2909 82 41 aff.
1054 2910 121 40 Mar.
1214 2909 52 46 6;
1307 2909 41 39 A
1384 2908 170 47 59753;
1597 2908 317 48 Christopher
1950 2910 110 47 pub.

132 2967 163 40 house.
358 2966 250 49 (33-5601)

62 3031 371 67 Whitehead,
464 3033 212 54 Alfred
707 3034 215 65 North,
955 3039 171 49 1861-

129 3110 1929 70 Adventures of ideas, by Alfred North Whitehead … New
61 3190 178 67 York,
268 3191 122 52 The
418 3190 334 53 Macmillan
782 3209 296 50 company,
1110 3194 150 49 1933.

132 3262 84 47 xii,
248 3262 85 41 392
365 3274 43 37 p.
471 3263 55 39 22
527 3266 45 20 cm
579 3295 8 8 .

135 3319 129 40 “The
287 3320 137 40 three
446 3319 408 42 books—Science
878 3322 95 38 and
999 3321 81 40 the
1105 3320 198 40 modern
1329 3320 166 47 world,
1520 3320 201 39 Process
1748 3321 94 38 and
1869 3321 190 48 reality,

62 3376 1979 105 Adventures of ideas— … supplement each other’s omissions or compressions.”—Pref.
133 3489 349 49 Bibliography
508 3490 226 41 included
761 3491 50 39 in
840 3492 83 39 the
949 3491 209 48 preface.

400 3548 142 48 CONTENTS.—pt.
582 3555 35 33 I.
657 3548 462 49 Sociological.—pt.
1159 3555 53 33 II.
1255 3548 495 50 Cosmological.—pt.
1790 3556 72 33 III.
65 3548 1979 104 Philosophical.—pt.
457 3611 67 34 IV.
554 3605 324 40 Civilization.

69 3655 52 52 ©
149 3661 107 39 Mar
297 3661 39 47 7,
362 3661 139 47 1933;
530 3660 68 41 2c.
625 3666 95 38 and
747 3662 82 41 aff.
857 3664 121 39 Mar.
1007 3662 51 41 8:
1088 3663 40 38 A
1155 3660 170 48 59795;
1356 3662 280 40 Macmillan
1666 3673 67 30 co.
146 3717 248 47 (33-5611)

64 3781 285 68 Wieman,
378 3785 206 64 Henry
611 3783 239 67 Nelson,
883 3792 171 49 1884-

133 3861 61 53 Is
223 3862 157 52 there
411 3882 31 32 a
475 3862 161 55 God?
706 3863 56 53 A
792 3862 393 56 conversation
1215 3864 75 68 by
1322 3863 203 69 Henry
1556 3864 211 55 Nelson
1873 3864 187 55 Wieman

125 3939 1934 70 … Douglas Clyde Macintosh … [and] Max Carl Otto … with
