2582 4453
1330 4142 102 50 994

348 460 284 63 Andress,
662 462 204 53 James
893 462 184 63 Mace,
1109 466 172 51 1881-

482 540 1880 69 … The health school on wheels, by J. Mace Andress … and
353 619 1986 147 I. H. Goldberger … Boston, New York [etc.] Ginn and company [ c 1933]
426 772 100 48 viii,
567 771 87 42 399
696 784 41 36 p.
800 774 86 39 col.
927 772 165 49 front.,
1134 772 144 48 illus.,
1322 771 180 49 diagrs.
1564 772 55 40 19½
1652 775 43 20 cm
1702 805 7 7 .
1781 772 125 49 (The
1949 774 135 45 story
2127 772 151 40 series
2322 773 46 40 in

354 829 192 48 health)

357 897 52 52 ©
444 903 128 39 June
605 902 69 46 15,
709 901 141 47 1933;
887 902 68 40 2c.
991 902 127 39 June
1152 901 56 40 30;
1273 901 82 42 aff.
1393 903 126 39 June
1553 902 57 39 29;
1675 902 40 38 A
1751 902 170 47 64178;
1961 903 44 40 J.
2043 903 62 40 M.
2141 902 230 46 Andress,

428 959 338 48 Newtonville,
796 960 163 45 Mass.,
989 961 96 38 and
1115 960 36 38 I.
1182 960 60 40 H.
1274 959 310 48 Goldberger,
1614 959 118 40 New
1761 960 144 39 York.

437 1016 282 49 (33-17699)

352 1119 214 68 Arant,
596 1120 288 54 Herschel
915 1118 320 68 Whitfield,
1268 1122 172 54 1887-

428 1199 170 56 Cases
625 1200 110 54 and
763 1200 163 54 other
949 1200 292 55 materials
1267 1218 70 36 on
1363 1201 93 53 the
1480 1200 308 54 American
1812 1201 104 53 bar
1942 1201 112 53 and
2082 1200 72 54 its
2178 1200 194 67 ethics,

356 1279 1992 147 by Herschel Whitfield Arant … Chicago, Callaghan and company, 1933.
428 1433 104 42 xiii.
563 1433 86 41 687
677 1444 42 37 p.
780 1432 56 41 26
839 1436 44 20 cm
890 1466 6 7 .
969 1433 258 48 (National
1257 1443 110 30 case
1397 1432 123 40 book
1549 1431 176 47 series)

362 1487 52 53 ©
443 1493 117 47 July
588 1493 39 46 8,
657 1491 141 48 1933;
828 1494 66 38 2c.
925 1493 118 47 July
1069 1494 82 45 11;
1184 1491 81 41 aff.
1296 1492 116 48 July
1441 1491 83 47 12;
1556 1491 42 39 A
1625 1491 172 47 64291;
1831 1491 272 47 Callaghan
2134 1490 34 40 &
2197 1500 68 30 co.

444 1549 282 49 (33-18067)

356 1650 209 68 Arlitt,
595 1654 133 54 Ada
755 1654 175 64 Hart,
964 1659 171 49 1890-

431 1731 1947 71 Adolescent psychology [by] Ada Hart Arlitt … New York,
362 1809 1564 71 Cincinnati [etc.] American book company [ c 1933]
434 1885 980 49 2 p. l., vii-x, 246 p. diagrs. 20½ cm .
434 1942 352 42 “References”
815 1945 52 39 at
895 1945 91 39 end
1016 1944 52 40 of
1095 1945 121 39 each
1244 1945 216 47 chapter.

368 2011 52 52 ©
451 2016 116 47 July
596 2016 39 46 6,
666 2016 141 46 1933;
840 2017 67 40 2c.
939 2018 95 38 and
1065 2016 82 42 aff.
1179 2017 117 47 July
1326 2016 81 45 10;
1441 2016 40 39 A
1511 2016 170 45 64259;
1713 2016 159 38 Amer.
1905 2015 123 40 book
2059 2025 66 29 co.

444 2073 283 49 (33-17924)

361 2176 169 66 Bain,
558 2179 203 64 Harry
789 2180 230 64 Foster,
1051 2180 172 54 1872-

438 2254 143 55 Ores
607 2256 108 52 and
747 2256 266 68 industry
1039 2257 59 52 in
1127 2259 94 51 the
1248 2257 116 53 Far
1390 2256 170 68 East;
1589 2257 96 52 the
1711 2254 277 55 influence
2013 2254 63 52 of
2100 2254 105 68 key
368 2253 1986 135 mineral
524 2353 282 36 resources
846 2354 72 33 on
955 2337 94 52 the
1089 2335 394 70 development
1520 2335 63 53 of
1620 2333 243 55 oriental
1901 2332 369 68 civilization,
2306 2332 74 69 by

370 2413 76 53 H.
476 2413 198 52 Foster
705 2412 179 63 Bain;
913 2414 141 53 with
1081 2433 32 34 a
1142 2414 235 68 chapter
1405 2432 74 34 on
1506 2415 316 67 petroleum
1847 2413 74 69 by
1951 2412 86 53 W.
2070 2412 66 52 B.
2167 2411 211 68 Heroy.

369 2490 136 53 Rev.
535 2491 111 52 and
675 2493 107 52 enl.
811 2493 83 53 ed.
960 2492 137 53 New
1129 2491 178 69 York,
1336 2492 237 55 Council
1602 2509 71 36 on
1703 2491 224 69 foreign
1957 2490 288 69 relations,
2273 2491 106 52 inc.

392 2571 176 66 [ c 1933]
439 2641 97 49 xvi,
559 2642 87 41 288
669 2653 41 38 p.
763 2642 129 42 illus.
923 2642 185 49 (maps)
1141 2644 179 47 diagrs.
1372 2645 55 40 23
1430 2646 44 21 cm
1481 2676 7 7 .
1546 2644 349 49 [Publications
1918 2645 51 39 of
1993 2644 80 41 the
2099 2644 197 41 Council
2321 2653 58 30 on

369 2698 191 48 foreign
599 2700 251 50 relations]

442 2756 393 49 “Bibliography,
874 2759 59 46 by
973 2758 42 42 J.
1057 2759 69 39 W.
1168 2758 153 47 Frey”:
1393 2770 41 37 p.
1474 2759 216 41 273-279.

373 2814 52 52 ©
456 2820 114 46 May
599 2819 69 47 10,
698 2819 113 40 1933:
870 2820 66 39 2c.
966 2820 95 39 and
1092 2819 81 40 aff.
1205 2820 126 39 June
1361 2819 52 45 2;
1446 2819 42 39 A
1516 2818 171 46 63019;
1722 2819 199 42 Council
1953 2830 61 30 on
2042 2818 193 47 foreign
442 2817 1926 106 relations,
616 2876 89 41 inc.
779 2877 282 49 (33-27207)

367 2975 248 69 Barnes,
644 2982 220 53 Ernest
887 2980 277 66 William,
1193 2982 90 68 bp.
1312 2982 64 69 of
1399 2979 426 72 Birmingham,
1853 2985 172 50 1874-

447 3057 291 55 Scientific
763 3059 201 68 theory
991 3060 112 52 and
1130 3059 270 69 religion;
1429 3060 95 51 the
1550 3058 182 54 world
1758 3058 290 55 described
2074 3058 74 69 by
2175 3057 211 54 science

376 3135 1947 71 and its spiritual interpretation, by Ernest William Barnes …
377 3214 135 52 New
554 3214 176 68 York,
769 3217 121 51 The
929 3216 333 54 Macmillan
1304 3234 307 50 company;
1658 3213 362 71 Cambridge,
2060 3215 167 69 Eng.,
2265 3214 120 52 The

383 3293 332 69 University
750 3315 173 48 press,
958 3294 151 55 1933.

447 3364 131 49 xxiy,
610 3365 86 41 685
725 3378 41 36 p.
826 3367 179 47 diagrs.
1065 3368 55 39 24
1124 3370 43 21 cm
1174 3400 7 7 .
1250 3367 125 48 (The
1405 3367 187 41 Gifford
1624 3369 212 40 lectures
1865 3371 53 38 at
1946 3368 265 45 Aberdeen,
375 3368 2013 101 1927-1929)

378 3479 52 52 ©
463 3486 115 45 May
608 3485 69 46 31,
709 3485 141 45 1933;
883 3486 67 40 2c.
983 3487 96 38 and
1112 3485 82 42 aff.
1227 3485 127 40 June
1386 3485 51 45 1;
1472 3485 41 39 A
1544 3484 171 47 62840;
1751 3485 282 41 Macmillan
2064 3496 69 30 co.

457 3542 282 49 (33-17816)

372 3639 297 65 Barrows,
697 3645 224 55 Harlan
952 3648 93 64 H.,
1078 3644 171 56 1877-

445 3720 1945 75 Geography … by Harlan H. Barrows … and Edith Putnam
375 3801 1989 148 Parker … New York, Newark [etc.] Silver, Burdett and company, c 1933.
445 3957 28 37 4
503 3968 40 28 v.
602 3957 126 39 illus.
759 3958 133 48 (incl.
922 3960 164 48 maps)
1150 3960 60 40 26
1210 3962 44 21 cm
1263 3995 4 5 .

451 4013 159 38 Books
644 4015 135 39 three
813 4018 96 39 and
941 4017 114 40 four
1087 4018 61 47 by
1182 4018 58 40 H.
1276 4019 59 38 PI.
1371 4019 244 45 Barrows,
1651 4016 148 41 Edith
1834 4018 50 39 P.
1919 4016 185 40 Parker
2137 4017 96 39 and
373 4017 2003 99 Margaret
540 4071 51 39 T.
663 4073 157 42 Parker.
