2597 4403
1271 4144 101 50 348

302 456 273 67 Muschg,
609 456 247 65 Walter,
893 459 173 52 1898-
1281 456 85 55 ed.

378 537 348 69 Gegenwart
756 538 119 52 und
907 536 290 66 altertum,
1228 534 315 55 bearbeitet
1574 555 113 34 von
1716 536 309 55 univ.-doz.
2059 538 84 53 dr.
308 536 2000 134 Walter
418 616 263 68 Muschg.
757 615 261 68 Leipzig,
1044 617 66 52 P.
1137 615 236 54 Reclam
1399 615 140 67 jun.,
1570 618 150 51 1932.

379 690 100 49 327,
514 690 56 50 [1]
602 700 42 38 p.
707 689 124 48 port.
892 689 148 40 21½cm.
1113 688 194 49 (Added
1339 691 17 36 t
1373 698 87 38 -p.:
1488 688 246 40 Deutsche
1764 687 262 48 literatur;
2060 689 276 49 Sammlung

307 745 1919 111 literarischer kunst- und kulturdenkmäler in entwicklungsreihen … reihe [16]:
610 802 530 50 Klassik … bd. 11)
381 862 675 47 Contents.—Einführung.
1072 884 61 6 —
1151 862 274 41 Immanuel
1465 862 162 39 Kant:
1670 862 118 39 Zum
1828 860 187 49 ewigen
2052 861 208 42 frieden.
2277 885 59 6 —

309 921 44 40 J.
385 921 54 41 G.
470 921 220 39 Herder:
723 921 101 39 Aus
855 921 92 40 den
979 920 203 39 Briefen
1212 931 58 28 zu
1300 919 331 47 beförderung
1664 920 86 39 der
1778 919 298 41 humanität.
2137 920 198 49 Homer,

309 976 2026 51 ein günstling der zeit.—Wilhelm von Humboldt: Ü ber das Studium des
308 1034 2027 108 altertums und des griechischen insbesondere. Das achtzehnte jahrhundert. Ü ber Göthes Herrmann und Dorothea.—Goethe: Einleitung in die
310 1151 931 49 Propyläen, Ü ber strenge urteile.
315 1220 51 53 ©
400 1225 117 48 July
548 1226 69 47 11,
650 1224 115 41 1932
784 1236 8 36 ;
857 1235 38 30 1c.
929 1225 110 39 Feb.
1073 1224 71 49 23,
1176 1223 143 49 1933;
1353 1224 43 39 A
1396 1224 272 48 -Foreign
1701 1223 173 49 19978;
1909 1224 196 49 Philipp
2139 1223 199 41 Reclam

380 1282 103 47 jun.
556 1281 254 50 (33-7722)

306 1385 252 66 Musset,
588 1386 215 54 Alfred
836 1387 89 64 de,
958 1388 329 55 1810-1857.

309 1464 2027 228 Lorenzaccio, by Alfred de Musset ; edited, with an introduction, notes and vocabulary, by Thomas Rossman Palfrey … and Paul Emile Jacob … New York, H. Holt and company
314 1707 194 63 [c1933]

380 1775 176 51 xxxiii,
584 1775 101 51 198,
712 1775 70 42 liv
809 1786 45 39 p.
913 1775 153 43 front.
1236 1807 10 11 17cm.

315 1845 52 52 ©
400 1849 111 40 Feb.
544 1849 69 46 23,
644 1847 114 42 1933
778 1860 9 35 ;
820 1848 68 41 2c.
921 1849 121 40 Mar.
1075 1849 52 46 6;
1163 1847 83 41 aff.
1279 1849 123 39 Mar.
1434 1847 83 48 23;
1551 1848 42 39 A
1625 1847 171 48 60745;
1831 1848 169 47 Henry
2033 1847 124 41 Holt
2186 1848 37 40 &
2254 1857 83 40 co.,

383 1905 91 42 inc.
539 1901 69 55 [©
642 1906 350 47 introduction,
1026 1909 138 39 notes
1198 1907 97 39 and
1328 1906 314 49 vocabulary]
1715 1904 254 50 (33-7409)

306 2010 148 54 New
481 2011 214 65 Jersey
721 2010 432 54 miscellaneous
1181 2016 254 64 reports;
1466 2009 337 71 containing
1828 2031 151 35 cases
2008 2010 237 55 decided
2274 2009 63 53 in

378 2090 98 52 the
519 2091 183 55 Court
743 2090 63 54 of
847 2109 188 35 errors
1077 2090 114 52 and
1234 2091 254 68 appeals,
1532 2091 182 55 Court
1752 2089 64 55 of
1856 2090 299 70 chancery,
379 2091 1930 147 Prerogative
676 2169 112 53 and
826 2171 278 68 Supreme
1137 2175 191 50 courts
1361 2169 188 54 which
1582 2189 96 34 are
1707 2173 104 50 not
1840 2170 271 69 reported
2144 2169 61 53 in
2236 2169 98 53 the

379 2249 141 54 New
555 2250 204 68 Jersey
795 2250 111 52 law
945 2250 113 52 and
1096 2249 196 70 equity
1329 2253 242 65 reports.
1647 2250 142 53 Also
1825 2249 323 70 important
2183 2268 151 36 cases

380 2329 239 53 decided
651 2329 60 53 in
744 2330 98 52 the
873 2330 142 54 New
1047 2331 204 67 Jersey
1286 2331 210 55 Courts
1529 2329 63 53 of
1627 2348 259 35 common
1919 2331 159 68 pleas
2113 2330 113 52 and
2258 2329 77 71 by

380 2408 96 53 the
508 2413 347 65 surrogates,
885 2427 113 51 any
1030 2409 246 69 changes
1307 2409 61 52 in
1401 2412 137 49 1932
1567 2409 62 53 in
1658 2409 99 53 the
1785 2410 151 52 rules
1969 2409 65 54 of
2064 2409 100 55 the
2193 2410 142 54 New

379 2488 204 69 Jersey
619 2487 278 70 Supreme
931 2493 180 64 court,
1143 2490 140 52 New
1317 2491 203 67 Jersey
1556 2490 182 55 Court
1770 2489 63 53 of
1866 2507 186 35 errors
2088 2490 112 52 and
380 2507 1929 127 appeals,
587 2569 140 52 New
759 2569 204 65 Jersey
995 2568 300 66 Chancery
1329 2569 113 51 and
1474 2568 378 69 Prerogative
1885 2574 207 49 courts.
2163 2571 171 54 Cases

381 2645 154 53 from
565 2647 268 68 January
866 2650 102 65 1st.
1000 2649 155 65 1932,
1183 2652 59 48 to
1274 2648 266 69 January
1570 2651 101 64 1st.
1705 2651 152 49 1933.
1934 2649 293 68 Reported
2258 2648 77 71 by

379 2726 97 53 the
514 2724 343 70 publishers’
894 2725 270 54 editorial
1204 2723 151 56 staff.
1432 2728 244 53 Volume
1714 2746 53 34 x.
1843 2728 267 67 Newark,
2149 2728 71 54 N.
2259 2728 75 69 J.,

383 2804 189 70 Soney
601 2809 46 50 &
680 2806 149 67 Sage
861 2824 98 50 co.,
993 2809 152 50 1933.

384 2892 79 36 xv,
494 2880 115 41 1375
642 2890 42 38 p.
744 2879 119 42 23cm.

318 2947 51 53 ©
404 2952 123 40 Mar.
559 2951 69 46 13,
661 2949 142 49 1933;
837 2951 68 40 2c.
938 2952 96 39 and
1066 2950 82 41 aff.
1183 2951 124 40 Mar.
1338 2951 84 47 15;
1455 2951 42 40 A
1529 2951 171 49 59887;
1737 2952 156 47 Soney
1926 2951 36 41 &
1996 2952 123 48 Sage
2151 2959 69 34 co.

348 3057 147 52 New
525 3056 163 53 York
721 3056 282 54 farmers.

383 3133 57 52 A
485 3132 347 69 descriptive
879 3132 299 68 catalogue
1225 3129 65 54 of
1336 3128 232 54 various
1614 3126 184 70 pieces
1847 3124 63 53 of
1956 3125 176 52 silver
2179 3124 159 69 plate

316 3210 259 71 forming
605 3211 96 53 the
732 3210 301 54 collection
1063 3209 64 53 of
1156 3209 97 53 the
1283 3208 141 54 New
1457 3206 166 54 York
1652 3204 262 53 farmers.
1982 3204 140 52 New
2154 3201 184 70 York,

312 3290 159 54 Priv.
505 3289 197 70 print.,
735 3291 151 51 1932.

391 3364 85 49 [51]
508 3374 43 37 p.
612 3363 174 48 plates.
845 3362 119 43 27cm.

387 3410 1950 58 “Privately published … for the New York farmers on the occasion of
318 3477 128 41 their
471 3488 88 29 one
584 3477 221 40 hundred
831 3476 96 40 and
950 3474 269 49 fifty-third
1243 3473 174 42 dinner
1442 3483 61 29 on
1529 3469 265 42 December
1819 3468 98 48 6th,
1945 3467 130 49 1932,
2100 3470 53 38 at
2177 3466 160 42 which

319 3544 99 29 was
454 3534 274 40 celebrated
763 3533 130 40 their
928 3532 183 41 fiftieth
1147 3530 323 45 anniversary
1517 3524 335 53 (1882-1932).
1914 3525 121 41 This
2071 3524 186 42 edition
2294 3523 43 42 is

322 3590 185 40 limited
541 3593 47 38 to
622 3589 279 48 eighty-five
934 3588 263 41 numbered
1232 3586 159 49 copies
1425 3585 53 41 of
1509 3583 159 41 which
1702 3583 99 41 this
1837 3581 42 42 is
1914 3581 203 41 number
2150 3580 100 43 68.”

321 3645 52 51 ©
402 3650 111 38 Dec.
541 3649 39 44 6,
609 3648 142 46 1932;
779 3648 67 39 2c.
876 3647 95 39 and
999 3646 83 40 aff.
1111 3647 122 38 Mar.
1262 3646 70 46 15,
1361 3643 141 47 1933;
1533 3644 41 38 A
1601 3641 171 47 59890;
1803 3642 120 38 New
1949 3641 131 39 York
2109 3640 227 43 farmers,

391 3704 105 48 inc.,
531 3705 118 40 New
683 3704 145 40 York.
901 3701 252 49 (33-7394)

319 3807 245 67 [Nilsen,
597 3806 246 54 Anthon
874 3805 313 55 Bernhard
1221 3803 131 55 Elias]
1442 3807 173 52 1855-

389 3887 161 52 Elias
580 3885 365 54 Kræmmer’s
974 3884 342 68 oplevelser;
1348 3883 163 53 korte
1541 3898 262 36 romaner
1834 3879 95 53 fra
1959 3883 56 49 et
2042 3879 166 67 langt
2234 3876 98 56 liv.

317 3966 156 62 Oslo,
502 3966 347 64 Gyldendal,
880 3968 150 51 1932.

390 4039 86 41 285
509 4051 41 37 p.
613 4039 128 39 illus.
771 4036 134 50 (incl.
939 4035 177 51 ports.)
1187 4035 118 42 22cm.
