2540 4453
1081 4068 101 55 471

176 593 180 39 Folded
393 600 111 37 map
538 590 100 39 laid
673 590 63 42 in.

175 649 66 40 At
265 649 124 39 head
415 647 53 40 of
491 646 134 41 title:
657 647 154 47 Study
836 646 52 39 of
912 643 360 49 neighborhood
1299 641 254 42 statistics.

177 704 510 47 Photolithographed.

179 762 144 41 “This
347 762 145 39 index
514 761 110 39 lists
647 760 67 39 all
737 759 52 40 of
811 760 81 40 the
916 760 175 39 streets
1116 757 48 39 in
1190 758 81 39 the
1295 757 214 46 borough
1534 756 50 39 in
1608 754 326 49 alphabetical
1961 756 142 39 order

107 813 1978 164 and shows the health area within which each number falls … Immediate responsibility for the assembling and arrangement of these materials has resled upon Mrs. Helen Stewart Mauk.”—Introd.
111 986 51 52 ©
192 990 115 48 Apr.
335 989 69 43 29.
434 988 140 46 1933;
606 988 67 40 2c.
703 990 96 38 and
829 986 80 41 aff.
942 988 121 39 Mar.
1093 986 81 47 23;
1208 987 39 37 A
1277 985 170 47 60777;
1482 986 243 39 Research
1754 986 200 42 bureau,
182 983 1908 104 Welfare
317 1046 185 41 council
530 1045 52 41 of
607 1046 118 40 New
751 1045 132 40 York
909 1044 112 49 city.
1091 1042 251 50 (33-9082)

109 1149 240 65 Wessel,
378 1150 155 53 John
563 1150 194 55 Peter.

182 1225 55 52 A
274 1225 326 68 laboratory
636 1224 230 52 manual
906 1224 94 52 for
1037 1224 226 68 general
1303 1223 211 68 college
1550 1224 255 66 zoology,
1841 1221 74 69 by
1955 1221 156 54 John

113 1299 2000 70 Peter Wessel … New York and London, Harper & brothers,
115 1383 149 49 1933.

182 1450 27 39 2
234 1461 43 37 p.
301 1451 45 47 l.,
373 1450 49 40 iv
447 1461 58 37 p.,
531 1450 29 39 2
604 1481 24 17 l.,
654 1450 86 39 142
765 1462 43 37 p.
837 1450 108 42 incl.
975 1450 142 48 illus.,
1147 1450 194 49 diagrs.,
1368 1451 166 39 forms.
1591 1451 117 40 24cm.

183 1507 68 39 “A
278 1507 216 47 syllabus
521 1506 80 41 for
628 1507 196 47 general
851 1507 178 47 college
1059 1509 197 46 zoology
1283 1509 96 38 and
1406 1506 330 41 references”:
1767 1519 42 37 p.
1837 1504 216 43 125-129.

184 1563 164 41 “First
378 1562 226 42 edition.”

119 1619 51 52 ©
199 1625 121 38 Mar.
346 1623 69 47 22,
445 1623 139 47 1933;
614 1623 66 40 2c.
708 1624 95 39 and
831 1623 79 39 aff.
940 1623 114 47 Apr.
1081 1624 53 45 4;
1165 1623 41 39 A
1232 1621 170 48 60897;
1432 1623 195 47 Harper
1654 1623 37 39 &
1718 1622 125 39 bros.

197 1680 249 48 (33-8773)

111 1782 217 65 White,
361 1784 256 64 Hervey,
653 1788 171 50 1866-

187 1860 124 52 The
349 1878 225 34 amours
615 1859 64 53 of
718 1858 272 54 Peterkin
1054 1859 93 70 [by]
1193 1860 232 69 Hervey
1463 1859 214 55 White.
1751 1858 368 70 Woodstock,

118 1937 69 53 N.
217 1937 92 68 Y.,
335 1938 121 51 The
484 1937 295 53 Maverick
807 1956 156 49 press
997 1970 13 34 [
1014 1944 18 21 c
1038 1940 151 65 1931]

186 2011 25 38 1
238 2021 42 37 p.
342 2041 8 15 1,
379 2010 158 46 5-119,
570 2011 54 49 [1]
653 2020 44 38 p.
761 2010 114 41 16cm.

124 2064 51 52 ©
202 2069 98 40 Dec
339 2068 68 42 10,
434 2068 140 47 1931;
601 2068 67 41 2c.
695 2070 115 47 July
836 2069 39 46 9,
902 2068 141 43 1982;
1072 2070 80 39 aff.
1181 2070 113 47 Apr.
1321 2070 68 48 14,
1416 2069 140 47 1933;
1587 2070 40 39 A
1654 2070 170 46 62047;
1855 2070 59 39 H.
1943 2068 177 49 White,

192 2125 303 48 Woodstock,
526 2126 55 39 N.
611 2126 52 39 Y.
735 2125 250 48 (33-9008)

117 2226 217 67 White,
363 2228 255 55 William
650 2229 283 66 Alanson,
968 2232 170 54 1870-

252 2308 1868 69 … Forty years of psychiatry, by William A. White … New
123 2384 163 53 York
312 2386 112 52 and
451 2386 401 68 Washington,
877 2388 258 53 Nervous
1164 2389 112 52 and
1304 2388 211 52 mental
1545 2388 217 54 disease
1787 2386 335 69 publishing

123 2482 296 49 company,
450 2469 148 51 1933.

195 2547 42 38 v,
282 2537 85 40 154
412 2549 43 37 p.
515 2538 146 42 23½cm.
731 2539 243 48 (Nervous
1017 2541 96 38 and
1157 2541 181 38 mental
1383 2539 189 41 disease
1615 2539 298 48 monograph
1957 2539 164 46 series,

124 2603 76 32 no.
233 2594 80 49 57)

200 2652 110 47 “My
345 2651 94 41 aim
477 2652 40 40 is
552 2655 48 37 to
634 2652 106 48 give
775 2663 26 29 a
838 2653 190 48 picture
1059 2653 53 41 of
1144 2664 80 37 my
1257 2656 224 46 personal
1515 2653 283 49 experience
1833 2653 47 40 in
1917 2653 98 41 this
127 2655 1979 99 department
401 2709 53 40 of
484 2709 472 44 medicine.”—Pref.

133 2761 51 52 ©
210 2766 121 41 Mar.
354 2766 68 43 28,
449 2766 139 48 1933;
614 2768 67 39 2c.
707 2770 94 38 and
827 2768 82 41 aff.
933 2769 113 47 Apr.
1070 2770 54 46 4;
1151 2769 40 39 A
1215 2768 169 47 60910;
1413 2770 71 40 W.
1509 2769 53 40 A.
1589 2769 175 47 White,
1791 2768 337 49 Washington.

210 2822 250 48 (33-9080)

125 2924 287 67 Winfield,
442 2927 185 54 Oscar
654 2927 308 58 Ahlenius.

200 3001 123 54 The
355 3006 217 51 control
608 3005 64 53 of
704 3006 293 54 Lutheran
1031 3007 342 67 theological
1409 3007 301 54 education
1746 3007 61 53 in
1842 3007 284 65 America,

130 3076 1996 77 by Oscar Ahlenius Winfield … [Rock Island, Ill., Augustana
129 3155 147 56 book
305 3177 254 49 concern,
589 3168 18 21 c
612 3163 132 51 1933]

205 3230 28 40 3
260 3241 43 38 p.
366 3263 10 15 1,
405 3232 144 40 5-232
575 3244 43 38 p.
678 3233 56 41 20
738 3236 44 22 cm
785 3266 8 9 .

207 3286 171 42 Thesis
416 3288 107 48 (PH.
583 3287 224 48 D.)—Yale
836 3291 285 49 university,
1154 3291 126 42 1930.

210 3342 373 52 Bibliography:
619 3358 43 37 p.
695 3347 216 42 179-186.

141 3396 51 52 ©
232 3403 120 38 Mar.
391 3404 40 43 3,
471 3403 140 42 1933:
652 3404 65 40 2c.
759 3406 122 40 Mar.
920 3405 81 47 10;
1044 3406 81 39 aff.
1164 3406 114 48 Apr.
1318 3407 52 47 8;
1411 3408 40 38 A
1491 3407 170 48 60622;
1705 3409 51 40 O.
1799 3409 54 41 A.
1892 3408 242 49 Winfield,

208 3458 229 47 Meriden,
471 3460 144 40 Conn.
687 3461 249 50 (33-8273)

133 3546 384 68 Wodehouse,
548 3550 243 54 Pelham
824 3552 312 64 Grenville,
1171 3559 170 49 1881-

206 3623 122 52 The
354 3644 133 34 man
515 3626 139 53 with
684 3631 32 48 2
742 3629 111 53 left
881 3629 134 66 feet,
1042 3630 76 66 by
1147 3631 65 52 P.
1243 3631 69 54 G.
1342 3632 373 54 Wodehouse.
1780 3632 139 54 New
1950 3633 180 64 York,

139 3699 1168 76 Chicago, A. L. Burt company [ c 1933]
210 3773 27 39 2
262 3785 44 38 p.
369 3806 8 15 1,
406 3774 85 41 283
517 3787 43 38 p.
622 3776 55 41 19½
710 3780 44 21 cm
757 3810 10 9 .

213 3829 146 43 Short
392 3832 188 43 stories.

213 3886 163 43 “First
405 3889 225 42 edition.”

145 3940 51 52 ©
223 3945 108 40 Feb.
358 3947 39 41 1,
423 3946 139 46 1933;
589 3948 65 39 2c.
682 3950 95 38 and
803 3949 80 40 aff.
910 3950 113 47 Apr.
1049 3950 81 45 15;
1159 3951 40 38 A
1225 3951 169 47 62229;
1423 3953 49 39 P.
1501 3953 53 41 G.
1581 3954 316 49 Wodehouse,
1924 3955 213 40 London.

225 4001 249 49 (33-9686)
