2582 4453
1402 4096 100 51 928

446 422 194 63 Wren,
672 421 289 56 Lassiter.

517 500 121 51 The
684 505 254 63 mystery
984 501 198 67 puzzle
1229 501 166 67 book,
1439 500 75 68 by
1560 501 254 54 Lassiter
1858 504 175 53 Wren
2081 504 113 53 and
2240 505 223 52 Handle

446 578 1993 133 McKay … introduction by S. S. Van Dine, with 45 illustrations
631 657 65 56 of
727 659 349 66 documents,
1109 659 294 67 diagrams
1437 660 113 53 and
1584 660 167 53 clues.
1827 661 139 52 New
2002 661 181 68 York,
2215 663 249 54 Thomas

450 737 865 69 Y. Crowell company [ c 1933]
516 824 65 47 xi,
613 824 86 41 180
729 835 42 37 p.
834 824 144 47 illns.,
1009 825 181 47 diagrs.
1252 826 53 38 21
1310 828 44 21 cm
1360 858 8 9 .

452 892 51 53 ©
549 898 122 39 Mar.
716 898 69 47 13,
830 896 142 43 1933:
1017 897 68 40 2c.
1130 898 122 40 Mar.
1298 899 82 45 16;
1427 897 83 41 aff.
1555 899 123 40 Mar.
1724 899 82 46 15;
1854 898 41 40 A
1939 900 172 46 60877;
2156 900 213 41 Thomas
2416 902 52 39 Y.

520 954 207 41 Crowell
760 966 67 29 co.
900 954 253 49 (33-8798)

442 1056 260 68 Wright,
731 1059 243 66 Sydney
1001 1060 245 67 Fowler,
1278 1062 173 54 1874-

514 1137 1951 72 Arresting Delia, by S. Fowler Wright … New York, The
443 1218 831 70 Macaulay company [ c 1933]
515 1308 28 39 4
567 1319 43 37 p.
672 1339 8 16 l.,
709 1306 145 42 7-307
879 1318 44 37 p.
985 1305 56 41 19½
1073 1309 44 21 cm
1123 1339 9 9 .

450 1377 52 52 ©
531 1382 130 39 June
686 1381 70 47 28,
785 1380 142 47 1933;
957 1380 68 42 2c.
1055 1380 116 48 July
1201 1381 52 45 1;
1285 1379 80 41 aff.
1397 1380 130 40 June
1551 1381 84 47 30;
1667 1380 42 40 A
1736 1380 171 48 63458;
1939 1381 262 49 Macaulay
2229 1392 69 31 co.

528 1439 283 48 (33-16731)

443 1543 294 65 Wyckoff,
770 1543 272 65 Capwell.

515 1622 122 52 The
688 1620 222 54 Mercer
959 1620 140 69 boys
1149 1621 114 53 and
1314 1621 98 53 the
1460 1621 317 54 steamboat
1827 1619 207 71 riddle,
2082 1623 76 68 by
2209 1622 255 69 Capwell

443 1697 2016 74 Wyckoff … New York, Chicago, A. L. Burt company [ c 1933 ]
517 1776 87 40 256
634 1787 42 36 p.
737 1775 150 40 front.
949 1773 56 40 19½
1038 1777 43 21 cm
1087 1805 9 8 .
1167 1774 118 48 (His
1318 1775 187 40 Mercer
1534 1775 118 47 boys
1682 1775 178 49 series)

452 1845 52 52 ©
534 1850 115 46 May
675 1848 41 46 4,
745 1848 113 39 1933
878 1857 9 37 ;
917 1847 67 41 2c.
1013 1848 96 39 and
1139 1846 81 41 aff.
1251 1848 115 46 May
1395 1847 51 46 6;
1478 1847 42 39 A
1548 1847 172 47 61633;
1748 1847 56 40 A.
1835 1848 51 41 L.
1915 1849 130 41 Burt
2069 1859 68 31 co.

530 1905 283 50 (33-12040)

448 2011 142 63 Wye
617 2025 229 49 manor,
873 2010 153 66 Eng.

523 2091 50 52 A
607 2108 207 48 survey
848 2088 64 53 of
945 2089 96 52 the
1075 2107 202 34 manor
1310 2088 64 54 of
1407 2090 164 67 Wye,
1605 2089 190 54 edited
1830 2090 77 69 by
1939 2090 188 54 Helen
2161 2091 301 54 Elizabeth

445 2167 2019 72 Muhlfeld … New York, Columbia university press; London,
448 2249 64 53 P.
544 2248 57 55 S.
630 2248 164 68 King
819 2251 47 51 &
892 2265 120 50 son,
1040 2247 124 68 ltd.,
1192 2250 152 52 1933.

514 2321 170 49 lxxvii,
712 2321 85 40 256
823 2332 43 37 p.
926 2320 217 41 facsims.
1205 2320 56 41 23
1265 2322 43 21 cm
1315 2352 8 8 .
1394 2319 302 50 (Half-title:
1723 2320 196 42 Studies
1943 2320 51 40 in
2020 2320 204 49 history,
450 2331 1997 89 economics

552 2381 96 38 and
681 2380 162 48 public
875 2380 109 45 law,
1017 2379 72 40 ed.
1123 2379 59 47 by
1219 2379 81 40 the
1333 2378 207 47 Faculty
1573 2378 51 40 of
1658 2378 218 48 political
1909 2378 188 41 science
2129 2378 53 41 of
2213 2378 250 43 Columbia

448 2435 288 51 university,
796 2447 76 31 no.
903 2436 111 48 331)

519 2509 120 40 This
671 2520 177 37 survey
885 2508 155 41 which
1077 2519 101 29 was
1212 2509 140 38 made
1387 2508 147 40 about
1570 2510 83 38 the
1686 2508 180 41 middle
1900 2508 52 40 of
1987 2509 81 40 the
2100 2509 227 40 fifteenth
451 2520 1996 95 century
586 2567 42 41 is
653 2579 107 28 now
787 2578 177 36 among
987 2568 82 39 the
1095 2567 195 39 records
1316 2566 52 40 of
1393 2567 80 39 the
1502 2566 171 40 Public
1698 2567 168 40 record
1892 2566 146 44 office,
2064 2566 198 40 London
448 2567 1999 98 (“Miscellaneous
746 2610 165 57 books.
937 2624 407 46 Augmentations
1369 2625 146 46 office,
1539 2635 42 30 v.
1603 2624 100 48 433,
1727 2624 86 41 fol.
1837 2623 199 48 1-118”)
2105 2624 63 48 cf.
2190 2634 43 39 p.
2257 2624 208 41 xii-xiii.

520 2683 174 40 Issued
718 2684 104 39 also
849 2693 54 30 as
931 2682 153 41 thesis
1122 2682 15 49 (PH.
1311 2681 14 48 D.)
1361 2682 254 41 Columbia
1643 2680 288 50 university.

519 2740 381 49 Bibliography:
933 2751 42 38 p.
1005 2740 219 42 219-229.

450 2810 52 52 ©
537 2815 114 47 Apr.
687 2814 71 47 15,
794 2813 112 41 1933
926 2824 9 37 ;
972 2814 68 41 2c.
1075 2814 97 39 and
1208 2813 83 41 aff.
1329 2813 113 47 May
1478 2812 52 47 5;
1569 2813 43 38 A
1645 2812 173 47 62532;
1856 2812 253 41 Columbia
2147 2811 130 41 univ.
2315 2821 149 39 press.

532 2870 283 49 (33-15365)

442 2976 336 65 Wyoming.
854 2979 280 66 Supreme
1168 2982 176 50 court.

515 3054 1949 70 Wyoming reports. Cases decided … from January 25, 1932
446 3139 58 47 to
532 3135 334 67 September
891 3139 81 63 13,
1000 3137 149 51 1932.
1211 3135 292 68 Reported
1528 3135 74 68 by
1624 3134 264 55 William
1914 3136 66 51 E.
2005 3112 238 75 Mulien.
2304 3151 51 35 v.
2379 3137 84 50 44.

447 3214 321 67 Cheyenne,
793 3215 185 65 Wvo.,
1002 3215 315 68 Wyoming
1342 3214 162 52 labor
1530 3214 231 68 journal
1789 3212 337 70 publishing
2152 3232 80 35 co.
2265 3246 12 34 [
2284 3219 17 21 c
2308 3216 132 50 1932]

518 3289 84 46 xii,
633 3288 89 41 585
747 3300 43 36 p.
848 3289 56 39 22½
937 3291 43 21 cm
987 3321 7 7 .

453 3355 52 52 ©
538 3359 111 40 Feb.
682 3360 39 44 1,
755 3358 112 41 1933
887 3369 8 36 ;
930 3359 66 40 2c.
1031 3360 96 38 and
1160 3358 82 40 aff.
1276 3359 128 39 June
1435 3359 82 46 24;
1553 3359 40 38 A
1626 3358 172 47 64142;
1833 3358 55 40 A.
1924 3359 61 38 M.
2021 3357 162 49 Clark,
2218 3358 249 48 secretary

525 3417 51 39 of
603 3419 130 38 state
759 3416 80 40 for
867 3417 84 39 the
975 3418 130 38 state
1133 3416 52 40 of
1213 3415 270 49 Wyoming,
1514 3415 271 48 Cheyenne,
1814 3416 104 48 Wy.

448 3519 212 65 Yoder,
688 3521 164 65 Dale,
884 3526 172 50 1901-

520 3596 1881 70 Labor economics and labor problems, by Dale Yoder …
452 3680 85 50 1st
565 3678 85 54 ed.
726 3677 140 53 New
896 3677 166 53 York
1091 3678 114 53 and
1233 3677 262 67 London,
1526 3675 432 56 McGraw-Hill
1989 3675 148 54 book
2168 3694 297 50 company,

451 3755 127 68 inc.,
606 3758 151 50 1933.

522 3839 44 37 x,
595 3827 86 42 630
708 3839 45 38 p.
813 3828 145 47 illus.,
985 3828 181 49 diagrs.
1226 3829 56 40 23½c
1333 3831 28 21 m
1365 3861 9 8 .

524 3898 435 49 “Supplementary
990 3898 257 49 reading”:
1279 3909 44 38 p.
1353 3897 220 42 601-615.

455 3967 52 52 ©
535 3972 127 39 Juno
688 3972 68 46 15,
784 3972 141 47 1933;
955 3972 66 39 2c.
1051 3973 129 39 June
1203 3972 83 46 20;
1316 3971 82 41 aff.
1426 3973 127 38 June
1582 3973 81 45 17;
1693 3972 40 38 A
1760 3971 171 48 64067;
1964 3972 348 41 McGraw-Hill
2344 3970 122 40 book

526 4039 82 38 co.,
637 4029 90 40 inc.
800 4028 281 50 (33-15919)
