<alto xmlns="http://www.loc.gov/standards/alto/ns-v3#" xmlns:xlink="http://www.w3.org/1999/xlink" xmlns:xsi="http://www.w3.org/2001/XMLSchema-instance" xsi:schemaLocation="http://www.loc.gov/standards/alto/ns-v3# http://www.loc.gov/alto/v3/alto-3-0.xsd"><Description>
<MeasurementUnit>pixel</MeasurementUnit>
<sourceImageInformation>
<fileName>1933_v1_Part1.pdf</fileName>
</sourceImageInformation>
<OCRProcessing ID="IdOcr">
<ocrProcessingStep>
<processingDateTime>2019-01-03</processingDateTime>
<processingSoftware>
<softwareCreator>ABBYY</softwareCreator>
<softwareName>ABBYY Recognition Server</softwareName>
<softwareVersion>4.0</softwareVersion>
</processingSoftware>
</ocrProcessingStep>
</OCRProcessing>
</Description>
<Styles>
<ParagraphStyle ID="StyleId-FFFFFFFF-FFFF-FFFF-FFFF-FFFFFFFFFFFF-" ALIGN="Left" LEFT="0." RIGHT="0." FIRSTLINE="0."/>
<ParagraphStyle ID="StyleId-6EF5737A-DCEB-4126-A0CF-C5930BF7166A-" ALIGN="Left" LEFT="0." RIGHT="0." FIRSTLINE="0." LINESPACE="8.300000191"/>
<ParagraphStyle ID="StyleId-2DE44258-FD0B-41E1-B542-087C989B01A3-" ALIGN="Left" LEFT="0." RIGHT="0." FIRSTLINE="0." LINESPACE="12.19999981"/>
<ParagraphStyle ID="StyleId-CE3D254A-29D7-4DD7-B5F1-E0FC0EF29B05-" ALIGN="Left" LEFT="0." RIGHT="0." FIRSTLINE="-14." LINESPACE="8.619999886"/>
<ParagraphStyle ID="StyleId-C0E3A137-CE4F-4287-8A90-B599106709D0-" ALIGN="Left" LEFT="0." RIGHT="0." FIRSTLINE="-14." LINESPACE="12.19999981"/>
<ParagraphStyle ID="StyleId-50F26F0C-05DA-4C19-BA58-7A6AC4499BEE-" ALIGN="Left" LEFT="0." RIGHT="0." FIRSTLINE="-14." LINESPACE="11.06999969"/>
<ParagraphStyle ID="StyleId-5DDE65AF-512C-41E2-9B8E-095D6D99EF68-" ALIGN="Center" LEFT="0." RIGHT="0." FIRSTLINE="0." LINESPACE="11.89999962"/>
<ParagraphStyle ID="StyleId-0A81D7A5-6A62-4C52-915E-7768974C704D-" ALIGN="Left" LEFT="0." RIGHT="0." FIRSTLINE="0." LINESPACE="9.399999619"/>
<ParagraphStyle ID="StyleId-F7A0127F-6B48-4157-BB81-FE33E1E1A05B-" ALIGN="Block" LEFT="0." RIGHT="0." FIRSTLINE="-13." LINESPACE="10.63000011"/>
<ParagraphStyle ID="StyleId-E18C69F7-DBD7-48B1-805C-FCD96D0DA019-" ALIGN="Left" LEFT="0." RIGHT="0." FIRSTLINE="0." LINESPACE="11.64000034"/>
<ParagraphStyle ID="StyleId-98F15501-B611-4E83-8BB3-807E891F11F5-" ALIGN="Left" LEFT="0." RIGHT="0." FIRSTLINE="-14." LINESPACE="12.19999981"/>
<ParagraphStyle ID="StyleId-F4A78626-0BBC-4D12-94D9-A1AE75A9855F-" ALIGN="Left" LEFT="0." RIGHT="0." FIRSTLINE="0." LINESPACE="9.399999619"/>
<ParagraphStyle ID="StyleId-6A3F6F4C-D21B-4ADE-902F-7683F18ECEF3-" ALIGN="Left" LEFT="0." RIGHT="0." FIRSTLINE="0." LINESPACE="11.10000038"/>
</Styles>
<Layout>
<Page ID="Page873" PHYSICAL_IMG_NR="873" HEIGHT="4405" WIDTH="2484">
<TopMargin HEIGHT="396" WIDTH="2484" VPOS="0" HPOS="0">
</TopMargin>
<LeftMargin HEIGHT="3664" WIDTH="63" VPOS="396" HPOS="0">
</LeftMargin>
<RightMargin HEIGHT="3664" WIDTH="207" VPOS="396" HPOS="2277">
</RightMargin>
<BottomMargin HEIGHT="345" WIDTH="2484" VPOS="4060" HPOS="0">
<TextBlock ID="Page873_Block1" HEIGHT="223" WIDTH="327" VPOS="4078" HPOS="975" LANG="en-US" STYLEREFS="StyleId-6D2C56CC-6BE1-46A7-9833-85BAB2D3D684-">
<TextLine HEIGHT="53" WIDTH="99" VPOS="4087" HPOS="1040">
<String CONTENT="873" HEIGHT="53" WIDTH="99" VPOS="4087" HPOS="1040"/>
</TextLine>
</TextBlock>
</BottomMargin>
<PrintSpace HEIGHT="3664" WIDTH="2214" VPOS="396" HPOS="63">
<TextBlock ID="Page873_Block2" HEIGHT="3664" WIDTH="2214" VPOS="396" HPOS="63" LANG="en-US" CS="1" STYLEREFS="StyleId-F679CC09-C538-498A-8F12-C00BB39382F5-">
<TextLine HEIGHT="66" WIDTH="944" VPOS="451" HPOS="108" STYLEREFS="StyleId-E412D614-DE1A-442B-823A-D8833DA0B766-">
<String CONTENT="Barton," HEIGHT="66" WIDTH="242" VPOS="451" HPOS="108"/>
<SP HEIGHT="62" WIDTH="25" VPOS="455" HPOS="351"/>
<String CONTENT="Walter" HEIGHT="56" WIDTH="223" VPOS="452" HPOS="377"/>
<SP HEIGHT="52" WIDTH="27" VPOS="454" HPOS="601"/>
<String CONTENT="Elbert," HEIGHT="66" WIDTH="222" VPOS="451" HPOS="629"/>
<SP HEIGHT="59" WIDTH="28" VPOS="458" HPOS="852"/>
<String CONTENT="1886-" HEIGHT="49" WIDTH="171" VPOS="457" HPOS="881"/>
</TextLine>
<TextLine HEIGHT="149" WIDTH="1994" VPOS="528" HPOS="109" CS="1">
<String CS="1" CONTENT="Federal" HEIGHT="52" WIDTH="240" VPOS="532" HPOS="181"/>
<SP HEIGHT="52" WIDTH="38" VPOS="530" HPOS="422"/>
<String CONTENT="income" HEIGHT="54" WIDTH="216" VPOS="530" HPOS="461"/>
<SP HEIGHT="35" WIDTH="41" VPOS="549" HPOS="678"/>
<String CONTENT="and" HEIGHT="52" WIDTH="112" VPOS="531" HPOS="720"/>
<SP HEIGHT="52" WIDTH="41" VPOS="531" HPOS="833"/>
<String CONTENT="estate" HEIGHT="48" WIDTH="174" VPOS="535" HPOS="875"/>
<SP HEIGHT="47" WIDTH="39" VPOS="535" HPOS="1050"/>
<String CONTENT="tax" HEIGHT="47" WIDTH="99" VPOS="535" HPOS="1090"/>
<SP HEIGHT="51" WIDTH="39" VPOS="530" HPOS="1190"/>
<String CONTENT="laws," HEIGHT="65" WIDTH="155" VPOS="530" HPOS="1230"/>
<SP HEIGHT="48" WIDTH="38" VPOS="547" HPOS="1386"/>
<String CONTENT="correlated" HEIGHT="53" WIDTH="312" VPOS="528" HPOS="1425"/>
<SP HEIGHT="53" WIDTH="42" VPOS="528" HPOS="1738"/>
<String CONTENT="and" HEIGHT="52" WIDTH="112" VPOS="529" HPOS="1781"/>
<SP HEIGHT="52" WIDTH="39" VPOS="529" HPOS="1894"/>
<String CONTENT="annotated," HEIGHT="131" WIDTH="1972" VPOS="546" HPOS="109"/>
<SP HEIGHT="68" WIDTH="31" VPOS="609" HPOS="283"/>
<String CONTENT="being" HEIGHT="67" WIDTH="169" VPOS="609" HPOS="315"/>
<SP HEIGHT="49" WIDTH="32" VPOS="627" HPOS="485"/>
<String CONTENT="an" HEIGHT="34" WIDTH="72" VPOS="627" HPOS="518"/>
<SP HEIGHT="33" WIDTH="35" VPOS="628" HPOS="591"/>
<String CONTENT="annotation" HEIGHT="53" WIDTH="333" VPOS="608" HPOS="627"/>
<SP HEIGHT="33" WIDTH="33" VPOS="628" HPOS="961"/>
<String CONTENT="and" HEIGHT="52" WIDTH="113" VPOS="609" HPOS="995"/>
<SP HEIGHT="52" WIDTH="34" VPOS="609" HPOS="1109"/>
<String CONTENT="correlation" HEIGHT="54" WIDTH="337" VPOS="607" HPOS="1144"/>
<SP HEIGHT="34" WIDTH="34" VPOS="625" HPOS="1482"/>
<String CONTENT="of" HEIGHT="52" WIDTH="64" VPOS="607" HPOS="1517"/>
<SP HEIGHT="52" WIDTH="32" VPOS="607" HPOS="1582"/>
<String CONTENT="the" HEIGHT="50" WIDTH="95" VPOS="609" HPOS="1615"/>
<SP HEIGHT="53" WIDTH="32" VPOS="606" HPOS="1711"/>
<String CONTENT="Income" HEIGHT="54" WIDTH="229" VPOS="606" HPOS="1744"/>
<SP HEIGHT="48" WIDTH="32" VPOS="612" HPOS="1974"/>
<String CONTENT="tax" HEIGHT="46" WIDTH="96" VPOS="612" HPOS="2007"/>
</TextLine>
<TextLine HEIGHT="67" WIDTH="1995" VPOS="686" HPOS="110">
<String CONTENT="acts" HEIGHT="48" WIDTH="115" VPOS="693" HPOS="110"/>
<SP HEIGHT="34" WIDTH="35" VPOS="707" HPOS="226"/>
<String CONTENT="of" HEIGHT="51" WIDTH="65" VPOS="688" HPOS="262"/>
<SP HEIGHT="51" WIDTH="35" VPOS="688" HPOS="328"/>
<String CONTENT="1918," HEIGHT="61" WIDTH="149" VPOS="691" HPOS="364"/>
<SP HEIGHT="60" WIDTH="38" VPOS="692" HPOS="514"/>
<String CONTENT="1921," HEIGHT="64" WIDTH="149" VPOS="689" HPOS="553"/>
<SP HEIGHT="62" WIDTH="38" VPOS="691" HPOS="703"/>
<String CONTENT="1924," HEIGHT="61" WIDTH="149" VPOS="690" HPOS="742"/>
<SP HEIGHT="60" WIDTH="38" VPOS="691" HPOS="892"/>
<String CONTENT="1926," HEIGHT="63" WIDTH="148" VPOS="690" HPOS="931"/>
<SP HEIGHT="62" WIDTH="39" VPOS="691" HPOS="1080"/>
<String CONTENT="1928" HEIGHT="49" WIDTH="132" VPOS="689" HPOS="1120"/>
<SP HEIGHT="48" WIDTH="36" VPOS="690" HPOS="1253"/>
<String CONTENT="and" HEIGHT="51" WIDTH="110" VPOS="687" HPOS="1290"/>
<SP HEIGHT="51" WIDTH="38" VPOS="687" HPOS="1401"/>
<String CONTENT="1932," HEIGHT="59" WIDTH="150" VPOS="689" HPOS="1440"/>
<SP HEIGHT="44" WIDTH="35" VPOS="704" HPOS="1591"/>
<String CONTENT="and" HEIGHT="52" WIDTH="111" VPOS="686" HPOS="1627"/>
<SP HEIGHT="52" WIDTH="36" VPOS="686" HPOS="1739"/>
<String CONTENT="the" HEIGHT="51" WIDTH="95" VPOS="686" HPOS="1776"/>
<SP HEIGHT="51" WIDTH="35" VPOS="686" HPOS="1872"/>
<String CONTENT="Estate" HEIGHT="52" WIDTH="197" VPOS="686" HPOS="1908"/>
</TextLine>
<TextLine HEIGHT="150" WIDTH="1998" VPOS="763" HPOS="107" CS="1">
<String CONTENT="tax" HEIGHT="47" WIDTH="97" VPOS="772" HPOS="109"/>
<SP HEIGHT="33" WIDTH="29" VPOS="785" HPOS="207"/>
<String CONTENT="acts" HEIGHT="49" WIDTH="116" VPOS="770" HPOS="237"/>
<SP HEIGHT="34" WIDTH="28" VPOS="784" HPOS="354"/>
<String CONTENT="of" HEIGHT="53" WIDTH="63" VPOS="765" HPOS="383"/>
<SP HEIGHT="53" WIDTH="32" VPOS="765" HPOS="447"/>
<String CONTENT="1916," HEIGHT="63" WIDTH="150" VPOS="768" HPOS="480"/>
<SP HEIGHT="61" WIDTH="30" VPOS="770" HPOS="631"/>
<String CONTENT="1917," HEIGHT="66" WIDTH="151" VPOS="766" HPOS="662"/>
<SP HEIGHT="62" WIDTH="31" VPOS="770" HPOS="814"/>
<String CONTENT="1918," HEIGHT="57" WIDTH="150" VPOS="768" HPOS="846"/>
<SP HEIGHT="56" WIDTH="32" VPOS="769" HPOS="997"/>
<String CONTENT="1921," HEIGHT="65" WIDTH="150" VPOS="767" HPOS="1030"/>
<SP HEIGHT="63" WIDTH="33" VPOS="769" HPOS="1181"/>
<String CONTENT="1924" HEIGHT="50" WIDTH="134" VPOS="767" HPOS="1215"/>
<SP HEIGHT="48" WIDTH="28" VPOS="769" HPOS="1350"/>
<String CONTENT="and" HEIGHT="52" WIDTH="110" VPOS="765" HPOS="1379"/>
<SP HEIGHT="51" WIDTH="34" VPOS="765" HPOS="1490"/>
<String CONTENT="1926," HEIGHT="65" WIDTH="151" VPOS="766" HPOS="1525"/>
<SP HEIGHT="49" WIDTH="28" VPOS="782" HPOS="1677"/>
<String CONTENT="with" HEIGHT="53" WIDTH="138" VPOS="763" HPOS="1706"/>
<SP HEIGHT="52" WIDTH="31" VPOS="765" HPOS="1845"/>
<String CONTENT="amendments." HEIGHT="134" WIDTH="1972" VPOS="764" HPOS="107"/>
<SP HEIGHT="54" WIDTH="73" VPOS="844" HPOS="305"/>
<String CONTENT="Also" HEIGHT="54" WIDTH="139" VPOS="844" HPOS="379"/>
<SP HEIGHT="35" WIDTH="26" VPOS="863" HPOS="519"/>
<String CONTENT="containing" HEIGHT="69" WIDTH="331" VPOS="844" HPOS="546"/>
<SP HEIGHT="63" WIDTH="22" VPOS="850" HPOS="878"/>
<String CONTENT="the" HEIGHT="53" WIDTH="95" VPOS="844" HPOS="901"/>
<SP HEIGHT="55" WIDTH="23" VPOS="843" HPOS="997"/>
<String CONTENT="Gift" HEIGHT="56" WIDTH="133" VPOS="842" HPOS="1021"/>
<SP HEIGHT="48" WIDTH="25" VPOS="849" HPOS="1155"/>
<String CONTENT="tax" HEIGHT="47" WIDTH="96" VPOS="850" HPOS="1181"/>
<SP HEIGHT="34" WIDTH="25" VPOS="862" HPOS="1278"/>
<String CONTENT="acts" HEIGHT="50" WIDTH="116" VPOS="847" HPOS="1304"/>
<SP HEIGHT="35" WIDTH="23" VPOS="862" HPOS="1421"/>
<String CONTENT="of" HEIGHT="54" WIDTH="63" VPOS="842" HPOS="1445"/>
<SP HEIGHT="53" WIDTH="26" VPOS="842" HPOS="1509"/>
<String CONTENT="1924" HEIGHT="49" WIDTH="134" VPOS="846" HPOS="1536"/>
<SP HEIGHT="50" WIDTH="23" VPOS="846" HPOS="1671"/>
<String CONTENT="and" HEIGHT="52" WIDTH="110" VPOS="844" HPOS="1695"/>
<SP HEIGHT="52" WIDTH="28" VPOS="844" HPOS="1806"/>
<String CONTENT="1932," HEIGHT="59" WIDTH="151" VPOS="846" HPOS="1835"/>
<SP HEIGHT="56" WIDTH="23" VPOS="849" HPOS="1987"/>
<String CONTENT="the" HEIGHT="53" WIDTH="94" VPOS="843" HPOS="2011"/>
</TextLine>
<TextLine HEIGHT="70" WIDTH="1997" VPOS="921" HPOS="108">
<String CONTENT="Revised" HEIGHT="53" WIDTH="239" VPOS="925" HPOS="108"/>
<SP HEIGHT="52" WIDTH="56" VPOS="925" HPOS="348"/>
<String CONTENT="statutes," HEIGHT="55" WIDTH="255" VPOS="928" HPOS="405"/>
<SP HEIGHT="59" WIDTH="53" VPOS="924" HPOS="661"/>
<String CONTENT="bankruptcy" HEIGHT="66" WIDTH="360" VPOS="924" HPOS="715"/>
<SP HEIGHT="48" WIDTH="56" VPOS="942" HPOS="1076"/>
<String CONTENT="and" HEIGHT="51" WIDTH="108" VPOS="923" HPOS="1133"/>
<SP HEIGHT="52" WIDTH="58" VPOS="923" HPOS="1242"/>
<String CONTENT="constitutional" HEIGHT="54" WIDTH="428" VPOS="921" HPOS="1301"/>
<SP HEIGHT="70" WIDTH="55" VPOS="921" HPOS="1730"/>
<String CONTENT="provisions" HEIGHT="69" WIDTH="319" VPOS="922" HPOS="1786"/>
</TextLine>
<TextLine HEIGHT="69" WIDTH="1992" VPOS="1001" HPOS="107" CS="1">
<String CONTENT="applicable" HEIGHT="67" WIDTH="320" VPOS="1003" HPOS="107"/>
<SP HEIGHT="45" WIDTH="38" VPOS="1009" HPOS="428"/>
<String CONTENT="to" HEIGHT="45" WIDTH="57" VPOS="1009" HPOS="467"/>
<SP HEIGHT="52" WIDTH="43" VPOS="1002" HPOS="525"/>
<String CONTENT="federal" HEIGHT="52" WIDTH="218" VPOS="1002" HPOS="569"/>
<SP HEIGHT="51" WIDTH="38" VPOS="1003" HPOS="788"/>
<String CONTENT="taxation," HEIGHT="57" WIDTH="276" VPOS="1001" HPOS="827"/>
<SP HEIGHT="56" WIDTH="40" VPOS="1002" HPOS="1104"/>
<String CONTENT="by" HEIGHT="67" WIDTH="72" VPOS="1002" HPOS="1145"/>
<SP HEIGHT="66" WIDTH="39" VPOS="1003" HPOS="1218"/>
<String CONTENT="Walter" HEIGHT="54" WIDTH="221" VPOS="1001" HPOS="1258"/>
<SP HEIGHT="51" WIDTH="38" VPOS="1002" HPOS="1480"/>
<String CONTENT="E." HEIGHT="51" WIDTH="66" VPOS="1002" HPOS="1519"/>
<SP HEIGHT="50" WIDTH="41" VPOS="1003" HPOS="1586"/>
<String CONTENT="Barton" HEIGHT="51" WIDTH="218" VPOS="1003" HPOS="1628"/>
<SP HEIGHT="32" WIDTH="44" VPOS="1022" HPOS="1847"/>
<String CS="1" CONTENT="&#8230;"/>
<SP/>
<String CONTENT="and" HEIGHT="52" WIDTH="107" VPOS="1003" HPOS="1992"/>
</TextLine>
<TextLine HEIGHT="150" WIDTH="1972" VPOS="1079" HPOS="107" CS="1">
<String CONTENT="Carroll" HEIGHT="54" WIDTH="226" VPOS="1081" HPOS="107"/>
<SP HEIGHT="54" WIDTH="24" VPOS="1081" HPOS="334"/>
<String CONTENT="W." HEIGHT="54" WIDTH="88" VPOS="1081" HPOS="359"/>
<SP HEIGHT="51" WIDTH="28" VPOS="1082" HPOS="448"/>
<String CONTENT="Browning" HEIGHT="68" WIDTH="315" VPOS="1081" HPOS="477"/>
<SP HEIGHT="49" WIDTH="29" VPOS="1100" HPOS="793"/>
<String CS="1" CONTENT="&#8230;"/>
<SP/>
<String CONTENT="Washington," HEIGHT="69" WIDTH="401" VPOS="1079" HPOS="945"/>
<SP HEIGHT="67" WIDTH="25" VPOS="1081" HPOS="1347"/>
<String CONTENT="D." HEIGHT="52" WIDTH="71" VPOS="1081" HPOS="1373"/>
<SP HEIGHT="54" WIDTH="28" VPOS="1080" HPOS="1445"/>
<String CONTENT="C.," HEIGHT="69" WIDTH="80" VPOS="1080" HPOS="1474"/>
<SP HEIGHT="68" WIDTH="26" VPOS="1081" HPOS="1555"/>
<String CONTENT="J." HEIGHT="53" WIDTH="55" VPOS="1081" HPOS="1582"/>
<SP HEIGHT="51" WIDTH="28" VPOS="1082" HPOS="1638"/>
<String CONTENT="Byrne" HEIGHT="67" WIDTH="193" VPOS="1082" HPOS="1667"/>
<SP HEIGHT="50" WIDTH="24" VPOS="1085" HPOS="1861"/>
<String CONTENT="&amp;" HEIGHT="50" WIDTH="46" VPOS="1085" HPOS="1886"/>
<SP HEIGHT="50" WIDTH="24" VPOS="1085" HPOS="1933"/>
<String CONTENT="company," HEIGHT="130" WIDTH="1972" VPOS="1099" HPOS="107"/>
<SP HEIGHT="63" WIDTH="31" VPOS="1164" HPOS="278"/>
<String CONTENT="1933." HEIGHT="49" WIDTH="149" VPOS="1163" HPOS="310"/>
</TextLine>
<TextLine HEIGHT="48" WIDTH="475" VPOS="1234" HPOS="177" STYLEREFS="StyleId-1A5157A7-E2D2-43D1-B92C-B8CF477A962B-">
<String CONTENT="xvii," HEIGHT="47" WIDTH="114" VPOS="1235" HPOS="177"/>
<SP HEIGHT="47" WIDTH="28" VPOS="1235" HPOS="292"/>
<String CONTENT="591" HEIGHT="40" WIDTH="83" VPOS="1235" HPOS="321"/>
<SP HEIGHT="47" WIDTH="28" VPOS="1235" HPOS="405"/>
<String CONTENT="p." HEIGHT="37" WIDTH="44" VPOS="1245" HPOS="434"/>
<SP HEIGHT="38" WIDTH="56" VPOS="1234" HPOS="479"/>
<String CONTENT="26cm." HEIGHT="39" WIDTH="116" VPOS="1234" HPOS="536"/>
</TextLine>
<TextLine HEIGHT="43" WIDTH="423" VPOS="1289" HPOS="178" STYLEREFS="StyleId-1A5157A7-E2D2-43D1-B92C-B8CF477A962B-">
<String CONTENT="&#8220;Fifth" HEIGHT="40" WIDTH="167" VPOS="1292" HPOS="178"/>
<SP HEIGHT="39" WIDTH="29" VPOS="1293" HPOS="346"/>
<String CONTENT="edition.&#8221;" HEIGHT="43" WIDTH="225" VPOS="1289" HPOS="376"/>
</TextLine>
<TextLine HEIGHT="52" WIDTH="1992" VPOS="1359" HPOS="110" STYLEREFS="StyleId-1A5157A7-E2D2-43D1-B92C-B8CF477A962B-">
<String CONTENT="&#169;" HEIGHT="52" WIDTH="52" VPOS="1359" HPOS="110"/>
<SP HEIGHT="52" WIDTH="24" VPOS="1359" HPOS="163"/>
<String CONTENT="June" HEIGHT="38" WIDTH="126" VPOS="1365" HPOS="188"/>
<SP HEIGHT="38" WIDTH="23" VPOS="1365" HPOS="315"/>
<String CONTENT="7," HEIGHT="46" WIDTH="39" VPOS="1365" HPOS="339"/>
<SP HEIGHT="46" WIDTH="25" VPOS="1365" HPOS="379"/>
<String CONTENT="1933;" HEIGHT="46" WIDTH="140" VPOS="1363" HPOS="405"/>
<SP HEIGHT="45" WIDTH="27" VPOS="1364" HPOS="546"/>
<String CONTENT="2c." HEIGHT="38" WIDTH="66" VPOS="1364" HPOS="574"/>
<SP HEIGHT="29" WIDTH="25" VPOS="1373" HPOS="641"/>
<String CONTENT="and" HEIGHT="38" WIDTH="95" VPOS="1364" HPOS="667"/>
<SP HEIGHT="38" WIDTH="24" VPOS="1364" HPOS="763"/>
<String CONTENT="aff." HEIGHT="40" WIDTH="82" VPOS="1362" HPOS="788"/>
<SP HEIGHT="39" WIDTH="25" VPOS="1363" HPOS="871"/>
<String CONTENT="June" HEIGHT="38" WIDTH="127" VPOS="1363" HPOS="897"/>
<SP HEIGHT="38" WIDTH="23" VPOS="1364" HPOS="1025"/>
<String CONTENT="8;" HEIGHT="43" WIDTH="52" VPOS="1364" HPOS="1049"/>
<SP HEIGHT="44" WIDTH="29" VPOS="1363" HPOS="1102"/>
<!-- cceid 44BF322F-6CF9-1014-A6CF-A82867D68027 --><String CONTENT="A" HEIGHT="38" WIDTH="40" VPOS="1363" HPOS="1132"/>
<SP HEIGHT="40" WIDTH="24" VPOS="1362" HPOS="1173"/>
<String CONTENT="62927;" HEIGHT="47" WIDTH="170" VPOS="1362" HPOS="1198"/>
<SP HEIGHT="45" WIDTH="28" VPOS="1364" HPOS="1369"/>
<String CONTENT="W." HEIGHT="40" WIDTH="72" VPOS="1364" HPOS="1398"/>
<SP HEIGHT="38" WIDTH="25" VPOS="1365" HPOS="1471"/>
<String CONTENT="E." HEIGHT="41" WIDTH="53" VPOS="1365" HPOS="1497"/>
<SP HEIGHT="41" WIDTH="26" VPOS="1365" HPOS="1551"/>
<String CONTENT="Barton" HEIGHT="39" WIDTH="186" VPOS="1365" HPOS="1578"/>
<SP HEIGHT="29" WIDTH="25" VPOS="1375" HPOS="1765"/>
<String CONTENT="and" HEIGHT="39" WIDTH="94" VPOS="1366" HPOS="1791"/>
<SP HEIGHT="39" WIDTH="26" VPOS="1366" HPOS="1886"/>
<String CONTENT="Carroll" HEIGHT="39" WIDTH="189" VPOS="1366" HPOS="1913"/>
</TextLine>
<TextLine HEIGHT="49" WIDTH="1090" VPOS="1420" HPOS="177" STYLEREFS="StyleId-1A5157A7-E2D2-43D1-B92C-B8CF477A962B-">
<String CONTENT="W." HEIGHT="40" WIDTH="68" VPOS="1422" HPOS="177"/>
<SP HEIGHT="39" WIDTH="30" VPOS="1422" HPOS="246"/>
<String CONTENT="Browning," HEIGHT="49" WIDTH="273" VPOS="1420" HPOS="277"/>
<SP HEIGHT="47" WIDTH="30" VPOS="1421" HPOS="551"/>
<String CONTENT="Washington." HEIGHT="48" WIDTH="334" VPOS="1420" HPOS="582"/>
<SP HEIGHT="48" WIDTH="69" VPOS="1420" HPOS="917"/>
<String CONTENT="(33-15634)" HEIGHT="48" WIDTH="280" VPOS="1420" HPOS="987"/>
</TextLine>
<TextLine HEIGHT="67" WIDTH="960" VPOS="1523" HPOS="102" STYLEREFS="StyleId-E412D614-DE1A-442B-823A-D8833DA0B766-">
<String CONTENT="Benson," HEIGHT="66" WIDTH="251" VPOS="1523" HPOS="102"/>
<SP HEIGHT="62" WIDTH="28" VPOS="1527" HPOS="354"/>
<String CONTENT="Charles" HEIGHT="56" WIDTH="246" VPOS="1524" HPOS="383"/>
<SP HEIGHT="53" WIDTH="25" VPOS="1526" HPOS="630"/>
<String CONTENT="Emile," HEIGHT="65" WIDTH="205" VPOS="1525" HPOS="656"/>
<SP HEIGHT="59" WIDTH="29" VPOS="1531" HPOS="862"/>
<String CONTENT="1881-" HEIGHT="50" WIDTH="170" VPOS="1530" HPOS="892"/>
</TextLine>
<TextLine HEIGHT="69" WIDTH="1919" VPOS="1601" HPOS="179" CS="1">
<String CS="1" CONTENT="Psychology" HEIGHT="67" WIDTH="356" VPOS="1602" HPOS="179"/>
<SP HEIGHT="67" WIDTH="29" VPOS="1602" HPOS="536"/>
<String CONTENT="for" HEIGHT="54" WIDTH="92" VPOS="1602" HPOS="566"/>
<SP HEIGHT="48" WIDTH="28" VPOS="1608" HPOS="659"/>
<String CONTENT="teachers," HEIGHT="67" WIDTH="266" VPOS="1602" HPOS="688"/>
<SP HEIGHT="67" WIDTH="27" VPOS="1602" HPOS="955"/>
<String CONTENT="by" HEIGHT="68" WIDTH="74" VPOS="1602" HPOS="983"/>
<SP HEIGHT="69" WIDTH="32" VPOS="1601" HPOS="1058"/>
<String CONTENT="Charles" HEIGHT="55" WIDTH="235" VPOS="1601" HPOS="1091"/>
<SP HEIGHT="51" WIDTH="29" VPOS="1603" HPOS="1327"/>
<String CONTENT="E." HEIGHT="51" WIDTH="65" VPOS="1603" HPOS="1357"/>
<SP HEIGHT="51" WIDTH="36" VPOS="1603" HPOS="1423"/>
<String CONTENT="Benson" HEIGHT="51" WIDTH="217" VPOS="1603" HPOS="1460"/>
<SP HEIGHT="34" WIDTH="38" VPOS="1621" HPOS="1678"/>
<String CS="1" CONTENT="&#8230;"/>
<SP/>
<String CONTENT="James" HEIGHT="54" WIDTH="192" VPOS="1603" HPOS="1809"/>
<SP HEIGHT="53" WIDTH="33" VPOS="1604" HPOS="2002"/>
<String CONTENT="E." HEIGHT="51" WIDTH="62" VPOS="1604" HPOS="2036"/>
</TextLine>
<TextLine HEIGHT="69" WIDTH="1989" VPOS="1679" HPOS="108" CS="1">
<String CONTENT="Lough" HEIGHT="68" WIDTH="199" VPOS="1680" HPOS="108"/>
<SP HEIGHT="53" WIDTH="42" VPOS="1680" HPOS="308"/>
<String CS="1" CONTENT="&#8230;"/>
<SP/>
<String CONTENT="Charles" HEIGHT="54" WIDTH="233" VPOS="1680" HPOS="451"/>
<SP HEIGHT="54" WIDTH="38" VPOS="1680" HPOS="685"/>
<String CONTENT="E." HEIGHT="51" WIDTH="66" VPOS="1680" HPOS="724"/>
<SP HEIGHT="54" WIDTH="38" VPOS="1679" HPOS="791"/>
<String CONTENT="Skinner" HEIGHT="54" WIDTH="247" VPOS="1679" HPOS="830"/>
<SP HEIGHT="35" WIDTH="41" VPOS="1698" HPOS="1078"/>
<String CS="1" CONTENT="&#8230;"/>
<SP/>
<String CONTENT="Paul" HEIGHT="52" WIDTH="144" VPOS="1680" HPOS="1218"/>
<SP HEIGHT="52" WIDTH="39" VPOS="1681" HPOS="1363"/>
<String CONTENT="Y." HEIGHT="52" WIDTH="66" VPOS="1681" HPOS="1403"/>
<SP HEIGHT="50" WIDTH="37" VPOS="1681" HPOS="1470"/>
<String CONTENT="West" HEIGHT="53" WIDTH="155" VPOS="1681" HPOS="1508"/>
<SP HEIGHT="46" WIDTH="42" VPOS="1688" HPOS="1664"/>
<String CS="1" CONTENT="&#8230;"/>
<SP/>
<String CONTENT="Rev." HEIGHT="52" WIDTH="135" VPOS="1681" HPOS="1840"/>
<SP HEIGHT="32" WIDTH="36" VPOS="1701" HPOS="1976"/>
<String CS="1" CONTENT="ed." HEIGHT="56" WIDTH="51" VPOS="1682" HPOS="2046"/>
</TextLine>
<TextLine HEIGHT="70" WIDTH="1607" VPOS="1757" HPOS="107" CS="1">
<String CONTENT="Boston," HEIGHT="65" WIDTH="230" VPOS="1758" HPOS="107"/>
<SP HEIGHT="65" WIDTH="25" VPOS="1758" HPOS="338"/>
<String CONTENT="New" HEIGHT="53" WIDTH="134" VPOS="1758" HPOS="364"/>
<SP HEIGHT="51" WIDTH="31" VPOS="1758" HPOS="499"/>
<String CONTENT="York" HEIGHT="51" WIDTH="159" VPOS="1758" HPOS="531"/>
<SP HEIGHT="68" WIDTH="29" VPOS="1758" HPOS="691"/>
<String CONTENT="[etc.]" HEIGHT="64" WIDTH="136" VPOS="1762" HPOS="721"/>
<SP HEIGHT="68" WIDTH="31" VPOS="1757" HPOS="858"/>
<String CONTENT="Ginn" HEIGHT="53" WIDTH="152" VPOS="1757" HPOS="890"/>
<SP HEIGHT="32" WIDTH="29" VPOS="1777" HPOS="1043"/>
<String CONTENT="and" HEIGHT="52" WIDTH="112" VPOS="1759" HPOS="1073"/>
<SP HEIGHT="52" WIDTH="27" VPOS="1759" HPOS="1186"/>
<String CONTENT="company" HEIGHT="51" WIDTH="277" VPOS="1776" HPOS="1214"/>
<SP HEIGHT="49" WIDTH="30" VPOS="1778" HPOS="1492"/>
<String CS="1" CONTENT="[c1933]" HEIGHT="65" WIDTH="191" VPOS="1762" HPOS="1523"/>
</TextLine>
<TextLine HEIGHT="49" WIDTH="865" VPOS="1829" HPOS="173" CS="1">
<String CONTENT="vi," HEIGHT="47" WIDTH="61" VPOS="1829" HPOS="173"/>
<SP HEIGHT="45" WIDTH="28" VPOS="1831" HPOS="235"/>
<String CONTENT="490" HEIGHT="40" WIDTH="86" VPOS="1829" HPOS="264"/>
<SP HEIGHT="48" WIDTH="28" VPOS="1830" HPOS="351"/>
<String CONTENT="p." HEIGHT="37" WIDTH="43" VPOS="1841" HPOS="380"/>
<SP HEIGHT="41" WIDTH="57" VPOS="1830" HPOS="424"/>
<String CONTENT="illus.," HEIGHT="47" WIDTH="141" VPOS="1830" HPOS="482"/>
<SP HEIGHT="45" WIDTH="30" VPOS="1832" HPOS="624"/>
<String CONTENT="diagrs." HEIGHT="47" WIDTH="177" VPOS="1830" HPOS="655"/>
<SP HEIGHT="39" WIDTH="58" VPOS="1831" HPOS="833"/>
<String CS="1" CONTENT="20&#189;cm." HEIGHT="40" WIDTH="146" VPOS="1830" HPOS="892"/>
</TextLine>
<TextLine HEIGHT="49" WIDTH="1031" VPOS="1886" HPOS="174" STYLEREFS="StyleId-1A5157A7-E2D2-43D1-B92C-B8CF477A962B-">
<String CONTENT="Bibliography" HEIGHT="49" WIDTH="347" VPOS="1886" HPOS="174"/>
<SP HEIGHT="35" WIDTH="29" VPOS="1898" HPOS="522"/>
<String CONTENT="at" HEIGHT="37" WIDTH="51" VPOS="1890" HPOS="552"/>
<SP HEIGHT="37" WIDTH="29" VPOS="1890" HPOS="604"/>
<String CONTENT="end" HEIGHT="39" WIDTH="91" VPOS="1888" HPOS="634"/>
<SP HEIGHT="39" WIDTH="30" VPOS="1888" HPOS="726"/>
<String CONTENT="of" HEIGHT="39" WIDTH="51" VPOS="1887" HPOS="757"/>
<SP HEIGHT="40" WIDTH="30" VPOS="1887" HPOS="809"/>
<String CONTENT="each" HEIGHT="39" WIDTH="117" VPOS="1889" HPOS="840"/>
<SP HEIGHT="39" WIDTH="30" VPOS="1889" HPOS="958"/>
<String CONTENT="chapter." HEIGHT="46" WIDTH="216" VPOS="1889" HPOS="989"/>
</TextLine>
<TextLine HEIGHT="51" WIDTH="1712" VPOS="1958" HPOS="109" STYLEREFS="StyleId-1A5157A7-E2D2-43D1-B92C-B8CF477A962B-" CS="1">
<String CONTENT="&#169;" HEIGHT="51" WIDTH="51" VPOS="1958" HPOS="109"/>
<SP HEIGHT="51" WIDTH="27" VPOS="1958" HPOS="161"/>
<String CONTENT="May" HEIGHT="46" WIDTH="113" VPOS="1963" HPOS="189"/>
<SP HEIGHT="47" WIDTH="26" VPOS="1962" HPOS="303"/>
<String CONTENT="2," HEIGHT="46" WIDTH="39" VPOS="1962" HPOS="330"/>
<SP HEIGHT="45" WIDTH="29" VPOS="1963" HPOS="370"/>
<String CS="1" CONTENT="1933;" HEIGHT="40" WIDTH="112" VPOS="1962" HPOS="400"/>
<SP HEIGHT="46" WIDTH="29" VPOS="1963" HPOS="539"/>
<String CONTENT="2c." HEIGHT="39" WIDTH="68" VPOS="1963" HPOS="569"/>
<SP HEIGHT="40" WIDTH="27" VPOS="1962" HPOS="638"/>
<String CONTENT="June" HEIGHT="39" WIDTH="126" VPOS="1962" HPOS="666"/>
<SP HEIGHT="40" WIDTH="25" VPOS="1962" HPOS="793"/>
<String CONTENT="3;" HEIGHT="47" WIDTH="54" VPOS="1962" HPOS="819"/>
<SP HEIGHT="37" WIDTH="30" VPOS="1972" HPOS="874"/>
<String CONTENT="aff." HEIGHT="40" WIDTH="81" VPOS="1961" HPOS="905"/>
<SP HEIGHT="39" WIDTH="29" VPOS="1962" HPOS="987"/>
<String CONTENT="June" HEIGHT="39" WIDTH="130" VPOS="1962" HPOS="1017"/>
<SP HEIGHT="38" WIDTH="24" VPOS="1963" HPOS="1148"/>
<String CONTENT="2;" HEIGHT="44" WIDTH="54" VPOS="1963" HPOS="1173"/>
<SP HEIGHT="45" WIDTH="29" VPOS="1962" HPOS="1228"/>
<!-- cceid 44BFAB2C-6CF9-1014-A6CF-A82867D68027 --><String CONTENT="A" HEIGHT="38" WIDTH="41" VPOS="1962" HPOS="1258"/>
<SP HEIGHT="39" WIDTH="27" VPOS="1962" HPOS="1300"/>
<String CONTENT="63010;" HEIGHT="47" WIDTH="170" VPOS="1962" HPOS="1328"/>
<SP HEIGHT="47" WIDTH="32" VPOS="1962" HPOS="1499"/>
<String CONTENT="Ginn" HEIGHT="41" WIDTH="126" VPOS="1962" HPOS="1532"/>
<SP HEIGHT="40" WIDTH="29" VPOS="1964" HPOS="1659"/>
<String CONTENT="&amp;" HEIGHT="40" WIDTH="36" VPOS="1964" HPOS="1689"/>
<SP HEIGHT="40" WIDTH="26" VPOS="1964" HPOS="1726"/>
<String CONTENT="co." HEIGHT="29" WIDTH="68" VPOS="1975" HPOS="1753"/>
</TextLine>
<TextLine HEIGHT="50" WIDTH="279" VPOS="2018" HPOS="185" STYLEREFS="StyleId-1A5157A7-E2D2-43D1-B92C-B8CF477A962B-">
<String CONTENT="(33-15526)" HEIGHT="50" WIDTH="279" VPOS="2018" HPOS="185"/>
</TextLine>
<TextLine HEIGHT="67" WIDTH="817" VPOS="2123" HPOS="106" STYLEREFS="StyleId-E412D614-DE1A-442B-823A-D8833DA0B766-">
<String CONTENT="[Booth," HEIGHT="66" WIDTH="226" VPOS="2123" HPOS="106"/>
<SP HEIGHT="64" WIDTH="27" VPOS="2124" HPOS="333"/>
<String CONTENT="Walter" HEIGHT="53" WIDTH="224" VPOS="2124" HPOS="361"/>
<SP HEIGHT="53" WIDTH="28" VPOS="2125" HPOS="586"/>
<String CONTENT="Sherman]" HEIGHT="67" WIDTH="308" VPOS="2123" HPOS="615"/>
</TextLine>
<TextLine HEIGHT="71" WIDTH="1927" VPOS="2201" HPOS="171">
<String CONTENT="The" HEIGHT="53" WIDTH="119" VPOS="2201" HPOS="171"/>
<SP HEIGHT="34" WIDTH="27" VPOS="2220" HPOS="291"/>
<String CONTENT="village" HEIGHT="68" WIDTH="210" VPOS="2201" HPOS="319"/>
<SP HEIGHT="33" WIDTH="26" VPOS="2221" HPOS="530"/>
<String CONTENT="manual" HEIGHT="50" WIDTH="230" VPOS="2204" HPOS="557"/>
<SP HEIGHT="52" WIDTH="28" VPOS="2202" HPOS="788"/>
<String CONTENT="for" HEIGHT="52" WIDTH="94" VPOS="2202" HPOS="817"/>
<SP HEIGHT="46" WIDTH="26" VPOS="2208" HPOS="912"/>
<String CONTENT="the" HEIGHT="52" WIDTH="93" VPOS="2202" HPOS="939"/>
<SP HEIGHT="32" WIDTH="28" VPOS="2222" HPOS="1033"/>
<String CONTENT="state" HEIGHT="47" WIDTH="145" VPOS="2207" HPOS="1062"/>
<SP HEIGHT="32" WIDTH="27" VPOS="2222" HPOS="1208"/>
<String CONTENT="of" HEIGHT="51" WIDTH="63" VPOS="2203" HPOS="1236"/>
<SP HEIGHT="51" WIDTH="25" VPOS="2203" HPOS="1300"/>
<String CONTENT="Minnesota." HEIGHT="52" WIDTH="337" VPOS="2204" HPOS="1326"/>
<SP HEIGHT="51" WIDTH="74" VPOS="2206" HPOS="1664"/>
<String CONTENT="A" HEIGHT="51" WIDTH="55" VPOS="2206" HPOS="1739"/>
<SP HEIGHT="51" WIDTH="27" VPOS="2206" HPOS="1795"/>
<String CONTENT="complete" HEIGHT="66" WIDTH="275" VPOS="2206" HPOS="1823"/>
</TextLine>
<TextLine HEIGHT="72" WIDTH="1998" VPOS="2277" HPOS="99">
<String CONTENT="guide" HEIGHT="70" WIDTH="172" VPOS="2278" HPOS="99"/>
<SP HEIGHT="52" WIDTH="26" VPOS="2280" HPOS="272"/>
<String CONTENT="for" HEIGHT="52" WIDTH="95" VPOS="2280" HPOS="299"/>
<SP HEIGHT="35" WIDTH="22" VPOS="2297" HPOS="395"/>
<String CONTENT="village" HEIGHT="69" WIDTH="210" VPOS="2280" HPOS="418"/>
<SP HEIGHT="34" WIDTH="25" VPOS="2300" HPOS="629"/>
<String CONTENT="officers" HEIGHT="57" WIDTH="208" VPOS="2277" HPOS="655"/>
<SP HEIGHT="53" WIDTH="27" VPOS="2281" HPOS="864"/>
<String CONTENT="in" HEIGHT="53" WIDTH="59" VPOS="2281" HPOS="892"/>
<SP HEIGHT="47" WIDTH="24" VPOS="2287" HPOS="952"/>
<String CONTENT="their" HEIGHT="52" WIDTH="152" VPOS="2281" HPOS="977"/>
<SP HEIGHT="32" WIDTH="25" VPOS="2300" HPOS="1130"/>
<String CONTENT="various" HEIGHT="52" WIDTH="228" VPOS="2282" HPOS="1156"/>
<SP HEIGHT="51" WIDTH="28" VPOS="2283" HPOS="1385"/>
<String CONTENT="duties" HEIGHT="53" WIDTH="185" VPOS="2282" HPOS="1414"/>
<SP HEIGHT="33" WIDTH="26" VPOS="2302" HPOS="1600"/>
<String CONTENT="under" HEIGHT="51" WIDTH="180" VPOS="2284" HPOS="1627"/>
<SP HEIGHT="47" WIDTH="27" VPOS="2288" HPOS="1808"/>
<String CONTENT="the" HEIGHT="50" WIDTH="94" VPOS="2285" HPOS="1836"/>
<SP HEIGHT="50" WIDTH="28" VPOS="2286" HPOS="1931"/>
<String CONTENT="laws" HEIGHT="52" WIDTH="137" VPOS="2286" HPOS="1960"/>
</TextLine>
<TextLine HEIGHT="70" WIDTH="1995" VPOS="2358" HPOS="100">
<String CONTENT="of" HEIGHT="51" WIDTH="63" VPOS="2359" HPOS="100"/>
<SP HEIGHT="51" WIDTH="33" VPOS="2359" HPOS="164"/>
<String CONTENT="Minnesota." HEIGHT="54" WIDTH="341" VPOS="2358" HPOS="198"/>
<SP HEIGHT="49" WIDTH="74" VPOS="2362" HPOS="540"/>
<String CONTENT="By" HEIGHT="66" WIDTH="89" VPOS="2362" HPOS="615"/>
<SP HEIGHT="67" WIDTH="32" VPOS="2361" HPOS="705"/>
<String CONTENT="James" HEIGHT="53" WIDTH="192" VPOS="2361" HPOS="738"/>
<SP HEIGHT="51" WIDTH="34" VPOS="2363" HPOS="931"/>
<String CONTENT="D." HEIGHT="50" WIDTH="70" VPOS="2363" HPOS="966"/>
<SP HEIGHT="55" WIDTH="39" VPOS="2360" HPOS="1037"/>
<String CONTENT="Shearer" HEIGHT="56" WIDTH="242" VPOS="2359" HPOS="1077"/>
<SP HEIGHT="33" WIDTH="33" VPOS="2379" HPOS="1320"/>
<String CONTENT="and" HEIGHT="51" WIDTH="111" VPOS="2362" HPOS="1354"/>
<SP HEIGHT="53" WIDTH="37" VPOS="2362" HPOS="1466"/>
<String CONTENT="Charles" HEIGHT="53" WIDTH="234" VPOS="2362" HPOS="1504"/>
<SP HEIGHT="50" WIDTH="33" VPOS="2364" HPOS="1739"/>
<String CONTENT="R." HEIGHT="50" WIDTH="66" VPOS="2364" HPOS="1773"/>
<SP HEIGHT="50" WIDTH="37" VPOS="2366" HPOS="1840"/>
<String CONTENT="Butler." HEIGHT="51" WIDTH="217" VPOS="2365" HPOS="1878"/>
</TextLine>
<TextLine HEIGHT="69" WIDTH="1995" VPOS="2439" HPOS="101">
<String CONTENT="14th" HEIGHT="51" WIDTH="130" VPOS="2439" HPOS="101"/>
<SP HEIGHT="53" WIDTH="26" VPOS="2439" HPOS="232"/>
<String CONTENT="ed." HEIGHT="53" WIDTH="84" VPOS="2439" HPOS="259"/>
<SP HEIGHT="53" WIDTH="73" VPOS="2439" HPOS="344"/>
<String CONTENT="June," HEIGHT="67" WIDTH="168" VPOS="2439" HPOS="418"/>
<SP HEIGHT="64" WIDTH="29" VPOS="2442" HPOS="587"/>
<String CONTENT="1933." HEIGHT="49" WIDTH="149" VPOS="2442" HPOS="617"/>
<SP HEIGHT="52" WIDTH="73" VPOS="2439" HPOS="767"/>
<String CONTENT="Minneapolis," HEIGHT="68" WIDTH="403" VPOS="2439" HPOS="841"/>
<SP HEIGHT="64" WIDTH="25" VPOS="2441" HPOS="1245"/>
<String CONTENT="Minn.," HEIGHT="68" WIDTH="202" VPOS="2440" HPOS="1271"/>
<SP HEIGHT="65" WIDTH="24" VPOS="2443" HPOS="1474"/>
<String CONTENT="Walter" HEIGHT="54" WIDTH="222" VPOS="2442" HPOS="1499"/>
<SP HEIGHT="55" WIDTH="29" VPOS="2442" HPOS="1722"/>
<String CONTENT="S." HEIGHT="55" WIDTH="55" VPOS="2442" HPOS="1752"/>
<SP HEIGHT="50" WIDTH="28" VPOS="2446" HPOS="1808"/>
<String CONTENT="Booth" HEIGHT="53" WIDTH="187" VPOS="2443" HPOS="1837"/>
<SP HEIGHT="53" WIDTH="26" VPOS="2443" HPOS="2025"/>
<String CONTENT="&amp;" HEIGHT="49" WIDTH="44" VPOS="2447" HPOS="2052"/>
</TextLine>
<TextLine HEIGHT="65" WIDTH="475" VPOS="2519" HPOS="98" CS="1">
<String CONTENT="son," HEIGHT="47" WIDTH="118" VPOS="2537" HPOS="98"/>
<SP HEIGHT="65" WIDTH="23" VPOS="2519" HPOS="217"/>
<String CONTENT="inc." HEIGHT="52" WIDTH="108" VPOS="2519" HPOS="241"/>
<SP HEIGHT="33" WIDTH="31" VPOS="2551" HPOS="350"/>
<String CS="1" CONTENT="[c1933]" HEIGHT="63" WIDTH="173" VPOS="2521" HPOS="400"/>
</TextLine>
<TextLine HEIGHT="49" WIDTH="373" VPOS="2592" HPOS="171" STYLEREFS="StyleId-1A5157A7-E2D2-43D1-B92C-B8CF477A962B-" CS="1">
<String CONTENT="598" HEIGHT="40" WIDTH="86" VPOS="2593" HPOS="171"/>
<SP HEIGHT="48" WIDTH="32" VPOS="2593" HPOS="258"/>
<String CONTENT="p." HEIGHT="37" WIDTH="41" VPOS="2604" HPOS="291"/>
<SP HEIGHT="39" WIDTH="65" VPOS="2593" HPOS="333"/>
<String CS="1" CONTENT="19&#189;cm." HEIGHT="41" WIDTH="145" VPOS="2592" HPOS="399"/>
</TextLine>
<TextLine HEIGHT="53" WIDTH="1990" VPOS="2659" HPOS="108" STYLEREFS="StyleId-1A5157A7-E2D2-43D1-B92C-B8CF477A962B-" CS="1">
<String CONTENT="&#169;" HEIGHT="51" WIDTH="51" VPOS="2659" HPOS="108"/>
<SP HEIGHT="51" WIDTH="30" VPOS="2659" HPOS="160"/>
<String CONTENT="July" HEIGHT="47" WIDTH="114" VPOS="2664" HPOS="191"/>
<SP HEIGHT="48" WIDTH="27" VPOS="2663" HPOS="306"/>
<String CONTENT="6," HEIGHT="46" WIDTH="39" VPOS="2663" HPOS="334"/>
<SP HEIGHT="45" WIDTH="29" VPOS="2664" HPOS="374"/>
<String CS="1" CONTENT="1933;" HEIGHT="40" WIDTH="112" VPOS="2663" HPOS="404"/>
<SP HEIGHT="46" WIDTH="31" VPOS="2663" HPOS="544"/>
<String CONTENT="2c." HEIGHT="40" WIDTH="65" VPOS="2663" HPOS="576"/>
<SP HEIGHT="29" WIDTH="30" VPOS="2674" HPOS="642"/>
<String CONTENT="and" HEIGHT="39" WIDTH="95" VPOS="2664" HPOS="673"/>
<SP HEIGHT="39" WIDTH="28" VPOS="2664" HPOS="769"/>
<String CONTENT="aff." HEIGHT="41" WIDTH="81" VPOS="2662" HPOS="798"/>
<SP HEIGHT="39" WIDTH="30" VPOS="2664" HPOS="880"/>
<String CONTENT="July" HEIGHT="47" WIDTH="116" VPOS="2664" HPOS="911"/>
<SP HEIGHT="47" WIDTH="29" VPOS="2664" HPOS="1028"/>
<String CONTENT="10;" HEIGHT="47" WIDTH="82" VPOS="2663" HPOS="1058"/>
<SP HEIGHT="47" WIDTH="31" VPOS="2663" HPOS="1141"/>
<!-- cceid 44C01ECF-6CF9-1014-A6CF-A82867D68027 --><String CONTENT="A" HEIGHT="39" WIDTH="39" VPOS="2663" HPOS="1173"/>
<SP HEIGHT="40" WIDTH="28" VPOS="2663" HPOS="1213"/>
<String CONTENT="64260;" HEIGHT="47" WIDTH="171" VPOS="2663" HPOS="1242"/>
<SP HEIGHT="45" WIDTH="32" VPOS="2665" HPOS="1414"/>
<String CONTENT="Walter" HEIGHT="39" WIDTH="187" VPOS="2665" HPOS="1447"/>
<SP HEIGHT="39" WIDTH="32" VPOS="2666" HPOS="1635"/>
<String CONTENT="S." HEIGHT="40" WIDTH="43" VPOS="2666" HPOS="1668"/>
<SP HEIGHT="39" WIDTH="31" VPOS="2667" HPOS="1712"/>
<String CONTENT="Booth" HEIGHT="39" WIDTH="157" VPOS="2667" HPOS="1744"/>
<SP HEIGHT="39" WIDTH="29" VPOS="2667" HPOS="1902"/>
<String CONTENT="&amp;" HEIGHT="39" WIDTH="36" VPOS="2667" HPOS="1932"/>
<SP HEIGHT="40" WIDTH="29" VPOS="2667" HPOS="1969"/>
<String CONTENT="son," HEIGHT="36" WIDTH="99" VPOS="2676" HPOS="1999"/>
</TextLine>
<TextLine HEIGHT="40" WIDTH="89" VPOS="2720" HPOS="173" STYLEREFS="StyleId-1A5157A7-E2D2-43D1-B92C-B8CF477A962B-">
<String CONTENT="inc." HEIGHT="40" WIDTH="89" VPOS="2720" HPOS="173"/>
</TextLine>
<TextLine HEIGHT="71" WIDTH="1246" VPOS="2819" HPOS="99" STYLEREFS="StyleId-E412D614-DE1A-442B-823A-D8833DA0B766-">
<String CONTENT="Colby," HEIGHT="68" WIDTH="197" VPOS="2819" HPOS="99"/>
<SP HEIGHT="61" WIDTH="30" VPOS="2824" HPOS="297"/>
<String CONTENT="Charles" HEIGHT="55" WIDTH="244" VPOS="2822" HPOS="328"/>
<SP HEIGHT="54" WIDTH="27" VPOS="2825" HPOS="573"/>
<String CONTENT="Carlyle," HEIGHT="67" WIDTH="248" VPOS="2823" HPOS="601"/>
<SP HEIGHT="63" WIDTH="28" VPOS="2827" HPOS="850"/>
<String CONTENT="1884-" HEIGHT="50" WIDTH="171" VPOS="2826" HPOS="879"/>
<SP HEIGHT="35" WIDTH="210" VPOS="2840" HPOS="1051"/>
<String CONTENT="ed." HEIGHT="52" WIDTH="83" VPOS="2825" HPOS="1262"/>
</TextLine>
<TextLine HEIGHT="72" WIDTH="1826" VPOS="2901" HPOS="271" CS="1">
<String CS="1" CONTENT="&#8230;"/>
<SP/>
<String CONTENT="Geographic" HEIGHT="68" WIDTH="360" VPOS="2901" HPOS="271"/>
<SP HEIGHT="34" WIDTH="31" VPOS="2920" HPOS="632"/>
<String CONTENT="surveys." HEIGHT="50" WIDTH="249" VPOS="2920" HPOS="664"/>
<SP HEIGHT="54" WIDTH="68" VPOS="2901" HPOS="914"/>
<String CONTENT="Geographic" HEIGHT="69" WIDTH="364" VPOS="2901" HPOS="983"/>
<SP HEIGHT="33" WIDTH="31" VPOS="2922" HPOS="1348"/>
<String CONTENT="surveying" HEIGHT="70" WIDTH="308" VPOS="2902" HPOS="1380"/>
<SP HEIGHT="50" WIDTH="36" VPOS="2922" HPOS="1689"/>
<String CONTENT="[by]" HEIGHT="70" WIDTH="109" VPOS="2903" HPOS="1726"/>
<SP HEIGHT="64" WIDTH="38" VPOS="2907" HPOS="1836"/>
<String CONTENT="Vernor" HEIGHT="52" WIDTH="222" VPOS="2907" HPOS="1875"/>
</TextLine>
<TextLine HEIGHT="152" WIDTH="1993" VPOS="2979" HPOS="101" CS="1">
<String CONTENT="C." HEIGHT="54" WIDTH="61" VPOS="2979" HPOS="101"/>
<SP HEIGHT="52" WIDTH="30" VPOS="2979" HPOS="163"/>
<String CONTENT="Finch;" HEIGHT="66" WIDTH="210" VPOS="2979" HPOS="194"/>
<SP HEIGHT="65" WIDTH="32" VPOS="2980" HPOS="405"/>
<String CONTENT="Montfort&#8212;a" HEIGHT="53" WIDTH="395" VPOS="2979" HPOS="438"/>
<SP HEIGHT="34" WIDTH="28" VPOS="2999" HPOS="834"/>
<String CONTENT="study" HEIGHT="69" WIDTH="170" VPOS="2980" HPOS="863"/>
<SP HEIGHT="68" WIDTH="28" VPOS="2981" HPOS="1034"/>
<String CONTENT="in" HEIGHT="52" WIDTH="60" VPOS="2981" HPOS="1063"/>
<SP HEIGHT="52" WIDTH="27" VPOS="2981" HPOS="1124"/>
<String CONTENT="landscape" HEIGHT="68" WIDTH="305" VPOS="2981" HPOS="1152"/>
<SP HEIGHT="48" WIDTH="26" VPOS="2986" HPOS="1458"/>
<String CONTENT="types" HEIGHT="64" WIDTH="164" VPOS="2986" HPOS="1485"/>
<SP HEIGHT="53" WIDTH="27" VPOS="2982" HPOS="1650"/>
<String CONTENT="in" HEIGHT="52" WIDTH="59" VPOS="2982" HPOS="1678"/>
<SP HEIGHT="37" WIDTH="26" VPOS="3000" HPOS="1738"/>
<String CONTENT="southwestern" HEIGHT="127" WIDTH="1970" VPOS="2984" HPOS="101"/>
<SP HEIGHT="53" WIDTH="36" VPOS="3060" HPOS="200"/>
<String CONTENT="Wisconsin" HEIGHT="55" WIDTH="319" VPOS="3058" HPOS="237"/>
<SP HEIGHT="46" WIDTH="43" VPOS="3078" HPOS="557"/>
<String CS="1" CONTENT="[by]" HEIGHT="67" WIDTH="92" VPOS="3059" HPOS="617"/>
<SP HEIGHT="65" WIDTH="43" VPOS="3060" HPOS="710"/>
<String CS="1" CONTENT="Vernor" HEIGHT="34" WIDTH="166" VPOS="3077" HPOS="811"/>
<SP HEIGHT="54" WIDTH="37" VPOS="3058" HPOS="978"/>
<String CONTENT="C." HEIGHT="54" WIDTH="62" VPOS="3058" HPOS="1016"/>
<SP HEIGHT="51" WIDTH="39" VPOS="3060" HPOS="1079"/>
<String CONTENT="Finch;" HEIGHT="69" WIDTH="211" VPOS="3057" HPOS="1119"/>
<SP HEIGHT="66" WIDTH="39" VPOS="3060" HPOS="1331"/>
<String CONTENT="Magdalena" HEIGHT="68" WIDTH="346" VPOS="3060" HPOS="1371"/>
<SP HEIGHT="53" WIDTH="36" VPOS="3062" HPOS="1718"/>
<String CONTENT="Atlipac&#8212;a" HEIGHT="69" WIDTH="339" VPOS="3062" HPOS="1755"/>
</TextLine>
<TextLine HEIGHT="70" WIDTH="1994" VPOS="3137" HPOS="99">
<String CONTENT="study" HEIGHT="69" WIDTH="170" VPOS="3138" HPOS="99"/>
<SP HEIGHT="69" WIDTH="41" VPOS="3138" HPOS="270"/>
<String CONTENT="in" HEIGHT="53" WIDTH="58" VPOS="3138" HPOS="312"/>
<SP HEIGHT="48" WIDTH="39" VPOS="3143" HPOS="371"/>
<String CONTENT="terrene" HEIGHT="48" WIDTH="220" VPOS="3143" HPOS="411"/>
<SP HEIGHT="35" WIDTH="40" VPOS="3156" HPOS="632"/>
<String CONTENT="occupancy" HEIGHT="50" WIDTH="321" VPOS="3156" HPOS="673"/>
<SP HEIGHT="69" WIDTH="40" VPOS="3137" HPOS="995"/>
<String CONTENT="in" HEIGHT="53" WIDTH="59" VPOS="3137" HPOS="1036"/>
<SP HEIGHT="52" WIDTH="40" VPOS="3138" HPOS="1096"/>
<String CONTENT="Mexico" HEIGHT="55" WIDTH="223" VPOS="3137" HPOS="1137"/>
<SP HEIGHT="49" WIDTH="45" VPOS="3157" HPOS="1361"/>
<String CONTENT="[by]" HEIGHT="68" WIDTH="108" VPOS="3139" HPOS="1407"/>
<SP HEIGHT="67" WIDTH="46" VPOS="3140" HPOS="1516"/>
<String CONTENT="Robert" HEIGHT="57" WIDTH="213" VPOS="3140" HPOS="1563"/>
<SP HEIGHT="55" WIDTH="41" VPOS="3142" HPOS="1777"/>
<String CONTENT="S." HEIGHT="55" WIDTH="56" VPOS="3142" HPOS="1819"/>
<SP HEIGHT="53" WIDTH="41" VPOS="3144" HPOS="1876"/>
<String CONTENT="Platt." HEIGHT="55" WIDTH="175" VPOS="3144" HPOS="1918"/>
</TextLine>
<TextLine HEIGHT="153" WIDTH="1997" VPOS="3216" HPOS="98" CS="1">
<String CONTENT="Edited" HEIGHT="53" WIDTH="211" VPOS="3217" HPOS="101"/>
<SP HEIGHT="52" WIDTH="27" VPOS="3218" HPOS="313"/>
<String CONTENT="by" HEIGHT="67" WIDTH="74" VPOS="3218" HPOS="341"/>
<SP HEIGHT="69" WIDTH="30" VPOS="3216" HPOS="416"/>
<String CONTENT="Charles" HEIGHT="54" WIDTH="234" VPOS="3216" HPOS="447"/>
<SP HEIGHT="54" WIDTH="31" VPOS="3216" HPOS="682"/>
<String CONTENT="C." HEIGHT="54" WIDTH="61" VPOS="3216" HPOS="714"/>
<SP HEIGHT="54" WIDTH="32" VPOS="3217" HPOS="776"/>
<String CONTENT="Colby." HEIGHT="68" WIDTH="196" VPOS="3216" HPOS="809"/>
<SP HEIGHT="54" WIDTH="75" VPOS="3216" HPOS="1006"/>
<String CONTENT="Chicago," HEIGHT="70" WIDTH="270" VPOS="3216" HPOS="1082"/>
<SP HEIGHT="67" WIDTH="29" VPOS="3219" HPOS="1353"/>
<String CONTENT="Ill.," HEIGHT="68" WIDTH="113" VPOS="3219" HPOS="1383"/>
<SP HEIGHT="67" WIDTH="28" VPOS="3220" HPOS="1497"/>
<String CONTENT="Pub." HEIGHT="53" WIDTH="143" VPOS="3219" HPOS="1526"/>
<SP HEIGHT="52" WIDTH="33" VPOS="3220" HPOS="1670"/>
<String CONTENT="for" HEIGHT="54" WIDTH="93" VPOS="3220" HPOS="1704"/>
<SP HEIGHT="48" WIDTH="28" VPOS="3226" HPOS="1798"/>
<String CONTENT="the" HEIGHT="54" WIDTH="94" VPOS="3221" HPOS="1827"/>
<SP HEIGHT="54" WIDTH="30" VPOS="3224" HPOS="1922"/>
<String CONTENT="Geographic" HEIGHT="141" WIDTH="1972" VPOS="3224" HPOS="98"/>
<SP HEIGHT="33" WIDTH="26" VPOS="3315" HPOS="339"/>
<String CONTENT="society" HEIGHT="69" WIDTH="210" VPOS="3295" HPOS="366"/>
<SP HEIGHT="51" WIDTH="25" VPOS="3313" HPOS="577"/>
<String CONTENT="of" HEIGHT="52" WIDTH="65" VPOS="3295" HPOS="603"/>
<SP HEIGHT="54" WIDTH="27" VPOS="3295" HPOS="669"/>
<String CONTENT="Chicago" HEIGHT="68" WIDTH="251" VPOS="3295" HPOS="697"/>
<SP HEIGHT="53" WIDTH="25" VPOS="3295" HPOS="949"/>
<String CONTENT="by" HEIGHT="68" WIDTH="76" VPOS="3295" HPOS="975"/>
<SP HEIGHT="63" WIDTH="25" VPOS="3300" HPOS="1052"/>
<String CONTENT="the" HEIGHT="52" WIDTH="95" VPOS="3296" HPOS="1078"/>
<SP HEIGHT="53" WIDTH="27" VPOS="3296" HPOS="1174"/>
<String CONTENT="University" HEIGHT="70" WIDTH="336" VPOS="3296" HPOS="1202"/>
<SP HEIGHT="50" WIDTH="26" VPOS="3316" HPOS="1539"/>
<String CONTENT="of" HEIGHT="52" WIDTH="65" VPOS="3298" HPOS="1566"/>
<SP HEIGHT="54" WIDTH="26" VPOS="3298" HPOS="1632"/>
<String CONTENT="Chicago" HEIGHT="70" WIDTH="251" VPOS="3298" HPOS="1659"/>
<SP HEIGHT="49" WIDTH="28" VPOS="3320" HPOS="1911"/>
<String CONTENT="press" HEIGHT="49" WIDTH="155" VPOS="3320" HPOS="1940"/>
</TextLine>
<TextLine HEIGHT="63" WIDTH="170" VPOS="3379" HPOS="106">
<String CONTENT="[1933]" HEIGHT="63" WIDTH="170" VPOS="3379" HPOS="106"/>
</TextLine>
<TextLine HEIGHT="57" WIDTH="1926" VPOS="3446" HPOS="169" STYLEREFS="StyleId-1A5157A7-E2D2-43D1-B92C-B8CF477A962B-" CS="1">
<String CONTENT="xiii," HEIGHT="46" WIDTH="103" VPOS="3449" HPOS="169"/>
<SP HEIGHT="45" WIDTH="33" VPOS="3450" HPOS="273"/>
<String CONTENT="75" HEIGHT="40" WIDTH="55" VPOS="3449" HPOS="307"/>
<SP HEIGHT="47" WIDTH="33" VPOS="3449" HPOS="363"/>
<String CONTENT="p." HEIGHT="37" WIDTH="43" VPOS="3459" HPOS="397"/>
<SP HEIGHT="42" WIDTH="61" VPOS="3447" HPOS="441"/>
<String CONTENT="illus.," HEIGHT="47" WIDTH="142" VPOS="3447" HPOS="503"/>
<SP HEIGHT="35" WIDTH="35" VPOS="3459" HPOS="646"/>
<String CONTENT="maps" HEIGHT="38" WIDTH="135" VPOS="3457" HPOS="682"/>
<SP HEIGHT="48" WIDTH="26" VPOS="3446" HPOS="818"/>
<String CONTENT="(part" HEIGHT="49" WIDTH="134" VPOS="3446" HPOS="845"/>
<SP HEIGHT="40" WIDTH="32" VPOS="3447" HPOS="980"/>
<String CONTENT="fold.)" HEIGHT="47" WIDTH="145" VPOS="3446" HPOS="1013"/>
<SP HEIGHT="47" WIDTH="69" VPOS="3446" HPOS="1159"/>
<String CS="1" CONTENT="24cm." HEIGHT="38" WIDTH="56" VPOS="3448" HPOS="1229"/>
<SP HEIGHT="48" WIDTH="71" VPOS="3450" HPOS="1347"/>
<String CONTENT="(The" HEIGHT="48" WIDTH="123" VPOS="3450" HPOS="1419"/>
<SP HEIGHT="40" WIDTH="35" VPOS="3450" HPOS="1543"/>
<String CONTENT="Geographic" HEIGHT="48" WIDTH="300" VPOS="3450" HPOS="1579"/>
<SP HEIGHT="30" WIDTH="32" VPOS="3464" HPOS="1880"/>
<String CONTENT="society" HEIGHT="48" WIDTH="182" VPOS="3455" HPOS="1913"/>
</TextLine>
<TextLine HEIGHT="48" WIDTH="759" VPOS="3505" HPOS="99" STYLEREFS="StyleId-1A5157A7-E2D2-43D1-B92C-B8CF477A962B-">
<String CONTENT="of" HEIGHT="39" WIDTH="51" VPOS="3507" HPOS="99"/>
<SP HEIGHT="41" WIDTH="26" VPOS="3507" HPOS="151"/>
<String CONTENT="Chicago." HEIGHT="47" WIDTH="221" VPOS="3506" HPOS="178"/>
<SP HEIGHT="38" WIDTH="61" VPOS="3506" HPOS="400"/>
<String CONTENT="Bulletin" HEIGHT="39" WIDTH="215" VPOS="3505" HPOS="462"/>
<SP HEIGHT="28" WIDTH="26" VPOS="3516" HPOS="678"/>
<String CONTENT="no." HEIGHT="29" WIDTH="73" VPOS="3516" HPOS="705"/>
<SP HEIGHT="39" WIDTH="27" VPOS="3505" HPOS="779"/>
<String CONTENT="9)" HEIGHT="48" WIDTH="51" VPOS="3505" HPOS="807"/>
</TextLine>
<TextLine HEIGHT="57" WIDTH="1990" VPOS="3575" HPOS="104" STYLEREFS="StyleId-1A5157A7-E2D2-43D1-B92C-B8CF477A962B-">
<String CONTENT="&#169;" HEIGHT="51" WIDTH="51" VPOS="3575" HPOS="104"/>
<SP HEIGHT="51" WIDTH="30" VPOS="3575" HPOS="156"/>
<String CONTENT="May" HEIGHT="45" WIDTH="112" VPOS="3580" HPOS="187"/>
<SP HEIGHT="46" WIDTH="28" VPOS="3579" HPOS="300"/>
<String CONTENT="23," HEIGHT="45" WIDTH="68" VPOS="3579" HPOS="329"/>
<SP HEIGHT="46" WIDTH="30" VPOS="3578" HPOS="398"/>
<String CONTENT="1933;" HEIGHT="46" WIDTH="140" VPOS="3577" HPOS="429"/>
<SP HEIGHT="46" WIDTH="30" VPOS="3577" HPOS="570"/>
<String CONTENT="2c." HEIGHT="39" WIDTH="67" VPOS="3577" HPOS="601"/>
<SP HEIGHT="28" WIDTH="29" VPOS="3588" HPOS="669"/>
<String CONTENT="and" HEIGHT="38" WIDTH="95" VPOS="3577" HPOS="699"/>
<SP HEIGHT="38" WIDTH="29" VPOS="3577" HPOS="795"/>
<String CONTENT="aff." HEIGHT="41" WIDTH="81" VPOS="3575" HPOS="825"/>
<SP HEIGHT="39" WIDTH="30" VPOS="3577" HPOS="907"/>
<String CONTENT="May" HEIGHT="46" WIDTH="114" VPOS="3577" HPOS="938"/>
<SP HEIGHT="47" WIDTH="27" VPOS="3576" HPOS="1053"/>
<String CONTENT="26;" HEIGHT="47" WIDTH="84" VPOS="3575" HPOS="1081"/>
<SP HEIGHT="46" WIDTH="31" VPOS="3576" HPOS="1166"/>
<!-- cceid 44C09453-6CF9-1014-A6CF-A82867D68027 --><String CONTENT="A" HEIGHT="39" WIDTH="42" VPOS="3576" HPOS="1198"/>
<SP HEIGHT="40" WIDTH="27" VPOS="3576" HPOS="1241"/>
<String CONTENT="62776;" HEIGHT="48" WIDTH="171" VPOS="3577" HPOS="1269"/>
<SP HEIGHT="46" WIDTH="33" VPOS="3579" HPOS="1441"/>
<String CONTENT="University" HEIGHT="50" WIDTH="283" VPOS="3579" HPOS="1475"/>
<SP HEIGHT="36" WIDTH="29" VPOS="3593" HPOS="1759"/>
<String CONTENT="of" HEIGHT="40" WIDTH="51" VPOS="3583" HPOS="1789"/>
<SP HEIGHT="40" WIDTH="30" VPOS="3583" HPOS="1841"/>
<String CONTENT="Chicago," HEIGHT="48" WIDTH="222" VPOS="3584" HPOS="1872"/>
</TextLine>
<TextLine HEIGHT="49" WIDTH="571" VPOS="3633" HPOS="172" STYLEREFS="StyleId-1A5157A7-E2D2-43D1-B92C-B8CF477A962B-">
<String CONTENT="Chicago." HEIGHT="47" WIDTH="222" VPOS="3635" HPOS="172"/>
<SP HEIGHT="48" WIDTH="69" VPOS="3634" HPOS="395"/>
<String CONTENT="(33-15618)" HEIGHT="49" WIDTH="278" VPOS="3633" HPOS="465"/>
</TextLine>
<TextLine HEIGHT="64" WIDTH="481" VPOS="3739" HPOS="98" STYLEREFS="StyleId-E412D614-DE1A-442B-823A-D8833DA0B766-">
<String CONTENT="Conlon," HEIGHT="64" WIDTH="235" VPOS="3739" HPOS="98"/>
<SP HEIGHT="64" WIDTH="24" VPOS="3739" HPOS="334"/>
<String CONTENT="James." HEIGHT="53" WIDTH="220" VPOS="3739" HPOS="359"/>
</TextLine>
<TextLine HEIGHT="233" WIDTH="1999" VPOS="3813" HPOS="97" CS="1">
<String CONTENT="Federal" HEIGHT="53" WIDTH="240" VPOS="3815" HPOS="168"/>
<SP HEIGHT="50" WIDTH="34" VPOS="3815" HPOS="409"/>
<String CONTENT="tax" HEIGHT="49" WIDTH="98" VPOS="3818" HPOS="444"/>
<SP HEIGHT="49" WIDTH="36" VPOS="3832" HPOS="543"/>
<String CONTENT="procedure" HEIGHT="67" WIDTH="309" VPOS="3814" HPOS="580"/>
<SP HEIGHT="33" WIDTH="35" VPOS="3832" HPOS="890"/>
<String CONTENT="and" HEIGHT="52" WIDTH="112" VPOS="3813" HPOS="926"/>
<SP HEIGHT="52" WIDTH="36" VPOS="3813" HPOS="1039"/>
<String CONTENT="appeals;" HEIGHT="66" WIDTH="262" VPOS="3816" HPOS="1076"/>
<SP HEIGHT="48" WIDTH="39" VPOS="3834" HPOS="1339"/>
<String CONTENT="a" HEIGHT="34" WIDTH="31" VPOS="3835" HPOS="1379"/>
<SP HEIGHT="48" WIDTH="36" VPOS="3821" HPOS="1411"/>
<String CONTENT="treatise" HEIGHT="56" WIDTH="230" VPOS="3816" HPOS="1448"/>
<SP HEIGHT="34" WIDTH="35" VPOS="3839" HPOS="1679"/>
<String CONTENT="on" HEIGHT="34" WIDTH="71" VPOS="3839" HPOS="1715"/>
<SP HEIGHT="47" WIDTH="37" VPOS="3828" HPOS="1787"/>
<String CONTENT="the" HEIGHT="52" WIDTH="97" VPOS="3824" HPOS="1825"/>
<SP HEIGHT="35" WIDTH="32" VPOS="3842" HPOS="1923"/>
<String CONTENT="statutes," HEIGHT="129" WIDTH="1972" VPOS="3830" HPOS="97"/>
<SP HEIGHT="45" WIDTH="35" VPOS="3914" HPOS="235"/>
<String CONTENT="regulations," HEIGHT="69" WIDTH="366" VPOS="3892" HPOS="271"/>
<SP HEIGHT="45" WIDTH="34" VPOS="3911" HPOS="638"/>
<String CONTENT="court" HEIGHT="47" WIDTH="159" VPOS="3898" HPOS="673"/>
<SP HEIGHT="53" WIDTH="36" VPOS="3892" HPOS="833"/>
<String CONTENT="decisions," HEIGHT="68" WIDTH="293" VPOS="3890" HPOS="870"/>
<SP HEIGHT="65" WIDTH="36" VPOS="3893" HPOS="1164"/>
<String CONTENT="Board" HEIGHT="53" WIDTH="192" VPOS="3893" HPOS="1201"/>
<SP HEIGHT="52" WIDTH="35" VPOS="3894" HPOS="1394"/>
<String CONTENT="of" HEIGHT="51" WIDTH="65" VPOS="3894" HPOS="1430"/>
<SP HEIGHT="51" WIDTH="34" VPOS="3894" HPOS="1496"/>
<String CONTENT="tax" HEIGHT="48" WIDTH="98" VPOS="3899" HPOS="1531"/>
<SP HEIGHT="33" WIDTH="33" VPOS="3915" HPOS="1630"/>
<String CONTENT="appeals" HEIGHT="63" WIDTH="234" VPOS="3902" HPOS="1664"/>
<SP HEIGHT="34" WIDTH="34" VPOS="3920" HPOS="1899"/>
<String CONTENT="opinions," HEIGHT="136" WIDTH="1967" VPOS="3904" HPOS="98"/>
<SP HEIGHT="67" WIDTH="30" VPOS="3973" HPOS="238"/>
<String CONTENT="decisions," HEIGHT="67" WIDTH="291" VPOS="3971" HPOS="269"/>
<SP HEIGHT="50" WIDTH="30" VPOS="3988" HPOS="561"/>
<String CONTENT="orders" HEIGHT="52" WIDTH="191" VPOS="3971" HPOS="592"/>
<SP HEIGHT="34" WIDTH="32" VPOS="3989" HPOS="784"/>
<String CONTENT="and" HEIGHT="51" WIDTH="112" VPOS="3971" HPOS="817"/>
<SP HEIGHT="53" WIDTH="31" VPOS="3968" HPOS="930"/>
<String CONTENT="forms," HEIGHT="68" WIDTH="198" VPOS="3968" HPOS="962"/>
<SP HEIGHT="65" WIDTH="30" VPOS="3971" HPOS="1161"/>
<String CONTENT="Treasury" HEIGHT="69" WIDTH="285" VPOS="3971" HPOS="1192"/>
<SP HEIGHT="65" WIDTH="30" VPOS="3975" HPOS="1478"/>
<String CONTENT="decisions," HEIGHT="71" WIDTH="295" VPOS="3975" HPOS="1509"/>
<SP HEIGHT="66" WIDTH="29" VPOS="3980" HPOS="1805"/>
<String CONTENT="Internal" HEIGHT="57" WIDTH="261" VPOS="3980" HPOS="1835"/>
</TextLine>
</TextBlock>
</PrintSpace>
</Page>
</Layout>
</alto>