2484 4405
1080 4054 100 55 739

105 404 228 64 Norris,
364 403 244 55 Charles
640 400 250 65 Gilman,
922 405 169 50 1881-

176 481 142 67 Zest,
343 480 74 67 by
448 478 231 55 Charles
709 477 67 54 G.
806 475 215 54 Norris.
1088 474 230 54 Garden
1350 472 151 69 City,
1528 471 70 52 N.
1630 470 91 68 Y.,
1747 468 354 69 Doubleday,

108 559 194 51 Doran
330 559 45 50 &
405 574 293 49 company,
726 553 125 67 inc.,
882 556 150 50 1933.

176 625 787 51 5 p. l., 3-45 p. front. 21 cm .
179 685 162 40 “First
372 682 226 42 edition.”

112 742 51 52 ©
193 747 114 45 May
333 746 68 45 17,
429 744 113 39 1933;
598 744 67 39 2c.
694 743 95 38 and
818 741 81 39 aff.
930 742 113 46 May
1072 740 56 39 19;
1185 740 40 38 A
1253 738 142 40 62722;
1456 737 48 42 C.
1535 737 52 40 G.
1617 736 185 46 Norris,
1832 735 118 40 Palo
1980 733 125 48 Alto,

180 802 143 41 Calif.
394 799 279 50 (33-12649)
1897 790 119 42 4980

106 877 193 52 North
329 877 234 52 Dakota
591 875 111 52 and
729 874 186 52 North
944 878 238 47 western
1210 871 202 69 digest,
1440 870 269 68 covering
1738 871 76 51 all
1843 888 150 35 cases
176 886 1903 136 reported

406 953 58 52 in
492 953 185 52 North
705 952 229 52 Dakota
962 956 238 62 reports,
1228 951 186 53 North
1442 955 239 46 western
1707 951 257 65 reporter
1993 946 113 52 and

178 1033 77 52 all
279 1033 62 52 of
364 1033 94 51 the
480 1031 171 53 north
676 1036 239 47 western
936 1036 173 46 states
1134 1036 221 61 reports
1379 1029 153 51 from
1555 1028 96 51 the
1675 1026 226 53 earliest
1924 1026 182 67 times,

177 1110 140 53 with
355 1116 229 48 current
621 1109 342 52 cumulative
1000 1109 204 67 pocket
1239 1108 209 53 service
1486 1105 246 69 keeping
1769 1105 114 52 this
1922 1104 190 69 digest

179 1184 1928 73 always to date … Compiled and edited by the publisher’s
177 1267 266 53 editorial
491 1263 151 57 staff,
726 1285 50 33 v.
827 1269 187 49 33-35.
1094 1266 83 54 St.
1227 1266 165 66 Paul,
1437 1266 161 53 West
1646 1263 335 69 publishing
2029 1282 79 34 co.

203 1349 155 49 [ c 1933]
177 1422 27 40 3
237 1432 43 29 v.
340 1421 57 40 26
399 1422 43 20 cm
449 1454 8 7 .

523 1488 42 29 CONTENTS.—v.
594 1476 72 41 33.
695 1476 341 41 Sales-Set-off
1062 1478 96 38 and
1185 1476 468 40 counterclaim.—v.
1683 1473 71 41 34.
1786 1473 205 41 Sheriffs
2018 1475 97 39 and

116 1535 755 46 constables-Supersedeas.—v.
901 1532 73 41 35.
1002 1532 503 48 Taxation-Tenancy
1534 1532 50 39 in
1613 1542 229 29 common.

118 1588 51 52 ©
199 1593 113 46 May
339 1592 69 46 22,
438 1591 139 46 1933;
609 1591 66 40 2c.
705 1591 117 39 each
852 1591 127 38 June
1007 1591 81 43 13;
1121 1588 107 41 affs.
1259 1589 125 40 June
1415 1591 81 44 14;
1528 1590 42 38 A
1598 1588 348 46 63249-63251;
1980 1590 136 39 West

186 1650 106 46 pub.
322 1659 67 30 co.

113 1720 194 51 North
340 1728 239 46 western
611 1720 202 68 digest,
847 1720 269 69 covering
1150 1722 77 51 all
1260 1740 150 34 cases
1442 1720 60 52 in
1535 1722 187 51 North
1756 1727 240 47 western

184 1738 1904 128 reporter
411 1800 112 51 and
559 1801 75 50 all
668 1798 63 53 of
763 1800 95 51 the
891 1801 171 51 north
1098 1805 238 46 western
1370 1805 172 47 states
1577 1806 221 61 reports
1834 1798 153 52 from
2018 1799 96 51 the

185 1878 225 53 earliest
442 1878 182 59 times,
657 1879 140 51 with
829 1885 227 45 current
1091 1879 344 52 cumulative
1470 1879 201 68 pocket
1706 1878 210 53 service
186 1878 1903 148 keeping
318 1956 115 53 this

468 1956 1648 71 digest always to date … Compiled and edited by
186 2037 94 51 the
326 2035 339 68 publisher’s
712 2036 267 53 editorial
1025 2034 152 55 staff,
1251 2056 51 34 v.
1350 2041 187 48 33-35.
1616 2037 82 54 St.
1746 2038 166 69 Paul,
1956 2040 161 52 West

186 2113 335 70 publishing
547 2133 77 34 co.
659 2148 12 34 [
676 2121 18 20 c
699 2118 132 49 1933]

188 2189 26 39 3
244 2200 42 28 v.
344 2189 56 39 26
403 2191 43 20 cm
452 2221 8 7 .

530 2256 43 29 CONTENTS.—v.
602 2243 72 42 33.
702 2245 341 41 Sales-Set-off
1070 2248 95 38 and
1193 2247 467 40 counterclaim.—v.
1690 2246 71 41 34.
1793 2246 205 41 Sheriffs
2026 2249 96 39 and

123 2301 755 48 eonstables-Supersedeas.—v.
908 2301 73 42 35.
1009 2303 504 43 Taxation-Tenancy
1541 2305 50 39 in
1620 2314 230 30 common.

126 2350 51 56 ©
206 2359 114 47 May
347 2359 70 46 22,
446 2359 140 42 1933;
618 2359 66 42 2c.
713 2361 120 38 each
860 2360 125 40 June
1015 2361 81 45 13;
1130 2360 107 40 affs.
1269 2361 125 39 June
1424 2362 55 38 14;
1538 2362 40 38 A
1607 2361 348 47 63240-63242;
1988 2363 135 40 West

193 2415 107 47 pub.
329 2426 66 30 co.

122 2488 283 66 Orchard,
433 2489 255 56 William
718 2490 226 67 Edwin,
976 2494 171 54 1877-

195 2566 173 55 From
397 2567 152 54 faith
578 2576 58 47 to
664 2569 181 68 faith;
879 2589 71 34 an
979 2571 462 69 autobiography
1468 2572 63 54 of
1559 2572 270 69 religious
126 2574 1968 137 development,

325 2646 75 67 by
431 2648 90 52 W.
553 2648 69 51 E.
657 2646 279 55 Orchard.
1004 2649 141 53 New
1179 2650 163 53 York
1376 2652 112 51 and
1520 2652 258 65 London,
1812 2652 231 67 Harper
2075 2655 46 50 &

124 2724 275 65 brothers,
430 2728 151 49 1933.

198 2795 531 51 4 p. l., 310 p. 21cm.
203 2851 160 42 “First
392 2853 226 41 edition.”

131 2904 51 52 ©
211 2910 114 47 May
350 2910 69 46 12,
447 2910 113 40 1933;
616 2911 66 40 2c.
713 2912 113 47 May
854 2912 55 40 13;
967 2912 81 40 aff.
1079 2914 114 47 May
1222 2914 53 39 15;
1334 2915 40 38 A
1403 2915 143 39 62644;
1606 2916 193 47 Harper
1827 2917 37 40 &
1891 2918 124 40 bros.

211 2965 278 49 (33-12918)

128 3038 231 65 Oregon
397 3041 185 69 digest
620 3045 326 66 annotated,
986 3047 132 50 1853
1157 3052 58 46 to
1254 3047 147 60 date,
1437 3049 267 69 covering
1740 3052 77 50 all
1855 3069 149 35 cases

198 3070 1900 115 reported
431 3121 61 51 in
523 3120 229 69 Oregon
781 3127 221 63 reports
1035 3125 112 51 and
1180 3123 212 58 Pacific
1420 3133 274 64 reporter,
1726 3129 140 53 with
1898 3137 228 47 current

199 3198 341 53 cumulative
572 3201 203 66 pocket
805 3202 210 53 service
1046 3203 246 70 keeping
1321 3206 95 52 the
1448 3207 186 68 digest
1664 3209 210 68 always
1906 3216 59 47 to
1995 3211 130 53 date

262 3274 1863 77 … Compiled and edited by the publisher’s editorial staff,
199 3371 50 36 v.
278 3353 47 53 7.
366 3354 604 73 Mayhem-Pleading.
1049 3360 118 54 San
1195 3364 320 57 Francisco,
1545 3366 582 73 Bancroft-Whitney

202 3449 78 35 co.;
344 3433 82 54 St.
456 3435 164 65 Paul,
645 3436 159 53 West
832 3438 336 70 publishing
1195 3460 78 34 co.
1307 3475 12 33 [
1326 3448 17 20 c
1348 3445 132 49 1933
1488 3475 11 33 ]

204 3517 41 31 v,
274 3506 85 40 810
387 3518 41 36 p.
485 3506 116 41 26cm.

141 3557 51 52 ©
222 3563 113 47 May
361 3563 69 46 24,
459 3563 139 47 1933;
629 3565 66 40 2c.
724 3567 125 39 June
877 3568 81 46 13;
989 3568 83 41 aff.
1100 3570 125 40 June
1255 3573 81 45 14;
1367 3573 40 38 A
1437 3573 169 47 63233;
1638 3575 137 41 West
1802 3578 108 46 pub.
1940 3589 67 29 co.
2037 3581 95 39 and

208 3619 483 49 Bancroft-Whitney
718 3634 65 28 co.

136 3693 219 66 Parrel,
385 3695 224 56 Gérard
636 3700 88 64 de,
754 3705 170 51 1883-

272 3772 1863 81 … La rééducation de l’ouïe chez les sourds, les sourd-muets
143 3850 1994 85 et les durs d’oreille, par G. de Parrel … Avec 43 figures et
144 3924 263 55 tableaux
436 3930 141 52 dans
606 3930 50 52 le
688 3937 166 47 texte.
922 3934 185 68 Paris,
1138 3935 69 54 G.
1238 3938 155 52 Doin
1423 3940 46 49 &
1499 3958 27 35 ci
1545 3946 19 21 e
1568 3984 12 23 ,
1615 3945 149 50 1932.
