2582 4453
1407 4109 99 50 808

444 426 200 66 Voigt,
674 425 291 65 Anthony
993 425 70 56 R.

515 502 123 54 The
660 521 134 35 man
819 502 113 53 and
955 502 97 53 the
1073 508 147 63 post,
1243 502 74 68 by
1339 501 281 68 Anthony
1704 544 10 10 R.
1740 501 195 67 Voigt.
2000 500 320 67 [Portland,
2344 499 118 67 Or.,

445 581 242 54 Printed
719 581 72 67 by
824 581 69 52 A.
926 580 66 52 E.
1028 580 159 51 Kern
1220 581 44 49 &
1296 597 98 49 co.,
1424 585 17 22 c
1448 580 132 51 1933]

520 655 85 42 153
648 666 44 39 p.
752 653 137 43 front.
933 653 174 50 (port.)
1176 652 57 43 20½
1266 655 44 22 cm
1314 685 10 10 .

451 723 1998 109 © May 17, 1933; 2c. May 23; aff. June 5; A 62891; A. R. Voigt. Portland, Or. (33-14290)
443 886 380 67 Wellington,
853 888 242 65 Joseph,
1129 891 172 52 1888-

518 967 124 52 The
697 966 168 69 glory
922 965 64 54 of
1045 965 407 67 womanhood;
1514 963 239 70 Empire
1811 967 148 50 state
2017 961 329 55 federation
2402 962 66 55 of

450 1044 263 55 women’s
744 1044 130 54 club
908 1045 253 67 address,
1193 1043 402 69 Middletown,
1626 1043 140 53 New
1800 1042 184 70 York,
2017 1040 143 72 July
2196 1045 83 65 12,
2314 1044 155 66 1932,

446 1123 77 70 by
564 1123 220 70 Joseph
824 1123 380 70 Wellington,
1303 1166 10 10 M.
1394 1165 10 11 D.
1483 1120 369 55 Publication
1894 1121 314 68 sponsored
2253 1121 75 70 by
2372 1121 96 53 the

448 1199 2021 70 Book-lover’s club of New York, inc. … New York city, The
447 1283 247 53 Hebbon
720 1281 148 54 book
895 1287 168 63 store,
1089 1287 18 22 c
1113 1283 151 51 1932.

518 1355 56 41 16
606 1367 44 38 p.
709 1355 57 40 22
770 1358 45 21 cm
819 1389 8 7 .

451 1424 53 52 ©
541 1430 112 39 Dec.
689 1429 70 46 21,
798 1427 141 42 1932;
979 1427 66 40 2c.
1085 1428 95 38 and
1219 1425 82 42 aff.
1341 1427 113 47 Apr.
1493 1426 69 47 20,
1601 1425 141 41 1933:
1782 1426 41 38 A
1861 1426 171 46 61424;
2074 1426 44 40 J.
2157 1424 311 48 Wellington,

520 1487 118 39 New
669 1486 145 40 York.
886 1483 283 49 (33-13904)

444 1590 339 64 Wethered,
813 1590 200 64 Joyce.

517 1665 1950 72 Golfing memories and methods, by Joyce Wethered … with
447 1751 68 49 54
538 1746 402 55 illustrations.
1017 1747 262 69 London,
1303 1747 371 54 Hutchinson
1699 1750 47 51 &
1770 1765 100 49 co.,
1895 1746 104 54 ltd.
2053 1748 152 65 [1933]

520 1823 88 41 255
635 1834 43 37 p.
707 1823 110 40 incl.
845 1821 137 42 front.
1053 1824 158 47 plates
1240 1822 136 49 (part
1404 1821 146 49 fold.)
1587 1824 150 46 ports.
1793 1821 58 41 22
1852 1824 45 21 cm
1901 1851 10 11 .

454 1890 2002 109 © 1c. May 13, 1933; A ad int. 17792; pubd. Mar. 17; J. Wethered, Witley, Surrey, England. (33-14662)
445 2054 172 67 Wild,
645 2055 248 58 Roland.

521 2133 319 54 Extension
873 2133 189 69 night,
1098 2153 30 33 a
1166 2134 167 52 novel
1367 2134 75 69 by
1477 2133 230 54 Roland
1741 2132 179 56 Wild.
1999 2132 279 69 [London]
2321 2133 147 53 Rich

449 2214 46 51 &
523 2211 232 70 Cowan,
782 2212 104 54 ltd.
943 2214 154 67 [1933]

520 2285 718 52 4 p. l., 11-317, [1] p. 19 cm .
453 2355 2016 53 © 1c. May 15, 1933; A ad int. 17795; pubd. Mar. 20; R. G. Wild, London.
531 2417 257 47 (33-14142)

446 2519 243 68 Wilson,
721 2522 186 55 Grace
937 2523 277 64 Hannah,
1247 2527 170 51 1888-

521 2599 120 53 The
697 2597 271 70 religious
1020 2600 111 53 and
1185 2599 360 54 educational
1598 2599 345 69 philosophy
1995 2599 63 53 of
2108 2599 96 54 the
2259 2598 211 69 Young

450 2677 263 54 women’s
741 2677 296 54 Christian
1065 2676 368 67 association;
1464 2698 32 33 a
1521 2677 295 55 historical
1842 2677 173 69 study
2043 2677 64 54 of
2133 2679 96 52 the
453 2678 1993 146 changing
595 2754 272 70 religious
907 2756 111 53 and
1061 2754 173 55 social
1275 2756 295 68 emphases
1610 2757 64 52 of
1715 2757 96 54 the
1854 2754 334 57 association
2233 2776 61 35 as
2334 2756 132 68 they

449 2832 2020 228 relate to changes in its educational philosophy and to observable trends in current religious thought, educational philosophy, and social situations, by Grace H. Wilson … Professor
451 3068 65 51 F.
549 3068 210 54 Ernest
788 3069 279 69 Johnson,
1094 3087 251 51 sponsor.
1413 3069 138 54 New
1581 3069 162 53 York
1772 3070 134 69 city,
1932 3070 279 54 Teachers
2240 3070 228 68 college,

453 3145 301 56 Columbia
787 3146 338 68 university,
1159 3151 150 49 1933.

455 3219 1994 109 4 p. l., 156 p. 23½ cm) . (Teachers college, Columbia university. Contributions to education, no. 554)
525 3351 171 39 Issued
724 3351 104 39 also
857 3361 54 29 as
939 3350 153 41 thesis
1129 3351 109 47 (PH.
1298 3350 36 47 D.)
1371 3351 252 41 Columbia
1652 3351 287 48 university.

527 3404 379 52 Bibliography:
938 3420 42 37 p.
1014 3407 217 43 149-156.

456 3474 53 52 ©
544 3479 112 48 Apr.
694 3480 39 46 6,
770 3480 139 42 1933;
947 3481 67 38 2c.
1050 3482 113 45 Apr.
1201 3482 81 41 14;
1321 3480 82 42 aff.
1441 3481 113 48 Apr.
1590 3481 82 46 20;
1711 3482 40 38 A
1787 3482 171 46 61400;
1997 3482 242 40 Teachers
2276 3483 192 47 college,

525 3536 252 41 Columbia
813 3537 129 41 univ.
1015 3538 282 46 (33-14286)

474 3638 241 67 [Wilson,
744 3641 223 54 Robert
997 3641 265 69 McNair]
1299 3647 171 50 1882-

525 3717 1944 74 The loving cup, by Anthony Wynne [pseud.] … London.
454 3794 367 56 Hutchinson
851 3797 46 50 &
925 3815 99 52 co.,
1052 3799 103 52 ltd.
1212 3801 153 66 [1933]

524 3868 623 51 3 p. l., 11-319 p. 19 cm .
458 3937 2009 58 © 1c. May 17, 1933; A ad int. 17800; pubd. Mar. 24; J. B. Lippincott co.,
528 3999 354 49 Philadelphia.
955 4002 282 49 (33-14144)
