2575 4405
1113 4113 97 49 139

226 545 1306 52 1 l., [421]-862, xxviii, 44 p. illus., ports. 21½ cm .
152 614 58 60 .©
246 618 109 40 Dec.
391 619 38 42 8,
465 616 113 41 1932;
643 619 67 37 2c.
745 618 95 39 ami
876 628 81 29 aff.
995 618 109 39 Jan.
1138 617 70 46 30,
1247 617 138 46 1933;
1424 617 38 39 A
1529 617 142 47 59196;
1712 615 257 48 Sovereign
2007 617 152 45 grand

225 675 150 48 lodge,
410 676 33 37 I.
476 676 51 38 O.
560 676 51 38 O.
647 674 63 48 F.,
742 673 284 41 Baltimore.

150 785 226 53 Oxford
403 786 113 52 and
545 784 281 64 Asquith,
853 786 239 63 Margot
1117 782 280 66 Asquith,
1424 791 257 48 countess
1708 786 79 67 of.

224 862 153 52 More
411 861 310 68 memories,
749 862 74 69 by
854 862 163 53 Lady
1049 862 247 56 Oxford.
1378 862 366 67 [Instalment
1769 862 50 68 7]

262 938 55 38 (In
346 933 200 43 London
574 934 201 50 Sunday
806 933 162 50 times,
999 934 113 41 Dec.
1145 933 70 49 18,
1247 934 144 49 1932)

157 1004 52 53 ©
240 1009 64 40 1c.
342 1009 104 39 Feb.
478 1009 67 46 11,
575 1008 139 43 1933;
747 1008 39 39 A
817 1009 58 38 ad
910 1007 85 40 int.
1028 1007 169 45 17452;
1231 1007 141 48 pubd.
1406 1009 112 39 Dec.
1550 1008 68 45 18,
1651 1009 140 45 1932;
1827 1010 167 37 Emma
2029 1008 133 40 Alice

227 1067 248 45 Margaret
503 1066 223 39 Tennant
755 1065 224 48 Asquith,
1010 1068 225 37 countess
1266 1065 51 39 of
1348 1065 187 40 Oxford
1568 1067 94 38 and
1694 1065 223 48 Asquith,
1951 1067 212 39 London.

150 1170 176 63 Page,
359 1168 252 55 William
644 1170 277 63 Herbert,
954 1171 83 52 ed.

221 1246 200 69 Page’s
449 1246 151 55 Ohio
628 1247 345 52 cumulative
1002 1247 187 68 digest
1216 1247 229 68 service,
1473 1246 300 71 including
1801 1265 70 35 an
1901 1247 172 54 index
2099 1251 58 49 to

151 1326 150 52 Ohio
334 1327 147 67 legal
517 1325 368 68 periodicals;
923 1326 149 55 table
1103 1325 62 52 of
1197 1344 150 35 cases
1377 1325 288 69 digested;
1701 1325 114 54 and
1847 1345 33 34 a
1909 1326 154 54 table
2094 1325 64 55 of

150 1424 149 33 cases
342 1405 315 57 overruled,
699 1402 268 60 aitirmed,
1010 1405 288 68 followed,
1339 1410 102 48 etc.
1518 1405 484 71 Supplementing
2044 1406 114 53 and

151 1482 337 69 continuing
521 1482 199 69 Page’s
754 1482 151 55 Ohio
940 1482 187 69 digest
1161 1484 110 51 and
1308 1483 94 54 the
1434 1485 311 52 Decennial
1778 1486 378 68 supplement.

151 1560 1984 151 Edited by Carl Louis Meier … George C. Trautwein, managing
278 1640 1879 70 editor. No. 12, 1933 … Cincinnati, The W. H. Anderson
150 1724 488 65 company [ c 1933]
224 1796 86 39 144
337 1807 41 37 p.
437 1796 59 39 20
496 1797 44 20 cm
546 1827 7 8 .

159 1862 52 53 ©
243 1868 110 39 Jan.
384 1867 69 46 31,
488 1867 140 46 1933;
663 1868 66 38 2c.
763 1867 95 39 and
925 1865 49 40 aff.
1013 1866 106 40 Feb.
1154 1866 51 46 1;
1241 1865 40 40 A
1314 1866 170 47 59231;
1521 1868 71 40 W.
1678 1896 8 9 H.
1721 1868 251 40 Anderson
2009 1881 68 29 co.

179 1969 312 67 [Pi͡eshkov,
526 1969 182 53 Aleksi͡eǐ
822 1968 451 69 Maksīmovīch]
1316 1974 169 51 1868-

228 2048 155 67 Days
427 2048 138 52 with
610 2046 199 67 Lenin,
854 2046 73 68 by
969 2045 220 54 Maxim
1237 2045 196 70 Gorky
1542 2046 151 53 [pseud.]
1800 2044 136 54 New
1985 2043 178 69 York,

160 2123 410 55 International
607 2121 321 71 publishers
966 2157 11 35 [
984 2130 17 21 c
1008 2126 151 65 1932]

224 2194 55 41 64
308 2205 42 38 p.
408 2194 57 41 20
467 2196 44 22 cm
515 2227 9 9 .

159 2264 52 54 ©
242 2270 109 40 Dec.
379 2270 39 47 5,
448 2270 139 46 1932;
617 2270 65 40 2c.
713 2270 110 39 Dec.
854 2270 81 46 16;
966 2269 83 40 aff.
1077 2269 111 40 Jan.
1217 2270 80 46 13;
1329 2270 38 38 A
1397 2268 170 48 57955;
1603 2270 257 40 Internatl.
1890 2268 160 49 pubrs.
2081 2277 82 35 co.,

228 2326 88 40 inc.
388 2326 252 50 (33-3725)

157 2428 318 55 Probation
506 2430 112 53 and
647 2429 264 53 criminal
941 2429 232 68 justice;
1206 2449 187 49 essays
1423 2429 58 53 in
1510 2430 183 53 honor
1720 2430 64 53 of
1813 2429 254 55 Herbert
2096 2431 61 54 C.

229 2507 1908 146 Parsons, edited by Sheldon Glueck … New York, The Macmillan company, 1933.
228 2659 99 47 viii,
365 2660 85 41 344
488 2671 43 37 p.
596 2659 57 40 22½
685 2662 15 21 cm
735 2691 7 8 .

231 2715 318 42 “Footnotes”
579 2719 51 37 at
658 2717 90 39 end
778 2715 55 41 of
859 2716 117 40 each
1007 2715 216 48 chapter.

508 2794 92 18 CONTENTS.—I.
641 2771 319 47 Significance
999 2773 94 39 and
1134 2773 122 47 legal
1296 2772 312 47 background
1648 2771 52 40 of
1739 2771 283 48 probation:
2064 2772 101 42 The

159 2829 307 49 significance
500 2830 95 39 and
630 2829 209 48 promise
871 2828 52 41 of
956 2827 268 51 probation,
1262 2828 57 49 by
1358 2829 210 40 Sheldon
1604 2828 195 41 Glueck.
1866 2830 139 39 Some
2040 2829 122 47 legal

161 2887 238 48 problems
435 2885 159 42 raised
633 2885 57 48 by
727 2885 270 49 probation,
1035 2886 59 47 by
1134 2885 41 41 S.
1216 2886 53 40 B.
1308 2886 337 40 Warner.—II.
1682 2883 348 48 Organization
2068 2885 94 40 and

160 2942 397 41 administration
585 2943 52 40 of
664 2941 283 49 probation:
979 2940 348 49 Organization
1356 2942 51 40 of
1435 2953 25 29 a
1491 2941 257 49 probation
1776 2942 144 48 office,
1950 2942 59 48 by
2039 2943 52 39 E.
2121 2942 43 43 J.

161 2999 186 49 Cooley.
412 3000 237 41 Selection
682 3001 95 39 and
814 2999 215 49 training
1060 2999 52 41 of
1142 3000 253 48 probation
1432 3000 196 47 officers,
1663 3000 58 47 by
1758 3001 51 38 B.
1845 3000 45 40 J.
1925 3000 241 48 Fagan.—

223 3087 10 9 III.
264 3057 100 40 The
395 3056 229 48 granting
653 3057 52 40 of
737 3056 284 49 probation:
1055 3056 102 41 The
1189 3055 113 41 trial
1336 3055 188 50 judge’s
1557 3055 242 49 dilemma,
1833 3069 26 29 a
157 3054 1990 106 criminologist’s
330 3112 134 47 view,
502 3112 58 47 by
597 3111 241 41 Thorsten

880 3110 162 42 Sellin.
1107 3110 102 42 The
1247 3110 114 41 trial
1401 3110 189 49 judge’s
1627 3111 241 47 dilemma,
1908 3123 25 28 a
1974 3111 189 49 judge’s

162 3169 133 48 view,
330 3169 60 48 by
422 3170 45 41 J.
501 3170 55 40 N.
593 3170 324 40 Ulman.—IV.
953 3170 100 39 The
1088 3172 77 38 art
1200 3170 53 40 of
1288 3168 283 50 probation:
1608 3170 101 39 The
1745 3180 110 30 case
1891 3168 188 50 history
2115 3169 50 41 in

163 3226 252 49 probation
448 3226 197 48 service,
679 3227 60 46 by
773 3227 54 40 R.
863 3227 60 40 H.
957 3225 178 41 Ferris.
1196 3226 101 40 Tile
1331 3226 148 40 social
1515 3226 229 40 worker’s
1780 3224 256 50 technique
2069 3228 94 39 and

164 3283 265 47 probation,
473 3284 58 46 by
575 3283 137 41 Hans
755 3283 168 41 Weiss.
994 3282 229 49 Analytic
1267 3282 281 49 psychiatry
1592 3283 95 40 and
1732 3281 328 50 criminology,
2105 3283 60 48 by

159 3338 219 41 Bernard
408 3338 310 41 Glueck.—V.
747 3336 200 42 Growth
979 3339 93 39 and
1102 3339 167 40 extent
1299 3337 52 41 of
1379 3336 283 48 probation:
1695 3337 103 41 The
1828 3338 335 48 development

162 3397 50 38 of
251 3396 254 47 probation
543 3396 47 39 in
632 3396 79 40 the
752 3396 175 41 United
969 3396 177 48 States,
1186 3396 59 47 by
1285 3395 47 42 C.
1375 3396 50 40 L.
1464 3394 168 43 Chute.
1700 3396 101 42 The
1840 3397 188 47 growth
2068 3396 95 40 and

163 3453 164 39 future
359 3453 53 39 of
443 3453 81 39 the
556 3453 186 39 federal
777 3451 255 50 probation
1066 3452 195 48 system,
1298 3452 58 48 by
1393 3452 211 41 Sanford
1638 3453 162 40 Bates.
1864 3453 100 39 The
1998 3455 165 38 extent

159 3508 93 39 and
285 3508 210 46 practice
524 3507 52 41 of
607 3507 254 47 probation
895 3508 45 39 in
975 3507 236 48 England,
1241 3506 61 48 by
1337 3506 76 41 Sir
1446 3506 71 41 W.
1549 3508 48 40 C.
1633 3507 130 47 Hall,
1796 3508 66 40 kt.
1926 3508 101 40 The
164 3517 1980 88 probation
353 3569 178 43 system
561 3565 47 40 in

637 3566 198 44 France,
863 3566 58 47 by
949 3564 152 41 Ilenri
1131 3565 173 41 Rollet.
1363 3564 299 42 Substitutes
1690 3566 78 39 for
1796 3563 367 50 imprisonment

163 3622 46 39 in
243 3620 233 49 Belgium,
510 3623 57 47 by
602 3622 116 40 Paul
755 3622 516 42 Cornil.—Protective
1304 3621 303 50 supervision
1640 3623 51 40 of
1724 3622 242 43 offenders
2000 3623 46 40 in
2083 3622 81 43 the

164 3681 208 38 German
399 3679 123 48 legal
551 3683 195 45 system,
773 3680 61 48 by
863 3680 138 41 Hans
1028 3690 43 31 v.
1099 3677 195 48 Ilentig.

165 3737 52 60 ©
247 3751 108 40 Jan.
384 3750 70 41 31.
483 3750 139 46 1933;
652 3750 68 41 2c.
748 3751 94 38 and
873 3750 82 40 aff.
986 3750 109 39 Feb.
1127 3751 15 36 1;
1209 3751 38 38 A
1277 3749 143 40 59212;
1481 3751 280 40 Macmillan
1793 3762 67 30 co.

242 3804 250 49 (33-3706)
1983 3805 89 42 963

160 3905 218 53 Punch,
456 3927 47 35 v.
538 3913 112 55 183,
679 3929 87 33 no.
795 3909 154 61 4773,
978 3912 133 52 Dec.
1139 3913 83 64 28,
1254 3913 149 49 1932.

166 3984 52 53 ©
260 3990 14 37 1c.
366 3989 105 39 Feb.
512 3990 69 44 27,
622 3985 139 47 1933;
802 3990 39 39 A
883 3990 60 39 ad
984 3989 86 41 int.
1110 3989 169 47 17535;
1324 3991 140 47 pubd.
1507 3991 111 40 Dec.
1657 3991 69 46 28,
1769 3989 140 48 1932;
1953 3989 209 40 Herbert

234 4045 231 48 Heather,
496 4046 209 40 London.
