2582 4453
1358 4095 102 51 658

391 506 339 62 permanent
758 505 203 50 nature
990 503 341 67 completely
1361 503 329 68 annotated,
1719 502 76 69 by
1822 503 96 52 the
1947 503 268 53 editorial
2244 501 162 58 staffs

392 579 63 52 of
514 581 96 52 the
670 579 342 70 publishers.
1088 580 244 54 Volume
1392 598 85 34 hi.
1556 580 485 71 Charlottesville,
2099 584 127 69 Va.,
2285 584 124 53 The

392 658 212 53 Michie
638 677 310 52 company;
983 660 326 66 Kochester,
1341 662 72 53 N.
1447 662 90 66 Y.,
1564 661 126 53 The
1721 663 270 66 Lawyers
2023 663 384 68 co-operative

391 736 878 72 publishing company [ c 1933]
461 826 531 49 3 p. l., 792 p. 24 cm .
397 893 2015 54 © June 1, 1933; 2c. and aff. June 2; A 61995; Lawyers co-operative
466 954 109 49 pub.
605 965 68 30 co.
704 955 97 39 and
831 954 178 40 Michie
1039 964 68 31 co.

391 1056 303 68 Merriam,
726 1058 247 56 Charles
1004 1058 275 65 Edward,
1312 1061 172 54 1874-

465 1139 122 54 The
621 1143 375 63 government
1030 1137 64 53 of
1127 1138 95 52 the
1255 1138 409 68 metropolitan
1698 1138 199 70 region
1932 1139 64 54 of
2032 1141 270 69 Chicago,
2336 1142 75 69 by

397 1216 2015 73 Charles E. Merriam … Spencer D. Parratt … [and] Albert
394 1296 2017 72 Lepawsky … Chicago, Ill., The University of Chicago press
400 1381 173 65 [1933]

467 1464 119 48 xxii,
606 1462 85 42 193
709 1472 43 38 p.
770 1462 111 41 incl.
900 1473 153 37 maps,
1105 1462 151 41 front.
1309 1461 55 40 21
1368 1463 44 22 cm
1418 1494 9 8 .
1512 1463 279 48 (Half-title:
1817 1461 158 43 Social
2001 1463 186 41 science
2211 1465 200 49 studies,

397 1522 217 41 directed
646 1523 61 46 by
741 1522 81 39 the
859 1521 159 40 Social
1051 1520 187 41 science
1272 1520 226 40 research
1532 1520 276 41 committee
1842 1521 52 40 of
1927 1521 81 40 the
2043 1521 284 50 University
2361 1523 53 41 of

398 1579 224 49 Chicago,
683 1590 77 30 no.
911 1577 14 49 XXVI)

399 1647 2016 53 © Jan. 24, 1933; 2c. May 2; aff. Apr. 29; A 61554: University of Chicago,
469 1709 224 48 Chicago.
765 1707 284 49 (33-11818)

393 1814 216 64 Moats,
641 1811 164 56 Alice
834 1813 215 57 Leone.

530 1890 1883 70 … No nice girl swears, with a foreword by Edna Woolman
399 1969 1336 69 Chase … New York, A. A. Knopf, 1933.
467 2071 45 37 x,
542 2058 101 50 185,
675 2059 56 50 [1]
763 2068 44 39 p.
868 2055 58 43 19½
956 2058 45 22 cm
1005 2090 9 9 .

471 2131 164 40 “First
660 2128 230 42 edition.”

402 2199 2015 52 © Apr. 28, 1933; 2c. Apr. 29: aff. May 2, A 61578; Alice-Leone Moats,
469 2260 117 40 New
616 2260 145 40 York.
834 2258 282 49 (33-11965)

396 2364 268 65 Moench,
694 2365 57 54 S.
781 2364 85 66 L.,
897 2382 181 50 comp.

470 2443 240 53 Tribute
746 2450 58 46 to
839 2444 270 65 mothers,
1146 2441 283 69 compiled
1466 2446 113 51 and
1616 2442 189 53 edited
1843 2442 75 68 by
1955 2443 58 56 S.
2050 2444 64 51 L.
2154 2444 259 52 Moench.

401 2522 429 68 Philadelphia,
856 2523 121 65 Pa.,
1004 2523 122 52 The
1152 2523 197 52 House
1376 2520 64 53 of
1471 2521 57 56 S.
1555 2522 327 67 Heymann,
1911 2524 151 52 1933.

471 2609 57 41 99
549 2619 43 38 p.
652 2608 56 41 23
711 2610 44 22 cm
761 2641 8 7 .

475 2681 106 39 “All
604 2680 53 41 of
678 2680 136 40 these
837 2690 164 38 poems
1024 2690 84 29 are
1133 2680 60 47 by
1216 2680 137 48 poets
1375 2690 108 31 now
1507 2678 536 49 living.”—Foreword.

403 2748 2014 53 © Apr. 6, 1933; 2c. Apr. 12; aff. Apr. 22; A 62331; Samuel Heymann,
473 2810 148 47 doing
655 2809 224 41 business
915 2820 55 29 as
1007 2810 101 39 The
1146 2810 149 39 house
1334 2809 51 40 of
1425 2809 196 40 Samuel
1661 2809 272 48 Heymann,
1972 2806 358 49 Philadelphia.

484 2867 282 48 (33-11743)

399 2972 279 65 Murphy,
710 2972 228 64 George
969 2972 59 56 S.

471 3047 1949 71 The policeman’s guide, by Lt. George S. Murphy … with
402 3125 2018 71 an introduction by Thomas J. Wolfe … [Jersey City, N. J.,
402 3205 198 55 Union
623 3205 267 71 printing
916 3223 300 51 company]
1252 3207 152 51 1933.

470 3292 271 50 148 p. 21½ cm.
479 3365 143 41 “Also
652 3365 219 40 includes
902 3375 62 30 an
994 3374 143 37 essay
1168 3365 139 47 ‘Why
1337 3375 27 29 a
1393 3363 271 49 policeman
1695 3364 174 40 should
1903 3364 142 40 know
2073 3364 77 41 his
2181 3363 241 48 duty’.”—

406 3421 127 42 Pref.

409 3490 2013 53 © May 1, 1933; 2c. and aff. May 2; A 61584; G. S. Murphy, Jersey
477 3551 124 48 City,
633 3553 56 38 N.
723 3552 43 40 J.
838 3551 282 49 (33-11995)

403 3654 402 65 Odd-fellows,
833 3657 405 63 Independent
1264 3657 173 51 order
1463 3656 81 52 of.
1620 3656 317 68 Sovereign
1961 3657 187 68 grand
2173 3656 185 68 lodge.

475 3732 239 53 Manual
743 3730 64 56 of
835 3731 134 57 Odd
1000 3731 346 70 fellowship.
1414 3733 335 68 Baltimore,
1780 3732 142 69 Md.,
1952 3733 121 53 The
2104 3731 315 73 Sovereign

405 3813 186 67 grand
618 3812 186 68 lodge,
829 3811 49 53 I.
905 3810 68 56 O.
1002 3810 68 57 O.
1097 3812 66 53 F.
1197 3844 14 35 [
1215 3817 18 23 c
1239 3812 152 68 1933]

478 3897 48 41 91
567 3909 43 38 p.
674 3898 56 41 10½
762 3900 44 23 cm
812 3932 8 9 .

411 3968 51 52 ©
500 3972 107 40 Feb.
642 3972 67 46 18,
743 3972 140 46 1933;
919 3973 66 39 2c.
1021 3974 122 38 Mar.
1178 3972 81 46 29;
1296 3971 82 41 aff.
1413 3973 122 39 Mar.
1568 3971 83 47 30;
1687 3972 40 38 A
1760 3971 172 46 60852;
1972 3970 260 50 Sovereign
2266 3970 155 50 grand

478 4029 152 47 lodge,
663 4030 35 38 I.
729 4029 52 40 O.
812 4029 52 41 O.
894 4030 51 39 F.
1016 4028 282 49 (33-11997)
