2582 4453
1386 4123 64 48 964

397 448 246 64 Burton,
674 447 190 57 Miles.

468 526 270 67 Tragedy
764 532 57 47 at
847 525 96 52 the
971 526 315 53 thirteenth
1314 525 127 52 hole
1474 524 110 69 [by]
1616 524 169 53 Miles
1815 525 240 50 Burton.
2152 522 260 66 London,

398 604 143 54 Pub.
585 604 93 53 for
716 604 95 53 the
851 603 192 54 Crime
1081 604 146 54 club,
1266 604 122 64 ltd.,
1423 604 76 64 by
1535 604 90 53 W.
1668 602 219 56 Collins
1925 620 129 36 sons
2090 604 46 51 &
2172 618 99 50 co.,
2308 600 103 54 ltd.

404 686 173 65 [1933]

471 758 88 40 252
579 768 43 38 p.
682 757 117 41 19cm.

405 813 2009 52 © 1c. June 29. 1933: A ad int. 17938; pubd. May 1; A. M. Heath & co ,
474 875 99 45 ltd.,
606 874 212 40 London.
891 873 282 48 (33-17278)

402 976 346 66 Champion,
776 978 214 52 Maude
1017 977 346 64 Houghton.

476 1056 124 52 The
641 1055 212 53 science
898 1055 64 52 of
1005 1054 323 53 vocational
1374 1055 310 66 astrology,
1726 1054 75 67 by
1844 1054 214 52 Maude
2101 1052 320 69 Houghton

409 1132 341 67 Champion.
831 1134 138 52 New
1013 1133 181 67 York,
1236 1133 69 53 N.
1350 1133 91 66 Y.,
1483 1133 122 52 The
1647 1133 207 66 Macoy
1896 1131 337 68 publishing
408 1149 1987 130 company,
614 1215 150 50 1933.

477 1297 44 35 X,
551 1286 86 41 108
664 1297 43 37 p.
763 1286 119 40 fold,
913 1286 144 46 table,
1087 1286 180 48 diagrs.
1325 1285 116 40 22cm.

411 1339 52 52 ©
495 1344 127 39 June
652 1343 69 47 23,
754 1343 113 40 1933:
929 1343 65 40 2c.
1028 1344 97 39 and
1156 1343 79 40 aff.
1270 1343 127 40 June
1427 1343 56 39 26;
1545 1343 40 39 A
1618 1342 142 41 63381;
1824 1343 63 40 M.
1919 1343 61 40 H.
2014 1340 282 50 Champion,
2331 1341 93 40 Los

479 1401 207 47 Angeles
772 1399 282 49 (33-16989)

408 1503 276 65 Chicago.
760 1504 426 65 Presbyterian
1220 1505 353 65 theological
1606 1505 321 64 seminary.

483 1583 122 51 The
643 1580 207 54 citadel
889 1582 63 52 of
992 1582 306 66 Beth-zur;
1342 1603 27 32 a
1412 1581 375 70 preliminary
1830 1588 196 61 report
2061 1580 63 53 of
2162 1582 95 53 the
2299 1580 123 55 first

414 1660 332 54 excavation
773 1661 312 53 conducted
1110 1661 74 68 by
1208 1661 95 54 the
1326 1660 403 70 Presbyterian
1756 1660 341 68 theological
2123 1661 302 69 seminary,

416 1737 269 70 Chicago,
716 1739 111 53 and
854 1739 96 54 the
976 1739 304 52 American
1309 1740 192 54 school
1530 1739 64 52 of
1622 1738 242 55 oriental
1893 1739 273 68 research,
417 1739 1983 144 Jerusalem,
579 1818 62 52 in

680 1820 132 50 1931
852 1824 59 47 at
947 1815 253 55 Khirbat
1241 1823 56 49 et
1331 1817 272 70 Tubeiqa,
1639 1816 75 71 by
1751 1815 154 55 Ovid
1943 1817 218 69 Rogers
2200 1816 222 56 Sellers.

415 1894 426 70 Philadelphia,
874 1896 121 54 The
1028 1896 397 53 Westminster
1455 1915 174 49 press,
1663 1898 150 51 1933.

484 1966 55 41 92
574 1978 42 37 p.
678 1968 144 48 illus.,
856 1969 117 40 fold,
1007 1979 77 38 pl.,
1121 1979 138 38 maps
1288 1968 136 49 (part
1458 1969 144 48 fold.)
1672 1970 146 39 24½cm.

490 2025 461 41 “Abbreviations”:
988 2037 43 37 p.
1065 2026 41 41 3.

419 2082 52 53 ©
502 2088 129 39 June
658 2088 40 46 1,
729 2086 140 48 1933;
902 2088 67 40 2c.
1000 2086 129 42 June
1157 2088 82 41 10:
1273 2086 82 42 aff.
1387 2089 128 40 June
1544 2088 52 41 9:
1630 2088 41 39 A
1701 2088 172 48 62932;
1905 2088 343 41 Westminster
2280 2097 149 39 press.

498 2144 283 50 (33-16982)

414 2235 309 66 Compton,
751 2234 213 56 Alfred
993 2236 358 63 Donaldson,
1380 2238 85 52 eel.

487 2313 56 52 A
569 2313 155 53 brief
748 2316 314 68 anthology
1087 2315 65 54 of
1176 2315 224 54 British
1425 2334 162 50 prose
1613 2317 111 52 and
1752 2335 175 49 verse,
1951 2316 190 54 edited
2165 2317 75 66 by
2266 2316 71 52 A.
2362 2316 71 51 D.

420 2392 305 69 Compton,
763 2394 140 52 with
944 2394 94 54 the
1079 2395 413 52 collaboration
1533 2395 64 53 of
1634 2394 276 54 members
1950 2394 65 53 of
2053 2395 95 53 the
419 2396 1991 128 Department
615 2471 65 54 of
720 2472 247 68 English
1010 2472 64 54 of
1114 2474 96 52 the
1253 2472 135 69 City
1429 2474 230 68 college,
1701 2472 231 69 College
1974 2473 64 52 of
2078 2473 95 54 the
2215 2473 116 67 city
2373 2472 64 53 of

422 2549 1605 70 New York … New York, F. B. Robinson, 1933.
490 2623 26 38 2
547 2635 40 28 V.
680 2623 116 40 19½cm.

427 2678 52 52 ©
511 2683 109 39 Feb.
651 2682 39 46 8,
719 2682 141 41 1933:
892 2683 66 40 2c.
989 2684 118 39 each
1138 2685 95 38 and
1265 2682 79 41 aff.
1377 2683 117 48 July
1524 2684 51 45 1;
1607 2683 41 40 A
1678 2682 145 41 63484;
1884 2681 262 41 Frederick
2177 2683 53 39 B.
494 2680 1926 99 Robinson.
666 2740 281 47 (33-17111)

421 2828 122 54 The
568 2830 324 54 Concordia
916 2832 236 66 hymnal;
1210 2851 32 33 a
1264 2832 237 68 hymnal
1526 2832 95 53 for
1644 2831 231 65 church,
1898 2830 192 55 school
2116 2829 112 54 and
2252 2829 181 52 home.

494 2908 407 64 Minneapolis,
937 2909 203 59 Minn.,
1175 2909 314 63 Augsburg
1525 2910 338 62 publishing
1898 2910 175 53 house
2137 2911 133 51 [1933]

500 2982 749 52 xiii p., 2 l., [3]-463 p. 14cm.
502 3038 339 43 Introduction
886 3039 166 50 signed:
1128 3041 213 47 Editors,
1384 3042 221 40 Andreas
1650 3041 245 49 Bersagel,
1983 3072 9 9 V.
2037 3040 52 40 E.
2134 3040 111 48 Boe,
2288 3040 52 39 T.
2428 3072 9 9 O.

431 3095 290 48 Burntvedt,
751 3094 152 43 Oscar
933 3098 52 40 R.
1015 3096 190 50 Overby
1237 3099 108 48 [and]
1395 3098 44 40 S.
1467 3098 52 40 O.
1550 3097 244 51 Sigmond.

503 3152 236 42 “Revised
768 3154 96 40 and
893 3154 244 49 enlarged.
1199 3155 131 41 First
1360 3156 133 40 word
1521 3155 228 41 edition.”

504 3210 226 42 Includes
760 3212 168 40 orders
959 3212 52 40 of
1041 3211 197 48 service,
1274 3211 251 50 Scripture
1558 3212 228 50 readings
1818 3213 95 39 and
1945 3222 205 38 prayers
2191 3211 66 49 (p.
2293 3210 99 51 [363]-

429 3268 110 49 450)

432 3322 52 52 ©
523 3328 122 39 Mar.
682 3328 70 43 30,
791 3327 140 42 1933;
972 3328 67 39 2c.
1079 3328 127 39 June
1244 3327 80 40 10:
1365 3326 81 40 aff.
1487 3326 127 40 June
1651 3326 53 46 9;
1746 3327 40 38 A
1825 3326 170 45 64105;
2037 3325 259 48 Augsburg
2333 3325 107 48 pub.

501 3385 164 39 house.
731 3384 281 49 (33-16859)

429 3469 386 59 Connecticut
843 3475 110 52 and
982 3475 262 54 Atlantic
1271 3476 205 67 digest.
1534 3475 169 58 June,
1732 3477 152 54 1933,
1911 3473 345 55 cumulative

501 3490 1915 132 pamphlet … St. Paul, West publishing co. [c1933]
499 3628 87 38 352
616 3638 42 37 p.
715 3628 118 41 24cm.

436 3678 51 53 ©
514 3684 128 39 June
664 3685 70 46 24,
762 3685 112 40 1933;
930 3687 66 38 2c.
1024 3686 82 39 July
1166 3687 56 38 24;
1278 3685 81 41 aff.
1388 3685 117 48 July
1531 3686 54 37 22:
1643 3685 38 38 A
1709 3684 143 40 64472;
1910 3684 134 40 West
2071 3684 108 47 pub.
2207 3693 67 29 co.

431 3802 206 66 Croke,
665 3805 155 53 John
849 3806 241 64 Joseph.

509 3881 330 68 Happiness
870 3883 92 52 for
996 3885 263 66 patients,
1286 3884 73 67 by
1389 3884 157 51 John
1575 3883 218 65 Joseph
1824 3882 213 66 Croke;
2069 3879 380 55 illustrations

435 3957 74 55 by
552 3958 166 57 Carle
758 3961 214 54 Michel
1014 3963 178 66 Boog.
1271 3962 138 52 New
1454 3961 180 65 York,
1675 3960 274 67 Hospital
1993 3958 336 69 publishing
2369 3977 80 34 co.

435 4038 195 68 [c1933]
