2484 4405
1084 4093 134 52 1071

183 507 565 56 5 p. l., 303 p. 19½ cm .
183 584 162 41 “First
378 580 225 43 edition.”

116 651 53 53 ©
195 655 118 49 July
336 655 69 46 19,
431 653 141 46 1933;
599 652 68 40 2c.
693 651 96 41 and
814 649 84 42 aff.
923 649 118 47 July
1065 647 84 47 28;
1177 647 42 40 A
1277 645 139 46 64520;
1445 643 300 47 Doubleday,
1772 642 169 38 Doran
1967 640 38 39 &
2028 649 84 38 co.,

186 711 92 43 inc.
347 709 280 50 (33-19399)

111 813 341 66 Stoneham,
482 811 244 56 Charles
750 808 278 65 Thurley.

121 877 1966 159 Kaspa, the lion man, a romance by C. T. Stoneham … London, Methuen & co., ltd. [1933]
191 1034 610 53 5 p. l., 253, [1] p. 19½cm.
122 1101 1996 60 © 1c. July 11, 1933; A ad int. 17978; pubd. June 15; C. T. Stoneham,
191 1168 252 49 Brighton,
476 1168 193 46 Sussex,
700 1166 236 48 England.
1006 1162 283 49 (33-19692)

118 1265 365 70 Vanderbilt,
513 1266 255 57 William
796 1264 259 67 Kissam,
1086 1266 172 56 1878-

190 1345 161 56 West
383 1347 164 51 made
582 1351 120 47 east
737 1345 140 53 with
911 1345 97 53 the
1041 1345 111 52 loss
1190 1342 63 55 of
1288 1362 31 34 a
1356 1342 142 66 day;
1538 1360 31 34 a
1604 1339 283 54 chronicle
1924 1335 64 55 of
2021 1334 96 54 the

121 1422 128 57 first
286 1421 549 70 circumnavigation
875 1422 64 55 of
977 1422 96 53 the
1111 1420 166 68 globe
1315 1421 183 52 under
1535 1418 97 54 the
1669 1415 219 57 United
1929 1414 188 56 States

123 1503 170 52 naval
330 1519 218 35 reserve
584 1501 173 67 yacht
790 1505 271 63 pennant,
1096 1499 144 66 July
1276 1498 50 66 7,
1363 1500 131 50 1931
1532 1502 60 47 to
1627 1496 202 52 March
1864 1496 51 63 4,
1954 1495 163 62 1932;

125 1596 73 36 an
223 1584 236 48 account
484 1578 63 54 of
574 1578 337 53 adventures
937 1577 61 52 in
1023 1575 354 68 navigation,
1404 1573 333 67 diversions,
1763 1572 359 68 picturesque

124 1673 205 51 scenes,
363 1656 96 52 the
492 1655 287 68 everyday
811 1654 108 53 life
953 1654 66 53 of
1052 1658 211 50 remote
1298 1654 207 65 places,
1541 1651 113 53 and
1686 1649 96 55 the
1819 1649 204 67 taking
2059 1647 64 54 of

127 1733 309 68 specimens
468 1732 94 54 for
593 1734 97 52 the
721 1731 347 55 Vanderbilt
1096 1730 220 54 marine
1347 1747 272 48 museum,
1650 1728 77 67 by
1758 1727 261 55 William
2050 1726 75 52 K.

127 1809 361 69 Vanderbilt,
518 1810 61 52 in
611 1810 314 67 command,
957 1814 186 47 motor
1175 1807 132 70 ship
1339 1807 170 53 Alva.
1578 1806 140 53 New
1752 1804 179 68 York,
1965 1804 159 53 Priv.

128 1887 194 68 print.,
353 1891 152 50 1933.

205 1969 1922 56 xx, 379, [1] p., 1 l. illus. (incl. ports., maps, plans) VII col. pl. 34 x
132 2031 57 41 26
192 2033 44 23 cm
239 2063 10 9 .

207 2098 134 42 Each
385 2100 190 41 colored
619 2099 133 49 plate
796 2099 343 49 accompanied
1184 2099 60 48 by
1290 2100 155 49 guard
1492 2100 135 40 sheet
1674 2098 120 41 with
1840 2097 291 50 descriptive

133 2157 299 50 letterpress.

207 2212 140 51 Maps
374 2225 59 29 on
464 2212 361 50 lining-papers.

209 2268 229 44 “Printed
461 2270 61 48 by
550 2270 221 41 Edmund
799 2269 212 48 Garrett,
1038 2269 116 41 New
1180 2268 143 43 York.
1379 2269 85 41 800
1490 2269 159 49 copies
1676 2281 58 29 on
1762 2269 181 41 Archer
1969 2279 163 39 paper,

139 2327 158 41 bound
327 2327 49 39 in
407 2327 231 40 buckram;
699 2325 85 42 200
814 2326 263 41 numbered
1108 2324 159 51 copies
1297 2337 61 29 on
1387 2326 147 41 Rives
1562 2336 164 39 paper,
1757 2326 158 42 bound
1946 2327 48 39 in
2027 2327 106 39 half

138 2383 178 50 levant,
345 2384 51 42 of
419 2383 161 41 which
603 2383 112 48 fifty
741 2394 84 30 are
849 2383 80 41 for
957 2382 144 41 sale.”

213 2438 67 42 “A
315 2439 293 50 descriptive
643 2439 184 42 outline
863 2439 51 41 of
951 2449 130 31 some
1116 2439 51 40 of
1202 2439 83 42 the
1318 2439 189 41 marine
1541 2439 183 49 species
1758 2441 148 40 taken
1941 2452 59 29 on
2036 2441 99 39 this

140 2506 195 40 voyage,
361 2498 60 47 by
447 2496 215 41 William
689 2496 52 42 E.
770 2495 296 42 Belanske”:
1092 2507 46 37 p.
1164 2494 218 43 370-377.

143 2564 51 54 ©
224 2568 127 41 June
376 2568 68 40 15.
473 2568 140 47 1933;
643 2568 66 41 2c.
739 2567 96 40 and
862 2565 80 42 aff.
974 2566 116 48 July
1118 2565 81 48 12;
1230 2565 42 41 A
1330 2565 139 48 64294;
1500 2567 72 43 W.
1601 2567 59 41 K.
1689 2566 302 50 Vanderbilt,
2021 2568 117 39 New

212 2626 143 41 York.
427 2624 279 50 (33-19494)

139 2723 392 66 Washington
567 2730 177 65 poets,
780 2744 73 34 an
890 2726 313 69 anthology
1238 2726 64 53 of
1340 2729 64 50 59
1441 2728 507 68 contemporaries;
211 2727 1903 131 foreword

396 2804 75 69 by
499 2805 171 67 Mary
698 2804 55 55 J.
787 2803 373 69 Elmendorf;
1193 2804 190 54 edited
1412 2805 76 67 by
1516 2805 95 53 the
1640 2804 175 56 house
1845 2805 65 54 of
1939 2806 204 68 Henry

209 2881 303 70 Harrison,
549 2881 310 69 publisher.
933 2882 139 53 New
1112 2881 164 54 York
1318 2915 13 34 [
1335 2889 18 22 c
1358 2885 153 65 1932]

222 2955 84 41 191
335 2966 43 37 p.
438 2954 55 40 22½cm.

150 3020 51 53 ©
231 3024 101 41 Oct.
361 3025 67 46 15,
458 3025 115 40 1932;
627 3025 66 41 2c.
724 3024 115 49 July
865 3025 69 46 27,
964 3024 139 47 1933;
1137 3024 80 42 aff.
1248 3025 117 48 July
1392 3026 82 47 28;
1505 3027 42 38 A
1575 3026 170 48 64560;
1777 3027 169 48 Henry
216 3027 1910 103 Harrison,
351 3082 116 39 New
501 3082 143 39 York.
716 3081 279 49 (33-19642)

145 3183 262 67 Watson,
431 3187 139 52 Mrs.
596 3186 193 53 Mabel
813 3185 308 67 Maitland,
1151 3191 172 52 1880-

282 3259 1862 76 … A secondary school music course in preparation for
147 3334 1970 157 school certificate and matriculation examinations, by M. Maitland Watson. Pupils’ ed. First year, first-third terms …
151 3493 257 70 London,
435 3497 220 66 Boosey
679 3499 45 51 &
747 3516 97 48 co.,
871 3498 102 51 ltd.
1006 3530 13 34 [
1025 3504 17 20 c
1048 3501 151 64 1933]

220 3568 27 42 3
276 3579 43 31 v.
380 3569 57 39 22
438 3571 45 21 cm
487 3599 9 9 .

159 3629 1992 68 © 1c. each May 22, 1933; A ad int. 17822-17824; pubd. May 16; Boosey
230 3694 36 40 &
298 3706 82 35 co.,
413 3696 87 38 ltd.
569 3693 280 50 (33-19372)

155 3797 250 66 Waugh,
436 3798 159 65 Alec,
631 3804 171 51 1898-

233 3873 120 51 The
387 3873 205 68 golden
628 3875 203 71 ripple,
865 3877 75 68 by
974 3877 141 53 Alec
1148 3877 243 70 Waugh.
1462 3880 136 52 New
1636 3879 177 70 York,
1851 3882 214 54 Farrar
2099 3886 52 51 &

163 3947 934 77 Rinehart, incorporated [ c 1933]
233 4019 603 52 3 p. l., 3-306 p. 20cm.
