2484 4405
1026 4083 101 50 815

76 427 327 54 Handbuch
439 428 100 52 der
573 426 391 68 astrophysik;
1000 427 154 68 hrsg.
1188 443 112 36 von
1332 426 69 56 G.
1436 425 320 70 Eberhard,
1788 426 70 53 A.
145 424 1906 149 Kohlschütter,
439 508 77 51 H.
541 502 372 56 Ludendorff,
976 506 92 53 bd.
1098 509 45 49 5.
1206 508 46 48 2.
1280 504 202 55 hälfte.
1545 506 119 51 Das
1690 510 384 64 sternsystem.

147 587 43 49 1.
220 591 39 47 t.
340 626 10 10 II.
427 583 216 67 Berlin,
670 587 56 52 J.
759 583 297 69 Springer,
1087 587 151 49 1933.

150 671 43 35 x,
226 657 265 51 [575]-1156
516 668 42 37 p.
614 657 144 48 illus.,
785 658 106 40 fold.
933 658 172 47 plates,
1136 658 167 46 tables,
1333 657 178 49 diagrs.
1568 657 59 40 26
1628 658 45 22 cm
1677 692 9 8 .

83 724 1829 52 © Feb. 27, 1933; 1c. June 19; A-Foreign 21290; Julius Springer.
75 831 228 64 Horler,
332 831 256 64 Sydney.

143 909 138 52 Lass
311 909 64 53 of
403 908 249 53 fortune.
733 907 361 68 [Instalment
1124 911 49 63 9]

178 983 62 39 (In
266 977 221 53 Tit-bits,
517 979 119 51 May
667 980 72 50 27,
772 978 144 50 1933)

83 1034 1979 110 © 1c. July 15, 1933; A ad int. 17993; pubd. May 20; S. Horler, Bournemouth, England.
75 1199 323 64 Housman,
428 1197 210 55 Alfred
669 1197 272 65 Edward,
973 1202 168 51 1859-

147 1269 1934 75 The name and nature of poetry, by A. E. Housman … the
78 1353 183 54 Leslie
304 1352 252 69 Stephen
596 1354 214 52 lecture
848 1352 288 54 delivered
1177 1358 59 47 at
1281 1350 345 71 Cambridge
1669 1352 31 51 9
1741 1349 140 71 May
1925 1352 153 51 1933.

78 1431 139 54 New
253 1430 179 69 York,
468 1431 123 54 The
624 1430 336 55 Macmillan
996 1448 310 53 company;
1349 1427 364 72 Cambridge,
1751 1428 168 71 Eng.,
1956 1427 124 56 The

78 1509 298 56 University
445 1527 174 52 press,
652 1512 151 50 1933.

148 1583 521 51 3 p. l., 50 p. 19½ cm .
84 1652 51 52 ©
165 1657 116 46 May
304 1656 70 47 31,
403 1655 113 40 1933;
573 1656 68 39 2c.
671 1656 98 39 and
796 1654 81 41 aff.
908 1655 129 39 June
1063 1655 53 46 1;
1147 1654 41 39 A
1218 1653 169 47 62836;
1421 1653 281 40 Macmillan
1732 1664 69 30 co.

161 1712 279 48 (33-14168)

75 1818 184 62 Hunt,
287 1814 255 56 William
568 1815 405 56 Southworth.

149 1890 199 55 Frank
395 1892 265 53 Forester
707 1892 239 69 <Henry
993 1890 263 56 William
1307 1890 251 54 Herbert>
1643 1910 31 33 a
1725 1891 244 70 tragedy
2018 1890 64 55 in

79 1969 162 71 exile,
285 1969 76 71 by
407 1969 261 55 William
718 1968 372 57 Southworth
1139 1968 184 55 Hunt.
1399 1968 264 69 Newark,
1712 1968 71 55 N.
1831 1968 76 70 J.,
1956 1968 125 56 The

81 2047 260 56 Carteret
365 2046 149 55 book
539 2048 146 68 club,
715 2051 151 51 1933.

150 2123 64 48 ix,
241 2123 86 40 128
350 2133 57 38 p.,
435 2122 25 40 2
507 2155 8 8 l.
571 2123 136 40 front.
750 2122 172 49 (port.)
958 2124 25 38 1
1009 2122 146 48 illus.,
1183 2123 171 48 plates.
1410 2122 53 40 21
1469 2125 44 22 cm
1518 2155 9 9 .

153 2181 141 39 “Two
322 2180 222 40 hundred
573 2178 157 50 copies
761 2180 51 39 of
841 2179 98 41 this
968 2179 125 41 book
1121 2180 124 40 have
1274 2181 118 39 been
1422 2180 195 48 printed
1647 2179 49 41 in
1727 2179 106 41 Bell
1864 2181 96 40 and
79 2179 1985 99 Oxford
218 2238 138 47 types
381 2247 60 30 on
467 2236 188 48 Leipsic
681 2247 74 29 no.
782 2236 117 41 1509
923 2236 276 40 handmade
1223 2236 193 49 paper.”

152 2293 332 48 “Chronology
513 2294 52 39 of
594 2292 279 49 writings”:
907 2304 41 38 p.
980 2292 218 43 101-113.

151 2349 290 42 “Sources”:
474 2361 42 38 p.
548 2349 216 43 117-119.

85 2402 51 52 ©
169 2408 115 46 May
315 2407 68 47 11,
417 2406 140 47 1933;
592 2408 66 38 2c.
693 2408 95 39 and
821 2406 81 41 aff.
937 2408 114 47 May
1084 2408 82 46 13;
1202 2408 42 38 A
1276 2407 170 46 61796;
1483 2408 70 42 W.
1591 2408 43 40 S.
1668 2408 152 47 Hunt,
1855 2408 224 48 Newark,

151 2464 55 38 N.
246 2464 42 40 J.
359 2464 280 47 (33-14171)

78 2566 105 65 Ilg,
209 2567 163 65 Paul,
402 2568 170 55 1875-

83 2643 1973 148 … Das mädchen der Bastille, roman einer kindesliebe. Zürich [etc.] Rascher & cie. a. g., 1933.
150 2796 99 48 255,
283 2797 54 49 [1]
368 2807 43 37 p.
469 2795 55 41 19
526 2798 45 22 cm
576 2826 8 9 .

87 2848 1909 56 © Jan. 15, 1933; 1c. Mar. 1; A-Foreign 20100; Rascher & cie., a.-g.
162 2910 278 49 (33-14181)

78 3011 94 51 An
214 3011 173 53 index
428 3018 59 48 to
530 3013 148 67 legal
721 3012 313 67 periodical
1075 3013 325 68 literature;
1446 3016 325 66 American,
1814 3016 264 69 English,

151 3087 315 69 Canadian,
503 3090 221 53 British
761 3091 261 68 colonial,
1057 3093 76 67 by
1170 3093 196 52 Frank
1400 3096 66 51 E.
1503 3094 304 68 Chipman.
1882 3096 127 53 Vol.
2045 3117 36 34 v

146 3168 1933 73 <combined> 1923-1932 … Indianapolis, The Bobbs-Merrill
149 3265 279 50 company
461 3280 12 34 [
479 3254 18 21 c
502 3251 152 63 1933]

155 3321 81 47 vii,
271 3322 114 40 1335
418 3332 44 37 p.
524 3323 27 38 25
613 3324 44 21 cm
662 3355 8 9 .

88 3373 51 52 ©
175 3379 116 47 July
324 3378 40 47 3,
401 3378 139 46 1933;
578 3380 67 40 2c.
681 3380 96 39 and
811 3379 83 41 aff.
931 3381 116 47 July
1083 3381 81 46 10;
1204 3382 41 38 A
1280 3383 170 47 63270;
1489 3384 369 41 Bobbs-Merrill
1894 3396 67 30 co.

79 3480 367 66 Ish-Kishor,
476 3481 314 57 Sulamith.

154 3556 321 56 Children’s
503 3559 222 68 history
753 3560 63 53 of
846 3561 180 52 Israel
1056 3560 154 54 from
1238 3561 96 53 the
1362 3560 252 52 creation
1640 3565 60 47 to
1728 3560 95 54 the
1851 3564 226 64 present

82 3635 1990 72 time; a new presentation, by Sulamith Ish-Kishor … [v. 2, 3]
80 3714 140 52 New
245 3713 179 69 York,
449 3716 120 51 The
594 3716 222 54 Jordan
843 3717 335 69 publishing
1205 3736 97 49 co.,
1331 3719 148 51 1933.

154 3790 29 38 2
209 3800 42 29 v.
307 3790 135 39 front.
485 3790 65 47 (v.
579 3791 54 39 3:
665 3791 135 48 map)
838 3793 170 46 plates.
1067 3791 60 40 20
1127 3794 44 21 cm
1176 3822 8 9 .

421 3857 114 28 CONTENTS.—v.
566 3845 40 41 2.
638 3847 143 40 From
812 3848 183 40 Joshua
1028 3851 48 37 to
1109 3849 83 39 the
1219 3849 173 40 second
1422 3850 298 45 temple.—v.
1751 3846 41 43 3.
1825 3848 143 41 From
1999 3846 82 43 the

86 3903 174 39 second
287 3905 179 45 temple
493 3906 47 37 to
570 3904 81 39 the
680 3908 195 43 present
903 3905 129 39 time.

90 3954 51 52 ©
173 3959 112 46 Apr.
318 3958 68 46 19,
419 3959 113 40 1933;
591 3960 65 40 2c.
691 3962 118 39 each
842 3962 96 39 and
970 3961 80 41 aff.
1084 3962 115 48 Apr.
1231 3962 83 47 20;
1350 3963 40 38 A
1423 3961 169 48 62531;
1628 3963 208 39 Hebrew
1869 3963 109 47 pub.
2011 3972 69 32 co.

170 4015 278 49 (33-12506)
