<alto xmlns="http://www.loc.gov/standards/alto/ns-v3#" xmlns:xsi="http://www.w3.org/2001/XMLSchema-instance" xsi:schemaLocation="http://www.loc.gov/standards/alto/ns-v3# http://www.loc.gov/alto/v3/alto-3-0.xsd"><Description>
<MeasurementUnit>pixel</MeasurementUnit>
<sourceImageInformation>
<fileName>1933_v1_Part1.pdf</fileName>
</sourceImageInformation>
<OCRProcessing ID="IdOcr">
<ocrProcessingStep>
<processingDateTime>2019-01-03</processingDateTime>
<processingSoftware>
<softwareCreator>ABBYY</softwareCreator>
<softwareName>ABBYY Recognition Server</softwareName>
<softwareVersion>4.0</softwareVersion>
</processingSoftware>
</ocrProcessingStep>
</OCRProcessing>
</Description>
<Styles>
<ParagraphStyle ALIGN="Left" FIRSTLINE="0." ID="StyleId-FFFFFFFF-FFFF-FFFF-FFFF-FFFFFFFFFFFF-" LEFT="0." RIGHT="0." />
<ParagraphStyle ALIGN="Left" FIRSTLINE="0." ID="StyleId-6EF5737A-DCEB-4126-A0CF-C5930BF7166A-" LEFT="0." LINESPACE="8.300000191" RIGHT="0." />
<ParagraphStyle ALIGN="Left" FIRSTLINE="0." ID="StyleId-2DE44258-FD0B-41E1-B542-087C989B01A3-" LEFT="0." LINESPACE="12.19999981" RIGHT="0." />
<ParagraphStyle ALIGN="Left" FIRSTLINE="-14." ID="StyleId-CE3D254A-29D7-4DD7-B5F1-E0FC0EF29B05-" LEFT="0." LINESPACE="8.619999886" RIGHT="0." />
<ParagraphStyle ALIGN="Left" FIRSTLINE="-14." ID="StyleId-C0E3A137-CE4F-4287-8A90-B599106709D0-" LEFT="0." LINESPACE="12.19999981" RIGHT="0." />
<ParagraphStyle ALIGN="Left" FIRSTLINE="-14." ID="StyleId-50F26F0C-05DA-4C19-BA58-7A6AC4499BEE-" LEFT="0." LINESPACE="11.06999969" RIGHT="0." />
<ParagraphStyle ALIGN="Center" FIRSTLINE="0." ID="StyleId-5DDE65AF-512C-41E2-9B8E-095D6D99EF68-" LEFT="0." LINESPACE="11.89999962" RIGHT="0." />
<ParagraphStyle ALIGN="Left" FIRSTLINE="0." ID="StyleId-0A81D7A5-6A62-4C52-915E-7768974C704D-" LEFT="0." LINESPACE="9.399999619" RIGHT="0." />
<ParagraphStyle ALIGN="Block" FIRSTLINE="-13." ID="StyleId-F7A0127F-6B48-4157-BB81-FE33E1E1A05B-" LEFT="0." LINESPACE="10.63000011" RIGHT="0." />
<ParagraphStyle ALIGN="Left" FIRSTLINE="0." ID="StyleId-E18C69F7-DBD7-48B1-805C-FCD96D0DA019-" LEFT="0." LINESPACE="11.64000034" RIGHT="0." />
<ParagraphStyle ALIGN="Left" FIRSTLINE="-14." ID="StyleId-98F15501-B611-4E83-8BB3-807E891F11F5-" LEFT="0." LINESPACE="12.19999981" RIGHT="0." />
<ParagraphStyle ALIGN="Left" FIRSTLINE="0." ID="StyleId-F4A78626-0BBC-4D12-94D9-A1AE75A9855F-" LEFT="0." LINESPACE="9.399999619" RIGHT="0." />
<ParagraphStyle ALIGN="Left" FIRSTLINE="0." ID="StyleId-6A3F6F4C-D21B-4ADE-902F-7683F18ECEF3-" LEFT="0." LINESPACE="11.10000038" RIGHT="0." />
</Styles>
<Layout>
<Page HEIGHT="4405" ID="Page1845" PHYSICAL_IMG_NR="1845" WIDTH="2484">
<TopMargin HEIGHT="373" HPOS="0" VPOS="0" WIDTH="2484">
</TopMargin>
<LeftMargin HEIGHT="3739" HPOS="0" VPOS="373" WIDTH="156">
</LeftMargin>
<RightMargin HEIGHT="3739" HPOS="2221" VPOS="373" WIDTH="263">
</RightMargin>
<BottomMargin HEIGHT="293" HPOS="0" VPOS="4112" WIDTH="2484">
</BottomMargin>
<PrintSpace HEIGHT="3739" HPOS="156" VPOS="373" WIDTH="2065">
<TextBlock HEIGHT="73" HPOS="1135" ID="Page1845_Block1" LANG="en-US" STYLEREFS="StyleId-CFA77FE2-5FEE-4E93-8C37-8002986C051B-" VPOS="4039" WIDTH="153">
<Shape>
<Polygon POINTS="1240,4039 1287,4039 1287,4100 1288,4100 1288,4111 1244,4111 1244,4112 1136,4112 1136,4104 1135,4104 1135,4040 1240,4040 1240,4039" />
</Shape>
<TextLine HEIGHT="50" HPOS="1146" VPOS="4050" WIDTH="130">
<String CONTENT="1845" HEIGHT="50" HPOS="1146" VPOS="4050" WIDTH="130" />
</TextLine>
</TextBlock>
<TextBlock CS="1" HEIGHT="3671" HPOS="156" ID="Page1845_Block2" STYLEREFS="StyleId-C903465B-C2D6-4FB6-9C56-9F9B7B7072FA-" VPOS="373" WIDTH="2065">
<Shape>
<Polygon POINTS="2190,373 2213,373 2213,374 2214,374 2214,776 2215,776 2215,1251 2216,1251 2216,1726 2217,1726 2217,2201 2218,2201 2218,2676 2219,2676 2219,3150 2220,3150 2220,3625 2221,3625 2221,4039 2194,4039 2194,4040 1719,4040 1719,4041 1244,4041 1244,4042 769,4042 769,4043 294,4043 294,4044 164,4044 164,4043 163,4043 163,3629 162,3629 162,3154 161,3154 161,2679 160,2679 160,2204 159,2204 159,1729 158,1729 158,1255 157,1255 157,780 156,780 156,389 290,389 290,388 765,388 765,387 1240,387 1240,386 1430,386 1430,375 1715,375 1715,374 2190,374 2190,373" />
</Shape>
<TextLine CS="1" HEIGHT="56" HPOS="239" LANG="en-US" VPOS="483" WIDTH="949">
<String CONTENT="vii," HEIGHT="47" HPOS="239" VPOS="492" WIDTH="80" />
<SP HEIGHT="44" HPOS="320" VPOS="494" WIDTH="27" />
<String CONTENT="152" HEIGHT="38" HPOS="348" VPOS="492" WIDTH="83" />
<SP HEIGHT="46" HPOS="432" VPOS="492" WIDTH="26" />
<String CONTENT="p." HEIGHT="36" HPOS="459" VPOS="502" WIDTH="42" />
<SP HEIGHT="39" HPOS="502" VPOS="490" WIDTH="26" />
<String CONTENT="incl." HEIGHT="38" HPOS="529" VPOS="490" WIDTH="109" />
<SP HEIGHT="38" HPOS="639" VPOS="489" WIDTH="26" />
<String CONTENT="front.," HEIGHT="45" HPOS="666" VPOS="488" WIDTH="163" />
<SP HEIGHT="46" HPOS="830" VPOS="486" WIDTH="28" />
<String CONTENT="illus." HEIGHT="39" HPOS="859" VPOS="486" WIDTH="125" />
<SP HEIGHT="37" HPOS="985" VPOS="486" WIDTH="58" />
<String CONTENT="19&#189;cm" CS="1" HEIGHT="40" HPOS="1044" VPOS="483" WIDTH="144" />
</TextLine>
<TextLine CS="1" HEIGHT="45" HPOS="267" LANG="en-US" VPOS="544" WIDTH="389">
<String CONTENT="&quot;First" CS="1" HEIGHT="42" HPOS="267" VPOS="547" WIDTH="131" />
<SP HEIGHT="37" HPOS="399" VPOS="550" WIDTH="33" />
<String CONTENT="edition.&#8221;" HEIGHT="43" HPOS="433" VPOS="544" WIDTH="223" />
</TextLine>
<TextLine HEIGHT="71" HPOS="171" LANG="en-US" VPOS="584" WIDTH="1993">
<String CONTENT="&#169;" HEIGHT="52" HPOS="171" VPOS="603" WIDTH="51" />
<SP HEIGHT="52" HPOS="223" VPOS="603" WIDTH="32" />
<String CONTENT="Feb." HEIGHT="40" HPOS="256" VPOS="606" WIDTH="108" />
<SP HEIGHT="38" HPOS="365" VPOS="605" WIDTH="29" />
<String CONTENT="21," HEIGHT="42" HPOS="395" VPOS="605" WIDTH="68" />
<SP HEIGHT="42" HPOS="464" VPOS="605" WIDTH="32" />
<String CONTENT="1933:" HEIGHT="40" HPOS="497" VPOS="602" WIDTH="138" />
<SP HEIGHT="41" HPOS="636" VPOS="601" WIDTH="32" />
<String CONTENT="2c." HEIGHT="40" HPOS="669" VPOS="601" WIDTH="66" />
<SP HEIGHT="30" HPOS="736" VPOS="611" WIDTH="31" />
<String CONTENT="and" HEIGHT="38" HPOS="768" VPOS="600" WIDTH="94" />
<SP HEIGHT="38" HPOS="863" VPOS="600" WIDTH="30" />
<String CONTENT="aff." HEIGHT="39" HPOS="894" VPOS="598" WIDTH="81" />
<SP HEIGHT="37" HPOS="976" VPOS="598" WIDTH="32" />
<String CONTENT="Mar." HEIGHT="38" HPOS="1009" VPOS="598" WIDTH="121" />
<SP HEIGHT="39" HPOS="1131" VPOS="596" WIDTH="31" />
<String CONTENT="6" HEIGHT="38" HPOS="1163" VPOS="596" WIDTH="24" />
<SP HEIGHT="45" HPOS="1188" VPOS="596" WIDTH="17" />
<String CONTENT=";" HEIGHT="35" HPOS="1206" VPOS="606" WIDTH="8" />
<SP HEIGHT="47" HPOS="1215" VPOS="594" WIDTH="33" />
<String CONTENT="A" HEIGHT="39" HPOS="1249" VPOS="594" WIDTH="39" />
<SP HEIGHT="39" HPOS="1289" VPOS="594" WIDTH="30" />
<String CONTENT="60717;" HEIGHT="45" HPOS="1320" VPOS="594" WIDTH="169" />
<SP HEIGHT="47" HPOS="1490" VPOS="592" WIDTH="34" />
<String CONTENT="R." HEIGHT="39" HPOS="1525" LANG="fr" VPOS="592" WIDTH="55" />
<SP HEIGHT="39" HPOS="1581" VPOS="592" WIDTH="31" />
<String CONTENT="W." HEIGHT="39" HPOS="1613" VPOS="592" WIDTH="71" />
<SP HEIGHT="41" HPOS="1685" VPOS="590" WIDTH="33" />
<String CONTENT="Lane," HEIGHT="46" HPOS="1719" VPOS="590" WIDTH="142" />
<SP HEIGHT="46" HPOS="1862" VPOS="590" WIDTH="33" />
<String CONTENT="Mansfield," HEIGHT="47" HPOS="1896" VPOS="584" WIDTH="268" />
</TextLine>
<TextLine HEIGHT="52" HPOS="239" LANG="en-US" VPOS="658" WIDTH="439">
<String CONTENT="Mo." HEIGHT="39" HPOS="239" VPOS="664" WIDTH="88" />
<SP HEIGHT="47" HPOS="328" VPOS="662" WIDTH="71" />
<String CONTENT="(33-27029)" HEIGHT="51" HPOS="400" VPOS="658" WIDTH="278" />
</TextLine>
<TextLine HEIGHT="66" HPOS="174" LANG="en-US" STYLEREFS="StyleId-24389653-F8F7-4AD2-99E3-30EA4655BCE4-" VPOS="760" WIDTH="640">
<String CONTENT="Lewis," HEIGHT="65" HPOS="174" VPOS="761" WIDTH="206" />
<SP HEIGHT="63" HPOS="380" VPOS="762" WIDTH="29" />
<String CONTENT="Oscar," HEIGHT="63" HPOS="409" VPOS="762" WIDTH="201" />
<SP HEIGHT="61" HPOS="610" VPOS="764" WIDTH="32" />
<String CONTENT="1893-" HEIGHT="52" HPOS="642" VPOS="760" WIDTH="172" />
</TextLine>
<TextLine HEIGHT="81" HPOS="244" LANG="en-US" STYLEREFS="StyleId-CFA77FE2-5FEE-4E93-8C37-8002986C051B-" VPOS="826" WIDTH="1921">
<String CONTENT="The" HEIGHT="54" HPOS="244" VPOS="839" WIDTH="120" />
<SP HEIGHT="34" HPOS="365" VPOS="857" WIDTH="44" />
<String CONTENT="origin" HEIGHT="69" HPOS="410" VPOS="837" WIDTH="186" />
<SP HEIGHT="34" HPOS="597" VPOS="855" WIDTH="46" />
<String CONTENT="of" HEIGHT="52" HPOS="644" VPOS="837" WIDTH="61" />
<SP HEIGHT="52" HPOS="706" VPOS="837" WIDTH="46" />
<String CONTENT="the" HEIGHT="55" HPOS="753" VPOS="834" WIDTH="93" />
<SP HEIGHT="34" HPOS="847" VPOS="853" WIDTH="45" />
<String CONTENT="celebrated" HEIGHT="54" HPOS="893" VPOS="832" WIDTH="316" />
<SP HEIGHT="69" HPOS="1210" VPOS="831" WIDTH="45" />
<String CONTENT="jumping" HEIGHT="69" HPOS="1256" VPOS="830" WIDTH="268" />
<SP HEIGHT="70" HPOS="1525" VPOS="828" WIDTH="42" />
<String CONTENT="frog" HEIGHT="68" HPOS="1568" VPOS="828" WIDTH="135" />
<SP HEIGHT="50" HPOS="1704" VPOS="846" WIDTH="43" />
<String CONTENT="of" HEIGHT="54" HPOS="1748" VPOS="827" WIDTH="64" />
<SP HEIGHT="55" HPOS="1813" VPOS="826" WIDTH="46" />
<String CONTENT="Calaveras" HEIGHT="55" HPOS="1860" VPOS="826" WIDTH="305" />
</TextLine>
<TextLine HEIGHT="84" HPOS="174" LANG="en-US" STYLEREFS="StyleId-CFA77FE2-5FEE-4E93-8C37-8002986C051B-" VPOS="902" WIDTH="1993">
<String CONTENT="county," HEIGHT="64" HPOS="174" VPOS="922" WIDTH="226" />
<SP HEIGHT="68" HPOS="401" VPOS="917" WIDTH="38" />
<String CONTENT="by" HEIGHT="66" HPOS="440" VPOS="917" WIDTH="71" />
<SP HEIGHT="68" HPOS="512" VPOS="915" WIDTH="41" />
<String CONTENT="Oscar" HEIGHT="55" HPOS="554" VPOS="915" WIDTH="179" />
<SP HEIGHT="52" HPOS="734" VPOS="915" WIDTH="36" />
<String CONTENT="Lewis." HEIGHT="53" HPOS="771" VPOS="913" WIDTH="199" />
<SP HEIGHT="55" HPOS="971" VPOS="911" WIDTH="78" />
<String CONTENT="San" HEIGHT="55" HPOS="1050" VPOS="911" WIDTH="116" />
<SP HEIGHT="52" HPOS="1167" VPOS="912" WIDTH="41" />
<String CONTENT="Francisco," HEIGHT="68" HPOS="1209" VPOS="909" WIDTH="320" />
<SP HEIGHT="67" HPOS="1530" VPOS="909" WIDTH="39" />
<String CONTENT="The" HEIGHT="53" HPOS="1570" VPOS="907" WIDTH="120" />
<SP HEIGHT="52" HPOS="1691" VPOS="908" WIDTH="41" />
<String CONTENT="Book" HEIGHT="54" HPOS="1733" VPOS="904" WIDTH="161" />
<SP HEIGHT="52" HPOS="1895" VPOS="904" WIDTH="40" />
<String CONTENT="club" HEIGHT="52" HPOS="1936" VPOS="904" WIDTH="127" />
<SP HEIGHT="51" HPOS="2064" VPOS="904" WIDTH="39" />
<String CONTENT="of" HEIGHT="53" HPOS="2104" VPOS="902" WIDTH="63" />
</TextLine>
<TextLine HEIGHT="67" HPOS="178" LANG="en-US" STYLEREFS="StyleId-CFA77FE2-5FEE-4E93-8C37-8002986C051B-" VPOS="994" WIDTH="526">
<String CONTENT="California," HEIGHT="67" HPOS="178" VPOS="994" WIDTH="342" />
<SP HEIGHT="62" HPOS="521" VPOS="998" WIDTH="32" />
<String CONTENT="1931." HEIGHT="49" HPOS="554" VPOS="996" WIDTH="150" />
</TextLine>
<TextLine CS="1" HEIGHT="53" HPOS="245" LANG="en-US" VPOS="1064" WIDTH="742">
<String CONTENT="2" HEIGHT="36" HPOS="245" VPOS="1072" WIDTH="25" />
<SP HEIGHT="46" HPOS="271" VPOS="1071" WIDTH="25" />
<String CONTENT="p." HEIGHT="36" HPOS="297" LANG="fr" VPOS="1080" WIDTH="42" />
<SP HEIGHT="39" HPOS="340" VPOS="1070" WIDTH="23" />
<String CONTENT="l." CS="1" LANG="fr" />
<String CONTENT="," HEIGHT="16" HPOS="401" VPOS="1098" WIDTH="9" />
<SP HEIGHT="30" HPOS="411" VPOS="1086" WIDTH="29" />
<String CONTENT="[3]-27," CS="1" HEIGHT="51" HPOS="441" VPOS="1065" WIDTH="158" />
<SP HEIGHT="29" HPOS="600" VPOS="1085" WIDTH="30" />
<String CONTENT="[18]" CS="1" HEIGHT="48" HPOS="631" VPOS="1066" WIDTH="71" />
<SP HEIGHT="37" HPOS="715" VPOS="1077" WIDTH="28" />
<String CONTENT="p." HEIGHT="37" HPOS="744" VPOS="1076" WIDTH="40" />
<SP HEIGHT="38" HPOS="785" VPOS="1065" WIDTH="55" />
<String CONTENT="24&#189;cm." CS="1" HEIGHT="38" HPOS="841" VPOS="1065" WIDTH="146" />
</TextLine>
<TextLine HEIGHT="58" HPOS="245" LANG="en-US" VPOS="1111" WIDTH="1927">
<String CONTENT="&quot;Two" HEIGHT="39" HPOS="245" VPOS="1126" WIDTH="141" />
<SP HEIGHT="39" HPOS="387" VPOS="1125" WIDTH="22" />
<String CONTENT="hundred" HEIGHT="38" HPOS="410" VPOS="1125" WIDTH="219" />
<SP HEIGHT="37" HPOS="630" VPOS="1125" WIDTH="23" />
<String CONTENT="and" HEIGHT="39" HPOS="654" VPOS="1123" WIDTH="96" />
<SP HEIGHT="41" HPOS="751" VPOS="1121" WIDTH="22" />
<String CONTENT="fifty" HEIGHT="46" HPOS="774" VPOS="1121" WIDTH="111" />
<SP HEIGHT="36" HPOS="886" VPOS="1131" WIDTH="22" />
<String CONTENT="copies" HEIGHT="48" HPOS="909" VPOS="1119" WIDTH="161" />
<SP HEIGHT="38" HPOS="1071" VPOS="1129" WIDTH="22" />
<String CONTENT="printed" HEIGHT="49" HPOS="1094" VPOS="1118" WIDTH="194" />
<SP HEIGHT="40" HPOS="1289" VPOS="1117" WIDTH="24" />
<String CONTENT="for" HEIGHT="39" HPOS="1314" VPOS="1117" WIDTH="78" />
<SP HEIGHT="36" HPOS="1393" VPOS="1120" WIDTH="25" />
<String CONTENT="the" HEIGHT="39" HPOS="1419" VPOS="1117" WIDTH="81" />
<SP HEIGHT="38" HPOS="1501" VPOS="1117" WIDTH="24" />
<String CONTENT="Book" HEIGHT="39" HPOS="1526" VPOS="1115" WIDTH="134" />
<SP HEIGHT="40" HPOS="1661" VPOS="1115" WIDTH="23" />
<String CONTENT="club" HEIGHT="41" HPOS="1685" VPOS="1114" WIDTH="109" />
<SP HEIGHT="39" HPOS="1795" VPOS="1114" WIDTH="25" />
<String CONTENT="of" HEIGHT="41" HPOS="1821" VPOS="1112" WIDTH="52" />
<SP HEIGHT="40" HPOS="1874" VPOS="1112" WIDTH="24" />
<String CONTENT="California" HEIGHT="41" HPOS="1899" VPOS="1111" WIDTH="273" />
</TextLine>
<TextLine CS="1" HEIGHT="64" HPOS="174" LANG="en-US" VPOS="1167" WIDTH="2001">
<String CONTENT="by" HEIGHT="46" HPOS="174" VPOS="1185" WIDTH="59" />
<SP HEIGHT="44" HPOS="234" VPOS="1187" WIDTH="36" />
<String CONTENT="the" HEIGHT="40" HPOS="271" VPOS="1183" WIDTH="80" />
<SP />
<String CONTENT="Grabliorn" CS="1" HEIGHT="39" HPOS="433" VPOS="1181" WIDTH="211" />
<SP HEIGHT="37" HPOS="645" VPOS="1190" WIDTH="35" />
<String CONTENT="press" HEIGHT="39" HPOS="681" VPOS="1188" WIDTH="137" />
<SP HEIGHT="28" HPOS="819" VPOS="1189" WIDTH="36" />
<String CONTENT="of" HEIGHT="38" HPOS="856" VPOS="1178" WIDTH="52" />
<SP HEIGHT="38" HPOS="909" VPOS="1178" WIDTH="36" />
<String CONTENT="San" HEIGHT="37" HPOS="946" VPOS="1179" WIDTH="97" />
<SP HEIGHT="38" HPOS="1044" VPOS="1176" WIDTH="36" />
<String CONTENT="Francisco," HEIGHT="47" HPOS="1081" VPOS="1174" WIDTH="275" />
<SP HEIGHT="46" HPOS="1357" VPOS="1174" WIDTH="38" />
<String CONTENT="in" HEIGHT="38" HPOS="1396" VPOS="1174" WIDTH="48" />
<SP HEIGHT="38" HPOS="1445" VPOS="1174" WIDTH="38" />
<String CONTENT="May," HEIGHT="46" HPOS="1484" VPOS="1174" WIDTH="126" />
<SP HEIGHT="46" HPOS="1611" VPOS="1173" WIDTH="39" />
<String CONTENT="1931." HEIGHT="41" HPOS="1651" VPOS="1171" WIDTH="126" />
<SP HEIGHT="40" HPOS="1778" VPOS="1171" WIDTH="66" />
<String CONTENT="The" HEIGHT="38" HPOS="1845" VPOS="1171" WIDTH="103" />
<SP HEIGHT="40" HPOS="1949" VPOS="1169" WIDTH="35" />
<String CONTENT="initials" HEIGHT="41" HPOS="1985" VPOS="1167" WIDTH="190" />
</TextLine>
<TextLine HEIGHT="59" HPOS="174" LANG="en-US" VPOS="1228" WIDTH="1388">
<String CONTENT="are" HEIGHT="28" HPOS="174" VPOS="1252" WIDTH="84" />
<SP HEIGHT="39" HPOS="258" VPOS="1241" WIDTH="26" />
<String CONTENT="by" HEIGHT="47" HPOS="284" VPOS="1240" WIDTH="61" />
<SP HEIGHT="47" HPOS="345" VPOS="1239" WIDTH="28" />
<String CONTENT="Valenti" HEIGHT="40" HPOS="373" VPOS="1237" WIDTH="192" />
<SP HEIGHT="37" HPOS="565" VPOS="1237" WIDTH="27" />
<String CONTENT="Angelo." HEIGHT="45" HPOS="592" VPOS="1236" WIDTH="197" />
<SP HEIGHT="39" HPOS="789" VPOS="1235" WIDTH="55" />
<String CONTENT="This" HEIGHT="38" HPOS="844" VPOS="1235" WIDTH="118" />
<SP HEIGHT="39" HPOS="962" VPOS="1234" WIDTH="27" />
<String CONTENT="is" HEIGHT="39" HPOS="989" VPOS="1234" WIDTH="44" />
<SP HEIGHT="30" HPOS="1033" VPOS="1243" WIDTH="25" />
<String CONTENT="copy" HEIGHT="38" HPOS="1058" VPOS="1243" WIDTH="121" />
<SP HEIGHT="38" HPOS="1179" VPOS="1243" WIDTH="25" />
<String CONTENT="number" HEIGHT="40" HPOS="1204" VPOS="1231" WIDTH="204" />
<SP HEIGHT="39" HPOS="1408" VPOS="1229" WIDTH="25" />
<String CONTENT="217.&#8221;" HEIGHT="41" HPOS="1433" VPOS="1228" WIDTH="129" />
</TextLine>
<TextLine HEIGHT="58" HPOS="249" LANG="en-US" VPOS="1279" WIDTH="1927">
<String CONTENT="Folded" HEIGHT="41" HPOS="249" VPOS="1295" WIDTH="180" />
<SP HEIGHT="38" HPOS="430" VPOS="1295" WIDTH="24" />
<String CONTENT="facsimile:" HEIGHT="40" HPOS="455" VPOS="1293" WIDTH="267" />
<SP HEIGHT="32" HPOS="723" VPOS="1299" WIDTH="29" />
<String CONTENT="&quot;The" HEIGHT="40" HPOS="753" VPOS="1291" WIDTH="128" />
<SP HEIGHT="37" HPOS="882" VPOS="1293" WIDTH="27" />
<String CONTENT="Sonora" HEIGHT="37" HPOS="910" VPOS="1293" WIDTH="184" />
<SP HEIGHT="38" HPOS="1095" VPOS="1291" WIDTH="25" />
<String CONTENT="herald," HEIGHT="48" HPOS="1121" VPOS="1287" WIDTH="185" />
<SP HEIGHT="35" HPOS="1307" VPOS="1299" WIDTH="26" />
<String CONTENT="vol." HEIGHT="38" HPOS="1334" LANG="fr" VPOS="1290" WIDTH="90" />
<SP HEIGHT="32" HPOS="1425" VPOS="1296" WIDTH="28" />
<String CONTENT="m," HEIGHT="37" HPOS="1454" VPOS="1296" WIDTH="74" />
<SP HEIGHT="36" HPOS="1529" VPOS="1297" WIDTH="24" />
<String CONTENT="no." HEIGHT="29" HPOS="1554" VPOS="1296" WIDTH="74" />
<SP HEIGHT="38" HPOS="1629" VPOS="1287" WIDTH="27" />
<String CONTENT="150," HEIGHT="49" HPOS="1657" VPOS="1284" WIDTH="99" />
<SP HEIGHT="47" HPOS="1757" VPOS="1285" WIDTH="26" />
<String CONTENT="June" HEIGHT="39" HPOS="1784" VPOS="1285" WIDTH="125" />
<SP HEIGHT="39" HPOS="1910" VPOS="1284" WIDTH="26" />
<String CONTENT="11," HEIGHT="46" HPOS="1937" VPOS="1283" WIDTH="68" />
<SP HEIGHT="46" HPOS="2006" VPOS="1283" WIDTH="27" />
<String CONTENT="1853&#8221;" HEIGHT="42" HPOS="2034" VPOS="1279" WIDTH="142" />
</TextLine>
<TextLine HEIGHT="41" HPOS="175" LANG="en-US" VPOS="1352" WIDTH="191">
<String CONTENT="laid" HEIGHT="40" HPOS="175" VPOS="1353" WIDTH="99" />
<SP HEIGHT="41" HPOS="275" VPOS="1352" WIDTH="29" />
<String CONTENT="in." HEIGHT="39" HPOS="305" VPOS="1352" WIDTH="61" />
</TextLine>
<TextLine CS="1" HEIGHT="59" HPOS="250" LANG="en-US" VPOS="1399" WIDTH="1930">
<String CONTENT="Appendix:" CS="1" HEIGHT="51" HPOS="250" VPOS="1407" WIDTH="253" />
<SP HEIGHT="32" HPOS="530" VPOS="1415" WIDTH="41" />
<String CONTENT="I." CS="1" HEIGHT="6" HPOS="594" VPOS="1439" WIDTH="6" />
<SP HEIGHT="38" HPOS="601" VPOS="1407" WIDTH="40" />
<String CONTENT="The" HEIGHT="38" HPOS="642" VPOS="1407" WIDTH="101" />
<SP HEIGHT="32" HPOS="744" VPOS="1414" WIDTH="36" />
<String CONTENT="earliest" HEIGHT="41" HPOS="781" VPOS="1404" WIDTH="198" />
<SP HEIGHT="41" HPOS="980" VPOS="1404" WIDTH="38" />
<String CONTENT="known" HEIGHT="39" HPOS="1019" VPOS="1404" WIDTH="178" />
<SP HEIGHT="39" HPOS="1198" VPOS="1413" WIDTH="37" />
<String CONTENT="printed" HEIGHT="51" HPOS="1236" VPOS="1401" WIDTH="192" />
<SP HEIGHT="38" HPOS="1429" VPOS="1403" WIDTH="39" />
<String CONTENT="version" HEIGHT="45" HPOS="1469" VPOS="1400" WIDTH="192" />
<SP HEIGHT="38" HPOS="1662" VPOS="1402" WIDTH="39" />
<String CONTENT="from" HEIGHT="40" HPOS="1702" VPOS="1401" WIDTH="129" />
<SP HEIGHT="37" HPOS="1832" VPOS="1402" WIDTH="39" />
<String CONTENT="the" HEIGHT="38" HPOS="1872" VPOS="1401" WIDTH="83" />
<SP HEIGHT="40" HPOS="1956" VPOS="1399" WIDTH="40" />
<String CONTENT="Sonora" HEIGHT="40" HPOS="1997" VPOS="1399" WIDTH="183" />
</TextLine>
<TextLine CS="1" HEIGHT="53" HPOS="180" LANG="en-US" VPOS="1456" WIDTH="1998">
<String CONTENT="herald" HEIGHT="39" HPOS="180" VPOS="1467" WIDTH="168" />
<SP HEIGHT="37" HPOS="349" VPOS="1468" WIDTH="32" />
<String CONTENT="of" HEIGHT="38" HPOS="382" VPOS="1467" WIDTH="52" />
<SP HEIGHT="39" HPOS="435" VPOS="1465" WIDTH="29" />
<String CONTENT="June" HEIGHT="39" HPOS="465" VPOS="1465" WIDTH="128" />
<SP HEIGHT="37" HPOS="594" VPOS="1466" WIDTH="30" />
<String CONTENT="11." HEIGHT="40" HPOS="625" VPOS="1465" WIDTH="67" />
<SP HEIGHT="40" HPOS="693" VPOS="1465" WIDTH="33" />
<String CONTENT="1853.&#8212;II." CS="1" HEIGHT="41" HPOS="727" VPOS="1462" WIDTH="241" />
<SP HEIGHT="39" HPOS="969" VPOS="1462" WIDTH="33" />
<String CONTENT="The" HEIGHT="39" HPOS="1003" VPOS="1462" WIDTH="103" />
<SP HEIGHT="40" HPOS="1107" VPOS="1461" WIDTH="33" />
<String CONTENT="Sam" HEIGHT="41" HPOS="1141" VPOS="1460" WIDTH="114" />
<SP HEIGHT="39" HPOS="1256" VPOS="1461" WIDTH="33" />
<String CONTENT="Seabough" HEIGHT="46" HPOS="1290" VPOS="1460" WIDTH="252" />
<SP HEIGHT="38" HPOS="1543" VPOS="1460" WIDTH="32" />
<String CONTENT="version" HEIGHT="41" HPOS="1576" VPOS="1457" WIDTH="194" />
<SP HEIGHT="38" HPOS="1771" VPOS="1459" WIDTH="30" />
<String CONTENT="from" HEIGHT="38" HPOS="1802" VPOS="1459" WIDTH="128" />
<SP HEIGHT="36" HPOS="1931" VPOS="1460" WIDTH="34" />
<String CONTENT="the" HEIGHT="39" HPOS="1966" VPOS="1457" WIDTH="82" />
<SP HEIGHT="40" HPOS="2049" VPOS="1456" WIDTH="33" />
<String CONTENT="San" HEIGHT="40" HPOS="2083" VPOS="1456" WIDTH="95" />
</TextLine>
<TextLine CS="1" HEIGHT="58" HPOS="180" LANG="en-US" VPOS="1511" WIDTH="2000">
<String CONTENT="Andreas" HEIGHT="39" HPOS="180" VPOS="1523" WIDTH="218" />
<SP HEIGHT="40" HPOS="399" VPOS="1521" WIDTH="30" />
<String CONTENT="independent" HEIGHT="47" HPOS="430" VPOS="1521" WIDTH="321" />
<SP HEIGHT="38" HPOS="752" VPOS="1522" WIDTH="32" />
<String CONTENT="of" HEIGHT="39" HPOS="785" VPOS="1519" WIDTH="51" />
<SP HEIGHT="39" HPOS="837" VPOS="1519" WIDTH="31" />
<String CONTENT="December" HEIGHT="38" HPOS="869" VPOS="1520" WIDTH="262" />
<SP HEIGHT="37" HPOS="1132" VPOS="1520" WIDTH="30" />
<String CONTENT="11," HEIGHT="45" HPOS="1163" VPOS="1519" WIDTH="66" />
<SP HEIGHT="46" HPOS="1230" VPOS="1518" WIDTH="33" />
<String CONTENT="1858.&#8212;III." CS="1" HEIGHT="39" HPOS="1264" VPOS="1517" WIDTH="263" />
<SP HEIGHT="40" HPOS="1528" VPOS="1516" WIDTH="33" />
<String CONTENT="The" HEIGHT="38" HPOS="1562" VPOS="1516" WIDTH="101" />
<SP HEIGHT="38" HPOS="1664" VPOS="1516" WIDTH="29" />
<String CONTENT="first" HEIGHT="41" HPOS="1694" VPOS="1515" WIDTH="107" />
<SP HEIGHT="39" HPOS="1802" VPOS="1516" WIDTH="32" />
<String CONTENT="Mark" HEIGHT="40" HPOS="1835" VPOS="1514" WIDTH="144" />
<SP HEIGHT="41" HPOS="1980" VPOS="1513" WIDTH="29" />
<String CONTENT="Twain" HEIGHT="40" HPOS="2010" VPOS="1511" WIDTH="170" />
</TextLine>
<TextLine CS="1" HEIGHT="57" HPOS="181" LANG="en-US" VPOS="1568" WIDTH="2000">
<String CONTENT="version:" CS="1" HEIGHT="41" HPOS="181" VPOS="1579" WIDTH="190" />
<SP HEIGHT="39" HPOS="398" VPOS="1578" WIDTH="36" />
<String CONTENT="from" HEIGHT="40" HPOS="435" VPOS="1578" WIDTH="126" />
<SP HEIGHT="36" HPOS="562" VPOS="1581" WIDTH="38" />
<String CONTENT="the" HEIGHT="38" HPOS="601" VPOS="1579" WIDTH="80" />
<SP HEIGHT="39" HPOS="682" VPOS="1578" WIDTH="38" />
<String CONTENT="Saturday" HEIGHT="46" HPOS="721" VPOS="1577" WIDTH="244" />
<SP HEIGHT="36" HPOS="966" VPOS="1587" WIDTH="34" />
<String CONTENT="press" HEIGHT="38" HPOS="1001" VPOS="1585" WIDTH="137" />
<SP HEIGHT="28" HPOS="1139" VPOS="1586" WIDTH="35" />
<String CONTENT="of" HEIGHT="38" HPOS="1175" VPOS="1576" WIDTH="51" />
<SP HEIGHT="40" HPOS="1227" VPOS="1574" WIDTH="34" />
<String CONTENT="November" HEIGHT="39" HPOS="1262" VPOS="1574" WIDTH="268" />
<SP HEIGHT="38" HPOS="1531" VPOS="1574" WIDTH="35" />
<String CONTENT="18," HEIGHT="47" HPOS="1567" VPOS="1573" WIDTH="69" />
<SP HEIGHT="46" HPOS="1637" VPOS="1574" WIDTH="36" />
<String CONTENT="1865," HEIGHT="49" HPOS="1674" VPOS="1571" WIDTH="127" />
<SP HEIGHT="36" HPOS="1802" VPOS="1583" WIDTH="37" />
<String CONTENT="as" HEIGHT="28" HPOS="1840" VPOS="1583" WIDTH="55" />
<SP HEIGHT="28" HPOS="1896" VPOS="1583" WIDTH="34" />
<String CONTENT="reprinted" HEIGHT="51" HPOS="1931" VPOS="1568" WIDTH="250" />
</TextLine>
<TextLine HEIGHT="44" HPOS="182" LANG="en-US" VPOS="1633" WIDTH="505">
<String CONTENT="in" HEIGHT="38" HPOS="182" VPOS="1637" WIDTH="48" />
<SP HEIGHT="35" HPOS="231" VPOS="1641" WIDTH="27" />
<String CONTENT="the" HEIGHT="39" HPOS="259" VPOS="1637" WIDTH="81" />
<SP HEIGHT="40" HPOS="341" VPOS="1636" WIDTH="27" />
<String CONTENT="Californian." HEIGHT="43" HPOS="369" VPOS="1633" WIDTH="318" />
</TextLine>
<TextLine HEIGHT="58" HPOS="184" LANG="en-US" VPOS="1683" WIDTH="2000">
<String CONTENT="&#169;" HEIGHT="52" HPOS="184" VPOS="1689" WIDTH="53" />
<SP HEIGHT="52" HPOS="237" VPOS="1689" WIDTH="28" />
<String CONTENT="May" HEIGHT="47" HPOS="265" VPOS="1693" WIDTH="116" />
<SP HEIGHT="45" HPOS="381" VPOS="1694" WIDTH="25" />
<String CONTENT="15." HEIGHT="42" HPOS="406" VPOS="1692" WIDTH="70" />
<SP HEIGHT="41" HPOS="476" VPOS="1693" WIDTH="27" />
<String CONTENT="1931:" HEIGHT="40" HPOS="503" VPOS="1692" WIDTH="142" />
<SP HEIGHT="41" HPOS="645" VPOS="1691" WIDTH="28" />
<String CONTENT="2c." HEIGHT="39" HPOS="673" VPOS="1691" WIDTH="68" />
<SP HEIGHT="40" HPOS="741" VPOS="1689" WIDTH="26" />
<String CONTENT="Aug." HEIGHT="48" HPOS="768" VPOS="1689" WIDTH="122" />
<SP HEIGHT="39" HPOS="890" VPOS="1691" WIDTH="27" />
<String CONTENT="16," HEIGHT="46" HPOS="917" VPOS="1690" WIDTH="70" />
<SP HEIGHT="45" HPOS="987" VPOS="1691" WIDTH="27" />
<String CONTENT="1933;" HEIGHT="46" HPOS="1014" VPOS="1688" WIDTH="143" />
<SP HEIGHT="35" HPOS="1157" VPOS="1699" WIDTH="30" />
<String CONTENT="aff." HEIGHT="42" HPOS="1187" VPOS="1687" WIDTH="84" />
<SP HEIGHT="40" HPOS="1271" VPOS="1688" WIDTH="28" />
<String CONTENT="Aug." HEIGHT="47" HPOS="1299" VPOS="1688" WIDTH="117" />
<SP HEIGHT="37" HPOS="1416" VPOS="1689" WIDTH="30" />
<String CONTENT="14;" HEIGHT="44" HPOS="1447" VPOS="1689" WIDTH="82" />
<SP HEIGHT="44" HPOS="1529" VPOS="1689" WIDTH="31" />
<String CONTENT="A" HEIGHT="37" HPOS="1560" VPOS="1689" WIDTH="41" />
<SP HEIGHT="39" HPOS="1602" VPOS="1687" WIDTH="26" />
<String CONTENT="64745;" HEIGHT="47" HPOS="1629" VPOS="1686" WIDTH="172" />
<SP HEIGHT="45" HPOS="1801" VPOS="1687" WIDTH="30" />
<String CONTENT="Book" HEIGHT="39" HPOS="1831" VPOS="1686" WIDTH="135" />
<SP HEIGHT="40" HPOS="1967" VPOS="1686" WIDTH="25" />
<String CONTENT="club" HEIGHT="39" HPOS="1993" VPOS="1687" WIDTH="110" />
<SP HEIGHT="38" HPOS="2104" VPOS="1687" WIDTH="26" />
<String CONTENT="of" HEIGHT="41" HPOS="2131" VPOS="1683" WIDTH="52" />
</TextLine>
<TextLine HEIGHT="50" HPOS="253" LANG="en-US" VPOS="1746" WIDTH="664">
<String CONTENT="California." HEIGHT="42" HPOS="253" VPOS="1749" WIDTH="286" />
<SP HEIGHT="46" HPOS="540" VPOS="1749" WIDTH="69" />
<String CONTENT="(A" HEIGHT="47" HPOS="610" VPOS="1748" WIDTH="62" />
<SP HEIGHT="40" HPOS="673" VPOS="1748" WIDTH="15" />
<String CONTENT="33-1216)" HEIGHT="49" HPOS="689" VPOS="1746" WIDTH="228" />
</TextLine>
<TextLine HEIGHT="68" HPOS="188" LANG="en-US" STYLEREFS="StyleId-24389653-F8F7-4AD2-99E3-30EA4655BCE4-" VPOS="1850" WIDTH="883">
<String CONTENT="Llewellyn," HEIGHT="66" HPOS="188" VPOS="1852" WIDTH="331" />
<SP HEIGHT="64" HPOS="520" VPOS="1853" WIDTH="29" />
<String CONTENT="Karl" HEIGHT="51" HPOS="550" VPOS="1853" WIDTH="144" />
<SP HEIGHT="51" HPOS="695" VPOS="1853" WIDTH="28" />
<String CONTENT="Nickerson." HEIGHT="57" HPOS="724" VPOS="1850" WIDTH="347" />
</TextLine>
<TextLine HEIGHT="74" HPOS="258" STYLEREFS="StyleId-CFA77FE2-5FEE-4E93-8C37-8002986C051B-" VPOS="1924" WIDTH="1926">
<String CONTENT="Pr&#228;judizienrecht" HEIGHT="70" HPOS="258" LANG="de" VPOS="1926" WIDTH="534" />
<SP HEIGHT="47" HPOS="793" VPOS="1932" WIDTH="59" />
<String CONTENT="und" HEIGHT="51" HPOS="853" LANG="de" VPOS="1928" WIDTH="116" />
<SP HEIGHT="51" HPOS="970" VPOS="1928" WIDTH="61" />
<String CONTENT="rechtsprechung" HEIGHT="69" HPOS="1032" LANG="en-US" VPOS="1927" WIDTH="483" />
<SP HEIGHT="66" HPOS="1516" VPOS="1928" WIDTH="56" />
<String CONTENT="in" HEIGHT="50" HPOS="1573" LANG="en-US" VPOS="1928" WIDTH="62" />
<SP HEIGHT="52" HPOS="1636" VPOS="1928" WIDTH="58" />
<String CONTENT="Amerika;" HEIGHT="69" HPOS="1695" LANG="de" VPOS="1925" WIDTH="302" />
<SP HEIGHT="49" HPOS="1998" VPOS="1944" WIDTH="63" />
<String CONTENT="eine" HEIGHT="52" HPOS="2062" LANG="de" VPOS="1925" WIDTH="122" />
</TextLine>
<TextLine CS="1" HEIGHT="75" HPOS="190" STYLEREFS="StyleId-CFA77FE2-5FEE-4E93-8C37-8002986C051B-" VPOS="2003" WIDTH="1996">
<String CONTENT="spruchauswahl" HEIGHT="69" HPOS="190" LANG="en-US" VPOS="2006" WIDTH="465" />
<SP HEIGHT="51" HPOS="656" VPOS="2008" WIDTH="27" />
<String CONTENT="mit" HEIGHT="54" HPOS="684" LANG="de" VPOS="2006" WIDTH="105" />
<SP HEIGHT="53" HPOS="790" VPOS="2006" WIDTH="27" />
<String CONTENT="besprechung" HEIGHT="69" HPOS="818" LANG="en-US" VPOS="2006" WIDTH="392" />
<SP HEIGHT="51" HPOS="1211" VPOS="2024" WIDTH="27" />
<String CONTENT="von" HEIGHT="35" HPOS="1239" LANG="fi" VPOS="2024" WIDTH="110" />
<SP HEIGHT="52" HPOS="1350" VPOS="2006" WIDTH="27" />
<String CONTENT="K." HEIGHT="52" HPOS="1378" LANG="fi" VPOS="2006" WIDTH="72" />
<SP HEIGHT="52" HPOS="1451" VPOS="2007" WIDTH="29" />
<String CONTENT="N." HEIGHT="52" HPOS="1481" LANG="en-US" VPOS="2007" WIDTH="67" />
<SP HEIGHT="51" HPOS="1549" VPOS="2007" WIDTH="31" />
<String CONTENT="Llewellyn" HEIGHT="70" HPOS="1581" LANG="en-US" VPOS="2005" WIDTH="314" />
<SP HEIGHT="32" HPOS="1896" VPOS="2025" WIDTH="33" />
<String CONTENT="&#8230;" CS="1" LANG="en-US" />
<SP HEIGHT="33" HPOS="1986" VPOS="2023" WIDTH="30" />
<String CONTENT="unter" HEIGHT="48" HPOS="2017" LANG="de" VPOS="2009" WIDTH="169" />
</TextLine>
<TextLine CS="1" HEIGHT="61" HPOS="192" LANG="de" STYLEREFS="StyleId-CFA77FE2-5FEE-4E93-8C37-8002986C051B-" VPOS="2081" WIDTH="1989">
<String CONTENT="mithilfe" HEIGHT="54" HPOS="192" VPOS="2084" WIDTH="253" />
<SP HEIGHT="51" HPOS="446" VPOS="2086" WIDTH="34" />
<String CONTENT="bei" HEIGHT="52" HPOS="481" VPOS="2085" WIDTH="88" />
<SP HEIGHT="52" HPOS="570" VPOS="2085" WIDTH="39" />
<String CONTENT="der" HEIGHT="52" HPOS="610" VPOS="2086" WIDTH="99" />
<SP HEIGHT="34" HPOS="710" VPOS="2103" WIDTH="36" />
<String CONTENT="auswahl" HEIGHT="52" HPOS="747" VPOS="2085" WIDTH="253" />
<SP HEIGHT="51" HPOS="1001" VPOS="2085" WIDTH="36" />
<String CONTENT="von" HEIGHT="36" HPOS="1038" VPOS="2101" WIDTH="111" />
<SP HEIGHT="54" HPOS="1150" VPOS="2086" WIDTH="35" />
<String CONTENT="William" HEIGHT="56" HPOS="1186" VPOS="2084" WIDTH="261" />
<SP HEIGHT="51" HPOS="1448" VPOS="2086" WIDTH="35" />
<String CONTENT="A." HEIGHT="51" HPOS="1484" VPOS="2086" WIDTH="72" />
<SP HEIGHT="50" HPOS="1557" VPOS="2087" WIDTH="34" />
<String CONTENT="Leider" HEIGHT="55" HPOS="1592" VPOS="2082" WIDTH="207" />
<SP HEIGHT="34" HPOS="1800" VPOS="2102" WIDTH="40" />
<String CONTENT="&#8230;" CS="1" />
<SP HEIGHT="35" HPOS="1899" VPOS="2101" WIDTH="38" />
<String CONTENT="und" HEIGHT="53" HPOS="1938" VPOS="2083" WIDTH="120" />
<SP HEIGHT="53" HPOS="2059" VPOS="2083" WIDTH="33" />
<String CONTENT="bei" HEIGHT="54" HPOS="2093" VPOS="2083" WIDTH="88" />
</TextLine>
<TextLine CS="1" HEIGHT="74" HPOS="192" LANG="de" STYLEREFS="StyleId-CFA77FE2-5FEE-4E93-8C37-8002986C051B-" VPOS="2159" WIDTH="1998">
<String CONTENT="der" HEIGHT="55" HPOS="192" VPOS="2162" WIDTH="102" />
<SP HEIGHT="33" HPOS="294" VPOS="2181" WIDTH="45" />
<String CONTENT="Verdeutschung" HEIGHT="70" HPOS="339" VPOS="2162" WIDTH="457" />
<SP HEIGHT="51" HPOS="796" VPOS="2180" WIDTH="46" />
<String CONTENT="von" HEIGHT="34" HPOS="842" VPOS="2180" WIDTH="111" />
<SP HEIGHT="52" HPOS="953" VPOS="2165" WIDTH="46" />
<String CONTENT="Wolfram" HEIGHT="56" HPOS="999" VPOS="2161" WIDTH="290" />
<SP HEIGHT="33" HPOS="1289" VPOS="2181" WIDTH="47" />
<String CONTENT="v." HEIGHT="32" HPOS="1336" VPOS="2182" WIDTH="50" />
<SP HEIGHT="51" HPOS="1386" VPOS="2164" WIDTH="48" />
<String CONTENT="Metzler" HEIGHT="52" HPOS="1434" VPOS="2163" WIDTH="242" />
<SP HEIGHT="35" HPOS="1676" VPOS="2180" WIDTH="51" />
<String CONTENT="&#8230;" CS="1" />
<SP />
<String CONTENT="2" HEIGHT="49" HPOS="1869" VPOS="2164" WIDTH="34" />
<SP HEIGHT="50" HPOS="1903" VPOS="2164" WIDTH="44" />
<String CONTENT="teile" HEIGHT="52" HPOS="1947" VPOS="2162" WIDTH="134" />
<SP HEIGHT="52" HPOS="2081" VPOS="2161" WIDTH="45" />
<String CONTENT="in" HEIGHT="54" HPOS="2126" VPOS="2161" WIDTH="64" />
</TextLine>
<TextLine CS="1" HEIGHT="152" HPOS="193" LANG="de" STYLEREFS="StyleId-CFA77FE2-5FEE-4E93-8C37-8002986C051B-" VPOS="2237" WIDTH="1971">
<String CONTENT="einem" HEIGHT="55" HPOS="193" VPOS="2240" WIDTH="181" />
<SP HEIGHT="51" HPOS="375" VPOS="2241" WIDTH="29" />
<String CONTENT="bande." HEIGHT="51" HPOS="405" LANG="fr" VPOS="2241" WIDTH="198" />
<SP HEIGHT="54" HPOS="604" VPOS="2241" WIDTH="83" />
<String CONTENT="Gedruckt" HEIGHT="55" HPOS="688" VPOS="2240" WIDTH="293" />
<SP HEIGHT="45" HPOS="982" VPOS="2247" WIDTH="29" />
<String CONTENT="mit" HEIGHT="52" HPOS="1012" VPOS="2240" WIDTH="109" />
<SP HEIGHT="46" HPOS="1122" VPOS="2247" WIDTH="25" />
<String CONTENT="Unterst&#252;tzung" HEIGHT="64" HPOS="1148" VPOS="2245" WIDTH="441" />
<SP HEIGHT="67" HPOS="1590" VPOS="2241" WIDTH="30" />
<String CONTENT="der" HEIGHT="52" HPOS="1621" VPOS="2240" WIDTH="101" />
<SP HEIGHT="50" HPOS="1723" VPOS="2242" WIDTH="27" />
<String CONTENT="Leipziger" HEIGHT="69" HPOS="1751" VPOS="2239" WIDTH="303" />
<SP HEIGHT="53" HPOS="2055" VPOS="2240" WIDTH="29" />
<String CONTENT="Juristenfakult&#228;t." HEIGHT="133" HPOS="194" VPOS="2240" WIDTH="1970" />
<SP HEIGHT="50" HPOS="644" VPOS="2319" WIDTH="74" />
<String CONTENT="Leipzig," HEIGHT="70" HPOS="719" VPOS="2317" WIDTH="255" />
<SP HEIGHT="65" HPOS="975" VPOS="2320" WIDTH="26" />
<String CONTENT="T." HEIGHT="51" HPOS="1002" VPOS="2320" WIDTH="66" />
<SP HEIGHT="53" HPOS="1069" VPOS="2320" WIDTH="23" />
<String CONTENT="Weicher," HEIGHT="70" HPOS="1093" VPOS="2317" WIDTH="281" />
<SP HEIGHT="64" HPOS="1375" VPOS="2322" WIDTH="27" />
<String CONTENT="1933." HEIGHT="52" HPOS="1403" VPOS="2321" WIDTH="151" />
</TextLine>
<TextLine CS="1" HEIGHT="50" HPOS="334" LANG="de" VPOS="2391" WIDTH="786">
<String CONTENT="xv," CS="1" HEIGHT="16" HPOS="334" VPOS="2423" WIDTH="7" />
<SP HEIGHT="29" HPOS="342" VPOS="2412" WIDTH="30" />
<String CONTENT="[1]," HEIGHT="48" HPOS="373" VPOS="2393" WIDTH="70" />
<SP HEIGHT="45" HPOS="444" VPOS="2393" WIDTH="27" />
<String CONTENT="122" HEIGHT="38" HPOS="472" VPOS="2392" WIDTH="84" />
<SP HEIGHT="46" HPOS="557" VPOS="2393" WIDTH="26" />
<String CONTENT="p.," HEIGHT="36" HPOS="584" LANG="fr" VPOS="2403" WIDTH="56" />
<SP HEIGHT="45" HPOS="641" VPOS="2393" WIDTH="27" />
<String CONTENT="1" HEIGHT="37" HPOS="669" VPOS="2393" WIDTH="23" />
<SP />
<String CONTENT="l.," CS="1" />
<SP />
<String CONTENT="360" HEIGHT="39" HPOS="793" VPOS="2392" WIDTH="86" />
<SP HEIGHT="48" HPOS="880" VPOS="2392" WIDTH="24" />
<String CONTENT="p." HEIGHT="37" HPOS="905" VPOS="2403" WIDTH="41" />
<SP HEIGHT="40" HPOS="947" VPOS="2392" WIDTH="56" />
<String CONTENT="25cm." HEIGHT="39" HPOS="1004" VPOS="2392" WIDTH="116" />
</TextLine>
<TextLine HEIGHT="57" HPOS="269" LANG="de" VPOS="2444" WIDTH="1927">
<String CONTENT="&#8220;Dieses" HEIGHT="40" HPOS="269" VPOS="2449" WIDTH="197" />
<SP HEIGHT="38" HPOS="467" VPOS="2449" WIDTH="33" />
<String CONTENT="buch" HEIGHT="39" HPOS="501" VPOS="2449" WIDTH="122" />
<SP HEIGHT="38" HPOS="624" VPOS="2448" WIDTH="35" />
<String CONTENT="ist" HEIGHT="40" HPOS="660" VPOS="2448" WIDTH="64" />
<SP HEIGHT="38" HPOS="725" VPOS="2451" WIDTH="34" />
<String CONTENT="aus" HEIGHT="31" HPOS="760" VPOS="2458" WIDTH="88" />
<SP HEIGHT="30" HPOS="849" VPOS="2459" WIDTH="35" />
<String CONTENT="einem" HEIGHT="39" HPOS="885" VPOS="2450" WIDTH="151" />
<SP HEIGHT="36" HPOS="1037" VPOS="2460" WIDTH="38" />
<String CONTENT="praktikum" HEIGHT="48" HPOS="1076" VPOS="2448" WIDTH="283" />
<SP HEIGHT="39" HPOS="1360" VPOS="2449" WIDTH="36" />
<String CONTENT="&#252;ber" HEIGHT="39" HPOS="1397" VPOS="2449" WIDTH="116" />
<SP HEIGHT="29" HPOS="1514" VPOS="2459" WIDTH="35" />
<String CONTENT="aufbau" HEIGHT="41" HPOS="1550" VPOS="2448" WIDTH="184" />
<SP HEIGHT="29" HPOS="1735" VPOS="2459" WIDTH="36" />
<String CONTENT="und" HEIGHT="38" HPOS="1772" VPOS="2450" WIDTH="98" />
<SP HEIGHT="47" HPOS="1871" VPOS="2450" WIDTH="35" />
<String CONTENT="praxis" HEIGHT="48" HPOS="1907" LANG="fr" VPOS="2449" WIDTH="167" />
<SP HEIGHT="40" HPOS="2075" VPOS="2449" WIDTH="36" />
<String CONTENT="des" HEIGHT="41" HPOS="2112" VPOS="2448" WIDTH="84" />
</TextLine>
<TextLine HEIGHT="57" HPOS="188" LANG="de" VPOS="2508" WIDTH="2002">
<String CONTENT="amerikanischen" HEIGHT="43" HPOS="188" VPOS="2511" WIDTH="422" />
<SP HEIGHT="29" HPOS="611" VPOS="2524" WIDTH="23" />
<String CONTENT="case" HEIGHT="31" HPOS="635" LANG="en-US" VPOS="2523" WIDTH="109" />
<SP HEIGHT="41" HPOS="745" VPOS="2513" WIDTH="23" />
<String CONTENT="law" HEIGHT="40" HPOS="769" VPOS="2513" WIDTH="96" />
<SP HEIGHT="39" HPOS="866" VPOS="2514" WIDTH="22" />
<String CONTENT="hervorgegangen," HEIGHT="50" HPOS="889" VPOS="2513" WIDTH="439" />
<SP HEIGHT="36" HPOS="1329" VPOS="2525" WIDTH="25" />
<String CONTENT="welches" HEIGHT="39" HPOS="1355" VPOS="2515" WIDTH="210" />
<SP HEIGHT="39" HPOS="1566" VPOS="2515" WIDTH="21" />
<String CONTENT="ich" HEIGHT="39" HPOS="1588" VPOS="2515" WIDTH="77" />
<SP HEIGHT="40" HPOS="1666" VPOS="2515" WIDTH="25" />
<String CONTENT="die" HEIGHT="43" HPOS="1692" VPOS="2513" WIDTH="77" />
<SP HEIGHT="31" HPOS="1770" VPOS="2524" WIDTH="25" />
<String CONTENT="ehre" HEIGHT="39" HPOS="1796" VPOS="2515" WIDTH="115" />
<SP HEIGHT="37" HPOS="1912" VPOS="2517" WIDTH="24" />
<String CONTENT="hatte," HEIGHT="43" HPOS="1937" VPOS="2517" WIDTH="151" />
<SP HEIGHT="34" HPOS="2089" VPOS="2526" WIDTH="27" />
<String CONTENT="als" HEIGHT="39" HPOS="2117" VPOS="2516" WIDTH="73" />
</TextLine>
<TextLine HEIGHT="59" HPOS="194" VPOS="2565" WIDTH="2002">
<String CONTENT="gastprof" HEIGHT="50" HPOS="194" LANG="de" VPOS="2570" WIDTH="224" />
<String CONTENT="essor" HEIGHT="30" HPOS="420" LANG="fr" VPOS="2580" WIDTH="133" />
<SP HEIGHT="29" HPOS="554" VPOS="2581" WIDTH="33" />
<String CONTENT="und" HEIGHT="39" HPOS="588" LANG="de" VPOS="2572" WIDTH="97" />
<SP HEIGHT="45" HPOS="686" VPOS="2572" WIDTH="33" />
<String CONTENT="gleichzeitig" HEIGHT="52" HPOS="720" LANG="de" VPOS="2568" WIDTH="307" />
<SP HEIGHT="38" HPOS="1028" VPOS="2581" WIDTH="32" />
<String CONTENT="als" HEIGHT="40" HPOS="1061" LANG="de" VPOS="2571" WIDTH="73" />
<SP HEIGHT="41" HPOS="1135" VPOS="2571" WIDTH="36" />
<String CONTENT="Carnegie" HEIGHT="50" HPOS="1172" LANG="de" VPOS="2570" WIDTH="235" />
<SP HEIGHT="41" HPOS="1408" VPOS="2570" WIDTH="33" />
<String CONTENT="international" HEIGHT="44" HPOS="1442" LANG="de" VPOS="2569" WIDTH="352" />
<SP HEIGHT="48" HPOS="1795" VPOS="2572" WIDTH="36" />
<String CONTENT="professor," HEIGHT="49" HPOS="1832" LANG="en-US" VPOS="2571" WIDTH="261" />
<SP HEIGHT="48" HPOS="2094" VPOS="2571" WIDTH="37" />
<String CONTENT="im" HEIGHT="40" HPOS="2132" LANG="de" VPOS="2570" WIDTH="64" />
</TextLine>
<TextLine HEIGHT="56" HPOS="195" LANG="de" VPOS="2623" WIDTH="2004">
<String CONTENT="Wintersemester" HEIGHT="42" HPOS="195" VPOS="2627" WIDTH="409" />
<SP HEIGHT="37" HPOS="605" VPOS="2629" WIDTH="26" />
<String CONTENT="1928-29" HEIGHT="41" HPOS="632" VPOS="2627" WIDTH="204" />
<SP HEIGHT="40" HPOS="837" VPOS="2627" WIDTH="27" />
<String CONTENT="an" HEIGHT="29" HPOS="865" VPOS="2638" WIDTH="63" />
<SP HEIGHT="37" HPOS="929" VPOS="2630" WIDTH="28" />
<String CONTENT="der" HEIGHT="37" HPOS="958" VPOS="2630" WIDTH="87" />
<SP HEIGHT="38" HPOS="1046" VPOS="2629" WIDTH="27" />
<String CONTENT="Leipziger" HEIGHT="50" HPOS="1074" VPOS="2627" WIDTH="250" />
<SP HEIGHT="39" HPOS="1325" VPOS="2629" WIDTH="31" />
<String CONTENT="Juristenfakult&#228;t" HEIGHT="43" HPOS="1357" VPOS="2627" WIDTH="445" />
<SP HEIGHT="38" HPOS="1803" VPOS="2631" WIDTH="29" />
<String CONTENT="zu" HEIGHT="28" HPOS="1833" VPOS="2640" WIDTH="59" />
<SP HEIGHT="39" HPOS="1893" VPOS="2629" WIDTH="30" />
<String CONTENT="halten.&#8221;&#8212;" HEIGHT="42" HPOS="1924" VPOS="2627" WIDTH="275" />
</TextLine>
<TextLine HEIGHT="41" HPOS="195" LANG="de" VPOS="2685" WIDTH="234">
<String CONTENT="Vorwort." HEIGHT="41" HPOS="195" VPOS="2685" WIDTH="234" />
</TextLine>
<TextLine CS="1" HEIGHT="57" HPOS="270" LANG="de" VPOS="2738" WIDTH="1288">
<String CONTENT="&#8220;Einiges" HEIGHT="50" HPOS="270" VPOS="2740" WIDTH="224" />
<SP HEIGHT="29" HPOS="495" VPOS="2751" WIDTH="25" />
<String CONTENT="aus" HEIGHT="30" HPOS="521" VPOS="2751" WIDTH="88" />
<SP HEIGHT="37" HPOS="610" VPOS="2744" WIDTH="24" />
<String CONTENT="der" HEIGHT="37" HPOS="635" VPOS="2744" WIDTH="86" />
<SP HEIGHT="37" HPOS="722" VPOS="2743" WIDTH="23" />
<String CONTENT="literatur&#8221;:" CS="1" HEIGHT="41" HPOS="746" VPOS="2741" WIDTH="258" />
<SP HEIGHT="38" HPOS="1032" VPOS="2743" WIDTH="28" />
<String CONTENT="1." HEIGHT="37" HPOS="1061" VPOS="2743" WIDTH="38" />
<SP HEIGHT="37" HPOS="1100" VPOS="2753" WIDTH="29" />
<String CONTENT="pt.," HEIGHT="46" HPOS="1130" VPOS="2744" WIDTH="80" />
<SP HEIGHT="38" HPOS="1211" VPOS="2753" WIDTH="26" />
<String CONTENT="p." HEIGHT="39" HPOS="1238" VPOS="2752" WIDTH="41" />
<SP HEIGHT="30" HPOS="1280" VPOS="2762" WIDTH="32" />
<String CONTENT="[120]-122." CS="1" HEIGHT="50" HPOS="1313" VPOS="2742" WIDTH="245" />
</TextLine>
<TextLine CS="1" HEIGHT="60" HPOS="201" LANG="de" VPOS="2790" WIDTH="1828">
<String CONTENT="&#169;" HEIGHT="52" HPOS="201" VPOS="2794" WIDTH="51" />
<SP HEIGHT="52" HPOS="253" VPOS="2794" WIDTH="27" />
<String CONTENT="Jan." HEIGHT="40" HPOS="281" VPOS="2798" WIDTH="106" />
<SP HEIGHT="39" HPOS="388" VPOS="2799" WIDTH="27" />
<String CONTENT="9," HEIGHT="46" HPOS="416" VPOS="2799" WIDTH="38" />
<SP HEIGHT="45" HPOS="455" VPOS="2800" WIDTH="27" />
<String CONTENT="1933;" HEIGHT="46" HPOS="483" VPOS="2798" WIDTH="140" />
<SP />
<String CONTENT="1c." CS="1" />
<SP />
<String CONTENT="Mar." HEIGHT="41" HPOS="747" VPOS="2798" WIDTH="121" />
<SP HEIGHT="39" HPOS="869" VPOS="2799" WIDTH="25" />
<String CONTENT="22;" HEIGHT="46" HPOS="895" VPOS="2799" WIDTH="83" />
<SP HEIGHT="46" HPOS="979" VPOS="2799" WIDTH="28" />
<String CONTENT="A" HEIGHT="38" HPOS="1008" LANG="en-US" VPOS="2799" WIDTH="40" />
<String CONTENT="-Foreign" HEIGHT="50" HPOS="1050" VPOS="2797" WIDTH="270" />
<SP HEIGHT="38" HPOS="1321" VPOS="2800" WIDTH="25" />
<String CONTENT="20351;" HEIGHT="47" HPOS="1347" VPOS="2800" WIDTH="170" />
<SP HEIGHT="46" HPOS="1518" VPOS="2801" WIDTH="28" />
<String CONTENT="Theodor" HEIGHT="41" HPOS="1547" VPOS="2800" WIDTH="223" />
<SP HEIGHT="39" HPOS="1771" VPOS="2801" WIDTH="24" />
<String CONTENT="Weicher." HEIGHT="40" HPOS="1796" VPOS="2801" WIDTH="233" />
</TextLine>
<TextLine HEIGHT="49" HPOS="279" LANG="de" VPOS="2855" WIDTH="279">
<String CONTENT="(33-19552)" HEIGHT="49" HPOS="279" VPOS="2855" WIDTH="279" />
</TextLine>
<TextLine HEIGHT="70" HPOS="202" LANG="en-US" STYLEREFS="StyleId-24389653-F8F7-4AD2-99E3-30EA4655BCE4-" VPOS="2941" WIDTH="896">
<String CONTENT="Mackenzie," HEIGHT="68" HPOS="202" VPOS="2942" WIDTH="354" />
<SP HEIGHT="63" HPOS="557" VPOS="2946" WIDTH="31" />
<String CONTENT="Compton," HEIGHT="65" HPOS="589" VPOS="2945" WIDTH="305" />
<SP HEIGHT="59" HPOS="895" VPOS="2950" WIDTH="31" />
<String CONTENT="1882-" HEIGHT="50" HPOS="927" VPOS="2948" WIDTH="171" />
</TextLine>
<TextLine HEIGHT="82" HPOS="273" LANG="en-US" STYLEREFS="StyleId-CFA77FE2-5FEE-4E93-8C37-8002986C051B-" VPOS="3015" WIDTH="1927">
<String CONTENT="Literature" HEIGHT="57" HPOS="273" VPOS="3019" WIDTH="323" />
<SP HEIGHT="52" HPOS="597" VPOS="3023" WIDTH="41" />
<String CONTENT="in" HEIGHT="51" HPOS="639" LANG="de" VPOS="3023" WIDTH="61" />
<SP HEIGHT="36" HPOS="701" VPOS="3040" WIDTH="39" />
<String CONTENT="my" HEIGHT="52" HPOS="741" VPOS="3040" WIDTH="96" />
<SP HEIGHT="63" HPOS="838" VPOS="3028" WIDTH="38" />
<String CONTENT="time," HEIGHT="67" HPOS="877" VPOS="3023" WIDTH="155" />
<SP HEIGHT="66" HPOS="1033" VPOS="3024" WIDTH="40" />
<String CONTENT="by" HEIGHT="68" HPOS="1074" VPOS="3024" WIDTH="75" />
<SP HEIGHT="68" HPOS="1150" VPOS="3024" WIDTH="41" />
<String CONTENT="Compton" HEIGHT="71" HPOS="1192" VPOS="3023" WIDTH="286" />
<SP HEIGHT="51" HPOS="1479" VPOS="3026" WIDTH="39" />
<String CONTENT="Mackenzie." HEIGHT="55" HPOS="1519" VPOS="3024" WIDTH="346" />
<SP HEIGHT="51" HPOS="1866" VPOS="3027" WIDTH="77" />
<String CONTENT="London," HEIGHT="68" HPOS="1944" VPOS="3025" WIDTH="256" />
</TextLine>
<TextLine CS="1" HEIGHT="73" HPOS="203" LANG="en-US" STYLEREFS="StyleId-CFA77FE2-5FEE-4E93-8C37-8002986C051B-" VPOS="3097" WIDTH="806">
<String CONTENT="Rich" HEIGHT="54" HPOS="203" VPOS="3098" WIDTH="145" />
<SP HEIGHT="53" HPOS="349" VPOS="3099" WIDTH="29" />
<String CONTENT="&amp;" HEIGHT="50" HPOS="379" VPOS="3102" WIDTH="44" />
<SP HEIGHT="55" HPOS="424" VPOS="3099" WIDTH="28" />
<String CONTENT="Cowan" HEIGHT="55" HPOS="452" VPOS="3099" WIDTH="214" />
<SP HEIGHT="51" HPOS="666" VPOS="3101" WIDTH="27" />
<String CONTENT="ltd." HEIGHT="54" HPOS="694" VPOS="3100" WIDTH="106" />
<SP HEIGHT="34" HPOS="800" VPOS="3134" WIDTH="35" />
<String CONTENT="[1933]" CS="1" HEIGHT="64" HPOS="857" VPOS="3104" WIDTH="152" />
</TextLine>
<TextLine HEIGHT="63" HPOS="278" LANG="en-US" VPOS="3168" WIDTH="1476">
<String CONTENT="viii," HEIGHT="50" HPOS="278" VPOS="3171" WIDTH="100" />
<SP HEIGHT="49" HPOS="379" VPOS="3171" WIDTH="27" />
<String CONTENT="9-254" HEIGHT="42" HPOS="407" VPOS="3171" WIDTH="143" />
<SP HEIGHT="50" HPOS="551" VPOS="3172" WIDTH="25" />
<String CONTENT="p." HEIGHT="37" HPOS="577" VPOS="3185" WIDTH="41" />
<SP HEIGHT="39" HPOS="619" VPOS="3173" WIDTH="61" />
<String CONTENT="19cm." HEIGHT="44" HPOS="681" VPOS="3171" WIDTH="114" />
<SP HEIGHT="48" HPOS="796" VPOS="3175" WIDTH="66" />
<String CONTENT="(Lettered" HEIGHT="48" HPOS="863" VPOS="3175" WIDTH="250" />
<SP HEIGHT="40" HPOS="1114" VPOS="3176" WIDTH="28" />
<String CONTENT="on" HEIGHT="30" HPOS="1143" VPOS="3186" WIDTH="61" />
<SP HEIGHT="30" HPOS="1205" VPOS="3186" WIDTH="26" />
<String CONTENT="cover:" HEIGHT="33" HPOS="1232" VPOS="3185" WIDTH="162" />
<SP HEIGHT="39" HPOS="1395" VPOS="3178" WIDTH="26" />
<String CONTENT="In" HEIGHT="40" HPOS="1422" VPOS="3178" WIDTH="55" />
<SP HEIGHT="28" HPOS="1478" VPOS="3190" WIDTH="25" />
<String CONTENT="my" HEIGHT="36" HPOS="1504" VPOS="3190" WIDTH="79" />
<SP HEIGHT="44" HPOS="1584" VPOS="3182" WIDTH="27" />
<String CONTENT="time)" HEIGHT="49" HPOS="1612" VPOS="3179" WIDTH="142" />
</TextLine>
<TextLine HEIGHT="70" HPOS="209" LANG="en-US" VPOS="3221" WIDTH="1996">
<String CONTENT="&#169;" HEIGHT="52" HPOS="209" VPOS="3226" WIDTH="51" />
<SP HEIGHT="52" HPOS="261" VPOS="3226" WIDTH="28" />
<String CONTENT="Dec." HEIGHT="40" HPOS="290" VPOS="3231" WIDTH="109" />
<SP HEIGHT="39" HPOS="400" VPOS="3231" WIDTH="26" />
<String CONTENT="6," HEIGHT="46" HPOS="427" VPOS="3231" WIDTH="38" />
<SP HEIGHT="45" HPOS="466" VPOS="3232" WIDTH="27" />
<String CONTENT="1933" HEIGHT="41" HPOS="494" VPOS="3230" WIDTH="112" />
<SP HEIGHT="45" HPOS="607" VPOS="3232" WIDTH="17" />
<String CONTENT=";" HEIGHT="35" HPOS="625" VPOS="3242" WIDTH="8" />
<SP HEIGHT="45" HPOS="634" VPOS="3232" WIDTH="27" />
<String CONTENT="2c." HEIGHT="39" HPOS="662" VPOS="3232" WIDTH="65" />
<SP HEIGHT="29" HPOS="728" VPOS="3243" WIDTH="28" />
<String CONTENT="and" HEIGHT="38" HPOS="757" VPOS="3235" WIDTH="94" />
<SP HEIGHT="37" HPOS="852" VPOS="3235" WIDTH="26" />
<String CONTENT="aff." HEIGHT="39" HPOS="879" VPOS="3233" WIDTH="79" />
<SP HEIGHT="40" HPOS="959" VPOS="3234" WIDTH="30" />
<String CONTENT="Oct." HEIGHT="40" HPOS="990" VPOS="3234" WIDTH="102" />
<SP HEIGHT="39" HPOS="1093" VPOS="3235" WIDTH="27" />
<String CONTENT="11" HEIGHT="38" HPOS="1121" VPOS="3235" WIDTH="54" />
<SP HEIGHT="45" HPOS="1176" VPOS="3235" WIDTH="17" />
<String CONTENT=";" HEIGHT="35" HPOS="1194" VPOS="3245" WIDTH="9" />
<SP HEIGHT="44" HPOS="1204" VPOS="3236" WIDTH="28" />
<String CONTENT="A" HEIGHT="39" HPOS="1233" VPOS="3235" WIDTH="40" />
<SP HEIGHT="39" HPOS="1274" VPOS="3235" WIDTH="25" />
<String CONTENT="18501" HEIGHT="40" HPOS="1300" VPOS="3235" WIDTH="143" />
<SP HEIGHT="45" HPOS="1444" VPOS="3237" WIDTH="17" />
<String CONTENT=";" HEIGHT="34" HPOS="1462" VPOS="3248" WIDTH="8" />
<SP HEIGHT="45" HPOS="1471" VPOS="3237" WIDTH="30" />
<String CONTENT="C." HEIGHT="40" HPOS="1502" VPOS="3237" WIDTH="49" />
<SP HEIGHT="38" HPOS="1552" VPOS="3239" WIDTH="28" />
<String CONTENT="Mackenzie," HEIGHT="48" HPOS="1581" VPOS="3238" WIDTH="291" />
<SP HEIGHT="46" HPOS="1873" VPOS="3239" WIDTH="28" />
<String CONTENT="North" HEIGHT="40" HPOS="1902" VPOS="3239" WIDTH="155" />
<SP HEIGHT="38" HPOS="2058" VPOS="3241" WIDTH="28" />
<String CONTENT="Bay," HEIGHT="47" HPOS="2087" VPOS="3240" WIDTH="118" />
</TextLine>
<TextLine HEIGHT="58" HPOS="280" LANG="en-US" VPOS="3286" WIDTH="1313">
<String CONTENT="Isle" HEIGHT="40" HPOS="280" VPOS="3288" WIDTH="95" />
<SP HEIGHT="28" HPOS="376" VPOS="3299" WIDTH="25" />
<String CONTENT="of" HEIGHT="38" HPOS="402" VPOS="3289" WIDTH="50" />
<SP HEIGHT="38" HPOS="453" VPOS="3289" WIDTH="25" />
<String CONTENT="Barra," HEIGHT="47" HPOS="479" VPOS="3289" WIDTH="171" />
<SP HEIGHT="47" HPOS="651" VPOS="3289" WIDTH="29" />
<String CONTENT="Outer" HEIGHT="42" HPOS="681" VPOS="3288" WIDTH="150" />
<SP HEIGHT="37" HPOS="832" VPOS="3291" WIDTH="27" />
<String CONTENT="Isles," HEIGHT="46" HPOS="860" VPOS="3291" WIDTH="135" />
<SP HEIGHT="46" HPOS="996" VPOS="3291" WIDTH="31" />
<String CONTENT="Scotland." HEIGHT="42" HPOS="1028" VPOS="3290" WIDTH="242" />
<SP HEIGHT="47" HPOS="1271" VPOS="3293" WIDTH="70" />
<String CONTENT="(34-1482)" HEIGHT="48" HPOS="1342" VPOS="3293" WIDTH="251" />
</TextLine>
<TextLine HEIGHT="71" HPOS="209" STYLEREFS="StyleId-24389653-F8F7-4AD2-99E3-30EA4655BCE4-" VPOS="3375" WIDTH="954">
<String CONTENT="Makin," HEIGHT="66" HPOS="209" LANG="fi" VPOS="3376" WIDTH="220" />
<SP HEIGHT="62" HPOS="430" VPOS="3379" WIDTH="27" />
<String CONTENT="William" HEIGHT="55" HPOS="458" LANG="en-US" VPOS="3377" WIDTH="253" />
<SP HEIGHT="52" HPOS="712" VPOS="3381" WIDTH="26" />
<String CONTENT="James," HEIGHT="65" HPOS="739" LANG="en-US" VPOS="3380" WIDTH="219" />
<SP HEIGHT="60" HPOS="959" VPOS="3384" WIDTH="32" />
<String CONTENT="1894-" HEIGHT="51" HPOS="992" LANG="en-US" VPOS="3383" WIDTH="171" />
</TextLine>
<TextLine HEIGHT="87" HPOS="282" LANG="en-US" STYLEREFS="StyleId-CFA77FE2-5FEE-4E93-8C37-8002986C051B-" VPOS="3449" WIDTH="1921">
<String CONTENT="The" HEIGHT="54" HPOS="282" VPOS="3453" WIDTH="121" />
<SP HEIGHT="33" HPOS="404" VPOS="3473" WIDTH="38" />
<String CONTENT="adventures" HEIGHT="55" HPOS="443" VPOS="3454" WIDTH="338" />
<SP HEIGHT="35" HPOS="782" VPOS="3475" WIDTH="37" />
<String CONTENT="of" HEIGHT="53" HPOS="820" VPOS="3457" WIDTH="63" />
<SP HEIGHT="53" HPOS="884" VPOS="3457" WIDTH="36" />
<String CONTENT="Red" HEIGHT="51" HPOS="921" VPOS="3459" WIDTH="123" />
<SP HEIGHT="53" HPOS="1045" VPOS="3459" WIDTH="36" />
<String CONTENT="Head" HEIGHT="52" HPOS="1082" VPOS="3460" WIDTH="168" />
<SP HEIGHT="52" HPOS="1251" VPOS="3460" WIDTH="39" />
<String CONTENT="of" HEIGHT="51" HPOS="1291" VPOS="3461" WIDTH="62" />
<SP HEIGHT="51" HPOS="1354" VPOS="3461" WIDTH="36" />
<String CONTENT="the" HEIGHT="52" HPOS="1391" VPOS="3462" WIDTH="95" />
<SP HEIGHT="51" HPOS="1487" VPOS="3464" WIDTH="37" />
<String CONTENT="Red" HEIGHT="52" HPOS="1525" VPOS="3463" WIDTH="122" />
<SP HEIGHT="52" HPOS="1648" VPOS="3463" WIDTH="37" />
<String CONTENT="sea," HEIGHT="51" HPOS="1686" VPOS="3480" WIDTH="108" />
<SP HEIGHT="65" HPOS="1795" VPOS="3465" WIDTH="37" />
<String CONTENT="by" HEIGHT="67" HPOS="1833" VPOS="3465" WIDTH="73" />
<SP HEIGHT="67" HPOS="1907" VPOS="3465" WIDTH="35" />
<String CONTENT="William" HEIGHT="54" HPOS="1943" VPOS="3464" WIDTH="260" />
</TextLine>
<TextLine CS="1" HEIGHT="78" HPOS="211" LANG="en-US" STYLEREFS="StyleId-CFA77FE2-5FEE-4E93-8C37-8002986C051B-" VPOS="3530" WIDTH="1378">
<String CONTENT="J." HEIGHT="52" HPOS="211" VPOS="3534" WIDTH="53" />
<SP HEIGHT="52" HPOS="265" VPOS="3534" WIDTH="28" />
<String CONTENT="Makin." HEIGHT="54" HPOS="294" LANG="fi" VPOS="3532" WIDTH="217" />
<SP HEIGHT="50" HPOS="512" VPOS="3534" WIDTH="74" />
<String CONTENT="London," HEIGHT="70" HPOS="587" VPOS="3533" WIDTH="257" />
<SP HEIGHT="64" HPOS="845" VPOS="3538" WIDTH="26" />
<String CONTENT="Jarrolds," HEIGHT="67" HPOS="872" VPOS="3537" WIDTH="283" />
<SP HEIGHT="65" HPOS="1156" VPOS="3539" WIDTH="24" />
<String CONTENT="limited" HEIGHT="56" HPOS="1181" VPOS="3536" WIDTH="223" />
<SP HEIGHT="67" HPOS="1405" VPOS="3538" WIDTH="30" />
<String CONTENT="[1933]" CS="1" HEIGHT="63" HPOS="1436" VPOS="3542" WIDTH="153" />
</TextLine>
<TextLine CS="1" HEIGHT="49" HPOS="277" LANG="en-US" VPOS="3605" WIDTH="349">
<String CONTENT="288" HEIGHT="42" HPOS="277" VPOS="3605" WIDTH="89" />
<SP HEIGHT="48" HPOS="366" VPOS="3605" WIDTH="26" />
<String CONTENT="p." HEIGHT="36" HPOS="392" VPOS="3617" WIDTH="43" />
<SP HEIGHT="41" HPOS="435" VPOS="3606" WIDTH="58" />
<String CONTENT="19&#189;cm." CS="1" HEIGHT="21" HPOS="581" VPOS="3609" WIDTH="45" />
</TextLine>
<TextLine CS="1" HEIGHT="72" HPOS="217" LANG="en-US" VPOS="3653" WIDTH="1993">
<String CONTENT="&#169;" HEIGHT="52" HPOS="217" VPOS="3658" WIDTH="52" />
<SP />
<String CONTENT="1c." CS="1" />
<SP />
<String CONTENT="June" HEIGHT="38" HPOS="412" VPOS="3664" WIDTH="127" />
<SP HEIGHT="37" HPOS="540" VPOS="3665" WIDTH="33" />
<String CONTENT="16," HEIGHT="46" HPOS="574" VPOS="3664" WIDTH="69" />
<SP HEIGHT="45" HPOS="644" VPOS="3665" WIDTH="37" />
<String CONTENT="1933;" HEIGHT="48" HPOS="682" VPOS="3664" WIDTH="139" />
<SP HEIGHT="46" HPOS="822" VPOS="3665" WIDTH="40" />
<String CONTENT="A" HEIGHT="39" HPOS="863" VPOS="3665" WIDTH="39" />
<SP HEIGHT="40" HPOS="903" VPOS="3665" WIDTH="36" />
<String CONTENT="ad" HEIGHT="39" HPOS="940" VPOS="3666" WIDTH="61" />
<SP HEIGHT="39" HPOS="1002" VPOS="3666" WIDTH="36" />
<String CONTENT="int." HEIGHT="41" HPOS="1039" VPOS="3666" WIDTH="88" />
<SP HEIGHT="39" HPOS="1128" VPOS="3668" WIDTH="38" />
<String CONTENT="17896;" HEIGHT="49" HPOS="1167" VPOS="3666" WIDTH="169" />
<SP HEIGHT="37" HPOS="1337" VPOS="3678" WIDTH="39" />
<String CONTENT="pubd." HEIGHT="46" HPOS="1377" VPOS="3669" WIDTH="140" />
<SP HEIGHT="38" HPOS="1518" VPOS="3670" WIDTH="39" />
<String CONTENT="Apr." HEIGHT="46" HPOS="1558" VPOS="3670" WIDTH="112" />
<SP HEIGHT="39" HPOS="1671" VPOS="3671" WIDTH="37" />
<String CONTENT="24;" HEIGHT="48" HPOS="1709" VPOS="3670" WIDTH="83" />
<SP HEIGHT="44" HPOS="1793" VPOS="3673" WIDTH="40" />
<String CONTENT="W." HEIGHT="40" HPOS="1834" VPOS="3673" WIDTH="69" />
<SP HEIGHT="40" HPOS="1904" VPOS="3673" WIDTH="41" />
<String CONTENT="J." HEIGHT="40" HPOS="1946" VPOS="3673" WIDTH="41" />
<SP HEIGHT="39" HPOS="1988" VPOS="3674" WIDTH="40" />
<String CONTENT="Makin," HEIGHT="49" HPOS="2029" LANG="fi" VPOS="3672" WIDTH="181" />
</TextLine>
<TextLine HEIGHT="54" HPOS="284" LANG="en-US" VPOS="3717" WIDTH="559">
<String CONTENT="London." HEIGHT="43" HPOS="284" VPOS="3718" WIDTH="208" />
<SP HEIGHT="48" HPOS="493" VPOS="3721" WIDTH="71" />
<String CONTENT="(33-17671)" HEIGHT="50" HPOS="565" VPOS="3720" WIDTH="278" />
</TextLine>
<TextLine HEIGHT="69" HPOS="217" LANG="en-US" STYLEREFS="StyleId-24389653-F8F7-4AD2-99E3-30EA4655BCE4-" VPOS="3807" WIDTH="897">
<String CONTENT="Messer," HEIGHT="68" HPOS="217" VPOS="3808" WIDTH="243" />
<SP HEIGHT="64" HPOS="461" VPOS="3811" WIDTH="25" />
<String CONTENT="Mona" HEIGHT="53" HPOS="487" VPOS="3811" WIDTH="175" />
<SP HEIGHT="51" HPOS="663" VPOS="3813" WIDTH="22" />
<String CONTENT="Naomi" HEIGHT="54" HPOS="686" VPOS="3812" WIDTH="213" />
<SP HEIGHT="51" HPOS="900" VPOS="3814" WIDTH="25" />
<String CONTENT="Anne." HEIGHT="56" HPOS="926" VPOS="3814" WIDTH="188" />
</TextLine>
<TextLine CS="1" HEIGHT="86" HPOS="285" LANG="en-US" STYLEREFS="StyleId-CFA77FE2-5FEE-4E93-8C37-8002986C051B-" VPOS="3882" WIDTH="1925">
<String CONTENT="A" HEIGHT="54" HPOS="285" VPOS="3886" WIDTH="57" />
<SP HEIGHT="53" HPOS="343" VPOS="3886" WIDTH="28" />
<String CONTENT="dinner" HEIGHT="53" HPOS="372" VPOS="3887" WIDTH="203" />
<SP HEIGHT="34" HPOS="576" VPOS="3907" WIDTH="30" />
<String CONTENT="of" HEIGHT="52" HPOS="607" VPOS="3889" WIDTH="63" />
<SP HEIGHT="53" HPOS="671" VPOS="3889" WIDTH="26" />
<String CONTENT="herbs," HEIGHT="68" HPOS="698" VPOS="3890" WIDTH="184" />
<SP HEIGHT="65" HPOS="883" VPOS="3892" WIDTH="27" />
<String CONTENT="by" HEIGHT="66" HPOS="911" VPOS="3892" WIDTH="76" />
<SP HEIGHT="66" HPOS="988" VPOS="3892" WIDTH="27" />
<String CONTENT="Mona" HEIGHT="52" HPOS="1016" VPOS="3892" WIDTH="173" />
<SP HEIGHT="53" HPOS="1190" VPOS="3894" WIDTH="31" />
<String CONTENT="Messer" HEIGHT="55" HPOS="1222" VPOS="3893" WIDTH="213" />
<SP HEIGHT="34" HPOS="1436" VPOS="3914" WIDTH="33" />
<String CONTENT="&#8230;" CS="1" />
<SP HEIGHT="51" HPOS="1526" VPOS="3898" WIDTH="77" />
<String CONTENT="London," HEIGHT="68" HPOS="1604" VPOS="3897" WIDTH="258" />
<SP HEIGHT="65" HPOS="1863" VPOS="3899" WIDTH="33" />
<String CONTENT="S." HEIGHT="55" HPOS="1897" VPOS="3899" WIDTH="56" />
<SP HEIGHT="51" HPOS="1954" VPOS="3901" WIDTH="31" />
<String CONTENT="Paul" HEIGHT="53" HPOS="1986" VPOS="3900" WIDTH="143" />
<SP HEIGHT="54" HPOS="2130" VPOS="3900" WIDTH="34" />
<String CONTENT="&amp;" HEIGHT="52" HPOS="2165" VPOS="3902" WIDTH="45" />
</TextLine>
<TextLine CS="1" HEIGHT="70" HPOS="218" LANG="en-US" STYLEREFS="StyleId-CFA77FE2-5FEE-4E93-8C37-8002986C051B-" VPOS="3964" WIDTH="432">
<String CONTENT="co.," HEIGHT="50" HPOS="218" VPOS="3979" WIDTH="96" />
<SP HEIGHT="64" HPOS="315" VPOS="3964" WIDTH="25" />
<String CONTENT="ltd." HEIGHT="54" HPOS="341" VPOS="3964" WIDTH="101" />
<SP HEIGHT="32" HPOS="443" VPOS="4000" WIDTH="35" />
<String CONTENT="[1933]" CS="1" HEIGHT="63" HPOS="500" VPOS="3970" WIDTH="150" />
</TextLine>
</TextBlock>
</PrintSpace>
</Page>
</Layout>
</alto>