2540 4453
1101 4055 101 51 387

160 401 208 65 Chase,
401 402 191 63 Mary.

230 478 129 68 Gay
399 477 272 69 highway
736 477 92 68 [by]
876 476 170 69 Mary
1090 475 197 55 Chase.
1363 471 427 71 Philadelphia,
1832 474 122 53 The
1996 476 158 51 Penn

159 555 849 70 publishing company [ c 1933]
229 630 87 41 302
351 641 45 38 p.
454 629 117 42 19cm.

165 683 51 52 ©
247 689 121 39 Mar.
398 689 68 46 17,
495 686 140 48 1933;
666 687 67 40 2c.
763 688 95 39 and
888 686 82 41 aff.
1000 687 122 38 Mar.
1151 684 82 47 29;
1266 678 240 54 A 61120;
1540 687 131 37 Penn
1701 684 108 48 pub.
1842 696 65 29 co.

241 745 248 48 (33-7380)

228 818 137 65 City
405 819 245 53 without
692 838 30 33 a
762 819 178 52 heart.
1018 820 213 50 Boston
1277 818 111 52 and
1431 820 138 51 New
1613 817 180 67 York,
1834 816 317 70 Houghton

158 897 203 54 Mifflin
393 916 296 49 company,
720 901 152 49 1933.

232 955 559 64 2 p. l., 300 p. 19½ cm .
165 1024 51 53 ©
250 1029 123 41 Mar.
405 1026 69 43 22.
508 1027 140 48 1933;
684 1026 67 42 2c.
786 1028 95 40 and
916 1026 82 42 aff.
1034 1028 120 39 Mar.
1188 1025 82 48 27;
1307 1027 40 39 A
1381 1026 170 48 61102;
1590 1025 262 50 Houghton
1888 1024 166 42 Mifflin
2091 1036 67 34 co.

240 1085 250 49 (33-7564)

156 1161 194 65 Clark,
381 1162 211 63 Annye
623 1159 264 57 Beatrix.

227 1237 246 69 History
499 1236 64 54 of
591 1237 206 53 Prince
822 1236 262 55 William
1114 1242 227 63 county,
1371 1237 73 68 by
1471 1236 209 69 Annye
1709 1236 239 55 Beatrix
1980 1236 178 56 Clark

158 1314 1976 133 … and Catherine Smith Arrington … [Manassas] Prince William
323 1399 227 63 county,
576 1395 125 66 Va.,
729 1393 229 69 County
982 1393 191 53 school
1200 1393 177 53 board
1410 1395 172 65 [1933]

227 1467 57 41 79
313 1477 42 38 p.
416 1467 127 40 illus.
574 1466 132 48 (incl.
739 1466 173 48 ports.)
980 1465 56 40 21
1040 1468 44 22 cm
1089 1498 8 9 .

163 1521 52 53 ©
247 1528 122 38 Mar.
397 1527 41 45 4,
470 1525 140 47 1933;
642 1525 66 41 2c.
741 1527 99 38 and
867 1524 80 40 aff.
982 1527 119 37 Mar.
1135 1524 82 46 22;
1251 1525 42 38 A
1324 1524 169 47 61018;
1529 1525 171 39 Prince
1732 1523 216 42 William
1981 1527 177 46 county

233 1582 161 41 school
423 1583 165 45 board,
619 1584 270 45 Manassas,
920 1583 85 39 Va.
1076 1581 251 49 (33-7505)

156 1665 361 54 Conference
552 1665 63 53 of
651 1663 382 55 universities
1067 1681 74 36 on
1177 1664 103 53 the
1315 1663 323 65 obligation
1672 1664 64 54 of
1771 1663 383 55 universities

225 1745 63 52 to
314 1743 101 56 the
445 1742 177 56 social
651 1744 189 64 order,
866 1745 140 52 New
1037 1743 178 66 York,
1246 1745 151 53 1932.

229 1822 121 53 The
381 1822 318 69 obligation
730 1821 64 55 of
823 1821 361 54 universities
1215 1827 58 49 to
1307 1823 97 53 the
1434 1822 173 53 social
1640 1823 196 67 order;
1870 1822 293 54 addresses

158 1899 1980 147 and discussion at a Conference of universities under the auspices
338 1978 65 54 of
433 1978 138 54 New
604 1978 163 54 York
796 1978 319 68 university
1147 1984 59 48 at
1235 1978 96 54 the
1361 1977 535 56 Waldorf-Astoria
1930 1979 60 53 in
2023 1978 139 54 New

161 2056 178 68 York,
373 2057 319 53 November
727 2056 189 68 15-17,
950 2060 149 50 1932.
1175 2057 139 53 New
1350 2057 182 68 York,
1565 2056 139 53 New
1739 2056 163 54 York
158 2056 1980 142 university
299 2153 185 45 press:
513 2135 260 63 London,
797 2135 79 54 H.
903 2134 268 64 Milford,
1199 2134 230 56 Oxford
1457 2134 319 64 university
1805 2153 177 45 press,
2009 2138 151 50 1933.

314 2239 9 17 xlv,
358 2208 98 49 503,
539 2227 11 31 [1]
587 2219 44 38 p.
690 2209 57 40 24
749 2211 44 21 cm
798 2240 9 9 .

229 2264 272 49 “Prepared
551 2266 153 39 under
753 2266 81 40 the
883 2263 226 42 editorial
1160 2263 305 51 supervision
1514 2264 53 41 of
1615 2264 168 48 Henry
1833 2264 142 41 Pratt
2025 2263 134 41 Fair-

156 2320 278 49 child.”—p.
477 2321 99 50 [xii]

163 2373 52 53 ©
247 2380 121 39 Mar.
399 2379 68 43 10,
499 2378 139 42 1933:
671 2378 67 42 2c.
769 2380 95 39 and
895 2379 82 40 aff.
1010 2380 121 40 Mar.
1162 2379 83 41 16:
1279 2379 40 38 A
1351 2379 169 46 60630;
1555 2379 119 39 New
1702 2378 132 40 York
1865 2377 144 44 univ..
2042 2379 116 38 New

230 2436 144 40 York.
444 2435 249 50 (33-7519)

156 2525 230 66 Craige,
415 2527 153 53 John
598 2528 291 63 Houston,
922 2532 171 50 1886-

229 2602 181 54 Black
438 2604 242 68 Bagdad
731 2603 93 69 [by]
856 2603 156 55 John
1040 2602 267 54 Houston
1338 2602 223 70 Craige.
1627 2603 138 52 New
1795 2601 181 70 York,
158 2602 1973 145 Minton,
301 2681 179 53 Balch
509 2683 45 50 &
579 2699 298 51 company,
905 2684 151 50 1933.

229 2753 551 50 4 p. l., 276 p. 22½ cm .
164 2808 51 52 ©
243 2814 122 39 Mar.
390 2812 68 47 24,
486 2812 139 42 1933:
653 2813 67 41 2c.
748 2815 120 37 Mar.
897 2813 55 40 27;
1009 2813 80 40 aff.
1119 2814 121 39 Mar.
1268 2813 59 40 28;
1380 2813 40 39 A
1447 2813 141 40 61171;
1648 2814 43 40 J.
1719 2813 60 39 H.
1809 2812 186 48 Craige,
2025 2813 133 40 West

230 2870 354 48 Philadelphia.
655 2871 251 48 (33-7507)

155 2958 202 67 Davis,
387 2961 252 64 Jerome,
672 2963 171 51 1891-
1054 2960 85 53 ed.

229 3037 120 53 The
376 3056 123 34 new
526 3038 205 53 Russia
758 3039 248 52 between
1035 3038 95 53 the
1157 3038 124 54 first
1309 3039 111 53 and
1448 3037 203 53 second
1678 3035 107 55 five
1811 3055 136 50 year
1974 3035 184 69 plans,

158 3116 187 55 edited
378 3116 75 70 by
484 3117 230 54 Jerome
743 3116 208 69 Davis;
987 3116 136 54 with
1161 3135 71 36 an
1264 3115 387 54 introduction
1683 3113 75 71 by
1790 3115 254 54 Edward
2076 3114 80 54 M.

159 3195 1677 69 House. New York, The John Day company [ c 1933]
229 3269 83 40 xiv
337 3280 43 37 p.,
421 3270 24 38 1
509 3301 8 10 l.
543 3269 99 47 265,
673 3270 54 49 [1]
757 3281 41 37 p.
856 3270 177 49 diagrs.
1089 3271 54 38 21
1148 3272 44 21 cm
1197 3302 8 9 .

231 3327 69 39 “A
327 3328 208 39 selected
564 3326 364 49 bibliography”:
987 3338 44 38 p.
1059 3327 217 42 259-265.

165 3380 52 51 ©
246 3386 122 39 Mar.
394 3385 68 46 16,
490 3384 140 47 1933;
659 3384 67 41 2c.
755 3386 122 40 Mar.
906 3386 81 45 18;
1017 3385 83 40 aff.
1129 3386 121 39 Mar.
1279 3386 81 45 17;
1391 3386 40 38 A
1459 3385 143 40 60677;
1661 3385 127 40 John
1819 3385 107 47 Day
1955 3395 81 33 co.,
2066 3384 90 40 inc.

242 3442 249 47 (33-7536)

157 3532 85 53 De
271 3533 300 64 Kerosett,
599 3533 186 54 Marie
813 3533 191 56 Aline.

232 3608 243 53 Friends
499 3609 58 52 in
581 3629 96 47 my
700 3611 235 66 garden,
958 3613 74 65 by
1057 3612 288 65 Marquise
1370 3611 185 53 Marie

1579 3610 173 53 Aline
1777 3611 68 52 de
1869 3610 284 53 Kerosett.

186 3685 234 68 [Boston,
448 3687 122 53 The
598 3688 377 67 Christopher
1003 3688 335 67 publishing
1364 3688 191 66 house,
1579 3695 20 20 c
1606 3692 150 62 1933]

233 3758 57 41 96
328 3770 43 38 p.
432 3759 127 42 illus.
618 3760 56 40 21
678 3762 43 22 cm
726 3792 9 10 .

235 3814 288 43 Illustrated
551 3818 99 48 t.-p.

237 3871 145 43 Short
413 3873 188 42 stories.

167 3925 51 52 ©
246 3932 119 38 Mar.
393 3930 68 48 24,
489 3930 139 47 1933;
657 3931 67 41 2c.
751 3933 96 38 and
874 3931 81 40 aff.
984 3933 120 38 Mar.
1132 3931 82 48 29;
1244 3933 40 38 A
1311 3932 171 48 61139;
1513 3932 317 48 Christopher
1858 3933 108 48 pub.
1994 3933 164 40 house.

244 3987 250 45 (33-7570)
