2582 4453
1383 4132 135 50 1546

485 523 64 48 ix,
595 523 85 40 154
725 534 43 37 p.
826 523 185 47 diagrs.
1073 523 55 40 23½
1162 525 44 21 cm
1212 555 8 8 .
1292 521 268 48 (Teachers
1606 523 194 48 college,
1847 522 250 41 Columbia
2146 523 287 49 university.

414 580 371 42 Contributions
816 584 49 37 to
896 581 273 47 education,
1203 591 75 30 no.
1311 580 110 47 553)

489 640 172 39 Issued
687 640 105 39 also
819 650 53 29 as
899 639 154 40 thesis
1089 638 14 47 (PH.
1278 639 12 46 D.)
1328 637 253 42 Columbia
1609 638 288 48 university.

486 696 380 49 Bibliography:
901 708 43 37 p.
977 696 217 41 147-154.

417 765 2022 52 © Aug. 23, 1933; 2c. Sept. 15; aff. Sept. 19; A 65279; Teachers college,
485 826 251 41 Columbia
766 826 130 40 univ.
969 826 283 48 (33-32558)

416 929 388 67 Finkelstein,
845 930 283 66 Maurice,
1173 936 171 50 1899-

551 1008 1727 69 … The dilemma of the Supreme court. Is the N. R. A.
417 1028 1994 129 constitutional? New York, The John Day company. [c1933]
489 1168 55 40 31
575 1180 42 37 p.
818 1201 7 7 19½cm.
898 1168 99 48 (On
1025 1179 165 31 cover:
1218 1169 102 40 The
1349 1168 129 41 John
1508 1169 108 46 Day
1646 1168 290 49 pamphlets,
1997 1178 75 29 no.
2102 1168 81 45 34)
2310 1167 130 49 $0.25

421 1236 51 54 ©
504 1242 102 41 Oct.
635 1241 69 47 19,
733 1242 141 46 1933;
905 1242 67 40 2c.
1003 1242 102 41 Oct.
1135 1242 82 42 23:
1249 1241 82 42 aff.
1364 1242 101 42 Oct.
1496 1243 83 46 27;
1610 1242 42 40 A
1680 1240 172 49 66800;
1886 1242 61 40 M.
1979 1240 318 48 Finkelstein,
2327 1240 118 41 New

489 1300 146 40 York.
708 1300 283 48 (33-32568)

421 1400 309 70 Freeman,
764 1404 280 66 Graydon
1075 1406 85 53 La
1190 1405 215 66 Verne,
1441 1409 171 50 1904-

492 1481 123 53 The
658 1481 202 55 child’s
905 1483 125 54 first
1076 1484 223 68 picture
1343 1484 163 56 book,
1550 1485 75 67 by
1670 1484 69 55 G.
1785 1484 82 52 La
1968 1501 133 34 Verne
2143 1482 299 64 Freeman,

603 1559 1841 58 PH. D. and Ruth Sunderlin Freeman … with an introduction
422 1638 1996 148 by Professor Patty S. Hill … Chicago, Northwestern university [press] 1933.
500 1790 85 52 [39]
623 1803 42 38 p.
728 1793 86 40 col.
851 1792 128 42 illus.
1040 1792 56 40 22
1115 1804 31 28 x
1164 1793 56 40 21½
1254 1796 16 21 cm
1303 1827 8 8 .

500 1848 281 42 “Produced
820 1851 210 48 through
1067 1851 82 41 the
1182 1851 312 48 cooperation
1529 1851 52 41 of
1614 1861 63 30 an
1714 1851 356 49 experimental
2104 1850 344 50 psychologist,

428 1916 27 30 a
491 1905 263 42 children’s
787 1907 280 41 illustrator
1100 1909 95 40 and
1229 1909 250 46 educator,
1515 1920 87 30 one
1638 1909 222 41 hundred
1897 1919 204 37 nursery
2137 1909 162 41 school
426 1907 2006 100 children.”

499 2021 101 43 The
636 2023 134 40 word
806 2022 193 50 “press”
1033 2024 48 39 in
1117 2022 203 50 imprint
1353 2024 90 40 has
1478 2023 117 42 been
1628 2024 159 40 added
1820 2024 48 40 in
1901 2023 319 50 manuscript.

429 2092 53 52 ©
509 2097 102 40 Oct.
638 2097 68 41 14.
733 2097 113 40 1983:
903 2097 67 40 2c.
996 2097 117 39 Nov.
1142 2097 24 39 6:
1224 2096 83 42 aff.
1333 2097 118 39 Nov.
1477 2097 55 45 4;
1560 2097 42 38 A
1627 2096 172 42 66941:
1831 2095 53 42 G.
1911 2097 49 38 L.
1990 2096 252 46 Freeman,
499 2097 1935 100 Evanston,
629 2156 75 39 Ill.
780 2155 282 47 (33-32418)

429 2256 289 68 Gardner,
750 2260 209 64 Henry
988 2258 233 65 Alfred,
1258 2264 171 50 1882-

500 2335 272 69 Physical
803 2336 113 53 and
946 2334 272 55 chemical
1247 2335 386 56 examination
1665 2335 63 54 of
1761 2335 208 69 paints,
2000 2333 311 68 varnishes,

429 2333 1999 151 lacquers and colors, by Henry A. Gardner … 6th ed. …
434 2412 1993 150 Washington,
690 2493 69 52 D.
802 2493 80 67 C.,
921 2492 365 56 Distributed
1325 2499 57 48 at
1421 2494 94 53 the
1557 2494 272 53 Institute
1867 2492 63 53 of
1969 2493 165 68 paint
2173 2493 114 53 and
431 2509 1997 115 varnish
593 2573 276 67 research,
905 2576 150 49 1933.

504 2644 1948 51 1174 p., 3 l., A1-A350, [16] p. incl. illus., pl. (7 port.) tables, diagrs.
432 2701 54 39 24½
521 2703 44 21 cm
571 2734 7 8 .

504 2760 229 40 Lettered
765 2770 59 29 on
857 2770 169 31 cover:
1061 2761 305 48 Laboratory
1399 2761 214 47 manual,
1647 2762 237 39 standard
1920 2762 236 40 methods.

507 2817 399 49 “Specifications
941 2819 95 39 and
1070 2820 96 39 test
1200 2819 223 39 methods
1455 2818 51 40 of
1539 2820 81 39 the
1652 2818 257 41 American
1944 2817 184 50 society
2162 2820 79 39 for
2274 2818 181 47 testing

433 2858 1970 68 materials relating to the paint, varnish and lacquer industry”: 3 l.,
434 2934 234 41 A1-A350
702 2946 43 37 p.

437 3005 53 52 ©
520 3010 101 40 Oct.
651 3010 69 40 24.
750 3009 142 45 1933;
922 3009 68 41 2c.
1020 3010 95 38 and
1144 3008 82 40 aff.
1257 3009 105 38 Nov
1404 3009 26 38 4;
1489 3009 42 38 A
1559 3007 171 42 65945;
1764 3008 60 41 H.
1854 3009 52 38 A.
1940 3008 236 47 Gardner,
505 3006 1939 101 Washington.
675 3067 283 48 (33-32550)

440 3170 255 66 Geister,
727 3173 188 55 Edna.

513 3250 285 53 Eleventh
832 3251 175 67 child,
1041 3252 77 67 by
1154 3251 167 53 Edna
1360 3250 240 56 Geister.
1676 3251 138 52 New
1852 3249 164 53 York
2051 3249 112 53 and
2199 3248 257 52 London.

441 3328 233 68 Harper
703 3333 45 49 &
777 3329 279 61 brothers,
1090 3334 150 50 1933.

515 3401 990 51 5 p. l., 204 p. front., plates. 19½cm.
514 3459 290 41 Illustrated
840 3460 365 50 lining-papers.

515 3515 162 43 “First
707 3517 229 41 edition.”

442 3582 52 52 ©
522 3588 118 39 Nov.
670 3588 68 42 10.
768 3589 112 40 1933;
938 3590 67 41 2c.
1034 3590 117 39 Nov.
1180 3591 82 39 13:
1293 3591 83 41 air.
1405 3591 118 40 Nov.
1553 3592 81 39 14:
1666 3591 43 40 A
1734 3589 172 41 67094:
1939 3590 195 47 Harper
2162 3589 38 39 &
2225 3588 126 39 bros.

521 3645 283 47 (33-32921)

442 3747 356 67 Goldsmith,
832 3751 309 65 Margaret
1174 3753 241 66 Leland,
1453 3761 173 50 1894—

511 3826 297 55 Christina
852 3829 64 54 of
960 3830 258 59 Sweden,
1261 3851 31 34 a
1337 3830 429 72 psychological
1807 3828 346 69 biography,
2193 3828 75 67 by
438 3826 2003 147 Margaret

641 3905 348 56 Goldsmith.
1067 3910 231 55 Garden
1344 3911 154 69 City,
1538 3912 71 54 N.
1649 3911 92 55 Y.,
1779 3908 359 64 Doubleday,
2177 3908 199 51 Doran
2414 3906 51 51 &

438 4002 300 52 company,
769 3987 125 58 inc.,
928 3991 150 50 1933.

512 4044 672 68 viii p., 1 l., 308 p. 21 cm .
