2540 4453
1067 4087 102 49 463

135 445 623 64 Jungers, Th é odore.
212 562 57 10 …
311 520 305 54 L’histoire
655 522 77 51 du
772 522 146 67 petit
957 521 248 54 Nicolas.
1280 522 186 67 Paris,
1504 524 107 52 Les
1733 542 165 34 Œuvres
136 542 1936 122 représentatives,
492 602 151 49 1932.

209 669 85 41 284
318 681 59 37 p.,
404 672 24 37 1
457 672 30 39 1.
513 670 109 41 incl.
650 670 150 42 front.
861 671 55 39 19
919 673 42 21 cm
966 702 10 10 .

140 725 1992 52 © July 15, 1932; 1c. Nov. 9; A -Foreign 18502; Georges Celestin Cr è s.
218 784 248 49 (33-8939)

134 857 364 66 Kawakami,
527 858 251 63 Kiyoshi
807 858 163 65 Karl,
1003 858 172 56 1875-

204 934 418 69 Manchoukuo,
649 934 155 54 child
829 934 64 54 of
917 933 242 70 conflict,
1185 935 75 69 by
1286 935 75 53 K.
1389 936 74 52 K.
1491 935 342 54 Kawakami
1866 979 57 11 …
1991 937 141 56 New

138 1012 176 69 York,
340 1012 121 54 The
487 1012 335 54 Macmillan
850 1030 297 52 company,
1177 1015 151 52 1933.

205 1086 86 40 viii
317 1097 58 40 p.,
402 1087 26 40 3
475 1117 23 17 l.,
527 1086 83 40 311
640 1096 44 38 p.
742 1088 171 46 plates,
941 1089 162 45 ports.,
1133 1085 154 49 diagr.
1345 1085 57 40 21
1405 1088 44 22 cm
1453 1118 10 10 .

209 1141 200 49 “Sequel
455 1145 48 37 to
554 1173 47 9 …
653 1144 96 48 [the
797 1141 233 51 author’s]
1079 1143 160 47 Japan
1288 1143 173 47 speaks
1510 1154 59 29 on
1618 1145 82 39 the
1751 1142 379 51 Sino-Japanese

133 1199 376 41 crisis.”—Pref.

139 1253 50 51 ©
220 1258 111 46 Apr.
362 1259 40 45 4,
433 1256 139 47 1933;
604 1257 66 40 2c.
701 1259 96 38 and
828 1257 82 40 aff.
941 1258 112 47 Apr.
1085 1257 51 47 5;
1170 1258 41 38 A
1241 1257 171 46 61215;
1444 1258 58 40 K.
1534 1259 58 41 K.
1625 1259 305 46 Kawakami,
207 1260 1907 101 Washington.
457 1314 249 48 (33-8957)

130 1387 204 65 Klaus,
363 1388 228 57 Albert.

211 1508 56 10 …
324 1464 109 54 Die
484 1465 391 67 hungernden,
925 1465 92 53 ein
1069 1465 586 54 arbeitslosenroman.
1742 1467 218 63 Berlin,
2011 1468 118 52 Der

135 1541 377 54 Bücherkreis
542 1543 192 67 gmbh,
765 1546 151 50 1932.

205 1614 28 40 3
259 1626 43 38 p.
331 1616 44 46 l.,
401 1614 143 41 9-205
570 1626 44 38 p.
674 1614 56 40 19½
762 1617 43 21 cm
809 1647 10 9 .

137 1668 50 51 ©
216 1672 127 40 June
368 1674 40 44 1,
437 1671 138 48 1932;
665 1704 8 8 1c.
704 1672 128 48 Sept.
860 1674 53 45 7;
943 1672 309 48 A-Foreign
1280 1672 170 48 17971;
1483 1673 337 48 Bücherkreis,
1851 1686 41 37 g.
1921 1687 59 27 m.
2011 1676 43 41 b.
2083 1677 47 40 h.

215 1727 249 52 (33-8936)

130 1802 238 66 Landis,
397 1804 234 53 Benson
659 1804 232 64 Young,
925 1804 170 56 1897-

201 1880 181 51 Rural
409 1880 162 53 adult
598 1878 316 69 education,
940 1880 73 68 by
1042 1881 225 52 Benson
1295 1880 70 53 Y.
1393 1880 216 55 Landis
1644 1926 56 9 …
1735 1882 111 52 and
1872 1882 157 53 John
2056 1883 69 54 D.

133 1957 247 54 Willard
411 2000 56 11 …
534 1956 134 53 New
699 1957 176 67 York,
901 1958 121 51 The
1049 1957 331 53 Macmillan
1408 1976 295 50 company,
1733 1961 148 50 1933.

199 2026 103 50 xiii,
329 2027 87 40 229
441 2038 42 39 p.
539 2028 84 41 201
627 2030 43 21 cm
676 2060 8 9 .
754 2028 301 51 (Half-title:
1081 2030 195 40 Studies
1305 2030 50 40 in
1382 2032 138 39 adult
1548 2031 282 48 education)

203 2085 128 39 “The
366 2086 178 39 results
580 2086 53 39 of
669 2096 27 29 a
733 2087 225 38 research
994 2086 187 47 project
1219 2087 52 38 of
1306 2087 81 39 the
1424 2086 256 41 American
1718 2088 294 41 association
2047 2091 79 39 for

130 2142 138 39 adult
300 2140 548 43 education.”—Introd.

202 2197 375 50 Bibliography:
608 2208 42 38 p.
680 2196 218 43 203-223.

136 2255 50 51 ©
219 2258 113 48 Apr.
364 2260 68 46 11,
465 2257 140 47 1933;
639 2258 67 41 2c.
738 2259 95 38 and
867 2257 80 41 aff.
981 2258 114 47 Apr.
1129 2258 82 46 12;
1243 2258 41 39 A
1317 2257 170 48 60969;
1523 2260 158 39 Amer.
1715 2269 116 30 assn.
1877 2261 79 38 for
1989 2260 138 40 adult

203 2315 270 47 education,
504 2316 116 38 New
651 2315 143 39 York.
866 2314 279 48 (33-27108)

127 2382 177 63 Lane,
335 2383 233 61 Tamar,
599 2386 171 50 1895-

200 2460 91 53 Hey
378 2459 195 55 diddle
619 2462 212 66 diddle,
876 2460 76 68 by
996 2463 212 52 Tamar
1251 2463 156 53 Lane
1458 2507 55 10 …
1593 2463 138 53 New
1779 2463 179 67 York,
2004 2464 122 53 The

129 2539 253 67 Adelphi
414 2557 173 49 press,
619 2543 149 49 1932.

203 2612 85 41 284
321 2623 43 37 p.
424 2611 57 40 20
483 2613 44 21 cm
532 2644 8 8 .

135 2665 52 53 ©
220 2670 127 39 June
377 2671 39 45 1,
448 2669 140 43 1932;
622 2669 64 40 2c.
722 2671 95 38 and
849 2669 82 40 aff.
966 2670 109 39 Jan.
1107 2670 40 46 3,
1180 2669 141 48 1933;
1356 2670 41 39 A
1430 2668 171 49 59368;
1636 2671 180 39 Tamar
1848 2672 145 47 Lane,
2028 2673 101 39 sole

203 2737 161 29 owner
396 2727 51 38 of
478 2727 206 47 Adelphi
717 2736 149 38 press,
901 2726 300 49 Hollywood,
1237 2727 145 40 Calif.
1564 2726 139 51 (33-8991)

128 2792 243 65 Lawler,
403 2794 241 63 Eugene
673 2793 279 65 Stallcup,
986 2799 172 49 1893-

199 2871 55 52 A
283 2870 297 68 technique
613 2869 93 54 for
737 2869 334 70 computing
1100 2872 95 52 the
1226 2879 234 48 amount
1490 2871 64 53 of
1583 2891 123 34 new
1738 2871 95 55 aid
1864 2873 262 69 required

131 2949 92 52 for
261 2955 143 47 state
443 2948 379 69 equalization
861 2967 315 50 programs,
1214 2950 75 68 by
1329 2950 234 68 Eugene
1603 2947 261 72 Stallcup
1901 2950 225 56 Lawler

135 3069 54 10 …
267 3027 312 53 Published
613 3027 141 52 with
788 3027 95 53 the
918 3029 279 65 approval
1232 3028 64 52 of
1331 3028 301 54 Professor
1665 3029 148 53 Paul
1848 3031 69 54 R.
1952 3030 175 71 Mort,

128 3123 252 50 sponsor.
451 3105 138 52 New
625 3105 163 52 York
821 3104 132 71 city,
987 3107 278 53 Teachers
1301 3106 227 70 college,
1565 3107 299 55 Columbia
129 3110 1971 143 university,
291 3187 148 50 1932.

200 3258 80 48 vii,
316 3258 58 40 46
411 3268 42 38 p.
521 3258 178 47 diagrs.
727 3257 135 48 (part
898 3257 143 48 fold.)
1115 3259 55 40 23½
1203 3262 43 21 cm
1252 3290 10 10 .
1337 3258 265 47 (Teachers
1640 3260 192 49 college,
1871 3261 249 45 Columbia

133 3315 279 47 university.
471 3313 365 43 Contributions
865 3318 48 38 to
941 3314 270 50 education,
1239 3326 75 31 no.
1342 3316 110 48 547)

200 3373 126 38 “The
362 3371 322 48 independent
719 3372 162 40 school
915 3371 219 42 districts
1169 3373 52 40 of
1254 3372 269 42 Oklahoma
1557 3384 128 31 were
1718 3374 178 42 chosen
1927 3375 81 42 for
2041 3378 85 42 the

132 3440 201 37 purpose
363 3428 52 40 of
443 3429 99 40 this
570 3427 293 50 study.”—p.
893 3428 70 42 10.

202 3487 167 39 Issued
394 3486 102 39 also
521 3496 54 29 as
601 3485 151 40 thesis
781 3486 106 48 (PH.
943 3486 35 47 D.)
1010 3486 250 41 Columbia
1288 3486 284 50 university.

135 3539 50 51 ©
214 3544 115 38 Nov.
360 3544 68 45 14,
457 3543 140 47 1932;
627 3543 67 40 2c.
723 3541 122 43 Mar.
874 3543 69 48 28,
972 3542 140 48 1933;
1144 3543 81 40 aff.
1258 3546 121 38 Mar.
1408 3546 53 46 3;
1491 3545 41 39 A
1561 3546 170 48 61259;
1763 3547 240 41 Teachers
201 3549 1904 98 college,
352 3600 253 40 Columbia
637 3599 129 41 univ.
837 3599 249 49 (33-8791)

131 3670 265 67 Leblanc,
427 3672 279 66 Maurice,
738 3679 170 49 1864-

204 3749 1916 76 … De minuit à sept heures, par Maurice Leblanc. Paris,
133 3829 60 53 P.
223 3829 210 53 Lafitte
509 3834 150 64 [c1932]

200 3902 87 39 220
314 3913 57 37 p..
400 3902 26 38 2
477 3934 8 8 l.
548 3903 54 39 19
605 3905 45 21 cm
654 3935 8 9 .
734 3904 114 44 (His
877 3904 271 40 Aventures
1179 3905 441 45 extraordinaires)

135 3955 50 51 ©
217 3960 116 47 July
363 3960 38 46 6,
432 3959 141 48 1932;
664 3994 6 8 1c.
702 3963 117 40 Nov.
850 3961 53 47 9;
937 3963 308 48 A-Foreign
1277 3963 169 48 18508;
1481 3963 240 41 Librairie
1753 3964 255 42 Hachette.

211 4015 249 51 (33-8926)
