2484 4405
1109 4084 101 53 511

148 456 418 65 Hansbrough,
600 457 207 63 Henry
839 454 160 65 Clay,
1035 458 173 51 1848-

155 530 1929 147 America’s money tragedy, by Henry C. Hansbrough … [Washington, D. C., B. G. Lubore, c1933]
223 684 54 40 70
309 696 43 37 p.
412 683 116 40 20cm.
645 682 129 50 $1.00

155 738 51 51 ©
246 743 120 38 Mar.
404 742 67 44 17,
510 740 112 40 1933;
689 739 67 40 2c.
794 741 96 38 and
927 739 83 41 aff.
1048 740 122 38 Mar.
1208 736 83 48 29;
1331 738 42 38 A
1409 738 170 47 61138;
1620 738 61 39 H.
1720 736 48 41 C.
1807 736 342 49 Hansbrough,

225 797 333 48 Washington.
630 796 250 49 (33-9690)

148 873 259 63 Hansen,
438 871 178 53 Alvin
645 872 261 64 Harvey,
940 872 163 55 1887-

149 945 2004 150 … A new plan for unemployment reserves based on Minnesota employment data [by] Alvin H. Hansen … and Merrill
150 1103 2001 70 G. Murray … Minneapolis, The University of Minnesota
153 1203 170 49 press,
357 1186 148 50 1933.

221 1257 57 40 75
308 1268 43 37 p.
412 1257 153 48 diagr.
623 1255 146 41 23½cm.

221 1316 64 40 At
322 1316 123 38 head
484 1314 52 40 of
573 1314 135 40 title:
747 1315 339 46 Employment
1124 1312 334 42 stabilization
1494 1314 228 40 research
1757 1313 242 49 institute,
153 1313 1983 106 University
363 1372 51 40 of
443 1371 289 40 Minnesota.

157 1425 51 52 ©
235 1429 108 42 Feb.
371 1428 69 48 10,
467 1429 112 40 1933;
634 1428 71 40 2c.,
728 1429 95 40 and
850 1427 82 41 aff.
960 1428 110 41 Feb.
1097 1428 83 48 23;
1209 1428 38 39 A
1275 1427 170 45 59618;
1476 1429 283 49 University
1787 1430 51 41 of
1866 1428 289 52 Minnesota,

225 1486 335 48 Minneapolis.
632 1485 252 50 (33-9555)

150 1560 291 65 Harbord,
470 1562 203 52 James
703 1560 270 65 Guthrie,
1004 1566 173 49 1866-

155 1640 1975 145 America in the world war, by James G. Harbord … Boston and New York, Houghton Mifflin company, 1933.
221 1787 27 39 4
279 1798 43 37 p.
374 1818 22 16 l.,
432 1787 89 49 [3]-111
637 1798 43 37 p.
738 1787 117 42 fold.
888 1797 126 37 map.
1072 1787 147 41 22½cm.

227 1844 68 39 “A
325 1846 184 38 lecture
541 1847 50 37 at
627 1844 173 39 Milton
831 1844 232 47 academy
1096 1856 61 29 on
1190 1845 81 39 the
1305 1845 197 40 Alumni
1533 1857 103 28 war
1667 1846 253 41 memorial
153 1847 1984 102 foundation,
297 1901 115 47 May
439 1900 70 49 26,
538 1899 158 42 1932.”

159 1958 51 51 ©
239 1963 120 38 Mar.
386 1960 68 43 29,
482 1960 113 41 1933;
652 1960 64 40 2c.
748 1961 95 39 and
871 1960 81 40 aff.
981 1961 119 47 Apr.,
1124 1961 52 45 3;
1206 1961 41 38 A
1275 1960 169 48 61191;
1476 1962 231 40 Trustees
1736 1963 51 39 of
1814 1962 178 40 Milton
227 1964 1912 102 academy,
376 2018 187 48 Milton,
593 2019 146 39 Mass.
811 2016 249 50 (33-9572)

153 2093 256 65 Hegner,
440 2094 221 54 Robert
691 2092 291 66 Wilhelm,
1014 2097 171 51 1880-

224 2170 1929 70 Invertebrate zoology, by Robert W. Hegner … New York,
155 2248 122 53 The
302 2249 336 51 Macmillan
667 2267 297 49 company,
996 2251 153 50 1933.

229 2320 104 49 xiii,
362 2322 84 39 570
475 2332 44 37 p.
579 2321 142 47 illus.,
748 2322 171 48 plates,
948 2321 181 48 diagrs.
1189 2320 116 41 22cm.

233 2377 237 41 “General
509 2377 246 41 reference
795 2379 147 39 books
983 2389 60 29 on
1084 2377 330 42 invertebrate
1454 2379 225 49 zoology”
1720 2380 225 42 included
1987 2383 48 38 in
2074 2384 82 40 the

160 2432 222 48 preface;
414 2432 345 42 “References”
787 2436 52 38 at
864 2436 92 39 end
984 2435 52 40 of
1059 2435 119 39 each
1205 2435 214 47 chapter.

163 2489 51 51 ©
239 2494 115 46 Apr.
380 2494 67 43 11,
474 2492 140 46 1933;
641 2492 67 40 2c.
736 2493 95 39 and
857 2491 82 41 aff.
965 2491 115 48 Apr.
1108 2491 81 47 12;
1219 2492 42 38 A
1286 2491 170 48 60972;
1487 2493 281 40 Macmillan
1796 2506 67 29 co.

240 2550 249 48 (33-9533)

156 2626 185 64 Hook,
371 2625 238 65 Sidney,
642 2630 170 49 1902-

227 2704 273 52 Towards
535 2703 96 52 the
666 2702 458 67 understanding
1158 2702 63 52 of
1257 2703 149 52 Karl
1439 2703 189 68 Marx,
1664 2723 31 34 a
1731 2705 428 71 revolutionary

161 2781 437 69 interpretation
637 2781 74 68 by
754 2780 215 69 Sidney
1007 2780 190 52 Hook.
1271 2780 139 53 New
1450 2781 180 64 York,
1670 2783 122 54 The
1832 2782 156 55 John
2027 2788 132 67 Day

159 2878 279 50 company
492 2862 174 64 [c1933]

229 2935 96 48 xiv,
353 2935 99 47 347,
484 2935 54 48 [1]
568 2944 44 37 p.
671 2931 147 42 19½cm.

165 2990 51 51 ©
243 2993 120 39 Mar.
389 2992 69 46 23,
483 2992 140 44 1933;
651 2989 67 41 2c.
746 2991 122 39 Mar.
894 2990 82 46 27;
1005 2989 81 41 aff.
1115 2990 120 38 Mar.
1264 2990 82 46 24;
1375 2990 41 39 A
1442 2991 169 49 60799;
1644 2993 43 40 S.
1715 2994 155 48 Hook,
1898 2997 259 48 Brooklyn.

241 3048 250 49 (33-9547)

157 3127 230 63 Horler,
417 3125 255 64 Sydney.

227 3205 138 51 Lass
396 3204 63 51 of
493 3202 246 54 fortune.
821 3201 364 67 [Instalment
1217 3205 27 47 1]

242 3279 83 48 (In
351 3273 221 50 Tit-bits,
601 3272 145 52 April
777 3274 39 49 1,
847 3272 144 49 1933)

167 3332 51 51 ©
303 3365 7 7 1c.
341 3336 113 45 May
480 3333 68 46 22,
577 3333 140 46 1933;
747 3333 40 38 A
814 3333 62 39 ad
902 3332 87 40 int.
1018 3330 170 48 17816;
1219 3331 142 48 pubd.
1391 3333 121 39 Mar.
1541 3333 55 41 25;
1657 3335 44 40 S.
1730 3336 191 51 Horler,
235 3340 1910 93 Bournemouth,
445 3390 236 48 England.

159 3458 238 53 Illinois.
472 3457 309 68 Appellate
811 3462 203 49 courts.

163 3532 1996 157 Reports of cases determined … with a directory of the judiciary of the state and abstracts of cases designated by the
164 3689 1933 73 courts as not to be reported in full. Vol. CCLXVII, a. d. 1933 …
163 3772 289 69 Reported
496 3772 76 66 by
616 3771 159 51 Basil
821 3772 190 53 Jones.
1088 3769 271 70 Chicago,
1405 3773 322 68 Callaghan
1773 3780 45 49 &
1863 3796 296 55 company,

166 3854 149 52 1933.

236 3925 153 47 xlviii,
423 3924 87 40 649
541 3934 43 37 p.
643 3922 117 41 23cm.

171 3980 51 51 ©
247 3984 111 46 Apr.
383 3982 69 46 25,
475 3979 141 47 1933;
641 3978 66 41 2c.
733 3980 95 39 and
851 3978 81 40 aff.
958 3978 113 47 Apr.
1096 3977 83 47 27;
1206 3977 41 39 A
1270 3978 171 48 61502;
1468 3980 270 48 Callaghan
1763 3984 37 41 &
1824 3995 67 31 co.
