2582 4453
1329 4142 136 50 1014

389 542 331 69 Maryland,
769 544 318 67 Delaware,
1136 544 291 67 Virginia,
1474 545 189 53 North
1712 546 113 52 and
1878 545 184 56 South
2113 546 291 64 Carolina,

388 638 153 36 some
581 620 590 69 post-revolutionary
1210 622 314 68 emigrants
1565 624 114 52 and
1722 623 64 54 of
1825 642 152 35 some
2017 624 174 53 allied

385 624 2016 148 families. Compiled by Laurence R. Guthrie … Chambersburg,
386 777 1268 70 Pa., The Kerr, printing company [ c 1933]
463 864 1689 51 6 p. l., ix, 743 p. front., plates, ports., coats of arms. 26 cm .
463 935 134 42 Each
646 935 185 42 section
879 937 236 48 preceded
1167 938 60 48 by
1278 938 334 41 unnumbered
1662 938 101 42 leaf
1812 941 85 39 not
1947 939 226 42 included
2225 941 46 40 in
2325 944 82 39 the

390 995 181 50 paging
604 994 50 50 (4
679 996 188 48 leaves)

463 1052 123 42 Coat
613 1052 53 42 of
691 1063 132 30 arms
849 1064 61 30 on
935 1063 156 30 cover.

391 1122 52 51 ©
477 1126 117 47 July
687 1156 7 15 18,
728 1124 141 48 1933;
904 1125 67 39 2c.
1006 1124 96 40 and
1135 1123 82 41 aff.
1251 1123 117 49 July
1401 1124 55 40 19;
1518 1124 41 39 A
1591 1124 171 48 64383;
1800 1126 50 39 L.
1886 1126 55 41 R.
1975 1126 220 48 Guthrie,
2231 1127 176 46 Boyds,

460 1185 95 39 Md.
628 1182 283 50 (33-18282)

384 1289 253 65 Harper,
667 1287 397 57 Wilhelmina.

457 1368 281 52 Treasure
761 1367 138 53 trail
923 1367 244 53 readers.
1229 1367 305 69 Journey’s
1559 1368 126 52 end.
1747 1368 97 52 8th
1871 1369 216 53 reader.
2147 1372 90 67 By

385 1369 1996 130 Wilhelmina
681 1448 253 67 Harper,
978 1446 140 54 with
1163 1447 94 53 the
1303 1447 412 53 collaboration
1761 1447 63 52 of
1868 1449 194 53 Hollis
2106 1451 63 51 P.
2214 1450 189 53 Allen.

385 1527 342 53 Illustrated
768 1527 74 68 by
883 1526 225 55 Curtiss
1151 1526 279 70 Sprague.
1507 1527 139 53 New
1686 1528 182 68 York,
1907 1529 122 52 The
2068 1529 336 53 Macmillan

385 1624 300 51 company,
717 1609 151 51 1933.

458 1697 100 47 xix,
593 1696 71 50 [1],
695 1695 86 41 485
811 1706 43 38 p.
915 1695 130 42 illus.
1107 1695 55 41 19c
1164 1697 46 24 m
1215 1727 9 9 .

391 1764 52 52 ©
484 1769 114 47 May
635 1768 70 47 23,
744 1767 115 40 1933;
926 1768 69 39 2c.
1034 1768 96 38 and
1170 1766 82 41 aff.
1293 1767 115 48 May
1446 1768 83 47 24;
1571 1768 40 38 A
1651 1767 171 48 62762;
1866 1768 284 40 Macmillan
2189 1779 66 30 co.

386 1887 362 66 Hausleiter,
776 1888 137 53 Leo.

388 1964 1995 135 … The machine unchained; revolution in the world economic
622 2049 212 65 system
883 2043 154 55 from
1084 2043 98 54 the
1227 2042 129 56 first
1401 2048 179 50 steam
1627 2044 205 71 engine
1881 2050 60 49 to
1986 2045 98 54 the
2133 2045 163 55 crisis
2344 2045 64 55 of

390 2125 216 69 plenty.
679 2124 278 68 [London]
993 2123 341 70 Routledge,
1367 2126 152 51 1933.

461 2212 84 48 xii,
572 2211 89 42 336
687 2222 44 38 p.
793 2212 180 47 diagrs.
1003 2211 49 50 (1
1082 2210 144 49 fold.)
1295 2209 57 41 22½cm.

464 2285 65 40 At
555 2285 126 40 head
707 2284 54 40 of
785 2283 136 42 title:
952 2283 51 41 L.
1032 2282 300 42 Hausleiter.

462 2342 324 40 “Translated
815 2341 129 40 from
975 2342 83 40 the
1086 2339 212 43 German
1328 2340 60 48 by
1417 2340 252 48 Margaret
1698 2340 63 42 M.
1792 2339 307 50 Green.”—p.
2135 2340 77 51 [iv]

461 2399 165 40 “First
655 2398 204 49 English
888 2397 228 42 edition.”

460 2455 444 50 “Bibliographical
931 2454 169 42 note”:
1129 2465 45 38 p.
1249 2475 11 30 [1]

394 2525 2016 110 © 1c. June 15, 1933; A ad int. 17892; pubd. May 11; D. Appleton-Century co., inc., New York. (33-18256)
387 2691 170 66 Hills,
586 2692 228 64 George
843 2692 68 52 E.

462 2769 123 53 The
619 2768 214 68 sailing
869 2769 151 53 rules
1055 2768 60 53 in
1152 2768 173 68 yacht
1359 2768 229 69 racing;
1627 2768 355 68 interpreted
2021 2768 113 53 and
2171 2767 234 69 applied

390 2846 1989 228 in official protest decisions of yachting tribunals of final jurisdiction, by George E. Hills … foreword by Clifford D. Mallory … New York, London, C. Scribner’s sons, 1933.
467 3077 1113 50 xvi p., 1 l., 190 p. front., diagrs. 20½ cm .
395 3148 53 52 ©
485 3152 117 47 July
634 3152 39 45 7,
709 3150 140 48 1933;
887 3150 68 40 2c.
989 3151 96 39 and
1121 3149 81 41 aff.
1240 3149 116 48 July
1391 3149 81 47 12;
1510 3149 41 39 A
1585 3148 171 47 63584;
1796 3149 52 40 G.
1886 3150 51 38 E.
1975 3148 143 49 Hills,
2154 3149 197 39 Boston.

477 3207 283 51 (33-18279)

390 3311 272 65 Hulbert,
697 3312 230 54 Archer
959 3311 227 64 Butler,
1222 3315 170 51 1873-
1607 3311 84 53 ed.

527 3388 1876 68 … Southwest on the turquoise trail; the first diaries on the
394 3467 141 53 road
571 3473 60 47 to
668 3466 182 56 Santa
886 3468 97 66 Fe,
1019 3466 209 68 edited,
1264 3467 139 53 with
1441 3467 483 67 bibliographical
1961 3485 236 47 resumé,
397 3469 2007 145 1810-1825,

580 3547 75 67 by
685 3545 223 53 Archer
939 3545 204 53 Butler
1175 3545 280 67 Hulbert;
1489 3545 140 53 with
1665 3563 161 48 maps
1857 3545 113 53 and
2003 3545 398 53 illustrations.

400 3623 306 67 [Colorado
739 3622 266 68 Springs]
1044 3623 123 53 The
1199 3622 252 56 Stewart
1481 3623 359 53 commission
1874 3622 63 54 of
1973 3623 285 55 Colorado
393 3625 1983 145 college;
579 3701 216 68 [Denver]
877 3701 121 53 The
1026 3701 229 52 Denver
1282 3701 194 67 public
1503 3701 222 68 library
1755 3704 174 65 [1933]

395 3773 1988 108 xiv p., 1 l., 301 p. front., plates, map. 24½ cm . (Overland to the Pacific. v. 2)
473 3901 1932 44 Half-title: Couriers and crusaders … the Charles B. Voorhis series
400 3959 52 40 of
477 3959 245 42 Overland
750 3962 49 39 to
827 3962 81 40 the
935 3960 191 47 Pacific,
1156 3970 27 31 a
1211 3960 625 48 narrative-documentary
1862 3960 190 48 history
2079 3960 50 41 of
2158 3961 81 40 the
2267 3963 135 46 great

396 4018 176 47 epochs
599 4018 52 39 of
679 4019 81 39 the
787 4018 81 40 far
896 4018 148 46 West,
1073 4017 161 40 edited
1265 4018 59 47 by
1353 4017 186 40 Archer
1566 4017 173 39 Butler
1766 4017 223 42 Hulbert.

472 4074 162 41 “First
659 4074 234 50 printing,
921 4074 115 46 May
1065 4073 157 42 1933.”
