2484 4405
1102 4086 132 49 1325

170 457 214 61 Dunet,
421 453 261 66 Charles,
719 456 169 49 1892-

303 528 1867 71 … Cancer des glandes salivaires, par Charles Dunet … et
171 606 1998 71 Jean Çreyssel … Avec 75 figures dans le texte et 1 planche
172 706 65 34 en
274 689 254 51 couleurs
559 688 133 51 hors
726 692 166 47 texte.
968 685 186 67 Paris,
1189 684 69 55 G.
1292 686 152 51 Doin
1479 687 46 50 &
1558 684 82 67 cie,
1677 687 150 49 1933.

240 758 1607 53 2 p. l., [7]-340 p. illus. 24 ½ cm. (Bibliothèque du cancer)
244 817 416 48 “Bibliographie”:
722 829 39 36 p.
796 816 246 48 [315]-337.

175 872 51 51 ©
265 876 108 39 Jan.
413 875 39 46 9,
491 875 139 46 1933;
731 906 7 8 1c.
779 875 115 46 July
933 873 80 47 18;
1055 874 103 38 A-
1160 873 206 47 Foreign
1406 872 170 47 21505;
1619 873 185 39 Gaston
1843 871 127 41 Doin
2008 872 37 40 &
2083 872 86 40 cie.

252 931 277 48 (33-25015)

169 1022 233 65 Dupuy,
431 1021 219 63 Joseph
677 1020 300 52 Théodore
1007 1021 271 53 Vincent.

303 1096 1863 69 … La lutte pour l’Hartmannswillerkopf. Avec 11 croquis
175 1179 138 51 dont
351 1182 64 48 10
452 1179 131 50 hors
620 1183 149 47 texte
806 1183 52 46 et
897 1182 29 46 3
963 1176 269 68 planches
1269 1173 526 70 photographiques
1829 1176 133 54 hors
1998 1179 165 50 texte.

172 1253 240 55 Préface
441 1257 75 51 du
544 1255 228 67 général
801 1256 289 66 Hartung.
1167 1254 184 63 Paris,
1382 1254 533 67 Berger-Levrault,
1947 1257 148 49 1932.

232 1326 1932 50 xii, 146 p., 3 l. front., 1 illus., plates, fold, maps, fold, plans. 23 ½ cm.
246 1385 63 39 At
338 1387 122 38 head
489 1386 52 39 of
568 1387 107 38 title:
733 1385 122 40 Chef
883 1385 281 39 d'escadron
1192 1385 190 46 Dupuy.

244 1442 446 49 “Bibliographie”:
724 1454 42 37 p.
800 1443 96 49 [147]

171 1497 1998 115 © Oct. 28, 1932; 1c. June 15, 1933; A-Foreign 21209; Éditions Berger-Levrault. (33-24851)
171 1655 210 63 Eaton,
414 1655 219 62 Joseph
666 1655 240 62 Jordan,
944 1655 171 51 1872-

239 1729 261 53 Machine
535 1731 138 67 shop
710 1731 208 51 science
954 1730 112 53 and
1100 1727 419 66 mathematics;
1557 1727 213 54 related
1808 1728 208 53 science
2054 1726 111 54 and

175 1805 1992 68 mathematics for vocational classes, by Joseph J. Eaton … and
175 1882 1986 70 Albert V. Free … Peoria, Ill., The Manual arts press [c1933]
243 1961 82 38 177
357 1970 40 37 p.
460 1959 162 46 front.,
654 1958 142 47 illus.,
830 1958 177 48 diagrs.
1070 1958 146 40 20½cm.

243 2016 231 41 Previous
503 2016 184 40 edition
715 2016 88 40 has
833 2016 105 40 title:
998 2014 224 41 Machine
1252 2016 118 47 shop
1401 2014 196 42 science.

246 2073 346 40 “References”
622 2076 50 36 at
701 2074 90 38 end
822 2073 51 39 of
901 2073 117 39 each
1046 2073 215 47 chapter.

175 2126 51 51 ©
260 2131 113 46 Sept
478 2161 7 14 18,
518 2130 138 39 1933:
690 2130 65 40 2c.
791 2130 126 46 Sept.
949 2130 81 39 25:
1065 2129 70 39 aff
1182 2130 123 46 Sept.
1340 2129 81 38 22:
1457 2128 39 38 A
1528 2129 168 45 66251;
1732 2129 42 39 J.
1808 2129 42 39 J.
1886 2131 155 37 Eaton
2074 2129 96 39 and

243 2188 167 38 Albert
440 2187 48 39 V.
517 2187 131 44 Free,
677 2187 229 44 Yonkers,
934 2187 41 37 N
1016 2186 52 38 Y.
1144 2181 51 51 [©
1223 2196 104 28 new
1355 2186 193 47 matter]
1617 2185 279 47 (33-25028)

171 2266 222 67 Elbert,
423 2267 154 55 John
608 2265 298 66 Aloysius,
941 2270 172 49 1895-

244 2345 311 54 Evolution
589 2346 64 52 of
685 2346 319 52 Newman’s
1036 2345 333 67 conception
1404 2344 63 53 of
1500 2343 152 54 faith
1708 2344 93 68 [by]
1840 2346 136 51 Rev.
2011 2345 157 54 John

173 2423 1890 67 A. Elbert … Philadelphia, Pa., The Dolphin press [1933]
245 2498 84 40 100
358 2509 41 36 p.
460 2498 114 40 23cm.

248 2557 167 38 Issued
451 2556 102 38 also
588 2565 54 29 as
676 2554 151 40 thesis
869 2553 107 47 (PH.
1043 2553 32 48 D.)
1120 2553 282 48 University
1434 2554 52 38 of
1520 2552 290 49 Cincinnati,
1845 2554 153 39 under
2031 2553 135 41 title:

175 2612 271 40 Newman's
477 2612 280 48 conception
787 2613 50 38 of
865 2612 130 39 faith
1026 2611 133 48 prior
1189 2614 48 37 to
1267 2611 138 47 1845;
1437 2622 28 29 a
1494 2610 187 49 genetic
1710 2611 333 48 presentation
2072 2612 96 40 and

176 2671 257 46 synthesis.

246 2726 348 48 Bibliography:
653 2737 42 37 p.
725 2725 186 41 96-100.

175 2780 51 51 ©
265 2784 125 48 Sept.
427 2783 67 47 12,
530 2784 139 39 1933:
707 2784 66 39 2c.
810 2785 95 38 and
940 2783 81 40 aff.
1061 2785 126 46 Sept.
1225 2784 81 46 18;
1344 2783 40 40 A
1420 2783 170 42 66100:
1630 2784 40 39 J.
1707 2785 56 39 A.
1801 2784 180 47 Elbert,
2021 2782 150 42 Sioux

248 2841 122 47 City,
434 2853 42 27 Ia.
547 2840 278 47 (33-25984)

170 2916 121 52 The
326 2915 443 62 Encyclopaedia
803 2916 352 54 britannica.

246 2994 149 51 How
432 3001 57 44 to
527 2995 70 50 do
636 2994 72 58 it;
748 3013 28 32 a
816 2994 147 53 book
998 2993 93 53 for
1127 2992 285 67 children;
1452 2993 138 53 with
1627 2994 390 53 introduction
2055 2994 111 53 and

178 3089 106 47 pen
315 3073 107 51 and
457 3072 98 52 ink
584 3073 252 51 sketches
864 3072 74 67 by
967 3071 269 53 Hendrik
1264 3072 232 54 Willem
1524 3091 111 33 van
1665 3073 186 62 Loon;
1886 3071 280 67 compiled

179 3148 1989 70 from articles in the Encyclopaedia britannica. [ New York,
175 3229 119 51 The
322 3229 456 66 Encyclopaedia
804 3228 339 59 britannica,
1170 3228 125 61 inc.,
1324 3233 173 63 c1933]

247 3302 55 40 76
329 3311 42 37 p.
433 3302 125 39 ilius.
588 3301 132 44 (incl.
750 3313 136 36 map;
920 3305 110 44 part
1059 3302 111 44 col.)
1239 3301 145 41 24½cm.

176 3354 1994 53 © Sept. 5, 1933: 2c. and aff. Sept. 6; A 64932; Encyclopaedia britannica,
242 3415 90 40 inc.
403 3415 277 48 (33-25218)

174 3488 216 61 Evans,
425 3491 203 63 Henry
659 3489 268 66 Ridgely,
963 3496 171 48 1861-

245 3565 113 54 Old
396 3565 375 68 Georgetown
807 3585 69 34 on
915 3567 94 52 the
1044 3568 301 61 Potomac;
1386 3589 29 33 a
1451 3565 294 53 historical
1781 3566 212 67 sketch,
2028 3566 139 52 with

175 3643 1932 69 a bibliography of source material, by Henry Ridgely Evans …
174 3720 400 70 Washington,
608 3721 70 52 D.
720 3720 80 69 C.,
840 3720 136 56 Sold
1014 3721 76 70 by
1129 3722 93 52 the
1258 3720 377 70 Georgetown
1670 3739 170 49 news,
1879 3724 151 51 1933.

244 3792 84 41 100
353 3805 42 37 p.
451 3795 161 41 front.,
639 3797 162 45 ports.,
830 3795 213 39 facsims.
1099 3794 116 43 24cm.

249 3850 346 48 Bibliography
633 3852 222 40 included
894 3852 48 38 in
981 3852 81 39 the
1097 3851 197 47 preface;
1364 3849 375 49 “Bibliography
1777 3851 51 40 of
1867 3860 166 32 source
176 3907 171 39 material”:
406 3918 41 37 p.
475 3907 186 41 91-100.

179 3960 51 52 ©
260 3965 126 48 Sept.
413 3966 68 44 25,
510 3966 112 40 1933;
678 3966 65 39 2c.
772 3967 94 38 and
895 3964 81 42 aff.
1006 3966 127 47 Sept.
1161 3965 57 40 25;
1273 3966 41 38 A
1340 3965 144 40 66267;
1540 3966 59 38 H.
1631 3966 55 40 R.
1714 3967 176 46 Evans,
251 3964 1904 97 Washington.
419 4022 277 47 (33-25180)
