2484 4405
1042 4087 134 54 1727

105 510 1965 151 [and others] with the co-operation of R. L. Lyman … Chicago, Ill., The University of Chicago [1933]
175 665 62 47 ix,
270 664 84 41 178
383 676 44 37 p.
487 663 115 42 23cm.
669 664 358 47 (Publications
1055 665 52 40 of
1134 665 80 40 the
1247 665 299 46 Laboratory
1575 663 188 40 schools
1794 663 50 39 of
1872 664 81 39 the
1985 663 94 40 Uni

106 721 181 48 versity
316 723 49 39 of
393 720 223 50 Chicago,
642 733 74 29 no.
743 722 41 39 4.
813 721 218 47 October,
1061 720 138 49 1933)

176 778 202 41 Preface
414 778 193 49 signed:
649 779 149 39 Edith
835 778 52 40 E.
930 776 261 49 Shepherd,
1230 778 265 46 chairman,
1536 777 203 49 English
1776 777 321 48 department.

175 836 223 41 Includes
431 835 389 50 bibliographies.

107 891 52 51 ©
189 895 100 40 Oct.
319 895 68 45 24,
418 894 113 40 1933;
588 893 67 40 2c.
686 893 116 39 Nov.
832 893 55 40 28;
947 892 80 40 aff.
1059 893 119 39 Nov.
1209 893 81 46 27;
1324 893 40 37 A
1395 891 169 48 67291;
1599 892 283 47 University
1912 892 51 40 of
176 891 1907 107 Chicago.
375 950 279 48 (33-37463)

103 1025 283 66 Skrenda,
414 1024 211 55 Alfred.

176 1101 220 52 Minute
425 1100 253 54 wonders
708 1099 63 53 of
797 1100 95 53 the
918 1100 199 67 world,
1146 1100 71 67 by
1245 1098 209 54 Alfred
1486 1098 259 54 Skrenda
1774 1098 112 53 and
1915 1098 184 54 Isabel

105 1176 1602 70 Juergens … New York, Grosset & Dunlap [c1933]
174 1248 85 41 160
286 1260 42 37 p.
355 1249 108 40 incl.
490 1249 163 48 front.,
682 1248 141 49 illus.,
852 1258 150 38 maps.
1056 1248 118 42 26cm.

110 1306 49 51 ©
183 1311 116 39 Nov.
323 1309 69 47 24,
417 1310 112 39 1933;
582 1310 67 39 2c.
675 1310 93 38 and
794 1307 80 42 aff.
901 1309 118 40 Nov.
1042 1309 83 46 28;
1151 1309 40 38 A
1216 1308 169 47 67272;
1414 1308 202 41 Grosset
1638 1309 35 39 &
1698 1310 208 46 Dunlap,
1932 1309 90 40 inc.

185 1367 278 48 (33-37001)

111 1441 207 67 [Snow,
347 1440 246 56 Charles
618 1440 247 67 Horace]
902 1441 170 52 1877-

175 1517 1869 70 The gambler of Red Gulch, by Charles Ballew [pseud.] …
104 1597 256 67 London,
392 1597 56 53 J.
483 1597 181 68 Long,
695 1596 224 53 limited
956 1599 174 64 [1933]

173 1672 25 38 2
230 1681 44 38 p.
343 1702 7 15 l.,
385 1671 142 40 9-287
562 1681 41 37 p.
665 1670 114 41 19cm.

109 1724 1995 51 © 1c. Dec. 2, 1933; A ad int. 18431; pubd. Oct. 6; C. H. Snow, Napa,
175 1785 142 40 Calif.
389 1784 279 47 (33-38438)

107 1859 234 65 Soutar,
373 1859 274 64 Andrew,
680 1858 171 53 1879-

177 1936 327 67 Kharduni,
537 1936 73 67 by
643 1935 253 53 Andrew
931 1934 225 56 Soutar.
1233 1936 258 66 London,
1525 1935 366 54 Hutchinson
1927 1938 50 51 &
2011 1952 98 49 co.,

105 2015 220 53 limited
385 2017 151 66 [1933]

173 2090 88 40 288
291 2100 40 37 p.
393 2087 115 41 19cm.

113 2143 1997 51 © 1c. Nov. 18, 1933: A ad int. 18419; pubd. Sept. 22; Macaulay co., New
179 2204 141 39 York.
396 2202 279 49 (33-38446)

110 2277 447 55 Southwestern
588 2281 268 60 reporter
888 2278 102 64 (2d
1022 2277 146 64 ser.)

179 2354 269 54 Missouri
482 2355 276 52 decisions
789 2355 265 67 reported
1087 2355 61 51 in
1184 2356 182 55 South
1397 2361 234 46 western
1669 2359 274 64 reporter,
111 2354 1969 131 Second
252 2433 184 52 series,
501 2433 136 53 vols.
671 2435 64 49 60
767 2433 128 67 (2d)
937 2434 112 52 and
1079 2437 64 47 61
1178 2433 126 68 (2d)
1380 2433 541 67 June-September,
1954 2436 153 63 1933,

113 2510 1993 69 with key number annotations … St. Paul, West publishing
112 2610 97 46 co.,
242 2592 151 52 1933.

177 2664 25 38 1
230 2675 40 28 v.
327 2664 116 39 26cm.

175 2720 208 40 Various
415 2720 215 48 pagings.

113 2772 51 51 ©
190 2777 118 39 Nov.
333 2776 69 48 20,
429 2776 140 47 1933;
597 2777 67 40 2c.
691 2777 96 39 and
813 2776 81 40 aff.
922 2777 112 39 Dec.
1060 2776 83 46 26;
1173 2777 40 38 A
1240 2775 169 47 67678;
1439 2777 135 40 West
1601 2778 107 46 pub.
1738 2787 67 30 co.

113 2847 322 68 Stacpoole,
466 2852 205 63 Henry
701 2853 69 51 de
803 2852 170 64 Vere,
1009 2854 169 49 1865-

180 2928 310 53 Mandarin
544 2929 262 68 gardens,
857 2928 75 68 by
986 2929 77 52 H.
1120 2929 66 53 de
1243 2930 145 53 Vere
1445 2928 318 69 Stacpoole.
1855 2930 259 66 London,

110 3005 363 54 Hutchinson
508 3010 45 49 &
587 3025 98 50 co.,
718 3008 104 53 ltd.
865 3010 171 65 [1933]

177 3077 87 42 288
294 3089 44 38 p.
398 3077 113 42 19cm.

116 3132 1995 54 © 1c. Dec. 2, 1933; A ad int. 18430; pubd. Oct. 6; H. de Vere Stacpoole,
185 3193 114 41 Clift
322 3195 145 47 Dene,
493 3195 302 45 Bonchurch,
823 3196 96 39 Isle
945 3196 51 40 of
1020 3195 179 48 Wight,
1227 3197 234 46 England.
1529 3196 280 49 (33-38439)

115 3270 197 63 Stone,
340 3269 212 56 Julius.

117 3344 1993 149 Regional guarantees of minority rights; a study of minorities procedure in Upper Silesia, by Julius Stone … New
116 3497 177 70 York,
322 3501 119 51 The
473 3501 332 53 Macmillan
836 3520 299 50 company,
1167 3505 150 50 1933.

183 3572 81 39 xvi
289 3583 58 37 p.,
375 3574 25 38 1
448 3605 8 8 l.,
498 3572 85 41 313
612 3583 43 38 p.
715 3572 115 42 22cm.

186 3626 276 43 Half-title:
495 3629 194 41 Bureau
721 3630 51 41 of
801 3630 346 41 international
1183 3632 238 40 research.
1452 3631 230 41 Harvard
1714 3631 271 48 university
2017 3634 92 39 and

119 3681 235 44 Radcliffe
383 3684 189 49 college.

188 3738 67 41 “A
287 3740 281 48 companion
603 3743 48 39 to
687 3743 95 50 [the
815 3742 233 51 author’s]
1084 3743 355 42 International
1473 3746 292 46 guarantees
1799 3744 52 41 of
1882 3743 231 47 minority

121 3792 387 48 rights.”—Pref.

188 3850 370 50 Bibliography:
594 3864 42 37 p.
669 3854 217 42 301-302.

121 3904 51 52 ©
205 3911 108 39 Dec.
347 3912 38 44 5,
419 3911 139 47 1933;
593 3914 51 39 2c.
694 3914 94 39 and
821 3913 81 40 aff.
936 3915 112 40 Dec.
1081 3915 26 39 6;
1169 3915 40 38 A
1242 3915 169 46 67381;
1448 3916 194 39 Bureau
1677 3916 54 40 of
1761 3916 249 40 internatl.
184 3926 1912 88 research,
403 3968 229 41 Harvard
665 3970 128 40 univ.
828 3973 96 38 and
957 3970 240 41 Radcliffe
1232 3972 191 46 college,
1459 3972 300 48 Cambridge,
1795 3975 146 38 Mass.

197 4022 279 51 (33-37222)
