2582 4453
1349 4138 99 54 878

467 531 348 52 cumulative
848 531 206 68 pocket
1084 531 213 55 service
1327 532 250 70 keeping
1606 534 98 52 the
1734 533 188 70 digest
1952 536 213 67 always
2196 541 59 50 to
2288 536 133 55 date

530 607 1887 74 … Compiled and edited by the publishers’ editorial staff,
466 707 50 36 v.
551 693 46 50 8.
638 689 689 70 Pledges-Supersedeas.
1407 691 117 55 San
1558 693 326 68 Francisco,
466 695 1930 143 Bancroft-Whitney

609 769 1336 72 co.; St. Paul, West publishing co. [ c 1933]
469 856 41 34 v,
546 844 89 41 762
665 855 42 38 p.
771 844 61 41 26
831 846 45 22 cm
880 876 9 9 .

404 898 52 52 ©
486 903 130 39 June
641 902 71 47 28,
742 902 114 40 1933;
913 902 27 39 2
942 912 40 31 c.
1012 903 118 48 July
1158 903 84 47 24;
1274 898 85 45 aff
1387 903 120 48 July
1532 904 84 47 22;

1647 904 42 39 A
1717 905 174 48 64442;
1927 907 132 39 West
2088 908 109 46 pub.
2256 920 40 30 co.
2326 910 96 39 and

470 960 495 48 Bancroft-Whitney
995 971 69 29 co.

396 1052 178 65 Reed,
602 1052 194 65 Ralph
822 1052 231 56 Daniel.

468 1130 1952 71 Geology of California, by Ralph D. Reed … Tulsa, Okla..
398 1210 121 55 The
562 1210 310 57 American
918 1211 341 55 association
1303 1212 66 54 of
1413 1213 319 68 petroleum
1775 1212 339 72 geologists;
2161 1216 258 54 London.

398 1291 65 55 T.
496 1290 215 69 Murby
742 1295 45 50 &
818 1310 99 49 co.,
950 1296 152 50 1933.

467 1364 1752 50 xxiv, 355 p. front. (map) illus. (maps) plates, diagrs. 23½cm.
470 1423 294 42 “Published
792 1424 119 41 with
941 1425 82 39 the
1049 1423 252 48 revolving
1328 1423 300 48 publication
1657 1423 123 41 fund
1808 1424 158 40 which
1994 1435 100 29 was
2121 1426 296 41 established

398 1482 60 48 by
486 1483 82 39 the
594 1482 118 40 New
737 1482 133 40 York
896 1481 279 41 committee
1200 1481 79 40 for
1309 1482 82 40 the
1417 1481 239 48 mid-year
1681 1482 212 48 meeting
1919 1482 52 39 of
1997 1483 83 39 the
2108 1484 310 46 association,

398 1540 284 46 November,
717 1539 159 41 1926.”

401 1595 52 52 ©
493 1599 129 40 June
658 1599 39 47 6,
737 1598 142 48 1933;
920 1599 69 39 2c.
1028 1599 128 39 June
1194 1598 83 47 12;
1318 1597 84 43 aff.
1442 1599 130 39 June
1609 1598 53 48 9;
1704 1598 41 39 A
1784 1598 172 48 63124;
1998 1599 159 41 Amer.
2199 1610 116 29 assn.
2370 1598 51 41 of

473 1657 269 47 petroleum
773 1655 276 49 geologists.
1122 1655 284 50 (33-15648)

392 1748 189 66 Riley,
607 1747 259 56 William
894 1748 144 54 Bell.

465 1826 123 54 The
621 1827 168 53 Bible
823 1827 64 53 of
919 1828 100 54 the
1052 1826 293 69 expositor
1381 1827 113 53 and
1529 1828 98 52 the
1659 1827 332 70 evangelist.
2070 1826 117 56 Old
392 1830 1999 129 Testament.
641 1925 51 36 v.
733 1910 83 65 15,

854 1906 1563 71 16. By W. B. Riley … Cleveland, O., Union
392 1988 198 67 gospel
619 2005 158 50 press
812 2020 12 34 [
830 1993 18 21 c
854 1989 134 50 1933
994 2020 13 34 ]

465 2063 27 39 2
521 2074 42 29 v.
623 2061 57 43 20c
700 2064 27 20 m
732 2095 8 8 .

811 2130 47 30 CONTENTS.—v.
886 2117 74 43 15.
989 2120 323 40 Ezekial.—v.
1344 2117 72 42 16.
1444 2120 193 41 Daniel,

397 2190 43 29 v.
470 2179 68 46 15,
572 2174 52 52 ©
655 2179 117 47 July
801 2179 39 46 5,
871 2178 142 47 1933;
1044 2189 43 29 v.
1116 2178 70 47 16,
1218 2173 52 52 ©
1302 2178 117 47 July
1449 2179 52 40 8:
1534 2178 68 41 2c.
1633 2179 118 38 each
1783 2178 116 48 July
1930 2179 81 46 15;
2045 2178 109 40 affs.
2186 2178 118 48 July
2334 2179 82 46 14;

467 2237 41 39 A
536 2236 160 48 64329,
727 2236 171 47 64330;
933 2236 160 40 Union
1123 2237 168 47 gospel
1320 2246 148 37 press.

392 2327 288 55 Rubicam
707 2326 280 55 business
1011 2326 219 66 school,
1257 2330 87 53 St.
1371 2327 191 54 Louis.

469 2405 276 53 Rubicam
770 2404 233 53 manual
1026 2404 64 54 of
1111 2404 317 53 shorthand
1454 2423 59 35 as
1536 2403 308 69 developed
1868 2403 113 54 and
2005 2404 208 68 taught
2235 2404 56 51 in
2320 2405 94 52 the

397 2484 281 53 Rubicam
702 2482 253 55 business
980 2482 207 67 school,
1212 2481 83 55 St.
1321 2482 193 69 Louis,
1539 2481 114 53 Mo.
1713 2482 73 52 3d
1811 2482 83 53 ed.
1958 2481 82 55 St.
2065 2482 192 70 Louis,
2281 2482 133 70 Mo.,

397 2562 276 54 Rubicam
710 2561 254 54 business
997 2560 189 56 school
1227 2596 12 34 [
1245 2568 18 21 c
1269 2564 134 49 1933
1409 2595 12 34 ]

465 2633 548 49 1 p. l., 49 p. 19½c m .
466 2692 194 41 Earlier
685 2692 211 40 editions
920 2693 61 46 by
1008 2691 257 40 Elizabeth
1293 2692 54 39 R.
1375 2690 155 42 Hicks
1558 2693 92 39 and
1681 2694 250 44 Margaret
1959 2694 50 38 E.
2039 2694 138 39 Ross.

400 2750 51 53 ©
484 2754 112 40 Feb.
626 2754 70 47 23,
727 2753 143 47 1933;
903 2753 68 40 2c.
1002 2752 113 48 Apr.
1147 2751 57 40 20;
1266 2751 82 40 aff.
1383 2753 114 47 May
1528 2752 83 47 25;
1644 2752 42 39 A
1717 2752 171 47 61967;
1924 2752 237 40 Rubicam
2193 2751 223 41 business

467 2813 177 39 school.
717 2810 283 50 (33-15542)

391 2884 454 69 Schauinsland,
875 2888 176 64 Hugo
1078 2886 328 67 Hermann,
1438 2886 173 57 1857-

465 2968 123 54 The
627 2972 163 63 great
832 2967 256 68 enigma;
1131 2986 32 33 a
1202 2985 124 35 new
1365 2965 145 55 view
1550 2986 72 34 on
1663 2967 98 53 the
1798 2965 235 55 outlook
2072 2965 63 54 of
2174 2966 124 68 life,
2335 2967 76 68 by

394 3045 2013 69 Hugo Hermann Schauinsland … translated from the German
398 3124 2014 71 by Walter H. Schauinsland … New York, E. P. Dutton &
394 3223 98 49 co.,
525 3204 126 67 inc.,
688 3209 150 50 1933.

465 3278 56 41 93
556 3288 43 38 p.
661 3277 146 43 19½cm.

466 3336 163 40 “First
663 3335 229 41 edition.”

466 3393 380 49 Bibliography;
881 3404 42 38 p.
956 3392 160 42 91-93.

400 3449 52 52 ©
484 3454 127 38 June
639 3453 40 46 2,
712 3451 113 41 1933;
888 3452 67 42 2c.
987 3451 126 40 June
1143 3451 53 42 2;
1231 3449 82 42 aff.
1347 3451 127 39 June
1506 3449 53 47 5;
1593 3450 41 38 A
1665 3449 170 46 62888;
1871 3450 53 40 E.
1958 3449 49 40 P.
2042 3449 192 39 Dutton
2263 3448 37 40 &
2330 3457 82 34 co.,

466 3510 90 40 inc.
627 3508 282 48 (33-15646)

392 3582 189 55 South
612 3585 236 54 Dakota
878 3585 112 52 and
1019 3584 189 52 North
1237 3589 240 48 western
1506 3582 204 69 digest,
1740 3583 269 67 covering
2040 3584 77 51 all
2145 3600 152 36 cases
462 3599 1921 132 reported
696 3664 54 51 in

785 3664 183 55 South
998 3663 229 53 Dakota
1258 3668 240 63 reports,
1527 3662 183 53 North
1743 3661 241 53 wefttern
2010 3666 259 63 reporter
2295 3660 112 52 and

465 3744 76 52 all
566 3743 63 52 of
653 3744 96 52 the
772 3744 168 52 north
968 3747 239 49 western
1233 3747 173 48 states
1431 3747 223 63 reports
1678 3741 152 53 from
1854 3741 95 53 the
1974 3740 225 54 earliest
2226 3739 182 59 times.

545 3823 59 51 with
644 3828 229 47 current
910 3822 347 53 cumulative
1295 3822 204 68 pocket
1536 3821 212 55 service
1785 3820 247 69 keeping
2068 3821 117 52 this
2221 3820 186 68 digest

465 3900 1945 70 always to date … Compiled and edited by the publisher
463 3979 268 53 editorial
778 3977 150 56 staff,
1006 3997 51 36 v.
1105 3984 83 55 36,
1235 3979 81 53 37.
1396 3979 66 54 St.
1527 3981 165 60 Paul,
1738 3981 158 53 West
1945 3979 337 68 publishing
2327 3998 78 34 co.

469 4093 12 34 [c
511 4062 133 50 1933
651 4093 12 34 ]
