2597 4403
1343 4059 99 49 192

374 394 206 63 Truss,
611 392 233 56 Seldon.

446 468 430 53 Disinherited!
962 470 366 66 [Instalment
1360 472 47 62 8]

458 555 79 49 (In
571 553 256 50 Answers,
857 552 115 43 Jan.
1004 554 73 49 21,
1111 552 145 49 1933)

383 624 2016 53 © 1c. Mar. 13, 1933: A ad int. 17548; pubd. Jan. 16; Leslie Seldon
452 685 167 47 Truss,
655 684 273 49 Ticehurst,
967 684 194 47 Sussex,
1197 684 239 48 England.

378 789 195 65 Tyler,
603 787 193 66 Ralph
824 788 293 65 Winfred,
1149 793 173 50 1902-

453 866 228 55 Service
716 865 218 55 studies
967 867 62 52 in
1064 863 207 71 higher
1306 864 320 70 education,
1661 864 74 70 by
1770 864 195 69 Ralph
2001 864 90 53 W.
2129 863 176 70 Tyler
2339 864 61 55 in

379 944 411 54 collaboration
817 942 143 55 with
987 943 218 55 Homer
1237 941 62 56 C.
1333 941 299 71 Sampson,
1660 943 76 52 H.
1766 942 89 53 W.
1886 942 300 69 Nisonger,
2214 942 186 55 Lewis

378 1017 1996 152 H. Tiffany … [and others] Columbus, O., The Ohio state university [ c 1932 ]
448 1184 102 49 viii,
583 1184 85 42 283
701 1196 43 38 p.
805 1184 130 42 illus.
963 1183 166 51 (plan)
1169 1185 181 49 diagrs.
1409 1186 57 41 23½
1498 1187 44 23 cm
1548 1219 10 9 .
1629 1186 301 51 (Half-title:
1963 1186 140 52 [Ohio
2135 1189 130 40 state
381 1186 1999 106 university]

638 1243 198 40 Bureau
866 1242 53 41 of
944 1240 313 43 educational
1285 1243 242 42 research.
1587 1244 329 49 Monographs.
1985 1254 77 32 no.
2090 1244 80 48 15)

452 1314 150 40 “This
642 1315 195 40 volume
877 1313 245 41 describes
1166 1312 186 43 service
1395 1313 188 43 studies
1624 1315 267 40 conducted
1935 1315 62 49 by
2038 1315 200 42 various
2280 1316 120 40 staff

379 1372 238 40 members
650 1370 53 42 of
736 1370 124 42 Ohio
892 1372 131 40 state
1055 1369 571 50 university.”—Introd.

448 1429 229 41 Includes
715 1440 28 29 a
781 1428 99 40 few
917 1428 368 41 recommended
1325 1426 253 50 “Reading
1613 1427 156 43 lists”.

385 1498 52 53 ©
470 1504 118 40 Nov.
619 1502 70 49 23,
751 1501 112 49 1932;
897 1500 67 42 2c.
998 1503 96 38 and
1127 1500 82 41 aff.
1243 1501 112 41 Feb.
1388 1502 39 45 7,
1461 1500 142 49 1933;
1637 1502 41 39 A
1710 1501 172 48 60195;
1918 1503 198 40 Bureau
2150 1501 53 42 of
452 1503 1930 97 educational

636 1560 241 46 research,
910 1559 124 40 Ohio
1065 1561 131 38 state
1226 1558 145 48 univ.,
1404 1557 275 48 Columbus,
1714 1558 52 40 O.
1838 1558 282 48 (32-27715)

377 1663 121 53 The
533 1663 223 55 United
793 1664 208 55 States
1032 1662 61 52 in
1126 1663 183 53 world
1344 1659 226 70 affairs;
1612 1681 70 34 an
1718 1669 239 47 account
1991 1664 64 53 of
2089 1662 310 55 American

447 1742 231 70 foreign
731 1742 293 69 relations,
1075 1744 153 50 1932.
1303 1742 296 68 Prepared
1650 1743 75 68 by
1773 1744 224 54 Walter
2047 1742 353 70 Lippmann,

448 1822 141 52 with
627 1822 96 53 the
763 1821 307 54 assistance
1108 1821 64 54 of
1207 1822 97 52 the
1342 1823 260 52 research
1638 1819 137 56 staff
1811 1822 63 53 of
1912 1823 97 53 the
2049 1822 240 56 Council
2325 1842 73 35 on

449 1900 232 70 foreign
728 1901 290 53 relations.
1095 1902 140 52 New
1285 1901 165 54 York
1498 1901 114 53 and
1658 1902 262 67 London,
1966 1903 144 53 Pub.
2159 1903 96 52 for
2302 1904 96 52 the

449 1978 241 56 Council
722 1999 72 35 on
825 1980 232 70 foreign
1085 1981 275 53 relations
1388 1981 75 67 by
1491 1982 235 68 Harper
1756 1985 47 51 &
1828 1982 281 68 brothers,
2141 1985 150 50 1933.

452 2069 82 40 xvi
566 2080 57 38 p,
656 2069 25 39 1
735 2099 22 16 l.,
789 2068 85 40 355
905 2078 45 38 p.
1012 2067 129 41 illus.
1171 2067 161 48 (map)
1403 2066 57 39 22½
1493 2069 15 21 cm
1543 2098 9 9 .
1615 2068 351 50 [Publications
2000 2070 51 40 of
2084 2069 85 41 the
2200 2069 202 43 Council

381 2138 60 29 on
474 2126 194 49 foreign
702 2125 253 49 relations]
1018 2126 199 39 annual.

384 2195 53 53 ©
474 2199 111 40 Feb.
621 2198 70 47 24,
729 2197 142 47 1933;
910 2197 70 41 2c.
1015 2197 112 41 Feb.
1164 2197 83 47 24;
1287 2196 83 41 aff.
1407 2197 112 41 Feb.
1557 2197 82 42 28:
1680 2199 40 39 A
1757 2197 172 44 59711:
1969 2200 196 48 Harper
2202 2199 35 41 &
2274 2201 127 39 bros.

381 2300 225 67 Welby,
634 2301 261 54 Thomas
925 2300 194 66 Earle,
1153 2305 172 50 1881-

451 2380 204 68 Away,
704 2379 123 53 dull
877 2377 271 71 cookery!
1239 2377 91 69 By
1379 2377 66 54 T.
1496 2374 174 56 Earle
1718 2373 220 70 Welby.
2025 2373 259 69 London,
2333 2373 64 52 L.

382 2457 270 69 Dickson,
684 2456 242 69 limited,
961 2459 151 53 1932.

450 2543 64 49 ix,
549 2543 188 49 11-204,
774 2543 56 51 [4]
862 2554 44 38 p.
969 2542 56 41 19
1028 2544 45 22 cm
1078 2575 8 8 .

451 2611 162 40 Blank
646 2620 148 39 pages
831 2610 125 41 “For
991 2608 275 42 additional
1301 2608 212 49 recipes”
1560 2609 50 49 (4
1643 2610 54 39 at
1728 2608 118 47 end)

384 2679 1999 111 © 1c. Dec. 30, 1932; A ad int. 17440; pubd. Nov. 14; H. H. Lovat Dickson,
590 2742 213 41 London.
877 2741 253 50 (33-4436)

375 2847 356 65 Westwood,
761 2847 74 55 H.
862 2847 70 55 R.

449 2924 246 53 Modern
725 2922 410 69 caricaturists,
1166 2922 76 69 by
1272 2923 78 52 H.
1383 2922 68 53 R.
1483 2921 355 66 Westwood;
1873 2917 139 55 with
2047 2940 31 33 a
2113 2917 287 57 foreword

379 3022 72 35 on
492 3004 97 53 the
629 3008 91 48 art
760 3002 65 54 of
863 3001 335 58 caricature,
1236 3001 76 69 by
1352 3000 196 55 David
1589 3000 154 54 Low.
1818 3000 261 68 London,
2118 3000 66 53 L.
378 2998 2000 153 Dickson,

528 3082 243 65 limited,
803 3083 151 51 1932.

449 3171 97 49 xiv,
579 3170 86 42 204
695 3181 44 38 p.
800 3169 129 40 illus.
959 3167 135 50 (incl.
1126 3168 176 51 ports.)
1371 3167 58 42 28½
1460 3170 46 23 cm
1511 3201 9 9 .

385 3239 1998 111 © 1c. Dec. 30, 1932; A ad int. 17441; pubd. Nov. 28; H. H. Lovat Dickson,
587 3302 214 39 London.
872 3300 253 48 (33-4359)

381 3402 271 68 Wilkins,
680 3406 223 53 Harold
933 3406 164 64 Tom,
1130 3410 172 51 1891-

451 3497 279 54 Treasure
771 3495 279 70 hunting;
1093 3497 97 53 the
1228 3496 535 55 treasure-hunter’s
1804 3514 126 34 own
1971 3495 147 54 book
2159 3495 63 53 of
2263 3495 132 54 land

381 3573 2013 70 caches and bullion wrecks, by Harold T. Wilkins … with a
379 3650 1994 133 foreword by Sir Malcolm Campbell … London, Ivor Nicholson &
592 3728 257 69 Watson,
882 3732 151 49 1932.

450 3813 26 39 2
507 3824 43 38 p.
603 3846 22 16 l.,
658 3814 146 41 7-320
835 3825 43 38 p.
938 3814 130 41 illus.
1098 3813 135 49 (incl.
1262 3816 164 48 maps)
1495 3816 56 40 25½
1583 3819 15 21 cm
1633 3849 9 9 .

387 3883 2012 55 © 1c. Jan. 12, 1933; A ad int. 17443; pubd. Dec. 18, 1932; H. T Wilkins.
455 3946 350 48 Bexleyheath,
842 3947 145 47 Kent,
1025 3947 238 48 England.
1334 3947 253 48 (33-5745)
