2582 4453
1344 4130 134 51 1608

399 434 256 65 Heaton,
687 434 282 53 Kenneth
1001 433 211 56 Lewis.

471 513 121 54 The
629 512 295 54 character
961 513 288 68 emphasis
1285 513 59 53 in
1379 513 331 68 education;
1750 537 32 35 a
1817 514 300 55 collection
2152 514 66 55 of
402 520 2000 124 materials

579 592 114 52 and
730 591 263 54 methods
1051 591 94 68 [by]
1187 591 271 54 Kenneth
1496 593 65 53 L.
1600 593 252 69 Heaton,
1976 636 11 11 PH.
2065 637 10 10 D.
2154 592 272 71 Chicago,

401 669 115 68 Ill.,
546 670 122 53 The
697 670 343 67 University
1069 669 66 54 of
1165 669 255 71 Chicago
1450 690 158 50 press
1666 674 153 66 [1933]

470 743 66 49 ix,
569 744 87 39 415
689 753 42 38 p.
794 743 145 48 illus.,
975 744 155 49 diagr.
1191 743 56 42 20
1250 746 45 22 cm
1299 774 8 9 .

473 800 141 49 Song,
647 801 120 40 with
797 801 183 40 music:
1012 812 43 37 p.
1087 803 69 39 74.

473 858 226 41 Includes
734 857 397 50 bibliographies.

403 912 51 52 ©
486 917 120 39 Nov.
638 917 39 46 7,
709 915 142 48 1933;
884 916 25 38 2c.
984 916 120 40 Nov.
1135 917 82 40 14;
1252 916 83 40 aff.
1367 917 118 39 Nov.
1520 917 81 47 11;
1638 918 40 38 A
1708 917 172 47 67123;

1917 916 285 49 University
2234 919 55 39 of
471 917 1937 104 Chicago,
632 973 227 49 Chicago.
931 974 284 45 (33-34584)

425 1078 344 53 [Heckscher
799 1077 359 54 foundation
1188 1078 97 52 for
1316 1078 284 65 children,
1629 1079 148 53 New
1806 1079 183 65 York]

470 1153 259 70 Finding
800 1172 102 34 your
935 1156 160 66 place
1127 1154 59 52 in
1220 1154 105 56 life
1357 1155 254 68 through
1643 1155 321 54 vocational
1998 1154 280 69 guidance
2311 1154 111 54 and

402 1232 2022 72 opportunities for training, by Ralph Strathmore … [New
407 1312 177 69 York,
644 1313 340 53 Vocational
1040 1313 281 68 guidance
1381 1313 231 67 bureau,
1673 1312 327 55 Heckscher
2063 1313 365 68 foundation,

399 1398 16 23 c
419 1395 155 66 1933]

471 1464 57 40 79
556 1475 43 37 p.
630 1463 111 42 incl.
773 1467 122 45 port.
957 1465 55 39 21
1017 1467 15 21 cm
1067 1498 8 8 .

403 1521 2026 54 © Oct. 26, 1933; 2c. Nov. 3: aff. Nov. 9; A 67053; R, Strathmore, New
469 1584 146 40 York.
688 1583 282 49 (33-34468)

401 1685 212 68 Hedin,
644 1689 157 54 Sven
832 1688 256 65 Anders,
1123 1691 173 49 1865-

469 1767 240 53 Riddles
737 1767 64 53 of
826 1768 96 52 the
951 1767 148 55 Gobi
1130 1768 204 61 desert,
1361 1767 77 68 by
1466 1767 152 56 Sven
1646 1767 226 66 Hedin;
1903 1768 142 52 with
2072 1772 69 49 24
398 1769 1997 143 illustrations;

612 1846 319 55 translated
965 1845 154 54 from
1151 1846 95 53 the
1282 1845 260 56 Swedish
1573 1847 77 67 by
1682 1846 304 53 Elizabeth
2021 1845 251 69 Sprigge
2307 1848 110 52 and

399 1925 218 55 Claude
649 1925 232 68 Napier.
959 1926 140 53 New
1131 1926 183 61 York,
1342 1927 68 51 E.
1441 1927 64 52 P.
1536 1927 226 52 Dutton
1792 1929 45 50 &
1866 1943 299 51 company,
2196 1930 150 50 1933.

473 2010 43 31 x.
548 1999 88 41 382
667 2010 41 36 p.
771 1998 165 44 front.,
968 2000 171 46 plates,
1172 2001 148 46 ports.
1384 1999 54 40 23
1442 2002 44 20 cm
1492 2032 7 7 .

477 2057 172 49 Sequel
676 2060 48 39 to
751 2057 82 42 the
858 2057 221 41 author’s
1106 2057 206 42 “Across
1340 2058 82 40 the
1449 2057 121 42 Gobi
1597 2057 207 44 desert”.

471 2114 128 42 “The
627 2115 253 46 discovery
907 2116 53 38 of
986 2126 105 29 new
1121 2115 98 48 Lop
1247 2125 102 30 nor.
1378 2114 62 51 by
1467 2114 108 40 Nils
1606 2114 53 41 G.
1690 2113 223 41 Hörner”
1955 2115 65 46 (p.
2051 2112 230 49 341-376)
2323 2124 98 29 was

406 2174 196 39 written
636 2173 133 41 after
802 2174 80 39 the
914 2174 301 47 publication
1247 2173 52 40 of
1330 2174 81 39 the
1445 2173 220 41 Swedish
1698 2172 184 41 edition
1913 2174 96 39 and
2042 2173 42 39 is

2115 2183 23 28 a
407 2174 1995 96 continuation
539 2233 52 38 of
620 2231 82 40 the
732 2232 99 39 last
862 2232 205 47 chapter
1094 2232 51 39 of
1175 2233 82 38 the
1288 2232 137 41 book.
1459 2231 205 40 “Across
1694 2232 82 39 the
1808 2230 121 41 Gobi
1961 2230 206 41 desert”.

474 2289 163 41 “First
669 2288 229 41 edition.”

403 2343 51 52 ©
486 2349 118 38 Nov.
636 2348 39 47 9,
705 2348 113 40 1933;
879 2349 69 39 2c.
979 2349 96 38 and
1105 2348 81 40 aff.
1219 2349 118 39 Nov.
1370 2348 81 47 10;
1485 2348 41 39 A
1555 2347 172 47 67067;
1763 2348 53 39 E.
1848 2348 49 38 P.
1933 2348 187 39 Dutton
2152 2346 36 41 &
2219 2357 81 36 co.,
2332 2347 92 39 inc.

481 2406 282 46 (33-34118)

401 2510 369 65 Henderson,
801 2510 166 55 Olive
999 2512 206 54 Grace.

473 2584 1944 71 Good eyes for life, by Olive Grace Henderson … and Hugh
402 2663 2018 71 Grant Rowell … illustrations by Waldine A. Tauch. New
404 2743 177 56 York,
622 2744 258 68 London,
924 2744 69 53 D.
1039 2744 581 69 Appleton-Century
1663 2762 297 51 company,
2004 2742 418 69 incorporated,

404 2825 150 50 1933.

469 2894 97 44 xiv.
600 2894 86 42 202
719 2906 42 38 p.
823 2896 164 42 front.,
1024 2896 143 49 illus.,
1201 2897 172 49 plates,
1407 2896 154 50 diagr.
1625 2896 55 42 19½
1713 2899 44 21 cm
1763 2932 7 8 .
1844 2898 302 49 (Half-title:
2178 2898 239 47 Appleton

399 2954 206 46 popular
631 2954 168 40 health
829 2954 177 48 series)

471 3011 164 41 “First
666 3011 263 49 printing.”

404 3068 51 52 ©
498 3074 119 39 Nov.
660 3073 69 47 10,
772 3072 142 42 1933:
959 3072 65 41 2c.
1070 3074 95 38 and
1209 3072 81 40 aff.
1334 3073 119 39 Nov.
1496 3072 81 43 13;
1624 3073 40 38 A
1707 3073 171 46 68027;
1926 3073 51 41 O.
2023 3072 51 41 G.
2120 3072 302 40 Henderson.

472 3129 293 48 Cassopolis,
803 3130 157 41 Mich.,
998 3132 96 38 and
1130 3131 147 44 Hugh
1315 3130 149 40 Grant
1508 3130 199 40 Rowell.
1743 3131 119 38 New
1898 3131 144 39 York.

482 3187 283 48 (33-34137)

400 3273 308 56 Henniker
735 3278 256 62 Heaton,
1021 3278 172 60 Rose,
1226 3280 135 49 1884-

469 3352 1697 70 The perfect Christmas, by Rose Henniker Heaton …
398 3353 2000 134 illustrated
627 3433 76 68 by
742 3433 246 69 Daphne
1028 3433 251 55 Jerrold.
1357 3433 139 52 New
1537 3434 180 68 York,
1757 3435 67 51 E.
1865 3434 65 52 P.
1970 3433 225 54 Dutton
2233 3435 51 51 &
2323 3450 98 49 co.,

397 3513 108 53 inc.
542 3546 12 34 [
560 3518 18 22 c
583 3515 153 64 1933]

469 3587 97 47 xiv,
595 3587 86 40 152
707 3597 43 37 p.
780 3586 109 40 incl.
916 3586 166 48 front.,
1110 3585 129 41 illus.
1302 3585 54 41 19½
1389 3587 45 22 cm
1439 3619 9 7 .

472 3644 165 41 “First
666 3643 229 42 edition.”

404 3697 52 53 ©
490 3703 119 40 Nov.
643 3704 39 41 2,
718 3702 114 40 1933:
896 3701 66 40 2c.
1000 3703 95 38 and
1130 3700 83 42 aff.
1248 3702 118 39 Nov.
1401 3702 54 40 3:
1493 3702 43 39 A
1568 3701 171 46 67065;
1778 3701 126 40 Rose
1941 3701 251 39 Henniker
2228 3701 193 39 Heaton

472 3761 186 39 Porter.
689 3760 304 48 Lymington.
1021 3760 176 41 Hants.
1227 3760 237 45 England.
1537 3759 282 47 (33-34546)

402 3847 370 68 Honeyman,
806 3847 309 55 Abraham
1149 3849 131 54 Van
1314 3850 216 64 Doren,
469 3852 1227 143 1849-Honeyman’s
903 3925 231 69 justice;
1183 3926 300 67 including
1526 3926 227 55 various
1796 3930 234 50 matters
2075 3924 201 53 within
2321 3924 94 54 the

399 4003 239 68 judicial
662 4006 338 67 cognizance
1025 4004 64 52 of
1113 4004 181 68 police
1318 4005 379 68 magistrates,
1723 4004 287 55 recorders
2037 4003 110 56 and
2175 4021 241 49 mayors,
