2540 4453
1031 4122 101 51 489

93 470 352 65 Ackerman,
477 467 244 65 Phyllis,
756 472 169 50 1893-

164 550 298 66 Tapestry,
500 548 95 52 the
628 547 209 51 mirror
872 545 63 54 of
970 541 367 68 civilization,
1373 543 75 66 by
1484 540 226 69 Phyllis
1747 541 337 53 Ackerman.

95 621 1486 71 New York [etc.] Oxford university press, 1933.
165 694 977 52 xi, 451 p. XLVIII pl. on 24 1. 23½ cm .
163 755 344 47 Bibliography:
570 765 41 36 p.
643 753 216 40 431-433.

99 809 51 52 ©
179 814 113 47 Apr.
321 813 39 46 6,
389 811 112 41 1933;
559 812 67 40 2c.
655 812 95 38 and
778 810 82 40 aff.
889 810 112 47 Apr.
1031 809 81 47 12;
1144 809 41 38 A
1213 807 170 47 60967;
1417 807 187 40 Oxford
1634 805 129 42 univ.
1794 816 149 39 press,
1973 807 115 38 New

167 870 142 46 York,
338 869 90 40 inc.
501 867 251 49 (33-9434)

91 941 343 67 Aldington,
463 942 278 64 Richard,
772 947 169 50 1892-

162 1019 100 55 All
307 1038 126 36 men
479 1038 94 35 are
620 1018 256 69 enemies,
921 1038 31 34 a
999 1035 277 50 romance,
1322 1016 74 70 by
1444 1015 255 55 Richard
1744 1014 341 72 Aldington.

92 1099 258 67 London,
377 1097 210 55 Chatto
614 1097 44 51 &
683 1096 263 68 Windus,
975 1099 150 51 1933.

165 1169 651 52 3 p. l., 495, [1] p. 21½cm.
98 1225 1973 109 © 1c. Apr. 26, 1933; A ad int. 17727; pubd. Mar. 2; R. Aldington, Anacapri, Capri, Italy. (33-11392)
90 1361 315 54 American
431 1361 112 53 law
570 1363 234 61 reports
831 1361 340 53 annotated.

90 1437 1971 134 Cumulative index … vols. 82, 83, combining cases and annotations.
394 1517 323 67 Rochester,
748 1519 70 51 N.
851 1519 89 65 Y.,
972 1517 120 52 The
1121 1518 266 68 Lawyers
1417 1516 382 68 co-operative
91 1515 1971 149 publishing

236 1613 306 50 company;
591 1595 339 68 Northport,
977 1598 63 51 L.
1088 1597 67 65 I.,
1201 1598 69 51 N.
1318 1598 91 65 Y.,
1455 1596 254 53 Edward
1756 1596 330 67 Thompson

90 1691 306 51 company;
436 1673 117 55 San
587 1674 321 68 Francisco,
945 1674 193 68 Calif.,
1172 1674 585 69 Bancroft-Whitney
1790 1693 297 50 company,

92 1756 149 53 1933.

162 1828 85 40 154
275 1840 41 36 p.
374 1828 56 39 24
433 1830 44 21 cm
482 1860 9 8 .

166 1884 73 41 On
263 1894 167 31 cover:
459 1885 298 47 Temporary
783 1883 293 42 cumulative
1104 1884 322 48 index-digest
1455 1886 51 39 of
1533 1887 54 39 A.
1614 1886 50 39 L.
1694 1886 56 39 R.
1778 1886 117 40 vols.
1924 1884 68 49 82,
2021 1884 69 41 83.

97 1937 51 52 ©
175 1941 114 48 Apr.
317 1943 39 44 7,
385 1940 112 41 1933;
554 1942 66 39 2c.
649 1942 114 47 Apr.
792 1941 52 47 8;
873 1941 86 39 aff..
984 1942 112 47 Apr.
1126 1941 81 47 12;
1238 1943 41 38 A
1307 1941 170 47 61347;
1508 1942 228 48 Lawyers
1766 1941 324 49 co-operative

164 1999 109 46 pub.
303 2008 80 38 co.,
414 2000 210 38 Edward
653 1998 274 48 Thompson
958 2010 66 29 co.
1055 2001 95 38 and
1181 1999 486 48 Bancroft-Whitney
1697 2011 68 29 co.

90 2071 315 56 American
434 2073 247 54 medical
705 2072 373 57 association.

160 2150 164 53 Laws
372 2150 304 68 (abstract)
724 2151 112 53 and
872 2151 178 53 board
1086 2151 220 69 rulings
1343 2153 329 68 regulating
1706 2154 95 54 the
1837 2153 249 69 practice

91 2228 64 52 of
199 2228 276 55 medicine
520 2229 60 54 in
626 2230 95 52 the
766 2229 218 55 United
1034 2231 187 55 States
1269 2232 64 53 of
1379 2230 266 55 America
1695 2233 111 52 and
1855 2233 229 52 abroad.

90 2308 107 51 42d
233 2307 86 53 ed.
395 2306 299 70 Compiled
730 2309 75 68 by
840 2309 96 52 the
975 2310 237 55 Council
1248 2330 70 33 on
1355 2311 240 54 medical
1633 2312 301 53 education
1973 2313 109 51 and

88 2385 278 68 hospitals
430 2386 64 51 of
555 2388 95 51 the
713 2386 305 55 American
1081 2389 240 52 medical
1387 2390 354 55 association.
1816 2391 270 69 Chicago,

90 2466 167 52 Press
282 2466 63 53 of
370 2465 95 53 the
489 2465 304 54 American
819 2467 241 53 medical
1086 2469 356 69 association,
1470 2473 150 50 1933.

162 2539 371 51 345, [1] p. 19 cm.
98 2592 51 52 ©
179 2598 120 38 Mar.
326 2597 40 46 3,
395 2596 140 47 1933;
563 2597 67 41 2c.
659 2600 95 38 and
783 2597 81 41 aff.
895 2599 120 38 Mar.
1045 2599 81 46 13;
1157 2600 41 38 A
1226 2599 170 49 59893;
1428 2602 159 40 Amer.
1617 2599 203 42 medical
1851 2611 127 31 assn.

90 2670 255 66 Anesen,
375 2671 184 57 Niels.

222 2746 1792 71 … Ved agerens ende. [K ø benhavn] S. Hasselbalch, 1932.
163 2819 86 43 208
275 2831 43 38 p.
377 2821 57 41 20
437 2823 44 22 cm
485 2853 9 9 .

96 2875 1974 109 © Oct., 12, 1932; 1c. Jan. 27, 1933; A-Foreign 19481; N. Anesen, Sulsted, Denmark. (33-9667)
90 3007 331 68 Armitage,
450 3010 201 65 Merle,
682 3014 170 50 1893-

161 3089 242 53 Warren
454 3089 350 67 Newcombe,
854 3089 74 68 by
977 3089 179 52 Merle
1205 3089 318 67 Armitage.
1598 3089 138 53 New
1787 3087 179 67 York,
2018 3088 65 52 E.

93 3168 230 66 Weyhe,
354 3172 150 49 1932.

163 3239 1435 50 4 p. l., 10, [6] p. front. (port.) 38 (i. e. 39) pl. 28 cm .
163 3297 287 47 Tail-piece;
493 3298 81 39 the
614 3300 138 37 extra
795 3298 129 47 plate
963 3296 41 41 is
1045 3308 27 28 a
1110 3297 280 47 lithograph
1431 3297 140 39 made
1609 3296 59 47 by
1708 3296 204 40 Warren
95 3296 1972 99 Newcombe

286 3354 260 47 especially
574 3354 79 39 for
685 3354 97 40 this
813 3355 135 42 book,
981 3356 94 37 and
1106 3354 192 48 printed
1329 3355 60 46 by
1419 3354 130 39 hand
1580 3353 126 40 from
1741 3354 81 39 the
1853 3355 150 38 stone.

165 3410 1873 49 “Of this book … five hundred numbered copies have been printed …
93 3467 213 41 Number
333 3468 98 42 66.”
495 3468 174 47 Signed
697 3469 60 47 by
783 3470 83 39 the
891 3471 191 39 author.

96 3521 54 52 ©
177 3526 102 41 Oct.
307 3527 39 39 1.
375 3525 139 48 1932;
544 3526 67 41 2c.
641 3527 110 40 Feb.
780 3527 69 48 13,
878 3526 141 47 1933;
1051 3526 80 41 aff.
1164 3528 122 39 Mar.
1314 3526 83 47 25;
1428 3527 41 38 A
1498 3525 170 48 60794;
1701 3528 50 37 E.
1783 3525 195 48 Weyhe.

176 3582 249 48 (33-9433)

92 3657 307 65 Arnheim,
432 3659 194 54 Lotte.

161 3734 187 54 Lusch
394 3734 145 54 wird
585 3735 123 54 eine
753 3735 471 69 Persönlichkeit;
1275 3735 91 54 ein
1412 3736 680 69 lustig-nachdenkliches

92 3812 335 53 mädelbuch
461 3831 108 35 von
601 3814 168 54 Lotte
800 3813 298 53 Arnheim.
1175 3812 313 71 Stuttgart,
1519 3815 72 54 D.
1624 3814 283 71 Gundert,
1941 3817 150 52 1932.

160 3886 843 49 133 p. inch front., illus. 17 ½ cm .
162 3941 67 41 “1.
260 3942 73 41 bis
364 3944 39 39 7.
436 3942 251 41 tausend.”

97 3994 1911 55 © Aug. 18, 1932; 1c. Nov. 11; A -Foreign 18555; D. Gundert Verlag.
174 4054 249 50 (33-9393)
