2575 4405
1065 4075 98 49 129

109 453 289 65 Acheson,
429 449 221 56 Eunice
679 450 152 64 Mae,
862 451 171 52 1894-

177 532 120 53 The
332 526 258 56 effective
623 529 144 51 dean
803 526 66 52 of
903 542 244 50 women;
1187 543 32 33 a
1253 522 173 68 study
1460 520 66 53 of
1559 522 96 52 the
1690 518 262 68 personal
1988 517 109 53 and

107 606 379 71 professional
529 600 451 59 characteristics
1024 604 64 52 of
1130 620 32 34 a
1205 599 237 55 selected
1487 615 184 51 group
1716 596 64 53 of
1823 597 172 52 deans
2040 595 62 51 of

107 676 1508 77 women, by Eunice Mae Acheson … Chicago,
1652 675 114 66 Ill.,
1801 675 121 52 The
107 673 1966 159 University
344 761 64 55 of
435 760 251 68 Chicago
713 778 158 49 press
904 761 171 66 [1932]

176 834 84 50 xii,
293 835 84 40 211
409 845 40 37 p.
510 832 55 42 23½c
615 834 28 22 m
648 864 9 10 .

178 892 171 41 Issued
381 891 104 40 also
515 899 55 31 as
602 888 154 41 thesis
795 887 110 48 (PH.
968 885 36 48 D.)
1043 883 250 43 Columbia
1328 883 286 46 university,
1649 883 153 39 under
1834 881 135 39 title:
2002 880 102 40 The

109 950 222 48 personal
358 948 95 40 and
481 945 323 51 professional
832 941 394 43 characteristics
1253 940 52 41 of
1330 950 25 30 a
1385 940 207 40 selected
1620 947 153 40 group
1798 938 52 39 of
1876 937 150 40 deans
2054 936 51 39 of

108 1017 198 31 women.

178 1061 374 50 Bibliography:
587 1072 42 37 p.
663 1058 215 42 192-196.

111 1116 52 54 ©
191 1120 110 41 Dec.
329 1120 69 47 20,
427 1119 113 40 1932;
597 1119 54 39 2c
693 1118 94 39 and
817 1116 82 41 aff.
929 1116 108 40 Jan.
1066 1115 69 46 27,
1164 1112 140 50 1933;
1336 1114 41 38 A
1404 1112 170 47 59174;

1608 1110 283 50 University
1920 1111 50 39 of
179 1108 1911 118 Chicago,
341 1175 223 48 Chicago.
634 1174 251 48 (33-3634)

108 1257 247 65 Alburn,
387 1254 249 57 Wilfred
667 1256 225 63 Henry.

176 1334 141 56 This
368 1331 309 57 Cleveland
729 1331 64 53 of
842 1348 148 50 ours,
1039 1331 75 66 by
1161 1328 255 56 Wilfred
1464 1326 204 69 Henry
1716 1326 227 53 Alburn
1994 1325 110 55 and

107 1411 235 54 Miriam
372 1408 224 56 Russell
624 1409 256 65 Alburn;
913 1408 351 54 consultants
1295 1407 112 52 and
1438 1402 270 71 advisers,
1736 1405 105 53 Dr.
1872 1402 236 57 Charles

108 1479 2000 79 Franklin Thwing, Mr. Elbert Hall Baker … Chicago,
108 1566 310 57 Cleveland
478 1570 119 63 [etc.]
643 1564 56 56 S.
736 1565 56 53 J.
832 1563 207 56 Clarke
1076 1561 333 70 publishing
1445 1577 298 53 company,
1781 1563 150 50 1933.

177 1642 28 40 4
235 1653 40 29 v.
336 1641 175 41 fronts,
538 1639 67 49 (v.
635 1639 112 48 1-2)
785 1637 145 50 illus.,
959 1639 170 48 plates,
1163 1638 164 48 ports.,
1359 1645 123 38 map.
1541 1635 59 40 27
1601 1636 46 21 cm
1651 1667 8 10 .

178 1694 1086 52 Vols. I-II and III-IV paged continuously.
178 1747 1146 55 Vols. III-IV contain biographical material.
113 1809 51 53 ©
195 1812 111 41 Feb.
335 1812 41 47 2,
405 1811 140 47 1933;
577 1809 67 41 2c.
676 1811 95 39 and
803 1809 82 40 aff.
918 1808 110 42 Fteb.
1059 1809 26 39 8;
1145 1808 42 40 A
1216 1806 170 45 59350;
1423 1807 45 40 S.
1501 1807 42 40 J.
1578 1805 175 42 Clarke
1784 1807 109 47 pub.
1927 1816 67 31 co.

189 1866 251 51 (33-3607)

105 1943 315 54 American
457 1940 375 67 therapeutic
865 1940 244 65 society.

173 2014 1930 74 Transactions … Volume XXXII, 1932. [St. Paul] Published
108 2100 73 68 by
207 2099 95 54 the
333 2097 244 71 Society,
607 2102 150 50 1932.

181 2172 88 42 226
295 2184 43 37 p.
395 2172 143 47 illus.,
568 2172 169 46 tables,
766 2170 181 48 diagrs.
1005 2170 55 39 24
1063 2172 44 21 cm

115 2226 51 53 ©
197 2229 110 41 Dec.
337 2229 69 49 15,
435 2226 142 50 1932;
607 2229 69 39 2c.
705 2229 113 40 Dec.
846 2226 81 49 19;
960 2226 82 41 aff.
1073 2227 108 40 Jan.
1214 2227 67 46 16,
1313 2226 140 47 1933;
1487 2226 40 39 A
1557 2225 171 49 57512;
1762 2226 159 41 Amer.
182 2225 1909 110 therapeutic
371 2297 106 36 soc.,
509 2284 68 43 St.
605 2286 137 39 Paul.

110 2361 221 67 Amiet,
359 2362 219 54 Ernest
609 2363 67 54 E.

179 2438 121 55 The
325 2438 231 54 Palmer
579 2439 171 53 house
777 2438 139 53 cook
940 2438 174 67 book;
1145 2441 135 49 1022
1306 2437 248 68 original
1581 2435 213 71 recipes
1824 2437 94 53 for
1944 2436 162 54 home

111 2511 1996 77 use, created and tested by Ernest E. Amiet … Indianapolis,
110 2592 121 55 The
258 2592 442 55 Eobbs-Merrill
728 2610 282 52 company
1041 2626 14 35 [
1057 2599 21 21 c
1082 2596 153 64 1933]

176 2667 88 42 310
293 2678 42 38 p.
394 2667 57 40 20½
482 2670 44 21 cm
532 2699 8 10 .

182 2722 161 43 “First
371 2722 227 42 edition.”

115 2776 52 53 ©
196 2780 110 41 Jan.
331 2780 69 47 27,
429 2778 140 50 1933;
598 2778 66 42 2c.
693 2780 111 41 Feb.
832 2781 53 46 1;
916 2778 80 41 aff.
1026 2779 110 41 Feb.
1164 2778 53 49 2;
1246 2780 41 39 A
1315 2779 169 48 60138;
1518 2781 53 39 E.
1600 2780 52 41 E.
1681 2779 174 48 Amiet,
1886 2777 224 50 Chicago.

192 2835 249 50 (33-3699)

112 2908 82 57 At
227 2911 95 53 the
358 2929 177 48 cross;
573 2911 157 52 three
765 2927 215 52 groups
1014 2910 64 53 of
1110 2911 219 53 Lenten
1361 2928 250 36 sermons
1648 2911 114 54 and
1797 2910 310 69 addresses,

180 2988 75 70 by
288 2988 193 54 James
515 2988 88 56 W.
642 2985 365 72 Schillinger,
1041 2988 128 68 Roy
1201 2988 72 53 D.
1308 2987 247 54 Linhart
1613 2987 130 70 [and]
1783 2988 227 55 Harold
2045 2990 64 52 L.

182 3061 1924 80 Yochum. Columbus, O., The Lutheran book concern [ c 1932]
182 3139 84 42 163
293 3151 43 37 p.
394 3140 57 40 20
454 3142 43 21 cm
503 3172 8 9 .

117 3192 51 53 ©
196 3196 111 42 Dec.
334 3196 69 47 27,
431 3194 140 49 1932;
601 3196 68 41 2c.
696 3197 96 39 and
821 3195 80 40 aff.
929 3195 111 41 Jan.
1067 3196 39 47 3,
1135 3194 141 49 1983;
1306 3196 41 39 A
1375 3196 169 48 58657;
1577 3196 250 42 Lutheran
1856 3199 123 40 book
182 3208 1913 86 concern.
379 3252 249 49 (33-3620)

107 3323 460 72 Baden-Powell,
634 3327 223 53 Robert
925 3326 370 65 Stephenson
1366 3328 214 63 Smyth
1647 3329 461 68 Baden-Powell,

217 3425 155 34 baron.

178 3483 239 55 Lessons
444 3483 155 54 from
627 3484 95 52 the
750 3482 223 70 varsity
998 3482 65 53 of
1092 3482 123 53 life.
1293 3484 364 67 [Instalment
1683 3488 52 65 4]

195 3557 83 50 (In
306 3553 261 45 Pearson’s
601 3554 276 51 magazine,
908 3553 128 51 Jan.,
1070 3553 143 50 1933)

118 3604 1996 67 © 1c. Feb. 27, 1933; A ad int. 17490; pubd. Jan. 1; Robert Stephenson
188 3671 182 49 Smyth,
403 3672 129 39 Lord
563 3670 381 48 Baden-Powell,
978 3670 216 49 Bentley,
1228 3670 311 51 Hampshire,
1574 3672 235 50 England.

110 3746 210 67 Barry,
352 3747 262 66 Charles,
644 3747 195 67 pseud.

181 3824 119 54 The
330 3843 198 49 wrong
553 3823 249 54 murder,
876 3824 163 68 chap.
1066 3827 69 49 28
1172 3822 272 72 (contd.),
1471 3827 83 51 29.

194 3898 83 49 (In
306 3893 257 52 Universe,
591 3894 111 42 Jan.
732 3895 39 49 6,
804 3893 145 51 1933)

119 3945 1995 70 © 1c. Mar. 1, 1933; A ad int. 17523; pubd. Jan. 6; Charles Bryson,
187 4010 210 42 London.
