2582 4453
1432 4124 64 49 938

464 445 192 65 Macy,
685 446 188 65 Jesse,
903 450 327 50 1842-1919.

537 525 159 54 Jesse
729 522 201 69 Macy:
966 541 73 35 an
1075 522 482 69 autobiography,
1591 522 191 53 edited
1818 522 113 53 and
1968 522 282 68 arranged
2285 520 75 71 by
2395 520 90 54 his

467 603 303 68 daughter,
820 600 327 55 Katharine
1197 602 172 68 Macy
1420 602 203 68 Noyes.
1714 599 375 71 Springfield,
2138 598 114 72 Ill.,
468 601 1991 148 Baltimore,
665 681 140 67 Md.,
833 680 63 55 C.
924 682 63 55 C.
1015 681 267 67 Thomas,
1311 684 151 49 1933.

537 753 1245 50 xix, 192 p., 1 l. front., ports., facsims. 24 cm .
540 813 70 40 “A
636 813 86 41 list
751 814 51 39 of
831 812 327 49 publications
1188 814 58 47 by
1277 813 139 40 Jesse
1445 812 169 48 Macy”
1634 823 9 30 :
1673 824 43 37 p.
1747 812 217 41 184-186.

473 881 51 52 ©
557 887 115 47 May
701 887 68 45 13,
800 886 141 42 1933;
974 886 68 41 2c.
1072 886 97 39 and
1199 884 82 41 aff.
1312 885 129 39 June
1470 885 82 43 19;
1585 887 41 38 A
1656 886 171 46 63319;
1863 886 203 40 diaries
2099 887 48 40 C.
2179 887 226 44 Thomas.

554 943 282 50 (33-16341)

466 1046 307 65 Marshall,
802 1046 248 56 Francis
1077 1046 244 61 Walter,
1351 1052 172 51 1892-

540 1127 124 52 The
701 1126 277 69 layman’s
1018 1127 150 68 legal
1207 1126 172 69 guide
1417 1131 58 48 to
1513 1126 263 53 essential
1816 1127 156 68 laws,
2008 1127 77 69 by
2122 1125 240 56 Francis
2397 1128 90 55 W.

468 1205 2020 71 Marshall … Rev. ed., containing vital portions of the new and
466 1292 356 48 momentous
854 1291 117 48 acts
1001 1285 64 52 of
1096 1285 282 69 Congress
1409 1284 268 55 initiated
1709 1287 113 52 and
1850 1285 201 70 signed
2080 1287 76 69 by
2186 1286 304 55 President

469 1366 286 52 Franklin
779 1366 71 52 D.
877 1365 319 53 Roosevelt.
1273 1366 138 52 New
1439 1365 163 52 York
1627 1367 112 51 and
1766 1366 260 70 London,
2050 1367 172 52 Funk
2246 1369 46 51 &
2314 1369 174 68 Wag-

468 1446 671 67 nails company [ c 1933]
541 1531 45 37 x,
616 1519 175 41 11-332
819 1530 44 38 p.
924 1518 56 41 18½
1012 1521 44 21 cm
1062 1551 8 8 .

475 1589 51 52 ©
559 1594 128 39 June
716 1592 70 42 15.
819 1591 141 47 1933;
995 1592 66 40 2c.
1094 1592 97 39 and
1224 1591 83 41 aff.
1340 1591 129 40 June
1497 1591 83 42 24;
1615 1592 41 38 A
1689 1592 170 44 63378;
1896 1593 141 39 Funk
2069 1594 37 39 &
2137 1593 252 48 Wagnalls
2423 1604 66 30 co.

554 1651 282 48 (33-16558)

467 1750 212 65 Miner,
708 1755 194 63 Leroy
927 1752 294 55 Matthew
1248 1751 295 65 Simpson,
1574 1759 173 50 1882-

543 1835 121 51 The
715 1853 123 33 new
889 1831 303 70 dentistry,
1243 1852 31 33 a
1324 1833 175 67 phase
1549 1832 65 54 of
1663 1834 332 67 preventive
2042 1833 307 64 medicine;
2401 1835 88 53 six

469 1912 1994 147 Lowell lectures, by Leroy Matthew Simpson Miner … Cambridge, Mass., Harvard university press, 1933.
543 2065 86 42 219
665 2077 43 38 p.
770 2065 56 42 19½
858 2068 45 22 cm
907 2098 9 9 .

477 2134 52 53 ©
565 2140 128 39 June
726 2139 39 46 1,
800 2138 141 48 1933;
978 2138 66 40 2c.
1082 2138 127 39 June
1244 2137 82 48 19;
1364 2137 82 41 aff.
1483 2138 127 39 June
1643 2137 84 48 20;
1764 2138 43 38 A
1841 2136 171 48 64079;
2051 2138 51 39 L.
2138 2138 63 40 M.
2240 2137 43 40 S.
2320 2135 172 46 Miner,

544 2198 198 39 Boston.
814 2195 282 50 (33-16603)

470 2295 339 58 Minnesota
855 2300 113 53 and
1010 2300 188 53 North
1243 2306 240 47 western
1529 2299 204 70 digest,
1778 2299 268 70 covering
2091 2301 76 52 all
2212 2317 150 36 cases
540 2317 1923 130 reported
791 2379 59 52 in
896 2380 325 52 Minnesota
1268 2385 240 62 reports,
1554 2380 188 52 North
1787 2383 240 49 western
2072 2383 260 64 reporter
2375 2379 114 52 and

543 2459 77 51 all
668 2459 63 53 of
776 2460 96 53 the
918 2460 173 52 north
1140 2464 240 48 western
1426 2464 175 48 states
1647 2464 224 63 reports
1918 2458 153 52 from
2119 2458 95 53 the
2262 2458 230 53 earliest

540 2537 184 69 times,
763 2538 141 53 with
944 2545 231 47 current
1213 2538 347 53 cumulative
1600 2539 204 68 pocket
1840 2538 212 53 service
2088 2538 248 69 keeping
2374 2538 115 53 this

541 2618 1923 227 digest always to date … Compiled and edited by the publisher’s editorial staff, v. 36, 37. St. Paul. West publishing co. [ c 1933 ]
544 2852 31 40 2
635 2883 8 9 v.
700 2851 60 40 26
760 2854 44 20 cm
809 2883 8 8 .

817 2919 115 30 CONTENTS.—v.
969 2907 73 43 36.
1077 2909 482 41 Tender-Trial.—v.
1597 2907 74 43 37.
1706 2910 183 40 Trover
1925 2909 95 40 and
474 2908 2002 99 Conversion-Vendor
592 2968 96 39 and
717 2968 282 48 purchaser.

480 3033 51 52 ©
562 3038 127 39 June
717 3038 69 46 21,
816 3038 142 47 1933;
989 3039 66 39 2c.
1086 3039 118 39 each
1234 3039 117 47 July
1379 3038 83 43 24;
1494 3037 107 41 affs.
1634 3038 116 47 July
1778 3037 83 47 22;
1894 3038 41 38 A
1964 3037 157 47 91445,
2153 3037 171 42 64446;
2358 3038 134 40 West

548 3096 109 47 pub.
684 3106 67 30 co.

473 3197 245 54 Modern
775 3200 192 53 school
1023 3199 487 67 administration,
1565 3200 75 52 its
1695 3199 287 69 problems
2039 3199 112 53 and
2207 3215 283 53 progress,

552 3276 1934 70 edited by John C. Almack … Boston, New York [ etc.]
547 3354 319 70 Houghton
896 3357 204 53 Mifflin
1133 3376 282 49 company
1451 3391 12 34 [
1469 3365 18 21 c
1491 3360 134 50 1933
1633 3391 12 33 ]

552 3439 45 34 x,
625 3429 88 41 382
740 3441 43 37 p.
839 3429 150 41 front.
1020 3430 173 49 (port.)
1231 3431 181 49 diagrs.
1472 3429 56 41 21½
1562 3433 44 21 cm
1610 3463 8 8 .

551 3484 1971 53 ‘Trepared by … friends E ofi and dedicated to … [Ellwood P. Cubberleyj .
483 3545 51 36 at
573 3543 80 40 the
691 3543 117 41 time
845 3544 51 39 of
930 3544 77 40 his
1044 3544 285 42 retirement
1366 3546 129 40 from
1536 3544 236 40 Stanford
1809 3542 583 49 university.”—Introd.,
2431 3545 61 48 by

486 3602 67 40 W.
584 3600 53 42 G.
666 3599 199 51 Cooper,
891 3612 45 38 p.
964 3601 102 41 viii.

824 3672 174 42 CONTENTS.—The
1027 3672 404 48 superintendent
1459 3673 96 39 and
1586 3673 83 40 the
1697 3672 153 41 board
1877 3671 52 41 of
1957 3672 275 47 education,
2260 3671 61 47 by
2350 3669 53 41 G.
2434 3668 57 42 D.

487 3727 453 49 Strayer.—School
968 3729 214 43 finances
1208 3730 96 40 and
1332 3730 221 41 business
1581 3730 355 49 management,
1965 3729 60 48 by
2051 3729 72 41 W.
2151 3727 54 42 G.
2233 3728 261 42 Reeder.—

488 3786 180 40 Recent
704 3786 210 49 changes
951 3787 95 39 and
1084 3789 199 39 current
1320 3787 241 49 problems
1597 3787 49 39 in
1685 3788 253 47 personnel
1977 3786 415 46 administration,
2430 3785 61 47 by

488 3842 68 42 W.
591 3844 51 39 G.
680 3842 373 43 Carr.—School
1090 3843 270 50 properties
1393 3845 96 39 and
1525 3844 316 41 schoolhouse
1876 3844 348 47 construction,
2257 3844 61 46 by
2351 3843 55 39 A.
2440 3840 51 42 P.

488 3899 102 40 Hill
628 3901 95 39 and
764 3898 49 43 C.
854 3902 70 39 W.
967 3901 201 40 Bursch.
1172 3901 163 42 —The
1373 3900 286 49 organizing
1696 3901 95 39 and
1832 3900 396 41 administrative
2268 3900 135 40 work
2441 3898 53 42 of

486 3956 80 41 the
600 3958 163 40 school
795 3957 255 50 principal,
1084 3959 61 47 by
1179 3959 171 38 Worth
1385 3954 611 44 McClure.—Curriculum
2030 3956 332 42 construction
2395 3956 93 40 and

488 4012 227 49 revision,
757 4014 60 46 by
858 4014 45 41 J.
946 4014 59 41 K.
1047 4014 365 42 Norton.—The
1452 4014 306 49 supervision
1802 4014 50 41 of
1893 4015 309 47 instruction,
2242 4015 60 46 by
2345 4013 52 40 G.
2442 4011 49 42 C.
