2568 4328
1164 4071 68 48 29

253 496 83 49 (In
362 492 212 43 Woman
602 492 97 41 and
727 492 201 49 beauty,
957 492 131 47 Dec.,
1121 492 144 46 1932)

177 544 2007 57 © 1c. Jan. 11, 1933; A ad int. 17366; pubd. Nov. 15, 1932; F. Riddell,
245 610 210 39 London.

173 711 187 66 Riley,
389 710 257 56 William
676 710 144 56 Bell.

244 790 123 52 The
399 788 169 54 Bible
600 789 63 53 of
694 789 98 52 the
823 786 291 69 expositor
1148 787 112 52 and
1293 786 98 53 the
1423 786 334 69 evangelist.
1833 784 116 57 Old
172 788 1984 133 Testament.
419 886 50 33 v.

511 871 79 49 14.
631 866 309 55 Jeremiah.
1017 867 91 68 By
1144 868 90 53 W.
1272 868 69 51 B.
1378 866 171 68 Riley
1591 908 56 10 …
1727 865 331 70 Cleveland,
2094 864 88 69 O.,

175 947 195 55 Union
399 947 198 68 gospel
625 965 158 50 press
816 979 14 34 [
835 952 18 21 c
858 948 134 50 1932
998 978 13 34 ]

244 1022 86 41 315
358 1032 44 38 p.
457 1021 61 40 20
518 1023 43 22 cm
566 1052 8 7 .

180 1088 2006 54 © Oct. 7, 1932; 2c. Oct. 14; aff. Jan. 3, 1933; A 57717; Union gospel
247 1160 150 38 press.

175 1254 273 64 Seaman,
477 1253 311 64 Margaret
818 1251 236 56 Laurie.

246 1332 178 53 Roots
486 1330 67 54 of
613 1329 478 69 understanding,
1150 1328 76 70 by
1287 1328 304 70 Margaret
1647 1328 215 55 Laurie
1926 1328 263 57 Seaman.

177 1410 221 68 Dallas,
424 1410 157 67 Tex.,
609 1409 125 53 The
759 1408 440 68 Kaleidograph
1228 1425 177 51 press,
1435 1410 154 51 1932.

246 1482 689 51 x p., 2 l., 15-84 p. 20½ cm .
247 1540 186 41 Poems.

183 1609 2008 53 © Dec. 20, 1932; 2c. and aff. Jan. 12, 1933; A 58802; M. L. Seaman, Glen
253 1671 138 47 Cove,
419 1670 56 40 N.
503 1670 53 39 Y.
628 1669 253 49 (33-1421)

181 1774 189 66 Seely,
399 1775 153 53 Fred
581 1774 86 65 B.,
700 1778 173 50 1884-

248 1851 335 70 Analytical
609 1853 319 53 mechanics
954 1850 94 54 for
1073 1851 313 69 engineers,
1410 1852 77 67 by
1513 1852 153 52 Fred
1693 1853 67 51 B.
1791 1851 166 69 Seely
1989 1896 55 10 …
2076 1852 109 53 and

179 1930 243 54 Newton
448 1932 67 53 E.
544 1929 224 70 Ensign
798 1976 56 9 …
933 1932 73 52 2d
1030 1930 105 68 ed.,
1160 1928 311 70 rewritten,
1495 1930 146 53 total
1666 1929 147 54 issue
1842 1929 159 70 forty
181 1931 1981 132 thousand.

414 2010 140 53 New
585 2009 181 68 York,
794 2010 55 54 J.
880 2007 191 71 Wiley
1102 2012 46 51 &
1176 2027 146 50 sons,
1351 2007 139 69 inc.;
1522 2009 261 68 London,
1814 2009 303 68 Chapman
2146 2013 46 50 &

180 2089 161 68 Flail,
368 2088 243 67 limited,
642 2092 152 50 1933.

253 2159 1281 52 2 p. l., iii-xiii, 414 p. diagrs. 23½c m . $3.75
188 2230 2008 53 © Jan. 3, 1933; 2c. Jan. 6; aff. Jan. 5; A 58723; F. B. Seely and Newton
256 2293 53 39 E.
337 2290 198 50 Ensign,
564 2292 212 45 Urbana,
806 2291 76 38 Ill.
955 2289 250 49 (33-1244)

184 2393 407 67 Shambaugh,
617 2396 138 52 Mrs.
782 2395 227 54 Bertha
1033 2395 180 54 Maud
1247 2395 300 66 (Horack)
1581 2396 173 55 1871-

255 2478 227 54 Amana
507 2479 128 54 that
659 2498 115 35 was
800 2481 112 53 and
937 2481 228 52 Amana
1189 2480 130 54 that
1341 2480 67 67 is,
1431 2480 78 66 by
1533 2480 218 53 Bertha
1775 2480 83 53 M.
1883 2480 78 54 H.
186 2481 1982 145 Shambaugh.
466 2558 158 53 Iowa
660 2557 154 69 City,
846 2558 104 67 la.,
983 2558 123 53 The
1140 2558 163 55 State
1336 2557 298 54 historical
1668 2558 214 67 society
1915 2558 65 54 of
2015 2558 177 68 Iowa,

188 2639 155 52 1932.

260 2708 618 52 5 p. l., 5-502 p. 24½ cm .
263 2766 60 41 In
349 2768 98 39 two
475 2768 153 48 parts.
687 2766 74 41 Pt.
815 2797 10 17 I,
853 2766 190 40 Amana
1072 2766 112 41 that
1212 2776 117 38 was,
1357 2766 258 49 published
1646 2767 51 40 in
1729 2767 115 41 1908
1871 2768 157 42 under
2057 2769 135 42 title:

191 2823 204 48 Amana,
421 2824 84 41 the
533 2822 297 49 community
857 2822 52 42 of
935 2825 111 39 true
1072 2822 308 50 inspiration.

265 2881 176 40 “Notes
477 2881 97 39 and
610 2878 274 42 references
919 2882 53 39 to
1003 2882 115 46 part
1154 2880 146 41 one”:
1336 2891 45 38 p.
1421 2879 250 51 [293]-332.

193 2950 2003 53 © Dec. 29, 1932; 2c. and aff. Jan. 3, 1933; A 58630; State historical soc.
260 3012 51 39 of
337 3012 148 39 Iowa.
556 3009 251 48 (33-1232)

190 3115 193 66 Sharp
411 3116 52 53 &
490 3116 270 52 Alleman
789 3132 83 39 co.

267 3244 56 9 …
368 3199 124 52 The
531 3200 240 67 lawyers
814 3198 306 69 directory,
1164 3202 133 49 1933
1346 3241 57 10 …
1508 3203 122 49 [51st
1668 3218 155 51 year]
191 3200 1981 146 Philadelphia,
379 3278 191 67 Sharp
597 3281 46 51 &
667 3278 269 52 Alleman
963 3296 77 36 co.
1076 3310 14 35 [
1095 3283 18 22 c
1117 3281 134 48 1933
1258 3310 13 34 ]

262 3365 1028 49 4 p. l., 11-480, 2484 p. tables. 23½ cm .
197 3418 53 52 ©
279 3424 108 39 Jan.
415 3423 41 47 4,
486 3422 114 41 1933;
658 3421 68 42 2c.
754 3422 110 41 Jan.
894 3424 52 45 7;
978 3422 83 40 aff.
1092 3423 109 39 Jan.
1232 3423 81 46 13;
1345 3422 42 39 A
1416 3422 173 48 57893;
1624 3423 159 49 Sharp
1811 3423 37 41 &
1876 3423 225 40 Alleman
2130 3435 66 31 co.

193 3582 215 65 Smith,
440 3582 202 55 Goldie
673 3584 240 63 Capers.

267 3667 202 56 Sword
502 3666 66 55 of
597 3667 285 70 laughter,
910 3667 76 70 by
1019 3667 209 56 Goldie
1260 3666 217 70 Capers
1511 3666 208 58 Smith.
1793 3668 222 70 Dallas,
2046 3670 156 66 Tex.,

195 3746 121 54 The
347 3745 438 69 Kaleidograph
816 3765 176 49 press,
1025 3748 151 52 1932.

263 3819 642 48 7 p. l., 17-102 p. 20½cm.
264 3874 183 42 Poems.

201 3939 51 53 ©
284 3945 118 41 Nov.
433 3945 70 42 20,
536 3944 140 48 1932;
709 3946 68 41 2c.
809 3947 96 39 and
937 3946 81 41 aff.
1051 3947 110 39 Jan.
1193 3946 69 48 12,
1294 3946 142 48 1933;
1470 3947 43 39 A
1545 3947 171 47 58801;
1752 3947 53 41 G.
1839 3948 50 40 C.
1923 3945 171 50 Smith,
2131 3947 68 41 St.

268 4001 161 39 Louis.
502 4002 252 38 (33-1422)
