2582 4453
1346 4130 134 51 1884

463 522 1182 50 83, [1] p. incl. front. (port.) plates. 25½ cm .
465 580 1950 49 “Two thousand copies of this catalog were printed … by Plandome
393 648 150 39 press,
581 638 118 40 New
734 637 176 42 York.”

465 696 239 39 “Edward
735 695 228 48 Hopper”
991 696 59 46 by
1080 695 53 40 A.
1162 696 61 40 H.
1254 696 139 44 Barr,
1423 696 60 47 jr.:
1543 706 43 37 p.
1615 694 129 41 9-15.

466 754 351 47 Bibliography:
881 764 42 37 p.
956 753 56 39 22;
1077 754 251 39 “Museum
1362 753 357 48 publications”:
1783 764 42 38 p.
1859 753 158 42 82-83.

397 823 51 52 ©
480 828 102 40 Oct.
611 826 71 48 30,
712 826 114 41 1933;
887 826 68 40 2c.
985 827 96 38 and
1112 826 83 41 aff.
1228 826 103 40 Oct.
1360 826 55 40 31;
1478 826 40 38 A
1548 824 146 43 65889;
1754 827 225 39 Museum
2010 826 51 41 of
2091 827 201 39 modern
2324 828 91 39 art.

474 884 283 48 (33-32019)

397 1004 308 65 Newman,
736 1003 183 57 Elias.

465 1082 121 54 The
621 1082 216 56 Jewish
878 1083 146 67 peril
1061 1085 109 51 and
1209 1084 95 52 the
1341 1082 215 54 hidden
1594 1083 184 61 hand;
1818 1085 94 52 the
1947 1084 181 67 bogey
2165 1083 64 53 of
397 1083 2012 133 anti-Semitism’s

397 1160 1989 149 international conspiracy, by the Rev. Elias Newman … Published by
1176 1241 94 53 the
1309 1240 248 54 Hebrew
1598 1240 296 57 Christian
1936 1260 184 49 group
2161 1240 63 54 of
396 1241 1989 147 Minneapolis
681 1322 114 52 and
827 1320 83 56 St.
943 1320 166 65 Paul,

1138 1319 1270 70 Minnesota. Minneapolis, Minn. [c 1933]
463 1393 59 41 95
549 1405 43 38 p.
650 1394 56 40 20
710 1397 43 20 cm
760 1427 7 7 .

470 1452 71 40 On
570 1462 143 30 cover:
770 1452 103 40 The
900 1459 241 40 exposure
1170 1451 53 40 of
1250 1461 25 30 a
1306 1451 151 39 fraud
1488 1451 118 41 with
1638 1461 26 30 a
1696 1461 219 36 message
1947 1454 47 36 to
2026 1451 80 39 the
2137 1451 117 39 Jew.

397 1518 51 52 ©
474 1523 112 40 Dec.
613 1523 68 47 15,
708 1522 114 41 1933;
877 1523 65 40 2c.
970 1524 96 38 and
1093 1522 81 40 aff.
1201 1523 112 39 Dec.
1340 1522 83 46 26;
1451 1523 41 38 A
1519 1521 171 47 67653;
1719 1523 53 39 E.
1799 1522 248 46 Newman,
2075 1521 341 48 Minneapolis.

475 1580 223 49 (34-589)

398 1700 232 65 Nottin,
660 1698 276 67 Léopold.

529 1775 1891 69 … L’utilisation des sciures de bois comme combustible. (2.
398 1845 1393 79 éd.) Paris, Éditions de “L’Usine” [ c 1933]
465 1927 86 41 104
590 1939 42 37 p.
694 1927 144 48 illus.,
877 1929 180 48 diagrs.
1120 1929 56 40 23½
1209 1931 44 22 cm
1259 1962 8 8 .

468 1988 64 39 At
566 1987 125 40 head
728 1986 51 40 of
814 1986 109 41 title:
990 1985 49 43 L.
1075 1986 189 42 Nottin.

468 2043 1949 51 “Liste des principaux brevets d’invention relatifs à l ’utilisation des
397 2103 186 42 sciures
616 2105 58 39 de
709 2102 103 41 bois
846 2114 183 30 comme
1062 2102 347 41 combustible”:
1477 2115 42 38 p.
1559 2103 189 51 [79]-97.

467 2163 184 40 “Index
678 2161 423 49 bibliographique
1129 2162 84 39 des
1241 2159 291 50 principaux
1561 2162 200 40 articles
1791 2162 189 48 publiés
2008 2164 122 39 dans
2159 2165 68 38 les
2247 2174 171 30 revues

397 2219 312 50 techniques”:
776 2231 43 38 p.
854 2219 190 41 97-100.

399 2290 1596 52 © June 8, 1933; 1c. July 18; A- Foreign 21557; L’Usine.
477 2350 223 50 (34-958)

399 2468 282 67 O’Reilly,
710 2469 156 55 John
895 2469 223 64 Joseph
1146 2466 303 67 Aloysius,
1480 2469 174 52 1871-

471 2549 456 54 Fundamentals
967 2546 64 55 of
1074 2548 243 52 medical
1358 2546 442 69 jurisprudanee
1851 2548 32 67 [!]
1933 2548 74 68 by
2048 2549 157 55 John
2247 2550 57 54 J.
2347 2549 71 52 A.

400 2627 972 70 O’Reilly … [Brooklyn] 1933.
472 2700 753 51 3 p. l., 313 p. diagr. 23 cm .
474 2760 72 40 On
579 2770 169 30 cover;
786 2758 209 41 Medical
1027 2758 391 49 jurisprudence.

403 2830 51 51 ©
488 2834 119 39 Nov.
641 2832 69 46 27,
746 2832 141 46 1933;
923 2832 66 39 2c.
1026 2832 119 40 Nov.
1179 2830 82 47 29;
1300 2829 80 40 aff.
1417 2831 111 38 Dec.
1565 2829 52 47 8;
1655 2830 41 39 A
1730 2829 171 48 67488;
1940 2830 43 40 J.
2019 2830 42 39 J.
2097 2829 55 41 A.
2189 2829 232 47 O'Reilly,

471 2892 263 47 Brooklyn.
809 2888 223 51 (34-599)

401 3012 225 64 Pedler,
657 3013 139 51 Mrs.
829 3012 329 62 Margaret.

472 3087 122 55 The
635 3093 227 64 greater
904 3105 243 51 courage
1195 3088 110 67 [by]
1350 3087 299 67 Margaret
1689 3087 225 53 Pedler.
1992 3087 230 55 Garden
2267 3085 154 68 City,

401 3166 69 54 N.
506 3167 86 68 Y.,
620 3165 361 69 Doubleday,
1007 3166 199 53 Doran
1236 3168 46 51 &
1310 3183 300 50 company,
1640 3166 126 65 inc.,
1798 3168 150 50 1933.

471 3240 960 50 4 p. l., vii-viii p., 1 l., 315 p. 20 cm .
475 3299 162 40 “First
668 3297 229 41 edition.”

403 3366 2018 53 © Oct. 25, 1933; 2c. and aff. Nov. 4; A 66920; Doubleday, Doran & co.,
474 3429 90 39 inc.
639 3426 282 49 (33-31887)

403 3547 217 65 Prime,
650 3547 212 53 Alfred
892 3548 175 65 Coxe,
1098 3563 178 51 comp.

478 3627 121 52 The
639 3630 118 49 arts
794 3626 112 50 and
946 3624 182 52 crafts
1166 3625 59 51 in
1264 3623 430 69 Philadelphia,
1733 3623 312 68 Maryland
2086 3622 111 52 and
2240 3622 183 54 South

407 3705 291 66 Carolina,
763 3704 327 52 1786-1800.
1187 3702 186 57 Series
1433 3709 129 46 two.
1657 3703 316 67 Gleanings
2034 3701 154 52 from
410 3718 1987 134 newspapers,

676 3784 270 52 collected
991 3784 74 67 by
1107 3783 211 53 Alfred
1367 3784 152 53 Coxe
1561 3782 211 53 Prime.
1855 3778 327 71 [Topsfield,
2227 3782 191 63 Mass.]

407 3864 121 53 The
563 3864 257 67 Walpole
847 3862 230 67 society,
1107 3864 151 52 1932.

477 3934 1424 51 xii, 331 p., 2 l. front., plates, ports., facsims. 24 cm .
409 4005 52 53 ©
487 4010 110 38 Feb.
622 4011 40 45 7,
687 4009 113 40 1933;
854 4010 66 38 2c.
947 4009 114 48 Apr.
1086 4007 54 40 19;
1197 4008 80 40 aff.
1303 4008 112 48 Apr.
1442 4008 53 38 21;
1553 4007 40 39 A
1617 4006 145 40 62216;
1816 4006 222 47 Walpole
2061 4005 197 47 society.
