2484 4405
1095 4067 133 56 1175

157 431 227 66 Powell,
415 435 206 61 Henry
646 430 364 65 Montefiore,
1043 430 171 53 1867-

230 510 298 68 Reducing
561 512 184 66 realty
779 516 174 61 taxes,
988 510 140 51 with
1164 507 271 55 remedies
1470 508 93 52 for
1598 508 195 68 illegal
1828 509 112 52 and
162 524 1969 124 excessive
323 595 360 49 assessments
729 589 107 53 and
888 588 260 53 methods
1193 588 65 52 of
1302 586 248 68 proving
1596 585 183 69 realty
1825 588 210 65 values,
2079 587 76 67 by

162 660 1993 79 Henrys M. Powell … 2d ed., rev. and enl. With forms and
161 747 344 67 precedents.
579 748 138 51 New
746 744 179 67 York,
954 747 47 50 Boyd
1149 761 173 51 press,
1353 747 149 50 1933.

232 829 41 41 v,
300 820 88 40 442
413 831 43 38 p.
516 819 116 43 24cm.

233 878 176 40 “Table
435 879 51 39 of
514 876 163 41 cases”:
737 886 42 39 p.
805 875 218 42 403-413.

164 942 1997 60 © July 13, 1933; 2c. July 26; aff. Aug. 18; A 63940; H. M. Powell, New
229 1006 143 41 York.
444 1004 280 51 (33-21759)

159 1105 568 65 Romera-Navarro,
755 1104 238 67 Miguel,
1022 1109 172 50 1888-
1347 1107 82 52 ed.

227 1184 316 69 Antología
598 1185 69 52 de
723 1185 54 52 la
833 1183 302 52 literatura
1191 1183 289 68 española,
1535 1183 169 53 desde
1761 1184 84 52 los
1901 1200 260 53 orígenes

159 1258 1939 75 hasta principios del siglo XIX, por M. Romera-Navarro …
161 1335 1994 76 Boston, Nueva York [etc.] D. C. Heath y compañía [ c 1933]
229 1413 64 49 xi,
327 1414 85 40 427
446 1424 42 38 p.
549 1414 135 40 front.
727 1412 170 50 (port.)
965 1411 118 42 23cm.

232 1466 1900 55 “Ediciones que han servido de base en la transcripci ó n de textos”:
160 1538 42 37 p.
232 1527 217 41 409-411.

165 1595 53 52 ©
241 1598 120 49 Aug.
387 1600 38 46 8,
451 1599 113 39 1933;
618 1599 66 39 2c.
709 1598 119 47 Aug.
854 1598 54 39 21;
965 1597 81 40 aff.
1077 1597 128 48 Sept.
1231 1597 56 40 12;
1342 1598 39 38 A
1407 1597 143 40 63985;
1607 1599 63 39 M.
1696 1598 467 49 Romera-Navarro,

233 1654 352 49 Philadelphia.
655 1653 281 51 (33-21874)

159 1758 257 65 Rounds,
445 1759 126 53 Ona
598 1756 278 66 Mahitta,
907 1757 172 54 1876-

164 1834 1973 232 Buck privates on Parnassus, by Ona M. Rounds … illustrated from photographs. Boston, Meador publishing company, 1933.
235 2067 86 42 217
346 2079 44 38 p.
449 2067 163 49 front.,
639 2068 171 48 plates,
838 2070 123 46 port.
1020 2066 148 41 20½cm.

238 2124 323 49 Experiences
590 2125 51 38 of
669 2134 26 30 a
727 2134 191 31 woman
946 2123 196 49 serving
1171 2125 48 40 in
1248 2135 27 30 a
1304 2135 138 38 camp
1470 2125 187 49 library
1685 2126 119 41 with
1833 2127 80 40 the
1945 2129 51 38 A.
2027 2129 51 38 E.
2109 2129 52 41 F.

167 2180 49 41 in
243 2181 187 41 France
454 2181 52 40 in
529 2180 128 42 1919.

166 2234 52 53 ©
248 2240 117 48 July
392 2238 70 47 29,
491 2239 116 40 1933;
663 2238 67 41 2c.
759 2240 119 46 Aug.
909 2240 26 39 3;
995 2239 81 40 aff.
1107 2240 120 47 Aug.
1258 2240 26 40 5;
1344 2242 40 37 A
1413 2240 142 41 63821;
1618 2242 212 41 Edward
1860 2243 59 39 K.
1952 2243 212 46 Meador,

233 2296 194 41 Boston.
500 2294 279 52 (33-21751)

161 2393 372 70 Schweitzer,
563 2398 240 55 Reuben
834 2397 277 67 Richard,
1144 2400 171 54 1879-

238 2474 265 57 Sacrifice
547 2495 62 34 or
652 2477 200 55 chaos?
931 2480 92 65 By
1065 2479 68 53 R.
1178 2481 67 53 R.
1294 2480 358 55 Schweitzer.
1727 2480 267 67 Norfolk,
2037 2485 125 65 Va.,

164 2552 325 56 Printcraft
517 2554 335 71 publishing
879 2575 97 50 co.,
1007 2562 149 49 1933.

235 2628 527 51 4 p. l., 155 p. 20cm.
167 2680 53 53 ©
243 2686 120 47 Aug.
388 2688 42 45 3,
454 2688 114 39 1933;
621 2688 68 40 2c.
715 2688 97 40 and
836 2688 83 40 aff.
945 2689 120 47 Aug.
1090 2690 30 38 4;
1174 2690 42 38 A
1240 2689 148 42 63798;
1440 2691 57 40 R.
1523 2691 57 41 R.
1610 2691 306 48 Schweitzer,
1943 2693 222 48 Norfolk,

278 2754 41 30 Va.
390 2743 280 50 (33-21773)

161 2844 209 65 Sharp,
399 2845 394 67 Willoughby.

231 2919 238 57 Murder
504 2924 60 52 in
603 2925 289 54 Bermuda
933 2926 109 67 [by]
1083 2928 377 69 Willoughby
1499 2930 207 69 Sharp.
1805 2933 138 52 [New
1982 2932 180 68 York,

165 2998 61 54 C.
253 2999 269 67 Kendall,
549 3010 17 21 c
573 3006 131 49 1933]

235 3070 596 52 4 p. l., 3-241 p. 21cm.
237 3127 161 42 “First
436 3128 226 43 edition.”

170 3184 52 52 ©
250 3190 119 48 Aug.
397 3191 71 46 21,
496 3191 141 47 1933;
667 3192 66 39 2c.
763 3195 120 45 Aug.
913 3195 55 39 10;
1026 3195 82 41 aff.
1138 3196 121 49 Aug.
1287 3198 84 44 23;
1403 3198 41 39 A
1471 3198 170 47 65017;
1675 3200 70 41 W.
1779 3200 171 47 Sharp,
236 3197 1913 100 Hamilton,
360 3248 257 40 Bermuda.
688 3249 280 49 (33-21931)

224 3346 1939 84 … Sir Walter Scott: 1832—1932. A centenary address, by
239 3423 1924 82 John Buchan … A forgotten antiquary, by William C. Van
237 3500 1926 85 Antwerp … San Francisco, The Book club of California,
240 3582 149 51 1932.

224 3648 1714 67 3 p. l., 27, [1] p. fold. front. (facsim.) 2 pl. on 1 l., port. 23cm.
238 3707 62 43 At
329 3710 123 40 head
483 3712 53 38 of
562 3711 108 41 title:
730 3714 57 40 In
814 3716 154 40 honor
995 3718 51 39 of
1075 3719 84 40 the
1187 3718 78 44 Sir
1294 3721 186 41 Walter
1511 3722 134 42 Scott
1676 3725 273 48 centenary.

241 3765 1920 66 “Of this edition 300 copies were printed … by Johnck & Seeger for
177 3823 224 41 members
427 3827 51 38 of
504 3827 81 40 the
610 3829 135 39 Book
770 3831 107 40 club
903 3832 52 39 of
981 3833 317 42 California.”

237 3878 257 45 Foreword
526 3883 166 47 signed:
756 3886 150 42 Oscar
938 3889 171 40 Lewis.

173 3935 51 52 ©
253 3941 109 40 Dec.
392 3944 68 46 10,
490 3944 112 40 1932;
659 3946 66 39 2c.
754 3946 118 49 Aug.
901 3948 67 42 16,
998 3948 142 47 1933;
1171 3949 80 43 aff.
1282 3952 118 46 Aug.
1430 3953 81 45 14;
1545 3954 37 38 A
1611 3954 169 44 64744;
1813 3958 133 39 Book
1976 3959 112 39 club
2115 3960 50 39 of

239 3996 284 44 California.
596 4001 278 48 (33-21732)
