<alto xmlns="http://www.loc.gov/standards/alto/ns-v3#" xmlns:xlink="http://www.w3.org/1999/xlink" xmlns:xsi="http://www.w3.org/2001/XMLSchema-instance" xsi:schemaLocation="http://www.loc.gov/standards/alto/ns-v3# http://www.loc.gov/alto/v3/alto-3-0.xsd"><Description>
<MeasurementUnit>pixel</MeasurementUnit>
<sourceImageInformation>
<fileName>1933_v1_Part1.pdf</fileName>
</sourceImageInformation>
<OCRProcessing ID="IdOcr">
<ocrProcessingStep>
<processingDateTime>2019-01-03</processingDateTime>
<processingSoftware>
<softwareCreator>ABBYY</softwareCreator>
<softwareName>ABBYY Recognition Server</softwareName>
<softwareVersion>4.0</softwareVersion>
</processingSoftware>
</ocrProcessingStep>
</OCRProcessing>
</Description>
<Styles>
<ParagraphStyle ID="StyleId-FFFFFFFF-FFFF-FFFF-FFFF-FFFFFFFFFFFF-" ALIGN="Left" LEFT="0." RIGHT="0." FIRSTLINE="0."/>
<ParagraphStyle ID="StyleId-6EF5737A-DCEB-4126-A0CF-C5930BF7166A-" ALIGN="Left" LEFT="0." RIGHT="0." FIRSTLINE="0." LINESPACE="8.300000191"/>
<ParagraphStyle ID="StyleId-2DE44258-FD0B-41E1-B542-087C989B01A3-" ALIGN="Left" LEFT="0." RIGHT="0." FIRSTLINE="0." LINESPACE="12.19999981"/>
<ParagraphStyle ID="StyleId-CE3D254A-29D7-4DD7-B5F1-E0FC0EF29B05-" ALIGN="Left" LEFT="0." RIGHT="0." FIRSTLINE="-14." LINESPACE="8.619999886"/>
<ParagraphStyle ID="StyleId-C0E3A137-CE4F-4287-8A90-B599106709D0-" ALIGN="Left" LEFT="0." RIGHT="0." FIRSTLINE="-14." LINESPACE="12.19999981"/>
<ParagraphStyle ID="StyleId-50F26F0C-05DA-4C19-BA58-7A6AC4499BEE-" ALIGN="Left" LEFT="0." RIGHT="0." FIRSTLINE="-14." LINESPACE="11.06999969"/>
<ParagraphStyle ID="StyleId-5DDE65AF-512C-41E2-9B8E-095D6D99EF68-" ALIGN="Center" LEFT="0." RIGHT="0." FIRSTLINE="0." LINESPACE="11.89999962"/>
<ParagraphStyle ID="StyleId-0A81D7A5-6A62-4C52-915E-7768974C704D-" ALIGN="Left" LEFT="0." RIGHT="0." FIRSTLINE="0." LINESPACE="9.399999619"/>
<ParagraphStyle ID="StyleId-F7A0127F-6B48-4157-BB81-FE33E1E1A05B-" ALIGN="Block" LEFT="0." RIGHT="0." FIRSTLINE="-13." LINESPACE="10.63000011"/>
<ParagraphStyle ID="StyleId-E18C69F7-DBD7-48B1-805C-FCD96D0DA019-" ALIGN="Left" LEFT="0." RIGHT="0." FIRSTLINE="0." LINESPACE="11.64000034"/>
<ParagraphStyle ID="StyleId-98F15501-B611-4E83-8BB3-807E891F11F5-" ALIGN="Left" LEFT="0." RIGHT="0." FIRSTLINE="-14." LINESPACE="12.19999981"/>
<ParagraphStyle ID="StyleId-F4A78626-0BBC-4D12-94D9-A1AE75A9855F-" ALIGN="Left" LEFT="0." RIGHT="0." FIRSTLINE="0." LINESPACE="9.399999619"/>
<ParagraphStyle ID="StyleId-6A3F6F4C-D21B-4ADE-902F-7683F18ECEF3-" ALIGN="Left" LEFT="0." RIGHT="0." FIRSTLINE="0." LINESPACE="11.10000038"/>
</Styles>
<Layout>
<Page ID="Page1519" PHYSICAL_IMG_NR="1519" HEIGHT="4405" WIDTH="2484">
<TopMargin HEIGHT="454" WIDTH="2484" VPOS="0" HPOS="0">
</TopMargin>
<LeftMargin HEIGHT="3720" WIDTH="146" VPOS="454" HPOS="0">
</LeftMargin>
<RightMargin HEIGHT="3720" WIDTH="308" VPOS="454" HPOS="2176">
</RightMargin>
<BottomMargin HEIGHT="231" WIDTH="2484" VPOS="4174" HPOS="0">
</BottomMargin>
<PrintSpace HEIGHT="3720" WIDTH="2030" VPOS="454" HPOS="146">
<TextBlock ID="Page1519_Block1" HEIGHT="70" WIDTH="154" VPOS="4104" HPOS="1092" LANG="en-US" STYLEREFS="StyleId-F4D3192E-10E1-4459-B0FA-A8059CF6C313-">
<TextLine HEIGHT="49" WIDTH="134" VPOS="4114" HPOS="1102">
<String CONTENT="1519" HEIGHT="49" WIDTH="134" VPOS="4114" HPOS="1102"/>
</TextLine>
</TextBlock>
<TextBlock ID="Page1519_Block2" HEIGHT="3614" WIDTH="2030" VPOS="454" HPOS="146" LANG="en-US" CS="1" STYLEREFS="StyleId-7A396600-8474-47D6-949C-E6C8A7017983-">
<TextLine HEIGHT="65" WIDTH="460" VPOS="463" HPOS="155" STYLEREFS="StyleId-1F7B3C5C-5315-40B5-94E7-4DE33A7A1691-" LANG="de">
<String CONTENT="White," HEIGHT="65" WIDTH="216" VPOS="463" HPOS="155"/>
<SP HEIGHT="64" WIDTH="25" VPOS="464" HPOS="372"/>
<String CONTENT="Frank." HEIGHT="55" WIDTH="217" VPOS="464" HPOS="398"/>
</TextLine>
<TextLine HEIGHT="69" WIDTH="1864" VPOS="538" HPOS="289" STYLEREFS="StyleId-F4D3192E-10E1-4459-B0FA-A8059CF6C313-" CS="1">
<String LANG="de" CS="1" CONTENT="&#8230;"/>
<SP HEIGHT="52" WIDTH="39" VPOS="541" HPOS="289"/>
<String LANG="de" CONTENT="White" HEIGHT="52" WIDTH="195" VPOS="541" HPOS="329"/>
<SP HEIGHT="34" WIDTH="38" VPOS="560" HPOS="525"/>
<String LANG="en-US" CONTENT="on" HEIGHT="34" WIDTH="71" VPOS="560" HPOS="564"/>
<SP HEIGHT="34" WIDTH="38" VPOS="558" HPOS="636"/>
<String LANG="en-US" CONTENT="corporations" HEIGHT="68" WIDTH="391" VPOS="539" HPOS="675"/>
<SP HEIGHT="32" WIDTH="43" VPOS="559" HPOS="1067"/>
<String LANG="de" CS="1" CONTENT="&#8230;"/>
<SP HEIGHT="32" WIDTH="42" VPOS="559" HPOS="1167"/>
<String LANG="de" CONTENT="state" HEIGHT="49" WIDTH="145" VPOS="544" HPOS="1210"/>
<SP HEIGHT="35" WIDTH="36" VPOS="558" HPOS="1356"/>
<String LANG="en-US" CONTENT="of" HEIGHT="53" WIDTH="63" VPOS="538" HPOS="1393"/>
<SP HEIGHT="54" WIDTH="35" VPOS="538" HPOS="1457"/>
<String LANG="de" CONTENT="New" HEIGHT="52" WIDTH="139" VPOS="540" HPOS="1493"/>
<SP HEIGHT="51" WIDTH="37" VPOS="541" HPOS="1633"/>
<String LANG="de" CONTENT="York." HEIGHT="53" WIDTH="179" VPOS="539" HPOS="1671"/>
<SP HEIGHT="50" WIDTH="74" VPOS="542" HPOS="1851"/>
<String LANG="de" CONTENT="Bender" HEIGHT="51" WIDTH="227" VPOS="541" HPOS="1926"/>
</TextLine>
<TextLine HEIGHT="146" WIDTH="1995" VPOS="616" HPOS="157" STYLEREFS="StyleId-F4D3192E-10E1-4459-B0FA-A8059CF6C313-" CS="1">
<String LANG="de" CONTENT="ed." HEIGHT="52" WIDTH="83" VPOS="618" HPOS="157"/>
<SP HEIGHT="54" WIDTH="76" VPOS="617" HPOS="241"/>
<String LANG="de" CONTENT="Corporate" HEIGHT="68" WIDTH="315" VPOS="617" HPOS="318"/>
<SP HEIGHT="47" WIDTH="28" VPOS="623" HPOS="634"/>
<String LANG="en-US" CONTENT="taxation" HEIGHT="52" WIDTH="260" VPOS="618" HPOS="663"/>
<SP HEIGHT="52" WIDTH="30" VPOS="617" HPOS="924"/>
<String LANG="de" CONTENT="in" HEIGHT="52" WIDTH="58" VPOS="617" HPOS="955"/>
<SP HEIGHT="51" WIDTH="28" VPOS="618" HPOS="1014"/>
<String LANG="de" CONTENT="New" HEIGHT="52" WIDTH="139" VPOS="618" HPOS="1043"/>
<SP HEIGHT="51" WIDTH="30" VPOS="619" HPOS="1183"/>
<String LANG="de" CONTENT="York," HEIGHT="66" WIDTH="179" VPOS="617" HPOS="1214"/>
<SP HEIGHT="47" WIDTH="29" VPOS="636" HPOS="1394"/>
<String LANG="en-US" CONTENT="with" HEIGHT="53" WIDTH="140" VPOS="616" HPOS="1424"/>
<SP HEIGHT="52" WIDTH="28" VPOS="617" HPOS="1565"/>
<String LANG="en-US" CONTENT="the" HEIGHT="51" WIDTH="95" VPOS="618" HPOS="1594"/>
<SP HEIGHT="33" WIDTH="30" VPOS="636" HPOS="1690"/>
<String LANG="en-US" CONTENT="remedial" HEIGHT="53" WIDTH="272" VPOS="618" HPOS="1721"/>
<SP HEIGHT="66" WIDTH="29" VPOS="620" HPOS="1994"/>
<String LANG="en-US" CONTENT="procedure" HEIGHT="112" WIDTH="1973" VPOS="636" HPOS="157"/>
<SP HEIGHT="47" WIDTH="38" VPOS="701" HPOS="359"/>
<String LANG="en-US" CONTENT="to" HEIGHT="47" WIDTH="59" VPOS="701" HPOS="398"/>
<SP HEIGHT="34" WIDTH="40" VPOS="714" HPOS="458"/>
<String LANG="en-US" CONTENT="correct" HEIGHT="46" WIDTH="213" VPOS="703" HPOS="499"/>
<SP HEIGHT="46" WIDTH="40" VPOS="703" HPOS="713"/>
<String LANG="en-US" CONTENT="excessive" HEIGHT="54" WIDTH="276" VPOS="694" HPOS="754"/>
<SP HEIGHT="35" WIDTH="41" VPOS="713" HPOS="1031"/>
<String LANG="en-US" CONTENT="and" HEIGHT="52" WIDTH="113" VPOS="695" HPOS="1073"/>
<SP HEIGHT="52" WIDTH="39" VPOS="695" HPOS="1187"/>
<String LANG="en-US" CONTENT="illegal" HEIGHT="67" WIDTH="195" VPOS="695" HPOS="1227"/>
<SP HEIGHT="51" WIDTH="39" VPOS="696" HPOS="1423"/>
<String LANG="en-US" CONTENT="taxes" HEIGHT="48" WIDTH="159" VPOS="700" HPOS="1463"/>
<SP HEIGHT="34" WIDTH="38" VPOS="714" HPOS="1623"/>
<String LANG="en-US" CONTENT="and" HEIGHT="51" WIDTH="113" VPOS="696" HPOS="1662"/>
<SP HEIGHT="51" WIDTH="40" VPOS="696" HPOS="1776"/>
<String LANG="en-US" CONTENT="forms" HEIGHT="53" WIDTH="180" VPOS="696" HPOS="1817"/>
<SP HEIGHT="34" WIDTH="40" VPOS="715" HPOS="1998"/>
<String LANG="en-US" CONTENT="and" HEIGHT="53" WIDTH="113" VPOS="696" HPOS="2039"/>
</TextLine>
<TextLine HEIGHT="68" WIDTH="1990" VPOS="773" HPOS="158" STYLEREFS="StyleId-F4D3192E-10E1-4459-B0FA-A8059CF6C313-" CS="1">
<String CONTENT="precedents," HEIGHT="68" WIDTH="346" VPOS="773" HPOS="158"/>
<SP HEIGHT="59" WIDTH="24" VPOS="774" HPOS="505"/>
<String CONTENT="by" HEIGHT="65" WIDTH="73" VPOS="774" HPOS="530"/>
<SP HEIGHT="64" WIDTH="24" VPOS="775" HPOS="604"/>
<String CONTENT="Henry" HEIGHT="64" WIDTH="204" VPOS="775" HPOS="629"/>
<SP HEIGHT="64" WIDTH="23" VPOS="775" HPOS="834"/>
<String CONTENT="M." HEIGHT="51" WIDTH="78" VPOS="775" HPOS="858"/>
<SP HEIGHT="51" WIDTH="27" VPOS="775" HPOS="937"/>
<String CONTENT="Powell" HEIGHT="53" WIDTH="217" VPOS="773" HPOS="965"/>
<SP HEIGHT="50" WIDTH="30" VPOS="774" HPOS="1183"/>
<String CS="1" CONTENT="&#8230;"/>
<SP/>
<String CS="1" CONTENT="[v." HEIGHT="33" WIDTH="69" VPOS="806" HPOS="1354"/>
<SP HEIGHT="49" WIDTH="27" VPOS="776" HPOS="1424"/>
<String CONTENT="9." HEIGHT="50" WIDTH="45" VPOS="776" HPOS="1452"/>
<SP HEIGHT="54" WIDTH="29" VPOS="774" HPOS="1498"/>
<String CONTENT="Corporate" HEIGHT="67" WIDTH="316" VPOS="774" HPOS="1528"/>
<SP HEIGHT="47" WIDTH="23" VPOS="779" HPOS="1845"/>
<String CONTENT="taxation]" HEIGHT="68" WIDTH="279" VPOS="773" HPOS="1869"/>
</TextLine>
<TextLine HEIGHT="148" WIDTH="1971" VPOS="850" HPOS="158" STYLEREFS="StyleId-F4D3192E-10E1-4459-B0FA-A8059CF6C313-" CS="1">
<String CONTENT="Albany," HEIGHT="68" WIDTH="248" VPOS="851" HPOS="158"/>
<SP HEIGHT="66" WIDTH="26" VPOS="853" HPOS="407"/>
<String LANG="fr" CONTENT="N." HEIGHT="52" WIDTH="69" VPOS="853" HPOS="434"/>
<SP HEIGHT="53" WIDTH="28" VPOS="852" HPOS="504"/>
<String CONTENT="Y.," HEIGHT="67" WIDTH="88" VPOS="852" HPOS="533"/>
<SP HEIGHT="48" WIDTH="28" VPOS="871" HPOS="622"/>
<String CONTENT="and" HEIGHT="52" WIDTH="110" VPOS="852" HPOS="651"/>
<SP HEIGHT="53" WIDTH="25" VPOS="852" HPOS="762"/>
<String CONTENT="New" HEIGHT="52" WIDTH="137" VPOS="853" HPOS="788"/>
<SP HEIGHT="52" WIDTH="28" VPOS="852" HPOS="926"/>
<String CONTENT="York," HEIGHT="68" WIDTH="180" VPOS="850" HPOS="955"/>
<SP HEIGHT="64" WIDTH="26" VPOS="854" HPOS="1136"/>
<String LANG="fr" CONTENT="N." HEIGHT="52" WIDTH="70" VPOS="854" HPOS="1163"/>
<SP HEIGHT="52" WIDTH="27" VPOS="852" HPOS="1234"/>
<String CONTENT="Y.," HEIGHT="66" WIDTH="89" VPOS="852" HPOS="1262"/>
<SP HEIGHT="66" WIDTH="24" VPOS="852" HPOS="1352"/>
<String CONTENT="Matthew" HEIGHT="53" WIDTH="279" VPOS="851" HPOS="1377"/>
<SP HEIGHT="51" WIDTH="25" VPOS="854" HPOS="1657"/>
<String CONTENT="Bender" HEIGHT="53" WIDTH="226" VPOS="852" HPOS="1683"/>
<SP HEIGHT="50" WIDTH="26" VPOS="856" HPOS="1910"/>
<String CONTENT="&amp;" HEIGHT="50" WIDTH="44" VPOS="856" HPOS="1937"/>
<SP HEIGHT="50" WIDTH="25" VPOS="856" HPOS="1982"/>
<String CONTENT="company," HEIGHT="128" WIDTH="1971" VPOS="870" HPOS="158"/>
<SP HEIGHT="67" WIDTH="29" VPOS="930" HPOS="329"/>
<String CONTENT="incorporated," HEIGHT="67" WIDTH="417" VPOS="930" HPOS="359"/>
<SP HEIGHT="61" WIDTH="33" VPOS="935" HPOS="777"/>
<String CONTENT="1933." HEIGHT="50" WIDTH="148" VPOS="933" HPOS="811"/>
</TextLine>
<TextLine HEIGHT="49" WIDTH="419" VPOS="1003" HPOS="223" STYLEREFS="StyleId-F4D3192E-10E1-4459-B0FA-A8059CF6C313-" CS="1">
<String CONTENT="vi." HEIGHT="40" WIDTH="62" VPOS="1004" HPOS="223"/>
<SP HEIGHT="40" WIDTH="27" VPOS="1004" HPOS="286"/>
<String CONTENT="501" HEIGHT="40" WIDTH="79" VPOS="1003" HPOS="314"/>
<SP HEIGHT="47" WIDTH="32" VPOS="1005" HPOS="394"/>
<String CONTENT="p." HEIGHT="38" WIDTH="41" VPOS="1014" HPOS="427"/>
<SP HEIGHT="41" WIDTH="57" VPOS="1003" HPOS="469"/>
<String CS="1" CONTENT="26&#189;" HEIGHT="41" WIDTH="54" VPOS="1003" HPOS="527"/>
<String STYLE="superscript" CONTENT="cm" HEIGHT="20" WIDTH="43" VPOS="1006" HPOS="585"/>
<String CONTENT="." HEIGHT="7" WIDTH="7" VPOS="1036" HPOS="635"/>
</TextLine>
<TextLine HEIGHT="52" WIDTH="1996" VPOS="1056" HPOS="159" CS="1">
<String CONTENT="&#169;" HEIGHT="52" WIDTH="51" VPOS="1056" HPOS="159"/>
<SP HEIGHT="52" WIDTH="23" VPOS="1056" HPOS="211"/>
<String CONTENT="Nov." HEIGHT="39" WIDTH="117" VPOS="1061" HPOS="235"/>
<SP HEIGHT="39" WIDTH="23" VPOS="1060" HPOS="353"/>
<String CONTENT="4." HEIGHT="40" WIDTH="41" VPOS="1060" HPOS="377"/>
<SP HEIGHT="40" WIDTH="22" VPOS="1060" HPOS="419"/>
<String CS="1" CONTENT="1933;" HEIGHT="40" WIDTH="112" VPOS="1059" HPOS="442"/>
<SP HEIGHT="45" WIDTH="24" VPOS="1060" HPOS="583"/>
<String CONTENT="2c." HEIGHT="39" WIDTH="68" VPOS="1060" HPOS="608"/>
<SP HEIGHT="30" WIDTH="23" VPOS="1069" HPOS="677"/>
<String CONTENT="and" HEIGHT="38" WIDTH="95" VPOS="1060" HPOS="701"/>
<SP HEIGHT="38" WIDTH="24" VPOS="1060" HPOS="797"/>
<String CS="1" CONTENT="aff." HEIGHT="31" WIDTH="80" VPOS="1069" HPOS="822"/>
<SP HEIGHT="41" WIDTH="25" VPOS="1059" HPOS="903"/>
<String CONTENT="Nov." HEIGHT="39" WIDTH="115" VPOS="1059" HPOS="929"/>
<SP HEIGHT="40" WIDTH="27" VPOS="1058" HPOS="1045"/>
<String CS="1" CONTENT="6;" HEIGHT="40" WIDTH="25" VPOS="1058" HPOS="1073"/>
<SP HEIGHT="46" WIDTH="26" VPOS="1059" HPOS="1126"/>
<!-- cceid 49FED3DC-6CF9-1014-A6CF-A82867D68027 --><String CONTENT="A" HEIGHT="39" WIDTH="41" VPOS="1059" HPOS="1153"/>
<SP HEIGHT="39" WIDTH="23" VPOS="1059" HPOS="1195"/>
<String CS="1" CONTENT="66947;" HEIGHT="40" WIDTH="143" VPOS="1058" HPOS="1219"/>
<SP HEIGHT="45" WIDTH="28" VPOS="1060" HPOS="1389"/>
<String CONTENT="Matthew" HEIGHT="39" WIDTH="237" VPOS="1060" HPOS="1418"/>
<SP HEIGHT="38" WIDTH="24" VPOS="1060" HPOS="1656"/>
<String CONTENT="Bender" HEIGHT="39" WIDTH="191" VPOS="1060" HPOS="1681"/>
<SP HEIGHT="41" WIDTH="24" VPOS="1059" HPOS="1873"/>
<String CONTENT="&amp;" HEIGHT="41" WIDTH="35" VPOS="1059" HPOS="1898"/>
<SP HEIGHT="41" WIDTH="22" VPOS="1059" HPOS="1934"/>
<String CONTENT="co.," HEIGHT="36" WIDTH="82" VPOS="1071" HPOS="1957"/>
<SP HEIGHT="46" WIDTH="26" VPOS="1061" HPOS="2040"/>
<String CONTENT="inc." HEIGHT="40" WIDTH="88" VPOS="1061" HPOS="2067"/>
</TextLine>
<TextLine HEIGHT="64" WIDTH="704" VPOS="1147" HPOS="157" STYLEREFS="StyleId-1F7B3C5C-5315-40B5-94E7-4DE33A7A1691-">
<String CONTENT="Widdemer," HEIGHT="64" WIDTH="350" VPOS="1147" HPOS="157"/>
<SP HEIGHT="62" WIDTH="28" VPOS="1149" HPOS="508"/>
<String CONTENT="Margaret." HEIGHT="61" WIDTH="324" VPOS="1149" HPOS="537"/>
</TextLine>
<TextLine HEIGHT="149" WIDTH="1977" VPOS="1221" HPOS="156" STYLEREFS="StyleId-F4D3192E-10E1-4459-B0FA-A8059CF6C313-" CS="1">
<String CS="1" CONTENT="&#8230;"/>
<SP HEIGHT="55" WIDTH="57" VPOS="1222" HPOS="287"/>
<String CONTENT="Golden" HEIGHT="55" WIDTH="222" VPOS="1222" HPOS="345"/>
<SP HEIGHT="33" WIDTH="51" VPOS="1242" HPOS="568"/>
<String CONTENT="rain." HEIGHT="53" WIDTH="143" VPOS="1222" HPOS="620"/>
<SP HEIGHT="53" WIDTH="74" VPOS="1223" HPOS="764"/>
<String CONTENT="New" HEIGHT="53" WIDTH="138" VPOS="1223" HPOS="839"/>
<SP HEIGHT="52" WIDTH="53" VPOS="1223" HPOS="978"/>
<String CONTENT="York," HEIGHT="67" WIDTH="180" VPOS="1222" HPOS="1032"/>
<SP HEIGHT="66" WIDTH="49" VPOS="1223" HPOS="1213"/>
<String CONTENT="Farrar" HEIGHT="52" WIDTH="216" VPOS="1223" HPOS="1263"/>
<SP HEIGHT="50" WIDTH="47" VPOS="1224" HPOS="1480"/>
<String CONTENT="&amp;" HEIGHT="50" WIDTH="45" VPOS="1224" HPOS="1528"/>
<SP HEIGHT="53" WIDTH="51" VPOS="1221" HPOS="1574"/>
<String CONTENT="Rinehart," HEIGHT="66" WIDTH="299" VPOS="1221" HPOS="1626"/>
<SP HEIGHT="66" WIDTH="49" VPOS="1221" HPOS="1926"/>
<String CONTENT="incorporated" HEIGHT="149" WIDTH="1977" VPOS="1221" HPOS="156"/>
<SP HEIGHT="66" WIDTH="34" VPOS="1302" HPOS="394"/>
<String CS="1" CONTENT="["/>
<String STYLE="superscript" CONTENT="c" HEIGHT="22" WIDTH="20" VPOS="1307" HPOS="445"/>
<String CONTENT="1933]" HEIGHT="64" WIDTH="151" VPOS="1304" HPOS="471"/>
</TextLine>
<TextLine HEIGHT="49" WIDTH="625" VPOS="1374" HPOS="225" CS="1">
<String CONTENT="3" HEIGHT="39" WIDTH="26" VPOS="1376" HPOS="225"/>
<SP HEIGHT="47" WIDTH="30" VPOS="1376" HPOS="252"/>
<String CS="1" CONTENT="p."/>
<SP/>
<String CS="1" CONTENT="l.,"/>
<SP HEIGHT="41" WIDTH="29" VPOS="1376" HPOS="399"/>
<String CONTENT="3-279" HEIGHT="41" WIDTH="144" VPOS="1374" HPOS="429"/>
<SP HEIGHT="49" WIDTH="27" VPOS="1374" HPOS="574"/>
<String CONTENT="p." HEIGHT="37" WIDTH="42" VPOS="1386" HPOS="602"/>
<SP HEIGHT="38" WIDTH="60" VPOS="1376" HPOS="645"/>
<String CS="1" CONTENT="19&#189;" HEIGHT="40" WIDTH="55" VPOS="1374" HPOS="706"/>
<String STYLE="superscript" CS="1" CONTENT="cm" HEIGHT="20" WIDTH="15" VPOS="1377" HPOS="793"/>
<String CONTENT="." HEIGHT="8" WIDTH="8" VPOS="1407" HPOS="842"/>
</TextLine>
<TextLine HEIGHT="110" WIDTH="1983" VPOS="1428" HPOS="159" CS="1">
<String CONTENT="&#169;" HEIGHT="52" WIDTH="52" VPOS="1429" HPOS="159"/>
<SP HEIGHT="52" WIDTH="25" VPOS="1429" HPOS="212"/>
<String CONTENT="Oct." HEIGHT="42" WIDTH="99" VPOS="1433" HPOS="238"/>
<SP HEIGHT="39" WIDTH="24" VPOS="1434" HPOS="338"/>
<String CONTENT="26," HEIGHT="47" WIDTH="69" VPOS="1434" HPOS="363"/>
<SP HEIGHT="46" WIDTH="25" VPOS="1435" HPOS="433"/>
<String CS="1" CONTENT="1933;" HEIGHT="41" WIDTH="113" VPOS="1433" HPOS="459"/>
<SP HEIGHT="47" WIDTH="25" VPOS="1433" HPOS="599"/>
<String CONTENT="2c." HEIGHT="40" WIDTH="68" VPOS="1433" HPOS="625"/>
<SP HEIGHT="41" WIDTH="26" VPOS="1432" HPOS="694"/>
<String CONTENT="Oct." HEIGHT="41" WIDTH="100" VPOS="1432" HPOS="721"/>
<SP HEIGHT="40" WIDTH="24" VPOS="1433" HPOS="822"/>
<String CONTENT="30;" HEIGHT="48" WIDTH="82" VPOS="1432" HPOS="847"/>
<SP HEIGHT="37" WIDTH="28" VPOS="1443" HPOS="930"/>
<String CONTENT="aff." HEIGHT="41" WIDTH="81" VPOS="1432" HPOS="959"/>
<SP HEIGHT="41" WIDTH="27" VPOS="1432" HPOS="1041"/>
<String CONTENT="Oct." HEIGHT="41" WIDTH="100" VPOS="1432" HPOS="1069"/>
<SP HEIGHT="39" WIDTH="27" VPOS="1432" HPOS="1170"/>
<String CS="1" CONTENT="27;" HEIGHT="41" WIDTH="55" VPOS="1432" HPOS="1198"/>
<SP HEIGHT="41" WIDTH="26" VPOS="1432" HPOS="1281"/>
<!-- cceid 49FF0384-6CF9-1014-A6CF-A82867D68027 --><String CONTENT="A" HEIGHT="40" WIDTH="43" VPOS="1432" HPOS="1308"/>
<SP HEIGHT="41" WIDTH="22" VPOS="1431" HPOS="1352"/>
<String CONTENT="66802;" HEIGHT="48" WIDTH="170" VPOS="1431" HPOS="1375"/>
<SP HEIGHT="47" WIDTH="29" VPOS="1432" HPOS="1546"/>
<String CONTENT="M." HEIGHT="41" WIDTH="62" VPOS="1432" HPOS="1576"/>
<SP HEIGHT="42" WIDTH="26" VPOS="1431" HPOS="1639"/>
<String CONTENT="Widdemer," HEIGHT="48" WIDTH="290" VPOS="1430" HPOS="1666"/>
<SP HEIGHT="49" WIDTH="25" VPOS="1429" HPOS="1957"/>
<String CONTENT="Larchmout," HEIGHT="110" WIDTH="1917" VPOS="1428" HPOS="225"/>
<SP HEIGHT="47" WIDTH="29" VPOS="1491" HPOS="372"/>
<String LANG="fr" CONTENT="N." HEIGHT="40" WIDTH="56" VPOS="1491" HPOS="402"/>
<SP HEIGHT="39" WIDTH="30" VPOS="1492" HPOS="459"/>
<String CONTENT="Y." HEIGHT="38" WIDTH="51" VPOS="1492" HPOS="490"/>
<SP HEIGHT="47" WIDTH="70" VPOS="1491" HPOS="542"/>
<String CONTENT="(33-31152)" HEIGHT="48" WIDTH="280" VPOS="1490" HPOS="613"/>
</TextLine>
<TextLine HEIGHT="66" WIDTH="1036" VPOS="1577" HPOS="160" STYLEREFS="StyleId-1F7B3C5C-5315-40B5-94E7-4DE33A7A1691-">
<String CONTENT="Williams," HEIGHT="66" WIDTH="305" VPOS="1577" HPOS="160"/>
<SP HEIGHT="63" WIDTH="28" VPOS="1580" HPOS="466"/>
<String CONTENT="Michael," HEIGHT="65" WIDTH="270" VPOS="1578" HPOS="495"/>
<SP HEIGHT="58" WIDTH="33" VPOS="1585" HPOS="766"/>
<String CONTENT="1878-" HEIGHT="53" WIDTH="170" VPOS="1582" HPOS="800"/>
<SP HEIGHT="34" WIDTH="141" VPOS="1597" HPOS="971"/>
<String CONTENT="ed." HEIGHT="54" WIDTH="83" VPOS="1580" HPOS="1113"/>
</TextLine>
<TextLine HEIGHT="72" WIDTH="1930" VPOS="1652" HPOS="226" STYLEREFS="StyleId-F4D3192E-10E1-4459-B0FA-A8059CF6C313-">
<String CONTENT="The" HEIGHT="53" WIDTH="123" VPOS="1656" HPOS="226"/>
<SP HEIGHT="52" WIDTH="29" VPOS="1657" HPOS="350"/>
<String CONTENT="book" HEIGHT="53" WIDTH="146" VPOS="1656" HPOS="380"/>
<SP HEIGHT="53" WIDTH="29" VPOS="1656" HPOS="527"/>
<String CONTENT="of" HEIGHT="55" WIDTH="65" VPOS="1654" HPOS="557"/>
<SP HEIGHT="57" WIDTH="31" VPOS="1654" HPOS="623"/>
<String CONTENT="Christian" HEIGHT="55" WIDTH="295" VPOS="1656" HPOS="655"/>
<SP HEIGHT="34" WIDTH="31" VPOS="1675" HPOS="951"/>
<String CONTENT="classics," HEIGHT="69" WIDTH="245" VPOS="1655" HPOS="983"/>
<SP HEIGHT="51" WIDTH="31" VPOS="1673" HPOS="1229"/>
<String CONTENT="edited" HEIGHT="54" WIDTH="190" VPOS="1655" HPOS="1261"/>
<SP HEIGHT="52" WIDTH="32" VPOS="1656" HPOS="1452"/>
<String CONTENT="with" HEIGHT="54" WIDTH="142" VPOS="1654" HPOS="1485"/>
<SP HEIGHT="53" WIDTH="32" VPOS="1655" HPOS="1628"/>
<String CONTENT="an" HEIGHT="33" WIDTH="72" VPOS="1674" HPOS="1661"/>
<SP HEIGHT="53" WIDTH="34" VPOS="1654" HPOS="1734"/>
<String CONTENT="introduction" HEIGHT="55" WIDTH="387" VPOS="1652" HPOS="1769"/>
</TextLine>
<TextLine HEIGHT="70" WIDTH="1868" VPOS="1732" HPOS="159" STYLEREFS="StyleId-F4D3192E-10E1-4459-B0FA-A8059CF6C313-" CS="1">
<String CONTENT="by" HEIGHT="68" WIDTH="73" VPOS="1734" HPOS="159"/>
<SP HEIGHT="69" WIDTH="36" VPOS="1733" HPOS="233"/>
<String CONTENT="Michael" HEIGHT="53" WIDTH="248" VPOS="1733" HPOS="270"/>
<SP HEIGHT="54" WIDTH="35" VPOS="1734" HPOS="519"/>
<String CONTENT="Williams." HEIGHT="54" WIDTH="303" VPOS="1734" HPOS="555"/>
<SP HEIGHT="53" WIDTH="74" VPOS="1734" HPOS="859"/>
<String CONTENT="New" HEIGHT="53" WIDTH="138" VPOS="1734" HPOS="934"/>
<SP HEIGHT="52" WIDTH="41" VPOS="1734" HPOS="1073"/>
<String CONTENT="York," HEIGHT="68" WIDTH="179" VPOS="1733" HPOS="1115"/>
<SP HEIGHT="67" WIDTH="38" VPOS="1734" HPOS="1295"/>
<String CONTENT="Liveright," HEIGHT="69" WIDTH="321" VPOS="1732" HPOS="1334"/>
<SP HEIGHT="68" WIDTH="38" VPOS="1732" HPOS="1656"/>
<String CONTENT="inc." HEIGHT="53" WIDTH="107" VPOS="1732" HPOS="1695"/>
<SP HEIGHT="35" WIDTH="48" VPOS="1764" HPOS="1803"/>
<String CS="1" CONTENT="["/>
<String STYLE="superscript" CONTENT="c" HEIGHT="22" WIDTH="18" VPOS="1737" HPOS="1870"/>
<String CS="1" CONTENT="1933]" HEIGHT="51" WIDTH="134" VPOS="1734" HPOS="1893"/>
</TextLine>
<TextLine HEIGHT="49" WIDTH="754" VPOS="1806" HPOS="229" STYLEREFS="StyleId-F4D3192E-10E1-4459-B0FA-A8059CF6C313-" CS="1">
<String CONTENT="xvii" HEIGHT="39" WIDTH="102" VPOS="1807" HPOS="229"/>
<SP HEIGHT="48" WIDTH="23" VPOS="1807" HPOS="332"/>
<String CONTENT="p.," HEIGHT="38" WIDTH="57" VPOS="1817" HPOS="356"/>
<SP HEIGHT="47" WIDTH="26" VPOS="1807" HPOS="414"/>
<String CONTENT="2" HEIGHT="39" WIDTH="27" VPOS="1807" HPOS="441"/>
<SP HEIGHT="39" WIDTH="24" VPOS="1807" HPOS="469"/>
<String CS="1" CONTENT="l.," HEIGHT="15" WIDTH="21" VPOS="1838" HPOS="515"/>
<SP HEIGHT="45" WIDTH="25" VPOS="1808" HPOS="537"/>
<String CONTENT="3-466" HEIGHT="41" WIDTH="145" VPOS="1806" HPOS="563"/>
<SP HEIGHT="48" WIDTH="23" VPOS="1806" HPOS="709"/>
<String CONTENT="p." HEIGHT="37" WIDTH="42" VPOS="1817" HPOS="733"/>
<SP HEIGHT="38" WIDTH="60" VPOS="1808" HPOS="776"/>
<String CS="1" CONTENT="22&#189;" HEIGHT="38" WIDTH="55" VPOS="1808" HPOS="837"/>
<String STYLE="superscript" CONTENT="cm" HEIGHT="21" WIDTH="44" VPOS="1809" HPOS="925"/>
<String CONTENT="." HEIGHT="8" WIDTH="8" VPOS="1839" HPOS="975"/>
</TextLine>
<TextLine HEIGHT="52" WIDTH="1999" VPOS="1861" HPOS="162">
<String CONTENT="&#169;" HEIGHT="51" WIDTH="52" VPOS="1861" HPOS="162"/>
<SP HEIGHT="51" WIDTH="34" VPOS="1861" HPOS="215"/>
<String CONTENT="Mar." HEIGHT="38" WIDTH="121" VPOS="1867" HPOS="250"/>
<SP HEIGHT="39" WIDTH="35" VPOS="1866" HPOS="372"/>
<String CONTENT="20," HEIGHT="45" WIDTH="69" VPOS="1866" HPOS="408"/>
<SP HEIGHT="44" WIDTH="36" VPOS="1867" HPOS="478"/>
<String CONTENT="1933;" HEIGHT="46" WIDTH="140" VPOS="1866" HPOS="515"/>
<SP HEIGHT="46" WIDTH="36" VPOS="1866" HPOS="656"/>
<String CONTENT="2c." HEIGHT="41" WIDTH="67" VPOS="1866" HPOS="693"/>
<SP HEIGHT="41" WIDTH="35" VPOS="1866" HPOS="761"/>
<String CONTENT="Aug." HEIGHT="47" WIDTH="118" VPOS="1866" HPOS="797"/>
<SP HEIGHT="40" WIDTH="36" VPOS="1865" HPOS="916"/>
<String CONTENT="25;" HEIGHT="48" WIDTH="82" VPOS="1865" HPOS="953"/>
<SP HEIGHT="37" WIDTH="38" VPOS="1876" HPOS="1036"/>
<String CONTENT="aff." HEIGHT="40" WIDTH="83" VPOS="1866" HPOS="1075"/>
<SP HEIGHT="40" WIDTH="36" VPOS="1866" HPOS="1159"/>
<String CONTENT="Aug." HEIGHT="47" WIDTH="120" VPOS="1866" HPOS="1196"/>
<SP HEIGHT="39" WIDTH="35" VPOS="1866" HPOS="1317"/>
<String CONTENT="29;" HEIGHT="47" WIDTH="82" VPOS="1865" HPOS="1353"/>
<SP HEIGHT="47" WIDTH="38" VPOS="1865" HPOS="1436"/>
<!-- cceid 49FF3931-6CF9-1014-A6CF-A82867D68027 --><String CONTENT="A" HEIGHT="39" WIDTH="42" VPOS="1865" HPOS="1475"/>
<SP HEIGHT="40" WIDTH="33" VPOS="1865" HPOS="1518"/>
<String CONTENT="66011;" HEIGHT="46" WIDTH="172" VPOS="1864" HPOS="1552"/>
<SP HEIGHT="46" WIDTH="39" VPOS="1864" HPOS="1725"/>
<String CONTENT="Liveright" HEIGHT="48" WIDTH="251" VPOS="1862" HPOS="1765"/>
<SP HEIGHT="45" WIDTH="35" VPOS="1866" HPOS="2017"/>
<String CONTENT="pub." HEIGHT="47" WIDTH="108" VPOS="1864" HPOS="2053"/>
</TextLine>
<TextLine HEIGHT="48" WIDTH="1000" VPOS="1922" HPOS="227">
<String CONTENT="corporation," HEIGHT="47" WIDTH="321" VPOS="1922" HPOS="227"/>
<SP HEIGHT="45" WIDTH="31" VPOS="1923" HPOS="549"/>
<String CONTENT="New" HEIGHT="39" WIDTH="118" VPOS="1923" HPOS="581"/>
<SP HEIGHT="38" WIDTH="34" VPOS="1924" HPOS="700"/>
<String CONTENT="York." HEIGHT="38" WIDTH="139" VPOS="1924" HPOS="735"/>
<SP HEIGHT="48" WIDTH="71" VPOS="1922" HPOS="875"/>
<String CONTENT="(33-30706)" HEIGHT="48" WIDTH="280" VPOS="1922" HPOS="947"/>
</TextLine>
<TextLine HEIGHT="70" WIDTH="1095" VPOS="2008" HPOS="160" STYLEREFS="StyleId-1F7B3C5C-5315-40B5-94E7-4DE33A7A1691-">
<String CONTENT="Williams," HEIGHT="70" WIDTH="306" VPOS="2008" HPOS="160"/>
<SP HEIGHT="64" WIDTH="30" VPOS="2014" HPOS="467"/>
<String CONTENT="Stanley" HEIGHT="66" WIDTH="246" VPOS="2011" HPOS="498"/>
<SP HEIGHT="63" WIDTH="27" VPOS="2014" HPOS="745"/>
<String CONTENT="Thomas," HEIGHT="66" WIDTH="275" VPOS="2012" HPOS="773"/>
<SP HEIGHT="61" WIDTH="32" VPOS="2017" HPOS="1049"/>
<String CONTENT="1888-" HEIGHT="50" WIDTH="173" VPOS="2016" HPOS="1082"/>
</TextLine>
<TextLine HEIGHT="150" WIDTH="1972" VPOS="2087" HPOS="164" STYLEREFS="StyleId-F4D3192E-10E1-4459-B0FA-A8059CF6C313-" CS="1">
<String CS="1" CONTENT="&#8230;"/>
<SP HEIGHT="51" WIDTH="37" VPOS="2090" HPOS="294"/>
<String CONTENT="American" HEIGHT="54" WIDTH="306" VPOS="2090" HPOS="332"/>
<SP HEIGHT="51" WIDTH="29" VPOS="2093" HPOS="639"/>
<String CONTENT="literature," HEIGHT="68" WIDTH="317" VPOS="2091" HPOS="669"/>
<SP HEIGHT="67" WIDTH="30" VPOS="2092" HPOS="987"/>
<String CONTENT="by" HEIGHT="66" WIDTH="74" VPOS="2092" HPOS="1018"/>
<SP HEIGHT="67" WIDTH="34" VPOS="2091" HPOS="1093"/>
<String CONTENT="Stanley" HEIGHT="66" WIDTH="236" VPOS="2091" HPOS="1128"/>
<SP HEIGHT="63" WIDTH="32" VPOS="2094" HPOS="1365"/>
<String CONTENT="T." HEIGHT="50" WIDTH="65" VPOS="2094" HPOS="1398"/>
<SP HEIGHT="53" WIDTH="30" VPOS="2093" HPOS="1464"/>
<String CONTENT="Williams." HEIGHT="55" WIDTH="307" VPOS="2091" HPOS="1495"/>
<SP HEIGHT="51" WIDTH="64" VPOS="2091" HPOS="1803"/>
<String CONTENT="Philadelphia" HEIGHT="148" WIDTH="1972" VPOS="2087" HPOS="164"/>
<SP HEIGHT="48" WIDTH="22" VPOS="2173" HPOS="303"/>
<String CONTENT="&amp;" HEIGHT="48" WIDTH="45" VPOS="2173" HPOS="326"/>
<SP HEIGHT="51" WIDTH="21" VPOS="2170" HPOS="372"/>
<String CONTENT="London," HEIGHT="61" WIDTH="257" VPOS="2169" HPOS="394"/>
<SP HEIGHT="60" WIDTH="24" VPOS="2170" HPOS="652"/>
<String LANG="fr" CONTENT="J." HEIGHT="53" WIDTH="55" VPOS="2170" HPOS="677"/>
<SP HEIGHT="51" WIDTH="26" VPOS="2172" HPOS="733"/>
<String LANG="fr" CONTENT="B." HEIGHT="50" WIDTH="66" VPOS="2172" HPOS="760"/>
<SP HEIGHT="51" WIDTH="24" VPOS="2171" HPOS="827"/>
<String LANG="fr" CONTENT="Lippincott" HEIGHT="68" WIDTH="339" VPOS="2169" HPOS="852"/>
<SP HEIGHT="47" WIDTH="23" VPOS="2175" HPOS="1192"/>
<String CONTENT="company," HEIGHT="49" WIDTH="298" VPOS="2188" HPOS="1216"/>
<SP HEIGHT="62" WIDTH="26" VPOS="2172" HPOS="1515"/>
<String CONTENT="1933." HEIGHT="49" WIDTH="150" VPOS="2171" HPOS="1542"/>
</TextLine>
<TextLine HEIGHT="49" WIDTH="939" VPOS="2242" HPOS="229" CS="1">
<String CONTENT="166" HEIGHT="40" WIDTH="87" VPOS="2242" HPOS="229"/>
<SP HEIGHT="48" WIDTH="23" VPOS="2242" HPOS="317"/>
<String CONTENT="p." HEIGHT="37" WIDTH="41" VPOS="2253" HPOS="341"/>
<SP HEIGHT="39" WIDTH="57" VPOS="2243" HPOS="383"/>
<String CS="1" CONTENT="18&#189;cm." HEIGHT="40" WIDTH="143" VPOS="2242" HPOS="441"/>
<SP HEIGHT="47" WIDTH="67" VPOS="2244" HPOS="585"/>
<String CONTENT="(The" HEIGHT="48" WIDTH="125" VPOS="2243" HPOS="653"/>
<SP HEIGHT="39" WIDTH="25" VPOS="2243" HPOS="779"/>
<String CONTENT="hour" HEIGHT="40" WIDTH="127" VPOS="2243" HPOS="805"/>
<SP HEIGHT="40" WIDTH="24" VPOS="2243" HPOS="933"/>
<String CONTENT="library)" HEIGHT="47" WIDTH="210" VPOS="2243" HPOS="958"/>
</TextLine>
<TextLine HEIGHT="41" WIDTH="390" VPOS="2299" HPOS="259" CS="1">
<String CS="1" CONTENT="&quot;First" HEIGHT="39" WIDTH="133" VPOS="2299" HPOS="259"/>
<SP HEIGHT="37" WIDTH="29" VPOS="2301" HPOS="393"/>
<String CONTENT="edition.&#8221;" HEIGHT="41" WIDTH="226" VPOS="2299" HPOS="423"/>
</TextLine>
<TextLine HEIGHT="52" WIDTH="1999" VPOS="2350" HPOS="165" CS="1">
<String CONTENT="&#169;" HEIGHT="52" WIDTH="51" VPOS="2350" HPOS="165"/>
<SP HEIGHT="52" WIDTH="37" VPOS="2350" HPOS="217"/>
<String CONTENT="Sept." HEIGHT="47" WIDTH="127" VPOS="2355" HPOS="255"/>
<SP HEIGHT="39" WIDTH="30" VPOS="2355" HPOS="383"/>
<String CONTENT="28," HEIGHT="47" WIDTH="69" VPOS="2355" HPOS="414"/>
<SP HEIGHT="46" WIDTH="34" VPOS="2356" HPOS="484"/>
<String CS="1" CONTENT="1933;" HEIGHT="41" WIDTH="113" VPOS="2355" HPOS="519"/>
<SP HEIGHT="46" WIDTH="34" VPOS="2356" HPOS="660"/>
<String CONTENT="2c." HEIGHT="40" WIDTH="67" VPOS="2356" HPOS="695"/>
<SP HEIGHT="29" WIDTH="34" VPOS="2367" HPOS="763"/>
<String CONTENT="and" HEIGHT="39" WIDTH="94" VPOS="2357" HPOS="798"/>
<SP HEIGHT="39" WIDTH="34" VPOS="2357" HPOS="893"/>
<String CONTENT="aff." HEIGHT="40" WIDTH="80" VPOS="2356" HPOS="928"/>
<SP HEIGHT="40" WIDTH="36" VPOS="2356" HPOS="1009"/>
<String CONTENT="Oct." HEIGHT="40" WIDTH="102" VPOS="2356" HPOS="1046"/>
<SP HEIGHT="39" WIDTH="34" VPOS="2357" HPOS="1149"/>
<String CONTENT="14;" HEIGHT="45" WIDTH="81" VPOS="2357" HPOS="1184"/>
<SP HEIGHT="46" WIDTH="35" VPOS="2356" HPOS="1266"/>
<!-- cceid 49FF6B0C-6CF9-1014-A6CF-A82867D68027 --><String CONTENT="A" HEIGHT="38" WIDTH="42" VPOS="2356" HPOS="1302"/>
<SP HEIGHT="40" WIDTH="31" VPOS="2355" HPOS="1345"/>
<String CONTENT="66605;" HEIGHT="46" WIDTH="171" VPOS="2355" HPOS="1377"/>
<SP HEIGHT="46" WIDTH="39" VPOS="2355" HPOS="1549"/>
<String LANG="fr" CONTENT="S." HEIGHT="40" WIDTH="45" VPOS="2355" HPOS="1589"/>
<SP HEIGHT="40" WIDTH="32" VPOS="2355" HPOS="1635"/>
<String CONTENT="T." HEIGHT="39" WIDTH="52" VPOS="2355" HPOS="1668"/>
<SP HEIGHT="39" WIDTH="34" VPOS="2355" HPOS="1721"/>
<String CONTENT="Williams," HEIGHT="48" WIDTH="256" VPOS="2352" HPOS="1756"/>
<SP HEIGHT="47" WIDTH="34" VPOS="2353" HPOS="2013"/>
<String CONTENT="New" HEIGHT="39" WIDTH="116" VPOS="2353" HPOS="2048"/>
</TextLine>
<TextLine HEIGHT="49" WIDTH="536" VPOS="2411" HPOS="235">
<String CONTENT="Haven." HEIGHT="39" WIDTH="185" VPOS="2412" HPOS="235"/>
<SP HEIGHT="48" WIDTH="70" VPOS="2411" HPOS="421"/>
<String CONTENT="(33-27349)" HEIGHT="49" WIDTH="279" VPOS="2411" HPOS="492"/>
</TextLine>
<TextLine HEIGHT="67" WIDTH="1017" VPOS="2499" HPOS="163" STYLEREFS="StyleId-1F7B3C5C-5315-40B5-94E7-4DE33A7A1691-">
<String CONTENT="Wingate," HEIGHT="64" WIDTH="293" VPOS="2499" HPOS="163"/>
<SP HEIGHT="63" WIDTH="27" VPOS="2500" HPOS="457"/>
<String CONTENT="John" HEIGHT="53" WIDTH="154" VPOS="2499" HPOS="485"/>
<SP HEIGHT="52" WIDTH="28" VPOS="2502" HPOS="640"/>
<String CONTENT="Williams," HEIGHT="66" WIDTH="306" VPOS="2500" HPOS="669"/>
<SP HEIGHT="58" WIDTH="32" VPOS="2508" HPOS="976"/>
<String CONTENT="1899-" HEIGHT="50" WIDTH="171" VPOS="2507" HPOS="1009"/>
</TextLine>
<TextLine HEIGHT="73" WIDTH="1809" VPOS="2575" HPOS="294" STYLEREFS="StyleId-F4D3192E-10E1-4459-B0FA-A8059CF6C313-" CS="1">
<String CS="1" CONTENT="&#8230;"/>
<SP HEIGHT="52" WIDTH="53" VPOS="2578" HPOS="294"/>
<String CONTENT="Retail" HEIGHT="53" WIDTH="189" VPOS="2578" HPOS="348"/>
<SP HEIGHT="53" WIDTH="48" VPOS="2578" HPOS="538"/>
<String CONTENT="merchandise" HEIGHT="54" WIDTH="389" VPOS="2579" HPOS="587"/>
<SP HEIGHT="35" WIDTH="49" VPOS="2598" HPOS="977"/>
<String CONTENT="control," HEIGHT="66" WIDTH="236" VPOS="2580" HPOS="1027"/>
<SP HEIGHT="66" WIDTH="47" VPOS="2580" HPOS="1264"/>
<String CONTENT="by" HEIGHT="68" WIDTH="74" VPOS="2580" HPOS="1312"/>
<SP HEIGHT="69" WIDTH="48" VPOS="2579" HPOS="1387"/>
<String CONTENT="John" HEIGHT="54" WIDTH="157" VPOS="2579" HPOS="1436"/>
<SP HEIGHT="53" WIDTH="45" VPOS="2578" HPOS="1594"/>
<String CONTENT="W." HEIGHT="53" WIDTH="89" VPOS="2578" HPOS="1640"/>
<SP HEIGHT="56" WIDTH="47" VPOS="2575" HPOS="1730"/>
<String CONTENT="Wingate" HEIGHT="71" WIDTH="271" VPOS="2575" HPOS="1778"/>
<SP HEIGHT="35" WIDTH="53" VPOS="2596" HPOS="2050"/>
<String CS="1" CONTENT="&#8230;"/>
</TextLine>
<TextLine HEIGHT="67" WIDTH="1162" VPOS="2656" HPOS="162" STYLEREFS="StyleId-F4D3192E-10E1-4459-B0FA-A8059CF6C313-">
<String CONTENT="New" HEIGHT="53" WIDTH="138" VPOS="2657" HPOS="162"/>
<SP HEIGHT="51" WIDTH="29" VPOS="2658" HPOS="301"/>
<String CONTENT="York," HEIGHT="67" WIDTH="178" VPOS="2656" HPOS="331"/>
<SP HEIGHT="65" WIDTH="27" VPOS="2658" HPOS="510"/>
<String CONTENT="Prentice-Hall," HEIGHT="62" WIDTH="449" VPOS="2658" HPOS="538"/>
<SP HEIGHT="61" WIDTH="28" VPOS="2659" HPOS="988"/>
<String CONTENT="inc.," HEIGHT="60" WIDTH="126" VPOS="2659" HPOS="1017"/>
<SP HEIGHT="56" WIDTH="30" VPOS="2663" HPOS="1144"/>
<String CONTENT="1933." HEIGHT="50" WIDTH="149" VPOS="2661" HPOS="1175"/>
</TextLine>
<TextLine HEIGHT="49" WIDTH="1428" VPOS="2731" HPOS="233" CS="1">
<String CONTENT="xv," HEIGHT="38" WIDTH="77" VPOS="2740" HPOS="233"/>
<SP HEIGHT="46" WIDTH="25" VPOS="2732" HPOS="311"/>
<String CONTENT="478" HEIGHT="40" WIDTH="87" VPOS="2731" HPOS="337"/>
<SP HEIGHT="48" WIDTH="26" VPOS="2731" HPOS="425"/>
<String CONTENT="p." HEIGHT="37" WIDTH="42" VPOS="2742" HPOS="452"/>
<SP HEIGHT="40" WIDTH="59" VPOS="2731" HPOS="495"/>
<String CONTENT="illus.," HEIGHT="49" WIDTH="142" VPOS="2731" HPOS="555"/>
<SP HEIGHT="48" WIDTH="28" VPOS="2732" HPOS="698"/>
<String CONTENT="diagrs." HEIGHT="48" WIDTH="179" VPOS="2732" HPOS="727"/>
<SP HEIGHT="40" WIDTH="57" VPOS="2733" HPOS="907"/>
<String CS="1" CONTENT="23&#189;cm." HEIGHT="40" WIDTH="146" VPOS="2733" HPOS="965"/>
<SP HEIGHT="47" WIDTH="70" VPOS="2732" HPOS="1112"/>
<String CONTENT="(Retailing" HEIGHT="49" WIDTH="274" VPOS="2731" HPOS="1183"/>
<SP HEIGHT="38" WIDTH="26" VPOS="2742" HPOS="1458"/>
<String CONTENT="series)" HEIGHT="47" WIDTH="176" VPOS="2731" HPOS="1485"/>
</TextLine>
<TextLine HEIGHT="49" WIDTH="1422" VPOS="2788" HPOS="235" CS="1">
<String CONTENT="Lettered" HEIGHT="41" WIDTH="227" VPOS="2788" HPOS="235"/>
<SP HEIGHT="39" WIDTH="26" VPOS="2790" HPOS="463"/>
<String CONTENT="on" HEIGHT="29" WIDTH="58" VPOS="2799" HPOS="490"/>
<SP HEIGHT="29" WIDTH="27" VPOS="2800" HPOS="549"/>
<String CS="1" CONTENT="cover:" HEIGHT="30" WIDTH="138" VPOS="2799" HPOS="577"/>
<SP HEIGHT="40" WIDTH="27" VPOS="2790" HPOS="745"/>
<String CONTENT="With" HEIGHT="40" WIDTH="133" VPOS="2789" HPOS="773"/>
<SP HEIGHT="39" WIDTH="27" VPOS="2790" HPOS="907"/>
<String CONTENT="Personal" HEIGHT="39" WIDTH="232" VPOS="2790" HPOS="935"/>
<SP HEIGHT="46" WIDTH="28" VPOS="2791" HPOS="1168"/>
<String CONTENT="progress" HEIGHT="38" WIDTH="223" VPOS="2799" HPOS="1197"/>
<SP HEIGHT="29" WIDTH="26" VPOS="2800" HPOS="1421"/>
<String CONTENT="records." HEIGHT="41" WIDTH="209" VPOS="2788" HPOS="1448"/>
</TextLine>
<TextLine HEIGHT="50" WIDTH="1923" VPOS="2844" HPOS="238">
<String CONTENT="&#8220;Personal" HEIGHT="39" WIDTH="260" VPOS="2846" HPOS="238"/>
<SP HEIGHT="46" WIDTH="42" VPOS="2847" HPOS="499"/>
<String CONTENT="progress" HEIGHT="38" WIDTH="223" VPOS="2856" HPOS="542"/>
<SP HEIGHT="28" WIDTH="43" VPOS="2857" HPOS="766"/>
<String CONTENT="records&#8221;" HEIGHT="41" WIDTH="222" VPOS="2846" HPOS="810"/>
<SP HEIGHT="40" WIDTH="45" VPOS="2846" HPOS="1033"/>
<String CONTENT="on" HEIGHT="29" WIDTH="60" VPOS="2857" HPOS="1079"/>
<SP HEIGHT="39" WIDTH="43" VPOS="2848" HPOS="1140"/>
<String CONTENT="detachable," HEIGHT="47" WIDTH="298" VPOS="2846" HPOS="1184"/>
<SP HEIGHT="36" WIDTH="44" VPOS="2857" HPOS="1483"/>
<String CONTENT="extra" HEIGHT="38" WIDTH="139" VPOS="2847" HPOS="1528"/>
<SP HEIGHT="29" WIDTH="43" VPOS="2856" HPOS="1668"/>
<String CONTENT="numbered" HEIGHT="40" WIDTH="262" VPOS="2844" HPOS="1712"/>
<SP HEIGHT="46" WIDTH="42" VPOS="2846" HPOS="1975"/>
<String CONTENT="pages" HEIGHT="38" WIDTH="143" VPOS="2854" HPOS="2018"/>
</TextLine>
<TextLine HEIGHT="50" WIDTH="767" VPOS="2902" HPOS="164">
<String CONTENT="following" HEIGHT="49" WIDTH="252" VPOS="2902" HPOS="164"/>
<SP HEIGHT="39" WIDTH="23" VPOS="2912" HPOS="417"/>
<String CONTENT="each" HEIGHT="39" WIDTH="120" VPOS="2904" HPOS="441"/>
<SP HEIGHT="39" WIDTH="24" VPOS="2904" HPOS="562"/>
<String CONTENT="chapter" HEIGHT="47" WIDTH="202" VPOS="2904" HPOS="587"/>
<SP HEIGHT="48" WIDTH="36" VPOS="2904" HPOS="790"/>
<String CONTENT="(28)" HEIGHT="48" WIDTH="104" VPOS="2904" HPOS="827"/>
</TextLine>
<TextLine HEIGHT="108" WIDTH="1981" VPOS="2957" HPOS="166" CS="1">
<String CONTENT="&#8220;References&#8221;" HEIGHT="40" WIDTH="347" VPOS="2960" HPOS="237"/>
<SP HEIGHT="41" WIDTH="30" VPOS="2960" HPOS="585"/>
<String CONTENT="at" HEIGHT="38" WIDTH="51" VPOS="2963" HPOS="616"/>
<SP HEIGHT="38" WIDTH="28" VPOS="2963" HPOS="668"/>
<String CONTENT="end" HEIGHT="39" WIDTH="89" VPOS="2962" HPOS="697"/>
<SP HEIGHT="39" WIDTH="30" VPOS="2962" HPOS="787"/>
<String CONTENT="of" HEIGHT="39" WIDTH="51" VPOS="2961" HPOS="818"/>
<SP HEIGHT="40" WIDTH="26" VPOS="2961" HPOS="870"/>
<String CONTENT="each" HEIGHT="40" WIDTH="118" VPOS="2961" HPOS="897"/>
<SP HEIGHT="40" WIDTH="26" VPOS="2961" HPOS="1016"/>
<String CONTENT="chapter." HEIGHT="47" WIDTH="215" VPOS="2961" HPOS="1043"/>
<SP HEIGHT="40" WIDTH="62" VPOS="2960" HPOS="1259"/>
<String CONTENT="&#8220;Important" HEIGHT="48" WIDTH="303" VPOS="2960" HPOS="1322"/>
<SP HEIGHT="38" WIDTH="27" VPOS="2962" HPOS="1626"/>
<String CONTENT="sources" HEIGHT="30" WIDTH="195" VPOS="2969" HPOS="1654"/>
<SP HEIGHT="29" WIDTH="28" VPOS="2970" HPOS="1850"/>
<String CONTENT="of" HEIGHT="40" WIDTH="52" VPOS="2959" HPOS="1879"/>
<SP HEIGHT="39" WIDTH="28" VPOS="2959" HPOS="1932"/>
<String CONTENT="statistical" HEIGHT="99" WIDTH="1981" VPOS="2957" HPOS="166"/>
<SP HEIGHT="40" WIDTH="25" VPOS="3017" HPOS="242"/>
<String CONTENT="data" HEIGHT="40" WIDTH="118" VPOS="3018" HPOS="268"/>
<SP HEIGHT="30" WIDTH="25" VPOS="3028" HPOS="387"/>
<String CONTENT="on" HEIGHT="29" WIDTH="61" VPOS="3028" HPOS="413"/>
<SP HEIGHT="39" WIDTH="25" VPOS="3018" HPOS="475"/>
<String CONTENT="department" HEIGHT="47" WIDTH="307" VPOS="3018" HPOS="501"/>
<SP HEIGHT="37" WIDTH="25" VPOS="3021" HPOS="809"/>
<String CONTENT="store" HEIGHT="38" WIDTH="130" VPOS="3021" HPOS="835"/>
<SP HEIGHT="30" WIDTH="25" VPOS="3028" HPOS="966"/>
<String CS="1" CONTENT="operation&#8221;:" HEIGHT="49" WIDTH="282" VPOS="3016" HPOS="992"/>
<SP HEIGHT="37" WIDTH="29" VPOS="3028" HPOS="1304"/>
<String CONTENT="p." HEIGHT="37" WIDTH="42" VPOS="3028" HPOS="1334"/>
<SP HEIGHT="41" WIDTH="26" VPOS="3017" HPOS="1377"/>
<String CONTENT="459." HEIGHT="41" WIDTH="101" VPOS="3017" HPOS="1404"/>
</TextLine>
<TextLine HEIGHT="52" WIDTH="1996" VPOS="3071" HPOS="169" CS="1">
<String CONTENT="&#169;" HEIGHT="52" WIDTH="50" VPOS="3071" HPOS="169"/>
<SP HEIGHT="52" WIDTH="28" VPOS="3071" HPOS="220"/>
<String CONTENT="Sept." HEIGHT="47" WIDTH="127" VPOS="3076" HPOS="249"/>
<SP HEIGHT="40" WIDTH="24" VPOS="3077" HPOS="377"/>
<String CONTENT="31," HEIGHT="46" WIDTH="68" VPOS="3076" HPOS="402"/>
<SP HEIGHT="45" WIDTH="24" VPOS="3077" HPOS="471"/>
<String CS="1" CONTENT="1933;" HEIGHT="40" WIDTH="112" VPOS="3075" HPOS="496"/>
<SP HEIGHT="40" WIDTH="28" VPOS="3076" HPOS="636"/>
<String CONTENT="2c." HEIGHT="40" WIDTH="65" VPOS="3076" HPOS="665"/>
<SP HEIGHT="40" WIDTH="29" VPOS="3075" HPOS="731"/>
<String CONTENT="Sept." HEIGHT="48" WIDTH="128" VPOS="3075" HPOS="761"/>
<SP HEIGHT="41" WIDTH="23" VPOS="3076" HPOS="890"/>
<String CONTENT="25;" HEIGHT="46" WIDTH="83" VPOS="3076" HPOS="914"/>
<SP HEIGHT="36" WIDTH="27" VPOS="3086" HPOS="998"/>
<String CONTENT="aff." HEIGHT="40" WIDTH="81" VPOS="3075" HPOS="1026"/>
<SP HEIGHT="40" WIDTH="30" VPOS="3076" HPOS="1108"/>
<String CONTENT="Sept." HEIGHT="47" WIDTH="127" VPOS="3076" HPOS="1139"/>
<SP HEIGHT="39" WIDTH="26" VPOS="3076" HPOS="1267"/>
<String CONTENT="28;" HEIGHT="46" WIDTH="82" VPOS="3076" HPOS="1294"/>
<SP HEIGHT="46" WIDTH="28" VPOS="3076" HPOS="1377"/>
<!-- cceid 49FF9F5D-6CF9-1014-A6CF-A82867D68027 --><String CONTENT="A" HEIGHT="38" WIDTH="40" VPOS="3076" HPOS="1406"/>
<SP HEIGHT="40" WIDTH="25" VPOS="3075" HPOS="1447"/>
<String CONTENT="65401;" HEIGHT="47" WIDTH="169" VPOS="3074" HPOS="1473"/>
<SP HEIGHT="47" WIDTH="28" VPOS="3074" HPOS="1643"/>
<String CONTENT="Prentice-Hall," HEIGHT="48" WIDTH="375" VPOS="3072" HPOS="1672"/>
<SP HEIGHT="48" WIDTH="26" VPOS="3072" HPOS="2048"/>
<String CONTENT="inc." HEIGHT="39" WIDTH="90" VPOS="3072" HPOS="2075"/>
</TextLine>
<TextLine HEIGHT="50" WIDTH="280" VPOS="3132" HPOS="245">
<String CONTENT="(33-30286)" HEIGHT="50" WIDTH="280" VPOS="3132" HPOS="245"/>
</TextLine>
<TextLine HEIGHT="65" WIDTH="985" VPOS="3207" HPOS="166" STYLEREFS="StyleId-F4D3192E-10E1-4459-B0FA-A8059CF6C313-">
<String CONTENT="Wittke," HEIGHT="65" WIDTH="242" VPOS="3207" HPOS="166"/>
<SP HEIGHT="62" WIDTH="32" VPOS="3210" HPOS="409"/>
<String CONTENT="Carl" HEIGHT="54" WIDTH="133" VPOS="3209" HPOS="442"/>
<SP HEIGHT="52" WIDTH="33" VPOS="3208" HPOS="576"/>
<String CONTENT="Frederick," HEIGHT="64" WIDTH="334" VPOS="3208" HPOS="610"/>
<SP HEIGHT="59" WIDTH="34" VPOS="3213" HPOS="945"/>
<String CONTENT="1892-" HEIGHT="50" WIDTH="171" VPOS="3212" HPOS="980"/>
</TextLine>
<TextLine HEIGHT="71" WIDTH="1926" VPOS="3283" HPOS="235" STYLEREFS="StyleId-F4D3192E-10E1-4459-B0FA-A8059CF6C313-" CS="1">
<String CONTENT="A" HEIGHT="51" WIDTH="54" VPOS="3285" HPOS="235"/>
<SP HEIGHT="51" WIDTH="39" VPOS="3285" HPOS="290"/>
<String CONTENT="history" HEIGHT="69" WIDTH="222" VPOS="3284" HPOS="330"/>
<SP HEIGHT="48" WIDTH="35" VPOS="3305" HPOS="553"/>
<String CONTENT="of" HEIGHT="53" WIDTH="64" VPOS="3286" HPOS="589"/>
<SP HEIGHT="55" WIDTH="37" VPOS="3285" HPOS="654"/>
<String CONTENT="Canada," HEIGHT="69" WIDTH="255" VPOS="3285" HPOS="692"/>
<SP HEIGHT="67" WIDTH="37" VPOS="3287" HPOS="948"/>
<String CONTENT="by" HEIGHT="67" WIDTH="75" VPOS="3287" HPOS="986"/>
<SP HEIGHT="68" WIDTH="39" VPOS="3286" HPOS="1062"/>
<String CONTENT="Carl" HEIGHT="55" WIDTH="137" VPOS="3286" HPOS="1102"/>
<SP HEIGHT="53" WIDTH="38" VPOS="3287" HPOS="1240"/>
<String CONTENT="Wittke" HEIGHT="54" WIDTH="220" VPOS="3286" HPOS="1279"/>
<SP HEIGHT="33" WIDTH="45" VPOS="3305" HPOS="1500"/>
<String CS="1" CONTENT="&#8230;"/>
<SP HEIGHT="52" WIDTH="76" VPOS="3286" HPOS="1603"/>
<String CONTENT="Rev." HEIGHT="52" WIDTH="141" VPOS="3286" HPOS="1680"/>
<SP HEIGHT="35" WIDTH="37" VPOS="3302" HPOS="1822"/>
<String CONTENT="ed." HEIGHT="54" WIDTH="88" VPOS="3283" HPOS="1860"/>
<SP HEIGHT="54" WIDTH="71" VPOS="3283" HPOS="1949"/>
<String CONTENT="New" HEIGHT="53" WIDTH="140" VPOS="3283" HPOS="2021"/>
</TextLine>
<TextLine HEIGHT="71" WIDTH="953" VPOS="3359" HPOS="168" STYLEREFS="StyleId-F4D3192E-10E1-4459-B0FA-A8059CF6C313-">
<String CONTENT="York," HEIGHT="69" WIDTH="179" VPOS="3359" HPOS="168"/>
<SP HEIGHT="66" WIDTH="21" VPOS="3362" HPOS="348"/>
<String LANG="fr" CONTENT="F." HEIGHT="52" WIDTH="66" VPOS="3362" HPOS="370"/>
<SP HEIGHT="55" WIDTH="26" VPOS="3362" HPOS="437"/>
<String CONTENT="S." HEIGHT="55" WIDTH="57" VPOS="3362" HPOS="464"/>
<SP HEIGHT="54" WIDTH="25" VPOS="3363" HPOS="522"/>
<String CONTENT="Crofts" HEIGHT="55" WIDTH="200" VPOS="3362" HPOS="548"/>
<SP HEIGHT="50" WIDTH="23" VPOS="3366" HPOS="749"/>
<String CONTENT="&amp;" HEIGHT="50" WIDTH="46" VPOS="3366" HPOS="773"/>
<SP HEIGHT="50" WIDTH="22" VPOS="3366" HPOS="820"/>
<String CONTENT="co.," HEIGHT="48" WIDTH="97" VPOS="3382" HPOS="843"/>
<SP HEIGHT="62" WIDTH="27" VPOS="3368" HPOS="941"/>
<String CONTENT="1933." HEIGHT="49" WIDTH="152" VPOS="3367" HPOS="969"/>
</TextLine>
<TextLine HEIGHT="51" WIDTH="1414" VPOS="3433" HPOS="241" CS="1">
<String CONTENT="7" HEIGHT="39" WIDTH="25" VPOS="3433" HPOS="241"/>
<SP HEIGHT="49" WIDTH="22" VPOS="3433" HPOS="267"/>
<String LANG="fr" CS="1" CONTENT="p."/>
<SP/>
<String LANG="fr" CS="1" CONTENT="l."/>
<String CONTENT="," HEIGHT="13" WIDTH="8" VPOS="3465" HPOS="394"/>
<SP HEIGHT="45" WIDTH="25" VPOS="3433" HPOS="403"/>
<String CONTENT="3-443" HEIGHT="40" WIDTH="143" VPOS="3433" HPOS="429"/>
<SP HEIGHT="50" WIDTH="25" VPOS="3434" HPOS="573"/>
<String CONTENT="p." HEIGHT="37" WIDTH="43" VPOS="3447" HPOS="599"/>
<SP HEIGHT="40" WIDTH="57" VPOS="3435" HPOS="643"/>
<String CS="1" CONTENT="fold." HEIGHT="41" WIDTH="103" VPOS="3435" HPOS="701"/>
<SP HEIGHT="41" WIDTH="21" VPOS="3435" HPOS="821"/>
<String CONTENT="front.," HEIGHT="47" WIDTH="164" VPOS="3435" HPOS="843"/>
<SP HEIGHT="35" WIDTH="24" VPOS="3447" HPOS="1008"/>
<String CONTENT="maps" HEIGHT="37" WIDTH="139" VPOS="3447" HPOS="1033"/>
<SP HEIGHT="45" WIDTH="26" VPOS="3436" HPOS="1173"/>
<String CONTENT="(1" HEIGHT="45" WIDTH="49" VPOS="3436" HPOS="1200"/>
<SP HEIGHT="40" WIDTH="25" VPOS="3436" HPOS="1250"/>
<String CONTENT="double)" HEIGHT="45" WIDTH="197" VPOS="3437" HPOS="1276"/>
<SP HEIGHT="45" WIDTH="64" VPOS="3437" HPOS="1474"/>
<String CONTENT="24" HEIGHT="39" WIDTH="55" VPOS="3436" HPOS="1539"/>
<String STYLE="superscript" CONTENT="cm" HEIGHT="22" WIDTH="43" VPOS="3437" HPOS="1598"/>
<String CONTENT="." HEIGHT="8" WIDTH="9" VPOS="3467" HPOS="1646"/>
</TextLine>
<TextLine HEIGHT="52" WIDTH="1231" VPOS="3489" HPOS="245">
<String CONTENT="Select" HEIGHT="42" WIDTH="155" VPOS="3489" HPOS="245"/>
<SP HEIGHT="40" WIDTH="33" VPOS="3491" HPOS="401"/>
<String CONTENT="bibliography" HEIGHT="49" WIDTH="337" VPOS="3491" HPOS="435"/>
<SP HEIGHT="37" WIDTH="32" VPOS="3503" HPOS="773"/>
<String CONTENT="at" HEIGHT="37" WIDTH="52" VPOS="3495" HPOS="806"/>
<SP HEIGHT="37" WIDTH="33" VPOS="3495" HPOS="859"/>
<String CONTENT="end" HEIGHT="39" WIDTH="91" VPOS="3493" HPOS="893"/>
<SP HEIGHT="40" WIDTH="35" VPOS="3493" HPOS="985"/>
<String CONTENT="of" HEIGHT="40" WIDTH="51" VPOS="3493" HPOS="1021"/>
<SP HEIGHT="39" WIDTH="33" VPOS="3493" HPOS="1073"/>
<String CONTENT="each" HEIGHT="39" WIDTH="120" VPOS="3493" HPOS="1107"/>
<SP HEIGHT="39" WIDTH="32" VPOS="3493" HPOS="1228"/>
<String CONTENT="chapter." HEIGHT="48" WIDTH="215" VPOS="3493" HPOS="1261"/>
</TextLine>
<TextLine HEIGHT="52" WIDTH="1911" VPOS="3543" HPOS="173" CS="1">
<String CONTENT="&#169;" HEIGHT="52" WIDTH="50" VPOS="3543" HPOS="173"/>
<SP HEIGHT="52" WIDTH="29" VPOS="3543" HPOS="224"/>
<String CONTENT="Oct." HEIGHT="40" WIDTH="101" VPOS="3548" HPOS="254"/>
<SP HEIGHT="40" WIDTH="27" VPOS="3548" HPOS="356"/>
<String CONTENT="6," HEIGHT="47" WIDTH="38" VPOS="3548" HPOS="384"/>
<SP HEIGHT="46" WIDTH="26" VPOS="3549" HPOS="423"/>
<String CS="1" CONTENT="1933;" HEIGHT="40" WIDTH="114" VPOS="3548" HPOS="450"/>
<SP HEIGHT="45" WIDTH="27" VPOS="3549" HPOS="591"/>
<String CONTENT="2c." HEIGHT="40" WIDTH="68" VPOS="3549" HPOS="619"/>
<SP HEIGHT="30" WIDTH="26" VPOS="3559" HPOS="688"/>
<String CONTENT="and" HEIGHT="38" WIDTH="95" VPOS="3550" HPOS="715"/>
<SP HEIGHT="39" WIDTH="27" VPOS="3550" HPOS="811"/>
<String CONTENT="aff." HEIGHT="41" WIDTH="81" VPOS="3548" HPOS="839"/>
<SP HEIGHT="40" WIDTH="29" VPOS="3549" HPOS="921"/>
<String CONTENT="Oct." HEIGHT="41" WIDTH="100" VPOS="3549" HPOS="951"/>
<SP HEIGHT="38" WIDTH="28" VPOS="3550" HPOS="1052"/>
<String CONTENT="11;" HEIGHT="45" WIDTH="82" VPOS="3550" HPOS="1081"/>
<SP HEIGHT="45" WIDTH="29" VPOS="3550" HPOS="1164"/>
<!-- cceid 49FFCFA9-6CF9-1014-A6CF-A82867D68027 --><String CONTENT="A" HEIGHT="38" WIDTH="42" VPOS="3550" HPOS="1194"/>
<SP HEIGHT="40" WIDTH="24" VPOS="3549" HPOS="1237"/>
<String CS="1" CONTENT="66559;" HEIGHT="40" WIDTH="147" VPOS="3549" HPOS="1262"/>
<SP HEIGHT="39" WIDTH="31" VPOS="3550" HPOS="1432"/>
<String LANG="fr" CONTENT="F." HEIGHT="38" WIDTH="50" VPOS="3550" HPOS="1464"/>
<SP HEIGHT="38" WIDTH="32" VPOS="3550" HPOS="1515"/>
<String CONTENT="S." HEIGHT="38" WIDTH="42" VPOS="3550" HPOS="1548"/>
<SP HEIGHT="40" WIDTH="30" VPOS="3549" HPOS="1591"/>
<String CONTENT="Crofts" HEIGHT="40" WIDTH="167" VPOS="3549" HPOS="1622"/>
<SP HEIGHT="40" WIDTH="27" VPOS="3548" HPOS="1790"/>
<String CONTENT="&amp;" HEIGHT="40" WIDTH="35" VPOS="3548" HPOS="1818"/>
<SP HEIGHT="40" WIDTH="26" VPOS="3548" HPOS="1854"/>
<String CONTENT="co.," HEIGHT="34" WIDTH="82" VPOS="3559" HPOS="1881"/>
<SP HEIGHT="45" WIDTH="29" VPOS="3548" HPOS="1964"/>
<String CONTENT="inc." HEIGHT="40" WIDTH="90" VPOS="3548" HPOS="1994"/>
</TextLine>
<TextLine HEIGHT="48" WIDTH="279" VPOS="3604" HPOS="248">
<String CONTENT="(33-29185)" HEIGHT="48" WIDTH="279" VPOS="3604" HPOS="248"/>
</TextLine>
<TextLine HEIGHT="57" WIDTH="1791" VPOS="3678" HPOS="169" STYLEREFS="StyleId-1F7B3C5C-5315-40B5-94E7-4DE33A7A1691-">
<String CONTENT="World" HEIGHT="54" WIDTH="195" VPOS="3678" HPOS="169"/>
<SP HEIGHT="52" WIDTH="32" VPOS="3681" HPOS="365"/>
<String CONTENT="committee" HEIGHT="54" WIDTH="337" VPOS="3679" HPOS="398"/>
<SP HEIGHT="53" WIDTH="32" VPOS="3680" HPOS="736"/>
<String CONTENT="for" HEIGHT="53" WIDTH="95" VPOS="3680" HPOS="769"/>
<SP HEIGHT="50" WIDTH="32" VPOS="3683" HPOS="865"/>
<String CONTENT="the" HEIGHT="53" WIDTH="103" VPOS="3681" HPOS="898"/>
<SP HEIGHT="37" WIDTH="32" VPOS="3697" HPOS="1002"/>
<String CONTENT="victims" HEIGHT="54" WIDTH="239" VPOS="3680" HPOS="1035"/>
<SP HEIGHT="37" WIDTH="31" VPOS="3697" HPOS="1275"/>
<String CONTENT="of" HEIGHT="53" WIDTH="64" VPOS="3681" HPOS="1307"/>
<SP HEIGHT="54" WIDTH="31" VPOS="3681" HPOS="1372"/>
<String CONTENT="German" HEIGHT="54" WIDTH="257" VPOS="3681" HPOS="1404"/>
<SP HEIGHT="52" WIDTH="31" VPOS="3681" HPOS="1662"/>
<String CONTENT="fascism." HEIGHT="54" WIDTH="266" VPOS="3680" HPOS="1694"/>
</TextLine>
<TextLine HEIGHT="72" WIDTH="1926" VPOS="3754" HPOS="239" STYLEREFS="StyleId-F4D3192E-10E1-4459-B0FA-A8059CF6C313-">
<String CONTENT="The" HEIGHT="55" WIDTH="120" VPOS="3754" HPOS="239"/>
<SP HEIGHT="53" WIDTH="37" VPOS="3756" HPOS="360"/>
<String CONTENT="brown" HEIGHT="54" WIDTH="194" VPOS="3756" HPOS="398"/>
<SP HEIGHT="52" WIDTH="41" VPOS="3758" HPOS="593"/>
<String CONTENT="book" HEIGHT="53" WIDTH="146" VPOS="3758" HPOS="635"/>
<SP HEIGHT="53" WIDTH="37" VPOS="3759" HPOS="782"/>
<String CONTENT="of" HEIGHT="53" WIDTH="64" VPOS="3759" HPOS="820"/>
<SP HEIGHT="52" WIDTH="36" VPOS="3759" HPOS="885"/>
<String CONTENT="the" HEIGHT="53" WIDTH="96" VPOS="3759" HPOS="922"/>
<SP HEIGHT="52" WIDTH="40" VPOS="3760" HPOS="1019"/>
<String CONTENT="Hitler" HEIGHT="53" WIDTH="197" VPOS="3759" HPOS="1060"/>
<SP HEIGHT="47" WIDTH="35" VPOS="3765" HPOS="1258"/>
<String CONTENT="terror" HEIGHT="48" WIDTH="185" VPOS="3765" HPOS="1294"/>
<SP HEIGHT="33" WIDTH="41" VPOS="3779" HPOS="1480"/>
<String CONTENT="and" HEIGHT="52" WIDTH="112" VPOS="3760" HPOS="1522"/>
<SP HEIGHT="52" WIDTH="38" VPOS="3760" HPOS="1635"/>
<String CONTENT="the" HEIGHT="55" WIDTH="96" VPOS="3757" HPOS="1674"/>
<SP HEIGHT="53" WIDTH="38" VPOS="3759" HPOS="1771"/>
<String CONTENT="burning" HEIGHT="69" WIDTH="252" VPOS="3757" HPOS="1810"/>
<SP HEIGHT="50" WIDTH="37" VPOS="3776" HPOS="2063"/>
<String CONTENT="of" HEIGHT="55" WIDTH="64" VPOS="3756" HPOS="2101"/>
</TextLine>
<TextLine HEIGHT="73" WIDTH="1994" VPOS="3832" HPOS="171" STYLEREFS="StyleId-F4D3192E-10E1-4459-B0FA-A8059CF6C313-">
<String CONTENT="the" HEIGHT="53" WIDTH="95" VPOS="3832" HPOS="171"/>
<SP HEIGHT="51" WIDTH="48" VPOS="3834" HPOS="267"/>
<String CONTENT="Reichstag," HEIGHT="69" WIDTH="327" VPOS="3834" HPOS="316"/>
<SP HEIGHT="50" WIDTH="47" VPOS="3853" HPOS="644"/>
<String CONTENT="prepared" HEIGHT="68" WIDTH="282" VPOS="3837" HPOS="692"/>
<SP HEIGHT="52" WIDTH="51" VPOS="3837" HPOS="975"/>
<String CONTENT="by" HEIGHT="66" WIDTH="74" VPOS="3837" HPOS="1027"/>
<SP HEIGHT="61" WIDTH="49" VPOS="3842" HPOS="1102"/>
<String CONTENT="the" HEIGHT="53" WIDTH="95" VPOS="3837" HPOS="1152"/>
<SP HEIGHT="53" WIDTH="48" VPOS="3837" HPOS="1248"/>
<String CONTENT="World" HEIGHT="53" WIDTH="203" VPOS="3837" HPOS="1297"/>
<SP HEIGHT="52" WIDTH="52" VPOS="3837" HPOS="1501"/>
<String CONTENT="committee" HEIGHT="54" WIDTH="317" VPOS="3836" HPOS="1554"/>
<SP HEIGHT="53" WIDTH="52" VPOS="3836" HPOS="1872"/>
<String CONTENT="for" HEIGHT="53" WIDTH="94" VPOS="3836" HPOS="1925"/>
<SP HEIGHT="49" WIDTH="50" VPOS="3840" HPOS="2020"/>
<String CONTENT="the" HEIGHT="53" WIDTH="94" VPOS="3836" HPOS="2071"/>
</TextLine>
<TextLine HEIGHT="73" WIDTH="1987" VPOS="3908" HPOS="174" STYLEREFS="StyleId-F4D3192E-10E1-4459-B0FA-A8059CF6C313-">
<String CONTENT="victims" HEIGHT="55" WIDTH="223" VPOS="3908" HPOS="174"/>
<SP HEIGHT="34" WIDTH="44" VPOS="3930" HPOS="398"/>
<String CONTENT="of" HEIGHT="53" WIDTH="63" VPOS="3911" HPOS="443"/>
<SP HEIGHT="56" WIDTH="45" VPOS="3911" HPOS="507"/>
<String CONTENT="German" HEIGHT="55" WIDTH="249" VPOS="3912" HPOS="553"/>
<SP HEIGHT="52" WIDTH="43" VPOS="3913" HPOS="803"/>
<String CONTENT="fascism," HEIGHT="65" WIDTH="251" VPOS="3912" HPOS="847"/>
<SP HEIGHT="44" WIDTH="47" VPOS="3933" HPOS="1099"/>
<String CONTENT="with" HEIGHT="53" WIDTH="138" VPOS="3914" HPOS="1147"/>
<SP HEIGHT="52" WIDTH="48" VPOS="3915" HPOS="1286"/>
<String CONTENT="an" HEIGHT="34" WIDTH="71" VPOS="3933" HPOS="1335"/>
<SP HEIGHT="52" WIDTH="46" VPOS="3915" HPOS="1407"/>
<String CONTENT="introduction" HEIGHT="53" WIDTH="390" VPOS="3914" HPOS="1454"/>
<SP HEIGHT="53" WIDTH="44" VPOS="3913" HPOS="1845"/>
<String CONTENT="by" HEIGHT="68" WIDTH="75" VPOS="3913" HPOS="1890"/>
<SP HEIGHT="67" WIDTH="44" VPOS="3914" HPOS="1966"/>
<String CONTENT="Lord" HEIGHT="54" WIDTH="150" VPOS="3912" HPOS="2011"/>
</TextLine>
<TextLine HEIGHT="74" WIDTH="1295" VPOS="3984" HPOS="170" STYLEREFS="StyleId-F4D3192E-10E1-4459-B0FA-A8059CF6C313-">
<String CONTENT="Marley." HEIGHT="70" WIDTH="240" VPOS="3984" HPOS="170"/>
<SP HEIGHT="51" WIDTH="71" VPOS="3988" HPOS="411"/>
<String CONTENT="New" HEIGHT="53" WIDTH="139" VPOS="3988" HPOS="483"/>
<SP HEIGHT="52" WIDTH="26" VPOS="3989" HPOS="623"/>
<String CONTENT="York," HEIGHT="68" WIDTH="180" VPOS="3989" HPOS="650"/>
<SP HEIGHT="67" WIDTH="26" VPOS="3990" HPOS="831"/>
<String CONTENT="A." HEIGHT="53" WIDTH="71" VPOS="3990" HPOS="858"/>
<SP HEIGHT="53" WIDTH="27" VPOS="3990" HPOS="930"/>
<String CONTENT="A." HEIGHT="53" WIDTH="71" VPOS="3990" HPOS="958"/>
<SP HEIGHT="53" WIDTH="27" VPOS="3990" HPOS="1030"/>
<String CONTENT="Knopf," HEIGHT="68" WIDTH="226" VPOS="3990" HPOS="1058"/>
<SP HEIGHT="53" WIDTH="28" VPOS="3995" HPOS="1285"/>
<String CONTENT="1933." HEIGHT="51" WIDTH="151" VPOS="3994" HPOS="1314"/>
</TextLine>
</TextBlock>
</PrintSpace>
</Page>
</Layout>
</alto>