2575 4405
0 0 0 0 177
101 446 287 55 Alabama
457 448 112 52 and
640 446 285 56 Southern
994 444 202 71 digest.
1273 448 134 49 1932
1475 443 345 55 cumulative
1887 445 212 54 annual

168 519 1931 81 pocket part for vol. 30 … St. Paul, West publishing co.
174 638 13 34 [
190 610 20 22 c
216 606 132 52 1933
353 636 13 36 ]

171 678 57 41 58
258 689 43 39 p.
361 677 55 40 25
419 678 43 22 cm
469 709 7 8 .

173 746 293 43 Cover-title.

173 803 116 41 This
313 803 248 48 pamphlet
585 803 41 40 is
652 805 47 39 to
724 803 58 39 be
803 802 138 41 fitted
966 803 102 39 into
1096 803 79 40 the
1199 804 172 48 pocket
1397 806 50 38 at
1473 804 81 41 the
1580 806 121 38 back
1727 805 51 40 of
1805 806 80 39 rhe
1912 805 189 42 volume

101 861 52 39 of
180 860 82 41 the
290 863 73 38 set
393 863 48 37 to
470 859 157 40 which
657 859 39 42 it
726 859 209 48 belongs.

105 925 54 52 ©
188 930 109 40 Jan.
327 930 71 46 31,
428 928 141 46 1983;
601 928 69 43 2c.
701 928 111 40 Feb.
845 930 82 45 13;
960 928 84 41 aff.
1076 928 112 41 Feb.
1218 931 60 37 15;
1334 931 43 38 A
1407 930 171 47 60285;
1612 933 135 39 West
1777 932 110 48 pub.
1919 942 70 30 co.

100 1031 325 66 Altmeyer,
456 1033 233 53 Arthur
716 1032 241 64 Joseph.

232 1098 1867 75 … The Industrial commission of Wisconsin; a case study in
98 1177 1977 142 labor law administration, by A. J. Altmeyer … with a foreword
285 1262 75 68 by
393 1261 154 54 John
582 1262 66 52 R.
683 1261 317 55 Commons.
1070 1259 283 70 Madison,
1384 1258 336 70 University
1752 1259 64 56 of
99 1254 1975 157 Wisconsin,
238 1340 151 51 1932.

169 1407 103 51 xiii,
313 1409 85 41 324
435 1420 44 38 p.
545 1409 56 40 24½
633 1411 43 23 cm
682 1441 9 10 .
767 1409 307 49 (University
1115 1410 52 40 of
1205 1409 273 41 Wisconsin
1515 1410 186 41 studies
1739 1410 50 40 in
1826 1411 81 39 the
1945 1410 147 42 social

97 1465 210 42 sciences
340 1467 96 39 and
466 1465 202 50 history,
730 1477 75 29 no.
836 1466 81 47 17)

167 1520 171 43 Thesis
378 1522 108 48 (PH.
546 1520 394 51 D:)—University
972 1523 52 40 of
1055 1521 285 50 Wisconsin,
1372 1522 128 42 1931.

167 1577 224 43 Without
419 1579 152 41 thesis
600 1580 124 41 note.

103 1647 51 54 ©
185 1652 117 42 Nov.
333 1653 39 47 1,
403 1651 140 49 1932;
575 1651 67 42 2c.
673 1653 109 40 Jan.
814 1651 68 48 26,
914 1652 139 46 1933;
1088 1651 82 43 aff.
1203 1652 109 39 Feb.
1344 1652 82 47 23;
1459 1651 40 42 A
1530 1651 171 49 59623;
1736 1650 281 50 University
2050 1652 51 41 of

171 1708 284 43 Wisconsin.
526 1708 279 51 (33-27706)

97 1807 1997 77 Amateur telescope making. Albert G. Ingalls, editor … with
163 1885 1907 141 a foreword by Dr. Harlow Shapley … [New York] Scientific
311 1968 306 53 American
647 1968 338 70 publishing
1014 1988 98 49 co.,
1146 1973 149 50 1933.

166 2041 83 49 xii,
281 2041 85 41 500
395 2052 42 37 p.
497 2041 143 48 illus.,
670 2042 180 48 diagrs.
910 2042 57 41 20
969 2044 44 21 cm
1018 2076 10 10 .

169 2109 180 42 “Third
379 2110 183 41 edition
591 2111 286 48 completely
906 2112 189 41 revised
1125 2113 96 39 and
1249 2111 271 51 enlarged.”

166 2167 416 49 Bibliographies:
615 2179 43 37 p.
687 2168 220 43 469-480.

167 2223 160 42 Blank
355 2236 145 38 pages
527 2226 81 40 for
635 2225 207 42 “Notes”
880 2225 323 52 ([487]-[496])

101 2289 53 56 ©
184 2295 110 43 Jan.
323 2295 71 51 30,
423 2295 114 44 1933;
596 2297 68 43 2c.
695 2298 95 41 and
822 2297 80 41 aff.
936 2298 96 41 Feb
1062 2298 26 43 8;
1149 2298 40 41 A
1219 2297 169 50 59346;
1425 2298 244 43 Scientific
1699 2301 159 41 Amer.
1890 2301 109 50 pub.
2031 2313 67 30 co.

170 2348 72 56 [©
275 2363 109 32 new
417 2355 195 50 matter]
684 2355 251 49 (33-3692)

92 2451 256 55 Arizona
398 2458 111 52 and
559 2454 211 58 Pacific
822 2458 202 70 digest,
1073 2458 268 70 covering
1391 2462 77 51 all
1517 2481 151 34 cases
1717 2463 267 70 reported
2033 2464 61 52 in

160 2532 253 55 Arizona
443 2542 240 63 reports,
715 2539 329 66 1866-1931,
1074 2535 212 59 Pacific
1316 2543 276 65 reporter,
1623 2542 252 53 volumes
1907 2544 187 67 1-300,

163 2611 113 54 and
308 2614 81 51 all
419 2613 65 53 of
515 2615 97 51 the
643 2612 214 58 Pacific
888 2622 174 47 states
1097 2624 221 61 reports
1352 2618 153 53 from
1539 2618 97 53 the
1668 2621 228 53 earliest
1928 2622 166 53 times

223 2688 1869 79 … Compiled and edited by the publisher’s editorial staff,
161 2788 50 32 v.
243 2770 187 51 32-34.
507 2770 84 55 St.
622 2772 165 67 Paul,
816 2774 160 53 West
1004 2772 337 71 publishing
1369 2795 97 48 co.,
1495 2780 152 64 1932,
1680 2777 148 53 1933.

162 2843 29 40 3
219 2854 44 31 v.
321 2842 60 41 26
381 2845 44 21 cm
429 2874 8 8 .

166 2912 380 42 CONTENTS.—v.
590 2913 71 41 32.
706 2915 169 42 Public
918 2915 183 42 service
1142 2918 615 50 commissions-Religious
1802 2921 297 43 societies.—

96 2980 45 30 v.
179 2968 71 43 33.
291 2970 526 44 Remainders-Set-off
852 2975 97 39 and
988 2974 466 43 counterclaim.—v.
1497 2976 70 42 34.
1612 2978 205 42 Sheriffs
1856 2982 96 40 and
94 2989 1985 91 constables-Stipulations.

95 3107 43 29 v.
173 3096 69 46 32,
282 3093 54 53 ©
371 3098 110 41 Jan.
516 3099 69 46 23,
622 3097 140 48 1933;
801 3112 42 28 v.
910 3101 40 47 33,
986 3102 70 46 34,
1096 3098 52 52 ©
1185 3103 110 40 Jan.
1333 3103 82 47 24;
1455 3105 67 41 2c.
1559 3108 118 40 each
1715 3108 109 39 Feb.
1864 3108 81 47 13;
1986 3111 108 41 affs.

166 3153 110 41 Feb.
311 3155 81 46 15;
428 3155 42 39 A
502 3154 347 50 59470-59472;
886 3158 138 40 West
1055 3159 107 49 pub.
1199 3170 67 31 co.

92 3254 200 67 Arien,
324 3256 270 67 Michael,
630 3262 170 52 1895-

162 3332 187 55 Man’s
387 3334 314 70 mortality,
742 3356 31 33 a
816 3343 175 63 story,
1030 3339 75 68 by
1144 3340 248 54 Michael
1431 3344 197 54 Arien.
1704 3348 257 67 London,
2001 3352 90 55 W.

93 3410 379 68 Heinemann,
498 3414 123 59 ltd.,
651 3418 150 51 1933.

164 3484 815 53 5 p. l., ix-xx, 379. [1] p, 20 cm .
98 3551 52 52 ©
211 3568 37 29 1c.
281 3556 110 40 Feb.
422 3555 69 47 20,
524 3557 139 47 1933;
699 3559 41 39 A
772 3560 63 38 ad
865 3559 86 41 int.
984 3560 170 48 17474;
1189 3563 143 47 pubd.
1365 3563 110 42 Jan.
1508 3566 52 47 5;
1598 3568 60 39 M.
1692 3570 162 48 Arlen,
1890 3573 189 43 Cannes,

165 3612 198 41 France.
434 3613 249 50 (33-5935)

97 3716 291 55 Aucassin
416 3722 59 50 et
503 3718 314 56 Nicolette.

162 3792 280 58 Aucassin
486 3800 54 48 et
583 3795 283 55 Nicolette
909 3799 112 53 and
1069 3797 133 55 four
1245 3800 108 55 lais
1395 3801 65 54 of
1500 3804 188 56 Marie
1731 3810 70 54 de
1843 3812 249 71 France;

93 3871 187 54 edited
318 3871 140 53 with
496 3872 409 70 introduction,
941 3881 160 49 notes
1137 3877 113 53 and
1285 3879 347 73 vocabulary
1666 3884 76 69 by
1779 3889 209 58 Edwin
2026 3895 66 52 B.

92 3947 1632 80 Williams … New York, F. S. Crofts & co., 1933.
161 4021 83 48 xii,
274 4022 84 40 122
385 4033 42 38 p.
486 4023 151 43 front.
696 4023 116 42 19cm.
