2597 4403
1353 4101 66 51 68

347 414 412 65 Hauptmann,
793 413 262 55 Gerhart
1086 413 238 55 Johann
1355 412 244 66 Robert,
1633 417 172 51 1862-

417 493 296 53 Hanneles
754 492 433 68 himmelfahrt;
1231 491 480 70 traumdichtung
1749 493 60 51 in
1850 492 139 53 zwei
2031 492 188 67 akten,
2261 511 114 34 von

347 570 254 56 Gerhart
628 573 416 67 Hauptmann;
1077 570 209 70 edited,
1315 569 143 56 with
1486 570 411 69 introduction,
1927 572 354 67 paraphrase
2311 570 66 55 of

348 656 138 64 text,
511 657 178 63 notes,
714 653 113 52 and
853 649 368 70 vocabulary,
1245 649 76 70 by
1345 652 92 54 W.
1464 651 72 53 D.
1562 650 313 53 Zinnecker
1904 696 56 10 …
2027 651 140 54 New
2193 651 183 62 York,

347 731 458 67 Prentice-Hall,
837 729 126 69 inc.,
996 734 152 51 1933.

419 804 82 49 vii,
530 805 86 40 149
643 815 44 38 p.
747 804 152 41 front.
960 803 58 42 19
1020 806 44 21 cm
1070 837 9 8 .

355 860 52 52 ©
442 864 112 40 Jan.
585 865 41 46 4,
661 862 115 41 1933;
839 863 69 40 2c.
942 863 111 40 Jan.
1087 863 83 40 13:
1207 861 83 42 aff.
1325 862 112 40 Jan.
1470 862 83 47 14;
1590 862 43 40 A
1666 862 170 47 58903;
1872 861 379 49 Prentice-Hall,
2288 862 92 39 inc.

427 916 70 55 [©
530 920 351 48 introduction,
914 920 308 49 paraphrase
1252 919 54 42 of
1336 923 119 44 text,
1490 923 153 46 notes,
1677 922 95 39 and
1806 920 315 51 vocabulary]
435 978 253 49 (33-1876)

350 1078 189 66 Hood,
570 1078 230 65 George
829 1077 241 66 Jüssen,
1103 1079 171 54 1877-

422 1154 313 71 Geometry
766 1154 66 55 of
861 1155 376 71 engineering
1268 1154 294 72 drawing;
1598 1155 349 70 descriptive
1978 1161 297 66 geometry
2303 1155 73 71 by

351 1234 97 54 the
478 1234 186 54 direct
691 1234 253 69 method,
976 1233 76 71 by
1084 1233 225 71 George
1342 1234 57 55 J.
1433 1234 175 55 Hood
1647 1278 56 10 …
1776 1235 75 54 2d
1885 1234 86 54 ed.
2041 1235 140 54 New
2215 1234 168 55 York

352 1314 116 53 and
497 1313 263 68 London,
786 1312 440 56 McGraw-Hill
1252 1313 151 54 book
1431 1332 301 52 company,
1764 1314 127 69 inc.,
1924 1316 153 52 1933.

425 1398 44 31 x.
499 1387 89 41 348
617 1398 45 38 p.
722 1388 143 48 illus.,
896 1388 174 47 plates,
1104 1388 182 47 diagrs.
1346 1386 57 42 23½
1437 1390 45 21 cm
1486 1420 9 9 .

428 1444 136 49 “Key
591 1445 79 40 for
698 1446 274 47 correcting
998 1444 274 49 problems”
1302 1446 95 40 and
1427 1447 207 40 contour
1663 1455 137 38 maps
1828 1456 62 30 on
1919 1446 92 41 end
2043 1444 340 50 lining-paper.

360 1499 52 52 ©
440 1504 112 41 Jan.
576 1504 42 47 4,
646 1502 142 50 1933;
817 1504 68 41 2c.
913 1506 97 39 and
1037 1504 84 40 aff.
1149 1505 111 40 Jan.
1289 1506 53 46 7;
1372 1505 41 39 A
1441 1504 144 41 58739;
1644 1504 356 41 McGraw-Hill
2027 1505 127 40 book
2180 1514 83 38 co.,
2292 1504 92 40 inc.

439 1561 254 48 (33-1937)

355 1667 230 65 Jillson,
615 1664 246 57 Willard
890 1667 217 65 Rouse,
1138 1672 172 49 1890-

427 1745 122 54 The
590 1749 137 49 next
765 1743 80 54 oil
883 1743 162 69 pool;
1089 1764 32 33 a
1160 1745 234 67 general
1433 1742 417 57 consideration
1892 1743 63 53 of
1994 1762 151 36 some
2186 1743 64 53 of
2288 1743 96 55 the

357 1823 392 68 undeveloped
806 1841 158 36 areas
1025 1822 63 53 of
1146 1822 378 69 outstanding
1579 1820 170 54 merit
1805 1822 61 52 in
1926 1821 326 70 Kentucky,
2308 1821 76 69 by

357 1901 252 54 Willard
637 1901 186 53 Rouse
852 1901 215 54 Jillson
1099 1945 58 11 …
1224 1901 345 69 Lexington,
1597 1901 134 70 Ky.,
1757 1899 424 71 Transylvania
2210 1919 175 51 press,

361 1982 150 51 1932.

429 2051 1293 51 xiv p., 1 l., 116 p. front., illus. (map) 20½ cm .
430 2111 166 41 “First
629 2109 201 50 edition,
866 2109 87 41 250
988 2108 204 50 copies.”

431 2168 383 48 “Bibliography
841 2167 51 41 of
915 2177 114 39 map
1051 2168 97 40 and
1172 2170 167 46 report
1362 2167 333 41 references”:
1724 2179 43 38 p.
1796 2166 222 52 [97]-103.

365 2226 52 52 ©
456 2230 118 39 Nov.
614 2229 71 48 25,
725 2228 114 41 1932;
908 2228 68 41 2c.
1016 2229 97 39 and
1153 2227 83 42 aff.
1276 2228 111 40 Jan.
1428 2229 39 47 7,
1507 2227 142 49 1933;
1691 2228 41 39 A
1771 2228 172 48 58734;
1986 2229 72 40 W.
2099 2229 57 41 R.
2196 2228 191 48 Jillson,

437 2287 287 48 Frankfort,
751 2287 93 48 Ky.
916 2285 252 49 (33-1953)

360 2392 263 65 Kriegel,
651 2393 206 63 Harry
885 2391 236 65 Gerald,
1153 2395 173 51 1889-

432 2467 428 71 Encyclopedia
894 2468 63 54 of
989 2467 269 70 printing
1290 2466 390 71 lithographic
1716 2467 130 54 inks
1881 2468 111 53 and
2028 2469 361 65 accessories;

363 2554 221 62 secrets,
608 2547 284 55 formulae
919 2547 113 54 and
1057 2546 231 69 helpful
1310 2546 160 56 hints
1493 2546 93 53 for
1610 2545 310 55 craftsmen
1944 2545 59 53 in
2027 2546 96 53 the
2148 2544 243 70 graphic

364 2633 134 48 arts.
565 2626 139 53 New
737 2624 163 53 York
931 2626 134 67 city,
1093 2625 77 52 H.
1204 2623 68 55 G.
1302 2622 239 71 Kriegel
1578 2627 173 66 [1932]

433 2697 885 51 255, [1] p. plates, ports. 21 cm .
369 2756 52 52 ©
450 2760 113 41 Dec.
589 2759 69 49 27,
687 2758 141 48 1932;
859 2758 67 41 2c.
955 2759 109 40 Jan.
1093 2760 40 44 3,
1163 2757 141 48 1933;
1336 2757 82 41 aff.
1447 2757 112 42 Jan.
1588 2757 82 48 12;
1700 2758 41 39 A
1769 2757 172 49 58803;
1972 2757 168 49 Harry
2170 2758 53 40 G.
436 2754 1939 113 Kriegel.
599 2816 253 49 (33-1951)

364 2923 82 53 Le
474 2923 179 65 Clair,
681 2924 171 52 Mme.
884 2921 282 55 Florence
1194 2922 73 56 A.

435 3000 80 53 Le
546 2998 163 56 Clair
739 3018 72 35 on
843 2998 212 70 beauty
1087 2998 250 68 culture;
1371 3018 32 34 a
1434 2997 281 70 practical
1745 2997 176 70 study
1950 2996 66 55 of
2047 2998 97 54 the
364 2996 2001 136 fundamental

615 3078 316 69 principles
965 3076 65 55 of
1063 3077 212 70 beauty
1310 3077 222 54 culture
1568 3076 96 55 for
1698 3077 262 54 students
1995 3077 114 54 and
367 3076 1998 151 practicing
493 3156 410 55 cosmeticians.

969 3157 92 68 By
1085 3156 173 54 Mme.
1285 3156 80 53 Le
1394 3154 178 56 Clair.
1635 3156 73 53 2d
1736 3155 86 54 ed.
1850 3174 115 35 rev.
2027 3154 366 71 Milwaukee,

365 3236 162 68 Wis.,
555 3236 123 53 The
706 3235 209 54 author
989 3237 154 66 [c1933]

437 3320 45 36 x,
511 3309 87 40 214
623 3320 44 38 p.
729 3309 129 42 illus.
922 3308 57 41 20
982 3310 45 22 cm
1031 3341 9 9 .

373 3365 52 52 ©
453 3369 111 40 Jan.
591 3369 40 46 4,
659 3367 142 48 1933;
829 3369 69 40 2c.
926 3369 97 39 and
1050 3367 82 40 aff.
1160 3368 111 39 Jan.
1298 3366 53 43 9:
1382 3367 41 39 A
1450 3366 172 48 57850;
1653 3367 51 40 F.
1731 3367 56 41 A.
1816 3367 65 39 Le
1909 3366 147 48 Clair,
2086 3364 306 42 Milwaukee.

452 3425 253 50 (33-1943)

369 3528 323 54 Louisiana
724 3530 113 51 and
870 3529 288 55 Southern
1190 3532 260 64 reporter
1480 3528 205 69 digest,
1715 3528 272 69 covering
2015 3529 78 52 all
2123 3546 152 37 cases

441 3545 1923 131 reported
699 3608 58 51 in
809 3608 312 54 Louisiana
1173 3612 242 64 reports,
1464 3607 312 52 Louisiana
1828 3611 191 50 courts
2067 3606 65 54 of
2183 3607 207 68 appeal

442 3686 259 68 reports*
755 3687 112 51 and
923 3687 289 55 Southern
1265 3690 277 64 reporter,
1595 3686 146 52 *2nd
1794 3685 380 69 preliminary
442 3704 1922 130 unreported

713 3766 266 68 opinions
1052 3809 55 9 …
1188 3765 553 68 Descriptive-word
1803 3765 192 54 index.
2072 3764 85 56 St.
2223 3766 168 67 Paul,

443 3845 203 58 Minn.,
678 3847 162 52 West
871 3845 339 69 publishing
1241 3864 79 34 co.
1360 3879 12 33 [
1378 3851 18 21 c
1402 3848 134 50 1932
1542 3878 12 34 ]

443 3920 65 47 ix,
539 3920 116 41 1703
683 3932 42 36 p.
784 3920 57 40 26
843 3922 44 21 cm
891 3951 8 7 .

377 3974 52 52 ©
462 3978 112 40 Dec.
604 3977 40 48 9,
676 3977 141 48 1932;
849 3978 67 40 2c.
949 3978 110 39 Jan.
1092 3978 68 45 11,
1192 3976 142 47 1933;
1367 3976 84 41 aff.
1483 3977 111 40 Jan.
1626 3976 81 47 12;
1741 3977 40 38 A
1812 3975 171 47 58876;
2018 3975 134 41 West
2182 3974 111 50 pub.
2326 3985 66 30 co.
