2582 4453
1387 4115 134 49 1512

422 436 293 68 Tippetts,
749 437 246 58 Charles
1025 438 279 65 Sanford,
1338 440 172 50 1893-

494 518 330 68 Autarchy:
860 516 259 53 national
1154 513 457 70 self-sufficiency
1668 514 94 69 [by]
1805 513 238 55 Charles
2080 511 57 56 S.
2173 513 270 69 Tippetts

484 592 1848 72 … Chicago, Ill., The University of Chicago press [1933]
497 686 67 47 iii,
594 686 69 46 26,
697 704 9 31 [1]
785 696 42 37 p.
889 684 55 41 19½
977 686 43 21 cm
1027 716 7 7 .
1107 683 195 49 (Public
1330 682 158 49 policy
1517 683 290 48 pamphlets,
1838 694 75 30 no.
1942 682 39 48 5,
2012 683 59 40 H.
2102 682 55 40 D.
2190 681 252 50 Gideonse,

426 745 182 47 editor)

430 812 2000 110 © Oct. 10. 1983; 2c. Oct. 14; aff. Oct. 13; A 66628; University of Chicago, Chicago. (33-31140)
425 975 248 68 Tucker,
705 975 290 66 Beverley
1025 973 329 68 Randolph,
1390 976 170 52 1874-

501 1055 411 67 Adolescence;
962 1054 152 54 life’s
1161 1054 204 68 spring
1414 1053 264 68 cleaning
1724 1051 155 69 time,
1927 1052 74 68 by
2050 1052 279 68 Beverley
2376 1053 70 52 R.

427 1131 1941 69 Tucker … Boston, Mass., The Stratford company [ c 1933]
501 1220 45 37 X,
575 1207 84 41 121
685 1219 43 39 p.
791 1207 55 41 19½
879 1209 15 21 cm
928 1240 8 7 .

433 1278 51 52 ©
515 1282 101 41 Oct.
646 1281 69 48 19,
744 1280 114 41 1933;
916 1280 67 40 2c.
1014 1279 100 41 Oct.
1144 1280 54 38 21;
1258 1279 83 39 aff.
1372 1277 102 43 Oct.
1504 1278 56 39 24;
1617 1277 42 40 A
1687 1277 144 41 65794;
1893 1277 252 41 Stratford
2175 1288 81 35 co.,
2287 1279 163 47 pubrs.

510 1338 283 50 (33-31668)

428 1439 304 67 Turnbull,
764 1441 139 54 Mrs.
936 1439 204 66 Agnes
1178 1437 230 67 (Sligh)
1449 1442 174 50 1888-

501 1514 1884 71 The colt that carried a king, by Agnes Sligh Turnbull …
432 1593 1714 72 New York [etc.] Fleming H . Revell company [ c 1933]
501 1682 55 41 31
587 1694 43 38 p.
687 1683 150 40 front.
898 1683 55 39 17½
987 1684 43 21 cm
1037 1714 8 8 .

436 1755 51 52 ©
517 1758 100 41 Oct.
646 1758 70 47 21,
744 1757 141 48 1933;
916 1758 67 40 2c.
1012 1758 96 39 and
1136 1756 82 41 aff.
1249 1756 101 41 Oct.
1379 1756 53 41 31;
1493 1756 41 39 A
1561 1755 170 48 65876;
1764 1754 223 50 Fleming
2013 1756 62 41 H.
2104 1756 169 40 Revell
2302 1767 67 30 co.

514 1815 281 50 (33-31315)

506 1916 116 55 Old
671 1917 163 53 home
883 1923 171 60 town,
1104 1916 75 68 by
1228 1915 196 69 Agnes
1471 1913 170 71 Sligh
1689 1915 302 53 Turnbull.
2080 1915 137 53 New
2279 1914 171 69 York,

434 1993 1545 63 London [etc.] Fleming H. Revell company [ c 1933]
505 2081 536 52 3 p. l., 19-224 p. 20cm
507 2156 147 41 Short
689 2155 190 41 stories.

438 2227 51 52 ©
520 2231 100 41 Oct.
649 2231 70 48 21,
748 2230 113 41 1933;
918 2230 67 40 2c.
1015 2231 96 39 and
1140 2230 82 41 aff.
1253 2230 101 40 Oct.
1382 2231 55 39 31;
1496 2230 41 39 A
1565 2229 142 41 65881;
1769 2230 223 49 Fleming
2018 2231 61 41 H.
2110 2230 167 41 Revell
2307 2240 68 31 co.

507 2285 69 54 [©
609 2298 105 30 new
747 2288 243 48 material]
1068 2287 281 49 (33-31311)

434 2388 131 56 Van
594 2392 179 65 Loon,
803 2388 271 56 Hendrik
1102 2389 251 68 Willem,
1387 2394 174 51 1882-

573 2469 1879 70 … Re: An elephant up a tree. This is the true story of Sir
440 2550 174 67 John,
653 2568 80 49 or,
770 2550 132 67 why
940 2550 96 53 the
1074 2549 299 68 elephants
1411 2549 236 56 decided
1685 2557 57 46 to
1782 2550 218 53 remain
2039 2550 315 68 elephants,
2394 2569 60 34 as

441 2628 2011 70 told by one of them … to Hendrik Willem van Loon … [New
444 2708 179 67 York,
653 2706 201 58 Simon
881 2709 114 52 and
1023 2707 290 68 Schuster,
1341 2707 126 68 inc.,
1491 2714 20 22 c
1516 2712 153 63 1933]

513 2780 1258 51 3 p. l., [3]-206, [2] p. illus. (part col.) 23½ cm .
514 2851 64 41 At
607 2851 127 42 head
763 2853 51 40 of
845 2853 108 40 title:
1014 2854 66 39 N°
1109 2853 190 42 432198.
1361 2854 51 41 P.
1443 2854 41 39 R
1517 2854 59 40 X.
1640 2854 166 41 Secret
1836 2854 96 40 and
1963 2853 327 42 confidential.

513 2910 292 41 Illustrated
835 2913 98 46 t.-p.
963 2911 96 41 and
1088 2911 366 50 lining-papers.

444 2979 51 52 ©
532 2983 101 41 Oct.
668 2983 69 48 25,
773 2984 141 47 1933;
950 2984 68 40 2c.
1054 2984 101 41 Oct.
1191 2984 83 47 30;
1311 2985 82 41 aff.
1430 2985 102 41 Oct.
1566 2985 84 48 28;
1686 2986 43 38 A
1762 2985 170 47 65888;
1970 2987 60 39 PI.
2066 2987 72 40 W.
2173 2986 110 40 Van
2315 2985 145 48 Loon,

511 3041 119 40 New
660 3041 145 40 York.
880 3041 282 50 (33-31419)

439 3142 276 66 Wagner,
745 3144 208 65 Henry
979 3145 188 65 Raup,
1201 3149 171 50 1862-

513 3219 253 70 Spanish
815 3223 393 67 explorations
1255 3224 62 53 in
1365 3225 97 53 the
1508 3225 170 53 strait
1727 3225 63 53 of
1837 3225 158 55 Juan
2044 3225 68 53 de
2158 3226 176 66 Fuca,
2381 3224 74 68 by

442 3297 2015 75 Henry R. Wagner … Santa Ana, Calif., Fine arts press, 1933.
551 3404 8 16 v,
585 3371 99 50 323,
719 3374 54 50 [1]
803 3385 42 37 p.
907 3385 138 38 maps
1075 3375 136 50 (part
1237 3376 144 48 fold.)
1448 3376 117 42 28cm.

518 3441 1940 51 “Printed on white Strathmore Broadcaster text … Four hundred
445 3501 97 40 and
577 3501 298 47 twenty-five
911 3504 161 48 copies
1105 3506 124 40 have
1264 3506 117 41 been
1415 3506 240 49 printed.”

520 3557 420 50 “Documentary”
1001 3561 66 48 (p.
1121 3561 231 50 [75]-299)
1411 3563 192 42 include
1652 3564 324 41 translations
2026 3564 51 41 of
2123 3566 82 40 the
2251 3564 205 51 original

447 3615 185 41 diaries
675 3617 52 41 of
775 3616 209 49 Spanish
1031 3619 307 47 exploration
1387 3631 59 29 on
1491 3622 82 40 the
1620 3623 270 40 northwest
1935 3625 150 44 coast,
2132 3623 95 39 and
2274 3623 185 41 related

445 3676 426 48 correspondence.

519 3731 265 44 “Sources”:
841 3743 44 40 p.
913 3730 159 45 67-73.

792 3804 597 44 CONTENTS.—Introduction.—The
1445 3806 232 50 Quimper
1731 3808 278 49 expedition
2066 3808 52 43 of
2173 3809 291 42 1790.—The

450 3859 135 42 Eliza
615 3862 281 48 expedition
931 3863 50 40 of
1011 3861 293 44 1791.—The
1337 3864 408 42 Galiano-Valdés
1775 3866 280 49 expedition
2089 3867 51 41 of
2169 3866 292 43 1792.—The

450 3916 210 50 Spanish
691 3918 373 43 establishment
1093 3921 51 39 of
1174 3921 135 41 Neah
1338 3921 550 51 bay.—Documentary.

450 3985 51 53 ©
534 3989 126 49 Sept.
691 3991 69 44 20,
789 3993 140 45 1933;
960 3992 67 39 2c.
1060 3992 128 47 Sept.
1216 3992 83 46 30;
1331 3993 81 39 aff.
1444 3992 103 42 Oct.
1576 3992 52 44 9;
1661 3994 36 38 A
1730 3993 140 42 65821;
1934 3996 59 39 H.
2026 3996 51 39 R.
2109 3996 224 47 Wagner,
2368 3996 97 39 San

518 4047 205 49 Marino,
759 4048 146 41 Calif.
976 4049 281 48 (33-30798)
