2484 4405
1031 4110 136 51 1621

185 568 162 35 cours
454 550 92 51 d’un
609 550 185 64 grand
856 550 235 52 nombre
1155 550 68 51 de
1285 550 459 53 collaborateurs.
1845 550 139 51 fasc.
2100 592 10 9 II.

183 628 340 53 Allemande
583 627 749 68 (Spiritualité)-Anglaise
1392 626 423 69 (Spiritualité)
1927 628 185 52 Paris.

185 707 68 54 G.
281 707 362 52 Beauchesne
666 713 53 45 et
745 725 82 34 ses
851 704 106 65 fils,
984 708 151 50 1933.

183 780 282 47 cover-title,
497 779 206 40 32:1-640
730 780 158 39 numb.
921 781 85 38 col.
1066 779 61 40 30
1124 782 18 20 cm
1176 811 7 7 .

117 833 1999 54 © Sept. 18, 1933; 1c. Nov. 17; A- Foreign 22762; Gabriel Beauchesnp
185 897 50 38 et
261 905 75 29 ses
365 895 90 39 fils.

116 957 286 63 Druesne,
431 957 279 54 Maurice.

249 1032 1867 69 … Les problèmes économiques et la technocratie. Paris,
115 1112 202 66 Payot,
352 1115 151 49 1933.

185 1180 1866 52 2 p. l., [7]-123, [1] p. 23 cm . (Bibliothèque politique et économique)
116 1236 1873 53 © Apr. 5, 1933; 1c. Oct. 14; A- Foreign 22384; M. Druesne, Paris
192 1298 280 48 (33-35380)

113 1357 334 67 Dunkman,
475 1359 252 55 William
757 1360 272 63 Edward,
1060 1362 171 49 1903-

185 1436 358 65 Qualitative
595 1436 180 55 credit
828 1437 236 67 control,
1118 1437 74 66 by
1244 1436 259 54 William
1558 1437 68 52 E.
1679 1437 313 53 Dunkman
115 1515 137 53 …New
292 1515 180 68 York,

511 1515 303 55 Columbia
852 1514 320 69 university
1215 1534 186 49 press;
1444 1515 259 66 London,
1742 1516 66 51 P.
1850 1515 59 55 S.
1950 1516 162 68 King

112 1596 44 50 &
183 1612 118 48 son,
330 1593 121 67 ltd.,
484 1596 151 50 1933.

180 1664 86 41 345
299 1677 43 37 p.
403 1665 179 49 diagrs.
642 1664 55 40 23
701 1668 15 20 cm
749 1698 7 7 .
832 1666 14 48 (
855 1665 254 48 Half-title
1118 1676 15 29 :
1166 1665 194 42 Studies
1394 1666 48 39 in
1478 1667 201 46 history,
1715 1666 267 41 economics
2014 1670 93 38 and

111 1722 161 50 public
313 1723 108 48 law,
461 1724 71 39 ed.
575 1724 60 47 by
676 1724 83 40 the
800 1723 206 48 Faculty
1045 1723 51 40 of
1136 1723 218 48 political
1397 1724 185 40 science
1623 1723 51 41 of
1715 1723 250 42 Columbia
113 1728 1979 100 university.
368 1791 75 30 no.
475 1780 110 49 395)

183 1838 168 40 Issued
378 1838 103 39 also
510 1848 54 29 as
590 1837 153 40 thesis
779 1836 107 47 (PH.
943 1838 34 43 D.)
1014 1836 252 41 Columbia
1293 1838 289 48 university.

180 1894 348 49 Bibliography
546 1906 8 27 :
587 1906 42 37 p.
660 1893 216 41 334-338.

112 1949 50 52 ©
188 1954 117 39 Nov.
332 1954 38 45 1,
398 1953 111 39 1933;
565 1953 66 39 2c.
659 1954 94 38 and
781 1950 80 41 aff.
890 1952 116 39 Nov.
1035 1951 55 40 20;
1146 1953 42 37 A
1213 1951 143 41 68197;
1415 1952 248 41 Columbia
1694 1953 127 40 univ.
1852 1964 148 38 press.

191 2010 278 49 (33-34575)

110 2070 423 64 Encyclopedic
568 2071 185 68 digest
786 2071 63 51 of
884 2070 239 52 Florida
1159 2075 239 63 reports,
1431 2072 171 68 being
1638 2091 32 34 a
1703 2075 279 66 complete
179 2091 1903 126 encyclopedia
543 2149 112 52 and

691 2149 186 67 digest
912 2149 63 52 of
1011 2150 79 50 all
1125 2149 96 53 the
1256 2149 239 53 Florida
1530 2169 124 33 case
1688 2153 109 50 law
1833 2152 113 51 and
178 2151 1903 129 federal
335 2227 276 53 decisions
649 2227 249 68 relating
935 2233 58 46 to
1033 2228 99 51 the
1167 2228 139 52 laws
1347 2227 63 52 of
1450 2229 96 51 the
1584 2233 164 62 state,
1787 2230 182 51 under
2009 2230 96 52 the

178 2305 266 53 editorial
499 2303 358 70 supervision
914 2305 64 53 of
1034 2307 72 51 A.
1165 2306 250 52 Hewson
1471 2307 213 53 Michie
1743 2307 113 52 and
1896 2308 208 53 Beirne

178 2385 291 54 iStedman.
531 2384 243 53 Volume
863 2428 10 10 VI.
909 2383 774 69 [Exemptions-Highways]
177 2386 1904 142 Charlottesville,
363 2463 125 64 Va.,
521 2463 123 53 The

677 2462 216 54 Michie
926 2477 317 48 company;
1279 2462 268 65 Atlanta,
1585 2463 121 64 Ga.,
1742 2464 123 52 The
177 2464 1903 131 Harrison
311 2558 287 48 company
633 2574 12 35 [
651 2548 17 21 c
674 2545 152 64 1933]

173 2616 521 49 3 p. l., 387 p. 24 cm .
110 2670 49 51 ©
185 2675 117 38 Nov.
329 2674 68 46 27,
424 2673 113 40 1933;
592 2673 66 39 2c.
686 2673 94 38 and
808 2671 81 40 aff.
917 2672 117 39 Nov.
1061 2671 83 47 29;
1175 2672 40 37 A
1240 2670 170 48 68349;
1442 2671 177 40 Michie
1646 2682 67 31 co.
1742 2673 96 38 and
1865 2670 243 42 Harrison

175 2742 64 28 co.

110 2792 139 65 Faÿ,
279 2792 285 64 Bernard,
597 2793 169 50 1893-

176 2867 294 54 Koosevelt
498 2867 109 52 and
636 2866 88 53 his
751 2864 282 69 America,
1060 2865 75 68 by
1162 2865 260 53 Bernard
1448 2865 140 68 Faÿ.
1652 2865 233 68 Boston,
1908 2865 195 70 Little,

111 2947 222 66 Brown,
362 2945 111 54 and
503 2962 294 52 company,
827 2946 149 50 1933.

180 3016 744 50 vii p., 2 l., [3]-345 p. 22½ cm .
111 3080 49 47 ©
187 3081 115 38 Nov.
331 3080 68 45 24,
427 3078 112 40 1933;
596 3079 64 38 2c.
690 3079 94 38 and
813 3077 79 39 aff.
922 3077 117 39 Nov.
1067 3077 56 38 25
1142 3087 7 29 :
1181 3076 41 38 A
1248 3076 142 39 67261;

1449 3076 162 48 Little,
1641 3078 191 47 Brown,
1862 3077 95 40 and
174 3087 1914 98 company.
386 3135 278 49 (33-27364)

113 3199 238 53 Federal
380 3199 188 61 codes,
601 3199 110 53 inc.

178 3285 52 41 A
267 3275 305 53 handbook
609 3275 63 52 of
709 3275 96 51 the
842 3273 166 52 NBA
1047 3274 156 65 laws,
1243 3273 368 68 regulations,
1652 3273 190 66 codes;
1887 3293 30 33 a
112 3291 1966 129 compilation
394 3354 62 52 of
498 3354 77 51 all

614 3356 257 62 statutes,
910 3352 289 52 executive
1240 3353 211 63 orders,
1492 3352 369 66 regulations,
1904 3353 193 52 officiai

111 3431 479 67 interpretations,
621 3430 295 64 decisions,
949 3429 292 67 approved
1278 3429 179 65 codes,
1492 3429 289 67 approved
112 3431 1963 130 modifications

296 3508 63 54 of
399 3507 247 53 Blanket
687 3507 135 52 code
864 3507 111 52 and
1019 3505 200 54 official
1258 3511 330 48 statements
1629 3508 238 52 relative
1905 3515 58 46 to
2005 3522 94 39 the

110 3585 265 53 National
413 3584 307 53 industrial
754 3601 266 49 recovery
1055 3589 90 47 act
1180 3584 111 52 and
1328 3584 481 66 administration,
1843 3592 259 62 together

115 3662 131 52 with
280 3663 265 53 editorial
575 3661 419 53 introductions
1029 3661 111 52 and
1175 3661 301 53 footnotes.
1543 3663 161 52 With
1742 3665 357 67 supplement

112 3739 1990 72 service … Washington and New York, Federal codes, inc.
126 3823 155 50 [ c 1933]
177 3890 800 50 6 p. l., 413 p. 23½ cm . $4.50
179 3949 127 41 “The
338 3947 229 43 editorial
597 3947 312 49 compilation
945 3947 50 40 of
1027 3948 100 39 this
1160 3948 190 41 volume
1384 3950 89 38 has
1506 3950 117 40 been
1656 3952 141 41 made
1829 3954 153 41 under
2018 3956 81 39 the

110 4005 232 41 direction
368 4006 51 41 of
444 4005 155 41 Lewis
627 4004 209 41 Mayers,
862 4004 274 48 esq."—4th
1161 4004 185 48 prelim,
1375 4006 112 40 leaf.
