2582 4453
1387 4145 63 48 998

421 461 205 64 Gould,
660 461 270 56 Chester.

493 537 151 54 Dick
687 541 188 66 Tracy
921 540 112 51 and
1081 539 150 53 Dick
1276 541 206 66 Tracy,
1526 540 70 68 jr.
1645 541 112 52 and
1803 541 128 52 how
1977 542 136 68 they
2158 542 275 68 captured

421 616 2017 73 ‘‘Stooge” Viller … [by] Chester Gould. New York, Cupples &
421 697 156 54 Leon
607 716 79 36 co.
724 731 13 34 [
742 704 18 21 c
766 701 151 63 1933]

497 771 783 50 1 p. l., 86 p. of illns. 22½ cm .
496 830 290 40 Illustrated
816 832 98 47 t.-p.

429 896 52 52 ©
508 901 114 47 Apr.
651 900 39 46 8,
718 900 140 42 1933;
888 900 67 40 2c.
983 901 96 39 and
1108 899 81 42 aff.
1219 901 114 47 May
1360 900 82 47 26;
1473 901 40 38 A
1541 900 171 47 62780;
1744 900 209 49 Cupples
1982 902 36 40 &
2046 902 128 39 Leon
2202 911 68 31 co.

506 958 13 47 (CA
607 958 176 40 33-518
803 957 236 48 Unrev'd)

420 1062 253 65 Harper,
703 1062 396 56 Wilhelmina.

492 1140 281 53 Treasure
820 1141 137 52 trail
1005 1141 244 52 readers.
1333 1141 306 53 Mountain
1687 1146 307 65 gateways.
2076 1142 99 53 7th
2223 1142 214 53 reader.

423 1221 90 68 By
554 1219 376 58 Wilhelmina
971 1222 253 68 Harper,
1263 1221 141 53 with
1444 1222 96 52 the
1581 1222 414 54 collaboration
2035 1221 63 54 of
2139 1221 192 55 Hollis
2373 1225 64 51 P.

422 1301 188 52 Allen.
693 1300 341 53 Illustrated
1079 1301 74 69 by
1200 1302 152 52 Kate
1399 1301 232 69 Seredy.
1708 1303 140 51 New
1893 1302 179 55 York,
2117 1303 121 52 The
422 1303 1992 129 Macmillan
653 1398 300 51 company,
985 1383 152 52 1933.

496 1467 66 27 xx
600 1467 57 36 p.,
697 1456 22 37 1
781 1487 22 15 l.,
841 1456 87 39 477
966 1467 42 37 p.
1077 1455 128 39 illus.
1303 1453 26 41 19
1332 1457 44 21 cm
1381 1486 8 8 .

431 1508 52 52 ©
511 1514 121 39 Mar.
659 1513 69 47 21,
756 1512 142 47 1933;
929 1513 66 39 2c.
1023 1513 97 39 and
1147 1523 82 30 aff.
1257 1513 122 40 Mar.
1405 1513 84 47 22;
1519 1513 41 39 A
1588 1513 170 48 61040;
1791 1512 283 41 Macmillan
2101 1523 69 30 co.

423 1618 174 64 Hart,
627 1617 212 54 Albert
868 1617 304 66 Bushnell,
1204 1621 174 51 1854-

496 1694 1947 70 New American history, by Albert Bushnell Hart … New
428 1773 180 69 York,
638 1773 331 55 Cincinnati
1025 1778 120 63 [etc.]
1178 1774 311 52 American
1517 1773 148 55 book
1694 1791 282 52 company
2012 1807 13 34 [
2030 1780 18 21 c
2053 1777 153 65 1933]

496 1848 100 48 viii,
628 1847 99 49 666,
758 1848 152 40 ix-liv
939 1858 44 38 p.
1041 1847 143 50 illus.,
1215 1848 181 47 diagrs.
1456 1846 56 41 20½
1545 1848 44 22 cm
1593 1880 9 8 .

500 1905 169 40 “Brief
696 1905 84 40 list
811 1904 52 41 of
890 1905 120 41 desk
1037 1904 207 41 books”:
1276 1914 44 38 p.
1349 1904 143 47 ix-x;
1527 1904 237 41 “General
1795 1903 395 49 bibliography”;
2224 1915 44 37 p.
2301 1914 140 32 x-xv.

432 1960 52 52 ©
517 1965 124 39 June
667 1964 69 47 29,
765 1964 141 46 1933;
936 1964 67 40 2c.
1033 1965 95 38 and
1157 1964 82 39 aff.
1269 1964 117 47 July
1413 1963 83 47 10;
1527 1964 41 38 A
1596 1963 171 47 64258;
1798 1964 54 38 A.
1883 1964 53 39 B.
1966 1964 144 40 Hart.
2139 1962 303 50 Cambridge.

502 2022 145 40 Mass.
733 2017 52 52 [©
814 2022 226 48 changes]
1114 2020 282 49 (33-17982)

425 2128 313 63 Harwood,
767 2129 138 52 Mrs.
938 2126 163 54 Eliza
1127 2126 341 66 Josephine.

501 2206 150 52 How
683 2224 80 35 we
795 2206 152 52 train
979 2206 95 53 the
1104 2206 181 67 body;
1319 2205 98 52 the
1446 2205 320 53 mechanics
1797 2204 64 53 of
1891 2205 373 67 pantomimic
429 2202 1993 150 technique,
644 2284 76 67 by
750 2284 165 51 Eliza
945 2283 314 68 Josephine
1287 2283 315 67 Harwood,
1673 2327 9 9 A.
1772 2326 10 11 M.
1849 2284 236 66 Boston,
2114 2282 223 53 Walter
2367 2281 78 54 H.

430 2362 715 68 Baker company [ c 1933]
503 2434 1088 50 3 p. l., vii, 7-142 p. illus., diagr. 20 cm .
502 2494 226 40 Includes
761 2493 394 49 bibliographies.

435 2547 52 52 ©
517 2552 129 39 June
670 2551 70 46 15,
769 2550 141 47 1933;
942 2551 67 40 2c.
1039 2551 94 39 and
1164 2549 82 40 aff.
1277 2550 127 39 June
1431 2548 84 48 30;
1547 2549 41 39 A
1617 2549 171 46 63454;
1821 2549 187 40 Walter
2038 2549 61 42 H.
2130 2548 162 39 Baker
2319 2558 67 30 co.

511 2609 282 48 (33-17811)

426 2713 219 64 Hatch,
673 2712 156 62 Eric,
860 2717 171 49 1901-

503 2792 142 52 Five
674 2792 159 66 days,
861 2790 73 68 by
963 2790 136 52 Eric
1128 2789 212 53 Hatch.
1409 2790 233 66 Boston,
1670 2789 197 66 Little,
1898 2790 230 64 Brown,
2158 2788 112 53 and
433 2804 1988 134 company,
636 2872 149 49 1933.

500 2942 726 51 4 p. l., 3-285, [1] p. 19½ cm .
505 3002 287 39 Illustrated
826 3003 96 45 t.-p.
955 3011 59 29 on
1046 3000 26 39 2
1102 3001 177 39 leaves.

437 3056 52 52 ©
525 3060 117 46 July
677 3060 39 45 7,
753 3058 141 45 1933;
932 3058 67 39 2c.
1037 3058 95 38 and
1169 3057 82 39 aff.
1289 3056 118 47 July
1442 3056 52 46 8;
1533 3055 41 39 A
1610 3054 171 48 63529;
1822 3055 52 40 E.
1913 3055 177 46 Hatch,
2129 3053 315 48 Cedarhurst,

504 3118 133 46 Long
675 3117 181 44 Island,
896 3114 56 43 N.
990 3115 53 39 Y.
1115 3113 282 49 (33-17672)

430 3220 307 63 Hazelton,
765 3221 138 51 Mrs.
930 3219 158 53 Julia
1114 3216 286 66 Baldwin,
1428 3217 88 54 ed.

501 3298 168 53 Wine
702 3298 64 53 of
797 3297 133 66 life;
966 3316 69 33 an
1072 3296 313 68 anthology
1418 3295 64 52 of
1513 3295 350 53 short-short
1894 3294 220 65 stories,
2145 3293 190 53 edited
2370 3293 74 69 by

429 3373 2016 69 Julia Baldwin Hazelton … [Hollywood, Calif., The Cloister
432 3475 155 50 press
617 3457 62 52 of
707 3456 367 68 Hollywood,
1101 3463 18 21 c
1125 3459 153 62 1933]

505 3530 660 48 5 p. l., 13-135 p. 19½ m .
509 3582 1939 52 "Stories chosen from many written in the last years by the students
436 3646 52 40 of
518 3647 79 39 the
625 3645 227 40 Creative
881 3644 198 47 writing
1107 3644 322 47 department,
1461 3642 287 47 Hollywood
1779 3640 205 48 evening
2012 3640 114 46 high
2157 3639 206 40 school.”

440 3700 52 52 ©
523 3705 127 38 June
681 3703 68 41 19.
780 3702 113 40 1933
953 3702 65 39 2c.
1051 3702 100 39 and
1178 3700 81 40 aff.
1293 3700 116 47 July
1439 3700 84 46 22;
1556 3699 38 38 A
1626 3698 171 40 63656:
1832 3698 43 40 J.
1908 3698 52 40 B.
1995 3697 254 41 Hazelton.
508 3695 1920 112 Hollywood,
689 3761 145 40 Calif.
906 3761 13 47 (CA
1006 3759 175 39 33-663
1202 3756 236 48 Unrev’d)

433 3862 363 67 Hillebrand,
827 3863 222 53 Harold
1079 3862 336 65 Newcomb,
1450 3863 172 53 1887-

511 3932 1932 76 Edmund Kean, by Harold Newcomb Hillebrand … New
447 4019 173 68 York,
651 4019 295 54 Columbia
980 4018 316 67 university
1325 4034 173 50 press,
1528 4018 150 51 1933.
