2575 4405
1059 4086 99 51 127

64 456 245 64 Riddell,
340 455 295 53 Florence.

133 533 236 68 Luxury
403 530 159 52 liner.
643 527 361 67 [Instalment
1034 527 33 48 4]

170 607 61 40 (In
257 603 209 42 Woman
494 599 95 43 and
617 599 199 51 beauty,
846 596 132 50 Feb.,
1010 594 142 51 1933)

75 653 1977 128 © 1c. Mar. 9, 1933; A ad int. 17572; pubd. Jan. 13; F. Riddell, ℅ Barclays bank ltd , London.
71 831 381 67 Riesenberg,
483 829 183 67 Felix,
699 833 171 51 1879-

141 911 123 68 Log
294 908 63 53 of
387 909 95 54 the
512 926 107 50 sea,
652 906 72 68 by
758 903 166 54 Felix
955 902 359 68 Riesenberg.
1382 899 137 54 New
1554 897 179 69 York,
1763 897 309 60 Harcourt,

75 988 176 54 Brace
281 986 114 54 and
423 1002 276 51 company
735 1017 13 35 [
753 989 18 23 c
776 984 134 50 1933
915 1015 14 35 ]

141 1069 78 39 xv,
247 1057 88 42 359
358 1068 46 38 p.
457 1057 57 39 22
516 1059 44 21 cm
565 1089 8 7 .

77 1120 1980 116 © Jan. 26, 1933; 2c. and aff. Feb. 6; A 59322; F. Riesenberg, Bronxville, N. Y. (33-3464)
70 1293 184 63 Ruck,
282 1292 202 52 Berta.

146 1367 234 70 Change
409 1368 132 50 here
572 1365 92 54 for
694 1364 325 69 happiness.
1095 1364 131 53 Jan.
1258 1365 85 65 21,
1371 1364 85 65 28,
1486 1361 136 53 Feb.
1652 1362 51 66 4,
1735 1364 84 63 11,
1851 1361 152 51 1933.

178 1444 61 39 (In
267 1436 250 46 Woman’s
547 1435 115 52 life)

82 1500 1995 62 © 1c. each Mar. 14, 1933; A ad int. 17562; pubd. Jan. 14, 21, 28, Feb. 4;
152 1570 150 40 Berta
330 1568 139 39 Ruck
496 1566 176 48 Oliver,
701 1566 213 39 London.

78 1672 269 65 Ruffner,
373 1669 318 65 Benjamin
717 1670 80 54 M.

149 1748 289 54 Practical
464 1748 136 67 frog
628 1746 238 68 raising,
893 1746 74 68 by
997 1745 309 69 Benjamin
1334 1746 80 52 M.
1443 1741 259 57 Ruffner.
1777 1743 302 69 Jennings,

81 1829 119 69 La.,
225 1828 122 52 The
376 1825 287 57 Southern
691 1826 136 67 frog
853 1825 182 52 farms
1068 1856 13 35 [
1085 1829 18 21 c
1108 1826 153 63 1933]

151 1900 237 52 80 p. 19 cm.
155 1971 170 43 “Some
353 1967 327 52 publications
707 1978 63 31 on
798 1966 195 51 frogs”:
1024 1978 46 39 p.
1099 1966 158 42 77-80.

88 2039 52 52 ©
175 2041 108 42 Jan.
317 2042 69 45 14,
420 2039 141 48 1933;
596 2039 69 42 2c.
699 2040 95 39 and
829 2038 81 41 aff.
946 2039 110 40 Jan.
1091 2038 82 47 18;
1209 2038 41 39 A
1284 2038 170 47 60153;
1494 2037 243 42 Southern
1770 2037 113 48 frog
1916 2034 170 43 farms.

166 2097 249 51 (33-3572)

86 2199 318 68 Saunders,
438 2199 247 56 Charles
715 2198 265 66 Francis,
1015 2203 160 51 1859-

155 2278 263 57 Western
453 2278 136 54 wild
625 2278 219 53 flowers
880 2278 112 53 and
1026 2276 150 55 their
1211 2277 217 68 stories,
1462 2276 76 71 by
1574 2277 237 56 Charles
1847 2277 238 56 Francis

89 2356 303 57 Saunders.
469 2356 232 56 Garden
726 2357 154 67 City,
903 2357 69 55 N.
1000 2357 91 68 Y.,
1113 2355 357 69 Doubleday,
1495 2356 200 53 Doran
1720 2359 46 50 &
1790 2374 298 52 company,

87 2436 127 69 inc.,
250 2440 150 50 1933.

159 2506 1110 52 xiv p., 1 l., 320 p. front., plates. 23½ cm .
163 2578 173 41 “Facts
364 2577 271 49 respecting
659 2576 369 42 characteristic
1054 2577 115 41 wild
1194 2577 190 40 flowers
1410 2576 51 41 of
1487 2576 81 42 the
1594 2577 177 40 Pacific
1798 2579 168 47 states,
1995 2579 91 39 and

91 2635 259 49 especially
384 2633 565 44 California.”—Introd.

162 2691 162 43 “First
355 2692 227 41 edition.”

98 2754 1996 60 © Jan. 3, 1933; 2c. and aff. Jan. 5; A 59090; C. F. Saunders, Pasadena.
165 2819 144 42 Calif.
379 2817 251 50 (33-3403)

95 2919 218 68 Seldes,
345 2920 227 57 Gilbert
601 2920 233 68 Vivian,
866 2927 171 50 1893-

166 2999 121 56 The
322 3016 164 51 years
521 3000 64 53 of
621 3001 97 55 the
751 3001 186 53 locust
977 2999 313 72 (America,
1327 3002 338 69 1929-1932)
1719 3035 15 35 [
1737 3002 93 69 by]
1872 3001 225 56 Gilbert

100 3072 1763 80 Seldes … Boston, Little, Brown, and company, 1933.
168 3147 1701 57 6 p. l., [3]-355 p. front., plates, facsims., fold, diagr. 22½ cm .
103 3213 1996 62 © Feb. 3, 1933; 2c. and aff. Feb. 7; A 60192; Gilbert Seldes, New York.
181 3277 252 51 (33-3590)

100 3376 235 69 Shafer,
365 3381 241 64 Robert,
639 3384 171 49 1889-
1024 3382 83 54 ed.

172 3455 376 56 Seventeenth
591 3463 235 64 century
869 3457 230 70 studies,
1139 3458 72 68 by
1252 3458 275 55 members
1568 3460 63 52 of
1671 3460 97 52 the
1808 3458 291 57 Graduate

104 3529 1935 79 school, University of Cincinnati; edited by Robert Shafer …
105 3609 321 70 Princeton,
473 3609 305 56 Princeton
822 3609 315 73 university
1182 3631 156 51 press
1384 3612 92 54 for
1519 3614 97 56 the
1658 3613 337 73 University
2040 3615 62 53 of

109 3685 345 71 Cincinnati,
478 3691 150 51 1933.

175 3755 791 55 viii p., 2 l., [3]-335 p. 23½ cm .
453 3830 225 50 CONTENTS.—Philip
704 3831 287 51 Massinger,
1019 3834 59 49 by
1105 3835 54 40 B.
1185 3835 53 40 T.
1267 3834 411 48 Spencer.—John
1708 3838 141 48 Ford,
1876 3839 61 48 by
1963 3838 140 49 Mary

109 3885 51 41 E.
186 3885 565 44 Cochnower.—Samuel
778 3889 188 49 Butler,
991 3891 61 47 by
1078 3891 109 39 Dan
1214 3891 194 49 Gibson,
1434 3892 61 49 jr.

116 3949 1977 68 © Feb. 1, 1933; 2c. Feb. 2; aff. Feb. 3; A 59250; Princeton univ. press
195 4013 248 51 (33-3378)
