<alto xmlns="http://www.loc.gov/standards/alto/ns-v3#" xmlns:xlink="http://www.w3.org/1999/xlink" xmlns:xsi="http://www.w3.org/2001/XMLSchema-instance" xsi:schemaLocation="http://www.loc.gov/standards/alto/ns-v3# http://www.loc.gov/alto/v3/alto-3-0.xsd"><Description>
<MeasurementUnit>pixel</MeasurementUnit>
<sourceImageInformation>
<fileName>1933_v1_Part1.pdf</fileName>
</sourceImageInformation>
<OCRProcessing ID="IdOcr">
<ocrProcessingStep>
<processingDateTime>2019-01-03</processingDateTime>
<processingSoftware>
<softwareCreator>ABBYY</softwareCreator>
<softwareName>ABBYY Recognition Server</softwareName>
<softwareVersion>4.0</softwareVersion>
</processingSoftware>
</ocrProcessingStep>
</OCRProcessing>
</Description>
<Styles>
<ParagraphStyle ID="StyleId-FFFFFFFF-FFFF-FFFF-FFFF-FFFFFFFFFFFF-" ALIGN="Left" LEFT="0." RIGHT="0." FIRSTLINE="0."/>
<ParagraphStyle ID="StyleId-6EF5737A-DCEB-4126-A0CF-C5930BF7166A-" ALIGN="Left" LEFT="0." RIGHT="0." FIRSTLINE="0." LINESPACE="8.300000191"/>
<ParagraphStyle ID="StyleId-2DE44258-FD0B-41E1-B542-087C989B01A3-" ALIGN="Left" LEFT="0." RIGHT="0." FIRSTLINE="0." LINESPACE="12.19999981"/>
<ParagraphStyle ID="StyleId-CE3D254A-29D7-4DD7-B5F1-E0FC0EF29B05-" ALIGN="Left" LEFT="0." RIGHT="0." FIRSTLINE="-14." LINESPACE="8.619999886"/>
<ParagraphStyle ID="StyleId-C0E3A137-CE4F-4287-8A90-B599106709D0-" ALIGN="Left" LEFT="0." RIGHT="0." FIRSTLINE="-14." LINESPACE="12.19999981"/>
<ParagraphStyle ID="StyleId-50F26F0C-05DA-4C19-BA58-7A6AC4499BEE-" ALIGN="Left" LEFT="0." RIGHT="0." FIRSTLINE="-14." LINESPACE="11.06999969"/>
<ParagraphStyle ID="StyleId-5DDE65AF-512C-41E2-9B8E-095D6D99EF68-" ALIGN="Center" LEFT="0." RIGHT="0." FIRSTLINE="0." LINESPACE="11.89999962"/>
<ParagraphStyle ID="StyleId-0A81D7A5-6A62-4C52-915E-7768974C704D-" ALIGN="Left" LEFT="0." RIGHT="0." FIRSTLINE="0." LINESPACE="9.399999619"/>
<ParagraphStyle ID="StyleId-F7A0127F-6B48-4157-BB81-FE33E1E1A05B-" ALIGN="Block" LEFT="0." RIGHT="0." FIRSTLINE="-13." LINESPACE="10.63000011"/>
<ParagraphStyle ID="StyleId-E18C69F7-DBD7-48B1-805C-FCD96D0DA019-" ALIGN="Left" LEFT="0." RIGHT="0." FIRSTLINE="0." LINESPACE="11.64000034"/>
<ParagraphStyle ID="StyleId-98F15501-B611-4E83-8BB3-807E891F11F5-" ALIGN="Left" LEFT="0." RIGHT="0." FIRSTLINE="-14." LINESPACE="12.19999981"/>
<ParagraphStyle ID="StyleId-F4A78626-0BBC-4D12-94D9-A1AE75A9855F-" ALIGN="Left" LEFT="0." RIGHT="0." FIRSTLINE="0." LINESPACE="9.399999619"/>
<ParagraphStyle ID="StyleId-6A3F6F4C-D21B-4ADE-902F-7683F18ECEF3-" ALIGN="Left" LEFT="0." RIGHT="0." FIRSTLINE="0." LINESPACE="11.10000038"/>
</Styles>
<Layout>
<Page ID="Page1605" PHYSICAL_IMG_NR="1605" HEIGHT="4405" WIDTH="2484">
<TopMargin HEIGHT="513" WIDTH="2484" VPOS="0" HPOS="0">
</TopMargin>
<LeftMargin HEIGHT="3633" WIDTH="74" VPOS="513" HPOS="0">
</LeftMargin>
<RightMargin HEIGHT="3633" WIDTH="370" VPOS="513" HPOS="2114">
</RightMargin>
<BottomMargin HEIGHT="259" WIDTH="2484" VPOS="4146" HPOS="0">
</BottomMargin>
<PrintSpace HEIGHT="3633" WIDTH="2040" VPOS="513" HPOS="74">
<TextBlock ID="Page1605_Block1" HEIGHT="70" WIDTH="156" VPOS="4076" HPOS="1018" LANG="en-US" STYLEREFS="StyleId-03CCA83D-CA96-4847-95ED-8C3F50B6D10E-">
<TextLine HEIGHT="50" WIDTH="134" VPOS="4086" HPOS="1029">
<String CONTENT="1605" HEIGHT="50" WIDTH="134" VPOS="4086" HPOS="1029"/>
</TextLine>
</TextBlock>
<TextBlock ID="Page1605_Block2" HEIGHT="3571" WIDTH="2040" VPOS="513" HPOS="74" LANG="en-US" CS="1" STYLEREFS="StyleId-8CF84921-5CCD-4C50-9F5D-82392C481CA1-">
<Shape>
<Polygon POINTS="74,513 1172,513 1172,516 2114,516 2114,4018 822,4018 822,4084 74,4084 74,513"/>
</Shape>
<TextLine HEIGHT="68" WIDTH="1996" VPOS="524" HPOS="100" STYLEREFS="StyleId-03CCA83D-CA96-4847-95ED-8C3F50B6D10E-">
<String CONTENT="landlord" HEIGHT="53" WIDTH="265" VPOS="528" HPOS="100"/>
<SP HEIGHT="53" WIDTH="24" VPOS="528" HPOS="366"/>
<String CONTENT="and" HEIGHT="51" WIDTH="111" VPOS="530" HPOS="391"/>
<SP HEIGHT="51" WIDTH="24" VPOS="530" HPOS="503"/>
<String CONTENT="tenant," HEIGHT="59" WIDTH="213" VPOS="533" HPOS="528"/>
<SP HEIGHT="47" WIDTH="23" VPOS="545" HPOS="742"/>
<String CONTENT="of" HEIGHT="52" WIDTH="64" VPOS="526" HPOS="766"/>
<SP HEIGHT="53" WIDTH="21" VPOS="526" HPOS="831"/>
<String CONTENT="mechanics&#8217;" HEIGHT="54" WIDTH="336" VPOS="526" HPOS="853"/>
<SP HEIGHT="51" WIDTH="24" VPOS="526" HPOS="1190"/>
<String CONTENT="liens," HEIGHT="65" WIDTH="158" VPOS="526" HPOS="1215"/>
<SP HEIGHT="47" WIDTH="25" VPOS="544" HPOS="1374"/>
<String CONTENT="of" HEIGHT="53" WIDTH="63" VPOS="524" HPOS="1400"/>
<SP HEIGHT="53" WIDTH="22" VPOS="524" HPOS="1464"/>
<String CONTENT="miscellaneous" HEIGHT="53" WIDTH="425" VPOS="524" HPOS="1487"/>
<SP HEIGHT="52" WIDTH="24" VPOS="525" HPOS="1913"/>
<String CONTENT="liens," HEIGHT="64" WIDTH="158" VPOS="524" HPOS="1938"/>
</TextLine>
<TextLine HEIGHT="71" WIDTH="1990" VPOS="602" HPOS="103" STYLEREFS="StyleId-03CCA83D-CA96-4847-95ED-8C3F50B6D10E-">
<String CONTENT="of" HEIGHT="54" WIDTH="64" VPOS="605" HPOS="103"/>
<SP HEIGHT="53" WIDTH="37" VPOS="605" HPOS="168"/>
<String CONTENT="mortgages" HEIGHT="62" WIDTH="325" VPOS="611" HPOS="206"/>
<SP HEIGHT="34" WIDTH="42" VPOS="624" HPOS="532"/>
<String CONTENT="of" HEIGHT="52" WIDTH="63" VPOS="606" HPOS="575"/>
<SP HEIGHT="65" WIDTH="42" VPOS="606" HPOS="639"/>
<String CONTENT="personal" HEIGHT="67" WIDTH="263" VPOS="604" HPOS="682"/>
<SP HEIGHT="66" WIDTH="42" VPOS="604" HPOS="946"/>
<String CONTENT="property," HEIGHT="62" WIDTH="293" VPOS="609" HPOS="989"/>
<SP HEIGHT="50" WIDTH="42" VPOS="621" HPOS="1283"/>
<String CONTENT="and" HEIGHT="52" WIDTH="112" VPOS="603" HPOS="1326"/>
<SP HEIGHT="52" WIDTH="45" VPOS="603" HPOS="1439"/>
<String CONTENT="of" HEIGHT="52" WIDTH="63" VPOS="602" HPOS="1485"/>
<SP HEIGHT="51" WIDTH="42" VPOS="602" HPOS="1549"/>
<String CONTENT="notaries" HEIGHT="53" WIDTH="248" VPOS="602" HPOS="1592"/>
<SP HEIGHT="48" WIDTH="46" VPOS="621" HPOS="1841"/>
<String CONTENT="public." HEIGHT="66" WIDTH="205" VPOS="603" HPOS="1888"/>
</TextLine>
<TextLine HEIGHT="68" WIDTH="1933" VPOS="681" HPOS="101" STYLEREFS="StyleId-03CCA83D-CA96-4847-95ED-8C3F50B6D10E-" CS="1">
<String CONTENT="With" HEIGHT="53" WIDTH="162" VPOS="684" HPOS="101"/>
<SP HEIGHT="52" WIDTH="38" VPOS="683" HPOS="264"/>
<String CONTENT="forms." HEIGHT="53" WIDTH="194" VPOS="683" HPOS="303"/>
<SP HEIGHT="49" WIDTH="74" VPOS="686" HPOS="498"/>
<String CONTENT="2d" HEIGHT="51" WIDTH="72" VPOS="684" HPOS="573"/>
<SP HEIGHT="51" WIDTH="36" VPOS="684" HPOS="646"/>
<String CONTENT="ed.," HEIGHT="66" WIDTH="102" VPOS="683" HPOS="683"/>
<SP HEIGHT="47" WIDTH="36" VPOS="702" HPOS="786"/>
<String CONTENT="rev." HEIGHT="35" WIDTH="112" VPOS="700" HPOS="823"/>
<SP HEIGHT="34" WIDTH="37" VPOS="701" HPOS="936"/>
<String CONTENT="and" HEIGHT="51" WIDTH="113" VPOS="683" HPOS="974"/>
<SP HEIGHT="51" WIDTH="36" VPOS="683" HPOS="1088"/>
<String CONTENT="enl." HEIGHT="52" WIDTH="106" VPOS="682" HPOS="1125"/>
<SP HEIGHT="51" WIDTH="75" VPOS="682" HPOS="1232"/>
<String CONTENT="By" HEIGHT="65" WIDTH="89" VPOS="682" HPOS="1308"/>
<SP HEIGHT="65" WIDTH="36" VPOS="682" HPOS="1398"/>
<String CONTENT="Arthur" HEIGHT="52" WIDTH="225" VPOS="681" HPOS="1435"/>
<SP HEIGHT="51" WIDTH="36" VPOS="681" HPOS="1661"/>
<String CONTENT="K." HEIGHT="51" WIDTH="73" VPOS="681" HPOS="1698"/>
<SP HEIGHT="51" WIDTH="38" VPOS="682" HPOS="1772"/>
<String CONTENT="Dame" HEIGHT="51" WIDTH="182" VPOS="682" HPOS="1811"/>
<SP HEIGHT="35" WIDTH="40" VPOS="699" HPOS="1994"/>
<String CS="1" CONTENT="&#8230;"/>
</TextLine>
<TextLine HEIGHT="68" WIDTH="1545" VPOS="759" HPOS="103" STYLEREFS="StyleId-03CCA83D-CA96-4847-95ED-8C3F50B6D10E-">
<String CONTENT="St." HEIGHT="55" WIDTH="83" VPOS="761" HPOS="103"/>
<SP HEIGHT="52" WIDTH="26" VPOS="762" HPOS="187"/>
<String CONTENT="Louis," HEIGHT="66" WIDTH="190" VPOS="761" HPOS="214"/>
<SP HEIGHT="65" WIDTH="24" VPOS="762" HPOS="405"/>
<String CONTENT="Mo.," HEIGHT="65" WIDTH="134" VPOS="762" HPOS="430"/>
<SP HEIGHT="65" WIDTH="25" VPOS="762" HPOS="565"/>
<String CONTENT="Thomas" HEIGHT="51" WIDTH="248" VPOS="762" HPOS="591"/>
<SP HEIGHT="53" WIDTH="24" VPOS="760" HPOS="840"/>
<String CONTENT="law" HEIGHT="52" WIDTH="109" VPOS="760" HPOS="865"/>
<SP HEIGHT="53" WIDTH="22" VPOS="759" HPOS="975"/>
<String CONTENT="book" HEIGHT="52" WIDTH="148" VPOS="759" HPOS="998"/>
<SP HEIGHT="52" WIDTH="23" VPOS="759" HPOS="1147"/>
<String CONTENT="company," HEIGHT="49" WIDTH="297" VPOS="777" HPOS="1171"/>
<SP HEIGHT="61" WIDTH="29" VPOS="764" HPOS="1469"/>
<String CONTENT="1933." HEIGHT="49" WIDTH="149" VPOS="762" HPOS="1499"/>
</TextLine>
<TextLine HEIGHT="50" WIDTH="731" VPOS="833" HPOS="175" CS="1">
<String CONTENT="2" HEIGHT="40" WIDTH="27" VPOS="834" HPOS="175"/>
<SP HEIGHT="49" WIDTH="24" VPOS="834" HPOS="203"/>
<String LANG="fr" CONTENT="p." HEIGHT="39" WIDTH="42" VPOS="844" HPOS="228"/>
<SP HEIGHT="40" WIDTH="24" VPOS="836" HPOS="271"/>
<String LANG="fr" CS="1" CONTENT="l"/>
<String CS="1" CONTENT=".," HEIGHT="7" WIDTH="7" VPOS="870" HPOS="318"/>
<SP/>
<String CONTENT="iii-xi," HEIGHT="49" WIDTH="150" VPOS="833" HPOS="367"/>
<SP HEIGHT="49" WIDTH="26" VPOS="833" HPOS="518"/>
<String CONTENT="1286" HEIGHT="41" WIDTH="113" VPOS="833" HPOS="545"/>
<SP HEIGHT="49" WIDTH="27" VPOS="833" HPOS="659"/>
<String CONTENT="p." HEIGHT="38" WIDTH="42" VPOS="844" HPOS="687"/>
<SP HEIGHT="40" WIDTH="58" VPOS="833" HPOS="730"/>
<String CONTENT="24" HEIGHT="40" WIDTH="56" VPOS="833" HPOS="789"/>
<String STYLE="superscript" CONTENT="cm" HEIGHT="21" WIDTH="43" VPOS="835" HPOS="848"/>
<String CONTENT="." HEIGHT="10" WIDTH="9" VPOS="864" HPOS="897"/>
</TextLine>
<TextLine HEIGHT="107" WIDTH="1979" VPOS="902" HPOS="108" CS="1">
<String CONTENT="&#169;" HEIGHT="51" WIDTH="51" VPOS="902" HPOS="108"/>
<SP HEIGHT="51" WIDTH="28" VPOS="902" HPOS="160"/>
<String CONTENT="Nov." HEIGHT="39" WIDTH="117" VPOS="906" HPOS="189"/>
<SP HEIGHT="39" WIDTH="28" VPOS="906" HPOS="307"/>
<String CONTENT="13," HEIGHT="46" WIDTH="68" VPOS="905" HPOS="336"/>
<SP HEIGHT="46" WIDTH="29" VPOS="905" HPOS="405"/>
<String CS="1" CONTENT="1933;" HEIGHT="39" WIDTH="112" VPOS="905" HPOS="435"/>
<SP HEIGHT="46" WIDTH="29" VPOS="905" HPOS="576"/>
<String CONTENT="2c." HEIGHT="39" WIDTH="68" VPOS="905" HPOS="606"/>
<SP HEIGHT="39" WIDTH="28" VPOS="905" HPOS="675"/>
<String CONTENT="Nov." HEIGHT="39" WIDTH="116" VPOS="905" HPOS="704"/>
<SP HEIGHT="37" WIDTH="31" VPOS="905" HPOS="821"/>
<String CONTENT="15;" HEIGHT="46" WIDTH="81" VPOS="905" HPOS="853"/>
<SP HEIGHT="36" WIDTH="31" VPOS="915" HPOS="935"/>
<String CONTENT="aff." HEIGHT="40" WIDTH="80" VPOS="903" HPOS="967"/>
<SP HEIGHT="39" WIDTH="31" VPOS="904" HPOS="1048"/>
<String CONTENT="Nov." HEIGHT="40" WIDTH="118" VPOS="904" HPOS="1080"/>
<SP HEIGHT="39" WIDTH="30" VPOS="905" HPOS="1199"/>
<String CONTENT="16;" HEIGHT="46" WIDTH="81" VPOS="903" HPOS="1230"/>
<SP HEIGHT="46" WIDTH="32" VPOS="903" HPOS="1312"/>
<!-- cceid 4A5B855A-6CF9-1014-A6CF-A82867D68027 --><String CONTENT="A" HEIGHT="38" WIDTH="43" VPOS="903" HPOS="1345"/>
<SP HEIGHT="39" WIDTH="25" VPOS="902" HPOS="1389"/>
<String CONTENT="67137;" HEIGHT="46" WIDTH="169" VPOS="902" HPOS="1415"/>
<SP HEIGHT="46" WIDTH="32" VPOS="902" HPOS="1585"/>
<String CONTENT="A." HEIGHT="39" WIDTH="53" VPOS="902" HPOS="1618"/>
<SP HEIGHT="38" WIDTH="32" VPOS="903" HPOS="1672"/>
<String CONTENT="K." HEIGHT="37" WIDTH="56" VPOS="903" HPOS="1705"/>
<SP HEIGHT="38" WIDTH="32" VPOS="903" HPOS="1762"/>
<String CONTENT="Dame," HEIGHT="46" WIDTH="166" VPOS="903" HPOS="1795"/>
<SP HEIGHT="46" WIDTH="32" VPOS="903" HPOS="1962"/>
<String CONTENT="Fremont," HEIGHT="106" WIDTH="1916" VPOS="903" HPOS="171"/>
<SP HEIGHT="47" WIDTH="24" VPOS="962" HPOS="318"/>
<String CONTENT="Neb." HEIGHT="39" WIDTH="114" VPOS="962" HPOS="343"/>
<SP HEIGHT="48" WIDTH="70" VPOS="960" HPOS="458"/>
<String CONTENT="(33-34478)" HEIGHT="48" WIDTH="279" VPOS="960" HPOS="529"/>
</TextLine>
<TextLine HEIGHT="65" WIDTH="1108" VPOS="1063" HPOS="103" STYLEREFS="StyleId-7BA4FEF0-3239-4BA4-8659-8B432F269F6A-">
<String CONTENT="Daniel," HEIGHT="65" WIDTH="225" VPOS="1063" HPOS="103"/>
<SP HEIGHT="63" WIDTH="28" VPOS="1065" HPOS="329"/>
<String CONTENT="John" HEIGHT="53" WIDTH="154" VPOS="1065" HPOS="358"/>
<SP HEIGHT="53" WIDTH="28" VPOS="1063" HPOS="513"/>
<String CONTENT="Warwick," HEIGHT="60" WIDTH="310" VPOS="1063" HPOS="542"/>
<SP HEIGHT="55" WIDTH="31" VPOS="1068" HPOS="853"/>
<String CONTENT="1842-1910." HEIGHT="49" WIDTH="326" VPOS="1066" HPOS="885"/>
</TextLine>
<TextLine HEIGHT="68" WIDTH="1932" VPOS="1139" HPOS="168" STYLEREFS="StyleId-03CCA83D-CA96-4847-95ED-8C3F50B6D10E-">
<String CONTENT="A" HEIGHT="52" WIDTH="56" VPOS="1142" HPOS="168"/>
<SP HEIGHT="52" WIDTH="34" VPOS="1142" HPOS="225"/>
<String CONTENT="treatise" HEIGHT="52" WIDTH="230" VPOS="1141" HPOS="260"/>
<SP HEIGHT="35" WIDTH="35" VPOS="1159" HPOS="491"/>
<String CONTENT="on" HEIGHT="34" WIDTH="71" VPOS="1160" HPOS="527"/>
<SP HEIGHT="48" WIDTH="37" VPOS="1144" HPOS="599"/>
<String CONTENT="the" HEIGHT="52" WIDTH="97" VPOS="1140" HPOS="637"/>
<SP HEIGHT="50" WIDTH="33" VPOS="1143" HPOS="735"/>
<String CONTENT="law" HEIGHT="50" WIDTH="110" VPOS="1143" HPOS="769"/>
<SP HEIGHT="33" WIDTH="37" VPOS="1159" HPOS="880"/>
<String CONTENT="of" HEIGHT="53" WIDTH="64" VPOS="1139" HPOS="918"/>
<SP HEIGHT="52" WIDTH="35" VPOS="1139" HPOS="983"/>
<String CONTENT="negotiable" HEIGHT="68" WIDTH="321" VPOS="1139" HPOS="1019"/>
<SP HEIGHT="53" WIDTH="36" VPOS="1139" HPOS="1341"/>
<String CONTENT="instruments," HEIGHT="67" WIDTH="388" VPOS="1139" HPOS="1378"/>
<SP HEIGHT="66" WIDTH="35" VPOS="1140" HPOS="1767"/>
<String CONTENT="including" HEIGHT="68" WIDTH="297" VPOS="1139" HPOS="1803"/>
</TextLine>
<TextLine HEIGHT="69" WIDTH="1996" VPOS="1217" HPOS="104" STYLEREFS="StyleId-03CCA83D-CA96-4847-95ED-8C3F50B6D10E-">
<String CONTENT="bills" HEIGHT="52" WIDTH="128" VPOS="1220" HPOS="104"/>
<SP HEIGHT="34" WIDTH="46" VPOS="1238" HPOS="233"/>
<String CONTENT="of" HEIGHT="53" WIDTH="64" VPOS="1218" HPOS="280"/>
<SP HEIGHT="54" WIDTH="45" VPOS="1218" HPOS="345"/>
<String CONTENT="exchange;" HEIGHT="68" WIDTH="314" VPOS="1218" HPOS="391"/>
<SP HEIGHT="49" WIDTH="49" VPOS="1236" HPOS="706"/>
<String CONTENT="promissory" HEIGHT="68" WIDTH="350" VPOS="1217" HPOS="756"/>
<SP HEIGHT="49" WIDTH="46" VPOS="1236" HPOS="1107"/>
<String CONTENT="notes;" HEIGHT="63" WIDTH="186" VPOS="1222" HPOS="1154"/>
<SP HEIGHT="49" WIDTH="50" VPOS="1236" HPOS="1341"/>
<String CONTENT="negotiable" HEIGHT="68" WIDTH="322" VPOS="1217" HPOS="1392"/>
<SP HEIGHT="52" WIDTH="46" VPOS="1218" HPOS="1715"/>
<String CONTENT="bonds" HEIGHT="53" WIDTH="179" VPOS="1217" HPOS="1762"/>
<SP HEIGHT="33" WIDTH="47" VPOS="1237" HPOS="1942"/>
<String CONTENT="and" HEIGHT="53" WIDTH="110" VPOS="1217" HPOS="1990"/>
</TextLine>
<TextLine HEIGHT="70" WIDTH="2001" VPOS="1294" HPOS="100" STYLEREFS="StyleId-03CCA83D-CA96-4847-95ED-8C3F50B6D10E-" CS="1">
<String CS="1" CONTENT="coupons;" HEIGHT="49" WIDTH="246" VPOS="1315" HPOS="100"/>
<SP HEIGHT="48" WIDTH="26" VPOS="1315" HPOS="374"/>
<String CS="1" CONTENT="checks;" HEIGHT="52" WIDTH="197" VPOS="1297" HPOS="401"/>
<SP HEIGHT="65" WIDTH="27" VPOS="1297" HPOS="627"/>
<String CONTENT="bank" HEIGHT="52" WIDTH="151" VPOS="1296" HPOS="655"/>
<SP HEIGHT="52" WIDTH="21" VPOS="1296" HPOS="807"/>
<String CS="1" CONTENT="notes;" HEIGHT="48" WIDTH="158" VPOS="1301" HPOS="829"/>
<SP HEIGHT="48" WIDTH="27" VPOS="1314" HPOS="1016"/>
<String CONTENT="certificates" HEIGHT="54" WIDTH="332" VPOS="1294" HPOS="1044"/>
<SP HEIGHT="33" WIDTH="24" VPOS="1315" HPOS="1377"/>
<String CONTENT="of" HEIGHT="52" WIDTH="62" VPOS="1296" HPOS="1402"/>
<SP HEIGHT="52" WIDTH="24" VPOS="1296" HPOS="1465"/>
<String CS="1" CONTENT="deposit;" HEIGHT="67" WIDTH="222" VPOS="1297" HPOS="1490"/>
<SP HEIGHT="47" WIDTH="27" VPOS="1315" HPOS="1740"/>
<String CONTENT="certificates" HEIGHT="55" WIDTH="333" VPOS="1295" HPOS="1768"/>
</TextLine>
<TextLine HEIGHT="69" WIDTH="2001" VPOS="1373" HPOS="100" STYLEREFS="StyleId-03CCA83D-CA96-4847-95ED-8C3F50B6D10E-">
<String CONTENT="of" HEIGHT="52" WIDTH="64" VPOS="1375" HPOS="100"/>
<SP HEIGHT="53" WIDTH="27" VPOS="1375" HPOS="165"/>
<String CONTENT="stock;" HEIGHT="66" WIDTH="184" VPOS="1375" HPOS="193"/>
<SP HEIGHT="66" WIDTH="31" VPOS="1375" HPOS="378"/>
<String CONTENT="bills" HEIGHT="52" WIDTH="130" VPOS="1375" HPOS="410"/>
<SP HEIGHT="34" WIDTH="30" VPOS="1393" HPOS="541"/>
<String CONTENT="of" HEIGHT="52" WIDTH="63" VPOS="1374" HPOS="572"/>
<SP HEIGHT="52" WIDTH="28" VPOS="1374" HPOS="636"/>
<String CONTENT="credit;" HEIGHT="66" WIDTH="208" VPOS="1375" HPOS="665"/>
<SP HEIGHT="66" WIDTH="32" VPOS="1375" HPOS="874"/>
<String CONTENT="bills" HEIGHT="54" WIDTH="131" VPOS="1373" HPOS="907"/>
<SP HEIGHT="34" WIDTH="29" VPOS="1393" HPOS="1039"/>
<String CONTENT="of" HEIGHT="53" WIDTH="65" VPOS="1373" HPOS="1069"/>
<SP HEIGHT="52" WIDTH="27" VPOS="1373" HPOS="1135"/>
<String CONTENT="lading;" HEIGHT="68" WIDTH="227" VPOS="1374" HPOS="1163"/>
<SP HEIGHT="49" WIDTH="33" VPOS="1393" HPOS="1391"/>
<String CONTENT="guaranties;" HEIGHT="68" WIDTH="356" VPOS="1374" HPOS="1425"/>
<SP HEIGHT="65" WIDTH="31" VPOS="1376" HPOS="1782"/>
<String CONTENT="letters" HEIGHT="52" WIDTH="193" VPOS="1376" HPOS="1814"/>
<SP HEIGHT="33" WIDTH="29" VPOS="1395" HPOS="2008"/>
<String CONTENT="of" HEIGHT="53" WIDTH="63" VPOS="1375" HPOS="2038"/>
</TextLine>
<TextLine HEIGHT="133" WIDTH="1976" VPOS="1452" HPOS="99" STYLEREFS="StyleId-03CCA83D-CA96-4847-95ED-8C3F50B6D10E-" CS="1">
<String CONTENT="credit;" HEIGHT="66" WIDTH="206" VPOS="1454" HPOS="99"/>
<SP HEIGHT="47" WIDTH="34" VPOS="1473" HPOS="306"/>
<String CONTENT="and" HEIGHT="51" WIDTH="111" VPOS="1455" HPOS="341"/>
<SP HEIGHT="51" WIDTH="30" VPOS="1455" HPOS="453"/>
<String CONTENT="circular" HEIGHT="52" WIDTH="242" VPOS="1454" HPOS="484"/>
<SP HEIGHT="32" WIDTH="28" VPOS="1473" HPOS="727"/>
<String CONTENT="notes," HEIGHT="59" WIDTH="176" VPOS="1461" HPOS="756"/>
<SP HEIGHT="66" WIDTH="27" VPOS="1454" HPOS="933"/>
<String CONTENT="by" HEIGHT="66" WIDTH="74" VPOS="1454" HPOS="961"/>
<SP HEIGHT="67" WIDTH="28" VPOS="1453" HPOS="1036"/>
<String CONTENT="John" HEIGHT="53" WIDTH="157" VPOS="1453" HPOS="1065"/>
<SP HEIGHT="52" WIDTH="28" VPOS="1454" HPOS="1223"/>
<String CONTENT="W." HEIGHT="52" WIDTH="89" VPOS="1454" HPOS="1252"/>
<SP HEIGHT="51" WIDTH="31" VPOS="1454" HPOS="1342"/>
<String CONTENT="Daniel" HEIGHT="53" WIDTH="207" VPOS="1452" HPOS="1374"/>
<SP HEIGHT="52" WIDTH="35" VPOS="1453" HPOS="1582"/>
<String CS="1" CONTENT="&#8230;"/>
<SP HEIGHT="52" WIDTH="76" VPOS="1454" HPOS="1675"/>
<String CONTENT="7th" HEIGHT="52" WIDTH="99" VPOS="1454" HPOS="1752"/>
<SP HEIGHT="52" WIDTH="30" VPOS="1454" HPOS="1852"/>
<String CONTENT="ed.," HEIGHT="66" WIDTH="103" VPOS="1454" HPOS="1883"/>
<SP HEIGHT="46" WIDTH="29" VPOS="1474" HPOS="1987"/>
<String CS="1" CONTENT="re-edited" HEIGHT="112" WIDTH="1975" VPOS="1473" HPOS="100"/>
<SP HEIGHT="52" WIDTH="32" VPOS="1533" HPOS="288"/>
<String CONTENT="and" HEIGHT="51" WIDTH="111" VPOS="1533" HPOS="321"/>
</TextLine>
<TextLine HEIGHT="69" WIDTH="1634" VPOS="1530" HPOS="467" STYLEREFS="StyleId-03CCA83D-CA96-4847-95ED-8C3F50B6D10E-" CS="1">
<String CONTENT="enl." HEIGHT="53" WIDTH="106" VPOS="1532" HPOS="467"/>
<SP HEIGHT="52" WIDTH="30" VPOS="1532" HPOS="574"/>
<String CONTENT="by" HEIGHT="67" WIDTH="74" VPOS="1532" HPOS="605"/>
<SP HEIGHT="68" WIDTH="30" VPOS="1531" HPOS="680"/>
<String CONTENT="Thomas" HEIGHT="53" WIDTH="248" VPOS="1531" HPOS="711"/>
<SP HEIGHT="53" WIDTH="30" VPOS="1531" HPOS="960"/>
<String CONTENT="H." HEIGHT="52" WIDTH="75" VPOS="1531" HPOS="991"/>
<SP HEIGHT="54" WIDTH="35" VPOS="1530" HPOS="1067"/>
<String CONTENT="Calvert" HEIGHT="54" WIDTH="233" VPOS="1530" HPOS="1103"/>
<SP HEIGHT="48" WIDTH="36" VPOS="1536" HPOS="1337"/>
<String CS="1" CONTENT="&#8230;"/>
<SP HEIGHT="53" WIDTH="78" VPOS="1531" HPOS="1430"/>
<String CONTENT="New" HEIGHT="52" WIDTH="138" VPOS="1531" HPOS="1509"/>
<SP HEIGHT="51" WIDTH="33" VPOS="1532" HPOS="1648"/>
<String CONTENT="York," HEIGHT="69" WIDTH="178" VPOS="1530" HPOS="1682"/>
<SP HEIGHT="67" WIDTH="32" VPOS="1532" HPOS="1861"/>
<String CONTENT="Baker," HEIGHT="67" WIDTH="207" VPOS="1531" HPOS="1894"/>
</TextLine>
<TextLine HEIGHT="66" WIDTH="624" VPOS="1610" HPOS="102" STYLEREFS="StyleId-03CCA83D-CA96-4847-95ED-8C3F50B6D10E-">
<String CONTENT="Voorhis" HEIGHT="53" WIDTH="243" VPOS="1610" HPOS="102"/>
<SP HEIGHT="50" WIDTH="27" VPOS="1612" HPOS="346"/>
<String CONTENT="&amp;" HEIGHT="50" WIDTH="46" VPOS="1612" HPOS="374"/>
<SP HEIGHT="50" WIDTH="26" VPOS="1612" HPOS="421"/>
<String CONTENT="co.," HEIGHT="48" WIDTH="97" VPOS="1628" HPOS="448"/>
<SP HEIGHT="62" WIDTH="30" VPOS="1614" HPOS="546"/>
<String CONTENT="1933." HEIGHT="49" WIDTH="149" VPOS="1612" HPOS="577"/>
</TextLine>
<TextLine HEIGHT="41" WIDTH="273" VPOS="1683" HPOS="169">
<String CONTENT="3" HEIGHT="40" WIDTH="26" VPOS="1684" HPOS="169"/>
<SP HEIGHT="40" WIDTH="26" VPOS="1684" HPOS="196"/>
<String CONTENT="v." HEIGHT="29" WIDTH="43" VPOS="1694" HPOS="223"/>
<SP HEIGHT="39" WIDTH="58" VPOS="1684" HPOS="267"/>
<String CONTENT="25" HEIGHT="40" WIDTH="56" VPOS="1683" HPOS="326"/>
<String STYLE="superscript" CONTENT="cm" HEIGHT="21" WIDTH="43" VPOS="1686" HPOS="385"/>
<String CONTENT="." HEIGHT="8" WIDTH="8" VPOS="1715" HPOS="434"/>
</TextLine>
<TextLine HEIGHT="48" WIDTH="544" VPOS="1740" HPOS="170">
<String CONTENT="Paged" HEIGHT="47" WIDTH="161" VPOS="1741" HPOS="170"/>
<SP HEIGHT="40" WIDTH="28" VPOS="1741" HPOS="332"/>
<String CONTENT="continuously." HEIGHT="47" WIDTH="353" VPOS="1740" HPOS="361"/>
</TextLine>
<TextLine HEIGHT="49" WIDTH="1090" VPOS="1794" HPOS="171" CS="1">
<String CONTENT="&#8220;Table" HEIGHT="39" WIDTH="176" VPOS="1798" HPOS="171"/>
<SP HEIGHT="28" WIDTH="25" VPOS="1809" HPOS="348"/>
<String CONTENT="of" HEIGHT="41" WIDTH="51" VPOS="1796" HPOS="374"/>
<SP HEIGHT="40" WIDTH="22" VPOS="1796" HPOS="426"/>
<String CONTENT="cases" HEIGHT="29" WIDTH="135" VPOS="1807" HPOS="449"/>
<SP HEIGHT="28" WIDTH="24" VPOS="1808" HPOS="585"/>
<String CS="1" CONTENT="cited&#8221;:" HEIGHT="41" WIDTH="154" VPOS="1795" HPOS="610"/>
<SP HEIGHT="28" WIDTH="29" VPOS="1807" HPOS="793"/>
<String LANG="fr" CONTENT="v." HEIGHT="27" WIDTH="39" VPOS="1808" HPOS="823"/>
<SP HEIGHT="38" WIDTH="28" VPOS="1797" HPOS="863"/>
<String CONTENT="1," HEIGHT="46" WIDTH="38" VPOS="1797" HPOS="892"/>
<SP HEIGHT="36" WIDTH="26" VPOS="1807" HPOS="931"/>
<String CONTENT="p." HEIGHT="36" WIDTH="41" VPOS="1807" HPOS="958"/>
<SP HEIGHT="28" WIDTH="26" VPOS="1807" HPOS="1000"/>
<String CONTENT="xix-cciv." HEIGHT="42" WIDTH="234" VPOS="1794" HPOS="1027"/>
</TextLine>
<TextLine HEIGHT="55" WIDTH="1999" VPOS="1852" HPOS="103" CS="1">
<String CONTENT="&#169;" HEIGHT="55" WIDTH="51" VPOS="1852" HPOS="103"/>
<SP HEIGHT="55" WIDTH="29" VPOS="1852" HPOS="155"/>
<String CONTENT="Nov." HEIGHT="40" WIDTH="117" VPOS="1856" HPOS="185"/>
<SP HEIGHT="40" WIDTH="27" VPOS="1856" HPOS="303"/>
<String CONTENT="16," HEIGHT="43" WIDTH="68" VPOS="1855" HPOS="331"/>
<SP HEIGHT="43" WIDTH="27" VPOS="1855" HPOS="400"/>
<String CS="1" CONTENT="1933;" HEIGHT="41" WIDTH="116" VPOS="1854" HPOS="428"/>
<SP HEIGHT="41" WIDTH="30" VPOS="1854" HPOS="569"/>
<String CONTENT="2c." HEIGHT="39" WIDTH="66" VPOS="1854" HPOS="600"/>
<SP HEIGHT="30" WIDTH="29" VPOS="1863" HPOS="667"/>
<String CONTENT="each" HEIGHT="39" WIDTH="118" VPOS="1854" HPOS="697"/>
<SP HEIGHT="39" WIDTH="28" VPOS="1854" HPOS="816"/>
<String CONTENT="and" HEIGHT="40" WIDTH="95" VPOS="1853" HPOS="845"/>
<SP HEIGHT="40" WIDTH="28" VPOS="1853" HPOS="941"/>
<String CONTENT="aff." HEIGHT="41" WIDTH="81" VPOS="1853" HPOS="970"/>
<SP HEIGHT="40" WIDTH="29" VPOS="1854" HPOS="1052"/>
<String CONTENT="Nov." HEIGHT="39" WIDTH="118" VPOS="1854" HPOS="1082"/>
<SP HEIGHT="38" WIDTH="31" VPOS="1854" HPOS="1201"/>
<String CONTENT="17;" HEIGHT="46" WIDTH="81" VPOS="1854" HPOS="1233"/>
<SP HEIGHT="47" WIDTH="31" VPOS="1853" HPOS="1315"/>
<!-- cceid 4A5BAC5A-6CF9-1014-A6CF-A82867D68027 --><String CONTENT="A" HEIGHT="39" WIDTH="42" VPOS="1853" HPOS="1347"/>
<SP HEIGHT="40" WIDTH="26" VPOS="1853" HPOS="1390"/>
<String CONTENT="68146;" HEIGHT="47" WIDTH="170" VPOS="1853" HPOS="1417"/>
<SP HEIGHT="45" WIDTH="32" VPOS="1855" HPOS="1588"/>
<String CONTENT="Baker," HEIGHT="46" WIDTH="175" VPOS="1855" HPOS="1621"/>
<SP HEIGHT="46" WIDTH="32" VPOS="1855" HPOS="1797"/>
<String CONTENT="Voorhis" HEIGHT="41" WIDTH="205" VPOS="1854" HPOS="1830"/>
<SP HEIGHT="40" WIDTH="30" VPOS="1855" HPOS="2036"/>
<String CONTENT="&amp;" HEIGHT="40" WIDTH="35" VPOS="1855" HPOS="2067"/>
</TextLine>
<TextLine HEIGHT="49" WIDTH="416" VPOS="1911" HPOS="174">
<String CONTENT="co." HEIGHT="28" WIDTH="65" VPOS="1923" HPOS="174"/>
<SP HEIGHT="47" WIDTH="70" VPOS="1913" HPOS="240"/>
<String CONTENT="(33-34552)" HEIGHT="49" WIDTH="279" VPOS="1911" HPOS="311"/>
</TextLine>
<TextLine HEIGHT="66" WIDTH="1120" VPOS="2012" HPOS="101" STYLEREFS="StyleId-7BA4FEF0-3239-4BA4-8659-8B432F269F6A-" CS="1">
<String CONTENT="Davis," HEIGHT="65" WIDTH="201" VPOS="2013" HPOS="101"/>
<SP HEIGHT="65" WIDTH="31" VPOS="2013" HPOS="303"/>
<String CONTENT="Carl" HEIGHT="55" WIDTH="133" VPOS="2013" HPOS="335"/>
<SP HEIGHT="53" WIDTH="28" VPOS="2013" HPOS="469"/>
<String CONTENT="Henry," HEIGHT="65" WIDTH="223" VPOS="2013" HPOS="498"/>
<SP HEIGHT="62" WIDTH="31" VPOS="2016" HPOS="722"/>
<String CS="1" CONTENT="1883-ed." HEIGHT="54" WIDTH="467" VPOS="2012" HPOS="754"/>
</TextLine>
<TextLine HEIGHT="70" WIDTH="1864" VPOS="2088" HPOS="170" STYLEREFS="StyleId-03CCA83D-CA96-4847-95ED-8C3F50B6D10E-" CS="1">
<String CONTENT="Gynecology" HEIGHT="68" WIDTH="362" VPOS="2090" HPOS="170"/>
<SP HEIGHT="49" WIDTH="36" VPOS="2109" HPOS="533"/>
<String CONTENT="and" HEIGHT="52" WIDTH="112" VPOS="2089" HPOS="570"/>
<SP HEIGHT="52" WIDTH="35" VPOS="2089" HPOS="683"/>
<String CONTENT="obstetrics," HEIGHT="69" WIDTH="309" VPOS="2088" HPOS="719"/>
<SP HEIGHT="50" WIDTH="34" VPOS="2107" HPOS="1029"/>
<String CONTENT="edited" HEIGHT="54" WIDTH="190" VPOS="2088" HPOS="1064"/>
<SP HEIGHT="53" WIDTH="35" VPOS="2089" HPOS="1255"/>
<String CONTENT="by" HEIGHT="69" WIDTH="74" VPOS="2089" HPOS="1291"/>
<SP HEIGHT="69" WIDTH="36" VPOS="2089" HPOS="1366"/>
<String CONTENT="Carl" HEIGHT="55" WIDTH="136" VPOS="2089" HPOS="1403"/>
<SP HEIGHT="52" WIDTH="33" VPOS="2089" HPOS="1540"/>
<String CONTENT="Henry" HEIGHT="68" WIDTH="202" VPOS="2090" HPOS="1574"/>
<SP HEIGHT="68" WIDTH="38" VPOS="2090" HPOS="1777"/>
<String CONTENT="Davis" HEIGHT="55" WIDTH="179" VPOS="2090" HPOS="1816"/>
<SP HEIGHT="33" WIDTH="38" VPOS="2112" HPOS="1996"/>
<String CS="1" CONTENT="&#8230;"/>
</TextLine>
<TextLine HEIGHT="70" WIDTH="1656" VPOS="2166" HPOS="102" STYLEREFS="StyleId-03CCA83D-CA96-4847-95ED-8C3F50B6D10E-">
<String CONTENT="Hagerstown," HEIGHT="67" WIDTH="392" VPOS="2169" HPOS="102"/>
<SP HEIGHT="69" WIDTH="30" VPOS="2167" HPOS="495"/>
<String LANG="fr" CONTENT="Md.," HEIGHT="69" WIDTH="139" VPOS="2167" HPOS="526"/>
<SP HEIGHT="69" WIDTH="31" VPOS="2167" HPOS="666"/>
<String CONTENT="W." HEIGHT="55" WIDTH="88" VPOS="2167" HPOS="698"/>
<SP HEIGHT="55" WIDTH="33" VPOS="2167" HPOS="787"/>
<String CONTENT="F." HEIGHT="55" WIDTH="63" VPOS="2167" HPOS="821"/>
<SP HEIGHT="53" WIDTH="33" VPOS="2169" HPOS="885"/>
<String CONTENT="Prior" HEIGHT="54" WIDTH="168" VPOS="2166" HPOS="919"/>
<SP HEIGHT="33" WIDTH="33" VPOS="2186" HPOS="1088"/>
<String CONTENT="company," HEIGHT="52" WIDTH="293" VPOS="2184" HPOS="1122"/>
<SP HEIGHT="70" WIDTH="30" VPOS="2166" HPOS="1416"/>
<String CONTENT="inc.," HEIGHT="69" WIDTH="127" VPOS="2166" HPOS="1447"/>
<SP HEIGHT="63" WIDTH="32" VPOS="2172" HPOS="1575"/>
<String CONTENT="1933." HEIGHT="52" WIDTH="150" VPOS="2170" HPOS="1608"/>
</TextLine>
<TextLine HEIGHT="51" WIDTH="1547" VPOS="2237" HPOS="168" CS="1">
<String CONTENT="3" HEIGHT="39" WIDTH="25" VPOS="2240" HPOS="168"/>
<SP/>
<String CONTENT="v." HEIGHT="29" WIDTH="41" VPOS="2250" HPOS="229"/>
<SP HEIGHT="40" WIDTH="63" VPOS="2239" HPOS="271"/>
<String CONTENT="illus." HEIGHT="40" WIDTH="125" VPOS="2239" HPOS="335"/>
<SP HEIGHT="47" WIDTH="30" VPOS="2239" HPOS="461"/>
<String CONTENT="(part" HEIGHT="47" WIDTH="135" VPOS="2239" HPOS="492"/>
<SP HEIGHT="37" WIDTH="34" VPOS="2242" HPOS="628"/>
<String CONTENT="col.)" HEIGHT="47" WIDTH="111" VPOS="2239" HPOS="663"/>
<SP HEIGHT="47" WIDTH="41" VPOS="2239" HPOS="775"/>
<String CONTENT="plates" HEIGHT="46" WIDTH="155" VPOS="2240" HPOS="817"/>
<SP HEIGHT="49" WIDTH="27" VPOS="2237" HPOS="973"/>
<String CONTENT="(part" HEIGHT="49" WIDTH="136" VPOS="2237" HPOS="1001"/>
<SP HEIGHT="37" WIDTH="32" VPOS="2242" HPOS="1138"/>
<String CONTENT="col.)" HEIGHT="47" WIDTH="112" VPOS="2240" HPOS="1171"/>
<SP HEIGHT="47" WIDTH="42" VPOS="2240" HPOS="1284"/>
<String CONTENT="diagrs." HEIGHT="49" WIDTH="179" VPOS="2239" HPOS="1327"/>
<SP HEIGHT="40" WIDTH="61" VPOS="2241" HPOS="1507"/>
<String CS="1" CONTENT="25&#189;cm." HEIGHT="42" WIDTH="146" VPOS="2240" HPOS="1569"/>
</TextLine>
<TextLine HEIGHT="41" WIDTH="286" VPOS="2296" HPOS="167">
<String CONTENT="Loose-leaf." HEIGHT="41" WIDTH="286" VPOS="2296" HPOS="167"/>
</TextLine>
<TextLine HEIGHT="49" WIDTH="1266" VPOS="2352" HPOS="169">
<String CONTENT="Bibliography" HEIGHT="49" WIDTH="348" VPOS="2352" HPOS="169"/>
<SP HEIGHT="37" WIDTH="30" VPOS="2363" HPOS="518"/>
<String CONTENT="at" HEIGHT="39" WIDTH="51" VPOS="2354" HPOS="549"/>
<SP HEIGHT="39" WIDTH="29" VPOS="2354" HPOS="601"/>
<String CONTENT="end" HEIGHT="39" WIDTH="91" VPOS="2353" HPOS="631"/>
<SP HEIGHT="39" WIDTH="29" VPOS="2353" HPOS="723"/>
<String CONTENT="of" HEIGHT="40" WIDTH="52" VPOS="2352" HPOS="753"/>
<SP HEIGHT="40" WIDTH="30" VPOS="2352" HPOS="806"/>
<String CONTENT="some" HEIGHT="29" WIDTH="129" VPOS="2363" HPOS="837"/>
<SP HEIGHT="28" WIDTH="31" VPOS="2364" HPOS="967"/>
<String CONTENT="of" HEIGHT="40" WIDTH="52" VPOS="2352" HPOS="999"/>
<SP HEIGHT="41" WIDTH="28" VPOS="2352" HPOS="1052"/>
<String CONTENT="the" HEIGHT="40" WIDTH="83" VPOS="2353" HPOS="1081"/>
<SP HEIGHT="29" WIDTH="29" VPOS="2364" HPOS="1165"/>
<String CONTENT="chapters," HEIGHT="48" WIDTH="240" VPOS="2353" HPOS="1195"/>
</TextLine>
<TextLine HEIGHT="53" WIDTH="1967" VPOS="2408" HPOS="101" CS="1">
<String LANG="fr" CONTENT="v." HEIGHT="29" WIDTH="40" VPOS="2425" HPOS="101"/>
<SP HEIGHT="39" WIDTH="27" VPOS="2415" HPOS="142"/>
<String CONTENT="1," HEIGHT="45" WIDTH="38" VPOS="2415" HPOS="170"/>
<SP HEIGHT="51" WIDTH="31" VPOS="2410" HPOS="209"/>
<String CONTENT="&#169;" HEIGHT="51" WIDTH="51" VPOS="2410" HPOS="241"/>
<SP HEIGHT="51" WIDTH="28" VPOS="2410" HPOS="293"/>
<String CONTENT="Oct." HEIGHT="40" WIDTH="99" VPOS="2414" HPOS="322"/>
<SP HEIGHT="38" WIDTH="27" VPOS="2414" HPOS="422"/>
<String CONTENT="27," HEIGHT="47" WIDTH="69" VPOS="2413" HPOS="450"/>
<SP HEIGHT="47" WIDTH="29" VPOS="2413" HPOS="520"/>
<String CS="1" CONTENT="1983;" HEIGHT="39" WIDTH="112" VPOS="2413" HPOS="550"/>
<SP HEIGHT="36" WIDTH="30" VPOS="2423" HPOS="690"/>
<String LANG="fr" CONTENT="v." HEIGHT="29" WIDTH="41" VPOS="2423" HPOS="721"/>
<SP HEIGHT="39" WIDTH="28" VPOS="2413" HPOS="763"/>
<String CONTENT="2" HEIGHT="38" WIDTH="25" VPOS="2413" HPOS="792"/>
<String STYLE="superscript" CONTENT="1" HEIGHT="22" WIDTH="2" VPOS="2417" HPOS="820"/>
<String CONTENT="," HEIGHT="16" WIDTH="8" VPOS="2443" HPOS="824"/>
<SP HEIGHT="46" WIDTH="28" VPOS="2413" HPOS="833"/>
<String CONTENT="3," HEIGHT="46" WIDTH="39" VPOS="2413" HPOS="862"/>
<SP HEIGHT="51" WIDTH="31" VPOS="2408" HPOS="902"/>
<String CONTENT="&#169;1" HEIGHT="51" WIDTH="57" VPOS="2408" HPOS="934"/>
<SP HEIGHT="40" WIDTH="22" VPOS="2413" HPOS="992"/>
<String CONTENT="Nov." HEIGHT="40" WIDTH="119" VPOS="2413" HPOS="1015"/>
<SP HEIGHT="40" WIDTH="29" VPOS="2413" HPOS="1135"/>
<String CS="1" CONTENT="7;" HEIGHT="39" WIDTH="27" VPOS="2413" HPOS="1165"/>
<SP HEIGHT="45" WIDTH="29" VPOS="2413" HPOS="1218"/>
<String CONTENT="2c." HEIGHT="39" WIDTH="67" VPOS="2413" HPOS="1248"/>
<SP HEIGHT="29" WIDTH="29" VPOS="2423" HPOS="1316"/>
<String CONTENT="each" HEIGHT="38" WIDTH="120" VPOS="2414" HPOS="1346"/>
<SP HEIGHT="38" WIDTH="25" VPOS="2414" HPOS="1467"/>
<String CONTENT="Nov." HEIGHT="39" WIDTH="118" VPOS="2414" HPOS="1493"/>
<SP HEIGHT="40" WIDTH="29" VPOS="2414" HPOS="1612"/>
<String CONTENT="9;" HEIGHT="47" WIDTH="52" VPOS="2414" HPOS="1642"/>
<SP HEIGHT="36" WIDTH="32" VPOS="2425" HPOS="1695"/>
<String CONTENT="affs." HEIGHT="39" WIDTH="106" VPOS="2415" HPOS="1728"/>
<SP HEIGHT="39" WIDTH="30" VPOS="2416" HPOS="1835"/>
<String CONTENT="Nov." HEIGHT="41" WIDTH="118" VPOS="2416" HPOS="1866"/>
<SP HEIGHT="40" WIDTH="29" VPOS="2417" HPOS="1985"/>
<String CS="1" CONTENT="11;" HEIGHT="39" WIDTH="53" VPOS="2416" HPOS="2015"/>
</TextLine>
<TextLine HEIGHT="49" WIDTH="1357" VPOS="2469" HPOS="170" CS="1">
<!-- cceid 4A5BD48D-6CF9-1014-A6CF-A82867D68027 --><String CONTENT="A" HEIGHT="38" WIDTH="38" VPOS="2471" HPOS="170"/>
<SP HEIGHT="39" WIDTH="28" VPOS="2471" HPOS="209"/>
<String CS="1" CONTENT="67068-67070;" HEIGHT="40" WIDTH="318" VPOS="2470" HPOS="238"/>
<SP HEIGHT="46" WIDTH="31" VPOS="2470" HPOS="584"/>
<String LANG="fr" CONTENT="W." HEIGHT="39" WIDTH="71" VPOS="2470" HPOS="616"/>
<SP HEIGHT="40" WIDTH="31" VPOS="2469" HPOS="688"/>
<String CONTENT="F." HEIGHT="39" WIDTH="50" VPOS="2469" HPOS="720"/>
<SP HEIGHT="39" WIDTH="29" VPOS="2469" HPOS="771"/>
<String CONTENT="Prior" HEIGHT="39" WIDTH="140" VPOS="2469" HPOS="801"/>
<SP HEIGHT="27" WIDTH="28" VPOS="2480" HPOS="942"/>
<String CONTENT="co.," HEIGHT="36" WIDTH="81" VPOS="2479" HPOS="971"/>
<SP HEIGHT="46" WIDTH="31" VPOS="2469" HPOS="1053"/>
<String CONTENT="inc." HEIGHT="39" WIDTH="89" VPOS="2469" HPOS="1085"/>
<SP HEIGHT="47" WIDTH="71" VPOS="2469" HPOS="1175"/>
<String CONTENT="(33-34138)" HEIGHT="49" WIDTH="280" VPOS="2469" HPOS="1247"/>
</TextLine>
<TextLine HEIGHT="75" WIDTH="1994" VPOS="2568" HPOS="101" STYLEREFS="StyleId-03CCA83D-CA96-4847-95ED-8C3F50B6D10E-">
<String CONTENT="Dictionary" HEIGHT="69" WIDTH="348" VPOS="2568" HPOS="101"/>
<SP HEIGHT="48" WIDTH="28" VPOS="2589" HPOS="450"/>
<String CONTENT="of" HEIGHT="54" WIDTH="63" VPOS="2571" HPOS="479"/>
<SP HEIGHT="53" WIDTH="27" VPOS="2571" HPOS="543"/>
<String CONTENT="American" HEIGHT="52" WIDTH="307" VPOS="2572" HPOS="571"/>
<SP HEIGHT="52" WIDTH="28" VPOS="2571" HPOS="879"/>
<String CONTENT="biography," HEIGHT="70" WIDTH="341" VPOS="2570" HPOS="908"/>
<SP HEIGHT="51" WIDTH="28" VPOS="2589" HPOS="1250"/>
<String CONTENT="under" HEIGHT="53" WIDTH="182" VPOS="2572" HPOS="1279"/>
<SP HEIGHT="47" WIDTH="29" VPOS="2578" HPOS="1462"/>
<String CONTENT="the" HEIGHT="53" WIDTH="99" VPOS="2574" HPOS="1492"/>
<SP HEIGHT="35" WIDTH="27" VPOS="2592" HPOS="1592"/>
<String CONTENT="auspices" HEIGHT="68" WIDTH="254" VPOS="2575" HPOS="1620"/>
<SP HEIGHT="35" WIDTH="30" VPOS="2595" HPOS="1875"/>
<String CONTENT="of" HEIGHT="55" WIDTH="63" VPOS="2575" HPOS="1906"/>
<SP HEIGHT="53" WIDTH="28" VPOS="2575" HPOS="1970"/>
<String CONTENT="the" HEIGHT="54" WIDTH="96" VPOS="2575" HPOS="1999"/>
</TextLine>
<TextLine HEIGHT="73" WIDTH="1867" VPOS="2649" HPOS="228" STYLEREFS="StyleId-03CCA83D-CA96-4847-95ED-8C3F50B6D10E-" CS="1">
<String CS="1" CONTENT="American" HEIGHT="54" WIDTH="249" VPOS="2650" HPOS="228"/>
<SP HEIGHT="34" WIDTH="40" VPOS="2667" HPOS="478"/>
<String CONTENT="council" HEIGHT="52" WIDTH="218" VPOS="2650" HPOS="519"/>
<SP HEIGHT="50" WIDTH="41" VPOS="2652" HPOS="738"/>
<String CONTENT="of" HEIGHT="52" WIDTH="64" VPOS="2649" HPOS="780"/>
<SP HEIGHT="51" WIDTH="39" VPOS="2649" HPOS="845"/>
<String CONTENT="learned" HEIGHT="52" WIDTH="232" VPOS="2650" HPOS="885"/>
<SP HEIGHT="52" WIDTH="39" VPOS="2650" HPOS="1118"/>
<String CONTENT="societies." HEIGHT="53" WIDTH="269" VPOS="2650" HPOS="1158"/>
<SP HEIGHT="51" WIDTH="75" VPOS="2653" HPOS="1428"/>
<String CONTENT="Edited" HEIGHT="53" WIDTH="214" VPOS="2652" HPOS="1504"/>
<SP HEIGHT="53" WIDTH="38" VPOS="2653" HPOS="1719"/>
<String CONTENT="by" HEIGHT="68" WIDTH="76" VPOS="2654" HPOS="1758"/>
<SP HEIGHT="66" WIDTH="40" VPOS="2656" HPOS="1835"/>
<String CONTENT="Dumas" HEIGHT="51" WIDTH="219" VPOS="2656" HPOS="1876"/>
</TextLine>
<TextLine HEIGHT="73" WIDTH="1926" VPOS="2727" HPOS="170" STYLEREFS="StyleId-03CCA83D-CA96-4847-95ED-8C3F50B6D10E-" CS="1">
<String CONTENT="Malone." HEIGHT="51" WIDTH="241" VPOS="2729" HPOS="170"/>
<SP HEIGHT="52" WIDTH="76" VPOS="2729" HPOS="412"/>
<String CONTENT="Volume" HEIGHT="53" WIDTH="238" VPOS="2728" HPOS="489"/>
<SP HEIGHT="34" WIDTH="52" VPOS="2746" HPOS="728"/>
<String CS="1" CONTENT="XII." HEIGHT="9" WIDTH="9" VPOS="2770" HPOS="877"/>
<SP HEIGHT="51" WIDTH="73" VPOS="2728" HPOS="887"/>
<String CONTENT="McCrady-Millington." HEIGHT="70" WIDTH="687" VPOS="2727" HPOS="961"/>
<SP HEIGHT="52" WIDTH="73" VPOS="2731" HPOS="1649"/>
<String CONTENT="New" HEIGHT="53" WIDTH="139" VPOS="2731" HPOS="1723"/>
<SP HEIGHT="51" WIDTH="51" VPOS="2734" HPOS="1863"/>
<String CONTENT="York," HEIGHT="68" WIDTH="181" VPOS="2732" HPOS="1915"/>
</TextLine>
<TextLine HEIGHT="67" WIDTH="935" VPOS="2806" HPOS="173" STYLEREFS="StyleId-03CCA83D-CA96-4847-95ED-8C3F50B6D10E-">
<String CONTENT="Charles" HEIGHT="54" WIDTH="234" VPOS="2806" HPOS="173"/>
<SP HEIGHT="55" WIDTH="31" VPOS="2807" HPOS="408"/>
<String CONTENT="Scribner&#8217;s" HEIGHT="56" WIDTH="310" VPOS="2806" HPOS="440"/>
<SP HEIGHT="34" WIDTH="29" VPOS="2826" HPOS="751"/>
<String CONTENT="sons," HEIGHT="49" WIDTH="146" VPOS="2824" HPOS="781"/>
<SP HEIGHT="63" WIDTH="27" VPOS="2810" HPOS="928"/>
<String CONTENT="1933." HEIGHT="52" WIDTH="152" VPOS="2808" HPOS="956"/>
</TextLine>
<TextLine HEIGHT="48" WIDTH="453" VPOS="2880" HPOS="165" STYLEREFS="StyleId-03CCA83D-CA96-4847-95ED-8C3F50B6D10E-">
<String CONTENT="x," HEIGHT="35" WIDTH="45" VPOS="2892" HPOS="165"/>
<SP HEIGHT="46" WIDTH="45" VPOS="2881" HPOS="211"/>
<String CONTENT="647" HEIGHT="40" WIDTH="81" VPOS="2881" HPOS="257"/>
<SP HEIGHT="46" WIDTH="45" VPOS="2882" HPOS="339"/>
<String CONTENT="p." HEIGHT="36" WIDTH="43" VPOS="2892" HPOS="385"/>
<SP HEIGHT="38" WIDTH="72" VPOS="2881" HPOS="429"/>
<String CONTENT="26," HEIGHT="39" WIDTH="59" VPOS="2880" HPOS="502"/>
<String STYLE="superscript" CONTENT="cm" HEIGHT="21" WIDTH="43" VPOS="2882" HPOS="561"/>
<String CONTENT="." HEIGHT="8" WIDTH="8" VPOS="2912" HPOS="610"/>
</TextLine>
<TextLine HEIGHT="51" WIDTH="1994" VPOS="2934" HPOS="102" CS="1">
<String CONTENT="&#169;" HEIGHT="51" WIDTH="51" VPOS="2934" HPOS="102"/>
<SP HEIGHT="51" WIDTH="22" VPOS="2934" HPOS="154"/>
<String CONTENT="Nov." HEIGHT="39" WIDTH="117" VPOS="2938" HPOS="177"/>
<SP HEIGHT="39" WIDTH="23" VPOS="2938" HPOS="295"/>
<String CONTENT="24," HEIGHT="45" WIDTH="69" VPOS="2938" HPOS="319"/>
<SP HEIGHT="45" WIDTH="25" VPOS="2938" HPOS="389"/>
<String CONTENT="1933:" HEIGHT="39" WIDTH="138" VPOS="2937" HPOS="415"/>
<SP HEIGHT="38" WIDTH="27" VPOS="2937" HPOS="554"/>
<String CONTENT="2c." HEIGHT="39" WIDTH="66" VPOS="2937" HPOS="582"/>
<SP HEIGHT="29" WIDTH="25" VPOS="2946" HPOS="649"/>
<String CONTENT="and" HEIGHT="38" WIDTH="96" VPOS="2937" HPOS="675"/>
<SP HEIGHT="38" WIDTH="23" VPOS="2937" HPOS="772"/>
<String CONTENT="aff." HEIGHT="41" WIDTH="81" VPOS="2935" HPOS="796"/>
<SP HEIGHT="40" WIDTH="26" VPOS="2936" HPOS="878"/>
<String CONTENT="Nov." HEIGHT="39" WIDTH="115" VPOS="2936" HPOS="905"/>
<SP HEIGHT="38" WIDTH="25" VPOS="2936" HPOS="1021"/>
<String CONTENT="28;" HEIGHT="47" WIDTH="82" VPOS="2935" HPOS="1047"/>
<SP HEIGHT="46" WIDTH="28" VPOS="2936" HPOS="1130"/>
<!-- cceid 4A5BF85E-6CF9-1014-A6CF-A82867D68027 --><String CONTENT="A" HEIGHT="38" WIDTH="39" VPOS="2936" HPOS="1159"/>
<SP HEIGHT="39" WIDTH="25" VPOS="2936" HPOS="1199"/>
<String CONTENT="67276;" HEIGHT="47" WIDTH="169" VPOS="2936" HPOS="1225"/>
<SP HEIGHT="46" WIDTH="28" VPOS="2937" HPOS="1395"/>
<String LANG="fr" CS="1" CONTENT="Amer." HEIGHT="38" WIDTH="147" VPOS="2937" HPOS="1424"/>
<SP HEIGHT="28" WIDTH="25" VPOS="2949" HPOS="1583"/>
<String CONTENT="council" HEIGHT="39" WIDTH="186" VPOS="2938" HPOS="1609"/>
<SP HEIGHT="38" WIDTH="27" VPOS="2940" HPOS="1796"/>
<String CONTENT="of" HEIGHT="40" WIDTH="51" VPOS="2938" HPOS="1824"/>
<SP HEIGHT="39" WIDTH="23" VPOS="2938" HPOS="1876"/>
<String CONTENT="learned" HEIGHT="39" WIDTH="196" VPOS="2940" HPOS="1900"/>
</TextLine>
<TextLine HEIGHT="48" WIDTH="596" VPOS="2992" HPOS="171">
<String CONTENT="societies," HEIGHT="47" WIDTH="234" VPOS="2993" HPOS="171"/>
<SP HEIGHT="46" WIDTH="26" VPOS="2994" HPOS="406"/>
<String CONTENT="Washington." HEIGHT="48" WIDTH="334" VPOS="2992" HPOS="433"/>
</TextLine>
<TextLine HEIGHT="145" WIDTH="984" VPOS="3095" HPOS="103" STYLEREFS="StyleId-03CCA83D-CA96-4847-95ED-8C3F50B6D10E-" CS="1">
<String CONTENT="Doubman," HEIGHT="65" WIDTH="325" VPOS="3095" HPOS="103"/>
<SP HEIGHT="63" WIDTH="30" VPOS="3097" HPOS="429"/>
<String CONTENT="John" HEIGHT="53" WIDTH="153" VPOS="3096" HPOS="460"/>
<SP HEIGHT="52" WIDTH="29" VPOS="3096" HPOS="614"/>
<String CONTENT="Russell," HEIGHT="63" WIDTH="250" VPOS="3096" HPOS="644"/>
<SP HEIGHT="59" WIDTH="32" VPOS="3100" HPOS="895"/>
<String CS="1" CONTENT="1894-Sales" HEIGHT="128" WIDTH="888" VPOS="3099" HPOS="173"/>
<SP HEIGHT="34" WIDTH="30" VPOS="3192" HPOS="332"/>
<String CONTENT="management" HEIGHT="62" WIDTH="391" VPOS="3178" HPOS="363"/>
<SP HEIGHT="47" WIDTH="33" VPOS="3178" HPOS="755"/>
<String CONTENT="today," HEIGHT="69" WIDTH="190" VPOS="3171" HPOS="789"/>
<SP HEIGHT="67" WIDTH="33" VPOS="3171" HPOS="980"/>
<String CONTENT="by" HEIGHT="68" WIDTH="73" VPOS="3171" HPOS="1014"/>
</TextLine>
<TextLine HEIGHT="58" WIDTH="973" VPOS="3171" HPOS="1122" STYLEREFS="StyleId-03CCA83D-CA96-4847-95ED-8C3F50B6D10E-" CS="1">
<String CONTENT="J." HEIGHT="54" WIDTH="54" VPOS="3171" HPOS="1122"/>
<SP HEIGHT="51" WIDTH="36" VPOS="3172" HPOS="1177"/>
<String CONTENT="Russell" HEIGHT="55" WIDTH="223" VPOS="3171" HPOS="1214"/>
<SP HEIGHT="53" WIDTH="33" VPOS="3171" HPOS="1438"/>
<String CONTENT="Doubman" HEIGHT="55" WIDTH="301" VPOS="3172" HPOS="1472"/>
<SP HEIGHT="36" WIDTH="38" VPOS="3192" HPOS="1774"/>
<String CS="1" CONTENT="&#8230;"/>
<SP HEIGHT="34" WIDTH="38" VPOS="3194" HPOS="1869"/>
<String CONTENT="edited" HEIGHT="55" WIDTH="187" VPOS="3174" HPOS="1908"/>
</TextLine>
<TextLine HEIGHT="71" WIDTH="1993" VPOS="3249" HPOS="105" STYLEREFS="StyleId-03CCA83D-CA96-4847-95ED-8C3F50B6D10E-">
<String CONTENT="by" HEIGHT="68" WIDTH="69" VPOS="3251" HPOS="105"/>
<SP HEIGHT="68" WIDTH="41" VPOS="3251" HPOS="175"/>
<String CONTENT="William" HEIGHT="55" WIDTH="256" VPOS="3249" HPOS="217"/>
<SP HEIGHT="54" WIDTH="40" VPOS="3250" HPOS="474"/>
<String CONTENT="M." HEIGHT="51" WIDTH="77" VPOS="3250" HPOS="515"/>
<SP HEIGHT="54" WIDTH="44" VPOS="3249" HPOS="593"/>
<String CONTENT="Schuyler." HEIGHT="67" WIDTH="290" VPOS="3249" HPOS="638"/>
<SP HEIGHT="52" WIDTH="79" VPOS="3249" HPOS="929"/>
<String CONTENT="New" HEIGHT="52" WIDTH="136" VPOS="3249" HPOS="1009"/>
<SP HEIGHT="52" WIDTH="45" VPOS="3249" HPOS="1146"/>
<String CONTENT="York," HEIGHT="69" WIDTH="177" VPOS="3249" HPOS="1192"/>
<SP HEIGHT="67" WIDTH="40" VPOS="3251" HPOS="1370"/>
<String CONTENT="Holston" HEIGHT="52" WIDTH="245" VPOS="3251" HPOS="1411"/>
<SP HEIGHT="51" WIDTH="42" VPOS="3251" HPOS="1657"/>
<String CONTENT="house," HEIGHT="69" WIDTH="186" VPOS="3251" HPOS="1700"/>
<SP HEIGHT="68" WIDTH="43" VPOS="3252" HPOS="1887"/>
<String CONTENT="Sears" HEIGHT="56" WIDTH="167" VPOS="3252" HPOS="1931"/>
</TextLine>
<TextLine HEIGHT="69" WIDTH="1006" VPOS="3327" HPOS="102" STYLEREFS="StyleId-03CCA83D-CA96-4847-95ED-8C3F50B6D10E-" CS="1">
<String CONTENT="publishing" HEIGHT="68" WIDTH="330" VPOS="3328" HPOS="102"/>
<SP HEIGHT="50" WIDTH="28" VPOS="3345" HPOS="433"/>
<String CONTENT="company," HEIGHT="50" WIDTH="294" VPOS="3345" HPOS="462"/>
<SP HEIGHT="67" WIDTH="28" VPOS="3327" HPOS="757"/>
<String CONTENT="inc." HEIGHT="52" WIDTH="107" VPOS="3327" HPOS="786"/>
<SP HEIGHT="33" WIDTH="38" VPOS="3361" HPOS="894"/>
<String CS="1" CONTENT="["/>
<String STYLE="superscript" CONTENT="c" HEIGHT="21" WIDTH="17" VPOS="3333" HPOS="951"/>
<String CS="1" CONTENT="1933]" HEIGHT="48" WIDTH="134" VPOS="3330" HPOS="974"/>
</TextLine>
<TextLine HEIGHT="49" WIDTH="1195" VPOS="3398" HPOS="171">
<String CONTENT="vii," HEIGHT="46" WIDTH="80" VPOS="3399" HPOS="171"/>
<SP HEIGHT="47" WIDTH="30" VPOS="3398" HPOS="252"/>
<String CONTENT="324" HEIGHT="40" WIDTH="86" VPOS="3398" HPOS="283"/>
<SP HEIGHT="46" WIDTH="28" VPOS="3401" HPOS="370"/>
<String CONTENT="p." HEIGHT="37" WIDTH="42" VPOS="3410" HPOS="399"/>
<SP HEIGHT="40" WIDTH="34" VPOS="3399" HPOS="442"/>
<String CONTENT="incl." HEIGHT="39" WIDTH="109" VPOS="3399" HPOS="477"/>
<SP HEIGHT="40" WIDTH="31" VPOS="3398" HPOS="587"/>
<String CONTENT="illus.," HEIGHT="47" WIDTH="142" VPOS="3398" HPOS="619"/>
<SP HEIGHT="46" WIDTH="31" VPOS="3399" HPOS="762"/>
<String CONTENT="diagrs.," HEIGHT="48" WIDTH="193" VPOS="3398" HPOS="794"/>
<SP HEIGHT="45" WIDTH="34" VPOS="3399" HPOS="988"/>
<String CONTENT="forms." HEIGHT="41" WIDTH="167" VPOS="3399" HPOS="1023"/>
<SP HEIGHT="40" WIDTH="60" VPOS="3400" HPOS="1191"/>
<String CONTENT="21" HEIGHT="38" WIDTH="54" VPOS="3400" HPOS="1252"/>
<String STYLE="superscript" CONTENT="cm" HEIGHT="21" WIDTH="44" VPOS="3401" HPOS="1310"/>
<String CONTENT="." HEIGHT="8" WIDTH="8" VPOS="3432" HPOS="1358"/>
</TextLine>
<TextLine HEIGHT="49" WIDTH="905" VPOS="3454" HPOS="173" CS="1">
<String CONTENT="&#8220;List" HEIGHT="40" WIDTH="132" VPOS="3456" HPOS="173"/>
<SP HEIGHT="37" WIDTH="32" VPOS="3459" HPOS="306"/>
<String CONTENT="of" HEIGHT="40" WIDTH="51" VPOS="3456" HPOS="339"/>
<SP HEIGHT="39" WIDTH="31" VPOS="3456" HPOS="391"/>
<String CS="1" CONTENT="references&#8221;:" HEIGHT="40" WIDTH="299" VPOS="3455" HPOS="423"/>
<SP HEIGHT="37" WIDTH="34" VPOS="3466" HPOS="752"/>
<String CONTENT="p." HEIGHT="37" WIDTH="41" VPOS="3466" HPOS="787"/>
<SP HEIGHT="40" WIDTH="32" VPOS="3454" HPOS="829"/>
<String CONTENT="311-318." HEIGHT="42" WIDTH="216" VPOS="3454" HPOS="862"/>
</TextLine>
<TextLine HEIGHT="54" WIDTH="1882" VPOS="3513" HPOS="106">
<String CONTENT="&#169;" HEIGHT="51" WIDTH="51" VPOS="3513" HPOS="106"/>
<SP HEIGHT="51" WIDTH="27" VPOS="3513" HPOS="158"/>
<String CONTENT="Nov." HEIGHT="38" WIDTH="116" VPOS="3518" HPOS="186"/>
<SP HEIGHT="37" WIDTH="29" VPOS="3518" HPOS="303"/>
<String CONTENT="14," HEIGHT="40" WIDTH="67" VPOS="3517" HPOS="333"/>
<SP HEIGHT="40" WIDTH="28" VPOS="3517" HPOS="401"/>
<String CONTENT="1933:" HEIGHT="41" WIDTH="138" VPOS="3515" HPOS="430"/>
<SP HEIGHT="40" WIDTH="31" VPOS="3516" HPOS="569"/>
<String CONTENT="2c." HEIGHT="38" WIDTH="65" VPOS="3516" HPOS="601"/>
<SP HEIGHT="28" WIDTH="30" VPOS="3526" HPOS="667"/>
<String CONTENT="and" HEIGHT="38" WIDTH="94" VPOS="3516" HPOS="698"/>
<SP HEIGHT="38" WIDTH="28" VPOS="3516" HPOS="793"/>
<String CONTENT="aff." HEIGHT="40" WIDTH="81" VPOS="3514" HPOS="822"/>
<SP HEIGHT="39" WIDTH="28" VPOS="3515" HPOS="904"/>
<String CONTENT="Nov." HEIGHT="39" WIDTH="115" VPOS="3515" HPOS="933"/>
<SP HEIGHT="37" WIDTH="31" VPOS="3516" HPOS="1049"/>
<String CONTENT="16;" HEIGHT="45" WIDTH="81" VPOS="3515" HPOS="1081"/>
<SP HEIGHT="45" WIDTH="32" VPOS="3515" HPOS="1163"/>
<!-- cceid 4A5C1E29-6CF9-1014-A6CF-A82867D68027 --><String CONTENT="A" HEIGHT="39" WIDTH="40" VPOS="3515" HPOS="1196"/>
<SP HEIGHT="39" WIDTH="27" VPOS="3515" HPOS="1237"/>
<String CONTENT="67135;" HEIGHT="46" WIDTH="169" VPOS="3515" HPOS="1265"/>
<SP HEIGHT="44" WIDTH="36" VPOS="3517" HPOS="1435"/>
<String CONTENT="Sears" HEIGHT="40" WIDTH="142" VPOS="3517" HPOS="1472"/>
<SP HEIGHT="38" WIDTH="29" VPOS="3528" HPOS="1615"/>
<String CONTENT="pub." HEIGHT="47" WIDTH="107" VPOS="3519" HPOS="1645"/>
<SP HEIGHT="28" WIDTH="31" VPOS="3530" HPOS="1753"/>
<String CONTENT="co.," HEIGHT="37" WIDTH="81" VPOS="3530" HPOS="1785"/>
<SP HEIGHT="47" WIDTH="29" VPOS="3520" HPOS="1867"/>
<String CONTENT="inc." HEIGHT="41" WIDTH="91" VPOS="3520" HPOS="1897"/>
</TextLine>
<TextLine HEIGHT="50" WIDTH="278" VPOS="3572" HPOS="179">
<String CONTENT="(33-34469)" HEIGHT="50" WIDTH="278" VPOS="3572" HPOS="179"/>
</TextLine>
<TextLine HEIGHT="66" WIDTH="747" VPOS="3672" HPOS="108" STYLEREFS="StyleId-7BA4FEF0-3239-4BA4-8659-8B432F269F6A-">
<String CONTENT="Durieux," HEIGHT="64" WIDTH="273" VPOS="3674" HPOS="108"/>
<SP HEIGHT="63" WIDTH="29" VPOS="3675" HPOS="382"/>
<String CONTENT="Joseph," HEIGHT="61" WIDTH="238" VPOS="3675" HPOS="412"/>
<SP HEIGHT="58" WIDTH="31" VPOS="3678" HPOS="651"/>
<String CONTENT="1873-" HEIGHT="53" WIDTH="172" VPOS="3672" HPOS="683"/>
</TextLine>
<TextLine HEIGHT="75" WIDTH="1861" VPOS="3746" HPOS="231" STYLEREFS="StyleId-03CCA83D-CA96-4847-95ED-8C3F50B6D10E-" LANG="fr" CS="1">
<String LANG="en-US" CS="1" CONTENT="&#8230;"/>
<SP HEIGHT="50" WIDTH="39" VPOS="3757" HPOS="231"/>
<String CONTENT="Pr&#232;s" HEIGHT="51" WIDTH="139" VPOS="3756" HPOS="271"/>
<SP HEIGHT="53" WIDTH="33" VPOS="3754" HPOS="411"/>
<String CONTENT="de" HEIGHT="52" WIDTH="67" VPOS="3754" HPOS="445"/>
<SP HEIGHT="52" WIDTH="33" VPOS="3753" HPOS="513"/>
<String CONTENT="la" HEIGHT="52" WIDTH="53" VPOS="3753" HPOS="547"/>
<SP HEIGHT="33" WIDTH="37" VPOS="3772" HPOS="601"/>
<String CONTENT="reine" HEIGHT="53" WIDTH="149" VPOS="3752" HPOS="639"/>
<SP HEIGHT="53" WIDTH="35" VPOS="3752" HPOS="789"/>
<String CONTENT="Marie-Antoinette." HEIGHT="54" WIDTH="562" VPOS="3751" HPOS="825"/>
<SP HEIGHT="50" WIDTH="74" VPOS="3756" HPOS="1388"/>
<String CONTENT="Paris," HEIGHT="68" WIDTH="184" VPOS="3753" HPOS="1463"/>
<SP HEIGHT="63" WIDTH="33" VPOS="3758" HPOS="1648"/>
<String CONTENT="Les" HEIGHT="51" WIDTH="106" VPOS="3758" HPOS="1682"/>
<SP HEIGHT="63" WIDTH="35" VPOS="3746" HPOS="1789"/>
<String CONTENT="&#201;ditions" HEIGHT="67" WIDTH="267" VPOS="3746" HPOS="1825"/>
</TextLine>
<TextLine HEIGHT="62" WIDTH="530" VPOS="3834" HPOS="106" STYLEREFS="StyleId-03CCA83D-CA96-4847-95ED-8C3F50B6D10E-" LANG="fr">
<String CONTENT="de" HEIGHT="51" WIDTH="65" VPOS="3834" HPOS="106"/>
<SP HEIGHT="51" WIDTH="28" VPOS="3834" HPOS="172"/>
<String CONTENT="France," HEIGHT="62" WIDTH="234" VPOS="3834" HPOS="201"/>
<SP HEIGHT="58" WIDTH="28" VPOS="3838" HPOS="436"/>
<String STYLE="superscript" CONTENT="c" HEIGHT="21" WIDTH="17" VPOS="3838" HPOS="465"/>
<String CONTENT="1933." HEIGHT="49" WIDTH="148" VPOS="3835" HPOS="488"/>
</TextLine>
<TextLine HEIGHT="50" WIDTH="639" VPOS="3902" HPOS="174" LANG="fr" CS="1">
<String CONTENT="2" HEIGHT="39" WIDTH="26" VPOS="3907" HPOS="174"/>
<SP/>
<String CS="1" CONTENT="p."/>
<SP/>
<String CS="1" CONTENT="l.,"/>
<SP/>
<String CONTENT="222" HEIGHT="39" WIDTH="85" VPOS="3904" HPOS="363"/>
<SP HEIGHT="48" WIDTH="24" VPOS="3904" HPOS="449"/>
<String CONTENT="p.," HEIGHT="38" WIDTH="56" VPOS="3914" HPOS="474"/>
<SP HEIGHT="46" WIDTH="26" VPOS="3905" HPOS="531"/>
<String CONTENT="1" HEIGHT="38" WIDTH="24" VPOS="3905" HPOS="558"/>
<SP HEIGHT="39" WIDTH="23" VPOS="3904" HPOS="583"/>
<String CS="1" CONTENT="l." HEIGHT="9" WIDTH="9" VPOS="3936" HPOS="629"/>
<SP HEIGHT="42" WIDTH="58" VPOS="3903" HPOS="639"/>
<String CS="1" CONTENT="19cm." HEIGHT="40" WIDTH="115" VPOS="3902" HPOS="698"/>
</TextLine>
<TextLine HEIGHT="60" WIDTH="1934" VPOS="3958" HPOS="101" CS="1">
<String LANG="fr" CONTENT="&#169;" HEIGHT="51" WIDTH="51" VPOS="3966" HPOS="101"/>
<SP HEIGHT="51" WIDTH="29" VPOS="3966" HPOS="153"/>
<String LANG="en-US" CONTENT="July" HEIGHT="46" WIDTH="115" VPOS="3972" HPOS="183"/>
<SP HEIGHT="47" WIDTH="28" VPOS="3971" HPOS="299"/>
<String LANG="fr" CONTENT="10," HEIGHT="45" WIDTH="68" VPOS="3970" HPOS="328"/>
<SP HEIGHT="45" WIDTH="29" VPOS="3970" HPOS="397"/>
<String LANG="fr" CONTENT="1933;" HEIGHT="46" WIDTH="139" VPOS="3969" HPOS="427"/>
<SP/>
<String LANG="fr" CS="1" CONTENT="1c."/>
<SP HEIGHT="40" WIDTH="32" VPOS="3967" HPOS="666"/>
<String LANG="fr" CONTENT="Oct." HEIGHT="40" WIDTH="100" VPOS="3967" HPOS="699"/>
<SP HEIGHT="39" WIDTH="30" VPOS="3968" HPOS="800"/>
<String LANG="fr" CONTENT="14;" HEIGHT="44" WIDTH="81" VPOS="3968" HPOS="831"/>
<SP HEIGHT="45" WIDTH="31" VPOS="3967" HPOS="913"/>
<!-- cceid 4A5C4417-6CF9-1014-A6CF-A82867D68027 --><String LANG="fr" CONTENT="A-" HEIGHT="38" WIDTH="102" VPOS="3967" HPOS="945"/>
<String LANG="en-US" CONTENT="Foreign" HEIGHT="48" WIDTH="207" VPOS="3966" HPOS="1049"/>
<SP HEIGHT="38" WIDTH="28" VPOS="3968" HPOS="1257"/>
<String LANG="fr" CONTENT="22363;" HEIGHT="47" WIDTH="171" VPOS="3968" HPOS="1286"/>
<SP HEIGHT="57" WIDTH="34" VPOS="3958" HPOS="1458"/>
<String LANG="fr" CONTENT="&#201;ditions" HEIGHT="53" WIDTH="222" VPOS="3958" HPOS="1493"/>
<SP HEIGHT="38" WIDTH="29" VPOS="3973" HPOS="1716"/>
<String LANG="fr" CONTENT="de" HEIGHT="39" WIDTH="59" VPOS="3973" HPOS="1746"/>
<SP HEIGHT="39" WIDTH="31" VPOS="3973" HPOS="1806"/>
<String LANG="fr" CONTENT="France." HEIGHT="40" WIDTH="197" VPOS="3973" HPOS="1838"/>
</TextLine>
<TextLine HEIGHT="49" WIDTH="277" VPOS="4025" HPOS="184" LANG="fr">
<String CONTENT="(33-34119)" HEIGHT="49" WIDTH="277" VPOS="4025" HPOS="184"/>
</TextLine>
</TextBlock>
</PrintSpace>
</Page>
</Layout>
</alto>