2582 4453
1261 4151 55 48 1108

316 458 220 68 Moore,
563 461 264 54 Thomas
857 461 249 65 Verner,
1141 461 173 56 1877-

453 538 1896 71 … The essential psychoses and their fundamental syndromes,
319 617 2028 70 by Dom Thomas Yerner Moore … Baltimore, The Williams
319 697 45 50 &
388 696 254 56 Wilkins
670 715 284 51 company
987 700 173 65 [1938]

397 782 45 38 x,
492 771 86 42 128
626 782 44 38 p.
732 771 156 41 tables
951 771 47 49 (1
1050 770 144 51 fold.)
1252 770 119 43 fold,
1423 770 172 49 diagr.,
1645 771 157 41 forms
1862 771 48 49 (1
1964 771 145 50 fold.)
2200 770 58 42 22½
2290 774 45 22 cm
2338 804 11 10 .

337 828 1567 50 (Studies in psychology and psychiatry … vol. III, no. 3)
326 899 2025 52 © July 7, 1933; 2c. July 14; aff. July 13; A 63594; Williams & Wilkins
393 972 68 29 co.
533 960 285 50 (33-20220)

315 1067 264 65 Moreau,
611 1066 225 56 Pierre.

453 1144 1892 68 … La conversion de Chateaubriand. Paris, F. Alcan, 1933.
392 1221 26 39 2
451 1229 43 39 p.
563 1250 9 18 l.,
607 1218 235 52 [Vii]-viii,
873 1220 100 48 241,
1024 1220 40 50 [3]
1100 1230 42 39 p.
1205 1219 56 41 19
1264 1222 43 20 cm
1314 1253 8 7 .
1395 1218 115 50 (Les
1543 1219 213 49 enigmes
1790 1220 58 41 de
1880 1218 268 49 l’histoire;
323 1220 2008 98 collection

453 1278 108 48 pub.
589 1289 113 30 sous
727 1279 46 39 la
802 1279 240 40 direction
1068 1279 59 40 de
1152 1290 59 29 m.
1241 1279 149 39 Louis
1416 1279 246 40 Bertrand
1754 1278 13 47 …)

325 1340 2025 52 © Apr. 15, 1933; 1c. June 15; A-Foreign 21187; P. Moreau, Fribourg,
394 1401 340 41 Switzerland.
806 1402 284 49 (33-20674)

317 1506 245 66 Morley,
596 1505 395 66 Christopher
1021 1507 377 66 Darlington,
1433 1512 173 51 1890-

391 1583 395 70 Shakespeare
825 1587 113 52 and
976 1586 253 68 Hawaii,
1263 1587 76 67 by
1377 1585 383 70 Christopher
1793 1586 245 67 Morley.
2110 1585 235 56 Garden

321 1661 155 71 City,
514 1664 72 53 N.
625 1665 91 67 Y.,
754 1664 363 69 Doubleday,
1155 1665 201 53 Doran
1392 1668 47 51 &
1477 1683 301 51 company,
1814 1665 128 67 inc.,
1981 1668 154 50 1933.

397 1748 30 28 x
452 1747 59 38 p.,
541 1738 25 40 1
629 1770 8 16 l.,
663 1738 58 40 96
745 1750 44 38 p.
850 1737 166 49 front.,
1085 1739 90 41 illus.
1230 1739 57 39 21
1291 1741 45 21 cm
1339 1770 10 9 .

397 1793 1949 52 “Talks … given at the University of Hawaii, Honolulu, on March 10,
323 1852 69 50 13,
424 1855 98 39 and
555 1854 69 48 15,
655 1852 362 44 1933.”—Note.

396 1911 164 41 “First
595 1911 231 45 edition,”

668 1969 176 41 CONTENTS.—The
880 1967 249 49 mulberry
1170 1968 303 41 bush.—The
1510 1980 140 30 sense
1687 1968 52 42 of
323 1968 2007 107 significance.—Shakespeare
524 2037 57 31 as
607 2038 29 30 a
666 2027 200 47 symbol.

325 2082 52 53 ©
420 2088 116 47 July
576 2085 69 49 19,
686 2085 142 47 1933;
871 2085 66 40 2c.
981 2084 97 41 and
1119 2083 83 42 aff.
1244 2083 117 49 July
1400 2083 83 48 28;
1528 2083 43 40 A
1610 2083 171 49 63774;
1827 2084 48 43 C.
1919 2085 201 48 Morley,
2163 2085 185 48 Roslyn

393 2145 224 47 Heights,
657 2144 50 39 L.
748 2145 51 46 I.,
839 2144 57 45 N,
935 2142 54 40 Y.
1061 2141 284 50 (33-20438)

315 2249 205 65 Munn,
552 2249 269 52 Norman
853 2247 211 65 Leslie,
1099 2252 172 50 1902-

395 2326 99 53 An
525 2325 396 54 introduction
951 2331 59 48 to
1044 2325 214 53 animal
1293 2326 384 69 psychology;
1714 2325 95 53 the
1843 2325 275 54 behavior
2151 2324 65 55 of
2248 2326 98 53 the

323 2403 1998 149 rat, by Norman L. Munn … Boston, New York [etc.] Houghton Mifflin company [ c 1933]
395 2559 119 48 xxii,
544 2556 87 42 439
661 2567 44 38 p.
766 2557 165 49 front.,
963 2557 144 46 illus.,
1141 2556 180 48 diagrs.
1382 2556 56 40 21
1443 2558 45 22 cm
1492 2589 8 8 .

395 2616 70 38 “A
493 2615 285 48 systematic
810 2614 178 41 review
1017 2614 53 41 of
1097 2615 84 41 the
1210 2614 261 41 literature
1500 2625 62 29 on
1591 2614 84 41 the
1703 2612 235 43 behavior
1968 2613 52 42 of
2049 2615 83 40 the
2165 2613 182 43 rat.”—

324 2672 130 41 Pref.

397 2728 251 42 “Selected
681 2729 273 41 references
985 2740 61 29 on
1078 2727 332 49 comparative
1442 2726 350 50 psychology”:
1828 2738 44 39 p.
1908 2727 263 52 [375]-393;
324 2727 2005 108 “Bibliography
605 2798 61 29 on
693 2788 83 39 the
802 2786 236 41 behavior
1062 2786 53 40 of
1140 2786 85 43 the
1251 2784 134 42 rat”:
1414 2795 45 38 p.
1492 2784 250 51 [395]-429.

326 2842 2003 111 © July 18, 1933; 2c. July 26; aff. July 22; A 63691; N. L. Munn, Pittsburgh.
636 2903 283 49 (33-20374)

318 3007 192 54 Music
544 3007 61 53 in
642 3010 159 50 rural
837 3006 333 67 education;
1211 3025 31 34 a
1278 3024 276 52 program
1590 3007 96 53 for
1722 3008 97 52 the
1854 3008 227 53 teacher
2118 3007 60 53 in
2214 3024 128 35 one-

391 3089 113 52 and
543 3094 303 46 two-room
884 3087 238 67 schools,
1161 3087 173 53 based
1373 3106 72 34 on
1484 3087 123 53 The
1644 3087 180 54 music
1863 3087 161 67 hour,
2065 3086 279 53 one-book

390 3165 1746 69 course, by Osbourne McConathy … W. Otto Miessner …
391 3166 1927 211 Edward Bailey Birge … [and] Mabel E. Bray … in collaboration
553 3325 141 52 with
733 3325 156 53 these
930 3324 340 53 authorities
1309 3342 71 34 on
1421 3324 158 53 rural
1619 3322 332 55 education:
1991 3322 221 53 Fannie
2251 3322 90 55 W.

393 3402 1886 68 Dunn … Frank A. Beach … [and] Josephine Murray …
392 3482 138 54 New
556 3483 181 65 York,
763 3483 217 53 Boston
1014 3487 137 63 [etc.]
1185 3481 206 63 Silver,
1419 3482 246 52 Burdett
1693 3481 113 53 and
1831 3498 283 50 company
2143 3513 12 35 [
2159 3485 19 22 c
2184 3484 152 64 1933]

394 3556 96 46 xiv,
521 3555 87 41 290
635 3566 41 38 p.
739 3555 129 40 illus.
898 3555 134 48 (incl.
1063 3554 180 48 music)
1283 3555 181 48 diagrs.
1525 3554 56 41 19
1584 3556 44 22 cm
1633 3586 9 10 .

396 3613 380 49 Bibliography:
805 3624 44 38 p.
877 3613 101 42 287.

328 3668 52 52 ©
415 3673 116 39 July
563 3673 70 45 21,
667 3672 143 47 1933;
845 3672 68 40 2c.
947 3671 96 41 and
1078 3671 83 41 aff.
1196 3672 116 47 July
1346 3670 82 47 26;
1466 3671 40 38 A
1541 3669 171 47 64504;
1753 3669 172 47 Silver,
1959 3668 215 40 Burdett
2205 3668 36 40 &
2274 3677 55 31 co

406 3728 283 51 (33-20245)

319 3834 167 64 Neal,
516 3833 279 65 Bigelow.

400 3911 122 53 The
562 3912 112 52 last
714 3910 63 53 of
817 3911 95 52 the
952 3910 356 69 thundering
1346 3910 161 67 herd,
1546 3910 78 68 by
1664 3909 259 68 Bigelow
1965 3907 174 68 Neal;
329 3907 1988 135 illustrated
561 3990 75 67 by
680 3988 239 55 Charles
962 3990 143 52 Fox.
1186 3989 139 52 New
1369 3988 181 68 York,
1598 3986 168 56 Sears
1811 3986 338 69 publishing
329 4002 1987 134 company,
528 4067 107 53 inc.
670 4101 13 34 [
688 4074 18 21 c
712 4071 154 61 1933]
