2582 4453
1287 4144 138 50 1144

344 453 264 66 Speckel,
636 453 258 56 Andrée.

480 532 1884 69 … Diario di un uomo brutto. [Milano] A. Mondadori [1931]
417 604 1358 53 3 p. l., [9]-207, [1] p. 19 ½ cm. [I libri azzurri. 25]
351 661 2023 53 © Sept. 1, 1931; 1c. Feb. 24, 1933; A-Foreign 21172; Oasa e ditrice A.
420 723 305 41 Mondadori.
798 722 283 50 (33-21115)

345 813 376 65 Streatfeild,
751 813 167 56 Noel.

418 894 155 67 Tops
612 894 50 51 &
699 893 268 68 bottoms,
1001 892 77 69 by
1116 892 143 53 Noel
1300 890 362 56 Streatfeild.
1737 891 262 69 London,
2032 892 91 55 W.
346 889 2004 151 Heinemann,
580 972 106 53 ltd.
735 974 174 65 [1933]

418 1046 606 50 3 p. l., 330 p. 19cm.
351 1102 2025 53 © 1c. Aug. 9, 1933; A ad int. 18096; pubd. June 19; Doubleday, Doran &
419 1175 82 36 co.,
530 1164 106 46 inc.,
667 1164 195 40 Garden
891 1163 125 48 City,
1045 1164 57 40 N.
1131 1164 53 39 Y.
1257 1162 283 48 (33-22472)

345 1255 354 54 Tennessee.
774 1257 187 58 Laws,
991 1261 260 61 statutes,
1283 1261 101 48 etc.

419 1337 134 49 1933
596 1335 382 68 Supplement
1014 1340 60 47 to
1111 1333 262 55 Michie’s
1411 1336 313 51 Tennessee
1761 1334 136 55 code
1935 1334 64 53 of
2038 1337 164 64 1932;
348 1353 2000 131 containing
616 1416 77 52 all
731 1415 95 53 the
865 1416 232 68 general
1137 1414 139 53 laws
1315 1414 64 54 of
1419 1417 151 49 1933.
1650 1414 297 69 Complete
1987 1414 383 53 annotations.

346 1495 202 55 Under
578 1495 96 53 the
702 1494 271 54 editorial
1002 1493 362 70 supervision
1394 1494 64 54 of
1486 1496 70 52 A.
1587 1497 254 51 Hewson
1869 1495 232 68 Michie,
2133 1494 239 55 assisted

346 1576 76 68 by
461 1575 168 56 Chas.
665 1577 90 53 W.
798 1575 245 55 Sublett.
1122 1574 487 69 Charlottesville,
1648 1576 125 67 Va.,
1811 1575 122 53 The
1970 1573 215 56 Michie
346 1593 2001 131 company,
551 1659 152 49 1933.

416 1729 530 51 3 p. l., 98 p. 26½cm.
351 1784 1644 53 © Aug. 24, 1933; 2c. and aff. Aug. 26; A 64845; Michie co.
344 1881 316 64 Torrance,
690 1880 255 55 Arthur.

419 1958 410 69 Junglemania;
902 1957 307 70 exploring
1243 1959 95 51 the
1372 1957 229 69 jungles
1638 1957 95 53 for
1767 1957 232 68 science,
2034 1957 78 69 by
2145 1959 227 52 Arthur

347 2036 1830 71 Torrance … Sydney, Angus & Robertson limited, 1933.
423 2112 1277 51 xii p., 2 l., [3]-302 p., 1 l. front., plates. 19cm.
353 2167 2023 53 © 1c. Aug. 3, 1933; A ad int. 18064; pubd. June 15; Macaulay co., New
417 2230 147 39 York.
636 2229 284 49 (33-21915)

344 2305 284 65 Waddell,
656 2306 157 53 John
843 2304 306 67 Franklin,
1182 2310 173 50 1885-

417 2382 1893 71 Long ago, by John Franklin Waddell … and Amy Perry …
346 2463 141 55 New
517 2463 181 68 York,
728 2464 122 52 The
877 2462 341 54 Macmillan
1246 2481 300 50 company,
1579 2465 150 51 1933.

452 2536 1084 51 x p., 1 l., 280 p. incl. front., illus. 19½cm.
353 2593 1768 52 © June 13, 1933; 2c. and aff. June 14; A 63156; Macmillan co.
431 2655 284 49 (33-21368)

345 2729 400 66 Washington
787 2731 220 68 (State)
1092 2730 186 68 Laws,
1307 2735 260 64 statutes,
1597 2737 101 47 etc.

346 2810 2025 152 … Remington’s revised statutes of Washington. 1933 annual pocket part for volume 12. Index … San Francisco,
347 2970 593 70 Bancroft-Whitney
977 2989 301 51 company,
1316 2974 151 52 1933.

417 3045 287 48 cover-title,
749 3045 57 41 87
850 3055 42 40 p.
967 3046 146 40 22½cm.

425 3103 120 40 This
567 3104 255 47 pamphlet
842 3103 42 39 is
910 3106 48 37 to
983 3104 56 39 be
1064 3102 140 41 fitted
1230 3103 102 39 into
1358 3103 81 39 the
1465 3103 173 47 pocket
1663 3105 53 39 at
1742 3103 80 39 the
1849 3102 124 41 back
1998 3102 52 41 of
2076 3103 79 40 the
2182 3103 193 42 volume

349 3161 52 40 of
427 3162 84 39 the
538 3164 74 37 set
638 3164 50 36 to
715 3159 160 40 which
901 3159 40 41 it
968 3159 214 48 belongs.

353 3215 2021 52 © Aug. 22, 1933: 2c. Aug. 31; aff. Aug. 30; A 65090; Bancroft-Whitney
423 3287 67 29 co.

346 3347 309 68 Williams,
687 3349 266 65 Charles,
986 3352 174 50 1886-

422 3431 212 53 Bacon.
663 3430 76 66 by
767 3428 239 55 Charles
1032 3429 307 54 Williams.
1415 3430 262 66 London,
1703 3430 71 53 A.
1804 3429 223 53 Barker
2054 3429 102 53 ltd.
2193 3434 171 62 [1933]

421 3512 42 38 V,
496 3503 87 40 318
611 3513 44 37 p.
715 3502 152 41 front,
897 3501 173 50 (port.)
1139 3503 119 41 22cm.

355 3557 2017 52 © 1c. Aug. 1, 1933: A ad int. 18058; pubd. June 6; C. Williams, London.
433 3618 283 48 (33-22026)

347 3694 197 65 Wolff,
571 3695 92 64 H.,
691 3692 149 70 firm,
865 3696 140 52 New
1036 3694 180 54 York.

421 3774 162 66 Type
611 3774 163 53 book.
852 3774 139 53 New
1022 3774 182 57 York,
1232 3775 75 52 H.
1338 3774 181 55 Wolff
1556 3779 193 64 [c1933]

422 3845 945 51 xi, [4] p., 1 l, 397 p. illus. 21½cm.
423 3904 208 41 Pockets
661 3904 53 41 of
745 3908 318 45 transparent
1093 3916 151 37 paper
1274 3906 79 40 for
1384 3905 274 41 additional
1694 3908 113 46 type
1836 3916 147 37 pages
2017 3906 96 39 and
2145 3907 224 47 samples,

351 3959 161 42 bound
543 3961 49 40 in
621 3966 53 37 at
701 3964 106 39 end.

357 4015 2016 55 © July 15. 1933; 2c. and aff. Aug. 4; A 63796; Harris Wolff estate. New
426 4077 145 41 York.
644 4078 282 48 (33-20409)
