2597 4403
1309 4067 103 51 232

433 465 1665 51 ix, 166 p. front., plates, ports., facsim., geneal. tab. 25 ½ cm .
366 536 52 53 ©
450 541 113 40 Dec.
593 540 70 46 15,
694 538 142 47 1932;
869 538 68 41 2c.
969 540 96 39 and
1097 537 82 40 aff.
1213 537 110 40 Feb.
1355 536 71 49 27,
1458 536 142 49 1933;
1633 538 41 39 A
1704 537 172 49 60441;
1913 537 232 48 Supreme
2178 534 201 45 council.

433 598 99 47 33°,
561 596 210 41 Ancient
798 597 97 39 and
922 596 229 47 accepted
1183 594 214 41 Scottish
1427 594 93 41 rite
1549 596 53 39 of
1630 596 356 47 Freemasonry
2015 596 53 40 of
2097 596 84 40 the
433 593 1931 101 Southern

551 653 317 48 jurisdiction
902 653 52 40 of
987 653 82 40 the
1103 653 56 40 U.
1196 652 45 41 S.
1274 653 69 47 A.,
1379 652 340 49 Washington.
1788 653 254 51 (33-5464)

356 755 322 56 Louisiana
743 757 115 52 and
923 755 289 56 Southern
1273 755 204 71 digest.
1555 759 135 50 1932
1752 758 348 53 cumulative
2165 758 213 52 annual

428 836 207 69 pocket
662 842 136 63 part
826 836 97 52 for
950 837 111 51 vol.
1092 838 83 50 30.
1216 835 180 55 Table
1425 835 63 54 of
1519 854 151 37 cases
1700 835 260 71 digested
1991 836 113 53 and
2131 836 154 54 table
2316 836 64 55 of

427 914 1947 72 statutes construed … St. Paul, West publishing co. [ c 1933]
430 990 59 43 86
514 1001 46 40 p.
615 989 59 42 25
674 992 46 22 cm
725 1022 10 10 .

434 1048 298 41 Cover-title.

435 1105 120 40 This
577 1104 251 48 pamphlet
853 1103 42 40 is
921 1106 49 38 to
994 1104 59 40 be
1073 1104 139 40 fitted
1238 1103 104 41 into
1369 1104 84 41 the
1475 1107 176 46 pocket
1673 1107 55 39 at
1750 1106 82 41 the
1856 1106 125 41 back
2006 1106 53 41 of
2084 1107 81 40 the
2190 1106 191 42 volume

362 1163 52 40 of
441 1162 85 42 the
551 1164 77 40 set
653 1163 53 40 to
731 1160 161 43 which
919 1160 41 42 it
986 1160 213 49 belongs.

367 1216 52 53 ©
451 1221 109 40 Jan.
593 1220 70 47 31,
695 1218 115 42 1933
829 1230 8 36 ;
871 1218 67 41 2c.
972 1218 110 41 Feb.
1116 1219 84 47 13;
1233 1217 81 41 aff.
1348 1218 113 40 Feb.
1493 1219 82 48 15;
1610 1220 44 39 A
1682 1220 171 48 60286;
1890 1222 137 41 West
2056 1220 111 51 pub.
2199 1232 69 32 co.

361 1323 330 67 McCorkle,
722 1323 167 56 Paul.

434 1400 232 71 College
701 1400 264 70 physical
1000 1400 215 54 science
1273 1400 93 68 [by]
1406 1399 151 54 Paul
1590 1397 327 67 McCorkle,
2041 1441 10 10 PH.
2126 1440 9 9 D.
2174 1399 114 52 and
2324 1398 56 55 J.

361 1480 227 53 Arthur
622 1478 205 70 Lewis,
918 1524 11 11 M.
1009 1522 11 11 A.
1094 1480 163 54 West
1294 1479 254 66 Chester,
1583 1479 121 66 Pa.,
1742 1476 231 56 Science
2008 1477 173 67 dept.,
2220 1475 162 56 State

361 1561 254 52 teachers
643 1559 214 68 college
891 1594 13 33 [
908 1565 19 21 c
933 1563 134 49 1933
1073 1592 13 35 ]

436 1633 87 41 158
549 1643 44 37 p.
654 1632 180 48 diagrs.
895 1631 57 41 23
955 1633 45 22 cm
1005 1664 8 9 .

436 1689 351 42 “References”
816 1692 52 38 at
895 1690 93 40 end
1017 1689 52 40 of
1094 1690 129 39 most
1248 1688 52 39 of
1327 1687 82 40 the
1437 1687 241 47 chapters.

367 1745 52 53 ©
458 1750 110 40 Jan.
605 1749 70 48 30,
713 1747 142 48 1933;
894 1748 69 40 2c.
999 1749 96 39 and
1134 1746 83 42 aff.
1256 1747 113 41 Feb.
1406 1747 83 46 17;
1529 1746 43 38 A
1607 1742 170 50 59588;
1819 1745 53 40 P.
1910 1743 258 42 McCorkle
2204 1745 96 40 and
2339 1744 45 42 J.

435 1806 190 41 Arthur
653 1805 171 49 Lewis,
856 1806 137 40 West
1024 1804 216 47 Chester,
1272 1804 85 40 Pa.
1428 1802 252 50 (33-5450)

358 1909 308 66 Manning,
697 1908 259 57 William
984 1909 151 65 Ray,
1168 1906 175 55 1871-
1556 1906 85 53 ed.

429 1987 359 70 Diplomatic
843 1987 484 70 correspondence
1381 1985 65 54 of
1498 1985 98 55 the
1651 1985 220 55 United
1928 1985 220 68 States;
2204 1986 176 54 inter-

357 2069 310 52 American
695 2064 217 72 affairs,
939 2069 332 65 1831-1860,
1296 2066 243 53 selected
1565 2066 114 53 and
1706 2065 285 70 arranged
2017 2066 76 70 by
2117 2066 265 56 William

359 2145 2022 72 R. Manning … Volume iii. Central America, 1831-1850,
359 2227 331 54 documents
745 2229 260 50 723-995.
1079 2225 408 70 Washington,
1539 2225 283 69 Carnegie
1872 2226 360 54 endowment
2285 2226 97 54 for

359 2305 415 54 international
803 2324 188 51 peace,
1022 2309 154 52 1933.

436 2392 98 28 xxv
566 2392 58 37 p.,
656 2379 29 40 2
750 2411 8 17 l.,
791 2379 146 41 3-561
968 2390 45 38 p.
1072 2380 118 40 fold.
1223 2388 151 39 maps.
1438 2379 61 40 25c
1515 2381 28 21 m
1547 2411 7 7 .
1629 2379 300 50 (Half-title;
1961 2378 341 43 Publications
2333 2383 53 39 of

364 2439 82 40 the
489 2437 236 49 Carnegie
768 2438 305 40 endowment
1118 2437 78 41 for
1239 2436 357 41 international
1638 2448 160 38 peace.
1872 2437 224 41 Division
2142 2439 52 39 of
361 2438 2005 97 international
613 2497 110 46 law,
753 2494 350 49 Washington)

367 2548 52 53 ©
457 2553 111 40 Feb.
605 2551 68 47 10,
711 2551 143 47 1933;
890 2551 68 42 2c.
995 2553 98 38 and
1127 2551 83 42 aff.
1247 2550 112 42 Feb.
1395 2550 82 48 23;
1516 2551 41 39 A
1593 2549 170 49 59656;
1805 2551 237 49 Carnegie
2078 2553 306 41 endowment

436 2608 79 41 for
539 2607 357 42 international
922 2616 159 40 peace.

362 2712 292 65 Maxwell,
682 2713 141 54 Mrs.
851 2712 178 64 Mary
1063 2711 298 66 (Benson)
1399 2717 172 50 1900-

431 2792 123 52 The
609 2791 318 68 genealogy
981 2789 64 54 of
1099 2790 98 53 the
1253 2790 1129 55 Benson—Latimer—Reed—Durham

360 2870 115 54 and
500 2869 316 54 associated
841 2867 269 54 families.
1173 2870 92 68 By
1288 2869 174 69 Mary
1487 2870 227 54 Benson
1738 2870 273 53 Maxwell
2034 2869 178 70 <Mrs.

361 2868 1996 135 Willis
464 2947 311 66 Maxwell])
846 2982 12 33 [
865 2946 279 69 Orlando,
1177 2948 144 67 Fla.,
1353 2948 123 54 The
1506 2947 174 56 Dixie
1711 2967 175 52 press,
1919 2952 136 51 1932
2060 2983 13 35 ]

432 3023 27 39 2
486 3034 44 37 p.
592 3054 8 16 l.,
629 3022 117 41 3-59
771 3033 44 38 p.
875 3022 119 40 fold,
1021 3022 185 48 geneal.
1234 3021 97 42 tab.
1387 3023 86 49 231
1477 3026 44 21 cm
1526 3055 10 8 .

434 3081 180 39 Errata
641 3080 95 48 slip
760 3080 231 39 mounted
1017 3090 61 30 on
1102 3091 41 37 p.
1169 3081 26 40 3
1221 3081 53 40 of
1297 3088 156 33 cover.

435 3138 324 40 “References
789 3138 97 39 and
916 3135 398 50 bibliography”:
1346 3148 43 38 p.
1419 3139 39 41 7.

367 3191 52 53 ©
456 3196 112 41 Feb.
603 3194 69 49 28,
709 3194 143 48 1932;
888 3194 70 41 2c.
992 3195 114 40 Dec.
1141 3194 83 48 16;
1262 3195 82 41 aff.
1382 3197 112 40 Dec.
1532 3196 82 49 12;
1653 3198 40 39 A
1729 3198 172 49 57718;
1941 3200 61 39 M.
2042 3200 56 42 B.
2135 3202 244 45 Maxwell,

436 3252 229 46 Orlando,
697 3252 104 41 Fla.
872 3250 253 50 (33-5295)

363 3351 271 70 Michael,
665 3356 256 65 Jerome,
954 3359 173 52 1890-

434 3432 1945 73 Crime, law and social science, by Jerome Michael … and
359 3512 1993 146 Mortimer J. Adler … New York, Harcourt, Brace and company;
581 3590 261 66 London,
874 3592 74 52 K.
984 3592 166 62 Paul,
1184 3593 243 67 Trench,
1460 3595 263 53 Trubner
1755 3599 46 51 &
1833 3615 98 46 co.,
1964 3598 123 68 ltd.,
2125 3603 150 51 1933.

431 3663 135 48 xxix,
602 3662 88 42 440
726 3673 41 38 p.
829 3662 57 40 22
888 3665 44 21 cm
938 3694 9 10 .
1017 3664 304 48 (Half-title:
1358 3667 359 41 International
1756 3667 187 51 library
1980 3670 53 40 of
2068 3672 308 50 psychology,

362 3720 291 49 philosophy
682 3722 97 38 and
810 3721 237 43 scientific
1076 3722 223 48 method)

434 3777 134 41 First
602 3777 164 41 issued
801 3778 50 40 in
884 3778 116 41 1932
1032 3780 155 40 under
1219 3780 137 41 title:
1391 3781 73 40 An
1498 3782 228 42 institute
1760 3785 52 39 of
1843 3783 318 51 criminology
2194 3788 96 40 and
2323 3788 54 41 of

361 3833 226 42 criminal
619 3834 195 49 justice.

364 3891 55 54 ©
449 3897 109 41 Feb.
590 3899 68 45 16,
691 3898 113 42 1933
822 3910 9 37 ;
864 3899 68 41 2c.
963 3901 95 40 and
1091 3900 83 42 aff.
1206 3901 111 41 Feb.
1348 3901 83 49 20;
1464 3903 41 39 A
1535 3903 170 49 59570;
1740 3906 262 49 Harcourt,
2037 3908 158 42 Brace
2222 3909 39 41 &
2290 3917 82 39 co.,

435 3953 89 42 inc.
607 3951 52 53 [©
689 3967 107 29 new
824 3958 195 48 matter]
1093 3957 253 52 (33-5465)
