2484 4405
1101 4071 134 54 1247

138 432 129 53 Van
298 428 187 66 Dyke,
517 427 211 63 Julius,
764 429 170 49 1896-

270 489 1871 83 … Chinese lovesong … Garden City, N. Y., Doubleday,
142 588 194 51 Doran
365 588 49 49 &
443 600 298 50 company,
770 580 127 66 inc.,
927 579 151 52 1933.

212 667 587 55 6 p. l., 3-325 p. 21 cm .
211 744 64 39 At
299 743 126 39 head
450 740 55 40 of
528 740 134 40 title:
691 739 42 39 J.
759 738 106 39 Van
891 735 151 48 Dyke.

213 798 160 41 “First
402 794 227 44 edition.”

213 854 195 40 London
434 852 182 43 edition
646 849 261 51 (Jarrolds,
933 844 214 53 limited)
1216 854 54 31 has
1297 842 134 43 title:
1461 841 205 43 Chinese
1692 841 125 41 dust.

149 909 1995 65 © Sept. 6, 1933; 2c. and aff. Sept. 7; A 64935; Doubleday, Doran &
218 994 80 34 co.,
327 982 87 39 inc.
486 976 279 52 (33-23175)

145 1085 127 53 Van
302 1083 226 65 Ormer,
557 1081 304 54 Abraham
890 1080 239 52 Brower
1157 1079 189 61 Bunn,
1378 1080 170 51 1869-

216 1160 368 70 Ministering
619 1168 57 46 to
715 1159 138 69 boys
891 1158 113 52 and
1041 1154 160 70 girls,
1235 1156 76 66 by
1346 1154 69 54 A.
1457 1156 65 50 B.
1562 1154 172 51 Bunn
1771 1169 108 34 van
1920 1149 219 55 Ormer.

148 1240 364 68 Burlington,
579 1259 64 46 Ia.,
672 1239 120 52 The
822 1236 292 53 Lutheran
1145 1234 238 68 literary
1409 1233 196 58 board,
1637 1234 149 50 1933.

218 1327 85 40 165
334 1338 42 37 p.
436 1326 162 46 front.,
628 1325 128 39 illus.
785 1323 131 47 (incl.
947 1320 136 50 map)
1122 1321 177 46 diagrs.
1361 1318 56 42 20½cm.

495 1419 60 5 CONTENTS.—
557 1397 69 48 pt.
658 1393 43 42 1.
730 1393 347 47 Justification,
1107 1390 291 49 underlying
1426 1388 276 50 principles,
1731 1388 95 39 and
1856 1386 290 48 procedures

151 1457 51 38 of
227 1454 306 49 ministering
559 1458 48 36 to
633 1454 116 46 boys
775 1454 95 38 and
897 1450 268 50 girls.—pt.
1191 1448 42 41 2.
1262 1449 239 41 Sermons.

153 1523 51 52 ©
229 1528 119 46 Aug.
375 1528 39 45 1,
439 1526 139 46 1933;
605 1526 67 39 2c.
698 1523 119 49 Aug.
844 1524 81 46 18;
953 1522 82 41 aff.
1062 1522 119 48 Aug.
1208 1522 82 40 17:
1318 1521 42 38 A
1384 1519 171 47 64761;
1584 1520 53 38 A.
1667 1520 53 40 B.
1748 1518 54 40 B.
1906 1529 29 27 Van
1964 1516 183 48 Ormer,

221 1582 332 49 Huntingdon,
581 1583 82 38 Pa.
737 1580 279 50 (33-23236)

148 1685 238 65 Veblen,
418 1685 251 65 Oswald,
704 1689 171 51 1880-

288 1753 1857 78 … Projektive relativitätstlieorie, von O. Veblen; mit 3
151 1839 235 70 figuren.
454 1840 217 67 Berlin,
699 1840 56 54 J.
787 1839 297 68 Springer,
1115 1841 152 50 1933.

223 1926 41 36 v,
303 1916 68 46 73,
413 1915 53 50 [1]
505 1925 41 37 p.
613 1913 179 48 diagrs.
856 1913 56 39 24
915 1914 43 21 cm
965 1944 8 7 .
1049 1911 314 50 (Ergebnisse
1401 1910 84 41 der
1524 1907 323 42 mathematik
1885 1907 98 40 und
2021 1904 133 43 ihrer

151 1968 718 51 grenzgebiete … 2. bd., 1)
225 2040 637 43 “Literaturverzeichnis”:
894 2052 43 36 p.
968 2039 158 42 68-73.

159 2098 1829 58 © Apr. 4, 1933; 2c. June 19; A-Foreign 21286; Julius Springer.
236 2164 279 48 (33-24229)

154 2266 178 66 Viles,
364 2267 200 65 Jonas,
601 2265 170 55 1875-

226 2338 1867 76 A history of Missouri for high schools, [by] Jonas Viles …
155 2421 139 53 New
322 2421 179 69 York,
527 2422 120 52 The
673 2420 335 55 Macmillan
1035 2438 299 51 company,
1364 2425 151 50 1933.

232 2494 82 48 vii,
341 2494 86 40 269
453 2506 43 36 p.
525 2494 109 41 incl.
660 2493 164 49 front.,
851 2495 128 40 illus.
1039 2504 138 39 maps
1206 2494 48 47 (1
1283 2494 196 48 double)
1549 2493 56 40 20½cm.

236 2563 126 43 “The
392 2565 105 42 text
525 2565 41 40 is
597 2562 267 44 consistent
891 2564 300 49 throughout
1220 2564 119 41 with
1370 2565 81 41 the
1482 2576 168 30 course
1683 2563 51 43 of
1764 2565 145 48 study
1938 2564 78 41 for
164 2564 1977 98 Missouri

328 2621 188 49 history
548 2622 50 38 in
629 2622 114 48 high
776 2622 188 40 schools
994 2620 165 43 issued
1191 2622 59 47 by
1282 2624 82 39 the
1398 2621 136 42 State
1564 2622 308 48 department
1905 2622 53 41 of
161 2623 1980 98 education.”—Pref.

236 2733 302 51 “Readings”
565 2737 53 38 at
645 2736 91 39 end
767 2735 51 40 of
847 2735 119 40 each
994 2735 214 49 chapter.

166 2803 51 51 ©
248 2808 117 46 Aug.
396 2805 70 48 29,
497 2806 112 39 1933;
669 2804 66 41 2c.
769 2807 94 37 and
895 2804 81 41 aff.
1008 2803 121 50 Aug.
1160 2805 82 46 30;
1277 2806 40 37 A
1350 2804 170 49 65078;
1556 2805 281 42 Macmillan
1869 2818 66 29 co.

243 2862 279 49 (33-23025)

161 2963 230 66 Vivian,
425 2965 277 65 Herbert,
736 2966 174 51 1865-

166 3037 1970 153 Kings in waiting, by Herbert Vivian … London, H. Hamilton [1933]
239 3194 86 41 304
352 3207 43 36 p.
454 3195 164 47 front.,
647 3195 148 48 ports.
856 3195 55 40 23
914 3197 44 22 cm
963 3229 10 9 .

169 3254 1994 68 © 1c. Aug. 23, 1933; A ad int. 18130: pubd. June 29; Hamish Hamilton,
237 3321 210 41 London.
518 3321 281 49 (33-24647)

166 3424 261 64 Watson,
456 3426 137 52 Mrs.
622 3425 192 53 Mabel
842 3423 307 69 Maitland,
1181 3432 170 49 1880-

234 3503 57 51 A
327 3501 309 69 secondary
673 3502 190 55 school
898 3504 177 55 music
1113 3523 191 35 course
1342 3506 59 52 in
1437 3506 372 68 preparation
1845 3508 94 51 for
1971 3508 191 54 school

167 3576 302 57 certificate
518 3582 112 50 and
675 3581 428 56 matriculation
1150 3583 433 61 examinations,
1629 3587 75 64 by
1749 3588 78 50 M.
1875 3586 287 54 Maitland

168 3652 1994 78 Watson; with a preface by Sir Arthur Somervell … v. 1.
171 3732 1387 79 1st year. London, Boosey & co., ltd. [ c 1933]
242 3809 87 40 130
352 3820 43 37 p.
450 3808 127 41 illus.
607 3809 199 48 (music)
842 3812 178 46 diagrs.
1077 3812 59 41 22
1138 3815 15 20 cm
1187 3846 8 8 .

245 3877 95 40 “To
365 3877 56 41 be
448 3879 116 39 used
591 3878 268 51 conjointly
883 3880 120 41 with
1030 3881 82 41 the
1139 3882 180 48 Pupils’
1347 3882 190 42 books.”

178 3938 1908 71 © 1c. Aug. 5, 1933; A ad int. 18078; pubd. Aug. 1: Boosey & co., ltd.
254 4004 278 51 (33-24378)
