2582 4453
1337 4146 101 51 548

453 528 235 41 “Preface
720 531 48 38 to
801 528 115 41 1933
949 528 214 41 edition”
1197 527 196 48 signed:
1429 527 50 42 C.
1513 527 55 40 R.
1603 526 263 49 Robinson,
1899 526 324 49 commander,
2260 526 54 41 U.
2351 527 47 42 S.

379 587 156 48 Navy.

383 642 53 52 ©
470 646 111 40 Feb.
614 644 70 48 22,
716 643 141 48 1933;
893 644 67 40 2c.
994 645 124 40 Mar.
1148 644 83 46 14;
1267 642 82 41 aff.
1384 643 121 39 Mar.
1538 643 82 47 18;
1655 643 40 39 A
1726 642 172 47 60671;
1934 643 55 40 U.
2026 643 44 41 S.
2104 644 147 39 naval
2284 643 114 42 inst.

454 696 71 57 [©
553 701 312 48 corrections,
897 701 249 40 additions
1177 702 97 39 and
1303 700 348 50 illustrations]
1724 700 283 49 (33-10135)

378 804 316 55 Nebraska
741 806 113 52 and
901 805 189 53 North
1137 809 240 48 western
1423 803 206 70 digest,
1675 804 271 70 covering
1992 806 76 51 all
2115 823 151 36 cases
449 822 1921 131 reported

686 885 62 52 in
778 883 298 55 Nebraska
1108 889 242 62 reports,
1383 884 188 53 North
1606 888 243 48 western
1881 888 259 64 reporter
2174 884 113 52 and
2319 884 78 51 all

449 963 64 54 of
546 964 96 53 the
676 964 174 53 north
886 969 240 47 western
1161 968 175 49 states
1369 968 225 63 reports
1630 962 155 55 from
1819 963 98 54 the
1952 962 230 54 earliest
2213 962 184 70 times,

448 1044 141 52 with
628 1050 233 46 current
896 1042 349 54 cumulative
1281 1042 207 69 pocket
1524 1041 213 54 service
1774 1042 248 69 keeping
2056 1043 116 54 this
2210 1043 189 70 digest

450 1120 1948 71 always to date … Compiled and edited by the publisher’s
448 1200 269 55 editorial
770 1197 136 58 staff.
997 1221 52 34 v.
1101 1203 188 52 30-32.
1370 1199 83 57 St.
1505 1202 167 68 Paul,
1719 1203 162 55 West
1929 1202 338 71 publishing
2317 1220 80 37 co.

472 1285 177 65 [ c 1933]
450 1359 26 39 3
506 1369 43 29 v.
606 1357 58 40 26
666 1360 44 20 cm
715 1389 8 8 .

722 1424 119 30 CONTENTS.—v.
885 1411 73 43 30.
1004 1412 518 49 Pleading-Principal
1570 1415 97 39 and
1712 1417 292 44 surety.—v.
2051 1411 72 43 31.
2171 1412 233 41 Prisons-

381 1472 387 40 Railroads.—v.
798 1469 74 43 32.
904 1471 407 48 Rape-Robbery.

383 1525 53 53 ©
466 1530 115 47 Apr.
611 1529 71 46 25,
713 1527 142 49 1933;
888 1528 68 41 2c.
983 1528 120 40 each
1135 1529 97 39 and
1263 1527 109 41 affs.
1405 1529 115 47 May
1550 1529 83 46 11;
1665 1527 42 40 A
1738 1527 350 47 61713-61715;
2122 1530 135 39 West
2290 1528 110 50 pub.

451 1598 67 30 co.

377 1691 152 67 Neil,
561 1692 238 54 Arthur
828 1690 247 58 Fowler.

447 1770 408 54 Man-hunters
900 1769 64 54 of
1010 1769 278 56 Scotland
1329 1769 177 70 yard;
1554 1770 97 53 the
1695 1769 391 55 recollections
2128 1769 64 56 of
2234 1769 164 71 forty

377 1847 2022 73 years of a detective’s life, by Arthur Fowler Neil … Garden
378 1929 156 69 City,
556 1930 71 54 N.
652 1930 91 67 Y.,
767 1928 360 71 Doubleday,
1152 1931 201 52 Doran
1374 1933 47 50 &
1442 1947 302 52 company,
1767 1929 127 69 inc.,
1920 1931 152 52 1933.

452 2005 28 41 6
509 2016 43 38 p.
604 2035 23 17 l.,
656 2003 89 41 275
772 2014 44 38 p.
878 2004 172 49 plates,
1080 2005 151 47 ports.
1291 2003 56 39 21½
1381 2005 45 21 cm
1430 2035 9 9 .

453 2061 165 43 “First
651 2060 229 43 edition.”

452 2121 200 41 London
692 2120 184 41 edition
925 2119 267 50 (Jarrolds,
1231 2118 216 49 limited)
1496 2120 89 41 has
1625 2119 138 41 title:
1803 2119 151 48 Forty
1994 2130 144 37 years
2177 2120 52 41 of
379 2130 2003 98 manhunting.

383 2234 53 53 ©
462 2238 123 40 Mar.
609 2236 70 48 22,
704 2236 142 47 1933;
873 2235 69 42 2c.
968 2236 96 41 and
1091 2234 83 41 aff.
1199 2235 116 48 Apr.
1340 2235 53 47 1;
1422 2235 42 39 A
1488 2234 172 48 62221;
1689 2236 54 39 A.
1772 2235 50 39 F.
1849 2234 124 49 Neil,
2000 2237 213 40 London.

462 2294 283 50 (33-10141)

377 2397 253 54 Nevada
679 2397 113 54 and
844 2394 214 58 Pacific
1110 2396 205 69 digest,
1367 2396 270 69 covering
1687 2397 78 52 all
1817 2417 151 34 cases
2018 2397 269 70 reported
2336 2398 62 53 in

448 2477 239 53 Nevada
717 2481 242 64 reports,
994 2479 340 64 1865-1931;
1369 2473 214 57 Pacific
1614 2483 277 61 reporter,
1922 2477 254 53 volumes
2209 2480 188 66 1-300,

450 2557 113 53 and
599 2559 76 51 all
711 2556 65 53 of
809 2557 96 52 the
939 2553 214 57 Pacific
1187 2561 175 48 states
1394 2560 226 64 reports
1651 2554 156 55 from
1840 2556 97 53 the
1970 2556 231 54 earliest
2230 2557 167 54 times

512 2634 1884 70 … Compiled and edited by the publisher’s editorial staff,
447 2734 51 33 v.
526 2716 188 52 38-40.
793 2713 84 56 St.
905 2716 166 65 Paul,
1095 2716 163 54 West
1283 2713 339 70 publishing
1647 2734 99 48 co.,
1776 2716 151 52 1933.

451 2792 26 39 3
510 2802 44 29 v.
612 2789 58 41 26
671 2792 44 21 cm
721 2822 7 8 .

722 2857 119 29 CONTENTS.—v.
875 2844 73 43 38.
985 2845 563 41 Venue-Wharves.—v.
1584 2843 76 43 39.
1695 2846 325 41 Wills-Work
2057 2848 94 39 and
2189 2849 214 40 labor.—

380 2916 43 30 v.
452 2903 73 43 40.
554 2905 150 40 Table
732 2903 52 42 of
810 2914 137 31 cases
975 2903 234 49 digested.

385 2959 53 53 ©
461 2964 115 47 Apr.
600 2963 70 48 27,
694 2961 113 41 1933;
861 2961 68 42 2c.
953 2962 118 40 each
1097 2962 97 40 and
1218 2961 107 40 affs.
1353 2961 115 48 May
1491 2962 83 46 11;
1601 2962 41 38 A
1666 2961 350 48 61716-61718;
2043 2963 134 41 West
2204 2963 109 47 pub.
2332 2974 66 31 co.

379 3124 123 53 The
524 3141 130 37 new
678 3122 412 55 international
1113 3140 136 50 year
1272 3122 176 67 book;
1477 3142 31 34 a
1534 3124 401 66 compendium
1961 3125 64 54 of
2048 3127 97 54 the
2169 3127 229 53 world’s

451 3202 1883 74 progress for the year, 1932. Editor, Frank H. Vizetelly …
451 3283 139 52 New
620 3281 163 55 York
813 3282 113 53 and
955 3282 260 67 London,
1244 3281 168 54 Funk
1443 3285 45 50 &
1512 3282 303 69 Wagnalls
1843 3303 299 50 company,
2174 3289 151 50 1933.

454 3359 26 37 4
511 3367 43 38 p.
607 3388 22 15 l.,
661 3356 86 41 856
776 3366 43 38 p.
879 3356 173 48 plates,
1083 3359 165 46 ports.,
1280 3366 138 37 maps
1446 3356 136 48 (part
1614 3357 200 49 double)
1854 3357 170 41 tables.
2085 3359 56 40 25½
2190 3362 27 21 cm
2222 3390 8 8 .

387 3409 53 53 ©
468 3415 114 47 May
610 3414 39 46 5,
678 3412 141 48 1933;
849 3413 67 39 2c.
945 3415 95 39 and
1069 3413 83 40 aff.
1181 3414 114 47 May
1323 3414 82 45 17;
1436 3414 39 38 A
1505 3412 171 46 62692;
1709 3414 142 40 Funk
1876 3415 37 41 &
1942 3416 252 49 Wagnalls
2223 3427 67 32 co.

382 3517 145 52 New
558 3517 161 52 York
760 3515 221 70 (State)
1069 3515 180 53 Court
1279 3518 64 68 of
1369 3516 252 68 appeals.

452 3593 1943 70 Reports of cases decided … from and including decisions of
381 3674 143 68 July
560 3677 81 65 19,
674 3676 152 66 1932,
855 3680 59 47 to
947 3674 113 53 and
1092 3673 302 70 including
1425 3674 279 53 decisions
1737 3674 62 54 of
1831 3675 264 66 January
2132 3676 80 63 10,
2245 3675 151 65 1933,

383 3751 139 55 with
562 3760 177 61 notes,
780 3753 317 54 references
1137 3754 112 53 and
1291 3754 189 53 index.
1555 3754 176 54 Louis
1770 3755 57 55 J.
1868 3752 343 70 Rezzemini,
2251 3756 144 51 state

382 3837 259 59 reporter.
733 3849 50 37 v.
815 3835 119 50 260.
1010 3833 251 63 Albany,
1290 3836 58 54 J.
1381 3835 66 52 B.
1482 3835 163 61 Lyon
1677 3852 299 44 company,
2012 3836 152 49 1932.

456 3907 123 47 xliii,
612 3906 87 41 828
728 3918 42 37 p.
831 3907 55 41 23½
919 3909 44 22 cm
968 3939 8 8 .

389 3960 53 53 ©
481 3965 113 47 May
631 3966 39 45 1,
708 3964 116 40 1933;
887 3965 67 40 2c.
993 3966 113 45 May
1142 3967 54 45 4;
1237 3964 83 41 aff.
1358 3966 113 46 May
1508 3966 53 45 3;
1602 3966 39 38 A
1680 3964 172 47 62506;
1894 3964 210 40 Edward
2144 3964 43 40 J.
2228 3963 171 48 Flynn,

457 4025 251 44 secretary
741 4021 52 41 of
828 4022 83 40 the
944 4024 132 38 state
1110 4022 52 40 of
1196 4022 118 39 New
1351 4022 143 46 York,
1532 4022 48 39 in
1619 4024 130 38 trust
1785 4022 79 40 for
1902 4022 79 40 the
2017 4021 176 41 benefit
2229 4022 53 39 of
2318 4020 80 41 the

458 4078 168 49 people
655 4079 53 39 of
760 4079 61 39 the
848 4080 145 46 state,
1024 4079 206 48 Albany.
