2484 4405
1068 4095 134 45 1121

213 528 127 40 “The
363 526 226 41 material
611 527 223 40 included
858 526 49 39 in
929 526 97 41 this
1050 525 121 40 book
1195 524 152 41 forms
1373 525 80 40 the
1477 523 105 40 first
1609 522 107 41 half
1739 522 52 41 of
1814 522 82 41 the
1921 521 219 42 author’s

142 595 105 30 new
276 587 117 44 text,
426 584 228 46 Building
683 581 666 49 citizenship.”—Foreword.

215 640 195 41 “Places
435 640 79 39 for
536 639 195 41 further
757 638 346 41 information”
1133 641 51 37 at
1209 639 92 39 end
1330 638 51 39 of
1408 639 117 38 each
1552 637 213 46 chapter.

146 710 50 51 ©
226 714 124 39 June
377 712 40 47 9,
446 712 139 46 1933;
617 712 67 39 2c.
713 712 118 46 Aug.
861 712 52 44 7;
943 711 80 39 aff.
1054 711 119 47 Aug.
1203 711 51 45 8;
1286 711 40 38 A
1355 709 170 46 64659;
1556 709 147 48 Allyn
1732 708 36 40 &
1797 710 176 39 Bacon.

221 769 279 48 (33-20850)

213 898 1927 70 Economic citizenship, by R. O. Hughes … Boston, New
144 979 160 52 York
339 985 136 61 [etc.]
509 978 180 69 Allyn
721 979 112 52 and
864 979 192 51 Bacon
1093 1011 14 33 [
1112 984 17 21 c
1134 979 152 65 1933]

211 1067 82 38 xiv
318 1076 57 38 p.,
401 1067 24 38 1
486 1097 8 16 l.,
519 1064 99 48 349,
645 1064 27 40 9
697 1075 43 37 p.
800 1065 162 45 front.,
989 1064 142 48 illus.,
1159 1063 179 48 diagrs.
1397 1063 56 39 21
1457 1065 45 23 cm
1505 1096 9 9 .

216 1137 127 39 “The
375 1135 221 41 material
630 1135 224 40 included
885 1135 48 39 in
965 1135 98 39 this
1093 1134 124 40 book
1247 1134 154 40 forms
1432 1136 81 38 the
1546 1134 147 40 latter
1724 1132 109 41 half
1862 1133 52 40 of
1945 1133 82 41 the
144 1143 1978 89 author’s
318 1201 105 31 new
449 1194 118 46 text,
594 1191 233 47 Building
852 1190 667 48 citizenship.”—Foreword.

214 1249 196 39 “Places
436 1249 77 38 for
538 1248 195 40 further
759 1247 347 40 information”
1134 1251 52 37 at
1211 1249 91 39 end
1329 1247 53 40 of
1407 1248 118 40 each
1552 1247 214 47 chapter.

147 1317 50 51 ©
226 1321 129 39 June
379 1320 39 45 9,
448 1319 139 42 1933;
617 1321 67 38 2c.
713 1320 117 46 Aug.
861 1321 52 45 7;
943 1319 82 40 aff.
1054 1320 120 47 Aug.
1203 1319 51 46 8;
1285 1320 42 38 A
1355 1319 170 47 64660;
1557 1320 146 46 Allyn
1731 1319 36 40 &
1796 1319 177 39 Bacon.

221 1377 279 48 (33-20849)

140 1494 250 66 Hunter,
419 1496 229 53 Burton
677 1497 208 64 Leath,
918 1501 170 50 1899-

213 1587 118 52 The
359 1586 288 53 evolution
676 1586 64 53 of
768 1586 313 68 municipal
1112 1586 395 69 organization
1537 1586 114 53 and
1682 1585 461 54 administrative

142 1663 1937 70 practice in the city of Los Angeles, by Burton L. Hunter …
143 1744 110 51 Los
287 1743 265 68 Angeles,
586 1742 236 68 Parker,
861 1741 172 56 Stone
1070 1742 46 50 &
1151 1742 183 53 Baird
1369 1760 99 50 co.,
1504 1744 151 50 1933.

214 1841 75 36 xv,
319 1829 84 41 283
433 1840 41 37 p.
537 1830 178 47 diagrs.
777 1828 55 40 21
837 1831 15 21 cm
885 1861 9 9 .

219 1901 127 39 “The
377 1900 223 39 material
637 1899 275 48 composing
945 1899 98 40 this
1076 1900 298 46 monograph
1408 1909 101 30 was
1544 1900 255 47 presented
1834 1899 50 40 in
1920 1901 80 39 the
2037 1899 107 42 first

147 1957 151 40 thesis
343 1956 262 40 submitted
649 1956 79 40 for
774 1957 79 39 the
899 1956 170 47 degree
1116 1956 53 40 of
1211 1957 183 39 master
1437 1955 53 41 of
1534 1956 184 40 science
1764 1956 51 39 in
1858 1956 161 47 public
144 1957 1980 97 administration
510 2013 52 40 of
594 2014 81 40 the
714 2012 170 41 School
921 2013 53 40 of
1006 2014 314 46 government
1355 2012 53 41 of
1442 2013 80 41 the
1561 2012 285 50 University
1881 2013 52 41 of
145 2012 1980 99 Southern
259 2070 649 41 California.”—Foreword.

215 2127 372 48 Bibliography:
619 2137 44 37 p.
711 2125 235 52 [245]-246.

149 2196 50 51 ©
235 2200 126 39 June
393 2200 69 46 22,
497 2199 140 45 1933;
673 2199 66 41 2c.
775 2199 129 39 June
933 2198 81 47 28;
1052 2198 83 41 aff.
1170 2199 114 47 July
1317 2199 54 47 3;
1408 2199 41 39 A
1483 2199 170 47 63487;
1692 2201 198 46 Parker,
1929 2200 144 39 Stone
2109 2200 37 40 &

215 2257 151 39 Baird
393 2268 68 29 co.
533 2256 279 48 (33-20852)

143 2376 242 64 Hurley,
414 2376 173 55 John.

143 2466 1999 152 Aquarian-age healing … Bio-engineering. By John Hurley … and Helen Sanders … bk. 2. Los Angeles [Printed by
143 2626 161 53 Book
332 2625 264 70 division,
624 2628 234 66 Haynes
885 2625 382 68 corporation]
1303 2630 149 49 1933.

216 2716 27 39 3
270 2726 42 37 p.
374 2746 8 15 l.,
414 2712 176 51 [9]-339
615 2725 42 36 p.
714 2714 143 48 illus.,
886 2714 179 47 diagrs.
1122 2714 55 39 20
1179 2716 46 24 cm
1229 2745 8 7 .

217 2785 135 40 Book
377 2795 87 29 one
490 2785 88 38 has
606 2784 134 39 title;
768 2783 255 48 Aquarian
1048 2794 87 37 age
1162 2784 198 48 healing
1384 2784 79 40 for
1490 2796 106 36 you.

220 2842 144 39 “This
395 2842 106 39 first
534 2840 181 41 edition
748 2841 40 40 is
822 2841 187 40 limited
1043 2844 47 37 to
1126 2853 87 28 one
1246 2842 221 39 hundred
1501 2841 158 48 copies
1693 2842 53 40 of
1778 2842 158 40 which
1970 2843 98 40 this
2102 2844 42 39 is

144 2910 73 29 no.
247 2898 97 40 55.”

151 2964 52 52 ©
235 2969 115 46 July
381 2968 68 46 29,
483 2968 139 46 1933;
657 2968 66 40 2c.
755 2968 119 47 Aug.
906 2969 52 45 8;
993 2968 82 41 aff.
1109 2968 118 48 Aug.
1262 2970 52 45 7;
1350 2969 40 38 A
1422 2968 170 47 63835;
1627 2969 187 48 Hurley
1847 2970 36 39 &
1919 2971 224 44 Sanders,

218 3026 91 39 Los
335 3026 218 47 Angeles.
1936 3025 116 42 7449

144 3141 391 68 Hutchinson,
569 3144 231 54 Arthur
833 3144 530 65 Stuart-Menteth,
1398 3151 168 50 1880-

215 3233 1928 71 The soft spot, by A. S. M. Hutchinson … London, Hodder
146 3313 111 52 and
291 3312 341 69 Stoughton,
665 3316 149 50 1933.

216 3402 84 39 352
338 3413 41 36 p.
448 3401 54 40 19
506 3405 43 20 cm
555 3435 8 8 .

153 3467 1973 111 © 1c. July 29, 1933; A ad int. 18048; pubd. July 20; A. S. M. Hutchinson, Eastbourne, England. (33-20828)
148 3644 333 67 [Huxtable,
512 3648 138 51 Mrs.
680 3644 303 70 Marjorie]
1021 3648 171 54 1897-

214 3734 343 68 Mysterious
592 3756 142 49 way,
767 3737 76 69 by
873 3738 279 69 Marjorie
1188 3739 247 56 Stewart
1496 3741 175 67 [pseud.]…
1878 3742 258 66 London,

144 3812 362 54 Hutchinson
535 3818 45 49 &
605 3834 97 47 co.,
729 3816 102 53 ltd.
885 3819 151 64 [1933]

215 3900 28 39 3
271 3911 42 36 p.
377 3931 8 15 l.,
414 3901 174 40 11-288
615 3912 43 37 p.
715 3902 58 40 19½
803 3905 43 20 cm
852 3934 7 8 .

151 3962 1986 57 © 1c. June 21, 1933; A ad int. 17919; pubd. Apr. 24; M. Huxtable,
216 4022 196 47 Bristol,
444 4025 232 46 England.
748 4025 278 48 (33-20523)
