2582 4453
1373 4130 102 51 618

475 514 104 49 xiii,
601 515 89 40 265
710 526 43 37 p.
813 515 118 41 23cm.

410 569 51 52 ©
489 574 115 48 Apr.
630 575 41 46 4,
699 573 141 46 1933;
870 574 68 41 2c.
964 573 114 49 Apr.
1106 572 84 47 20;
1221 572 82 41 aff.
1332 572 115 49 Apr.
1475 573 84 47 22;
1587 574 43 39 A
1656 574 172 47 61463;
1860 575 61 40 H.
1949 575 72 40 W.
2050 574 151 49 Babb,
2230 575 199 42 Boston,

499 626 53 53 [©
581 642 106 30 new
716 633 197 47 matter]
985 631 285 49 (33-11222)

404 719 270 67 Balyeat,
704 723 133 63 Ray
867 724 257 62 Morton,
1194 728 137 50 1889-

475 800 228 66 Wheat,
739 819 111 50 egg
885 819 65 34 or
984 801 145 53 milk
1167 800 120 54 free
1325 800 165 66 diets,
1526 799 141 55 with
1705 799 215 71 recipes
1957 802 113 53 and
2111 799 139 56 food
2287 800 143 65 lists,

405 878 2024 71 by Ray M. Balyeat … assisted by Elmer M. Rusten … and
404 958 2003 150 Ralph Bowen … Philadelphia [etc.] J. B. Lippincott company [c1933]
477 1114 65 49 xi,
575 1134 71 30 [1],
675 1113 100 49 149,
807 1115 85 48 [22]
922 1125 42 38 p.
993 1113 111 41 incl.
1134 1114 164 47 front.,
1329 1114 129 40 illus.
1519 1125 64 38 pl.
1643 1114 147 42 23½cm.

479 1172 228 41 Includes
745 1172 150 40 blank
930 1182 148 38 pages
1115 1171 81 41 for
1233 1171 316 41 “Additional
1587 1171 214 49 recipes”
1840 1174 96 39 and
1974 1172 149 41 blank
2159 1170 157 45 forms
2352 1173 78 40 for

408 1229 224 51 “Weight
663 1228 198 44 record”
892 1230 97 41 and
1020 1230 160 42 “Food
1209 1227 187 51 diary”.

413 1285 53 53 ©
495 1291 124 39 Mar.
647 1289 70 47 20,
746 1289 115 41 1933;
918 1289 67 40 2c.
1017 1290 96 39 and
1142 1287 81 42 aff.
1252 1289 116 48 Apr.
1397 1289 85 48 22;
1512 1290 41 39 A
1583 1289 171 48 61478;
1787 1290 44 40 J.
1860 1291 55 40 B.
1945 1290 284 49 Lippincott
2255 1303 67 29 co.

492 1347 284 50 (33-11473)

405 1436 221 68 Bemis,
656 1437 213 56 Albert
898 1439 116 52 Far
1019 1437 148 67 well,
1200 1439 173 55 1870-

477 1516 1954 74 The evolving house … Volume I. A history of the home, by
405 1598 210 53 Albert
648 1598 250 52 Farwell
931 1597 193 53 Bemis
1158 1598 116 52 and
1307 1598 158 55 John
1500 1599 323 69 Burchard,
1856 1599 130 53 2nd.
2066 1599 366 71 Cambridge,

406 1679 194 67 Mass.,
632 1678 123 54 The
788 1677 366 69 Technology
1193 1696 176 50 press,
1403 1679 446 55 Massachusetts
1881 1679 266 55 institute
2182 1680 65 54 of
406 1681 2002 146 technology
672 1761 177 64 [c1933]

483 1833 134 46 xxxi,
647 1832 88 41 502
760 1843 44 37 p.
832 1832 110 41 incl.
971 1832 167 48 front.,
1167 1832 131 41 illus.
1327 1832 134 49 (incl.
1491 1832 167 50 plans)
1725 1834 119 41 24cm.

481 1889 381 49 Bibliography:
897 1899 93 31 vol.
1040 1921 9 17 I,
1079 1901 42 37 p.
1168 1889 238 50 [469]-489.

416 1945 53 53 ©
492 1949 115 48 Apr.
663 1950 39 50 17,
727 1949 143 46 1933;
896 1948 68 40 2c.
989 1948 114 48 Apr.
1129 1947 83 47 29;
1241 1947 82 42 aff.
1349 1948 115 48 Apr.
1490 1948 83 48 28;
1601 1949 41 39 A
1668 1949 172 47 62405;
1868 1950 54 41 A.
1950 1949 52 41 F.
2029 1950 179 48 Bemis,
2235 1951 199 41 Boston.

494 2007 285 48 (33-11225)

408 2098 257 65 Benard,
693 2096 224 58 Pierre.

547 2173 1888 70 … Ces messieurs de Buenos-Ayres. Paris, Les Éditions de
414 2254 237 67 France,
682 2256 174 49 c1932.

483 2324 27 40 2
535 2335 43 39 p.
626 2356 24 17 l.,
675 2324 89 42 218
786 2336 58 37 p.,
872 2326 25 39 1
943 2358 8 7 1.
1037 2325 88 41 19cm.
1190 2326 99 42 (On
1315 2337 164 31 cover:
1506 2327 65 39 Le
1595 2325 124 41 livre
1745 2326 392 48 d’aujourd’hui)

484 2383 65 41 At
571 2384 127 39 head
724 2382 52 41 of
802 2382 137 41 title:
967 2381 169 42 Pierre
1161 2383 196 40 Bénard
1383 2393 59 30 en
1467 2382 353 41 collaboration
1850 2394 114 31 avec
1993 2385 184 40 Claude
2203 2384 229 42 Vincelle.

417 2440 53 53 ©
512 2445 113 40 Dec.
664 2444 72 48 30,
777 2443 143 47 1932;
993 2455 36 29 1c.
1073 2444 122 40 Mar.
1238 2443 70 48 10,
1351 2442 142 49 1933;
1537 2443 315 49 A-Foreign
1892 2443 174 48 20211;
2111 2444 228 41 Editions
2379 2445 60 40 de

487 2502 201 41 France.
760 2501 284 49 (33-11273)

411 2591 280 66 Bonardi,
721 2590 172 67 Dino,
925 2597 174 51 1896-

548 2668 1557 67 … La citt à ardente; romanzo di Lodovico il Moro.
414 2666 1997 135 Illustrazioni
590 2747 59 55 di
678 2747 297 53 Leonardo
1001 2748 263 68 Borgese.
1329 2747 238 68 Milano,
1595 2747 327 69 Ravagnati
1957 2750 174 66 [1933]

485 2819 1945 50 296 p., 1 l. incl. 2 pl. 18½cm. (Romanzi storici italiani; collana diretta
414 2878 62 40 da
506 2876 263 43 Valentino
797 2876 207 49 Piccoli)

419 2935 53 53 ©
498 2939 111 41 Feb.
634 2939 70 47 15,
729 2939 114 41 1933;
928 2950 36 30 1c.
992 2940 122 39 Mar.
1139 2940 54 46 1;
1219 2938 315 50 A-Foreign
1559 2938 173 48 20105;
1761 2938 125 42 Casa
1915 2938 203 42 editrice
2144 2934 293 52 Ravagnati.

499 2996 284 49 (33-11268)

414 3087 244 55 Boston.
734 3089 274 52 Museum
1043 3088 64 54 of
1139 3088 115 55 fine
1285 3091 151 53 arts.

548 3162 1891 74 … Portfolio of Chinese paintings in the Museum (Han to
417 3241 1959 90 Sung periods). A descriptive text by Kojiro Tomita …
417 3323 367 70 Cambridge,
819 3325 193 68 Mass.,
1047 3325 145 53 Pub.
1230 3324 93 54 for
1359 3324 95 53 the
1489 3325 264 53 Museum
1788 3323 66 53 of
1886 3323 111 54 fine
2032 3328 137 63 arts,
2203 3324 237 65 Boston,

415 3404 75 69 by
518 3404 95 54 the
640 3404 277 53 Harvard
946 3403 322 70 university
1297 3422 176 50 press,
1505 3407 151 52 1933.

488 3479 65 47 ix,
584 3498 71 30 [1],
682 3478 71 49 20,
783 3497 56 31 [1]
868 3489 58 38 p.,
951 3480 27 38 4
1026 3510 23 17 l.,
1077 3479 86 39 144
1189 3490 63 38 pl.
1311 3478 118 41 49cm.

489 3537 172 41 Issued
683 3536 51 40 in
755 3535 247 50 portfolio.

489 3595 105 40 List
621 3595 53 40 of
701 3595 158 47 plates
887 3594 51 40 in
966 3594 204 50 English
1199 3595 97 40 and
1325 3594 220 42 Chinese.

489 3653 166 39 Plates
683 3652 196 48 printed
906 3652 51 39 in
984 3652 177 49 Japan.

422 3706 53 54 ©
502 3711 111 40 Jan.
640 3712 70 47 14,
737 3710 143 48 1933;
909 3711 67 40 2c.
1004 3711 114 48 Apr.
1147 3712 51 46 7;
1230 3710 82 42 aff.
1340 3710 113 51 Apr.
1483 3711 82 48 24;
1597 3710 40 40 A
1665 3710 173 48 60470;
1870 3712 223 39 Museum
2121 3709 54 41 of
2199 3709 98 41 fine
2323 3708 119 48 arts,

491 3770 198 40 Boston.
761 3768 283 49 (33-11229)

415 3842 277 68 Bradley,
725 3847 188 53 Amos
943 3847 152 63 Day,
1130 3851 172 51 1905-

488 3923 122 52 The
648 3927 294 64 geometry
979 3923 66 53 of
1082 3924 301 70 repeating
1418 3925 201 67 design
1656 3925 118 53 and
1809 3928 293 62 geometry
2139 3920 65 54 of
2241 3918 198 69 design

420 3998 2021 74 for high schools, by A. Day Bradley … Published with the
