2582 4453
1340 4174 134 53 1796

406 571 1722 70 authorities. Rev. ed. … Compiled and published by
2154 575 93 52 the
405 575 1990 146 Congressional
750 651 145 54 club.
972 652 406 67 Washington,
1405 652 72 54 D.
1507 652 82 66 C.,
1619 656 150 49 1933.

475 726 118 48 xlvi,
624 726 99 47 834,
759 726 85 49 [16]
879 737 42 37 p.
952 725 111 40 incl.
1096 726 165 46 front.,
1294 725 127 40 illus.
1486 726 54 39 21
1545 728 43 20 cm
1594 757 8 8 .

477 784 227 40 Includes
733 783 149 40 blank
911 793 147 38 pages
1086 783 80 40 for
1197 782 241 41 “Written
1469 781 230 50 recipes”.

478 840 162 41 Blank
667 851 149 38 pages
843 840 81 40 for
954 839 377 42 “Memoranda”
1373 839 112 50 ([16]
1518 843 51 37 at
1599 840 119 48 end)

477 897 266 41 Published
769 896 51 41 in
847 897 115 40 1927
990 898 154 39 under
1172 897 136 40 title:
1338 897 101 39 The
1467 897 375 48 Congressional
1872 897 109 40 club
2009 897 119 40 cook
2156 897 137 42 book.

478 954 318 49 Advertising
826 956 181 39 matter:
1069 964 43 38 p.
1145 954 218 40 725-747.

407 1021 53 52 ©
485 1026 113 39 Dec.
623 1026 40 46 1,
690 1025 114 41 1933;
860 1025 67 41 2c.
955 1026 94 39 and
1077 1025 83 41 aff.
1186 1026 114 39 Dec.
1326 1025 55 39 15;
1438 1026 39 38 A
1504 1025 146 40 67547;
1707 1025 375 48 Congressional

2110 1025 123 47 club,
479 1024 1933 107 Washington.
735 1082 223 49 (34—170)

410 1188 137 65 Cys,
574 1186 139 55 Eric
738 1187 90 56 de.

543 1265 1886 70 … Le chateau des Mages. Paris, Gautier-Languereau, 1933.
481 1337 88 43 318
597 1351 42 38 p.
703 1338 55 41 18½
792 1340 43 22 crn
841 1371 8 8 .
919 1339 96 49 (On
1045 1350 165 30 cover:
1243 1339 339 50 Bibliothèque
1613 1341 58 41 de
1701 1351 77 30 ma
1809 1340 120 48 fille)

407 1409 1759 60 © Sept. 25, 1933; 1c. Nov. 17; A- Foreign 22689; Éditions
478 1419 1936 107 Gautier-Languereau.
886 1476 224 50 (34-140)

409 1579 233 67 Dandy,
672 1582 227 55 Walter
928 1582 275 65 Edward,
1236 1585 172 50 1886-

480 1660 226 69 Benign
736 1668 219 46 tumors
984 1661 59 53 in
1072 1662 95 53 the
1195 1661 160 54 third
1387 1661 275 53 ventricle
1690 1661 64 53 of
1783 1663 94 51 the
1909 1661 165 53 brain:
2134 1661 294 68 diagnosis

409 1740 1994 147 and treatment, by Walter E. Dandy … Springfield, Ill., Baltimore, Md., C. C. Thomas [c1933]
481 1892 1477 49 4 p. l., 171 p., 1 l. illus., IV fold. tab., diagrs. 25½ cm .
484 1950 167 42 “Read
683 1950 47 39 in
763 1951 221 39 abstract
1014 1951 129 39 form
1176 1954 52 37 at
1259 1951 82 40 the
1371 1950 211 48 meeting
1613 1950 52 40 of

1695 1951 81 39 the
1808 1950 258 40 American
2100 1950 329 48 neurological

412 2005 197 51 society,
638 2007 222 41 Atlantic
888 2007 124 49 City,
1040 2008 57 40 N.
1125 2009 59 46 J.,
1212 2009 128 39 June
1367 2009 40 47 7,
1436 2007 159 42 1932.”

484 2063 381 51 Bibliography:
899 2076 43 39 p.
977 2065 251 51 [170]-171.

409 2134 2024 52 © Dec. 9, 1933; 2c. Dec. 19; aff. Dec. 18; A 68530; Charles C. Thomas.
487 2196 223 48 (34-193)

410 2300 283 54 Dardelet
721 2301 349 54 threadlock
1098 2301 396 64 corporation,
1520 2304 142 51 New
1692 2302 178 53 York.

478 2380 279 53 Dardelet
787 2381 205 52 thread
1022 2381 308 54 handbook
1361 2380 94 54 for
1487 2381 313 68 engineers,
1831 2380 311 69 designers,
2172 2380 112 53 and
406 2396 1997 128 mechanics;
699 2459 337 68 containing

1066 2458 463 69 comprehensive
1562 2458 380 54 information
1974 2458 237 53 relative
2242 2465 58 46 to
2331 2459 96 53 the

408 2536 2019 71 Dardelet self-locking screw thread … New York, N. Y.,
407 2614 279 55 Dardelet
719 2616 337 54 threadlock
1088 2616 384 69 corporation,
1509 2621 149 50 1933.

482 2689 68 48 iii,
579 2689 90 41 220
695 2701 42 38 p.
769 2690 110 41 incl.
910 2690 145 49 illus.,
1089 2692 170 45 tables,
1289 2690 182 49 diagrs.
1532 2691 56 40 18
1591 2693 43 21 cm
1639 2722 9 9 .

409 2756 2023 53 © Dec. 14, 1933; 2c. Dec. 21; aff. Dec. 20; A 67628; Dardelet threadlock
476 2819 312 47 corporation
877 2819 223 48 (34-173)

410 2923 415 67 D’Auvergne,
856 2925 276 53 Edmund
1161 2925 163 53 Basil
1355 2925 266 56 Francis.

477 3001 239 55 Human
752 3002 304 69 livestock;
1098 3023 72 33 an
1210 3009 238 48 account
1485 3003 64 54 of
1586 3004 94 52 the
1718 3005 164 51 share
1920 3003 64 53 of
2019 3004 95 52 the
405 3002 1993 148 English-speaking
728 3083 231 67 peoples

1000 3081 57 51 in
1100 3084 96 52 the
1239 3083 416 67 development,
1697 3082 395 53 maintenance
2135 3082 111 52 and
409 3099 1989 127 suppression
702 3160 64 53 of
800 3162 225 68 slavery
1063 3164 111 52 and
1214 3163 95 51 the
1345 3162 153 52 slave

1535 3161 179 53 trade.
1792 3163 91 65 By
1919 3161 272 53 Edmund
405 3160 1994 146 D’Auvergne.
707 3239 261 68 London,
999 3241 265 68 Grayson
1294 3244 43 49 &
1369 3239 264 55 Gravson
1691 3243 152 64 [1933]

481 3311 26 38 2
532 3320 42 38 p.
602 3312 43 42 h.
676 3311 141 51 [9]-11
849 3323 41 37 p.,
936 3315 19 38 1
1007 3346 7 8 l.,
1057 3299 174 55 17-1288
1257 3324 43 37 p.
1362 3313 55 38 22½
1450 3316 15 20 cm.

406 3365 2023 54 © 1c. Dec. 14, 1933: A ad int. 18480; pubd. Oct. 17; E. B. D'Auvergne,
473 3427 213 40 London.
759 3428 223 50 (34-879)

406 3528 204 66 Davis,
641 3531 249 57 Charles
916 3535 246 59 Gerard,
1194 3535 172 54 1870-

472 3609 120 53 The
645 3610 256 69 built-up
956 3611 132 69 ship
1141 3613 206 59 model,
1398 3614 76 67 by
1526 3611 239 56 Charles
1817 3610 69 56 G.
1940 3609 199 54 Davis.
2219 3607 207 57 Salem,

400 3686 192 68 Mass.,
624 3688 227 55 Marine
887 3693 256 52 research
1180 3692 230 69 society,
1447 3694 150 50 1933.

472 3762 1945 54 viii p., 1 l. , 206 p. front., illus., plates (1 double) plans (2 double)
400 3820 155 47 diagr.
616 3822 57 39 24
676 3825 43 20 cm
725 3854 8 8 .
799 3824 206 48 [Marine
1030 3827 228 39 research
1283 3825 197 48 society,
1509 3825 175 46 Salem,
1711 3826 147 38 Mass.
1920 3821 307 42 Publication
2255 3831 73 30 no.
2353 3820 70 48 25]

472 3878 87 40 “In
591 3880 236 47 selecting
855 3892 26 30 a
916 3884 152 39 vessel
1103 3883 133 40 after
1267 3882 159 41 which
1460 3886 48 38 to
1538 3883 134 40 build
1705 3894 26 29 a
1766 3881 172 45 model,
1972 3881 21 38 I
2027 3879 168 49 picked
2229 3881 84 38 out
2344 3878 81 40 the

403 3935 2022 51 United States brig Lexington … one of the … merchant vessels that were
400 3992 183 49 hastily
617 3998 258 37 converted
913 3997 102 40 into
1050 4007 102 29 war
1187 3998 197 41 vessels,
1420 4001 50 36 at
1505 3996 359 49 Philadelphia,
1901 3996 47 39 in
1984 3991 354 43 1775.“—Pref.

402 4048 53 52 ©
489 4053 119 40 Nov.
641 4053 68 42 15.
745 4054 141 42 1933:
922 4055 66 40 2c.
1024 4056 118 39 Nov.
1178 4057 80 40 17:
1297 4055 81 40 aff.
1415 4056 118 42 Nov.
1569 4055 82 41 28:
1689 4056 38 38 A
1763 4054 173 41 67295:
1975 4052 190 41 Marine
2201 4051 226 39 research

469 4108 197 51 society.
737 4110 225 51 (34-212)
