2484 4405
1067 4106 133 48 1419

112 461 219 65 Magill,
362 462 248 52 Roswell
641 462 228 61 Foster,
904 463 168 48 1895-
1217 457 83 54 ed.

187 531 1916 72 Cases on business organization … by Roswell Magill … and
118 612 1991 68 Robert P. Hamilton, v. l. St. Paul, West publishing co.,
117 698 150 49 1933.

183 795 76 29 xv,
300 782 84 39 .“83
423 793 40 35 p.
532 780 55 39 26
591 783 42 20 cm
641 812 7 8 .

120 847 1743 55 © Sept. 18, 1933: 2c. and aff. Oct. 12: A 65596; West pub. co.
197 908 277 49 (33-29391)

113 1023 217 66 Mikell,
360 1023 253 55 William
645 1023 304 64 Ephraim,
983 1025 170 50 1868-

190 1101 166 54 Cases
395 1119 70 33 on
509 1100 255 52 criminal
810 1099 126 67 law,
978 1098 235 53 selected
1256 1097 149 51 from
1449 1096 274 54 decisions
1764 1095 62 53 of
1867 1095 244 68 English

121 1171 1989 61 and American courts, by William E. Mikell … 3d ed. St.
122 1256 161 61 Paul,
316 1255 155 53 West
506 1252 330 69 publishing
870 1271 95 48 co.,
1002 1255 149 49 1933.

188 1339 130 47 xxiv,
349 1340 83 40 775
462 1349 41 37 p.
564 1339 55 39 26
622 1341 43 20 cm
671 1371 8 7 .
750 1339 279 45 (American
1061 1339 236 39 casebook
1328 1337 163 48 series,
1524 1339 71 39 W.
1627 1339 53 39 R.
1712 1339 174 45 Vance,
1917 1336 195 49 general

119 1396 180 47 editor)

124 1468 50 51 ©
205 1473 112 46 Sept
358 1472 68 44 21,
453 1471 139 40 1933:
622 1472 66 38 2c.
716 1471 93 38 and
836 1469 81 40 ait.
946 1469 100 39 Oct.
1075 1469 81 41 12:
1187 1469 41 38 A
1254 1468 169 45 05595;
1455 1469 133 39 West
1617 1468 106 48 pub.
1754 1479 65 30 co.

203 1528 278 48 (33-29392)

117 1645 279 64 Mitchell,
430 1644 267 55 Cornelia
727 1645 51 53 J.

195 1721 142 54 Care
361 1720 63 53 of
447 1721 94 52 the
565 1719 152 53 hand
743 1720 107 51 and
879 1737 150 47 arm;
1055 1719 378 66 manicuring,
1457 1734 270 51 massage,
1755 1717 70 66 by
1856 1716 259 54 Cornelia

121 1794 1292 71 J. Mitchell. Culver City, Calif. [ c 1933]
191 1883 56 40 69
277 1894 42 37 p.
379 1883 127 40 illus.
570 1883 54 39 20½
657 1885 42 21 cm
707 1915 7 8 .

125 1954 51 51 ©
212 1959 125 46 Sept.
372 1958 38 42 9,
443 1958 139 43 1933;
617 1959 65 38 2c.
717 1958 95 39 and
844 1957 81 40 aff.
962 1958 124 46 Sept.
1121 1956 82 46 28;
1239 1956 41 38 A
1311 1956 170 45 65354;
1518 1956 49 39 C.
1602 1956 41 38 J.
1680 1956 232 45 Mitchell,
1945 1954 177 40 Culver

194 2015 122 48 City.
345 2015 143 41 Calif.
561 2014 278 48 (33-29473)

121 2130 279 67 Mitchell,
432 2134 162 52 Ruth
626 2132 287 64 Comfort,
949 2136 172 49 1882-

124 2208 1973 146 Old San Francisco … by Ruth Comfort Mitchell; decorations by Edward C. Caswell. New York, London, D.
126 2285 1970 144 Appleton-Century
536 2382 296 49 company,
859 2365 420 66 incorporated,
1308 2368 151 48 1933.

195 2451 28 38 4
254 2461 42 29 v.
357 2451 55 40 19½c
460 2452 28 21 m
491 2483 9 9 .

198 2506 286 42 Illustrated
517 2507 363 49 lining-papers.

201 2563 161 43 “First
392 2564 260 50 printing.”

199 2618 399 52 CONTENTS.—[V.
626 2617 41 52 1]
697 2620 120 41 Blue
843 2620 79 41 for
948 2623 109 38 true
1084 2621 106 40 love
1226 2621 123 48 (The
1375 2620 349 49 forties).—[V.
1752 2619 26 40 2]
1824 2620 138 41 Fire!
2002 2622 124 46 (The

131 2676 320 50 fifties).—[V.
485 2675 41 52 3]
561 2676 231 41 Curtain!
837 2678 123 47 (The
992 2678 346 46 sixties).—[V.
1370 2675 26 40 4]
1447 2678 103 40 Tell
1584 2688 120 37 your
1735 2677 227 41 fortune?
2003 2678 123 48 (The

130 2733 262 50 seventies)

133 2803 50 51 ©
230 2808 125 46 Sept.
399 2807 68 44 22,
511 2806 112 39 1933
643 2817 7 30 ;
695 2806 66 39 2c.
805 2806 117 39 each
969 2806 127 46 Sept.
1140 2805 82 40 25:
1268 2805 107 40 aff.
1422 2804 99 40 Oct.
1568 2805 80 46 10;
1694 2805 43 38 A
1780 2804 345 47 65538-65541;

199 2864 56 39 D.
292 2863 472 48 Appleton-Century
801 2873 81 33 co.,
919 2862 90 39 inc.
1084 2860 280 48 (33-29195)

128 2977 381 67 Montauban,
551 2981 253 62 Jacques
844 2980 271 64 Pousset,
1157 2980 151 53 sieur
1346 2980 89 64 de,
1479 2983 134 48 1610
1646 2980 337 66 (ca.)-1685.

262 3055 1863 70 … A dramatic adaptation of Rabelais in the seventeenth
133 3140 262 62 century:
433 3136 107 53 Les
579 3140 297 48 aventures
914 3142 55 46 et
1007 3136 51 52 le
1095 3135 254 68 mariage
1389 3135 68 53 de
1495 3136 267 67 Panurge
1813 3135 191 67 (1674)
2051 3134 74 69 by

137 3214 233 52 Pousset
413 3214 66 51 de
526 3213 372 65 Montauban,
945 3214 138 51 with
1130 3232 30 33 a
1204 3214 130 51 study
1419 3213 62 53 of
1525 3214 89 51 his
1658 3213 104 52 life
1809 3213 112 52 and
1967 3213 161 53 other

137 3291 159 65 plays
337 3291 71 66 by
450 3291 225 52 Marion
719 3291 65 51 F.
828 3291 319 53 Chevalier.
1226 3291 333 65 Baltimore,
1600 3291 139 64 Md.,
1780 3291 122 52 The
1943 3291 183 54 Johns

135 3366 263 67 Hopkins
430 3385 182 49 press;
644 3367 257 66 London,
929 3368 75 51 H.
1033 3367 267 67 Milford,
1332 3368 228 54 Oxford
1591 3369 316 67 university
1940 3387 184 49 press;

139 3452 135 57 etc..
300 3450 119 60 etc.]
457 3448 149 48 1933.

209 3518 82 38 196
359 3549 6 7 p.
441 3518 54 38 25½
528 3520 42 20 cm
576 3548 8 8 .
671 3518 124 46 (The
829 3519 151 38 Johns
1017 3517 222 48 Hopkins
1272 3518 186 40 studies
1492 3519 47 38 in
1577 3519 240 39 Romance
1850 3518 282 41 literatures

136 3575 90 38 and
257 3575 275 46 languages.
593 3576 150 38 Extra
775 3576 88 38 vol.
955 3577 12 40 VI)

206 3631 98 39 The
344 3633 166 37 drama
555 3642 96 27 was
692 3631 212 47 inspired
948 3632 56 46 by
1046 3632 81 38 the
1168 3631 353 44 “Pantagruel"
1564 3632 92 38 and
1700 3631 341 44 “Oargantua”
2084 3633 49 39 of

144 3687 234 39 Rabelais.
438 3688 99 38 The
571 3692 101 35 text
704 3688 40 39 is
775 3688 126 38 from
934 3687 301 49 manuscript
1269 3689 44 37 Z.
1348 3689 53 39 13
1435 3689 50 39 of
1518 3689 80 39 the
1631 3687 338 48 Bibliotlieque
137 3688 1978 95 d'Orleans.

366 3744 33 47 cf.
429 3756 41 36 p.
500 3745 67 39 45.

211 3801 212 41 Preface,
468 3802 327 39 introduction
842 3801 93 39 and
979 3802 337 47 bibliography
1359 3802 162 40 issued
1568 3803 102 39 also
1714 3813 54 29 as
1811 3803 82 40 the
1937 3801 197 41 editor’s

139 3856 149 40 thesis
326 3857 13 47 (PH.
513 3859 12 45 D.)
563 3858 152 39 Johns
745 3858 221 47 Hopkins
995 3858 285 48 university.

207 3913 344 48 Bibliography
572 3925 8 28 :
614 3925 41 37 p.
686 3914 215 40 189-196.

149 3978 1986 55 © Aug. 25, 1933; 2c. Sept. 15; aff. Sept. 19; A 65292; Johns Hopkins
0 0 0 0 press (33-29529)
