2575 4405
1118 4069 67 55 47

141 420 320 65 Masefield,
491 419 174 56 John.

209 498 214 53 Recent
465 513 184 51 prose,
691 494 75 69 by
809 492 160 55 John
1012 491 314 54 Masefield.
1407 491 141 54 New
1594 488 184 69 York,
1822 489 123 54 The
139 489 1983 140 Macmillan
371 590 299 52 company,
701 574 154 50 1933.

209 645 531 50 5 p. l., 294 p. 20 cm .
549 704 102 39 CONTENTS.—The
681 701 174 48 taking
884 701 52 40 of
141 696 1992 113 Helen.—Letters.—Play-writing.—Fox-hunting.—John
458 758 64 42 M.
555 757 298 49 Synge.—At
882 754 398 44 Hereford.—On
1312 754 92 42 Mr.
1433 753 72 42 W.
1539 753 56 42 B.
1628 753 523 42 Yeats.—Chaucer.—

142 816 336 49 Shakespeare
510 816 96 40 and
640 814 231 49 spiritual
903 811 382 43 life.—William
1318 810 418 50 Blake.—George
1771 809 203 43 Crabbe.

146 886 51 53 ©
224 892 109 39 Jan.
358 891 71 47 24,
455 888 141 48 1933;
623 888 68 40 2c.
718 889 96 39 and
842 898 79 28 aff.
950 887 111 40 Jan.
1087 886 83 47 25;
1199 886 42 39 A
1267 884 170 48 59098;
1467 886 44 40 J.
1540 885 264 47 Masefield,
1832 884 174 40 Boar’s
2031 882 120 51 Hill,

215 947 201 47 Oxford,
449 947 235 47 England.
757 943 251 50 (33-2323)

143 1050 280 67 Mulford,
456 1050 278 57 Clarence
767 1050 275 63 Edward,
1075 1055 173 49 1883-

214 1129 122 54 The
360 1129 310 68 round-up,
693 1128 75 68 by
791 1128 273 55 Clarence
1087 1127 71 52 E.
1181 1126 284 53 Mulford.
1524 1124 235 56 Garden
1782 1125 155 67 City,
1960 1125 73 52 N.
2064 1124 85 68 Y.,

145 1206 358 69 Doubleday,
531 1207 199 53 Doran
757 1209 47 50 &
833 1223 298 50 company,
1158 1204 128 66 inc.,
1315 1207 152 50 1933.

217 1282 29 39 4
270 1292 46 39 p.
377 1312 9 17 l.,
415 1279 87 41 312
529 1291 44 39 p.
632 1279 58 42 20
692 1281 44 22 cm
739 1311 10 9 .

220 1338 163 41 “First
410 1336 230 42 edition.”

147 1407 51 52 ©
229 1411 110 39 Jan.
367 1410 42 47 3,
439 1408 114 41 1933;
612 1408 68 40 2c.
711 1408 95 39 and
838 1406 83 42 aff.
952 1407 110 39 Jan.
1093 1407 52 46 5;
1179 1405 41 39 A
1250 1404 171 49 59089;
1456 1404 48 42 C.
1538 1406 54 38 E.
1623 1405 233 49 Mulford,
1889 1404 262 49 Fryeburg,

217 1469 90 39 Me.
377 1465 251 49 (33-2220)

147 1568 328 66 Mussolini,
507 1567 232 66 Benito,
775 1573 172 49 1883-

215 1647 176 56 Talks
437 1646 142 62 with
622 1647 324 69 Mussolini,
989 1648 78 68 by
1110 1646 157 55 Emil
1311 1645 275 70 Ludwig;
1635 1646 317 54 translated
1998 1641 154 59 from

146 1728 95 54 the
290 1728 252 56 German
591 1727 75 68 by
717 1727 166 53 Eden
931 1727 113 52 and
1097 1726 187 56 Cedar
1333 1726 148 53 Paul
1535 1769 56 10 …
1672 1728 235 66 Boston,
1956 1725 197 69 Little;

146 1807 229 68 Brown,
404 1807 112 53 and
545 1824 299 49 company,
875 1810 149 49 1933.

249 1879 67 49 viii,
348 1879 99 49 229,
484 1880 54 48 [1]
571 1890 43 37 p.
675 1879 164 47 front.,
872 1879 150 48 ports.
1082 1876 56 40 22
1141 1879 44 21 cm
1190 1909 9 8 .

149 1949 52 53 ©
235 1953 110 40 Jan.
375 1953 41 40 3.
448 1950 114 42 1933;
623 1950 67 41 2c.
723 1952 98 39 and
854 1950 82 41 aff.
970 1951 110 39 Jan.
1112 1951 53 39 7:
1200 1949 41 39 A
1274 1949 171 48 58752;
1480 1949 164 48 Little,
1679 1951 193 46 Brown,
1899 1950 104 40 und
215 1953 1923 105 company.
429 2008 252 49 (33-2310)

2150 2084 11 23 f

148 2112 229 54 Oxford
408 2112 116 53 and
555 2110 283 66 Asquith,
867 2112 240 63 Margot
1139 2108 282 68 Asquith,
1454 2116 259 51 countess
1744 2112 79 69 of.

215 2189 164 55 More
405 2189 316 69 memories,
747 2191 78 68 by
852 2189 168 69 Lady
1049 2189 248 56 Oxford.
1378 2183 364 74 [Instalment
1775 2195 47 62 1]

249 2267 61 38 (In
338 2262 201 43 London
568 2260 202 53 Sunday
799 2261 166 51 times,
994 2261 126 43 Nov.
1151 2262 41 49 6,
1226 2261 144 50 1932)

151 2318 2006 53 © 1c. Jan. 3, 1933; A ad int. 17456; pubd. Nov. 6, 1932; Emma Alice
219 2380 250 48 Margaret
497 2380 223 39 Tennant
749 2378 224 48 Asquith,
1004 2382 226 38 countess
1261 2378 53 40 of
1342 2379 187 40 Oxford
1561 2380 97 39 and
1685 2378 226 50 Asquith,
1943 2378 214 41 London.

147 2496 177 66 Page,
356 2495 256 57 William
637 2497 282 65 Herbert,
952 2500 172 50 1868-
1338 2498 85 54 ed.

217 2576 57 53 A
298 2574 186 70 digest
511 2576 64 52 of
602 2576 77 52 all
706 2574 267 69 reported
1000 2574 278 58 decisions
1306 2576 65 53 of
1395 2575 95 56 the
1516 2582 189 49 courts
1731 2576 65 53 of
1822 2575 151 56 Ohio
2001 2576 153 56 from

148 2654 95 52 the
275 2654 226 53 earliest
532 2653 201 69 period
763 2659 59 48 to
854 2656 145 51 date.
1075 2651 275 56 Lifetime
1380 2654 65 57 ed
1541 2655 214 53 Edited
1785 2656 78 67 by
1892 2655 272 55 William

149 2732 253 53 Herbert
424 2735 158 66 Page
611 2775 57 9 …
745 2751 53 37 v.
825 2736 48 49 1.
910 2732 290 55 Abandon
1221 2737 60 50 to
1306 2733 274 69 By-laws.
1656 2733 352 69 Cincinnati,
2031 2734 122 54 The

147 2810 91 55 W.
276 2811 79 54 H.
393 2811 304 54 Anderson
735 2830 309 51 company;
1086 2811 423 70 Indianapolis,
1544 2812 123 55 The
1704 2810 446 57 Bobbs-Merrill

149 2908 281 51 company
463 2923 13 35 [
481 2896 19 22 c
503 2893 154 65 1933]

221 2964 66 49 xi,
316 2963 88 43 896
429 2975 44 39 p.
529 2964 60 41 26
587 2967 46 21 cm
639 2998 8 9 .

223 3021 183 40 “There
432 3021 100 39 will
555 3022 58 39 be
637 3033 62 28 no
725 3023 355 46 supplemental
1105 3023 230 47 volumes,
1360 3022 90 41 but
1472 3022 119 41 each
1616 3023 191 40 volume
1833 3023 100 40 will
1959 3024 56 40 be
2039 3024 114 48 kept

153 3081 49 37 to
239 3080 113 39 date
388 3077 120 43 with
543 3079 307 40 semiannual
885 3080 297 39 cumulative
1216 3080 172 47 pocket
1423 3082 138 46 parts
1596 3080 159 43 which
1791 3080 93 50 slip
1919 3081 103 40 into
2058 3083 94 39 and

151 3134 192 41 become
369 3146 33 29 a
434 3139 112 44 part
577 3136 54 40 of
661 3137 83 39 the
776 3136 208 47 original
1016 3136 204 40 volume.
1280 3137 157 39 There
1470 3131 100 46 will
1601 3145 148 32 never
1780 3138 57 40 be
1869 3150 132 29 more
2034 3140 120 41 than

151 3202 89 30 one
270 3193 171 47 pocket
468 3195 112 46 part
607 3193 79 41 for
716 3195 119 39 each
863 3193 429 42 volume.”—Pref.

154 3251 51 52 ©
233 3256 110 40 Jan.
370 3256 68 46 23,
466 3256 140 47 1933;
636 3257 67 40 2c.
731 3258 112 39 Jan.
870 3257 83 47 24;
983 3256 82 42 aff.
1094 3258 111 39 Jan.
1232 3257 82 48 25;
1345 3258 42 39 A
1412 3257 171 49 59126;
1612 3257 75 43 W.
1714 3260 61 39 H.
1804 3260 255 40 Anderson
2088 3271 67 30 co.

232 3312 250 49 (33-2249)

152 3412 292 68 Peabody,
475 3415 245 55 Francis
752 3416 379 58 Greenwood,
1163 3419 170 52 1847-

222 3491 120 52 The
375 3491 234 69 rhythm
643 3492 63 52 of
737 3492 124 68 life,
893 3493 74 69 by
1002 3492 239 55 Francis
1277 3493 349 54 Greenwood
1662 3495 283 70 Peabody.
151 3497 1982 124 Boston
284 3571 112 53 and
428 3568 137 53 New
601 3569 177 68 York,
809 3570 321 68 Houghton
1160 3570 204 53 Mifflin
1399 3590 296 50 company,
1730 3577 152 50 1932.

219 3638 538 52 2 p. l., 35 p. 17½cm.
155 3701 51 52 ©
237 3706 111 41 Dec.
376 3707 41 48 8,
446 3707 112 40 1932;
617 3709 66 39 2c.
715 3709 113 40 Dec.
856 3708 83 48 22;
972 3708 82 41 aff.
1086 3710 110 40 Jan.
1225 3711 41 47 4,
1296 3709 141 49 1933;
1470 3710 41 41 A
1541 3712 170 48 57800;
1746 3714 51 40 F.
1830 3712 53 42 G.
1915 3713 238 49 Peabody,

223 3762 299 50 Cambridge,
550 3765 147 39 Mass.
768 3765 252 50 (33-1970)

149 3859 204 56 Punch.
447 3885 54 34 v.
529 3871 118 64 183,
671 3885 88 36 no.
789 3869 156 68 4767,
973 3871 144 54 Nov.
1147 3873 82 66 16,
1259 3873 152 52 1932.

153 3941 2000 62 © 1c Jan. 14, 1933; A ad int. 17416; pubd. Nov. 18, 1932; Herbert
220 4001 232 48 Heather,
478 4003 214 41 London.
