2582 4453
1311 4147 134 49 1310

429 543 214 40 “Second
677 542 199 47 edition,
910 543 102 39 The
1044 543 131 48 cycle
1207 543 52 40 of
1292 551 160 39 power
1485 544 95 39 and
1615 545 83 39 the
1730 544 199 48 unitary
1964 545 186 46 theory,
2184 542 195 43 written

358 602 177 46 mostly
570 600 48 39 in
653 599 128 46 1929,
818 599 40 40 is
892 610 62 29 an
989 600 307 47 expatintion
1332 600 51 41 of
1417 611 24 29 a
1480 601 185 39 former
1699 600 199 48 edition,
1933 601 198 41 written
2167 602 49 39 in
2251 601 129 49 1928,

359 659 153 38 under
546 658 77 39 the
655 658 107 39 title
791 657 51 40 of:
899 657 102 40 The
1030 658 152 39 dance
1213 658 51 39 of
1295 658 81 39 the
1404 660 240 39 electrons
1675 660 96 39 and
1803 660 80 39 the
1914 659 141 47 unity
2085 660 50 39 of
2167 660 82 39 the
358 658 2004 96 universe;

551 714 132 41 third
709 714 199 46 edition,
935 714 101 40 The
1063 715 214 39 rational
1303 714 343 48 non-mystical
1674 726 200 36 cosmos,
1902 715 197 41 written
2127 718 177 46 mostly
2331 716 48 40 in

359 771 205 41 1930—a
596 772 197 39 further
824 771 322 48 expatiation."

363 839 52 52 ©
446 844 116 45 Aug.
595 844 68 39 31.
695 842 141 42 1933;
868 843 66 39 2c.
970 844 128 46 Sept.
1129 843 52 40 9;
1215 843 82 40 aff.
1331 844 128 46 Sept.
1491 844 51 39 7:
1577 844 38 38 A
1647 844 171 41 65267;
1853 845 50 38 G.
1940 845 49 40 F.
2023 844 212 47 Gillette,
2268 845 117 39 New

438 901 126 38 York
652 900 282 48 (33-25020)

359 1019 176 64 Grey,
567 1018 354 57 Katharine.

435 1096 156 54 Hills
641 1095 63 52 of
752 1095 154 69 gold,
957 1095 71 67 by
1080 1095 324 55 Katharine
1456 1095 182 71 Grey;
1692 1096 140 54 with
1883 1095 380 55 illustrations
2311 1097 72 70 by

369 1176 183 52 Franz
589 1173 211 55 Geritz.
875 1174 234 66 Boston,
1145 1172 194 70 Little,
1376 1175 229 67 Brown,
1643 1176 113 53 and
1793 1193 297 51 company,
2131 1178 146 49 1933.

468 1261 964 49 x. 338 p. incl. front., plates. 21½cni.
433 1321 290 39 Illustrated
764 1319 367 49 lining-papers.

364 1392 52 52 ©
457 1398 128 45 Sept.
622 1396 69 41 22.
729 1394 114 40 1933;
911 1395 66 39 2c.
1016 1395 95 39 and
1150 1394 82 41 aff.
1274 1395 128 47 Sept.
1441 1395 55 38 23:
1565 1395 38 38 A
1641 1395 144 40 65345:
1856 1395 162 47 Little,
2058 1397 192 45 Brown,
2291 1395 95 40 and

431 1464 250 37 company.
754 1452 282 47 (33-24724)

358 1571 374 65 Gwathmey,
767 1569 156 55 John
958 1569 315 66 Hastings,
1313 1573 171 50 1886-

435 1652 262 67 Legends
730 1649 65 53 of
828 1649 271 69 Virginia
1133 1651 385 65 courthouses,
1552 1649 75 69 by
1659 1651 154 54 John
1850 1650 361 68 Gwathmey,
2244 1650 138 53 with

362 1731 185 67 pencil
589 1730 384 53 illustrations
1011 1730 76 67 by
1125 1731 160 66 Lucy
1323 1731 198 66 Payne
1562 1730 234 53 Pinder.
1873 1730 343 66 Richmond,
2255 1731 125 59 Va.,

361 1811 167 53 Press
557 1809 64 54 of
647 1811 95 52 the
771 1810 168 53 Dietz
972 1808 264 70 printing
1260 1827 300 50 company,
1590 1813 149 50 1933.

437 1886 924 51 3 p. l., v-xi, 141 p. plates. 24cm.
434 1961 133 39 Each
602 1961 132 47 plate
766 1959 344 49 accompanied
1145 1960 59 47 by
1238 1959 102 40 leaf
1372 1958 119 40 with
1526 1959 294 48 descriptive
1854 1959 300 48 letterpress.

363 2017 2002 107 “Of this edition 1,000 copies were printed … [Signed] John H. Gwathmey.”
574 2075 119 42 This
724 2086 119 38 copy
876 2077 85 40 not
992 2076 278 41 numbered.

366 2145 52 52 ©
450 2151 117 45 July
598 2151 38 39 1.
668 2149 141 41 1933:
843 2151 67 38 2c.
941 2151 95 37 and
1069 2149 81 39 aff.
1187 2151 127 46 Sept.
1347 2150 48 37 21;
1465 2150 37 37 A
1535 2148 171 42 65320;
1742 2150 43 39 J.
1818 2150 60 39 H.
1912 2149 301 47 Gwathmey,
438 2147 1931 99 Richmond.
671 2207 283 46 (33-24758)

363 2327 263 63 Hadath,
661 2326 233 63 Gunby.

439 2404 1885 69 The mystery of Black pearl island, by Gunby Hadath …
369 2485 136 52 with
535 2484 87 53 six
651 2484 383 54 illustrations
1063 2484 55 52 in
1148 2484 113 53 line
1290 2485 75 67 by
1393 2484 223 68 George
1645 2485 74 52 H.
1750 2482 192 53 Mabie
2036 2484 137 51 New
2202 2483 182 66 York,

369 2563 309 54 Frederick
706 2565 71 54 A.
813 2564 203 56 Stokes
1045 2583 300 49 company,
1379 2567 150 50 1933.

442 2643 63 43 ix,
584 2662 23 30 [1].
636 2643 86 41 308
748 2655 42 37 p.
875 2645 55 38 incl.
959 2644 171 48 plates,
1193 2643 149 40 front.
1404 2642 146 41 19½cm.

371 2711 52 52 ©
458 2717 128 45 Sept.
617 2716 38 40 7.
685 2715 141 40 1933:
859 2716 68 39 2c.
959 2716 96 38 and
1087 2715 81 39 aff.
1204 2717 127 45 Sept.
1364 2715 52 40 9:
1450 2716 42 37 A
1522 2714 170 39 65183:
1730 2713 50 39 G.
1815 2714 216 39 Hadath,
2066 2713 210 39 London.

448 2772 283 48 (33-24661)

364 2894 220 66 Hader,
615 2894 203 56 Berta.

438 2970 223 70 Whiffy
698 2971 296 52 McMann.
1033 2971 71 67 by
1143 2971 172 53 Berta
1354 2971 43 50 &
1437 2969 194 55 Elmer
1668 2968 213 53 Hader.
1958 2966 256 67 London,
2251 2965 135 55 New

379 3050 154 52 York
579 3059 103 59 [etc.]
765 3049 226 53 Oxford
1037 3047 317 69 university
1395 3067 157 51 press
1598 3049 194 67 [c1933]

457 3121 1279 49 [56] p. incl. col. front., illus. (part col.) 18½cm.
470 3181 362 48 "Lithographed
863 3179 47 39 in
943 3181 80 38 the
1056 3179 178 40 United
1267 3178 164 41 States
1459 3179 51 39 of
1539 3178 268 40 America.”

373 3252 51 52 ©
460 3258 129 45 Sept.
622 3257 67 38 21.
724 3255 140 38 1933:
900 3256 65 38 2c.
1000 3255 95 37 and
1129 3253 81 39 aff.
1248 3254 127 46 Sept.
1410 3254 82 37 23:
1528 3252 39 38 A
1601 3251 170 40 65336:
1810 3252 50 38 B.
1897 3251 167 38 Hader
2097 3249 96 39 and
2229 3249 161 38 Elmer

440 3314 180 40 Hader,
654 3313 182 45 Nyack,
871 3312 55 39 N.
959 3311 54 39 Y.
1086 3310 282 45 (33-24725)

367 3429 333 56 Handbuch
746 3432 100 51 der
890 3432 165 50 haut-
1100 3430 116 51 und
1263 3427 731 70 gesohlechtskrankheiten:
2074 3423 314 55 bearbeitet

443 3528 103 34 von
582 3511 67 50 A.
684 3510 330 52 Alexander
1115 3553 8 8 [u.
1159 3528 66 46 a.]
1265 3509 73 50 im
1377 3507 268 66 auftrage
1676 3506 100 52 der
1808 3505 326 53 Deutschen
440 3505 1919 152 dermatologischen

823 3581 1560 74 geselisehaft lirsg. … von J. Jadassohn … 4. bd.
438 3675 47 46 2.
537 3676 38 45 t.
652 3667 492 56 Toxicodermien,
1195 3666 276 68 pellagra,
1524 3662 602 70 piginentanomalien,
2175 3678 206 35 nerven

440 3749 112 52 und
588 3749 155 54 haut,
777 3747 204 68 psyche
1013 3745 112 53 und
1158 3746 155 52 haut.
1395 3744 201 52 Bearb.
1627 3762 108 33 von
1768 3742 62 53 E.
1861 3743 322 52 Guttmann
2230 3758 51 35 [u.
2313 3758 67 46 a.]

442 3828 217 57 Berlin,
690 3828 55 52 J.
781 3826 298 69 Springer,
1115 3828 147 49 1933.

442 3915 74 28 XV.
549 3902 86 39 1490
691 3914 41 34 p.
790 3901 128 39 illus.
950 3900 128 48 (part
1115 3901 111 45 col.)
1267 3899 167 39 tables.
1495 3897 115 40 26cm.

479 3960 194 40 Contains
706 3957 392 48 bibliographies.

372 4019 1900 55 © July 29. 1933; 1c . Sept. 26; A- Foreign 22243: Julius Springer.
