2575 4405
1077 4071 96 47 145

117 433 257 62 Achard,
404 431 165 54 Paul.

249 498 1867 77 … Coup de soleil, roman. Paris, Editions des portiques
123 591 171 66 [1932]

187 654 769 57 2 p. l., [7]-355 p., 1 l. 18½cm.
123 728 51 58 ©
203 734 118 39 Nov.
349 733 39 46 1,
416 730 140 47 1932;
645 762 8 7 1c.
683 729 112 40 Dec.
824 727 56 40 29;
938 725 311 48 A-Foreign
1277 725 170 47 19118;
1478 726 50 38 P.
1559 725 211 47 Achard,
1798 724 155 41 Paris.

201 788 250 50 (33-4194)

117 891 246 66 Adrian,
391 890 201 64 Edgar
622 887 281 67 Douglas,
936 892 172 51 1889-

187 970 121 53 The
342 966 346 56 mechanism
723 966 65 54 of
823 983 241 37 nervous
1102 966 215 67 action;
1357 965 282 56 electrical
1674 966 214 54 studies
1924 965 63 53 of
2023 967 93 52 the

118 1043 1998 73 neurone, by E. D. Adrian … Philadelphia, University of
118 1124 424 71 Pennsylvania
583 1143 183 49 press;
808 1124 259 66 London,
1106 1124 77 52 H.
1223 1122 266 65 Milford,
1530 1122 230 55 Oxford
1802 1123 312 67 university

119 1225 173 49 press,
321 1208 147 50 1932.

189 1288 45 39 x,
276 1277 83 41 103
398 1286 42 38 p.
510 1275 142 47 illus.,
691 1273 179 49 diagrs.
940 1273 54 41 23
998 1275 16 21 cm
1047 1305 9 9 .
1135 1273 253 47 (Lettered
1427 1283 60 30 on
1525 1282 163 31 cover:
1730 1274 386 47 [Pennsylvania.

119 1334 296 48 University]
475 1334 101 38 The
607 1332 232 46 Eldridge
868 1331 183 41 Reeves
1082 1331 218 39 Johnson
1331 1330 290 40 foundation
1655 1331 222 41 lectures.
1940 1332 169 49 [1931])

192 1390 375 42 “References”:
597 1401 41 37 p.
665 1388 158 42 95-99.

123 1457 1998 54 © Dec. 28, 1932; 2c. and aff. Jan 12, 1933; A 58813; University of
191 1518 357 48 Pennsylvania
585 1528 147 38 press.
807 1515 251 49 (33-4029)

116 1620 354 67 Alexander,
504 1622 226 64 George
763 1621 86 64 B.,
885 1620 172 56 1874-

117 1699 2002 151 The chemistry of creation; alliteratively sub-titled, “Building better babies before birth” … George B. Alexander, g. c.,
118 1856 1287 70 author-publisher. Boston, Mass. [ c 1933]
192 1930 1065 51 7 p. l., 76 p. inel. mounted port. 20½ cm .
125 1985 1993 54 © Jan. 20, 1933; 2c. and aff. Feb. 2; A 60151; G. B. Alexander, Boston.
123 2091 310 64 Allardice,
461 2091 190 55 Anne.

255 2162 1695 73 … The opening gate. New York, A. A. Knopf, 1933.
190 2238 838 52 4 p. l., 3-283, [1] p., 1 l. 19½c m .
192 2298 162 41 “First
383 2296 256 41 American
669 2294 228 43 edition.”

127 2352 52 52 ©
212 2357 111 41 Feb.
355 2357 69 45 15,
456 2354 140 47 1933;
631 2354 67 40 2c.
730 2355 112 40 Feb.
874 2355 56 39 17;
1024 2353 51 40 aff.
1109 2352 110 40 Feb.
1253 2353 81 42 16;
1370 2353 40 39 A
1443 2352 170 47 60315;
1648 2353 172 41 Alfred
1854 2353 54 42 A.
1944 2353 178 48 Knopf,

194 2413 90 41 inc.
355 2411 251 50 (33-4502)

120 2515 375 55 Association
525 2516 64 53 of
614 2515 104 53 life
749 2515 313 53 insurance
1092 2513 247 54 medical
1368 2512 306 57 directors.

189 2593 272 53 Abstract
491 2594 63 52 of
584 2593 95 53 the
710 2592 372 69 proceedings
1113 2593 62 52 of
1204 2593 95 53 the
1330 2591 348 66 forty-third
1710 2594 211 52 annual

122 2599 1976 141 meeting
257 2671 64 55 of
357 2672 95 52 the
488 2671 364 53 Association
889 2671 63 52 of
987 2671 105 52 life
1130 2672 299 51 insurance
1467 2670 241 53 medical
1746 2672 274 53 directors
2058 2674 63 52 of

120 2749 2002 71 America … v. 19. New York city, Press of Recording &
120 2827 304 55 statistical
455 2828 383 68 corporation,
869 2832 152 49 1933.

196 2902 100 48 viii,
324 2903 86 40 384
436 2911 42 38 p.
536 2902 170 48 plates,
735 2904 138 46 port.,
903 2901 168 47 tables,
1101 2900 179 48 diagrs.
1336 2901 55 41 23½
1424 2904 44 21 cm
1474 2933 8 9 .

129 2955 52 53 ©
217 2960 107 40 Jan.
357 2959 70 47 31,
461 2958 140 48 1933;
636 2958 68 43 2c.
739 2959 111 40 Feb.
885 2959 53 47 6;
975 2957 82 42 aff.
1093 2958 110 40 Feb.
1236 2959 54 47 4;
1329 2959 39 39 A
1403 2959 170 47 60168;
1610 2959 307 42 Association
1954 2962 52 41 of
2038 2963 87 41 life

197 3016 259 41 insurance
484 3016 204 41 medical
719 3016 236 41 directors
986 3015 51 42 of
1065 3015 238 48 America,
1333 3017 223 43 Newark,
1588 3018 56 39 N.
1674 3018 45 42 J.

128 3119 240 65 Baxter,
399 3119 246 56 Charles
673 3120 239 62 Homer,
946 3120 167 55 1879-

195 3196 1868 71 Mine examination and valuation, by Charles H. Baxter …
127 3274 1996 63 and Roland D. Parks … with interest and annuity tables.
126 3351 2001 78 Appendix by Franklin G. Pardee … 1st ed. Houghton,
126 3429 193 69 Mich.,
349 3429 296 69 Michigan
677 3430 212 68 college
919 3429 65 55 of
1013 3430 225 69 mining
1269 3432 113 53 and
1414 3432 358 71 technology,
1807 3440 149 51 1933.

198 3504 84 47 xii,
328 3504 86 40 316
459 3515 42 37 p.
575 3504 127 40 illus.
731 3503 133 49 (incl.
912 3505 165 48 plans)
1131 3503 179 49 diagrs.
1339 3506 48 48 (1
1434 3506 144 49 fold.)
1633 3508 27 39 2
1705 3510 103 39 fold.
1870 3511 155 41 forms
2053 3513 70 48 (in

126 3560 195 49 pocket)
413 3559 55 40 19
470 3562 45 21 cm
520 3591 10 9 .

201 3616 146 40 “This
376 3616 122 40 book
528 3616 42 39 is
600 3614 229 50 designed
859 3614 294 51 specifically
1184 3627 56 31 as
1271 3617 80 42 the
1383 3618 290 44 foundation
1706 3622 78 42 for
1816 3634 27 31 a
1878 3634 167 32 course
2078 3626 46 41 in

128 3673 129 40 mine
283 3672 333 41 examination
645 3674 97 39 and
769 3672 253 41 valuation
1053 3675 53 39 at
1135 3674 81 40 the
1248 3675 245 49 Michigan
1524 3678 178 49 college
1734 3680 51 40 of
1815 3679 187 52 mining
2031 3685 92 39 and

127 3727 520 50 technology.”—Pref.

201 3784 251 49 Appendix
527 3816 8 8 A.
576 3784 102 41 The
718 3784 245 49 Michigan
1004 3786 249 47 appraisal
1294 3788 307 46 system—its
1643 3791 205 51 history,
1890 3795 237 49 function,

129 3844 95 38 and
255 3841 264 48 operation.
581 3840 254 49 Appendix
899 3873 8 9 B.
942 3841 264 41 Reference
1239 3842 336 52 bibliography
1618 3848 66 48 (p.
1719 3849 229 52 294-311)

133 3882 1998 81 © Jan. 23, 1933: 2c. Jan. 31; aff. Feb. 11; A 59402; C. H. Baxter and
201 3961 188 40 Roland
419 3961 58 39 D.
506 3961 170 47 Parks,
707 3960 277 48 Houghton,
1017 3960 143 40 Mich.
1233 3962 251 50 (33-4407)
