2582 4453
1382 4128 136 50 1536

493 516 26 39 2
555 527 43 28 v.
659 516 26 40 5
689 517 45 21 cm
738 547 9 8 .

779 592 121 29 CONTENTS.—[1]
942 570 470 49 Deutsch-englisch.
1415 569 123 52 —[2]
1580 571 471 49 Englisch-deutsch.

425 641 2005 102 © July 15, 1930; 1c. each Sept. 15; A-Foreign 9329, 9330; Langenscheidtsche
826 702 582 46 verlagshucliliandlung
1446 701 156 48 (Prof.
1634 700 53 41 G.
1718 700 415 49 Langenscheidt)
2171 711 41 38 g.
2241 712 62 28 in.
2332 700 42 40 b.
2403 700 45 39 h.

504 759 283 49 (33-32207)

424 864 136 64 Hill,
590 864 211 64 Henry
829 863 211 65 Chase,
1072 882 180 48 comp.

493 940 123 54 The
648 959 123 34 new
805 941 257 54 Wonder
1093 941 149 53 book
1275 941 64 53 of
1371 940 367 69 knowledge;
1776 942 95 52 the
1905 940 246 54 marvels

2188 941 63 53 of
423 940 1997 131 modern
553 1020 271 69 industry
856 1021 114 52 and
999 1020 318 67 invention,
1350 1020 98 53 the
1478 1020 343 67 interesting
1854 1020 201 53 stories
2090 1019 64 54 of
2187 1038 258 35 common

424 1098 214 69 things,
678 1099 96 53 the
814 1098 343 69 mysterious
1197 1117 285 50 processes
1521 1099 64 52 of
1623 1103 205 48 nature
1866 1098 215 69 simply
2120 1098 326 69 explained,

423 1177 285 68 compiled
755 1178 113 52 and
914 1178 286 68 arranged
1243 1177 76 68 by
1363 1177 203 68 Henry
1612 1177 187 55 Chase
1841 1177 146 66 Hill,
2034 1177 140 53 with
2216 1178 98 53 the
423 1196 1996 128 cooperation

767 1257 63 53 of
871 1262 229 63 experts
1142 1257 398 68 representing
1581 1257 137 53 each
1756 1257 299 67 industry;
2099 1258 192 53 edited
2332 1258 114 53 and

424 1335 1996 148 revised by Will H. Johnston … illustrated with 700 photographs
674 1415 113 53 and
819 1413 309 69 drawings.
1198 1414 431 69 Philadelphia,
1663 1413 256 70 Chicago
1956 1419 140 63 [etc.]
2134 1416 123 53 The
2289 1416 159 54 John

426 1493 63 55 C.
522 1495 269 53 Winston
827 1511 283 50 company
1149 1496 194 64 [c1933]

501 1566 1288 50 1 p. l., 600 p. col. front., illus., diagrs. 23½ cm .
429 1622 52 52 ©
518 1626 102 40 Oct.
656 1626 69 46 18,
762 1625 141 41 1933;
942 1625 66 39 2c.
1044 1625 120 40 Nov.
1200 1625 53 39 4:
1292 1625 82 40 aff.
1410 1625 118 39 Nov.
1565 1625 52 42 2;
1657 1625 41 39 A
1733 1624 171 46 65969;
1943 1625 117 40 Will
2096 1626 58 38 H.
2194 1626 256 50 Johnston,

497 1683 359 47 Philadelphia.
938 1678 52 52 [©
1026 1682 239 40 revisions
1299 1683 96 39 and
1430 1681 263 50 additions]
1767 1683 283 48 (33-32217)

426 1784 338 68 Holcombe,
794 1786 236 53 Arthur
1061 1786 287 65 Norman,
1382 1789 171 50 1884-

497 1861 1951 71 The new party politics [by] A. N. Holcombe … New York,
429 1942 86 54 W.
546 1942 90 52 W.
671 1942 220 52 Norton
923 1943 45 51 &
1000 1959 296 51 company,
1326 1943 107 52 inc.
1473 1976 12 34 [
1491 1948 17 22 c
1514 1944 154 66 1933]

499 2013 1949 52 viii p., 1 l., 11-148 p. 21cm (Half-title: Social action books, ed. by
428 2071 143 42 Alvin
607 2072 246 48 Johnson)

499 2131 164 41 “First
701 2129 229 42 edition.”

431 2188 51 52 ©
513 2193 101 40 Oct.
643 2192 69 41 26.
742 2192 114 40 1933;
913 2192 67 39 2c.
1011 2191 102 41 Oct.
1141 2191 83 41 30;
1256 2191 82 41 aff.
1369 2191 102 41 Oct.
1501 2190 82 43 28;
1615 2192 40 38 A
1684 2191 171 47 66804;
1887 2193 71 39 W.
1989 2194 70 38 W.
2089 2193 189 40 Norton
2305 2193 38 40 &
2369 2202 83 38 co.,

499 2250 87 39 inc.
662 2249 283 48 (33-32203)

428 2351 187 66 Ickes,
646 2354 139 54 Mrs.
818 2353 177 53 Anna
1027 2349 382 69 (Wilmarth)
1452 2353 173 53 1873-

500 2430 158 54 Mesa
686 2428 167 69 land;
883 2430 96 54 the
1005 2431 184 53 history
1257 2430 111 53 and
1398 2447 261 37 romance
1688 2429 64 53 of
1778 2430 96 53 the
1902 2428 307 54 American

432 2427 2017 149 Southwest, by Anna Wilmarth Ickes … Boston and New York,
431 2587 318 68 Houghton
780 2585 207 55 Mifflin
1016 2603 298 51 company,
1344 2590 151 49 1933.

501 2658 1395 51 ix. [1] p., 1 l., 235, [1] p. front., plates, port, 21 cm .
501 2716 380 48 Bibliography:
917 2728 41 37 p.
996 2716 234 50 [217-228]

434 2773 52 52 ©
520 2778 117 40 Nov.
673 2779 38 46 1,
745 2777 113 41 1933;
921 2778 67 39 2c.
1022 2778 119 40 Nov.
1174 2779 53 39 4:
1263 2777 82 41 aff.
1379 2778 118 40 Nov.
1531 2778 54 46 3;
1622 2778 40 38 A
1695 2777 171 48 66908;
1902 2779 55 40 A.
1993 2779 68 39 W.
2100 2780 152 39 Ickes.
501 2778 1936 104 Washington.
759 2834 282 50 (33-32201)

429 2939 223 65 James,
683 2939 187 65 Rhys.

500 3018 207 52 Worth
759 3017 432 68 remembering,
1240 3018 75 68 by
1364 3017 160 68 Rhys
1572 3019 224 65 James;
1849 3016 139 54 with
2039 3016 293 71 drawings
2378 3018 74 68 by

429 3096 158 53 John
633 3095 277 55 Gincano.
989 3098 260 64 London,
1292 3098 139 53 New
1476 3097 163 53 York
1689 3104 138 60 [etc.]
1875 3097 347 69 Longmans,
2266 3096 186 56 Green

431 3176 112 52 and
580 3195 99 47 co.,
717 3178 152 51 1933.

502 3250 673 48 4 p. l., 423 p. illus. 19 cm.
506 3308 230 40 “Printed
765 3308 47 39 in
842 3309 82 40 the
953 3308 179 40 United
1163 3308 164 40 States
1357 3309 50 40 of
1434 3307 239 41 America.”

506 3364 1558 48 “First edition, October, 1933; reprinted, October, 1933.“
436 3420 1850 51 © Oct. 25, 1933; 2c. and aff. Nov. 7: A 65989: R. James, Atlanta.
515 3481 283 49 (33-32009)

434 3583 203 64 Kelen,
670 3582 345 67 Nicholaus,
1051 3587 171 50 1894-

506 3660 659 55 Gewichtsstaumauern
1223 3663 113 52 und
1389 3663 241 52 massive
1684 3664 201 54 wehre,
1939 3680 111 35 von
2098 3661 233 67 dr.-ing.
2379 3660 72 53 N.

438 3738 199 55 Kelen.
723 3740 113 54 Mit
885 3743 100 51 548
1035 3741 515 68 textabbiidungen
1600 3740 118 54 und
1767 3743 66 51 23
1883 3741 266 53 tabellen.
2234 3740 217 66 Berlin,

435 3819 55 53 J.
522 3819 301 68 Springer,
856 3823 151 49 1933.

511 3892 100 43 viii,
638 3893 86 39 374
751 3904 42 36 p.
823 3892 110 40 incl.
963 3893 143 40 illus..
1135 3903 151 39 maps,
1316 3894 170 42 tables,
1517 3893 181 49 diagrs.
1759 3892 26 39 28
1820 3895 42 22 cm
1868 3925 7 8 .

512 3949 615 41 “Literaturverzeichnis“:
1193 3962 42 37 p.
1275 3948 248 52 [361]-365.

440 4004 1848 52 © June 24. 1933; 1c. Sept. 1: A-Foreign 21998; Julius Springer.
518 4065 282 48 (33-32219)
