2484 4405
1133 4094 134 56 1707

150 456 195 51 North
390 454 239 54 eastern
674 448 203 69 digest,
920 445 268 69 covering
1232 443 76 53 all
1353 458 149 37 cases
1544 437 268 71 reported
1855 435 60 54 in
1958 433 188 55 North

218 536 222 49 eastern
492 532 276 65 reporter,
814 526 142 52 with
1007 527 231 49 current
1287 518 347 55 cumulative
1682 515 205 70 pocket
1935 511 214 55 service

220 588 1928 90 keeping the digest always to date … By the publisher’s
221 686 266 55 editorial
513 681 152 59 staff,
740 702 51 34 v.
823 683 185 50 19-24.
1086 679 83 54 St.
1201 678 166 66 Paul,
1395 675 202 67 Minn.,
1626 674 160 55 West
1813 668 337 71 publishing

220 767 310 67 co. [ c 1933]
219 840 29 41 6
278 850 42 31 v.
382 838 58 40 26
440 840 44 20 cm
490 871 6 7 .

501 903 104 30 CONTENTS.—v.
658 891 72 41 19.
781 887 332 50 Intoxicating
1162 883 604 52 liquors-Judgment.—v.
1818 878 74 42 20.
1942 875 214 44 Judicial

150 952 294 42 sales-Libel
477 951 94 39 and
605 949 317 40 slander.—v.
958 944 71 41 21.
1064 939 568 50 Licenses-Marshaling
1662 941 158 38 assets
1854 938 95 39 and

152 933 1990 117 securities.—v.
420 1007 73 40 22.
545 1007 185 40 Master
782 1004 95 40 and
931 1003 322 40 servant.—v.
1309 998 70 41 23.
1434 993 595 52 Mayhem-Motions.—v.
2084 988 73 44 24.

150 1065 265 49 Municipal
445 1062 349 50 corporations.

157 1104 2002 65 v. 19, 20, © Nov. 24, 1933; v. 21-24, © Nov. 27; 2c. each and affs. Dec.
223 1179 84 42 26;
336 1179 41 39 A
403 1176 348 42 67691-67696;
782 1173 134 42 West
944 1173 110 49 pub.
1082 1183 69 28 co.

159 1283 307 63 Nystrom,
496 1279 226 66 Daniel,
751 1279 84 54 ed.

231 1363 79 49 At
339 1357 96 55 the
464 1356 199 54 Lord’s
693 1354 176 65 table;
902 1350 356 55 communion
1291 1348 307 68 addresses,
1628 1345 189 56 edited
1848 1345 74 68 by
1954 1342 207 55 Daniel

161 1423 1752 80 Nystrom. Bock Island, Ill., Augustana book concern [1933]
231 1509 97 46 127,
367 1508 53 49 [1]
455 1518 41 37 p.
559 1506 56 41 19
617 1509 43 20 cm
665 1539 7 8 .

163 1556 2003 61 © Nov. 2, 1933; 2c. and aff Nov. 6; A 66911; Augustana book concern.
243 1625 281 49 (33-36991)

166 1710 437 69 Oltar-Jevsky,
634 1711 370 54 Wiacheslav
1034 1712 92 63 K.,
1160 1713 171 50 1880-

238 1790 449 69 Contemporary
720 1788 261 68 Babylon
1013 1788 59 53 in
1103 1787 186 67 pencil
1322 1783 288 70 drawings
1639 1782 74 70 by
1744 1782 89 54 W.
1864 1780 75 54 K.
1975 1778 190 56 Oltar-

168 1869 244 70 Jevsky;
456 1867 140 55 with
640 1864 388 56 introduction
1071 1865 74 69 by
1188 1863 236 71 Harvey
1467 1862 189 68 Wiley
1701 1860 248 55 Corbett.
2031 1857 137 54 New

175 1948 173 68 York,
401 1946 66 52 N.
523 1945 88 70 Y.,
661 1943 422 55 Architectural
1136 1941 143 53 book
1330 1940 335 71 publishing
1715 1956 294 51 company,
2061 1938 107 52 inc.

192 2029 176 66 [ c 1933]
241 2095 711 52 4 p. l., 21 mounted pl. 37½cm.
239 2154 128 42 Title
403 2154 213 48 vignette
661 2155 252 45 (mounted
951 2152 154 48 illus.)

240 2211 304 50 Descriptive
571 2211 284 48 letterpress
882 2220 58 28 on
970 2218 165 31 versos
1162 2208 167 49 facing
1356 2209 82 40 the
1466 2210 169 46 plates.

172 2261 2006 61 © Nov. 13, 1933; 2c. and aff. Nov. 17; A 67335; Architectural book pub.
245 2340 81 37 co.,
360 2329 89 42 inc.
524 2326 280 51 (33-36890)

176 2389 212 58 Pacific
414 2393 270 62 reporter
715 2389 102 65 (2d
847 2388 145 64 ser.)

247 2468 356 69 Temporary
642 2463 211 58 Pacific
892 2464 206 70 digest,
1138 2465 269 69 covering
1444 2465 252 54 volumes
1739 2466 188 66 16-20,
1965 2462 211 56 Pacific

180 2538 1997 82 reporter, Second series. With table of cases digested … By
180 2627 95 53 the
305 2624 339 70 publisher’s
679 2622 266 55 editorial
978 2620 152 56 staff.
1208 2621 83 57 St.
1325 2622 166 70 Paul,
1522 2625 161 53 West
1714 2621 337 71 publishing
2082 2639 97 53 co.,

184 2708 151 49 1933.

244 2779 87 39 445
358 2788 41 39 p.
457 2778 58 39 24
516 2780 44 20 cm
567 2809 7 9 .

185 2822 1726 63 © Nov. 17, 1933; 2c. and aff. Dec. 20; A 67673; West pub, co.
185 2975 213 57 Pacific
424 2984 271 62 reporter.
760 2976 219 57 Second
1005 2976 185 55 series.
1254 2977 168 55 Cases
1451 2978 212 67 argued
1692 2979 112 51 and
1832 2976 351 55 determined

258 3057 59 52 in
342 3056 93 54 the
466 3055 274 68 Supreme
765 3061 189 48 courts
981 3054 61 53 of
1070 3054 343 69 California,
1438 3055 243 68 Kansas,
1709 3055 248 69 Oregon,

260 3055 1900 148 Washington,
514 3133 304 69 Colorado,
852 3133 298 68 Montana,
1184 3132 272 71 Arizona,
1487 3134 256 68 Nevada,
1776 3133 204 69 Idaho,

259 3134 1903 148 Wyoming,
488 3213 176 68 Utah,
715 3212 139 54 New
904 3213 242 68 Mexico,
1198 3210 340 71 Oklahoma,
1590 3212 243 54 District
1884 3219 188 47 courts
2124 3213 63 53 of

263 3292 204 67 appeal
506 3291 112 52 and
658 3290 286 68 appellate
981 3289 362 70 department
1382 3291 63 53 of
1480 3292 93 52 the
1614 3290 276 70 Superior
1927 3296 162 48 court
2125 3291 63 53 of

264 3367 325 55 California
615 3369 112 51 and
754 3367 282 56 Criminal
1060 3375 162 48 court
1246 3368 65 54 of
1334 3370 235 66 appeals
1593 3368 66 53 of
1683 3368 340 71 Oklahoma,
2049 3368 141 54 with

262 3446 107 68 key
434 3446 237 53 number
737 3445 382 55 annotations,
1212 3462 49 37 v.
1330 3450 65 48 23
1430 3446 126 69 (2d)
1660 3445 532 73 July-September,

269 3527 148 50 1933.
496 3523 82 55 St.
606 3526 164 58 Paul,
796 3526 159 54 West
982 3523 336 71 publishing
1345 3545 97 47 co.,
1471 3528 151 50 1933.

259 3597 137 49 xviii,
423 3598 119 40 1210
564 3608 43 39 p.
664 3598 60 40 26
723 3600 44 21 cm
773 3631 9 7 .

198 3650 52 51 ©
275 3655 116 40 Nov.
419 3654 69 41 16.
513 3653 114 42 1933;
682 3655 66 39 2c.
777 3656 94 39 and
899 3654 81 41 aff.
1007 3655 112 40 Dec.
1146 3655 81 46 20;
1257 3654 40 39 A
1324 3655 143 39 67682;
1524 3656 138 39 West
1686 3655 109 48 pub.
1822 3666 68 29 co.

200 3741 266 68 Perkins,
495 3741 314 67 Llewellyn
838 3744 179 56 Rood.

270 3816 368 73 Elementary
664 3818 425 56 mathematical
1120 3820 278 69 analysis;
1430 3839 33 35 a
1491 3839 195 35 course
1715 3821 59 52 in
1804 3820 395 56 mathematics

204 3885 1996 85 for college freshmen, by Llewellyn B. Perkins … and John
203 3962 1857 91 G. Bowker … Rutland, Vt., The Tuttle company [ c 1933 ]
