2568 4328
1348 4131 64 50 18

360 454 247 66 Baring,
635 457 156 51 Ron.
823 452 283 66 Maurice,
1138 454 173 55 1874-

433 533 270 70 Friday’s
735 533 276 67 business,
1041 532 77 69 by
1150 529 260 56 Maurice
1444 529 242 72 Baring.
1754 529 263 70 London,
2048 532 93 55 W.
361 531 2002 150 Heinemann,
584 612 124 67 ltd.,
741 614 153 50 1932.

436 685 25 41 3
491 696 44 38 p.
585 718 9 9 l.,
637 685 87 40 267
751 694 45 39 p.
854 684 129 40 illus.
1013 683 204 50 (music)
1288 681 118 43 19cm.

367 739 2024 53 © 1c. Jan. 5, 1933; A ad int. 17335; pubd. Nov. 7, 1932; Alfred A. Knopf,
436 801 106 49 inc.,
573 802 119 39 New
720 801 147 40 York.
939 799 254 51 (33-1741)

362 904 215 66 Barry,
609 904 266 66 Charles,
904 905 200 68 pseud.

434 983 127 54 The
590 1000 203 53 wrong
819 983 252 53 murder,
1148 983 164 69 chap.
1343 986 86 52 21.

446 1058 85 49 (In
561 1054 264 52 Universe,
856 1054 126 44 Nov.
1015 1055 70 51 11,
1119 1055 146 50 1932)

369 1112 2023 53 © 1c. Jan. 7, 1933; A ad int. 17350; pubd. Nov. 11, 1932; Charles Bryson,
437 1174 215 40 London.

364 1276 213 66 Baum,
606 1275 192 68 Vicki,
830 1281 171 51 1888-

434 1353 239 68 Helene,
700 1354 78 69 by
804 1353 174 56 Vicki
1006 1354 206 53 Baum.
1276 1353 265 69 London,
1570 1352 70 57 G.
1671 1352 136 56 Bles
1840 1355 176 66 [1932]

436 1426 595 50 3 p. l., 3-279 p. 19 cm .
441 1484 149 41 “This
620 1484 301 41 translation
950 1485 104 40 into
1085 1483 207 49 English
1322 1484 54 41 of
1404 1482 171 44 “Stud.
1607 1484 151 41 chem.
1790 1483 187 42 Helene
2009 1482 258 43 Willfüer”
2301 1483 93 42 has

364 1541 120 42 been
511 1543 141 40 made
679 1542 62 49 by
769 1541 161 42 Felice
957 1540 294 43 Bashford.”

371 1600 2024 57 © 1c. Dec. 14, 1932; A ad int. 17386; pubd. Oct. 17; Y. Baum, ℅ Curtis
439 1666 195 48 Brown,
667 1667 101 47 ltd.,
802 1666 119 40 New
952 1665 146 41 York.
1170 1665 253 49 (33-2533)

366 1769 148 67 Bax,
548 1770 266 65 Clifford,
848 1776 174 50 1886-

439 1847 205 70 Pretty
667 1847 169 70 wittjr
860 1847 162 68 Nell;
1049 1867 73 35 an
1148 1851 238 50 account
1410 1847 65 54 of
1498 1846 133 56 Nell
1655 1846 189 69 Gwyn
1870 1845 114 55 and
2007 1846 102 53 her
366 1847 2003 147 environment,

564 1926 76 68 by
667 1924 247 57 Clifford
937 1926 143 52 Bax.
1140 1925 258 70 London,
1425 1924 303 70 Chapman
1753 1926 115 54 and
1891 1924 163 70 Hall,
2076 1924 104 54 ltd.
2212 1927 176 67 [1932]

435 1997 86 49 xii,
550 1997 100 50 261,
686 1998 54 50 [1]
771 2008 59 39 p.,
859 1998 26 40 1
938 2030 9 8 l.
1004 1999 165 49 front.,
1200 2001 166 46 ports.,
1395 2009 128 38 map,
1554 1998 155 50 diagr.
1768 1998 57 40 22½
1857 2001 45 22 cm
1906 2031 10 10 .

436 2055 382 49 Bibliography:
850 2067 43 37 p.
924 2055 218 42 256-257.

371 2117 2023 54 © 1c. Jan. 6, 1933; A ad int. 17337; pubd. Nov. 8, 1932; C. Bax, London.
450 2177 255 51 (33-2545)

367 2282 197 66 Beale,
592 2285 142 52 Mrs.
764 2283 190 54 Marie
991 2282 187 67 (Oge)

438 2359 209 69 Flight
678 2360 126 55 into
839 2360 316 55 America’s
1192 2365 161 64 past;
1391 2361 143 54 Inca
1569 2360 176 69 peaks
1781 2361 115 54 and
1931 2360 177 69 Maya
2144 2360 246 69 jungles,

370 2438 75 69 by
478 2438 188 54 Marie
702 2440 205 66 Beale;
946 2439 142 54 with
1125 2443 102 49 114
1259 2439 404 54 illustrations.
1734 2439 142 54 New
1913 2439 182 67 York,
2131 2439 261 68 London,

368 2515 71 56 G.
469 2517 68 53 P.
566 2517 299 54 Putnam’s
896 2537 129 35 sons
1137 2521 119 65 [c1932]

442 2598 81 40 xv,
550 2589 87 42 286
662 2601 45 38 p.
761 2591 88 41 col.
875 2591 168 48 front.,
1070 2591 159 50 plates
1259 2590 50 50 (1
1336 2592 112 48 col.)
1485 2593 126 48 port.
1670 2591 58 40 24
1731 2593 46 22 cm
1779 2623 10 10 .

444 2647 143 52 Maps
618 2660 61 31 on
708 2648 368 51 lining-papers.

445 2705 381 51 Bibliography:
858 2718 43 39 p.
931 2705 221 43 285-286.

373 2774 52 53 ©
453 2778 112 42 Dec.
593 2779 69 48 15,
690 2777 142 49 1932;
860 2778 66 41 2c.
956 2778 112 41 Jan.
1094 2777 40 50 9,
1163 2777 142 49 1933;
1335 2778 84 41 aff.
1447 2779 112 41 Jan.
1587 2778 53 49 6;
1668 2779 43 40 A
1737 2779 173 48 57843;
1940 2780 64 39 M.
2034 2780 162 46 Beale,
440 2780 1937 104 Washington.
697 2836 255 49 (33-1227)

365 2940 179 62 Beck,
573 2942 204 54 James
808 2943 440 64 Montgomery,
1282 2948 166 50 1861-

442 3018 125 56 Our
601 3021 375 53 wonderland
1010 3020 65 55 of
1108 3022 417 69 bureaucracy;
1563 3040 32 35 a
1630 3022 174 68 study
1838 3020 65 55 of
1935 3021 98 54 the
2068 3021 228 70 growth
2330 3020 66 54 of

368 3098 389 70 bureaucracy
803 3100 61 53 in
909 3102 98 51 the
1053 3100 224 54 federal
1322 3107 394 64 government,
1763 3102 114 52 and
1925 3100 74 55 its
2048 3101 346 53 destructive

371 3177 166 54 effect
566 3197 158 50 upon
755 3180 97 52 the
885 3179 415 70 Constitution,
1330 3181 78 69 by
1438 3181 197 54 James
1667 3180 81 54 M.
1782 3180 157 54 Beck
1975 3224 57 10 …
2105 3181 140 53 Rev.
2279 3180 115 54 and

371 3258 107 53 enl.
509 3258 84 53 ed.
656 3258 141 54 New
824 3259 182 68 York,
1033 3260 123 53 The
1182 3260 341 53 Macmillan
1551 3278 302 51 company,
1883 3263 151 50 1933.

437 3332 642 51 xv p., 2 l., 290 p. 24 cm .
372 3398 52 53 ©
453 3403 112 42 Jan.
593 3403 40 48 6,
660 3403 143 50 1933;
832 3404 68 42 2c.
927 3407 97 39 and
1052 3405 83 40 aff.
1164 3406 110 40 Jan.
1303 3407 54 47 7;
1387 3407 42 39 A
1456 3406 172 48 58738;
1660 3406 285 41 Macmillan
1973 3417 68 30 co.
450 3459 255 50 (33-1544)

367 3562 178 67 Bliss,
573 3565 147 54 Paul
750 3567 408 67 Southworth,
1191 3574 170 50 1889-

437 3643 124 52 The
592 3645 135 52 arch
761 3644 65 53 of
856 3645 222 70 spring,
1109 3646 76 69 by
1216 3647 148 52 Paul
1400 3646 375 55 Southworth
1809 3644 182 71 Bliss;
2028 3644 140 55 with
2203 3646 188 70 prints

367 3720 156 54 from
561 3723 96 53 the
696 3723 249 69 original
984 3724 194 56 blocks
1216 3732 95 47 cut
1349 3725 156 53 from
1542 3725 185 69 pieces
1765 3725 64 53 of
1867 3725 275 55 linoleum
2179 3723 141 55 with
2359 3744 31 34 a

365 3818 111 50 pen
510 3800 165 54 knife
710 3802 75 67 by
817 3802 229 54 Harold
1080 3803 56 54 J.
1171 3804 311 54 Matthews
1521 3849 57 9 …
1663 3803 105 68 [St.
1804 3802 194 70 Louis,
2030 3811 20 22 c
2055 3806 153 65 1932]

434 3874 72 48 47,
541 3875 55 49 [1]
629 3885 42 38 p.
733 3875 129 41 illus.
923 3877 57 39 22½
1013 3879 44 22 cm
1062 3909 8 8 .

436 3930 188 42 Poems.

369 3996 52 53 ©
448 4001 114 40 Dec.
588 4003 40 47 1,
656 4002 141 50 1932;
825 4004 67 40 2c.
920 4006 96 40 and
1043 4005 83 40 aff.
1154 4006 111 40 Jan.
1292 4006 40 50 9,
1359 4006 144 49 1933;
1532 4007 42 39 A
1600 4006 172 48 57846;
1804 4008 51 40 P.
1885 4007 45 41 S.
1958 4007 145 47 Bliss,
2134 4006 68 41 St.
2229 4003 158 43 Louis.

447 4058 254 50 (33-1201)
