2582 4453
1325 4144 99 51 558

346 452 245 64 Durost,
622 450 228 56 Walter
880 451 242 66 Nelson,
1156 457 172 50 1906-

376 548 14 30 v
420 528 326 57 Children’s
792 529 305 70 collecting
1143 528 242 71 activity
1431 530 217 54 related
1693 534 59 49 to
1798 528 174 54 social
2018 527 235 71 factors,
2294 529 78 70 by

347 606 2026 70 Walter Nelson Durost … Published with the approval of
348 687 306 54 Professor
697 688 142 52 Leta
888 686 56 56 S.
992 687 458 70 Hollingworth,
1493 705 256 51 sponsor.
1842 688 141 54 New
2030 687 164 55 York
2238 688 135 71 city,

349 767 279 54 Teachers
659 766 231 70 college,
921 765 302 56 Columbia
1251 765 339 71 university,
1621 769 153 52 1932.

420 842 102 49 viii,
559 843 85 40 115
680 853 42 38 p.
789 841 180 49 diagrs.
1033 842 56 40 23½
1123 844 43 20 cm
1172 873 8 8 .
1257 842 268 47 (Teachers
1561 842 194 49 college,
1794 840 253 43 Columbia
2085 840 287 53 university.

351 899 372 42 Contributions
750 902 50 38 to
828 898 275 49 education,
1132 910 74 30 no.
1236 898 111 48 535)

423 959 173 40 Issued
624 959 104 40 also
755 968 54 29 as
836 957 155 40 thesis
1020 956 109 48 (PH.
1189 956 34 49 D.)
1260 956 253 41 Columbia
1541 956 289 50 university.

359 1026 52 52 ©
441 1030 113 41 Dec.
585 1030 68 47 15,
683 1029 142 47 1932;
857 1028 68 41 2c.
955 1030 123 40 Mar.
1107 1028 70 49 28,
1209 1029 141 46 1933;
1383 1028 90 43 aff.,
1498 1030 122 41 Mar.
1652 1030 52 47 3;
1738 1030 40 40 A
1809 1029 171 49 61257;
2014 1031 244 41 Teachers
425 1031 1935 105 college,

572 1087 254 41 Columbia
857 1086 131 41 univ.
1060 1086 283 49 (33-10411)

350 1190 185 68 Elert,
564 1194 268 66 Werner,
866 1197 172 51 1885-

423 1272 1889 70 Morphologie des luthertums, von d. dr. Werner Elert …
352 1355 48 51 2.
428 1351 92 52 bd.
597 1351 310 69 München,
934 1352 173 69 Beck,
1135 1355 152 51 1932.

429 1439 79 38 XV,
539 1428 86 40 544
657 1438 62 37 p..
760 1426 147 42 24½cm.

357 1495 52 52 ©
443 1499 129 48 Sept.
601 1497 69 49 27,
701 1497 142 49 1932;
943 1531 3 8 1c.,
973 1499 114 47 Apr.
1117 1497 70 47 29,
1219 1497 142 48 1933;
1392 1498 313 49 A-Foreign
1735 1498 173 48 20780;
1943 1499 48 41 C.
2023 1499 61 41 H.
2115 1497 263 42 Beck’sche

430 1556 581 48 Verlagsbuchhandlung
1051 1555 183 49 (Oskar
1267 1556 155 49 Beck)

353 1657 392 68 Etcheverry,
776 1660 270 53 Bernard
1075 1659 234 68 Alfred,
1342 1665 173 51 1881-

424 1736 1955 72 Irrigation practice and engineering … by B. A. Etcheverry
417 1817 1960 71 … and S. T. Harding … v. 1. Use of irrigation water and
353 1897 310 69 irrigation
689 1897 267 68 practice.
1033 1899 72 51 2d
1131 1898 86 53 ed.
1293 1899 140 53 New
1460 1898 165 54 York
1651 1899 113 52 and
1791 1899 262 67 London,
357 1899 2019 131 McGraw-Hill
515 1977 150 53 book
690 1995 302 51 company,
1018 1977 128 69 inc.,
1175 1981 152 51 1933.

467 2084 7 11 x.
502 2052 90 41 256
619 2063 41 38 p.
719 2052 145 48 illus.,
893 2053 181 49 diagrs.
1133 2053 56 41 23
1193 2055 44 20 cm
1244 2085 8 9 .

431 2110 148 40 “This
615 2111 192 39 volume
842 2109 42 42 is
921 2110 190 41 limited
1148 2111 177 40 almost
1362 2111 180 47 wholly
1579 2112 48 39 to
1664 2109 261 49 irrigation
1960 2108 215 49 practice
2210 2109 51 41 in
2297 2110 83 41 the

360 2167 180 43 United
574 2166 404 43 States.”—Pref.

433 2225 352 41 “References”
812 2228 53 38 at
889 2226 91 39 end
1007 2224 52 42 of
1083 2227 127 39 most
1235 2224 52 42 of
1316 2226 80 40 the
1421 2224 243 50 chapters.

367 2293 52 52 ©
451 2298 115 48 Apr.
598 2297 39 48 6,
670 2297 142 47 1933;
846 2296 68 41 2c.
945 2297 115 48 Apr.
1094 2298 81 46 11;
1211 2296 83 42 aff.
1327 2297 115 48 Apr.
1475 2296 83 49 10;
1594 2297 39 39 A
1667 2296 172 49 60956;
1875 2298 355 41 McGraw-Hill
2261 2296 125 43 book

431 2366 82 36 co.,
543 2356 90 39 inc.
707 2354 282 49 (33-10408)

359 2458 230 67 Ewing,
622 2459 154 56 Cecil
806 2458 279 66 Andrew,
1120 2460 172 56 1876-

430 2535 1953 73 Plane trigonometry, by Cecil A. Ewing … with the editorial
362 2613 2024 72 cooperation of Ralph Dennison Beetle … 1st ed. New York
363 2697 113 52 and
503 2696 261 67 London,
792 2694 433 55 McGraw-Hill
1250 2695 149 54 book
1424 2713 300 52 company,
1750 2697 129 66 inc.,
1906 2698 150 52 1933.

434 2771 64 47 xi,
525 2771 85 40 165
635 2782 42 37 p.
734 2771 180 47 diagrs.
967 2770 55 39 21
1026 2773 44 20 cm
1076 2802 7 8 .
1143 2770 369 49 [McGraw-Hill
1538 2770 151 40 series
1713 2771 52 40 of
1790 2773 132 39 texts
1946 2770 50 40 in
2023 2771 358 50 mathematics]

371 2825 52 52 ©
455 2829 123 42 Mar.
608 2829 70 48 29,
709 2829 141 47 1933;
883 2829 67 40 2c.
984 2829 123 40 Mar.
1137 2828 82 47 31;
1253 2828 83 40 aff.
1369 2829 113 48 Apr.
1515 2830 52 45 1;
1601 2829 40 38 A
1672 2828 172 49 60861;
1878 2829 353 42 McGraw-Hill
2264 2830 124 40 book

436 2897 82 39 co.,
548 2887 90 41 inc.
711 2886 282 50 (33-10683)

369 2991 312 69 [Fletcher,
709 2992 258 55 William
995 2992 209 53 Meade]

436 3069 351 71 Cyclopedia
829 3071 63 53 of
934 3071 97 52 the
1069 3072 112 51 law
1223 3070 63 52 of
1327 3070 227 69 private
1598 3069 413 70 corporations.
2085 3073 138 54 Rev.
2269 3072 115 54 and

362 3149 2020 70 permanent ed. … v. 19. Corporation practice, by John Evarts
363 3228 1654 71 Tracy … Chicago, Callaghan and company, 1933.
441 3305 61 47 vi,
535 3304 87 41 726
650 3316 43 37 p.
754 3305 55 38 24½c
860 3306 27 20 m
892 3337 8 8 .

374 3357 52 53 ©
455 3362 114 48 Apr.
598 3363 70 45 14,
697 3361 141 47 1933;
869 3360 67 42 2c.
966 3362 114 47 Apr.
1109 3359 82 45 19;
1224 3360 81 41 aff.
1338 3362 114 47 May
1481 3361 52 42 8;
1566 3362 40 38 A
1635 3360 172 48 62608;
1841 3361 272 49 Callaghan
2143 3363 36 41 &
2208 3374 67 31 co.

368 3465 227 66 Földes,
629 3467 263 63 Eugene,
927 3470 171 50 1891-

439 3544 55 52 A
530 3560 124 36 new
692 3544 289 67 approach
1021 3550 59 46 to
1119 3541 230 55 dietetic
1386 3543 246 68 therapy
1669 3543 61 52 in
1767 3539 276 70 epilepsy,
2081 3535 305 71 eclampsia

369 3623 64 53 of
479 3641 256 50 pregnancy
851 3624 113 52 and
1010 3621 257 69 infancy,
1310 3620 300 71 migraine,
1654 3619 213 71 angina
1912 3618 265 69 pectoris,
369 3615 1992 140 bronchial
569 3702 241 68 asthma,

857 3702 236 69 allergic
1140 3701 261 68 diseases,
1447 3706 157 65 gout,
1649 3699 266 54 essential
1961 3695 426 72 hypertension,

371 3781 322 69 pernicious
734 3780 240 64 anemia,
1016 3780 444 70 polycythemia,
1500 3798 135 35 acne
1675 3778 277 70 vulgaris,
1989 3794 244 37 nervous
2274 3776 114 54 and

372 3860 231 72 psychic
644 3860 411 67 disturbances,
1095 3859 433 54 constitutional
1569 3859 262 69 changes,
1870 3856 194 71 aging,
2102 3861 132 63 etc.;
375 3875 1988 117 metabolism

664 3938 64 53 of
752 3945 176 47 water
953 3940 112 52 and
1090 3938 270 53 minerals
1386 3939 111 52 and
1523 3939 72 52 its
1621 3936 411 69 disturbances,
2052 3937 77 67 by
2153 3936 235 67 Eugene

371 4016 1270 70 Földes … Boston, R. G. Badger [ c 1933]
