<alto xmlns="http://www.loc.gov/standards/alto/ns-v3#" xmlns:xsi="http://www.w3.org/2001/XMLSchema-instance" xsi:schemaLocation="http://www.loc.gov/standards/alto/ns-v3# http://www.loc.gov/alto/v3/alto-3-0.xsd"><Description>
<MeasurementUnit>pixel</MeasurementUnit>
<sourceImageInformation>
<fileName>1933_v1_Part1.pdf</fileName>
</sourceImageInformation>
<OCRProcessing ID="IdOcr">
<ocrProcessingStep>
<processingDateTime>2019-01-03</processingDateTime>
<processingSoftware>
<softwareCreator>ABBYY</softwareCreator>
<softwareName>ABBYY Recognition Server</softwareName>
<softwareVersion>4.0</softwareVersion>
</processingSoftware>
</ocrProcessingStep>
</OCRProcessing>
</Description>
<Styles>
<ParagraphStyle ALIGN="Left" FIRSTLINE="0." ID="StyleId-FFFFFFFF-FFFF-FFFF-FFFF-FFFFFFFFFFFF-" LEFT="0." RIGHT="0." />
<ParagraphStyle ALIGN="Left" FIRSTLINE="0." ID="StyleId-6EF5737A-DCEB-4126-A0CF-C5930BF7166A-" LEFT="0." LINESPACE="8.300000191" RIGHT="0." />
<ParagraphStyle ALIGN="Left" FIRSTLINE="0." ID="StyleId-2DE44258-FD0B-41E1-B542-087C989B01A3-" LEFT="0." LINESPACE="12.19999981" RIGHT="0." />
<ParagraphStyle ALIGN="Left" FIRSTLINE="-14." ID="StyleId-CE3D254A-29D7-4DD7-B5F1-E0FC0EF29B05-" LEFT="0." LINESPACE="8.619999886" RIGHT="0." />
<ParagraphStyle ALIGN="Left" FIRSTLINE="-14." ID="StyleId-C0E3A137-CE4F-4287-8A90-B599106709D0-" LEFT="0." LINESPACE="12.19999981" RIGHT="0." />
<ParagraphStyle ALIGN="Left" FIRSTLINE="-14." ID="StyleId-50F26F0C-05DA-4C19-BA58-7A6AC4499BEE-" LEFT="0." LINESPACE="11.06999969" RIGHT="0." />
<ParagraphStyle ALIGN="Center" FIRSTLINE="0." ID="StyleId-5DDE65AF-512C-41E2-9B8E-095D6D99EF68-" LEFT="0." LINESPACE="11.89999962" RIGHT="0." />
<ParagraphStyle ALIGN="Left" FIRSTLINE="0." ID="StyleId-0A81D7A5-6A62-4C52-915E-7768974C704D-" LEFT="0." LINESPACE="9.399999619" RIGHT="0." />
<ParagraphStyle ALIGN="Block" FIRSTLINE="-13." ID="StyleId-F7A0127F-6B48-4157-BB81-FE33E1E1A05B-" LEFT="0." LINESPACE="10.63000011" RIGHT="0." />
<ParagraphStyle ALIGN="Left" FIRSTLINE="0." ID="StyleId-E18C69F7-DBD7-48B1-805C-FCD96D0DA019-" LEFT="0." LINESPACE="11.64000034" RIGHT="0." />
<ParagraphStyle ALIGN="Left" FIRSTLINE="-14." ID="StyleId-98F15501-B611-4E83-8BB3-807E891F11F5-" LEFT="0." LINESPACE="12.19999981" RIGHT="0." />
<ParagraphStyle ALIGN="Left" FIRSTLINE="0." ID="StyleId-F4A78626-0BBC-4D12-94D9-A1AE75A9855F-" LEFT="0." LINESPACE="9.399999619" RIGHT="0." />
<ParagraphStyle ALIGN="Left" FIRSTLINE="0." ID="StyleId-6A3F6F4C-D21B-4ADE-902F-7683F18ECEF3-" LEFT="0." LINESPACE="11.10000038" RIGHT="0." />
</Styles>
<Layout>
<Page HEIGHT="4453" ID="Page1274" PHYSICAL_IMG_NR="1274" WIDTH="2582">
<TopMargin HEIGHT="402" HPOS="0" VPOS="0" WIDTH="2582">
</TopMargin>
<LeftMargin HEIGHT="3768" HPOS="0" VPOS="402" WIDTH="360">
</LeftMargin>
<RightMargin HEIGHT="3768" HPOS="2414" VPOS="402" WIDTH="168">
</RightMargin>
<BottomMargin HEIGHT="283" HPOS="0" VPOS="4170" WIDTH="2582">
</BottomMargin>
<PrintSpace HEIGHT="3768" HPOS="360" VPOS="402" WIDTH="2054">
<TextBlock HEIGHT="74" HPOS="1288" ID="Page1274_Block1" LANG="en-US" STYLEREFS="StyleId-9B8CF8AB-B54D-47D8-9A03-40D51DC4BA0B-" VPOS="4096" WIDTH="156">
<TextLine HEIGHT="54" HPOS="1298" VPOS="4105" WIDTH="135">
<String CONTENT="1274" HEIGHT="54" HPOS="1298" VPOS="4105" WIDTH="135" />
</TextLine>
</TextBlock>
<TextBlock CS="1" HEIGHT="3696" HPOS="360" ID="Page1274_Block2" LANG="en-US" STYLEREFS="StyleId-E4C05CF0-AFB9-456A-98F6-C3FD4954773E-" VPOS="402" WIDTH="2054">
<Shape>
<Polygon POINTS="360,402 2414,402 2414,4027 1122,4027 1122,4098 360,4098 360,402" />
</Shape>
<TextLine CS="1" HEIGHT="50" HPOS="446" VPOS="490" WIDTH="813">
<String CONTENT="316" HEIGHT="41" HPOS="446" VPOS="490" WIDTH="88" />
<SP HEIGHT="49" HPOS="535" VPOS="491" WIDTH="32" />
<String CONTENT="p." HEIGHT="38" HPOS="568" VPOS="502" WIDTH="44" />
<SP HEIGHT="39" HPOS="613" VPOS="491" WIDTH="58" />
<String CONTENT="front.," HEIGHT="47" HPOS="672" VPOS="491" WIDTH="167" />
<SP HEIGHT="38" HPOS="840" VPOS="501" WIDTH="37" />
<String CONTENT="plates." HEIGHT="48" HPOS="878" VPOS="491" WIDTH="173" />
<SP HEIGHT="38" HPOS="1052" VPOS="493" WIDTH="60" />
<String CONTENT="19&#189;" CS="1" HEIGHT="41" HPOS="1113" VPOS="490" WIDTH="55" />
<String CONTENT="cm" CS="1" HEIGHT="21" HPOS="1201" STYLE="superscript" VPOS="493" WIDTH="15" />
<String CONTENT="." HEIGHT="8" HPOS="1251" VPOS="524" WIDTH="8" />
</TextLine>
<TextLine HEIGHT="42" HPOS="449" VPOS="547" WIDTH="427">
<String CONTENT="&#8220;First" HEIGHT="42" HPOS="449" VPOS="547" WIDTH="162" />
<SP HEIGHT="37" HPOS="612" VPOS="552" WIDTH="34" />
<String CONTENT="edition.&quot;" HEIGHT="41" HPOS="647" VPOS="548" WIDTH="229" />
</TextLine>
<TextLine CS="1" HEIGHT="53" HPOS="378" VPOS="615" WIDTH="2021">
<String CONTENT="&#169;" HEIGHT="52" HPOS="378" VPOS="615" WIDTH="52" />
<SP HEIGHT="52" HPOS="431" VPOS="615" WIDTH="31" />
<String CONTENT="Sept." HEIGHT="47" HPOS="463" VPOS="620" WIDTH="128" />
<SP HEIGHT="38" HPOS="592" VPOS="620" WIDTH="28" />
<String CONTENT="1," HEIGHT="45" HPOS="621" VPOS="620" WIDTH="39" />
<SP HEIGHT="45" HPOS="661" VPOS="620" WIDTH="28" />
<String CONTENT="1933;" CS="1" HEIGHT="41" HPOS="690" VPOS="618" WIDTH="113" />
<SP HEIGHT="45" HPOS="833" VPOS="619" WIDTH="29" />
<String CONTENT="2c." CS="1" HEIGHT="39" HPOS="863" VPOS="619" WIDTH="52" />
<SP HEIGHT="30" HPOS="932" VPOS="629" WIDTH="30" />
<String CONTENT="and" HEIGHT="38" HPOS="963" VPOS="620" WIDTH="95" />
<SP HEIGHT="38" HPOS="1059" VPOS="620" WIDTH="29" />
<String CONTENT="aff." HEIGHT="40" HPOS="1089" VPOS="618" WIDTH="81" />
<SP HEIGHT="40" HPOS="1171" VPOS="619" WIDTH="32" />
<String CONTENT="Sept." HEIGHT="47" HPOS="1204" VPOS="619" WIDTH="129" />
<SP HEIGHT="39" HPOS="1334" VPOS="620" WIDTH="29" />
<String CONTENT="16;" HEIGHT="46" HPOS="1364" VPOS="619" WIDTH="82" />
<SP HEIGHT="46" HPOS="1447" VPOS="619" WIDTH="30" />
<String CONTENT="A" HEIGHT="38" HPOS="1478" VPOS="619" WIDTH="41" />
<SP HEIGHT="40" HPOS="1520" VPOS="619" WIDTH="28" />
<String CONTENT="65243;" CS="1" HEIGHT="40" HPOS="1549" VPOS="619" WIDTH="143" />
<SP HEIGHT="46" HPOS="1721" VPOS="620" WIDTH="32" />
<String CONTENT="Edgar" HEIGHT="47" HPOS="1754" VPOS="620" WIDTH="164" />
<SP HEIGHT="39" HPOS="1919" VPOS="620" WIDTH="28" />
<String CONTENT="Rice" HEIGHT="41" HPOS="1948" VPOS="619" WIDTH="119" />
<SP HEIGHT="40" HPOS="2068" VPOS="620" WIDTH="27" />
<String CONTENT="Burroughs," HEIGHT="48" HPOS="2096" VPOS="620" WIDTH="303" />
</TextLine>
<TextLine HEIGHT="48" HPOS="445" VPOS="676" WIDTH="446">
<String CONTENT="inc." HEIGHT="41" HPOS="445" VPOS="676" WIDTH="89" />
<SP HEIGHT="47" HPOS="535" VPOS="677" WIDTH="72" />
<String CONTENT="(33-24091)" HEIGHT="48" HPOS="608" VPOS="676" WIDTH="283" />
</TextLine>
<TextLine HEIGHT="69" HPOS="373" STYLEREFS="StyleId-A3073E68-B026-4B70-86C3-EB6CC87192A9-" VPOS="778" WIDTH="1039">
<String CONTENT="California." HEIGHT="56" HPOS="373" VPOS="778" WIDTH="347" />
<SP HEIGHT="53" HPOS="721" VPOS="780" WIDTH="73" />
<String CONTENT="Laws," HEIGHT="66" HPOS="795" VPOS="780" WIDTH="187" />
<SP HEIGHT="47" HPOS="983" VPOS="799" WIDTH="32" />
<String CONTENT="statutes," HEIGHT="62" HPOS="1016" VPOS="785" WIDTH="259" />
<SP HEIGHT="47" HPOS="1276" VPOS="800" WIDTH="34" />
<String CONTENT="etc." HEIGHT="49" HPOS="1311" VPOS="786" WIDTH="101" />
</TextLine>
<TextLine CS="1" HEIGHT="149" HPOS="378" STYLEREFS="StyleId-8E31076A-7A88-45E7-AA02-9E647977EE88-" VPOS="857" WIDTH="1991">
<String CONTENT="The" HEIGHT="53" HPOS="449" VPOS="859" WIDTH="120" />
<SP HEIGHT="53" HPOS="570" VPOS="859" WIDTH="35" />
<String CONTENT="Code" HEIGHT="53" HPOS="606" VPOS="859" WIDTH="155" />
<SP HEIGHT="34" HPOS="762" VPOS="877" WIDTH="34" />
<String CONTENT="of" HEIGHT="53" HPOS="797" VPOS="857" WIDTH="63" />
<SP HEIGHT="54" HPOS="861" VPOS="857" WIDTH="31" />
<String CONTENT="civil" HEIGHT="54" HPOS="893" VPOS="857" WIDTH="134" />
<SP HEIGHT="67" HPOS="1028" VPOS="859" WIDTH="35" />
<String CONTENT="procedure" HEIGHT="67" HPOS="1064" VPOS="859" WIDTH="312" />
<SP HEIGHT="36" HPOS="1377" VPOS="877" WIDTH="32" />
<String CONTENT="of" HEIGHT="54" HPOS="1410" VPOS="859" WIDTH="63" />
<SP HEIGHT="52" HPOS="1474" VPOS="859" WIDTH="31" />
<String CONTENT="the" HEIGHT="51" HPOS="1506" VPOS="860" WIDTH="95" />
<SP HEIGHT="35" HPOS="1602" VPOS="877" WIDTH="34" />
<String CONTENT="state" HEIGHT="47" HPOS="1637" VPOS="865" WIDTH="145" />
<SP HEIGHT="33" HPOS="1783" VPOS="878" WIDTH="34" />
<String CONTENT="of" HEIGHT="53" HPOS="1818" VPOS="858" WIDTH="64" />
<SP HEIGHT="57" HPOS="1883" VPOS="858" WIDTH="32" />
<String CONTENT="California," HEIGHT="68" HPOS="1916" VPOS="859" WIDTH="346" />
<SP HEIGHT="48" HPOS="2263" VPOS="879" WIDTH="32" />
<String CONTENT="approved" HEIGHT="128" HPOS="378" VPOS="878" WIDTH="1991" />
<SP HEIGHT="52" HPOS="596" VPOS="939" WIDTH="28" />
<String CONTENT="March" HEIGHT="52" HPOS="625" VPOS="938" WIDTH="203" />
</TextLine>
<TextLine HEIGHT="69" HPOS="861" STYLEREFS="StyleId-8E31076A-7A88-45E7-AA02-9E647977EE88-" VPOS="937" WIDTH="1535">
<String CONTENT="11," HEIGHT="62" HPOS="861" VPOS="943" WIDTH="81" />
<SP HEIGHT="62" HPOS="943" VPOS="943" WIDTH="30" />
<String CONTENT="1872," HEIGHT="66" HPOS="974" VPOS="939" WIDTH="153" />
<SP HEIGHT="47" HPOS="1128" VPOS="958" WIDTH="26" />
<String CONTENT="with" HEIGHT="53" HPOS="1155" VPOS="937" WIDTH="142" />
<SP HEIGHT="52" HPOS="1298" VPOS="938" WIDTH="28" />
<String CONTENT="amendments" HEIGHT="55" HPOS="1327" VPOS="938" WIDTH="391" />
<SP HEIGHT="36" HPOS="1719" VPOS="957" WIDTH="28" />
<String CONTENT="up" HEIGHT="51" HPOS="1748" VPOS="955" WIDTH="79" />
<SP HEIGHT="61" HPOS="1828" VPOS="945" WIDTH="27" />
<String CONTENT="to" HEIGHT="46" HPOS="1856" VPOS="945" WIDTH="59" />
<SP HEIGHT="46" HPOS="1916" VPOS="945" WIDTH="25" />
<String CONTENT="the" HEIGHT="52" HPOS="1942" VPOS="939" WIDTH="96" />
<SP HEIGHT="35" HPOS="2039" VPOS="956" WIDTH="28" />
<String CONTENT="end" HEIGHT="52" HPOS="2068" VPOS="940" WIDTH="108" />
<SP HEIGHT="53" HPOS="2177" VPOS="940" WIDTH="28" />
<String CONTENT="of" HEIGHT="54" HPOS="2206" VPOS="939" WIDTH="63" />
<SP HEIGHT="53" HPOS="2270" VPOS="939" WIDTH="27" />
<String CONTENT="the" HEIGHT="52" HPOS="2298" VPOS="940" WIDTH="98" />
</TextLine>
<TextLine HEIGHT="72" HPOS="379" STYLEREFS="StyleId-8E31076A-7A88-45E7-AA02-9E647977EE88-" VPOS="1015" WIDTH="2013">
<String CONTENT="regular" HEIGHT="68" HPOS="379" VPOS="1017" WIDTH="229" />
<SP HEIGHT="35" HPOS="609" VPOS="1035" WIDTH="36" />
<String CONTENT="session" HEIGHT="54" HPOS="646" VPOS="1016" WIDTH="213" />
<SP HEIGHT="33" HPOS="860" VPOS="1036" WIDTH="38" />
<String CONTENT="of" HEIGHT="53" HPOS="899" VPOS="1016" WIDTH="63" />
<SP HEIGHT="53" HPOS="963" VPOS="1016" WIDTH="36" />
<String CONTENT="the" HEIGHT="51" HPOS="1000" VPOS="1018" WIDTH="96" />
<SP HEIGHT="52" HPOS="1097" VPOS="1017" WIDTH="38" />
<String CONTENT="fiftieth" HEIGHT="54" HPOS="1136" VPOS="1015" WIDTH="218" />
<SP HEIGHT="51" HPOS="1355" VPOS="1018" WIDTH="40" />
<String CONTENT="Legislature," HEIGHT="67" HPOS="1396" VPOS="1018" WIDTH="378" />
<SP HEIGHT="62" HPOS="1775" VPOS="1023" WIDTH="42" />
<String CONTENT="1933;" HEIGHT="64" HPOS="1818" VPOS="1021" WIDTH="162" />
<SP HEIGHT="68" HPOS="1981" VPOS="1017" WIDTH="41" />
<String CONTENT="including" HEIGHT="70" HPOS="2023" VPOS="1017" WIDTH="301" />
<SP HEIGHT="51" HPOS="2325" VPOS="1036" WIDTH="37" />
<String CONTENT="a" HEIGHT="35" HPOS="2363" VPOS="1036" WIDTH="29" />
</TextLine>
<TextLine HEIGHT="69" HPOS="376" STYLEREFS="StyleId-8E31076A-7A88-45E7-AA02-9E647977EE88-" VPOS="1096" WIDTH="2016">
<String CONTENT="legislative" HEIGHT="69" HPOS="376" VPOS="1096" WIDTH="322" />
<SP HEIGHT="52" HPOS="699" VPOS="1097" WIDTH="24" />
<String CONTENT="history" HEIGHT="68" HPOS="724" VPOS="1096" WIDTH="224" />
<SP HEIGHT="50" HPOS="949" VPOS="1114" WIDTH="23" />
<String CONTENT="of" HEIGHT="53" HPOS="973" VPOS="1096" WIDTH="63" />
<SP HEIGHT="53" HPOS="1037" VPOS="1096" WIDTH="25" />
<String CONTENT="code" HEIGHT="52" HPOS="1063" VPOS="1097" WIDTH="135" />
<SP HEIGHT="34" HPOS="1199" VPOS="1115" WIDTH="25" />
<String CONTENT="sections" HEIGHT="53" HPOS="1225" VPOS="1096" WIDTH="242" />
<SP HEIGHT="34" HPOS="1468" VPOS="1115" WIDTH="24" />
<String CONTENT="and" HEIGHT="52" HPOS="1493" VPOS="1098" WIDTH="113" />
<SP HEIGHT="52" HPOS="1607" VPOS="1098" WIDTH="25" />
<String CONTENT="citations&#8212;Supreme" HEIGHT="69" HPOS="1633" VPOS="1096" WIDTH="622" />
<SP HEIGHT="37" HPOS="2256" VPOS="1116" WIDTH="25" />
<String CONTENT="and" HEIGHT="55" HPOS="2282" VPOS="1098" WIDTH="110" />
</TextLine>
<TextLine HEIGHT="71" HPOS="374" STYLEREFS="StyleId-8E31076A-7A88-45E7-AA02-9E647977EE88-" VPOS="1172" WIDTH="2023">
<String CONTENT="Appellate" HEIGHT="71" HPOS="374" VPOS="1172" WIDTH="313" />
<SP HEIGHT="35" HPOS="688" VPOS="1192" WIDTH="34" />
<String CONTENT="court" HEIGHT="47" HPOS="723" VPOS="1180" WIDTH="162" />
<SP HEIGHT="53" HPOS="886" VPOS="1174" WIDTH="35" />
<String CONTENT="decisions." HEIGHT="55" HPOS="922" VPOS="1172" WIDTH="296" />
<SP HEIGHT="55" HPOS="1219" VPOS="1173" WIDTH="74" />
<String CONTENT="San" HEIGHT="55" HPOS="1294" VPOS="1173" WIDTH="118" />
<SP HEIGHT="52" HPOS="1413" VPOS="1174" WIDTH="37" />
<String CONTENT="Francisco," HEIGHT="69" HPOS="1451" VPOS="1174" WIDTH="327" />
<SP HEIGHT="69" HPOS="1779" VPOS="1174" WIDTH="37" />
<String CONTENT="A." HEIGHT="53" HPOS="1817" VPOS="1174" WIDTH="70" />
<SP HEIGHT="53" HPOS="1888" VPOS="1175" WIDTH="39" />
<String CONTENT="V." HEIGHT="53" HPOS="1928" VPOS="1175" WIDTH="69" />
<SP HEIGHT="52" HPOS="1998" VPOS="1175" WIDTH="39" />
<String CONTENT="Lake" HEIGHT="55" HPOS="2038" VPOS="1174" WIDTH="154" />
<SP HEIGHT="52" HPOS="2193" VPOS="1177" WIDTH="39" />
<String CONTENT="&amp;" HEIGHT="51" HPOS="2233" VPOS="1177" WIDTH="49" />
<SP HEIGHT="52" HPOS="2283" VPOS="1177" WIDTH="32" />
<String CONTENT="co." HEIGHT="37" HPOS="2316" VPOS="1193" WIDTH="81" />
</TextLine>
<TextLine CS="1" HEIGHT="63" HPOS="385" STYLEREFS="StyleId-8E31076A-7A88-45E7-AA02-9E647977EE88-" VPOS="1259" WIDTH="174">
<String CONTENT="[" HEIGHT="33" HPOS="385" STYLE="subscript" VPOS="1289" WIDTH="11" />
<String CONTENT="c" HEIGHT="20" HPOS="402" STYLE="superscript" VPOS="1261" WIDTH="17" />
<String CONTENT="1933]" CS="1" HEIGHT="49" HPOS="427" VPOS="1259" WIDTH="132" />
</TextLine>
<TextLine CS="1" HEIGHT="52" HPOS="446" VPOS="1328" WIDTH="992">
<String CONTENT="2" HEIGHT="39" HPOS="446" VPOS="1331" WIDTH="27" />
<SP HEIGHT="48" HPOS="474" VPOS="1331" WIDTH="23" />
<String CONTENT="p." HEIGHT="37" HPOS="498" VPOS="1342" WIDTH="43" />
<SP HEIGHT="40" HPOS="542" VPOS="1331" WIDTH="23" />
<String CONTENT="l.," HEIGHT="46" HPOS="566" VPOS="1331" WIDTH="46" />
<SP HEIGHT="35" HPOS="613" VPOS="1342" WIDTH="25" />
<String CONTENT="vii-x" HEIGHT="40" HPOS="639" VPOS="1330" WIDTH="131" />
<SP />
<String CONTENT="p.," CS="1" />
<SP />
<String CONTENT="1" CS="1" />
<SP />
<String CONTENT="l.," CS="1" HEIGHT="15" HPOS="970" VPOS="1361" WIDTH="9" />
<SP HEIGHT="46" HPOS="980" VPOS="1330" WIDTH="26" />
<String CONTENT="631," HEIGHT="46" HPOS="1007" VPOS="1330" WIDTH="100" />
<SP HEIGHT="29" HPOS="1108" VPOS="1350" WIDTH="28" />
<String CONTENT="[1]" HEIGHT="50" HPOS="1137" VPOS="1330" WIDTH="56" />
<SP HEIGHT="39" HPOS="1194" VPOS="1341" WIDTH="28" />
<String CONTENT="p." HEIGHT="37" HPOS="1223" VPOS="1341" WIDTH="42" />
<SP HEIGHT="40" HPOS="1266" VPOS="1330" WIDTH="55" />
<String CONTENT="19" HEIGHT="41" HPOS="1322" VPOS="1328" WIDTH="55" />
<String CONTENT="cm" HEIGHT="22" HPOS="1381" STYLE="superscript" VPOS="1331" WIDTH="43" />
<String CONTENT="." HEIGHT="7" HPOS="1429" VPOS="1362" WIDTH="9" />
</TextLine>
<TextLine HEIGHT="49" HPOS="450" VPOS="1387" WIDTH="1691">
<String CONTENT="Lettered" HEIGHT="40" HPOS="450" VPOS="1389" WIDTH="228" />
<SP HEIGHT="39" HPOS="679" VPOS="1389" WIDTH="29" />
<String CONTENT="on" HEIGHT="29" HPOS="709" VPOS="1399" WIDTH="60" />
<SP HEIGHT="29" HPOS="770" VPOS="1399" WIDTH="30" />
<String CONTENT="cover:" HEIGHT="30" HPOS="801" VPOS="1398" WIDTH="169" />
<SP HEIGHT="41" HPOS="971" VPOS="1387" WIDTH="30" />
<String CONTENT="California" HEIGHT="41" HPOS="1002" VPOS="1387" WIDTH="276" />
<SP HEIGHT="41" HPOS="1279" VPOS="1387" WIDTH="32" />
<String CONTENT="Code" HEIGHT="41" HPOS="1312" VPOS="1387" WIDTH="129" />
<SP HEIGHT="30" HPOS="1442" VPOS="1397" WIDTH="28" />
<String CONTENT="of" HEIGHT="40" HPOS="1471" VPOS="1387" WIDTH="51" />
<SP HEIGHT="40" HPOS="1523" VPOS="1387" WIDTH="31" />
<String CONTENT="civil" HEIGHT="40" HPOS="1555" VPOS="1387" WIDTH="113" />
<SP HEIGHT="47" HPOS="1669" VPOS="1389" WIDTH="29" />
<String CONTENT="procedure," HEIGHT="48" HPOS="1699" VPOS="1388" WIDTH="280" />
<SP HEIGHT="45" HPOS="1980" VPOS="1389" WIDTH="32" />
<String CONTENT="1933." HEIGHT="41" HPOS="2013" VPOS="1387" WIDTH="128" />
</TextLine>
<TextLine CS="1" HEIGHT="42" HPOS="449" VPOS="1444" WIDTH="1901">
<String CONTENT="With" HEIGHT="41" HPOS="449" VPOS="1445" WIDTH="134" />
<SP HEIGHT="40" HPOS="584" VPOS="1446" WIDTH="33" />
<String CONTENT="this" HEIGHT="41" HPOS="618" VPOS="1445" WIDTH="99" />
<SP HEIGHT="40" HPOS="718" VPOS="1445" WIDTH="32" />
<String CONTENT="is" HEIGHT="41" HPOS="751" VPOS="1445" WIDTH="41" />
<SP HEIGHT="41" HPOS="793" VPOS="1445" WIDTH="33" />
<String CONTENT="bound:" CS="1" HEIGHT="41" HPOS="827" VPOS="1445" WIDTH="159" />
<SP HEIGHT="40" HPOS="1017" VPOS="1445" WIDTH="34" />
<String CONTENT="The" HEIGHT="40" HPOS="1052" VPOS="1445" WIDTH="101" />
<SP HEIGHT="40" HPOS="1154" VPOS="1445" WIDTH="34" />
<String CONTENT="Probate" HEIGHT="40" HPOS="1189" VPOS="1445" WIDTH="209" />
<SP HEIGHT="29" HPOS="1399" VPOS="1456" WIDTH="33" />
<String CONTENT="code" HEIGHT="40" HPOS="1433" VPOS="1445" WIDTH="116" />
<SP HEIGHT="30" HPOS="1550" VPOS="1455" WIDTH="32" />
<String CONTENT="of" HEIGHT="41" HPOS="1583" VPOS="1444" WIDTH="51" />
<SP HEIGHT="40" HPOS="1635" VPOS="1444" WIDTH="33" />
<String CONTENT="the" HEIGHT="39" HPOS="1669" VPOS="1445" WIDTH="82" />
<SP HEIGHT="29" HPOS="1752" VPOS="1456" WIDTH="33" />
<String CONTENT="state" HEIGHT="38" HPOS="1786" VPOS="1447" WIDTH="130" />
<SP HEIGHT="30" HPOS="1917" VPOS="1455" WIDTH="32" />
<String CONTENT="of" HEIGHT="40" HPOS="1950" VPOS="1445" WIDTH="52" />
<SP HEIGHT="41" HPOS="2003" VPOS="1445" WIDTH="32" />
<String CONTENT="California" HEIGHT="42" HPOS="2036" VPOS="1444" WIDTH="275" />
<SP HEIGHT="29" HPOS="2312" VPOS="1457" WIDTH="38" />
<String CONTENT="&#8230;" CS="1" />
</TextLine>
<TextLine HEIGHT="51" HPOS="377" VPOS="1501" WIDTH="567">
<String CONTENT="San" HEIGHT="39" HPOS="377" VPOS="1504" WIDTH="96" />
<SP HEIGHT="39" HPOS="474" VPOS="1503" WIDTH="29" />
<String CONTENT="Francisco" HEIGHT="41" HPOS="504" VPOS="1502" WIDTH="263" />
<SP HEIGHT="38" HPOS="768" VPOS="1514" WIDTH="32" />
<String CONTENT="[1933]" HEIGHT="51" HPOS="801" VPOS="1501" WIDTH="143" />
</TextLine>
<TextLine CS="1" HEIGHT="53" HPOS="381" VPOS="1569" WIDTH="2019">
<String CONTENT="&#169;" HEIGHT="52" HPOS="381" VPOS="1570" WIDTH="52" />
<SP HEIGHT="52" HPOS="434" VPOS="1570" WIDTH="31" />
<String CONTENT="Aug." HEIGHT="47" HPOS="466" VPOS="1575" WIDTH="118" />
<SP HEIGHT="39" HPOS="585" VPOS="1575" WIDTH="30" />
<String CONTENT="24," HEIGHT="45" HPOS="616" VPOS="1575" WIDTH="68" />
<SP HEIGHT="45" HPOS="685" VPOS="1575" WIDTH="31" />
<String CONTENT="1933;" HEIGHT="46" HPOS="717" VPOS="1574" WIDTH="142" />
<SP HEIGHT="46" HPOS="860" VPOS="1574" WIDTH="31" />
<String CONTENT="2c." HEIGHT="40" HPOS="892" VPOS="1574" WIDTH="67" />
<SP HEIGHT="30" HPOS="960" VPOS="1584" WIDTH="30" />
<String CONTENT="and" HEIGHT="38" HPOS="991" VPOS="1575" WIDTH="96" />
<SP HEIGHT="38" HPOS="1088" VPOS="1575" WIDTH="30" />
<String CONTENT="aff." HEIGHT="41" HPOS="1119" VPOS="1573" WIDTH="83" />
<SP HEIGHT="41" HPOS="1203" VPOS="1573" WIDTH="33" />
<String CONTENT="Sept." HEIGHT="47" HPOS="1237" VPOS="1573" WIDTH="127" />
<SP HEIGHT="38" HPOS="1365" VPOS="1574" WIDTH="33" />
<String CONTENT="11;" HEIGHT="45" HPOS="1399" VPOS="1574" WIDTH="81" />
<SP HEIGHT="45" HPOS="1481" VPOS="1574" WIDTH="33" />
<String CONTENT="A" HEIGHT="38" HPOS="1515" VPOS="1574" WIDTH="41" />
<SP HEIGHT="39" HPOS="1557" VPOS="1573" WIDTH="29" />
<String CONTENT="64976;" HEIGHT="48" HPOS="1587" VPOS="1572" WIDTH="171" />
<SP HEIGHT="46" HPOS="1759" VPOS="1574" WIDTH="34" />
<String CONTENT="A." HEIGHT="39" HPOS="1794" VPOS="1574" WIDTH="54" />
<SP HEIGHT="39" HPOS="1849" VPOS="1574" WIDTH="33" />
<String CONTENT="V." HEIGHT="40" HPOS="1883" VPOS="1574" WIDTH="51" />
<SP HEIGHT="40" HPOS="1935" VPOS="1574" WIDTH="31" />
<String CONTENT="Lake" HEIGHT="40" HPOS="1967" VPOS="1574" WIDTH="132" />
<SP HEIGHT="40" HPOS="2100" VPOS="1574" WIDTH="30" />
<String CONTENT="&amp;" HEIGHT="40" HPOS="2131" VPOS="1574" WIDTH="36" />
<SP HEIGHT="40" HPOS="2168" VPOS="1574" WIDTH="28" />
<String CONTENT="co." HEIGHT="31" HPOS="2197" VPOS="1583" WIDTH="68" />
<SP HEIGHT="27" HPOS="2266" VPOS="1594" WIDTH="64" />
<String CONTENT="[&#169;" CS="1" HEIGHT="53" HPOS="2347" VPOS="1569" WIDTH="53" />
</TextLine>
<TextLine HEIGHT="50" HPOS="452" VPOS="1630" WIDTH="688">
<String CONTENT="new" HEIGHT="31" HPOS="452" VPOS="1640" WIDTH="107" />
<SP HEIGHT="29" HPOS="560" VPOS="1642" WIDTH="26" />
<String CONTENT="matter]" HEIGHT="46" HPOS="587" VPOS="1634" WIDTH="196" />
<SP HEIGHT="50" HPOS="784" VPOS="1630" WIDTH="72" />
<String CONTENT="(33-23819)" HEIGHT="48" HPOS="857" VPOS="1630" WIDTH="283" />
</TextLine>
<TextLine CS="1" HEIGHT="150" HPOS="381" STYLEREFS="StyleId-8E31076A-7A88-45E7-AA02-9E647977EE88-" VPOS="1732" WIDTH="1990">
<String CONTENT="The" HEIGHT="52" HPOS="450" VPOS="1735" WIDTH="121" />
<SP HEIGHT="51" HPOS="572" VPOS="1737" WIDTH="29" />
<String CONTENT="Penal" HEIGHT="52" HPOS="602" VPOS="1736" WIDTH="180" />
<SP HEIGHT="53" HPOS="783" VPOS="1736" WIDTH="30" />
<String CONTENT="code" HEIGHT="55" HPOS="814" VPOS="1734" WIDTH="135" />
<SP HEIGHT="36" HPOS="950" VPOS="1753" WIDTH="30" />
<String CONTENT="of" HEIGHT="52" HPOS="981" VPOS="1734" WIDTH="63" />
<SP HEIGHT="53" HPOS="1045" VPOS="1734" WIDTH="29" />
<String CONTENT="the" HEIGHT="52" HPOS="1075" VPOS="1735" WIDTH="96" />
<SP HEIGHT="33" HPOS="1172" VPOS="1754" WIDTH="31" />
<String CONTENT="state" HEIGHT="47" HPOS="1204" VPOS="1740" WIDTH="146" />
<SP HEIGHT="34" HPOS="1351" VPOS="1754" WIDTH="27" />
<String CONTENT="of" HEIGHT="54" HPOS="1379" VPOS="1734" WIDTH="64" />
<SP HEIGHT="55" HPOS="1444" VPOS="1734" WIDTH="31" />
<String CONTENT="California," HEIGHT="71" HPOS="1476" VPOS="1732" WIDTH="346" />
<SP HEIGHT="50" HPOS="1823" VPOS="1753" WIDTH="30" />
<String CONTENT="approved" HEIGHT="66" HPOS="1854" VPOS="1736" WIDTH="295" />
<SP HEIGHT="53" HPOS="2150" VPOS="1736" WIDTH="31" />
<String CONTENT="February" HEIGHT="146" HPOS="381" VPOS="1736" WIDTH="1990" />
<SP HEIGHT="61" HPOS="485" VPOS="1821" WIDTH="38" />
<String CONTENT="14," HEIGHT="63" HPOS="524" VPOS="1818" WIDTH="81" />
<SP HEIGHT="61" HPOS="606" VPOS="1820" WIDTH="38" />
<String CONTENT="1872," HEIGHT="54" HPOS="645" VPOS="1816" WIDTH="152" />
<SP HEIGHT="35" HPOS="798" VPOS="1835" WIDTH="36" />
<String CONTENT="with" HEIGHT="52" HPOS="835" VPOS="1814" WIDTH="141" />
</TextLine>
<TextLine HEIGHT="68" HPOS="1015" STYLEREFS="StyleId-8E31076A-7A88-45E7-AA02-9E647977EE88-" VPOS="1814" WIDTH="1385">
<String CONTENT="amendments" HEIGHT="52" HPOS="1015" VPOS="1815" WIDTH="391" />
<SP HEIGHT="34" HPOS="1407" VPOS="1833" WIDTH="37" />
<String CONTENT="up" HEIGHT="49" HPOS="1445" VPOS="1832" WIDTH="77" />
<SP HEIGHT="61" HPOS="1523" VPOS="1820" WIDTH="36" />
<String CONTENT="to" HEIGHT="46" HPOS="1560" VPOS="1820" WIDTH="58" />
<SP HEIGHT="46" HPOS="1619" VPOS="1820" WIDTH="34" />
<String CONTENT="the" HEIGHT="52" HPOS="1654" VPOS="1814" WIDTH="96" />
<SP HEIGHT="36" HPOS="1751" VPOS="1832" WIDTH="34" />
<String CONTENT="end" HEIGHT="53" HPOS="1786" VPOS="1815" WIDTH="108" />
<SP HEIGHT="52" HPOS="1895" VPOS="1815" WIDTH="37" />
<String CONTENT="of" HEIGHT="52" HPOS="1933" VPOS="1814" WIDTH="63" />
<SP HEIGHT="52" HPOS="1997" VPOS="1814" WIDTH="35" />
<String CONTENT="the" HEIGHT="52" HPOS="2033" VPOS="1815" WIDTH="96" />
<SP HEIGHT="34" HPOS="2130" VPOS="1833" WIDTH="35" />
<String CONTENT="regular" HEIGHT="68" HPOS="2166" VPOS="1814" WIDTH="234" />
</TextLine>
<TextLine HEIGHT="71" HPOS="377" STYLEREFS="StyleId-8E31076A-7A88-45E7-AA02-9E647977EE88-" VPOS="1891" WIDTH="2017">
<String CONTENT="session" HEIGHT="54" HPOS="377" VPOS="1894" WIDTH="213" />
<SP HEIGHT="35" HPOS="591" VPOS="1913" WIDTH="36" />
<String CONTENT="of" HEIGHT="52" HPOS="628" VPOS="1894" WIDTH="64" />
<SP HEIGHT="52" HPOS="693" VPOS="1894" WIDTH="35" />
<String CONTENT="the" HEIGHT="52" HPOS="729" VPOS="1894" WIDTH="96" />
<SP HEIGHT="53" HPOS="826" VPOS="1893" WIDTH="34" />
<String CONTENT="fiftieth" HEIGHT="53" HPOS="861" VPOS="1893" WIDTH="219" />
<SP HEIGHT="52" HPOS="1081" VPOS="1894" WIDTH="35" />
<String CONTENT="Legislature," HEIGHT="70" HPOS="1117" VPOS="1891" WIDTH="379" />
<SP HEIGHT="62" HPOS="1497" VPOS="1898" WIDTH="37" />
<String CONTENT="1933;" HEIGHT="62" HPOS="1535" VPOS="1897" WIDTH="163" />
<SP HEIGHT="66" HPOS="1699" VPOS="1893" WIDTH="39" />
<String CONTENT="including" HEIGHT="69" HPOS="1739" VPOS="1893" WIDTH="302" />
<SP HEIGHT="69" HPOS="2042" VPOS="1893" WIDTH="32" />
<String CONTENT="legislative" HEIGHT="69" HPOS="2075" VPOS="1893" WIDTH="319" />
</TextLine>
<TextLine HEIGHT="71" HPOS="380" STYLEREFS="StyleId-8E31076A-7A88-45E7-AA02-9E647977EE88-" VPOS="1970" WIDTH="2021">
<String CONTENT="history" HEIGHT="68" HPOS="380" VPOS="1972" WIDTH="224" />
<SP HEIGHT="49" HPOS="605" VPOS="1991" WIDTH="46" />
<String CONTENT="of" HEIGHT="54" HPOS="652" VPOS="1972" WIDTH="64" />
<SP HEIGHT="53" HPOS="717" VPOS="1972" WIDTH="45" />
<String CONTENT="code" HEIGHT="51" HPOS="763" VPOS="1974" WIDTH="135" />
<SP HEIGHT="34" HPOS="899" VPOS="1992" WIDTH="46" />
<String CONTENT="sections," HEIGHT="67" HPOS="946" VPOS="1972" WIDTH="259" />
<SP HEIGHT="48" HPOS="1206" VPOS="1991" WIDTH="47" />
<String CONTENT="citations&#8212;Supreme" HEIGHT="69" HPOS="1254" VPOS="1970" WIDTH="622" />
<SP HEIGHT="35" HPOS="1877" VPOS="1990" WIDTH="48" />
<String CONTENT="and" HEIGHT="52" HPOS="1926" VPOS="1973" WIDTH="112" />
<SP HEIGHT="52" HPOS="2039" VPOS="1973" WIDTH="46" />
<String CONTENT="Appellate" HEIGHT="69" HPOS="2086" VPOS="1972" WIDTH="315" />
</TextLine>
<TextLine CS="1" HEIGHT="149" HPOS="379" STYLEREFS="StyleId-8E31076A-7A88-45E7-AA02-9E647977EE88-" VPOS="2050" WIDTH="1994">
<String CONTENT="court" HEIGHT="48" HPOS="379" VPOS="2058" WIDTH="160" />
<SP HEIGHT="53" HPOS="540" VPOS="2053" WIDTH="35" />
<String CONTENT="decisions," HEIGHT="67" HPOS="576" VPOS="2052" WIDTH="296" />
<SP HEIGHT="48" HPOS="873" VPOS="2071" WIDTH="35" />
<String CONTENT="and" HEIGHT="53" HPOS="909" VPOS="2053" WIDTH="114" />
<SP HEIGHT="53" HPOS="1024" VPOS="2053" WIDTH="33" />
<String CONTENT="an" HEIGHT="34" HPOS="1058" VPOS="2071" WIDTH="73" />
<SP HEIGHT="34" HPOS="1132" VPOS="2071" WIDTH="33" />
<String CONTENT="appendix" HEIGHT="70" HPOS="1166" VPOS="2050" WIDTH="294" />
<SP HEIGHT="35" HPOS="1461" VPOS="2071" WIDTH="34" />
<String CONTENT="covering" HEIGHT="70" HPOS="1496" VPOS="2050" WIDTH="270" />
<SP HEIGHT="51" HPOS="1767" VPOS="2069" WIDTH="33" />
<String CONTENT="certain" HEIGHT="55" HPOS="1801" VPOS="2050" WIDTH="217" />
<SP HEIGHT="52" HPOS="2019" VPOS="2068" WIDTH="34" />
<String CONTENT="penal" HEIGHT="69" HPOS="2054" VPOS="2051" WIDTH="168" />
<SP />
<String CONTENT="statutes" HEIGHT="128" HPOS="382" VPOS="2057" WIDTH="1991" />
<SP HEIGHT="34" HPOS="504" VPOS="2151" WIDTH="38" />
<String CONTENT="not" HEIGHT="47" HPOS="543" VPOS="2138" WIDTH="101" />
<SP HEIGHT="53" HPOS="645" VPOS="2132" WIDTH="39" />
<String CONTENT="incorporated" HEIGHT="67" HPOS="685" VPOS="2132" WIDTH="404" />
</TextLine>
<TextLine HEIGHT="67" HPOS="1131" STYLEREFS="StyleId-8E31076A-7A88-45E7-AA02-9E647977EE88-" VPOS="2131" WIDTH="1269">
<String CONTENT="in" HEIGHT="52" HPOS="1131" VPOS="2132" WIDTH="58" />
<SP HEIGHT="51" HPOS="1190" VPOS="2133" WIDTH="40" />
<String CONTENT="Penal" HEIGHT="53" HPOS="1231" VPOS="2131" WIDTH="181" />
<SP HEIGHT="55" HPOS="1413" VPOS="2131" WIDTH="39" />
<String CONTENT="code." HEIGHT="53" HPOS="1453" VPOS="2133" WIDTH="151" />
<SP HEIGHT="55" HPOS="1605" VPOS="2132" WIDTH="79" />
<String CONTENT="San" HEIGHT="55" HPOS="1685" VPOS="2132" WIDTH="118" />
<SP HEIGHT="53" HPOS="1804" VPOS="2132" WIDTH="40" />
<String CONTENT="Francisco," HEIGHT="67" HPOS="1845" VPOS="2131" WIDTH="325" />
<SP HEIGHT="67" HPOS="2171" VPOS="2131" WIDTH="39" />
<String CONTENT="A." HEIGHT="52" HPOS="2211" VPOS="2131" WIDTH="71" />
<SP HEIGHT="55" HPOS="2283" VPOS="2131" WIDTH="42" />
<String CONTENT="V." HEIGHT="55" HPOS="2326" VPOS="2131" WIDTH="74" />
</TextLine>
<TextLine CS="1" HEIGHT="69" HPOS="379" STYLEREFS="StyleId-8E31076A-7A88-45E7-AA02-9E647977EE88-" VPOS="2210" WIDTH="544">
<String CONTENT="Lake" HEIGHT="56" HPOS="379" VPOS="2210" WIDTH="156" />
<SP HEIGHT="51" HPOS="536" VPOS="2215" WIDTH="25" />
<String CONTENT="&amp;" HEIGHT="50" HPOS="562" VPOS="2215" WIDTH="45" />
<SP HEIGHT="50" HPOS="608" VPOS="2215" WIDTH="24" />
<String CONTENT="co." HEIGHT="36" HPOS="633" VPOS="2230" WIDTH="79" />
<SP HEIGHT="32" HPOS="713" VPOS="2247" WIDTH="33" />
<String CONTENT="[" CS="1" />
<String CONTENT="c" HEIGHT="22" HPOS="765" STYLE="superscript" VPOS="2217" WIDTH="18" />
<String CONTENT="1933]" CS="1" HEIGHT="50" HPOS="789" VPOS="2215" WIDTH="134" />
</TextLine>
<TextLine CS="1" HEIGHT="51" HPOS="449" VPOS="2284" WIDTH="827">
<String CONTENT="2" HEIGHT="38" HPOS="449" VPOS="2287" WIDTH="26" />
<SP HEIGHT="47" HPOS="476" VPOS="2287" WIDTH="25" />
<String CONTENT="p." HEIGHT="38" HPOS="502" VPOS="2296" WIDTH="44" />
<SP HEIGHT="40" HPOS="547" VPOS="2286" WIDTH="24" />
<String CONTENT="l.," CS="1" HEIGHT="12" HPOS="593" VPOS="2317" WIDTH="24" />
<SP HEIGHT="31" HPOS="618" VPOS="2298" WIDTH="26" />
<String CONTENT="vii-xi," HEIGHT="48" HPOS="645" VPOS="2285" WIDTH="167" />
<SP HEIGHT="29" HPOS="813" VPOS="2306" WIDTH="30" />
<String CONTENT="[1]," HEIGHT="49" HPOS="844" VPOS="2286" WIDTH="72" />
<SP HEIGHT="46" HPOS="917" VPOS="2286" WIDTH="27" />
<String CONTENT="639" HEIGHT="42" HPOS="945" VPOS="2285" WIDTH="88" />
<SP HEIGHT="49" HPOS="1034" VPOS="2285" WIDTH="24" />
<String CONTENT="p." HEIGHT="37" HPOS="1059" VPOS="2297" WIDTH="42" />
<SP HEIGHT="39" HPOS="1102" VPOS="2286" WIDTH="55" />
<String CONTENT="19cm." CS="1" HEIGHT="42" HPOS="1158" VPOS="2284" WIDTH="118" />
</TextLine>
<TextLine CS="1" HEIGHT="47" HPOS="455" VPOS="2342" WIDTH="1327">
<String CONTENT="Lettered" HEIGHT="40" HPOS="455" VPOS="2344" WIDTH="228" />
<SP HEIGHT="38" HPOS="684" VPOS="2345" WIDTH="29" />
<String CONTENT="on" HEIGHT="28" HPOS="714" VPOS="2355" WIDTH="59" />
<SP HEIGHT="29" HPOS="774" VPOS="2355" WIDTH="28" />
<String CONTENT="cover:" CS="1" HEIGHT="30" HPOS="803" VPOS="2354" WIDTH="141" />
<SP HEIGHT="41" HPOS="973" VPOS="2343" WIDTH="30" />
<String CONTENT="California" HEIGHT="42" HPOS="1004" VPOS="2342" WIDTH="275" />
<SP HEIGHT="40" HPOS="1280" VPOS="2343" WIDTH="30" />
<String CONTENT="Penal" HEIGHT="39" HPOS="1311" VPOS="2343" WIDTH="150" />
<SP HEIGHT="40" HPOS="1462" VPOS="2343" WIDTH="29" />
<String CONTENT="code," HEIGHT="47" HPOS="1492" VPOS="2342" WIDTH="129" />
<SP HEIGHT="47" HPOS="1622" VPOS="2342" WIDTH="30" />
<String CONTENT="1933." HEIGHT="41" HPOS="1653" VPOS="2342" WIDTH="129" />
</TextLine>
<TextLine CS="1" HEIGHT="55" HPOS="383" VPOS="2408" WIDTH="2018">
<String CONTENT="&#169;" HEIGHT="52" HPOS="383" VPOS="2411" WIDTH="52" />
<SP HEIGHT="52" HPOS="436" VPOS="2411" WIDTH="30" />
<String CONTENT="Aug." HEIGHT="45" HPOS="467" VPOS="2415" WIDTH="119" />
<SP HEIGHT="40" HPOS="587" VPOS="2414" WIDTH="30" />
<String CONTENT="24," HEIGHT="42" HPOS="618" VPOS="2414" WIDTH="70" />
<SP HEIGHT="40" HPOS="689" VPOS="2416" WIDTH="30" />
<String CONTENT="1933:" CS="1" HEIGHT="40" HPOS="720" VPOS="2414" WIDTH="114" />
<SP HEIGHT="40" HPOS="862" VPOS="2414" WIDTH="32" />
<String CONTENT="2c." HEIGHT="40" HPOS="895" VPOS="2414" WIDTH="68" />
<SP HEIGHT="30" HPOS="964" VPOS="2424" WIDTH="30" />
<String CONTENT="and" HEIGHT="39" HPOS="995" VPOS="2414" WIDTH="95" />
<SP HEIGHT="39" HPOS="1091" VPOS="2414" WIDTH="30" />
<String CONTENT="aff." HEIGHT="41" HPOS="1122" VPOS="2412" WIDTH="82" />
<SP HEIGHT="40" HPOS="1205" VPOS="2413" WIDTH="35" />
<String CONTENT="Sept." HEIGHT="47" HPOS="1241" VPOS="2413" WIDTH="127" />
<SP HEIGHT="38" HPOS="1369" VPOS="2413" WIDTH="32" />
<String CONTENT="11:" HEIGHT="39" HPOS="1402" VPOS="2413" WIDTH="83" />
<SP HEIGHT="39" HPOS="1486" VPOS="2413" WIDTH="31" />
<String CONTENT="A" HEIGHT="38" HPOS="1518" VPOS="2413" WIDTH="40" />
<SP HEIGHT="40" HPOS="1559" VPOS="2412" WIDTH="30" />
<String CONTENT="64975;" HEIGHT="46" HPOS="1590" VPOS="2412" WIDTH="172" />
<SP HEIGHT="46" HPOS="1763" VPOS="2412" WIDTH="32" />
<String CONTENT="A." HEIGHT="40" HPOS="1796" VPOS="2412" WIDTH="55" />
<SP HEIGHT="39" HPOS="1852" VPOS="2413" WIDTH="29" />
<String CONTENT="Y." HEIGHT="40" HPOS="1882" VPOS="2413" WIDTH="54" />
<SP HEIGHT="40" HPOS="1937" VPOS="2413" WIDTH="31" />
<String CONTENT="Lake" HEIGHT="40" HPOS="1969" VPOS="2413" WIDTH="132" />
<SP HEIGHT="40" HPOS="2102" VPOS="2413" WIDTH="29" />
<String CONTENT="&amp;" HEIGHT="40" HPOS="2132" VPOS="2413" WIDTH="35" />
<SP HEIGHT="40" HPOS="2168" VPOS="2413" WIDTH="29" />
<String CONTENT="co." HEIGHT="31" HPOS="2198" VPOS="2422" WIDTH="68" />
<SP HEIGHT="29" HPOS="2267" VPOS="2432" WIDTH="63" />
<String CONTENT="[&#169;" CS="1" HEIGHT="52" HPOS="2349" VPOS="2408" WIDTH="52" />
</TextLine>
<TextLine HEIGHT="51" HPOS="453" VPOS="2469" WIDTH="691">
<String CONTENT="new" HEIGHT="29" HPOS="453" VPOS="2482" WIDTH="107" />
<SP HEIGHT="29" HPOS="561" VPOS="2482" WIDTH="30" />
<String CONTENT="matter]" HEIGHT="46" HPOS="592" VPOS="2474" WIDTH="195" />
<SP HEIGHT="51" HPOS="788" VPOS="2469" WIDTH="73" />
<String CONTENT="(33-23820)" HEIGHT="49" HPOS="862" VPOS="2469" WIDTH="282" />
</TextLine>
<TextLine HEIGHT="67" HPOS="378" STYLEREFS="StyleId-A7D5FBD7-FE01-4753-A687-EDEF329614B3-" VPOS="2574" WIDTH="539">
<String CONTENT="Calland," HEIGHT="67" HPOS="378" VPOS="2574" WIDTH="262" />
<SP HEIGHT="66" HPOS="641" VPOS="2575" WIDTH="29" />
<String CONTENT="Annice." HEIGHT="56" HPOS="671" VPOS="2574" WIDTH="246" />
</TextLine>
<TextLine HEIGHT="71" HPOS="451" STYLEREFS="StyleId-8E31076A-7A88-45E7-AA02-9E647977EE88-" VPOS="2651" WIDTH="1948">
<String CONTENT="Grape" HEIGHT="69" HPOS="451" VPOS="2653" WIDTH="194" />
<SP HEIGHT="35" HPOS="646" VPOS="2674" WIDTH="37" />
<String CONTENT="with" HEIGHT="53" HPOS="684" VPOS="2653" WIDTH="141" />
<SP HEIGHT="52" HPOS="826" VPOS="2654" WIDTH="36" />
<String CONTENT="thorn," HEIGHT="66" HPOS="863" VPOS="2654" WIDTH="191" />
<SP HEIGHT="67" HPOS="1055" VPOS="2653" WIDTH="34" />
<String CONTENT="by" HEIGHT="68" HPOS="1090" VPOS="2653" WIDTH="76" />
<SP HEIGHT="68" HPOS="1167" VPOS="2653" WIDTH="35" />
<String CONTENT="Annice" HEIGHT="54" HPOS="1203" VPOS="2651" WIDTH="222" />
<SP HEIGHT="55" HPOS="1426" VPOS="2652" WIDTH="39" />
<String CONTENT="Calland." HEIGHT="55" HPOS="1466" VPOS="2652" WIDTH="261" />
<SP HEIGHT="55" HPOS="1728" VPOS="2651" WIDTH="77" />
<String CONTENT="Carmel-by-the-sea," HEIGHT="69" HPOS="1806" VPOS="2651" WIDTH="593" />
</TextLine>
<TextLine HEIGHT="69" HPOS="382" STYLEREFS="StyleId-8E31076A-7A88-45E7-AA02-9E647977EE88-" VPOS="2731" WIDTH="377">
<String CONTENT="Calif.," HEIGHT="69" HPOS="382" VPOS="2731" WIDTH="196" />
<SP HEIGHT="62" HPOS="579" VPOS="2738" WIDTH="29" />
<String CONTENT="1933." HEIGHT="50" HPOS="609" VPOS="2737" WIDTH="150" />
</TextLine>
<TextLine HEIGHT="52" HPOS="455" VPOS="2805" WIDTH="341">
<String CONTENT="[65]" HEIGHT="52" HPOS="455" VPOS="2805" WIDTH="85" />
<SP HEIGHT="41" HPOS="541" VPOS="2816" WIDTH="31" />
<String CONTENT="p." HEIGHT="38" HPOS="573" VPOS="2816" WIDTH="45" />
<SP HEIGHT="43" HPOS="619" VPOS="2806" WIDTH="58" />
<String CONTENT="14" HEIGHT="39" HPOS="678" VPOS="2806" WIDTH="56" />
<String CONTENT="cm" HEIGHT="21" HPOS="737" STYLE="superscript" VPOS="2809" WIDTH="44" />
<String CONTENT="." HEIGHT="9" HPOS="787" VPOS="2838" WIDTH="9" />
</TextLine>
<TextLine HEIGHT="40" HPOS="451" VPOS="2865" WIDTH="192">
<String CONTENT="Verses." HEIGHT="40" HPOS="451" VPOS="2865" WIDTH="192" />
</TextLine>
<TextLine HEIGHT="53" HPOS="383" VPOS="2933" WIDTH="2019">
<String CONTENT="&#169;" HEIGHT="52" HPOS="383" VPOS="2933" WIDTH="53" />
<SP HEIGHT="52" HPOS="437" VPOS="2933" WIDTH="24" />
<String CONTENT="Aug." HEIGHT="46" HPOS="462" VPOS="2937" WIDTH="121" />
<SP HEIGHT="40" HPOS="584" VPOS="2938" WIDTH="23" />
<String CONTENT="5," HEIGHT="42" HPOS="608" VPOS="2938" WIDTH="39" />
<SP HEIGHT="42" HPOS="648" VPOS="2938" WIDTH="25" />
<String CONTENT="1933:" HEIGHT="42" HPOS="674" VPOS="2937" WIDTH="142" />
<SP HEIGHT="41" HPOS="817" VPOS="2938" WIDTH="24" />
<String CONTENT="2c." HEIGHT="40" HPOS="842" VPOS="2938" WIDTH="68" />
<SP HEIGHT="39" HPOS="911" VPOS="2937" WIDTH="24" />
<String CONTENT="Aug." HEIGHT="48" HPOS="936" VPOS="2937" WIDTH="119" />
<SP HEIGHT="41" HPOS="1056" VPOS="2937" WIDTH="27" />
<String CONTENT="9;" HEIGHT="43" HPOS="1084" VPOS="2937" WIDTH="52" />
<SP HEIGHT="32" HPOS="1137" VPOS="2948" WIDTH="27" />
<String CONTENT="aff." HEIGHT="41" HPOS="1165" VPOS="2937" WIDTH="82" />
<SP HEIGHT="39" HPOS="1248" VPOS="2937" WIDTH="25" />
<String CONTENT="Aug." HEIGHT="49" HPOS="1274" VPOS="2937" WIDTH="121" />
<SP HEIGHT="40" HPOS="1396" VPOS="2937" WIDTH="24" />
<String CONTENT="28;" HEIGHT="46" HPOS="1421" VPOS="2937" WIDTH="83" />
<SP HEIGHT="46" HPOS="1505" VPOS="2937" WIDTH="27" />
<String CONTENT="A" HEIGHT="39" HPOS="1533" VPOS="2937" WIDTH="42" />
<SP HEIGHT="41" HPOS="1576" VPOS="2936" WIDTH="22" />
<String CONTENT="65066;" HEIGHT="47" HPOS="1599" VPOS="2936" WIDTH="173" />
<SP HEIGHT="47" HPOS="1773" VPOS="2936" WIDTH="27" />
<String CONTENT="Annice" HEIGHT="40" HPOS="1801" VPOS="2936" WIDTH="185" />
<SP HEIGHT="41" HPOS="1987" VPOS="2936" WIDTH="25" />
<String CONTENT="Calland" HEIGHT="41" HPOS="2013" VPOS="2936" WIDTH="208" />
<SP HEIGHT="40" HPOS="2222" VPOS="2936" WIDTH="25" />
<String CONTENT="Price," HEIGHT="47" HPOS="2248" VPOS="2934" WIDTH="154" />
</TextLine>
<TextLine HEIGHT="50" HPOS="452" VPOS="2993" WIDTH="740">
<String CONTENT="Carmel," HEIGHT="48" HPOS="452" VPOS="2994" WIDTH="207" />
<SP HEIGHT="47" HPOS="660" VPOS="2995" WIDTH="31" />
<String CONTENT="Calif." HEIGHT="41" HPOS="692" VPOS="2994" WIDTH="145" />
<SP HEIGHT="48" HPOS="838" VPOS="2995" WIDTH="70" />
<String CONTENT="(33-23960)" HEIGHT="50" HPOS="909" VPOS="2993" WIDTH="283" />
</TextLine>
<TextLine HEIGHT="67" HPOS="379" STYLEREFS="StyleId-A7D5FBD7-FE01-4753-A687-EDEF329614B3-" VPOS="3099" WIDTH="955">
<String CONTENT="Cameron," HEIGHT="64" HPOS="379" VPOS="3099" WIDTH="309" />
<SP HEIGHT="62" HPOS="689" VPOS="3101" WIDTH="28" />
<String CONTENT="Lady" HEIGHT="67" HPOS="718" VPOS="3099" WIDTH="167" />
<SP HEIGHT="67" HPOS="886" VPOS="3099" WIDTH="26" />
<String CONTENT="Mary," HEIGHT="64" HPOS="913" VPOS="3099" WIDTH="193" />
<SP HEIGHT="49" HPOS="1107" VPOS="3117" WIDTH="28" />
<String CONTENT="pseud." HEIGHT="66" HPOS="1136" VPOS="3100" WIDTH="198" />
</TextLine>
<TextLine CS="1" HEIGHT="70" HPOS="453" STYLEREFS="StyleId-8E31076A-7A88-45E7-AA02-9E647977EE88-" VPOS="3176" WIDTH="1948">
<String CONTENT="Mr." HEIGHT="53" HPOS="453" VPOS="3177" WIDTH="110" />
<SP HEIGHT="52" HPOS="564" VPOS="3178" WIDTH="41" />
<String CONTENT="Dayton," HEIGHT="67" HPOS="606" VPOS="3178" WIDTH="253" />
<SP HEIGHT="65" HPOS="860" VPOS="3179" WIDTH="39" />
<String CONTENT="darling!" HEIGHT="69" HPOS="900" VPOS="3177" WIDTH="263" />
<SP HEIGHT="53" HPOS="1164" VPOS="3177" WIDTH="79" />
<String CONTENT="By" HEIGHT="66" HPOS="1244" VPOS="3179" WIDTH="91" />
<SP HEIGHT="67" HPOS="1336" VPOS="3178" WIDTH="40" />
<String CONTENT="Lady" HEIGHT="69" HPOS="1377" VPOS="3177" WIDTH="166" />
<SP HEIGHT="68" HPOS="1544" VPOS="3178" WIDTH="36" />
<String CONTENT="Mary" HEIGHT="67" HPOS="1581" VPOS="3178" WIDTH="173" />
<SP HEIGHT="68" HPOS="1755" VPOS="3177" WIDTH="40" />
<String CONTENT="Cameron" HEIGHT="55" HPOS="1796" VPOS="3177" WIDTH="279" />
<SP HEIGHT="36" HPOS="2076" VPOS="3192" WIDTH="46" />
<String CONTENT="&#8230;" CS="1" />
<SP HEIGHT="52" HPOS="2180" VPOS="3176" WIDTH="79" />
<String CONTENT="New" HEIGHT="52" HPOS="2260" VPOS="3176" WIDTH="141" />
</TextLine>
<TextLine CS="1" HEIGHT="69" HPOS="384" STYLEREFS="StyleId-8E31076A-7A88-45E7-AA02-9E647977EE88-" VPOS="3255" WIDTH="1121">
<String CONTENT="York," HEIGHT="66" HPOS="384" VPOS="3255" WIDTH="178" />
<SP HEIGHT="65" HPOS="563" VPOS="3256" WIDTH="31" />
<String CONTENT="Coward-McCann," HEIGHT="68" HPOS="595" VPOS="3256" WIDTH="557" />
<SP HEIGHT="69" HPOS="1153" VPOS="3255" WIDTH="32" />
<String CONTENT="inc." HEIGHT="55" HPOS="1186" VPOS="3255" WIDTH="105" />
<SP HEIGHT="33" HPOS="1292" VPOS="3291" WIDTH="37" />
<String CONTENT="[" HEIGHT="33" HPOS="1330" STYLE="subscript" VPOS="3291" WIDTH="12" />
<String CONTENT="c" HEIGHT="22" HPOS="1347" STYLE="superscript" VPOS="3262" WIDTH="18" />
<String CONTENT="1933]" CS="1" HEIGHT="50" HPOS="1371" VPOS="3259" WIDTH="134" />
</TextLine>
<TextLine CS="1" HEIGHT="49" HPOS="452" STYLEREFS="StyleId-8E31076A-7A88-45E7-AA02-9E647977EE88-" VPOS="3329" WIDTH="442">
<String CONTENT="v," HEIGHT="38" HPOS="452" VPOS="3338" WIDTH="43" />
<SP HEIGHT="46" HPOS="496" VPOS="3330" WIDTH="27" />
<String CONTENT="311" HEIGHT="40" HPOS="524" VPOS="3330" WIDTH="87" />
<SP HEIGHT="47" HPOS="612" VPOS="3331" WIDTH="29" />
<String CONTENT="p." HEIGHT="38" HPOS="642" VPOS="3340" WIDTH="44" />
<SP HEIGHT="40" HPOS="687" VPOS="3331" WIDTH="59" />
<String CONTENT="19&#189;" CS="1" HEIGHT="42" HPOS="747" VPOS="3329" WIDTH="56" />
<String CONTENT="cm" HEIGHT="21" HPOS="836" STYLE="superscript" VPOS="3333" WIDTH="43" />
<String CONTENT="." HEIGHT="8" HPOS="885" VPOS="3363" WIDTH="9" />
</TextLine>
<TextLine HEIGHT="50" HPOS="455" VPOS="3386" WIDTH="1447">
<String CONTENT="&#8220;First" HEIGHT="42" HPOS="455" VPOS="3386" WIDTH="162" />
<SP HEIGHT="37" HPOS="618" VPOS="3390" WIDTH="25" />
<String CONTENT="edition" HEIGHT="41" HPOS="644" VPOS="3387" WIDTH="183" />
<SP HEIGHT="40" HPOS="828" VPOS="3387" WIDTH="26" />
<String CONTENT="August" HEIGHT="49" HPOS="855" VPOS="3387" WIDTH="191" />
<SP HEIGHT="40" HPOS="1047" VPOS="3388" WIDTH="25" />
<String CONTENT="1933;" HEIGHT="48" HPOS="1073" VPOS="3387" WIDTH="142" />
<SP HEIGHT="36" HPOS="1216" VPOS="3399" WIDTH="30" />
<String CONTENT="reprinted" HEIGHT="49" HPOS="1247" VPOS="3387" WIDTH="249" />
<SP HEIGHT="41" HPOS="1497" VPOS="3387" WIDTH="26" />
<String CONTENT="August" HEIGHT="49" HPOS="1524" VPOS="3387" WIDTH="192" />
<SP HEIGHT="41" HPOS="1717" VPOS="3387" WIDTH="24" />
<String CONTENT="1933.&#8221;" HEIGHT="42" HPOS="1742" VPOS="3386" WIDTH="160" />
</TextLine>
<TextLine HEIGHT="55" HPOS="383" VPOS="3445" WIDTH="2019">
<String CONTENT="&#169;" HEIGHT="52" HPOS="383" VPOS="3445" WIDTH="52" />
<SP HEIGHT="52" HPOS="436" VPOS="3445" WIDTH="29" />
<String CONTENT="Aug." HEIGHT="47" HPOS="466" VPOS="3450" WIDTH="120" />
<SP HEIGHT="40" HPOS="587" VPOS="3450" WIDTH="29" />
<String CONTENT="29," HEIGHT="47" HPOS="617" VPOS="3450" WIDTH="68" />
<SP HEIGHT="45" HPOS="686" VPOS="3452" WIDTH="30" />
<String CONTENT="1933;" HEIGHT="45" HPOS="717" VPOS="3452" WIDTH="141" />
<SP HEIGHT="45" HPOS="859" VPOS="3452" WIDTH="31" />
<String CONTENT="2c." HEIGHT="39" HPOS="891" VPOS="3452" WIDTH="67" />
<SP HEIGHT="40" HPOS="959" VPOS="3452" WIDTH="33" />
<String CONTENT="Sept." HEIGHT="48" HPOS="993" VPOS="3452" WIDTH="128" />
<SP HEIGHT="41" HPOS="1122" VPOS="3453" WIDTH="30" />
<String CONTENT="15;" HEIGHT="45" HPOS="1153" VPOS="3453" WIDTH="83" />
<SP HEIGHT="35" HPOS="1237" VPOS="3463" WIDTH="31" />
<String CONTENT="aff." HEIGHT="42" HPOS="1269" VPOS="3450" WIDTH="82" />
<SP HEIGHT="40" HPOS="1352" VPOS="3452" WIDTH="35" />
<String CONTENT="Sept." HEIGHT="47" HPOS="1388" VPOS="3452" WIDTH="128" />
<SP HEIGHT="39" HPOS="1517" VPOS="3452" WIDTH="31" />
<String CONTENT="14;" HEIGHT="46" HPOS="1549" VPOS="3451" WIDTH="81" />
<SP HEIGHT="47" HPOS="1631" VPOS="3450" WIDTH="33" />
<String CONTENT="A" HEIGHT="38" HPOS="1665" VPOS="3450" WIDTH="40" />
<SP HEIGHT="40" HPOS="1706" VPOS="3449" WIDTH="30" />
<String CONTENT="65239;" HEIGHT="48" HPOS="1737" VPOS="3449" WIDTH="171" />
<SP HEIGHT="49" HPOS="1909" VPOS="3448" WIDTH="32" />
<String CONTENT="Coward-McCann," HEIGHT="42" HPOS="1942" VPOS="3447" WIDTH="460" />
</TextLine>
<TextLine HEIGHT="50" HPOS="450" VPOS="3506" WIDTH="446">
<String CONTENT="inc." HEIGHT="42" HPOS="450" VPOS="3506" WIDTH="91" />
<SP HEIGHT="48" HPOS="542" VPOS="3508" WIDTH="70" />
<String CONTENT="(33-23925)" HEIGHT="48" HPOS="613" VPOS="3508" WIDTH="283" />
</TextLine>
<TextLine HEIGHT="72" HPOS="377" STYLEREFS="StyleId-A7D5FBD7-FE01-4753-A687-EDEF329614B3-" VPOS="3607" WIDTH="1087">
<String CONTENT="Coblentz," HEIGHT="69" HPOS="377" VPOS="3607" WIDTH="299" />
<SP HEIGHT="63" HPOS="677" VPOS="3613" WIDTH="31" />
<String CONTENT="Stanton" HEIGHT="54" HPOS="709" VPOS="3613" WIDTH="255" />
<SP HEIGHT="54" HPOS="965" VPOS="3612" WIDTH="32" />
<String CONTENT="Arthur," HEIGHT="67" HPOS="998" VPOS="3612" WIDTH="254" />
<SP HEIGHT="61" HPOS="1253" VPOS="3618" WIDTH="35" />
<String CONTENT="1896-" HEIGHT="51" HPOS="1289" VPOS="3616" WIDTH="175" />
</TextLine>
<TextLine HEIGHT="72" HPOS="454" STYLEREFS="StyleId-8E31076A-7A88-45E7-AA02-9E647977EE88-" VPOS="3687" WIDTH="1946">
<String CONTENT="Songs" HEIGHT="72" HPOS="454" VPOS="3687" WIDTH="185" />
<SP HEIGHT="34" HPOS="640" VPOS="3709" WIDTH="45" />
<String CONTENT="of" HEIGHT="53" HPOS="686" VPOS="3690" WIDTH="64" />
<SP HEIGHT="54" HPOS="751" VPOS="3690" WIDTH="43" />
<String CONTENT="the" HEIGHT="51" HPOS="795" VPOS="3693" WIDTH="97" />
<SP HEIGHT="35" HPOS="893" VPOS="3709" WIDTH="43" />
<String CONTENT="redwoods" HEIGHT="53" HPOS="937" VPOS="3693" WIDTH="296" />
<SP HEIGHT="35" HPOS="1234" VPOS="3711" WIDTH="47" />
<String CONTENT="and" HEIGHT="53" HPOS="1282" VPOS="3693" WIDTH="114" />
<SP HEIGHT="53" HPOS="1397" VPOS="3693" WIDTH="45" />
<String CONTENT="other" HEIGHT="54" HPOS="1443" VPOS="3692" WIDTH="164" />
<SP HEIGHT="50" HPOS="1608" VPOS="3709" WIDTH="45" />
<String CONTENT="poems," HEIGHT="51" HPOS="1654" VPOS="3708" WIDTH="211" />
<SP HEIGHT="70" HPOS="1866" VPOS="3688" WIDTH="43" />
<String CONTENT="by" HEIGHT="70" HPOS="1910" VPOS="3688" WIDTH="77" />
<SP HEIGHT="69" HPOS="1988" VPOS="3689" WIDTH="44" />
<String CONTENT="Stanton" HEIGHT="55" HPOS="2033" VPOS="3689" WIDTH="248" />
<SP HEIGHT="52" HPOS="2282" VPOS="3688" WIDTH="47" />
<String CONTENT="A." HEIGHT="53" HPOS="2330" VPOS="3688" WIDTH="70" />
</TextLine>
<TextLine CS="1" HEIGHT="74" HPOS="381" STYLEREFS="StyleId-8E31076A-7A88-45E7-AA02-9E647977EE88-" VPOS="3767" WIDTH="2019">
<String CONTENT="Coblentz" HEIGHT="56" HPOS="381" VPOS="3767" WIDTH="275" />
<SP HEIGHT="33" HPOS="657" VPOS="3790" WIDTH="45" />
<String CONTENT="&#8230;" CS="1" />
<SP HEIGHT="52" HPOS="761" VPOS="3772" WIDTH="79" />
<String CONTENT="Los" HEIGHT="53" HPOS="841" VPOS="3772" WIDTH="111" />
<SP HEIGHT="52" HPOS="953" VPOS="3773" WIDTH="39" />
<String CONTENT="Angeles," HEIGHT="68" HPOS="993" VPOS="3773" WIDTH="268" />
<SP HEIGHT="65" HPOS="1262" VPOS="3774" WIDTH="43" />
<String CONTENT="San" HEIGHT="55" HPOS="1306" VPOS="3774" WIDTH="118" />
<SP HEIGHT="52" HPOS="1425" VPOS="3773" WIDTH="43" />
<String CONTENT="Francisco," HEIGHT="65" HPOS="1469" VPOS="3770" WIDTH="328" />
<SP HEIGHT="67" HPOS="1798" VPOS="3768" WIDTH="39" />
<String CONTENT="Overland-outwest" HEIGHT="56" HPOS="1838" VPOS="3768" WIDTH="562" />
</TextLine>
<TextLine HEIGHT="71" HPOS="378" STYLEREFS="StyleId-8E31076A-7A88-45E7-AA02-9E647977EE88-" VPOS="3846" WIDTH="587">
<String CONTENT="publications," HEIGHT="71" HPOS="378" VPOS="3846" WIDTH="402" />
<SP HEIGHT="61" HPOS="781" VPOS="3856" WIDTH="32" />
<String CONTENT="1933." HEIGHT="51" HPOS="814" VPOS="3855" WIDTH="151" />
</TextLine>
<TextLine CS="1" HEIGHT="52" HPOS="451" VPOS="3922" WIDTH="925">
<String CONTENT="77" HEIGHT="39" HPOS="451" VPOS="3922" WIDTH="56" />
<SP />
<String CONTENT="p.," CS="1" />
<SP />
<String CONTENT="1" CS="1" />
<SP />
<String CONTENT="l." CS="1" />
<SP HEIGHT="40" HPOS="704" VPOS="3923" WIDTH="29" />
<String CONTENT="incl." HEIGHT="42" HPOS="734" VPOS="3923" WIDTH="111" />
<SP HEIGHT="29" HPOS="846" VPOS="3936" WIDTH="25" />
<String CONTENT="mounted" HEIGHT="40" HPOS="872" VPOS="3926" WIDTH="231" />
<SP HEIGHT="48" HPOS="1104" VPOS="3926" WIDTH="29" />
<String CONTENT="pl." CS="1" HEIGHT="37" HPOS="1134" VPOS="3937" WIDTH="61" />
<SP HEIGHT="41" HPOS="1196" VPOS="3925" WIDTH="60" />
<String CONTENT="22" HEIGHT="40" HPOS="1257" VPOS="3925" WIDTH="56" />
<String CONTENT="cm" HEIGHT="21" HPOS="1316" STYLE="superscript" VPOS="3928" WIDTH="43" />
<String CONTENT="." HEIGHT="7" HPOS="1367" VPOS="3958" WIDTH="9" />
</TextLine>
<TextLine CS="1" HEIGHT="55" HPOS="379" VPOS="3973" WIDTH="1877">
<String CONTENT="&#169;" HEIGHT="53" HPOS="379" VPOS="3973" WIDTH="53" />
<SP HEIGHT="53" HPOS="433" VPOS="3973" WIDTH="31" />
<String CONTENT="July" HEIGHT="48" HPOS="465" VPOS="3979" WIDTH="119" />
<SP HEIGHT="46" HPOS="585" VPOS="3981" WIDTH="27" />
<String CONTENT="26." HEIGHT="42" HPOS="613" VPOS="3980" WIDTH="70" />
<SP HEIGHT="40" HPOS="684" VPOS="3982" WIDTH="30" />
<String CONTENT="1933;" HEIGHT="47" HPOS="715" VPOS="3981" WIDTH="142" />
<SP HEIGHT="45" HPOS="858" VPOS="3983" WIDTH="32" />
<String CONTENT="2c." HEIGHT="40" HPOS="891" VPOS="3983" WIDTH="67" />
<SP HEIGHT="28" HPOS="959" VPOS="3995" WIDTH="32" />
<String CONTENT="and" HEIGHT="40" HPOS="992" VPOS="3985" WIDTH="95" />
<SP HEIGHT="40" HPOS="1088" VPOS="3985" WIDTH="33" />
<String CONTENT="aff." HEIGHT="42" HPOS="1122" VPOS="3983" WIDTH="82" />
<SP HEIGHT="40" HPOS="1205" VPOS="3983" WIDTH="36" />
<String CONTENT="Sept." HEIGHT="44" HPOS="1242" VPOS="3983" WIDTH="129" />
<SP HEIGHT="39" HPOS="1372" VPOS="3983" WIDTH="34" />
<String CONTENT="5:" HEIGHT="40" HPOS="1407" VPOS="3983" WIDTH="53" />
<SP HEIGHT="42" HPOS="1461" VPOS="3983" WIDTH="34" />
<String CONTENT="A" HEIGHT="42" HPOS="1496" VPOS="3983" WIDTH="35" />
<SP HEIGHT="43" HPOS="1532" VPOS="3982" WIDTH="36" />
<String CONTENT="65112;" HEIGHT="44" HPOS="1569" VPOS="3981" WIDTH="174" />
<SP HEIGHT="43" HPOS="1744" VPOS="3980" WIDTH="36" />
<String CONTENT="Overland-outwest" HEIGHT="39" HPOS="1781" VPOS="3980" WIDTH="475" />
</TextLine>
<TextLine CS="1" HEIGHT="111" HPOS="449" VPOS="3977" WIDTH="1936">
<String CONTENT="publications." HEIGHT="101" HPOS="449" VPOS="3977" WIDTH="1936" />
<SP HEIGHT="49" HPOS="693" VPOS="4038" WIDTH="71" />
<String CONTENT="(33-23959)" HEIGHT="50" HPOS="765" VPOS="4038" WIDTH="282" />
</TextLine>
</TextBlock>
</PrintSpace>
</Page>
</Layout>
</alto>