2582 4453
1389 4133 105 50 910

502 526 600 48 5 p. l., 5-145 p. 21 cm .
503 585 163 40 “First
699 584 263 50 printing.”

845 642 133 47 CONTENTS.—They
1007 643 137 39 clean
1176 643 80 39 the
1286 641 135 48 attic,
1451 642 60 47 by
1541 642 136 39 Belle
1707 643 60 39 M.
1797 640 392 49 Ritchey.—Call
2218 642 39 41 it
2284 654 27 29 a
2341 643 109 47 day,

433 702 59 47 by
533 702 169 38 Manta
744 701 45 40 S.
831 700 602 47 Graham.—Apostrophe
1471 698 48 41 in
1557 700 200 39 modern
1795 701 151 46 dress,
1988 700 57 47 by
2085 701 70 38 W.
2195 701 253 40 Beck.—It

433 768 120 39 pays
587 761 49 38 to
668 759 56 40 be
757 769 28 30 a
821 759 191 47 Poggle,
1048 758 58 47 by
1143 758 55 39 R.
1235 758 230 39 Else.—A
1499 757 253 41 weakness
1784 758 80 39 for
1897 768 186 32 nurses,
2120 758 59 47 by
2213 758 135 39 Edna
2387 759 60 40 H.

435 816 532 41 Strachan.—Brother
996 816 207 47 Donald,
1232 815 62 48 by
1321 818 55 38 A.
1404 815 367 41 Baxter.—The
1800 815 140 40 inner
1970 826 130 37 urge,
2128 816 62 47 by
2218 816 146 46 Betty
2396 816 52 41 B.

430 874 229 41 Beecher.

433 942 51 52 ©
514 946 109 40 Feb.
650 947 40 41 4,
719 946 141 47 1933;
889 948 66 38 2c.
984 946 127 39 June
1137 946 83 46 24;
1251 945 81 41 aff.
1360 946 127 40 June
1513 945 83 47 22;
1627 945 40 39 A
1694 945 173 47 64130;
1897 946 132 48 Row,
2058 946 235 39 Peterson
2320 945 37 40 &
2383 954 67 31 co.

512 1003 283 49 (33-27185)

426 1107 216 64 Soddy,
671 1106 339 66 Frederick,
1041 1108 171 55 1877-

500 1186 170 53 Money
743 1205 194 35 versus
969 1204 160 47 man;
1167 1206 28 33 a
1231 1191 303 48 statement
1567 1185 63 53 of
1662 1186 94 52 the
1790 1185 182 53 world
2006 1185 256 69 problem
2298 1184 146 54 from

430 1263 1957 72 the standpoint of the new economics, by Frederick Soddy …
431 1345 138 54 New
598 1346 179 64 York,
804 1347 65 51 E.
899 1348 65 51 P.
992 1347 225 53 Dutton
1242 1349 46 50 &
1312 1363 98 49 co.,
1438 1345 107 55 inc.
1578 1378 14 34 [
1596 1351 18 21 c
1619 1348 134 50 1933]

504 1417 1173 51 viii, 9-121 p. front. (port.) diagr. 19½ cm .
502 1476 163 41 “First
699 1477 229 41 edition.”

432 1544 52 53 ©
517 1550 126 40 June
674 1550 40 45 1,
746 1548 114 41 1933;
920 1549 67 40 2c.
1019 1550 127 39 June
1177 1549 54 47 2;
1265 1548 83 41 aff.
1381 1549 128 39 June
1540 1548 52 47 3;
1628 1547 41 39 A
1700 1546 172 47 63034;

1907 1547 54 39 E.
1994 1547 51 39 P.
2078 1546 190 39 Dutton
2300 1545 36 40 &
2366 1554 84 38 co.,

501 1606 91 40 inc.
664 1607 283 48 (33-27176)

424 1705 191 54 South
652 1715 222 48 eastern
909 1715 276 63 reporter.
1259 1708 170 54 Cases
1465 1708 217 70 argued
1718 1707 113 53 and
1868 1707 354 53 determined
2258 1706 60 53 in
2352 1706 96 53 the

498 1788 279 68 Supreme
811 1795 190 48 courts
1036 1789 64 52 of
1136 1791 237 66 appeals
1406 1788 65 53 of
1504 1787 275 71 Virginia
1815 1787 114 53 and
1961 1789 162 54 West
2160 1785 289 71 Virginia,

498 1866 278 70 Supreme
807 1875 190 47 courts
1027 1869 65 53 of
1120 1869 189 53 North
1343 1867 273 55 Carolina
1649 1867 113 53 and
1795 1866 184 56 South
2011 1865 291 69 Carolina,
2334 1865 112 53 and

498 1945 278 71 Supreme
813 1953 162 48 court
1013 1950 113 51 and
1166 1948 181 54 Court
1383 1948 63 53 of
1484 1949 235 67 appeals
1756 1947 64 53 of
1857 1946 269 70 Georgia,
2163 1946 142 52 with
2339 1946 108 68 key

494 2027 241 53 number
774 2027 386 54 annotations,
1234 2047 51 33 v.
1328 2032 115 49 168.
1515 2027 373 70 April-May,
1929 2030 152 49 1933.
2157 2026 83 55 St.
2280 2027 167 68 Paul,

494 2109 160 54 West
684 2107 339 70 publishing
1052 2128 98 48 co.,
1183 2112 153 51 1933.

496 2183 97 47 xvi,
622 2183 90 41 998
737 2194 41 37 p.
837 2183 58 40 26
897 2186 44 20 cm
947 2216 8 7 .

431 2250 51 52 ©
514 2255 129 39 June
669 2255 71 46 27,
771 2254 113 41 1933
904 2265 8 31 :
944 2255 65 40 2c.
1043 2255 119 48 July
1188 2255 83 46 24;
1305 2253 82 41 aff.
1420 2254 116 48 July
1566 2254 83 46 22;
1683 2253 44 44 A
1754 2252 171 47 64457;
1959 2253 139 40 West
2126 2252 110 49 pub.
2267 2262 68 30 co.

422 2374 454 54 Southwestern
906 2377 273 61 reporter
1218 2376 104 63 (2d
1355 2374 147 64 ser.)

494 2452 310 69 Kentucky
831 2453 279 52 decisions
1136 2454 268 67 reported
1431 2453 60 52 in
1518 2452 185 55 South
1728 2457 241 49 western
1997 2456 274 65 reporter.
424 2451 1998 133 Second
578 2532 189 54 series,
843 2534 139 51 vols.
1026 2537 64 49 55

1143 2533 127 68 (2d)
1322 2537 59 48 to
1420 2533 66 53 57
1539 2532 128 69 (2d)
1752 2530 498 70 January-April,
2294 2534 150 51 1933.

422 2610 2024 70 With key number annotations … St. Paul, West publishing
423 2710 98 48 co.,
552 2694 133 50 1933.

496 2765 214 41 Various
736 2765 219 50 pagings.
1013 2767 57 39 26
1073 2769 44 21 cm
1123 2799 7 8 .

431 2825 51 52 ©
514 2830 130 39 June
670 2830 70 46 23,
771 2828 113 41 1933;
945 2830 66 40 2c.
1043 2830 117 48 July
1189 2831 83 45 24;
1305 2829 83 41 aff.
1421 2830 116 47 July
1565 2830 84 46 22;
1682 2830 42 39 A
1753 2829 171 47 64464;
1959 2829 135 40 West
2126 2827 107 50 pub.
2265 2840 68 28 co.

422 2987 191 54 South
661 2995 241 48 western
950 2996 275 63 reporter.
1311 2990 219 55 Second
1578 2990 187 54 series.
1849 2990 170 56 Cases
2066 2991 216 69 argued
2330 2990 113 52 and

494 3068 355 54 determined
893 3069 60 53 in
995 3071 95 52 the
1137 3069 276 69 Supreme
1457 3075 190 48 courts
1689 3070 65 52 of
1794 3070 316 67 Arkansas,
2152 3069 291 66 Missouri,

493 3148 331 67 Tennessee,
862 3149 112 53 and
1012 3150 213 65 Texas;
1268 3152 208 53 Courts
1512 3148 65 55 of
1612 3152 235 66 appeals
1883 3149 64 54 of
1983 3150 308 69 Kentucky
2330 3151 112 51 and

493 3226 303 66 Missouri;
830 3229 209 55 Courts
1067 3230 64 51 of
1159 3228 134 54 civil
1321 3230 110 52 and
1463 3228 261 55 criminal
1757 3230 235 68 appeals
2022 3230 112 52 and
494 3229 1923 129 Commission
652 3308 63 51 of

748 3309 235 66 appeals
1016 3308 63 52 of
1112 3310 203 66 Texas,
1349 3308 141 53 with
1521 3309 110 68 key
1663 3309 239 53 number
1937 3309 380 54 annotations,
2390 3327 51 35 v.

495 3388 65 49 58
607 3385 128 69 (2d)
815 3386 373 70 April-May,
1226 3391 150 51 1933.
1452 3387 83 56 St.
1573 3391 168 66 Paul,
1774 3391 161 53 West
1970 3388 338 69 publishing
2345 3407 97 50 co.,

496 3467 151 51 1933.

494 3539 116 47 xvii,
643 3540 120 39 1209
790 3550 43 39 p.
893 3540 60 40 26
953 3543 44 21 cm
1003 3573 8 8 .

431 3592 51 52 ©
514 3597 127 39 June
669 3597 69 47 28,
770 3597 140 41 1933:
942 3598 67 40 2c.
1041 3599 116 47 July
1186 3599 82 46 24;
1303 3598 81 40 aff.
1416 3600 117 46 July
1562 3600 83 45 22;
1679 3599 42 39 A
1751 3599 171 47 64459;
1956 3599 135 41 West
2122 3599 110 48 pub.
2263 3610 68 29 co.

421 3716 238 64 Stroud,
695 3716 223 55 Robert
956 3717 304 57 Franklin.

496 3794 263 52 Diseases
794 3794 65 52 of
895 3797 273 60 canaries,
1204 3796 75 69 by
1317 3796 214 52 Robert
1571 3796 243 66 Stroud;
1855 3796 188 54 edited
2080 3797 75 69 by
2192 3794 252 57 Herbert

427 3872 2014 74 C. Sanborn … Kansas City, Mo., Canary publishers co., 1933.
497 3947 62 48 xi,
592 3948 147 40 3-239
769 3960 42 36 p.
872 3949 143 45 illus.,
1049 3950 180 48 diagrs.
1290 3952 55 38 22
1349 3953 43 21 cm
1399 3981 7 7 .

430 4000 52 53 ©
508 4006 111 47 Apr.
646 4006 66 41 18.
739 4007 141 47 1933;
906 4009 67 39 2c.
1001 4009 113 46 May
1139 4009 81 46 12;
1249 4009 81 42 aff.
1357 4009 126 40 June
1507 4009 53 46 9;

1589 4010 38 38 A
1654 4009 170 48 62936;
1854 4011 54 40 R.
1935 4011 50 40 F.
2015 4012 192 43 Stroud,
498 4011 1927 100 Leavenworth,
703 4065 123 40 Kan.
898 4064 283 50 (33-16072)
