2582 4453
1301 4155 135 50 1112

360 474 297 70 Stratton,
687 477 275 65 Dorothy
992 479 352 63 Constance,
1375 480 173 51 1899-

431 557 300 54 Problems
764 557 63 53 of
860 557 263 53 students
1156 556 58 52 in
1251 576 27 33 a
1315 557 283 68 graduate
1630 557 192 53 school
1857 556 62 53 of
1953 556 322 67 education,
2308 556 74 70 by

359 636 2000 229 Dorothy C. Stratton … Published with the approval of Professor Sarah M. Sturtevant, sponsor. New York city, Teachers college, Columbia university, 1933.
432 896 32 28 x
500 895 57 38 p.,
595 885 24 38 1
693 914 8 17 l.,
739 883 98 48 167,
879 883 55 49 [1]
974 894 42 37 p.
1055 883 111 41 incl.
1204 883 196 48 diagrs.,
1437 882 168 41 forms.
1668 883 54 40 23½
1757 883 44 22 cm
1806 913 8 8 .
1886 882 267 48 (Teachers
2191 881 194 50 college,

363 941 253 42 Columbia
655 940 289 48 university.
1011 940 372 41 Contributions
1421 943 49 38 to
1507 940 275 47 education,
1820 951 75 29 no.
1934 938 110 49 550)

435 1000 175 38 Issued
637 1000 104 39 also
770 1009 54 30 as
854 998 154 40 thesis
1048 999 15 48 (PH.
1238 998 13 48 D.)
1291 998 255 41 Columbia
1575 997 289 49 university.

432 1056 381 48 Bibliography:
846 1066 43 39 p.
921 1055 219 41 156-157.

365 1122 51 52 ©
450 1127 114 48 Apr.
597 1126 69 48 10,
700 1126 143 47 1933;
877 1126 69 41 2c.
980 1127 117 47 July
1128 1127 84 45 27;
1248 1125 81 41 aff.
1365 1126 117 49 July
1514 1126 84 47 28;
1633 1127 40 38 A
1707 1126 172 47 64539;
1915 1126 244 41 Teachers
2192 1126 192 48 college,

435 1184 254 41 Columbia
727 1184 130 40 univ.
931 1183 283 50 (33-20541)

358 1297 230 67 Talbot,
619 1300 141 52 Mrs.
795 1297 169 55 Clare
1004 1297 234 65 (Ryan)

431 1376 75 52 In
538 1386 162 58 quest
734 1378 64 52 of
831 1376 97 52 the
962 1375 223 68 perfect
1219 1375 336 68 bookplate;
1592 1376 96 54 the
1724 1375 433 54 whenceabouts
2192 1374 63 54 of
2289 1376 97 52 the

361 1455 2024 135 collection of Clare Ryan Talbot … foreword by Paul Jorclan-Smith.
649 1535 351 68 Claremont,
1035 1534 196 68 Calif.,
1269 1535 291 55 Saunders
1592 1535 192 53 studio
1816 1553 177 49 press,
2027 1538 151 50 1933.

433 1621 85 41 xvi
544 1632 57 38 p.,
631 1623 24 38 1
719 1653 8 17 l.,
757 1623 69 46 71,
857 1623 55 49 [1]
944 1633 43 37 p.
1017 1621 109 42 incl.
1155 1622 232 40 mounted
1414 1621 166 47 front.,
1610 1621 143 48 illus.,
1782 1620 219 41 facsims.
2062 1621 63 47 pl.
2186 1621 116 39 22cm.

436 1678 1948 50 “Limited to three hundred copies … This is copy no. 288.” Signed;
363 1737 144 41 Clare
537 1739 143 47 Ryan
709 1739 190 40 Talbot.

436 1796 68 40 “A
535 1797 210 40 selected
775 1798 258 46 catalogue
1061 1796 51 40 of
1143 1797 83 39 the
1256 1795 220 41 author’s
1505 1794 313 42 collection”;
1851 1805 43 38 p.
1923 1794 160 42 61-66.

367 1864 51 52 ©
452 1869 116 48 July
601 1869 39 48 5,
672 1869 143 47 1933;
848 1869 66 41 2c.
948 1870 97 39 and
1077 1868 83 40 aff.
1193 1869 118 48 July
1342 1870 82 47 17;
1459 1867 42 40 A
1533 1866 172 49 63749;
1741 1868 50 42 C.
1825 1868 56 41 R.
1913 1869 191 46 Talbot,
2140 1866 248 47 Glendale,

435 1926 146 41 Calif.
657 1927 284 48 (33-20410)

357 2030 395 55 Tekakwitha
782 2032 229 66 league,
1043 2033 141 52 New
1218 2031 179 54 York.

435 2110 186 52 Three
673 2110 184 68 plays.
947 2110 401 69 Tekakwitha,
1401 2111 136 67 Lily
1591 2110 63 54 of
1706 2111 97 53 the
1857 2109 318 54 Mohawks.
2265 2110 122 52 The

360 2186 198 55 White
581 2188 228 54 Flower
834 2188 63 54 of
921 2189 96 54 the
1042 2189 297 68 Canienga
1367 2191 111 66 [by]
1509 2189 184 55 Sister
1717 2188 64 55 of
1807 2188 84 57 St.
1914 2189 238 67 Joseph,
362 2190 1998 129 Brentwood.
615 2266 399 68 Tekakwitha,
1050 2268 128 53 who
1216 2268 230 53 moveth
1485 2269 77 52 all
1598 2267 197 54 before
1832 2268 119 52 her.
2021 2268 143 53 New
2201 2267 182 66 York,

359 2344 381 55 Tekakwitha
770 2348 201 66 league
1007 2380 12 34 [
1025 2352 18 22 c
1048 2349 154 64 1933]

436 2432 57 41 70
525 2443 44 38 p.
629 2432 153 41 front.
841 2431 58 42 20½
933 2434 45 22 cm
981 2464 9 9 .

365 2500 51 52 ©
456 2505 122 40 Mar.
617 2504 68 48 18,
724 2503 143 48 1933;
907 2504 66 40 2c.
1013 2505 96 39 and
1147 2503 83 41 aff.
1267 2503 115 48 Apr.
1420 2504 83 47 24;
1543 2504 44 39 A
1623 2504 172 47 62266;
1835 2503 325 42 Tekakwitha
2199 2505 186 48 league.

449 2562 283 49 (33-20441)

358 2667 255 66 Thorne,
640 2667 243 56 Harold.

437 2743 1948 72 Contract bridge omnibus, by Harold Thorne … New York,
362 2823 941 70 H. Holt and company [ c 1933]
435 2911 64 50 ix,
530 2910 87 42 270
645 2921 44 39 p.
719 2911 111 42 incl.
859 2911 152 41 front.
1071 2911 148 43 19½cm.

436 2969 378 48 Bibliography;
844 2979 46 38 p.
920 2969 82 41 vii.

367 3038 51 52 ©
450 3043 117 47 July
597 3042 70 48 20,
698 3042 114 40 1933
831 3053 9 36 ;
873 3042 68 41 2c.
973 3043 96 39 and
1100 3042 82 40 aff.
1216 3043 116 47 July
1361 3042 84 48 26;
1479 3044 40 38 A
1551 3043 173 47 64512;
1758 3044 169 48 Henry
1960 3044 120 40 Holt
2109 3045 38 40 &
2178 3055 83 36 co.,
2293 3045 91 41 inc.

443 3099 283 50 (33-20389)

358 3202 362 68 Tomlinson,
747 3206 209 63 Henry
984 3205 217 65 Major,
1233 3206 173 56 1873-

432 3283 123 52 The
597 3302 185 34 snows
827 3283 63 53 of
933 3283 264 69 Helicon,
1237 3286 77 65 by
1355 3284 78 53 H.
1476 3284 80 52 M.
1599 3285 353 54 Tomlinson.
2032 3286 138 53 New
2215 3286 164 53 York

362 3360 113 52 and
502 3360 261 66 London,
794 3361 234 68 Harper
1058 3365 50 49 &
1139 3363 279 65 brothers,
1450 3365 153 51 1933.

436 3436 27 38 4
495 3446 41 37 p.
606 3466 8 10 l.,
646 3435 100 46 267,
783 3436 56 48 [1]
874 3446 43 38 p.
976 3435 56 40 21½
1066 3437 15 22 cm
1115 3468 9 9 .

435 3492 164 41 “First
630 3491 230 43 edition.”

366 3559 51 52 ©
454 3563 120 47 Aug.
609 3564 39 46 8,
684 3563 113 41 1933
817 3574 8 35 ;
863 3564 66 40 2c.
965 3565 119 47 Aug.
1121 3564 52 48 8;
1211 3564 83 41 aff.
1329 3565 120 46 Aug.
1485 3565 82 47 10;
1605 3567 40 38 A
1680 3565 171 49 64695;
1890 3567 61 39 H.
1987 3569 61 39 M.
2085 3567 297 47 Tomlinson,

435 3620 238 48 Croydon,
709 3621 194 48 Surrey,
938 3623 238 46 England.
1248 3622 282 48 (33-20518)

359 3721 294 68 Trefusis,
680 3725 139 54 Mrs.
849 3724 195 56 Violet
1082 3725 286 66 (Keppel)
1406 3732 172 51 1894-

432 3803 276 68 Tandem,
748 3804 75 67 by
866 3804 194 55 Violet
1100 3805 280 54 Trefusis.
1458 3807 139 53 New
1639 3808 181 66 York,
1862 3808 69 55 G.
1974 3812 65 51 P.
2081 3810 298 53 Putnam's

360 3901 130 34 sons
531 3886 173 64 [1933]

436 3958 27 38 5
491 3969 43 36 p.
599 3989 9 16 l.,
635 3958 150 41 3-273
810 3969 44 38 p.
912 3958 56 41 19½
1002 3961 15 22 cm
1052 3992 9 8 .

367 4024 51 52 ©
445 4029 117 47 July
586 4029 69 42 14,
682 4029 141 47 1933;
850 4030 66 41 2c.
943 4031 119 47 Aug.
1090 4032 51 41 7;
1171 4031 82 41 aff.
1278 4032 120 48 Aug.
1425 4034 25 39 3
1470 4044 7 30 ;
1508 4034 38 38 A
1573 4032 171 48 63827;
1774 4033 159 42 Violet
1959 4035 237 44 Trefusis,
2225 4035 155 42 Taris.

448 4086 259 38 (33-20287)
