2582 4453
1373 4106 63 49 836

414 421 217 66 Oliver,
659 422 168 54 Jane.

488 500 271 53 Business
800 518 60 35 as
901 500 181 67 usual,
1123 499 76 68 by
1240 500 150 53 Jane
1431 498 200 56 Oliver
1671 502 50 51 &
1763 499 136 55 Ann
1944 499 288 70 Stafford;

419 501 1991 130 illustrated
643 578 77 67 by
756 577 137 54 Ann
934 576 278 57 Stafford.
1287 578 261 68 London,
1589 577 238 69 Collins,
1866 581 150 50 1933.

485 650 87 41 304
600 661 43 38 p.
704 650 129 41 illus.
894 651 57 40 20
954 654 44 21 cm
1003 682 8 9 .

486 708 290 40 Illustrated
806 707 365 50 lining-papers.

423 775 2016 52 © 1c. Apr. 5, 1933; A ad int. 17658; pubd. Feb. 10; Helen Easson Evans
489 838 96 39 and
622 838 137 38 Anne
795 837 187 47 Pedler,
1021 836 213 41 London.
1307 836 282 49 (33-15013)

412 935 225 55 Punch,
712 958 87 33 no.
869 938 117 70 4794,
1014 940 140 66 May
1180 942 85 65 22,
1296 943 150 49 1933.
1527 940 263 55 Summer
1818 942 256 52 number.

423 1010 2013 53 © 1c. July 18, 1933; A ad int. 18006; pubd. May 22; Herbert Heather,
487 1072 212 40 London.

414 1172 281 68 Robbins,
722 1173 252 56 Wilfred
1000 1173 278 67 William,
1308 1180 170 51 1884-

485 1254 1948 68 Plants useful to man, by Wilfred William Robbins … and
414 1333 2018 69 Francis Ramaley … two hundred and forty-one illustrations.
416 1412 1589 69 Philadelphia, P. Blakiston’s son & co., inc. [ c 1933]
489 1487 81 47 vii,
598 1487 88 40 428
716 1498 42 37 p.
819 1486 130 40 illus.
1010 1486 56 40 22
1069 1489 43 21 cm
1120 1519 7 7 .

489 1545 160 40 About
685 1544 108 40 half
829 1545 82 39 the
947 1544 225 40 material
1212 1544 42 40 is
1291 1545 212 46 adapted
1539 1543 129 41 from
1705 1543 230 41 Robbins’
1975 1544 220 46 “Botany
2235 1544 50 39 of
2321 1555 113 37 crop

418 1604 206 46 plants”,
687 1603 61 47 cf.
779 1602 131 40 Pref.

490 1644 237 57 “General
762 1661 163 39 works
953 1660 79 40 for
1066 1659 204 48 reading
1304 1660 95 39 and
1432 1659 306 40 reference”:
1772 1671 42 36 p.
1846 1658 220 41 421-422.

420 1714 2015 52 © May 24, 1933; 2c. and aff. May 25; A 62797; P. Blakiston’s son & co.,
494 1777 88 39 inc.
655 1775 283 49 (33-14567)

413 1877 295 67 Schluter,
736 1877 257 56 William
1026 1878 266 66 Charles,
1323 1884 328 51 1890-1932.

490 1956 308 55 Economic
839 1958 179 51 cycles
1059 1957 113 53 and
1213 1955 196 68 crises;
1454 1975 71 34 an
1567 1955 308 54 American
1914 1955 139 69 plan
2094 1955 62 53 of
2200 1955 233 70 control,

419 2033 2014 71 by William C. Schlüter … prepared for press by Professor
419 2115 61 50 F.
513 2113 164 70 Cyril
704 2115 195 53 James
926 2116 112 52 and
1068 2114 209 53 Denise
1302 2114 78 51 M.
1415 2113 293 67 Schlüter;
1738 2114 258 53 William
2027 2113 79 52 M.
2137 2112 297 71 Schuyler,

415 2191 199 56 editor.
683 2192 137 53 New
856 2192 178 70 York,
1131 2193 181 52 Holston
1347 2193 190 68 house,
1569 2192 168 55 Sears
1768 2191 337 70 publishing
2137 2209 296 51 company,

415 2272 104 52 inc.
558 2306 12 34 [
576 2279 18 21 c
599 2275 133 48 1933
740 2306 12 34 ]

486 2344 611 51 xi, 378 p. diagrs. 21 cm.
421 2400 2014 53 © May 26, 1933; 2c. May 31; aff. May 29; A 62829; Sears pub. co., inc.
498 2462 283 49 (33-14414)

413 2564 274 67 Schütze,
714 2565 246 65 Martin,
994 2570 171 51 1866-

485 2643 310 56 Academic
838 2644 263 54 illusions
1145 2644 59 54 in
1249 2645 97 53 the
1388 2642 132 56 field
1566 2645 62 52 of
1671 2646 197 53 letters
1912 2645 114 53 and
2067 2645 98 53 the
2207 2650 146 62 arts;
2401 2663 34 34 a

413 2741 224 52 survey,
667 2742 30 33 a
726 2724 291 54 criticism,
1048 2743 31 34 a
1106 2741 124 35 new
1260 2725 310 68 approach,
1601 2725 112 52 and
1742 2743 30 33 a
1803 2724 462 69 comprehensive
2293 2725 138 68 plan

415 2803 94 52 for
559 2803 406 70 reorganizing
1014 2804 97 53 the
1158 2804 174 69 study
1381 2804 63 53 of
1494 2805 195 53 letters
1739 2805 113 52 and
1903 2811 135 62 arts,
2086 2805 75 68 by
2210 2802 224 55 Martin

416 2883 260 56 Schütze.
757 2882 271 71 Chicago,
1053 2884 114 67 Ill.,
1190 2884 122 54 The
1335 2883 340 69 University
1700 2884 62 55 of
1789 2884 254 71 Chicago
2066 2901 159 52 press
2254 2886 172 66 [1933]

489 2959 102 47 xiii,
622 2959 100 48 327,
803 2980 9 29 [1]
846 2970 42 38 p.
949 2959 56 40 20
1008 2962 44 21 cm
1058 2991 8 8 .

768 3018 131 47 CONTENTS.—pt.
954 3047 11 9 I.
999 3016 359 48 Metaphysical
1392 3016 363 50 theories.—pt.
1787 3023 54 34 II.
1876 3015 448 50 Factualism.—pt.
2425 3045 11 11 III.

415 3074 37 38 A
485 3083 105 31 new
619 3074 259 48 approach.

421 3127 2013 52 © May 23, 1933; 2c. and aff. May 26: A 62773; University of Chicago,
491 3188 223 48 Chicago.
787 3188 283 48 (33-14648)

415 3293 306 64 Silvestre,
750 3293 266 55 Charles.

550 3369 1356 69 … Au soleil des saisons. Paris, Plon [1932]
489 3445 27 38 4
547 3455 42 37 p.
620 3445 30 39 l.,
699 3444 176 49 [3]-240
904 3455 42 37 p.
1009 3444 54 40 19
1067 3447 42 20 cm
1117 3477 6 6 .

422 3497 51 52 ©
505 3502 101 40 Oct.
636 3502 40 41 3.
707 3502 140 41 1932;
910 3514 36 28 1c.
978 3503 111 47 Apr.
1118 3503 41 40 4.
1190 3502 141 41 1933;
1363 3502 312 48 A-Foreign
1705 3502 173 41 20504;
1911 3502 246 40 Librairie
2184 3503 134 40 Plon.

505 3559 281 46 (33-14435)

416 3648 215 63 Smith,
661 3651 202 61 Logan
895 3652 282 63 Pearsall,
1210 3656 170 50 1865-

495 3725 88 55 On
625 3727 241 68 reading
905 3727 405 69 Shakespeare,
1352 3728 75 68 by
1467 3728 196 69 Logan
1704 3728 257 55 Pearsall
2004 3726 205 56 Smith.
418 3727 1989 130 London.

584 3805 304 55 Constable
920 3808 45 49 &
997 3824 76 35 co.
1108 3806 123 67 ltd.,
1265 3810 150 49 1933.

492 3888 40 29 v.
567 3877 76 39 191
686 3888 42 37 p.
792 3877 54 40 19½
879 3880 43 21 cm
929 3910 8 7 .

425 3933 2011 54 © 1c. June 1, 1933; A ad int. 17845; pubd. Apr. 6; Harcourt, Brace &
492 4006 81 34 co.,
614 3996 103 46 inc.,
758 3996 116 39 New
911 3996 145 40 York.
1129 3996 281 47 (33-15121)
