2582 4453
1303 4136 100 50 612

402 521 100 49 278,
533 519 91 42 xiii
656 532 42 37 p.
761 519 129 42 illus.
952 520 117 41 21cm.

337 578 1853 53 © Dec. 1, 1931; 1c. Dec. 31; A-Foreign 15226; Bartolom é Bauzá.
416 640 283 49 (33-11117)

331 744 294 66 Paddock,
655 743 249 57 Charles
930 742 278 66 William,
1275 747 139 51 1900-

403 820 1954 70 Track and field, by Charles W. Paddock … New York,
332 904 73 53 A.
437 901 57 57 S.
527 903 220 52 Barnes
778 901 114 53 and
923 918 301 50 company,
1254 899 422 68 incorporated,
1710 902 152 49 1933.

405 977 85 40 xiv
519 988 58 37 p.,
607 978 24 37 1
681 1008 23 16 l.,
734 974 102 50 226,
869 975 83 50 [12]
985 986 42 38 p.
1089 976 150 39 front.
1269 974 175 49 (port.)
1472 973 144 47 illus.,
1648 973 181 48 diagrs.
1890 973 149 41 23½cm.

405 1035 162 40 Blank
602 1034 156 40 forms
793 1033 80 41 for
909 1033 162 40 “Your
1105 1033 164 40 school
1305 1043 55 30 or
1395 1032 181 48 college
1612 1030 223 42 records’’
1865 1031 68 47 (p.
1973 1030 261 50 [218-219])
2261 1031 95 40 and

336 1094 146 39 “New
517 1090 195 43 world’s
747 1090 224 41 records”
1002 1091 67 48 (p.
1108 1089 262 51 [220-221]);
1442 1089 148 41 blank
1626 1100 146 37 pages
1806 1088 79 41 for
1920 1088 207 40 “Notes”
2157 1088 112 51 ([12]
2307 1092 52 39 at

334 1152 118 47 end)

407 1208 351 50 Bibliography:
822 1218 42 38 p.
887 1206 218 41 223-224.

341 1278 54 52 ©
423 1283 116 47 Apr.
568 1282 41 47 3,
667 1281 113 47 1933;
812 1281 68 41 2c.
910 1281 114 48 Apr.
1056 1281 82 43 17;
1171 1279 84 41 aff.
1285 1280 114 47 Apr.
1429 1279 84 45 25;
1547 1280 41 38 A
1618 1279 173 47 61470;
1824 1280 54 39 A.
1914 1280 45 40 S.
1991 1280 188 40 Barnes
2212 1279 36 41 &
2276 1290 85 36 co.,

409 1341 90 39 inc.
571 1339 283 49 (33-11169)

332 1444 173 65 Peck,
535 1444 173 54 Anne
735 1442 348 58 Merriman.

405 1520 1950 69 Roundabout America … by Anne Merriman Peck … and
335 1598 158 54 Enid
532 1599 293 67 Johnson;
865 1599 386 55 illustrations
1291 1600 76 68 by
1406 1600 168 54 Anne
1613 1600 318 53 Merriman
1972 1600 170 53 Peck.
2216 1600 141 53 New

339 1677 163 53 York
527 1678 113 53 and
668 1678 263 69 London,
958 1679 235 68 Harper
1220 1681 46 51 &
1290 1678 281 66 brothers,
1598 1681 154 51 1933.

410 1753 28 38 2
467 1763 43 29 y.
570 1751 192 48 fronts.,
792 1752 145 49 illus.,
966 1761 153 40 maps.
1180 1751 118 42 22cm.

413 1809 292 41 Illustrated
733 1809 367 49 lining-papers.

413 1865 164 43 “First
607 1865 230 44 edition.”

414 1923 353 51 Bibliography
794 1927 52 38 at
874 1925 93 41 end
996 1924 52 42 of
1075 1926 120 40 each
1223 1924 136 42 book.

695 1978 190 44 CONTENTS.—book
959 2012 12 10 I.
1023 1982 103 41 The
1180 1982 78 40 old
1315 1981 168 48 South,
1537 1984 270 40 southwest
1861 1984 97 40 and
343 1982 2019 98 California.—book

544 2071 11 10 II.
586 2040 117 42 New
734 2039 145 50 York,
910 2039 117 42 New
1060 2039 239 50 England,
1330 2039 182 41 middle
1543 2040 148 46 West,
1724 2041 96 39 and
1850 2043 284 40 northwest.

343 2111 52 52 ©
425 2115 115 48 Apr.
569 2114 70 47 26,
669 2113 115 42 1933;
841 2114 70 40 2c.
940 2114 122 39 each
1088 2113 114 48 Apr.
1233 2112 83 47 25;
1348 2112 109 40 affs.
1487 2113 114 48 Apr.
1632 2113 83 47 28;
1748 2114 40 38 A
1819 2114 158 48 62365,
2008 2113 172 48 62366;
2212 2115 55 41 A.
2299 2116 63 40 M.

411 2173 141 46 Peck,
582 2172 507 45 Croton-on-Hudson,
1119 2171 57 40 N.
1206 2171 54 38 Y.
1332 2170 283 49 (33-11156)

335 2277 307 64 Pemjean,
673 2276 241 56 Lucien.

413 2353 252 69 Captain
713 2353 382 68 d’Artagnan,
1141 2352 75 69 by
1265 2352 213 53 Lucien
1527 2350 303 69 Pemjean;
1881 2355 316 54 translated
2248 2354 112 53 and

341 2432 249 69 adapted
619 2431 73 69 by
720 2430 322 56 Madeleine
1069 2431 166 69 Boyd
1262 2430 113 55 and
1405 2431 214 54 Robert
1646 2431 237 69 Molloy.
1947 2430 231 55 Garden
2209 2431 153 70 City,

342 2510 69 53 N.
446 2510 90 69 Y.,
564 2509 357 69 Doubleday,
951 2509 200 54 Doran
1180 2512 51 51 &
1262 2527 299 51 company,
1590 2510 127 67 inc.,
1782 2512 119 53 1933.

411 2581 623 50 vi p., 1 l., 311 p. 20cm.
413 2640 164 41 “First
604 2638 230 43 edition.”

345 2710 52 52 ©
423 2714 115 48 Apr.
595 2714 41 46 12,
663 2713 140 47 1933;
834 2713 67 40 2c.
929 2714 96 39 and
1052 2712 84 41 aff.
1163 2713 115 48 Apr.
1337 2713 51 46 15;
1419 2713 41 38 A
1487 2712 172 47 62224;
1690 2713 300 48 Doubleday,
2021 2714 169 39 Doran
2217 2714 36 39 &
2281 2723 82 39 co.,

412 2771 94 41 inc.
577 2771 283 49 (33-11075)

338 2876 111 54 Phi
481 2876 140 55 beta
651 2893 259 50 gamma.

412 2954 240 55 Manual
684 2954 62 53 of
778 2954 96 54 the
908 2954 111 52 Phi
1052 2954 129 54 beta
1213 2972 227 50 gamma
1474 2955 150 68 legal
1659 2953 329 69 fraternity.
343 2953 1997 148 Washington,
494 3033 71 57 D.
602 3032 81 69 C.,

717 3033 121 52 The
871 3032 273 55 National
1178 3032 408 67 headquarters
1619 3032 64 53 of
1715 3033 96 51 the
1846 3032 329 70 fraternity,
2244 3035 116 49 1933.

413 3104 26 40 2
470 3116 44 37 p.
567 3137 23 16 l.,
619 3104 118 42 3-98
766 3116 43 37 p.
869 3105 145 48 illus.,
1045 3107 172 46 plates.
1275 3105 147 42 23½cm.

348 3161 53 53 ©
432 3166 114 48 Apr.
579 3165 70 48 22,
710 3165 85 41 1933;
857 3166 67 40 2c.
957 3166 96 39 and
1085 3165 83 41 aff.
1200 3166 114 48 Apr.
1346 3166 83 45 25;
1466 3167 40 38 A
1537 3165 171 47 61485;
1745 3166 91 39 Phi
1868 3167 109 39 beta
2012 3176 193 38 gamma
2239 3167 126 47 legal

416 3223 283 49 fraternity,
735 3223 338 49 Washington.
1145 3222 282 49 (33-11102)

347 3326 335 67 [Pi͡eshkov,
714 3327 184 53 Aleksi͡eĭ
1008 3327 434 54 Maksīmovīch]
1533 3332 138 52 1868-

480 3403 1884 71 … Other fires; translated from the Russian by Alexander
348 3482 249 62 Bakshy.
662 3483 136 52 New
828 3482 178 62 York,
1033 3483 258 61 London,
1317 3483 70 52 D.
1419 3482 294 62 Appleton
1742 3484 113 54 and
1884 3500 297 44 company,
2244 3485 117 53 1933.

416 3554 26 40 3
471 3565 44 37 p.
563 3586 24 16 l.,
616 3554 98 47 506,
749 3573 54 31 [1]
834 3565 43 37 p.
936 3554 116 41 21cm.

419 3611 231 40 Author’s
679 3613 181 47 pseud.,
890 3611 186 40 Maxim
1107 3611 165 49 Gorki,
1303 3615 52 38 at
1385 3613 125 39 head
1543 3612 52 41 of
1624 3611 123 42 title.

352 3667 53 53 ©
431 3673 114 47 Apr.
571 3672 70 46 28,
670 3672 140 46 1933;
840 3673 66 40 2c.
934 3673 96 39 and
1058 3672 81 40 aff.
1168 3674 115 46 May
1353 3683 9 35 1;
1391 3673 40 38 A
1459 3671 171 47 62487;
1661 3672 53 39 A.
1744 3673 63 40 M.
1835 3672 278 49 Pyeshkoff,
2143 3673 223 46 Moscow,

421 3729 194 42 Russia.
687 3729 283 50 (33-11071)

349 3833 247 64 Plomer,
627 3834 255 55 William
916 3835 247 56 Charles
1192 3835 324 65 Franklyn,
1580 3840 139 50 1903-

421 3911 1945 71 Cecil Rhodes, by William Plomer … [London] P. Davies,
351 3992 240 69 limited,
626 3996 151 49 1933.

421 4066 85 42 179
528 4079 41 36 p.
630 4068 150 40 front.
810 4066 174 49 (port.)
1053 4068 117 40 20cm.
