2484 4405
1057 4085 134 54 1715

114 424 247 62 Bouvet,
393 420 281 56 Maurice.

243 491 1613 68 … Le service de santé français pendant la guerre
110 489 1979 156 d’indépendance
461 576 95 51 des
617 562 344 64 États-Unis
1035 569 367 70 (1777-1782)
1487 567 186 69 Paris,
1736 568 377 68 Hippocrate,

114 658 150 49 1933.

182 728 87 40 110
303 739 43 37 p.
405 727 57 39 24
465 729 43 21 cm
514 758 9 9 .

185 798 61 39 At
272 798 123 39 head
423 796 51 40 of
500 796 108 40 title:
664 797 62 38 M.
755 796 201 39 Bouvet.

115 863 1697 53 © July 25, 1933; 1c. Oct. 14; A-Foreign 22394; Hippocrate.
192 925 278 49 (33-37656)

114 1027 245 66 Bowler,
389 1030 173 62 Mary
590 1027 286 65 Mariella,
903 1027 180 54 sister.

249 1099 1866 74 … A history of Catholic colleges for women in the United
121 1180 1934 69 States of America … by Sister Mary Mariella Bowler …
115 1259 400 69 Washington,
545 1261 72 51 D.
649 1260 81 67 C.,
760 1260 120 52 The
910 1260 265 54 Catholic
1204 1259 321 67 university
1553 1258 63 53 of
1646 1257 284 67 America,
1962 1261 153 49 1933.

187 1333 61 47 vi,
282 1334 83 40 145
397 1344 42 38 p.
500 1332 54 40 23
560 1335 42 21 cm
607 1365 8 8 .

187 1389 65 41 At
277 1390 124 40 head
429 1389 51 41 of
506 1390 111 40 title:
667 1390 101 41 The
794 1388 222 42 Catholic
1042 1389 273 47 university
1343 1389 51 40 of
1420 1388 236 41 America.

187 1447 172 41 Thesis
398 1448 106 48 (PH.
566 1445 329 49 D.)—Catholic
926 1447 272 47 university
1227 1447 50 40 of
1307 1447 237 40 America.

189 1504 375 51 Bibliography:
596 1517 43 37 p.
671 1504 215 41 133-145.

119 1573 52 52 ©
205 1578 128 47 Sept.
364 1577 69 46 15,
464 1576 139 46 1933;
638 1576 65 39 2c.
737 1576 96 39 and
865 1575 80 40 aff.
979 1575 100 40 Oct.
1114 1575 82 46 21;
1231 1575 40 39 A
1304 1575 143 39 65767;
1510 1575 222 40 Catholic
1764 1574 273 49 university
2069 1574 52 40 of

185 1634 236 39 America.
496 1632 280 48 (33-37465)

123 1736 248 65 [Brown,
400 1735 278 56 Florence
705 1733 269 70 Isabella]
1010 1738 171 50 1880-

185 1814 120 52 The
332 1813 348 52 bartender’s
709 1812 192 53 friend;
961 1831 30 33 a
1020 1812 373 67 compilation
1421 1812 62 53 of
1510 1813 95 52 the
1631 1813 120 53 best
1779 1813 60 52 in
115 1811 1981 150 mixicology

260 1891 154 52 from
444 1891 233 52 reliable
709 1910 237 49 sources,
978 1891 139 53 both
1149 1910 123 33 new
1305 1892 112 51 and
1450 1891 113 67 old,
1596 1891 113 52 and
1742 1890 374 68 particularly

117 1970 153 53 from
298 1970 95 53 the
422 1968 322 70 formulary
773 1969 64 54 of
866 1969 95 52 the
991 1968 226 53 famous
1244 1970 95 51 old
1369 1968 200 56 Grand
1599 1987 172 50 opera
1800 1969 173 54 house
2002 1970 119 67 bar,

118 2048 293 69 Syracuse,
445 2049 138 52 New
619 2048 178 68 York,
829 2048 75 68 by
935 2048 55 52 A
1020 2048 184 52 mixer
1261 2048 191 66 [pseud.]
1512 2048 140 52 with
1684 2049 96 52 the
116 2049 1980 131 collaboration
265 2127 64 53 of
357 2127 236 52 Patrick
618 2127 90 53 W.
739 2125 218 55 Guinee

116 2126 1980 148 … New York, N. Y., Jarmor publishing co. [ c 1933]
188 2278 98 48 170,
323 2279 83 51 [22]
442 2290 44 37 p.
545 2277 129 41 illus.
734 2278 55 39 21
793 2281 43 20 cm
841 2310 9 9 .

189 2336 160 40 Blank
382 2345 146 39 pages
562 2335 80 39 for
678 2334 341 41 “Bartender’s
1055 2334 341 41 memoranda”
1443 2335 80 48 (20
1558 2338 51 37 at
1644 2338 117 44 end)

125 2403 2000 53 © Nov. 21, 1933; 2c. and aff. Nov. 25; A 67254; F. I. Brown, Bound
193 2465 173 46 Brook,
392 2466 56 39 N.
476 2465 42 39 J.
590 2463 280 49 (33-37485)

121 2565 282 66 Burgess,
434 2567 278 53 Kenneth
745 2567 265 66 Farwell,
1046 2567 173 54 1887-

190 2643 123 54 The
342 2662 124 34 new
499 2644 268 68 Burgess’
801 2644 358 52 commercial
1192 2646 128 66 law,
1355 2645 75 69 by
1465 2644 269 53 Kenneth
1771 2645 66 54 F.
1874 2646 250 68 Burgess

183 2720 1940 71 … James A. Lyons … [and] John H. Cox … Chicago, New
122 2797 179 71 York,
330 2800 192 68 Lyons
549 2801 45 50 &
624 2798 307 55 Carnahan
969 2834 12 33 [
987 2806 18 21 c
1009 2802 134 50 1933
1149 2832 12 35 ]

195 2871 99 46 viii,
323 2872 83 41 533
434 2882 44 37 p.
507 2871 108 41 incl.
642 2872 168 40 forms,
869 2872 164 51 front.,
1061 2875 125 44 port.
1245 2872 57 39 21
1306 2874 44 22 cm
1354 2908 8 7 .

192 2926 346 50 Bibliography:
599 2938 43 38 p.
673 2927 99 42 526.

127 2994 2001 56 © Aug. 1, 1933; 2c. Nov. 16; aff. Nov. 11; A 68392; Lyons & Carnahan,
216 3052 51 52 [©
297 3068 106 28 new
431 3059 194 46 matter]
701 3056 280 48 (33-37229)

124 3157 225 66 Butler,
380 3157 148 55 Bion
560 3160 92 65 H.,
687 3158 171 55 1857-

198 3233 114 54 Old
346 3235 301 69 Bethesda,
682 3243 56 46 at
773 3237 94 51 the
900 3237 144 51 head
1081 3237 64 52 of
1180 3237 284 70 Rockfish,
1498 3238 73 69 by
1608 3239 147 52 Bion
1793 3239 75 52 H.
1906 3240 216 52 Butler.

128 3312 961 71 New York, Grosset & Dunlap [c1933]
196 3395 111 37 xxv,
335 3385 86 40 288
447 3396 42 37 p.
545 3385 164 48 front.,
739 3387 170 48 plates,
938 3390 163 45 ports.,
1131 3388 191 41 facsim.
1379 3390 54 38 21
1437 3392 43 21 cm
1486 3423 7 7 .

128 3454 2001 58 © Nov. 6, 1933; 2c. Nov. 9; aff. Nov. 8; A 66999; B. H. Butler, Southern
194 3516 157 47 Pines,
380 3517 56 39 N.
464 3517 49 40 C.
580 3516 279 48 (33-37181)

130 3617 259 66 Cannan,
420 3620 248 64 Joanna,
702 3623 171 49 1898-

198 3695 186 51 North
440 3698 149 67 wall,
642 3697 77 70 by
773 3697 227 54 Joanna
1057 3697 257 55 Cannan.
1406 3700 259 71 London,
1720 3702 243 55 Hodder
2018 3703 113 54 and

129 3772 342 69 Stoughton,
506 3779 150 49 1933.

192 3848 86 41 320
310 3859 42 37 p.
413 3847 55 42 20
472 3852 44 21 cm
520 3880 8 7 .

133 3913 2000 115 © 1c. Nov. 2, 1933; A ad int. 18404; pubd. Sept. 14; Joanna Pullein-Thompson, Henley-on-Thames, England. (33-38455)
