2484 4405
1065 4039 102 56 723

87 479 150 56 1933,
293 475 110 54 and
459 471 340 68 concluding
855 471 236 68 Friday,
1147 469 198 52 March
1401 465 178 58 third.
1637 467 150 50 1933.
1879 463 202 56 Grand

87 553 198 68 Forks,
311 555 70 50 N.
407 555 88 56 D„
523 553 144 52 Holt
693 549 264 70 printing
983 567 78 36 co.
1137 551 150 62 c1933]

157 639 62 28 xv
265 627 83 39 554
380 637 41 36 p.
482 625 55 40 23½
571 626 42 21 cm
618 655 8 8 .

93 680 51 52 ©
177 684 126 39 June
334 684 69 45 14,
436 667 139 55 1933”:
611 682 66 38 2c.
711 680 96 39 and
840 678 79 40 ail.
955 678 127 39 June
1114 678 81 44 21;
1232 677 40 38 A
1304 675 170 46 63340;
1512 675 182 38 Robert
1727 674 174 47 Byrne,
160 681 1909 106 secretary

297 740 53 40 of
375 741 128 38 state
530 738 51 39 of
608 738 82 39 the
717 739 128 37 state
872 735 51 40 of
950 735 157 39 North
1138 734 206 45 Dakota,
1375 731 267 46 Bismarck,
1673 731 55 39 N.
1758 731 57 38 D.

85 843 195 53 North
309 842 251 53 Dakota.
635 841 276 67 Supreme
940 844 177 48 court.

158 913 1928 75 Reports of cases decided … February 20, 1932 to December 3,
89 1002 150 49 1932.
324 999 94 66 (94
456 997 194 67 cases.)
735 996 141 52 This
912 996 223 51 volume
1172 994 256 53 contains
1465 999 113 46 two
1616 1011 150 34 cases
1804 991 59 53 in
1900 991 187 53 which

88 1079 94 51 the
221 1075 262 68 opinions
521 1094 144 33 were
703 1073 132 53 filed
873 1075 61 51 in
973 1076 134 49 1902
1144 1074 102 51 but
1284 1079 98 46 not
1422 1071 303 69 published
1763 1071 326 53 heretofore

89 1155 58 52 in
183 1157 69 51 N.
288 1157 71 50 D.
396 1159 237 63 reports.
711 1155 65 50 E.
813 1155 55 52 J.
903 1153 232 67 Taylor,
1171 1157 272 62 reporter,
1518 1168 50 33 v.
1606 1154 80 48 62.
1763 1151 325 65 Rochester,

91 1235 69 51 N.
187 1235 90 64 Y.,
303 1234 119 51 The
447 1234 267 52 Lawvers
739 1231 382 67 co-operative
1146 1229 336 69 publishing
1507 1246 297 51 company,
1832 1233 151 49 1933.

164 1308 94 46 xvi,
290 1307 86 41 840
404 1317 42 37 p.
506 1306 116 41 23cm.

99 1360 51 52 ©
188 1365 114 46 May
337 1365 69 39 24,
445 1362 139 43 1933;
624 1363 66 39 2c.
730 1363 112 44 May
880 1361 82 46 25;
1003 1360 81 40 aff.
1125 1361 127 39 June
1289 1362 51 45 1;
1381 1361 40 38 A
1459 1359 170 47 63054;
1675 1360 136 39 State
1850 1359 50 41 of
1938 1359 157 40 North

166 1421 208 47 Dakota,
406 1419 268 47 Bismarck,
706 1419 56 40 N.
794 1419 56 40 D.

90 1522 195 51 North
321 1528 221 47 eastern
576 1525 271 64 reporter.
918 1520 168 55 Cases
1121 1521 214 68 argued
1371 1521 112 51 and
1518 1521 351 52 determined
1903 1522 60 51 in
1997 1521 95 51 the

165 1600 273 69 Supreme
482 1606 186 46 courts
714 1599 63 51 of
820 1598 168 67 Ohio,
1031 1599 246 67 Illinois,
1322 1600 266 66 Indiana,
1631 1600 462 67 Massachusetts,

162 1680 308 67 Appellate
506 1684 161 47 court
702 1678 61 52 of
799 1677 266 67 Indiana,
1100 1679 112 51 and
1249 1678 207 54 Courts
1492 1678 62 52 of
1591 1680 233 66 appeals
1860 1678 63 51 of
1955 1680 140 52 New

165 1758 163 53 York
356 1758 112 51 and
498 1756 168 68 Ohio,
694 1757 139 52 with
862 1757 107 68 key
997 1757 238 52 number
1264 1757 380 53 annotations,
1709 1777 51 33 v.
1794 1761 115 49 183.

165 1760 1906 142 December,
450 1836 486 68 1932-February,
986 1839 150 48 1933.
1214 1836 81 54 St.
1346 1837 165 65 Paul,
1555 1838 160 53 West
1761 1837 336 68 publishing

166 1933 97 50 co.,
290 1919 151 48 1933.

169 1989 97 48 xvi,
296 1989 116 41 1009
441 2000 42 37 p.
543 1987 115 43 26cm.

106 2043 51 52 ©
184 2048 113 46 Apr.
325 2045 67 48 19,
421 2047 139 45 1933;
589 2047 67 39 2c.
685 2047 95 38 and
807 2046 80 39 aff.
918 2047 112 46 May
1058 2047 81 45 11;
1169 2046 40 38 A
1236 2047 171 46 61757;
1437 2048 135 39 West
1599 2047 110 48 pub.
1738 2058 65 29 co.
1890 2046 120 43 4873

100 2149 165 53 Ohio.
343 2150 206 52 Courts
577 2151 63 66 of
667 2151 250 66 appeals.

169 2227 1932 71 Reports of cases argued and determined … reported by
102 2305 54 53 J.
193 2307 64 51 L.
293 2304 88 54 W.
418 2306 261 68 Henney,
714 2313 160 46 court
911 2306 61 51 of
1010 2309 234 65 appeals
1281 2313 275 62 reporter,
1593 2308 234 55 Clinton
1864 2308 237 68 Collins,

102 2384 76 50 H.
206 2386 61 49 L.
300 2382 264 68 Connett,
592 2386 267 51 assistant
887 2391 301 61 reporters,
1252 2406 50 33 v.
1330 2389 84 49 42.
1477 2383 219 57 Official
1724 2387 85 52 ed.
103 2387 1975 143 Columbus,
253 2463 119 51 The
402 2463 65 51 F.
498 2463 56 54 J.
583 2464 154 51 Heer
766 2463 263 69 printing
1058 2482 98 50 co.,
1187 2468 150 48 1933.

176 2537 115 46 xlvi,
322 2537 82 39 643
433 2546 43 37 p.
536 2538 142 38 22½cm.

113 2589 51 53 ©
193 2594 116 47 May
332 2593 69 47 20,
429 2593 113 41 1933;
599 2595 52 39 2c.
694 2595 95 39 and
816 2594 82 40 aff.
927 2595 128 40 June
1080 2596 26 38 2;
1164 2595 42 39 A

1233 2595 169 48 61993;
1434 2597 42 40 J.
1506 2597 50 42 L.
1584 2598 72 40 W.
1686 2597 204 49 Henney
1917 2597 78 41 for
2028 2600 80 39 the

181 2654 127 37 state
339 2651 51 39 of
421 2650 134 48 Ohio,
589 2651 273 46 Columbus,
896 2652 50 40 O.

107 2753 166 54 Ohio.
347 2758 277 65 Supreme
654 2761 175 48 court.

178 2832 1929 77 Reports of cases argued and determined … reported by
110 2910 53 52 J.
203 2912 64 51 L.
305 2911 89 53 W.
433 2912 260 68 Henney,
733 2912 273 67 Supreme
1044 2920 162 46 court
1243 2922 272 61 reporter.
1589 2918 139 51 New
1766 2918 186 68 series,

109 2921 1973 119 volume
417 3032 9 9 CXXV.
493 2988 326 61 Columbus,
849 2992 119 52 The
999 2993 64 51 F.
1094 2994 57 53 J.
1182 2995 154 51 Heer
1364 2995 265 70 printing
1659 3015 98 47 co.,
1789 3001 150 49 1933.

182 3062 134 46 lxvii,
349 3064 83 38 774
463 3074 42 36 p.
565 3063 145 40 22½cm.

120 3114 53 51 ©
207 3119 112 47 May
349 3118 69 46 20,
453 3119 139 46 1933;
625 3120 66 40 2c.
726 3122 95 38 and
855 3121 81 41 aff.
971 3122 126 40 June
1130 3123 25 38 2;
1218 3124 40 38 A
1292 3124 170 48 61994;
1499 3127 60 38 H.
1594 3127 48 38 L.
1678 3128 72 40 W.
1784 3129 216 49 Henney,
2034 3128 80 41 for

187 3176 83 40 the
298 3179 129 37 state
457 3176 51 40 of
539 3176 134 47 Ohio,
707 3176 273 49 Columbus,
1015 3181 49 39 O.

113 3262 288 68 Pfliegler,
434 3265 268 66 Michael,
737 3273 170 49 1891-

117 3343 1970 152 … Heilige bildung, gedanken über wesen und weg christlicher Vollendung. Salzburg, A. Pustet, 1933.
190 3493 1916 63 179 p. 19 ½c m . ( Added t.-p.: Bücher der geisteserneuerung … 5. bd.)
192 3550 427 48 “Anmerkungen”
650 3553 192 41 include
873 3555 400 49 bibliographical
1304 3558 240 41 material.

127 3601 1991 67 © Dec. 18, 1932; 1c. Feb. 23, 1933; A -Foreign 19980; Verlag Anton
194 3663 182 41 Pustet.
447 3666 279 48 (33-12411)

120 3753 162 65 Pohl,
314 3756 289 58 Wilhelm.

195 3830 1923 75 Dibujo de m á quinas, por W. Pohl … version del aleman
128 3908 1701 81 por Manuel Company … Barcelona, G. Gili, 1932.
