2582 4453
1318 4070 137 51 1010

417 476 55 40 31
503 486 44 38 p.
608 476 56 40 23
666 478 44 20 cm
716 508 9 8 .
796 476 270 48 (Bulletins
1095 487 61 29 on
1185 476 53 40 Y.
1266 476 73 41 W.
1370 475 50 41 C.
1447 476 55 39 A.
1531 474 333 48 adjustments
1893 478 48 37 to
1972 484 106 30 new
2105 475 172 48 needs)

420 532 123 40 “For
577 534 81 39 the
692 543 84 30 use
809 533 52 40 of
892 534 53 39 Y.
979 534 70 39 W.
1086 532 49 41 C.
1167 533 53 38 A.
1257 532 303 49 secretaries,
1594 542 131 31 some
1758 532 51 40 of
1843 533 80 39 the
1957 531 135 41 basic
2125 530 258 45 attitudes,

347 590 96 40 and
470 590 224 40 methods
718 590 51 40 of
795 590 328 48 professional
1149 588 151 42 social
1327 599 111 32 case
1462 588 430 41 work.”—Introd.
1918 591 127 39 note.

422 645 380 50 Bibliography:
834 658 41 37 p.
905 647 68 40 31.

355 699 51 53 ©
438 705 113 47 May
581 704 68 47 13,
680 704 141 40 1933:
853 704 68 40 2c.
951 705 114 46 May
1095 704 82 45 31;
1211 703 82 40 aff.
1326 704 114 47 May
1470 703 82 47 29;
1585 703 41 39 A
1656 702 171 46 62894;
1861 703 131 40 Natl.
2023 703 151 40 board
2205 702 51 41 of
2287 703 83 40 the

426 761 172 47 Young
627 761 227 41 women’s
885 761 253 41 Christian
1170 760 328 41 associations:
1525 761 52 40 of
1609 762 82 39 the
1722 760 55 41 U.
1814 760 42 41 S.
1890 760 68 47 A.,
1990 760 118 40 New
2139 758 145 41 York.

435 819 284 49 (33-18195)

347 910 233 65 Brown,
609 908 276 56 William.

425 986 1883 69 The inherent function of money, by William Brown …
355 1065 366 69 Edinburgh,
749 1066 262 68 London,
1040 1066 145 53 Pub.
1214 1066 96 54 for
1339 1067 98 52 the
1466 1066 207 53 author
1703 1067 76 65 by
1809 1065 199 56 Oliver
2041 1066 114 53 and
2184 1065 186 68 Boyd,

354 1148 152 50 1933.

430 1217 80 50 vii,
542 1218 85 42 116
657 1229 44 39 p.
762 1217 56 41 22
823 1220 43 22 cm
871 1250 9 10 .

359 1273 1999 110 © 1c. June 16, 1983; A ad int. 17897; pubd. June 15; W. Brown, Glasgow. (33-18489)
354 1425 226 67 Bruhn,
610 1425 307 57 Christian
945 1425 199 65 Adolf,
1173 1426 85 54 ed.

425 1505 331 53 Handbuch
812 1507 100 51 der
965 1504 477 53 zahnheilkunde.
1535 1508 45 49 1.
1633 1504 92 54 bd.
1781 1503 109 55 Die
1943 1503 429 71 chirurgischen

357 1585 1839 68 erkrankungen der mundhöhle, der zähne und kiefer. Hrsg.
355 1683 113 36 von
506 1665 136 55 Carl
679 1665 262 53 Partsch.
1017 1668 47 49 4.
1103 1664 458 53 neubearbeitete
1595 1665 119 52 und
1751 1665 458 69 durchgesehene
2247 1663 128 55 aufl.

358 1745 329 53 Bearbeitet
737 1764 112 33 von
900 1746 190 51 Franz
1143 1746 195 66 Ernst,
1387 1744 167 53 Hans
1603 1744 191 53 Moral
1866 1763 54 34 [u.
1973 1764 47 34 a.]
2119 1744 259 69 Munich,

357 1828 57 53 J.
443 1827 65 53 F.
537 1827 350 66 Bergmann,
917 1827 151 51 1932.

433 1901 84 47 xii,
546 1900 89 40 608
658 1910 44 37 p.
760 1899 129 41 illus.
919 1899 138 48 (part
1083 1899 114 47 col.)
1261 1898 58 40 26
1322 1900 44 21 cm
1371 1930 9 8 .

367 1953 1898 53 © July 18, 1932; 1c. Nov. 25; A -Foreign 18702; J. F. Bergmann.
361 2105 267 56 Catholic
658 2106 242 54 church.
975 2106 250 67 Liturgy
1255 2107 116 52 and
1399 2106 195 53 ritual.
1669 2107 260 66 Manual,
1959 2106 325 57 Carmelite.

498 2184 1890 69 … Ceremonies proper for Discalced Carmelites, taken from
366 2283 124 35 new
534 2264 218 53 edition
795 2263 65 54 of
901 2264 258 53 Manual.
1277 2264 140 53 [New
1461 2263 262 69 Orleans,
1764 2264 312 53 Louisiana
2122 2264 266 69 printing

366 2360 301 56 company]
703 2345 152 52 1932.

436 2416 69 48 95,
535 2417 56 49 [1]
620 2428 42 36 p.
691 2416 108 40 incl.
827 2417 25 39 1
878 2417 144 47 illus.,
1049 2417 61 48 pl.
1176 2416 54 40 19
1235 2418 44 22 cm
1285 2448 9 9 .

439 2472 298 50 “Gregorian
766 2473 188 48 melody
982 2474 79 39 for
1087 2474 83 39 the
1196 2473 189 48 hymns,
1413 2473 197 48 psalms,
1640 2475 90 39 etc.
1760 2473 116 40 used
1904 2476 51 38 at
1986 2474 79 39 the
2092 2473 292 42 ceremonies

366 2530 53 40 of
445 2529 294 42 investiture
765 2532 96 38 and
890 2530 208 49 veiling”:
1158 2542 43 37 p.
1248 2530 194 50 [82]-[96]

373 2584 52 52 ©
461 2589 117 38 Nov.
616 2589 69 44 26,
723 2587 141 47 1932;
904 2589 66 38 2c.
1010 2589 112 46 Dec,
1161 2589 80 45 12;
1282 2587 82 41 aff.
1403 2588 111 40 Feb.
1552 2588 69 46 27,
1660 2587 141 48 1933;
1840 2588 42 39 A
1919 2588 171 46 60427;
2131 2586 256 41 Discalced

443 2646 289 40 Carmelites
763 2646 52 39 of
845 2646 117 39 New
993 2645 219 41 Orleans.
1283 2645 283 49 (33-18496)

368 2734 237 68 Cheley,
635 2737 200 52 Frank
863 2737 253 65 Hobart,
1148 2742 170 49 1889-
1534 2737 84 53 ed.

444 2814 1880 68 Pets, hobbies, and collections, edited by Frank H. Cheley …
371 2892 1834 70 New York, The University society, incorporated [ c 1933]
375 2966 1996 108 xviii, 350 p. col. front., illus., plates (1 double) diagrs. 19 cm. (Leadership series. [v. 13])
378 3079 52 52 ©
458 3084 115 47 May
598 3083 70 46 22,
698 3083 140 47 1933;
867 3084 66 39 2c.
963 3083 128 40 June
1117 3083 52 46 6;
1199 3082 83 40 aff.
1311 3083 130 39 June
1464 3083 82 46 17;
1577 3083 41 39 A
1646 3083 171 47 64025;
1850 3082 285 49 University
2161 3093 109 37 soc.,
2299 3083 93 40 inc.

457 3140 283 48 (33-18278)

374 3228 251 68 Cromie,
652 3231 256 54 William
936 3232 222 64 James,
1189 3233 171 54 1877-
1575 3233 85 52 ed.

449 3308 1942 70 Physical fitness, edited by William J. Cromie … New York,
376 3386 1428 70 The University society, incorporated [ c 1933]
453 3459 1879 52 xix, 369 p. incl. illus., plates, diagrs. col. front., plates, port. 19 cm.
393 3516 324 50 (Leadership
741 3518 165 41 series.
985 3529 43 29 [v.
1055 3519 70 49 4])

383 3571 2012 53 © May 22, 1933; 2c. June 6; aff. June 17; A 64031; University soc., inc.
465 3632 282 49 (33-18277)

377 3707 211 64 David,
618 3709 282 67 Maurice,
933 3714 171 51 1860-

452 3786 150 54 Who
633 3806 114 34 was
775 3786 417 57 “Columbus”?
1260 3790 112 52 His
1400 3791 116 51 real
1546 3809 165 34 name
1741 3790 110 53 and
1881 3791 117 52 real
2027 3789 363 66 fatherland;

383 3882 31 33 a
456 3864 345 55 sensational
847 3866 297 68 discovery
1189 3886 208 47 among
1437 3868 96 52 the
1578 3868 257 52 archives
1877 3868 64 53 of
1986 3867 180 67 Spain
2223 3868 168 65 (with

383 3940 350 68 photostatic
770 3943 435 64 reproductions
1241 3945 64 53 of
1343 3944 161 68 forty
1538 3946 195 52 letters
1771 3946 228 53 written
2038 3946 77 67 by
2148 3946 98 53 the
2280 3946 111 53 dis-
