2484 4405
1044 4118 131 48 1823

185 541 143 39 “This
362 540 144 45 study
538 549 100 28 was
671 538 303 39 undertaken
1008 536 50 39 in
1090 536 115 40 1930
1238 536 77 39 for
1350 536 81 39 the
1464 533 174 40 benefit
1674 533 50 40 of
1759 534 81 39 the
1875 531 234 45 Carnegie

113 597 306 48 corporation
458 596 51 39 of
546 596 118 37 New
702 594 130 39 York
871 594 95 38 and
1006 594 64 38 its
1111 591 240 47 Advisory
1391 601 153 37 group
1583 600 60 29 on
1682 599 217 30 museum
111 589 1980 103 education."—Pref.

113 701 1996 56 © Dec. l. 1932; 2c. Jan. 30, 1933 ; aff. Feb. 8; A 59345; P. M. Rea, Haver-
183 767 123 39 ford.
338 766 82 38 Pa.
491 763 249 49 (33-3666)

113 869 252 63 Renard,
399 865 275 66 Georges,
707 864 169 54 1876-

115 939 1970 149 … L'institution, fondement d’une renovation de l’ordre social. [Paris] Flammarion [ c 1933]
187 1091 1827 51 221 p., 2 l. 19 cm . (Bibliotheque d’etudes catholiques et sociales)
190 1150 84 42 “Je
295 1152 125 39 tiens
442 1161 109 29 moil
576 1149 306 41 ‘institution’
908 1160 119 38 pour
1052 1160 93 29 une
1169 1149 288 47 adaptation
1483 1149 63 39 du
115 1147 1978 109 tliomisme.”—Avantpropos.

115 1261 1995 53 © Nov. 2. 1933: 1c. Nov. 16: A-Foreign 22652; Ernest Flammarion.
197 1322 218 49 (34-324)

117 1419 307 68 Sherman,
457 1422 243 55 Charles
730 1419 274 67 Phineas,
1039 1423 171 50 1874-
1423 1437 82 37 ed.
1536 1422 114 52 and
1682 1428 67 46 tr.

186 1499 1921 68 Roman readings in Roman law … for the use of law schools,
115 1579 298 68 compiled,
446 1579 189 53 edited
668 1581 112 51 and
814 1578 315 52 translated
1165 1578 74 65 by
1275 1577 236 54 Charles
1546 1577 247 52 Phineas
1829 1576 273 55 Sherman

179 1654 1932 70 … and by Thomas Raymond Robinson … Vol. I. Principles
119 1736 110 52 and
257 1736 164 50 rules.
497 1735 136 51 Yew
663 1734 177 66 York,
870 1733 203 65 Baker,
1158 1734 189 51 Voorhis
1373 1736 46 50 &
1442 1750 97 48 co.,
1569 1734 149 52 1933.

181 1809 132 45 xxix,
349 1810 68 47 [1],
448 1808 86 39 330
563 1819 40 36 p.
663 1808 54 39 23½
751 1809 43 20 cm
801 1840 7 7 .

187 1860 1924 51 Added t.-p.: Romanae lectiones in romano iure … ad usum scholarum
119 1920 135 41 iuris.

192 1975 144 41 Latin
366 1978 96 40 and
489 1975 215 50 English.

192 2033 130 41 “List
352 2035 51 39 of
430 2034 186 40 Roman
644 2034 93 38 law
768 2035 128 38 texts
926 2031 126 41 cited
1080 2034 95 38 and
1206 2031 300 41 translated”
1527 2042 8 29 :
1566 2043 42 29 v.
1636 2032 39 47 1,
1705 2042 43 38 p.
1782 2031 248 50 [315]-318.

192 2090 373 48 “Bibliography
595 2089 50 41 of
672 2091 186 38 Roman
886 2089 122 40 law”
1028 2100 9 28 :
1065 2100 43 29 v.
1136 2090 38 46 1,
1202 2099 41 38 p.
1275 2088 248 50 [319]-323.

119 2143 50 51 ©
208 2149 110 39 Dec.
356 2150 40 43 4,
435 2148 139 39 1933:
615 2148 67 40 2c.
721 2149 95 37 and
855 2147 81 42 aff.
975 2147 110 40 Dec.
1126 2148 51 44 S;
1219 2147 40 38 A
1298 2146 169 46 68435;
1510 2146 49 41 C.
1600 2147 49 37 P.
1693 2147 248 46 Sherman,
1982 2147 132 40 West

188 2204 300 48 Springfield.
519 2206 146 38 Mass.
739 2203 221 48 (34-206)

118 2307 235 64 Society
378 2309 63 52 of
466 2309 173 52 naval
666 2307 325 53 architects
1015 2309 115 51 and
1156 2307 227 53 marine
1411 2307 328 65 engineers,
1764 2310 140 51 New
1934 2307 178 53 York.

187 2387 420 52 Transactions.
694 2386 298 66 (Indexes)

250 2463 1707 54 … Index to Transactions … v. l. For Transactions:
120 2463 1969 131 volumes
309 2545 27 47 1
369 2547 57 46 to
459 2544 83 64 38,
572 2558 162 50 years
770 2544 130 49 1893
934 2551 58 43 to
1026 2544 149 48 1930.
1246 2545 147 48 1932.
1463 2545 137 51 New
1633 2542 163 52 York
1826 2540 133 71 city,
1992 2542 119 51 The

122 2619 226 67 Society
385 2620 62 53 of
485 2622 169 50 naval
695 2620 298 52 architects
1033 2621 112 51 and
1182 2620 219 53 marine
1435 2620 311 69 engineers,
1786 2623 151 51 1932.

183 2694 88 40 135
297 2705 43 36 p.
399 2694 54 39 23½
487 2696 43 20 cm
536 2724 7 7 .

187 2751 100 39 The
313 2751 197 38 indexes
537 2754 50 35 to
612 2751 80 38 the
719 2750 347 39 Transactions
1094 2760 83 29 are
1205 2752 252 45 composed
1485 2750 51 41 of
1563 2751 50 46 1)
1650 2752 215 38 volumes
1894 2750 225 43 covering

114 2819 27 28 a
170 2807 140 47 given
340 2807 165 47 period
535 2807 51 38 of
614 2817 168 37 years:
816 2809 50 45 2)
906 2809 197 37 current
1134 2807 211 40 indexes,
1378 2807 164 39 issued
1572 2807 348 47 cumulatively
1951 2807 50 38 in
2034 2807 81 39 the

117 2864 264 39 Yearbook.
440 2865 44 38 It
511 2864 41 37 is
581 2864 81 39 the
690 2863 239 40 intention
959 2864 51 39 of
1038 2864 82 38 the
1148 2862 182 48 society
1359 2866 48 37 to
1437 2864 248 48 republish
1715 2866 80 37 the
1826 2868 194 36 current

114 2865 1986 95 indexes
287 2924 49 36 at
366 2921 209 39 suitable
603 2920 249 41 intervals,
883 2920 48 39 in
961 2924 286 43 permanent,
1276 2920 189 40 volume
1494 2921 142 39 form.

120 2972 51 52 ©
204 2978 125 38 June
361 2978 66 38 14.
461 2977 112 39 1932
593 2988 7 28 :
635 2979 65 36 2c.
734 2978 120 45 Aug.
886 2977 55 38 22
960 2988 7 29 :
1004 2977 81 40 aff.
1121 2979 110 38 Dec.
1264 2978 55 38 14
1338 2989 7 29 :
1383 2979 37 37 A
1455 2977 141 40 57883
1616 2989 7 35 ;
1664 2978 190 47 Society
1888 2978 51 40 of
1972 2979 145 37 naval

189 3033 261 40 architects
477 3035 93 37 and
597 3034 186 39 marine
808 3033 265 47 engineers.
1145 3034 226 46 (1-31132
1388 3035 76 45 x1)

120 3133 236 68 Strong,
387 3138 252 53 Edward
670 3136 264 68 Kellogg,
967 3141 172 51 1884-
1351 3139 84 56 ed.

251 3216 1859 69 … Vocational aptitudes of second-generation Japanese in
120 3292 1990 71 the United States, by Edward K. Strong, jr. … and Reginald
123 3370 1983 71 Bell … Gladys Bond. Malcolm A. Campbell … [and others]
120 3445 279 55 Stanford
438 3449 353 66 University,
831 3448 192 57 Calif.,
1064 3450 278 55 Stanford
1384 3450 317 67 university
1739 3469 183 48 press;
121 3453 1962 125 London,

278 3526 75 51 H.
390 3524 260 56 Milford.
682 3526 224 54 Oxford
944 3528 316 65 university
1295 3547 169 43 press.
1502 3532 145 49 1933.

191 3597 85 41 183
325 3608 42 37 p.
428 3597 178 48 diagrs.
666 3598 84 40 254
754 3601 44 21 cm
804 3631 7 7 .
883 3598 258 48 (Stanford
1194 3599 270 48 university
1515 3599 338 48 publications.
123 3601 1973 98 University
247 3654 161 39 series.
471 3653 597 49 Education-psychology,
1129 3657 90 38 vol.
1270 3688 7 10 I.
1306 3667 73 29 no.
1408 3656 49 46 1)

193 3709 51 40 E.
273 3710 58 40 K.
363 3710 187 49 Strong,
577 3711 74 48 jr.,
679 3711 170 41 editor,
910 3711 62 49 cf.
998 3711 132 41 Pref.

193 3766 128 41 “The
355 3768 105 39 first
493 3768 52 39 of
578 3769 110 39 four
724 3770 184 39 studies
943 3770 194 45 dealing
1172 3769 118 40 with
1326 3772 81 39 the
1440 3771 308 40 educational
1786 3774 95 39 and
124 3784 1969 78 occupational
297 3824 360 47 opportunities;
675 3826 178 40 offered
881 3829 46 36 to
953 3826 256 40 American
1232 3826 199 41 citizens
1456 3828 49 40 of
1532 3829 79 39 the
1634 3829 242 48 Japanese
1900 3831 213 40 race.”—

124 3878 180 41 Introd.

121 3931 50 51 ©
201 3936 116 40 Nov.
346 3938 68 38 17.
446 3938 138 43 1933;
615 3939 66 39 2c.
713 3940 110 40 Dec.
855 3942 51 43 1;
939 3940 81 41 aff.
1050 3941 111 39 Dec.
1192 3942 52 41 2;
1278 3941 40 39 A
1347 3941 169 47 68381;
1550 3943 161 39 Board
1742 3944 53 39 of
1823 3947 210 38 trustees
2064 3946 51 39 of

189 3993 82 39 the
301 3994 182 41 Leland
520 3994 232 41 Stanford
785 3996 165 46 junior
985 3996 143 41 univ..
1168 3998 232 40 Stanford
1435 3999 295 42 University.
1768 4001 141 40 Calif.

195 4048 219 50 (34-321)
