2582 4453
1375 4132 135 51 1550

426 452 291 68 Maxwell,
751 452 246 58 Charles
1030 453 280 67 Herbert,
1345 458 173 50 1885-

498 531 361 54 Adventures
910 531 62 52 of
1018 531 96 54 the
1160 530 173 55 white
1380 530 115 69 girl
1541 533 60 52 in
1644 531 100 54 her
1792 531 194 54 search
2036 531 94 52 for
2178 528 146 71 God,
2369 530 75 68 by

427 608 237 56 Charles
700 610 250 53 Herbert
984 609 287 54 Maxwell.
1343 609 360 70 Milwaukee,
1738 609 159 69 Wis.,
1930 609 337 53 Morehouse
429 609 1990 148 publishing
673 706 78 35 co.
790 690 196 67 [c1933]

496 772 59 41 30
585 784 58 38 p.,
675 774 25 39 l
733 774 31 41 l.
828 775 53 38 21
886 776 45 21 cm
936 806 8 8 .

498 831 39 39 A
570 831 135 48 reply
737 834 47 37 to
817 832 52 39 G.
901 832 55 40 B.
990 831 187 42 Shaw’s
1209 833 337 41 “Adventures
1577 834 51 39 of
1659 834 82 40 the
1774 834 141 40 black
1948 833 91 49 girl
2073 834 49 39 in
2156 835 86 38 her
2272 833 170 40 search

426 888 80 40 for
537 888 147 41 God.”

430 960 51 52 ©
514 964 102 41 Oct.
647 966 69 45 17,
748 964 113 41 1933;
923 965 66 39 2c.
1024 964 101 41 Oct.
1157 965 54 39 23;
1274 963 82 42 aff.
1389 964 101 41 Oct.
1523 965 26 38 21:
1641 965 41 38 A
1712 965 170 40 66771:
1919 966 289 38 Morehouse
2239 963 108 49 pub.
2380 974 68 30 co.

507 1022 283 48 (33-32888)

427 1122 321 67 Mourning
776 1126 183 65 Dove,
993 1124 308 69 Okinagan
1330 1124 233 69 Indian,
1595 1127 170 51 1888-

497 1202 217 70 Coyote
739 1203 220 68 stories,
985 1202 75 70 by
1087 1203 319 70 Mourning
1432 1204 162 53 Dove
1633 1202 444 70 (Humishuma)
2116 1202 191 56 edited
2334 1204 112 54 and

426 1283 326 53 illustrated
796 1283 75 69 by
913 1283 235 53 Heister
1191 1283 164 53 Dean
1398 1281 167 70 Guie,
1607 1282 141 54 with
1789 1290 160 46 notes
1991 1283 76 69 by
2108 1283 64 53 L.
2215 1283 70 54 Y.
2328 1283 118 54 Met

425 1363 271 54 Whorter
734 1361 146 69 (Old
905 1361 193 69 Wolf)
1137 1363 113 52 and
1279 1383 30 33 a
1339 1361 289 53 foreword
1654 1362 76 69 by
1758 1361 174 55 Chief
1962 1360 290 72 Standing
2281 1364 167 52 Bear.

426 1441 298 68 Caldwell,
752 1442 108 65 Id.,
889 1441 122 53 The
1040 1440 225 55 Caxton
1293 1440 271 69 printers,
1590 1442 124 67 ltd.,
1743 1444 150 50 1933.

496 1515 1391 49 228 p. incl. illus., plates. front. (port.) pl. 19½ cm .
497 1575 293 40 Illustrated
821 1573 367 49 lining-papers.

429 1643 52 52 ©
513 1647 101 41 Oct.
643 1648 71 46 20,
744 1647 142 47 1983;
918 1647 68 41 2c.
1016 1648 96 38 and
1143 1646 81 40 aff.
1256 1647 119 40 Nov.
1405 1647 53 46 3;
1491 1647 42 38 A
1562 1646 171 47 66901;
1768 1647 193 40 Caxton
1991 1647 227 49 printers,
2250 1647 85 40 ltd.

507 1704 283 49 (33-32589)

428 1808 255 65 Rankin,
715 1809 139 52 Mrs.
888 1808 225 54 Carroll
1154 1808 310 64 (Watson)
1506 1810 172 54 1870-

495 1885 166 56 Wolf
693 1885 153 69 rock,
880 1904 31 34 a
945 1886 188 68 sequel
1166 1892 58 46 to
1259 1885 156 52 “The
1448 1886 196 52 cinder
1675 1884 210 70 pond”,
1917 1886 76 68 by
2027 1885 228 56 Carroll
424 1888 2000 131 Watson

561 1964 249 54 Rankin.
887 1965 141 52 New
1065 1965 180 68 York,
1280 1965 76 52 H.
1393 1965 146 53 Holt
1575 1966 114 52 and
1723 1983 283 51 company
2047 1999 12 34 [
2065 1972 17 21 c
2087 1969 134 49 1933
2227 1999 13 34 ]

498 2041 101 48 viii,
636 2040 88 40 286
757 2051 43 38 p.
861 2039 58 41 19½
950 2041 45 21 cm
1000 2071 9 9 .

430 2110 52 52 ©
518 2114 102 41 Oct.
653 2114 70 41 26,
758 2113 141 46 1933;
936 2114 67 38 2c.
1039 2113 103 40 Oct.
1177 2113 82 41 26;
1296 2112 81 41 aff.
1413 2113 118 38 Nov.
1565 2114 53 39 4:
1656 2114 40 37 A
1730 2113 172 47 68004;
1939 2114 169 47 Henry
2143 2114 119 39 Holt
2297 2114 35 40 &
2366 2124 82 31 co.,

497 2170 90 41 inc.
660 2170 283 49 (33-32591)

429 2277 177 63 Reed,
644 2276 260 53 Thomas
943 2274 313 66 Harrison,
1297 2280 173 50 1881-
1683 2276 86 53 ed.

499 2355 389 68 Legislatures
920 2354 114 53 and
1067 2354 323 68 legislative
1422 2354 304 68 problems,
1759 2354 189 54 edited
1982 2355 74 67 by
2087 2356 250 52 Thomas
2369 2356 77 52 H.

431 2432 2016 69 Reed … Chicago, Ill., The University of Chicago press
437 2545 12 34 [
455 2519 17 21 c
479 2516 133 49 1933
619 2547 12 33 ]

499 2596 45 38 x,
579 2585 115 51 [295]
728 2597 43 38 p.
835 2587 57 38 22½
925 2588 44 21 cm
974 2618 9 9 .

503 2644 209 40 Various
742 2643 217 49 pagings.

502 2702 156 39 Radio
687 2703 211 39 lectures
928 2702 257 47 presented
1216 2701 153 40 under
1399 2701 82 40 the
1509 2700 225 50 auspices
1764 2700 50 41 of
1845 2701 81 40 the
1955 2701 233 40 National
2218 2702 229 47 advisory

431 2759 187 40 council
646 2769 60 29 on
734 2758 139 40 radio
898 2758 49 39 in
974 2757 275 49 education,
1275 2758 50 39 in
1351 2757 217 42 1932-33.
1631 2759 61 48 cf.
1719 2758 130 42 Pref.

433 2825 51 52 ©
519 2832 128 45 Sept.
678 2831 38 46 5,
749 2830 142 46 1983;
924 2831 68 39 2c.
1023 2832 97 38 and
1151 2830 81 40 aff.
1268 2831 128 47 Sept.
1428 2831 83 41 22;
1545 2830 41 39 A
1618 2830 171 46 66212;
1826 2830 283 49 University
2141 2830 54 40 of
2225 2831 225 47 Chicago,

501 2887 225 48 Chicago.
799 2887 283 49 (33-32572)

430 2991 294 64 Repplier,
760 2993 224 62 Agnes,
1023 2997 173 50 1858-

497 3070 286 67 Junipero
828 3068 190 69 Serra,
1060 3070 232 68 pioneer
1333 3070 241 54 colonist
1616 3070 64 53 of
1722 3069 328 55 California
2097 3069 109 69 [by]
2256 3070 191 67 Agnes

428 3148 294 69 Repplier.
799 3147 233 56 Garden
1070 3148 154 69 City,
1258 3149 69 54 N.
1363 3150 92 66 Y.,
1488 3149 359 69 Doubleday,
1880 3151 198 51 Doran
2114 3151 43 50 &
2192 3167 98 45 co.,
2326 3148 123 54 inc..

433 3231 148 50 1933.

501 3303 672 48 vi p., 2 l., 312 p. 21½ cm .
502 3362 139 47 Maps
668 3372 60 28 on
756 3360 378 48 lining-papers;
1166 3361 281 40 illustrated
1477 3363 98 45 t.-p.

502 3419 162 40 “First
695 3417 228 42 edition.”

432 3486 52 52 ©
513 3492 115 39 Nov.
659 3493 39 42 8,
727 3491 139 40 1988:
898 3492 67 40 2c.
995 3491 95 40 and
1119 3491 82 40 aff.
1231 3492 118 39 Nov.
1378 3491 51 41 9:
1462 3491 40 39 A
1529 3491 172 42 67034:
1732 3492 54 38 A.
1818 3491 242 48 Repplier,
2091 3489 358 49 Philadelphia.

511 3548 281 47 (33-32578)

502 3647 212 63 Rough
774 3652 194 65 hewn;
1027 3652 97 52 the
1180 3651 466 70 autobiography
1703 3652 64 54 of
1825 3671 31 33 a
1911 3652 237 53 modern
2208 3649 236 59 Sinbad.

437 3728 384 69 Anonymous.
898 3729 134 53 New
1075 3728 179 67 York,
1295 3729 70 52 D.
1410 3728 578 70 Appleton-Century
2027 3745 297 52 company,
433 3726 1989 149 incorporated,
824 3810 150 50 1933.

504 3879 659 48 viii p., 1 l.. 383 p. 21 cm .
503 3936 162 40 “First
696 3935 261 50 printing.”

437 4007 2014 53 © Oct. 30. 1933; 2c. Nov. 1: aff. Nov. 2: A 65905; D . Appleton-Century
507 4080 81 28 co.,
619 4068 88 39 inc.
784 4068 280 46 (33-32898)
