2582 4453
1342 4120 135 50 1582

397 429 70 54 U.
495 429 58 54 S.
628 428 186 67 Laws,
841 433 261 63 statutes,
1130 435 101 46 etc.

466 505 221 54 United
742 505 189 56 States
987 506 153 55 Code
1195 507 329 52 annotated.
1615 510 134 49 1933
1800 507 348 55 cumulative
2201 510 210 51 annual

397 584 1987 135 pocket parts for Titles 1-50, Constitution, Tables, General index … St.
397 662 1990 149 Paul, West publishing company; Northport, Edward Thompson co. [ c 1933]
462 819 52 39 61
553 829 41 28 v.
658 818 55 39 23½
747 820 44 20 cm
796 849 8 8 .

465 874 300 41 Cover-title.

465 932 159 40 These
653 932 279 47 pamphlets
962 942 84 29 are
1079 933 49 38 to
1159 930 56 40 he
1246 931 140 39 fitted
1417 930 104 40 into
1555 931 84 40 the
1669 931 197 48 pockets
1899 934 55 38 at
1984 932 81 39 the
2099 931 121 40 hack
2251 932 53 39 of
2336 930 82 40 the

395 990 218 39 volumes
640 989 52 40 of
717 990 82 39 the
826 992 72 37 set
927 991 50 38 to
1005 988 158 40 which
1192 989 115 47 they
1334 988 186 48 belong.

399 1056 54 53 ©
482 1060 102 41 Oct.
612 1060 70 47 30,
712 1059 142 47 1933;
885 1060 66 39 2c.
982 1060 119 39 each
1130 1059 120 40 Nov.
1280 1060 81 44 17;
1394 1058 83 41 aff.
1507 1060 118 40 Nov.
1656 1059 82 47 18;
1771 1060 41 38 A
1842 1059 171 47 68191;
2045 1060 139 40 West
2211 1060 109 47 pub.
2351 1069 68 31 co.

467 1119 96 38 and
595 1117 212 40 Edward
837 1117 279 47 Thompson
1146 1127 66 30 co.

395 1216 550 69 Waldeyer-Hartz,
975 1219 178 67 Hugo
1180 1236 133 50 von,
1347 1220 172 54 1876-

469 1300 1884 69 Admiral von Hipper, by Hugo von Waldeyer-Hartz …
398 1381 317 53 translated
740 1381 75 67 by
841 1381 65 52 F.
931 1380 274 68 Appleby
1230 1379 162 54 Holt.
1468 1381 261 66 London,
1755 1377 148 57 Rich
1928 1381 51 50 &
2006 1379 231 67 Cowan,
2264 1383 150 51 1933.

470 1453 1196 49 6 p. l., 3-275 p. front., plates, ports. 24 cm .
812 1512 179 39 CONTENTS.—Before
1024 1513 82 39 the
1139 1511 283 41 war.—The
1453 1512 140 47 great
1625 1509 324 42 war.—After
1984 1510 83 40 the
2100 1520 117 30 war.

397 1579 2023 53 © 1c. Oct. 19, 1933; A ad int. 18291; pubd. Aug. 24; Frederic Appleby
470 1642 134 46 Holt,
632 1641 213 40 London.
921 1639 282 49 (33-33054)

397 1746 275 65 Wallace,
702 1747 229 64 George
961 1747 255 52 Edward
1245 1745 436 65 Buckingham.

471 1823 1946 68 The mind that failed, by G. E. B. Wallace … [Tucson,
398 1903 179 69 Ariz.,
606 1904 197 67 Omar,
831 1904 95 53 the
955 1904 243 69 printer,
1227 1912 17 20 c
1250 1907 152 63 1933]

470 1979 286 46 cover-title,
794 1979 85 49 [71]
914 1990 44 37 p.
1018 1978 61 40 20½
1108 1981 45 21 cm
1159 2011 7 7 .

466 2037 185 39 Poems.

401 2103 51 52 ©
495 2108 128 47 Sept.
662 2108 69 46 25,
770 2107 142 47 1933;
954 2108 66 39 2c.
1060 2108 97 39 and
1195 2106 84 43 aff.
1321 2107 127 48 Sept.
1488 2106 83 47 28;
1612 2106 42 39 A
1691 2106 173 46 65389;
1907 2105 53 41 G.
2002 2106 52 40 E.
2095 2106 53 38 B.
2188 2104 231 48 Wallace,

469 2165 204 46 Tucson,
703 2164 129 39 Ariz.
904 2164 14 48 (CA
1004 2164 180 40 33-872
1200 2162 238 49 Unrev’d)

398 2268 224 66 Walsh,
652 2268 247 55 Harriet
930 2267 217 57 Smith.

469 2348 57 52 A
567 2346 149 53 book
757 2346 64 54 of
863 2364 212 51 poems,
1117 2348 76 67 by
1234 2346 245 53 Harriet
1525 2345 190 57 Smith
1757 2346 220 56 Walsh.
2054 2344 363 70 Polebridge,

398 2426 184 54 Mont.
618 2460 12 34 [
636 2433 17 20 c
659 2429 153 64 1933]

469 2501 329 48 1 p. l., 42 p.
401 2566 52 53 ©
485 2571 128 48 Sept.
642 2572 39 46 1,
710 2570 114 41 1933;
883 2571 68 40 2c.
979 2571 122 48 Aug.
1129 2571 84 46 31;
1244 2570 83 41 aff.
1359 2570 128 48 Sept.
1517 2570 83 47 28;
1632 2570 43 39 A
1702 2570 171 46 65403;
1906 2570 60 39 H.
2000 2569 44 40 S.
2074 2568 184 41 Walsh.
470 2568 1933 108 Polebridge,

681 2629 152 39 Mont.
905 2628 14 48 (CA
1006 2628 176 40 33-877
1200 2627 238 47 Unrev’d)

399 2729 393 67 Wambaugh,
822 2731 211 65 Sarah,
1068 2734 172 50 1882-

471 2807 332 56 Plebiscites
839 2809 149 52 since
1023 2809 96 54 the
1155 2808 182 53 world
1372 2826 137 50 war,
1543 2807 141 54 with
1719 2827 31 34 a
1787 2805 295 55 collection
2118 2804 64 53 of
2217 2801 199 57 official

398 2881 2017 74 documents, by Sarah Wambaugh … Washington, Carnegie
395 2965 361 54 endowment
783 2964 93 53 for
906 2963 409 56 international
1346 2983 184 51 peace,
1562 2968 152 50 1933.

469 3036 26 39 2
526 3047 42 30 v.
629 3035 145 50 illus.,
808 3047 139 38 maps
975 3037 48 48 (1
1057 3037 145 49 fold.)
1243 3037 156 41 tables
1428 3039 48 48 (1
1508 3039 145 47 fold.)
1693 3039 169 40 forms.
1924 3037 56 41 26
1984 3039 43 22 cm
2033 3070 9 9 .
2115 3037 300 49 (Half-title:

400 3092 335 42 Publications
770 3095 52 39 of
854 3096 83 39 the
972 3094 237 46 Carnegie
1245 3095 305 41 endowment
1584 3096 80 40 for
1699 3095 354 41 international
2088 3105 159 39 peace,
398 3093 2000 98 Division
532 3151 54 40 of
612 3151 354 42 international
994 3154 111 48 law,
1133 3152 350 50 Washington)

471 3209 69 39 “A
569 3209 340 41 continuation
940 3210 53 39 of
1040 3211 82 39 [the
1154 3209 234 50 author’s]
1422 3212 40 38 A
1491 3212 302 47 monograph
1824 3221 58 30 on
1915 3209 290 50 plebiscites,
2237 3209 119 41 with
2387 3219 24 29 a

399 3266 2015 50 collection of official documents … published … in 1920.”—Pref., vol. i,
401 3334 42 38 p.
477 3323 67 43 ix.

470 3380 380 50 Bibliography:
882 3383 94 40 vol.
1031 3413 9 17 I,
1072 3392 44 39 p.
1150 3379 251 53 [557]-603.

402 3451 52 53 ©
490 3456 103 41 Oct.
628 3456 69 47 10,
732 3456 114 41 1933;
910 3457 68 40 2c.
1013 3457 120 39 each
1167 3457 96 38 and
1298 3455 83 42 aff.
1418 3456 102 41 Oct.
1556 3456 83 41 19:
1678 3457 39 38 A
1752 3456 171 48 65717;
1962 3456 238 49 Carnegie
470 3455 1933 100 endowment

631 3514 77 39 for
738 3514 250 40 internatl.
1020 3524 156 37 peace.
1249 3513 283 49 (33-33073)

401 3618 267 65 Warner,
699 3617 203 66 Sylvia
931 3619 348 54 Townsend.

470 3693 278 55 Whether
796 3714 29 34 a
877 3696 142 52 dove
1070 3714 64 34 or
1185 3695 237 70 seagull,
1474 3713 192 51 poems
1715 3695 77 70 by
1843 3693 201 73 Sylvia
2097 3693 320 55 Townsend

401 3773 245 54 Warner
697 3775 114 52 and
863 3774 306 54 Valentine
1222 3774 283 53 Ackland.
1595 3775 139 52 New
1789 3773 180 69 York,
2022 3775 121 52 The
2198 3773 220 70 Viking

404 3868 172 52 press,
606 3854 151 51 1933.

472 3924 27 39 4
526 3935 43 39 p.
633 3958 8 15 l.,
669 3923 146 43 3-153
842 3935 43 39 p.
946 3924 147 43 20½cm.

406 3992 52 53 ©
493 3997 101 41 Oct.
630 3998 69 41 27,
735 3998 140 42 1933;
911 3998 65 40 2c.
1015 3998 102 41 Oct.
1151 3998 83 41 28:
1271 3998 84 41 aff.
1390 3998 102 41 Oct.
1527 3998 83 47 30;
1649 3999 38 38 A
1722 3998 170 44 66819;
1930 3998 181 48 Viking
2144 4007 150 39 press,
2329 3997 92 41 inc.

484 4054 282 46 (33-33106)
