2597 4403
1375 4080 100 50 186

477 472 129 39 “The
637 471 381 48 Edgar-Alfrida
1049 471 192 48 story”:
1273 483 43 38 p.
1347 472 268 42 xxv-lxvii.

475 527 352 49 Bibliography:
889 539 43 37 p.
962 528 220 41 207-215.

409 582 2013 55 © Feb. 2, 1933; 2c. Feb. 7; aff. Mar. 9; A 60177; Bryn Mawr college,
478 644 135 47 Bryn
654 644 169 48 Mawr,
865 644 83 40 Pa.
1030 639 51 53 [©
1124 643 335 41 introduction
1499 645 97 39 and
1637 647 152 47 notes]
1862 645 253 49 (33-3628)

404 735 291 67 Maxwell,
727 734 258 56 William
1013 735 362 66 Babington.

476 813 143 54 This
663 812 48 55 is
755 834 97 49 my
894 833 151 49 man,
1088 814 76 69 by
1206 816 90 54 W.
1343 817 66 52 B.
1453 815 289 55 Maxwell.
1822 817 139 52 New
2006 816 182 64 York,
2231 817 190 56 Dodd.

404 891 173 55 Mead
605 895 51 50 &
687 911 298 51 company,
1016 898 152 50 1933.

477 977 42 32 v.
546 967 89 40 347
660 977 43 38 p.
759 966 58 41 20½
848 969 45 21 cm
899 1000 8 8 .

410 1020 53 52 ©
500 1025 110 40 Feb.
647 1024 68 47 10,
751 1024 142 48 1933;
931 1024 68 42 2c.
1035 1025 112 40 Feb.
1183 1025 83 44 17;
1305 1024 83 42 aff.
1424 1025 111 40 Feb.
1573 1025 82 48 16;
1694 1025 40 39 A
1769 1025 171 47 60307;
1980 1026 69 39 W.
2089 1026 52 41 B.
2181 1025 244 44 Maxwell,

478 1082 255 49 Brighton,
769 1083 238 48 England.
1080 1081 252 50 (33-3927)

402 1169 341 56 Minnesota
787 1175 113 52 and
944 1173 190 54 North
1179 1178 240 49 western
1463 1173 205 70 digest,
1711 1173 270 70 covering
2024 1176 78 51 all
2146 1193 151 35 cases
473 1193 1926 128 reported

721 1255 62 51 in
826 1253 329 53 Minnesota
1200 1258 242 63 reports,
1486 1253 189 53 North
1720 1257 242 49 western
2006 1259 258 63 reporter
2310 1254 114 52 and

474 1333 79 52 all
599 1332 64 53 of
707 1333 98 52 the
847 1333 177 54 north
1072 1336 241 49 western
1360 1337 176 48 states
1580 1337 223 64 reports
1851 1332 155 54 from
2053 1333 97 52 the
2196 1333 228 53 earliest

474 1412 183 67 times,
697 1412 141 53 with
876 1416 232 48 current
1146 1411 349 54 cumulative
1533 1412 203 68 pocket
1773 1411 213 55 service
2023 1411 249 71 keeping
2307 1413 117 53 this

473 1490 1927 132 digest always to date … Compiled and edited by the publisher’s
722 1568 271 55 editorial
1016 1566 138 57 staff.
1245 1587 50 35 v.
1325 1573 190 49 21-23.
1595 1569 83 56 St.
1706 1571 168 68 Paul,
1899 1572 163 54 West
2087 1571 339 70 publishing

474 1667 78 35 co.
633 1652 154 65 [c1933]

474 1725 26 39 3
530 1736 42 28 v.
634 1723 59 41 26
694 1727 44 20 cm
744 1756 8 9 .

749 1791 115 29 CONTENTS.—v.
913 1779 74 43 21.
1035 1780 335 41 Insurrection
1418 1782 97 40 and
1562 1781 548 49 sedition-Judges.—v.
2161 1781 72 41 22.
407 1783 2007 103 Judgment-Jury.—v.

853 1837 73 41 23.
958 1838 216 41 Justices
1204 1839 53 39 of
1287 1839 82 40 the
1399 1839 421 48 peace-Licenses.

408 1908 42 29 v.
486 1896 70 47 21,
596 1892 54 52 ©
687 1896 109 40 Jan.
834 1896 69 47 18,
941 1896 142 47 1933;
1123 1908 41 28 v.
1202 1895 69 49 22,
1309 1896 70 47 23,
1421 1891 51 53 ©
1511 1897 110 39 Jan.
1659 1896 82 42 19;
1781 1896 68 41 2c.
1888 1897 118 39 each
2044 1897 112 40 Feb.
2195 1897 82 47 13;
2318 1895 109 43 affs.

481 1955 112 40 Feb.
627 1954 82 47 15;
745 1954 40 39 A
819 1953 351 47 59446-59448;
1206 1954 139 40 West
1376 1953 109 49 pub.
1521 1965 68 29 co.

404 2044 382 66 Mississippi.
861 2046 187 67 Laws,
1078 2051 262 63 statutes,
1369 2051 102 47 etc.

479 2128 132 49 1933
646 2126 365 67 supplement
1043 2128 59 49 to
1136 2123 354 69 Mississippi
1524 2124 136 53 code
1693 2123 64 54 of
1792 2126 153 65 1930,
1980 2124 337 69 containing
2348 2125 78 52 all

407 2209 118 48 acts
559 2204 66 53 of
658 2223 31 34 a
724 2205 233 68 general
987 2207 207 49 nature
1227 2203 236 53 enacted
1497 2203 75 69 by
1606 2204 96 52 the
1737 2203 443 70 extraordinary
2213 2204 213 53 session

406 2284 65 52 of
508 2285 97 51 the
642 2289 147 48 state
827 2282 364 70 Legislature
1229 2283 61 53 in
1332 2286 133 49 1931
1508 2283 113 53 and
1659 2283 74 66 by
1772 2284 97 52 the
1909 2284 231 68 regular
2182 2284 113 52 and
405 2301 1996 131 extraordinary

809 2362 241 54 sessions
1081 2362 64 54 of
1173 2363 96 52 the
1299 2366 148 49 state
1476 2362 361 69 Legislature
1866 2362 61 52 in
1959 2366 136 49 1932
2125 2362 302 70 including

405 2444 96 51 the
538 2460 243 35 revenue
820 2448 118 48 acts
976 2442 64 52 of
1079 2444 151 50 1932.
1305 2441 165 55 With
1509 2442 367 54 annotations
1914 2442 75 69 by
2027 2444 119 54 Jos.
2187 2443 80 53 M.
406 2443 1995 132 Howorth

685 2520 1322 71 … Atlanta, The Harrison company, 1933.
478 2596 119 48 xxii,
630 2596 87 41 585
747 2607 42 36 p.
852 2595 55 40 26
909 2598 46 19 cm
961 2628 7 7 .

414 2650 51 53 ©
494 2653 111 41 Feb.
631 2654 39 43 1,
698 2651 141 47 1933;
868 2651 68 42 2c.
965 2653 111 40 Feb.
1102 2653 26 38 3;
1185 2651 83 41 aff.
1297 2651 111 42 Feb.
1436 2651 54 41 13;
1549 2652 39 39 A
1616 2652 170 46 60257;
1816 2651 245 41 Harrison
2088 2662 68 29 co.

409 2745 341 65 Mordaunt,
781 2742 223 67 Elinor,
1031 2744 198 67 pseud.

542 2820 1887 70 … Mrs. Van Kleek. New York, The John Day company
455 2904 154 64 [c1933]

479 2976 29 40 5
531 2987 42 38 p.
622 3006 23 18 l.,
671 2975 101 47 307,
804 2974 54 52 [1]
886 2986 44 37 p.
1020 2972 30 42 19½
1079 2975 46 22 cm
1129 3004 10 10 .

415 3029 53 52 ©
496 3034 110 39 Jan.
635 3032 70 47 26,
733 3031 142 47 1933;
905 3032 65 40 2c.
1001 3032 110 40 Jan.
1139 3030 83 48 26;
1253 3030 82 41 aff.
1365 3032 111 39 Jan.
1504 3030 83 48 27;
1619 3031 40 39 A
1687 3030 171 48 60052;
1892 3032 51 39 E.
1975 3032 279 47 Mordaunt,
485 3032 1926 105 Teneriffe,

639 3090 195 48 Canary
861 3089 201 40 islands.
1135 3088 253 48 (33-2407)

408 3193 316 56 Nebraska
772 3195 112 53 and
932 3194 189 53 North
1168 3198 241 48 western
1457 3192 204 70 digest,
1706 3193 269 69 covering
2022 3195 77 52 all
2145 3212 153 35 cases
480 3210 1923 132 reported

716 3274 57 52 in
806 3273 297 53 Nebraska
1134 3278 241 63 reports,
1406 3273 189 52 North
1627 3279 237 46 western
1896 3278 276 63 reporter,
2205 3273 113 52 and
2350 3272 79 53 all

480 3352 64 53 of
577 3354 97 52 the
706 3354 174 51 north
915 3357 241 48 western
1189 3356 175 49 states
1400 3356 225 63 reports
1660 3352 154 52 from
1848 3352 97 53 the
1980 3352 230 53 earliest
2244 3351 183 68 times,

481 3432 140 52 with
657 3437 231 48 current
923 3430 347 55 cumulative
1305 3431 205 68 pocket
1543 3430 230 69 service,
1806 3430 249 69 keeping
2088 3430 116 53 this
2240 3431 189 69 digest

483 3509 1945 71 always to date … Compiled and edited by the publisher’s
481 3589 270 54 editorial
801 3587 136 55 staff.
1029 3608 51 34 v.
1132 3592 190 49 21-23.
1401 3589 84 55 St.
1534 3591 167 56 Paul,
1749 3592 162 53 West
1960 3589 339 69 publishing
2346 3609 80 36 co.

487 3702 12 34 [
505 3675 18 21 c
529 3671 133 51 1933]

482 3746 25 37 3
538 3755 42 28 v.
641 3743 59 39 26c
718 3745 26 20 m
750 3773 7 7 .

759 3810 115 29 CONTENTS.—v.
923 3797 74 42 21.
1042 3798 335 41 Insurrection
1425 3800 94 38 and
1567 3798 549 48 sedition-judges.—v.
2165 3798 72 41 22.
414 3798 2002 98 Judgment-

591 3859 236 45 Jury.—v.
861 3855 71 42 23.
965 3856 215 40 Justices
1212 3856 53 41 of
1295 3857 81 40 the
1407 3856 417 48 peace-Licenses.

416 3927 42 28 v.
485 3915 69 43 21,
585 3910 53 52 ©
666 3915 109 39 Jan.
865 3945 8 15 18,
902 3913 141 47 1933;
1073 3925 42 30 v.
1143 3914 71 46 22,
1241 3913 69 46 23,
1343 3909 53 52 ©
1425 3914 111 39 Jan.
1566 3912 81 48 19;
1677 3912 66 42 2c.
1774 3913 117 40 each
1924 3914 108 39 Feb.
2064 3913 82 43 13;
2178 3912 94 41 affs
2317 3912 111 42 Feb.

487 3972 81 41 15;
606 3973 40 38 A
680 3969 350 49 59437-59439;
1068 3971 135 40 West
1237 3971 108 47 pub.
1383 3982 68 30 co.
