2582 4453
1370 4141 101 53 780

408 537 127 53 ural
566 535 280 69 kingdom
877 534 66 55 of
974 535 98 54 the
1103 535 252 54 Messiah
1400 534 188 71 (Holy
1620 536 226 52 Roman
1877 534 244 70 empire);
2194 533 173 73 being
2400 555 32 35 a

408 616 364 68 supplement
813 621 58 47 to
914 614 97 54 the
1053 614 254 54 author’s
1348 612 270 71 previous
1660 614 217 54 works:
1919 612 389 57 “Prehistoric

408 634 2000 130 religion”,
676 694 158 53 “The
864 693 227 54 Asiatic
1121 692 311 70 Arcadia”,
1464 697 122 65 etc.,
1617 693 141 54 with
1793 693 230 54 further
2055 692 380 57 elucidations

408 772 2026 71 and explanations, by Philo Laos Mills … Washington, The
411 853 315 70 Bengalese
755 871 176 50 press,
963 856 152 51 1933.

479 930 27 41 3
541 940 43 38 p.
642 960 24 17 l.,
702 928 82 47 vii,
823 946 72 32 [1],
932 927 56 41 94
1017 927 54 50 (i.
1108 938 38 30 e.
1182 927 81 48 96)
1308 939 43 37 p.
1414 927 165 48 front.,
1617 928 25 39 1
1678 927 143 49 illus.,
1859 928 172 48 plates,
2066 927 176 42 double
2277 927 156 50 diagr.

408 988 119 41 27cm.

481 1046 155 47 Pages
667 1043 85 50 [67]
783 1044 95 40 and
910 1042 84 51 [68]
1025 1043 265 40 numbered
1319 1053 55 30 as
1403 1044 178 40 leaves.

483 1099 435 43 “Abbreviations”:
977 1112 43 37 p.
1051 1100 101 51 [Viii]

414 1157 52 52 ©
497 1162 117 46 May
639 1160 70 46 12,
739 1160 115 40 1933;
913 1160 68 39 2c.
1012 1159 116 47 May
1156 1159 56 38 12;
1273 1158 82 41 aff.
1386 1160 114 47 May
1530 1159 55 40 15;
1644 1160 42 38 A
1716 1159 145 41 61825;
1922 1162 52 40 P.
2005 1162 49 38 L.
2086 1163 147 46 Mills,
481 1163 1937 105 Washington.
737 1216 284 51 (33-13888)

407 1321 316 67 Morrison,
753 1321 248 57 Charles
1029 1322 271 66 Clayton,
1332 1325 174 54 1874-

482 1401 124 54 The
656 1400 176 55 social
883 1401 200 69 gospel
1135 1400 115 54 and
1303 1399 97 55 the
1455 1399 299 57 Christian
1807 1399 206 70 cultus,
2065 1401 77 70 by
2195 1399 241 58 Charles

410 1479 251 71 Clayton
680 1479 309 55 Morrison.
1050 1479 140 54 New
1215 1479 165 53 York
1402 1479 115 54 and
1541 1479 262 69 London,
1825 1479 237 69 Harper
2086 1482 48 51 &
2155 1480 281 68 brothers,

413 1563 152 50 1933.

481 1633 85 49 xii,
615 1631 88 43 259
749 1642 45 38 p.
871 1631 118 42 20cm.
1071 1631 429 51 [Rauschenbusch
1551 1632 224 46 lectures,
1827 1631 491 49 Colgate-Rochester
413 1633 2002 104 divinity
600 1690 177 48 school,
806 1689 282 48 Rochester,
1121 1689 56 41 N.
1208 1688 71 52 Y.]

484 1747 165 41 “First
681 1746 230 42 edition.”

416 1803 52 52 ©
498 1808 116 46 May
640 1806 69 47 12,
738 1806 115 40 1933;
910 1805 69 43 2c.
1009 1806 115 47 May
1152 1805 56 39 12;
1266 1804 83 41 aff.
1378 1805 115 47 May
1520 1804 56 40 15;
1634 1805 42 38 A
1704 1804 145 41 62643;
1908 1806 196 48 Harper
2133 1805 37 40 &
2196 1807 126 39 bros.

493 1863 284 49 (33-13992)

407 1967 227 67 Munin,
662 1967 180 58 Walt.

478 2046 406 71 Frauenopfer
914 2047 82 54 im
1029 2045 419 73 geheimdienst;
1512 2045 449 57 internationale
1993 2046 294 72 Spionage,
2320 2064 115 37 von

409 2128 88 55 W.
541 2126 226 55 Munin.
843 2126 262 72 Leipzig,
1148 2127 290 55 Deutsche
1479 2127 545 69 buchwerkstätten,
2065 2146 55 52 g.
2164 2146 75 35 m.
2281 2127 54 54 b.
2375 2127 58 56 h.

412 2211 197 65 [c1931]

483 2284 99 47 176,
620 2302 54 32 [1]
709 2293 45 38 p.
814 2282 118 43 21cm.

415 2337 2022 52 © Aug. 1, 1931; 1c. Jan. 7, 1932; A -Foreign 15171; Verlag Deutsche
484 2398 467 45 buchwerkstätten,
985 2409 43 37 g.
1061 2409 60 27 m.
1155 2398 43 40 b.
1231 2398 45 39 h.
1348 2397 284 48 (33-13600)

407 2501 1284 70 New York ( State) Laws , statutes , etc.
482 2580 239 55 Cahill’s
751 2581 139 54 New
922 2581 165 53 York
1117 2582 136 52 code
1284 2581 64 53 of
1379 2580 265 55 criminal
1676 2582 329 67 procedure.
2075 2585 133 49 1933

408 2600 2001 114 cumulative
628 2662 383 68 supplement,
1054 2660 338 70 containing
1434 2661 97 52 the
1574 2662 138 52 laws
1758 2662 235 52 enacted
2039 2667 60 48 at
2139 2662 97 52 the
2281 2664 153 65 1929,

411 2743 153 67 1930,
612 2744 153 65 1931,
814 2743 135 50 1932
1009 2740 331 70 (including
1385 2740 95 53 the
1528 2740 444 68 extraordinary
2017 2740 241 70 session)
2319 2740 113 54 and

411 2823 135 50 1933
580 2820 241 53 sessions
854 2820 63 52 of
950 2821 95 52 the
1078 2820 350 68 legislature.
1500 2820 214 53 Edited
1748 2821 74 69 by
1856 2820 215 54 Austin
2104 2823 67 50 B.
2206 2817 227 60 Griffiin

472 2897 1361 73 … Chicago, Callaghan and company, 1933.
485 2975 286 47 cover-title,
801 2975 49 46 ii,
881 2974 55 41 96
963 2985 44 37 p.
1064 2975 148 40 26½cm.

490 3033 122 40 This
645 3033 250 47 pamphlet
950 3043 20 29 is
1007 3034 48 38 to
1090 3033 60 39 be
1183 3032 216 40 inserted
1435 3031 106 41 into
1575 3034 84 39 the
1692 3033 173 48 pocket
1903 3035 52 38 at
1995 3034 80 39 the
2108 3034 123 39 back
2266 3034 52 39 of
2353 3034 84 40 the

415 3092 194 39 volume
634 3090 51 41 of
714 3091 83 39 the
823 3092 72 37 set
924 3092 49 38 to
1001 3089 160 40 which
1189 3089 39 40 it
1256 3089 212 47 belongs.

418 3144 52 52 ©
501 3149 115 47 May
642 3148 70 46 23,
742 3147 114 40 1933;
914 3147 69 40 2c.
1012 3147 116 47 May
1155 3146 60 40 26;
1271 3146 82 40 aff.
1384 3147 116 47 May
1527 3147 60 39 25;
1642 3147 43 39 A
1714 3147 144 40 61933;
1918 3147 271 49 Callaghan
2220 3148 36 40 &
2284 3159 69 29 co.

411 3238 152 63 Noll,
594 3237 287 53 Eleonore
918 3234 462 66 (Hasenclever)
1419 3241 327 50 1880-1925.

484 3318 129 52 Den
661 3317 212 67 bergen
920 3315 312 68 verfallen;
1285 3314 450 69 Alpenfahrten,
1783 3334 109 35 von
1944 3316 281 53 Eleonore
414 3315 2016 146 Noll-Hasenclever;

867 3395 106 53 mit
1008 3394 322 68 geleitwort
1363 3396 118 52 und
1516 3394 315 54 lebensbild
1867 3395 268 53 versehen
2174 3396 116 52 und
2328 3394 107 53 mit

414 3474 296 69 beitragen
748 3492 111 35 von
901 3472 292 69 professor
1233 3474 84 52 dr.
1358 3472 69 56 G.
1468 3472 430 68 Dyhrenfurth,
1938 3475 83 51 dr.
2063 3475 89 53 W.
2193 3473 238 56 Martin,

416 3553 292 68 professor
742 3553 300 52 Hermann
1079 3552 167 53 Trier
1280 3552 117 52 und
1435 3554 83 52 dr.
1554 3551 165 55 Willi
1756 3552 407 66 Welzenbach;
415 3553 1992 147 herausgegeben

703 3650 113 34 von
854 3631 283 53 Heinrich
1178 3631 197 66 Erler;
1415 3629 107 55 mit
1559 3634 66 49 25
1666 3630 390 68 abbildungen
2094 3632 116 52 und
2249 3629 182 55 einem

417 3709 446 56 faksimilierten
916 3709 185 55 briefe
1156 3709 331 54 Alexander
1545 3711 340 67 Burgeners.
1964 3708 217 69 Berlin,
2296 3709 133 53 Union

416 3790 267 53 deutsche
715 3788 600 69 Verlagsgesellschaft
1368 3792 176 60 [c1932]

490 3864 83 40 213
608 3875 43 37 p.
712 3863 163 42 front.,
911 3863 129 40 illus.
1070 3863 15 45 (incl.
1237 3862 218 46 facsim.)
1497 3862 171 47 plates,
1702 3863 150 46 ports.
1914 3860 116 41 21cm.

493 3921 200 41 “Erstes
724 3921 76 39 bis
831 3920 193 40 fünftes
1060 3919 254 42 tausend.”

422 3976 2014 52 © Oct. 5, 1932; 1c. Feb. 21, 1933: A -Foreign 19864; Union deutsche
490 4036 528 48 Verlagsgesellschaft,
1052 4035 535 47 Zweigniederlassung
1619 4034 182 42 Berlin.
1872 4033 282 49 (33-13622)
