2575 4405
1039 4110 103 51 213

84 461 307 66 Douglass,
421 461 145 53 Paul
598 457 303 66 Franklin,
932 463 173 50 1904-

149 539 120 54 The
313 536 282 56 economic
636 537 269 55 dilemma
948 536 64 53 of
1053 534 257 70 politics;
1357 555 31 33 a
1430 534 172 68 study
1645 534 64 52 of
1751 534 96 53 the
80 546 1973 145 consequences

349 616 64 54 of
446 617 96 52 the
577 613 424 71 strangulation
1037 614 64 53 of
1136 614 309 67 Germany,
1479 613 76 67 by
1591 613 148 52 Paul
1775 610 304 69 Douglass,

166 685 1850 82 PH. D., with an introduction by Hon. Royal S. Copeland …
80 773 136 54 New
246 772 178 68 York,
453 773 318 67 Europress
800 789 298 50 company,
1129 774 151 51 1932.

150 858 77 34 xv,
259 847 58 39 47
347 856 44 37 p.
449 844 119 41 23cm.

152 901 248 49 “Reading
429 899 361 51 suggestions”:
824 912 42 37 p.
896 900 71 42 45.

85 970 51 54 ©
165 974 102 43 Oct.
295 974 39 49 1,
363 972 141 49 1932;
533 973 68 41 2c.
631 973 109 41 Jan.
768 974 40 46 3,
839 970 140 49 1933;
1011 970 84 43 aff.
1124 971 113 42 Dec.
1266 969 70 50 30,
1367 970 141 48 1932;
1539 971 42 39 A
1610 968 171 50 57720;
1813 970 270 49 Europress

150 1042 66 30 co.
289 1030 249 50 (33-4578)

83 1132 277 67 Dulaure,
390 1135 255 63 Jacques
673 1131 279 68 Antoine,
986 1134 327 56 1755-1835.

212 1206 1871 77 … The gods of generation; a history of phallic cults among
81 1289 251 55 ancients
364 1292 50 50 &
447 1290 292 67 moderns;
774 1289 318 54 translated
1126 1289 154 54 from
1313 1290 95 52 the
1441 1289 223 54 French
1696 1289 75 67 by
1805 1289 71 54 A.
1912 1291 65 52 F.
2011 1290 71 53 N.

79 1368 139 54 New
253 1368 180 67 York,
464 1367 160 55 Priv.
658 1366 197 70 print.,
889 1368 121 53 The
1043 1370 269 66 Panurge
1347 1386 174 49 press,
1556 1371 153 50 1933.

152 1439 138 49 xxiii,
319 1442 55 49 [1]
401 1452 58 37 p.,
484 1441 25 40 3
570 1472 9 16 l.,
605 1439 177 44 31-280
805 1453 58 37 p.,
892 1440 27 39 2
965 1472 9 8 l.
1038 1440 146 41 24½cm.

154 1497 94 42 “Of
273 1498 100 41 this
401 1497 257 41 American
688 1496 197 49 edition,
918 1499 83 40 the
1027 1497 107 41 first
1162 1497 50 40 in
1243 1496 216 49 English,
1488 1498 111 47 only
1628 1496 117 41 2000
1772 1497 159 49 copies
1960 1498 125 41 have

82 1554 117 41 been
226 1554 163 43 issued
415 1555 82 40 for
520 1554 193 50 private
738 1555 254 42 collectors
1019 1555 52 41 of
1097 1553 227 44 erotica.”

153 1608 1931 56 With reproduction of t.-p. of first edition: Des divinit é s génératrices,
85 1668 2001 55 ou, Du culte du phallus chez les anciens et les modernes … par
84 1728 43 40 J.
157 1729 55 40 A.
241 1729 43 39 D
304 1729 22 25 *
347 1729 22 25 *
392 1728 22 25 *
435 1728 22 25 *
480 1729 21 24 *
523 1728 38 41 *.
622 1728 156 42 Paris.
807 1728 130 41 1805.

87 1796 52 52 ©
172 1799 110 41 Feb.
314 1800 38 46 6,
385 1798 112 43 1933;
558 1799 67 42 2c.
658 1800 95 40 and
785 1799 83 42 aff.
902 1801 111 40 Feb.
1046 1799 81 47 10;
1162 1800 41 39 A
1234 1798 171 49 59378;
1440 1800 227 48 Panurge
1698 1810 149 40 press,
1881 1800 91 43 inc.

166 1855 250 50 (33-5322)

85 1958 236 65 Eckert,
354 1958 264 57 Charles.

215 2032 1875 75 … Jacques Bonhomme … Paris, Édition de la Revue des
82 2112 417 71 indépendants
533 2147 14 36 [
551 2120 19 23 c
574 2117 134 51 1932]

150 2186 563 52 249, [1] p., 1 l. 19½cm.
88 2239 1999 56 © Oct. 20, 1932; 1c. Dec. 29; A-Foreign 19139; C. Eckert, Nice, France.
165 2299 251 51 (33-5440)

82 2399 425 70 Erfahrungen
542 2406 105 53 mit
682 2404 353 56 fliessarbeit,
1108 2413 42 49 t.
1237 2449 9 9 II.
1285 2406 389 72 Auswertung
1708 2410 100 52 der
1846 2413 240 50 1928-30

149 2481 397 55 erschienenen
616 2482 587 72 Veröffentlichungen
1272 2486 141 55 über
1480 2485 352 58 fliessarbeit.
1907 2489 162 70 Hrsg.

152 2579 129 35 vom
312 2562 320 54 Ausschuss
666 2563 100 54 für
799 2563 476 55 wirtschaftliche
1309 2565 301 71 fertigung
1655 2567 239 69 (AWF)
1936 2568 150 54 beim

152 2638 567 56 Reichskuratorium
778 2642 101 53 für
938 2643 580 55 Wirtschaftlichkeit.
1595 2646 217 69 Berlin,
153 2644 1932 146 Beuth-verlag,

395 2738 54 50 g.
475 2738 74 34 m.
578 2720 51 54 b.
658 2720 55 52 h.
749 2723 174 66 [1931]

157 2791 459 50 114 p., 1 l. 21 cm .
153 2847 556 50 “Literaturangaben”:
742 2861 44 40 p.
819 2851 156 41 72-96.

91 2914 1997 61 © Mar. 1, 1931; 1c. Jan. 6, 1933; A -Foreign 19235; Reichskuratorium
157 2974 85 42 für
265 2975 500 45 Wirtschaftlichkeit.

90 3075 309 68 Fairburn,
432 3079 256 56 William
719 3081 382 67 Armstrong.

157 3155 180 56 Work
375 3157 114 53 and
528 3158 276 69 workers;
848 3178 187 37 essays
1076 3163 113 52 and
1226 3161 428 58 miscellaneous
1694 3163 281 73 writings,
2013 3164 77 72 by

89 3233 257 56 William
370 3234 347 72 Armstrong
743 3236 305 55 Fairburn.
1110 3240 139 53 New
1276 3240 181 71 York,
1482 3242 216 55 Nation
1723 3262 157 52 press
91 3240 1976 143 printing
215 3329 98 51 co.,
340 3312 107 55 inc.
482 3346 13 35 [
499 3320 19 21 c
523 3317 152 65 1933]

161 3386 529 49 7 p. l., 562 p. 22cm.
97 3443 52 52 ©
178 3448 108 41 Feb.
315 3450 70 46 24,
415 3449 139 48 1933;
583 3450 70 42 2c.
679 3453 94 40 and
804 3453 82 41 aff.
917 3454 112 42 Feb.
1056 3454 83 49 28;
1171 3456 39 39 A
1240 3455 170 50 59702;
1442 3460 70 39 W.
1543 3459 55 40 A.
1627 3459 258 51 Fairburn,
1917 3463 174 41 Center

163 3504 178 48 Lovell,
369 3508 92 40 Me.
528 3507 252 50 (33-5319)

93 3606 236 68 Fechet,
357 3609 202 57 James
589 3611 287 69 Edmond,
909 3616 170 56 1877-

92 3691 1975 150 … Flying, by Major General James E. Fechet … Baltimore,
299 3772 120 52 The
452 3773 289 55 Williams
776 3778 46 50 &
855 3776 251 55 Wilkins
1142 3795 280 54 company
1458 3780 55 54 in
1552 3783 364 68 cooperation
1951 3786 141 54 with

93 3848 95 52 the
232 3848 252 68 Century
524 3851 63 52 of
626 3870 263 53 progress
929 3854 338 70 exposition,
1309 3862 150 50 1933.

166 3920 1807 65 ix, 138 p. front. (port.) 19½cm. (A century of progress series)
101 3972 52 53 ©
182 3978 110 42 Jan.
321 3979 68 43 28,
418 3981 140 47 1933;
589 3982 68 42 2c.
686 3985 94 40 and
809 3985 82 41 aff.
923 3987 111 41 Feb.
1063 3989 81 46 13;
1175 3990 45 44 A;
1245 3988 171 51 59401;
1448 3992 242 43 Williams
1721 3996 36 40 &
1787 3995 211 43 Wilkins
2026 4009 70 30 co.

176 4033 252 53 (33-5096)
