2484 4405
1018 4101 100 52 837

78 457 270 65 Snavely,
377 458 212 63 Tipton
617 459 147 62 Ray,
795 462 170 49 1890-

148 542 1859 73 State grants-in-aid in Virginia, by Tipton Ray Snavely …
81 620 1987 71 Duncan Clark Hyde … [and] Alvin Blocksom Biscoe … New
80 702 177 68 York,
295 702 119 51 The
454 701 250 67 Century
744 718 95 49 co.,
879 700 93 51 for
1011 700 95 53 the
1144 699 269 54 Institute
1454 699 91 51 for
1584 700 254 53 research
1878 699 61 51 in
1976 699 93 52 the

76 779 170 54 social
279 779 252 68 sciences,
565 776 330 70 University
931 778 62 51 of
1026 775 284 70 Virginia,
1347 780 149 49 1933.

146 880 76 36 xv,
260 869 86 38 244
383 879 43 37 p.
487 868 177 45 diagrs.
725 867 54 40 23
783 869 43 21 cm
832 899 7 7 .
905 867 113 48 [The
1059 864 282 49 University
1378 864 51 42 of
1466 863 220 49 Virginia
1724 864 234 42 Institute
1995 864 76 40 for

78 926 224 40 research
333 925 50 39 in
416 926 81 39 the
529 925 147 39 social
709 924 224 40 sciences.
998 923 233 40 Institute
1264 924 293 46 monograph
1591 933 76 30 no.
1699 922 69 49 15]
1887 921 129 48 $2.50

149 997 373 47 Bibliography:
554 1007 41 37 p.
625 995 217 41 233-236.

83 1067 1991 51 © May 18, 1933; 2c. and aff. May 26; A 62788; University of Virginia,
151 1127 235 39 Institute
416 1127 79 39 for
528 1127 223 38 research
786 1125 48 39 in
870 1126 84 39 the
985 1125 150 39 social
1170 1125 223 46 sciences,
1430 1125 408 48 Charlottesville,
1873 1125 86 41 Va.

160 1182 278 49 (33-14415)

74 1287 242 63 Sougez.

144 1376 318 70 Alphabet;
532 1375 447 70 photographies
1045 1377 68 52 de
1182 1377 234 68 Sougez.
1491 1376 184 65 Paris,
1741 1379 71 50 A.
1880 1377 191 52 Roche

83 1489 13 34 [
101 1463 17 21 c
124 1459 133 49 1932
262 1489 12 34 ]

150 1545 84 49 [54]
272 1555 43 37 p.
374 1543 129 40 illus.
562 1544 56 39 17
635 1554 32 28 x
684 1543 55 40 19
743 1545 42 21 cm
790 1575 9 8 .

148 1615 295 47 Twenty-six
494 1614 341 48 photographs,
885 1614 118 39 with
1051 1615 322 47 explanatory
1419 1615 284 47 letterpress
1749 1614 50 39 in
1849 1615 223 47 German,

79 1673 200 47 English
307 1673 94 38 and
430 1672 200 44 French,
661 1683 59 28 on
749 1682 164 29 versos
942 1671 165 48 facing
1136 1672 80 39 the
1244 1671 344 40 illustrations.

80 1740 1994 53 © Nov. 12, 1932; 1c. Jan. 7, 1933; A-Foreign 19281; A. Roche, Paris.
160 1801 277 49 (33-14322)

74 1905 188 53 South
293 1906 251 51 Dakota.
619 1906 182 65 Laws,
829 1911 257 60 statutes,
1115 1912 99 45 etc.

146 1979 1925 71 The school lavs of South Dakota, 1933 … questions, answers
79 2058 1890 69 and index … Sioux Falls, S. D., Brown & Saenger, c 1933.
149 2148 281 46 cover-title,
459 2149 24 37 1
549 2179 8 16 l.,
585 2147 64 47 xi,
677 2148 97 47 104,
807 2149 83 47 [14]
923 2158 42 37 p.
1025 2148 54 38 21½cm.

147 2218 127 40 Title
304 2219 212 46 vignette
554 2219 151 47 (state
735 2219 50 39 of
817 2219 152 40 South
997 2220 195 39 Dakota
1221 2219 126 47 seal)

151 2275 128 41 “One
320 2276 220 39 hundred
579 2277 248 46 questions
868 2278 94 38 and
1004 2286 215 30 answers
1261 2288 59 28 on
1362 2278 80 38 the
1483 2277 375 47 interpretation
1900 2277 51 40 of
1992 2279 79 38 the

73 2330 161 38 school
264 2330 107 47 law,
402 2330 60 46 by
493 2330 193 40 Russell
718 2332 52 38 E.
803 2331 179 40 Jonas”:
1043 2342 43 37 p.
1119 2331 112 42 i-xi.

82 2399 1991 53 © May 5, 1933; 2c. and aff. May 29; A 62826; Brown & Saenger. [©
147 2460 86 40 100
257 2461 247 47 questions
532 2463 95 38 and
653 2472 229 36 answers,
911 2462 189 40 revised
1127 2462 160 49 index]
1360 2462 279 50 (33-14398)

74 2564 187 66 Spiro,
288 2566 183 63 Betty
495 2567 285 63 Bergson.

148 2643 120 52 The
305 2660 150 36 mere
492 2644 202 68 living,
730 2644 75 68 by
844 2645 66 52 B.
953 2646 256 66 Bergson
1251 2644 188 68 Spiro.
1531 2644 258 69 London,
1828 2646 71 53 V.
76 2644 1973 143 Gollancz,
281 2721 122 65 ltd.,
432 2724 150 50 1933.

146 2807 85 41 287
256 2818 42 37 p.
357 2806 57 41 19
416 2810 44 21 cm
465 2840 9 9 .

83 2875 1974 109 © 1c. May 10, 1933; A ad int. 17780; pubd. Mar. 13; B. B. Spiro, London. (33-15012)
74 3036 250 67 Steiner,
354 3038 235 67 Rudolf,
623 3046 323 51 1861-1925.

147 3115 120 53 The
302 3116 211 69 Gospel
546 3118 62 53 of
643 3118 84 55 St.
760 3119 173 68 John,
967 3121 34 51 by
1071 3120 225 53 Rudolf
1332 3120 241 67 Steiner,
1695 3163 9 10 PH.
1776 3163 9 10 D.;
1852 3140 32 34 a
1917 3122 150 67 cycle

78 3192 64 52 of
181 3196 201 51 twelve
424 3196 256 67 lectures,
722 3197 300 54 unrevised
1064 3199 76 67 by
1186 3200 222 65 author,
1451 3200 170 66 given
1666 3205 57 47 at
1765 3200 304 68 Hamburg

77 3268 153 54 from
259 3272 128 51 18th
417 3278 59 47 to
505 3277 121 49 31st
653 3275 63 52 of
743 3275 155 67 May,
928 3279 151 49 1908.
1144 3277 340 52 Translated
1516 3277 151 53 from
1696 3278 95 52 the
1820 3278 244 67 original

78 3345 248 55 German
353 3349 75 67 by
454 3350 79 51 Μ.
562 3353 67 50 B.
657 3353 79 50 M.
799 3353 163 52 With
989 3372 72 33 an
1088 3354 391 53 introduction
1508 3355 75 65 by
1611 3355 184 53 Marie
1826 3355 240 55 Steiner.

80 3426 85 50 1st
203 3425 84 52 ed.
363 3426 140 53 New
544 3428 161 52 York
743 3431 133 65 city,
916 3430 509 68 Anthroposophie
1465 3451 185 48 press;
1692 3434 258 66 London,
1990 3435 76 51 H.

76 3501 270 69 Collison,
391 3508 148 50 1933.

143 3585 828 52 2 p. l., 7-193 p. diagrs. 24 cm .
83 3656 51 51 ©
171 3662 111 46 Apr.
322 3661 68 47 15,
428 3661 140 47 1933;
607 3663 66 40 2c.
711 3664 113 47 Apr.
862 3665 83 45 24;
986 3664 82 41 aff.
1107 3666 114 47 May
1258 3666 52 45 6;
1351 3666 41 39 A
1430 3666 169 47 61676;
1640 3668 165 48 Harry
1844 3668 226 48 Collison,

149 3717 208 42 London.
429 3719 278 48 (33-14536)

147 3819 228 54 Welche
415 3819 459 70 gesichtspunkte
913 3823 182 67 liegen
1137 3825 98 54 der
1274 3824 329 70 errichtung
1642 3827 98 53 der
81 3828 1964 120 Waldorfschule

303 3916 67 32 zu
406 3899 251 65 grunde?
731 3900 251 67 Vortrag
1015 3920 109 33 von
1160 3902 82 51 dr.
1278 3902 221 53 Rudolf
1535 3903 238 69 Steiner,
1806 3906 261 65 gehalten

79 3991 67 34 zu
182 3972 291 69 Stuttgart
507 3995 91 34 am
632 3979 80 48 24.
750 3984 205 61 august
990 3981 133 48 1919
1160 3979 301 54 anlässlich
1497 3982 97 52 der
1627 3982 308 68 gründung
1970 3983 97 53 der
