2568 4328
1364 4141 67 50 14

382 459 132 56 Van
544 460 218 65 Doren,
792 459 137 57 Carl
959 459 255 67 Clinton,
1247 465 174 50 1885-

454 538 253 57 Sinclair
742 538 204 70 Lewis,
982 559 32 34 a
1047 538 404 70 biographical
1486 539 215 69 sketch,
1733 539 77 69 by
1846 538 139 55 Carl
2020 540 132 54 Van
2186 539 225 68 Doren;

382 618 143 53 with
558 638 32 34 a
623 618 414 69 bibliography
1068 618 77 69 by
1176 618 241 69 Harvey
1450 618 235 68 Taylor.
1761 618 236 55 Garden
2030 617 154 70 City,
2217 619 69 53 N.
2322 619 92 68 Y.,

380 697 363 68 Doubleday,
771 697 203 52 Doran
1001 699 46 50 &
1074 714 302 51 company,
1403 696 129 69 inc.,
1561 700 153 50 1933.

451 770 967 51 4 p. l., 205 p. front. (port.) 21 cm .
455 829 166 41 “First
648 827 230 42 edition.”

453 885 383 50 Bibliography:
870 896 43 38 p.
948 884 223 51 [77]-187.

385 939 53 54 ©
471 945 113 40 Jan.
614 945 41 47 3,
686 942 143 49 1933;
862 943 69 41 2c.
963 944 97 39 and
1092 942 82 41 aff.
1208 942 110 41 Jan.
1353 943 53 47 5;
1441 942 43 40 A
1515 942 172 49 58696;
1723 944 303 49 Doubleday,
2060 945 167 40 Doran
2261 944 37 41 &
2329 954 83 40 co.,

454 1000 92 42 inc.
619 1000 226 51 (33-839)

382 1105 275 65 Walling,
687 1105 226 55 Robert
940 1103 215 56 Alfred
1185 1105 177 66 John,
1396 1110 136 51 1869

449 1217 70 7 —
549 1186 75 52 In
653 1184 139 54 time
822 1183 96 55 for
945 1185 263 68 murder;
1240 1186 243 52 another
1510 1184 415 70 investigation
1952 1186 77 68 by
2057 1185 98 54 the
2184 1186 227 54 curious

379 1264 113 54 Mr.
532 1262 285 71 Tolefree,
852 1264 77 69 by
964 1265 68 53 R.
1070 1265 72 53 A.
1180 1265 58 55 J.
1274 1263 282 70 Walling.
1631 1265 141 54 New
1811 1265 183 68 York,
2028 1266 91 55 W.
2156 1266 255 54 Morrow

379 1346 47 51 &
452 1361 303 51 company,
785 1348 155 52 1933.

451 1418 29 40 4
508 1429 44 38 p.
580 1418 46 48 l.,
654 1417 146 42 7-301
826 1428 45 38 p.
962 1416 26 42 19½
1020 1419 46 22 cm
1070 1448 10 11 .

385 1472 53 54 ©
463 1477 112 41 Jan.
599 1478 42 46 4,
667 1475 142 48 1933;
834 1475 69 42 2c.
929 1477 99 39 and
1051 1475 84 42 alf.
1160 1476 113 41 Jan.
1298 1475 53 48 6;
1378 1474 42 41 A
1444 1475 174 49 57747;
1647 1476 57 40 R.
1728 1475 54 40 A.
1809 1475 46 42 J.
1880 1474 230 51 Walling,
2137 1476 276 50 Plympton,

453 1533 320 48 Devonshire,
806 1533 240 50 England.
1117 1533 226 49 (33-773)

387 1637 472 68 [Wertenbaker,
891 1638 193 56 Green
1114 1639 232 64 Peyton]
1402 1639 175 56 1907-

450 1717 187 53 Black
693 1717 186 68 cabin,
935 1717 76 68 by
1069 1716 191 55 Green
1317 1716 226 69 Peyton
1629 1716 213 69 [pseud.]
1923 1717 236 69 Boston,
2215 1717 198 69 Little,

380 1797 235 67 Brown,
646 1797 114 52 and
792 1813 302 52 company,
1126 1799 153 52 1933.

451 1870 666 51 5 p. l., [3]-327 p. 19½ cm .
385 1925 2008 111 © Jan. 3, 1933; 2c. and aff. Jan. 7; A 58750; Little, Brown, and company. (33-848)
380 2090 334 67 Wheatley,
746 2090 248 58 Dennis.

452 2171 124 53 The
603 2169 193 55 snake.

484 2245 62 40 (In
574 2241 324 44 Nash’s-Pall
928 2241 120 43 mall
1078 2240 281 53 magazine,
1388 2241 130 52 Jan.,
1553 2242 145 50 1933)

385 2297 2025 55 © 1c. Feb. 11, 1933; A ad int. 17451; pubd. Dec. 16, 1932; D. Wheatley,
452 2360 217 41 London.

380 2464 219 67 White,
631 2466 181 54 Ethel
842 2466 169 55 Lina.

452 2542 119 55 Put
607 2547 99 49 out
741 2543 96 55 the
872 2542 171 70 light,
1076 2543 75 69 by
1188 2542 176 54 Ethel
1396 2542 151 54 Lina
1583 2541 196 56 White
1819 2586 58 11 …
1953 2542 137 53 New
2128 2541 180 71 York,
2342 2542 65 55 L.

379 2620 357 70 MacVeagh,
764 2621 139 55 Dial
933 2640 177 51 press,
1138 2619 129 72 inc.,
1299 2623 151 51 1933.

451 2693 103 49 viii,
590 2693 149 42 9-319
771 2705 44 38 p.
878 2694 57 41 19½
967 2697 46 21 cm
1016 2727 9 9 .

382 2749 53 54 ©
472 2756 112 39 Jan.
622 2756 71 48 14,
730 2754 143 49 1933;
911 2755 69 41 2c.
1017 2756 112 40 Jan.
1166 2755 83 48 20;
1289 2754 85 42 aff.
1410 2754 113 42 Jan.
1559 2754 83 49 21;
1681 2754 43 41 A
1761 2754 172 49 58993;
1973 2755 116 41 Dial
2127 2766 151 38 press,
2315 2755 93 42 inc.

462 2812 255 49 (33-1956)

380 2902 332 67 Whitham,
737 2904 158 54 John
923 2905 89 55 W.

451 2980 367 70 Interworld,
845 3000 32 34 a
899 2982 186 68 novel,
1108 2981 75 69 by
1210 2981 160 54 John
1393 2980 91 54 W.
1510 2979 319 56 Whitham.
1893 2984 86 50 1st
2003 2979 84 54 ed.
2154 2978 254 71 [Seattle,

381 3058 156 54 Film
565 3078 117 35 row
714 3078 175 50 press,
918 3066 19 22 c
941 3062 136 49 1932]

451 3130 565 50 5 p. l., 278 p. 19½ cm .
385 3187 2022 53 © Dec. 12, 1932; 2c. Dec. 23; aff. Dec. 20; A 57728; J. W. Whitham,
455 3249 199 41 Seattle.
729 3249 224 49 (33-643)

379 3336 311 69 Williams,
722 3340 207 54 James
956 3338 234 67 Mickel,
1225 3341 174 55 1876-

450 3416 241 55 Human
735 3424 221 62 aspects
1000 3421 65 53 of
1106 3418 473 69 unemployment
1620 3420 114 52 and
1776 3417 187 69 relief,
2007 3417 142 54 with
2192 3417 213 69 special

380 3494 290 57 reference
697 3503 58 48 to
785 3499 97 52 the
908 3497 193 54 effects
1128 3497 64 54 of
1218 3499 98 52 the
1341 3497 333 68 depression
1701 3516 74 35 on
1801 3497 278 68 children,
2106 3497 75 68 by
2208 3498 195 55 James

378 3573 215 55 Mickel
615 3575 309 68 Williams,
1037 3621 9 9 PH.
1109 3618 9 10 D.
1197 3575 221 69 Chapel
1441 3576 151 68 Hill,
1615 3578 123 54 The
1762 3575 342 69 University
2127 3575 65 54 of
2216 3577 189 52 North

380 3652 275 57 Carolina
687 3673 176 51 press,
896 3659 152 50 1933.

451 3727 100 50 xvi,
586 3728 87 41 235
709 3739 44 38 p.
812 3728 57 40 22
873 3731 44 21 cm
923 3759 9 9 .
996 3729 116 50 [The
1149 3728 285 48 University
1468 3728 55 41 of
1555 3729 159 39 North
1752 3727 246 42 Carolina.
2061 3727 160 42 Social
2257 3729 147 48 study

381 3784 167 51 series]

456 3842 172 41 “Some
668 3843 52 40 of
760 3843 83 41 the
882 3843 229 42 material
1150 3843 50 40 in
1241 3843 100 41 this
1380 3843 125 41 book
1544 3853 102 30 was
1686 3843 257 48 published
1982 3842 50 40 in
2071 3852 27 30 a
2138 3843 263 49 pamphlet,

383 3898 249 42 ‘Children
661 3901 96 40 and
785 3902 82 39 the
894 3901 313 49 depression’,
1236 3899 159 42 which
1424 3910 103 31 was
1556 3901 199 40 written
1783 3900 80 40 for
1892 3901 83 41 the
2002 3901 260 40 American
380 3900 2005 99 public

476 3957 204 42 welfare
714 3957 685 43 association.”—Foreword.

384 4012 2020 53 © Jan. 12, 1933; 2c. Jan. 14; aff. Jan. 17; A 58922; J. M. Williams,
454 4073 211 50 Geneva,
693 4074 56 41 N.
779 4074 53 41 Y.
904 4074 255 50 (33-2567)
