2484 4405
1057 4106 133 50 1185

146 463 315 54 American
488 463 111 52 law
628 462 296 55 institute.

215 541 390 52 Restatement
641 540 63 52 of
742 540 96 52 the
878 541 108 52 law
1028 540 62 51 of
1132 544 299 62 contracts,
1474 558 59 34 as
1575 539 248 68 adopted
1864 540 113 51 and
143 558 1977 130 promulgated

480 620 76 68 by
599 620 94 52 the
738 619 306 52 American
1089 620 111 51 law
1241 618 279 52 institute.
1599 618 352 69 Containing
1995 618 149 54 Ohio

146 696 1974 136 annotations, prepared by M. L. Ferson … assisted by Francis J.
360 776 1723 66 Amer … Herschel W. Arant … A. C. Brightman …
169 854 1973 70 [ and others] under the auspices of the Ohio bar association.
144 935 1998 69 Volume I, II … St. Paul, American law institute publishers,
145 1019 148 50 1933.

211 1093 26 38 2
266 1103 41 27 v.
366 1091 55 39 22½cm.

213 1148 70 40 On
316 1158 166 29 cover:
517 1147 180 40 Pocket
729 1147 315 47 supplement.

147 1214 1998 52 © Apr. 22, 1933; 2c. each June 13; aff. June 14; A 63219; Amer. law
211 1276 238 40 institute.

211 1384 388 52 Restatement
625 1383 62 53 of
713 1383 96 52 the
834 1385 110 49 law
971 1383 63 51 of
1058 1387 301 64 contracts,
1387 1402 58 33 as
1473 1382 247 69 adopted
1750 1384 113 52 and
138 1383 1977 149 promulgated

329 1464 75 68 by
427 1464 95 52 the
543 1462 307 53 American
872 1466 110 49 law
1003 1462 277 53 institute.
1341 1462 353 69 Containing
1716 1463 203 52 Rhode
1941 1463 200 52 Island

139 1542 1976 148 annotations, prepared by Gurney Edwards … under the auspices
323 1620 1771 68 of the Rhode Island state bar association. Volume I, II
201 1699 1697 68 … St. Paul, American law institute publishers, 1933.
208 1775 26 39 2
267 1787 40 28 v.
371 1775 55 39 22½
459 1777 43 20 cm
508 1806 7 8 .

211 1833 71 40 On
311 1841 167 31 cover:
509 1832 178 39 Pocket
717 1832 316 47 supplement.

144 1898 51 52 ©
228 1903 112 47 Apr.
373 1902 69 47 22,
475 1902 113 39 1933;
651 1901 66 40 2c.
750 1902 119 39 each
902 1902 128 39 June
1061 1902 81 45 13;
1180 1901 81 40 aff.
1296 1901 126 39 June
1455 1901 82 47 14;
1572 1902 41 38 A
1647 1901 169 47 63218;
1854 1902 158 39 Amer.
2047 1902 96 38 law

210 1959 238 40 institute.

135 2070 317 54 American
479 2070 246 64 railway
751 2069 378 56 association.

206 2147 121 53 The
359 2147 307 52 American
701 2148 253 52 railroad
988 2147 60 52 in
1082 2148 360 67 laboratory;
1480 2166 30 34 a
1544 2148 153 52 brief
1732 2148 185 67 digest
1954 2149 62 52 of
136 2168 1976 108 research

367 2225 112 52 and
512 2224 530 67 experimentation,
1075 2226 314 51 conducted
1423 2226 74 65 by
1531 2225 281 54 railroads
138 2227 1971 142 individually
295 2303 113 51 and
447 2301 352 68 collectively

837 2301 252 69 through
1130 2303 96 51 the
1267 2303 307 53 American
1616 2304 239 66 railway
135 2305 1975 126 association
286 2381 61 51 in
376 2381 95 51 the
501 2380 234 52 interest
765 2379 62 54 of
857 2385 261 47 constant
1145 2381 416 66 improvement
1591 2381 61 53 of
1683 2382 150 52 their
1864 2383 272 52 facilities

140 2458 111 51 and
281 2457 228 67 service,
539 2458 139 52 with
709 2476 71 33 an
807 2457 392 53 introduction
1230 2459 112 51 and
1374 2477 71 33 an
1474 2459 296 53 historical
1801 2461 235 67 chapter
2065 2462 71 67 by

137 2533 255 53 Edward
426 2534 397 69 Hungerford.
891 2534 403 69 Washington,
1328 2537 71 51 D.
1435 2536 82 68 C.,
1552 2536 272 70 Chicago,
1858 2539 93 52 Ill.
2103 2572 28 34 [tetc.]

136 2613 305 52 American
473 2614 239 66 railway
745 2613 355 66 association,
1135 2617 150 49 1933.

208 2685 759 48 544 p. incl. front., illus. 22½ cm.
140 2753 51 52 ©
219 2758 119 46 Aug.
365 2756 71 47 25,
463 2756 140 46 1933;
634 2756 68 40 2:e.
731 2757 95 38 and
855 2754 81 41 aff.
965 2755 119 48 Aug.
1115 2756 82 47 25;
1228 2757 41 38 A
1298 2756 169 49 65037;
1499 2759 159 40 Amer.
1690 2760 205 49 railway
1924 2773 127 29 assn.

219 2814 279 49 (33-22327)

131 2913 329 67 Anderson,
489 2915 317 64 Benjamin
833 2913 354 68 McAlester,
1220 2920 171 49 1886-

203 2998 55 50 A
287 2995 249 67 planned
567 3012 268 49 economy
863 2996 113 51 and
1008 3013 31 33 a
1069 2996 251 65 planned
1350 2996 155 67 price
1533 2998 161 68 level,
1722 3000 76 67 by
1827 3001 304 68 Benjamin

133 3073 1997 75 M. Anderson, jr. … [New York, M. B. Brown printing and
131 3152 243 68 binding
400 3171 97 49 co.,
525 3158 18 22 c
548 3155 131 51 1933]

202 3226 283 47 cover-title,
516 3225 55 40 23
601 3236 43 37 p.
704 3225 56 41 23
763 3227 44 22 cm
812 3257 9 10 .

209 3283 292 48 “Reprinted
527 3282 127 40 from
681 3283 117 39 ‘The
822 3282 157 40 Chase
1003 3283 244 40 economic
1272 3283 219 41 bulletin’
1518 3286 91 39 vol.
1735 3318 9 17 XIII,
1770 3298 77 30 no.
1872 3290 39 46 3,
1940 3290 126 40 June
2092 3292 25 40 9

133 3340 157 42 1933.”

138 3408 51 52 ©
219 3413 124 39 June
370 3411 39 40 9.
438 3411 140 43 1933;
609 3412 65 39 2c.
705 3412 95 39 and
829 3411 82 40 aff.
941 3412 129 39 June
1095 3413 82 45 17;
1210 3413 40 38 A
1278 3413 171 47 64049;
1482 3414 156 41 Chase
1668 3419 116 37 natl.
1816 3419 129 38 bank
1974 3420 51 39 of
2054 3420 83 40 the

204 3469 98 47 city
329 3469 55 40 of
410 3469 116 39 New
554 3469 143 39 York.
770 3468 279 47 (33-22315)

128 3570 315 65 Atkinson,
473 3569 272 67 William,
777 3573 172 49 1866-

198 3649 400 52 Mathematics
624 3648 63 52 of
711 3650 95 51 the
833 3649 346 68 commodity
1207 3651 203 68 dollar,
1438 3653 74 67 by
1537 3654 260 54 William
1825 3658 303 56 Atkinson.

129 3727 307 67 Topsfield,
463 3728 190 60 Mass.,
684 3729 118 52 The
831 3727 242 54 Perkins
1102 3746 174 50 press,
1306 3737 17 21 c
1328 3735 149 50 1933.

200 3801 56 39 12
282 3810 44 37 p.
385 3801 56 39 24
444 3804 44 21 cm
493 3834 9 8 .

205 3858 1866 55 “An extension of the ideas presented in … [the author’s] New easrle” —
166 3948 9 9 p.
203 3914 40 42 2.

134 3981 51 52 ©
218 3987 119 47 Aug.
371 3986 67 47 16,
473 3985 113 40 1933;
647 3986 67 39 2c.
749 3986 95 38 and
878 3985 81 40 aff.
994 3986 119 47 Aug.
1150 3987 81 46 18;
1268 3988 40 39 A
1343 3988 169 48 63935;
1550 3991 72 41 W.
1657 3994 254 50 Atkinson,
201 3998 1914 91 Somerville,
357 4044 145 38 Mass.
574 4041 279 48 (33-22310)
