2484 4405
1044 4106 135 49 1193

122 450 314 54 American
467 451 111 53 law
609 450 295 58 institute.

193 530 387 52 Restatement
618 528 64 54 of
720 529 96 53 the
854 530 110 52 law
1005 529 62 54 of
1107 533 299 63 contracts,
1446 548 58 33 as
1546 528 248 68 adopted
1836 529 112 51 and

120 547 1972 129 promulgated
458 609 74 67 by
575 608 95 52 the
714 608 306 52 American
1065 610 109 51 law
1219 608 276 52 institute.
1573 606 351 69 Containing
120 608 1972 131 Connecticut

402 685 1715 69 annotations. Prepared by Arthur L. Corbin … and
122 762 1995 71 Philip R. Shiff … under the auspices of the Connecticut state
119 843 1973 150 bar association. Volume i, n … St. Paul, American law institute publishers, 1933.
188 999 28 39 2
244 1011 42 28 v.
345 999 54 39 22½cm.

191 1070 73 40 On
290 1078 166 31 cover:
486 1070 179 39 Pocket
693 1070 316 47 supplement.

125 1136 1995 52 © Apr. 22, 1933; 2c. each June 13; aff. June 14; A 63215; Amer. law
190 1197 237 41 institute.

189 1300 388 53 Restatement
616 1301 63 51 of
717 1301 95 51 the
850 1301 110 51 law
1001 1301 63 52 of
1105 1306 300 61 contracts,
1446 1319 58 34 as
1546 1301 247 68 adopted
1835 1301 111 52 and

117 1319 1974 130 promulgated
456 1380 73 69 by
576 1380 95 52 the
715 1379 305 53 American
1067 1381 110 50 law
1224 1379 276 53 institute.
1579 1379 352 70 Containing
1978 1380 138 52 New

119 1458 1997 69 York annotations, prepared by Horace E. Whiteside … under
118 1539 97 52 the
245 1538 252 68 auspices
529 1538 63 53 of
623 1538 95 53 the
751 1539 230 54 Cornell
1013 1539 110 51 law
1156 1538 240 66 faculty,
1429 1538 139 52 with
1599 1539 96 52 the
1726 1538 390 68 co-operation

118 1616 1995 68 of the New York state bar association. Volume I, II … St.
116 1698 165 67 Paul,
307 1695 307 54 American
639 1698 111 51 law
777 1696 261 53 institute
1065 1696 340 68 publishers,
1436 1699 151 50 1933.

187 1774 29 38 2
243 1784 42 28 v.
346 1772 54 38 22½cm.

189 1829 72 40 On
291 1839 166 30 cover:
493 1828 178 40 Pocket
703 1828 316 47 supplement.

123 1896 54 51 ©
209 1901 113 46 Apr.
354 1900 70 46 22,
457 1900 113 39 1933;
633 1899 66 39 2c.
735 1899 118 40 each
886 1898 126 40 June
1046 1898 82 46 13;
1166 1898 69 39 aff
1269 1899 125 38 June
1429 1899 81 45 14;
1547 1898 41 39 A
1622 1899 169 45 63217;
1829 1898 159 41 Amer.
2023 1900 95 38 law

192 1956 238 41 institute.

115 2057 259 68 Asbury,
406 2060 276 65 Herbert,
716 2061 171 51 1891-

189 2137 120 52 The
343 2135 264 70 Barbary
643 2141 180 62 coast;
864 2154 72 34 an
973 2135 277 53 informal
1288 2135 221 69 history
1545 2135 64 54 of
1646 2136 95 53 the
1780 2135 117 56 San
117 2137 1973 131 Francisco

308 2215 382 67 underworld,
740 2213 74 69 by
862 2213 251 53 Herbert
1163 2213 248 70 Asbury.
1497 2214 140 52 New
1688 2214 180 70 York,
1918 2215 69 53 A.
2042 2216 72 54 A.

117 2291 224 69 Knopf,
369 2294 149 51 1933.

187 2364 1414 52 7 p. l., [3]-319, xi, [1] p. front., plates, port. 22½ cm .
189 2423 161 41 “First
392 2423 94 40 and
529 2424 172 38 second
744 2421 242 49 printings
1029 2421 165 41 before
1237 2420 313 49 publication.
1621 2422 264 42 Published
1928 2423 189 48 August

115 2478 42 49 4,
184 2478 157 42 1933.”

186 2535 373 49 Bibliography:
591 2545 44 38 p.
670 2533 247 52 [315]-319.

122 2605 51 52 ©
206 2610 120 47 Aug.
357 2610 40 46 4,
430 2608 140 46 1933;
605 2608 64 40 2c.
704 2608 119 47 Aug.
856 2608 82 45 30;
975 2606 81 41 aff.
1091 2608 119 47 Aug.
1246 2607 80 47 10;
1363 2608 40 38 A
1436 2608 169 47 64866;
1642 2609 172 40 Alfred
1847 2610 54 39 A.
1937 2608 180 49 Knopf,

188 2666 90 40 inc.
349 2665 279 48 (33-22456)

114 2770 217 65 Brady,
358 2769 154 55 John
541 2769 217 63 Edson,
786 2769 84 52 ed.

190 2848 271 67 Banking
495 2853 89 47 act
618 2847 64 52 of
718 2852 131 48 1933
885 2848 113 52 and
1033 2847 96 52 the
1163 2848 355 67 Emergency
1551 2847 154 53 bank
1739 2854 89 48 act
1863 2847 63 54 of
1964 2854 150 63 1933,

119 2927 185 52 edited
338 2927 74 67 by
444 2927 156 54 John
637 2927 190 52 Edson
865 2926 207 67 Brady.
1152 2925 363 68 Cambridge,
1545 2926 190 68 Mass.,
1768 2927 121 52 The
118 2928 1974 145 Banking
246 3006 108 51 law
381 3004 245 67 journal,
655 3008 150 51 1933.

189 3077 613 49 1 p. l., 5-116 p. 23½c m .
121 3146 51 53 ©
197 3151 119 47 Aug.
343 3150 68 48 11,
438 3149 139 48 1933;
605 3150 68 41 2c.
699 3150 94 40 and
821 3148 80 42 aff.
928 3149 119 48 Aug.
1075 3149 82 47 17;
1186 3148 43 40 A
1254 3148 170 48 64752;
1454 3149 43 41 J.
1526 3149 52 41 E.
1606 3149 179 49 Brady,
1813 3150 302 48 Cambridge,

188 3209 146 39 Mass.
406 3207 278 49 (33-22583)

186 3312 186 52 Home
401 3311 232 52 owners’
662 3311 130 52 loan
823 3316 90 46 act
940 3309 63 52 of
1034 3313 134 49 1933
1199 3310 112 52 and
1341 3310 242 52 Federal
1611 3310 166 52 home
1803 3311 131 52 loan
1962 3311 154 54 bank

117 3396 89 46 act
234 3389 64 53 of
329 3393 149 60 1932,
508 3388 187 54 edited
724 3389 75 67 by
828 3388 156 55 John
1015 3388 197 52 Edson
1242 3388 213 67 Brady.
1533 3388 363 69 Cambridge,
1925 3390 190 69 Mass.,

115 3467 121 52 The
265 3467 271 68 Banking
565 3469 110 51 law
702 3466 246 68 journal,
982 3469 151 51 1933.

186 3541 57 40 96
269 3550 42 37 p.
371 3541 56 39 23
430 3543 44 21 cm
479 3573 8 8 .

121 3607 52 52 ©
203 3613 115 46 July
345 3612 39 47 6,
412 3611 140 47 1933;
583 3612 66 39 2c.
679 3612 94 39 and
803 3610 82 41 aff.
913 3610 119 47 Aug.
1063 3611 82 45 17;
1177 3609 43 39 A
1246 3609 170 47 64753;
1449 3610 42 40 J.
1523 3611 51 38 E.
1606 3610 179 49 Brady,
1815 3611 302 50 Cambridge.

189 3670 145 39 Mass.
405 3667 278 50 (33-22308)

114 3759 304 65 Brussaly,
447 3759 254 55 Manuel.

187 3832 1868 75 The political ideas of Stendhal, by Manuel Brussaly …
115 3913 539 65 New York [ c 1933]
188 3984 1930 53 1 p. l., v-xiii, 233 p. 21cm. (Publications of the Institute of French
114 4045 200 48 studies,
342 4045 116 47 inc.)
