2484 4405
1064 4059 98 48 849

113 402 334 65 Littlefield,
475 403 206 61 Henry
708 400 239 54 Wilson.

245 470 1863 74 … An outline of the history of Europe, 1815 to 1933 (with
113 552 1997 75 maps) by Henry Wilson Littlefield … New York, Barnes &
114 637 197 66 Noble,
339 637 106 52 inc.
481 670 11 33 [
498 643 17 20 c
522 640 149 62 1933]

184 700 1757 57 4 p. l., 187, xvi p. illus. (maps) 21 cm . (College outline series)
182 766 72 41 On
281 775 140 30 cover:
477 764 220 40 Revised.

185 821 346 48 Bibliography:
589 830 43 39 p.
662 818 199 41 vii-viii.

121 876 50 50 ©
209 881 113 44 May
355 878 68 46 29,
459 878 112 39 1933;
635 877 65 39 2c.
739 876 95 39 and
869 875 82 42 aff.
1022 885 94 29 June
1150 875 25 39 3;
1242 875 40 38 A
1317 873 142 40 62863;
1526 874 187 37 Barnes
1751 871 36 40 &
1821 871 164 46 Noble,
2022 870 88 38 inc.

192 932 71 53 [©
292 935 251 46 rewriting
571 935 95 38 and
697 933 188 39 revised
916 942 149 38 maps]
1140 931 279 46 (33-14954)

114 1037 367 65 Livingston,
512 1039 148 62 Guy,
692 1042 170 49 1881-

184 1117 123 51 Hot
334 1116 85 52 air
445 1116 59 51 in
531 1116 124 52 cold
685 1115 186 54 blood,
897 1115 74 66 by
1000 1113 581 68 Brigadier-General
1611 1112 132 67 Guy
1768 1110 345 69 Livingston

175 1189 1936 71 … with 20 illustrations. [London] Selwyn & Blount ltd.,
117 1276 149 49 1933.

189 1348 94 45 xvi,
313 1347 173 39 17-288
512 1357 42 36 p.
611 1346 162 47 front.,
802 1347 170 46 plates,
1003 1346 163 46 ports.,
1195 1344 213 40 facsims.
1467 1344 55 39 23½
1556 1346 15 20 cm
1604 1375 7 7 .

123 1401 51 52 ©
201 1405 65 40 1c.
293 1405 113 46 May
430 1403 69 47 29,
527 1403 139 43 1933;
695 1403 39 38 A
759 1404 61 38 ad
846 1402 85 39 int.
960 1402 142 38 17842;
1159 1403 141 46 pubd.
1327 1402 114 47 Apr.
1467 1401 53 46 3;
1551 1401 53 38 G.
1633 1399 298 48 Livingston,
1959 1399 155 39 Paris.

201 1462 279 47 (33-16234)

115 1564 182 63 Lloyd
327 1565 244 63 George,
600 1563 208 56 David.

184 1642 110 51 Mr.
329 1641 185 52 Lloyd
549 1641 265 67 George’s
850 1660 115 32 war
999 1640 278 52 memoirs.
1360 1640 388 67 [Instalments
1783 1639 118 66 7-9]

198 1718 82 46 (In
308 1712 200 43 London
537 1711 146 52 Daily
714 1711 276 52 telegraph,
1022 1712 117 50 May
1171 1712 165 48 24-26,
1369 1711 142 49 1933)

123 1769 1992 51 © 1c. each July 21, 1933; A ad int. 18026; pubd. May 24, 25, 26; D.
191 1830 147 46 Lloyd
379 1829 194 47 George,
612 1829 166 45 Churt,
820 1828 191 47 Surrey,
1051 1829 234 45 England.

117 1934 406 63 Lloyd-Jones,
556 1933 261 54 Charles.

187 2010 292 69 Laughter
503 2010 58 52 in
586 2010 230 68 heaven,
842 2010 70 67 by
939 2010 58 55 C.
1028 2011 404 67 Lloyd-Jones.
1506 2010 258 68 London,
1787 2012 90 53 W.
117 2009 1972 149 Heinemann,
333 2090 101 53 ltd.
471 2093 171 63 [1933]

189 2162 26 37 4
248 2172 41 36 p.
323 2162 29 38 l.,
400 2160 144 40 3-310
577 2171 41 37 p.
681 2159 53 40 19
739 2163 15 20 cm
789 2192 6 7 .

125 2218 1992 51 © 1c. June 9, 1933; A ad int. 17878; pubd. Apr. 13; C. Lloyd-Jones,
192 2279 310 46 Ivingsdown,
538 2278 287 46 Sevenoaks,
857 2278 235 47 England.
1165 2278 279 49 (33-16247)

118 2382 154 63 Löw,
305 2381 218 54 Simon.

189 2461 118 51 Das
337 2465 238 47 stottern
607 2461 117 51 und
755 2460 194 52 dessen
979 2459 358 68 beseitigung
1366 2461 143 50 nach
1541 2460 261 52 méthode
1832 2461 84 51 dr.
1948 2461 164 66 Löw;

120 2555 195 49 wesen,
348 2538 356 67 entstehung,
737 2538 167 52 sowie
936 2536 357 70 beseitigung
1327 2555 107 35 von
1469 2542 240 49 stottern
1743 2538 116 52 und
120 2539 1970 144 sprechangst

318 2617 143 52 nach
497 2616 223 68 eigener
753 2618 276 51 methode.
1106 2617 476 67 Herausgegeben
1617 2635 110 33 von
1764 2618 83 51 dr.
1887 2617 55 55 S.
1979 2618 136 51 Löw

182 2694 442 66 … Wien, 1932.
192 2766 583 50 95, [1] p. diagrs. 22½ cm.
128 2820 1557 51 © Oct. 31, 1932; 1c. Dec. 28; A- Foreign 19002; S. Löw.
202 2881 277 47 (33-14561)

120 2985 334 54 Louisiana.
529 2988 165 51 Laws
701 3028 11 24 ,
739 2993 238 47 statutes
983 3030 11 24 ,
1023 2994 100 47 etc.

252 3063 1865 55 … General statutes of the state of Louisiana, v. 1-3. Edited
123 3142 1704 71 and annotated by Benjamin Wall Dart … assisted by
1854 3145 95 52 the
120 3145 1972 129 publishers’
379 3222 264 53 editorial
684 3220 150 55 staff.
915 3227 152 63 [1933
1110 3224 343 52 cumulative
1494 3225 210 51 annual
1745 3225 204 67 pocket

121 3243 1970 123 supplement.
461 3301 414 67 Indianapolis]
914 3303 120 52 The
1070 3303 441 52 Bobbs-Merrill
1545 3321 296 49 company,
1874 3310 17 20 c
1897 3307 148 48 1933.

192 3375 24 38 3
247 3386 40 26 v.
345 3374 55 39 25½cm.

195 3431 154 38 These
379 3432 272 46 pamphlets
682 3443 83 28 are
797 3435 47 38 to
876 3433 55 39 be
963 3433 137 39 fitted
1133 3432 103 40 into
1267 3434 82 38 the
1380 3433 195 47 pockets
1608 3435 52 38 at
1692 3435 80 38 the
1804 3434 121 39 hack
1955 3434 52 39 of
2038 3436 82 38 the

125 3488 215 38 volumes
367 3487 51 40 of
446 3489 81 38 the
555 3492 72 36 set
656 3492 46 36 to
731 3489 157 39 which
917 3491 115 46 they
1061 3490 183 43 belong.

129 3539 1991 104 © May 24, 1933; 1c. each June 16; 1c. each and affs. July 1; A 64211-64213; Bobbs-Merrill co.
121 3704 363 65 Lugné-Poe,
514 3705 277 55 Aurélien
821 3707 300 66 Francois,
1152 3713 168 50 1869-

252 3782 1853 73 … Sous les étoiles; souvenirs de théâtre (1902-1912) [Paris]
120 3859 321 54 Gallimard
481 3866 170 62 [1933]

189 3929 1120 52 297 p., 2 l. 19 cm . (His La parade, III)
191 3986 63 39 At
284 3987 123 39 head
437 3987 51 40 of
520 3987 133 40 title:
688 3988 292 48 Lugné-Poe.
