2582 4453
1319 4132 103 52 616

384 511 53 41 of
469 510 161 41 which
665 511 86 40 she
783 510 43 40 is
860 510 107 40 said
1004 512 48 38 to
1088 512 124 39 have
1247 511 116 39 been
1400 511 83 40 the
1515 512 192 46 author,
1744 512 86 39 but
1865 511 157 41 which
2059 523 125 30 were
2221 513 182 49 forged,

384 569 234 49 probably
654 569 60 47 by
750 568 295 48 Lethington
1080 568 50 43 in
1195 568 111 47 1567;
1345 569 114 46 they
1495 579 126 29 were
1655 569 255 48 published
1946 570 59 47 by
2047 570 274 40 Simmonds
2357 572 45 39 in

412 626 85 41 1724
528 628 96 39 and
657 626 311 49 republished
1000 627 60 48 by
1091 627 148 47 Hugh
1271 626 250 48 Campbell
1551 626 49 41 in
1633 626 127 48 1824,
1793 627 94 40 and
1921 637 84 30 are
2037 628 114 39 here
2183 628 140 48 given
2357 629 46 40 in

383 684 129 41 their
532 685 228 47 entirety,
822 685 62 48 cf.
919 685 185 41 Introd.

384 738 52 53 ©
505 754 36 29 1c.
579 743 115 49 Apr.
730 744 71 46 27,
840 743 141 46 1933;
1021 744 40 39 A
1099 744 63 39 ad
1199 743 87 40 int.
1325 742 172 47 17729;
1537 743 144 48 pubd.
1721 744 123 39 Mar.
1883 744 53 47 2;
1979 743 185 49 George
2201 744 205 46 Turner,

453 802 151 46 Hove,
639 801 195 47 Sussex,
867 802 239 47 England.
1178 800 283 49 (33-12021)

377 903 166 55 Utah
583 905 113 52 and
733 903 213 56 Pacific
984 904 206 69 digest,
1226 904 271 70 covering
1534 906 78 51 all
1649 924 152 36 cases
1840 907 267 68 reported
2143 907 63 52 in
2242 908 160 54 Utah

448 989 243 64 reports,
761 987 307 64 1850-1931;
1106 982 213 55 Pacific
1354 989 277 64 reporter,
1662 985 254 54 volumes
1983 988 158 66 1-300,
2175 987 114 52 and
2325 988 77 52 all

449 1062 1648 71 of the Pacific states reports from the earliest times …
447 1066 1930 146 Compiled
636 1144 114 52 and
780 1143 191 54 edited
1001 1144 74 68 by
1103 1144 97 53 the
1230 1143 342 68 publisher’s
1602 1144 268 53 editorial
1900 1142 152 56 staff,
2171 1190 10 9 v.
2211 1150 187 49 38-40.

449 1223 83 56 St.
560 1224 167 68 Paul,
752 1225 162 54 West
937 1222 341 71 publishing
1303 1241 99 52 co.,
1465 1227 117 52 1933.

450 1301 26 40 3
509 1311 42 29 v.
612 1299 116 40 26cm.

733 1367 107 29 CONTENTS.—v.
877 1355 72 41 38.
985 1357 564 40 Venue-Wharves.—v.
1587 1355 73 43 39.
1697 1357 327 41 Wills-Work
2059 1359 97 39 and
379 1357 2025 99 labor.—v.
453 1413 72 42 40.

554 1415 152 40 Table
734 1415 51 40 of
811 1423 138 31 cases
978 1413 235 48 digested.

381 1469 53 53 ©
464 1473 115 48 Apr.
610 1473 70 47 27,
712 1472 114 40 1933;
887 1472 68 40 2c.
986 1472 121 40 each
1137 1472 96 39 and
1265 1470 108 41 affs.
1406 1473 115 46 May
1551 1473 82 46 11;
1667 1472 41 39 A
1739 1473 350 46 61752-61754;
2125 1475 140 39 West
2293 1474 109 49 pub.

450 1541 67 30 co.

375 1635 338 65 Valentino,
743 1635 208 55 Henri.

509 1712 1890 70 … Le voyage d’un pèlerin chinois dans l'I nde des Bouddhas,
375 1794 205 68 précédé
647 1793 137 53 d’un
817 1810 174 50 exposé
1056 1794 96 52 des
1188 1792 286 54 doctrines
1507 1794 70 52 de
1609 1793 189 55 l’Inde
1829 1793 234 69 antique
2093 1814 97 34 sur
2221 1795 56 52 la
2310 1795 90 53 vie

375 1871 1251 69 et la mort. Paris, G. P. Maisonneuve [1932]
446 1948 26 40 3
501 1958 43 37 p.
593 1978 22 16 l.,
661 1946 163 41 [9]-243
851 1957 58 38 p.,
938 1947 26 39 3
1013 1979 8 8 l.
1082 1946 118 40 fold.
1229 1956 124 38 map.
1445 1945 87 43 19cm.

444 2005 203 40 Printed
679 2005 51 40 in
759 2004 239 48 Belgium.

446 2061 426 50 “Bibliographie”
891 2072 10 31 :
936 2073 43 38 p.
1015 2060 115 52 [245]

378 2118 52 53 ©
461 2124 113 39 Dec.
633 2123 41 47 12,
705 2122 141 43 1932;
909 2132 36 29 1c.
978 2120 111 42 Feb.
1120 2121 69 47 10,
1221 2121 141 46 1933;
1396 2120 313 49 A-Foreign
1741 2120 171 48 19681;
1948 2120 218 42 Gustave
2197 2122 51 39 P.

448 2120 1934 101 Maisonneuve.
779 2178 284 50 (33-11125)

372 2283 241 66 Warby,
645 2283 302 65 Marjorie.

444 2363 137 52 Ann
616 2363 113 52 and
764 2363 97 52 the
895 2364 272 66 Burtons,
1204 2362 74 69 by
1311 2361 282 69 Marjorie
1623 2361 237 70 Warby.
1937 2362 259 69 London,
2233 2361 162 55 Mills

372 2445 45 50 &
449 2445 182 63 Boon,
663 2440 224 55 limited
927 2446 173 64 [1933]

445 2515 87 41 254
565 2526 44 38 p.
699 2515 87 41 19cm.

376 2569 53 53 ©
496 2585 37 30 1c.
570 2575 115 47 May
722 2574 39 47 6,
800 2573 142 47 1933;
982 2574 41 39 A
1061 2574 62 40 ad
1160 2573 88 41 int.
1287 2573 172 46 17771;
1500 2573 143 48 pubd.
1684 2574 123 39 Mar.
1845 2573 83 47 10;
1970 2572 238 48 Marjorie
2246 2573 149 49 Lang,

448 2630 296 49 Upminster,
785 2632 168 46 Essex,
995 2632 236 48 England.
1305 2630 283 49 (33-12426)

369 2736 310 65 Wegener,
708 2735 157 66 Else,
893 2736 86 55 ed.

440 2813 214 54 Alfred
697 2814 309 67 Wegeners
1051 2815 170 52 letzte
1264 2812 472 57 Grönlandfahrt
1752 2833 12 45 ;
1811 2812 93 55 die
1946 2812 304 55 erlebnisse
2293 2812 100 53 der

369 2894 309 54 deutschen
720 2892 641 70 Grönlandexpedition
1436 2896 276 64 1930/1931
1753 2891 348 71 geschildert

2139 2912 113 34 von
367 2893 2001 133 seinen
511 2972 454 70 reisegefährten
998 2974 118 52 und
1149 2973 146 53 nach
1327 2973 388 69 tagebüchern
1748 2974 95 53 des
1877 2972 314 69 forschers;
2226 2978 168 48 unter

367 3051 381 70 mitwirkung
798 3069 114 35 von
962 3053 85 52 dr.
1099 3051 163 53 Fritz
1314 3052 219 68 Loewe,
1583 3051 461 70 herausgegeben
2094 3069 113 36 von
2258 3053 135 53 Else

367 3131 309 69 Wegener;
717 3130 107 54 mit
862 3135 30 48 3
934 3131 396 68 rundbildern,
1371 3132 100 51 122
1510 3130 391 70 abbildungen
1939 3130 60 53 in
2036 3130 196 55 kunst-
2271 3131 119 53 und

367 3208 1861 70 kupfertiefdruck, 11 karten, grundrissen und ü bersichten;
369 3228 1999 114 vorwort
544 3307 112 35 von
687 3288 293 70 professor
1010 3289 84 53 dr.
1126 3289 157 53 Kurt
1311 3290 298 67 Wegener.
1685 3287 259 71 Leipzig,

1974 3290 67 52 F.
2071 3289 72 53 A.
366 3288 2001 147 Brockhaus,
594 3371 117 50 1932.

438 3442 100 48 303,
573 3461 55 31 [1]
662 3454 41 37 p.
762 3442 166 49 front.,
959 3442 130 40 illus.
1111 3442 135 48 (inch
1266 3451 152 38 maps,
1436 3440 141 50 plan)
1605 3441 158 49 plates
1784 3440 14 49 (1
1853 3440 144 48 fold.)
2025 3442 164 48 ports.,
2207 3441 180 50 diagrs.

366 3501 149 40 23 ½ cm.
371 3553 52 53 ©
453 3560 115 46 May
595 3558 69 47 26,
694 3558 141 48 1932;
896 3570 37 29 1c.
964 3559 108 40 Feb.
1103 3558 69 48 23,
1202 3558 140 47 1933;
1374 3557 312 49 A-Foreign
1716 3557 172 49 19899;
1922 3559 51 41 F.
2001 3558 55 42 A.
2087 3558 301 42 Brockhaus.

450 3616 283 48 (33-11172)

365 3717 230 68 Weller,
631 3720 228 66 George
893 3719 309 67 Anthony.

439 3796 117 55 Not
587 3802 58 47 to
677 3802 107 63 eat,
818 3803 98 46 not
949 3797 93 53 for
1072 3800 126 51 love
1252 3798 92 68 [by]
1385 3796 221 70 George
1638 3797 277 70 Anthony
1947 3798 226 55 Weller.
2247 3798 135 55 New

370 3873 180 63 York,
579 3875 75 51 H.
689 3874 187 54 Smith
912 3876 112 52 and
1054 3876 66 50 R.
1153 3876 178 67 Haas,
1399 3878 118 51 1933.

438 3956 43 38 v,
517 3965 56 31 [1]
606 3957 58 37 p.,
693 3946 26 40 1
771 3978 23 17 l.,
825 3946 85 41 421
941 3958 42 38 p.
1045 3947 117 41 21cm.

373 4002 53 53 ©
458 4006 114 49 Apr.
604 4007 70 46 20,
708 4007 141 47 1933;
884 4008 68 40 2c.
986 4009 95 39 and
1115 4007 81 42 aff.
1232 4008 114 48 Apr.
1379 4008 82 46 26;
1499 4007 36 40 A
1572 4008 143 41 62327;
1782 4008 52 40 G.
1869 4008 54 41 A.
1958 4008 192 48 Weller,
2185 4007 200 45 Athens,

438 4063 192 42 Greece.
702 4064 283 51 (33-11078)
